  <div class='ocr_page' id='page_1' title='image "/cluster/home/n/w/nwhite01/storage/ocr_20150623/23/nnc1.0046978313/198.png"; bbox 0 0 4138 6386; ppageno 0'>
   <div class='ocr_carea' id='block_1_1' title="bbox 433 334 542 391">
    <p class='ocr_par' dir='ltr' id='par_1_1' title="bbox 433 334 542 391">
     <span class='ocr_line' id='line_1_1' title="bbox 433 334 542 391; baseline 0 0"><span class='ocrx_word' id='word_1_1' title='bbox 433 334 542 391; x_wconf 69' lang='grc'><strong>345</strong></span> 
     </span>
    </p>
   </div>
   <div class='ocr_carea' id='block_1_2' title="bbox 1574 335 2570 394">
    <p class='ocr_par' dir='ltr' id='par_1_2' title="bbox 1574 335 2570 394">
     <span class='ocr_line' id='line_1_2' title="bbox 1574 335 2570 394; baseline -0.001 0"><span class='ocrx_word' id='word_1_2' title='bbox 1574 335 2078 394; x_wconf 78' lang='lat' dir='ltr'><strong>COMMENTARIA</strong></span> <span class='ocrx_word' id='word_1_3' title='bbox 2120 336 2190 392; x_wconf 85' lang='lat' dir='ltr'><strong>lN</strong></span> <span class='ocrx_word' id='word_1_4' title='bbox 2229 336 2570 393; x_wconf 80' lang='lat' dir='ltr'><strong>PSALMOS.</strong></span> 
     </span>
    </p>
   </div>
   <div class='ocr_carea' id='block_1_3' title="bbox 3606 336 3713 395">
    <p class='ocr_par' dir='ltr' id='par_1_3' title="bbox 3606 336 3713 395">
     <span class='ocr_line' id='line_1_3' title="bbox 3606 336 3713 395; baseline 0 -1"><span class='ocrx_word' id='word_1_5' title='bbox 3606 336 3713 395; x_wconf 73' lang='lat'><strong>316</strong></span> 
     </span>
    </p>
   </div>
   <div class='ocr_carea' id='block_1_4' title="bbox 431 453 2026 529">
    <p class='ocr_par' dir='ltr' id='par_1_4' title="bbox 431 453 2021 529">
     <span class='ocr_line' id='line_1_4' title="bbox 431 453 2021 529; baseline 0.002 -23"><span class='ocrx_word' id='word_1_6' title='bbox 431 453 851 527; x_wconf 66' lang='grc' dir='ltr'>τῶνόρᾶιλμῶν</span> <span class='ocrx_word' id='word_1_7' title='bbox 905 474 1005 528; x_wconf 87' lang='grc' dir='ltr'><strong>μου</strong></span> <span class='ocrx_word' id='word_1_8' title='bbox 1033 456 1397 529; x_wconf 78' lang='grc' dir='ltr'>ἁναχωρῆσάν</span> <span class='ocrx_word' id='word_1_9' title='bbox 1432 474 1557 528; x_wconf 89' lang='grc' dir='ltr'>μου,</span> <span class='ocrx_word' id='word_1_10' title='bbox 1579 456 1706 520; x_wconf 86' lang='grc' dir='ltr'>τούς</span> <span class='ocrx_word' id='word_1_11' title='bbox 1743 474 1802 510; x_wconf 89' lang='grc' dir='ltr'><strong>τε</strong></span> <span class='ocrx_word' id='word_1_12' title='bbox 1836 458 2021 526; x_wconf 82' lang='grc' dir='ltr'>φίλους</span> 
     </span>
    </p>
   </div>
   <div class='ocr_carea' id='block_1_5' title="bbox 2129 453 3714 529">
    <p class='ocr_par' dir='ltr' id='par_1_5' title="bbox 2129 454 3714 521">
     <span class='ocr_line' id='line_1_5' title="bbox 2129 454 3714 521; baseline 0.001 -11"><span class='ocrx_word' id='word_1_13' title='bbox 2129 457 2306 521; x_wconf 88' lang='lat' dir='ltr'><strong>levoli,</strong></span> <span class='ocrx_word' id='word_1_14' title='bbox 2345 457 2505 510; x_wconf 87' lang='lat' dir='ltr'><strong>locuti</strong></span> <span class='ocrx_word' id='word_1_15' title='bbox 2536 464 2658 510; x_wconf 86' lang='lat' dir='ltr'><strong>sunt</strong></span> <span class='ocrx_word' id='word_1_16' title='bbox 2689 454 2823 510; x_wconf 87' lang='lat' dir='ltr'><strong>mihi</strong></span> <span class='ocrx_word' id='word_1_17' title='bbox 2855 455 3137 519; x_wconf 77' lang='lat' dir='ltr'><strong>vanitates,</strong></span> <span class='ocrx_word' id='word_1_18' title='bbox 3168 455 3341 510; x_wconf 85' lang='lat' dir='ltr'><strong>malas</strong></span> <span class='ocrx_word' id='word_1_19' title='bbox 3391 455 3526 510; x_wconf 91' lang='lat' dir='ltr'><strong>mihi</strong></span> <span class='ocrx_word' id='word_1_20' title='bbox 3564 456 3714 511; x_wconf 85' lang='lat' dir='ltr'><strong>intus</strong></span> 
     </span>
    </p>
   </div>
   <div class='ocr_carea' id='block_1_6' title="bbox 435 546 2021 619">
    <p class='ocr_par' dir='ltr' id='par_1_6' title="bbox 435 546 2021 619">
     <span class='ocr_line' id='line_1_6' title="bbox 435 546 2021 619; baseline 0 -21"><span class='ocrx_word' id='word_1_21' title='bbox 435 546 528 599; x_wconf 77' lang='grc' dir='ltr'><strong>καὶ</strong></span> <span class='ocrx_word' id='word_1_22' title='bbox 570 547 697 609; x_wconf 75' lang='grc' dir='ltr'>τοὺς</span> <span class='ocrx_word' id='word_1_23' title='bbox 734 547 961 617; x_wconf 76' lang='grc' dir='ltr'><strong>πλησίον</strong></span> <span class='ocrx_word' id='word_1_24' title='bbox 1011 548 1230 619; x_wconf 76' lang='grc' dir='ltr'>μακρὰν</span> <span class='ocrx_word' id='word_1_25' title='bbox 1277 548 1636 619; x_wconf 84' lang='grc' dir='ltr'>γενομένους,</span> <span class='ocrx_word' id='word_1_26' title='bbox 1679 546 2021 618; x_wconf 82' lang='grc' dir='ltr'>παραχρῆμα</span> 
     </span>
    </p>
   </div>
   <div class='ocr_carea' id='block_1_7' title="bbox 431 639 2023 712">
    <p class='ocr_par' dir='ltr' id='par_1_7' title="bbox 431 639 2023 712">
     <span class='ocr_line' id='line_1_7' title="bbox 431 639 2023 712; baseline 0 -21"><span class='ocrx_word' id='word_1_27' title='bbox 431 639 869 711; x_wconf 75' lang='grc' dir='ltr'><strong>ἐπιπηδήσαντες</strong></span> <span class='ocrx_word' id='word_1_28' title='bbox 894 639 1237 704; x_wconf 76' lang='grc' dir='ltr'>ὲξεϐιάζοντο</span> <span class='ocrx_word' id='word_1_29' title='bbox 1263 642 1364 712; x_wconf 79' lang='grc' dir='ltr'><strong>τὴν</strong></span> <span class='ocrx_word' id='word_1_30' title='bbox 1397 641 1576 712; x_wconf 77' lang='grc' dir='ltr'>ψυχήν</span> <span class='ocrx_word' id='word_1_31' title='bbox 1615 657 1716 710; x_wconf 89' lang='grc' dir='ltr'><strong>μου</strong></span> <span class='ocrx_word' id='word_1_32' title='bbox 1748 656 1764 671; x_wconf 89' lang='grc'><strong>·</strong></span> <span class='ocrx_word' id='word_1_33' title='bbox 1814 640 1909 692; x_wconf 76' lang='grc' dir='ltr'><strong>καὶ</strong></span> <span class='ocrx_word' id='word_1_34' title='bbox 1948 639 2023 701; x_wconf 85' lang='grc' dir='ltr'>ὡς</span> 
     </span>
    </p>
   </div>
   <div class='ocr_carea' id='block_1_8' title="bbox 430 730 2026 804">
    <p class='ocr_par' dir='ltr' id='par_1_8' title="bbox 430 730 2026 804">
     <span class='ocr_line' id='line_1_8' title="bbox 430 730 2026 804; baseline -0.001 -21"><span class='ocrx_word' id='word_1_35' title='bbox 430 730 497 784; x_wconf 82' lang='grc' dir='ltr'><strong>ἂν</strong></span> <span class='ocrx_word' id='word_1_36' title='bbox 528 732 837 787; x_wconf 73' lang='grc' dir='ltr'>ἐθελόκακω</span> <span class='ocrx_word' id='word_1_37' title='bbox 880 733 1199 803; x_wconf 70' lang='grc' dir='ltr'>ἐλάλησαν</span> <span class='ocrx_word' id='word_1_38' title='bbox 1240 752 1343 804; x_wconf 88' lang='grc' dir='ltr'><strong>μοι</strong></span> <span class='ocrx_word' id='word_1_39' title='bbox 1395 734 1822 804; x_wconf 85' lang='grc' dir='ltr'>ματαιότητας,</span> <span class='ocrx_word' id='word_1_40' title='bbox 1878 731 2026 783; x_wconf 75' lang='grc' dir='ltr'>ἔνδον</span> 
     </span>
    </p>
   </div>
   <div class='ocr_carea' id='block_1_9' title="bbox 2127 547 3716 620">
    <p class='ocr_par' dir='ltr' id='par_1_9' title="bbox 2127 547 3716 620">
     <span class='ocr_line' id='line_1_9' title="bbox 2127 547 3716 620; baseline -0.001 -16"><span class='ocrx_word' id='word_1_41' title='bbox 2127 549 2487 620; x_wconf 72' lang='lat' dir='ltr'><strong>cogitationes</strong></span> <span class='ocrx_word' id='word_1_42' title='bbox 2522 556 2913 619; x_wconf 78' lang='lat' dir='ltr'><strong>suggerentes;</strong></span> <span class='ocrx_word' id='word_1_43' title='bbox 2944 548 3054 601; x_wconf 89' lang='lat' dir='ltr'><strong>imo</strong></span> <span class='ocrx_word' id='word_1_44' title='bbox 3081 547 3249 603; x_wconf 86' lang='lat' dir='ltr'><strong>etiam</strong></span> <span class='ocrx_word' id='word_1_45' title='bbox 3278 547 3467 603; x_wconf 80' lang='lat' dir='ltr'><strong>dolose.</strong></span> <span class='ocrx_word' id='word_1_46' title='bbox 3502 548 3716 603; x_wconf 88' lang='lat' dir='ltr'><strong>demul-</strong></span> 
     </span>
    </p>
   </div>
   <div class='ocr_carea' id='block_1_10' title="bbox 2130 638 3717 710">
    <p class='ocr_par' dir='ltr' id='par_1_10' title="bbox 2130 638 3717 710">
     <span class='ocr_line' id='line_1_10' title="bbox 2130 638 3717 710; baseline 0 -15"><span class='ocrx_word' id='word_1_47' title='bbox 2130 650 2318 696; x_wconf 88' lang='lat' dir='ltr'><strong>centes</strong></span> <span class='ocrx_word' id='word_1_48' title='bbox 2371 656 2435 695; x_wconf 86' lang='lat' dir='ltr'><strong>ac</strong></span> <span class='ocrx_word' id='word_1_49' title='bbox 2473 640 2840 709; x_wconf 86' lang='lat' dir='ltr'><strong>decipienles,</strong></span> <span class='ocrx_word' id='word_1_50' title='bbox 2893 640 3054 710; x_wconf 89' lang='lat' dir='ltr'><strong>quasi</strong></span> <span class='ocrx_word' id='word_1_51' title='bbox 3102 638 3171 693; x_wconf 90' lang='lat' dir='ltr'><strong>ad</strong></span> <span class='ocrx_word' id='word_1_52' title='bbox 3207 639 3350 694; x_wconf 87' lang='lat' dir='ltr'><strong>bona</strong></span> <span class='ocrx_word' id='word_1_53' title='bbox 3395 640 3717 696; x_wconf 85' lang='lat' dir='ltr'><strong>inescabant</strong></span> 
     </span>
    </p>
   </div>
   <div class='ocr_carea' id='block_1_11' title="bbox 2133 730 3215 800">
    <p class='ocr_par' dir='ltr' id='par_1_11' title="bbox 2133 730 3215 800">
     <span class='ocr_line' id='line_1_11' title="bbox 2133 730 3215 800; baseline 0.003 -16"><span class='ocrx_word' id='word_1_54' title='bbox 2133 746 2243 796; x_wconf 91' lang='lat' dir='ltr'><strong>me,</strong></span> <span class='ocrx_word' id='word_1_55' title='bbox 2273 731 2403 785; x_wconf 91' lang='lat' dir='ltr'><strong>dum</strong></span> <span class='ocrx_word' id='word_1_56' title='bbox 2436 731 2492 785; x_wconf 91' lang='lat' dir='ltr'><strong>in</strong></span> <span class='ocrx_word' id='word_1_57' title='bbox 2527 741 2809 800; x_wconf 89' lang='lat' dir='ltr'><strong>peccatum</strong></span> <span class='ocrx_word' id='word_1_58' title='bbox 2844 730 3215 787; x_wconf 88' lang='lat' dir='ltr'><strong>detraherent.</strong></span> 
     </span>
    </p>
   </div>
   <div class='ocr_carea' id='block_1_12' title="bbox 432 806 3715 896">
    <p class='ocr_par' dir='ltr' id='par_1_12' title="bbox 432 806 3715 896">
     <span class='ocr_line' id='line_1_12' title="bbox 432 806 3715 896; baseline 0.001 -19"><span class='ocrx_word' id='word_1_59' title='bbox 432 806 824 889; x_wconf 72' lang='grc' dir='ltr'>ὑποϐάλλοντές</span> <span class='ocrx_word' id='word_1_60' title='bbox 858 842 958 896; x_wconf 90' lang='grc' dir='ltr'><strong>μου</strong></span> <span class='ocrx_word' id='word_1_61' title='bbox 984 826 1065 888; x_wconf 77' lang='grc' dir='ltr'><strong>είς</strong></span> <span class='ocrx_word' id='word_1_62' title='bbox 1080 826 1179 896; x_wconf 82' lang='grc' dir='ltr'><strong>τὴν</strong></span> <span class='ocrx_word' id='word_1_63' title='bbox 1201 824 1381 896; x_wconf 81' lang='grc' dir='ltr'>ψυχὴν</span> <span class='ocrx_word' id='word_1_64' title='bbox 1405 824 1674 896; x_wconf 82' lang='grc' dir='ltr'><strong>ματαίους</strong></span> <span class='ocrx_word' id='word_1_65' title='bbox 1699 822 2020 892; x_wconf 77' lang='grc' dir='ltr'>λογισμούςο</span> <span class='ocrx_word' id='word_1_66' title='bbox 2064 821 2202 876; x_wconf 82' lang='grc' dir='ltr'>ἀλλὰ</span> <span class='ocrx_word' id='word_1_67' title='bbox 2229 824 2321 878; x_wconf 81' lang='grc' dir='ltr'>καὶ</span> <span class='ocrx_word' id='word_1_68' title='bbox 2351 824 2447 877; x_wconf 85' lang='grc' dir='ltr'><strong>σὺν</strong></span> <span class='ocrx_word' id='word_1_69' title='bbox 2476 822 2612 894; x_wconf 84' lang='grc' dir='ltr'><strong>δόλῳ</strong></span> <span class='ocrx_word' id='word_1_70' title='bbox 2640 822 2917 892; x_wconf 83' lang='grc' dir='ltr'>θέλγοντες</span> <span class='ocrx_word' id='word_1_71' title='bbox 2951 823 3046 877; x_wconf 80' lang='grc' dir='ltr'><strong>καὶ</strong></span> <span class='ocrx_word' id='word_1_72' title='bbox 3086 824 3426 891; x_wconf 85' lang='grc' dir='ltr'>ἀπατῶντες,</span> <span class='ocrx_word' id='word_1_73' title='bbox 3490 825 3567 889; x_wconf 81' lang='grc' dir='ltr'>ὡς</span> <span class='ocrx_word' id='word_1_74' title='bbox 3622 825 3715 881; x_wconf 71' lang='grc' dir='ltr'>ἐπὶ</span> 
     </span>
    </p>
   </div>
   <div class='ocr_carea' id='block_1_13' title="bbox 432 914 2017 990">
    <p class='ocr_par' dir='ltr' id='par_1_13' title="bbox 432 914 2017 990">
     <span class='ocr_line' id='line_1_13' title="bbox 432 914 2017 990; baseline 0.001 -23"><span class='ocrx_word' id='word_1_75' title='bbox 432 914 657 982; x_wconf 82' lang='grc' dir='ltr'><strong>ἀγαθοῖς</strong></span> <span class='ocrx_word' id='word_1_76' title='bbox 682 914 961 980; x_wconf 78' lang='grc' dir='ltr'>ὲδελέαζον</span> <span class='ocrx_word' id='word_1_77' title='bbox 991 919 1349 984; x_wconf 77' lang='grc' dir='ltr'>καθέλκοντές</span> <span class='ocrx_word' id='word_1_78' title='bbox 1394 936 1459 990; x_wconf 90' lang='grc' dir='ltr'><strong>με</strong></span> <span class='ocrx_word' id='word_1_79' title='bbox 1487 921 1567 982; x_wconf 83' lang='grc' dir='ltr'><strong>εἰς</strong></span> <span class='ocrx_word' id='word_1_80' title='bbox 1591 919 1689 990; x_wconf 76' lang='grc' dir='ltr'>τὴν</span> <span class='ocrx_word' id='word_1_81' title='bbox 1722 918 2017 990; x_wconf 77' lang='grc' dir='ltr'>ἁμαρτίαν.</span> 
     </span>
    </p>
   </div>
   <div class='ocr_carea' id='block_1_14' title="bbox 514 1003 2017 1082">
    <p class='ocr_par' dir='ltr' id='par_1_14' title="bbox 514 1003 2017 1082">
     <span class='ocr_line' id='line_1_14' title="bbox 514 1003 2017 1082; baseline 0.001 -19"><span class='ocrx_word' id='word_1_82' title='bbox 514 1010 659 1081; x_wconf 77' lang='grc' dir='ltr'><strong>Ἐγὼ</strong></span> <span class='ocrx_word' id='word_1_83' title='bbox 699 1010 768 1065; x_wconf 82' lang='grc' dir='ltr'>δὲ</span> <span class='ocrx_word' id='word_1_84' title='bbox 812 1013 957 1066; x_wconf 75' lang='grc' dir='ltr'>ὡσεὶ</span> <span class='ocrx_word' id='word_1_85' title='bbox 1019 1013 1221 1082; x_wconf 66' lang='grc' dir='ltr'>κωφὸς</span> <span class='ocrx_word' id='word_1_86' title='bbox 1268 1016 1381 1067; x_wconf 76' lang='grc' dir='ltr'><strong>οὐκ</strong></span> <span class='ocrx_word' id='word_1_87' title='bbox 1434 1013 1681 1082; x_wconf 78' lang='grc' dir='ltr'>ἤκουον,</span> <span class='ocrx_word' id='word_1_88' title='bbox 1726 1003 1822 1067; x_wconf 56' lang='lat' dir='ltr'><strong>atat</strong></span> <span class='ocrx_word' id='word_1_89' title='bbox 1872 1011 2017 1065; x_wconf 75' lang='grc' dir='ltr'><strong>ὡσεὶ</strong></span> 
     </span>
    </p>
   </div>
   <div class='ocr_carea' id='block_1_15' title="bbox 428 1104 2020 1177">
    <p class='ocr_par' dir='ltr' id='par_1_15' title="bbox 428 1104 2020 1177">
     <span class='ocr_line' id='line_1_15' title="bbox 428 1104 2020 1177; baseline 0.001 -20"><span class='ocrx_word' id='word_1_90' title='bbox 428 1104 661 1171; x_wconf 72' lang='grc' dir='ltr'>ἇλαλος</span> <span class='ocrx_word' id='word_1_91' title='bbox 712 1106 825 1158; x_wconf 82' lang='grc' dir='ltr'><strong>οὐκ</strong></span> <span class='ocrx_word' id='word_1_92' title='bbox 871 1106 1131 1177; x_wconf 79' lang='grc' dir='ltr'>ἀνοίγων</span> <span class='ocrx_word' id='word_1_93' title='bbox 1178 1106 1242 1159; x_wconf 84' lang='grc' dir='ltr'>τὸ</span> <span class='ocrx_word' id='word_1_94' title='bbox 1274 1107 1468 1176; x_wconf 86' lang='grc' dir='ltr'>στόμα</span> <span class='ocrx_word' id='word_1_95' title='bbox 1519 1106 1726 1161; x_wconf 83' lang='grc' dir='ltr'>αὑτοῦ.</span> <span class='ocrx_word' id='word_1_96' title='bbox 1765 1106 1877 1159; x_wconf 82' lang='grc' dir='ltr'><strong>Καὶ</strong></span> <span class='ocrx_word' id='word_1_97' title='bbox 1895 1107 2020 1173; x_wconf 79' lang='grc' dir='ltr'>ἐγε-</span> 
     </span>
    </p>
   </div>
   <div class='ocr_carea' id='block_1_16' title="bbox 427 1196 2024 1266">
    <p class='ocr_par' dir='ltr' id='par_1_16' title="bbox 427 1196 2024 1266">
     <span class='ocr_line' id='line_1_16' title="bbox 427 1196 2024 1266; baseline 0 -16"><span class='ocrx_word' id='word_1_98' title='bbox 427 1197 627 1266; x_wconf 81' lang='grc' dir='ltr'>νόμην</span> <span class='ocrx_word' id='word_1_99' title='bbox 654 1197 796 1251; x_wconf 75' lang='grc' dir='ltr'><strong>ὡσεὶ</strong></span> <span class='ocrx_word' id='word_1_100' title='bbox 841 1196 1153 1265; x_wconf 76' lang='grc' dir='ltr'>ἄνθρωπος</span> <span class='ocrx_word' id='word_1_101' title='bbox 1191 1200 1302 1252; x_wconf 80' lang='grc' dir='ltr'><strong>οὐκ</strong></span> <span class='ocrx_word' id='word_1_102' title='bbox 1329 1198 1585 1261; x_wconf 80' lang='grc' dir='ltr'>ἀκούων,</span> <span class='ocrx_word' id='word_1_103' title='bbox 1612 1198 1707 1250; x_wconf 78' lang='grc' dir='ltr'><strong>καὶ</strong></span> <span class='ocrx_word' id='word_1_104' title='bbox 1733 1200 1843 1251; x_wconf 85' lang='grc' dir='ltr'><strong>οὐκ</strong></span> <span class='ocrx_word' id='word_1_105' title='bbox 1864 1197 2024 1266; x_wconf 80' lang='grc' dir='ltr'>ἔχων</span> 
     </span>
    </p>
   </div>
   <div class='ocr_carea' id='block_1_17' title="bbox 428 1288 2020 1359">
    <p class='ocr_par' dir='ltr' id='par_1_17' title="bbox 428 1288 2020 1359">
     <span class='ocr_line' id='line_1_17' title="bbox 428 1288 2020 1359; baseline -0.001 -16"><span class='ocrx_word' id='word_1_106' title='bbox 428 1291 499 1343; x_wconf 79' lang='grc' dir='ltr'><strong>ἐν</strong></span> <span class='ocrx_word' id='word_1_107' title='bbox 550 1288 632 1355; x_wconf 81' lang='grc' dir='ltr'>τῷ</span> <span class='ocrx_word' id='word_1_108' title='bbox 685 1291 935 1359; x_wconf 85' lang='grc' dir='ltr'>στόματι</span> <span class='ocrx_word' id='word_1_109' title='bbox 992 1290 1179 1342; x_wconf 78' lang='grc' dir='ltr'>αὐτοῦ</span> <span class='ocrx_word' id='word_1_110' title='bbox 1228 1290 1541 1359; x_wconf 77' lang='grc' dir='ltr'>ἐλεγμούς.</span> <span class='ocrx_word' id='word_1_111' title='bbox 1596 1289 1747 1341; x_wconf 78' lang='grc' dir='ltr'>Ἐπεὶ</span> <span class='ocrx_word' id='word_1_112' title='bbox 1790 1288 2020 1352; x_wconf 80' lang='grc' dir='ltr'>τούτοις,</span> 
     </span>
    </p>
   </div>
   <div class='ocr_carea' id='block_1_18' title="bbox 431 1378 2017 1452">
    <p class='ocr_par' dir='ltr' id='par_1_18' title="bbox 431 1378 2017 1452">
     <span class='ocr_line' id='line_1_18' title="bbox 431 1378 2017 1452; baseline 0 -20"><span class='ocrx_word' id='word_1_113' title='bbox 431 1381 616 1451; x_wconf 78' lang='grc' dir='ltr'>φησὶν,</span> <span class='ocrx_word' id='word_1_114' title='bbox 653 1380 806 1434; x_wconf 70' lang='grc' dir='ltr'>οὐδὲν</span> <span class='ocrx_word' id='word_1_115' title='bbox 869 1378 1013 1452; x_wconf 71' lang='grc' dir='ltr'>εἶχον</span> <span class='ocrx_word' id='word_1_116' title='bbox 1037 1382 1216 1451; x_wconf 84' lang='grc' dir='ltr'>λέγειν</span> <span class='ocrx_word' id='word_1_117' title='bbox 1263 1380 1524 1452; x_wconf 81' lang='grc' dir='ltr'>αἰσχύνης</span> <span class='ocrx_word' id='word_1_118' title='bbox 1558 1380 2017 1451; x_wconf 77' lang='grc' dir='ltr'><strong>πεπληρωμένος⁹</strong></span> 
     </span>
    </p>
   </div>
   <div class='ocr_carea' id='block_1_19' title="bbox 428 1467 2021 1545">
    <p class='ocr_par' dir='ltr' id='par_1_19' title="bbox 428 1467 2021 1545">
     <span class='ocr_line' id='line_1_19' title="bbox 428 1467 2021 1545; baseline -0.002 -18"><span class='ocrx_word' id='word_1_119' title='bbox 428 1475 583 1528; x_wconf 77' lang='grc' dir='ltr'>οὐδὲν</span> <span class='ocrx_word' id='word_1_120' title='bbox 617 1474 725 1544; x_wconf 81' lang='grc' dir='ltr'><strong>γάρ</strong></span> <span class='ocrx_word' id='word_1_121' title='bbox 765 1491 853 1543; x_wconf 91' lang='grc' dir='ltr'><strong>μοι</strong></span> <span class='ocrx_word' id='word_1_122' title='bbox 888 1474 1045 1543; x_wconf 76' lang='grc' dir='ltr'>λόγος</span> <span class='ocrx_word' id='word_1_123' title='bbox 1097 1470 1162 1545; x_wconf 71' lang='grc' dir='ltr'><strong>’ἦν</strong></span> <span class='ocrx_word' id='word_1_124' title='bbox 1211 1473 1346 1545; x_wconf 75' lang='grc' dir='ltr'>πρὸς</span> <span class='ocrx_word' id='word_1_125' title='bbox 1392 1472 1706 1541; x_wconf 85' lang='grc' dir='ltr'>ἀπολογίαν,</span> <span class='ocrx_word' id='word_1_126' title='bbox 1735 1471 1843 1524; x_wconf 79' lang='grc' dir='ltr'>οὐδ’</span> <span class='ocrx_word' id='word_1_127' title='bbox 1879 1467 2021 1541; x_wconf 82' lang='grc' dir='ltr'>εἶχόν</span> 
     </span>
    </p>
   </div>
   <div class='ocr_carea' id='block_1_20' title="bbox 430 1559 2021 1633">
    <p class='ocr_par' dir='ltr' id='par_1_20' title="bbox 430 1559 2021 1633">
     <span class='ocr_line' id='line_1_20' title="bbox 430 1559 2021 1633; baseline 0 -19"><span class='ocrx_word' id='word_1_128' title='bbox 430 1577 550 1614; x_wconf 85' lang='grc' dir='ltr'>τινα</span> <span class='ocrx_word' id='word_1_129' title='bbox 579 1563 689 1624; x_wconf 84' lang='grc' dir='ltr'>τοῖς</span> <span class='ocrx_word' id='word_1_130' title='bbox 738 1559 952 1632; x_wconf 77' lang='grc' dir='ltr'>ἐχθροῖς</span> <span class='ocrx_word' id='word_1_131' title='bbox 1001 1559 1474 1633; x_wconf 70' lang='grc' dir='ltr'>προσφθέγγεσθαι</span> <span class='ocrx_word' id='word_1_132' title='bbox 1509 1561 1657 1625; x_wconf 79' lang='grc' dir='ltr'>ἅπαξ</span> <span class='ocrx_word' id='word_1_133' title='bbox 1700 1562 1791 1613; x_wconf 82' lang='grc' dir='ltr'>ὑπ’</span> <span class='ocrx_word' id='word_1_134' title='bbox 1841 1560 2021 1614; x_wconf 82' lang='grc' dir='ltr'>αὐτῶν</span> 
     </span>
    </p>
   </div>
   <div class='ocr_carea' id='block_1_21' title="bbox 430 1652 2022 1726">
    <p class='ocr_par' dir='ltr' id='par_1_21' title="bbox 430 1652 2022 1726">
     <span class='ocr_line' id='line_1_21' title="bbox 430 1652 2022 1726; baseline 0.001 -22"><span class='ocrx_word' id='word_1_135' title='bbox 430 1652 814 1722; x_wconf 74' lang='grc' dir='ltr'>νενικημένοςο</span> <span class='ocrx_word' id='word_1_136' title='bbox 845 1654 945 1705; x_wconf 83' lang='grc' dir='ltr'><strong>ούκ</strong></span> <span class='ocrx_word' id='word_1_137' title='bbox 989 1652 1212 1724; x_wconf 78' lang='grc' dir='ltr'>ἐμαυτῷ</span> <span class='ocrx_word' id='word_1_138' title='bbox 1260 1653 1498 1726; x_wconf 72' lang='grc' dir='ltr'>θαρρῶν,</span> <span class='ocrx_word' id='word_1_139' title='bbox 1534 1653 1642 1706; x_wconf 72' lang='grc' dir='ltr'>οὐδ’</span> <span class='ocrx_word' id='word_1_140' title='bbox 1693 1652 1859 1724; x_wconf 82' lang='grc' dir='ltr'>ἄλλην</span> <span class='ocrx_word' id='word_1_141' title='bbox 1899 1654 2022 1706; x_wconf 79' lang='grc' dir='ltr'>τινὰ</span> 
     </span>
    </p>
   </div>
   <div class='ocr_carea' id='block_1_22' title="bbox 433 1742 2023 1818">
    <p class='ocr_par' dir='ltr' id='par_1_22' title="bbox 433 1742 2023 1818">
     <span class='ocr_line' id='line_1_22' title="bbox 433 1742 2023 1818; baseline 0.003 -23"><span class='ocrx_word' id='word_1_142' title='bbox 433 1744 539 1815; x_wconf 84' lang='grc' dir='ltr'><strong>πρὸ</strong></span> <span class='ocrx_word' id='word_1_143' title='bbox 558 1742 853 1815; x_wconf 74' lang='grc' dir='ltr'>ὀφθαλμῶν</span> <span class='ocrx_word' id='word_1_144' title='bbox 889 1743 1116 1815; x_wconf 86' lang='grc' dir='ltr'>θέμενος</span> <span class='ocrx_word' id='word_1_145' title='bbox 1161 1746 1350 1799; x_wconf 82' lang='grc' dir='ltr'>ἐλπίδα</span> <span class='ocrx_word' id='word_1_146' title='bbox 1398 1747 1431 1818; x_wconf 78' lang='grc' dir='ltr'>ἢ</span> <span class='ocrx_word' id='word_1_147' title='bbox 1490 1748 1569 1811; x_wconf 85' lang='grc' dir='ltr'>σὲ,</span> <span class='ocrx_word' id='word_1_148' title='bbox 1600 1747 1670 1800; x_wconf 83' lang='grc' dir='ltr'>τὰ</span> <span class='ocrx_word' id='word_1_149' title='bbox 1700 1747 1801 1818; x_wconf 84' lang='grc' dir='ltr'>τῆς</span> <span class='ocrx_word' id='word_1_150' title='bbox 1826 1747 2023 1810; x_wconf 82' lang='grc' dir='ltr'>ἰάσεως</span> 
     </span>
    </p>
   </div>
   <div class='ocr_carea' id='block_1_23' title="bbox 432 1829 2024 1905">
    <p class='ocr_par' dir='ltr' id='par_1_23' title="bbox 432 1829 2024 1905">
     <span class='ocr_line' id='line_1_23' title="bbox 432 1829 2024 1905; baseline 0.003 -19"><span class='ocrx_word' id='word_1_151' title='bbox 432 1829 748 1900; x_wconf 79' lang='grc' dir='ltr'>ὑπέγραφον</span> <span class='ocrx_word' id='word_1_152' title='bbox 774 1832 1016 1903; x_wconf 78' lang='grc' dir='ltr'>ἐμαυτῷ.</span> <span class='ocrx_word' id='word_1_153' title='bbox 1060 1834 1216 1888; x_wconf 79' lang='grc' dir='ltr'>Ἐπεὶ</span> <span class='ocrx_word' id='word_1_154' title='bbox 1265 1831 1357 1889; x_wconf 78' lang='grc' dir='ltr'><strong>οὖν</strong></span> <span class='ocrx_word' id='word_1_155' title='bbox 1381 1836 1477 1889; x_wconf 79' lang='grc' dir='ltr'><strong>ἐπὶ</strong></span> <span class='ocrx_word' id='word_1_156' title='bbox 1513 1836 1589 1889; x_wconf 88' lang='grc' dir='ltr'><strong>σὲ</strong></span> <span class='ocrx_word' id='word_1_157' title='bbox 1626 1835 1881 1905; x_wconf 81' lang='grc' dir='ltr'><strong>ἤλπισα,</strong></span> <span class='ocrx_word' id='word_1_158' title='bbox 1909 1839 2024 1891; x_wconf 84' lang='grc' dir='ltr'><strong>Κύ-</strong></span> 
     </span>
    </p>
   </div>
   <div class='ocr_carea' id='block_1_24' title="bbox 430 1923 2023 1997">
    <p class='ocr_par' dir='ltr' id='par_1_24' title="bbox 430 1923 2023 1997">
     <span class='ocr_line' id='line_1_24' title="bbox 430 1923 2023 1997; baseline 0.006 -24"><span class='ocrx_word' id='word_1_159' title='bbox 430 1938 548 1989; x_wconf 85' lang='grc' dir='ltr'>ριε,</span> <span class='ocrx_word' id='word_1_160' title='bbox 580 1924 620 1991; x_wconf 66' lang='grc' dir='ltr'><strong>ἡ</strong></span> <span class='ocrx_word' id='word_1_161' title='bbox 675 1923 731 1976; x_wconf 88' lang='grc' dir='ltr'>δὲ</span> <span class='ocrx_word' id='word_1_162' title='bbox 768 1924 945 1991; x_wconf 75' lang='grc' dir='ltr'>ἐλπὶς</span> <span class='ocrx_word' id='word_1_163' title='bbox 984 1928 1056 1979; x_wconf 85' lang='grc' dir='ltr'>οὐ</span> <span class='ocrx_word' id='word_1_164' title='bbox 1105 1929 1529 1997; x_wconf 82' lang='grc' dir='ltr'>καταισχύνει·</span> <span class='ocrx_word' id='word_1_165' title='bbox 1573 1928 1661 1982; x_wconf 76' lang='grc' dir='ltr'><strong>διὰ</strong></span> <span class='ocrx_word' id='word_1_166' title='bbox 1715 1929 1872 1983; x_wconf 77' lang='grc' dir='ltr'>τοῦτο</span> <span class='ocrx_word' id='word_1_167' title='bbox 1908 1931 2023 1982; x_wconf 81' lang='grc' dir='ltr'>εἰσ--</span> 
     </span>
    </p>
   </div>
   <div class='ocr_carea' id='block_1_25' title="bbox 432 2012 2026 2087">
    <p class='ocr_par' dir='ltr' id='par_1_25' title="bbox 432 2012 2026 2087">
     <span class='ocr_line' id='line_1_25' title="bbox 432 2012 2026 2087; baseline 0.006 -23"><span class='ocrx_word' id='word_1_168' title='bbox 432 2012 661 2085; x_wconf 79' lang='grc' dir='ltr'>ακούσῃ,</span> <span class='ocrx_word' id='word_1_169' title='bbox 681 2013 761 2066; x_wconf 82' lang='grc' dir='ltr'>ὅτι</span> <span class='ocrx_word' id='word_1_170' title='bbox 789 2014 1019 2087; x_wconf 83' lang='grc' dir='ltr'>θελητὴς</span> <span class='ocrx_word' id='word_1_171' title='bbox 1049 2016 1230 2081; x_wconf 79' lang='grc' dir='ltr'>ἐλέους</span> <span class='ocrx_word' id='word_1_172' title='bbox 1257 2014 1326 2081; x_wconf 78' lang='grc' dir='ltr'><strong>εἷ,</strong></span> <span class='ocrx_word' id='word_1_173' title='bbox 1350 2018 1446 2075; x_wconf 71' lang='grc' dir='ltr'>καὶ</span> <span class='ocrx_word' id='word_1_174' title='bbox 1470 2020 1529 2072; x_wconf 87' lang='grc' dir='ltr'><strong>ού</strong></span> <span class='ocrx_word' id='word_1_175' title='bbox 1562 2019 1734 2084; x_wconf 87' lang='grc' dir='ltr'>θέλεις</span> <span class='ocrx_word' id='word_1_176' title='bbox 1756 2019 1846 2073; x_wconf 83' lang='grc' dir='ltr'><strong>τὸν</strong></span> <span class='ocrx_word' id='word_1_177' title='bbox 1869 2020 2026 2074; x_wconf 76' lang='grc' dir='ltr'>θάνα-</span> 
     </span>
    </p>
   </div>
   <div class='ocr_carea' id='block_1_26' title="bbox 431 2105 2023 2187">
    <p class='ocr_par' dir='ltr' id='par_1_26' title="bbox 431 2105 2023 2187">
     <span class='ocr_line' id='line_1_26' title="bbox 431 2105 2023 2187; baseline 0.005 -29"><span class='ocrx_word' id='word_1_178' title='bbox 431 2122 521 2158; x_wconf 88' lang='grc' dir='ltr'><strong>τον</strong></span> <span class='ocrx_word' id='word_1_179' title='bbox 560 2105 653 2158; x_wconf 74' lang='grc' dir='ltr'><strong>τοῦ</strong></span> <span class='ocrx_word' id='word_1_180' title='bbox 708 2106 1060 2176; x_wconf 79' lang='grc' dir='ltr'>ἁμαρτωλοῦ,</span> <span class='ocrx_word' id='word_1_181' title='bbox 1114 2109 1327 2187; x_wconf 83' lang='grc' dir='ltr'>ὡς.τὴν</span> <span class='ocrx_word' id='word_1_182' title='bbox 1370 2111 1660 2182; x_wconf 85' lang='grc' dir='ltr'>μετάνοιαν</span> <span class='ocrx_word' id='word_1_183' title='bbox 1691 2110 1875 2166; x_wconf 79' lang='grc' dir='ltr'>αὐτοῦ.</span> <span class='ocrx_word' id='word_1_184' title='bbox 1910 2113 2023 2177; x_wconf 83' lang='grc' dir='ltr'>Διὸ,</span> 
     </span>
    </p>
   </div>
   <div class='ocr_carea' id='block_1_27' title="bbox 433 2195 2025 2277">
    <p class='ocr_par' dir='ltr' id='par_1_27' title="bbox 433 2195 2025 2277">
     <span class='ocr_line' id='line_1_27' title="bbox 433 2195 2025 2277; baseline 0.006 -30"><span class='ocrx_word' id='word_1_185' title='bbox 433 2195 660 2277; x_wconf 74' lang='grc' dir='ltr'>ἐλπίσας</span> <span class='ocrx_word' id='word_1_186' title='bbox 707 2198 801 2250; x_wconf 80' lang='grc' dir='ltr'><strong>ἐπὶ</strong></span> <span class='ocrx_word' id='word_1_187' title='bbox 852 2197 933 2262; x_wconf 85' lang='grc' dir='ltr'>σὲ,</span> <span class='ocrx_word' id='word_1_188' title='bbox 969 2200 1202 2254; x_wconf 79' lang='grc' dir='ltr'>ἱκετεύω</span> <span class='ocrx_word' id='word_1_189' title='bbox 1250 2202 1349 2272; x_wconf 83' lang='grc' dir='ltr'><strong>τῆς</strong></span> <span class='ocrx_word' id='word_1_190' title='bbox 1392 2201 1544 2275; x_wconf 85' lang='grc' dir='ltr'>παρὰ</span> <span class='ocrx_word' id='word_1_191' title='bbox 1580 2202 1673 2255; x_wconf 77' lang='grc' dir='ltr'>σοῦ</span> <span class='ocrx_word' id='word_1_192' title='bbox 1726 2203 2025 2277; x_wconf 84' lang='grc' dir='ltr'>θεραπείας</span> 
     </span>
    </p>
   </div>
   <div class='ocr_carea' id='block_1_28' title="bbox 430 2276 2021 2365">
    <p class='ocr_par' dir='ltr' id='par_1_28' title="bbox 430 2276 2021 2365">
     <span class='ocr_line' id='line_1_28' title="bbox 430 2276 2021 2365; baseline 0.007 -26"><span class='ocrx_word' id='word_1_193' title='bbox 430 2276 648 2358; x_wconf 78' lang='grc' dir='ltr'>τυχεῖνο</span> <span class='ocrx_word' id='word_1_194' title='bbox 695 2288 941 2356; x_wconf 80' lang='grc' dir='ltr'>Μήποτε</span> <span class='ocrx_word' id='word_1_195' title='bbox 995 2292 1330 2360; x_wconf 77' lang='grc' dir='ltr'>ἐπιχαρῶσι</span> <span class='ocrx_word' id='word_1_196' title='bbox 1378 2312 1479 2363; x_wconf 86' lang='grc' dir='ltr'><strong>μοι</strong></span> <span class='ocrx_word' id='word_1_197' title='bbox 1520 2298 1574 2348; x_wconf 83' lang='lat' dir='ltr'><strong>ol</strong></span> <span class='ocrx_word' id='word_1_198' title='bbox 1629 2276 1831 2364; x_wconf 80' lang='grc' dir='ltr'>ἐχθροί</span> <span class='ocrx_word' id='word_1_199' title='bbox 1881 2314 2021 2365; x_wconf 89' lang='grc' dir='ltr'>μου,</span> 
     </span>
    </p>
   </div>
   <div class='ocr_carea' id='block_1_29' title="bbox 433 2382 2023 2458">
    <p class='ocr_par' dir='ltr' id='par_1_29' title="bbox 433 2382 2023 2458">
     <span class='ocr_line' id='line_1_29' title="bbox 433 2382 2023 2458; baseline 0.004 -24"><span class='ocrx_word' id='word_1_200' title='bbox 433 2382 584 2435; x_wconf 75' lang='grc' dir='ltr'>ούπω</span> <span class='ocrx_word' id='word_1_201' title='bbox 630 2383 729 2453; x_wconf 86' lang='grc' dir='ltr'><strong>μὲν</strong></span> <span class='ocrx_word' id='word_1_202' title='bbox 778 2383 887 2453; x_wconf 85' lang='grc' dir='ltr'><strong>γὰρ</strong></span> <span class='ocrx_word' id='word_1_203' title='bbox 941 2384 1222 2447; x_wconf 84' lang='grc' dir='ltr'>παντελῶς</span> <span class='ocrx_word' id='word_1_204' title='bbox 1264 2386 1565 2458; x_wconf 81' lang='grc' dir='ltr'>ἐχάρησαν.</span> <span class='ocrx_word' id='word_1_205' title='bbox 1602 2386 2023 2458; x_wconf 84' lang='grc' dir='ltr'>Ἐπιχαροῦνται</span> 
     </span>
    </p>
   </div>
   <div class='ocr_carea' id='block_1_30' title="bbox 433 2473 2025 2551">
    <p class='ocr_par' dir='ltr' id='par_1_30' title="bbox 433 2473 2025 2551">
     <span class='ocr_line' id='line_1_30' title="bbox 433 2473 2025 2551; baseline 0.004 -25"><span class='ocrx_word' id='word_1_206' title='bbox 433 2473 487 2527; x_wconf 81' lang='grc' dir='ltr'>δὲ</span> <span class='ocrx_word' id='word_1_207' title='bbox 507 2515 519 2537; x_wconf 91' lang='grc'><strong>,</strong></span> <span class='ocrx_word' id='word_1_208' title='bbox 548 2476 597 2526; x_wconf 76' lang='grc' dir='ltr'>εὶ</span> <span class='ocrx_word' id='word_1_209' title='bbox 636 2474 709 2546; x_wconf 81' lang='grc' dir='ltr'>μὴ</span> <span class='ocrx_word' id='word_1_210' title='bbox 738 2475 957 2547; x_wconf 83' lang='grc' dir='ltr'>τύχοιμι</span> <span class='ocrx_word' id='word_1_211' title='bbox 983 2477 1077 2530; x_wconf 79' lang='grc' dir='ltr'>τοῦ</span> <span class='ocrx_word' id='word_1_212' title='bbox 1108 2477 1201 2530; x_wconf 78' lang='grc' dir='ltr'>σοῦ</span> <span class='ocrx_word' id='word_1_213' title='bbox 1253 2478 1457 2541; x_wconf 81' lang='grc' dir='ltr'>ἐλέους.</span> <span class='ocrx_word' id='word_1_214' title='bbox 1505 2478 1645 2531; x_wconf 76' lang='grc' dir='ltr'>Ἀλλ’</span> <span class='ocrx_word' id='word_1_215' title='bbox 1673 2480 1762 2532; x_wconf 81' lang='grc' dir='ltr'><strong>ἵνα</strong></span> <span class='ocrx_word' id='word_1_216' title='bbox 1804 2478 1878 2551; x_wconf 83' lang='grc' dir='ltr'><strong>μὴ</strong></span> <span class='ocrx_word' id='word_1_217' title='bbox 1906 2481 2025 2532; x_wconf 87' lang='grc' dir='ltr'>ἐπι-</span> 
     </span>
    </p>
   </div>
   <div class='ocr_carea' id='block_1_31' title="bbox 434 2568 2022 2643">
    <p class='ocr_par' dir='ltr' id='par_1_31' title="bbox 434 2568 2022 2643">
     <span class='ocr_line' id='line_1_31' title="bbox 434 2568 2022 2643; baseline 0.002 -23"><span class='ocrx_word' id='word_1_218' title='bbox 434 2568 649 2638; x_wconf 84' lang='grc' dir='ltr'>χαρείέν</span> <span class='ocrx_word' id='word_1_219' title='bbox 687 2585 776 2638; x_wconf 91' lang='grc' dir='ltr'><strong>μοι</strong></span> <span class='ocrx_word' id='word_1_220' title='bbox 803 2570 852 2621; x_wconf 76' lang='grc' dir='ltr'>οἱ</span> <span class='ocrx_word' id='word_1_221' title='bbox 880 2568 1064 2642; x_wconf 81' lang='grc' dir='ltr'>ἐχθροί</span> <span class='ocrx_word' id='word_1_222' title='bbox 1100 2588 1223 2641; x_wconf 89' lang='grc' dir='ltr'>μου,</span> <span class='ocrx_word' id='word_1_223' title='bbox 1251 2571 1300 2623; x_wconf 78' lang='lat' dir='ltr'><strong>oi</strong></span> <span class='ocrx_word' id='word_1_224' title='bbox 1454 2572 1547 2624; x_wconf 74' lang='grc' dir='ltr'><strong>καὶ</strong></span> <span class='ocrx_word' id='word_1_225' title='bbox 1572 2570 1838 2643; x_wconf 88' lang='grc' dir='ltr'>πρότερον</span> <span class='ocrx_word' id='word_1_226' title='bbox 1865 2574 1922 2624; x_wconf 88' lang='grc' dir='ltr'><strong>ἐν</strong></span> <span class='ocrx_word' id='word_1_227' title='bbox 1944 2570 2022 2641; x_wconf 82' lang='grc' dir='ltr'><strong>τῷ</strong></span> 
     </span>
    </p>
   </div>
   <div class='ocr_carea' id='block_1_32' title="bbox 438 2656 2024 2732">
    <p class='ocr_par' dir='ltr' id='par_1_32' title="bbox 438 2656 2024 2732">
     <span class='ocr_line' id='line_1_32' title="bbox 438 2656 2024 2732; baseline 0.004 -25"><span class='ocrx_word' id='word_1_228' title='bbox 438 2656 762 2727; x_wconf 70' lang='grc' dir='ltr'>σαλευθῆναι</span> <span class='ocrx_word' id='word_1_229' title='bbox 789 2658 958 2721; x_wconf 83' lang='grc' dir='ltr'>πόδας</span> <span class='ocrx_word' id='word_1_230' title='bbox 988 2676 1089 2729; x_wconf 92' lang='grc' dir='ltr'><strong>μου</strong></span> <span class='ocrx_word' id='word_1_231' title='bbox 1137 2663 1807 2732; x_wconf 75' lang='grc' dir='ltr'>μεγαλορρημονὴσαντες,</span> <span class='ocrx_word' id='word_1_232' title='bbox 1835 2661 1928 2713; x_wconf 75' lang='grc' dir='ltr'><strong>ἐπὶ</strong></span> <span class='ocrx_word' id='word_1_233' title='bbox 1964 2661 2024 2713; x_wconf 82' lang='grc' dir='ltr'>σὲ</span> 
     </span>
    </p>
   </div>
   <div class='ocr_carea' id='block_1_33' title="bbox 437 2747 2026 2822">
    <p class='ocr_par' dir='ltr' id='par_1_33' title="bbox 437 2747 2026 2822">
     <span class='ocr_line' id='line_1_33' title="bbox 437 2747 2026 2822; baseline 0.004 -21"><span class='ocrx_word' id='word_1_234' title='bbox 437 2747 761 2817; x_wconf 68' lang='grc' dir='ltr'>κατέφυγον,</span> <span class='ocrx_word' id='word_1_235' title='bbox 787 2750 878 2803; x_wconf 81' lang='grc' dir='ltr'>καί</span> <span class='ocrx_word' id='word_1_236' title='bbox 903 2768 1043 2821; x_wconf 75' lang='grc' dir='ltr'>φημι</span> <span class='ocrx_word' id='word_1_237' title='bbox 1068 2768 1081 2782; x_wconf 87' lang='grc'>·</span> <span class='ocrx_word' id='word_1_238' title='bbox 1118 2751 1215 2820; x_wconf 79' lang='grc' dir='ltr'><strong>Μὴ</strong></span> <span class='ocrx_word' id='word_1_239' title='bbox 1251 2755 1757 2822; x_wconf 81' lang='grc' dir='ltr'>καταισχυνθείην</span> <span class='ocrx_word' id='word_1_240' title='bbox 1793 2756 1880 2819; x_wconf 75' lang='grc' dir='ltr'>εἰς</span> <span class='ocrx_word' id='word_1_241' title='bbox 1918 2753 2026 2807; x_wconf 83' lang='grc' dir='ltr'>τὸν</span> 
     </span>
    </p>
   </div>
   <div class='ocr_carea' id='block_1_34' title="bbox 435 2840 2024 2916">
    <p class='ocr_par' dir='ltr' id='par_1_34' title="bbox 435 2840 2024 2916">
     <span class='ocr_line' id='line_1_34' title="bbox 435 2840 2024 2916; baseline 0.003 -23"><span class='ocrx_word' id='word_1_242' title='bbox 435 2840 639 2895; x_wconf 74' lang='grc' dir='ltr'>αἰῶνα.</span> <span class='ocrx_word' id='word_1_243' title='bbox 660 2842 736 2894; x_wconf 87' lang='grc' dir='ltr'>Ού</span> <span class='ocrx_word' id='word_1_244' title='bbox 753 2843 860 2913; x_wconf 83' lang='grc' dir='ltr'><strong>γὰρ</strong></span> <span class='ocrx_word' id='word_1_245' title='bbox 880 2843 1055 2914; x_wconf 84' lang='grc' dir='ltr'>πάντη</span> <span class='ocrx_word' id='word_1_246' title='bbox 1081 2845 1478 2916; x_wconf 85' lang='grc' dir='ltr'>περιετράπην,</span> <span class='ocrx_word' id='word_1_247' title='bbox 1512 2844 1633 2898; x_wconf 80' lang='grc' dir='ltr'>οὐδὲ</span> <span class='ocrx_word' id='word_1_248' title='bbox 1662 2843 1865 2915; x_wconf 82' lang='grc' dir='ltr'>πτῶμα</span> <span class='ocrx_word' id='word_1_249' title='bbox 1896 2845 2024 2902; x_wconf 70' lang='grc' dir='ltr'>ἐπε-</span> 
     </span>
    </p>
   </div>
   <div class='ocr_carea' id='block_1_35' title="bbox 438 2930 1818 3007">
    <p class='ocr_par' dir='ltr' id='par_1_35' title="bbox 438 2930 1818 3007">
     <span class='ocr_line' id='line_1_35' title="bbox 438 2930 1818 3007; baseline 0.004 -22"><span class='ocrx_word' id='word_1_250' title='bbox 438 2950 529 2988; x_wconf 86' lang='grc' dir='ltr'><strong>σον</strong></span> <span class='ocrx_word' id='word_1_251' title='bbox 552 2933 812 2998; x_wconf 83' lang='grc' dir='ltr'>τοιοῦτον,</span> <span class='ocrx_word' id='word_1_252' title='bbox 842 2930 952 2987; x_wconf 77' lang='grc' dir='ltr'>οἷον</span> <span class='ocrx_word' id='word_1_253' title='bbox 978 2937 1025 2988; x_wconf 80' lang='grc' dir='ltr'>οἱ</span> <span class='ocrx_word' id='word_1_254' title='bbox 1053 2936 1359 2992; x_wconf 82' lang='grc' dir='ltr'>ἀποστάται</span> <span class='ocrx_word' id='word_1_255' title='bbox 1390 2952 1484 2989; x_wconf 94' lang='grc' dir='ltr'><strong>σου</strong></span> <span class='ocrx_word' id='word_1_256' title='bbox 1515 2937 1818 3007; x_wconf 83' lang='grc' dir='ltr'>γενόμενοι.</span> 
     </span>
    </p>
   </div>
   <div class='ocr_carea' id='block_1_36' title="bbox 436 3131 2018 3203">
    <p class='ocr_par' dir='ltr' id='par_1_36' title="bbox 436 3131 2018 3203">
     <span class='ocr_line' id='line_1_36' title="bbox 436 3131 2018 3203; baseline 0.005 -19"><span class='ocrx_word' id='word_1_257' title='bbox 436 3131 545 3185; x_wconf 77' lang='grc' dir='ltr'><strong>ΕΙΣ</strong></span> <span class='ocrx_word' id='word_1_258' title='bbox 565 3133 653 3186; x_wconf 83' lang='grc' dir='ltr'>ΤΟ</span> <span class='ocrx_word' id='word_1_259' title='bbox 686 3134 905 3187; x_wconf 77' lang='grc' dir='ltr'><strong>ΤΕΛΟΣ</strong></span> <span class='ocrx_word' id='word_1_260' title='bbox 935 3134 1020 3186; x_wconf 87' lang='grc' dir='ltr'><strong>ΤΩ</strong></span> <span class='ocrx_word' id='word_1_261' title='bbox 1044 3133 1342 3203; x_wconf 83' lang='grc' dir='ltr'><strong>ΙΔΙΘΟΥΜ,</strong></span> <span class='ocrx_word' id='word_1_262' title='bbox 1369 3136 1501 3190; x_wconf 78' lang='grc' dir='ltr'><strong>ΩΔΗ</strong></span> <span class='ocrx_word' id='word_1_263' title='bbox 1538 3137 1624 3189; x_wconf 86' lang='grc' dir='ltr'><strong>ΤΩ</strong></span> <span class='ocrx_word' id='word_1_264' title='bbox 1656 3138 1855 3191; x_wconf 82' lang='grc' dir='ltr'>ΔΑΥΙΔ</span> <span class='ocrx_word' id='word_1_265' title='bbox 1886 3138 2018 3193; x_wconf 82' lang='lat' dir='ltr'><strong>AH’.</strong></span> 
     </span>
    </p>
   </div>
   <div class='ocr_carea' id='block_1_37' title="bbox 508 3303 2027 3382">
    <p class='ocr_par' dir='ltr' id='par_1_37' title="bbox 508 3303 2027 3382">
     <span class='ocr_line' id='line_1_37' title="bbox 508 3303 2027 3382; baseline 0.003 -26"><span class='ocrx_word' id='word_1_266' title='bbox 508 3303 715 3375; x_wconf 81' lang='grc' dir='ltr'>Πολλὴν</span> <span class='ocrx_word' id='word_1_267' title='bbox 748 3304 805 3357; x_wconf 82' lang='grc' dir='ltr'>δὲ</span> <span class='ocrx_word' id='word_1_268' title='bbox 860 3303 1159 3376; x_wconf 73' lang='grc' dir='ltr'>ἐμφέρειαν</span> <span class='ocrx_word' id='word_1_269' title='bbox 1205 3305 1424 3377; x_wconf 79' lang='grc' dir='ltr'>ἔχειτὰ</span> <span class='ocrx_word' id='word_1_270' title='bbox 1473 3308 1531 3361; x_wconf 85' lang='grc' dir='ltr'><strong>ἐν</strong></span> <span class='ocrx_word' id='word_1_271' title='bbox 1571 3310 1637 3379; x_wconf 80' lang='grc' dir='ltr'>τῇ</span> <span class='ocrx_word' id='word_1_272' title='bbox 1686 3308 2027 3382; x_wconf 80' lang='grc' dir='ltr'>προκειμένῃ</span> 
     </span>
    </p>
   </div>
   <div class='ocr_carea' id='block_1_38' title="bbox 436 3394 2025 3472">
    <p class='ocr_par' dir='ltr' id='par_1_38' title="bbox 436 3394 2025 3472">
     <span class='ocr_line' id='line_1_38' title="bbox 436 3394 2025 3472; baseline 0.003 -23"><span class='ocrx_word' id='word_1_273' title='bbox 436 3394 548 3468; x_wconf 80' lang='grc' dir='ltr'><strong>ᾠδῇ</strong></span> <span class='ocrx_word' id='word_1_274' title='bbox 583 3396 852 3465; x_wconf 84' lang='grc' dir='ltr'>λεγόμενα</span> <span class='ocrx_word' id='word_1_275' title='bbox 892 3403 1006 3462; x_wconf 83' lang='grc' dir='ltr'>τοῖς</span> <span class='ocrx_word' id='word_1_276' title='bbox 1047 3400 1106 3452; x_wconf 82' lang='grc' dir='ltr'><strong>ἐν</strong></span> <span class='ocrx_word' id='word_1_277' title='bbox 1137 3398 1216 3470; x_wconf 82' lang='grc' dir='ltr'><strong>τῷ</strong></span> <span class='ocrx_word' id='word_1_278' title='bbox 1259 3401 1365 3471; x_wconf 85' lang='grc' dir='ltr'><strong>πρὸ</strong></span> <span class='ocrx_word' id='word_1_279' title='bbox 1395 3400 1583 3453; x_wconf 91' lang='grc' dir='ltr'>τούτου</span> <span class='ocrx_word' id='word_1_280' title='bbox 1619 3399 1838 3472; x_wconf 77' lang='grc' dir='ltr'>ψαλμῶ.</span> <span class='ocrx_word' id='word_1_281' title='bbox 1885 3401 2025 3454; x_wconf 86' lang='grc' dir='ltr'>Ἀλλ’</span> 
     </span>
    </p>
   </div>
   <div class='ocr_carea' id='block_1_39' title="bbox 436 3489 2026 3562">
    <p class='ocr_par' dir='ltr' id='par_1_39' title="bbox 436 3489 2026 3562">
     <span class='ocr_line' id='line_1_39' title="bbox 436 3489 2026 3562; baseline -0.001 -17"><span class='ocrx_word' id='word_1_282' title='bbox 436 3491 643 3545; x_wconf 72' lang='grc' dir='ltr'>ἐκεῖνον</span> <span class='ocrx_word' id='word_1_283' title='bbox 679 3490 778 3559; x_wconf 82' lang='grc' dir='ltr'>μὲν</span> <span class='ocrx_word' id='word_1_284' title='bbox 803 3492 832 3542; x_wconf 86' lang='grc' dir='ltr'>ὁ</span> <span class='ocrx_word' id='word_1_285' title='bbox 868 3489 1030 3545; x_wconf 78' lang='grc' dir='ltr'><strong>Δαυῖδ</strong></span> <span class='ocrx_word' id='word_1_286' title='bbox 1060 3489 1300 3560; x_wconf 71' lang='grc' dir='ltr'>ψάλλων,</span> <span class='ocrx_word' id='word_1_287' title='bbox 1344 3493 1430 3557; x_wconf 80' lang='grc' dir='ltr'>εἰς</span> <span class='ocrx_word' id='word_1_288' title='bbox 1467 3490 1812 3561; x_wconf 78' lang='grc' dir='ltr'>ἀνάμνησιν</span> <span class='ocrx_word' id='word_1_289' title='bbox 1847 3490 2026 3562; x_wconf 83' lang='grc' dir='ltr'>ἑαυτῷ</span> 
     </span>
    </p>
   </div>
   <div class='ocr_carea' id='block_1_40' title="bbox 439 3577 2025 3657">
    <p class='ocr_par' dir='ltr' id='par_1_40' title="bbox 439 3577 2025 3657">
     <span class='ocr_line' id='line_1_40' title="bbox 439 3577 2025 3657; baseline 0.003 -25"><span class='ocrx_word' id='word_1_290' title='bbox 439 3580 793 3633; x_wconf 82' lang='grc' dir='ltr'>συνέταττεν·</span> <span class='ocrx_word' id='word_1_291' title='bbox 860 3577 1009 3645; x_wconf 71' lang='grc' dir='ltr'>οὗτος</span> <span class='ocrx_word' id='word_1_292' title='bbox 1036 3581 1092 3633; x_wconf 86' lang='grc' dir='ltr'><strong>δὲ</strong></span> <span class='ocrx_word' id='word_1_293' title='bbox 1138 3581 1236 3654; x_wconf 70' lang='grc' dir='ltr'>ἤδη</span> <span class='ocrx_word' id='word_1_294' title='bbox 1284 3583 1377 3637; x_wconf 72' lang='grc' dir='ltr'><strong>καὶ</strong></span> <span class='ocrx_word' id='word_1_295' title='bbox 1422 3584 1643 3657; x_wconf 80' lang='grc' dir='ltr'>ἐτέρους</span> <span class='ocrx_word' id='word_1_296' title='bbox 1688 3584 2025 3656; x_wconf 86' lang='grc' dir='ltr'>παραδίδωσι</span> 
     </span>
    </p>
   </div>
   <div class='ocr_carea' id='block_1_41' title="bbox 434 3669 2026 3746">
    <p class='ocr_par' dir='ltr' id='par_1_41' title="bbox 434 3669 2026 3746">
     <span class='ocr_line' id='line_1_41' title="bbox 434 3669 2026 3746; baseline 0.002 -21"><span class='ocrx_word' id='word_1_297' title='bbox 434 3669 562 3734; x_wconf 80' lang='grc' dir='ltr'>τοὺς</span> <span class='ocrx_word' id='word_1_298' title='bbox 584 3670 650 3723; x_wconf 77' lang='grc' dir='ltr'>τὰ</span> <span class='ocrx_word' id='word_1_299' title='bbox 683 3671 843 3741; x_wconf 84' lang='grc' dir='ltr'>ὃμοια</span> <span class='ocrx_word' id='word_1_300' title='bbox 871 3670 1207 3733; x_wconf 85' lang='grc' dir='ltr'>πεπονθότας</span> <span class='ocrx_word' id='word_1_301' title='bbox 1239 3672 1407 3743; x_wconf 82' lang='grc' dir='ltr'>αὐτῷ,</span> <span class='ocrx_word' id='word_1_302' title='bbox 1439 3674 1527 3726; x_wconf 72' lang='grc' dir='ltr'>διὰ</span> <span class='ocrx_word' id='word_1_303' title='bbox 1563 3674 1662 3744; x_wconf 82' lang='grc' dir='ltr'>τῆς</span> <span class='ocrx_word' id='word_1_304' title='bbox 1688 3674 1807 3746; x_wconf 81' lang='grc' dir='ltr'>ἴσης</span> <span class='ocrx_word' id='word_1_305' title='bbox 1835 3674 2026 3746; x_wconf 79' lang='grc' dir='ltr'>ἐξομο-</span> 
     </span>
    </p>
   </div>
   <div class='ocr_carea' id='block_1_42' title="bbox 436 3760 2027 3835">
    <p class='ocr_par' dir='ltr' id='par_1_42' title="bbox 436 3760 2027 3835">
     <span class='ocr_line' id='line_1_42' title="bbox 436 3760 2027 3835; baseline 0.003 -21"><span class='ocrx_word' id='word_1_306' title='bbox 436 3760 714 3832; x_wconf 84' lang='grc' dir='ltr'>λογήσεως</span> <span class='ocrx_word' id='word_1_307' title='bbox 738 3762 933 3832; x_wconf 79' lang='grc' dir='ltr'>ζηλοῦν</span> <span class='ocrx_word' id='word_1_308' title='bbox 954 3764 1115 3817; x_wconf 82' lang='grc' dir='ltr'>αὑτὸν</span> <span class='ocrx_word' id='word_1_309' title='bbox 1154 3765 1261 3833; x_wconf 76' lang='grc' dir='ltr'>καὶ</span> <span class='ocrx_word' id='word_1_310' title='bbox 1303 3765 1586 3835; x_wconf 82' lang='grc' dir='ltr'>μιμεῖσθαι</span> <span class='ocrx_word' id='word_1_311' title='bbox 1627 3765 1899 3818; x_wconf 83' lang='grc' dir='ltr'>παιδεύων</span> <span class='ocrx_word' id='word_1_312' title='bbox 1925 3783 1938 3796; x_wconf 77' lang='grc' dir='ltr'><strong><em>ο</em></strong></span> <span class='ocrx_word' id='word_1_313' title='bbox 1976 3768 2027 3819; x_wconf 85' lang='grc' dir='ltr'>εἰ</span> 
     </span>
    </p>
   </div>
   <div class='ocr_carea' id='block_1_43' title="bbox 442 3854 2027 3929">
    <p class='ocr_par' dir='ltr' id='par_1_43' title="bbox 442 3854 2027 3929">
     <span class='ocr_line' id='line_1_43' title="bbox 442 3854 2027 3929; baseline 0.003 -23"><span class='ocrx_word' id='word_1_314' title='bbox 442 3854 517 3925; x_wconf 76' lang='grc' dir='ltr'>μὴ</span> <span class='ocrx_word' id='word_1_315' title='bbox 534 3854 641 3923; x_wconf 82' lang='grc' dir='ltr'>ἄρα</span> <span class='ocrx_word' id='word_1_316' title='bbox 671 3855 732 3907; x_wconf 84' lang='grc' dir='ltr'><strong>τὸ</strong></span> <span class='ocrx_word' id='word_1_317' title='bbox 760 3855 986 3926; x_wconf 78' lang='grc' dir='ltr'>Πνεῦμα</span> <span class='ocrx_word' id='word_1_318' title='bbox 1019 3857 1080 3909; x_wconf 76' lang='grc' dir='ltr'>τὸ</span> <span class='ocrx_word' id='word_1_319' title='bbox 1109 3857 1262 3926; x_wconf 78' lang='grc' dir='ltr'>ἆγιον</span> <span class='ocrx_word' id='word_1_320' title='bbox 1291 3857 1379 3912; x_wconf 81' lang='grc' dir='ltr'>διὰ</span> <span class='ocrx_word' id='word_1_321' title='bbox 1420 3856 1513 3910; x_wconf 79' lang='grc' dir='ltr'>τοῦ</span> <span class='ocrx_word' id='word_1_322' title='bbox 1567 3858 1803 3929; x_wconf 78' lang='grc' dir='ltr'>Ἰδιθοὺμ</span> <span class='ocrx_word' id='word_1_323' title='bbox 1852 3857 2027 3911; x_wconf 85' lang='grc' dir='ltr'>ταῦτα</span> 
     </span>
    </p>
   </div>
   <div class='ocr_carea' id='block_1_44' title="bbox 438 3944 2028 4021">
    <p class='ocr_par' dir='ltr' id='par_1_44' title="bbox 438 3944 2028 4021">
     <span class='ocr_line' id='line_1_44' title="bbox 438 3944 2028 4021; baseline 0.004 -24"><span class='ocrx_word' id='word_1_324' title='bbox 438 3944 528 4003; x_wconf 78' lang='grc' dir='ltr'><strong>τὸν</strong></span> <span class='ocrx_word' id='word_1_325' title='bbox 555 3946 717 4000; x_wconf 78' lang='grc' dir='ltr'>Δαυῒδ</span> <span class='ocrx_word' id='word_1_326' title='bbox 739 3947 986 4001; x_wconf 77' lang='grc' dir='ltr'>ἐδίδασκε</span> <span class='ocrx_word' id='word_1_327' title='bbox 1013 3949 1214 4017; x_wconf 77' lang='grc' dir='ltr'>λέγειν.</span> <span class='ocrx_word' id='word_1_328' title='bbox 1262 3948 1486 4015; x_wconf 77' lang='grc' dir='ltr'>Ἦξίωτο</span> <span class='ocrx_word' id='word_1_329' title='bbox 1516 3949 1623 4021; x_wconf 76' lang='grc' dir='ltr'>γὰρ</span> <span class='ocrx_word' id='word_1_330' title='bbox 1665 3951 1761 4004; x_wconf 73' lang='grc' dir='ltr'><strong>καὶ</strong></span> <span class='ocrx_word' id='word_1_331' title='bbox 1807 3951 1969 4014; x_wconf 82' lang='grc' dir='ltr'>αὐτὸς</span> <span class='ocrx_word' id='word_1_332' title='bbox 2000 3952 2028 4004; x_wconf 91' lang='grc' dir='ltr'><strong>ό</strong></span> 
     </span>
    </p>
   </div>
   <div class='ocr_carea' id='block_1_45' title="bbox 453 4035 2030 4111">
    <p class='ocr_par' dir='ltr' id='par_1_45' title="bbox 453 4035 2030 4111">
     <span class='ocr_line' id='line_1_45' title="bbox 453 4035 2030 4111; baseline 0.003 -23"><span class='ocrx_word' id='word_1_333' title='bbox 453 4035 684 4107; x_wconf 82' lang='grc' dir='ltr'>Ἰδιθοὺμ</span> <span class='ocrx_word' id='word_1_334' title='bbox 715 4037 1024 4107; x_wconf 87' lang='grc' dir='ltr'>πνεύματος</span> <span class='ocrx_word' id='word_1_335' title='bbox 1061 4040 1422 4111; x_wconf 78' lang='grc' dir='ltr'>προφητικοῦ.</span> <span class='ocrx_word' id='word_1_336' title='bbox 1473 4040 1833 4111; x_wconf 85' lang='grc' dir='ltr'>Μανθὰνομεν</span> <span class='ocrx_word' id='word_1_337' title='bbox 1861 4040 1917 4093; x_wconf 81' lang='grc' dir='ltr'>δὲ</span> <span class='ocrx_word' id='word_1_338' title='bbox 1941 4038 2030 4092; x_wconf 83' lang='grc' dir='ltr'>διὰ</span> 
     </span>
    </p>
   </div>
   <div class='ocr_carea' id='block_1_46' title="bbox 438 4129 2030 4205">
    <p class='ocr_par' dir='ltr' id='par_1_46' title="bbox 438 4129 2030 4205">
     <span class='ocr_line' id='line_1_46' title="bbox 438 4129 2030 4205; baseline -0.001 -20"><span class='ocrx_word' id='word_1_339' title='bbox 438 4129 549 4185; x_wconf 80' lang='grc' dir='ltr'><strong>τῶν</strong></span> <span class='ocrx_word' id='word_1_340' title='bbox 583 4131 982 4205; x_wconf 82' lang='grc' dir='ltr'>προκειμένων,</span> <span class='ocrx_word' id='word_1_341' title='bbox 1011 4134 1087 4197; x_wconf 87' lang='grc' dir='ltr'>ὡς</span> <span class='ocrx_word' id='word_1_342' title='bbox 1134 4133 1243 4205; x_wconf 76' lang='grc' dir='ltr'>ἄρα</span> <span class='ocrx_word' id='word_1_343' title='bbox 1276 4134 1541 4205; x_wconf 84' lang='grc' dir='ltr'>προσήκει</span> <span class='ocrx_word' id='word_1_344' title='bbox 1588 4133 1817 4186; x_wconf 70' lang='grc' dir='ltr'>ἕκαστον</span> <span class='ocrx_word' id='word_1_345' title='bbox 1853 4131 2030 4203; x_wconf 82' lang='grc' dir='ltr'>ἐαυτῴ</span> 
     </span>
    </p>
   </div>
   <div class='ocr_carea' id='block_1_47' title="bbox 438 4222 2032 4298">
    <p class='ocr_par' dir='ltr' id='par_1_47' title="bbox 438 4222 2032 4298">
     <span class='ocr_line' id='line_1_47' title="bbox 438 4222 2032 4298; baseline 0.001 -23"><span class='ocrx_word' id='word_1_346' title='bbox 438 4222 801 4293; x_wconf 79' lang='grc' dir='ltr'>διαλέγεσθαι,</span> <span class='ocrx_word' id='word_1_347' title='bbox 851 4226 984 4296; x_wconf 77' lang='grc' dir='ltr'>μηδὲ</span> <span class='ocrx_word' id='word_1_348' title='bbox 1038 4226 1353 4298; x_wconf 84' lang='grc' dir='ltr'>περιμένειν</span> <span class='ocrx_word' id='word_1_349' title='bbox 1392 4228 1516 4289; x_wconf 78' lang='grc' dir='ltr'>τοὺς</span> <span class='ocrx_word' id='word_1_350' title='bbox 1544 4224 1742 4290; x_wconf 76' lang='grc' dir='ltr'>ἔξωθεν</span> <span class='ocrx_word' id='word_1_351' title='bbox 1778 4223 2032 4277; x_wconf 85' lang='grc' dir='ltr'>διδασκά-</span> 
     </span>
    </p>
   </div>
   <div class='ocr_carea' id='block_1_48' title="bbox 440 4314 2031 4391">
    <p class='ocr_par' dir='ltr' id='par_1_48' title="bbox 440 4314 2031 4391">
     <span class='ocr_line' id='line_1_48' title="bbox 440 4314 2031 4391; baseline -0.002 -22"><span class='ocrx_word' id='word_1_352' title='bbox 440 4316 584 4382; x_wconf 86' lang='grc' dir='ltr'>λους,</span> <span class='ocrx_word' id='word_1_353' title='bbox 638 4319 801 4371; x_wconf 77' lang='grc' dir='ltr'>αὐτὸν</span> <span class='ocrx_word' id='word_1_354' title='bbox 830 4319 897 4371; x_wconf 84' lang='grc' dir='ltr'>δι’</span> <span class='ocrx_word' id='word_1_355' title='bbox 944 4319 1140 4372; x_wconf 77' lang='grc' dir='ltr'>ἑαυτοῦ</span> <span class='ocrx_word' id='word_1_356' title='bbox 1201 4318 1635 4391; x_wconf 83' lang='grc' dir='ltr'>προσομιλοῦντα</span> <span class='ocrx_word' id='word_1_357' title='bbox 1680 4316 1759 4389; x_wconf 79' lang='grc' dir='ltr'><strong>τῷ</strong></span> <span class='ocrx_word' id='word_1_358' title='bbox 1785 4314 2031 4386; x_wconf 80' lang='grc' dir='ltr'>λογισμῷ</span> 
     </span>
    </p>
   </div>
   <div class='ocr_carea' id='block_1_49' title="bbox 441 4411 893 4482">
    <p class='ocr_par' dir='ltr' id='par_1_49' title="bbox 441 4411 893 4482">
     <span class='ocr_line' id='line_1_49' title="bbox 441 4411 893 4482; baseline 0.013 -20"><span class='ocrx_word' id='word_1_359' title='bbox 441 4411 535 4463; x_wconf 71' lang='grc' dir='ltr'><strong>καὶ</strong></span> <span class='ocrx_word' id='word_1_360' title='bbox 562 4412 628 4478; x_wconf 80' lang='grc' dir='ltr'>τῇ</span> <span class='ocrx_word' id='word_1_361' title='bbox 666 4411 893 4482; x_wconf 72' lang='grc' dir='ltr'>διανοίᾳ.</span> 
     </span>
    </p>
   </div>
   <div class='ocr_carea' id='block_1_50' title="bbox 2198 1004 3712 1077">
    <p class='ocr_par' dir='ltr' id='par_1_50' title="bbox 2198 1004 3712 1077">
     <span class='ocr_line' id='line_1_50' title="bbox 2198 1004 3712 1077; baseline 0.005 -18"><span class='ocrx_word' id='word_1_362' title='bbox 2198 1004 2364 1061; x_wconf 68' lang='lat' dir='ltr'><strong>Vens.</strong></span> <span class='ocrx_word' id='word_1_363' title='bbox 2430 1007 2515 1060; x_wconf 84' lang='lat' dir='ltr'><strong>l7.</strong></span> <span class='ocrx_word' id='word_1_364' title='bbox 2571 1004 2683 1076; x_wconf 87' lang='lat' dir='ltr'><strong>Ego</strong></span> <span class='ocrx_word' id='word_1_365' title='bbox 2747 1015 2924 1059; x_wconf 88' lang='lat' dir='ltr'><strong>autem</strong></span> <span class='ocrx_word' id='word_1_366' title='bbox 3012 1013 3263 1077; x_wconf 86' lang='lat' dir='ltr'><strong>tanquam</strong></span> <span class='ocrx_word' id='word_1_367' title='bbox 3326 1007 3523 1064; x_wconf 78' lang='lat' dir='ltr'><strong>surdus</strong></span> <span class='ocrx_word' id='word_1_368' title='bbox 3604 1028 3712 1067; x_wconf 81' lang='lat' dir='ltr'><strong>non</strong></span> 
     </span>
    </p>
   </div>
   <div class='ocr_carea' id='block_1_51' title="bbox 2128 1097 3709 1164">
    <p class='ocr_par' dir='ltr' id='par_1_51' title="bbox 2128 1097 3709 1164">
     <span class='ocr_line' id='line_1_51' title="bbox 2128 1097 3709 1164; baseline 0.003 -14"><span class='ocrx_word' id='word_1_369' title='bbox 2128 1097 2427 1160; x_wconf 79' lang='lat' dir='ltr'><strong>audiebam,</strong></span> <span class='ocrx_word' id='word_1_370' title='bbox 2482 1106 2527 1151; x_wconf 84' lang='lat' dir='ltr'><strong>et</strong></span> <span class='ocrx_word' id='word_1_371' title='bbox 2575 1098 2711 1150; x_wconf 85' lang='lat' dir='ltr'><strong>sicut</strong></span> <span class='ocrx_word' id='word_1_372' title='bbox 2756 1106 2932 1149; x_wconf 84' lang='lat' dir='ltr'><strong>mutus</strong></span> <span class='ocrx_word' id='word_1_373' title='bbox 2985 1112 3089 1148; x_wconf 88' lang='lat' dir='ltr'><strong>non</strong></span> <span class='ocrx_word' id='word_1_374' title='bbox 3142 1097 3380 1164; x_wconf 87' lang='lat' dir='ltr'><strong>aperiens</strong></span> <span class='ocrx_word' id='word_1_375' title='bbox 3429 1115 3486 1152; x_wconf 88' lang='lat' dir='ltr'><strong>os</strong></span> <span class='ocrx_word' id='word_1_376' title='bbox 3532 1117 3709 1156; x_wconf 87' lang='lat' dir='ltr'><strong>suum.</strong></span> 
     </span>
    </p>
   </div>
   <div class='ocr_carea' id='block_1_52' title="bbox 2130 1187 3711 1258">
    <p class='ocr_par' dir='ltr' id='par_1_52' title="bbox 2130 1187 3711 1258">
     <span class='ocr_line' id='line_1_52' title="bbox 2130 1187 3711 1258; baseline 0.004 -16"><span class='ocrx_word' id='word_1_377' title='bbox 2130 1189 2200 1242; x_wconf 84' lang='lat' dir='ltr'><strong>Et</strong></span> <span class='ocrx_word' id='word_1_378' title='bbox 2220 1190 2394 1258; x_wconf 78' lang='lat' dir='ltr'><strong>factus</strong></span> <span class='ocrx_word' id='word_1_379' title='bbox 2426 1206 2542 1243; x_wconf 87' lang='lat' dir='ltr'><strong>sum</strong></span> <span class='ocrx_word' id='word_1_380' title='bbox 2568 1190 2703 1242; x_wconf 85' lang='lat' dir='ltr'><strong><em>sicut</em></strong></span> <span class='ocrx_word' id='word_1_381' title='bbox 2734 1187 2888 1241; x_wconf 84' lang='lat' dir='ltr'><strong>homo</strong></span> <span class='ocrx_word' id='word_1_382' title='bbox 2920 1204 3023 1241; x_wconf 90' lang='lat' dir='ltr'><strong>non</strong></span> <span class='ocrx_word' id='word_1_383' title='bbox 3049 1187 3289 1256; x_wconf 87' lang='lat' dir='ltr'><strong>audiens,</strong></span> <span class='ocrx_word' id='word_1_384' title='bbox 3313 1201 3363 1242; x_wconf 89' lang='lat' dir='ltr'><strong>et</strong></span> <span class='ocrx_word' id='word_1_385' title='bbox 3387 1208 3491 1245; x_wconf 87' lang='lat' dir='ltr'><strong>non</strong></span> <span class='ocrx_word' id='word_1_386' title='bbox 3517 1191 3711 1249; x_wconf 72' lang='lat' dir='ltr'><strong>habens</strong></span> 
     </span>
    </p>
   </div>
   <div class='ocr_carea' id='block_1_53' title="bbox 2128 1278 3712 1351">
    <p class='ocr_par' dir='ltr' id='par_1_53' title="bbox 2128 1278 3712 1351">
     <span class='ocr_line' id='line_1_53' title="bbox 2128 1278 3712 1351; baseline 0.004 -17"><span class='ocrx_word' id='word_1_387' title='bbox 2128 1281 2185 1334; x_wconf 89' lang='lat' dir='ltr'><strong>in</strong></span> <span class='ocrx_word' id='word_1_388' title='bbox 2207 1298 2293 1335; x_wconf 90' lang='lat' dir='ltr'><strong>ore</strong></span> <span class='ocrx_word' id='word_1_389' title='bbox 2343 1298 2440 1335; x_wconf 90' lang='lat' dir='ltr'><strong>suo</strong></span> <span class='ocrx_word' id='word_1_390' title='bbox 2483 1280 2903 1351; x_wconf 81' lang='lat' dir='ltr'><strong>redargutiones.</strong></span> <span class='ocrx_word' id='word_1_391' title='bbox 2951 1278 3263 1345; x_wconf 86' lang='lat' dir='ltr'><strong>Quoniam,</strong></span> <span class='ocrx_word' id='word_1_392' title='bbox 3317 1280 3536 1351; x_wconf 81' lang='lat' dir='ltr'><strong><em>inquit,</em></strong></span> <span class='ocrx_word' id='word_1_393' title='bbox 3580 1284 3712 1341; x_wconf 84' lang='lat' dir='ltr'><strong>mihi</strong></span> 
     </span>
    </p>
   </div>
   <div class='ocr_carea' id='block_1_54' title="bbox 2130 1371 3711 1444">
    <p class='ocr_par' dir='ltr' id='par_1_54' title="bbox 2130 1371 3711 1444">
     <span class='ocr_line' id='line_1_54' title="bbox 2130 1371 3711 1444; baseline 0.003 -18"><span class='ocrx_word' id='word_1_394' title='bbox 2130 1372 2340 1441; x_wconf 88' lang='lat' dir='ltr'><strong>pudore</strong></span> <span class='ocrx_word' id='word_1_395' title='bbox 2397 1372 2629 1435; x_wconf 82' lang='lat' dir='ltr'><strong>sutl&#39;uso,</strong></span> <span class='ocrx_word' id='word_1_396' title='bbox 2679 1371 2817 1425; x_wconf 87' lang='lat' dir='ltr'><strong><em>nihil</em></strong></span> <span class='ocrx_word' id='word_1_397' title='bbox 2875 1371 3199 1440; x_wconf 77' lang='lat' dir='ltr'><strong>suppetebat</strong></span> <span class='ocrx_word' id='word_1_398' title='bbox 3235 1372 3382 1440; x_wconf 88' lang='lat' dir='ltr'><strong>quod</strong></span> <span class='ocrx_word' id='word_1_399' title='bbox 3429 1373 3711 1444; x_wconf 83' lang='lat' dir='ltr'><strong>dicerem;</strong></span> 
     </span>
    </p>
   </div>
   <div class='ocr_carea' id='block_1_55' title="bbox 2130 1461 3711 1534">
    <p class='ocr_par' dir='ltr' id='par_1_55' title="bbox 2130 1461 3711 1534">
     <span class='ocr_line' id='line_1_55' title="bbox 2130 1461 3711 1534; baseline 0 -17"><span class='ocrx_word' id='word_1_400' title='bbox 2130 1465 2316 1520; x_wconf 88' lang='lat' dir='ltr'><strong>nullus</strong></span> <span class='ocrx_word' id='word_1_401' title='bbox 2346 1466 2547 1534; x_wconf 88' lang='lat' dir='ltr'><strong>quippe</strong></span> <span class='ocrx_word' id='word_1_402' title='bbox 2592 1462 2660 1516; x_wconf 90' lang='lat' dir='ltr'><strong>ad</strong></span> <span class='ocrx_word' id='word_1_403' title='bbox 2692 1461 3066 1517; x_wconf 78' lang='lat' dir='ltr'><strong>defensionem</strong></span> <span class='ocrx_word' id='word_1_404' title='bbox 3105 1476 3287 1515; x_wconf 91' lang='lat' dir='ltr'><strong>sermo</strong></span> <span class='ocrx_word' id='word_1_405' title='bbox 3328 1465 3711 1530; x_wconf 71' lang='lat' dir='ltr'><strong>succurrebat,</strong></span> 
     </span>
    </p>
   </div>
   <div class='ocr_carea' id='block_1_56' title="bbox 2129 1553 3713 1628">
    <p class='ocr_par' dir='ltr' id='par_1_56' title="bbox 2129 1553 3713 1628">
     <span class='ocr_line' id='line_1_56' title="bbox 2129 1553 3713 1628; baseline 0.001 -17"><span class='ocrx_word' id='word_1_406' title='bbox 2129 1572 2307 1628; x_wconf 88' lang='lat' dir='ltr'><strong>neque</strong></span> <span class='ocrx_word' id='word_1_407' title='bbox 2356 1558 2632 1618; x_wconf 87' lang='lat' dir='ltr'><strong>inimicos.</strong></span> <span class='ocrx_word' id='word_1_408' title='bbox 2671 1554 2836 1611; x_wconf 89' lang='lat' dir='ltr'><strong>semel</strong></span> <span class='ocrx_word' id='word_1_409' title='bbox 2880 1553 2948 1608; x_wconf 89' lang='lat' dir='ltr'><strong>ab</strong></span> <span class='ocrx_word' id='word_1_410' title='bbox 2979 1553 3047 1609; x_wconf 91' lang='lat' dir='ltr'><strong>iis</strong></span> <span class='ocrx_word' id='word_1_411' title='bbox 3075 1554 3277 1615; x_wconf 86' lang='lat' dir='ltr'><strong>victus,</strong></span> <span class='ocrx_word' id='word_1_412' title='bbox 3312 1555 3516 1625; x_wconf 85' lang='lat' dir='ltr'><strong>alloqui</strong></span> <span class='ocrx_word' id='word_1_413' title='bbox 3564 1557 3713 1613; x_wconf 87' lang='lat' dir='ltr'><strong>vale-</strong></span> 
     </span>
    </p>
   </div>
   <div class='ocr_carea' id='block_1_57' title="bbox 2126 1645 3711 1718">
    <p class='ocr_par' dir='ltr' id='par_1_57' title="bbox 2126 1645 3711 1718">
     <span class='ocr_line' id='line_1_57' title="bbox 2126 1645 3711 1718; baseline 0.001 -16"><span class='ocrx_word' id='word_1_414' title='bbox 2126 1650 2274 1712; x_wconf 85' lang='lat' dir='ltr'><strong>bam,</strong></span> <span class='ocrx_word' id='word_1_415' title='bbox 2305 1649 2439 1702; x_wconf 88' lang='lat' dir='ltr'><strong>mihi</strong></span> <span class='ocrx_word' id='word_1_416' title='bbox 2473 1664 2581 1702; x_wconf 90' lang='lat' dir='ltr'><strong>non</strong></span> <span class='ocrx_word' id='word_1_417' title='bbox 2620 1646 2813 1708; x_wconf 83' lang='lat' dir='ltr'><strong>ﬁdens,</strong></span> <span class='ocrx_word' id='word_1_418' title='bbox 2851 1660 3029 1717; x_wconf 89' lang='lat' dir='ltr'><strong>neque</strong></span> <span class='ocrx_word' id='word_1_419' title='bbox 3056 1645 3216 1697; x_wconf 88' lang='lat' dir='ltr'><strong>aliam</strong></span> <span class='ocrx_word' id='word_1_420' title='bbox 3250 1652 3446 1714; x_wconf 66' lang='lat' dir='ltr'><strong>praeter</strong></span> <span class='ocrx_word' id='word_1_421' title='bbox 3475 1655 3527 1701; x_wconf 91' lang='lat' dir='ltr'><strong>te</strong></span> <span class='ocrx_word' id='word_1_422' title='bbox 3560 1663 3711 1718; x_wconf 88' lang='lat' dir='ltr'><strong>spem</strong></span> 
     </span>
    </p>
   </div>
   <div class='ocr_carea' id='block_1_58' title="bbox 2126 1735 3712 1812">
    <p class='ocr_par' dir='ltr' id='par_1_58' title="bbox 2126 1735 3712 1812">
     <span class='ocr_line' id='line_1_58' title="bbox 2126 1735 3712 1812; baseline -0.001 -17"><span class='ocrx_word' id='word_1_423' title='bbox 2126 1756 2239 1812; x_wconf 76' lang='lat' dir='ltr'><strong>prae</strong></span> <span class='ocrx_word' id='word_1_424' title='bbox 2284 1740 2463 1797; x_wconf 77' lang='lat' dir='ltr'><strong>oculis</strong></span> <span class='ocrx_word' id='word_1_425' title='bbox 2500 1740 2730 1805; x_wconf 84' lang='lat' dir='ltr'><strong>habens,</strong></span> <span class='ocrx_word' id='word_1_426' title='bbox 2782 1738 2929 1792; x_wconf 84' lang='lat' dir='ltr'><strong>hunc</strong></span> <span class='ocrx_word' id='word_1_427' title='bbox 2960 1735 3096 1790; x_wconf 91' lang='lat' dir='ltr'><strong>mihi</strong></span> <span class='ocrx_word' id='word_1_428' title='bbox 3131 1736 3436 1793; x_wconf 89' lang='lat' dir='ltr'><strong>curationis</strong></span> <span class='ocrx_word' id='word_1_429' title='bbox 3487 1739 3712 1793; x_wconf 85' lang='lat' dir='ltr'><strong>modum</strong></span> 
     </span>
    </p>
   </div>
   <div class='ocr_carea' id='block_1_59' title="bbox 2126 1830 3710 1903">
    <p class='ocr_par' dir='ltr' id='par_1_59' title="bbox 2126 1830 3710 1903">
     <span class='ocr_line' id='line_1_59' title="bbox 2126 1830 3710 1903; baseline 0.001 -18"><span class='ocrx_word' id='word_1_430' title='bbox 2126 1832 2464 1903; x_wconf 64' lang='lat' dir='ltr'><strong>praescripsi.</strong></span> <span class='ocrx_word' id='word_1_431' title='bbox 2506 1831 2773 1899; x_wconf 82' lang='lat' dir='ltr'><strong>Quoniam</strong></span> <span class='ocrx_word' id='word_1_432' title='bbox 2808 1831 2975 1899; x_wconf 77' lang='lat' dir='ltr'><strong>igitur</strong></span> <span class='ocrx_word' id='word_1_433' title='bbox 3018 1830 3072 1885; x_wconf 90' lang='lat' dir='ltr'><strong>in</strong></span> <span class='ocrx_word' id='word_1_434' title='bbox 3108 1839 3154 1884; x_wconf 89' lang='lat' dir='ltr'><strong>te</strong></span> <span class='ocrx_word' id='word_1_435' title='bbox 3188 1830 3414 1900; x_wconf 80' lang='lat' dir='ltr'><strong>speravi,</strong></span> <span class='ocrx_word' id='word_1_436' title='bbox 3466 1830 3710 1898; x_wconf 83' lang='lat' dir='ltr'><strong>Domine,</strong></span> 
     </span>
    </p>
   </div>
   <div class='ocr_carea' id='block_1_60' title="bbox 2124 1921 3711 1994">
    <p class='ocr_par' dir='ltr' id='par_1_60' title="bbox 2124 1921 3711 1994">
     <span class='ocr_line' id='line_1_60' title="bbox 2124 1921 3711 1994; baseline 0.001 -15"><span class='ocrx_word' id='word_1_437' title='bbox 2124 1942 2240 1994; x_wconf 87' lang='lat' dir='ltr'><strong>spes</strong></span> <span class='ocrx_word' id='word_1_438' title='bbox 2289 1932 2472 1980; x_wconf 83' lang='lat' dir='ltr'><strong>autem</strong></span> <span class='ocrx_word' id='word_1_439' title='bbox 2513 1939 2617 1977; x_wconf 87' lang='lat' dir='ltr'><strong>non</strong></span> <span class='ocrx_word' id='word_1_440' title='bbox 2662 1922 2940 1991; x_wconf 81' lang='lat' dir='ltr'><strong>confundit</strong></span> <span class='ocrx_word' id='word_1_441' title='bbox 2966 1922 3051 1988; x_wconf 77' lang='grc'><strong>⁰⁸;</strong></span> <span class='ocrx_word' id='word_1_442' title='bbox 3085 1921 3209 1977; x_wconf 90' lang='lat' dir='ltr'><strong>ideo</strong></span> <span class='ocrx_word' id='word_1_443' title='bbox 3258 1922 3541 1986; x_wconf 76' lang='lat' dir='ltr'><strong>exaudies,</strong></span> <span class='ocrx_word' id='word_1_444' title='bbox 3583 1926 3711 1993; x_wconf 84' lang='lat' dir='ltr'><strong>quia</strong></span> 
     </span>
    </p>
   </div>
   <div class='ocr_carea' id='block_1_61' title="bbox 2127 2012 3698 2082">
    <p class='ocr_par' dir='ltr' id='par_1_61' title="bbox 2127 2012 3698 2082">
     <span class='ocr_line' id='line_1_61' title="bbox 2127 2012 3698 2082; baseline -0.001 -13"><span class='ocrx_word' id='word_1_445' title='bbox 2127 2014 2569 2069; x_wconf 87' lang='lat' dir='ltr'><strong>misericordiam</strong></span> <span class='ocrx_word' id='word_1_446' title='bbox 2617 2014 2722 2078; x_wconf 87' lang='lat' dir='ltr'><strong>vis,</strong></span> <span class='ocrx_word' id='word_1_447' title='bbox 2771 2026 2952 2081; x_wconf 91' lang='lat' dir='ltr'><strong>neque</strong></span> <span class='ocrx_word' id='word_1_448' title='bbox 2985 2012 3068 2067; x_wconf 93' lang='lat' dir='ltr'><strong>vis</strong></span> <span class='ocrx_word' id='word_1_449' title='bbox 3100 2018 3330 2066; x_wconf 87' lang='lat' dir='ltr'><strong>mortem</strong></span> <span class='ocrx_word' id='word_1_450' title='bbox 3366 2014 3698 2082; x_wconf 85' lang='lat' dir='ltr'><strong>peccatoris.</strong></span> 
     </span>
    </p>
   </div>
   <div class='ocr_carea' id='block_1_62' title="bbox 2128 2103 3714 2177">
    <p class='ocr_par' dir='ltr' id='par_1_62' title="bbox 2128 2103 3714 2177">
     <span class='ocr_line' id='line_1_62' title="bbox 2128 2103 3714 2177; baseline -0.003 -14"><span class='ocrx_word' id='word_1_451' title='bbox 2128 2107 2222 2163; x_wconf 86' lang='lat' dir='ltr'><strong>sed</strong></span> <span class='ocrx_word' id='word_1_452' title='bbox 2263 2106 2637 2177; x_wconf 64' lang='lat' dir='ltr'><strong>paenitentiam</strong></span> <span class='ocrx_word' id='word_1_453' title='bbox 2674 2105 2812 2174; x_wconf 86' lang='lat' dir='ltr'><strong>ejus.</strong></span> <span class='ocrx_word' id='word_1_454' title='bbox 2852 2103 3033 2169; x_wconf 85' lang='lat' dir='ltr'><strong>Quare</strong></span> <span class='ocrx_word' id='word_1_455' title='bbox 3092 2118 3218 2157; x_wconf 90' lang='lat' dir='ltr'><strong>cum</strong></span> <span class='ocrx_word' id='word_1_456' title='bbox 3276 2103 3332 2157; x_wconf 89' lang='lat' dir='ltr'><strong>in</strong></span> <span class='ocrx_word' id='word_1_457' title='bbox 3366 2111 3419 2158; x_wconf 91' lang='lat' dir='ltr'><strong>te</strong></span> <span class='ocrx_word' id='word_1_458' title='bbox 3458 2119 3714 2175; x_wconf 85' lang='lat' dir='ltr'><strong>sperave-</strong></span> 
     </span>
    </p>
   </div>
   <div class='ocr_carea' id='block_1_63' title="bbox 2127 2195 3712 2262">
    <p class='ocr_par' dir='ltr' id='par_1_63' title="bbox 2127 2195 3712 2262">
     <span class='ocr_line' id='line_1_63' title="bbox 2127 2195 3712 2262; baseline -0.003 -9"><span class='ocrx_word' id='word_1_459' title='bbox 2127 2198 2253 2262; x_wconf 92' lang='lat' dir='ltr'><strong>rim,</strong></span> <span class='ocrx_word' id='word_1_460' title='bbox 2290 2197 2523 2252; x_wconf 90' lang='lat' dir='ltr'><strong>obsecro</strong></span> <span class='ocrx_word' id='word_1_461' title='bbox 2576 2207 2726 2250; x_wconf 86' lang='lat' dir='ltr'><strong>tuam</strong></span> <span class='ocrx_word' id='word_1_462' title='bbox 2778 2195 2912 2249; x_wconf 87' lang='lat' dir='ltr'><strong>mihi</strong></span> <span class='ocrx_word' id='word_1_463' title='bbox 2965 2197 3304 2249; x_wconf 86' lang='lat' dir='ltr'><strong>curationem</strong></span> <span class='ocrx_word' id='word_1_464' title='bbox 3354 2195 3603 2250; x_wconf 89' lang='lat' dir='ltr'><strong>obtinere</strong></span> <span class='ocrx_word' id='word_1_465' title='bbox 3645 2196 3712 2249; x_wconf 90' lang='lat' dir='ltr'><strong>li-</strong></span> 
     </span>
    </p>
   </div>
   <div class='ocr_carea' id='block_1_64' title="bbox 2125 2287 3708 2359">
    <p class='ocr_par' dir='ltr' id='par_1_64' title="bbox 2125 2287 3708 2359">
     <span class='ocr_line' id='line_1_64' title="bbox 2125 2287 3708 2359; baseline -0.003 -15"><span class='ocrx_word' id='word_1_466' title='bbox 2125 2288 2612 2359; x_wconf 79' lang='lat' dir='ltr'><strong>ceat:Nequando</strong></span> <span class='ocrx_word' id='word_1_467' title='bbox 2668 2287 3092 2358; x_wconf 81' lang='lat' dir='ltr'><strong>supergaudeant</strong></span> <span class='ocrx_word' id='word_1_468' title='bbox 3148 2288 3279 2340; x_wconf 84' lang='lat' dir='ltr'><strong>mihi</strong></span> <span class='ocrx_word' id='word_1_469' title='bbox 3330 2287 3536 2341; x_wconf 87' lang='lat' dir='ltr'><strong>inimici</strong></span> <span class='ocrx_word' id='word_1_470' title='bbox 3583 2289 3708 2351; x_wconf 84' lang='lat' dir='ltr'><strong>mei,</strong></span> 
     </span>
    </p>
   </div>
   <div class='ocr_carea' id='block_1_65' title="bbox 2125 2380 3712 2454">
    <p class='ocr_par' dir='ltr' id='par_1_65' title="bbox 2125 2380 3712 2454">
     <span class='ocr_line' id='line_1_65' title="bbox 2125 2380 3712 2454; baseline -0.002 -14"><span class='ocrx_word' id='word_1_471' title='bbox 2125 2386 2370 2441; x_wconf 90' lang='lat' dir='ltr'><strong>nondum</strong></span> <span class='ocrx_word' id='word_1_472' title='bbox 2400 2384 2547 2439; x_wconf 87' lang='lat' dir='ltr'><strong>enim</strong></span> <span class='ocrx_word' id='word_1_473' title='bbox 2580 2383 2798 2454; x_wconf 87' lang='lat' dir='ltr'><strong>penitus</strong></span> <span class='ocrx_word' id='word_1_474' title='bbox 2832 2382 3005 2452; x_wconf 80' lang='lat' dir='ltr'><strong>gavisi</strong></span> <span class='ocrx_word' id='word_1_475' title='bbox 3031 2389 3179 2436; x_wconf 90' lang='lat' dir='ltr'><strong>sunt.</strong></span> <span class='ocrx_word' id='word_1_476' title='bbox 3220 2380 3712 2452; x_wconf 77' lang='lat' dir='ltr'><strong>Supergaudebunt</strong></span> 
     </span>
    </p>
   </div>
   <div class='ocr_carea' id='block_1_66' title="bbox 2125 2472 3711 2542">
    <p class='ocr_par' dir='ltr' id='par_1_66' title="bbox 2125 2472 3711 2542">
     <span class='ocr_line' id='line_1_66' title="bbox 2125 2472 3711 2542; baseline -0.002 -12"><span class='ocrx_word' id='word_1_477' title='bbox 2125 2485 2329 2542; x_wconf 76' lang='lat' dir='ltr'><strong>autem,</strong></span> <span class='ocrx_word' id='word_1_478' title='bbox 2360 2475 2469 2529; x_wconf 88' lang='lat' dir='ltr'><strong>nisi</strong></span> <span class='ocrx_word' id='word_1_479' title='bbox 2497 2473 2930 2529; x_wconf 88' lang='lat' dir='ltr'><strong>misericordiam</strong></span> <span class='ocrx_word' id='word_1_480' title='bbox 2956 2486 3266 2541; x_wconf 82' lang='lat' dir='ltr'><strong>consequar</strong></span> <span class='ocrx_word' id='word_1_481' title='bbox 3290 2480 3438 2525; x_wconf 87' lang='lat' dir='ltr'><strong>tuam</strong></span> <span class='ocrx_word' id='word_1_482' title='bbox 3467 2490 3480 2526; x_wconf 94' lang='lat'>:</span> <span class='ocrx_word' id='word_1_483' title='bbox 3517 2472 3612 2527; x_wconf 89' lang='lat' dir='ltr'><strong>sed</strong></span> <span class='ocrx_word' id='word_1_484' title='bbox 3639 2488 3711 2528; x_wconf 91' lang='lat' dir='ltr'><strong>ne</strong></span> 
     </span>
    </p>
   </div>
   <div class='ocr_carea' id='block_1_67' title="bbox 2124 2563 3710 2640">
    <p class='ocr_par' dir='ltr' id='par_1_67' title="bbox 2124 2563 3710 2640">
     <span class='ocr_line' id='line_1_67' title="bbox 2124 2563 3710 2640; baseline -0.003 -15"><span class='ocrx_word' id='word_1_485' title='bbox 2124 2568 2565 2640; x_wconf 84' lang='lat' dir='ltr'><strong>supergaudeant</strong></span> <span class='ocrx_word' id='word_1_486' title='bbox 2620 2566 2754 2621; x_wconf 88' lang='lat' dir='ltr'><strong>mihi</strong></span> <span class='ocrx_word' id='word_1_487' title='bbox 2806 2564 3015 2619; x_wconf 89' lang='lat' dir='ltr'><strong>inimici</strong></span> <span class='ocrx_word' id='word_1_488' title='bbox 3069 2566 3196 2627; x_wconf 92' lang='lat' dir='ltr'><strong>mei,</strong></span> <span class='ocrx_word' id='word_1_489' title='bbox 3249 2564 3343 2634; x_wconf 91' lang='lat' dir='ltr'><strong>qui</strong></span> <span class='ocrx_word' id='word_1_490' title='bbox 3388 2563 3500 2634; x_wconf 86' lang='lat' dir='ltr'><strong>jam</strong></span> <span class='ocrx_word' id='word_1_491' title='bbox 3549 2576 3710 2621; x_wconf 82' lang='lat' dir='ltr'><strong>antea</strong></span> 
     </span>
    </p>
   </div>
   <div class='ocr_carea' id='block_1_68' title="bbox 2124 2656 3712 2726">
    <p class='ocr_par' dir='ltr' id='par_1_68' title="bbox 2124 2656 3712 2726">
     <span class='ocr_line' id='line_1_68' title="bbox 2124 2656 3712 2726; baseline -0.003 -10"><span class='ocrx_word' id='word_1_492' title='bbox 2124 2676 2251 2717; x_wconf 91' lang='lat' dir='ltr'><strong>cum</strong></span> <span class='ocrx_word' id='word_1_493' title='bbox 2294 2666 2774 2715; x_wconf 85' lang='lat' dir='ltr'><strong>commoverentur</strong></span> <span class='ocrx_word' id='word_1_494' title='bbox 2808 2656 2972 2726; x_wconf 82' lang='lat' dir='ltr'><strong>pedes</strong></span> <span class='ocrx_word' id='word_1_495' title='bbox 3016 2656 3121 2710; x_wconf 91' lang='lat' dir='ltr'><strong>mei</strong></span> <span class='ocrx_word' id='word_1_496' title='bbox 3163 2669 3361 2724; x_wconf 78' lang='lat' dir='ltr'><strong>magna</strong></span> <span class='ocrx_word' id='word_1_497' title='bbox 3410 2656 3712 2725; x_wconf 80' lang='lat' dir='ltr'><strong>loqueban-</strong></span> 
     </span>
    </p>
   </div>
   <div class='ocr_carea' id='block_1_69' title="bbox 2125 2745 3715 2821">
    <p class='ocr_par' dir='ltr' id='par_1_69' title="bbox 2125 2745 3715 2821">
     <span class='ocr_line' id='line_1_69' title="bbox 2125 2745 3715 2821; baseline -0.004 -13"><span class='ocrx_word' id='word_1_498' title='bbox 2125 2762 2235 2820; x_wconf 90' lang='lat' dir='ltr'><strong>tur,</strong></span> <span class='ocrx_word' id='word_1_499' title='bbox 2261 2753 2329 2807; x_wconf 91' lang='lat' dir='ltr'><strong>ad</strong></span> <span class='ocrx_word' id='word_1_500' title='bbox 2357 2760 2411 2807; x_wconf 91' lang='lat' dir='ltr'><strong>te</strong></span> <span class='ocrx_word' id='word_1_501' title='bbox 2444 2751 2688 2821; x_wconf 77' lang='lat' dir='ltr'><strong>confugi,</strong></span> <span class='ocrx_word' id='word_1_502' title='bbox 2727 2764 2791 2803; x_wconf 90' lang='lat' dir='ltr'><strong>ac</strong></span> <span class='ocrx_word' id='word_1_503' title='bbox 2818 2748 2967 2812; x_wconf 90' lang='lat' dir='ltr'><strong>dico,</strong></span> <span class='ocrx_word' id='word_1_504' title='bbox 2994 2746 3117 2802; x_wconf 82' lang='lat' dir='ltr'><strong>Non</strong></span> <span class='ocrx_word' id='word_1_505' title='bbox 3148 2745 3447 2816; x_wconf 78' lang='lat' dir='ltr'><strong>confundar</strong></span> <span class='ocrx_word' id='word_1_506' title='bbox 3478 2747 3532 2801; x_wconf 87' lang='lat' dir='ltr'><strong>in</strong></span> <span class='ocrx_word' id='word_1_507' title='bbox 3558 2757 3715 2802; x_wconf 70' lang='lat' dir='ltr'><strong>teter-</strong></span> 
     </span>
    </p>
   </div>
   <div class='ocr_carea' id='block_1_70' title="bbox 2126 2841 3711 2916">
    <p class='ocr_par' dir='ltr' id='par_1_70' title="bbox 2126 2841 3711 2916">
     <span class='ocr_line' id='line_1_70' title="bbox 2126 2841 3711 2916; baseline -0.004 -14"><span class='ocrx_word' id='word_1_508' title='bbox 2126 2864 2273 2903; x_wconf 89' lang='lat' dir='ltr'><strong>num.</strong></span> <span class='ocrx_word' id='word_1_509' title='bbox 2316 2844 2505 2916; x_wconf 89' lang='lat' dir='ltr'><strong>Neque</strong></span> <span class='ocrx_word' id='word_1_510' title='bbox 2550 2844 2695 2899; x_wconf 92' lang='lat' dir='ltr'><strong>enim</strong></span> <span class='ocrx_word' id='word_1_511' title='bbox 2738 2842 2957 2912; x_wconf 85' lang='lat' dir='ltr'><strong>penitus</strong></span> <span class='ocrx_word' id='word_1_512' title='bbox 2994 2855 3222 2894; x_wconf 89' lang='lat' dir='ltr'><strong>eversus</strong></span> <span class='ocrx_word' id='word_1_513' title='bbox 3252 2855 3397 2903; x_wconf 90' lang='lat' dir='ltr'><strong>sum,</strong></span> <span class='ocrx_word' id='word_1_514' title='bbox 3440 2855 3617 2910; x_wconf 89' lang='lat' dir='ltr'><strong>neque</strong></span> <span class='ocrx_word' id='word_1_515' title='bbox 3654 2841 3711 2895; x_wconf 90' lang='lat' dir='ltr'><strong>in</strong></span> 
     </span>
    </p>
   </div>
   <div class='ocr_carea' id='block_1_71' title="bbox 2125 2930 3713 3004">
    <p class='ocr_par' dir='ltr' id='par_1_71' title="bbox 2125 2930 3713 3004">
     <span class='ocr_line' id='line_1_71' title="bbox 2125 2930 3713 3004; baseline -0.004 -13"><span class='ocrx_word' id='word_1_516' title='bbox 2125 2938 2289 2992; x_wconf 86' lang='lat' dir='ltr'><strong>talem</strong></span> <span class='ocrx_word' id='word_1_517' title='bbox 2319 2936 2534 2991; x_wconf 90' lang='lat' dir='ltr'><strong>ruinam</strong></span> <span class='ocrx_word' id='word_1_518' title='bbox 2578 2934 2841 3004; x_wconf 87' lang='lat' dir='ltr'><strong>delapsus</strong></span> <span class='ocrx_word' id='word_1_519' title='bbox 2879 2931 3096 3002; x_wconf 86' lang='lat' dir='ltr'><strong>qualem</strong></span> <span class='ocrx_word' id='word_1_520' title='bbox 3129 2930 3166 2985; x_wconf 93' lang='lat' dir='ltr'><strong>ii</strong></span> <span class='ocrx_word' id='word_1_521' title='bbox 3190 2930 3286 3000; x_wconf 89' lang='lat' dir='ltr'><strong>qui</strong></span> <span class='ocrx_word' id='word_1_522' title='bbox 3320 2930 3416 2985; x_wconf 89' lang='lat' dir='ltr'><strong>abs</strong></span> <span class='ocrx_word' id='word_1_523' title='bbox 3460 2937 3516 2985; x_wconf 90' lang='lat' dir='ltr'><strong>te</strong></span> <span class='ocrx_word' id='word_1_524' title='bbox 3554 2945 3713 3000; x_wconf 89' lang='lat' dir='ltr'><strong>pror-</strong></span> 
     </span>
    </p>
   </div>
   <div class='ocr_carea' id='block_1_72' title="bbox 2047 3028 2599 3103">
    <p class='ocr_par' dir='ltr' id='par_1_72' title="bbox 2047 3028 2599 3103">
     <span class='ocr_line' id='line_1_72' title="bbox 2047 3028 2599 3103; baseline -0.009 -16"><span class='ocrx_word' id='word_1_525' title='bbox 2047 3041 2092 3103; x_wconf 82' lang='lat' dir='ltr'>c</span> <span class='ocrx_word' id='word_1_526' title='bbox 2124 3046 2220 3087; x_wconf 82' lang='lat' dir='ltr'><strong>sus</strong></span> <span class='ocrx_word' id='word_1_527' title='bbox 2260 3028 2599 3084; x_wconf 82' lang='lat' dir='ltr'><strong>defecerunt.</strong></span> 
     </span>
    </p>
   </div>
   <div class='ocr_carea' id='block_1_73' title="bbox 2200 3129 3639 3258">
    <p class='ocr_par' dir='ltr' id='par_1_73' title="bbox 2200 3129 3639 3258">
     <span class='ocr_line' id='line_1_73' title="bbox 2200 3129 3639 3258; baseline -0.003 -66"><span class='ocrx_word' id='word_1_528' title='bbox 2200 3139 2253 3194; x_wconf 81' lang='grc'><strong>1.</strong></span> <span class='ocrx_word' id='word_1_529' title='bbox 2288 3136 2355 3192; x_wconf 83' lang='lat' dir='ltr'><strong>1N</strong></span> <span class='ocrx_word' id='word_1_530' title='bbox 2396 3135 2608 3193; x_wconf 82' lang='lat' dir='ltr'><strong>FINEM</strong></span> <span class='ocrx_word' id='word_1_531' title='bbox 2649 3129 3363 3258; x_wconf 46' lang='grc' dir='ltr'>ιῡιέξιέξῖηωιντιεωι</span> <span class='ocrx_word' id='word_1_532' title='bbox 3404 3129 3639 3187; x_wconf 75' lang='lat' dir='ltr'><strong>DAVD.</strong></span> 
     </span>
    </p>
   </div>
   <div class='ocr_carea' id='block_1_74' title="bbox 2198 3291 3712 3366">
    <p class='ocr_par' dir='ltr' id='par_1_74' title="bbox 2198 3291 3712 3366">
     <span class='ocr_line' id='line_1_74' title="bbox 2198 3291 3712 3366; baseline -0.005 -12"><span class='ocrx_word' id='word_1_533' title='bbox 2198 3300 2330 3366; x_wconf 69' lang='lat' dir='ltr'><strong>Quae</strong></span> <span class='ocrx_word' id='word_1_534' title='bbox 2360 3298 2415 3353; x_wconf 91' lang='lat' dir='ltr'><strong>in</strong></span> <span class='ocrx_word' id='word_1_535' title='bbox 2450 3299 2555 3351; x_wconf 91' lang='lat' dir='ltr'><strong>hoc</strong></span> <span class='ocrx_word' id='word_1_536' title='bbox 2599 3296 2816 3351; x_wconf 89' lang='lat' dir='ltr'><strong>cantico</strong></span> <span class='ocrx_word' id='word_1_537' title='bbox 2864 3302 3082 3351; x_wconf 80' lang='lat' dir='ltr'><strong>exstant</strong></span> <span class='ocrx_word' id='word_1_538' title='bbox 3122 3292 3349 3347; x_wconf 88' lang='lat' dir='ltr'><strong>multam</strong></span> <span class='ocrx_word' id='word_1_539' title='bbox 3397 3291 3712 3347; x_wconf 80' lang='lat' dir='ltr'><strong>aﬂlnitatem</strong></span> 
     </span>
    </p>
   </div>
   <div class='ocr_carea' id='block_1_75' title="bbox 2127 3385 3714 3460">
    <p class='ocr_par' dir='ltr' id='par_1_75' title="bbox 2127 3385 3714 3460">
     <span class='ocr_line' id='line_1_75' title="bbox 2127 3385 3714 3460; baseline -0.006 -13"><span class='ocrx_word' id='word_1_540' title='bbox 2127 3392 2330 3448; x_wconf 79' lang='lat' dir='ltr'><strong>habent</strong></span> <span class='ocrx_word' id='word_1_541' title='bbox 2360 3406 2484 3445; x_wconf 90' lang='lat' dir='ltr'><strong>cum</strong></span> <span class='ocrx_word' id='word_1_542' title='bbox 2531 3390 2601 3445; x_wconf 91' lang='lat' dir='ltr'><strong>iis</strong></span> <span class='ocrx_word' id='word_1_543' title='bbox 2634 3404 2757 3460; x_wconf 64' lang='lat' dir='ltr'><strong>quae</strong></span> <span class='ocrx_word' id='word_1_544' title='bbox 2800 3389 2855 3442; x_wconf 90' lang='lat' dir='ltr'><strong>in</strong></span> <span class='ocrx_word' id='word_1_545' title='bbox 2907 3386 3231 3457; x_wconf 68' lang='lat' dir='ltr'><strong>praecedenti</strong></span> <span class='ocrx_word' id='word_1_546' title='bbox 3268 3386 3476 3455; x_wconf 84' lang='lat' dir='ltr'><strong>psalmo</strong></span> <span class='ocrx_word' id='word_1_547' title='bbox 3523 3385 3714 3452; x_wconf 76' lang='lat' dir='ltr'><strong>legun-</strong></span> 
     </span>
    </p>
   </div>
   <div class='ocr_carea' id='block_1_76' title="bbox 2129 3476 3716 3551">
    <p class='ocr_par' dir='ltr' id='par_1_76' title="bbox 2129 3476 3716 3551">
     <span class='ocr_line' id='line_1_76' title="bbox 2129 3476 3716 3551; baseline -0.006 -13"><span class='ocrx_word' id='word_1_548' title='bbox 2129 3491 2238 3538; x_wconf 87' lang='lat' dir='ltr'><strong>tur.</strong></span> <span class='ocrx_word' id='word_1_549' title='bbox 2276 3481 2382 3537; x_wconf 90' lang='lat' dir='ltr'><strong>Sed</strong></span> <span class='ocrx_word' id='word_1_550' title='bbox 2428 3482 2580 3536; x_wconf 88' lang='lat' dir='ltr'><strong>illum</strong></span> <span class='ocrx_word' id='word_1_551' title='bbox 2630 3480 2851 3551; x_wconf 91' lang='lat' dir='ltr'><strong>quidem</strong></span> <span class='ocrx_word' id='word_1_552' title='bbox 2892 3479 3133 3549; x_wconf 87' lang='lat' dir='ltr'><strong>psallens</strong></span> <span class='ocrx_word' id='word_1_553' title='bbox 3159 3477 3325 3531; x_wconf 85' lang='lat' dir='ltr'><strong>David</strong></span> <span class='ocrx_word' id='word_1_554' title='bbox 3364 3476 3418 3529; x_wconf 85' lang='lat' dir='ltr'><strong>in</strong></span> <span class='ocrx_word' id='word_1_555' title='bbox 3467 3491 3716 3529; x_wconf 82' lang='lat' dir='ltr'><strong>rememo-</strong></span> 
     </span>
    </p>
   </div>
   <div class='ocr_carea' id='block_1_77' title="bbox 2129 3568 3713 3642">
    <p class='ocr_par' dir='ltr' id='par_1_77' title="bbox 2129 3568 3713 3642">
     <span class='ocr_line' id='line_1_77' title="bbox 2129 3568 3713 3642; baseline -0.005 -13"><span class='ocrx_word' id='word_1_556' title='bbox 2129 3578 2390 3630; x_wconf 83' lang='lat' dir='ltr'><strong>rationem</strong></span> <span class='ocrx_word' id='word_1_557' title='bbox 2437 3575 2542 3629; x_wconf 88' lang='lat' dir='ltr'><strong>sibi</strong></span> <span class='ocrx_word' id='word_1_558' title='bbox 2585 3571 2924 3642; x_wconf 85' lang='lat' dir='ltr'><strong>composuit;</strong></span> <span class='ocrx_word' id='word_1_559' title='bbox 2959 3571 3047 3624; x_wconf 88' lang='lat' dir='ltr'><strong>hic</strong></span> <span class='ocrx_word' id='word_1_560' title='bbox 3074 3586 3203 3624; x_wconf 84' lang='lat' dir='ltr'><strong>vero</strong></span> <span class='ocrx_word' id='word_1_561' title='bbox 3242 3576 3430 3623; x_wconf 87' lang='lat' dir='ltr'><strong>narrat</strong></span> <span class='ocrx_word' id='word_1_562' title='bbox 3459 3568 3598 3624; x_wconf 89' lang='lat' dir='ltr'><strong>alios</strong></span> <span class='ocrx_word' id='word_1_563' title='bbox 3635 3569 3713 3623; x_wconf 81' lang='lat' dir='ltr'><strong>si-</strong></span> 
     </span>
    </p>
   </div>
   <div class='ocr_carea' id='block_1_78' title="bbox 2129 3663 3714 3739">
    <p class='ocr_par' dir='ltr' id='par_1_78' title="bbox 2129 3663 3714 3739">
     <span class='ocr_line' id='line_1_78' title="bbox 2129 3663 3714 3739; baseline -0.006 -15"><span class='ocrx_word' id='word_1_564' title='bbox 2129 3670 2281 3724; x_wconf 88' lang='lat' dir='ltr'><strong>milia</strong></span> <span class='ocrx_word' id='word_1_565' title='bbox 2312 3682 2630 3739; x_wconf 89' lang='lat' dir='ltr'><strong>perpessos,</strong></span> <span class='ocrx_word' id='word_1_566' title='bbox 2666 3680 2805 3736; x_wconf 91' lang='lat' dir='ltr'><strong>quos</strong></span> <span class='ocrx_word' id='word_1_567' title='bbox 2828 3665 2894 3719; x_wconf 88' lang='lat' dir='ltr'><strong>ad</strong></span> <span class='ocrx_word' id='word_1_568' title='bbox 2924 3663 3009 3718; x_wconf 89' lang='lat' dir='ltr'><strong>sui</strong></span> <span class='ocrx_word' id='word_1_569' title='bbox 3038 3663 3397 3717; x_wconf 87' lang='lat' dir='ltr'><strong>imitationem</strong></span> <span class='ocrx_word' id='word_1_570' title='bbox 3434 3676 3498 3715; x_wconf 90' lang='lat' dir='ltr'><strong>ac</strong></span> <span class='ocrx_word' id='word_1_571' title='bbox 3528 3678 3714 3717; x_wconf 83' lang='lat' dir='ltr'><strong>exem-</strong></span> 
     </span>
    </p>
   </div>
   <div class='ocr_carea' id='block_1_79' title="bbox 2129 3751 3713 3832">
    <p class='ocr_par' dir='ltr' id='par_1_79' title="bbox 2129 3751 3713 3832">
     <span class='ocr_line' id='line_1_79' title="bbox 2129 3751 3713 3832; baseline -0.005 -18"><span class='ocrx_word' id='word_1_572' title='bbox 2129 3762 2278 3832; x_wconf 91' lang='lat' dir='ltr'><strong>plum</strong></span> <span class='ocrx_word' id='word_1_573' title='bbox 2307 3759 2374 3815; x_wconf 92' lang='lat' dir='ltr'><strong>de</strong></span> <span class='ocrx_word' id='word_1_574' title='bbox 2414 3774 2475 3814; x_wconf 90' lang='lat' dir='ltr'><strong>se</strong></span> <span class='ocrx_word' id='word_1_575' title='bbox 2517 3757 2843 3812; x_wconf 90' lang='lat' dir='ltr'><strong>sumendum</strong></span> <span class='ocrx_word' id='word_1_576' title='bbox 2874 3754 3137 3810; x_wconf 86' lang='lat' dir='ltr'><strong>instituit.</strong></span> <span class='ocrx_word' id='word_1_577' title='bbox 3170 3753 3286 3809; x_wconf 77' lang='lat' dir='ltr'><strong>Nisi</strong></span> <span class='ocrx_word' id='word_1_578' title='bbox 3317 3751 3553 3808; x_wconf 78' lang='lat' dir='ltr'><strong>fortasse</strong></span> <span class='ocrx_word' id='word_1_579' title='bbox 3587 3751 3713 3823; x_wconf 81' lang='lat' dir='ltr'><strong>Spi-</strong></span> 
     </span>
    </p>
   </div>
   <div class='ocr_carea' id='block_1_80' title="bbox 2130 3844 3712 3908">
    <p class='ocr_par' dir='ltr' id='par_1_80' title="bbox 2130 3844 3712 3908">
     <span class='ocr_line' id='line_1_80' title="bbox 2130 3844 3712 3908; baseline -0.006 0"><span class='ocrx_word' id='word_1_580' title='bbox 2130 3854 2269 3908; x_wconf 88' lang='lat' dir='ltr'><strong>ritus</strong></span> <span class='ocrx_word' id='word_1_581' title='bbox 2310 3859 2537 3908; x_wconf 86' lang='lat' dir='ltr'><strong>sanctus</strong></span> <span class='ocrx_word' id='word_1_582' title='bbox 2575 3848 2831 3903; x_wconf 87' lang='lat' dir='ltr'><strong>ldithumi</strong></span> <span class='ocrx_word' id='word_1_583' title='bbox 2860 3847 3168 3903; x_wconf 89' lang='lat' dir='ltr'><strong>ministerio</strong></span> <span class='ocrx_word' id='word_1_584' title='bbox 3207 3844 3463 3900; x_wconf 89' lang='lat' dir='ltr'><strong>Davidem</strong></span> <span class='ocrx_word' id='word_1_585' title='bbox 3497 3844 3565 3899; x_wconf 90' lang='lat' dir='ltr'><strong>ad</strong></span> <span class='ocrx_word' id='word_1_586' title='bbox 3597 3845 3712 3899; x_wconf 69' lang='lat' dir='ltr'><strong>haec</strong></span> 
     </span>
    </p>
   </div>
   <div class='ocr_carea' id='block_1_81' title="bbox 2129 3936 3713 4009">
    <p class='ocr_par' dir='ltr' id='par_1_81' title="bbox 2129 3936 3713 4009">
     <span class='ocr_line' id='line_1_81' title="bbox 2129 3936 3713 4009; baseline -0.008 -9"><span class='ocrx_word' id='word_1_587' title='bbox 2129 3945 2362 4000; x_wconf 87' lang='lat' dir='ltr'><strong>dicenda</strong></span> <span class='ocrx_word' id='word_1_588' title='bbox 2396 3943 2686 4000; x_wconf 87' lang='lat' dir='ltr'><strong>erudierit.</strong></span> <span class='ocrx_word' id='word_1_589' title='bbox 2737 3940 2872 3995; x_wconf 87' lang='lat' dir='ltr'><strong>Nam</strong></span> <span class='ocrx_word' id='word_1_590' title='bbox 2925 3940 3043 4009; x_wconf 92' lang='lat' dir='ltr'><strong>ipse</strong></span> <span class='ocrx_word' id='word_1_591' title='bbox 3077 3953 3298 4009; x_wconf 90' lang='lat' dir='ltr'><strong>quoque</strong></span> <span class='ocrx_word' id='word_1_592' title='bbox 3327 3936 3561 3992; x_wconf 89' lang='lat' dir='ltr'><strong>ldithum</strong></span> <span class='ocrx_word' id='word_1_593' title='bbox 3606 3938 3713 4008; x_wconf 74' lang='lat' dir='ltr'><strong>spi-</strong></span> 
     </span>
    </p>
   </div>
   <div class='ocr_carea' id='block_1_82' title="bbox 2130 4026 3709 4105">
    <p class='ocr_par' dir='ltr' id='par_1_82' title="bbox 2130 4026 3709 4105">
     <span class='ocr_line' id='line_1_82' title="bbox 2130 4026 3709 4105; baseline -0.008 -14"><span class='ocrx_word' id='word_1_594' title='bbox 2130 4038 2236 4091; x_wconf 89' lang='lat' dir='ltr'><strong>ritu</strong></span> <span class='ocrx_word' id='word_1_595' title='bbox 2270 4035 2591 4105; x_wconf 89' lang='lat' dir='ltr'><strong>prophetico</strong></span> <span class='ocrx_word' id='word_1_596' title='bbox 2636 4032 2892 4101; x_wconf 83' lang='lat' dir='ltr'><strong>dignatus</strong></span> <span class='ocrx_word' id='word_1_597' title='bbox 2926 4029 3123 4084; x_wconf 82' lang='lat' dir='ltr'><strong>fuerat.</strong></span> <span class='ocrx_word' id='word_1_598' title='bbox 3164 4026 3262 4083; x_wconf 86' lang='lat' dir='ltr'><strong>His</strong></span> <span class='ocrx_word' id='word_1_599' title='bbox 3291 4042 3459 4097; x_wconf 88' lang='lat' dir='ltr'><strong>porro</strong></span> <span class='ocrx_word' id='word_1_600' title='bbox 3506 4026 3709 4081; x_wconf 88' lang='lat' dir='ltr'><strong>edisci-</strong></span> 
     </span>
    </p>
   </div>
   <div class='ocr_carea' id='block_1_83' title="bbox 2130 4119 3714 4199">
    <p class='ocr_par' dir='ltr' id='par_1_83' title="bbox 2130 4119 3714 4199">
     <span class='ocr_line' id='line_1_83' title="bbox 2130 4119 3714 4199; baseline -0.01 -15"><span class='ocrx_word' id='word_1_601' title='bbox 2130 4145 2256 4184; x_wconf 91' lang='lat' dir='ltr'><strong>mus</strong></span> <span class='ocrx_word' id='word_1_602' title='bbox 2296 4141 2396 4199; x_wconf 89' lang='lat' dir='ltr'><strong>par</strong></span> <span class='ocrx_word' id='word_1_603' title='bbox 2428 4141 2550 4182; x_wconf 91' lang='lat' dir='ltr'><strong>esse</strong></span> <span class='ocrx_word' id='word_1_604' title='bbox 2585 4124 2832 4192; x_wconf 83' lang='lat' dir='ltr'><strong>singulos</strong></span> <span class='ocrx_word' id='word_1_605' title='bbox 2880 4136 3066 4176; x_wconf 91' lang='lat' dir='ltr'><strong>secum</strong></span> <span class='ocrx_word' id='word_1_606' title='bbox 3096 4119 3358 4188; x_wconf 87' lang='lat' dir='ltr'><strong>colloqui,</strong></span> <span class='ocrx_word' id='word_1_607' title='bbox 3392 4132 3571 4186; x_wconf 84' lang='lat' dir='ltr'><strong>neque</strong></span> <span class='ocrx_word' id='word_1_608' title='bbox 3616 4132 3714 4172; x_wconf 74' lang='lat' dir='ltr'><strong>e1-</strong></span> 
     </span>
    </p>
   </div>
   <div class='ocr_carea' id='block_1_84' title="bbox 2130 4209 3712 4288">
    <p class='ocr_par' dir='ltr' id='par_1_84' title="bbox 2130 4209 3712 4288">
     <span class='ocr_line' id='line_1_84' title="bbox 2130 4209 3712 4288; baseline -0.008 -12"><span class='ocrx_word' id='word_1_609' title='bbox 2130 4223 2407 4276; x_wconf 87' lang='lat' dir='ltr'><strong>trinsecus</strong></span> <span class='ocrx_word' id='word_1_610' title='bbox 2453 4217 2749 4288; x_wconf 73' lang='lat' dir='ltr'><strong>magistros</strong></span> <span class='ocrx_word' id='word_1_611' title='bbox 2790 4221 3131 4284; x_wconf 80' lang='lat' dir='ltr'><strong>exspectare,</strong></span> <span class='ocrx_word' id='word_1_612' title='bbox 3183 4210 3279 4266; x_wconf 88' lang='lat' dir='ltr'><strong>sed</strong></span> <span class='ocrx_word' id='word_1_613' title='bbox 3325 4209 3618 4265; x_wconf 86' lang='lat' dir='ltr'><strong>ratiocinio</strong></span> <span class='ocrx_word' id='word_1_614' title='bbox 3655 4220 3712 4265; x_wconf 82' lang='lat' dir='ltr'><strong>et</strong></span> 
     </span>
    </p>
   </div>
   <div class='ocr_carea' id='block_1_85' title="bbox 2130 4303 3286 4385">
    <p class='ocr_par' dir='ltr' id='par_1_85' title="bbox 2130 4303 3286 4385">
     <span class='ocr_line' id='line_1_85' title="bbox 2130 4303 3286 4385; baseline -0.011 -16"><span class='ocrx_word' id='word_1_615' title='bbox 2130 4313 2463 4385; x_wconf 78' lang='lat' dir='ltr'><strong>cogitatione</strong></span> <span class='ocrx_word' id='word_1_616' title='bbox 2490 4324 2773 4367; x_wconf 88' lang='lat' dir='ltr'><strong>sermones</strong></span> <span class='ocrx_word' id='word_1_617' title='bbox 2804 4322 2989 4363; x_wconf 93' lang='lat' dir='ltr'><strong>secum</strong></span> <span class='ocrx_word' id='word_1_618' title='bbox 3013 4303 3286 4360; x_wconf 80' lang='lat' dir='ltr'><strong>conferre.</strong></span> 
     </span>
    </p>
   </div>
   <div class='ocr_carea' id='block_1_86' title="bbox 511 4482 2026 4574">
    <p class='ocr_par' dir='ltr' id='par_1_86' title="bbox 511 4497 2022 4574">
     <span class='ocr_line' id='line_1_86' title="bbox 511 4497 2022 4574; baseline 0 -18"><span class='ocrx_word' id='word_1_619' title='bbox 511 4497 670 4556; x_wconf 82' lang='grc' dir='ltr'>Εἷπα</span> <span class='ocrx_word' id='word_1_620' title='bbox 688 4519 700 4533; x_wconf 90' lang='grc'><strong>·</strong></span> <span class='ocrx_word' id='word_1_621' title='bbox 731 4503 985 4568; x_wconf 74' lang='grc' dir='ltr'><strong>Φυλάξω</strong></span> <span class='ocrx_word' id='word_1_622' title='bbox 1011 4503 1117 4570; x_wconf 85' lang='grc' dir='ltr'>τὰς</span> <span class='ocrx_word' id='word_1_623' title='bbox 1149 4503 1329 4569; x_wconf 81' lang='grc' dir='ltr'>ὁδούς</span> <span class='ocrx_word' id='word_1_624' title='bbox 1342 4521 1480 4573; x_wconf 91' lang='grc' dir='ltr'>μου.</span> <span class='ocrx_word' id='word_1_625' title='bbox 1506 4504 1640 4558; x_wconf 82' lang='grc' dir='ltr'>Κατ’</span> <span class='ocrx_word' id='word_1_626' title='bbox 1666 4502 1849 4567; x_wconf 80' lang='grc' dir='ltr'>αὐτὸν,</span> <span class='ocrx_word' id='word_1_627' title='bbox 1869 4503 2022 4574; x_wconf 73' lang='grc' dir='ltr'>φησὶ,</span> 
     </span>
    </p>
   </div>
   <div class='ocr_carea' id='block_1_87' title="bbox 2129 4482 3715 4574">
    <p class='ocr_par' dir='ltr' id='par_1_87' title="bbox 2206 4482 3715 4558">
     <span class='ocr_line' id='line_1_87' title="bbox 2206 4482 3715 4558; baseline -0.01 -8"><span class='ocrx_word' id='word_1_628' title='bbox 2206 4494 2371 4550; x_wconf 68' lang='lat' dir='ltr'><strong>Vens.</strong></span> <span class='ocrx_word' id='word_1_629' title='bbox 2402 4491 2519 4558; x_wconf 68' lang='lat'><strong>2,5.</strong></span> <span class='ocrx_word' id='word_1_630' title='bbox 2559 4490 2689 4544; x_wconf 74' lang='lat' dir='ltr'><strong>Dixi</strong></span> <span class='ocrx_word' id='word_1_631' title='bbox 2716 4505 2734 4545; x_wconf 89' lang='lat'><strong><em>:</em></strong></span> <span class='ocrx_word' id='word_1_632' title='bbox 2768 4486 3076 4543; x_wconf 87' lang='lat' dir='ltr'><strong>Custodiam</strong></span> <span class='ocrx_word' id='word_1_633' title='bbox 3102 4485 3212 4539; x_wconf 86' lang='lat' dir='ltr'><strong>vias</strong></span> <span class='ocrx_word' id='word_1_634' title='bbox 3248 4500 3413 4539; x_wconf 86' lang='lat' dir='ltr'><strong>meas.</strong></span> <span class='ocrx_word' id='word_1_635' title='bbox 3447 4484 3594 4553; x_wconf 87' lang='lat' dir='ltr'><strong>Ipso,</strong></span> <span class='ocrx_word' id='word_1_636' title='bbox 3628 4482 3715 4536; x_wconf 83' lang='lat' dir='ltr'><strong>in-</strong></span> 
     </span>
    </p>
   </div>
   <div class='ocr_carea' id='block_1_88' title="bbox 439 4591 2030 4665">
    <p class='ocr_par' dir='ltr' id='par_1_88' title="bbox 439 4591 2030 4665">
     <span class='ocr_line' id='line_1_88' title="bbox 439 4591 2030 4665; baseline -0.001 -19"><span class='ocrx_word' id='word_1_637' title='bbox 439 4592 533 4646; x_wconf 80' lang='grc' dir='ltr'>τὸν</span> <span class='ocrx_word' id='word_1_638' title='bbox 560 4594 751 4664; x_wconf 78' lang='grc' dir='ltr'>καιρὸν</span> <span class='ocrx_word' id='word_1_639' title='bbox 808 4593 903 4647; x_wconf 79' lang='grc' dir='ltr'>τοῦ</span> <span class='ocrx_word' id='word_1_640' title='bbox 951 4594 1283 4665; x_wconf 81' lang='grc' dir='ltr'>πειρασμοῦ,</span> <span class='ocrx_word' id='word_1_641' title='bbox 1318 4594 1771 4656; x_wconf 81' lang='grc' dir='ltr'>ὲπαναϐαίνοντός</span> <span class='ocrx_word' id='word_1_642' title='bbox 1814 4611 1903 4663; x_wconf 87' lang='grc' dir='ltr'><strong>μοι</strong></span> <span class='ocrx_word' id='word_1_643' title='bbox 1935 4591 2030 4647; x_wconf 82' lang='grc' dir='ltr'>τοῦ</span> 
     </span>
    </p>
   </div>
   <div class='ocr_carea' id='block_1_89' title="bbox 440 4682 2033 4757">
    <p class='ocr_par' dir='ltr' id='par_1_89' title="bbox 440 4682 2033 4757">
     <span class='ocr_line' id='line_1_89' title="bbox 440 4682 2033 4757; baseline -0.001 -19"><span class='ocrx_word' id='word_1_644' title='bbox 440 4685 541 4756; x_wconf 84' lang='grc' dir='ltr'>τὴν</span> <span class='ocrx_word' id='word_1_645' title='bbox 594 4686 869 4756; x_wconf 83' lang='grc' dir='ltr'>ἁμαρτίαν</span> <span class='ocrx_word' id='word_1_646' title='bbox 912 4685 1287 4757; x_wconf 68' lang='grc' dir='ltr'>ἐνεργοῦντος,</span> <span class='ocrx_word' id='word_1_647' title='bbox 1317 4684 1432 4754; x_wconf 75' lang='grc' dir='ltr'>ἐγὼ</span> <span class='ocrx_word' id='word_1_648' title='bbox 1474 4684 1722 4754; x_wconf 78' lang='grc' dir='ltr'>ἔλεγον·</span> <span class='ocrx_word' id='word_1_649' title='bbox 1782 4682 2033 4749; x_wconf 74' lang='grc' dir='ltr'><em>Φυλάξω</em></span> 
     </span>
    </p>
   </div>
   <div class='ocr_carea' id='block_1_90' title="bbox 440 4774 2029 4846">
    <p class='ocr_par' dir='ltr' id='par_1_90' title="bbox 440 4774 2029 4846">
     <span class='ocr_line' id='line_1_90' title="bbox 440 4774 2029 4846; baseline -0.003 -15"><span class='ocrx_word' id='word_1_650' title='bbox 440 4779 550 4843; x_wconf 80' lang='grc' dir='ltr'>τὰς</span> <span class='ocrx_word' id='word_1_651' title='bbox 588 4776 767 4843; x_wconf 82' lang='grc' dir='ltr'>ὁδούς</span> <span class='ocrx_word' id='word_1_652' title='bbox 798 4795 919 4844; x_wconf 85' lang='grc' dir='ltr'>μου</span> <span class='ocrx_word' id='word_1_653' title='bbox 960 4775 1066 4830; x_wconf 83' lang='grc' dir='ltr'>τοῦ</span> <span class='ocrx_word' id='word_1_654' title='bbox 1096 4775 1183 4846; x_wconf 80' lang='grc' dir='ltr'>μὴ</span> <span class='ocrx_word' id='word_1_655' title='bbox 1239 4775 1601 4846; x_wconf 81' lang='grc' dir='ltr'>ἁμαρτάνειν</span> <span class='ocrx_word' id='word_1_656' title='bbox 1647 4775 1718 4828; x_wconf 83' lang='grc' dir='ltr'><strong>ἐν</strong></span> <span class='ocrx_word' id='word_1_657' title='bbox 1776 4774 2029 4844; x_wconf 76' lang='grc' dir='ltr'><strong>γλώσσῃ</strong></span> 
     </span>
    </p>
   </div>
   <div class='ocr_carea' id='block_1_91' title="bbox 436 4868 2033 4941">
    <p class='ocr_par' dir='ltr' id='par_1_91' title="bbox 436 4868 2033 4941">
     <span class='ocr_line' id='line_1_91' title="bbox 436 4868 2033 4941; baseline -0.002 -17"><span class='ocrx_word' id='word_1_658' title='bbox 436 4887 580 4941; x_wconf 80' lang='grc' dir='ltr'>μου.</span> <span class='ocrx_word' id='word_1_659' title='bbox 621 4871 756 4924; x_wconf 85' lang='grc' dir='ltr'>Τότε</span> <span class='ocrx_word' id='word_1_660' title='bbox 799 4871 855 4923; x_wconf 84' lang='grc' dir='ltr'><strong>δὲ</strong></span> <span class='ocrx_word' id='word_1_661' title='bbox 900 4870 999 4924; x_wconf 78' lang='grc' dir='ltr'><strong>καὶ</strong></span> <span class='ocrx_word' id='word_1_662' title='bbox 1026 4870 1250 4939; x_wconf 83' lang='grc' dir='ltr'>ἐθέμην</span> <span class='ocrx_word' id='word_1_663' title='bbox 1285 4868 1366 4934; x_wconf 82' lang='grc' dir='ltr'>τῷ</span> <span class='ocrx_word' id='word_1_664' title='bbox 1397 4869 1650 4937; x_wconf 80' lang='grc' dir='ltr'>στόματί</span> <span class='ocrx_word' id='word_1_665' title='bbox 1674 4885 1794 4938; x_wconf 90' lang='grc' dir='ltr'>μου</span> <span class='ocrx_word' id='word_1_666' title='bbox 1838 4870 2033 4935; x_wconf 54' lang='lat' dir='ltr'><strong>gavia--</strong></span> 
     </span>
    </p>
   </div>
   <div class='ocr_carea' id='block_1_92' title="bbox 442 4958 2035 5031">
    <p class='ocr_par' dir='ltr' id='par_1_92' title="bbox 442 4958 2035 5031">
     <span class='ocr_line' id='line_1_92' title="bbox 442 4958 2035 5031; baseline -0.001 -18"><span class='ocrx_word' id='word_1_667' title='bbox 442 4959 588 5030; x_wconf 73' lang='grc' dir='ltr'><strong>κήνο</strong></span> <span class='ocrx_word' id='word_1_668' title='bbox 630 4962 729 5014; x_wconf 83' lang='grc' dir='ltr'><strong>καὶ</strong></span> <span class='ocrx_word' id='word_1_669' title='bbox 785 4961 1110 5031; x_wconf 66' lang='grc' dir='ltr'>ἐκωέρὼθην</span> <span class='ocrx_word' id='word_1_670' title='bbox 1164 4960 1264 5015; x_wconf 82' lang='grc' dir='ltr'><strong>καὶ</strong></span> <span class='ocrx_word' id='word_1_671' title='bbox 1306 4960 1728 5027; x_wconf 74' lang='grc' dir='ltr'>ἐταπεινώθην,</span> <span class='ocrx_word' id='word_1_672' title='bbox 1764 4958 1861 5011; x_wconf 79' lang='grc' dir='ltr'><strong>καὶ</strong></span> <span class='ocrx_word' id='word_1_673' title='bbox 1908 4959 2035 5012; x_wconf 85' lang='grc' dir='ltr'>ἐσί-</span> 
     </span>
    </p>
   </div>
   <div class='ocr_carea' id='block_1_93' title="bbox 440 5051 2036 5123">
    <p class='ocr_par' dir='ltr' id='par_1_93' title="bbox 440 5051 2036 5123">
     <span class='ocr_line' id='line_1_93' title="bbox 440 5051 2036 5123; baseline -0.003 -17"><span class='ocrx_word' id='word_1_674' title='bbox 440 5069 606 5123; x_wconf 78' lang='grc' dir='ltr'>τησα</span> <span class='ocrx_word' id='word_1_675' title='bbox 635 5053 703 5119; x_wconf 77' lang='grc' dir='ltr'>ἐξ</span> <span class='ocrx_word' id='word_1_676' title='bbox 742 5053 997 5119; x_wconf 81' lang='grc' dir='ltr'>ἀγαθῶν.</span> <span class='ocrx_word' id='word_1_677' title='bbox 1039 5055 1097 5107; x_wconf 80' lang='grc' dir='ltr'>Ὀ</span> <span class='ocrx_word' id='word_1_678' title='bbox 1120 5053 1176 5106; x_wconf 81' lang='grc' dir='ltr'>δὲ</span> <span class='ocrx_word' id='word_1_679' title='bbox 1218 5054 1514 5123; x_wconf 87' lang='grc' dir='ltr'>Σύμμαχος</span> <span class='ocrx_word' id='word_1_680' title='bbox 1551 5051 1725 5115; x_wconf 73' lang='grc' dir='ltr'>οὕτως</span> <span class='ocrx_word' id='word_1_681' title='bbox 1765 5052 2036 5122; x_wconf 82' lang='grc' dir='ltr'>ἡρμήνευ-</span> 
     </span>
    </p>
   </div>
   <div class='ocr_carea' id='block_1_94' title="bbox 446 5141 2035 5213">
    <p class='ocr_par' dir='ltr' id='par_1_94' title="bbox 446 5141 2035 5213">
     <span class='ocr_line' id='line_1_94' title="bbox 446 5141 2035 5213; baseline -0.001 -16"><span class='ocrx_word' id='word_1_682' title='bbox 446 5158 539 5197; x_wconf 91' lang='grc' dir='ltr'><strong>σεν</strong></span> <span class='ocrx_word' id='word_1_683' title='bbox 558 5160 571 5174; x_wconf 84' lang='grc'><em>’</em></span> <span class='ocrx_word' id='word_1_684' title='bbox 602 5141 825 5199; x_wconf 64' lang='grc' dir='ltr'>Εἶπονη</span> <span class='ocrx_word' id='word_1_685' title='bbox 863 5144 1118 5209; x_wconf 73' lang='grc' dir='ltr'><strong>Φυλάξω</strong></span> <span class='ocrx_word' id='word_1_686' title='bbox 1148 5143 1251 5211; x_wconf 82' lang='grc' dir='ltr'>τὰς</span> <span class='ocrx_word' id='word_1_687' title='bbox 1272 5144 1452 5210; x_wconf 85' lang='grc' dir='ltr'>όδούς</span> <span class='ocrx_word' id='word_1_688' title='bbox 1465 5162 1606 5213; x_wconf 87' lang='grc' dir='ltr'>μου,</span> <span class='ocrx_word' id='word_1_689' title='bbox 1632 5144 1719 5213; x_wconf 79' lang='grc' dir='ltr'>μὴ</span> <span class='ocrx_word' id='word_1_690' title='bbox 1749 5141 2035 5213; x_wconf 80' lang='grc' dir='ltr'>ἁμαρτεῖν</span> 
     </span>
    </p>
   </div>
   <div class='ocr_carea' id='block_1_95' title="bbox 443 5234 2033 5307">
    <p class='ocr_par' dir='ltr' id='par_1_95' title="bbox 443 5234 2033 5307">
     <span class='ocr_line' id='line_1_95' title="bbox 443 5234 2033 5307; baseline -0.001 -18"><span class='ocrx_word' id='word_1_691' title='bbox 443 5234 544 5290; x_wconf 78' lang='grc' dir='ltr'>διὰ</span> <span class='ocrx_word' id='word_1_692' title='bbox 579 5235 693 5304; x_wconf 84' lang='grc' dir='ltr'>τῆς</span> <span class='ocrx_word' id='word_1_693' title='bbox 728 5238 1020 5307; x_wconf 72' lang='grc' dir='ltr'>γλώσσης</span> <span class='ocrx_word' id='word_1_694' title='bbox 1072 5255 1211 5306; x_wconf 88' lang='grc' dir='ltr'>μου.</span> <span class='ocrx_word' id='word_1_695' title='bbox 1273 5235 1529 5301; x_wconf 82' lang='grc' dir='ltr'><strong>Φυλάξω</strong></span> <span class='ocrx_word' id='word_1_696' title='bbox 1568 5235 1632 5289; x_wconf 88' lang='grc' dir='ltr'>τὸ</span> <span class='ocrx_word' id='word_1_697' title='bbox 1675 5236 1871 5305; x_wconf 87' lang='grc' dir='ltr'>στόμα</span> <span class='ocrx_word' id='word_1_698' title='bbox 1912 5252 2033 5303; x_wconf 89' lang='grc' dir='ltr'>μου</span> 
     </span>
    </p>
   </div>
   <div class='ocr_carea' id='block_1_96' title="bbox 444 5328 2033 5398">
    <p class='ocr_par' dir='ltr' id='par_1_96' title="bbox 444 5328 2033 5398">
     <span class='ocr_line' id='line_1_96' title="bbox 444 5328 2033 5398; baseline -0.002 -16"><span class='ocrx_word' id='word_1_699' title='bbox 444 5328 622 5398; x_wconf 77' lang='grc' dir='ltr'>φιμῷ,</span> <span class='ocrx_word' id='word_1_700' title='bbox 652 5331 739 5383; x_wconf 81' lang='grc' dir='ltr'><strong>ἐτι</strong></span> <span class='ocrx_word' id='word_1_701' title='bbox 768 5330 944 5397; x_wconf 80' lang='grc' dir='ltr'>ὄντος</span> <span class='ocrx_word' id='word_1_702' title='bbox 973 5328 1234 5396; x_wconf 82' lang='grc' dir='ltr'>ἀσεϐοῦς</span> <span class='ocrx_word' id='word_1_703' title='bbox 1269 5330 1339 5393; x_wconf 81' lang='grc' dir='ltr'>ἐξ</span> <span class='ocrx_word' id='word_1_704' title='bbox 1377 5328 1659 5394; x_wconf 82' lang='grc' dir='ltr'>ἐναντίας</span> <span class='ocrx_word' id='word_1_705' title='bbox 1684 5344 1823 5396; x_wconf 88' lang='grc' dir='ltr'>μου.</span> <span class='ocrx_word' id='word_1_706' title='bbox 1859 5328 2033 5380; x_wconf 74' lang='grc' dir='ltr'>Ἄλα-</span> 
     </span>
    </p>
   </div>
   <div class='ocr_carea' id='block_1_97' title="bbox 442 5417 2031 5493">
    <p class='ocr_par' dir='ltr' id='par_1_97' title="bbox 442 5417 2031 5493">
     <span class='ocr_line' id='line_1_97' title="bbox 442 5417 2031 5493; baseline -0.003 -16"><span class='ocrx_word' id='word_1_707' title='bbox 442 5427 555 5489; x_wconf 68' lang='grc' dir='ltr'>λος</span> <span class='ocrx_word' id='word_1_708' title='bbox 584 5423 875 5492; x_wconf 75' lang='grc' dir='ltr'>ἐγενόμην</span> <span class='ocrx_word' id='word_1_709' title='bbox 913 5421 1079 5493; x_wconf 74' lang='grc' dir='ltr'>σιγῇ,</span> <span class='ocrx_word' id='word_1_710' title='bbox 1110 5420 1458 5489; x_wconf 78' lang='grc' dir='ltr'>ἐσιωπήθην</span> <span class='ocrx_word' id='word_1_711' title='bbox 1483 5420 1570 5491; x_wconf 82' lang='grc' dir='ltr'><strong>μὴ</strong></span> <span class='ocrx_word' id='word_1_712' title='bbox 1603 5417 1689 5473; x_wconf 85' lang='grc' dir='ltr'>ὢν</span> <span class='ocrx_word' id='word_1_713' title='bbox 1717 5421 1787 5473; x_wconf 78' lang='grc' dir='ltr'><strong>ἐν</strong></span> <span class='ocrx_word' id='word_1_714' title='bbox 1811 5418 2031 5489; x_wconf 76' lang='grc' dir='ltr'>ἀγαθῷ.</span> 
     </span>
    </p>
   </div>
   <div class='ocr_carea' id='block_1_98' title="bbox 458 5511 2036 5588">
    <p class='ocr_par' dir='ltr' id='par_1_98' title="bbox 458 5511 2036 5588">
     <span class='ocr_line' id='line_1_98' title="bbox 458 5511 2036 5588; baseline -0.005 -18"><span class='ocrx_word' id='word_1_715' title='bbox 458 5515 621 5588; x_wconf 78' lang='grc' dir='ltr'>Ὁρᾷς</span> <span class='ocrx_word' id='word_1_716' title='bbox 649 5516 771 5569; x_wconf 82' lang='grc' dir='ltr'>τίνα</span> <span class='ocrx_word' id='word_1_717' title='bbox 794 5516 998 5587; x_wconf 86' lang='grc' dir='ltr'>τρόπον</span> <span class='ocrx_word' id='word_1_718' title='bbox 1029 5515 1126 5586; x_wconf 76' lang='grc' dir='ltr'>τὴν</span> <span class='ocrx_word' id='word_1_719' title='bbox 1147 5515 1325 5568; x_wconf 78' lang='grc' dir='ltr'>αἰτίαν</span> <span class='ocrx_word' id='word_1_720' title='bbox 1349 5513 1443 5568; x_wconf 83' lang='grc' dir='ltr'>τοῦ</span> <span class='ocrx_word' id='word_1_721' title='bbox 1474 5514 1549 5585; x_wconf 87' lang='grc' dir='ltr'>μὴ</span> <span class='ocrx_word' id='word_1_722' title='bbox 1573 5512 1777 5584; x_wconf 80' lang='grc' dir='ltr'>τολμᾷν</span> <span class='ocrx_word' id='word_1_723' title='bbox 1806 5511 2036 5582; x_wconf 85' lang='grc' dir='ltr'>διαίρειν</span> 
     </span>
    </p>
   </div>
   <div class='ocr_carea' id='block_1_99' title="bbox 443 5600 2036 5676">
    <p class='ocr_par' dir='ltr' id='par_1_99' title="bbox 443 5600 2036 5676">
     <span class='ocr_line' id='line_1_99' title="bbox 443 5600 2036 5676; baseline -0.004 -16"><span class='ocrx_word' id='word_1_724' title='bbox 443 5607 507 5660; x_wconf 80' lang='grc' dir='ltr'>τὸ</span> <span class='ocrx_word' id='word_1_725' title='bbox 540 5607 717 5676; x_wconf 86' lang='grc' dir='ltr'>στόμα</span> <span class='ocrx_word' id='word_1_726' title='bbox 749 5606 987 5671; x_wconf 85' lang='grc' dir='ltr'>ἐδίδαξεν</span> <span class='ocrx_word' id='word_1_727' title='bbox 1036 5605 1204 5659; x_wconf 83' lang='grc' dir='ltr'>εἰπών</span> <span class='ocrx_word' id='word_1_728' title='bbox 1228 5625 1240 5637; x_wconf 75' lang='grc' dir='ltr'><strong>σ</strong></span> <span class='ocrx_word' id='word_1_729' title='bbox 1265 5605 1380 5659; x_wconf 80' lang='grc' dir='ltr'><strong>Καὶ</strong></span> <span class='ocrx_word' id='word_1_730' title='bbox 1426 5602 1743 5669; x_wconf 80' lang='grc' dir='ltr'>ἐσιώπησα</span> <span class='ocrx_word' id='word_1_731' title='bbox 1788 5600 1857 5664; x_wconf 78' lang='grc' dir='ltr'>ἐξ</span> <span class='ocrx_word' id='word_1_732' title='bbox 1890 5600 2036 5671; x_wconf 72' lang='grc' dir='ltr'><strong>ἀγα-</strong></span> 
     </span>
    </p>
   </div>
   <div class='ocr_carea' id='block_1_100' title="bbox 2131 4575 3715 4659">
    <p class='ocr_par' dir='ltr' id='par_1_100' title="bbox 2131 4575 3715 4659">
     <span class='ocr_line' id='line_1_100' title="bbox 2131 4575 3715 4659; baseline -0.011 -17"><span class='ocrx_word' id='word_1_733' title='bbox 2131 4589 2278 4659; x_wconf 88' lang='lat' dir='ltr'><strong>quit,</strong></span> <span class='ocrx_word' id='word_1_734' title='bbox 2306 4584 2908 4650; x_wconf 86' lang='lat' dir='ltr'><strong>tentationistempore,</strong></span> <span class='ocrx_word' id='word_1_735' title='bbox 2944 4579 3234 4633; x_wconf 86' lang='lat' dir='ltr'><strong>invadente</strong></span> <span class='ocrx_word' id='word_1_736' title='bbox 3262 4592 3346 4630; x_wconf 89' lang='lat' dir='ltr'><strong>me</strong></span> <span class='ocrx_word' id='word_1_737' title='bbox 3377 4575 3585 4645; x_wconf 84' lang='lat' dir='ltr'><strong>peccati</strong></span> <span class='ocrx_word' id='word_1_738' title='bbox 3621 4589 3715 4626; x_wconf 58' lang='lat' dir='ltr'><strong>auo</strong></span> 
     </span>
    </p>
   </div>
   <div class='ocr_carea' id='block_1_101' title="bbox 2132 4664 3710 4747">
    <p class='ocr_par' dir='ltr' id='par_1_101' title="bbox 2132 4664 3710 4747">
     <span class='ocr_line' id='line_1_101' title="bbox 2132 4664 3710 4747; baseline -0.011 -12"><span class='ocrx_word' id='word_1_739' title='bbox 2132 4688 2306 4742; x_wconf 87' lang='lat' dir='ltr'><strong>ctore,</strong></span> <span class='ocrx_word' id='word_1_740' title='bbox 2338 4692 2430 4747; x_wconf 87' lang='lat' dir='ltr'><strong>ego</strong></span> <span class='ocrx_word' id='word_1_741' title='bbox 2459 4674 2574 4727; x_wconf 70' lang='lat' dir='ltr'><strong>dixi</strong></span> <span class='ocrx_word' id='word_1_742' title='bbox 2607 4671 2960 4727; x_wconf 85' lang='lat' dir='ltr'><strong>:Custodiam</strong></span> <span class='ocrx_word' id='word_1_743' title='bbox 2985 4670 3097 4723; x_wconf 86' lang='lat' dir='ltr'><strong>uias</strong></span> <span class='ocrx_word' id='word_1_744' title='bbox 3129 4684 3294 4725; x_wconf 83' lang='lat' dir='ltr'><strong>meas.</strong></span> <span class='ocrx_word' id='word_1_745' title='bbox 3323 4675 3380 4719; x_wconf 88' lang='lat' dir='ltr'><strong>ut</strong></span> <span class='ocrx_word' id='word_1_746' title='bbox 3410 4682 3514 4720; x_wconf 87' lang='lat' dir='ltr'><strong>non</strong></span> <span class='ocrx_word' id='word_1_747' title='bbox 3545 4664 3710 4718; x_wconf 80' lang='lat' dir='ltr'><strong>detin-</strong></span> 
     </span>
    </p>
   </div>
   <div class='ocr_carea' id='block_1_102' title="bbox 2131 4756 3713 4840">
    <p class='ocr_par' dir='ltr' id='par_1_102' title="bbox 2131 4756 3713 4840">
     <span class='ocr_line' id='line_1_102' title="bbox 2131 4756 3713 4840; baseline -0.009 -18"><span class='ocrx_word' id='word_1_748' title='bbox 2131 4785 2291 4840; x_wconf 87' lang='lat' dir='ltr'><strong>quam</strong></span> <span class='ocrx_word' id='word_1_749' title='bbox 2326 4769 2380 4821; x_wconf 90' lang='lat' dir='ltr'><strong>in</strong></span> <span class='ocrx_word' id='word_1_750' title='bbox 2411 4766 2590 4835; x_wconf 88' lang='lat' dir='ltr'><strong>lingua</strong></span> <span class='ocrx_word' id='word_1_751' title='bbox 2625 4779 2760 4816; x_wconf 88' lang='lat' dir='ltr'><strong>mea.</strong></span> <span class='ocrx_word' id='word_1_752' title='bbox 2796 4761 2841 4814; x_wconf 94' lang='grc' dir='ltr'><strong>Τ</strong></span> <span class='ocrx_word' id='word_1_753' title='bbox 2848 4776 2955 4815; x_wconf 90' lang='lat' dir='ltr'><strong>unc</strong></span> <span class='ocrx_word' id='word_1_754' title='bbox 2986 4774 3137 4823; x_wconf 79' lang='lat' dir='ltr'><strong>vero,</strong></span> <span class='ocrx_word' id='word_1_755' title='bbox 3169 4758 3326 4826; x_wconf 82' lang='lat' dir='ltr'><strong>posui</strong></span> <span class='ocrx_word' id='word_1_756' title='bbox 3364 4756 3446 4809; x_wconf 86' lang='lat' dir='ltr'><strong>ori</strong></span> <span class='ocrx_word' id='word_1_757' title='bbox 3476 4771 3588 4808; x_wconf 75' lang='lat' dir='ltr'><strong>meo</strong></span> <span class='ocrx_word' id='word_1_758' title='bbox 3621 4770 3713 4808; x_wconf 87' lang='lat' dir='ltr'><strong>cu—</strong></span> 
     </span>
    </p>
   </div>
   <div class='ocr_carea' id='block_1_103' title="bbox 2132 4847 3713 4915">
    <p class='ocr_par' dir='ltr' id='par_1_103' title="bbox 2132 4847 3713 4915">
     <span class='ocr_line' id='line_1_103' title="bbox 2132 4847 3713 4915; baseline -0.009 -1"><span class='ocrx_word' id='word_1_759' title='bbox 2132 4859 2365 4915; x_wconf 86' lang='lat' dir='ltr'><strong>stodiam</strong></span> <span class='ocrx_word' id='word_1_760' title='bbox 2390 4875 2408 4912; x_wconf 92' lang='lat'><em>:</em></span> <span class='ocrx_word' id='word_1_761' title='bbox 2437 4855 2675 4912; x_wconf 86' lang='lat' dir='ltr'><strong>obmutui</strong></span> <span class='ocrx_word' id='word_1_762' title='bbox 2719 4863 2769 4909; x_wconf 88' lang='lat' dir='ltr'><strong>et</strong></span> <span class='ocrx_word' id='word_1_763' title='bbox 2804 4853 3115 4905; x_wconf 85' lang='lat' dir='ltr'><strong>humiliatus</strong></span> <span class='ocrx_word' id='word_1_764' title='bbox 3145 4866 3286 4915; x_wconf 91' lang='lat' dir='ltr'><strong>sum,</strong></span> <span class='ocrx_word' id='word_1_765' title='bbox 3318 4858 3366 4903; x_wconf 85' lang='lat' dir='ltr'><strong>et</strong></span> <span class='ocrx_word' id='word_1_766' title='bbox 3398 4850 3524 4903; x_wconf 90' lang='lat' dir='ltr'><strong>silui</strong></span> <span class='ocrx_word' id='word_1_767' title='bbox 3556 4866 3587 4901; x_wconf 94' lang='lat' dir='ltr'><strong><em>a</em></strong></span> <span class='ocrx_word' id='word_1_768' title='bbox 3620 4847 3713 4901; x_wconf 83' lang='lat' dir='ltr'><strong>bo-</strong></span> 
     </span>
    </p>
   </div>
   <div class='ocr_carea' id='block_1_104' title="bbox 2134 4940 3710 5024">
    <p class='ocr_par' dir='ltr' id='par_1_104' title="bbox 2134 4940 3710 5024">
     <span class='ocr_line' id='line_1_104' title="bbox 2134 4940 3710 5024; baseline -0.008 -16"><span class='ocrx_word' id='word_1_769' title='bbox 2134 4954 2237 5008; x_wconf 86' lang='lat' dir='ltr'><strong>nis.</strong></span> <span class='ocrx_word' id='word_1_770' title='bbox 2268 4950 2631 5024; x_wconf 87' lang='lat' dir='ltr'><strong>Symmachus</strong></span> <span class='ocrx_word' id='word_1_771' title='bbox 2664 4954 2844 5001; x_wconf 88' lang='lat' dir='ltr'><strong>autem</strong></span> <span class='ocrx_word' id='word_1_772' title='bbox 2870 4946 2950 5002; x_wconf 89' lang='lat' dir='ltr'><strong>sic</strong></span> <span class='ocrx_word' id='word_1_773' title='bbox 2984 4946 3377 5014; x_wconf 87' lang='lat' dir='ltr'><strong>interpretatus</strong></span> <span class='ocrx_word' id='word_1_774' title='bbox 3406 4950 3509 5004; x_wconf 87' lang='lat' dir='ltr'><strong>est,</strong></span> <span class='ocrx_word' id='word_1_775' title='bbox 3543 4940 3710 4995; x_wconf 77' lang='lat' dir='ltr'><strong>Dixi:</strong></span> 
     </span>
    </p>
   </div>
   <div class='ocr_carea' id='block_1_105' title="bbox 2133 5031 3713 5102">
    <p class='ocr_par' dir='ltr' id='par_1_105' title="bbox 2133 5031 3713 5102">
     <span class='ocr_line' id='line_1_105' title="bbox 2133 5031 3713 5102; baseline -0.008 -5"><span class='ocrx_word' id='word_1_776' title='bbox 2133 5042 2446 5099; x_wconf 88' lang='lat' dir='ltr'><strong>Custodiam</strong></span> <span class='ocrx_word' id='word_1_777' title='bbox 2501 5041 2610 5094; x_wconf 88' lang='lat' dir='ltr'><strong>vias</strong></span> <span class='ocrx_word' id='word_1_778' title='bbox 2663 5054 2828 5102; x_wconf 90' lang='lat' dir='ltr'><strong>meas,</strong></span> <span class='ocrx_word' id='word_1_779' title='bbox 2861 5046 2919 5089; x_wconf 89' lang='lat' dir='ltr'><strong>ut</strong></span> <span class='ocrx_word' id='word_1_780' title='bbox 2971 5052 3076 5089; x_wconf 86' lang='lat' dir='ltr'><strong>non</strong></span> <span class='ocrx_word' id='word_1_781' title='bbox 3123 5034 3428 5099; x_wconf 86' lang='lat' dir='ltr'><strong>delinquam</strong></span> <span class='ocrx_word' id='word_1_782' title='bbox 3474 5047 3565 5099; x_wconf 87' lang='lat' dir='ltr'><strong>per</strong></span> <span class='ocrx_word' id='word_1_783' title='bbox 3608 5031 3713 5085; x_wconf 66' lang='lat' dir='ltr'><strong>lin—</strong></span> 
     </span>
    </p>
   </div>
   <div class='ocr_carea' id='block_1_106' title="bbox 2132 5121 3712 5206">
    <p class='ocr_par' dir='ltr' id='par_1_106' title="bbox 2132 5121 3712 5206">
     <span class='ocr_line' id='line_1_106' title="bbox 2132 5121 3712 5206; baseline -0.009 -17"><span class='ocrx_word' id='word_1_784' title='bbox 2132 5150 2291 5206; x_wconf 90' lang='lat' dir='ltr'><strong>guam</strong></span> <span class='ocrx_word' id='word_1_785' title='bbox 2321 5149 2514 5187; x_wconf 86' lang='lat' dir='ltr'><strong>meam.</strong></span> <span class='ocrx_word' id='word_1_786' title='bbox 2555 5128 2867 5185; x_wconf 85' lang='lat' dir='ltr'><strong>Custodiam</strong></span> <span class='ocrx_word' id='word_1_787' title='bbox 2901 5144 2956 5181; x_wconf 92' lang='lat' dir='ltr'><strong>os</strong></span> <span class='ocrx_word' id='word_1_788' title='bbox 2988 5143 3159 5181; x_wconf 87' lang='lat' dir='ltr'><strong>meum</strong></span> <span class='ocrx_word' id='word_1_789' title='bbox 3195 5125 3365 5194; x_wconf 83' lang='lat' dir='ltr'><strong>freno,</strong></span> <span class='ocrx_word' id='word_1_790' title='bbox 3398 5139 3516 5176; x_wconf 89' lang='lat' dir='ltr'><strong>cum</strong></span> <span class='ocrx_word' id='word_1_791' title='bbox 3541 5121 3712 5175; x_wconf 82' lang='lat' dir='ltr'><strong>adhuc</strong></span> 
     </span>
    </p>
   </div>
   <div class='ocr_carea' id='block_1_107' title="bbox 2134 5214 3708 5295">
    <p class='ocr_par' dir='ltr' id='par_1_107' title="bbox 2134 5214 3708 5295">
     <span class='ocr_line' id='line_1_107' title="bbox 2134 5214 3708 5295; baseline -0.011 -13"><span class='ocrx_word' id='word_1_792' title='bbox 2134 5230 2203 5283; x_wconf 89' lang='lat' dir='ltr'><strong>sit</strong></span> <span class='ocrx_word' id='word_1_793' title='bbox 2227 5226 2422 5295; x_wconf 84' lang='lat' dir='ltr'><strong>impius</strong></span> <span class='ocrx_word' id='word_1_794' title='bbox 2449 5222 2726 5278; x_wconf 87' lang='lat' dir='ltr'><strong>adversum</strong></span> <span class='ocrx_word' id='word_1_795' title='bbox 2763 5237 2864 5274; x_wconf 91' lang='lat' dir='ltr'><strong>me.</strong></span> <span class='ocrx_word' id='word_1_796' title='bbox 2906 5218 3088 5273; x_wconf 81' lang='lat' dir='ltr'><strong>Mutus</strong></span> <span class='ocrx_word' id='word_1_797' title='bbox 3112 5218 3286 5287; x_wconf 82' lang='lat' dir='ltr'><strong>factus</strong></span> <span class='ocrx_word' id='word_1_798' title='bbox 3329 5232 3444 5268; x_wconf 86' lang='lat' dir='ltr'><strong>sum</strong></span> <span class='ocrx_word' id='word_1_799' title='bbox 3475 5214 3708 5277; x_wconf 84' lang='lat' dir='ltr'><strong>silentio,</strong></span> 
     </span>
    </p>
   </div>
   <div class='ocr_carea' id='block_1_108' title="bbox 2137 5308 3713 5378">
    <p class='ocr_par' dir='ltr' id='par_1_108' title="bbox 2137 5308 3713 5378">
     <span class='ocr_line' id='line_1_108' title="bbox 2137 5308 3713 5378; baseline -0.011 -4"><span class='ocrx_word' id='word_1_800' title='bbox 2137 5319 2280 5374; x_wconf 88' lang='lat' dir='ltr'><strong>tacui</strong></span> <span class='ocrx_word' id='word_1_801' title='bbox 2312 5318 2365 5371; x_wconf 90' lang='lat' dir='ltr'><strong>in</strong></span> <span class='ocrx_word' id='word_1_802' title='bbox 2394 5316 2527 5370; x_wconf 89' lang='lat' dir='ltr'><strong>bono</strong></span> <span class='ocrx_word' id='word_1_803' title='bbox 2560 5332 2661 5369; x_wconf 87' lang='lat' dir='ltr'><strong>non</strong></span> <span class='ocrx_word' id='word_1_804' title='bbox 2702 5315 2956 5368; x_wconf 75' lang='lat' dir='ltr'><strong>existens.</strong></span> <span class='ocrx_word' id='word_1_805' title='bbox 2999 5308 3190 5364; x_wconf 83' lang='lat' dir='ltr'><strong>Viden’</strong></span> <span class='ocrx_word' id='word_1_806' title='bbox 3233 5322 3343 5378; x_wconf 89' lang='lat' dir='ltr'><strong>quo</strong></span> <span class='ocrx_word' id='word_1_807' title='bbox 3387 5313 3547 5376; x_wconf 87' lang='lat' dir='ltr'><strong>pacto</strong></span> <span class='ocrx_word' id='word_1_808' title='bbox 3587 5320 3713 5359; x_wconf 87' lang='lat' dir='ltr'><strong>cau-</strong></span> 
     </span>
    </p>
   </div>
   <div class='ocr_carea' id='block_1_109' title="bbox 2134 5398 3710 5473">
    <p class='ocr_par' dir='ltr' id='par_1_109' title="bbox 2134 5398 3710 5473">
     <span class='ocr_line' id='line_1_109' title="bbox 2134 5398 3710 5473; baseline -0.012 -5"><span class='ocrx_word' id='word_1_809' title='bbox 2134 5429 2250 5469; x_wconf 85' lang='lat' dir='ltr'><strong>sam</strong></span> <span class='ocrx_word' id='word_1_810' title='bbox 2285 5410 2495 5473; x_wconf 80' lang='lat' dir='ltr'><strong>afferat,</strong></span> <span class='ocrx_word' id='word_1_811' title='bbox 2546 5425 2646 5463; x_wconf 91' lang='lat' dir='ltr'><strong>cur</strong></span> <span class='ocrx_word' id='word_1_812' title='bbox 2689 5423 2798 5461; x_wconf 89' lang='lat' dir='ltr'><strong>non</strong></span> <span class='ocrx_word' id='word_1_813' title='bbox 2844 5404 3043 5458; x_wconf 85' lang='lat' dir='ltr'><strong>audeat</strong></span> <span class='ocrx_word' id='word_1_814' title='bbox 3070 5419 3132 5458; x_wconf 93' lang='lat' dir='ltr'><strong>os</strong></span> <span class='ocrx_word' id='word_1_815' title='bbox 3182 5400 3395 5471; x_wconf 88' lang='lat' dir='ltr'><strong>aperire</strong></span> <span class='ocrx_word' id='word_1_816' title='bbox 3445 5413 3570 5453; x_wconf 88' lang='lat' dir='ltr'><strong>cum</strong></span> <span class='ocrx_word' id='word_1_817' title='bbox 3611 5398 3710 5462; x_wconf 88' lang='lat' dir='ltr'><strong>ait,</strong></span> 
     </span>
    </p>
   </div>
   <div class='ocr_carea' id='block_1_110' title="bbox 2134 5490 3710 5564">
    <p class='ocr_par' dir='ltr' id='par_1_110' title="bbox 2134 5490 3710 5564">
     <span class='ocr_line' id='line_1_110' title="bbox 2134 5490 3710 5564; baseline -0.011 -5"><span class='ocrx_word' id='word_1_818' title='bbox 2134 5514 2184 5559; x_wconf 82' lang='lat' dir='ltr'><strong>et</strong></span> <span class='ocrx_word' id='word_1_819' title='bbox 2219 5503 2344 5558; x_wconf 88' lang='lat' dir='ltr'><strong>silui</strong></span> <span class='ocrx_word' id='word_1_820' title='bbox 2372 5518 2405 5554; x_wconf 96' lang='lat' dir='ltr'><strong><em>a</em></strong></span> <span class='ocrx_word' id='word_1_821' title='bbox 2440 5500 2625 5562; x_wconf 85' lang='lat' dir='ltr'><strong>bonis;</strong></span> <span class='ocrx_word' id='word_1_822' title='bbox 2657 5498 2743 5553; x_wconf 87' lang='lat' dir='ltr'><strong>vel</strong></span> <span class='ocrx_word' id='word_1_823' title='bbox 2771 5495 3073 5553; x_wconf 90' lang='lat' dir='ltr'><strong>secundum</strong></span> <span class='ocrx_word' id='word_1_824' title='bbox 3107 5490 3513 5564; x_wconf 83' lang='lat' dir='ltr'><strong>Symmachum,</strong></span> <span class='ocrx_word' id='word_1_825' title='bbox 3546 5490 3710 5552; x_wconf 80' lang='lat' dir='ltr'><strong>tacui,</strong></span> 
     </span>
    </p>
   </div>
   <div class='ocr_carea' id='block_1_111' title="bbox 2137 5583 3715 5650">
    <p class='ocr_par' dir='ltr' id='par_1_111' title="bbox 2137 5583 3715 5650">
     <span class='ocr_line' id='line_1_111' title="bbox 2137 5583 3715 5650; baseline -0.01 0"><span class='ocrx_word' id='word_1_826' title='bbox 2137 5597 2193 5650; x_wconf 92' lang='lat' dir='ltr'><strong>in</strong></span> <span class='ocrx_word' id='word_1_827' title='bbox 2235 5595 2369 5650; x_wconf 88' lang='lat' dir='ltr'><strong>bono</strong></span> <span class='ocrx_word' id='word_1_828' title='bbox 2414 5608 2519 5648; x_wconf 87' lang='lat' dir='ltr'><strong>non</strong></span> <span class='ocrx_word' id='word_1_829' title='bbox 2555 5591 2829 5646; x_wconf 73' lang='lat' dir='ltr'><strong>existens?</strong></span> <span class='ocrx_word' id='word_1_830' title='bbox 2854 5587 2992 5643; x_wconf 85' lang='lat' dir='ltr'><strong>Cum</strong></span> <span class='ocrx_word' id='word_1_831' title='bbox 3022 5587 3167 5642; x_wconf 89' lang='lat' dir='ltr'><strong>enim</strong></span> <span class='ocrx_word' id='word_1_832' title='bbox 3196 5585 3251 5639; x_wconf 88' lang='lat' dir='ltr'><strong>in</strong></span> <span class='ocrx_word' id='word_1_833' title='bbox 3286 5583 3448 5640; x_wconf 90' lang='lat' dir='ltr'><strong>bonis</strong></span> <span class='ocrx_word' id='word_1_834' title='bbox 3478 5597 3589 5638; x_wconf 87' lang='lat' dir='ltr'><strong>non</strong></span> <span class='ocrx_word' id='word_1_835' title='bbox 3620 5597 3715 5635; x_wconf 80' lang='lat' dir='ltr'><strong>ex-</strong></span> 
     </span>
    </p>
   </div>
   <div class='ocr_carea' id='block_1_112' title="bbox 446 5673 2026 5767">
    <p class='ocr_par' dir='ltr' id='par_1_112' title="bbox 446 5673 2026 5767">
     <span class='ocr_line' id='line_1_112' title="bbox 446 5673 2026 5767; baseline -0.005 -15"><span class='ocrx_word' id='word_1_836' title='bbox 446 5695 588 5760; x_wconf 81' lang='grc' dir='ltr'>θῶν,</span> <span class='ocrx_word' id='word_1_837' title='bbox 642 5673 702 5767; x_wconf 64' lang='grc' dir='ltr'><strong>ἦ,</strong></span> <span class='ocrx_word' id='word_1_838' title='bbox 744 5694 1092 5765; x_wconf 77' lang='grc' dir='ltr'>ἐσιωπήθην</span> <span class='ocrx_word' id='word_1_839' title='bbox 1121 5694 1207 5765; x_wconf 83' lang='grc' dir='ltr'>μὴ</span> <span class='ocrx_word' id='word_1_840' title='bbox 1254 5694 1340 5750; x_wconf 80' lang='grc' dir='ltr'>ὢν</span> <span class='ocrx_word' id='word_1_841' title='bbox 1385 5694 1455 5751; x_wconf 80' lang='grc' dir='ltr'><strong>ἐν</strong></span> <span class='ocrx_word' id='word_1_842' title='bbox 1504 5692 1726 5765; x_wconf 78' lang='grc' dir='ltr'>ἀγαθῷ,</span> <span class='ocrx_word' id='word_1_843' title='bbox 1769 5689 1911 5748; x_wconf 85' lang='grc' dir='ltr'><strong>κατὰ</strong></span> <span class='ocrx_word' id='word_1_844' title='bbox 1939 5690 2026 5765; x_wconf 53' lang='grc' dir='ltr'><strong>¹τοι</strong></span> 
     </span>
    </p>
   </div>
   <div class='ocr_carea' id='block_1_113' title="bbox 2129 5673 3713 5767">
    <p class='ocr_par' dir='ltr' id='par_1_113' title="bbox 2140 5673 3713 5756">
     <span class='ocr_line' id='line_1_113' title="bbox 2140 5673 3713 5756; baseline -0.011 -12"><span class='ocrx_word' id='word_1_845' title='bbox 2140 5689 2388 5753; x_wconf 85' lang='lat' dir='ltr'><strong>istcrem,</strong></span> <span class='ocrx_word' id='word_1_846' title='bbox 2433 5697 2612 5756; x_wconf 89' lang='lat' dir='ltr'><strong>neque</strong></span> <span class='ocrx_word' id='word_1_847' title='bbox 2650 5680 2907 5737; x_wconf 81' lang='lat' dir='ltr'><strong>ﬁduciam</strong></span> <span class='ocrx_word' id='word_1_848' title='bbox 2943 5678 3219 5746; x_wconf 85' lang='lat' dir='ltr'><strong>haberem,</strong></span> <span class='ocrx_word' id='word_1_849' title='bbox 3242 5673 3562 5733; x_wconf 83' lang='lat' dir='ltr'><strong>recordatus</strong></span> <span class='ocrx_word' id='word_1_850' title='bbox 3592 5687 3713 5730; x_wconf 86' lang='lat' dir='ltr'><strong>sum</strong></span> 
     </span>
    </p>
   </div>
   <div class='ocr_carea' id='block_1_114' title="bbox 523 5852 945 5923">
    <p class='ocr_par' dir='ltr' id='par_1_114' title="bbox 523 5852 945 5923">
     <span class='ocr_line' id='line_1_114' title="bbox 523 5852 945 5923; baseline 0.009 -17"><span class='ocrx_word' id='word_1_851' title='bbox 523 5855 565 5887; x_wconf 82' lang='grc'><strong>³⁸</strong></span> <span class='ocrx_word' id='word_1_852' title='bbox 607 5852 763 5910; x_wconf 76' lang='lat' dir='ltr'><strong>Rom.</strong></span> <span class='ocrx_word' id='word_1_853' title='bbox 800 5870 854 5923; x_wconf 88' lang='lat' dir='ltr'><strong>v,</strong></span> <span class='ocrx_word' id='word_1_854' title='bbox 892 5853 945 5910; x_wconf 76' lang='lat'><strong>5.</strong></span> 
     </span>
    </p>
   </div>
  </div>
