4138 6386
428 310 536 367 357

1140 307 1412 365 EUSEBll
1448 307 1931 365 CASSARIENSlS
1974 306 2106 363 OPP
2155 306 2336 364 PARS
2363 307 2451 362 lli.
2494 340 2561 352 ——
2602 309 3015 370 EXEGETICA.

3585 322 3691 378 3‘13

425 423 551 494 ejus
591 424 684 495 qui
718 425 793 480 ait
826 444 838 480 :
868 425 1128 488 Peccasti,
1173 426 1376 496 quiesce
1402 426 1448 458 "
1476 445 1490 479 :
1537 440 1710 496 quam
1744 426 1890 480 tacui
1945 426 1978 478 ii

2104 424 2427 496 Σύμμαχον;
2462 425 2553 498 Μὴ
2582 444 2690 499 γαρ
2712 427 2788 481 ὢν
2844 432 2903 484 ἐν
2943 431 3188 500 ἀγαθοῖς,
3213 434 3349 506 μηδέ
3383 439 3694 509 παρρησίαν

428 515 571 572 bono
601 534 705 570 non
737 517 984 571 existens.
1046 514 1232 588 Neque
1265 516 1441 570 solum
1482 513 1717 568 obmutui
1744 524 1796 569 et
1828 516 2005 569 nunti-

429 611 593 665 liatus
632 626 749 664 sum
778 619 824 663 et
872 608 997 661 silui
1025 624 1057 662 a
1102 606 1275 673 bonis,
1322 607 1416 663 sed
1451 607 1638 671 etiam,
1664 606 1817 660 dolor
1859 622 2004 660 meus

423 710 703 755 renovatus
747 708 845 755 est.
880 698 1017 753 Nam
1056 699 1212 755 dolor
1260 701 1458 754 animae
1504 715 1657 763 meae,
1695 706 1749 754 et
1782 699 1940 755 ulcus
1972 714 2005 752 a

425 799 651 863 peccato
696 792 827 846 mihi
862 791 1096 856 illatum,
1129 806 1253 846 cum
1295 793 1353 846 in
1396 792 1566 845 imum
1610 800 1802 861 pectus
1850 790 2005 847 deveo

422 884 615 945 uisset,
643 893 696 938 et
730 883 785 937 in
828 883 949 949 ipsa
993 882 1334 938 conscientia
1369 882 1601 939 inﬁxum
1644 890 1811 950 esset,
1848 897 2005 937 reno-

420 977 672 1042 vabatur,
729 977 971 1033 instante
1019 986 1185 1049 atque
1233 975 1602 1047 exprobrante
1642 977 1855 1047 peccati
1903 990 2002 1031 au-

416 1070 594 1122 ctore.
656 1092 665 1103 ι

485 1327 655 1386 Vsus.
688 1329 723 1384 4
752 1359 780 1373 -
811 1329 865 1385 6.
908 1330 1187 1385 Concaluit
1219 1346 1310 1385 cor
1334 1322 1510 1384 meum
1551 1331 1697 1384 intra
1737 1345 1840 1385 me.
1890 1328 2000 1384 Me—

413 1436 558 1484 mor,
594 1421 797 1490 inquit,
830 1422 1065 1491 peccati,
1098 1421 1268 1475 animi
1300 1420 1543 1490 deliquio
1574 1436 1675 1475 ceu
1706 1420 1830 1490 igne
1850 1434 1999 1474 com-

412 1510 687 1566 buri-bar:
718 1512 786 1565 ab
830 1509 1058 1581 ipsaque
1092 1511 1432 1566 conscientia
1472 1510 1755 1574 incensus,
1788 1511 1995 1565 locutus

410 1618 532 1656 sum
556 1603 612 1657 in
640 1601 821 1673 lingua
852 1619 967 1657 mea
992 1620 1011 1657 :
1040 1601 1240 1657 Notum
1266 1603 1352 1672 fac
1382 1603 1532 1668 mihi,
1566 1602 1812 1667 Domine,
1837 1604 1995 1673 ﬁnem

411 1711 608 1748 meum.
644 1694 821 1749 Etiam
850 1703 975 1767 post
996 1694 1430 1760 confessionem,
1462 1696 1557 1766 qui
1581 1694 1715 1750 mihi
1743 1696 1867 1751 ﬁnis
1910 1694 1988 1749 fu-

2108 514 2277 583 ἄγων,
2312 516 2637 586 ἐμεμνήμην
2670 518 2761 571 τοῦ
2788 519 3039 587 λέγοντος
3060 538 3072 551 ⁸
3110 523 3418 592 Ἦμαρτες,
3455 526 3692 595 ἡσύχα-

2106 623 2223 660 σον
2245 624 2258 636 ·
2285 605 2365 660 διὸ
2392 607 2707 677 ἐσιώπησα
2723 610 2808 680 μὴ
2837 612 2923 665 ὢν
2954 614 3026 666 ἐν
3044 615 3263 684 ἀγαθῷ.
3312 617 3387 670 Οὐ
3438 618 3598 688 μόνον
3635 618 3693 675 δὲ

2103 697 2425 768 ἐκωςοώθην
2457 699 2557 753 καὶ
2580 701 2841 771 ἐσίγησα
2873 703 2943 768 ἐξ
2996 704 3256 776 ἀγαθῶν,
3281 707 3417 763 ἀλλὰ
3461 710 3556 764 καὶ
3584 710 3693 767 ἆλ-

2103 788 2261 859 τημά
2277 808 2397 859 μου
2424 791 2836 862 ἀνεκαινίσθη.
2864 795 2939 848 Τὸ
2963 795 3070 870 γὰρ
3105 797 3206 868 τῆς
3231 797 3408 870 ψυχῆς
3461 818 3562 873 μου
3599 801 3691 857 ἄλ-

2103 898 2199 950 γος
2242 882 2338 934 καὶ
2365 882 2426 935 τὸ
2460 883 2524 937 ἐκ
2552 884 2652 956 τῆς
2690 886 2966 958 ἁμαρτίας
2996 889 3355 961 ἐγγενόμενον
3383 910 3475 964 μοι
3506 893 3687 960 ἕλκος,

2103 972 2244 1027 κατά
2274 972 2471 1043 βάθους
2529 974 2866 1046 ἐγκείμενον,
2910 980 3004 1034 καὶ
3032 982 3151 1034 κατ’
3176 982 3347 1054 αὐτῆς
3380 984 3481 1055 τῆς
3513 1001 3689 1039 συνει-

2100 1062 2307 1133 δήσεως
2361 1065 2825 1136 ἐμπεπηγμένον,
2872 1068 3185 1133 ἁνενεοῦτο,
3234 1071 3689 1136 ἐπαναϐαίνοντὸς

2103 1171 2192 1225 μοι
2241 1155 2336 1208 καὶ
2395 1156 2815 1223 ἐπονειδίζοντος
2863 1158 2954 1212 τοῦ
2996 1160 3094 1231 τὴν
3133 1162 3409 1235 ἁμαρτίαν
3455 1166 3688 1237 ἐνηργη-

2099 1248 2274 1313 κότος.

2182 1340 2535 1410 Ἐθερμάνθη
2566 1343 2604 1409 ἡ
2630 1342 2839 1410 καρδία
2862 1362 2982 1413 μου
3000 1345 3173 1413 ἐντός
3186 1364 3327 1416 μου.
3347 1347 3688 1421 Ἀναμιμνη-

2100 1431 2384 1503 σχόμενος,
2416 1432 2574 1503 φησὶ,
2605 1432 2704 1503 τῆς
2727 1434 3022 1505 ἁμαρτίας,
3063 1437 3163 1507 τῆς
3186 1435 3425 1508 ἀθυμίας
3464 1439 3686 1511 ἐνεπιμ-

2097 1525 2323 1596 πράμην
2370 1524 2524 1596 πυρὶ,
2557 1524 2649 1577 ὑπ’
2684 1525 2853 1595 αὐτῆς
2900 1526 3241 1598 πυρούμενος
3282 1530 3384 1599 τῆς
3436 1530 3686 1602 συνειδή-

2098 1615 2585 1683 σεως,Ἕ.λάλησα
2615 1617 2686 1670 ἐν
2710 1616 2960 1688 γλώσσῃ
3003 1636 3153 1689 μου·
3205 1619 3518 1689 Γνώρισόν
3556 1641 3684 1693 μοι,

2095 1707 2294 1775 Κύριε,
2328 1706 2395 1760 τὸ
2428 1705 2617 1776 πέρας
2638 1725 2778 1777 μου.
2805 1709 2917 1763 Καὶ
2966 1709 3103 1781 μετὰ
3148 1710 3247 1784 τὴν
3294 1712 3684 1785 ἐξομολόγησιν

409 1786 572 1833 turus
600 1778 673 1834 sit
705 1779 951 1835 ediscere
977 1781 1218 1850 postulo.
1252 1779 1380 1836 Haec
1411 1796 1578 1852 porro
1611 1782 1830 1836 dicebat
1860 1795 1978 1836 cum

2087 1799 2274 1852 ὁποίου
2307 1798 2497 1862 τέλους
2528 1799 2791 1872 τεύξομαι
2827 1778 3020 1873 μαθεῖν
3055 1778 3216 1869 άξιῶί
3244 1778 3592 1879 Βαρούμενος
3625 1808 3685 1861 δὲ

408 1870 648 1940 graviter
667 1878 1027 1941 premeretur,
1062 1878 1218 1927 ratus
1238 1879 1646 1941 temporaneam
1676 1872 1819 1927 hanc
1840 1886 1987 1925 mor—
2017 1848 2061 1902 Β

406 1961 681 2031 talemque
711 1961 878 2015 vitam
911 1960 983 2016 ob
1014 1961 1233 2015 tazdium
1268 1962 1684 2033 molestiamque
1715 1963 1836 2033 ejus
1857 1961 1983 2015 diu-

406 2054 785 2108 turnissimam
817 2068 959 2108 esse.
992 2051 1174 2119 Quare
1217 2054 1403 2109 obitus
1433 2055 1537 2109 sibi
1580 2063 1797 2126 tempus
1842 2054 1985 2108 indi-

405 2144 520 2197 cari
551 2143 893 2214 peroptabat,
942 2150 1004 2197 ut
1056 2151 1284 2213 accepto
1314 2130 1588 2199 libertatis
1618 2159 1682 2199 ac
1724 2146 1985 2199 tentatio-

404 2251 535 2291 num
572 2237 752 2291 exitus
786 2235 968 2290 fausto
1016 2236 1235 2301 nuntio,
1273 2235 1531 2290 alacriter
1568 2246 1771 2306 ageret.
1806 2236 1862 2290 In
1903 2253 1983 2291 sea

404 2326 704 2394 quentibus
732 2340 862 2380 vero
892 2325 1083 2379 sic'ait
1109 2344 1123 2379 :
1148 2323 1365 2378 Advena
1404 2340 1498 2394 ego
1529 2341 1646 2379 sum
1680 2325 1820 2395 apud
1853 2336 1900 2379 te
1929 2333 1981 2379 et

400 2415 726 2485 peregrinus,
758 2417 893 2470 sicut
920 2430 1099 2469 omnes
1125 2423 1303 2483 patres
1335 2415 1455 2468 mei.
1492 2412 1626 2467 Ecce
1652 2415 1982 2470 mensurabi-

401 2505 476 2559 les
504 2506 731 2573 posuisti
762 2505 875 2559 dies
928 2523 1092 2570 meos,
1140 2516 1191 2561 et
1238 2507 1541 2561 substantia
1575 2524 1690 2562 mea
1727 2516 1981 2577 tanquam

401 2596 625 2650 nihilum
660 2606 783 2650 ante
830 2606 896 2651 te.
946 2596 1053 2652 Pro
1098 2613 1209 2667 quo
1243 2596 1624 2669 Symmachus,
1665 2597 1799 2652 Ecce
1828 2599 1982 2670 quasi

397 2687 666 2757 palmares
713 2687 909 2742 dedisti
951 2688 1065 2743 dies
1116 2705 1281 2755 meos,
1328 2689 1521 2745 edidit.
1548 2689 1705 2744 Alius
1744 2689 1981 2745 fortasse

398 2779 624 2843 dixerit,
672 2779 1000 2844 παλαιστάς,
1034 2782 1152 2836 sive
1196 2780 1552 2837 adversarios
1580 2781 1699 2837 dies
1737 2781 1979 2838 hominis

399 2879 647 2933 vocatos,
682 2873 811 2941 quia
839 2872 1161 2937 certamine,
1192 2872 1394 2943 πάλης,
1419 2875 1532 2930 sive
1569 2889 1749 2945 pugna
1778 2882 1832 2929 et
1853 2882 1976 2929 ten-

397 2961 701 3035 tationibus
732 2951 1087 3032 fepletisunt.
1114 2961 1487 3035 Deincepsque
1518 2966 1595 3019 ait
1621 2985 1633 3021 :
1661 2965 1978 3021 Substantia

398 3070 517 3108 mea
550 3034 798 3125 tanquam
840 3054 1064 3109 nihilum
1111 3065 1233 3109 ante
1266 3066 1352 3119 te;
1383 3034 1482 3127 pro
1523 3073 1633 3128 quo
1666 3060 1862 3129 Aquila
1891 3062 1978 3114 in-

396 3154 754 3216 terpretatur,
782 3156 833 3200 et
880 3146 1137 3203 demersio
1166 3166 1285 3204 mea
1327 3152 1482 3220 quasi
1510 3168 1614 3206 non
1644 3160 1723 3206 est
1756 3153 1810 3206 in
1849 3169 1967 3207 cono

395 3249 578 3311 specta
612 3248 729 3304 tuo;
766 3238 1133 3311 Symmachus
1158 3257 1312 3307 vero,
1342 3252 1393 3296 et
1429 3242 1535 3296 vita
1569 3260 1683 3297 mea
1703 3246 1857 3316 quasi
1889 3246 1972 3300 ni-

394 3328 472 3385 hil
504 3347 682 3386 coram
714 3343 782 3386 te.
819 3331 1069 3403 Namque
1100 3339 1276 3387 totum
1317 3336 1444 3390 vita:
1481 3335 1722 3392 hominis
1756 3347 1975 3409 tempus

392 3437 518 3479 cum
572 3424 683 3479 vita
723 3423 819 3478 Dei
869 3433 1034 3494 atque
1090 3427 1307 3481 saaculis
1354 3426 1637 3483 immensis
1685 3430 1970 3497 collatum,

391 3515 553 3586 quasi
584 3516 814 3570 nihilum
850 3523 935 3570 est
979 3517 1035 3571 in
1079 3526 1378 3589 conspectu
1414 3517 1530 3572 Dei.
1558 3518 1741 3586 Quare
1770 3521 1879 3574 alio
1915 3523 1970 3576 in

392 3606 515 3663 loco
549 3608 756 3663 dictum
785 3629 798 3664 :
831 3608 961 3664 Caeli
1001 3609 1263 3678 peribunt,
1298 3620 1352 3663 tu
1385 3620 1560 3665 autem
1589 3629 1885 3682 permanes,
1920 3624 1970 3668 et

391 3715 571 3754 omnes
625 3700 759 3753 sicut
784 3702 1146 3755 vestimentum
1175 3710 1493 3757 veterascent
1520 3720 1539 3757 :
1560 3713 1610 3758 et
1642 3705 1776 3759 sicut
1818 3723 1969 3777 oper-

393 3791 587 3845 torium
633 3794 860 3847 mutabis
890 3810 977 3848 eos
1004 3802 1053 3847 et
1101 3794 1468 3851 mutabuntur.
1505 3795 1583 3850 Tu
1622 3807 1795 3851 autem
1829 3799 1968 3853 idem

389 3880 503 3949 ipse
530 3898 606 3945 es,
639 3890 687 3935 et
722 3882 849 3935 anni
880 3883 957 3935 tui
1002 3899 1106 3936 non
1150 3882 1479 3953 deﬁcient".
1510 3883 1619 3940 Sed
1648 3886 1811 3940 etiam
1851 3901 1968 3940 om-

390 3972 482 4025 nia
529 3971 813 4026 hominum
857 3973 1060 4038 studia,
1094 3975 1312 4030 vanitas
1345 3978 1645 4031 vanitatum
1690 3984 1853 4045 sunt;
1889 3985 1963 4041 ct,

389 4064 639 4118 universa
675 4067 909 4130 uanitas,
979 4063 1149 4122 omnis
1194 4067 1346 4122 homo
1378 4070 1590 4133 vivens;
1628 4070 1763 4135 sive,
1796 4073 1965 4125 omnis

390 4152 545 4209 homo
572 4157 912 4221 constitutus,
958 4159 1260 4212 secundum
1303 4159 1589 4231 Aquilam;
1619 4162 1753 4226 sive,
1796 4165 1964 4219 omnis

389 4246 547 4300 homo
572 4255 743 4310 stans,
772 4248 1074 4302 secundum
1108 4248 1517 4323 Symmachum.
1541 4252 1676 4307 Nam
1704 4256 1797 4324 qui
1819 4272 1966 4312 nunc

389 4345 521 4402 stat,
560 4354 623 4391 ac
654 4340 908 4408 praesenti
954 4347 1198 4411 tempore
1231 4342 1397 4396 vitam
1439 4343 1706 4408 decurrit,
1747 4350 1964 4405 vanitas

389 4444 525 4488 sane
558 4429 745 4484 fuerit.
783 4430 842 4486 Si
876 4432 1060 4503 itaque
1095 4435 1243 4488 nulla
1267 4434 1581 4492 hominibus
1610 4438 1815 4494 inesset
1837 4456 1963 4511 spes

2087 1890 2261 1945 ταῦτα
2288 1891 2465 1960 ἔλεγε,
2487 1891 2586 1964 τὴν
2618 1894 2952 1967 πρόσκαψον
2984 1896 3089 1951 καὶ.
3103 1895 3303 1969 θνητὴν
3332 1896 3479 1971 ζωὴν
3510 1900 3598 1954 διὰ
3619 1902 3683 1953 τὸ

2086 1980 2320 2052 ἐπαχθὲς
2367 1984 2536 2054 αὐτῆς
2582 1986 2933 2058 μακροτάτην
2978 1987 3300 2059 ἡγούμενος.
3341 1991 3434 2044 Διὸ
3480 2008 3682 2064 γνωρι-

2088 2070 2279 2143 σθῆναι
2312 2072 2461 2144 αὐτῷ
2486 2074 2577 2127 τὸν
2601 2074 2702 2145 τῆς
2741 2077 3063 2151 ἀπαλλαγῆς
3127 2080 3318 2152 χρόνον
3348 2082 3533 2136 ἐπόθει
3554 2101 3567 2113 ·
3607 2084 3676 2137 ἶν’

2084 2161 2320 2234 εῦθυμος
2367 2164 2597 2234 γένοιτο,
2629 2167 2728 2238 τὴν
2761 2168 2870 2221 ἀπὸ
2912 2169 3022 2222 τῶν
3066 2171 3195 2242 τῇδε
3242 2171 3555 2245 ἐλευθερίαν
3583 2175 3680 2228 καὶ

2082 2253 2190 2306 τῶν
2220 2256 2590 2328 πειρατηρίων
2619 2258 2716 2329 τὴν
2742 2260 3063 2332 ἀπαλλαγὴν
3096 2264 3528 2333 εὐαγγελισθείς.
3565 2266 3680 2319 Καὶ

2082 2347 2140 2401 ἐν
2173 2348 2284 2411 τοῖς
2320 2347 2364 2400 δ’
2395 2348 2523 2420 ἑξῆς
2567 2349 2770 2421 προῖὼν
2814 2351 3029 2421 ἔλεγεν·
3063 2353 3358 2423 Πάροικος
3402 2355 3518 2426 ἐγώ
3558 2358 3677 2426 εὶμι

2083 2439 2240 2507 παρὰ
2263 2440 2363 2493 σοὶ
2399 2440 2497 2495 καὶ
2533 2443 2963 2513 παρεπίδημος,
2992 2445 3187 2513 καθὼς
3215 2447 3439 2515 πάντες
3478 2451 3532 2502 ot
3555 2463 3669 2501 πα⁴

2081 2524 2247 2594 τέρες
2269 2546 2410 2597 μου.
2432 2529 2577 2584 Ἰδοὺ
2608 2534 2947 2600 παλαιστὰς
2971 2535 3114 2589 ἕθου
3142 2536 3251 2603 τὰς
3280 2537 3505 2606 ἡμέρας
3529 2555 3674 2608 μου,

2083 2619 2181 2670 καὶ
2226 2620 2264 2688 ἠ
2310 2622 2656 2689 ὐπόστασίς
2687 2642 2807 2693 μου
2853 2625 2997 2679 ὡσεὶ
3042 2628 3223 2681 οὐθὲν
3252 2628 3509 2683 ἐνώπιόν
3532 2644 3669 2685 σου.

2094 2707 2324 2767 Ἀνθόῦ
2356 2716 2383 2767 ὁ
2423 2714 2740 2786 Σύμμαχος,
2771 2717 2917 2771 Ἰδοὺ
2966 2719 3049 2785 ὡς
3093 2721 3394 2790 σπιθαμὰς
3448 2721 3675 2790 ἔδωκας

2082 2800 2188 2867 τὰς
2238 2801 2466 2871 ἡμέρας
2500 2824 2642 2875 μου,
2679 2808 3161 2876 ἐξέδωκεν.⁹Αλλος
3200 2811 3245 2864 δ’
3272 2812 3338 2866 ἂν
3383 2815 3528 2868 είποι
3558 2828 3672 2870 παι

2079 2895 2337 2963 ,ιαιστὰς
2363 2899 2616 2971 εἰρῆσθαι
2639 2900 2738 2965 τὰς
2768 2902 2878 2956 τῶν
2911 2903 3213 2976 ἀνθρώπων
3239 2906 3473 2978 ἡμέρας,
3500 2907 3591 2961 διὰ
3612 2909 3675 2962 τὸ

2083 2988 2479 3063 πεπληρῶσθαι
2532 2994 2702 3059 αὐτὰς
2746 2995 2958 3065 ἀγῶνος
2994 2999 3090 3052 καὶ
3119 2999 3297 3069 πάλης
3332 3001 3428 3055 καὶ
3474 3019 3671 3075 πειρα-

2079 3079 2303 3152 τηρίων.
2323 3082 2482 3154 Ἑξῆς
2518 3085 2731 3150 τούτοις
2761 3088 2929 3158 φησί·
2969 3089 3079 3144 Καὶ
3109 3091 3147 3159 ἠ
3182 3093 3528 3159 ὑπόστασις
3549 3111 3671 3163 μου

2001 3201 2046 3261 C
2078 3175 2223 3230 ὡσεὶ
2248 3176 2429 3231 οὐθὲν
2450 3175 2708 3232 ἐνώπιόν
2747 3196 2864 3235 σου
2884 3198 2897 3210 ·
2928 3180 3046 3234 ἀνθ’
3064 3178 3126 3234 οῦ
3160 3184 3188 3235 ὁ
3220 3183 3453 3249 Ἀκύλας
3482 3188 3634 3259 ἡρμή
3666 3226 3669 3227 ν

2075 3284 2260 3321 νευσε·
2294 3269 2404 3323 Καὶ
2443 3270 2482 3338 ἠ
2522 3269 2854 3338 κατάδυσις
2878 3291 2999 3343 μου
3033 3274 3113 3341 ὡς
3146 3277 3258 3328 οὐκ
3285 3276 3460 3330 ἐστιν
3485 3279 3667 3333 ἐναν-

2073 3358 2205 3412 τίον
2237 3374 2386 3414 σου·
2431 3362 2461 3413 ὁ
2497 3359 2555 3413 δὲ
2603 3360 2927 3434 Σύμμαχοςο
2962 3364 3071 3418 Καὶ
3101 3366 3139 3432 ἡ
3168 3366 3390 3432 ,ϐίωσίς
3423 3386 3544 3437 μου
3586 3370 3668 3438 ὡς

2072 3446 2256 3501 οὐδὲν
2293 3449 2542 3518 ἀντικρύ
2577 3464 2715 3504 σου.
2736 3453 2793 3504 '0
2840 3453 2949 3526 γὰρ
2999 3456 3103 3518 πᾶς
3134 3456 3233 3526 τῆς
3266 3454 3410 3527 ζωῆς
3457 3458 3667 3530 ἀνθρώ-

2072 3554 2176 3591 που
2204 3539 2415 3609 χρόνος,
2449 3540 2939 3614 παραϐαλλόμενος
2985 3547 3052 3615 τῇ
3096 3545 3190 3598 τοῦ
3240 3546 3374 3600 Θεοῦ
3405 3547 3538 3621 ζωῇ,
3570 3549 3665 3603 καὶ

2069 3633 2183 3699 τοῖς
2227 3631 2391 3688 αἰῶσι
2433 3637 2548 3698 τοῖς
2582 3636 2854 3708 ἀπείροις,
2884 3636 3073 3708 ὥσπερ
3099 3638 3258 3692 οὐθέν
3285 3641 3400 3694 ἐστι
3430 3641 3663 3695 ἐνώπιον

2069 3720 2164 3775 τοῦ
2220 3723 2378 3777 Θεοῦ.
2432 3724 2524 3778 Διὸ
2574 3726 2809 3800 ἀλλαχοῦ
2859 3729 3104 3801 εἴρηται·
3155 3735 3219 3784 Ol
3265 3734 3511 3800 οὐρανοὶ
3552 3736 3665 3790 ἀπ·-

2068 3813 2350 3868 ολοῦνται
2368 3832 2382 3847 ο
2409 3816 2490 3870 σὺ
2515 3817 2583 3872 δὲ
2607 3818 2926 3888 διαμένεις,
2946 3822 3043 3875 καὶ
3075 3822 3297 3890 πάντες
3321 3826 3402 3892 ὡς
3431 3827 3663 3896 ἱμάτιον

2072 3906 2595 3972 παλαιωθήσονται
2618 3928 2633 3941 ο
2664 3912 2762 3966 καὶ
2792 3913 2937 3966 ὡσεὶ
2966 3916 3271 3983 περιϐολαὶ
3300 3916 3523 3984 ἑλίξεις
3548 3921 3657 3972 αὺ-

2069 3997 2232 4063 τοὺς,
2269 3999 2366 4053 καὶ
2401 4001 2875 4073 ἀλλαγήσονται.
2919 4006 3003 4060 Σὺ
3043 4006 3111 4060 δὲ
3147 4011 3180 4061 ὀ
3222 4008 3407 4076 αὐτὸς
3442 4006 3516 4075 εἴ,
3559 4012 3659 4064 καὶ

2066 4086 2139 4140 τὰ
2179 4088 2283 4156 ἐτη
2329 4106 2445 4144 σου
2491 4094 2604 4146 οὐκ
2648 4094 3065 4164 ἐκλείψουσιν.
3105 4098 3266 4152 Ἀλλὰ
3313 4099 3408 4153 καὶ
3442 4102 3656 4175 tacui;

2066 4177 2218 4249 παρὰ
2231 4179 2541 4253 ἀνθρώποις
2565 4186 2768 4258 σπουδὴ
2795 4189 3094 4259 ματαιότης
3121 4191 3496 4262 ματαιοτήτων
3515 4193 3652 4257 ἐστὶ,

2066 4268 2181 4332 καὶ,
2218 4268 2291 4322 τὰ
2318 4272 2644 4345 σύμπαντα
2667 4279 3014 4345 ματαιότης,
3046 4278 3165 4345 πᾶς
3189 4278 3498 4347 ἅνθρωπος
3522 4278 3652 4346 ζῶν,

2067 4358 2123 4427 ἦ,
2156 4358 2274 4425 πᾶς
2298 4361 2609 4430 ἄνθρωπος
2632 4365 3073 4437 ἐστηλωμένος,
3091 4372 3234 4424 κατὰ
3258 4371 3348 4424 τὸν
3390 4371 3617 4424 Ἀκύλαν
3636 4389 3649 4403 ο

2064 4447 2121 4518 ἢ,
2146 4447 2265 4514 πᾶς
2283 4449 2596 4519 ἅνθρωπος
2615 4453 2825 4521 ἑστὼς,
2851 4457 2990 4511 κατὰ
3015 4459 3106 4512 τὸν
3133 4459 3445 4531 Σύμμαχον.
3464 4462 3521 4516 '0
3543 4463 3653 4534 γὰρ

388 4520 842 4591 immortalitatis,
891 4525 1013 4579 vita:
1057 4537 1273 4581 aeterna:
1314 4543 1377 4581 ac
1418 4530 1573 4599 regni
1608 4532 1896 4599 caelorum,
1933 4551 1963 4590 e

2078 4538 2160 4592 θῦν
2187 4540 2480 4605 ἐστὼςκκαὶ
2503 4547 2531 4598 ὁ
2557 4546 2700 4600 κατὰ
2733 4520 2824 4601 τον
2847 4550 3087 4621 παρόντα
3117 4520 3305 4623 χρόνον
3327 4520 3428 4625 τὴν
3452 4520 3651 4625 θνητὴν

386 4628 450 4670 re
473 4629 605 4669 sane
641 4622 924 4685 putaretur
952 4617 1167 4673 vanitas
1196 4634 1318 4673 esse
1348 4621 1527 4675 omnis
1553 4621 1717 4679 homo
1743 4626 1951 4683 vivens.

2061 4631 2141 4686 ἔτι,
2175 4631 2319 4706 ζωὴν
2354 4634 2644 4702 διεξανύων
2694 4642 2995 4713 ματαιότης
3038 4643 3105 4696 ἂν
3148 4644 3254 4716 είη.
3292 4646 3356 4698 Εἰ
3398 4645 3529 4715 γοῦν
3575 4646 3656 4722 μὴ

386 4706 642 4815 ἀπέκειντο
671 4708 1089 4815 τιςνὰνθρώποις
1123 4712 1286 4815 ἐλπὶς
1332 4713 1653 4815 ἀθανασίας,
1704 4722 1798 4775 καὶ
1846 4723 1991 4797 ζωῆς
2027 4729 2245 4782 αἰωνίου
2281 4729 2557 4800 βασιλείας
2584 4753 2642 4788 τε
2668 4706 2934 4807 οὐρανῶν,
2950 4706 3231 4808 εὐλόγως.
3261 4740 3327 4795 ἂν
3391 4706 3648 4815 ἐνομίσθη

390 4800 617 4873 μάταιόν
650 4819 701 4855 τι
733 4799 871 4857 εἶναι
911 4806 1019 4867 πᾶς
1052 4805 1337 4876 ἄνθρωπος
1367 4807 1496 4871 ζῶν.

457 4893 625 4950 Vnus.
664 4897 741 4952 8-
778 4898 866 4952 i2.
906 4897 973 4952 Et
1007 4892 1142 4953 nunc
1185 4918 1301 4970 qua:
1338 4913 1416 4957 est
1449 4909 1771 4975 exspectatio
1818 4928 1955 4979 mea,

385 5003 555 5045 nonne
611 4988 908 5047 Dominus?
954 4999 1063 5047 etc.
1101 4992 1228 5048 Haec
1271 5009 1439 5063 porro
1488 4999 1568 5053 sic
1600 5002 1770 5057 edidit
1798 5004 1959 5077 Sym-

388 5077 654 5133 machus:
690 5077 848 5134 Nunc
876 5083 1040 5152 igitur
1084 5082 1208 5153 quid
1273 5097 1530 5155 exspecto,
1599 5090 1846 5151 Domine?
1879 5113 1959 5151 re-

387 5170 597 5224 mansio
652 5187 766 5225 mea
800 5172 856 5224 in
906 5182 953 5227 te
1009 5183 1102 5230 est.
1143 5175 1222 5229 Ab
1285 5178 1526 5235 omnibus
1582 5189 1961 5255 transgressio-

388 5259 540 5315 nibus
590 5263 718 5316 meis
771 5263 966 5319 redime
1030 5284 1138 5333 me,
1210 5270 1626 5339 eaprobrabilem
1693 5277 1960 5347 insipienti

386 5364 452 5406 tte
493 5366 658 5421 ponas
691 5370 791 5409 me.
849 5354 1034 5412 Mutus
1077 5360 1253 5429 factus
1303 5378 1444 5428 sum,
1500 5382 1607 5419 non
1657 5370 1854 5437 aperies
1898 5389 1956 5427 os

388 5454 559 5494 meum
583 5459 602 5495 :
634 5452 689 5496 tu
718 5445 855 5498 enim
892 5447 1086 5515 fecisti.
1117 5447 1249 5507 Post
1281 5468 1346 5507 ea
1376 5469 1497 5523 quae
1530 5458 1785 5526 superius
1812 5460 1956 5515 dicta

388 5537 539 5594 sunt,
572 5531 670 5598 ait,
704 5534 843 5588 nihil
884 5537 1018 5592 mihi
1069 5540 1343 5609 relictum,
1379 5542 1626 5613 Domine,
1671 5548 1777 5602 nisi
1811 5556 1871 5603 ut
1905 5558 1957 5607 te

460 5709 506 5739 “
545 5707 679 5766 Gen.
717 5727 789 5780 iv,
829 5713 879 5781 7,
926 5731 1035 5773 sec.
1071 5716 1233 5778 LXX.
1311 5722 1358 5763 ’⁷
1398 5720 1538 5781 Psal.
1577 5742 1663 5791 c1,
1698 5726 1882 5797 27,28.

2136 4917 2244 4972 Καὶ
2268 4917 2385 4972 νῦν
2405 4921 2497 4987 τίς
2530 4924 2567 4991 ἡ
2598 4923 2870 4993 ὑπομονὴ
2895 4944 3034 4996 μου,
3060 4928 3192 4996 οὐχ)
3221 4930 3470 4997 Κύριος;
3510 4932 3567 4985 Ὀ
3591 4931 3648 4986 et

2068 5007 2361 5081 Σύμμαχος
2388 5012 2560 5078 οὕτως
2591 5015 2660 5069 τὰ
2690 5017 3026 5089 προκείμενα
3057 5018 3285 5083 ἐξέδωκε
3320 5024 3489 5094 ρητά⁶
3518 5022 3647 5078 Νῦν

2062 5094 2177 5153 οὖν
2214 5102 2272 5154 τί
2310 5104 2645 5171 προσδοκῶ,
2690 5107 2997 5173 Δέσποτα;
3038 5113 3075 5180 ἠ
3109 5113 3379 5182 ἀναμονή
3406 5133 3528 5184 μου
3558 5120 3645 5182 εὶς

2065 5188 2139 5243 σέ
2181 5192 2370 5246 ἐστιν.
2389 5195 2523 5249 Ἀπὸ
2564 5197 2778 5252 πασῶν
2826 5200 2946 5254 τῶν
2991 5202 3250 5259 ἀθεσιῶν
3273 5223 3394 5275 μου
3426 5206 3642 5271 ἑξέλου

2061 5298 2158 5350 με,
2200 5283 2616 5341 ἐπονείδιστον
2667 5289 2878 5359 ἄφρονι
2916 5293 3002 5362 μὴ
3053 5295 3239 5366 τάξῃς
3283 5300 3641 5368 naulum;

2062 5373 2375 5444 ἐγενόμην,
2401 5380 2511 5431 οὐκ
2530 5379 2790 5448 ἀνοίξεις
2816 5385 3007 5453 στόμα
3031 5405 3173 5457 μου·
3201 5390 3283 5443 σὺ
3308 5391 3418 5460 γὰρ
3437 5392 3639 5458 ἐποίη-

2058 5481 2194 5531 σας.
2219 5468 2373 5521 Μετὰ
2399 5469 2467 5523 τὰ
2502 5472 2905 5547 προλελεγμένα
2929 5480 3127 5547 πάντα,
3153 5482 3337 5553 φησὶν,
3361 5483 3513 5537 οὐδέν
3547 5500 3637 5553 μοι

2056 5555 2322 5624 λείπεται,
2357 5555 2401 5615 ὦ
2436 5562 2631 5635 Κύριε,
2659 5565 2691 5637 ἢ
2743 5568 2801 5621 σὲ
2843 5571 3145 5643 προσδοκᾷν
3198 5573 3288 5628 καὶ
3337 5575 3417 5639 εἰς
3452 5574 3509 5628 σὲ
3538 5572 3637 5641 τὰς
