4138 6386
448 289 555 347 349

1584 285 2093 343 (ΞΟΜΜΕΝΤΑΒΙΑ
2135 286 2202 341 IN
2243 285 2592 342 PSALMOS.

3621 297 3725 351 550

448 407 670 469 ἐλπίδας
698 406 874 477 ἔχειν·
900 400 1055 476 παρὰ
1079 402 1173 458 σοῦ
1204 401 1315 474 γάρ
1343 403 1441 474 τῆς
1468 402 1651 474 ψυχῆς
1677 407 1710 474 ἡ
1742 403 2017 457 ὑπόστασὶι

2141 411 2452 472 exspectem
2496 412 2549 459 et
2599 402 2653 457 in
2702 409 2755 459 te
2799 419 2949 473 spem
3000 403 3231 460 habeam
3268 423 3282 460 :
3314 422 3441 461 nam
3489 411 3630 478 apud
3676 421 3727 467 to

450 502 584 553 ἐστι.
623 497 715 550 Διὸ
759 497 948 568 δέομαι
976 496 1070 549 καὶ
1102 495 1332 549 ἱκετεύω
1363 494 1796 566 ἐλευθερωθῆναὶ
1835 513 1901 565 με
1929 495 2038 547 τῶν

448 591 573 658 τῇδε
622 588 832 650 κακῶν,
861 589 953 641 καὶ
998 587 1106 641 τῶν
1156 586 1394 658 ἀνομιῶν
1430 603 1530 658 μου
1564 586 2036 658 ρυσθῆναι.⁹Ἀπαξ

444 683 556 751 γὰρ
584 680 983 751 περιπέπτωκα
1014 680 1229 752 ἄφρονι,
1262 680 1390 751 περὶ
1419 673 1479 733 οὗ
1511 682 1605 734 καὶ
1636 681 1895 751 ἀνωτέρω
1925 678 2037 732 ἔλε-

444 788 571 839 γον·
614 774 717 826 Ἑν
767 770 847 836 τῷ
888 771 1193 839 συστῆναι
1238 771 1347 824 τὸν
1384 771 1734 840 ἁμαρτωλὸν
1782 770 2037 843 ἐνώπιόν

444 884 582 933 μου,
623 863 966 933 ἐκωφώθην,
994 865 1093 917 καὶ
1124 864 1527 931 ἐταπεινώθην
1555 866 1653 918 καὶ
1681 865 1941 934 ἐσίτνησα
1964 862 2033 928 ἐξ

444 955 702 1026 ἀγαθῶν.
746 957 953 1009 Αὐτίκα
982 959 1112 1025 γοῦν
1156 957 1434 1029 ἀφροσύνῃ
1467 956 1791 1029 παραδοθεὶς
1834 958 2033 1025 γέγονα

446 1049 805 1112 ἐπονείδιστος
823 1067 834 1079 ·
872 1051 1096 1113 εἰκότως
1128 1047 1241 1113 οὖν,
1265 1052 1340 1115 ὼς
1367 1053 1432 1103 ἂν
1459 1049 1822 1120 γνωσιμαχῶν
1847 1050 1930 1118 ἐφ’
1953 1044 2034 1112 οἷς

442 1141 709 1211 ἥμαρτον,
740 1140 1063 1209 ἐκωεεώθην
1086 1142 1181 1194 καί
1205 1144 1316 1195 οὐκ
1345 1140 1559 1209 ἦνοιξα
1580 1140 1645 1193 τὸ
1683 1142 1873 1209 στόμα
1890 1158 2028 1208 μου,

443 1232 533 1285 ὅτι
577 1233 656 1285 σὺ
702 1234 1090 1300 ἐποίησας.⁹0
1138 1233 1246 1303 γάρ
1299 1234 1388 1296 σὸς
1443 1233 1605 1301 φόϐος
1654 1231 1915 1301 κωφῶσαί
1963 1248 2027 1301 με

443 1327 689 1395 ἐποίησε.
720 1326 970 1395 πλήττων
1010 1342 1077 1395 με
1124 1326 1211 1393 ἐφ’
1245 1319 1326 1387 οἷς
1363 1325 1631 1395 ἥμαρτον,
1668 1324 1762 1376 καὶ
1802 1340 2029 1376 κατασι-

442 1415 623 1484 γάζων
653 1417 787 1488 πρὸς
824 1417 885 1470 τὸ
913 1416 986 1487 μὴ
1023 1416 1379 1485 φθέγγεσθαι.
1400 1416 1544 1469 Ἀντί
1574 1416 1630 1468 δὲ
1654 1414 1768 1476 τοῦ,
1800 1413 2030 1478 ὄνειδος

440 1508 654 1576 ἄφρονι
688 1508 918 1574 ἔδωκάς
960 1525 1057 1577 με,
1087 1510 1115 1560 ὁ
1158 1509 1254 1579 μὲν
1301 1507 1551 1569 Ἀκύλας,
1582 1506 1811 1571 ὄνειδος
1848 1506 2029 1572 ἀπορ-

438 1602 656 1668 ρέοντι,
677 1601 831 1671 φησὶ,
852 1600 937 1670 μὴ
965 1600 1078 1668 θῇς
1101 1618 1178 1669 με
1202 1618 1214 1630 ·
1251 1603 1279 1652 ό
1304 1601 1361 1654 δὲ
1391 1600 1704 1671 Σύμμαχος,
1735 1596 2025 1651 ἐπονείδι-

440 1707 592 1745 στον
641 1691 855 1760 ἄφρονι
899 1691 986 1761 μὴ
1034 1692 1152 1760 δῷς
1194 1710 1298 1762 με’
1345 1696 1377 1763 ἠ
1431 1693 1487 1746 δὲ
1518 1692 1741 1761 πέμπτη
1786 1687 2022 1751 ἔκδοσις-

2147 501 2230 547 est
2266 495 2579 548 substantia
2614 495 2831 550 animm.
2887 494 3069 561 Quare
3114 497 3365 567 supplico
3399 513 3463 551 ac
3497 513 3629 569 rogo
3662 502 3727 554 li-

2146 584 2329 638 berari
2360 600 2447 639 me
2479 586 2547 640 ab
2587 585 2738 640 hisce
2767 586 2950 648 malis,
2983 592 3039 639 et
3073 586 3141 640 ab
3168 587 3556 657 iniquitatibus
3589 594 3726 647 meis

2144 674 2302 744 eripi.
2349 672 2527 749 semel
2556 676 2700 729 enim
2747 675 3093 745 insipientem
3137 676 3338 732 oil'endi
3369 682 3436 734 de
3479 696 3589 750 quo
3629 699 3723 737 su-

2144 765 2329 835 perius
2363 765 2609 821 dicebam
2641 787 2653 822 :
2685 766 2817 822 Cum
2845 769 3151 822 consisteret
3175 779 3417 837 peccator
3442 771 3723 828 adversum

2144 873 2247 920 me,
2289 858 2526 911 obmutui
2568 868 2617 912 et
2651 859 2965 913 humiliatus
3012 877 3150 925 sum,
3187 872 3235 916 et
3278 864 3404 918 silui
3460 881 3490 918 a
3546 868 3719 922 bonis.

2145 948 2450 1003 Confestim
2505 951 2688 1020 itaque
2739 952 3070 1021 insipientia:
3115 954 3375 1019 traditus,
3419 959 3721 1027 probrosus

2141 1042 2367 1099 eﬂectus
2403 1060 2523 1099 sum
2554 1063 2566 1098 :
2606 1044 2730 1113 jure
2776 1060 2905 1113 ergo
2942 1055 3223 1113 peccatum
3259 1057 3313 1102 et
3344 1049 3717 1105 inﬁrmitatem

2141 1152 2447 1206 agnoscens
2478 1154 2674 1200 meam,
2717 1138 2952 1191 obmutui
2977 1150 3022 1194 et
3068 1157 3170 1192 non
3206 1143 3386 1207 aperui
3437 1160 3493 1196 os
3525 1160 3716 1210 meum,

2138 1231 2388 1299 quoniam
2425 1242 2477 1283 tu
2507 1231 2696 1295 fecisti.
2722 1229 2911 1285 Timor
2942 1234 3088 1286 enim
3119 1234 3194 1286 tui
3230 1249 3315 1286 me
3341 1236 3719 1290 obmutescere.

2139 1320 2287 1385 fecit,
2326 1338 2520 1392 meque
2558 1324 2629 1377 ob
2685 1334 2911 1393 peccata
2962 1340 3082 1378 mea
3117 1327 3368 1394 perculit,
3426 1334 3480 1380 et
3531 1334 3718 1383 tacere

2139 1415 2287 1477 fecit,
2326 1423 2386 1468 ut
2418 1432 2525 1469 non
2556 1417 2697 1469 ultra
2730 1417 3002 1485 loquerer.
3031 1417 3136 1472 Pro
3166 1420 3259 1472 illo
3289 1426 3492 1483 autem,
3523 1437 3716 1490 oppro-

2138 1509 2310 1561 brium
2346 1509 2615 1578 insipienti
2643 1509 2836 1563 dedisti
2862 1526 2971 1575 me;
3004 1510 3222 1579 Aquila,
3255 1512 3591 1581 opprobrium
3621 1513 3715 1585 de-

2135 1599 2321 1666 ﬂuenti
2356 1615 2419 1651 ne
2449 1615 2612 1667 ponas
2667 1616 2783 1663 me;
2822 1598 3187 1672 Symmachus
3222 1620 3371 1668 vero,
3422 1606 3685 1674 exprobra

2137 1690 2291 1743 bilem
2316 1691 2585 1759 insipienti
2619 1709 2680 1746 ne
2724 1709 2891 1762 ponas
2935 1709 3049 1758 me;
3080 1694 3272 1762 quinta
3299 1696 3488 1758 editio,
3524 1713 3714 1766 oppro-

439 1782 669 1848 ὄνειδος
697 1784 911 1851 ἄφρονι
952 1782 1039 1851 μὴ
1082 1782 1199 1850 δῷς
1240 1786 1521 1854 με.”οπερ
1550 1781 1893 1853 παράκλησιν
1926 1782 2017 1850 ὲμ-

2131 1781 2298 1835 brium
2324 1784 2589 1851 insipienti
2617 1800 2678 1838 ne
2700 1784 2903 1838 dederis
2940 1800 3040 1839 me.
3067 1783 3221 1850 Quod
3246 1786 3367 1855 ejus
3395 1788 3487 1857 qui
3517 1804 3714 1859 pecca-

441 1875 617 1945 φαὶνει
640 1874 731 1927 τοῦ
758 1876 1162 1946 ἡμαρτηκότος,
1191 1875 1525 1938 ἱκετεύοντος
1554 1874 1627 1945 μὴ
1658 1872 2023 1945 παραδοθῆναι

437 1975 518 2034 εἰς
562 1971 864 2040 ὀνειδισμὸν
892 1968 1107 2041 ἄφρονι.
1141 1970 1203 2021 Εἰ
1233 1969 1275 2020 δ’
1307 1967 1468 2031 αὐτὸς
1497 1970 1526 2020 ό
1562 1965 1764 2037 Κύριος
1795 1963 2023 2035 παραδί-

434 2060 596 2112 δωσιν
630 2061 825 2130 ἄφρονι
848 2059 937 2111 τὸν
967 2056 1343 2129 ἡμαρτηκότα,
1378 2055 1731 2119 ὀνειδίζεσθαι
1760 2053 1896 2124 πρὸς
1926 2053 2022 2105 αύ-

435 2150 550 2213 τοῦ,
584 2152 675 2204 καὶ
718 2150 873 2204 τοῦτο
920 2148 986 2202 ἂν
1029 2150 1203 2212 εἴποις
1250 2150 1336 2200 ἐπ’
1363 2147 1599 2217 ὠφελείᾳ
1648 2146 1890 2215 γίνεσθαι
1924 2142 2019 2197 τού

435 2242 855 2313 ὀνειδιζομένου,
891 2241 967 2303 ὡς
996 2241 1083 2302 ἂν,
1116 2240 1468 2310 κακούμενος,
1497 2236 1717 2307 μείζονα
1748 2238 2023 2305 ποιήσοιτο

435 2337 535 2406 τὴν
563 2337 656 2389 ἐπὶ
686 2337 798 2397 τοῖς
825 2330 1233 2403 ἡμαρτημένοις
1259 2331 1643 2401 ἐξομολόγησιν
1661 2346 1674 2359 ’
1706 2329 1842 2399 ὅπερ
1868 2327 2020 2397 ἠξίου

438 2430 515 2501 μὴ
558 2428 747 2482 παθεῖν
798 2431 825 2480 ὁ
876 2424 1057 2489 Δαυῖδ,
1088 2426 1162 2489 ὡς
1196 2426 1372 2477 πάντα
1419 2425 1672 2496 πράττων
1706 2421 1772 2475 τὰ
1800 2420 1877 2491 τῷ
1904 2420 2021 2490 Θεῷ

434 2520 641 2591 ἀρεστὰ
666 2520 723 2583 ἐξ
755 2516 969 2571 ἑαυτοῦ.
989 2518 1360 2583 Ἀπόστησον
1382 2517 1483 2570 ἀπ’
1507 2514 1651 2583 ἐμοῦ
1683 2512 1790 2578 τὰς
1811 2510 2022 2580 μάστι-

432 2611 543 2683 Td?
574 2618 717 2666 σοῖν
752 2611 870 2665 ἀπὸ
900 2608 1007 2678 γὰρ
1031 2607 1143 2675 τῆς
1168 2605 1367 2675 χειρὸς
1389 2606 1499 2672 τῆς
1523 2606 1737 2675 ἰσχύος
1768 2621 1885 2658 σου
1906 2602 2021 2673 ἐγὼ

430 2706 715 2771 ἐξέλιπον
736 2721 749 2733 ·
795 2705 865 2756 ἐν
896 2700 1170 2770 ἐλεγμοῖς
1194 2699 1344 2766 ὑπὲρ
1368 2699 1618 2766 ἀνομίας
1653 2696 2021 2760 ἐπαίδευσας

433 2798 763 2864 ἄνθρωπον.
796 2795 893 2847 καὶ
930 2793 1219 2859 ἑξέτηεας
1248 2791 1328 2856 ὡς
1365 2788 1639 2858 ἀράχνην
1665 2788 1780 2856 τὴν
1808 2787 2022 2857 ψυχὴν

428 2888 639 2952 αὐτοῦ,
664 2888 831 2957 πλὴν
846 2887 1048 2957 μάτην
1076 2886 1192 2951 πᾶς
1218 2884 1549 2951 ἄνθρωπος·
1576 2882 1906 2950 διάψαλμα.

513 3004 602 3056 Ἐν
657 3003 754 3072 μὲν
795 3001 876 3072 τῷ
928 3002 1033 3069 πρὸ
1085 3000 1273 3053 τούτου
1306 2996 1507 3068 ψαλμῷ
1539 2998 1795 3065 παρεῖχεν
1828 2994 2017 3047 ἑαυτὸν

2126 1876 2205 1928 vit
2253 1874 2690 1945 deprecationem
2734 1877 2972 1939 exhibet,
3024 1878 3271 1947 rogantis
3306 1896 3375 1934 ne
3411 1881 3464 1934 in
3512 1897 3711 1951 oppro-

2126 1965 2304 2020 brium
2335 1966 2611 2034 insipienti
2639 1967 2903 2020 tradatur.
2939 1967 3094 2033 Quod
3127 1970 3171 2023 si
3201 1971 3422 2038 quando
3444 1971 3707 2028 Dominus

2124 2068 2437 2129 peccantem
2489 2059 2772 2127 insipienti
2804 2060 3003 2126 tradat,
3042 2069 3103 2113 ut
3153 2062 3466 2130 opprobriis
3514 2066 3586 2117 ab
3631 2081 3703 2119 eo

2124 2148 2423 2203 aﬂiciatur:
2458 2148 2693 2218 idipsum
2720 2150 2774 2202 in
2804 2151 3092 2204 utilitatem
3123 2151 3243 2220 ejus
3267 2152 3358 2221 qui
3391 2154 3706 2223 opprobriis

2124 2250 2387 2294 oneratur
2411 2242 2595 2307 vertit,
2630 2248 2687 2295 ut
2717 2250 2943 2295 vexatus
2981 2243 3241 2311 majorem
3270 2244 3482 2297 emittat
3510 2246 3576 2299 de
3607 2247 3706 2300 ad-

2128 2334 2315 2389 missis
2361 2336 2598 2403 peccatis
2650 2334 3073 2390 confessionem.
3111 2335 3265 2402 Quod
3304 2353 3372 2392 ne
3427 2348 3706 2408 pateretur

2121 2424 2291 2478 David
2321 2427 2568 2496 rogabat,
2602 2435 2790 2496 utpote
2815 2429 2906 2497 qui
2939 2429 3123 2480 omnia
3157 2444 3256 2498 pro
3281 2430 3493 2486 viribus
3518 2440 3702 2502 ageret

2120 2531 2242 2585 quae
2273 2515 2381 2571 Deo
2411 2518 2609 2586 placita
2639 2528 2875 2587 putaret.
2913 2517 3107 2572 Amove
3131 2536 3162 2571 a
3197 2537 3277 2573 me
3314 2521 3503 2591 plagas
3555 2533 3696 2577 tuas.

2120 2606 2164 2659 Α
2193 2608 2505 2675 fortitudine
2535 2610 2671 2662 enim
2717 2628 2906 2664 manus
2942 2620 3047 2665 tute
3077 2630 3169 2681 ego
3196 2614 3362 2682 defeci
3388 2631 3405 2667 :
3442 2617 3495 2669 iu
3528 2617 3701 2670 incre-

2119 2700 2420 2767 pationibus
2455 2712 2668 2769 propter
2696 2703 3029 2773 iniquitatem
3062 2708 3366 2774 corripuisti
3394 2707 3656 2762 hominem
3678 2725 3697 2763 :

2120 2800 2169 2844 et
2202 2795 2466 2846 tabescere
2495 2793 2668 2862 fecisti
2710 2796 2846 2847 sicut
2878 2813 3131 2849 araneam
3168 2799 3399 2851 animam
3437 2800 3573 2868 ejus,
3610 2817 3696 2854 rc-

2120 2893 2419 2939 rumtamen
2448 2903 2576 2941 vane
2612 2890 2783 2942 omnis
2817 2891 2991 2941 homo.
3030 2888 3367 2959 Diapsalma.
3418 2877 3425 2890 ’

2190 2990 2250 3050 In
2298 2998 2625 3066 praecedenti
2663 3000 2872 3068 psalmo
2917 3015 3037 3053 sese
3070 3001 3245 3070 plagis
3280 3000 3347 3054 ad
3391 3002 3697 3070 correptio-

427 3096 876 3163 ἐπιστρεπτικαῖς
909 3093 1162 3161 πληγαῖς,
1192 3085 1280 3144 οἷά
1322 3107 1404 3152 τις
1444 3086 1739 3157 εὐγνώμων
1770 3085 2017 3157 μαθητὴς

2121 3103 2266 3152 nem,
2308 3104 2408 3143 ceu
2445 3090 2713 3159 ingenuus
2743 3092 3050 3161 discipulus
3098 3093 3383 3162 magistro,
3430 3092 3692 3160 tradidit;

425 3186 731 3255 διδασκάλῳ
752 3203 764 3215 ·
797 3186 877 3238 διὸ
902 3185 1086 3252 ἔλεγεν
1107 3203 1122 3215 ·
1166 3182 1313 3253 Ἐγὼ
1334 3185 1420 3247 εἰς
1442 3180 1737 3250 μάστιγας
1761 3178 2010 3246 ἕτοιμος.

439 3281 593 3333 Ἐπεὶ
617 3280 673 3331 δὲ
702 3279 885 3331 λοιπὸν
914 3278 1203 3349 αὐτάρκως
1236 3276 1344 3328 τῶν
1375 3275 1654 3345 μαστίγων
1685 3272 2016 3342 ὲπεπειρᾶτο

426 3370 701 3440 ὲπιμόνως
748 3368 910 3422 αὑτὸν
956 3368 1353 3438 αἰκιζομένων,
1407 3363 1638 3417 ἱκετεύει
1682 3360 1775 3414 τοῦ
1824 3360 2013 3413 λοιποῦ

425 3458 757 3522 παύσασθαι,
791 3460 885 3511 καὶ
931 3459 1089 3529 μέχρι
1134 3456 1322 3509 τούτου
1374 3455 1560 3524 στῆναι
1594 3452 1692 3515 τὰς
1725 3451 2010 3522 μάστιγας,

422 3552 678 3622 ὁμολογεῖ
719 3570 777 3604 τε
820 3552 946 3621 ἑξῆς
988 3550 1191 3617 λέγων·
1242 3548 1373 3599 Ἀπὸ
1414 3543 1521 3613 τῆς
1561 3544 1773 3611 ἰσχύος
1818 3543 2014 3611 χειρός

424 3663 541 3699 σου
588 3644 703 3714 ἐγὼ
749 3644 1052 3709 ἐξέλιπον.
1086 3641 1221 3711 Περὶ
1250 3641 1306 3694 δὲ
1332 3640 1431 3709 τῆς
1472 3638 1652 3709 χειρὸς
1677 3636 1880 3706 ταύτης
1921 3636 2013 3688 καὶ

422 3735 677 3802 ἀνωτέρω
713 3734 929 3801 ἐλέγετο
954 3750 966 3762 ι
1012 3728 1442 3795 Ἐπεστήριξας
1485 3728 1577 3780 ἐπ’
1608 3725 1713 3795 ἐμὲ
1744 3726 1857 3793 τὴν
1888 3726 2009 3794 χεῖσ-

420 3826 497 3892 ρά
543 3842 681 3879 σου.
715 3821 849 3877 Εἶτα
896 3823 1157 3885 διδάσκει,
1200 3823 1281 3876 ὅτι
1318 3821 1389 3892 μὴ
1425 3821 1659 3890 μάτηνή
1697 3820 1815 3888 χεὶρ
1848 3817 2005 3870 ὲπαί-

420 3917 563 3980 δευε,
593 3917 727 3988 μηδὲ
751 3919 829 3979 εἰς
862 3914 1029 3986 ἀργὸν
1056 3912 1377 3982 ἐμαστίγου,
1403 3910 1518 3963 ἀλλ’
1541 3911 1627 3961 ἐπ’
1648 3907 1887 3977 ὠφελείᾳ
1914 3906 2007 3959 τοῦ

420 4008 824 4077 ἡμαρτηκότος
861 4006 941 4058 διό
970 4021 1170 4074 φησιν·
1224 4003 1320 4055 Ἑν
1368 3999 1639 4068 ἐλεγμοῖς
1686 3996 1837 4065 ὑπὲρ
1867 3998 2007 4050 ἀνο-

419 4099 559 4168 μίας
590 4098 954 4162 ἐπαίδευσας
1008 4093 1531 4163 ἅνθρωπον.’Υπὲρ
1573 4091 1681 4161 γὰρ
1722 4090 1821 4159 τῆς
1876 4107 2010 4160 παρ-

420 4190 682 4261 αχθείσης
730 4189 959 4256 ἀνομίας
1010 4187 1102 4239 καὶ
1140 4185 1227 4238 διὰ
1275 4184 1336 4235 τὸ
1385 4181 1662 4254 παραχθὲν
1702 4180 2007 4250 ἁμάρτημα

419 4281 656 4350 ἐλέγχων
689 4280 778 4332 τὸν
814 4277 1201 4347 παιδευόμενον
1244 4275 1338 4328 καὶ
1364 4273 1464 4336 τὰς
1499 4274 1766 4343 μάστιγας
1802 4270 2006 4340 ὲπῆγες

418 4372 515 4427 καὶ
558 4372 657 4442 τὴν
709 4369 869 4441 χεῖρά
904 4386 998 4422 σου
1032 4365 1421 4437 προλεχθεῐσαν
1443 4381 1455 4392 ·
1488 4362 1696 4424 τούτοις
1731 4362 1787 4413 δὲ
1824 4361 2006 4423 αὐτοῖς

419 4464 515 4517 καὶ
542 4464 642 4533 τὴν
670 4461 846 4531 ψυχὴν
876 4458 968 4512 τοῦ
998 4456 1386 4527 παιδευομένου
1412 4453 1688 4523 ὲξέτηξας,
1721 4470 2005 4506 ταπεινου-
2033 4479 2080 4536 D

422 4554 593 4625 μένην
616 4554 711 4605 καὶ
740 4550 1144 4621 λεπτυνομένην
1177 4551 1261 4602 ἐπ’
1286 4546 1523 4616 ὠφελείᾳ
1547 4548 1613 4614 τῇ
1644 4545 1835 4615 αύτῆς.
1864 4544 2001 4597 Καθ’

416 4648 476 4699 ὃν
509 4646 617 4716 γὰρ
644 4644 852 4716 ἐτρύφα
878 4643 1086 4714 χρόνον,
1126 4642 1205 4703 εἱς
1237 4637 1511 4709 ἁμαρτίας
1546 4635 1797 4699 ὲξώλισθε
1817 4675 1831 4699 ,
1864 4634 2004 4688 κατὰ

416 4740 509 4792 τό·
540 4740 765 4807 Ἔφαγε
807 4734 906 4787 καὶ
945 4735 1115 4787 ἔπιεν
1148 4731 1363 4792 Ἰακὼϐ,
1390 4729 1485 4782 καὶ
1529 4726 1934 4782 ἀπελάκτισεν
1972 4730 2004 4780 ό

414 4828 826 4900 ὴταπημένος,
857 4827 1199 4891 ἐπλατύνθη
1234 4823 1330 4875 καί
1374 4821 1682 4889 ἐπαχύνθη
1703 4859 1716 4883 ,
1758 4820 1855 4873 καί
1895 4820 2005 4873 άπ-

414 4920 567 4984 έστη
605 4918 720 4972 ἀπὸ
758 4915 908 4970 Θεοῦ
937 4914 1043 4967 τοῦ
1083 4912 1401 4981 τρέφοντος
1426 4908 1626 4963 αὐτόν.
1668 4906 1776 4968 Διὸ,
1807 4906 1905 4957 ἵνα
1936 4903 2003 4957 τὸ

416 5008 655 5076 πνεῦμα
686 5005 852 5073 σωθῇ
897 5006 965 5057 ἐν
1012 5001 1086 5071 τῇ
1137 5000 1325 5071 ἡμέρᾳ
1353 5000 1458 5051 τοῦ
1489 4998 1730 5064 Kvplov,
1765 4998 1802 5064 ή
1845 4995 2002 5064 σὰρξ

416 5098 813 5167 παραδέδοται
842 5100 928 5162 εἰς
959 5096 1206 5162 ὄλεθρον
1224 5110 1236 5123 ⁸
1292 5088 1359 5162 ἧς
1387 5088 1821 5161 τιμωρουμένης,
1844 5090 2003 5158 ἐκτή-

417 5210 575 5247 κεται
625 5191 771 5261 ψυχὴ
805 5188 1187 5260 ὲξισχνουμένη
1222 5185 1377 5253 δίκην
1417 5182 1657 5253 ἀράχνης
1678 5198 1692 5212 ·
1724 5180 1803 5233 διό
1836 5197 1999 5251 φησι·

415 5286 526 5339 Kal
554 5283 842 5350 ἐξέτηξας
862 5284 942 5347 ὡς
973 5279 1245 5349 ἀράχνην
1274 5278 1388 5343 τὴν
1412 5275 1626 5345 ψυχὴν
1655 5273 1842 5328 αὐτοῦ
1862 5290 1873 5302 ·
1906 5272 2001 5326 καὶ

416 5378 662 5445 ἐπιλέγει
684 5394 697 5407 ο
720 5375 894 5443 Πλὴν
921 5374 1119 5443 μάτην
1141 5371 1258 5436 πᾶς
1279 5369 1609 5437 ἄνθρωπος,
1642 5367 1801 5420 πάλιν
1830 5365 1920 5418 τὸν
1944 5366 2001 5416 ὲν

414 5469 495 5540 τῷ
522 5469 621 5540 βίῳ
650 5469 826 5539 τούτῳ
856 5468 979 5536 εἰκῆ
1015 5467 1108 5519 καὶ
1144 5464 1319 5535 μάτην
1368 5460 1668 5533 μοχθοῦντα
1718 5459 1807 5513 καὶ
1835 5473 1999 5511 κακο-

416 5563 693 5617 παθοῦντα
723 5558 1040 5623 ταλανίζων.

527 5719 573 5749 ’³
622 5720 776 5772 Deut.
816 5732 1005 5778 xxxii,
1052 5713 1137 5769 iii.
1212 5712 1255 5743 ⁹⁹
1298 5709 1472 5765 lCor.
1511 5711 1641 5774 v,5.

2117 3196 2289 3250 quare
2319 3181 2555 3244 dicebat,
2593 3200 2685 3253 ego
2709 3184 2761 3236 in
2791 3184 3004 3253 ﬂagella
3032 3194 3255 3252 paratus
3288 3200 3425 3237 sum.
3457 3183 3525 3236 At
3553 3200 3694 3254 quo-

2116 3269 2261 3322 niam
2287 3270 2544 3340 deinceps
2575 3272 2784 3341 ﬂagella
2820 3282 2904 3324 sat
2932 3281 3187 3341 expertus
3222 3280 3366 3336 erat,
3402 3288 3525 3326 cum
3570 3288 3694 3329 sese

2117 3361 2335 3415 assidue
2389 3361 2676 3427 laceraret,
2725 3370 2979 3434 precatur
3026 3362 3244 3416 demum
3287 3379 3475 3415 eorum
3529 3364 3693 3418 ﬁnem

2115 3450 2233 3503 dari
2266 3458 2319 3504 et
2356 3450 2443 3504 hic
2478 3452 2672 3504 sistere
2702 3450 2931 3520 ﬂagella,
2967 3467 3028 3505 ac
3080 3450 3339 3519 deinceps
3386 3453 3469 3505 his
3501 3453 3688 3507 verbis

2114 3545 2421 3606 conlitetur,
2467 3560 2498 3595 a
2533 3543 2841 3611 fortitudine
2883 3560 3072 3595 manus
3120 3553 3223 3596 tute
3261 3560 3352 3613 ego
3398 3544 3582 3611 deferi.
3617 3543 3692 3599 De

2115 3634 2215 3687 hac
2250 3650 2413 3704 porro
2443 3650 2605 3688 manu
2632 3637 2885 3703 superius
2914 3636 3143 3697 dictum,
3178 3636 3511 3703 conﬁrmasti
3534 3651 3692 3703 super

2113 3741 2193 3777 me
2212 3742 2425 3778 manum
2459 3736 2621 3779 tuam.
2651 3726 2764 3780 Sub
2798 3728 2909 3780 haec
2941 3728 3122 3793 docet,
3156 3742 3375 3779 manum
3408 3726 3555 3779 illam
3578 3743 3688 3781 non

2114 3816 2317 3871 frustra
2349 3821 2647 3888 corrigere,
2681 3835 2856 3889 neque
2906 3820 2959 3872 in
3003 3834 3218 3873 cassum
3254 3819 3546 3887 castigare,
3590 3819 3687 3874 sed

2112 3924 2209 3978 pro
2245 3911 2524 3978 peccantis
2551 3911 2783 3964 utilitate
2811 3925 3012 3979 .quare
3036 3914 3131 3970 ait,
3162 3912 3214 3963 in
3244 3910 3687 3978 increpationibus

2107 4009 2319 4069 propter
2348 4003 2679 4071 iniquitatem
2732 4004 3035 4070 corripuisti
3075 4002 3354 4056 hominem.
3408 4001 3544 4056 Nam
3587 4019 3688 4071 pro

2110 4092 2350 4145 admissa
2396 4092 2703 4161 iniquitate,
2742 4101 2795 4147 et
2838 4108 2935 4161 pro
2980 4104 3202 4161 peccato
3251 4092 3395 4146 edito
3432 4107 3558 4146 eum
3592 4093 3693 4163 qu'.

2108 4184 2507 4253 corripiebatur
2538 4200 2794 4253 arguens,
2834 4183 3044 4253 ﬂagella
3071 4194 3125 4237 et
3166 4195 3521 4238 memoratam
3561 4200 3681 4237 ma-

2106 4290 2235 4328 num
2264 4273 2525 4328 inﬂixisti.
2565 4273 2725 4328 llisce
2748 4289 2911 4343 porro
2946 4272 3183 4326 animam
3208 4274 3353 4327 illius
3379 4274 3473 4343 qui
3505 4277 3685 4327 corri-

2107 4364 2354 4432 piebatur
2383 4365 2665 4418 tabescere
2688 4363 2884 4427 fecisti,
2915 4364 3278 4432 pro.utilitate
3308 4364 3480 4434 ipsius
3504 4365 3685 4417 immi-

2108 4453 2290 4505 liatam
2328 4462 2381 4507 et
2408 4460 2775 4507 extenuatam.
2811 4454 2943 4507 Nam
2970 4470 3079 4524 quo
3114 4463 3357 4523 tempore
3387 4453 3438 4509 in
3471 4453 3682 4508 deliciis

2109 4546 2323 4616 agebat,
2359 4555 2471 4600 tum
2506 4547 2558 4599 in
2590 4555 2811 4616 peccata
2844 4548 2992 4616 lapsa
3026 4554 3130 4609 est,
3168 4547 3467 4600 serundum
3503 4545 3637 4600 illud
3665 4563 3679 4599 τ

2110 4636 2349 4692 Comedit
2378 4646 2425 4691 et
2454 4636 2579 4691 bibit
2601 4636 2789 4701 Iacob,
2818 4649 2866 4690 et
2894 4638 3247 4689 recalcitruvit
3281 4636 3505 4689 dilectus
3535 4645 3584 4689 et
3608 4636 3679 4689 in-

2108 4740 2378 4784 crassatus
2402 4741 2499 4795 est,
2521 4741 2571 4785 et
2596 4733 2807 4786 recessit
2834 4750 2865 4785 a
2891 4733 2993 4784 Deo
3016 4732 3105 4800 qui
3137 4731 3401 4784 nutriebat
3425 4730 3595 4797 ipsum
3610 4729 3679 4786 ".

2108 4817 2494 4883 Quamobrem,
2542 4828 2597 4873 ut
2643 4821 2864 4888 spiritus
2904 4820 3081 4873 salvus
3124 4820 3191 4872 sit
3231 4821 3282 4871 in
3316 4818 3399 4871 die
3439 4818 3677 4883 Domini,

2108 4927 2233 4964 caro
2258 4910 2455 4963 tradita
2494 4921 2570 4964 est
2601 4912 2655 4964 in
2688 4912 2956 4966 interitum
2979 4913 3022 4943 "
3052 4926 3065 4963 :
3095 4925 3201 4979 qua
3245 4909 3515 4979 supplicio
3545 4908 3678 4964 aﬂe-

2109 5010 2219 5065 cta,
2271 5002 2453 5055 anima
2505 5002 2733 5055 tabescit
2769 5010 2823 5057 et
2870 5009 3199 5055 extenuatur
3252 5001 3394 5054 sicut
3434 5013 3674 5054 aranea:

2106 5095 2227 5150 ideo
2258 5096 2352 5159 ait,
2385 5094 2451 5147 Et
2494 5096 2753 5150 tabescere
2779 5095 2950 5162 fecisti
2982 5095 3118 5148 sicut
3150 5108 3401 5146 araneam
3444 5091 3677 5143 animam

2106 5204 2275 5242 meam
2311 5203 2328 5239 :
2360 5187 2559 5256 quibus
2622 5186 2847 5255 adjicit,
2902 5186 3268 5239 Verumtamen
3331 5196 3460 5235 vane
3509 5181 3677 5233 omnis

2105 5280 2279 5343 homo,
2325 5279 2586 5333 miserum
2633 5279 2814 5332 denuo
2838 5276 3146 5347 praedicans
3177 5288 3323 5339 eum,
3365 5272 3457 5342 qui
3490 5270 3544 5323 in
3578 5270 3677 5324 hac

2106 5373 2214 5427 vita
2246 5371 2301 5427 in
2332 5370 2611 5425 laboribus
2640 5376 2692 5425 et
2720 5368 2978 5424 aerumnis
3012 5366 3214 5422 frustra
3249 5372 3523 5421 versatur.
