4138 6386
416 347 514 402 351

1121 336 1387 394 EUSEBII
1425 331 1906 393 CASSARIENSIS
1944 329 2094 388 OPP.
2125 325 2305 383 PARS
2341 324 2430 383 lll.
2461 357 2531 367 —
2561 323 2974 382 EXEGETICA.

3569 327 3679 383 353

499 462 660 519 Vens.
693 463 778 525 l3,
815 461 903 516 Η.
941 457 1157 513 Exaudi
1189 459 1482 512 oralionem
1523 471 1714 520 meam,
1748 452 1990 516 Domine,

2167 445 2553 502 Είσάκουσον
2595 443 2708 514 τῆς
2751 441 3102 513 προσευχῆς
3144 461 3284 513 μου,
3325 443 3522 513 Κύριε,
3573 446 3674 500 καὶ

415 565 465 610 et
492 555 914 624 deprecationem
961 568 1131 606 meam
1179 567 1196 604 :
1236 549 1454 603 auribus
1485 549 1691 619 percipe
1724 546 1990 614 lacrymas

417 663 584 702 meas.
621 643 704 699 Ne
737 647 920 707 sileas,
955 643 1206 713 quoniam
1236 641 1438 694 advena
1481 657 1574 710 ego
1609 655 1727 693 sum
1757 636 1898 708 apud
1946 646 1994 690 te

415 745 466 792 et
488 737 815 808 peregrinus,
845 739 984 790 sicut
1024 753 1199 790 omnes
1227 743 1403 803 patres
1438 732 1560 786 mei.
1597 729 1698 784 Hic
1728 745 1788 785 se
1817 727 1992 782 conli-

420 837 562 884 tetur
603 829 866 883 advenam
909 835 964 882 et
1013 828 1403 898 peregrinum:
1442 823 1594 878 novit
1620 829 1801 876 autem
1831 819 1992 873 aliam

421 935 539 975 esse
570 918 1002 988 refrigerationis
1049 919 1239 980 vitam,
1271 931 1436 986 quam
1468 912 1686 983 assequi
1721 917 1990 982 peroptat,

421 1013 641 1066 dicens:
675 1008 898 1064 Remitte
929 1009 1057 1062 mihi
1087 1018 1143 1061 ut
1182 1008 1484 1078 refrigerer.
1516 1003 1633 1059 Non
1666 1003 1848 1072 itaque
1875 1015 1994 1054 um-

421 1117 543 1162 nem
566 1105 840 1160 hominem
875 1104 1141 1158 advenam
1168 1116 1290 1155 esse
1319 1106 1523 1153 temere
1550 1096 1704 1158 dicit,
1751 1109 1849 1148 nec
1879 1091 1995 1146 fru-

421 1207 534 1255 stra
574 1214 698 1252 cum
731 1195 858 1250 ﬂetu
912 1203 966 1249 et
1000 1191 1261 1263 Iacrymis
1301 1187 1740 1258 deprecationem
1771 1184 1992 1248 emittit,

420 1305 623 1363 gnarus
667 1289 878 1343 scilicet
911 1286 1079 1348 illius,
1118 1282 1270 1336 Beati
1301 1281 1392 1351 qui
1426 1280 1572 1348 ﬂent,
1607 1279 1856 1348 quoniam
1895 1276 1996 1344 ipsi

421 1380 717 1441 ridebunt‘,
736 1384 809 1440 et,
831 1375 981 1430 Beati
1009 1373 1098 1442 qui
1129 1372 1324 1442 lugent,
1359 1369 1606 1439 quoniam
1629 1367 1730 1434 ipsi
1751 1363 1993 1418 consola-

421 1474 618 1526 buntur
645 1473 687 1523 ¹.
716 1470 792 1522 Ac
817 1475 963 1522 recte
1003 1464 1145 1518 facta
1189 1478 1286 1518 sua
1321 1470 1444 1532 post
1467 1459 1580 1514 haec
1606 1459 1678 1512 ita
1710 1458 1992 1524 describit,

422 1565 507 1620 his
554 1575 860 1618 sermonem
908 1555 1242 1612 concludens
1292 1573 1305 1608 :
1344 1552 1607 1619 Quoniam
1655 1549 1853 1603 advena
1903 1565 1995 1619 ego

422 1671 538 1708 sum
567 1662 615 1704 et
669 1649 993 1720 peregrinus,
1038 1648 1173 1700 sicut
1219 1660 1395 1698 omnes
1443 1651 1619 1712 patres
1668 1641 1786 1696 mei.
1818 1638 1996 1694 Rarus

422 1761 555 1800 sane
589 1751 673 1798 est
706 1743 753 1796 is
779 1744 870 1811 qui
904 1740 1080 1811 possit
1121 1736 1189 1791 ad
1233 1735 1592 1790 imitationem
1619 1733 1992 1802 religiosorum

423 1848 640 1910 patrum
670 1842 723 1890 et
756 1835 1146 1905 prophetarum
1175 1829 1291 1892 Dei,
1335 1843 1445 1882 non
1489 1836 1548 1880 ut
1577 1825 1777 1887 incola.
1813 1824 1908 1880 sed
1937 1831 1994 1876 ut

423 1929 630 1984 advena
664 1915 1073 1996 temporaneam
1106 1921 1306 1976 ducere
1340 1921 1509 1974 vitam
1560 1937 1573 1974 :
1627 1932 1732 1988 qua
1766 1916 1821 1970 in
1862 1933 1920 1971 re
1948 1915 1994 1970 is

424 2021 519 2092 qui
573 2019 816 2088 loquitur
861 2015 1222 2087 gloriabatur,
1272 2013 1613 2082 peregrinam
1664 2017 1717 2064 et
1765 2008 1996 2062 alienam

425 2111 717 2165 httmanam
744 2108 910 2161 vitam
943 2106 1242 2161 aestimans.
1275 2102 1499 2156 Remitte
1542 2101 1672 2153 mihi
1699 2109 1755 2152 ut
1787 2098 1999 2168 refrige-

425 2218 512 2258 rer
541 2203 849 2271 priusquam
889 2197 1095 2260 abeam,
1129 2206 1176 2249 et
1218 2194 1445 2263 amplius
1470 2210 1572 2247 non
1604 2209 1714 2247 ero.
1748 2190 1855 2245 Pro
1889 2203 1998 2260 quo

428 2292 790 2366 Symmachus
817 2291 913 2352 ait,
947 2286 1177 2342 Abscede
1198 2304 1230 2341 a
1258 2304 1338 2341 me
1371 2296 1427 2340 ut
1465 2285 1687 2349 rideam,
1718 2293 1998 2354 antequam

427 2383 612 2438 abeam
661 2390 708 2435 et
742 2397 845 2434 non
891 2379 1139 2434 existam.
1181 2377 1297 2431 Nisi
1337 2376 1482 2430 enim
1531 2375 1619 2428 hic
1649 2373 1874 2427 mutatis
1903 2386 2000 2442 per

427 2476 657 2547 gratiam
687 2481 834 2527 tuam
872 2472 926 2526 in
962 2472 1134 2526 risum
1158 2470 1416 2542 lacrymis
1446 2468 1674 2530 rideam,
1708 2481 1772 2521 ac
1807 2465 1910 2519 nisi
1942 2464 1997 2518 in

430 2570 680 2638 praesenti
716 2567 826 2619 vita
857 2565 1106 2619 remittas
1138 2563 1270 2616 mihi
1302 2561 1559 2616 delictum
1605 2567 1659 2614 et
1695 2557 1998 2611 facinorum

428 2655 645 2710 Vezxiaui
695 2654 959 2725 praebeas,
989 2661 1048 2706 ut
1080 2653 1348 2721 meipsum
1382 2648 1642 2718 recipiam
1687 2653 1740 2701 et
1773 2645 2001 2714 refrige-

431 2762 576 2814 rcm;
628 2755 750 2816 post
795 2747 1000 2800 exitum
1051 2759 1081 2797 a
1115 2745 1227 2800 vita
1274 2741 1485 2795 nullum
1530 2739 1636 2794 erit
1665 2737 2001 2808 pmnitentiaa

431 2844 669 2908 tempus.
700 2835 779 2890 Ac
812 2836 858 2890 si
902 2837 1116 2888 veniam
1148 2848 1256 2886 non
1287 2842 1617 2898 consequar,
1655 2827 1710 2880 in
1740 2827 1850 2880 vita
1880 2839 2002 2894 quae

431 2929 575 3000 apud
609 2937 661 2983 te
683 2935 766 2983 est
797 2926 1031 2996 amplius
1061 2939 1169 2978 non
1189 2938 1323 2988 ero;
1353 2920 1450 2977 sed
1476 2921 1711 2990 reiectus
1738 2918 2002 2973 assimila-

433 3019 529 3073 bor
562 3017 994 3074 descendentibus
1037 3019 1094 3070 in
1141 3017 1334 3070 lacum.
1365 3017 1547 3082 Quare
1571 3013 1626 3067 in
1650 3012 1753 3066 hac
1777 3011 1887 3067 vita
1920 3009 2000 3065 sic

432 3110 717 3182 deprecor,
755 3108 838 3164 Ne
865 3109 1024 3163 sileas
1059 3126 1091 3162 a
1120 3124 1219 3174 me,
1249 3107 1520 3179 nequando
1554 3115 1726 3160 taceas
1759 3120 1792 3158 a
1823 3118 1923 3170 me,
1950 3110 2000 3158 et

435 3201 774 3256 assimilabor
800 3199 1231 3255 descendentibus
1262 3200 1317 3252 in
1345 3198 1544 3253 lacum.

746 3460 800 3515 1.
834 3459 900 3513 ΙΝ
934 3457 1144 3514 FINEM
1186 3457 1418 3514 DAVlDl
1445 3458 1688 3516 XXXIX.

506 3551 672 3608 Vsus.
707 3551 787 3606 2-
829 3553 882 3607 4.
937 3551 1264 3621 Exspectans
1325 3553 1616 3620 exspectaui
1684 3551 2002 3620 Dominum,

433 3653 485 3698 et
517 3644 746 3699 intendit
799 3644 948 3700 mihi.
975 3674 1042 3685 ——
1072 3644 1334 3710 Quoniam
1379 3643 1650 3698 tribulatio
1693 3645 2004 3713 patientiam

434 3745 732 3808 operatur:
784 3736 1044 3804 patientia
1095 3747 1269 3790 autem
1325 3733 1703 3804 probationem,
1761 3735 2002 3805 probatio

433 3849 552 3887 vero
593 3847 735 3902 spem
768 3847 786 3885 :
817 3848 932 3900 spes
983 3842 1159 3884 autem
1209 3847 1314 3884 non
1349 3829 1624 3898 confundit
1651 3830 1691 3884 ³.
1730 3828 1862 3884 Jure
1888 3830 2006 3899 qui-

432 3925 556 3979 dem
587 3924 769 3993 justus
798 3939 906 3978 non
944 3923 1148 3978 frustra
1172 3930 1473 3993 exspectat,
1510 3923 1607 3977 sed
1642 3937 1790 3992 spem
1822 3923 2002 3977 inten-

433 4014 568 4069 dens
596 4029 775 4077 suam,
814 4029 917 4068 nec
949 4015 1250 4084 desperans
1294 4014 1361 4068 de
1392 4029 1456 4066 ea
1505 4030 1625 4084 qua:
1674 4029 1704 4066 a
1761 4013 1872 4069 Deo
1918 4021 2003 4069 est

434 4111 634 4174 salute,
673 4110 1012 4179 inpatientia
1045 4116 1378 4178 perseverat.
1428 4108 1688 4174 Quamvis
1736 4125 1842 4163 non
1892 4118 2005 4163 sta-

434 4202 532 4254 tim
580 4213 744 4269 atque
785 4209 1042 4270 precatus
1076 4208 1159 4254 est
1188 4199 1480 4255 exauditus
1532 4199 1714 4264 fuerit,
1764 4208 2002 4256 attamen

434 4293 708 4361 sperando
733 4301 1036 4360 permanet,
1089 4307 1154 4346 ac
1186 4273 1497 4360 perseverat
1531 4291 1584 4345 in
1614 4292 2006 4347 obsecrationi-

433 4387 537 4440 bus
568 4395 620 4439 et
653 4385 1016 4440 orationibus.
1049 4383 1204 4451 Quod
1235 4385 1280 4439 si
1311 4385 1638 4454 quandoque
1674 4386 1906 4449 labatur,
1944 4397 2002 4441 ut

2094 539 2207 608 τῆς
2249 538 2514 605 δεήσεώς
2554 555 2705 607 μου·
2738 537 3017 590 ὲνώτισαι
3062 535 3181 588 τῶν
3224 536 3500 604 δακρύων
3531 555 3672 606 μου.

2094 632 2190 700 Μὴ
2222 629 2720 700 παρασιωπήσῃς,
2755 628 2844 682 ὅτι
2888 627 3173 697 πάροικος
3201 626 3316 697 ἐγώ
3343 631 3459 697 ειμι
3499 629 3570 682 ὲν
3599 629 3676 698 τῇ

2093 724 2174 796 γῆ
2213 723 2312 778 καί
2354 721 2787 791 παρεπίδημος,
2828 721 3019 787 καθὼς
3053 719 3277 786 πάντες
3325 724 3380 774 oi
3427 721 3676 790 πατέρες

2087 833 2227 886 μου.
2247 811 2510 867 Ἐνταῦθα
2541 809 2793 881 ὁμολογεῖ
2840 810 3098 881 πάροικος
3143 805 3282 862 εἶναι
3313 810 3407 862 καὶ
3438 812 3674 882 παρεπί-

2093 907 2262 978 δημος
2285 921 2298 934 ·
2338 900 2446 958 οἵδέ
2479 920 2537 956 τε
2568 902 2760 976 ἑτέραν
2809 901 2951 973 ζωὴν
2987 900 3366 970 ἀναψύξεως,
3397 895 3464 974 ἦς
3495 905 3679 972 τυχεῖν

2093 997 2334 1069 γλίχεται
2381 995 2554 1063 λέγων
2575 1011 2587 1025 ·
2621 995 2778 1050 "Aret
2821 1011 2945 1064 μοι,
2981 995 3081 1047 ἵνα
3126 994 3436 1062 άναψύξω.
3467 993 3674 1048 Οὔκουν

2099 1091 2275 1162 μάτην
2306 1088 2483 1142 πάντα
2517 1086 2799 1158 ἄνθρωπον
2830 1087 3094 1158 πάροικον
3125 1085 3299 1154 ἔλεγε,
3339 1086 3475 1157 μετά
3507 1087 3674 1141 κλαυ-

2095 1180 2231 1252 θμοῦ
2261 1180 2318 1232 δὲ
2342 1180 2435 1233 καὶ⁹
2463 1178 2711 1250 δακρύων
2740 1177 2836 1250 τὴν
2865 1177 3144 1248 ἱκετηρίαν
3167 1178 3499 1248 ἀναπέμπει,
3518 1180 3676 1249 ἀκρι-

2096 1271 2204 1335 ϐῶς
2237 1269 2410 1332 εἰδὼς,
2457 1269 2536 1322 ὅτι
2571 1267 2859 1336 Μακάριοι
2909 1271 2960 1321 οἱ
3007 1267 3344 1334 κλαίοντες,
3377 1266 3465 1320 ὅτι
3512 1267 3677 1338 γελά-

2095 1378 2327 1423 σονται,
2358 1363 2470 1424 καὶ,
2517 1360 2803 1428 Μακάριοι
2836 1363 2890 1414 οί
2921 1360 3302 1425 πενθοῦντες,
3353 1359 3443 1413 ὅτι
3488 1378 3676 1428 παρα-

2096 1453 2504 1520 κληθήσονται
2532 1469 2545 1482 ·
2579 1453 2671 1505 καὶ
2703 1451 2770 1504 τά
2815 1450 3212 1523 κατορθώματα
3251 1451 3307 1504 δὲ
3349 1452 3511 1505 αὑτοῦ
3547 1454 3678 1506 ὑπο-

2095 1547 2294 1615 γράφει
2329 1545 2593 1614 ἐπιλέγων
2615 1561 2627 1574 ·
2663 1544 2782 1597 Ὅτι
2814 1542 3098 1611 πάροικος
3123 1541 3236 1613 ἐγώ
3257 1545 3371 1612 εἰμι
3405 1544 3504 1596 καὶ
3532 1557 3678 1613 παρ-

2095 1641 2405 1706 επίδημος,
2441 1636 2634 1702 καθὼς
2660 1635 2882 1702 πάντες
2912 1638 2966 1688 οί
2996 1635 3244 1703 πατέρες
3268 1654 3407 1705 μου.
3439 1637 3677 1692 Σπανίου

2097 1731 2154 1784 δέ
2184 1733 2329 1784 ἐστιν
2363 1729 2555 1802 ἀνδρὸς
2580 1729 2640 1782 τὸ
2671 1728 2930 1783 δύνασθαι
2952 1728 3092 1781 κατὰ
3123 1727 3350 1800 μίμησιν
3369 1729 3478 1781 τῶν
3504 1729 3680 1799 θεοφι-

2099 1824 2206 1878 λῶν
2254 1823 2504 1893 πατέρων
2549 1822 2645 1876 καὶ
2691 1821 2800 1875 τῶν
2847 1820 3140 1892 προφητῶν
3182 1821 3275 1873 τοῦ
3325 1819 3458 1873 Θεοῦ
3497 1821 3569 1893 μὴ
3602 1821 3679 1887 ὡς

2100 1913 2472 1981 ἔνοικος,“ἀλλ’
2499 1915 2574 1980 ὡς
2623 1916 2885 1987 πάροικος
2929 1915 3028 1986 τὴν
3082 1914 3412 1986 πρόσκαιρον
3439 1914 3680 1970 διασιοῦν

2100 2011 2244 2082 ζωήν
2265 2027 2276 2040 ·
2305 2009 2388 2079 ἐφ’
2409 2001 2452 2076 ᾧ
2475 2009 2567 2061 καὶ
2593 2009 2619 2060 6
2651 2006 2840 2077 παρὼν
2864 2005 3185 2077 ἐσεμνύνετο
3209 2005 3497 2076 παροικίαν
3515 2004 3680 2078 ἡγού-

2102 2117 2260 2172 μενος
2287 2100 2380 2152 καὶ
2407 2098 2668 2165 ξενιτείαν
2693 2097 2782 2150 τὸν
2814 2094 3154 2167 ἀνθρώπινον
3183 2095 3293 2166 βίον
3315 2113 3328 2126 ·
3357 2097 3533 2162 Ἀνες
3554 2113 3677 2165 μοι,

2099 2191 2200 2243 ἵνα
2230 2187 2521 2257 ἀναψύξω
2544 2186 2658 2255 πρὸ
2691 2185 2798 2240 τοῦ
2823 2203 2900 2256 με
2932 2186 3234 2251 ἀπελθεῖν,
3254 2186 3349 2240 καὶ
3375 2185 3571 2240 οὐκέτι
3591 2187 3679 2257 μὴ

2099 2279 2362 2348 ῠπάρξω.
2394 2279 2532 2332 Ἀνθ“
2551 2275 2609 2333 οὗ
2635 2280 2663 2330 6
2689 2277 2983 2349 Σύμμαχός
3009 2295 3140 2349 φησι
3161 2296 3174 2309 ·
3207 2279 3510 2347 Ἀπόσχου
3535 2295 3678 2348 μου,

2099 2374 2199 2428 ἵνα
2224 2373 2512 2444 μειδιάσω
2537 2373 2679 2440 πρὶν
2700 2371 2985 2427 ἀπελθεῖν
3002 2389 3099 2441 με,
3129 2371 3227 2424 καὶ
3249 2370 3336 2441 μὴ
3365 2372 3678 2441 ὑπάρχειν.

2111 2465 2236 2520 Ἐάν
2265 2465 2374 2536 γὰρ
2408 2463 2675 2528 ἐντεῦθεν,
2705 2465 2857 2536 φησι,
2893 2463 2988 2536 μὴ,
3025 2461 3342 2535 μεταϐαλὼν
3370 2465 3439 2518 τὰ
3469 2464 3681 2536 δάκρυα

2099 2559 2180 2620 εἰς
2204 2557 2414 2626 γέλωτα
2434 2556 2522 2610 διὰ
2554 2557 2653 2628 τὴν
2687 2557 2785 2628 σὴν
2824 2557 3006 2628 χάριν,
3043 2555 3326 2627 μειδιάσω,
3355 2559 3449 2609 καὶ
3480 2555 3573 2609 ἐὰν
3605 2556 3681 2628 μὴ

2100 2652 2158 2702 ὲν
2200 2648 2278 2720 τῷ
2324 2650 2552 2721 παρόντι
2593 2649 2693 2720 βίῳ
2723 2650 2855 2720 ἀνῇς
2887 2667 2976 2720 μοι
3001 2650 3062 2702 τὸ
3086 2650 3391 2721 ἁμάρτημα
3425 2649 3517 2701 καὶ
3552 2664 3677 2714 συγ-

2099 2742 2355 2812 χωρήσῃς
2386 2741 2454 2794 τὰ
2485 2741 2869 2814 πεπραγμένα,
2906 2742 2994 2795 ἵνα
3020 2741 3273 2795 ἀναλάϐω
3317 2739 3554 2811 ἐμαυτὸν
3590 2738 3681 2792 καὶ

2101 2834 2356 2904 ἀναψύξω
2394 2834 2726 2902 ἀπαλλαγεὶς
2767 2833 2860 2888 τοῦ
2904 2834 3237 2907 προσκαίρου
3271 2833 3407 2904 βίου,
3437 2832 3539 2886 οὐκ
3569 2830 3681 2884 εστι

2102 2924 2294 2996 καιρὸς
2318 2924 2617 2996 μετανοίας.
2640 2925 2730 2996 Μὴ
2752 2923 2929 2995 τυχὼν
2953 2924 3009 2977 δὲ
3032 2925 3280 2993 ἀφέσεως
3305 2924 3490 2978 οὐκέτι
3517 2923 3680 2992 ὑπάρσ

2102 3015 2178 3083 ξω
2208 3017 2265 3070 ὲν
2309 3019 2375 3087 τῇ
2422 3017 2572 3088 παρά
2605 3018 2688 3069 σοι
2729 3015 2874 3087 ζωῇ·
2923 3016 3228 3087 ἀπόϐλητος
3274 3017 3330 3070 δὲ
3369 3016 3681 3087 γενόμενος,

2027 3132 2075 3192 c
2103 3109 2538 3178 ὀμοιωθήσομαι
2570 3109 2694 3176 τοῖς
2718 3109 3187 3162 καταϐαίνουσιν
3211 3111 3297 3174 είς
3318 3107 3569 3163 λάκκον.
3595 3107 3683 3160 Διὸ

2107 3202 2353 3256 ἐντεῦθεν
2403 3202 2628 3256 ἱκετεύω
2672 3202 2876 3271 λέγων·
2922 3202 3020 3271 Μὴ
3066 3203 3542 3271 παρασιωπήσῃς
3583 3201 3686 3256 ἀπ’

2104 3294 2271 3363 ἐμοῦ,
2292 3294 2525 3364 μήποτε
2543 3295 3023 3363 παρασιωπήσῃς
3039 3295 3139 3350 ἀπ’
3164 3293 3332 3364 ἐμοῦ,
3363 3293 3461 3348 καὶ
3481 3297 3685 3364 ὁμοιω-

2105 3385 2364 3456 θήσομαι
2399 3387 2524 3453 τοῖς
2553 3387 3020 3440 καταϐαίνουσιν
3045 3389 3133 3452 εὶς
3158 3385 3412 3440 λάκκον.

2457 3478 2564 3531 ΕΙΣ
2602 3478 2688 3531 ΤΟ
2726 3479 2945 3530 ΤΕΛΟΣ
2983 3477 3182 3529 ΔΑΥΙΔ
3220 3477 3344 3530 ΛΘ’.

2185 3571 2518 3640 Ύπομένων
2540 3571 2830 3640 ὑπέμεινα
2856 3571 2962 3623 τὸν
2981 3572 3223 3638 Κύριον,
3249 3571 3346 3623 καὶ
3380 3570 3688 3640 προσέσχε

2099 3681 2218 3732 μοι.
2239 3694 2310 3703 -
2326 3662 2566 3730 Ἐπειδὴ
2607 3665 2646 3730 ὴ
2683 3663 2889 3731 θλίψις
2914 3662 3231 3731 ὑπομονὴν
3257 3661 3684 3733 κατεργάζεται,

2105 3755 2143 3822 ἡ
2165 3753 2232 3807 δὲ
2255 3753 2529 3823 ὑπομονὴ
2557 3753 2830 3823 δοκιμὴν,
2855 3754 2894 3820 ὴ
2924 3752 2993 3806 δὲ
3016 3752 3228 3822 δοκιμὴ
3252 3753 3470 3808 ἐλπίδα
3488 3771 3503 3786 ο
3543 3755 3581 3822 ἠ
3619 3753 3688 3806 δὲ

2107 3846 2289 3912 ἐλπίς
2335 3847 2407 3899 οὺ
2455 3845 2863 3914 καταισχύνει.
2900 3846 3141 3910 Εἰκότως
3186 3847 3286 3916 οὐχ
3335 3845 3519 3910 ἁπλῶς
3546 3846 3575 3898 6
3605 3845 3686 3898 δί-

2104 3952 2257 3993 καιος
2299 3935 2579 4005 ὑπομένει,
2607 3933 2720 3987 ἀλλ’
2748 3934 3034 3988 ἐπιτείνων
3081 3933 3178 4004 τὴν
3230 3933 3423 3986 ἐλπίδα
3469 3933 3564 3986 καὶ
3609 3931 3686 4004 μὴ

2103 4026 2494 4094 ἀπογινώσκων
2521 4025 2619 4098 τὴν
2649 4026 2798 4097 παρά
2819 4025 2938 4097 Θεῷ
2965 4031 3256 4097 σωτηρίαν,
3290 4024 3595 4096 παραμένει
3617 4027 3683 4096 τῇ

2105 4119 2370 4189 ὑπομονῇ.
2408 4117 2525 4170 Κᾶν
2577 4117 2917 4188 παραχρῆμα
2961 4116 3171 4188 δεηθεὶς
3223 4116 3295 4188 μὴ
3341 4115 3683 4187 ὑπακουσθῇ,

2103 4213 2252 4283 ὅμως
2294 4211 2528 4274 ἐλπίζων
2569 4210 2826 4281 ὑπομένει
2864 4211 2958 4263 καὶ
2994 4211 3394 4281 προσκαρτερεϊ
3420 4211 3538 4270 ταῖς
3564 4208 3688 4279 δεή-

2105 4318 2224 4354 σεσι
2251 4301 2344 4354 καὶ
2365 4302 2485 4363 ταῖς
2512 4303 2858 4371 προσευχαῖς.
2879 4303 2941 4354 Εἰ
2967 4301 3024 4354 δὲ
3051 4302 3143 4355 καὶ
3173 4303 3229 4354 ὲν
3255 4299 3529 4370 σφάλματί
3557 4313 3687 4352 ποτε

2102 4393 2330 4462 γένοιτο,
2365 4392 2550 4462 ὥσπερ
2579 4392 2606 4443 6
2635 4391 2817 4455 Δαυτδ,
2850 4393 3101 4464 ὁμολογεῖ
3133 4393 3205 4463 μὴ
3234 4394 3446 4460 ἀγνοεῖν
3467 4387 3555 4444 οἷα
3585 4408 3688 4444 κα-

433 4475 625 4530 Davidi
661 4476 878 4540 accidit,
914 4475 1204 4529 conﬁtetur
1231 4491 1340 4528 non
1367 4477 1615 4544 ignorare
1639 4490 1696 4529 se
1719 4491 1998 4546 quousque

2105 4484 2213 4536 κῶν
2247 4483 2519 4554 ἐλήλυθεν.
2555 4484 2618 4536 Εἰ
2655 4482 2710 4535 δὲ
2747 4485 2841 4536 καὶ
2877 4485 3015 4554 μετά
3046 4483 3219 4536 ταῦτα
3264 4482 3522 4536 ἀναλάϐοι
3564 4484 3690 4535 ἐαυ-

433 4569 708 4623 malorum
765 4568 1068 4621 devenerit.
1107 4566 1164 4620 Si
1209 4581 1340 4622 vero
1379 4574 1566 4636 postea
1605 4567 1939 4638 resipiscens
1969 4583 2002 4621 a

433 4659 588 4730 lapsu
619 4674 678 4714 se
718 4659 987 4724 retrahat,
1035 4658 1240 4728 gratias
1284 4666 1424 4729 aget,
1486 4665 1786 4727 notumque
1839 4657 1998 4713 faciet

432 4752 691 4807 omnibus
720 4767 784 4805 ex
815 4751 962 4820 quali
992 4751 1228 4805 miseriae
1257 4751 1472 4822 gurgite
1515 4766 1574 4806 se
1605 4749 1855 4805 eduxerit
1889 4767 2001 4805 me-

431 4845 588 4899 dicus
646 4851 702 4898 et
756 4849 1008 4897 servator
1056 4843 1254 4895 animm
1301 4842 1512 4912 ipsius;
1573 4856 1744 4910 quare
1789 4841 1934 4896 dicet
1987 4861 2000 4896 :

434 4936 637 4992 Eduxit
667 4952 746 4989 me
765 4934 828 4989 de
861 4934 979 4988 lacu
1011 4934 1238 4987 miseria:
1266 4944 1314 4987 et
1347 4936 1410 4988 de
1442 4934 1552 4988 luto
1573 4933 1738 5003 fwcis.
1759 4933 1816 4988 ld
1843 4950 2005 5004 porro

432 5030 720 5095 obtinebit,
749 5029 878 5099 quia
912 5034 1238 5098 exspectans
1294 5030 1630 5096 exspectavit
1690 5027 2002 5082 Dominum.

436 5122 641 5177 Lacum
681 5121 940 5181 miseriae,
981 5119 1314 5191 profundum
1353 5121 1583 5190 peccati,
1619 5121 1791 5173 lutum
1831 5119 2000 5184 frecis,

435 5217 600 5270 lutosi
637 5214 886 5284 corporis
917 5214 1247 5282 voluptates,
1298 5212 1350 5265 in
1403 5227 1536 5280 quas
1565 5212 1786 5282 delapsa
1821 5213 2001 5266 anima

435 5307 773 5377 dcmergitur
801 5316 855 5361 et
878 5306 1037 5376 quasi
1067 5307 1123 5358 in
1154 5303 1427 5376 profundo
1459 5305 1735 5368 obruitur,
1781 5321 1889 5359 non
1919 5304 2004 5358 in-

428 5399 575 5469 juria
611 5399 991 5470 appellaveris.
1039 5397 1143 5463 Qui
1183 5397 1348 5466 igitur
1390 5413 1456 5451 ex
1511 5397 1600 5452 his
1652 5399 1894 5460 emersit,
1947 5405 2002 5452 et

433 5489 734 5544 Salvatoris
769 5489 992 5544 deXtera
1011 5490 1242 5544 eductus
1270 5496 1376 5549 est,
1408 5502 1471 5542 ac
1494 5487 1690 5544 deinde
1713 5487 1779 5542 ad
1811 5503 2002 5557 puram

430 5589 486 5635 et
513 5587 718 5635 rectam
759 5581 1025 5634 rationem
1079 5580 1274 5634 anima:
1314 5596 1428 5635 sua:
1461 5580 1689 5650 vestigia
1745 5580 2000 5645 ﬁrmavit,

503 5736 518 5766 ¹
561 5733 696 5791 Luc.
729 5751 818 5802 v1,
850 5735 938 5790 2!.
1019 5740 1039 5770 ⁸
1080 5737 1273 5793 Matth.
1310 5753 1362 5803 ν,
1402 5737 1453 5793 5.
1532 5737 1552 5770 ³
1592 5739 1753 5794 “om.
1789 5753 1842 5805 v,
1876 5736 1930 5792 3.

2105 4576 2198 4629 τὸν
2245 4575 2338 4629 τοιῖ
2420 4575 2735 4646 σφάλματος
2790 4574 3199 4648 συνῃσθημένος
3227 4615 3242 4640 ,
3301 4574 3690 4646 εὐχαριστήσει

2117 4669 2386 4740 ίνωρῐζων
2436 4669 2527 4738 ἀφ’
2559 4669 2670 4721 οἴου
2726 4667 2921 4738 βάθους
2975 4667 3349 4738 ταλαιπωρίας
3388 4667 3690 4736 ἀνιμήσατο

2105 4759 2266 4814 αὑτὸν
2289 4761 2316 4812 6
2338 4759 2438 4828 τῆς
2456 4758 2635 4830 ψυχῆς
2655 4757 2817 4812 αὑτοῦ
2839 4758 3127 4828 γενόμενος
3155 4755 3336 4828 ἰατρὸς
3365 4756 3457 4810 καὶ
3482 4757 3684 4827 σωτήρ-

2103 4846 2292 4918 διόπερ
2323 4850 2469 4919 ἐρεῖ’
2513 4845 2791 4918 Ἄνήγαγέ
2823 4864 2900 4916 με
2927 4849 2996 4900 ἐκ
3029 4846 3260 4901 λάκκου
3287 4847 3692 4913 ταλαιπωρίας

2105 4939 2200 4991 καὶ
2234 4939 2352 4992 ἀπὸ
2385 4939 2585 5007 πηλοῦ
2611 4941 2797 5006 ἰλύος.
2837 4939 3039 4992 Τούτου
3083 4938 3139 4992 δὲ
3167 4938 3438 5005 τεύξεται,
3470 4937 3688 5007 ὲπ;ιδή-

2105 5045 2209 5100 περ
2251 5030 2540 5100 ὑπομένων
2592 5032 2855 5103 ὑπέμεινε
2897 5033 2987 5086 τὸν
3016 5030 3239 5102 Κύριον.
3269 5029 3485 5084 Λάκκον
3513 5029 3570 5082 δὲ
3597 5047 3690 5082 τα-

2103 5121 2408 5192 λαιπωρίας
2438 5122 2500 5174 τὸ
2532 5121 2692 5192 βάθος
2731 5123 2831 5192 τῆς
2863 5122 3158 5192 ἁμαρτίας.
3189 5120 3284 5175 καὶ
3335 5119 3503 5193 πηλὸν
3547 5118 3691 5180 ἰλύος

2101 5211 2202 5275 τὰς
2247 5211 2342 5265 τοῦ
2399 5211 2680 5283 πηλώδους
2711 5212 2960 5284 σώματος
2987 5211 3340 5282 ἡδυπαθείας,
3375 5211 3432 5262 ὲν
3457 5203 3544 5271 αἷς
3576 5208 3691 5262 ὀλι-

2106 5303 2354 5375 σθήσασα
2383 5304 2529 5376 ψυχὴ
2559 5305 2880 5376 βαπτίζεται
2910 5307 3002 5361 καὶ
3028 5305 3218 5377 ὥσπερ
3248 5307 3305 5358 ὲν
3336 5303 3482 5374 βυθῷ
3525 5317 3692 5354 κατα-

2105 5396 2412 5460 ποντοῦται,
2449 5399 2549 5450 οὐκ
2575 5397 2641 5450 ἂν
2669 5399 2935 5470 ἁμάρτοις
2967 5397 3157 5452 εἰπών.
3178 5399 3234 5450 Ὁ
3257 5395 3322 5466 δὴ
3352 5391 3445 5448 οὖν
3475 5394 3541 5445 ὲκ
3563 5390 3688 5444 τού-

2105 5507 2209 5543 των
2235 5490 2538 5560 ἀνακύψας,
2575 5492 2669 5544 καὶ
2703 5492 2807 5544 ὑπὸ
2838 5493 2936 5562 τῆς
2971 5492 3150 5558 δεξιᾶς
3178 5490 3272 5544 τοῦ
3311 5487 3562 5560 Σωτῆρος
3593 5487 3689 5540 ἀν-

2107 5600 2124 5634 ι
2132 5581 2342 5654 μηθεὶς,
2358 5578 2475 5639 εἶτα
2493 5583 2676 5640 λοιπὸν
2699 5587 2755 5638 ὲν
2778 5583 3002 5658 καθαρῷ
3023 5583 3263 5655 τῷλόγῳ
3276 5581 3374 5646 τάς
3394 5579 3494 5653 τῆς
3513 5577 3690 5650 ψυχῆς
