4138 6386
460 365 569 422 δῒῇὅ

1595 363 2100 422 COMMENTARIA
2138 366 2205 423 IN
2245 365 2581 424 PSALMOS.

3628 371 3736 428 ΒΜ

462 480 649 551 βάσεις
681 476 960 552 στηρίξας,
989 479 1226 550 εὐλόγως
1260 481 1409 550 ἐρεῖ’
1447 481 1556 534 Καὶ
1591 479 1856 550 ἀνήγαγέ
1879 497 1958 551 με
1981 481 2049 534 ἐκ

2156 483 2356 537 merito
2381 483 2529 538 dicat
2565 501 2578 536 :
2611 480 2678 536 Et
2723 483 2905 537 eduxit
2950 499 3031 538 me
3057 483 3124 538 de
3152 484 3274 538 lacu
3296 485 3532 540 ,miserite
3582 494 3632 539 et
3669 486 3735 540 de

459 571 692 626 λάκκου
721 573 1123 641 ταλαιπωρίας
1167 573 1266 625 καὶ
1310 572 1430 627 ἀπὸ
1474 573 1675 640 πηλοῦ
1717 575 1917 641 ἰλύοςο
1950 576 2049 630 καὶ

459 664 726 732 ἔστησεν
746 664 843 716 ἐπὶ
883 663 1109 732 πέτραν
1131 665 1273 732 τοὺς
1308 665 1499 730 πόδας
1525 683 1667 733 μου,
1694 666 1792 719 καὶ
1831 669 2052 736 κατηύ-

461 760 606 811 θυνε
638 756 710 810 τὰ
749 754 1080 826 διαϐήματά
1116 776 1255 826 μου.
1293 757 1504 829 Πέτραν
1546 757 1602 810 δὲ
1649 759 1786 829 πρὸς
1817 761 2051 814 ἀντιδια-

463 848 654 920 στολὴν
691 847 783 902 τοῦ
812 848 1034 921 στερεοῦ
1058 847 1216 920 λόγου
1243 849 1489 922 θεμέλιον
1520 851 1800 921 ὀνομάζει,
1831 853 1914 922 ἐφ’
1939 853 1997 906 ὃν
2020 855 2049 906 6

463 937 711 1011 βεϐηκὼς
733 941 924 1010 φήσει’
951 941 1046 1004 Τίς
1075 939 1232 1009 ἡμᾶς
1262 940 1498 1008 χωρίσει
1529 941 1647 994 ἀπὸ
1676 938 1786 1010 τῆς
1811 939 2050 1012 ἀγάπης

459 1029 569 1083 τοῦ
595 1030 887 1099 Χριστοῦ,
929 1032 1160 1099 θλίψις,
1208 1031 1246 1098 ἢ
1280 1033 1669 1101 στενοχωρία,
1704 1033 1742 1102 ἢ
1773 1031 2046 1103 διωγμὸς,

461 1123 501 1193 ἦ
526 1125 702 1194 λιμός
724 1143 737 1188 ;
774 1126 866 1178 καὶ
891 1123 958 1178 τὰ
989 1123 1134 1196 ἑξῆς.
1159 1126 1231 1177 Οὐ
1270 1127 1429 1196 μόνον
1451 1126 1495 1180 δ’
1524 1127 1713 1198 ἔστησε
1737 1128 1862 1191 τοὺς
1889 1129 2052 1194 πόδας

461 1219 556 1272 ἐπὶ
581 1217 678 1289 τὴν
699 1217 925 1290 πέτραν,
952 1218 1088 1272 ἀλλὰ
1112 1219 1207 1272 καὶ
1237 1219 1472 1290 βαδίζειν
1494 1221 1586 1273 καὶ
1611 1218 1825 1292 τρέχειν
1847 1222 1934 1274 ἐπ’
1953 1225 2052 1276 αὐ-

460 1310 560 1380 τῆς
593 1309 682 1363 διὰ
710 1310 809 1380 τῆς
841 1308 947 1364 τῶν
983 1309 1160 1364 καλῶν
1195 1312 1601 1384 εὐδοκιμήσεως
1629 1315 1805 1366 ποιεῖ·
1829 1313 1910 1366 διὸ
1939 1316 2053 1367 ἐπι-

461 1402 642 1470 λέγειο
691 1403 800 1454 Καὶ
859 1404 1195 1470 κατηύθυνε
1243 1404 1316 1457 τὰ
1373 1402 1702 1473 διαδήματα
1746 1424 1886 1474 μου.
1919 1403 2052 1460 Εἶτα

460 1493 788 1559 ἀκολούθως,
825 1495 899 1559 ὡς
928 1494 992 1550 ἂν
1026 1496 1383 1568 μεταϐληθεὶς
1411 1497 1519 1550 ἀπὸ
1544 1498 1654 1550 τῶν
1679 1499 1936 1570 χειρόνων
1957 1500 2053 1554 ἐπὶ

461 1585 530 1638 τά
550 1586 804 1658 κρείττω,
826 1587 886 1639 τὸ
914 1588 1012 1658 μὲν
1038 1587 1264 1641 παλαιὸν
1291 1585 1464 1661 ᾆσμα,
1487 1589 1552 1642 δι’
1579 1586 1638 1646 οὗ
1668 1591 2051 1646 άπεκλαύσατο

462 1675 532 1729 τὰ
561 1678 617 1729 ἐν
650 1681 762 1740 τοῖς
795 1678 900 1749 πρὸ
929 1677 1120 1732 τούτου
1167 1678 1404 1751 ψαλμοῖς
1443 1679 1765 1752 λελεγμένα,
1801 1683 2053 1737 ἀποτίθε-

461 1785 586 1821 ται·
618 1769 985 1841 ἀναλαμϐάνει
1014 1770 1072 1824 δὲ
1100 1766 1252 1843 ᾆσμα
1283 1772 1468 1826 καινὸν
1511 1772 1606 1827 τοῦ
1647 1773 1920 1839 σώσαντος
1948 1777 2053 1829 αὑ-

461 1860 575 1924 τὸν,
597 1862 691 1914 καὶ
715 1862 1074 1933 ἐμϐάλλοντος
1097 1865 1176 1927 εἰς
1206 1863 1265 1917 τὺ
1290 1865 1464 1936 στόμα
1491 1865 1655 1920 αὐτοῦ
1686 1867 1871 1921 καινὸν
1897 1863 2050 1940 ᾆσμα

465 1953 558 2004 καὶ
575 1951 760 2024 ὕμνον,
779 1953 1188 2026 ἀποδυσαμένου
1223 1954 1315 2008 τὸν
1350 1955 1577 2010 παλαιὸν
1617 1956 1904 2027 ἄνθρωπον
1950 1959 2048 2012 σὺν

463 2049 582 2109 ταῖς
633 2045 894 2118 πράξεσιν
950 2047 1137 2112 αὐτοῦ,
1175 2049 1536 2119 ἐνδυσαμένου
1569 2049 1628 2104 δὲ
1668 2049 1760 2102 τὸν
1806 2049 1924 2104 νέον
1957 2049 2049 2102 τὸν

463 2139 925 2210 ἀνακαινούμενον
958 2143 1078 2194 κατ’
1105 2140 1400 2210 ἐπίγνωσιν
1431 2141 1523 2194 τοῦ
1551 2140 1706 2195 Θεοῦ.
1739 2135 1876 2196 Εἶτα
1911 2142 2048 2213 μετὰ

464 2233 642 2287 πάντα
674 2233 851 2288 ταῦτα
882 2234 1186 2306 ὑπόδειγμα
1228 2234 1441 2298 πολλοῖς
1480 2235 1712 2303 γίνεται,
1749 2235 1826 2299 ὡς
1855 2235 1921 2288 ἂν
1954 2234 2049 2290 καὶ

463 2323 660 2395 ἕτεροι,
689 2324 788 2397 τὴν
819 2324 1118 2395 μεταϐολὴν
1146 2324 1308 2378 αὐτοῦ
1345 2324 1630 2394 θεώμενοι,
1659 2325 1882 2391 ἐλπίδας
1909 2327 2051 2396 ἀγα-

463 2418 562 2482 θάς
592 2417 931 2482 ἀναλάϐοιεν,
967 2417 1060 2470 καὶ
1107 2418 1208 2488 τὴν
1249 2416 1358 2470 ἀπὸ
1400 2415 1509 2470 τῶν
1557 2415 1816 2487 χειρόνων
1848 2417 1938 2470 ἐπὶ
1980 2419 2050 2472 τὰ

463 2509 698 2583 κρείττω
729 2511 1046 2580 ποιήσαιντο
1070 2508 1370 2580 μεταϐολήν
1391 2526 1404 2540 ε
1431 2508 1510 2561 διό
1539 2524 1702 2579 φησιν
1721 2525 1736 2540 ο
1766 2509 2049 2577 Ὄψονται

463 2601 680 2655 πολλοὶ
714 2601 814 2654 καὶ
844 2601 1310 2670 φοϐηθήσονται,
1337 2600 1435 2653 καὶ
1465 2599 1786 2653 ἐλπιοῦσιν
1809 2599 1906 2653 ἐπὶ
1933 2601 2048 2654 K15-

457 2713 611 2765 ριον.
639 2695 704 2747 Τί
737 2694 794 2747 δὲ
827 2693 1085 2764 ὂψονταις
1119 2693 1261 2746 Αὐτὸ
1307 2693 1484 2758 τοῦτο,
1513 2693 1698 2764 φησὶν,
1730 2693 1807 2756 ὡς
1835 2695 1916 2758 εἰς
1949 2692 2048 2764 βά-

465 2787 556 2852 θος
580 2786 812 2860 ἐλήλυθα
836 2786 1040 2852 κακῶν,
1068 2786 1162 2840 καὶ
1190 2788 1271 2850 εἰς
1299 2785 1390 2839 τὸν
1411 2784 1614 2839 λάκκον
1643 2785 1737 2838 καὶ
1762 2785 1854 2840 τὸν
1879 2785 2048 2856 πηλὸν

463 2881 562 2950 τῆς
588 2881 729 2944 ἰλύος
750 2899 763 2911 ·
786 2879 1038 2934 κάκεῖθεν
1063 2878 1197 2932 Θεοῦ
1229 2878 1411 2950 χάριτι
1440 2876 1810 2941 ἀνελκυσθεὶς,
1836 2878 1928 2932 ἐπὶ
1951 2878 2050 2950 τὴν

467 2973 672 3047 πέτραν
720 2974 881 3045 ἔστην
927 2974 1022 3026 καὶ
1072 2970 1418 3043 κατηυθύνθη
1462 2969 1532 3023 τὰ
1577 2969 1892 3041 διαϐήματά
1929 2988 2051 3041 μου.

465 3067 558 3118 καὶ
587 3065 828 3137 ᾅσματος
858 3060 1204 3134 κατηξιώθην
1238 3059 1448 3116 καινοῦ.
1486 3058 1674 3115 Ταῦτα
1713 3059 1822 3132 γὰρ
1845 3061 1896 3112 οἰ
1927 3061 2055 3116 πολ-

2156 572 2269 627 ίιιιο
2302 573 2472 642 [αόίε.
2538 571 2607 627 Ει
2639 574 2829 628 statuit
2865 591 3021 644 super
3057 585 3264 645 petram
3303 577 3458 647 pedes
3487 593 3654 643 meos,
3682 588 3734 634 et

2152 663 2349 719 direxit
2400 680 2611 733 gressus
2661 681 2826 720 meas.
2881 664 3094 721 Petram
3131 676 3312 721 autem
3349 668 3416 720 ad
3447 681 3736 738 compara-

2154 757 2359 812 tionem
2393 757 2536 811 ﬁrmi
2567 758 2863 821 sermonis,
2901 757 3319 814 fundamentum
3343 767 3524 823 vocat,
3544 759 3598 814 in
3621 775 3733 831 quo

2154 849 2407 920 quisquis
2439 851 2779 918 processerit
2814 850 2960 905 dicet
3002 870 3014 905 :
3058 851 3191 918 Quis
3239 869 3333 905 nos
3381 851 3654 920 separabit
3702 869 3736 906 a

2153 940 2414 995 charitate
2447 939 2692 996 Christi?
2729 939 3030 1005 tribulatio,
3062 959 3130 996 an
3161 944 3433 1012 angustia,
3486 959 3554 997 an
3608 958 3732 1012 per-

2153 1033 2376 1098 secutio,
2406 1050 2474 1086 au
2507 1031 2677 1102 fames
2701 1031 2762 1086 ‘?
2789 1040 2897 1088 etc.
2956 1033 3079 1088 Non
3129 1035 3296 1089 modo
3352 1047 3531 1090 autem
3567 1035 3736 1106 pedes

2155 1125 2348 1179 statuit
2381 1140 2550 1194 super
2577 1133 2824 1194 petram;
2860 1124 2954 1180 sed
2987 1125 3153 1181 etiam
3184 1126 3238 1180 id
3268 1135 3512 1196 praestat,
3550 1136 3612 1183 ut
3636 1142 3737 1198 per

2153 1217 2425 1273 bonorum
2457 1217 2780 1288 dignitatem
2815 1217 2870 1270 in
2901 1232 2966 1270 ea
2995 1217 3252 1273 incedere
3299 1232 3364 1272 ac
3409 1219 3733 1290 currereli-

2153 1316 2310 1378 ceat;
2343 1324 2516 1380 quare
2548 1309 2762 1379 adjicit,
2786 1317 2834 1362 et
2867 1309 3060 1363 direxit
3093 1325 3304 1379 gressus
3335 1326 3496 1366 meos.
3527 1309 3734 1365 Dehinc

2153 1418 2288 1458 vero
2316 1412 2744 1473 consequenter,
2777 1409 2969 1471 utpote
2999 1417 3029 1454 a
3074 1402 3356 1472 pejorihus
3389 1405 3458 1460 ad
3504 1404 3732 1461 meliora

2152 1495 2482 1559 translatus,
2517 1497 2734 1550 cantico
2769 1497 2966 1562 veteri,
3025 1512 3137 1567 quo
3185 1497 3240 1551 in
3299 1497 3734 1568 praecedentibus

2154 1588 2381 1659 psalmis
2407 1588 2647 1658 lugebat,
2678 1587 2950 1657 deposito,
2999 1604 3203 1643 novum
3255 1589 3534 1643 canticum
3584 1604 3738 1646 assu-

2154 1679 2272 1741 mit,
2308 1677 2429 1748 ejus
2460 1680 2671 1735 scilicet
2702 1680 2795 1750 qui
2849 1677 3293 1743 servavit'eum,
3349 1686 3404 1733 et
3457 1680 3736 1733 canticum

2154 1770 2530 1842 hymnumque
2576 1787 2778 1826 novum
2814 1772 2869 1826 in
2903 1787 2967 1828 os
3017 1771 3140 1840 ejus
3171 1771 3435 1838 immisit;
3477 1771 3738 1841 exuitque

2081 1857 2124 1911 B
2152 1872 2390 1918 veterem
2415 1864 2691 1919 hominem
2722 1881 2848 1920 cum
2876 1865 3139 1935 operibus
3163 1865 3306 1934 ejus,
3342 1876 3396 1920 et
3425 1865 3604 1920 induit
3637 1880 3732 1920 no-

2154 1971 2305 2020 vum,
2335 1957 2451 2011 sive
2475 1963 2796 2011 renovatum
2838 1971 2938 2026 per
2984 1957 3272 2010 scientiam
3321 1954 3442 2010 Dei.
3478 1956 3592 2010 Sub
3622 1956 3737 2010 hate

2155 2058 2335 2103 autem
2367 2047 2574 2113 omnia,
2605 2049 2658 2102 in
2693 2049 3002 2118 exemplum
3036 2047 3224 2102 multis
3256 2049 3499 2117 ponitur,
3555 2050 3628 2104 ita
3678 2057 3738 2103 ut

2157 2140 2250 2194 alii
2285 2155 2529 2210 quoque,
2565 2149 2860 2211 conspecta
2893 2141 3014 2210 ejus
3044 2140 3372 2204 mutatione,
3428 2156 3580 2211 spem
3637 2156 3737 2196 su-

2155 2240 2308 2286 mant
2337 2233 2558 2296 bonam,
2587 2240 2642 2288 et
2671 2248 2700 2286 a
2733 2233 3014 2303 pejoribus
3053 2234 3122 2288 ad
3149 2233 3376 2288 meliora
3409 2248 3528 2288 sese
3551 2233 3739 2288 tradu-

2156 2331 2322 2378 cant:
2357 2341 2527 2395 quare
2560 2325 2657 2389 ait,
2683 2325 2928 2380 videbunt
2954 2325 3110 2380 multi
3143 2337 3194 2382 et
3231 2325 3508 2392 timebunt,
3543 2334 3592 2379 et
3623 2339 3739 2395 spe-

2157 2414 2353 2470 rabunt
2407 2419 2463 2471 in
2509 2417 2764 2472 Domino.
2810 2417 3082 2484 Quidnam
3118 2417 3419 2474 videbunt?
3467 2416 3733 2488 ldipsum,

2154 2507 2354 2579 inquit,
2379 2525 2488 2580 quo
2509 2519 2672 2580 pacto
2694 2512 2749 2564 in
2772 2510 3104 2581 profundum
3140 2513 3432 2574 malorum,
3459 2511 3514 2564 in
3553 2511 3731 2564 lacum

2153 2600 2386 2657 miserias
2415 2610 2471 2658 et
2497 2603 2553 2657 in
2588 2603 2763 2658 lutum
2806 2601 2955 2659 faecis
3000 2604 3287 2659 demersus
3329 2617 3453 2658 cum
3495 2600 3735 2666 fuerim,

2155 2690 2284 2748 inde
2315 2692 2408 2748 Dei
2438 2694 2612 2765 gratia
2636 2694 2890 2758 eductus,
2937 2711 3100 2765 super
3131 2705 3339 2766 petram
3368 2695 3613 2750 steterim
3632 2733 3646 2758 ,
3677 2701 3734 2748 et

2157 2800 2382 2856 gressus
2412 2787 2518 2842 mei
2545 2787 2740 2842 directi
2779 2787 3005 2852 iuerint,
3039 2803 3103 2844 ac
3138 2804 3281 2844 novo
3311 2789 3529 2843 cantico
3560 2787 3735 2842 dona-

2159 2887 2249 2935 tus
2279 2880 2405 2935 sim.
2433 2879 2531 2936 His
2562 2881 2894 2951 conspectis.
2925 2881 3126 2952 inquit.
3159 2881 3312 2935 multi
3343 2879 3594 2934 timorem
3618 2876 3737 2941 Dei,

2159 2971 2227 3027 de
2251 2987 2361 3042 quo
2389 2972 2597 3027 dictum
2629 2971 2968 3039 est,Initium
2991 2974 3267 3043 sapientia:
3293 2974 3455 3026 timor
3475 2970 3740 3035 Domini,‘

2161 3065 2454 3134 accipient,
2485 3066 2834 3138 similemque
2872 3068 2976 3123 sibi
3012 3083 3162 3138 spem
3192 3066 3491 3121 ascribent.

465 3156 546 3210 λοὶ
577 3156 900 3228 θεασάμενοι
956 3155 1120 3225 φόϐον
1149 3154 1307 3219 Θεοῦ,
1353 3153 1482 3225 περὶ
1514 3146 1574 3207 οὗ
1611 3151 1878 3217 λέλεκται,
1933 3153 2106 3224 Ἀρχὴ
2144 3159 2367 3228 σοφίας
2411 3161 2598 3230 φόϐος
2645 3161 2814 3226 Θεοῦ,
2858 3160 3239 3232 άναλήψονται,
3275 3159 3370 3212 καὶ
3416 3156 3515 3210 τὴν
3547 3153 3741 3227 ὁμοίαν

466 3250 677 3313 ἑαυτοῖς
705 3247 1111 3320 ὑπογράφουσιν
1138 3247 1352 3302 ἐλπίδα.

535 3341 841 3411 Μακάριος
865 3341 1043 3411 ἀνὴρ,
1073 3336 1145 3397 οὗ
1175 3341 1306 3395 ἐστι
1333 3340 1399 3395 τὸ
1422 3341 1610 3412 ὄνομα
1631 3341 1854 3409 Κυρίου
1881 3341 2051 3408 ἐλπὶς

2213 3337 2400 3393 Vitas.
2433 3337 2487 3392 5.
2520 3337 2717 3392 Beatus
2756 3337 2837 3391 vir
2870 3337 3022 3406 cujus
3051 3345 3129 3390 est
3157 3352 3343 3391 nomen
3374 3336 3590 3393 Domini
3623 3356 3740 3408 spes

464 3434 674 3499 αὐτοῦ,
709 3436 806 3488 καὶ
863 3437 975 3488 οὐκ
1018 3433 1352 3502 ἐπέϐλεψεν
1393 3436 1480 3500 εις
1513 3434 1914 3503 ματαιότητας
1951 3433 2050 3487 καὶ

462 3530 684 3598 μανίας
717 3527 982 3598 ψευδεῖς.
1000 3528 1059 3581 '0
1085 3526 1174 3580 διὰ
1214 3528 1410 3600 πείρας
1457 3524 1626 3580 ἐλθὼν
1654 3526 1754 3597 τῆς
1784 3525 1879 3579 τοῦ
1915 3525 2052 3579 Θεοῦ

469 3621 691 3694 χάριτος
723 3623 838 3685 τοῖς
876 3622 1013 3674 πᾶσι
1038 3619 1298 3690 κηρύττει
1329 3619 1428 3682 τὰς
1459 3621 1539 3682 εἰς
1567 3618 1730 3672 αὐτὸν
1755 3619 2054 3689 γενομένας

468 3715 807 3785 εὐεργεσίας,
842 3713 1104 3785 προφέρει
1134 3730 1194 3766 τε
1225 3712 1518 3783 καθολικὴν
1550 3712 1822 3780 ἀπόφασιν
1854 3713 1918 3764 ἐκ
1943 3711 2053 3765 τῶν

470 3807 600 3878 περὶ
650 3806 813 3860 αὐτὸν
847 3806 1190 3878 συμϐάντων,
1221 3805 1507 3869 διδάσκων,
1538 3805 1619 3858 ὅτι
1663 3806 1795 3857 πᾶσι
1827 3803 2054 3858 δυνατὸν

468 3896 774 3970 ἀνθρώποις
806 3897 915 3952 τῶν
964 3896 1166 3968 ὁμοίων
1215 3895 1364 3966 αὖτῷ
1408 3897 1616 3967 τυχεῖνε
1645 3895 1720 3948 Οὐ
1762 3893 1872 3966 γὰρ
1917 3891 2050 3962 ἐγὼ,

472 3992 626 4061 φησὶ,
653 3991 834 4056 μόνος,
858 3989 1115 4042 τοιούτων
1161 3987 1432 4053 ἀξιωθεὶς,
1468 3986 1586 4055 εἴην
1633 3985 1698 4039 ἂν
1747 3985 2011 4057 μακάριος
2035 4001 2048 4014 ·

472 4083 714 4137 ἔκκειται
739 4082 795 4136 δέ
824 4085 936 4146 τοῖς
960 4084 1126 4136 πᾶσιν
1154 4084 1187 4153 ἡ
1212 4080 1348 4152 αὑτὴ
1381 4079 1520 4143 ὁδὸς,
1554 4079 1648 4133 καὶ
1681 4079 1742 4132 οὐ
1782 4079 1893 4132 τισὶ
1933 4079 2050 4148 μὲν,

471 4175 662 4228 τισὶ·δέ
692 4173 773 4228 οὗ.
801 4176 916 4239 Πᾶς
953 4170 1046 4227 οὖν
1077 4175 1104 4227 6
1133 4173 1232 4244 τὴν
1269 4171 1458 4225 ἐλπίδα
1485 4169 1647 4223 αὐτοῦ
1674 4169 1766 4222 ἐπὶ
1793 4169 1884 4220 τὸν
1921 4167 2053 4221 Θεὸν

472 4268 751 4339 ἀναθήσεις
779 4267 879 4320 οὐκ
908 4267 1263 4319 ἀποπεσεῖται
1309 4261 1402 4316 τοῦ
1447 4259 1821 4333 μακαρισμοῦ,
1851 4253 1911 4312 οὗ
1960 4259 2054 4311 καὶ

473 4361 633 4424 αὐτὸς
661 4358 1022 4431 κατηξιώθην.
1055 4357 1371 4427 Ματαιότης
1403 4353 1458 4408 δὲ
1489 4354 1584 4408 καὶ
1613 4352 1800 4425 μανίαι
1840 4351 2054 4422 ψευδεῖς

473 4456 646 4508 πᾶσαι
671 4455 727 4508 ai.
760 4454 982 4524 περὶτὰ
1011 4451 1326 4524 πρόσκαιρα
1363 4448 1458 4501 καὶ
1494 4447 1696 4518 μάταια
1727 4445 2052 4516 τυγχάνουσι

475 4547 719 4601 σπουδαί⁹
745 4547 976 4619 ἐπείπερ
991 4546 1330 4612 Ματαιότης
1353 4539 1786 4613 ματαιοτήτων,
1819 4538 1892 4592 τὰ
1908 4537 2056 4590 πάν-

472 4657 547 4695 τα
591 4642 949 4711 ματαιότηςο
1001 4639 1096 4692 καὶ
1141 4636 1229 4690 διὰ
1275 4636 1384 4689 τῶν
1437 4632 1748 4705 ἔμπροσθεν
1795 4631 2011 4699 ἐλέγετο
2037 4647 2049 4660 ·

472 4733 648 4801 Πλὴν
689 4735 762 4786 τὰ
809 4732 1006 4786 πάντα
1040 4730 1386 4800 ματαιότης,
1419 4725 1536 4792 πᾶς
1563 4724 1871 4793 ἅνθρωπος
1903 4721 2014 4782 ζῶν
2035 4737 2048 4750 ·

473 4826 570 4880 καὶ
599 4824 760 4878 πάλιν
779 4842 792 4856 ·
814 4825 988 4892 Πλὴν
1007 4821 1209 4892 μάτην
1234 4818 1660 4888 ταράσσονται.
1685 4813 2052 4883 Θησαυριζςι,

473 4919 576 4974 καὶ
629 4923 702 4974 οὐ
753 4917 1030 4989 γινώσκει
1076 4916 1192 4969 τίνι
1239 4912 1493 4976 συνάξει
1528 4909 1732 4964 ταῦτα.
1770 4909 1966 4963 Μανίαι
1999 4908 2055 4960 δὲ

473 5012 690 5085 ψευδεῖς
721 5013 776 5065 αἱ
802 5012 880 5073 είς
912 5007 1068 5062 κενὸν
1099 5007 1194 5060 καὶ
1226 5007 1454 5078 μάταιον
1485 5002 1913 5072 σπουδαζόμεναι
1944 5003 2056 5063 τοῖς

477 5105 691 5169 πολλοῖς
719 5101 1237 5176 φροντίδες.’¹Ωσπερ
1287 5093 1380 5151 οὖν
1433 5095 1598 5167 μανία
1632 5091 1864 5165 σώφρων
1898 5094 1930 5163 ἠ
1961 5093 2053 5145 τοῦ

477 5201 740 5273 παρόντος
777 5197 890 5269 βίου
924 5193 1404 5259 κατεξανάστασις,
1431 5191 1496 5244 δι’
1528 5190 1595 5260 ἢν
1620 5187 1716 5240 καὶ
1760 5185 2054 5252 ἐξεστῶτες

475 5291 782 5363 ἐνομίζοντο
831 5289 944 5352 τοῖς
989 5284 1202 5347 πολλοῖς
1233 5283 1281 5335 οἱ
1313 5280 1406 5333 τοῦ
1440 5277 1576 5332 Θεοῦ
1617 5275 1910 5349 προφῆται.
1957 5273 2054 5326 Σε-

422 5372 424 5374 ⁷
480 5383 735 5456 μνύνεται
761 5380 805 5433 δ’
830 5379 924 5432 ἐπὶ
954 5380 1021 5449 τῇ
1049 5375 1276 5448 τοιαύτῃ
1300 5373 1555 5426 ἐκστάσει
1583 5369 1758 5438 λέγων
1779 5369 1806 5422 6
1827 5367 2050 5429 δίκαιος·

489 5475 633 5546 Ἐγὼ
667 5473 736 5527 δὲ
765 5469 904 5526 εἶπα
947 5472 1016 5524 ἐν
1061 5468 1135 5538 τῇ
1162 5466 1448 5521 ἐκστάσει
1475 5479 1630 5534 μου*
1667 5459 1794 5527 Πᾶς
1836 5458 2057 5526 ἅνθρω-

475 5584 588 5633 πος
615 5567 918 5635 ψεύστης·
951 5563 1043 5617 καὶ
1085 5564 1114 5615 6
1157 5558 1476 5618 Ἀπόστολος
1499 5556 1557 5608 δὲ
1587 5552 1745 5608 τοῦτο
1775 5548 2055 5613 πεπονθὼς

471 5660 682 5728 ἔλεγενο
719 5658 855 5712 Εἴτε
885 5656 992 5725 γὰρ
1026 5652 1356 5722 ἐξέστημεν
1380 5647 1522 5714 Θεῷ,
1551 5645 1670 5700 εἴτε
1700 5639 2047 5712 σωφρονοῦ-

471 5771 580 5818 μεν
612 5771 773 5822 υμιν.

2155 3431 2292 3501 ejus,
2323 3441 2373 3485 et
2401 3448 2505 3485 non
2544 3431 2772 3499 respexit
2805 3431 2862 3483 in
2904 3429 3166 3484 vanitates
3197 3441 3246 3483 et
3275 3430 3518 3484 insanias
3542 3433 3737 3501 falsas.

2155 3521 2260 3587 Qui
2298 3522 2498 3576 divina:
2534 3521 2727 3591 gratim
2751 3520 3187 3589 experimentum
3227 3521 3437 3586 habuit,
3480 3524 3584 3578 sibi
3625 3526 3740 3578 col-

2156 3615 2263 3668 lata
2296 3613 2560 3670 beneﬁcia
2603 3612 2862 3667 omnibus
2903 3611 3184 3681 praedicat,
3216 3621 3379 3682 atque
3406 3629 3470 3668 ex
3513 3613 3582 3669 iis
3615 3631 3740 3686 quae

2156 3708 2259 3763 sibi
2306 3706 2660 3777 contigerunt
2711 3703 3074 3759 universalem
3126 3704 3336 3773 profert
3386 3707 3736 3776 sententiam,

2154 3797 2358 3851 docens
2386 3811 2576 3850 omnes
2603 3793 2853 3848 homines
2885 3794 3035 3864 paria
3058 3809 3244 3848 secum
3275 3795 3521 3852 obtinere
3551 3813 3735 3868 posse.

2153 3888 2342 3959 Neque
2363 3887 2508 3943 enim
2533 3902 2634 3956 ego
2660 3887 2832 3950 solus,
2854 3887 2949 3950 ait,
2985 3887 3112 3941 talia
3142 3895 3360 3950 nactus,
3391 3889 3587 3947 beatus
3617 3893 3737 3949 fue-

2153 3982 2299 4045 rim;
2355 3979 2453 4036 sed
2488 3980 2746 4036 omnibus
2789 3995 2853 4035 ea
2890 3980 3008 4051 ipsa
3046 3980 3134 4033 via
3167 3989 3334 4050 patet,
3367 3998 3468 4038 nec
3509 3985 3740 4053 quibus-

2154 4071 2280 4127 dam
2316 4080 2504 4144 aperta
2533 4080 2640 4139 est,
2684 4072 2808 4127 aliis
2848 4086 2980 4126 vero
3010 4073 3258 4128 minime.
3302 4075 3568 4146 Quisquis
3606 4091 3738 4148 ergo

2155 4182 2307 4238 spem
2336 4167 2393 4220 in
2429 4164 2538 4221 Deo
2577 4163 2846 4237 reposuit,
2895 4180 2926 4218 a
2958 4166 3296 4222 beatitudine
3338 4168 3452 4234 illa,
3486 4185 3594 4239 qua
3637 4185 3739 4240 ego

2155 4262 2415 4330 dignatus
2449 4275 2595 4324 sum,
2631 4275 2740 4313 non
2778 4260 3014 4315 labetur.
3045 4259 3272 4316 Vanitas
3301 4270 3481 4315 autem
3507 4269 3562 4317 et
3591 4263 3738 4319 insa-

2155 4354 2260 4408 niae
2287 4353 2436 4407 falsae
2467 4359 2616 4416 sunt,
2654 4366 2846 4405 omnes
2887 4357 3370 4421 temporanearum
3400 4361 3454 4408 et
3503 4352 3736 4407 futilium

2156 4461 2339 4502 rerum
2393 4461 2558 4501 curae.
2622 4443 3076 4514 Quandoquidem
3139 4444 3345 4500 vanitas
3409 4447 3736 4509 vanitatum,

2157 4540 2337 4594 omnia
2366 4539 2573 4594 vanitas
2611 4538 2631 4568 ⁸
2663 4554 2678 4603 ;
2715 4552 2778 4591 ac
2810 4538 3064 4606 superius
3111 4537 3322 4591 dictum
3351 4549 3436 4592 est
3468 4553 3481 4588 :
3524 4538 3741 4593 Verum-

2159 4643 2334 4686 tamen
2373 4632 2616 4684 universa
2648 4630 2878 4693 vanitas,
2910 4629 3079 4683 omnis
3112 4628 3265 4681 homo
3301 4629 3504 4692 vivens;
3537 4637 3592 4684 et
3633 4629 3738 4684 ite-

2159 4741 2279 4780 rum
2312 4741 2324 4776 :
2357 4724 2729 4778 Verumtamen
2761 4739 2890 4776 vane
2929 4721 3333 4775 conturbantur.
3389 4719 3738 4774 Tliesaurizat

2156 4830 2206 4873 et
2236 4821 2445 4890 ignorat
2476 4817 2562 4870 cui
2593 4813 2930 4885 congregabit
2956 4830 3038 4868 ea.
3083 4812 3366 4868 Vanitates
3403 4811 3569 4879 falsae,
3607 4823 3737 4868 sunt

2159 4912 2327 4965 irritae
2360 4925 2424 4964 ac
2460 4910 2681 4964 inutiles
2719 4921 2750 4960 a
2785 4906 2971 4960 multis
3014 4911 3280 4973 suscepta:
3313 4903 3732 4959 sollicitudines.

2159 5001 2330 5070 Igitur
2367 4999 2582 5054 vanitas
2631 4997 2874 5068 prudens
2905 5002 2990 5049 est
3019 4993 3176 5063 quasi
3217 4987 3555 5048 renuntiatio
3599 5008 3737 5064 pra:—

2159 5093 2331 5149 sentis
2359 5094 2504 5156 vitas,
2545 5093 2616 5146 ob
2653 5105 2819 5162 quam
2863 5089 3145 5159 prophetae
3179 5085 3272 5142 Dei
3315 5086 3502 5140 multis
3541 5100 3734 5141 exces-

2159 5187 2302 5241 sisse
2328 5191 2509 5239 mente
2531 5183 2874 5238 videbantur.
2908 5181 2983 5237 De
3011 5181 3116 5234 hoc
3149 5185 3328 5233 autem
3354 5191 3587 5232 excessu
3617 5177 3733 5247 glo-

2157 5278 2333 5332 riatur
2384 5276 2570 5347 justus
2611 5275 2800 5330 dicens
2843 5292 2856 5328 :
2910 5272 3023 5344 Ego
3055 5281 3231 5326 autem
3269 5269 3386 5322 dixi
3430 5269 3487 5322 in
3518 5283 3733 5322 excessu

2156 5387 2292 5434 meo,
2324 5368 2495 5424 omnis
2525 5368 2681 5422 homo
2713 5364 2944 5420 mendax
2971 5366 3013 5420 ⁷.
3047 5361 3450 5433 Apostolusque
3492 5361 3732 5431 idipsmn

2157 5478 2356 5533 passus
2388 5461 2605 5516 dicebat
2645 5480 2658 5515 :
2695 5459 2814 5514 Sive
2845 5459 2986 5512 enim
3029 5465 3196 5510 mente
3237 5453 3566 5520 excedintus,
3596 5452 3732 5519 Deo,

2157 5555 2266 5610 sive
2294 5553 2458 5609 sobrii
2501 5569 2706 5618 sumus,
2739 5551 2882 5607 vobis
2913 5550 2956 5603 ⁸.

543 5873 565 5905 ⁸
601 5870 761 5927 Rom.
793 5885 913 5938 vni,
948 5867 1036 5922 55.
1115 5866 1137 5898 '
1174 5863 1320 5922 Psal.
1356 5876 1457 5930 cx,
1491 5858 1578 5915 il).
1657 5857 1677 5889 ⁸
1718 5853 1901 5912 Eccle.
1943 5849 2051 5923 με

2158 5849 2178 5884 τ
2217 5847 2363 5906 Psal.
2399 5861 2536 5914 ειν,
2578 5843 2664 5900 ll.
2744 5841 2765 5874 '
2803 5839 2845 5895 ll
2877 5837 3004 5897 Cor.
3041 5835 3231 5907 v,15.
