4138 6386
381 325 487 381 555

1062 324 1329 382 EUSEBII
1370 323 1847 382 CESARIENSIS
1882 325 2034 383 OPP.
2074 328 2254 386 PARS
2286 326 2373 388 Ill.
2407 363 2475 373 —
2511 328 2920 391 EXEGETICA.

3535 335 3639 391 356

457 441 623 496 Vens.
666 440 784 495 6-9.
816 439 990 494 Multa
1024 440 1193 509 fecisti
1238 451 1316 504 tu,
1364 440 1587 494 Domine
1625 439 1763 495 Deus
1786 458 1953 509 meus,

2129 447 2334 500 Πολλὰ
2361 448 2653 516 ἐποίησας
2682 449 2783 514 σὺ,
2810 449 2986 517 Κύριε
3011 454 3041 504 ό
3071 453 3215 517 Θεός
3238 468 3377 520 μου,
3403 452 3475 505 τὰ
3500 455 3642 507 θαυ-

381 534 653 588 mirabilia
711 543 821 585 tua.
882 532 986 599 Qui
1041 533 1246 585 variam
1299 533 1445 586 illam
1488 531 1582 587 Dei
1637 533 1958 603 sapientiam

382 628 498 682 sive
552 629 604 681 in
660 627 930 681 universis
992 625 1244 695 Opiﬁciis,
1305 624 1420 679 sive
1464 625 1519 679 in
1584 625 1855 695 singulis,
1903 626 1957 679 in

382 719 695 780 sensilibus,
732 727 786 772 et
816 721 870 772 in
929 719 995 773 iis
1025 733 1145 787 qua:
1200 725 1381 773 mente
1425 718 1805 789 percipiuntur
1841 718 1960 771 ani-

383 814 760 873 madverterit,
791 812 844 866 in
874 818 1153 880 stuporem
1195 812 1424 867 veniens
1454 811 1525 865 ob
1559 812 1830 882 ingentem
1864 810 1957 866 Dei

384 908 760 961 universorum
800 914 1145 975 potestatem,
1176 920 1311 959 sane
1345 905 1544 959 dixerit
1575 925 1586 958 :
1623 904 1794 958 Multa
1826 904 1957 973 feci-

378 1000 449 1053 sti
476 1005 551 1061 tu,
590 999 810 1051 Domine
848 997 983 1051 Deus
1016 1014 1182 1057 meus,
1219 996 1490 1050 mirabilia
1524 1007 1633 1050 tua.
1660 996 1767 1051 Sed
1796 998 1957 1051 etiam

379 1091 695 1159 ponderatis
748 1092 1077 1147 universalis
1134 1092 1279 1147 illius
1322 1092 1677 1162 providentiae
1732 1091 1961 1145 ratiOni-

379 1182 504 1245 bus,
540 1183 696 1252 queis
718 1184 901 1237 omnia
949 1184 1319 1247 administrat,
1371 1199 1493 1238 cum
1539 1183 1959 1253 deprehenderit

380 1276 961 1347 inromprehensibiles
997 1294 1093 1333 eas
1127 1293 1269 1335 esse.
1320 1280 1436 1333 haec
1477 1278 1695 1347 adjiciet
1732 1297 1743 1331 :
1773 1276 1842 1330 Et
1871 1294 1960 1330 co-

380 1368 722 1437 gitationibus
757 1372 859 1423 tuis
896 1386 999 1423 non
1041 1380 1117 1423 est
1157 1371 1247 1439 qui
1289 1370 1478 1423 similis
1513 1371 1581 1423 sit
1623 1368 1735 1422 tibi.
1770 1369 1958 1435 Qualis

380 1467 499 1513 erat
528 1461 574 1515 is
600 1461 690 1529 qui
724 1460 939 1514 dicebat
970 1480 982 1515 :
1015 1461 1058 1516 0
1094 1461 1320 1515 altitudo
1347 1462 1654 1515 divitiarum
1686 1463 1959 1531 sapientia:

378 1560 430 1604 et
456 1552 688 1605 scientia:
722 1551 816 1605 Dei
828 1554 847 1606 .'
888 1569 1045 1623 quam
1076 1553 1620 1621 incomprehensibilia
1653 1562 1775 1606 sunt
1808 1552 1960 1622 judi-

378 1646 462 1699 cia
491 1646 627 1714 ejus,
654 1654 702 1699 et
726 1645 1107 1717 investigabiles
1140 1648 1237 1700 uia:
1270 1646 1382 1715 ejus
1404 1647 1456 1699 ’l
1492 1644 1550 1699 In
1586 1646 1837 1715 praesenti
1871 1660 1962 1698 au-

376 1744 488 1790 tem
532 1736 702 1792 David
751 1752 849 1807 pro
898 1740 1302 1807 opportunitate
1350 1739 1448 1793 has
1496 1739 1722 1808 protulit
1760 1753 1956 1802 voces,

376 1842 501 1882 cum
525 1843 555 1882 e
587 1844 646 1882 re
680 1837 831 1898 gesta
855 1829 1190 1891 edidicisset,
1220 1845 1362 1883 novo
1382 1830 1618 1899 quodam
1648 1829 1830 1890 modo,
1858 1829 1959 1883 sci-

376 1919 505 1976 licet
544 1937 640 1991 per
682 1924 1091 1991 ohsequentiam
1124 1923 1327 1977 divinis
1376 1923 1587 1992 legibus
1632 1922 1956 1986 exhibitam,

378 2024 653 2069 servatum
683 2030 741 2069 se
771 2014 963 2068 fuisse.
990 2015 1202 2068 Atenim
1237 2030 1333 2083 per
1364 2013 1605 2084 Moysem
1636 2014 1762 2067 olim
1789 2012 1960 2067 sacri-

378 2106 501 2159 ﬁcia
532 2114 585 2160 et
612 2105 930 2160 holocausta
965 2120 1064 2175 pro
1103 2106 1343 2174 peccatis
1372 2105 1559 2160 offerri
1586 2104 1803 2173 jussum
1847 2102 1962 2158 fue~

378 2205 500 2260 rat;
537 2212 683 2249 nunc
730 2212 861 2250 vero
898 2212 1071 2249 novus
1103 2196 1341 2249 traditur
1372 2195 1568 2251 salutis
1611 2194 1808 2249 modus
1841 2196 1960 2249 sine

380 2286 668 2342 sacriﬁciis
692 2294 745 2341 et
770 2286 1128 2340 holocaustis.
1158 2284 1324 2339 Docet
1366 2300 1530 2354 porro
1556 2291 1811 2339 sexcenta
1838 2299 1962 2339 esse

381 2377 449 2431 ad
473 2377 703 2432 salutem
730 2376 990 2443 remedia,
1023 2391 1143 2445 qua:
1162 2375 1252 2429 Dei
1270 2376 1443 2445 gratia
1479 2374 1792 2428 hominibus
1818 2374 1961 2428 elar-

375 2468 486 2539 gita
520 2476 621 2523 est.
656 2466 843 2537 Neque
894 2484 994 2537 pro
1019 2467 1281 2538 dignitate
1315 2467 1390 2521 rei
1422 2465 1552 2532 dici,
1582 2481 1759 2535 neque
1781 2473 1962 2520 mente

376 2563 591 2632 concipi
619 2570 796 2631 potest
821 2561 1113 2613 multitudo
1142 2559 1533 2629 cogitationum
1564 2557 1679 2612 Dei.
1709 2556 1961 2629 Symmaa

376 2654 517 2708 chus
572 2670 750 2709 vero:
793 2652 1097 2718 Permulta,
1152 2652 1351 2721 inquit,
1404 2651 1573 2720 fecisti
1628 2661 1704 2716 tu,
1742 2650 1961 2703 Domine

380 2744 522 2798 Deus
561 2760 727 2808 meus,
764 2742 1007 2812 prodigia
1058 2756 1172 2804 tua,
1218 2751 1267 2794 et
1315 2741 1656 2811 cogitationes
1703 2749 1823 2793 tuas
1866 2754 1960 2805 pro

378 2836 532 2891 nobis
565 2852 668 2889 non
702 2835 949 2904 possibile
977 2843 1053 2887 est
1075 2849 1329 2903 exponere
1355 2847 1509 2900 super
1537 2842 1602 2886 te.
1635 2829 1838 2885 Deinde
1862 2846 1962 2900 pro

378 2932 495 2993 illo,
527 2928 854 2982 Annuntiavi
883 2937 933 2981 et
961 2927 1165 2981 locutus
1191 2942 1332 2990 sum,
1357 2925 1697 2993 multiplicati
1725 2932 1848 2977 sunt
1869 2940 1965 2977 su-

378 3038 471 3090 per
500 3037 752 3084 arenam;
782 3036 1003 3077 rursum
1035 3019 1395 3090 Symmachus
1420 3018 1522 3071 hac
1552 3019 1763 3073 ratione
1796 3019 1963 3073 inter-

384 3120 628 3184 pretatus
662 3119 767 3175 est,
803 3110 862 3166 Si
903 3111 1224 3164 annuntians
1268 3110 1597 3174 annuntiem,
1630 3108 1803 3176 plures
1838 3116 1962 3160 sunt

380 3220 541 3277 quam
573 3212 629 3255 ut
651 3201 895 3255 enarrari
923 3200 1143 3269 possint.
1178 3199 1333 3263 Nam,
1359 3214 1423 3252 ex
1452 3208 1621 3268 parte,
1654 3200 1851 3268 inquit,
1877 3216 1964 3251 co-

382 3287 708 3359 gnoscimus,
736 3294 784 3337 et
813 3299 878 3338 ea:
913 3293 1064 3353 parte
1091 3283 1464 3351 prophetamus
1502 3284 1566 3336 ¹⁰.
1600 3282 1794 3338 Omnia
1831 3298 1966 3339 sane

383 3381 657 3436 mirabilia
688 3387 780 3432 tua
813 3377 1237 3432 innumerabilia
1282 3386 1336 3431 et
1379 3376 1964 3447 incomprehensibilia

384 3483 515 3532 sunt
548 3493 561 3528 :
589 3480 829 3526 attamen
875 3472 930 3524 in
984 3469 1054 3523 iis
1087 3484 1208 3539 quae
1252 3483 1447 3538 capere
1488 3469 1647 3522 licuit
1683 3470 1735 3523 id
1768 3469 1964 3537 depre‘

384 3565 573 3630 hendi,
606 3575 657 3620 te
680 3565 889 3619 scilicet
919 3563 974 3617 in
1007 3562 1261 3631 praesenti
1292 3570 1538 3631 tempore
1574 3576 1604 3614 a
1640 3560 1826 3632 Moyse
1852 3568 1966 3614 tra.

384 3662 501 3715 dita
540 3658 813 3715 sacriﬁcia
859 3665 914 3711 et
963 3657 1268 3710 oblationes
1317 3657 1592 3721 noluisse,
1641 3656 1735 3710 sed
1776 3669 1966 3710 eorum

386 3752 509 3806 loco
538 3766 698 3805 aures
730 3763 881 3803 meas
914 3754 967 3801 et
995 3746 1409 3817 obsequentiam
1440 3746 1673 3815 eloquiis
1708 3745 1816 3800 tuis
1847 3759 1966 3813 per-

385 3843 585 3899 fecisse
612 3860 626 3908 ;
655 3857 717 3896 ac
764 3857 864 3912 pro
897 3839 1258 3903 holocaustis,
1292 3847 1346 3895 et
1384 3837 1672 3893 sacriliciis
1707 3851 1804 3906 pro
1834 3851 1965 3905 pec-

389 3945 536 4003 cato,
566 3933 948 4002 memetipsum
975 3930 1149 3984 obtuli
1192 3929 1308 3983 tibi.
1342 3929 1525 3995 Quare
1558 3927 1633 3981 ait
1669 3946 1682 3981 :
1718 3925 1853 3979 Ecce
1882 3942 1966 3979 ve-

389 4030 477 4082 nio
520 4042 550 4080 a
585 4034 639 4080 te
667 4032 929 4086 vocatus,
979 4030 1143 4092 atque
1200 4021 1611 4092 promptissime
1642 4019 1962 4074 obsecutus.

387 4118 563 4174 Venio
632 4124 813 4170 autem
876 4113 1181 4170 festinando
1255 4121 1315 4168 ut
1381 4113 1581 4166 faciam
1628 4112 1964 4165 voluntatem

388 4222 577 4265 tuam:
610 4208 713 4262 hoc
743 4207 888 4262 enim
935 4221 1036 4277 pro
1076 4207 1224 4260 omni
1270 4207 1491 4260 victima
1528 4205 1834 4260 holocausli
1870 4219 1964 4258 ac-

385 4311 675 4373 cepturum
710 4308 761 4353 te
781 4314 1102 4369 persuasum
1132 4299 1325 4352 habeo.
1359 4296 1473 4352 Hoc
1509 4311 1694 4367 porro,
1718 4297 1773 4349 in
1796 4296 1966 4364 capite

387 4396 512 4449 libri
544 4395 796 4460 scriptum
829 4402 906 4444 est
960 4396 1023 4443 de
1068 4406 1169 4451 me.
1203 4390 1356 4459 quid,
1403 4390 1619 4452 amabo,
1656 4389 1804 4442 aliud
1856 4396 1961 4452 est,

2055 538 2245 608 μάσιά
2274 557 2407 595 σου.
2427 542 2485 595 Ὀ
2506 542 2603 614 τὴν
2639 544 3015 597 πολυποίκιλον
3040 545 3133 600 τοῦ
3168 545 3301 599 Θεοῦ
3332 548 3523 616 σοφίαι
3546 564 3642 600 κα-

2059 630 2396 702 τανενοηκὼς
2426 632 2481 685 ἕν
2515 652 2572 686 τε
2607 637 2717 697 τοῖς
2738 634 2964 689 καθόλου
2987 637 3248 706 κτίσμασι
3284 642 3377 690 καὶ
3411 642 3520 702 τοῖς
3538 657 3639 692 κα-

2058 724 2127 776 τὰ
2158 722 2338 794 μέρος,
2369 724 2481 786 τοῖς
2530 741 2588 776 τε
2640 724 2913 795 αἰσθητοῖς
2965 727 3057 779 καὶ
3090 730 3200 790 τοῖς
3239 728 3378 781 κατὰ
3404 729 3641 783 διάνοιαν

2062 812 2470 883 θεωρουμένοις,
2508 817 2586 878 είς
2621 815 2879 886 ἔκπληξιν
2911 817 3078 871 ἐλθὼν
3109 821 3205 889 τῆς
3229 822 3642 891 ὑπερμεγέθους

2058 904 2334 973 δυνάμεως
2390 905 2482 958 τοῦ
2535 905 2644 958 τῶν
2697 906 2831 959 ὅλων
2879 906 3034 971 Θεοῦ,
3084 910 3225 963 εἴποι
3278 911 3373 964 ἄν·
3432 913 3642 966 Πολλὰ

2059 997 2351 1064 ἐποίησας
2400 999 2502 1062 σὺ,
2534 1001 2713 1066 Κύριε
2757 1004 2789 1052 ό
2842 1001 2983 1066 Θεός
3026 1020 3167 1070 μου,
3217 1003 3289 1055 τὰ
3339 998 3641 1072 θαυμάσιά

2060 1105 2196 1143 σου.
2217 1090 2375 1145 Ἀλλὰ
2428 1092 2521 1145 καὶ
2574 1098 2697 1158 τοὺς
2748 1095 2939 1163 λόγους
2989 1094 3248 1158 ἐξετάσας
3280 1096 3379 1166 τῆς
3410 1096 3638 1149 καθόλου

2062 1184 2335 1253 προνοίας,
2365 1184 2486 1237 καθ’
2511 1185 2602 1248 οὒς
2634 1188 2700 1239 τὰ
2733 1187 3019 1258 σύμπαντα
3048 1187 3254 1251 διοικεῖ,
3278 1188 3514 1241 κᾶπειτα
3550 1190 3641 1241 εὑ-

2065 1277 2169 1349 ρὼν
2207 1276 2402 1340 αὐτοὺς
2447 1278 2884 1349 ἀκᾶταλήπτους,
2934 1280 3229 1350 προσθήσει
3280 1280 3485 1348 λέγων·
3527 1283 3637 1336 Καὶ

2059 1368 2184 1435 τοῖς
2220 1369 2629 1439 διαλογισμοῖς
2656 1388 2770 1425 σου
2803 1374 2914 1441 οὐκ
2940 1373 3071 1425 ἔστι
3094 1374 3183 1437 τίς
3212 1369 3644 1440 ὁμοιωθήσεταί

2060 1477 2176 1514 σοι.
2214 1458 2337 1524 Οἷος
2362 1458 2429 1532 ἦν
2460 1463 2487 1515 ὁ
2520 1463 2696 1531 λέγων
2716 1481 2727 1493 ⁸
2758 1465 2819 1516 Ὢ
2848 1462 3080 1530 ,ϐάθους
3114 1466 3382 1519 πλούτου
3408 1466 3505 1519 καὶ
3536 1482 3640 1519 σο-

2061 1555 2221 1622 φίας,
2262 1555 2357 1607 καὶ
2397 1556 2671 1622 γνώσεως
2720 1554 2905 1608 Θεοῦ]
2953 1556 3032 1620 ὠς
3082 1554 3519 1622 ἀνεξερεύνητα
3569 1556 3641 1607 τὰ

2061 1643 2313 1714 κρίματα
2342 1646 2546 1709 αὑτοῦ,
2574 1647 2669 1699 καὶ
2703 1646 3151 1714 ἀνεξιχνίαστοι
3182 1650 3241 1701 αὶ
3266 1648 3390 1701 ὁδοὶ
3415 1646 3602 1701 αὑτοῦ
3621 1644 3646 1699 ,⁷

2074 1737 2160 1789 Ἐν
2193 1737 2247 1790 δὲ
2276 1740 2385 1800 τοῖς
2416 1736 2794 1807 προκειμένοις
2822 1740 2848 1790 ό
2877 1736 3036 1790 Δαυῖδ
3067 1738 3206 1791 κατὰ
3229 1739 3415 1809 καιρὸν
3439 1738 3640 1802 ταύτας

2062 1831 2437 1902 προηνέγκατο
2470 1830 2567 1894 τὰς
2598 1831 2799 1900 φωνὰς,
2834 1831 2978 1902 ἔργῳ
3005 1830 3209 1901 μαθὼν,
3238 1831 3313 1894 ὡς
3348 1830 3517 1901 καινῷ
3538 1850 3641 1884 τινι

2057 1924 2243 1995 τρόπῳ
2278 1923 2545 1976 σέσωσται
2577 1923 2653 1993 τῷ
2686 1923 2751 1975 δι’
2777 1923 3024 1992 ὑπακοῆς
3071 1922 3178 1976 τῶν
3227 1924 3387 1982 θείων
3419 1923 3635 1992 λογίων.

2059 2017 2229 2071 Πάλαι
2279 2018 2376 2087 μὲν
2422 2017 2530 2088 γὰρ
2570 2018 2657 2071 διὰ
2696 2018 2976 2081 Μωῦσέως
3010 2019 3188 2073 θυσίαι
3219 2019 3314 2071 κοιλ⁴
3360 2019 3641 2072 ὁλὸκαυτοι

2059 2109 2328 2181 ἀναφοραὶ
2357 2110 2780 2181 προσετάττοντο
2825 2110 2965 2181 ὑπὲρ
3019 2110 3300 2181 ἁμαρτιῶν
3336 2110 3645 2181 προσφέρεσε

2063 2200 2215 2254 σθαι-
2250 2200 2367 2253 νυνὶ
2394 2201 2450 2254 δὲ
2472 2201 2656 2264 καινὸς
2690 2202 3038 2271 παραδίδοται
3072 2202 3271 2273 τρόπος
3305 2201 3641 2272 σωτηρίας,ό

2059 2293 2179 2363 δίχα
2205 2293 2401 2345 θυσιῶν
2434 2293 2527 2345 καὶ
2560 2293 3049 2364 ὁλοκαυτωμάτων.
3077 2292 3325 2345 Διδάσκει
3349 2293 3405 2345 δὲ
3439 2292 3532 2345 καὶ
3566 2279 3645 2356 ὡς

2061 2384 2175 2437 ἔστι
2204 2383 2371 2456 μυρία
2397 2384 2670 2454 σωτηρίας
2694 2383 2981 2454 φάρμακα,
3016 2383 3158 2454 ἆπερ
3188 2384 3220 2453 ἡ
3250 2382 3342 2435 τοῦ
3375 2381 3508 2434 Θεοῦ
3539 2380 3639 2450 χά-

2069 2490 2149 2544 ρις
2170 2476 2280 2537 τοῖς
2299 2472 2606 2543 ἀνθρώποις
2633 2472 2963 2544 ἐδωρήσατο.
2983 2472 3095 2524 Ούκ
3121 2471 3235 2523 ἔστι
3262 2487 3321 2522 τε
3343 2468 3460 2521 κατ’
3486 2467 3644 2531 ἀξίαν

2066 2568 2260 2628 εἰπεῖν,
2291 2566 2411 2618 οὐδὲ
2457 2564 2662 2635 διανοίᾳ
2706 2563 3016 2635 περιλαϐεῖν
3040 2561 3147 2615 τῶν
3175 2560 3268 2615 τοῦ
3302 2558 3437 2613 Θεοῦ
3469 2557 3647 2611 διαλον

2064 2657 2279 2729 γισμῶν
2304 2658 2364 2710 τὸ
2392 2657 2612 2727 πλῆθος.
2633 2657 2689 2709 '0
2726 2657 2782 2709 δὲ
2813 2654 3129 2725 Σύμμαχος,
3163 2653 3516 2723 Πάμπολλα,
3536 2668 3643 2720 φη·-

2065 2750 2169 2812 σ“ιν,
2199 2749 2493 2815 ἐποίησας
2525 2747 2626 2811 σὺ,
2654 2747 2829 2815 Κύριε
2858 2748 2890 2798 ό
2924 2746 3069 2809 Θεός
3086 2762 3227 2813 μου,
3262 2742 3334 2795 τὰ
3362 2738 3644 2809 τεράστιά

2063 2857 2200 2904 σου,
2233 2841 2330 2893 καὶ
2361 2841 2503 2905 τοὺς
2531 2838 2959 2906 διαλογισμούς
2984 2852 3100 2890 σου
3128 2835 3271 2900 τοὺς
3296 2834 3448 2902 ὑπὲρ
3475 2831 3648 2901 ἡμῶν

2063 2934 2173 2986 οὐκ
2192 2932 2363 2985 ἔστιν
2389 2931 2667 2985 ἐκθέσθαι
2692 2930 2791 2982 ἐπὶ
2815 2929 2950 2983 σοῦ.
2977 2925 3109 2981 Εἶτα
3133 2928 3253 2980 ἀντὶ
3275 2923 3369 2978 τοῦ
3391 2941 3404 2954 ο
3439 2923 3638 2991 Ἀπήτ-

2064 3025 2233 3093 reda
2269 3021 2366 3076 καὶ
2397 3020 2693 3087 ἐλάλησα,
2724 3019 3200 3085 ἐπληθύνθησαν
3238 3013 3392 3081 ὑπὲρ
3424 3012 3645 3081 ἅμμον,

2068 3114 2229 3167 πάλιν
2269 3116 2297 3167 ὁ
2350 3112 2643 3183 Σύμμαχος
2695 3110 2882 3163 τοῦτον
2924 3110 3235 3181 ἡρμήνευσε
3281 3108 3370 3160 τὸν
3410 3107 3641 3177 τρόπον’

2082 3207 2212 3260 Ἐὰν
2228 3204 2624 3275 ἀπαγγέλλων
2650 3200 3050 3273 καταγγέλλω,
3069 3200 3251 3253 πλείω
3286 3198 3418 3252 ἐστὶ
3438 3197 3543 3250 τοῦ
3560 3196 3649 3249 δια

2065 3296 2381 3366 ηγηθῆναι.
2423 3297 2517 3348 Ἐκ
2539 3293 2760 3364 μέρους
2803 3291 2919 3361 μὲν
2959 3292 3090 3360 γὰρ,
3142 3289 3295 3360 φησὶ.
3356 3286 3645 3356 γινώσκο-

2061 3405 2195 3457 μεν,
2250 3387 2350 3440 καὶ
2393 3387 2462 3440 ἐκ
2502 3385 2725 3455 μέρους
2763 3384 3231 3451 προφητεύομεν.
3290 3380 3370 3432 Τά
3416 3395 3480 3446 γε
3520 3377 3647 3447 μὴν

2067 3482 2244 3534 πάντα
2267 3478 2612 3551 ἁναρίθμητα
2638 3477 2729 3529 καὶ
2762 3474 3121 3545 ἀκατάληπτα
3154 3470 3412 3542 τυγχάνει
3434 3470 3500 3522 τὰ
3524 3468 3649 3521 θαυ-

2071 3574 2241 3645 μάσιά
2270 3590 2362 3625 σου
2385 3589 2398 3602 ·
2434 3571 2573 3642 πλὴν
2621 3572 2681 3623 ἐν
2728 3566 2807 3633 οἷς
2838 3565 3131 3621 κατέλαϐον
3164 3566 3258 3617 καὶ
3287 3561 3432 3615 τοῦθ’
3465 3555 3644 3631 εὗρον,

2065 3665 2147 3717 ὅτι
2198 3663 2339 3717 κατὰ
2365 3663 2457 3716 τὸν
2508 3662 2748 3733 παρόντα
2778 3660 2965 3730 καιρὸν
2992 3658 3091 3721 τὰς
3121 3656 3272 3727 παρὰ
3300 3657 3525 3710 Μωῦσεί
3554 3653 3651 3706 θυ-

2068 3758 2190 3820 σίας
2223 3757 2316 3810 καὶ
2349 3754 2667 3826 προσφορὰς
2707 3756 2805 3806 οὐκ
2849 3752 3149 3823 ἠθέλησας·
3186 3749 3305 3802 ἀντὶ
3348 3748 3392 3800 δ’
3420 3747 3645 3799 ἐκείνων

2066 3849 2135 3903 τὰ
2156 3844 2269 3903 ὦτά
2296 3865 2395 3919 μου
2423 3849 2515 3901 καὶ
2542 3847 2639 3918 τὴν
2671 3846 2915 3915 ὑπακοὴν
2939 3843 3047 3896 τῶν
3077 3842 3183 3895 σῶν
3215 3841 3409 3908 λογίων
3438 3855 3647 3909 κατηρε

2065 3944 2201 3995 τίσω
2220 3959 2232 3971 ⁸
2270 3943 2364 3993 καὶ
2392 3942 2513 3995 ἀντὶ
2537 3938 3001 4006 ὁλοκαυτωμάτων
3040 3934 3133 3988 καὶ
3165 3932 3273 3985 τῶν
3302 3931 3429 4003 περὶ
3464 3932 3648 4001 ἁμαρ-

2066 4035 2186 4098 τίας
2220 4034 2420 4087 θυσιῶν
2452 4033 2611 4095 αὐτὸς
2646 4030 2881 4103 ἐμαυτὸν
2914 4026 3260 4100 προσήγαγόν
3292 4042 3393 4077 σοι.
3425 4024 3516 4075 Διό
3540 4040 3646 4093 φη-

2069 4143 2184 4179 σιν·
2231 4124 2373 4179 Ἰδοὺ
2423 4125 2546 4189 ἥκω
2591 4122 2810 4192 κληθεὶς
2840 4122 2943 4173 ὑπὸ
2978 4119 3091 4183 σοῦ,
3124 4119 3217 4171 καὶ
3260 4116 3648 4189 προθυμότατα

2068 4213 2569 4275 ύπακούσας.’Ήκω
2600 4212 2657 4264 δὲ
2688 4211 2927 4274 σπεύσας
2961 4208 3054 4262 τοῦ
3090 4209 3311 4278 ποιῆσαι
3342 4208 3403 4260 τὸ
3437 4206 3650 4277 θέλημά

2070 4320 2196 4356 σουο
2228 4301 2384 4355 τοῦτο
2435 4301 2544 4373 γὰρ
2588 4301 2707 4354 ἀντὶ
2756 4300 2937 4369 πάσης
2978 4298 3272 4351 όλοκαύτου
3319 4296 3509 4358 θυσίας
3545 4296 3649 4347 πέ⁴

2069 4395 2300 4465 πεισμαί
2344 4410 2404 4446 σε
2442 4391 2818 4463 ἀποδέχεσθαι.
2856 4392 2962 4444 Καὶ
2996 4391 3152 4443 τοῦτο
3190 4389 3246 4441 δὲ
3278 4390 3348 4443 ἐν
3373 4386 3650 4457 κεφαλίδι

385 4502 552 4559 quam
580 4485 973 4556 praetereundam
1005 4499 1128 4538 esse
1157 4483 1500 4537 voluntatem
1560 4488 1709 4534 tuam
1751 4479 1962 4534 sacriﬁ-

2066 4488 2308 4552 βιϐλίου
2339 4484 2657 4555 γέγραπται
2688 4483 2821 4552 περὶ
2853 4482 2999 4551 ἐμοῦ
3020 4499 3033 4511 ⁸
3076 4482 3236 4535 τοῦτο
3259 4482 3314 4533 δὲ
3347 4482 3498 4533 ποῖον
3523 4479 3554 4549 ἢ
3589 4478 3654 4530 τὸ

387 4583 491 4636 ciis
522 4588 577 4634 et
611 4577 989 4632 holocaustis?
1036 4584 1090 4631 et
1136 4577 1307 4645 legem
1354 4583 1506 4628 tuam
1558 4572 1960 4643 exsequendam

385 4687 507 4727 esse
549 4686 659 4724 non
699 4670 997 4724 secundum
1037 4668 1257 4722 obviam
1296 4667 1605 4727 lectionem,
1639 4680 1816 4734 neque
1850 4664 1967 4733 pari

387 4766 601 4820 ratione
628 4772 791 4832 atque
822 4762 1129 4830 complures
1161 4758 1292 4829 legis
1320 4758 1519 4829 Moysis
1545 4758 1965 4822 observatores;

391 4859 487 4915 sed
520 4860 576 4911 in
603 4858 772 4912 medio
802 4857 994 4911 ventris
1018 4836 1152 4916 mei;
1184 4862 1279 4907 aut
1312 4864 1371 4908 ut
1410 4852 1795 4923 Symmachus,
1830 4868 1959 4904 con-

390 4952 560 5021 cupiui
594 4951 755 5021 legem
782 4959 931 5003 tuam
958 4950 1011 5000 in
1047 4945 1217 4999 medio
1244 4946 1498 4998 viscerum
1532 4960 1787 4998 meorum.
1825 4941 1961 4996 Nam

393 5043 440 5097 si
474 5044 567 5112 qui
619 5044 816 5096 anima:
847 5048 1036 5094 venter
1079 5047 1187 5103 est,
1223 5039 1431 5106 tropice
1483 5037 1564 5091 sic
1610 5047 1859 5097 vocatus,
1898 5035 1964 5087 de

392 5151 502 5206 quo
536 5137 591 5190 in
620 5134 928 5205 Evangeliis
968 5132 1176 5186 dictum
1224 5137 1309 5183 est
1354 5149 1367 5184 :
1407 5126 1663 5182 Flumina
1697 5128 1760 5180 de
1793 5135 1967 5181 ventre

392 5230 505 5297 ejus
539 5229 701 5297 ﬂuent
727 5242 878 5296 aqua:
904 5226 1050 5289 vivae,
1076 5223 1314 5278 salientis
1338 5223 1390 5274 in
1423 5222 1587 5275 vitam
1613 5230 1867 5275 wternam
1891 5220 1969 5282 “;

396 5322 451 5375 in
484 5321 587 5374 hoc
624 5318 930 5381 recondito,
963 5318 1162 5387 inquit.
1195 5331 1259 5370 ac
1297 5322 1509 5370 secreto
1547 5315 1743 5368 animae
1780 5327 1968 5382 prom-

394 5413 608 5483 ptuario
634 5411 805 5480 legem
845 5418 994 5464 tuam
1034 5410 1332 5464 observare
1362 5407 1529 5471 volui,
1571 5416 1731 5475 atque
1769 5418 1973 5474 prace-

394 5512 485 5577 pta
516 5504 582 5557 de
614 5502 899 5556 sacriﬁciis
927 5511 980 5555 et
1023 5500 1363 5555 holocaustis
1406 5498 1678 5567 spirituali
1714 5510 1865 5550 more
1905 5509 1970 5548 ac

396 5594 698 5652 secundum
754 5599 992 5647 mentem
1042 5592 1375 5662 persolvere.
1423 5589 1551 5644 Haec
1606 5589 1807 5659 quippe
1864 5586 1965 5639 tibi

464 5752 485 5783 ⁹
526 5748 684 5803 Rom.
719 5764 795 5815 ιι,
831 5748 919 5803 55.
1002 5749 1042 5779 ¹⁰
1084 5748 1101 5801 l
1139 5748 1264 5803 Cor.
1300 5762 1418 5812 xm,
1454 5746 1508 5801 9.

2073 4579 2408 4650 προτιμῆσαι
2443 4577 2504 4629 τὸ
2536 4576 2746 4646 θέλημά
2790 4592 2883 4627 σου
2916 4574 3117 4627 θυσιῶν
3142 4575 3233 4626 καὶ
3268 4572 3653 4640 ὁλοκαυτωμά-

2072 4689 2178 4723 των
2203 4686 2216 4735 ;
2250 4671 2342 4722 καὶ
2369 4669 2429 4720 τὸ
2459 4669 2680 4738 ποιῆσαι
2715 4666 2805 4720 τὸν
2836 4667 2997 4736 νόμον
3027 4682 3119 4717 σου
3150 4666 3209 4716 οὺ
3236 4663 3377 4717 κατὰ
3401 4662 3496 4732 τὴν
3519 4660 3651 4731 πρό-

2073 4780 2252 4834 χειρον
2285 4761 2449 4827 λέξιν,
2475 4760 2593 4814 οὐδὲ
2613 4760 2813 4830 ὁμοίως
2841 4761 2953 4820 τοῖς
2981 4756 3193 4819 πολλοῖς
3221 4756 3287 4808 τὰ
3316 4752 3464 4826 παρὰ
3484 4755 3652 4807 Μωῦ-

2075 4860 2158 4909 σεῖ
2203 4854 2629 4927 παρηγγελμένα
2659 4853 3059 4921 φυλάττονταςο
3113 4850 3181 4902 ἐν
3224 4847 3392 4917 μέσῳ
3432 4846 3500 4899 δὲ
3544 4844 3654 4912 τῆς

2073 4947 2304 5011 κοιλίας
2337 4963 2455 5014 μου
2474 4963 2486 4975 ·
2517 4944 2549 5014 ἦ
2586 4943 2725 4996 κατὰ
2752 4945 2840 4994 τὸν
2873 4941 3198 5011 Σύμμαχον⁹
3225 4936 3659 5007 Προεθυμήθην

2076 5037 2182 5090 τὸν
2208 5037 2396 5104 νόμον
2427 5051 2540 5088 σου
2570 5034 2816 5087 ἔνδοθεν
2842 5031 2959 5085 τῶν
2994 5030 3259 5101 ἑγκάτων
3279 5048 3418 5099 μου.
3449 5028 3513 5080 Εἰ
3547 5028 3656 5097 γάρ

2077 5130 2159 5191 τίς
2190 5131 2306 5181 ὲστι
2333 5128 2509 5182 κοιλία
2531 5128 2726 5197 ψυχῆς,
2756 5124 3031 5197 τροπικῶς
3060 5124 3229 5187 οὕτως
3256 5121 3655 5193 ὀνομαζομένη,

2079 5220 2206 5291 περὶ
2242 5215 2308 5291 ἦς
2350 5223 2406 5273 ὲν
2446 5218 2796 5286 Εύαγγελίοις
2841 5216 3115 5269 λέλεκται·
3147 5215 3405 5283 Ποταμοὶ
3440 5214 3510 5265 ἐκ
3545 5209 3657 5278 τῆς

2079 5312 2312 5377 κοιλίας
2353 5309 2539 5363 αὐτοῦ
2574 5311 2909 5377 ῥεύσουσιν
2939 5307 3158 5372 ὓδατος
3196 5305 3429 5370 ζῶντος,
3474 5304 3657 5356 ἀλλο-

2074 5402 2263 5471 μένου
2305 5406 2391 5468 εὶς
2430 5401 2582 5469 ζωὴν
2623 5402 2890 5455 αἰώνιον·
2924 5403 2983 5453 ἐν
3013 5399 3187 5469 τούτῳ
3234 5398 3312 5468 τῷ
3360 5396 3659 5467 ἀπορρήτῳ

2079 5494 2174 5548 καὶ
2200 5494 2504 5567 ἀποκρύφῳ
2536 5495 2635 5564 τῆς
2662 5492 2837 5563 ψυχῆς
2861 5493 3073 5562 ταμείῳ
3102 5491 3193 5545 τὸν
3223 5490 3383 5560 νόμον
3414 5503 3530 5549 σου,
3554 5501 3655 5553 φη·

2079 5586 2181 5649 σὶν,
2220 5584 2513 5657 ὲόουλήθην
2550 5585 2791 5656 ποιῆσαι,
2819 5585 2912 5638 καὶ
2963 5584 3091 5656 περὶ
3140 5581 3340 5637 θυσιῶν
3392 5579 3484 5634 καὶ
3533 5576 3658 5631 ὀλυ-

1591 5746 1627 5775 ⁹ν¹
1670 5744 1829 5798 Joan.
1864 5740 2071 5807 “1,58.
