4138 6386
418 418 524 473 357

1557 406 2061 477 COMMENTARIA
2099 410 2165 465 IN
2216 411 2557 468 PSALMOS.

3587 416 3693 475 558

419 528 794 600 καυτωμάτων
814 527 1035 593 ὲντολάς
1061 526 1445 599 πνευματικῶς
1474 528 1569 580 καὶ
1596 527 1738 581 κατά
1761 527 1999 582 διάνοιαν

2115 530 2371 600 perchara
2406 547 2528 587 esse
2566 530 2715 593 novi,
2749 546 2813 585 ac
2836 522 3009 586 multo
3042 524 3422 602 praestantiora
3458 532 3549 599 iis,
3577 549 3701 604 qua

418 619 748 674 ἐπιτελέσαι.
785 619 970 673 Ταῦτα
1012 618 1121 690 γὰρ
1162 618 1333 687 ἔγνων
1390 635 1473 672 σοι
1523 617 1673 688 φίλα,
1703 620 1797 672 καὶ
1831 619 2015 691 πολλῷ

418 713 824 786 κρείττονατῶν
862 711 1189 783 σωματικῶς
1233 710 1505 773 Ἰουδαίοις
1536 711 2010 783 παραδεδομένων.

483 803 986 875 Εὐηγηελισάμην
1014 802 1411 870 δικαιοσύνην
1448 802 1518 855 ἐν
1560 804 1888 871 Ἐκκλησία
1905 820 2013 872 με-

416 896 595 968 γάλῃ,
630 897 761 951 ἰδοὺ
793 899 865 950 τὰ
890 897 1065 966 χείλη
1094 914 1213 967 μου
1247 898 1317 949 οὐ
1355 894 1441 965 μὴ
1481 898 1734 950 κωλύσω
1755 913 1768 927 ’
1812 898 2011 964 Κύριε,

416 991 500 1044 σὺ
530 991 739 1058 ἔγνως.
778 988 899 1057 Τὴν
937 988 1334 1055 δικαιοσύνην
1363 1005 1485 1056 μου
1530 989 1641 1041 οὐκ
1677 988 1916 1056 ἔκρυψα
1944 990 2016 1042 ἐν

418 1080 494 1151 τῇ
521 1081 734 1149 καρδίᾳ
761 1098 913 1149 μου·
958 1079 1081 1148 τὴν
1111 1077 1405 1147 ἀλήθειάν
1427 1096 1544 1133 σου
1588 1079 1686 1133 καὶ
1723 1080 1790 1134 τὸ
1820 1082 2013 1150 σωτή-

407 1174 546 1242 ριόν
576 1189 693 1226 σου
718 1170 875 1227 εἶπα.
897 1171 1179 1244 Ἀλήθειαν
1205 1172 1263 1224 δὲ
1306 1172 1405 1242 τὴν
1438 1172 2012 1244 ἀντιδιαστελλομένην

418 1270 482 1337 τῇ
520 1268 665 1337 σκιᾷ.
692 1267 927 1337 Νοήσεις
953 1265 1009 1318 δὲ
1033 1265 1127 1317 καὶ⁵
1151 1262 1324 1325 οὕτως
1344 1280 1356 1292 ·
1399 1263 1484 1327 Ὠς
1508 1265 1534 1317 6
1562 1265 1831 1336 μακάριος
1853 1266 2014 1319 Δαυῖδ

417 1358 757 1428 ὑπισχνεῖται
784 1358 842 1409 ἐν
888 1355 1184 1426 Ἐκκλησία
1210 1354 1421 1427 μεγάλῃ
1447 1358 1513 1426 τῇ
1540 1355 1684 1408 κατὰ
1714 1359 1894 1410 πᾶσαν
1912 1356 2012 1428 τὴν

417 1449 742 1520 οἰκουμένην
770 1448 876 1500 ὑπὸ
898 1449 996 1518 τῆς
1022 1447 1171 1510 θείας
1200 1446 1420 1519 χάριτος
1456 1447 1775 1521 συλλεγείσῃ
1795 1449 1895 1518 τὴν
1917 1448 2010 1502 τοῦ

417 1541 551 1594 Θεοῦ
584 1540 929 1612 δικαιοσύνην
956 1542 1268 1611 κηρύττειν,
1294 1540 1388 1593 καὶ
1416 1540 1513 1612 τὴν
1544 1541 1643 1612 τῆς
1674 1541 2012 1613 προφητείας

416 1634 695 1705 ἀλήθειαν,
724 1635 817 1688 καὶ
840 1626 938 1705 τὴν
957 1634 1284 1701 ἀξιάγαστον
1319 1634 1614 1704 σωτηρίαν,
1639 1635 1732 1687 καὶ⁹
1757 1635 1848 1687 τὸν
1871 1635 2011 1704 ἁμές

415 1742 611 1797 τρητον
647 1725 793 1779 ἔλεον
839 1727 932 1779 καὶ
980 1725 1173 1787 αὐτῶνί
1200 1725 1258 1778 δὲ
1290 1725 1412 1794 ξτῶν
1459 1725 1666 1778 πιστῶν
1699 1725 1727 1777 6
1756 1725 2012 1796 σύλλογος

417 1818 562 1871 εἴποι
610 1818 675 1872 ἂν
720 1818 892 1871 ταῦτα
940 1817 1369 1889 ὑπισχνούμενος
1393 1818 1495 1889 τὴν
1528 1819 1667 1891 ὑπὲρ
1694 1820 1795 1889 τῆς
1829 1836 2009 1891 σωτη-

2119 636 2387 692 corporeo
2416 637 2569 678 more
2598 621 2803 677 Judasis
2839 622 3039 676 tradita
3080 630 3209 679 sunt

2191 799 2359 856 Vens.
2417 802 2599 857 10-16.
2661 802 2985 857 Αηηιιηιίαυὶ
3032 803 3303 872 justitiam
3368 804 3425 858 in
3474 804 3697 859 ecclesia

2116 910 2330 963 magna,
2389 910 2503 947 ecce
2537 894 2680 947 labia
2726 911 2841 947 mea
2881 912 2982 950 non
3040 894 3319 964 prohibebo
3379 909 3397 947 .'
3459 896 3697 966 Domine,

2119 998 2175 1041 tu
2228 987 2395 1041 scisti.
2427 986 2708 1041 Justitiam
2752 1005 2919 1042 meam
2976 1006 3080 1041 non
3131 988 3381 1042 abscondi
3432 990 3489 1042 in
3546 991 3703 1045 corde

2116 1096 2230 1134 meo
2268 1097 2286 1133 .'
2318 1082 2588 1134 veritatem
2638 1088 2785 1132 tuam
2828 1090 2877 1132 et
2925 1081 3162 1135 salutare
3224 1091 3369 1134 tuum
3406 1081 3539 1137 dixi.
3593 1082 3721 1147 γε-.

2114 1171 2332 1224 ritatem
2385 1170 2593 1224 scilicet
2648 1171 2857 1225 umbrae
2903 1172 3229 1241 Oppositam.
3263 1171 3377 1227 Hoc
3421 1174 3549 1227 item
3582 1190 3701 1229 mo-

2115 1262 2186 1316 do
2244 1263 2538 1333 intelligas,
2592 1270 2651 1317 ut
2720 1264 2913 1319 beatus
2964 1264 3134 1319 David
3187 1267 3475 1335 pollicetur
3531 1285 3590 1323 se
3641 1271 3699 1323 in

2114 1353 2359 1410 Ecclesia
2392 1371 2609 1425 magna,
2641 1372 2738 1426 per
2764 1364 2933 1410 totum
2992 1359 3178 1413 orbem
3222 1374 3250 1411 a
3291 1360 3473 1414 divina
3523 1362 3698 1431 gratia

2115 1458 2445 1518 congregata
2485 1488 2499 1509 ,
2565 1447 2660 1502 Dei
2703 1449 2972 1519 justitiam
3028 1460 3080 1505 et
3138 1452 3438 1521 prophetia:
3496 1455 3700 1508 verita-

2116 1546 2222 1593 tem
2256 1540 2699 1609 praedicaturum,
2736 1558 2837 1595 nec
2891 1557 2999 1596 non
3043 1544 3273 1599 salutem
3334 1545 3699 1602 admiratione

2114 1633 2337 1703 dignam
2375 1642 2430 1687 et
2462 1633 2784 1688 immensam
2818 1634 3250 1690 misericordiam
3281 1654 3295 1703 ;
3344 1637 3598 1692 similiter
3630 1639 3695 1693 ﬁt-

2114 1723 2317 1777 delium
2354 1730 2552 1785 coetus,
2598 1740 2698 1777 ceu
2731 1725 2797 1778 ad
2833 1725 3029 1779 oblatae
3059 1726 3253 1781 salutis
3294 1732 3701 1798 compensatio-

2116 1830 2242 1868 nem
2281 1816 2557 1885 pollicitus
2580 1815 2801 1876 dixerit,
2848 1832 2908 1871 se
2937 1817 3179 1872 vicissim
3215 1819 3266 1873 id
3300 1822 3696 1889 prmsliturum,

420 1911 539 1982 ρίας
565 1911 831 1964 ἀντίδοσιν
860 1910 1071 1974 δώσειν,
1102 1910 1179 1981 τῷ
1209 1910 1520 1982 συντρέχειν
1554 1913 1633 1973 είς
1684 1911 2011 1982 Ἐκκλησίαν

2115 1916 2175 1962 ut
2207 1909 2500 1962 conveniat
2531 1911 2584 1963 in
2614 1910 2926 1974 ecclesiam,
2957 1911 3100 1965 labia
3128 1914 3340 1982 aperiat
3369 1915 3435 1968 ad
3463 1915 3698 1985 hymnos

420 2005 512 2057 καὶ
553 2004 621 2057 τά
667 2004 818 2074 χείλη
853 2006 1020 2056 κινεῖν
1054 2006 1134 2066 είς
1164 2003 1463 2075 ὑμνῳδίαν,
1498 2003 1592 2055 καὶ
1627 2002 1720 2055 τοῦ
1750 2003 1886 2056 Θεοῦ
1913 2003 2012 2075 τὴν

416 2097 631 2151 δικαίαν
664 2098 842 2169 κρίσιν
870 2097 1288 2168 ἀνακηρύττειν,
1312 2098 1406 2151 καὶ
1436 2097 1535 2167 τὴν
1562 2098 1800 2168 ἄρρητον
1824 2096 2015 2163 διεξιέ-

417 2207 503 2243 ναι
548 2189 897 2261 κηδεμονίαν,
949 2190 1044 2243 καὶ
1092 2190 1200 2243 τῶν
1251 2187 1611 2260 προφητικῶν
1664 2187 2013 2258 ὑποσχέσεων

419 2282 799 2336 ὑποδεικνύναι
839 2282 899 2335 τὸ
943 2282 1160 2354 ἀληθές.
1197 2281 1280 2335 Σὺ
1307 2281 1395 2344 δὲ,
1424 2282 1624 2349 Κύριε,
1653 2279 1740 2350 μὴ
1785 2281 2016 2351 μακρύ-

415 2393 532 2443 νῃς
560 2375 703 2443 τοὺς
722 2376 1066 2445 οἱκτιρμούς
1098 2390 1213 2428 σου
1245 2375 1345 2427 ἀπ’
1371 2374 1518 2444 ἐμοῦ
1545 2391 1559 2405 ’
1598 2373 1664 2427 τὸ
1694 2374 1867 2440 ἔλεός
1897 2388 2013 2427 σου

418 2468 517 2522 καὶ
546 2470 584 2537 ἡ
612 2466 867 2533 ἀλήθειά
894 2483 1011 2520 σου
1051 2465 1149 2520 διὰ
1182 2466 1409 2532 παντὸς
1441 2465 1847 2527 ἀντελάϐοντό
1874 2485 2009 2527 μου.

419 2559 526 2610 Kal
569 2556 807 2627 τυχοῦσα
857 2556 955 2626 τῆς
1003 2555 1341 2627 σωτηρίαςή
1369 2553 1464 2606 τοῦ
1496 2554 1635 2606 Θεοῦ
1688 2553 2010 2624 Ἐκκλησία,

416 2648 589 2703 δεῖται
619 2649 781 2703 πάλιν
808 2649 906 2719 τῆς
934 2648 1107 2718 αὐτῆς
1140 2646 1485 2718 προμηθείας
1504 2647 1594 2699 διά
1624 2646 1724 2710 τάς
1748 2650 2015 2700 παντοδα-

418 2741 528 2805 πὰς
555 2740 663 2793 τῶν
691 2739 997 2813 ἀνθρώπων
1034 2739 1130 2792 καὶ
1178 2738 1451 2808 δαιμόνων
1484 2738 1904 2802 ἐπαναστάσεις,
1935 2731 2013 2791 ὧν

418 2835 478 2887 ὲν
514 2836 627 2896 τοῖς
672 2832 799 2903 ἑξῆς
828 2831 928 2902 τὴν
967 2832 1189 2902 μνήμην
1214 2831 1659 2902 πεποίηται.”οτι
1687 2828 2014 2900 περιέσχον

412 2943 490 2995 με
520 2926 677 2979 κακὰ
710 2919 797 2978 ὧν
825 2928 937 2978 οὐκ
964 2924 1138 2977 ἐστιν
1165 2925 1412 2993 ἀριθμός
1437 2940 1449 2953 ·
1484 2923 1835 2997 κατέλαϐόν
1846 2940 1924 2993 με
1953 2927 2013 2977 αἱ

416 3016 661 3087 ἀνομίαι
700 3034 861 3086 μου,
912 3015 1012 3069 καὶ
1054 3016 1167 3068 οὐκ
1214 3013 1527 3083 ἠδυνήθην
1576 3012 1682 3068 τοῦ
1732 3013 2010 3079 βλέπειν.

431 3109 934 3176 Ἑπληθύνθησαν
979 3107 1134 3175 ὑπὲρ
1182 3106 1290 3172 τὰς
1341 3107 1549 3176 τρίχας
1590 3105 1698 3175 τῆς
1743 3106 2013 3175 κεφαλῆς

414 3220 555 3271 μου,
588 3200 691 3254 καὶ
738 3201 778 3268 ἠ
830 3199 1043 3267 καρδία
1067 3217 1184 3268 μου
1214 3198 1567 3268 ἐγκατέλιπέ
1586 3216 1684 3268 με.
1719 3200 1926 3271 Μηδεὶς
1956 3198 2011 3251 δὲ

2115 1999 2394 2053 canendos
2424 2009 2479 2053 et
2510 2001 2576 2054 ad
2603 2001 2813 2069 justum
2846 2001 2940 2057 Dei
2964 2002 3233 2071 judicium
3266 2006 3694 2075 praedicandum,

2115 2093 2180 2146 ad
2218 2092 2549 2149 ineffabilem
2594 2095 2960 2149 enarrandam
3013 2097 3133 2166 ejus
3174 2099 3595 2167 providentiam,
3629 2101 3697 2155 ad

2114 2184 2558 2253 propheticarum
2606 2186 3034 2255 promissionum
3084 2190 3366 2242 veritatem
3411 2190 3697 2245 declaran—

2114 2276 2261 2331 dam.
2294 2276 2374 2330 Tu
2412 2288 2611 2341 autem,
2647 2278 2891 2343 Domine,
2919 2296 2980 2333 ne
3012 2279 3161 2351 longe
3197 2281 3368 2350 facias
3402 2284 3698 2336 miseratio-

2113 2386 2203 2424 nes
2236 2380 2355 2425 tuas
2384 2388 2415 2425 a
2453 2386 2577 2424 me:
2610 2372 2973 2426 misericordia
3002 2382 3095 2425 tua
3128 2382 3176 2427 et
3207 2375 3400 2429 veritas
3436 2385 3527 2429 tua
3561 2393 3697 2430 sem-

2114 2477 2207 2530 per
2235 2471 2575 2530 susceperunt
2600 2442 2705 2517 me:
2730 2463 2909 2533 Atque
2936 2465 3167 2520 salutem
3200 2474 3359 2520 nacta
3391 2464 3483 2521 Dei
3510 2466 3698 2522 Eccle-

2115 2553 2219 2617 sia,
2258 2554 2456 2607 itcrum
2486 2556 2675 2610 eadem
2706 2570 2809 2625 ope
2838 2555 3065 2626 indiget,
3096 2558 3262 2611 variis
3292 2556 3698 2627 frequentibus—

2114 2658 2223 2713 que
2269 2644 2553 2699 hominum
2594 2647 3016 2718 daemonumque
3062 2649 3358 2702 insultihus
3409 2650 3692 2719 impetita,

2114 2752 2348 2808 quorum
2379 2738 2434 2791 in
2471 2739 2828 2807 sequentibus
2864 2741 3197 2794 mentionem
3234 2739 3384 2794 facit.
3432 2740 3695 2808 Quoniam

2115 2830 2573 2885 circumdederunt
2606 2849 2688 2885 me
2724 2831 2870 2885 mala
2900 2849 3122 2903 quorum
3163 2851 3264 2888 non
3294 2842 3374 2889 est
3401 2852 3650 2890 numerus
3678 2855 3691 2890 :

2114 2920 2614 2989 comprehenderunt
2649 2939 2728 2975 me
2768 2922 3075 2993 iniquitates
3120 2940 3268 2987 mete,
3320 2934 3369 2978 et
3414 2942 3517 2979 non
3549 2928 3697 2994 potui

2114 3024 2172 3067 ut
2203 3014 2448 3069 viderem.
2495 3014 2869 3083 Multiplicata:
2908 3026 3030 3071 sunt
3064 3034 3218 3087 super
3248 3020 3469 3088 capillos
3506 3021 3695 3090 capitis

2114 3105 2236 3170 mei,
2267 3115 2317 3160 et
2362 3123 2453 3160 cor
2500 3124 2673 3161 meum
2724 3108 3004 3179 dereliquit
3047 3126 3150 3164 me.
3185 3109 3356 3165 Nemo
3402 3112 3697 3167 arbitretur

2116 3197 2265 3251 diota
2302 3198 2621 3268 hujusmodi
2666 3216 2775 3254 non
2815 3202 3132 3257 consentire
3165 3202 3234 3258 iis
3263 3218 3384 3273 quae
3427 3205 3697 3274 explicata

418 3289 736 3359 ἀνάρμοστα
763 3287 1004 3358 ἡγείσθω
1028 3287 1097 3341 τὰ
1124 3289 1244 3358 είρη
1255 3287 1393 3359 μένα
1416 3290 1528 3351 τοῖς
1548 3290 1581 3358 ἡ
1591 3306 1795 3360 ρμηνευ
1805 3289 2006 3361 μένοις.

2115 3299 2267 3345 sunt.
2307 3290 2522 3345 Etenim
2568 3301 2680 3347 tres
2732 3294 2912 3363 pueri,
2952 3309 3169 3349 summa
3220 3297 3423 3351 virtute
3457 3298 3695 3367 praediti.

419 3380 530 3433 Kal
559 3379 665 3452 γὰρ
695 3381 743 3432 oi
771 3382 921 3451 τρεῖς
950 3381 1157 3445 παῖδες,
1185 3381 1283 3451 τῆς
1306 3382 1482 3452 ἄκρας
1510 3380 1715 3452 ἀρετῆς
1744 3380 2008 3452 ἐπειλημ-

423 3469 593 3540 μένοι,
630 3470 725 3522 καὶ
757 3468 848 3521 τὸν
879 3469 1176 3540 νικηφόρον
1207 3470 1607 3542 ἀναδησάμενοι
1635 3469 1916 3539 στέφανον,
1951 3471 2009 3522 ὲν

417 3565 485 3633 τῇ
506 3561 721 3633 καμίνῳ
746 3563 1169 3632 προσευχόμενοι
1198 3561 1383 3630 ἔλεγον
1402 3579 1415 3592 ⁸
1454 3560 1833 3631 Ὴμὰρτομεν,
1864 3561 2009 3629 ἠνο-

413 3653 717 3723 βήσαμεν,
742 3652 1138 3723 ἠδικήσαμεν,
1174 3654 1273 3707 καὶ
1337 3652 1686 3723 ἀπέστημεν
1742 3653 1861 3707 ἀπὸ
1892 3652 2011 3707 τῶν

418 3744 687 3799 ἐντολῶν
714 3760 852 3808 σου,
883 3746 983 3798 καὶ
1014 3748 1125 3801 οὐκ
1148 3746 1536 3815 ἐφυλάξαμεν
1559 3748 1631 3801 τὰ
1650 3746 2012 3816 δικαιώματά

418 3852 558 3893 σου.
583 3836 771 3902 Οῦτως
812 3838 841 3890 6
875 3837 1180 3910 θαυμάσιος
1212 3838 1431 3910 Δανιὴλ,
1465 3838 1639 3903 οὕτως
1664 3841 1693 3892 6
1724 3839 2012 3903 θεσπέσιος

429 3929 720 4001 Ἱερεμίας,
751 3930 923 3995 οὕτως
967 3933 995 3983 6
1037 3929 1180 3994 θεῖος
1225 3930 1473 3994 Ἡσαΐας,
1501 3930 1674 3995 οὕτως
1705 3932 1733 3984 6
1767 3930 2014 4001 σοφώτα-

418 4037 510 4084 τος
542 4021 752 4085 Παῦλος
772 4040 784 4052 ·
818 4022 1072 4091 Χριστὸς
1102 4030 1232 4092 γὰρ,
1264 4025 1447 4094 φησὶν,
1478 4023 1766 4090 εἰσῆλθεν
1800 4026 1888 4089 εὶς
1907 4024 2013 4077 τὸν

420 4112 653 4181 κόσμον
683 4113 1075 4183 ἁμαρτωλοὺς
1102 4115 1321 4179 σῶσαι,
1352 4110 1440 4169 ὧν
1482 4114 1711 4183 πρῶτός
1739 4118 1854 4184 εἰμι
1875 4114 2007 4186 ἐγώ·

422 4206 517 4257 καὶ
543 4206 705 4259 πάλιν
727 4221 741 4237 °
792 4209 913 4260 Οὐκ
951 4208 1066 4276 εἰμὶ
1098 4207 1267 4273 ἄξιος
1301 4207 1613 4261 καλεῖσθαι
1644 4209 2008 4275 ἀπόστολος.

421 4295 579 4349 οὕτω
615 4299 792 4352 τοίνυν
816 4298 1098 4353 κάνταῦθα
1123 4302 1243 4363 ταῖς
1275 4300 1427 4370 παρά
1454 4299 1562 4353 τῶν
1587 4300 1863 4353 δυσσεὸῶν
1896 4319 2013 4372 τρι-

420 4391 648 4461 κυμίαις
676 4391 975 4463 βαλλομένη
1024 4394 1057 4463 ἠ
1111 4392 1205 4444 τοῦ
1254 4391 1389 4444 Θεοῦ
1435 4392 1729 4465 Ἐκκλησία
1758 4393 1817 4445 οὐ
1866 4393 2012 4463 μέγα

420 4489 629 4558 φρονεῖ,
647 4486 723 4550 ὼς
758 4485 1152 4557 ἀγωνιζομένη,
1179 4485 1293 4539 ἀλλ’
1323 4485 1615 4555 ἁμαρτίαις
1646 4484 1739 4537 καὶ
1764 4484 1867 4554 πλη
1879 4503 2015 4555 μμε-

419 4578 592 4641 λείαις
626 4578 910 4647 ἀνατίθησι
947 4576 1017 4630 τά
1044 4577 1332 4646 γενόμενα,
1362 4576 1454 4629 καὶ
1484 4575 1585 4645 τῆς
1610 4574 1760 4646 παρά
1780 4575 1873 4628 τοῦ
1898 4576 2013 4628 Σω-

418 4668 589 4739 τῆρος
633 4668 953 4738 ἐπικουρίας
1000 4666 1307 4721 ἀπολαῦσαι
1351 4666 1896 4737 παρακαλεῖ.¹Ἀλλως
1923 4684 2008 4731 τε,
2044 4647 2089 4701 D

421 4760 531 4813 οὐδ’
560 4763 625 4814 ὲκ
673 4760 895 4815 τελείων
938 4760 1125 4814 ἆπασα
1159 4759 1489 4831 συνέστηκεν
1519 4760 1551 4831 ἠ
1582 4758 1676 4812 τοῦ
1712 4758 1847 4813 Θεοῦ
1890 4760 2012 4812 Ἐκ-

422 4848 641 4919 κλησία,
678 4848 791 4901 ἀλλ’
820 4848 933 4919 ἔχει
983 4850 1077 4901 καὶ
1126 4849 1252 4911 τοὺς
1287 4847 1541 4919 ῥᾳστώνῃ
1583 4848 1881 4912 συζῶντας,
1916 4850 2010 4901 καὶ

420 4940 513 4993 τὸν
549 4940 829 5011 ἀνειμένον
876 4940 989 5010 βίον
1028 4939 1461 5010 ἀσπαζομένους,
1504 4940 1599 4993 καὶ
1628 4941 1843 5011 ἡδοναῖς
1889 4940 2011 4994 δου-

422 5031 600 5085 λεύειν
628 5033 1006 5103 αἱρουμένους.
1047 5033 1158 5086 Kal
1188 5031 1374 5103 ἐπειδὴ
1406 5033 1463 5085 ’έν
1493 5033 1611 5085 ἐστι
1640 5033 1818 5104 σῶμα,
1852 5032 1927 5096 ὡς
1954 5031 2011 5098 ἐξ

421 5125 541 5189 ἑνὸς
572 5124 866 5197 προσώπου
904 5126 994 5178 καὶ
1025 5124 1201 5179 ταῦτα
1232 5127 1459 5179 κάκεῖνα
1489 5126 1881 5199 προσφέρεται.

492 5240 723 5310 Νοήσεις
742 5240 837 5292 καὶ
874 5237 1075 5302 οὕτως·
1132 5240 1286 5293 Ἐπεὶ
1336 5241 1396 5293 οὐ
1440 5242 1523 5294 δεῖ
1559 5239 1883 5312 μακαρίζειν
1917 5241 2011 5295 ἀν-

422 5330 640 5402 θρωπον
676 5332 783 5402 πρὸ
824 5332 1081 5403 τελευτῆς
1121 5332 1309 5395 αὑτοῦ,
1337 5334 1561 5397 εἰκότως
1598 5335 1626 5385 6
1648 5333 1747 5404 μὲν
1779 5333 2010 5386 ἀπόστο-

418 5422 533 5485 λος,
558 5423 760 5495 καίπερ
806 5424 1101 5489 ἀπόστολος
1148 5424 1225 5478 ὢν
1265 5427 1359 5480 καὶ
1405 5425 1602 5497 κλητὸς
1636 5426 1729 5478 καὶ
1755 5424 2012 5489 ἐκλεκτὸς

419 5516 659 5587 Χριστοῦ
700 5516 895 5588 Ἰησοῦ,
933 5520 1081 5589 ὅμως
1109 5520 1209 5573 οὐκ
1251 5520 1401 5572 ὀκνεῖ
1447 5519 1659 5588 λέγειν·
1702 5515 2012 5576 Ὑποπιέζω

414 5629 536 5678 μου
564 5609 629 5662 τὸ
660 5610 853 5679 σῶμα,
885 5612 982 5664 καὶ
1013 5611 1392 5680 δουλαγωγῶ,
1409 5610 1644 5680 μήπως,
1667 5610 1880 5674 ἄλλοις
1902 5625 2009 5675 κη-

411 5701 627 5772 ρύξας,
667 5700 851 5767 αὐτὸς
883 5700 1160 5771 ἀδόκιμος
1193 5702 1466 5770 γένωμαι.
1505 5700 1579 5752 Τὸ
1605 5698 1737 5753 αὐτὸ
1768 5698 1826 5750 δὲ
1856 5698 1951 5750 καὶ
1982 5700 2011 5750 6

498 5858 541 5888 ²¹
579 5858 712 5913 Dan.
753 5874 846 5923 nl,
882 5858 971 5913 29.
1050 5858 1092 5891 ³⁸
1133 5859 1150 5913 1
1189 5857 1326 5912 Tim.
1366 5874 1416 5924 ι,
1454 5855 1541 5912 15.
1621 5855 1667 5889 ’⁵
1705 5852 1725 5910 l
1757 5853 1884 5910 Cor.
1922 5868 2011 5921 xv,

2183 5850 2247 5883 ιν
2269 5849 2434 5905 Eccli.
2476 5866 2560 5918 ιι,
2597 5849 2685 5905 so.

2117 3388 2283 3451 atque
2314 3382 2633 3453 triumphali
2675 3400 2880 3439 corona
2912 3389 3115 3452 ornati,
3148 3390 3205 3443 in
3236 3391 3457 3445 camino
3476 3399 3697 3446 orantes

2116 3472 2375 3529 dicebant
2411 3494 2425 3531 :
2460 3475 2825 3541 Peccavimus,
2867 3477 3205 3549 deliquimus,
3241 3481 3437 3549 injuste
3473 3484 3695 3552 egimus,

2115 3576 2165 3621 et
2200 3570 2511 3623 recessimus
2547 3586 2578 3622 a
2605 3572 2877 3639 praceptis
2920 3574 3045 3637 tuis,
3079 3582 3127 3626 et
3174 3589 3279 3626 non
3322 3574 3699 3628 custodivimus

2111 3663 2524 3736 justiﬁcationes
2557 3671 2677 3718 tuas
2725 3664 2788 3718 “.
2830 3664 2920 3718 Sic
2965 3664 3306 3720 admirabilis
3358 3664 3570 3729 Daniel,
3618 3668 3699 3721 sic

2118 3772 2350 3827 magnus
2374 3756 2464 3811 ille
2490 3754 2779 3819 Jeremias,
2804 3756 2886 3810 sic
2910 3756 3131 3811 divinus
3155 3757 3343 3821 Isaias,
3371 3757 3453 3812 sic
3479 3759 3698 3829 sapien-

2116 3850 2366 3905 tissimus
2398 3846 2600 3903 Paulus
2635 3867 2646 3901 :
2681 3847 2925 3904 Christus
2959 3851 3127 3914 enim,
3158 3850 3354 3919 inquit,
3387 3851 3602 3904 intravit
3643 3852 3698 3905 in

2116 3940 2374 3994 mundum
2422 3948 2719 4009 peccatores
2771 3941 2943 3995 salvos
2996 3942 3191 4009 facere,
3240 3959 3463 4013 quorum
3497 3945 3700 4012 primus

2116 4048 2206 4103 ego
2236 4048 2353 4086 sum
2382 4031 2459 4096 ¹³;
2493 4047 2556 4086 ac
2590 4048 2833 4087 rursum:
2864 4031 2985 4087 Non
3008 4050 3125 4087 sum
3150 4033 3337 4104 dignus
3367 4037 3542 4089 vocari
3574 4051 3702 4104 apo-

2118 4124 2284 4177 stolus
2324 4124 2387 4177 “.
2419 4121 2510 4178 Sic
2558 4124 2727 4193 igitur
2771 4125 2876 4179 hoc
2926 4126 2979 4179 in
3014 4126 3135 4180 loco
3163 4124 3255 4181 Dei
3286 4125 3552 4192 Ecclesia,
3592 4128 3697 4182 im-

2117 4218 2333 4288 piorum
2370 4217 2787 4285 tempestatibus
2831 4218 3057 4288 agitata,
3107 4233 3215 4273 non
3252 4220 3539 4289 magniﬁce
3575 4237 3702 4276 sen-

2120 4311 2186 4364 tit
2218 4317 2276 4364 ut
2304 4309 2658 4379 impugnata;
2697 4310 2791 4364 sed
2823 4325 2885 4364 ea
2921 4326 3042 4379 qua“:
3076 4312 3423 4382 contingunt,
3458 4317 3699 4382 peccatis

2120 4416 2185 4456 ac
2214 4402 2514 4457 sceleribus
2547 4401 2817 4464 attribuit,
2852 4410 2906 4455 et
2939 4418 2968 4455 a
3013 4401 3295 4457 Salvatore
3322 4420 3479 4474 Opem
3505 4420 3703 4460 conse-

2121 4493 2216 4562 qui
2248 4500 2421 4562 rogat.
2456 4491 2522 4545 Et
2552 4492 2753 4561 alioqui
2787 4491 2878 4547 Dei
2914 4492 3159 4548 Ecclesia
3198 4510 3307 4548 non
3348 4511 3414 4550 ex
3446 4494 3703 4565 perfectis

2122 4595 2234 4640 tota
2271 4586 2647 4649 constituitur,
2684 4584 2779 4639 sed
2826 4585 2989 4639 habet
3034 4587 3196 4639 etiam
3234 4586 3325 4656 qui
3379 4587 3434 4639 in
3486 4588 3700 4656 ignavia

2118 4678 2336 4749 degant,
2366 4686 2420 4732 et
2449 4678 2681 4732 inertem
2726 4676 2893 4729 vitam
2933 4676 3167 4745 amplexi
3209 4677 3340 4741 sint,
3381 4686 3434 4730 et
3471 4662 3569 4745 qui
3608 4690 3705 4728 vo--

2094 4773 2420 4844 ,luptatihus
2458 4773 2664 4826 servire
2694 4778 3002 4839 pemptent.
3039 4770 3103 4823 Et
3134 4771 3391 4840 quoniam
3418 4784 3586 4822 unum
3616 4776 3700 4821 est

2119 4883 2342 4936 corpus,
2384 4875 2647 4935 tanquam
2692 4879 2759 4918 ex
2812 4878 2919 4918 una
2969 4879 3204 4934 persona
3252 4872 3307 4918 et
3360 4862 3475 4916 haec
3518 4868 3572 4915 et
3608 4861 3699 4913 illa

2118 4959 2494 5031 proferuntur.

2191 5226 2306 5282 Hoc
2337 5241 2555 5297 quoque
2588 5225 2753 5282 modo
2801 5223 3076 5295 intelligas
3116 5219 3294 5287 :Quia
3324 5233 3433 5273 non
3481 5223 3699 5287 Oportet

2118 5328 2245 5375 ante
2275 5320 2484 5374 obitum
2508 5319 2787 5374 hominem
2837 5318 3057 5372 beatum
3112 5311 3410 5384 prwdicare
3454 5312 3544 5373 ειν,
3573 5311 3698 5380 jure

2118 5413 2434 5484 Apostolus,
2470 5410 2599 5465 licet
2629 5410 2915 5479 apostolus
2954 5409 3022 5462 sit
3058 5422 3121 5461 ac
3151 5413 3378 5460 vocatus
3409 5411 3463 5458 et
3491 5404 3701 5457 electus

2119 5505 2325 5561 Christi
2349 5503 2505 5567 Jesu,
2541 5510 2781 5556 attamen
2810 5515 2923 5554 non
2971 5506 3193 5554 veretur
3224 5497 3407 5551 dicere
3442 5513 3454 5549 :
3485 5494 3700 5565 Castiao

2119 5617 2306 5670 corpus
2334 5616 2525 5661 meum,
2556 5607 2605 5651 et
2632 5598 2689 5649 in
2715 5597 3017 5651 servitutem
3037 5593 3236 5663 redigo,
3263 5608 3325 5645 ne
3349 5590 3472 5644 aliis
3505 5588 3702 5661 praedi-

2119 5712 2246 5748 cans
2270 5695 2378 5762 ipse
2408 5691 2659 5763 reprobus
2675 5690 2869 5760 e/ﬁciar
2899 5690 2963 5741 ³³.
3001 5686 3245 5758 ldipsum
3276 5701 3497 5758 quoque
3529 5681 3699 5738 David

2768 5848 2809 5881 ¹⁸
2849 5845 2868 5899 1
2902 5845 3029 5902 Cor.
3064 5860 3150 5910 Ix,
3184 5842 3274 5898 27.
