4138 6386
417 388 523 443 339

1092 379 1362 439 EUSEBII
1401 373 1891 437 CIESARIENSIS
1927 368 2079 430 OPP.
2126 369 2328 427 PARS.
2371 366 2552 426 lli.-
2591 361 3002 421 EXEGETICA.

3576 361 3680 417 560

418 520 542 559 eam
576 501 767 557 multis
815 502 869 555 in
918 500 1054 555 locis
1086 500 1453 566 declarasset,
1487 500 1658 556 Deum
1700 494 1998 569 propitium

2106 489 2265 545 Δαυῖδ
2296 491 2344 542 εἰ
2376 488 2473 542 καὶ
2518 488 2576 540 ὲν
2626 483 2841 546 πολλοῖς
2890 478 3289 548 ἐνδειξάμενος,
3342 476 3529 547 ἔτυχεν
3585 478 3690 531 ὑπ-

421 600 617 648 motus
642 600 749 649 est.
776 599 1080 658 erutusque
1112 587 1215 644 fuit
1239 590 1306 645 de
1328 592 1450 645 lacu
1485 590 1723 645 miseriae
1751 594 1805 642 et
1830 587 1898 641 de
1930 586 2008 639 lu-

422 693 478 738 to
510 684 656 738 faecis
685 702 696 736 :
723 693 887 752 atque
920 682 975 736 in
1009 682 1255 752 tutojam
1300 682 1519 737 demum
1554 683 1788 753 positus,
1816 687 2004 749 utpote

423 778 651 847 pedibus
678 775 729 828 in
754 782 907 844 petra
940 771 1209 837 ﬁrmatus,
1246 788 1309 828 ac
1334 774 1551 828 cantico
1583 786 1725 827 novo
1753 787 1847 827 seu
1876 784 2003 825 vera

421 866 488 920 de
510 864 797 920 sacriﬁciis
826 865 1077 919 doctrina
1102 865 1358 919 donatus.
1390 865 1443 918 id
1478 873 1562 919 est
1618 863 2003 935 praedicatione

421 972 542 1028 quae
568 958 621 1010 in
662 956 908 1013 Ecclesia
944 956 1039 1011 Dei
1071 972 1266 1026 magna
1294 958 1434 1011 facta
1459 967 1579 1021 est;
1610 973 1734 1011 nam
1762 957 1894 1011 illud
1919 973 2002 1011 re-

422 1064 547 1103 vera
575 1050 850 1103 canticum
882 1064 1082 1103 novum
1114 1056 1255 1112 erat,
1276 1050 1435 1118 cujus
1460 1049 1535 1103 rei
1555 1064 1721 1104 causa
1748 1050 2002 1118 superius

419 1142 636 1196 dicebat
669 1157 687 1194 :
725 1140 791 1195 Et
832 1142 1051 1195 immisit
1083 1143 1139 1194 in
1182 1160 1240 1195 os
1267 1160 1433 1195 nteant
1467 1142 1732 1195 canticum
1764 1157 1951 1195 novum
1981 1157 1999 1192 .'

423 1234 535 1289 lucc
567 1244 901 1290 consecutus
933 1246 1134 1299 tamen,
1154 1236 1223 1289 ob
1254 1236 1506 1289 humanae
1535 1236 1659 1289 vitae
1692 1235 2000 1305 corruptio-

421 1340 545 1378 nem
579 1324 998 1395 supplicationis
1040 1326 1205 1378 verba
1242 1324 1489 1387 resumit,
1524 1338 1587 1376 ac
1632 1330 1789 1392 regat
1835 1324 1998 1377 obse-

420 1423 651 1485 cratque
676 1426 734 1469 ut
770 1432 799 1469 a
826 1416 919 1470 Dei
946 1417 1119 1486 gratia
1148 1424 1201 1469 ct
1232 1415 1609 1471 misericordia
1632 1414 1997 1470 custodiatur.

423 1507 521 1562 His
549 1508 694 1563 enim
728 1508 913 1561 animo
944 1508 1256 1562 revolvebat
1286 1508 1340 1560 in
1369 1508 1798 1578 memoriamque
1840 1522 2000 1561 revo-

422 1600 583 1654 cabat
608 1614 729 1668 qua:
758 1600 860 1653 sibi
894 1600 1047 1668 prius
1074 1599 1389 1652 acciderant
1424 1598 1585 1652 mala.
1611 1596 1868 1651 Memoria
1897 1598 2000 1650 ita-

423 1705 529 1759 que
562 1699 809 1745 veterum
854 1691 1151 1754 malorum,
1183 1690 1460 1744 cautiores
1499 1705 1602 1743 nos
1627 1688 1809 1753 eﬂicit,
1845 1697 1904 1742 ut
1930 1705 1999 1745 ne

425 1796 620 1837 rursus
676 1780 731 1835 in
772 1795 835 1834 ea
873 1780 1213 1847 incidamus;
1257 1780 1350 1834 sed
1402 1780 1568 1833 etiam
1622 1781 1998 1835 mutationisa

2107 584 2271 656 ηκόου
2305 580 2397 635 τοῦ
2432 577 2588 642 Θεοῦ,
2616 572 2957 647 ἡλευθέρωτό
2977 588 3035 624 τε
3079 572 3142 623 ἐκ
3172 569 3375 622 λάκκου
3418 567 3691 622 ταλαιπω-

2109 678 2231 750 ρίας
2259 675 2352 729 καὶ
2376 672 2483 726 ἀπὸ
2515 668 2689 742 πηλοῦ
2725 667 2865 730 ἰλύος
2885 682 2897 696 ·
2936 668 2993 717 ὲν
3028 662 3260 732 ἀσφαλεῖ
3281 678 3341 715 τε
3373 659 3472 733 ήδη
3506 657 3690 715 λοιπὸν

2107 768 2347 837 ἑστήκει,
2385 764 2460 826 ὼς
2486 761 2550 815 ἂν
2574 761 2667 813 ἐπὶ
2698 759 2904 829 πέτραν
2928 757 3053 818 τοὺς
3081 754 3248 815 πόδας
3275 752 3686 824 ἐρηρεισμένος,

2105 857 2198 910 καὶ
2232 855 2473 927 ᾄσματος
2506 848 2695 905 καινοῦ
2717 847 3020 919 ἠξιωμένος
3049 843 3144 898 τοῦ
3174 844 3301 914 περὶ
3334 842 3533 895 θυσιῶν
3558 842 3688 913 ἀλη-

2104 945 2231 1009 θοῦς
2262 940 2707 1012 λόγου,τουτέστι
2754 939 2848 991 τοῦ
2891 940 2955 1008 τῇ
3001 934 3296 1005 Ἐκκλησία
3330 932 3425 985 τοῦ
3459 931 3591 985 Θεοῦ
3622 934 3687 1003 τῇ

2107 1037 2319 1111 μεγάλῃ
2367 1032 2827 1107 εὐηγγελισμένοι)
2869 1028 3254 1100 κηρύγματος·
3298 1024 3458 1078 τοῦτο
3489 1024 3598 1095 γάρ
3620 1020 3687 1095 ἦν

2101 1132 2163 1186 τὸ
2197 1130 2382 1184 καινὸν
2417 1126 2591 1200 ᾆσμα,
2648 1121 2708 1181 οῦ
2744 1126 2903 1197 χάριν
2938 1121 3194 1193 ἀνωτέρω
3230 1119 3383 1189 ἔλεγε
3404 1136 3419 1151 ο
3448 1118 3557 1173 Καὶ
3588 1117 3685 1171 ἐν·

2101 1224 2318 1278 ἐϐαλεν
2342 1224 2429 1287 εἰς
2448 1220 2513 1273 τὸ
2540 1220 2736 1289 στόμα
2750 1235 2869 1287 μου
2891 1211 3054 1285 ᾆσμα
3082 1215 3306 1267 καινόν·
3331 1212 3479 1282 ὅμως
3502 1210 3547 1264 δ’
3572 1202 3685 1272 οὖν,

2100 1317 2369 1371 τοσούτων
2406 1312 2740 1385 τετυχηκὼς,
2768 1310 2857 1364 διὰ
2895 1309 2956 1363 τὸ
3012 1308 3209 1380 σαθρὸν
3258 1307 3356 1377 τῆς
3390 1307 3448 1358 ὲν
3478 1300 3689 1374 ἀνθρώ-

2102 1428 2225 1474 ποις
2252 1410 2396 1479 ζωῆς
2426 1405 2867 1477 ἐπαναλαμϐάνει
2892 1405 3018 1467 τοὺς
3044 1402 3142 1472 τῆς
3166 1398 3444 1471 ἱκετηρίας
3474 1397 3683 1465 λόγους,

2100 1502 2371 1556 ἀντιϐολεῖ
2402 1518 2462 1553 τε
2488 1501 2583 1553 καὶ
2615 1497 2792 1551 δέεται
2819 1493 3180 1566 φυλάττεσθαι
3208 1492 3312 1545 ὑπὸ
3333 1491 3432 1561 τῆς
3467 1490 3686 1561 χάριτος

2100 1597 2194 1650 καὶ
2217 1594 2311 1648 τοῦ
2336 1594 2485 1647 ἐλέου
2511 1593 2603 1647 τοῦ
2622 1592 2778 1646 Θεοῦ.
2798 1592 2993 1643 Ἀνεπε
3003 1588 3247 1659 μπάζετο
3263 1584 3370 1657 γάρ
3385 1583 3471 1637 διὰ
3484 1581 3687 1636 τούτων

2099 1690 2195 1741 καὶ
2216 1687 2450 1741 ἀνεπόλα
2466 1687 2542 1758 (1)
2563 1685 2631 1739 τά
2646 1684 2911 1757 πρότερον
2934 1680 3081 1752 αὐτῷ
3110 1677 3493 1751 συμϐεϐηκότα
3520 1673 3686 1728 κακά.

2113 1780 2174 1832 Ἦ
2209 1778 2339 1848 γοῦν
2375 1780 2560 1850 μνήμη
2613 1778 2719 1830 τῶν
2764 1774 3010 1829 παλαιῶν
3042 1772 3251 1836 κακῶν,
3285 1765 3689 1840 φυλακτικωτέ-

425 1873 705 1943 pejoribus
731 1872 797 1927 ad
821 1872 1045 1926 meliora
1077 1870 1405 1930 recordatio.
1425 1880 1607 1941 gratos
1636 1871 1814 1925 reddit
1845 1881 2003 1942 atque

2116 1888 2239 1942 pou;
2288 1871 2436 1940 ἡμᾶς
2464 1866 2836 1940 ἀπεργάζεται
2869 1865 3004 1938 πρὸς
3032 1863 3095 1917 τὸ
3133 1863 3206 1934 μὴ
3240 1858 3395 1924 αὖθις
3438 1862 3550 1922 τοῖς
3595 1858 3689 1911 αύ-

422 1964 491 2018 ad
513 1965 815 2019 cavendum
842 1964 1183 2018 intentiores.
1217 1962 1349 2017 Jure
1381 1964 1565 2032 itaque
1592 1966 1999 2033 praeteritarum

423 2058 774 2129 iniquitatum
830 2059 1146 2112 memoriam
1186 2057 1432 2124 refricat,
1456 2058 1724 2126 docetque
1779 2059 1996 2112 easdem

424 2143 743 2214 iniquitates
765 2145 866 2200 sibi
899 2146 1027 2199 olim
1054 2145 1243 2198 oculos
1274 2145 1570 2210 obtexisse,
1605 2146 1777 2201 instar
1808 2146 2000 2218 caligi-

424 2237 513 2292 nis
543 2237 742 2291 mentis
768 2237 911 2290 visui
938 2235 1147 2290 oll‘usae.

425 2329 706 2401 προτέρων
749 2327 913 2382 αὐτοῦ
954 2328 1192 2400 ἀνομιῶν
1238 2330 1477 2401 μνήμην,
1525 2330 1767 2385 διδάσκει
1821 2348 1903 2398 τε,

2104 1966 2215 2026 τοῖς
2237 1964 2553 2034 περιπεσεῖν
2572 1979 2585 1991 ·
2614 1959 2750 2015 ἀλλά
2772 1961 2864 2013 καὶ
2886 1959 2982 2029 τῆς
3010 1954 3311 2028 μεταϐολῆς
3335 1954 3433 2024 τῆς
3454 1950 3560 2005 ἀπὸ
3580 1949 3688 2003 τῶν

2104 2057 2362 2126 χειρόνων
2403 2056 2494 2108 ἐπὶ
2540 2054 2610 2109 τὰ
2661 2054 2857 2126 βελτίω
2894 2055 2929 2124 ἡ
2981 2052 3285 2122 ἀνάμνησις
3335 2047 3690 2118 εὐχαρίστους

2104 2150 2251 2219 ἡμᾶς
2300 2148 2670 2221 ἀπεργάζεται
2735 2147 2829 2200 καὶ
2878 2144 3304 2215 συντεταμένους
3355 2141 3555 2213 μᾶλλον
3612 2140 3693 2202 εἰς

2106 2244 2397 2312 προσοχήν.
2441 2236 2681 2302 Εἰκότως
2724 2238 2904 2291 τοίνυν
2948 2236 3393 2307 ὲπαναλαμὸάνει
3439 2233 3537 2305 τὴν
3584 2231 3692 2286 τῶν

1963 2331 2039 2397 ὡς
2075 2336 2201 2397 τοὺς
2241 2334 2342 2403 τῆς
2382 2332 2561 2404 ψυχῆς
2590 2331 2904 2405 ὀφθαλμοὺς
2938 2328 3114 2401 καιρῷ
3149 2346 3253 2381 τινι
3319 2324 3695 2395 συνεκάλυψαν

423 2427 479 2478 αἰ
509 2426 725 2496 ἀνομίαι
756 2424 942 2490 αὑτοῦ,
964 2425 1119 2497 δίκην
1151 2424 1345 2495 ἀχλύος
1376 2425 1455 2497 τῷ
1492 2426 1591 2497 τῆς
1617 2427 1855 2491 διανοίας
1886 2426 2158 2500 βλεπτικῷ
2182 2427 2539 2499 ἐπιχυθεῖσαι.

492 2541 724 2612 Reliqua
746 2557 876 2596 vero
898 2550 1303 2611 consequenter
1328 2542 1394 2596 ad
1426 2543 1683 2613 praedicta
1718 2542 2002 2597 feruntur:

426 2636 765 2704 Complaceat
801 2636 916 2698 tibi,
951 2635 1191 2698 Domine,
1221 2646 1278 2687 ut
1307 2651 1463 2688 eruas
1495 2651 1574 2688 me
1611 2652 1628 2688 :
1655 2634 1895 2697 Domine,
1936 2636 2005 2688 ad

425 2727 785 2799 adjuvandum
814 2744 893 2781 me
915 2728 1128 2795 respice.
1159 2725 1568 2796 Confundantur
1594 2735 1642 2779 et
1673 2736 2007 2780 revereantur

426 2822 587 2876 simul
614 2822 701 2891 qui
724 2831 968 2891 quaerunt
1005 2821 1241 2873 animam
1292 2836 1462 2873 meam
1491 2830 1546 2872 ut
1580 2819 1825 2889 auferant
1861 2835 2001 2873 eam.

427 2912 815 2967 Convertuntur
872 2922 1161 2965 retrorsum
1217 2919 1266 2964 et
1320 2922 1657 2964 revereantur
1686 2912 1776 2979 qui
1828 2909 2006 2963 volunt

426 3007 555 3060 mihi
582 3007 747 3059 mata.
782 3003 983 3059 Ferant
1014 3006 1287 3073 confestim
1329 3004 1695 3074 confusionem
1732 3020 1886 3058 suam
1916 3004 2006 3073 qui

425 3096 610 3149 dicunt
639 3096 805 3149 mihi:
840 3095 1003 3165 Euge,
1031 3094 1195 3164 Euge.
1226 3092 1383 3147 Nunc
1404 3110 1627 3165 quoque
1657 3095 1827 3150 sentit
1866 3094 2001 3147 mul-

428 3198 516 3245 tos
548 3191 743 3243 animae
786 3203 900 3244 suae
936 3187 1300 3244 adversarios.
1328 3203 1392 3242 ac
1437 3203 1501 3241 ea
1549 3186 1617 3241 de
1665 3202 1831 3242 causa
1868 3201 2007 3256 pra:-

430 3287 639 3334 scntem
670 3279 974 3333 orationem
1008 3278 1230 3332 emittit.
1270 3274 1455 3346 Neque
1489 3275 1635 3329 enim
1669 3282 1889 3330 cessant
1924 3274 2008 3327 in-

426 3370 613 3425 videre
637 3367 893 3439 perfectis
932 3374 987 3422 et
1021 3369 1074 3421 in
1106 3375 1258 3438 petra
1286 3367 1683 3438 gradientibus.
1724 3365 1905 3431 Quare
1934 3365 2002 3421 ab

429 3461 499 3516 iis
526 3459 743 3515 liberari
772 3475 832 3514 se
871 3471 1048 3529 rogat,
1092 3460 1165 3512 ita
1211 3467 1271 3511 ut
1303 3458 1379 3512 illi
1406 3457 1626 3528 quidem
1658 3454 2004 3511 confundan—

432 3560 522 3604 tur
562 3558 618 3606 et
678 3550 887 3620 pudore
941 3548 1249 3603 adiciantur
1304 3550 1400 3619 qui
1451 3557 1706 3619 qumruut
1765 3548 2003 3601 animam

430 3645 631 3716 ipsius,
655 3652 713 3697 ut
741 3643 990 3697 auferant
1018 3657 1173 3707 eam;
1206 3642 1322 3713 ipse
1352 3656 1479 3696 vero
1511 3641 1631 3710 ejus
1653 3638 1875 3694 dextera
1896 3639 2006 3691 cir-

430 3722 862 3794 cumm‘uniatur.
906 3734 1119 3790 Pudore
1155 3734 1464 3789 afﬁciuntur
1497 3742 1702 3797 autem,
1736 3746 1801 3786 ac
1830 3730 2007 3800 turpi-

431 3842 514 3887 ter
561 3837 749 3902 agunt,
782 3830 863 3884 sic
907 3829 1051 3882 enim
1098 3826 1270 3881 edidit
1303 3825 1687 3897 Symmachus,
1729 3824 1823 3893 qui
1856 3837 2005 3893 quae-

431 3931 562 3976 runt
608 3922 846 3973 animam
900 3918 1056 3987 justi,
1092 3925 1381 3987 postquam
1440 3917 1697 3969 omnibus
1744 3913 2006 3969 adhibitis

431 4013 703 4068 machinis
730 4026 789 4065 re
821 4010 1023 4065 infecta
1064 4018 1285 4063 manent
1321 4028 1335 4062 :
1363 4008 1667 4078 deindeque
1708 4016 1766 4061 ut
1801 4008 1893 4077 qui
1923 4008 2008 4061 ni-

434 4107 508 4159 hil
546 4104 806 4177 perﬁcere
856 4104 1132 4173 potuerint
1171 4103 1548 4172 desperantes,
1579 4100 1786 4171 pudore
1813 4100 2006 4156 suffusi

432 4198 753 4252 abscedunt.
812 4196 1178 4262 Quamobrem
1254 4204 1547 4264 postquam
1603 4195 1728 4247 illos
1774 4193 2003 4263 pudore,

434 4289 772 4357 turpitudine
825 4297 879 4342 et
932 4287 1239 4341 reverentia
1301 4285 1529 4341 affectos
1580 4284 1737 4350 dixit,
1771 4286 2001 4355 adjicit:

432 4383 754 4434 Avertantur
783 4388 1071 4432 retrorsum
1102 4387 1150 4432 et
1186 4377 1495 4432 erubescant
1532 4379 1623 4447 qui
1657 4377 1834 4430 volunt
1865 4378 2008 4429 mala

433 4471 734 4526 mihi.Cutu
766 4474 909 4525 enim
938 4471 1071 4523 nihil
1108 4470 1404 4540 potuerint,
1425 4484 1547 4523 cum
1583 4470 1730 4522 nulla
1764 4469 1841 4522 rei
1872 4470 2008 4522 bene

434 4561 686 4634 gerenda:
715 4577 843 4632 spes
889 4562 1149 4632 supersit,
1193 4567 1517 4615 avertuntur
1551 4576 1614 4614 ac
1646 4567 1795 4615 retro
1829 4560 2007 4614 disce-

2182 2544 2261 2597 Τά
2288 2543 2344 2595 δὲ
2374 2542 2536 2596 λοιπά
2560 2544 2673 2605 τοῖς
2695 2540 3113 2612 προειρημένοις
3144 2537 3450 2600 ἀκολούθως
3468 2554 3481 2566 ο
3512 2535 3697 2591 Εὐδό⁴

2109 2650 2326 2703 κησον,
2366 2635 2565 2702 Κύριε,
2604 2633 2731 2703 rei},
2744 2632 3055 2700 ῥύσασθαί
3095 2646 3202 2699 με·
3256 2632 3455 2699 Κύριε,
3500 2632 3587 2695 εἰς
3630 2628 3696 2681 τὸ

2101 2726 2411 2795 ,βοηθῆσαί
2457 2744 2559 2796 μοι
2610 2728 2896 2795 πρόσχες.
2948 2725 3553 2794 Καταισχυνθειησαν
3598 2722 3697 2777 καί

2107 2821 2553 2889 ἐντραπείησαν
2583 2820 2704 2889 ἅμα
2735 2822 2786 2873 οἰ
2821 2819 3138 2887 ζητοῦντες
3180 2818 3294 2885 τὴν
3331 2818 3544 2888 ψυχήν
3576 2836 3696 2888 μου

2107 2914 2214 2967 τοῦ
2252 2911 2459 2981 ἐξᾶραι
2490 2912 2702 2978 αὐτήν.
2723 2912 3272 2981 Ἀποστραφείιισαν
3299 2913 3386 2977 εἰς
3409 2910 3481 2965 τὰ
3503 2912 3696 2966 ὀπίσω

2104 3006 2203 3060 καὶ
2247 3007 2836 3075 καταισχυνθείησαν
2861 3010 2917 3060 οἱ
2945 3005 3224 3072 θέλοντές
3242 3023 3345 3075 μοι
3375 3003 3551 3059 κακά.
3579 3003 3692 3058 Ko-

2098 3098 2506 3168 μισάσθωσαν
2546 3099 2909 3169 παραχρῆμα
2952 3100 3257 3168 αἰσχύνην
3290 3095 3490 3152 αὐτῶν
3516 3100 3568 3151 οἱ
3594 3094 3695 3150 λέ-

2103 3190 2314 3261 γοντές
2330 3206 2461 3260 μοι·
2494 3187 2671 3261 Εὖγε,
2707 3186 2999 3260 εὖγε.Ἐτι
3032 3191 3125 3243 καὶ
3158 3190 3251 3243 νῦν
3281 3188 3526 3242 αἴσθεται
3560 3188 3694 3242 πολ-ι

2113 3283 2219 3338 λῶν
2237 3285 2365 3355 περὶ
2408 3284 2567 3338 αὑτὸν
2606 3285 2817 3356 ἐχθρῶν
2851 3283 3213 3355 ἐπικειμένων
3238 3286 3304 3353 τῇ
3328 3282 3491 3337 αὐτοῦ
3521 3282 3690 3354 ψυχῇ,

2107 3378 2202 3431 καὶ
2228 3378 2355 3449 περί
2380 3375 2585 3430 τούτων
2613 3377 2713 3448 τὴν
2744 3377 3111 3449 προκειμένην
3155 3376 3320 3448 εὐχὴν
3351 3376 3688 3446 ἀναπέμπει.

2107 3470 2182 3522 Οὐ
2211 3469 2322 3541 γάρ
2345 3468 2607 3524 παύονται
2629 3469 2911 3539 διαφθονού
2921 3486 3068 3540 μενοι
3084 3469 3178 3522 καὶ
3199 3471 3311 3531 τοῖς
3340 3468 3442 3540 ήδη
3469 3464 3693 3531 τελείοις

2107 3562 2202 3615 καὶ
2231 3560 2518 3632 βεϐηκόσιν
2550 3561 2642 3613 ἐπὶ
2666 3561 2764 3633 τὴν
2797 3563 3020 3632 πέτραν.
3053 3561 3142 3614 Διδ
3168 3560 3431 3632 ρυσθῆναι
3458 3561 3565 3614 ἀπὸ
3582 3561 3691 3614 τῶν

2107 3649 2413 3722 εἰρημένων
2450 3651 2609 3717 ἀξιοῖ,
2639 3652 2926 3715 κάκείνους
2964 3652 3063 3723 μὲν
3104 3653 3561 3725 καταισχυνθῆναι
3598 3655 3693 3708 καὶ

2106 3743 2440 3813 ὲντραπῆναι
2472 3743 2597 3806 τοὺς
2641 3744 3004 3814 ὲκζητοῦντας
3030 3742 3195 3796 αὐτοῦ
3244 3744 3342 3815 τὴν
3391 3744 3567 3817 ψυχὴν
3594 3743 3690 3798 τοῦ

2106 3833 2296 3906 ἐξᾶραι
2329 3836 2499 3906 αὐτήν
2522 3848 2535 3864 ⁶
2562 3835 2724 3889 αὐτὸν
2749 3836 2805 3889 δὲ
2839 3836 3307 3908 περιφράττεσθαι
3339 3837 3443 3890 ὑπὸ
3470 3838 3569 3908 τῆς
3595 3839 3693 3892 αύ-

2108 3922 2428 3987 τοῦοδεξιᾶς.
2450 3924 2829 3995 Ἐντρέπονται
2851 3924 2907 3977 δὲ
2933 3927 3027 3978 καὶ
3061 3924 3458 3995 ἀσχημονοῦσιν
3499 3924 3694 3993 (οὕτως

2107 4013 2215 4084 γὰρ
2242 3999 2509 4078 ἒξέδωκεν
2551 4016 2579 4067 ό
2606 4015 2944 4087 κΣύμμαχος)
3001 4019 3050 4070 οἰ
3080 4016 3367 4088 ζητοῦντες
3387 4017 3483 4087 τὴν
3517 4015 3693 4087 ψυχὴν

2106 4106 2200 4160 τοῦ
2233 4107 2462 4171 δικαίου,
2490 4109 2730 4174 ἐπειδὰν,
2761 4111 2939 4162 πᾶσαν
2969 4111 3088 4163 κατ’
3115 4109 3279 4163 αὑτοῦ
3305 4107 3550 4180 μηχανὴν
3576 4109 3693 4159 ὲπι-

2107 4203 2420 4272 νοήσαντες,
2451 4202 2726 4272 ἄπρακτοι
2760 4200 3024 4269 γένωνται
3045 4219 3057 4232 '
3103 4199 3201 4255 εἷθ’
3232 4204 3307 4265 ὡς
3356 4203 3520 4274 μηδὲν
3551 4201 3693 4253 δεδυ-

2108 4295 2330 4365 νημένοι
2368 4296 2696 4363 ἀπογνόντες
2736 4294 3187 4359 ἀπαλλάττονται,
3216 4294 3493 4365 ἀἰσχύνην
3526 4310 3694 4348 κατα-

2109 4388 2382 4457 χεάμενοι.
2420 4388 2509 4440 Διὸ
2560 4389 2697 4458 μετά
2729 4387 2790 4440 τὸ
2823 4389 3199 4458 ἀσχημονῆσαι
3232 4390 3448 4453 αὐτοὺς,
3497 4404 3691 4441 καται-

2112 4478 2403 4549 σχυνθῆναί
2444 4496 2503 4532 τε
2547 4480 3002 4551 κα“ι·ἐντραπῆναι
3050 4480 3323 4548 ἐπιλέγει·
3373 4481 3691 4545 Ἀποστρα-

2109 4572 2370 4638 φείησαν
2395 4574 2481 4638 εἰς
2502 4571 2574 4624 τὰ
2600 4572 2702 4623 ὀπί
2705 4586 2814 4633 σω,
2833 4571 2929 4624 καὶ
2951 4570 3394 4638 ἐντραπείησαν
3416 4572 3471 4623 οἰ
3494 4569 3691 4624 θέλον-

432 4658 605 4722 dunt;
659 4654 857 4710 deinde
909 4654 1138 4724 profecti
1196 4669 1261 4707 ac
1291 4653 1481 4723 procul
1524 4653 1708 4722 positi,
1753 4654 2003 4722 nequitiae

2110 4682 2208 4729 τες
2240 4663 2311 4717 τὰ
2345 4662 2499 4717 κακά
2530 4681 2653 4733 μοι.
2701 4663 2884 4734 Μηδὲν
2934 4661 3042 4733 γὰρ
3091 4661 3456 4733 δεδυνημένοι,
3483 4662 3578 4714 καὶ¹
3616 4662 3690 4732 μὴ

434 4766 547 4805 suae
578 4754 808 4820 pignora
859 4749 1129 4817 accipient
1170 4764 1183 4802 :
1219 4762 1389 4817 quare
1431 4756 1554 4817 post
1605 4747 1720 4801 haec
1750 4747 1952 4801 dicitur
1989 4767 2031 4828 ι.

434 4843 635 4898 Ferant
667 4842 942 4912 confestim
964 4840 1322 4910 confusionem
1351 4857 1503 4893 suam
1523 4840 1613 4910 qui
1638 4840 1820 4893 dicunt
1844 4839 2006 4893 mihi:

434 4936 600 5007 Euge,
625 4934 786 5003 Euge.
814 4932 920 4986 Pro
942 4947 1050 5003 quo
1071 4933 1266 5001 Aquila
1294 4950 1306 4986 ε
1336 4932 1419 4985 Aa
1437 4974 1451 4997 ,
1479 4949 1566 4995 aa,
1596 4933 1711 5001 ipsa
1739 4930 2006 4986 Hebraica

433 5044 587 5093 voce,
626 5029 707 5082 sic
744 5022 997 5091 habente,
1034 5036 1188 5078 usus.
1220 5023 1422 5093 Estque
1461 5025 1574 5093 ipsa
1612 5038 1715 5077 vox
1752 5025 2006 5093 planctus

432 5118 743 5187 eorum-qui
772 5117 886 5186 jam
931 5114 1172 5185 superati
1228 5123 1376 5181 sunt,
1412 5130 1475 5168 ac
1517 5122 1662 5168 retro
1717 5122 2005 5168 cesserunt

434 5208 925 5276 confusionemque
947 5207 1281 5260 retulerunt.
1314 5205 1623 5259 Secundum
1650 5203 2003 5274 Septuaginta

434 5301 765 5371 Interpretes
796 5310 851 5356 et
882 5299 1268 5371 Symmachum
1305 5301 1382 5355 sic
1413 5300 1616 5354 dicitur
1642 5318 1655 5353 :
1691 5300 1793 5365 Qui
1823 5300 2003 5352 dicunt

433 5395 497 5449 de
515 5411 641 5449 me:
681 5392 845 5463 Euge,
881 5392 1044 5463 Euge.
1090 5392 1155 5446 Et
1190 5391 1422 5447 fortasse
1462 5393 1595 5462 justi
1648 5392 1853 5445 inimici
1911 5392 2003 5461 qui

433 5484 636 5547 multas
659 5483 922 5537 adversus
952 5498 1077 5536 eum
1104 5482 1333 5537 insidias
1358 5490 1692 5541 struxerant.
1723 5491 2003 5552 sperantes

434 5591 494 5629 se
523 5582 901 5643 superaturos,
938 5573 1005 5627 ad
1031 5573 1273 5643 singulas
1300 5574 1556 5628 dicebant
1593 5592 1606 5627 :
1635 5573 1802 5643 Euge,
1840 5573 2001 5643 Euge.

434 5664 539 5720 Sed
566 5680 690 5719 cum
720 5666 835 5720 haec
862 5665 1182 5735 plerumque
1208 5665 1465 5729 dixerint,
1487 5681 1582 5735 per
1605 5675 1776 5730 tuam,
1807 5666 2002 5736 inquit,

433 5760 658 5830 gratiam
689 5760 801 5828 jam
826 5758 1129 5827 discedant,
1149 5773 1303 5814 suam
1322 5758 1555 5815 ferentes
1586 5759 2000 5830 turpitudinem.

504 5893 577 5965 (l)
626 5892 916 5946 Ἀνεπόλει.

2112 4755 2533 4818 κατελπίσαντες
2587 4753 3078 4826 περιγενήσεσθαι,
3126 4754 3556 4825 ἀποστρέφονται
3596 4753 3693 4805 καὶ

2110 4846 2539 4900 ἀπαλλάττονται
2572 4848 2650 4909 εἰς
2681 4845 2749 4899 τά
2782 4846 2988 4898 ὀπίσωο
3036 4840 3134 4897 εἰτ’
3168 4843 3571 4911 ἀπαλλαγέντες
3599 4842 3696 4896 καὶ

2112 4938 2326 5011 μακρὰν
2351 4939 2653 5009 γενόμενοι,
2688 4937 2977 5007 τάπίχειρα
2998 4936 3095 5006 τῆς
3123 4934 3299 4988 αὐτῶν
3323 4934 3694 5005 ἀπολήψονται

2107 5030 2337 5093 κακίας·
2370 5030 2451 5082 διὸ
2494 5030 2629 5100 μετὰ
2669 5028 2844 5082 ταῦτα
2885 5028 3166 5080 λέλεκται’
3211 5024 3695 5095 Κομισὰσθωσαν

2110 5120 2473 5191 παραχρῆμα
2524 5122 2828 5189 αἰσχύνην
2874 5119 3073 5173 αὐτῶν
3122 5124 3176 5173 οἱ
3221 5119 3505 5189 λέγοντές
3552 5136 3689 5189 μοι’

2110 5211 2286 5282 Εὖγε,
2338 5210 2497 5282 εὖγε.
2538 5213 2676 5266 Ἀνθ’
2706 5204 2765 5264 οὗ
2817 5216 2846 5266 ό
2880 5212 3107 5276 Ἀκύλας
3156 5214 3533 5285 ἡρμήνευσεν’
3578 5212 3689 5275 Ἀὰ,

2109 5307 2204 5372 dei,
2234 5307 2368 5377 αὐτῇ
2406 5306 2855 5377 συγχρησάμενος
2883 5305 3057 5369 οὕτως
3091 5306 3288 5377 ἐχούσῃ
3319 5309 3385 5377 τῇ
3431 5305 3690 5376 Ἐϐραῖκῇ

2111 5400 2448 5469 φωνῇ.”Εστι
2480 5399 2537 5451 δὲ
2565 5397 2703 5469 αῦτη
2739 5398 3117 5470 σχετλιαστικὴ
3146 5400 3252 5452 τῶν
3276 5399 3383 5469 ἤδη
3405 5415 3586 5468 νενικη
3596 5398 3693 5467 μέ-

2108 5508 2212 5544 νων
2246 5491 2339 5544 καὶ
2374 5493 2453 5553 εἰς
2480 5490 2549 5543 τὰ
2575 5491 2749 5544 ὀπίσω
2781 5492 3196 5564 κεχωρηκότων,
3232 5492 3327 5544 καὶ
3356 5492 3454 5562 τὴν
3487 5490 3692 5543 ἑαυτῶν

2108 5582 2367 5653 αἰσχύνην
2418 5581 2814 5653 ἀπειληφότων.
2854 5584 3011 5636 Κατά
3052 5584 3106 5637 δὲ
3128 5584 3257 5647 τοὺς
3293 5582 3693 5653 Ἑϐδομήκοντα

2111 5674 2205 5725 καὶ
2226 5674 2314 5726 τὸν
2335 5673 2628 5744 Σύμμαχον
2656 5676 2904 5745 φήσαντα
2920 5692 2933 5706 ·
2967 5678 3031 5729 οὶ
3057 5675 3344 5745 λέγοντες
3367 5673 3501 5741 περὶ
3520 5671 3689 5741 ἐμοῦο

2115 5760 2290 5836 Εὖγε,
2321 5762 2479 5839 εὖγε,
2511 5767 2651 5838 τάχα
2677 5769 2807 5821 ποτὲ
2837 5770 2885 5822 οἰ
2919 5767 3102 5840 ἐχθροὶ
3134 5768 3229 5823 τοῦ
3253 5766 3463 5822 δικαίου
3491 5764 3692 5828 πολλὰς
