4138 6386
431 321 534 382 561

1568 319 2074 378 COMMENTARIA
2113 319 2180 374 IN
2219 316 2562 376 PSALMOS.

3587 318 3694 375 362

429 443 722 508 ἐπιϐουλὰς
746 442 1085 506 ἐπινοοῦντες
1120 443 1242 496 κατ’
1262 439 1456 508 αὑτοῦ,
1479 442 1562 511 ἐφ’
1595 441 1800 514 ἑκάστῃ
1823 440 2231 514 προσδοκῶντες
2263 436 2740 511 περιγενήσεσθαι,
2771 433 2976 508 ἔλεγον.
2994 430 3173 507 Εὖγε,
3197 432 3357 509 εὖγε.
3377 438 3536 494 Ἀλλὰ
3566 439 3695 504 ποῖ.-

426 539 585 598 λάκις
604 539 781 601 τοῦτο,
799 537 982 608 φησὶν,
1001 535 1398 609 εἰρηκότες,διά
1413 535 1512 606 τὴν
1533 535 1630 608 σὴν
1659 538 1817 608 χάριν
1840 531 2366 590 ἀπαλλαττέσθωσαν
2386 530 2486 602 ήδη
2506 531 2655 591 ποτὲ,
2676 529 2772 600 τὴν
2797 528 3002 584 ἑαυτῶν
3027 531 3385 601 κομισάμενοι
3411 532 3693 603 αἰσχύνην.

559 635 666 687 ΕΙΣ
707 632 793 684 Τυ
833 623 1378 693 ΤΕΛΟΣ,ΨΑΛΜΟΣ
1415 630 1502 682 ΤΩ
1541 627 1740 682 ΔΑΥΙΔ
1777 629 1868 683 Μ’.

495 725 797 794 Μακάριος
823 727 855 778 ὀ
877 724 1107 777 συνιὼν
1134 723 1231 776 ἐπὶ
1253 721 1492 793 πτωχὸν
1517 722 1616 775 καὶ
1646 722 1904 791 πένητα·
1936 723 2007 776 ἐν

422 819 611 887 ἡμέρᾳ
657 813 890 883 πονηρᾷ
926 816 1179 881 ῥύσεται
1215 815 1402 868 αὐτὸν
1429 817 1462 868 ὀ
1504 815 1734 882 Κύριος.
1788 817 2006 884 Κύριος

423 907 790 978 διαφυλάξαι
817 908 1004 962 αὑτὸν
1035 906 1135 960 καὶ
1172 904 1392 968 ζωώσαι
1428 907 1638 969 αὐτὸν,
1681 907 1779 960 καὶ
1817 925 2006 976 μακα-

418 1003 583 1068 ρίσαι
609 1000 798 1053 αὑτὸν
824 1000 894 1052 ἐν
926 998 998 1066 τῇ
1028 997 1124 1068 τῇ,
1156 998 1255 1051 καὶ
1282 997 1368 1068 μὴ
1395 996 1639 1066 παραδῷ
1688 998 1877 1051 αὐτὸν
1917 1001 2006 1064 εἰς

421 1090 632 1160 ψυχὴν
649 1089 880 1158 ἐχθρῶν
900 1089 1108 1144 αὐτοῦ.
1132 1091 1344 1157 Κύριος
1358 1088 1664 1157 ,βοηθῆσαι
1707 1089 1869 1155 αὐτῷ
1903 1091 2004 1142 ἐπὶ

417 1185 634 1248 κλίνης
682 1181 905 1249 ὀδύνης
943 1181 1150 1245 αὑτοῦ,
1203 1181 1357 1248 ὅλην
1396 1180 1511 1248 τὴν
1553 1181 1763 1250 κοίτην
1813 1181 2002 1235 αὐτοῦ

417 1277 715 1343 ἐστρεψας
745 1275 814 1327 ἐν
843 1273 918 1343 τῇ
960 1272 1258 1343 ἀρρωστίᾳ
1296 1274 1505 1327 αὐτοῦ.
1553 1274 1766 1346 Προιὼν
1818 1275 1945 1345 ἑξῆς
1972 1277 2001 1328 ὁ

416 1366 572 1435 λόγος
605 1367 891 1437 ἐπιφέρει·
926 1365 1035 1419 Καὶ
1060 1365 1170 1434 γὰρ
1197 1368 1228 1418 ὀ
1272 1364 1584 1432 ἅνθρωπος
1612 1364 1720 1433 τῆς
1755 1367 2001 1437 εἰρήνης

409 1473 550 1523 μου,
591 1454 682 1523 ἐφ’
715 1453 786 1507 ὃν
815 1453 1066 1521 ἤλπισα,
1107 1456 1140 1506 ὁ
1171 1453 1392 1508 ἐσθίων
1425 1451 1646 1521 ἄρτους
1679 1473 1831 1524 μου,
1863 1456 1995 1525 ἐμε-

412 1547 680 1617 γάλυνεν
705 1547 799 1600 ἐπ’
831 1546 936 1616 ἐμὲ
961 1547 1344 1614 πτερνισμόν.
1378 1545 1564 1600 Ταῦτα
1593 1547 1650 1600 δὲ
1689 1548 1999 1621 ἀναγέγρα-

411 1657 542 1693 πται
578 1641 606 1691 6
644 1639 834 1710 Σωτὴρ
884 1641 979 1693 καὶ
1005 1638 1209 1710 Κύριος
1237 1639 1394 1709 ἡμῶν
1426 1641 1484 1692 ὲν
1511 1639 1588 1710 τῷ
1617 1643 1758 1696 κατά
1819 1643 1998 1697 Ἰωάνα-

409 1749 508 1804 νην
536 1731 855 1803 Εὐαγγελίῳ
885 1733 962 1796 ὡς
993 1730 1054 1796 ἐξ
1075 1729 1273 1785 οἰκείου
1325 1732 1616 1803 προσώπου
1665 1733 1903 1806 εἰρηκὼς
1936 1739 1994 1788 ὲν

408 1827 475 1896 τῇ
522 1825 657 1897 πρὸς
710 1827 836 1888 τοὺς
892 1824 1139 1895 μαθητὰς
1200 1827 1420 1899 ὁμιλίᾳ·
1474 1826 1540 1880 δι’
1592 1821 1666 1882 ὧν
1717 1828 1987 1897 ἔφασκεν·

421 1917 620 1985 Ἀμὴν,
644 1916 827 1987 ἀμὴν,
850 1917 1005 1988 λέγω
1030 1918 1172 1988 ὑμῖν
1191 1935 1203 1949 ·
1243 1923 1363 1973 Οὐκ
1391 1921 1520 1974 ἐστι
1546 1920 1770 1986 δοῦλος
1778 1920 1993 1991 μείζων

1965 657 1976 666 α
2036 631 2083 687 Α

2438 623 2489 675 1.
2528 618 2594 674 ΙΝ
2627 619 2856 687 FINEM,
2879 617 3205 674 PSALMUS
3245 619 3357 674 XL.

2191 715 2358 771 Vnus.
2380 715 2505 771 2-4.
2529 715 2726 769 Beatus
2757 716 2849 785 qui
2878 715 3126 786 intelligit
3177 732 3335 786 super
3389 733 3607 788 egenum
3644 733 3690 773 ut

2113 824 2398 878 pauperem
2433 825 2451 862 :
2475 811 2528 862 in
2559 807 2643 861 die
2666 807 2814 862 mala
2843 808 3089 862 liberabit
3121 825 3239 863 eum
3267 808 3550 867 Dominus.
3580 811 3692 866 Do-

2111 903 2290 956 minus
2323 912 2590 956 conservet
2621 918 2740 956 eum
2768 912 2818 956 et
2852 903 3075 973 viviﬁcet
3119 922 3260 971 eum,
3290 917 3340 959 et
3367 907 3576 961 beatum
3609 909 3694 975 fa-

2111 994 2218 1046 ciat
2241 1009 2362 1046 eum
2396 992 2449 1046 in
2469 1002 2629 1052 terra,
2662 1000 2710 1045 et
2742 1007 2849 1046 non
2888 991 3066 1045 tradat
3092 1010 3210 1046 eum
3237 994 3293 1047 in
3317 995 3552 1048 animam
3584 989 3696 1049 ini-'

2111 1086 2371 1138 micorum
2409 1085 2545 1155 ejus.
2585 1083 2840 1139 Dominus
2872 1101 3019 1154 opem
3044 1085 3182 1154 ferat
3226 1085 3306 1138 illi
3327 1103 3482 1155 super
3502 1087 3692 1143 lectum

2109 1173 2310 1229 doloris
2339 1174 2470 1243 ejus,
2501 1177 2804 1230 universum
2822 1185 3050 1229 stratum
3082 1175 3196 1245 ejus
3223 1178 3444 1233 versasti
3462 1181 3514 1232 in
3541 1181 3693 1248 inﬁr-

2109 1268 2294 1320 mitate
2332 1283 2468 1334 ejus.
2503 1265 2616 1322 Sub
2645 1267 2760 1322 haec
2815 1274 2994 1322 autem
3047 1267 3122 1321 ita
3170 1283 3350 1324 sermo
3405 1273 3688 1341 procedit:

2109 1356 2320 1412 Etenim
2336 1358 2491 1412 Itomo
2514 1359 2662 1426 pacis
2690 1375 2840 1426 meae,
2875 1359 2930 1412 in
2981 1375 3082 1429 quo
3131 1361 3358 1428 speravi,
3384 1363 3473 1430 qui
3507 1361 3692 1417 edebat

2104 1465 2264 1517 panes
2289 1467 2452 1514 meos,
2479 1451 2840 1520 magniﬁcavit
2879 1467 3037 1521 super
3075 1468 3156 1528 me
3183 1451 3688 1522 supplantationem.

2105 1541 2232 1598 Haec
2270 1559 2432 1614 porro
2479 1543 2687 1598 dixisse
2735 1544 2996 1603 scribitur
3041 1543 3290 1599 Salvator
3322 1554 3377 1600 et
3425 1545 3689 1605 Dominus

2104 1644 2292 1690 noster
2328 1637 2383 1689 in
2419 1635 2717 1706 Evangelio
2775 1636 3078 1691 secundum
3111 1635 3401 1703 Joannem,
3435 1641 3592 1708 quasi
3619 1659 3686 1697 cx

2103 1732 2324 1800 propria
2382 1745 2615 1800 persona
2676 1731 2757 1785 sic
2819 1731 3121 1801 discipulos
3167 1732 3680 1797 allocutuszAmen,

2103 1839 2273 1887 amen,
2327 1821 2446 1876 dico
2487 1821 2677 1877 vobis:
2716 1821 2841 1875 Non
2887 1831 2963 1876 est
3013 1839 3192 1878 servus
3250 1826 3427 1894 major
3469 1827 3683 1899 domino

2099 1932 2214 1979 suo,
2247 1932 2410 1986 neque
2434 1917 2705 1985 apostolus
2739 1916 2912 1986 major
2939 1927 3016 1969 est
3039 1932 3098 1970 eo
3118 1918 3209 1987 qui
3243 1919 3388 1972 misit
3417 1918 3590 1974 illum.
3625 1920 3686 1976 Si

405 2007 516 2062 τοῦ
559 2010 771 2077 κυρίου
809 2010 1017 2073 αὐτοῦ,
1058 2011 1202 2065 οὐδὲ
1239 2013 1588 2078 ἀπόστολος
1622 2012 1836 2082 μείζων
1884 2013 1978 2066 τοί

2093 2007 2202 2062 lucc
2228 2010 2397 2072 scitis,
2440 2008 2580 2063 beati
2616 2010 2768 2063 eritis
2819 2025 2937 2062 cum
2955 2009 3185 2078 feceritis
3209 2027 3292 2068 ea.
3328 2009 3455 2065 Non
3483 2013 3547 2066 de
3577 2029 3690 2066 om-

404 2097 756 2167 πέμψαντος
775 2102 980 2154 αὐτόν.
1002 2103 1072 2154 Εἰ
1098 2103 1286 2156 ταῦτα
1311 2104 1530 2168 οἴδατε,
1549 2103 1832 2174 μακάριοί
1849 2106 1990 2160 ἐστε

403 2189 552 2244 ὅταν
574 2192 793 2244 ποιεῖτε
819 2192 894 2265 (1)
946 2192 1118 2248 αὐτά.
1169 2197 1251 2248 0b
1284 2196 1416 2264 περὶ
1456 2195 1698 2250 πάντων
1733 2197 1873 2267 ὑμῖν
1891 2198 1992 2254 λέ-

401 2302 484 2352 γω
501 2301 514 2313 ·
549 2283 663 2354 ἐγὼ
691 2282 825 2338 οῖδα
855 2285 961 2352 οὓς
983 2286 1357 2360 ἐξελεξάμην
1377 2305 1390 2318 ο
1420 2289 1558 2342 ἀλλ’
1589 2289 1690 2342 ἵνα
1715 2291 1753 2358 ἠ
1775 2290 1989 2360 Γραφὴ

400 2373 720 2442 πληρωθῇ
757 2376 810 2428 '0
839 2375 1075 2445 τρώγων
1095 2395 1213 2446 μου
1248 2377 1355 2431 τὸν
1396 2379 1581 2447 ἄρτον
1631 2379 1854 2449 ἐπῆρεν
1894 2382 1989 2435 ἐπ’

399 2464 506 2533 ἐμὲ
528 2463 794 2532 πτέρναν
835 2466 1041 2520 αὐτοῦ.
1082 2468 1249 2540 Ἀλλη
1277 2469 1334 2520 δὲ
1357 2469 1546 2542 Γραφὴ
1578 2470 1735 2524 τοῦτο
1765 2473 1988 2542 φήσασα

397 2558 498 2628 οὐχ
536 2560 871 2630 εὑρίσκεται,
917 2559 1051 2631 μόνη
1079 2561 1192 2632 δὲή
1237 2562 1507 2633 παροῦσα,
1539 2563 1604 2616 δι’
1632 2557 1699 2635 ἧς
1729 2563 1943 2635 εἴρηται
1968 2580 1982 2594 '

410 2649 466 2701 Ὁ
497 2650 718 2706 ἐσθίων
747 2652 930 2722 ἄρτον
955 2671 1075 2721 μου
1125 2655 1497 2724 ἐμεγάλυνεν
1524 2657 1617 2708 ἐπ’
1665 2656 1770 2726 ἐμὲ
1809 2670 1985 2724 πτερ-

395 2745 636 2812 νισμόν.
680 2746 818 2816 Ὥρα
845 2747 1131 2817 τοιγαροῦν
1162 2749 1242 2810 εἰς
1273 2747 1334 2799 τὸ
1382 2747 1547 2800 αὐτοῦ
1594 2749 1884 2818 πρόσωπον
1915 2748 1985 2803 τὰ

397 2837 751 2906 ὲμφερόμενα
784 2837 860 2907 τῷ
890 2837 1088 2910 ψαλμῷ
1115 2841 1190 2902 ὡς
1222 2840 1286 2892 ἂν
1315 2841 1669 2911 προφητικῶς
1718 2845 1984 2914 εἰρημένα

395 2925 666 2979 ἐκλαϐεῖν.
704 2927 795 2979 Διὸ
824 2928 917 2983 καὶ
945 2931 1032 2994 εἰς
1063 2930 1128 2980 τὸ
1153 2929 1330 2995 τέλος
1372 2931 1772 3003 ἐπιγέγραπται
1797 2975 1811 2998 ,
1846 2935 1980 2986 ἀνα-

394 3014 686 3082 πέμποντα
717 3019 866 3086 ἡμᾶς
897 3019 1015 3089 ἦτοι
1040 3017 1131 3071 ἐπὶ
1163 3020 1262 3088 τὴν
1305 3021 1614 3074 συντέλειαν
1655 3023 1748 3076 τοῦ
1787 3025 1981 3089 αἰῶνος

392 3104 515 3156 καθ’
642 3109 946 3180 ἐπληροῦτο
978 3110 1047 3164 τὰ
1076 3114 1562 3184 ἀναγεγραμμένα,
1667 3117 1760 3169 ἐπὶ
1793 3118 1862 3172 τὰ
1893 3135 1981 3169 τε-

392 3196 618 3252 λευταῖα
654 3202 762 3255 τῶν
795 3203 884 3255 διὰ
907 3204 999 3257 τοῦ
1026 3205 1243 3276 ψαλμοῦ
1271 3207 1634 3278 δηλουμένων.
1663 3213 1726 3263 Εἰ
1764 3212 1860 3284 μὲν
1885 3208 1977 3265 οὖν

392 3289 487 3342 ἐπὶ
522 3290 616 3343 τοῦ
664 3294 918 3366 Σωτῆρος
960 3299 1283 3370 ἀναφέροιτο
1321 3302 1390 3355 τὰ
1418 3305 1776 3374 προκείμενα,
1803 3305 1976 3369 εἴποις

389 3377 458 3432 ἂν
489 3383 888 3454 μακαρίζεσθαι
907 3387 996 3439 τὸν
1013 3388 1312 3460 δυνάμενον
1338 3395 1580 3446 συνιέναι
1607 3393 1674 3446 δι’
1697 3395 1762 3464 ἣν
1796 3395 1975 3449 αἰτίαν

389 3474 646 3548 ἀνείληφε
675 3477 740 3530 δι’
774 3481 924 3548 ἡμᾶς
955 3483 1250 3552 πτωχείαν.
1276 3486 1394 3537 Ἔτι
1413 3485 1523 3556 γὰρ
1549 3488 1846 3554 πλούσιος
1867 3487 1972 3550 ὢν,

387 3564 463 3618 δι’
488 3567 645 3635 ἡμᾶς
677 3569 1085 3638 ἐπτώχευσεν,
1123 3575 1224 3626 ἵνα
1250 3575 1422 3644 ἡμεῖς
1465 3576 1540 3646 τῇ
1586 3580 1772 3632 αὑτοῦ
1824 3595 1976 3633 πτω-

387 3655 522 3724 χείᾳ
542 3659 1010 3729 πλουτήσωμεν·
1049 3663 1144 3714 Ἐν
1157 3665 1363 3734 μορφῇ
1385 3685 1444 3719 τε
1491 3667 1639 3721 Θεοῦ
1683 3669 1974 3738 ὑπάρχων

385 3747 686 3802 ἐκένωσεν
707 3750 945 3816 ἑαυτὸν,
969 3756 1213 3824 μορφὴν
1244 3758 1470 3812 δούλου
1507 3759 1710 3813 λαϐὼν
1733 3801 1746 3825 ,
1785 3762 1973 3830 σαφῶς

386 3838 626 3903 ἐδίδαξεν
649 3843 676 3893 6
704 3840 846 3906 θεῖος
865 3845 1202 3910 Ἀπόστολος.
1241 3849 1349 3902 Καὶ
1381 3849 1538 3913 ἄλλος
1562 3851 1606 3902 δ’
1637 3852 1701 3904 ἄν
1735 3869 1818 3914 τις
1849 3869 1972 3904 συν-

385 3930 506 4002 ήσει
545 3933 637 3984 ἐπὶ
666 3933 879 4004 πτωχὸν
913 3937 1008 3989 καὶ
1041 3939 1268 4009 πένητα,
1292 3941 1506 3994 ἀκούων
1529 3942 1695 3996 αὑτοῦ
1723 3943 1971 4012 λέγοντος

386 4027 444 4081 ὲν
471 4029 823 4098 Εὐαγγελίοις
842 4048 853 4059 ⁸
890 4031 1090 4100 Δεῦτε,
1118 4035 1171 4086 οἱ
1193 4033 1586 4104 εὐλογημένοι
1609 4036 1716 4089 τοῦ
1739 4037 1971 4104 Πατρός

380 4136 522 4186 μου,
609 4123 1106 4193 κληρονομήσατε
1165 4123 1281 4192 τὴν
1329 4125 1781 4195 ἡτοιμασμένην
1829 4127 1970 4195 ὑμῖν

378 4210 710 4274 ,βασιλείαν
761 4215 876 4268 ἀπὸ
928 4216 1266 4285 καταϐολῆς
1309 4219 1563 4287 κόσμου.
1639 4221 1969 4276 Ἐπείνασα

383 4302 516 4370 γὰρ,
551 4303 649 4356 καὶ
669 4304 932 4358 ἐδώκατὲ
974 4325 1074 4374 μοι
1107 4307 1361 4378 φαγεῖνσ-
1387 4309 1675 4378 ἐδίψησα,
1706 4313 1805 4365 καὶ
1830 4314 1968 4368 ἐπο-

380 4396 591 4449 τίσατέ
646 4415 757 4466 με’
803 4398 998 4464 ,ξένος
1030 4400 1232 4469 ἤμην,
1287 4402 1384 4455 καὶ
1437 4406 1818 4474 συνηγάγετέ
1853 4425 1963 4476 με·

381 4488 628 4558 γυμνὸς,
666 4491 764 4542 καὶ
797 4491 1175 4559 περιεϐάλετέ
1196 4510 1306 4563 με’
1337 4495 1661 4562 ἠσθένουν,
1691 4499 1791 4552 καὶ
1825 4499 1902 4552 ἐπ
1938 4532 1964 4541 -

377 4583 746 4652 εσκέψασθε
771 4586 839 4638 ἐν
864 4586 1111 4655 φυλακῇ
1137 4587 1318 4656 ἤμην,
1341 4589 1440 4642 καὶ
1464 4589 1678 4658 ἤλθετε
1701 4595 1850 4659 πρὸς
1864 4596 1965 4664 μέ·

2005 3361 2047 3416 C

2096 2100 2248 2154 nibus
2268 2101 2409 2156 vobis
2433 2100 2591 2155 dico:
2613 2117 2705 2171 ego
2727 2101 2836 2154 scio
2865 2117 2994 2171 quos
3018 2100 3260 2171 elegerim
3281 2118 3300 2166 ,'
3325 2101 3416 2156 sed
3431 2113 3487 2157 ut
3511 2105 3680 2158 adim-

2091 2193 2302 2262 pleatur
2324 2193 2604 2262 Scriptura
2635 2208 2652 2246 :
2689 2192 2796 2258 Qui
2825 2193 3114 2246 manducat
3170 2210 3344 2248 meum
3365 2211 3576 2261 panem,
3606 2197 3681 2250 Ie-

2092 2289 2230 2339 vavit
2252 2293 2438 2337 contra
2464 2299 2546 2337 me
2576 2283 2884 2336 calcaneum
2907 2299 3063 2338 suum
3091 2283 3156 2336 η.
3193 2282 3352 2338 Nulla
3377 2301 3540 2354 porro
3573 2288 3680 2341 alia

2094 2375 2374 2446 Scriptura
2407 2390 2530 2445 quae
2579 2375 2686 2430 hoc
2742 2375 2894 2430 dicat
2944 2379 3241 2446 reperitur,
3296 2386 3496 2448 praeter
3537 2378 3680 2433 hanc

2089 2483 2255 2521 unam
2273 2483 2380 2540 qua
2400 2467 2608 2521 dictum
2632 2475 2739 2533 est,
2768 2469 2860 2538 qui
2885 2467 3072 2522 edebat
3114 2484 3304 2538 panem
3343 2487 3536 2536 meum,-
3566 2489 3680 2526 ma-

2088 2561 2359 2630 gniﬁcavit
2405 2576 2562 2630 super
2584 2578 2665 2616 me
2708 2561 3212 2630 supplantationem.
3261 2562 3369 2617 Par
3398 2573 3482 2620 est
3514 2565 3680 2635 igitur

2089 2651 2160 2706 ad
2193 2652 2311 2722 ejus
2339 2667 2655 2722 personam,
2691 2668 2813 2723 qua:
2838 2654 2893 2708 in
2924 2655 3030 2709 hoc
3061 2655 3275 2725 psalmo
3305 2654 3574 2720 feruntur,
3621 2664 3680 2711 ut

2087 2746 2406 2815 prophetiae
2465 2744 2613 2799 dicta
2671 2745 2940 2816 accipere.
2992 2745 3362 2812 Quamobrem
3415 2748 3472 2803 in
3519 2749 3678 2818 ﬁnem

2085 2837 2427 2902 inscribitur,
2449 2836 2595 2907 quod
2635 2837 2751 2892 haec
2781 2854 2884 2894 nos
2917 2841 3201 2894 remittant
3225 2840 3294 2897 ad
3324 2857 3680 2898 consumma-

2086 2937 2290 2991 tionem
2327 2937 2536 3000 saeculi,
2572 2951 2682 3006 quo
2728 2944 2975 3007 tempore
3019 2953 3084 2993 ea
3137 2953 3259 3008 quae
3291 2939 3495 3010 scripta
3547 2950 3675 2996 sunt

2085 3027 2490 3098 implebunturj;
2525 3027 2640 3083 sive
2671 3029 2832 3083 etiam
2864 3028 2932 3083 ad
2973 3037 3250 3100 postrema
3282 3030 3478 3100 psalmi
3508 3029 3675 3085 dicta.

2083 3121 2240 3187 Quod
2271 3122 2318 3175 si
2351 3121 2466 3175 haec
2496 3121 2563 3175 ad
2591 3119 2929 3176 Salvatorem
2958 3122 3288 3190 referantur,
3316 3123 3442 3195 jure
3471 3123 3677 3181 dixeris

2081 3217 2301 3271 beatum
2337 3217 2627 3286 praedicari
2655 3232 2804 3283 eum,
2833 3217 2927 3286 qui
2947 3217 3252 3288 intelligere
3286 3218 3584 3289 possitqua
3605 3218 3676 3274 de

2083 3325 2252 3364 causa
2294 3317 2519 3380 propter
2559 3326 2661 3364 nos
2692 3320 2994 3380 egestatem
3059 3315 3384 3383 susceperit.
3422 3311 3672 3384 Insuper,-

2079 3416 2200 3454 cum
2249 3410 2382 3456 esset
2435 3402 2600 3467 dives,
2633 3412 2847 3472 propter
2891 3421 2987 3459 nos
3015 3421 3207 3475 egenus
3230 3405 3405 3474 factus
3461 3416 3558 3471 est,
3613 3416 3674 3461 ut

2077 3509 2170 3546 nos
2201 3493 2315 3562 ejus
2346 3495 2530 3563 inopia
2552 3493 2737 3547 divites
2765 3511 2996 3550 essemus
3016 3497 3084 3561 ¹⁷;
3111 3504 3166 3551 et
3204 3515 3217 3551 :
3253 3497 3387 3552 Cum
3415 3497 3470 3552 in
3495 3498 3670 3568 forma

2075 3583 2174 3638 Dei
2199 3595 2355 3652 esset,
2406 3587 2744 3654 semetipsum
2799 3587 3092 3642 exinanivit
3133 3589 3308 3657 forma
3349 3591 3484 3644 servi
3521 3607 3670 3644 accc--

2072 3686 2166 3745 pta
2198 3678 2264 3741 ¹⁸,
2289 3686 2348 3732 ιιι
2370 3678 2518 3733 clare
2546 3694 2650 3733 nos
2695 3677 2883 3734 docuit
2934 3679 3159 3734 divinus
3193 3680 3511 3751 Apostolus.
3543 3682 3668 3738 Alio

2075 3785 2294 3841 quoque
2325 3772 2487 3827 modo
2518 3775 2643 3844 quis
2700 3774 3004 3844 intelligere
3043 3774 3217 3843 possit
3249 3789 3413 3844 super
3433 3790 3666 3846 egenum

2072 3869 2126 3916 et
2150 3876 2463 3932 pauperem,
2492 3864 2722 3919 audiens
2746 3865 3027 3920 Christum
3057 3866 3118 3918 in
3146 3864 3455 3935 Evangeliis
3479 3866 3668 3923 dicen-

2073 3960 2179 4006 tem
2213 3971 2224 4006 :
2268 3952 2468 4019 Venite,
2507 3955 2768 4010 benedicti
2805 3955 2991 4010 Patris
3039 3957 3164 4020 mei,
3211 3955 3474 4026 possidete
3501 3972 3666 4026 para-

2074 4051 2184 4095 tum
2235 4043 2379 4097 vobis
2438 4061 2655 4115 regnum
2698 4065 2731 4099 a
2780 4047 3154 4100 constitutione
3197 4045 3402 4100 mundi.
3451 4046 3666 4102 Esurivi

2069 4138 2232 4200 enim,
2259 4147 2308 4190 et
2330 4137 2550 4193 dedistis
2585 4139 2716 4192 milti
2748 4137 3108 4200 manducare;
3141 4138 3307 4202 sitivi,
3362 4148 3414 4191 et
3437 4137 3662 4193 dedistis

2072 4230 2202 4283 milii
2246 4228 2451 4292 bibere;
2486 4229 2673 4298 hospes
2711 4246 2880 4294 eram,
2911 4237 2960 4282 et
2990 4229 3276 4298 collegistis
3317 4244 3400 4282 me
3422 4244 3440 4290 ;
3462 4228 3656 4290 nudus,

2068 4332 2116 4376 et
2166 4323 2513 4390 cooperuistis
2565 4339 2678 4387 me;
2723 4323 2997 4392 infirmus,
3039 4332 3088 4376 et
3128 4323 3384 4376 visitastis
3434 4338 3554 4383 me;
3604 4338 3660 4374 ιιι

2068 4431 2279 4468 carcere
2307 4431 2478 4476 erant,
2530 4426 2581 4468 et
2609 4417 2821 4469 venistis
2853 4415 2922 4468 ad
2958 4432 3039 4470 me
3059 4415 3131 4483 ¹⁹;
3185 4417 3390 4485 quibus
3424 4414 3658 4484 subjun-

2068 4509 2146 4577 git
2179 4526 2190 4561 :
2231 4507 2502 4572 Quantum
2530 4508 2732 4577 fecistis
2768 4510 2860 4562 uni
2908 4524 2974 4562 ea:
3005 4509 3088 4563 his
3119 4509 3379 4578 fratribus
3403 4509 3531 4562 meis
3565 4507 3657 4559 mi-

2071 4600 2254 4667 nimis,
2289 4601 2420 4654 mihi
2480 4601 2682 4671 fecistis
2713 4603 2781 4657 ¹⁰.
2836 4601 3018 4672 Atque
3054 4603 3129 4656 ita
3186 4617 3314 4656 vere
3349 4601 3542 4655 beatus
3569 4605 3658 4654 est.

376 4673 459 4740 οἷς
482 4678 743 4746 ἐπιλέγει·
793 4679 911 4747 Ἐφ’
951 4679 1102 4731 ὅσον
1121 4680 1444 4746 ἐποιήσατε
1472 4683 1562 4735 ἐνὶ
1586 4682 1703 4736 τῶν
1737 4687 1964 4740 τούτων

2083 4690 2162 4758 ιιιί
2199 4690 2451 4762 intelligit
2499 4708 2665 4762 super
2697 4707 2926 4762 egenum
2955 4700 3010 4746 et
3039 4707 3332 4761 pauperem
3381 4689 3461 4745 sic
3496 4704 3656 4744 acce-

379 4768 499 4821 τῶν
519 4770 862 4837 ἐλαχίστων
877 4769 996 4822 τῶν
1015 4770 1161 4824 ἀδελ
1167 4771 1296 4840 ρῶν
1305 4791 1444 4841 μου,
1463 4774 1591 4838 ἐμοὶ
1616 4775 1958 4842 ἐποιήσατε.

375 4864 486 4915 Καὶ
515 4862 687 4926 οὕτως
717 4859 808 4917 οὖν
867 4865 1134 4935 μακάριος
1161 4865 1375 4937 ἀληθῶς
1421 4870 1448 4921 ὁ
1509 4868 1706 4922 συνιὼν
1751 4872 1844 4923 ἐπὶ
1871 4872 1962 4924 τὸν

370 4954 545 5018 οὕτως
575 4957 906 5010 ἁποδοθέντα
935 4958 1148 5027 πτωχὸν
1193 4960 1285 5012 καί
1315 4960 1541 5031 πένητα.
1579 4963 1641 5014 Εἰ
1667 4962 1725 5015 δὲ
1744 4963 1837 5016 καὶ
1871 4966 1962 5017 ἐπὶ

369 5046 462 5099 τὸν
492 5049 655 5102 Δαυῒό
689 5051 1017 5121 ἀναφέροιτο
1047 5054 1115 5106 τὰ
1148 5053 1468 5124 λελεγμένα,
1517 5054 1690 5118 εἴποις
1735 5055 1801 5109 ἂν
1833 5058 1964 5110 ἁκο-

367 5137 577 5203 λῡὺθως
607 5141 684 5212 τῷ
713 5143 819 5213 πρὸ
839 5143 1026 5197 τούτου
1058 5145 1258 5216 ψαλμῷ
1286 5145 1457 5200 ταῦτα
1484 5147 1774 5218 συνῆφθαι.
1807 5149 1961 5202 Ἐπεὶ

368 5231 482 5302 γὰρ
515 5233 652 5304 πρὸς
682 5238 793 5299 τοῖς
824 5236 1157 5301 τελευταίοις
1185 5238 1278 5292 τοῦ
1311 5237 1388 5292 λθ⁹
1418 5239 1634 5309 ἐλέγετο
1685 5244 1750 5294 ὲκ
1782 5260 1952 5313 προσ-

368 5323 522 5378 ώπου
546 5328 640 5380 τοῦ
664 5331 830 5384 Δαυῖδ
852 5348 866 5361 ·
908 5330 1054 5401 Ἐγὼ
1089 5331 1157 5384 δὲ
1180 5331 1367 5399 πένης
1398 5334 1514 5402 εὶμὶ
1559 5335 1656 5388 καὶ
1684 5338 1951 5405 πτωχός·

363 5416 541 5470 ταῦτα
571 5418 616 5470 δ’
651 5419 836 5488 ἔλεγεν
872 5422 902 5473 ὁ
937 5420 1190 5485 τοσοῦτος
1215 5420 1466 5492 βασιλευς
1492 5466 1505 5490 ,
1546 5427 1574 5477 6
1621 5425 1715 5478 τὸν
1748 5426 1954 5496 ἄφατον

364 5508 599 5565 πλοῦτον
639 5514 990 5586 συναγηοχὼς
1037 5516 1118 5578 εἰς
1164 5516 1264 5588 τὴν
1303 5519 1654 5590 παρασκευὴν
1687 5518 1780 5572 τοῦ
1819 5520 1954 5590 μετὰ

358 5602 543 5656 ταῦτα
577 5605 948 5676 ὲγηγερμένου
976 5607 1064 5660 διὰ
1099 5607 1411 5680 Σολομῶνος
1451 5609 1594 5674 eam"),
1641 5611 1954 5683 σμικρύνων

2068 4790 2241 4848 ptum.
2281 4779 2436 4845 Quod
2471 4781 2515 4834 si
2549 4781 2616 4834 ad
2648 4780 2904 4836 Davidem
2949 4796 3115 4850 supra
3142 4781 3290 4835 dicta
3321 4780 3647 4842 referantur,

2066 4873 2219 4927 dicas
2243 4871 2357 4926 haec
2379 4873 2630 4942 apposite
2654 4872 2974 4942 praet-denti
3009 4861 3220 4941 psalmo
3240 4872 3481 4927 subnexa
3503 4888 3647 4936 esse,

2068 4963 2340 5033 siquidem
2367 4965 2470 5018 sub
2496 4963 2654 5019 linem
2679 4965 2872 5033 psalmi
2904 4981 3092 5026 xxxix,
3128 4979 3195 5018 ex
3227 4979 3459 5034 persona
3487 4963 3648 5017 Dari-

2064 5056 2152 5112 dis
2173 5055 2477 5115 dicebatur,
2500 5072 2593 5124 ego
2624 5064 2800 5109 autent
2847 5055 3116 5109 mendicus
3166 5071 3284 5108 sum
3332 5064 3383 5108 et
3423 5071 3644 5124 pauper.

2065 5147 2192 5202 llaec
2219 5163 2384 5218 porro
2426 5155 2612 5202 tantus
2657 5164 2751 5204 rex
2785 5149 3022 5214 dicebat,
3078 5149 3174 5218 qui
3231 5148 3644 5204 inaestimabiles

2057 5241 2280 5295 divitias
2305 5239 2372 5294 ad
2399 5249 2724 5311 apparatum
2770 5241 2976 5310 templi,
3004 5241 3110 5297 sub
3149 5240 3264 5296 hac
3284 5255 3315 5295 a
3349 5240 3642 5298 Salomone

2058 5335 2275 5401 structi,
2306 5335 2638 5406 collegerat;
2675 5336 2768 5406 qui
2821 5350 2941 5391 sese
2987 5351 3214 5405 parvum
3265 5342 3320 5391 et
3351 5335 3638 5400 humilem,

2057 5428 2436 5498 moderatique
2472 5428 2665 5490 animi,
2693 5443 2756 5482 ac
2791 5426 2989 5481 alIectu
3040 5442 3164 5483 vere
3217 5441 3512 5497 pauperem
3543 5443 3640 5483 ex-

2058 5521 2300 5575 hibebat.
2325 5519 2451 5575 Ideo
2472 5520 2796 5588 subiunctus
2829 5526 2914 5576 est
2945 5535 3186 5590 praesens
3210 5525 3476 5592 psalmus,
3503 5519 3638 5576 bea-

2058 5619 2174 5666 tum
2204 5613 2510 5682 praedicans
2534 5629 2660 5668 eum
2692 5613 2786 5685 qui
2808 5630 2975 5685 super
2996 5615 3306 5688 hujusmodi
3342 5629 3636 5686 pauperem

438 5701 484 5730 ¹⁸
520 5699 678 5756 Joan.
717 5719 840 5762 xm.
876 5703 961 5757 16.
1042 5705 1084 5735 ¹⁷
1123 5702 1168 5756 Η
1203 5704 1326 5759 Cor.
1357 5720 1488 5765 VIII.
1526 5705 1579 5759 9.
1616 5735 1621 5751 ι
1659 5707 1703 5737 ¹⁸
1745 5705 1978 5779 Philipp.

2083 5749 2090 5773 ,
2136 5709 2186 5764 7.
2268 5709 2310 5740 ¹⁹
2345 5708 2536 5766 Matth.
2575 5727 2702 5773 xxv,
2735 5710 2826 5774 54,
2862 5709 2951 5766 55.
3031 5709 3078 5743 ³⁸
3117 5710 3248 5766 ibid.
3283 5710 3371 5766 40.

431 5793 513 5863 (1)
537 5794 724 5848 ’Ὅταν
766 5795 1006 5851 ποιεῖτε.
1045 5797 1207 5870 Vulg.
1256 5799 1352 5862 ἐὰν
1385 5797 1614 5874 ποιῆτε;
1665 5812 1719 5859 et
1755 5818 1884 5869 mox
1921 5819 1978 5873 pr

2083 5821 2187 5858 ιου.
2211 5801 2367 5874 Vulg.
2390 5806 2510 5874 μετ’
2561 5804 2719 5874 ἐμοῦ,
2751 5812 2813 5860 ιιι
2858 5815 2913 5860 ει
2943 5803 3215 5875 interpres
3253 5804 3438 5860 vertit.
3470 5802 3630 5860 EDI'I'.

686 5889 962 5976 Ρρτιιοι..
995 5891 1113 5953 Gn.
1147 5893 1380 5956 XXIII.

3283 5897 3358 5955 l2
