4138 6386
420 346 550 414 ’568

1148 342 1418 402 EUSEBII
1458 338 1940 399 CESARIENSIS
1971 337 2123 396 OPP.
2163 337 2343 395 PARS
2373 335 2461 394 ΠΙ.
2490 366 2561 378 -
2591 330 2999 390 EXEGE’IICA.

3596 323 3700 380 36-1

441 473 721 547 intelligit.
751 466 1096 543 llln’d'porro,
1126 482 1431 539 pauperem,
1458 481 1638 539 neque
1667 465 1726 520 in
1752 463 2022 521 Hebraico

2132 461 2318 517 ἑαυτὸν
2345 460 2439 514 καὶ
2460 454 2854 523 ταπεινῶν,καὶ
2885 455 2950 526 τῇ
2983 451 3127 523 ψυχῇ
3163 444 3587 522 μετριοφρονῶν,
3609 446 3701 499 καὶ

441 567 765 639 exemplari,
787 578 965 637 neque
996 561 1143 635 apud
1193 560 1436 631 reliquos
1476 561 1809 630 interpretes
1828 556 2022 612 fertur.

444 657 761 714 Secundum
801 661 1062 726 quartum
1110 665 1335 708 sensum
1356 649 1466 705 dici
1497 649 1695 721 possit,
1713 660 2025 704 sermonem

440 764 568 806 esse
611 744 1010 803 sententiosum
1063 749 1133 802 et.
1153 741 1250 813 qui
1276 741 1346 797 ad
1384 738 1778 811 benignitatem
1813 745 1867 793 et
1891 752 2028 808 pau-

443 855 632 913 perum
657 852 901 894 amorem
956 836 1295 893 cobortetur.
1343 832 1480 889 Nam
1535 846 1664 903 erga
1687 846 1784 888 eos
1809 845 2028 902 quoque

441 934 537 1005 qui
560 932 860 999 vulgariori
890 944 1060 987 sensu
1089 941 1358 1000 pauperes
1386 926 1670 991 dicuntur,
1713 922 2027 979 misericor-

442 1028 543 1084 des
573 1041 697 1082 esse
725 1024 904 1090 decet,
947 1023 1140 1094 eisque
1172 1035 1402 1092 erogare
1428 1018 1686 1083 libenter,
1721 1016 2030 1087 intelligen—

442 1126 529 1177 tes
560 1116 967 1176 scilicet-Deum
993 1131 1120 1172 esse
1145 1115 1241 1187 qui
1271 1113 1393 1169 illos
1417 1108 1734 1167 mendicare
1762 1107 2025 1173 decrevit,

398 1258 407 1273 ,
440 1219 498 1266 et
545 1211 614 1267 ad
632 1225 765 1266 eam
803 1207 1177 1263 conditionem
1217 1204 1479 1271 deduxit;
1514 1209 1683 1272 atque
1734 1213 1844 1255 una
1876 1199 2027 1269 ipsos

443 1318 542 1374 per
573 1302 889 1373 pauperiem
907 1307 1147 1367 exercet,
1173 1305 1227 1354 et
1259 1313 1356 1353 eos
1388 1295 1484 1367 qui
1525 1309 1713 1350 rerum
1738 1291 1897 1361 copia
1919 1291 2028 1361 pol-

440 1401 577 1466 lent,
626 1396 802 1451 bonos
857 1393 1122 1465 propositi
1179 1391 1264 1448 sui
1286 1391 1499 1452 fructus
1551 1404 1649 1460 per
1684 1388 2028 1460 largitionem

443 1492 633 1563 egenis
657 1489 860 1544 factam
907 1486 1154 1558 praebere
1176 1485 1474 1541 desiderat.
1528 1481 1796 1538 Tentatnr
1843 1481 2029 1551 itaque

440 1599 540 1656 per
561 1597 859 1655 pauperem
880 1579 1067 1647 dives,
1104 1594 1237 1634 num
1297 1577 1512 1634 scilicet
1563 1574 1738 1630 durus
1760 1580 1815 1630 et
1850 1573 2031 1628 immi-

445 1679 705 1741 sericors,
731 1692 802 1731 an
843 1675 1117 1731 humanus
1163 1680 1219 1729 et
1271 1672 1610 1728 misericors.
1654 1668 2029 1736 Quamobrem

444 1771 589 1828 inter
608 1769 796 1825 divina
831 1773 1125 1838 praecepta,
1171 1765 1345 1820 multa
1374 1765 1443 1820 de
1473 1762 1805 1835 pauperibus
1833 1768 1887 1816 et
1906 1775 2031 1830 ege—

444 1866 536 1922 nis
585 1863 860 1919 feruntur.
909 1858 1225 1916 Secundum
1278 1858 1527 1929 quintam
1564 1864 1754 1912 autem
1785 1854 2026 1925 explica-

445 1959 674 2017 tionem,
709 1954 877 2010 alium
916 1966 1218 2024 pauperum
1270 1951 1520 2007 ordinem
1568 1950 1835 2022 reperias,
1866 1949 1962 2019 qui
1996 1961 2028 2000 a

450 2044 739 2101 Salvatore
762 2045 959 2100 beatus
977 2042 1325 2114 praedicatur,
1359 2041 1664 2107 secundum
1686 2040 1820 2096 illud
1845 2039 2028 2094 :Beati

445 2152 698 2210 pauperes
718 2136 936 2204 spiritu,
962 2135 1212 2206 quoniam
1237 2134 1476 2203 ipsorum
1509 2142 1586 2187 est
1614 2149 1831 2205 regnum
1872 2131 2032 2186 caelo-

445 2249 566 2286 rum
599 2233 668 2280 ἰ.
728 2228 943 2297 Quibus
966 2227 1148 2285 verbis
1202 2241 1299 2282 eos
1350 2226 1446 2297 qui
1497 2224 1799 2282 secundum
1860 2223 2029 2280 Deum

444 2317 928 2391 philosophantur,
954 2322 1009 2373 et
1033 2322 1255 2388 propter
1293 2313 1537 2369 divinam
1577 2313 2028 2369 exercitationem

444 2425 713 2482 pauperes
738 2417 929 2480 agunt,
957 2407 1053 2480 qui
1083 2414 1242 2463 erant
1269 2406 1390 2477 ejus
1410 2405 1665 2477 discipuli
1686 2414 1741 2461 et
1770 2405 2027 2476 apostoli,

447 2502 700 2559 Salvator
737 2502 930 2559 beatos
957 2500 1298 2572 praedicavit.
1333 2499 1531 2554 Beatus
1556 2498 1725 2569 igitur
1751 2499 1840 2568 qui
1867 2497 2027 2552 intel-

448 2594 562 2664 ligit
587 2608 746 2663 super
771 2607 1010 2663 egenum,
1043 2604 1211 2660 super
1232 2603 1357 2644 eum
1390 2588 1484 2658 qui
1521 2585 1615 2639 illo
1640 2585 1802 2641 modo
1823 2599 2029 2655 egenus

444 2693 500 2740 et
521 2700 727 2755 pauper
754 2692 869 2752 est;
894 2697 1022 2738 nam
1041 2682 1200 2738 bona:
1229 2679 1380 2737 illius
1404 2693 1470 2734 ac
1489 2676 1824 2734 felicissimae
1865 2677 2030 2733 intel-

445 2775 684 2845 ligentiae
703 2773 941 2830 fructum
966 2771 1218 2843 accipiet,
1274 2768 1370 2841 qui
1421 2768 1680 2838 deinceps
1712 2765 2027 2822 indicatur:

448 2867 516 2924 In
543 2869 627 2922 die
652 2867 799 2923 enim
830 2865 978 2921 mala
1005 2863 1253 2919 liberabit
1289 2878 1409 2917 eum
1446 2859 1740 2924 Dominus;
1788 2860 1925 2925 sive,
1950 2874 2032 2914 so-

444 2956 689 3015 cundum
720 2955 1132 3029 Symmachum,
1150 2955 1206 3010 in
1225 2955 1311 3009 die
1346 2953 1665 3027 aﬂlictionis.
1689 2952 1826 3008 Nam
1844 2953 1891 3010 si
1921 2967 2032 3024 qua

447 3051 680 3106 tentatio
701 3049 1015 3122 contingat,
1046 3055 1102 3106 et
1143 3048 1203 3104 in
1231 3048 1599 3105 calamitatem
1622 3060 2032 3117 atrumnamque

2130 554 2349 627 άληθῶς
2374 556 2440 625 τῇ
2490 550 2728 607 διαθέσει
2776 546 3105 618 πτωχεύων·
3139 543 3330 627 τούτου
3378 542 3538 611 χάριν
3585 538 3708 591 ἑπι-

2130 622 2453 718 συνῆπται
2477 641 2668 715 παρὼν
2700 639 2932 711 ψαλμὸς,
2964 622 3281 708 μακαρίζων
3308 631 3400 686 τοῦ
3436 628 3706 693 συνιέντες

2130 740 2225 794 ἐπὶ
2254 739 2346 792 τὸν
2376 735 2521 789 οὕτω
2569 731 2805 803 πτωχόν.
2844 718 2919 783 Τὸ
2945 729 3001 782 δὲ
3020 768 3035 794 ,
3074 727 3301 795 πένητα
3323 765 3339 790 ,
3388 720 3510 776 οὔτε
3538 722 3594 774 ὲν
3625 718 3708 790 τῷ

2138 830 2431 904 Ἐϐραῖκῷ,
2457 826 2581 882 οὔτε
2613 824 2765 898 παρὰ
2794 824 2907 888 τοῖς
2920 812 3124 885 λοιποῖς
3155 810 3511 892 ἐρμηνευταϊς
3539 814 3708 887 ὲμῴἐρ

2129 941 2302 1000 ρεται.
2333 923 2446 978 Καὶ
2478 920 2620 975 κατὰ
2641 919 2909 990 τετάρτην
2931 913 3166 969 διάνοιαν
3193 911 3335 965 είποι
3355 927 3439 974 τις
3470 907 3534 963 ἂν
3566 920 3706 977 γνωε-

2131 1016 2350 1089 μονικὸν
2406 1010 2545 1068 εἶναι
2572 1012 2664 1067 τὸν
2693 1012 2848 1080 λόγον
2879 1008 2972 1063 καὶ
2998 1003 3379 1089 παραινετικδν
3402 1000 3704 1072 φιλανθρω-

2129 1086 2261 1173 πίας
2292 1106 2390 1162 καὶ
2422 1105 2814 1177 φιλοπτωχίας.
2848 1100 3119 1174 Προσήκει
3151 1096 3260 1169 γὰρ
3285 1086 3377 1148 ἐπὶ
3402 1094 3510 1177 τῶν
3544 1092 3707 1147 κοινό-

2128 1219 2285 1274 τερον
2313 1172 2621 1271 λεγομένων
2660 1172 2911 1267 πτωχῶν
2939 1188 3384 1262 συμπαθητικοὺς
3430 1172 3567 1239 εἶναι
3610 1183 3706 1238 καὶ

2133 1292 2539 1366 μεταδοτικοὺς,
2576 1289 2873 1351 συνιέντας,
2907 1284 2982 1348 ὡς
3023 1284 3064 1343 ὁ,
3092 1281 3291 1353 κρίνων
3321 1280 3516 1341 αὐτοὺς
3560 1284 3706 1329 πτω-

2129 1384 2308 1456 χεύειν
2332 1382 2463 1447 Θεὺς
2482 1383 2562 1446 είς
2587 1380 2791 1450 ταύτην
2816 1378 3011 1441 αὐτοὺς
3035 1375 3209 1447 ἤγαγε
3237 1370 3332 1442 τὴν
3356 1369 3704 1424 κατάστασινδ

2126 1479 2265 1551 ὁμοῦ
2324 1478 2421 1549 μὲν
2476 1477 2568 1530 καὶ
2620 1475 2817 1537 αὐτοὺς
2859 1470 3149 1543 γυμνάζων
3172 1466 3260 1521 διὰ
3284 1466 3385 1536 τῆς
3412 1462 3708 1533 πτωχείας,

2129 1573 2264 1646 ὁμοῦ
2288 1574 2343 1627 δὲ
2368 1571 2462 1627 καὶ
2492 1571 2620 1633 τοὺς
2652 1572 2709 1624 ὲν
2736 1564 3023 1638 περιουσίᾳ
3052 1562 3167 1634 βίου
3191 1559 3435 1630 καρποὺς
3463 1557 3561 1627 τῆς
3582 1557 3710 1646 eau-

2129 1645 2239 1717 τῶν
2262 1660 2634 1733 προαιρέσεως
2676 1655 2935 1727 παρέχειν
2966 1652 3055 1706 διὰ
3080 1652 3179 1723 τῆς
3221 1650 3299 1714 είς
3344 1648 3470 1712 τοὺς
3514 1645 3711 1708 ἐνδεεῖς

2132 1752 2417 1817 κοινωνίας
2450 1747 2866 1822 βεϐουλημένος.
2893 1740 3220 1815 Πειράζεται
3247 1737 3377 1809 γοῦν
3407 1738 3435 1790 ὁ
3457 1734 3710 1797 πλούσιος

2060 1817 2101 1872 Β
2130 1847 2216 1900 διὰ
2237 1845 2330 1900 τοῦ
2366 1817 2618 1914 πένητος,
2642 1817 2752 1894 ε-ίτε
2777 1857 2862 1902 τις
2894 1835 3121 1909 ἀνηλεὴς
3164 1832 3260 1886 καὶ
3298 1828 3710 1902 ἁσυμπάθητος,

2131 1941 2227 1994 xa‘t
2259 1938 2604 2007 ἄσπλαγχνος
2636 1934 2722 2005 εἴη
2742 1973 2757 1999 ,
2785 1930 2896 1985 εἴτε
2932 1927 3308 2000 φιλάνθρωπος
3350 1922 3443 1975 καὶ
3485 1921 3712 1990 ἐλεημο-

2132 2033 2302 2097 νικός.
2331 2030 2423 2084 Διὸ
2454 2028 2620 2091 πολὺς
2647 2027 2676 2079 ὁ
2723 2023 2851 2096 περὶ
2897 2020 3006 2075 τῶν
3039 2019 3285 2089 πενήτων
3339 2014 3431 2068 καὶ
3480 2009 3711 2080 πτωχῶν

2130 2123 2289 2190 λόγος
2318 2123 2374 2174 ὲν
2400 2121 2510 2182 τοῖς
2540 2116 2704 2179 θείοις
2745 2108 3184 2183 παραγγέλμασι.
3237 2104 3347 2158 Καὶ
3389 2100 3528 2156 κατὰ
3566 2098 3711 2190 “min:-

2132 2187 2274 2286 πτην
2314 2212 2368 2265 δὲ
2390 2210 2628 2264 διάνοιαν
2658 2206 2786 2262 ἄλλο
2814 2204 3002 2273 τάγμα
3030 2195 3262 2268 πτωχῶν
3292 2193 3472 2266 εὕροις
3517 2191 3582 2244 ἂν
3603 2230 3618 2255 ,
3648 2187 3711 2242 τὸ

2133 2282 2240 2360 ὑπο
2266 2304 2359 2358 τοῦ
2384 2301 2636 2372 Σωτῆρος
2673 2294 3104 2370 μακαριζόμενον
3129 2287 3270 2344 κατὰ
3302 2286 3390 2339 τό’
3419 2282 3709 2350 Μακάριοι

2132 2400 2186 2451 οἱ
2215 2392 2442 2462 πτωχοὶ
2470 2390 2551 2456 τῷ
2583 2388 2897 2456 πνεύματί,
2929 2382 3016 2436 ὅτι
3048 2377 3246 2435 αὐτῶν
3273 2377 3444 2430 ἐστιν
3469 2375 3507 2442 ἡ
3528 2373 3713 2436 ,βασι-

2130 2489 2269 2542 λεία
2294 2485 2412 2540 τῶν
2438 2480 2711 2551 οὐρανῶν
2733 2495 2745 2508 ·
2794 2479 2854 2529 ὲν
2879 2469 2958 2537 οἷς
2984 2475 3108 2535 τοὺς
3145 2469 3287 2525 κατὰ
3319 2466 3454 2520 Θεὸν
3501 2463 3715 2534 φιλοσο-

2134 2580 2389 2648 φοῦντας,
2423 2576 2518 2631 καὶ
2540 2572 2636 2645 τὴν
2662 2571 2841 2625 ἔνθεον
2869 2569 3101 2638 ἄσκησιν
3123 2561 3499 2633 πτωχεύοντας
3532 2558 3560 2609 ὁ
3600 2557 3713 2608 Σω-

2131 2675 2237 2745 τὴρ
2274 2668 2606 2744 ἐμακάριζεν
2625 2684 2637 2696 ο
2671 2665 2720 2718 οἳ
2754 2659 2894 2735 ἦσαν
2913 2662 2960 2713 οἱ
2984 2656 3147 2712 αὐτοῦ
3187 2652 3424 2726 μαθηταὶ
3452 2651 3547 2704 καὶ
3578 2647 3715 2702 ἀπό-

2134 2739 2329 2818 στολοιξ
2355 2739 2658 2826 Μαᾶιὰριος
2676 2751 2768 2809 οὖν
2792 2756 2824 2807 ὁ
2852 2748 3080 2806 συνιὼν
3099 2746 3195 2801 ἐπὶ
3220 2743 3479 2812 πτωχὸν,
3505 2739 3597 2792 ἐπὶ
3619 2739 3715 2791 τὸν

2132 2855 2276 2911 οὕτω
2323 2851 2537 2924 πτωχὸν
2586 2848 2682 2902 καὶ
2725 2845 2964 2916 πένηταο
2992 2840 3093 2910 τῆς
3123 2836 3335 2907 ἀγαθῆς
3372 2826 3716 2924 ταύτηςπαὶ

2131 2922 2534 3022 τρισμακαρίας
2593 2938 2858 3000 συνέσεως
2906 2932 3117 3007 καρπὸν
3155 2930 3384 3001 λήψεται
3437 2925 3527 2978 τὸν
3586 2922 3716 2992 ἑξῆς

2135 3015 2422 3113 είρημένον
2446 3053 2459 3066 ·
2517 3035 2621 3089 Ἐν
2648 3029 2839 3100 ἡμέρᾳ
2861 3026 2971 3098 γὰρ
3000 3020 3237 3091 πονηρᾷ
3246 3021 3498 3113 ῥύσεται
3529 3015 3715 3113 αὐτόν

449 3140 679 3206 incidat,
731 3104 1193 3211 quemadmodum
1253 3139 1373 3211 ipse
1418 3138 1688 3195 intellexit
1712 3153 1879 3208 super
1902 3104 2031 3208 ege-

2135 3135 2169 3187 ό
2189 3104 2408 3200 Κύριος
2426 3145 2441 3159 ·
2477 3126 2511 3199 ἢ
2536 3123 2677 3181 κατὰ
2698 3123 2790 3176 τὸν
2819 3119 3135 3190 Σύμμαχον,
3174 3115 3271 3168 Ἐν
3295 3111 3488 3181 ἡμέρᾳ
3516 3104 3711 3162 κακώ-

447 3249 580 3290 num
599 3240 654 3289 et
683 3248 999 3304 pauperem,
1034 3232 1117 3289 sic
1161 3240 1473 3305 opportune
1499 3247 1593 3288 res
1621 3230 1742 3301 ejus
1768 3230 2035 3300 intelliget

446 3326 738 3393 Dominus,
792 3326 911 3396 pari
964 3340 1224 3389 mensura
1274 3325 1429 3381 illum
1481 3323 1738 3390 metiens,
1782 3339 1892 3396 qua
1945 3323 2037 3379 ille

443 3439 497 3479 ω
506 3436 675 3479 ensus
707 3429 844 3479 erat.

523 3684 781 3740 Dominus
809 3693 1074 3741 conservet
1101 3702 1220 3741 eum
1248 3695 1300 3741 et
1320 3685 1541 3756 viuiﬁcet
1561 3700 1697 3740 eum.
1732 3680 1839 3739 Sed
1870 3682 2035 3737 etiam

441 3777 727 3833 custodiet
781 3790 908 3831 eum
938 3783 994 3833 et
1022 3775 1210 3833 vivere
1265 3774 1431 3832 faciet
1488 3790 1653 3843 eum;
1686 3781 1804 3839 aut,
1840 3788 2039 3829 secun—

449 3869 580 3921 dum
642 3864 1062 3937 Symmachum,
1118 3865 1365 3920 custodiet
1416 3883 1554 3934 eum,
1608 3874 1657 3919 et
1708 3864 2037 3921 conservabit

441 3972 588 4011 eum.
634 3957 880 4013 Tertium
918 3973 1137 4029 quoque
1170 3958 1277 4031 ipsi
1333 3957 1602 4023 conferet,
1638 3957 1849 4014 beatum
1880 3958 2040 4029 faciet

442 4049 827 4119 eum-interra;
835 4056 950 4116 aut,
965 4049 1266 4107 secundum
1281 4047 1879 4122 Symmachum,beatus
1895 4064 2037 4118 prte-

453 4139 716 4195 dic‘andus
740 4141 839 4196 erit
868 4142 925 4196 in
954 4151 1117 4197 terra.
1141 4140 1279 4197 Nam
1310 4140 1442 4197 dum
1473 4141 1655 4197 adhuc
1681 4141 1739 4196 in
1765 4141 1869 4195 hac
1888 4147 2039 4196 terra

446 4237 729 4297 1versatur,
751 4230 1143 4289 beatitudinem
1178 4247 1210 4287 τι
1242 4232 1354 4290 Deo
1392 4239 1780 4304 consequetur,
1812 4246 2041 4288 manen-

450 4323 605 4378 tibus
655 4330 839 4379 tamen
870 4339 997 4380 eum
1026 4324 1357 4382 caelestibus
1379 4324 1564 4390 bonis,
1587 4322 1890 4382 secundum
1921 4323 2041 4379 haec

451 4414 765 4487 promissis.
803 4412 901 4472 His
952 4415 1271 4488 subjungit:
1307 4414 1379 4470 Et
1435 4433 1542 4470 non
1604 4413 1784 4470 tradat
1822 4431 1940 4469 eum
1981 4415 2040 4468 in

2137 3238 2313 3289 σεως.
2359 3222 2424 3274 Et
2471 3217 2580 3291 γὰρ
2611 3212 2822 3286 γένοιτό
2850 3229 2934 3275 τις
2964 3203 3287 3280 πειρασμὸς,
3338 3201 3371 3274 ἢ
3428 3199 3716 3272 περιπέσοι

2136 3315 2269 3370 ποτὲ
2301 3312 2555 3386 συμφορᾷ
2574 3310 2669 3363 καὶ
2696 3303 3046 3380 περιστάσει,
3075 3298 3261 3369 ὥσπερ
3290 3294 3449 3358 αὐτὸς
3484 3291 3717 3363 συνῆκεν

2135 3409 2230 3463 ἐπὶ
2257 3384 2469 3476 πτωχὸν
2504 3402 2597 3456 καὶ
2649 3399 2877 3470 πένητα,
2925 3391 3069 3448 οὓτω
3120 3392 3215 3446 καὶ
3246 3386 3411 3442 αὐτοῦ
3445 3384 3718 3476 εὐκαίρως

2137 3467 2431 3570 συνήσείό
2472 3493 2711 3567 Κύριος,
2759 3467 2973 3562 μετρῶν
3005 3481 3156 3555 αὐτῷ
3180 3481 3243 3536 τὸ
3288 3480 3401 3534 ἴσον
3430 3476 3625 3550 μέτρον
3670 3467 3717 3543 ᾧ

2137 3591 2461 3665 ἐμέτρησεν.

2206 3657 2423 3751 Κύριος
2453 3671 2719 3747 φυλάξαι
2754 3667 2940 3724 αὑτὸν
2967 3666 3066 3721 καί
3099 3662 3271 3731 ζήσαι
3304 3660 3511 3715 αὐτόν.
3557 3657 3717 3712 Ἀλλά

2137 3775 2233 3831 καὶ
2256 3768 2480 3843 φυλάξει
2513 3764 2674 3819 αὐτὸν
2706 3762 2799 3816 καὶ
2831 3757 2992 3831 ζῆσαι
3022 3757 3237 3827 ποιήσει
3269 3752 3429 3808 αὐτόν
3451 3769 3466 3783 ο
3508 3750 3541 3823 ἢ
3576 3751 3718 3805 κατὰ

2136 3868 2227 3921 τὸν
2252 3842 2548 3933 Σύμμαχον
2571 3874 2586 3888 ο
2620 3851 2881 3917 Φυλάξει
2904 3850 3114 3915 αὑτὸν,
3140 3846 3238 3901 καὶ
3269 3842 3588 3913 περισώσει
3609 3844 3719 3895 αὐ-

2136 3959 2262 4014 τόν.
2291 3954 2403 4009 Καὶ
2424 3950 2605 4024 τρίτον
2628 3947 2685 4001 δὲ
2708 3945 2855 4017 αύτῷ
2878 3942 3122 4017 παρέξει,
3151 3936 3477 4010 μακαρίσει
3530 3933 3719 3988 αὐτόν

2136 4049 2208 4104 ἐν
2237 4045 2313 4115 τῇ
2329 4043 2407 4116 γῇ
2425 4060 2438 4074 ’
2467 4042 2502 4114 ἢ
2522 4038 2665 4094 κατὰ
2692 4037 2782 4093 τὸν
2802 4035 3118 4106 Σύμμαχον,
3140 4026 3516 4096 Μακαριστὸς
3542 4024 3716 4079 ἔσται

2137 4141 2208 4195 ἐν
2234 4137 2310 4208 τῇ
2481 4134 2570 4196 Ὡς
2591 4131 2671 4184 ἔτι
2693 4129 2801 4201 γὰρ
2834 4129 2892 4181 ὲν
2925 4129 2992 4197 τῇ
3024 4126 3094 4196 γῇ
3123 4121 3294 4193 ταύτῃ
3315 4117 3589 4189 τυγχάνει,
3614 4116 3717 4186 τῆς

2138 4230 2293 4303 παρὰ
2314 4226 2409 4282 τοῦ
2435 4224 2570 4279 Θεοῦ
2603 4220 3002 4295 μακαριότητος
3026 4215 3295 4281 τεύξεται,
3329 4211 3597 4284 μενόντων
3621 4208 3690 4260 αὐ

2137 4301 2233 4375 τὸν
2258 4321 2366 4374 τῶν
2404 4315 2542 4390 μετὰ
2586 4314 2760 4367 ταῦτα
2808 4303 3234 4383 ἐπηγγελμένων
3270 4301 3551 4390 οὐρανίων
3582 4302 3711 4368 ἀγα-

2142 4411 2273 4466 θῶν.
2305 4389 2526 4469 Τούτοις
2560 4402 2802 4470 ὲπιλέγει
2824 4417 2838 4431 ο
2872 4398 2981 4455 Kal
3001 4397 3086 4467 μὴ
3134 4392 3378 4462 παραδῷ
3417 4389 3603 4444 αὐτὸν
3634 4390 3720 4453 εὶς

455 4508 1003 4562 *Ἶαιιιιδοὶηἱηιὶεοναηῑ
1027 4508 1165 4579 ejus.
1202 4507 1310 4563 Pro
1364 4523 1474 4579 quo
1514 4505 1874 4579 Symmachus
1901 4507 1978 4561 ait
2018 4522 2032 4558 :

2141 4501 2346 4574 χεῖρας
2375 4495 2604 4567 ἐχθρῶν
2634 4492 2849 4550 αὐτοῦ’
2884 4490 3001 4545 ἀνθ’
3029 4481 3090 4542 οὗ
3138 4489 3166 4541 ό
3203 4482 3499 4556 Σύμμαχός
3549 4492 3714 4552 (mer

454 4597 524 4655 Et
547 4615 651 4653 non
674 4596 848 4653 tradet
864 4614 987 4652 eum
1014 4598 1070 4652 in
1102 4599 1310 4651 animas
1340 4596 1698 4651 inimicorum.

528 4686 825 4745 Sciendum
859 4694 1045 4743 autem
1079 4695 1184 4749 est,
1227 4685 1386 4752 illud,
1440 4685 1551 4758 Ego
1590 4684 1750 4740 dixi:
1785 4682 2034 4749 Domine,

457 4781 708 4836 miserere
744 4779 867 4847 mei,
898 4793 930 4834 a
968 4778 1298 4850 quibusdam
1326 4794 1394 4835 ex
1418 4777 1646 4855 pavidis
1678 4792 1914 4849 persona
1944 4777 2033 4833 di-

460 4881 609 4928 ctum
627 4870 935 4929 aestimari:
962 4885 1088 4925 nam
1123 4869 1241 4926 sive
1278 4868 1337 4924 in
1381 4869 1561 4925 medio
1613 4868 1880 4924 insertum
1933 4885 2039 4939 pu-

458 4968 598 5027 tant,
631 4963 747 5020 sive
777 4960 846 5016 ad
888 4959 1038 5015 hunc
1067 4974 1244 5031 usque
1267 4973 1488 5015 versum
1518 4948 1641 5028 quae
1688 4957 1838 5012 dicta
1859 4973 1893 5011 a
1930 4956 2037 5011 Da-

457 5054 584 5110 vide
615 5059 745 5111 sunt
766 5051 1252 5109 circumscribunt.

530 5166 700 5223 Vens.
778 5165 987 5222 10-14.
1060 5163 1269 5221 Etenim
1326 5163 1480 5219 homo
1526 5161 1686 5232 .pacis
1739 5176 1908 5229 mete,
1983 5160 2039 5214 in

459 5276 562 5330 quo
585 5260 812 5328 sperati,
857 5258 948 5329 qui
997 5256 1186 5313 edebat
1236 5272 1399 5327 panes
1453 5271 1616 5324 meos,
1671 5252 2040 5326 magniﬁcanit

459 5369 616 5422 super
642 5370 724 5408 me
740 5354 1251 5423 supplantationem.
1270 5350 1597 5410 Secundum
1626 5364 1757 5408 vero
1783 5347 2039 5420 Symma-

460 5446 648 5508 chum.
680 5444 785 5501 Sed
811 5456 861 5500 et
896 5445 1049 5501 homo
1091 5448 1183 5518 qui
1226 5462 1429 5500 mecum
1457 5460 1641 5515 pacem
1669 5440 1920 5506 habebat,
1953 5439 2041 5494 cui

461 5536 695 5603 conﬁsus
730 5551 897 5601 eram,
930 5538 1021 5605 qui
1052 5554 1159 5592 una
1184 5553 1389 5592 mecum
1409 5551 1601 5606 panem
1632 5548 1807 5589 meum
1830 5530 2037 5593 edebat,

459 5626 651 5685 ωιιιιίι
670 5641 726 5680 se
753 5642 833 5682 me
850 5644 1103 5698 sequens;
1134 5639 1230 5687 aut
1256 5629 1560 5688 secundum
1589 5626 1865 5699 Aquilam.
1899 5638 2042 5692 τηαν-

534 5790 581 5827 ⁸ι
624 5785 812 5843 δέειῑιιι.
852 5805 916 5854 v,
957 5788 1010 5844 5.

2140 4573 2249 4649 Kal
2272 4593 2381 4646 οὐκ
2404 4586 2655 4643 ἐκδώσει
2675 4584 2863 4639 αὐτὸν
2893 4584 2981 4648 εὶς
3006 4577 3210 4649 ψυχὰς
3236 4573 3484 4645 ἐχθρῶν.

2221 4682 2418 4738 ἰστέον
2443 4679 2522 4745 δὲ,
2553 4677 2630 4741 ὡς
2656 4674 2744 4729 τό·
2794 4671 2934 4742 Ἐγὼ
2977 4667 3137 4733 εἶπα,
3183 4668 3360 4734 Κύριε
3386 4706 3401 4731 ,
3456 4660 3720 4729 ἐλέησόν

2135 4794 2232 4849 με,
2256 4775 2400 4839 τινὲς
2432 4774 2496 4826 ὲκ
2525 4767 2815 4842 προσώπου
2838 4763 2932 4818 τοῦ
2968 4761 3129 4816 Δαυῒδ
3160 4757 3409 4832 εἰρῆσθαί
3437 4771 3601 4825 φασιν
3625 4770 3639 4786 ο
3682 4752 3716 4826 ἢ

2143 4844 2669 4941 παρεμϐεϐλημένον
2709 4861 2766 4912 ἐν
2801 4857 2879 4929 τῷ
2915 4855 3086 4928 μέσῳ,
3121 4851 3156 4924 ἢ
3185 4850 3290 4914 ἕως
3312 4850 3430 4902 ἐκεῖ
3449 4844 3719 4916 περιγράτ

2146 4976 2339 5033 φοντες
2370 4955 2440 5010 τὰ
2463 4953 2731 5025 λεγόμενα
2770 4951 2861 5003 ὑπ’
2890 4944 3074 5001 αὐτοῦ.

2214 5155 2326 5214 Kal
2354 5153 2463 5226 γὰρ
2506 5153 2539 5206 ὀ
2587 5148 2896 5216 ἅνθρωπος
2924 5140 3032 5211 τῆς
3077 5136 3320 5207 εἰρήνης
3344 5150 3484 5226 μου.
3527 5126 3719 5226 ἐφ’

2144 5216 2480 5319 fumum-cl
2522 5241 2741 5315 ἐσθίων
2793 5236 3012 5304 ἄρτους
3041 5247 3182 5300 μου,
3215 5225 3582 5319 ἐμεγάλυνᾲ
3626 5216 3718 5319 ἐξ,

2145 5308 2251 5412 ἐμὲ
2296 5308 2679 5404 πτερνισμόν.
2723 5327 2879 5382 Κατὰ
2917 5323 2975 5378 δὲ
3020 5322 3112 5375 τὸν
3155 5318 3501 5412 Σύμμαχον·.
3545 5308 3719 5412 nuo

2146 5399 2245 5487 zeal
2274 5399 2582 5498 ἅνθρωπος
2610 5422 2678 5489 ὃς
2701 5414 2974 5488 εἰρήννευέ
2988 5431 3112 5485 μοι,
3159 5410 3324 5482 φησὶν
3342 5449 3356 5473 ,
3394 5399 3442 5473 ᾧ
3476 5403 3718 5457 ἐπεποί-

2146 5528 2293 5591 θειν,
2319 5516 2660 5576 συνεσθίων
2682 5529 2783 5583 μοι
2807 5511 2990 5580 ἄρτον
3016 5504 3193 5576 ἐμὸν,
3235 5498 3717 5569 κατεμεγωιὺνθη

2141 5635 2261 5689 μου
2293 5606 2675 5671 ἀκολουθῶν*
2718 5605 2753 5678 ἢ
2781 5601 2922 5657 κατὰ
2953 5599 3043 5654 τὸν
3090 5594 3321 5651 ’Δκύλαν
3341 5609 3353 5623 ·
3391 5594 3716 5660 Κατεμεγιι-
