4138 6386
442 371 549 430 365

1588 358 2094 427 COMMENTARIA
2133 368 2201 423 lN
2240 366 2577 423 PSALMOS.

3603 358 3707 419 566

441 491 635 558 λύνθη
663 498 784 559 μου
810 490 1051 557 πτέρνα.
1084 478 1197 559 Τῆς
1225 487 1284 542 δὲ
1312 486 1405 541 τοῦ
1434 482 1686 561 Σωτῆρος
1717 488 1938 561 εἰρήνης
1960 483 2028 558 ἦν

2134 488 2387 557 niﬁcatus
2432 494 2510 539 est
2546 492 2738 538 contra
2767 498 2848 537 me
2878 480 3149 537 calcaneo.
3178 474 3311 537 Erat
3344 493 3510 551 porro
3539 478 3708 535 ludas

443 581 730 653 ἄνθρωπος
778 576 807 633 6
862 581 1061 644 ’ῐσύδας
1087 621 1100 644 ,
1134 580 1370 644 ἀκούσας
1405 582 1501 634 καὶ
1547 580 1710 643 αὐτὸς
1747 579 1884 650 μετά
1919 578 2026 631 τῶν

443 674 646 729 λοιπῶν
684 673 941 745 μαθητῶν
988 673 1083 725 τοῦ
1139 673 1393 745 Σωτῆρος
1429 673 1707 741 λέγοντος·
1760 669 2030 740 Εἰρήνην

442 766 559 835 τὴν
585 765 742 836 ἐμὴν
761 765 967 835 δίδωμι
1001 765 1164 835 ὑμῖν,
1188 765 1437 834 εἰρήνην
1466 764 1582 834 τὴν
1620 764 1774 833 ἐμὴν
1817 763 2031 833 ἀφίημι

442 860 605 929 ὑμῖν.
646 858 807 911 Ἀλλὰ
852 859 983 912 καί’
1027 860 1145 928 Ἐφ’
1196 858 1272 912 ὃν
1315 858 1551 927 ἤλπισα
1577 900 1592 926 ,
1623 857 1792 930 φησί’
1828 856 2030 928 ἥκατά

441 952 534 1005 τὸν
572 951 805 1005 Ἀκύλαν
828 992 843 1016 ,
878 951 1254 1019 ἐπεποίθηονα
1274 992 1289 1016 ,
1317 948 1351 1022 ἢ
1380 950 1521 1005 κατά
1568 950 1658 1004 τὸν
1700 950 1994 1022 Σύμμαχον
2014 990 2028 1011 ,

442 1045 786 1099 ἐπεποίθειν
807 1060 821 1075 ⁸
850 1044 1149 1116 ἐπειδήπερ
1174 1044 1269 1098 καὶ
1294 1044 1443 1116 αὐτῷ
1464 1044 1665 1115 ὁμοίως
1692 1047 1806 1108 τοῖς
1826 1043 2031 1104 λοιποῖς

444 1138 765 1201 ἀποστόλοις
804 1137 911 1190 τῶν
944 1138 1074 1190 ἴσων
1116 1138 1385 1209 μετεδίδου
1434 1138 1820 1210 χαρισμάτων.
1882 1137 2031 1189 Ἐπ-

446 1227 656 1280 εποίθει
685 1228 743 1281 δὲ
778 1229 863 1280 ἐπ’
891 1226 1040 1297 αύτῴ
1070 1230 1098 1281 6
1130 1226 1340 1299 Σωτὴρ,
1363 1228 1458 1282 καὶ
1478 1227 1690 1297 ἀγαθὰς
1714 1223 1857 1297 εἶχεν
1884 1225 2033 1278 ἐλπί-

445 1318 541 1381 δας
574 1318 660 1371 ὲπ⁵
687 1318 856 1389 αύτῷ,
887 1317 975 1371 διὰ
1014 1318 1074 1370 τὸ
1107 1318 1199 1371 καὶ
1247 1319 1334 1370 ἐπ’
1370 1317 1519 1389 αὐτῷ
1551 1314 1913 1382 αὐτεξούσιον.
1957 1316 2031 1367 Οὐ

444 1404 556 1477 γὰρ
578 1400 647 1476 ἦν
696 1405 913 1474 φύσεως
954 1405 1215 1459 ἀδυνάτου
1276 1403 1542 1469 σώζεσθαι
1584 1406 1613 1458 6
1655 1407 1885 1470 Ἰούδας·
1918 1405 2031 1459 ἀλλ’

445 1491 558 1561 οἶός
580 1515 640 1550 τε
666 1493 757 1569 ἦν,
794 1497 1055 1569 θελήσας,
1094 1498 1295 1568 ὁμοίως
1320 1500 1435 1561 τοῖς
1477 1498 1685 1562 λοιποῖς
1717 1498 2034 1562 ἀποστόλοις

452 1588 860 1661 μαθητευθῆναι
898 1589 977 1660 τῷ
1000 1588 1116 1658 Υἱῷ
1149 1588 1242 1641 τοῦ
1264 1588 1421 1651 Θεοῦ,
1464 1587 1559 1641 καὶ
1587 1587 1749 1651 καλὸς
1776 1588 1870 1641 καὶ
1899 1589 2035 1655 ἀγαρ

448 1682 541 1745 θδς
569 1681 820 1753 μαθητὴς
853 1681 1255 1734 ἀποτελεῖσθαιο
1294 1681 1572 1744 συνέστιος
1596 1679 1653 1732 δὲ
1680 1679 1755 1733 ὣν
1782 1681 1860 1751 τῷ
1888 1680 2035 1733 Διδα-

450 1776 655 1846 σκάλῳ,
688 1775 749 1827 ού
776 1776 865 1827 τὸν
909 1774 1087 1828 κοινὸν
1125 1773 1287 1847 ἄρτον
1334 1771 1483 1843 αὐτῷ
1531 1774 1689 1844 μόνον
1726 1772 2029 1843 συνήσθιεν.

448 1867 586 1921 ἀλλά
617 1868 711 1920 καὶ
742 1865 837 1919 τοῦ
888 1866 990 1935 τῆς
1036 1865 1217 1936 ψυχῆς
1248 1863 1543 1936 θρεπτικοῦ
1592 1864 2030 1935 μεταλαμϐάνειν
2061 1852 2104 1907 Β

447 1958 692 2029 ἠξιοῦτο·
731 1958 860 2029 περὶ
889 1952 950 2011 οῦ
972 1957 1155 2025 ἔλεγεν
1181 1957 1210 2010 6
1239 1956 1430 2027 Σωτήρ
1448 1973 1461 1985 ·
1498 1954 1641 2025 Ἐγώ
1654 1958 1767 2026 ειμι
1798 1958 1830 2009 ὀ
1858 1955 2035 2025 ἄρτος

449 2054 485 2106 ὁ
514 2053 581 2105 ἑκ
611 2051 719 2104 τοῦ
751 2049 1013 2118 οὐρανοῦ
1047 2048 1329 2114 καταϐὰς,
1360 2047 1461 2100 καὶ
1490 2045 1643 2115 ζωὴν
1680 2046 1885 2112 διδοὺς
1910 2047 2035 2113 τοῖς

446 2141 802 2209 ἀνθρώποις.
858 2136 1027 2203 Οὗτος
1070 2134 1163 2191 οῦν
1215 2138 1244 2188 6
1282 2137 1552 2191 τοσούτων
1603 2135 1908 2207 ἠξιωμένος
1935 2138 2034 2208 τὴν

447 2234 687 2305 πτέρναν
715 2232 879 2286 αὐτοῦ
910 2232 1101 2303 ὥσπερ
1124 2230 1223 2297 λὰξ
1258 2230 1511 2283 ἐντείνων
1547 2230 1687 2283 κατὰ
1727 2228 1822 2281 τοῦ
1855 2230 2036 2301 Σωτῆ-

452 2341 543 2396 ρος
593 2324 804 2395 ἐπῆρε·
857 2322 938 2375 διὸ
1010 2320 1300 2373 λέλεκταινο
1355 2318 1758 2387 Ἐμεγάλυνεν
1792 2316 1884 2368 ἐπ’
1932 2315 2037 2385 ἐμὲ

448 2418 838 2485 πτερνισμόν.
883 2414 1028 2468 Ἀντὶ
1059 2413 1117 2466 δὲ
1142 2413 1257 2473 τοῦ,
1301 2410 1698 2479 πτερνιο-μὸν,
1739 2407 1893 2481 παρά
1922 2412 2037 2471 τοῖς

460 2502 863 2579 Ἐϐδομήκοντα
882 2504 1190 2577 εἰρημένον,
1206 2504 1240 2575 ἡ
1256 2501 1515 2575 Ἐϐραῖκὴ
1543 2502 1847 2569 ἀνάγνωσις
1865 2499 2037 2567 πτέρ-

446 2617 565 2655 ναν
591 2600 860 2671 περιέχει.
910 2598 1098 2660 Οὕτως
1127 2593 1221 2650 οῦν
1260 2595 1549 2658 δουλεύσας
1584 2594 1661 2666 τῷ
1700 2592 1974 2664 Ἐϐραῖκῷ
2006 2594 2035 2645 6

463 2690 694 2754 Ἀκύλας
728 2689 1006 2755 ἐξέδωκεν.
1039 2688 1202 2742 Ὅθεν
1236 2689 1376 2741 καὶὸ
1412 2685 1806 2756 εύαγγελιστὴς
1854 2684 2036 2737 Ἰωάνο

449 2800 567 2853 γης,
596 2784 671 2846 ὡς
704 2782 770 2836 ἂν
811 2782 1062 2853 Ἑϐραῖος
1092 2780 1153 2846 ἐξ
1200 2779 1496 2853 Ἑϐραίων,
1531 2778 1621 2831 τὸν
1663 2778 1890 2849 Σωτῆρα
1914 2818 1928 2842 ,
1971 2777 2032 2830 ού

449 2875 837 2946 πτερνιοίμὸν,
870 2875 1005 2929 ἀλλά
1025 2875 1119 2928 καὶ¹
1147 2873 1411 2943 πτέρναν
1427 2871 1768 2943 ὠνομακέναι
1794 2870 2037 2941 ὲμνημό-
2068 2925 2085 2932 _
2108 2918 2111 2921 η

449 2987 541 3022 νευ
549 2986 659 3022 σεν.

522 3063 617 3125 Εἰς
646 3061 707 3114 τό
728 3078 742 3090 ’
810 3058 988 3128 Ἐμοῦ
1019 3057 1116 3112 διὰ
1141 3058 1257 3126 τὴν
1295 3057 1555 3111 ἀκακίαν
1600 3054 1937 3109 ἀντελάϐου
1956 3074 1970 3085 ·
1997 3055 2030 3121 ἢ

2132 580 2296 634 homo
2333 578 2485 648 pacis
2516 561 2837 639 Salvatoris,
2863 575 3102 645 quicum
3135 574 3258 629 aliis
3280 573 3567 643 discipulis
3593 572 3707 627 haec

2130 671 2400 725 dicentem
2455 668 2794 723 Salvatorem
2831 667 3112 721 audierat:
3163 664 3359 719 Pacem
3412 680 3582 719 meam
3641 664 3706 716 do

2131 762 2299 830 vobis,
2333 778 2515 833 pacem
2572 776 2745 815 meam
2799 758 3039 828 relinquo
3087 756 3231 811 vobis
3250 759 3315 812 ".
3363 754 3491 821 Sed,
3523 758 3579 811 in
3608 772 3708 827 quo

2132 856 2357 924 speravi,
2391 854 2502 920 ait;
2527 853 2633 917 vel,
2670 850 2970 908 secundum
2994 849 3271 920 Aquilam,
3302 849 3536 920 conﬁsus
3558 865 3708 914 sum;

2134 955 2250 1012 aut,
2305 952 2367 1000 ut
2423 944 2811 1017 Symmachus,
2863 943 3095 1012 conﬁsus
3136 956 3320 1005 eram;
3366 941 3710 1012 quandoqui—

2132 1039 2255 1092 dem
2284 1036 2462 1107 ipsum
2504 1035 2732 1105 paribus
2768 1042 2933 1103 atque
2970 1039 3197 1088 ceteros
3239 1033 3521 1102 apostolos
3549 1032 3709 1086 donis

2133 1128 2410 1184 aﬂ’ecerat.
2451 1126 2774 1181 Conﬁdehat
2801 1131 2982 1179 autem
3015 1124 3065 1178 ei
3116 1123 3393 1191 Salvator,
3420 1132 3472 1179 et
3508 1124 3707 1179 bonam

2133 1222 2202 1277 de
2232 1221 2354 1291 ipso
2383 1235 2533 1291 spem
2560 1220 2817 1282 habebat,
2842 1217 2967 1288 quia
2998 1217 3055 1271 in
3077 1231 3143 1272 eo
3164 1218 3396 1272 liberum
3420 1217 3708 1273 arbitrium

2134 1324 2303 1369 esset.
2364 1312 2555 1384 Neque
2603 1313 2750 1367 enim
2801 1310 2969 1366 Judas
3022 1326 3091 1365 ex
3149 1308 3464 1378 huiusmodi
3513 1317 3712 1363 natura

2134 1414 2254 1462 erat
2287 1420 2412 1476 quae
2468 1419 2577 1459 non
2615 1410 2805 1475 posset
2851 1404 3085 1458 salutem
3123 1401 3425 1472 consequi;
3482 1401 3574 1456 sed
3613 1416 3714 1470 po-

2135 1508 2301 1563 terat,
2336 1502 2384 1555 si
2430 1500 2651 1570 quidem
2700 1498 2991 1563 voluisset,
3029 1506 3090 1553 ut
3135 1507 3189 1554 et
3228 1498 3413 1554 caeteri
3448 1500 3705 1569 apostoli.

2133 1609 2165 1647 a
2199 1592 2340 1648 Filio
2380 1591 2473 1647 Dei
2502 1592 2729 1656 erudiri,
2762 1606 2827 1646 ac
2857 1592 3038 1648 bonus
3059 1590 3375 1662 probusque
3407 1591 3712 1661 discipulus

2134 1684 2293 1740 edici.
2330 1685 2466 1739 Nam
2498 1699 2623 1740 cum
2655 1683 2917 1756 Magistro
2959 1684 3371 1739 contubernalis
3402 1690 3566 1749 esset,
3602 1700 3712 1739 non

2133 1792 2481 1833 communem
2531 1775 2694 1831 modo
2740 1790 2868 1830 cum
2902 1790 2969 1831 eo
3000 1790 3197 1847 panem
3231 1775 3581 1844 comedebat,
3615 1777 3712 1831 sed

2135 1870 2286 1925 illius
2337 1869 2504 1923 etiam
2549 1868 2645 1938 qui
2697 1867 2941 1922 animam
3004 1870 3180 1922 nutrit
3232 1868 3508 1938 particeps
3559 1876 3709 1923 erat:

2137 1963 2206 2018 de
2240 1976 2350 2031 quo
2398 1960 2620 2015 dicebat
2677 1957 2960 2015 Salvator:
3018 1957 3132 2029 Ego
3172 1974 3288 2012 sum
3316 1960 3469 2029 panis
3529 1959 3619 2030 qui
3650 1957 3714 2012 de

2098 2128 2101 2131 _
2136 2054 2269 2110 cazlo
2300 2053 2588 2119 descendit,
2633 2062 2683 2108 et
2725 2053 2814 2124 qui
2857 2053 2952 2106 dat
2998 2055 3160 2107 vitam
3199 2052 3576 2107 hominibus”.
3614 2050 3714 2107 llic

2138 2147 2324 2216 itaque
2382 2150 2462 2200 tot
2511 2152 2738 2200 ornatus
2796 2142 3097 2209 beneﬁciis,
3161 2146 3482 2200 calcaneum
3545 2161 3707 2201 suum

2136 2238 2297 2309 quasi
2329 2238 2664 2293 calcitrando
2691 2244 2884 2292 contra
2917 2236 3258 2292 Salvatorem
3284 2239 3510 2305 extulit;
3538 2254 3713 2310 quam

2137 2331 2344 2386 dictum
2381 2338 2501 2388 est:
2529 2328 2895 2402 Magniﬁcavit
2919 2343 3075 2400 super
3095 2348 3175 2384 me
3205 2331 3708 2401 supplantationem.

2135 2422 2244 2477 Pro
2272 2437 2404 2478 voce
2438 2430 2619 2477 autem
2649 2423 2761 2487 illa,
2791 2422 3291 2493 supplantationem,
3324 2439 3354 2477 a
3378 2422 3521 2478 LXX
3568 2425 3712 2479 Viris

2136 2527 2422 2586 usurpata,
2450 2514 2717 2571 Hebraica
2750 2515 2936 2578 lectio,
2974 2514 3307 2581 calcaneum,
3337 2516 3578 2586 praefert.
3634 2517 3712 2571 lio

2136 2611 2322 2681 itaque
2338 2609 2499 2664 modo
2520 2607 2716 2679 Aquila
2736 2607 3017 2664 Hebraica:
3043 2610 3235 2664 littera:
3252 2609 3497 2664 serviens
3517 2609 3708 2663 edidit.

2136 2704 2316 2771 Quare
2344 2702 2583 2758 Joannes
2606 2702 2961 2773 evangelista,
2994 2710 3181 2774 utpote
3216 2700 3474 2758 Hebraeus
3502 2718 3567 2758 ex
3600 2703 3707 2757 lle-

2136 2796 2298 2850 brteis
2323 2801 2500 2857 ortus,
2528 2791 2889 2857 Salvatorem,
2937 2808 3047 2847 non
3074 2792 3577 2863 supplantationem,
3613 2794 3727 2849 sed’

2138 2887 2443 2941 calcaneum
2468 2884 2674 2941 dixisse
2702 2894 2988 2940 memorat.

2208 3063 2267 3119 ln
2306 3062 2439 3118 illud
2473 3077 2637 3118 vero:
2673 3060 2760 3115 Me
2775 3070 2986 3131 propter
3015 3061 3370 3116 innocentiam
3397 3060 3710 3124 suscepisti;

451 3152 595 3207 κατά
616 3152 707 3205 τὸν
739 3150 967 3204 Ἀκύλαν
988 3152 1081 3203 καὶ
1112 3149 1426 3221 Σύμμαχον,
1454 3148 1550 3202 διὰ
1573 3147 1690 3217 τὴν
1704 3149 2029 3217 ἁπλότητα·

2138 3157 2272 3216 sive.
2304 3156 2609 3213 secundum
2653 3155 2907 3226 Aquilam
2938 3164 2993 3211 et
3039 3154 3452 3228 Symmachum,
3498 3164 3712 3224 propter

451 3246 749 3317 ἐπειδήπερ
795 3246 875 3310 ὡς
945 3244 1242 3312 πρόϐατον
1288 3240 1389 3293 ἐπὶ
1434 3240 1682 3309 σφαγὴν
1707 3240 1888 3310 ἤχθη,
1930 3240 2029 3294 καὶ

450 3342 533 3407 ὡς
560 3340 746 3410 ἀμνὸς
767 3339 1046 3393 ἐναντίον
1074 3338 1179 3392 τοῦ
1212 3337 1519 3404 κείραντος
1548 3336 1805 3405 ἄφωνος,
1846 3337 2033 3402 οὕτως

452 3436 563 3487 οὐκ
588 3433 846 3502 ἀνοίγων
893 3430 959 3483 τὸ
987 3432 1212 3499 στόμα·
1255 3427 1371 3492 καὶ,
1411 3428 1873 3498 Λοιδορούμενος
1919 3432 2029 3483 οὐκ

450 3524 853 3592 ἀντελοιδόρει
872 3540 885 3553 ·
919 3521 1174 3590 πάσχων
1202 3523 1314 3574 οὐκ
1346 3520 1581 3588 ἠπείλει
1599 3536 1612 3551 ·
1648 3520 1744 3591 τὴν
1774 3521 1947 3592 ἄκραν
1976 3521 2031 3574 δὲ

452 3616 801 3680 ἀνεξικακίαν
859 3613 1262 3684 ἐνδεικνύμενος
1335 3614 1394 3665 ὲν
1457 3610 1535 3682 τῷ
1609 3612 2030 3684 κατηγορεῖσθαι

454 3707 684 3770 ἐσιώπα,
724 3704 1336 3777 ψευδομαρτυρούμενός
1364 3721 1423 3757 τε
1462 3703 1613 3757 οὐδὲν
1662 3703 2026 3775 ἀπεκρίνατο-³

454 3799 589 3852 ἀλλὰ
622 3799 716 3851 καὶ
747 3798 837 3850 τὸν
872 3798 1039 3853 νῶτον
1073 3795 1237 3849 αὐτοῦ
1272 3795 1501 3849 δέδωκεν
1522 3795 1601 3859 εἰς
1631 3794 1900 3864 μάστιγας
1939 3795 2032 3848 καὶ

450 3890 553 3952 τὰς
596 3889 851 3957 σιαγόνας
880 3889 960 3951 εἰς
1008 3888 1359 3958 ῥαπίσματα·
1397 3885 1459 3938 τὸ
1508 3885 1565 3938 δὲ
1594 3886 1885 3957 πρόσωπον
1932 3885 2032 3937 οὐκ

454 3981 795 4052 ἀπέστρεψεν
819 3980 925 4034 ἀπὸ
953 3979 1213 4051 αἰσχύνης
1246 3980 1675 4050 ὲμπτυσμάτων.
1707 3979 1797 4031 Διό
1842 3995 2027 4047 φησιν’

466 4073 639 4141 Ἐμοῦ
667 4072 734 4125 δὲ
746 4071 846 4125 διὰ
860 4071 973 4139 τὴν
987 4073 1244 4125 ἀκακίαν
1269 4071 1623 4135 ἀντελάϐου,
1650 4070 1747 4123 καὶ
1760 4070 2029 4124 ἐϐεϐαίω-

456 4163 574 4230 σάς
604 4181 678 4233 με
727 4164 985 4217 ἐνώπιόν
1041 4180 1158 4217 σου
1198 4165 1285 4228 εἰς
1329 4161 1531 4217 αἰῶνα.
1590 4162 1812 4225 Τούτοις
1866 4163 2031 4215 πᾶσιν

453 4257 546 4309 ἐπὶ
559 4255 700 4308 τέλει
722 4257 781 4308 τὸ
815 4256 1150 4327 προφητικὸν
1173 4255 1387 4326 πνεῦμα
1410 4256 1824 4328 εύχαριστήριον
1851 4257 2031 4327 φωνὴν

452 4348 767 4419 ἀναπέμπει
819 4348 895 4419 τῷ
946 4347 1065 4418 Θεῷ
1124 4348 1307 4417 λέγων’
1363 4348 1710 4418 Εὐλογητὸς
1754 4350 1968 4416 Κύριος
2000 4351 2032 4401 ό

454 4439 600 4505 Θεὸς
643 4440 893 4508 Ἰσραὴλ
912 4439 1031 4493 ἀπὸ
1066 4439 1171 4492 τοῦ
1200 4439 1418 4505 αἰῶνος
1444 4439 1543 4492 καὶ
1575 4442 1663 4505 εὶς
1691 4440 1796 4493 τὸν
1821 4438 2025 4493 αἰῶναε

2137 3249 2554 3319 simplicitatem,
2604 3246 2743 3321 [bzec
2782 3246 3039 3320 dicenda]
3077 3248 3363 3319 quoniam,
3414 3248 3551 3301 sicut
3597 3248 3709 3301 ovis

2135 3342 2207 3395 ad
2248 3340 2635 3411 jugulationem
2675 3340 2863 3394 ductus
2893 3349 2993 3403 est,
3035 3349 3085 3393 et
3132 3341 3270 3395 sicut
3320 3356 3486 3411 agnus
3531 3356 3712 3394 coram

2136 3431 2378 3486 tondente
2419 3432 2531 3486 sine
2574 3447 2714 3495 voce,
2747 3432 2824 3485 sic
2853 3446 2959 3484 non
2987 3432 3191 3499 aperuit
3236 3448 3293 3486 os
3338 3431 3573 3495 suum“,
3617 3440 3707 3484 et:

2135 3523 2268 3580 Cum
2298 3523 2721 3585 malediceretur,
2758 3540 2860 3577 non
2884 3522 3285 3577 remaledicebat
3302 3538 3323 3587 ,'
3354 3539 3473 3577 cum
3505 3531 3712 3592 patere-

2136 3625 2245 3679 tur,
2281 3631 2387 3668 non
2442 3613 2963 3668 comminabatur“:
3002 3614 3097 3669 sed
3143 3629 3358 3669 summa
3405 3614 3711 3670 instructus

2135 3706 2419 3777 patientia,
2469 3722 2597 3762 cum
2650 3715 3029 3772 accusaretur,
3086 3707 3321 3774 tacebat,
3371 3722 3495 3762 cum
3554 3706 3709 3761 falsis

2135 3797 2463 3852 testimoniis
2498 3797 2869 3867 impeteretur,
2902 3796 3040 3852 nihil
3071 3796 3385 3867 respondit;
3418 3795 3514 3852 sed
3544 3796 3711 3850 etiam

2133 3887 2358 3941 dorsum
2388 3902 2548 3942 suum
2580 3886 2807 3959 ﬂagellis
2838 3888 3058 3951 obtulit,
3076 3895 3131 3943 et
3161 3887 3334 3943 malas
3356 3902 3486 3942 suas
3505 3887 3705 3956 alapis,

2137 3977 2329 4033 faciem
2364 3993 2492 4033 vero
2544 3993 2701 4033 suam
2730 3995 2840 4034 non
2880 3981 3075 4035 avertit
3112 3993 3142 4033 a
3169 3979 3374 4049 probro
3401 3988 3709 4049 sputorum.

2134 4071 2477 4141 Quapropter
2497 4070 2595 4136 ait,
2628 4069 2716 4125 Me
2744 4081 2919 4125 autem
2946 4083 3158 4143 propter
3190 4073 3547 4127 innocentiam
3587 4090 3711 4127 sus-

2134 4163 2338 4231 cepisti,
2374 4171 2425 4217 et
2444 4162 2779 4232 conﬁrmasti
2817 4179 2900 4216 me
2944 4164 2997 4217 in
3034 4173 3312 4233 conspectu
3337 4173 3426 4218 tuo
3465 4166 3521 4217 in
3550 4174 3711 4217 teter-

2136 4271 2280 4310 num.
2325 4253 2382 4309 In
2430 4254 2536 4310 line
2568 4255 2787 4311 tandem
2835 4269 3025 4310 eorum
3081 4256 3308 4327 spiritus
3353 4256 3714 4326 propheticus

2135 4348 2433 4417 gratiarum
2467 4349 2712 4404 actiones
2754 4349 2866 4406 Deo
2910 4348 3113 4403 emittit
3150 4349 3236 4404 his
3278 4349 3493 4407 verbis:
3546 4348 3714 4401 Bene-

2136 4438 2309 4493 dictus
2344 4439 2604 4494 Dominus
2656 4440 2795 4495 Deus
2844 4439 3017 4495 Israel
3048 4458 3079 4495 a
3110 4440 3306 4496 steculo
3356 4449 3406 4494 et
3450 4456 3614 4509 usque
3659 4440 3710 4491 in

451 4531 701 4601 γένοιτο,
729 4531 985 4600 γένοιτοο
1021 4531 1054 4601 ἢ
1102 4531 1240 4585 κατὰ
1271 4531 1363 4584 τὸν
1426 4531 1697 4597 Ἀκύλαν,
1739 4545 2033 4585 πεπιστω-

2137 4531 2414 4595 sreculum,
2448 4532 2567 4601 ﬁat,
2596 4532 2726 4601 ﬁat;
2751 4540 2867 4597 aut,
2903 4532 3203 4588 secundum
3227 4532 3502 4601 Aquilam,
3538 4530 3710 4600 ﬁdeli-

444 4617 661 4689 μένως,
716 4618 1208 4688 πεπιστωμένως·
1272 4620 1412 4673 κατά
1457 4621 1514 4674 δὲ
1545 4621 1635 4674 τὸν
1693 4621 1988 4693 Σύμμαχον
2016 4639 2028 4652 ·

462 4713 659 4779 Ἀμὴν,
695 4710 882 4779 ἀμήν
934 4709 1084 4763 ἔνθεν
1113 4713 1141 4764 6
1179 4712 1369 4783 Σωτὴρ
1400 4713 1496 4765 καὶ
1537 4712 1742 4783 Κύριος
1785 4713 1941 4783 ἡμῶν
1975 4715 2033 4767 ὲν

446 4804 560 4863 τοῖς
591 4800 785 4853 ἑαυτοῦ
826 4800 1094 4870 διαλόγοις
1149 4804 1227 4865 εἰς
1256 4802 1519 4856 πίστωσιν
1552 4802 1659 4856 τῶν
1720 4804 1816 4856 ὑπ’
1866 4802 2032 4858 αὑτοῦ

447 4892 757 4961 λεγομένων
804 4892 1254 4963 παραλαμϐάνειν
1306 4895 1463 4948 εἴωθε
1512 4894 1606 4947 τό·
1656 4894 1833 4963 Ἀμὴν
1880 4894 2034 4966 λέγω

444 4984 621 5051 ὐμῑνο
664 4981 725 5038 οὗ
777 4986 878 5057 τὴν
930 4985 1169 5039 διάνοιαν
1228 4987 1561 5058 σαφέστερον
1613 4989 1958 5059 ἡρμήνευσεν
2004 4990 2034 5042 6

461 5072 692 5137 Ἀκύλας
714 5074 904 5139 εἰπὼν,
930 5076 1410 5145 πεπιστωμένως,
1445 5078 1925 5146 πεπιστωμένως.

534 5166 691 5220 Ἀλλά
724 5168 834 5240 γὰρ
854 5168 1189 5240 διῃρημένης
1235 5170 1333 5238 τῆς
1373 5170 1501 5240 ὅλης
1546 5168 1729 5239 βίϐλου
1761 5169 1869 5223 τῶν
1897 5170 2033 5240 ψαλ-

452 5255 571 5327 μῶν
604 5260 682 5322 εἰς
708 5260 868 5312 πέντε
902 5262 1064 5333 μέρη,
1093 5262 1153 5315 τὸ
1181 5263 1394 5334 πρῶτον
1432 5262 1595 5332 μέρος
1621 5261 1856 5315 ἐνταῦθα
1885 5280 2033 5333 περι-

450 5352 739 5423 γράφεται,
772 5354 1072 5424 ἀρχόμενον
1106 5353 1204 5424 μὲν
1231 5354 1338 5407 ἀπὸ
1364 5354 1457 5407 τοῦ
1484 5361 1530 5407 α’
1552 5352 1766 5424 ψαλμοῦ
1792 5394 1807 5414 ,
1849 5354 2032 5407 τελευ-

447 5445 558 5498 τῶν
589 5445 646 5497 δὲ
668 5448 743 5509 εἰς
771 5445 861 5498 τὸν
895 5446 1031 5515 μετά
1070 5449 1280 5517 χεῖρας.
1315 5447 1454 5519 Ὦρα
1486 5447 1550 5518 δὴ
1597 5442 1688 5499 οὖν
1730 5446 2031 5517 μεταϐῆναι

449 5536 545 5589 ἐπὶ
573 5536 633 5589 τὸ
657 5536 909 5607 δεύτερον
934 5554 947 5566 ⁸
984 5538 1119 5608 ὅπερ
1149 5539 1375 5608 ἄρχεται
1410 5539 1507 5608 μὲν
1539 5538 1647 5592 ἀπὸ
1665 5538 1759 5592 τοῦ
1786 5538 1876 5610 μα’
1898 5538 2034 5609 ψαλ-

455 5627 578 5699 μοῦ,
614 5627 1044 5701 συμπεραιοῦται
1069 5629 1125 5682 δὲ
1159 5630 1238 5693 εἰς
1272 5629 1363 5684 τὸν
1396 5631 1495 5685 οα’.

2140 4633 2239 4687 ter,
2272 4622 2537 4693 ﬁdeliter;
2567 4626 2702 4688 sive,
2734 4625 3033 4681 secundum
3063 4624 3479 4696 Symmachum,
3522 4640 3707 4687 amen,

2138 4732 2313 4771 amen.
2354 4715 2509 4772 Unde
2556 4714 2815 4771 Servator
2861 4718 2917 4771 in
2960 4717 3274 4786 colloquiis,
3312 4715 3380 4768 ad
3438 4716 3707 4771 sermonis

2138 4807 2223 4861 sui
2278 4808 2751 4862 conﬁrmationem
2804 4806 2859 4861 id
2918 4823 3188 4878 usurpare
3249 4806 3493 4861 solebat:
3543 4806 3710 4859 Amen

2136 4902 2254 4955 dico
2295 4900 2457 4956 vobis.
2508 4900 2680 4971 Cujus
2731 4900 3061 4957 sententiam
3113 4900 3361 4971 apertius
3418 4898 3710 4967 explicavit

2137 4991 2333 5063 Aquila
2360 4992 2570 5059 dicens,
2607 4993 2854 5063 ﬁdeliter,
2886 4994 3138 5063 ﬁdeliter.

2206 5167 2476 5224 Universo
2526 5168 2747 5239 quidem
2798 5170 3133 5240 psalmorum
3184 5168 3324 5223 libro
3369 5168 3425 5221 in
3470 5169 3713 5239 quinque

2136 5270 2322 5333 partes
2350 5261 2553 5327 diviso,
2595 5263 2771 5333 prima
2828 5276 2954 5331 pars
3010 5261 3117 5317 huc
3158 5259 3385 5327 desinit,
3424 5275 3545 5331 quae
3572 5261 3713 5315 inci»-

2141 5354 2222 5425 pit
2254 5369 2285 5407 a
2324 5354 2501 5423 primo
2547 5355 2778 5423 psalmo,
2824 5362 2878 5411 et
2932 5355 2988 5409 in
3050 5354 3307 5424 praesenti
3360 5354 3706 5408 terminatur.

2142 5444 2331 5502 Restat
2363 5452 2422 5500 ut
2465 5445 2760 5501 secundam
2806 5446 3208 5517 aggrediamur,
3258 5461 3382 5516 quae
3410 5461 3438 5499 a
3474 5445 3713 5515 quadra-

2143 5538 2353 5609 gesimo
2382 5538 2559 5609 primo
2590 5538 2799 5609 incipit,
2828 5546 2883 5595 et
2913 5540 2969 5593 in
2987 5540 3451 5611 septuagesimum
3476 5539 3714 5610 primum

2146 5630 2368 5687 desinit.

522 5806 567 5835 "
600 5805 763 5863 Joan.
799 5825 921 5878 xw,
955 5811 1045 5868 ‘27.
1122 5813 1168 5845 ³³
1206 5810 1363 5871 Joan.
1397 5830 1487 5883 v1,
1525 5814 1610 5869 5i.
1689 5814 1736 5847 “
1775 5814 1880 5873 lsa.
1919 5794 2049 5884 tm,
2090 5814 2140 5870 7.
2218 5816 2263 5849 "
2302 5813 2321 5869 l
2353 5813 2498 5871 Petr.
2533 5819 2605 5882 Il,
2641 5812 2730 5874 23.
