4138 6386
412 361 521 421 367

526 486 577 540 ι.
632 482 700 539 lN
753 480 989 557 manu,
1017 481 1649 557 AD_I_N'[ELLECTUM
1689 485 1889 541 FlLllS

1018 554 1201 611 CORE
1253 555 1387 610 XLI.

491 668 675 726 Prima
724 686 851 741 pars
901 672 1031 727 libri
1078 672 1413 742 psalmorum
1443 672 1805 744 quadraginta
1840 674 1991 744 psal-

420 778 561 828 mos,
602 762 695 833 qui
740 778 935 820 omnes
982 762 1204 817 Davidis
1232 770 1381 827 sunt,
1413 764 1830 834 complectitur;
1877 765 1994 820 hzec

421 868 550 910 vero
607 868 767 924 quam
820 856 1045 922 inimus,
1107 856 1333 925 triginta
1385 862 1439 910 et
1490 872 1698 911 unum:
1760 872 1997 926 quorum

422 956 549 1001 octo
592 947 812 1017 quidem
850 946 1084 1002 ﬁliorum
1124 947 1286 1011 Core,
1322 962 1466 1004 unus
1505 947 1714 1019 Asaph.
1750 947 2001 1003 Salomo-

423 1041 507 1093 nis
546 1055 712 1103 unus,
744 1039 940 1110 reliqui
974 1038 1217 1095 Davidis.
1275 1038 1382 1097 Eos
1422 1047 1605 1097 autem
1633 1041 1729 1111 qui
1766 1040 2000 1096 ﬁliorum

420 1133 561 1187 Core
600 1140 752 1197 sunt,
797 1140 986 1203 utpote
1020 1133 1215 1189 ordine
1247 1134 1479 1204 primos,
1512 1134 1581 1188 ad
1611 1148 1803 1190 eorum
1837 1136 1999 1189 intel-

426 1222 704 1294 ligentiam
742 1224 855 1294 jam
888 1225 1283 1296 expendemus.
1325 1224 1437 1283 Nos
1485 1225 1579 1281 lilii
1617 1224 1759 1283 Core
1800 1226 2002 1283 inscri-

422 1317 700 1387 ptionibus
744 1318 862 1372 suis
908 1317 1196 1389 instigant,
1251 1326 1310 1373 ut
1341 1335 1410 1374 ne
1446 1319 1753 1375 oscitanter
1804 1319 2002 1375 horum

423 1409 661 1465 lectione
686 1420 923 1465 utamur.
974 1409 1227 1468 Praesens
1266 1427 1397 1467 vero
1437 1412 1683 1483 psalmus
1714 1414 2001 1485 propheti—

426 1516 551 1557 cum
588 1502 818 1558 chorum
850 1506 1063 1559 tristem
1113 1504 1407 1575 animoque
1439 1504 1508 1561 de
1549 1506 1736 1576 populi
1774 1522 1844 1562 ex
1888 1506 2002 1562 cir-

425 1594 761 1650 cumcisione
788 1596 945 1664 lapsu
988 1605 1308 1652 maerentem
1341 1597 1573 1662 inducit,
1610 1606 1874 1670 rogatque
1907 1615 2005 1670 per

430 1684 733 1742 Salvatoris
775 1700 933 1756 opem
972 1688 1090 1742 erui
1125 1689 1305 1758 ipsum
1354 1697 1410 1743 et
1463 1689 1688 1745 liberari
1749 1705 1779 1743 a
1814 1691 1997 1744 malis.

426 1776 582 1843 Quod
629 1779 684 1832 in
728 1777 835 1834 ﬁne
870 1779 1143 1835 sermonis
1180 1781 1265 1836 his
1281 1780 1465 1835 verbis
1499 1784 1746 1851 assignat
1780 1798 1795 1837 :
1835 1780 2002 1850 Spera

428 1872 481 1923 in
516 1869 646 1935 Deo,
681 1872 932 1940 quoniam
961 1872 1132 1926 adhuc
1161 1872 1448 1942 conﬁtebor
1473 1874 1577 1939 illi,
1610 1875 1850 1929 salutare
1887 1874 2004 1929 vul-

428 1968 513 2012 tus
544 1962 644 2015 mei
671 1970 723 2015 et
749 1960 887 2015 Deus
914 1978 1083 2016 meus.

502 2132 688 2204 Neque
746 2134 1040 2203 psalmum,
1074 2149 1254 2204 neque
1288 2133 1587 2199 canticum,
1622 2148 1800 2204 neque
1840 2132 2005 2204 quid-

429 2226 573 2295 piam
620 2226 800 2281 simile
832 2224 1121 2297 inscriptio
1150 2224 1390 2296 praafert,
1442 2225 1607 2295 idque
1635 2225 1761 2295 jure
1796 2240 1860 2279 ac
1888 2240 2003 2280 me-

429 2317 534 2369 rito
578 2334 589 2368 :
620 2316 747 2386 quia
778 2331 841 2370 ea
870 2331 993 2387 qua:
1031 2316 1444 2385 subiunguntur
1471 2316 1810 2371 tristioribus
1839 2314 2006 2371 dictis

428 2408 586 2475 plena
615 2413 765 2474 sunt,
812 2406 935 2463 ideo
969 2408 1024 2462 in
1047 2409 1207 2477 ﬁnem
1246 2406 1571 2477 simpliciter
1597 2407 1881 2477 inscriptio
1898 2418 2003 2463 est.

428 2498 564 2554 Nam
609 2514 734 2555 cum
787 2515 877 2556 res
908 2500 1149 2555 nondum
1179 2502 1529 2569 exsisterent,
1562 2501 1659 2557 sed
1688 2501 1886 2557 futurae
1918 2518 2001 2559 es.

429 2601 572 2657 sent,
615 2593 996 2663 praedictiones
1032 2599 1243 2647 tantum
1278 2593 1682 2665 complectitur.
1722 2593 2006 2665 Siquidem

430 2687 522 2742 tilii
587 2687 725 2743 Core
772 2694 1017 2758 tempore
1079 2686 1285 2759 Moysis
1350 2687 1407 2741 in
1473 2686 1690 2743 deserto
1766 2687 2004 2743 luerunt.

428 2779 635 2835 Deinde
688 2794 820 2835 vero
868 2795 993 2835 cum
1040 2787 1196 2850 pater
1243 2796 1431 2835 eorum
1478 2780 1619 2837 Core
1662 2781 1719 2836 in
1766 2781 2006 2855 Moysem

431 2874 754 2931 seditionem
785 2876 1138 2940 concitasset,
1170 2886 1335 2946 atque
1366 2877 1419 2932 in
1443 2877 1651 2932 familia
1683 2894 1783 2935 sua
1810 2879 2010 2949 periis-

430 2974 536 3033 set,
581 2967 813 3037 contigit
860 2974 919 3021 ut
952 2966 1045 3021 ﬁlii
1099 2968 1221 3039 ejus
1260 2984 1368 3024 non
1412 2985 1521 3026 una
1553 2986 1679 3026 cum
1724 2980 1881 3041 patre
1923 2972 2002 3025 in-

430 3060 691 3116 terirent:
734 3068 788 3115 et
818 3060 945 3131 quia
977 3068 1217 3130 paternae
1246 3062 1543 3133 impietatis
1575 3065 1874 3136 participes
1897 3080 2009 3120 non

1124 360 1393 420 EUSEBII
1431 361 1913 419 CAESARIENSIS
1943 363 2094 422 OPP.
2119 365 2300 422 PARS
2333 364 2421 422 Ill.
2452 397 2525 409 —
2560 364 2973 421 EXEGETICA.

2024 497 2073 553 Α
2171 491 2280 543 ΕΙΣ
2330 489 2418 541 ΤΟ
2471 489 2713 551 ΤΕΛΟΣ,
2737 488 2844 541 ΕΙΣ
2894 487 3188 541 ΣΥΝΕΣΙΝ
3230 486 3384 540 ΤΟΙΣ
3432 485 3615 537 ΥΙΟΙΣ

3578 362 3685 416 559

2720 558 2901 613 ΚΟΡΕ
2935 560 3067 613 MA'.

2174 673 2247 726 Τὸ
2277 673 2378 744 μὲν
2408 673 2627 745 πρῶτον
2677 672 2840 744 μέρος
2864 670 2965 742 τῆς
3011 671 3119 725 τῶν
3149 670 3380 742 ψαλμῶν
3420 670 3601 741 βίϐλου
3632 679 3683 739 μ’

2100 764 2369 835 ψαλμοὺς,
2422 765 2517 818 καὶ
2548 765 2757 827 πάντας
2812 761 2907 816 τοῦ
2940 762 3120 827 Δαυϊδ,
3179 764 3459 835 περιεῖχε·
3518 763 3579 816 τὸ
3626 762 3684 817 δὲ

2104 856 2242 927 μετὰ
2274 860 2461 929 χεῖρας
2489 857 2570 909 λα’
2592 873 2605 886 ’
2643 850 2717 910 ὧν
2746 854 2889 910 ὀκτὼ
2917 857 3014 926 μέν
3044 858 3149 909 εἱσι
3182 856 3291 909 τῶν
3339 856 3470 909 υἱῶν
3515 858 3683 928 Κορὲ,

2102 946 2182 1011 εἷς
2213 948 2270 1002 δὲ
2293 949 2387 1001 τοῦ
2428 950 2622 1018 Ἀσάφ,
2651 950 2746 1002 καὶ
2771 946 3081 1018 Σολομῶνος
3104 942 3183 1013 εἷς
3204 966 3215 977 ο
3241 950 3290 1001 οἱ
3316 947 3372 1000 δὲ
3392 948 3569 1001 λοιποὶ
3589 947 3683 1000 τοῦ

2102 1043 2286 1099 Δαυῒδ,
2318 1043 2579 1115 Πρώτους
2600 1043 2657 1096 δὲ
2678 1043 2881 1097 τούτων
2901 1043 3081 1105 ὄντας,
3099 1043 3224 1106 τοὺς
3240 1041 3347 1095 τῶν
3367 1041 3499 1094 υἱῶν
3518 1042 3683 1113 Κορὲ,

2102 1137 2544 1208 διασκεψώμεθα,
2580 1137 2675 1191 ἐπὶ
2706 1137 2766 1190 τὸ
2794 1136 3029 1191 συνιέναι
3060 1135 3127 1189 τὰ
3160 1134 3448 1205 λεγόμενα.
3472 1137 3688 1206 Παρορ-

2107 1229 2281 1300 μῶσιν
2311 1230 2459 1299 ἡμᾶς
2507 1229 2557 1281 οἱ
2587 1228 2693 1281 υἱοὶ
2724 1229 2868 1299 Κορὲ
2910 1226 2998 1280 διὰ
3036 1227 3146 1280 τῶν
3183 1226 3518 1298 προγραφῶν
3552 1226 3686 1297 πρὸς

2103 1320 2163 1373 τὸ
2193 1320 2266 1391 μὴ
2296 1318 2591 1391 παρέργως
2617 1319 2925 1389 χρήσασθαι
2949 1318 3016 1387 τῇ
3036 1315 3145 1369 τῶν
3168 1314 3477 1385 λεγομένων
3507 1314 3689 1366 ἐντεύ-

2106 1409 2205 1477 ξει.
2236 1412 2458 1479 Είσάγει
2488 1410 2544 1463 δὲ
2582 1412 2611 1463 ὁ
2638 1408 2827 1481 παρὼν
2856 1408 3071 1480 ψαλμὸς
3095 1407 3186 1461 τὸν
3228 1407 3563 1481 προφητικὸν
3585 1425 3691 1477 χο-

2109 1503 2198 1575 ρὸν
2225 1502 2525 1574 περίλυπον
2552 1500 2649 1555 καὶ
2678 1499 3001 1571 σκυθρωπὸν
3030 1497 3127 1569 τὴν
3159 1498 3335 1569 ψυχὴν
3370 1498 3463 1551 ἐπὶ
3495 1502 3558 1569 τῇ
3594 1498 3688 1550 τοῦ

2105 1595 2234 1649 λαοῦ
2261 1595 2355 1650 τοῦ
2389 1597 2454 1649 ὲκ
2478 1595 2782 1665 περιτομῆς
2839 1591 3112 1646 ὲκπτώσει
3132 1609 3145 1621 ·
3181 1593 3275 1645 καὶ
3295 1591 3497 1658 ἐξαιτεῖ
3523 1608 3581 1643 τε
3607 1590 3693 1643 λύ-

2104 1703 2308 1755 τρωσιν
2340 1686 2435 1739 καὶ
2464 1685 2648 1739 κακῶν
2680 1683 2991 1755 ἐλευθερίαν
3016 1681 3103 1735 διὰ
3122 1682 3220 1753 τῆς
3260 1682 3528 1752 σωτηρίου
3561 1682 3691 1751 βοη-

2109 1779 2281 1845 θείας.
2314 1781 2379 1833 Ὃ
2418 1779 2483 1852 δὴ
2508 1779 2601 1833 καὶ
2627 1780 2718 1831 ἐπὶ
2743 1777 2885 1831 τέλει
2920 1776 3014 1830 τοῦ
3049 1776 3208 1845 λόγου
3238 1777 3693 1848 ὲπισφραγίζεται

2041 1854 2080 1907 Β
2109 1871 2307 1926 εἰπών·
2337 1873 2629 1926 Ἕλπισον
2653 1870 2749 1923 ἐπὶ
2775 1869 2883 1922 τόν
2912 1868 3080 1931 Θεὸν,
3123 1866 3213 1919 ὅτι
3251 1866 3695 1936 ἐξομολογήσοε

2101 1981 2207 2034 μαι
2229 1961 2423 2029 αὐτῷ·
2450 1960 2748 2031 σωτήριον
2786 1960 2894 2014 τοῦ
2940 1958 3266 2027 προσώπου
3307 1974 3428 2027 μου
3512 1959 3609 2014 καὶ
3661 1964 3690 2015 ὁ

2106 2054 2249 2121 Θεός
2271 2072 2410 2124 μου.

2178 2146 2317 2201 Οὔτε
2344 2145 2583 2217 ψαλμὸν,
2618 2142 2739 2197 οὕτε
2764 2142 2904 2213 ᾠδὴν
2932 2182 2947 2206 ,
2979 2142 3102 2196 οὕτε
3128 2160 3181 2196 τι
3209 2141 3318 2196 τῶν
3351 2141 3608 2196 τοιούτων
3654 2142 3689 2212 ἠ

2108 2238 2437 2311 προσγραφὴ
2468 2238 2713 2309 περιέχει
2739 2252 2753 2267 ·
2791 2236 2886 2289 καὶ
2918 2237 3163 2299 εἰκότως.
3208 2235 3539 2307 Ἐπειδήπερ
3566 2252 3694 2287 σκυε

2109 2333 2471 2406 θρωποτέρων
2517 2331 2691 2400 λόγων
2738 2330 3098 2402 πεπλήρωται
3144 2328 3214 2381 τὰ
3269 2326 3398 2397 ἑξῆς
3448 2326 3695 2394 ἐπιλεγόα

2112 2444 2270 2499 μενα,
2305 2427 2393 2481 διὰ
2432 2424 2605 2478 ταῦτα
2646 2423 2831 2488 ἁπλῶς
2855 2426 2943 2489 εἰς
2974 2421 3041 2476 τὸ
3068 2421 3244 2486 τέλος
3267 2420 3691 2492 ἐπιγέγραπται.

2108 2518 2201 2589 Μὴ
2230 2516 2341 2588 γὰρ
2366 2514 2697 2585 ὑφεστώτων
2729 2514 3097 2585 πραγμάτων,
3132 2510 3429 2582 μελλόντων
3462 2510 3518 2563 δέ
3563 2526 3693 2562 ποτε

2110 2608 2349 2671 ἔσεσθαι,
2386 2608 2718 2679 προρρήσεις
2754 2606 3017 2677 περιέχει.
3040 2596 3048 2604 ’
3073 2603 3337 2672 Γεγόνασι
3380 2603 3478 2674 μὲν
3508 2602 3615 2672 γὰρ
3645 2600 3695 2655 oi

2110 2701 2215 2753 υἱοὶ
2256 2700 2401 2769 Κορὲ
2442 2698 2535 2752 ἐπὶ
2577 2698 2678 2768 τῆς
2712 2699 2918 2768 ὲρήμου
2948 2694 3087 2749 κατὰ
3119 2697 3244 2758 τοὺς
3265 2694 3489 2765 χρόνους
3530 2695 3697 2747 Μωῦο

2113 2791 2269 2855 σέως.
2296 2786 2429 2845 Εἶτα
2454 2790 2548 2844 τοῦ
2583 2790 2787 2861 πατρὸς
2814 2788 2993 2842 αὐτῶν
3012 2769 3111 2841 Ῐτοῦ
3140 2787 3286 2858 Κορὲ
3326 2784 3695 2840 καταστασιά-

2112 2902 2303 2948 σαντος
2324 2884 2623 2949 Μωῦσὲως,
2651 2884 2745 2938 καὶ
2761 2882 3098 2953 ἀπολομένου
3132 2884 3196 2952 τῇ
3224 2879 3391 2933 αὑτοῦ
3433 2880 3694 2952 φρατρίᾳ,

2110 2978 2237 3039 τοὺς
2262 2976 2450 3029 τούτου
2476 2976 2669 3039 παῖδας
2697 2974 2893 3046 συνέϐη
2920 2974 2995 3045 μὴ
3026 2972 3383 3027 συναπολέσαι
3406 2972 3485 3043 τῷ
3506 2972 3692 3043 πατρί·

2111 3068 2200 3122 διὰ
2230 3066 2290 3120 τὸ
2319 3068 2391 3139 μὴ
2426 3067 2808 3121 κεκοινωκέναι
2840 3068 3037 3130 αὐτοὺς
3061 3068 3125 3137 τῇ
3151 3065 3244 3118 τοῦ
3277 3064 3481 3137 πατρὸς
3504 3065 3696 3117 δυσσε-

432 3153 669 3217 l‘uerant,
703 3154 798 3210 sed
834 3157 1209 3224 paenitentiam
1244 3164 1298 3211 et
1328 3157 1622 3211 max-imam
1676 3172 1805 3230 erga
1840 3156 2006 3213 Deum

2114 3161 2255 3233 ϐείᾳ,
2286 3159 2576 3230 μετάνοιαν
2612 3160 2669 3212 δὲ
2700 3158 3105 3229 ἐνδειξαμένους
3147 3158 3241 3211 καὶ
3279 3156 3537 3229 πλείστην
3569 3155 3697 3228 περὶ

430 3248 683 3319 pietatem
724 3248 1076 3313 exhibebant,
1109 3257 1262 3303 tanta
1311 3250 1452 3320 apud
1516 3248 1688 3307 Deum
1746 3250 2011 3321 approba-

430 3337 578 3393 tione
611 3339 759 3409 digni
812 3338 1055 3406 l‘uerunt,
1090 3348 1151 3394 ut
1181 3341 1343 3395 etiam
1371 3341 1675 3411 prophetiae
1711 3344 1887 3413 gratia
1916 3360 2010 3399 or-

432 3441 720 3484 narentur.
788 3431 868 3486 Ex
915 3448 1103 3488 eorum
1139 3449 1304 3505 porro
1358 3434 1713 3490 successione
1760 3442 2009 3507 tempore

428 3523 650 3579 Davidis
688 3524 829 3581 alius
888 3524 1027 3581 Core
1082 3534 1310 3583 exortus
1361 3534 1492 3594 est,
1565 3526 1736 3598 priori
1805 3543 2009 3600 cogno-

428 3618 629 3683 minis;
696 3626 751 3673 et
809 3617 939 3673 huic
1000 3618 1094 3674 ﬁlii
1150 3620 1261 3673 nati
1326 3619 1440 3674 alii.
1518 3618 1647 3675 Sive
1717 3621 1885 3692 igitur
1956 3624 2010 3677 hi

430 3708 738 3777 postremi,
792 3709 908 3763 sive
956 3708 1169 3779 priores
1198 3710 1330 3774 alii,
1390 3711 1765 3781 captivitatem
1824 3715 2010 3783 populi

428 3814 549 3869 quae
605 3800 767 3871 longo
812 3812 1003 3872 postea
1040 3810 1285 3871 tempore
1318 3803 1550 3864 accidit.
1600 3819 1664 3859 ac
1696 3802 2010 3860 Judaeorum

427 3893 612 3963 populi
685 3895 741 3948 in
810 3909 1001 3950 omnes
1055 3905 1244 3965 gentes
1307 3895 1740 3966 dispersionem,
1801 3897 1906 3952 hoc
1956 3898 2011 3952 in

432 3987 643 4056 psalmo
681 3987 1070 4042 vaticinantur.
1112 3988 1170 4042 ln
1209 3988 1566 4057 sequentibus
1611 3989 1780 4059 igitur
1814 3990 2007 4044 aiunt:

433 4076 501 4131 Et
527 4080 617 4148 qui
638 4078 859 4134 oderunt
889 4098 983 4135 nos
1031 4080 1363 4150 diripuerunt
1390 4099 1498 4137 eos.
1526 4080 1733 4136 Dedisti
1767 4100 1862 4137 nos
1892 4094 2012 4137 tan-

428 4186 588 4239 quam
620 4186 734 4224 ores
766 4187 1007 4224 escarum
1033 4214 1047 4237 ,
1102 4182 1152 4225 et
1191 4174 1242 4226 in
1278 4173 1515 4243 gentibus
1549 4174 1845 4243 dispersisti
1893 4190 2011 4230 nos.

442 4260 731 4315 Vendidisti
750 4263 1000 4331 populum
1037 4274 1186 4316 tuum
1222 4266 1336 4318 sine
1372 4266 1562 4334 pretio,
1592 4274 1643 4319 et
1671 4267 1897 4335 posuisti
1919 4284 2012 4320 nos

430 4352 769 4421 opprobrium
830 4355 1015 4409 vicinis
1071 4357 1270 4410 nostris
1321 4357 1386 4410 ’⁸.
1442 4356 1563 4413 Non
1605 4359 1750 4413 enim
1803 4358 1919 4414 haec
1954 4366 2013 4413 ut

432 4457 675 4515 tempore
711 4444 1105 4519 Davidisgesta
1132 4448 1363 4503 historia
1392 4459 1581 4504 narrat
1609 4470 1622 4506 :
1657 4450 1781 4506 ideo
1803 4452 2003 4507 inscri-

2112 3251 2203 3304 τὸν
2231 3251 2362 3303 Θεὸν
2407 3250 2715 3313 εὐλάϐειαν,
2765 3248 3037 3319 τοσαύτης
3085 3248 3356 3319 ἀποδοχῆς
3402 3245 3696 3316 ἠξιωκέναι

2113 3343 2263 3413 παρὰ
2302 3342 2377 3413 τῷ
2406 3342 2546 3412 Θεῷ,
2573 3342 2649 3404 ώς
2684 3340 2779 3393 καὶ
2823 3339 3165 3412 προφητικοῦ
3211 3340 3550 3410 χαρίσματος
3596 3355 3695 3409 με·

2110 3437 2352 3506 τασχεῖν.
2402 3436 2495 3487 Ἐκ
2524 3433 2582 3487 δὲ
2618 3434 2717 3504 τῆς
2740 3432 2943 3485 τούτων
2968 3432 3219 3503 διαδοχῆς
3242 3432 3385 3484 κατὰ
3418 3433 3543 3493 τοὺς
3570 3430 3698 3501 χρό-

2113 3546 2237 3592 νους
2266 3527 2427 3581 Δαυῒδ
2476 3527 2684 3595 γίνεται
2715 3526 2901 3596 ἕτερος
2933 3526 3101 3597 Κορὲ,
3132 3523 3423 3595 ὁμώνυμος
3452 3523 3529 3594 τῷ
3564 3540 3696 3593 προ-

2112 3620 2276 3692 τέρῳ,
2305 3620 2400 3673 καὶ
2428 3619 2619 3672 τούτου
2646 3618 2823 3688 ἕτεροι
2846 3620 3053 3680 παῖδες.
3081 3616 3194 3669 Εἶτ’
3227 3612 3319 3670 οὖν
3358 3610 3503 3669 οὗτοι
3524 3654 3539 3678 ,
3586 3615 3698 3667 εἴτε

2112 3716 2162 3768 οἱ
2185 3715 2463 3786 πρότεροι,
2494 3715 2591 3783 τὴν
2620 3711 2837 3783 μακρὰν
2870 3709 3095 3781 ὕστερον
3145 3710 3454 3781 γενομένην
3494 3709 3699 3778 αἰχμα-

2113 3807 2314 3861 λωσίαν
2344 3805 2438 3859 τοῦ
2466 3804 2597 3857 λαοῦ
2622 3806 2717 3858 καὶ
2748 3803 2846 3874 τὴν
2870 3804 2950 3866 εἰς
2978 3802 3153 3856 πάντα
3185 3801 3253 3854 τὰ
3288 3800 3414 3871 ἔθνη
3441 3798 3533 3852 τοῦ
3573 3800 3702 3850 Ἰου-

2112 3899 2277 3955 δαίων
2322 3898 2507 3963 ἔθνους
2562 3897 2861 3969 διασπορὰν
2916 3893 3232 3958 θεσπίζουσι
3285 3892 3373 3945 διὰ
3414 3892 3507 3944 τὸν
3563 3889 3701 3961 μετὰ

2115 3994 2322 4062 χεῖρας.
2373 3990 2663 4060 Προῖόντες
2713 3988 2844 4058 γοῦν
2890 4002 3061 4057 φασι·
3114 3983 3225 4039 Καὶ
3277 3986 3330 4037 οἱ
3374 3983 3703 4053 μισοῦντες

2114 4078 2273 4149 ’ἡμᾶς
2298 4078 2620 4147 διήρπαζον
2648 4078 2891 4143 αὐτούς.
2952 4074 3217 4139 Ἔδωκας
3241 4072 3398 4142 ἡμᾶς
3436 4073 3516 4137 ώς
3562 4072 3703 4137 πρό·-

2115 4174 2262 4225 ϐατα
2279 4172 2583 4239 βρώσεως,
2597 4170 2695 4224 καὶ
2715 4171 2785 4224 ἐν
2799 4169 2921 4235 τοῖς
2942 4169 3143 4222 ἔθνεσι
3165 4165 3507 4232 διέσπειρας
3524 4162 3699 4232 ἡμᾶς.

2130 4265 2369 4320 Ἁπέδου
2389 4265 2497 4319 τὸν
2517 4266 2670 4320 λαόν
2691 4280 2806 4318 σου
2830 4264 2977 4317 ἄνευ
3019 4260 3228 4331 τιμῆς’
3256 4258 3354 4311 καί
3380 4260 3521 4311 ἔθου
3546 4255 3704 4324 ἡμᾶς

2116 4360 2346 4426 ὄνειδος
2378 4358 2504 4425 τοῖς
2534 4360 2800 4428 γείτοσιν
2822 4357 3013 4426 ἡμῶν.
3047 4355 3122 4409 Ού
3150 4354 3261 4425 γὰρ
3295 4351 3387 4403 ἐπὶ
3423 4348 3518 4403 τοῦ
3544 4346 3705 4400 Δαυῖδ

2116 4451 2290 4505 ταῦτα
2325 4453 2358 4522 ἡ
2392 4452 2605 4523 ἱστορία
2629 4450 2958 4520 γεγενῆσθαι
2980 4448 3253 4520 περιέχειο
3273 4446 3361 4500 διὰ
3392 4445 3553 4498 τοῦτο
3579 4460 3705 4513 προ-

429 4540 543 4609 ptio
588 4540 643 4593 in
677 4540 837 4609 ﬁnem
868 4540 1050 4594 habet.
1084 4540 1262 4610 Atque
1294 4542 1423 4612 quia
1456 4558 1520 4597 ex
1580 4543 1766 4598 divina
1808 4544 2006 4600 intelli-

2117 4543 2428 4614 γέγραπται
2448 4544 2534 4607 εἰς
2568 4541 2635 4595 τὸ
2665 4541 2859 4607 τέλος.
2886 4541 2995 4593 Καὶ
3011 4540 3104 4592 ἐπὶ
3131 4536 3318 4607 θεῖκῆς
3338 4535 3402 4607 δὴ
3438 4533 3703 4594 συνέσεως

426 4631 609 4702 gentia
645 4632 759 4686 haec
790 4633 845 4687 in
869 4631 1056 4687 futuro
1079 4640 1323 4703 tempore
1342 4643 1494 4705 gesta
1517 4644 1710 4706 putare
1737 4639 2013 4706 convenit,

425 4724 742 4779 necessario
758 4724 965 4779 dictum
986 4732 1091 4786 est,
1113 4724 1181 4778 ad
1195 4726 1538 4784 intellectum.
1562 4727 1671 4783 Pro
1690 4729 1783 4784 illo
1805 4739 2009 4796 autem,

425 4814 556 4882 ﬁliis
591 4813 745 4879 Core,
772 4814 969 4886 Aquila
1011 4818 1215 4886 pariter
1242 4824 1297 4872 ct
1331 4818 1694 4890 Symmachus
1721 4864 1735 4889 ,
1777 4822 2013 4892 ﬁliorum

428 4909 562 4963 Core
595 4910 934 4979 interpretati
987 4920 1159 4977 sunt,
1203 4914 1465 4969 docentes
1510 4930 1699 4970 eorum
1733 4930 1856 4971 esse
1885 4932 2015 4987 pro-

428 5001 673 5071 phetias,
714 5004 809 5073 qui
849 5020 909 5059 se
939 5003 1108 5060 Deum
1166 5005 1345 5076 ipsum
1381 5007 1555 5074 sitire,
1586 5016 1750 5078 atque
1778 5024 1965 5064 amore
1989 5050 2004 5073 ,

427 5094 700 5149 desiderio
728 5104 782 5150 et
835 5098 1283 5168 concupiscentia
1332 5099 1478 5155 illius
1538 5099 1781 5155 fontibus
1837 5103 2009 5156 teneri

426 5185 740 5242 fatebantur
760 5229 775 5246 .
805 5189 872 5243 dc
902 5205 1013 5260 quo
1042 5190 1251 5246 dictum
1284 5201 1369 5247 est
1390 5193 1435 5224 ²⁷
1462 5200 1481 5247 :'
1507 5192 1775 5258 Quoniam
1799 5192 1939 5262 apud
1963 5202 2011 5247 te

426 5287 501 5330 est
532 5279 650 5346 fons
676 5280 816 5346 vitae,
848 5282 902 5334 in
950 5282 1145 5337 lumine
1176 5292 1264 5338 tuo
1304 5282 1593 5337 videbimus
1625 5282 1821 5338 lumen.
1858 5282 2009 5349 Qua-

427 5377 648 5435 propter
675 5368 929 5423 dicebant
962 5390 974 5425 :

500 5455 667 5513 Vens.
699 5458 752 5521 2,
787 5462 840 5515 5.
886 5462 1339 5526 Quemadmodum
1388 5465 1655 5518 desiderat
1710 5482 1888 5519 cervus
1938 5467 2007 5519 ad

427 5546 596 5613 fontes
645 5564 941 5617 aquarum,
996 5554 1074 5607 ita
1104 5553 1371 5609 desiderat
1422 5554 1607 5607 anima
1656 5570 1773 5606 mea
1807 5552 1875 5605 ad
1918 5563 2002 5619 te,

427 5639 588 5693 Deus.
626 5639 929 5696 Cornutum
964 5646 1164 5698 animal
1210 5652 1295 5700 est
1325 5659 1552 5711 cervus,
1586 5644 1875 5699 scd‘etiam
1907 5662 2006 5719 pu-

498 5820 544 5851 ’⁸
581 5816 725 5873 Psal.
768 5835 895 5872 sun
922 5860 935 5885 ,
975 5822 1162 5878 ii-N.
1242 5824 1285 5855 ³⁷
1323 5821 1467 5879 l’sal.
1507 5840 1682 5893 xxxv,
1720 5825 1810 5879 10.

2118 4638 2195 4709 τῷ
2255 4638 2503 4709 μέλλοντι
2556 4634 2732 4690 ταῦτα
2784 4637 2923 4688 νοεῖν
2957 4633 3272 4703 ἀναγκαίως
3301 4630 3550 4702 εἴρηται,
3615 4629 3703 4691 εἰς

2117 4731 2396 4783 σύνεσιν.
2440 4729 2583 4782 Ἀντὶ
2611 4728 2668 4782 δὲ
2697 4727 2813 4791 τοῦ,
2842 4726 2966 4792 τοῖς
2997 4724 3151 4791 υἱοῖς
3182 4724 3365 4791 Κορὲ,
3398 4718 3704 4791 συμφώνως

2116 4821 2145 4871 ὁ
2194 4818 2425 4882 Ἀκύλας
2453 4819 2548 4871 καὶ
2576 4820 2603 4871 ό
2628 4817 2944 4889 Σύμμαχος,
2980 4814 3097 4869 τῶν
3120 4813 3267 4868 υἱῶν
3308 4810 3455 4879 Κορὲ
3478 4850 3492 4872 ,
3520 4808 3703 4880 ἡρμή-

2117 4930 2336 4977 νευσαν,
2369 4912 2710 4976 διδάσκοντες
2744 4911 2923 4964 αὐτῶν
2956 4905 3093 4963 εἶναι
3127 4908 3225 4971 τὰς
3256 4904 3623 4977 προφητείας·
3650 4901 3703 4957 οἵ

2114 5006 2274 5077 διψῇν
2289 5004 2597 5075 ὡμολόγουν
2624 5005 2785 5059 αὑτὸν
2816 5004 2907 5056 τὸν
2933 5002 3086 5067 Θεὸν,
3113 5000 3273 5054 πόθον
3290 5016 3348 5052 τε
3372 4997 3467 5051 καὶ
3490 4998 3698 5068 ἵμερον,

2120 5099 2214 5152 καὶ
2246 5097 2540 5169 ἐπιθυμίαν
2574 5096 2717 5168 ἔχειν
2748 5098 2846 5166 τῆς
2880 5098 3007 5164 παρ’
3040 5093 3189 5163 αὐτῷ
3227 5092 3430 5164 πηγῆς,
3474 5091 3603 5158 περὶ
3634 5084 3702 5161 ἧς

2118 5188 2354 5260 εἴρηται·
2389 5190 2511 5241 Ὅτι
2550 5187 2710 5254 παρά
2760 5186 2860 5241 σοι
2910 5187 3072 5255 πηγὴ
3107 5183 3276 5253 ζωῆς,
3316 5184 3386 5237 ἐν
3420 5182 3502 5249 τῷ
3553 5183 3702 5253 φωτί

2117 5295 2235 5333 σου
2263 5280 2529 5349 ὀψόμεθα
2563 5279 2707 5347 φῶς.
2737 5279 2828 5332 Διὸ
2852 5277 3063 5345 ἔλεγονο

2192 5463 2302 5515 Ὃν
2345 5462 2569 5528 τρόπον
2630 5458 2904 5512 ἐπιποθεῖ
2944 5458 3171 5526 ἔλαφος
3211 5454 3310 5508 ἐπὶ
3349 5452 3456 5519 τὰς
3504 5449 3701 5521 πηγὰς

2115 5553 2235 5609 τῶν
2280 5552 2535 5615 ὑδάτων,
2574 5554 2762 5618 οὕτως
2808 5552 3081 5605 ἐπιποθεῖ
3112 5552 3149 5618 ὴ
3182 5548 3352 5618 ψυχή
3386 5564 3505 5616 μου
3553 5544 3703 5613 πρὸς

2117 5646 2213 5713 σὲ,
2289 5648 2322 5699 ὀ
2392 5647 2555 5709 Θεός.
2626 5643 2983 5715 Κερασφόρον
3044 5640 3182 5706 ζῶον
3224 5642 3256 5709 η
3291 5638 3519 5705 ἔλαφος·
3566 5634 3702 5687 ἀλλὰ
