4138 6386
404 372 511 429 5³9

1545 371 2053 429 COMMENTARIA
2091 371 2159 428 IN
2199 369 2540 429 PSALMOS.

3561 373 3667 430 370

405 496 498 546 καὶ
565 493 804 567 καθαρὸν
880 495 1021 550 κατά
1082 495 1174 548 τὸν
1247 494 1430 567 νόμον,
1497 497 1596 568 ἤδη
1623 496 1681 550 δέ
1713 497 1805 550 καὶ
1866 495 1984 564 ὀφι-

2090 510 2210 549 rum
2265 494 2568 550 secundum
2630 490 2843 563 legem,
2893 490 3238 563 serpentibus
3288 487 3659 553 mortiferum,

403 586 641 650 οκτόνον,
706 586 801 641 κα)⁵
847 588 1067 641 πάντων
1126 589 1374 659 ἑρπετῶν
1418 588 1782 660 ἀναιρετικὸν,
1852 588 1989 641 ἀλλά

402 678 495 730 καὶ
562 677 672 731 τῶν
746 677 845 742 τὰς
895 681 1137 751 ἐρήμους
1213 678 1676 751 με’ταδιωκόντων.
1738 682 1781 733 Τ
1783 680 1990 744 οιοῦτος

401 769 459 821 δὲ
516 764 586 839 ἦν
634 770 663 821 ὁ
709 771 1046 840 προφητικος
1096 770 1295 842 χορὸς,
1360 771 1660 843 φιλέρημος
1713 771 1808 824 καὶ
1853 772 1986 824 ἀνα-

403 860 863 931 κεχωρηκώς.Ἐν
880 862 1137 932 ἐρημίαις
1159 863 1317 939 γοῦν,
1349 864 1443 917 καὶ
1487 864 1658 935 ὀρεσι,
1706 864 1800 916 καὶ
1847 880 1986 933 σπη-

405 952 578 1016 λαίοις
610 954 943 1024 πεποιῆσθαι
972 954 1219 1023 λέγονται
1246 954 1345 1018 τὰς
1365 956 1645 1027 διατριϐάς
1664 974 1676 986 ·
1711 956 1849 1010 ἀλλά
1895 959 1987 1012 καὶ

408 1047 589 1116 πάσης
612 1046 907 1117 ἐτύγχανον
928 1048 1311 1120 ἀντικειμένης
1337 1048 1636 1119 δυνάμεως,
1660 1050 1753 1102 καὶ
1785 1050 1987 1112 παντὸς

402 1139 498 1192 τοῦ
527 1139 666 1192 κατὰ
687 1140 923 1193 διάνοιαν
951 1141 1182 1210 ἑρπετοῦ
1212 1143 1565 1215 ἀναιρετικοι,
1606 1144 1682 1206 ὡς
1730 1142 1795 1197 ἂν
1839 1143 1988 1214 ἕχον-

404 1249 494 1293 τες
519 1231 613 1284 καὶ
638 1231 791 1285 αὐτοὶ
812 1235 1002 1285 πατεῖν
1029 1234 1214 1287 ἐπάνω
1245 1234 1420 1302 ὖφεων
1443 1235 1536 1287 καὶ
1571 1235 1867 1305 σκορπίων,
1893 1236 1987 1288 καὶ

403 1322 497 1374 ἐπὶ
520 1323 698 1375 πᾶσαν
725 1322 824 1393 τὴν
868 1322 1095 1394 δύναμιν
1131 1323 1227 1376 τοῦ
1276 1324 1494 1395 ἐχθροῦ.
1550 1326 1894 1397 Κερασφόροι
1932 1326 1987 1379 δὲ

405 1411 670 1481 ὑπῆρχον,
693 1411 769 1474 ὡς
799 1411 977 1480 λέγειν
1001 1412 1260 1466 δύνασθαι
1282 1429 1291 1435 ·
1328 1415 1423 1467 Ἑν
1445 1415 1543 1468 σοὶ
1575 1414 1716 1479 τοὺς
1735 1414 1988 1483 ἐχθροὺς

402 1501 576 1571 ἡμῶν
622 1505 1028 1574 κερατιοῦμεν.
1073 1506 1232 1559 Ἀλλά
1264 1506 1359 1559 καὶ
1403 1505 1635 1575 καθαροὶ
1667 1506 1767 1576 τὴν
1809 1505 1987 1576 ψυχὴν

402 1595 725 1665 ἐτύγχανον,
762 1598 811 1648 εἰ
855 1596 948 1651 καί
996 1615 1139 1660 τινες
1167 1597 1350 1650 ἄλλοι·
1385 1597 1465 1651 διὸ
1504 1598 1688 1668 ἐλάφῳ
1717 1598 1989 1669 παρεϐάλ-

401 1688 571 1741 λοντο.
591 1687 743 1740 Ἐπεὶ
776 1688 871 1742 καὶ
900 1688 1061 1752 αὐτὸς
1083 1690 1110 1743 ὁ
1133 1688 1365 1759 νυμφίος
1392 1688 1697 1759 ὲνᾊσματι
1728 1688 1988 1758 ᾀσμάτων

402 1780 581 1852 νεϐρῷ
612 1780 796 1853 ἐλάφῳ
817 1782 1166 1852 ἀφωμοίωτο,
1198 1782 1294 1834 καὶ
1310 1783 1366 1835 ἐν
1396 1781 1476 1846 τῷ
1513 1781 1631 1833 Ἰὼϐ
1663 1781 1720 1834 δὲ
1747 1781 1982 1852 εἴρηται·

416 1873 758 1941 Ἐφύλαξας
784 1872 853 1926 δὲ
881 1873 1084 1943 μῆνας
1108 1875 1351 1943 ἐλάφων
1387 1873 1605 1940 ὠδῖνάς
1632 1891 1695 1928 τε
1719 1892 1731 1904 ·
1762 1873 1986 1939 αὐτοὺς
2016 1861 2058 1914 Β

400 1964 850 2031 ἐξαποστελεῖς.
886 1966 1153 2030 Τοιαύτας
1189 1967 1245 2019 δὲ
1275 1965 1499 2034 λογικὰς
1547 1966 1776 2035 ἐλάφους
1814 1968 1842 2018 ὁ
1873 1966 1985 2019 K6-

402 2074 518 2129 ριος
538 2057 959 2129 καταρτίζεσθαι
1006 2058 1222 2127 λέγεται
1252 2061 1308 2111 ἐν
1339 2059 1425 2127 κη’
1450 2058 1671 2128 ψαλμῷ,
1698 2058 1979 2127 φάσκοντι·

399 2148 573 2217 Φωνὴ
598 2150 821 2217 Κυρίου
844 2149 1303 2219 καταρτιζομένη
1336 2149 1624 2218 ἐλάφους.

471 2237 643 2297 Αὗται
673 2242 849 2296 τοίνυν
898 2246 955 2296 αἱ
997 2243 1205 2311 ἔλαφοι,
1250 2244 1348 2315 τῆς
1378 2243 1563 2313 πηγῆς
1604 2242 1985 2314 διαλειπούσης

400 2334 569 2398 αὑτὰς
587 2333 677 2387 διὰ
706 2334 805 2397 τὰς
835 2335 1064 2405 ἀνομίας
1098 2335 1191 2388 τοῦ
1217 2334 1346 2388 λαοῦ
1369 2376 1384 2399 ,
1423 2335 1515 2389 καὶ
1539 2336 1986 2407 ἀποστραφέντος

398 2427 491 2480 τοῦ
527 2426 683 2493 Θεοῦ,
707 2427 829 2481 καθ’
855 2427 1055 2491 ἑαυτὰς
1090 2428 1465 2493 ἀπεκλαίοντο,
1500 2430 1595 2482 καὶ
1636 2431 1748 2492 τοῖς
1776 2430 1982 2483 ἑαυτῶν

396 2518 657 2590 δάκρυσιν
680 2519 918 2590 ἐχρῶντο
952 2522 1149 2591 τροφῇ,
1173 2520 1366 2584 νυκτὸς
1387 2521 1480 2574 καὶ
1524 2520 1738 2591 ἡμέρας
1756 2523 1854 2594 τὴν
1880 2523 1984 2575 ἀπ-

397 2610 597 2663 ώλειαν
623 2610 717 2663 τοῦ
762 2610 891 2665 λαοῦ
922 2610 1328 2682 ἀποθρηνοῦσαι
1348 2628 1361 2641 ·
1394 2611 1703 2683 ὡμολόγουν
1744 2630 1805 2665 τε
1824 2612 1982 2684 διψῇν

398 2702 460 2753 οὑ
489 2704 599 2765 τοῖς
629 2700 845 2772 σώμασι
870 2703 963 2755 καὶ
981 2704 1099 2765 ταῖς
1126 2702 1286 2774 σαρξὶ
1319 2701 1418 2765 τὰς
1454 2702 1628 2774 τούτῳ
1659 2704 1819 2772 φίλας
1857 2705 1981 2775 ἠδο-

398 2792 517 2856 νάς,
542 2792 656 2845 ἀλλ’
690 2792 829 2863 αὐτὴ
851 2793 1046 2864 ἡψυχὴ
1073 2793 1257 2847 ποθεῖν
1282 2793 1377 2846 καὶ
1399 2794 1708 2865 ἱμείρεσοαι
1731 2795 1874 2849 κατά
1892 2796 1983 2851 τὸν

398 2885 693 2956 Σύμμαχον
720 2885 830 2953 τῆς
864 2886 1014 2953 πρὸς
1050 2886 1155 2939 τὸν
1181 2885 1331 2940 Θεὸν
1358 2886 1620 2954 πορείας.
1651 2887 1743 2941 Διὸ
1763 2888 1947 2957 ἔλεγον
1965 2906 1978 2920 ·

400 2976 601 3042 Οὕτως
626 2975 903 3031 ἐπιποθεῖ
919 2977 957 3044 ἡ
984 2976 1156 3044 ψυχή
1173 2994 1293 3045 μου
1318 2977 1468 3045 πρὸς
1496 2977 1591 3045 σὲ,
1621 2981 1653 3032 ό
1683 2980 1829 3045 Sed;
1849 2997 1863 3012 ·
1891 2982 1984 3035 καὶ

399 3069 563 3121 πάλιν
580 3086 592 3097 ·
634 3068 965 3137 Ἐδίψησεν
992 3070 1029 3138 ἡ
1058 3068 1229 3137 ψυχή
1254 3088 1374 3139 μου
1390 3070 1541 3139 πρὸς
1564 3069 1674 3125 τὸν
1703 3072 1854 3127 Θεὸν
1876 3073 1986 3127 τὸν

401 3159 657 3230 ισχυρὸν
698 3159 807 3214 τὸν
848 3160 1051 3221 ζῶντα.
1108 3162 1215 3231 Ζῇν
1257 3160 1365 3231 γὰρ
1389 3162 1478 3215 τὸν
1503 3162 1707 3235 Κύριον
1752 3164 1894 3219 κατά
1920 3166 1983 3219 τὸ

400 3252 727 3324 εἰρημένον,
778 3253 830 3305 ’0
847 3253 1035 3321 μόνος
1076 3252 1233 3321 ἔχων
1286 3254 1660 3309 ἀθανασίαν·
1702 3258 1797 3311 καὶ
1828 3258 1985 3328 μόνον

400 3342 547 3412 ζωὴν
565 3341 709 3412 ἔχειν
730 3342 857 3413 παρ’
881 3342 1078 3412 ἐαυτῷ,
1108 3342 1249 3402 κατά
1270 3343 1358 3397 τό·
1378 3344 1495 3397 ’Ότι
1517 3345 1677 3414 παρὰ
1701 3347 1799 3400 σοὶ
1821 3347 1985 3417 πηγὴ

399 3430 570 3501 ξ’ωῆς,
589 3433 806 3505 ᾔδεσαν.
831 3435 940 3487 Καὶ
959 3435 1114 3489 τοῦτό
1133 3453 1195 3504 γε
1208 3435 1269 3489 τὸ
1290 3435 1397 3500 ζῶν
1425 3436 1588 3509 ὕδωρ,
1615 3437 1839 3513 ὕστερόν
1856 3457 1985 3494 ποτε

400 3526 672 3578 ἐπιστᾶσα
713 3526 788 3597 (1)
818 3527 958 3581 κατὰ
1004 3527 1228 3595 τάςτῶν
1253 3529 1548 3600 προφητῶν
1570 3531 1787 3603 εύχάςὴ
1811 3532 1982 3604 πηγὴ,

402 3617 564 3679 αὐτὸς
588 3617 616 3668 ὁ
645 3617 836 3688 Σωτὴρ
870 3620 1132 3691 παρέχειν
1174 3618 1484 3692 ἀνθρώποις
1525 3622 1834 3687 ἐδίδασκεν,
1856 3618 1984 3677 .ὦδέ

402 3721 481 3775 πη
508 3704 681 3773 λέγων
701 3724 714 3736 ·
744 3709 848 3773 Ὃς
870 3707 946 3760 ἂν
974 3709 1083 3777 πίῃ
1105 3709 1174 3762 ἐκ
1203 3708 1311 3763 τοῦ
1335 3709 1555 3777 ὕδατος
1575 3707 1648 3767 οὗ
1674 3711 1789 3782 ἐγὼ
1813 3712 1986 3768 δώσω

399 3795 564 3861 αὐτῷ
590 3838 604 3860 ,
650 3796 967 3868 γενήσεται
1016 3799 1087 3851 ἐν
1130 3798 1293 3865 αὐτῷ
1324 3799 1487 3870 πηγὴ
1515 3799 1735 3867 ὕδατος
1769 3801 1985 3870 ζῶντος

399 3885 739 3956 ἁλλομένου
794 3890 882 3956 εὶς
908 3885 1061 3958 ζωὴν
1104 3887 1363 3943 αἰώνιον.
1408 3889 1522 3949 Καὶ
1563 3890 1756 3944 πάλιν·
1798 3892 1874 3946 Εἴ
1896 3911 1985 3960 τις

401 3980 554 4050 διψᾷ
575 3982 841 4050 ἐρχέσθω
870 3983 1022 4051 πρὸς
1055 3985 1154 4053 μὲ,
1189 3983 1288 4038 καὶ
1313 3982 1552 4040 πινέτω.
1591 3985 1644 4037 '0
1683 3987 1985 4041 πιστεύων

400 4078 488 4142 εὶς
517 4075 641 4145 ἐμὲ,
674 4075 869 4141 καθὼς
899 4071 1071 4129 εἶπεν
1097 4076 1137 4144 ἡ
1189 4078 1239 4130 Γ
1233 4076 1423 4146 pasci],
1457 4078 1710 4148 ποταμοὶ
1761 4079 1832 4133 ἐκ
1873 4079 1984 4149 τῆς

401 4168 635 4232 κοιλίας
675 4164 863 4219 αὐτοῦ
888 4166 1228 4232 ῥεύσουσιν
1266 4165 1488 4232 ὕδατος
1513 4164 1748 4233 ζῶντος.
1779 4168 1982 4221 Τούτου

398 4258 463 4329 δὴ
487 4254 577 4312 οῦν
597 4257 691 4311 τοῦ
718 4257 961 4329 πόματος
990 4260 1017 4312 ὸ
1040 4258 1375 4330 προφητικδς
1397 4259 1556 4331 χορὸς
1575 4259 1742 4329 διψῶν
1764 4259 1947 4330 ἔλεγεν
1965 4278 1979 4291 ·

412 4351 737 4419 Ἐδίψησεν
761 4352 799 4419 ἢ
826 4350 997 4419 ψυχή
1024 4367 1145 4420 μου
1170 4350 1323 4418 πρὸς
1346 4350 1455 4404 τὸν
1483 4351 1633 4405 Θεὸν
1664 4352 1771 4406 τὸν
1803 4355 1981 4423 ισχυ-

397 4442 510 4512 ρὸν
542 4442 650 4497 τὸν
676 4440 881 4507 ζῶντα,
917 4444 1030 4507 καὶ,
1056 4443 1208 4496 Πότε
1236 4442 1381 4511 ἥξω,
1410 4444 1508 4497 καὶ
1531 4443 1872 4515 ὀφθήσομαι
1902 4444 1983 4511 τῷ

398 4535 699 4604 προσώπῳ
732 4536 841 4590 τοῦ
875 4534 1057 4598 Θεοῦ;
1094 4535 1357 4607 Ὀρῶντες
1384 4534 1492 4607 γὰρ
1511 4538 1735 4601 ἑαυτοὺς
1765 4537 1982 4610 μακρὰν

398 4627 741 4699 ὑπάρχοντας
760 4628 859 4698 τῆς
880 4627 1172 4698 πρόσωπον
1212 4628 1351 4699 πρὸς
1386 4629 1676 4700 πρόσωπον
1720 4628 1848 4693 θέας
1888 4629 1981 4683 τοῦ

404 4719 557 4784 θεοῦ,
583 4719 757 4773 ταῦτα
802 4720 1007 4789 ἔλεγον.
1066 4718 1228 4773 Ἀλλά
1264 4721 1359 4773 καὶ
1405 4721 1855 4792 συναισθόμενοι,
1905 4722 1982 4786 ὡς

402 4810 749 4881 ἀπέστραπτο
783 4810 875 4863 τὸν
912 4810 1038 4863 λαὸν
1062 4809 1120 4863 τὸ
1148 4808 1249 4865 τοῦ,
1272 4808 1407 4863 Θεοῦ
1450 4809 1773 4881 πρόσωπον,
1802 4808 1981 4863 οὐκέτ’

400 4892 595 4967 αὐτοὺς
641 4904 933 4957 ἐπισκοπεῖ
957 4906 990 4974 ἡ
1017 4902 1245 4957 πάντοτε
1296 4903 1553 4973 πρόνοιαν
1581 4901 1759 4956 αὐτῶν
1798 4920 1981 4955 ποιου-

403 4996 537 5066 μένη
563 4994 808 5066 δύναμις,
830 4994 1171 5067 ἀπεθρήνουν
1195 4994 1295 5066 μὲν
1314 4994 1526 5065 τὴνλέπὶ
1546 4994 1648 5065 γῆς
1672 4992 1977 5065 διατριϐὴν,

398 5087 563 5156 εὐχὴν
582 5087 626 5140 δ’
655 5086 893 5141 ἐτίθεντο
912 5087 1260 5159 παραστῆναί
1286 5104 1416 5141 ποτε
1450 5086 1528 5159 τῷ
1572 5085 1848 5158 προσώπῳ
1884 5085 1978 5139 τοῦ

398 5176 563 5229 Θεοῦ·
622 5176 703 5230 διὸ
752 5177 961 5247 ἔλεγον·
992 5179 1147 5232 Πότε
1192 5177 1337 5245 ἣξω,
1367 5178 1467 5232 καὶ
1518 5177 1859 5249 ὀφθήσομαι
1898 5174 1980 5241 τῷ

396 5266 696 5335 προσώπῳ
720 5269 828 5324 τοῦ
861 5270 1045 5334 Θεοῦ;
1074 5268 1282 5341 Πολλῆς
1301 5270 1361 5321 δὲ
1379 5270 1641 5342 γέμοντες
1666 5269 1980 5342 παρρησίας

398 5365 495 5417 καὶ
519 5367 874 5438 συνειδήσεως
910 5364 1122 5436 ἀγαθῆς
1155 5364 1431 5428 τοιαύταις
1469 5364 1706 5436 ἐχρῶντο
1749 5366 1975 5433 φωναῖς.

412 5456 501 5519 Ὡς
522 5457 631 5528 γὰρ
653 5458 761 5512 ὅλοι
785 5458 961 5513 διόλου
1001 5457 1100 5522 τὰς
1125 5455 1302 5528 ψυχὰς
1323 5457 1496 5526 ὑγιεῖς
1516 5457 1609 5510 καὶ
1641 5455 1842 5519 παντὸς
1873 5452 1981 5525 μώ-

470 5613 516 5645 ²⁸
556 5614 699 5669 Psal.
735 5630 887 5668 xu".
930 5614 984 5667 6.
1059 5616 1105 5649 ’⁸
1142 5612 1299 5671 Cant.
1338 5629 1409 5675 ll,
1440 5612 1495 5677 9,
1528 5615 1617 5683 17.
1694 5614 1740 5646 ³ο
1778 5612 1880 5669 Job
1912 5615 2111 5683 xxnx',
2150 5616 2200 5671 i.

403 5687 675 5755 xuv,iO.
736 5684 1145 5752 "Joan.tv,i3,
1185 5686 1264 5740 M.
1341 5687 1387 5718 ³⁸
1423 5680 1579 5742 Joan.
1616 5685 1823 5753 vu,57,
1859 5686 1927 5742 38
1965 5728 1978 5741 .

467 5827 545 5893 (1)
582 5824 743 5883 Forte
776 5824 1129 5893 ἐπιστάξασα.

2090 586 2349 657 omnique
2383 585 2567 656 reptili
2599 584 2917 648 exitiosum,
2948 592 3115 655 atque
3150 598 3217 639 ex
3252 596 3443 637 eorum
3469 594 3661 651 genere

2088 692 2211 747 quae
2244 676 2568 733 solitudines
2603 674 2953 746 frequentare
2980 676 3180 732 solent.
3213 673 3365 731 Talis
3394 683 3513 730 erat
3541 689 3659 743 pro~

2089 768 2340 838 pheticus
2369 768 2596 832 chorus,
2631 782 2825 825 amans
2885 767 3197 824 solitudinis
3262 780 3328 822 ac
3391 778 3663 822 secessus.

2088 862 2146 916 ln
2175 862 2410 919 desertis
2444 863 2630 934 itaque
2654 902 2669 929 ,
2728 864 3010 920 montibus
3059 870 3114 918 et
3163 859 3437 931 specubus
3465 856 3667 913 versati

2087 968 2215 1009 esse
2272 954 2563 1022 feruntur;
2608 955 2721 1011 imo
2767 956 2932 1011 etiam
2988 953 3136 1009 omni
3192 950 3520 1008 adversariae
3571 964 3671 1019 po-

2090 1046 2297 1111 testati,
2335 1047 2595 1117 omnique
2626 1048 2899 1120 spirituali
2933 1046 3111 1117 reptili
3148 1044 3363 1101 exitiosi
3387 1050 3566 1107 erant,
3589 1048 3672 1095 ut-

2091 1146 2218 1209 pote
2246 1137 2339 1208 qui
2372 1146 2704 1209 polestatem
2747 1149 2801 1195 et
2850 1140 2951 1209 ipsi
2984 1138 3248 1193 haberent
3279 1134 3523 1192 calcandi
3553 1150 3665 1191 ser-

2088 1237 2278 1299 pentes
2337 1239 2393 1286 et
2446 1231 2798 1303 scorpiones,
2871 1240 2926 1286 et
2977 1243 3193 1284 onmem
3254 1229 3509 1284 virtutem
3566 1230 3671 1284 ini-

2092 1322 2218 1377 mici
2260 1342 2272 1375 :
2335 1326 2551 1379 cornuti
2602 1339 2820 1395 quoque
2848 1331 3035 1387 erant,
3067 1331 3128 1377 ut
3173 1322 3356 1378 dicere
3398 1332 3667 1392 possent:

2093 1414 2159 1468 In
2194 1425 2241 1470 te
2272 1417 2515 1472 inimicos
2550 1426 2758 1472 nostros
2812 1416 3179 1470 ventilabimus
3233 1429 3395 1468 cornu
3441 1413 3508 1465 ’⁸.
3559 1412 3673 1468 lmo

2087 1507 2252 1561 etiam
2307 1508 2429 1578 puri
2491 1509 2676 1562 animo
2706 1517 2971 1578 quantum
3013 1505 3254 1577 quipiam
3298 1503 3419 1571 alii;
3480 1517 3674 1572 quam-

2089 1600 2276 1653 obrem
2334 1615 2497 1654 cervo
2563 1602 3052 1671 comparabantur.
3104 1596 3386 1669 Siquidem
3446 1604 3502 1651 et
3558 1594 3674 1664 ipse

2090 1705 2331 1759 sponsus
2355 1690 2408 1744 in
2442 1690 2670 1746 Cantico
2700 1691 3043 1746 canticorum
3083 1689 3315 1744 hinnulo
3342 1702 3504 1742 cervo
3525 1701 3676 1741 com-

2092 1793 2316 1851 paratur
2354 1785 2419 1837 ’9.
2463 1784 2521 1838 ln
2570 1785 2707 1839 libro
2737 1782 2841 1839 Job
2869 1799 3088 1854 quoque
3119 1782 3324 1838 dicitur
3356 1800 3369 1834 :
3411 1778 3677 1835 Observa-

2088 1873 2157 1925 sti
2200 1890 2400 1927 menses
2446 1891 2752 1939 cervorum,
2804 1885 2853 1930 et
2881 1884 3109 1957 partus;
3139 1875 3278 1944 ipsos
3333 1873 3567 1926 dimittes
3606 1870 3672 1926 ³ο.

2090 1963 2417 2033 Hujusmodi
2475 1968 2832 2026 rationabiles
2883 1984 3078 2023 cervos
3129 1981 3437 2038 prmparare
3487 1964 3674 2018 Domi-

2086 2073 2190 2112 nus
2217 2057 2418 2112 dicitur
2452 2058 2507 2112 in
2540 2059 2801 2115 vicesimo
2818 2068 3012 2114 octavo
3044 2060 3276 2129 psalmo,
3322 2057 3400 2113 sic
3432 2056 3669 2111 ferente:

2097 2147 2209 2200 Vos:
2233 2148 2449 2203 Domini
2478 2165 2788 2218 pro'parans
2828 2166 3005 2204 cervos
3034 2150 3102 2205 ³¹.

2169 2238 2233 2292 ΙΙὶ
2271 2240 2453 2310 itaque
2485 2242 2652 2304 cervi,
2683 2242 2829 2295 fonte
2861 2248 3082 2311 prepter
3128 2239 3447 2309 iniquitates
3490 2236 3673 2307 populi

2086 2339 2140 2384 et
2171 2333 2514 2388 aversionem
2556 2334 2652 2390 Dei
2676 2334 2982 2398 deficiente,
3018 2333 3161 2404 apud
3193 2335 3403 2402 seipsos
3436 2330 3674 2397 ﬂebant,

2086 2430 2141 2476 et
2175 2424 2434 2495 lacrymis
2467 2426 2583 2481 suis
2621 2442 2721 2496 pro
2769 2427 2894 2482 cibo
2924 2426 3031 2485 usi.
3064 2432 3222 2479 nocte
3266 2424 3460 2494 dieque
3489 2423 3677 2493 perni-

2086 2514 2221 2570 ciem
2254 2516 2438 2586 populi
2486 2517 2748 2587 lugebant
2777 2560 2793 2585 ,
2851 2533 2915 2572 ac
2944 2516 3348 2572 conﬁtebantur
3401 2533 3459 2573 sc
3486 2517 3671 2581 sitire,

2086 2624 2194 2662 non
2220 2625 2447 2679 corpore
2475 2609 2692 2680 quidem
2725 2618 2780 2665 et
2805 2626 2993 2675 carne,
3036 2610 3342 2680 voluptates
3377 2610 3512 2679 ipsis
3543 2626 3675 2664 con-

2085 2707 2379 2767 gruentes;
2416 2700 2510 2755 sed
2544 2700 2663 2771 ipsa
2698 2701 2881 2755 anima
2910 2700 3211 2756 secundum
3250 2698 3636 2771 Symmachum
3658 2742 3672 2764 ,

2085 2806 2393 2861 progressus
2424 2791 2493 2845 ad
2524 2792 2694 2847 Deum
2718 2792 2994 2849 desiderio
3018 2807 3083 2846 ac
3112 2791 3369 2863 cupidine
3395 2793 3567 2847 teneri
3592 2792 3676 2849 di—
3767 2860 3769 2868 ι

2086 2881 2249 2935 citur.
2282 2880 2465 2947 Quare
2498 2882 2789 2941 dicebant.
2840 2883 2919 2936 ita
2949 2882 3221 2937 desiderat
3244 2882 3426 2936 anima
3454 2899 3568 2937 mea
3607 2885 3675 2936 ad

2089 2980 2155 3036 te,
2190 2970 2363 3037 Deus;
2410 2988 2475 3029 ac
2527 2970 2964 3034 rursum:Sitivit
2988 2974 3169 3029 anima
3236 2990 3352 3029 mea
3401 2974 3471 3028 ad
3507 2974 3684 3029 Deum

2086 3063 2283 3133 fortem
2334 3067 2528 3121 vivum.
2566 3065 2764 3121 Vivere
2811 3065 3014 3138 quippe
3070 3066 3361 3121 Dominum
3412 3077 3679 3122 noverant

2088 3155 2387 3212 secundum
2422 3155 2596 3211 illud:
2630 3156 2789 3213 Solus
2807 3157 3002 3213 habens
3032 3158 3488 3213 immortalitatem
3514 3159 3591 3224 ³¹;
3613 3176 3676 3215 ac

2090 3248 2266 3303 solum
2330 3264 2498 3319 penes
2554 3265 2615 3305 se
2662 3250 2831 3304 vitam
2888 3251 3089 3307 habere
3143 3249 3449 3306 secundum
3499 3252 3671 3307 illud:

2090 3337 2355 3404 Quoniam
2380 3339 2521 3411 apud
2542 3351 2589 3395 te
2609 3351 2686 3396 est
2709 3341 2829 3412 fons
2852 3343 2973 3398 vitae
2996 3343 3061 3396 ³³.
3085 3344 3266 3414 Atque
3292 3344 3406 3399 haec
3435 3352 3520 3399 est
3538 3360 3681 3414 aqua

2086 3433 2230 3489 viva.
2283 3431 2636 3489 Postmodum
2667 3444 2851 3489 autem
2886 3433 3011 3490 fons
3045 3436 3137 3492 ille
3165 3452 3267 3508 pro
3300 3439 3442 3492 votis
3468 3452 3532 3492 ac
3558 3452 3681 3507 pre-

2087 3526 2242 3581 cibus
2276 3526 2666 3597 prophetarum
2706 3529 3021 3584 emanavit:
3059 3528 3176 3598 ipse
3206 3544 3445 3599 namque
3478 3528 3677 3583 Serva-

2086 3624 2173 3670 tor
2206 3616 2520 3672 hominibus
2552 3632 2611 3673 se
2644 3617 3000 3687 praebiturum
3033 3632 3159 3673 esse
3204 3617 3397 3674 docuit
3432 3618 3516 3673 his
3549 3634 3675 3673 ver-

2084 3707 2168 3762 bis
2195 3748 2209 3762 .
2249 3707 2354 3773 Qui
2385 3707 2572 3762 biberit
2599 3723 2666 3762 ex
2695 3724 2834 3778 aqua
2862 3724 3025 3779 quam
3070 3724 3162 3779 ego
3215 3708 3352 3763 dabo
3381 3710 3451 3771 ei,
3485 3709 3572 3777 ﬁet
3619 3710 3678 3762 in

2084 3817 2143 3855 eo
2175 3800 2295 3871 fons
2325 3816 2477 3870 aqua:
2512 3800 2640 3855 victe
2694 3800 2934 3854 salientis
2988 3800 3043 3853 in
3098 3800 3261 3853 vitam
3301 3806 3555 3853 wternam
3596 3797 3676 3865 ³⁷·;

2085 3900 2140 3948 et
2167 3907 2386 3947 rursum
2413 3910 2426 3946 :
2464 3891 2526 3948 Si
2550 3891 2667 3962 quis
2692 3891 2829 3957 sitit,
2870 3892 3045 3946 veniat
3077 3890 3146 3945 ad
3180 3908 3260 3945 me
3284 3899 3333 3945 et
3362 3889 3524 3944 bibat.
3572 3888 3687 3954 Qui

2084 3984 2248 4039 credit
2270 3986 2324 4039 in
2346 4002 2449 4051 me,
2486 3986 2624 4040 sicut
2646 3984 2782 4038 dixit
2813 3982 3121 4053 Scriptura,
3147 3984 3371 4052 ﬂumina
3406 3984 3469 4037 de
3504 3992 3679 4037 ventre

2083 4078 2198 4146 ejus
2227 4080 2392 4148 ﬂuent
2425 4095 2576 4149 aqua
2604 4079 2729 4133 viva:
2760 4077 2830 4134 ³⁵.
2855 4076 3219 4149 Propheticus
3250 4078 3436 4147 itaque
3474 4078 3685 4131 chorus-

2085 4171 2189 4226 hoc
2216 4172 2458 4242 potionis
2491 4188 2664 4244 genus
2713 4171 2908 4227 sitiens
2960 4172 3214 4239 dicebat,
3277 4171 3441 4225 sitivit
3494 4173 3677 4226 anima

2083 4279 2196 4317 mea
2225 4262 2295 4317 ad
2334 4264 2501 4319 Deum
2532 4264 2723 4335 fortem
2757 4265 2971 4328 vivum;
3002 4270 3076 4329 et,
3107 4262 3316 4334 quando
3369 4263 3576 4318 veniam
3623 4272 3674 4318 et

2084 4355 2342 4425 apparebo
2368 4366 2488 4411 ante
2516 4356 2705 4427 {aciem
2738 4355 2887 4425 Dei?
2912 4356 3047 4410 Cum
3089 4370 3149 4411 se
3194 4370 3432 4426 namque
3463 4369 3494 4409 a
3542 4369 3676 4409 con-

2083 4449 2435 4520 templatione
2464 4450 2557 4504 illa
2587 4448 2683 4506 Dei
2728 4450 2866 4505 facie
2895 4449 2963 4503 ad
2994 4448 3190 4504 faciem
3238 4448 3430 4519 procul
3464 4450 3676 4519 positos

2016 4578 2059 4633 Β
2087 4551 2397 4610 cernerent,
2434 4544 2551 4598 haec
2594 4542 2962 4613 proferebant.
3002 4540 3110 4597 Sed
3141 4541 3303 4596 etiam
3333 4541 3677 4597 advertentes

2088 4647 2340 4689 aversum
2377 4650 2502 4691 esse
2534 4633 2628 4689 Dei
2658 4633 2868 4687 vultum
2900 4648 2931 4687 a
2974 4631 3199 4702 populo,
3233 4646 3412 4700 neque
3436 4631 3673 4687 ulterius

2086 4725 2236 4780 illam
2288 4725 2643 4796 providentiae
2684 4726 2795 4779 vim
2850 4725 2955 4795 ipsi
3006 4724 3361 4796 prospicere,
3417 4723 3674 4793 lugebant

2086 4830 2219 4872 sane
2252 4816 2321 4873 de
2371 4833 2471 4873 sua
2518 4818 2573 4872 in
2629 4817 2792 4873 terris
2849 4816 3324 4881 commoratione,
3377 4831 3675 4886 precesque

2084 4905 2384 4963 fundebant
2451 4917 2512 4963 ut
2568 4906 2867 4978 aliquando
2923 4906 3101 4961 vultui
3154 4906 3249 4963 Dei
3307 4906 3670 4962 sisterentur:

2085 5001 2441 5071 quamobrem
2471 5001 2773 5057 dicebant:
2814 5001 3041 5069 Quando
3087 5002 3289 5057 veniam
3337 5008 3387 5055 et
3415 4996 3675 5065 apparebo

2087 5100 2208 5145 ante
2252 5090 2443 5160 [aciem
2476 5091 2616 5147 Dei?
2643 5093 2781 5148 Cum
2809 5102 2986 5148 autem
3022 5092 3220 5147 ﬁducia
3252 5098 3306 5145 et
3335 5089 3671 5145 conscientia

2087 5180 2232 5235 bona
2268 5182 2410 5250 pleni
2441 5189 2663 5249 essent,
2702 5181 3017 5251 hujusmodi
3070 5181 3299 5237 vocibus
3356 5179 3671 5235 utebantur.

2085 5272 2223 5328 Nam
2255 5280 2443 5345 utpote
2503 5275 2685 5330 anima
2745 5290 2973 5345 prorsus
3029 5289 3162 5331 sana
3223 5273 3471 5343 praaditi,
3510 5283 3680 5343 atque

2085 5366 2235 5421 omni
2301 5368 2482 5437 culpa,
2510 5367 2631 5423 labe
2677 5382 2741 5423 ac
2788 5366 3034 5425 foeditate
3071 5365 3333 5437 purgati,
3371 5365 3546 5421 vultui
3584 5365 3677 5420 Dei

2086 5459 2208 5517 sisti
2237 5459 2524 5532 rogabant.
2560 5460 2822 5517 Peccator
2858 5475 2988 5516 vero
3007 5460 3170 5515 talem
3199 5459 3408 5514 vultum
3453 5458 3675 5529 refugit,

2281 5615 2479 5675 "Psal.
2518 5617 2774 5685 xxvnt,9.
2852 5615 2895 5649 ³³
2936 5613 2956 5669 l
2991 5613 3133 5672 Tim.
3165 5630 3243 5680 vt,
3278 5613 3365 5669 16.
3442 5614 3486 5646 ³³
3525 5611 3688 5675 Ρδειι.,
