4138 6386
384 358 483 414 571

1047 360 1317 419 EUSEBII
1356 361 1831 419 CXESARIENSIS
1866 362 2018 420 OPP.
2060 361 2241 418 PARS
2272 362 2361 418 Ill.
2401 394 2471 404 —
2507 362 2921 420 EXEGETICA.

3562 363 3665 419 372

386 495 453 533 ac
494 479 744 536 oratione
773 487 828 536 et
873 480 1273 551 supplicatione
1326 497 1427 537 sua
1482 482 1676 538 abnuit
1731 483 1967 539 dicens:

2098 501 2181 537 ιου
2207 485 2302 537 καὶ
2332 483 2543 550 σπίλου,
2564 484 2659 538 καὶ
2683 485 2957 556 μολυσμοῦ
2986 485 3406 557 κεκαθαρμένοι,
3436 485 3667 554 ὀφθῆναι

389 573 581 627 Averte
607 572 795 643 faciem
825 582 971 627 tuam
995 590 1028 628 a
1052 574 1278 643 peccatis
1302 576 1438 630 meis
1460 577 1524 631 ³⁸.

2084 575 2269 645 ἠξίουν
2294 574 2375 646 τῷ
2400 575 2679 647 προσώπῳ
2698 575 2793 630 τοῦ
2815 575 2970 629 Θεοῦ.
3007 577 3065 630 '0
3088 578 3146 630 δέ
3170 576 3499 647 ἁμαρτάνων
3536 576 3667 644 φεύ-

390 680 478 731 γει
502 664 564 717 τὸ
590 664 901 735 πρόσωπον,
928 666 1020 719 καὶ
1042 669 1388 736 παραιτεῖται
1411 668 1477 721 δι’
1516 668 1682 740 εὐχῆς
1722 669 1816 722 καὶ
1855 669 2138 740 ἱκετηρίας
2162 668 2335 737 λέγων
2352 689 2365 699 ’
2402 668 2805 737 Ἀπόστρεψον
2823 670 2887 722 τό
2912 670 3237 738 πρόσωπόν
3262 686 3378 723 σου
3401 668 3521 723 ἀπὸ
3550 668 3670 722 τῶν

390 754 693 825 ἁμαρτιῶν
714 775 855 827 μου.

465 849 607 907 Cum
655 860 872 907 terrena
923 855 1107 908 omnia
1143 863 1525 920 aversaretur,
1578 856 1646 911 ab
1697 854 1978 909 humanis-

396 958 501 1012 que
528 944 785 1001 omnibus
834 946 1213 1016 voluptatibus
1269 948 1630 1013 abhorreret,
1686 948 1804 1005 solo
1840 962 1979 1019 pane

395 1052 495 1105 pro
528 1039 873 1107 necessitate,
907 1054 1083 1110 eoque
1105 1041 1362 1112 lacrymis
1396 1041 1634 1098 admisto
1659 1049 1855 1105 utens,
1902 1040 1977 1093 ita

394 1131 543 1187 fatur
579 1152 591 1187 ε

468 1221 634 1279 Vens.
669 1223 785 1280 4-8.
830 1223 1068 1280 Fuerunt
1093 1225 1223 1280 mihi
1253 1226 1503 1295 lacryma:
1527 1241 1654 1281 meae
1701 1241 1864 1296 panes
1897 1223 1985 1278 die

2159 854 2343 909 Πάντα
2399 853 2465 907 τά
2524 855 2616 908 ἐπὶ
2648 854 2753 926 γῆς
2793 854 3287 925 ἀποστρεφόμενος,
3340 858 3435 912 καὶ
3490 861 3668 915 πᾶσαν

2085 944 2298 1017 τρυφὴν
2341 946 2441 1017 τὴν
2488 947 2546 998 ὲν
2599 944 2906 1018 ἀνθρώποις
2938 945 3384 1017 βδελυττόμενος,
3429 953 3575 1023 μόνῳ
3612 954 3670 1006 δὲ

2085 1038 2235 1109 ἄρτῳ
2268 1037 2582 1108 ἐπάναγκες
2601 1039 2902 1111 χρώμενος,
2929 1039 3021 1093 καὶ
3039 1038 3209 1110 τούτῳ
3235 1041 3373 1111 μετά
3395 1042 3666 1116 δακρύων,

2084 1128 2201 1198 ἐρεῖ
2216 1144 2229 1169 ε

2164 1221 2451 1291 Ἐγενήθη
2504 1220 2579 1274 τὰ
2630 1221 2865 1289 δάκρυά
2915 1241 3040 1291 μου
3085 1223 3267 1293 ἄρτος
3295 1241 3393 1293 μοι
3438 1224 3668 1293 ἡμέρας

396 1335 459 1371 ac
484 1328 650 1371 nocte.
686 1316 1046 1387 Propheticus
1076 1330 1259 1374 autem
1310 1320 1550 1383 chorus,
1602 1333 1729 1373 cum
1768 1317 1981 1371 vultum

2098 1318 2187 1366 καὶ
2220 1314 2460 1379 νυκτός.
2512 1314 2568 1368 '0
2601 1314 2658 1367 δὲ
2684 1314 2792 1367 τῶν
2824 1316 3117 1387 προφητῶν
3152 1315 3328 1387 χορὸς,
3366 1317 3487 1369 ἐπεὶ
3521 1317 3666 1388 ἐώρα

395 1408 494 1464 Dei
528 1417 779 1465 cerneret
826 1411 896 1465 ab
940 1412 1199 1465 universo
1230 1412 1432 1481 populo
1475 1425 1749 1476 aversum,
1781 1409 1991 1463 multo-

2098 1406 2151 1458 τὸ
2195 1406 2487 1477 πρόσωπον
2520 1406 2612 1460 τοῦ
2644 1406 2777 1460 Θεοῦ
2805 1408 3155 1478 ἀποστραφὲν
3184 1408 3362 1461 πάντα
3394 1408 3483 1461 τὸν
3514 1408 3666 1473 λαὸν,

397 1518 626 1574 rumque
654 1503 974 1573 perniciem,
1007 1520 1163 1560 suam
1189 1520 1316 1560 esse
1359 1504 1729 1560 calamitatem
1780 1512 1937 1557 ratus
1968 1543 1984 1566 ,

2098 1497 2188 1569 τὴν
2220 1498 2328 1552 τῶν
2358 1498 2567 1553 πολλῶν
2593 1498 2867 1553 ἀπώλειαν
2893 1500 3088 1555 ἑαυτοῦ
3113 1496 3253 1555 εἶναι
3285 1501 3485 1571 ζημίαν
3506 1500 3637 1572 ἡγοῦ
3653 1530 3671 1544 -

399 1599 604 1652 luctum
628 1611 729 1666 pro
756 1596 1012 1653 omnibus
1050 1598 1420 1668 suscipiebat:
1459 1607 1622 1667 atque
1676 1596 1755 1651 illi
1797 1594 1979 1651 homi-

2098 1609 2275 1663 μενος,
2302 1592 2429 1655 τοὺς
2460 1592 2601 1663 ὑπὲρ
2634 1592 2889 1645 ἀπάντων
2944 1592 3227 1663 ἀνεδέχετο
3278 1593 3507 1665 θρήνους
3527 1610 3540 1623 ’
3593 1596 3673 1656 εἰς

397 1702 497 1741 nes
537 1687 631 1742 Dei
671 1687 728 1740 in
774 1693 991 1743 tantum
1050 1688 1360 1745 amictionis
1413 1690 1695 1743 cumulum
1752 1688 1986 1743 devene-

2098 1680 2345 1735 τοσοῦτον
2387 1680 2443 1733 δὲ
2473 1680 2747 1735 ἐπέτεινον
2789 1681 2886 1752 τὴν
2920 1682 3293 1737 κακοπάθειαν
3335 1686 3384 1737 οι
3414 1682 3508 1737 τοῦ
3536 1683 3671 1737 Θεοῦ

398 1785 549 1844 runt,
574 1788 635 1834 ut
666 1762 906 1849 propriis
936 1779 1199 1852 lacrymis
1255 1782 1551 1845 alerentur,
1581 1796 1644 1835 ac
1671 1781 1761 1836 die
1791 1791 1989 1835 noctu-

2098 1773 2392 1845 ἅνθρωποι,
2432 1773 2507 1836 ὡς
2537 1776 2651 1836 τοῖς
2684 1774 2945 1842 δάκρυσιν
3005 1777 3213 1831 ἑαυτῶν
3254 1776 3549 1847 τρέφεσθαι
3581 1778 3675 1830 καὶ

400 1887 529 1941 que,
558 1871 641 1926 vel
671 1871 851 1941 ipsum
891 1887 1089 1941 panem
1125 1888 1342 1929 sumere
1392 1874 1696 1931 abnuentes
1718 1915 1733 1941 ,
1771 1875 1865 1928 uni
1894 1874 1989 1929 ile-

2098 1866 2184 1919 διά
2224 1866 2406 1935 πάσης
2448 1865 2662 1938 ἡμέρας
2686 1867 2781 1919 καὶ
2815 1867 3007 1931 νυκτὸς
3033 1870 3417 1940 παραιτεῖσθαι
3452 1870 3548 1940 μὲν
3582 1871 3675 1923 καὶ

400 1964 479 2021 tui
530 1970 805 2019 vacarent.
864 1961 993 2019 Haec
1048 1979 1213 2034 porro
1258 1973 1371 2019 tum
1419 1966 1658 2021 maxime
1717 1966 1987 2036 agebant,

399 2055 623 2124 haecque
671 2055 1041 2125 patiebantur,
1073 2071 1196 2110 cum
1250 2055 1508 2126 populum
1532 2095 1546 2121 ,
1590 2072 1655 2110 ac
1685 2057 1989 2126 praasertim

400 2150 595 2219 impios
624 2164 749 2203 cum
788 2149 882 2203 illo
910 2158 1219 2212 versantes,
1254 2149 1370 2203 haec
1400 2148 1648 2204 dicentes
1690 2147 1944 2203 audirent
1973 2170 1986 2203 :

403 2240 503 2299 Ubi
541 2250 619 2296 est
662 2240 803 2295 Deus
849 2241 1018 2295 tuus?
1065 2238 1252 2309 Neque
1290 2240 1436 2295 enim
1472 2240 1679 2295 inimici
1711 2250 1765 2295 et
1798 2240 1992 2295 adver-

400 2333 529 2387 sarii
563 2340 719 2387 erant
752 2332 844 2402 qui
877 2332 993 2389 haec
1018 2331 1263 2402 quotidie
1294 2331 1573 2394 dicerent,
1611 2330 1707 2385 sed
1748 2338 1809 2385 ut
1841 2331 1989 2386 veri-

400 2424 578 2481 simile
606 2433 711 2489 est,
736 2409 1044 2481 inlidel'es'e
1084 2425 1309 2495 populo,
1353 2424 1447 2496 qui
1498 2424 1795 2494 prophetas
1833 2424 1992 2495 quasi

401 2517 604 2575 [rustra
628 2515 796 2571 Deum
824 2516 1067 2571 colentes
1097 2523 1151 2571 et
1194 2516 1476 2569 incassum
1520 2515 1840 2571 laborantes
1897 2530 1994 2570 co-

400 2608 704 2677 arguebaut
760 2622 825 2662 ac
860 2608 1119 2663 dicebant
1162 2608 1286 2664 eis:
1347 2607 1447 2662 Ubi
1501 2616 1580 2662 est
1641 2607 1784 2664 Deus
1825 2612 1993 2665 tuus?

399 2699 532 2766 Quae
559 2716 684 2754 cum
716 2700 821 2769 ipsi
859 2715 889 2753 a
923 2700 1186 2754 fratribus
1209 2738 1225 2765 ,
1260 2700 1690 2770 consanguineis
1738 2709 1793 2756 et
1833 2700 1991 2754 fami-

400 2791 630 2845 liaribus
677 2791 963 2854 audirent,
1014 2792 1223 2846 luctum
1259 2792 1533 2862 augebant
1567 2808 1729 2847 suum
1762 2811 1775 2848 :
1822 2808 1994 2863 quare

403 2882 557 2939 aiunt
607 2899 621 2934 :
659 2879 788 2935 Ηιεε
824 2880 1129 2934 recordatus
1177 2897 1330 2945 sum,
1380 2892 1430 2935 et
1459 2882 1621 2951 e/fudi
1648 2885 1705 2937 in
1742 2900 1823 2939 me
1870 2884 1992 2937 ani-

401 2988 547 3025 mam
605 2988 795 3026 meam.
848 2970 1034 3042 Neque
1095 2972 1243 3028 enim
1287 2974 1756 3042 perturbationem
1814 2990 1992 3031 mean

401 3065 747 3119 extrinsecus
778 3064 1020 3133 protuli;
1064 3063 1159 3118 sed
1192 3064 1343 3118 intus
1384 3064 1439 3117 in
1477 3065 1659 3118 anima
1689 3079 1811 3120 mea
1838 3065 1994 3121 dolo-

405 3168 521 3207 rem
568 3153 910 3207 occultabant
963 3153 1020 3207 in
1054 3152 1265 3223 meipso
1293 3154 1578 3209 confusus.
1620 3154 1810 3211 Simile
1857 3157 1991 3227 quid
2019 3139 2061 3196 ο

402 3260 604 3316 passus
634 3243 933 3315 Apostolus
959 3244 1213 3300 dicebat:
1251 3244 1354 3300 Sed
1388 3247 1492 3315 ipsi
1522 3248 1578 3301 in
1600 3247 1991 3316 nobismetipsis

404 3356 714 3409 responsum
762 3342 946 3395 mortis
1003 3339 1282 3395 habuimus
1336 3342 1402 3396 ³⁷».
1469 3342 1560 3397 Sic
1612 3344 1798 3415 itaque
1845 3360 1994 3400 nunc

404 3435 569 3492 etiam
598 3432 764 3502 effudi
791 3434 845 3487 in
875 3450 955 3488 me
987 3437 1220 3489 animam
1259 3452 1452 3499 meam,
1486 3435 1761 3507 inquiunt.
1800 3434 1991 3492 Perfe-

405 3526 480 3583 cti
511 3532 692 3578 autem
720 3525 824 3580 viri
847 3533 930 3581 est
949 3526 1080 3579 talia
1101 3527 1251 3582 elIari
1278 3541 1462 3596 posse.

478 3702 615 3756 Cum
646 3702 685 3755 ii
708 3702 1106 3773 exprobrantes
1128 3703 1261 3758 mihi
1292 3703 1539 3759 dicereut
1566 3724 1578 3758 :
1621 3702 1721 3757 Ubi
1743 3713 1821 3758 est
1852 3703 1995 3758 Deus

410 3796 579 3852 tuus?
610 3794 798 3850 dolore
844 3798 1128 3867 pungebar
1185 3797 1477 3867 animoque
1523 3804 1758 3851 moestus
1804 3812 1952 3850 eram
1979 3835 1993 3859 ,

408 3887 695 3954 perculsus
725 3886 1020 3956 impiorum
1046 3888 1251 3943 verbis.
1281 3888 1539 3941 Attamen
1583 3888 1636 3940 in
1671 3888 1998 3957 memetipso

408 3981 767 4050 cogitationes
789 3982 1140 4036 continebam
1166 3996 1337 4045 meas,
1370 3988 1430 4035 ut
1467 3996 1537 4036 ne
1557 3978 1871 4035 eﬂ‘underer
1900 3997 2000 4035 ex-

410 4072 603 4136 terius,
634 4088 739 4127 neu
763 4088 885 4127 mea
906 4073 961 4127 in
992 4071 1101 4129 Deo
1128 4074 1370 4143 reposita
1395 4088 1490 4143 spe
1525 4072 1853 4128 exciderem.
1889 4073 2001 4128 Me-

410 4162 642 4217 moriam
693 4163 898 4233 quippe
954 4172 1204 4234 paratum
1251 4165 1383 4219 mihi
1435 4166 1596 4221 linem
1649 4166 1994 4235 repetebam,

410 4268 518 4319 qua
550 4268 655 4307 non
677 4254 998 4324 ignorabam
1032 4255 1166 4310 illud
1187 4255 1231 4286 ³⁸
1273 4272 1289 4310 :
1325 4258 1485 4343 βεαιί
1527 4257 1616 4327 qui
1644 4257 1838 4326 lugent,
1871 4273 2002 4326 quo-

410 4348 558 4399 niam
582 4347 683 4415 ipsi
708 4346 1143 4401 consolabuntur.
1173 4348 1442 4414 Quocirca
1491 4365 1615 4404 cum
1664 4350 1833 4420 probe
1871 4364 2004 4405 nos-

414 4455 551 4504 sem,
580 4441 828 4507 quoniam
860 4451 983 4510 post
1005 4441 1146 4495 hanc
1178 4443 1455 4498 tristitiam
1486 4442 1721 4497 transibo
1751 4444 1806 4496 in
1828 4442 2000 4496 locum
2033 4481 2077 4536 Β

416 4530 741 4584 tabernaculi
793 4532 1126 4587 admirabilis
1167 4551 1329 4604 usque
1376 4533 1444 4587 ad
1498 4535 1715 4589 domum
1748 4535 1886 4599 Dei,
1944 4536 2000 4588 in

415 4639 533 4677 uoce
558 4623 930 4677 exsultationis
951 4632 1002 4678 et
1030 4625 1377 4694 confessionis
1410 4629 1527 4680 soni
1557 4628 1819 4692 epulantis
1843 4644 1861 4691 ;
1890 4628 2001 4683 lucc

416 4716 723 4772 recordatus
754 4735 873 4771 sum
896 4735 919 4771 ες
952 4733 1128 4788 neque
1172 4734 1268 4788 spe
1304 4735 1421 4774 mea
1457 4720 1695 4784 excidit,
1729 4721 1824 4776 sed
1857 4723 1999 4776 intra

417 4808 689 4877 meipsum
719 4807 883 4878 effudi
921 4809 1155 4862 animam
1182 4826 1375 4863 meam.
1410 4809 1473 4863 Et
1504 4811 1631 4880 quia
1683 4812 1846 4866 talem
1897 4814 2000 4868 sibi

419 4916 571 4969 spem
602 4901 949 4970 ascripserat,
978 4900 1102 4969 j-ure
1127 4916 1191 4957 ac
1212 4902 1408 4957 merito
1438 4903 1553 4973 ipse
1590 4904 1696 4959 sibi
1736 4906 2000 4961 medelam

419 4993 669 5047 admovet
711 4993 797 5049 his
834 4995 1016 5049 verbis
1050 5014 1063 5049 :
1099 4994 1282 5061 Quare.
1332 4996 1501 5050 tristis
1532 5014 1608 5060 es,
1644 5000 1825 5053 anima
1852 5016 1996 5065 mea,

418 5094 466 5137 et
496 5102 656 5153 quare
682 5086 966 5139 conturbas
996 5104 1077 5141 me
1100 5090 1123 5142 ?
1155 5086 1321 5155 Spera
1338 5089 1391 5141 in
1414 5088 1545 5152 Deo,
1566 5091 1812 5159 quoniam
1833 5092 2005 5145 adhuc

419 5179 702 5247 conﬁtebor
730 5180 832 5242 illi,
857 5181 1093 5234 salutare
1144 5181 1317 5234 vultus
1371 5183 1471 5236 mei
1521 5192 1573 5237 et
1616 5182 1758 5237 Deus
1814 5201 2001 5238 meus:

418 5284 544 5323 nam
577 5271 643 5324 ad
684 5271 937 5326 ﬁduciam
962 5312 976 5336 ,
1025 5274 1484 5345 praesentiumque
1520 5291 1887 5329 aerumnarum
1916 5282 2001 5328 to-

418 5361 706 5416 lerantiam
740 5378 862 5418 sese
898 5364 1237 5419 cohortatur.
1266 5363 1403 5418 Cum
1446 5381 1613 5436 porro
1641 5366 2000 5438 Symmachus

422 5454 499 5506 ait
530 5472 543 5507 :
578 5454 842 5519 Quoniam
886 5455 1127 5525 egrediar
1156 5456 1230 5508 atl-
1251 5456 1676 5519 tabernaculum,
1715 5456 1999 5526 bajulabor

421 5560 585 5620 usque
614 5543 681 5597 ad
711 5545 925 5599 domum
962 5546 1082 5611 Dei,
1114 5564 1232 5613 cum
1263 5564 1381 5614 voce
1411 5548 1784 5620 benedictionis
1803 5560 1851 5606 et
1874 5567 1998 5609 con-

422 5618 666 5705 fessionis
714 5638 1068 5693 multitudinis
1128 5641 1551 5699 concurrentium
1608 5641 1679 5694 ad
1722 5641 1999 5696 celebrita.

495 5789 540 5835 ac
573 5788 715 5855 πνείει.
753 5806 821 5862 ι,
861 5793 946 5849 ιι.
1023 5794 1065 5827 ιτ
1104 5793 1287 5852 llGor.
1321 5812 1374 5868 ι,
1409 5797 1461 5852 9.
1541 5796 1585 5830 "
1627 5796 1815 5861 ltauh.
1854 5815 1909 5867 ν.
1944 5801 1993 5859 4.

2093 1958 2253 2012 αὑτὸν
2272 1958 2363 2011 τὸν
2394 1958 2578 2029 ἄρτον,
2607 1959 2753 2029 μόνῳ
2778 1959 2835 2012 δὲ
2852 1960 2928 2030 τῷ
2949 1960 3211 2032 κλαυθμῷ
3237 1961 3538 2033 σχολάζειν.
3563 1963 3675 2017 Μά-

2091 2051 2251 2105 λιστα
2273 2051 2330 2104 δὲ
2354 2051 2505 2107 ταῦτ’
2543 2052 2811 2123 ἔπραττον
2860 2053 2951 2105 καὶ
2974 2054 3125 2107 ταῦτ’
3159 2055 3415 2126 ἔπασχον,
3455 2056 3677 2110 ἀκούον-

2092 2160 2181 2206 τες
2207 2143 2369 2214 αὑτοῦ
2403 2142 2496 2196 τοῦ
2537 2143 2667 2198 λαοῦ
2693 2184 2707 2207 ,
2744 2143 2944 2214 μᾶλλον
2985 2144 3042 2197 δὲ
3071 2144 3178 2199 τῶν
3222 2146 3434 2200 ἀσεϐῶν
3462 2146 3569 2200 τῶν
3617 2150 3678 2199 ἐν

2092 2236 2241 2307 αὐτῷ
2273 2237 2566 2305 λεγόντων·
2598 2236 2722 2290 Ποῦ
2750 2236 2923 2293 ἐστιν
2946 2240 2977 2291 ό
3004 2238 3147 2305 Θεός
3170 2252 3320 2303 σου;
3357 2240 3430 2292 Οὐ
3458 2240 3566 2311 γὰρ
3584 2239 3677 2310 δή-

2093 2345 2196 2380 που
2213 2329 2262 2382 οί
2283 2328 2467 2399 ἐχθροὶ
2488 2328 2582 2381 καὶ
2602 2327 2848 2397 πολέμιοι
2872 2328 2991 2381 καθ’
3014 2328 3248 2400 ἑκάστην
3272 2330 3482 2401 ἡμέραν
3502 2329 3676 2383 ταῦτα

2093 2422 2278 2485 αὐτοῖς
2324 2420 2507 2490 ἔλεγον
2532 2437 2545 2461 '-
2575 2420 2690 2473 ἀλλ’
2721 2421 2867 2484 εἰκὸς
2890 2422 3018 2484 τοὺς
3047 2423 3103 2474 ἐν
3132 2421 3208 2493 τῷ
3233 2421 3374 2476 ἔθνει
3416 2422 3676 2486 ἀπίστους

2092 2512 2168 2575 ὡς
2220 2512 2399 2583 μάτην
2453 2510 2837 2575 θεοσεϐοῦντας
2866 2512 2960 2564 καὶ
3008 2514 3127 2583 εἰκῆ
3177 2514 3508 2583 μοχθοῦντας
3550 2515 3676 2578 τοὺς

2095 2604 2383 2675 προφήτας
2423 2602 2884 2674 καταμέμφεσθαι
2930 2603 3027 2656 καὶ
3067 2603 3247 2672 λέγειν
3274 2606 3492 2667 αὐτοῖς’
3549 2605 3675 2659 Ποῦ

2093 2696 2263 2749 ἐστιν
2309 2699 2342 2749 ό
2373 2695 2517 2760 Θεός
2560 2709 2719 2758 σου;
2751 2696 2819 2746 Ἃ
2840 2693 2905 2765 δὴ
2934 2694 3088 2763 ποιρά
3133 2694 3244 2749 τῶν
3289 2695 3532 2766 ἀδελφῶν
3580 2698 3676 2751 καὶ

2096 2787 2396 2857 συγγενῶν,
2427 2789 2520 2842 καὶ
2543 2787 2835 2860 γνωρίμων
2858 2787 3147 2851 ἀκούοντες
3166 2827 3180 2851 ,
3221 2787 3290 2844 τά
3324 2788 3417 2842 τοῦ
3445 2788 3676 2853 πένθους

2094 2882 2366 2935 ἐπέτεινον
2384 2900 2397 2911 ·
2429 2882 2508 2935 διό
2540 2899 2673 2951 φασι
2692 2901 2705 2913 ·
2739 2882 2929 2937 Ταῦτα
2948 2883 3293 2952 ἐμνήσθην,
3337 2885 3435 2937 καὶ
3463 2883 3677 2954 ἐξέχεα

2093 2974 2185 3028 ἐπ’
2212 2974 2318 3044 ἐμὲ
2364 2974 2479 3041 τὴν
2511 2975 2725 3044 ψυχήν
2758 2993 2900 3045 μου.
2950 2976 3025 3029 Οὐ
3051 2976 3159 3047 γὰρ
3184 2976 3289 3040 ἕξω
3309 2976 3407 3047 τὴν
3434 2976 3673 3048 ἐμαυτοῦ

2096 3066 2342 3136 ταραχὴν
2386 3063 2666 3135 ἐνέφαινον
2693 3108 2706 3132 ,
2737 3068 2851 3120 ἀλλ’
2877 3067 3031 3121 ἔνδον
3051 3070 3107 3121 ἐν
3153 3072 3219 3139 τῇ
3247 3068 3485 3139 ἐμαυτοῦ
3530 3070 3676 3142 ψυχῇ

2096 3155 2354 3227 κρύπτων
2378 3154 2475 3226 τὴν
2505 3157 2645 3228 ἐμὴν
2669 3157 2938 3227 ἀλγηδόνα
2965 3156 3057 3211 καὶ
3092 3159 3222 3228 παρ’
3273 3158 3492 3229 ἐμαυτῷ
3544 3176 3669 3227 συγ-

2096 3249 2372 3319 χεόμενος.
2405 3248 2659 3303 Τοιοῦτον
2683 3249 2736 3302 δέ
2766 3267 2819 3302 τι
2840 3247 3125 3312 πεπονθὼς
3144 3250 3171 3301 ὁ
3205 3240 3523 3313 Ἀπόστολος
3562 3251 3679 3304 ἕλε-

2096 3355 2223 3408 γενο
2264 3340 2415 3394 Ἀλλ’
2441 3342 2610 3395 αὐτοὶ
2641 3341 2711 3393 ἐν
2735 3340 2971 3407 ἑαυτοῖς
2999 3340 3398 3411 τιὸ-ἀπόκριμα
3430 3341 3536 3395 τοῦ
3574 3347 3679 3397 0w.-

2096 3430 2283 3485 νάτου
2309 3432 2678 3502 ἐσχήκαμεν.
2703 3432 2892 3495 Οῦτως
2917 3429 3009 3485 οὖν
3041 3432 3136 3484 κα)⁴
3156 3432 3272 3495 νῦν,
3318 3433 3564 3502 Ἐξέχεα
3585 3434 3679 3487 ἐπ’

2096 3523 2201 3593 ἐμὲ
2229 3525 2344 3593 τὴν
2380 3524 2593 3595 ψυχήν
2611 3543 2753 3595 μου,
2793 3526 2939 3594 φασί;
2970 3526 3188 3579 Τελείου
3222 3525 3265 3578 δ’
3288 3528 3404 3580 ἐστὶ
3432 3527 3493 3579 τὸ
3524 3526 3683 3581 δύνα,

2101 3617 2402 3671 σθαιοτοῦτο
2427 3618 2624 3687 λέγειν.

2170 3709 2451 3778 Λεγόντων
2502 3727 2612 3780 μοι,
2676 3711 2829 3782 φησὶ,
2864 3710 2972 3766 τῶν
2999 3710 3371 3775 ὀνειδιζόντων
3440 3724 3529 3776 με·
3556 3710 3682 3763 ΠΘῦ

2098 3801 2274 3854 ἐστιν
2323 3804 2355 3854 ό
2393 3802 2537 3867 Θεός
2587 3817 2742 3865 σου;
2798 3802 3103 3874 ἐδακνόμην
3159 3804 3254 3874 μὲν
3282 3804 3348 3873 τῇ
3404 3801 3548 3874 λύπῃ
3588 3801 3683 3854 καὶ

2101 3889 2443 3961 ὑπερήλγουν
2477 3889 2575 3961 τὴν
2610 3890 2787 3961 ψυχὴν
2829 3892 3198 3963 πληττόμενος
3236 3892 3339 3945 ὑπὸ
3372 3892 3478 3944 τῶν
3511 3891 3683 3959 λόγων

2099 3982 2206 4036 τῶν
2240 3982 2472 4036 ἀσεϐῶν.
2499 3983 2688 4053 Ὅμως
2729 3983 2773 4036 δ’
2803 3979 2895 4036 οὖν
2930 3984 2987 4037 ἐν
3034 3984 3256 4054 ἐμαυτῷ
3287 3987 3528 4053 συνεῖχον
3557 3985 3684 4046 τοὺς

2102 4074 2339 4145 ἐμαυτοῦ
2368 4075 2685 4147 λογισμοὺς,
2714 4076 2849 4147 πρὸς
2886 4076 2948 4129 τὸ
2979 4077 3052 4148 μὴ
3089 4075 3425 4148 προχυθῆναι
3456 4076 3549 4128 καὶ
3582 4075 3685 4151 τῆς

2103 4167 2471 4238 προκειμένης
2522 4184 2612 4238 μοι
2652 4167 2747 4219 τοῦ
2796 4167 2929 4221 Θεοῦ
2991 4170 3246 4221 ἐκπεσεῖν
3281 4168 3514 4232 ἐλπίδος.
3568 4169 3685 4222 Ἀν-

2103 4258 2299 4327 έφερον
2326 4257 2435 4329 γὰρ
2462 4260 2528 4329 τῇ
2562 4260 2750 4331 μνήμῃ
2773 4258 2834 4311 τὸ
2861 4260 3152 4330 περιμένον
3172 4276 3239 4329 με
3266 4259 3436 4323 τέλοςο
3466 4261 3587 4313 ἐπεὶ
3610 4259 3684 4331 μὴ

2102 4348 2362 4416 ἠγνόουν,
2408 4348 2489 4401 ὅτι
2522 4348 2811 4417 Μακάριοι
2843 4352 2895 4403 οὶ
2942 4349 3326 4416 πενθοῦντες.
3369 4350 3458 4403 ὅτι
3495 4339 3685 4420 παραέ

2104 4440 2537 4508 κληθήσονται.
2591 4441 2686 4493 Διὸ
2744 4440 2809 4510 δὴ
2859 4441 3101 4511 ἀκριϐῶς
3152 4444 3549 4513 ἐπιστάμενος,
3597 4444 3687 4496 ὅτι

2108 4531 2246 4603 μετά
2283 4531 2354 4586 τά
2379 4531 2681 4604 σκυθρωπὰ
2707 4531 3089 4603 διελεύσομαι
3131 4535 3202 4586 ἐν
3244 4536 3406 4599 τόπῳ
3450 4533 3687 4602 σκηνῆς

2104 4625 2455 4695 θαυμαστῆς
2498 4625 2610 4692 ἕως
2653 4625 2760 4679 τοῦ
2815 4626 2985 4679 οἴκου
3030 4626 3136 4681 τοῦ
3185 4627 3365 4691 Θεοῦ,
3395 4628 3465 4680 ἐν
3516 4626 3686 4696 φωνῇ

2104 4717 2520 4787 ἀγαλλιάσεως
2548 4717 2648 4770 καὶ
2675 4717 3166 4789 ἑξομολογήσεως
3192 4718 3347 4788 ἤχου
3384 4717 3686 4786 ἑορτάζον-

2105 4826 2246 4875 τος,
2291 4809 2481 4863 ταῦτα
2530 4808 2879 4879 ἐμνήσθην-ο
2935 4811 3030 4863 καὶ
3085 4811 3184 4863 οὐκ
3245 4810 3533 4876 ἐξέπιπτον
3587 4810 3687 4880 τῆς

2104 4901 2339 4966 ἐλπίδος,
2380 4902 2496 4955 ἀλλ’
2536 4903 2777 4973 εῖσωπερ
2819 4903 3039 4973 ἐμαυτῷ
3072 4901 3284 4970 ἑξέχεα
3316 4901 3430 4969 τὴν
3475 4902 3693 4972 ψυχήν

2106 5011 2242 5062 μου.
2262 4995 2371 5047 Καὶ
2404 4995 2590 5067 ἐπειδὴ
2614 4995 2870 5060 τοιαύτας
2893 4997 3208 5066 ὑπέγραφεν
3241 4994 3417 5065 ἐαυτῷ
3444 4994 3686 5065 ἐλπίδας,

2108 5089 2336 5155 εἰκότως
2365 5091 2529 5154 αὐτὸς
2572 5091 2763 5144 ἐαυτὸν
2788 5091 3077 5161 θεραπεύει
3110 5092 3205 5144 καὶ
3245 5090 3424 5158 λέγει’
3469 5090 3595 5143 Ἵνα
3634 5091 3692 5145 τι

2106 5183 2440 5250 περίλυπος
2478 5181 2551 5247 εἷ,
2593 5185 2631 5252 ἡ
2678 5183 2849 5252 ψυχή
2896 5200 3046 5252 μου,
3080 5181 3179 5236 καὶ
3220 5182 3321 5235 ἵνα
3354 5182 3412 5234 τί
3461 5195 3689 5235 συντα-

2097 5273 2359 5341 ράσσεις
2382 5289 2493 5343 με;
2520 5275 2815 5328 Ἐλπισον
2858 5273 2957 5326 ἐπὶ
2996 5272 3164 5336 Θεὸν,
3208 5271 3297 5325 ὅτι
3326 5269 3692 5341 ἐξομολογή-

2104 5381 2287 5435 σομαι
2325 5366 2486 5432 αὐτῷ
2521 5366 2819 5436 σωτήριον
2849 5366 2955 5420 τοῦ
2998 5364 3319 5434 προσώπου
3351 5383 3471 5434 μου
3516 5364 3614 5417 καὶ
3659 5367 3691 5416 ὀ

2109 5459 2253 5524 Θεός
2274 5476 2392 5527 μου
2410 5475 2423 5489 ·
2448 5459 2639 5529 θαρσεῖ
2656 5459 2764 5529 γὰρ
2784 5456 2962 5527 ἐαυτῷ
2986 5458 3081 5511 καὶ
3104 5455 3175 5509 τὰ
3200 5455 3443 5527 παρόντα
3470 5452 3689 5523 λυπηρὰ

2111 5549 2371 5617 γενναίως
2403 5549 2591 5621 φέρειν
2630 5548 3047 5621 παρεκελεύετο.
3082 5547 3271 5616 Λέγων
3307 5548 3361 5600 δὲ
3402 5549 3430 5599 ὁ
3463 5545 3685 5615 Σύμμαο

2107 5659 2220 5717 χος,
2250 5644 2374 5699 Ὅτι
2404 5642 2796 5720 ἐξελεύσομαι
2822 5646 2908 5721 εἰς
2936 5642 3049 5717 τὴν
3077 5641 3338 5721 σκηνὴν,
3369 5638 3691 5704 διαϐασζαη
