4138 6386
347 374 460 432 373

1479 344 1987 425 conuertunt“
2025 365 2103 420 lN'
2129 363 2466 424 PSALMOS.

3504 368 3616 426 57L

346 491 647 562 χθήσομαι
687 489 797 558 ἕως
827 489 935 543 τοῦ
979 488 1148 543 οἴκου
1188 489 1294 543 τοῦ
1332 487 1502 551 Θεοῦ,
1531 487 1682 558 μετὰ
1724 486 1928 557 φωνῆς

2054 490 2274 548 em;vel
2299 489 2603 544 secundum
2648 488 2901 558 Aquilam
2943 507 2955 542 :
2989 487 3190 544 Laudis
3223 497 3274 543 et
3316 490 3610 558 gratiarum

347 583 644 652 εὐφημίας
680 581 778 634 καὶ
821 579 1315 650 ἑξομολοτήσεως
1347 579 1620 646 πλήθους
1665 593 1932 648 πανηγυ-

342 674 655 744 ριζόντων·
682 673 714 741 ἢ
743 672 885 726 κατὰ
906 673 998 726 τὸν
1034 673 1286 738 ’Δκύλαν,
1313 671 1611 738 Αίνέσεως
1632 672 1730 726 καὶ
1759 673 1944 741 εὐχα-’

342 767 583 835 ριστίας
610 764 798 833 ὄχλου
823 763 1206 832 ἑορτάζοντες
1225 779 1238 792 ·
1285 765 1524 836 παρίστη
1572 765 1754 817 ὁποῖον
1783 763 1934 816 ἔσται

350 856 414 908 τὸ
429 857 580 920 τέλος
601 856 709 910 τῶν
732 858 789 909 ὲν
805 855 883 927 τῷ
905 856 1133 926 παρόντι
1158 855 1257 928 βίῳ
1284 857 1392 910 πᾶν
1414 856 1476 909 τὸ
1501 857 1654 910 ἐπιὸν
1673 855 1935 925 γενναίως

352 949 752 1019 ὑπομενόντων.
776 948 1088 1013 Διαδέξεται
1102 948 1211 1020 γὰρ
1225 949 1444 1014 τούτους
1460 949 1520 1003 τὸ
1532 949 1933 1022 τρισμακάριον

350 1041 526 1104 τέλος,
554 1043 586 1112 ή
634 1041 924 1114 θαυμαστὴ
959 1040 1131 1112 σκηνὴ
1162 1040 1254 1095 τοῦ
1281 1040 1440 1105 Θεοῦ,
1483 1043 1577 1094 καὶ
1604 1044 1633 1096 6
1671 1041 1938 1095 ἐνδοτάτω

353 1133 526 1202 αὐτῆς
552 1128 700 1196 οἶκος
737 1132 924 1200 αὐτοῦ,
961 1135 1019 1188 ὲν
1054 1126 1099 1201 ᾧ
1129 1134 1178 1185 οἱ
1224 1132 1366 1197 ἄξιοι
1421 1119 1947 1204 διαϐασταζόμενοιξ

355 1226 450 1278 καὶ
509 1225 769 1296 μετέωροι
823 1226 928 1279 ὑπὸ
974 1213 1280 1295 ἀγγελικῶν
1331 1227 1614 1297 δυνάμεων
1664 1226 1938 1298 αἰρόμενοι

356 1317 789 1388 εἰσαχθήσονται.
816 1319 884 1372 Ἀ
905 1318 968 1389 δὴ
998 1321 1091 1372 καὶ
1123 1321 1151 1372 6
1193 1319 1515 1382 Ἀπόστολος
1536 1317 1691 1380 εἰδὼς
1724 1317 1936 1386 ἔλεγεν·

366 1407 851 1478 Ἀρπαγ-ησόμεθα
888 1410 959 1462 ἐν
988 1410 1271 1478 νεφέλαις
1298 1412 1387 1476 είς
1436 1407 1780 1476 ἀπάντησιν
1833 1408 1940 1462 τοῦ

356 1501 580 1568 Κυρίου
609 1504 696 1568 εις
727 1502 894 1571 ἀέρα,
938 1502 1036 1556 καὶ
1073 1502 1226 1557 οὕτω
1285 1500 1541 1556 πάντοτε
1579 1499 1703 1555 σὺν
1748 1500 1942 1569 Κυρίῳ

355 1593 638 1662 ἐσόμεθα.

430 1705 643 1775 Σκηνὴν
699 1704 756 1757 δὲ
804 1703 1127 1777 θαυμαστὴν
1161 1703 1255 1782 τοῦ
1309 1704 1443 1758 Θεοῦ
1492 1703 1746 1775 ὀνομάζει
1808 1704 1943 1776 πρὸς
2011 1702 2038 1712 ’“

358 1794 761 1866 ὰντιδιαστολὴν
795 1795 990 1864 ἐτέρας
1022 1795 1084 1847 οὐ
1120 1795 1456 1866 θαυμαστῆς,
1484 1794 1642 1847 ὁποία
1677 1789 1807 1865 ἧνή
1849 1791 1941 1845 ἐπὶ

357 1887 635 1950 Μωῦσέως
668 1887 758 1938 ἐπὶ
793 1887 894 1957 γῆς
947 1885 1454 1956 κατεσκευασμένη.
1515 1883 1842 1956 Θαυμαστὴν
1882 1882 1939 1936 δὲ

357 1977 574 2050 άληθῶς
604 1977 806 2048 σκηνὴν
835 1978 1070 2046 νοήσεις,
1106 1978 1174 2047 ἢν
1199 1978 1248 2029 οἱ
1287 1975 1550 2047 μακάριοι
1577 1972 1670 2028 τοῦ
1713 1971 1847 2027 Θεοῦ
1880 1973 1938 2025 ὲν

360 2069 572 2134 ἐλπίσιν
594 2068 850 2123 ἐτίθεντο.
870 2068 1015 2137 Αὕτη
1037 2068 1094 2120 δὲ
1121 2064 1190 2139 ἦν
1215 2069 1249 2138 ἡ
1280 2069 1410 2119 ὲπου
1421 2066 1621 2138 ράνιος,
1645 2059 1713 2136 ἦς
1739 2063 1939 2126 τύπους

361 2160 727 2226 κατεσκεύαζε
742 2161 982 2230 Μωῦσῆς
1000 2161 1091 2213 ἐπὶ
1118 2160 1214 2230 τῆς
1237 2158 1333 2229 ὲρή
1344 2175 1464 2228 μου.
1479 2159 1553 2210 Πε
1563 2157 1614 2227 ρ).
1639 2152 1707 2229 ἦς
1728 2155 1824 2208 θαυ
1834 2171 1940 2225 μα-

363 2255 495 2326 στῆς
518 2254 722 2326 σκηνῆς
743 2253 837 2306 καὶ
857 2253 885 2304 6
912 2251 1056 2314 θεῖος
1089 2249 1407 2313 Ἀπόστολος
1435 2249 1699 2302 διδάσκων
1719 2247 1902 2316 ἔλεγεν
1923 2264 1935 2276 ·

367 2347 646 2418 Τοιοῦτον
673 2347 896 2416 ἔχομεν
923 2343 1222 2414 ἀρχιερέα,
1252 2341 1319 2409 ὃς
1341 2339 1624 2395 ἐκάθισεν
1663 2340 1734 2393 ἐν
1774 2338 1942 2405 δεξιᾷ.

362 2444 468 2498 τοῦ
498 2443 713 2510 θρόνου
750 2439 862 2508 τῆς
905 2438 1335 2508 μεγαλωσύνης
1383 2434 1451 2488 ἐν
1485 2433 1609 2500 τοῖς
1641 2431 1939 2502 οἰψανοῖς,

363 2537 481 2591 τῶν
511 2535 694 2603 ἁγίων
730 2529 1076 2599 λειτουργὸς
1105 2527 1202 2582 καὶ
1237 2526 1348 2596 τῆς
1381 2525 1622 2595 σκηνῆς
1650 2523 1759 2592 τῆς
1798 2525 1943 2591 ἀλη-

364 2625 554 2691 θινῆς,
584 2624 667 2692 ἣν
711 2621 939 2690 ἔπηξεν
979 2625 1011 2674 ὁ
1059 2621 1296 2688 Κύριος,
1331 2621 1442 2672 οὐκ
1474 2617 1814 2685 ἅνθρωπος·
1861 2611 1943 2680 οἷς

365 2719 606 2786 ἐπιλέγει
644 2716 800 2786 ἑξῆς·
827 2717 1057 2779 Οἵτινες
1085 2713 1473 2781 ὑποδείγματι
1527 2713 1625 2764 καὶ
1659 2708 1807 2777 σκιᾷ
1836 2713 1933 2762 λιι-

365 2811 646 2878 τρεύουσι
674 2805 793 2860 τῶν
827 2804 1218 2872 ἐπουρανίων,
1246 2801 1440 2867 καθὼς
1479 2799 1944 2868 κεχρημάτισται

365 2898 628 2966 ιῑιωῦσῆς
667 2897 911 2968 μέλλων
960 2891 1258 2948 ἐπιτελεῖν
1304 2890 1421 2959 τὴν
1475 2889 1736 2966 σκηνήν.
1757 2905 1760 2907 ·
1784 2889 1940 2956 Ὅρα,

365 2991 476 3060 γάρ
510 3005 663 3059 φησι,
708 2985 983 3054 ποιήσεις
1016 2983 1216 3036 πάντα
1259 2980 1410 3035 κατὰ
1441 2980 1547 3033 τὸν
1590 2980 1784 3033 τύπον
1839 2979 1946 3030 τὸν

367 3081 679 3150 δειχθέντα
701 3098 799 3134 σοι
826 3079 894 3132 ἐν
924 3076 1004 3142 τῷ
1030 3075 1170 3144 ὄρει.
1213 3071 1373 3127 Ἀλλὰ
1400 3071 1572 3132 ταῦτα
1609 3071 1704 3141 μὲν
1741 3069 1946 3130 εἰκόνες

2043 583 2266 636 actionis
2299 581 2469 636 turba:
2497 580 2689 650 festum
2724 581 3070 646 celebrantis;
3124 583 3364 636 declarat
3407 581 3500 651 q-ui
3552 581 3609 633 [i-

2037 675 2124 730 nis
2147 689 2337 730 eorum
2378 674 2601 728 futurus
2643 672 2735 739 sit,
2760 673 2853 743 qui
2883 673 2938 728 in
2973 673 3076 728 hac
3105 673 3212 727 vita
3232 687 3396 729 casus
3423 687 3612 729 omnes

2039 770 2261 817 strenue
2312 762 2692 818 sustinuerint.
2747 761 2859 818 Hos
2903 762 3048 817 enim
3080 763 3312 834 excipiet
3356 761 3614 820 felicissi-

2036 873 2160 913 mus
2200 856 2345 922 ﬁnis,
2377 856 2633 912 videlicet
2681 856 3090 913 tabernaculum
3123 856 3255 912 illud
3302 856 3399 914 Dei
3440 859 3616 913 admi-

2026 946 2292 1020 randum,
2314 954 2370 1002 et
2397 962 2518 1017 quae
2545 946 2601 1001 in
2629 947 2836 1004 intimis
2865 947 2986 1018 ejus
3029 947 3281 1018 partibus
3323 947 3502 1019 posita
3529 957 3616 1004 est

2038 1041 2236 1097 domus
2258 1039 2375 1106 Dei,
2405 1041 2459 1094 in
2494 1055 2658 1110 quam
2684 1041 2860 1095 sancti
2902 1041 3153 1097 homines
3189 1040 3524 1106 deferentur,
3551 1056 3617 1096 ac

2040 1133 2305 1190 sublimes
2339 1133 2408 1188 ab
2457 1131 2716 1202 angelicis
2762 1132 3061 1188 virtutibus
3089 1133 3216 1188 elati
3247 1133 3617 1188 intromitten-

2039 1235 2150 1283 tur.
2175 1226 2419 1294 Quorum
2457 1239 2662 1295 gnarus
2685 1223 2979 1294 Apostolus
3002 1225 3074 1280 ita
3108 1225 3428 1296 loquebatur
3458 1244 3472 1281 :
3508 1223 3617 1281 Ra-

2039 1325 2244 1391 piemur
2275 1322 2331 1374 in
2377 1319 2602 1374 nubibus
2632 1319 2841 1373 obviam
2881 1319 3106 1374 Domino
3148 1321 3202 1374 in
3237 1335 3363 1374 aera
3387 1359 3402 1386 ,
3454 1327 3504 1374 et
3539 1319 3625 1381 sic.

2041 1433 2244 1487 semper
2266 1433 2384 1471 cum
2421 1416 2647 1471 Domino
2677 1415 2873 1471 erimus
2911 1415 2980 1473 ”.

2115 1713 2552 1770 Tabernaculum
2587 1714 2768 1770 autem
2801 1712 2896 1770 Dei
2934 1715 3180 1770 mirabile
3209 1723 3388 1782 vocat,
3420 1715 3488 1771 ad
3515 1715 3637 1772 difc.

2046 1807 2330 1865 ferentiam
2381 1809 2605 1864 alterius
2657 1807 2802 1880 quod
2860 1823 2992 1865 sane
3035 1807 3287 1864 mirabile
3328 1823 3438 1864 non
3488 1817 3572 1864 est
3605 1828 3638 1862 :-

2047 1905 2208 1974 quale
2231 1914 2350 1960 erat
2391 1904 2522 1960 illud
2549 1911 2797 1975 tempore
2841 1902 3043 1975 Moysis
3085 1903 3143 1958 in
3193 1909 3341 1960 terra
3371 1911 3624 1959 constru-

2045 2008 2215 2056 ctum.
2253 1997 2498 2053 Mirabile
2523 2008 2703 2052 autem
2732 2012 2922 2052 revera
2964 1997 3375 2051 tabernaculum
3433 1997 3625 2052 intelli-

2045 2106 2182 2161 gas,
2233 2089 2381 2161 quod
2414 2090 2557 2144 beati
2588 2088 2683 2143 Dei
2726 2089 2779 2142 in
2840 2103 2991 2158 spem
3040 2088 3144 2143 sibi
3196 2087 3624 2147 constituerunt.

2047 2181 2162 2237 Hoc
2199 2191 2378 2236 autem
2420 2181 2642 2236 caeleste
2699 2178 2829 2233 illud
2861 2187 2997 2244 erat,
3022 2180 3182 2250 cujus
3224 2179 3450 2250 ﬁguram
3484 2178 3628 2245 Mov-

2049 2288 2138 2330 ses
2165 2275 2219 2328 in
2243 2274 2458 2330 deserto
2485 2272 2794 2327 adornavit.
2842 2271 2918 2327 De
2949 2286 3061 2342 quo
3101 2271 3409 2327 admirabili
3444 2272 3622 2327 taber-

2048 2368 2247 2422 naculo
2277 2366 2393 2422 haec
2423 2366 2650 2420 tradidit
2692 2365 2914 2420 divinus
2949 2363 3282 2435 Apostolus:
3317 2364 3502 2419 Talem
3529 2363 3628 2416 Ita-

2050 2457 2229 2513 bemus
2268 2458 2596 2527 pontiﬁcem,
2661 2456 2752 2528 qui
2800 2456 3035 2510 consedit
3081 2457 3136 2510 in
3188 2456 3404 2510 dextera
3451 2455 3628 2509 throni

2049 2550 2432 2622 magnitudinis
2462 2551 2516 2603 in
2546 2550 2690 2604 caelis
2716 2589 2730 2614 ,
2763 2558 3070 2604 sanctorum
3093 2549 3334 2603 minister
3360 2556 3410 2603 et
3449 2547 3628 2601 taber-

2049 2643 2230 2702 naculi
2260 2643 2367 2697 veri
2395 2641 2532 2713 quod
2557 2642 2674 2712 ﬁxit
2701 2641 2976 2704 Dominus,
3000 2649 3049 2694 et
3079 2656 3182 2694 non
3203 2639 3356 2694 homo
3388 2638 3467 2705 ‘°;
3507 2637 3633 2708 qui-

2049 2736 2154 2791 bus
2182 2733 2378 2791 deinde
2403 2734 2684 2805 subjungit
2719 2754 2732 2788 :
2766 2733 2872 2800 Qui
2899 2731 3190 2800 exemplari
3223 2740 3273 2786 et
3301 2730 3504 2785 umbra:
3535 2730 3631 2783 de.-

2051 2830 2283 2890 serviunt
2311 2829 2618 2889 calestium,
2665 2826 2801 2880 sicut
2855 2840 3159 2893 responsum
3189 2832 3267 2879 est
3299 2822 3475 2894 Moysi
3512 2839 3632 2878 cum

2051 2937 2419 2977 consummare
2474 2919 2626 2976 uellet
2692 2917 3132 2973 tabernaculum:
3188 2915 3354 2983 Vide,
3416 2917 3631 2987 inquit,

2053 3016 2231 3074 omnia
2255 3015 2419 3084 facito
2447 3012 2735 3068 secundum
2761 3011 3052 3082 exemplar,
3071 3009 3209 3082 quod
3239 3009 3333 3064 tibi
3363 3019 3633 3064 ostensum

2050 3117 2128 3163 est
2156 3110 2213 3162 in
2246 3116 2418 3160 monte
2445 3106 2511 3160 “.
2547 3104 2654 3161 Sed
2687 3105 2802 3159 hate
2838 3104 3057 3175 quidem
3101 3103 3368 3174 imagines
3395 3112 3554 3158 erant
3580 3111 3635 3158 et

366 3172 506 3246 ἦσαν
552 3173 646 3227 καὶ
697 3170 940 3243 σύμϐολα
976 3167 1086 3223 τῶν
1134 3165 1505 3237 ἐπουρανίων
1549 3160 1804 3232 Χριστὸς
1855 3159 1943 3224 δὲ,

2055 3197 2302 3269 symbola
2331 3195 2659 3252 cmlestium.
2694 3159 2937 3250 Chrisius
2972 3200 3148 3246 autem
3181 3159 3437 3244 azsistens
3461 3188 3638 3258 ponti-

369 3264 849 3333 πιιραγενόμενος
897 3256 1208 3327 ἀρχιερεὺς
1251 3253 1369 3308 τῶν
1412 3254 1764 3324 μελλόντων
1809 3250 1952 3320 ἀγα-

370 3355 525 3418 θῶν,
559 3355 657 3408 διὰ
699 3353 812 3421 τῆς
842 3350 1113 3422 μείζονος
1164 3347 1262 3401 καὶ
1307 3344 1675 3412 τελειοτέρας
1716 3340 1952 3410 σκηνῆς

370 3450 444 3501 οὐ
481 3444 917 3516 χειροποιήτου,
948 3441 1262 3497 τουτέστιν
1307 3441 1379 3492 οὐ
1419 3437 1642 3505 ταύτης
1688 3433 1799 3504 τῆς
1828 3435 1954 3488 κτί-

371 3558 548 3605 σεως.
576 3537 720 3592 οὐδὲ
751 3537 823 3590 δι’
855 3536 1102 3604 αἵματος
1162 3532 1394 3602 τράγων
1420 3529 1521 3584 καὶ
1559 3530 1830 3597 μόσχων,
1859 3525 1956 3580 διὰ

372 3631 442 3684 δὲ
474 3631 580 3684 τοῦ
636 3629 788 3683 ἰδίου
838 3628 1086 3696 αἵματος
1144 3621 1430 3691 εἰσῆλθεν
1480 3618 1720 3690 ἐφάπαξ
1758 3620 1845 3685 είς
1884 3617 1957 3672 τὰ

375 3721 542 3790 ἅγια,
590 3720 840 3774 αἰωνίαν
880 3718 1184 3784 λύτρωσιν
1213 3712 1563 3783 εὑράμενος.
1599 3711 1663 3763 El
1706 3709 1763 3761 δὲ
1803 3705 1958 3776 χαρὰ

374 3813 599 3880 γίνεται
643 3811 712 3863 ἐν
752 3807 878 3873 τοῖς
910 3804 1190 3874 οὐρανοῖς
1222 3803 1330 3856 τῶν
1378 3800 1626 3870 ἀγγέλων
1679 3797 1771 3852 τοῦ
1822 3795 1974 3850 Θεοῦ.

375 3903 473 3955 ἐπὶ
499 3901 588 3954 ἑνί
619 3895 945 3968 ἁμαρτωλῷ
961 3891 1377 3963 μετανοοῦντι,
1409 3888 1655 3950 εἰκότως,
1681 3882 1976 3952 θεοφιλοῦς

376 3994 555 4065 ψυχῆς
597 3992 733 4064 μετὰ
764 3991 854 4042 τὸν
893 3987 1140 4058 αὐτάρκη
1166 3984 1263 4037 καὶ
1299 3981 1392 4035 τὸν
1440 3979 1685 4051 παρόντα
1731 3975 1843 4047 βίον
1873 3972 1963 4027 διὰ

379 4069 687 4157 γυμνασίαν
720 4079 1157 4150 καταξιουμὲνης
1181 4076 1282 4146 τῆς
1314 4076 1394 4137 εἰς
1425 4071 1496 4126 τά
1527 4072 1658 4139 ἆγια
1688 4069 1756 4122 τὰ
1798 4071 1961 4122 ὲπου-

383 4181 542 4252 ράνια
570 4174 808 4238 εἰσόδου,
849 4172 1000 4242 φωνὴ
1036 4169 1242 4239 γίνεται
1274 4164 1550 4236 εὐφημίας
1595 4159 1831 4232 πλήθους
1861 4177 1965 4213 πα-

381 4267 778 4342 νηγυριζόντων
824 4265 917 4317 καὶ
955 4259 1417 4333 εὐχαριστούντων
1459 4256 1553 4308 ἐπὶ
1602 4257 1667 4325 τῇ
1721 4252 1966 4324 σωτηρίᾳ

380 4361 474 4415 τοῦ
527 4349 856 4428 σωζομένου.
888 4358 956 4409 Ἀ
1003 4356 1068 4427 δὴ
1112 4352 1478 4422 πεπεισμένος
1523 4343 1663 4402 εἶναι
1707 4345 1881 4417 ἀληθῆ
1936 4346 1976 4397 6‘

381 4455 590 4516 τούτοις
632 4449 1020 4522 μαθητευθεὶς,
1056 4447 1281 4507 εἰκότως
1328 4443 1464 4514 πρὸς
1503 4440 1692 4495 ἑαυτὸν
1719 4438 1964 4508 φάσκει·

383 4548 509 4602 Ἵνα
540 4545 594 4597 τί
639 4544 967 4611 περίλυπος
1021 4534 1108 4602 εἷ,
1156 4539 1194 4605 ἡ
1239 4533 1409 4604 ψυχή
1443 4550 1595 4602 μου,
1621 4530 1721 4584 καὶ
1761 4531 1862 4583 ἵνα
1909 4529 1968 4582 τι
1999 4563 2043 4618 D

382 4634 834 4706 συνταράσσεις
857 4647 932 4701 με
950 4647 966 4693 ;
997 4631 1070 4683 Ἢ
1103 4626 1244 4682 κατὰ
1273 4625 1364 4680 τὸν
1390 4623 1714 4696 Σύμμαχονο
1768 4621 1830 4676 Τί
1861 4637 1970 4675 κα·-

384 4728 720 4797 τακάμπτῃ,
748 4727 786 4794 ἡ
814 4722 985 4793 ψυχή
1014 4739 1154 4791 μου,
1181 4720 1278 4773 καὶ
1299 4718 1355 4772 τί
1374 4713 1599 4786 θορυϐῇ
1623 4713 1752 4767 κατ’
1783 4712 1968 4782 ὲμρῦ;

396 4820 740 4888 Ἀνιὶμεινον
786 4815 892 4869 τὸν
940 4813 1107 4876 Θεὸν,
1151 4811 1240 4864 ὅτι
1287 4807 1575 4876 διηνεκῶς
1606 4801 1970 4874 ἐξομολογή-

384 4926 568 4978 σομαι
596 4907 757 4972 αὑτῷ
794 4907 901 4971 τὰς
920 4902 1216 4971 σωτηρίας
1242 4900 1347 4954 τοῦ
1387 4896 1712 4967 προσώπου
1743 4894 1928 4949 αὑτοῦ
1948 4910 1963 4924 ⁶

385 5002 452 5071 ἢ,
482 4999 614 5065 ταῖς
659 4996 978 5064 σωτηρίαις
1009 4993 1117 5047 τοῦ
1153 4988 1479 5060 προσώπου
1529 4984 1718 5040 αὑτοῦ
1743 5023 1758 5050 ,
1825 4983 1966 5038 κατὰ

387 5090 480 5143 τὸν
522 5088 771 5142 Ἀκύλαν.
791 5086 1086 5156 Γενόμενος
1109 5081 1360 5154 γὰμὸσον
1385 5078 1598 5133 οὐδέπω
1618 5078 1678 5131 ὲν
1705 5079 1772 5148 τῇ
1799 5076 1973 5146 σκηνῇ

390 5180 487 5233 τοῦ
515 5179 672 5244 Θεοῦ,
709 5179 803 5234 καὶ
833 5177 936 5231 ὑπὸ
967 5173 1213 5244 ἀγγέλων
1244 5171 1412 5240 ἁγίων
1439 5167 1856 5238 διαϐασταχθεὶς
1885 5163 1976 5219 διὰ

394 5274 456 5328 τὸ
486 5272 617 5341 ὓψος
653 5271 832 5325 καὶτὸ
866 5269 1090 5338 ἔπαρμα
1117 5265 1288 5335 αὐτῆς
1320 5263 1381 5316 τὸ
1419 5261 1762 5332 ἐπουράνιον,
1799 5275 1976 5329 παρα-

397 5368 666 5437 στήσομαι
707 5363 783 5434 τῷ
811 5360 1088 5434 προσώπῳ
1113 5358 1207 5412 τοῦ
1251 5356 1409 5420 Θεοῦ,
1444 5354 1540 5408 καὶ
1585 5351 1846 5423 τεύξομαι
1876 5351 1977 5420 τῆς

399 5456 528 5521 θέας
567 5455 660 5510 τοῦ
687 5454 959 5526 σωτηρίου
1023 5449 1186 5504 αὐτοῦ
1206 5466 1220 5479 ·
1249 5447 1454 5500 τούτων
1499 5443 1752 5509 ἀξιωθεὶς
1774 5481 1789 5506 ,
1833 5439 1977 5495 κατὰ

399 5547 590 5619 καιρὸν
630 5545 937 5615 ἀναπέμψω
967 5541 1064 5613 τὴν
1093 5537 1476 5611 ἐξομολόγησιν
1508 5535 1602 5589 καὶ
1631 5534 1729 5605 τὴν
1765 5530 1976 5600 ὀφειλο-

403 5641 574 5712 μένην
606 5637 952 5710 εὐχαριστίαν
980 5633 1147 5704 αὐτῷ.

2053 3291 2142 3360 {ex
2179 3288 2490 3359 futurorum
2521 3286 2814 3351 bonorum,
2873 3301 2967 3355 per
3006 3284 3235 3353 amplius
3277 3292 3327 3338 et
3353 3282 3654 3352 perfectius.

2055 3379 2454 3441 tabernaculum
2495 3396 2600 3434 non
2639 3377 3024 3447 manufactum,
3089 3374 3144 3428 id
3181 3382 3261 3429 est
3323 3389 3429 3428 non
3479 3371 3664 3440 hujus._

2054 3476 2378 3538 creationis;
2405 3489 2566 3542 neque
2591 3487 2682 3541 per
2708 3471 3016 3541 sanguinem
3042 3468 3310 3522 hircorum
3332 3473 3425 3520 aut
3445 3463 3638 3520 vitulo-

2057 3585 2207 3632 rum,
2241 3565 2332 3621 sed
2363 3581 2456 3635 per
2475 3564 2748 3634 proprium
2777 3562 3088 3631 sanguinem
3127 3558 3365 3614 introivit
3393 3557 3554 3612 semel
3583 3559 3663 3609 in,

2057 3671 2266 3725 sancta,
2297 3669 2497 3715 aeterna
2529 3656 2878 3726 redemptione
2908 3653 3116 3708 inventa
3142 3653 3210 3706 δ’.
3239 3650 3398 3717 Quod
3423 3651 3472 3704 si
3500 3666 3635 3720 gau-

2058 3754 2206 3817 dium
2226 3759 2306 3806 est
2334 3752 2387 3804 in
2414 3749 2556 3804 ctelis
2587 3747 2793 3818 angelis
2811 3745 2938 3810 'Dei,
2960 3745 3023 3799 de
3051 3761 3156 3798 uno
3178 3751 3451 3812 peccatore
3471 3742 3663 3812 paeni-.

2061 3845 2283 3900 tentiam
2320 3851 2502 3913 agente
2532 3841 2599 3908 ⁸³,
2625 3838 2820 3894 merito
2843 3853 2977 3894 sane
2999 3851 3124 3891 cum
3151 3835 3407 3906 religiosa
3436 3834 3661 3896 anima,_

2060 3944 2184 4009 post
2216 3944 2498 4007 peractum
2553 3933 2719 4003 hujus
2783 3931 2908 3986 vitae
2965 3943 3228 3993 cursum,
3284 3928 3534 3998 ingressu
3585 3926 3660 3980 im

2063 4041 2254 4087 sancta
2281 4029 2373 4082 illa
2400 4027 2644 4082 cmlestia
2680 4024 3086 4083 exercitationis
3120 4036 3234 4076 sua:
3272 4035 3442 4076 causa
3472 4018 3642 4074 dona-

2063 4133 2173 4188 tur,
2195 4137 2302 4178 vox
2333 4117 2733 4177 benedictionis
2779 4118 2941 4174 datur
2973 4131 3004 4170 a
3034 4112 3382 4169 multitudine
3422 4110 3648 4166 celebri-

2065 4225 2230 4274 tatem
2265 4223 2319 4272 et
2349 4214 2650 4285 gratiarum
2679 4209 2952 4265 actionem
2985 4214 3179 4278 agente
3210 4219 3309 4276 pro
3351 4211 3509 4275 parta
3539 4203 3648 4275 ipsi

2066 4312 2260 4368 salute.
2295 4309 2428 4375 Quae
2474 4321 2599 4361 cum
2627 4319 2765 4359 vera
2783 4317 2908 4358 esse
2948 4313 3273 4371 persuasum
3306 4297 3504 4352 habeat
3552 4297 3648 4366 qui

2067 4403 2272 4461 talibus
2312 4399 2600 4463 institutus
2628 4393 2935 4465 disciplinis
2972 4399 3090 4456 est,
3131 4390 3257 4460 jure
3293 4388 3649 4459 semetipsum

2070 4500 2147 4553 ita
2181 4497 2507 4567 alloquitur;
2533 4492 2710 4560 Quare
2734 4491 2901 4545 tristis
2926 4505 3002 4552 es,
3032 4486 3218 4540 anima
3243 4499 3380 4567 mea,
3408 4491 3457 4536 et
3487 4496 3652 4549 quare

2070 4565 2354 4651 conturbas
2383 4591 2504 4649 me?
2536 4587 2682 4651 Sive,
2702 4583 3000 4641 secundum
3025 4565 3444 4650 Symmachum:
3474 4574 3656 4640 Quare

2073 4683 2600 4756 defatigaris,anima
2631 4693 2771 4741 mea,
2804 4683 2855 4730 et
2898 4687 3060 4744 quare
3085 4669 3267 4724 turbas
3296 4665 3498 4722 excitus
3527 4678 3656 4717 con-

2071 4754 2156 4835 tra
2184 4754 2304 4834 me?
2340 4775 2603 4844 Exspecta
2633 4770 2822 4833 Deum,
2849 4766 3100 4837 quoniam
3129 4759 3343 4816 assidue
3370 4754 3650 4825 conﬁtebo-

2067 4875 2138 4937 ei,
2172 4871 2372 4928 salutes
2398 4868 2571 4922 uultus
2598 4864 2748 4934 ejus;
2789 4869 2903 4925 aut,
2948 4857 3207 4914 salutibus
3236 4853 3408 4908 vultus
3432 4851 3567 4919 ejus,
3595 4855 3656 4900 ut

2066 4966 2236 5033 habet
2282 4963 2500 5034 Aquila.
2539 4959 2675 5016 Nam
2707 4973 2830 5014 cum
2851 4957 2963 5028 jam
2991 4967 3130 5024 pene
3157 4949 3225 5004 ad
3241 4943 3656 5003 tabernaculum

2075 5061 2172 5118 Dei
2203 5059 2543 5130 pervenerim
2564 5097 2580 5122 ,
2611 5065 2775 5127 atque
2819 5055 2891 5110 ob
2919 5047 3299 5106 celsitudinem
3325 5048 3380 5100 et
3407 5039 3658 5098 sublimi-

2075 5163 2245 5211 tatem
2275 5153 2395 5223 ejus
2444 5152 2724 5207 ctelestem
2787 5161 2819 5201 a
2870 5144 3076 5200 sanctis
3125 5138 3332 5210 angelis
3378 5133 3660 5204 hajulatus

2080 5250 2207 5314 sim,
2237 5246 2409 5302 vultui
2457 5243 2550 5299 Dei
2586 5242 2773 5306 sistar,
2817 5245 2871 5294 et
2903 5231 3364 5303 contemplatione
3403 5226 3664 5282 salutaris

2080 5343 2224 5413 ejus,
2250 5340 2336 5396 his
2365 5338 2644 5408 dignatus,
2663 5332 2937 5404 perfruar,
2956 5343 3065 5399 quo
3097 5336 3338 5392 tempore
3359 5317 3665 5375 confessio-

2084 5448 2210 5490 nem
2234 5430 2582 5499 debitamque
2616 5424 2915 5496 gratiarum
2946 5419 3214 5473 actionem
3249 5413 3517 5470 emittam.

477 5796 520 5836 ”
561 5791 806 5858 lfl‘hess.
843 5805 918 5860 tv,
953 5790 1036 5844 16.
1116 5787 1158 5820 ⁵ο
1198 5784 1362 5850 Hebr.
1395 5801 1524 5854 rut,
1562 5783 1614 5851 l,
1653 5780 1709 5837 2.
1787 5781 1828 5814 ιι
1866 5779 1956 5836 ibit

2054 5777 2085 5831 ἱ.
2165 5775 2207 5807 δ’
2252 5770 2416 5828 Hebr.
2456 5782 2531 5834 Ix,
2574 5764 2660 5835 ll,
2699 5760 2784 5820 l2.
2863 5759 2905 5792 "
2955 5756 3067 5817 Lur
3123 5770 3211 5822 ιιι,
3246 5750 3302 5806 7.
