4138 6386
430 352 539 407 577

1563 344 2067 404 COMMENTARIA
2103 344 2168 399 ΙΝ
2207 343 2546 400 PSALMOS.

3580 345 3687 400 578

432 460 507 528 εἴ,
537 464 637 519 ναί
667 464 767 518 καί
793 467 1108 538 οἰκτίρμων
1134 469 1232 523 καί
1261 469 1664 538 μακρόθυμος.
1722 468 1812 520 Διὸ
1839 467 2009 537 ἐμαυ-

2128 463 2288 528 Deus,
2316 465 2614 517 misericors
2650 479 2725 524 es,
2750 478 2814 515 ac
2857 463 3018 516 etiam
3065 467 3344 516 animator
3371 472 3419 515 et
3445 462 3692 532 longani-

427 555 518 608 τὸν
569 551 885 625 θεραπεύων
935 557 1163 626 ἀγαθαῖς
1222 556 1458 621 ἐλπίσιν,
1518 555 1702 620 εἰδὼς,
1742 554 1822 606 ὅτι
1872 557 2011 607 καθ-

434 643 660 712 ημέραν
704 644 768 698 τὸ
814 645 988 712 ἕλεος
1032 647 1217 700 αὐτοῦ
1257 647 1580 700 ἐντελεῖται
1632 650 1664 700 o'
1709 646 1873 711 Θεὸς,
1911 645 2011 710 τὰς

433 737 636 799 νύκτας
665 739 732 807 τῇ
767 736 878 807 ᾠδῇ
906 738 1071 790 αὐτοῦ
1115 739 1388 809 σχολάζων
1420 737 1669 792 διατελῶ.
1697 739 1830 793 Μεθ’
1871 736 2011 807 ήμέ-

439 847 536 901 ραν
577 832 675 901 μὲν
706 831 815 900 γὰρ
853 832 952 895 τὰς
985 831 1092 884 τῶν
1136 831 1437 903 ἀνθρώπων
1479 832 1620 903 ὀρῶν
1653 830 1878 902 πράξεις
1918 832 2012 884 καί

434 923 534 988 τὰς
587 923 892 989 κυκλούσας
924 927 1071 995 ἡμᾶς
1115 925 1430 997 συμφορὰς,
1480 925 1607 988 τούς
1640 942 1697 977 τε
1753 941 2012 994 μετεωρι-

434 1015 606 1085 σμούς
638 1033 734 1069 σου
773 1017 868 1070 καὶ
915 1017 983 1070 τὰ
1011 1017 1234 1088 κύματα
1285 1035 1398 1081 σου,
1445 1018 1581 1089 πρὸς
1615 1017 1849 1088 ἐμαυτὸν
1876 1017 2011 1068 ἀπο-

430 1109 666 1182 δύρομαι
686 1127 699 1140 ·
723 1109 833 1164 τῶν
854 1111 910 1164 δὲ
929 1111 997 1164 δι’
1019 1110 1230 1182 ἡμέρας
1261 1129 1328 1182 με
1353 1113 1724 1184 θορυϐούντων
1745 1112 2010 1183 σχολάσας

431 1200 520 1254 διὰ
546 1202 642 1272 τῆς
666 1201 879 1266 νυκτὸς,
903 1203 1364 1273 ἀναπεμπάζομαι
1395 1204 1464 1257 τὰ
1497 1205 1618 1274 ἐλέη
1650 1204 1742 1258 τοῦ
1767 1204 1970 1275 Κυρίου
1991 1223 2004 1235 ο

433 1293 978 1364 ἀναμιμνῃσκόμενος
1027 1313 1086 1348 τε
1133 1297 1280 1358 ὅπως
1333 1295 1452 1348 καθ’
1502 1297 1714 1368 ἡμέραν
1759 1297 1819 1349 τὸ
1862 1297 2010 1361 ἕλεος

431 1383 596 1437 αὐτοῦ
624 1385 946 1450 ἐντέλλεται,
979 1386 1200 1458 ᾅσματα
1229 1385 1376 1456 αὐτῷ
1401 1389 1495 1440 καὶ
1523 1388 1666 1456 ᾠδὰς
1702 1387 2009 1458 ἀναπέμπω

432 1477 626 1548 σχολὴν
685 1477 832 1546 ἄγων
881 1478 980 1542 τὰς
1035 1479 1254 1542 νύκτας.
1313 1481 1404 1533 Διὸ
1465 1480 1528 1550 δὴ
1581 1480 1675 1532 καὶ
1726 1480 2003 1532 λέλεκται·

428 1570 541 1622 Καὶ
579 1570 801 1636 νυκτὸς
833 1571 956 1640 ᾠδὴ
1007 1573 1193 1626 αὑτοῦ
1241 1575 1377 1641 παρ’
1418 1574 1576 1643 ἐμοί·
1620 1573 1762 1626 κατὰ
1807 1573 1862 1626 δὲ
1918 1573 2007 1625 τὸν

442 1661 672 1714 Ἀκύλαν
692 1681 704 1692 ·
732 1662 840 1716 Καὶ
873 1663 944 1715 ἐν
972 1665 1141 1718 νυκτὶ
1175 1659 1340 1734 ᾆσμα
1367 1664 1553 1719 αὐτοῦ
1574 1665 1700 1733 μετ’
1732 1665 1899 1732 ἐμοῦ.
1931 1665 2005 1716 Ού

432 1753 590 1822 μόνον
620 1753 677 1806 δέ
716 1753 898 1818 τοῦτο,
941 1755 1078 1809 ἀλλὰ
1125 1757 1220 1810 καὶ
1261 1756 1572 1825 προσευχὴ
1606 1755 1686 1821 τῷ
1739 1754 1860 1820 Θεῷ
1897 1754 2006 1824 τῆς

2117 562 2217 614 mis
2240 561 2306 612 ⁸⁸.
2342 559 2522 624 Quare
2556 574 2640 611 me
2672 558 2812 611 bona
2836 573 2935 628 spe
2967 557 3220 619 fulciens,
3255 571 3466 626 «gnarus
3508 556 3689 618 illius,

2115 653 2167 705 in
2210 653 2294 706 die
2337 649 2608 704 mandabit
2652 649 2794 703 Deus
2840 647 3263 702 misericordiam
3305 665 3492 711 suam,
3530 657 3694 701 nocte

2115 742 2348 796 canticis
2384 742 2504 810 ejus
2536 740 2757 795 assidue
2787 739 3064 792 incnmbo.
3099 735 3383 806 Siquidem
3422 751 3547 791 cum
3597 753 3692 806 per

2114 835 2258 888 diem
2294 833 2573 886 hominum
2617 846 2805 900 opera,
2843 838 2896 883 et
2929 829 3269 883 calamitates
3311 844 3412 882 nos
3449 830 3692 883 cireum-

2114 925 2422 987 venientes,
2459 923 2677 977 excelsa
2712 932 2802 974 tua
2851 930 2906 975 et
2946 920 3146 976 ﬂuctus
3182 930 3307 975 tuos
3347 936 3593 979 cernam,
3638 920 3690 970 in

2113 1018 2441 1088 memetipso
2464 1017 2655 1087 lugeo;
2688 1024 2852 1070 noctu
2887 1031 3020 1069 vero
3063 1017 3192 1068 dum
3235 1013 3470 1068 indmia:
3503 1025 3630 1066 sunt
3662 1030 3692 1064 ιι

2112 1113 2599 1176 conturbantibus,
2631 1110 3043 1166 misericordias
3085 1108 3299 1162 Domini
3353 1121 3570 1160 mecum
3600 1121 3690 1159 re-

2113 1215 2280 1278 puto;
2313 1221 2378 1260 ac
2405 1205 2730 1259 recordatus
2756 1219 2866 1273 quo
2900 1211 3062 1272 pacto
3089 1201 3144 1254 in
3193 1201 3280 1254 die
3316 1198 3537 1252 mandet
3584 1199 3690 1250 mi-

2113 1299 2472 1355 sericordiam
2511 1312 2690 1359 suam,
2726 1311 2824 1366 per
2875 1295 3053 1348 noctis
3100 1293 3274 1347 otium
3317 1291 3533 1345 cantica
3583 1289 3689 1358 ipsi

2113 1390 2411 1459 laudesque
2434 1388 2670 1458 profero.
2693 1387 3065 1453 Quamobrem
3097 1385 3302 1438 dictum
3330 1393 3440 1445 est.
3465 1394 3512 1436 et
3540 1395 3689 1436 nocte

2110 1484 2372 1536 canticum
2395 1483 2506 1550 ejus
2534 1480 2674 1548 apud
2705 1495 2820 1544 me;
2852 1479 3154 1533 secundum
3188 1478 3451 1548 Aquilam
3481 1493 3686 1542 autem,

2109 1587 2156 1631 et
2188 1586 2335 1629 nocte
2367 1575 2631 1628 canticum
2659 1572 2771 1641 ejus
2805 1589 3027 1624 mecunt.
3060 1570 3245 1640 Neque
3278 1569 3330 1623 id
3363 1572 3566 1632 solum,
3591 1571 3686 1624 sed

2108 1669 2271 1722 etiam
2304 1668 2478 1720 oratio
2519 1666 2626 1719 Deo
2661 1666 2780 1719 vita:
2814 1681 2960 1718 mem.
2991 1663 3126 1717 Nam
3171 1665 3432 1734 hymnum
3469 1665 3520 1716 in
3553 1681 3682 1734 gra-

2109 1761 2310 1812 tiarum
2352 1758 2622 1811 actionem
2665 1771 2824 1820 cano,
2860 1757 2939 1810 sic
2975 1757 3261 1811 institutus
3305 1765 3361 1808 ut
3407 1755 3461 1809 in
3508 1757 3688 1810 omni-

429 1840 575 1909 ζωῆς
605 1861 746 1912 μου.
781 1844 927 1916 ’ᾼδω
957 1847 1057 1916 μὲν
1091 1845 1197 1917 γὰρ
1226 1845 1393 1917 ὕμνον
1432 1847 1846 1918 εὐχαριστήριον
1870 1888 1884 1912 ,
1925 1847 2008 1898 δε-

2111 1851 2213 1905 hus
2241 1850 2446 1919 gratias
2472 1864 2652 1918 agam,
2681 1848 3130 1918 quandoquidem
3171 1864 3257 1901 me
3294 1847 3436 1902 bona
3471 1848 3687 1902 futuro-

427 1933 710 2003 δειγμένος
762 1936 820 1986 ἐν
873 1937 1035 1988 παντὶ
1099 1937 1460 2007 εὐχαριστεῖν,
1510 1942 1630 2001 ταῖς
1685 1938 2006 2008 μελλούσαις

428 2027 639 2080 ἐλπίσιν
689 2031 950 2100 χρησταῖς
998 2030 1233 2100 ἐμαυτὸν
1274 2030 1675 2101 ἀνακτώμενος.
1702 2030 1801 2084 Διά
1839 2031 1895 2083 δέ
1940 2031 2008 2084 τὰ

425 2121 561 2183 τέως
585 2122 641 2172 ἐν
662 2120 740 2192 τῷ
770 2121 995 2192 παρόντι
1030 2121 1322 2192 συνέχοντα
1357 2138 1424 2192 με
1455 2121 1674 2192 λυπηρὰ
1699 2122 2007 2192 προσευχὴν

425 2213 734 2283 ἀναπέμπω
780 2213 858 2283 τῷ
910 2213 1028 2284 Θεῷ
1057 2214 1154 2284 τῆς
1207 2214 1350 2285 ζωῆς
1388 2230 1520 2284 μου·
1574 2210 1688 2266 οἶδα
1737 2213 1880 2284 γὰρ,
1927 2213 2006 2266 ὅτι

427 2304 586 2356 αὑτὸν
611 2304 720 2374 ἔχω
741 2305 840 2372 τῆς
863 2304 1102 2375 ἐμαυτοῦ
1132 2303 1278 2374 ζωῆς
1317 2304 1510 2358 αἴτιον.
1567 2304 2008 2375 Προσευχόμενος

425 2397 480 2450 δὲ
508 2396 657 2467 αὐτῷ
681 2415 852 2468 φημιο
895 2397 1289 2466 Ἆντιλήπτωρ
1315 2417 1434 2468 μου
1453 2415 1465 2428 ·
1497 2399 1530 2468 ἢ
1557 2399 1697 2452 κατὰ
1722 2398 1812 2450 τὸν
1851 2397 2008 2450 Ἀκύ-

424 2487 523 2542 λαν
569 2490 663 2542 καὶ
695 2488 1022 2560 Σύμμαχον,
1073 2489 1258 2556 πέτρα
1296 2507 1445 2558 μου·
1493 2489 1577 2558 ἐφ’
1617 2489 1681 2558 ἣν
1733 2487 1902 2550 ἑστὼς
1945 2488 2004 2540 οῦ

427 2577 900 2649 διατραπήσομαι·
951 2578 1049 2630 διὰ
1094 2580 1151 2630 τί
1190 2595 1308 2647 μου
1349 2577 1647 2632 ἐπελάθου
1663 2595 1681 2640 ;
1721 2577 1860 2644 Ἐγὼ
1909 2577 2006 2648 μέν

427 2671 534 2740 γάρ
569 2687 663 2722 σου
696 2669 796 2722 οὐκ
825 2669 1220 2740 ἐπιλέλησμαι·
1251 2670 1365 2724 ἀλλ’
1393 2668 1510 2724 οἶδά
1537 2688 1629 2723 σου
1657 2670 1724 2722 τὰ
1759 2671 1884 2740 ἐλέη
1914 2671 2008 2723 καὶ

426 2765 552 2826 τοὺς
584 2763 935 2834 οἱκτιρμούς’
986 2758 1102 2816 οἶδα
1146 2763 1203 2817 δέ
1228 2765 1322 2818 καὶ
1363 2763 1460 2826 τὰς
1501 2765 1867 2833 ἀποκειμένας
1917 2780 2006 2832 μοι

426 2856 677 2921 ἐλπίδας·
709 2857 792 2910 δςὸ
822 2859 916 2910 καὶ
959 2857 1056 2928 τὴν
1085 2858 1230 2928 ᾠδήν
1271 2875 1366 2910 σου
1413 2859 1542 2928 παρ’
1582 2856 1802 2927 ἐμαυτῷ
1852 2857 2006 2909 ἀδια-

425 2949 658 3014 λείπτως
685 2947 968 3021 φυλάττω·
1001 2949 1064 3001 σὺ
1099 2948 1158 3001 δέ
1195 2966 1295 3019 μου
1331 2947 1624 3001 ἐπελάθου’
1663 2947 1750 3000 διὰ
1777 2948 1865 3012 τί;
1897 2949 2007 3018 Τὴν

427 3042 607 3095 αἰτίαν
633 3041 825 3114 μαθεῖν
857 3039 1136 3112 βούλομαι,
1159 3041 1226 3094 δι’
1251 3043 1317 3112 ἦν
1347 3041 1545 3103 πάντες
1570 3043 1618 3093 οἱ
1646 3038 2007 3112 μετεωρισμοί

430 3152 520 3187 σου
555 3135 650 3187 καὶ
678 3134 750 3187 τὰ
802 3133 1025 3205 κύματά
1071 3151 1195 3198 σου,
1243 3135 1292 3187 οἱ
1341 3135 1636 3205 πειρασμοὶ
1680 3133 1880 3204 δηλαδὴ
1913 3133 2006 3186 καὶ

2110 1960 2229 1997 rum
2263 1958 2360 2012 spe
2411 1941 2616 1996 reﬁcio.
2643 1940 2721 1994 Ac
2757 1948 2983 2009 propter
3013 1956 3108 1995 eas
3142 1940 3475 2009 quibusjam
3517 1941 3688 1994 inter-

2109 2036 2284 2104 cipior
2311 2033 2932 2097 mrumnas,orationem
2964 2032 3069 2085 Deo
3093 2033 3214 2085 vita:
3236 2048 3368 2085 meae
3410 2033 3687 2101 persolvo:

2109 2125 2232 2177 novi
2265 2127 2409 2180 enim
2447 2126 2624 2194 ipsum
2648 2140 2769 2178 esse
2783 2125 2906 2176 vita:
2928 2139 3060 2178 mea:
3077 2131 3378 2177 auctorem.
3400 2123 3680 2177 Precando

2109 2225 2288 2270 autem
2312 2218 2390 2270 sic
2413 2231 2535 2270 eum
2555 2216 2843 2284 compello,
2866 2226 3135 2283 susceptor
3152 2231 3328 2278 meus;
3361 2217 3475 2270 sive
3495 2234 3687 2270 secun-

2109 2310 2236 2362 dum
2253 2309 2502 2378 Aquilam
2520 2306 2999 2377 etSymmachum,
3016 2317 3162 2374 petra
3183 2324 3329 2372 mea;
3350 2308 3402 2361 in
3426 2325 3530 2377 qua
3552 2324 3686 2361 con-

2110 2400 2312 2454 sistens
2335 2412 2614 2466 nunquam
2674 2398 2981 2451 subvertar.
3020 2398 3198 2463 Quare
3227 2398 3420 2451 oblitus
3446 2415 3500 2452 es
3537 2400 3686 2455 mei?

2107 2491 2176 2544 At
2191 2487 2330 2541 enim
2351 2503 2448 2557 ego
2463 2490 2542 2542 tui
2561 2505 2670 2542 non
2684 2489 2890 2543 oblitus
2907 2506 3050 2552 sum,
3068 2506 3254 2544 verum
3276 2490 3684 2546 misericordias

2109 2587 2162 2635 et
2196 2581 2577 2635 miserationes
2611 2588 2734 2634 tuas
2762 2581 2910 2643 novi,
2941 2580 3181 2649 itemque
3208 2596 3357 2650 spem
3380 2581 3508 2634 mihi
3528 2597 3686 2651 repo-

2110 2673 2271 2728 sitam
2303 2687 2414 2726 non
2445 2672 2638 2741 ignoro
2666 2689 2679 2725 :
2713 2687 2884 2741 quare
2913 2673 3188 2724 canticum
3222 2687 3435 2741 semper
3461 2674 3685 2728 tuumin

2108 2766 2430 2834 memetipso
2457 2763 2830 2819 custodio.Tu
2858 2780 2988 2818 vero
3011 2765 3114 2817 mei
3137 2764 3338 2818 oblitus
3357 2781 3415 2818 es
3444 2784 3458 2820 :
3483 2767 3686 2835 quare?

2108 2855 2344 2910 Causam
2384 2855 2632 2909 ediscere
2677 2854 2933 2923 pervelim
2955 2868 3053 2908 cur
3075 2855 3257 2908 omnia
3277 2857 3496 2909 excelsa
3514 2864 3605 2908 tua
3628 2865 3684 2910 et

2109 2945 2308 3002 ﬂuctus
2343 2947 2460 3010 tui,
2507 2947 2759 3001 videlicet
2811 2946 3147 3000 tentationes
3169 2953 3223 3001 et
3262 2953 3428 3001 tantae
3466 2948 3688 3002 calami-

2110 3047 2270 3102 tates,
2307 3046 2359 3093 te
2388 3039 2757 3109 permittente,
2794 3046 2959 3106 s‘uper
2996 3053 3083 3092 me
3121 3038 3460 3092 transierint.
3495 3038 3685 3109 Magna

2109 3131 2380 3203 profecto,
2409 3131 2553 3202 quod
2573 3131 2776 3185 oblitus
2803 3131 2880 3185 sis
2905 3129 3033 3193 mei,
3057 3144 3221 3184 causa
3255 3130 3418 3184 fuerit
3447 3139 3685 3200 oportet.

427 3227 686 3281 τοσαῦται
719 3229 1065 3300 περιστάσεις
1117 3230 1204 3280 ἐπ’
1239 3228 1340 3300 ἐμὲ
1381 3227 1617 3298 διῆλθον,
1660 3227 1754 3280 σοῦ
1813 3224 2241 3297 συγχωροῦντος.
2280 3226 2440 3294 Μέγα
2486 3224 2594 3298 γάρ
2621 3242 2674 3277 τι
2699 3223 3214 3294 ὀφείλειτυγχάνειν
3267 3222 3327 3275 τὸ
3363 3222 3535 3276 αἴτιον
3587 3223 3687 3295 τῆς

429 3327 557 3394 περὶ
587 3326 722 3395 ἐμοῦ
750 3323 936 3396 λήθης.

499 3416 687 3484 Λέγων
716 3415 774 3469 δὲ
803 3416 977 3471 ταῦτα
1007 3418 1034 3469 ὁ
1069 3417 1227 3488 χορὸς
1264 3416 1339 3488 (1)
1359 3417 1712 3488 προφητικὸς,
1749 3416 2009 3470 ίδιοποιεῖ-

2186 3413 2323 3469 Cum
2381 3425 2546 3481 porro
2601 3407 2655 3462 id
2710 3409 2787 3461 ait
2812 3407 3165 3478 propheticus
3210 3408 3442 3474 chorus,
3497 3409 3679 3480 populi

430 3525 538 3569 ται,
559 3507 634 3570 ὡς
660 3508 818 3580 ἔφην,
851 3508 948 3578 τὴν
964 3508 1055 3562 τοῦ
1078 3508 1205 3561 λαοῦ
1226 3508 1557 3562 κατάστασιν
1575 3525 1590 3538 ο
1610 3509 1706 3581 τὴν
1717 3508 1826 3579 γὰρ
1841 3508 2003 3579 ἐσχά-

426 3618 526 3672 την
554 3601 824 3674 ἀποῦολὴν
855 3603 949 3656 καὶ
981 3603 1081 3673 τὴν
1108 3602 1424 3654 ἀπόπτωσιν
1455 3600 1549 3654 τοῦ
1587 3601 1786 3664 παντὸς
1820 3601 2003 3665 ἔθνους

427 3694 526 3764 τὴν
551 3694 849 3765 γενομένην
881 3694 1016 3764 μετὰ
1048 3693 1145 3765 τὴν
1167 3695 1246 3757 είς
1284 3693 1374 3746 τὸν
1416 3692 1644 3763 Σωτῆρα
1673 3693 1767 3746 καὶ
1801 3692 2002 3764 Κύριον

427 3786 586 3856 ἡμῶν
617 3787 874 3840 ἀπιστίαν
904 3785 1084 3839 αὐτῶν
1123 3785 1408 3856 ἐμφαίνειν
1449 3802 1538 3856 μοι
1571 3784 1660 3838 διὰ
1689 3785 1892 3839 τούτων
1922 3785 2005 3838 δο-

429 3881 532 3934 κεῖ.
562 3878 699 3932 Εῖπε
739 3878 781 3931 δ’
813 3878 878 3932 ἂν
919 3877 1066 3948 αὐτῷ
1095 3878 1432 3948 ἐρωτήσαντι
1470 3878 1565 3931 καὶ
1599 3879 1786 3946 φάντι·
1823 3877 1923 3930 Διὰ
1947 3877 2004 3930 τί

425 3989 543 4039 μου
577 3969 906 4033 excidam);
935 3969 995 4022 τὸ
1030 3973 1088 4022 ἐν
1130 3969 1446 4040 Εὐαγγελίῳ
1492 3969 1704 4039 λεχὼ-ἐν’
1738 3967 2003 4034 Ποσάκις

428 4063 702 4131 ἠθέλησα
731 4061 1197 4133 ἐπισυναγαγεῖν
1221 4061 1293 4115 τὰ
1323 4061 1504 4115 τέκνα
1536 4077 1675 4125 σου,
1697 4059 1769 4113 ὃν
1782 4062 2004 4128 τρόπον

429 4157 592 4224 ὅρνις
629 4155 1001 4226 ὺποσυνάγει
1031 4158 1102 4209 τὰ
1134 4155 1359 4208 νοσσία
1395 4153 1513 4208 ὑπὸ
1551 4155 1658 4219 τὰς
1685 4152 2000 4221 πτέρυγας,

429 4250 526 4306 καὶ
573 4251 685 4302 οὐκ
729 4247 1104 4315 ὴθελήσατε;
1148 4248 1301 4300 Ἐπεὶ
1343 4246 1520 4299 τοίνυν
1563 4245 1650 4298 διὰ
1691 4245 1788 4316 τὴν
1824 4244 2003 4298 αὐτῶν

429 4340 624 4393 κακίαν
655 4337 1050 4410 ἐπελήσθησαν,
1079 4339 1302 4400 εἰκότως
1342 4339 1370 4390 ὁ
1399 4337 1556 4408 χορὸς
1585 4337 1613 4388 ὁ
1647 4334 2000 4406 προφητικδς,

427 4433 548 4484 ἐπεὶ
576 4433 821 4500 φυσικοῖς
849 4430 1024 4498 λόγοις
1047 4429 1392 4500 πάσχοντος
1407 4428 1544 4494 ἑνὸς
1569 4427 1821 4496 μέλους,
1850 4441 2004 4494 συμ-

429 4522 651 4596 πάσχει
697 4521 894 4576 πάντα
918 4522 991 4576 τὰ
1014 4521 1172 4592 μέλη
1197 4561 1210 4584 ,
1244 4521 1319 4585 ὼς
1387 4521 1528 4591 ὑπὲρ
1571 4518 1770 4572 οἰκείου
1815 4517 2000 4582 σώμα-

429 4634 519 4681 τος
565 4617 745 4686 ἀλγῶν
798 4615 1038 4682 ἐπιλέγει
1091 4615 1232 4668 κατὰ
1288 4613 1378 4666 τὸν
1425 4612 1752 4682 Σύμμαχον·
1785 4610 1909 4663 Ἵνα
1945 4608 2002 4661 τί

427 4709 783 4779 σκυθρωπὸς
837 4706 1171 4776 περιπατῶ,
1227 4705 1538 4769 θλίϐοντος
1589 4702 1839 4771 ἐχθροῦ;
1901 4700 2000 4754 καί

426 4801 508 4867 ὡς
535 4801 782 4870 σφαγὴν
815 4799 935 4854 τῶν
962 4797 1158 4851 ὀστῶν
1189 4815 1308 4866 μου
1343 4793 1639 4855 ὠνείδιζον
1667 4797 1721 4848 οί
1744 4793 2004 4846 ἐναντίοι
2035 4783 2077 4837 D

424 4911 544 4962 μου
563 4911 575 4924 ο
609 4892 668 4962 ἦ,
687 4893 782 4945 Ἐν
806 4891 888 4956 τῷ
911 4887 1321 4944 καταθλᾶσθαι
1353 4886 1426 4940 τὰ
1464 4884 1614 4938 ὀστᾶ
1636 4901 1756 4954 μου
1783 4881 2006 4936 ὠνείδι-

431 4986 530 5047 ζόν
550 5003 628 5054 με
656 4990 709 5040 ol
746 4980 1054 5048 θλίϐοντές
1087 4998 1184 5052 με.
1219 4980 1340 5033 Τῶν
1364 4978 1474 5049 γὰρ
1504 4977 1704 5030 ὀστέων
1736 4975 1845 5029 τῶν
1875 4991 2008 5045 προ-

431 5077 676 5148 φητικῶν
729 5075 817 5130 διὰ
855 5074 951 5128 τοῦ
1010 5071 1289 5144 κλαυθμοῦ
1338 5071 1433 5124 καὶ
1475 5069 1584 5123 τῶν
1623 5065 1874 5139 ὀδυρμῶν
1907 5083 2006 5120 κα-

428 5171 812 5242 ταθλωμένων,
850 5169 1096 5222 τουτέστι
1127 5167 1234 5221 τῶν
1263 5166 1360 5237 τῆς
1403 5163 1582 5234 ψυχῆς
1621 5162 1922 5231 δυνάμεων,
1957 5159 2005 5211 οἱ

429 5266 490 5317 ἐν
515 5263 593 5334 τῷ
611 5263 725 5334 λαῷ
757 5261 942 5333 ἐχθροὶ
971 5261 1065 5314 τοῦ
1087 5258 1242 5322 Θεοῦ,
1263 5258 1340 5320 ὼς
1361 5256 1586 5327 μηδενὸς
1615 5252 2004 5323 ἐπαμύνοντος,

428 5355 784 5409 ἐπανέϐαινον
814 5351 1162 5416 ὀνειδίζοντες
1193 5349 1286 5402 καὶ⁹
1313 5347 1560 5415 λέγοντες
1580 5361 1593 5374 ·
1618 5342 1744 5397 Ποῦ
1771 5342 1942 5395 ἐστιν
1971 5341 2005 5391 ό

430 5451 579 5516 Θεός
605 5463 721 5502 σου
736 5463 754 5511 ;

806 5557 1099 5615 ΨΑΛΜΟΣ
1135 5556 1223 5609 ΤΩ
1261 5553 1458 5606 ΔᾹΥΙΔ
1487 5550 1621 5605 MB'.

514 5655 907 5727 Ἀνεπίγραφος
944 5653 1074 5724 παρ’
1125 5648 1397 5720 Ἑϐραίοις
1431 5647 1460 5698 ὁ
1488 5641 1730 5714 ψαλμός·
1768 5639 1847 5693 διὸ
1887 5637 2006 5691 οὐδὲ

500 5755 547 5785 ⁸⁸
589 5753 760 5810 Exod.
791 5765 975 5812 xxxiv,
1009 5748 1065 5802 6.

2113 3515 2340 3569 statum,
2368 3504 2446 3558 uti
2468 3502 2602 3567 dixi,
2635 3502 2791 3571 quasi
2828 3501 3110 3570 proprium
3142 3501 3246 3556 sibi
3285 3503 3534 3567 ascribit,
3571 3502 3687 3558 his-

2111 3613 2216 3668 que
2265 3601 2598 3672 postremam
2651 3591 3018 3660 abjectionem
3053 3631 3068 3655 ,
3120 3607 3183 3646 ac
3236 3593 3450 3647 ruinam
3512 3595 3685 3652 totius

2111 3689 2312 3760 gentis,
2343 3701 2464 3757 qua
2491 3693 2611 3756 post
2639 3698 2830 3738 eorum
2861 3699 2988 3753 erga
3033 3681 3371 3738 Salvatorem
3403 3685 3682 3740 et~Domi-

2110 3798 2240 3837 num
2272 3789 2521 3834 nostrum
2555 3776 2994 3831 incredulitatem
3025 3776 3244 3840 accidit,
3271 3777 3514 3833 indicare
3547 3780 3682 3835 mihi

2111 3875 2344 3928 videtur.
2375 3871 2452 3923 llli
2479 3883 2610 3923 vero
2644 3867 2809 3921 modo
2838 3867 3197 3935 interroganti
3220 3882 3284 3920 ac
3307 3869 3681 3937 compellanti,

2112 3966 2289 4032 Quare
2339 3961 2532 4017 oblitus
2567 3976 2622 4014 es
2672 3959 2813 4013 mei?
2865 3956 3097 4011 fortasse
3139 3960 3269 4014 illud
3311 3962 3682 4031 evangelicum

2109 4058 2315 4111 dictum
2342 4062 2566 4124 reponat
2592 4071 2604 4105 :
2631 4051 2850 4117 Quoties
2872 4049 3014 4102 uolui
3043 4065 3356 4120 congregare
3371 4051 3511 4120 ﬁlios
3536 4062 3675 4116 tuos,

2110 4146 2552 4217 quemadmodum
2595 4144 2800 4214 gallina
2838 4154 3115 4213 congregat
3161 4144 3334 4213 pullos
3401 4160 3526 4199 suos
3581 4145 3680 4199 sub

2111 4240 2250 4302 ales,
2269 4246 2318 4292 et
2339 4237 2582 4290 noluistis
2595 4235 2672 4289 ἰθῖ
2687 4235 3133 4304 Quandoquidem
3151 4235 3310 4304 igitur
3329 4236 3549 4290 malitia:
3565 4252 3678 4292 sua:

2111 4344 2278 4384 causa
2311 4328 2367 4383 in
2398 4326 2726 4382 oblivionem
2758 4334 3043 4388 venerunt,
3070 4324 3194 4394 jure
3215 4325 3417 4380 chorus
3440 4328 3678 4397 pr0phe-

2113 4425 2276 4486 tieus,
2309 4421 2437 4492 quia
2467 4437 2534 4475 ex
2570 4418 2807 4473 naturali
2867 4418 3081 4472 ratione
3119 4418 3346 4485 patiente
3379 4435 3482 4472 uno
3515 4437 3680 4474 mem-

2111 4515 2228 4580 bro,
2261 4513 2661 4582 compatiuntur
2683 4511 2861 4564 omnia
2895 4509 3126 4563 membra
3146 4509 3212 4576 ⁸⁷,
3243 4511 3399 4578 quasi
3421 4526 3520 4580 pro
3558 4528 3680 4566 cor-

2108 4625 2242 4679 pore
2269 4608 2492 4677 proprio
2517 4605 2710 4674 lugens
2749 4601 3060 4671 subjungit,
3092 4602 3392 4656 secundum
3427 4602 3678 4672 Symma-

2110 4701 2273 4754 chum
2320 4717 2333 4752 :
2379 4697 2556 4763 Quare
2600 4695 2764 4747 tristis
2813 4692 3019 4758 incedo,
3055 4693 3307 4763 aﬂligente
3347 4693 3595 4756 inimico;
3629 4705 3680 4746 et

2106 4792 2262 4860 quasi
2294 4789 2610 4844 occisionem
2660 4801 2750 4856 per
2793 4801 2916 4839 ossa
2958 4801 3074 4838 mea
3107 4781 3499 4852 exprobrabant
3548 4785 3676 4837 mihi

2111 4883 2567 4948 adversariimtei;
2603 4880 2716 4936 sive
2741 4898 2753 4932 :
2778 4879 2916 4931 Dum
2955 4877 3359 4946 cortfringuntur
3392 4893 3513 4930 ossa
3562 4894 3678 4930 mea

2105 4975 2491 5046 eaprobrabant
2520 4989 2601 5026 me
2623 4972 2713 5040 qui
2743 4971 3000 5024 tribulant
3035 4984 3136 5022 me.
3169 4967 3302 5020 Nam
3337 4968 3676 5038 propheticis

2108 5067 2364 5131 ossibus,
2407 5064 2460 5118 id
2495 5071 2580 5118 est
2633 5062 2828 5115 anima:
2865 5059 3240 5118 facultatibus,
3284 5073 3379 5126 per
3426 5056 3582 5111 [lctus
3624 5067 3678 5110 et

2107 5163 2378 5230 lacrymas
2431 5154 2760 5214 contractis,
2818 5152 3008 5222 quiin
3066 5150 3270 5220 populo
3325 5148 3532 5202 inimici
3582 5146 3678 5202 Dei

2109 5259 2285 5313 erant,
2307 5248 2463 5318 quasi
2495 5245 2796 5315 Opitulante
2833 5243 3075 5309 nemine,
3095 5241 3452 5311 insurgebant
3480 5255 3679 5310 espro-

2109 5343 2335 5398 brantes
2357 5353 2422 5393 ac
2450 5335 2718 5400 dicentes,
2755 5331 2855 5386 Ubi
2880 5341 2956 5385 est
2992 5330 3134 5384 Deus
3165 5332 3324 5385 tuus?

2437 5537 2488 5592 1.
2527 5530 2851 5589 PSALMUS
2886 5527 3158 5585 DAVIDIS
3195 5526 3353 5582 XLII.

2185 5631 2436 5688 Psalmus
2481 5629 2570 5686 hic
2607 5625 2753 5699 apud
2798 5623 3056 5682 Hebraeos
3097 5623 3461 5698 inscriptione
3492 5626 3688 5693 caret;

1176 5745 1222 5776 “
1261 5742 1452 5796 Matth.
1487 5754 1652 5806 χχιιι,
1688 5737 1775 5791 57.
1852 5735 1894 5766 ⁸⁷
1936 5731 1953 5784 Ι
1984 5732 2112 5786 Cor.
2148 5746 2255 5796 xu,
2292 5729 2383 5784 26.

499 5846 578 5914 (l)
604 5844 954 5902 Desideratur
976 5843 1024 5910 ὁ,
1046 5848 1104 5896 ιιι
1131 5839 1201 5896 sit
1239 5840 1267 5892 ὁ
1293 5852 1478 5909 προφ.,
1512 5843 1569 5889 ut
1594 5832 1755 5904 paulo
1785 5828 1947 5886 infra.
1976 5825 2136 5886 Eon.
