  <div class='ocr_page' id='page_1' title='image "/cluster/home/n/w/nwhite01/storage/ocr_20150623/23/nnc1.0046978313/215.png"; bbox 0 0 4138 6380; ppageno 0'>
   <div class='ocr_carea' id='block_1_1' title="bbox 439 379 545 434">
    <p class='ocr_par' dir='ltr' id='par_1_1' title="bbox 439 379 545 434">
     <span class='ocr_line' id='line_1_1' title="bbox 439 379 545 434; baseline -0.019 0"><span class='ocrx_word' id='word_1_1' title='bbox 439 379 545 434; x_wconf 76' lang='lat'><strong>379</strong></span> 
     </span>
    </p>
   </div>
   <div class='ocr_carea' id='block_1_2' title="bbox 1169 379 3028 439">
    <p class='ocr_par' dir='ltr' id='par_1_2' title="bbox 1169 379 3028 439">
     <span class='ocr_line' id='line_1_2' title="bbox 1169 379 3028 439; baseline 0.002 -5"><span class='ocrx_word' id='word_1_2' title='bbox 1169 381 1438 437; x_wconf 81' lang='lat' dir='ltr'><strong>EUSEBII</strong></span> <span class='ocrx_word' id='word_1_3' title='bbox 1467 381 1942 439; x_wconf 63' lang='lat' dir='ltr'><strong>CzESARIENSIS</strong></span> <span class='ocrx_word' id='word_1_4' title='bbox 1981 382 2134 438; x_wconf 87' lang='lat' dir='ltr'><strong>OPP.</strong></span> <span class='ocrx_word' id='word_1_5' title='bbox 2161 379 2340 436; x_wconf 78' lang='lat' dir='ltr'><strong>PARS</strong></span> <span class='ocrx_word' id='word_1_6' title='bbox 2376 380 2462 436; x_wconf 86' lang='grc'><strong>111.</strong></span> <span class='ocrx_word' id='word_1_7' title='bbox 2506 412 2577 423; x_wconf 89' lang='grc'><strong><em>-</em></strong></span> <span class='ocrx_word' id='word_1_8' title='bbox 2614 379 3028 438; x_wconf 75' lang='lat' dir='ltr'><strong>EKEGETICA.</strong></span> 
     </span>
    </p>
   </div>
   <div class='ocr_carea' id='block_1_3' title="bbox 3595 389 3702 444">
    <p class='ocr_par' dir='ltr' id='par_1_3' title="bbox 3595 389 3702 444">
     <span class='ocr_line' id='line_1_3' title="bbox 3595 389 3702 444; baseline 0 -1"><span class='ocrx_word' id='word_1_9' title='bbox 3595 389 3702 444; x_wconf 78' lang='lat'><strong>530</strong></span> 
     </span>
    </p>
   </div>
   <div class='ocr_carea' id='block_1_4' title="bbox 439 498 2008 576">
    <p class='ocr_par' dir='ltr' id='par_1_4' title="bbox 439 499 2008 570">
     <span class='ocr_line' id='line_1_4' title="bbox 439 499 2008 570; baseline 0 -16"><span class='ocrx_word' id='word_1_10' title='bbox 439 515 609 570; x_wconf 85' lang='lat' dir='ltr'><strong>quare</strong></span> <span class='ocrx_word' id='word_1_11' title='bbox 639 513 817 569; x_wconf 90' lang='lat' dir='ltr'><strong>neque</strong></span> <span class='ocrx_word' id='word_1_12' title='bbox 849 499 994 568; x_wconf 91' lang='lat' dir='ltr'><strong>apud</strong></span> <span class='ocrx_word' id='word_1_13' title='bbox 1027 499 1268 569; x_wconf 88' lang='lat' dir='ltr'><strong>reliquos</strong></span> <span class='ocrx_word' id='word_1_14' title='bbox 1293 499 1625 570; x_wconf 72' lang='lat' dir='ltr'><strong>interpretes</strong></span> <span class='ocrx_word' id='word_1_15' title='bbox 1664 500 1883 553; x_wconf 81' lang='lat' dir='ltr'><strong>titulum</strong></span> <span class='ocrx_word' id='word_1_16' title='bbox 1919 499 2008 554; x_wconf 90' lang='lat' dir='ltr'><strong>ba-</strong></span> 
     </span>
    </p>
   </div>
   <div class='ocr_carea' id='block_1_5' title="bbox 2112 498 3701 576">
    <p class='ocr_par' dir='ltr' id='par_1_5' title="bbox 2124 498 3701 576">
     <span class='ocr_line' id='line_1_5' title="bbox 2124 498 3701 576; baseline 0.009 -27"><span class='ocrx_word' id='word_1_17' title='bbox 2124 498 2272 570; x_wconf 85' lang='grc' dir='ltr'><strong>παρά</strong></span> <span class='ocrx_word' id='word_1_18' title='bbox 2300 501 2410 561; x_wconf 87' lang='grc' dir='ltr'>τοῖς</span> <span class='ocrx_word' id='word_1_19' title='bbox 2435 498 2642 562; x_wconf 75' lang='grc' dir='ltr'>λοιποῖς</span> <span class='ocrx_word' id='word_1_20' title='bbox 2666 501 3026 570; x_wconf 83' lang='grc' dir='ltr'>ἐρμηνευταῖς</span> <span class='ocrx_word' id='word_1_21' title='bbox 3049 503 3358 576; x_wconf 77' lang='grc' dir='ltr'>ἐπιγραφὴν</span> <span class='ocrx_word' id='word_1_22' title='bbox 3381 505 3510 576; x_wconf 79' lang='grc' dir='ltr'>ἔχει.</span> <span class='ocrx_word' id='word_1_23' title='bbox 3541 507 3701 565; x_wconf 83' lang='grc' dir='ltr'>Ἀλλά</span> 
     </span>
    </p>
   </div>
   <div class='ocr_carea' id='block_1_6' title="bbox 439 590 2014 663">
    <p class='ocr_par' dir='ltr' id='par_1_6' title="bbox 439 590 2014 663">
     <span class='ocr_line' id='line_1_6' title="bbox 439 590 2014 663; baseline -0.001 -15"><span class='ocrx_word' id='word_1_24' title='bbox 439 595 548 648; x_wconf 82' lang='lat' dir='ltr'><strong>bet.</strong></span> <span class='ocrx_word' id='word_1_25' title='bbox 585 590 691 649; x_wconf 89' lang='lat' dir='ltr'><strong>Sed</strong></span> <span class='ocrx_word' id='word_1_26' title='bbox 724 594 852 662; x_wconf 84' lang='lat' dir='ltr'><strong>quia</strong></span> <span class='ocrx_word' id='word_1_27' title='bbox 876 591 1238 663; x_wconf 73' lang='lat' dir='ltr'><strong>praecedentis</strong></span> <span class='ocrx_word' id='word_1_28' title='bbox 1267 607 1393 661; x_wconf 87' lang='lat' dir='ltr'><strong>pars</strong></span> <span class='ocrx_word' id='word_1_29' title='bbox 1430 591 1642 647; x_wconf 89' lang='lat' dir='ltr'><strong>videtur</strong></span> <span class='ocrx_word' id='word_1_30' title='bbox 1683 605 1824 655; x_wconf 86' lang='lat' dir='ltr'><strong>esse,</strong></span> <span class='ocrx_word' id='word_1_31' title='bbox 1865 593 2014 663; x_wconf 89' lang='lat' dir='ltr'><strong>quod</strong></span> 
     </span>
    </p>
   </div>
   <div class='ocr_carea' id='block_1_7' title="bbox 441 683 2014 752">
    <p class='ocr_par' dir='ltr' id='par_1_7' title="bbox 441 683 2014 752">
     <span class='ocr_line' id='line_1_7' title="bbox 441 683 2014 752; baseline 0.002 -16"><span class='ocrx_word' id='word_1_32' title='bbox 441 685 630 752; x_wconf 85' lang='lat' dir='ltr'><strong>utique</strong></span> <span class='ocrx_word' id='word_1_33' title='bbox 668 698 791 738; x_wconf 90' lang='lat' dir='ltr'><strong>cum</strong></span> <span class='ocrx_word' id='word_1_34' title='bbox 823 698 888 737; x_wconf 80' lang='lat' dir='ltr'><strong>ex</strong></span> <span class='ocrx_word' id='word_1_35' title='bbox 923 683 1194 738; x_wconf 86' lang='lat' dir='ltr'><strong>similibus</strong></span> <span class='ocrx_word' id='word_1_36' title='bbox 1232 683 1489 752; x_wconf 87' lang='lat' dir='ltr'><strong>utrinque</strong></span> <span class='ocrx_word' id='word_1_37' title='bbox 1529 683 1744 747; x_wconf 81' lang='lat' dir='ltr'><strong>verbis,</strong></span> <span class='ocrx_word' id='word_1_38' title='bbox 1790 695 1906 737; x_wconf 90' lang='lat' dir='ltr'><strong>tum</strong></span> <span class='ocrx_word' id='word_1_39' title='bbox 1945 700 2014 739; x_wconf 79' lang='lat' dir='ltr'><strong>ex</strong></span> 
     </span>
    </p>
   </div>
   <div class='ocr_carea' id='block_1_8' title="bbox 439 773 2014 842">
    <p class='ocr_par' dir='ltr' id='par_1_8' title="bbox 439 773 2014 842">
     <span class='ocr_line' id='line_1_8' title="bbox 439 773 2014 842; baseline 0.001 -16"><span class='ocrx_word' id='word_1_40' title='bbox 439 773 582 828; x_wconf 79' lang='lat' dir='ltr'><strong>amni</strong></span> <span class='ocrx_word' id='word_1_41' title='bbox 607 776 879 829; x_wconf 79' lang='lat' dir='ltr'><strong>sententia</strong></span> <span class='ocrx_word' id='word_1_42' title='bbox 901 783 1402 842; x_wconf 89' lang='lat' dir='ltr'><strong>commonstratur;</strong></span> <span class='ocrx_word' id='word_1_43' title='bbox 1436 775 1558 829; x_wconf 91' lang='lat' dir='ltr'><strong>dico</strong></span> <span class='ocrx_word' id='word_1_44' title='bbox 1577 790 1710 830; x_wconf 84' lang='lat' dir='ltr'><strong>sane</strong></span> <span class='ocrx_word' id='word_1_45' title='bbox 1741 775 1906 829; x_wconf 87' lang='lat' dir='ltr'><strong>etiam</strong></span> <span class='ocrx_word' id='word_1_46' title='bbox 1930 777 2014 829; x_wconf 91' lang='lat' dir='ltr'><strong>in-</strong></span> 
     </span>
    </p>
   </div>
   <div class='ocr_carea' id='block_1_9' title="bbox 439 870 2014 942">
    <p class='ocr_par' dir='ltr' id='par_1_9' title="bbox 439 870 2014 942">
     <span class='ocr_line' id='line_1_9' title="bbox 439 870 2014 942; baseline 0.003 -20"><span class='ocrx_word' id='word_1_47' title='bbox 439 870 852 940; x_wconf 64' lang='lat' dir='ltr'><strong>prtesentiarum</strong></span> <span class='ocrx_word' id='word_1_48' title='bbox 891 873 1119 927; x_wconf 89' lang='lat' dir='ltr'><strong>chorum</strong></span> <span class='ocrx_word' id='word_1_49' title='bbox 1167 872 1549 942; x_wconf 87' lang='lat' dir='ltr'><strong>propheticum</strong></span> <span class='ocrx_word' id='word_1_50' title='bbox 1595 874 1711 926; x_wconf 65' lang='lat' dir='ltr'><strong>haec</strong></span> <span class='ocrx_word' id='word_1_51' title='bbox 1754 885 2014 926; x_wconf 82' lang='lat' dir='ltr'><strong>enarrare</strong></span> 
     </span>
    </p>
   </div>
   <div class='ocr_carea' id='block_1_10' title="bbox 438 958 2013 1031">
    <p class='ocr_par' dir='ltr' id='par_1_10' title="bbox 438 958 2013 1031">
     <span class='ocr_line' id='line_1_10' title="bbox 438 958 2013 1031; baseline -0.002 -17"><span class='ocrx_word' id='word_1_52' title='bbox 438 963 584 1014; x_wconf 84' lang='lat' dir='ltr'><strong>circa</strong></span> <span class='ocrx_word' id='word_1_53' title='bbox 618 962 900 1031; x_wconf 85' lang='lat' dir='ltr'><strong>populum,</strong></span> <span class='ocrx_word' id='word_1_54' title='bbox 935 969 1124 1031; x_wconf 90' lang='lat' dir='ltr'><strong>utpote</strong></span> <span class='ocrx_word' id='word_1_55' title='bbox 1164 960 1444 1030; x_wconf 76' lang='lat' dir='ltr'><strong>abiectum</strong></span> <span class='ocrx_word' id='word_1_56' title='bbox 1480 958 1854 1029; x_wconf 86' lang='lat' dir='ltr'><strong>traditumque</strong></span> <span class='ocrx_word' id='word_1_57' title='bbox 1882 972 2013 1028; x_wconf 86' lang='lat' dir='ltr'><strong>gen-</strong></span> 
     </span>
    </p>
   </div>
   <div class='ocr_carea' id='block_1_11' title="bbox 437 1053 2013 1124">
    <p class='ocr_par' dir='ltr' id='par_1_11' title="bbox 437 1053 2013 1124">
     <span class='ocr_line' id='line_1_11' title="bbox 437 1053 2013 1124; baseline -0.002 -18"><span class='ocrx_word' id='word_1_58' title='bbox 437 1054 586 1108; x_wconf 88' lang='lat' dir='ltr'><strong>tibus</strong></span> <span class='ocrx_word' id='word_1_59' title='bbox 634 1053 1058 1124; x_wconf 87' lang='lat' dir='ltr'><strong>hominibusquc</strong></span> <span class='ocrx_word' id='word_1_60' title='bbox 1100 1053 1401 1122; x_wconf 85' lang='lat' dir='ltr'><strong>improbis,</strong></span> <span class='ocrx_word' id='word_1_61' title='bbox 1447 1060 1728 1122; x_wconf 83' lang='lat' dir='ltr'><strong>rogantem</strong></span> <span class='ocrx_word' id='word_1_62' title='bbox 1767 1066 1831 1106; x_wconf 88' lang='lat' dir='ltr'><strong>ac</strong></span> <span class='ocrx_word' id='word_1_63' title='bbox 1888 1065 2013 1104; x_wconf 90' lang='lat' dir='ltr'><strong>cum</strong></span> 
     </span>
    </p>
   </div>
   <div class='ocr_carea' id='block_1_12' title="bbox 438 1141 2015 1213">
    <p class='ocr_par' dir='ltr' id='par_1_12' title="bbox 438 1141 2015 1213">
     <span class='ocr_line' id='line_1_12' title="bbox 438 1141 2015 1213; baseline 0.001 -19"><span class='ocrx_word' id='word_1_64' title='bbox 438 1143 692 1212; x_wconf 89' lang='lat' dir='ltr'><strong>precibus</strong></span> <span class='ocrx_word' id='word_1_65' title='bbox 733 1145 1098 1213; x_wconf 83' lang='lat' dir='ltr'><strong>postulantem</strong></span> <span class='ocrx_word' id='word_1_66' title='bbox 1154 1151 1212 1197; x_wconf 92' lang='lat' dir='ltr'><strong>ut</strong></span> <span class='ocrx_word' id='word_1_67' title='bbox 1257 1144 1394 1197; x_wconf 90' lang='lat' dir='ltr'><strong>ultio</strong></span> <span class='ocrx_word' id='word_1_68' title='bbox 1435 1151 1704 1206; x_wconf 85' lang='lat' dir='ltr'><strong>sumatur,</strong></span> <span class='ocrx_word' id='word_1_69' title='bbox 1732 1149 1786 1196; x_wconf 90' lang='lat' dir='ltr'><strong>et</strong></span> <span class='ocrx_word' id='word_1_70' title='bbox 1821 1141 1940 1211; x_wconf 89' lang='lat' dir='ltr'><strong>ipse</strong></span> <span class='ocrx_word' id='word_1_71' title='bbox 1983 1155 2015 1195; x_wconf 89' lang='lat' dir='ltr'><strong>e</strong></span> 
     </span>
    </p>
   </div>
   <div class='ocr_carea' id='block_1_13' title="bbox 437 1231 2014 1298">
    <p class='ocr_par' dir='ltr' id='par_1_13' title="bbox 437 1231 2014 1298">
     <span class='ocr_line' id='line_1_13' title="bbox 437 1231 2014 1298; baseline -0.001 -13"><span class='ocrx_word' id='word_1_72' title='bbox 437 1233 691 1288; x_wconf 87' lang='lat' dir='ltr'><strong>manibus</strong></span> <span class='ocrx_word' id='word_1_73' title='bbox 731 1235 1077 1287; x_wconf 88' lang='lat' dir='ltr'><strong>inimicorum</strong></span> <span class='ocrx_word' id='word_1_74' title='bbox 1124 1239 1369 1286; x_wconf 88' lang='lat' dir='ltr'><strong>eruatur.</strong></span> <span class='ocrx_word' id='word_1_75' title='bbox 1403 1231 1884 1298; x_wconf 87' lang='lat' dir='ltr'><strong>Quemadmodum</strong></span> <span class='ocrx_word' id='word_1_76' title='bbox 1913 1245 2014 1285; x_wconf 89' lang='lat' dir='ltr'><strong>au-</strong></span> 
     </span>
    </p>
   </div>
   <div class='ocr_carea' id='block_1_14' title="bbox 438 1323 2002 1395">
    <p class='ocr_par' dir='ltr' id='par_1_14' title="bbox 438 1323 2002 1395">
     <span class='ocr_line' id='line_1_14' title="bbox 438 1323 2002 1395; baseline -0.001 -17"><span class='ocrx_word' id='word_1_77' title='bbox 438 1332 568 1389; x_wconf 90' lang='lat' dir='ltr'><strong>tem,</strong></span> <span class='ocrx_word' id='word_1_78' title='bbox 604 1325 802 1378; x_wconf 86' lang='lat' dir='ltr'><strong>afllicto</strong></span> <span class='ocrx_word' id='word_1_79' title='bbox 827 1325 1047 1395; x_wconf 87' lang='lat' dir='ltr'><strong>populo,</strong></span> <span class='ocrx_word' id='word_1_80' title='bbox 1079 1324 1216 1394; x_wconf 84' lang='lat' dir='ltr'><strong>justi</strong></span> <span class='ocrx_word' id='word_1_81' title='bbox 1249 1338 1468 1395; x_wconf 90' lang='lat' dir='ltr'><strong>quoque</strong></span> <span class='ocrx_word' id='word_1_82' title='bbox 1496 1323 1598 1376; x_wconf 89' lang='lat' dir='ltr'><strong>viri</strong></span> <span class='ocrx_word' id='word_1_83' title='bbox 1645 1337 1751 1376; x_wconf 89' lang='lat' dir='ltr'><strong>una</strong></span> <span class='ocrx_word' id='word_1_84' title='bbox 1780 1323 2002 1392; x_wconf 89' lang='lat' dir='ltr'><strong>patiun-</strong></span> 
     </span>
    </p>
   </div>
   <div class='ocr_carea' id='block_1_15' title="bbox 437 1416 2006 1493">
    <p class='ocr_par' dir='ltr' id='par_1_15' title="bbox 437 1416 2006 1493">
     <span class='ocr_line' id='line_1_15' title="bbox 437 1416 2006 1493; baseline -0.003 -20"><span class='ocrx_word' id='word_1_85' title='bbox 437 1429 526 1473; x_wconf 90' lang='lat' dir='ltr'><strong>tur</strong></span> <span class='ocrx_word' id='word_1_86' title='bbox 553 1435 615 1474; x_wconf 91' lang='lat' dir='ltr'><strong>ac</strong></span> <span class='ocrx_word' id='word_1_87' title='bbox 646 1420 834 1476; x_wconf 91' lang='lat' dir='ltr'><strong>dolore</strong></span> <span class='ocrx_word' id='word_1_88' title='bbox 881 1421 951 1474; x_wconf 88' lang='lat' dir='ltr'><strong>ob</strong></span> <span class='ocrx_word' id='word_1_89' title='bbox 979 1435 1321 1474; x_wconf 91' lang='lat' dir='ltr'><strong>communem</strong></span> <span class='ocrx_word' id='word_1_90' title='bbox 1356 1419 1728 1474; x_wconf 89' lang='lat' dir='ltr'><strong>calamitatem</strong></span> <span class='ocrx_word' id='word_1_91' title='bbox 1763 1416 2006 1493; x_wconf 77' lang='lat' dir='ltr'><strong>afﬁciun-</strong></span> 
     </span>
    </p>
   </div>
   <div class='ocr_carea' id='block_1_16' title="bbox 435 1509 2014 1582">
    <p class='ocr_par' dir='ltr' id='par_1_16' title="bbox 435 1509 2014 1582">
     <span class='ocr_line' id='line_1_16' title="bbox 435 1509 2014 1582; baseline 0 -20"><span class='ocrx_word' id='word_1_92' title='bbox 435 1519 554 1577; x_wconf 91' lang='lat' dir='ltr'><strong>tur;</strong></span> <span class='ocrx_word' id='word_1_93' title='bbox 587 1511 660 1565; x_wconf 90' lang='lat' dir='ltr'><strong>ita</strong></span> <span class='ocrx_word' id='word_1_94' title='bbox 699 1512 1078 1582; x_wconf 82' lang='lat' dir='ltr'><strong>religiosorum</strong></span> <span class='ocrx_word' id='word_1_95' title='bbox 1134 1511 1416 1566; x_wconf 88' lang='lat' dir='ltr'><strong>hominum</strong></span> <span class='ocrx_word' id='word_1_96' title='bbox 1469 1510 1716 1580; x_wconf 85' lang='lat' dir='ltr'><strong>probitas</strong></span> <span class='ocrx_word' id='word_1_97' title='bbox 1759 1509 2014 1562; x_wconf 90' lang='lat' dir='ltr'><strong>multitu-</strong></span> 
     </span>
    </p>
   </div>
   <div class='ocr_carea' id='block_1_17' title="bbox 435 1585 2015 1673">
    <p class='ocr_par' dir='ltr' id='par_1_17' title="bbox 435 1585 2015 1673">
     <span class='ocr_line' id='line_1_17' title="bbox 435 1585 2015 1673; baseline 0 -18"><span class='ocrx_word' id='word_1_98' title='bbox 435 1603 549 1656; x_wconf 89' lang='lat' dir='ltr'><strong>dini</strong></span> <span class='ocrx_word' id='word_1_99' title='bbox 579 1585 807 1673; x_wconf 36' lang='lat' dir='ltr'><strong>quoque.</strong></span> <span class='ocrx_word' id='word_1_100' title='bbox 822 1613 968 1659; x_wconf 88' lang='lat' dir='ltr'><strong>recte</strong></span> <span class='ocrx_word' id='word_1_101' title='bbox 999 1604 1266 1658; x_wconf 79' lang='lat' dir='ltr'><strong>factorum</strong></span> <span class='ocrx_word' id='word_1_102' title='bbox 1289 1603 1725 1658; x_wconf 70' lang='lat' dir='ltr'><strong>communionem</strong></span> <span class='ocrx_word' id='word_1_103' title='bbox 1749 1602 2015 1656; x_wconf 88' lang='lat' dir='ltr'><strong>fructum-</strong></span> 
     </span>
    </p>
   </div>
   <div class='ocr_carea' id='block_1_18' title="bbox 435 1693 2009 1763">
    <p class='ocr_par' dir='ltr' id='par_1_18' title="bbox 435 1693 2009 1763">
     <span class='ocr_line' id='line_1_18' title="bbox 435 1693 2009 1763; baseline 0.001 -16"><span class='ocrx_word' id='word_1_104' title='bbox 435 1709 541 1762; x_wconf 88' lang='lat' dir='ltr'><strong>que</strong></span> <span class='ocrx_word' id='word_1_105' title='bbox 585 1695 747 1763; x_wconf 88' lang='lat' dir='ltr'><strong>parit.</strong></span> <span class='ocrx_word' id='word_1_106' title='bbox 789 1694 1151 1761; x_wconf 87' lang='lat' dir='ltr'><strong>Quamobrem</strong></span> <span class='ocrx_word' id='word_1_107' title='bbox 1197 1695 1274 1748; x_wconf 93' lang='lat' dir='ltr'><strong>illi</strong></span> <span class='ocrx_word' id='word_1_108' title='bbox 1330 1709 1602 1749; x_wconf 72' lang='lat' dir='ltr'><strong>azrumnas</strong></span> <span class='ocrx_word' id='word_1_109' title='bbox 1644 1693 1826 1763; x_wconf 81' lang='lat' dir='ltr'><strong>populi</strong></span> <span class='ocrx_word' id='word_1_110' title='bbox 1863 1693 1916 1746; x_wconf 91' lang='lat' dir='ltr'><strong>in</strong></span> <span class='ocrx_word' id='word_1_111' title='bbox 1948 1709 2009 1748; x_wconf 87' lang='lat' dir='ltr'><strong>se</strong></span> 
     </span>
    </p>
   </div>
   <div class='ocr_carea' id='block_1_19' title="bbox 435 1785 2008 1859">
    <p class='ocr_par' dir='ltr' id='par_1_19' title="bbox 435 1785 2008 1859">
     <span class='ocr_line' id='line_1_19' title="bbox 435 1785 2008 1859; baseline -0.001 -20"><span class='ocrx_word' id='word_1_112' title='bbox 435 1787 780 1856; x_wconf 84' lang='lat' dir='ltr'><strong>recipientes,</strong></span> <span class='ocrx_word' id='word_1_113' title='bbox 841 1804 1031 1859; x_wconf 87' lang='lat' dir='ltr'><strong>preces</strong></span> <span class='ocrx_word' id='word_1_114' title='bbox 1097 1805 1198 1858; x_wconf 87' lang='lat' dir='ltr'><strong>pro</strong></span> <span class='ocrx_word' id='word_1_115' title='bbox 1251 1786 1606 1841; x_wconf 87' lang='lat' dir='ltr'><strong>multitudine</strong></span> <span class='ocrx_word' id='word_1_116' title='bbox 1668 1785 2008 1848; x_wconf 83' lang='lat' dir='ltr'><strong>fundebant,</strong></span> 
     </span>
    </p>
   </div>
   <div class='ocr_carea' id='block_1_20' title="bbox 2119 587 3699 670">
    <p class='ocr_par' dir='ltr' id='par_1_20' title="bbox 2119 587 3699 670">
     <span class='ocr_line' id='line_1_20' title="bbox 2119 587 3699 670; baseline 0.005 -24"><span class='ocrx_word' id='word_1_117' title='bbox 2119 593 2212 646; x_wconf 79' lang='grc' dir='ltr'><strong>καὶ</strong></span> <span class='ocrx_word' id='word_1_118' title='bbox 2241 592 2322 643; x_wconf 78' lang='grc' dir='ltr'><strong>ὅτι</strong></span> <span class='ocrx_word' id='word_1_119' title='bbox 2356 592 2518 662; x_wconf 81' lang='grc' dir='ltr'>μέρος</span> <span class='ocrx_word' id='word_1_120' title='bbox 2549 590 2722 643; x_wconf 86' lang='grc' dir='ltr'>ἔοικεν</span> <span class='ocrx_word' id='word_1_121' title='bbox 2757 587 2894 643; x_wconf 79' lang='grc' dir='ltr'>εἶναι</span> <span class='ocrx_word' id='word_1_122' title='bbox 2934 593 3028 644; x_wconf 81' lang='grc' dir='ltr'><strong>τοῦ</strong></span> <span class='ocrx_word' id='word_1_123' title='bbox 3057 595 3162 664; x_wconf 87' lang='grc' dir='ltr'><strong>πρὸ</strong></span> <span class='ocrx_word' id='word_1_124' title='bbox 3190 596 3375 660; x_wconf 82' lang='grc' dir='ltr'>αὐτοῦ,</span> <span class='ocrx_word' id='word_1_125' title='bbox 3405 597 3699 670; x_wconf 79' lang='grc' dir='ltr'>δεδήλωται</span> 
     </span>
    </p>
   </div>
   <div class='ocr_carea' id='block_1_21' title="bbox 2116 683 3700 764">
    <p class='ocr_par' dir='ltr' id='par_1_21' title="bbox 2116 683 3700 764">
     <span class='ocr_line' id='line_1_21' title="bbox 2116 683 3700 764; baseline 0.004 -28"><span class='ocrx_word' id='word_1_126' title='bbox 2116 683 2180 736; x_wconf 85' lang='grc' dir='ltr'><strong>ἔκ</strong></span> <span class='ocrx_word' id='word_1_127' title='bbox 2207 700 2264 736; x_wconf 87' lang='grc' dir='ltr'><strong>τε</strong></span> <span class='ocrx_word' id='word_1_128' title='bbox 2307 683 2413 736; x_wconf 88' lang='grc' dir='ltr'><strong>τῶν</strong></span> <span class='ocrx_word' id='word_1_129' title='bbox 2442 683 2642 753; x_wconf 84' lang='grc' dir='ltr'>ὁμοίων</span> <span class='ocrx_word' id='word_1_130' title='bbox 2684 686 2742 735; x_wconf 90' lang='grc' dir='ltr'><strong>ἐν</strong></span> <span class='ocrx_word' id='word_1_131' title='bbox 2773 684 3102 755; x_wconf 80' lang='grc' dir='ltr'><strong>ἀμφοτέροις</strong></span> <span class='ocrx_word' id='word_1_132' title='bbox 3145 685 3318 754; x_wconf 83' lang='grc' dir='ltr'>λόγων</span> <span class='ocrx_word' id='word_1_133' title='bbox 3365 690 3457 741; x_wconf 73' lang='grc' dir='ltr'>καὶ</span> <span class='ocrx_word' id='word_1_134' title='bbox 3502 693 3566 742; x_wconf 90' lang='grc' dir='ltr'><strong>ἐκ</strong></span> <span class='ocrx_word' id='word_1_135' title='bbox 3601 694 3700 764; x_wconf 84' lang='grc' dir='ltr'>τῆς</span> 
     </span>
    </p>
   </div>
   <div class='ocr_carea' id='block_1_22' title="bbox 2115 775 3698 853">
    <p class='ocr_par' dir='ltr' id='par_1_22' title="bbox 2115 775 3698 853">
     <span class='ocr_line' id='line_1_22' title="bbox 2115 775 3698 853; baseline 0.005 -25"><span class='ocrx_word' id='word_1_136' title='bbox 2115 775 2386 847; x_wconf 74' lang='grc' dir='ltr'><strong>ἐμφεροῦς</strong></span> <span class='ocrx_word' id='word_1_137' title='bbox 2413 775 2670 838; x_wconf 83' lang='grc' dir='ltr'><strong>διανοίας.</strong></span> <span class='ocrx_word' id='word_1_138' title='bbox 2689 775 2835 846; x_wconf 58' lang='grc' dir='ltr'><strong>Φημὶ⁵</strong></span> <span class='ocrx_word' id='word_1_139' title='bbox 2861 777 3038 830; x_wconf 80' lang='grc' dir='ltr'>τοίνυν</span> <span class='ocrx_word' id='word_1_140' title='bbox 3063 778 3156 830; x_wconf 77' lang='grc' dir='ltr'><strong>καὶ</strong></span> <span class='ocrx_word' id='word_1_141' title='bbox 3189 779 3280 830; x_wconf 75' lang='grc' dir='ltr'><strong>ἐπὶ</strong></span> <span class='ocrx_word' id='word_1_142' title='bbox 3308 779 3403 832; x_wconf 80' lang='grc' dir='ltr'>τοῦ</span> <span class='ocrx_word' id='word_1_143' title='bbox 3429 782 3698 853; x_wconf 87' lang='grc' dir='ltr'>παρόντος</span> 
     </span>
    </p>
   </div>
   <div class='ocr_carea' id='block_1_23' title="bbox 2115 870 3696 944">
    <p class='ocr_par' dir='ltr' id='par_1_23' title="bbox 2115 870 3696 944">
     <span class='ocr_line' id='line_1_23' title="bbox 2115 870 3696 944; baseline 0.004 -22"><span class='ocrx_word' id='word_1_144' title='bbox 2115 871 2204 923; x_wconf 75' lang='grc' dir='ltr'><strong>τὸν</strong></span> <span class='ocrx_word' id='word_1_145' title='bbox 2245 871 2405 942; x_wconf 87' lang='grc' dir='ltr'>χορὸν</span> <span class='ocrx_word' id='word_1_146' title='bbox 2451 870 2540 922; x_wconf 87' lang='grc' dir='ltr'><strong>τὸν</strong></span> <span class='ocrx_word' id='word_1_147' title='bbox 2587 871 2925 942; x_wconf 77' lang='grc' dir='ltr'>προφητικὸν</span> <span class='ocrx_word' id='word_1_148' title='bbox 2958 871 3026 924; x_wconf 82' lang='grc' dir='ltr'>τὰ</span> <span class='ocrx_word' id='word_1_149' title='bbox 3070 873 3407 944; x_wconf 79' lang='grc' dir='ltr'>προκείμενα</span> <span class='ocrx_word' id='word_1_150' title='bbox 3439 874 3696 939; x_wconf 79' lang='grc' dir='ltr'>διεξιέναι</span> 
     </span>
    </p>
   </div>
   <div class='ocr_carea' id='block_1_24' title="bbox 2117 960 3697 1037">
    <p class='ocr_par' dir='ltr' id='par_1_24' title="bbox 2117 960 3697 1037">
     <span class='ocr_line' id='line_1_24' title="bbox 2117 960 3697 1037; baseline 0.005 -24"><span class='ocrx_word' id='word_1_151' title='bbox 2117 961 2256 1033; x_wconf 83' lang='grc' dir='ltr'>ὑπὲρ</span> <span class='ocrx_word' id='word_1_152' title='bbox 2293 960 2385 1014; x_wconf 82' lang='grc' dir='ltr'>τοῦ</span> <span class='ocrx_word' id='word_1_153' title='bbox 2431 961 2560 1016; x_wconf 81' lang='grc' dir='ltr'>λαοῦ</span> <span class='ocrx_word' id='word_1_154' title='bbox 2587 1001 2601 1024; x_wconf 91' lang='grc'><strong>,</strong></span> <span class='ocrx_word' id='word_1_155' title='bbox 2635 962 2712 1026; x_wconf 89' lang='grc' dir='ltr'>ὼς</span> <span class='ocrx_word' id='word_1_156' title='bbox 2772 963 3095 1032; x_wconf 87' lang='grc' dir='ltr'>ἀπωσμένου</span> <span class='ocrx_word' id='word_1_157' title='bbox 3155 965 3248 1018; x_wconf 74' lang='grc' dir='ltr'><strong>καὶ</strong></span> <span class='ocrx_word' id='word_1_158' title='bbox 3302 966 3697 1037; x_wconf 82' lang='grc' dir='ltr'>παραδοθέντος</span> 
     </span>
    </p>
   </div>
   <div class='ocr_carea' id='block_1_25' title="bbox 2116 1051 3696 1126">
    <p class='ocr_par' dir='ltr' id='par_1_25' title="bbox 2116 1051 3696 1126">
     <span class='ocr_line' id='line_1_25' title="bbox 2116 1051 3696 1126; baseline 0.005 -22"><span class='ocrx_word' id='word_1_159' title='bbox 2116 1051 2290 1104; x_wconf 85' lang='grc' dir='ltr'>ἔθνεσι</span> <span class='ocrx_word' id='word_1_160' title='bbox 2344 1051 2438 1105; x_wconf 75' lang='grc' dir='ltr'><strong>καὶ</strong></span> <span class='ocrx_word' id='word_1_161' title='bbox 2491 1051 2799 1123; x_wconf 85' lang='grc' dir='ltr'>ἀνθρώποις</span> <span class='ocrx_word' id='word_1_162' title='bbox 2853 1056 3144 1124; x_wconf 83' lang='grc' dir='ltr'>πονηροῖς,</span> <span class='ocrx_word' id='word_1_163' title='bbox 3188 1055 3443 1126; x_wconf 80' lang='grc' dir='ltr'>δεομένου</span> <span class='ocrx_word' id='word_1_164' title='bbox 3487 1057 3545 1110; x_wconf 79' lang='grc' dir='ltr'>δὲ</span> <span class='ocrx_word' id='word_1_165' title='bbox 3601 1059 3696 1112; x_wconf 79' lang='grc' dir='ltr'>καὶ</span> 
     </span>
    </p>
   </div>
   <div class='ocr_carea' id='block_1_26' title="bbox 2115 1141 3695 1217">
    <p class='ocr_par' dir='ltr' id='par_1_26' title="bbox 2115 1141 3695 1217">
     <span class='ocr_line' id='line_1_26' title="bbox 2115 1141 3695 1217; baseline 0.006 -24"><span class='ocrx_word' id='word_1_166' title='bbox 2115 1141 2516 1204; x_wconf 74' lang='grc' dir='ltr'>ἀντιϐολοῦντος</span> <span class='ocrx_word' id='word_1_167' title='bbox 2562 1142 2804 1205; x_wconf 77' lang='grc' dir='ltr'>ἐκδικίας</span> <span class='ocrx_word' id='word_1_168' title='bbox 2853 1147 3072 1212; x_wconf 86' lang='grc' dir='ltr'>τυχεῖν,</span> <span class='ocrx_word' id='word_1_169' title='bbox 3137 1145 3232 1196; x_wconf 72' lang='grc' dir='ltr'>καὶ</span> <span class='ocrx_word' id='word_1_170' title='bbox 3282 1145 3542 1217; x_wconf 80' lang='grc' dir='ltr'>ρυσθῆναι</span> <span class='ocrx_word' id='word_1_171' title='bbox 3588 1147 3695 1202; x_wconf 88' lang='grc' dir='ltr'><strong>τῶν</strong></span> 
     </span>
    </p>
   </div>
   <div class='ocr_carea' id='block_1_27' title="bbox 2115 1233 3702 1309">
    <p class='ocr_par' dir='ltr' id='par_1_27' title="bbox 2115 1233 3702 1309">
     <span class='ocr_line' id='line_1_27' title="bbox 2115 1233 3702 1309; baseline 0.007 -24"><span class='ocrx_word' id='word_1_172' title='bbox 2115 1233 2312 1305; x_wconf 90' lang='grc' dir='ltr'>χειρῶν</span> <span class='ocrx_word' id='word_1_173' title='bbox 2347 1235 2455 1286; x_wconf 89' lang='grc' dir='ltr'><strong>τῶν</strong></span> <span class='ocrx_word' id='word_1_174' title='bbox 2506 1234 2798 1304; x_wconf 87' lang='grc' dir='ltr'>πολεμίων.</span> <span class='ocrx_word' id='word_1_175' title='bbox 2831 1236 3042 1307; x_wconf 84' lang='grc' dir='ltr'>’Ὠσπερ</span> <span class='ocrx_word' id='word_1_176' title='bbox 3069 1236 3127 1289; x_wconf 82' lang='grc' dir='ltr'>δὲ</span> <span class='ocrx_word' id='word_1_177' title='bbox 3172 1237 3260 1290; x_wconf 79' lang='grc' dir='ltr'>διὰ</span> <span class='ocrx_word' id='word_1_178' title='bbox 3306 1238 3404 1309; x_wconf 78' lang='grc' dir='ltr'><strong>τήν</strong></span> <span class='ocrx_word' id='word_1_179' title='bbox 3429 1240 3522 1293; x_wconf 80' lang='grc' dir='ltr'>τοῦ</span> <span class='ocrx_word' id='word_1_180' title='bbox 3564 1241 3702 1302; x_wconf 53' lang='lat' dir='ltr'><strong>iam},</strong></span> 
     </span>
    </p>
   </div>
   <div class='ocr_carea' id='block_1_28' title="bbox 2114 1325 3696 1408">
    <p class='ocr_par' dir='ltr' id='par_1_28' title="bbox 2114 1325 3696 1408">
     <span class='ocr_line' id='line_1_28' title="bbox 2114 1325 3696 1408; baseline 0.005 -30"><span class='ocrx_word' id='word_1_181' title='bbox 2114 1325 2358 1408; x_wconf 73' lang='grc' dir='ltr'>κάκωσιν</span> <span class='ocrx_word' id='word_1_182' title='bbox 2389 1325 2668 1378; x_wconf 89' lang='grc' dir='ltr'>συνέϐαινε</span> <span class='ocrx_word' id='word_1_183' title='bbox 2713 1326 2823 1389; x_wconf 78' lang='grc' dir='ltr'>τοῖς</span> <span class='ocrx_word' id='word_1_184' title='bbox 2866 1326 3323 1396; x_wconf 79' lang='grc' dir='ltr'>δικαιοπραγοῦσι</span> <span class='ocrx_word' id='word_1_185' title='bbox 3350 1331 3696 1402; x_wconf 81' lang='grc' dir='ltr'>συμπάσχειν</span> 
     </span>
    </p>
   </div>
   <div class='ocr_carea' id='block_1_29' title="bbox 2114 1416 3703 1494">
    <p class='ocr_par' dir='ltr' id='par_1_29' title="bbox 2114 1416 3703 1494">
     <span class='ocr_line' id='line_1_29' title="bbox 2114 1416 3703 1494; baseline 0.002 -24"><span class='ocrx_word' id='word_1_186' title='bbox 2114 1417 2209 1470; x_wconf 74' lang='grc' dir='ltr'><strong>καὶ</strong></span> <span class='ocrx_word' id='word_1_187' title='bbox 2237 1416 2542 1485; x_wconf 84' lang='grc' dir='ltr'>συναλγεῖν,</span> <span class='ocrx_word' id='word_1_188' title='bbox 2568 1417 2663 1470; x_wconf 78' lang='grc' dir='ltr'>καὶ</span> <span class='ocrx_word' id='word_1_189' title='bbox 2701 1417 3156 1483; x_wconf 80' lang='grc' dir='ltr'>συνδιατίθεσθαι,</span> <span class='ocrx_word' id='word_1_190' title='bbox 3193 1421 3282 1473; x_wconf 73' lang='grc' dir='ltr'>τὸν</span> <span class='ocrx_word' id='word_1_191' title='bbox 3316 1423 3477 1474; x_wconf 77' lang='grc' dir='ltr'>αὑτὸν</span> <span class='ocrx_word' id='word_1_192' title='bbox 3498 1424 3703 1494; x_wconf 81' lang='grc' dir='ltr'>τρόπον,</span> 
     </span>
    </p>
   </div>
   <div class='ocr_carea' id='block_1_30' title="bbox 2114 1507 3698 1583">
    <p class='ocr_par' dir='ltr' id='par_1_30' title="bbox 2114 1507 3698 1583">
     <span class='ocr_line' id='line_1_30' title="bbox 2114 1507 3698 1583; baseline 0.005 -23"><span class='ocrx_word' id='word_1_193' title='bbox 2114 1508 2208 1560; x_wconf 76' lang='grc' dir='ltr'><strong>καὶ</strong></span> <span class='ocrx_word' id='word_1_194' title='bbox 2242 1511 2274 1577; x_wconf 83' lang='grc' dir='ltr'>ἡ</span> <span class='ocrx_word' id='word_1_195' title='bbox 2311 1507 2418 1560; x_wconf 87' lang='grc' dir='ltr'><strong>τῶν</strong></span> <span class='ocrx_word' id='word_1_196' title='bbox 2443 1507 2702 1577; x_wconf 83' lang='grc' dir='ltr'>θεοφιλῶν</span> <span class='ocrx_word' id='word_1_197' title='bbox 2741 1508 2950 1579; x_wconf 85' lang='grc' dir='ltr'>ἀνδρῶν</span> <span class='ocrx_word' id='word_1_198' title='bbox 2993 1509 3380 1583; x_wconf 85' lang='grc' dir='ltr'>δικαιοπραγία</span> <span class='ocrx_word' id='word_1_199' title='bbox 3413 1517 3698 1570; x_wconf 77' lang='grc' dir='ltr'>κοινωνίαν</span> 
     </span>
    </p>
   </div>
   <div class='ocr_carea' id='block_1_31' title="bbox 2115 1600 3694 1680">
    <p class='ocr_par' dir='ltr' id='par_1_31' title="bbox 2115 1600 3694 1680">
     <span class='ocr_line' id='line_1_31' title="bbox 2115 1600 3694 1680; baseline 0.004 -25"><span class='ocrx_word' id='word_1_200' title='bbox 2115 1602 2208 1655; x_wconf 60' lang='grc' dir='ltr'><strong>καὶ⁸</strong></span> <span class='ocrx_word' id='word_1_201' title='bbox 2243 1601 2525 1672; x_wconf 76' lang='grc' dir='ltr'>μετάδοσιν</span> <span class='ocrx_word' id='word_1_202' title='bbox 2553 1600 2775 1670; x_wconf 80' lang='grc' dir='ltr'>ἀγαθῶν</span> <span class='ocrx_word' id='word_1_203' title='bbox 2810 1601 3057 1672; x_wconf 85' lang='grc' dir='ltr'>παρέχει.</span> <span class='ocrx_word' id='word_1_204' title='bbox 3091 1603 3182 1656; x_wconf 85' lang='grc' dir='ltr'>Διὸ</span> <span class='ocrx_word' id='word_1_205' title='bbox 3213 1604 3296 1674; x_wconf 81' lang='grc' dir='ltr'>δὴ,</span> <span class='ocrx_word' id='word_1_206' title='bbox 3329 1607 3396 1659; x_wconf 80' lang='grc' dir='ltr'>τὰ</span> <span class='ocrx_word' id='word_1_207' title='bbox 3425 1608 3571 1680; x_wconf 90' lang='grc' dir='ltr'>πάθη</span> <span class='ocrx_word' id='word_1_208' title='bbox 3599 1609 3694 1662; x_wconf 79' lang='grc' dir='ltr'>τοῦ</span> 
     </span>
    </p>
   </div>
   <div class='ocr_carea' id='block_1_32' title="bbox 2114 1692 3693 1770">
    <p class='ocr_par' dir='ltr' id='par_1_32' title="bbox 2114 1692 3693 1770">
     <span class='ocr_line' id='line_1_32' title="bbox 2114 1692 3693 1770; baseline 0.005 -26"><span class='ocrx_word' id='word_1_209' title='bbox 2114 1692 2243 1746; x_wconf 77' lang='grc' dir='ltr'>λαοῦ</span> <span class='ocrx_word' id='word_1_210' title='bbox 2277 1694 2354 1754; x_wconf 89' lang='grc' dir='ltr'><strong>εἱς</strong></span> <span class='ocrx_word' id='word_1_211' title='bbox 2397 1692 2622 1755; x_wconf 79' lang='grc' dir='ltr'>ἑαυτοὺς</span> <span class='ocrx_word' id='word_1_212' title='bbox 2661 1692 3169 1763; x_wconf 85' lang='grc' dir='ltr'>ἀναλαμϐάνοντες,</span> <span class='ocrx_word' id='word_1_213' title='bbox 3208 1695 3374 1766; x_wconf 84' lang='grc' dir='ltr'>εὐχὰς</span> <span class='ocrx_word' id='word_1_214' title='bbox 3419 1699 3561 1770; x_wconf 82' lang='grc' dir='ltr'>ὑπὲρ</span> <span class='ocrx_word' id='word_1_215' title='bbox 3597 1699 3693 1752; x_wconf 75' lang='grc' dir='ltr'>τοῦ</span> 
     </span>
    </p>
   </div>
   <div class='ocr_carea' id='block_1_33' title="bbox 2115 1781 3694 1861">
    <p class='ocr_par' dir='ltr' id='par_1_33' title="bbox 2115 1781 3694 1861">
     <span class='ocr_line' id='line_1_33' title="bbox 2115 1781 3694 1861; baseline 0.005 -27"><span class='ocrx_word' id='word_1_216' title='bbox 2115 1781 2354 1853; x_wconf 81' lang='grc' dir='ltr'>πλήθους</span> <span class='ocrx_word' id='word_1_217' title='bbox 2402 1782 2716 1846; x_wconf 80' lang='grc' dir='ltr'>ἐποιοῦντο,</span> <span class='ocrx_word' id='word_1_218' title='bbox 2771 1785 2954 1854; x_wconf 86' lang='grc' dir='ltr'>κοινήν</span> <span class='ocrx_word' id='word_1_219' title='bbox 3000 1801 3060 1835; x_wconf 87' lang='grc' dir='ltr'><strong>τε</strong></span> <span class='ocrx_word' id='word_1_220' title='bbox 3121 1785 3399 1855; x_wconf 78' lang='grc' dir='ltr'>ἱκετηρίαν</span> <span class='ocrx_word' id='word_1_221' title='bbox 3446 1789 3523 1858; x_wconf 81' lang='grc' dir='ltr'>τῷ</span> <span class='ocrx_word' id='word_1_222' title='bbox 3574 1790 3694 1861; x_wconf 86' lang='grc' dir='ltr'>Θεῷ</span> 
     </span>
    </p>
   </div>
   <div class='ocr_carea' id='block_1_34' title="bbox 436 1869 2008 1952">
    <p class='ocr_par' dir='ltr' id='par_1_34' title="bbox 436 1881 2006 1952">
     <span class='ocr_line' id='line_1_34' title="bbox 436 1881 2006 1952; baseline 0.003 -23"><span class='ocrx_word' id='word_1_223' title='bbox 436 1894 891 1951; x_wconf 81' lang='lat' dir='ltr'><strong>communemque</strong></span> <span class='ocrx_word' id='word_1_224' title='bbox 951 1884 1406 1952; x_wconf 86' lang='lat' dir='ltr'><strong>supplicationem</strong></span> <span class='ocrx_word' id='word_1_225' title='bbox 1495 1882 1605 1936; x_wconf 88' lang='lat' dir='ltr'><strong>Deo</strong></span> <span class='ocrx_word' id='word_1_226' title='bbox 1664 1881 2006 1936; x_wconf 87' lang='lat' dir='ltr'><strong>emittebant.</strong></span> 
     </span>
    </p>
   </div>
   <div class='ocr_carea' id='block_1_35' title="bbox 2112 1869 3692 1952">
    <p class='ocr_par' dir='ltr' id='par_1_35' title="bbox 2112 1869 3692 1947">
     <span class='ocr_line' id='line_1_35' title="bbox 2112 1869 3692 1947; baseline 0.006 -22"><span class='ocrx_word' id='word_1_227' title='bbox 2112 1873 2443 1943; x_wconf 83' lang='grc' dir='ltr'>ἀνέπεμπον.</span> <span class='ocrx_word' id='word_1_228' title='bbox 2463 1873 2702 1936; x_wconf 77' lang='grc' dir='ltr'>Εἰκότως</span> <span class='ocrx_word' id='word_1_229' title='bbox 2736 1869 2829 1926; x_wconf 81' lang='grc' dir='ltr'>οὖν</span> <span class='ocrx_word' id='word_1_230' title='bbox 2867 1873 2942 1938; x_wconf 83' lang='grc' dir='ltr'>ὡς</span> <span class='ocrx_word' id='word_1_231' title='bbox 2968 1873 3025 1940; x_wconf 80' lang='grc' dir='ltr'><strong>ἐξ</strong></span> <span class='ocrx_word' id='word_1_232' title='bbox 3053 1873 3172 1938; x_wconf 77' lang='grc' dir='ltr'>ἐνὸς</span> <span class='ocrx_word' id='word_1_233' title='bbox 3206 1877 3470 1947; x_wconf 87' lang='grc' dir='ltr'>στόματος</span> <span class='ocrx_word' id='word_1_234' title='bbox 3491 1879 3692 1944; x_wconf 86' lang='grc' dir='ltr'>ταύτας</span> 
     </span>
    </p>
   </div>
   <div class='ocr_carea' id='block_1_36' title="bbox 433 1969 1882 2043">
    <p class='ocr_par' dir='ltr' id='par_1_36' title="bbox 433 1969 1882 2043">
     <span class='ocr_line' id='line_1_36' title="bbox 433 1969 1882 2043; baseline 0.001 -19"><span class='ocrx_word' id='word_1_235' title='bbox 433 1969 562 2026; x_wconf 77' lang='lat' dir='ltr'><strong>Jure</strong></span> <span class='ocrx_word' id='word_1_236' title='bbox 584 1973 766 2042; x_wconf 88' lang='lat' dir='ltr'><strong>itaque</strong></span> <span class='ocrx_word' id='word_1_237' title='bbox 792 1988 891 2028; x_wconf 89' lang='lat' dir='ltr'><strong>ceu</strong></span> <span class='ocrx_word' id='word_1_238' title='bbox 923 1989 1034 2027; x_wconf 90' lang='lat' dir='ltr'><strong>uno</strong></span> <span class='ocrx_word' id='word_1_239' title='bbox 1062 1989 1157 2028; x_wconf 91' lang='lat' dir='ltr'><strong>ore</strong></span> <span class='ocrx_word' id='word_1_240' title='bbox 1188 1974 1285 2028; x_wconf 91' lang='lat' dir='ltr'><strong>has</strong></span> <span class='ocrx_word' id='word_1_241' title='bbox 1314 1973 1665 2043; x_wconf 85' lang='lat' dir='ltr'><strong>proferebant</strong></span> <span class='ocrx_word' id='word_1_242' title='bbox 1697 1987 1882 2027; x_wconf 85' lang='lat' dir='ltr'><strong>voces.</strong></span> 
     </span>
    </p>
   </div>
   <div class='ocr_carea' id='block_1_37' title="bbox 507 2082 2007 2149">
    <p class='ocr_par' dir='ltr' id='par_1_37' title="bbox 507 2082 2007 2149">
     <span class='ocr_line' id='line_1_37' title="bbox 507 2082 2007 2149; baseline 0.002 -13"><span class='ocrx_word' id='word_1_243' title='bbox 507 2082 671 2137; x_wconf 66' lang='lat' dir='ltr'><strong>Vens.</strong></span> <span class='ocrx_word' id='word_1_244' title='bbox 723 2084 776 2137; x_wconf 76' lang='grc'><strong>2.</strong></span> <span class='ocrx_word' id='word_1_245' title='bbox 818 2083 1012 2137; x_wconf 83' lang='lat' dir='ltr'><strong>Judica</strong></span> <span class='ocrx_word' id='word_1_246' title='bbox 1047 2101 1145 2149; x_wconf 87' lang='lat' dir='ltr'><strong>me,</strong></span> <span class='ocrx_word' id='word_1_247' title='bbox 1191 2083 1353 2148; x_wconf 84' lang='lat' dir='ltr'><strong>Deus,</strong></span> <span class='ocrx_word' id='word_1_248' title='bbox 1395 2096 1444 2140; x_wconf 87' lang='lat' dir='ltr'><strong>et</strong></span> <span class='ocrx_word' id='word_1_249' title='bbox 1502 2087 1740 2141; x_wconf 82' lang='lat' dir='ltr'><strong>discerne</strong></span> <span class='ocrx_word' id='word_1_250' title='bbox 1790 2103 2007 2140; x_wconf 81' lang='lat' dir='ltr'><strong>causam</strong></span> 
     </span>
    </p>
   </div>
   <div class='ocr_carea' id='block_1_38' title="bbox 433 2171 2008 2246">
    <p class='ocr_par' dir='ltr' id='par_1_38' title="bbox 433 2171 2008 2246">
     <span class='ocr_line' id='line_1_38' title="bbox 433 2171 2008 2246; baseline 0.003 -23"><span class='ocrx_word' id='word_1_251' title='bbox 433 2189 605 2225; x_wconf 83' lang='lat' dir='ltr'><strong>meam</strong></span> <span class='ocrx_word' id='word_1_252' title='bbox 627 2171 691 2226; x_wconf 89' lang='lat' dir='ltr'><strong>de</strong></span> <span class='ocrx_word' id='word_1_253' title='bbox 714 2183 860 2243; x_wconf 84' lang='lat' dir='ltr'><strong>gente</strong></span> <span class='ocrx_word' id='word_1_254' title='bbox 889 2191 992 2226; x_wconf 89' lang='lat' dir='ltr'><strong>non</strong></span> <span class='ocrx_word' id='word_1_255' title='bbox 1022 2185 1231 2235; x_wconf 82' lang='lat' dir='ltr'><strong>sancta,</strong></span> <span class='ocrx_word' id='word_1_256' title='bbox 1271 2174 1334 2227; x_wconf 86' lang='lat' dir='ltr'><strong>ab</strong></span> <span class='ocrx_word' id='word_1_257' title='bbox 1371 2178 1578 2229; x_wconf 84' lang='lat' dir='ltr'><strong>homine</strong></span> <span class='ocrx_word' id='word_1_258' title='bbox 1607 2177 1788 2246; x_wconf 85' lang='lat' dir='ltr'><strong>iniquo</strong></span> <span class='ocrx_word' id='word_1_259' title='bbox 1821 2185 1871 2229; x_wconf 88' lang='lat' dir='ltr'><strong>et</strong></span> <span class='ocrx_word' id='word_1_260' title='bbox 1912 2175 2008 2228; x_wconf 89' lang='lat' dir='ltr'><strong>do-</strong></span> 
     </span>
    </p>
   </div>
   <div class='ocr_carea' id='block_1_39' title="bbox 432 2263 2008 2336">
    <p class='ocr_par' dir='ltr' id='par_1_39' title="bbox 432 2263 2008 2336">
     <span class='ocr_line' id='line_1_39' title="bbox 432 2263 2008 2336; baseline -0.001 -17"><span class='ocrx_word' id='word_1_261' title='bbox 432 2264 545 2319; x_wconf 73' lang='lat' dir='ltr'><strong>loso</strong></span> <span class='ocrx_word' id='word_1_262' title='bbox 579 2279 700 2317; x_wconf 88' lang='lat' dir='ltr'><strong>erue</strong></span> <span class='ocrx_word' id='word_1_263' title='bbox 727 2280 825 2318; x_wconf 87' lang='lat' dir='ltr'><strong>me.</strong></span> <span class='ocrx_word' id='word_1_264' title='bbox 863 2263 1005 2330; x_wconf 84' lang='lat' dir='ltr'><strong>Quia</strong></span> <span class='ocrx_word' id='word_1_265' title='bbox 1045 2273 1100 2316; x_wconf 89' lang='lat' dir='ltr'><strong>tu</strong></span> <span class='ocrx_word' id='word_1_266' title='bbox 1129 2281 1183 2318; x_wconf 84' lang='lat' dir='ltr'><strong>es</strong></span> <span class='ocrx_word' id='word_1_267' title='bbox 1225 2263 1367 2318; x_wconf 86' lang='lat' dir='ltr'><strong>Deus</strong></span> <span class='ocrx_word' id='word_1_268' title='bbox 1393 2265 1649 2333; x_wconf 77' lang='lat' dir='ltr'><strong>fortitudo</strong></span> <span class='ocrx_word' id='word_1_269' title='bbox 1681 2283 1815 2332; x_wconf 88' lang='lat' dir='ltr'><strong>mea,</strong></span> <span class='ocrx_word' id='word_1_270' title='bbox 1846 2281 2008 2336; x_wconf 86' lang='lat' dir='ltr'><strong>quare</strong></span> 
     </span>
    </p>
   </div>
   <div class='ocr_carea' id='block_1_40' title="bbox 431 2357 2008 2429">
    <p class='ocr_par' dir='ltr' id='par_1_40' title="bbox 431 2357 2008 2429">
     <span class='ocr_line' id='line_1_40' title="bbox 431 2357 2008 2429; baseline 0.001 -19"><span class='ocrx_word' id='word_1_271' title='bbox 431 2374 514 2410; x_wconf 88' lang='lat' dir='ltr'><strong>me</strong></span> <span class='ocrx_word' id='word_1_272' title='bbox 554 2357 832 2424; x_wconf 83' lang='lat' dir='ltr'><strong>repulisli?</strong></span> <span class='ocrx_word' id='word_1_273' title='bbox 864 2357 1038 2421; x_wconf 85' lang='lat' dir='ltr'><strong>Quare</strong></span> <span class='ocrx_word' id='word_1_274' title='bbox 1089 2357 1257 2411; x_wconf 78' lang='lat' dir='ltr'><strong>tristis</strong></span> <span class='ocrx_word' id='word_1_275' title='bbox 1303 2357 1484 2410; x_wconf 87' lang='lat' dir='ltr'><strong>incedo</strong></span> <span class='ocrx_word' id='word_1_276' title='bbox 1533 2357 1658 2412; x_wconf 87' lang='lat' dir='ltr'><strong>dum</strong></span> <span class='ocrx_word' id='word_1_277' title='bbox 1694 2359 1876 2429; x_wconf 76' lang='lat' dir='ltr'><strong>aﬂiigit</strong></span> <span class='ocrx_word' id='word_1_278' title='bbox 1928 2375 2008 2412; x_wconf 88' lang='lat' dir='ltr'><strong>me</strong></span> 
     </span>
    </p>
   </div>
   <div class='ocr_carea' id='block_1_41' title="bbox 433 2447 2007 2520">
    <p class='ocr_par' dir='ltr' id='par_1_41' title="bbox 433 2447 2007 2520">
     <span class='ocr_line' id='line_1_41' title="bbox 433 2447 2007 2520; baseline 0.002 -18"><span class='ocrx_word' id='word_1_279' title='bbox 433 2449 722 2504; x_wconf 82' lang='lat' dir='ltr'><strong>inimicus?</strong></span> <span class='ocrx_word' id='word_1_280' title='bbox 749 2447 954 2503; x_wconf 83' lang='lat' dir='ltr'><strong>Dixerit</strong></span> <span class='ocrx_word' id='word_1_281' title='bbox 997 2449 1272 2518; x_wconf 88' lang='lat' dir='ltr'><strong>quispiam</strong></span> <span class='ocrx_word' id='word_1_282' title='bbox 1306 2449 1420 2503; x_wconf 64' lang='lat' dir='ltr'><strong>haec</strong></span> <span class='ocrx_word' id='word_1_283' title='bbox 1453 2450 1699 2520; x_wconf 85' lang='lat' dir='ltr'><strong>proferre</strong></span> <span class='ocrx_word' id='word_1_284' title='bbox 1733 2467 1901 2505; x_wconf 92' lang='lat' dir='ltr'><strong>unum</strong></span> <span class='ocrx_word' id='word_1_285' title='bbox 1928 2451 2007 2505; x_wconf 89' lang='lat' dir='ltr'><strong>al-</strong></span> 
     </span>
    </p>
   </div>
   <div class='ocr_carea' id='block_1_42' title="bbox 434 2541 2008 2612">
    <p class='ocr_par' dir='ltr' id='par_1_42' title="bbox 434 2541 2008 2612">
     <span class='ocr_line' id='line_1_42' title="bbox 434 2541 2008 2612; baseline 0.004 -20"><span class='ocrx_word' id='word_1_286' title='bbox 434 2549 680 2594; x_wconf 83' lang='lat' dir='ltr'><strong>terumve</strong></span> <span class='ocrx_word' id='word_1_287' title='bbox 710 2541 804 2610; x_wconf 89' lang='lat' dir='ltr'><strong>qui</strong></span> <span class='ocrx_word' id='word_1_288' title='bbox 830 2541 884 2594; x_wconf 93' lang='lat' dir='ltr'><strong>in</strong></span> <span class='ocrx_word' id='word_1_289' title='bbox 918 2541 1176 2596; x_wconf 88' lang='lat' dir='ltr'><strong>universo</strong></span> <span class='ocrx_word' id='word_1_290' title='bbox 1209 2543 1412 2612; x_wconf 87' lang='lat' dir='ltr'><strong>populo</strong></span> <span class='ocrx_word' id='word_1_291' title='bbox 1440 2542 1672 2596; x_wconf 86' lang='lat' dir='ltr'><strong>Judaico</strong></span> <span class='ocrx_word' id='word_1_292' title='bbox 1699 2542 1883 2612; x_wconf 89' lang='lat' dir='ltr'><strong>justus</strong></span> <span class='ocrx_word' id='word_1_293' title='bbox 1921 2558 2008 2598; x_wconf 87' lang='lat' dir='ltr'><strong>re-</strong></span> 
     </span>
    </p>
   </div>
   <div class='ocr_carea' id='block_1_43' title="bbox 434 2629 2006 2703">
    <p class='ocr_par' dir='ltr' id='par_1_43' title="bbox 434 2629 2006 2703">
     <span class='ocr_line' id='line_1_43' title="bbox 434 2629 2006 2703; baseline 0.004 -22"><span class='ocrx_word' id='word_1_294' title='bbox 434 2637 623 2697; x_wconf 85' lang='lat' dir='ltr'><strong>pertus</strong></span> <span class='ocrx_word' id='word_1_295' title='bbox 676 2637 777 2683; x_wconf 89' lang='lat' dir='ltr'><strong>est.</strong></span> <span class='ocrx_word' id='word_1_296' title='bbox 836 2629 956 2698; x_wconf 89' lang='lat' dir='ltr'><strong>Ipse</strong></span> <span class='ocrx_word' id='word_1_297' title='bbox 1002 2630 1167 2699; x_wconf 80' lang='lat' dir='ltr'><strong>igitur</strong></span> <span class='ocrx_word' id='word_1_298' title='bbox 1218 2633 1333 2687; x_wconf 86' lang='lat' dir='ltr'><strong>sive</strong></span> <span class='ocrx_word' id='word_1_299' title='bbox 1382 2648 1527 2687; x_wconf 91' lang='lat' dir='ltr'><strong>unus</strong></span> <span class='ocrx_word' id='word_1_300' title='bbox 1577 2634 1692 2687; x_wconf 89' lang='lat' dir='ltr'><strong>sive</strong></span> <span class='ocrx_word' id='word_1_301' title='bbox 1747 2648 2006 2703; x_wconf 85' lang='lat' dir='ltr'><strong>perrarus</strong></span> 
     </span>
    </p>
   </div>
   <div class='ocr_carea' id='block_1_44' title="bbox 435 2720 2005 2794">
    <p class='ocr_par' dir='ltr' id='par_1_44' title="bbox 435 2720 2005 2794">
     <span class='ocr_line' id='line_1_44' title="bbox 435 2720 2005 2794; baseline 0.004 -22"><span class='ocrx_word' id='word_1_302' title='bbox 435 2720 618 2784; x_wconf 82' lang='lat' dir='ltr'><strong>homo,</strong></span> <span class='ocrx_word' id='word_1_303' title='bbox 653 2720 832 2790; x_wconf 88' lang='lat' dir='ltr'><strong>qualis</strong></span> <span class='ocrx_word' id='word_1_304' title='bbox 855 2727 972 2775; x_wconf 88' lang='lat' dir='ltr'><strong>erat</strong></span> <span class='ocrx_word' id='word_1_305' title='bbox 1000 2720 1266 2778; x_wconf 86' lang='lat' dir='ltr'><strong>Jeremias</strong></span> <span class='ocrx_word' id='word_1_306' title='bbox 1311 2732 1404 2778; x_wconf 88' lang='lat' dir='ltr'><strong>aut</strong></span> <span class='ocrx_word' id='word_1_307' title='bbox 1432 2725 1662 2794; x_wconf 90' lang='lat' dir='ltr'><strong>quilibet</strong></span> <span class='ocrx_word' id='word_1_308' title='bbox 1704 2724 1806 2794; x_wconf 90' lang='lat' dir='ltr'><strong>ipsi</strong></span> <span class='ocrx_word' id='word_1_309' title='bbox 1847 2725 2005 2779; x_wconf 84' lang='lat' dir='ltr'><strong>simi-</strong></span> 
     </span>
    </p>
   </div>
   <div class='ocr_carea' id='block_1_45' title="bbox 435 2811 2006 2889">
    <p class='ocr_par' dir='ltr' id='par_1_45' title="bbox 435 2811 2006 2889">
     <span class='ocr_line' id='line_1_45' title="bbox 435 2811 2006 2889; baseline 0.003 -25"><span class='ocrx_word' id='word_1_310' title='bbox 435 2812 522 2878; x_wconf 91' lang='lat' dir='ltr'><strong>lis,</strong></span> <span class='ocrx_word' id='word_1_311' title='bbox 556 2812 629 2866; x_wconf 90' lang='lat' dir='ltr'><strong>ita</strong></span> <span class='ocrx_word' id='word_1_312' title='bbox 658 2811 784 2865; x_wconf 82' lang='lat' dir='ltr'><strong>fleat</strong></span> <span class='ocrx_word' id='word_1_313' title='bbox 837 2820 891 2867; x_wconf 89' lang='lat' dir='ltr'><strong>et</strong></span> <span class='ocrx_word' id='word_1_314' title='bbox 925 2813 1242 2882; x_wconf 91' lang='lat' dir='ltr'><strong>hujusmodi</strong></span> <span class='ocrx_word' id='word_1_315' title='bbox 1275 2831 1436 2871; x_wconf 88' lang='lat' dir='ltr'><strong>voces</strong></span> <span class='ocrx_word' id='word_1_316' title='bbox 1475 2816 1708 2880; x_wconf 89' lang='lat' dir='ltr'><strong>emittat,</strong></span> <span class='ocrx_word' id='word_1_317' title='bbox 1738 2831 1936 2889; x_wconf 87' lang='lat' dir='ltr'><strong>rogans</strong></span> <span class='ocrx_word' id='word_1_318' title='bbox 1975 2829 2006 2869; x_wconf 87' lang='lat' dir='ltr'><strong>a</strong></span> 
     </span>
    </p>
   </div>
   <div class='ocr_carea' id='block_1_46' title="bbox 432 2905 2007 2980">
    <p class='ocr_par' dir='ltr' id='par_1_46' title="bbox 432 2905 2007 2980">
     <span class='ocr_line' id='line_1_46' title="bbox 432 2905 2007 2980; baseline 0.002 -24"><span class='ocrx_word' id='word_1_319' title='bbox 432 2909 593 2972; x_wconf 83' lang='lat' dir='ltr'><strong>gente</strong></span> <span class='ocrx_word' id='word_1_320' title='bbox 623 2919 733 2957; x_wconf 90' lang='lat' dir='ltr'><strong>non</strong></span> <span class='ocrx_word' id='word_1_321' title='bbox 765 2915 954 2959; x_wconf 89' lang='lat' dir='ltr'><strong>sancta</strong></span> <span class='ocrx_word' id='word_1_322' title='bbox 987 2905 1232 2970; x_wconf 87' lang='lat' dir='ltr'><strong>liberari,</strong></span> <span class='ocrx_word' id='word_1_323' title='bbox 1267 2907 1471 2976; x_wconf 88' lang='lat' dir='ltr'><strong>quibus</strong></span> <span class='ocrx_word' id='word_1_324' title='bbox 1498 2905 1728 2980; x_wconf 87' lang='lat' dir='ltr'><strong>indicari</strong></span> <span class='ocrx_word' id='word_1_325' title='bbox 1753 2908 2007 2961; x_wconf 91' lang='lat' dir='ltr'><strong>videntur</strong></span> 
     </span>
    </p>
   </div>
   <div class='ocr_carea' id='block_1_47' title="bbox 431 2998 2004 3069">
    <p class='ocr_par' dir='ltr' id='par_1_47' title="bbox 431 2998 2004 3069">
     <span class='ocr_line' id='line_1_47' title="bbox 431 2998 2004 3069; baseline 0.001 -19"><span class='ocrx_word' id='word_1_326' title='bbox 431 2999 525 3066; x_wconf 87' lang='lat' dir='ltr'><strong>qui</strong></span> <span class='ocrx_word' id='word_1_327' title='bbox 555 3014 619 3052; x_wconf 75' lang='lat' dir='ltr'><strong>ex</strong></span> <span class='ocrx_word' id='word_1_328' title='bbox 649 2998 1064 3053; x_wconf 90' lang='lat' dir='ltr'><strong>circumcisione</strong></span> <span class='ocrx_word' id='word_1_329' title='bbox 1093 3007 1281 3067; x_wconf 86' lang='lat' dir='ltr'><strong>erant;</strong></span> <span class='ocrx_word' id='word_1_330' title='bbox 1306 3005 1360 3053; x_wconf 87' lang='lat' dir='ltr'><strong>et</strong></span> <span class='ocrx_word' id='word_1_331' title='bbox 1392 3016 1422 3055; x_wconf 92' lang='lat' dir='ltr'><strong>a</strong></span> <span class='ocrx_word' id='word_1_332' title='bbox 1461 3000 1581 3054; x_wconf 89' lang='lat' dir='ltr'><strong>viro</strong></span> <span class='ocrx_word' id='word_1_333' title='bbox 1609 3000 1797 3069; x_wconf 90' lang='lat' dir='ltr'><strong>iniquo</strong></span> <span class='ocrx_word' id='word_1_334' title='bbox 1821 3010 1874 3055; x_wconf 88' lang='lat' dir='ltr'><strong>et</strong></span> <span class='ocrx_word' id='word_1_335' title='bbox 1905 2999 2004 3053; x_wconf 87' lang='lat' dir='ltr'><strong>do-</strong></span> 
     </span>
    </p>
   </div>
   <div class='ocr_carea' id='block_1_48' title="bbox 434 3090 2004 3160">
    <p class='ocr_par' dir='ltr' id='par_1_48' title="bbox 434 3090 2004 3160">
     <span class='ocr_line' id='line_1_48' title="bbox 434 3090 2004 3160; baseline 0.001 -20"><span class='ocrx_word' id='word_1_336' title='bbox 434 3090 572 3148; x_wconf 87' lang='lat' dir='ltr'><strong>loso,</strong></span> <span class='ocrx_word' id='word_1_337' title='bbox 605 3095 662 3141; x_wconf 92' lang='lat' dir='ltr'><strong>ut</strong></span> <span class='ocrx_word' id='word_1_338' title='bbox 689 3105 967 3158; x_wconf 86' lang='lat' dir='ltr'><strong>nunquam</strong></span> <span class='ocrx_word' id='word_1_339' title='bbox 1004 3090 1120 3158; x_wconf 88' lang='lat' dir='ltr'><strong>ipse</strong></span> <span class='ocrx_word' id='word_1_340' title='bbox 1150 3099 1242 3142; x_wconf 87' lang='lat' dir='ltr'><strong>aut</strong></span> <span class='ocrx_word' id='word_1_341' title='bbox 1273 3091 1495 3160; x_wconf 89' lang='lat' dir='ltr'><strong>iniquus</strong></span> <span class='ocrx_word' id='word_1_342' title='bbox 1517 3097 1610 3143; x_wconf 91' lang='lat' dir='ltr'><strong>aut</strong></span> <span class='ocrx_word' id='word_1_343' title='bbox 1631 3090 1856 3144; x_wconf 92' lang='lat' dir='ltr'><strong>dolosus</strong></span> <span class='ocrx_word' id='word_1_344' title='bbox 1879 3103 2004 3145; x_wconf 86' lang='lat' dir='ltr'><strong>eva-</strong></span> 
     </span>
    </p>
   </div>
   <div class='ocr_carea' id='block_1_49' title="bbox 425 3178 2004 3250">
    <p class='ocr_par' dir='ltr' id='par_1_49' title="bbox 425 3178 2004 3250">
     <span class='ocr_line' id='line_1_49' title="bbox 425 3178 2004 3250; baseline 0 -16"><span class='ocrx_word' id='word_1_345' title='bbox 425 3181 546 3234; x_wconf 77' lang='lat' dir='ltr'><strong>dat.</strong></span> <span class='ocrx_word' id='word_1_346' title='bbox 585 3179 755 3250; x_wconf 77' lang='lat' dir='ltr'><strong>Roget</strong></span> <span class='ocrx_word' id='word_1_347' title='bbox 798 3189 977 3235; x_wconf 88' lang='lat' dir='ltr'><strong>autem</strong></span> <span class='ocrx_word' id='word_1_348' title='bbox 1021 3180 1188 3236; x_wconf 90' lang='lat' dir='ltr'><strong>Deum</strong></span> <span class='ocrx_word' id='word_1_349' title='bbox 1239 3181 1325 3237; x_wconf 90' lang='lat' dir='ltr'><strong>his</strong></span> <span class='ocrx_word' id='word_1_350' title='bbox 1374 3182 1558 3236; x_wconf 72' lang='lat' dir='ltr'><strong>verbis</strong></span> <span class='ocrx_word' id='word_1_351' title='bbox 1589 3201 1602 3235; x_wconf 93' lang='lat'>:</span> <span class='ocrx_word' id='word_1_352' title='bbox 1631 3180 1711 3234; x_wconf 92' lang='lat' dir='ltr'><strong>Tu</strong></span> <span class='ocrx_word' id='word_1_353' title='bbox 1763 3197 1823 3236; x_wconf 88' lang='lat' dir='ltr'><strong>cs</strong></span> <span class='ocrx_word' id='word_1_354' title='bbox 1862 3178 2004 3235; x_wconf 92' lang='lat' dir='ltr'><strong>Deus</strong></span> 
     </span>
    </p>
   </div>
   <div class='ocr_carea' id='block_1_50' title="bbox 2116 1964 2707 2035">
    <p class='ocr_par' dir='ltr' id='par_1_50' title="bbox 2116 1964 2707 2035">
     <span class='ocr_line' id='line_1_50' title="bbox 2116 1964 2707 2035; baseline 0.003 -19"><span class='ocrx_word' id='word_1_355' title='bbox 2116 1965 2346 2035; x_wconf 66' lang='grc' dir='ltr'>ἠφίεσαν</span> <span class='ocrx_word' id='word_1_356' title='bbox 2373 1964 2473 2028; x_wconf 82' lang='grc' dir='ltr'>τὰς</span> <span class='ocrx_word' id='word_1_357' title='bbox 2504 1965 2707 2034; x_wconf 83' lang='grc' dir='ltr'>φωνάς.</span> 
     </span>
    </p>
   </div>
   <div class='ocr_carea' id='block_1_51' title="bbox 2184 2077 3693 2153">
    <p class='ocr_par' dir='ltr' id='par_1_51' title="bbox 2184 2077 3693 2153">
     <span class='ocr_line' id='line_1_51' title="bbox 2184 2077 3693 2153; baseline 0.005 -22"><span class='ocrx_word' id='word_1_358' title='bbox 2184 2077 2404 2146; x_wconf 80' lang='grc' dir='ltr'>Κρῖνόν</span> <span class='ocrx_word' id='word_1_359' title='bbox 2425 2095 2521 2146; x_wconf 83' lang='grc' dir='ltr'><strong>με,</strong></span> <span class='ocrx_word' id='word_1_360' title='bbox 2558 2080 2591 2131; x_wconf 83' lang='grc' dir='ltr'><strong>ό</strong></span> <span class='ocrx_word' id='word_1_361' title='bbox 2619 2077 2782 2144; x_wconf 77' lang='grc' dir='ltr'>Θεὸς,</span> <span class='ocrx_word' id='word_1_362' title='bbox 2813 2080 2908 2133; x_wconf 80' lang='grc' dir='ltr'>καὶ</span> <span class='ocrx_word' id='word_1_363' title='bbox 2945 2079 3201 2134; x_wconf 80' lang='grc' dir='ltr'>δίκασον</span> <span class='ocrx_word' id='word_1_364' title='bbox 3225 2081 3340 2150; x_wconf 79' lang='grc' dir='ltr'>τὴν</span> <span class='ocrx_word' id='word_1_365' title='bbox 3363 2083 3542 2150; x_wconf 83' lang='grc' dir='ltr'>δίκην</span> <span class='ocrx_word' id='word_1_366' title='bbox 3573 2092 3693 2153; x_wconf 66' lang='grc' dir='ltr'><strong>μου</strong></span> 
     </span>
    </p>
   </div>
   <div class='ocr_carea' id='block_1_52' title="bbox 2113 2171 3691 2241">
    <p class='ocr_par' dir='ltr' id='par_1_52' title="bbox 2113 2171 3691 2241">
     <span class='ocr_line' id='line_1_52' title="bbox 2113 2171 3691 2241; baseline 0.004 -17"><span class='ocrx_word' id='word_1_367' title='bbox 2113 2172 2182 2236; x_wconf 81' lang='grc' dir='ltr'><strong>ἐξ</strong></span> <span class='ocrx_word' id='word_1_368' title='bbox 2213 2172 2425 2236; x_wconf 77' lang='grc' dir='ltr'>ἔθνους</span> <span class='ocrx_word' id='word_1_369' title='bbox 2454 2172 2566 2238; x_wconf 86' lang='grc' dir='ltr'>οὐχ</span> <span class='ocrx_word' id='word_1_370' title='bbox 2597 2171 2771 2224; x_wconf 84' lang='grc' dir='ltr'>ὀσίου</span> <span class='ocrx_word' id='word_1_371' title='bbox 2791 2189 2804 2201; x_wconf 85' lang='lat'><strong><em>°</em></strong></span> <span class='ocrx_word' id='word_1_372' title='bbox 2839 2172 2958 2226; x_wconf 80' lang='grc' dir='ltr'>ἀπὸ</span> <span class='ocrx_word' id='word_1_373' title='bbox 2995 2174 3310 2241; x_wconf 80' lang='grc' dir='ltr'>ἀνθρώπου</span> <span class='ocrx_word' id='word_1_374' title='bbox 3342 2174 3550 2230; x_wconf 83' lang='grc' dir='ltr'>δολίου</span> <span class='ocrx_word' id='word_1_375' title='bbox 3594 2177 3691 2230; x_wconf 74' lang='grc' dir='ltr'>καὶ</span> 
     </span>
    </p>
   </div>
   <div class='ocr_carea' id='block_1_53' title="bbox 2113 2261 3692 2337">
    <p class='ocr_par' dir='ltr' id='par_1_53' title="bbox 2113 2261 3692 2337">
     <span class='ocr_line' id='line_1_53' title="bbox 2113 2261 3692 2337; baseline 0.004 -21"><span class='ocrx_word' id='word_1_376' title='bbox 2113 2261 2325 2316; x_wconf 80' lang='grc' dir='ltr'>ἀδίκου</span> <span class='ocrx_word' id='word_1_377' title='bbox 2348 2262 2537 2330; x_wconf 76' lang='grc' dir='ltr'>ῥῦσαί</span> <span class='ocrx_word' id='word_1_378' title='bbox 2562 2279 2658 2332; x_wconf 84' lang='grc' dir='ltr'>με.</span> <span class='ocrx_word' id='word_1_379' title='bbox 2687 2263 2816 2316; x_wconf 85' lang='grc' dir='ltr'>Ὅτι</span> <span class='ocrx_word' id='word_1_380' title='bbox 2839 2263 2920 2316; x_wconf 87' lang='grc' dir='ltr'>σὺ</span> <span class='ocrx_word' id='word_1_381' title='bbox 2947 2267 2980 2318; x_wconf 83' lang='grc' dir='ltr'><em>ὀ</em></span> <span class='ocrx_word' id='word_1_382' title='bbox 3017 2266 3159 2331; x_wconf 73' lang='grc' dir='ltr'>Θεὸς</span> <span class='ocrx_word' id='word_1_383' title='bbox 3186 2267 3524 2336; x_wconf 74' lang='grc' dir='ltr'>κραταιωμά</span> <span class='ocrx_word' id='word_1_384' title='bbox 3549 2287 3692 2337; x_wconf 78' lang='grc' dir='ltr'>μου,</span> 
     </span>
    </p>
   </div>
   <div class='ocr_carea' id='block_1_54' title="bbox 2115 2354 3694 2429">
    <p class='ocr_par' dir='ltr' id='par_1_54' title="bbox 2115 2354 3694 2429">
     <span class='ocr_line' id='line_1_54' title="bbox 2115 2354 3694 2429; baseline 0.004 -21"><span class='ocrx_word' id='word_1_385' title='bbox 2115 2357 2214 2408; x_wconf 80' lang='grc' dir='ltr'>ἵνα</span> <span class='ocrx_word' id='word_1_386' title='bbox 2235 2355 2294 2408; x_wconf 87' lang='grc' dir='ltr'><strong>τί</strong></span> <span class='ocrx_word' id='word_1_387' title='bbox 2324 2354 2544 2410; x_wconf 79' lang='grc' dir='ltr'>ἀπώσω</span> <span class='ocrx_word' id='word_1_388' title='bbox 2563 2373 2669 2425; x_wconf 82' lang='grc' dir='ltr'>με;</span> <span class='ocrx_word' id='word_1_389' title='bbox 2697 2357 2797 2410; x_wconf 79' lang='grc' dir='ltr'>ἵνα</span> <span class='ocrx_word' id='word_1_390' title='bbox 2824 2357 2883 2410; x_wconf 86' lang='grc' dir='ltr'><strong>τί</strong></span> <span class='ocrx_word' id='word_1_391' title='bbox 2909 2357 3345 2424; x_wconf 78' lang='grc' dir='ltr'>σκυθρωπάζων</span> <span class='ocrx_word' id='word_1_392' title='bbox 3372 2362 3694 2429; x_wconf 81' lang='grc' dir='ltr'>πορεύομαι</span> 
     </span>
    </p>
   </div>
   <div class='ocr_carea' id='block_1_55' title="bbox 2113 2449 3694 2519">
    <p class='ocr_par' dir='ltr' id='par_1_55' title="bbox 2113 2449 3694 2519">
     <span class='ocr_line' id='line_1_55' title="bbox 2113 2449 3694 2519; baseline 0.001 -17"><span class='ocrx_word' id='word_1_393' title='bbox 2113 2451 2182 2502; x_wconf 87' lang='grc' dir='ltr'>ἐν</span> <span class='ocrx_word' id='word_1_394' title='bbox 2236 2449 2317 2514; x_wconf 84' lang='grc' dir='ltr'>τῷ</span> <span class='ocrx_word' id='word_1_395' title='bbox 2367 2449 2646 2518; x_wconf 76' lang='grc' dir='ltr'>ἐκθλίψαι</span> <span class='ocrx_word' id='word_1_396' title='bbox 2698 2451 2954 2519; x_wconf 83' lang='grc' dir='ltr'>ἐχθρόν;</span> <span class='ocrx_word' id='word_1_397' title='bbox 3000 2450 3157 2502; x_wconf 79' lang='grc' dir='ltr'>Εἴποι</span> <span class='ocrx_word' id='word_1_398' title='bbox 3191 2450 3234 2502; x_wconf 83' lang='grc' dir='ltr'>δ’</span> <span class='ocrx_word' id='word_1_399' title='bbox 3286 2451 3351 2505; x_wconf 86' lang='grc' dir='ltr'>ἄν</span> <span class='ocrx_word' id='word_1_400' title='bbox 3393 2469 3475 2514; x_wconf 91' lang='grc' dir='ltr'><strong>τις</strong></span> <span class='ocrx_word' id='word_1_401' title='bbox 3521 2450 3694 2504; x_wconf 80' lang='grc' dir='ltr'>ταῦτα</span> 
     </span>
    </p>
   </div>
   <div class='ocr_carea' id='block_1_56' title="bbox 2113 2540 3695 2612">
    <p class='ocr_par' dir='ltr' id='par_1_56' title="bbox 2113 2540 3695 2612">
     <span class='ocr_line' id='line_1_56' title="bbox 2113 2540 3695 2612; baseline 0.001 -20"><span class='ocrx_word' id='word_1_402' title='bbox 2113 2540 2294 2608; x_wconf 87' lang='grc' dir='ltr'>λέγειν</span> <span class='ocrx_word' id='word_1_403' title='bbox 2338 2541 2434 2596; x_wconf 83' lang='grc' dir='ltr'>’ένα</span> <span class='ocrx_word' id='word_1_404' title='bbox 2479 2559 2582 2594; x_wconf 88' lang='grc' dir='ltr'><strong>που</strong></span> <span class='ocrx_word' id='word_1_405' title='bbox 2615 2541 2708 2594; x_wconf 73' lang='grc' dir='ltr'><strong>καὶ</strong></span> <span class='ocrx_word' id='word_1_406' title='bbox 2741 2541 2992 2612; x_wconf 87' lang='grc' dir='ltr'>δεύτερον</span> <span class='ocrx_word' id='word_1_407' title='bbox 3035 2542 3091 2595; x_wconf 84' lang='grc' dir='ltr'><strong>ἐν</strong></span> <span class='ocrx_word' id='word_1_408' title='bbox 3136 2542 3242 2612; x_wconf 80' lang='grc' dir='ltr'>ὅλῳ</span> <span class='ocrx_word' id='word_1_409' title='bbox 3293 2540 3371 2611; x_wconf 84' lang='grc' dir='ltr'>τῷ</span> <span class='ocrx_word' id='word_1_410' title='bbox 3404 2541 3546 2594; x_wconf 88' lang='grc' dir='ltr'>ἔθνει</span> <span class='ocrx_word' id='word_1_411' title='bbox 3583 2541 3695 2594; x_wconf 88' lang='grc' dir='ltr'><strong>τῶν</strong></span> 
     </span>
    </p>
   </div>
   <div class='ocr_carea' id='block_1_57' title="bbox 2125 2627 3696 2706">
    <p class='ocr_par' dir='ltr' id='par_1_57' title="bbox 2125 2627 3696 2706">
     <span class='ocr_line' id='line_1_57' title="bbox 2125 2627 3696 2706; baseline 0.001 -20"><span class='ocrx_word' id='word_1_412' title='bbox 2125 2634 2413 2699; x_wconf 84' lang='grc' dir='ltr'>Ἰουδαίων,</span> <span class='ocrx_word' id='word_1_413' title='bbox 2450 2635 2752 2706; x_wconf 80' lang='grc' dir='ltr'>εὑρημένον</span> <span class='ocrx_word' id='word_1_414' title='bbox 2783 2633 3010 2687; x_wconf 87' lang='grc' dir='ltr'>δίκαιον.</span> <span class='ocrx_word' id='word_1_415' title='bbox 3059 2633 3233 2696; x_wconf 79' lang='grc' dir='ltr'>Αὐτὸς</span> <span class='ocrx_word' id='word_1_416' title='bbox 3283 2629 3376 2686; x_wconf 78' lang='grc' dir='ltr'><strong>οὖν</strong></span> <span class='ocrx_word' id='word_1_417' title='bbox 3404 2634 3432 2685; x_wconf 88' lang='grc' dir='ltr'>ὁ</span> <span class='ocrx_word' id='word_1_418' title='bbox 3480 2627 3559 2696; x_wconf 75' lang='grc' dir='ltr'>εἷς</span> <span class='ocrx_word' id='word_1_419' title='bbox 3601 2633 3696 2687; x_wconf 59' lang='grc' dir='ltr'><strong>καὶ⁸</strong></span> 
     </span>
    </p>
   </div>
   <div class='ocr_carea' id='block_1_58' title="bbox 2116 2720 3694 2797">
    <p class='ocr_par' dir='ltr' id='par_1_58' title="bbox 2116 2720 3694 2797">
     <span class='ocr_line' id='line_1_58' title="bbox 2116 2720 3694 2797; baseline 0 -19"><span class='ocrx_word' id='word_1_420' title='bbox 2116 2726 2357 2790; x_wconf 87' lang='grc' dir='ltr'>σπάνιος,</span> <span class='ocrx_word' id='word_1_421' title='bbox 2397 2720 2508 2779; x_wconf 77' lang='grc' dir='ltr'>οἷον</span> <span class='ocrx_word' id='word_1_422' title='bbox 2561 2725 2828 2797; x_wconf 86' lang='grc' dir='ltr'>Ἱερεμίας</span> <span class='ocrx_word' id='word_1_423' title='bbox 2866 2727 2900 2796; x_wconf 74' lang='grc' dir='ltr'><strong>ἡ</strong></span> <span class='ocrx_word' id='word_1_424' title='bbox 2950 2743 3031 2788; x_wconf 83' lang='grc' dir='ltr'><strong>τις</strong></span> <span class='ocrx_word' id='word_1_425' title='bbox 3076 2725 3262 2796; x_wconf 80' lang='grc' dir='ltr'>ἔτερος</span> <span class='ocrx_word' id='word_1_426' title='bbox 3307 2726 3490 2795; x_wconf 83' lang='grc' dir='ltr'>ὅμοιος</span> <span class='ocrx_word' id='word_1_427' title='bbox 3523 2725 3694 2796; x_wconf 78' lang='grc' dir='ltr'>αὐτῷ.</span> 
     </span>
    </p>
   </div>
   <div class='ocr_carea' id='block_1_59' title="bbox 2113 2816 3692 2887">
    <p class='ocr_par' dir='ltr' id='par_1_59' title="bbox 2113 2816 3692 2887">
     <span class='ocr_line' id='line_1_59' title="bbox 2113 2816 3692 2887; baseline -0.001 -17"><span class='ocrx_word' id='word_1_428' title='bbox 2113 2817 2512 2876; x_wconf 84' lang='grc' dir='ltr'>ἀποκλαιέσθω,</span> <span class='ocrx_word' id='word_1_429' title='bbox 2549 2817 2641 2870; x_wconf 74' lang='grc' dir='ltr'>καὶ</span> <span class='ocrx_word' id='word_1_430' title='bbox 2695 2817 2899 2880; x_wconf 86' lang='grc' dir='ltr'>ταύτας</span> <span class='ocrx_word' id='word_1_431' title='bbox 2942 2817 3310 2887; x_wconf 85' lang='grc' dir='ltr'>ἀναπεμπέτω</span> <span class='ocrx_word' id='word_1_432' title='bbox 3357 2816 3456 2879; x_wconf 79' lang='grc' dir='ltr'><strong>τὰς</strong></span> <span class='ocrx_word' id='word_1_433' title='bbox 3488 2816 3692 2886; x_wconf 78' lang='grc' dir='ltr'>φωνὰς,</span> 
     </span>
    </p>
   </div>
   <div class='ocr_carea' id='block_1_60' title="bbox 2115 2905 3696 2977">
    <p class='ocr_par' dir='ltr' id='par_1_60' title="bbox 2115 2905 3696 2977">
     <span class='ocr_line' id='line_1_60' title="bbox 2115 2905 3696 2977; baseline 0.001 -19"><span class='ocrx_word' id='word_1_434' title='bbox 2115 2905 2373 2958; x_wconf 76' lang='grc' dir='ltr'>ἱκετεύων</span> <span class='ocrx_word' id='word_1_435' title='bbox 2417 2905 2676 2977; x_wconf 79' lang='grc' dir='ltr'>ῥυσθῆναι</span> <span class='ocrx_word' id='word_1_436' title='bbox 2729 2906 2788 2971; x_wconf 84' lang='grc' dir='ltr'><strong>ἐξ</strong></span> <span class='ocrx_word' id='word_1_437' title='bbox 2835 2907 3050 2959; x_wconf 88' lang='grc' dir='ltr'>ἀνοσίου</span> <span class='ocrx_word' id='word_1_438' title='bbox 3094 2906 3308 2969; x_wconf 77' lang='grc' dir='ltr'>ἔθνους·</span> <span class='ocrx_word' id='word_1_439' title='bbox 3354 2905 3596 2976; x_wconf 81' lang='grc' dir='ltr'>δηλούτω</span> <span class='ocrx_word' id='word_1_440' title='bbox 3637 2907 3696 2960; x_wconf 77' lang='grc' dir='ltr'>δὲ</span> 
     </span>
    </p>
   </div>
   <div class='ocr_carea' id='block_1_61' title="bbox 2112 2993 3695 3067">
    <p class='ocr_par' dir='ltr' id='par_1_61' title="bbox 2112 2993 3695 3067">
     <span class='ocr_line' id='line_1_61' title="bbox 2112 2993 3695 3067; baseline -0.003 -17"><span class='ocrx_word' id='word_1_441' title='bbox 2112 2996 2310 3059; x_wconf 78' lang='grc' dir='ltr'>αὐτοὺς</span> <span class='ocrx_word' id='word_1_442' title='bbox 2333 2996 2460 3060; x_wconf 75' lang='grc' dir='ltr'>τοὺς</span> <span class='ocrx_word' id='word_1_443' title='bbox 2497 2997 2562 3048; x_wconf 88' lang='grc' dir='ltr'><strong>ἐκ</strong></span> <span class='ocrx_word' id='word_1_444' title='bbox 2596 2996 2919 3067; x_wconf 82' lang='grc' dir='ltr'>περιτομῆς,</span> <span class='ocrx_word' id='word_1_445' title='bbox 2940 2997 3036 3048; x_wconf 76' lang='grc' dir='ltr'>καὶ</span> <span class='ocrx_word' id='word_1_446' title='bbox 3070 2995 3178 3048; x_wconf 81' lang='grc' dir='ltr'><strong>ἀπὸ</strong></span> <span class='ocrx_word' id='word_1_447' title='bbox 3199 2993 3487 3066; x_wconf 85' lang='grc' dir='ltr'>ἀνθρώπου</span> <span class='ocrx_word' id='word_1_448' title='bbox 3509 2994 3695 3048; x_wconf 87' lang='grc' dir='ltr'>ἀδίκου</span> 
     </span>
    </p>
   </div>
   <div class='ocr_carea' id='block_1_62' title="bbox 2113 3085 3698 3158">
    <p class='ocr_par' dir='ltr' id='par_1_62' title="bbox 2113 3085 3698 3158">
     <span class='ocr_line' id='line_1_62' title="bbox 2113 3085 3698 3158; baseline -0.002 -17"><span class='ocrx_word' id='word_1_449' title='bbox 2113 3088 2207 3142; x_wconf 61' lang='grc' dir='ltr'><strong>καλ⁵</strong></span> <span class='ocrx_word' id='word_1_450' title='bbox 2226 3087 2421 3151; x_wconf 87' lang='grc' dir='ltr'>δολίου,</span> <span class='ocrx_word' id='word_1_451' title='bbox 2453 3087 2529 3150; x_wconf 84' lang='grc' dir='ltr'><strong>ὡς</strong></span> <span class='ocrx_word' id='word_1_452' title='bbox 2550 3085 2616 3140; x_wconf 78' lang='grc' dir='ltr'><strong>ἂν</strong></span> <span class='ocrx_word' id='word_1_453' title='bbox 2641 3090 2847 3158; x_wconf 86' lang='grc' dir='ltr'>μήποτε</span> <span class='ocrx_word' id='word_1_454' title='bbox 2871 3089 2963 3140; x_wconf 71' lang='grc' dir='ltr'><strong>καὶ</strong></span> <span class='ocrx_word' id='word_1_455' title='bbox 2990 3086 3150 3148; x_wconf 77' lang='grc' dir='ltr'>αὐτὸς</span> <span class='ocrx_word' id='word_1_456' title='bbox 3172 3085 3378 3154; x_wconf 88' lang='grc' dir='ltr'>γένοιτο</span> <span class='ocrx_word' id='word_1_457' title='bbox 3401 3085 3580 3149; x_wconf 87' lang='grc' dir='ltr'>ἀδικος</span> <span class='ocrx_word' id='word_1_458' title='bbox 3604 3086 3698 3138; x_wconf 76' lang='grc' dir='ltr'><strong>καὶ</strong></span> 
     </span>
    </p>
   </div>
   <div class='ocr_carea' id='block_1_63' title="bbox 2112 3175 3696 3252">
    <p class='ocr_par' dir='ltr' id='par_1_63' title="bbox 2112 3175 3696 3252">
     <span class='ocr_line' id='line_1_63' title="bbox 2112 3175 3696 3252; baseline -0.003 -18"><span class='ocrx_word' id='word_1_459' title='bbox 2112 3180 2304 3243; x_wconf 85' lang='grc' dir='ltr'>δόλιος.</span> <span class='ocrx_word' id='word_1_460' title='bbox 2329 3179 2737 3252; x_wconf 88' lang='grc' dir='ltr'>Παρακαλείτω-</span> <span class='ocrx_word' id='word_1_461' title='bbox 2762 3179 2819 3232; x_wconf 84' lang='grc' dir='ltr'><strong>δὲ</strong></span> <span class='ocrx_word' id='word_1_462' title='bbox 2847 3179 2938 3233; x_wconf 82' lang='grc' dir='ltr'><strong>τὸν</strong></span> <span class='ocrx_word' id='word_1_463' title='bbox 2959 3178 3088 3232; x_wconf 82' lang='grc' dir='ltr'>Θεὸν</span> <span class='ocrx_word' id='word_1_464' title='bbox 3114 3178 3286 3246; x_wconf 87' lang='grc' dir='ltr'>λέγων</span> <span class='ocrx_word' id='word_1_465' title='bbox 3307 3195 3320 3208; x_wconf 74' lang='grc' dir='ltr'><strong><em>ο</em></strong></span> <span class='ocrx_word' id='word_1_466' title='bbox 3351 3179 3423 3231; x_wconf 84' lang='grc' dir='ltr'><strong>Σὺ</strong></span> <span class='ocrx_word' id='word_1_467' title='bbox 3451 3175 3501 3231; x_wconf 75' lang='grc' dir='ltr'>εἴ</span> <span class='ocrx_word' id='word_1_468' title='bbox 3517 3181 3544 3232; x_wconf 87' lang='grc' dir='ltr'><em>ὁ</em></span> <span class='ocrx_word' id='word_1_469' title='bbox 3565 3180 3696 3241; x_wconf 81' lang='grc' dir='ltr'>Θεὸς</span> 
     </span>
    </p>
   </div>
   <div class='ocr_carea' id='block_1_64' title="bbox 435 3265 2008 3344">
    <p class='ocr_par' dir='ltr' id='par_1_64' title="bbox 435 3270 2008 3341">
     <span class='ocr_line' id='line_1_64' title="bbox 435 3270 2008 3341; baseline 0.001 -18"><span class='ocrx_word' id='word_1_470' title='bbox 435 3270 698 3323; x_wconf 76' lang='lat' dir='ltr'><strong>fortitudo</strong></span> <span class='ocrx_word' id='word_1_471' title='bbox 722 3285 863 3334; x_wconf 85' lang='lat' dir='ltr'><strong>mea,</strong></span> <span class='ocrx_word' id='word_1_472' title='bbox 898 3287 1067 3341; x_wconf 87' lang='lat' dir='ltr'><strong>quare</strong></span> <span class='ocrx_word' id='word_1_473' title='bbox 1093 3287 1178 3325; x_wconf 89' lang='lat' dir='ltr'><strong>me</strong></span> <span class='ocrx_word' id='word_1_474' title='bbox 1213 3272 1486 3340; x_wconf 89' lang='lat' dir='ltr'><strong>repulisti,</strong></span> <span class='ocrx_word' id='word_1_475' title='bbox 1523 3288 1608 3327; x_wconf 90' lang='lat' dir='ltr'><strong>me</strong></span> <span class='ocrx_word' id='word_1_476' title='bbox 1634 3273 1688 3325; x_wconf 91' lang='lat' dir='ltr'><strong>in</strong></span> <span class='ocrx_word' id='word_1_477' title='bbox 1716 3271 1894 3326; x_wconf 90' lang='lat' dir='ltr'><strong>medio</strong></span> <span class='ocrx_word' id='word_1_478' title='bbox 1934 3279 2008 3324; x_wconf 88' lang='lat' dir='ltr'><strong>ta-</strong></span> 
     </span>
    </p>
   </div>
   <div class='ocr_carea' id='block_1_65' title="bbox 2112 3265 3695 3344">
    <p class='ocr_par' dir='ltr' id='par_1_65' title="bbox 2113 3268 3695 3344">
     <span class='ocr_line' id='line_1_65' title="bbox 2113 3268 3695 3344; baseline -0.003 -18"><span class='ocrx_word' id='word_1_479' title='bbox 2113 3270 2438 3344; x_wconf 88' lang='grc' dir='ltr'>κραταίωμά</span> <span class='ocrx_word' id='word_1_480' title='bbox 2468 3288 2568 3342; x_wconf 87' lang='grc' dir='ltr'><strong>μου</strong></span> <span class='ocrx_word' id='word_1_481' title='bbox 2589 3288 2602 3301; x_wconf 89' lang='grc'><strong>·</strong></span> <span class='ocrx_word' id='word_1_482' title='bbox 2641 3271 2729 3324; x_wconf 82' lang='grc' dir='ltr'><strong>ἵνα</strong></span> <span class='ocrx_word' id='word_1_483' title='bbox 2760 3271 2812 3322; x_wconf 89' lang='grc' dir='ltr'><strong>τί</strong></span> <span class='ocrx_word' id='word_1_484' title='bbox 2841 3288 2906 3341; x_wconf 85' lang='grc' dir='ltr'><strong>με</strong></span> <span class='ocrx_word' id='word_1_485' title='bbox 2932 3268 3158 3333; x_wconf 88' lang='grc' dir='ltr'>ἀπώσω,</span> <span class='ocrx_word' id='word_1_486' title='bbox 3187 3269 3502 3322; x_wconf 89' lang='grc' dir='ltr'>καταλιπών</span> <span class='ocrx_word' id='word_1_487' title='bbox 3535 3287 3601 3340; x_wconf 85' lang='grc' dir='ltr'><strong>με</strong></span> <span class='ocrx_word' id='word_1_488' title='bbox 3638 3271 3695 3322; x_wconf 84' lang='grc' dir='ltr'><strong>ἐν</strong></span> 
     </span>
    </p>
   </div>
   <div class='ocr_carea' id='block_1_66' title="bbox 432 3360 2005 3432">
    <p class='ocr_par' dir='ltr' id='par_1_66' title="bbox 432 3360 2005 3432">
     <span class='ocr_line' id='line_1_66' title="bbox 432 3360 2005 3432; baseline 0 -17"><span class='ocrx_word' id='word_1_489' title='bbox 432 3362 501 3416; x_wconf 90' lang='lat' dir='ltr'><strong>lis</strong></span> <span class='ocrx_word' id='word_1_490' title='bbox 535 3361 716 3432; x_wconf 86' lang='lat' dir='ltr'><strong>populi</strong></span> <span class='ocrx_word' id='word_1_491' title='bbox 750 3361 1107 3431; x_wconf 89' lang='lat' dir='ltr'><strong>relinquens?</strong></span> <span class='ocrx_word' id='word_1_492' title='bbox 1161 3360 1285 3414; x_wconf 67' lang='lat' dir='ltr'><strong>Haec</strong></span> <span class='ocrx_word' id='word_1_493' title='bbox 1318 3377 1480 3431; x_wconf 92' lang='lat' dir='ltr'><strong>porro</strong></span> <span class='ocrx_word' id='word_1_494' title='bbox 1514 3360 1682 3416; x_wconf 74' lang='lat' dir='ltr'><strong>Heliae</strong></span> <span class='ocrx_word' id='word_1_495' title='bbox 1728 3361 2005 3430; x_wconf 76' lang='lat' dir='ltr'><strong>propheta:</strong></span> 
     </span>
    </p>
   </div>
   <div class='ocr_carea' id='block_1_67' title="bbox 431 3451 2003 3523">
    <p class='ocr_par' dir='ltr' id='par_1_67' title="bbox 431 3451 2003 3523">
     <span class='ocr_line' id='line_1_67' title="bbox 431 3451 2003 3523; baseline 0.001 -19"><span class='ocrx_word' id='word_1_496' title='bbox 431 3460 763 3522; x_wconf 85' lang='lat' dir='ltr'><strong>congruunt,</strong></span> <span class='ocrx_word' id='word_1_497' title='bbox 805 3453 895 3522; x_wconf 92' lang='lat' dir='ltr'><strong>qui</strong></span> <span class='ocrx_word' id='word_1_498' title='bbox 927 3451 1156 3505; x_wconf 89' lang='lat' dir='ltr'><strong>Domino</strong></span> <span class='ocrx_word' id='word_1_499' title='bbox 1185 3453 1501 3522; x_wconf 89' lang='lat' dir='ltr'><strong>supplicans</strong></span> <span class='ocrx_word' id='word_1_500' title='bbox 1528 3462 1714 3507; x_wconf 89' lang='lat' dir='ltr'><strong>contra</strong></span> <span class='ocrx_word' id='word_1_501' title='bbox 1745 3454 2003 3523; x_wconf 88' lang='lat' dir='ltr'><strong>populum</strong></span> 
     </span>
    </p>
   </div>
   <div class='ocr_carea' id='block_1_68' title="bbox 431 3545 2006 3616">
    <p class='ocr_par' dir='ltr' id='par_1_68' title="bbox 431 3545 2006 3616">
     <span class='ocr_line' id='line_1_68' title="bbox 431 3545 2006 3616; baseline 0 -18"><span class='ocrx_word' id='word_1_502' title='bbox 431 3545 506 3598; x_wconf 87' lang='lat' dir='ltr'><strong>ita</strong></span> <span class='ocrx_word' id='word_1_503' title='bbox 541 3545 681 3600; x_wconf 84' lang='lat' dir='ltr'><strong>fatur</strong></span> <span class='ocrx_word' id='word_1_504' title='bbox 709 3565 721 3599; x_wconf 87' lang='lat'><strong>:</strong></span> <span class='ocrx_word' id='word_1_505' title='bbox 749 3545 987 3606; x_wconf 87' lang='lat' dir='ltr'><strong>Domine,</strong></span> <span class='ocrx_word' id='word_1_506' title='bbox 1022 3547 1302 3616; x_wconf 80' lang='lat' dir='ltr'><strong>prophetas</strong></span> <span class='ocrx_word' id='word_1_507' title='bbox 1337 3556 1452 3600; x_wconf 82' lang='lat' dir='ltr'><strong>tuos</strong></span> <span class='ocrx_word' id='word_1_508' title='bbox 1484 3545 1876 3615; x_wconf 81' lang='lat' dir='ltr'><strong>interfecerunt,</strong></span> <span class='ocrx_word' id='word_1_509' title='bbox 1924 3545 2006 3598; x_wconf 85' lang='grc' dir='ltr'><strong>αι-</strong></span> 
     </span>
    </p>
   </div>
   <div class='ocr_carea' id='block_1_69' title="bbox 433 3637 2006 3709">
    <p class='ocr_par' dir='ltr' id='par_1_69' title="bbox 433 3637 2006 3709">
     <span class='ocr_line' id='line_1_69' title="bbox 433 3637 2006 3709; baseline 0 -18"><span class='ocrx_word' id='word_1_510' title='bbox 433 3639 574 3692; x_wconf 80' lang='lat' dir='ltr'><strong>taria</strong></span> <span class='ocrx_word' id='word_1_511' title='bbox 613 3648 704 3692; x_wconf 83' lang='lat' dir='ltr'><strong>tua</strong></span> <span class='ocrx_word' id='word_1_512' title='bbox 752 3639 1225 3693; x_wconf 77' lang='lat' dir='ltr'><strong>subverterant:et</strong></span> <span class='ocrx_word' id='word_1_513' title='bbox 1261 3655 1354 3709; x_wconf 83' lang='lat' dir='ltr'><strong>ego</strong></span> <span class='ocrx_word' id='word_1_514' title='bbox 1400 3637 1615 3692; x_wconf 80' lang='lat' dir='ltr'><strong>relictus</strong></span> <span class='ocrx_word' id='word_1_515' title='bbox 1664 3638 1833 3703; x_wconf 83' lang='lat' dir='ltr'><strong>solus,</strong></span> <span class='ocrx_word' id='word_1_516' title='bbox 1861 3655 2006 3709; x_wconf 74' lang='lat' dir='ltr'><strong>qua:-</strong></span> 
     </span>
    </p>
   </div>
   <div class='ocr_carea' id='block_1_70' title="bbox 432 3727 2007 3799">
    <p class='ocr_par' dir='ltr' id='par_1_70' title="bbox 432 3727 2007 3799">
     <span class='ocr_line' id='line_1_70' title="bbox 432 3727 2007 3799; baseline 0.001 -18"><span class='ocrx_word' id='word_1_517' title='bbox 432 3738 656 3798; x_wconf 83' lang='lat' dir='ltr'><strong>runtque</strong></span> <span class='ocrx_word' id='word_1_518' title='bbox 697 3730 865 3797; x_wconf 83' lang='lat' dir='ltr'><strong>ipsam</strong></span> <span class='ocrx_word' id='word_1_519' title='bbox 904 3731 1138 3782; x_wconf 86' lang='lat' dir='ltr'><strong>animam</strong></span> <span class='ocrx_word' id='word_1_520' title='bbox 1175 3730 1356 3783; x_wconf 83' lang='lat' dir='ltr'><strong>tollere</strong></span> <span class='ocrx_word' id='word_1_521' title='bbox 1383 3729 1447 3781; x_wconf 68' lang='grc'><strong>⁵⁸.</strong></span> <span class='ocrx_word' id='word_1_522' title='bbox 1483 3727 1779 3799; x_wconf 88' lang='lat' dir='ltr'><strong>Perspicue</strong></span> <span class='ocrx_word' id='word_1_523' title='bbox 1825 3739 2007 3784; x_wconf 90' lang='lat' dir='ltr'><strong>autem</strong></span> 
     </span>
    </p>
   </div>
   <div class='ocr_carea' id='block_1_71' title="bbox 432 3820 2004 3892">
    <p class='ocr_par' dir='ltr' id='par_1_71' title="bbox 432 3820 2004 3892">
     <span class='ocr_line' id='line_1_71' title="bbox 432 3820 2004 3892; baseline 0 -15"><span class='ocrx_word' id='word_1_524' title='bbox 432 3825 591 3877; x_wconf 84' lang='lat' dir='ltr'><strong>docet</strong></span> <span class='ocrx_word' id='word_1_525' title='bbox 621 3821 887 3876; x_wconf 88' lang='lat' dir='ltr'><strong>Jeremias</strong></span> <span class='ocrx_word' id='word_1_526' title='bbox 910 3821 1174 3877; x_wconf 84' lang='lat' dir='ltr'><strong>defecisse</strong></span> <span class='ocrx_word' id='word_1_527' title='bbox 1202 3837 1419 3878; x_wconf 81' lang='lat' dir='ltr'><strong>omnem</strong></span> <span class='ocrx_word' id='word_1_528' title='bbox 1449 3820 1654 3890; x_wconf 87' lang='lat' dir='ltr'><strong>justum</strong></span> <span class='ocrx_word' id='word_1_529' title='bbox 1687 3822 1754 3876; x_wconf 91' lang='lat' dir='ltr'><strong>de</strong></span> <span class='ocrx_word' id='word_1_530' title='bbox 1784 3824 2004 3892; x_wconf 90' lang='lat' dir='ltr'><strong>populo,</strong></span> 
     </span>
    </p>
   </div>
   <div class='ocr_carea' id='block_1_72' title="bbox 431 3913 2007 3982">
    <p class='ocr_par' dir='ltr' id='par_1_72' title="bbox 431 3913 2007 3982">
     <span class='ocr_line' id='line_1_72' title="bbox 431 3913 2007 3982; baseline -0.001 -12"><span class='ocrx_word' id='word_1_531' title='bbox 431 3915 624 3970; x_wconf 87' lang='lat' dir='ltr'><strong>dicens</strong></span> <span class='ocrx_word' id='word_1_532' title='bbox 665 3913 936 3968; x_wconf 80' lang='lat' dir='ltr'><strong>:Circuite</strong></span> <span class='ocrx_word' id='word_1_533' title='bbox 985 3916 1038 3968; x_wconf 89' lang='lat' dir='ltr'><strong>in</strong></span> <span class='ocrx_word' id='word_1_534' title='bbox 1085 3914 1232 3968; x_wconf 85' lang='lat' dir='ltr'><strong>biviis</strong></span> <span class='ocrx_word' id='word_1_535' title='bbox 1281 3913 1583 3968; x_wconf 84' lang='lat' dir='ltr'><strong>Jerusalem</strong></span> <span class='ocrx_word' id='word_1_536' title='bbox 1627 3922 1676 3967; x_wconf 89' lang='lat' dir='ltr'><strong>et</strong></span> <span class='ocrx_word' id='word_1_537' title='bbox 1720 3915 1775 3967; x_wconf 89' lang='lat' dir='ltr'><strong>in</strong></span> <span class='ocrx_word' id='word_1_538' title='bbox 1821 3916 2007 3982; x_wconf 79' lang='lat' dir='ltr'><strong>plateis</strong></span> 
     </span>
    </p>
   </div>
   <div class='ocr_carea' id='block_1_73' title="bbox 429 4007 2007 4078">
    <p class='ocr_par' dir='ltr' id='par_1_73' title="bbox 429 4007 2007 4078">
     <span class='ocr_line' id='line_1_73' title="bbox 429 4007 2007 4078; baseline -0.002 -14"><span class='ocrx_word' id='word_1_539' title='bbox 429 4010 568 4078; x_wconf 79' lang='lat' dir='ltr'><strong>ejus,</strong></span> <span class='ocrx_word' id='word_1_540' title='bbox 600 4018 650 4063; x_wconf 89' lang='lat' dir='ltr'><strong>et</strong></span> <span class='ocrx_word' id='word_1_541' title='bbox 691 4007 854 4062; x_wconf 86' lang='lat' dir='ltr'><strong>videte</strong></span> <span class='ocrx_word' id='word_1_542' title='bbox 884 4009 930 4062; x_wconf 85' lang='lat' dir='ltr'><strong>si</strong></span> <span class='ocrx_word' id='word_1_543' title='bbox 955 4016 1032 4062; x_wconf 85' lang='lat' dir='ltr'><strong>est</strong></span> <span class='ocrx_word' id='word_1_544' title='bbox 1074 4009 1164 4077; x_wconf 88' lang='lat' dir='ltr'><strong>qui</strong></span> <span class='ocrx_word' id='word_1_545' title='bbox 1208 4007 1495 4077; x_wconf 83' lang='lat' dir='ltr'><strong>intelligat,</strong></span> <span class='ocrx_word' id='word_1_546' title='bbox 1533 4015 1584 4060; x_wconf 80' lang='lat' dir='ltr'><strong>et</strong></span> <span class='ocrx_word' id='word_1_547' title='bbox 1619 4008 1881 4076; x_wconf 83' lang='lat' dir='ltr'><strong>propitius</strong></span> <span class='ocrx_word' id='word_1_548' title='bbox 1918 4024 2007 4061; x_wconf 92' lang='lat' dir='ltr'><strong>ero</strong></span> 
     </span>
    </p>
   </div>
   <div class='ocr_carea' id='block_1_74' title="bbox 430 4099 2008 4169">
    <p class='ocr_par' dir='ltr' id='par_1_74' title="bbox 430 4099 2008 4169">
     <span class='ocr_line' id='line_1_74' title="bbox 430 4099 2008 4169; baseline -0.001 -15"><span class='ocrx_word' id='word_1_549' title='bbox 430 4103 506 4155; x_wconf 84' lang='lat' dir='ltr'><strong>eis</strong></span> <span class='ocrx_word' id='word_1_550' title='bbox 530 4101 593 4153; x_wconf 71' lang='lat'><strong>‘9.</strong></span> <span class='ocrx_word' id='word_1_551' title='bbox 624 4099 826 4153; x_wconf 91' lang='lat' dir='ltr'><strong>Deinde</strong></span> <span class='ocrx_word' id='word_1_552' title='bbox 849 4100 976 4169; x_wconf 88' lang='lat' dir='ltr'><strong>quia</strong></span> <span class='ocrx_word' id='word_1_553' title='bbox 1000 4099 1296 4153; x_wconf 85' lang='lat' dir='ltr'><strong>multitudo</strong></span> <span class='ocrx_word' id='word_1_554' title='bbox 1320 4099 1694 4168; x_wconf 89' lang='lat' dir='ltr'><strong>improborum</strong></span> <span class='ocrx_word' id='word_1_555' title='bbox 1724 4099 2008 4153; x_wconf 91' lang='lat' dir='ltr'><strong>hominum</strong></span> 
     </span>
    </p>
   </div>
   <div class='ocr_carea' id='block_1_75' title="bbox 429 4189 2008 4263">
    <p class='ocr_par' dir='ltr' id='par_1_75' title="bbox 429 4189 2008 4263">
     <span class='ocr_line' id='line_1_75' title="bbox 429 4189 2008 4263; baseline 0.001 -19"><span class='ocrx_word' id='word_1_556' title='bbox 429 4193 638 4263; x_wconf 90' lang='lat' dir='ltr'><strong>justum</strong></span> <span class='ocrx_word' id='word_1_557' title='bbox 671 4193 850 4261; x_wconf 91' lang='lat' dir='ltr'><strong>ipsum</strong></span> <span class='ocrx_word' id='word_1_558' title='bbox 889 4191 1188 4260; x_wconf 89' lang='lat' dir='ltr'><strong>premebat,</strong></span> <span class='ocrx_word' id='word_1_559' title='bbox 1241 4206 1300 4245; x_wconf 89' lang='lat' dir='ltr'><strong>se</strong></span> <span class='ocrx_word' id='word_1_560' title='bbox 1330 4191 1435 4245; x_wconf 88' lang='lat' dir='ltr'><strong>hac</strong></span> <span class='ocrx_word' id='word_1_561' title='bbox 1484 4189 1552 4243; x_wconf 78' lang='lat' dir='ltr'><strong>de.</strong></span> <span class='ocrx_word' id='word_1_562' title='bbox 1592 4206 1758 4246; x_wconf 86' lang='lat' dir='ltr'><strong>causa</strong></span> <span class='ocrx_word' id='word_1_563' title='bbox 1794 4192 2008 4246; x_wconf 89' lang='lat' dir='ltr'><strong>tristem</strong></span> 
     </span>
    </p>
   </div>
   <div class='ocr_carea' id='block_1_76' title="bbox 434 4280 2011 4353">
    <p class='ocr_par' dir='ltr' id='par_1_76' title="bbox 434 4280 2011 4353">
     <span class='ocr_line' id='line_1_76' title="bbox 434 4280 2011 4353; baseline 0 -18"><span class='ocrx_word' id='word_1_564' title='bbox 434 4297 557 4336; x_wconf 87' lang='lat' dir='ltr'><strong>esse</strong></span> <span class='ocrx_word' id='word_1_565' title='bbox 595 4280 1037 4346; x_wconf 77' lang='lat' dir='ltr'><strong>dicebatzQuare</strong></span> <span class='ocrx_word' id='word_1_566' title='bbox 1069 4281 1413 4335; x_wconf 74' lang='lat' dir='ltr'><strong>contristatae</strong></span> <span class='ocrx_word' id='word_1_567' title='bbox 1441 4280 1646 4345; x_wconf 86' lang='lat' dir='ltr'><strong>incedo,</strong></span> <span class='ocrx_word' id='word_1_568' title='bbox 1669 4280 1794 4334; x_wconf 89' lang='lat' dir='ltr'><strong>dum</strong></span> <span class='ocrx_word' id='word_1_569' title='bbox 1828 4283 2011 4353; x_wconf 72' lang='lat' dir='ltr'><strong>afﬂigit</strong></span> 
     </span>
    </p>
   </div>
   <div class='ocr_carea' id='block_1_77' title="bbox 434 4371 2010 4443">
    <p class='ocr_par' dir='ltr' id='par_1_77' title="bbox 434 4371 2010 4443">
     <span class='ocr_line' id='line_1_77' title="bbox 434 4371 2010 4443; baseline 0.001 -17"><span class='ocrx_word' id='word_1_570' title='bbox 434 4389 515 4426; x_wconf 89' lang='lat' dir='ltr'><strong>me</strong></span> <span class='ocrx_word' id='word_1_571' title='bbox 557 4372 846 4427; x_wconf 84' lang='lat' dir='ltr'><strong>inimicus?</strong></span> <span class='ocrx_word' id='word_1_572' title='bbox 884 4371 950 4424; x_wconf 88' lang='lat' dir='ltr'><strong>Et</strong></span> <span class='ocrx_word' id='word_1_573' title='bbox 1002 4373 1242 4442; x_wconf 90' lang='lat' dir='ltr'><strong>alioquin</strong></span> <span class='ocrx_word' id='word_1_574' title='bbox 1293 4387 1416 4426; x_wconf 90' lang='lat' dir='ltr'><strong>cum</strong></span> <span class='ocrx_word' id='word_1_575' title='bbox 1467 4383 1654 4443; x_wconf 79' lang='lat' dir='ltr'><strong>gentes</strong></span> <span class='ocrx_word' id='word_1_576' title='bbox 1699 4380 1753 4427; x_wconf 92' lang='lat' dir='ltr'><strong>et</strong></span> <span class='ocrx_word' id='word_1_577' title='bbox 1803 4373 2010 4427; x_wconf 85' lang='lat' dir='ltr'><strong>inimici</strong></span> 
     </span>
    </p>
   </div>
   <div class='ocr_carea' id='block_1_78' title="bbox 434 4463 2013 4534">
    <p class='ocr_par' dir='ltr' id='par_1_78' title="bbox 434 4463 2013 4534">
     <span class='ocr_line' id='line_1_78' title="bbox 434 4463 2013 4534; baseline -0.001 -14"><span class='ocrx_word' id='word_1_578' title='bbox 434 4467 798 4520; x_wconf 84' lang='lat' dir='ltr'><strong>calamitatem</strong></span> <span class='ocrx_word' id='word_1_579' title='bbox 829 4464 1116 4530; x_wconf 82' lang='lat' dir='ltr'><strong>inferrent,</strong></span> <span class='ocrx_word' id='word_1_580' title='bbox 1149 4472 1311 4534; x_wconf 84' lang='lat' dir='ltr'><strong>atque</strong></span> <span class='ocrx_word' id='word_1_581' title='bbox 1350 4465 1556 4534; x_wconf 90' lang='lat' dir='ltr'><strong>populo</strong></span> <span class='ocrx_word' id='word_1_582' title='bbox 1587 4463 1818 4518; x_wconf 84' lang='lat' dir='ltr'><strong>Judaico</strong></span> <span class='ocrx_word' id='word_1_583' title='bbox 1856 4480 2013 4534; x_wconf 87' lang='lat' dir='ltr'><strong>supe-</strong></span> 
     </span>
    </p>
   </div>
   <div class='ocr_carea' id='block_1_79' title="bbox 433 4554 2011 4621">
    <p class='ocr_par' dir='ltr' id='par_1_79' title="bbox 433 4554 2011 4621">
     <span class='ocr_line' id='line_1_79' title="bbox 433 4554 2011 4621; baseline -0.001 -10"><span class='ocrx_word' id='word_1_584' title='bbox 433 4560 608 4612; x_wconf 82' lang='lat' dir='ltr'><strong>riores</strong></span> <span class='ocrx_word' id='word_1_585' title='bbox 643 4557 967 4621; x_wconf 85' lang='lat' dir='ltr'><strong>evasissent,</strong></span> <span class='ocrx_word' id='word_1_586' title='bbox 1001 4556 1084 4609; x_wconf 92' lang='lat' dir='ltr'><strong>vir</strong></span> <span class='ocrx_word' id='word_1_587' title='bbox 1125 4556 1214 4610; x_wconf 91' lang='lat' dir='ltr'><strong>ille</strong></span> <span class='ocrx_word' id='word_1_588' title='bbox 1258 4554 1368 4609; x_wconf 87' lang='lat' dir='ltr'><strong>Deo</strong></span> <span class='ocrx_word' id='word_1_589' title='bbox 1407 4555 1662 4610; x_wconf 89' lang='lat' dir='ltr'><strong>addictus</strong></span> <span class='ocrx_word' id='word_1_590' title='bbox 1694 4556 1878 4610; x_wconf 88' lang='lat' dir='ltr'><strong>animo</strong></span> <span class='ocrx_word' id='word_1_591' title='bbox 1912 4555 2011 4609; x_wconf 88' lang='lat' dir='ltr'><strong>do-</strong></span> 
     </span>
    </p>
   </div>
   <div class='ocr_carea' id='block_1_80' title="bbox 2110 3359 3695 3435">
    <p class='ocr_par' dir='ltr' id='par_1_80' title="bbox 2110 3359 3695 3435">
     <span class='ocr_line' id='line_1_80' title="bbox 2110 3359 3695 3435; baseline -0.004 -18"><span class='ocrx_word' id='word_1_592' title='bbox 2110 3365 2257 3435; x_wconf 86' lang='grc' dir='ltr'>μέσῳ</span> <span class='ocrx_word' id='word_1_593' title='bbox 2277 3363 2516 3416; x_wconf 88' lang='grc' dir='ltr'>τοιούτου</span> <span class='ocrx_word' id='word_1_594' title='bbox 2539 3361 2669 3414; x_wconf 82' lang='grc' dir='ltr'>λαοῦ</span> <span class='ocrx_word' id='word_1_595' title='bbox 2689 3361 2960 3434; x_wconf 78' lang='grc' dir='ltr'>;”Ηρμοζε</span> <span class='ocrx_word' id='word_1_596' title='bbox 2983 3363 3038 3415; x_wconf 80' lang='grc' dir='ltr'><strong>δὲ</strong></span> <span class='ocrx_word' id='word_1_597' title='bbox 3062 3361 3131 3413; x_wconf 83' lang='grc' dir='ltr'>τὰ</span> <span class='ocrx_word' id='word_1_598' title='bbox 3151 3360 3482 3432; x_wconf 83' lang='grc' dir='ltr'>προκείμενα</span> <span class='ocrx_word' id='word_1_599' title='bbox 3505 3361 3597 3413; x_wconf 71' lang='grc' dir='ltr'><strong>καὶ</strong></span> <span class='ocrx_word' id='word_1_600' title='bbox 3619 3359 3695 3430; x_wconf 84' lang='grc' dir='ltr'><strong>τῷ</strong></span> 
     </span>
    </p>
   </div>
   <div class='ocr_carea' id='block_1_81' title="bbox 2109 3451 3692 3530">
    <p class='ocr_par' dir='ltr' id='par_1_81' title="bbox 2109 3451 3692 3530">
     <span class='ocr_line' id='line_1_81' title="bbox 2109 3451 3692 3530; baseline -0.004 -21"><span class='ocrx_word' id='word_1_601' title='bbox 2109 3455 2364 3530; x_wconf 78' lang='grc' dir='ltr'>προφήτῃ</span> <span class='ocrx_word' id='word_1_602' title='bbox 2398 3455 2580 3526; x_wconf 70' lang='grc' dir='ltr'>Ἠλίᾳ,</span> <span class='ocrx_word' id='word_1_603' title='bbox 2608 3455 2666 3519; x_wconf 89' lang='grc' dir='ltr'>ὃς</span> <span class='ocrx_word' id='word_1_604' title='bbox 2705 3454 2890 3522; x_wconf 85' lang='grc' dir='ltr'>ἔλεγεν</span> <span class='ocrx_word' id='word_1_605' title='bbox 2916 3454 3367 3522; x_wconf 87' lang='grc' dir='ltr'>κατεντυγχάνων</span> <span class='ocrx_word' id='word_1_606' title='bbox 3400 3451 3494 3504; x_wconf 84' lang='grc' dir='ltr'>τοῦ</span> <span class='ocrx_word' id='word_1_607' title='bbox 3527 3451 3655 3504; x_wconf 77' lang='grc' dir='ltr'>λαοῦ</span> <span class='ocrx_word' id='word_1_608' title='bbox 3677 3468 3692 3482; x_wconf 91' lang='grc'><strong>·</strong></span> 
     </span>
    </p>
   </div>
   <div class='ocr_carea' id='block_1_82' title="bbox 2106 3542 3698 3617">
    <p class='ocr_par' dir='ltr' id='par_1_82' title="bbox 2106 3542 3698 3617">
     <span class='ocr_line' id='line_1_82' title="bbox 2106 3542 3698 3617; baseline -0.004 -14"><span class='ocrx_word' id='word_1_609' title='bbox 2106 3552 2317 3617; x_wconf 70' lang='grc' dir='ltr'>Κύριε,</span> <span class='ocrx_word' id='word_1_610' title='bbox 2360 3549 2503 3615; x_wconf 82' lang='grc' dir='ltr'>τοὺς</span> <span class='ocrx_word' id='word_1_611' title='bbox 2545 3547 2860 3617; x_wconf 65' lang='grc' dir='ltr'>προφήτας</span> <span class='ocrx_word' id='word_1_612' title='bbox 2902 3563 3020 3600; x_wconf 90' lang='grc' dir='ltr'><strong>σου</strong></span> <span class='ocrx_word' id='word_1_613' title='bbox 3061 3545 3440 3608; x_wconf 77' lang='grc' dir='ltr'>ἀπέκτειναν,</span> <span class='ocrx_word' id='word_1_614' title='bbox 3477 3544 3574 3597; x_wconf 78' lang='grc' dir='ltr'>καὶ</span> <span class='ocrx_word' id='word_1_615' title='bbox 3625 3542 3698 3596; x_wconf 83' lang='grc' dir='ltr'>τὰ</span> 
     </span>
    </p>
   </div>
   <div class='ocr_carea' id='block_1_83' title="bbox 2107 3635 3698 3708">
    <p class='ocr_par' dir='ltr' id='par_1_83' title="bbox 2107 3635 3698 3708">
     <span class='ocr_line' id='line_1_83' title="bbox 2107 3635 3698 3708; baseline -0.005 -13"><span class='ocrx_word' id='word_1_616' title='bbox 2107 3639 2508 3708; x_wconf 82' lang='grc' dir='ltr'>θυσιαστήριά</span> <span class='ocrx_word' id='word_1_617' title='bbox 2540 3657 2655 3694; x_wconf 90' lang='grc' dir='ltr'><strong>σου</strong></span> <span class='ocrx_word' id='word_1_618' title='bbox 2685 3640 3098 3706; x_wconf 71' lang='grc' dir='ltr'>κατέσκαψαν,</span> <span class='ocrx_word' id='word_1_619' title='bbox 3132 3635 3295 3706; x_wconf 72' lang='grc' dir='ltr'><strong>κάγὼ</strong></span> <span class='ocrx_word' id='word_1_620' title='bbox 3321 3637 3698 3704; x_wconf 68' lang='grc' dir='ltr'>ὑπελείφθην</span> 
     </span>
    </p>
   </div>
   <div class='ocr_carea' id='block_1_84' title="bbox 2102 3725 3691 3801">
    <p class='ocr_par' dir='ltr' id='par_1_84' title="bbox 2102 3725 3691 3801">
     <span class='ocr_line' id='line_1_84' title="bbox 2102 3725 3691 3801; baseline -0.004 -16"><span class='ocrx_word' id='word_1_621' title='bbox 2102 3734 2323 3801; x_wconf 87' lang='grc' dir='ltr'>μόνος,</span> <span class='ocrx_word' id='word_1_622' title='bbox 2359 3732 2457 3784; x_wconf 83' lang='grc' dir='ltr'>καὶ</span> <span class='ocrx_word' id='word_1_623' title='bbox 2503 3729 2745 3800; x_wconf 75' lang='grc' dir='ltr'>ζητοῦσι</span> <span class='ocrx_word' id='word_1_624' title='bbox 2797 3728 2913 3797; x_wconf 80' lang='grc' dir='ltr'>τὴν</span> <span class='ocrx_word' id='word_1_625' title='bbox 2953 3727 3168 3796; x_wconf 65' lang='grc' dir='ltr'>ψυχὴν</span> <span class='ocrx_word' id='word_1_626' title='bbox 3213 3726 3421 3780; x_wconf 71' lang='grc' dir='ltr'>λαϐεῖν</span> <span class='ocrx_word' id='word_1_627' title='bbox 3476 3725 3691 3791; x_wconf 86' lang='grc' dir='ltr'>αὑτήν.</span> 
     </span>
    </p>
   </div>
   <div class='ocr_carea' id='block_1_85' title="bbox 2110 3816 3696 3894">
    <p class='ocr_par' dir='ltr' id='par_1_85' title="bbox 2110 3816 3696 3894">
     <span class='ocr_line' id='line_1_85' title="bbox 2110 3816 3696 3894; baseline -0.004 -18"><span class='ocrx_word' id='word_1_628' title='bbox 2110 3824 2304 3893; x_wconf 81' lang='grc' dir='ltr'>Σαφῶς</span> <span class='ocrx_word' id='word_1_629' title='bbox 2331 3823 2387 3876; x_wconf 82' lang='grc' dir='ltr'>δὲ</span> <span class='ocrx_word' id='word_1_630' title='bbox 2411 3823 2650 3876; x_wconf 86' lang='grc' dir='ltr'>διδάσκει</span> <span class='ocrx_word' id='word_1_631' title='bbox 2683 3821 2955 3894; x_wconf 87' lang='grc' dir='ltr'>Ἱερεμίας</span> <span class='ocrx_word' id='word_1_632' title='bbox 2978 3819 3352 3894; x_wconf 83' lang='grc' dir='ltr'>ἐκλελοιπέναι</span> <span class='ocrx_word' id='word_1_633' title='bbox 3402 3818 3580 3871; x_wconf 90' lang='grc' dir='ltr'>πάντα</span> <span class='ocrx_word' id='word_1_634' title='bbox 3616 3816 3696 3870; x_wconf 66' lang='lat'><strong>6(-</strong></span> 
     </span>
    </p>
   </div>
   <div class='ocr_carea' id='block_1_86' title="bbox 2111 3909 3695 3981">
    <p class='ocr_par' dir='ltr' id='par_1_86' title="bbox 2111 3909 3695 3981">
     <span class='ocr_line' id='line_1_86' title="bbox 2111 3909 3695 3981; baseline -0.006 -12"><span class='ocrx_word' id='word_1_635' title='bbox 2111 3933 2262 3969; x_wconf 91' lang='grc' dir='ltr'>καιον</span> <span class='ocrx_word' id='word_1_636' title='bbox 2305 3917 2370 3968; x_wconf 87' lang='grc' dir='ltr'><strong>ἐκ</strong></span> <span class='ocrx_word' id='word_1_637' title='bbox 2405 3915 2498 3968; x_wconf 83' lang='grc' dir='ltr'>τοῦ</span> <span class='ocrx_word' id='word_1_638' title='bbox 2544 3914 2710 3978; x_wconf 79' lang='grc' dir='ltr'>λαοῦ,</span> <span class='ocrx_word' id='word_1_639' title='bbox 2755 3913 2966 3981; x_wconf 78' lang='grc' dir='ltr'>λέγων’</span> <span class='ocrx_word' id='word_1_640' title='bbox 3018 3909 3413 3978; x_wconf 75' lang='grc' dir='ltr'>Περιδράμετε</span> <span class='ocrx_word' id='word_1_641' title='bbox 3445 3909 3515 3961; x_wconf 85' lang='grc' dir='ltr'>ὲν</span> <span class='ocrx_word' id='word_1_642' title='bbox 3565 3909 3695 3974; x_wconf 82' lang='grc' dir='ltr'>ταῖς</span> 
     </span>
    </p>
   </div>
   <div class='ocr_carea' id='block_1_87' title="bbox 2110 3998 3695 4075">
    <p class='ocr_par' dir='ltr' id='par_1_87' title="bbox 2110 3998 3695 4075">
     <span class='ocr_line' id='line_1_87' title="bbox 2110 3998 3695 4075; baseline -0.007 -15"><span class='ocrx_word' id='word_1_643' title='bbox 2110 4006 2398 4075; x_wconf 67' lang='grc' dir='ltr'>ἀμφόδοις</span> <span class='ocrx_word' id='word_1_644' title='bbox 2455 4003 2876 4073; x_wconf 78' lang='grc' dir='ltr'>Ἰερουσαλὴμ,</span> <span class='ocrx_word' id='word_1_645' title='bbox 2928 4001 3026 4055; x_wconf 77' lang='grc' dir='ltr'>καὶ</span> <span class='ocrx_word' id='word_1_646' title='bbox 3086 4001 3156 4053; x_wconf 86' lang='grc' dir='ltr'>ἐν</span> <span class='ocrx_word' id='word_1_647' title='bbox 3201 4000 3329 4066; x_wconf 79' lang='grc' dir='ltr'>ταῖς</span> <span class='ocrx_word' id='word_1_648' title='bbox 3384 3998 3695 4064; x_wconf 78' lang='grc' dir='ltr'>πλατείαις</span> 
     </span>
    </p>
   </div>
   <div class='ocr_carea' id='block_1_88' title="bbox 2109 4091 3695 4167">
    <p class='ocr_par' dir='ltr' id='par_1_88' title="bbox 2109 4091 3695 4167">
     <span class='ocr_line' id='line_1_88' title="bbox 2109 4091 3695 4167; baseline -0.007 -14"><span class='ocrx_word' id='word_1_649' title='bbox 2109 4097 2320 4167; x_wconf 84' lang='grc' dir='ltr'>αὐτῆς,</span> <span class='ocrx_word' id='word_1_650' title='bbox 2355 4097 2453 4151; x_wconf 78' lang='grc' dir='ltr'>καὶ</span> <span class='ocrx_word' id='word_1_651' title='bbox 2487 4097 2642 4150; x_wconf 76' lang='grc' dir='ltr'>ἴδετε</span> <span class='ocrx_word' id='word_1_652' title='bbox 2669 4098 2721 4149; x_wconf 86' lang='grc' dir='ltr'><strong>εί</strong></span> <span class='ocrx_word' id='word_1_653' title='bbox 2753 4095 2886 4148; x_wconf 81' lang='grc' dir='ltr'>ἐστι</span> <span class='ocrx_word' id='word_1_654' title='bbox 2921 4091 3171 4157; x_wconf 87' lang='grc' dir='ltr'>συνιὼν,</span> <span class='ocrx_word' id='word_1_655' title='bbox 3205 4092 3305 4144; x_wconf 79' lang='grc' dir='ltr'>καὶ</span> <span class='ocrx_word' id='word_1_656' title='bbox 3350 4092 3525 4155; x_wconf 79' lang='grc' dir='ltr'>ἵλεως</span> <span class='ocrx_word' id='word_1_657' title='bbox 3553 4091 3695 4143; x_wconf 78' lang='grc' dir='ltr'>ἔσο-</span> 
     </span>
    </p>
   </div>
   <div class='ocr_carea' id='block_1_89' title="bbox 2104 4181 3696 4261">
    <p class='ocr_par' dir='ltr' id='par_1_89' title="bbox 2104 4181 3696 4261">
     <span class='ocr_line' id='line_1_89' title="bbox 2104 4181 3696 4261; baseline -0.007 -16"><span class='ocrx_word' id='word_1_658' title='bbox 2104 4209 2210 4261; x_wconf 88' lang='grc' dir='ltr'><strong>μαι</strong></span> <span class='ocrx_word' id='word_1_659' title='bbox 2231 4189 2453 4255; x_wconf 80' lang='grc' dir='ltr'>αὐτοῖς.</span> <span class='ocrx_word' id='word_1_660' title='bbox 2475 4185 2586 4242; x_wconf 79' lang='grc' dir='ltr'><strong>Εἶτ’</strong></span> <span class='ocrx_word' id='word_1_661' title='bbox 2612 4187 2798 4257; x_wconf 82' lang='grc' dir='ltr'>ἐπειδὴ</span> <span class='ocrx_word' id='word_1_662' title='bbox 2823 4187 2884 4238; x_wconf 87' lang='grc' dir='ltr'><strong>τὸ</strong></span> <span class='ocrx_word' id='word_1_663' title='bbox 2906 4186 3110 4256; x_wconf 81' lang='grc' dir='ltr'>πλῆθος</span> <span class='ocrx_word' id='word_1_664' title='bbox 3130 4186 3238 4236; x_wconf 87' lang='grc' dir='ltr'><strong>τῶν</strong></span> <span class='ocrx_word' id='word_1_665' title='bbox 3267 4183 3454 4236; x_wconf 89' lang='grc' dir='ltr'>κακῶν</span> <span class='ocrx_word' id='word_1_666' title='bbox 3484 4181 3696 4253; x_wconf 87' lang='grc' dir='ltr'>ἀνδρῶν</span> 
     </span>
    </p>
   </div>
   <div class='ocr_carea' id='block_1_90' title="bbox 2112 4273 3696 4352">
    <p class='ocr_par' dir='ltr' id='par_1_90' title="bbox 2112 4273 3696 4352">
     <span class='ocr_line' id='line_1_90' title="bbox 2112 4273 3696 4352; baseline -0.006 -18"><span class='ocrx_word' id='word_1_667' title='bbox 2112 4281 2288 4351; x_wconf 71' lang='grc' dir='ltr'>θλίψιν</span> <span class='ocrx_word' id='word_1_668' title='bbox 2318 4283 2544 4352; x_wconf 83' lang='grc' dir='ltr'>παρεῖχε</span> <span class='ocrx_word' id='word_1_669' title='bbox 2571 4279 2650 4350; x_wconf 81' lang='grc' dir='ltr'>τῷ</span> <span class='ocrx_word' id='word_1_670' title='bbox 2686 4279 2900 4349; x_wconf 86' lang='grc' dir='ltr'>δικαίῳ,</span> <span class='ocrx_word' id='word_1_671' title='bbox 2937 4274 3354 4349; x_wconf 78' lang='grc' dir='ltr'>σκυθρωπάζειν</span> <span class='ocrx_word' id='word_1_672' title='bbox 3390 4273 3483 4326; x_wconf 70' lang='grc' dir='ltr'><strong>ἐπὶ</strong></span> <span class='ocrx_word' id='word_1_673' title='bbox 3517 4273 3696 4342; x_wconf 88' lang='grc' dir='ltr'>τούτῳ</span> 
     </span>
    </p>
   </div>
   <div class='ocr_carea' id='block_1_91' title="bbox 2111 4365 3696 4439">
    <p class='ocr_par' dir='ltr' id='par_1_91' title="bbox 2111 4365 3696 4439">
     <span class='ocr_line' id='line_1_91' title="bbox 2111 4365 3696 4439; baseline -0.002 -16"><span class='ocrx_word' id='word_1_674' title='bbox 2111 4371 2326 4439; x_wconf 78' lang='grc' dir='ltr'>ἔλεγεν·</span> <span class='ocrx_word' id='word_1_675' title='bbox 2377 4371 2501 4424; x_wconf 85' lang='grc' dir='ltr'>Ἵνα</span> <span class='ocrx_word' id='word_1_676' title='bbox 2544 4372 2602 4424; x_wconf 86' lang='grc' dir='ltr'><strong>τί</strong></span> <span class='ocrx_word' id='word_1_677' title='bbox 2651 4367 3088 4436; x_wconf 78' lang='grc' dir='ltr'>σκυθρωπάζων</span> <span class='ocrx_word' id='word_1_678' title='bbox 3137 4368 3461 4436; x_wconf 82' lang='grc' dir='ltr'>πορεύομαι</span> <span class='ocrx_word' id='word_1_679' title='bbox 3501 4369 3572 4420; x_wconf 81' lang='grc' dir='ltr'><strong>ἐν</strong></span> <span class='ocrx_word' id='word_1_680' title='bbox 3615 4365 3696 4430; x_wconf 84' lang='grc' dir='ltr'>τῷ</span> 
     </span>
    </p>
   </div>
   <div class='ocr_carea' id='block_1_92' title="bbox 2110 4457 3695 4531">
    <p class='ocr_par' dir='ltr' id='par_1_92' title="bbox 2110 4457 3695 4531">
     <span class='ocr_line' id='line_1_92' title="bbox 2110 4457 3695 4531; baseline -0.004 -15"><span class='ocrx_word' id='word_1_681' title='bbox 2110 4463 2394 4531; x_wconf 67' lang='grc' dir='ltr'>ἐκθλίψαι</span> <span class='ocrx_word' id='word_1_682' title='bbox 2434 4463 2694 4530; x_wconf 85' lang='grc' dir='ltr'>ἐχθρόν;</span> <span class='ocrx_word' id='word_1_683' title='bbox 2725 4462 2835 4515; x_wconf 76' lang='grc' dir='ltr'>Καὶ</span> <span class='ocrx_word' id='word_1_684' title='bbox 2866 4459 3039 4521; x_wconf 78' lang='grc' dir='ltr'>ἄλλως</span> <span class='ocrx_word' id='word_1_685' title='bbox 3065 4459 3143 4526; x_wconf 81' lang='grc' dir='ltr'><strong>δὲ,</strong></span> <span class='ocrx_word' id='word_1_686' title='bbox 3176 4458 3284 4511; x_wconf 87' lang='grc' dir='ltr'><strong>τῶν</strong></span> <span class='ocrx_word' id='word_1_687' title='bbox 3345 4458 3553 4529; x_wconf 85' lang='grc' dir='ltr'>ἐχθρῶν</span> <span class='ocrx_word' id='word_1_688' title='bbox 3599 4457 3695 4510; x_wconf 77' lang='grc' dir='ltr'><strong>καὶ</strong></span> 
     </span>
    </p>
   </div>
   <div class='ocr_carea' id='block_1_93' title="bbox 2113 4549 3696 4630">
    <p class='ocr_par' dir='ltr' id='par_1_93' title="bbox 2113 4549 3696 4630">
     <span class='ocr_line' id='line_1_93' title="bbox 2113 4549 3696 4630; baseline -0.003 -23"><span class='ocrx_word' id='word_1_689' title='bbox 2113 4554 2390 4624; x_wconf 88' lang='grc' dir='ltr'>πολεμίων</span> <span class='ocrx_word' id='word_1_690' title='bbox 2425 4553 2713 4608; x_wconf 88' lang='grc' dir='ltr'>θλιϐόντων</span> <span class='ocrx_word' id='word_1_691' title='bbox 2747 4553 2839 4605; x_wconf 74' lang='grc' dir='ltr'>καὶ</span> <span class='ocrx_word' id='word_1_692' title='bbox 2879 4551 3351 4622; x_wconf 86' lang='grc' dir='ltr'>ἐπικρατεστέρων</span> <span class='ocrx_word' id='word_1_693' title='bbox 3385 4549 3696 4630; x_wconf 79' lang='grc' dir='ltr'>γενομένων</span> 
     </span>
    </p>
   </div>
   <div class='ocr_carea' id='block_1_94' title="bbox 433 4641 2008 4717">
    <p class='ocr_par' dir='ltr' id='par_1_94' title="bbox 433 4647 2008 4717">
     <span class='ocr_line' id='line_1_94' title="bbox 433 4647 2008 4717; baseline -0.003 -13"><span class='ocrx_word' id='word_1_694' title='bbox 433 4651 596 4712; x_wconf 87' lang='lat' dir='ltr'><strong>lebat,</strong></span> <span class='ocrx_word' id='word_1_695' title='bbox 625 4649 742 4703; x_wconf 91' lang='lat' dir='ltr'><strong>zelo</strong></span> <span class='ocrx_word' id='word_1_696' title='bbox 769 4648 961 4716; x_wconf 89' lang='lat' dir='ltr'><strong>plenus</strong></span> <span class='ocrx_word' id='word_1_697' title='bbox 991 4647 1061 4701; x_wconf 91' lang='lat' dir='ltr'><strong>ob</strong></span> <span class='ocrx_word' id='word_1_698' title='bbox 1092 4661 1387 4716; x_wconf 86' lang='lat' dir='ltr'><strong>prosperas</strong></span> <span class='ocrx_word' id='word_1_699' title='bbox 1411 4647 1695 4702; x_wconf 88' lang='lat' dir='ltr'><strong>atbeorum</strong></span> <span class='ocrx_word' id='word_1_700' title='bbox 1729 4655 1784 4702; x_wconf 91' lang='lat' dir='ltr'><strong>et</strong></span> <span class='ocrx_word' id='word_1_701' title='bbox 1817 4648 2008 4717; x_wconf 88' lang='lat' dir='ltr'><strong>impio-</strong></span> 
     </span>
    </p>
   </div>
   <div class='ocr_carea' id='block_1_95' title="bbox 2112 4641 3694 4717">
    <p class='ocr_par' dir='ltr' id='par_1_95' title="bbox 2112 4641 3694 4714">
     <span class='ocr_line' id='line_1_95' title="bbox 2112 4641 3694 4714; baseline -0.003 -16"><span class='ocrx_word' id='word_1_702' title='bbox 2112 4645 2202 4698; x_wconf 81' lang='grc' dir='ltr'><strong>τοῦ</strong></span> <span class='ocrx_word' id='word_1_703' title='bbox 2252 4645 2475 4709; x_wconf 79' lang='grc' dir='ltr'>ἔθνους,</span> <span class='ocrx_word' id='word_1_704' title='bbox 2527 4646 2555 4696; x_wconf 84' lang='grc' dir='ltr'>ὁ</span> <span class='ocrx_word' id='word_1_705' title='bbox 2601 4643 2679 4714; x_wconf 80' lang='grc' dir='ltr'>τῷ</span> <span class='ocrx_word' id='word_1_706' title='bbox 2711 4643 2830 4714; x_wconf 88' lang='grc' dir='ltr'><strong>Θεῴ</strong></span> <span class='ocrx_word' id='word_1_707' title='bbox 2880 4643 3236 4712; x_wconf 86' lang='grc' dir='ltr'>ἀνακείμενος</span> <span class='ocrx_word' id='word_1_708' title='bbox 3290 4641 3546 4694; x_wconf 84' lang='grc' dir='ltr'>ἐδάκνετο</span> <span class='ocrx_word' id='word_1_709' title='bbox 3591 4641 3694 4710; x_wconf 80' lang='grc' dir='ltr'>τὴν</span> 
     </span>
    </p>
   </div>
   <div class='ocr_carea' id='block_1_96' title="bbox 434 4739 2009 4810">
    <p class='ocr_par' dir='ltr' id='par_1_96' title="bbox 434 4739 2009 4810">
     <span class='ocr_line' id='line_1_96' title="bbox 434 4739 2009 4810; baseline -0.001 -14"><span class='ocrx_word' id='word_1_710' title='bbox 434 4757 555 4796; x_wconf 91' lang='lat' dir='ltr'><strong>rum</strong></span> <span class='ocrx_word' id='word_1_711' title='bbox 581 4741 860 4793; x_wconf 88' lang='lat' dir='ltr'><strong>hominum</strong></span> <span class='ocrx_word' id='word_1_712' title='bbox 905 4755 1014 4793; x_wconf 89' lang='lat' dir='ltr'><strong>res.</strong></span> <span class='ocrx_word' id='word_1_713' title='bbox 1066 4739 1245 4805; x_wconf 86' lang='lat' dir='ltr'><strong>Quare</strong></span> <span class='ocrx_word' id='word_1_714' title='bbox 1289 4740 1746 4810; x_wconf 87' lang='lat' dir='ltr'><strong>supplicationem</strong></span> <span class='ocrx_word' id='word_1_715' title='bbox 1795 4740 2009 4794; x_wconf 82' lang='lat' dir='ltr'><strong>emitte-</strong></span> 
     </span>
    </p>
   </div>
   <div class='ocr_carea' id='block_1_97' title="bbox 431 4831 2008 4901">
    <p class='ocr_par' dir='ltr' id='par_1_97' title="bbox 431 4831 2008 4901">
     <span class='ocr_line' id='line_1_97' title="bbox 431 4831 2008 4901; baseline -0.003 -14"><span class='ocrx_word' id='word_1_716' title='bbox 431 4835 548 4899; x_wconf 89' lang='lat' dir='ltr'><strong>bat,</strong></span> <span class='ocrx_word' id='word_1_717' title='bbox 597 4841 656 4886; x_wconf 89' lang='lat' dir='ltr'><strong>ut</strong></span> <span class='ocrx_word' id='word_1_718' title='bbox 700 4831 862 4895; x_wconf 86' lang='lat' dir='ltr'><strong>Deus,</strong></span> <span class='ocrx_word' id='word_1_719' title='bbox 915 4832 1010 4901; x_wconf 91' lang='lat' dir='ltr'><strong>qui</strong></span> <span class='ocrx_word' id='word_1_720' title='bbox 1050 4831 1117 4886; x_wconf 93' lang='lat' dir='ltr'><strong>de</strong></span> <span class='ocrx_word' id='word_1_721' title='bbox 1166 4845 1336 4886; x_wconf 88' lang='lat' dir='ltr'><strong>causa</strong></span> <span class='ocrx_word' id='word_1_722' title='bbox 1384 4845 1484 4886; x_wconf 83' lang='lat' dir='ltr'><strong>sua</strong></span> <span class='ocrx_word' id='word_1_723' title='bbox 1525 4831 1894 4900; x_wconf 87' lang='lat' dir='ltr'><strong>judicaverat,</strong></span> <span class='ocrx_word' id='word_1_724' title='bbox 1943 4844 2008 4884; x_wconf 91' lang='lat' dir='ltr'><strong>ac</strong></span> 
     </span>
    </p>
   </div>
   <div class='ocr_carea' id='block_1_98' title="bbox 431 4921 2006 4994">
    <p class='ocr_par' dir='ltr' id='par_1_98' title="bbox 431 4921 2006 4994">
     <span class='ocr_line' id='line_1_98' title="bbox 431 4921 2006 4994; baseline -0.001 -16"><span class='ocrx_word' id='word_1_725' title='bbox 431 4931 824 4994; x_wconf 82' lang='lat' dir='ltr'><strong>congruentem</strong></span> <span class='ocrx_word' id='word_1_726' title='bbox 858 4922 924 4977; x_wconf 87' lang='lat' dir='ltr'><strong>de</strong></span> <span class='ocrx_word' id='word_1_727' title='bbox 965 4937 1024 4977; x_wconf 90' lang='lat' dir='ltr'><strong>se</strong></span> <span class='ocrx_word' id='word_1_728' title='bbox 1061 4923 1386 4978; x_wconf 89' lang='lat' dir='ltr'><strong>sententiam</strong></span> <span class='ocrx_word' id='word_1_729' title='bbox 1434 4922 1660 4986; x_wconf 87' lang='lat' dir='ltr'><strong>tulerat,</strong></span> <span class='ocrx_word' id='word_1_730' title='bbox 1698 4921 2006 4977; x_wconf 89' lang='lat' dir='ltr'><strong>mercedem</strong></span> 
     </span>
    </p>
   </div>
   <div class='ocr_carea' id='block_1_99' title="bbox 431 5012 2010 5083">
    <p class='ocr_par' dir='ltr' id='par_1_99' title="bbox 431 5012 2010 5083">
     <span class='ocr_line' id='line_1_99' title="bbox 431 5012 2010 5083; baseline -0.002 -15"><span class='ocrx_word' id='word_1_731' title='bbox 431 5023 581 5070; x_wconf 87' lang='lat' dir='ltr'><strong>recte</strong></span> <span class='ocrx_word' id='word_1_732' title='bbox 614 5014 775 5070; x_wconf 89' lang='lat' dir='ltr'><strong>factis</strong></span> <span class='ocrx_word' id='word_1_733' title='bbox 823 5013 940 5070; x_wconf 86' lang='lat' dir='ltr'><strong>suis</strong></span> <span class='ocrx_word' id='word_1_734' title='bbox 974 5013 1239 5079; x_wconf 91' lang='lat' dir='ltr'><strong>debitam,</strong></span> <span class='ocrx_word' id='word_1_735' title='bbox 1285 5013 1558 5070; x_wconf 64' lang='lat' dir='ltr'><strong>universae</strong></span> <span class='ocrx_word' id='word_1_736' title='bbox 1599 5013 1786 5083; x_wconf 89' lang='lat' dir='ltr'><strong>populi</strong></span> <span class='ocrx_word' id='word_1_737' title='bbox 1823 5012 2010 5066; x_wconf 89' lang='lat' dir='ltr'><strong>multi-</strong></span> 
     </span>
    </p>
   </div>
   <div class='ocr_carea' id='block_1_100' title="bbox 431 5105 2007 5176">
    <p class='ocr_par' dir='ltr' id='par_1_100' title="bbox 431 5105 2007 5176">
     <span class='ocr_line' id='line_1_100' title="bbox 431 5105 2007 5176; baseline -0.001 -17"><span class='ocrx_word' id='word_1_738' title='bbox 431 5107 608 5159; x_wconf 91' lang='lat' dir='ltr'><strong>tudini</strong></span> <span class='ocrx_word' id='word_1_739' title='bbox 639 5105 954 5176; x_wconf 87' lang='lat' dir='ltr'><strong>largiretur,</strong></span> <span class='ocrx_word' id='word_1_740' title='bbox 993 5112 1049 5159; x_wconf 91' lang='lat' dir='ltr'><strong>et</strong></span> <span class='ocrx_word' id='word_1_741' title='bbox 1095 5105 1180 5160; x_wconf 89' lang='lat' dir='ltr'><strong>sui</strong></span> <span class='ocrx_word' id='word_1_742' title='bbox 1230 5118 1400 5159; x_wconf 89' lang='lat' dir='ltr'><strong>causa</strong></span> <span class='ocrx_word' id='word_1_743' title='bbox 1442 5119 1636 5160; x_wconf 87' lang='lat' dir='ltr'><strong>onmes</strong></span> <span class='ocrx_word' id='word_1_744' title='bbox 1670 5107 1906 5176; x_wconf 85' lang='lat' dir='ltr'><strong>eriperet</strong></span> <span class='ocrx_word' id='word_1_745' title='bbox 1938 5105 2007 5158; x_wconf 90' lang='lat' dir='ltr'><strong>de</strong></span> 
     </span>
    </p>
   </div>
   <div class='ocr_carea' id='block_1_101' title="bbox 432 5193 2011 5265">
    <p class='ocr_par' dir='ltr' id='par_1_101' title="bbox 432 5193 2011 5265">
     <span class='ocr_line' id='line_1_101' title="bbox 432 5193 2011 5265; baseline -0.001 -17"><span class='ocrx_word' id='word_1_746' title='bbox 432 5212 597 5249; x_wconf 87' lang='lat' dir='ltr'><strong>manu</strong></span> <span class='ocrx_word' id='word_1_747' title='bbox 633 5195 1014 5262; x_wconf 87' lang='lat' dir='ltr'><strong>inimicorum;</strong></span> <span class='ocrx_word' id='word_1_748' title='bbox 1045 5202 1107 5248; x_wconf 92' lang='lat' dir='ltr'><strong>ut</strong></span> <span class='ocrx_word' id='word_1_749' title='bbox 1137 5193 1595 5265; x_wconf 88' lang='lat' dir='ltr'><strong>quemadmodum</strong></span> <span class='ocrx_word' id='word_1_750' title='bbox 1631 5194 1753 5264; x_wconf 87' lang='lat' dir='ltr'><strong>ipse</strong></span> <span class='ocrx_word' id='word_1_751' title='bbox 1781 5194 2011 5250; x_wconf 78' lang='lat' dir='ltr'><strong>delicto-</strong></span> 
     </span>
    </p>
   </div>
   <div class='ocr_carea' id='block_1_102' title="bbox 433 5286 2007 5357">
    <p class='ocr_par' dir='ltr' id='par_1_102' title="bbox 433 5286 2007 5357">
     <span class='ocr_line' id='line_1_102' title="bbox 433 5286 2007 5357; baseline 0 -20"><span class='ocrx_word' id='word_1_752' title='bbox 433 5301 556 5339; x_wconf 88' lang='lat' dir='ltr'><strong>rum</strong></span> <span class='ocrx_word' id='word_1_753' title='bbox 581 5286 767 5357; x_wconf 89' lang='lat' dir='ltr'><strong>populi</strong></span> <span class='ocrx_word' id='word_1_754' title='bbox 794 5289 1067 5356; x_wconf 88' lang='lat' dir='ltr'><strong>particeps</strong></span> <span class='ocrx_word' id='word_1_755' title='bbox 1096 5286 1302 5351; x_wconf 83' lang='lat' dir='ltr'><strong>fuerat,</strong></span> <span class='ocrx_word' id='word_1_756' title='bbox 1345 5287 1420 5340; x_wconf 93' lang='lat' dir='ltr'><strong>ita</strong></span> <span class='ocrx_word' id='word_1_757' title='bbox 1460 5287 1696 5357; x_wconf 86' lang='lat' dir='ltr'><strong>pepulus</strong></span> <span class='ocrx_word' id='word_1_758' title='bbox 1736 5287 2007 5341; x_wconf 89' lang='lat' dir='ltr'><strong>bonorum</strong></span> 
     </span>
    </p>
   </div>
   <div class='ocr_carea' id='block_1_103' title="bbox 434 5375 2010 5446">
    <p class='ocr_par' dir='ltr' id='par_1_103' title="bbox 434 5375 2010 5446">
     <span class='ocr_line' id='line_1_103' title="bbox 434 5375 2010 5446; baseline 0.001 -18"><span class='ocrx_word' id='word_1_759' title='bbox 434 5393 658 5446; x_wconf 88' lang='lat' dir='ltr'><strong>operum</strong></span> <span class='ocrx_word' id='word_1_760' title='bbox 725 5378 898 5446; x_wconf 87' lang='lat' dir='ltr'><strong>ipsius</strong></span> <span class='ocrx_word' id='word_1_761' title='bbox 944 5392 1172 5432; x_wconf 90' lang='lat' dir='ltr'><strong>consors</strong></span> <span class='ocrx_word' id='word_1_762' title='bbox 1219 5386 1383 5433; x_wconf 89' lang='lat' dir='ltr'><strong>esset.</strong></span> <span class='ocrx_word' id='word_1_763' title='bbox 1436 5375 1593 5432; x_wconf 89' lang='lat' dir='ltr'><strong>Sicut</strong></span> <span class='ocrx_word' id='word_1_764' title='bbox 1639 5385 1822 5432; x_wconf 91' lang='lat' dir='ltr'><strong>autem</strong></span> <span class='ocrx_word' id='word_1_765' title='bbox 1873 5375 2010 5446; x_wconf 89' lang='lat' dir='ltr'><strong>justi</strong></span> 
     </span>
    </p>
   </div>
   <div class='ocr_carea' id='block_1_104' title="bbox 437 5469 2012 5540">
    <p class='ocr_par' dir='ltr' id='par_1_104' title="bbox 437 5469 2012 5540">
     <span class='ocr_line' id='line_1_104' title="bbox 437 5469 2012 5540; baseline 0.001 -18"><span class='ocrx_word' id='word_1_766' title='bbox 437 5470 682 5525; x_wconf 86' lang='lat' dir='ltr'><strong>homines</strong></span> <span class='ocrx_word' id='word_1_767' title='bbox 705 5471 796 5540; x_wconf 91' lang='lat' dir='ltr'><strong>qui</strong></span> <span class='ocrx_word' id='word_1_768' title='bbox 821 5469 889 5525; x_wconf 87' lang='lat' dir='ltr'><strong>ad</strong></span> <span class='ocrx_word' id='word_1_769' title='bbox 915 5470 1205 5524; x_wconf 87' lang='lat' dir='ltr'><strong>tribunalia</strong></span> <span class='ocrx_word' id='word_1_770' title='bbox 1226 5470 1376 5524; x_wconf 91' lang='lat' dir='ltr'><strong>litem</strong></span> <span class='ocrx_word' id='word_1_771' title='bbox 1405 5469 1630 5534; x_wconf 86' lang='lat' dir='ltr'><strong>habent,</strong></span> <span class='ocrx_word' id='word_1_772' title='bbox 1659 5469 1878 5539; x_wconf 90' lang='lat' dir='ltr'><strong>judices</strong></span> <span class='ocrx_word' id='word_1_773' title='bbox 1909 5470 2012 5524; x_wconf 87' lang='lat' dir='ltr'><strong>ob-</strong></span> 
     </span>
    </p>
   </div>
   <div class='ocr_carea' id='block_1_105' title="bbox 438 5562 1998 5632">
    <p class='ocr_par' dir='ltr' id='par_1_105' title="bbox 438 5562 1998 5632">
     <span class='ocr_line' id='line_1_105' title="bbox 438 5562 1998 5632; baseline 0.003 -18"><span class='ocrx_word' id='word_1_774' title='bbox 438 5575 653 5616; x_wconf 86' lang='lat' dir='ltr'><strong>secrant</strong></span> <span class='ocrx_word' id='word_1_775' title='bbox 677 5571 735 5616; x_wconf 88' lang='lat' dir='ltr'><strong>ut</strong></span> <span class='ocrx_word' id='word_1_776' title='bbox 754 5563 958 5632; x_wconf 90' lang='lat' dir='ltr'><strong>justam</strong></span> <span class='ocrx_word' id='word_1_777' title='bbox 993 5579 1215 5618; x_wconf 90' lang='lat' dir='ltr'><strong>causam</strong></span> <span class='ocrx_word' id='word_1_778' title='bbox 1263 5577 1419 5618; x_wconf 90' lang='lat' dir='ltr'><strong>suam</strong></span> <span class='ocrx_word' id='word_1_779' title='bbox 1447 5562 1694 5625; x_wconf 86' lang='lat' dir='ltr'><strong>audiant,</strong></span> <span class='ocrx_word' id='word_1_780' title='bbox 1731 5572 1894 5632; x_wconf 89' lang='lat' dir='ltr'><strong>atque</strong></span> <span class='ocrx_word' id='word_1_781' title='bbox 1931 5578 1998 5618; x_wconf 80' lang='lat' dir='ltr'><strong>ex</strong></span> 
     </span>
    </p>
   </div>
   <div class='ocr_carea' id='block_1_106' title="bbox 437 5654 1987 5728">
    <p class='ocr_par' dir='ltr' id='par_1_106' title="bbox 437 5654 1987 5728">
     <span class='ocr_line' id='line_1_106' title="bbox 437 5654 1987 5728; baseline -0.001 -16"><span class='ocrx_word' id='word_1_782' title='bbox 437 5666 590 5726; x_wconf 70' lang='grc' dir='ltr'>θεεμιο</span> <span class='ocrx_word' id='word_1_783' title='bbox 618 5664 672 5728; x_wconf 80' lang='lat' dir='ltr'><strong>et</strong></span> <span class='ocrx_word' id='word_1_784' title='bbox 700 5656 840 5710; x_wconf 91' lang='lat' dir='ltr'><strong>bono</strong></span> <span class='ocrx_word' id='word_1_785' title='bbox 869 5657 1192 5712; x_wconf 87' lang='lat' dir='ltr'><strong>sententiam</strong></span> <span class='ocrx_word' id='word_1_786' title='bbox 1221 5655 1326 5710; x_wconf 86' lang='lat' dir='ltr'><strong>sibi</strong></span> <span class='ocrx_word' id='word_1_787' title='bbox 1358 5654 1534 5712; x_wconf 83' lang='lat' dir='ltr'><strong>ferant</strong></span> <span class='ocrx_word' id='word_1_788' title='bbox 1555 5671 1570 5717; x_wconf 83' lang='lat'><strong>;</strong></span> <span class='ocrx_word' id='word_1_789' title='bbox 1593 5654 1786 5710; x_wconf 85' lang='lat' dir='ltr'><strong>eodem</strong></span> <span class='ocrx_word' id='word_1_790' title='bbox 1825 5655 1987 5711; x_wconf 89' lang='lat' dir='ltr'><strong>modo</strong></span> 
     </span>
    </p>
   </div>
   <div class='ocr_carea' id='block_1_107' title="bbox 511 5805 1632 5885">
    <p class='ocr_par' dir='ltr' id='par_1_107' title="bbox 511 5805 1632 5885">
     <span class='ocr_line' id='line_1_107' title="bbox 511 5805 1632 5885; baseline 0.006 -25"><span class='ocrx_word' id='word_1_791' title='bbox 511 5806 555 5842; x_wconf 62' lang='grc'><strong>⁸⁸</strong></span> <span class='ocrx_word' id='word_1_792' title='bbox 595 5805 658 5861; x_wconf 88' lang='grc'><strong>111</strong></span> <span class='ocrx_word' id='word_1_793' title='bbox 690 5806 820 5885; x_wconf 79' lang='lat' dir='ltr'><strong>Reg.</strong></span> <span class='ocrx_word' id='word_1_794' title='bbox 857 5825 978 5873; x_wconf 71' lang='lat' dir='ltr'><strong>nx,</strong></span> <span class='ocrx_word' id='word_1_795' title='bbox 1017 5811 1102 5866; x_wconf 78' lang='grc' dir='ltr'><strong>Η.</strong></span> <span class='ocrx_word' id='word_1_796' title='bbox 1178 5810 1221 5844; x_wconf 73' lang='grc'><strong>’⁸⁸</strong></span> <span class='ocrx_word' id='word_1_797' title='bbox 1258 5809 1456 5867; x_wconf 76' lang='lat' dir='ltr'><strong>Jerem.</strong></span> <span class='ocrx_word' id='word_1_798' title='bbox 1492 5825 1547 5878; x_wconf 78' lang='grc' dir='ltr'><strong>ν,</strong></span> <span class='ocrx_word' id='word_1_799' title='bbox 1582 5809 1632 5867; x_wconf 82' lang='grc'><strong>1.</strong></span> 
     </span>
    </p>
   </div>
   <div class='ocr_carea' id='block_1_108' title="bbox 2114 4733 3694 4809">
    <p class='ocr_par' dir='ltr' id='par_1_108' title="bbox 2114 4733 3694 4809">
     <span class='ocr_line' id='line_1_108' title="bbox 2114 4733 3694 4809; baseline -0.004 -19"><span class='ocrx_word' id='word_1_800' title='bbox 2114 4738 2315 4809; x_wconf 76' lang='grc' dir='ltr'>ψυχὴν,</span> <span class='ocrx_word' id='word_1_801' title='bbox 2366 4737 2527 4809; x_wconf 80' lang='grc' dir='ltr'>ζήλου</span> <span class='ocrx_word' id='word_1_802' title='bbox 2573 4736 2946 4808; x_wconf 84' lang='grc' dir='ltr'>πληρούμενος</span> <span class='ocrx_word' id='word_1_803' title='bbox 2993 4735 3087 4787; x_wconf 75' lang='grc' dir='ltr'><strong>ἐπὶ</strong></span> <span class='ocrx_word' id='word_1_804' title='bbox 3118 4738 3185 4806; x_wconf 81' lang='grc' dir='ltr'><strong>τῇ</strong></span> <span class='ocrx_word' id='word_1_805' title='bbox 3231 4734 3340 4787; x_wconf 89' lang='grc' dir='ltr'><strong>τῶν</strong></span> <span class='ocrx_word' id='word_1_806' title='bbox 3378 4733 3555 4787; x_wconf 87' lang='grc' dir='ltr'>ἀθέων</span> <span class='ocrx_word' id='word_1_807' title='bbox 3599 4733 3694 4786; x_wconf 78' lang='grc' dir='ltr'><strong>καὶ</strong></span> 
     </span>
    </p>
   </div>
   <div class='ocr_carea' id='block_1_109' title="bbox 2116 4810 3696 4903">
    <p class='ocr_par' dir='ltr' id='par_1_109' title="bbox 2116 4810 3696 4903">
     <span class='ocr_line' id='line_1_109' title="bbox 2116 4810 3696 4903; baseline -0.004 -18"><span class='ocrx_word' id='word_1_808' title='bbox 2116 4831 2326 4885; x_wconf 88' lang='grc' dir='ltr'>ἀσεϐῶν</span> <span class='ocrx_word' id='word_1_809' title='bbox 2379 4830 2587 4903; x_wconf 90' lang='grc' dir='ltr'>ἀνδρῶν</span> <span class='ocrx_word' id='word_1_810' title='bbox 2633 4830 2932 4901; x_wconf 76' lang='grc' dir='ltr'>εὐπραγίᾳ.</span> <span class='ocrx_word' id='word_1_811' title='bbox 2975 4829 3066 4882; x_wconf 82' lang='grc' dir='ltr'>Διὸ</span> <span class='ocrx_word' id='word_1_812' title='bbox 3125 4828 3222 4882; x_wconf 72' lang='grc' dir='ltr'>καὶ</span> <span class='ocrx_word' id='word_1_813' title='bbox 3270 4828 3552 4898; x_wconf 79' lang='grc' dir='ltr'>ἱκετηρίαν</span> <span class='ocrx_word' id='word_1_814' title='bbox 3599 4810 3696 4879; x_wconf 63' lang='grc' dir='ltr'><strong>ἀνέ</strong></span> 
     </span>
    </p>
   </div>
   <div class='ocr_carea' id='block_1_110' title="bbox 2115 4918 3695 4995">
    <p class='ocr_par' dir='ltr' id='par_1_110' title="bbox 2115 4918 3695 4995">
     <span class='ocr_line' id='line_1_110' title="bbox 2115 4918 3695 4995; baseline -0.004 -18"><span class='ocrx_word' id='word_1_815' title='bbox 2115 4925 2382 4995; x_wconf 84' lang='grc' dir='ltr'>ἐπεμπεν,</span> <span class='ocrx_word' id='word_1_816' title='bbox 2411 4923 2486 4987; x_wconf 87' lang='grc' dir='ltr'>ὼς</span> <span class='ocrx_word' id='word_1_817' title='bbox 2511 4923 2597 4986; x_wconf 87' lang='grc' dir='ltr'><strong>ἂν,</strong></span> <span class='ocrx_word' id='word_1_818' title='bbox 2625 4923 2814 4993; x_wconf 89' lang='grc' dir='ltr'>κρίνας</span> <span class='ocrx_word' id='word_1_819' title='bbox 2832 4923 2859 4973; x_wconf 88' lang='grc' dir='ltr'>ὁ</span> <span class='ocrx_word' id='word_1_820' title='bbox 2880 4920 3011 4983; x_wconf 82' lang='grc' dir='ltr'>Θεὸς</span> <span class='ocrx_word' id='word_1_821' title='bbox 3035 4920 3128 4973; x_wconf 74' lang='grc' dir='ltr'>καὶ</span> <span class='ocrx_word' id='word_1_822' title='bbox 3155 4919 3384 4982; x_wconf 88' lang='grc' dir='ltr'>δικάσας</span> <span class='ocrx_word' id='word_1_823' title='bbox 3409 4918 3576 4990; x_wconf 83' lang='grc' dir='ltr'>αὐτῷ,</span> <span class='ocrx_word' id='word_1_824' title='bbox 3602 4919 3695 4972; x_wconf 78' lang='grc' dir='ltr'>καὶ</span> 
     </span>
    </p>
   </div>
   <div class='ocr_carea' id='block_1_111' title="bbox 2113 5009 3692 5089">
    <p class='ocr_par' dir='ltr' id='par_1_111' title="bbox 2113 5009 3692 5089">
     <span class='ocr_line' id='line_1_111' title="bbox 2113 5009 3692 5089; baseline -0.004 -19"><span class='ocrx_word' id='word_1_825' title='bbox 2113 5019 2214 5089; x_wconf 78' lang='grc' dir='ltr'>τὴν</span> <span class='ocrx_word' id='word_1_826' title='bbox 2239 5017 2552 5089; x_wconf 80' lang='grc' dir='ltr'>πρέπουσαν</span> <span class='ocrx_word' id='word_1_827' title='bbox 2585 5015 2714 5084; x_wconf 71' lang='grc' dir='ltr'>περὶ</span> <span class='ocrx_word' id='word_1_828' title='bbox 2745 5012 2908 5067; x_wconf 77' lang='grc' dir='ltr'>αὐτοῦ</span> <span class='ocrx_word' id='word_1_829' title='bbox 2941 5013 3096 5082; x_wconf 80' lang='grc' dir='ltr'>δίκην</span> <span class='ocrx_word' id='word_1_830' title='bbox 3120 5011 3565 5082; x_wconf 80' lang='grc' dir='ltr'>ἐξενεγκάμενος,</span> <span class='ocrx_word' id='word_1_831' title='bbox 3597 5009 3692 5080; x_wconf 72' lang='grc' dir='ltr'><strong>τὴν</strong></span> 
     </span>
    </p>
   </div>
   <div class='ocr_carea' id='block_1_112' title="bbox 2114 5101 3696 5180">
    <p class='ocr_par' dir='ltr' id='par_1_112' title="bbox 2114 5101 3696 5180">
     <span class='ocr_line' id='line_1_112' title="bbox 2114 5101 3696 5180; baseline -0.007 -16"><span class='ocrx_word' id='word_1_832' title='bbox 2114 5109 2280 5164; x_wconf 81' lang='grc' dir='ltr'>αὐτοῦ</span> <span class='ocrx_word' id='word_1_833' title='bbox 2305 5107 2800 5180; x_wconf 84' lang='grc' dir='ltr'>προσοφειλομένην</span> <span class='ocrx_word' id='word_1_834' title='bbox 2831 5104 3062 5175; x_wconf 80' lang='grc' dir='ltr'>ἀμοιϐὴν</span> <span class='ocrx_word' id='word_1_835' title='bbox 3093 5103 3394 5157; x_wconf 81' lang='grc' dir='ltr'>τῶν-αὺτοῦ</span> <span class='ocrx_word' id='word_1_836' title='bbox 3420 5101 3696 5172; x_wconf 88' lang='grc' dir='ltr'>κατορθω-</span> 
     </span>
    </p>
   </div>
   <div class='ocr_carea' id='block_1_113' title="bbox 2118 5190 3694 5272">
    <p class='ocr_par' dir='ltr' id='par_1_113' title="bbox 2118 5190 3694 5272">
     <span class='ocr_line' id='line_1_113' title="bbox 2118 5190 3694 5272; baseline -0.008 -17"><span class='ocrx_word' id='word_1_837' title='bbox 2118 5202 2302 5272; x_wconf 88' lang='grc' dir='ltr'>μάτων</span> <span class='ocrx_word' id='word_1_838' title='bbox 2353 5201 2432 5270; x_wconf 81' lang='grc' dir='ltr'><strong>τῷ</strong></span> <span class='ocrx_word' id='word_1_839' title='bbox 2463 5199 2627 5254; x_wconf 56' lang='grc' dir='ltr'><strong>παντὶ⁹</strong></span> <span class='ocrx_word' id='word_1_840' title='bbox 2677 5196 2868 5267; x_wconf 88' lang='grc' dir='ltr'>πλήθει</span> <span class='ocrx_word' id='word_1_841' title='bbox 2909 5196 3221 5267; x_wconf 89' lang='grc' dir='ltr'>χαρίσοιτο,</span> <span class='ocrx_word' id='word_1_842' title='bbox 3266 5195 3360 5248; x_wconf 73' lang='grc' dir='ltr'><strong>καὶ</strong></span> <span class='ocrx_word' id='word_1_843' title='bbox 3409 5193 3476 5246; x_wconf 87' lang='grc' dir='ltr'>δι’</span> <span class='ocrx_word' id='word_1_844' title='bbox 3527 5190 3694 5246; x_wconf 79' lang='grc' dir='ltr'>αὐτοῦ</span> 
     </span>
    </p>
   </div>
   <div class='ocr_carea' id='block_1_114' title="bbox 2117 5285 3692 5364">
    <p class='ocr_par' dir='ltr' id='par_1_114' title="bbox 2117 5285 3692 5364">
     <span class='ocr_line' id='line_1_114' title="bbox 2117 5285 3692 5364; baseline -0.007 -18"><span class='ocrx_word' id='word_1_845' title='bbox 2117 5292 2340 5364; x_wconf 82' lang='grc' dir='ltr'>ῥύσαιτο</span> <span class='ocrx_word' id='word_1_846' title='bbox 2370 5294 2496 5356; x_wconf 81' lang='grc' dir='ltr'>τοὺς</span> <span class='ocrx_word' id='word_1_847' title='bbox 2541 5291 2750 5353; x_wconf 88' lang='grc' dir='ltr'>πάντας</span> <span class='ocrx_word' id='word_1_848' title='bbox 2781 5290 2846 5342; x_wconf 86' lang='grc' dir='ltr'><strong>ἐκ</strong></span> <span class='ocrx_word' id='word_1_849' title='bbox 2893 5289 3076 5359; x_wconf 74' lang='grc' dir='ltr'>χειρὸς</span> <span class='ocrx_word' id='word_1_850' title='bbox 3103 5288 3212 5342; x_wconf 89' lang='grc' dir='ltr'><strong>τῶν</strong></span> <span class='ocrx_word' id='word_1_851' title='bbox 3260 5285 3563 5356; x_wconf 88' lang='grc' dir='ltr'>πολεμίων·</span> <span class='ocrx_word' id='word_1_852' title='bbox 3603 5285 3692 5348; x_wconf 83' lang='grc' dir='ltr'>ἵν’,</span> 
     </span>
    </p>
   </div>
   <div class='ocr_carea' id='block_1_115' title="bbox 2115 5372 3696 5453">
    <p class='ocr_par' dir='ltr' id='par_1_115' title="bbox 2115 5372 3696 5453">
     <span class='ocr_line' id='line_1_115' title="bbox 2115 5372 3696 5453; baseline -0.006 -19"><span class='ocrx_word' id='word_1_853' title='bbox 2115 5381 2304 5453; x_wconf 86' lang='grc' dir='ltr'>ὥσπερ</span> <span class='ocrx_word' id='word_1_854' title='bbox 2343 5380 2597 5439; x_wconf 87' lang='grc' dir='ltr'>κοινωνὸς</span> <span class='ocrx_word' id='word_1_855' title='bbox 2635 5378 2796 5441; x_wconf 84' lang='grc' dir='ltr'>αὐτὸς</span> <span class='ocrx_word' id='word_1_856' title='bbox 2840 5376 3032 5445; x_wconf 87' lang='grc' dir='ltr'>γέγονε</span> <span class='ocrx_word' id='word_1_857' title='bbox 3083 5377 3182 5446; x_wconf 84' lang='grc' dir='ltr'>τῆς</span> <span class='ocrx_word' id='word_1_858' title='bbox 3211 5375 3305 5428; x_wconf 82' lang='grc' dir='ltr'><strong>τοῦ</strong></span> <span class='ocrx_word' id='word_1_859' title='bbox 3351 5372 3480 5427; x_wconf 80' lang='grc' dir='ltr'>λαοῦ</span> <span class='ocrx_word' id='word_1_860' title='bbox 3529 5390 3696 5426; x_wconf 86' lang='grc' dir='ltr'>κακο-</span> 
     </span>
    </p>
   </div>
   <div class='ocr_carea' id='block_1_116' title="bbox 2117 5463 3694 5542">
    <p class='ocr_par' dir='ltr' id='par_1_116' title="bbox 2117 5463 3694 5542">
     <span class='ocr_line' id='line_1_116' title="bbox 2117 5463 3694 5542; baseline -0.006 -20"><span class='ocrx_word' id='word_1_861' title='bbox 2117 5471 2376 5542; x_wconf 83' lang='grc' dir='ltr'>πραγίας,</span> <span class='ocrx_word' id='word_1_862' title='bbox 2418 5469 2562 5522; x_wconf 75' lang='grc' dir='ltr'>οὕτω</span> <span class='ocrx_word' id='word_1_863' title='bbox 2602 5469 2698 5522; x_wconf 76' lang='grc' dir='ltr'><strong>καὶ</strong></span> <span class='ocrx_word' id='word_1_864' title='bbox 2754 5470 2783 5520; x_wconf 86' lang='grc' dir='ltr'><strong>ὁ</strong></span> <span class='ocrx_word' id='word_1_865' title='bbox 2829 5466 2956 5529; x_wconf 83' lang='grc' dir='ltr'>λαὸς</span> <span class='ocrx_word' id='word_1_866' title='bbox 2989 5465 3247 5536; x_wconf 90' lang='grc' dir='ltr'>μετάσχοι</span> <span class='ocrx_word' id='word_1_867' title='bbox 3279 5464 3380 5534; x_wconf 81' lang='grc' dir='ltr'>τῆς</span> <span class='ocrx_word' id='word_1_868' title='bbox 3412 5463 3573 5516; x_wconf 82' lang='grc' dir='ltr'>αὐτοῦ</span> <span class='ocrx_word' id='word_1_869' title='bbox 3615 5463 3694 5514; x_wconf 75' lang='grc' dir='ltr'>διο</span> 
     </span>
    </p>
   </div>
   <div class='ocr_carea' id='block_1_117' title="bbox 2106 5555 3692 5635">
    <p class='ocr_par' dir='ltr' id='par_1_117' title="bbox 2106 5555 3692 5635">
     <span class='ocr_line' id='line_1_117' title="bbox 2106 5555 3692 5635; baseline -0.006 -19"><span class='ocrx_word' id='word_1_870' title='bbox 2106 5563 2493 5635; x_wconf 87' lang='grc' dir='ltr'>καιοπραγὶας.</span> <span class='ocrx_word' id='word_1_871' title='bbox 2540 5561 2752 5632; x_wconf 84' lang='grc' dir='ltr'>Ὥσπερ</span> <span class='ocrx_word' id='word_1_872' title='bbox 2803 5558 2860 5611; x_wconf 82' lang='grc' dir='ltr'>δὲ</span> <span class='ocrx_word' id='word_1_873' title='bbox 2893 5559 2943 5610; x_wconf 90' lang='grc' dir='ltr'><strong>οἱ</strong></span> <span class='ocrx_word' id='word_1_874' title='bbox 2988 5557 3185 5610; x_wconf 84' lang='grc' dir='ltr'>δίκαιοι</span> <span class='ocrx_word' id='word_1_875' title='bbox 3220 5556 3433 5628; x_wconf 81' lang='grc' dir='ltr'>ἔχοντες</span> <span class='ocrx_word' id='word_1_876' title='bbox 3486 5555 3544 5607; x_wconf 84' lang='grc' dir='ltr'><strong>ἐν</strong></span> <span class='ocrx_word' id='word_1_877' title='bbox 3580 5556 3692 5618; x_wconf 86' lang='grc' dir='ltr'>τοῖς</span> 
     </span>
    </p>
   </div>
   <div class='ocr_carea' id='block_1_118' title="bbox 2096 5644 3702 5730">
    <p class='ocr_par' dir='ltr' id='par_1_118' title="bbox 2096 5644 3702 5730">
     <span class='ocr_line' id='line_1_118' title="bbox 2096 5644 3702 5730; baseline -0.008 -20"><span class='ocrx_word' id='word_1_878' title='bbox 2096 5657 2485 5730; x_wconf 79' lang='grc' dir='ltr'>δικαστηρίοις,</span> <span class='ocrx_word' id='word_1_879' title='bbox 2534 5656 2660 5720; x_wconf 80' lang='grc' dir='ltr'>τοὺς</span> <span class='ocrx_word' id='word_1_880' title='bbox 2707 5654 2968 5718; x_wconf 85' lang='grc' dir='ltr'>δικαστὰς</span> <span class='ocrx_word' id='word_1_881' title='bbox 3015 5649 3345 5706; x_wconf 88' lang='grc' dir='ltr'>ἱκετεύουσιν</span> <span class='ocrx_word' id='word_1_882' title='bbox 3383 5644 3702 5710; x_wconf 57' lang='grc' dir='ltr'>ἐπακοῦσαι</span> 
     </span>
    </p>
   </div>
  </div>
