4138 6380
412 374 520 427 ’331

1568 379 2071 440 COMMENTARIA
2111 385 2179 440 IN
2209 385 2545 443 PSALMOS.

3575 396 3681 452 382

419 493 532 544 τῶν
571 489 796 545 δικαίων
836 490 1048 557 αὐτῶν,
1083 492 1302 549 δικάσαι
1337 513 1397 548 τε
1435 498 1530 551 καὶ
1560 499 1764 571 κρίνειν
1806 502 1978 557 αὐτοὺ.

2113 507 2195 561 vi'r
2227 509 2518 581 reiigiosus
2563 509 2650 564 his
2693 509 2876 566 verbis
2921 510 3091 565 Deum
3145 511 3463 583 alloquitur,
3486 517 3676 584 judico

416 581 629 652 ὀρθῶς·
677 583 768 634 τὸν
795 581 958 635 αὐτὸν
998 584 1198 654 τρόπον
1249 587 1342 639 καὶ
1381 588 1410 638 6
1459 587 1712 660 θεοφιλὴς
1756 591 1847 645 διὰ
1891 593 2000 646 τῶν

419 672 800 744 προκειμένων
841 673 1081 744 τῴ,Θεῷ
1115 693 1278 746 φησι·
1321 677 1542 746 Κρῖνόν
1580 699 1702 748 μοι,
1753 685 1786 736 ό
1833 685 1998 750 Θεὸς,

417 768 558 836 οὐκὶ,
611 766 820 834 πρῖνόν
862 784 938 835 με
965 785 978 798 ·
1019 769 1159 822 κατὰ
1204 768 1260 821 δὲ
1294 769 1384 822 τὸν
1437 771 1750 843 Σύμμαχον,
1792 773 2001 842 κρῖνόν

409 875 540 928 μοι.
569 858 640 911 Σὺ
676 858 785 929 γὰρ
819 858 982 922 αὐτὸς
1013 860 1172 927 γενοῦ
1199 878 1292 930 μοι
1327 862 1538 934 κριτὴς,
1569 866 1662 918 καὶ
1687 867 1785 938 τὴν
1817 868 1998 938 κρίσιν

419 966 520 1018 μου
551 947 756 1020 ταύτην
785 952 991 1021 κρῖνον,
1025 953 1118 1005 καὶ
1148 953 1413 1026 ὑπερδίκη
1423 972 1514 1009 σον
1540 957 1640 1027 τῆς
1675 958 1832 1029 δίκης
1872 977 1994 1031 μου,

417 1041 523 1104 ἵνα,
571 1040 748 1111 τυχὼν
802 1041 1077 1106 ἐκδικίας,
1127 1045 1488 1117 συμϐάλωμαι
1521 1052 1586 1120 τῇ
1626 1051 1870 1123 σωτηρίᾳ
1902 1052 1996 1106 τοῦ

415 1132 618 1195 παντὸς
641 1131 880 1202 πλήθους
905 1132 976 1186 τὰ
1002 1135 1240 1205 ἐμαυτοῦ
1266 1139 1689 1210 κατορθώματα.

498 1224 966 1288 Ἐξαπόστειλον
995 1225 1060 1278 τὸ
1095 1225 1222 1294 φῶς
1257 1245 1396 1294 σου,
1433 1232 1531 1284 καὶ
1566 1233 1681 1300 τὴν
1705 1235 1998 1300 ἀλήθειάν

412 1331 530 1370 σου
560 1333 574 1346 ·
644 1317 798 1371 αὐτά
849 1334 927 1388 με
976 1318 1300 1387 ὡδήγησαν
1354 1323 1456 1375 καὶ
1507 1313 1734 1395 ἤγαγον
1785 1346 1862 1396 με
1905 1332 1994 1396 εἰς

412 1408 553 1478 ὅρος
614 1409 786 1478 ἅγιόν
821 1426 975 1474 σου,
1032 1411 1133 1464 καὶ
1181 1415 1268 1480 εἰς
1322 1415 1394 1469 τὰ
1442 1416 1803 1487 σκηνώματά
1851 1435 1988 1475 σου.

411 1497 647 1569 Νοήσεις
703 1501 794 1553 καὶ
851 1499 1053 1564 οὕτως·
1113 1502 1220 1555 Τοῦ
1285 1505 1434 1576 παρὰ
1503 1508 1585 1560 σοὶ
1661 1510 1838 1578 φωτὸς
1897 1515 1990 1566 καὶ

410 1589 512 1657 τῆς
557 1589 707 1661 παρὰ
751 1590 832 1648 σοὶ
873 1593 1129 1664 ἀληθείας
1165 1595 1344 1666 τυχὼν
1391 1597 1832 1670 ὀδηγηθήσομαι,
1885 1604 1991 1658 ὑπὸ

415 1681 512 1753 μὲν
556 1681 650 1734 τοῦ
681 1682 857 1750 φωτὸς
903 1683 1289 1756 φωτιζόμενος,
1331 1688 1436 1741 ὑπὸ
1483 1689 1540 1742 δὲ
1587 1692 1688 1760 τῆς
1720 1693 1819 1764 σῆς
1853 1695 1988 1764 ἁλη-

411 1771 559 1834 θείας
582 1775 1086 1846 χειραγωγούμενος
1105 1778 1196 1830 ἐπὶ
1210 1779 1272 1830 τὸ
1293 1778 1418 1849 ὅρος
1441 1780 1502 1832 τὸ
1528 1780 1678 1849 ἆγιόν
1697 1799 1787 1835 σου
1813 1785 1872 1837 τὸ
1892 1788 1989 1838 ἐπ-

2104 601 2233 654 mihi
2259 601 2424 664 Deus,
2468 618 2576 657 non
2626 617 2776 669 vero,
2807 603 2994 671 judica
3035 621 3156 658 me:
3185 621 3333 669 nam,
3376 610 3676 666 secundum

2104 691 2511 764 Symmachum,
2560 694 2750 764 judica
2799 696 2948 757 mihi,
2981 697 3203 752 dicitur.
3252 697 3332 752 Tu
3373 699 3493 770 ipse
3540 704 3676 758 mihi

2095 781 2263 851 judex
2293 792 2433 850 esto,
2471 793 2526 838 et
2573 783 2718 838 hanc
2746 799 2965 840 causam
2990 801 3165 840 meam
3196 786 3464 855 judicato,
3497 799 3558 844 ut
3593 793 3678 846 ul-

2098 877 2303 930 tionem
2342 885 2559 941 nactus,
2593 875 2756 934 recte'
2772 878 2914 934 facta
2943 893 3063 934 mea
3099 881 3268 936 totius
3295 884 3670 942 multitudinis

2098 965 2260 1020 saluti
2295 966 2594 1022 conferam.

2167 1224 2334 1282 Vens.
2363 1226 2482 1282 5-6.
2528 1227 2724 1284 Emitte
2750 1229 2916 1284 lucem
2944 1240 3091 1286 tuam
3121 1243 3171 1288 et
3201 1236 3469 1291 veritatem
3500 1247 3668 1305 tuam,

2093 1317 2211 1385 ipsa
2249 1334 2328 1371 me
2357 1317 2685 1373 deduxerunt
2733 1331 2782 1374 et
2823 1321 3160 1378 adduxerunt
3189 1328 3243 1379 in
3285 1337 3511 1382 montem
3542 1345 3673 1382 san-

2093 1415 2236 1458 ctum
2271 1415 2417 1460 tuum
2457 1416 2505 1461 et
2554 1407 2611 1460 in
2650 1407 2992 1463 tabernacula
3047 1420 3158 1466 tua.
3196 1411 3310 1468 Hoc
3342 1415 3471 1469 item
3507 1417 3668 1470 modo

2095 1497 2389 1567 intelligas,
2433 1498 2553 1554 luce
2602 1514 2667 1554 ac
2710 1501 2946 1557 veritate
2974 1512 3068 1556 tua
3098 1505 3355 1568 ddnatus,
3389 1513 3540 1560 recte
3566 1507 3669 1560 «lu-

2095 1603 2211 1650 car,
2259 1589 2380 1643 luce
2419 1588 2636 1658 quidem
2693 1591 3018 1659 illustratus,
3069 1599 3298 1652 veritate
3345 1605 3528 1653 autem
3575 1607 3668 1651 tua

2091 1677 2250 1746 quasi
2273 1693 2438 1732 manu
2477 1681 2676 1736 ductus
2710 1681 2765 1735 in
2801 1693 3041 1740 montem
3074 1697 3329 1767 sanctum
3364 1699 3516 1746 tuum
3552 1708 3667 1748 cm-

2092 1770 2306 1836 lcstcm,
2353 1781 2408 1829 et
2463 1773 2518 1826 in
2570 1776 2924 1832 tabernacula
2976 1788 3069 1834 tua
3115 1782 3318 1839 ibidem
3353 1787 3556 1855 posita,
3598 1787 3667 1844 de

409 1865 656 1936 ουράνιον
675 1865 768 1918 καὶ
793 1867 886 1919 ἐπὶ
921 1868 990 1920 τὰ
1015 1869 1200 1922 αὐτόθι
1234 1872 1569 1942 σκηνώματά
1597 1890 1713 1939 σου,
1755 1878 1884 1948 περὶ
1913 1873 1978 1931 ὧν

2091 1864 2289 1932 quibus
2330 1864 2395 1931 in
2435 1867 2761 1936 praecedenti
2808 1872 3020 1940 psalmo
3071 1873 3320 1928 dicebam
3353 1896 3366 1930 :
3402 1876 3666 1942 Quoniam

408 1958 503 2010 καὶ
535 1959 594 2014 ὲν
627 1958 704 2029 τῷ
735 1959 839 2029 πρὸ
864 1959 1053 2013 τούτου
1089 1960 1274 2030 ἔλεγον
1293 1979 1306 1993 ·
1351 1965 1477 2018 Ὅτι
1511 1964 1893 2037 διελεύσομαι
1919 1969 1989 2023 ἐν

406 2051 568 2114 τόπῳ
599 2049 835 2117 σκηνῆς
865 2053 1216 2121 θαυμαστῆς
1239 2054 1349 2121 ἕως
1372 2056 1479 2109 τοῦ
1512 2057 1683 2112 οἴκου
1709 2060 1816 2114 τοῦ
1840 2061 1987 2115 Θεοῦ

403 2143 475 2196 ἐν
513 2145 683 2214 φωνῇ
721 2146 1136 2215 ἀγαλλιάσεως
1178 2149 1276 2203 καὶ
1311 2149 1801 2221 ἐξομολογήσεως
1831 2154 1987 2224 ἤχου

403 2231 810 2300 ἑορτάζοντος·
859 2236 934 2299 ὠς
968 2235 1032 2289 ἂν
1062 2237 1120 2292 δέ
1155 2255 1236 2291 σοι
1280 2239 1356 2310 τῷ
1390 2240 1510 2311 Θεῷ
1547 2243 1859 2314 ίερωμένος,
1893 2245 1988 2298 ἐπὶ

403 2324 474 2379 τὰ
522 2323 788 2378 ἐνδοτάτω
829 2326 924 2378 καὶ
958 2326 1120 2397 μέχρι
1154 2327 1246 2380 τοῦ
1291 2328 1679 2401 θυσιαστηρίου
1725 2331 1862 2402 ἥξω,
1893 2335 1989 2386 καὶ

404 2416 542 2487 πρὸς
592 2417 652 2469 σὲ
709 2417 799 2470 τὸν
842 2417 973 2471 Θεὸν
1015 2419 1306 2490 ἐλεύσομαι
1348 2421 1440 2475 τὸν
1479 2423 1836 2493 εὐφραίνοντα
1885 2432 1985 2496 τὴν

403 2506 632 2578 νεότητὰ
683 2525 784 2578 μου
827 2509 927 2579 τὴν
964 2512 1362 2582 πνευματικήν.
1432 2513 1986 2586 Ἐξομολογήσομαί

399 2615 500 2652 σοι
536 2599 607 2651 ἐν
634 2598 862 2667 κιθάρᾳ,
906 2603 938 2654 ὁ
973 2601 1136 2666 Θεός.
1179 2600 1426 2674 Κιθάραν
1461 2603 1517 2656 δὲ
1545 2605 1604 2658 τὸ
1641 2605 1801 2676 σῶμά
1828 2625 1981 2678 φησι,

397 2689 468 2745 δι’
503 2683 563 2743 οὗ
602 2691 1000 2762 ἀνακρούεσθαι
1051 2693 1293 2762 πέφυκεν
1335 2697 1364 2747 6
1391 2695 1552 2762 νοῦς,
1604 2699 1700 2751 καὶ
1741 2698 1832 2751 διὰ
1875 2700 1983 2754 τῶν

399 2783 770 2854 αἰσθητηρίων
813 2781 1001 2855 ὥσπερ
1045 2785 1134 2838 διὰ
1184 2785 1389 2857 χορδῶν
1432 2787 1529 2860 τὴν
1578 2789 1656 2860 τῷ
1699 2791 1816 2862 Θεῴ
1853 2793 1984 2865 πρέ-

399 2893 606 2930 πουσαν
661 2876 924 2947 μελῳδίαν
988 2879 1333 2950 ἀναπέμπειν
1396 2880 1574 2938 εἴωθε.
1654 2884 1848 2954 Σαφῶς
1912 2886 1968 2940 δὲ

397 2965 486 3019 διὰ
535 2968 738 3022 τούτων
788 2971 816 3021 6
867 2969 1026 3040 χορὸς
1079 2972 1108 3023 6
1168 2974 1504 3044 προφητικὸς
1549 2978 1856 3048 παρακαλεί
1915 2979 1979 3031 τὸ

399 3057 516 3127 φῶς
545 3060 915 3132 ἀποσταλῆναι
949 3062 1041 3114 τοῦ
1065 3062 1199 3115 Θεοῦ
1234 3065 1330 3117 καὶ
1356 3065 1453 3136 τὴν
1491 3066 1748 3137 ἀλήθειαν
1781 3068 1967 3135 αὑτοῦ,

396 3152 474 3215 ὡς
527 3151 752 3222 μηδέπω
804 3153 926 3206 τότε
973 3157 1161 3224 φαῖνον
1219 3156 1312 3208 ἐπὶ
1350 3157 1448 3228 τῆς
1500 3159 1640 3228 γῆς,
1685 3161 1820 3231 μηδὲ
1875 3162 1974 3232 τῆς

2091 1958 2325 2012 transibo
2361 1960 2416 2012 in
2445 1961 2617 2015 locum
2650 1962 2976 2018 tabernaculi
3004 1965 3362 2033 admirabilis,
3399 1987 3560 2040 usque
3593 1973 3666 2029 ad

2088 2048 2303 2103 domum
2348 2050 2468 2107 Dei.
2513 2052 2580 2106 In
2643 2072 2761 2110 voce
2801 2057 3172 2113 exsultationis
3227 2070 3276 2113 et
3322 2063 3665 2130 confessionis

2087 2141 2204 2196 soni
2249 2141 2439 2210 festum
2488 2147 2686 2216 agentis
2708 2148 2788 2214 ⁶⁰;
2832 2149 2991 2218 quasi
3022 2151 3123 2204 tibi
3157 2149 3267 2206 Deo
3318 2169 3476 2208 sacra
3521 2158 3664 2212 cele-

2087 2229 2276 2296 brans,
2309 2232 2379 2286 ad
2426 2235 2618 2288 intima
2651 2243 2706 2290 et
2755 2253 2928 2306 usque
2969 2239 3037 2294 ad
3081 2240 3255 2296 altare
3285 2242 3396 2308 ibo,
3430 2253 3484 2298 et
3513 2249 3580 2299 ad
3611 2255 3666 2303 te

2088 2308 2259 2374 Ueum
2295 2323 2507 2376 veniam
2549 2326 2642 2394 qui
2695 2327 2939 2384 laetificas
2964 2330 3305 2400 juventutcm
3347 2352 3524 2391 meam
3559 2341 3662 2409 spi-

2086 2409 2361 2466 ritualcm.
2397 2412 2698 2482 Conﬁtebor
2721 2417 2814 2470 tibi
2861 2419 2913 2472 in
2946 2421 3152 2475 cithara
3178 2422 3343 2479 Deus.
3380 2425 3660 2484 Citharaln

2085 2515 2286 2571 corpus
2313 2501 2467 2567 dicit,
2509 2515 2618 2574 quo
2651 2507 2858 2577 pulsari
2883 2525 3040 2566 mens
3083 2513 3242 2578 solet,
3281 2523 3442 2586 atque
3487 2518 3659 2573 sensi-

2084 2589 2188 2644 bus
2229 2593 2386 2663 quasi
2441 2593 2665 2651 chordis
2725 2610 3118 2668 congruentem
3165 2601 3277 2659 Deo
3333 2613 3660 2660 concentum

2084 2681 2354 2736 emittere.
2422 2681 2520 2739 His
2583 2694 2770 2755 aperte
2836 2698 2992 2759 rogat
3043 2691 3246 2748 chorus
3309 2697 3667 2765 propheticus

2084 2773 2256 2827 emitti
2288 2774 2463 2830 lucem
2497 2775 2593 2831 Dei
2625 2786 2679 2833 et
2703 2779 2989 2837 veritatem
3019 2784 3162 2854 ejus,
3199 2801 3265 2840 eo
3296 2787 3443 2857 quod
3487 2790 3658 2843 nulla-

2083 2871 2244 2922 tenus
2293 2873 2426 2923 tunc
2468 2868 2676 2925 luceret
2722 2873 2778 2926 in
2820 2880 2987 2940 terra,
3034 2886 3089 2931 et
3121 2879 3324 2934 veritas
3370 2896 3667 2951 nusquam,

2083 2973 2193 3027 quo
2217 2965 2460 3029 tempore
2489 2961 2603 3017 haec
2633 2964 2968 3034 proferebat,
3002 2983 3127 3023 cum
3169 2969 3482 3029 hominibus
3509 2976 3658 3029 exsi-

2085 3057 2270 3134 steret.
2299 3049 2418 3105 Lux
2445 3060 2626 3107 autem
2658 3056 2982 3120 missa,-alia
3014 3074 3146 3114 sane
3174 3058 3336 3114 fuerit
3365 3063 3432 3116 ab
3455 3078 3517 3118 ea
3541 3080 3658 3134 qum

2084 3127 2270 3208 mittit‘,
2314 3144 2381 3198 de
2409 3160 2514 3216 qua
2544 3146 2746 3204 dicitur
2772 3192 2787 3203 .
2815 3148 2950 3206 Erat
2981 3152 3074 3205 tua:
3111 3169 3228 3223 qua:
3258 3154 3524 3211 illuminat
3547 3127 3656 3211 om-

397 3243 655 3313 αληθείας
716 3245 1074 3317 ὑπαρχούσης
1143 3265 1258 3311 πως
1317 3226 1413 3302 σὺν
1475 3226 1781 3322 ἀνθρώποις
1810 3291 1826 3315 ,
1885 3252 1972 3305 ὅτε

2079 3252 2197 3290 nem
2226 3235 2488 3291 hominem
2515 3240 2800 3298 venientem
2832 3243 2887 3296 in
2930 3243 3184 3298 mundum
3205 3247 3270 3299 “.
3313 3246 3378 3302 Et
3408 3247 3655 3308 Salvator

395 3333 598 3397 ταύτας
647 3336 800 3404 ἠφίει
845 3335 944 3399 τὰς
999 3337 1202 3405 φωνάς.
1237 3337 1355 3401 Φῶς
1407 3336 1465 3390 δὲ
1515 3339 1974 3412 ἁτιοστελλόμενον

396 3425 584 3497 ἕτερον
626 3425 692 3478 ἂν
722 3426 806 3496 εἴη
849 3426 942 3479 τοῦ
976 3427 1426 3495 ἀποστέλλοντος,
1470 3430 1596 3502 περ)⁸
1636 3424 1697 3484 οὗ
1735 3432 1971 3506 εἴρηται·

394 3513 508 3571 Ἦν
535 3519 601 3570 τὸ
648 3516 774 3586 φῶς
810 3518 876 3571 τὸ
917 3516 1168 3588 φωτίζον
1215 3518 1412 3574 πάντα
1452 3521 1764 3590 ἄνθρωπον
1801 3525 1973 3593 ἐρχό-

391 3627 581 3678 μενον
603 3612 690 3676 εὶς
723 3610 829 3664 τὸν
851 3613 1100 3680 κόσμον.
1127 3612 1378 3666 Διδάσκει
1403 3613 1458 3666 δὲ
1489 3615 1580 3668 καὶ
1624 3615 1786 3679 αὐτὸς
1809 3618 1838 3668 6
1863 3618 1976 3680 Σω-

393 3701 498 3775 τὴρ
537 3702 977 3774 αὐτοπροσώπως
1015 3705 1217 3774 λέγων·
1264 3702 1409 3775 Ἐγώ
1453 3709 1569 3776 ειμι
1615 3707 1681 3760 τὸ
1708 3707 1835 3776 φῶς
1875 3709 1973 3764 καὶ

393 3798 432 3862 ἡ
469 3797 722 3864 ἀλήθεια
766 3799 864 3851 καὶ
907 3799 946 3868 ἡ
986 3796 1119 3866 ζωή.
1171 3799 1294 3852 Ἵνα
1346 3798 1404 3851 τί
1455 3799 1786 3868 περίλυπος
1821 3796 1893 3864 εἷ,
1934 3801 1972 3869 ἡ

390 3890 563 3958 ’ψυχή
581 3907 723 3959 μου,
757 3889 855 3943 καὶ
875 3891 976 3943 ἵνα
1001 3892 1058 3943 τί
1076 3888 1527 3959 συνταράσσεις
1541 3907 1654 3967 ge;
1684 3892 1975 3946 Ἔλπισον

390 3985 492 4038 ἐπὶ
524 3985 629 4037 τὸν
677 3982 847 4050 Θεὸν,
880 3983 969 4037 ὅτι
1000 3983 1518 4054 ἐξομολογήσομαι
1554 3984 1730 4054 αὐτῷ,
1779 3983 1972 4052 σωτή-

380 4094 524 4146 ριον
559 4076 668 4130 τοῦ
695 4075 1020 4144 προσώπου
1042 4093 1161 4145 μου
1195 4077 1294 4132 καὶ
1325 4079 1357 4129 ό
1393 4075 1538 4142 Θεός
1560 4093 1699 4145 μου.
1748 4075 1858 4146 Σύμ
1871 4093 1974 4146 μα-

390 4187 484 4242 χος
510 4169 598 4222 δέ’
635 4172 696 4224 Τί
725 4169 1086 4238 καταρῤέεις,
1121 4167 1290 4237 ψυχή
1317 4187 1458 4240 μου,
1497 4169 1593 4222 καὶ
1620 4169 1677 4222 τί
1707 4169 1973 4237 θορυϐεἴς

385 4263 483 4317 ἐπ’
513 4263 652 4332 ἐμέ;
686 4263 1032 4332 Ἀνὰμεινον
1061 4261 1168 4316 τὸν
1194 4263 1372 4317 Θεόν·
1404 4264 1592 4318 εἰσαεὶ
1624 4262 1735 4333 τὰρ
1765 4261 1972 4331 ἐξομο-

386 4356 728 4426 λοτήσομαι
759 4355 938 4422 αὐτῷ,
967 4354 1042 4425 τῇ
1064 4356 1330 4424 σωτηρίᾳ
1361 4355 1467 4410 τοῦ
1496 4355 1818 4424 προσώπου
1849 4373 1970 4425 μου

387 4449 488 4501 καὶ
529 4447 608 4512 τῷ
639 4445 761 4512 Θεῷ
795 4464 938 4516 μου.
974 4447 1312 4516 Ἀνάμεινον,
1341 4445 1525 4516 φησὶν,
1567 4445 1653 4498 ἵνα
1695 4444 1788 4499 καὶ
1831 4443 1969 4515 αὑτὴ

385 4543 620 4614 δυνηθῇς
683 4557 813 4595 ποτε
860 4542 1060 4601 εἰπεῖν*
1126 4535 1456 4608 Ὑπομένων
1517 4536 1804 4606 ὑπέμεινα
1861 4537 1970 4590 τὸν

391 4637 636 4704 Κύριον,
665 4632 768 4693 καὶ
812 4630 1118 4700 προσέσχε
1143 4647 1266 4699 μοι.
1304 4627 1465 4681 Ἀλλὰ
1490 4627 1584 4682 καὶ
1617 4627 1833 4680 ἑλπισον
1873 4627 1966 4682 ἐπὶ

385 4725 480 4779 τὸν
518 4724 686 4777 Θεόν·
737 4724 777 4791 ἠ
813 4724 922 4793 γὰρ
961 4719 1134 4789 ἐλπὶς
1175 4721 1246 4774 οὺ
1286 4721 1696 4788 καταισχύνει.
1743 4719 1808 4772 Τί
1853 4719 1965 4791 γὰρ

383 4817 453 4870 ἂν
495 4815 601 4887 χρὴ
626 4812 1024 4886 ταράττεσθαι;
1057 4811 1109 4864 τί
1141 4811 1197 4864 δὲ
1229 4805 1526 4884 περίλυπον
1571 4811 1838 4880 γίνεσθαι,
1877 4829 1967 4866 το-

387 4906 594 4962 σούτων
643 4902 1110 4977 προσδοκωμένων
1151 4901 1400 4970 ἀγαθῶν;
1447 4904 1569 4955 Ἔτι
1611 4903 1720 4975 γὰρ
1749 4902 1967 4973 μικρὸν

385 5002 540 5056 ὅσον
558 5003 590 5054 ὁ
609 4999 933 5068 ἐρχόμενος
960 4993 1112 5062 ἥξει,
1140 4992 1240 5046 καὶ
1263 4995 1336 5046 οὐ
1354 4993 1596 5062 χρονιεῖ.
1637 4997 1730 5049 καὶ
1765 4993 1825 5048 τὸ
1848 4995 1963 5062 φῶς

379 5089 816 5159 ἀποσταλήσεται
841 5128 860 5154 ,
929 5086 1024 5140 καὶ
1051 5086 1085 5157 ἡ
1118 5083 1344 5156 ἀλήθεια
1371 5085 1829 5156 παραγενήσεται,
1870 5084 1964 5137 καὶ

378 5183 451 5236 τὰ
483 5177 931 5251 προφητευθέντα
965 5175 1148 5239 τέλους
1174 5174 1421 5240 τεύξεται
1441 5193 1454 5206 ο
1497 5177 1592 5229 καὶ
1635 5175 1787 5238 τέλος
1829 5193 1966 5230 παν-

377 5272 472 5334 τὸς
509 5269 671 5338 λόγου
699 5267 760 5334 τὸ
800 5268 1064 5340 σωτήριόν
1112 5269 1230 5320 ἐστι
1267 5267 1360 5319 τοῦ
1393 5265 1708 5338 προσώπου,
1744 5267 1907 5332 αὐτὸς
1935 5269 1965 5322 6

379 5358 516 5420 Θεός
552 5373 674 5427 μου.
731 5355 985 5420 Ἐπειδὰν
1029 5355 1137 5426 γὰρ
1165 5354 1508 5421 καταξιωθῶ,
1555 5356 1840 5428 παραστὰς
1888 5355 1966 5428 τῷ

379 5446 522 5517 Θεῷ,
557 5447 848 5519 πρόσωπον
885 5446 1022 5518 πρὸς
1051 5445 1340 5519 πρόσωπον
1365 5446 1700 5501 ἐποπτεῦσαι
1745 5447 1805 5500 τὸ
1855 5464 1962 5500 σω-

378 5545 598 5613 τήριον,
632 5541 760 5612 περ)⁸
790 5532 1044 5604 οὗ’πολὺς
1082 5542 1111 5592 6
1142 5539 1301 5608 λόγος
1323 5539 1414 5593 διὰ
1452 5540 1643 5592 πασῶν
1672 5540 1781 5595 τῶν
1820 5541 1962 5614 Γρα-

380 5634 530 5712 φῶν·
583 5633 704 5686 τότε
755 5632 819 5702 δὴ
869 5632 1018 5703 αὐτῷ
1077 5631 1542 5704 ὲξομολογήσομαι
1597 5632 1673 5696 ὡς
1727 5631 1794 5686 ἂν
1841 5632 1960 5704 Θεῷ

505 5753 550 5785 ³ο
604 5753 748 5806 Psal.
808 5766 930 5819 xu,
996 5755 1048 5810 5.

1158 5755 1201 5792 ⁵-³
1243 5755 1398 5827 Joan.
1455 5774 1506 5822 ι,
1568 5759 1621 5814 9.

377 5826 432 5871 ⁸³.
464 5823 619 5891 Hebr.
658 5836 717 5888 ξ.
743 5823 833 5876 57.

1734 5753 1974 5814 "Joan.
2042 5769 2170 5826 xiv,
2248 5755 2302 5815 6.

2077 3327 2195 3398 ipse
2228 3343 2293 3383 ex
2323 3344 2557 3399 persona
2599 3347 2698 3386 sua
2733 3331 2891 3388 docet
2917 3333 3004 3390 bis
3030 3336 3212 3392 verbis
3242 3356 3255 3392 :
3281 3336 3392 3409 Ego
3429 3358 3543 3394 sum
3569 3343 3652 3396 tua

2074 3431 2123 3474 et
2151 3422 2342 3474 veritas
2365 3430 2414 3476 et
2446 3423 2553 3476 vita
2570 3424 2636 3479 ⁵².
2669 3423 2846 3488 Quare
2876 3427 3045 3480 tristis
3087 3444 3164 3492 es,
3219 3432 3400 3486 anima
3439 3450 3574 3499 mea,
3609 3447 3654 3488 et

2075 3530 2236 3584 quare
2264 3515 2549 3569 conturbas
2582 3520 2701 3573 me?
2733 3517 2900 3589 Spera
2939 3522 2992 3575 in
3023 3523 3133 3578 Deo
3160 3528 3409 3596 quoniam
3437 3529 3652 3597 con/ite-

2075 3609 2168 3664 bor
2198 3608 2304 3673 illi,
2331 3610 2566 3665 salutare
2598 3612 2772 3666 vultus
2811 3616 2911 3668 mei
2933 3625 2983 3668 et
3027 3615 3168 3670 Deus
3208 3635 3373 3673 meus.
3412 3616 3652 3690 Symma-

2074 3700 2214 3756 chus
2256 3717 2410 3768 vero,
2441 3703 2621 3769 Quare
2652 3706 2836 3778 efﬂuis,
2868 3709 3047 3760 anima
3089 3724 3226 3772 mea,
3257 3719 3308 3764 et
3337 3727 3498 3779 quare
3527 3728 3651 3765 cou-

2075 3793 2258 3849 turbas
2285 3813 2365 3850 me
2383 3799 2408 3851 ?
2440 3795 2705 3867 Exspecta
2733 3797 2924 3863 Deum,
2970 3815 3170 3868 semper
3201 3803 3340 3855 enim
3369 3804 3656 3873 conﬁtebor-

2072 3885 2142 3949 ei,
2174 3883 2338 3939 saluti
2382 3886 2556 3940 vultus
2589 3888 2688 3941 mei
2718 3900 2767 3942 et
2797 3887 2906 3942 Deo
2951 3906 3083 3943 meo.
3136 3889 3419 3961 Exspecta,
3452 3893 3656 3963 inquit,

2074 3986 2134 4032 ut
2195 3986 2251 4033 et
2301 3981 2422 4050 ipsa
2479 3981 2773 4050 aliquando
2816 3982 3000 4037 dicere
3029 3983 3214 4039 valeas
3255 4000 3268 4036 :
3327 3983 3656 4054 Exspectans

2071 4074 2370 4142 exspectavi
2402 4071 2712 4137 Dominum,
2743 4084 2793 4128 et
2840 4075 3064 4128 intendit
3109 4075 3240 4129 milii
3261 4076 3326 4131 ⁸³.
3362 4075 3467 4132 Sed
3495 4093 3657 4148 spera

2073 4164 2130 4219 in
2161 4163 2290 4232 Deo,
2325 4180 2450 4218 nam
2491 4180 2604 4234 spes
2645 4182 2749 4220 non
2781 4165 3057 4235 confundit
3082 4167 3149 4222 ⁸⁸.
3178 4167 3320 4234 Quid
3362 4170 3650 4225 conturba-

2072 4256 2221 4320 tione
2243 4256 2420 4328 opus?
2445 4272 2566 4326 quae
2595 4258 2830 4312 tristitiae.
2860 4273 3049 4326 causa,
3080 4274 3203 4313 cum
3232 4267 3312 4313 tot
3339 4269 3632 4330 exspecten

2071 4354 2163 4401 tur
2194 4347 2382 4404 bona?
2430 4346 2566 4401 Nam
2612 4348 2783 4401 adhuc
2834 4350 3098 4404 modicum
3153 4351 3568 4421 aliquantulum,
3602 4363 3649 4407 et

2071 4437 2162 4506 qui
2208 4447 2454 4490 venturus
2507 4445 2585 4490 est
2617 4437 2801 4500 veniet,
2851 4447 2900 4491 et
2950 4455 3055 4493 non
3090 4439 3324 4492 tardabit
3357 4442 3425 4506 ⁸³,
3473 4449 3526 4496 et
3557 4442 3650 4497 lux

2073 4528 2340 4592 mittetur,
2377 4530 2585 4584 veritas
2609 4530 2880 4594 adveniet,
2907 4540 2961 4585 et
2986 4546 3108 4600 quae
3131 4533 3494 4602 praenuntiata
3522 4543 3648 4589 sunt

2063 4616 2233 4672 ﬁnem
2280 4618 2579 4673 habebunt.
2618 4618 2768 4674 Finis
2817 4633 2981 4689 porro
3022 4622 3202 4675 omnis
3252 4622 3520 4678 sermonis
3565 4633 3647 4679 est

2069 4711 2309 4766 salutare
2337 4710 2542 4774 vultus,
2575 4711 2692 4782 ipse
2721 4709 2866 4766 Deus
2896 4726 3071 4766 meus.
3095 4710 3234 4765 Cum
3263 4713 3408 4766 enim
3449 4713 3648 4785 dignus

2069 4801 2291 4859 habitus
2317 4818 2414 4858 ero
2437 4803 2531 4873 qui
2573 4819 2759 4858 coram
2805 4802 2916 4856 Deo
2949 4802 3090 4857 facie
3130 4803 3198 4857 ad
3229 4803 3426 4857 faciem
3465 4805 3646 4860 consi—

2069 4905 2234 4961 stam,
2267 4913 2331 4952 ac
2352 4897 2563 4951 videam
2596 4896 2836 4951 salutare
2884 4894 3041 4960 illud,
3103 4895 3171 4949 de
3213 4910 3324 4965 quo
3374 4897 3546 4950 multa
3591 4899 3645 4951 in

2067 4989 2324 5044 omnibus
2355 4987 2656 5059 Scripturis
2683 4987 3170 5052 circumferuntur,
3203 4995 3336 5042 tunc
3374 4988 3477 5059 ipsi
3513 5004 3646 5043 con-

2067 5079 2262 5139 ﬁtebor
2310 5087 2372 5133 ut
2405 5079 2518 5134 Deo
2551 5094 2676 5134 meo
2729 5086 2785 5134 et
2833 5078 3057 5134 salutari
3091 5092 3234 5133 meo.
3281 5077 3514 5134 Pulchre
3548 5095 3645 5132 au-

2064 5180 2179 5228 tem
2223 5171 2444 5228 veritati
2470 5171 2658 5225 lumen
2700 5170 2951 5240 adjunxit
2983 5184 3147 5222 :nam
3194 5169 3339 5239 quod
3372 5170 3464 5223 lux
3514 5185 3643 5225 sen—

2067 5279 2188 5329 sum
2217 5279 2441 5319 movens
2481 5247 2665 5317 oculis
2703 5260 2985 5331 corporeis
3024 5269 3126 5325 est,
3168 5261 3404 5331 idipsum
3438 5261 3641 5315 veritas

2067 5365 2151 5420 est
2183 5357 2377 5410 animae
2416 5354 2614 5417 oculis,
2657 5363 2910 5408 naturam
2947 5368 3128 5407 rerum
3177 5353 3637 5423 inspectantibus.

2068 5465 2246 5520 neque
2277 5448 2420 5502 ultra
2447 5443 2711 5515 deceptis,
2755 5443 2849 5500 sed
2890 5459 2989 5513 per
3019 5458 3200 5497 rerum
3234 5445 3638 5514 perceptionem

2067 5539 2387 5603 illustratis,
2440 5545 2495 5592 et
2545 5535 2790 5590 veritatis
2859 5533 3108 5588 notitiam
3187 5533 3637 5604 percipientibus.

2066 5629 2247 5702 ipsum
2284 5631 2466 5702 itaque
2495 5628 2718 5684 verbum
2744 5627 2880 5682 lucis
2905 5625 3209 5696 spiritualis
3236 5626 3368 5691 vim,
3400 5641 3508 5696 qua
3545 5641 3636 5681 ve-

2409 5755 2452 5788 "
2505 5751 2648 5811 Psal.
2711 5764 2910 5818 χχιιι,
2974 5748 3026 5805 1.
3139 5748 3185 5779 ⁸*
3224 5744 3385 5802 Rom.
3443 5764 3521 5818 vl
3579 5744 3637 5810 ὅ,
