4138 6386
467 371 577 428 583

1261 368 1533 426 EUSEBII
1568 366 2046 426 CASSARIENSIS
2083 366 2233 425 ()PP.
2264 367 2446 425 PARS
2484 367 2573 424 IlI.
2606 399 2677 411 —
2711 368 3123 426 EXEGETICA.

3621 369 3731 425 '58}

467 491 603 545 ritas
625 489 960 556 declaratur,
990 490 1385 560 interpretatus
1409 497 1513 545 est.
1543 488 1676 547 lure
1710 491 1895 562 itaque
1921 490 2039 546 εει.

2152 506 2253 561 μου
2283 490 2378 544 καὶ
2410 489 2622 561 Σωτῆρί
2657 507 2759 561 μου
2781 508 2793 520 ·
2829 488 3011 554 καλῶς
3056 490 3114 544 δέ
3158 488 3363 560 συνῆψε
3392 487 3453 542 τὸ
3503 486 3620 557 φῶς
3661 488 3728 560 τῇ

463 587 622 635 vator
667 578 785 634 haec
810 578 1098 648 discipulis
1141 578 1261 635 suis
1301 577 1530 633 tradens
1572 577 1651 632 ita
1684 577 1893 642 docuit,
1929 577 2045 647 Ego

461 687 582 725 sum
609 668 727 735 lux,
766 679 816 723 et
852 669 1049 723 veritas
1085 675 1139 723 et
1164 669 1274 724 vita
1293 668 1360 723 ³⁸.
1401 666 1709 739 Unicuique
1740 682 1908 739 porro
1938 683 2047 723 cae-

463 768 704 817 terarum
747 760 1052 818 editionum
1087 760 1236 816 hunc
1295 768 1701 832 consequenter
1733 761 1947 831 aptabis
1982 759 2047 815 ﬁ-

454 853 610 921 nem,
651 857 768 912 sive
795 871 988 913 eorum
1022 856 1196 927 quiin
1225 855 1506 927 Babylone
1536 855 1611 909 ita
1652 855 2041 925 loquebantur,

463 949 579 1003 sive
608 951 848 1020 gentium
874 966 997 1020 quae
1029 949 1272 1004 nondum
1301 949 1621 1004 credebant.

2152 582 2381 655 ἀληθείᾳ
2400 599 2414 613 ο
2478 583 2616 653 ὅπερ
2641 581 2751 653 γάρ
2775 581 2891 651 φῶς
2920 580 3177 655 αἰσθητὸν
3214 580 3512 652 ὀφθαλμοῖς
3545 579 3732 650 σῶμα·

2150 692 2262 742 τος,
2292 677 2452 730 τοῦτο
2482 676 2705 750 ἀλήθεια
2728 680 2842 741 τοῖς
2871 678 2971 749 τῆς
3004 677 3184 749 ψυχῆς
3219 676 3516 747 ὀφθαλμοῖς
3549 678 3732 737 ἐναπε-

2151 768 2357 832 νίςουσι
2379 772 2444 841 τῇ
2479 769 2636 839 φύσει
2667 769 2778 843 τῶν
2818 771 3183 843 πραγμάτων,
3223 771 3317 823 καὶ
3353 771 3548 840 μηκέτι
3589 771 3733 822 ἀπα-

2150 838 2443 931 τωμένοις,
2482 838 2550 916 δι’
2578 838 2752 935 αὐτῆς
2793 838 2987 933 δὲ-τῆς
3017 861 3126 916 τῶν
3164 838 3732 932 ὅντωνήκαταλήψεως

2152 951 2560 1023 φωτιζομένοις,
2596 953 2690 1008 καὶ
2728 953 2929 1024 γνῶσιν
2961 955 3061 1025 τῆς
3108 953 3367 1025 ἀληθείας
3414 952 3728 1024 ἀναλαμϐά-

408 1086 411 1091 .
459 1059 663 1099 νουσιν.
699 1044 1042 1115 Ἧρμήνευσε
1062 1043 1243 1097 τοίνυν
1275 1042 1439 1106 αὐτὸς
1466 1045 1495 1097 ὁ
1522 1040 1680 1111 λόγος
1702 1040 1796 1095 τοῦ
1848 1041 2041 1114 νοητοῦ
2080 1044 2257 1112 φωτὸς
2317 1045 2416 1118 τὴν
2444 1048 2743 1118 ἐνέργειαν,
2801 1047 3059 1120 ἀληθείας
3093 1043 3257 1101 οὖσαν
3290 1050 3724 1120 παραστατικήν.

460 1137 700 1202 Εἰκότως
735 1135 829 1192 οὖν
858 1141 887 1192 ὁ
919 1139 1110 1210 Σωτὴρ
1145 1137 1319 1192 ταῦτα
1362 1137 1692 1209 παραδιδοὺς
1752 1139 1866 1200 τοῖς
1910 1137 2074 1192 αὑτοῦ
2117 1139 2385 1212 μαθηταῖς
2446 1142 2692 1196 ἐδίδασκε
2715 1141 2921 1212 λέγων·
2963 1140 3106 1212 Ἐγώ
3132 1144 3249 1211 ειμι
3286 1141 3355 1195 τὸ
3386 1140 3513 1210 φῶς
3555 1142 3652 1198 καὶ
3685 1142 3726 1210 ἡ

459 1228 712 1295 ἀλήθεια
765 1228 866 1283 καὶ
914 1230 952 1298 ἡ
988 1228 1122 1298 ζωή.
1188 1229 1299 1284 Καὶ
1346 1230 1552 1301 ἑκάστῃ
1594 1228 1652 1280 δὲ
1689 1227 1799 1282 τῶν
1831 1228 2032 1282 λοιπῶν
2096 1231 2361 1287 ἐκδόσεων
2388 1234 2649 1305 ἀρμόσεις
2698 1233 3007 1298 ἀκολούθως
3037 1232 3098 1287 τὸ
3130 1233 3302 1297 τέλος,
3345 1235 3454 1287 εἴτε
3509 1237 3621 1298 τοῖς
3667 1236 3728 1290 ἐν

460 1323 740 1378 Βαϐυλῶνι
782 1324 957 1378 ταῦτα
1001 1325 1283 1392 λέγουσιν,
1324 1324 1434 1378 εἴτε
1461 1328 1576 1389 τοῖς
1605 1324 1665 1390 ἐξ
1702 1324 1871 1378 ἐθνῶν
1911 1326 2077 1398 μήπω
2109 1331 2545 1385 πεπιστευκόσιν.

534 1439 588 1495 1.
644 1436 709 1492 ΙΝ
763 1437 1226 1505 FINEM,FILIIS
1275 1436 1459 1493 CORE
1512 1439 1604 1493 AD
1650 1438 1975 1494 INTELLE-

1047 1506 1241 1565 CTUM
1279 1509 1465 1563 XLIII.

529 1597 805 1671 Propositi
863 1617 1147 1657 sermones
1200 1617 1380 1672 neque
1434 1601 1708 1672 psalmum
1768 1601 1822 1655 in
1881 1601 2043 1655 titulo

458 1692 790 1764 praeferunt,
823 1710 1003 1765 neque
1037 1694 1344 1760 canticum,
1397 1709 1572 1765 neque
1611 1694 1873 1766 hymnum
1895 1734 1911 1758 ,
1948 1711 2046 1750 ne-

460 1798 568 1853 que
617 1782 749 1852 quid
801 1784 1010 1853 simile,
1056 1784 1187 1856 quia
1239 1785 1511 1841 sententia
1555 1786 1847 1841 verborum
1903 1785 2042 1840 nihil

2150 1445 2260 1499 ΕΙΣ
2311 1447 2398 1501 ΤΟ
2437 1446 2857 1570 ΤΕΛΟΣ,Τ(ἐῖξ
2893 1446 3308 1590 ὗ1)οῗἑΓ¹ΚΟΡΕ
3359 1446 3466 1499 ΕῘΣ
3515 1445 3727 1499 ΣΥΝΕ-

2232 1609 2372 1663 Ἀλλ’
2397 1609 2518 1663 οὐδὲ
2551 1611 2601 1663 oi
2638 1609 2988 1681 προκείμενοι
3029 1609 3177 1677 λόγοι
3213 1609 3427 1680 ψαλμὸν
3452 1608 3595 1661 κατὰ
3625 1607 3726 1677 τὴν

2151 1702 2477 1774 προγραφὴν
2499 1702 2866 1774 περιέχουσιν,
2896 1701 3017 1755 οὐδέ
3040 1701 3201 1774 ᾠδὴν,
3235 1702 3355 1755 οὐδὲ
3387 1700 3576 1772 ὕμνον,
3606 1687 3726 1753 οίῖδέ

2149 1811 2201 1847 τι
2234 1793 2344 1846 τῶν
2379 1794 2671 1847 τοιούτων·
2705 1794 2828 1847 ἐπεί
2863 1793 2998 1865 μηδέ
3033 1792 3102 1847 τὰ
3124 1794 3222 1864 τῆς
3248 1793 3486 1857 διανοίας
3526 1792 3635 1847 τῶν
3667 1794 3725 1845 ἐν

459 1890 650 1930 eorum
695 1877 957 1948 respicit,
1003 1877 1101 1934 sed
1144 1879 1575 1950 supplicationes
1602 1889 1733 1934 sunt
1762 1877 2039 1949 prioribus

2145 1885 2326 1947 αὐτοῖς
2368 1883 2680 1955 φερομένων
2720 1860 2979 1955 τοιαότης
3021 1860 3205 1955 ἔχεται
3244 1883 3506 1956 θεωρίας·
3537 1885 3724 1955 ἱκετη-

461 1967 706 2033 similes,
739 1983 803 2023 ac
831 1968 1078 2039 ejusdem
1111 1971 1421 2042 argumenti
1447 1990 1461 2038 ;
1495 1971 1756 2026 nimirum
1785 1971 1854 2027 de
1880 1970 2041 2025 ruina

457 2059 673 2115 Judaici
708 2060 945 2132 ’populi,
979 2078 1047 2119 ex
1097 2063 1491 2134 prapbetarum
1539 2077 1778 2134 persona
1831 2079 1862 2118 a
1913 2063 2041 2119 ﬁliis

457 2151 601 2208 Core
646 2153 895 2224 prolata.
940 2154 1002 2209 In
1049 2155 1307 2226 praesenti
1348 2170 1514 2226 porro
1546 2156 1789 2226 apertius
1821 2162 2044 2211 senten-

458 2245 594 2299 tiam
641 2247 952 2312 declarant,
997 2264 1106 2319 qua
1151 2250 1209 2304 in
1249 2249 1631 2320 superioribus
1670 2264 1792 2305 sese
1821 2247 2041 2304 ﬂetibus

458 2336 746 2395 dederant.
782 2339 1085 2397 Erumnas
1115 2340 1301 2411 itaque
1345 2342 1549 2412 pepqu
1589 2341 1866 2397 immissas
1909 2356 2039 2395 nar-

457 2438 609 2485 rant.
652 2428 836 2496 Quare
861 2445 965 2486 nos
992 2430 1061 2485 ad
1098 2432 1436 2487 intellectum
1477 2432 1757 2499 excitant,
1793 2439 1958 2506 atque
1988 2432 2043 2487 in

460 2524 619 2580 titulo
662 2539 765 2577 nos
811 2522 881 2577 ad
926 2523 1085 2578 ﬁnem
1128 2524 1456 2591 remittunt,
1501 2523 1630 2593 quia
1672 2523 1789 2578 haec
1830 2523 1887 2577 in
1934 2527 2043 2579 line

458 2623 756 2677 eventura,
789 2614 917 2670 licet
946 2623 1005 2670 ut
1029 2615 1143 2685 jam
1179 2615 1400 2686 impleta
1432 2614 1526 2670 ﬁlii
1555 2614 1696 2671 Core
1728 2616 2044 2686 prophetico

457 2708 914 2763 vaticinarentur.
983 2706 1044 2762 In
1096 2708 1477 2779 superioribus
1531 2709 1717 2779 itaque
1747 2709 2031 2781 .lacryma-

458 2800 682 2867 bantur,
733 2802 1088 2873 doloremque
1140 2817 1302 2859 suum
1350 2802 1462 2859 Deo
1506 2803 1940 2872 renuntiabant;
1980 2803 2037 2858 in

459 2894 715 2965 praesenti
746 2910 876 2950 vero
903 2896 1052 2967 ipsas
1079 2895 1424 2951 calamitates
1449 2902 1734 2950 enarrant.

2146 1975 2260 2047 ρίαι
2296 1975 2354 2029 δέ
2387 1978 2525 2031 εἰσιν
2568 1977 2750 2048 ὅμοιαι
2794 1979 2915 2041 ταῖς
2960 1976 3305 2049 ἔμπροσθεν,
3336 1978 3430 2030 καὶ
3471 1976 3725 2049 περὶτῆς

2144 2067 2316 2138 αὐτῆς
2368 2067 2705 2131 ὑποθέσεως·
2748 2067 2894 2137 λέγω
2948 2068 3005 2121 δὲ
3038 2068 3167 2138 περ).
3209 2066 3312 2137 τῆς
3354 2065 3724 2130 ὰποπτώσεως

2143 2158 2238 2212 τοῦ
2278 2159 2547 2213 Ἰουδαίων
2583 2158 2770 2224 ἔθνους
2823 2160 2888 2212 ἐκ
2931 2158 3224 2231 προσώπου
3268 2158 3377 2213 τῶν
3430 2159 3725 2231 προφητῶν

2144 2250 2677 2323 προσπεφωνημὲναι
2718 2251 2806 2306 διά
2851 2251 2963 2306 τῶν
2996 2251 3127 2305 υἱῶν
3174 2251 3341 2322 Κορὲ.
3397 2249 3726 2320 Διασᾳφοῦσι

2143 2341 2189 2396 δ’
2237 2344 2329 2397 ἐπὶ
2387 2342 2482 2397 τοῦ
2536 2344 2805 2415 παρόντος
2852 2343 3171 2415 λευκότερον
3232 2343 3581 2412 ἐκφαίνοντες
3624 2341 3725 2414 τὴν

2142 2435 2414 2501 διάνοιαν,
2460 2437 2527 2491 δι’
2572 2437 2640 2509 ἣν
2676 2437 2733 2490 ἐν
2768 2438 2883 2501 τοῖς
2935 2435 3239 2508 ἔμπροσθεν
3287 2434 3720 2489 ἀπεκλαύσαντο.

2143 2527 2519 2600 Διεξέρχονται
2558 2528 2690 2597 γοῦν
2736 2527 2807 2581 τὰ
2856 2528 3242 2599 συμϐεϐηκότα
3279 2526 3423 2598 πάθη
3472 2525 3550 2597 τῷ
3585 2525 3720 2598 λαῷ.

2147 2607 2308 2675 ’⁷Οθεν
2338 2621 2697 2694 διεγείρουσιν
2721 2622 2868 2693 ἡμᾶς
2892 2622 2974 2685 εἰς
3002 2620 3237 2683 σύνεσιν,
3269 2620 3363 2674 καὶ¹
3388 2621 3467 2683 εἰς
3492 2618 3554 2672 τὸ
3573 2618 3726 2682 τέλος

2144 2712 2529 2784 ἀναπέμπουσι
2562 2712 2652 2766 διὰ
2678 2712 2786 2783 τῆς
2808 2712 3153 2785 προγραφῆς,
3186 2709 3276 2764 διὰ
3303 2709 3365 2762 τὸ
3395 2708 3609 2780 μέλλειν
3631 2708 3725 2761 ἐπὶ

2143 2802 2287 2857 τέλει
2325 2803 2502 2858 ταῦτα
2531 2803 2872 2875 συμϐαίνειν,
2898 2806 2946 2858 εί
2974 2805 3069 2857 uati.
3100 2802 3175 2867 ὡς
3205 2803 3304 2875 ήδη
3341 2800 3725 2873 συμϐεϐηκότα

2145 2895 2287 2951 αὐτά
2312 2898 2362 2950 οἱ
2401 2895 2509 2949 υἱοὶ
2550 2895 2699 2968 Κορέ
2743 2894 3098 2967 προφητικῶς
3130 2893 3430 2957 ἐθέσπιζον.
3482 2891 3581 2945 Διά
3627 2891 3724 2961 μὲν

458 2986 552 3045 οὖν
583 2989 692 3044 τῶν
728 2989 1041 3064 ἔμπροσθεν
1079 2992 1525 3059 ἀπεκλαύσαντο,
1556 2992 1651 3047 καὶ
1706 2991 1808 3057 τὰς
1862 2990 2073 3048 ἑαυτῶν
2110 2992 2435 3065 ἐξήγγειλαν
2471 2992 2551 3065 τῷ
2582 2992 2701 3065 Θεῷ
2723 2991 2898 3057 λύπας
2936 3008 2951 3022 ·
3002 2994 3060 3044 ἐν
3090 2990 3147 3045 δὲ
3187 2993 3301 3055 τοῖς
3344 2985 3725 3062 προκειμένοις

459 3085 556 3139 καὶ
580 3083 719 3138 αὐτά
746 3083 814 3138 τά
845 3083 993 3158 πάθη
1021 3083 1354 3160 ἐξέρχονται.

531 3178 702 3236 Vsus.
741 3179 859 3235 2-9.
897 3179 1063 3245 Deus,
1095 3182 1316 3237 auribus
1346 3185 1544 3239 nostris
1574 3183 1896 3251 audivimus,
1931 3189 2040 3239 etc.
2069 3189 2115 3248 ο

458 3273 567 3330 Pro
594 3275 718 3336 illo.
753 3273 859 3341 Qui
890 3274 1115 3329 mandas
1147 3274 1344 3330 salutes
1382 3273 1552 3329 Iacob
1579 3316 1595 3341 ,
1630 3274 2001 3348 Symmachus
2024 3314 2039 3340 ,

345 3354 355 3362 ’
461 3367 506 3423 Τ
509 3385 543 3422 u
585 3385 639 3423 es
677 3382 772 3422 rea:
811 3382 991 3434 meus,
1026 3364 1198 3433 Deus,
1233 3364 1433 3421 manda
1461 3365 1525 3421 de
1550 3364 1723 3420 salute
1749 3363 1940 3419 Iacob.
1975 3362 2043 3418 In

460 3471 512 3515 te
541 3460 782 3514 inimicos
824 3470 1033 3514 nos-tros
1075 3458 1442 3514 ventilabimus
1483 3474 1667 3512 cornu.
1717 3456 1823 3523 Qui
1858 3456 1917 3511 in
1946 3472 2044 3527 po-

457 3554 588 3626 pulo
617 3554 787 3624 probe
817 3568 876 3610 se
906 3561 1137 3624 gerunt,
1168 3560 1223 3608 et
1250 3551 1344 3624 qui
1393 3550 1540 3623 apud
1575 3551 1757 3621 ipsum
1800 3550 2041 3621 prophe-

459 3656 556 3714 tae,
588 3648 705 3703 haec
733 3647 1010 3713 dixerint,
1052 3646 1378 3703 conﬁtentes
1411 3660 1521 3700 non
1553 3644 1776 3715 prOpria
1800 3643 2039 3711 virtute,

456 3756 570 3795 non
601 3755 763 3805 arcu,
792 3754 903 3795 non
927 3739 1108 3811 gladio
1139 3739 1372 3795 salutem
1404 3737 1506 3793 sibi
1535 3735 1718 3808 parari
1747 3775 1763 3801 ,
1801 3735 1899 3790 sed
1929 3735 2042 3789 vir—

457 3837 575 3886 tute
620 3841 792 3884 cornu
820 3829 927 3885 sui.
980 3828 1203 3883 Cornua
1248 3841 1416 3899 porro
1464 3824 1712 3881 Danielis
1750 3823 2040 3896 Scriptura

455 3935 626 3991 regna
672 3928 871 3977 vocat:
922 3927 1248 3976 sanctorum
1295 3932 1426 3974 vero
1471 3932 1645 3973 cornu
1672 3916 1882 3972 dicitur
1921 3917 2039 3987 ipse

457 4011 762 4079 Dominus;
795 4014 969 4083 quare
999 4011 1105 4066 ait:
1140 4008 1209 4064 In
1236 4018 1284 4064 te
1312 4010 1553 4064 inimicas
1580 4017 1788 4064 nostros
1817 4008 2040 4063 ventila-

459 4102 631 4158 bimus
665 4120 868 4168 cornu;
901 4103 1031 4158 alibi
1064 4117 1284 4174 quoque
1312 4100 1517 4156 dicitur
1539 4099 1845 4157 :Protector
1879 4116 2025 4156 meus

456 4206 507 4250 et
536 4212 698 4249 cornu
726 4196 921 4250 salutis
950 4212 1079 4251 mete
1113 4195 1181 4251 ⁸⁷.
1227 4191 1398 4266 Igitur
1440 4193 1560 4264 ipse
1590 4209 1767 4249 cornu
1810 4200 1933 4249 est:
1972 4206 2038 4247 ac

459 4302 675 4358 quaeras
714 4288 878 4342 velim
922 4300 1034 4357 quo
1081 4294 1243 4357 pacto
1286 4286 1394 4342 alio
1438 4285 1496 4341 in
1528 4286 1652 4341 loco
1678 4284 1889 4340 dictum
1928 4283 2035 4350 sit,

458 4378 735 4449 Confessio
766 4379 881 4448 ejus
917 4394 1073 4448 super
1114 4377 1303 4433 calum
1340 4386 1392 4433 et
1431 4387 1627 4432 terram
1653 4417 1669 4442 ,
1699 4386 1750 4432 et
1778 4375 2036 4432 exaltabit

2228 3175 2284 3229 '0
2309 3175 2474 3241 Θεὸς,
2505 3172 2629 3239 τοῖς
2650 3171 2803 3227 ὠσίν·
2824 3169 2994 3242 ἡμῶν
3020 3171 3386 3239 ἠκούσαμεν.
3424 3170 3570 3224 Ἀντὶ
3597 3171 3719 3225 τοῦ·

2157 3269 2215 3324 Ὁ
2245 3266 2679 3336 ἐντελλόμενος
2720 3263 2829 3330 τὰς
2866 3262 3166 3330 σωτηρίας
3201 3259 3416 3325 Ἰακὼϐ,
3447 3262 3477 3314 ὁ
3499 3262 3725 3333 Σύμμα-

2141 3376 2267 3432 χος·
2312 3358 2398 3412 Σὺ
2442 3352 2501 3411 εἷ
2541 3358 2574 3411 d
2624 3353 2931 3420 ,ϐασιλεύς
2975 3368 3123 3422 μουο
3182 3353 3216 3405 ό
3261 3350 3427 3417 Θεὸς,
3460 3350 3723 3406 ἔντειλαι

2142 3452 2272 3521 περὶ
2305 3450 2418 3520 τῆς
2447 3448 2746 3517 σωτηρίας
2781 3445 2997 3501 Ἰακώϐ.
3032 3445 3136 3498 Ἐν
3158 3442 3259 3496 σοὶ
3292 3443 3436 3510 τοὺς
3470 3443 3723 3514 ἐχθροὺς

2140 3541 2311 3614 ἡμῶν
2339 3540 2746 3611 κερατιοῦμεν.
2771 3539 2834 3592 0i
2859 3537 2957 3610 μὲν
2978 3538 3036 3590 ἐν
3062 3534 3140 3607 τῷ
3164 3534 3278 3607 λαῷ
3306 3536 3719 3608 κατορθοῦντες,

2139 3634 2196 3689 οῖ
2234 3651 2297 3687 τε
2339 3635 2398 3686 ἐν
2435 3631 2586 3703 αὑτῷ
2635 3630 2934 3702 προφῆται,
2967 3625 3142 3679 ταῦτα
3172 3623 3238 3678 ἂν
3282 3624 3487 3679 εἴποιεν
3528 3625 3721 3697 ὁμολο-

2140 3727 2363 3798 γοῦντες
2394 3724 2468 3798 μὴ
2498 3723 2677 3795 οἰκείᾳ
2716 3722 2964 3792 δυνάμει,
3001 3721 3135 3792 μηδὲ
3173 3719 3311 3789 τόξῳ
3344 3719 3438 3772 καὶ
3478 3717 3722 3790 ῥομφαία

2140 3820 2352 3883 ἑαυτοῖς
2387 3817 2456 3871 τά
2480 3814 2753 3889 σωτηρίας
2792 3812 3214 3886 περιποιεῖσθαι,
3250 3814 3316 3882 τῇ
3341 3810 3396 3863 δὲ
3423 3810 3517 3863 τοῦ
3544 3811 3722 3881 κέρως

2139 3911 2317 3966 αὐτῶν
2341 3910 2585 3981 δυνάμει.
2624 3907 2848 3979 Κέρατα
2873 3904 2928 3958 δὲ
2960 3906 2994 3976 ἡ
3029 3903 3125 3957 τοῦ
3160 3902 3357 3973 Δανιὴλ
3389 3902 3579 3973 Γραφὴ
3619 3901 3720 3965 τὰς

2140 4002 2413 4076 βασιλείας
2450 4000 2736 4072 ὁνομάζει’
2783 3998 2894 4052 τῶν
2943 3997 3001 4052 δὲ
3040 3997 3211 4067 ἁγίων
3259 3996 3425 4067 κέρας
3471 3993 3720 4048 λέλεκται

2138 4096 2299 4159 αὐτὸς
2325 4095 2355 4146 ό
2393 4093 2598 4166 Κύριος
2620 4110 2634 4123 ·
2668 4092 2749 4145 διό
2780 4107 2913 4161 φησι
2934 4107 2949 4120 ·
2992 4090 3097 4144 Ἐν
3134 4087 3235 4142 σοὶ
3281 4087 3425 4153 τοὺς
3465 4085 3719 4155 ἐχθροὺς

2136 4187 2308 4257 ἡμῶν
2327 4185 2730 4255 κερατιοῦμεν.
2767 4184 2877 4236 Καὶ
2903 4183 2961 4237 ἐν
2981 4175 3442 4246 ἐτέροιςλέλεκται
3461 4195 3475 4211 θ
3520 4179 3717 4248 Ὑπερ-

2136 4278 2445 4348 ασπιστής
2514 4295 2637 4348 μου
2700 4275 2799 4330 καί
2874 4274 3054 4343 κέρας
3110 4273 3408 4341 σωτηρίας
3473 4288 3593 4341 μου
3641 4270 3713 4324 ετ.

2136 4372 2329 4427 Τοίνυν
2380 4370 2544 4435 αὑτός
2600 4372 2717 4423 ἐστι
2741 4367 2803 4421 τὸ
2844 4367 3046 4438 κέρας’
3079 4365 3233 4437 ζήτει
3280 4366 3429 4428 ὅπως
3467 4363 3717 4417 λέλεκται

457 4487 624 4530 cornu
654 4471 833 4541 populi
863 4470 950 4525 sui
980 4469 1049 4536 ⁵⁸,
1081 4469 1243 4540 quasi
1273 4469 1415 4524 alius
1446 4469 1517 4523 sit
1547 4469 1641 4539 qui
1669 4474 2032 4522 memoratum

2142 4463 2400 4535 ἀλλαχοῢο
2462 4464 2525 4520 Ἠ
2576 4460 3015 4531 ἐξομολόγησις
3070 4455 3256 4512 αὑτοῦ
3308 4455 3408 4509 ἐπὶ
3441 4453 3554 4525 γῆς
3614 4455 3715 4507 καὶ

457 4581 632 4620 cornu
664 4564 846 4634 erigit.
891 4561 1316 4627 Animadverte,
1347 4576 1556 4633 quaeso,
1599 4575 1731 4615 num
1764 4558 1860 4614 Dei
1890 4559 2029 4615 Ver-

2142 4555 2424 4626 οῠρανοῦ,
2482 4555 2582 4609 καὶ
2632 4551 2868 4623 ὑψώσει
2919 4550 3100 4620 κέρας
3165 4548 3321 4603 λαοῦ
3371 4546 3588 4601 αὐτοῦ’
3639 4545 3717 4609 ὡς

456 4654 620 4717 1mm,
656 4652 775 4722 ipse
809 4650 1109 4718 Dominus,
1143 4666 1317 4707 cornu
1348 4652 1533 4723 populi
1575 4649 1874 4723 perspicue
1918 4651 2033 4715 sit,

406 4801 424 4815 ,
457 4758 524 4799 ac
571 4743 661 4814 qui
705 4741 868 4812 erigit
914 4741 1084 4808 illud,
1128 4739 1292 4797 Pater
1332 4740 1428 4812 qui
1473 4739 1662 4812 genuit
1705 4753 1849 4795 eum.
1894 4736 2036 4805 Quia

455 4836 603 4895 enim
629 4833 926 4889 humiliavit
951 4833 1288 4901 semetipsum
1314 4848 1477 4903 usque
1505 4828 1574 4884 ad
1605 4837 1859 4897 mortem,
1892 4844 2036 4883 mor-

457 4938 559 4982 tem
598 4937 773 4981 autem
812 4926 986 4981 crucis
1006 4967 1022 4993 ,
1057 4925 1174 4979 ideo
1204 4924 1345 4979 Deus
1377 4923 1631 4978 exultavit
1661 4923 1815 4978 illum
1845 4922 1912 4989 ",
1946 4936 2035 4977 se-

2141 4648 2329 4721 ἑτέρου
2358 4647 2507 4712 ὄντος
2530 4645 2625 4699 τοῦ
2651 4645 2911 4715 ὑφοῦντος
2939 4644 3001 4697 τὸ
3022 4639 3495 4713 προδεδηλωμένον
3522 4638 3712 4710 κέρας.

2143 4741 2286 4814 Ὅρα
2313 4736 2407 4793 οὖν
2429 4739 2477 4792 εί
2505 4738 2579 4809 μὴ
2608 4735 2794 4806 σαφῶς
2813 4738 2842 4789 ὁ
2870 4732 3005 4788 Θεοῦ
3028 4732 3219 4801 Λόγος,
3246 4730 3407 4793 αὐτὸς
3429 4732 3457 4783 ὁ
3486 4729 3712 4800 Κύριος,

2139 4832 2225 4903 εἴη
2257 4830 2323 4885 ἂν
2353 4830 2413 4883 τὺ
2440 4829 2609 4901 κέρας
2640 4827 2736 4880 τοῦ
2759 4826 2911 4891 λαοῦ,
2942 4826 2971 4877 ὁ
3001 4824 3058 4877 δὲ
3092 4822 3241 4892 ὑψῶν
3267 4821 3429 4873 αὐτὸν
3456 4821 3485 4872 ό
3519 4825 3712 4892 γεννη-

2141 4942 2242 4989 σας
2268 4921 2430 4977 αὑτὸν
2445 4921 2656 4993 Πατήρ.
2697 4917 2915 4989 Ἐπειδὴ
2934 4915 3043 4988 γὰρ
3069 4913 3475 4970 ἐταπείνωσεν
3495 4911 3715 4967 ἑαυτὸν

455 5020 698 5077 cundum
725 5019 1068 5090 Apostolum.
1100 5017 1160 5072 ln
1190 5017 1296 5072 hoc
1324 5017 1509 5086 itaque
1538 5030 1712 5070 cornu
1737 5022 1793 5071 et
1819 5014 1877 5069 in
1903 5028 2034 5085 rege

2142 5015 2310 5085 μέχρι
2340 5012 2620 5079 θανάτου,
2654 5007 2913 5073 θανάτου
2949 5005 3019 5059 δὲ
3056 5002 3346 5072 σταυροῦ,
3376 5000 3473 5055 διὰ
3493 5002 3716 5090 τοῦτοὸ

454 5130 558 5169 suo
586 5112 848 5176 ﬁdentes,
881 5110 1214 5167 conﬁtentur
1244 5124 1304 5166 se
1334 5124 1446 5164 non
1477 5122 1609 5163 arcu
1631 5148 1646 5172 ,
1680 5122 1794 5163 non
1820 5105 2027 5178 gladio,

453 5222 564 5260 non
590 5206 812 5276 propria
837 5204 1043 5259 virtute
1063 5244 1078 5265 ,
1101 5202 1198 5258 sed
1225 5202 1370 5273 regis
1397 5201 1483 5256 sui
1512 5198 1758 5272 potentia
1783 5239 1798 5265 ,
1826 5196 1894 5253 de
1922 5196 2032 5252 ini-

374 5288 375 5291 “
454 5295 616 5349 micis
646 5295 934 5350 victoriam
970 5301 1375 5366 reportaturos.
1420 5290 1632 5347 Deinde
1677 5290 1805 5361 quia
1844 5289 2029 5360 ipsum

455 5386 746 5442 Dominum
782 5402 882 5458 pro
920 5402 1047 5458 rege
1074 5393 1130 5442 et
1157 5401 1328 5441 cornu
1371 5382 1771 5443 obtinuerunt,
1805 5378 1931 5449 jure
1970 5392 2029 5433 se

455 5496 568 5537 non
594 5480 834 5536 inimicis
859 5480 1107 5537 subditos
1133 5477 1280 5545 fore,
1306 5475 1403 5533 sed
1431 5480 1790 5546 superaturos
1813 5470 2025 5525 dicunt.

2142 5105 2283 5172 Θεὸς
2296 5101 2484 5158 αὐτὸν
2496 5103 2872 5169 ὑπερύψωσε,
2894 5100 3033 5154 κατὰ
3046 5099 3135 5151 τὸν
3161 5093 3501 5149 Ἀπόστολον.
3528 5088 3717 5161 Τούτῳ

2135 5191 2228 5249 οὖν
2264 5192 2342 5266 τῷ
2389 5193 2581 5266 κέρατι
2617 5189 2827 5244 ἑαυτῶν
2864 5188 2959 5242 καὶ
2996 5185 3075 5256 τῷ
3109 5183 3320 5257 βασιλεῖ
3362 5178 3711 5253 θαρροῦντες,

2135 5286 2461 5359 ὁμολογοῦσι
2506 5285 2580 5356 μὴ
2627 5279 2973 5361 τόξῳημηδέ
3018 5276 3300 5351 ῥομφαίᾳ,
3352 5274 3488 5345 μηδὲ
3536 5270 3713 5361 οἰκείᾳ.

2135 5376 2301 5447 ἀρετῇ
2334 5373 2442 5426 τῶν
2471 5369 2682 5443 ἐχθρῶν
2713 5359 3187 5441 περιγενήσεσθαι,
3219 5362 3357 5418 ἀλλά
3385 5364 3453 5433 τῇ
3492 5359 3589 5414 τοῦ
3617 5359 3713 5428 βα-

2135 5464 2327 5528 σιλέως
2352 5462 2529 5517 αὐτῶν
2553 5461 2799 5532 δυνάμει.
2824 5455 2936 5514 Εἶτ’
2959 5457 3147 5529 ἐπειδὴ
3174 5454 3397 5528 βασιλέα
3423 5454 3516 5507 καὶ
3543 5452 3711 5522 κέρας
3803 5486 3810 5493 ι

520 5624 568 5659 ⁵⁸
595 5624 754 5679 loan.
780 5635 901 5687 vui,
938 5621 1042 5690 12;
1072 5637 1186 5691 xw,
1210 5620 1265 5676 6.
1341 5620 1387 5653 ⁵⁷
1414 5617 1560 5676 Psal.
1600 5632 1739 5683 xvn,
1770 5616 1825 5672 '5.
1890 5613 1938 5645 ⁸⁸
1971 5609 2039 5666 Ps

2142 5623 2359 5675 svanI,
2392 5607 2481 5664 Li.
2520 5606 2566 5639 ⁸⁸
2594 5605 2832 5679 Philipp.
2856 5623 2919 5673 ιι,
2940 5607 2996 5663 8.

526 5756 602 5833 (ε)
632 5756 691 5808 In
722 5753 925 5809 Graecus
953 5750 1355 5833 exemplaribus
1392 5746 1610 5803 additur
1635 5739 1873 5833 ψαλμός,
1903 5751 2048 5833 ⁸(ςιιιιε
2085 5752 2187 5794 vox
2228 5751 2327 5794 nec
2365 5737 2421 5793 in
2460 5732 2728 5794 chraico
2764 5749 2869 5790 nec
2907 5733 2962 5789 in
2994 5731 3225 5806 Vulgata
3270 5730 3487 5807 legitur,
3523 5742 3707 5798 neque

459 5812 772 5897 in‘l'iuscbii
796 5812 1126 5895 exemplari;
1144 5830 1201 5877 ut
1241 5822 1356 5893 ipse
1394 5812 1681 5882 memorat,
1715 5812 2011 5869 ferebatur.
