4138 6386
407 377 514 434 535

1537 375 2040 434 COMMENTARIA
2077 377 2146 432 IN
2185 376 2520 434 PSALMOS.

3555 378 3661 436 586

409 494 708 563 ἐκτήσαντο
753 491 915 545 αὐτὸν
975 489 1068 545 τὸν
1097 489 1324 563 Κύριον,
1355 491 1582 556 εἰκότως
1614 495 1727 556 τοῖς
1776 491 1974 564 ἐχθροῖς

2095 491 2218 547 llzec
2241 507 2373 547 sane
2400 489 2714 562 signiﬁcant
2744 491 2828 547 his
2853 489 3073 548 verbis:
3102 490 3340 548 Salvasti
3367 507 3462 549 nos
3483 491 3550 547 de
3577 493 3663 561 af-

411 589 487 655 μὴ
522 584 824 656 ὑποχείριοι
874 583 1201 654 γενήσεσθαί
1251 601 1384 653 φασι.
1407 600 1422 615 ο
1459 585 1742 656 κρείττους
1777 585 1835 638 δὲ
1881 584 1990 638 τῶν

407 675 684 746 πολεμίων
729 674 989 745 ὑπάρξαι.
1043 675 1214 730 Τοῦτο
1258 676 1388 744 γοῦν
1423 676 1641 748 δηλοῦσι
1707 676 1986 746 λέγοντες·

413 771 697 833 Ἐσωσας
724 767 884 837 ἡμᾶς
901 769 970 822 ἐκ
998 766 1116 822 τῶν
1143 769 1468 824 θλιϐόντων
1507 768 1686 839 ἡμᾶς,
1719 770 1820 823 καὶ
1848 770 1989 836 τοὺς

403 856 740 925 μισοῦντας
785 855 944 925 ἡμᾶς
996 858 1403 927 κατῄσχυνας.
1452 860 1564 914 Καὶ
1599 860 1896 932 ἐπειδήπερ
1937 862 1988 914 οἰ

412 949 508 1019 μὲν
541 947 726 1018 ἐχθροὶ
757 948 1020 1019 αἰσχύνην
1051 950 1397 1020 κατεχέαντο,
1425 952 1578 1006 αὐτοὶ
1608 952 1666 1005 δὲ
1686 954 1786 1006 οὐκ
1811 953 1988 1024 οἰκείᾳ

406 1042 655 1111 δυνάμει,
691 1045 755 1112 τῇ
784 1041 839 1095 δὲ
864 1042 958 1094 τοῦ
993 1042 1170 1114 κέρως
1193 1043 1371 1096 αὐτῶν
1405 1043 1690 1115 ἐσώθησαν
1712 1062 1725 1076 ·
1763 1045 1986 1109 εἰκότως

407 1135 830 1188 ἐπισυνάπτουσι
877 1135 1157 1204 λέγοντες·
1217 1137 1320 1190 Ἐν
1352 1136 1433 1203 τῷ
1491 1137 1612 1204 Θεῷ
1666 1138 1984 1206 ἐπαινεθη-

405 1228 632 1296 σόμεθα
659 1227 812 1296 ὅλην
831 1228 948 1296 τὴν
975 1227 1204 1298 ἡμέραν
1225 1243 1239 1258 ·
1266 1229 1300 1300 ἢ
1329 1228 1470 1284 κατὰ
1487 1230 1578 1284 τὸν
1609 1229 1858 1293 Ἀκύλαν,
1890 1229 1984 1283 Ἐν

406 1318 486 1384 τῷ
521 1319 643 1384 Θεῷ
676 1322 1130 1391 καυχησόμεθαο
1167 1321 1199 1392 ἢ
1230 1322 1369 1376 κατὰ
1395 1323 1488 1376 τὸν
1519 1323 1831 1394 Σύμμαχον,
1871 1323 1984 1378 Τὸν

407 1409 556 1462 Θεὸν
579 1411 886 1481 ὑμνοῦμεν
906 1411 1059 1479 ὅλην
1085 1411 1201 1479 τὴν
1230 1414 1477 1481 ἡμέραν,
1508 1414 1606 1467 καί
1631 1414 1710 1479 τῷ
1735 1413 1983 1484 ὀνόματί

403 1516 522 1552 σου
543 1500 1103 1571 ἑξομολογησόμεθα
1152 1499 1239 1568 εἰς
1270 1502 1376 1555 τὸν
1403 1503 1606 1559 αἰῶνα.
1642 1505 1752 1577 Τὴν
1791 1506 1848 1559 δέ
1895 1505 1982 1571 ἐξ·

402 1592 636 1665 ομολόγη
645 1611 726 1646 σιν
745 1594 865 1647 ἀντί
895 1595 1243 1666 εὐχαριστίας
1263 1613 1338 1648 πα
1347 1595 1477 1667 ραλα
1486 1596 1707 1666 μϐάνειν
1727 1595 1979 1648 εἰώθασιν

401 1685 462 1737 αἱ
493 1685 708 1755 Γραφαὶ
723 1685 892 1739 ’ὥστε
919 1686 1142 1750 εἰκότως
1177 1686 1272 1740 καί
1301 1686 1606 1757 καυχᾶσθαι
1639 1688 1733 1740 καί¹
1766 1686 1976 1756 ὑμνεῖν,

403 1773 498 1828 καὶ
516 1775 760 1830 ἐπαινεῖν
774 1776 868 1828 καὶ
883 1776 1238 1840 ἐπαινεῖσθαι,
1255 1778 1594 1849 εὐχαριστεῖν
1615 1795 1669 1829 τε
1686 1776 1779 1830 καί
1791 1777 1979 1847 ἐξομο-

2091 585 2391 656 ﬂigentibus
2440 601 2531 638 nos
2551 624 2567 648 ,
2611 597 2662 638 et
2691 581 2922 638 odientes
2954 601 3049 640 nos
3082 585 3393 654 confudisti.
3423 585 3492 642 Et
3531 589 3662 658 quia

2091 678 2299 733 inimici
2335 677 2552 748 quidem
2582 677 2638 730 in
2667 691 2762 732 eos
2791 677 3148 746 opprobrium
3178 676 3484 732 elIuderant
3509 697 3524 745 ;
3555 680 3663 749 ipsi

2087 787 2220 826 vero
2248 787 2359 826 non
2380 771 2608 842 propria
2640 771 2842 825 virtute
2860 809 2876 836 ,
2908 771 3002 826 sed
3028 787 3202 825 cornu
3231 773 3316 826 sui
3343 771 3663 829 fortitudine

2088 863 2321 917 salutem
2371 863 2608 918 assecuti
2654 871 2823 925 sunt;
2869 861 3067 916 merito
3111 863 3226 917 haec
3256 861 3558 932 adjiciunt:
3593 864 3660 919 In

2089 953 2196 1008 Deo
2227 953 2567 1008 laudabimur
2597 963 2708 1008 tota
2733 953 2859 1019 die;
2907 963 3001 1009 aut
3041 956 3340 1011 secundum
3372 956 3656 1026 Aquilam:

2088 1045 2154 1100 In
2187 1047 2294 1102 Deo
2320 1047 2712 1118 gloriabimur;
2746 1048 2862 1104 sive
2895 1047 3196 1104 secundum
3231 1047 3654 1121 Symmachum:

2084 1138 2253 1192 Deum
2283 1137 2660 1193 celebrabimus
2697 1149 2810 1192 tota
2849 1138 2964 1203 die,
2997 1149 3048 1193 et
3077 1141 3275 1194 nomini
3317 1148 3405 1194 tuo
3439 1141 3657 1208 conﬁte-

2083 1228 2261 1282 bimur
2291 1229 2346 1282 in
2375 1238 2649 1283 wternum.
2678 1227 3096 1284 Confessionem
3129 1244 3294 1300 porro
3321 1245 3420 1300 pro
3451 1230 3658 1299 gratia-

2083 1335 2204 1374 rum
2233 1321 2446 1374 actione
2475 1335 2746 1390 usurpare
2777 1319 3076 1389 Scriptura:
3104 1322 3280 1376 solent
3309 1339 3324 1387 ;
3359 1322 3432 1374 ita
3460 1329 3518 1374 nt
3545 1337 3660 1374 me-

2081 1411 2223 1476 rito,
2269 1411 2530 1482 gloriari,
2566 1412 2800 1482 hymnos
2843 1412 3154 1478 celebrare,
3185 1411 3409 1466 laudare
3449 1423 3503 1465 et
3535 1413 3656 1464 lau-

2081 1503 2198 1558 dari
2222 1543 2236 1566 ,
2260 1504 2465 1574 gratias
2492 1518 2652 1572 agere
2675 1514 2724 1557 et
2752 1505 2999 1558 conﬁteri
3026 1503 3241 1565 dicant,
3266 1502 3467 1572 quibus
3489 1499 3652 1570 Regis

2080 1592 2166 1650 sui
2209 1595 2412 1647 virtute
2455 1601 2611 1662 parta
2659 1594 2812 1649 salus
2853 1593 2980 1647 luit.
3015 1591 3121 1648 Sed
3163 1593 3278 1647 haec
3325 1593 3544 1662 quidem
3585 1607 3655 1646 ex

2080 1700 2314 1756 persona
2350 1686 2502 1740 chori
2543 1685 2846 1756 prophetici
2882 1687 3026 1741 dicta
3052 1693 3201 1741 sunt.
3246 1685 3376 1751 Quae
3407 1697 3534 1740 vero
3559 1685 3656 1738 de-

2079 1777 2204 1833 inde
2234 1777 2482 1832 feruntur
2512 1777 2676 1832 iidem
2705 1793 2900 1834 rursus
2918 1812 2935 1846 ,
2964 1777 3332 1832 multitudinis
3360 1791 3522 1832 casus
3547 1775 3652 1832 sibi

403 1865 674 1934 λογεῖσθαι
693 1869 744 1920 οἰ
770 1869 1186 1939 σεσωσμένοιτῇ
1201 1868 1294 1922 τοῦ
1331 1868 1592 1939 βασιλέως
1613 1869 1790 1922 αὐτῶν
1805 1870 1973 1940 ἀρετῇ

2079 1868 2417 1924 ascribentes
2437 1907 2454 1933 ,
2483 1875 2764 1923 enarrant.

402 1975 586 2028 φασιν.
627 1960 784 2013 Ἀλλὰ
812 1959 982 2012 ταῦτα
1016 1959 1114 2030 μὲν
1145 1959 1210 2012 ἐκ
1243 1959 1532 2032 προσώπου
1563 1961 1656 2014 τοῦ
1700 1960 1862 2033 χοροῦ
1901 1978 2011 2016 των
2044 1960 2337 2032 προφητῶν
2373 1960 2616 2033 εἴρηται·
2642 1960 2710 2014 τὰ
2735 1961 2780 2014 δ’
2813 1961 2942 2032 tam
2977 1961 3347 2034 ἐπιφερόμενα
3389 1961 3550 2016 πάλιν
3598 1963 3649 2016 οἱ

401 2057 577 2121 αὐτοὶ,
615 2054 1027 2126 ἰδιοποιούμενοι
1079 2054 1148 2109 τὰ
1194 2056 1272 2127 τῷ
1302 2055 1499 2127 πλήθει
1556 2056 1977 2128 συμϐεϐηκότα,
2015 2055 2406 2127 διεξέρχονται.

468 2151 622 2206 Νυνί
671 2151 739 2205 δὲ
790 2149 1014 2206 ἀπώσω
1062 2151 1161 2205 καὶ
1203 2151 1595 2222 κατῄσχυνας
1636 2151 1816 2223 ἡμᾶς,
1874 2152 1973 2208 καί

399 2247 510 2300 σύκ
535 2245 830 2314 ὲξελεύσῃ
871 2245 941 2298 ἐν
972 2245 1102 2310 ταῖς
1131 2245 1466 2314 δυνάμεσιν
1497 2245 1684 2315 ἡμῶν.
1733 2245 1886 2298 Ἐπεὶ
1915 2243 1978 2297 τὸ

402 2339 601 2410 πλῆθος
614 2338 707 2391 τοῦ
735 2338 934 2402 παντὸς
966 2338 1230 2392 Ἰουδαίων
1247 2339 1450 2402 ἔθνους,
1477 2339 1532 2390 ἐν
1550 2337 1826 2400 παντοίαις
1849 2339 1977 2392 ἀσε-

399 2429 571 2493 ϐεἰαις
604 2429 698 2484 καὶ
718 2429 1080 2501 παρανομίαις
1095 2429 1480 2502 ἐξητασμένον,
1498 2431 1597 2483 ούκ
1611 2424 1679 2501 ἦν
1692 2428 1974 2500 ἀλλότριον

399 2517 493 2571 τοῦ
524 2517 775 2589 σώματος
797 2519 891 2572 τοῦ
914 2520 1278 2590 προφητικοῦ,
1309 2520 1534 2584 εἰκότως
1570 2521 1639 2574 τὰ
1678 2519 1756 2591 τῷ
1780 2519 1972 2592 πλήθει

401 2611 684 2682 συμϐάντα
741 2612 1152 2684 ἰδιοποιούμενοι
1197 2614 1246 2666 οἱ
1289 2613 1360 2666 τὰ
1413 2612 1605 2685 πρῶτα
1651 2613 1972 2686 εἰρηκότες,

403 2704 566 2774 μέσου
603 2704 972 2776 διαψάλματος
1005 2705 1502 2778 παρεμϐληθέντος,
1546 2707 1626 2768 εἰς
1667 2707 1972 2778 παράτασιν

397 2793 498 2864 τῆς
531 2796 832 2867 μεταϐολῆς
873 2797 979 2850 τῶν
1019 2797 1430 2868 λεχθησομένων
1475 2797 1858 2869 προφέρονται.
1909 2798 1972 2852 Oi

402 2888 501 2956 μὲν
526 2883 618 2942 οὖν
645 2889 879 2959 πατέρες
907 2889 1063 2960 ἡμῶν
1089 2889 1416 2960 ἀνήγγειλαν
1437 2892 1591 2961 ἡμῖν,
1606 2891 1825 2953 καὶτοῖς
1840 2892 1972 2960 ἠμε-

397 2973 575 3043 τέροις
623 2973 891 3044 ἠκούομεν
944 2974 1079 3028 ώσίν
1135 2978 1294 3030 ὁποῖα
1349 2977 1693 3048 κατειργάσω
1743 2978 1801 3028 ἐν
1851 2977 1970 3040 ταῖς

397 3062 630 3132 ήμέραις
663 3062 862 3128 αὐτῶν,
897 3065 993 3118 καὶ
1031 3065 1099 3118 τὰ
1126 3064 1272 3134 ἑξῆς.
1305 3065 1440 3118 Νυνί
1471 3065 1528 3118 δὲ
1567 3064 1862 3135 ὀφθαλμοῖς
1907 3064 1967 3117 οὐ

395 3155 621 3208 τοιαῦτα
673 3154 919 3226 ὁρῶμεν·
970 3156 1039 3209 τὰ
1083 3156 1139 3210 δὲ
1181 3157 1389 3223 τούτοις
1440 3157 1677 3210 ἐναντία.
1739 3156 1968 3210 Ἀπώσω

396 3241 504 3314 γὰρ
537 3245 702 3314 ἡμᾶς,
753 3247 816 3298 σὺ
841 3248 869 3299 ὁ
909 3246 1058 3312 Θεὸς,
1090 3249 1118 3300 ὁ
1153 3247 1318 3302 πάλαι
1367 3247 1492 3310 τοὺς
1527 3247 1767 3318 πατέρας
1806 3249 1837 3317 ἡ
1849 3245 1964 3316 μῶν

394 3333 681 3398 διασώσας,
710 3336 798 3390 διὰ
857 3337 955 3402 τὰς
993 3339 1266 3411 ἡμετέρας
1310 3339 1583 3410 ἁμαρτίας
1631 3340 1756 3400 τοὺς
1799 3338 1963 3390 πάλαι

2146 2149 2314 2206 Vsus.
2355 2151 2441 2205 10.
2503 2149 2662 2205 Nunc
2721 2160 2898 2206 autem
2954 2151 3195 2221 repulisti
3250 2158 3299 2205 et
3359 2149 3649 2218 confudisti

2073 2259 2168 2297 nos
2189 2282 2204 2306 ,
2244 2251 2293 2296 et
2322 2259 2426 2297 non
2460 2243 2741 2313 egredieris
2767 2281 2783 2306 ,
2814 2241 2956 2296 Deus
2979 2279 2994 2305 ,
3020 2243 3075 2295 in
3101 2239 3380 2296 virtutibus
3410 2234 3606 2293 nostris
3627 2277 3645 2302 ,

2073 2343 2181 2389 etc.
2215 2333 2485 2400 Quoniam
2519 2333 2816 2388 multitudo
2857 2334 3029 2388 totius
3076 2334 3258 2402 populi
3303 2330 3551 2397 Iudaici,
3591 2333 3646 2386 in

2071 2427 2219 2480 omni
2263 2426 2563 2496 impietatis
2604 2433 2658 2481 et
2700 2426 3068 2496 improbitatis
3125 2438 3322 2494 genere
3367 2424 3644 2480 volutata.

2075 2533 2187 2572 non
2238 2519 2417 2573 aliena
2463 2526 2584 2584 erat
2631 2533 2660 2571 a
2707 2533 2942 2588 corpore
2983 2517 3408 2588 prophetarum,
3460 2515 3646 2585 populi

2069 2626 2344 2666 aerumnas
2386 2611 2491 2666 sibi
2533 2611 2786 2681 proprias
2829 2611 3190 2665 attribuentes
3220 2609 3314 2681 qui
3362 2609 3648 2679 superiora

2071 2704 2354 2765 dixerant,
2389 2702 2719 2756 intermedio
2752 2702 3149 2771 diapsalmate,
3181 2700 3246 2754 ad
3282 2699 3644 2752 mutationem

2073 2807 2268 2846 eorum
2331 2807 2454 2861 quae
2484 2791 2830 2861 postmodum
2866 2789 3044 2845 fusius
3077 2789 3278 2843 dicturi
3315 2796 3480 2853 sunt,
3522 2801 3646 2843 sese

2069 2891 2311 2937 vertunt.
2357 2881 2550 2937 Patres
2595 2883 2779 2952 itaque
2817 2881 2995 2936 nostri
3036 2881 3503 2934 annuntiaverunt
3547 2893 3647 2934 no-

2069 2973 2156 3029 bis
2175 3014 2190 3036 ,
2223 2988 2286 3028 ac
2319 2989 2420 3028 nos
2449 2973 2583 3044 ipsis
2611 2973 2840 3028 auribus
2867 2972 3177 3026 audivimus
3197 3013 3212 3035 ,
3242 2970 3426 3040 qualia
3452 2983 3646 3039 opera-

2070 3071 2159 3118 tus
2208 3065 2285 3119 sis
2328 3065 2384 3117 in
2430 3065 2628 3119 diebus
2671 3079 2896 3126 eorum,
2932 3070 2986 3117 et
3018 3071 3238 3118 caetera.
3273 3061 3430 3116 Nunc
3463 3068 3644 3117 autem

2065 3169 2168 3210 nos
2200 3171 2544 3226 nequaquam
2576 3156 2774 3234 similia
2821 3155 3065 3210 videmus
3085 3193 3099 3218 ,
3140 3155 3236 3210 sed
3276 3155 3346 3209 iis
3375 3154 3645 3224 opposita.

2065 3245 2144 3302 Tu
2171 3263 2425 3318 namque,
2452 3247 2616 3311 Deus,
2642 3249 2734 3318 qui
2761 3249 2888 3301 olim
2922 3255 3104 3317 patres
3131 3258 3352 3303 nostros
3377 3247 3645 3313 servasti,

2068 3349 2290 3409 propter
2331 3347 2554 3409 peccata
2585 3347 2774 3394 nostra
2807 3340 3056 3408 repulisti
3084 3354 3218 3403 nos,
3253 3354 3349 3394 eos
3378 3338 3472 3409 qui
3508 3338 3562 3393 in
3591 3346 3646 3393 te

395 3425 486 3477 ἐπὶ
523 3427 605 3479 σοὶ
648 3427 788 3497 μέγα
827 3429 1193 3500 φρονοῦντας,
1228 3431 1320 3483 καὶ
1367 3432 1424 3483 ἐν
1463 3432 1546 3482 σοί
1581 3432 1963 3501 καυχωμένους

2073 3431 2194 3485 olim
2219 3432 2501 3502 magnilice
2522 3431 2850 3491 sentiebant.
2877 3439 2930 3486 et
2951 3433 3004 3484 in
3032 3438 3082 3484 te
3105 3430 3498 3500 gloriabantur,
3521 3445 3647 3484 con-

395 3517 770 3590 κατῄσχυνας,
825 3521 1064 3592 ἐρήμους
1123 3521 1435 3577 καταλιπὼν
1490 3523 1584 3575 καί
1631 3522 1966 3595 ἀϐοηθήτους

394 3610 452 3661 ἐν
506 3613 571 3681 τῇ
619 3611 756 3682 πρὸς
807 3614 934 3676 τοὺς
991 3613 1279 3684 πολεμίους
1341 3614 1604 3686 συμϐολῇ.
1673 3615 1806 3668 Οὐδέ
1858 3615 1966 3685 γὰρ

393 3699 769 3767 συνεξῆλθες
817 3701 945 3768 ταῖς
989 3701 1323 3773 δυνάμεσιν
1371 3703 1572 3773 ἡμῶν
1623 3703 1655 3775 ἢ
1689 3704 1830 3758 κατὰ
1875 3705 1966 3758 τὸν

393 3792 706 3863 Σύμμαχον,
735 3793 858 3860 τοῖς
875 3796 1318 3864 στρατεύμασιν
1341 3791 1523 3866 ἡμῶν,
1560 3796 1670 3850 Καὶ
1693 3796 1783 3850 διὰ
1808 3797 1967 3849 τοῦτο

392 3882 774 3951 ἀπέστρεψας
796 3883 951 3953 ἡμᾶς
970 3887 1056 3951 εἰς
1077 3887 1146 3939 τὰ
1165 3886 1356 3939 ὀπίσω
1379 3888 1536 3955 παρὰ
1557 3887 1698 3953 τοὺς
1716 3888 1966 3958 ἐχθροὺς

397 3974 563 4043 ἡμῶν
579 3993 592 4002 ·
613 3976 669 4042 ἢ,
697 3975 838 4029 κατὰ
860 3979 950 4031 τὸν
978 3977 1272 4050 Σύμμαχον
1293 3995 1306 4009 ο
1335 3979 1594 4045 Ἕταξας
1619 3977 1968 4050 ἡμᾶςέσχά-

393 4085 534 4135 τους
564 4070 791 4136 παντὸς
833 4071 1147 4136 ἐναντίου,
1199 4073 1297 4126 καὶ
1339 4075 1394 4127 οἰ
1433 4073 1760 4144 μισοῦντες
1808 4072 1966 4143 ἡμᾶς

393 4161 819 4228 διαρπάζουσιν
858 4164 1113 4232 ἑαυτοῖς.
1139 4165 1412 4232 Ἔδωκας
1441 4167 1598 4236 ἡμᾶς
1627 4169 1708 4233 ὡς
1732 4168 1966 4234 ,βοσκή-

388 4269 544 4322 ματα
566 4255 870 4322 βρώσεως,
903 4258 999 4311 καί
1027 4261 1115 4324 εἰς
1146 4258 1217 4313 τὰ
1240 4259 1384 4326 ἔθνη
1412 4259 1748 4330 ἐλίκμησας
1785 4259 1963 4330 ἡμᾶς.

404 4347 642 4401 Ἀπέδου
687 4349 793 4402 τὸν
850 4353 1005 4403 λαόν
1047 4367 1165 4404 σου
1223 4353 1336 4420 οὐχ
1372 4350 1701 4420 ὑπάρξεως,
1745 4353 1843 4406 καί
1893 4355 1965 4407 οὐ

391 4436 634 4505 πολλὴν
677 4439 971 4508 ἐποίησας
1012 4442 1128 4510 τὴν
1160 4441 1340 4512 τιμὴν
1382 4441 1611 4497 αὐτῶν·
1651 4448 1965 4513 προπηλα-

390 4529 610 4596 κισμὸν
684 4532 835 4600 μετὰ
922 4533 1273 4604 χλευασμοῦ
1343 4535 1469 4602 τοῖς
1520 4537 1724 4600 κύκλῳ
1775 4536 1962 4606 ἡμῶν.

405 4622 724 4690 Ἐποίησας
762 4626 918 4694 ἡμᾶς
949 4626 1300 4696 παραϐολὴν
1335 4627 1406 4681 ἐν
1447 4627 1570 4693 τοῖς
1610 4628 1840 4690 ἔθνεσι,
1876 4630 1964 4682 κί-

2073 3522 2284 3586 ludiSii,
2311 3531 2472 3593 atque
2498 3523 2552 3576 in
2575 3538 2875 3594 congressu
2904 3538 3026 3576 cum
3057 3522 3295 3576 inimicis
3317 3521 3564 3576 desertos
3590 3528 3645 3574 et

2067 3631 2170 3683 ope
2209 3631 2412 3671 vacuos
2455 3615 2734 3670 dimisisti.
2765 3615 2951 3684 Neque
2987 3615 3132 3669 enim
3161 3630 3400 3685 egressus
3433 3630 3486 3667 es
3522 3629 3643 3666 cum

2067 3705 2345 3760 virtutibus
2368 3707 2586 3768 nostris.
2605 3707 2739 3770 sive,
2765 3706 3065 3762 secundum
3095 3705 3504 3776 Symmachum,
3523 3721 3643 3759 cum

2066 3797 2382 3850 exercitibus
2416 3798 2635 3852 nostris.
2673 3795 2908 3868 Ideoque
2951 3797 3190 3850 avertisti
3231 3813 3324 3850 nos
3351 3807 3642 3850 retrorsum

2064 3898 2181 3956 post
2207 3889 2447 3942 inimicos
2470 3897 2678 3942 nostros
2701 3903 2718 3952 ;
2741 3889 2860 3952 vel,
2890 3889 3189 3944 secundum
3214 3886 3599 3960 Symmachum
3626 3907 3641 3944 :

2071 3980 2349 4036 Ordinasti
2376 3995 2468 4034 nos
2497 3981 2713 4034 ultimos
2739 3981 2972 4034 omnium
2999 3979 3423 4034 adversariorum
3442 4021 3457 4046 ,
3483 3991 3531 4035 et
3553 3983 3645 4052 qui

2067 4075 2288 4129 oderunt
2316 4089 2432 4138 nos,
2455 4073 2708 4141 diripiunt
2738 4073 2859 4128 sibi.
2890 4072 3093 4126 Dedisti
3115 4089 3208 4126 nos
3223 4081 3278 4125 ut
3311 4087 3465 4141 pecus
3496 4073 3635 4143 quod

2067 4165 2376 4230 comeditur,
2395 4175 2444 4219 et
2464 4168 2515 4218 in
2537 4175 2710 4236 gentes
2733 4165 3000 4220 ventilasti
3029 4181 3144 4222 nos.
3165 4165 3460 4220 Tradidisti
3480 4182 3646 4236 popu-

2069 4255 2178 4309 lum
2206 4265 2353 4308 tuum
2378 4255 2492 4309 sine
2515 4256 2835 4321 substantia,
2861 4272 2950 4309 nec
2973 4257 3197 4308 multum
3225 4255 3398 4325 fecisti
3417 4258 3644 4327 pretium

2067 4364 2250 4403 eorum
2273 4363 2291 4400 :
2322 4347 2661 4417 opprobrium
2698 4365 2811 4404 cum
2847 4349 3094 4403 irrisione
3117 4349 3184 4402 iis
3213 4349 3302 4419 qui
3322 4350 3521 4403 circum
3551 4367 3644 4406 nos

2067 4449 2210 4494 sunt.
2245 4437 2446 4494 Fecisti
2473 4457 2568 4494 nos
2601 4441 2916 4509 parabolam
2939 4441 2992 4494 in
3022 4440 3261 4510 gentibus
3281 4480 3297 4506 ,
3334 4443 3645 4495 commotio-

2068 4549 2183 4586 nem
2212 4533 2404 4601 capitis
2429 4533 2483 4585 in
2513 4532 2772 4588 tribubus.
2812 4531 2917 4586 Per
2947 4541 3111 4585 totum
3141 4527 3278 4586 diem
3308 4533 3645 4602 opprobrium

2069 4641 2244 4678 meum
2293 4634 2482 4678 contra
2525 4640 2605 4678 me
2651 4635 2728 4678 est
2754 4665 2768 4687 ,
2814 4632 2864 4678 et
2907 4623 3080 4692 pudor
3124 4623 3298 4678 vultus
3339 4625 3442 4677 mei
3480 4626 3646 4692 operit

390 4730 572 4780 νησιν
599 4716 868 4785 κεφαλῆς
898 4719 968 4771 ἐν
1000 4719 1130 4784 ταῖς
1167 4719 1409 4790 φυλαῖς.
1450 4721 1529 4773 Δι’
1570 4720 1719 4789 ὅλης
1744 4721 1968 4790 ἡμέρας

2073 4735 2151 4772 me
2174 4759 2189 4782 ,
2225 4735 2257 4771 a
2290 4734 2409 4772 voce
2466 4717 2838 4785 exprobrantis
2871 4725 2920 4770 et
2953 4715 3363 4784 blaspliemantis
3390 4755 3404 4780 ,
3441 4733 3475 4768 a
3509 4715 3644 4784 facie

390 4807 429 4873 ἡ
455 4807 880 4876 ἀσχημόνησίς
916 4829 1035 4879 μου
1075 4811 1354 4880 ἄντικρύς
1393 4830 1533 4882 μου,
1569 4815 1666 4867 καί
1697 4818 1730 4867 o'
1771 4831 1968 4868 καται-

2070 4813 2276 4866 inimici
2326 4820 2376 4866 et
2435 4810 2734 4864 ulciscentis
2781 4826 2856 4865 se.
2907 4807 3034 4862 Haac
3080 4816 3192 4862 tam
3237 4809 3407 4862 multa
3445 4812 3646 4862 chorus

389 4901 670 4968 σχυμμύς
713 4902 821 4955 τοῦ
863 4902 1186 4970 προσώπου
1222 4922 1344 4974 μου
1401 4907 1692 4959 καλύπτει
1737 4923 1816 4975 με
1847 4906 1967 4960 ἀπὸ

2073 4905 2413 4975 propheticus
2460 4903 2515 4955 in
2560 4917 2658 4958 sua
2698 4901 2764 4955 ad
2806 4901 2974 4957 Deum
3017 4901 3446 4972 supplicatione.
3493 4901 3643 4952 cala-

388 4987 595 5055 φωνῆς
639 4989 1027 5059 ὀνειδίζοντος
1087 4993 1185 5048 καὶ
1241 4995 1794 5065 βλασφημοῦντος,
1850 4996 1969 5051 ἀπὸ

2073 4997 2286 5050 mitates
2345 4995 2532 5065 populi
2593 4995 2878 5049 ascribens
2935 4994 3086 5056 sibi,
3149 5001 3477 5062 prosecutus
3535 4999 3639 5046 est.

389 5078 713 5144 προσώπου
753 5081 969 5151 ἐχθροῦ
1021 5084 1120 5138 καί
1168 5088 1564 5155 τιμωροῦντος
1613 5086 1822 5153 ἐαυτῷ.
1872 5091 1972 5142 Το-

2073 5085 2565 5140 Commonstratum
2611 5085 2796 5155 itaque
2827 5092 2910 5140 est
2943 5100 3063 5156 qua:
3100 5099 3268 5140 causa
3313 5084 3448 5154 ipsis
3485 5082 3643 5140 ﬂetus

391 5169 565 5223 σαῦτα
586 5171 728 5224 κατὰ
766 5173 857 5225 τὸν
897 5174 1191 5246 Σύμμαχον
1221 5178 1250 5230 ὁ
1279 5177 1438 5248 χορὸς
1477 5180 1506 5231 ὁ
1545 5179 1880 5250 προφητικὸς
1913 5181 1972 5232 ἐν

2073 5181 2126 5234 in
2163 5163 2601 5248 prmce‘dentibus
2637 5177 2822 5233 fuerit.

389 5263 454 5332 τῇ
481 5263 615 5334 πρὸς
638 5264 726 5318 τὸν
779 5266 911 5320 Θεὸν
947 5268 1197 5341 ἰκετηρία
1257 5271 1552 5342 διεξῆλθεν,
1581 5275 1659 5336 εἰς
1715 5275 1906 5327 ἑαυτὸν
1965 5273 2358 5345 ἀναλαμϐάνων
2403 5271 2472 5324 τὰ
2499 5271 2596 5325 τοῦ
2637 5271 2768 5325 λαοῦ
2809 5269 2977 5340 πάθη.
3026 5270 3425 5340 Σεσαφήνισται
3467 5267 3644 5322 τοίνυν

391 5354 449 5406 ἐν
497 5357 609 5418 τοῖς
663 5361 1043 5430 προκειμένοις
1094 5363 1161 5416 δι’
1203 5365 1269 5434 ἦν
1321 5364 1627 5437 ἔμπροσθεν
1676 5367 2080 5422 ἁπεκλαύσατο.

465 5451 653 5505 Ταῦτα
685 5452 880 5507 πάντα
912 5455 1101 5522 ἦλθεν
1131 5457 1222 5528 ἐφ’
1253 5459 1428 5528 ἡμᾶς,
1461 5463 1560 5516 καί
1599 5465 1712 5518 οὐκ
1746 5464 1962 5517 ἐπελα-

389 5544 605 5613 θόμεθά
625 5561 759 5600 σου,
823 5549 1032 5620 Ὠσπερ
1077 5551 1444 5623 ἀσεϐήσαντός
1509 5572 1636 5608 ποτε
1693 5556 1786 5610 τοῦ
1831 5555 1960 5609 λαοῦ

389 5633 482 5686 ἐπὶ
511 5635 610 5706 τῆς
634 5637 864 5708 ἐρήμου,
899 5638 1088 5694 ἔπειτα
1121 5643 1515 5714 παραδοθέντος
1546 5645 1624 5716 τῷ
1649 5646 1961 5716 ὀλοθρευτῇ,

386 5721 567 5777 λαϐὼν
606 5724 815 5795 Ἀαρὼν
847 5726 908 5778 τὸ
939 5726 1295 5802 θυμιατήριον
1319 5732 1691 5804 προσήνεγκεν
1710 5733 1850 5803 ὑπὲρ
1868 5732 1963 5784 τοῦ

387 5811 516 5866 λαοῦ
529 5815 608 5885 ,τὸ
641 5815 908 5889 θυμίαμα·
944 5821 1040 5875 καί
1069 5821 1261 5894 ἰλάσθη
1284 5826 1322 5878 -ὁ
1353 5823 1484 5887 Θεὸς
1544 5823 1622 5896 τῷ
1655 5824 1843 5897 πλήθει
1875 5824 1963 5880 διὰ

2139 5459 2306 5515 Vsus.
2340 5460 2428 5514 18.
2473 5458 2603 5514 Hinc
2646 5459 2826 5512 omnia
2881 5466 3126 5512 venerunt
3184 5472 3340 5526 super
3399 5472 3514 5516 nos,
3551 5472 3643 5510 nec

2069 5552 2220 5607 obliti
2246 5569 2428 5606 sumus
2453 5561 2520 5607 te.
2561 5549 3025 5617 Quemadmodum
3065 5550 3194 5606 olim
3240 5565 3364 5604 cum
3409 5549 3642 5618 populiis

2069 5643 2236 5713 impie
2279 5644 2480 5714 egisset
2529 5643 2586 5696 in
2618 5641 2858 5704 deserto,
2891 5656 2955 5695 ac
2987 5640 3184 5696 deinde
3226 5640 3640 5694 externiinatori

2071 5735 2308 5791 traditus
2342 5734 2558 5798 luisset,
2587 5740 2872 5802 assumpto
2898 5731 3080 5787 Aaron
3120 5732 3420 5794 thuribulo,
3452 5730 3640 5784 incen-

2070 5841 2192 5882 sum
2239 5839 2338 5898 pro
2383 5825 2584 5897 populo
2633 5825 2907 5893 adolevit,
2958 5839 3023 5881 ac
3068 5835 3290 5896 propter
3337 5819 3645 5880 sacerdotis
