4138 6386
452 358 566 416 $87

1211 357 1478 416 EUSEBil
1517 359 1992 416 CESARIENSIS
2025 359 2175 416 OPP.
2217 357 2397 414 PARS
2433 358 2522 415 111.
2561 392 2629 404 -
2665 362 3076 423 EXEGETICA.

3611 373 3718 428 338

463 481 796 537 oblationem
852 480 1098 550 placatus
1147 491 1230 537 est
1283 484 1483 552 pepulo
1524 483 1696 551 Deus;
1749 485 1822 539 ita
1871 487 2026 539 etiam

2139 485 2235 557 τὴν
2267 485 2360 539 τοῦ
2396 486 2586 558 ἱερέως
2647 487 2943 557 ἀναφοράν·
2973 488 3063 541 τὸν
3111 488 3273 542 αὐτὸν
3304 489 3505 560 τρόπον
3565 493 3658 545 καὶ
3689 497 3719 546 6

465 575 666 627 chorus
695 573 1072 642 propheticus,
1102 580 1155 626 et
1178 574 1382 644 quique
1405 575 1563 644 probi
1591 577 1696 630 viri
1724 578 1779 630 in
1810 579 2031 647 populo,

463 665 790 722 rationabile
812 665 1145 720 sacriﬁcium
1174 680 1332 719 suum
1361 683 1457 736 per
1486 669 1788 723 orationem
1817 685 1917 741 pro
1940 687 2037 740 po-

465 758 594 828 pulo
624 757 799 811 fusam
825 755 1084 820 oﬂerunt,
1107 763 1255 811 recte
1282 756 1424 811 facta
1455 773 1576 824 sua,
1598 759 1716 813 loco
1744 760 2040 814 sacriﬁcio-

465 866 584 905 rum
639 857 692 903 et
737 850 1078 904 oblationum
1125 849 1256 903 boni
1308 849 1514 918 odoris,
1542 867 1642 922 pro
1689 853 2035 908 multitudine

461 943 570 998 Deo
606 941 916 996 offerentes.
962 939 1149 1010 Neque
1177 943 1321 994 enim
1349 943 1603 997 convenit
1631 943 1746 997 haec
1773 944 2030 1012 populum

457 1035 662 1096 dicere,
682 1049 859 1102 neque
877 1049 974 1088 eos
998 1033 1091 1102 qui
1121 1034 1457 1102 impietatum
1484 1050 1649 1090 causa
1674 1049 1898 1088 suarum
1929 1035 2034 1087 ini-

458 1121 617 1176 micis
665 1122 853 1175 traditi
896 1120 1134 1176 fuerant.
1183 1120 1290 1175 Sed
1339 1123 1794 1191 quemadmodum
1847 1126 2032 1193 populi

457 1214 800 1269 calamitates
848 1214 904 1268 in
951 1229 1010 1269 se
1056 1216 1335 1283 prophetae
1364 1215 1722 1285 recipiebant,
1759 1226 1813 1272 et
1839 1219 1942 1286 ipsi
1974 1233 2033 1274 se

457 1307 588 1360 talia
623 1321 816 1377 passos
859 1323 983 1363 esse
1029 1307 1460 1378 proﬁtebantur;
1489 1309 1572 1362 sic
1605 1319 1659 1363 et
1689 1309 1830 1363 bona
1864 1325 2030 1379 opera

457 1416 560 1455 sua
595 1400 848 1455 omnibus
887 1401 1200 1454 communia
1233 1401 1495 1456 eﬁiciunt.
1538 1399 1658 1454 Non
1701 1401 1848 1456 enim
1879 1402 2034 1471 igno-

456 1491 652 1546 rabant
697 1506 756 1546 se
798 1492 964 1546 totius
999 1491 1246 1561 corporis
1277 1492 1518 1546 membra
1541 1507 1662 1546 esse
1694 1512 1706 1546 :
1739 1500 2034 1556 consenta:

457 1599 621 1640 neum
657 1592 838 1639 autem
863 1591 981 1639 erat
1013 1591 1073 1638 ut
1103 1599 1212 1637 uno
1235 1585 1477 1639 membro
1498 1585 1756 1654 patiente,
1787 1599 1895 1637 una
1930 1599 2029 1654 pa-

456 1682 704 1729 terentur
737 1676 843 1728 alia
874 1675 1147 1741 membra;
1183 1684 1346 1746 atque
1377 1691 1488 1730 uno
1517 1676 1763 1730 membro
1802 1675 2028 1744 gloriam

455 1767 745 1830 referente,
781 1768 968 1822 omnia
1010 1770 1256 1823 membra
1307 1769 1364 1822 in
1414 1777 1620 1838 partem
1647 1766 1829 1837 gaudii
1875 1769 2029 1821 veni-

2139 577 2295 647 χορὸς
2319 579 2348 630 6
2374 577 2728 648 προφητικὸς,
2758 580 2852 630 καὶ
2884 580 2933 630 οἱ
2985 580 3043 632 ὲν
3071 580 3148 650 τῷ
3183 580 3298 652 λαῷ
3329 583 3718 654 κατορθοῦντες

2135 669 2233 740 τὴν
2265 668 2489 739 λογικὴν
2542 669 2719 723 αὐτῶν
2782 668 2973 724 θυσίαν
3021 670 3109 724 διὰ
3141 673 3239 742 τῆς
3289 674 3430 744 ὑπὲρ
3460 674 3552 728 τοῦ
3586 677 3716 731 λαοῦ

2136 760 2299 830 εὐχῆς
2331 760 2734 830 ἀναπέμπουσι,
2767 759 2836 812 τὰ
2863 763 3034 815 οίκεῖα
3065 764 3463 835 κατορθώματα
3481 767 3600 820 ἀντὶ
3626 767 3718 838 0p-

2137 851 2256 914 σίας
2288 851 2384 904 καὶ
2417 852 2758 923 θυμιάματος
2790 853 3021 918 εὐώδους
3077 857 3215 928 ὑπὲρ
3243 857 3336 910 τοῦ
3369 858 3607 929 πλήθους
3636 860 3717 931 τῷ

2133 941 2253 1011 Θεῷ
2275 944 2663 1013 προσάγοντες.
2698 945 2773 996 Οὐ
2801 944 2911 1015 γὰρ
2944 947 3172 1016 ἁρμόζει
3216 949 3391 1004 ταῦτα
3416 951 3494 1022 τῷ
3521 951 3714 1023 πλήθει

2133 1032 2330 1100 λέγειν,
2351 1034 2472 1087 οὐδὲ
2493 1037 2604 1097 τοῖς
2635 1033 2722 1087 διὰ
2753 1035 2853 1099 τὰς
2885 1037 3139 1102 ἀσεϐείας
3158 1040 3336 1094 αὐτῶν
3356 1042 3468 1104 τοῖς
3501 1042 3715 1113 ἐχθροῖς

2133 1125 2605 1196 παραδεδομένοις·
2663 1127 2775 1180 ἀλλ’
2809 1127 2997 1199 ὥσπερ
3039 1130 3106 1183 τὰ
3165 1132 3310 1204 πάθη
3341 1134 3435 1187 τοῦ
3470 1135 3600 1188 λαοῦ
3634 1135 3716 1199 εἰς

2132 1218 2360 1281 ἑαυτοὺς
2390 1218 2764 1289 ἀνελάμϐανον
2791 1221 2841 1272 oi
2893 1223 3190 1292 προφῆται,
3226 1226 3322 1280 καὶ
3353 1227 3505 1280 αὐτοὶ
3539 1228 3712 1282 ταῦτα

2133 1308 2460 1362 πεπονθέναι
2485 1308 2742 1379 ἔφασκον·
2769 1310 2912 1366 οὕτω
2948 1312 3017 1366 τὰ
3063 1315 3268 1369 ἑαυτῶν
3311 1318 3712 1389 κατορθώματα

2131 1401 2522 1456 κοινοποιοῦσιν
2578 1404 2659 1466 εἰς
2691 1403 2919 1467 πάντας.
2969 1405 3045 1458 Οὐ
3075 1405 3183 1477 γὰρ
3212 1408 3439 1477 ἠγνόουν
3489 1410 3712 1474 ἑαυτοὺς

2131 1491 2268 1547 εἶναι
2324 1491 2458 1563 μέλη
2489 1492 2582 1546 τοῦ
2640 1495 2841 1559 παντὸς
2891 1495 3163 1566 σώματος·
3210 1499 3500 1554 ἀκόλουθον
3531 1500 3588 1552 δὲ
3620 1497 3708 1572 ἦν,

2131 1587 2428 1658 πάσχοντος
2465 1586 2658 1658 μέλους
2691 1587 2831 1652 ἑνὸς,
2865 1589 3204 1660 συμπάσχειν
3238 1592 3416 1644 πάντα
3447 1593 3514 1646 τὰ
3551 1594 3708 1665 μέλη,

2130 1680 2223 1746 καὶ
2253 1677 2610 1749 δοξαζομένου
2644 1677 2805 1730 πάλιν
2833 1679 3049 1749 μέλους,
3100 1683 3412 1754 συγχαίρειν
3439 1685 3615 1738 πάντα
3642 1687 3711 1740 τὰ

2133 1771 2288 1844 μέλη.
2323 1773 2508 1826 Πάντα
2538 1771 2736 1835 τοίνυν,
2775 1773 2958 1840 φασὶν,
3005 1773 3040 1827 ἃ
3073 1777 3480 1847 προειρήκαμεν
3513 1779 3714 1832 πεπόν-

455 1867 597 1915 rent.
631 1857 826 1915 Omnia
871 1875 1022 1930 ergo,
1058 1861 1335 1932 inquiunt,
1390 1875 1509 1930 qua:
1553 1873 1654 1913 nos
1705 1857 2026 1912 memoravi-

2131 1837 2320 1934 θαμεν·
2347 1863 2462 1918 ἀλλ’
2483 1865 2631 1934 ἡμᾶς
2665 1837 2868 1916 τούτων
2899 1837 3050 1917 ούδὲν
3084 1837 3416 1939 παρεκίνησε
3449 1869 3548 1935 τῆς
3582 1869 3710 1942 περὶ

455 1969 602 2016 mus,
635 1955 777 2006 mala
811 1954 1166 2023 pertulimus;
1198 1953 1293 2007 sed
1340 1953 1473 2006 nihil
1497 1967 1685 2007 eorum
1731 1966 1834 2007 nos
1878 1966 1908 2005 a
1953 1951 2028 2006 lui

453 2045 837 2101 recordatione
863 2048 1112 2111 removit,
1133 2056 1181 2100 et
1207 2047 1380 2116 inique
1406 2061 1510 2099 non
1539 2047 1739 2114 egimus
1771 2045 1825 2098 in
1868 2053 2032 2098 testa-

454 2149 628 2192 mento
662 2149 779 2202 tuo;
811 2139 924 2193 sive
953 2141 1252 2194 secundum
1276 2139 1682 2210 Symmachum,
1716 2136 1897 2208 Neque
1934 2137 2028 2191 de-

454 2233 680 2298 cepfmus
706 2231 875 2300 [cadus
904 2242 1072 2287 tuum,
1099 2231 1168 2284 Et
1196 2248 1298 2285 non
1322 2232 1474 2285 cessit
1499 2241 1638 2285 retro
1662 2247 1752 2284 cor
1765 2241 2024 2284 nostrum.

454 2320 588 2392 Ejus
618 2333 796 2376 autem
825 2322 974 2377 loco:
999 2321 1065 2374 Et
1098 2321 1374 2375 declinasti
1405 2323 1620 2375 semitas
1656 2329 1864 2374 nostras
1886 2337 1917 2372 a
1945 2321 2028 2373 via

457 2424 568 2476 tua,
605 2415 808 2469 clarius
865 2412 1226 2485 Symmachus
1290 2413 1498 2468 edidit:
1533 2411 1712 2482 Neque
1765 2411 2029 2465 translata

455 2515 579 2561 sunt
605 2523 666 2560 ea
684 2523 800 2576 qua:
822 2505 1055 2576 dirigunt
1087 2522 1180 2558 nos
1203 2523 1222 2558 :
1249 2505 1300 2558 in
1328 2505 1440 2558 loco
1471 2505 1797 2575 aﬂlictionis:
1828 2516 1920 2558 aut
1942 2519 2028 2558 se-

453 2598 696 2652 cundum
723 2597 973 2668 Aquilam
1000 2616 1012 2651 :
1040 2596 1342 2652 Contudisti
1371 2613 1464 2650 nos
1490 2597 1546 2648 in
1580 2597 1690 2650 loco
1707 2595 2024 2659 inhabitato,

452 2700 504 2746 et
531 2691 776 2745 obtexistt'
804 2690 952 2744 nobis
983 2690 1225 2744 umbram
1257 2691 1463 2744 mortis.
1500 2673 1634 2742 Noui
1655 2688 1808 2743 obliti
1845 2706 2025 2745 sumus

455 2785 554 2848 tui,
587 2800 749 2855 neque
776 2783 1090 2853 transgressi
1124 2798 1306 2837 sumus
1342 2782 1478 2836 inita
1501 2791 1669 2836 tecum
1698 2781 1916 2852 fwdera.

521 2982 690 3039 Vsus.
720 2983 782 3036 2|
813 2982 948 3036 -22.
991 2978 1050 3036 Si
1081 2980 1232 3034 obliti
1259 2994 1440 3033 sumus
1464 2994 1662 3032 nomen
1691 2978 1787 3032 Dei
1831 2980 2021 3042 nostri,

451 3087 500 3132 et
531 3078 577 3131 si
603 3074 951 3145 expandimus
978 3089 1165 3127 manus
1200 3083 1409 3126 nostras
1449 3072 1518 3125 ad
1550 3071 1716 3125 Deum
1745 3073 1978 3127 alienum
2003 3088 2024 3130 :

2132 1954 2225 2007 σοῦ
2257 1957 2494 2026 μνήμης,
2527 1955 2625 2007 καὶ
2654 1957 2764 2008 οὐκ
2793 1953 3170 2026 ἠδικήσαμεν
3194 1958 3534 2028 ένΔιαθήκῃ
3565 1975 3706 2016 σου·

2130 2045 2162 2116 ἢ
2198 2047 2336 2100 κατὰ
2369 2047 2459 2100 τὸν
2491 2045 2800 2117 Σύμμαχον·
2839 2046 2992 2100 Οὐδὲ
3030 2050 3570 2122 παρελογησάμεθα
3595 2053 3712 2122 τὴν

2129 2131 2447 2204 συνθτῖκην
2477 2153 2614 2199 σου,
2643 2135 2783 2188 οὐδὲ
2803 2135 3034 2206 ἀπέστη
3068 2143 3155 2206 εὶς
3182 2141 3254 2194 τὰ
3290 2143 3481 2196 ὀπίσω
3501 2144 3539 2211 ’ἡ
3565 2162 3709 2212 καρ-

2128 2227 2227 2282 δία
2255 2229 2447 2298 ἡμῶν.
2486 2227 2632 2280 Ἀντὶ
2662 2227 2739 2279 δέ·
2790 2229 2901 2282 Καὶ
2948 2229 3264 2298 ἐξέκλινας
3315 2233 3422 2300 τὰς
3473 2237 3710 2303 τρίϐους

2127 2320 2296 2389 ἡμῶν
2321 2321 2440 2376 ἀπὸ
2473 2321 2581 2390 τῆς
2639 2322 2783 2378 ὀδοῦ
2802 2338 2939 2386 σου,
2973 2325 3001 2376 ὁ
3032 2323 3324 2396 Σύμμαχος
3381 2327 3710 2397 σαφέστερον

2129 2411 2389 2476 ἐξέδωκεν
2422 2413 2610 2468 εἰπών·
2668 2415 2822 2468 Οὐδὲ
2879 2415 3163 2484 μετετέθη
3211 2417 3283 2470 τὰ
3332 2420 3711 2486 ὑπορθοῦντα

2134 2500 2314 2570 ἡμᾶς·
2343 2503 2411 2556 ἐν
2435 2504 2594 2571 τόπῳ
2653 2504 2996 2571 κακώσεως·
3051 2505 3086 2576 ἢ
3149 2506 3288 2560 κατὰ
3319 2507 3410 2561 τὸν
3454 2508 3704 2562 Ἀκύλαν·

2128 2593 2521 2661 Συνέθλασας
2547 2594 2704 2664 ἡμᾶς
2733 2596 2804 2649 ἐν
2828 2597 2986 2661 τόπῳ
3007 2597 3324 2665 ἀνοικήτῳ,
3361 2599 3458 2654 καὶ
3499 2599 3575 2670 (l)
3607 2601 3709 2653 ἐπ-

2127 2687 2453 2758 επώμασας
2491 2690 2637 2760 ’ἡμῖν
2691 2694 2873 2746 σκιὰν
2925 2693 3203 2748 θανάτου.
3264 2697 3386 2749 Οὺκ
3422 2696 3708 2750 ἐπελαθό-

2122 2779 2276 2848 μεθὰ
2327 2795 2443 2836 σου
2524 2782 2667 2838 οὐδὲ
2718 2785 3057 2855 παρέϐημεν
3102 2788 3210 2852 τὰς
3249 2787 3401 2855 πρὸς
3432 2788 3508 2840 σὲ
3554 2803 3707 2842 συν-

2127 2869 2339 2938 θήκας.

2192 2985 2260 3038 Ει
2285 2984 2692 3056 ἐπελαϐόμεθα
2717 2988 2824 3041 τοῦ
2872 2989 3159 3058 ὀνόματος
3191 2989 3295 3043 τοῦ
3329 2990 3474 3042 Θεοῦ
3517 2989 3704 3060 ἡμῶν,

2128 3077 2225 3131 καὶ
2254 3081 2304 3132 εί
2333 3078 2768 3150 διεπετάσαμεν
2795 3081 2996 3149 χεῖρας
3047 3080 3216 3150 ἡμῶν
3261 3082 3408 3149 πρὸς
3432 3082 3578 3135 Θεὸν
3606 3084 3708 3136 ἀνι-

460 3185 630 3224 nonne
665 3169 805 3222 Deus
836 3167 1061 3236 requiret
1085 3166 1217 3219 ista?
1236 3163 1445 3228 etc.Te,
1476 3165 1672 3234 inquit,
1704 3172 1898 3219 testem
1929 3166 2026 3220 ad-

2129 3171 2388 3251 λύτρων·
2427 3173 2564 3241 οὐχὶ
2620 3176 2653 3226 ὁ
2690 3172 2833 3239 Θεὸς
2868 3171 3175 3240 ἑκζὴτήσει
3207 3173 3428 3237 caiisa;
3465 3174 3532 3226 Σὲ
3566 3177 3707 3247 μάρ-

451 3277 735 3328 vocamus,
773 3269 826 3314 te
872 3258 1113 3328 judicem
1167 3266 1221 3312 et
1275 3258 1674 3328 exploratorem
1733 3257 2021 3310 verborum

451 3361 789 3420 nostrorum,
824 3361 987 3424 atque
1034 3352 1424 3422 cogitationum
1455 3349 1657 3413 cordis,
1689 3365 1810 3419 quae
1855 3349 2026 3418 pluri-

451 3449 557 3502 mis
595 3447 783 3500 latent.
817 3445 898 3500 Tu
934 3447 1119 3516 itaque
1163 3446 1331 3511 nosti,
1369 3445 1415 3498 si
1451 3444 1617 3498 tantis
1647 3443 1829 3497 afﬂicti
1865 3442 2025 3497 malis

449 3546 506 3592 et
544 3535 812 3590 humiiiati
843 3535 898 3589 in
925 3535 1046 3591 loco
1085 3533 1413 3596 amictionis,
1442 3533 1620 3602 operti
1653 3532 1846 3585 umbra
1877 3547 2024 3584 mor-

449 3629 545 3696 tis,
573 3631 626 3684 in
667 3629 996 3684 oblivionem
1042 3627 1281 3680 nominis
1329 3625 1410 3679 tui
1456 3625 1725 3690 venimus,
1753 3631 1808 3678 et
1838 3625 1883 3679 si
1914 3639 2021 3678 non

451 3723 652 3778 ﬁducia
695 3721 842 3792 pleni
887 3721 943 3774 in
997 3719 1218 3774 nomine
1247 3726 1342 3772 tuo
1366 3718 1580 3790 gloriati
1616 3732 1805 3773 sumus
1839 3735 1852 3771 :
1885 3720 1929 3770 si
1956 3716 2024 3769 de

451 3815 658 3870 auxilio
682 3821 776 3868 tuo
805 3812 1181 3882 desperantes,
1210 3811 1278 3864 ad
1308 3811 1472 3864 alium
1502 3809 1793 3880 quemdam
1838 3823 2025 3862 acces-

451 3909 646 3970 simus,
679 3921 984 3975 manusque
1035 3904 1127 3958 alii
1189 3903 1299 3958 Deo
1324 3902 1703 3972 expandimus.
1735 3899 1938 3954 Horum
1965 3909 2023 3953 tu

447 4000 616 4070 judcx
645 4015 706 4054 cs
743 4017 757 4052 :
791 3998 936 4053 nosti
965 3998 1111 4052 enim
1158 3995 1477 4051 abscondita
1527 3992 1713 4049 cordis
1740 4001 1794 4047 et
1825 3991 2024 4063 cogita-

450 4091 650 4156 tiones,
683 4088 735 4142 in
763 4089 962 4158 quibus
1004 4095 1306 4150 versantes,
1336 4085 1576 4155 quotidie
1614 4085 1832 4154 pietatis
1857 4097 2022 4137 causa

451 4189 626 4237 morte
653 4179 937 4234 aﬁicimur.
969 4177 1104 4233 Nam
1132 4181 1225 4249 qui
1271 4179 1326 4232 in
1359 4178 1585 4248 singulis
1630 4176 2022 4231 tentationibus

452 4273 509 4327 in
551 4271 829 4342 proposito
853 4270 1046 4325 habuit
1090 4279 1320 4325 mortem
1354 4285 1454 4340 pro
1484 4271 1709 4324 veritate
1738 4269 1943 4331 subire,
1975 4269 2021 4322 is

452 4380 586 4421 sane
635 4361 814 4430 quoad
861 4363 1117 4416 virtutem
1172 4360 1438 4430 propositi
1491 4359 1645 4414 obiit.
1702 4357 1759 4413 Id
1807 4372 2022 4427 quoque

450 4456 746 4529 Apostolus
794 4451 1028 4517 dicebat,
1071 4450 1328 4520 quoniam
1374 4448 1687 4518 frequentes
1733 4453 1910 4510 erant,
1960 4461 2023 4501 ac

2126 3278 2286 3334 τυρα,
2306 3263 2490 3334 φησὶν,
2517 3263 2954 3333 ὰνακαλούμεθα,
2981 3266 3173 3335 κριτήν
3204 3281 3264 3316 τε
3291 3265 3383 3317 καὶ
3417 3265 3706 3337 ἐξεταστὴν

2126 3354 2235 3408 τῶν
2267 3356 2549 3426 ἡμετέρων
2572 3355 2746 3424 λόγων
2777 3357 2873 3409 καὶ
2903 3356 3009 3409 τῶν
3054 3356 3196 3410 κατὰ
3246 3356 3484 3410 διάνοιαν
3515 3356 3708 3411 λανθα-

2127 3447 2322 3501 νόντων
2353 3448 2480 3511 τοὺς
2513 3447 2741 3511 πολλοὺς
2763 3448 3056 3518 λογισμῶν.
3085 3449 3257 3511 Αὐτὸς
3289 3449 3419 3518 γοῦν
3438 3444 3614 3511 οἶσθα,
3633 3451 3704 3512 εἰ,

2125 3539 2364 3594 τοσαῦτα
2389 3540 2654 3604 παθόντες
2711 3542 2805 3594 καὶ
2860 3541 3292 3604 ταπεινωθέντες
3316 3543 3372 3594 ὲν
3403 3542 3552 3612 τόπῳ
3608 3559 3709 3594 κα-

2128 3629 2372 3694 κώσεως,
2408 3631 2502 3684 καὶ
2523 3630 2887 3699 καλυφθέντες
2939 3630 3046 3683 ὑπὸ
3076 3631 3175 3700 τῆς
3223 3632 3380 3694 σκιᾶς
3423 3629 3518 3682 τοῦ
3552 3630 3708 3682 θανά-

2126 3737 2240 3783 του,
2274 3719 2443 3792 λήθην
2473 3719 2566 3772 τοῦ
2601 3719 2862 3790 ὀνόματός
2897 3735 2988 3770 σου
3023 3718 3388 3789 πεποιήμεθα·
3419 3719 3514 3771 καὶ
3545 3719 3592 3769 εἰ
3632 3718 3705 3787 μὴ

2128 3814 2219 3864 ἐπὶ
2244 3811 2320 3882 τῷ
2355 3811 2430 3881 σῷ
2452 3811 2674 3882 ὀνόματι
2703 3811 3009 3881 παρρησίας
3042 3810 3302 3880 γέμοντες
3323 3807 3702 3880 ὲκαυχώμεθα·

2126 3904 2250 3956 εἰδὲ
2284 3905 2397 3967 καὶ,
2426 3903 2756 3972 ἀπογνόντες
2787 3902 2885 3974 τὴν
2941 3903 3094 3970 παρὰ
3160 3902 3250 3954 σοῦ
3286 3901 3557 3972 βοήθειαν,
3615 3903 3707 3953 ἐπὶ

2126 3996 2309 4066 ἕτερόν
2340 4013 2462 4048 τινα
2495 3995 2746 4066 ἡλθομεν,
2772 3995 2942 4064 ἑτέρῳ
2973 3993 3090 4063 Θεῴ
3117 3996 3304 4064 χεῖρας
3333 3992 3708 4045 ἁναπετάσαν··

2125 4105 2234 4152 τες·
2271 4089 2367 4142 καὶ
2397 4088 2602 4140 τούτων
2639 4089 2702 4140 σὺ
2733 4083 2924 4158 κριτὴς
2970 4085 3278 4156 τυγχάνεις.
3320 4083 3492 4139 Οἶσθα
3523 4085 3579 4138 δὲ
3603 4085 3707 4137 ικαὶ

2125 4180 2194 4234 τὰ
2224 4181 2431 4252 κρύφια
2461 4180 2560 4250 τῆς
2588 4180 2814 4251 καρδίας
2863 4179 2957 4232 καὶ
3009 4181 3132 4240 τοὺς
3165 4177 3455 4248 λογισμοὺς
3486 4177 3704 4238 αὐτοὺς,

2126 4273 2184 4323 ὲν
2221 4265 2303 4333 οἷς
2334 4269 2458 4322 καθ’
2493 4269 2730 4338 ἑκάστην
2761 4269 2972 4338 ἡμέραν
2993 4267 3154 4318 ἕνεκα
3183 4267 3280 4335 τῆς
3307 4262 3584 4324 εὐσεϐείας
3621 4261 3707 4313 θα·

2126 4360 2452 4432 νατούμεθα.
2525 4361 2582 4412 '0
2639 4358 2748 4429 γὰρ
2809 4361 2876 4429 τῇ
2926 4357 3177 4428 προθέσει
3228 4356 3578 4425 λογισάμενος
3619 4353 3705 4420 ἐφ’

2128 4455 2340 4524 ἑκάστῳ
2363 4452 2651 4524 πειρασμῷ
2707 4452 2800 4504 τὸν
2847 4451 2987 4522 ὑπὲρ
3041 4449 3295 4519 ἀληθείας
3351 4447 3706 4511 ἀναδέξασθαι

453 4548 686 4607 subinde
713 4545 958 4615 repetitae
987 4542 1416 4614 persecutiones,
1437 4550 1492 4596 et
1523 4541 1840 4596 vexationes
1874 4553 2024 4592 mori-

2131 4543 2380 4607 θάνατον,
2416 4541 2685 4610 δυνάμειό
2705 4540 2943 4603 τοιοῦτος
2965 4539 3212 4608 τέθνηκε.
3249 4539 3360 4591 Καὶ⁴
3380 4541 3408 4591 6
3454 4537 3706 4588 Ἀπόστο-

452 4652 558 4697 tem
589 4641 694 4711 ipsi
724 4639 1072 4703 minitantes;
1105 4635 1195 4689 ille
1229 4649 1360 4688 vero
1403 4634 1458 4688 in
1505 4632 1737 4703 singulis
1769 4632 2022 4686 tentatio-

451 4737 616 4791 nibus
647 4743 870 4805 paratus
896 4741 1015 4787 erat
1038 4730 1104 4784 ad
1134 4730 1359 4783 ﬁrmiter
1395 4724 1820 4781 concertandum
1850 4739 2022 4792 usque

452 4828 517 4881 ad
545 4835 800 4891 mortem,
831 4825 954 4879 ideo
979 4823 1102 4893 jure
1129 4837 1188 4876 se
1213 4819 1454 4891 quotidie
1483 4817 1622 4871 mori
1655 4816 1888 4871 dicebat.
1915 4815 2021 4868 Ea-

451 4919 575 4974 dem
607 4920 789 4990 itaque
821 4924 1000 4972 mente
1035 4915 1112 4969 illi
1142 4914 1414 4985 quondam
1447 4911 1723 4981 prophetae
1760 4909 1849 4964 Dei
1882 4924 2022 4979 prae-

454 5010 706 5066 sentibus
757 5008 920 5063 dictis
966 5009 1078 5063 haec
1126 5005 1506 5077 signiﬁcabant
1537 5023 1549 5058 :
1583 5003 1642 5058 In
1687 5003 2024 5058 absconditis

454 5103 658 5157 nostris
698 5101 1081 5156 occidebamur
1125 5097 1405 5169 quotidie;
1455 5097 1567 5151 imo
1595 5111 1726 5151 vero
1771 5096 2023 5149 mstimati

452 5210 635 5249 sumus
670 5195 805 5248 sicut
835 5210 949 5248 oves
979 5193 1274 5247 occisionis.
1305 5189 1439 5244 Nam
1486 5204 1610 5243 cum
1657 5189 1824 5243 semel
1866 5187 2021 5257 quasi

455 5286 513 5342 in
541 5285 870 5342 sacriﬁcium
899 5301 997 5356 pro
1020 5285 1273 5339 universo
1297 5283 1497 5353 populo
1518 5296 1618 5336 nos
1642 5280 2020 5341 obtulerimus,

455 5387 639 5434 mente
689 5392 755 5433 ac
809 5379 1092 5448 proposito
1137 5376 1401 5430 immolati
1439 5390 1652 5439 sumus,
1686 5382 1744 5427 ut
1789 5381 1846 5426 tu
1883 5373 2019 5441 ipse,

457 5469 622 5535 Deus,
653 5468 964 5526 testiﬁcaris
997 5485 1010 5518 :
1043 5467 1209 5523 solus
1245 5481 1482 5536 namque
1527 5465 1673 5520 nosti
1703 5463 2023 5518 abscondita

456 5559 660 5617 cordis.
687 5560 956 5626 Quoniam
1005 5559 1171 5630 igitur
1221 5565 1370 5612 tanta
1401 5557 1644 5628 perpessi
1671 5570 1882 5620 sumus,
1915 5570 2028 5608 mc-

529 5737 603 5806 (l)
645 5737 872 5792 Drusius
914 5739 1057 5791 hanc.
1108 5745 1169 5792 ut
1220 5737 1420 5806 quintae
1451 5735 1704 5790 editionis
1737 5733 2023 5806 lectionem

455 5805 630 5874 alien,
663 5808 749 5862 his
781 5808 958 5863 verbis
989 5805 1416 5877 εἘπεπώμασας
1450 5809 1602 5876 ἡμῖν,
1634 5805 1844 5877 Aquilae
1893 5819 2022 5859 vero

2126 4636 2216 4699 λος
2237 4637 2293 4689 δὲ
2323 4635 2480 4688 τοῦτο
2511 4635 2714 4703 ἔλεγεν,
2749 4632 2934 4703 ἐπειδὴ
2982 4635 3223 4702 συνεχεῖς
3247 4627 3386 4701 ἦσαν
3411 4631 3504 4682 καὶ
3536 4629 3704 4682 ἐπάλ-

2127 4727 2278 4798 ληλοι
2312 4727 2561 4797 διωγμοὶ,
2597 4727 2690 4778 καί
2709 4727 2757 4776 οἱ
2776 4725 3148 4793 περισπασμοὶ
3177 4723 3399 4776 θάνατον
3425 4718 3706 4774 ἀπειλοῦν-

2127 4837 2218 4882 τες
2278 4818 2446 4889 αὐτῷ.
2512 4819 2568 4870 Ὀ
2607 4817 2664 4870 δὲ
2723 4815 2843 4870 καθ’
2901 4815 3132 4868 ἕκαστον
3196 4814 3499 4884 πειρασμὸν
3567 4829 3706 4882 παρα

2129 4909 2426 4962 εσκεύαστο
2461 4909 2792 4972 ἐνστατικῶς
2858 4907 3017 4978 μέχρι
3051 4906 3278 4960 θανάτου
3314 4904 3700 4972 ἀγωνίσασθαι·

2127 5003 2206 5056 διὸ
2237 5003 2460 5066 εἰκότως
2489 5003 2608 5055 καθ’
2643 5004 2857 5072 ἡμέραν
2897 4999 3261 5070 ἀποθνήσκειν
3315 4997 3487 5065 ἔλεγε.
3523 4996 3705 5066 Ταύτῃ

2129 5093 2222 5149 οὖν
2253 5099 2319 5166 τῇ
2344 5096 2550 5166 διανοίᾳ
2570 5095 2661 5148 καὶ
2693 5095 2742 5146 οἱ
2770 5093 2937 5146 πάλαι
2970 5092 3065 5144 τοῦ
3121 5090 3254 5142 Θεοῦ
3303 5089 3576 5160 προφῆται
3619 5087 3706 5139 διὰ

2128 5190 2236 5242 τῶν
2262 5189 2636 5259 προκειμένων
2665 5187 2837 5239 ταῦτα
2861 5186 3115 5254 ἔφασκον·
3163 5185 3250 5237 Ἐν
3299 5183 3408 5254 γὰρ
3435 5185 3548 5244 τοῖς
3577 5198 3707 5251 κρυ-

2131 5279 2273 5348 φίοις
2297 5278 2456 5349 ἡμῶν
2488 5276 2894 5346 ὲθανατούμεθα
2928 5278 3105 5328 πᾶσαν
3139 5275 3368 5345 ἡμέραν.
3417 5271 3574 5324 Ἀλλά
3597 5273 3706 5340 γὰρ

2128 5372 2222 5423 καὶ
2252 5370 2650 5439 ἐλογίσθημεν
2681 5370 2759 5434 ὡς
2794 5349 3358 5435 πρόϐαταρφαγῆς·
3423 5362 3570 5429 ἅπαξ
3597 5365 3706 5431 γὰρ

2125 5462 2348 5524 ἑαυτοὺς
2382 5461 2825 5531 παραδεδωκότες
2854 5459 3042 5530 ὥσπερ
3075 5461 3154 5520 εἰς
3195 5457 3383 5509 θυσίαν
3416 5455 3534 5508 ἀντὶ
3569 5471 3706 5505 παν-

2122 5554 2214 5617 τὸς
2243 5551 2336 5606 τοῦ
2369 5553 2522 5619 λαοῦ,
2551 5551 2630 5622 τῷ
2659 5550 2903 5624 λογισμῴ
2937 5550 3032 5603 καὶ
3060 5551 3124 5620 τῇ
3154 5549 3408 5620 προθέσει
3441 5545 3703 5613 ἐσφαγιά-

2132 5732 2293 5786 lectio
2339 5732 2480 5800 apud
2530 5731 2784 5786 Drusium
2838 5731 2917 5786 sic
2969 5731 3130 5786 habet
3168 5749 3180 5786 :
3213 5731 3323 5784 Καὶ
3358 5728 3707 5797 ὲπεκάλυνζνας

2131 5804 2276 5872 ἡμᾶς
2305 5805 2361 5855 ὲν
2397 5804 2522 5872 σκιᾷ
2557 5803 2806 5858 θανάτου.
