4138 6386
453 366 560 424 389

1576 362 2073 422 (ΣΟΜΜΕΝΤΑΒΙΑ
2106 364 2172 419 ΙΝ
2210 363 2547 420 PSALMOS.

3606 364 3711 419 προ
3762 322 3775 335 ’

457 485 686 556 σθημεν,
713 485 789 549 ὡς
819 486 980 549 αὐτὸς
1010 487 1075 540 σὺ
1109 488 1137 541 ό
1173 487 1304 551 Θεὸς
1340 489 1651 558 μαρτυρεῖς*
1718 491 1875 557 μόνος
1926 486 2018 557 γὰρ

2138 487 2244 542 rito
2277 502 2399 542 cum
2430 485 2628 540 ﬁducia
2667 494 2720 539 te
2762 482 2829 538 ad
2866 498 2968 538 nos
3000 479 3392 546 convertimus,
3424 490 3478 535 et
3507 482 3711 535 excita-

457 577 744 645 γινώσκεις
776 577 843 630 τά
880 578 1086 649 κρύφια
1117 580 1215 649 τῆς
1247 580 1492 653 καρδίας.
1541 580 1690 631 Ἐπεὶ
1738 578 1915 630 τοίνυν
1945 595 2033 629 το-

458 668 631 721 σαῦτα
660 667 1026 739 πεπόνθαμεν,
1075 671 1297 733 εἰκότως
1360 670 1497 740 μετά
1552 669 1861 740 παρρησίας
1912 671 2031 722 ἐπι-

460 758 764 830 στρέφομέν
797 778 857 813 σε
890 760 1025 833 πρὸς
1052 765 1197 832 ἡμᾶς
1229 762 1323 815 καὶ
1352 762 1688 833 διεγείρομεν
1727 758 1915 832 ὥσπερ
1941 778 2032 814 κα-

460 848 709 903 θεύδοντα
743 852 835 904 καί
876 870 1073 922 φαμεν·
1112 855 1235 906 Ἵνα
1262 853 1318 905 τί
1349 853 1581 918 ὐπνοῖς,
1608 854 1819 920 Κύριε;
1860 851 2027 905 Ἀνά-

456 945 653 1009 στηθι,
688 944 784 995 καὶ
822 944 907 1013 μὴ
937 943 1149 1013 ἀπώσῃ
1185 948 1271 1009 εἰς
1300 944 1490 1009 τέλος’
1527 943 1560 1014 ἢ
1599 942 1741 996 κατά
1771 944 1860 996 τὸν
1885 944 2029 1014 Σύμ-

462 1048 648 1101 ιιαχον·
688 1035 821 1089 Ἵνα
860 1035 917 1087 τί
987 1037 1067 1101 ὠς
1098 1039 1129 1089 ό
1184 1035 1392 1089 ὑπνῶν
1441 1030 1515 1101 εἶ,
1573 1034 1843 1090 Δέσποτα
1857 1052 1875 1099 ;
1916 1035 2032 1100 Ἐξ-

453 1119 736 1183 ύπνισνον,
764 1124 861 1175 καὶ
884 1123 969 1191 μὴ
992 1124 1268 1191 ἀποϐάλῃ
1298 1126 1384 1189 εἰς
1410 1124 1607 1191 τέλος.
1633 1124 1695 1177 Εἱ
1715 1124 1823 1193 γὰρ
1844 1125 1936 1178 καὶ
1968 1128 2032 1177 ὲκ

458 1212 657 1285 μέρους
688 1215 892 1269 ἀπώσω
917 1216 1005 1269 διὰ
1038 1216 1134 1279 τὰς
1158 1215 1429 1286 ἁμαρτίας
1466 1215 1559 1267 τοῦ
1594 1215 1746 1278 λαοῦ,
1780 1215 1891 1269 ἀλλ’
1917 1218 2031 1268 ἰκε-

455 1300 683 1373 τεύομεν
707 1305 780 1376 μὴ
807 1308 888 1369 είς
918 1305 1069 1368 τέλος
1101 1304 1443 1370 ἀπώσασθαι,
1478 1304 1546 1356 τά
1571 1305 1614 1357 δ’
1650 1304 1893 1376 ἡμέτερα
1929 1321 2033 1357 πα-

2138 594 2261 633 mus
2306 579 2460 647 quasi
2489 576 2866 643 dormientem,
2897 575 3278 644 dicimusque:
3313 573 3489 639 Quare
3519 572 3712 627 obdor-

2137 668 2261 730 mis,
2291 665 2553 719 Domine?
2581 663 2845 734 Exsurge,
2888 674 2936 717 et
2966 680 3026 716 ne
3044 662 3266 731 repellas
3296 664 3351 715 in
3376 663 3563 731 finem;
3600 665 3715 717 sive

2136 757 2437 813 secundum
2462 756 2845 828 Symmachum
2873 774 2885 808 :
2912 755 3089 821 Quare
3111 756 3248 808 velut
3273 753 3606 807 obdormiens
3632 771 3710 818 es,

2135 849 2398 903 Domine?
2414 845 2810 917 Expergiscere,
2837 857 2965 900 etne
2996 846 3206 915 rejicias
3227 847 3280 899 in
3303 845 3481 914 ﬁnem.
3512 844 3712 897 Etiam-

2135 941 2181 997 si
2234 941 2376 995 enim
2431 940 2501 993 ob
2544 946 2764 1007 peccata
2809 938 2993 1008 populi
3029 954 3095 991 ex
3132 946 3284 1006 parte
3330 936 3619 1007 repuleris,
3653 943 3711 989 at

2137 1045 2394 1101 rogamus
2443 1046 2511 1084 ne
2560 1029 2615 1083 in
2646 1029 2807 1083 ﬁnem
2836 1029 3082 1098 rejicias;
3120 1028 3213 1083 sed
3245 1029 3385 1081 bona
3414 1043 3578 1099 opera
3610 1042 3709 1080 no-

2139 1134 2252 1180 stra
2287 1138 2385 1193 pro
2421 1123 2675 1176 universo
2705 1122 2904 1192 populo
2930 1121 3188 1190 accipias.
3215 1120 3391 1189 Atque
3414 1121 3711 1174 observan-

2141 1210 2272 1265 dum
2339 1217 2443 1274 est,
2502 1207 2589 1261 his
2649 1207 2967 1262 dualitatem
3032 1222 3392 1279 personarum
3421 1209 3714 1261 adumbra-

2142 1303 2213 1358 ri.

459 1394 781 1467 ραδέξασθαι
835 1395 1233 1468 κατορθώματα
1286 1396 1426 1468 ὑπὲρ
1457 1397 1550 1449 τοῦ
1584 1396 1781 1460 παντὸς
1828 1395 1983 1451 λαοῦ.
2034 1392 2505 1465 Ἐπισημήνασθαι
2531 1393 2585 1446 δὲ
2618 1393 2714 1458 δεῖ,
2739 1393 2819 1445 ὅτι
2851 1391 3016 1445 δυάδα
3053 1391 3126 1464 (1)
3159 1391 3460 1463 προσώπων
3490 1392 3518 1444 ὁ
3556 1390 3714 1459 λόγος

458 1488 697 1559 ᾐνίξατο.

528 1607 653 1659 Ἵνα
682 1606 741 1658 τί
766 1605 830 1659 τὸ
847 1608 1171 1675 πρόσωπόν
1192 1620 1309 1660 σου
1334 1607 1769 1676 ἀποστρέφεια
1790 1606 2025 1659 ἐπιλαν-

454 1694 603 1764 θάνῃ
636 1695 745 1762 τῆς
774 1699 1068 1765 πτωχείας
1089 1697 1257 1767 ἡμῶν
1275 1700 1371 1753 καὶ
1394 1698 1504 1767 τῆς
1536 1700 1796 1767 θλίψεως
1824 1697 2022 1766 ἡμῶν;

2200 1597 2365 1652 Vens.
2394 1596 2487 1661 24,
2519 1595 2611 1650 25.
2655 1594 2832 1662 Quare
2860 1595 3048 1664 faciem
3080 1604 3225 1648 tuam
3276 1596 3488 1658 avertis,
3522 1594 3711 1650 oblivi-

2130 1692 2290 1744 sceris
2337 1691 2525 1758 inopia:
2558 1701 2755 1743 nostra:
2804 1699 2852 1743 et
2905 1686 3264 1741 tribulationis
3292 1691 3523 1741 nostrw?
3552 1688 3696 1758 Sym-

456 1784 771 1855 Σύμμαχος’
811 1788 934 1840 Ἵνα
972 1788 1030 1840 τι
1066 1787 1133 1840 τὸ
1189 1789 1514 1856 πρόσωπόν
1548 1806 1668 1871 ,σου
1724 1789 2018 1856 κρύπτεις,

2130 1784 2357 1838 machus
2387 1802 2399 1837 :
2428 1784 2604 1849 Quare
2634 1783 2823 1851 faciem
2851 1792 2998 1834 tuam
3030 1780 3332 1844 abscondis,
3380 1781 3704 1836 Oblivisceris

453 1876 826 1945 ἐπιλανθάνῃ
883 1877 991 1946 τῆς
1027 1881 1341 1947 κακώσεως
1368 1862 1555 1949 ήμῶν-Ν
1582 1879 1681 1933 καὶ
1730 1880 2023 1946 θλίψεως

455 1967 733 2039 Κρύτιτεις
764 1970 863 2039 μὲν
913 1970 975 2022 τὸ
1020 1970 1214 2025 ἑαυτοῦ
1274 1971 1583 2042 πρόσωπον,
1636 1973 1664 2023 ὁ
1722 1970 1873 2033 Θεὸς,
1931 1969 2025 2021 καὶ

450 2061 812 2132 ἀποστρέφεις
874 2063 1011 2133 πρὸς
1054 2064 1116 2116 τὸ
1173 2064 1246 2136 μὴ
1297 2064 1512 2133 βλέπειν
1571 2062 1639 2116 τὰ
1690 2062 1889 2134 αἰσχρὰ
1931 2062 2024 2115 καὶ

451 2153 699 2223 ἀπρεπῆ,
735 2155 828 2207 καὶ
851 2155 948 2225 τῆς
979 2156 1075 2225 σῆς
1097 2155 1222 2219 θέας
1256 2156 1525 2227 ἀλλότρια.
1572 2156 1707 2208 Ἀλλ’
1724 2157 1843 2208 ἐπεὶ
1866 2156 2024 2225 ἡμεῖς

449 2243 541 2294 ἐπὶ
576 2244 684 2306 τοῖς
709 2242 941 2314 λεχθεῖσι
996 2243 1376 2316 κατορθώμασι
1429 2244 1736 2314 παρρησίαν
1796 2242 2021 2311 ἄγομεν,

448 2332 550 2385 ἵνα
579 2332 637 2385 τί
662 2332 727 2386 τὸ
773 2334 1094 2401 πρόσωπόν
1141 2350 1257 2388 σου
1308 2335 1628 2402 κρύπτεις;
1687 2333 1935 2387 Τοσαῦτα
1965 2332 2022 2384 δὲ

447 2423 765 2493 πασχόντων
797 2426 890 2477 καὶ
922 2424 1372 2478 κακοπαθούντων
1394 2426 1491 2496 τῆς
1525 2426 1623 2494 σῆς
1663 2425 1844 2477 ἕνεκεν
1865 2423 2021 2475 εύσει

444 2513 616 2577 ϐείας,
654 2515 754 2567 ἵνα
780 2516 838 2568 τί
866 2516 1237 2585 ἐπιλανθάνῃ
1294 2516 1402 2583 τῆς
1457 2517 1772 2580 κακώσεως
1819 2514 2020 2583 ἡμῶν;

444 2606 562 2677 ἤτοι
624 2604 731 2673 τῆς
781 2608 1096 2674 πτωχείας,
1133 2607 1275 2661 κατὰ
1331 2610 1455 2671 τοὺς
1502 2607 1919 2677 Ἐϐδομήκοντα.
1955 2605 2019 2657 Et

444 2694 554 2765 γὰρ
580 2696 672 2748 καὶ
698 2696 909 2766 μεγάλα
934 2697 1105 2750 ταῦτα
1136 2697 1212 2760 ὡς
1241 2698 1376 2768 πρὸς
1424 2699 1570 2768 ἡμᾶς
1603 2697 2017 2769 κατορθώματα,

442 2787 557 2840 ἀλλ’
587 2788 663 2851 ὡς
696 2788 830 2859 πρὸς
861 2790 919 2842 σὲ
952 2790 1129 2844 πάντα
1162 2792 1353 2860 πτωχά
1396 2792 1485 2843 καὶ
1542 2791 1771 2860 σμικρὰ,
1800 2791 1893 2843 καὶ
1914 2791 2020 2843 ὀλί-

443 2897 625 2947 γιστα.
656 2880 799 2951 Πλὴν
827 2882 901 2945 ὡς
931 2880 990 2946 ἐξ
1023 2881 1177 2953 ἡμῶν
1211 2882 1438 2952 μεγάλα.
1474 2882 1564 2935 Διὸ
1597 2881 1909 2952 ἱκετεύομεν
1945 2880 2019 2953 μὴ

440 2971 614 3043 λήθην
647 2974 974 3045 ποιήσασθαι
1002 2975 1101 3044 τῆς
1130 2974 1404 3046 ἡμετέρας
1458 2974 1746 3043 πτωχείας
1784 2972 2021 3045 μνησθῆ-

443 3082 529 3117 ναι
552 3065 611 3119 δὲ
639 3067 854 3137 καὶτῆς
900 3067 1131 3137 θλίψεως
1175 3067 1353 3137 ἡμῶν,
1410 3063 1477 3140 ἧς
1521 3067 1891 3138 ύπεμείναμέν
1914 3084 2015 3119 σου

2125 1875 2422 1946 aﬂlictionis
2491 1884 2685 1928 nostra:
2731 1886 2779 1928 et
2833 1873 3230 1926 tribulationis?
3286 1872 3592 1927 Abscondis
3651 1882 3706 1927 et

2124 1970 2324 2023 avertis
2373 1968 2566 2022 faciem
2604 1976 2771 2032 tuam,
2800 1966 2962 2032 Deus,
2996 1981 3064 2020 ne
3094 1966 3279 2019 videas
3310 1966 3485 2034 turpia
3532 1965 3623 2020 illa
3650 1975 3703 2020 et

2124 2060 2408 2126 indecora,
2440 2066 2664 2128 aspectu
2700 2068 2796 2112 tuo
2823 2057 3017 2111 aliena.
3055 2055 3159 2110 Sed
3194 2057 3321 2125 quia
3350 2072 3451 2112 nos
3474 2056 3529 2110 in
3555 2065 3702 2111 recte

2123 2152 2303 2216 factis,
2343 2158 2403 2205 ut
2430 2152 2635 2205 dictum
2666 2158 2769 2213 est,
2809 2150 3061 2204 ﬁduciam
3104 2148 3389 2211 habemus,
3421 2166 3582 2219 quare
3611 2150 3697 2217 fa-

2122 2247 2251 2300 ciem
2314 2254 2458 2298 tuam
2489 2242 2899 2298 abscondis?Et
2956 2257 3079 2295 cum
3138 2248 3217 2294 tot
3270 2241 3427 2295 malis
3480 2243 3696 2310 pietatis

2122 2353 2287 2394 causa
2332 2338 2632 2390 aﬂiciamur
2663 2345 2717 2391 et
2744 2336 3138 2406 Opprimamur,
3173 2350 3335 2403 quare
3378 2334 3698 2388 oblivisceris

2123 2430 2451 2499 aﬁlictionem
2484 2427 2763 2479 nostram?
2815 2425 2928 2479 sive
2975 2422 3230 2491 inopiam,
3263 2422 3561 2475 secundum
3598 2423 3696 2477 Se-

2122 2520 2405 2591 ptuaginta
2436 2520 2784 2587 interpretes.
2817 2515 2968 2569 Licet
2995 2515 3161 2579 enim,
3189 2514 3378 2567 isthmc
3404 2514 3545 2567 bona
3567 2529 3697 2583 ope-

2122 2627 2206 2676 ra,
2233 2625 2428 2680 magna
2478 2609 2621 2676 quod
2669 2607 2735 2661 ad
2766 2622 2867 2662 nos
2897 2613 3105 2676 spectat
3141 2606 3389 2659 habenda
3427 2606 3570 2673 sint;
3601 2624 3696 2661 ve-

2120 2718 2243 2756 rum
2271 2708 2533 2770 quantum
2560 2699 2627 2754 ad
2660 2708 2712 2754 te
2741 2698 2921 2752 omnia
2939 2713 3129 2768 egena,
3154 2697 3366 2752 modica
3396 2707 3450 2751 et
3471 2699 3697 2753 minima

2122 2805 2269 2849 sunt.
2285 2791 2672 2848 Verumtamen
2693 2792 2821 2861 quia
2854 2799 3104 2861 respe‘ctu
3126 2791 3299 2844 nostri
3326 2806 3519 2860 magna
3543 2801 3694 2856 sunt,

2120 2886 2243 2941 ideo
2272 2887 2645 2955 supplicamus
2677 2884 2775 2938 tibi
2810 2891 2867 2937 ut
2893 2899 2961 2938 ne
2998 2883 3195 2954 inopiae
3227 2884 3573 2940 obliviscaris
3596 2896 3697 2939 no-

2121 2983 2267 3039 stra},
2309 2987 2474 3045 utque
2525 2973 2854 3038 amictionis,
2890 2990 3053 3044 quam
3106 2976 3184 3029 tui
3231 2991 3401 3029 causa
3450 2976 3694 3045 perpessi

2121 3083 2333 3131 sumus,
2363 3066 2689 3121 recorderis.
2724 3064 2789 3117 Et
2822 3065 2948 3134 quia
2976 3064 3257 3118 humiliata
3290 3074 3367 3119 est
3403 3067 3455 3119 in
3487 3068 3695 3134 pulvere

442 3159 623 3231 χάριν.
650 3161 759 3213 Καὶ
786 3160 915 3214 ἐπεὶ
948 3162 986 3229 ἡ
1021 3159 1190 3229 ψυχὴ
1228 3159 1396 3229 ἡμῶν
1444 3163 1529 3225 εἱς
1571 3160 1723 3229 χοῦν
1759 3160 2018 3212 τεταπεί-

2120 3162 2299 3214 anima
2330 3168 2531 3221 nostra,
2568 3172 2823 3227 rogamus
2864 3157 3269 3211 inﬁrmitatibus
3302 3157 3507 3212 nostris
3538 3158 3694 3228 igno-

440 3267 643 3315 νωται,
682 3250 984 3320 συγγνῶναι
1008 3255 1127 3315 ταῖς
1157 3252 1461 3315 ἀσθενείαις
1493 3254 1524 3322 ἡ
1536 3251 1650 3322 μῶν
1679 3251 2007 3322 ἱκετεύομεν.

442 3341 552 3393 Καὶ
588 3340 818 3411 ἀλλαχοῦ
852 3342 907 3394 δὲ
936 3341 1013 3412 τῷ
1043 3340 1190 3411 αύτῷ
1211 3340 1350 3411 λόγῳ
1370 3342 1607 3396 δυσωπεῖ
1632 3342 1721 3394 τὸν
1743 3342 1894 3406 Θεὸν,
1928 3342 2009 3394 λέ-

440 3448 573 3501 γων·
608 3432 944 3501 Μνήσθητι,
998 3433 1085 3485 ὅτι
1125 3433 1273 3501 χοῦς
1302 3433 1505 3502 ἐσμεν·
1534 3433 1841 3501 ἅνθρωπος
1872 3435 2014 3488 ὡσεὶ

440 3523 655 3590 χόρτος
701 3526 760 3575 a'l
812 3521 1021 3592 ἡμέραι
1074 3523 1278 3577 αὐτοῦ.
1332 3522 1490 3576 Ἀλλὰ
1542 3524 1637 3577 κα)⁵
1696 3526 1734 3592 ἡ
1784 3525 2015 3594 γαστὴρ

440 3610 609 3681 ήμῶν
636 3612 939 3680 ἐκολλήθη
968 3615 1055 3679 είς
1106 3610 1241 3681 γῆν.
1295 3613 1422 3666 Δέον
1474 3618 1582 3685 γὰρ
1609 3614 1777 3685 αὐτὴν
1809 3616 2015 3685 πεπλη-

443 3704 649 3775 ρῶσθαι
703 3704 958 3775 ναμάτων
988 3705 1158 3773 ἁγίων
1208 3706 1304 3759 καὶ
1360 3706 1542 3776 πηγῆς
1599 3706 1788 3770 ὓδατος
1818 3706 2014 3771 ζῶντος

440 3794 734 3865 ἁλλομένου
793 3796 872 3857 εἱς
930 3794 1073 3866 ζωὴν
1100 3793 1336 3860 αἰώνιον,
1365 3795 1424 3859 ἐξ
1468 3797 1721 3869 ἀνυδρίας
1745 3797 2016 3869 ὑπερϐαλ-

436 3884 635 3955 λούσης
669 3887 706 3953 ἡ
736 3885 967 3954 γαστὴρ
988 3886 1156 3955 ἡμῶν
1180 3887 1484 3957 ἐκολλήθη
1502 3890 1589 3953 εἱς
1615 3887 1746 3957 γῆν.
1767 3890 2013 3961 Γαστέρα

440 3976 497 4028 δὲ
519 3975 694 4047 ψυχῆς
722 3978 829 4029 νόει
859 3977 917 4029 τὸ
950 3978 1279 4049 μνημονικὸν
1303 3979 1491 4049 αὐτῆς,
1525 3978 1556 4049 ἢ
1605 3980 1697 4032 καὶ
1724 3979 1783 4032 τὸ
1814 3982 2015 4050 ἡγεμο-

441 4070 607 4133 νικὸν,
635 4072 691 4123 ἐν
747 4064 791 4138 ᾧ
851 4070 1027 4125 πάντα
1078 4072 1297 4141 συνάγει
1348 4072 1418 4125 τὰ
1480 4071 1772 4142 μαθήματα
1818 4072 1913 4124 καὶ
1946 4073 2013 4126 τὰ

442 4160 790 4233 θεωρήματαο
813 4166 870 4217 ὲν
896 4157 941 4232 ᾧ
980 4165 1072 4217 καὶ
1104 4164 1324 4235 σπέρμα
1348 4163 1715 4235 ὑποδεξαμένη
1745 4163 1884 4227 κύει,
1918 4165 2013 4217 καὶ

440 4255 883 4327 τελεσφορήσασα
930 4258 1094 4327 γεννᾷ
1136 4257 1352 4326 πνεῦμα
1406 4256 1699 4326 σωτηρίας,
1754 4256 1893 4309 κατά
1922 4255 2012 4309 τὸν

442 4349 708 4418 φήσαντον
752 4345 845 4401 Ἐκ
895 4347 1002 4401 τοῦ
1027 4346 1217 4412 φόϐου
1265 4364 1401 4412 σου,
1454 4350 1646 4415 Κύριε,
1682 4349 1751 4401 ἐν
1801 4350 2011 4417 γαστρὶ

438 4439 731 4510 ἐλάϐομεν
761 4440 855 4495 καί
888 4440 1286 4511 ὠδινήσαμεν,
1343 4440 1440 4494 καί
1469 4442 1751 4511 ἑτέκομεν
1779 4444 2014 4514 πνεῦμα

438 4534 754 4601 σωτηρίας.
780 4533 1026 4586 Τοσαῦτα
1051 4532 1403 4603 δυσωπητικὰ
1452 4534 1500 4586 οἱ
1550 4534 1711 4587 πάλαι
1744 4534 1836 4588 τοῦ
1876 4536 2011 4589 Θεοῦ

441 4625 737 4696 προφῆται,
769 4626 862 4677 καὶ
885 4627 933 4677 οἱ
966 4624 1355 4695 κατορθοῦντες
1382 4626 1439 4677 ὲν
1472 4624 1547 4695 τῷ
1573 4625 1685 4696 λαῴ
1708 4626 2011 4697 δεηθέντες,

444 4713 742 4766 ἱκετεύουσι
771 4715 863 4767 καὶ
883 4713 1202 4784 λυτρώσεως
1230 4718 1425 4783 τυχεῖν·
1442 4714 1473 4767 ὃ
1501 4715 1564 4786 δὴ
1587 4717 1679 4769 καὶ
1700 4718 2010 4789 γεγένηταυ

440 4801 519 4855 ἔτι
576 4802 683 4874 γάρ
731 4802 1031 4855 λαλούντων
1083 4802 1260 4856 αὐτῶν
1313 4804 1637 4867 εἰσακούσας
1668 4806 1696 4855 ὁ
1736 4806 1889 4869 Θεὸς,
1920 4823 2016 4877 με-

440 4892 838 4958 ταϐάλλειτοὺς
886 4894 1151 4965 ὀδυρμοὺς
1181 4892 1361 4946 αὐτῶν
1406 4895 1500 4947 ὲπὶ
1546 4895 1607 4947 τὸ
1640 4896 2008 4969 φαιδρότερον.

442 4986 639 5055 Διόπερ
687 4987 813 5057 ἑξῆς
843 4990 891 5040 οἱ
924 4987 1159 5040 τοσαῦτα
1214 4987 1684 5058 ἀποκλαυσάμενοι
1740 4990 1881 5061 ὑπὲρ
1905 4991 2012 5045 τῶν

440 5077 950 5149 ἁλλοιωθησομένων
1002 5079 1421 5151 προφητεύουσι,
1475 5080 1567 5133 καὶ
1622 5079 1763 5151 ᾠδὴν
1827 5082 2009 5152 ᾄδουσι

438 5168 536 5240 τὴν
570 5170 709 5240 ὑπὲρ
734 5170 825 5223 τοῦ
857 5171 983 5238 Ἀγα
996 5172 1183 5241 πητοῦ,
1206 5172 1269 5223 δι’
1287 5166 1346 5225 οὗ
1374 5171 1471 5242 τὴν
1498 5171 1681 5224 κακῶν
1702 5170 2011 5244 ἐλευθερίαν

2117 3268 2261 3308 scas.
2292 3252 2442 3305 Alias
2481 3266 2697 3321 quoque
2744 3251 2880 3321 ipsis
2912 3250 3096 3304 verbis
3123 3248 3289 3303 Deum
3324 3251 3576 3318 obsecrat
3610 3251 3693 3304 di-

2115 3359 2246 3398 cens
2275 3363 2287 3397 :
2316 3341 2611 3397 Recordare
2640 3343 2888 3410 quoniam
2913 3341 3082 3409 pulvis
3113 3356 3336 3394 sumus:
3372 3342 3523 3396 homo
3555 3343 3688 3396 sicut

2114 3434 2291 3502 fenum
2336 3434 2446 3487 dies
2490 3433 2682 3500 ejus“.
2722 3433 2835 3485 lmo
2868 3435 3031 3486 etiam
3068 3429 3290 3482 adhwsit
3323 3439 3476 3483 terra:
3518 3444 3691 3485 venter

2114 3537 2313 3580 noster.
2343 3525 2687 3594 Oportuisset
2716 3538 2846 3577 sane
2869 3522 3131 3591 repletum
3160 3521 3335 3589 ipsum
3366 3536 3487 3575 esse
3516 3522 3690 3575 sacris

2115 3616 2356 3680 ﬂuentis,
2387 3624 2551 3686 atque
2595 3614 2744 3669 fonte
2796 3628 2949 3682 aquae
2994 3612 3131 3665 vivas
3162 3610 3408 3665 salientis
3438 3610 3492 3663 in
3521 3610 3689 3663 vitam

2116 3716 2395 3769 alternam,
2433 3706 2527 3761 sed
2550 3721 2615 3759 ex
2643 3703 2810 3757 nimia
2841 3702 3087 3757 siccitate
3120 3699 3343 3753 adhmsit
3382 3709 3536 3754 terra:
3565 3717 3687 3753 ven-

2118 3808 2194 3853 ter
2226 3808 2422 3852 noster.
2450 3796 2552 3851 Per
2582 3802 2823 3851 ventrem
2853 3802 3031 3848 autem
3056 3794 3373 3847 memoriam
3398 3794 3686 3863 intelligas,

2116 3892 2229 3947 sive
2265 3889 2565 3960 principem
2616 3890 2810 3941 animae
2858 3895 3088 3957 partem,
3125 3886 3178 3938 in
3219 3901 3324 3955 qua
3369 3885 3689 3955 disciplinas

2113 4000 2304 4039 omnes
2346 3998 2409 4037 ac
2450 3982 2850 4051 speculationes
2883 3980 3091 4049 colligit
3128 3998 3141 4033 :
3176 3979 3229 4032 in
3261 3993 3388 4048 qua,
3425 3986 3689 4047 concepto

2116 4076 2345 4141 semine,
2370 4089 2657 4145 przegnans
2684 4071 2948 4138 eilicitur;
2978 4079 3033 4125 et
3062 4055 3346 4141 postquam
3376 4070 3685 4139 parturivit,

2114 4170 2259 4240 parit
2304 4168 2557 4238 spiritum
2592 4167 2806 4229 salutis,
2844 4172 2903 4218 ut
2933 4164 3066 4218 dicit
3096 4164 3314 4234 quidam
3343 4182 3355 4216 :
3387 4163 3469 4216 Ea;
3502 4164 3689 4218 timore

2116 4271 2229 4323 tuo,
2258 4260 2498 4323 Domine,
2526 4259 2580 4312 in
2608 4267 2754 4311 utero
2786 4257 3114 4325 concepimus
3144 4263 3190 4309 et
3222 4256 3688 4323 parturivimus,et

2113 4353 2404 4422 peperimus
2445 4351 2692 4420 spiritum
2737 4347 2929 4402 salutis
2951 4349 3016 4400 ⁶¹.
3052 4346 3176 4401 llzcc
3205 4348 3508 4418 supplicum
3539 4363 3688 4401 more

2116 4442 2194 4495 illi
2220 4440 2494 4511 quondam
2529 4439 2809 4509 prophetae
2835 4437 2926 4492 Dei
2966 4446 3021 4492 et
3063 4437 3215 4505 probi
3246 4437 3298 4490 in
3332 4439 3530 4507 populo
3562 4439 3685 4502 viri,

2041 4509 2089 4567 ι)
2114 4509 2252 4603 eripi
2278 4540 2556 4603 rogantes,
2590 4530 2907 4600 proferunt:
2936 4528 3081 4597 quod
3109 4528 3272 4582 etiam
3297 4530 3685 4597 impetrarunt;

2113 4640 2241 4679 nam
2270 4623 2448 4677 adhuc
2475 4622 2610 4692 ipsis
2635 4621 3005 4689 loquentibus,
3041 4619 3369 4688 propitiatus
3420 4616 3560 4670 Deus
3592 4617 3687 4668 lle-

2115 4724 2228 4769 tum
2255 4730 2444 4769 eorum
2478 4714 2533 4767 in
2568 4714 2806 4767 laetitiam
2844 4712 3023 4766 vertit.
3063 4710 3165 4776 Qui
3198 4711 3340 4763 enim
3369 4716 3448 4762 tot
3472 4724 3529 4761 se
3556 4708 3687 4759 ﬂeti-

2114 4807 2216 4862 bus
2236 4807 2519 4871 dederant,
2552 4806 2652 4861 sub
2682 4806 2795 4859 haec
2820 4804 2887 4859 de
2916 4802 3268 4857 immutandis
3293 4798 3680 4859 vaticinantur,

2111 4901 2494 4969 canticumque
2527 4914 2625 4969 pro
2665 4898 2873 4953 Dilecto
2909 4896 3289 4959 modulantur;
3325 4908 3433 4961 quo
3470 4905 3685 4958 permo-

2116 4999 2206 5047 tus
2233 4992 2409 5045 bonus
2441 4992 2529 5045 ille
2558 4990 2721 5052 Deus,
2749 4989 3033 5044 orantibus
3062 4985 3355 5056 propitius,
3380 4983 3678 5046 libertatem

2117 5098 2147 5135 a
2182 5082 2359 5143 malis,
2396 5088 2449 5134 et
2479 5081 2781 5134 animarum
2814 5079 3237 5149 redemptionem
3271 5077 3366 5129 toti
3403 5073 3680 5128 hominum

2119 5174 2299 5242 generi
2331 5173 2610 5242 elargitur.

440 5265 535 5316 καὶ
565 5262 671 5314 τῶν
696 5261 882 5332 ψυχῶν
911 5263 1004 5332 τὴν
1044 5263 1414 5335 ἀπολύτρωσιν
1436 5264 1463 5315 ό
1501 5264 1701 5331 ἀγαθὸς
1758 5265 1908 5329 Θεὸς,
1965 5264 2273 5327 ἐπακούσας
2305 5263 2411 5316 τῶν
2470 5262 2803 5334 εὐξαμένων,
2829 5263 2907 5334 τῷ
2934 5261 3096 5313 παντὶ
3146 5261 3291 5329 γένει
3322 5259 3427 5311 τῶν
3476 5256 3686 5329 ἀνθρώ·

442 5368 559 5408 πων
587 5354 913 5425 ἐδωρήσατο.

513 5516 557 5546 ⁸ο
597 5514 741 5570 Psal.
775 5528 888 5577 cu,
926 5513 1013 5568 15.
1089 5512 1133 5543 ⁶¹
1173 5512 1280 5567 lsa.
1320 5527 1485 5577 xxvr,
1524 5510 1604 5567 18.

515 5667 589 5736 (1)
628 5666 871 5721 Dualitas
898 5667 988 5721 illa
1020 5679 1377 5737 personarum
1408 5666 1698 5735 signiﬁcat,
1724 5665 1853 5719 hinc
1876 5680 2004 5736 pro-

443 5738 631 5805 phetas
679 5738 965 5806 justosque
1003 5740 1174 5800 viros,
1208 5738 1299 5806 qui
1336 5739 1492 5807 pauci
1524 5751 1753 5791 numero
1777 5752 1877 5806 pro
1909 5752 2001 5805 po-

445 5810 553 5877 puli
602 5808 814 5865 delictis
862 5817 1183 5878 precantur;
1216 5808 1340 5863 inde
1372 5807 1774 5864 multitudinem
1806 5807 2002 5879 plebis,

2112 5666 2353 5736 peccatis
2404 5664 2807 5733 sceleribusquc
2852 5660 3086 5736 deditam
3102 5670 3231 5736 ;_ut
3258 5662 3371 5732 jam
3423 5661 3676 5733 superin

2113 5733 2422 5809 explicavit,
2455 5752 2519 5792 ac
2552 5735 2695 5791 infra
2730 5736 2919 5804 repetit
2953 5733 3240 5790 Eusebius.
