4138 6386
450 320 560 378 ‘39!

1140 326 1411 382 EUSEBH
1450 326 1932 387 CASSARIENSiS
1969 330 2124 392 OPP.
2169 334 2350 390 PARS
2414 335 2506 393 ιιι.
2543 368 2616 379 --
2654 337 3067 396 EXEGETICA.

3605 350 3715 407 392

458 440 511 497 ⁸·
532 439 622 529 ..ἷΞῖ
642 439 916 529 ,ΕΙΝὲἰὲίλ
928 440 1080 529 ΞΜ).
1096 443 1185 529 ῐίδ
1199 444 2012 529 2.¹ὶ¹;.βρὲίέ¹.ΗἙᾼΒυὲἱΨη¹ῒ

2131 453 2245 529 Elii
2268 453 2356 529 'ro
2385 454 2808 529 IEAQE,)‘II_E_P
2836 455 3711 529 IQN_AAAOIGGH20ME.NQN,

529 511 728 584 FiLllS
782 512 990 584 CORE,
1051 514 1145 568 AD
1198 515 1727 584 lNTELLEGTUM,
1789 511 2027 575 CANTlé

521 583 668 639 CUM
706 584 845 638 PRO
884 583 1174 640 DILECTO
1212 586 1398 641 XLIV.

522 673 691 731 Vnus.
723 663 1094 730 2.‘Eructavit
1126 693 1216 738 cor
1244 695 1416 732 nteant
1447 696 1658 735 vernum
1688 679 1903 745 bonum,
1942 680 2027 734 di-

452 779 514 817 co
555 778 649 831 ego
696 776 854 832 opera
892 780 1010 818 mea
1035 766 1162 834 regi.
1194 764 1401 839 Lingua
1429 787 1546 824 mea
1574 771 1814 825 calamus
1842 771 2030 826 scriba:

450 854 696 909 uelociter
723 854 1020 912 scribentis.
1058 858 1162 924 Qui
1204 859 1260 914 in
1303 863 1683 932 superioribus
1714 870 1795 917 tot
1820 872 2029 919 tantas-

448 961 556 1016 que
586 947 855 1017 lacrymas
901 948 1229 1015 eliuderant,
1255 951 1368 1020 jam
1397 970 1497 1023 pro
1526 957 1774 1025 pristinis
1811 957 2028 1013 ﬂetibus

449 1039 666 1091 cantica
715 1048 769 1092 et
819 1040 1123 1096 cantilenas
1175 1042 1366 1108 edunt,
1412 1057 1702 1105 narrantes
1749 1058 2029 1104 auctorem

448 1129 553 1182 sibi
600 1131 920 1188 mutationis
964 1148 995 1186 a
1040 1135 1287 1204 pristinis
1321 1140 1726 1198 calamitatibus
1757 1143 2027 1198 Dilectum

448 1219 543 1274 Dei
574 1221 767 1287 fuisse,
800 1241 962 1294 quem
990 1226 1111 1281 ideo
1145 1230 1198 1283 in
1232 1230 1335 1285 hoc
1370 1239 1485 1285 toto
1529 1237 1747 1290 cantico
1779 1237 2029 1291 laudibus

445 1310 697 1368 eﬂerunt.
739 1314 810 1367 At
856 1318 1114 1385 quoniam
1165 1320 1355 1375 isthazc
1406 1323 1569 1394 longo
1620 1337 1742 1395 post
1784 1337 2031 1397 tempore

445 1413 707 1459 eventura
729 1417 904 1473 erant,
926 1409 1051 1478 jure
1080 1411 1182 1466 hoc
1204 1414 1386 1479 titulo,
1410 1415 1477 1469 In
1494 1418 1670 1483 ﬁnem,
1690 1420 2028 1490 prophetiam

445 1497 685 1561 donant;
718 1499 834 1555 sive
864 1502 1184 1571 triumphale
1217 1509 1504 1573 canticum,
1548 1516 1642 1563 aut
1671 1512 1906 1566 victoria:
1933 1530 2032 1566 au-

445 1588 598 1651 ctori,
631 1588 958 1654 inscribunt,
993 1593 1061 1646 ob
1094 1604 1279 1663 partas
1325 1597 1536 1652 scilicet
1559 1598 1626 1654 de
1653 1602 2031 1669 spiritualibus

461 1679 700 1733 inimicis
748 1682 1028 1739 victorias.
1060 1684 1240 1741 Titulo
1288 1696 1470 1743 autem
1516 1692 1845 1754 addiderunt
1876 1695 2027 1760 illud,

2203 525 2355 578 ΤΟῐΣ
2385 524 2567 577 nom
2603 526 2807 582 KUPE.
2836 522 2946 577 Em
2978 525 3296 593 ΣΥΝΕΣΙΝ,
3343 530 3475 583 om
3530 522 3714 588 Tuae

2204 596 2341 648 ΤΟΥ
2370 594 2746 647 ΑΓΛΠΗΤΟΥ
2772 593 2904 651 ΜΔ’.

2215 685 2613 755 Ἐξηρεύξατο
2635 685 2674 753 ἡ
2703 685 2918 755 καρδία
2946 703 3066 755 μου
3094 688 3283 758 λόγον
3333 690 3579 760 ἀγαθὸν,
3612 691 3715 748 λέ-

2130 797 2212 850 φω
2239 777 2353 847 ἐγὼ
2382 778 2454 832 τὰ
2483 778 2628 848 ἔργα
2646 796 2765 848 μου
2794 776 2874 844 τῷ
2901 779 3172 843 βασιλεῖ.
3215 782 3278 837 Ἡ
3299 781 3549 852 γλῶσσά
3591 803 3714 854 μου

2132 872 2402 942 κάλαμος
2450 869 2830 942 γραμματέως
2876 871 3241 941 ὀξυγ-ρὰφου.
3266 874 3330 927 Οί
3373 873 3445 927 τὰ
3475 874 3716 929 τοσαῦτα

2131 962 2218 1016 διὰ
2256 962 2363 1016 τῶν
2389 961 2699 1034 ἔμπροσθεν
2747 961 3224 1033 ἀποκλαυσάμενοι
3276 964 3526 1019 ἐντεῦθεν
3569 965 3715 1037 ᾠδὰς

2131 1053 2227 1107 καὶ
2247 1054 2466 1125 ᾅσματα
2486 1055 2606 1107 ἀντὶ
2630 1054 2739 1108 τῶν
2781 1054 3062 1127 προτέρων
3090 1056 3342 1128 ὀδυρμῶν
3378 1057 3585 1129 ᾄδουσι,
3613 1059 3715 1129 τῆς

2130 1146 2238 1198 ἀπὸ
2268 1145 2375 1199 τῶν
2402 1145 2741 1218 σκυθρωπῶν
2771 1147 3070 1217 μεταϐολῆς
3090 1148 3260 1202 αἴτιον
3288 1149 3469 1213 αὐτοῖς
3490 1151 3712 1220 γεγονέ-

2131 1253 2219 1289 ναι
2244 1232 2334 1288 τὸν
2393 1233 2695 1305 Ἀγαπητὸν
2726 1235 2803 1307 (1)
2834 1234 2928 1288 τοῦ
2944 1235 3079 1290 Θεοῦ
3103 1237 3407 1309 δηλοῦντες·
3433 1238 3493 1293 ὃν
3521 1240 3615 1294 καὶ
3643 1240 3710 1293 δι’

2133 1325 2262 1397 ὅλης
2290 1327 2391 1396 τῆς
2421 1326 2564 1398 ᾠδῆς
2593 1324 2937 1396 ἀνυμνοῦσιν.
2982 1323 3122 1379 Ἀλλ’
3143 1329 3374 1401 ἐπείπερ
3399 1330 3572 1385 ταῦτα
3603 1349 3710 1402 μα-

2132 1421 2287 1489 κροῖς
2309 1416 2532 1489 ὕστερον
2553 1417 2766 1489 χρόνοις
2778 1418 3060 1487 γίγνεσθαι
3086 1420 3340 1491 ἤμελλεν,
3368 1423 3591 1487 εἰκότως
3606 1426 3711 1490 Εἰς

2133 1506 2200 1559 τὸ
2216 1506 2390 1572 τέλος
2415 1506 2782 1576 ἐπιγράφουσι
2812 1506 2912 1579 τὴν
2936 1496 3291 1579 προφητείαν,
3325 1511 3359 1583 ἢ
3393 1512 3708 1579 ἐπινίκιον,

2134 1598 2167 1671 ἢ
2199 1599 2279 1665 τῷ
2312 1598 2616 1665 νικοποιῷ,
2644 1598 2732 1652 διὰ
2772 1600 2841 1655 τά
2874 1601 3015 1656 κατά
3046 1601 3155 1656 τῶν
3186 1605 3392 1675 νοητῶν
3435 1605 3712 1676 πολεμίων

2133 1690 2442 1760 νικητήρια.
2476 1683 2824 1761 Προσέθηκαν
2885 1690 2944 1743 δὲ
2990 1693 3055 1762 τῇ
3107 1694 3383 1765 ἐπιγραφῇ
3426 1694 3508 1759 τὸ,
3557 1695 3712 1766 ὑπὲρ

438 1786 535 1840 pro
568 1772 636 1824 iis
664 1773 753 1841 qui
787 1776 1277 1843 commulabuntur,
1309 1779 1435 1848 quia
1469 1779 1571 1850 ipsi
1604 1784 1766 1836 etiam
1792 1785 1886 1853 qui
1916 1785 2012 1841 hau

2132 1779 2253 1834 τῶν
2284 1781 2880 1850 ἀλλοιωθησομένων’
2909 1782 3096 1855 ἐπειδὴ
3139 1784 3234 1837 καὶ
3256 1785 3410 1838 αὐτοὶ
3433 1787 3483 1838 οἱ
3536 1785 3709 1840 ταῦτα

440 1868 749 1937 proferunt,
785 1885 816 1924 a
849 1870 992 1924 tristi
1027 1884 1283 1926 sermone
1306 1872 1376 1926 ad
1400 1873 1575 1929 laetius
1598 1875 1873 1930 canticum
1898 1893 2022 1932 mu-

441 1960 700 2016 tationem
735 1961 935 2016 l‘ecere.
962 1959 1077 2014 lmo
1103 1963 1268 2015 etiam
1303 1978 1425 2032 quae
1454 1964 1510 2017 in
1542 1972 1658 2019 toto
1685 1967 1901 2022 cantico
1939 1967 2022 2023 fe-

438 2058 658 2112 runtur,
687 2051 990 2105 mutatione
1034 2050 1304 2120 frequenti
1338 2053 1497 2123 plena
1528 2062 1676 2110 sunt.
1708 2053 1844 2110 Nam
1875 2056 2022 2114 Dite-

437 2150 561 2197 ctus
618 2143 733 2206 Dei,
803 2158 929 2197 cum
990 2146 1344 2213 semetipsum
1403 2148 1724 2211 exinanivit.
1788 2147 2017 2206 fomlam

437 2236 583 2290 servi
639 2236 915 2305 accipiens
964 2248 1018 2292 et
1073 2237 1261 2293 habitu
1307 2240 1563 2297 inventus
1600 2254 1659 2297 ut
1689 2244 1875 2308 homo,
1909 2260 2017 2300 non

435 2342 656 2395 parvam
686 2328 1042 2383 mutationem
1077 2330 1353 2387 sustinere
1379 2333 1535 2391 visus
1564 2344 1670 2399 est,
1699 2338 1803 2392 etsi
1832 2347 2020 2409 utpote

436 2417 601 2483 Deus,
633 2418 990 2477 immutabilis
1018 2430 1072 2477 et
1100 2423 1438 2481 invariabilis
1458 2426 1554 2482 sit.
1574 2427 1677 2494 Qui
1710 2445 1842 2483 vero
1870 2431 2019 2487 illius

436 2527 601 2581 opera
634 2527 665 2566 a
699 2514 1015 2582 captivitate
1045 2513 1250 2569 diaboli
1275 2515 1563 2587 redempti,
1595 2519 1662 2573 ad
1711 2521 2018 2577 libertatem

434 2604 675 2659 ﬁliorum
703 2604 799 2660 Dei
832 2605 1084 2660 translati
1113 2614 1265 2671 sunt,
1301 2609 1671 2678 pulcherrima
1698 2613 1858 2682 plane
1897 2630 2019 2668 mu-

433 2695 639 2748 tatione
692 2705 821 2749 sunt
867 2694 1067 2752 aﬂ‘ecti.
1097 2697 1279 2764 Quare
1309 2711 1604 2756 memorata
1652 2703 1740 2759 his
1774 2704 1829 2759 in
1878 2706 2016 2760 locis

435 2785 622 2856 regina
667 2786 890 2855 jubetur
934 2787 1183 2843 oblivisci
1212 2790 1472 2858 populum’
1505 2809 1665 2848 suum
1713 2805 1767 2850 et
1794 2797 2014 2852 domum

432 2880 607 2950 patris
646 2879 752 2942 sui,
783 2886 833 2933 et
873 2878 978 2933 [ilia
1001 2879 1130 2951 Tyri
1162 2882 1467 2954 alienigena
1519 2886 1587 2939 ad
1635 2888 1915 2956 pulchram
1952 2892 1989 2945 il

434 2971 543 3025 lam
576 2975 932 3027 mutationem
957 2982 1247 3042 evocatur;
1297 2978 1545 3047 virgines
1577 2995 1795 3049 quoque
1827 2988 1880 3036 et
1920 2982 2013 3036 li.ii

432 3063 653 3133 quidam
686 3081 780 3134 pro
810 3066 1052 3135 patribus
1080 3069 1213 3132 nati,
1249 3071 1436 3140 populi
1479 3072 1642 3126 etiam
1689 3071 1799 3127 Deo
1842 3077 2012 3128 conii-

2124 1874 2424 1944 φάσκοντες
2450 1871 2734 1926 ἀλλοίωσιν
2755 1871 2855 1942 τὴν
2878 1870 2988 1925 ἀπὸ
3031 1873 3141 1928 τῶν
3165 1874 3504 1947 σκυθρωπῶν
3537 1875 3710 1945 λόγων

2120 1965 2213 2018 ἐπὶ
2241 1963 2338 2036 τὴν
2361 1963 2723 2034 φαιδροτέραν
2751 1961 2893 2033 ᾠδὴν
2924 1966 3268 2034 πεποίηνται.
3308 1968 3386 2020 Οὐ
3420 1966 3526 2039 μὴν
3571 1967 3711 2023 ἀλλά

2118 2057 2212 2110 καὶ
2240 2056 2310 2109 τά
2352 2055 2703 2128 ὲμφερόμενα
2734 2054 2801 2108 δι’
2831 2055 2959 2125 ὅλης
2996 2056 3097 2127 τῆς
3133 2057 3278 2129 ᾠδῆς
3309 2058 3570 2132 πλείστης
3606 2077 3708 2113 πε-

2120 2148 2397 2222 πλήρωται
2422 2146 2776 2212 ἀλλοιώσεως.
2797 2148 2865 2201 Ὅ
2886 2165 2945 2201 τε
2966 2148 3074 2219 γὰρ
3121 2149 3427 2221 Ἀγαπητδς
3436 2151 3531 2204 τοῦ
3546 2151 3707 2212 Θεοῦ.

2118 2240 2311 2293 ἑαυτὸν
2342 2237 2605 2303 κενώσας,
2632 2239 2729 2291 καὶ
2765 2239 2978 2311 μορφὴν
3006 2239 3193 2293 δούλου
3225 2240 3426 2308 λαϐὼν,
3465 2243 3707 2314 σχήματι

2118 2330 2364 2403 εὑρεθεὶς
2392 2328 2467 2393 ὡς
2487 2329 2793 2401 ἄνθρωπος,
2851 2329 3136 2383 ἀλλοίωσιν
3184 2331 3247 2384 οὐ
3285 2331 3385 2403 τὴν
3434 2333 3707 2404 τυχοῦσαν

2119 2419 2296 2485 ἔδοξεν
2330 2419 2644 2489 ὑπομένειν,
2668 2418 3024 2482 ἀναλλοίωτος
3059 2417 3133 2473 ῶν
3164 2422 3258 2473 καὶ
3311 2420 3579 2495 ἄτρεπτος
3628 2423 3707 2487 ὼς

2118 2509 2271 2572 856;-
2314 2509 2368 2561 οἵ
2397 2525 2457 2560 τε
2488 2508 2556 2562 δι’
2578 2507 2743 2562 αὑτοῦ
2771 2510 2870 2580 τῆς
2904 2509 3008 2562 ὑπὸ
3028 2510 3118 2563 τὸν
3150 2509 3395 2566 διάϐολον
3428 2513 3706 2584 αἰχμαλω-

2122 2600 2242 2664 σίας
2261 2599 2646 2672 λυτρωθέντες,
2671 2603 2751 2664 είς
2784 2600 3097 2672 ἐλευθερίαν
3128 2619 3187 2655 τε
3218 2603 3317 2674 τὴν
3344 2604 3453 2657 ὑπὸ
3481 2605 3559 2676 τῷ
3584 2604 3705 2677 Θεῴ

2120 2691 2597 2764 μετενηνεγμένα,
2649 2690 2748 2763 τὴν
2798 2693 3094 2766 καλλίστην
3147 2694 3363 2767 ἀληθῶς
3403 2697 3556 2751 αὐτοὶ
3608 2699 3706 2751 ἁλ-

2118 2782 2335 2837 λοίωσιν
2367 2785 2840 2855 ὑπομεμενήκασι.
2873 2783 2963 2835 Διδ
3007 2783 3102 2836 καὶ
3135 2785 3167 2855 ή
3207 2785 3560 2858 ὲμφερομένη
3590 2791 3706 2852 τοῖς

2118 2874 2297 2944 λόγοις
2328 2875 2610 2945 βασίλισσα
2670 2875 2950 2930 κελεύεται
3008 2874 3180 2946 λήθην
3226 2877 3557 2949 ποιήσασθαι
3608 2880 3703 2933 τοῦ

2117 2965 2247 3022 λαοῦ
2278 2968 2475 3039 ἑαυτῆς
2497 2968 2590 3022 καὶ
2640 2967 2734 3021 τοῦ
2788 2967 2938 3022 οἴκου
2972 2969 3067 3023 τοῦ
3100 2969 3307 3043 πατρὸς
3360 2971 3578 3042 ὲαυτῆςο
3608 2971 3704 3025 καὶ

2116 3060 2364 3133 θυγάτηρ
2386 3061 2443 3114 δὲ
2473 3060 2650 3132 Τύρου
2672 3061 2966 3132 ἀλλόφυλος
2992 3063 3085 3116 ἐπὶ
3129 3062 3228 3135 τὴν
3271 3061 3442 3135 καλὴν
3474 3063 3705 3134 μεταϐο-

432 3162 631 3221 tentes,
661 3155 849 3211 eadem
880 3160 1180 3214 mutatione
1206 3162 1413 3232 dignati
1438 3171 1586 3217 sunt.
1619 3163 1863 3229 Quorum
1894 3182 2012 3221 om-

2117 3152 2214 3224 λὴν
2242 3152 2443 3224 ταύτην
2476 3154 2738 3207 καλεῖται’
2765 3153 3023 3225 παρθένοι
3052 3172 3111 3207 τε
3145 3156 3239 3208 καὶ
3268 3154 3372 3208 υίοί
3399 3171 3543 3219 τινες
3568 3154 3703 3210 ἀντὶ

431 3244 584 3298 nium
612 3260 779 3301 causa
802 3248 1075 3301 canticum
1100 3264 1195 3313 pro
1228 3252 1294 3305 iis
1326 3253 1416 3323 qui
1444 3254 1910 3308 commutabunlur
1931 3256 2012 3311 in-

432 3336 698 3406 scriptum
730 3344 848 3407 est;
883 3339 985 3403 vel,
1010 3341 1313 3396 secundum
1353 3343 1627 3413 Aquilam,
1662 3344 1725 3399 de
1744 3344 1874 3399 lilii:
1887 3362 1906 3410 ;
1936 3347 2011 3402 si-

430 3444 516 3492 ve,
550 3428 852 3483 secundum
886 3430 1298 3502 Symmachum,
1329 3449 1425 3504 pro
1456 3435 1698 3503 ﬂoribus.
1748 3436 1883 3491 Nam
1914 3439 2009 3510 qui

429 3521 753 3574 commutati
794 3529 945 3586 sunt,
978 3524 1177 3578 bonum
1233 3526 1508 3596 spirantes
1556 3529 1802 3595 odorem,
1847 3540 2011 3602 alque

428 3627 567 3667 nova
599 3612 856 3671 Ecclesiae
889 3617 1154 3686 plantatio
1177 3619 1375 3685 elTecti,
1407 3620 1511 3674 hoc
1556 3622 1777 3678 nomine
1825 3624 2010 3695 appel-

428 3704 524 3759 lati
555 3714 702 3762 sunt.
729 3707 911 3774 Quare
946 3718 1004 3761 ut
1031 3709 1146 3763 inme
1190 3710 1419 3781 intelligi
1468 3720 1718 3781 possent,
1749 3729 2007 3769 necessa-

428 3798 512 3853 rio
540 3800 786 3854 auditum
818 3800 875 3855 in
905 3801 1064 3856 titulo
1096 3801 1218 3867 fuit,
1249 3802 1319 3856 ad
1358 3804 1723 3867 intellectum;
1755 3812 1815 3859 ut
1849 3805 2009 3860 intel-

428 3891 662 3964 ligamus
715 3900 885 3947 totam
932 3893 1206 3949 sermonis
1253 3894 1449 3949 seriem
1486 3895 1762 3948 canticum
1797 3909 1895 3965 pro
1928 3895 2011 3949 Di-

427 3985 570 4040 lecto
602 3984 920 4055 complecti;
951 3993 1066 4047 aut,
1088 3988 1388 4041 secundum
1427 3986 1836 4059 Symmachum,
1864 3987 2009 4042 Can-

429 4080 590 4131 ticum
620 4080 674 4131 in
715 4078 995 4132 Dilectum.
1030 4077 1144 4133 Hoc
1172 4074 1375 4134 autem‘
1406 4080 1459 4133 in
1514 4080 1635 4136 loco
1671 4081 1855 4134 omnia
1887 4096 2008 4150 quae

426 4169 495 4224 de
512 4169 721 4224 Dilecto
753 4168 1002 4224 feruntur
1029 4170 1255 4239 colligas
1285 4178 1536 4240 oportet;
1568 4172 1730 4241 quale
1759 4182 1844 4227 est
1872 4170 2007 4225 illud

426 4258 581 4314 Isaiae
606 4277 622 4315 :
659 4258 898 4314 Cantabo
929 4276 1056 4315 sane
1086 4259 1292 4315 Dilecto
1333 4263 1603 4315 canticum
1633 4261 1824 4316 Dilecti
1843 4264 2007 4317 vinea:

430 4367 579 4407 meaz.
614 4351 777 4405 Vinea
825 4352 972 4421 facta
1000 4363 1077 4407 est
1108 4352 1317 4408 Dilecto
1335 4355 1400 4408 θ’.
1430 4355 1598 4421 Queis
1639 4355 2002 4425 signiﬁcatur,

426 4444 640 4498 vineam
673 4444 894 4514 quidem
924 4460 1048 4501 esse
1076 4444 1296 4500 domum
1328 4445 1514 4510 Israel,
1546 4446 1600 4500 id
1629 4447 1775 4501 enim
1815 4449 1872 4502 in
1917 4463 1998 4503 se-

2111 3244 2379 3313 :tatépwr
2394 3245 2718 3315 γενόμενοι,
2741 3244 2859 3298 λαοί
2888 3262 2946 3298 τε
2963 3245 3443 3317 ἐξομολογούμενοι
3468 3244 3546 3316 τῷ
3559 3245 3631 3299 Θε
3638 3244 3700 3316 ᾧ,

2112 3338 2210 3408 τῆς
2265 3337 2434 3407 αὐτῆς
2479 3337 2789 3408 ἠξιώθησαν
2851 3337 3211 3405 ἀλλοιώσεως.
3277 3335 3378 3395 Ὧν
3429 3340 3488 3393 δὲ
3536 3339 3701 3393 ’ἑνεκα

2112 3429 2328 3483 πάντων
2344 3428 2494 3497 ὑπὲρ
2515 3427 2632 3481 τῶν
2646 3428 3223 3499 ἀλλοιωθησομένων
3234 3429 3646 3503 προγέγραπται
3665 3430 3698 3499 ή

2110 3521 2241 3593 ιξ›δή’
2265 3520 2408 3576 κατὰ
2431 3521 2488 3573 δὲ
2514 3521 2604 3574 τὸν
2649 3518 2901 3584 Ἀκύλαν,
2950 3520 3050 3573 ἐπὶ
3096 3520 3222 3587 τοῖς
3266 3521 3513 3590 κρίνοις·
3556 3521 3698 3574 κατὰ

2108 3612 2166 3665 δὲ
2194 3612 2283 3665 τὸν
2300 3612 2615 3683 Σύμμαχον,
2632 3613 2783 3680 ὑπὲρ
2804 3610 2923 3664 τῶν
2936 3610 3155 3666 ἀνθῶν.
3175 3612 3237 3665 Oi
3258 3611 3368 3684 γὰρ
3390 3612 3702 3666 ἀλλοιωθὲν-

2108 3721 2220 3769 τες,
2250 3699 2394 3759 οῦτοι
2424 3705 2649 3768 εὐωδίας
2676 3704 3028 3769 πνεύσαντες,
3060 3706 3155 3758 καὶ
3194 3703 3330 3775 ἄνθη
3378 3705 3548 3777 νεαρά
3595 3705 3698 3776 τῆς

2121 3795 2450 3868 Ἐκκλησίας
2481 3797 2783 3867 γενόμενοι,
2803 3794 2989 3849 τοῦτον
3028 3794 3426 3868 ὠνομάσθησαν
3455 3798 3546 3851 τὸν
3573 3799 3698 3870 τρό-

2110 3905 2229 3941 πον.
2262 3888 2372 3952 Atia,
2408 3888 2495 3941 ἵνα
2525 3886 2700 3939 ταῦτα
2733 3884 2922 3957 νοηθῇ,
2949 3886 3266 3955 ἀναγκαίως
3294 3888 3614 3959 πρόσκειται
3627 3892 3693 3961 τῇ

2111 3980 2402 4049 προγραφῇ
2429 3977 2509 4040 τὸ,
2535 3978 2623 4042 είς
2645 3978 2922 4030 σύνεσιν·
2960 3979 3055 4030 καὶ
3097 3977 3182 4031 ἵνα
3238 3977 3509 4050 συνῶμεν,
3539 3980 3616 4045 ὡς
3665 3985 3694 4037 6

2109 4075 2217 4137 πᾶς
2246 4074 2402 4141 λόγος
2426 4072 2566 4144 ᾠδὴν
2623 4071 2865 4144 περιέχει
2929 4071 3069 4145 ὑπὲρ
3130 4071 3226 4126 τοῦ
3292 4072 3689 4146 ’Δγαπητοῦ,ἢ

2109 4165 2251 4219 κατὰ
2299 4165 2389 4218 τὸν
2446 4164 2760 4235 Σύμμαχοψ
2806 4159 3009 4234 τᾼσμα
3060 4166 3145 4230 είς
3179 4165 3287 4218 τὸν
3338 4165 3688 4235 ’Λγιιπητόν.

2112 4256 2283 4311 Ἔνθα
2312 4255 2368 4307 δὲ
2388 4254 2694 4326 γενόμενος,
2726 4256 2903 4310 πάντα
2918 4257 3017 4309 ὅσα
3034 4256 3162 4327 περὶ
3203 4256 3512 4329 Ἀγαπητοῦ
3569 4276 3693 4313 συν-

2107 4349 2274 4417 δήξεις⁸
2302 4344 2413 4402 οἷον
2438 4349 2495 4402 ὲν
2523 4348 2739 4421 Ἡσαΐᾳ·
2766 4350 2927 4419 ’ᾼσω
2945 4349 3020 4418 δὴ
3044 4348 3122 4415 τῷ
3147 4350 3508 4420 ἠγαπημένῳ
3529 4345 3693 4422 ᾆσμα

2107 4443 2213 4497 τοῦ
2239 4440 2564 4512 Ἆγαπητοῦ
2594 4440 2672 4506 τῷ
2705 4440 3014 4510 ἀμπελῶνι
3046 4459 3187 4511 μου.
3235 4443 3533 4512 Ἀμπελὼν
3567 4445 3692 4514 ἐγε-

424 4536 722 4607 quentibus
754 4536 1103 4604 declaratur;
1142 4536 1413 4593 Dilectum
1463 4549 1644 4594 autem
1695 4539 1850 4595 illum
1882 4556 2006 4596 esse

2117 4534 2262 4603 νήθη
2300 4533 2381 4599 τῷ
2432 4532 2813 4603 ἠγαπημένῳ·
2867 4532 2933 4585 δι’
2965 4526 3040 4587 ὧν
3064 4533 3384 4605 σημαίνεται
3426 4536 3689 4606 ἀμπελὼν

427 4624 777 4699 Unigeuitum
798 4626 890 4682 Dei
923 4626 1144 4693 Filium,
1180 4628 1341 4697 cujus
1366 4629 1546 4699 portio
1568 4643 1634 4684 ac
1654 4630 1805 4700 prior
1828 4631 2002 4687 haere-

425 4718 570 4776 ditas
608 4718 711 4774 fuit
740 4728 1044 4776 memorata
1073 4722 1167 4775 illa
1197 4722 1373 4777 vinea.
1413 4720 1681 4788 Quoniam
1716 4729 1897 4778 autem
1918 4722 2002 4777 di-

425 4813 602 4869 lectus
632 4813 862 4884 quilibet
891 4814 1209 4884 diligentem
1245 4831 1305 4870 se
1331 4815 1512 4878 habet,
1547 4815 1632 4871 his
1661 4815 1807 4871 clare
1850 4830 2002 4871 com-

426 4912 799 4970 monstratur,
815 4904 1031 4960 vineam
1060 4906 1208 4959 illam
1238 4906 1647 4981 possessionem
1682 4904 1871 4960 Dilecti
1904 4903 2001 4961 Dei

425 4994 621 5063 fuisse,
654 4996 815 5068 cujus
844 4998 1017 5069 gratia
1046 5013 1291 5069 praesens
1324 5000 1618 5064 canticum,
1644 5015 1740 5069 pro
1768 4998 1998 5062 Dilecto,

428 5088 751 5158 inscriptum
781 5098 885 5144 est.
910 5089 970 5144 In
1004 5088 1238 5147 Psalmis
1265 5106 1482 5161 quoque
1503 5092 1707 5147 dictum
1730 5100 1815 5146 est
1849 5109 1861 5145 :
1892 5088 2000 5144 Do-

428 5181 600 5236 minus
628 5180 775 5245 dabit
816 5179 1039 5236 Verbum
1063 5182 1539 5253 euangelizantibus
1573 5184 1762 5237 virtute
1805 5181 1995 5236 multa.

496 5336 545 5370 ⁸³
585 5335 691 5393 lsa.
724 5353 778 5402 v,
812 5336 865 5394 Ι.

498 5496 576 5565 (1)
604 5491 972 5565 ᾲᾎγαπητόν.
997 5491 1166 5565 _Apud
1206 5488 1506 5565 Eusebium
1556 5486 1698 5541 idem
1723 5481 1997 5565 signiﬁcat

424 5553 571 5636 quod
604 5553 929 5636 Movo'revjc,
960 5560 1016 5616 id
1056 5553 1172 5624 est,
1206 5553 1795 5636 Unigenitusnsupple’
1826 5553 1997 5636 Filius

427 5576 571 5636 quoa
604 5576 929 5685 Μονογενὲς,
960 5576 1016 5616 ια
1056 5576 1172 5624 est,
1208 5576 1569 5682 unigenitum
1584 5576 1774 5626 supple
1826 5576 1997 5610 riuus

427 5635 522 5692 Dei
552 5645 610 5688 ut
636 5631 800 5710 intra.
877 5641 898 5685 t
931 5645 1080 5697 vero,
1130 5638 1268 5710 teste
1355 5625 1757 5710 thanasiougl,
1786 5641 1837 5695 p.
1868 5623 1997 5710 ὃς),

427 5708 544 5759 hac
572 5703 840 5759 sententia
884 5716 987 5755 usu
1034 5695 1184 5755 venit
1213 5714 1318 5753 vox
1359 5699 1451 5751 illa
1478 5698 1624 5768 apud
1652 5695 1888 5768 Graecos.
1921 5695 1996 5768 T6

421 5775 483 5830 δὲ
507 5772 806 5843 ἀγαπητόν,
839 5773 920 5829 sic
952 5769 1063 5836 ille,
1096 5770 1190 5825 καὶ
1217 5768 1476 5839 Ἕλληνες
1516 5764 1697 5820 ἴσασιν
1743 5766 1793 5819 οι
1835 5764 1999 5819 δεινοὶ

2113 4627 2209 4697 μὲν
2241 4628 2269 4678 ὁ
2290 4620 2437 4688 οἶκος
2459 4624 2553 4677 τοῦ
2587 4624 2819 4696 Ἰσραήλ’
2844 4623 3003 4678 τοῦτο
3041 4624 3150 4697 γὰρ
3192 4627 3319 4697 ἑξῆς
3349 4629 3379 4681 6
3422 4627 3577 4696 λόγος
3604 4629 3692 4700 δη-

2108 4719 2208 4772 λοῖ·
2246 4715 2598 4788 ἠγαπημένος
2639 4716 2695 4769 δὲ
2720 4717 2814 4769 καὶ
2855 4717 3163 4785 Ἀγαπητὺς
3187 4721 3216 4771 6
3245 4719 3556 4794 Μονογενὴς
3592 4722 3686 4776 τοῦ

2107 4807 2242 4861 Θεοῦ
2278 4807 2422 4871 Υἱὸς,
2456 4801 2517 4860 οῦ
2554 4808 2711 4878 μερὶς
2768 4807 2959 4876 γέγονε
2989 4806 3082 4860 καὶ
3115 4808 3313 4881 κλῆρος
3376 4811 3634 4884 πρότερος
3658 4815 3688 4866 ὁ

2105 4899 2363 4973 δηλωθεὶς
2394 4901 2673 4970 ἀμπελών.
2741 4900 2895 4954 Ἐπεὶ
2938 4901 2995 4954 δὲ
3055 4901 3164 4965 πᾶς
3208 4905 3562 4977 ὴγαπημένος
3591 4905 3689 4959 καὶ

2107 4994 2391 5064 ἀγαπητὸς
2447 4992 2560 5064 ἔχει
2591 4992 2683 5046 τὸν
2706 4993 3029 5062 ἀγαπῶντα,
3061 4994 3248 5064 σαφῶς
3278 4995 3369 5050 διὰ
3422 4997 3629 5053 τούτων
3657 5001 3688 5053 6

2105 5084 2258 5153 λόγος
2283 5084 2580 5156 παρίστησι
2602 5084 2692 5137 τὸν
2720 5083 3017 5154 ἀμπελῶνα
3050 5086 3235 5157 κτῆμα
3277 5086 3555 5155 γεγονέναι
3589 5085 3684 5138 τοῦ

2117 5176 2426 5248 ’Λγαπητοῦ
2459 5177 2552 5231 τοῦ
2577 5175 2734 5241 Θεοῦ,
2770 5178 2896 5248 περὶ
2937 5169 2999 5230 οὗ
3042 5179 3076 5249 ἡ
3106 5178 3440 5250 προκειμένη
3469 5176 3580 5249 ᾠδὴ
3607 5175 3686 5231 ετ-

2099 5485 2228 5555 περὶ
2259 5483 2357 5547 τὰς
2388 5482 2581 5549 λέξεις,
2614 5488 2697 5540 ὃτι
2728 5484 2842 5539 ἴσον
2879 5486 2998 5541 ἐστὶ
3025 5486 3103 5559 τῷ
3134 5488 3330 5550 είπεῖν,
3358 5486 3675 5559 μονογενής.

2098 5552 2361 5609 Craterum
2413 5565 2608 5609 norunt
2652 5559 2753 5611 insi
2798 5555 2970 5611 Gra’ci
2997 5598 3010 5611 .
3051 5560 3141 5611 aui
3182 5559 3477 5611 dictionum
3523 5557 3682 5611 veriti

2098 5564 2361 5609 Craterum
2413 5565 2608 5609 norunt
2652 5564 2753 5626 ipsi
2798 5564 2970 5611 Gra’ci
2997 5598 3010 5619 ,
3051 5564 3141 5629 qui
3182 5564 3477 5613 dictionum
3521 5564 3682 5628 periti

2096 5634 2239 5681 sunt.
2274 5625 2526 5700 dilectum
2541 5625 2847 5700 idemdcsse
2875 5638 3030 5698 atque
3062 5629 3406 5698 unigenitum.
3438 5628 3546 5685 Pro
3570 5643 3679 5700 qua

2099 5710 2158 5751 re
2185 5696 2466 5766 probanda
2498 5697 2656 5755 all‘ert
2690 5697 2781 5754 ille
2800 5696 3023 5755 Homeri
3052 5696 3320 5756 carmina.
