4138 6386
447 389 558 444 395

1589 368 2094 444 εοννεΝτΑιυΑ
2135 387 2200 443 IN
2240 374 2581 447 PSALMOS.

3607 374 3709 447 395

447 523 627 579 ρηται,
653 503 805 572 ὑπὲρ
825 503 930 558 τοῦ
969 496 1326 573 Ἆγαπητοῦ.
1363 503 1471 556 Καὶ
1500 504 1556 557 ὲν
1580 504 1826 575 Ψαλμοῖς
1854 505 1910 558 δὲ
1939 505 2025 557 λέ-

2145 505 2238 560 Rex
2267 507 2518 561 virtutum
2550 508 2838 576 Dilecti”;
2870 508 2962 564 ubi
2982 512 3166 580 aperte
3198 525 3262 565 ac
3293 512 3574 580 speciatim
3603 512 3712 567 Do-

445 596 650 654 λεκται·
678 597 894 664 Κύριος
930 594 1108 648 δώσει
1123 593 1292 663 ῥῆμα
1336 594 1460 660 τοῖς
1485 595 2028 666 εὐαγγελιζομένοις

445 689 692 760 δυνάμει
725 685 951 754 πολλῇ.
999 688 1062 740 '0
1091 685 1394 751 ,βασιλεὺς
1435 685 1554 740 τῶν
1580 685 1892 755 δυνάμεων
1920 686 2026 740 τοῦ

455 779 809 852 Ἀγαπητοῦ.
837 779 1032 846 Σαφῶς
1054 777 1111 830 δὲ
1128 776 1406 831 κάνταῦθα
1441 777 1585 841 ἰδίως
1621 795 1726 848 μνη
1736 779 2030 850 μονευομέ-

445 889 535 927 νου
567 872 775 945 Κυρίου
803 870 900 924 τοῦ
928 869 1064 923 Θεοῦ
1115 869 1221 922 τῶν
1248 869 1406 922 ὅλωνο
1445 870 1539 923 καὶ
1566 869 1726 922 πάλιν
1751 869 1898 933 ἰδίως
1925 867 2022 922 τοῦ

456 964 786 1036 ’Δγαπητοῦ,
815 966 910 1019 καὶ
968 966 1026 1016 ὲν
1054 965 1121 1035 τῇ
1150 964 1310 1034 τρίτῃ
1339 961 1492 1026 τάξει
1533 962 1641 1015 τῶν
1687 959 2032 1032 εὐαγγελιζο-

448 1059 741 1134 μένωνοτὸν
782 1057 1113 1127 Ἀγαπητὸν,
1153 1050 1233 1119 οἷς
1288 1055 1522 1109 δίδοσθαι
1563 1056 1715 1126 ῥῆμα
1760 1055 1819 1119 ἐξ
1865 1054 2030 1110 αὐτοῦ

443 1151 538 1205 τοῦ
567 1149 702 1204 Θεοῦ
728 1147 933 1204 ἄνωθεν
978 1147 1248 1210 λέλεκται,
1285 1146 1379 1199 καὶ
1407 1147 1441 1216 ή
1473 1147 1600 1216 περὶ
1630 1146 1723 1199 τοῦ
1779 1145 2031 1216 Σωτῆρος

445 1243 600 1315 ήμῶν
629 1241 942 1294 συνίσταται
1000 1238 1298 1310 μαρτυρία.
1330 1238 1441 1291 Καὶ
1478 1239 1535 1292 ὲν
1563 1237 1733 1310 ἑτέρῳ
1771 1237 1828 1290 δὲ
1876 1233 2031 1300 αὖθις

445 1336 680 1408 εἴρηται·
715 1334 827 1390 Καὶ
850 1337 883 1388 ὁ
923 1331 1307 1403 ἠγαπημένος
1326 1332 1407 1398 ὠς
1432 1330 1561 1395 υίὸς
1583 1327 2028 1399 μονοκερώτων.

446 1427 763 1502 Προκείσθω
796 1427 1006 1490 τούτοις
1058 1426 1153 1478 καὶ
1197 1411 1261 1478 τδ
1289 1423 1709 1494 ἐπισφράγισμα
1738 1421 1848 1475 τῶν
1872 1422 2029 1485 ὅλων,

443 1521 509 1576 τὸ
536 1521 680 1592 σωτή
691 1539 801 1593 ριον
821 1521 896 1591 (1)
922 1518 1252 1588 Εὑαγγέλιον
1267 1520 1325 1572 ἒν
1343 1520 1493 1588 φωνῇ
1509 1519 1746 1588 πατρικῇ
1765 1516 1854 1569 τὸν
1870 1517 2032 1580 Ἀγα-

447 1611 618 1684 πητδν
642 1610 845 1666 ἄνωθεν
866 1613 996 1682 παρ’
1027 1607 1334 1680 ἀνθρώποις
1363 1607 1596 1672 ἐδείκνυ,
1629 1608 1824 1679 βοώσῃο
1847 1604 2035 1673 Οὗτός

446 1699 618 1757 ἐστιν
656 1705 689 1756 ό
740 1701 874 1767 Υἱός
899 1717 1019 1770 μου
1061 1703 1095 1754 ὁ
1128 1698 1456 1770 ἀγαπητὸς,
1515 1699 1584 1752 ἐν
1629 1692 1678 1764 ᾧ
1706 1699 2031 1768 εὐδόκησα.

449 1794 729 1848 Τοσούτιον
758 1791 1224 1863 ἀποδεδειγμένων
1259 1790 1510 1864 περὶτοῦ
1553 1790 1882 1863 Ἀγαπητοῦ,
1938 1808 2035 1845 σα-

2130 601 2314 655 minus
2365 599 2509 656 Deus
2559 601 2939 656 universorum
2982 614 3349 670 memoratur;
3382 621 3445 662 ac
3490 611 3709 661 rursum

2132 693 2417 760 speciatim
2457 692 2722 758 Dilectus,
2761 709 2825 748 ac
2855 694 3073 748 demum
3108 696 3271 751 tertio
3305 697 3516 761 ordine,
3549 714 3710 754 eran-

2130 785 2424 854 gelizantes
2468 783 2758 849 Dilectum,
2789 786 2988 857 quibus
3036 789 3104 842 ab
3153 788 3274 858 ipso
3329 788 3436 844 Deo
3473 788 3710 858 Verbum

2130 875 2270 937 dari,
2308 876 2565 946 superius
2613 876 2818 931 dictum
2858 886 2976 944 est;
3011 879 3198 949 sicque
3232 881 3609 935 testimonium
3644 881 3713 938 de

2133 965 2415 1023 Salvatore
2467 975 2660 1024 nostro
2707 969 3175 1024 constituitur.-‘ln
3203 973 3311 1026 alio
3343 973 3470 1026 item
3502 971 3711 1027 dictum

2131 1067 2215 1114 est
2243 1078 2257 1113 :
2290 1059 2359 1113 Et
2384 1060 2618 1115 Dilectus
2644 1062 3082 1132 quemadmodum
3114 1063 3260 1132 [ilius
3287 1064 3621 1118 unicornium
3641 1064 3708 1120 “.

2133 1151 2231 1207 His
2257 1153 2550 1222 adjiciatur
2604 1155 2671 1209 ad
2721 1170 3026 1210 sermonem
3069 1163 3241 1209 totum
3283 1156 3707 1226 obsignandum,

2133 1245 2376 1300 salutare
2411 1243 2766 1316 Evangelium
2801 1259 3029 1317 paterna
3078 1263 3211 1301 voce
3246 1247 3514 1303 Dilectum
3565 1249 3707 1320 apud

2132 1338 2382 1392 homines
2403 1339 2642 1393 clamore
2675 1337 2820 1393 edito
2851 1349 3308 1395 commonstrasso
3336 1360 3348 1394 :
3381 1339 3482 1393 llic
3510 1350 3586 1394 est
3610 1329 3711 1394 Fi-

2135 1430 2238 1484 lius
2273 1447 2415 1484 meus
2443 1430 2686 1495 dilectus,
2715 1432 2768 1484 in
2792 1447 2894 1500 quo
2926 1433 3052 1484 milli
3078 1431 3563 1500 complacui“.Tot
3590 1440 3715 1486 tan-

2136 1519 2317 1588 tisque
2367 1519 2436 1574 de
2460 1517 2678 1574 Dilecto
2732 1521 2976 1590 prolatis,
3014 1523 3174 1592 plana
3211 1523 3429 1577 demum
3483 1537 3545 1577 ac
3595 1523 3715 1580 sine

2135 1611 2568 1667 contradictione
2614 1612 2777 1667 fuerit
2829 1613 2944 1668 haec
2988 1615 3272 1684 prophetia
3321 1615 3375 1669 in
3431 1595 3716 1670 titulo'sic

2133 1703 2417 1757 enuntiata
2451 1723 2464 1758 :
2499 1703 2781 1759 Canticum
2824 1721 2918 1774 pro
2956 1705 3182 1762 Dilecto.
3219 1705 3376 1772 Quod
3411 1713 3590 1762 autem
3625 1707 3716 1761 hic

2136 1794 2253 1864 ipse
2281 1795 2534 1852 Christus
2565 1797 2749 1860 fuerit,
2777 1799 2918 1853 alius
2971 1799 3038 1854 ab
3083 1815 3169 1863 eo,
3195 1800 3286 1870 qui
3337 1799 3514 1864 ipsum
3547 1799 3713 1853 inun—

451 1886 556 1958 φὴς
581 1884 646 1939 ἂν
673 1884 760 1954 εἴη
817 1885 1003 1938 λοιπὸν
1035 1884 1130 1938 καὶ
1173 1883 1571 1954 ἀναμφίλεκτος
1613 1885 1647 1954 ή
1693 1883 2026 1955 προκειμένη

2145 1887 2214 1940 tit
2271 1885 2453 1951 Patre,
2479 1888 2532 1942 in
2553 1889 2744 1944 eodem
2776 1890 2988 1960 psalmo
3010 1899 3199 1960 postea
3230 1891 3563 1944 declaratur.
3588 1889 3715 1944 Haec

450 1976 756 2049 προφητεία
799 1977 887 2030 διὰ
930 1979 1028 2048 τῆς
1085 1975 1414 2046 προγραφῆς
1465 1969 1851 2048 φήσασα-ᾨδὴ
1875 1974 2028 2044 ὑπὲρ

2145 1978 2352 2048 quidem
2382 1980 2450 2034 de
2481 1981 2638 2035 titulo
2671 1981 2816 2035 dicta
2850 1982 2995 2045 sint;
3028 1981 3312 2051 sequentia
3349 1982 3542 2036 iterum
3575 1995 3717 2052 pro--

451 2073 556 2128 τοῦ
603 2069 958 2142 Ἀταπητοῦ.
994 2071 1114 2124 Ὅτι
1139 2069 1196 2123 δὲ
1221 2071 1250 2122 0
1281 2068 1514 2140 Χριστὸς
1548 2064 1617 2139 ἦν
1647 2063 1823 2132 οὗτος,
1846 2068 2031 2140 ἕτερος

2145 2071 2390 2140 pheticus
2421 2073 2624 2126 chorus
2651 2074 2922 2136 enuntiat,
2951 2072 3045 2142 qui
3081 2073 3264 2142 priora
3292 2053 3586 2126 narrabat.

451 2165 526 2221 ὢν
551 2167 702 2238 παρά
760 2167 850 2219 τὸν
899 2165 1164 2238 χρίσαντα
1192 2164 1357 2218 αὐτὸν
1388 2164 1626 2236 Πατέρα,
1675 2163 1879 2226 προῖὼν
1906 2165 2034 2235 ἑξῆς
2073 2166 2102 2216 0
2131 2166 2288 2236 λόγος
2341 2170 2399 2221 ὲν
2423 2167 2570 2238 αὐτῷ
2621 2168 2698 2239 τῷ
2763 2168 2964 2238 ψαλμῷ
3017 2169 3348 2240 παρέστησε.
3394 2167 3578 2220 Ταῦτα
3614 2166 3716 2238 μὲν

450 2255 544 2314 οὖν
577 2261 656 2322 εἰς
683 2259 780 2332 τὴν
813 2258 1141 2332 προγραφὴν
1175 2259 1432 2330 εἰρήσθω
1493 2258 1568 2312 τὰ
1604 2259 1650 2311 δ’
1680 2260 1806 2331 ἑξῆς
1849 2260 2010 2314 πάλιν
2038 2262 2068 2314 ὁ
2103 2261 2263 2331 χορὸς
2315 2263 2345 2314 0
2375 2245 2713 2335 προφητικδς
2763 2263 3114 2335 διεξέρχεται,
3173 2265 3202 2315 0
3261 2263 3354 2316 ml
3394 2263 3462 2314 τὰ
3520 2261 3713 2333 πρῶτα

450 2356 757 2424 διεξελθών.

445 2483 450 2516 ι
523 2470 680 2534 Τινὲς
699 2471 976 2543 ᾠήθησαν,
1006 2471 1082 2535 ὡς
1115 2474 1178 2525 ἐκ
1213 2470 1501 2544 προσώπου
1532 2451 1648 2524 ’τοῦ
1699 2452 1912 2544 Πατρδς
1941 2471 2033 2524 λέ-

452 2561 646 2630 γεσθαι
681 2562 769 2615 τὸν
802 2561 1014 2632 ψαλμὸν
1047 2564 1166 2634 ήτοι
1198 2563 1296 2634 τὴν
1319 2563 1460 2634 ᾠδὴν
1496 2565 1626 2634 περὶ
1676 2562 1768 2616 τοῦ
1804 2565 1861 2614 ὲν
1890 2564 2032 2635 ἀρχῇ

453 2655 606 2719 lino;
629 2650 770 2727 πρὸς
801 2656 962 2709 αὑτὸν
985 2657 1179 2725 Λόγου,
1208 2656 1266 2708 ὃν
1287 2657 1352 2708 ἐκ
1400 2657 1498 2726 τῆς
1532 2657 1696 2709 οἱονεὶ
1727 2656 1972 2727 καρδίας,
1998 2655 2032 2723 ἢ

455 2747 636 2801 αὐτῶν
696 2748 804 2802 τῶν
840 2749 1182 2820 σπλάγχνων,
1225 2750 1378 2820 φησὶ,
1434 2749 1740 2820 προήγαγε’
1793 2749 1885 2802 καὶ
1929 2745 2036 2800 ἀπὸ

456 2839 666 2911 ἀγαθῆς
706 2839 930 2912 καρδίας
983 2840 1182 2909 ἀγαθὸς
1217 2839 1374 2908 λόγος
1431 2840 1721 2912 προῆλθεν.
1788 2837 1941 2910 Ἐμοὶ
1976 2838 2040 2903 δὲ’

455 2929 605 2984 δοκεῖ
633 2931 806 2986 ταῦτα
835 2933 927 2986 ἐπὶ
953 2932 1014 2986 τὸ
1069 2933 1405 3005 προφητικὸν
1455 2932 1820 3004 ἀναφέρεσθαι
1869 2935 2038 3005 πρόσ-

457 3039 626 3077 ωπον.
657 3023 726 3078 τὰ
750 3025 856 3098 γὰρ
884 3027 965 3096 ἐφ’
994 3025 1121 3093 ἑξῆς
1152 3024 1244 3078 τοῦ
1281 3025 1444 3098 ῥητοῦ
1476 3026 1657 3078 οὐκέτι
1697 3025 1899 3095 ὁμοίως
1954 3026 2042 3091 ἐξ-

2206 2471 2433 2538 Quidam
2462 2471 2710 2526 arbitrati
2741 2480 2870 2527 sunt
2892 2489 2956 2527 ex
2981 2487 3211 2543 persona
3239 2469 3419 2527 Patris
3444 2472 3714 2542 psalmum
3759 2545 3761 2550 ι

2138 2565 2251 2620 sive
2281 2565 2553 2619 canticum
2586 2566 2931 2635 pronuntiari
2961 2567 3026 2620 de
3057 2565 3257 2630 Verbo,
3291 2565 3436 2634 quod
3474 2566 3524 2618 in
3562 2565 3718 2636 prin-

2137 2657 2279 2726 cipio
2310 2664 2428 2710 erat
2470 2658 2612 2728 apud
2647 2656 2838 2721 Deum,
2875 2657 3129 2727 quodque
3159 2658 3275 2728 ipse
3305 2671 3404 2712 ceu
3433 2672 3500 2712 ex
3529 2656 3714 2719 corde,

2139 2746 2253 2804 sive
2277 2765 2344 2804 ex
2372 2748 2507 2819 ipsis
2535 2749 2840 2805 visceribus
2874 2749 3132 2820 produxit
3166 2768 3178 2803 :
3211 2757 3266 2804 et
3289 2765 3356 2804 ex
3383 2749 3522 2805 bono
3552 2749 3718 2804 corde

2139 2839 2346 2895 bonum
2375 2841 2604 2896 verbum
2637 2841 2858 2912 prodiit.
2887 2840 3016 2895 Mihi
3041 2856 3206 2916 porro
3239 2841 3352 2895 haec
3382 2839 3447 2894 ad
3479 2842 3714 2912 prophe-

2142 2930 2313 2988 ticum
2361 2933 2589 2990 chorum
2627 2932 2910 2988 referenda
2941 2933 3195 2988 videntur
3224 2951 3238 2988 :
3271 2949 3391 3002 quae
3417 2933 3560 2988 enim
3594 2941 3719 3002 post

2145 3025 2351 3078 dictum
2403 3025 2718 3094 bujusmodi
2775 3025 3206 3094 subsequuntur,
3238 3040 3346 3079 non
3394 3026 3466 3078 ita
3502 3025 3720 3096 planam

459 3113 704 3184 ομαλίζει
731 3117 863 3186 ἡμῖν
885 3117 984 3186 τὴν
1007 3117 1133 3187 περὶ
1157 3116 1250 3170 τοῦ
1293 3117 1506 3189 Πατρδς
1549 3116 1828 3190 ἐξήγησιν.
1891 3115 2031 3171 Οὔτε

2145 3116 2397 3172 exhibent
2438 3116 2595 3172 nobis
2631 3117 2699 3172 de
2733 3114 2894 3172 Patre
2925 3118 3320 3174 narrationem.
3355 3117 3542 3188 Neque
3571 3117 3718 3172 enim

461 3207 568 3280 γὰρ
595 3207 660 3260 ἂν
696 3208 825 3278 περὶ
847 3209 944 3279 τῆς
969 3209 1161 3262 ἑαυτοῦ
1188 3207 1438 3280 γλώσσης
1464 3212 1494 3262 0
1519 3210 1708 3281 Πατὴρ
1741 3205 1912 3274 εἶπεν,
1934 3211 2036 3264 ὅτι·

562 3292 624 3353 Ἠ
644 3299 895 3369 γλῶσσὰ
917 3319 1036 3370 μου
1073 3302 1340 3371 κάλαμος
1368 3300 1749 3371 γραμματέως
1794 3301 2044 3372 ὀξυποά-

461 3407 603 3459 μου.
633 3386 856 3459 Ὠραῖος
893 3391 1104 3446 κάλλει
1135 3392 1295 3461 παρὰ
1314 3393 1454 3458 τοὺς
1482 3393 1649 3460 υἱοὺς
1678 3391 1796 3446 τῶν
1823 3391 2044 3461 ἀνθρώ-

463 3497 612 3537 πων.
653 3485 728 3538 Οὐ
759 3485 868 3556 γὰρ
894 3487 958 3538 ἐκ
989 3486 1084 3564 τῆς
1115 3485 1249 3556 πρὸς
1291 3487 1416 3549 τοὺς
1452 3484 1772 3556 ἀνθρώπους
1815 3483 2042 3556 συγκρί-

465 3593 602 3641 σεως
621 3578 720 3649 τήν
745 3578 1018 3650 ὑπεροχὴν
1053 3578 1147 3631 τοῦ
1178 3578 1407 3641 κάλλους
1441 3577 1572 3648 ἔχει.
1607 3579 1715 3631 Καὶ
1757 3575 1956 3649 προῖὼν
1989 3575 2044 3628 δέ

463 3684 613 3740 φησι·
651 3668 756 3724 Διὰ
797 3669 971 3723 τοῦτο
1021 3669 1228 3738 ἕχρισέ
1275 3686 1349 3723 σε
1381 3671 1413 3722 d
1464 3667 1608 3734 Θεὸς
1654 3671 1687 3722 ό
1746 3670 1891 3732 Θεός
1929 3683 2046 3719 σου

464 3761 669 3817 ἔλαιον
695 3763 1125 3833 ἀγαλλιάσεως·
1170 3763 1230 3816 οὐ
1270 3762 1376 3834 γὰρ
1420 3758 1594 3815 εἶπεν·
1662 3760 1916 3830 Ἔκρισὰ
1971 3778 2046 3815 σε

464 3854 577 3925 ἐγὼ
609 3858 642 3909 ὁ
673 3857 837 3921 Θεὸς,
882 3855 997 3908 ἀλλ’
1028 3854 1236 3925 ἔχρισέ
1269 3873 1361 3909 σεο
1397 3854 1538 3908 ὥστε
1597 3857 1662 3908 ὲκ
1683 3853 1875 3908 τούτου
1907 3871 2048 3926 παρ-

471 3943 722 3997 ίστασθαι
763 3944 952 4016 ἕτερον
998 3940 1136 3998 εἶναι
1191 3946 1252 3998 τὸ
1301 3944 1679 4016 διαλεγόμενον
1729 3945 2040 4015 πρόσωπον.

468 4035 625 4088 Ποῖον
645 4030 738 4089 οὖν
763 4037 879 4089 ἐστι
907 4025 1123 4108 τοῦτοῆ
1171 4037 1200 4089 0
1235 4038 1539 4110 προφήτης,
1591 4037 1619 4088 0
1655 4035 1911 4107 χωρήσας
1948 4035 2047 4107 τὴν

467 4128 562 4184 τοῦ
590 4128 750 4198 ἁγίου
805 4128 1120 4200 Πνεύματος
1178 4131 1259 4192 είς
1306 4129 1496 4183 ἑαυτὸν
1541 4129 1842 4199 γενομένην
1899 4128 2053 4200 ὲνέρε

469 4233 623 4290 Υειανν
642 4237 657 4286 3

553 4313 698 4367 Ἀντὶ
720 4313 777 4367 δὲ
804 4312 918 4366 τοῦο
966 4310 1356 4382 Ἑξτιρεύξατο
1379 4310 1416 4378 ἡ
1461 4309 1673 4378 καρδία
1688 4327 1829 4379 μου,
1860 4309 1888 4359 0
1909 4307 2047 4380 Σύμ-

2143 3208 2211 3264 de
2241 3209 2423 3280 lingua
2455 3225 2554 3265 sua
2585 3201 2747 3265 Pater
2773 3211 2973 3264 dixerit
2998 3227 3010 3262 :

2213 3299 2378 3355 Vens.
2415 3300 2532 3356 5-8.
2570 3299 2776 3371 Lingua
2815 3317 2931 3354 mea
2965 3301 3206 3357 calamus
3243 3301 3433 3357 scribw
3477 3301 3722 3356 velociter

2143 3391 2436 3450 scribentis.
2466 3391 2742 3461 Speciosus
2779 3392 2952 3460 forma
2997 3409 3106 3462 pra:
3144 3395 3273 3463 filiis
3311 3393 3601 3447 hominum.
3632 3389 3722 3446 Si—

2145 3483 2364 3553 quidem
2414 3484 2840 3555 pulchritudinis
2895 3486 3265 3554 praestantiam
3315 3500 3382 3540 ex
3435 3469 3722 3554 compara?

2146 3577 2290 3631 tione
2315 3592 2438 3631 cum
2456 3577 2772 3632 hominibus
2798 3593 2907 3631 non
2939 3585 3242 3631 mutuatur.
3277 3575 3336 3631 lu
3367 3575 3722 3646 sequentibus

2147 3684 2275 3724 vero
2323 3669 2398 3722 ait
2428 3688 2440 3723 :
2476 3668 2756 3737 Propterea
2797 3670 2948 3722 unxit
2991 3680 3037 3723 te
3080 3668 3220 3724 Deus
3253 3669 3389 3724 Deus
3437 3679 3558 3724 tuus
3608 3671 3723 3726 oleo

2149 3760 2387 3823 laetitiis;
2419 3775 2597 3830 neque
2646 3761 2791 3819 enim
2843 3763 2955 3816 ait:
2983 3760 3122 3817 [Ιηκὶ
3173 3772 3220 3815 te
3263 3777 3356 3830 ego
3399 3761 3563 3826 Deus,
3598 3762 3719 3824 sed.
3815 3835 3820 3838 _

2149 3855 2300 3905 unxit
2336 3863 2417 3915 te;
2455 3851 2613 3906 itaut
2645 3851 2772 3906 hinc
2807 3851 3075 3920 liquidum
3125 3852 3196 3906 sit
3246 3853 3403 3906 aliam
3432 3867 3724 3923 personam

2148 3961 2272 4002 esse
2318 3961 2439 4016 quae
2486 3945 2748 4015 loquitur.
2784 3943 3043 4010 Quaenam
3094 3945 3261 4015 igitur
3311 3944 3424 4008 illa,
3460 3945 3566 3999 nisi
3595 3960 3728 4015 pro-

2151 4038 2309 4108 pheta
2339 4035 2433 4109 qui
2464 4037 2714 4108 illapsam
2766 4035 3005 4107 Spiritus
3035 4037 3212 4093 sancti
3247 4035 3354 4092 vim
3386 4037 3442 4091 in
3483 4051 3543 4092 se
3575 4050 3726 4091 rece-

2152 4126 2269 4200 pit?

2228 4305 2336 4362 Pro
2386 4307 2481 4361 illo
2531 4316 2737 4371 autem,
2799 4305 3074 4360 Eructavit
3108 4323 3199 4361 cor
3249 4323 3442 4369 meum,
3481 4305 3731 4378 Symma-

477 4421 675 4477 μαχος·
735 4403 1046 4472 Ἐκινήοη,
1119 4404 1317 4474 φησὶν,
1385 4403 1424 4470 ἡ
1477 4401 1690 4468 καρδία
1730 4419 1850 4472 μου
1895 4401 2039 4470 λόγᾳ

2154 4401 2315 4465 chus,
2353 4397 2683 4455 Commotum
2711 4409 2810 4457 est,
2839 4399 3037 4470 inquit,
3071 4417 3162 4454 cor
3183 4416 3354 4453 meum
3385 4397 3538 4452 verba
3571 4399 3730 4454 bono.

1033 4454 1236 4567 ,été‘pbu
1267 4454 1697 4564 ἀπαγγείλαντος
1730 4454 1833 4546 ’τδν
1869 4454 2039 4560 λόγον.¹

2155 4493 2291 4548 Nam
2319 4493 2484 4548 veluti
2535 4494 2642 4547 alio
2695 4494 2920 4547 verbum
2969 4494 3345 4555 renuntiante,
3397 4507 3455 4548 se
3505 4492 3732 4547 auribus

475 4589 635 4654 αὐτδς
664 4587 980 4660 κεκινῆσθαί
1006 4605 1138 4660 φησι
1183 4587 1272 4640 διὰ
1319 4590 1419 4659 τῆς
1464 4583 1652 4659 ἀκοῆς.
1706 4586 1797 4647 Ἐν
1831 4585 1909 4657 τῷ
1943 4587 2039 4656 φά-

2157 4594 2492 4640 commotum
2535 4601 2660 4641 esse
2697 4586 2854 4642 dicit.
2908 4585 3044 4642 Cum
3085 4595 3264 4641 autem
3317 4585 3415 4644 ait,
3466 4583 3598 4636 Dico
3637 4599 3732 4652 ego

477 4697 646 4737 σκειν·
673 4681 834 4750 Λέγω
866 4680 981 4751 ἐγὼ
999 4682 1072 4734 τὰ
1119 4679 1263 4750 ἔργα
1293 4698 1410 4750 μου
1442 4678 1523 4744 τῷ
1543 4678 1813 4743 βασιλεῖ,
1847 4679 2039 4731 οὐδέτε¹

2158 4695 2317 4747 opera
2355 4696 2471 4732 mea
2498 4679 2628 4749 regi,
2663 4695 2774 4733 non
2821 4679 2986 4733 alium
3041 4692 3224 4748 regem
3254 4691 3418 4748 quam
3463 4673 3732 4728 Dilectum

480 4791 569 4846 ρον
591 4772 810 4846 δηλοῦσι
841 4773 1084 4844 βασιλέα,
1114 4771 1256 4842 ἢτὸν
1303 4771 1610 4842 Ἀγαπητὸν
1649 4770 1832 4834 αὑτὸν,
1868 4764 1913 4838 ᾧ
1957 4771 2039 4823 καλ

2159 4773 2429 4844 signiﬁcat
2455 4791 2469 4840 ;
2502 4774 2569 4827 ad
2600 4787 2762 4842 quem
2798 4771 2923 4826 item
2947 4771 3224 4842 pertinent
3252 4783 3314 4823 ea
3341 4781 3462 4837 quae
3494 4782 3730 4836 sequun-

477 4867 545 4922 τὰ
565 4867 689 4940 ἑξῆς
723 4866 1056 4937 πεφώνηται.
1082 4865 1269 4934 Τούτῳ
1319 4863 1450 4936 γὰρ,
1481 4865 1634 4935 φησὶ,
1662 4863 1733 4917 τὰ
1775 4863 1912 4936 ἔργα
1953 4881 2039 4935 μοι

2161 4876 2269 4920 tur.
2307 4864 2468 4928 Huic,
2503 4866 2878 4936 inquit,opera
2913 4877 3033 4916 mea
3060 4862 3334 4928 narrabo;
3368 4860 3504 4924 sive,
3537 4874 3733 4914 secun-

477 4962 880 5035 διηγήσομανῆ
912 4959 1053 5015 κατὰ
1101 4959 1191 5012 τὸν
1237 4958 1463 5012 Ἀκύλαν
1494 4959 1586 5011 καὶ
1612 4958 1704 5010 τὸν
1737 4956 2050 5029 Σύμμαχον,

478 5057 551 5112 τὰ
574 5053 934 5125 δικαιώματά
961 5071 1080 5124 μου
1129 5049 1449 5120 ἐξαγγελεῖ).
1508 5049 1714 5122 Πολλῆς
1772 5050 1827 5102 δὲ
1865 5049 2052 5121 γέμων

481 5148 787 5223 παρρησίας
821 5150 906 5201 ἐπ’
939 5146 1163 5217 ἀγαθοῖς
1199 5145 1381 5218 ἔργοις
1433 5147 1462 5198 0
1498 5143 1608 5197 τῶν
1639 5142 1930 5214 προφητῶν
1961 5159 2053 5213 χο-

483 5246 596 5317 ρὸς,
640 5242 814 5297 ταῦτα
859 5240 1038 5309 λέγειν
1089 5239 1442 5312 τεθάρσηκεν.
1490 5239 1551 5290 Ei
1609 5237 1664 5290 δὲ
1714 5238 1808 5292 καὶ
1851 5234 2052 5304 γνῶναι

482 5336 664 5400 ποθεῖς
688 5334 809 5388 ⁴ιίνα
862 5329 930 5406 ἧν
973 5332 1082 5387 τῶν
1125 5330 1421 5404 προφητῶν
1454 5330 1520 5383 τὰ.
1569 5328 1726 5402 ἔργα,
1773 5327 1962 5398 μάθοις
1989 5327 2056 5380 ἂν

481 5427 570 5483 διὰ
597 5427 705 5481 τῶν
733 5425 1060 5497 ἔμπροσθεν,
1106 5427 1165 5479 ἐν
1207 5419 1288 5486 οἷς
1333 5422 1584 5491 ἔφασκον·
1641 5421 1833 5475 Ταῦτα
1862 5419 2057 5474 πάντα

483 5514 668 5586 ἦλθεν
697 5516 788 5586 ἐφ’
823 5514 1000 5584 ἡμᾶς,
1032 5515 1130 5568 καὶ
1159 5515 1269 5567 οὐκ
1312 5511 1719 5581 ἐπελαθόμεθά
1767 5527 1904 5576 σου,
1959 5511 2054 5564 καὶ

486 5611 593 5664 οὐκ
626 5606 1002 5676 ἠδικήσαμεν
1026 5607 1096 5660 ἐν
1129 5603 1390 5673 Διαθήκῃ
1422 5619 1559 5658 σου·
1589 5604 1684 5657 καὶ
1713 5601 1893 5656 πάλιν·
1927 5602 2057 5654 Ὅτι

2158 4957 2289 5013 dum
2319 4958 2574 5027 Aquilam
2613 4963 2668 5011 et
2702 4955 3114 5026 Symmachum,
3157 4951 3561 5021 iustiﬁcationes
3589 4967 3734 5006 nicas

2159 5049 2462 5104 enuntiabo.
2498 5044 2858 5116 PrOpheticus
2889 5053 3069 5100 autem
3094 5045 3298 5100 chorus
3324 5056 3517 5114 magna
3548 5041 3614 5097 de
3638 5041 3722 5095 bo-

2159 5133 2247 5196 nis
2279 5141 2537 5210 operibus
2568 5139 2767 5193 ﬁducia
2800 5138 3015 5208 plenus,
3048 5136 3164 5191 haec
3196 5135 3536 5189 confidenter
3584 5133 3734 5187 locu-

2161 5243 2249 5288 tus
2278 5241 2380 5286 est.
2414 5229 2569 5297 Quod
2599 5229 2646 5284 si
2672 5243 2835 5283 nosse
2863 5228 3051 5297 cupias
3078 5241 3326 5296 quteuam
3360 5225 3452 5279 illa
3500 5223 3733 5295 prophe-

2166 5338 2342 5380 tarum
2375 5339 2559 5393 opera,
2593 5339 2660 5378 ex
2701 5320 3137 5392 przecedentibus
3189 5318 3408 5374 ediscas
3442 5315 3589 5382 licet,
3643 5314 3735 5370 ubi

2164 5419 2244 5474 sic
2273 5417 2440 5472 locuti
2474 5423 2601 5471 sunt
2631 5433 2644 5468 :
2678 5413 2807 5467 Hrec
2840 5413 3018 5468 omnia
3047 5419 3292 5465 uenerunt
3314 5425 3469 5479 super
3498 5425 3614 5471 nos,
3647 5422 3736 5460 nec

2165 5511 2314 5567 obliti
2337 5527 2517 5565 sumus
2553 5520 2621 5571 te,
2653 5517 2701 5560 et
2728 5507 2905 5574 inique
2938 5521 3040 5558 non
3079 5504 3279 5573 egimus
3324 5503 3379 5556 in
3406 5500 3736 5556 Testamento

2166 5610 2256 5653 tuo
2299 5599 2372 5653 “z
2418 5614 2482 5654 ac
2521 5612 2759 5660 rursum,
2818 5595 3042 5664 Propter
3072 5604 3119 5646 te
3169 5593 3553 5662 mortiﬁcamur
3613 5597 3723 5644 toto

559 5763 606 5795 “
647 5762 788 5819 Psat.
829 5777 1008 5826 vau,
1046 5761 1234 5815 ηριδ.
1309 5759 1354 5791 ⁸⁵
1393 5757 1538 5814 Psal.
1572 5772 1775 5822 xxvut,
1809 5757 1863 5811 6.
1940 5757 1986 5790 "
2029 5754 2039 5810 l

2145 5755 2218 5809 th.
2254 5769 2368 5809 xvu
2392 5795 2406 5821 ,
2439 5751 2490 5810 5.
2569 5752 2614 5785 “
2651 5750 2798 5808 Psal.
2835 5767 3010 5818 πωιι,
3042 5753 3129 5808 18.

558 5859 634 5929 (ι)
660 5859 952 5927 Σωτήρων,
986 5856 1038 5910 id
1069 5863 1176 5918 est,
1211 5853 1547 5909 Salvatorem
1573 5851 1884 5909 enuntians.

804 5923 1080 6009 rit-not.
1134 5944 1253 6007 Gn.
1302 5943 1538 6005 xxm.
3308 5923 3382 5985 13
