4138 6386
364 390 473 449 395

1090 386 1359 445 EUSEBII
1392 384 1870 442 CIESARIENSIS
1905 385 2055 443 OPP.
2096 385 2273 442 PARS
2308 383 2398 446 llI.
2444 416 2499 426 -
2530 385 2940 444 EXEGETICA.

3543 379 3648 439 396

366 511 455 567 die
470 508 537 566 ".
572 506 825 580 Magnum
859 521 1023 578 porro
1044 522 1185 578 opus
1215 515 1335 561 erat
1372 506 1554 562 futura
1586 522 1683 578 per
1713 506 1954 578 linguam

2060 508 2236 563 ἕνεκά
2267 524 2383 562 σου
2410 508 2818 577 θανατούμεθα
2866 506 3022 574 ὅλην
3050 504 3162 575 τήν
3202 503 3451 575 ἡμέραν.
3486 504 3651 573 Μέγα

367 599 683 666 vaticinari,
716 610 880 670 atque
908 600 1021 670 regi
1058 600 1114 653 in
1164 599 1385 653 cantico
1416 598 1544 653 boni
1573 600 1751 653 nuntii
1784 599 1950 653 mini-

368 702 545 748 strum
577 706 721 748 esse.
757 691 892 762 Ejus
924 700 1107 745 autem
1137 691 1279 753 loco,
1305 690 1546 744 calamus
1590 691 1777 745 scriba:
1815 690 1951 744 velo-

367 786 499 839 citer
555 784 860 847 scribentis,
917 781 1138 853 Aquila,
1199 782 1441 838 calamus
1489 783 1676 837 scriba:
1730 784 1949 847 velocis;

370 876 735 949 Symmachus
763 891 912 940 vero,
954 876 1135 945 lingua
1161 892 1278 929 mea
1307 874 1478 946 stylus
1509 875 1694 929 scriba:
1741 876 1948 929 velocis.

366 969 636 1040 Quodque
671 969 924 1024 mirabile
977 968 1273 1023 admodum
1329 975 1435 1033 est,
1494 968 1735 1038 linguam
1794 983 1952 1022 suam

365 1078 479 1117 non
512 1077 735 1116 manum
775 1062 972 1118 scribae
1018 1060 1242 1124 eruditi,
1275 1076 1451 1131 neque
1489 1060 1727 1117 scribam
1759 1067 1950 1124 vocat,

368 1153 467 1210 sed
499 1155 769 1208 calamum
796 1154 992 1210 scribae
1025 1154 1283 1208 velociter
1308 1152 1632 1220 scribentis;
1663 1152 1953 1207 declarans

368 1247 614 1315 linguam
663 1246 1067 1316 propheticam,
1124 1245 1353 1299 alterius
1411 1258 1474 1298 ea
1509 1244 1737 1309 utentis,
1774 1243 1953 1300 sancti

368 1337 626 1393 videlicet
655 1336 919 1408 Spiritus,
946 1338 1375 1391 instrumentum
1401 1350 1544 1391 esse.
1577 1334 1625 1390 Is
1656 1350 1788 1389 sane
1815 1334 1955 1388 scri-

377 1431 473 1495 ba,
502 1428 664 1499 cujus
713 1430 888 1501 stylus
924 1439 977 1485 et
1012 1429 1257 1483 calamus
1287 1435 1404 1482 erat
1434 1427 1823 1496 prophetarum
1854 1425 1957 1479 lin-

371 1536 514 1591 gua;
551 1522 623 1576 ita
676 1525 736 1573 ut
782 1517 924 1573 alius
964 1526 1111 1572 esset
1140 1516 1322 1571 scriba
1366 1517 1628 1571 velociter
1680 1517 1952 1582 scribens,

372 1614 636 1669 nimirum
693 1610 935 1681 Spiritus
970 1620 1216 1675 sanctus,
1267 1610 1408 1666 alius
1439 1610 1723 1681 propheta,
1758 1609 1954 1663 tertius

369 1706 560 1777 lingua
591 1704 934 1776 prophetica,
966 1718 1089 1772 quae
1122 1702 1320 1756 calami
1354 1709 1409 1758 et
1458 1702 1587 1775 styli
1618 1702 1742 1757 loco
1788 1702 1955 1756 habe-

371 1798 557 1863 batur,
590 1804 644 1854 et
668 1797 1094 1852 instrumentum
1127 1793 1368 1867 Spiritus
1397 1795 1595 1865 sancti,
1631 1794 1725 1866 qui
1749 1809 1813 1850 ea
1836 1803 1955 1850 ute-

374 1889 559 1960 batur,
596 1897 735 1948 erat.

2054 602 2109 656 δὲ
2142 597 2209 671 ἦν
2244 601 2404 671 ἔργον
2430 600 2526 654 καὶ
2569 599 2632 651 τὺ
2660 598 2746 651 διὰ
2785 598 3033 669 γλώττης
3070 598 3139 652 τὰ
3201 598 3465 669 μέλλοντα
3511 613 3649 668 προ-

2057 695 2333 766 φητεύειν,
2367 696 2463 747 καὶ
2514 692 2591 763 τῷ
2625 692 2837 763 βασιλεῖ
2873 690 3237 745 διακονεῖσθαι
3277 691 3378 763 τὴν
3414 690 3650 758 εὐαγγε-

2055 789 2209 860 λικὴν
2237 788 2405 859 ᾠδήν.
2446 785 2591 839 Ἀντὶ
2654 784 2711 837 δὲ
2764 784 2880 837 τοῦθ
2932 783 3212 853 Κάλαμος
3262 780 3649 853 γραμματέως

2056 879 2420 950 ὀξυγράφου,
2473 880 2500 931 6
2533 878 2632 948 μὲν
2678 875 2926 939 Ἀκύλας·
2979 874 3227 944 Σχοῖνος
3266 870 3649 943 γραμματέως

2055 970 2321 1042 ταχινοῠ·
2373 972 2401 1023 6
2441 970 2499 1023 δὲ
2550 969 2867 1040 Σύμμαχοςο
2900 968 2940 1036 ή
2982 963 3239 1035 γλῶσσά
3288 982 3430 1034 μου,
3487 962 3643 1034 φησὶ,

2055 1064 2337 1133 γραφεῖον
2362 1061 2629 1131 γραφέως
2665 1059 2936 1129 ταχινοῦ.
2984 1057 3197 1129 Σφόδρα
3219 1056 3276 1108 δὲ
3317 1054 3646 1127 θαυμαστῶς

2054 1156 2152 1227 τὴν
2189 1154 2378 1208 ἑαυτοῦ
2408 1153 2682 1223 γλῶσσαν,
2722 1153 2783 1206 οὐ
2834 1152 2997 1222 χεῖρα
3019 1149 3398 1222 γραμματέως
3427 1148 3647 1219 ἐπιστή-

2059 1266 2237 1320 μονος,
2273 1248 2393 1301 οὐδὲ
2423 1245 2758 1318 γραμματέα
2792 1244 2979 1315 φησὶν,
3013 1242 3151 1296 ἀλλὰ
3204 1242 3449 1312 κάλαμον
3471 1256 3647 1314 γραμ⁴

2060 1339 2272 1411 ματέως
2291 1338 2620 1410 ὀξυγράφουσ
2671 1335 2868 1408 δηλῶν,
2895 1336 2977 1389 ὅτι
3009 1333 3241 1405 ὄργανον
3264 1328 3332 1403 ἦν
3370 1333 3402 1403 ἡ
3430 1344 3646 1403 προφη-

2056 1427 2182 1499 τικὴ
2202 1427 2421 1495 γλῶσσα
2446 1427 2636 1497 ἐτέρου
2662 1424 2758 1478 τοῦ
2784 1424 3068 1495 χρωμένου
3104 1424 3264 1493 αὐτῇ,
3301 1422 3459 1489 ἁγίου
3482 1418 3649 1475 Ilvati-

2060 1536 2227 1591 ματος
2249 1538 2261 1551 ·
2294 1521 2433 1589 ὅπερ
2475 1519 2503 1570 6
2540 1517 2923 1589 γραμματεὺς,
2958 1511 3020 1571 οὗ
3064 1518 3325 1586 γραφεῖον
3352 1514 3447 1567 καὶ
3478 1514 3647 1568 κάλα-

2062 1630 2159 1682 μος
2193 1612 2488 1682 ἐτύγχανεν
2516 1613 2547 1681 ή
2577 1611 2683 1664 τῶν
2714 1610 3010 1682 προφητῶν
3031 1610 3274 1679 γλῶσσα,
3304 1607 3434 1661 ὥσθ’
3458 1608 3647 1680 ἕτερον

2057 1701 2194 1757 εἶναι
2228 1703 2319 1757 τὸν
2351 1702 2658 1774 ὁξυγράφον
2692 1702 3048 1774 γραμματέα,
3099 1700 3299 1772 δηλαδὴ
3333 1699 3394 1753 τὺ
3422 1699 3647 1771 Πνεῦμα

2056 1795 2116 1849 τὸ
2148 1795 2434 1864 ἆγιον,καὶ
2465 1795 2654 1868 ἓτερον
2706 1793 2797 1848 τὸν
2830 1795 3137 1866 προφήτην,
3185 1792 3281 1847 καὶ
3336 1791 3515 1863 τρίτον
3548 1790 3647 1863 τὴν

1983 1874 2029 1932 Β
2058 1876 2307 1954 γλῶσσαν
2334 1886 2435 1957 τήν
2467 1884 2834 1958 προφητικὴν,
2869 1884 2904 1955 ἢ
2934 1883 3181 1955 καλάμου
3234 1882 3331 1937 καὶ
3376 1882 3646 1954 γραφείου

380 1981 565 2054 χώραν
592 1981 829 2054 ἐπεῖχεν,
886 1983 1116 2055 ὄργανον
1164 1982 1509 2053 τυγχάνουσα
1539 1979 1632 2034 τοῦ
1679 1978 1965 2052 χρωμένου
2002 1979 2140 2049 αὐτῇ
2167 1979 2325 2047 ἁγίου
2352 1980 2691 2050 Πνεύματος.

447 2072 745 2128 Sciendum
779 2082 960 2129 autem
1003 2082 1109 2137 est,
1138 2073 1441 2128 secundum
1477 2071 1831 2141 Septuaginta
1864 2068 1954 2123 in-

373 2170 664 2236 terpretes,
693 2164 1021 2219 sententiam
1055 2162 1538 2236 [subsequentem]
1572 2164 1783 2219 calamo
1806 2161 1953 2217 scri-

378 2259 459 2313 bae
511 2256 886 2326 conjunctam,
919 2264 1084 2326 atque
1112 2263 1291 2311 totum
1319 2256 1599 2327 eloquium
1644 2270 1757 2311 uno
1790 2269 1954 2309 versu

375 2348 833 2420 comprehensum
866 2362 1010 2411 esse,
1050 2348 1153 2402 hoc
1187 2355 1351 2416 pacto
1382 2366 1394 2401 :
1439 2346 1647 2417 Lingua
1669 2362 1784 2401 mea
1805 2344 1955 2399 cala-

373 2456 491 2493 mus
519 2437 709 2493 scribta
732 2438 976 2493 velociter
1002 2440 1303 2506 scribentis,
1333 2441 1599 2512 speciosus
1633 2440 1809 2510 forma
1842 2455 1954 2509 prae

372 2532 501 2601 ﬁliis
529 2530 823 2585 hominum.
863 2530 931 2584 At
959 2531 1086 2601 quia
1123 2529 1393 2586 Hebraica
1436 2532 1602 2587 lectio
1652 2539 1706 2588 et
1755 2531 1953 2601 reliqui

371 2621 724 2691 interpretes,
752 2624 1036 2691 superiore
1067 2625 1334 2679 sententia
1370 2625 1813 2695 circumscripta,
1846 2622 1954 2678 alio

373 2715 571 2770 deinde
596 2716 867 2786 principio
898 2716 951 2770 in
976 2717 1320 2787 expositione
1371 2718 1457 2771 usi
1489 2726 1659 2783 sunt;
1717 2731 1957 2787 congru-

371 2814 530 2860 enter
552 2819 656 2861 nos
678 2806 841 2861 etiam
871 2806 1026 2870 illud,
1062 2805 1341 2875 Speciosus
1367 2806 1543 2876 forma
1573 2822 1685 2875 prw
1706 2805 1836 2874 ﬁliis
1858 2805 1952 2859 ho-

372 2900 597 2963 minum,
632 2898 701 2954 ab
751 2899 859 2953 alio
898 2899 1364 2954 initio‘duximus.
1411 2899 1608 2969 Aquila
1654 2898 1821 2968 igitur
1853 2899 1955 2952 hac

373 2990 589 3045 ratione
637 2990 1027 3061 interpretatus
1058 2998 1165 3057 est,
1210 2990 1615 3046 Pulchritudine
1652 3000 1873 3045 ornatus
1898 3006 1953 3043 es

375 3100 409 3136 α
449 3083 579 3151 ﬁliis
607 3082 913 3148 hominum;
972 3082 1337 3155 Symmachus
1364 3099 1515 3147 vero,
1550 3081 1954 3137 Pulchritudine

374 3175 592 3246 pulcher
635 3193 688 3231 es
729 3184 924 3247 prwter
977 3176 1119 3246 ﬁlios
1165 3175 1466 3241 hominum;
1520 3177 1597 3229 ita
1642 3184 1701 3231 ut
1748 3191 1869 3246 qua
1898 3176 1954 3230 in

378 3268 599 3324 cantico
655 3269 1084 3340 praemittuntur,
1156 3268 1409 3339 prooemii
1467 3268 1643 3323 vicem
1694 3268 1951 3323 habeant.

2128 2070 2338 2124 Είδέναι
2370 2069 2425 2124 δὲ
2444 2070 2542 2134 δεῖ,
2577 2070 2653 2133 ὡς
2682 2069 2826 2125 κατὰ
2848 2070 2947 2143 τήν
2972 2070 3081 2124 τῶν
3120 2069 3526 2141 Ἐὁδομήκοντα
3555 2069 3648 2142 ἑρ-

2061 2163 2286 2235 μηνείαν
2312 2163 2579 2234 συνῆπται
2610 2165 2645 2235 ή
2671 2163 2883 2218 διάνοια
2902 2163 2981 2234 τῷ
3012 2163 3246 2234 καλάμῳ
3271 2163 3365 2216 τοῦ
3393 2179 3648 2235 γραμμα-

2055 2254 2212 2319 τέως,
2251 2255 2341 2323 ὑφ’
2368 2255 2466 2308 ἕνα
2493 2272 2552 2308 τε
2584 2256 2768 2327 στίχον
2811 2256 2871 2310 τὸ
2898 2257 3018 2310 ὅλον
3052 2255 3389 2326 ἀπείληπται
3443 2254 3647 2323 λόγιον>

2057 2343 2229 2407 οὕτως
2252 2343 2392 2415 ἔχον·
2439 2345 2500 2402 Ἡ
2521 2344 2774 2416 γλῶσσά
2792 2364 2913 2415 μου
2970 2346 3239 2417 κάλαμος
3267 2344 3650 2416 γραμματέως

2059 2437 2424 2507 ὀξυγγοάφου·
2453 2438 2668 2507 ὡραῖος
2695 2438 2909 2493 κάλλει
2935 2439 3095 2507 παρὰ
3146 2438 3285 2505 τοὺς
3329 2439 3500 2505 υἱοὺς
3527 2435 3649 2492 τῶν

2058 2526 2401 2596 ἀνθρώπων.
2447 2529 2599 2583 Ἐπεὶ
2636 2529 2748 2600 δὲή
2784 2528 3047 2600 Ἐϐραῖκὴ
3099 2527 3244 2592 λέξις
3273 2529 3368 2582 καὶ
3391 2530 3439 2581 οἱ
3473 2527 3655 2582 λοιποὶ

2059 2621 2412 2692 ἑρμηνευταὶ,
2440 2620 2539 2692 τὴν
2559 2619 2667 2674 τῶν
2704 2621 2963 2690 ἀνωτέρω
3002 2618 3241 2673 διάνοιαν
3270 2619 3652 2692 περιγράψαν-

2056 2728 2166 2775 τες,
2199 2712 2307 2766 ἀπὸ
2354 2711 2543 2784 ἐτέρας
2571 2713 2746 2785 ἀρχῆς
2772 2713 2870 2785 τὴν
2895 2713 3111 2767 ἔκθεσιν
3136 2714 3482 2784 ἐποιήσαντοο
3513 2712 3650 2766 εἰκό-

2055 2822 2162 2868 τως
2196 2806 2290 2857 καὶ
2314 2807 2475 2876 ἡμεῖς
2497 2805 2557 2870 ἐξ
2577 2807 2772 2878 ἑτέρας
2795 2806 2971 2877 ἀρχῆς
3028 2806 3109 2860 τό·
3176 2805 3405 2874 Ὥραῖος
3435 2806 3650 2860 κάλλει

2061 2893 2215 2963 παρὰ
2251 2895 2394 2961 τοὺς
2437 2896 2603 2961 υἱοὺς
2651 2895 2771 2949 τῶν
2827 2895 3175 2965 ἀνθρώπων,
3231 2896 3646 2968 παρεθήκαμεν.

2069 2988 2127 3041 Ὀ
2162 2988 2259 3059 μὲν
2291 2984 2385 3041 οὖν
2425 2988 2657 3053 Ἀκύλας
2700 2988 2888 3043 τοῦτον
2935 2991 3247 3062 ἡρμήνευσε
3287 2990 3379 3044 τὸν
3424 2990 3650 3061 τρόπον,

2058 3078 2285 3134 Κάλλει
2336 3080 2708 3150 ἐκαλλιώθης
2755 3082 2874 3135 ἀπὸ
2934 3079 3085 3135 υἱῶν
3138 3081 3484 3150 ἀνθρώπων·
3533 3082 3561 3134 6
3592 3082 3657 3136 δὲ

2060 3173 2374 3244 Σύμμαχος·
2406 3173 2632 3230 Κάλλει
2669 3174 2859 3241 καλὸς
2896 3170 2955 3229 εἷ
2971 3174 3131 3243 παρὰ
3160 3174 3303 3241 τοὺς
3327 3175 3497 3241 υἱοὺς
3530 3172 3651 3228 τῶν

2059 3265 2406 3333 ἀνθρώπων·
2439 3266 2581 3319 ὥστε
2632 3261 2772 3321 εἶναι
2831 3265 2901 3319 τὰ
2950 3266 3145 3340 πρῶτα
3206 3269 3304 3338 τῆς
3353 3267 3495 3338 ᾠδῆς
3527 3265 3650 3319 ἀντὶ

375 3360 517 3417 Cum
549 3361 696 3415 enim
736 3359 1091 3432 propheticus
1124 3360 1330 3415 chorus
1377 3374 1685 3415 sermonem
1713 3357 1780 3413 de
1806 3359 1955 3414 Dile-

2065 3358 2351 3429 προοιμίου
2405 3357 2727 3430 λελεγμένα.
2760 3337 3008 3413 Μέλλων-
3041 3358 3153 3430 γὰρ
3203 3337 3657 3427 εὐαγγελίζεσθαι

375 3462 468 3508 cto
502 3450 762 3518 initurus,
795 3459 958 3521 atque
987 3451 1263 3505 canticum
1286 3450 1353 3505 de
1382 3450 1475 3503 illo
1507 3449 1823 3519 prolaturus
1862 3466 1954 3505 es-

376 3549 480 3608 set,
508 3541 777 3613 prooemio
818 3556 953 3595 usus
987 3549 1091 3603 est,
1148 3540 1293 3612 quod
1324 3541 1428 3594 hac
1462 3540 1733 3596 sententia
1769 3541 1957 3595 termi-

374 3642 560 3698 natur,
598 3634 806 3704 Lingua
851 3649 966 3687 mea
1022 3634 1260 3688 calamus
1317 3632 1506 3687 scriba:
1540 3631 1786 3686 velociter
1822 3633 1958 3686 scri-

378 3729 570 3783 bentis.
606 3726 817 3780 Exinde
852 3740 983 3781 vero
1019 3726 1297 3779 canticum
1349 3725 1406 3779 in
1438 3724 1630 3780 Dilecti
1661 3740 1954 3795 personam

376 3818 612 3883 orditur,
647 3818 836 3886 sicque
896 3816 1186 3887 compellat
1238 3815 1417 3887 ipsum
1475 3834 1489 3873 :
1553 3813 1847 3887 Speciosus
1896 3831 1956 3871 es

378 3910 575 3972 forma,
635 3909 862 3980 pulcher
915 3923 997 3974 es,
1047 3914 1102 3963 et
1144 3905 1556 3977 pulchritudine
1608 3914 1838 3962 ornatus
1871 3922 1953 3971 es,

377 4003 492 4057 sive
520 4000 933 4071 pulchritudine
984 3999 1278 4055 decoratus
1310 4013 1395 4065 es,
1438 4012 1472 4053 ο
1528 3996 1757 4063 Dilecte,
1793 4013 1959 4069 super

381 4095 523 4149 ﬁlios
553 4094 857 4147 hominum.
885 4091 1111 4147 Etiamsi
1144 4091 1291 4146 enim
1334 4099 1451 4146 tute
1480 4106 1626 4145 unus
1667 4091 1746 4146 sis
1793 4106 1824 4146 e
1854 4106 1959 4148 nu-

382 4198 536 4241 mero
566 4184 803 4240 ﬁliorum
834 4182 1141 4249 hominum,
1169 4190 1333 4255 atque
1355 4184 1422 4239 iis
1452 4183 1545 4254 qui
1578 4184 1635 4237 in
1662 4189 1808 4238 terra
1831 4197 1957 4237 ver-

384 4286 580 4334 santur
613 4282 1011 4331 annumeratus
1053 4277 1166 4346 sis;
1219 4286 1276 4331 at
1310 4276 1459 4331 nulla
1487 4275 1840 4347 pulchritudo
1875 4285 1960 4331 est

381 4378 494 4427 tum
520 4367 908 4440 comparanda.
944 4366 1129 4421 Palam
1163 4375 1345 4423 autem
1378 4378 1461 4423 est
1507 4369 1561 4422 id
1608 4369 1791 4439 quoad
1846 4369 1960 4422 vir-

378 4472 550 4521 tutem
593 4462 737 4529 dici;
772 4476 951 4532 neque
981 4460 1129 4516 enim
1158 4460 1226 4516 iis
1256 4460 1486 4515 adversa
1520 4461 1768 4531 proferre
1798 4470 1959 4531 pute-

376 4564 469 4609 tur
494 4552 667 4609 lsaias
696 4550 828 4605 dum
859 4551 935 4604 ait
962 4568 977 4605 :
1016 4550 1087 4603 Et
1110 4549 1340 4603 uidimus
1375 4565 1517 4612 eum,
1566 4559 1615 4603 et
1670 4567 1775 4605 non
1803 4550 1961 4605 habe-

379 4648 468 4701 bat
513 4647 755 4716 speciem,
793 4659 955 4713 neque
983 4643 1453 4712 pulchritudinem.
1487 4642 1595 4698 Sed
1622 4647 1816 4714 species
1845 4648 1959 4718 ejus

2062 3450 2153 3501 τὸν
2183 3449 2323 3521 ὑπὲρ
2348 3449 2443 3503 τοῦ
2491 3450 2802 3521 Ἀγαπητοῠ
2828 3451 3003 3520 λόγον,
3057 3452 3152 3505 καὶ
3179 3450 3278 3522 τὴν
3308 3451 3449 3523 ὑπὲρ
3480 3447 3653 3505 αὑτοῦ

2066 3542 2360 3614 προφέρειν
2387 3541 2528 3614 ᾠδὴν
2558 3544 2586 3596 6
2610 3543 2948 3615 προφητικὺς
2971 3542 3152 3615 χορὸς,
3167 3543 3437 3616 προοιμίῳ
3457 3542 3656 3614 κέχρηο

2064 3651 2176 3698 ται,
2215 3634 2419 3707 στήσας
2452 3634 2513 3687 τὸ
2540 3634 2825 3707 προοίμιον
2853 3634 2959 3699 ἕως
2983 3632 3100 3689 ’ποῦ’
3140 3635 3207 3688 Ἡ
3245 3634 3500 3704 γλῶσσά
3526 3652 3651 3704 μου

2066 3726 2333 3796 κάλαμος
2379 3725 2764 3796 γραμματέως
2818 3724 3187 3796 ὀξυγράφου.
3257 3725 3539 3779 Ἐντεῦθεν
3590 3725 3653 3778 δὲ

2065 3818 2251 3872 λοιπὸν
2284 3818 2590 3890 ἀπάρχεται
2616 3817 2717 3889 τῆς
2757 3819 2838 3882 είς
2880 3818 3170 3890 πρόσωπον
3197 3817 3291 3871 τοῦ
3338 3814 3651 3889 Ἀγαπητοῦ

2064 3912 2224 3982 ᾠδῆςυ
2260 3912 2536 3979 ἀναφωνεῖ
2561 3927 2621 3963 τε
2660 3909 2796 3983 πρὸς
2842 3909 3022 3969 αὐτόν·
3087 3911 3301 3983 Ὠραῖος
3347 3905 3398 3965 εἷ
3437 3909 3651 3977 κάλλει,

2066 4003 2233 4067 καλὸς
2268 3997 2338 4067 ετ,
2362 4003 2396 4073 ἢ
2426 4001 2614 4056 κάλλει
2647 4001 3003 4073 ὲκαλλιώθης,
3035 4002 3067 4074 ἢ
3098 4003 3284 4057 κάλλει
3336 4002 3657 4074 ὡραιώθης,

2066 4088 2110 4147 ὦ
2138 4095 2437 4167 Ἀγαπητὲ,
2468 4092 2621 4165 παρὰ
2647 4095 2774 4158 τοὺς
2799 4096 2947 4159 υἱοὺς
2973 4094 3085 4148 τῶν
3108 4093 3429 4168 ἀνθρώπων.
3450 4096 3513 4149 El
3539 4094 3653 4164 γὰρ

2067 4188 2162 4242 καὶ
2183 4188 2251 4243 τὰ
2283 4188 2519 4259 μάλιστα
2547 4182 2628 4250 εἷς
2656 4205 2741 4251 τις
2764 4187 2996 4257 γέγονας
3040 4188 3134 4241 καὶ
3166 4188 3329 4252 αὐτὸς
3353 4188 3489 4242 υἱῶν
3541 4187 3653 4241 τῶν

2067 4280 2390 4355 ἀνθρώπων,
2419 4282 2513 4335 καὶ
2551 4280 2967 4352 κατηριθμήθης
2996 4282 3108 4345 τοῖς
3140 4282 3232 4335 ἐπὶ
3273 4282 3378 4353 γῆς
3402 4281 3652 4335 πολιτευα

2071 4374 2343 4445 σαμένοις·
2381 4373 2494 4427 ἀλλ’
2521 4374 2622 4427 οὐκ
2666 4372 2780 4426 ἐστι
2830 4372 3198 4442 παραϐάλλειν
3232 4372 3310 4443 τῷ
3334 4374 3521 4428 κάλλει
3555 4391 3655 4427 σου

2067 4465 2273 4536 ἕτερον.
2315 4463 2482 4535 Δῆλον
2534 4463 2613 4527 δὲ,
2662 4464 2745 4516 ὅτι
2804 4463 2946 4516 κατὰ
2985 4462 3084 4534 τὴν
3118 4464 3340 4536 ἀρετήν’
3371 4463 3515 4517 οὕτω
3540 4462 3653 4535 γὰρ

2071 4556 2195 4610 οὗτε
2219 4557 2358 4622 δόξει
2416 4556 2634 4611 ἐναντία
2689 4555 2899 4621 τούτοις
2946 4556 3174 4619 Ἡσαΐας
3216 4555 3395 4625 λέγειν
3447 4558 3649 4627 φήσαςο

2038 4664 2041 4667 ·
2069 4652 2177 4705 Kal
2214 4652 2418 4720 ἴδομεν
2437 4649 2645 4714 αὑτὸν,
2676 4649 2777 4702 καὶ
2801 4651 2912 4703 οὑκ
2952 4645 3114 4718 εἶχεν
3134 4645 3294 4715 εῖδος
3339 4648 3480 4703 οὐδὲ
3506 4648 3654 4704 κάλ-

376 4742 721 4804 inhonorata,
746 4737 992 4807 deficiens
1009 4752 1118 4806 pra:
1143 4736 1274 4806 ﬁliis
1298 4737 1637 4791 hominum“.
1660 4736 1785 4791 Haec
1801 4716 1955 4809 quip-

2064 4746 2192 4809 λος·
2221 4716 2383 4798 (ἐλάα
2407 4742 2472 4795 τὸ
2501 4739 2660 4808 εἶδος
2691 4741 2876 4795 αὐτοῦ
2921 4716 3150 4809 ἄτιμον,
3182 4740 3465 4794 ἐκλεῖπον
3492 4742 3653 4808 παρὰ

377 4845 446 4900 pc
473 4844 692 4884 crucem
720 4835 775 4883 et
795 4828 1106 4897 passionem
1138 4824 1605 4896 praenuntiabant,
1650 4844 1772 4899 quae
1803 4836 1958 4898 petu-

2068 4834 2210 4900 τοὺς
2233 4833 2404 4899 υἱοὺς
2428 4832 2547 4887 τῶν
2561 4832 2906 4903 ἀνθρώπων.
2926 4833 3140 4887 Ἐκεῖνα
3161 4832 3269 4903 γὰρ
3297 4832 3388 4885 τὸν
3420 4832 3651 4904 σταυρὸν

377 4918 546 4972 lantia
585 4925 639 4973 et
686 4918 1018 4973 contumelia
1066 4917 1237 4986 plena:
1278 4916 1432 4973 fuere
1489 4937 1501 4972 :
1556 4934 1726 4990 quare
1776 4920 1955 4975 subdit

2067 4928 2161 4981 καὶ
2191 4926 2252 4979 τὸ
2286 4926 2456 4988 πάθος
2478 4924 2874 4996 προανεφώνει,
2930 4924 2966 4978 ἃ
2998 4924 3283 4996 παροινίας
3309 4924 3402 4977 καὶ
3439 4923 3652 4995 ὕϐρεως

380 5011 647 5082 propheta
666 5009 916 5075 “,Homo
945 5011 1000 5062 in
1026 5009 1192 5080 plaga
1222 5012 1502 5077 exsistens,
1540 5029 1603 5065 ac
1628 5013 1795 5067 sciens
1826 5013 1955 5083 ferre

2073 5018 2283 5087 ὑπῆρχε
2342 5016 2533 5087 μεστά·
2581 5017 2661 5070 διὸ
2703 5016 2765 5087 δὴ
2796 5017 2891 5070 κα)⁵
2948 5017 3229 5085 ἐπήγαγεν
3267 5016 3296 5067 6
3338 5015 3648 5086 προφήτης·

376 5101 767 5172 inﬁrmitatem,
792 5101 1136 5156 inhonoratus
1172 5119 1267 5156 nec
1299 5113 1573 5172 reputatus
1589 5115 1689 5160 est.
1711 5104 1963 5163 Psalmus

378 5211 513 5252 vero
554 5195 1038 5265 pulchritudinem,
1081 5210 1191 5249 non
1243 5198 1515 5267 corporis,
1566 5200 1645 5252 uti
1694 5199 1958 5265 diximus,

379 5288 655 5352 enuntiat,
682 5285 779 5342 sed
807 5286 1049 5350 virtutis,
1077 5304 1199 5359 qua:
1234 5289 1439 5343 nullam
1474 5289 1715 5344 admittit
1746 5292 1957 5361 peccati

378 5377 581 5432 labem.
611 5374 725 5430 Sub
752 5376 867 5431 haec
897 5377 1099 5433 dicitur
1132 5399 1145 5435 :
1182 5380 1392 5450 Di/fusa
1421 5392 1499 5435 est
1519 5384 1695 5453 gratia
1720 5385 1772 5437 in
1806 5384 1960 5437 labiis

381 5470 510 5528 tuis;
536 5476 812 5538 propterea
844 5465 1107 5522 benedixit
1150 5479 1196 5522 te
1250 5470 1388 5523 Deus
1422 5471 1475 5523 in
1501 5482 1775 5526 aaternum.
1810 5471 1962 5543 Moy-

380 5575 473 5617 ses
511 5560 678 5629 igitur
704 5560 937 5633 gratiam
970 5563 1263 5631 quamdam
1299 5564 1543 5631 invenit;
1574 5564 1687 5620 Noe
1732 5567 1955 5630 iterum,

464 5807 501 5839 "
540 5804 684 5860 Psal.
718 5822 876 5872 mu,
906 5807 996 5864 22.
1075 5809 1123 5841 “
1163 5807 1267 5863 lsa.
1308 5826 1405 5866 Llll
1434 5850 1446 5874 ,
1485 5810 1543 5870 Ξ,
1622 5812 1664 5843 ⁸⁸
1702 5808 1833 5864 ilid.
1868 5809 1921 5863 5.

2075 5111 2409 5177 Ἀνθρωπος
2448 5109 2517 5162 ἐν
2540 5107 2744 5177 πληγῇ
2776 5106 2883 5172 ὢν,
2907 5106 3005 5161 καὶ
3036 5106 3208 5173 εἰδὼς
3234 5105 3437 5176 φέρειν
3457 5109 3651 5175 μαλα-

2069 5202 2224 5265 κίαν,
2256 5201 2555 5270 ἠτιμάσθη
2611 5201 2711 5254 καὶ
2756 5203 2867 5255 οὐκ
2899 5201 3206 5271 ἐλογίσθη.
3261 5198 3321 5254 Ὀ
3352 5200 3408 5253 δὲ
3440 5197 3654 5270 ψαλμὸς

2068 5294 2261 5357 κάλλος
2296 5294 2459 5346 αὐτοῦ
2494 5294 2668 5358 καλεῖ,
2696 5293 2816 5346 καθ’
2850 5292 2885 5347 ἃ
2936 5279 3172 5365 εἴρηται,
3209 5293 3271 5346 οὐ
3300 5292 3359 5345 τὸ
3403 5289 3497 5345 τοῦ
3549 5289 3654 5344 σῶ-

2073 5403 2259 5456 ματος,
2294 5385 2429 5440 ἀλλὰ
2454 5385 2512 5438 τὸ
2544 5386 2642 5456 τῆς
2666 5384 2887 5457 ἀρετῆς,
2953 5385 3229 5457 ἁμαρτίας
3262 5385 3320 5437 οὐ
3360 5383 3654 5455 δεξάμενον

2072 5478 2276 5532 σπῖλον.
2334 5479 2555 5541 Τούτοις
2604 5477 2731 5549 ἑξῆς
2789 5477 3020 5549 εἴρηται·
3085 5476 3372 5546 Ἐξεχύθη
3407 5476 3445 5544 ἠ
3480 5473 3656 5544 χάρις

2071 5572 2139 5626 ἐν
2166 5572 2398 5641 χείλεσί
2428 5587 2562 5626 σου·
2600 5570 2695 5625 διὰ
2721 5572 2898 5627 τοῦτο
2920 5568 3220 5641 εὐλόγησέ
3242 5585 3316 5623 σε
3339 5571 3372 5623 ὁ
3402 5566 3656 5638 Θεὸς-,εις
