4138 6386
536 405 639 460 397

1659 404 2159 461 COMMENTARIA
2200 404 2265 459 IN
2304 404 2642 463 PSALMOS.

3668 420 3778 477 39S

534 522 642 577 τὸν
667 520 873 576 αἰῶνα.
907 522 1146 595 Μωῦσῆς
1176 521 1275 593 μὲν
1319 495 1413 576 ούν
1448 494 1571 594 εύρε
1607 524 1735 593 μίαν
1767 523 1887 577 τινὰ
1929 524 2087 594 χάριν

2214 524 2441 593 gratiam
2465 525 2701 595 aliquam
2730 524 2935 581 invenit
2966 527 3021 582 in
3055 536 3352 600 conspectu
3383 529 3597 585 Domini
3624 550 3639 599 ;
3665 534 3779 589 sin—

535 615 631 670 καὶ
653 614 791 668 -Νῶε
817 614 979 668 πάλιν
1007 609 1134 686 εὗρέ
1182 610 1305 669 τίνα
1360 616 1517 687 χάριν
1554 614 1780 669 ἐνώπιον
1826 615 1917 668 τοῦ
1950 614 2104 669 Θεοῦ·

534 708 626 761 καὶ⁸
656 707 884 771 ἕκαστος
934 706 1042 761 τῶν
1086 707 1308 761 δικαίων
1357 708 1577 780 χάριτος
1632 708 1912 778 μετέσχεν.
1958 707 2110 760 Ἐπεὶ

532 800 588 855 δὲ
607 798 700 853 τοῦ
732 800 1040 870 Ἀγαπητοῦ
1069 802 1216 853 πᾶσα
1249 803 1282 870 ἡ
1304 796 1543 871 πατρικὴ
1573 803 1652 863 είς
1674 801 1836 853 αὑτὸν
1869 799 2105 873 ἐκενὼοη

533 889 709 961 χάρις’
734 885 801 962 ἦν
833 890 943 962 γὰρ
968 894 997 945 ό
1030 893 1219 963 Πατὴρ
1272 892 1448 946 λαλῶν
1482 894 1538 945 ὲν
1580 893 1713 963 Υίῷ·
1754 894 1902 946 ἔνθεν
1946 895 2039 947 καὶ
2072 896 2106 965 ἡ

530 982 961 1053 διακονησαμένη
994 982 1093 1054 τὴν
1120 986 1198 1047 εὶς
1230 982 1550 1055 ἀνθρώπους
1582 984 1745 1037 αὐτοῦ
1773 984 2000 1055 πάροδον
2025 1003 2109 1038 κε-

530 1074 877 1145 χαριτωμένη
900 1073 1115 1147 ἐλέχθη.
1156 1076 1244 1128 Ἐν
1286 1076 1436 1146 αὐτῷ
1469 1076 1575 1145 γὰρ
1608 1076 1865 1147 εύδόκησε
1901 1079 2008 1130 πᾶν
2046 1077 2107 1131 τὸ

530 1170 903 1243 πλήρωματῆς
923 1172 1172 1243 θεότητος
1192 1176 1511 1243 κατοικῆσαι
1526 1171 1951 1243 σωματικῶς·διδ
1967 1172 2103 1226 πάν-

525 1281 616 1328 τες
644 1266 691 1317 οἱ
725 1264 869 1333 ἅγιοι
913 1266 977 1317 ἐκ
1023 1263 1117 1317 τοῦ
1176 1262 1536 1335 πληρώματος
1584 1264 1749 1319 αὐτοῦ
1802 1264 2097 1336 εἰλήφασιν.

610 1355 916 1420 Ἐπιϐαλεῖς
965 1357 1021 1410 δὲ
1075 1358 1169 1410 καὶ
1223 1355 1416 1420 οὕτως·
1452 1356 1526 1409 Τὸ
1559 1348 1774 1429 πρῶτον
1818 1355 2101 1427 ἔργοντοῦ

536 1448 844 1518 ’Δγαπητοῦ
872 1450 905 1520 ἡ
956 1449 1116 1519 χάρις
1149 1450 1182 1519 ἡ
1247 1450 1304 1501 ὲν
1335 1450 1448 1512 τοῖς
1481 1447 1714 1519 χείλεσιν
1740 1446 1902 1501 αὑτοῦ
1943 1465 2103 1519 κεχυ-

527 1542 682 1612 μένη,
716 1542 858 1595 κατὰ
901 1540 999 1612 τὴν
1035 1540 1388 1595 ἀποδοθεῖσαν
1420 1540 1676 1593 διάνοιανο
1706 1540 1799 1593 καὶ
1850 1538 1971 1593 καθ’
1993 1539 2102 1592 ἓτε-

527 1648 617 1702 ρον
644 1632 702 1685 δὲ
731 1631 953 1703 τρόπον,
986 1631 1025 1700 ἡ
1054 1630 1225 1700 χάρις
1254 1630 1353 1684 καὶ
1385 1632 1423 1700 ἡ
1469 1629 1720 1696 ἀλήθεια
1751 1629 1849 1683 διὰ
1894 1627 2099 1697 Ἰησοῦ

520 1722 776 1791 Χριστοῦ
786 1720 1037 1791 ἐγένετο.
1060 1723 1276 1794 Ἐπειδὴ
1300 1721 1474 1776 πάντα
1495 1718 1850 1793 χαριζόμενος
1864 1719 2097 1792 ἔπραττε

520 1815 631 1875 τοῖς
656 1812 751 1882 μὲν
784 1812 965 1879 ἀφιεὶς
996 1810 1093 1873 τὰς
1119 1810 1411 1882 ἁμαρτίας,
1447 1810 1554 1863 τῶν
1581 1810 1638 1863 δὲ
1662 1809 1759 1873 τὰς
1784 1810 1973 1874 νόσους
2005 1810 2099 1865 καὶ

520 1901 619 1965 τὰς
650 1901 921 1973 μαλακίας
953 1900 1199 1971 ἰώμενος,
1225 1904 1336 1965 τοῖς
1358 1902 1414 1953 δὲ
1458 1900 1520 1954 τὸ
1548 1901 1702 1969 ἅγιον
1728 1899 1953 1970 Πνεῦμα
1986 1902 2083 1954 δω-

521 1996 613 2068 ρού
623 2012 798 2066 μενος.
829 1996 905 2050 Δι’
930 1985 957 2048 δ
980 1993 1114 2066 πρὸς
1136 1994 1296 2048 αὑτὸν
1322 1994 1543 2057 εἰκότως
1572 1992 1774 2064 εἴρητο·
1812 1992 2093 2061 Ἐξεχύθη

518 2091 558 2157 ἡ
581 2088 753 2158 χάρις
798 2088 869 2141 ἐν
899 2088 1135 2157 χείλεσι
1164 2104 1300 2142 σου.
1333 2085 1556 2151 Τούτοις
1606 2086 1732 2159 ἑξῆς
1758 2087 1806 2139 οἱ
1856 2085 2092 2156 πρόσθεν

516 2160 1011 2251 ἀποκλαυσάμενοι,
1035 2179 1127 2233 καὶ
1149 2178 1247 2251 τὴν
1272 2179 1377 2233 ὑπὸ
1402 2181 1513 2243 τοῖς
1550 2178 1829 2250 πολεμίοις
1852 2176 2092 2232 δουλείαν

517 2274 725 2329 ἑαυτῶν
752 2271 1186 2343 ὑπογράψαντες,
1214 2271 1485 2343 εὐκαίρως
1513 2270 1604 2322 τὸν
1644 2254 1951 2341 ’Λγαπητδν
1990 2270 2093 2322 ἱκε-

514 2351 730 2417 τεύουσι
790 2362 1022 2416 σπεῦσαι
1047 2361 1140 2414 καὶ
1165 2359 1356 2433 μέχρις
1380 2360 1558 2414 αὐτῶν
1599 2359 1794 2428 ἐλθεῖν,
1820 2356 2094 2433 φραξάμε-

515 2458 603 2507 νον
634 2452 818 2517 ὅπλοις
846 2452 1155 2523 πολεμικοῖς
1178 2450 1265 2504 διὰ
1295 2452 1420 2514 τοὺς
1445 2450 1821 2522 ἐπικειμένους
1841 2450 2086 2522 ἐχθροὺς,

516 2532 592 2610 ὡς
622 2548 688 2599 ἂν
718 2544 1141 2617 τῳπωσάμενος
1164 2543 1382 2607 αὐτοὺς,
1406 2544 1505 2614 τὴν
1555 2544 1646 2596 ὑπ’
1671 2543 1851 2607 αὐτοῖς
1890 2544 2091 2613 αἰχμα-

515 2637 715 2691 λωσίαν
743 2636 1100 2705 ὑπεξαγάγοι.
1128 2635 1217 2687 Διό
1250 2650 1400 2704 φασιο
1438 2633 1763 2703 Περίζωσαι
1802 2633 1916 2701 τὴν
1939 2635 2087 2702 ῥομ-

515 2728 702 2797 φαίαν
725 2742 842 2782 σου
872 2727 972 2780 ἐπὶ
992 2727 1098 2781 τὸν
1115 2728 1313 2795 μηρόν
1336 2740 1472 2788 σου,
1499 2723 1735 2779 δυνατέ·
1764 2722 1960 2794 ὡραῖος
1991 2724 2088 2793 μὲν

513 2819 623 2892 γὰρ
646 2817 697 2874 εῑ
724 2820 816 2874 καὶ
845 2820 1027 2885 καλὸς,
1064 2819 1201 2891 πλὴν
1230 2818 1367 2874 ἀλλὰ
1398 2817 1534 2889 πρὸς
1569 2819 1634 2888 τῇ
1662 2815 1954 2888 ὡραιότητί
1994 2834 2086 2870 σου

514 2909 772 2981 καὶπρὸς
810 2909 890 2980 τῷ
915 2908 1099 2965 κάλλει
1144 2926 1237 2962 σου
1291 2907 1530 2961 ἀνάλαϐε
1589 2906 1687 2977 τὴν
1727 2904 1925 2959 σαυτοῦ
1954 2902 2088 2958 παν-

512 3000 702 3056 ιπλίαν
728 3000 796 3054 δι’
818 3003 964 3072 ἡμᾶς
991 3001 1117 3065 τοὺς
1147 3001 1274 3063 σοὺς
1326 2999 1530 3062 ἱκέταςο
1562 2997 1868 3067 ῥομφαίαν
1890 3013 1953 3051 τε
1986 3008 2088 3051 πε-

506 3093 678 3161 ρίθου
702 3091 782 3157 τῷ
804 3092 1033 3148 σαυτοῦ
1058 3090 1244 3163 μηρῷ,
1275 3092 1370 3145 καὶ
1396 3090 1538 3145 οὕτω
1571 3090 1670 3161 τὴν
1725 3089 1822 3161 σὴν
1860 3089 2087 3161 δύναμιν

511 3184 815 3248 ἀναλαϐὼν,
844 3183 1075 3239 ἔντεινόν
1106 3202 1199 3237 σου
1220 3184 1289 3238 τὰ
1316 3183 1462 3248 τόξα.
1499 3183 1730 3235 Ἔπειτα
1762 3179 1939 3253 βαλὼν
1960 3182 2085 3246 τοὺς
2112 3209 2158 3272 C

511 3276 759 3348 ἐχθροὺς,
810 3276 1135 3331 κατευοδοῦ
1184 3276 1283 3330 καὶ
1331 3274 1647 3340 βασίλευε.
1690 3273 1991 3345 Ῥομφαίαν
2028 3275 2087 3328 δὲ

510 3368 604 3421 τοῦ
631 3367 938 3439 Ἀγαπητσῦ
966 3367 1076 3421 νόει
1100 3366 1199 3439 τὴν
1231 3366 1458 3438 δύναμιν
1482 3366 1582 3438 τὴν
1614 3365 1721 3421 τῶν
1746 3365 1953 3439 ἐχθρῶν
1988 3383 2087 3421 κα-

511 3458 825 3531 θαιρετικὴν
852 3461 945 3513 καὶ
998 3460 1369 3531 κολαστήριον.
1406 3459 1536 3512 Ζῶν
1561 3459 1669 3529 γὰρ
1697 3462 1729 3514 ὀ
1752 3461 1934 3530 λόγος
1978 3459 2086 3514 τοῦ

512 3551 660 3604 Θεοῦ
688 3552 785 3605 καὶ
822 3550 1091 3621 ὲνεργίὴζί,
1153 3551 1251 3605 καὶ
1308 3550 1632 3621 τομώτερος
1680 3550 1833 3619 ὑπὲρ
1880 3550 2087 3605 πᾶσαν

502 3644 806 3715 μάχαιραν
847 3643 1153 3713 δίστομον.
1194 3643 1305 3697 Καὶ
1335 3644 1508 3709 ἄλλως
1532 3644 1587 3697 δὲ
1624 3643 1896 3715 ῥομφαίας
1949 3644 2083 3697 Θεοῦ

506 3736 847 3810 ὀπροφήτης
903 3735 1173 3808 μέμνηται
1243 3735 1498 3808 Ἰεζεκιὴλ
1563 3729 1665 3789 ὧδε
1700 3735 1893 3803 λέγων·
1940 3734 2085 3789 Τάδε

503 3823 668 3898 λέγει
706 3819 945 3882 Ἀδοναῒ
969 3829 1201 3897 Κύριος·
1238 3829 1445 3882 Εἶπονο
1477 3829 1781 3897 Ῥομειαία,
1796 3828 2082 3897 ῥομφαία,

508 3920 731 3985 ὀξύνου
770 3921 867 3975 καὶ
913 3920 1227 3991 θυμώθητι,
1278 3920 1437 3986 ὅπως
1507 3919 1749 3988 σφάξῃς
1825 3919 2079 3989 σφάγια·

507 4013 753 4076 ὀξύνου,
789 4012 947 4079 ὅπως
977 4011 1120 4083 γένῃ
1152 4014 1240 4078 εἰς
1258 4012 1588 4066 στίλόωσιν
1624 4011 1825 4081 ἑτοίμη
1864 4014 1949 4078 εἰς
1973 4028 2085 4066 πα-

499 4104 787 4172 ράλυσινο
846 4104 942 4158 καὶ
986 4104 1168 4157 πάλιν·
1240 4103 1551 4173 Ἀνιὶκραγε
1608 4104 1706 4157 καὶ
1760 4104 2080 4171 ὀλόλυξον,

504 4194 598 4248 υἱὲ
621 4195 955 4263 ἀνθρώπουο
987 4194 1076 4248 ὅτι
1103 4193 1255 4263 αὐτὴ
1294 4193 1529 4263 ἐγένετο
1568 4195 1638 4248 ἐν
1660 4194 1739 4258 τῷ
1784 4195 1913 4261 λαῷ
1938 4212 2077 4266 μου·

2212 617 2323 686 guli
2378 617 2630 672 similiter
2674 618 2810 689 justi
2867 621 3057 690 gratiae
3098 620 3394 692 participes
3426 622 3645 679 fuerunt
3678 645 3690 679 :
3725 635 3781 680 at

2210 711 2338 779 quia
2371 718 2597 780 paterna
2645 712 2821 781 gratia
2864 713 2920 767 in
2964 712 3231 769 Dilectum
3288 714 3459 772 eﬂ'usa
3494 724 3606 773 tota
3640 702 3743 773 fuit
3758 737 3774 785 ;

2210 799 2374 855 Pater
2398 803 2542 856 enim
2574 802 2630 856 in
2665 801 2704 856 F
2711 804 2804 858 ilio
2836 804 3192 875 loquebatur;
3228 806 3348 862 ideo
3393 822 3513 885 quae
3542 809 3663 888 ejus
3719 809 3776 888 in

2210 891 2457 948 homines
2488 894 2754 951 adventus
2785 895 3111 952 administra
3145 898 3280 962 fuit,
3309 880 3482 970 gratia
3517 880 3677 970 plena
3699 880 3778 956 di-

2208 991 2294 1036 cta
2329 984 2432 1039 est.
2474 984 2607 1039 Nam
2639 987 2694 1039 in
2724 985 2845 1056 ipso
2873 987 3082 1056 placuit
3115 1003 3332 1045 omnem
3379 974 3776 1060 plenitudinem

2207 1075 2510 1132 divinitatis
2540 1078 2789 1157 habitare
2820 1080 3182 1157 corporaliter
3208 1100 3221 1135 :
3255 1083 3612 1151 quamobrem
3646 1070 3775 1140 san-

2206 1167 2277 1221 cti
2310 1183 2500 1224 omnes
2533 1185 2596 1225 ex
2628 1148 2968 1241 plenitudine
2991 1148 3111 1242 ejus
3142 1159 3495 1243 acceperunt;

2275 1340 2387 1399 lloc
2414 1345 2541 1402 item
2570 1347 2733 1403 modo
2774 1338 2890 1404 haec
2921 1334 3159 1405 tractare
3187 1331 3314 1406 licet
3362 1370 3374 1407 :
3406 1328 3650 1405 Primum
3682 1328 3776 1406 Di-

2204 1428 2328 1489 lecti
2376 1452 2515 1507 opus
2546 1433 2630 1494 est
2678 1424 2875 1511 gratia,
2922 1457 3044 1511 qua:
3091 1442 3391 1497 secundum
3443 1432 3773 1498 sententiam

2196 1526 2309 1596 jam
2342 1530 2668 1598 explicatam
2710 1522 2767 1585 in
2819 1531 2980 1588 labiis
3026 1532 3147 1602 ejus
3197 1532 3396 1589 diffusa
3426 1540 3541 1602 est;
3570 1549 3634 1589 ac
3656 1525 3775 1605 alia

2202 1613 2433 1685 ratione,
2463 1606 2638 1691 gratia
2666 1631 2715 1676 et
2756 1623 2947 1677 veritas
2980 1640 3073 1694 per
3113 1623 3297 1679 Iesum
3324 1625 3594 1681 Christum
3624 1616 3772 1695 facta

2199 1722 2275 1766 est
2300 1698 2364 1767 ⁷⁰’.
2403 1705 2685 1784 Siquidem
2710 1715 2917 1785 gratias
2948 1716 3311 1787 impertienda
3338 1721 3523 1774 omnia
3552 1707 3770 1802 agebat;

2199 1798 2284 1855 his
2315 1811 2536 1870 peccata
2566 1803 2869 1869 dimittens,
2921 1805 3154 1860 aliarum
3203 1807 3426 1866 morbos
3482 1797 3773 1864 infirmita-

2126 1874 2168 1930 Β
2199 1897 2389 1962 tesque
2412 1907 2632 1957 curans,
2662 1894 2784 1950 aliis
2820 1894 2959 1950 dans
2980 1894 3246 1979 Spiritum
3263 1886 3536 1954 sanetum.
3564 1884 3801 1982 Quam¢~\

2195 1984 2382 2039 obrem
2415 1985 2481 2040 de
2515 1986 2609 2040 illo
2640 1987 2766 2055 jure
2800 1978 3018 2044 dicatu’r
3051 2009 3064 2043 ε
3114 1973 3329 2060 Dt/r‘asa
3360 2002 3439 2046 est
3483 1995 3662 2063 gratia
3713 1986 3771 2048 εὴ

2195 2063 2357 2130 labiis
2402 2074 2528 2132 tuis.
2578 2077 2783 2133 Deinde
2835 2072 2965 2135 vero
3027 2080 3121 2151 qui
3168 2092 3329 2137 antea
3379 2068 3662 2150 fleverunt,
3713 2094 3770 2141 et

2194 2180 2350 2221 suam
2402 2168 2507 2223 sub
2560 2152 2805 2225 inimicis
2829 2164 3153 2227 servitutem
3179 2159 3613 2244 deScripserant,
3663 2168 3765 2247 op-

2193 2265 2426 2327 portune
2511 2259 2776 2316 Dilectum
2846 2270 3141 2332 precantur
3182 2304 3197 2331 ,
3269 2272 3325 2319 ut
3395 2265 3618 2322 festinet
3697 2269 3769 2324 ad

2194 2352 2361 2421 seque
2402 2346 2585 2408 veniat
2620 2354 2915 2410 hostilibus
2968 2356 3137 2411 armis
3192 2356 3518 2425 instructus,
3566 2344 3638 2414 ob
3683 2361 3767 2415 in-

2190 2442 2451 2516 g'ruentes
2478 2446 2755 2513 inimicos,
2801 2458 2861 2502 ut
2904 2447 2975 2505 iis
3003 2447 3059 2502 in
3088 2447 3272 2521 fugam
3304 2450 3497 2517 versis,
3525 2465 3585 2506 se
3614 2466 3645 2506 a
3673 2466 3767 2507 ca-

2191 2538 2438 2607 ptivitate
2480 2538 2739 2593 abducat.
2789 2537 2971 2605 Quare
3031 2540 3205 2605 aiunt,
3259 2541 3546 2612 Accingere
3584 2543 3765 2614 gladio

2192 2638 2281 2681 tuo
2305 2644 2460 2697 super
2491 2629 2663 2699 femur
2693 2640 2863 2695 tuum,
2903 2632 3283 2701 potentissime.
3311 2630 3605 2703 Speciosus
3637 2637 3764 2706 qui-'-

2190 2718 2313 2775 dem
2345 2734 2410 2776 ac
2441 2721 2668 2792 pulcher
2695 2738 2776 2790 es,
2802 2731 3042 2779 attamen
3064 2733 3262 2796 praeter
3288 2727 3526 2799 speciem
3557 2736 3621 2782 a’c
3642 2729 3766 2799 βαιά

2190 2811 2561 2868 chritudinem
2617 2820 2791 2880 tuam,
2847 2816 3037 2887 accipe
3094 2832 3194 2887 pro
3231 2814 3391 2875 nobis
3427 2816 3765 2890 supplicibus

2190 2910 2522 2959 armaturam
2556 2909 2726 2971 tuam,
2765 2902 3033 2979 accingere
3062 2908 3242 2979 gladio
3274 2914 3361 2965 tuo
3394 2903 3558 2982 super
3590 2912 3766 2982 femur

2190 2990 2377 3061 nium;
2413 2996 2602 3068 sicque
2630 2994 2913 3071 assumpta
2959 2988 3300 3068 fortitudine,
3347 3002 3568 3060 intende
3599 3001 3764 3061 arcus

2189 3094 2338 3144 tuos.
2381 3088 2521 3144 Hinc
2568 3091 2799 3147 conﬁxis
2843 3092 3086 3149 inimicis
3126 3094 3255 3162 tuis,
3288 3092 3532 3166 prospere
3573 3113 3667 3167 age
3712 3087 3764 3149 et

2188 3198 2373 3254 regna.
2406 3181 2510 3239 Per
2539 3183 2783 3254 gladium
2835 3183 3033 3241 Dilecti
3061 3187 3335 3259 intelligas
3367 3190 3622 3244 virtutem
3658 3188 3765 3243 ini-

2187 3274 2347 3329 micis
2378 3274 2668 3330 exitiosam
2722 3283 2777 3332 et
2828 3277 3106 3333 ultricem.
3171 3272 3331 3334 Vivus
3364 3291 3443 3335 est
3475 3278 3616 3334 enim
3662 3279 3765 3335 Dei

2186 3384 2355 3421 sermo
2378 3376 2428 3422 et
2443 3368 2648 3439 edicam,
2690 3378 2741 3423 et
2770 3358 3146 3439 penetrabilior
3180 3364 3325 3425 οηιηῖ
3354 3366 3532 3442 gladio
3556 3370 3765 3441 ancipi-

2188 3461 2230 3514 ti
2260 3461 2327 3515 “.
2362 3458 2430 3514 Et
2458 3461 2595 3517 alias
2638 3476 2859 3533 quoque
2909 3461 3148 3533 gladium
3183 3456 3449 3535 propheta
3498 3456 3594 3520 Dei
3627 3464 3765 3519 Eze-

2185 3553 2329 3609 chiel
2366 3560 2637 3609 memorat
2665 3554 2754 3609 bis
2791 3554 2973 3611 verbis
3009 3569 3023 3606 :
3065 3553 3192 3610 Hinc
3234 3548 3363 3608 dicit
3408 3541 3623 3609 Adonai
3653 3554 3765 3610 Do-

2187 3645 2361 3699 minus
2386 3644 2555 3700 :Dixi
2573 3661 2592 3699 :
2628 3640 2886 3708 Framea,
2906 3637 3111 3714 framea
3135 3640 3341 3710 acuere,
3366 3638 3421 3699 εἰ
3444 3647 3673 3700 irascere
3700 3654 3761 3700 ut

2175 3737 2389 3809 jugules
2418 3735 2680 3801 uictimas,
2716 3732 2981 3791 acuereut
3002 3738 3075 3791 sis
3118 3725 3193 3789 ad
3228 3731 3535 3807 {algendum
3563 3746 3761 3805 parata

2184 3828 2255 3883 ad
2282 3828 2597 3883 solutionem
2625 3820 2703 3895 '";
2760 3842 2825 3882 ac
2872 3826 3092 3883 rurs'um
3118 3845 3133 3884 :
3167 3825 3357 3882 Clama
3384 3837 3434 3882 et
3472 3827 3646 3892 ulula,
3676 3827 3761 3898 ﬁli

2185 3920 2434 3984 hominis,
2466 3921 2590 3991 quia
2612 3921 2731 3989 ipsa
2756 3919 2857 3988 fuit
2884 3912 2941 3973 in
2971 3920 3163 3990 populo
3197 3914 3310 3974 meo
3338 3936 3355 3973 :
3384 3920 3494 3975 hwc
3527 3923 3581 3974 in
3605 3921 3761 3975 duci-

2184 4004 2279 4068 6us
2307 3994 2581 4079 Israel";
2608 4028 2672 4067 ac
2700 4011 2920 4068 rursum
2968 4033 2981 4069 :
3016 4014 3289 4069 Constitue
3322 4015 3417 4069 tibi
3452 4014 3588 4070 duas
3619 4017 3754 4082 aias,

2183 4114 2241 4159 ut
2272 4094 2602 4176 ingrediatur
2628 4105 2835 4176 framea
2860 4098 2996 4179 regis
3016 4100 3308 4179 Ba'bglOnis
3329 4125 3348 4163 :
3378 4107 3441 4163 de
3469 4118 3608 4164 terra
3646 4126 3759 4165 una

2182 4188 2597 4267 egrediantur“,
2628 4204 2683 4252 et
2709 4196 2815 4251 alia
2848 4198 3129 4269 deinceps,
3161 4198 3320 4269 queis
3350 4198 3614 4255 frameam
3654 4198 3760 4254 Na-

505 4284 655 4353 αὕτη
687 4278 758 4338 ἐν
816 4285 941 4351 τοῖς
991 4285 1431 4354 ἀφηγουμένοις
1494 4286 1600 4340 τοῦ
1657 4286 1924 4356 Ἰσραήλ·
1988 4288 2082 4341 καὶ

2191 4286 2658 4361 buchodonosoris
2680 4290 2881 4361 populo
2903 4284 3228 4356 immissam,
3255 4291 3518 4347 frameam
3540 4291 3760 4350 Domini

505 4366 654 4447 ἑξῆς·
684 4367 972 4442 Διάταξον
1004 4376 1238 4442 σεαυτῷ
1295 4377 1403 4433 δύο
1450 4378 1629 4446 ὀδοὺς
1655 4380 1761 4433 τοῦ
1785 4381 2083 4435 εἰσελθεῖν

2191 4378 2318 4435 dicit
2348 4393 2491 4436 esse.
2526 4360 2589 4434 fn
2637 4360 2951 4452 Evangeliis
2996 4381 3164 4437 etiam
3221 4381 3380 4453 legis,
3431 4396 3617 4454 regem
3662 4378 3758 4455 qui

496 4468 799 4541 ῥομφαίαν
846 4469 1153 4536 ,βασιλέως
1184 4469 1560 4536 Βαϐυλῶνος
1614 4471 1684 4525 ἐκ
1728 4471 1920 4541 χώρας
1936 4471 2080 4541 μιᾶς

2191 4470 2314 4527 fecit
2352 4472 2577 4541 nuptias
2616 4468 2729 4527 filio
2762 4470 2886 4537 suo,
2919 4487 3014 4527 eos
3047 4472 3141 4542 qui
3173 4474 3517 4529 vocationem
3548 4468 3759 4530 abnues

501 4558 944 4628 ἐξελεύσονται·
979 4561 1073 4615 καὶ
1096 4562 1165 4615 τὰ
1197 4562 1407 4625 τούτοις
1434 4561 1720 4628 ἀκόλουθα,
1750 4563 1817 4615 δι’
1842 4557 1916 4618 ὦν
1946 4552 2078 4635 pop;-

2191 4570 2325 4626 rant,
2361 4556 2661 4633 servosque
2683 4560 2863 4633 regios
2886 4562 3228 4629 occiderant,
3272 4562 3344 4619 ad
3369 4574 3563 4620 necem
3594 4556 3761 4619 tradi.-

504 4656 669 4725 φαίαν
687 4654 780 4709 τοῦ
808 4654 1013 4727 Κυρίου
1035 4654 1182 4722 λέγει
1213 4654 1311 4725 τὴν
1364 4655 1635 4726 ῥομφαίαν
1663 4654 1767 4707 τοῦ
1800 4656 2078 4726 Ναϐουχο-

2191 4656 2359 4713 iisse:
2391 4652 2463 4709 Et
2494 4658 2676 4721 misso,
2712 4657 2909 4726 inquit,
2958 4658 3189 4711 exercitu
3222 4674 3346 4722 suo,
3362 4648 3629 4711 ciuitatem
3674 4661 3759 4710 eoi-
3809 4692 3817 4721 ε

502 4748 718 4820 δονόσορ
739 4750 837 4821 τὴν
860 4748 1186 4819 ἐπαχθεῖσαν
1207 4746 1284 4818 τῷ
1313 4745 1445 4816 λαῷ.
1477 4747 1657 4816 Ἔχεις
1681 4745 1736 4798 δὲ
1760 4747 1855 4823 καὶ
1876 4749 1934 4799 ὲν
1965 4750 2078 4812 τοῖς

2191 4766 2297 4802 rum
2320 4749 2588 4805 succendit
2611 4750 2677 4803 ⁷⁸.
2714 4744 2999 4804 Exercitus
3037 4760 3219 4804 autem
3273 4748 3418 4817 regis
3448 4745 3755 4800 Bamanam
3803 4732 3813 4744 ”

500 4839 873 4911 Εὐαγγελίοις,
901 4840 976 4904 ὡς
1001 4841 1029 4892 ὁ
1063 4838 1231 4892 ποιῶν
1258 4838 1467 4909 γάμους
1492 4837 1567 4909 τῷ
1588 4837 1693 4907 υἱῷ
1719 4838 1883 4892 αὑτοῦ
1917 4838 2074 4908 βασι-

2191 4841 2389 4896 indicat
2421 4856 2669 4905 manum,
2716 4854 2837 4911 qua:
2869 4839 3303 4910 Hierosolymam
3332 4836 3569 4917 obsedit.
3610 4828 3755 4901 Quia

501 4932 625 4997 λεὺς
657 4935 782 4997 τοὺς
810 4932 1319 5005 παραιτησαμένους
1359 4930 1467 5001 τὴν
1504 4930 1715 5000 κλῆσιν,
1750 4929 1841 4983 καὶ
1862 4930 2075 4986 ἀνελόν-

2191 4933 2347 5004 igitur
2375 4933 2471 4987 tali
2498 4933 2679 5004 gladio
2705 4940 2824 4988 erat
2854 4932 2923 4987 ad
2953 4932 3287 4988 coercendos
3336 4918 3531 4983 Dilecti
3563 4927 3753 4983 adver-

499 5032 599 5091 τας
618 5028 745 5089 τοὺς
805 5025 1114 5095 βασιλικοὺς
1142 5022 1379 5087 δούλους,
1414 5020 1775 5093 παραδίδωσιν
1822 5025 1901 5085 εἰς
1938 5040 2076 5091 σφα-

2191 5024 2358 5080 sarids
2384 5024 2523 5095 opus
2539 5019 2563 5092 ;’
2581 5026 2708 5095 jure
2731 5026 3020 5096 prophetia
3042 5025 3164 5095 ejus
3187 5030 3480 5094 personam
3505 5021 3587 5076 sic
3615 5021 3755 5075 allo-

501 5117 762 5190 γήν⁹Καὶ
823 5117 1086 5186 πέμψας,
1144 5114 1310 5185 φησὶ,
1370 5113 1435 5167 τὸ
1479 5112 1817 5183 στράτευμα
1867 5113 2075 5176 αὐτοῦ,

2191 5116 2362 5186 {uitur
2389 5132 2403 5169 :
2437 5115 2720 5187 Accingere
2753 5112 2931 5186 gladio
2965 5128 3054 5171 tuo
3079 5132 3235 5185 super
3261 5112 3435 5185 femur
3463 5116 3634 5196 tuum,
3654 5115 3752 5181 po-

505 5208 797 5277 ὲνέπρησε
824 5206 937 5274 τὴν
991 5205 1173 5260 πόλιν
1227 5202 1442 5258 αὐτῶν.
1490 5202 1820 5274 Στρὰτευμσι
1871 5202 1927 5254 δὲ
1977 5202 2072 5255 τοῦ

2191 5205 2485 5260 τεηιὶεδίηιε.
2515 5206 2700 5276 Specie
2731 5197 2823 5261 tua
2848 5218 2896 5261 et
2926 5207 3316 5277 pulchritudine
3359 5216 3453 5261 tua
3513 5198 3748 5271 intende,

502 5302 763 5371 βασιλέως
821 5300 916 5369 τὴν
957 5296 1271 5368 Ῥωμαϊκήν
1314 5298 1471 5367 χεῖρα
1523 5284 1776 5365 σημαίνει
1826 5297 1924 5365 τὴν
1978 5311 2073 5347 πο-

2191 5292 2420 5364 arospere
2446 5290 2677 5363 procede
2693 5304 2743 5349 et
2782 5292 2960 5367 regna.

500 5394 865 5465 λιορκήσασαν
888 5393 985 5464 τήν
1020 5390 1395 5463 Ἰερουσαλήμ.
1463 5386 1614 5442 Ἐπεὶ
1643 5388 1823 5443 τοίνυν
1875 5388 2031 5459 χρεία
2062 5383 2130 5460 ἦν
2168 5386 2260 5441 καὶ
2290 5384 2544 5461 τοιαύτης
2576 5390 2849 5461 ῥομφαίας
2879 5385 3032 5471 ⁸κατὰ
3062 5390 3170 5445 τῶν
3202 5389 3620 5446 ἐπαναστάντων
3670 5386 3750 5459 τῷ

509 5490 820 5561 Ἀγαπητῷ,
862 5490 1083 5550 εἰκότως
1135 5485 1308 5572 φησὶν·
1346 5488 1380 5558 ἡ
1425 5482 1732 5558 προφητεία
1775 5486 1855 5546 εἰς
1903 5483 2066 5537 αὑτοῦ
2105 5478 2421 5556 πρόσωπον(
2454 5473 2773 5554 Περίζωσαι
2816 5485 2930 5553 τὴν
2974 5488 3277 5556 ῥομφαίαν
3308 5486 3434 5572 ἐπὶ.
3472 5483 3595 5571 τὸν.
3632 5498 3751 5552 μη-

488 5588 603 5652 ρόν
634 5601 772 5647 σου,
807 5584 1046 5638 δυνατέ.
1090 5563 1170 5653 Τίί
1196 5581 1508 5651 ὡραιότητι
1566 5580 1684 5645 σου
1725 5579 1824 5633 καὶ
1890 5578 1971 5644 τῷ
2004 5577 2219 5635 κάλλει
2284 5597 2426 5648 σου,
2470 5582 2576 5637 καϊ
2618 5583 2906 5647 ἄντεινον,
2966 5582 3063 5635 καὶ
3109 5563 3434 5637 κατευοδοῦ
3488 5563 3595 5633 καί
3631 5574 3752 5643 ,βα-

492 5679 722 5732 alleva.

599 5783 651 5821 η’
683 5790 840 5847 Joan.
879 5809 930 5859 ι,
966 5778 1053 5849 l'l.
1128 5780 1175 5825 ⁷¹¹
1212 5791 1373 5849 Hebr.
1422 5807 1497 5859 tv,
1563 5776 1651 5846 ιε’.

499 5877 637 5927 nu,
681 5863 730 5915 7.

1766 5792 1810 5822 τ’
1850 5788 2045 5845 Ezcclt.
2082 5806 2093 5843 δ

2197 5784 2425 5855 ,9,ιο..
2526 5788 2756 5861 multa.
2796 5787 2883 5841 ιε.
3002 5785 3038 5817 τι
3082 5786 3209 5840 ιδιά.
3278 5770 3361 5844 19’.
3471 5776 3513 5821 ισ
3554 5786 3750 5847 Matth.
