4138 6386
355 406 464 464 399

1030 399 1298 458 EUSEBII
1333 397 1812 456 CxESARlENSlS
1849 400 2001 458 OPP.
2044 400 2226 458 PARS
2261 404 2348 459 lll.
2393 435 2464 445 ——
2500 399 2910 458 EXEGETICA.

3505 399 3610 452 £00

426 517 629 576 Deinde
656 517 934 589 subjungit
958 534 972 572 :
1010 515 1231 586 Propter
1257 526 1525 572 vernalem
1554 526 1602 571 et
1625 528 1930 571 mansuetu-

2101 516 2214 572 Εἶτ’
2238 521 2496 589 ἐπιλέγει·
2529 520 2780 574 Ἕνεκεν
2802 516 3090 586 ἀληθείας
3132 513 3231 568 καί
3278 516 3612 583 πραότητος

357 609 553 675 dinem,
597 621 644 665 et
657 611 950 680 justitiam,
985 615 1034 661 et
1057 607 1272 661 deducet
1292 619 1338 663 te
1363 609 1677 662 mirabiliter
1711 609 1929 664 dextera

357 712 467 755 tua.
494 700 618 757 llaec
659 715 824 771 porro
853 715 974 772 quae
1006 706 1330 770 sequuntur,
1361 701 1739 772 superioribus
1773 703 1932 758 simi-

357 793 429 847 lia
463 799 590 848 sunt
627 811 641 847 :
692 791 916 862 Sagittae
949 800 1053 844 tua:
1085 799 1278 854 acutce,
1310 799 1359 844 et
1387 792 1569 862 populi
1614 793 1710 847 sub
1751 803 1800 849 te
1840 811 1934 848 ca-

353 883 500 949 dent,
537 886 590 939 in
621 884 774 939 corde
801 883 1138 938 inimicorum
1166 883 1302 954 regis
1331 899 1350 937 :
1383 899 1504 954 quae
1536 900 1630 954 per
1664 886 1931 958 hyperba-

355 982 451 1030 ton
482 992 578 1032 seu
605 976 1099 1047 transgressionem
1133 976 1282 1030 dicta
1329 983 1479 1032 sunt.
1523 975 1714 1032 Totam
1765 994 1929 1049 porro

355 1069 684 1125 sententiam
703 1070 806 1126 hoc
837 1071 1028 1125 ordine
1045 1071 1348 1126 constituas
1374 1089 1387 1126 :
1419 1069 1641 1140 Sagittae
1666 1081 1770 1126 tuae
1799 1088 1930 1128 acu-

357 1169 426 1214 ta:
451 1159 506 1213 in
539 1159 708 1214 cor'de‘
735 1160 1082 1215 inimicorum
1119 1161 1285 1230 regis.
1316 1158 1451 1213 Nam
1482 1161 1662 1230 primo
1688 1162 1801 1216 ait:
1829 1160 1930 1216 Sa-

357 1253 504 1321 gittae
524 1261 628 1307 tuae
657 1261 832 1307 acutae
866 1254 994 1308 [ient
1018 1252 1280 1308 adversus
1310 1268 1406 1306 cor
1429 1253 1780 1308 inimicorum
1815 1261 1933 1309 tuo-

358 1357 512 1409 rum;
554 1341 750 1397 deinde
787 1357 938 1407 vero,
973 1343 1151 1411 populi
1181 1342 1274 1396 sub
1301 1351 1346 1397 te
1381 1342 1589 1408 cadent,
1628 1346 1804 1415 pulsis
1835 1348 1932 1401 im-

359 1418 623 1488 missione
653 1434 886 1488 telorum
908 1441 1125 1490 tuorum
1155 1434 1415 1491 inimicis.
1446 1433 1601 1490 Tunc
1628 1436 1811 1506 itaque
1835 1451 1931 1507 po.

357 1522 472 1592 puli
524 1523 830 1579 libertatem
878 1523 1049 1587 nacti,
1090 1531 1142 1578 et
1173 1539 1202 1576 a
1239 1524 1612 1593 prementibus
1674 1538 1732 1582 se
1770 1527 1930 1582 malis

359 1615 721 1685 respirantes,
751 1615 817 1670 ad
851 1625 974 1671 tuos
1005 1623 1297 1670 accurrent
1327 1615 1515 1687 pedes.
1547 1615 1786 1688 Sagittas
1803 1634 1931 1673 vero

358 1706 557 1761 Dilecti
612 1707 889 1762 immissas
947 1707 1003 1760 in
1050 1721 1146 1762 cor
1194 1705 1566 1772 inimicorum,
1623 1707 1930 1762 invisibiles

362 1797 628 1865 quasdam
657 1806 710 1850 et
757 1797 1002 1850 occultas
1045 1796 1234 1868 plagas
1285 1795 1621 1851 intellexeris
1667 1796 1930 1852 adversus

2032 608 2130 661 καὶ
2161 607 2570 674 δικαιοσύνης,
2607 607 2705 661 καὶ
2733 605 3020 674 ὁδηγήσει
3057 616 3132 657 σε
3187 600 3544 670 θαυμαστῶς
3571 602 3610 669 η

2031 698 2198 764 δεξιά
2247 715 2384 755 σου.
2427 699 2612 752 Ταῦτα
2635 697 2690 751 δέ
2714 696 2913 768 ὁμοίως
2937 697 3047 758 τοῖς
3075 692 3254 755 ἄλλοις
3274 691 3607 762 ἐξηγήσατο·

2035 791 2115 845 Τὰ
2135 790 2292 860 ,ϐέλη
2325 809 2439 845 σου
2472 788 2835 859 ἠκονημένα,
2868 786 2967 839 καί
2994 785 3130 839 λαοὶ
3186 782 3464 839 ὑποκάτω
3495 798 3609 838 σου

2029 884 2381 949 πεσοῦνται,
2406 884 2475 937 ἐν
2505 883 2715 953 καρδίᾳ
2733 878 2850 934 τῶν
2866 877 3095 949 ἐχθρῶν
3108 879 3214 933 τοῦ
3233 875 3560 942 βασιλέως·
3582 875 3612 928 ὃ

2029 977 2094 1049 δὴ
2119 977 2239 1032 καθ’
2269 975 2576 1048 ὑπερϐατὸν
2623 979 2820 1028 κεῖται.
2877 972 3138 1042 Συνάψεις
3165 970 3221 1024 δὲ
3247 970 3347 1040 τὴν
3371 967 3609 1021 διάνοιαν

2029 1069 2215 1123 τοῦτον
2241 1069 2335 1122 τὸν
2367 1070 2586 1140 τρόπον·
2621 1066 2700 1120 Τὰ
2725 1067 2851 1138 βέλη
2906 1082 2999 1118 σου
3050 1061 3360 1134 ἠκονημένα
3393 1061 3450 1113 ἐν
3483 1075 3611 1129 καρ-

2029 1163 2118 1234 δίᾳ
2141 1161 2246 1216 τῶν
2268 1161 2478 1234 ἐχθρῶν
2502 1160 2595 1214 τοῦ
2619 1160 2902 1231 βασιλέως.
2940 1157 3159 1228 Πρῶτον
3192 1155 3289 1226 μὲν
3314 1154 3422 1226 γάρ
3453 1169 3606 1224 φησι·

2029 1254 2111 1305 Τὰ
2147 1251 2273 1322 βέλη
2311 1269 2401 1305 σου
2431 1250 2740 1323 ἠκονημένα
2763 1251 3046 1320 γενήσεται
3084 1247 3224 1299 κατά
3257 1248 3354 1316 τῆς
3383 1243 3610 1316 καρδίας

2030 1345 2137 1397 τῶν
2177 1344 2284 1397 σῶν
2315 1343 2542 1415 ἐχθρῶν·
2575 1343 2786 1402 ἔπειτα,
2820 1342 2957 1395 λαοὶ
3017 1336 3294 1394 ὑποκάτω
3337 1353 3454 1391 σου
3503 1349 3608 1389 πε-

2031 1437 2302 1499 σοῦνται,
2335 1435 2634 1489 ἐλαθέντων
2670 1438 2783 1498 τοῖς
2815 1437 2926 1492 σοῖς
2980 1431 3158 1504 βέλεσι
3214 1430 3324 1483 τῶν
3378 1427 3608 1500 ἐχθρῶν.

2029 1529 2106 1581 Τὸ
2129 1528 2430 1598 τηνικαῦτα
2454 1527 2582 1597 γοῦν
2607 1525 2918 1596 ἐλευθερίας
2964 1525 3219 1594 τυχόντες
3256 1523 3305 1575 οἱ
3351 1521 3490 1586 λαοὶ,
3516 1518 3612 1573 καὶ

2031 1618 2468 1684 ἀναπνεύσαντες
2505 1621 2611 1673 τῶν
2655 1617 2952 1682 πιεζόντων
2994 1616 3190 1678 αὐτοὺς
3245 1611 3450 1678 κακῶν,
3500 1613 3612 1674 τοῖς

2033 1717 2143 1777 σοῖς
2198 1712 2632 1785 ὑποδραμοῦνται
2677 1711 2821 1766 ποσί.
2865 1710 3000 1781 Βέλη
3059 1709 3114 1760 δέ
3159 1705 3250 1760 τοῦ
3307 1702 3610 1776 Ἀγαπητοῦ

2033 1803 2471 1875 ἀποστελλόμενα
2496 1803 2638 1856 κατὰ
2679 1803 2778 1872 τῆς
2811 1801 3040 1870 καρδίας
3067 1797 3177 1852 τῶν
3207 1795 3418 1867 ἐχθρῶν
3447 1793 3612 1867 ἀορά-

360 1889 637 1959 principes
660 1889 823 1958 hujus
851 1889 1078 1946 saeculi:
1115 1890 1316 1959 quibus
1343 1891 1464 1945 telis
1497 1889 1696 1944 conﬁxi
1727 1887 1932 1943 daemo-

2036 1911 2158 1958 τους
2181 1895 2334 1958 τινὰς
2358 1896 2450 1948 καὶ
2477 1895 2701 1964 ἀφανεῖς
2733 1894 2945 1964 πληγὰς
2973 1892 3187 1962 νοήσεις
3209 1888 3350 1942 κατά
3380 1887 3488 1941 τῶν
3512 1888 3614 1960 ἀρ-

361 1994 460 2036 nes
491 1981 765 2050 quondam
788 1979 1043 2036 dicebant
1075 1999 1088 2035 :
1121 1979 1267 2046 Sine,
1291 1979 1415 2052 quid
1445 1980 1592 2035 nobis
1631 1990 1679 2036 et
1704 1977 1932 2046 tibi,Fili

363 2070 500 2128 Dei?
533 2071 732 2127 Venisti
762 2083 882 2128 ante
913 2082 1112 2142 tempus
1147 2082 1384 2144 torquere
1417 2091 1510 2128 nos
1533 2075 1602 2129 ⁷⁸.

433 2273 589 2345 Quod
622 2277 1200 2354 speciosus,'pulcher,
1234 2276 1411 2353 gratia
1456 2278 1670 2352 plenus,
1705 2278 1931 2339 benedi-

363 2377 484 2424 ctus
515 2383 612 2424 rex
652 2377 706 2425 et
727 2370 1074 2425 inimicorum
1106 2371 1280 2425 victor
1301 2411 1316 2436 ,
1343 2370 1587 2426 Dilectus
1618 2371 1711 2426 Dci
1746 2372 1930 2434 fuerit.

364 2463 416 2514 in
448 2460 880 2531 praecedentibus
907 2461 1231 2519 edidicimus
1255 2480 1272 2530 ;
1302 2461 1451 2532 quod
1471 2473 1650 2517 autem
1671 2469 1933 2533 praeterea

363 2549 508 2606 Deus
542 2554 634 2616 sit,
670 2552 724 2605 in
754 2553 1008 2622 praesenti
1041 2551 1324 2607 docemur.
1352 2551 1485 2622 Ejus
1517 2553 1717 2623 quippe
1747 2568 1934 2625 perso—

363 2659 488 2698 nam
516 2642 753 2713 Spiritus
776 2650 998 2699 sanctus
1033 2645 1114 2700 sic
1149 2645 1481 2717 alloquitur:
1517 2646 1757 2702 Thronus
1789 2657 1931 2714 tuus,

362 2732 528 2797 Deus,
551 2734 608 2788 in
640 2734 891 2788 saeculum
921 2734 1104 2789 swculi
1123 2750 1142 2800 ;
1174 2736 1288 2790 sive
1319 2736 1617 2791 secundum
1660 2737 1931 2808 Aquilam,

366 2821 609 2877 Thronus
647 2833 790 2889 tuus,
825 2823 950 2888 Dee,
989 2825 1042 2879 in
1073 2825 1326 2879 sarculum
1350 2835 1402 2880 et
1434 2828 1597 2881 ultra.
1632 2827 1772 2894 Quia
1807 2844 1934 2885 vero

363 2929 546 2984 regem
569 2929 695 2970 eum
720 2917 972 2985 superius
1003 2917 1365 2988 compellavit,
1387 2917 1511 2986 jure
1534 2918 1721 2988 adjicit
1756 2938 1768 2974 :
1814 2919 1933 2974 Vir‘

361 3022 429 3073 ga
455 3003 784 3059 rectitudinis
808 3004 952 3074 virga
981 3006 1125 3076 regni
1156 3005 1251 3059 tui.
1283 3003 1428 3058 Nihil
1459 3005 1606 3060 enim
1643 3005 1699 3060 in
1731 3006 1824 3061 illo
1845 3005 1936 3061 de-

365 3097 587 3163 ﬂexum,
625 3095 765 3150 nihil
813 3103 1142 3152 tortuosum.
1193 3095 1273 3150 Ac
1305 3111 1375 3151 ne
1417 3097 1541 3168 quis
1566 3095 1792 3153 Judaice
1816 3113 1933 3152 rem

2034 1988 2233 2056 χόντων
2255 1987 2346 2040 τοῦ
2374 1987 2566 2050 αἰῶνος
2598 1985 2806 2039 τούτου·
2854 1979 2934 2047 οἷς
2961 1983 3138 2054 βέλεσι
3189 1981 3612 2054 τιτρωσκόμενοι

2035 2096 2164 2130 ποτε
2186 2080 2233 2131 οἱ
2261 2079 2510 2149 δαίμονες
2539 2077 2742 2146 ἔλεγον·
2775 2078 2905 2141 Ἔα,
2946 2075 3003 2128 τί
3035 2074 3179 2144 ἡμῖν
3224 2072 3319 2126 καὶ
3366 2072 3487 2136 σοὶ,
3517 2069 3612 2126 Υἱὲ

2033 2169 2139 2222 τοῦ
2172 2170 2317 2222 Θεοῦ
2334 2186 2353 2234 ;
2383 2167 2606 2235 Ἶίλθες
2636 2169 2747 2237 πρὸ
2776 2167 2984 2236 καιροῦ
3004 2168 3344 2233 βασανίσαι
3374 2164 3552 2236 ημᾶς.

2107 2283 2227 2334 Ὅτι
2253 2281 2450 2350 ὡραῖος
2481 2283 2572 2334 καὶ
2598 2281 2758 2345 καλὸς
2790 2281 2883 2333 καὶ
2932 2281 3150 2351 χάριτος
3194 2280 3426 2351 πλήρης,
3459 2277 3611 2331 εὐλο-

2033 2374 2270 2450 γημένος
2298 2391 2352 2426 τε
2383 2373 2631 2442 βασιλεὺς
2663 2371 2881 2424 καὶτῶν
2909 2371 3114 2443 ἐχθρῶν
3144 2370 3366 2442 νικητὴς
3391 2373 3419 2425 ὁ
3453 2371 3616 2439 Ἀγα-

2034 2471 2201 2541 πητὸς
2228 2466 2319 2522 τοῦ
2355 2463 2488 2522 θεοῦ
2527 2460 2614 2535 ἦν,
2638 2465 2700 2516 ἐκ
2727 2463 3157 2534 τῶνὲμπροσθεν
3191 2463 3608 2534 μεμαθήκαμεν·

2032 2564 2114 2616 ὅτι
2141 2563 2196 2616 δὲ
2230 2563 2362 2635 πρὸς
2393 2558 2618 2626 ἐκείνοις
2646 2559 2777 2615 πᾶσι
2800 2557 2893 2610 καὶ
2925 2556 3054 2620 Θεὸς
3080 2553 3167 2628 ἦν,
3201 2557 3290 2610 διὰ
3319 2555 3426 2608 τῶν
3479 2572 3614 2626 ’προ⁶

2035 2656 2301 2726 κειμένων
2331 2655 2710 2726 διδασκόμεθα.
2749 2651 2844 2719 Εἰς
2882 2649 3043 2702 αὐτοῦ
3076 2649 3185 2721 γὰρ
3217 2650 3504 2722 πρόσωπον
3552 2647 3613 2700 τὸ

2035 2749 2257 2818 Πνεῦμα
2285 2750 2344 2800 τὸ
2371 2747 2523 2818 ἆγιον
2554 2750 2827 2817 ἀναφωνεί
2881 2744 3056 2802 λέγον
3129 2744 3188 2796 '0
3234 2745 3446 2810 θρόνος
3473 2757 3610 2805 σου,

2036 2843 2067 2893 ό
2101 2840 2262 2906 Θεὸς,
2299 2842 2386 2906 είς
2439 2840 2546 2894 τὸν
2594 2841 2779 2894 αἰῶνα
2836 2842 2940 2896 τοῦ
3000 2835 3233 2901 αἰῶνος·
3285 2833 3492 2906 ἢκατὰ
3523 2833 3612 2886 τὸν

2047 2930 2296 2984 Ἀκύλαν·
2341 2932 2393 2983 Ὀ
2426 2934 2641 2999 θρόνος
2663 2950 2800 2996 σου,
2843 2932 2967 2998 Θεὲ,
3025 2936 3111 2999 εἰς
3155 2926 3339 2986 alibi-"cz
3371 2927 3465 2984 id
3500 2926 3608 2984 ἔτι.

2048 3023 2199 3075 Ἐπεὶ
2223 3023 2278 3075 δὲ
2307 3024 2400 3076 καὶ
2429 3023 2650 3093 βασιλέα
2679 3025 2841 3079 αὑτὸν
2870 3025 3114 3096 ὠνόμασε
3138 3024 3226 3078 διὰ
3253 3023 3360 3076 τῶν
3396 3023 3609 3094 ἐμπρο-

2038 3113 2180 3178 σθεν,
2209 3116 2431 3178 εἰκότως
2454 3114 2712 3182 ἐπιλέγει·
2759 3115 3000 3182 Ῥάϐδος
3055 3118 3378 3183 εὐθύτητος
3428 3118 3466 3184 η
3498 3113 3610 3183 ῥά-

363 3185 662 3256 accipiens,
694 3186 980 3240 mortalem
1013 3191 1175 3255 atque
1220 3185 1408 3242 multis
1455 3187 1678 3257 regibus
1700 3187 1932 3243 similem

2037 3205 2176 3272 ϐδος
2201 3205 2309 3274 τῆς
2343 3207 2666 3272 ,βασιλείας
2693 3225 2826 3260 σου.
2873 3208 3036 3261 Οὐδὲν
3078 3207 3186 3279 γὰρ
3216 3211 3273 3261 ἐν
3302 3208 3448 3279 αὑτῷ
3484 3225 3607 3262 σκοο

363 3281 636 3336 Dilectum
670 3278 763 3336 Dei
799 3280 1130 3351 suspicetur,
1151 3279 1465 3334 necessario
1484 3279 1644 3335 docet
1677 3279 1932 3334 thronum

362 3372 514 3443 regni
549 3371 670 3442 ejus
697 3385 729 3426 a
760 3373 961 3426 saeculo
991 3369 1181 3433 fuisse,
1202 3377 1365 3442 atque
1386 3369 1439 3424 in
1473 3371 1730 3426 saeculum
1751 3370 1936 3426 saeculi

364 3463 711 3519 duraturum.
746 3461 901 3529 Quod
956 3469 1138 3516 autem
1183 3460 1297 3516 haec
1334 3476 1447 3516 non
1477 3461 1544 3516 de
1569 3476 1804 3531 persona
1834 3462 1938 3516 Pa-

364 3556 488 3622 tris,
523 3554 619 3610 sed
655 3553 722 3610 de
752 3568 987 3626 persona
1019 3552 1212 3607 Dilecti
1259 3561 1314 3608 et
1341 3552 1603 3623 unigeniti
1639 3551 1761 3607 Filii
1793 3552 1935 3607 dicta

364 3647 496 3711 sint,
523 3647 625 3702 sub
646 3647 762 3703 hac
785 3647 1028 3715 declarat
1056 3647 1246 3704 dicens
1274 3667 1288 3703 :
1323 3644 1572 3702 Dilexisti
1593 3647 1862 3716 justitiam
1887 3655 1937 3701 et

361 3740 526 3794 odisti
548 3741 899 3811 iniquitatem,
927 3750 1199 3810 propterea
1216 3741 1364 3795 unxit
1387 3750 1434 3796 te
1468 3740 1606 3795 Deus
1627 3739 1764 3794 Deus
1793 3750 1934 3794 tuus.

365 3831 511 3887 Deus
546 3847 711 3902 porro
740 3848 771 3887 a
798 3832 906 3889 Deo
945 3840 1146 3888 unctus
1174 3833 1299 3904 quis
1325 3832 1510 3897 fuerit,
1545 3834 1652 3889 nisi
1685 3832 1732 3888 is
1759 3833 1852 3903 qui
1881 3833 1937 3887 in

365 3921 677 3992 Evangeliis
705 3919 849 3977 Deus
877 3922 1207 3992 praedicatur
1237 3941 1250 3977 :
1284 3920 1354 3975 Et
1396 3921 1620 3976 Verbum
1646 3933 1762 3978 erat
1797 3923 1936 3991 apud

365 4011 555 4075 Deum,
579 4021 629 4066 et
658 4012 797 4068 Deus
818 4021 933 4067 erat
960 4013 1184 4068 Verbum
1205 4014 1290 4068 ""?
1320 4013 1419 4070 llic
1446 4015 1628 4084 itaque
1647 4013 1787 4069 Deus
1802 4012 1940 4069 Ver-

363 4103 496 4160 bum
531 4102 722 4159 dilexit
756 4104 1051 4174 justitiam,
1085 4117 1136 4160 et
1165 4105 1294 4160 odio
1346 4105 1538 4160 habuit
1572 4106 1936 4176 iniquitatem.

366 4193 475 4248 Pro
504 4209 612 4264 quo
649 4196 962 4251 accuratius
1010 4195 1206 4265 Aquila
1245 4197 1329 4252 sic
1377 4197 1771 4267 interpretatus
1813 4205 1933 4254 est:

361 4283 565 4339 Dilexit
596 4285 864 4352 justitiam
916 4297 966 4341 et
1014 4287 1134 4342 odio
1191 4287 1375 4342 habuit
1426 4290 1769 4358 impietatem.
1801 4289 1938 4346 Nam

361 4381 520 4428 recto
554 4389 687 4430 sane
713 4375 925 4444 judicio
948 4375 1130 4447 justos
1165 4378 1271 4434 sibi
1306 4379 1553 4436 subditos
1582 4381 1780 4452 diligit,
1799 4381 1941 4438 odit-

365 4481 472 4534 que
524 4465 660 4535 ipsis
713 4468 1044 4538 Oppositos:
1103 4485 1274 4540 quare
1315 4475 1720 4542 praestantiore,
1773 4492 1937 4545 quam

2037 3299 2146 3352 λιὸν
2168 3301 2286 3354 οὐδὲ
2317 3299 2769 3371 στραγγαλιῶδες.
2807 3302 2916 3354 Καὶ
2951 3302 3043 3356 ἵνα
3095 3303 3274 3372 μήτις
3309 3301 3614 3366 Ἰουδαϊκῶς

2037 3389 2388 3462 ἐκδεξάμενος
2416 3391 2674 3446 ὑπολάϐοι
2691 3392 2880 3464 Θνητόν
2911 3409 3030 3446 τινα
3063 3395 3173 3456 τοῖς
3200 3391 3411 3452 πολλοῖς
3430 3392 3613 3462 ὅμοιον

2037 3483 2253 3536 ἔσεσθαι
2279 3483 2504 3553 βασιλέα
2525 3485 2616 3538 τὸν
2658 3483 2964 3553 Ἀγαπητδν
2991 3483 3086 3536 τοῦ
3117 3483 3273 3548 Θεοῦ,
3303 3482 3614 3551 ἀναγκαίως

2036 3571 2294 3636 διδάσκει,
2325 3574 2400 3636 ὼς
2431 3575 2538 3646 ἄρα
2558 3573 2618 3639 ἐξ
2649 3573 2843 3637 αἰῶνος
2865 3571 2931 3646 ἦν
2955 3577 2982 3628 ὁ
3007 3574 3192 3646 Θρόνος
3209 3575 3309 3644 τῆς
3339 3573 3614 3644 βασιλείας

2037 3665 2222 3730 αὑτοῦ,
2250 3666 2486 3737 διαρκῶν
2516 3685 2574 3720 τε
2598 3669 2691 3722 καὶ
2714 3667 2980 3739 διαμένων
3004 3667 3156 3720 ἔσται
3191 3669 3268 3730 εἰς
3318 3667 3408 3719 τὸν
3441 3667 3614 3720 αίῶνα

2036 3757 2130 3811 τοῦ
2173 3758 2386 3822 αἰῶνος.
2445 3747 2628 3814 Ταῦτα
2681 3760 2736 3814 δὲ
2770 3762 2852 3814 ὅτι
2906 3759 2982 3831 μὴ
3041 3762 3121 3824 είς
3176 3760 3466 3832 πρόσωπον
3520 3757 3612 3813 τοῦ

2039 3837 2249 3921 Πατρὸς
2274 3850 2713 3921 ἀναπεφώνηται,
2745 3851 2856 3904 ἀλλ’
2889 3853 2966 3915 είς
3000 3852 3060 3904 τὸ
3087 3851 3179 3905 τοῦ
3207 3850 3490 3922 ἀγαπητοῦ
3521 3852 3616 3904 καὶ

2042 3939 2360 4010 μονογενοῦς
2385 3941 2535 4006 Υἱοῦ,
2559 3940 2762 4012 προῖὼν
2787 3941 3040 4010 διασαφεῖ
3058 3941 3248 4010 λέγων·
3269 3940 3620 4010 Ἠγάπησας

2038 4030 2431 4099 δικαιοσύνην
2455 4069 2469 4096 ,
2515 4033 2612 4086 καὶ
2649 4033 2948 4102 ἐμίσησας
2983 4032 3269 4102 ἀνομίαν·
3303 4031 3401 4086 διὰ
3440 4031 3616 4084 τοῦτο

2040 4122 2245 4191 ἐχρισέ
2273 4137 2346 4176 σε
2372 4127 2403 4178 ὀ
2439 4123 2584 4189 Θεὸς
2619 4126 2651 4177 ό
2681 4126 2824 4190 Θεός
2851 4140 2989 4178 σου.
3013 4125 3144 4187 Θεὸς
3182 4124 3289 4194 γὰρ
3321 4125 3377 4176 ἐν
3408 4123 3618 4186 τούτοις

2040 4213 2324 4283 χριόμενος
2360 4211 2464 4264 ὑπὸ
2509 4211 2642 4264 Θεοῦ
2685 4211 2768 4273 τίς
2802 4212 2866 4266 ἂν
2896 4212 2980 4280 εἴη
3015 4213 3048 4284 ἢ
3098 4216 3126 4267 ὁ
3176 4215 3232 4268 ἐν
3269 4211 3618 4281 Εὑαγγελίοις

2043 4301 2287 4371 θεολογού
2298 4319 2477 4372 μενος·
2510 4303 2619 4356 Καὶ
2641 4305 2674 4356 ό
2708 4305 2896 4372 Λόγος
2914 4299 2992 4372 ἦν
3012 4302 3159 4372 πρὸς
3194 4302 3300 4356 τὸν
3333 4303 3616 4368 Ostia-mai

2043 4395 2187 4461 Θεὸς
2219 4391 2298 4465 ἦν
2332 4398 2364 4449 ό
2396 4399 2622 4465 Λόγος;
2676 4391 2842 4460 Οὗτος
2895 4392 2988 4449 οὖν
3023 4397 3050 4448 ὁ
3093 4397 3224 4459 Θεὸς
3271 4395 3441 4464 Λόγος
3477 4395 3617 4466 ἠγά-

2043 4502 2184 4554 πησε
2208 4485 2575 4557 δικαιοσύνην,
2612 4488 2704 4540 καὶ
2754 4489 3013 4558 ἐμίσησεν
3045 4487 3294 4558 ἀνομίαν.
3339 4488 3478 4542 Ἀνθ’
3505 4481 3566 4540 οὗ
3591 4489 3619 4541 ὁ

365 4557 663 4628 participes
697 4559 804 4623 sui,
841 4559 960 4615 oleo
993 4560 1275 4632 inungitur
1313 4563 1460 4633 quod
1493 4573 1723 4620 vocatur
1759 4567 1936 4620 exsul-

2055 4578 2285 4641 Ἀκύλας
2305 4577 2692 4651 ἀκριϐέστερον
2720 4557 3060 4651 ἡρμήνευσεν
3085 4557 3273 4634 εἰπών·
3317 4579 3620 4650 Ἠγάπησε

365 4651 607 4715 talionis,
635 4658 690 4706 et
732 4651 800 4706 ab
829 4652 948 4721 ipso
983 4650 1092 4707 Deo
1124 4651 1288 4709 Patre
1339 4669 1440 4710 suo
1466 4655 1791 4727 inungitur;
1823 4657 1936 4713 sive

363 4741 478 4795 oleo
510 4741 727 4806 lwtitice,
764 4743 1064 4797 secundum
1113 4744 1398 4813 Aquilam;
1424 4746 1508 4801 vel
1541 4747 1653 4800 oleo
1695 4747 1940 4816 splendo-

363 4835 459 4902 ris,
497 4834 802 4890 secundum
831 4833 1239 4906 Symmachum.
1274 4835 1410 4892 Cum
1451 4837 1606 4892 multi
1637 4854 1803 4910 porro
1829 4841 1939 4895 sint

363 4927 663 4997 participes
699 4927 844 4999 ejus,
875 4927 992 4983 sive
1021 4929 1183 4983 amici
1212 4929 1354 5000 ejus,
1409 4929 1503 5001 qui
1535 4932 1725 5001 gratiae
1766 4932 1938 5002 ipsius

364 5027 656 5075 consortes
686 5026 837 5083 sunt,
875 5019 911 5072 ii
952 5035 1084 5074 sane
1118 5019 1398 5077 dixerint:
1447 5021 1741 5092 Participes
1777 5023 1935 5079 Chri-

363 5109 435 5163 sti
485 5109 616 5178 facti
669 5128 850 5165 sumus
877 5111 945 5166 τ’.
971 5109 1300 5169 Praesentem
1335 5129 1467 5169 vero
1510 5117 1838 5171 sententiam
1872 5118 1953 5173 sic

363 5200 587 5268 quidam
641 5201 939 5272 legerunt:
996 5201 1285 5274 Propterea
1336 5207 1488 5260 unxit
1533 5217 1601 5272 te,
1643 5207 1765 5274 Dee,
1798 5208 1939 5266 Deus

363 5302 486 5345 tuus
513 5308 533 5355 ;
565 5303 730 5364 atque
767 5296 872 5352 hac
900 5299 1136 5353 lectione
1169 5295 1452 5354 Hebraicae
1472 5300 1672 5357 littera:
1699 5302 1943 5358 servien-

360 5386 445 5434 tes
476 5368 570 5437 usi.
603 5391 754 5438 sunt.
783 5384 1052 5452 Quoniam
1101 5387 1244 5445 Deus
1276 5387 1332 5443 in
1360 5388 1626 5445 Hebraica
1668 5392 1940 5462 scriptura

361 5481 592 5528 vocatur
625 5473 858 5543 Elohim,
892 5481 972 5535 sic
1000 5481 1233 5537 dicitur:
1265 5481 1332 5536 In
1366 5485 1620 5554 principio
1645 5483 1819 5538 throni
1840 5484 1938 5545 tui,

361 5561 489 5627 Dee,
512 5566 568 5618 in
599 5577 852 5624 (eternum
895 5583 944 5626 et
973 5573 1136 5627 ultra.
1181 5573 1535 5647 Septuaginta
1567 5576 1730 5645 igitur
1760 5578 1932 5632 inter-

360 5664 544 5728 pretes
575 5669 628 5714 et
673 5658 1032 5731 Symmachus
1064 5683 1078 5719 :
1109 5665 1348 5720 Tltronus
1394 5677 1512 5719 tuus
1538 5709 1551 5730 ,
1586 5668 1744 5731 Deus,
1775 5670 1928 5724 dixe-

2041 4669 2455 4737 δικαιοσύνην,
2492 4671 2588 4724 καὶ
2621 4670 2915 4738 ἐμίσησεν
2951 4669 3243 4741 ἀσέϐημα.
3276 4671 3471 4742 Κρίσει
3512 4670 3619 4741 γὰρ

2045 4759 2177 4830 ὀρθῇ
2208 4761 2332 4824 τοὺς
2357 4762 2447 4814 ὑπ’
2482 4762 2646 4815 αὑτοῦ
2691 4761 2931 4826 δικαίους
2955 4764 3164 4834 ἀγαπᾷ,
3208 4765 3356 4833 μισεῖ
3385 4763 3441 4816 δὲ
3494 4763 3622 4825 τοὺς

2043 4854 2337 4918 ἐναντίους·
2370 4855 2448 4908 διὸ
2494 4857 2704 4927 χρίεται
2743 4856 3062 4929 κρείττονιοῆ
3121 4855 3270 4928 παρὰ
3315 4858 3440 4919 τοὺς
3490 4873 3621 4926 μετ-

2042 4945 2200 5016 όχους
2227 4946 2388 4999 αὑτοῦ
2427 4947 2589 5018 ἐλαίῳ
2616 4948 2692 5020 τῷ
2717 4948 3033 5020 καλουμένῳ
3061 4949 3495 5018 ἀγαλλιάσεως,
3527 4948 3621 5001 καὶ

2045 5035 2255 5106 χρίεται
2293 5035 2396 5088 ὑπὸ
2417 5035 2508 5088 τοῦ
2533 5036 2668 5089 Θεοῦ
2697 5036 2809 5094 ,τοῦ
2871 5035 3060 5089 ἑαυτοῦ
3088 5035 3323 5107 Πατρὸς,
3353 5034 3386 5106 ἢ
3441 5033 3622 5100 ἐλαίῳ

2036 5122 2227 5192 χαρᾶς
2279 5125 2420 5178 κατά
2454 5125 2566 5184 ,τὸν
2633 5127 2890 5194 Ἀκύλαν,
2939 5127 2972 5198 ἢ
3038 5127 3220 5192 ἐλαίῳ
3279 5125 3620 5195 ἀγλαϊσμοῦ

2039 5215 2179 5268 κατὰ
2207 5216 2297 5270 τὸν
2327 5215 2641 5290 Σύμμαχον.
2674 5219 2890 5274 Πολλῶν
2948 5221 3002 5273 δὲ
3035 5220 3202 5274 ὅντων
3231 5218 3340 5273 τῶν
3378 5220 3620 5290 μετόχων

2037 5305 2225 5371 αὐτοῦ,
2252 5307 2285 5378 ἢ
2321 5309 2552 5380 ἑταίρων
2585 5310 2750 5365 αὐτοῦ
2779 5311 2886 5365 τῶν
2906 5313 3002 5384 τῆς
3026 5312 3189 5366 αὑτοῦ
3227 5313 3448 5385 χάριτος
3494 5327 3622 5384 μετ-

2038 5402 2371 5474 εσχηκότων,
2399 5404 2447 5456 οἳ
2480 5407 2573 5459 καὶ
2616 5406 2926 5475 εῐποιενάν·
2953 5408 3203 5477 Μέτοχοι
3231 5407 3336 5460 τοῦ
3359 5404 3618 5475 Χριστοῦ

2039 5493 2386 5561 γεγόναμεν.
2434 5494 2764 5564 Ἀνέγνωσαν
2819 5497 2873 5552 δέ
2930 5516 3072 5562 τινες
3098 5499 3195 5569 τὴν
3250 5496 3616 5569 προκειμένην

2039 5581 2180 5646 λέξιν
2209 5578 2310 5637 ῶδὲ
2345 5603 2478 5648 πως·
2518 5587 2618 5640 Διὰ
2649 5587 2823 5641 τοῦτο
2861 5589 3070 5657 ἔχρισέ
3101 5607 3196 5655 σε,
3254 5589 3378 5651 Θεὲ,
3408 5593 3440 5642 ὀ
3475 5589 3621 5656 Θεός

2037 5688 2173 5734 σου,
2194 5675 2287 5727 καὶ
2303 5676 2472 5750 ταύτῃ
2501 5695 2560 5744 γε
2597 5679 2886 5749 κέχρηνται
2914 5679 3232 5748 ἀναγνώσει,
3260 5685 3327 5752 τῇ
3359 5680 3616 5754 Ἑϐραῖκῇ

426 5811 472 5842 ’⁸
511 5807 700 5866 Matth.
736 5785 853 5883 vin,
888 5815 980 5872 29»
1031 5777 1098 5849 .”
1136 5817 1292 5873 Joan.
1332 5837 1380 5875 ι.
1421 5822 1471 5874 1.
1549 5822 1591 5854 ⁷⁸
1634 5821 1796 5876 llcbr.
1835 5838 1924 5889 ill,
1961 5823 2042 5878 li.
