4138 6386
563 355 663 424 [(11

1689 357 2198 428 (ΞΟΜΜΕΝΤΑΒΙΑ
2237 372 2305 430 IN
2343 373 2684 433 PSALMOS.

3709 380 3818 436 402

563 481 707 550 λιξει
724 483 1126 545 δουλεύσαντες.
1178 484 1508 557 Ἐπειδήπερ
1570 485 1869 560 Ἐλωεὶμό
1916 492 2051 558 Θεὸς
2082 493 2142 548 ὲν

2262 506 2408 567 'unt;
2439 498 2637 571 Aquila
2671 513 2818 564 vero,
2851 497 2976 566 Dee,
3012 499 3260 556 serviens
3289 498 3572 558 Hebraiem
3585 501 3814 560 dictioni

561 579 630 650 τῇ
676 576 937 647 Ἐὅραῖκῇ
984 575 1294 646 ὠνόμασται
1347 580 1557 650 γραφῇ,
1614 579 1802 635 εἰπών·
1849 585 1951 637 Ἐν
1985 583 2140 654 ἀρχῇ

2262 588 2474 645 Eia/tim.
2528 589 2637 647 Sed
2671 589 2786 662 ipse
2833 589 3032 662 Aquila
3083 593 3178 662 qui
3220 591 3334 664 jam
3363 593 3468 648 Dee
3493 592 3731 661 dixerat,
3766 597 3824 652 in

564 667 777 736 θρόνος
801 681 938 732 σου,
972 665 1097 729 Θεὲ,
1129 667 1216 731 είς
1265 666 1449 722 αἰῶνα
1499 669 1597 724 καὶ
1657 671 1767 726 ἔτι.
1815 674 1875 727 Oi
1928 675 2026 746 μὲν
2052 673 2144 730 οὗν

574 756 976 828 Ἐὁδομήκοντα
1009 758 1103 811 καὶ
1135 759 1164 811 6
1200 758 1516 831 Σύμμαχος·
1575 761 1628 814 '0
1672 765 1885 832 θρόνος
1910 781 2046 829 σου,
2113 772 2146 822 ὁ

566 849 732 915 θεὸς,
768 850 1076 920 εἰρήκασιν·
1111 848 1138 900 ὁ
1184 849 1239 902 δὲ
1281 851 1531 915 Ἀκύλας·
1564 854 1691 919 Θεέ,
1733 855 2028 922 δουλεύσας
2081 863 2145 932 τῇ

575 939 835 1012 Ἐϐραῖκῇ
865 940 1029 1006 λέξει,
1067 943 1389 1013 περιεχούσῃ
1434 945 1699 1014 Ἐλωείμ.
1752 948 1888 1001 Ἀλλ’
1918 952 1946 1003 6
1987 952 2148 1016 αὐτὸς

579 1029 879 1094 Ἀκύλας,ὁ
915 1030 1008 1083 νῦν
1047 1031 1152 1084 Θεὲ
1195 1032 1452 1102 εἰρηκὼς,
1497 1033 1700 1104 προϊὼν
1730 1035 1856 1107 ἑξῆς
1897 1037 2148 1110 δεύτερον

565 1123 855 1195 εἰρημένου
888 1123 982 1176 τοῦ
1034 1124 1294 1193 Ἐλωεὶμ,
1343 1126 1400 1177 ἐν
1444 1124 1542 1196 τῷ,
1571 1125 1672 1180 Διὰ
1718 1128 1893 1182 τοῦτο
1942 1130 2148 1200 ἔχρισέ

566 1234 641 1272 σε
678 1221 711 1274 ό
756 1220 917 1300 Θεὸς,
975 1220 1181 1283 οὐκέτι,
1230 1219 1356 1285 Θεὲ,
1399 1222 1760 1292 ήρμήνευσεν,
1794 1223 1948 1290 ἀλλὰ,
1981 1225 2149 1291 Θεὸς,-

2246 682 2602 752 sequentibus
2655 683 2747 738 ubi
2797 683 3068 753 repetitur
3090 682 3324 752 Eloliim,
3359 685 3466 742 hoc
3513 687 3824 754 loco,Pro-

2247 782 2427 842 pterea
2482 773 2636 827 unxit
2687 781 2734 826 te
2779 771 2942 840 Deus,
2972 789 3082 829 non
3115 775 3259 830 ultra
3299 775 3405 831 Dee
3428 777 3824 849 interpretatus

2247 871 2352 928 est,
2388 865 2483 922 scd
2537 865 2699 932 Deus,
2732 865 2807 920 ita
2846 865 3038 924 dicens
3073 887 3087 924 :
3118 867 3186 923 In
3237 869 3334 924 hoc
3387 870 3540 925 unxit
3593 882 3642 926 te
3683 870 3825 926 Deus

2253 955 2394 1010 Deus
2431 967 2572 1012 tuus.
2609 958 2713 1025 Qui
2753 959 2799 1017 si
2836 960 2940 1016 sibi
2968 961 3331 1028 constitisset,
3380 962 3471 1018 hic
3509 962 3674 1018 etiam
3732 963 3828 1019 de-

2253 1046 2449 1103 buerat
2491 1049 2594 1106 Dee
2628 1052 2849 1118 dicere;
2882 1067 3004 1107 cum
3037 1053 3226 1108 eadem
3254 1052 3374 1124 ipsa
3406 1069 3513 1109 vox
3547 1060 3822 1119 occurrat,

2257 1143 2418 1208 atque
2467 1137 2541 1192 ita
2589 1138 2937 1212 interpretari
2974 1141 3160 1198 debuit
3195 1159 3210 1199 :
3245 1141 3534 1214 Propterea
3579 1145 3733 1202 unxit
3754 1154 3823 1211 te,

2261 1229 2386 1296 Dee,
2426 1232 2566 1288 Deus
2595 1242 2738 1289 tuus.

569 1307 755 1362 εἰπών·
794 1310 923 1363 Ἐπὶ
954 1312 1142 1374 τούτῳ
1174 1310 1389 1380 ἤλειψέ
1417 1327 1491 1366 σε
1523 1316 1556 1366 ό
1583 1313 1728 1380 Θεὸς
1784 1319 1816 1370 ὁ
1844 1319 1987 1382 Θεός
2035 1334 2169 1384 σου,
2209 1321 2326 1375 δέον
2394 1325 2570 1397 ἑαυτῷ
2601 1327 2904 1398 συμφώνως
2937 1330 3032 1382 καὶ
3093 1323 3328 1379 ἐνταῦθα
3370 1327 3476 1386 Θεὲ
3511 1332 3681 1387 εἰπεῖν
3736 1333 3834 1387 ἐπὶ

567 1402 667 1472 τῆς
702 1402 870 1474 αὐτῆς
896 1403 1112 1467 λέξεως·
1167 1403 1310 1457 οὕτω
1338 1405 1394 1457 δὲ
1447 1407 1811 1478 ἑρμηνεύσας,
1853 1407 2004 1464 εἶπεν
2055 1413 2138 1466 ἄν·
2179 1417 2281 1471 Διὰ
2319 1420 2494 1474 τοῦτο
2523 1423 2729 1491 ἔχρισέ
2755 1438 2848 1489 σε,
2879 1423 3004 1490 Θεὲ,
3033 1427 3064 1478 ὀ
3095 1424 3239 1490 Θεὸς
3264 1437 3403 1482 σου.

639 1518 882 1586 Σμύρνα
945 1520 1042 1572 καὶ
1076 1520 1305 1589 στακτὴ
1349 1522 1448 1575 καὶ
1488 1525 1674 1578 κασία
1724 1527 1843 1581 ἀπὸ
1871 1527 1991 1582 τῶν
2023 1532 2152 1599 ίμα-

569 1612 712 1666 τίων
765 1624 905 1679 σου,
959 1612 1077 1667 ἀπὸ
1115 1614 1355 1682 βάρεων
1415 1616 1838 1685 ἐλεφαντίνων.
1905 1623 2048 1675 Ἀντλ⁹
2094 1624 2150 1676 δὲ

564 1704 806 1772 ,βάρεων
831 1705 1288 1774 ἐλεφαντίνων,
1362 1707 1392 1759 6
1455 1708 1704 1773 Ἀκύλας·
1791 1711 1931 1767 Ἀπὸ
1989 1713 2152 1768 ναῶν

2326 1535 2497 1594 Vens.
2533 1539 2587 1594 9.
2622 1539 2846 1611 Myrrha
2887 1550 2937 1594 et
2974 1549 3123 1611 gutta
3171 1551 3224 1596 et
3263 1542 3410 1596 casia
3443 1557 3478 1596 a
3514 1539 3830 1595 uestimentis

2259 1630 2386 1694 tuis,
2421 1648 2453 1685 a
2484 1631 2731 1687 domibus
2773 1632 3036 1688 eburneis.
3067 1632 3174 1689 Pro
3202 1633 3296 1689 illo
3341 1641 3522 1690 autem
3543 1672 3559 1697 ,
3590 1632 3832 1688 domibus

2255 1721 2518 1790 eburneis,
2568 1723 2789 1794 Aquila,
2839 1741 2872 1778 a
2920 1725 3128 1794 templis
3179 1725 3373 1791 dentis,
3423 1726 3578 1782 dixit.
3609 1724 3858 1795 Templa

571 1795 836 1863 ὀδόντος,
880 1796 1088 1868 εἴρηκε.
1145 1797 1282 1850 Ναοὶ
1329 1796 1436 1865 γὰρ
1484 1801 1717 1855 ἐνταῦθα
1765 1801 2008 1874 εἴρηνται
2055 1803 2150 1859 τοῦ

2262 1829 2408 1878 vero,
2441 1813 2702 1871 Ecclesiae
2738 1814 2963 1884 Sponsi,
3010 1823 3066 1872 et
3096 1816 3293 1872 animae
3343 1815 3566 1874 Christo
3601 1816 3834 1874 addictae

571 1885 825 1957 Νυμφίου
871 1887 926 1939 αἱ
979 1885 1313 1956 Ἐκκλησίαι,
1344 1889 1437 1940 καὶ
1459 1889 1514 1942 αἱ
1544 1890 1764 1962 Χριστῷ
1804 1893 2154 1965 ἀνακείμεναι

2262 1903 2345 1958 hic
2375 1912 2661 1971 vocantur,
2693 1920 2814 1976 quae
2867 1905 2923 1959 in
2985 1905 3299 1963 rationabili
3345 1908 3470 1964 cibo
3503 1915 3671 1963 totam
3725 1909 3832 1963 vim

571 1977 760 2047 ψυχαὶ,
791 1979 849 2031 ἐν
871 1977 1059 2049 λογικῇ
1088 1981 1260 2049 τροφῇ
1311 1982 1487 2034 πᾶσαν
1535 1981 1748 2051 ἔχοντες
1775 1983 1870 2054 τὴν
1906 1985 2150 2056 δύναμιν.

573 2067 794 2140 Τροφῆς
832 2069 888 2123 δὲ
916 2069 1011 2123 καὶ
1044 2071 1217 2138 λόγων
1270 2069 1537 2142 σύμϐολον
1586 2074 1635 2124 οἱ
1696 2074 1926 2140 ὀδόντες.
1967 2077 2156 2132 Ἔνθεν

573 2163 666 2213 καὶ
696 2160 858 2214 αὐτοῦ
901 2160 1008 2215 ,τοῦ
1044 2160 1280 2232 Χριστοῦ
1337 2163 1386 2214 οἱ
1417 2162 1630 2228 ὀδόντες
1685 2166 1870 2219 λευκοὶ
1913 2167 2156 2236 λέγονται

573 2249 711 2305 εἶναι
749 2253 888 2324 ὑπὲρ
918 2252 1059 2321 γάλα
1103 2254 1160 2304 ἐν
1189 2255 1254 2323 τῇ
1284 2253 1411 2322 περὶ
1442 2253 1605 2308 αὐτοῦ
1636 2257 1914 2329 φασκούσῃ
1950 2275 2159 2329 προφη-

574 2345 712 2415 τείᾳ·
756 2345 1073 2412 Χαροποιοὶ
1121 2348 1175 2398 οἱ
1217 2345 1509 2414 ὀφθαλμοὶ
1564 2347 1749 2401 αὐτοῦ
1807 2349 1923 2402 ἀπὸ
1964 2350 2154 2414 οἴνου,

576 2435 675 2487 καὶ
709 2433 915 2488 λευκοὶ
955 2437 1009 2488 οἱ
1061 2434 1304 2504 ὀδόντες
1362 2435 1550 2491 αὐτοῦ
1596 2438 1634 2507 ἣ
1682 2436 1857 2508 γάλα.
1912 2440 2069 2493 Κατὰ
2101 2439 2157 2492 δὲ

575 2527 701 2588 τοὺς
724 2525 946 2589 λοιποὺς
1004 2527 1362 2598 έρμηνευτὰς,
1406 2528 1739 2598 ἐλεφάντινοι
1794 2531 1842 2582 οί
1893 2530 2067 2601 ναοὶῆ
2102 2531 2157 2585 αί

581 2615 768 2690 βάρεις
810 2617 974 2670 αὐτοῦ
1020 2617 1286 2686 λέγονται,
1320 2618 1404 2672 διὰ
1452 2619 1513 2672 τὸ
1552 2618 1746 2688 νεκροῦ
1807 2618 1948 2683 ζώου
1977 2623 2160 2690 τυχεῖν

578 2708 670 2762 τὸν
705 2709 763 2776 ἐξ
788 2708 1081 2778 ἐλέφαντος
1099 2710 1322 2781 κόσμον·
1367 2711 1500 2764 οἵτε
1530 2712 1586 2764 ἐν
1616 2714 1680 2782 τῇ
1720 2711 2017 2783 Ἐκκλησία
2069 2712 2162 2765 εὐ-

579 2800 928 2870 δοκιμοῦντες
950 2803 1049 2855 οὐκ
1073 2801 1245 2865 ἄλλως
1271 2802 1664 2873 διαλάμπουσιν
1696 2801 1728 2873 ἢ
1755 2801 2163 2870 νεκρώσαντες

579 2893 653 2945 τὰ
669 2891 824 2961 μέλη
849 2893 920 2947 τὰ
946 2893 1044 2947 ἐπὶ
1072 2892 1182 2961 τῆς
1207 2893 1337 2962 γῆς,
1364 2892 1602 2964 κατατὴν
1640 2893 1999 2966 ἀποστολικὴν
2024 2912 2165 2966 παρ-

581 2984 857 3053 αγγελίαν.

651 3077 926 3146 Παρέστη
970 3081 1008 3147 ἡ
1033 3078 1378 3143 βασίλισσα
1411 3079 1480 3133 ἐκ
1506 3077 1722 3143 δεξιῶν
1752 3095 1869 3134 σου
1887 3121 1900 3146 ,
1936 3080 2006 3134 ἐν
2033 3083 2166 3150 ίμα-

581 3169 769 3239 τισμῷ
810 3169 1114 3240 διαχρύσῳ
1143 3169 1614 3239 περιϐεϐλημένη
1649 3211 1663 3235 ,
1705 3171 2158 3242 πεποικιλμένη.
2189 3191 2232 3250 C

582 3259 646 3311 Δί
680 3259 776 3329 μὲν
811 3257 1105 3332 θυγατέρες
1130 3259 1238 3311 τῶν
1268 3259 1554 3330 βασιλέων,
1579 3260 1813 3330 Χριστοῦ
1844 3261 2043 3333 δηλαδὴ
2065 3261 2161 3316 καὶ

580 3345 678 3414 τῆς
711 3345 1033 3416 Ἐκκλησίας
1077 3347 1241 3400 αὐτοῦ
1266 3390 1281 3414 ,
1325 3351 1379 3402 αἱ
1409 3348 1547 3402 κατὰ
1593 3349 1758 3420 μέρος
1799 3346 1939 3420 ἦσαν
1971 3351 2157 3424 ψυχαί.

581 3435 726 3507 Αὐτὴ
757 3437 814 3490 δὲ
846 3439 879 3508 ἡ
912 3437 1250 3510 βασίλισσαή
1295 3441 1478 3512 μήτηρ
1523 3441 1628 3494 τῶν
1666 3442 1976 3517 θυγατέρων
2021 3461 2162 3517 παρ-

583 3528 712 3600 έστη
743 3531 806 3582 ἐκ
829 3529 1016 3596 δεξιῶν
1044 3531 1207 3584 αὐτοῦ
1253 3532 1324 3586 ἐν
1353 3533 1643 3602 ἱματισμῷ
1673 3534 1978 3605 διαχρύσῳ
2004 3553 2164 3605 περι-

584 3619 940 3689 ϐεϐλημένη,
973 3623 1427 3692 πεποικιλμένη.
1453 3625 1549 3689 Τίς
1580 3625 1626 3678 δ’
1653 3625 1837 3697 ἂνεῖη
1872 3627 2010 3700 αὑτὴ
2049 3627 2164 3682 ἀλλ’

581 3711 615 3780 ἢ
667 3712 816 3763 πᾶσα
851 3711 1110 3784 καθολικὴ
1153 3712 1464 3785 Ἐκκλησία,
1502 3715 1536 3784 ἡ
1594 3713 1703 3767 ἀπὸ
1758 3715 2009 3785 περάτων
2063 3717 2164 3787 γῆς

582 3805 688 3868 ἕως
721 3803 971 3875 περάτων
1021 3806 1084 3858 ἐκ
1113 3805 1328 3861 πάντων
1380 3806 1548 3860 ἐθνῶν
1606 3806 2038 3878 συνειλεγμένη;
2097 3811 2163 3879 ἢν

583 3897 744 3962 αὐτὸς
777 3899 956 3969 ἑαυτῷ
982 3899 1334 3978 ᾠκοδόμησεν
1385 3901 1477 3953 ἐπὶ
1524 3900 1622 3972 τὴν
1655 3901 1884 3972 πέτραν,
1941 3901 2077 3973 πρὺς
2103 3903 2164 3956 τὸ

587 3988 660 4059 μὴ
697 3989 869 4053 πύλας
901 3990 1028 4062 ᾂδου
1051 3992 1363 4062 κατισχύειν
1401 3992 1592 4062 αὐτῆς.
1631 3992 1973 4065 Κυριὼτερον
2001 3993 2045 4047 δ’
2097 3993 2164 4048 ἂν

582 4076 757 4140 εἴποις
787 4076 874 4129 διὰ
905 4077 1095 4132 τούτου
1118 4080 1215 4150 τὴν
1253 4080 1572 4152 ἐπουράνιον
1600 4081 1890 4151 δηλοῦσθαι
1934 4082 2162 4154 Ἐκκλη-

587 4164 728 4229 σίαν,
759 4165 881 4236 ἣτις
915 4167 1031 4219 ἐστὶ
1063 4169 1245 4239 μήτηρ
1272 4169 1380 4222 τῶν
1426 4170 1519 4223 ἐπὶ
1565 4171 1670 4241 γῆς
1716 4171 1887 4240 ἁγίων
1931 4172 2160 4244 ἀνδρῶν.

585 4256 754 4311 Τοῦτο
777 4257 906 4325 γοῦν
937 4257 1173 4325 ἐδίδαξεν
1195 4261 1223 4312 ὁ
1254 4259 1393 4324 θεῖος
1429 4261 1748 4326 Ἀπόστολος
1778 4262 1966 4317 εἰπών·
2012 4263 2073 4320 Ἠ
2099 4263 2166 4316 δὲ

584 4345 706 4400 ἄνω
737 4347 1126 4417 Ἰερουσαλὴμ
1145 4349 1429 4419 ἐλευθέρα
1446 4352 1640 4415 ἐστὶν,
1665 4353 1798 4419 ἥτις
1819 4353 1951 4406 ἐστὶ
1967 4351 2165 4422 μήτηρ

585 4435 773 4504 ἡμῶν.
806 4436 976 4490 Καλεῖ
1003 4437 1046 4491 δ’
1069 4438 1237 4508 αὐτὴν
1275 4442 1371 4494 καὶ
1409 4443 1593 4494 πόλιν
1615 4442 1762 4495 Θεοῦ
1801 4441 2017 4509 ζῶντος
2062 4443 2164 4496 Ἰε-

2257 1994 2458 2050 habent
2491 1995 2811 2065 repositam.
2845 1993 2966 2050 Cibi
2995 2010 3126 2050 vero
3179 2010 3243 2050 ac
3275 1997 3564 2052 verborum
3616 1997 3835 2068 symbo-

2256 2085 2369 2140 lum
2406 2086 2598 2142 dentes
2630 2093 2780 2142 sunt.
2812 2085 2944 2141 inde
2970 2094 3056 2143 est
3085 2086 3232 2156 quod
3281 2088 3474 2144 dentes
3514 2086 3745 2150 Christi,
3776 2087 3834 2142 in

2256 2175 2542 2246 prophetia
2575 2176 2755 2246 ipsum
2782 2182 3085 2246 spectante,
3107 2177 3246 2232 lacte
3272 2176 3619 2234 candidiores
3646 2177 3839 2232 dican-

2259 2272 2349 2318 tur
2382 2282 2396 2318 :
2430 2264 2704 2334 Splendidi
2729 2265 2868 2319 oculi
2895 2266 3010 2336 ejus
3033 2283 3064 2320 a
3094 2268 3232 2331 vino,
3269 2275 3318 2320 et
3353 2265 3533 2320 dentes
3564 2266 3677 2336 ejus
3710 2282 3838 2320 can-

2257 2355 2723 2411 didioreslacte”.
2752 2354 3066 2413 Secundum
3096 2359 3336 2428 reliquos
3355 2365 3535 2413 autem
3567 2359 3838 2430 interpre-

2259 2455 2362 2514 tes,
2390 2447 2630 2504 eburnea
2664 2450 2867 2520 templa
2893 2455 2987 2504 aut
3018 2450 3212 2504 domus
3250 2451 3370 2521 ejus
3401 2450 3687 2515 dicuntur,
3707 2453 3836 2522 quia

2260 2545 2488 2593 ornatus
2517 2539 2790 2595 eburneus
2825 2555 2889 2594 ex
2921 2540 3143 2594 animali
3176 2548 3392 2596 mortuo
3422 2550 3544 2610 cst;
3576 2550 3629 2598 et
3651 2543 3747 2613 qui
3782 2545 3838 2600 in

2260 2627 2502 2683 Ecclesia
2549 2629 2863 2700 spectandae
2891 2629 3116 2685 virtutis
3149 2637 3299 2695 sunt,
3338 2647 3452 2686 non
3488 2633 3594 2686 alia
3623 2633 3840 2690 ratione

2263 2721 2552 2792 splendent
2605 2737 2770 2794 quam
2827 2720 3198 2791 mortiﬁcando
3241 2723 3476 2777 membra
3528 2741 3627 2778 sua
3687 2741 3845 2794 super

2266 2823 2465 2868 terram
2492 2816 2560 2882 ⁸ο,
2592 2813 2891 2869 secundum
2917 2812 3277 2886 apostolicum
3309 2821 3660 2885 praeceptum.

2337 3053 2503 3113 Vens.
2538 3056 2625 3112 10.
2652 3053 2843 3109 Astitit
2883 3055 3063 3125 regina
3095 3070 3127 3108 a
3157 3054 3362 3108 dextris
3410 3055 3516 3109 tuis
3554 3055 3610 3109 in
3648 3056 3844 3110 vestitu

2265 3149 2541 3213 deaurato,
2565 3145 2896 3201 circumdata
2922 3146 3194 3200 varietate.
3226 3142 3376 3199 Filiae
3392 3160 3604 3216 regum,
3638 3142 3842 3201 Christi

2261 3242 2520 3298 videlicet
2567 3249 2623 3297 et
2681 3240 2943 3296 Ecclesiae
2975 3239 3118 3310 ejus,
3169 3238 3404 3308 singula
3445 3247 3575 3294 sunt
3625 3241 3840 3294 animae.

2262 3335 2384 3407 Ipsa
2435 3349 2566 3391 vero
2621 3333 2812 3404 regina
2861 3339 3038 3387 mater
3081 3331 3317 3387 ﬁliarum
3364 3331 3541 3388 astitit
3572 3346 3603 3385 a
3634 3332 3844 3386 dextris

2261 3429 2382 3498 ejus
2423 3427 2476 3480 in
2501 3427 2689 3481 vestitu
2711 3424 3338 3491 deaurato,circumdata
3375 3425 3649 3480 uarietate.
3683 3422 3844 3488 Quae-

2263 3534 2390 3574 nam
2443 3517 2558 3582 ilia,
2593 3517 2702 3573 nisi
2731 3523 2842 3572 tota
2905 3515 3176 3570 catholica
3221 3514 3488 3578 Ecclesia,
3533 3529 3563 3567 a
3594 3513 3844 3569 terminis

2265 3618 2425 3666 terra
2446 3624 2623 3680 usque
2653 3608 2722 3663 ad
2756 3607 3022 3664 terminos
3052 3607 3171 3677 ejus
3201 3622 3264 3661 ex
3293 3605 3563 3660 universis
3589 3603 3843 3675 gentibus

2265 3701 2629 3772 congregata?
2649 3714 2812 3770 quam
2845 3700 2960 3770 ipse
2983 3698 3088 3753 sibi
3103 3696 3392 3753 aediﬁcavit
3408 3709 3573 3765 supra
3605 3700 3838 3764 petram,

2265 3799 2326 3846 ut
2356 3800 2528 3862 portae
2557 3789 2718 3845 inferi
2747 3804 2857 3845 non
2880 3788 3213 3859 praevaleant
3247 3786 3514 3841 adversus
3541 3798 3683 3839 eam.
3707 3781 3846 3836 Con-

2266 3886 2552 3956 gruentius
2607 3898 2775 3954 porro
2822 3881 3030 3938 dixeris
3085 3880 3172 3936 his
3210 3876 3509 3949 signiﬁcari
3557 3876 3844 3932 caelestem

2266 3977 2727 4046 Ecclesiam,quze
2751 3982 3070 4029 sanctorum
3103 3971 3345 4026 virorum
3378 3971 3433 4023 in
3466 3976 3613 4023 terra
3641 3967 3845 4036 degen-

2268 4069 2403 4123 tium
2452 4075 2628 4122 mater
2665 4075 2770 4122 est.
2807 4064 2923 4119 Hoc
2957 4079 3091 4119 sane
3128 4062 3317 4117 docuit
3354 4061 3576 4115 divinus
3603 4058 3842 4130 Aposto-

2265 4158 2352 4214 lus
2377 4172 2501 4212 cum
2521 4156 2595 4212 ait
2629 4175 2641 4210 :
2674 4154 2782 4209 Illa
2799 4163 2998 4218 autem,
3027 4167 3145 4224 qua:
3174 4167 3386 4206 sursum
3413 4159 3490 4204 est
3515 4148 3842 4213 Jerusalem,

2267 4249 2436 4303 libera
2467 4255 2582 4302 est:
2612 4263 2730 4318 qua:
2755 4255 2833 4300 est
2862 4253 3032 4298 mater
3067 4253 3253 4298 nostra
3273 4242 3339 4295 θ’.
3372 4241 3502 4295 Eam
3532 4242 3663 4296 item
3702 4255 3848 4294 nun-

2267 4349 2429 4412 cupat
2457 4343 2720 4396 civitatem
2750 4337 2849 4393 Dei
2873 4338 3088 4392 viventis
3121 4334 3427 4392 Jerusalem
3475 4334 3753 4398 caelestem,
3787 4333 3846 4386 in

2267 4421 2552 4488 multorum
2579 4431 2805 4485 millium
2841 4428 3147 4500 angelorum
3183 4427 3556 4496 frequentiam,
3578 4437 3626 4478 et
3665 4423 3848 4478 Eccle-

577 4528 901 4598 ρουσαλὴμ
926 4529 1290 4598 ἐπουράνιον
1314 4531 1384 4585 ὲν
1405 4532 1696 4601 μυριάσιν
1731 4532 2005 4603 ἀγγέλων
2048 4552 2160 4589 πα-

2265 4529 2402 4582 siam
2427 4525 2899 4596 primogenitorum
2932 4522 3022 4592 qui
3063 4519 3349 4589 conscripti
3374 4528 3494 4574 sunt
3535 4518 3592 4570 in
3617 4517 3762 4572 calis
3777 4515 3844 4570 ⁸¹.

587 4621 850 4689 νητύρει,
866 4622 962 4674 καὶ
1005 4622 1365 4690 Ἐκκλησίαν
1385 4625 1774 4690 πρωτοτόκων
1789 4626 2160 4695 ἀπογεγραμ-

579 4711 778 4778 μένων
829 4712 898 4765 ἐν
937 4712 1246 4780 οὐρανοῖς,
1305 4712 1664 4767 συνεστῶσαν.
1724 4714 1873 4787 Αὕτη
1929 4718 2025 4786 μὲν
2072 4713 2165 4771 οῦν

586 4802 670 4874 εἴη
720 4801 785 4857 ἂν
835 4806 868 4874 ἡ
904 4805 1084 4858 τελεία
1116 4805 1351 4877 Χριστοῦ
1377 4807 1581 4878 νύμφη.
1613 4806 1830 4879 Ταύτης
1861 4809 1916 4876 β’
1950 4810 2050 4862 οὐκ
2099 4809 2166 4864 ἂν

588 4895 852 4966 ἁμάρτοις
903 4896 1178 4970 θυγατέρα
1232 4900 1411 4968 φήσας
1480 4898 1747 4970 ὑπάρχειν
1797 4899 1896 4970 τὴν
1947 4901 2039 4955 ἐπὶ
2064 4903 2167 4974 γῆς

597 4982 942 5058 Ἐκκλησίαν.
975 4989 1270 5042 Βασίλισσα
1299 4990 1345 5042 δ’
1380 4991 1583 5060 ἐκείνη,
1619 4991 1693 5054 ὼς
1717 4991 1782 5045 ἂν
1813 4992 1908 5064 ἤδη
1957 4993 2167 5064 συμϐα-

589 5077 872 5131 σιλεύουσα
903 5079 980 5149 τῷ
1008 5081 1205 5152 ἑαυτῆς
1227 5083 1472 5152 νυμφίῳ·
1496 5082 1577 5136 διὸ
1599 5085 1663 5136 ἐκ
1687 5083 1875 5150 δεξιῶν
1899 5085 2168 5156 παρεστάε

587 5186 676 5222 ναι
721 5169 814 5222 τοῦ
839 5171 1113 5234 Βασιλέως
1163 5174 1404 5245 εἴρηται·
1440 5174 1537 5227 {ira
1576 5174 1764 5246 νύμφη
1803 5172 1939 5230 οὖσα
1971 5177 2160 5241 αὐτοῦ,

588 5261 680 5314 καὶ
703 5260 770 5314 τὰ
806 5263 933 5334 παρ’
966 5263 1131 5316 αὐτοῦ
1190 5266 1477 5337 σπέρματα
1523 5265 1807 5337 δεχομένη,
1865 5268 2072 5321 κύουσά
2105 5285 2163 5320 τε

589 5354 682 5409 καὶ
711 5353 968 5407 τίκτουσα
995 5355 1082 5408 διὰ
1109 5357 1310 5420 παντὸς
1341 5358 1556 5429 πνεῦμα
1589 5360 1890 5429 σωτηρίας·
1923 5359 1956 5430 ἢ
1980 5359 2074 5412 καὶ
2101 5359 2163 5412 τὸ

592 5444 864 5512 βασιλικὸν
884 5445 1083 5516 ἔνδυμα
1112 5447 1436 5518 περιτίθησι,
1455 5449 1513 5501 τὸ
1530 5449 1814 5518 φωτοειδὲς
1837 5451 1934 5519 τῆς
1964 5449 2170 5519 ἀφθαρ-

520 5537 526 5543 ’
591 5535 711 5599 σίας
769 5535 1001 5606 ἔνδυμα·
1061 5538 1089 5590 ὂ
1116 5538 1220 5610 δὴ,
1258 5541 1624 5609 πνευματικὸν
1666 5541 1838 5594 διόλου
1879 5541 2164 5610 τυγχάνον,

589 5633 710 5692 ταῖς
738 5634 856 5688 κατ’
874 5631 1099 5701 οὐρανὸν
1119 5633 1436 5702 ἁγγελικαῖς
1458 5633 1718 5703 δυνάμεσι
1737 5644 1811 5688 ’πε
1820 5634 2154 5706 ριϐέϐληται.

2265 4619 2385 4688 ipsa
2405 4634 2535 4690 ergo
2569 4617 2732 4673 fuerit
2757 4615 2998 4687 perfecta
3019 4613 3224 4668 Christi
3257 4625 3481 4681 sponsa.
3514 4607 3690 4678 Hujus
3716 4623 3847 4663 vero

2267 4711 2434 4765 tiliam
2463 4709 2510 4763 si
2541 4709 2693 4763 dicas
2725 4705 3054 4769 Ecclesiam,
3091 4717 3211 4774 quae
3246 4703 3300 4756 in
3329 4709 3477 4757 terra
3503 4708 3606 4763 est,
3641 4714 3848 4768 nequa-

2266 4817 2429 4874 quam
2462 4799 2828 4856 aberravcris.
2877 4798 2975 4853 Illa
3021 4805 3205 4850 autem
3253 4794 3468 4864 regina,
3510 4798 3700 4861 utpote
3723 4806 3846 4861 quae

2262 4897 2378 4968 jam
2404 4909 2515 4950 una
2543 4908 2667 4949 cum
2711 4906 2918 4962 sponso
2962 4897 3152 4960 regnet
3197 4901 3319 4953 suo,
3356 4901 3385 4939 a
3426 4884 3635 4940 dextris
3682 4881 3846 4953 Regis

2271 4985 2576 5042 consistere
2621 4983 2862 5049 dicitur;
2909 4981 3112 5052 quippe
3160 4994 3283 5047 qua:
3333 4990 3537 5047 sponsa
3579 4974 3702 5045 ejus
3753 4974 3845 5042 sit,

2271 5077 2558 5148 ipsiusque
2608 5075 2816 5129 semina
2842 5072 3105 5142 excipiat,
3149 5082 3438 5141 prmgnans
3470 5066 3542 5122 sit
3583 5074 3639 5120 et
3671 5066 3849 5136 pariat

2270 5183 2486 5238 semper
2537 5166 2792 5236 spiritum
2839 5163 3032 5218 salutis
3065 5177 3080 5215 :
3113 5176 3236 5232 quae
3277 5161 3406 5214 item
3445 5157 3648 5213 vestitu
3698 5156 3848 5226 regio

2271 5262 2540 5325 induitur,
2597 5256 2872 5328 pellucido
2923 5255 3136 5311 scilicet
3197 5250 3627 5322 incorruptionis
3688 5250 3849 5304 indu-

2271 5360 2456 5407 mento
2490 5369 2504 5403 ι
2533 5350 2677 5420 quod
2708 5363 2833 5403 cum
2867 5345 3152 5416 spirituale
3175 5358 3402 5414 prorsus
3432 5343 3525 5406 sit,
3561 5340 3846 5411 angelicis,

2272 5461 2391 5516 qua:
2418 5443 2472 5498 in
2493 5443 2634 5497 caelo
2655 5448 2804 5505 sunt,
2838 5437 3130 5494 virtutibus
3155 5434 3548 5492 circumdatur.
3583 5431 3696 5487 [loc
3722 5447 3850 5500 por-

2271 5554 2336 5593 ro
2367 5537 2766 5597 indumentum,
2802 5533 3127 5587 deauratum
3172 5531 3262 5584 hic
3307 5527 3532 5582 dicitur.
3573 5523 3708 5579 Illud
3752 5538 3849 5576 au-

2275 5641 2405 5693 tem,
2441 5624 2772 5683 circumdata
2801 5625 3072 5687 varietate,
3099 5638 3277 5692 neque
3300 5619 3354 5674 in
3380 5618 3648 5674 ilebraico
3671 5623 3849 5679 textu,

661 5786 706 5816 ⁷⁹
746 5785 877 5839 Gen.
920 5802 1071 5850 ιιι-κ,
1114 5788 1181 5844 l2.
1251 5789 1295 5820 '°
1337 5787 1551 5846 Coloss.
1591 5806 1683 5854 ιιι,
1722 5789 1776 5845 5.
1853 5790 1892 5821 ⁸¹
1940 5789 2114 5842 Galat.
2153 5805 2160 5840 ι

2262 5785 2353 5842 26.
2428 5786 2474 5817 ”
2506 5785 2662 5841 Hebr.
2688 5797 2761 5836 xu
2784 5819 2797 5846 ,
2829 5777 2920 5835 22.
