4138 6386
298 387 409 444 403

1017 380 1291 459 EUSEBII
1331 376 1814 437 CESARIENSIS
1852 376 2005 433 OPP.
2041 372 2224 429 PARS
2260 370 2428 426 lll.—
2465 365 2878 425 EXEGETICA.

3466 364 3575 422 4οι

296 516 477 574 neque
502 499 646 574 apud
667 506 897 559 caeteros
915 499 1246 572 interpretes
1274 500 1452 556 fertur
1477 517 1492 567 ;
1524 513 1697 575 quare
1721 498 1866 556 obelt

1989 495 2159 549 Τοῦτο
2183 494 2276 549 καὶ
2308 490 2597 563 διάχρυσον
2628 488 2658 541 ὁ
2684 485 2876 559 παρὼν
2898 485 3055 557 λόγος
3086 485 3357 558 ὠνόμασε.
3393 484 3466 538 Τὸ
3490 484 3575 560 δι,

298 603 546 653 notatum
573 603 680 656 est.

1986 582 2458 656 περιϐεϐλημένη
2524 578 2618 632 καὶ
2672 578 3105 648 πεποικιλμένη
3129 617 3144 642 ,
3203 576 3327 631 οὔτε
3389 577 3446 630 ἒν
3502 581 3570 649 τῇ

308 688 573 761 Ἐϐραῖκῇ
622 686 927 757 ἀναγνώσει
954 685 1080 740 οὔτε
1128 686 1281 759 παρὰ
1302 688 1417 761 τοῖς
1458 685 1667 748 λοιποῖς
1712 681 2077 755 ὲρμηνευταίς
2099 677 2323 749 φέρεται
2347 691 2360 703 ·
2394 672 2474 726 διὸ
2495 670 2807 724 ὠὸέλισται.

375 785 538 843 Vnus.
563 785 652 841 14.
688 784 875 845 Omnis
904 784 1077 855 gloria
1103 783 1217 853 ejus
1240 783 1369 853 (ilia:
1388 782 1527 852 regis
1568 774 1791 849 Esebon,
1824 766 1879 831 in

297 878 523 947 ﬁmbriis
557 878 734 932 aureis
759 872 1164 931 circumamicta
1191 873 1560 930 varietatibus.
1592 869 1879 939 Quomodo

298 973 531 1029 fimbriis
575 973 758 1029 aureis
788 974 1199 1028 circumornata
1233 971 1328 1038 sit,
1370 970 1542 1042 probe
1580 969 1877 1040 intelligas,

298 1069 341 1119 si
378 1063 604 1143 Paulum
640 1064 834 1120 audias
862 1065 1135 1141 dicentem
1168 1080 1180 1116 :
1211 1063 1297 1129 Ex
1318 1071 1470 1134 parte
1494 1062 1875 1134 cognoscimus.

295 1171 345 1216 et
381 1176 447 1216 ea:
486 1172 637 1232 parte
672 1163 1044 1233 prophetamus
1063 1162 1128 1217 ⁸³.
1161 1159 1299 1215 Nam
1357 1158 1601 1230 cognitio
1643 1173 1766 1230 quae
1810 1173 1879 1229 ex

295 1265 449 1327 parte
480 1264 587 1322 est,
626 1272 855 1333 aureum
905 1263 1161 1331 ornatum
1207 1255 1265 1309 in
1301 1252 1743 1309 extremitatibus
1770 1250 1877 1322 ipsi

295 1344 682 1416 rircumponit.
717 1344 853 1401 Cum
897 1355 1075 1416 autem
1110 1345 1328 1413 venerit,
1366 1343 1569 1414 inquit,
1593 1342 1733 1413 quod
1761 1358 1881 1419 per-

295 1438 488 1498 fectum
516 1444 615 1502 est,
662 1436 1006 1491 evacuabitur
1040 1435 1180 1505 quod
1217 1451 1283 1489 ea:
1326 1442 1478 1503 parte
1519 1444 1595 1487 est
1611 1433 1680 1489 ⁸⁵.
1715 1431 1879 1488 Post-

293 1544 459 1599 quam
508 1529 565 1585 in
609 1530 888 1585 caelestem
920 1527 1226 1585 Ecclesiam
1278 1526 1550 1581 translata
1600 1523 1767 1580 fuerit
1789 1539 1877 1588 ea,

293 1637 415 1691 quae
443 1622 496 1676 in
519 1628 668 1678 terra
692 1620 919 1676 infantis
943 1620 1121 1675 instar
1136 1619 1429 1683 educatur,
1461 1625 1597 1671 tunc
1635 1615 1879 1671 ﬁmbrias

292 1728 491 1770 aureas
515 1753 531 1781 ,
569 1713 828 1769 videlicet
868 1712 1239 1783 cognitionem
1274 1726 1343 1766 ex
1380 1716 1540 1781 parte
1591 1707 1873 1778 deponet;

290 1819 457 1859 aureo
486 1812 666 1859 autem
691 1803 1022 1859 vestimento
1048 1802 1359 1857 ornabitur.

360 1918 529 1975 Vens.
562 1919 647 1987 15,
684 1918 773 1974 16.
806 1918 1151 1974 Adducentur
1178 1917 1304 1989 Regi
1334 1918 1558 1989 virgines
1591 1926 1708 1987 post
1733 1933 1872 1983 eam,

287 2013 547 2082 proxima:
590 2012 704 2081 ejus
740 2012 1027 2081 afferentur
1067 2011 1181 2065 tibi.
1218 2008 1357 2065 Filia
1402 2026 1524 2081 quae
1554 2010 1877 2081 plerumque

287 2101 547 2171 superius
591 2109 896 2157 memorata
931 2100 1053 2169 fuit,
1088 2115 1198 2155 non
1234 2114 1451 2172 semper
1491 2101 1547 2155 in
1570 2108 1717 2156 tcrra
1751 2115 1876 2170 per-

288 2200 495 2260 manet,
529 2191 627 2249 sed
668 2208 769 2250 suo
805 2200 1053 2265 tempore
1093 2192 1484 2249 transferetur.
1517 2192 1587 2248 At
1617 2208 1728 2248 non
1756 2207 1874 2247 om-

287 2272 387 2343 nes
421 2286 590 2341 simul
627 2285 901 2357 ejusmodi
941 2285 1434 2356 transmigratione
1480 2285 1872 2347 donabuntur;

287 2368 384 2437 sed
423 2396 546 2453 quae
568 2382 746 2456 primo
776 2381 947 2456 gradu
974 2381 1029 2435 in
1062 2381 1167 2436 h'oc
1187 2395 1357 2451 regno
1389 2380 1569 2452 dignae
1597 2385 1782 2445 erunt,
1806 2394 1872 2433 ex

285 2482 440 2545 parte
470 2456 649 2530 solum
671 2473 971 2531 afferentur
986 2471 1143 2544 Regi.
1170 2471 1265 2527 Hae
1296 2487 1422 2529 vero
1451 2480 1584 2527 sunt
1613 2486 1734 2542 qua:
1763 2469 1874 2525 vir-

283 2570 568 2639 ginitatem
614 2569 671 2624 in
706 2567 928 2637 Christo
955 2574 1010 2621 et
1055 2580 1289 2636 corpore
1322 2573 1378 2620 et
1412 2565 1596 2620 anima
1626 2572 1869 2629 servant,

285 2675 350 2713 ac
393 2659 590 2730 spiritu
630 2665 838 2714 sanctae
866 2663 1015 2715 sunt.
1053 2655 1185 2712 Post
1226 2656 1465 2728 primum
1500 2662 1681 2711 autem
1718 2656 1869 2711 ordi-

283 2765 431 2815 nem,
458 2764 580 2820 qum
609 2748 859 2819 proxime
888 2745 1012 2801 illas
1040 2753 1171 2814 sunt
1197 2744 1492 2801 aﬂerentur
1524 2761 1537 2797 :
1571 2760 1699 2800 nam
1725 2746 1868 2817 apud

283 2842 502 2898 Patrem
532 2842 847 2898 mansiones
876 2839 1063 2895 multa:
1077 2838 1145 2895 ⁸³.
1176 2837 1272 2894 Hae
1298 2854 1430 2894 vero
1459 2846 1609 2905 sunt,
1631 2854 1752 2909 quae
1779 2838 1872 2892 ho-

283 2941 455 2989 nestae
482 2932 933 3003 continentisque
962 2930 1091 2987 vita:
1134 2944 1301 2986 causa
1353 2930 1666 3002 proximum
1698 2930 1869 2995 virgi-

282 3028 448 3085 nibus
482 3027 663 3082 locum
688 3032 981 3097 occupant.
1011 3024 1298 3091 Quomodo
1339 3032 1521 3080 autem
1548 3024 1865 3090 afferentur,

2057 771 2233 829 Πᾶσα
2279 773 2318 840 ἡ
2358 770 2508 833 δόξα
2555 764 2744 835 αὐτῆς
2779 764 3074 836 θυγατρὸς
3116 759 3223 819 τοῦ
3262 761 3571 829 ,βασιλέως

1999 864 2257 921 Ἐσεϐὼν
2280 864 2350 916 ἐν
2382 858 2748 931 κροσσωτοῖς
2790 856 3042 927 χρυσοῖς
3080 854 3567 925 περιϐεϐλγυιένη,

1988 956 2439 1027 πεποικιλμένη.
2494 955 2745 1025 Νοήσεις,
2796 953 2953 1023 φησὶ,
2990 951 3104 1013 πῶς
3137 951 3387 1021 κροσσοίς
3438 964 3569 1019 χρυ·
3611 975 3622 983 -

1990 1055 2101 1118 σοῖς
2140 1050 2562 1123 περιϐέϐληται,
2599 1048 2813 1103 Παύλου
2863 1047 3112 1115 λέγοντος
3158 1041 3400 1096 ἀκούωνο
3463 1041 3567 1094 Ἐκ

1984 1142 2200 1212 μέρους
2224 1141 2615 1213 γινώσκομεν,
2637 1141 2733 1194 καὶ
2760 1140 2827 1193 ἐκ
2845 1139 3068 1208 μέρους
3093 1133 3564 1204 προφητεύομεν.

1997 1236 2060 1288 Ἡ
2090 1234 2198 1309 γὰρ
2235 1234 2487 1309 γνῶσιςὴ
2510 1237 2573 1306 ἐκ
2606 1233 2805 1305 μέρους
2830 1232 2886 1283 ὲν
2913 1230 3102 1300 ἄκροις
3134 1227 3313 1303 μόνοις
3342 1224 3566 1297 χρυσίου

1982 1328 2074 1399 τὸν
2100 1308 2309 1397 ’κόσμον
2339 1319 2483 1404 αὐτῇ
2506 1325 2845 1397 περιτίθησιν
2865 1339 2879 1352 ·
2919 1322 3102 1374 Ὅταν
3132 1318 3185 1371 δ’
3215 1318 3364 1387 ἔλθῃ
3393 1316 3459 1369 τὸ
3476 1314 3569 1368 τέ-

1979 1424 2167 1485 λειον,
2204 1412 2355 1488 ῲησὶ,
2383 1416 2453 1470 τὸ
2476 1418 2544 1471 ἐκ
2568 1404 2790 1487 μέρους
2812 1410 3350 1482 καταργηθήσεται.
3387 1409 3567 1462 Ἐπει-

1979 1511 2076 1565 δὰν
2097 1514 2175 1574 εἰς
2203 1511 2299 1583 τὴν
2331 1509 2652 1581 ἐπουράνιον
2698 1504 3021 1576 Ἐκκλησίαν
3077 1504 3315 1574 μεταστῇ
3347 1505 3380 1572 ὴ
3426 1502 3565 1565 τέως

1980 1607 2048 1659 ὲκ
2071 1604 2173 1674 γῆς
2207 1601 2730 1673 παιδοτροφουμένη,
2760 1598 2821 1651 τὸ
2870 1598 3171 1668 τηνικαῦτα
3231 1593 3565 1665 ἁποθήσεται

1984 1697 2082 1767 μὲν
2109 1695 2175 1749 τὰ
2202 1692 2491 1767 κροσσωτά
2521 1689 2590 1746 τὰ
2618 1692 2817 1765 χρυσᾶ,
2851 1689 2947 1761 τὴν
2980 1690 3045 1742 ὲκ
3093 1688 3293 1761 μέρους
3338 1687 3563 1757 γνῶσιν,

1906 1755 1951 1816 Β
1980 1755 2037 1843 έν
2069 1755 2348 1860 ἱματισμῷ
2370 1787 2426 1840 δὲ
2448 1755 2654 1859 χρυσῷ.

2060 1900 2593 1971 Ἀπενεχθήσονται
2620 1899 2702 1965 τῷ
2746 1896 3003 1953 Βασιλεῖ
3033 1895 3315 1966 παρθένοι
3369 1894 3565 1948 ὀπίσω

1977 1996 2188 2064 αὐτῆς,
2219 1999 2278 2050 αἱ
2300 1997 2568 2063 πλησίον
2589 1992 2777 2061 αὐτῆς
2797 1988 3320 2061 ἀπενεχθήσονταί
3341 2002 3459 2045 σοι.
3497 1987 3562 2040 Ἡ

1975 2088 2063 2141 διὰ
2105 2086 2213 2141 τῶν
2255 2086 2566 2158 ἔμπροσθεν
2617 2084 2877 2147 πολλάκις
2920 2082 3288 2165 ὠνομασμένη
3315 2079 3563 2151 Θυγάτηρ

1975 2182 2076 2235 οὐκ
2103 2181 2196 2234 ἐπὶ
2225 2180 2326 2251 γῆς
2348 2183 2426 2244 εἰς
2450 2179 2510 2232 τὺ
2542 2178 2803 2243 παντελὲς
2826 2176 3102 2251 διαμένει,
3136 2174 3560 2249 μετατεθήσεται

1974 2273 2031 2327 δὲ
2053 2273 2194 2327 κατὰ
2221 2272 2427 2344 καιρόν.
2474 2271 2613 2333 Ἀλλ’
2638 2271 2698 2340 ού
2732 2271 2880 2323 πᾶσα
2926 2268 3135 2340 ἀθρόως
3170 2268 3270 2338 τῆς
3303 2265 3561 2351 τοιαύτης

1979 2365 2330 2436 μεταϐάσεως
2389 2363 2781 2434 ἀξιωθήσεταιο
2849 2363 2907 2414 ὲν
2959 2348 3114 2431 μέρει
3160 2359 3216 2435 δὲ
3259 2361 3314 2413 αἱ
3358 2348 3563 2441 πρώτῳ

1977 2456 2169 2529 βαθμῷ
2199 2460 2254 2510 ἐν
2287 2457 2422 2527 αὐτῇ
2450 2455 2805 2527 τετιμημέναι
2839 2451 3298 2525 ἀπενεχθήσονται
3342 2451 3421 2523 τῷ
3454 2453 3561 2519 Βαδ-

1976 2551 2128 2604 σιλεί.
2160 2544 2331 2604 Abeat
2371 2549 2427 2602 δέ
2460 2551 2596 2603 εἰσιν
2625 2551 2682 2607 αἱ
2711 2548 2809 2620 τὴν
2830 2549 2887 2602 ἐν
2919 2547 3139 2621 Χριστῷ
3172 2546 3394 2616 ἁγνείαν
3427 2562 3562 2614 κατ-ο

1985 2642 2292 2714 ορθώσασαι
2342 2642 2488 2713 ψυχῇ
2547 2642 2643 2695 ποια)⁸
2671 2640 2907 2712 σώματι,
2955 2642 3046 2695 καὶ
3106 2640 3377 2712 πνεύματι
3427 2637 3561 2693 καθ-

1974 2736 2328 2807 ηγιασμέναι.
2364 2734 2519 2789 Μετὰ
2543 2734 2601 2787 δὲ
2651 2732 2714 2786 τὸ
2747 2733 2961 2804 πρῶτον
3016 2733 3197 2805 τάγμσ
3252 2733 3308 2805 αξ
3336 2730 3559 2803 πλησίον

1972 2828 2151 2883 αὐτῶν
2177 2828 2668 2900 ἀπενεχθήσονται’
2726 2827 2919 2880 πολλαὶ
2956 2826 3066 2899 γὰρ
3101 2825 3259 2899 μοναὶ
3302 2824 3453 2898 παρά
3479 2823 3559 2898 τῷ

1973 2923 2169 2995 Πατρί.
2201 2917 2369 2977 Αὗται
2392 2922 2449 2975 δέ
2477 2923 2614 2975 εἰσιν
2641 2922 2696 2975 αἱ
2726 2920 2815 2975 τὸν
2841 2920 3067 2991 ἔγγιστα
3095 2921 3258 2973 τόπον
3280 2918 3389 2991 τῷν
3419 2934 3559 2993 παρέ

1973 3015 2141 3069 θένων
2197 3014 2490 3087 ὲπέχουσαι
2549 3014 2638 3068 διὰ
2698 3013 2900 3085 σεμνοῦ
2956 3014 3051 3067 καὶ
3102 3011 3380 3085 σώφρονος
3414 3011 3555 3083 βίου.

283 3121 527 3177 declarat
556 3120 767 3187 dicens,
797 3122 855 3176 in
885 3120 1079 3175 laetitia
1109 3129 1159 3174 et
1183 3120 1561 3175 exsultatione.
1586 3118 1713 3175 Haec
1734 3136 1865 3177 vero

1973 3109 2162 3172 Ὅπως
2220 3107 2278 3161 δὲ
2328 3106 2789 3179 ἀπενεχθήσονται
2856 3106 3155 3179 παρίστησι
3215 3104 3423 3173 λέγων·
3482 3105 3553 3157 ἐν

283 3229 394 3282 qua
425 3213 640 3271 ratione
670 3212 926 3269 dicantur
969 3212 1140 3283 probe
1184 3211 1476 3283 intelliges,
1504 3214 1553 3269 si
1600 3212 1866 3283 apostoli-

284 3320 405 3359 cam
442 3305 585 3359 hanc
633 3319 821 3362 vocem
882 3320 1129 3377 apponas
1164 3321 1177 3356 :
1211 3304 1495 3375 Rapiemur
1538 3305 1595 3360 in
1638 3305 1865 3363 nubibus

282 3398 489 3453 obviam
528 3397 755 3454 Domino
788 3400 845 3452 in
894 3414 1045 3463 aera,
1071 3406 1121 3452 et
1148 3399 1227 3462 sic
1262 3414 1464 3467 semper
1494 3414 1613 3453 cum
1636 3398 1865 3453 Domino

280 3489 560 3545 erimus”.
598 3488 719 3547 Non
749 3488 896 3545 enim
926 3489 1148 3545 venient
1169 3488 1254 3544 vel
1287 3487 1353 3543 ad
1378 3487 1579 3559 Regem
1603 3487 1866 3546 accedent

280 3581 544 3652 virgines,
595 3581 691 3636 sed
738 3580 1054 3649 afferentur,
1089 3582 1213 3637 aliis
1244 3581 1394 3651 ipsas
1437 3579 1863 3647 adducentibus,

282 3672 495 3728 scilicet
526 3672 733 3743 angelis
755 3670 874 3739 Dei,
912 3674 1007 3743 qui
1035 3673 1301 3728 sublimes
1331 3673 1453 3728 illas
1486 3673 1541 3727 in
1566 3673 1736 3727 altum
1770 3673 1865 3729 de.

281 3764 479 3827 ferent,
510 3772 569 3819 ut
589 3780 890 3834 supernum
918 3766 1025 3820 iter
1048 3764 1210 3820 facile
1240 3764 1558 3820 decurrant.
1589 3764 1865 3820 Adduccn-

282 3866 369 3909 tur
398 3870 564 3926 porro
597 3856 652 3909 in
692 3856 883 3911 laetitia
922 3865 972 3911 et
1004 3857 1378 3923 exsultatione,
1409 3863 1575 3926 atque
1632 3856 1687 3911 in
1721 3864 1862 3912 tem-

283 3949 432 4016 plum
464 3948 633 4018 regis,
665 3948 721 4002 in
752 3948 958 4019 regiam
999 3948 1247 4014 domum,
1280 3963 1452 4020 regno
1475 3948 1744 4004 ccelorum
1775 3950 1865 4004 do-

282 4048 442 4104 natae,
494 4040 957 4095 intrmnittentur.
996 4039 1283 4111 Templum
1312 4055 1501 4111 porro,
1531 4040 1730 4097 domus
1766 4040 1863 4097 Dei

279 4139 385 4193 est,
414 4131 486 4183 ita
515 4139 575 4185 ut
609 4131 723 4185 [lex
750 4132 861 4197 ille,
893 4132 958 4185 ad
988 4148 1151 4203 quem
1182 4132 1554 4197 adducuntur,
1588 4132 1734 4188 Deus
1767 4133 1857 4188 sit.

282 4222 388 4275 l‘las
420 4222 545 4275 item
574 4221 875 4287 adducunt,
898 4224 989 4293 qui
1019 4225 1153 4294 ipsis
1189 4225 1439 4281 instituta
1476 4224 1721 4293 tradunt,
1750 4224 1861 4282 Lex

282 4313 529 4369 Videlicet
558 4323 718 4385 atque
751 4316 1045 4387 prophetae.

348 4578 517 4638 Vens.
564 4582 653 4639 17.
681 4582 791 4637 Pro
841 4583 1081 4652 patribus
1116 4583 1222 4640 tuis
1258 4585 1373 4639 nati
1432 4592 1555 4639 sunt
1603 4585 1699 4637 tibi
1732 4584 1857 4653 ﬁlii.

278 4673 487 4730 Horum
561 4676 887 4737 sententiam
958 4676 1162 4732 clarius
1215 4676 1401 4731 caeteri
1467 4675 1859 4743 reddiderunt;

276 4770 473 4838 Aquila
504 4770 723 4839 quidem
754 4771 836 4826 sic
876 4771 1106 4836 habens,
1138 4771 1245 4826 Pro
1273 4772 1516 4840 patribus
1558 4773 1663 4826 tuis
1706 4781 1860 4825 erunt

277 4862 371 4915 tibi
419 4862 553 4931 ﬁlii;
585 4860 945 4933 Symmachus
997 4878 1127 4921 vero
1154 4903 1168 4927 ,
1205 4862 1315 4917 Pro
1355 4864 1598 4934 patribus
1645 4864 1859 4933 fuerunt

275 4953 377 5019 ﬁlii
417 4955 515 5007 tui.
561 4952 688 5008 Haec
716 4961 800 5024 est
847 4962 1030 5019 autem
1070 4954 1203 5008 dicti
1254 4954 1403 5008 illius
1431 4955 1852 5025 interpretatio:

276 5044 399 5099 Filii
430 5046 510 5114 tui
551 5046 645 5116 qui
691 5046 745 5101 in
787 5053 839 5100 te
869 5054 923 5101 ct
954 5056 1066 5107 ate
1100 5048 1214 5113 nati
1266 5054 1418 5112 sunt,
1458 5063 1559 5117 pro
1603 5050 1855 5117 patribus

274 5134 372 5189 tibi
395 5143 576 5192 erunt.
617 5134 754 5190 Nam
801 5136 902 5192 bos
936 5137 1109 5208 ipsos,
1137 5152 1275 5206 quos
1306 5144 1423 5195 tute
1465 5138 1724 5207 genuisti,
1755 5156 1856 5209 pro

277 5228 525 5296 patribus
546 5229 797 5299 habebis.
833 5228 1117 5287 Sermonis
1157 5238 1338 5287 autem
1372 5240 1625 5288 eventum
1657 5233 1857 5287 intelli-

276 5334 395 5385 ges,
442 5318 489 5374 si
534 5319 842 5389 perpendas
870 5337 981 5390 quo
1011 5331 1174 5392 pacto
1205 5322 1526 5392 alienigenae
1568 5338 1636 5379 ex
1681 5327 1855 5393 genti-

276 5408 402 5473 bus,
428 5405 730 5467 Ecclesiam
756 5409 851 5464 Dei
877 5410 1164 5475 adeuntes,
1190 5411 1247 5465 in
1271 5412 1499 5481 ipsaque
1521 5414 1853 5482 regenerati,

276 5499 372 5553 lilii
431 5498 553 5569 ejus
607 5500 941 5567 elliciantur;
998 5517 1064 5557 ac
1112 5503 1371 5573 deinceps
1424 5520 1548 5559 cum
1604 5504 1852 5573 profectu

276 5591 423 5655 aucti
456 5598 606 5654 sunt,
643 5599 831 5660 patres
857 5592 1032 5671 ipsius
1071 5596 1513 5663 constituantur,
1556 5594 1623 5653 ad
1656 5595 1853 5665 praefe—

274 5693 485 5738 cturam
537 5683 657 5752 ejus
696 5687 952 5753 promoti,
994 5696 1048 5742 et
1095 5688 1162 5742 ad
1216 5689 1557 5745 sacerdotale
1591 5692 1840 5747 ministe-

1968 3200 2315 3270 εὐφροσύνῃ
2344 3194 2443 3253 καὶ
2471 3198 2850 3269 ἀγαλλιάσει.
2880 3199 3114 3270 Νοήσεις
3139 3197 3196 3250 δὲ
3232 3198 3379 3263 ὅπως
3405 3195 3558 3273 εἴρη-

1966 3309 2057 3345 ται
2085 3292 2262 3360 τοῦτο,
2293 3291 2559 3364 παραθεὶς
2586 3292 2683 3363 τὴν
2712 3290 3072 3362 ἀποστολικὴν
3104 3283 3341 3364 φωνὴνῇ
3367 3306 3553 3362 φησιν*

1978 3384 2465 3455 Ἁρπαγνησόμεθα
2496 3384 2565 3437 ἐν
2606 3383 2890 3453 νεφέλαις
2928 3384 3016 3450 εις
3052 3382 3399 3451 ἀπάντησιν
3446 3382 3557 3439 τοῦ

1965 3476 2186 3543 Kvplov
2221 3477 2309 3541 εὶς
2350 3474 2526 3543 ἀέρα,
2571 3474 2669 3527 καὶ
2723 3473 2874 3527 οὕτω
2922 3472 3179 3526 πάντοτε
3212 3470 3334 3527 σὺν
3360 3472 3561 3541 Κυρίῳ

1965 3567 2244 3637 ἐσόμεθα.
2289 3568 2363 3621 Ob
2397 3566 2507 3641 γὰρ
2552 3568 2862 3620 ἐλεύσονται
2905 3565 3025 3618 οὐδε
3058 3564 3449 3619 ἀπελεύσονται
3475 3563 3557 3634 τῷ

1965 3661 2184 3716 Βασιλεῖ
2222 3661 2503 3733 παρθένοι,
2531 3659 2644 3714 ἀλλ’
2680 3657 3159 3729 ἀπενεχθήσονται,
3178 3656 3353 3710 ἄλλων
3384 3655 3557 3722 αὐτὰς

1965 3754 2319 3822 ἀπαγόντων·
2358 3753 2606 3822 ἀγγέλων
2661 3750 2862 3822 δηλαδὴ
2909 3750 3069 3803 θείων
3113 3749 3556 3822 μετεωριζόντων

1965 3848 2134 3911 αὐτὰς
2172 3848 2267 3902 καὶ
2326 3849 2405 3911 εἰς
2435 3848 2571 3918 ὕψος
2602 3847 2963 3919 ἐπαιρόντων,
2995 3844 3071 3907 ὡς
3092 3844 3158 3900 ἂν
3203 3845 3421 3916 εὐμαρῆ
3454 3845 3554 3915 τὴν

1964 3940 2076 3997 ἄνω
2116 3941 2435 4011 ποιήσαιντο
2468 3939 2715 4011 πορείαν.
2781 3935 3315 4007 Ἆπενεχθήσονται
3378 3936 3422 3989 δ’
3484 3936 3556 3989 ἑν

1962 4033 2310 4100 εὐφροσύνῃ
2342 4032 2439 4085 καὶ
2469 4030 2849 4100 ἀγαλλιάσει,
2897 4030 2993 4083 καὶ
3032 4028 3447 4100 εἰσαχθήσονται
3474 4029 3555 4091 εἰς

1963 4124 2088 4177 ναὸν
2119 4122 2402 4197 βασιλέως,
2429 4125 2509 4186 εἰς
2544 4123 2635 4176 τὸν
2691 4119 2840 4179 οἷκον
2869 4122 2956 4175 τὸν
2992 4120 3267 4208 βασιλικὸν
3319 4119 3420 4191 τῆς
3446 4119 3555 4173 τῶν

1962 4214 2209 4285 οὐρανῶν
2228 4213 2505 4285 βασιλείας
2533 4211 2973 4283 καταξιούμεναι.
2998 4207 3147 4275 Ναὸς
3173 4211 3228 4264 δὲ
3251 4207 3397 4274 οἶκος
3417 4210 3553 4264 Θεοῦ

1962 4304 2110 4355 ἐστιν
2136 4319 2148 4332 ·
2173 4301 2313 4355 ὥστε
2338 4304 2470 4366 Θεὸς
2497 4304 2525 4356 ὁ
2550 4302 2813 4366 Βασιλεὺς
2832 4342 2846 4365 ,
2878 4295 2922 4370 ᾦ
2951 4301 3275 4371 ἀπάγονται.
3329 4303 3554 4370 Ἀγουσι

1966 4394 2023 4447 δὲ
2055 4394 2223 4458 αὑτὰς
2256 4395 2419 4448 καὶοί
2450 4394 2520 4451 τὰ
2555 4395 2898 4466 παιδεύματα
2932 4395 3312 4467 παραδιδόντες
3340 4395 3552 4459 αὑταῖς,

1964 4490 1993 4543 ὅ
2024 4506 2082 4543 τε
2118 4490 2300 4560 Νόμος
2324 4489 2416 4543 καὶ
2441 4491 2489 4543 οἱ
2516 4490 2810 4560 προφῆται.

2048 4581 2197 4635 Ἀντί
2228 4581 2348 4634 τῶν
2380 4583 2652 4649 πατέρων
2691 4598 2807 4635 σου
2833 4578 3250 4651 ἐγεννήθησαν
3280 4598 3379 4633 σοι
3412 4581 3551 4635 υἱοί.

1966 4674 2184 4727 Τούτων
2228 4675 2328 4745 τὴν
2380 4674 2615 4728 διάνοιαν
2669 4675 3002 4746 σαφέστερον
3047 4672 3454 4729 ἀποδεδώκασιν
3502 4677 3551 4729 οί

1964 4767 2173 4821 λοιποί’
2202 4768 2232 4820 ὁ
2277 4766 2375 4837 μὲν
2431 4766 2663 4832 Ἀκύλας
2698 4767 2898 4820 εἰπών’
2943 4768 3093 4821 Ἀντὶ
3140 4766 3260 4819 τῶν
3281 4766 3554 4835 πατέριον

1964 4877 2081 4913 σου
2107 4860 2353 4915 ἔσονταί
2398 4874 2500 4914 σοι
2522 4860 2641 4914 υἱοί
2662 4877 2675 4889 ’
2712 4862 2741 4912 ὁ
2767 4860 2826 4914 δὲ
2866 4861 3162 4931 Σύμμαχος
3186 4877 3198 4889 ·
3249 4860 3400 4913 Ἀντὶ
3441 4875 3553 4913 πα-

1963 4952 2150 5021 τέρων
2178 4951 2455 5021 ἐγένοντο
2491 4952 2612 5006 υἱοί
2635 4966 2773 5006 σου.
2813 4952 2876 5005 Ἠ
2904 4952 2947 5004 δ’
2979 4952 3246 5023 ἑρμηνεία
3277 4952 3368 5003 τοῦ
3392 4951 3551 5020 λόγου

1963 5042 2165 5112 ταύτην
2190 5042 2304 5113 ἔχει
2330 5042 2429 5114 τὴν
2451 5042 2707 5097 διάνοιαν⁶
2741 5044 2803 5096 Οἱ
2824 5042 2929 5095 υἱοί
2950 5059 3043 5096 σου
3064 5044 3117 5095 oi.
3145 5044 3204 5095 ἑν
3226 5042 3308 5095 σοὶ
3326 5044 3420 5095 καὶ
3448 5041 3553 5095 ὑπὸ

1965 5134 2059 5189 σοῦ
2076 5152 2305 5205 γεγεννη
2314 5135 2461 5204 μένοι
2481 5136 2601 5189 ἀντὶ
2624 5136 2879 5208 πατέρων
2900 5135 3218 5207 γενήσονταί
3241 5152 3342 5188 σοι.
3369 5134 3551 5200 ’Ἐξεις

1962 5226 2071 5297 γὰρ
2106 5226 2303 5289 αὐτοὺς
2342 5225 2604 5297 πατέρας,
2630 5225 2730 5290 οὓς
2762 5227 2900 5297 αὑτὴ
2929 5225 3282 5297 γεγέννηκας.
3320 5226 3553 5297 Νοήσεις

1960 5317 2019 5370 δὲ
2051 5316 2144 5369 τοῦ
2177 5318 2333 5386 λόγου
2384 5318 2444 5371 τὸ
2475 5318 2818 5389 ἀποτέλεσμα
2839 5358 2853 5382 ,
2883 5319 3181 5390 ἐπιστήσας
3214 5319 3361 5381 ὅπως
3393 5319 3442 5370 οἱ
3491 5316 3553 5382 ἐξ

1963 5411 2133 5465 ἐθνῶν
2188 5411 2494 5481 ἀλλόφυλοι,
2557 5414 2947 5485 προσελθόντες
3008 5416 3067 5484 τῇ
3118 5412 3414 5483 Ἐκκλησία
3455 5411 3550 5465 τοῦ

1960 5505 2118 5568 Θεοῦ,
2156 5507 2248 5559 καὶ
2293 5504 2747 5576 ἀναγεννηθέντες
2795 5508 2853 5559 ἐν
2912 5508 3068 5579 αὐτῇ,
3104 5507 3210 5559 υἱοὶ
3256 5506 3430 5574 αὐτῆς
3465 5505 3553 5573 γί-

1959 5615 2208 5665 γνονται“
2244 5599 2481 5652 κᾶπειτα
2504 5598 2831 5664 ἐπιδιδόντες
2874 5603 2939 5672 τῂ
2984 5603 3233 5673 προκοπῇ
3261 5640 3277 5663 ,
3313 5599 3551 5669 πατέρες

1952 5693 2120 5764 αὐτῆς
2150 5692 2525 5757 καθίστανται,
2556 5695 2919 5767 προαγόμενοι
2961 5699 3041 5760 εἰς
3077 5696 3170 5767 τὴν
3206 5696 3382 5767 αὐτῆς
3412 5711 3548 5765 προ-

342 5840 389 5871 ⁸⁸
506 5837 634 5894 Cor.
670 5857 803 5905 xui.
843 5844 892 5930 9.
975 5844 1017 5875 θδ
1060 5844 1191 5929 ibid.
1236 5846 1316 5902 10.
1396 5848 1438 5879 ⁸⁵
1479 5846 1633 5904 locu.
1676 5864 1786 5917 XIV,
1823 5848 1877 5904 ‘2.
1953 5846 1999 5903 “.5
2040 5847 2277 5933 lTliess.
2315 5865 2387 5918 lii,
2426 5849 2511 5909 ιϐ.
