4138 6386
631 280 742 336 405
1772 281 2176 341 COMMENTA]

2278 331 2279 338 η
2316 282 2385 339 IN
2420 284 2765 347 PSALMOS.
3786 289 3892 346 ‘0‘

634 389 881 454 arao‘lav,
907 389 1123 461 καὶτῆς
1148 391 1430 463 ἱερατικῆς
1466 391 1807 465 λειτουργίας
1850 395 2176 467 καταξιούμε

2278 395 2460 457 trium
2498 397 2763 469 cooptati.
2796 395 3084 463 Quomodo
3117 389 3301 454 au’iem
3315 388 3328 403 ”
3345 393 3470 453 illos
3515 409 3616 467 pro
3642 398 3893 468 patribus
3954 390 3962 400 ’

634 504 737 540 νοι.
787 484 911 549 Πῶς
948 484 992 538 δ’
1018 484 1160 549 ἕξεις
1196 484 1393 549 αὐτοὺς
1415 486 1535 539 ἀντὶ
1571 487 1819 559 πατέρων
1846 488 2176 560 διερμηνεύει

2314 487 2572 541 habitura
2610 487 2711 555 sis,
2750 487 2995 558 apertius
3033 484 3273 557 explicat
3314 485 3402 543 his
3430 486 3649 543 verbis:
3676 483 3895 544 Consti-

632 579 964 651 σαφέστερον
988 578 1161 648 λέγων
1185 596 1198 615 υ
1232 578 1649 647 Καταστήσεις
1668 580 1889 647 αὐτοὺς
1913 581 2175 651 ἄρχοντα

2314 586 2425 631 tues
2454 593 2543 632 eos
2571 578 2833 647 principes
2881 591 3039 646 super
3083 592 3288 632 omnem
3334 584 3554 631 terram.
3595 575 3695 635 His
3724 594 3891 649 porro

625 654 724 725 ἐῖτί
761 671 969 726 πᾶσαν
996 670 1113 739 τὴν
1142 670 1276 741 γῆν.
1302 671 1463 741 Λέγει
1504 672 1561 725 δὲ
1590 671 1759 726 ταῦτα
1800 673 1934 746 πρὸς
1981 674 2078 745 τὴν
2118 676 2176 727 επ

2311 668 2638 737 Ecclesiam,
2668 684 2792 741 quae
2830 669 2887 725 in
2923 676 3072 725 terra
3097 675 3203 735 est,
3236 668 3553 739 alloquitur,
3599 684 3830 742 quaeque
3859 687 3891 726 a

625 762 731 832 γῆς
746 761 1069 833 Ἐκκλησίαν
1086 765 1116 817 ό
1136 762 1311 831 λόγος,
1330 763 1427 834 τὴν
1446 763 1553 816 ἀπὸ
1570 764 1821 834 περάτων
1841 764 1944 828 ’έως
1958 782 2024 817 πε
2033 765 2176 836 ράτω

2308 762 2562 819 terminis
2596 770 2760 819 terra:
2801 777 2979 834 usque
3019 761 3089 817 ad
3123 761 3392 818 terminos
3431 762 3552 832 ejus
3584 765 3843 836 pertingit
3872 781 3885 816 :

622 854 913 925 διήκουσαν
933 871 946 884 ·
982 856 1066 924 ἐφ’
1097 856 1162 926 ἣν
1191 854 1457 925 ἄρχοντας
1491 856 1584 909 καὶ
1618 856 1860 928 πατέρας
1889 859 2013 920 τοὺς
2046 857 2174 910 ἰδίου

2308 853 2365 907 in
2404 854 2565 923 cujus
2614 853 2886 924 principes
2930 860 2985 908 et
3033 858 3240 924 patres,
3284 854 3539 925 proprios
3594 853 3735 911 ﬁlios
3767 858 3887 926 ipsa

623 946 774 1009 υἱοὺς
803 944 941 1017 αὑτὴ
970 946 1005 1018 ἡ
1044 946 1336 1016 Ἐκκλησία
1361 945 1453 999 τοῦ
1480 946 1613 1000 Θεοῦ
1645 946 1984 1019 καθίστησιν.

2305 942 2401 999 Dei
2431 942 2677 999 Ecclesia
2703 942 3011 999 constituit.

693 1039 797 1092 Διὰ
820 1037 996 1092 τοῦτο
1017 1037 1152 1092 λαοὶ
1188 1037 1539 1107 ὑμνήσουσι
1570 1054 1644 1091 σε
1679 1040 1766 1105 είς
1792 1037 1978 1093 αἰῶνα
2004 1038 2172 1108 διηνε

2376 1033 2544 1090 Vens.
2576 1035 2665 1090 i8.
2699 1034 2992 1104 Propterea
3038 1035 3221 1104 populi
3264 1034 3653 1104 conﬁtebuntur
3696 1037 3792 1090 tibi
3830 1053 3887 1092 tn

622 1128 760 1195 κῶς.
806 1129 872 1182 'H
906 1127 1263 1200 προλεχθεῖσα
1294 1128 1538 1201 Θυγάτηρ
1580 1128 1689 1183 τῶν
1720 1130 1985 1201 βασιλέων
2011 1171 2027 1196 ,
2062 1131 2176 1185 αὕτη

2305 1136 2558 1182 wternum
2590 1136 2857 1197 perpetuo.
2893 1124 3033 1181 Filia
3063 1141 3252 1199 regum
3279 1127 3389 1197 jam
3421 1136 3744 1192 memorata,
3774 1129 3883 1183 sci-

619 1220 675 1274 δὲ
710 1216 837 1291 ἦνή
871 1220 964 1273 ἐπὶ
996 1221 1098 1291 γῆς
1131 1219 1447 1291 Ἐκκλησία,
1484 1222 1882 1295 συναισθομένη
1915 1224 2014 1293 τῆς
2040 1223 2176 1278 δυνάε

2302 1220 2431 1274 licet
2464 1218 2712 1275 Ecclesia
2742 1219 2799 1273 in
2822 1224 2972 1273 terra
2993 1216 3223 1290 degens,
3255 1217 3469 1287 paterni
3500 1218 3739 1274 nominis
3767 1218 3881 1273 vir-

621 1328 767 1381 μεως
798 1310 892 1364 τοῦ
920 1310 1186 1383 πατρικοῦ
1232 1312 1518 1382 ὀνόματος,
1549 1313 1848 1384 ἐπειδήπερ
1875 1314 2176 1382 ἐχαρίσατι

2302 1319 2475 1366 tutem
2523 1310 2992 1378 animadvertens,
3049 1309 3312 1380 quoniam
3365 1309 3510 1363 dedit
3567 1310 3651 1379 illi
3692 1326 3881 1364 nomen

615 1402 778 1468 αὐτῷ
811 1402 998 1473 ὄνομα
1033 1405 1099 1457 τὸ
1125 1403 1278 1472 ὑπὲρ
1307 1403 1431 1460 πᾶν
1462 1403 1655 1475 ὄνομα
1676 1421 1689 1433 ’
1728 1407 1829 1459 ἵνα
1865 1407 1935 1459 ἐν
1956 1406 2034 1471 τῷ
2065 1408 2176 1460 όνό

2297 1403 2435 1475 quod
2463 1411 2542 1457 est
2564 1419 2722 1472 super
2751 1420 2904 1459 omne
2933 1418 3151 1468 nomen;
3174 1414 3232 1456 ut
3250 1402 3305 1455 in
3333 1403 3541 1457 nomine
3572 1400 3701 1458 Jesu
3730 1419 3882 1458 omne

609 1512 752 1565 ματι
787 1495 983 1564 Ἰησοῦ
1004 1494 1129 1549 πᾶν
1150 1496 1298 1566 γόνυ
1325 1494 1534 1565 κάμψῃ
1556 1495 1931 1564 ἐπουρανίων
1960 1496 2057 1550 καὶ
2080 1497 2176 1551 ἐπι

2297 1513 2430 1567 genu
2443 1497 2688 1565 ﬂectatur
2703 1496 3013 1561 caelestium,
3038 1495 3365 1551 terrestrium
3393 1503 3442 1549 et
3465 1494 3793 1564 infernarum
3807 1495 3878 1562 ⁸⁷,

614 1589 789 1658 τείων
814 1587 913 1641 καὶ
945 1588 1373 1655 καταχθονίων,
1404 1586 1543 1658 μετά
1604 1587 1704 1651 τὰς
1734 1588 1869 1659 πρὸς
1906 1589 2074 1660 αὐτὴν
2106 1589 2165 1642 λε

2298 1595 2421 1658 post
2445 1587 2602 1642 datas
2639 1586 2744 1643 sibi
2772 1585 3191 1658 promissiones,
3222 1584 3309 1641 his
3332 1584 3558 1642 vocibus
3586 1584 3745 1643 ﬁdem
3776 1586 3877 1643 ha-

610 1681 832 1754 χθείσας
853 1681 1548 1751 ὲπαγγελίας,πιστεύσασα
1575 1684 1800 1752 φωναῖς,
1824 1685 1998 1755 χαρᾶς
2016 1700 2074 1735 τε
2102 1685 2195 1737 καὶ

609 1775 952 1847 εὐφροσύνης
984 1774 1354 1847 πληρωθεῖσα.

608 1885 717 1939 ΕΙΣ
748 1886 835 1939 ΤΟ
870 1886 1113 1945 ΤΕΛΟΣ.
1140 1888 1327 1941 ΥΠΕΡ
1370 1889 1506 1943 ΤΩΝ
1543 1890 1705 1943 ΥῘΩΝ
1745 1889 1942 1957 ΚΟΡΕ,
2010 1891 2191 1944 ΥΠΕΡ

920 1959 1056 2012 ΤΩΝ
1085 1960 1410 2024 ΚΡΥΦΙΩΝ,
1439 1961 1731 2016 ΨΑΛΜΟΣ
1756 1962 1895 2015 ΜΕ’.

658 2102 661 2103 ν
689 2070 743 2122 '0
764 2070 911 2138 Θεὸς
939 2072 1110 2142 ἡμῶν
1136 2074 1449 2145 καταφυγὴ
1478 2075 1576 2130 καὶ
1627 2074 1880 2145 δύναμις
1902 2117 1916 2140 ,
1957 2077 2190 2146 βοηθός

603 2164 674 2218 ἐν
721 2165 970 2233 earum
1008 2164 1137 2231 ταῖς
1185 2167 1510 2235 εὑρούσαις
1564 2166 1724 2237 ἡμᾶς
1774 2167 2029 2237 σφόδρα.
2087 2170 2190 2225 Διὰ

602 2256 780 2312 τοῦτο
808 2259 880 2311 οὐ
910 2259 1373 2327 φοϐηθησόμεθα
1396 2260 1465 2313 ἐν
1492 2260 1572 2325 τῷ
1620 2260 2033 2328 ταράσσεσθαι
2071 2259 2189 2330 τὴν

604 2348 743 2420 γῆν.
773 2350 870 2403 καὶ
889 2350 1309 2421 μετατίθεσθαι
1327 2349 1433 2419 ὄρη
1451 2351 1520 2405 ἐν
1538 2351 1809 2419 καρδίαις
1833 2349 2182 2407 θαλασσῶν.

602 2443 1034 2514 Εὐχαριστήριον
1073 2441 1239 2513 ὖμνον
1265 2442 1580 2513 ἀναπέμπει
1615 2441 1693 2512 τῷ
1729 2442 1977 2513 μεγάλων
2022 2442 2184 2496 αὐτὸν

601 2533 1005 2599 καταξιώσαντι
1047 2535 1075 2586 ὁ
1104 2532 1289 2602 λόγος’
1314 2534 1397 2586 ὃτι
1426 2532 1655 2604 φροῦδος
1706 2534 1858 2587 ἔσται
1886 2574 1900 2598 ,
1933 2531 2183 2604 καθάπερ

600 2626 708 2680 τινὶ
734 2624 1203 2697 παραπεμφθεῖσα
1238 2623 1406 2696 βυθῷ,
1444 2627 1478 2696 ἡ
1506 2625 1669 2680 πάλαι
1700 2627 2023 2697 κρατήσασα
2073 2624 2183 2678 τῶν

598 2719 870 2791 δαιμόνων
889 2718 1135 2783 ἀσέϐεια,
1154 2719 1186 2789 ή
1207 2716 1316 2771 τῶν
1337 2716 1479 2789 ὀρῶν
1504 2718 1579 2789 (1)
1605 2717 1914 2789 μιμουμένη
1941 2717 2002 2771 τὸ
2024 2716 2178 2788 ὕψος,

598 2812 694 2866 καὶ
720 2812 820 2883 τῆς
840 2810 1162 2883 οἰκουμένης
1193 2811 1286 2864 ἐπὶ
1316 2810 1568 2865 πλεῖστον
1588 2813 1851 2883 ἐσχηκυῖα
1875 2809 1936 2864 τὸ
1958 2810 2176 2883 κράτος.

597 2900 731 2957 Εἶτα
762 2903 909 2972 λέγει
937 2904 965 2955 ό
997 2903 1331 2974 προφητικὸς
1365 2901 1541 2970 λόγος,
1577 2901 1653 2965 ὡς
1691 2902 1759 2955 τά
1804 2902 1973 2956 ὕδατα
2012 2901 2181 2974 ζάλην

595 2989 831 3055 ἐδέξατο,
859 2989 953 3043 καὶ
975 2988 1044 3042 τά
1064 2990 1163 3061 ὅρη
1192 2989 1378 3044 κλόνον
1404 2990 1685 3062 ὑπέμεινε,
1708 2990 1802 3044 τοῦ
1825 2991 2179 3060 εὐαγγελικοῢ

2298 1679 2452 1745 hens,
2478 1678 2679 1750 gaudio
2713 1684 2767 1735 et
2798 1677 3167 1734 exsultatione
3194 1676 3453 1748 repletur.

2300 1872 2353 1932 1.
2383 1873 2449 1930 ΙΝ
2479 1873 2690 1935 FINEM
2728 1880 2867 1955 PRO
2900 1882 3335 1955 FlLlleCORE,
3375 1879 3514 1942 PRO
3550 1882 3873 1955 ARCANIS,

2819 1954 3142 2013 PSALMUS
3180 1954 3346 2011 XLV.

2366 2069 2528 2127 Vsus.
2546 2070 2831 2136 2,5.Deus
2864 2078 3044 2126 noster
3069 2069 3333 2141 refugium
3366 2078 3417 2124 et
3446 2071 3634 2136 virtus,
3658 2069 3875 2141 adjutor

2288 2163 2343 2216 in
2377 2163 2808 2218 tribulationibus
2828 2179 2946 2235 qua:
2964 2164 3268 2218 invenerunt
3292 2179 3386 2217 nos
3417 2163 3596 2218 nimis.
3620 2162 3873 2232 Propter-

2287 2272 2350 2309 ea
2388 2272 2491 2310 non
2531 2256 2830 2311 timebimus
2862 2255 2990 2310 dum
3018 2255 3323 2309 turbabitur
3355 2264 3519 2320 terra,
3542 2264 3593 2310 et
3638 2256 3870 2326 transfe-

2287 2357 2471 2402 rentur
2502 2356 2701 2402 montes
2733 2348 2790 2401 in
2822 2364 2914 2402 cor
2953 2348 3204 2404 marium.
3252 2345 3525 2418 Hymnum
3568 2347 3871 2417 gratiarum

2286 2441 2518 2496 actionis
2558 2439 2758 2495 emittit
2789 2441 2841 2495 ei
2872 2441 2969 2510 qui
3000 2440 3216 2511 magnis
3256 2440 3436 2510 ipsum
3467 2438 3745 2495 beneﬁciis
3773 2454 3870 2494 or-

2287 2539 2530 2599 naverat,
2551 2532 2676 2602 quia
2700 2546 2821 2601 quae
2840 2532 2970 2587 olim
3002 2546 3188 2586 rerum
3221 2530 3390 2601 potita
3414 2538 3531 2586 erat
3560 2530 3871 2585 daemonum

2284 2625 2556 2695 impietas,
2587 2633 2642 2680 et
2688 2625 2959 2680 montium
2988 2625 3338 2681 altitudinem
3367 2624 3644 2690 aemulata,
3675 2622 3770 2679 diu
3811 2624 3869 2680 in

2286 2718 2477 2772 orbem
2521 2716 2839 2772 ordinatum
2876 2716 3228 2784 obtinuerat;
3255 2717 3368 2787 jam
3403 2715 3562 2787 quasi
3597 2716 3652 2770 in
3682 2716 3872 2788 gurgi-

2282 2814 2392 2862 tem
2458 2806 2750 2878 quemdam
2814 2806 3080 2878 projecta,
3114 2805 3182 2862 de
3236 2806 3418 2861 medio
3478 2805 3694 2863 sublata
3735 2805 3866 2863 erit.

2282 2898 2489 2955 Deinde
2522 2906 2711 2963 narrat
2739 2899 3093 2971 propheticus
3138 2912 3342 2966 sermo,
3376 2912 3486 2968 quo
3516 2907 3676 2969 pacto
3713 2911 3869 2969 aqua

2280 3002 2604 3064 tempestate
2650 2995 2897 3064 agitalae,
2951 3000 3168 3047 montes
3228 2991 3656 3047 commotionem
3715 2991 3868 3062 passi

594 3081 1128 3154 διαπορθμευομένω
1180 3082 1553 3154 κηρύγματος.
1614 3084 1876 3138 Ἐνταῦθα
1895 3085 1951 3138 δὲ
1990 3086 2088 3158 ὅρη
2119 3086 2176 3140 τὸ

2282 3090 2413 3153 sint,
2452 3087 2582 3145 dum
2613 3088 2821 3146 interea
2856 3086 3172 3156 evangelica
3200 3085 3520 3157 praedicatio
3545 3085 3709 3140 latius
3741 3099 3869 3157 per-

595 3169 703 3223 τῶν
728 3169 997 3241 δαιμόνων
1024 3171 1431 3244 προσηγόρευσε
1465 3176 1650 3243 στῖφος
1687 3173 1776 3228 διὰ
1805 3175 1897 3229 τὸν
1922 3175 2021 3246 τῆς
2048 3177 2181 3230 ἀλα-

595 3261 808 3327 ζονείας
834 3263 998 3332 δγκον
1040 3264 1259 3319 καὶτοῦ
1309 3265 1478 3335 τύφου
1524 3266 1584 3320 τὸ
1617 3267 1851 3339 ὑψηλόν·
1909 3268 2073 3322 ὕδατα
2122 3270 2178 3323 δὲ

595 3353 705 3408 τῶν
737 3354 1040 3427 ἀνθρώπων
1072 3355 1173 3420 τὰς
1206 3356 1453 3428 γνώμας,
1481 3357 1581 3422 τὰς
1614 3358 1770 3430 δίκην
1803 3361 2012 3415 ὑδάτων
2050 3362 2177 3433 τῇδε

594 3443 819 3497 κάκεῖσε
853 3444 1159 3517 φερομένας
1193 3442 1411 3517 ῥᾳδίως,
1436 3448 1532 3501 καὶ
1564 3448 1668 3503 ὑπὸ
1687 3449 1797 3506 τῶν
1831 3451 1930 3523 τῆς
1962 3452 2178 3524 ἀπάτης

594 3536 921 3607 κυκωμένας
948 3536 1292 3608 πνευμάτων.
1329 3536 1515 3591 Ταῦτα
1542 3538 1598 3591 δὲ
1626 3539 1867 3594 διδάσκει
1907 3542 2054 3614 ἡμᾶς
2085 3542 2177 3595 καὶ

592 3632 626 3701 ή
653 3630 763 3684 τῶν
786 3630 1071 3699 Πράξεων
1096 3630 1323 3701 ἱστορία·
1356 3630 1523 3695 ὅπως,
1546 3631 1654 3684 τῶν
1677 3632 1837 3704 ἱερῶν
1864 3633 2175 3687 ἀποστόλων

590 3722 693 3793 τὴν
718 3723 1042 3794 οἰκουμένην
1074 3722 1535 3795 περινοστοῦντων
1557 3765 1572 3789 ,
1617 3725 1785 3796 ζάλης
1835 3727 2177 3797 ὲμπίπλαντο

594 3814 690 3867 καὶ
711 3812 953 3885 θορύϐων
984 3815 1038 3867 ai
1088 3816 1293 3879 πόλεις.
1324 3816 1435 3869 Καὶ
1470 3814 1580 3887 γὰρ
1624 3816 1683 3870 ὲν
1745 3817 1954 3889 Ἐφέσῳ
1991 3819 2175 3891 Δημή-

590 3924 740 3979 τριος
769 3909 949 3961 πᾶσαν
971 3907 1069 3979 τὴν
1098 3907 1253 3961 πόλιν
1279 3906 1526 3962 ὲκύκωσε
1545 3926 1560 3941 ο
1588 3910 1682 3962 καὶ
1703 3910 1762 3963 ὲν
1792 3909 2059 3982 Λύστροις
2081 3912 2175 3965 καὶ

590 3997 766 4071 Δέρϐῃ
783 3998 948 4052 ταὺτὸ
976 3996 1134 4053 τοῦτο
1157 3998 1465 4070 γεγένηται.
1490 3999 1601 4052 Καὶ
1630 3999 1788 4054 πάλιν
1809 4001 1866 4055 ὲν
1889 4001 2175 4065 Φιλίπποις

589 4088 684 4141 καὶ⁸
723 4087 1111 4159 Θεσσαλονίκῃ,
1145 4088 1240 4142 καὶ
1281 4088 1555 4159 Ἀθήναις,
1605 4087 1698 4142 καὶ
1757 4089 2028 4163 Κορίνθῳ,
2063 4091 2172 4145 τῶν

587 4179 689 4249 τῆς
734 4178 951 4250 ἀπάτης
997 4180 1319 4251 πνευμάτων
1356 4180 1527 4233 ταῦτα
1563 4180 1935 4254 διεγειρόντων
1982 4182 2052 4237 τὰ
2084 4182 2174 4236 κύ-

589 4290 756 4343 ματα,
777 4272 884 4328 ὑπὸ
909 4272 1115 4327 τούτων
1129 4274 1272 4338 τινὲς
1294 4274 1674 4346 ὲνεργούμενοι
1704 4276 1843 4330 κατὰ
1870 4276 1978 4330 τῶν
2008 4278 2170 4349 ἱερῶν

586 4363 757 4418 ἐϐόων
784 4365 1133 4419 ἀποστόλων⁹
1171 4369 1234 4421 Ol
1270 4365 1384 4434 τὴν
1424 4368 1790 4437 οἰκουμένην
1820 4370 2167 4424 ἀναστατώ-

582 4472 826 4524 σαντες,
856 4455 1025 4515 οὗτοι
1061 4458 1162 4513 καὶ
1199 4457 1412 4513 ἐνθάδε
1462 4459 1723 4528 πάρεισι.
1778 4462 1961 4515 Ταῦτα
2015 4464 2108 4517 καὶ
2139 4466 2167 4518 ό
2204 4442 2247 4496 D

585 4549 859 4622 μακάριος
904 4553 1309 4624 προηγόρευσεν
1378 4553 1691 4625 Ἀϐακούμ·
1753 4557 2163 4623 Ἐπεϐίϐασας,

580 4644 689 4715 γάρ
715 4661 900 4715 φησιν,
945 4647 1033 4711 είς
1074 4645 1395 4700 θάλασσαν
1444 4647 1585 4712 τοὺς
1616 4648 1841 4714 ἵππους
1865 4664 1982 4703 σου
2006 4690 2019 4713 ,
2064 4667 2163 4703 τα-

572 4735 926 4806 ράσσοντας
956 4738 1146 4793 ὕδατα
1175 4739 1395 4793 πολλά.
1422 4742 1652 4804 Ἵππους
1690 4740 1747 4793 δὲ
1787 4741 2161 4813 προσηγόρευ-

578 4844 672 4882 σεν
700 4830 885 4901 ὄχημα
928 4830 1067 4884 θεῖον
1114 4831 1512 4902 γεγενημένους
1555 4833 1679 4897 τοὺς
1724 4834 1901 4904 ἱεροὺς
1926 4834 2158 4886 ἀποστό-

574 4919 732 4985 λους’
762 4922 850 4974 ἐπ’
876 4921 1055 4974 αὐτῶν
1076 4921 1183 4992 γὰρ
1201 4922 1492 4993 ὀχούμενος
1522 4927 1550 4977 ό
1568 4925 1863 4994 Δεσπότης,
1895 4923 1961 4978 τὰ
1989 4924 2159 4978 πολλά

574 5010 671 5065 καὶ
701 5010 933 5083 διάφορα
958 5013 1055 5084 τῆς
1082 5014 1338 5077 ἀσεϐείας
1369 5015 1611 5086 δόγματα
1637 5016 1965 5070 διεσκέδασε.
2014 5018 2155 5088 Νοή-

572 5119 689 5165 σεις
720 5102 779 5156 δὲ
815 5104 909 5156 καὶ
939 5103 1114 5167 ἄλλως
1144 5104 1243 5174 τὴν
1274 5104 1533 5175 σύγχυσιν
1560 5106 1659 5176 τῆς
1689 5106 1793 5177 γῆς
1816 5106 1910 5159 καὶ
1938 5106 2035 5179 τὴν
2068 5126 2155 5161 τα-

2279 3183 2525 3238 vaderct.
2579 3180 2678 3236 Hic
2732 3195 2899 3251 porro
2964 3179 3275 3235 daemonum
3323 3188 3601 3235 catervam
3647 3185 3866 3234 montes

2280 3282 2583 3345 nuncupat,
2631 3272 2703 3329 ob
2758 3271 3085 3343 arrogantiae
3154 3279 3425 3327 tumorem
3486 3284 3552 3326 ac
3596 3268 3864 3340 superbia:

2279 3366 2657 3432 altitudinem;
2685 3379 2857 3435 aquas
2884 3378 3036 3427 vero,
3067 3363 3354 3417 hominum
3388 3363 3709 3425 sententias,
3741 3377 3865 3432 qua

2280 3472 2550 3529 aquarum
2579 3456 2754 3511 instar
2784 3455 2931 3510 ultro
2973 3456 3223 3527 citroque
3252 3454 3412 3510 facile
3445 3452 3718 3516 feruntur,
3749 3460 3802 3507 et
3830 3468 3862 3507 a

2279 3550 2565 3623 spiritibus
2617 3549 2848 3605 fallaciae
2901 3548 3226 3605 miscentur.
3284 3546 3411 3601 Haec
3472 3546 3736 3601 docemur
3793 3547 3862 3600 ab

2276 3646 2507 3699 Actuum
2543 3643 2775 3699 historia
2808 3661 2823 3696 :
2860 3640 3133 3711 quomodo
3158 3640 3367 3695 scilicet
3388 3653 3511 3694 cum
3535 3636 3707 3693 sancti
3729 3652 3861 3707 apo—

2293 3737 2421 3792 stoli
2477 3738 2665 3791 orbem
2720 3734 3037 3797 circuirent,
3088 3738 3410 3802 tempestate
3461 3738 3625 3801 atque
3686 3730 3865 3784 turbis

2278 3829 2442 3883 urbes
2470 3828 2699 3898 singula:
2726 3825 3099 3896 replebantur.
3125 3822 3409 3893 Siquidem
3434 3821 3634 3893 Ephesi
3664 3820 3861 3877 Deme-

2277 3921 2416 3975 trius
2443 3927 2610 3974 totam
2644 3921 2836 3974 urbem
2889 3918 3112 3973 miscuit
3141 3936 3154 3971 :
3191 3916 3400 3987 Lystris
3422 3923 3476 3970 et
3508 3913 3726 3972 Derbaa.
3775 3913 3859 3967 id-

2275 4013 2453 4083 ipsum
2477 4010 2702 4081 contigit
2731 4030 2744 4065 :
2776 4009 3075 4081 Philippis,
3101 4006 3517 4074 Thessalonice,
3548 4005 3774 4061 Athenis
3805 4014 3861 4061 et

2274 4101 2551 4167 Corinthi,
2614 4100 2899 4171 spiritibus
2980 4098 3209 4153 fallacia:
3275 4094 3595 4167 huiusmodi
3658 4092 3859 4148 ﬂuctus

2274 4194 2579 4257 cientibus,
2614 4191 2840 4262 quidam
2888 4191 2955 4246 ab
2986 4188 3183 4246 iisdem
3231 4186 3446 4244 obsessi
3489 4195 3683 4240 contra
3728 4198 3858 4238 san-

2273 4298 2393 4345 ctos
2428 4287 2707 4358 apostolos
2741 4284 3053 4340 clamabant
3088 4301 3100 4336 :
3136 4280 3210 4335 Hi
3241 4281 3331 4351 qui
3372 4280 3549 4333 orbem
3595 4285 3858 4330 terrarum

2276 4384 2661 4444 subuerterant,
2686 4378 2769 4431 hic
2806 4376 3081 4430 adsunt“.
3109 4374 3236 4428 Haec
3264 4372 3428 4428 etiam
3459 4371 3650 4426 beatus
3672 4366 3854 4421 Ilaba-

2277 4489 2402 4528 cum
2435 4470 2823 4542 praenuntiavit
2842 4487 2853 4521 :
2874 4483 2996 4521 nam
3023 4466 3129 4521 ait:
3165 4464 3436 4519 Induxisti
3454 4463 3508 4515 in
3531 4477 3675 4516 mare
3699 4475 3855 4531 equos

2277 4574 2418 4628 tuos,
2453 4562 2722 4616 turbantes
2773 4576 2938 4629 aquas
2990 4558 3186 4612 multas
3208 4558 3273 4609 ⁸³.
3328 4555 3509 4624 Equos
3547 4567 3677 4607 vero
3719 4551 3857 4607 dixit

2275 4672 2464 4713 sacros
2518 4654 2814 4725 apostolos,
2867 4652 2961 4721 qui
3020 4650 3334 4706 vehiculum
3388 4646 3631 4701 divinum
3675 4642 3854 4704 eli‘ecti

2274 4759 2404 4805 sunt
2440 4768 2452 4803 :
2494 4747 2578 4803 his
2617 4746 2816 4816 quippe
2855 4750 3047 4798 vectus
3082 4741 3346 4795 Dominus
3381 4738 3551 4791 multa
3592 4739 3855 4806 variaque

2274 4839 2570 4913 impietatis
2614 4838 2867 4907 dogmata
2918 4832 3226 4903 dissipavit.
3258 4831 3380 4884 Alio
3425 4842 3643 4899 quoque
3686 4827 3857 4881 modo

2271 4944 2434 4989 terra:
2458 4931 2837 4986 confusionem
2868 4943 2931 4983 ac
2963 4924 3433 4997 perturbatidnem
3460 4922 3737 4989 intelligas
3756 4963 3768 4986 ,
3802 4922 3852 4978 si

2276 5027 2617 5081 Salvatorem
2646 5023 2838 5078 audias
2868 5022 2983 5076 haec
3007 5021 3277 5075 dicentem
3315 5037 3328 5073 :
3370 5018 3553 5088 Ignem
3585 5017 3699 5071 ueni
3726 5015 3851 5075 mit-

2266 5131 2371 5175 tere
2404 5118 2461 5170 in
2490 5125 2716 5179 terram;
2761 5122 2809 5167 et
2859 5111 2983 5183 quid
3033 5110 3147 5166 volo
3173 5111 3220 5164 si
3242 5110 3361 5179 jam
3392 5124 3642 5162 accensus
3673 5105 3850 5162 est”!

574 5193 750 5264 ραχὴν
773 5194 969 5263 αὐτῆς,
1006 5195 1219 5250 ἀκούων
1270 5195 1365 5248 τοῦ
1404 5196 1655 5268 Σωτῆρος
1698 5197 1978 5267 λέγοντος⁸
2026 5199 2153 5266 Πῦρ

2278 5213 2327 5267 3t
2359 5224 2579 5265 rursum
2614 5226 2626 5262 :
2658 5205 2837 5261 Nolite
2858 5214 3047 5275 putare
3098 5202 3237 5273 quod
3266 5202 3490 5257 venerim
3514 5214 3695 5268 pacem
3726 5197 3849 5256 mit-

574 5277 770 5351 ἦλθον
787 5284 1007 5349 βαλεῖν
1054 5286 1153 5339 ἐπὶ
1196 5285 1312 5355 τὴν
1337 5285 1489 5357 γῆν
1522 5288 1623 5342 καὶ
1660 5291 1719 5343 τί
1747 5290 1900 5345 θέλω
1928 5293 1982 5344 εὶ
2036 5290 2153 5359 ἤδη

2283 5320 2367 5360 ere
2424 5316 2578 5369 super
2627 5308 2825 5352 terram
2868 5312 2885 5349 :
2937 5312 3041 5350 non
3106 5297 3221 5350 veni
3266 5311 3446 5365 pacem
3494 5294 3715 5357 mittere,
3758 5289 3848 5345 sed

572 5373 853 5445 ἀνήφθη;
885 5378 978 5431 καὶ
1007 5378 1167 5431 πάλιν
1190 5395 1204 5408 ⁸
1234 5379 1332 5447 Μὴ
1358 5381 1665 5451 νομίσητε,
1696 5382 1784 5437 ὅτι
1810 5380 2001 5453 ἦλθον
2039 5384 2155 5447 ,βα-

572 5464 710 5518 λεῖν
744 5465 992 5536 εἰρήνην
1023 5468 1123 5521 ἐπὶ
1149 5468 1263 5538 τὴν
1284 5468 1433 5541 γῆν·
1467 5472 1579 5526 οὐκ
1604 5468 1790 5543 ἦλθον
1831 5474 2048 5540 βαλεῖν
2077 5477 2158 5529 εἰν

2261 5396 2519 5469 gladium.
2568 5392 2692 5446 Veni
2735 5391 2875 5445 enim
2928 5404 3177 5456 separare
3224 5389 3487 5444 hominem
3532 5404 3565 5440 a
3597 5394 3766 5455 patre,
3795 5392 3847 5439 st

2263 5487 2433 5557 filiam
2462 5501 2495 5537 a
2518 5492 2705 5545 matre,
2738 5492 2786 5537 et
2814 5495 3008 5535 nurum
3036 5497 3068 5534 a
3103 5497 3286 5550 socru,
3311 5488 3358 5541 et
3389 5478 3589 5541 inimici
3620 5474 3853 5537 Hominis.

642 5625 689 5659 "
727 5624 925 5699 Philip.
958 5644 1033 5698 ιι,
1072 5630 1157 5688 10.
1232 5631 1277 5666 ⁸⁸
1314 5632 1435 5690 Act.
1468 5651 1618 5692 xrvu
1699 5638 1732 5690 ε
1830 5640 1874 5672 ⁸9
1917 5637 2120 5695 ilabac.
2156 5656 2172 5696 ι

2292 5642 2379 5698 15.
2457 5643 2502 5674 ⁹⁰
2541 5639 2672 5697 Luc.
2706 5656 2817 5706 xu,
2856 5637 2950 5696 49.

648 5741 946 5814 (1)“ορέων.
