4138 6386
265 334 373 393 ιον

999 333 1269 391 EUSEBII
1311 333 1791 392 CESABIENSIS
1829 335 1978 392 ΟΡΡ.
2019 337 2202 393 PARS
2239 335 2324 392 Ill.
2362 368 2430 380 —-
2469 335 2876 402 EXECETICA.

3419 337 3523 393 408

266 446 540 508 domestici
569 445 740 515 ejus"
763 463 781 522 ;
803 459 866 500 ac
892 444 937 499 si
971 447 1211 516 apertius
1226 447 1432 502 diceret
1460 446 1558 502 :Et
1580 450 1840 521 cuiusque

1943 452 2164 521 ρήνην,
2189 452 2349 507 ἀλλὰ
2365 451 2686 522 μάχαιραν.
2727 441 2950 506 ’Ἡλθον
2995 449 3106 520 γὰρ
3141 449 3382 523 διχάσαι
3417 453 3520 506 dr-

268 540 599 594 domesticos
639 537 892 594 inimicos
928 540 1102 609 ipsius
1139 539 1377 595 eflicere.
1417 540 1558 607 Quid
1589 559 1727 614 opus
1761 555 1845 600 est

266 635 470 693 dicere,
507 633 745 701 integras
774 631 1046 697 civitates,
1077 634 1331 703 pepulos,
1376 643 1564 706 gentes
1599 636 1842 707 cujusvis

266 725 480 795 generis
502 725 566 778 de
593 725 902 798 evangelica
920 725 1167 780 doctrina
1188 728 1533 796 perturbatas
1552 744 1694 794 esse,
1714 732 1842 801 quia

263 827 496 872 veterem
528 831 682 873 suam
736 818 1184 882 superstitionem
1228 819 1297 874 de
1348 821 1528 875 medio
1583 823 1843 879 tolleret?

264 906 462 962 Verum
497 907 563 966 iis
593 911 923 978 perturbatis
956 917 1010 964 et
1041 911 1311 976 confusis,
1346 911 1608 968 Ecclesiae
1648 917 1742 970 ﬁlii
1777 931 1841 971 ac

263 1000 523 1070 praesules
574 1000 692 1068 ejus
748 1001 961 1066 dicunt,
996 1001 1120 1058 Non
1162 1004 1478 1059 timebimus.
1512 1005 1679 1060 Deum
1711 1023 1841 1062 vero

261 1090 420 1160 quasi
449 1091 730 1160 proprium
775 1093 880 1146 sibi
926 1104 1231 1148 memorant
1263 1095 1529 1161 dicentes,
1563 1095 1704 1150 Deus
1744 1113 1841 1148 no-

262 1190 391 1245 ster,
415 1181 482 1235 ad
500 1181 862 1236 ditiorentiam
888 1200 1075 1238 eorum
1106 1188 1198 1255 qui
1229 1202 1256 1240 a
1291 1189 1546 1257 gentibus
1574 1202 1669 1257 per
1696 1203 1843 1242 erro-

262 1283 374 1322 rem
406 1269 481 1323 dii
510 1271 884 1324 nominantur.
917 1271 1072 1338 Quod
1123 1276 1168 1330 si
1221 1277 1468 1331 homines
1509 1278 1685 1332 solum
1721 1286 1839 1329 tur-

262 1362 376 1416 bati
419 1360 673 1426 fuissent,
721 1372 804 1416 sat
860 1373 979 1419 erat
1031 1367 1269 1423 dixisse:
1334 1367 1470 1422 Dum
1529 1369 1842 1423 turbabitur

262 1463 405 1508 terra
435 1468 542 1507 non
571 1455 886 1511 timebimus
933 1471 946 1512 :
983 1468 1038 1509 at
1069 1460 1326 1526 quoniam
1363 1461 1590 1514 occultae
1613 1461 1839 1514 virtutes

264 1560 328 1598 ac
352 1545 624 1599 daemones
653 1547 873 1616 maligni
905 1547 974 1602 ob
1005 1550 1299 1605 salutarem
1334 1549 1663 1616 doctrinam,
1689 1566 1840 1606 com-

263 1634 556 1688 motionem
584 1641 638 1688 et
677 1641 1054 1716 tempestatem
1081 1640 1229 1708 passi
1269 1641 1557 1709 sunt,jure
1587 1657 1682 1695 eos
1709 1656 1842 1711 quo-

264 1739 370 1793 que
399 1725 557 1794 quasi
597 1726 868 1793 occultos,
911 1734 967 1780 et
1021 1729 1252 1783 aliorum
1302 1731 1548 1800 aspectui
1607 1731 1838 1787 latentes

1947 547 2184 612 θρωπον
2203 543 2353 598 κατὰ
2381 543 2486 598 τοῦ
2508 543 2751 611 πατρὸς,
2783 543 2882 595 καὶ
2917 541 3206 611 θυγατέρα
3230 542 3379 596 κατὰ
3414 541 3521 611 τῆς

1940 637 2183 706 μητρὸς,
2214 638 2311 689 καὶ
2340 638 2586 705 νύμφην
2624 642 2774 690 κατὰ
2798 634 2909 704 τῆς
2943 635 3254 704 πενθερᾶς,
3292 637 3387 690 καὶ
3423 638 3522 706 ἐκ.

1942 716 2064 796 θροὶ
2085 729 2188 781 τοῦ
2224 727 2535 796 ἀνθρώπου
2585 731 2636 781 οἱ
2672 727 2926 781 οἰκιακοὶ
2965 726 3169 779 αὐτοῦ·
3194 726 3326 780 ὡσεὶ
3353 725 3522 795 σαφέ-

1946 836 2135 890 στερον
2163 819 2335 887 ἔλεγε·
2373 819 2483 872 Καὶ
2509 819 2736 890 ἐχθροὺς
2771 819 2999 872 ἑκάστου
3038 819 3259 887 ποιῆσαι
3292 818 3418 881 τοὺς
3446 821 3522 872 οἱ-

1945 913 2173 976 κιακοῦς
2204 911 2389 966 αὐτοῦ.
2421 913 2485 966 Τί
2507 913 2608 984 χρὴ
2634 913 2833 980 λέγειν,
2859 911 2933 975 ὡς
2962 911 3054 964 καὶ
3083 910 3265 973 πόλεις
3286 910 3403 967 ὅλαι
3429 911 3523 964 καὶ

1941 1004 2102 1074 δῆμοι
2128 1003 2252 1076 ἔθνη
2287 1022 2346 1057 τε
2379 995 2604 1058 παντοῖα
2631 1005 2722 1057 ἐπὶ
2749 1004 2826 1074 τῷ
2858 1003 3197 1076 εὐαγγελικῷ
3233 1004 3376 1075 λόγῳ
3398 1020 3522 1057 συν-

1941 1097 2209 1168 εχύθησαν
2239 1138 2252 1158 ,
2297 1096 2562 1168 λυομένης
2597 1098 2778 1160 αὐτοῖς
2802 1097 2900 1167 τῆς
2927 1097 3160 1161 παλαιᾶς
3197 1097 3522 1167 δεισιδαιμο.

1941 1188 2097 1251 νίας;
2143 1187 2299 1241 Ἀλλά
2319 1187 2522 1240 τούτων
2545 1187 2958 1258 ταραττομένων
2989 1189 3080 1241 καὶ
3122 1185 3518 1257 συγχεομένων.

1940 1281 1990 1331 οἱ
2015 1283 2111 1350 τῆς
2149 1281 2472 1350 Ἐκκλησίας
2504 1281 2607 1333 υἱοὶ
2631 1281 2725 1333 καὶ
2753 1279 3093 1350 προεστῶτες
3131 1280 3300 1348 αὐτῆς
3333 1294 3515 1347 φασιν

1945 1373 2027 1424 Οὐ
2058 1372 2538 1440 φοϐηθησόμεθα.
2592 1369 2991 1430 Ἰδιοποιοῦνται
3037 1370 3092 1423 δὲ
3127 1370 3216 1422 τὸν
3258 1367 3388 1422 Θεὸν
3430 1367 3521 1420 λέ-

1942 1476 2148 1528 γοντεςο
2189 1461 2249 1512 '0
2275 1460 2418 1526 Θεὸς
2447 1459 2634 1529 ἡμῶν,
2662 1461 2797 1531 πρὸς
2823 1457 3224 1529 ἀντιδιαστολὴν
3261 1456 3368 1512 τῶν
3420 1473 3519 1510 πε-

1942 1551 2302 1621 πλανημένως
2329 1551 2478 1623 παρὰ
2509 1555 2622 1615 τοῖς
2660 1553 2867 1607 ἔθνεσιν
2909 1550 3320 1623 ὀνομαζομένων
3360 1549 3516 1603 θεῶν.

1943 1639 2052 1691 Καὶ
2085 1642 2131 1691 εί
2170 1641 2268 1710 μὲν
2311 1641 2586 1713 ἄνθρωποι
2632 1643 2791 1712 μόνον
2840 1644 3230 1712 ἐταράσσοντο,
3279 1643 3519 1713 ἀπήρκει

1943 1734 2118 1783 εἰπεῖν
2140 1750 2152 1762 ο
2218 1733 2306 1786 Ἐν
2338 1732 2415 1803 τῷ
2443 1733 2812 1804 ταράσσεσθαι
2861 1735 2960 1805 τὴν
2984 1734 3088 1804 γῆν
3127 1734 3187 1786 οὐ
3213 1731 3520 1804 φοϐηθησό-

262 1815 572 1884 adumbrat,
608 1816 796 1872 dicens
825 1819 1143 1887 “,translatos
1193 1836 1316 1877 esse
1371 1831 1588 1878 montes
1642 1824 1700 1877 in
1743 1840 1838 1878 cor

1947 1824 2085 1893 μεθα
2111 1841 2122 1853 ·
2161 1825 2282 1877 ἐπεὶ
2309 1825 2364 1876 δὲ
2394 1825 2486 1877 καὶ
2505 1826 2727 1894 ἀφανεῖς
2749 1824 3006 1894 δυνάμεις
3035 1824 3126 1877 κα)⁵
3146 1823 3396 1892 δαίμονες
3419 1838 3517 1875 πο⁹

263 1907 516 1962 marium.

1943 1919 2102 1987 νηρο“ι
2152 1918 2244 1969 ἐπὶ
2272 1917 2350 1987 τῷ
2378 1919 2627 1990 σωτηρίῳ
2673 1918 2814 1986 λόγῳ
2842 1917 3028 1970 κλόνον
3076 1917 3167 1970 καὶ
3189 1914 3346 1969 σάλον
3392 1915 3522 1967 ὲπε-

264 1995 545 2062 πόνθεσαν,
585 2001 810 2063 εἰκότως
835 2003 928 2056 καὶ
979 2002 1106 2074 περὶ
1133 2003 1358 2066 τούτων,
1395 2003 1583 2076 ὥσπερ
1622 2003 1872 2076 κρυφίων
1911 2006 2004 2058 καὶ
2043 2007 2410 2060 λανθανόντων
2437 2008 2561 2070 τοὺς
2585 2007 2692 2059 τῶν
2709 2007 2882 2060 ἄλλων
2918 2005 3249 2076 ὀφθαλμοὺς,
3278 2002 3520 2076 ᾐνίττετο

262 2090 504 2181 φάσκων,
534 2094 627 2146 καὶ
646 2096 1026 2165 μετατίθεσθαι
1054 2097 1154 2168 ὅρη
1179 2098 1238 2149 ὲν
1265 2097 1461 2169 καρδίᾳ
1492 2097 1797 2152 θαλασσῶν.

341 2210 508 2269 Vens.
542 2215 596 2268 4.
634 2213 932 2267 Sonuerunt
961 2224 1008 2268 et
1041 2214 1266 2270 turbata:
1292 2225 1414 2270 sunt
1441 2233 1591 2286 aqua:
1619 2233 1798 2270 eorum
1824 2231 1842 2269 :

267 2304 571 2372 conturbati
601 2316 723 2358 sunt
773 2317 974 2360 montes
1013 2307 1069 2360 in
1114 2307 1427 2376 fortitudine
1475 2309 1609 2378 ejus.
1665 2307 1842 2363 Hosce

268 2403 481 2451 montes
527 2411 592 2450 ex
657 2399 969 2468 evangelica
1035 2399 1307 2462 doctrina,
1367 2402 1670 2470 spiritualia
1743 2419 1842 2458 ne-

257 2487 442 2558 quitiae
471 2503 594 2542 esse
622 2488 923 2559 intelliges.
957 2487 1090 2542 Nam
1131 2492 1352 2560 quando
1387 2493 1686 2549 lunaticum
1723 2495 1844 2549 Sal-

257 2565 413 2646 vator
467 2581 700 2643 curavit,
749 2581 830 2633 sic
896 2581 1197 2650 discipulos
1245 2583 1530 2651 alloquens
1583 2585 1767 2639 intulit
1824 2605 1838 2640 :

258 2671 424 2742 Amen
475 2671 594 2723 dico
649 2669 813 2734 vobis,
847 2673 894 2726 si
933 2672 1222 2727 habueritis
1263 2673 1422 2742 ﬁdem
1451 2677 1588 2728 sicut
1618 2694 1844 2747 granum

257 2761 476 2828 sinapis,
499 2761 683 2816 dicetis
708 2766 870 2816 monti
895 2764 1016 2818 huic
1040 2783 1055 2815 :
1083 2765 1276 2819 Transi
1293 2766 1578 2832 hincilluc,
1603 2781 1650 2822 et
1672 2780 1850 2824 trans-

256 2851 352 2931 ibit
382 2869 402 2906 :
433 2861 484 2907 et
513 2853 644 2908 nihil
687 2856 1010 2925 impossibile
1055 2860 1154 2911 erit
1208 2857 1348 2912 vobis
1382 2861 1428 2891 ⁸³
1461 2877 1474 2912 :
1510 2875 1673 2930 supra
1731 2877 1847 2916 me-

256 2953 526 3001 moratum
556 2943 883 3002 daemonium
913 2958 1148 3005 montem
1173 2967 1519 3021 nuncupans.
1549 2953 1665 3019 Quo
1684 2965 1844 3023 pacto

255 3045 436 3092 autem
455 3040 509 3093 in
529 3054 625 3094 cor
642 3041 871 3095 marium
901 3043 1550 3109 montestransl‘erantm,
1575 3062 1638 3099 ex
1667 3046 1846 3100 Evan-

2023 2216 2297 2284 Ἦκησαν
2348 2215 2446 2268 καὶ
2489 2214 2908 2285 ἐταράχθησαν
2951 2215 3024 2268 τὰ
3073 2214 3262 2267 ὕδατα
3288 2213 3514 2268 αὐτῶν·

1947 2307 2364 2374 ἐταράχθησαν
2410 2305 2482 2359 τὰ
2520 2305 2625 2374 ὄρη
2654 2306 2724 2357 ἐν
2763 2303 2838 2372 τῇ
2887 2307 3262 2372 κραταιότητι
3309 2304 3514 2360 αὑτοῦ.

1946 2398 2177 2467 Νοήσεις
2199 2397 2254 2449 δὲ
2273 2395 2447 2449 ταῦτα
2464 2394 2532 2448 τὰ
2555 2395 2657 2466 ὅρη
2682 2392 2751 2446 τὰ
2771 2393 3117 2464 πνευματικὰ
3135 2393 3235 2462 τῆς
3258 2392 3518 2465 πονηρίας

1946 2489 2052 2542 ἀπὸ
2075 2489 2172 2558 τῆς
2210 2488 2572 2557 εὐαγγελικῆς
2599 2485 2959 2548 διδασκαλίας.
3005 2483 3268 2555 Ὀπηνίκα
3296 2483 3404 2556 γὰρ
3428 2482 3519 2540 τδν

1947 2580 2395 2651 σεληνιαζόμενον
2415 2581 2444 2632 ό
2490 2578 2676 2650 Σωτὴρ
2705 2577 2910 2643 ἰάσατο,
2945 2578 3192 2648 ἐπιφέρει
3217 2575 3389 2644 λέγων
3407 2579 3518 2641 τοῖς

1951 2672 2218 2744 μαθηταῖς
2238 2689 2251 2702 ·
2291 2670 2468 2741 Ἀμὴν
2493 2670 2648 2740 λέγω
2667 2670 2828 2740 ὑμῖν,
2859 2671 2967 2724 ἐὰν
2993 2671 3169 2737 ἔχητε
3195 2670 3403 2723 πίστιν
3437 2669 3519 2734 ὡς

1947 2767 2168 2819 κόκκον
2189 2763 2508 2829 σινάπεως,
2537 2761 2720 2830 ἐρεῖτε
2744 2761 2823 2827 τῷ
2840 2761 2958 2829 ὄρει
2979 2763 3167 2827 τούτῳ
3187 2777 3200 2792 ο
3225 2758 3519 2826 Μετάϐηθι

1946 2857 2225 2910 ἐντεῦθεν
2249 2856 2406 2908 ἐκεῖο
2435 2856 2530 2908 καὶ
2551 2853 2967 2924 μεταϐήσεται,
3009 2853 3107 2906 καὶ
3144 2852 3323 2908 οὐδὲν
3372 2851 3518 2907 ἀδυ-

1948 2947 2198 3011 νατήσει
2223 2945 2366 3015 ὑμῖν
2385 2963 2398 2976 ·
2434 2946 2558 3017 ὅρος
2576 2947 2662 2999 ὀνο
2670 2945 2856 3017 μάζων
2879 2946 2940 2998 τὸ
2968 2944 3308 3016 προδηλωθὲν
3333 2943 3520 3015 δαιμό-

1950 3055 2080 3092 νιον.
2110 3039 2232 3101 Πῶς
2268 3039 2312 3092 δ’
2343 3039 2399 3090 ἐν
2424 3038 2616 3109 καρδίᾳ
2638 3037 2920 3092 θαλασσῶν
2946 3037 3285 3108 μετατίθεται
3307 3036 3374 3090 τὰ
3394 3037 3516 3108 ὅρη,

256 3129 400 3196 gelio
419 3129 718 3185 secundum
737 3130 933 3186 Lucam
959 3133 1171 3189 ediscas
1205 3136 1348 3198 licet,
1385 3135 1475 3187 ubi
1500 3135 1725 3199 dicitur,
1746 3136 1840 3190 da:-

1954 3127 2146 3199 μάθοις
2180 3128 2244 3182 ἂν
2286 3128 2393 3181 ἀπὸ
2439 3129 2532 3182 τοῦ
2562 3129 2702 3182 κατὰ
2735 3130 2947 3182 Λουκᾶν
3008 3128 3360 3197 Εὑαγγελίου,
3391 3127 3518 3182 ἔνθα

257 3235 447 3281 mones
503 3219 839 3278 Salvatorcm
891 3239 1146 3295 rogasse,
1176 3241 1245 3281 ne
1293 3228 1614 3297 praeciperet
1667 3228 1842 3283 eisin

257 3312 510 3383 abyssum
581 3315 814 3385 migrare
854 3317 919 3372 ⁸³.
952 3318 1222 3388 Abyssum
1247 3335 1410 3388 porro
1477 3321 1617 3375 solet
1696 3321 1846 3374 Scri-

257 3411 416 3473 ptura
469 3407 744 3476 appellare
777 3409 972 3475 maria,
1023 3419 1082 3463 ut
1123 3411 1176 3464 in
1208 3410 1310 3465 Job
1340 3412 1544 3467 dicitur
1580 3431 1592 3468 :
1644 3413 1845 3467 Venisti

255 3504 432 3561 autem
460 3497 515 3564 in
536 3513 701 3562 mare,
727 3509 775 3566 et
798 3503 851 3555 in
882 3503 1118 3572 vestigiis
1156 3502 1334 3573 abyssi
1370 3505 1736 3559 ambulasti”.
1771 3505 1845 3561 De

254 3588 357 3642 hac
389 3590 588 3660 abysso
623 3593 736 3647 haec
766 3595 989 3648 tradidit
1017 3594 1230 3665 Moyses
1264 3597 1320 3650 in
1353 3596 1539 3668 mundi
1573 3597 1789 3666 opiﬁcio
1826 3617 1839 3657 :

261 3677 327 3758 Et
361 3680 582 3735 tenebrat
611 3699 773 3753 supra
803 3687 1133 3755 abyssum”.
1168 3687 1236 3740 At
1262 3690 1389 3740 dum
1437 3687 1551 3740 haec
1585 3695 1839 3756 aguntur,

255 3768 432 3840 inquit
465 3786 477 3822 :
517 3771 632 3825 Non
659 3773 957 3835 timebimus
993 3778 1143 3844 aquis
1177 3779 1487 3830 sonantibus
1515 3787 1563 3830 et
1594 3780 1840 3843 turbatis,

263 3863 540 3917 commotis
594 3865 860 3919 montibus
907 3867 962 3919 in
1018 3868 1318 3929 celebritate
1361 3868 1498 3938 ejus,
1540 3870 1839 3925 secundum

258 3955 672 4028 Symmachum.
741 3960 1043 4016 Celebritas
1117 3969 1298 4015 autem
1358 3959 1656 4017 Salvatoris
1723 3971 1843 4017 erat

262 4044 515 4104 Ecclesia:
546 4050 960 4113 incrementum,
993 4058 1046 4103 et
1074 4049 1366 4103 multitudo
1409 4050 1746 4106 credentium
1781 4051 1837 4104 in

259 4137 462 4205 ipsum,
499 4148 660 4209 atque
692 4142 989 4196 multorum
1027 4141 1252 4195 deorum
1287 4142 1495 4196 erroris
1528 4142 1762 4197 eversio.

1946 3220 2180 3292 εἴρηται,
2211 3222 2292 3274 ὅτι
2326 3221 2667 3292 παρεκάλουν
2692 3221 2782 3273 τὸν
2809 3222 3035 3292 Σωτῆρα
3062 3221 3110 3272 oi
3137 3221 3405 3291 δαίμονες,
3432 3220 3517 3274 ἵνα

1948 3314 2024 3384 μὴ
2055 3314 2283 3385 ἐπιτάξῃ
2314 3314 2494 3376 αὐτοῖς
2519 3316 2596 3376 είς
2621 3313 2718 3384 τὴν
2749 3314 2981 3368 ἄϐυσσον
3019 3312 3290 3366 ἀπελθεῖν.
3327 3312 3435 3383 Τὴν
3461 3313 3518 3366 δὲ

1944 3406 2180 3460 ἄϐυσσον
2206 3405 2394 3459 εἴωθεν
2424 3408 2457 3476 ἠ
2484 3406 2674 3477 Γραφὴ
2703 3406 2888 3459 καλεῖν
2916 3405 3205 3472 θαλάσσας,
3241 3407 3312 3470 ὡς
3358 3408 3411 3460 ὲν
3439 3405 3518 3477 τῷ

1956 3497 2076 3552 Ἰὼϐ
2099 3499 2342 3568 εἴρηται·
2375 3493 2589 3563 ’Ἦλθες
2617 3497 2669 3550 δ’
2695 3498 2794 3550 ἐπὶ
2827 3499 2938 3565 τῆς
2969 3497 3287 3564 θαλάσσης
3306 3515 3317 3526 ·
3353 3498 3422 3550 ἐν
3450 3496 3520 3550 δὲ

1945 3592 2182 3660 ἵχνεσιν
2205 3592 2482 3645 ἀϐύσσου
2503 3590 2965 3658 περιεπάτησας.
3002 3591 3138 3660 Περὶ
3181 3590 3381 3659 ταύτης
3419 3589 3520 3660 τῆς

1945 3682 2181 3738 ἀϐύσσου
2208 3684 2302 3736 καὶ
2334 3683 2570 3752 Μωῡσῆς
2599 3684 2654 3735 ὲν
2683 3685 2748 3752 τῇ
2793 3681 3116 3751 κοσμοποιίᾳ
3156 3680 3399 3733 ἐδίδασκε
3432 3679 3520 3733 λέ-

1943 3789 2054 3842 γων
2075 3791 2088 3809 ο
2119 3774 2226 3827 Καὶ
2259 3775 2478 3839 σκότος
2506 3772 2703 3826 ἐπάνω
2732 3772 2841 3840 τῆς
2865 3773 3161 3826 ἀϐύσσου.
3213 3769 3374 3823 Ἀλλὰ
3403 3769 3518 3822 τούο

1939 3882 2047 3918 των
2071 3863 2391 3936 γινομένωνο
2437 3864 2646 3933 Ἡμεῖς,
2679 3864 2874 3935 φησὶν,
2918 3865 2990 3917 οὐ
3036 3863 3516 3932 φοϐηθησόμεθα,

1939 3957 2252 4027 ἠχούντων
2277 3959 2373 4010 καὶ
2395 3957 2774 4026 θολουμένων
2802 3956 2920 4011 τῶν
2935 3957 3166 4010 ὑδάτων
3184 3953 3400 4019 αὐτῶν,
3420 3954 3517 4008 καὶ

1942 4052 2266 4118 σειομένων
2329 4049 2514 4118 ὀρέων
2552 4050 2623 4103 ἐν
2676 4049 2755 4115 τῷ
2814 4047 3252 4120 παραδοξασμῷ
3307 4048 3515 4111 αὑτοῦ,

1943 4142 2086 4196 κατὰ
2114 4144 2202 4196 τὸν
2246 4143 2559 4214 Σύμμαχον.
2609 4139 2958 4214 Ἐνδοξασμδς
3009 4143 3062 4196 δὲ
3105 4140 3172 4215 ἦν
3203 4143 3294 4198 τοῦ
3336 4142 3520 4212 Σωτῆ-

256 4235 525 4304 ροςὴτῆς
561 4236 884 4308 Ἑκκλησίας
939 4237 1162 4306 αὔξησις
1192 4238 1283 4289 καὶ
1315 4237 1632 4309 πληουσμὸς
1670 4237 1777 4291 τῶν
1826 4240 1904 4319 είς
1941 4240 2101 4292 αὑτὸν
2150 4240 2534 4305 πιστευόντων,
2591 4240 2625 4310 ἦ
2688 4257 2744 4293 τε
2797 4239 3072 4311 ἀνατροπὴ
3111 4241 3210 4311 τῆς
3258 4238 3517 4292 πολυθέου

256 4327 484 4400 πλάνης.

324 4420 633 4492 Diapsalma
663 4422 1066 4477 distinctionem
1100 4424 1242 4478 inter
1264 4440 1327 4478 ea
1353 4439 1474 4494 quas
1497 4423 1649 4494 prius
1666 4423 1836 4489 dicta,

2015 4423 2087 4474 Τὸ
2114 4421 2392 4492 διάψαλμα
2435 4419 2716 4490 διαστολην
2750 4421 3041 4490 εἰργάσατο
3092 4421 3191 4492 τῆς
3234 4421 3342 4475 τῶν
3387 4438 3524 4494 rspo-

251 4527 303 4572 et
352 4537 471 4591 qum
503 4522 605 4576 sub
637 4521 751 4575 haec
785 4521 1016 4574 dicenda
1072 4527 1199 4576 sunt
1247 4520 1427 4575 ellicit.
1470 4519 1835 4585 Quamobrem

253 4626 318 4667 ac
355 4613 399 4668 si
437 4613 601 4666 alium
642 4615 696 4667 in
723 4612 970 4667 ordinem
1012 4628 1193 4666 sermo
1227 4611 1613 4675 transferatur,
1646 4611 1837 4681 paciﬁ-

251 4717 376 4756 cum
405 4702 659 4758 Ecclesim
713 4710 914 4758 statum
947 4718 1301 4772 rursum.per
1335 4703 1625 4771 aenigmata
1661 4701 1835 4772 signi-

252 4792 396 4860 ficat,
418 4811 580 4863 quam
606 4796 676 4850 ob
707 4795 1025 4864 religiosum
1056 4795 1179 4849 vitae
1210 4795 1522 4856 institutum
1553 4794 1834 4848 civitatem

253 4885 346 4940 Dei
377 4869 556 4940 vocat.
592 4885 727 4954 Nam
763 4888 956 4942 civitas
999 4887 1093 4942 Dei
1144 4895 1228 4943 est
1272 4894 1449 4942 castus
1491 4903 1702 4952 eorum,
1748 4886 1838 4954 qui

250 4975 553 5032 secundum
601 4974 770 5031 Deum
826 4976 993 5030 vitam
1053 4978 1367 5042 instituunt,
1409 4978 1502 5046 qui
1547 4977 1657 5047 jam
1716 4977 1842 5030 uni-

250 5082 466 5123 versum
511 5069 682 5138 replet
713 5069 924 5143 urbem.
959 5068 1242 5140 Siquidem
1275 5071 1341 5123 ab
1369 5073 1578 5124 oriente
1600 5069 1714 5123 sole
1745 5085 1840 5123 us-

251 5177 359 5231 que
390 5161 458 5216 ad
484 5163 821 5219 occidentem
853 5167 1012 5220 talem
1045 5163 1137 5236 Dei
1161 5165 1437 5218 civitatem
1466 5165 1705 5234 reperire
1731 5172 1835 5226 est,

249 5252 317 5305 ab
348 5251 594 5309 Ecclesia
638 5258 1018 5325 constitutam,
1056 5265 1178 5323 qua:
1209 5257 1488 5320 cmlestem
1527 5269 1835 5322 sermonem

248 5343 302 5397 in
356 5360 415 5400 se
464 5349 852 5404 scaturientem
919 5365 983 5404 ac
1032 5352 1331 5408 stillantem
1383 5351 1624 5412 habens,
1689 5349 1837 5402 omni

248 5435 431 5490 divina
459 5438 642 5494 lretitia
680 5442 936 5511 repletur.
966 5443 1158 5512 Aquila
1185 5459 1315 5498 vero
1339 5450 1394 5498 et
1423 5441 1786 5514 Symmachus
1821 5459 1833 5494 :

251 5521 542 5592 Fluminis,
587 5531 864 5599 inquiunt,
908 5532 1192 5587 divisiones
1246 5534 1519 5603 lwtiﬁcant
1572 5533 1836 5587 civitatem

255 5615 370 5671 Dei.
401 5617 534 5683 Quae
564 5621 674 5674 sint
701 5638 865 5692 porro
900 5624 1004 5678 illae
1033 5623 1356 5692 divisiones,
1389 5633 1539 5681 recte
1565 5624 1837 5694 percipies

1940 4513 2242 4585 λεχθέντων
2280 4511 2519 4574 διανοίας
2568 4511 2703 4582 πρὸς
2736 4511 2801 4564 τὰ
2859 4511 3119 4585 μέλλοντα
3163 4513 3516 4585 ῥηθήσεσθαι.

1941 4611 2141 4678 Διόπερ
2180 4608 2255 4678 ὡς
2289 4608 2380 4658 ἐπὶ
2425 4606 2612 4677 ἕτερον
2637 4606 2824 4676 τάγμα
2846 4605 3039 4669 διαϐὰς
3059 4609 3087 4660 ὁ
3116 4605 3306 4675 λόγος,
3358 4609 3520 4666 πάλιν

1939 4701 2002 4754 δι’
2033 4700 2301 4770 αἰνιγμῶν
2321 4701 2420 4776 τῆς
2464 4697 2788 4767 Ἐκκλησίας
2812 4697 2905 4750 τοῦ
2927 4698 3192 4770 Osci-ripa
3238 4703 3520 4773 εἰρηνικὴν

1942 4794 2274 4846 κατάστασιν
2327 4793 2600 4862 σημαίνει,
2653 4792 2719 4862 ἢν
2761 4791 2914 4844 πόλιν
2943 4790 3039 4844 τοῦ
3077 4790 3212 4844 Θεοῦ
3267 4793 3520 4863 ὀνομάζει

1940 4886 2028 4939 διὰ
2053 4887 2112 4938 τὸ
2141 4886 2388 4948 θεοσεϐὲς
2411 4884 2726 4953 πολίτευμα.
2757 4883 2893 4936 Θεοῦ
2917 4883 2973 4936 δὲ
2998 4884 3152 4948 πόλις
3172 4885 3231 4938 τὸ
3249 4885 3355 4940 τῶν
3380 4888 3522 4940 κατὰ

1941 4977 2074 5030 Θεὸν
2107 4976 2538 5046 πολιτευομένων
2572 4975 2858 5044 σύστημα’
2897 4974 3054 5028 τοῦτο
3081 4976 3256 5047 δὲτὴν
3306 4977 3524 5048 σύμπαν

1944 5087 2040 5123 σαν
2072 5069 2396 5139 οἰκουμένην
2447 5067 2662 5138 πληροῖ.
2724 5067 3050 5139 Ἐπειδηπερ
3094 5070 3202 5121 ἀπὸ
3249 5069 3522 5124 ἀνατολῶν

1942 5163 2091 5234 ἡλίου
2122 5162 2281 5231 μέχρι
2312 5158 2532 5228 δυσμῶν
2567 5158 2712 5211 ἔστιν
2745 5160 2925 5229 εὑρεῖν
2951 5160 3040 5212 διὰ
3066 5161 3164 5229 τῆς
3196 5161 3522 5231 Ἑκκλησίας

1943 5253 2338 5323 συνισταμένην
2369 5249 2466 5320 τὴν
2519 5249 2776 5318 τοιαύτην
2814 5249 2948 5320 Θεοῦ
3009 5251 3182 5317 πόλιν,
3223 5252 3345 5322 ἥτις
3371 5293 3386 5318 ,
3430 5251 3522 5307 τὸν

1940 5345 2189 5417 οὐράνιον
2223 5343 2419 5413 ἔχουσα
2451 5340 2610 5407 λόγον
2637 5339 2949 5409 πηγάζοντα
2992 5342 3048 5414 ἐν
3074 5343 3210 5413 αὐτῇ
3236 5343 3328 5395 κα)⁵
3357 5345 3523 5415 ἀνομ-

1941 5437 2193 5509 ϐροῢντα,
2222 5437 2402 5506 πάσης
2431 5434 2618 5505 θεῖκῆς
2645 5433 2984 5504 εὐφροσύνης
3005 5435 3326 5506 πληροῦται.
3359 5435 3521 5490 Ἀκύ-

1938 5532 2035 5592 λας
2063 5531 2119 5582 δὲ
2151 5532 2243 5582 καὶ
2271 5528 2586 5599 Σύμμαχοςο
2615 5527 2726 5580 Τοῦ
2752 5526 3042 5596 ποταμοῦ,
3079 5530 3262 5594 φασιν,
3296 5531 3356 5582 al
3376 5530 3524 5584 διαισ-

1931 5621 2138 5689 ρέσεις
2162 5621 2556 5688 εὐφραίνουσι
2589 5618 2704 5685 τὴν
2734 5618 2918 5671 πόλιν
2945 5617 3048 5671 τοῦ
3077 5617 3242 5671 Θεοῦ.
3291 5619 3519 5689 Noton;

326 5771 370 5828 “.
411 5769 600 5843 Matth.
632 5788 698 5841 ι,
733 5774 925 5856 Eni-56.
1000 5778 1044 5831 ξ’
1085 5775 1274 5834 Matth.
1309 5793 1447 5848 xvii,
1486 5777 1574 5833 19.
1653 5777 1698 5809 ’³
1738 5775 1870 5832 Luc.
1909 5792 2039 5844 vni,
2073 5775 2161 5831 .5l.
2238 5777 2282 5808 ‘“
2320 5773 2422 5847 Job
2457 5790 2698 5848 xxxviii,
2739 5774 2824 5828 l6.
2901 5775 2945 5805 °'
2987 5772 3122 5829 Gen.
3164 5789 3218 5840 ι,
3250 5773 3306 5847 2.
