4138 6386
355 393 464 450 409

1479 392 1984 449 COMMENTABEA
2026 391 2091 446 IN
2130 390 2470 468 ΡεΑωιοε.

3516 392 3623 460 uo

357 515 417 568 δὲ
441 513 538 577 τὰς
565 513 853 585 διαιρέσεις
884 511 1106 566 ἀκούων
1137 512 1349 567 Παύλου
1389 513 1668 580 λέγοντος·
1709 511 1931 580 Διαιρέ-

2038 510 2082 566 si
2121 508 2352 564 Paulum
2376 507 2569 564 audias
2593 507 2862 563 dicentem
2898 524 2915 562 :
2949 506 3243 561 Diuisione:
3273 521 3387 559 vero
3412 509 3618 577 gratia-

2041 616 2164 652 rum
2197 608 2341 662 sunt,
2385 596 2524 653 idem
2561 606 2736 650 autem
2778 595 3044 663 Spiritus;
3078 605 3128 651 et
3159 596 3437 652 divisiones
3465 600 3618 651 mini-
3659 625 3674 644 ιι

355 618 489 672 σοις
540 605 925 675 χαρισμάτων
954 605 1104 669 εισι,
1135 605 1203 658 τὸ
1236 604 1289 657 δ’
1337 605 1484 659 αὐτὸ
1510 606 1785 674 Πνεῦμασ
1841 605 1946 678 καὶἱ

358 697 678 767 διαιρέσεις
711 695 1028 752 διακονιῶν
1075 702 1256 765 εἰσιν,
1285 699 1317 751 ό
1337 695 1411 750 δὲ
1465 697 1650 764 αὐτὸς
1687 700 1933 765 Κύριος·

358 789 456 844 καὶ
489 789 815 858 διαιρέσεις
832 789 990 842 εἰσὶν
1003 789 1436 858 ἐνεργημάτων,
1465 791 1500 844 ό
1512 789 1562 841 δ’
1579 791 1760 854 αὐτὸς
1775 790 1935 854 Θεὸς,

361 883 394 935 ό
420 879 684 949 ἐνεργῶν
719 882 792 934 τὰ
827 879 1024 934 πάντα
1051 881 1121 933 ὲν
1142 880 1351 935 πᾶσιν.

441 972 679 1040 Ἡγίασε
705 971 771 1025 τὸ
794 972 1086 1042 σκήνωμα
1115 973 1299 1026 αὐτοῦ
1340 977 1372 1026 ό
1414 975 1720 1041 Ὕψιστος.
1781 971 1938 1025 Κατά

359 1064 415 1117 δὲ
445 1064 534 1118 τὸν
569 1065 863 1136 Σύμμαχον
890 1084 902 1094 ·
947 1066 1013 1118 Τὸ
1057 1065 1228 1133 ἅγιον
1264 1063 1374 1132 τῆς
1419 1063 1938 1132 κατασκηνώσεως

355 1158 467 1211 τοῦ
515 1156 818 1226 Ὑψίστου.
851 1157 1109 1227 Μεγάλης
1159 1157 1268 1227 γὰρ
1293 1154 1461 1227 οὔσης
1491 1157 1584 1209 καὶ
1612 1156 1808 1228 πολλῆς
1837 1156 1938 1226 τῆς

359 1248 588 1312 πόλεως,
624 1247 738 1301 ἐστι
767 1265 819 1301 τι
841 1248 1012 1318 αὐτῆς
1037 1247 1098 1299 τὸ
1127 1246 1422 1317 ἐξαίρετον.
1457 1246 1577 1298 Τῶν
1610 1233 1724 1317 ¹γὰρ
1765 1248 1821 1299 ὲν
1867 1249 1933 1318 τῇ

372 1338 667 1411 Ἐκκλησία
699 1339 832 1393 πολὺ
861 1339 958 1410 μὲν
976 1339 1036 1391 τὸ
1060 1339 1186 1393 ἄλλο
1215 1337 1438 1408 πλῆθος,
1463 1337 1677 1390 σπανίοι
1700 1339 1754 1391 δὲ
1788 1339 1840 1390 οἱ
1869 1341 1935 1409 τῇ

359 1433 622 1506 ἀγιοσύνῃ
645 1431 1282 1504 προσανακείμενοι,-καὶ
1321 1428 1418 1500 τὴν
1459 1427 1678 1498 ἐντολὴν
1723 1428 1822 1500 τὴν
1853 1429 1938 1482 λέ-

358 1542 574 1595 γουσαν·
628 1526 806 1594 Ἀτιοι
847 1523 1096 1587 ἔσεσθε,
1149 1523 1238 1575 ὅτι
1291 1521 1406 1590 ἐγὼ
1461 1524 1676 1589 Κύριος
1708 1527 1740 1576 ὁ
1793 1523 1937 1589 Θεὸς

309 1642 314 1646 ·
358 1617 525 1688 ὑμῶν
555 1617 740 1686 ἅγιος,
800 1617 1174 1686 φυλάττοντες.
1235 1616 1344 1668 Καὶ
1375 1617 1433 1668 ὲν
1479 1615 1687 1679 τούτοις
1731 1633 1788 1667 τε
1826 1618 1936 1679 τοῖς

361 1712 537 1779 ἁγίοις
567 1713 599 1782 ή
635 1711 1054 1780 κατασκήνωσις
1078 1709 1326 1762 λέλεκται
1354 1704 1488 1760 εἶναι
1516 1706 1610 1760 τοῦ
1654 1707 1932 1776 Ὑψίστου·

359 1806 417 1856 ὲν
439 1804 620 1874 μόνοις
639 1803 746 1874 γὰρ
768 1803 948 1863 αὐτοῖς
972 1802 1152 1874 χώραν
1178 1802 1287 1872 ἔχει
1313 1804 1343 1873 ἡ
1373 1803 1653 1870 φάσκουσα
1683 1800 1775 1853 τοῦ
1801 1799 1934 1853 Θεοῦ

2044 691 2360 750 strationum
2383 687 2674 751 sunt,idem
2686 696 2860 742 autem
2883 687 3131 742 Dominus
3153 687 3230 750 ἐς
3261 697 3311 742 et
3338 687 3618 744 divisiones

2039 783 2401 851 opera-tionum
2452 791 2595 845 sunt,
2645 779 2787 833 idem
2870 795 2989 834 vero
3030 779 3193 843 Deus,
3227 781 3318 851 qui
3371 789 3619 850 operatur

2039 873 2220 928 omnia
2263 874 2317 926 in
2363 871 2624 925 omnibus.

2109 966 2472 1034 Sanctiﬁcavit
2509 962 2908 1017 tabernaculum
2940 977 3094 1014 suum
3142 960 3474 1018 Altissimus.
3520 959 3619 1016 Su-

2037 1058 2276 1111 cundum
2322 1055 2708 1128 Symmachum
2744 1061 2949 1118 autem,
2997 1053 3248 1108 Sanctum
3274 1054 3615 1109 habitationis

2038 1149 2324 1204 Altissimi.
2351 1147 2488 1202 Cum
2539 1161 2736 1216 magna
2762 1147 2962 1217 quippe
3011 1153 3065 1200 et
3092 1146 3356 1216 populosa
3386 1147 3456 1200 sit
3482 1147 3619 1201 civi-

2038 1253 2142 1310 tas,
2203 1241 2453 1312 quaedam
2515 1239 2636 1308 ejus
2686 1239 2865 1308 portio
2928 1237 3143 1292 caeteris
3188 1243 3431 1308 prastat.
3481 1235 3614 1290 Nam

2036 1350 2229 1389 eorum
2260 1332 2426 1404 quiin
2463 1327 2710 1385 Ecclesia
2745 1331 2969 1400 degunt,
3020 1337 3104 1384 est
3157 1329 3378 1400 quidem
3427 1327 3616 1400 ingens

2037 1426 2144 1480 alia
2173 1423 2484 1489 multitudo,
2521 1424 2615 1479 sed
2649 1423 2760 1477 rari
2792 1422 3082 1476 admodum
3109 1422 3200 1491 qui
3237 1419 3516 1476 sanctitati
3558 1437 3618 1476 se

2036 1518 2256 1582 dedant,
2291 1527 2346 1573 et.
2402 1517 2505 1572 hoc
2554 1523 2884 1587 praeceptum
2918 1513 3141 1569 :Sancti
3169 1514 3339 1578 eritis,
3369 1511 3617 1582 quoniam

2035 1628 2126 1681 ego
2159 1609 2418 1664 Dominus
2452 1607 2593 1662 Deus
2618 1615 2782 1661 vester
2806 1615 3020 1660 sanctus
3045 1619 3162 1658 sum
3201 1603 3268 1667 ⁸⁷,
3304 1603 3615 1656 observent.

2037 1701 2092 1755 ln
2126 1701 2331 1756 sanctis
2362 1714 2491 1752 vero
2523 1697 2836 1752 hominibus
2894 1687 3161 1750 Altissimi
3194 1691 3460 1748 habitatio
3491 1708 3616 1748 esse

2036 1791 2256 1846 dicitur.
2289 1789 2348 1844 ln
2378 1789 2461 1844 his
2492 1788 2690 1858 quippe
2714 1787 2846 1841 solis
2873 1786 2990 1839 haec
3036 1783 3129 1839 Dei
3164 1799 3268 1838 vox
3303 1785 3482 1839 locum
3517 1781 3616 1836 ha-

357 1873 542 1964 φωνή·
588 1873 910 1960 Ἐνοικήσω
935 1873 1005 1945 ἐν
1049 1892 1252 1959 αὐτοῖς
1295 1893 1393 1946 καὶ
1435 1892 1928 1962 ἐμπεριπατήσω·

2038 1883 2121 1936 bet
2149 1901 2160 1935 :
2196 1879 2508 1936 Inhabitabo
2541 1880 2594 1932 in
2643 1878 2751 1931 illis
2782 1887 2830 1931 et
2862 1876 3222 1930 inambulabo.
3258 1873 3326 1928 Et
3364 1891 3453 1930 ero
3485 1873 3614 1928 illo-

357 1985 455 2039 καὶ
502 1984 715 2054 ἔσομαι
753 1983 952 2038 αὐτῶν
994 1984 1156 2050 Θεὸς,
1213 1985 1313 2040 καὶ
1351 1984 1518 2053 αὐτοὶ
1565 1985 1810 2038 ἔσονταί
1834 2001 1934 2052 μοι

289 2093 292 2100 ‘
356 2077 525 2142 λαός.

439 2169 501 2221 '0
534 2167 677 2233 Θεὸς
697 2166 952 2237 ἐνμέσῳ
980 2164 1166 2234 αὐτῆς
1197 2168 1268 2220 οὐ
1287 2164 1732 2231 σαλευθήσεται
1749 2183 1761 2195 ·
1785 2165 1934 2232 ,ϐοη-

358 2261 530 2326 θήσει
561 2259 718 2329 αὐτῇ
749 2264 781 2314 ό
810 2259 948 2327 Θεὸς
982 2260 1061 2325 τῷ
1083 2259 1250 2328 πρωῒ,
1291 2260 1456 2326 πρωΐ.
1488 2259 1712 2330 Ἕτερος
1740 2258 1797 2311 δὲ
1825 2258 1925 2311 πά-

356 2351 438 2404 λιν
489 2351 680 2424 φησίν⁸
730 2347 896 2422 Οἶμαι
953 2351 1110 2404 αὐτὸν
1152 2349 1478 2403 αἰνίττεσθαι
1537 2349 1635 2413 τὰς
1694 2348 1932 2420 πρωῖνάς

359 2443 624 2507 συνόδους,
655 2445 713 2496 ὲν
745 2439 833 2506 αἷς
871 2441 1140 2513 εἰώθαμεν
1168 2443 1308 2496 κατά
1338 2441 1436 2506 τὰς
1479 2442 1789 2512 ἁπανταχοῦ
1830 2441 1934 2511 γῆς

357 2531 651 2605 ἐκκλησίας
710 2532 1145 2602 συγκροτεῖτθαι.
1204 2531 1314 2583 Καὶ
1358 2529 1532 2592 ἄλλως
1577 2529 1633 2581 δὲ
1679 2527 1933 2598 διεγείρει

357 2627 506 2697 ἡμᾶς
533 2625 593 2678 τὸ
613 2625 790 2694 λόγιον
821 2625 914 2679 καὶ
951 2625 1206 2695 παρορμᾷ
1232 2622 1324 2676 ἐπὶ
1365 2622 1462 2685 τὰς
1499 2619 1726 2683 ἑωθινὰς
1769 2636 1935 2690 προσ-

359 2717 523 2788 ευχάς
548 2735 560 2747 ·
591 2718 656 2770 ἵν’
681 2716 869 2788 ὥσπερ
896 2714 994 2778 τὰς
1016 2715 1270 2784 ἀπαρχὰς
1293 2713 1393 2783 τῆς
1421 2711 1624 2764 ἑαυτῶν
1651 2709 1790 2780 ζωῆς
1812 2710 1938 2762 ἀνα-

358 2810 621 2881 φέροιμεν
670 2808 852 2880 αὐτῷ·
913 2807 1049 2861 κατὰ
1098 2806 1204 2879 γὰρ
1264 2804 1482 2867 τούτους
1533 2803 1657 2865 τοὺς
1712 2800 1934 2871 καιροὺς

359 2900 636 2971 ἀτάραχος
698 2896 828 2953 οὖσα
879 2899 1110 2970 μάλιστα
1167 2901 1200 2968 ἡ
1257 2895 1643 2966 κεκαθαρμένη
1704 2893 1932 2955 διάνοια,

360 2991 552 3062 ἱερέως
614 2987 811 3064 τρόπον
873 2991 1204 3062 λειτουργεῖν
1255 2986 1414 3041 εἴωθε
1472 2985 1548 3056 τῷ
1611 2983 1748 3054 Θεῷ.
1809 2980 1936 3036 Διά-

358 3085 592 3152 ψαλμα.

447 3173 893 3243 Ὲταράχθησαν
929 3175 1094 3241 ἔθνη,
1118 3172 1368 3226 ἔκλιναν
1386 3168 1695 3234 βασιλεῖαι
1711 3185 1722 3196 ’
1751 3166 1935 3221 ἔδωκε

2039 1991 2156 2026 rum
2178 1973 2338 2039 Deus,
2383 1982 2433 2026 et
2465 1972 2568 2042 ipsi
2594 1978 2746 2024 erunt
2777 1969 2903 2022 mihi
2937 1968 3157 2037 populus
3192 1968 3258 2019 ⁸⁸.

2104 2150 2272 2206 Vens.
2295 2149 2347 2204 6.
2385 2147 2527 2203 Deus
2556 2149 2610 2202 in
2643 2147 2812 2202 medio
2857 2147 2993 2216 ejus;
3025 2162 3128 2200 non
3163 2143 3607 2212 commovebitur:

2036 2243 2306 2312 adjuvabit
2329 2258 2445 2295 eam
2462 2239 2604 2294 Deus
2633 2257 2788 2294 mane
2813 2239 3071 2292 diluculo.
3103 2238 3257 2292 Alius
3287 2239 3484 2291 iterum
3501 2237 3606 2290 ait:

2033 2335 2284 2389 Arbitror
2323 2333 2504 2403 ipsum
2550 2331 2850 2384 matutinos
2900 2335 3204 2383 conventus
3259 2326 3607 2389 adumbrare,

2035 2427 2191 2498 queis
2224 2427 2276 2480 in
2305 2423 2581 2480 universis
2639 2422 2789 2477 orbis
2823 2419 3074 2476 ecclesiis
3124 2419 3439 2473 convenire.
3465 2417 3610 2472 sole-

2037 2535 2179 2574 mus.
2211 2517 2362 2572 Alias
2391 2531 2521 2571 vero
2574 2513 2677 2570 hoc
2724 2527 2976 2568 sermone
3001 2513 3344 2565 concitamur
3385 2516 3438 2562 et
3474 2508 3614 2561 invi-

2037 2615 2218 2662 tamur
2243 2605 2311 2660 ad
2334 2604 2632 2658 matutinas
2661 2616 2874 2672 preces,
2903 2608 2963 2654 ut
2993 2614 3086 2654 eas
3113 2614 3212 2655 ceu
3239 2598 3362 2651 vitae
3413 2602 3615 2650 nostra:

2036 2697 2304 2768 primitias
2327 2695 2430 2765 ipsi
2459 2693 2755 2750 oll‘eramus
2780 2709 2794 2757 ;
2821 2692 2928 2746 isto
2951 2691 3093 2744 enim
3121 2687 3356 2742 maxime
3373 2695 3614 2756 tempore

2036 2804 2190 2842 mens
2221 2785 2499 2841 inturbida
2528 2791 2582 2838 et
2614 2788 2867 2852 purgata,
2896 2779 3200 2835 sacerdotis
3225 2778 3420 2844 instar,
3456 2791 3614 2833 sacra

2035 2878 2146 2935 Deo
2165 2877 2364 2935 oll‘erre
2385 2877 2546 2934 solet.
2572 2873 2910 2943 Diapsalma.

2105 3160 2272 3216 Vens.
2313 3161 2364 3227 7,
2391 3160 2443 3215 8.
2491 3157 2837 3214 Conturbataz
2885 3165 3007 3211 sunt
3046 3162 3221 3227 gentes
3262 3162 3310 3208 et
3351 3152 3613 3208 inclinata

359 3236 792 3332 umqvvaurozi,
825 3236 1123 3330 ἐσαλεύθη
1147 3265 1185 3331 ἡ
1225 3260 1322 3332 γῆ.
1368 3258 1630 3313 Ἐνταῦοα
1670 3257 1795 3320 τοὺς
1837 3257 1935 3326 τὴν

2041 3255 2162 3300 sunt
2217 3259 2422 3316 regna:
2458 3242 2603 3297 dedit
2625 3257 2799 3296 uocem
2834 3257 3008 3304 suam,
3043 3251 3188 3294 mota
3211 3248 3287 3294 est
3321 3248 3480 3293 terra.
3512 3236 3614 3291 Hic

359 3355 464 3425 γῆν
488 3353 768 3417 οἰκοῦντας
791 3352 1110 3424 ἀνθρώπους
1134 3353 1343 3421 εἰσάγει
1366 3350 1818 3422 ταραττομένους,
1841 3348 1938 3410 τάς

358 3463 419 3499 τε
452 3448 546 3500 ἐπὶ
567 3449 668 3518 γῆς
701 3447 976 3516 βασιλείας
1002 3445 1360 3516 ὀπλιζομένας
1391 3443 1532 3497 κατὰ
1569 3442 1670 3511 τῆς
1710 3440 1938 3512 Ἐκκλη-

362 3538 503 3602 σίας,
551 3541 644 3592 καὶ
682 3540 916 3610 πόλεμον
955 3539 1248 3610 αἰρομένας
1275 3537 1416 3590 κατὰ
1443 3535 1536 3589 τοῦ
1583 3533 1936 3604 εὑαγγελικοῦ

360 3630 538 3698 λόγου.
564 3627 674 3684 Εἴθ’
701 3631 890 3703 ὥσπερ
920 3633 976 3684 ἐν
999 3633 1119 3694 ταῖς
1147 3628 1439 3698 συμϐολαῖς
1467 3667 1480 3691 ,
1518 3625 1938 3697 ἐπικρατοῦντος

360 3723 453 3776 τοῦ
483 3723 590 3776 τῶν
619 3723 893 3777 νικώντων
919 3723 1118 3794 μέρους
1140 3762 1156 3786 ,
1203 3721 1264 3774 τὸ
1313 3718 1554 3772 ἐναντίον
1608 3717 1936 3788 ταράττεται

362 3819 456 3871 καὶ
508 3820 589 3881 εἰς
627 3818 804 3889 φυγὴν
853 3819 1046 3888 χωρεῖ·
1082 3813 1224 3868 οὕτω
1252 3812 1347 3866 καὶ
1399 3809 1525 3874 νῦν,
1560 3807 1814 3870 νικῶντος
1842 3805 1936 3859 τοῦ

361 3910 717 3980 εὐαγγελικοῦ
751 3909 931 3979 λόγου,
963 3907 1387 3976 ἐταράχθησαν
1406 3903 1549 3970 ἔθνη
1575 3900 1671 3954 καὶ
1689 3900 1940 3953 ἔκλιναν

356 4002 687 4067 βασιλεῖαι,
714 4001 770 4072 ἢ,
805 3998 1293 4069 περιετράπησαν
1315 3991 1644 4059 βασιλεῖαι,
1673 3987 1815 4047 κατά
1846 3987 1937 4040 τόν

362 4095 676 4166 Σύμμαχον.
720 4091 878 4144 Ἀλλά
908 4091 1002 4144 καὶ
1026 4089 1259 4149 διδόντος
1285 4085 1467 4155 φωνὴν
1508 4079 1674 4135 αὐτοῦ
1719 4079 1936 4151 διελύθη

359 4189 392 4258 ὴ
423 4165 515 4259 γῆί.
563 4185 669 4239 Τοῦ
696 4183 804 4256 γὰρ
834 4179 1187 4250 εὐαγγελικοῦ
1219 4178 1376 4246 λόγου
1410 4173 1606 4227 νεωστὶ
1633 4165 1942 4242 περιιόντος

357 4282 438 4345 εἰς
459 4280 549 4334 τὸν
580 4278 715 4350 βίον,
749 4275 1065 4346 ξενιζόμενα
1093 4272 1160 4324 τὰ
1193 4270 1320 4339 ἔθνη
1344 4309 1360 4334 ,
1407 4270 1502 4322 καὶ¹
1531 4267 1631 4338 τὴν
1663 4265 1934 4338 προτέραν

357 4373 536 4429 αὐτῶν
561 4368 979 4440 δεισιδαιμονίαν
1006 4363 1378 4419 διεκδικοῦντα
1407 4358 1730 4428 συνεκινήθη
1749 4374 1762 4386 ·
1799 4356 1853 4409 οἴ
1875 4371 1934 4407 τε

357 4465 560 4519 τούτων
610 4462 847 4534 βασιλεῖς
893 4458 1268 4526 ἐπανέστησαν
1316 4457 1382 4524 τῇ
1429 4449 1745 4522 Ἐκκλησία.
1794 4447 1934 4502 Ἀλλ’

359 4561 483 4612 ἐπεὶ
511 4560 539 4611 ὁ
571 4557 702 4620 Θεὸς
722 4553 1012 4624 καταφυγὴ
1044 4551 1213 4620 αὐτῆς
1235 4545 1324 4620 ἦν,
1371 4549 1417 4600 οἱ
1464 4547 1664 4608 πάντες
1706 4542 1935 4615 ἀνετρά-

361 4663 564 4719 πησαν,
616 4645 778 4697 πλέον
816 4644 965 4697 οὐδὲν
1018 4642 1051 4712 ἢ
1089 4638 1271 4709 φωνὴν
1317 4637 1484 4709 μόνην
1545 4635 1638 4687 τοῦ
1691 4635 1939 4704 Σωτῆρος

359 4717 516 4811 ἡμῶν
582 4736 890 4799 δεδωκότος.
949 4717 1177 4788 Ἔδωκε
1219 4731 1328 4802 γὰρ
1377 4726 1588 4798 φωνὴν
1629 4726 1843 4790 αὐτοῦ,
1891 4727 1929 4794 ἡ

357 4831 768 4885 δ“ἐσαλεύετο.
799 4827 963 4880 Ποίαν
987 4827 1044 4880 δὲ
1061 4822 1295 4896 φωνὴνῆ
1320 4821 1417 4893 τὴν
1445 4821 1532 4874 διὰ
1547 4819 1640 4872 τοῦ
1660 4818 1938 4891 κηρύγμα-

359 4941 449 4988 τος
477 4923 584 4976 τῶν
608 4921 918 4976 ἀποστόλων
947 4917 1142 4982 abaci};
1181 4915 1418 4978 Εἰκότως
1446 4909 1539 4967 οὖν
1569 4912 1728 4966 πάλιν
1774 4913 1937 4981 ἡμεῖς

359 5019 409 5070 οἱ
457 5016 714 5088 ἀνωτέρω
759 5013 1058 5085 εἰρηκότες·
1105 5011 1158 5063 Ὀ
1207 5009 1350 5074 Θεὸς
1409 5005 1578 5076 ἡμῶν
1621 5001 1934 5072 καταφυγὴ

358 5109 458 5164 καὶ
483 5107 754 5177 δύναμις,
784 5104 883 5176 τὴν
905 5103 1072 5174 αὐτὴν
1101 5100 1388 5172 ὁμολογίαν
1413 5095 1936 5166 ὲπαναλαμϐάνομεν

359 5200 626 5269 λέγοντες,
661 5200 743 5253 ὅτι
777 5196 851 5267 μὴ
877 5194 936 5261 ἐξ
960 5192 1234 5265 ἡμετέρας
1263 5190 1545 5260 δυνάμεως
1592 5186 1661 5240 τά
1701 5185 1936 5239 τοσαῦτα

359 5290 782 5364 κατορθώματα,
816 5284 930 5340 ἀλλ’
952 5281 1020 5356 ἦν
1050 5283 1165 5355 μεθ’
1207 5280 1362 5353 ἡμῶν
1395 5283 1424 5334 ὁ
1475 5276 1647 5333 ταῦτα
1699 5275 1938 5347 ἐνεργῶν

361 5383 563 5456 Κύριος
575 5384 682 5436 τῶν
705 5381 1004 5451 δυνάμεων.
1024 5377 1193 5438 Αὐτός
1213 5392 1270 5428 τε
1287 5370 1354 5443 ἦν
1376 5371 1753 5438 ἀντιλήπτωρ
1772 5367 1940 5438 ἡμῶν

362 5479 557 5542 όΘεός
584 5473 808 5528 Ἰακώϐ.
849 5471 1132 5543 Εὑκαῖρως
1156 5469 1212 5520 δὲ
1251 5468 1345 5520 καὶ
1381 5462 1617 5516 ἐνταῦθα
1660 5458 1755 5514 τοῦ
1803 5457 1938 5511 Θεοῦ

374 5567 567 5622 Ἰακὼϐ
593 5564 1025 5636 ἐμνημόνευσαν,
1068 5557 1482 5627 ἀναπέμποντες
1524 5551 1674 5622 ἡμᾶς
1711 5547 1804 5600 ἐπὶ
1847 5546 1938 5597 τὸν

362 5660 593 5732 ὀφθέντα
651 5657 730 5727 τῷ
770 5653 964 5710 Ἰακὼϐ
1007 5655 1066 5705 ὲν
1101 5651 1339 5720 σχήματι
1382 5643 1593 5714 ἀνδρός.
1640 5638 1930 5694 Ἐπάλαισε

447 5840 493 5869 ³⁶
536 5839 548 5865 '
584 5838 712 5894 Cor.
749 5849 858 5898 xu,
897 5831 1011 5886 ι-θ.
1087 5829 1132 5861 ⁸⁷
1174 5826 1346 5881 Levit.
1387 5839 1439 5877 χι
1465 5864 1478 5890 ,
1514 5821 1602 5875 45.

2042 3339 2290 3393 homines
2320 3346 2522 3392 terram
2553 3337 2856 3390 incolentes
2880 3333 3128 3387 turbatos
3149 3332 3391 3398 inducit;
3421 3344 3616 3400 regna-

2037 3444 2142 3500 que
2162 3439 2319 3483 terrae
2343 3433 2552 3481 armata
2590 3435 2780 3481 contra
2825 3424 3121 3488 Ecclesias,
3158 3423 3469 3493 bellumque
3498 3437 3617 3477 mo-

2035 3521 2215 3576 ventia
2275 3520 2537 3576 adversus
2586 3516 2956 3587 evangelicam
3017 3514 3342 3570 doctrinam.
3413 3511 3617 3567 Deinde

2037 3629 2136 3668 ceu
2162 3613 2219 3682 in
2232 3626 2552 3681 congressu,
2572 3615 2866 3678 superante
2887 3606 3155 3662 victorum
3176 3610 3350 3675 parte,
3387 3602 3615 3656 adversa

2037 3718 2164 3774 pars
2198 3703 2451 3756 turbatur
2490 3707 2543 3755 et
2576 3701 2632 3753 in
2665 3696 2846 3768 fugam
2877 3697 3134 3750 vertitur.
3172 3694 3264 3748 Sic
3313 3693 3424 3762 jam
3449 3707 3617 3761 supe-

2035 3802 2194 3849 rante
2223 3792 2538 3862 evangelica
2571 3789 2739 3844 verbo
2767 3827 2782 3852 ,
2819 3785 3147 3840 conturbatis
3207 3793 3327 3838 sunt
3372 3797 3542 3854 gentes
3566 3791 3615 3836 et

2037 3887 2296 3940 inclinata
2329 3893 2450 3939 sunt
2491 3899 2670 3953 regna,
2736 3888 2830 3934 aut
2882 3878 3133 3933 subversa
3163 3884 3286 3930 sunt
3308 3890 3492 3945 regna,
3530 3887 3618 3928 se-

2038 3978 2278 4033 cundum
2313 3975 2726 4049 Symmachum.
2767 3971 2877 4027 Sed
2907 3972 3071 4025 etiam
3102 3971 3223 4041 ipso
3245 3983 3432 4023 vocem
3461 3980 3616 4022 suam

2037 4067 2222 4133 dante,
2255 4068 2434 4123 soluta
2452 4073 2536 4120 est
2553 4074 2720 4119 terra.
2746 4062 2880 4117 Cum
2905 4062 3050 4115 enim
3086 4059 3467 4130 Evangelicum
3494 4071 3620 4112 ver-

2035 4164 2166 4218 bum
2199 4173 2372 4228 nuper
2400 4160 2458 4211 in
2487 4155 2751 4209 mundum
2793 4152 3067 4206 invectum
3123 4157 3309 4213 esset,
3341 4148 3419 4203 rei
3459 4148 3612 4202 novi-

2036 4257 2147 4304 tate
2176 4246 2440 4318 perculsae
2467 4251 2678 4314 gentes,
2725 4248 2784 4294 ut
2821 4240 3112 4310 pristinam
3167 4254 3320 4294 suam
3354 4240 3619 4307 supersti-

2037 4343 2242 4396 tionem
2305 4335 2700 4399 vindicarent,
2764 4339 3049 4386 commota:
3107 4338 3276 4385 sunt:
3316 4344 3618 4398 eorumque

2035 4448 2192 4504 reges
2251 4438 2444 4486 contra
2492 4426 2792 4482 Ecclesiam
2870 4424 3306 4478 insurrexerunt.
3363 4420 3433 4474 At
3491 4421 3620 4490 quia

2045 4525 2186 4581 Deus
2213 4523 2483 4592 refugium
2535 4519 2658 4589 ejus
2710 4525 2851 4581 erat,
2901 4517 2958 4570 in
3005 4515 3189 4584 fugam
3232 4528 3424 4566 omnes
3475 4512 3619 4566 versi

2041 4625 2170 4677 sunt
2195 4635 2210 4685 ;
2235 4616 2372 4670 nihil
2396 4613 2542 4668 aliud
2578 4627 2743 4683 quam
2797 4624 2987 4665 vocem
3019 4609 3190 4682 solam
3223 4606 3388 4660 dante
3432 4602 3622 4657 Salva-

2041 4726 2158 4773 tore
2180 4722 2392 4770 nostro.
2435 4711 2592 4766 Dedit
2641 4709 2786 4765 enim
2837 4723 3011 4761 vocem
3061 4721 3235 4770 suam,
3282 4711 3333 4757 et
3381 4711 3618 4755 motaest

2041 4819 2201 4862 terra.
2243 4805 2418 4872 Quam
2452 4816 2662 4862 vocem,
2690 4798 2796 4854 nisi
2818 4795 3190 4867 apostolorum
3236 4789 3624 4861 praedicatione

2041 4898 2262 4954 datam?
2293 4895 2485 4950 Merito
2529 4894 2691 4963 igitur
2723 4904 2846 4954 nos,
2907 4886 3001 4957 qui
3029 4884 3281 4954 superius
3336 4881 3612 4935 diximus:

2047 4989 2192 5044 Deus
2218 4995 2395 5041 noster
2423 4983 2685 5053 refugium
2725 4989 2771 5033 et
2796 4979 2983 5045 virtus,
3019 4977 3160 5029 hanc
3193 4975 3367 5044 ipsam
3399 4971 3619 5026 confes-

2041 5083 2251 5137 sionem
2278 5077 2574 5148 repetimus
2611 5073 2878 5133 dicentes,
2935 5085 3045 5124 non
3069 5084 3132 5123 ex
3170 5069 3374 5120 virtute
3425 5070 3616 5119 nostra

2043 5173 2172 5226 talia
2203 5183 2369 5241 opera
2429 5166 2574 5221 edita
2608 5164 2798 5227 luisse,
2856 5161 2951 5216 sed
3008 5158 3292 5214 nobiscbm
3328 5155 3494 5210 fuisse
3523 5155 3615 5225 qui

2042 5263 2158 5316 hate
2210 5265 2392 5330 ageret
2432 5255 2724 5309 Dominum
2769 5252 3057 5305 virtutum.
3095 5247 3322 5316 Ipseque
3345 5252 3464 5298 erat
3494 5260 3618 5297 sus-

2041 5363 2218 5423 ceptor
2271 5359 2450 5405 noster
2505 5347 2647 5401 Deus
2677 5343 2867 5398 Iacob.
2933 5343 3251 5411 Opportune
3308 5346 3487 5391 autem
3528 5334 3620 5390 hic

2042 5449 2207 5503 etiam
2246 5442 2539 5498 DeiJacob
2581 5437 2913 5493 mentionem
2948 5436 3217 5498 fecerunt,
3267 5430 3334 5483 ad
3373 5442 3495 5484 eum
3526 5426 3621 5498 qui

2039 5539 2244 5595 Jacobo
2275 5536 2376 5592 sub
2400 5532 2580 5605 specie
2605 5529 2843 5585 hominis
2863 5525 3115 5597 apparuit
3133 5538 3231 5578 nos
3258 5521 3619 5600 remittentes.

2039 5632 2301 5686 Luctatus
2361 5633 2443 5684 est
2490 5625 2637 5682 enim
2690 5623 2855 5677 homo
2911 5633 3034 5673 cum
3093 5617 3187 5672 illo
3238 5615 3330 5686 qui
3357 5613 3491 5667 dixit
3519 5611 3616 5668 ei:

1680 5819 1724 5849 "
1764 5815 1938 5872 Lerit.
1973 5827 2137 5874 nrt,
2178 5807 2260 5860 l2.

3661 672 3673 697 0
