  <div class='ocr_page' id='page_1' title='image "/cluster/home/n/w/nwhite01/storage/ocr_20150623/23/nnc1.0046978313/231.png"; bbox 0 0 4138 6386; ppageno 0'>
   <div class='ocr_carea' id='block_1_1' title="bbox 530 391 3790 489">
    <p class='ocr_par' dir='ltr' id='par_1_1' title="bbox 530 391 3790 489">
     <span class='ocr_line' id='line_1_1' title="bbox 530 391 3790 489; baseline -0.009 -12"><span class='ocrx_word' id='word_1_1' title='bbox 530 419 633 478; x_wconf 68' lang='lat' dir='ltr'><strong><em>«Ill</em></strong></span> <span class='ocrx_word' id='word_1_2' title='bbox 1246 407 1517 489; x_wconf 21' lang='lat' dir='ltr'><strong><em>EU‘SEBII</em></strong></span> <span class='ocrx_word' id='word_1_3' title='bbox 1552 401 2032 463; x_wconf 66' lang='lat' dir='ltr'><strong><em>CESABJENSIS</em></strong></span> <span class='ocrx_word' id='word_1_4' title='bbox 2067 400 2221 459; x_wconf 88' lang='lat' dir='ltr'><strong>OPP.</strong></span> <span class='ocrx_word' id='word_1_5' title='bbox 2265 398 2449 455; x_wconf 72' lang='lat' dir='ltr'><strong><em>PARS</em></strong></span> <span class='ocrx_word' id='word_1_6' title='bbox 2482 396 2577 455; x_wconf 84' lang='lat' dir='ltr'><strong><em>Ill.</em></strong></span> <span class='ocrx_word' id='word_1_7' title='bbox 2619 428 2691 442; x_wconf 89' lang='lat'><strong><em>-—</em></strong></span> <span class='ocrx_word' id='word_1_8' title='bbox 2725 395 3138 455; x_wconf 81' lang='lat' dir='ltr'><strong><em>EXEGETICA.</em></strong></span> <span class='ocrx_word' id='word_1_9' title='bbox 3679 391 3790 449; x_wconf 71' lang='grc' dir='ltr'><strong><em>ΗΞ</em></strong></span> 
     </span>
    </p>
   </div>
   <div class='ocr_carea' id='block_1_2' title="bbox 532 508 2101 590">
    <p class='ocr_par' dir='ltr' id='par_1_2' title="bbox 532 520 2101 589">
     <span class='ocr_line' id='line_1_2' title="bbox 532 520 2101 589; baseline -0.008 -2"><span class='ocrx_word' id='word_1_10' title='bbox 532 532 659 587; x_wconf 68' lang='lat' dir='ltr'><strong><em>Non</em></strong></span> <span class='ocrx_word' id='word_1_11' title='bbox 679 530 825 586; x_wconf 88' lang='lat' dir='ltr'><strong><em>ultra</em></strong></span> <span class='ocrx_word' id='word_1_12' title='bbox 863 526 1132 583; x_wconf 89' lang='lat' dir='ltr'><strong><em>vocabitur</em></strong></span> <span class='ocrx_word' id='word_1_13' title='bbox 1163 541 1350 580; x_wconf 90' lang='lat' dir='ltr'><strong><em>nomen</em></strong></span> <span class='ocrx_word' id='word_1_14' title='bbox 1367 533 1514 579; x_wconf 88' lang='lat' dir='ltr'><strong><em>tuum</em></strong></span> <span class='ocrx_word' id='word_1_15' title='bbox 1561 521 1753 589; x_wconf 73' lang='lat' dir='ltr'><strong><em>Iacob,</em></strong></span> <span class='ocrx_word' id='word_1_16' title='bbox 1813 521 1902 576; x_wconf 87' lang='lat' dir='ltr'><strong><em>sed</em></strong></span> <span class='ocrx_word' id='word_1_17' title='bbox 1940 520 2101 575; x_wconf 83' lang='lat' dir='ltr'><strong><em>Israel</em></strong></span> 
     </span>
    </p>
   </div>
   <div class='ocr_carea' id='block_1_3' title="bbox 2202 508 3783 590">
    <p class='ocr_par' dir='ltr' id='par_1_3' title="bbox 2213 508 3783 590">
     <span class='ocr_line' id='line_1_3' title="bbox 2213 508 3783 590; baseline -0.019 3"><span class='ocrx_word' id='word_1_18' title='bbox 2213 518 2342 590; x_wconf 66' lang='grc' dir='ltr'><strong><em>γὰρ»</em></strong></span> <span class='ocrx_word' id='word_1_19' title='bbox 2368 518 2552 589; x_wconf 69' lang='grc' dir='ltr'><em>φησιν.</em></span> <span class='ocrx_word' id='word_1_20' title='bbox 2585 516 2680 571; x_wconf 78' lang='grc' dir='ltr'><strong><em>ἀνθ</em></strong></span> <span class='ocrx_word' id='word_1_21' title='bbox 2690 533 2868 588; x_wconf 84' lang='grc' dir='ltr'><strong><em>ρωπος</em></strong></span> <span class='ocrx_word' id='word_1_22' title='bbox 2890 516 3007 588; x_wconf 82' lang='grc' dir='ltr'><em>μετ’</em></span> <span class='ocrx_word' id='word_1_23' title='bbox 3034 514 3220 582; x_wconf 76' lang='grc' dir='ltr'><em>αὐτοῦ,</em></span> <span class='ocrx_word' id='word_1_24' title='bbox 3243 513 3303 579; x_wconf 79' lang='grc' dir='ltr'><em>ὃς</em></span> <span class='ocrx_word' id='word_1_25' title='bbox 3325 513 3419 570; x_wconf 73' lang='grc' dir='ltr'><em>καὶ</em></span> <span class='ocrx_word' id='word_1_26' title='bbox 3439 508 3591 567; x_wconf 76' lang='grc' dir='ltr'><em>εἶπεν</em></span> <span class='ocrx_word' id='word_1_27' title='bbox 3616 512 3783 583; x_wconf 84' lang='grc' dir='ltr'><em>αὐτῷ·</em></span> 
     </span>
    </p>
   </div>
   <div class='ocr_carea' id='block_1_4' title="bbox 522 602 2101 690">
    <p class='ocr_par' dir='ltr' id='par_1_4' title="bbox 522 613 2101 690">
     <span class='ocr_line' id='line_1_4' title="bbox 522 613 2101 690; baseline -0.01 -9"><span class='ocrx_word' id='word_1_28' title='bbox 522 627 625 681; x_wconf 76' lang='lat' dir='ltr'><strong><em>erit</em></strong></span> <span class='ocrx_word' id='word_1_29' title='bbox 651 638 834 678; x_wconf 73' lang='lat' dir='ltr'><strong><em>nomen</em></strong></span> <span class='ocrx_word' id='word_1_30' title='bbox 858 629 1027 684; x_wconf 90' lang='lat' dir='ltr'><strong><em>tuum,</em></strong></span> <span class='ocrx_word' id='word_1_31' title='bbox 1058 620 1183 690; x_wconf 85' lang='lat' dir='ltr'><strong><em>quia</em></strong></span> <span class='ocrx_word' id='word_1_32' title='bbox 1212 617 1540 688; x_wconf 82' lang='lat' dir='ltr'><strong><em>prcevaluisti</em></strong></span> <span class='ocrx_word' id='word_1_33' title='bbox 1588 634 1706 671; x_wconf 88' lang='lat' dir='ltr'><strong><em>cum</em></strong></span> <span class='ocrx_word' id='word_1_34' title='bbox 1740 615 1869 670; x_wconf 89' lang='lat' dir='ltr'><strong><em>Deo.</em></strong></span> <span class='ocrx_word' id='word_1_35' title='bbox 1896 613 1966 668; x_wconf 86' lang='lat' dir='ltr'><strong><em>Et</em></strong></span> <span class='ocrx_word' id='word_1_36' title='bbox 1997 631 2101 671; x_wconf 83' lang='lat' dir='ltr'><strong><em>sur-</em></strong></span> 
     </span>
    </p>
   </div>
   <div class='ocr_carea' id='block_1_5' title="bbox 2202 602 3788 690">
    <p class='ocr_par' dir='ltr' id='par_1_5' title="bbox 2219 602 3788 677">
     <span class='ocr_line' id='line_1_5' title="bbox 2219 602 3788 677; baseline -0.003 -13"><span class='ocrx_word' id='word_1_37' title='bbox 2219 613 2340 664; x_wconf 82' lang='grc' dir='ltr'><strong><em>Οὐκ</em></strong></span> <span class='ocrx_word' id='word_1_38' title='bbox 2368 610 2455 664; x_wconf 73' lang='grc' dir='ltr'><em>ἔτι</em></span> <span class='ocrx_word' id='word_1_39' title='bbox 2480 607 2855 677; x_wconf 57' lang='grc' dir='ltr'><em>,κληθήσεται</em></span> <span class='ocrx_word' id='word_1_40' title='bbox 2882 608 2949 661; x_wconf 83' lang='grc' dir='ltr'><em>τὸ</em></span> <span class='ocrx_word' id='word_1_41' title='bbox 2976 606 3167 677; x_wconf 80' lang='grc' dir='ltr'><em>ὄνομά</em></span> <span class='ocrx_word' id='word_1_42' title='bbox 3201 622 3317 661; x_wconf 88' lang='grc' dir='ltr'><strong><em>σου</em></strong></span> <span class='ocrx_word' id='word_1_43' title='bbox 3371 602 3569 661; x_wconf 79' lang='grc' dir='ltr'><em>Ἰακὼϐ</em></span> <span class='ocrx_word' id='word_1_44' title='bbox 3588 644 3602 671; x_wconf 91' lang='grc'><strong><em>,</em></strong></span> <span class='ocrx_word' id='word_1_45' title='bbox 3648 605 3788 660; x_wconf 70' lang='grc' dir='ltr'><em>ἀλλ’</em></span> 
     </span>
    </p>
   </div>
   <div class='ocr_carea' id='block_1_6' title="bbox 527 694 2101 783">
    <p class='ocr_par' dir='ltr' id='par_1_6' title="bbox 527 703 2101 783">
     <span class='ocr_line' id='line_1_6' title="bbox 527 703 2101 783; baseline -0.007 -16"><span class='ocrx_word' id='word_1_46' title='bbox 527 729 651 783; x_wconf 90' lang='lat' dir='ltr'><strong><em>gens</em></strong></span> <span class='ocrx_word' id='word_1_47' title='bbox 675 710 842 765; x_wconf 86' lang='lat' dir='ltr'><strong><em>Jacob</em></strong></span> <span class='ocrx_word' id='word_1_48' title='bbox 881 710 1082 764; x_wconf 90' lang='lat' dir='ltr'><strong><em>vocavit</em></strong></span> <span class='ocrx_word' id='word_1_49' title='bbox 1128 724 1313 762; x_wconf 85' lang='lat' dir='ltr'><strong><em>nomen</em></strong></span> <span class='ocrx_word' id='word_1_50' title='bbox 1356 708 1458 762; x_wconf 87' lang='lat' dir='ltr'><strong><em>loci</em></strong></span> <span class='ocrx_word' id='word_1_51' title='bbox 1491 706 1663 770; x_wconf 86' lang='lat' dir='ltr'><strong><em>illius,</em></strong></span> <span class='ocrx_word' id='word_1_52' title='bbox 1700 703 1934 774; x_wconf 79' lang='lat' dir='ltr'><strong><em>Speciem</em></strong></span> <span class='ocrx_word' id='word_1_53' title='bbox 1994 703 2101 757; x_wconf 91' lang='lat' dir='ltr'><strong><em>Dei.</em></strong></span> 
     </span>
    </p>
   </div>
   <div class='ocr_carea' id='block_1_7' title="bbox 2202 694 3790 783">
    <p class='ocr_par' dir='ltr' id='par_1_7' title="bbox 2227 694 3790 769">
     <span class='ocr_line' id='line_1_7' title="bbox 2227 694 3790 769; baseline -0.005 -14"><span class='ocrx_word' id='word_1_54' title='bbox 2227 701 2461 769; x_wconf 72' lang='grc' dir='ltr'><em>Ἰσραὴλ</em></span> <span class='ocrx_word' id='word_1_55' title='bbox 2483 699 2654 753; x_wconf 70' lang='grc' dir='ltr'><em>ἔσται</em></span> <span class='ocrx_word' id='word_1_56' title='bbox 2679 700 2748 755; x_wconf 85' lang='grc' dir='ltr'><em>τὸ</em></span> <span class='ocrx_word' id='word_1_57' title='bbox 2779 699 2967 768; x_wconf 79' lang='grc' dir='ltr'><em>ὄνομά</em></span> <span class='ocrx_word' id='word_1_58' title='bbox 2984 714 3100 752; x_wconf 89' lang='grc' dir='ltr'><strong><em>σου</em></strong></span> <span class='ocrx_word' id='word_1_59' title='bbox 3124 715 3138 729; x_wconf 74' lang='grc' dir='ltr'><strong>ο</strong></span> <span class='ocrx_word' id='word_1_60' title='bbox 3167 697 3257 752; x_wconf 87' lang='grc' dir='ltr'><strong><em>ὅτι</em></strong></span> <span class='ocrx_word' id='word_1_61' title='bbox 3284 698 3617 766; x_wconf 72' lang='grc' dir='ltr'><em>ἐνίσχυσας</em></span> <span class='ocrx_word' id='word_1_62' title='bbox 3640 694 3790 766; x_wconf 81' lang='grc' dir='ltr'><strong><em>μετὰ</em></strong></span> 
     </span>
    </p>
   </div>
   <div class='ocr_carea' id='block_1_8' title="bbox 525 786 2101 869">
    <p class='ocr_par' dir='ltr' id='par_1_8' title="bbox 525 793 2101 869">
     <span class='ocr_line' id='line_1_8' title="bbox 525 793 2101 869; baseline -0.004 -13"><span class='ocrx_word' id='word_1_63' title='bbox 525 804 703 858; x_wconf 88' lang='lat' dir='ltr'><strong><em>dicens</em></strong></span> <span class='ocrx_word' id='word_1_64' title='bbox 738 820 757 858; x_wconf 90' lang='lat'><strong><em>:</em></strong></span> <span class='ocrx_word' id='word_1_65' title='bbox 800 802 920 858; x_wconf 81' lang='lat' dir='ltr'><strong><em>Vidi</em></strong></span> <span class='ocrx_word' id='word_1_66' title='bbox 939 803 1077 856; x_wconf 90' lang='lat' dir='ltr'><strong><em>enim</em></strong></span> <span class='ocrx_word' id='word_1_67' title='bbox 1134 802 1423 855; x_wconf 88' lang='lat' dir='ltr'><strong><em>Dominum</em></strong></span> <span class='ocrx_word' id='word_1_68' title='bbox 1453 799 1590 869; x_wconf 86' lang='lat' dir='ltr'><strong><em>facie</em></strong></span> <span class='ocrx_word' id='word_1_69' title='bbox 1617 797 1687 851; x_wconf 90' lang='lat' dir='ltr'><strong><em>ad</em></strong></span> <span class='ocrx_word' id='word_1_70' title='bbox 1712 797 1904 867; x_wconf 88' lang='lat' dir='ltr'><strong><em>faciem</em></strong></span> <span class='ocrx_word' id='word_1_71' title='bbox 1928 796 1994 849; x_wconf 71' lang='grc'><strong><em>’⁸.</em></strong></span> <span class='ocrx_word' id='word_1_72' title='bbox 2029 793 2101 850; x_wconf 76' lang='lat' dir='ltr'><strong><em>Si-</em></strong></span> 
     </span>
    </p>
   </div>
   <div class='ocr_carea' id='block_1_9' title="bbox 2202 786 3789 869">
    <p class='ocr_par' dir='ltr' id='par_1_9' title="bbox 2215 786 3789 859">
     <span class='ocr_line' id='line_1_9' title="bbox 2215 786 3789 859; baseline -0.004 -12"><span class='ocrx_word' id='word_1_73' title='bbox 2215 793 2380 847; x_wconf 83' lang='grc' dir='ltr'><strong><em>Θεοῦ.</em></strong></span> <span class='ocrx_word' id='word_1_74' title='bbox 2417 793 2524 846; x_wconf 78' lang='grc' dir='ltr'><strong><em>Καὶ</em></strong></span> <span class='ocrx_word' id='word_1_75' title='bbox 2551 790 2823 858; x_wconf 86' lang='grc' dir='ltr'><em>ἀναστὰς</em></span> <span class='ocrx_word' id='word_1_76' title='bbox 2867 786 3066 846; x_wconf 77' lang='grc' dir='ltr'><strong><em>Ἰακὼὸ³</em></strong></span> <span class='ocrx_word' id='word_1_77' title='bbox 3093 790 3348 845; x_wconf 72' lang='grc' dir='ltr'><em>ἐκάλεσε</em></span> <span class='ocrx_word' id='word_1_78' title='bbox 3373 790 3441 845; x_wconf 89' lang='grc' dir='ltr'><em>τὸ</em></span> <span class='ocrx_word' id='word_1_79' title='bbox 3470 789 3656 859; x_wconf 81' lang='grc' dir='ltr'><em>ὄνομα</em></span> <span class='ocrx_word' id='word_1_80' title='bbox 3681 787 3789 841; x_wconf 85' lang='grc' dir='ltr'><em>τοῦ</em></span> 
     </span>
    </p>
   </div>
   <div class='ocr_carea' id='block_1_10' title="bbox 526 877 2101 973">
    <p class='ocr_par' dir='ltr' id='par_1_10' title="bbox 526 883 2101 973">
     <span class='ocr_line' id='line_1_10' title="bbox 526 883 2101 973; baseline -0.005 -24"><span class='ocrx_word' id='word_1_81' title='bbox 526 895 746 964; x_wconf 84' lang='lat' dir='ltr'><strong>quidem</strong></span> <span class='ocrx_word' id='word_1_82' title='bbox 779 893 870 948; x_wconf 91' lang='lat' dir='ltr'><strong><em>hic</em></strong></span> <span class='ocrx_word' id='word_1_83' title='bbox 910 893 1028 973; x_wconf 86' lang='lat' dir='ltr'><strong><em>ipse</em></strong></span> <span class='ocrx_word' id='word_1_84' title='bbox 1059 900 1143 948; x_wconf 91' lang='lat' dir='ltr'><strong><em>est</em></strong></span> <span class='ocrx_word' id='word_1_85' title='bbox 1174 892 1267 963; x_wconf 87' lang='lat' dir='ltr'><strong><em>qui</em></strong></span> <span class='ocrx_word' id='word_1_86' title='bbox 1305 890 1410 947; x_wconf 89' lang='lat' dir='ltr'><strong><em>sub</em></strong></span> <span class='ocrx_word' id='word_1_87' title='bbox 1442 889 1623 960; x_wconf 86' lang='lat' dir='ltr'><strong><em>specie</em></strong></span> <span class='ocrx_word' id='word_1_88' title='bbox 1649 887 1889 943; x_wconf 85' lang='lat' dir='ltr'><strong>hominis</strong></span> <span class='ocrx_word' id='word_1_89' title='bbox 1910 883 2101 941; x_wconf 72' lang='lat' dir='ltr'><strong><em>Iacobo</em></strong></span> 
     </span>
    </p>
   </div>
   <div class='ocr_carea' id='block_1_11' title="bbox 2202 877 3789 973">
    <p class='ocr_par' dir='ltr' id='par_1_11' title="bbox 2210 877 3789 973">
     <span class='ocr_line' id='line_1_11' title="bbox 2210 877 3789 973; baseline -0.003 -35"><span class='ocrx_word' id='word_1_90' title='bbox 2210 887 2398 939; x_wconf 83' lang='grc' dir='ltr'><em>τόπου</em></span> <span class='ocrx_word' id='word_1_91' title='bbox 2442 885 2706 949; x_wconf 79' lang='grc' dir='ltr'><em>ἐκείνου,</em></span> <span class='ocrx_word' id='word_1_92' title='bbox 2738 880 2916 949; x_wconf 78' lang='grc' dir='ltr'><em>Εἶδος</em></span> <span class='ocrx_word' id='word_1_93' title='bbox 2975 880 3144 949; x_wconf 84' lang='grc' dir='ltr'><strong><em>Θεοῦ,</em></strong></span> <span class='ocrx_word' id='word_1_94' title='bbox 3193 878 3407 973; x_wconf 66' lang='grc' dir='ltr'><em>εἰπών·</em></span> <span class='ocrx_word' id='word_1_95' title='bbox 3463 877 3641 938; x_wconf 79' lang='grc' dir='ltr'><em>Εἶδον</em></span> <span class='ocrx_word' id='word_1_96' title='bbox 3677 879 3789 950; x_wconf 76' lang='grc' dir='ltr'><strong><em>γὰρ</em></strong></span> 
     </span>
    </p>
   </div>
   <div class='ocr_carea' id='block_1_12' title="bbox 525 966 2101 1064">
    <p class='ocr_par' dir='ltr' id='par_1_12' title="bbox 525 966 2101 1064">
     <span class='ocr_line' id='line_1_12' title="bbox 525 966 2101 1064; baseline -0.006 -25"><span class='ocrx_word' id='word_1_97' title='bbox 525 986 797 1064; x_wconf 81' lang='lat' dir='ltr'><strong><em>apparuit.</em></strong></span> <span class='ocrx_word' id='word_1_98' title='bbox 829 966 951 1059; x_wconf 81' lang='lat' dir='ltr'><strong><em>Ipse</em></strong></span> <span class='ocrx_word' id='word_1_99' title='bbox 965 992 1146 1040; x_wconf 89' lang='lat' dir='ltr'><strong><em>autem</em></strong></span> <span class='ocrx_word' id='word_1_100' title='bbox 1173 991 1258 1040; x_wconf 86' lang='lat' dir='ltr'><strong><em>est</em></strong></span> <span class='ocrx_word' id='word_1_101' title='bbox 1287 983 1541 1036; x_wconf 79' lang='lat' dir='ltr'><strong><em>Dominus</em></strong></span> <span class='ocrx_word' id='word_1_102' title='bbox 1564 981 1813 1035; x_wconf 85' lang='lat' dir='ltr'><strong><em>virtutum</em></strong></span> <span class='ocrx_word' id='word_1_103' title='bbox 1832 976 2101 1032; x_wconf 87' lang='lat' dir='ltr'><strong><em>nobiscum</em></strong></span> 
     </span>
    </p>
   </div>
   <div class='ocr_carea' id='block_1_13' title="bbox 2202 966 3789 1064">
    <p class='ocr_par' dir='ltr' id='par_1_13' title="bbox 2214 966 3789 1046">
     <span class='ocr_line' id='line_1_13' title="bbox 2214 966 3789 1046; baseline -0.003 -15"><span class='ocrx_word' id='word_1_104' title='bbox 2214 976 2362 1031; x_wconf 77' lang='grc' dir='ltr'><em>Θεὸν</em></span> <span class='ocrx_word' id='word_1_105' title='bbox 2391 978 2715 1045; x_wconf 83' lang='grc' dir='ltr'><em>πρόσωπον</em></span> <span class='ocrx_word' id='word_1_106' title='bbox 2743 974 2892 1044; x_wconf 87' lang='grc' dir='ltr'><em>πρὸς</em></span> <span class='ocrx_word' id='word_1_107' title='bbox 2912 976 3255 1044; x_wconf 79' lang='grc' dir='ltr'><em>πρόσωπον.</em></span> <span class='ocrx_word' id='word_1_108' title='bbox 3289 966 3457 1038; x_wconf 77' lang='grc' dir='ltr'><em>Οὗτος</em></span> <span class='ocrx_word' id='word_1_109' title='bbox 3489 974 3598 1046; x_wconf 81' lang='grc' dir='ltr'><strong><em>γὰρ</em></strong></span> <span class='ocrx_word' id='word_1_110' title='bbox 3626 971 3789 1036; x_wconf 82' lang='grc' dir='ltr'><em>αὐτὸς</em></span> 
     </span>
    </p>
   </div>
   <div class='ocr_carea' id='block_1_14' title="bbox 523 1065 2101 1145">
    <p class='ocr_par' dir='ltr' id='par_1_14' title="bbox 523 1066 2101 1145">
     <span class='ocr_line' id='line_1_14' title="bbox 523 1066 2101 1145; baseline -0.004 -15"><span class='ocrx_word' id='word_1_111' title='bbox 523 1085 578 1130; x_wconf 85' lang='lat' dir='ltr'><strong><em>et</em></strong></span> <span class='ocrx_word' id='word_1_112' title='bbox 609 1078 726 1145; x_wconf 90' lang='lat' dir='ltr'><strong><em>ipse</em></strong></span> <span class='ocrx_word' id='word_1_113' title='bbox 754 1084 838 1130; x_wconf 89' lang='lat' dir='ltr'><strong><em>est</em></strong></span> <span class='ocrx_word' id='word_1_114' title='bbox 892 1084 1163 1144; x_wconf 75' lang='lat' dir='ltr'><strong><em>susceptor</em></strong></span> <span class='ocrx_word' id='word_1_115' title='bbox 1207 1082 1384 1129; x_wconf 79' lang='lat' dir='ltr'><strong><em>noster</em></strong></span> <span class='ocrx_word' id='word_1_116' title='bbox 1428 1072 1567 1126; x_wconf 86' lang='lat' dir='ltr'><strong><em>Deus</em></strong></span> <span class='ocrx_word' id='word_1_117' title='bbox 1599 1069 1789 1124; x_wconf 73' lang='lat' dir='ltr'><strong><em>Iacob.</em></strong></span> <span class='ocrx_word' id='word_1_118' title='bbox 1830 1066 1935 1125; x_wconf 87' lang='lat' dir='ltr'><strong><em>Per</em></strong></span> <span class='ocrx_word' id='word_1_119' title='bbox 1979 1083 2101 1126; x_wconf 87' lang='lat' dir='ltr'><strong><em>eum</em></strong></span> 
     </span>
    </p>
   </div>
   <div class='ocr_carea' id='block_1_15' title="bbox 2202 1065 3785 1145">
    <p class='ocr_par' dir='ltr' id='par_1_15' title="bbox 2212 1065 3785 1141">
     <span class='ocr_line' id='line_1_15' title="bbox 2212 1065 3785 1141; baseline -0.003 -19"><span class='ocrx_word' id='word_1_120' title='bbox 2212 1071 2419 1134; x_wconf 80' lang='grc' dir='ltr'><em>ἐκεῖνος</em></span> <span class='ocrx_word' id='word_1_121' title='bbox 2458 1072 2487 1123; x_wconf 89' lang='grc' dir='ltr'>ὁ</span> <span class='ocrx_word' id='word_1_122' title='bbox 2514 1071 2572 1123; x_wconf 83' lang='grc' dir='ltr'><strong><em>ὲν</em></strong></span> <span class='ocrx_word' id='word_1_123' title='bbox 2606 1068 2905 1141; x_wconf 41' lang='grc' dir='ltr'><em>,ἀνθρώπου</em></span> <span class='ocrx_word' id='word_1_124' title='bbox 2938 1070 3174 1141; x_wconf 86' lang='grc' dir='ltr'><em>σχήματι</em></span> <span class='ocrx_word' id='word_1_125' title='bbox 3204 1067 3282 1139; x_wconf 87' lang='grc' dir='ltr'><strong><em>τῷ</em></strong></span> <span class='ocrx_word' id='word_1_126' title='bbox 3338 1065 3532 1122; x_wconf 83' lang='grc' dir='ltr'><em>Ἰακὼό</em></span> <span class='ocrx_word' id='word_1_127' title='bbox 3577 1065 3785 1135; x_wconf 83' lang='grc' dir='ltr'><em>φανείς.</em></span> 
     </span>
    </p>
   </div>
   <div class='ocr_carea' id='block_1_16' title="bbox 524 1152 2101 1238">
    <p class='ocr_par' dir='ltr' id='par_1_16' title="bbox 524 1152 1890 1238">
     <span class='ocr_line' id='line_1_16' title="bbox 524 1152 1890 1238; baseline -0.006 -14"><span class='ocrx_word' id='word_1_128' title='bbox 524 1152 670 1231; x_wconf 83' lang='lat' dir='ltr'><strong><em>enim</em></strong></span> <span class='ocrx_word' id='word_1_129' title='bbox 694 1183 861 1238; x_wconf 81' lang='lat' dir='ltr'><strong><em>supra</em></strong></span> <span class='ocrx_word' id='word_1_130' title='bbox 888 1174 1189 1222; x_wconf 89' lang='lat' dir='ltr'><strong><em>memorata</em></strong></span> <span class='ocrx_word' id='word_1_131' title='bbox 1218 1165 1401 1220; x_wconf 85' lang='lat' dir='ltr'><strong><em>omnia</em></strong></span> <span class='ocrx_word' id='word_1_132' title='bbox 1430 1171 1576 1218; x_wconf 82' lang='lat' dir='ltr'><strong><em>recte</em></strong></span> <span class='ocrx_word' id='word_1_133' title='bbox 1598 1162 1890 1234; x_wconf 77' lang='lat' dir='ltr'><strong><em>gessimus.</em></strong></span> 
     </span>
    </p>
   </div>
   <div class='ocr_carea' id='block_1_17' title="bbox 2202 1152 3787 1238">
    <p class='ocr_par' dir='ltr' id='par_1_17' title="bbox 2209 1156 3787 1229">
     <span class='ocr_line' id='line_1_17' title="bbox 2209 1156 3787 1229; baseline -0.003 -14"><span class='ocrx_word' id='word_1_134' title='bbox 2209 1162 2383 1225; x_wconf 79' lang='grc' dir='ltr'><em>Αὐτὸς</em></span> <span class='ocrx_word' id='word_1_135' title='bbox 2421 1160 2479 1214; x_wconf 90' lang='grc' dir='ltr'><strong><em>δέ</em></strong></span> <span class='ocrx_word' id='word_1_136' title='bbox 2506 1164 2653 1216; x_wconf 76' lang='grc' dir='ltr'><em>ἐστιν</em></span> <span class='ocrx_word' id='word_1_137' title='bbox 2701 1164 2733 1216; x_wconf 88' lang='grc' dir='ltr'><strong><em>ό</em></strong></span> <span class='ocrx_word' id='word_1_138' title='bbox 2784 1162 3000 1229; x_wconf 85' lang='grc' dir='ltr'><em>Κύριος</em></span> <span class='ocrx_word' id='word_1_139' title='bbox 3053 1158 3173 1214; x_wconf 86' lang='grc' dir='ltr'><strong><em>τῶν</em></strong></span> <span class='ocrx_word' id='word_1_140' title='bbox 3220 1158 3531 1229; x_wconf 78' lang='grc' dir='ltr'><strong><em>δυνάμεων</em></strong></span> <span class='ocrx_word' id='word_1_141' title='bbox 3576 1161 3609 1211; x_wconf 87' lang='grc' dir='ltr'><strong><em>ό</em></strong></span> <span class='ocrx_word' id='word_1_142' title='bbox 3657 1156 3787 1227; x_wconf 83' lang='grc' dir='ltr'><em>μεθ’</em></span> 
     </span>
    </p>
   </div>
   <div class='ocr_carea' id='block_1_18' title="bbox 524 1253 3788 1335">
    <p class='ocr_par' dir='ltr' id='par_1_18' title="bbox 524 1253 3788 1335">
     <span class='ocr_line' id='line_1_18' title="bbox 524 1253 3788 1335; baseline -0.004 -17"><span class='ocrx_word' id='word_1_143' title='bbox 524 1263 715 1335; x_wconf 67' lang='grc' dir='ltr'><em>ἡμῶν,</em></span> <span class='ocrx_word' id='word_1_144' title='bbox 755 1263 850 1317; x_wconf 72' lang='grc' dir='ltr'><em>καὶ</em></span> <span class='ocrx_word' id='word_1_145' title='bbox 878 1261 1039 1326; x_wconf 77' lang='grc' dir='ltr'><em>αὑτός</em></span> <span class='ocrx_word' id='word_1_146' title='bbox 1102 1262 1248 1314; x_wconf 79' lang='grc' dir='ltr'><em>ἐστιν</em></span> <span class='ocrx_word' id='word_1_147' title='bbox 1280 1260 1658 1326; x_wconf 79' lang='grc' dir='ltr'><em>ἀντιλήπτωρ</em></span> <span class='ocrx_word' id='word_1_148' title='bbox 1708 1256 1879 1328; x_wconf 77' lang='grc' dir='ltr'><em>ἡμῶν</em></span> <span class='ocrx_word' id='word_1_149' title='bbox 1920 1255 2145 1327; x_wconf 67' lang='grc' dir='ltr'><em>όβεὸς</em></span> <span class='ocrx_word' id='word_1_150' title='bbox 2193 1256 2407 1312; x_wconf 74' lang='grc' dir='ltr'><strong><em>Ἰακώϐ.</em></strong></span> <span class='ocrx_word' id='word_1_151' title='bbox 2462 1257 2538 1310; x_wconf 90' lang='grc' dir='ltr'><strong><em>Δι’</em></strong></span> <span class='ocrx_word' id='word_1_152' title='bbox 2600 1255 2766 1311; x_wconf 81' lang='grc' dir='ltr'><em>αὐτοῦ</em></span> <span class='ocrx_word' id='word_1_153' title='bbox 2796 1256 2902 1327; x_wconf 81' lang='grc' dir='ltr'>γὰρ</span> <span class='ocrx_word' id='word_1_154' title='bbox 2966 1254 3032 1310; x_wconf 82' lang='grc' dir='ltr'><em>τὰ</em></span> <span class='ocrx_word' id='word_1_155' title='bbox 3091 1255 3559 1328; x_wconf 79' lang='grc' dir='ltr'><strong><em>προγεγραμμένα</em></strong></span> <span class='ocrx_word' id='word_1_156' title='bbox 3611 1253 3788 1309; x_wconf 86' lang='grc' dir='ltr'><em>πάντα</em></span> 
     </span>
    </p>
   </div>
   <div class='ocr_carea' id='block_1_19' title="bbox 522 1356 986 1430">
    <p class='ocr_par' dir='ltr' id='par_1_19' title="bbox 522 1356 986 1430">
     <span class='ocr_line' id='line_1_19' title="bbox 522 1356 986 1430; baseline -0.004 -16"><span class='ocrx_word' id='word_1_157' title='bbox 522 1356 986 1430; x_wconf 83' lang='grc' dir='ltr'><em>κατωρθώσαμεν.</em></span> 
     </span>
    </p>
   </div>
   <div class='ocr_carea' id='block_1_20' title="bbox 597 1446 2103 1517">
    <p class='ocr_par' dir='ltr' id='par_1_20' title="bbox 597 1446 2103 1517">
     <span class='ocr_line' id='line_1_20' title="bbox 597 1446 2103 1517; baseline -0.003 -13"><span class='ocrx_word' id='word_1_158' title='bbox 597 1447 761 1505; x_wconf 73' lang='lat' dir='ltr'><strong><em>Vens.</em></strong></span> <span class='ocrx_word' id='word_1_159' title='bbox 794 1450 848 1512; x_wconf 92' lang='lat'><strong><em>9,</em></strong></span> <span class='ocrx_word' id='word_1_160' title='bbox 887 1449 974 1502; x_wconf 77' lang='grc'><strong><em>10.</em></strong></span> <span class='ocrx_word' id='word_1_161' title='bbox 1022 1448 1202 1503; x_wconf 79' lang='lat' dir='ltr'><strong><em>Venite</em></strong></span> <span class='ocrx_word' id='word_1_162' title='bbox 1237 1458 1285 1503; x_wconf 87' lang='lat' dir='ltr'><strong><em>et</em></strong></span> <span class='ocrx_word' id='word_1_163' title='bbox 1335 1446 1501 1503; x_wconf 83' lang='lat' dir='ltr'><strong><em>videte</em></strong></span> <span class='ocrx_word' id='word_1_164' title='bbox 1528 1462 1686 1516; x_wconf 87' lang='lat' dir='ltr'><strong><em>opera</em></strong></span> <span class='ocrx_word' id='word_1_165' title='bbox 1719 1446 1957 1511; x_wconf 77' lang='lat' dir='ltr'><strong><em>Domini,</em></strong></span> <span class='ocrx_word' id='word_1_166' title='bbox 1985 1460 2103 1517; x_wconf 73' lang='lat' dir='ltr'><strong><em>qua:</em></strong></span> 
     </span>
    </p>
   </div>
   <div class='ocr_carea' id='block_1_21' title="bbox 519 1539 2106 1610">
    <p class='ocr_par' dir='ltr' id='par_1_21' title="bbox 519 1539 2106 1610">
     <span class='ocr_line' id='line_1_21' title="bbox 519 1539 2106 1610; baseline -0.003 -14"><span class='ocrx_word' id='word_1_167' title='bbox 519 1542 694 1596; x_wconf 73' lang='lat' dir='ltr'><strong><em>nosuit</em></strong></span> <span class='ocrx_word' id='word_1_168' title='bbox 740 1539 984 1610; x_wconf 82' lang='lat' dir='ltr'><strong><em>prodigia</em></strong></span> <span class='ocrx_word' id='word_1_169' title='bbox 1022 1556 1177 1608; x_wconf 86' lang='lat' dir='ltr'><strong><em>super</em></strong></span> <span class='ocrx_word' id='word_1_170' title='bbox 1232 1549 1449 1606; x_wconf 79' lang='lat' dir='ltr'><strong><em>terram,</em></strong></span> <span class='ocrx_word' id='word_1_171' title='bbox 1507 1540 1751 1609; x_wconf 76' lang='lat' dir='ltr'><strong><em>auferens</em></strong></span> <span class='ocrx_word' id='word_1_172' title='bbox 1774 1539 1912 1594; x_wconf 85' lang='lat' dir='ltr'><strong><em>bella</em></strong></span> <span class='ocrx_word' id='word_1_173' title='bbox 1944 1554 2106 1609; x_wconf 87' lang='lat' dir='ltr'><strong><em>usque</em></strong></span> 
     </span>
    </p>
   </div>
   <div class='ocr_carea' id='block_1_22' title="bbox 521 1630 2105 1702">
    <p class='ocr_par' dir='ltr' id='par_1_22' title="bbox 521 1630 2105 1702">
     <span class='ocr_line' id='line_1_22' title="bbox 521 1630 2105 1702; baseline -0.001 -17"><span class='ocrx_word' id='word_1_174' title='bbox 521 1631 593 1697; x_wconf 80' lang='lat' dir='ltr'><strong><em>ad</em></strong></span> <span class='ocrx_word' id='word_1_175' title='bbox 625 1633 755 1702; x_wconf 77' lang='lat' dir='ltr'><strong><em>ﬁnes</em></strong></span> <span class='ocrx_word' id='word_1_176' title='bbox 778 1640 950 1686; x_wconf 74' lang='lat' dir='ltr'><strong><em>terraz.</em></strong></span> <span class='ocrx_word' id='word_1_177' title='bbox 975 1632 1171 1685; x_wconf 84' lang='lat' dir='ltr'><strong><em>Arcum</em></strong></span> <span class='ocrx_word' id='word_1_178' title='bbox 1201 1640 1427 1685; x_wconf 88' lang='lat' dir='ltr'><strong><em>conteret</em></strong></span> <span class='ocrx_word' id='word_1_179' title='bbox 1472 1640 1516 1684; x_wconf 88' lang='lat' dir='ltr'><strong><em>et</em></strong></span> <span class='ocrx_word' id='word_1_180' title='bbox 1546 1630 1837 1701; x_wconf 78' lang='lat' dir='ltr'><strong><em>confringet</em></strong></span> <span class='ocrx_word' id='word_1_181' title='bbox 1873 1646 2025 1683; x_wconf 91' lang='lat' dir='ltr'><strong><em>arma</em></strong></span> <span class='ocrx_word' id='word_1_182' title='bbox 2052 1638 2105 1684; x_wconf 88' lang='lat' dir='ltr'><strong><em>et</em></strong></span> 
     </span>
    </p>
   </div>
   <div class='ocr_carea' id='block_1_23' title="bbox 520 1721 2103 1793">
    <p class='ocr_par' dir='ltr' id='par_1_23' title="bbox 520 1721 2103 1793">
     <span class='ocr_line' id='line_1_23' title="bbox 520 1721 2103 1793; baseline -0.001 -15"><span class='ocrx_word' id='word_1_183' title='bbox 520 1733 674 1779; x_wconf 83' lang='lat' dir='ltr'><strong><em>scuta</em></strong></span> <span class='ocrx_word' id='word_1_184' title='bbox 716 1723 990 1778; x_wconf 88' lang='lat' dir='ltr'><strong><em>comburet</em></strong></span> <span class='ocrx_word' id='word_1_185' title='bbox 1042 1724 1173 1793; x_wconf 88' lang='lat' dir='ltr'><strong><em>igni.</em></strong></span> <span class='ocrx_word' id='word_1_186' title='bbox 1222 1721 1375 1777; x_wconf 81' lang='lat' dir='ltr'><strong><em>Licet</em></strong></span> <span class='ocrx_word' id='word_1_187' title='bbox 1404 1725 1581 1781; x_wconf 79' lang='lat' dir='ltr'><strong><em>cuivis</em></strong></span> <span class='ocrx_word' id='word_1_188' title='bbox 1631 1734 1874 1793; x_wconf 80' lang='lat' dir='ltr'><strong><em>tempora</em></strong></span> <span class='ocrx_word' id='word_1_189' title='bbox 1913 1736 2103 1777; x_wconf 81' lang='lat' dir='ltr'><strong><em>secum</em></strong></span> 
     </span>
    </p>
   </div>
   <div class='ocr_carea' id='block_1_24' title="bbox 520 1818 2099 1891">
    <p class='ocr_par' dir='ltr' id='par_1_24' title="bbox 520 1818 2099 1891">
     <span class='ocr_line' id='line_1_24' title="bbox 520 1818 2099 1891; baseline -0.002 -17"><span class='ocrx_word' id='word_1_190' title='bbox 520 1819 818 1888; x_wconf 81' lang='lat' dir='ltr'><strong><em>reputanti,</em></strong></span> <span class='ocrx_word' id='word_1_191' title='bbox 868 1819 983 1874; x_wconf 66' lang='lat' dir='ltr'><strong><em>haec</em></strong></span> <span class='ocrx_word' id='word_1_192' title='bbox 1020 1820 1089 1873; x_wconf 91' lang='lat' dir='ltr'><strong><em>ad</em></strong></span> <span class='ocrx_word' id='word_1_193' title='bbox 1130 1818 1367 1875; x_wconf 79' lang='lat' dir='ltr'><strong><em>litteram</em></strong></span> <span class='ocrx_word' id='word_1_194' title='bbox 1422 1820 1643 1891; x_wconf 89' lang='lat' dir='ltr'><strong><em>impleta</em></strong></span> <span class='ocrx_word' id='word_1_195' title='bbox 1673 1818 2099 1889; x_wconf 80' lang='lat' dir='ltr'><strong><em>deprehendere.</em></strong></span> 
     </span>
    </p>
   </div>
   <div class='ocr_carea' id='block_1_25' title="bbox 522 1910 2176 1986">
    <p class='ocr_par' dir='ltr' id='par_1_25' title="bbox 522 1910 2176 1986">
     <span class='ocr_line' id='line_1_25' title="bbox 522 1910 2176 1986; baseline 0.001 -20"><span class='ocrx_word' id='word_1_196' title='bbox 522 1910 805 1982; x_wconf 85' lang='lat' dir='ltr'><strong><em>Siquidem</em></strong></span> <span class='ocrx_word' id='word_1_197' title='bbox 835 1920 961 1967; x_wconf 85' lang='lat' dir='ltr'><strong><em>ante</em></strong></span> <span class='ocrx_word' id='word_1_198' title='bbox 994 1910 1297 1968; x_wconf 86' lang='lat' dir='ltr'><strong><em>Salvatoris</em></strong></span> <span class='ocrx_word' id='word_1_199' title='bbox 1349 1915 1523 1967; x_wconf 87' lang='lat' dir='ltr'><strong><em>nostri</em></strong></span> <span class='ocrx_word' id='word_1_200' title='bbox 1555 1913 1869 1977; x_wconf 83' lang='lat' dir='ltr'><strong><em>adventum,</em></strong></span> <span class='ocrx_word' id='word_1_201' title='bbox 1895 1912 2102 1983; x_wconf 88' lang='lat' dir='ltr'><strong><em>princi-</em></strong></span> <span class='ocrx_word' id='word_1_202' title='bbox 2133 1930 2176 1986; x_wconf 80' lang='grc' dir='ltr'><strong>Β</strong></span> 
     </span>
    </p>
   </div>
   <div class='ocr_carea' id='block_1_26' title="bbox 520 2002 2103 2075">
    <p class='ocr_par' dir='ltr' id='par_1_26' title="bbox 520 2002 2103 2075">
     <span class='ocr_line' id='line_1_26' title="bbox 520 2002 2103 2075; baseline 0.004 -20"><span class='ocrx_word' id='word_1_203' title='bbox 520 2011 683 2073; x_wconf 85' lang='lat' dir='ltr'><strong><em>patus</em></strong></span> <span class='ocrx_word' id='word_1_204' title='bbox 717 2018 781 2059; x_wconf 89' lang='lat' dir='ltr'><strong><em>ac</em></strong></span> <span class='ocrx_word' id='word_1_205' title='bbox 808 2002 1048 2059; x_wconf 91' lang='lat' dir='ltr'><strong><em>dominia</em></strong></span> <span class='ocrx_word' id='word_1_206' title='bbox 1076 2005 1130 2058; x_wconf 92' lang='lat' dir='ltr'><strong><em>in</em></strong></span> <span class='ocrx_word' id='word_1_207' title='bbox 1177 2004 1409 2074; x_wconf 77' lang='lat' dir='ltr'><strong><em>singulis</em></strong></span> <span class='ocrx_word' id='word_1_208' title='bbox 1444 2005 1758 2075; x_wconf 82' lang='lat' dir='ltr'><strong><em>regionibus</em></strong></span> <span class='ocrx_word' id='word_1_209' title='bbox 1788 2015 1843 2061; x_wconf 88' lang='lat' dir='ltr'><strong><em>et</em></strong></span> <span class='ocrx_word' id='word_1_210' title='bbox 1875 2004 2103 2061; x_wconf 84' lang='lat' dir='ltr'><strong><em>urbibus</em></strong></span> 
     </span>
    </p>
   </div>
   <div class='ocr_carea' id='block_1_27' title="bbox 521 2096 2107 2169">
    <p class='ocr_par' dir='ltr' id='par_1_27' title="bbox 521 2096 2107 2169">
     <span class='ocr_line' id='line_1_27' title="bbox 521 2096 2107 2169; baseline 0.001 -19"><span class='ocrx_word' id='word_1_211' title='bbox 521 2102 682 2150; x_wconf 80' lang='lat' dir='ltr'><strong><em>erant</em></strong></span> <span class='ocrx_word' id='word_1_212' title='bbox 710 2114 722 2149; x_wconf 93' lang='lat'><strong><em>:</em></strong></span> <span class='ocrx_word' id='word_1_213' title='bbox 746 2108 810 2150; x_wconf 87' lang='lat' dir='ltr'><strong><em>ac</em></strong></span> <span class='ocrx_word' id='word_1_214' title='bbox 836 2096 892 2150; x_wconf 91' lang='lat' dir='ltr'><strong><em>in</em></strong></span> <span class='ocrx_word' id='word_1_215' title='bbox 918 2097 1163 2167; x_wconf 88' lang='lat' dir='ltr'><strong><em>quolibet</em></strong></span> <span class='ocrx_word' id='word_1_216' title='bbox 1202 2105 1363 2151; x_wconf 77' lang='lat' dir='ltr'><strong><em>terra:</em></strong></span> <span class='ocrx_word' id='word_1_217' title='bbox 1423 2097 1622 2168; x_wconf 81' lang='lat' dir='ltr'><strong><em>angulo</em></strong></span> <span class='ocrx_word' id='word_1_218' title='bbox 1662 2097 1804 2152; x_wconf 84' lang='lat' dir='ltr'><strong><em>bella</em></strong></span> <span class='ocrx_word' id='word_1_219' title='bbox 1839 2097 2107 2169; x_wconf 76' lang='lat' dir='ltr'><strong><em>gereban-</em></strong></span> 
     </span>
    </p>
   </div>
   <div class='ocr_carea' id='block_1_28' title="bbox 523 2188 2102 2259">
    <p class='ocr_par' dir='ltr' id='par_1_28' title="bbox 523 2188 2102 2259">
     <span class='ocr_line' id='line_1_28' title="bbox 523 2188 2102 2259; baseline -0.001 -17"><span class='ocrx_word' id='word_1_220' title='bbox 523 2190 751 2255; x_wconf 54' lang='lat' dir='ltr'><strong><em>t,ur;ita</em></strong></span> <span class='ocrx_word' id='word_1_221' title='bbox 798 2198 857 2243; x_wconf 93' lang='lat' dir='ltr'><strong><em>ut</em></strong></span> <span class='ocrx_word' id='word_1_222' title='bbox 895 2189 981 2244; x_wconf 87' lang='lat' dir='ltr'><strong><em>vel</em></strong></span> <span class='ocrx_word' id='word_1_223' title='bbox 1021 2189 1125 2258; x_wconf 89' lang='lat' dir='ltr'><strong><em>ipsi</em></strong></span> <span class='ocrx_word' id='word_1_224' title='bbox 1185 2189 1384 2243; x_wconf 83' lang='lat' dir='ltr'><strong><em>rustici</em></strong></span> <span class='ocrx_word' id='word_1_225' title='bbox 1415 2189 1509 2259; x_wconf 92' lang='lat' dir='ltr'><strong><em>qui</em></strong></span> <span class='ocrx_word' id='word_1_226' title='bbox 1535 2197 1739 2243; x_wconf 88' lang='lat' dir='ltr'><strong><em>terram</em></strong></span> <span class='ocrx_word' id='word_1_227' title='bbox 1770 2188 2102 2253; x_wconf 81' lang='lat' dir='ltr'><strong><em>incolebant,</em></strong></span> 
     </span>
    </p>
   </div>
   <div class='ocr_carea' id='block_1_29' title="bbox 519 2282 2105 2354">
    <p class='ocr_par' dir='ltr' id='par_1_29' title="bbox 519 2282 2105 2354">
     <span class='ocr_line' id='line_1_29' title="bbox 519 2282 2105 2354; baseline 0.001 -19"><span class='ocrx_word' id='word_1_228' title='bbox 519 2282 721 2347; x_wconf 85' lang='lat' dir='ltr'><strong><em>hastis,</em></strong></span> <span class='ocrx_word' id='word_1_229' title='bbox 750 2283 946 2354; x_wconf 80' lang='lat' dir='ltr'><strong><em>gladiis</em></strong></span> <span class='ocrx_word' id='word_1_230' title='bbox 978 2282 1239 2353; x_wconf 89' lang='lat' dir='ltr'><strong><em>omnique</em></strong></span> <span class='ocrx_word' id='word_1_231' title='bbox 1267 2284 1503 2338; x_wconf 87' lang='lat' dir='ltr'><strong><em>telorum</em></strong></span> <span class='ocrx_word' id='word_1_232' title='bbox 1556 2298 1756 2353; x_wconf 74' lang='lat' dir='ltr'><strong><em>genere</em></strong></span> <span class='ocrx_word' id='word_1_233' title='bbox 1776 2298 1836 2339; x_wconf 90' lang='lat' dir='ltr'><strong><em>se</em></strong></span> <span class='ocrx_word' id='word_1_234' title='bbox 1864 2283 2105 2338; x_wconf 88' lang='lat' dir='ltr'><strong><em>instrue-</em></strong></span> 
     </span>
    </p>
   </div>
   <div class='ocr_carea' id='block_1_30' title="bbox 520 2372 2105 2445">
    <p class='ocr_par' dir='ltr' id='par_1_30' title="bbox 520 2372 2105 2445">
     <span class='ocr_line' id='line_1_30' title="bbox 520 2372 2105 2445; baseline 0 -18"><span class='ocrx_word' id='word_1_235' title='bbox 520 2383 661 2427; x_wconf 86' lang='lat' dir='ltr'><strong><em>rent.</em></strong></span> <span class='ocrx_word' id='word_1_236' title='bbox 699 2374 763 2426; x_wconf 88' lang='lat' dir='ltr'><strong><em>At</em></strong></span> <span class='ocrx_word' id='word_1_237' title='bbox 788 2381 913 2445; x_wconf 90' lang='lat' dir='ltr'><strong><em>post</em></strong></span> <span class='ocrx_word' id='word_1_238' title='bbox 960 2374 1209 2429; x_wconf 89' lang='lat' dir='ltr'><strong><em>divinum</em></strong></span> <span class='ocrx_word' id='word_1_239' title='bbox 1245 2372 1546 2429; x_wconf 87' lang='lat' dir='ltr'><strong><em>Salvatoris</em></strong></span> <span class='ocrx_word' id='word_1_240' title='bbox 1575 2373 1892 2439; x_wconf 86' lang='lat' dir='ltr'><strong><em>adventum,</em></strong></span> <span class='ocrx_word' id='word_1_241' title='bbox 1936 2389 2105 2428; x_wconf 87' lang='lat' dir='ltr'><strong><em>unum</em></strong></span> 
     </span>
    </p>
   </div>
   <div class='ocr_carea' id='block_1_31' title="bbox 520 2463 2108 2538">
    <p class='ocr_par' dir='ltr' id='par_1_31' title="bbox 520 2463 2108 2538">
     <span class='ocr_line' id='line_1_31' title="bbox 520 2463 2108 2538; baseline -0.002 -14"><span class='ocrx_word' id='word_1_242' title='bbox 520 2463 828 2524; x_wconf 72' lang='lat' dir='ltr'><strong><em>Romanum</em></strong></span> <span class='ocrx_word' id='word_1_243' title='bbox 860 2466 1148 2537; x_wconf 88' lang='lat' dir='ltr'><strong><em>imperium</em></strong></span> <span class='ocrx_word' id='word_1_244' title='bbox 1179 2467 1445 2537; x_wconf 88' lang='lat' dir='ltr'><strong><em>plurimas</em></strong></span> <span class='ocrx_word' id='word_1_245' title='bbox 1473 2474 1663 2538; x_wconf 79' lang='lat' dir='ltr'><strong><em>gentes</em></strong></span> <span class='ocrx_word' id='word_1_246' title='bbox 1692 2481 1966 2537; x_wconf 89' lang='lat' dir='ltr'><strong><em>occupare</em></strong></span> <span class='ocrx_word' id='word_1_247' title='bbox 1998 2482 2108 2521; x_wconf 78' lang='lat' dir='ltr'><strong><em>ca:-</em></strong></span> 
     </span>
    </p>
   </div>
   <div class='ocr_carea' id='block_1_32' title="bbox 522 2556 2104 2629">
    <p class='ocr_par' dir='ltr' id='par_1_32' title="bbox 522 2556 2104 2629">
     <span class='ocr_line' id='line_1_32' title="bbox 522 2556 2104 2629; baseline 0.001 -19"><span class='ocrx_word' id='word_1_248' title='bbox 522 2557 602 2627; x_wconf 88' lang='lat' dir='ltr'><strong><em>pit</em></strong></span> <span class='ocrx_word' id='word_1_249' title='bbox 632 2573 646 2608; x_wconf 92' lang='lat'><strong><em>:</em></strong></span> <span class='ocrx_word' id='word_1_250' title='bbox 680 2556 1144 2628; x_wconf 79' lang='lat' dir='ltr'><strong><em>Evangeliumque</em></strong></span> <span class='ocrx_word' id='word_1_251' title='bbox 1195 2558 1459 2623; x_wconf 89' lang='lat' dir='ltr'><strong><em>salutare,</em></strong></span> <span class='ocrx_word' id='word_1_252' title='bbox 1492 2558 1637 2629; x_wconf 90' lang='lat' dir='ltr'><strong><em>quod</em></strong></span> <span class='ocrx_word' id='word_1_253' title='bbox 1673 2574 1782 2613; x_wconf 93' lang='lat' dir='ltr'><strong><em>uno</em></strong></span> <span class='ocrx_word' id='word_1_254' title='bbox 1800 2558 2104 2628; x_wconf 80' lang='lat' dir='ltr'><strong><em>eodemque</em></strong></span> 
     </span>
    </p>
   </div>
   <div class='ocr_carea' id='block_1_33' title="bbox 521 2649 2098 2719">
    <p class='ocr_par' dir='ltr' id='par_1_33' title="bbox 521 2649 2098 2719">
     <span class='ocr_line' id='line_1_33' title="bbox 521 2649 2098 2719; baseline 0.002 -19"><span class='ocrx_word' id='word_1_255' title='bbox 521 2655 773 2717; x_wconf 83' lang='lat' dir='ltr'><strong><em>tempore</em></strong></span> <span class='ocrx_word' id='word_1_256' title='bbox 827 2658 1078 2704; x_wconf 80' lang='lat' dir='ltr'><strong><em>exortum</em></strong></span> <span class='ocrx_word' id='word_1_257' title='bbox 1133 2656 1239 2713; x_wconf 90' lang='lat' dir='ltr'><strong><em>est,</em></strong></span> <span class='ocrx_word' id='word_1_258' title='bbox 1265 2649 1321 2703; x_wconf 89' lang='lat' dir='ltr'><strong><em>in</em></strong></span> <span class='ocrx_word' id='word_1_259' title='bbox 1351 2664 1542 2703; x_wconf 86' lang='lat' dir='ltr'><strong><em>omnes</em></strong></span> <span class='ocrx_word' id='word_1_260' title='bbox 1598 2657 1789 2719; x_wconf 81' lang='lat' dir='ltr'><strong><em>gentes</em></strong></span> <span class='ocrx_word' id='word_1_261' title='bbox 1844 2649 2098 2719; x_wconf 77' lang='lat' dir='ltr'><strong><em>pervasit.</em></strong></span> 
     </span>
    </p>
   </div>
   <div class='ocr_carea' id='block_1_34' title="bbox 522 2737 2104 2810">
    <p class='ocr_par' dir='ltr' id='par_1_34' title="bbox 522 2737 2104 2810">
     <span class='ocr_line' id='line_1_34' title="bbox 522 2737 2104 2810; baseline 0.003 -19"><span class='ocrx_word' id='word_1_262' title='bbox 522 2737 789 2809; x_wconf 87' lang='lat' dir='ltr'><strong><em>Tuncque</em></strong></span> <span class='ocrx_word' id='word_1_263' title='bbox 809 2739 1139 2810; x_wconf 87' lang='lat' dir='ltr'><strong><em>implebatur</em></strong></span> <span class='ocrx_word' id='word_1_264' title='bbox 1156 2741 1260 2794; x_wconf 90' lang='lat' dir='ltr'><strong><em>alia</em></strong></span> <span class='ocrx_word' id='word_1_265' title='bbox 1295 2740 1599 2810; x_wconf 85' lang='lat' dir='ltr'><strong><em>prophetia,</em></strong></span> <span class='ocrx_word' id='word_1_266' title='bbox 1634 2738 1786 2796; x_wconf 75' lang='lat' dir='ltr'><strong><em>Isaia:</em></strong></span> <span class='ocrx_word' id='word_1_267' title='bbox 1823 2756 1956 2796; x_wconf 88' lang='lat' dir='ltr'><strong><em>vocc</em></strong></span> <span class='ocrx_word' id='word_1_268' title='bbox 1978 2758 2104 2810; x_wconf 88' lang='lat' dir='ltr'><strong><em>pro-</em></strong></span> 
     </span>
    </p>
   </div>
   <div class='ocr_carea' id='block_1_35' title="bbox 519 2827 2106 2900">
    <p class='ocr_par' dir='ltr' id='par_1_35' title="bbox 519 2827 2106 2900">
     <span class='ocr_line' id='line_1_35' title="bbox 519 2827 2106 2900; baseline 0.001 -18"><span class='ocrx_word' id='word_1_269' title='bbox 519 2827 656 2893; x_wconf 87' lang='lat' dir='ltr'><strong><em>lata,</em></strong></span> <span class='ocrx_word' id='word_1_270' title='bbox 695 2828 783 2883; x_wconf 86' lang='lat' dir='ltr'><strong><em>his</em></strong></span> <span class='ocrx_word' id='word_1_271' title='bbox 818 2829 1037 2884; x_wconf 82' lang='lat' dir='ltr'><strong><em>verbis:</em></strong></span> <span class='ocrx_word' id='word_1_272' title='bbox 1075 2828 1144 2882; x_wconf 87' lang='lat' dir='ltr'><strong><em>Et</em></strong></span> <span class='ocrx_word' id='word_1_273' title='bbox 1176 2829 1478 2899; x_wconf 83' lang='lat' dir='ltr'><strong><em>conﬂabunt</em></strong></span> <span class='ocrx_word' id='word_1_274' title='bbox 1509 2829 1716 2900; x_wconf 84' lang='lat' dir='ltr'><strong><em>gladios</em></strong></span> <span class='ocrx_word' id='word_1_275' title='bbox 1742 2846 1866 2885; x_wconf 88' lang='lat' dir='ltr'><strong><em>suos</em></strong></span> <span class='ocrx_word' id='word_1_276' title='bbox 1899 2831 1953 2885; x_wconf 89' lang='lat' dir='ltr'><strong><em>in</em></strong></span> <span class='ocrx_word' id='word_1_277' title='bbox 1979 2848 2106 2884; x_wconf 84' lang='lat' dir='ltr'><strong><em>ara-</em></strong></span> 
     </span>
    </p>
   </div>
   <div class='ocr_carea' id='block_1_36' title="bbox 527 2919 2103 2993">
    <p class='ocr_par' dir='ltr' id='par_1_36' title="bbox 527 2919 2103 2993">
     <span class='ocr_line' id='line_1_36' title="bbox 527 2919 2103 2993; baseline 0.003 -21"><span class='ocrx_word' id='word_1_278' title='bbox 527 2928 634 2985; x_wconf 87' lang='lat' dir='ltr'><strong><em>tra,</em></strong></span> <span class='ocrx_word' id='word_1_279' title='bbox 663 2927 715 2974; x_wconf 86' lang='lat' dir='ltr'><strong><em>et</em></strong></span> <span class='ocrx_word' id='word_1_280' title='bbox 744 2919 955 2975; x_wconf 81' lang='lat' dir='ltr'><strong><em>lanceas</em></strong></span> <span class='ocrx_word' id='word_1_281' title='bbox 1000 2937 1126 2977; x_wconf 89' lang='lat' dir='ltr'><strong><em>suas</em></strong></span> <span class='ocrx_word' id='word_1_282' title='bbox 1156 2923 1211 2975; x_wconf 89' lang='lat' dir='ltr'><strong><em>in</em></strong></span> <span class='ocrx_word' id='word_1_283' title='bbox 1236 2922 1421 2991; x_wconf 83' lang='lat' dir='ltr'><strong><em>falces.</em></strong></span> <span class='ocrx_word' id='word_1_284' title='bbox 1465 2921 1534 2974; x_wconf 88' lang='lat' dir='ltr'><strong><em>Et</em></strong></span> <span class='ocrx_word' id='word_1_285' title='bbox 1587 2938 1693 2975; x_wconf 89' lang='lat' dir='ltr'><strong><em>non</em></strong></span> <span class='ocrx_word' id='word_1_286' title='bbox 1734 2923 1951 2991; x_wconf 88' lang='lat' dir='ltr'><strong><em>accipiet</em></strong></span> <span class='ocrx_word' id='word_1_287' title='bbox 1978 2939 2103 2993; x_wconf 87' lang='lat' dir='ltr'><strong><em>gens</em></strong></span> 
     </span>
    </p>
   </div>
   <div class='ocr_carea' id='block_1_37' title="bbox 521 3013 2102 3084">
    <p class='ocr_par' dir='ltr' id='par_1_37' title="bbox 521 3013 2102 3084">
     <span class='ocr_line' id='line_1_37' title="bbox 521 3013 2102 3084; baseline 0.002 -19"><span class='ocrx_word' id='word_1_288' title='bbox 521 3021 709 3066; x_wconf 67' lang='lat' dir='ltr'><strong><em>contra</em></strong></span> <span class='ocrx_word' id='word_1_289' title='bbox 735 3020 936 3083; x_wconf 87' lang='lat' dir='ltr'><strong><em>gentem</em></strong></span> <span class='ocrx_word' id='word_1_290' title='bbox 987 3013 1243 3084; x_wconf 87' lang='lat' dir='ltr'><strong><em>gladium,</em></strong></span> <span class='ocrx_word' id='word_1_291' title='bbox 1304 3031 1395 3068; x_wconf 90' lang='lat' dir='ltr'><strong><em>nec</em></strong></span> <span class='ocrx_word' id='word_1_292' title='bbox 1438 3014 1815 3069; x_wconf 74' lang='lat' dir='ltr'><strong><em>exercebantur</em></strong></span> <span class='ocrx_word' id='word_1_293' title='bbox 1837 3016 1983 3069; x_wconf 89' lang='lat' dir='ltr'><strong><em>ultra</em></strong></span> <span class='ocrx_word' id='word_1_294' title='bbox 2033 3015 2102 3068; x_wconf 88' lang='lat' dir='ltr'><strong><em>ad</em></strong></span> 
     </span>
    </p>
   </div>
   <div class='ocr_carea' id='block_1_38' title="bbox 517 3102 2100 3177">
    <p class='ocr_par' dir='ltr' id='par_1_38' title="bbox 517 3102 2100 3177">
     <span class='ocr_line' id='line_1_38' title="bbox 517 3102 2100 3177; baseline 0.003 -16"><span class='ocrx_word' id='word_1_295' title='bbox 517 3104 763 3173; x_wconf 64' lang='lat' dir='ltr'><strong><em>praelium</em></strong></span> <span class='ocrx_word' id='word_1_296' title='bbox 780 3106 821 3161; x_wconf 76' lang='grc' dir='ltr'><em>ί.</em></span> <span class='ocrx_word' id='word_1_297' title='bbox 849 3102 975 3160; x_wconf 82' lang='lat' dir='ltr'><strong><em>llaec</em></strong></span> <span class='ocrx_word' id='word_1_298' title='bbox 1005 3105 1171 3175; x_wconf 71' lang='lat' dir='ltr'><strong><em>igitur</em></strong></span> <span class='ocrx_word' id='word_1_299' title='bbox 1182 3106 1438 3177; x_wconf 62' lang='lat' dir='ltr'><strong><em>praesenti</em></strong></span> <span class='ocrx_word' id='word_1_300' title='bbox 1456 3122 1711 3162; x_wconf 88' lang='lat' dir='ltr'><strong><em>sermone</em></strong></span> <span class='ocrx_word' id='word_1_301' title='bbox 1727 3107 2100 3174; x_wconf 88' lang='lat' dir='ltr'><strong><em>declarantur,</em></strong></span> 
     </span>
    </p>
   </div>
   <div class='ocr_carea' id='block_1_39' title="bbox 518 3195 2101 3271">
    <p class='ocr_par' dir='ltr' id='par_1_39' title="bbox 518 3195 2101 3271">
     <span class='ocr_line' id='line_1_39' title="bbox 518 3195 2101 3271; baseline 0.004 -21"><span class='ocrx_word' id='word_1_302' title='bbox 518 3204 685 3267; x_wconf 68' lang='lat' dir='ltr'><strong><em>atque</em></strong></span> <span class='ocrx_word' id='word_1_303' title='bbox 712 3195 873 3253; x_wconf 85' lang='lat' dir='ltr'><strong><em>ﬁnem</em></strong></span> <span class='ocrx_word' id='word_1_304' title='bbox 904 3199 1108 3259; x_wconf 54' lang='lat' dir='ltr'><strong><em>sortita,</em></strong></span> <span class='ocrx_word' id='word_1_305' title='bbox 1151 3206 1300 3264; x_wconf 88' lang='lat' dir='ltr'><strong><em>sunt,</em></strong></span> <span class='ocrx_word' id='word_1_306' title='bbox 1330 3198 1396 3253; x_wconf 90' lang='lat' dir='ltr'><strong><em>ad</em></strong></span> <span class='ocrx_word' id='word_1_307' title='bbox 1432 3199 1667 3253; x_wconf 86' lang='lat' dir='ltr'><strong><em>litteram</em></strong></span> <span class='ocrx_word' id='word_1_308' title='bbox 1701 3199 1923 3271; x_wconf 80' lang='lat' dir='ltr'><strong><em>quidem</em></strong></span> <span class='ocrx_word' id='word_1_309' title='bbox 1948 3209 2006 3255; x_wconf 91' lang='lat' dir='ltr'><strong><em>ut</em></strong></span> <span class='ocrx_word' id='word_1_310' title='bbox 2044 3202 2101 3256; x_wconf 88' lang='lat' dir='ltr'><strong><em>in</em></strong></span> 
     </span>
    </p>
   </div>
   <div class='ocr_carea' id='block_1_40' title="bbox 2278 1435 3787 1509">
    <p class='ocr_par' dir='ltr' id='par_1_40' title="bbox 2278 1435 3787 1509">
     <span class='ocr_line' id='line_1_40' title="bbox 2278 1435 3787 1509; baseline -0.001 -15"><span class='ocrx_word' id='word_1_311' title='bbox 2278 1438 2457 1494; x_wconf 86' lang='grc' dir='ltr'><strong><em>Δεῦτε</em></strong></span> <span class='ocrx_word' id='word_1_312' title='bbox 2487 1439 2587 1494; x_wconf 75' lang='grc' dir='ltr'><em>καὶ</em></span> <span class='ocrx_word' id='word_1_313' title='bbox 2628 1439 2784 1493; x_wconf 78' lang='grc' dir='ltr'><em>ἴδετε</em></span> <span class='ocrx_word' id='word_1_314' title='bbox 2819 1436 2891 1493; x_wconf 87' lang='grc' dir='ltr'><em>τὰ</em></span> <span class='ocrx_word' id='word_1_315' title='bbox 2926 1440 3069 1509; x_wconf 79' lang='grc' dir='ltr'><em>ἔργα</em></span> <span class='ocrx_word' id='word_1_316' title='bbox 3093 1436 3199 1492; x_wconf 86' lang='grc' dir='ltr'><em>τοῦ</em></span> <span class='ocrx_word' id='word_1_317' title='bbox 3250 1438 3470 1506; x_wconf 84' lang='grc' dir='ltr'><strong><em>Κυρίου</em></strong></span> <span class='ocrx_word' id='word_1_318' title='bbox 3497 1476 3512 1502; x_wconf 93' lang='grc'><strong><em>,</em></strong></span> <span class='ocrx_word' id='word_1_319' title='bbox 3552 1435 3591 1490; x_wconf 81' lang='grc' dir='ltr'><strong><em>ἅ</em></strong></span> <span class='ocrx_word' id='word_1_320' title='bbox 3621 1437 3787 1493; x_wconf 80' lang='grc' dir='ltr'><em>ἔθετο</em></span> 
     </span>
    </p>
   </div>
   <div class='ocr_carea' id='block_1_41' title="bbox 2206 1525 3786 1600">
    <p class='ocr_par' dir='ltr' id='par_1_41' title="bbox 2206 1525 3786 1600">
     <span class='ocr_line' id='line_1_41' title="bbox 2206 1525 3786 1600; baseline -0.003 -16"><span class='ocrx_word' id='word_1_321' title='bbox 2206 1529 2421 1600; x_wconf 87' lang='grc' dir='ltr'><em>τέρατα</em></span> <span class='ocrx_word' id='word_1_322' title='bbox 2452 1530 2551 1583; x_wconf 76' lang='grc' dir='ltr'><strong><em>ἐπὶ</em></strong></span> <span class='ocrx_word' id='word_1_323' title='bbox 2572 1528 2682 1599; x_wconf 79' lang='grc' dir='ltr'><em>τῆς</em></span> <span class='ocrx_word' id='word_1_324' title='bbox 2714 1528 2848 1599; x_wconf 75' lang='grc' dir='ltr'><em>γῆς,</em></span> <span class='ocrx_word' id='word_1_325' title='bbox 2895 1525 3269 1595; x_wconf 85' lang='grc' dir='ltr'><em>ἀνταναιρῶν</em></span> <span class='ocrx_word' id='word_1_326' title='bbox 3290 1526 3592 1596; x_wconf 78' lang='grc' dir='ltr'><strong><em>πολέμους</em></strong></span> <span class='ocrx_word' id='word_1_327' title='bbox 3609 1527 3786 1597; x_wconf 80' lang='grc' dir='ltr'><em>μέχρι</em></span> 
     </span>
    </p>
   </div>
   <div class='ocr_carea' id='block_1_42' title="bbox 2205 1618 3785 1692">
    <p class='ocr_par' dir='ltr' id='par_1_42' title="bbox 2205 1618 3785 1692">
     <span class='ocr_line' id='line_1_42' title="bbox 2205 1618 3785 1692; baseline -0.002 -17"><span class='ocrx_word' id='word_1_328' title='bbox 2205 1622 2323 1676; x_wconf 86' lang='grc' dir='ltr'><strong><em>τῶν</em></strong></span> <span class='ocrx_word' id='word_1_329' title='bbox 2353 1620 2621 1690; x_wconf 83' lang='grc' dir='ltr'><strong><em>περάτων</em></strong></span> <span class='ocrx_word' id='word_1_330' title='bbox 2642 1620 2752 1690; x_wconf 82' lang='grc' dir='ltr'><em>τῆς</em></span> <span class='ocrx_word' id='word_1_331' title='bbox 2771 1620 2905 1692; x_wconf 76' lang='grc' dir='ltr'><strong><em>γῆς.</em></strong></span> <span class='ocrx_word' id='word_1_332' title='bbox 2936 1619 3121 1685; x_wconf 81' lang='grc' dir='ltr'><em>Τόξον</em></span> <span class='ocrx_word' id='word_1_333' title='bbox 3140 1620 3479 1688; x_wconf 70' lang='grc' dir='ltr'><em>συντρίψει,</em></span> <span class='ocrx_word' id='word_1_334' title='bbox 3507 1618 3605 1673; x_wconf 76' lang='grc' dir='ltr'><strong><em>καί</em></strong></span> <span class='ocrx_word' id='word_1_335' title='bbox 3636 1635 3785 1688; x_wconf 66' lang='grc' dir='ltr'><em>συγι</em></span> 
     </span>
    </p>
   </div>
   <div class='ocr_carea' id='block_1_43' title="bbox 2205 1710 3783 1781">
    <p class='ocr_par' dir='ltr' id='par_1_43' title="bbox 2205 1710 3783 1781">
     <span class='ocr_line' id='line_1_43' title="bbox 2205 1710 3783 1781; baseline -0.001 -14"><span class='ocrx_word' id='word_1_336' title='bbox 2205 1713 2422 1768; x_wconf 73' lang='grc' dir='ltr'><em>κλάσει</em></span> <span class='ocrx_word' id='word_1_337' title='bbox 2449 1714 2661 1779; x_wconf 75' lang='grc' dir='ltr'><em>ὅπλον,</em></span> <span class='ocrx_word' id='word_1_338' title='bbox 2691 1714 2791 1767; x_wconf 79' lang='grc' dir='ltr'><em>καὶ</em></span> <span class='ocrx_word' id='word_1_339' title='bbox 2817 1712 3066 1781; x_wconf 82' lang='grc' dir='ltr'><em>θυρεοὺς</em></span> <span class='ocrx_word' id='word_1_340' title='bbox 3108 1712 3472 1767; x_wconf 82' lang='grc' dir='ltr'><strong><em>κατακαύσει</em></strong></span> <span class='ocrx_word' id='word_1_341' title='bbox 3521 1710 3590 1763; x_wconf 85' lang='grc' dir='ltr'><em>ἐν</em></span> <span class='ocrx_word' id='word_1_342' title='bbox 3619 1711 3783 1778; x_wconf 81' lang='grc' dir='ltr'><em>πυρί.</em></span> 
     </span>
    </p>
   </div>
   <div class='ocr_carea' id='block_1_44' title="bbox 2206 1801 3785 1877">
    <p class='ocr_par' dir='ltr' id='par_1_44' title="bbox 2206 1801 3785 1877">
     <span class='ocr_line' id='line_1_44' title="bbox 2206 1801 3785 1877; baseline -0.004 -16"><span class='ocrx_word' id='word_1_343' title='bbox 2206 1808 2363 1861; x_wconf 87' lang='grc' dir='ltr'><em>Ἐστι</em></span> <span class='ocrx_word' id='word_1_344' title='bbox 2385 1823 2468 1876; x_wconf 88' lang='grc' dir='ltr'><em>γε,</em></span> <span class='ocrx_word' id='word_1_345' title='bbox 2496 1807 2868 1877; x_wconf 74' lang='grc' dir='ltr'><em>ἐπιστήσαντα</em></span> <span class='ocrx_word' id='word_1_346' title='bbox 2897 1808 3009 1868; x_wconf 85' lang='grc' dir='ltr'><em>τοῖς</em></span> <span class='ocrx_word' id='word_1_347' title='bbox 3041 1805 3287 1877; x_wconf 85' lang='grc' dir='ltr'><strong><em>χρόνοις,</em></strong></span> <span class='ocrx_word' id='word_1_348' title='bbox 3335 1804 3431 1857; x_wconf 74' lang='grc' dir='ltr'><em>καὶ</em></span> <span class='ocrx_word' id='word_1_349' title='bbox 3463 1803 3599 1874; x_wconf 81' lang='grc' dir='ltr'><em>πρὸς</em></span> <span class='ocrx_word' id='word_1_350' title='bbox 3642 1801 3785 1869; x_wconf 80' lang='grc' dir='ltr'>λέξιν</span> 
     </span>
    </p>
   </div>
   <div class='ocr_carea' id='block_1_45' title="bbox 2205 1893 3787 1967">
    <p class='ocr_par' dir='ltr' id='par_1_45' title="bbox 2205 1893 3787 1967">
     <span class='ocr_line' id='line_1_45' title="bbox 2205 1893 3787 1967; baseline -0.004 -15"><span class='ocrx_word' id='word_1_351' title='bbox 2205 1898 2345 1952; x_wconf 82' lang='grc' dir='ltr'><em>αὐτά</em></span> <span class='ocrx_word' id='word_1_352' title='bbox 2400 1896 2575 1951; x_wconf 79' lang='grc' dir='ltr'><em>ταῦτα</em></span> <span class='ocrx_word' id='word_1_353' title='bbox 2623 1895 3030 1967; x_wconf 80' lang='grc' dir='ltr'><strong><em>πεπληρωμένα</em></strong></span> <span class='ocrx_word' id='word_1_354' title='bbox 3090 1894 3462 1966; x_wconf 75' lang='grc' dir='ltr'><em>παραλαϐεῖν·</em></span> <span class='ocrx_word' id='word_1_355' title='bbox 3514 1894 3567 1947; x_wconf 78' lang='grc' dir='ltr'><strong><em>εί</em></strong></span> <span class='ocrx_word' id='word_1_356' title='bbox 3587 1910 3649 1963; x_wconf 91' lang='grc' dir='ltr'><em>γε</em></span> <span class='ocrx_word' id='word_1_357' title='bbox 3679 1893 3787 1964; x_wconf 69' lang='grc' dir='ltr'><strong><em>πρὸ</em></strong></span> 
     </span>
    </p>
   </div>
   <div class='ocr_carea' id='block_1_46' title="bbox 2211 1987 3786 2061">
    <p class='ocr_par' dir='ltr' id='par_1_46' title="bbox 2211 1987 3786 2061">
     <span class='ocr_line' id='line_1_46' title="bbox 2211 1987 3786 2061; baseline -0.002 -19"><span class='ocrx_word' id='word_1_358' title='bbox 2211 1992 2309 2061; x_wconf 88' lang='grc' dir='ltr'><em>τῆς</em></span> <span class='ocrx_word' id='word_1_359' title='bbox 2336 1988 2430 2042; x_wconf 78' lang='grc' dir='ltr'><em>τοῦ</em></span> <span class='ocrx_word' id='word_1_360' title='bbox 2466 1990 2717 2059; x_wconf 77' lang='grc' dir='ltr'><strong><em>Σωτῆρος</em></strong></span> <span class='ocrx_word' id='word_1_361' title='bbox 2762 1988 2918 2059; x_wconf 82' lang='grc' dir='ltr'>ἡμῶν</span> <span class='ocrx_word' id='word_1_362' title='bbox 2951 1988 3272 2057; x_wconf 73' lang='grc' dir='ltr'><em>ἐπιφανείας</em></span> <span class='ocrx_word' id='word_1_363' title='bbox 3296 1987 3655 2060; x_wconf 84' lang='grc' dir='ltr'><em>τοποκρατίαι</em></span> <span class='ocrx_word' id='word_1_364' title='bbox 3689 1987 3786 2042; x_wconf 77' lang='grc' dir='ltr'><em>καὶ</em></span> 
     </span>
    </p>
   </div>
   <div class='ocr_carea' id='block_1_47' title="bbox 2208 2076 3759 2153">
    <p class='ocr_par' dir='ltr' id='par_1_47' title="bbox 2208 2076 3759 2153">
     <span class='ocr_line' id='line_1_47' title="bbox 2208 2076 3759 2153; baseline -0.001 -18"><span class='ocrx_word' id='word_1_365' title='bbox 2208 2081 2499 2153; x_wconf 86' lang='grc' dir='ltr'><em>τοπαρχίαι</em></span> <span class='ocrx_word' id='word_1_366' title='bbox 2532 2080 2672 2135; x_wconf 85' lang='grc' dir='ltr'><strong><em>κατά</em></strong></span> <span class='ocrx_word' id='word_1_367' title='bbox 2700 2079 2881 2153; x_wconf 86' lang='grc' dir='ltr'><em>χώρας</em></span> <span class='ocrx_word' id='word_1_368' title='bbox 2912 2076 3054 2152; x_wconf 76' lang='grc' dir='ltr'><em>ἦσαν</em></span> <span class='ocrx_word' id='word_1_369' title='bbox 3092 2080 3185 2133; x_wconf 77' lang='grc' dir='ltr'><strong><em>καὶ</em></strong></span> <span class='ocrx_word' id='word_1_370' title='bbox 3238 2079 3378 2134; x_wconf 75' lang='grc' dir='ltr'><strong><em>κατά</em></strong></span> <span class='ocrx_word' id='word_1_371' title='bbox 3420 2080 3634 2145; x_wconf 77' lang='grc' dir='ltr'><em>πόλεις’</em></span> <span class='ocrx_word' id='word_1_372' title='bbox 3689 2079 3759 2133; x_wconf 88' lang='grc' dir='ltr'><em>πό</em></span> 
     </span>
    </p>
   </div>
   <div class='ocr_carea' id='block_1_48' title="bbox 2206 2173 3781 2245">
    <p class='ocr_par' dir='ltr' id='par_1_48' title="bbox 2206 2173 3781 2245">
     <span class='ocr_line' id='line_1_48' title="bbox 2206 2173 3781 2245; baseline 0.001 -19"><span class='ocrx_word' id='word_1_373' title='bbox 2206 2173 2362 2245; x_wconf 89' lang='grc' dir='ltr'><em>λεμοί</em></span> <span class='ocrx_word' id='word_1_374' title='bbox 2397 2191 2457 2227; x_wconf 90' lang='grc' dir='ltr'><strong><em>τε</em></strong></span> <span class='ocrx_word' id='word_1_375' title='bbox 2486 2173 2804 2227; x_wconf 75' lang='grc' dir='ltr'><em>συνίσταντο</em></span> <span class='ocrx_word' id='word_1_376' title='bbox 2848 2173 2971 2227; x_wconf 79' lang='grc' dir='ltr'><em>καθ’</em></span> <span class='ocrx_word' id='word_1_377' title='bbox 2993 2173 3231 2244; x_wconf 78' lang='grc' dir='ltr'><em>ἑκάστην</em></span> <span class='ocrx_word' id='word_1_378' title='bbox 3267 2173 3469 2242; x_wconf 83' lang='grc' dir='ltr'>γωνίαν</span> <span class='ocrx_word' id='word_1_379' title='bbox 3506 2175 3605 2244; x_wconf 81' lang='grc' dir='ltr'><em>τῆς</em></span> <span class='ocrx_word' id='word_1_380' title='bbox 3637 2176 3740 2243; x_wconf 81' lang='grc' dir='ltr'>γῆς</span> <span class='ocrx_word' id='word_1_381' title='bbox 3766 2189 3781 2203; x_wconf 78' lang='grc'><strong>⁸</strong></span> 
     </span>
    </p>
   </div>
   <div class='ocr_carea' id='block_1_49' title="bbox 2206 2261 3783 2334">
    <p class='ocr_par' dir='ltr' id='par_1_49' title="bbox 2206 2261 3783 2334">
     <span class='ocr_line' id='line_1_49' title="bbox 2206 2261 3783 2334; baseline 0.001 -19"><span class='ocrx_word' id='word_1_382' title='bbox 2206 2264 2281 2327; x_wconf 88' lang='grc' dir='ltr'><em>ὡς</em></span> <span class='ocrx_word' id='word_1_383' title='bbox 2310 2262 2402 2315; x_wconf 78' lang='grc' dir='ltr'><em>καὶ</em></span> <span class='ocrx_word' id='word_1_384' title='bbox 2435 2263 2630 2325; x_wconf 83' lang='grc' dir='ltr'><em>αὐτοὺς</em></span> <span class='ocrx_word' id='word_1_385' title='bbox 2652 2264 2779 2326; x_wconf 77' lang='grc' dir='ltr'><em>τοὺς</em></span> <span class='ocrx_word' id='word_1_386' title='bbox 2807 2262 3138 2331; x_wconf 86' lang='grc' dir='ltr'><em>γεωπόνους,</em></span> <span class='ocrx_word' id='word_1_387' title='bbox 3178 2262 3275 2334; x_wconf 78' lang='grc' dir='ltr'><em>τὴν</em></span> <span class='ocrx_word' id='word_1_388' title='bbox 3316 2261 3500 2334; x_wconf 84' lang='grc' dir='ltr'><em>χώραν</em></span> <span class='ocrx_word' id='word_1_389' title='bbox 3551 2263 3783 2333; x_wconf 76' lang='grc' dir='ltr'><strong><em>ἐργαζο-</em></strong></span> 
     </span>
    </p>
   </div>
   <div class='ocr_carea' id='block_1_50' title="bbox 2210 2347 3784 2425">
    <p class='ocr_par' dir='ltr' id='par_1_50' title="bbox 2210 2347 3784 2425">
     <span class='ocr_line' id='line_1_50' title="bbox 2210 2347 3784 2425; baseline 0.001 -19"><span class='ocrx_word' id='word_1_390' title='bbox 2210 2352 2424 2424; x_wconf 84' lang='grc' dir='ltr'><strong><em>μένους,</em></strong></span> <span class='ocrx_word' id='word_1_391' title='bbox 2456 2347 2697 2425; x_wconf 82' lang='grc' dir='ltr'><em>δοράτων</em></span> <span class='ocrx_word' id='word_1_392' title='bbox 2728 2354 2823 2406; x_wconf 76' lang='grc' dir='ltr'><em>καὶ</em></span> <span class='ocrx_word' id='word_1_393' title='bbox 2848 2353 3018 2423; x_wconf 83' lang='grc' dir='ltr'>ξιφῶν</span> <span class='ocrx_word' id='word_1_394' title='bbox 3054 2355 3151 2408; x_wconf 75' lang='grc' dir='ltr'><em>καὶ</em></span> <span class='ocrx_word' id='word_1_395' title='bbox 3174 2354 3441 2408; x_wconf 79' lang='grc' dir='ltr'><strong><em>παντοίων</em></strong></span> <span class='ocrx_word' id='word_1_396' title='bbox 3473 2353 3784 2425; x_wconf 82' lang='grc' dir='ltr'>πολεμικῶν</span> 
     </span>
    </p>
   </div>
   <div class='ocr_carea' id='block_1_51' title="bbox 2205 2445 3786 2518">
    <p class='ocr_par' dir='ltr' id='par_1_51' title="bbox 2205 2445 3786 2518">
     <span class='ocr_line' id='line_1_51' title="bbox 2205 2445 3786 2518; baseline -0.001 -17"><span class='ocrx_word' id='word_1_397' title='bbox 2205 2446 2385 2501; x_wconf 82' lang='grc' dir='ltr'><em>ὃπλων</em></span> <span class='ocrx_word' id='word_1_398' title='bbox 2416 2445 2813 2518; x_wconf 75' lang='grc' dir='ltr'><em>ἐπιμελεῖσθαι.</em></span> <span class='ocrx_word' id='word_1_399' title='bbox 2853 2446 3008 2500; x_wconf 85' lang='grc' dir='ltr'><em>Μετὰ</em></span> <span class='ocrx_word' id='word_1_400' title='bbox 3034 2447 3093 2500; x_wconf 83' lang='grc' dir='ltr'><em>δὲ</em></span> <span class='ocrx_word' id='word_1_401' title='bbox 3134 2446 3235 2517; x_wconf 82' lang='grc' dir='ltr'><em>τὴν</em></span> <span class='ocrx_word' id='word_1_402' title='bbox 3284 2448 3548 2517; x_wconf 86' lang='grc' dir='ltr'><em>σωτήριον</em></span> <span class='ocrx_word' id='word_1_403' title='bbox 3588 2446 3786 2514; x_wconf 71' lang='grc' dir='ltr'><em>θεοφά-</em></span> 
     </span>
    </p>
   </div>
   <div class='ocr_carea' id='block_1_52' title="bbox 2203 2536 3784 2609">
    <p class='ocr_par' dir='ltr' id='par_1_52' title="bbox 2203 2536 3784 2609">
     <span class='ocr_line' id='line_1_52' title="bbox 2203 2536 3784 2609; baseline 0 -18"><span class='ocrx_word' id='word_1_404' title='bbox 2203 2554 2351 2591; x_wconf 87' lang='grc' dir='ltr'><em>νειαν</em></span> <span class='ocrx_word' id='word_1_405' title='bbox 2388 2538 2655 2608; x_wconf 90' lang='grc' dir='ltr'><em>μόναρχος</em></span> <span class='ocrx_word' id='word_1_406' title='bbox 2678 2538 2775 2607; x_wconf 85' lang='grc' dir='ltr'><strong><em>μὲν</em></strong></span> <span class='ocrx_word' id='word_1_407' title='bbox 2809 2539 2842 2609; x_wconf 79' lang='grc' dir='ltr'>ἡ</span> <span class='ocrx_word' id='word_1_408' title='bbox 2880 2536 3165 2609; x_wconf 86' lang='grc' dir='ltr'><em>Ῥωμαίων</em></span> <span class='ocrx_word' id='word_1_409' title='bbox 3194 2537 3441 2608; x_wconf 87' lang='grc' dir='ltr'><em>βασιλεία</em></span> <span class='ocrx_word' id='word_1_410' title='bbox 3466 2538 3784 2608; x_wconf 77' lang='grc' dir='ltr'>ἐπικρατεῖν</span> 
     </span>
    </p>
   </div>
   <div class='ocr_carea' id='block_1_53' title="bbox 2206 2628 3786 2702">
    <p class='ocr_par' dir='ltr' id='par_1_53' title="bbox 2206 2628 3786 2702">
     <span class='ocr_line' id='line_1_53' title="bbox 2206 2628 3786 2702; baseline 0.001 -19"><span class='ocrx_word' id='word_1_411' title='bbox 2206 2630 2473 2683; x_wconf 84' lang='grc' dir='ltr'><em>πλείστων</em></span> <span class='ocrx_word' id='word_1_412' title='bbox 2511 2628 2681 2683; x_wconf 81' lang='grc' dir='ltr'>ἐθνῶν</span> <span class='ocrx_word' id='word_1_413' title='bbox 2720 2629 2951 2701; x_wconf 73' lang='grc' dir='ltr'><em>ἧρξατοο</em></span> <span class='ocrx_word' id='word_1_414' title='bbox 2996 2630 3239 2701; x_wconf 87' lang='grc' dir='ltr'><em>διέτρεχε</em></span> <span class='ocrx_word' id='word_1_415' title='bbox 3284 2629 3342 2683; x_wconf 82' lang='grc' dir='ltr'><em>δὲ</em></span> <span class='ocrx_word' id='word_1_416' title='bbox 3382 2630 3786 2702; x_wconf 80' lang='grc' dir='ltr'><em>συναρξάμενον</em></span> 
     </span>
    </p>
   </div>
   <div class='ocr_carea' id='block_1_54' title="bbox 2204 2722 3783 2794">
    <p class='ocr_par' dir='ltr' id='par_1_54' title="bbox 2204 2722 3783 2794">
     <span class='ocr_line' id='line_1_54' title="bbox 2204 2722 3783 2794; baseline 0.002 -20"><span class='ocrx_word' id='word_1_417' title='bbox 2204 2723 2340 2791; x_wconf 78' lang='grc' dir='ltr'><em>αὐτῇ</em></span> <span class='ocrx_word' id='word_1_418' title='bbox 2386 2723 2447 2776; x_wconf 78' lang='grc' dir='ltr'><em>τὸ</em></span> <span class='ocrx_word' id='word_1_419' title='bbox 2480 2724 2746 2794; x_wconf 83' lang='grc' dir='ltr'><em>σωτήριον</em></span> <span class='ocrx_word' id='word_1_420' title='bbox 2780 2722 3111 2792; x_wconf 85' lang='grc' dir='ltr'><em>Εὑαγγέλιον</em></span> <span class='ocrx_word' id='word_1_421' title='bbox 3151 2724 3233 2786; x_wconf 79' lang='grc' dir='ltr'><em>εἰς</em></span> <span class='ocrx_word' id='word_1_422' title='bbox 3283 2723 3458 2777; x_wconf 89' lang='grc' dir='ltr'><em>πάντα</em></span> <span class='ocrx_word' id='word_1_423' title='bbox 3508 2722 3578 2777; x_wconf 83' lang='grc' dir='ltr'><em>τὰ</em></span> <span class='ocrx_word' id='word_1_424' title='bbox 3631 2724 3783 2793; x_wconf 75' lang='grc' dir='ltr'><em>ἔθνη.</em></span> 
     </span>
    </p>
   </div>
   <div class='ocr_carea' id='block_1_55' title="bbox 2217 2809 3786 2887">
    <p class='ocr_par' dir='ltr' id='par_1_55' title="bbox 2217 2809 3786 2887">
     <span class='ocr_line' id='line_1_55' title="bbox 2217 2809 3786 2887; baseline -0.001 -18"><span class='ocrx_word' id='word_1_425' title='bbox 2217 2815 2555 2887; x_wconf 83' lang='grc' dir='ltr'><em>Ἐπληροῦτο</em></span> <span class='ocrx_word' id='word_1_426' title='bbox 2586 2816 2643 2869; x_wconf 84' lang='grc' dir='ltr'><em>δὲ</em></span> <span class='ocrx_word' id='word_1_427' title='bbox 2672 2816 2764 2869; x_wconf 75' lang='grc' dir='ltr'><em>καὶ</em></span> <span class='ocrx_word' id='word_1_428' title='bbox 2791 2814 2925 2884; x_wconf 79' lang='grc' dir='ltr'><em>άλλη</em></span> <span class='ocrx_word' id='word_1_429' title='bbox 2960 2815 3287 2886; x_wconf 80' lang='grc' dir='ltr'><em>προφητεία,</em></span> <span class='ocrx_word' id='word_1_430' title='bbox 3322 2809 3424 2870; x_wconf 80' lang='grc' dir='ltr'><em>ὧδέ</em></span> <span class='ocrx_word' id='word_1_431' title='bbox 3460 2833 3535 2887; x_wconf 89' lang='grc' dir='ltr'><em>πη</em></span> <span class='ocrx_word' id='word_1_432' title='bbox 3566 2816 3786 2885; x_wconf 76' lang='grc' dir='ltr'><em>ἀναφω-</em></span> 
     </span>
    </p>
   </div>
   <div class='ocr_carea' id='block_1_56' title="bbox 2204 2905 3788 2977">
    <p class='ocr_par' dir='ltr' id='par_1_56' title="bbox 2204 2905 3788 2977">
     <span class='ocr_line' id='line_1_56' title="bbox 2204 2905 3788 2977; baseline -0.001 -15"><span class='ocrx_word' id='word_1_433' title='bbox 2204 2907 2370 2962; x_wconf 81' lang='grc' dir='ltr'><em>νοῦσα</em></span> <span class='ocrx_word' id='word_1_434' title='bbox 2400 2906 2491 2961; x_wconf 84' lang='grc' dir='ltr'><em>διὰ</em></span> <span class='ocrx_word' id='word_1_435' title='bbox 2522 2907 2744 2962; x_wconf 78' lang='grc' dir='ltr'><em>Ἠσατου</em></span> <span class='ocrx_word' id='word_1_436' title='bbox 2765 2924 2777 2937; x_wconf 82' lang='grc'><em>’</em></span> <span class='ocrx_word' id='word_1_437' title='bbox 2801 2905 2912 2962; x_wconf 80' lang='grc' dir='ltr'><strong><em>Καὶ</em></strong></span> <span class='ocrx_word' id='word_1_438' title='bbox 2944 2907 3331 2976; x_wconf 74' lang='grc' dir='ltr'><em>συγκόψουσι</em></span> <span class='ocrx_word' id='word_1_439' title='bbox 3358 2906 3465 2973; x_wconf 86' lang='grc' dir='ltr'><em>τὰς</em></span> <span class='ocrx_word' id='word_1_440' title='bbox 3485 2908 3788 2977; x_wconf 83' lang='grc' dir='ltr'>μαχαίρας</span> 
     </span>
    </p>
   </div>
   <div class='ocr_carea' id='block_1_57' title="bbox 2210 2997 3788 3069">
    <p class='ocr_par' dir='ltr' id='par_1_57' title="bbox 2210 2997 3788 3069">
     <span class='ocr_line' id='line_1_57' title="bbox 2210 2997 3788 3069; baseline -0.002 -14"><span class='ocrx_word' id='word_1_441' title='bbox 2210 3001 2411 3055; x_wconf 82' lang='grc' dir='ltr'><em>αὐτῶν</em></span> <span class='ocrx_word' id='word_1_442' title='bbox 2434 3003 2520 3067; x_wconf 82' lang='grc' dir='ltr'><em>εις</em></span> <span class='ocrx_word' id='word_1_443' title='bbox 2550 3000 2787 3069; x_wconf 79' lang='grc' dir='ltr'><em>ἄροτρα,</em></span> <span class='ocrx_word' id='word_1_444' title='bbox 2818 2999 2917 3053; x_wconf 80' lang='grc' dir='ltr'><strong><em>καὶ</em></strong></span> <span class='ocrx_word' id='word_1_445' title='bbox 2938 2998 3046 3065; x_wconf 83' lang='grc' dir='ltr'><strong><em>τὰς</em></strong></span> <span class='ocrx_word' id='word_1_446' title='bbox 3068 2997 3301 3065; x_wconf 76' lang='grc' dir='ltr'><em>ζὶϐύνας</em></span> <span class='ocrx_word' id='word_1_447' title='bbox 3322 3000 3523 3053; x_wconf 83' lang='grc' dir='ltr'><em>αὐτῶν</em></span> <span class='ocrx_word' id='word_1_448' title='bbox 3553 3003 3641 3066; x_wconf 82' lang='grc' dir='ltr'><em>εἱς</em></span> <span class='ocrx_word' id='word_1_449' title='bbox 3665 2998 3788 3067; x_wconf 76' lang='grc' dir='ltr'><em>δρέ-</em></span> 
     </span>
    </p>
   </div>
   <div class='ocr_carea' id='block_1_58' title="bbox 2204 3090 3783 3162">
    <p class='ocr_par' dir='ltr' id='par_1_58' title="bbox 2204 3090 3783 3162">
     <span class='ocr_line' id='line_1_58' title="bbox 2204 3090 3783 3162; baseline 0.003 -17"><span class='ocrx_word' id='word_1_450' title='bbox 2204 3107 2383 3147; x_wconf 84' lang='grc' dir='ltr'><em>πανα·</em></span> <span class='ocrx_word' id='word_1_451' title='bbox 2400 3092 2499 3145; x_wconf 82' lang='grc' dir='ltr'><strong><em>καὶ</em></strong></span> <span class='ocrx_word' id='word_1_452' title='bbox 2514 3094 2585 3146; x_wconf 86' lang='grc' dir='ltr'><em>οὐ</em></span> <span class='ocrx_word' id='word_1_453' title='bbox 2600 3092 2685 3162; x_wconf 81' lang='grc' dir='ltr'><strong><em>μὴ</em></strong></span> <span class='ocrx_word' id='word_1_454' title='bbox 2705 3092 2964 3160; x_wconf 70' lang='grc' dir='ltr'><em>λήψεται</em></span> <span class='ocrx_word' id='word_1_455' title='bbox 2981 3091 3156 3158; x_wconf 71' lang='grc' dir='ltr'><em>ἔθνος</em></span> <span class='ocrx_word' id='word_1_456' title='bbox 3170 3091 3269 3145; x_wconf 74' lang='grc' dir='ltr'><strong><em>ἐπὶ</em></strong></span> <span class='ocrx_word' id='word_1_457' title='bbox 3290 3090 3783 3161; x_wconf 60' lang='grc' dir='ltr'><em>ἑθνοςμάχαιρανω</em></span> 
     </span>
    </p>
   </div>
   <div class='ocr_carea' id='block_1_59' title="bbox 2206 3179 3787 3255">
    <p class='ocr_par' dir='ltr' id='par_1_59' title="bbox 2206 3179 3787 3255">
     <span class='ocr_line' id='line_1_59' title="bbox 2206 3179 3787 3255; baseline -0.001 -17"><span class='ocrx_word' id='word_1_458' title='bbox 2206 3183 2306 3238; x_wconf 80' lang='grc' dir='ltr'><strong><em>καί</em></strong></span> <span class='ocrx_word' id='word_1_459' title='bbox 2332 3185 2403 3238; x_wconf 86' lang='grc' dir='ltr'><em>οὐ</em></span> <span class='ocrx_word' id='word_1_460' title='bbox 2424 3183 2512 3254; x_wconf 81' lang='grc' dir='ltr'><strong><em>μὴ</em></strong></span> <span class='ocrx_word' id='word_1_461' title='bbox 2528 3182 2804 3254; x_wconf 74' lang='grc' dir='ltr'><em>μάθωσιν</em></span> <span class='ocrx_word' id='word_1_462' title='bbox 2824 3186 2911 3239; x_wconf 79' lang='grc' dir='ltr'><em>ἐτι</em></span> <span class='ocrx_word' id='word_1_463' title='bbox 2932 3184 3236 3255; x_wconf 80' lang='grc' dir='ltr'><em>πολεμεῖν.</em></span> <span class='ocrx_word' id='word_1_464' title='bbox 3265 3182 3448 3237; x_wconf 80' lang='grc' dir='ltr'><em>Ταῦτα</em></span> <span class='ocrx_word' id='word_1_465' title='bbox 3484 3183 3546 3255; x_wconf 84' lang='grc' dir='ltr'><em>δὴ</em></span> <span class='ocrx_word' id='word_1_466' title='bbox 3577 3179 3669 3238; x_wconf 83' lang='grc' dir='ltr'><em>οὖν</em></span> <span class='ocrx_word' id='word_1_467' title='bbox 3692 3184 3787 3238; x_wconf 80' lang='grc' dir='ltr'><em>καὶ</em></span> 
     </span>
    </p>
   </div>
   <div class='ocr_carea' id='block_1_60' title="bbox 520 3273 2101 3362">
    <p class='ocr_par' dir='ltr' id='par_1_60' title="bbox 520 3289 2101 3362">
     <span class='ocr_line' id='line_1_60' title="bbox 520 3289 2101 3362; baseline 0.004 -19"><span class='ocrx_word' id='word_1_468' title='bbox 520 3289 753 3355; x_wconf 77' lang='lat' dir='ltr'><strong><em>historia</em></strong></span> <span class='ocrx_word' id='word_1_469' title='bbox 795 3305 963 3361; x_wconf 86' lang='lat' dir='ltr'><strong><em>supra</em></strong></span> <span class='ocrx_word' id='word_1_470' title='bbox 1016 3298 1361 3358; x_wconf 89' lang='lat' dir='ltr'><strong><em>memorata;</em></strong></span> <span class='ocrx_word' id='word_1_471' title='bbox 1404 3292 1552 3362; x_wconf 89' lang='lat' dir='ltr'><strong><em>quod</em></strong></span> <span class='ocrx_word' id='word_1_472' title='bbox 1592 3292 1661 3347; x_wconf 93' lang='lat' dir='ltr'><strong><em>ad</em></strong></span> <span class='ocrx_word' id='word_1_473' title='bbox 1688 3306 1946 3348; x_wconf 85' lang='lat' dir='ltr'><strong><em>arcanam</em></strong></span> <span class='ocrx_word' id='word_1_474' title='bbox 1972 3309 2101 3350; x_wconf 84' lang='lat' dir='ltr'><strong><em>vero</em></strong></span> 
     </span>
    </p>
   </div>
   <div class='ocr_carea' id='block_1_61' title="bbox 2202 3273 3789 3362">
    <p class='ocr_par' dir='ltr' id='par_1_61' title="bbox 2203 3275 3789 3348">
     <span class='ocr_line' id='line_1_61' title="bbox 2203 3275 3789 3348; baseline 0 -19"><span class='ocrx_word' id='word_1_475' title='bbox 2203 3275 2292 3330; x_wconf 81' lang='grc' dir='ltr'><strong><em>διὰ</em></strong></span> <span class='ocrx_word' id='word_1_476' title='bbox 2330 3276 2440 3330; x_wconf 90' lang='grc' dir='ltr'><strong><em>τῶν</em></strong></span> <span class='ocrx_word' id='word_1_477' title='bbox 2502 3275 2789 3347; x_wconf 85' lang='grc' dir='ltr'><strong><em>παρόντων</em></strong></span> <span class='ocrx_word' id='word_1_478' title='bbox 2815 3275 3089 3348; x_wconf 84' lang='grc' dir='ltr'><em>δηλοῦται,</em></span> <span class='ocrx_word' id='word_1_479' title='bbox 3121 3276 3214 3329; x_wconf 75' lang='grc' dir='ltr'><em>καὶ</em></span> <span class='ocrx_word' id='word_1_480' title='bbox 3239 3276 3426 3339; x_wconf 85' lang='grc' dir='ltr'><em>τέλους</em></span> <span class='ocrx_word' id='word_1_481' title='bbox 3481 3275 3743 3346; x_wconf 76' lang='grc' dir='ltr'><em>ἐτύγχανε</em></span> <span class='ocrx_word' id='word_1_482' title='bbox 3769 3317 3789 3339; x_wconf 73' lang='grc' dir='ltr'>ι</span> 
     </span>
    </p>
   </div>
   <div class='ocr_carea' id='block_1_62' title="bbox 519 3380 2103 3451">
    <p class='ocr_par' dir='ltr' id='par_1_62' title="bbox 519 3380 2103 3451">
     <span class='ocr_line' id='line_1_62' title="bbox 519 3380 2103 3451; baseline 0.004 -16"><span class='ocrx_word' id='word_1_483' title='bbox 519 3386 782 3445; x_wconf 78' lang='lat' dir='ltr'><strong><em>mentem,</em></strong></span> <span class='ocrx_word' id='word_1_484' title='bbox 816 3396 913 3451; x_wconf 89' lang='lat' dir='ltr'><strong><em>per</em></strong></span> <span class='ocrx_word' id='word_1_485' title='bbox 944 3380 1317 3451; x_wconf 86' lang='lat' dir='ltr'><strong><em>spiritualium</em></strong></span> <span class='ocrx_word' id='word_1_486' title='bbox 1364 3394 1418 3438; x_wconf 90' lang='lat' dir='ltr'><strong><em>et</em></strong></span> <span class='ocrx_word' id='word_1_487' title='bbox 1456 3383 1813 3439; x_wconf 89' lang='lat' dir='ltr'><strong><em>invisibilium</em></strong></span> <span class='ocrx_word' id='word_1_488' title='bbox 1848 3384 2103 3441; x_wconf 82' lang='lat' dir='ltr'><strong><em>inimico-</em></strong></span> 
     </span>
    </p>
   </div>
   <div class='ocr_carea' id='block_1_63' title="bbox 520 3471 2105 3544">
    <p class='ocr_par' dir='ltr' id='par_1_63' title="bbox 520 3471 2105 3544">
     <span class='ocr_line' id='line_1_63' title="bbox 520 3471 2105 3544; baseline 0.003 -17"><span class='ocrx_word' id='word_1_489' title='bbox 520 3487 642 3535; x_wconf 82' lang='lat' dir='ltr'><strong><em>rum</em></strong></span> <span class='ocrx_word' id='word_1_490' title='bbox 660 3472 979 3543; x_wconf 90' lang='lat' dir='ltr'><strong><em>perniciem.</em></strong></span> <span class='ocrx_word' id='word_1_491' title='bbox 1016 3471 1244 3528; x_wconf 77' lang='lat' dir='ltr'><strong><em>Lancea:</em></strong></span> <span class='ocrx_word' id='word_1_492' title='bbox 1266 3490 1455 3544; x_wconf 90' lang='lat' dir='ltr'><strong><em>porro,</em></strong></span> <span class='ocrx_word' id='word_1_493' title='bbox 1495 3476 1603 3531; x_wconf 89' lang='lat' dir='ltr'><strong><em>tela</em></strong></span> <span class='ocrx_word' id='word_1_494' title='bbox 1636 3482 1691 3531; x_wconf 90' lang='lat' dir='ltr'><strong><em>et</em></strong></span> <span class='ocrx_word' id='word_1_495' title='bbox 1723 3486 1875 3532; x_wconf 87' lang='lat' dir='ltr'><strong><em>scuta</em></strong></span> <span class='ocrx_word' id='word_1_496' title='bbox 1916 3476 2105 3533; x_wconf 86' lang='lat' dir='ltr'><strong><em>adver-</em></strong></span> 
     </span>
    </p>
   </div>
   <div class='ocr_carea' id='block_1_64' title="bbox 519 3562 2103 3633">
    <p class='ocr_par' dir='ltr' id='par_1_64' title="bbox 519 3562 2103 3633">
     <span class='ocr_line' id='line_1_64' title="bbox 519 3562 2103 3633; baseline 0.004 -17"><span class='ocrx_word' id='word_1_497' title='bbox 519 3562 793 3622; x_wconf 83' lang='lat' dir='ltr'><strong><em>sariarum</em></strong></span> <span class='ocrx_word' id='word_1_498' title='bbox 826 3570 1177 3633; x_wconf 88' lang='lat' dir='ltr'><strong><em>potestatum,</em></strong></span> <span class='ocrx_word' id='word_1_499' title='bbox 1203 3580 1326 3621; x_wconf 89' lang='lat' dir='ltr'><strong><em>esse</em></strong></span> <span class='ocrx_word' id='word_1_500' title='bbox 1362 3565 1617 3621; x_wconf 88' lang='lat' dir='ltr'><strong><em>videntur</em></strong></span> <span class='ocrx_word' id='word_1_501' title='bbox 1637 3566 1932 3622; x_wconf 87' lang='lat' dir='ltr'><strong><em>inanimata</em></strong></span> <span class='ocrx_word' id='word_1_502' title='bbox 1955 3569 2103 3624; x_wconf 89' lang='lat' dir='ltr'><strong><em>scul-</em></strong></span> 
     </span>
    </p>
   </div>
   <div class='ocr_carea' id='block_1_65' title="bbox 520 3655 2100 3727">
    <p class='ocr_par' dir='ltr' id='par_1_65' title="bbox 520 3655 2100 3727">
     <span class='ocr_line' id='line_1_65' title="bbox 520 3655 2100 3727; baseline 0.005 -20"><span class='ocrx_word' id='word_1_503' title='bbox 520 3655 675 3726; x_wconf 83' lang='lat' dir='ltr'><strong><em>ptilia</em></strong></span> <span class='ocrx_word' id='word_1_504' title='bbox 724 3661 779 3710; x_wconf 86' lang='lat' dir='ltr'><strong><em>et</em></strong></span> <span class='ocrx_word' id='word_1_505' title='bbox 807 3662 1001 3711; x_wconf 74' lang='lat' dir='ltr'><strong><em>statua:</em></strong></span> <span class='ocrx_word' id='word_1_506' title='bbox 1029 3672 1125 3727; x_wconf 88' lang='lat' dir='ltr'><strong><em>per</em></strong></span> <span class='ocrx_word' id='word_1_507' title='bbox 1163 3657 1544 3727; x_wconf 90' lang='lat' dir='ltr'><strong><em>multiplicium</em></strong></span> <span class='ocrx_word' id='word_1_508' title='bbox 1575 3659 1819 3724; x_wconf 69' lang='lat' dir='ltr'><strong><em>,deorum</em></strong></span> <span class='ocrx_word' id='word_1_509' title='bbox 1859 3674 2100 3715; x_wconf 86' lang='lat' dir='ltr'><strong><em>errorem</em></strong></span> 
     </span>
    </p>
   </div>
   <div class='ocr_carea' id='block_1_66' title="bbox 519 3740 2098 3815">
    <p class='ocr_par' dir='ltr' id='par_1_66' title="bbox 519 3740 2098 3815">
     <span class='ocr_line' id='line_1_66' title="bbox 519 3740 2098 3815; baseline 0.003 -21"><span class='ocrx_word' id='word_1_510' title='bbox 519 3740 781 3807; x_wconf 69' lang='lat' dir='ltr'><strong><em>invectae;</em></strong></span> <span class='ocrx_word' id='word_1_511' title='bbox 808 3740 924 3796; x_wconf 84' lang='lat' dir='ltr'><strong><em>sive</em></strong></span> <span class='ocrx_word' id='word_1_512' title='bbox 956 3742 1120 3794; x_wconf 86' lang='lat' dir='ltr'><strong><em>etiam</em></strong></span> <span class='ocrx_word' id='word_1_513' title='bbox 1152 3740 1298 3795; x_wconf 88' lang='lat' dir='ltr'><strong><em>athei</em></strong></span> <span class='ocrx_word' id='word_1_514' title='bbox 1321 3741 1422 3795; x_wconf 90' lang='lat' dir='ltr'><strong><em>viri</em></strong></span> <span class='ocrx_word' id='word_1_515' title='bbox 1439 3752 1492 3797; x_wconf 93' lang='lat' dir='ltr'><strong><em>et</em></strong></span> <span class='ocrx_word' id='word_1_516' title='bbox 1512 3742 1691 3812; x_wconf 72' lang='lat' dir='ltr'><strong><em>impia:</em></strong></span> <span class='ocrx_word' id='word_1_517' title='bbox 1719 3744 2098 3815; x_wconf 77' lang='lat' dir='ltr'><strong><em>cogitationes,</em></strong></span> 
     </span>
    </p>
   </div>
   <div class='ocr_carea' id='block_1_67' title="bbox 520 3828 2100 3901">
    <p class='ocr_par' dir='ltr' id='par_1_67' title="bbox 520 3828 2100 3901">
     <span class='ocr_line' id='line_1_67' title="bbox 520 3828 2100 3901; baseline 0.001 -17"><span class='ocrx_word' id='word_1_518' title='bbox 520 3828 981 3887; x_wconf 86' lang='lat' dir='ltr'><strong><em>abinvisibilihus</em></strong></span> <span class='ocrx_word' id='word_1_519' title='bbox 1033 3831 1317 3901; x_wconf 88' lang='lat' dir='ltr'><strong><em>spiritibus</em></strong></span> <span class='ocrx_word' id='word_1_520' title='bbox 1350 3831 1406 3885; x_wconf 93' lang='lat' dir='ltr'><strong><em>in</em></strong></span> <span class='ocrx_word' id='word_1_521' title='bbox 1441 3839 1653 3888; x_wconf 88' lang='lat' dir='ltr'><strong><em>mentes</em></strong></span> <span class='ocrx_word' id='word_1_522' title='bbox 1709 3833 1991 3887; x_wconf 88' lang='lat' dir='ltr'><strong><em>hominum</em></strong></span> <span class='ocrx_word' id='word_1_523' title='bbox 2016 3833 2100 3887; x_wconf 86' lang='lat' dir='ltr'><strong><em>in-</em></strong></span> 
     </span>
    </p>
   </div>
   <div class='ocr_carea' id='block_1_68' title="bbox 518 3924 2102 3995">
    <p class='ocr_par' dir='ltr' id='par_1_68' title="bbox 518 3924 2102 3995">
     <span class='ocr_line' id='line_1_68' title="bbox 518 3924 2102 3995; baseline 0.001 -15"><span class='ocrx_word' id='word_1_524' title='bbox 518 3924 719 3989; x_wconf 66' lang='lat' dir='ltr'><strong><em>ductae,</em></strong></span> <span class='ocrx_word' id='word_1_525' title='bbox 751 3924 908 3995; x_wconf 86' lang='lat' dir='ltr'><strong><em>queis</em></strong></span> <span class='ocrx_word' id='word_1_526' title='bbox 932 3924 1269 3994; x_wconf 82' lang='lat' dir='ltr'><strong><em>jaculantur,</em></strong></span> <span class='ocrx_word' id='word_1_527' title='bbox 1297 3932 1351 3979; x_wconf 91' lang='lat' dir='ltr'><strong><em>et</em></strong></span> <span class='ocrx_word' id='word_1_528' title='bbox 1389 3924 1560 3995; x_wconf 82' lang='lat' dir='ltr'><strong><em>ignita</em></strong></span> <span class='ocrx_word' id='word_1_529' title='bbox 1580 3926 1685 3980; x_wconf 88' lang='lat' dir='ltr'><strong><em>tela</em></strong></span> <span class='ocrx_word' id='word_1_530' title='bbox 1725 3934 1917 3981; x_wconf 89' lang='lat' dir='ltr'><strong><em>contra</em></strong></span> <span class='ocrx_word' id='word_1_531' title='bbox 1956 3927 2102 3982; x_wconf 90' lang='lat' dir='ltr'><strong><em>iner—</em></strong></span> 
     </span>
    </p>
   </div>
   <div class='ocr_carea' id='block_1_69' title="bbox 520 3999 1889 4087">
    <p class='ocr_par' dir='ltr' id='par_1_69' title="bbox 520 3999 1889 4087">
     <span class='ocr_line' id='line_1_69' title="bbox 520 3999 1889 4087; baseline 0.001 -18"><span class='ocrx_word' id='word_1_532' title='bbox 520 4029 641 4072; x_wconf 85' lang='lat' dir='ltr'><strong><em>mes</em></strong></span> <span class='ocrx_word' id='word_1_533' title='bbox 670 4014 884 4071; x_wconf 89' lang='lat' dir='ltr'><strong><em>animas</em></strong></span> <span class='ocrx_word' id='word_1_534' title='bbox 908 4022 961 4071; x_wconf 89' lang='lat' dir='ltr'><strong><em>et</em></strong></span> <span class='ocrx_word' id='word_1_535' title='bbox 991 4014 1098 4070; x_wconf 86' lang='lat' dir='ltr'><strong><em>tide</em></strong></span> <span class='ocrx_word' id='word_1_536' title='bbox 1136 4030 1248 4071; x_wconf 81' lang='lat' dir='ltr'><strong><em>non</em></strong></span> <span class='ocrx_word' id='word_1_537' title='bbox 1278 3999 1520 4071; x_wconf 75' lang='lat' dir='ltr'><strong><em>muriitas</em></strong></span> <span class='ocrx_word' id='word_1_538' title='bbox 1554 4015 1889 4087; x_wconf 34' lang='lat' dir='ltr'><strong><em>immittunt”</em></strong></span> 
     </span>
    </p>
   </div>
   <div class='ocr_carea' id='block_1_70' title="bbox 592 4281 2099 4355">
    <p class='ocr_par' dir='ltr' id='par_1_70' title="bbox 592 4281 2099 4355">
     <span class='ocr_line' id='line_1_70' title="bbox 592 4281 2099 4355; baseline -0.001 -18"><span class='ocrx_word' id='word_1_539' title='bbox 592 4281 761 4339; x_wconf 69' lang='lat' dir='ltr'><strong><em>Vsus.</em></strong></span> <span class='ocrx_word' id='word_1_540' title='bbox 810 4283 896 4338; x_wconf 80' lang='lat' dir='ltr'><strong><em>il.</em></strong></span> <span class='ocrx_word' id='word_1_541' title='bbox 959 4283 1156 4340; x_wconf 85' lang='lat' dir='ltr'><strong><em>Vacate</em></strong></span> <span class='ocrx_word' id='word_1_542' title='bbox 1214 4293 1267 4339; x_wconf 85' lang='lat' dir='ltr'><strong><em>et</em></strong></span> <span class='ocrx_word' id='word_1_543' title='bbox 1330 4282 1496 4338; x_wconf 86' lang='lat' dir='ltr'><strong><em>videte</em></strong></span> <span class='ocrx_word' id='word_1_544' title='bbox 1543 4284 1792 4355; x_wconf 87' lang='lat' dir='ltr'><strong><em>quoniam</em></strong></span> <span class='ocrx_word' id='word_1_545' title='bbox 1836 4298 1929 4353; x_wconf 92' lang='lat' dir='ltr'><strong><em>ego</em></strong></span> <span class='ocrx_word' id='word_1_546' title='bbox 1980 4297 2099 4335; x_wconf 86' lang='lat' dir='ltr'><strong><em>sum</em></strong></span> 
     </span>
    </p>
   </div>
   <div class='ocr_carea' id='block_1_71' title="bbox 519 4373 2095 4446">
    <p class='ocr_par' dir='ltr' id='par_1_71' title="bbox 519 4373 2095 4446">
     <span class='ocr_line' id='line_1_71' title="bbox 519 4373 2095 4446; baseline -0.003 -15"><span class='ocrx_word' id='word_1_547' title='bbox 519 4376 686 4442; x_wconf 86' lang='lat' dir='ltr'><strong><em>Deus,</em></strong></span> <span class='ocrx_word' id='word_1_548' title='bbox 738 4374 1017 4431; x_wconf 69' lang='lat' dir='ltr'><strong><em>exaltabor</em></strong></span> <span class='ocrx_word' id='word_1_549' title='bbox 1059 4378 1115 4430; x_wconf 91' lang='lat' dir='ltr'><strong><em>in</em></strong></span> <span class='ocrx_word' id='word_1_550' title='bbox 1166 4376 1407 4446; x_wconf 74' lang='lat' dir='ltr'><strong><em>gentibus</em></strong></span> <span class='ocrx_word' id='word_1_551' title='bbox 1460 4385 1508 4429; x_wconf 91' lang='lat' dir='ltr'><strong><em>et</em></strong></span> <span class='ocrx_word' id='word_1_552' title='bbox 1528 4374 1806 4429; x_wconf 75' lang='lat' dir='ltr'><strong><em>exaltabor</em></strong></span> <span class='ocrx_word' id='word_1_553' title='bbox 1837 4373 1891 4427; x_wconf 93' lang='lat' dir='ltr'><strong><em>in</em></strong></span> <span class='ocrx_word' id='word_1_554' title='bbox 1932 4381 2095 4427; x_wconf 88' lang='lat' dir='ltr'><strong><em>terra.</em></strong></span> 
     </span>
    </p>
   </div>
   <div class='ocr_carea' id='block_1_72' title="bbox 516 4465 2100 4538">
    <p class='ocr_par' dir='ltr' id='par_1_72' title="bbox 516 4465 2100 4538">
     <span class='ocr_line' id='line_1_72' title="bbox 516 4465 2100 4538; baseline -0.002 -16"><span class='ocrx_word' id='word_1_555' title='bbox 516 4468 660 4536; x_wconf 84' lang='lat' dir='ltr'><strong><em>Quia</em></strong></span> <span class='ocrx_word' id='word_1_556' title='bbox 710 4468 850 4524; x_wconf 86' lang='lat' dir='ltr'><strong><em>bella</em></strong></span> <span class='ocrx_word' id='word_1_557' title='bbox 877 4468 1096 4524; x_wconf 86' lang='lat' dir='ltr'><strong><em>demum</em></strong></span> <span class='ocrx_word' id='word_1_558' title='bbox 1128 4476 1479 4524; x_wconf 86' lang='lat' dir='ltr'><strong><em>cessaverant</em></strong></span> <span class='ocrx_word' id='word_1_559' title='bbox 1508 4476 1562 4522; x_wconf 90' lang='lat' dir='ltr'><strong><em>et</em></strong></span> <span class='ocrx_word' id='word_1_560' title='bbox 1602 4468 1937 4538; x_wconf 87' lang='lat' dir='ltr'><strong><em>perturbatio</em></strong></span> <span class='ocrx_word' id='word_1_561' title='bbox 1966 4465 2100 4521; x_wconf 89' lang='lat' dir='ltr'><strong><em>sub-</em></strong></span> 
     </span>
    </p>
   </div>
   <div class='ocr_carea' id='block_1_73' title="bbox 2207 3361 3785 3438">
    <p class='ocr_par' dir='ltr' id='par_1_73' title="bbox 2207 3361 3785 3438">
     <span class='ocr_line' id='line_1_73' title="bbox 2207 3361 3785 3438; baseline -0.001 -19"><span class='ocrx_word' id='word_1_562' title='bbox 2207 3366 2387 3438; x_wconf 84' lang='grc' dir='ltr'><strong><em>ῥητῶς</em></strong></span> <span class='ocrx_word' id='word_1_563' title='bbox 2429 3365 2526 3436; x_wconf 83' lang='grc' dir='ltr'><strong><em>μὲν</em></strong></span> <span class='ocrx_word' id='word_1_564' title='bbox 2585 3364 2728 3419; x_wconf 79' lang='grc' dir='ltr'><strong><em>κατά</em></strong></span> <span class='ocrx_word' id='word_1_565' title='bbox 2754 3364 2853 3436; x_wconf 82' lang='grc' dir='ltr'><em>τὴν</em></span> <span class='ocrx_word' id='word_1_566' title='bbox 2881 3364 3232 3418; x_wconf 82' lang='grc' dir='ltr'><em>ἀποδοθεῖσαν</em></span> <span class='ocrx_word' id='word_1_567' title='bbox 3285 3361 3543 3434; x_wconf 79' lang='grc' dir='ltr'><em>ἱστορίαν,</em></span> <span class='ocrx_word' id='word_1_568' title='bbox 3572 3363 3707 3434; x_wconf 79' lang='grc' dir='ltr'><em>πρὸς</em></span> <span class='ocrx_word' id='word_1_569' title='bbox 3727 3364 3785 3417; x_wconf 72' lang='grc' dir='ltr'><em>δὲ</em></span> 
     </span>
    </p>
   </div>
   <div class='ocr_carea' id='block_1_74' title="bbox 2201 3456 3788 3530">
    <p class='ocr_par' dir='ltr' id='par_1_74' title="bbox 2201 3456 3788 3530">
     <span class='ocr_line' id='line_1_74' title="bbox 2201 3456 3788 3530; baseline -0.002 -17"><span class='ocrx_word' id='word_1_570' title='bbox 2201 3459 2455 3523; x_wconf 88' lang='grc' dir='ltr'><em>διάνοιαν,</em></span> <span class='ocrx_word' id='word_1_571' title='bbox 2474 3458 2615 3513; x_wconf 88' lang='grc' dir='ltr'><strong><em>κατά</em></strong></span> <span class='ocrx_word' id='word_1_572' title='bbox 2645 3458 2742 3530; x_wconf 82' lang='grc' dir='ltr'><em>τὴν</em></span> <span class='ocrx_word' id='word_1_573' title='bbox 2764 3458 2874 3512; x_wconf 89' lang='grc' dir='ltr'><strong><em>τῶν</em></strong></span> <span class='ocrx_word' id='word_1_574' title='bbox 2895 3457 3099 3530; x_wconf 85' lang='grc' dir='ltr'><em>νοητῶν</em></span> <span class='ocrx_word' id='word_1_575' title='bbox 3124 3457 3217 3510; x_wconf 75' lang='grc' dir='ltr'><strong><em>καὶ</em></strong></span> <span class='ocrx_word' id='word_1_576' title='bbox 3243 3456 3488 3525; x_wconf 85' lang='grc' dir='ltr'><em>ἀοράτων</em></span> <span class='ocrx_word' id='word_1_577' title='bbox 3511 3456 3788 3527; x_wconf 87' lang='grc' dir='ltr'><em>πολεμίων</em></span> 
     </span>
    </p>
   </div>
   <div class='ocr_carea' id='block_1_75' title="bbox 2202 3547 3787 3622">
    <p class='ocr_par' dir='ltr' id='par_1_75' title="bbox 2202 3547 3787 3622">
     <span class='ocr_line' id='line_1_75' title="bbox 2202 3547 3787 3622; baseline -0.003 -17"><span class='ocrx_word' id='word_1_578' title='bbox 2202 3550 2537 3622; x_wconf 83' lang='grc' dir='ltr'><em>καθαίρεσιν.</em></span> <span class='ocrx_word' id='word_1_579' title='bbox 2579 3550 2792 3621; x_wconf 86' lang='grc' dir='ltr'><em>Δόρατα</em></span> <span class='ocrx_word' id='word_1_580' title='bbox 2845 3550 2902 3603; x_wconf 85' lang='grc' dir='ltr'><em>δὲ</em></span> <span class='ocrx_word' id='word_1_581' title='bbox 2944 3551 3038 3602; x_wconf 76' lang='grc' dir='ltr'><em>καὶ</em></span> <span class='ocrx_word' id='word_1_582' title='bbox 3090 3548 3254 3613; x_wconf 83' lang='grc' dir='ltr'><em>ὅπλα,</em></span> <span class='ocrx_word' id='word_1_583' title='bbox 3288 3548 3383 3601; x_wconf 83' lang='grc' dir='ltr'><em>καὶ</em></span> <span class='ocrx_word' id='word_1_584' title='bbox 3418 3548 3645 3619; x_wconf 84' lang='grc' dir='ltr'><em>θυρεοὺς</em></span> <span class='ocrx_word' id='word_1_585' title='bbox 3674 3547 3787 3601; x_wconf 88' lang='grc' dir='ltr'><strong><em>τῶν</em></strong></span> 
     </span>
    </p>
   </div>
   <div class='ocr_carea' id='block_1_76' title="bbox 2202 3633 3784 3711">
    <p class='ocr_par' dir='ltr' id='par_1_76' title="bbox 2202 3633 3784 3711">
     <span class='ocr_line' id='line_1_76' title="bbox 2202 3633 3784 3711; baseline -0.003 -17"><span class='ocrx_word' id='word_1_586' title='bbox 2202 3639 2590 3711; x_wconf 83' lang='grc' dir='ltr'><strong><em>ἀντικειμένων</em></strong></span> <span class='ocrx_word' id='word_1_587' title='bbox 2642 3639 2924 3709; x_wconf 87' lang='grc' dir='ltr'><em>δυνάμεων</em></span> <span class='ocrx_word' id='word_1_588' title='bbox 2989 3638 3249 3709; x_wconf 75' lang='grc' dir='ltr'><em>ἐποίησαν</em></span> <span class='ocrx_word' id='word_1_589' title='bbox 3298 3633 3437 3690; x_wconf 70' lang='grc' dir='ltr'><em>εἶναι</em></span> <span class='ocrx_word' id='word_1_590' title='bbox 3489 3636 3560 3690; x_wconf 90' lang='grc' dir='ltr'><em>τὰ</em></span> <span class='ocrx_word' id='word_1_591' title='bbox 3601 3637 3784 3708; x_wconf 71' lang='grc' dir='ltr'><em>ἄψυχα</em></span> 
     </span>
    </p>
   </div>
   <div class='ocr_carea' id='block_1_77' title="bbox 2205 3728 3883 3801">
    <p class='ocr_par' dir='ltr' id='par_1_77' title="bbox 2205 3728 3883 3801">
     <span class='ocr_line' id='line_1_77' title="bbox 2205 3728 3883 3801; baseline -0.002 -17"><span class='ocrx_word' id='word_1_592' title='bbox 2205 3732 2366 3798; x_wconf 82' lang='grc' dir='ltr'><em>ξόανα</em></span> <span class='ocrx_word' id='word_1_593' title='bbox 2391 3732 2482 3784; x_wconf 79' lang='grc' dir='ltr'><em>καὶ</em></span> <span class='ocrx_word' id='word_1_594' title='bbox 2505 3730 2573 3783; x_wconf 89' lang='grc' dir='ltr'><strong><em>τά</em></strong></span> <span class='ocrx_word' id='word_1_595' title='bbox 2601 3730 2891 3801; x_wconf 88' lang='grc' dir='ltr'><em>ἀγάλματα</em></span> <span class='ocrx_word' id='word_1_596' title='bbox 2911 3732 3013 3801; x_wconf 77' lang='grc' dir='ltr'><em>τῆς</em></span> <span class='ocrx_word' id='word_1_597' title='bbox 3036 3728 3297 3782; x_wconf 88' lang='grc' dir='ltr'><em>πολυθέου</em></span> <span class='ocrx_word' id='word_1_598' title='bbox 3338 3730 3547 3801; x_wconf 82' lang='grc' dir='ltr'>πλάνης</span> <span class='ocrx_word' id='word_1_599' title='bbox 3567 3770 3581 3795; x_wconf 95' lang='grc'><strong><em>,</em></strong></span> <span class='ocrx_word' id='word_1_600' title='bbox 3612 3729 3645 3801; x_wconf 80' lang='grc' dir='ltr'>ἢ</span> <span class='ocrx_word' id='word_1_601' title='bbox 3688 3730 3785 3782; x_wconf 76' lang='grc' dir='ltr'><em>καὶ</em></span> <span class='ocrx_word' id='word_1_602' title='bbox 3874 3738 3883 3749; x_wconf 84' lang='grc'><strong><em>⁸</em></strong></span> 
     </span>
    </p>
   </div>
   <div class='ocr_carea' id='block_1_78' title="bbox 2201 3826 3782 3899">
    <p class='ocr_par' dir='ltr' id='par_1_78' title="bbox 2201 3826 3782 3899">
     <span class='ocr_line' id='line_1_78' title="bbox 2201 3826 3782 3899; baseline -0.003 -16"><span class='ocrx_word' id='word_1_603' title='bbox 2201 3831 2327 3893; x_wconf 82' lang='grc' dir='ltr'><em>τοὺς</em></span> <span class='ocrx_word' id='word_1_604' title='bbox 2359 3830 2551 3893; x_wconf 83' lang='grc' dir='ltr'><strong><em>ἀθέους</em></strong></span> <span class='ocrx_word' id='word_1_605' title='bbox 2604 3828 2800 3899; x_wconf 81' lang='grc' dir='ltr'><em>ἄνδρας</em></span> <span class='ocrx_word' id='word_1_606' title='bbox 2850 3828 2943 3881; x_wconf 82' lang='grc' dir='ltr'><em>καὶ</em></span> <span class='ocrx_word' id='word_1_607' title='bbox 2979 3829 3104 3891; x_wconf 81' lang='grc' dir='ltr'><em>τοὺς</em></span> <span class='ocrx_word' id='word_1_608' title='bbox 3162 3827 3438 3890; x_wconf 80' lang='grc' dir='ltr'><em>δυσσεϐεῖς</em></span> <span class='ocrx_word' id='word_1_609' title='bbox 3487 3826 3782 3897; x_wconf 79' lang='grc' dir='ltr'><em>λογισμοὺς</em></span> 
     </span>
    </p>
   </div>
   <div class='ocr_carea' id='block_1_79' title="bbox 2201 3917 3780 3990">
    <p class='ocr_par' dir='ltr' id='par_1_79' title="bbox 2201 3917 3780 3990">
     <span class='ocr_line' id='line_1_79' title="bbox 2201 3917 3780 3990; baseline -0.003 -17"><span class='ocrx_word' id='word_1_610' title='bbox 2201 3922 2327 3986; x_wconf 81' lang='grc' dir='ltr'><em>τοὺς</em></span> <span class='ocrx_word' id='word_1_611' title='bbox 2361 3924 2481 3983; x_wconf 82' lang='grc' dir='ltr'><em>ταῖς</em></span> <span class='ocrx_word' id='word_1_612' title='bbox 2524 3919 2783 3983; x_wconf 87' lang='grc' dir='ltr'><em>διανοίαις</em></span> <span class='ocrx_word' id='word_1_613' title='bbox 2820 3918 2927 3972; x_wconf 90' lang='grc' dir='ltr'><em>τῶν</em></span> <span class='ocrx_word' id='word_1_614' title='bbox 2960 3919 3259 3990; x_wconf 80' lang='grc' dir='ltr'><em>ἀνθρώπων</em></span> <span class='ocrx_word' id='word_1_615' title='bbox 3314 3917 3780 3989; x_wconf 75' lang='grc' dir='ltr'><em>ὑποδαλλομένους</em></span> 
     </span>
    </p>
   </div>
   <div class='ocr_carea' id='block_1_80' title="bbox 2201 4004 3786 4085">
    <p class='ocr_par' dir='ltr' id='par_1_80' title="bbox 2201 4004 3786 4085">
     <span class='ocr_line' id='line_1_80' title="bbox 2201 4004 3786 4085; baseline -0.003 -20"><span class='ocrx_word' id='word_1_616' title='bbox 2201 4012 2307 4066; x_wconf 80' lang='grc' dir='ltr'><strong><em>ὑπὸ</em></strong></span> <span class='ocrx_word' id='word_1_617' title='bbox 2336 4013 2444 4067; x_wconf 91' lang='grc' dir='ltr'><strong><em>τῶν</em></strong></span> <span class='ocrx_word' id='word_1_618' title='bbox 2472 4012 2720 4085; x_wconf 79' lang='grc' dir='ltr'><em>ἀοράτων</em></span> <span class='ocrx_word' id='word_1_619' title='bbox 2750 4011 3096 4082; x_wconf 85' lang='grc' dir='ltr'><em>πνευμάτων,</em></span> <span class='ocrx_word' id='word_1_620' title='bbox 3132 4011 3198 4064; x_wconf 86' lang='grc' dir='ltr'><em>δι’</em></span> <span class='ocrx_word' id='word_1_621' title='bbox 3223 4004 3297 4064; x_wconf 82' lang='grc' dir='ltr'><strong><em>ὧν</em></strong></span> <span class='ocrx_word' id='word_1_622' title='bbox 3329 4008 3786 4073; x_wconf 79' lang='grc' dir='ltr'><em>κατατοξεύουσιν</em></span> 
     </span>
    </p>
   </div>
   <div class='ocr_carea' id='block_1_81' title="bbox 2199 4100 3780 4176">
    <p class='ocr_par' dir='ltr' id='par_1_81' title="bbox 2199 4100 3780 4176">
     <span class='ocr_line' id='line_1_81' title="bbox 2199 4100 3780 4176; baseline -0.004 -15"><span class='ocrx_word' id='word_1_623' title='bbox 2199 4106 2569 4170; x_wconf 76' lang='grc' dir='ltr'><em>ἀκοντίζοντες</em></span> <span class='ocrx_word' id='word_1_624' title='bbox 2597 4104 2665 4158; x_wconf 84' lang='grc' dir='ltr'><em>τὰ</em></span> <span class='ocrx_word' id='word_1_625' title='bbox 2695 4103 3069 4176; x_wconf 84' lang='grc' dir='ltr'><em>πεπυρωμένα</em></span> <span class='ocrx_word' id='word_1_626' title='bbox 3104 4102 3233 4174; x_wconf 86' lang='grc' dir='ltr'><em>βέλη</em></span> <span class='ocrx_word' id='word_1_627' title='bbox 3266 4102 3407 4156; x_wconf 86' lang='grc' dir='ltr'><strong><em>κατά</em></strong></span> <span class='ocrx_word' id='word_1_628' title='bbox 3444 4101 3551 4155; x_wconf 90' lang='grc' dir='ltr'><strong><em>τῶν</em></strong></span> <span class='ocrx_word' id='word_1_629' title='bbox 3596 4100 3780 4171; x_wconf 78' lang='grc' dir='ltr'><em>ἀφρά-</em></span> 
     </span>
    </p>
   </div>
   <div class='ocr_carea' id='block_1_82' title="bbox 2201 4194 3540 4271">
    <p class='ocr_par' dir='ltr' id='par_1_82' title="bbox 2201 4194 3540 4271">
     <span class='ocr_line' id='line_1_82' title="bbox 2201 4194 3540 4271; baseline -0.004 -16"><span class='ocrx_word' id='word_1_630' title='bbox 2201 4217 2344 4255; x_wconf 89' lang='grc' dir='ltr'><em>κτων</em></span> <span class='ocrx_word' id='word_1_631' title='bbox 2370 4200 2465 4253; x_wconf 79' lang='grc' dir='ltr'><em>καὶ</em></span> <span class='ocrx_word' id='word_1_632' title='bbox 2493 4198 2568 4271; x_wconf 85' lang='grc' dir='ltr'><strong><em>μὴ</em></strong></span> <span class='ocrx_word' id='word_1_633' title='bbox 2599 4201 2666 4270; x_wconf 81' lang='grc' dir='ltr'><em>τῇ</em></span> <span class='ocrx_word' id='word_1_634' title='bbox 2692 4199 2872 4251; x_wconf 83' lang='grc' dir='ltr'><em>πίστει</em></span> <span class='ocrx_word' id='word_1_635' title='bbox 2899 4195 3303 4267; x_wconf 77' lang='grc' dir='ltr'><em>πεφραγμένων</em></span> <span class='ocrx_word' id='word_1_636' title='bbox 3332 4194 3540 4265; x_wconf 76' lang='grc' dir='ltr'><em>ψυχῶν.</em></span> 
     </span>
    </p>
   </div>
   <div class='ocr_carea' id='block_1_83' title="bbox 2270 4286 3776 4360">
    <p class='ocr_par' dir='ltr' id='par_1_83' title="bbox 2270 4286 3776 4360">
     <span class='ocr_line' id='line_1_83' title="bbox 2270 4286 3776 4360; baseline -0.005 -14"><span class='ocrx_word' id='word_1_637' title='bbox 2270 4290 2620 4360; x_wconf 81' lang='grc' dir='ltr'><em>Σχολάσατε</em></span> <span class='ocrx_word' id='word_1_638' title='bbox 2652 4288 2752 4343; x_wconf 80' lang='grc' dir='ltr'><strong><em>καί</em></strong></span> <span class='ocrx_word' id='word_1_639' title='bbox 2803 4287 3027 4359; x_wconf 72' lang='grc' dir='ltr'><em>γνῶτε,</em></span> <span class='ocrx_word' id='word_1_640' title='bbox 3074 4287 3164 4341; x_wconf 83' lang='grc' dir='ltr'><em>ὅτι</em></span> <span class='ocrx_word' id='word_1_641' title='bbox 3192 4286 3305 4357; x_wconf 63' lang='grc' dir='ltr'><strong><em>ἐγώ</em></strong></span> <span class='ocrx_word' id='word_1_642' title='bbox 3356 4289 3473 4356; x_wconf 75' lang='grc' dir='ltr'><em>εἰμι</em></span> <span class='ocrx_word' id='word_1_643' title='bbox 3513 4289 3547 4341; x_wconf 85' lang='grc' dir='ltr'><em>ὁ</em></span> <span class='ocrx_word' id='word_1_644' title='bbox 3610 4286 3776 4353; x_wconf 85' lang='grc' dir='ltr'><em>Θεὸς,</em></span> 
     </span>
    </p>
   </div>
   <div class='ocr_carea' id='block_1_84' title="bbox 2200 4377 3781 4454">
    <p class='ocr_par' dir='ltr' id='par_1_84' title="bbox 2200 4377 3781 4454">
     <span class='ocr_line' id='line_1_84' title="bbox 2200 4377 3781 4454; baseline -0.004 -16"><span class='ocrx_word' id='word_1_645' title='bbox 2200 4383 2595 4454; x_wconf 69' lang='grc' dir='ltr'><em>ὐψωθήσομᾳι</em></span> <span class='ocrx_word' id='word_1_646' title='bbox 2619 4380 2688 4435; x_wconf 84' lang='grc' dir='ltr'><em>ἐν</em></span> <span class='ocrx_word' id='word_1_647' title='bbox 2712 4381 2835 4447; x_wconf 84' lang='grc' dir='ltr'><em>τοῖς</em></span> <span class='ocrx_word' id='word_1_648' title='bbox 2863 4382 3126 4445; x_wconf 72' lang='grc' dir='ltr'><em>ἔθνεσιν,</em></span> <span class='ocrx_word' id='word_1_649' title='bbox 3160 4378 3556 4449; x_wconf 72' lang='grc' dir='ltr'><em>ὺψωθήσομαι</em></span> <span class='ocrx_word' id='word_1_650' title='bbox 3592 4380 3661 4433; x_wconf 86' lang='grc' dir='ltr'><em>ὲν</em></span> <span class='ocrx_word' id='word_1_651' title='bbox 3702 4377 3781 4447; x_wconf 79' lang='grc' dir='ltr'><strong><em>τῇ</em></strong></span> 
     </span>
    </p>
   </div>
   <div class='ocr_carea' id='block_1_85' title="bbox 2199 4470 3777 4544">
    <p class='ocr_par' dir='ltr' id='par_1_85' title="bbox 2199 4470 3777 4544">
     <span class='ocr_line' id='line_1_85' title="bbox 2199 4470 3777 4544; baseline -0.003 -15"><span class='ocrx_word' id='word_1_652' title='bbox 2199 4473 2296 4544; x_wconf 75' lang='grc' dir='ltr'><strong><em>τῇ.</em></strong></span> <span class='ocrx_word' id='word_1_653' title='bbox 2326 4472 2547 4544; x_wconf 84' lang='grc' dir='ltr'><em>Ἐπειδὴ</em></span> <span class='ocrx_word' id='word_1_654' title='bbox 2575 4472 2760 4526; x_wconf 85' lang='grc' dir='ltr'>λοιπὸν</span> <span class='ocrx_word' id='word_1_655' title='bbox 2786 4471 3031 4525; x_wconf 86' lang='grc' dir='ltr'><em>πέπαυτο</em></span> <span class='ocrx_word' id='word_1_656' title='bbox 3056 4472 3123 4524; x_wconf 81' lang='grc' dir='ltr'><em>τὰ</em></span> <span class='ocrx_word' id='word_1_657' title='bbox 3149 4471 3242 4524; x_wconf 82' lang='grc' dir='ltr'><em>τοῦ</em></span> <span class='ocrx_word' id='word_1_658' title='bbox 3271 4470 3507 4543; x_wconf 88' lang='grc' dir='ltr'><em>πολέμου</em></span> <span class='ocrx_word' id='word_1_659' title='bbox 3552 4472 3646 4524; x_wconf 73' lang='grc' dir='ltr'><em>καὶ</em></span> <span class='ocrx_word' id='word_1_660' title='bbox 3687 4471 3777 4525; x_wconf 84' lang='grc' dir='ltr'><em>λέ-</em></span> 
     </span>
    </p>
   </div>
   <div class='ocr_carea' id='block_1_86' title="bbox 520 4559 2101 4636">
    <p class='ocr_par' dir='ltr' id='par_1_86' title="bbox 520 4559 2095 4632">
     <span class='ocr_line' id='line_1_86' title="bbox 520 4559 2095 4632; baseline -0.002 -16"><span class='ocrx_word' id='word_1_661' title='bbox 520 4562 630 4616; x_wconf 87' lang='lat' dir='ltr'><strong><em>lata</em></strong></span> <span class='ocrx_word' id='word_1_662' title='bbox 691 4568 830 4628; x_wconf 89' lang='lat' dir='ltr'><strong><em>erat,</em></strong></span> <span class='ocrx_word' id='word_1_663' title='bbox 886 4576 1098 4632; x_wconf 78' lang='lat' dir='ltr'><strong><em>paxque</em></strong></span> <span class='ocrx_word' id='word_1_664' title='bbox 1141 4561 1416 4631; x_wconf 80' lang='lat' dir='ltr'><strong><em>profunda</em></strong></span> <span class='ocrx_word' id='word_1_665' title='bbox 1464 4560 1533 4615; x_wconf 91' lang='lat' dir='ltr'><strong><em>iis</em></strong></span> <span class='ocrx_word' id='word_1_666' title='bbox 1586 4560 1841 4615; x_wconf 90' lang='lat' dir='ltr'><strong><em>omnibus</em></strong></span> <span class='ocrx_word' id='word_1_667' title='bbox 1878 4559 1975 4630; x_wconf 91' lang='lat' dir='ltr'><strong><em>qui</em></strong></span> <span class='ocrx_word' id='word_1_668' title='bbox 2038 4559 2095 4613; x_wconf 90' lang='lat' dir='ltr'><strong><em>in</em></strong></span> 
     </span>
    </p>
   </div>
   <div class='ocr_carea' id='block_1_87' title="bbox 2202 4559 3785 4636">
    <p class='ocr_par' dir='ltr' id='par_1_87' title="bbox 2202 4562 3785 4636">
     <span class='ocr_line' id='line_1_87' title="bbox 2202 4562 3785 4636; baseline -0.001 -19"><span class='ocrx_word' id='word_1_669' title='bbox 2202 4566 2325 4617; x_wconf 87' lang='grc' dir='ltr'><em>λυτο</em></span> <span class='ocrx_word' id='word_1_670' title='bbox 2355 4565 2424 4618; x_wconf 74' lang='grc' dir='ltr'><em>τὰ</em></span> <span class='ocrx_word' id='word_1_671' title='bbox 2444 4566 2541 4636; x_wconf 83' lang='grc' dir='ltr'><em>τῆς</em></span> <span class='ocrx_word' id='word_1_672' title='bbox 2568 4566 2834 4636; x_wconf 80' lang='grc' dir='ltr'><em>ταραχῆς,</em></span> <span class='ocrx_word' id='word_1_673' title='bbox 2884 4564 3071 4634; x_wconf 75' lang='grc' dir='ltr'><em>εἰρήνη</em></span> <span class='ocrx_word' id='word_1_674' title='bbox 3113 4562 3169 4615; x_wconf 84' lang='grc' dir='ltr'><em>δὲ</em></span> <span class='ocrx_word' id='word_1_675' title='bbox 3207 4562 3397 4634; x_wconf 84' lang='grc' dir='ltr'><em>βαρεῖα</em></span> <span class='ocrx_word' id='word_1_676' title='bbox 3432 4563 3612 4615; x_wconf 88' lang='grc' dir='ltr'><em>δέδοτο</em></span> <span class='ocrx_word' id='word_1_677' title='bbox 3666 4565 3785 4626; x_wconf 83' lang='grc' dir='ltr'><em>τοῖς</em></span> 
     </span>
    </p>
   </div>
   <div class='ocr_carea' id='block_1_88' title="bbox 518 4651 2101 4729">
    <p class='ocr_par' dir='ltr' id='par_1_88' title="bbox 518 4651 2095 4722">
     <span class='ocr_line' id='line_1_88' title="bbox 518 4651 2095 4722; baseline -0.001 -14"><span class='ocrx_word' id='word_1_678' title='bbox 518 4662 668 4709; x_wconf 86' lang='lat' dir='ltr'><strong><em>terra</em></strong></span> <span class='ocrx_word' id='word_1_679' title='bbox 690 4654 1053 4710; x_wconf 87' lang='lat' dir='ltr'><strong><em>versabantur</em></strong></span> <span class='ocrx_word' id='word_1_680' title='bbox 1092 4662 1246 4722; x_wconf 87' lang='lat' dir='ltr'><strong><em>parta</em></strong></span> <span class='ocrx_word' id='word_1_681' title='bbox 1300 4653 1510 4719; x_wconf 85' lang='lat' dir='ltr'><strong><em>fuerat;</em></strong></span> <span class='ocrx_word' id='word_1_682' title='bbox 1541 4651 1667 4722; x_wconf 87' lang='lat' dir='ltr'><strong><em>jure</em></strong></span> <span class='ocrx_word' id='word_1_683' title='bbox 1687 4652 2095 4722; x_wconf 86' lang='lat' dir='ltr'><strong><em>opportunitate</em></strong></span> 
     </span>
    </p>
   </div>
   <div class='ocr_carea' id='block_1_89' title="bbox 2202 4651 3777 4729">
    <p class='ocr_par' dir='ltr' id='par_1_89' title="bbox 2202 4655 3777 4729">
     <span class='ocr_line' id='line_1_89' title="bbox 2202 4655 3777 4729; baseline 0 -20"><span class='ocrx_word' id='word_1_684' title='bbox 2202 4658 2292 4710; x_wconf 74' lang='grc' dir='ltr'><strong><em>ἐπὶ</em></strong></span> <span class='ocrx_word' id='word_1_685' title='bbox 2307 4659 2408 4727; x_wconf 85' lang='grc' dir='ltr'><strong><em>γῆς</em></strong></span> <span class='ocrx_word' id='word_1_686' title='bbox 2435 4656 2635 4710; x_wconf 74' lang='grc' dir='ltr'><em>ἅπασιν</em></span> <span class='ocrx_word' id='word_1_687' title='bbox 2656 4672 2669 4687; x_wconf 84' lang='grc'><em>’</em></span> <span class='ocrx_word' id='word_1_688' title='bbox 2694 4656 2917 4721; x_wconf 85' lang='grc' dir='ltr'><em>εἰκότως</em></span> <span class='ocrx_word' id='word_1_689' title='bbox 2944 4656 3189 4727; x_wconf 78' lang='grc' dir='ltr'><em>βούλεται</em></span> <span class='ocrx_word' id='word_1_690' title='bbox 3216 4658 3292 4719; x_wconf 84' lang='grc' dir='ltr'><strong><em>είς</em></strong></span> <span class='ocrx_word' id='word_1_691' title='bbox 3317 4655 3520 4724; x_wconf 85' lang='grc' dir='ltr'><em>ἀγαθὸν</em></span> <span class='ocrx_word' id='word_1_692' title='bbox 3542 4655 3777 4729; x_wconf 79' lang='grc' dir='ltr'><em>χρῆσθαι</em></span> 
     </span>
    </p>
   </div>
   <div class='ocr_carea' id='block_1_90' title="bbox 520 4743 2094 4815">
    <p class='ocr_par' dir='ltr' id='par_1_90' title="bbox 520 4743 2094 4815">
     <span class='ocr_line' id='line_1_90' title="bbox 520 4743 2094 4815; baseline -0.002 -15"><span class='ocrx_word' id='word_1_693' title='bbox 520 4746 590 4800; x_wconf 89' lang='lat' dir='ltr'><strong><em>ad</em></strong></span> <span class='ocrx_word' id='word_1_694' title='bbox 620 4746 827 4801; x_wconf 90' lang='lat' dir='ltr'><strong><em>bonum</em></strong></span> <span class='ocrx_word' id='word_1_695' title='bbox 856 4744 958 4810; x_wconf 88' lang='lat' dir='ltr'><strong><em>uti,</em></strong></span> <span class='ocrx_word' id='word_1_696' title='bbox 980 4757 1143 4815; x_wconf 89' lang='lat' dir='ltr'><strong><em>atque</em></strong></span> <span class='ocrx_word' id='word_1_697' title='bbox 1170 4745 1343 4798; x_wconf 89' lang='lat' dir='ltr'><strong><em>otium</em></strong></span> <span class='ocrx_word' id='word_1_698' title='bbox 1383 4745 1578 4800; x_wconf 77' lang='lat' dir='ltr'><strong><em>animae</em></strong></span> <span class='ocrx_word' id='word_1_699' title='bbox 1611 4744 1852 4800; x_wconf 86' lang='lat' dir='ltr'><strong><em>salutare</em></strong></span> <span class='ocrx_word' id='word_1_700' title='bbox 1874 4743 2094 4814; x_wconf 88' lang='lat' dir='ltr'><strong><em>assequi</em></strong></span> 
     </span>
    </p>
   </div>
   <div class='ocr_carea' id='block_1_91' title="bbox 517 4835 2095 4908">
    <p class='ocr_par' dir='ltr' id='par_1_91' title="bbox 517 4835 2095 4908">
     <span class='ocr_line' id='line_1_91' title="bbox 517 4835 2095 4908; baseline -0.003 -14"><span class='ocrx_word' id='word_1_701' title='bbox 517 4838 744 4908; x_wconf 77' lang='lat' dir='ltr'><strong><em>expetit.</em></strong></span> <span class='ocrx_word' id='word_1_702' title='bbox 770 4836 951 4903; x_wconf 84' lang='lat' dir='ltr'><strong><em>Quare</em></strong></span> <span class='ocrx_word' id='word_1_703' title='bbox 970 4837 1078 4890; x_wconf 90' lang='lat' dir='ltr'><strong><em>ait:</em></strong></span> <span class='ocrx_word' id='word_1_704' title='bbox 1116 4835 1307 4890; x_wconf 85' lang='lat' dir='ltr'><strong><em>Vacate</em></strong></span> <span class='ocrx_word' id='word_1_705' title='bbox 1320 4844 1369 4889; x_wconf 89' lang='lat' dir='ltr'><strong><em>et</em></strong></span> <span class='ocrx_word' id='word_1_706' title='bbox 1394 4836 1686 4905; x_wconf 85' lang='lat' dir='ltr'><strong><em>cognoscite</em></strong></span> <span class='ocrx_word' id='word_1_707' title='bbox 1709 4852 1727 4890; x_wconf 90' lang='lat'><strong><em>:</em></strong></span> <span class='ocrx_word' id='word_1_708' title='bbox 1756 4851 1935 4905; x_wconf 88' lang='lat' dir='ltr'><strong><em>neque</em></strong></span> <span class='ocrx_word' id='word_1_709' title='bbox 1949 4835 2095 4889; x_wconf 89' lang='lat' dir='ltr'><strong><em>enim</em></strong></span> 
     </span>
    </p>
   </div>
   <div class='ocr_carea' id='block_1_92' title="bbox 518 4928 2091 5002">
    <p class='ocr_par' dir='ltr' id='par_1_92' title="bbox 518 4928 2091 5002">
     <span class='ocr_line' id='line_1_92' title="bbox 518 4928 2091 5002; baseline -0.003 -17"><span class='ocrx_word' id='word_1_710' title='bbox 518 4931 696 5002; x_wconf 89' lang='lat' dir='ltr'><strong><em>possit</em></strong></span> <span class='ocrx_word' id='word_1_711' title='bbox 728 4930 1001 5000; x_wconf 88' lang='lat' dir='ltr'><strong><em>quispiam</em></strong></span> <span class='ocrx_word' id='word_1_712' title='bbox 1036 4929 1236 4984; x_wconf 72' lang='lat' dir='ltr'><strong><em>divina:</em></strong></span> <span class='ocrx_word' id='word_1_713' title='bbox 1286 4929 1619 5000; x_wconf 81' lang='lat' dir='ltr'><strong><em>cognitionis</em></strong></span> <span class='ocrx_word' id='word_1_714' title='bbox 1639 4928 1915 4999; x_wconf 89' lang='lat' dir='ltr'><strong><em>particeps</em></strong></span> <span class='ocrx_word' id='word_1_715' title='bbox 1948 4943 2091 4992; x_wconf 89' lang='lat' dir='ltr'><strong><em>esse,</em></strong></span> 
     </span>
    </p>
   </div>
   <div class='ocr_carea' id='block_1_93' title="bbox 519 5017 2095 5089">
    <p class='ocr_par' dir='ltr' id='par_1_93' title="bbox 519 5017 2095 5089">
     <span class='ocr_line' id='line_1_93' title="bbox 519 5017 2095 5089; baseline -0.001 -14"><span class='ocrx_word' id='word_1_716' title='bbox 519 5022 626 5078; x_wconf 90' lang='lat' dir='ltr'><strong><em>nisi</em></strong></span> <span class='ocrx_word' id='word_1_717' title='bbox 655 5029 815 5076; x_wconf 80' lang='lat' dir='ltr'><strong><em>vacet</em></strong></span> <span class='ocrx_word' id='word_1_718' title='bbox 838 5020 909 5075; x_wconf 89' lang='lat' dir='ltr'><strong><em>ah</em></strong></span> <span class='ocrx_word' id='word_1_719' title='bbox 943 5019 1026 5073; x_wconf 90' lang='lat' dir='ltr'><strong><em>cis</em></strong></span> <span class='ocrx_word' id='word_1_720' title='bbox 1074 5034 1195 5089; x_wconf 80' lang='lat' dir='ltr'><strong><em>qua:</em></strong></span> <span class='ocrx_word' id='word_1_721' title='bbox 1224 5019 1292 5074; x_wconf 87' lang='lat' dir='ltr'><strong><em>ad</em></strong></span> <span class='ocrx_word' id='word_1_722' title='bbox 1340 5020 1618 5075; x_wconf 88' lang='lat' dir='ltr'><strong><em>contraria</em></strong></span> <span class='ocrx_word' id='word_1_723' title='bbox 1671 5019 1915 5074; x_wconf 89' lang='lat' dir='ltr'><strong><em>trahunt.</em></strong></span> <span class='ocrx_word' id='word_1_724' title='bbox 1942 5017 2095 5073; x_wconf 89' lang='lat' dir='ltr'><strong><em>Unde</em></strong></span> 
     </span>
    </p>
   </div>
   <div class='ocr_carea' id='block_1_94' title="bbox 459 5111 2095 5183">
    <p class='ocr_par' dir='ltr' id='par_1_94' title="bbox 459 5111 2095 5183">
     <span class='ocr_line' id='line_1_94' title="bbox 459 5111 2095 5183; baseline -0.001 -17"><span class='ocrx_word' id='word_1_725' title='bbox 459 5118 466 5148; x_wconf 63' lang='lat'><strong><em>&#39;-</em></strong></span> <span class='ocrx_word' id='word_1_726' title='bbox 518 5114 716 5169; x_wconf 89' lang='lat' dir='ltr'><strong><em>merito</em></strong></span> <span class='ocrx_word' id='word_1_727' title='bbox 773 5128 871 5167; x_wconf 81' lang='lat' dir='ltr'><strong><em>rex</em></strong></span> <span class='ocrx_word' id='word_1_728' title='bbox 931 5111 1174 5183; x_wconf 69' lang='lat' dir='ltr'><strong><em>Egypti,</em></strong></span> <span class='ocrx_word' id='word_1_729' title='bbox 1212 5121 1403 5167; x_wconf 88' lang='lat' dir='ltr'><strong><em>contra</em></strong></span> <span class='ocrx_word' id='word_1_730' title='bbox 1456 5113 1626 5167; x_wconf 91' lang='lat' dir='ltr'><strong><em>otium</em></strong></span> <span class='ocrx_word' id='word_1_731' title='bbox 1666 5111 2095 5183; x_wconf 84' lang='lat' dir='ltr'><strong><em>bujusmodica—</em></strong></span> 
     </span>
    </p>
   </div>
   <div class='ocr_carea' id='block_1_95' title="bbox 518 5202 2095 5275">
    <p class='ocr_par' dir='ltr' id='par_1_95' title="bbox 518 5202 2095 5275">
     <span class='ocr_line' id='line_1_95' title="bbox 518 5202 2095 5275; baseline -0.001 -16"><span class='ocrx_word' id='word_1_732' title='bbox 518 5205 742 5259; x_wconf 90' lang='lat' dir='ltr'><strong><em>lumniis</em></strong></span> <span class='ocrx_word' id='word_1_733' title='bbox 771 5214 1210 5275; x_wconf 69' lang='lat' dir='ltr'><strong><em>praeoccupatus,</em></strong></span> <span class='ocrx_word' id='word_1_734' title='bbox 1252 5205 1321 5259; x_wconf 92' lang='lat' dir='ltr'><strong><em>iis</em></strong></span> <span class='ocrx_word' id='word_1_735' title='bbox 1340 5204 1434 5275; x_wconf 91' lang='lat' dir='ltr'><strong><em>qui</em></strong></span> <span class='ocrx_word' id='word_1_736' title='bbox 1462 5205 1747 5259; x_wconf 89' lang='lat' dir='ltr'><strong><em>dicebant:</em></strong></span> <span class='ocrx_word' id='word_1_737' title='bbox 1779 5203 1963 5258; x_wconf 90' lang='lat' dir='ltr'><strong><em>Trium</em></strong></span> <span class='ocrx_word' id='word_1_738' title='bbox 1984 5202 2095 5257; x_wconf 90' lang='lat' dir='ltr'><strong><em>die-</em></strong></span> 
     </span>
    </p>
   </div>
   <div class='ocr_carea' id='block_1_96' title="bbox 518 5296 2094 5367">
    <p class='ocr_par' dir='ltr' id='par_1_96' title="bbox 518 5296 2094 5367">
     <span class='ocr_line' id='line_1_96' title="bbox 518 5296 2094 5367; baseline 0.001 -17"><span class='ocrx_word' id='word_1_739' title='bbox 518 5314 634 5350; x_wconf 90' lang='lat' dir='ltr'><strong><em>rum</em></strong></span> <span class='ocrx_word' id='word_1_740' title='bbox 678 5297 864 5351; x_wconf 90' lang='lat' dir='ltr'><strong><em>itinere</em></strong></span> <span class='ocrx_word' id='word_1_741' title='bbox 883 5296 1297 5367; x_wconf 82' lang='lat' dir='ltr'><strong><em>progrediemur,</em></strong></span> <span class='ocrx_word' id='word_1_742' title='bbox 1333 5306 1380 5351; x_wconf 91' lang='lat' dir='ltr'><strong><em>et</em></strong></span> <span class='ocrx_word' id='word_1_743' title='bbox 1411 5299 1692 5352; x_wconf 81' lang='lat' dir='ltr'><strong><em>serviemus</em></strong></span> <span class='ocrx_word' id='word_1_744' title='bbox 1726 5296 1954 5351; x_wconf 88' lang='lat' dir='ltr'><strong><em>Domino</em></strong></span> <span class='ocrx_word' id='word_1_745' title='bbox 1984 5297 2094 5352; x_wconf 85' lang='lat' dir='ltr'><strong><em>Deo</em></strong></span> 
     </span>
    </p>
   </div>
   <div class='ocr_carea' id='block_1_97' title="bbox 517 5387 2092 5458">
    <p class='ocr_par' dir='ltr' id='par_1_97' title="bbox 517 5387 2092 5458">
     <span class='ocr_line' id='line_1_97' title="bbox 517 5387 2092 5458; baseline 0.002 -17"><span class='ocrx_word' id='word_1_746' title='bbox 517 5397 699 5443; x_wconf 87' lang='lat' dir='ltr'><strong><em>nostro</em></strong></span> <span class='ocrx_word' id='word_1_747' title='bbox 716 5390 737 5420; x_wconf 85' lang='grc'>¹</span> <span class='ocrx_word' id='word_1_748' title='bbox 765 5406 780 5456; x_wconf 89' lang='grc'><strong>;</strong></span> <span class='ocrx_word' id='word_1_749' title='bbox 814 5387 900 5444; x_wconf 88' lang='lat' dir='ltr'><strong><em>his</em></strong></span> <span class='ocrx_word' id='word_1_750' title='bbox 918 5388 1096 5444; x_wconf 82' lang='lat' dir='ltr'><strong><em>verbis</em></strong></span> <span class='ocrx_word' id='word_1_751' title='bbox 1117 5391 1439 5458; x_wconf 85' lang='lat' dir='ltr'><strong><em>respondet:</em></strong></span> <span class='ocrx_word' id='word_1_752' title='bbox 1473 5388 1710 5453; x_wconf 80' lang='lat' dir='ltr'><strong><em>Vacalis,</em></strong></span> <span class='ocrx_word' id='word_1_753' title='bbox 1734 5389 1890 5443; x_wconf 89' lang='lat' dir='ltr'><strong><em>otiosi</em></strong></span> <span class='ocrx_word' id='word_1_754' title='bbox 1903 5389 2027 5443; x_wconf 89' lang='lat' dir='ltr'><strong><em>estis</em></strong></span> <span class='ocrx_word' id='word_1_755' title='bbox 2049 5389 2092 5444; x_wconf 86' lang='grc'><strong><em>³.</em></strong></span> 
     </span>
    </p>
   </div>
   <div class='ocr_carea' id='block_1_98' title="bbox 516 5479 2090 5552">
    <p class='ocr_par' dir='ltr' id='par_1_98' title="bbox 516 5479 2090 5552">
     <span class='ocr_line' id='line_1_98' title="bbox 516 5479 2090 5552; baseline 0.003 -17"><span class='ocrx_word' id='word_1_756' title='bbox 516 5479 725 5536; x_wconf 83' lang='lat' dir='ltr'><strong><em>Deinde</em></strong></span> <span class='ocrx_word' id='word_1_757' title='bbox 773 5496 900 5535; x_wconf 91' lang='lat' dir='ltr'><strong><em>cum</em></strong></span> <span class='ocrx_word' id='word_1_758' title='bbox 938 5482 1108 5536; x_wconf 89' lang='lat' dir='ltr'><strong><em>nollet</em></strong></span> <span class='ocrx_word' id='word_1_759' title='bbox 1143 5481 1294 5552; x_wconf 86' lang='lat' dir='ltr'><strong><em>ipsos</em></strong></span> <span class='ocrx_word' id='word_1_760' title='bbox 1326 5481 1437 5538; x_wconf 88' lang='lat' dir='ltr'><strong><em>Deo</em></strong></span> <span class='ocrx_word' id='word_1_761' title='bbox 1482 5498 1701 5548; x_wconf 87' lang='lat' dir='ltr'><strong><em>vacare,</em></strong></span> <span class='ocrx_word' id='word_1_762' title='bbox 1732 5484 1847 5538; x_wconf 87' lang='lat' dir='ltr'><strong><em>luto</em></strong></span> <span class='ocrx_word' id='word_1_763' title='bbox 1876 5489 1931 5538; x_wconf 88' lang='lat' dir='ltr'><strong><em>et</em></strong></span> <span class='ocrx_word' id='word_1_764' title='bbox 1955 5484 2090 5539; x_wconf 90' lang='lat' dir='ltr'><strong><em>late-</em></strong></span> 
     </span>
    </p>
   </div>
   <div class='ocr_carea' id='block_1_99' title="bbox 518 5565 2087 5639">
    <p class='ocr_par' dir='ltr' id='par_1_99' title="bbox 518 5565 2087 5639">
     <span class='ocr_line' id='line_1_99' title="bbox 518 5565 2087 5639; baseline 0.004 -20"><span class='ocrx_word' id='word_1_765' title='bbox 518 5565 642 5620; x_wconf 86' lang='lat' dir='ltr'><strong><em>ritio</em></strong></span> <span class='ocrx_word' id='word_1_766' title='bbox 682 5580 848 5635; x_wconf 90' lang='lat' dir='ltr'><strong><em>opere</em></strong></span> <span class='ocrx_word' id='word_1_767' title='bbox 893 5565 1083 5619; x_wconf 81' lang='lat' dir='ltr'><strong><em>amixit</em></strong></span> <span class='ocrx_word' id='word_1_768' title='bbox 1126 5579 1243 5620; x_wconf 89' lang='lat' dir='ltr'><strong><em>eos.</em></strong></span> <span class='ocrx_word' id='word_1_769' title='bbox 1295 5566 1366 5620; x_wconf 82' lang='lat' dir='ltr'><strong><em>At</em></strong></span> <span class='ocrx_word' id='word_1_770' title='bbox 1410 5568 1574 5624; x_wconf 90' lang='lat' dir='ltr'><strong><em>nobis</em></strong></span> <span class='ocrx_word' id='word_1_771' title='bbox 1605 5569 1643 5622; x_wconf 80' lang='lat' dir='ltr'><strong><em>ii</em></strong></span> <span class='ocrx_word' id='word_1_772' title='bbox 1675 5571 1767 5639; x_wconf 89' lang='lat' dir='ltr'><strong><em>qui</em></strong></span> <span class='ocrx_word' id='word_1_773' title='bbox 1803 5569 1859 5623; x_wconf 92' lang='lat' dir='ltr'><strong><em>in</em></strong></span> <span class='ocrx_word' id='word_1_774' title='bbox 1910 5575 2087 5625; x_wconf 91' lang='lat' dir='ltr'><strong><em>totum</em></strong></span> 
     </span>
    </p>
   </div>
   <div class='ocr_carea' id='block_1_100' title="bbox 520 5653 2089 5731">
    <p class='ocr_par' dir='ltr' id='par_1_100' title="bbox 520 5653 2089 5731">
     <span class='ocr_line' id='line_1_100' title="bbox 520 5653 2089 5731; baseline 0.002 -18"><span class='ocrx_word' id='word_1_775' title='bbox 520 5659 708 5713; x_wconf 61' lang='lat' dir='ltr'><strong><em>Orbem</em></strong></span> <span class='ocrx_word' id='word_1_776' title='bbox 734 5653 1015 5731; x_wconf 82' lang='lat' dir='ltr'><strong><em>principes</em></strong></span> <span class='ocrx_word' id='word_1_777' title='bbox 1036 5655 1323 5711; x_wconf 90' lang='lat' dir='ltr'><strong><em>constituti</em></strong></span> <span class='ocrx_word' id='word_1_778' title='bbox 1343 5666 1490 5725; x_wconf 91' lang='lat' dir='ltr'><strong><em>sunt,</em></strong></span> <span class='ocrx_word' id='word_1_779' title='bbox 1517 5658 1814 5715; x_wconf 89' lang='lat' dir='ltr'><strong><em>inclamant</em></strong></span> <span class='ocrx_word' id='word_1_780' title='bbox 1845 5667 1904 5714; x_wconf 89' lang='lat' dir='ltr'><strong><em>ut</em></strong></span> <span class='ocrx_word' id='word_1_781' title='bbox 1926 5675 2089 5716; x_wconf 87' lang='lat' dir='ltr'><strong><em>vace-</em></strong></span> 
     </span>
    </p>
   </div>
   <div class='ocr_carea' id='block_1_101' title="bbox 2197 4747 3776 4820">
    <p class='ocr_par' dir='ltr' id='par_1_101' title="bbox 2197 4747 3776 4820">
     <span class='ocr_line' id='line_1_101' title="bbox 2197 4747 3776 4820; baseline 0 -17"><span class='ocrx_word' id='word_1_782' title='bbox 2197 4748 2275 4819; x_wconf 87' lang='grc' dir='ltr'><strong><em>τῷ</em></strong></span> <span class='ocrx_word' id='word_1_783' title='bbox 2304 4747 2501 4820; x_wconf 84' lang='grc' dir='ltr'><em>καιρῷ,</em></span> <span class='ocrx_word' id='word_1_784' title='bbox 2554 4747 2649 4803; x_wconf 71' lang='grc' dir='ltr'><em>καὶ</em></span> <span class='ocrx_word' id='word_1_785' title='bbox 2702 4748 2897 4819; x_wconf 85' lang='grc' dir='ltr'><em>σχολὴν</em></span> <span class='ocrx_word' id='word_1_786' title='bbox 2944 4748 3230 4802; x_wconf 81' lang='grc' dir='ltr'><em>ἀναλαὸεῖν</em></span> <span class='ocrx_word' id='word_1_787' title='bbox 3259 4747 3435 4819; x_wconf 72' lang='grc' dir='ltr'><em>ψυχῆς</em></span> <span class='ocrx_word' id='word_1_788' title='bbox 3488 4749 3776 4818; x_wconf 88' lang='grc' dir='ltr'><em>σωτήριον.</em></span> 
     </span>
    </p>
   </div>
   <div class='ocr_carea' id='block_1_102' title="bbox 2197 4838 3781 4911">
    <p class='ocr_par' dir='ltr' id='par_1_102' title="bbox 2197 4838 3781 4911">
     <span class='ocr_line' id='line_1_102' title="bbox 2197 4838 3781 4911; baseline 0.001 -19"><span class='ocrx_word' id='word_1_789' title='bbox 2197 4840 2289 4893; x_wconf 91' lang='grc' dir='ltr'><em>Διό</em></span> <span class='ocrx_word' id='word_1_790' title='bbox 2350 4856 2482 4909; x_wconf 76' lang='grc' dir='ltr'><em>φησι</em></span> <span class='ocrx_word' id='word_1_791' title='bbox 2503 4856 2517 4869; x_wconf 76' lang='grc' dir='ltr'><strong><em>ο</em></strong></span> <span class='ocrx_word' id='word_1_792' title='bbox 2542 4839 2892 4910; x_wconf 81' lang='grc' dir='ltr'><em>Σχολάσατε</em></span> <span class='ocrx_word' id='word_1_793' title='bbox 2910 4840 3008 4893; x_wconf 77' lang='grc' dir='ltr'><em>καὶ</em></span> <span class='ocrx_word' id='word_1_794' title='bbox 3040 4838 3245 4908; x_wconf 76' lang='grc' dir='ltr'><em>γνῶτε·</em></span> <span class='ocrx_word' id='word_1_795' title='bbox 3297 4839 3417 4892; x_wconf 78' lang='grc' dir='ltr'><em>οὐδὲ</em></span> <span class='ocrx_word' id='word_1_796' title='bbox 3436 4839 3544 4911; x_wconf 86' lang='grc' dir='ltr'><em>γάρ</em></span> <span class='ocrx_word' id='word_1_797' title='bbox 3576 4840 3781 4911; x_wconf 79' lang='grc' dir='ltr'><em>ἑτέρως</em></span> 
     </span>
    </p>
   </div>
   <div class='ocr_carea' id='block_1_103' title="bbox 2200 4930 3781 5003">
    <p class='ocr_par' dir='ltr' id='par_1_103' title="bbox 2200 4930 3781 5003">
     <span class='ocr_line' id='line_1_103' title="bbox 2200 4930 3781 5003; baseline 0.001 -19"><span class='ocrx_word' id='word_1_798' title='bbox 2200 4934 2314 4985; x_wconf 80' lang='grc' dir='ltr'><em>ἔστι</em></span> <span class='ocrx_word' id='word_1_799' title='bbox 2340 4931 2593 5000; x_wconf 82' lang='grc' dir='ltr'><em>γνώσεως</em></span> <span class='ocrx_word' id='word_1_800' title='bbox 2636 4935 2927 5003; x_wconf 86' lang='grc' dir='ltr'><em>μετασχεῖν</em></span> <span class='ocrx_word' id='word_1_801' title='bbox 2951 4930 3135 4996; x_wconf 87' lang='grc' dir='ltr'><em>θείας,</em></span> <span class='ocrx_word' id='word_1_802' title='bbox 3170 4931 3244 5003; x_wconf 85' lang='grc' dir='ltr'><strong><em>μὴ</em></strong></span> <span class='ocrx_word' id='word_1_803' title='bbox 3291 4930 3628 5002; x_wconf 80' lang='grc' dir='ltr'><em>σχολάσαντα</em></span> <span class='ocrx_word' id='word_1_804' title='bbox 3671 4932 3781 4985; x_wconf 87' lang='grc' dir='ltr'><strong><em>τῶν</em></strong></span> 
     </span>
    </p>
   </div>
   <div class='ocr_carea' id='block_1_104' title="bbox 2200 5021 3779 5093">
    <p class='ocr_par' dir='ltr' id='par_1_104' title="bbox 2200 5021 3779 5093">
     <span class='ocr_line' id='line_1_104' title="bbox 2200 5021 3779 5093; baseline -0.001 -16"><span class='ocrx_word' id='word_1_805' title='bbox 2200 5022 2544 5093; x_wconf 77' lang='grc' dir='ltr'><em>ἀφελκόντων</em></span> <span class='ocrx_word' id='word_1_806' title='bbox 2573 5021 2665 5074; x_wconf 74' lang='grc' dir='ltr'><strong><em>ἐπὶ</em></strong></span> <span class='ocrx_word' id='word_1_807' title='bbox 2692 5022 2966 5074; x_wconf 87' lang='grc' dir='ltr'><em>τάναντία.</em></span> <span class='ocrx_word' id='word_1_808' title='bbox 3001 5022 3191 5075; x_wconf 85' lang='grc' dir='ltr'><em>Ἔνθεν</em></span> <span class='ocrx_word' id='word_1_809' title='bbox 3220 5023 3443 5086; x_wconf 78' lang='grc' dir='ltr'><em>εἰκότως</em></span> <span class='ocrx_word' id='word_1_810' title='bbox 3488 5025 3516 5076; x_wconf 80' lang='grc' dir='ltr'>ὁ</span> <span class='ocrx_word' id='word_1_811' title='bbox 3540 5026 3639 5093; x_wconf 84' lang='grc' dir='ltr'><em>τῆς</em></span> <span class='ocrx_word' id='word_1_812' title='bbox 3682 5024 3779 5076; x_wconf 81' lang='grc' dir='ltr'><strong><em>Αἰ-</em></strong></span> 
     </span>
    </p>
   </div>
   <div class='ocr_carea' id='block_1_105' title="bbox 2194 5112 3781 5186">
    <p class='ocr_par' dir='ltr' id='par_1_105' title="bbox 2194 5112 3781 5186">
     <span class='ocr_line' id='line_1_105' title="bbox 2194 5112 3781 5186; baseline 0.001 -19"><span class='ocrx_word' id='word_1_813' title='bbox 2194 5115 2400 5184; x_wconf 79' lang='grc' dir='ltr'><em>γύπτου</em></span> <span class='ocrx_word' id='word_1_814' title='bbox 2433 5112 2705 5183; x_wconf 79' lang='grc' dir='ltr'><em>βασιλεὺς,</em></span> <span class='ocrx_word' id='word_1_815' title='bbox 2740 5114 2876 5185; x_wconf 86' lang='grc' dir='ltr'><em>πρὸς</em></span> <span class='ocrx_word' id='word_1_816' title='bbox 2910 5114 3009 5184; x_wconf 83' lang='grc' dir='ltr'><em>τὴν</em></span> <span class='ocrx_word' id='word_1_817' title='bbox 3054 5114 3310 5185; x_wconf 85' lang='grc' dir='ltr'><em>τοιαύτην</em></span> <span class='ocrx_word' id='word_1_818' title='bbox 3353 5115 3781 5186; x_wconf 77' lang='grc' dir='ltr'><em>διαϐεϐλημένος</em></span> 
     </span>
    </p>
   </div>
   <div class='ocr_carea' id='block_1_106' title="bbox 2197 5204 3782 5277">
    <p class='ocr_par' dir='ltr' id='par_1_106' title="bbox 2197 5204 3782 5277">
     <span class='ocr_line' id='line_1_106' title="bbox 2197 5204 3782 5277; baseline 0.001 -19"><span class='ocrx_word' id='word_1_819' title='bbox 2197 5205 2412 5277; x_wconf 84' lang='grc' dir='ltr'><em>σχολὴν,</em></span> <span class='ocrx_word' id='word_1_820' title='bbox 2435 5207 2547 5267; x_wconf 87' lang='grc' dir='ltr'><em>τοῖς</em></span> <span class='ocrx_word' id='word_1_821' title='bbox 2571 5206 2888 5274; x_wconf 83' lang='grc' dir='ltr'><em>φάσκουσιν·</em></span> <span class='ocrx_word' id='word_1_822' title='bbox 2922 5204 3089 5261; x_wconf 74' lang='grc' dir='ltr'><em>Ὀδὺν</em></span> <span class='ocrx_word' id='word_1_823' title='bbox 3108 5206 3282 5275; x_wconf 84' lang='grc' dir='ltr'><em>τριῶν</em></span> <span class='ocrx_word' id='word_1_824' title='bbox 3314 5205 3548 5276; x_wconf 75' lang='grc' dir='ltr'><em>ἡμερῶν</em></span> <span class='ocrx_word' id='word_1_825' title='bbox 3576 5223 3782 5274; x_wconf 81' lang='grc' dir='ltr'><em>πορευ-</em></span> 
     </span>
    </p>
   </div>
   <div class='ocr_carea' id='block_1_107' title="bbox 2195 5297 3777 5367">
    <p class='ocr_par' dir='ltr' id='par_1_107' title="bbox 2195 5297 3777 5367">
     <span class='ocr_line' id='line_1_107' title="bbox 2195 5297 3777 5367; baseline -0.008 -16"><span class='ocrx_word' id='word_1_826' title='bbox 2195 5298 2441 5367; x_wconf 78' lang='grc' dir='ltr'><em>σόμεθα,</em></span> <span class='ocrx_word' id='word_1_827' title='bbox 2477 5298 2575 5351; x_wconf 83' lang='grc' dir='ltr'><em>καὶ</em></span> <span class='ocrx_word' id='word_1_828' title='bbox 2608 5297 3022 5366; x_wconf 81' lang='grc' dir='ltr'><em>λατρεύσομεν</em></span> <span class='ocrx_word' id='word_1_829' title='bbox 3063 5299 3260 5366; x_wconf 81' lang='grc' dir='ltr'><em>Κυρίῳ</em></span> <span class='ocrx_word' id='word_1_830' title='bbox 3286 5298 3365 5364; x_wconf 84' lang='grc' dir='ltr'><strong><em>τῷ</em></strong></span> <span class='ocrx_word' id='word_1_831' title='bbox 3413 5297 3535 5363; x_wconf 81' lang='grc' dir='ltr'><em>Θεῷ</em></span> <span class='ocrx_word' id='word_1_832' title='bbox 3570 5297 3741 5367; x_wconf 68' lang='grc' dir='ltr'><strong><em>ἡμῶν</em></strong></span> <span class='ocrx_word' id='word_1_833' title='bbox 3763 5337 3777 5361; x_wconf 65' lang='grc'><em>,</em></span> 
     </span>
    </p>
   </div>
   <div class='ocr_carea' id='block_1_108' title="bbox 2195 5388 3775 5462">
    <p class='ocr_par' dir='ltr' id='par_1_108' title="bbox 2195 5388 3775 5462">
     <span class='ocr_line' id='line_1_108' title="bbox 2195 5388 3775 5462; baseline -0.001 -19"><span class='ocrx_word' id='word_1_834' title='bbox 2195 5390 2548 5462; x_wconf 87' lang='grc' dir='ltr'><em>ἀποκρίνεται</em></span> <span class='ocrx_word' id='word_1_835' title='bbox 2580 5388 2751 5457; x_wconf 88' lang='grc' dir='ltr'><em>λέγων</em></span> <span class='ocrx_word' id='word_1_836' title='bbox 2775 5405 2788 5418; x_wconf 89' lang='grc'><strong>·</strong></span> <span class='ocrx_word' id='word_1_837' title='bbox 2827 5388 3179 5458; x_wconf 75' lang='grc' dir='ltr'><em>Σχολάζετε,</em></span> <span class='ocrx_word' id='word_1_838' title='bbox 3227 5391 3573 5457; x_wconf 78' lang='grc' dir='ltr'><em>σχολασταί</em></span> <span class='ocrx_word' id='word_1_839' title='bbox 3616 5390 3775 5444; x_wconf 85' lang='grc' dir='ltr'><em>ἐστε.</em></span> 
     </span>
    </p>
   </div>
   <div class='ocr_carea' id='block_1_109' title="bbox 2194 5475 3785 5550">
    <p class='ocr_par' dir='ltr' id='par_1_109' title="bbox 2194 5475 3785 5550">
     <span class='ocr_line' id='line_1_109' title="bbox 2194 5475 3785 5550; baseline 0.001 -19"><span class='ocrx_word' id='word_1_840' title='bbox 2194 5475 2349 5540; x_wconf 81' lang='grc' dir='ltr'><em>Εἶτα,</em></span> <span class='ocrx_word' id='word_1_841' title='bbox 2382 5477 2457 5549; x_wconf 82' lang='grc' dir='ltr'><strong><em>μὴ</em></strong></span> <span class='ocrx_word' id='word_1_842' title='bbox 2485 5478 2805 5549; x_wconf 77' lang='grc' dir='ltr'><em>βουλόμενος</em></span> <span class='ocrx_word' id='word_1_843' title='bbox 2840 5479 3036 5543; x_wconf 80' lang='grc' dir='ltr'><em>αὐτοὺς</em></span> <span class='ocrx_word' id='word_1_844' title='bbox 3056 5479 3135 5550; x_wconf 91' lang='grc' dir='ltr'><strong><em>τῷ</em></strong></span> <span class='ocrx_word' id='word_1_845' title='bbox 3167 5479 3285 5550; x_wconf 84' lang='grc' dir='ltr'><em>Θεῷ</em></span> <span class='ocrx_word' id='word_1_846' title='bbox 3329 5479 3606 5550; x_wconf 81' lang='grc' dir='ltr'><em>σχολάζειν</em></span> <span class='ocrx_word' id='word_1_847' title='bbox 3628 5518 3643 5545; x_wconf 90' lang='grc'><strong><em>,</em></strong></span> <span class='ocrx_word' id='word_1_848' title='bbox 3684 5497 3785 5532; x_wconf 82' lang='grc' dir='ltr'><strong><em>κα-</em></strong></span> 
     </span>
    </p>
   </div>
   <div class='ocr_carea' id='block_1_110' title="bbox 2194 5566 3777 5641">
    <p class='ocr_par' dir='ltr' id='par_1_110' title="bbox 2194 5566 3777 5641">
     <span class='ocr_line' id='line_1_110' title="bbox 2194 5566 3777 5641; baseline 0.001 -22"><span class='ocrx_word' id='word_1_849' title='bbox 2194 5570 2419 5621; x_wconf 89' lang='grc' dir='ltr'><em>ταπονεῖ</em></span> <span class='ocrx_word' id='word_1_850' title='bbox 2444 5566 2523 5638; x_wconf 90' lang='grc' dir='ltr'><strong><em>τῷ</em></strong></span> <span class='ocrx_word' id='word_1_851' title='bbox 2551 5566 2706 5639; x_wconf 87' lang='grc' dir='ltr'><em>πηλῷ</em></span> <span class='ocrx_word' id='word_1_852' title='bbox 2732 5568 2827 5622; x_wconf 74' lang='grc' dir='ltr'><em>καὶ</em></span> <span class='ocrx_word' id='word_1_853' title='bbox 2853 5571 2920 5640; x_wconf 79' lang='grc' dir='ltr'><em>τῇ</em></span> <span class='ocrx_word' id='word_1_854' title='bbox 2953 5569 3219 5641; x_wconf 80' lang='grc' dir='ltr'><em>πλινθείᾳ.</em></span> <span class='ocrx_word' id='word_1_855' title='bbox 3268 5569 3406 5623; x_wconf 84' lang='grc' dir='ltr'><strong><em>Ἀλλ’</em></strong></span> <span class='ocrx_word' id='word_1_856' title='bbox 3452 5572 3584 5641; x_wconf 78' lang='grc' dir='ltr'><em>ἡμῖν</em></span> <span class='ocrx_word' id='word_1_857' title='bbox 3631 5585 3696 5638; x_wconf 79' lang='grc' dir='ltr'><em>γε</em></span> <span class='ocrx_word' id='word_1_858' title='bbox 3725 5570 3777 5622; x_wconf 76' lang='lat' dir='ltr'><strong><em>ot</em></strong></span> 
     </span>
    </p>
   </div>
   <div class='ocr_carea' id='block_1_111' title="bbox 2198 5659 3782 5734">
    <p class='ocr_par' dir='ltr' id='par_1_111' title="bbox 2198 5659 3782 5734">
     <span class='ocr_line' id='line_1_111' title="bbox 2198 5659 3782 5734; baseline 0.004 -21"><span class='ocrx_word' id='word_1_859' title='bbox 2198 5660 2565 5725; x_wconf 87' lang='grc' dir='ltr'><em>καταστάντες</em></span> <span class='ocrx_word' id='word_1_860' title='bbox 2596 5662 2855 5734; x_wconf 79' lang='grc' dir='ltr'><em>ἄρχοντες</em></span> <span class='ocrx_word' id='word_1_861' title='bbox 2893 5662 2987 5717; x_wconf 74' lang='grc' dir='ltr'><strong><em>ἐπὶ</em></strong></span> <span class='ocrx_word' id='word_1_862' title='bbox 3017 5663 3197 5719; x_wconf 80' lang='grc' dir='ltr'><em>πᾶσαν</em></span> <span class='ocrx_word' id='word_1_863' title='bbox 3228 5660 3327 5734; x_wconf 85' lang='grc' dir='ltr'><strong><em>τὴν</em></strong></span> <span class='ocrx_word' id='word_1_864' title='bbox 3378 5663 3477 5733; x_wconf 73' lang='grc' dir='ltr'><strong><em>γῆν</em></strong></span> <span class='ocrx_word' id='word_1_865' title='bbox 3517 5659 3782 5719; x_wconf 66' lang='grc' dir='ltr'><em>ὲπιῦοῶσι</em></span> 
     </span>
    </p>
   </div>
   <div class='ocr_carea' id='block_1_112' title="bbox 591 5806 2101 5887">
    <p class='ocr_par' dir='ltr' id='par_1_112' title="bbox 591 5806 2076 5887">
     <span class='ocr_line' id='line_1_112' title="bbox 591 5806 2076 5887; baseline 0.004 -22"><span class='ocrx_word' id='word_1_866' title='bbox 591 5806 639 5841; x_wconf 83' lang='grc'><strong>⁹⁹</strong></span> <span class='ocrx_word' id='word_1_867' title='bbox 674 5807 810 5866; x_wconf 86' lang='lat' dir='ltr'><strong><em>Gen.</em></strong></span> <span class='ocrx_word' id='word_1_868' title='bbox 842 5826 1027 5880; x_wconf 67' lang='grc' dir='ltr'><em>χχχιι,</em></span> <span class='ocrx_word' id='word_1_869' title='bbox 1062 5810 1251 5869; x_wconf 74' lang='grc'><strong><em>28-50.</em></strong></span> <span class='ocrx_word' id='word_1_870' title='bbox 1328 5813 1342 5846; x_wconf 82' lang='grc'>⁸</span> <span class='ocrx_word' id='word_1_871' title='bbox 1376 5811 1489 5886; x_wconf 55' lang='lat' dir='ltr'><strong><em>515a.</em></strong></span> <span class='ocrx_word' id='word_1_872' title='bbox 1526 5829 1601 5886; x_wconf 81' lang='grc' dir='ltr'><em>ιι,</em></span> <span class='ocrx_word' id='word_1_873' title='bbox 1633 5814 1686 5871; x_wconf 71' lang='grc'><strong><em>4.</em></strong></span> <span class='ocrx_word' id='word_1_874' title='bbox 1744 5819 1774 5884; x_wconf 60' lang='grc'><em>,³</em></span> <span class='ocrx_word' id='word_1_875' title='bbox 1814 5814 1985 5879; x_wconf 79' lang='lat' dir='ltr'><strong><em>Exod.</em></strong></span> <span class='ocrx_word' id='word_1_876' title='bbox 2022 5833 2076 5887; x_wconf 87' lang='lat' dir='ltr'><strong><em>v,</em></strong></span> 
     </span>
    </p>
   </div>
   <div class='ocr_carea' id='block_1_113' title="bbox 2202 5806 2579 5887">
    <p class='ocr_par' dir='ltr' id='par_1_113' title="bbox 2241 5815 2579 5874">
     <span class='ocr_line' id='line_1_113' title="bbox 2241 5815 2579 5874; baseline -0.003 -1"><span class='ocrx_word' id='word_1_877' title='bbox 2241 5815 2260 5848; x_wconf 88' lang='grc'>³</span> <span class='ocrx_word' id='word_1_878' title='bbox 2291 5815 2423 5873; x_wconf 83' lang='lat' dir='ltr'><strong><em>ibid.</em></strong></span> <span class='ocrx_word' id='word_1_879' title='bbox 2464 5816 2579 5874; x_wconf 84' lang='lat'><strong><em>5-8.</em></strong></span> 
     </span>
    </p>
   </div>
  </div>
