4138 6386
353 385 462 442 415

1483 383 1992 442 COMMENTARIA
2027 381 2097 439 IN
2136 381 2476 441 PSALMOS.

3502 385 3607 440 414

355 499 658 571 σχολάζειν,
712 500 923 573 καρπὸν
953 500 1075 574 ’τῆς
1103 502 1298 574 σχολῆς
1326 500 1783 571 ἐπαγγελλόμενοι
1824 501 1902 571 τὴ·

2027 514 2172 564 mus,
2201 496 2505 555 vacationis
2524 496 2758 552 fructum
2798 494 3121 568 pollicentes
3150 495 3391 553 divinam
3418 510 3608 569 c0gni-

354 596 534 649 ἔνθεον
581 595 805 665 γνῶσιν.
838 598 1007 652 Δαλεῖ
1053 598 1109 651 δὲ
1141 600 1169 651 ὁ
1214 598 1348 661 Θεὸς
1401 596 1468 649 δι’
1517 594 1694 649 αὐτῶν
1722 594 1921 663 λέγων·

352 688 573 753 Pndite,
602 689 691 743 ὅτι
718 689 833 759 ἐγώ
863 692 980 760 eiut
1008 693 1041 745 ὁ
1066 691 1241 756 Θεόςο
1276 689 1413 743 ἀλλὰ
1439 689 1533 742 καὶ
1562 689 1649 741 ὅτι
1684 685 1926 755 ὑψωθή-

350 796 533 848 σομαι
579 781 650 834 ἐν
695 782 822 848 τοῖς
873 783 1139 847 ἔθνεσιν,
1186 764 1581 850 ὑψωθήσομαι
1625 780 1696 832 ὲν
1723 778 1798 847 τῇ
1824 776 1922 847 γῇ.

350 870 524 923 Πάλαι
549 872 648 942 μὲν
671 872 781 944 γὰρ
801 875 954 944 παρὰ
990 874 1265 938 Ἰουδαίοις
1293 871 1672 941 ἐγινωσκόμην
1722 870 1922 940 μόνοις,

345 962 435 1015 ὅτε
469 963 738 1030 γνωστὸς
782 963 851 1016 ἐν
894 963 969 1031 τῇ
1018 964 1269 1032 Ἰουδαίᾳ
1315 966 1348 1018 ὀ
1380 963 1545 1028 Θεὸς,
1584 964 1656 1017 ἐν
1684 962 1764 1028 τῷ
1813 963 1923 1017 Ἰσσ-

340 1051 503 1120 ραὴλ
521 1052 673 1122 μέγα
715 1054 781 1107 τὸ
810 1054 997 1123 ὄνομα
1031 1055 1246 1109 αὐτοῦ·
1278 1055 1398 1108 νυνὶ
1429 1055 1488 1108 δὲ
1515 1055 1642 1125 ὑμῖν
1673 1070 1923 1124 παρακε-

344 1143 567 1215 λεύομαι
599 1145 791 1216 σχολὴν
816 1146 990 1214 ἄγειν,
1011 1145 1085 1208 ὡς
1116 1145 1182 1199 ἂν
1214 1145 1436 1216 μάθοιτε
1472 1146 1566 1199 καὶ
1594 1145 1766 1214 γνῶτε
1799 1146 1921 1197 τίνα

341 1237 543 1308 τρόπον
569 1240 663 1291 καὶ
697 1238 848 1309 παρὰ
868 1241 1001 1292 πᾶσι
1028 1241 1140 1302 τοῖς
1174 1238 1382 1291 ἔθνεσιν
1410 1237 1764 1309 ὑψωθήσομαι
1789 1277 1804 1302 ,
1835 1240 1921 1293 δο-

344 1324 639 1397 ξαζόμενος
662 1328 788 1397 παρ’
808 1327 991 1391 αὺτοῖς
1021 1324 1219 1396 μᾶλλον
1242 1326 1275 1397 ἢ
1317 1324 1466 1397 παρά
1492 1328 1605 1388 τοῖς
1648 1324 1815 1378 πάλαι
1850 1343 1917 1396 με

341 1417 543 1470 εἰδέναι
574 1417 968 1489 νομιζομένοις.

340 1528 450 1581 ΕΙΣ
490 1528 578 1581 ΤΟ
619 1529 860 1591 ΤΕΛΟΣ,
896 1529 1079 1583 ΥΠΕΡ
1123 1529 1259 1581 ΤΩΝ
1307 1529 1469 1589 ΥΙΩΝ
1514 1529 1915 1589 ΚΟΡΕ,ΨΑΛ-

964 1600 1106 1654 ΜοΣ
1134 1601 1282 1666 MCT.

409 1713 611 1768 Πάντα
640 1713 713 1768 τὰ
736 1714 903 1781 ἔθνη,
938 1713 1269 1781 κροτήσατε
1296 1713 1498 1783 χεῖρας
1521 1729 1537 1743 ·
1568 1711 1913 1776 ἀλαλάξατε

339 1804 463 1870 θεῷ
488 1804 559 1857 ἐν
586 1802 755 1873 φωνῇ
785 1803 1203 1872 ἀγαλλιάσεως
1221 1820 1235 1834 ·
1264 1803 1354 1857 ὅτι
1388 1805 1602 1872 Κύριος
1630 1803 1909 1871 ὕψιστος,

2031 590 2257 644 tionem.
2299 589 2420 658 Ipse
2439 601 2571 643 vero
2617 584 2762 642 Deus
2793 601 2891 656 per
2933 586 3155 642 eosdem
3198 586 3460 657 loquitur,
3520 588 3606 642 di-

2026 694 2199 734 cens:
2232 675 2545 746 Cognoscite
2600 675 2728 748 quia
2775 690 2867 745 ego
2913 690 3032 728 sum
3073 672 3233 739 Deus,
3272 674 3380 728 imo
3412 674 3600 739 etiam,

2024 769 2151 838 quia
2182 766 2463 822 exaltabor
2490 768 2545 820 in
2577 765 2840 837 gentibus,
2864 764 3143 820 esaltabor
3166 765 3221 818 in
3252 774 3416 819 terra.
3458 763 3601 820 Olim

2024 858 2244 930 quidem
2265 858 2470 914 Judaais
2504 858 2769 912 duntaxat
2803 866 2968 911 notus
2990 871 3163 921 eram,
3195 856 3416 927 quando
3445 866 3597 911 notus

2022 953 2077 1006 in
2101 951 2297 1005 Judaza
2346 949 2521 1012 Deus,
2573 950 2628 1003 in
2668 948 2845 1003 Israel
2896 965 3145 1018 magnum
3179 965 3365 1002 nomen
3392 948 3505 1017 ejus
3540 948 3597 1016 ‘;

2021 1057 2169 1097 nunc
2216 1052 2395 1097 autem
2428 1041 2595 1111 jubeo
2652 1055 2751 1096 vos
2799 1053 3018 1104 vacare,
3070 1046 3129 1093 ut
3173 1038 3518 1110 cognoscatis
3543 1045 3597 1093 et

2020 1136 2232 1198 sciatis,
2258 1149 2366 1205 qua
2392 1134 2601 1189 ratione
2633 1133 2775 1203 apud
2804 1148 2995 1187 omnes
3043 1138 3234 1202 gentes
3267 1128 3596 1186 exaltandus

2018 1227 2144 1291 sim,
2183 1226 2393 1297 plusab
2440 1225 2509 1278 iis
2565 1224 2895 1289 celebratus,
2933 1238 3096 1293 quam
3145 1221 3213 1276 ab
3242 1221 3311 1277 iis
3339 1222 3433 1292 qui
3463 1221 3594 1277 olim

2018 1334 2185 1375 nosse
2211 1334 2297 1374 me
2322 1318 2679 1389 putabantur.

2020 1541 2074 1597 1.
2118 1539 2185 1594 ΙΝ
2210 1536 2579 1597 FINEMJ’RO
2600 1532 2803 1592 FlLliS
2841 1529 3369 1601 CORE,PSALMUS
3404 1531 3591 1589 XLVI.

2086 1718 2255 1777 Vens.
2283 1718 2339 1787 2,
2368 1719 2421 1774 '5.
2459 1716 2652 1773 Omnes
2680 1725 2880 1787 gentes,
2899 1714 3135 1786 plaudite
3162 1714 3429 1779 manibus,
3450 1714 3593 1785 jubi-

2012 1808 2120 1863 late
2148 1809 2259 1864 Deo
2304 1810 2359 1863 in
2411 1823 2531 1863 voce
2586 1806 2983 1861 exsultationis.
3032 1805 3295 1871 Quoniam
3326 1804 3589 1860 Dominus

336 1895 617 1965 φοϐερὸς,
654 1892 955 1958 ,ϐασιλεὺς
997 1892 1183 1962 μέγας
1226 1893 1325 1946 ἐπὶ
1375 1892 1581 1947 πᾶσαν
1627 1891 1742 1960 τὴν
1775 1891 1902 1961 γῆν,

2012 1900 2274 1964 excelsus,
2314 1898 2593 1961 terribilis,
2626 1912 2720 1950 rex
2767 1907 2996 1965 magnus
3022 1910 3177 1964 super
3225 1911 3429 1949 omnem
3478 1904 3587 1949 ter-

334 1990 492 2041 Δοκεῖ
522 2004 611 2057 μοι
639 1984 710 2038 τὰ
739 1985 838 2055 τῆς
871 1985 1194 2056 προγραφῆς
1233 1984 1585 2054 ἐσφαλμένως
1628 1983 1791 2053 ἔχειν.
1836 1984 1912 2037 Οὐ

334 2078 445 2150 γὰρ
477 2078 629 2146 ὑπὲρ
664 2076 785 2131 τῶν
820 2074 967 2131 υἱῶν
986 2075 1157 2143 Κορὲ,
1193 2074 1358 2139 ἀλλὰ,
1402 2074 1525 2141 τοῖς
1558 2074 1709 2141 υἱοῖς
1742 2075 1911 2143 Κορὲ,

332 2168 367 2240 ἢ
408 2168 529 2223 τῶν
564 2168 712 2223 υἱῶν
747 2166 930 2235 Κορὲ,
979 2166 1147 2238 ἐχρῆν
1194 2164 1594 2237 ἐπιγεγράφθαι
1646 2164 1785 2218 κατά
1814 2165 1914 2229 τάς

331 2261 640 2333 ἔμπροσθεν
669 2259 1011 2331 προγραφὰς.
1034 2261 1095 2312 0i
1125 2258 1234 2330 γὰρ
1263 2259 1434 2311 λοιποὶ
1462 2259 1793 2330 ἐρμηνευταὶ
1819 2259 1912 2312 καὶ

329 2354 393 2407 τὸ
443 2350 732 2423 Ἑϐραῖκδν
778 2350 977 2421 ὁμοίως
1028 2349 1212 2419 ἔχουσι
1257 2352 1368 2412 τοῖς
1414 2349 1743 2420 ἔμπροσθεν.
1801 2350 1911 2404 Καὶ

332 2445 630 2516 ἐπειδήπερ
664 2443 974 2512 σαφέστατα
1005 2445 1115 2505 τοῖς
1157 2441 1365 2495 ἔθνεσιν
1405 2444 1432 2495 ό
1464 2442 1619 2511 λόγος
1663 2460 1909 2514 παρακε-

329 2536 549 2589 λεύεται
570 2574 585 2598 ,
615 2534 765 2587 οὐδὲν
804 2534 943 2604 ἔχων
975 2533 1500 2604 ὲπικεκαλυμμένον,
1538 2534 1762 2597 εἰκότως
1791 2533 1910 2587 οὐδὲ

330 2628 398 2681 τὰ
421 2626 521 2696 τῆς
547 2624 870 2696 προγραφῆς
906 2626 992 2689 εἰς
1019 2624 1275 2677 σύνεσιν
1302 2622 1447 2693 ἡμᾶς
1483 2624 1761 2693 παρορμᾷ,
1788 2622 1908 2675 οὐδὲ

328 2717 483 2785 ὑπὲρ
528 2715 648 2769 τῶν
681 2716 951 2783 κρυφίων
974 2732 987 2744 ·
1022 2710 1237 2783 ψαλμδς
1265 2712 1322 2767 δὲ
1359 2711 1542 2775 ἁπλῶς
1590 2712 1839 2783 εἴρηται,
1872 2711 1905 2784 ῆ

332 2806 659 2879 μλῴδημα,
694 2806 728 2878 ἢ
764 2802 913 2879 ᾆσμα
945 2805 1087 2859 κατά
1124 2807 1252 2869 τοὺς
1293 2803 1533 2867 λοιπούς.
1581 2803 1654 2857 Τὸ
1694 2804 1749 2857 δὲ
1772 2844 1787 2870 ,
1821 2805 1908 2869 είς

326 2897 503 2964 τέλος
528 2939 543 2963 ,
592 2897 905 2966 ἀναγκαίως
952 2898 1276 2969 πρόκειται,
1318 2895 1405 2949 διὰ
1450 2895 1512 2948 τὸ
1556 2895 1613 2949 ἐν
1656 2895 1906 2965 ὑστέροις

329 2991 539 3061 χρόνοις
615 2990 828 3060 μέλλειν
904 2986 1354 3060 ἀποπληροῦσθαι
1416 2986 1514 3059 τὴν
1576 2986 1903 3058 πρόρρησιν.

327 3081 661 3150 Προστάττει
694 3079 749 3132 δὲ
777 3078 838 3132 τὸ
868 3078 1092 3150 Πνεῦμα
1133 3079 1194 3132 τὸ
1238 3077 1390 3147 ἅγιον
1434 3077 1638 3149 σφόδρα
1680 3076 1907 3130 ἀκολού-

328 3177 435 3235 θως
466 3171 604 3242 μετά
644 3171 715 3225 τά
752 3170 1118 3243 προλεχθέντα
1149 3170 1395 3242 περὶτοῦ
1432 3169 1740 3241 Ἀγαπητοῦ
1764 3207 1779 3232 ,
1812 3168 1907 3222 καὶ

2017 2004 2155 2043 ram.
2232 1987 2451 2042 Videtur
2500 1983 2633 2038 mihi
2698 1983 2985 2052 inscriptio
3034 1980 3299 2037 mendose
3366 1980 3582 2052 posita:

2011 2095 2191 2151 neque
2224 2078 2393 2143 enim,
2436 2092 2534 2147 pro
2566 2075 2695 2146 ﬁliis
2739 2074 2895 2139 Core,
2932 2073 3051 2139 sed,
3086 2074 3216 2144 ﬁliis
3258 2073 3414 2137 Core,
3463 2081 3582 2140 aut,

2014 2173 2252 2242 ﬁliorum
2310 2168 2462 2233 Core,
2503 2167 2732 2238 perinde
2779 2173 2943 2235 atque
2988 2165 3043 2219 in
3074 2165 3349 2236 prioribus
3382 2165 3582 2231 titulis,

2013 2262 2336 2332 inscriptum
2371 2258 2631 2329 oportuit.
2688 2256 2906 2327 Reliqui
2939 2256 3083 2311 enim
3141 2255 3492 2327 interpretes,
3524 2262 3580 2311 et

2011 2352 2338 2409 Hebraicum
2371 2349 2650 2418 exemplar
2691 2348 2931 2403 similem
2968 2344 3246 2416 prioribus
3286 2344 3582 2415 praeferunt

2010 2441 2451 2513 inscriptionem.
2507 2436 2574 2491 Et
2630 2437 2759 2507 quia
2820 2436 3108 2506 perspicue
3154 2444 3343 2506 gentes
3397 2450 3580 2490 sermo

2008 2536 2349 2600 cohortatur,
2377 2531 2627 2601 nihilque
2668 2529 2871 2585 occulti
2923 2528 3164 2599 praefert,
3202 2528 3329 2598 jure
3382 2528 3580 2583 inscri-

2008 2625 2213 2697 ptionis
2240 2622 2411 2678 verba
2439 2637 2542 2677 nos
2572 2619 2640 2675 ad
2680 2619 3001 2674 intellectum
3031 2620 3256 2674 minime
3278 2618 3577 2682 concitant.

2007 2731 2183 2786 neque
2212 2731 2309 2784 pro
2339 2714 2558 2769 occultis
2589 2711 2825 2779 habent;
2855 2710 2952 2767 sed
2976 2710 3223 2781 psalmus
3253 2709 3578 2780 simpliciter

2006 2808 2229 2871 dicitur,
2268 2807 2386 2862 sive
2444 2805 2708 2869 melodia,
2766 2804 2885 2859 sive
2928 2803 3227 2867 canticum,
3272 2800 3577 2857 secundum

2004 2900 2250 2969 reliquos
2281 2890 2630 2969 interpretes.
2667 2896 2807 2951 Illud
2840 2903 3019 2950 autem
3058 2895 3116 2948 in
3161 2894 3339 2964 ﬁnem,
3384 2909 3577 2950 neces-

2006 2989 2156 3047 sario
2182 2989 2423 3059 positum
2454 2987 2581 3052 fuit,
2614 2987 2742 3057 quia
2767 2984 3063 3057 postremis
3090 2983 3436 3054 temporibus
3473 2983 3579 3037 im—

2005 3081 2268 3153 plendum
2298 3079 2619 3135 vaticinium
2667 3086 2805 3134 erat.
2856 3077 2989 3132 Post
3029 3090 3196 3146 supra
3226 3072 3370 3129 dicta
3409 3089 3577 3144 pono

2006 3172 2301 3228 admodum
2345 3179 2750 3241 consequenter
2798 3168 3037 3240 Spiritus
3077 3178 3303 3223 sanctus
3358 3167 3580 3222 univer-

333 3262 457 3333 περὶ
498 3263 607 3315 τῶν
631 3262 820 3316 τούτου
848 3262 1104 3334 κηρύκων
1122 3302 1137 3327 ,
1167 3264 1301 3319 πᾶσι
1341 3265 1455 3326 τοῖς
1480 3262 1687 3317 ἔθνεσιν
1710 3262 1902 3332 εὐφρο-

2008 3264 2087 3319 sis
2108 3263 2362 3335 gentibus
2387 3262 2655 3333 praecipit,
2701 3269 2761 3316 ut
2801 3260 2870 3316 de
2920 3260 3127 3314 Dilecto
3161 3259 3393 3328 ejusque
3430 3272 3576 3328 pla:-

330 3352 490 3424 τύνης
534 3354 777 3425 σύμὸολα
808 3355 1100 3426 πράττειν,
1148 3354 1237 3409 διὰ
1274 3354 1369 3408 τοῦ
1399 3357 1612 3426 κροτεῖν
1662 3354 1759 3425 μὲν
1804 3353 1904 3417 τὰς

329 3446 511 3514 χεῖρας
556 3444 631 3507 ὡς
677 3444 769 3496 ἐπὶ
811 3444 1010 3515 γάμοις
1058 3444 1500 3515 συντελουμένοις
1528 3445 1763 3515 νυμφίου
1809 3446 1905 3499 καὶ

330 3535 572 3605 θύμφης·
603 3535 893 3600 ἀλαλάζειν
924 3535 981 3588 δὲ
1007 3536 1086 3608 τῷ
1119 3535 1267 3606 Θεῷ,
1297 3537 1372 3599 ὡς
1399 3536 1491 3588 ἐπὶ
1522 3535 1783 3606 βασιλέως
1810 3537 1902 3589 εὑ-

327 3626 678 3697 ρημουμὲνου
714 3628 808 3681 ἐπὶ
840 3630 903 3699 τῇ
949 3627 1093 3681 κατά
1131 3627 1242 3681 τῶν
1289 3627 1563 3697 πολεμίων
1594 3628 1739 3699 νίκῃ.
1793 3628 1903 3680 Καὶ

326 3715 546 3778 εἰκότως
576 3716 713 3786 μετά
736 3716 834 3787 τὴν
865 3717 1009 3769 κατά
1037 3716 1146 3771 τῶν
1174 3717 1448 3788 πολεμίων
1472 3717 1628 3788 νίκην
1663 3717 1755 3771 τοῦ
1783 3719 1899 3770 Σω-

332 3806 517 3879 τῆρος,
555 3806 773 3877 νύμφην
802 3807 995 3861 ἑαυτοῦ
1030 3808 1230 3879 δηλαδὴ
1262 3808 1361 3879 τὴν
1397 3808 1719 3880 Ἐκκλησίαν
1744 3809 1901 3861 ἀπει-

321 3896 586 3965 ληφότος,
640 3899 849 3962 πάντας
899 3900 1203 3971 παρακαλεῖ
1254 3901 1314 3954 τὸ
1361 3901 1587 3971 Πνεῦμα
1628 3901 1688 3954 τὸ
1744 3900 1898 3969 ἅγιον

322 3986 572 4041 σπεύδειν
596 3989 688 4041 ἐπὶ
717 3988 816 4061 τὴν
847 3990 1057 4062 ἑορτήν.
1084 3991 1175 4043 Διὸ
1208 3990 1305 4061 βοᾷ
1336 3993 1470 4045 πᾶσι
1497 3995 1608 4055 τοῖς
1630 3990 1771 4044 κατά
1798 3992 1897 4062 τὴν

317 4077 644 4150 οἰκουμένην
686 4078 863 4132 ἔθνεσι
902 4080 1090 4149 λέγον·
1134 4081 1339 4135 Πάντα
1378 4081 1451 4135 τὰ
1491 4081 1655 4148 ἔθνη,
1686 4081 1896 4150 κροτή-

318 4184 467 4220 σατε
494 4168 695 4237 χεῖρας
715 4209 729 4233 ,
755 4170 1103 4236 ἀλαλάξατε
1134 4172 1213 4237 τῷ
1256 4171 1375 4237 Θεῷ
1415 4173 1485 4225 ἐν
1506 4171 1675 4241 φωνῇ
1707 4174 1894 4242 ἀγαλ-

315 4256 592 4323 λιάσεως.
636 4258 708 4312 Τὸ
741 4259 785 4312 δ’
814 4260 985 4314 αἴτιον
1030 4262 1131 4332 τῆς
1158 4262 1611 4332 παρακελεύσεως
1655 4264 1893 4316 δ.δάσκει

317 4348 444 4417 ἑξῆς
470 4351 676 4418 φάσκον
695 4368 707 4382 ·
737 4352 855 4406 ’Ότι
879 4354 1096 4422 Κύριος
1120 4354 1398 4423 ὕψιστος,
1423 4356 1694 4425 φοϐερὸς,
1715 4358 1896 4421 βασι-

313 4440 460 4506 λεὺς
481 4439 668 4510 μέγας
689 4442 787 4498 ἐπὶ
816 4440 1025 4498 πᾶσαν
1049 4443 1164 4512 τὴν
1188 4442 1321 4514 γῆν.
1346 4446 1617 4516 Πρότερον
1654 4447 1753 4516 μὲν
1785 4447 1893 4518 γὰρ

312 4531 517 4604 Κύριος
545 4534 704 4598 αὐτὸς
728 4535 756 4586 ὁ
782 4533 1003 4605 ὕψιστος
1035 4537 1211 4607 μόνων
1234 4537 1342 4591 τῶν
1367 4540 1485 4591 κατ’
1514 4540 1741 4609 οὐρανὸν
1764 4541 1891 4592 ἐϐα-

2007 3354 2239 3409 conibus
2266 3353 2467 3408 laetitia:
2498 3352 2744 3423 symbola
2785 3350 3067 3407 conferant
3112 3348 3422 3419 plaudenda
3452 3363 3573 3402 ma-

2010 3447 2195 3511 nibus,
2231 3460 2297 3499 ac
2330 3444 2378 3499 si
2422 3443 2628 3513 nuptiae
2662 3442 2851 3513 sponsi
2895 3449 2951 3497 et
2983 3456 3199 3511 sponsa:
3232 3440 3574 3495 celebraren-

2004 3548 2125 3603 tur;
2168 3545 2336 3607 utque
2365 3536 2476 3591 Deo
2512 3535 2764 3606 jubilent,
2813 3534 2969 3605 quasi
3001 3533 3115 3603 regi
3153 3533 3225 3588 ob
3268 3540 3479 3603 partam
3503 3532 3573 3586 de

2002 3630 2241 3687 inimicis
2274 3629 2578 3690 ,victoriam
2646 3626 3138 3684 acclamationibus
3196 3631 3445 3695 excepto.
3506 3622 3573 3677 Et

2001 3722 2200 3778 merito
2228 3737 2361 3777 sane
2390 3730 2516 3792 post
2547 3729 2878 3790 reportatam
2910 3734 2941 3773 a
2976 3718 3278 3781 Saivatore,
3325 3714 3421 3785 qui
3456 3715 3569 3770 sci-

2003 3815 2129 3868 licet
2154 3811 2457 3867 Ecclesiam
2490 3811 2597 3867 sibi
2621 3813 2676 3864 in
2713 3825 2969 3881 sponsam
3011 3807 3240 3877 accepit,
3277 3804 3345 3862 de
3389 3804 3571 3860 inimi-

2000 3905 2083 3961 cis
2128 3904 2442 3967 victoriam,
2491 3900 2729 3971 Spiritus
2775 3908 2999 3957 sanctus
3038 3914 3232 3954 omnes
3268 3904 3460 3953 evocat
3498 3896 3567 3951 ad

1999 3997 2404 4052 celebritatem:
2440 4009 2613 4066 quare
2661 3993 2918 4048 omnibus
2950 4007 3047 4062 per
3091 3991 3279 4046 orbem
3309 3988 3568 4060 gentibus

2000 4088 2260 4143 inclamat
2296 4087 2385 4141 his
2406 4085 2619 4141 verbis:
2658 4083 2850 4140 Omnes
2881 4092 3080 4154 gentes,
3113 4079 3352 4150 plaudite
3392 4081 3567 4135 mani-

1999 4181 2116 4245 bus,
2138 4179 2367 4250 jubilate
2399 4178 2506 4233 Deo
2534 4178 2593 4232 in
2637 4193 2755 4231 voce
2794 4174 3188 4231 exsultationis.
3230 4172 3363 4239 Quae
3394 4187 3565 4228 causa

2000 4288 2135 4329 vero
2208 4270 2557 4344 praecipiendi
2612 4267 2799 4333 fuerit,
2868 4267 2926 4322 in
2977 4264 3333 4338 sequentibus
3388 4266 3563 4334 aperit

1994 4365 2217 4421 dicens:
2260 4364 2525 4430 Quoniam
2574 4360 2832 4415 Dominus
2878 4357 3135 4421 excelsus,
3174 4354 3447 4419 terribilis,
3471 4369 3568 4409 rea:

1994 4472 2217 4525 magnus
2250 4468 2406 4522 super
2449 4466 2654 4507 omnem
2699 4460 2917 4503 terram.
2974 4446 3217 4501 Primum
3250 4446 3397 4502 enim
3448 4445 3565 4514 ipse

1996 4546 2256 4601 Dominus
2302 4544 2577 4608 excelsus,
2623 4541 2681 4595 in
2726 4540 2861 4595 solis
2897 4538 3216 4595 cmlestibus
3258 4534 3559 4607 regnabat;

318 4623 530 4679 σίλευεν
554 4642 568 4656 ⁸
605 4627 850 4696 ἠγνοεῖτο
876 4628 932 4681 δὲ
963 4631 1075 4692 τοῖς
1100 4629 1192 4683 ἐπὶ
1220 4631 1318 4701 τῆς
1351 4630 1457 4700 γῆς
1474 4672 1489 4697 ,
1524 4634 1612 4686 ὅτε
1637 4632 1890 4702 δαίμονες

2004 4639 2063 4693 ab
2092 4638 2161 4693 iis
2191 4646 2372 4693 autem
2406 4636 2500 4707 qui
2531 4635 2587 4689 in
2642 4641 2785 4689 terra
2830 4638 2991 4687 erant
3028 4627 3403 4699 ignorabatur,
3450 4639 3563 4694 quo

308 4716 577 4788 ἐκράτουν
608 4718 702 4771 ἐπὶ
728 4720 831 4791 γῆς
866 4719 1169 4792 ἀνθρώπων
1193 4736 1207 4750 °
1233 4723 1353 4775 νυνὶ
1387 4722 1443 4775 δὲ
1476 4722 1563 4777 διὰ
1588 4722 1681 4776 τοῦ
1725 4724 1889 4791 Ἀγαο

308 4808 485 4879 πητοῦ
528 4810 812 4881 ἐπέλαμψε
860 4815 971 4875 τοῖς
1017 4814 1109 4866 ἐπὶ
1138 4813 1242 4883 γῆς
1270 4814 1369 4884 τὴν
1409 4814 1573 4868 αὐτοῦ
1601 4814 1761 4885 χάριν
1795 4814 1890 4868 καὶ

306 4900 471 4962 αὐτὸς
497 4901 823 4970 ό”Υψιστος,
858 4903 1089 4975 φοϐερὸς
1115 4906 1336 4973 γέγονεν
1380 4906 1607 4970 ἐκείνοις
1640 4908 1753 4970 τοῖς
1786 4924 1885 4959 πο-

306 4988 516 5058 λεμίοις
545 4994 657 5054 τοῖς
687 4991 785 5062 τὴν
826 4992 1083 5046 πολύθεον
1135 4994 1416 5063 ἐνεργοῦσι
1464 4995 1704 5067 πλάνην·
1752 4996 1889 5049 πάν-

304 5097 404 5143 τας
436 5080 544 5152 γάρ
571 5082 767 5145 αὐτοὺς
796 5083 963 5153 ῆλασε
983 5123 998 5147 ,
1038 5086 1130 5138 καὶ
1162 5086 1377 5157 μακρὰν
1408 5087 1507 5157 τῆς
1534 5086 1639 5139 τῶν
1674 5087 1882 5156 ἀνθρώ-

305 5192 423 5227 πων
453 5176 715 5249 ἐποίησεν
730 5176 947 5246 ἀγέλης.
972 5178 1171 5248 Σχολῆς
1200 5178 1256 5230 δὲ
1290 5180 1603 5251 γενομένης,
1630 5180 1880 5249 βασιλεὺς

306 5266 480 5334 μέγας
510 5267 618 5319 τῶν
650 5268 743 5320 ἐπὶ
775 5270 955 5321 πᾶσαν
984 5270 1081 5340 τὴν
1113 5271 1215 5340 γῆν
1246 5270 1415 5323 ἐθνῶν
1462 5270 1897 5340 ἀνεκηρύττετο,

304 5360 395 5412 Διὸ
435 5363 548 5423 τοῖς
591 5360 1031 5431 βασιλευομένοις
1058 5364 1270 5431 κροτεῖν
1300 5364 1417 5425 ταῖς
1453 5362 1637 5433 χερσὶν
1669 5364 1697 5415 ὁ
1728 5362 1883 5429 λόγος

303 5452 757 5522 παρακελεύεται,
782 5453 1059 5505 τουτέστιν
1080 5452 1259 5523 ἔργοις
1281 5455 1377 5507 καὶ
1400 5454 1629 5525 πράξεσι
1656 5471 1668 5483 ·
1695 5454 1884 5524 ὥσπερ

304 5543 353 5593 εἰ
384 5542 565 5610 φωνάς
596 5542 814 5611 ἀφιέναι
841 5542 995 5607 ἀξίας
1021 5544 1117 5613 τῆς
1152 5543 1244 5596 τοῦ
1280 5544 1532 5613 Ὑψίστου
1572 5544 1876 5613 βασιλείας,

304 5634 401 5691 καὶ
473 5634 760 5699 ἀλαλάζειν
823 5635 881 5689 δὲ
951 5635 1099 5708 αύτῷ
1162 5638 1219 5691 ἐν
1287 5640 1433 5708 φωνῇ
1506 5637 1878 5707 ἀγαλλιάσεως

376 5785 395 5817 ⁸
436 5782 585 5851 Psal.
623 5802 786 5856 LXIV,
817 5786 872 5844 ‘2.

1990 4738 2238 4800 tempore
2267 4728 2540 4783 daemones
2592 4725 2648 4779 in
2684 4733 2828 4780 terra
2852 4720 3167 4775 hominibus
3196 4715 3555 4786 imperabant.

1990 4820 2149 4876 Nunc
2176 4836 2309 4875 vero
2336 4835 2432 4890 per
2456 4818 2724 4873 Dilectum
2766 4814 3029 4869 Excelsus
3053 4826 3170 4875 eos,
3209 4808 3303 4878 qui
3335 4807 3390 4861 in
3412 4813 3558 4861 terra

1990 4920 2144 4976 sunt,
2180 4914 2354 4983 gratia
2384 4924 2485 4965 sua
2533 4906 2851 4970 illustravit,
2889 4902 3148 4959 terribilis
3194 4912 3327 4955 sane
3365 4895 3558 4950 adver-

1990 5003 2176 5065 sariis,
2204 5002 2297 5072 qui
2352 5001 2647 5055 multorum
2699 4997 2989 5051 numinum
3027 5004 3271 5048 errorem
3334 4986 3557 5042 induce-

1989 5096 2144 5161 bant,
2173 5094 2399 5149 eilectus
2418 5099 2536 5157 est;
2570 5090 2857 5145 universos
2877 5086 3021 5141 enim
3043 5082 3272 5153 expulit,
3293 5087 3347 5134 et
3368 5076 3558 5149 procul

1992 5206 2022 5242 a
2045 5202 2206 5259 grege
2234 5184 2513 5240 hominum
2539 5182 2741 5251 abegit.
2794 5179 2930 5233 Tum
2957 5184 3113 5247 parta
3142 5169 3554 5259 tranquillitate,

1991 5258 2089 5334 rex
2121 5292 2351 5347 magnus
2400 5274 2644 5329 omnium
2688 5287 2785 5342 per
2827 5270 3017 5325 orbem
3060 5263 3300 5334 gentium
3342 5258 3557 5330 procla-

1994 5376 2176 5423 matus
2204 5374 2307 5421 est.
2366 5364 2547 5430 Quare
2593 5362 2841 5417 subditos
2898 5357 3159 5429 plaudere
3186 5351 3343 5423 jubet
3383 5348 3556 5402 mani-

1992 5459 2119 5522 bus,
2153 5457 2209 5512 id
2242 5466 2327 5511 est
2358 5454 2618 5525 operibus
2643 5467 2708 5506 ac
2737 5449 2905 5521 gestis
2940 5444 3099 5517 quasi
3133 5456 3295 5497 voces
3342 5438 3554 5493 Excelsi

1984 5565 2155 5619 regno
2200 5548 2396 5619 dignas
2441 5544 2715 5608 emittere,
2749 5557 2814 5596 ac
2854 5537 3092 5609 jubilare
3144 5531 3249 5603 ipsi
3305 5530 3363 5589 in
3418 5542 3556 5583 voce

1986 5639 2404 5705 cxsultationis;
2452 5636 2527 5693 ita
2561 5643 2621 5692 ut
2668 5650 2780 5692 non
2822 5630 2986 5689 modo
3028 5622 3288 5700 Operihus
3321 5635 3387 5678 ac
3429 5619 3555 5675 vita:
