4138 6386
548 386 654 443 ιιδ

1214 381 1483 437 ECSEBU
1524 378 2001 437 CASSARIENSIS
2029 377 2182 433 OPP.
2222 375 2405 431 PARS
2436 374 2523 430 Ill.
2562 372 3078 429 —-.EXECETICA.

3698 376 3804 430 H6

552 504 802 559 instituto
832 502 1009 573 ipsum
1042 502 1339 567 celebrent,
1378 503 1472 559 sed
1502 504 1672 558 etiam
1707 504 1873 560 rectis
1900 503 2123 575 dogma-

2229 501 2585 571 προστάττει,
2621 499 2695 561 ὡς
2732 496 2797 551 ἂν
2844 497 2917 568 μὴ
2950 497 3107 567 μόνον
3142 497 3324 567 ἔργοις
3357 497 3450 551 καὶ
3489 496 3587 568 βίῳ
3610 540 3625 564 ,
3667 498 3808 551 ἀλλὰ

549 594 699 651 tibus
728 595 1019 664 divinaque
1054 594 1326 649 doctrina.

622 705 789 760 Vens.
826 706 880 771 4,
916 706 968 761 5.
1011 706 1245 775 Subjecit
1270 708 1492 777 populos
1532 709 1705 769 nobis,
1730 717 1778 761 et
1814 717 1987 778 gentes
2028 708 2123 763 sub

549 797 766 866 pedibus
816 799 1032 852 nostris.
1097 798 1269 869 Elegit
1336 799 1484 853 nobis
1537 799 1895 853 hwredilatem
1950 816 2123 865 suam,

550 890 769 955 speciem
802 886 994 954 Iacob,
1033 907 1191 961 quam
1238 889 1448 943 dilexit.
1506 888 1722 942 Nemini
1777 905 1887 943 non
1936 898 2125 944 notum

549 990 635 1036 est
688 981 817 1036 filiis
870 982 1030 1042 Core.
1067 998 1243 1052 neque
1295 982 1527 1052 pepulos
1589 982 1887 1050 subjectos,
1948 998 2127 1052 neque

550 1080 744 1141 gentes
776 1076 880 1129 sub
910 1075 1143 1145 pedibus
1172 1089 1361 1129 eorum
1397 1074 1729 1127 constitutas
1774 1073 1979 1140 fuisse;
2018 1075 2126 1127 ita-

550 1180 657 1233 que
684 1166 841 1234 quasi
869 1182 933 1221 ex
966 1180 1195 1235 persona
1229 1166 1601 1234 apostolorum
1638 1164 1753 1218 haec
1785 1165 1931 1220 dicta
1977 1174 2123 1220 sunt.

552 1252 617 1307 [li
651 1270 886 1323 namque
927 1255 1067 1323 jussi
1101 1255 1169 1309 ab
1204 1255 1322 1324 ipso
1373 1253 1662 1309 Salvatore
1710 1254 1907 1309 docere
1937 1270 2127 1310 omnes

552 1356 765 1414 gentes,
800 1347 999 1399 virtute
1039 1347 1185 1401 illius
1217 1347 1492 1416 inspirati,
1528 1345 1594 1399 ad
1623 1347 1912 1402 universas
1937 1355 2125 1417 gentes

553 1438 657 1491 iter
688 1438 1063 1501 instituerunt,
1094 1439 1469 1508 barbarasque
1515 1440 1766 1495 nationes
1816 1454 2124 1508 pervasere,

551 1536 836 1598 totumque
866 1531 1050 1583 orbem
1082 1538 1467 1601 peragrarunt.
1521 1530 1654 1585 Jure
1680 1546 1811 1600 ergo
1838 1546 1905 1585 ex
1935 1546 2124 1585 eorum

554 1636 808 1690 persona,
845 1621 960 1675 haec
1001 1621 1066 1675 iis
1104 1621 1196 1690 qui
1240 1623 1465 1676 verbum
1497 1638 1791 1692 suscepere
1845 1623 2123 1679 dicuntur.

552 1707 819 1775 Quoniam
845 1711 945 1765 etsi
976 1709 1233 1765 Dominus
1266 1727 1424 1781 quem
1453 1713 1841 1781 przedicamus,
1871 1729 1978 1767 non
2009 1729 2127 1768 cor-

555 1815 705 1869 pore,
743 1816 853 1854 non
887 1802 1068 1855 carnis
1104 1803 1280 1857 oculis
1316 1805 1688 1873 percipiatur;
1718 1813 1774 1859 at
1800 1806 1885 1859 vel
1914 1822 1980 1860 ex
2007 1807 2126 1875 ipso

2230 594 2324 646 καὶ
2354 593 2618 663 δόγμασιν
2649 591 2827 661 ὀρθοῖς
2860 593 2953 644 καὶ
2995 591 3294 659 θεολογίαις
3333 594 3588 662 ἁνυμνείν
3618 592 3800 651 αὐτόν,

2309 702 2583 766 Ὑπέταξε
2613 701 2755 767 τοὺς
2786 700 2973 766 λαοὺς
3002 700 3141 769 ἡμῖν
3162 740 3175 761 ,
3206 701 3300 753 καὶ
3334 702 3478 768 ἔθνη
3519 699 3636 755 ὑπὸ
3662 701 3805 767 τοὺς

2227 796 2416 859 πόδας
2456 792 2639 861 ἡμῶν.
2695 790 3042 856 Ἑξελέξατο
3080 791 3224 860 ἡμῖν
3252 790 3364 857 τὴν
3402 794 3804 862 κληρονομίαν

2226 886 2432 949 αὑτοῦ,
2458 885 2574 953 τὴν
2606 884 2918 952 καλλονὴν
2963 883 3176 946 Ἰακὼϐ,
3205 882 3285 950 ἢν
3316 882 3647 953 ἠγάπησεν.
3677 881 3803 939 Ὀτι

2225 984 2337 1042 τοῖς
2362 981 2497 1039 υἱοῖς
2524 977 2667 1047 Κορέ
2691 976 2813 1031 οὔτε
2844 977 2962 1031 λαοὶ
2997 979 3363 1045 ὑπετάγησαν,
3392 976 3512 1031 οὔτε
3536 978 3662 1049 ἔθνη
3698 978 3803 1032 ὑπὸ

2226 1073 2351 1135 τοὺς
2380 1071 2542 1133 πόδας
2574 1068 2751 1123 αὐτῶν
2782 1069 3122 1140 γεγένηνται,
3160 1070 3320 1121 παντί
3353 1087 3430 1138 τῳ
3456 1069 3631 1139 δῆλον.
3657 1072 3783 1123 Οὐκ-

2226 1165 2318 1216 οῦν
2348 1163 2423 1227 ώς
2464 1165 2528 1216 ἐκ
2554 1160 2845 1234 προσώπου
2874 1162 2982 1214 τῶν
3016 1162 3326 1214 ἀποστόλων
3359 1162 3529 1215 ταῦτα
3564 1162 3797 1233 εἴρηται.

2228 1248 2388 1307 Οὗτοι
2431 1252 2538 1324 γὰρ
2589 1251 3018 1322 προσταχθέντες
3060 1251 3151 1303 ὑπ’
3194 1250 3359 1303 αὑτοῦ
3403 1251 3495 1304 τοῦ
3553 1252 3799 1324 Σωτῆρος

2231 1346 2567 1417 μαθητεῦσαι
2594 1346 2772 1398 πάντα
2804 1345 2869 1398 τὰ
2900 1344 3047 1415 ἔθνη,
3072 1345 3178 1397 ὑπὸ
3205 1345 3303 1414 τῆς
3338 1344 3498 1397 αὑτοῦ
3523 1345 3801 1416 δυνάμεως

2227 1438 2681 1509 ἐμπνευσθέντες,
2699 1436 2795 1507 τὴν
2821 1438 2899 1498 εἰς
2921 1436 3095 1489 πάντα
3114 1435 3180 1488 τὰ
3202 1436 3326 1507 ἔθνη
3350 1437 3572 1507 πορείαν
3598 1436 3803 1491 στειλά-

2231 1550 2401 1603 μενοι,
2434 1531 2645 1601 διῆλθον
2671 1532 2764 1584 καὶ
2793 1529 2861 1582 τὰ
2895 1527 3145 1600 βάρϐαρα
3171 1527 3331 1595 φῦλα,
3364 1528 3458 1581 καὶ
3496 1528 3592 1595 τὴν
3624 1530 3801 1581 οίκουο

2230 1625 2395 1695 μένην
2428 1624 2716 1695 διέδραμον
2764 1621 3074 1691 σύμπασαν.
3119 1619 3356 1681 Εἰκότως
3395 1615 3486 1672 οὖν
3531 1619 3591 1683 ἐξ
3622 1619 3801 1673 αὐτῶν

2228 1711 2517 1782 προσώπου
2548 1715 2660 1774 τοῖς
2692 1711 2751 1763 τὸ
2783 1711 3045 1780 κήρυγμα
3091 1706 3550 1779 παραδεξαμένοις
3581 1707 3798 1776 λέγεται

2229 1800 2431 1853 ταῦτα·
2463 1801 2583 1854 Ὅτι
2618 1803 2665 1853 εί
2703 1800 2796 1853 καὶ
2834 1798 2908 1870 μὴ
2950 1797 3163 1868 σώματι
3198 1798 3672 1868 καταλαμϐάνεται
3706 1801 3801 1853 καὶ

554 1905 721 1960 opere
772 1892 1000 1947 ediscite
1048 1894 1173 1962 quis
1220 1895 1313 1948 ille
1360 1904 1709 1966 quantusque
1761 1898 1851 1952 sit.
1924 1897 2123 1951 Annon

2229 1889 2428 1959 σαρκὸς
2455 1888 2750 1959 ὀφθαλμοῖς
2774 1890 2802 1940 ὁ
2834 1889 2921 1957 ὑφ’
2954 1888 3110 1958 ἡμῶν
3142 1888 3538 1959 κηρυττόμενος
3566 1888 3795 1959 Κύριος·

554 1977 751 2035 vide'tis
780 1996 882 2035 nos
923 1982 1041 2051 ejus
1067 1998 1367 2053 praecones,
1398 1986 1491 2055 qui
1520 1984 1771 2042 homines
1794 1988 1967 2043 simus
1993 1988 2128 2044 viles

558 2086 621 2125 ac
668 2072 910 2141 privati?
941 2081 994 2127 et
1042 2082 1225 2130 tamen
1273 2077 1500 2131 verbum
1539 2094 1569 2131 a
1607 2079 1767 2133 nobis
1818 2082 2128 2135 nuntiatum

555 2162 631 2215 ita
666 2165 944 2232 praevalet,
991 2173 1053 2218 ut
1094 2166 1418 2221 universum
1473 2169 1695 2239 impleat
1727 2172 1934 2226 orbem.
1974 2170 2129 2229 Unde

552 2267 685 2322 ergo
726 2259 874 2306 tanta
911 2261 1175 2323 potestas,
1220 2272 1342 2326 quae
1400 2257 1621 2333 subjecit
1672 2261 1897 2329 populos
1954 2263 2125 2331 nobis,

559 2355 601 2398 st
646 2353 821 2414 gentes
875 2346 970 2399 sub
1025 2347 1243 2417 pedibus
1288 2352 1531 2419 nostris;
1576 2352 1692 2408 sive
1725 2356 1959 2424 populos
2006 2356 2127 2412 illos

554 2437 893 2507 prioresqui
943 2438 1209 2493 doctrina:
1245 2449 1449 2496 nostra:
1492 2445 1751 2514 morigeri
1794 2446 1981 2515 fuere;
2015 2448 2129 2503 sive

554 2534 744 2595 gentes
775 2542 897 2596 quae
929 2529 1109 2582 adhuc
1139 2530 1192 2582 in
1228 2530 1549 2587 infidelitate
1576 2543 1965 2603 perseverant;
1990 2552 2127 2607 quas

556 2618 876 2688 plerumque
911 2621 1263 2690 insurgentes
1318 2637 1382 2676 ac
1438 2624 1640 2678 bellum
1673 2627 1832 2682 nobis
1879 2636 1933 2682 et
1961 2629 2128 2683 verbo

554 2708 700 2779 quod
734 2711 1095 2780 praedicamus
1138 2713 1341 2768 inferre
1383 2724 1670 2782 conantes,
1728 2718 1843 2774 Rex
1896 2736 2127 2791 magnus

556 2800 790 2869 subjecit
832 2803 935 2857 sub
964 2804 1197 2873 pedibus
1230 2806 1467 2873 nostris;
1514 2808 1589 2861 ita
1630 2816 1688 2861 ut
1720 2825 1821 2866 nos
1852 2812 2005 2879 ipsos
2043 2813 2128 2867 in-

556 2893 883 2948 vaderemus
936 2901 990 2948 et
1037 2904 1345 2965 prostratos
1393 2900 1771 2956 calcaremus?
1824 2902 2126 2959 Confestim

558 2982 742 3052 itaque
775 2984 860 3037 vel
895 2984 1030 3055 ipsis
1061 2990 1515 3058 repugnantibus,
1542 3007 1643 3046 nos
1673 2992 1729 3046 in
1765 2995 1961 3051 mediis
1988 2996 2129 3067 ipso-

557 3087 678 3127 rum
712 3076 940 3130 urbibus
968 3086 1024 3132 et
1061 3080 1209 3149 agris
1246 3077 1358 3134 Deo
1391 3089 1583 3136 nostro
1613 3082 1889 3140 Ecclesias
1921 3088 2128 3143 consti-

557 3167 784 3224 tuimus.
840 3168 1014 3239 Elegit
1067 3177 1249 3226 autem
1299 3174 1460 3228 nobis
1521 3174 1889 3233 bau'editatem
1946 3194 2123 3246 suam,

2234 1980 2345 2032 ἀλλ’
2374 1980 2520 2051 αὐτῷ
2542 1980 2685 2051 ἔργῳ
2717 1980 2914 2049 μάθετε
2945 1980 3027 2043 τίς
3060 1980 3187 2033 ποτέ
3211 1980 3437 2033 ἐστικαὶ
3466 1980 3691 2050 πηλίκος
3714 1976 3803 2035 οὗ-

2232 2090 2340 2134 τος.
2374 2074 2484 2141 υὺχ
2517 2074 2677 2143 ὁρᾶτε
2705 2074 2830 2134 τοὺς
2860 2073 3107 2143 κήρυκας
3145 2072 3292 2140 ἡμᾶς
3320 2070 3462 2135 τίνες
3503 2073 3667 2142 ἐσμὲν
3708 2074 3803 2125 καὶ

2232 2166 2403 2216 ὁποῖοι
2429 2166 2619 2237 ἄνδρες
2648 2165 2880 2228 εὐτελεῖς
2903 2166 2994 2218 καὶ
3030 2164 3227 2220 ἰδιῶται
3254 2183 3267 2231 ;
3293 2166 3438 2237 ὅμως
3461 2166 3590 2235 γοῦν
3618 2166 3803 2219 τοσοῦ-

2232 2274 2321 2310 τον
2356 2260 2383 2309 ό
2409 2257 2470 2309 δι’
2504 2257 2658 2326 ἡμῶν
2696 2256 2867 2326 ἰσχύει
2898 2257 3073 2324 λόγος,
3092 2256 3167 2320 ώς
3191 2258 3287 2327 τὴν
3320 2258 3610 2329 σύμπασαν
3631 2258 3805 2311 οἰκου-

2238 2350 2409 2418 μένην
2453 2347 2759 2419 πληρῶσαι.
2792 2349 2958 2401 Πόθεν
2998 2346 3091 2404 οὖν
3124 2353 3155 2421 ή
3190 2350 3420 2420 τοσαύτη
3459 2349 3717 2420 δύναμις,
3766 2353 3802 2421 ἡ

2233 2440 2585 2504 ὑποτάξασα
2614 2440 2756 2509 ἡμῖν
2780 2442 2967 2506 λαοὺς
2995 2443 3091 2495 καὶ
3123 2442 3266 2510 ἔθνη
3300 2440 3417 2495 ὑπὸ
3443 2441 3583 2507 τοὺς
3611 2440 3803 2507 πόδας

2235 2530 2434 2599 ἡμῶν,
2477 2532 2601 2593 τοὺς
2641 2531 2737 2600 μὲν
2782 2531 3078 2601 προτέρους
3121 2531 3282 2593 λαοὺς
3328 2533 3455 2593 τοὺς
3496 2529 3802 2600 πειθηνίους

2233 2623 2555 2691 γενομένους
2587 2625 2651 2692 τῇ
2680 2622 2922 2692 ἡμετέρᾳ
2955 2621 3272 2693 διδασκαλίᾳ
3298 2638 3310 2651 ⁸
3351 2622 3412 2675 τὰ
3442 2623 3498 2675 δὲ
3527 2621 3654 2692 ἔθνη
3678 2624 3803 2686 τοὺς

2234 2714 2311 2767 ἔτι
2335 2717 2391 2767 ἐν
2408 2715 2632 2785 ἀπιστίᾳ
2657 2713 2960 2784 μείναντας·
2985 2713 3076 2778 οὓς
3100 2716 3503 2777 ἐπαναστάντας
3524 2714 3800 2778 πολλάκις,

2234 2807 2327 2877 καὶ
2372 2806 2676 2875 πολεμῆσαι
2720 2804 3151 2877 βεϐουλημένους
3180 2807 3324 2877 ἡμᾶς
3352 2824 3410 2861 τε
3459 2806 3552 2858 καὶ
3591 2805 3681 2859 τὸν
3712 2807 3803 2874 ὑφ’

2234 2898 2387 2967 ἡμῶν
2417 2899 2815 2968 κηρυττόμενον
2845 2898 3019 2967 λόγον,
3045 2900 3071 2951 ό
3103 2898 3275 2969 μέγας
3307 2897 3564 2961 Βασιλεὺς
3598 2898 3799 2951 ὑπέτα-

2236 2990 2290 3055 ξε
2330 2993 2438 3053 τοῖς
2469 2992 2761 3063 ἡμετέροις
2808 2993 2983 3055 ποσὶν,
3014 2992 3088 3054 ώς
3130 2991 3374 3046 ἐπελθεῖν
3394 2994 3540 3063 ἡμᾶς
3573 2992 3664 3045 καὶ
3684 2991 3803 3044 ἐπι-

2233 3081 2392 3150 ϐῆναι
2422 3083 2636 3148 αὐτοίς;
2667 3084 2872 3136 Λύτίκα
2898 3084 2940 3135 δ’
2970 3078 3062 3135 οὖν
3106 3082 3198 3135 καὶ
3235 3082 3307 3154 μὴ
3341 3083 3673 3154 βουλομένων
3703 3084 3800 3137 αὺ-

2233 3172 2340 3226 τῶν
2366 3176 2520 3244 ἡμεῖς
2542 3177 2598 3229 ἐν
2625 3176 2814 3245 μέσαις
2839 3178 2953 3239 ταῖς
2986 3175 3163 3228 αὐτῶν
3194 3176 3378 3228 πόλεσί
3397 3193 3453 3228 τε
3482 3177 3573 3230 καὶ
3599 3175 3801 3248 χώραις

555 3275 718 3328 quam
750 3263 1001 3331 promisit
1033 3261 1241 3317 Dilecto
1279 3281 1400 3329 suo,
1434 3266 1662 3323 dicens:
1701 3269 1926 3325 Postula
1957 3289 1989 3325 a
2021 3290 2121 3338 me,

2229 3262 2305 3332 τῷ
2339 3243 2588 3335 ἡμετέρῳ
2769 3264 3208 3335 συνεστησάμεθα
3236 3265 3576 3337 Ἐκκλησίας.
3595 3243 3801 3331 Ἐξελέ-

554 3359 605 3403 et
637 3349 775 3405 dabo
824 3352 916 3406 tibi
942 3364 1115 3421 gentes
1161 3356 1521 3410 Iurreditatem
1558 3369 1724 3424 tuam,
1768 3371 1817 3415 et
1848 3367 2131 3432 possessio-

557 3458 673 3496 nem
700 3454 846 3497 tuam
896 3446 1147 3501 terminos
1180 3449 1393 3502 terrae”.
1436 3448 1591 3505 llanc
1622 3452 1805 3522 itaque
1848 3470 1913 3509 ex
1956 3458 2129 3527 genti-

556 3537 660 3591 bus
690 3540 959 3592 ‘coactam
994 3539 1293 3596 Ecclesiam
1329 3543 1487 3599 nobis
1538 3547 1800 3614 apostolis
1851 3549 1967 3603 suis
2006 3564 2035 3602 a
2071 3566 2129 3605 se

555 3631 785 3686 electam
816 3631 1119 3689 distribuit.
1175 3634 1362 3689 Electa
1420 3638 1622 3709 quippe.
1671 3640 1761 3694 illa
1793 3650 1899 3705 est,
1937 3654 1992 3696 et
2030 3658 2127 3697 co-

557 3728 768 3789 optata,
831 3736 900 3776 ex
929 3724 1186 3779 omnibus
1240 3728 1494 3795 gentibus
1551 3732 1866 3795 constituta,
1906 3747 2015 3785 non
2062 3748 2126 3787 ex

557 3813 773 3881 generis
800 3815 1173 3871 successione.
1226 3816 1331 3871 Pro
1380 3818 1473 3873 illo
1518 3829 1722 3884 autem,
1758 3821 2121 3877 [nereditatem

556 3919 734 3967 suam,
779 3905 997 3973 reliqui,
1047 3907 1407 3963 haereditatem
1456 3921 1715 3977 nostram,
1760 3922 1875 3978 aut,
1923 3932 2129 3983 posses-

555 3994 757 4048 sionem
806 4006 1066 4062 nostram,
1106 4000 1413 4056 ediderunt.
1470 4002 1936 4068 Quemadmodum
1984 4007 2129 4061 enim

556 4086 730 4155 priori
768 4090 969 4157 populo
1002 4097 1205 4145 terram
1240 4094 1650 4163 promissionis,
1676 4098 1768 4166 qui
1807 4105 1966 4153 erant
2002 4115 2127 4154 cum

554 4175 685 4232 Jesu
719 4180 830 4234 ﬁlio
876 4180 1042 4243 Nave,
1093 4184 1267 4251 pulsis
1297 4185 1570 4253 prioribus
1598 4187 1815 4251 incolis,
1845 4198 1992 4243 sorte
2016 4188 2131 4244 dis-

558 4268 903 4336 tribuerunt;
978 4270 1167 4325 eodem
1228 4289 1451 4341 prorsus
1497 4277 1659 4329 modo
1688 4279 1841 4347 regni
1873 4278 1964 4332 Dei
1990 4294 2129 4347 pra:-

561 4373 750 4421 cones,
783 4376 907 4414 cum
944 4369 1117 4415 totum
1154 4365 1342 4419 orbem
1377 4380 1783 4437 peragrassent,
1828 4371 2000 4439 pulsis
2038 4372 2125 4424 in-

562 4450 871 4506 visibilibus
902 4452 1159 4520 inimicis,
1193 4459 1541 4523 supradictus
1601 4461 1827 4529 populos
1860 4470 2006 4515 sorte
2032 4477 2127 4515 ac-

561 4550 847 4611 ceperunt.
908 4542 1059 4597 Hanc
1107 4545 1478 4601 haereditatem
1512 4550 1747 4619 speciem
1788 4550 1959 4605 Jacob
1991 4550 2125 4605 dicit

556 4647 714 4699 esse;
758 4632 871 4688 sive
898 4634 1196 4688 secundum
1228 4637 1502 4706 Aquilam,
1536 4640 1895 4693 excellentiam
1918 4640 2123 4707 Jacob;

558 4722 864 4778 secundum
927 4723 1313 4795 Symmachum
1386 4736 1590 4792 autem,
1643 4730 1869 4799 gloriam
1928 4730 2126 4796 Iacob;

558 4814 859 4868 secundum
892 4816 1144 4884 quintam
1180 4816 1501 4882 editionem,
1545 4820 2122 4888 gloriationemlacob.

556 4904 691 4958 Nam
742 4904 986 4960 Ecclesia
1031 4905 1259 4972 Christi,
1306 4909 1479 4977 gloria
1525 4919 1576 4964 ct
1640 4912 1896 4981 gloriatio
1924 4915 2127 4971 veteris

557 4997 837 5068 prophetae
880 4996 1052 5053 Jacob
1100 4998 1224 5062 fuit,
1252 5000 1323 5054 ob
1357 5000 1513 5057 datas
1546 5003 1614 5058 ab
1659 5004 1777 5073 ipso
1832 5005 2004 5061 Jaeob
2058 5009 2125 5062 de

557 5089 810 5157 gentibus
878 5090 1283 5158 praedictiones.
1371 5093 1453 5147 Ad
1513 5095 1868 5165 ignominiam
1926 5099 2125 5168 quippe

557 5180 731 5249 ipsius
753 5192 1025 5251 vergeret,
1056 5185 1102 5241 si
1140 5199 1421 5239 sermones
1442 5187 1562 5254 ejus
1581 5188 1692 5241 veri
1719 5203 1827 5242 non
1854 5188 2118 5254 fuissent;

559 5271 699 5340 guod
734 5282 913 5327 autem
950 5289 1113 5345 opere
1150 5276 1378 5346 perfecti
1412 5278 1544 5342 sint,
1593 5277 1649 5332 id
1694 5280 1868 5349 gloria
1911 5288 1966 5334 et
2005 5281 2124 5349 glo-

555 5364 714 5418 riatio
742 5365 864 5434 ejus
888 5375 991 5420 est.

2234 3358 2359 3424 ξατο
2389 3357 2443 3410 δὲ
2472 3360 2605 3428 ἡμῖν
2635 3356 2730 3426 τὴν
2764 3357 3122 3427 κληρονομίαν
3166 3357 3359 3411 sane")
3382 3397 3396 3420 ,
3440 3358 3505 3428 ἣν
3545 3359 3803 3427 ἐπηγγεί-

2230 3446 2359 3497 λατο
2408 3446 2483 3515 τῷ
2533 3445 2725 3499 ἑαυτοῦ
2778 3446 3071 3517 Ἀγαπητῴ
3121 3445 3318 3499 εἰπών·
3365 3448 3615 3513 Λῖτησαι
3664 3448 3799 3513 παρ’

2230 3536 2374 3604 ἐμοῦ
2394 3576 2406 3598 ,
2438 3536 2535 3589 καὶ
2566 3534 2735 3589 δώσω
2768 3553 2865 3589 σοι
2905 3536 3047 3602 ἔθνη
3075 3535 3187 3603 τὴν
3212 3537 3615 3605 κληρονομίαν
3643 3552 3759 3588 σου
3785 3577 3797 3598 ,

2194 3628 2323 3699 rami
2371 3627 2484 3694 τὴν
2528 3627 2901 3696 κατάσχεσίν
2958 3647 3071 3683 σου
3116 3628 3187 3682 τὰ
3241 3627 3465 3694 πέρατα
3513 3626 3621 3694 τῆς
3665 3625 3795 3695 γῆς.

2230 3720 2443 3789 Ταύτην
2476 3716 2568 3772 οὖν
2611 3718 2810 3789 δηλαδὴ
2856 3718 2951 3789 τὴν
2995 3716 3053 3782 ἐξ
3096 3718 3262 3771 ἐθνῶν
3315 3716 3636 3786 Ἐκκλησίαν
3671 3717 3800 3786 ἡμῖν

2229 3816 2337 3875 τοῖς
2366 3812 2677 3874 ἀποστόλοις
2704 3811 2866 3865 αὑτοῦ
2906 3809 3259 3880 ἐκλεξάμενος
3288 3810 3573 3879 διένειμεν.
3623 3807 3801 3860 Ἐκλε-

2232 3904 2329 3971 κτὴ
2373 3904 2478 3975 γάρ
2527 3905 2671 3955 ἐστιν
2714 3902 2881 3973 αὕτη,
2922 3902 3039 3955 κατ’
3075 3900 3300 3973 ἐκλογὴν
3342 3903 3405 3953 ἐκ
3440 3900 3653 3952 πάντων
3685 3897 3795 3951 τῶν

2229 3995 2396 4047 ἐθνῶν
2430 3996 2730 4057 ὑποστᾶσα,
2755 3996 2847 4047 καὶ
2877 3996 2935 4047 οὐ
2966 3994 3103 4047 κατὰ
3128 3993 3375 4064 διαδοχὴν
3406 3993 3617 4060 γένους.
3655 3991 3801 4045 Ἀντὶ

2227 4089 2284 4141 δέ
2303 4087 2418 4150 τοῦ,
2446 4087 2847 4155 κληρονομίαν
2877 4088 3111 4151 ἑαυτοῦ,
3137 4089 3185 4139 οἱ
3219 4085 3412 4149 λοιποὶ,
3443 4084 3555 4152 τὴν
3579 4087 3798 4151 κληρο-

2227 4181 2442 4249 νομίαν
2469 4178 2655 4247 ἡμῶν,
2692 4180 2747 4249 ἢ,
2784 4178 2897 4245 τὴν
2926 4178 3295 4247 κληρουχίαν
3337 4175 3523 4244 ἡμῶν,
3574 4170 3799 4228 ἐκδεδώ-

2230 4289 2406 4325 κασιν.
2453 4272 2659 4339 Ὥσπερ
2700 4271 2809 4341 γὰρ
2836 4271 2926 4323 ἐπὶ
2962 4269 3055 4322 τοῦ
3103 4270 3368 4342 προτέρου
3405 4267 3534 4321 λαοῦ
3561 4267 3658 4337 τὴν
3694 4267 3797 4337 γῆν

2228 4363 2559 4431 ἐπαγγελίας
2607 4363 2791 4433 κλήρῳ
2832 4362 3164 4432 διενείμαντο
3211 4362 3259 4414 οί
3309 4359 3444 4430 μετὰ
3494 4356 3669 4429 Ἰησοῦ
3703 4357 3797 4409 τοῦ

2228 4457 2385 4527 Ναυῆ
2407 4498 2420 4522 ,
2466 4458 2590 4520 τοὺς
2620 4458 2746 4527 πρὶν
2775 4458 3065 4528 οἰκήτορας
3100 4454 3480 4516 ἐκϐάλλοντες,
3516 4451 3605 4504 τὸν
3637 4450 3797 4503 αὑτὸν

2230 4549 2425 4619 τρόπον
2454 4549 2545 4602 καὶ
2576 4550 2624 4601 οἱ
2659 4549 2757 4619 τῆς
2788 4548 2881 4601 τοῦ
2914 4548 3048 4600 Θεοῦ
3087 4546 3361 4616 βασιλείας
3397 4545 3669 4615 κήρυκες,
3699 4540 3795 4612 τὴν

2234 4641 2523 4712 σύμπασαν
2581 4641 2900 4711 οίκουμένην
2936 4638 3231 4700 διελθόντες
3251 4679 3265 4702 ,
3315 4635 3548 4705 κατεκλη
3560 4633 3799 4705 ρώσαντο

2231 4734 2355 4795 τοὺς
2381 4732 2771 4803 προλεχθέντας
2796 4732 2956 4793 λαοὺς
2982 4770 2995 4793 ,
3016 4730 3141 4792 τοὺς
3170 4729 3391 4795 ἀφανεῖς
3421 4726 3515 4778 καὶ
3536 4724 3797 4796 ἁοράτους

2234 4826 2524 4895 πολεμίους
2559 4826 2865 4887 ἐλάσαντες.
2911 4823 3124 4891 Ταύτην
3164 4822 3263 4893 τὴν
3300 4818 3663 4890 κληρονομίαν
3700 4813 3797 4885 τὴν

2232 4917 2492 4987 καλλονὴν
2524 4916 2714 4969 Ἰακὼϐ
2747 4913 2884 4969 εἷναί
2928 4930 3119 4985 φησιν’
3165 4914 3197 4983 ἢ
3244 4910 3385 4963 κατὰ
3414 4909 3502 4962 τὸν
3545 4906 3794 4969 Ἀκύλαν,

2232 5008 2295 5060 τὸ
2326 5006 2655 5076 ὑπερφερὲς
2695 5006 2895 5061 Ἰακώϐ
2914 5024 2926 5035 ·
2960 5004 3099 5058 κατὰ
3137 5003 3192 5056 δὲ
3221 5003 3312 5056 τὸν
3350 5001 3664 5070 Σύμμαχον,
3692 4997 3801 5049 τὸν

2230 5098 2610 5167 ἐινθὸοξασμὸν
2648 5098 2844 5151 Ἰακώὸ
2860 5115 2872 5127 ·
2905 5096 3045 5150 κατὰ
3076 5094 3251 5163 δὲτὴν
3282 5093 3537 5161 πέμπτην
3565 5088 3800 5151 ἔκδοσιν,

2230 5190 2295 5242 τὸ
2338 5190 2615 5258 καύχημα
2668 5187 2883 5242 Ἰακώϐ.
2943 5186 3007 5239 Ἦ
3052 5186 3159 5254 γὰρ
3218 5182 3512 5252 Ἐκκλησία
3560 5176 3800 5248 Χριστος)

2229 5280 2486 5350 καύχημα
2518 5282 2612 5333 καὶ
2637 5280 2763 5345 δόξα
2789 5279 2881 5332 τοῦ
2916 5278 3142 5331 παλαιοῦ
3177 5275 3453 5347 προφήτου
3489 5268 3680 5324 Ἰακὼὸ
3713 5268 3805 5334 γέ-

2229 5389 2350 5439 γονε
2388 5372 2474 5425 διὰ
2502 5371 2598 5433 τὰς
2629 5372 2790 5424 αὐτοῦ
2828 5370 3020 5424 Ἰακὼὸ
3062 5371 3191 5439 περὶ
3226 5367 3332 5420 τῶν
3362 5366 3531 5418 ἐθνῶν
3563 5376 3805 5432 προανα-

554 5455 859 5523 φωνήσεις·
897 5454 1078 5521 ἀδοξία
1123 5458 1229 5528 γὰρ
1260 5452 1327 5528 ἦν
1357 5458 1499 5529 αὐτῷ
1534 5460 1594 5512 τὸ
1639 5460 1715 5532 μὴ
1754 5460 2119 5530 ἐπαληθεῦσαι
2158 5458 2325 5514 αὑτοῦ
2354 5463 2479 5526 τοὺς
2517 5462 2735 5531 λόγους·
2764 5464 2823 5517 τὸ
2856 5462 2909 5514 δὲ
2971 5464 3048 5524 εἰς
3110 5462 3243 5531 ἔργα
3278 5456 3648 5531 κεχωρηκέναι
3680 5451 3805 5516 δόξα

556 5544 647 5594 καὶ
674 5543 933 5617 καύχημα
960 5550 1146 5603 αὑτοῦ.

627 5785 647 5815 ⁸
688 5784 831 5843 Psal.
871 5806 943 5854 ιι,
977 5789 1025 5844 8.
