4138 6386
347 291 447 345 ιιτ

1483 291 1985 351 COMMENTABIA
2028 293 2091 348 ΙΝ
2131 295 2468 351 PSALMOS.

3501 299 3606 354 418

418 407 733 476 Ἄρχοντες
771 406 937 461 λαῶν
981 409 1388 478 συνήχθησαν·
1423 410 1576 480 μετὰ
1618 410 1726 465 τοῦ
1776 408 1923 465 Θεοῦ

2103 408 2272 466 Vens.
2319 410 2410 466 10.
2461 409 2736 480 Principes
2785 410 3100 480 populorum
3141 409 3442 482 congregati
3486 419 3607 464 sunt

353 499 620 568 Ἀϐραὰμ,
652 497 741 552 ὅτι
774 499 880 553 τοῦ
914 501 1061 554 Θεοῦ
1088 504 1142 554 ol
1165 501 1434 568 κραταιοὶ
1465 501 1577 571 τῆς
1619 502 1732 573 γῆς
1769 503 1922 572 σφό-

343 589 453 659 δρα
489 589 862 659 ἐπήρθησαν.
902 592 1060 648 Μετά
1087 593 1194 647 τῶν
1223 594 1398 648 ἄλλων
1435 594 1546 649 τῶν
1597 595 1925 668 προλεχθέν-

347 697 479 743 των,
511 681 606 734 καὶ¹
647 681 906 752 ἄρχοντες
941 681 1084 734 λαῶν
1111 683 1214 736 ὑπὸ
1247 683 1375 753 μίαν
1414 682 1758 754 συνήχθησαν
1803 683 1926 736 Ἐκ-

343 772 602 844 κλησίαν,
635 774 919 845 γενόμενοι
948 773 1075 839 λαὸς
1114 774 1209 828 τοῦ
1255 775 1396 832 Θεοῦ,
1433 775 1712 846 Ἀϐραάμ·
1751 773 1925 838 οὕτως

343 864 450 937 γὰρ
485 865 799 937 ἡρμήνευσε
837 866 1166 937 θαυμαστῶς
1197 869 1432 932 ἀποδοὺς
1461 870 1489 921 6
1520 867 1815 938 Σύμμαχος
1845 869 1923 919 εξ-

345 955 494 1010 πών’
539 958 851 1025 Ἄρχοντες
901 956 1068 1011 λαῶν
1118 959 1564 1027 ἡθροίσθησαν,
1617 959 1767 1024 λαός
1817 957 1922 1011 τοῦ

346 1047 494 1102 Θεοῦ
532 1047 797 1117 Ἀϐραάμ.
829 1050 890 1102 Οἱ
918 1048 1027 1120 γὰρ
1064 1050 1233 1103 πάλαι
1272 1051 1533 1123 ἄρχοντες
1559 1050 1666 1104 τῶν
1701 1049 1843 1103 λαῶν
1873 1051 1923 1103 οἱ

341 1137 747 1210 εἰδωλολάτραι,
775 1140 869 1192 καὶ
890 1140 1039 1214 πάσῃ
1069 1141 1457 1214 δεισιδαιμονίᾳ
1481 1143 1688 1213 πλάνης
1715 1143 1925 1196 ἐκδεδο-

347 1229 532 1300 μένοι,
560 1223 707 1284 οὗτοι
748 1231 866 1285 λαοὶ
897 1232 1150 1300 γεγόνασι
1192 1233 1286 1286 τοῦ
1331 1233 1467 1288 Θεοῦ
1521 1233 1799 1306 Ἀϐραὰμ,
1835 1234 1923 1286 τὸν

341 1321 476 1375 Θεὸν
513 1323 761 1395 Ἀϐραὰμ
791 1325 1126 1393 ἐπιγνόντες,
1159 1326 1252 1379 καὶ
1274 1325 1464 1378 τοῦτον
1497 1327 1554 1379 ἐν
1581 1329 1700 1390 ταῖς
1740 1328 1924 1398 εὐχαῖς

342 1413 730 1485 ἀναόοὼμενοι,
750 1417 843 1470 καὶ
869 1420 983 1488 μετ’
1013 1418 1181 1471 αὑτοῦ
1211 1417 1522 1490 ποιούμενοι
1551 1420 1649 1492 τὴν
1683 1419 1920 1474 σύνοδον.

345 1509 456 1562 Καὶ
483 1511 511 1562 6
539 1508 826 1563 Θεοδοτίων
859 1511 915 1564 δὲ
933 1552 947 1574 ,
981 1506 1059 1575 εἷς
1090 1513 1184 1565 καὶ
1209 1512 1370 1576 αὐτὸς
1397 1511 1504 1566 τῶν
1533 1512 1805 1584 ἐπιμελῶς
1835 1515 1925 1584 έρ-

347 1602 730 1674 μηνευσάντων
761 1605 1072 1675 τυγχάνων,
1102 1605 1303 1674 ὁμοίως
1331 1604 1409 1674 τῷ
1435 1606 1716 1676 Συμμάχῳ
1742 1607 1922 1677 ἡρμή-

342 1710 531 1748 νευσεν
560 1693 730 1748 εἰπών
750 1713 762 1724 ⁸
795 1697 1107 1764 Ἄρχοντες
1137 1695 1306 1751 λαῶν
1327 1698 1751 1765 συνήχθησαν,
1775 1697 1924 1764 λαὸς

2026 519 2146 556 cum
2176 503 2282 557 Deo
2313 502 2605 568 Abraham,
2647 505 2901 575 quoniam
2936 499 3025 558 Dei
3069 501 3234 572 fortes
3271 512 3426 557 terra:
3462 501 3598 556 velte-

2027 599 2227 646 menter
2271 592 2459 646 elevati
2508 602 2650 648 sunt.
2702 592 2838 649 Cum
2888 594 3166 664 praedictis
3221 592 3382 655 aliis,
3438 593 3607 647 etiam

2030 686 2304 756 principes
2339 687 2663 756 populorum
2695 687 2750 741 in
2787 703 2952 741 unam
2987 686 3306 756 congregati
3346 692 3477 751 sunt
3503 683 3606 738 Ec-

2028 779 2272 842 clesiam,
2294 778 2386 834 Dci
2415 780 2689 834 Abraham
2722 781 2956 849 pOpnlus
2980 779 3188 845 cﬂ'ecti;
3221 778 3412 848 sicque
3441 779 3608 831 mira-

2027 869 2210 924 biliter
2255 870 2652 941 interpretatus
2705 879 2789 927 est
2842 869 3206 942 Symmachus
3264 871 3350 934 his
3401 869 3606 932 verbis,

2030 958 2301 1028 Principes
2329 961 2642 1028 populorum
2676 961 2846 1014 coacti
2883 969 3026 1023 sunt,
3065 959 3287 1028 populus
3318 957 3415 1012 Dei
3436 957 3608 1012 Abra-

2026 1048 2171 1105 ham.
2210 1048 2490 1120 Siquidem
2519 1051 2596 1105 illi
2628 1051 2757 1104 olim
2787 1051 3068 1121 principes
3103 1039 3430 1119 populorum
3462 1048 3605 1103 idola

2027 1139 2290 1204 colentes,
2353 1140 2614 1209 omnique
2653 1141 3060 1210 superstitionis
3100 1139 3275 1194 errori
3313 1138 3519 1205 dediti;
3550 1136 3604 1191 hi

2028 1233 2212 1302 populi
2245 1231 2338 1287 Dei
2369 1232 2643 1287 Abraham
2686 1232 2815 1286 facti
2865 1239 3020 1298 sunt,
3058 1232 3279 1302 cognito
3310 1229 3605 1284 Abrahami

2029 1320 2160 1385 Deo,
2195 1337 2318 1376 eum
2356 1323 2410 1376 in
2448 1323 2703 1393 precibus
2741 1324 3064 1377 invocantes
3091 1363 3103 1386 ,
3150 1333 3314 1393 alque
3362 1337 3488 1377 cum
3541 1337 3608 1375 eo

2028 1419 2205 1468 ccetus
2240 1420 2484 1482 agentes.
2521 1413 2825 1469 Theodotio
2868 1416 2994 1471 item
3031 1415 3125 1484 qui
3175 1430 3205 1470 e
3240 1428 3469 1468 numero
3518 1427 3606 1466 ae-

2027 1507 2361 1560 curatiorum
2395 1507 2754 1577 interpretum
2786 1518 2888 1575 est,
2909 1510 3023 1578 pari
3044 1517 3210 1577 atque
3239 1506 3608 1578 Symmachus

2028 1599 2191 1653 modo
2218 1598 2610 1667 interpretatus
2645 1607 2727 1655 est
2763 1600 2847 1654 his
2878 1601 3062 1655 verbis
3086 1641 3099 1663 ,
3129 1599 3406 1668 Principes
3441 1614 3605 1668 popu-

2029 1689 2200 1744 lorum
2238 1692 2540 1761 congregati
2582 1702 2725 1755 sunt,
2757 1692 2984 1761 populus
3019 1693 3113 1746 Dei
3144 1692 3439 1750 Abraham.
3492 1692 3606 1746 Cur

342 1785 452 1841 τοῦ
476 1786 624 1841 Θεοῦ
660 1757 934 1857 Ἀϐραάμί
957 1788 1057 1842 Διὰ
1082 1757 1131 1842 τί
1163 1789 1218 1842 δὲ
1244 1791 1291 1843 οἱ
1325 1757 1752 1861 Ἑϐδομήκοντα,
1773 1757 1925 1860 μετά

2031 1757 2386 1855 Septuaginta
2426 1757 2790 1858 interpretes,
2826 1757 2950 1842 cum
2983 1786 3092 1840 Deo
3122 1785 3425 1851 Abraham,
3457 1785 3602 1839 dixe-

341 1877 451 1932 τοῦ
496 1877 642 1932 Θεοῦ
690 1880 966 1949 Ἀϐραὰμ,
999 1882 1290 1953 εἰρήκασι;
1329 1881 1548 1952 Ἐπειδὴ
1581 1883 1616 1952 ἡ
1661 1881 1925 1953 Ἐὁραῖκὴ

343 1969 496 2041 φωνὴ
527 1972 637 2033 τοῖς
663 1971 844 2034 αὐτοῖς
874 1973 1160 2043 στοιχείοις
1190 1973 1390 2045 γράφει
1419 1973 1500 2039 τὸ,
1525 1973 1694 2043 μετὰ,
1720 1975 1814 2029 καὶ
1842 1977 1923 2040 τὸ,

340 2063 513 2129 λαός.
544 2064 775 2136 Εἴρηται
807 2065 934 2136 γὰρ,
966 2067 1062 2135 ἀμ’
1089 2067 1305 2137 Ἐλοΐμ·
1334 2067 1362 2120 ὂ
1390 2068 1612 2124 δύναται
1640 2071 1756 2136 καὶ,
1774 2071 1928 2141 μετά

333 2154 450 2208 τοῦ
471 2157 642 2223 Θεοῦ,
665 2157 939 2226 λέγεσθαι,
970 2160 1084 2224 καὶ,
1113 2159 1264 2226 λαὸς
1294 2160 1401 2214 τοῦ
1435 2161 1603 2217 Θεοῦ.

419 2259 440 2270 ’
510 2271 644 2324 ΩΔΠ
683 2271 983 2326 ΨΑΛΜΟΥ
1021 2275 1176 2327 ΤΟΙΣ
1215 2275 1396 2328 ΥΙΟῘΣ
1433 2267 1614 2331 ΚΟΡΕ
1653 2279 1783 2332 MZ'.

415 2381 610 2452 Μέγας
630 2385 841 2452 Κύριος
861 2385 955 2439 καὶ
980 2388 1212 2454 αἰνετός
1242 2389 1496 2458 σφόδρα,
1531 2391 1601 2445 ἐν
1623 2395 1796 2446 πόλει
1820 2393 1926 2447 τοῦ

349 2475 496 2529 Θεοῦ
528 2475 716 2544 ἡμῶν,
735 2477 803 2530 ἐν
825 2476 944 2545 ὄρει
984 2480 1129 2548 ἁγίῳ
1155 2480 1343 2534 αὑτοῦ
1369 2481 1601 2551 εὺρίζῳ’
1633 2484 1925 2553 ἀγαλλιά-

341 2583 482 2636 ματι
513 2567 719 2638 πάσης
767 2569 878 2637 τῆς
911 2569 1040 2642 γῆς,
1079 2571 1189 2640 ὄρη
1221 2572 1375 2627 Σιὼν
1397 2615 1411 2638 ,
1451 2574 1524 2628 τὰ
1555 2577 1788 2644 πλευρὰ
1819 2575 1926 2630 τοῦ

345 2659 558 2728 Βορῤἆ,
584 2663 622 2728 ἠ
654 2663 830 2728 πόλις
862 2663 966 2718 τοῦ
989 2665 1294 2732 ,ϐασιλέως
1323 2665 1429 2721 τοῦ
1451 2667 1740 2737 μεγάλου.
1767 2670 1927 2741 Τρεῖς

349 2753 449 2824 μὲν
475 2753 524 2806 οἱ
553 2753 760 2824 πρῶτοι
793 2758 1261 2830 ἐπιγεγραμμένοι
1289 2758 1406 2812 τῶν
1434 2759 1579 2813 υἱῶν
1615 2761 1763 2828 Κορὲ
1791 2778 1926 2833 συμ-

345 2848 518 2917 φορᾶς
563 2847 657 2898 καὶ
691 2846 868 2920 λύπης
911 2853 1182 2922 περιεῖχον
1228 2850 1449 2920 λόγους·
1493 2855 1522 2906 6
1563 2853 1623 2906 δὲ
1669 2854 1926 2926 τέταρτος

351 2936 654 3010 μεταϐολὴν
703 2941 796 2993 ἐπὶ
847 2938 907 2994 τδ
968 2944 1322 3016 φαιδρότερον
1386 2945 1608 3015 ἐδήλουο
1673 2946 1753 2999 διὸ
1801 2947 1925 3016 ᾠδὴ

345 3028 634 3099 ἐτύγχανεν
669 3031 822 3101 ὑπὲρ
865 3033 972 3087 τοῦ
1036 3035 1362 3105 Ἀγαπητοῦ
1385 3053 1399 3066 ·
1450 3036 1709 3100 ὡσαύτως
1757 3038 1849 3091 ml.
1898 3041 1926 3092 6

341 3121 594 3190 ’πέμπτος
613 3164 626 3186 ,
663 3125 812 3193 ὑπὲρ
843 3124 961 3178 τῶν
990 3129 1255 3195 κρυφίων
1281 3123 1348 3199 ἦν
1368 3145 1382 3158 ο
1413 3128 1550 3182 ἀλλὰ
1583 3129 1678 3183 ml
1707 3133 1734 3183 6
1766 3130 1923 3194 ἕκτος

344 3215 544 3286 ὁμοίως
585 3217 798 3287 ψαλμὸς
837 3213 924 3288 ἦν.
975 3219 1030 3272 '0
1059 3219 1116 3271 δὲ
1154 3221 1288 3290 μετὰ
1325 3224 1530 3292 χεῖρας,
1567 3223 1787 3293 μείζονα
1817 3223 1924 3279 τῶν

347 3306 655 3378 ἔμπροσθεν
678 3309 954 3379 θεολογίαν
979 3311 1502 3382 περιέχων,εἰκότως
1521 3314 1656 3386 ᾨδὴ
1678 3316 1924 3386 ψαλμοῦ

346 3399 470 3466 τοῖς
492 3401 644 3467 υὶοῖς
676 3402 827 3470 Κορὲ
857 3403 1254 3476 ἐπιγέγραπται
1276 3421 1289 3435 ·
1321 3407 1460 3460 κατὰ
1495 3407 1554 3459 τὸ
1581 3408 1712 3461 αὐτὸ
1741 3408 1848 3480 γὰρ
1875 3411 1923 3462 οἱ

349 3491 450 3562 μὲν
496 3491 584 3545 διὰ
615 3493 798 3563 φωνῆς
843 3495 1180 3559 ἀναϐοῶντες
1225 3494 1426 3566 ὕμνουν
1460 3497 1548 3550 τὸν
1596 3497 1760 3561 Θεὸν,
1791 3499 1840 3551 οἱ
1867 3499 1924 3551 δὲ

345 3582 414 3638 δι’
449 3585 694 3656 ὀργάνων
726 3587 1001 3658 μουσικῶν
1037 3589 1137 3660 τὴν
1167 3589 1336 3660 αὐτὴν
1371 3590 1728 3660 ἀνεκρούοντο
1759 3590 1922 3662 ᾠδὴν,

345 3674 424 3746 τῷ
453 3678 605 3746 μέλει
631 3678 916 3748 σύμφωνον
948 3680 1260 3751 ποιούμενοι
1286 3682 1386 3753 τὴν
1413 3683 1699 3753 ἁρμονίαν.
1719 3683 1925 3754 ’Ύμνον

345 3769 403 3824 δὲ
439 3773 578 3844 ὑπὲρ
609 3774 707 3844 τῆς
743 3774 1065 3845 Ἐκκλησίας
1099 3777 1483 3848 ἀναπέμπουσι
1523 3777 1599 3848 τῷ
1632 3778 1732 3842 τὰς
1785 3780 1926 3832 κατά

343 3862 455 3916 τῶν
484 3865 757 3936 πολεμίων
796 3867 954 3930 νίκας
981 3869 1241 3940 ἀραμένῳ
1264 3909 1278 3931 ,
1326 3871 1420 3924 καὶ
1465 3869 1562 3941 τὴν
1599 3871 1926 3942 Ἐκκλησίαν

347 3955 510 4010 αὐτοῦ
557 3957 657 4026 τῆς
699 3961 901 4031 πικρᾶς
940 3961 1034 4013 καὶ
1085 3955 1334 4033 χαλεπῆς
1367 3962 1608 4026 δουλείας
1651 3961 1927 4033 λυτρωσα-

351 4048 515 4118 μένῳ.
576 4050 632 4102 '0
685 4051 782 4121 μὲν
831 4047 924 4104 οὖν
975 4053 1081 4123 πρὸ
1126 4053 1317 4106 τούτου
1370 4054 1768 4126 παρεκελεύετο
1814 4059 1926 4119 τοῖς

349 4138 526 4192 ἔθνεσι
557 4145 769 4213 κροτεῖν
801 4143 895 4196 καὶ
931 4143 1217 4208 ἀλαλάζειν
1245 4145 1322 4216 τῷ
1344 4145 1463 4216 Θεῷ
1488 4148 1544 4200 ἐν
1575 4149 1725 4218 φωνῇ
1759 4147 1926 4216 ἀγαλ-

347 4227 578 4295 λιάσεως
603 4273 618 4296 ,
649 4233 742 4285 καὶ
777 4232 999 4302 ψάλλειν
1027 4234 1175 4306 αὐτῷ
1195 4278 1209 4303 ,
1245 4235 1334 4289 ὅτι
1369 4236 1672 4303 ,ϐασιλεὺς
1721 4237 1926 4307 πάσης

345 4321 456 4396 τῆς
498 4322 611 4392 γῆς
634 4327 666 4378 ὀ
697 4327 872 4391 Θεός·
906 4326 1127 4396 ψάλλειν
1153 4345 1213 4380 τε
1243 4329 1498 4392 συνετῶς,
1530 4329 1761 4402 ἐπείπερ
1799 4329 1927 4382 ἐϐα-

347 4413 590 4471 σίλευσεν
633 4417 723 4469 ἐπὶ
747 4417 815 4470 τὰ
851 4417 997 4491 ἔθνη.
1033 4420 1180 4472 Ἔδει
1209 4420 1266 4473 δὲ
1294 4421 1420 4485 τοὺς
1464 4421 1925 4493 κεκελευσμένους

344 4505 518 4560 ταῦτα
557 4508 837 4580 πράττειν,
870 4511 1079 4565 καὶτὸν
1103 4513 1303 4584 τρόπον
1327 4512 1422 4566 τοῦ
1455 4513 1793 4586 ἀλαλαγμοῦ,
1829 4515 1923 4569 ml

341 4599 435 4653 τὸν
473 4600 686 4671 ψαλμὸν
735 4602 894 4656 αὐτὸν
934 4603 1010 4668 ὡς
1048 4604 1200 4676 παρὰ
1227 4603 1544 4659 διδασκάλου
1592 4605 1782 4678 μαθεῖν
1804 4625 1816 4638 ’
1844 4606 1926 4660 διὸ

345 4694 659 4762 ἀναγκαίως
682 4698 710 4748 6
732 4695 919 4768 παρὼν
952 4695 1109 4766 λόγος
1136 4696 1295 4752 τοῦτο
1319 4699 1577 4755 διδάσκει.
1603 4699 1922 4754 Παιδεύεται

343 4785 523 4839 τοίνυν
554 4786 623 4840 τὰ
655 4787 780 4860 ἔθνη
808 4789 876 4843 τὰ
911 4788 970 4856 ἐξ
1004 4789 1294 4862 ἀθεότητος
1314 4792 1418 4862 ξὲπὶ
1442 4792 1540 4864 τὴν
1576 4793 1755 4846 ἔνθεον
1780 4792 1923 4846 διδα-⁵

347 4879 571 4934 σκαλίαν
596 4882 896 4955 μεταϐεὸλη
906 4883 1041 4954 μένα
1066 4884 1158 4938 τὸν
1183 4885 1390 4938 ἑαυτῶν
1420 4884 1694 4955 θεολογεῖν
1719 4886 1924 4958 Κύριον

345 4971 442 5024 ml.
462 4971 668 5040 λέγειν·
694 4971 894 5043 Μέγας
921 4975 1137 5042 Κύριος
1160 4976 1255 5028 καὶ
1289 4974 1524 5042 αἰνετός
1555 4975 1791 5046 σφόδρα
1812 4994 1825 5006 ·
1854 4978 1921 5048 ἦ,

346 5061 446 5117 καὶ
489 5064 753 5132 ὑμνητὸς
787 5065 1056 5134 σφόδρα,
1091 5066 1233 5120 κατὰ
1265 5067 1392 5131 τοὺς
1422 5067 1660 5132 λοιπούς.
1693 5069 1924 5140 Νοήσεις

344 5153 402 5206 δὲ
434 5154 582 5216 ὅπως
613 5155 785 5226 μέγας
816 5155 1030 5227 εἴρηται
1050 5197 1064 5219 ,
1095 5155 1403 5226 ἀναϐλέψας
1435 5159 1514 5221 εἰς
1549 5155 1640 5209 τὸν
1672 5156 1923 5228 οὐρανὸν,

346 5245 441 5296 καὶ
485 5243 576 5297 τὸν
610 5245 899 5318 σύμπαντα
947 5246 1318 5319 περιαθρήσας
1361 5248 1596 5319 κόσμον,
1642 5249 1783 5303 κατὰ
1833 5249 1924 5302 τὸν
1963 5286 1966 5290 λ

359 5333 586 5388 Ἡσαΐαν
617 5336 864 5409 φήσαντα
881 5355 894 5369 ·
940 5339 1221 5407 Ἐπάρατε
1246 5343 1332 5405 εὶς
1353 5339 1511 5408 ὕψος
1540 5340 1682 5407 τοὺς
1707 5341 1928 5410 escom-

346 5425 498 5495 μοὺς
529 5427 714 5496 ὑμῶν,
740 5430 835 5482 καὶ
861 5430 1014 5483 ἴδετε
1038 5432 1129 5496 τίς
1158 5430 1458 5495 κατέδειξε
1490 5431 1674 5484 ταῦτα
1707 5431 1921 5484 πάντα

346 5517 417 5570 ἐκ
451 5521 741 5587 μεγέθους
777 5525 885 5590 γὰρ
923 5522 1020 5575 καὶ
1061 5521 1371 5588 καλλονῆς
1410 5522 1751 5592 κτισμάτων
1784 5524 1928 5576 dra-

346 5609 447 5679 .qu
464 5627 543 5674 ως
571 5615 602 5663 ὁ
629 5613 1046 5684 γενεσιουργὸς
1071 5605 1393 5683 θεωρεῖται)
1421 5615 1481 5667 οὐ
1516 5613 1810 5685 σωματικῷ
1840 5633 1926 5686 με·

424 5766 445 5796 ⁸
485 5769 588 5849 ise.
619 5783 687 5822 ιι.
708 5806 723 5828 .
754 5767 844 5822 26.

2027 1884 2195 1938 runt?
2239 1884 2376 1952 Quia
2408 1883 2681 1939 Hebraica
2715 1898 2815 1936 vox
2848 1879 3146 1952 ipsissimis
3192 1878 3478 1934 elementis
3507 1892 3604 1932 ex-

2027 1977 2212 2046 primit
2240 1977 2394 2045 illud,
2428 1995 2568 2042 cum,
2601 1987 2654 2035 et
2675 1977 2831 2044 illud,
2858 1976 3082 2045 populus
3109 1991 3127 2027 :
3151 1989 3276 2027 nam
3314 1973 3395 2028 sic
3421 1971 3605 2036 habet,

2028 2085 2112 2122 am
2139 2069 2533 2142 Elolzim,quod
2556 2077 2630 2136 et,
2661 2087 2779 2126 cum
2805 2069 2937 2132 Deo,
2970 2075 3052 2132 et,
3088 2066 3313 2136 populus
3361 2065 3482 2131 Dei,
3512 2079 3601 2120 cx-

2026 2160 2216 2231 plicari
2249 2168 2448 2232 potest.

2098 2275 2148 2329 1.
2175 2273 2526 2330 CANTICUM
2566 2275 2818 2330 PSALM‘I
2853 2274 3055 2329 FlLlIS
3092 2273 3275 2330 CORE
3312 2271 3521 2329 XLVII.

2099 2385 2264 2443 Vens.
2301 2387 2356 2452 2,
2389 2389 2443 2444 5.
2475 2385 2704 2458 Magnus
2731 2386 2992 2440 Dominus
3017 2394 3066 2439 et
3099 2386 3390 2440 laudabilis
3432 2385 3605 2450 valde.

2027 2481 2082 2536 in
2114 2481 2324 2534 civitate
2358 2479 2450 2534 Dei
2481 2480 2671 2545 nostri,
2698 2481 2753 2534 in
2780 2489 2953 2534 monte
2975 2489 3160 2534 sancto
3192 2481 3329 2548 ejus,
3374 2477 3497 2533 bene
3521 2495 3606 2532 ra-

2025 2574 2236 2637 dicato;
2260 2573 2584 2643 jubilatione
2618 2573 2877 2626 universa:
2905 2580 3086 2638 ταντα,
3117 2583 3320 2626 montes
3349 2571 3498 2636 Sion,
3526 2571 3601 2625 la-

2029 2674 2142 2718 tera
2194 2664 2483 2734 aquilonis,
2522 2663 2709 2716 civitas
2758 2663 2895 2732 regis
2952 2664 3151 2732 magni.
3215 2661 3350 2717 Tres
3398 2663 3604 2733 priores

2027 2756 2246 2828 psalmi,
2286 2757 2380 2827 qui
2410 2755 2645 2826 ﬁliorum
2681 2752 2815 2811 Core
2849 2755 3096 2826 inscripti
3130 2762 3282 2817 sunt,
3323 2755 3594 2808 calamita-

2026 2851 2100 2906 tis
2131 2849 2451 2920 dolorisque
2480 2850 2644 2904 verba
2679 2850 3123 2920 complectuntur
3151 2867 3164 2904 :
3196 2855 3430 2917 quartus
3482 2861 3602 2900 mu-

2027 2942 2760 3012 tationeminjucundiorem
2783 2950 2985 2998 statum
3011 2940 3353 3012 signiﬁcabat
3378 2959 3389 2993 :
3415 2954 3604 3010 quare,

2029 3031 2308 3088 Canticum
2343 3048 2438 3102 pro
2461 3032 2650 3087 dilecto
2679 3074 2694 3097 ,
2721 3033 3040 3089 inscribitur
3066 3052 3079 3100 ;
3121 3033 3369 3087 similiter
3386 3032 3602 3102 quintus

2027 3141 2122 3194 pro
2145 3125 2365 3178 occultis
2383 3135 2500 3179 erat
2530 3143 2541 3178 :
2575 3132 2763 3180 sextus
2787 3125 2914 3180 item
2942 3125 3194 3179 similiter
3211 3123 3455 3194 psalmus
3469 3136 3604 3177 erat.

2033 3216 2136 3272 Hic
2165 3219 2514 3287 vero,'qucm
2536 3225 2855 3279 tractamus,
2888 3217 3146 3286 majorem
3168 3233 3330 3288 quam
3362 3217 3601 3286 superio-
3633 3279 3644 3288 _

2027 3325 2117 3364 res
2150 3309 2519 3379 complectens
2557 3308 3084 3378 theologiam,jure,
3106 3308 3384 3364 Canticum
3417 3312 3609 3380 psalmi

2027 3400 2156 3470 ﬁliis
2183 3399 2336 3464 Core,
2374 3399 2672 3469 inscriptus
2697 3406 2830 3463 est':
2868 3415 2974 3452 una
3007 3401 3152 3454 enim
3193 3401 3270 3454 illi
3298 3402 3523 3458 vocibus
3554 3411 3604 3456 et

2027 3489 2266 3544 clamore
2319 3488 2489 3544 Deum
2538 3489 2925 3557 celebrabant;
2960 3491 3012 3544 hi
3061 3507 3191 3546 vero
3228 3493 3602 3551 instrumentis

2026 3581 2255 3636 musicis
2289 3581 2428 3636 idem
2459 3582 2753 3651 pulsabant
2781 3584 3080 3647 canticum,
3117 3599 3227 3638 uno
3250 3595 3519 3641 concentu
3543 3602 3600 3642 ac

2028 3673 2402 3728 modulatione
2465 3674 2812 3728 harmoniam
2863 3677 3278 3731 concinnantes.
3331 3677 3605 3748 Hymnnm

2026 3779 2158 3818 vero
2187 3779 2291 3834 pro
2315 3763 2562 3820 Ecclesia
2593 3767 2848 3820 emittunt
2876 3767 2946 3830 ei,
2980 3769 3074 3838 qui
3120 3769 3188 3824 de
3219 3769 3457 3824 inimicis
3494 3771 3597 3826 vic-

2015 3846 2222 3911 toriam
2246 3859 2570 3928 reportavit,
2599 3867 2652 3912 et
2686 3857 2984 3913 Ecclesiam
3011 3877 3167 3916 suam
3191 3861 3258 3917 ab
3289 3864 3484 3919 acerba
3517 3864 3604 3918 illa

2027 3961 2080 4003 et
2109 3950 2244 4003 dura
2274 3950 2537 4005 servitute
2569 3951 2839 4007 liberavit.
2881 3951 3207 4010 Praecedens
3248 3955 3430 4025 itaque
3460 3957 3602 4026 [δεδι.

2028 4057 2150 4096 mus
2180 4043 2434 4112 gentibus
2464 4043 2843 4113 praecipiebat,
2879 4053 2938 4100 ut
2970 4047 3289 4117 plauderent
3311 4057 3365 4104 et
3397 4050 3603 4119 jubila-

2026 4145 2151 4190 rent
2183 4135 2292 4190 Deo
2318 4137 2373 4190 in
2414 4151 2548 4191 voce
2588 4137 2999 4205 exsultationis,
3037 4155 3100 4194 ac
3151 4143 3442 4211 psallerent
3477 4145 3605 4215 ipsi,

2027 4230 2278 4301 quoniam
2329 4243 2420 4282 rex
2465 4231 2634 4283 omnis
2686 4239 2842 4285 terra:
2897 4230 3038 4285 Deus
3074 4249 3092 4285 :
3123 4235 3421 4302 psallerent
3479 4237 3605 4292 item

2027 4323 2324 4391 sapienter,
2359 4321 2488 4390 quia
2527 4323 2773 4392 regnavit
2797 4323 2850 4377 in
2895 4331 3108 4393 gentes.
3138 4324 3395 4396 Oportuit
3424 4337 3604 4384 autem

2025 4415 2213 4486 jussos
2251 4415 2441 4470 isthacc
2475 4431 2653 4487 agere,
2684 4424 2847 4485 atque
2876 4416 3220 4485 jubilationis
3256 4419 3478 4474 modum
3521 4422 3605 4492 ip-

2030 4526 2260 4580 sumque
2285 4511 2557 4581 psalmum
2588 4513 2746 4582 quasi
2777 4527 2806 4565 a
2846 4511 3108 4581 magistro
3162 4512 3440 4579 ediscere;
3471 4529 3608 4582 qua-

2028 4615 2252 4674 pmpter
2271 4618 2378 4668 ere
2401 4619 2650 4675 praesens
2679 4616 2861 4659 sermo
2886 4601 2942 4655 id
2992 4603 3204 4658 edocet.
3237 4601 3606 4660 instituuntur

2029 4691 2213 4767 itaque
2240 4705 2450 4768 gentes,
2483 4713 2549 4752 ex
2581 4698 2861 4768 impietate
2899 4695 2966 4750 ad
3010 4695 3251 4750 divinam
3292 4696 3600 4752 doctrinam

2029 4789 2328 4852 translatae,
2360 4797 2420 4844 ut
2451 4787 2739 4843 Dominum
2776 4789 2977 4845 divinis
3018 4789 3181 4844 dictis
3230 4789 3504 4844 celebrent
3540 4805 3604 4844 ac

2028 4879 2212 4933 dicant
2239 4899 2250 4933 :
2277 4877 2506 4949 Magnus
2540 4879 2797 4934 Dominus
2838 4889 2888 4934 et
2926 4879 3213 4933 laudabilis
3241 4879 3425 4944 valde;
3455 4883 3601 4946 sive,

2026 4980 2076 5025 et
2106 4971 2448 5026 celebrandas
2484 4971 2656 5036 valde,
2686 4972 2986 5027 secundum
3019 4972 3280 5041 reliquos.
3301 4971 3480 5027 Probe
3508 4989 3604 5027 au-

2029 5071 2136 5118 tem
2187 5064 2459 5133 intelligas
2492 5079 2661 5132 quare
2703 5080 2935 5134 magnus
2959 5063 3208 5129 dicatur,
3241 5066 3288 5120 si
3335 5067 3603 5135 respicias

2028 5158 2084 5210 in
2107 5157 2305 5210 coelum
2328 5195 2344 5220 ,
2379 5156 2424 5210 si
2471 5165 2648 5210 totum
2693 5157 2880 5210 orbem
2928 5157 3368 5225 circumspicias,
3403 5172 3602 5211 secun-

2029 5251 2157 5304 dum
2239 5247 2434 5303 Isaiam
2505 5249 2585 5303 sic
2642 5249 3264 5319 loquentem:Attollite
3330 5250 3386 5302 in
3434 5249 3604 5305 altum

2032 5339 2215 5394 Oculos
2238 5348 2457 5401 vestros,
2485 5346 2535 5392 et
2563 5339 2730 5392 videte
2751 5339 2866 5406 quis
2897 5338 3125 5391 ostendit
3150 5335 3262 5390 haec
3285 5337 3464 5389 omnia
3494 5352 3512 5390 :
3541 5351 3606 5390 ea:

2030 5431 2392 5504 magnitudine
2416 5432 2557 5486 enim
2586 5440 2953 5486 creaturarum
2972 5470 2986 5493 ,
3015 5431 3353 5500 proportione
3371 5429 3605 5506 quadam

2029 5537 2240 5581 creator
2269 5525 2668 5594 conspicitur‘;
2703 5538 2810 5578 non
2868 5522 3248 5594 magnitudine
3298 5536 3562 5592 corporea
3586 5562 3603 5584 ,

2032 5619 2126 5675 sed
2152 5617 2697 5690 incomprehensibili
2728 5616 2932 5672 virtute
2957 5633 2972 5684 ;
3006 5615 3117 5670 imo
3147 5617 3311 5672 etiam
3339 5615 3607 5686 sapientis
