4138 6386
556 361 663 413 419

1288 352 1559 409 EUSEBII
1596 349 2080 410 CESARIENSIS
2111 352 2262 411 OPP.
2305 352 2487 409 PARS
2525 352 2612 409 Ill.
2636 385 2704 394 —
2728 352 3143 413 EXEGETICA.

3727 362 3830 419 420

556 488 787 546 magnus
809 482 913 539 est,
944 473 1189 529 bonitate
1207 512 1223 539 ,
1248 473 1541 529 tolerantia
1567 513 1583 538 ,
1623 473 1937 539 clementia,
1968 483 2126 529 caete-

2232 475 2404 545 γὲθει,
2441 475 2667 545 δυνάμει
2694 475 2750 528 δὲ
2780 475 3156 547 ἀκαταλήπτῳ
3177 490 3191 504 ’
3226 474 3363 530 ἀλλά
3395 477 3489 531 καὶ
3536 476 3697 550 σοφίᾳ
3734 481 3826 552 μέ-

554 567 738 637 risque
770 567 825 622 in
850 580 917 621 eo
944 566 1195 637 cogitatis
1226 564 1430 621 divinis
1451 566 1785 629 virtutibus;
1838 582 2009 637 quare
2052 567 2136 621 di-

558 666 707 711 ctum
730 664 815 713 est
842 672 855 711 :
898 654 966 709 Et
994 655 1404 726 cogitationibus
1436 655 1541 709 tuis
1567 671 1671 711 non
1705 667 1783 712 est
1823 658 1912 727 qui
1940 658 2134 712 similis

553 753 623 805 sit
656 750 750 804 tibi
768 751 811 804 ⁷.

622 958 829 1015 Atheos
882 957 1196 1030 quosdam,
1253 965 1307 1014 et
1354 958 1633 1014 daemones
1700 957 2135 1013 ineantationum

556 1069 807 1115 auctores
840 1057 1086 1132 [carpit],
1119 1058 1213 1128 qui
1240 1073 1469 1129 regnum
1500 1073 1660 1112 suum
1691 1057 1748 1111 in
1781 1066 1923 1113 terra
1952 1058 2137 1112 ﬁrma-

556 1154 648 1219 vit,
680 1161 733 1207 et
764 1152 947 1205 omnia
976 1152 1130 1221 prius
1163 1160 1482 1206 enumerata
1515 1151 1570 1205 in
1596 1151 1911 1206 hominibus
1936 1150 2131 1221 imple-

555 1251 649 1306 vit.
682 1249 868 1319 Neque
895 1250 1071 1305 solum
1104 1264 1336 1319 magnus
1358 1259 1460 1316 est,
1494 1250 1588 1305 sed
1626 1252 1790 1305 etiam
1840 1251 2135 1308 laudabilis

555 1343 710 1397 valde
744 1361 756 1396 :
794 1359 903 1397 non
932 1342 1151 1412 quidem
1192 1343 1335 1412 apud
1370 1359 1563 1399 omnes
1595 1360 1696 1399 nec
1727 1344 1783 1399 in
1815 1346 1965 1399 omni
1988 1345 2130 1409 loco,

554 1433 647 1488 sed
680 1433 733 1486 in
756 1432 977 1487 civitate
1008 1432 1103 1487 Dei
1133 1434 1307 1487 nostri
1346 1444 1401 1488 et
1446 1435 1501 1489 in
1542 1443 1728 1491 monte
1764 1444 1956 1491 sancto
1988 1438 2131 1506 ejus.

554 1524 689 1591 Quia
714 1526 749 1579 ii
779 1526 872 1597 qui
896 1535 1050 1580 extra
1080 1524 1355 1582 civitatem
1378 1528 1498 1599 ejus
1523 1535 1672 1593 sunt,
1699 1529 1896 1584 divinae
1928 1530 2134 1584 doctri-

553 1642 633 1682 nae
670 1628 930 1697 imperiti,
978 1629 1237 1684 nesciunt
1276 1643 1386 1699 quo
1430 1636 1595 1699 pacto
1626 1627 1992 1686 celebrandus
2036 1630 2127 1697 sit,

551 1743 649 1783 uec
678 1728 839 1800 digne
867 1729 1053 1784 divina
1076 1731 1225 1799 loqui
1250 1738 1517 1800 possunt;
1550 1744 1725 1801 quare
1756 1729 2128 1785 venerandum

552 1817 683 1872 illud
707 1833 929 1885 nomen,
961 1818 1028 1873 ad
1054 1820 1409 1873 inanimatam
1444 1820 1730 1876 materiam
1753 1819 2128 1890 projecerunt,
2168 1838 2207 1893 Β

552 1920 642 1965 aut
688 1911 748 1967 in
783 1912 1103 1967 animalium
1152 1912 1614 1968 irrationabilium
1659 1928 1885 1985 genera,
1921 1913 2037 1968 sive
2074 1913 2130 1967 in

552 2004 834 2071 elementa,
856 2011 1080 2069 terram,
1114 2019 1334 2074 aquam,
1358 2019 1561 2070 aerem,
1594 2004 1773 2076 ignem
1797 2021 1810 2071 ;
1835 2005 1951 2061 sive
1966 2006 2131 2061 etiam

553 2095 610 2149 in
642 2096 833 2150 mundi
862 2103 1046 2166 partes
1076 2114 1088 2149 :
1118 2107 1280 2166 atque
1314 2097 1407 2151 alii
1445 2096 1553 2151 alio
1582 2097 1690 2151 ritu
1735 2096 1804 2152 de
1832 2096 1943 2152 Deo
1967 2096 2132 2166 impie

550 2201 871 2260 senserunt;
906 2194 1112 2249 idcirco
1145 2209 1270 2249 cum
1310 2193 1474 2250 alieni
1494 2202 1679 2250 essent
1704 2208 1736 2248 a
1759 2193 1980 2249 civitate
1999 2192 2127 2259 Dei,

550 2300 580 2338 a
613 2300 743 2340 vero
772 2285 976 2356 hymno
1006 2287 1143 2357 lapsi
1178 2294 1328 2342 sunt.
1360 2286 1567 2342 Civitas
1600 2299 1768 2356 porro
1796 2284 1894 2339 Dei
1927 2285 2127 2352 nostri,

551 2377 797 2433 Ecclesia
842 2386 947 2443 est,
976 2393 1096 2448 qua:
1129 2394 1295 2449 supra
1325 2377 1544 2447 eloquio
1572 2375 1887 2446 huiusmodi
1922 2376 2131 2431 indica-

548 2468 979 2525 turzFluminis
1033 2473 1261 2541 impetus
1311 2471 1592 2540 laeti/itaut
1662 2470 1929 2523 civitatem
1982 2468 2129 2523 Dei:

548 2556 899 2631 sanctiﬁcavlt
934 2561 1335 2616 tabernaculum
1364 2576 1517 2615 suum
1535 2558 1847 2613 Altissimus
1864 2558 1907 2612 ⁸.
1932 2557 1998 2612 Ει
2015 2558 2131 2613 haec

548 2644 767 2724 quidem
799 2652 868 2708 de
894 2668 978 2717 ea,
1011 2668 1133 2722 qua:
1158 2653 1214 2706 in
1265 2659 1412 2706 terra
1456 2657 1560 2716 est,
1611 2649 1894 2717 Ecclesia;
1927 2648 1994 2705 de
2020 2664 2132 2720 qua

548 2753 754 2811 dictum
805 2762 890 2810 est
940 2773 953 2807 :
1004 2751 1321 2807 Inhabitabo
1376 2752 1432 2805 in
1493 2750 1604 2805 illis
1645 2760 1694 2806 et
1740 2749 2127 2805 inambulabo:

548 2859 595 2903 et
610 2864 699 2901 ero
720 2843 937 2901 illorum
960 2844 1115 2908 Deus,
1138 2853 1187 2898 et
1210 2845 1311 2913 ipsi
1329 2852 1483 2897 erunt
1510 2842 1640 2896 mihi
1660 2842 1883 2913 populus
1904 2844 1947 2896 ’.
1970 2840 2129 2908 Quod

556 2942 602 2997 si
633 2948 741 3011 qua
769 2940 841 2996 sit
865 2939 973 2993 alia
1008 2938 1113 2992 hac
1150 2936 1345 2991 melior
1375 2934 1592 3000 civitas,
1626 2934 1785 3004 cujus
1831 2932 2028 2989 artifex
2073 2940 2129 2988 et

548 3033 806 3089 conditor
841 3034 888 3088 is
919 3033 1036 3103 ipse
1071 3031 1177 3098 sit,
1210 3027 1521 3100 perpende,
1559 3041 1671 3099 quo
1709 3035 1870 3099 pacto
1930 3026 1987 3081 in
2034 3027 2128 3082 illa

547 3139 715 3194 etiam
747 3151 979 3207 magnus
1006 3177 1020 3202 ,
1050 3131 1415 3190 Celebrandus
1447 3138 1502 3185 et
1524 3130 1817 3186 laudabilis
1841 3130 1913 3186 sit
1945 3131 2122 3196 valde,

548 3244 672 3286 cum
696 3229 750 3283 in
779 3243 842 3283 ea
867 3224 968 3298 pro
996 3225 1264 3297 dignitate
1291 3222 1652 3294 intelligatur,
1685 3237 1750 3278 ac
1777 3222 1980 3279 divinis
2003 3238 2126 3277 νει-«-
2156 3231 2195 3283 L;

2240 584 2344 636 γας
2380 566 2497 619 ἐστί
2537 565 2631 619 καὶ
2668 563 2968 635 ἀγαθότητι
3002 566 3097 619 καὶ
3130 563 3453 637 ἀνεξικακίᾳ
3497 567 3590 619 καὶ
3635 568 3827 636 φιλαν-

2240 654 2484 727 ορωπίᾳ,
2517 657 2637 719 ταῖς
2665 671 2725 707 τε
2751 654 2965 719 λοιπαῖς
2990 655 3404 727 ἐπινοουμέναις
3452 656 3508 708 ἐν
3538 657 3685 728 αὐτῷ
3717 658 3826 712 θεῖ-

2241 750 2364 811 καῖς
2389 746 2647 817 δυνάμεσι
2668 762 2682 774 ⁸
2719 746 2800 799 διὸ
2822 746 3071 800 λέλεκται
3087 764 3101 776 ·
3129 748 3238 801 Καὶ
3272 746 3395 813 τοῖς
3416 747 3825 820 διαλογισμοῖς

2239 853 2357 891 σου
2386 839 2497 891 οὐκ
2519 837 2652 891 ἔστι
2686 838 2778 904 τίς
2808 835 3254 907 ὁμοιωθήσεται.

2320 950 2541 1014 Ἀθέους
2576 949 2730 1014 τινάς
2775 951 2936 1014 ὄντας
2973 950 3232 1021 δαίμονας
3284 950 3506 1022 ἐπῳδῶν
3555 952 3679 1025 (sic)
3722 968 3823 1008 πε-

2238 1041 2565 1112 ποιημένους
2611 1042 2640 1093 ὁ
2678 1039 2778 1112 τὴν
2812 1041 3004 1094 ἑαυτοῦ
3048 1040 3440 1110 βασιλείανέπί
3482 1042 3585 1113 γῆν
3620 1061 3825 1118 συστηοε

2241 1134 2499 1203 σάμενος,
2528 1133 2621 1187 καὶ
2650 1134 2718 1187 τὰ
2751 1134 2871 1187 καθ’
2898 1133 3125 1188 ἕκαστον
3171 1134 3280 1187 τῶν
3311 1134 3619 1206 ἔμπροσθεν
3647 1149 3822 1208 κατη-

2242 1226 2599 1297 ριθμημένων
2634 1226 2693 1279 ἐν
2737 1225 3045 1297 ἀνθρώποις
3075 1227 3410 1290 ἐπιτελέσας.
3457 1229 3530 1281 Οὐ
3571 1229 3728 1299 μόνον
3765 1230 3822 1284 δὲ

2243 1319 2411 1391 μέγας
2439 1319 2605 1383 ἐστὶν,
2629 1317 2765 1372 ἀλλὰ
2790 1319 2884 1373 καὶ
2913 1319 3149 1391 ὑμνητὸς
3176 1318 3381 1391 σφόδρα
3399 1336 3412 1349 ·
3438 1320 3499 1373 οὐ
3539 1321 3646 1393 μὴν
3669 1324 3823 1393 παρά

2239 1411 2437 1476 πᾶσιν,
2469 1409 2590 1461 οὐδὲ
2628 1411 2685 1461 ἐν
2730 1410 2892 1462 παντὶ
2937 1410 3122 1480 τόπῳ,
3167 1410 3281 1463 ἀλλ’
3322 1414 3380 1465 ἐν
3425 1414 3488 1483 τῇ
3533 1412 3685 1466 πόλει
3726 1415 3819 1468 τοῦ

2236 1501 2369 1555 Θεοῦ
2402 1500 2558 1572 ἡμῶν
2578 1542 2591 1566 ,
2621 1502 2711 1554 καὶ
2743 1504 2799 1554 ἐν
2832 1501 2910 1572 τῷ
2943 1503 3058 1574 ὄρει
3091 1504 3231 1575 ἁγίῳ
3260 1503 3443 1557 αὐτοῦ.
3485 1506 3743 1579 Ἐπείπερ
3770 1510 3819 1562 οἰ

2236 1591 2342 1658 ἔξω
2368 1592 2469 1663 τῆς
2500 1591 2665 1645 αὑτοῦ
2701 1592 2910 1655 πόλεως
2929 1633 2942 1657 ,
2972 1592 3202 1662 ἀμαθεῖς
3225 1595 3379 1658 ὄντες
3404 1594 3502 1667 τῆς
3531 1594 3714 1651 ἐνθέου
3742 1598 3820 1653 δι-

2235 1686 2533 1750 δασκαλίας
2558 1728 2571 1752 ,
2606 1687 2705 1740 οὐκ
2754 1686 2933 1741 ἴσασιν
2967 1687 3129 1739 αὑτὸν
3164 1688 3389 1757 ὑμνεῖν,
3429 1688 3538 1742 οὐδ’
3580 1688 3819 1755 ἐπαξίως

2238 1777 2541 1847 θεολογεϊν·
2579 1779 2769 1852 διόπερ
2815 1779 2913 1850 τὴν
2961 1776 3254 1849 σεϐάσμιον
3309 1781 3679 1853 προσηγορίαν
3725 1762 3819 1836 ἐπὶ

2232 1869 2330 1941 τὴν
2356 1870 2561 1941 ἄψυχον
2593 1870 2722 1941 ὓλην
2772 1869 3281 1941 καταϐεϐλήκασιν,
3328 1872 3360 1943 ἢ
3409 1872 3564 1937 ζώων
3606 1873 3819 1944 ἀλόγων

2232 1962 2365 2034 γένη
2388 2004 2402 2027 ,
2434 1962 2466 2033 ἢ
2495 1963 2586 2014 ἐπὶ
2614 1962 2682 2015 τὰ
2710 1965 2947 2033 στοιχεῖα
2968 2005 2983 2029 ,
3017 1964 3120 2034 γῆν
3141 2007 3154 2029 ,
3184 1964 3328 2035 ὕδωρ
3352 2004 3366 2027 ν
3404 1965 3541 2036 ἀέρα
3563 2006 3579 2031 ν
3612 1965 3752 2037 πῧρν
3779 1966 3815 2039 ἢ

2233 2056 2329 2108 ἐπὶ
2357 2055 2426 2108 τὰ
2454 2055 2591 2127 μέρη
2614 2055 2707 2108 τοῦ
2736 2056 2942 2125 κόσμου
2963 2072 2976 2086 ο
3014 2056 3109 2109 καὶ
3137 2055 3285 2110 ἄλλοι
3333 2056 3508 2121 ἄλλως
3533 2076 3652 2122 πως
3686 2058 3816 2132 περὶ

2232 2148 2366 2202 Θεοῦ
2398 2149 2654 2214 ἐδόξασαν
2682 2149 2896 2214 ἀσεϐῶς
2920 2168 2933 2182 ο
2965 2152 3059 2204 xal
3105 2150 3193 2204 διὰ
3231 2150 3416 2214 τοῦτο,
3466 2152 3563 2222 τῆς
3607 2150 3817 2216 πόλεως

2231 2242 2382 2306 ὄντες
2413 2242 2682 2313 ἀλλότριοι
2727 2242 2821 2295 τοῦ
2862 2242 3031 2307 Θεοῦ,
3074 2242 3504 2296 ἀποπεπτωκασι
3544 2242 3639 2296 τοῦ
3683 2243 3817 2314 ἀλιτ-

2232 2334 2359 2398 θοῦς
2400 2333 2591 2405 ὕμνου.
2630 2334 2790 2398 Πόλις
2821 2334 2878 2386 δὲ
2915 2333 3009 2387 τοῦ
3039 2333 3172 2387 Θεοῦ
3206 2333 3365 2406 ἡμῶν
3407 2336 3442 2407 ἡ
3481 2335 3813 2408 Ἐκκλησία,

2231 2426 2297 2497 ἣν
2322 2426 2416 2479 καὶ
2443 2424 2512 2479 τὰ
2540 2425 2796 2496 ἀνωτέρω
2820 2423 3006 2497 ἐδήλου
3031 2424 3187 2494 λόγια
3205 2466 3219 2491 ,
3248 2425 3314 2479 δι’
3348 2419 3424 2481 ὧν
3449 2426 3635 2499 εἴρητο
3655 2444 3670 2458 ⁸
3700 2426 3813 2483 Τοῦ

2230 2518 2498 2589 ποταμοῦ
2524 2519 2597 2572 τὰ
2623 2518 2933 2588 όρμήματα
2952 2518 3349 2586 εὐφραίνουσι
3370 2517 3485 2587 τὴν
3499 2522 3681 2573 πόλιν
3704 2517 3813 2576 τοῦ

2233 2609 2381 2666 Θεοῦ
2404 2626 2417 2639 ·
2451 2611 2666 2678 ἡγίασε
2691 2609 2754 2662 τὸ
2778 2608 3068 2678 σκήνωμα
3098 2609 3286 2664 αὑτοῦ
3309 2614 3341 2664 ὁ
3367 2612 3669 2679 Ὕψιστος.
3702 2614 3815 2666 Καὶ

2230 2701 2405 2757 ταῦτα
2435 2701 2533 2773 μὲν
2566 2702 2692 2774 περί
2725 2702 2822 2773 τῆς
2865 2701 3008 2755 κατά
3039 2701 3145 2772 γῆν
3197 2700 3553 2773 Ἐκκλησίας·
3587 2703 3715 2774 περὶ
3742 2684 3819 2776 ἧς

2230 2796 2448 2867 εἴρηται
2465 2811 2480 2825 °
2528 2792 2849 2861 Ἐνοικήσω
2872 2794 2942 2847 ἐν
2973 2794 3177 2860 αὐτοῖς
3200 2793 3301 2849 καί
3328 2781 3809 2863 ἐμπεριπατήσω·

2230 2889 2330 2943 καί
2367 2888 2579 2957 ἔσομαι
2618 2886 2817 2941 αὐτῶν
2863 2886 3034 2953 Θεὸς,
3081 2887 3182 2941 καί
3222 2886 3392 2941 αὐτοὶ
3423 2887 3669 2942 ἔσονται
3708 2890 3813 2958 μοι

2227 2982 2397 3048 λαός.
2425 2982 2488 3033 Εἰ
2517 2980 2560 3033 δ’
2585 2980 2700 3033 ἐστι
2728 2996 2809 3042 τις
2839 2978 2973 3051 ἄλλη
3003 2978 3269 3051 κρείττων
3301 2978 3505 3051 ταύτης
3539 2980 3715 3044 πόλις,

2230 3074 2481 3146 τεχνίτης
2526 3072 2625 3126 καὶ
2675 3070 3003 3143 δημιουργὸς
3042 3070 3238 3133 αὐτός’
3285 3070 3382 3124 Θέα
3426 3072 3573 3135 ὅπως
3608 3072 3702 3124 καὶ
3749 3073 3814 3125 ἐν

2228 3168 2403 3240 ταύτῃ
2430 3166 2601 3238 μέγας
2624 3165 2716 3218 καί¹
2762 3164 3000 3235 ὑμνητὸς
3020 3204 3035 3228 ,
3060 3164 3154 3216 καὶ
3183 3163 3394 3228 αἰνετός
3419 3166 3536 3217 ἐστι
3568 3165 3771 3237 σφόδρα
3790 3205 3807 3230 ,

2231 3258 2350 3311 κατ’
2395 3256 2552 3321 ἀξίαν
2596 3252 2884 3323 νοούμενος
2936 3253 2992 3303 ἐν
3037 3252 3173 3324 αὐτῇ
3222 3253 3317 3306 καὶ
3367 3253 3806 3324 θεολογούμενος.

546 3322 633 3378 bis
658 3318 987 3377 celebretur.
1018 3317 1079 3373 ln
1107 3332 1218 3389 quo
1255 3323 1438 3371 autem
1468 3322 1629 3370 terrae
1658 3314 1781 3369 loco
1803 3314 2002 3370 civitas
2042 3312 2126 3366 illa

2228 3348 2327 3401 Ποῖ
2355 3348 2412 3401 δὲ
2434 3312 2536 3417 ,ἧς
2562 3312 2905 3418 ᾠκοδόμηται
2939 3344 2973 3414 ή
3013 3312 3173 3407 πόλις.
3197 3343 3374 3414 αὕτη,
3410 3346 3439 3398 ό
3473 3312 3570 3415 μέν
3596 3312 3812 3416 cuius}

546 3413 638 3477 sit,
674 3410 751 3466 ita
779 3403 937 3467 docet
969 3408 1214 3480 psalmus
1245 3421 1259 3462 ι
1295 3405 1364 3461 1η
1402 3414 1575 3460 monte
1613 3413 1798 3460 sancto
1833 3403 1950 3473 eius
1999 3402 2123 3457 bene

545 3505 827 3569 radicato;
860 3504 917 3559 id
941 3509 1046 3568 est,
1083 3502 1222 3558 bene
1244 3497 1494 3564 fundato,
1531 3505 1586 3554 et
1634 3497 1905 3562 radicato,
1940 3502 1995 3553 et
2032 3511 2126 3550 ex-

544 3598 834 3653 sultatione
881 3586 1136 3651 universa:
1175 3602 1350 3648 terra.
1390 3591 1583 3659 Qualis
1620 3605 1788 3661 porro
1833 3604 1992 3645 mons
2033 3588 2125 3643 ille

544 3692 639 3757 sit,
679 3705 911 3763 magnus
932 3688 1091 3745 docet
1118 3687 1413 3758 Apostolus
1436 3686 1525 3742 his
1544 3684 1727 3741 verbis
1752 3702 1765 3738 :
1789 3682 2123 3759 Accessimus

544 3783 615 3839 ad
646 3782 777 3839 Sion
794 3790 1025 3839 montem
1044 3820 1060 3848 ,
1088 3789 1141 3835 et
1172 3780 1438 3834 civitatem
1479 3776 1580 3831 Dei
1616 3775 1833 3831 viventis
1853 3815 1868 3841 ,
1900 3771 2125 3829 Jerusa-

543 3878 646 3932 lem
672 3878 952 3945 caelestem,
987 3887 1039 3933 et
1081 3877 1372 3933 multorum
1410 3876 1642 3931 millium
1678 3874 1983 3945 angelorum
2024 3872 2126 3942 fre-

543 3974 833 4044 quentiam,
884 3981 935 4028 et
987 3960 1287 4028 Ecclesiam
1327 3970 1820 4042 primogenitorum,
1859 3968 1951 4038 qui
1996 3982 2124 4021 con-

543 4074 728 4143 scripti
760 4084 884 4129 sunt
911 4076 967 4128 in
990 4074 1214 4131 caelis”.
1241 4074 1501 4130 Eamdem
1537 4087 1669 4128 vero
1688 4086 1811 4127 esse
1840 4069 2122 4125 civitatem

544 4165 638 4220 Dei
660 4181 844 4221 veram
894 4167 1012 4237 ipse
1059 4167 1301 4222 declarat
1343 4166 1534 4221 dicens
1568 4162 1716 4221 :Illa
1760 4171 1957 4227 autem,
2003 4176 2122 4232 qua

542 4273 755 4311 sursum
797 4266 876 4310 est
923 4240 1247 4322 Ierusalem,
1310 4255 1478 4312 libera
1525 4264 1625 4323 est,
1670 4270 1787 4326 qum
1832 4264 1909 4308 est
1951 4263 2121 4306 mater

542 4350 811 4403 nostra“.
847 4348 1003 4403 Mons
1045 4356 1228 4404 autem
1275 4347 1388 4404 Deo
1428 4348 1659 4419 dignus,
1704 4347 1882 4417 ipsum
1919 4345 2121 4400 oculum

542 4448 647 4495 est.
689 4439 829 4507 Quia
854 4457 985 4495 vero
1007 4441 1257 4497 homines
1290 4442 1345 4496 in
1372 4451 1517 4496 terra
1540 4440 1800 4510 degentes
1822 4454 1991 4509 regno
2019 4450 2119 4494 suo

542 4541 868 4613 dedignatus
896 4558 1006 4598 non
1028 4549 1112 4598 est
1136 4560 1151 4610 ;
1174 4542 1228 4597 id
1254 4542 1400 4599 enim
1433 4540 1779 4613 signiﬁcabat
1801 4540 2117 4611 praecedens

2227 3439 2467 3494 διδάσκει
2526 3439 2731 3507 λέγων’
2788 3439 2885 3492 Ἐν
2939 3438 3061 3507 ὄρει
3121 3440 3267 3509 ἁγίῳ
3319 3440 3504 3494 αὐτοῦ
3563 3425 3807 3509 εὐρίζῷο

2225 3530 2472 3585 τουτέστι
2500 3532 2577 3602 τῷ
2601 3528 2659 3586 εὖ
2689 3532 3137 3603 τεθεμελιωμένῳ
3175 3533 3269 3585 καὶ
3305 3530 3680 3604 ἐρῤιζωμένῳ,
3712 3532 3810 3586 καὶ

2223 3624 2304 3690 τῷ
2342 3624 2736 3695 ἀγαλλιάματι
2782 3625 2986 3694 πάσης
3019 3624 3130 3692 τῆς
3154 3623 3286 3694 γῆς.
3333 3625 3490 3677 Ποῖον
3534 3609 3579 3676 δ’
3615 3624 3680 3678 ἂν
3719 3614 3809 3696 sli;

2222 3718 2382 3771 τοῦτο
2414 3719 2473 3771 τὸ
2511 3719 2657 3790 ὄρος,
2706 3721 2734 3771 ὀ
2763 3718 2935 3789 μέγας
2984 3717 3301 3780 Ἀπόστολος
3333 3717 3571 3770 διδάσκει
3602 3702 3802 3785 λέγων’

2222 3813 2769 3880 Προσεληλύθαμεν
2795 3809 2949 3863 Σιὼν
2976 3809 3097 3878 ὄρει
3129 3809 3225 3863 καὶ
3259 3809 3432 3862 πόλει
3472 3808 3620 3862 Θεοῦ
3660 3791 3805 3868 63r—

2224 3920 2330 3971 τος
2362 3901 2750 3973 Ἰερουσαλὴμ
2795 3901 3158 3973 ἐπουρανίῳ,
3191 3899 3294 3957 καὶ
3319 3886 3609 3969 μυριάσιν
3636 3884 3805 3983 ἀγγέ-

2222 3999 2349 4051 λων
2382 3994 2711 4063 πανηγύρει
2750 3994 2852 4048 καί
2881 3994 3210 4062 Ἐκκλησία
3240 3993 3628 4062 πρωτοτόκων
3651 3990 3805 4045 ἀπο-

2223 4086 2640 4158 γεγραμμένων
2676 4086 2746 4139 ἐν
2776 4086 3074 4153 οὐρανοῖς.
3114 4085 3329 4154 Ταύτην
3362 4084 3419 4137 δὲ
3459 4070 3628 4153 αὖτὴν
3665 4074 3805 4135 εἶναι

2221 4178 2320 4247 τὴν
2350 4176 2501 4231 πόλιν
2531 4175 2624 4229 τοῦ
2647 4174 2782 4229 Θεοῦ
2810 4174 2907 4245 τὴν
2933 4175 3188 4246 ἀληθινὴν
3214 4176 3242 4227 ὁ
3268 4174 3429 4238 αὐτὸς
3454 4175 3692 4246 παρίστη
3717 4162 3807 4229 λέ-

2221 4286 2334 4339 γων
2354 4286 2368 4300 ·
2405 4270 2467 4327 Ἠ
2488 4264 2556 4322 δὲ
2584 4268 2708 4323 ἄνω
2742 4268 3129 4338 Ἰερουσαλὴμ
3152 4267 3436 4334 ἐλευθέρα
3461 4266 3651 4331 ἐστὶν,
3673 4254 3807 4335 ἥτις

2221 4362 2351 4417 ἐστί
2375 4362 2573 4433 μήτηρ
2614 4362 2802 4431 ἡμῶν.
2831 4363 2993 4433 Ὀρος
3020 4360 3077 4413 δὲ
3105 4359 3198 4413 τοῦ
3226 4359 3361 4413 Θεοῦ
3390 4359 3610 4426 ἐπάξιον
3639 4346 3803 4423 αὖτδς

2220 4456 2250 4509 ὁ
2280 4455 2528 4527 οὐρανός,
2566 4454 2783 4526 Ἐπειδὴ
2814 4455 2871 4507 δὲ
2917 4452 3011 4507 καὶ
3051 4453 3176 4516 τοὺς
3219 4453 3309 4505 ἐπὶ
3347 4451 3451 4520 γῆς
3484 4448 3801 4522 ἀνθρώπους

2220 4548 2320 4601 οὐκ
2347 4546 2627 4619 ἀπηξίωσε
2657 4547 2758 4618 τῆς
2792 4545 3000 4609 οἰκείας
3032 4545 3332 4617 βασιλείας·
3364 4544 3522 4627 τοῦτο
3548 4531 3657 4615 γάρ
3680 4543 3801 4627 ἐδή-

541 4636 787 4707 psalmus
808 4635 998 4691 dicens
1026 4635 1170 4690 :Rea:
1202 4636 1373 4689 omnis
1401 4645 1554 4689 terra:
1582 4633 1749 4697 Deus,
1781 4633 1998 4701 psallite
2024 4649 2117 4687 sa-

2226 4642 2314 4696 λου
2345 4645 2373 4695 ὁ
2406 4634 2512 4713 πρὸ
2550 4631 2739 4694 τούτου
2773 4639 2984 4710 ψαλμὺς
3015 4639 3221 4707 λέγων’
3251 4636 3552 4703 Βασιλεὺς
3597 4636 3799 4721 πάσης

539 4730 742 4797 pienler
766 4741 784 4780 :
806 4729 1039 4797 regnavit
1064 4727 1204 4782 Deus
1236 4742 1395 4797 super
1420 4728 1686 4797 gentes";
1714 4725 1840 4794 jure
1878 4724 1934 4778 in
1969 4730 2114 4779 terra

540 4835 759 4892 quoque
790 4821 988 4877 civitas
1008 4820 1112 4891 ipsi
1145 4820 1449 4874 constituta
1477 4826 1563 4874 est
1583 4859 1598 4883 ,
1628 4819 1756 4872 vitae
1783 4816 1996 4871 scilicet
2026 4816 2113 4871 in-

539 4912 795 4967 stitutum
835 4909 931 4965 Dei
972 4910 1147 4966 cultui
1198 4909 1499 4974 addictum,
1547 4908 1603 4961 in
1650 4914 1767 4961 toto
1824 4906 1958 4961 orbe
2016 4921 2114 4976 per

538 5003 907 5074 evangelicam
926 5002 1371 5073 praedicationem
1401 4999 1731 5055 consistens.
1755 4997 1993 5053 Montem
2017 4996 2113 5052 Dei

537 5095 598 5150 in
654 5110 764 5167 quo
809 5093 1127 5164 huiusmodi
1170 5092 1488 5147 institutum
1530 5090 1837 5147 stabilitum
1891 5098 1999 5155 est,
2044 5105 2113 5146 ne

535 5198 813 5254 euncteris
848 5197 1031 5253 dicere
1060 5195 1301 5252 Verbum
1336 5194 1434 5249 Dei
1464 5209 1610 5257 esse,
1656 5192 1909 5248 videlicet
1946 5190 2110 5246 Chri-

534 5298 714 5358 stum;
747 5290 877 5359 quia
905 5303 1071 5358 supra
1101 5294 1311 5357 petram
1330 5284 1554 5339 fundata
1576 5284 1697 5353 ejus
1715 5281 1959 5337 Ecclesia
1987 5286 2107 5336 est:

536 5380 652 5449 ipse
693 5389 874 5434 autem
898 5389 1051 5450 petra
1080 5385 1218 5434 erat.
1259 5376 1415 5433 Mons
1456 5377 1662 5446 itaque,
1695 5382 1870 5446 petra,
1910 5372 2109 5428 funda-

534 5480 775 5527 mentum
804 5471 1059 5527 Ecclesiaa
1078 5471 1196 5541 ipse
1222 5470 1372 5526 solus
1392 5468 1578 5532 fuerit,
1604 5475 1663 5521 ut
1685 5467 1906 5539 quidam
1931 5464 2107 5520 dicit:

540 5564 958 5619 Fundamentum
985 5562 1125 5616 enim
1155 5560 1306 5615 aliud
1343 5576 1495 5615 nemo
1528 5567 1697 5626 potest
1732 5572 1943 5627 ponere,
1966 5570 2106 5624 pra:-

512 5708 517 5738 ἶ
601 5740 620 5768 ⁷
658 5738 802 5863 Ρεὲι.
841 5757 1036 5805 xxxix,
1068 5741 1122 5794 6.
1199 5740 1219 5772 ⁸
1257 5737 1403 5794 Psal.
1434 5752 1557 5804 XLV,
1589 5735 1643 5791 5.
1718 5734 1739 5766 ’
1778 5721 1951 5791 Levit.
1986 5747 2110 5789 xxvr

534 5825 689 5863 xm.
770 5849 782 5862 .

534 5825 689 5873 ιιι-ι,
732 5825 782 5863 δ.

2220 4731 2333 4801 τῆς
2363 4732 2476 4803 γῆς
2505 4728 2537 4786 ὁ
2572 4732 2743 4797 Θεὸς,
2782 4730 3015 4800 ψάλατε
3053 4728 3356 4801 συνετῶςη·
3397 4718 3798 4783 ἐϐασίλευσεν

2219 4825 2252 4876 ό
2281 4822 2424 4887 Θεὸς
2449 4821 2545 4875 ἐπὶ
2577 4821 2649 4874 τὰ
2673 4820 2815 4887 ἔθνη
2837 4835 2853 4850 ·
2878 4819 3102 4882 εἰκότως
3142 4819 3237 4873 καὶ
3275 4818 3367 4870 ἐπὶ
3400 4818 3501 4888 τῆς
3526 4806 3627 4888 γῆς
3674 4833 3795 4869 συν·-

2218 4904 2349 4983 ἐστη
2383 4902 2533 4983 αὖτῷ
2565 4902 2719 4975 πόλις
2740 4951 2753 4973 ,
2805 4911 2865 4964 τὺ
2898 4910 3148 4973 Θεοσεϐὲς
3174 4910 3373 4980 δηλαδὴ
3404 4896 3706 4979 πολίτευμα
3737 4906 3795 4961 τὸ

2217 5005 2338 5059 καθ’
2362 5004 2490 5075 ὅλης
2515 5004 2616 5073 τῆς
2637 5003 2961 5074 οἰκουμένης
2982 5002 3069 5056 διὰ
3091 5001 3185 5054 τοῦ
3209 4985 3564 5069 εὐαγγελικοῦ
3594 4992 3794 5052 συστάν

2219 5083 2593 5169 κηρύγματος.
2622 5097 2784 5167 Ὄρος
2823 5095 2879 5147 δὲ
2914 5093 3010 5147 τοῦ
3049 5092 3183 5146 Θεοῦ
3227 5095 3285 5145 ἐν
3389 5092 3451 5145 τὸ
3495 5086 3795 5161 πολίτευμα

2218 5189 2375 5243 τοῦτο
2405 5189 2720 5259 συνέστηκε,
2743 5176 2819 5258 μὴ
2844 5186 2990 5239 ὄκνει
3018 5185 3195 5252 λέγειν
3216 5186 3306 5237 τὸν
3322 5176 3493 5251 Λόγον
3517 5182 3611 5236 τοῦ
3635 5180 3792 5246 Θεοῦ,

2216 5281 2333 5350 ἢτοι
2360 5266 2448 5332 τδν
2474 5266 2706 5349 Χριστόν
2730 5276 2998 5356 ’.ἐπείπερ
3035 5276 3127 5329 ἐπὶ
3154 5275 3253 5345 τὴν
3278 5276 3480 5346 πέτραν
3511 5266 3787 5356 ᾡκοδόμη-
3818 5316 3827 5356 ι

2212 5388 2300 5424 ται
2327 5369 2488 5423 αὐτοῦ
2524 5372 2558 5440 ἡ
2605 5354 2926 5438 Ἐκκλησία’
2956 5366 3117 5429 αὑτός
3145 5383 3204 5420 τε
3234 5362 3301 5437 ἧν
3332 5368 3368 5436 ὴ
3400 5364 3593 5436 πέτρα.
3626 5352 3791 5427 Οὗτος

2213 5460 2306 5516 οῦν
2334 5463 2426 5516 καὶ
2448 5449 2573 5531 ὅρος
2600 5460 2694 5513 καὶ
2716 5459 2892 5529 πέτρα
2919 5445 3012 5512 καί
3038 5457 3286 5529 θεμέλιος
3312 5456 3409 5529 τῆς
3441 5447 3789 5529 Ἑκκλησίας,

2214 5542 2377 5616 αὐτός
2424 5542 2487 5606 ἂν
2538 5542 2695 5623 μόνος
2722 5550 2813 5621 εἴη
2845 5550 2983 5603 κατά
3030 5536 3119 5603 τὸν
3158 5550 3435 5617 φάσκοντα
3459 5556 3475 5581 ·’
3506 5544 3787 5618 Θεμέλιον

2134 5730 2272 5798 ,12.
2353 5717 2403 5760 (θ’
2436 5724 2597 5783 llebr.
2635 5716 2967 5795 311,952,235.
3049 5724 3479 5791 “Gal.rv,26.
3559 5721 3788 5779 "Psal.
