4138 6386
559 352 666 403 4'23

1290 352 1557 408 EUSEBII
1600 308 2265 408 CESARIENSIS'OPP.
2304 348 2485 405 PARS
2523 342 2608 404 Ιῐῐ.
2651 380 2718 387 -
2756 336 3165 403 EXEGETICA.

3719 351 3753 405 -i
3763 352 3825 407 23

563 478 832 541 gnandam
860 472 951 526 Dei
975 470 1271 525 Ecclesiam
1302 470 1509 540 scripto
1529 468 1838 524 dederunt?
1872 468 2128 522 Caeterum

2244 467 2494 538 ἀλλήλοις
2545 466 2639 518 καὶ
2668 464 2864 535 νόμους
2894 463 3201 533 ἐγγράφους
3234 461 3415 516 ἔθεντο
3443 462 3535 516 τοῦ
3570 463 3825 532 πολεμεῖν

561 562 756 630 ingens
782 560 1105 614 miraculum
1140 558 1231 614 Dei
1265 561 1319 614 in
1352 558 1610 614 domibus
1638 558 1759 629 ejus
1792 558 1996 628 caniti
2024 566 2139 610 tum

561 651 1007 722 deprehenditur,
1038 666 1161 706 eum
1212 667 1369 722 reges
1420 651 1477 705 in
1508 666 1677 705 unum
1726 651 1902 704 coacti
1936 650 2141 704 bellum

563 743 858 799 inferentes
890 743 1149 798 Ecclesiae
1193 743 1386 813 ipsius,
1437 743 1871 813 persecutionem
1911 757 2137 795 moven—

560 848 665 899 tes,
707 843 998 890 sexcentas
1046 836 1276 890 insidias
1322 843 1597 890 struentes
1650 835 1914 888 adversus
1968 833 2138 897 illam,

560 927 697 980 nihil
732 937 964 996 possunt
1015 927 1219 982 inferre
1250 929 1455 982 damni.
1491 928 1672 994 Quare
1705 926 2008 996 subjungit,
2039 926 2141 994 ipsi

559 1018 787 1072 videntes
822 1020 897 1072 sic
939 1018 1193 1073 admirati
1222 1032 1385 1083 sunt;
1428 1035 1553 1073 nam
1584 1036 1649 1074 ex
1700 1019 1836 1089 ipsis
1879 1018 2139 1088 operibus

559 1122 847 1181 perspecta
878 1113 998 1180 ejus
1032 1114 1253 1178 virtute,
1286 1115 1361 1168 sic
1399 1114 1651 1166 admirati
1685 1122 1845 1176 sunt;
1890 1128 2013 1166 cum
2041 1126 2141 1164 att-

560 1211 647 1258 tea
675 1204 900 1259 minime
922 1205 1272 1260 mirarentur.
1295 1205 1513 1271 Postea,
1544 1203 1848 1259 conturbati
1874 1215 2018 1267 sunt,
2051 1212 2139 1258 ut-

559 1302 687 1367 pote
722 1295 817 1366 qui
856 1294 948 1350 Dei
994 1296 1295 1351 adversarii
1331 1305 1516 1351 essent
1551 1316 1564 1352 :
1611 1296 1874 1351 Commoti
1922 1307 2044 1351 sunt
2088 1304 2139 1351 et

559 1393 756 1439 tremor
783 1387 1121 1456 apprehendit
1164 1406 1273 1443 eos.
1313 1388 1398 1443 Ibi
1424 1388 1633 1443 dolores
1664 1398 1722 1442 ut
1764 1390 2134 1458 parturientis.

556 1474 694 1531 Na‘m
722 1486 851 1532 tunc
874 1479 1090 1534 demum
1120 1481 1261 1534 ratio
1296 1480 1490 1549 judicii
1516 1478 1633 1544 Dei,
1661 1495 1821 1551 quem
1850 1482 2138 1552 impugna-

558 1570 712 1633 bant,
746 1572 1063 1640 conspectui
1099 1586 1288 1626 eorum
1323 1573 1519 1642 patuit.
1546 1572 1913 1639 Quamobrem
1938 1588 2136 1628 secun-

556 1661 686 1715 dum
723 1659 1106 1731 Symmachum
1146 1662 1349 1717 dicitur
1382 1682 1394 1717 :
1429 1662 1543 1733 Ipsi
1574 1663 1802 1718 videntes
1847 1666 1926 1719 sic
1958 1664 2134 1717 admi-

557 1752 664 1804 rati
691 1759 835 1815 sunt,
871 1751 1169 1806 conturbati
1200 1761 1343 1817 sunt,
1375 1753 1604 1822 perculsi
1633 1762 1777 1817 sunt,
1820 1762 2014 1808 tremor
2041 1770 2133 1807 oc-

2239 558 2340 629 τὴν
2382 556 2705 627 Ἐκκλησίαν
2736 553 2836 608 τοῦ
2862 552 3034 619 Θεοῦ;
3066 552 3212 623 Πλὴν
3237 543 3299 606 τό
3340 548 3484 624 μέγα
3518 553 3703 625 θαῦμα
3729 555 3823 608 τοῦ

2242 653 2301 706 ἐν
2338 654 2458 714 ταῖς
2489 650 2711 721 βάρεσιν
2763 648 2933 718 αὐτῆς
2961 646 3365 717 γινωσκομένου
3394 646 3526 701 Θεοῦ
3566 648 3688 703 τότε
3720 647 3827 701 δεί-

2242 762 2464 807 κνυται,
2515 742 2735 795 ἐπειδὰν
2768 744 2814 794 οἰ
2851 740 3090 810 βασιλεῖς
3113 779 3128 803 ,
3188 739 3561 810 συναχθέντες,
3593 741 3826 812 πόλεμον

2241 838 2479 909 ἄρωνται
2522 834 2661 889 κατά
2708 834 2805 905 τῆς
2858 831 3185 903 Ἑκκλησίας
3217 831 3417 897 αὑτοῦ,
3461 833 3735 904 διωγμούς
3763 851 3824 887 τε

2242 927 2547 990 κινοῦντες,
2579 926 2672 979 καὶ
2700 926 2899 998 μυρίας
2928 925 3217 989 ἐπιϐουλὰς
3241 927 3361 978 κατ’
3384 925 3552 996 αὐτῆς
3582 925 3828 995 βουλευό-

2246 1037 2429 1091 μενοι,
2465 1018 2628 1089 μηδὲν
2666 1018 2909 1087 ἰσχύωσιη.
2939 1018 3031 1070 Διὸ
3065 1017 3337 1084 ἐπιλέγει·
3385 1016 3565 1070 Αὐτοὶ
3597 1017 3826 1086 ἰδόντες

2239 1112 2426 1176 οὕτως
2457 1112 2842 1179 ἐθαύμασαν·
2884 1109 3030 1181 ἔργῳ
3080 1109 3189 1180 γὰρ
3244 1108 3341 1180 τὴν
3385 1108 3610 1178 δύναμιν
3659 1110 3825 1164 αὐτοῦ

2240 1200 2678 1270 παραλαϐόντες,
2726 1200 2913 1265 οὕτως
2945 1200 3297 1267 ἐθαύμασαν
3319 1238 3333 1262 ,
3370 1198 3477 1270 πρὸ
3514 1198 3704 1252 τούτου
3751 1202 3825 1273 μὴ

2240 1294 2638 1365 θαυμάσαντες.
2676 1290 2808 1345 Εἶτα
2832 1291 3272 1361 ἐταράχθησαν,
3306 1290 3381 1353 ὡς
3406 1289 3471 1345 ἂν
3497 1289 3631 1343 Θεοῦ
3669 1290 3827 1345 πολέ-

2242 1401 2351 1454 μιοι
2401 1383 2796 1445 καταστάντες”
2862 1379 3324 1448 Ἐσαλεύθησάν
3372 1397 3437 1434 τε
3469 1380 3569 1434 καὶ
3608 1383 3825 1451 τρόμος

2237 1475 2555 1529 ἐπελάϐετο
2603 1473 2820 1527 αὐτῶν.
2895 1472 3056 1527 Ἑκεῖ
3092 1473 3301 1539 ὠδῖνες
3352 1472 3433 1538 ὡς
3478 1475 3819 1541 τικτούσης.

2237 1565 2438 1620 Λοιπὸν
2468 1563 2576 1634 γὰρ
2604 1564 2907 1617 ὑπέπιπτεν
2942 1562 3120 1617 αὐτῶν
3166 1566 3277 1627 τοῖς
3310 1563 3609 1634 ὀφθαλμοῖς
3638 1566 3665 1617 ὁ
3696 1566 3822 1637 περὶ

2237 1657 2335 1727 τῆς
2364 1657 2597 1728 κρίσεως
2623 1655 2716 1709 τοῦ
2742 1655 2877 1707 Θεοῦ
2902 1655 3058 1723 λόγος
3078 1695 3091 1718 ,
3124 1655 3217 1708 τοῦ
3241 1656 3329 1708 ὑπ’
3353 1656 3531 1709 αὐτῶν
3557 1657 3824 1729 πολεμου-

2239 1748 2421 1819 μένου.
2459 1747 2550 1800 Διὸ
2579 1746 2722 1801 κατὰ
2746 1748 2836 1800 τὸν
2868 1748 3164 1818 Σύμμαχον
3190 1749 3435 1819 εἴρηται·
3462 1750 3645 1803 Αὐτοὶ
3671 1750 3825 1804 ἰδόν-

556 1846 762 1914 cupavit
790 1861 897 1906 eos,
927 1844 1134 1899 dolores
1162 1856 1220 1899 ut
1240 1847 1514 1914 parientis.
1546 1845 1953 1913 Parturiebant,
1974 1855 2032 1901 ut
2059 1846 2128 1900 di-

2241 1856 2339 1905 τες
2370 1840 2557 1906 οὕτως
2583 1840 2961 1909 ἐθαύμασαν,
2992 1839 3441 1909 ἐταράχθησαν,
3483 1842 3823 1913 ἐξεπλάγη-

555 1943 702 1989 ctum
732 1944 815 1991 est
848 1955 859 1989 :
895 1935 1029 1990 Ecce
1058 1938 1311 2005 parturiit
1336 1937 1676 2002 iniustitiam,
1722 1940 1956 2009 concepit
1983 1938 2135 1994 dolo-

556 2042 697 2091 rem,
730 2036 780 2082 et
823 2029 1015 2097 peperit
1042 2029 1394 2097 iniquitatem.
1434 2028 1633 2082 Lacum
1666 2031 1869 2098 aperuit
1913 2040 1963 2083 et
2004 2030 2135 2098 effo-

554 2120 633 2173 dit
659 2137 799 2186 eum,
824 2132 872 2175 et
897 2121 1087 2175 incidet
1118 2122 1171 2174 in
1200 2120 1400 2189 foveam
1434 2137 1591 2189 quam
1620 2120 1763 2190 fecit.
1794 2120 2134 2175 Convertetur

553 2213 707 2267 dolor
765 2214 879 2282 ejus
938 2214 993 2266 in
1040 2222 1199 2283 caput
1254 2218 1407 2281 ejus,
1445 2223 1493 2266 et
1555 2214 1607 2266 in
1680 2216 1921 2267 uerticem
1966 2214 2134 2283 ipsius

553 2305 806 2375 iniquitas
870 2305 983 2375 ejus
1058 2304 1330 2357 descendet
1401 2303 1463 2357 ¹⁸.
1539 2302 1661 2358 Haec
1729 2319 1895 2375 porro
1968 2318 2133 2373 opere

552 2398 860 2468 completa,
915 2412 1018 2453 nos
1063 2397 1198 2466 ipsis
1246 2397 1422 2452 oculis
1482 2397 1824 2467 percepimus
1873 2415 1886 2448 :
1933 2398 2133 2467 quibus

552 2505 688 2546 sane
740 2490 1043 2544 verisimile
1090 2496 1173 2543 est
1214 2498 1463 2559 posteros
1516 2499 1737 2545 nostros
1794 2489 2129 2555 incredulos,

551 2598 676 2639 cum
722 2583 967 2647 audient,
1013 2596 1123 2634 non
1175 2580 1333 2635 fidem
1364 2579 1651 2634 habituros
1679 2594 1821 2634 esse.
1853 2578 2132 2649 Quotquot

551 2675 719 2745 igitur
748 2688 865 2728 aevo
897 2680 1088 2727 nostro
1119 2671 1274 2726 fuere
1312 2670 1569 2727 Ecclesiae
1595 2670 1689 2727 Dei
1720 2672 1948 2735 inimici,
1979 2673 2132 2741 prin-

549 2764 702 2834 cipes
734 2763 899 2833 hujus
946 2762 1133 2818 saeculi
1178 2771 1230 2817 et
1263 2761 1502 2833 tyranni,
1552 2762 1817 2817 divinitus
1863 2763 2131 2820 immissis

551 2855 778 2927 ﬂagellis
814 2856 1036 2921 laniati,
1084 2856 1173 2909 alii
1215 2855 1434 2925 quidem
1476 2854 1679 2910 cariem
1728 2856 1977 2926 corporis
2008 2871 2131 2925 per-

551 2950 698 3020 pessi
731 2955 879 3012 sunt,
908 2955 967 3002 ut
996 2949 1157 3003 etiam
1188 2948 1273 3003 vel
1304 2947 1482 3002 adhuc
1510 2948 1753 3003 viventes
1784 2964 1909 3003 cum
1932 2947 2131 3005 intole-

551 3041 710 3096 rabili
768 3040 941 3095 fetore
970 3040 1248 3095 vermibus
1291 3046 1565 3095 scaterent
1600 3058 1611 3094 :
1650 3040 1741 3094 alii
1778 3042 1907 3096 item
1939 3040 2129 3096 viven-

551 3142 636 3190 tes
677 3133 856 3189 oculis
898 3135 1043 3204 capti
1076 3144 1240 3197 sunt;
1282 3133 1356 3186 ita
1405 3140 1464 3186 ut
1502 3131 1767 3187 divinitus
1818 3131 2127 3190 immissum

2236 1949 2376 1997 σαν,
2410 1934 2589 2001 φρίκη
2622 1932 2920 2002 κατέσχεν
2949 1932 3172 1997 αὐτοὺς
3193 1976 3206 1999 ,
3237 1933 3446 1999 ὠδῖνες
3481 1935 3562 1999 ὡς
3585 1936 3821 1989 etaetati-

2234 2043 2369 2095 σης.
2418 2015 2624 2079 ’Ὤδινον
2663 2026 2772 2097 γὰρ
2810 2024 2953 2078 κατά
2987 2024 3047 2077 τὸ
3074 2024 3393 2094 λελεγμένον
3415 2042 3427 2055 ’
3495 2025 3650 2079 Ἰδοὺ
3686 2026 3824 2081 ὠδί-

2232 2134 2427 2187 νησεν
2457 2116 2697 2172 ἀδικίαν
2718 2156 2733 2180 ,
2763 2114 3064 2169 συνέλαϐε
3101 2116 3292 2168 πόνον
3321 2115 3420 2169 καί
3446 2117 3654 2171 ἔτεκεν
3683 2118 3826 2172 dro-

2226 2211 2392 2279 μίαν.
2434 2210 2679 2264 Λάκκον
2705 2208 2906 2277 ὤρυξε
2945 2207 3045 2261 καὶ
3074 2205 3428 2275 ἀνέσκαψεν
3456 2210 3673 2275 αὐτὸν,
3722 2210 3823 2265 καὶ

2230 2304 2571 2373 ἐμπεσεῖται
2594 2306 2681 2369 εἰς
2701 2303 2929 2371 βόθρον
2959 2300 3031 2354 ὃν
3058 2300 3398 2372 εἰργάσατο.
3445 2294 3823 2370 Ἐπιστρέψει

2233 2400 2266 2451 ό
2291 2396 2477 2461 πόνος
2506 2394 2694 2449 αὑτοῦ
2727 2396 2815 2459 εἰς
2846 2392 3126 2462 κεφαλὴν
3145 2391 3332 2445 αὐτοῦ
3353 2434 3367 2457 ,
3400 2393 3496 2445 καί
3524 2392 3624 2445 ἐπὶ
3646 2409 3822 2460 κορυ-

2232 2487 2359 2556 φὴν
2391 2485 2578 2539 αὑτοῦ
2612 2488 2650 2554 ἡ
2677 2485 2877 2539 ἀδικία
2915 2484 3102 2541 αὺτοῦ
3142 2485 3565 2553 καταϐήσεται.
3635 2485 3819 2539 Ταῦτα

2230 2578 2297 2635 δι’
2326 2577 2500 2648 ἔργων
2527 2575 2877 2647 πληρούμενα
2904 2574 3201 2647 ὀφθαλμοῖς
3230 2575 3409 2638 αὐτοῖς
3438 2576 3597 2645 ἡμεῖς
3627 2588 3823 2646 παρει-

2232 2667 2480 2738 λήφαμεν
2502 2685 2515 2697 ·
2553 2668 2589 2721 ἂ
2631 2668 2725 2720 καὶ
2752 2667 2899 2731 εἰκὸς
2927 2670 3039 2731 τοῖς
3076 2667 3193 2738 μεθ’
3223 2668 3371 2738 ἡμᾶς
3403 2667 3651 2730 ἀπίστοις
3684 2666 3819 2738 μηδὲ

2232 2760 2369 2829 ἀκοῇ
2391 2758 2738 2812 πιστεύεσθαι
2762 2759 3049 2829 λεγόμενα.
3079 2759 3285 2822 Πάντες
3307 2758 3436 2828 γοῦν
3458 2760 3506 2812 οἱ
3531 2758 3652 2812 καθ’
3674 2759 3821 2829 ἡμᾶς

2229 2850 2330 2922 τῆς
2378 2851 2702 2922 Ἐκκλησίας
2727 2852 2821 2905 τοῦ
2846 2851 2981 2905 Θεοῦ
3013 2852 3261 2923 πολέμιοι
3292 2836 3691 2915 καταστάντες,
3723 2853 3823 2923 ἄρ-

2231 2959 2418 3013 χοντες
2469 2941 2564 2996 τοῦ
2613 2942 2808 3008 αἰῶνος
2855 2943 3045 2997 τούτου
3081 2945 3176 2997 καὶ
3205 2942 3501 3015 τύραννοι,
3539 2943 3820 3015 θεηλάτοις

2234 3034 2482 3106 μάστιξιν
2506 3036 2843 3101 αἰκισθέντες
2905 3036 3062 3107 (1)·οί
3102 3037 3198 3106 μὲν
3226 3036 3418 3107 σήψεις
3442 3035 3540 3091 τοῦ
3570 3035 3820 3105 σώματος

2230 3122 2527 3195 ὑπέμειναν
2546 3164 2560 3189 ,
2610 3124 2685 3189 ὡς
2718 3126 2812 3179 καὶ
2839 3124 3126 3197 σκώληκας
3176 3126 3236 3190 ἐξ
3264 3125 3443 3179 αὐτῶν
3493 3125 3574 3179 ἔτι
3603 3126 3822 3190 ζώντων

549 3230 658 3285 sibi
688 3228 959 3299 ﬂagellum
998 3227 1518 3293 animadverterent,
1560 3225 2004 3296 palinodiamque
2033 3242 2128 3283 ca-

2235 3216 2349 3288 μετ’
2380 3216 2653 3288 ἀφορήτου
2689 3216 2952 3280 δυσωδίας
2986 3215 3168 3287 βρύειν
3188 3233 3201 3245 ·
3245 3217 3297 3269 οἱ
3324 3216 3380 3269 δὲ
3427 3214 3525 3281 τὰς
3557 3215 3706 3284 ὄψεις
3738 3214 3821 3269 ἔτι

550 3329 766 3385 nerent,
819 3335 884 3374 ac
925 3318 1183 3374 Ecclesiae
1217 3318 1389 3372 Deum
1432 3332 1689 3387 magnum
1723 3333 2041 3389 verumque,
2073 3327 2127 3374 et

550 3414 728 3469 solum
753 3428 875 3468 esse
897 3411 1189 3466 Dominum
1216 3409 1628 3475 confiterentur,
1651 3425 1971 3481 summaque
1991 3424 2124 3465 cura

548 3505 905 3575 praeciperent
941 3513 1001 3558 ut
1051 3503 1244 3559 civitas
1276 3502 1367 3555 illa
1418 3500 1535 3567 Dei,
1580 3500 1649 3555 ab
1694 3515 1755 3555 se
1781 3501 1911 3555 olim
1946 3503 2127 3574 impu-

546 3606 750 3668 gnata,
839 3602 1246 3653 restauraretur
1317 3609 1381 3648 ac
1439 3593 1620 3648 denuo
1691 3600 2121 3649 construeretur.

542 3688 699 3755 Quod
729 3697 920 3759 postea
953 3687 1194 3751 additur,
1240 3687 1295 3741 in
1325 3686 1518 3756 spiritu
1569 3685 1853 3740 uehementi
1887 3695 2124 3741 conteres

543 3797 697 3835 naves
727 3778 980 3843 Tharsis;
1032 3780 1148 3835 sive
1180 3778 1482 3833 secundum
1513 3778 1787 3848 Aquilam,
1822 3779 1877 3831 in
1932 3780 2124 3847 spiritu

540 3881 723 3927 urente
752 3873 979 3926 conteris
1010 3887 1163 3925 naves
1197 3869 1239 3924 Τ
1242 3869 1452 3931 Itarsis;
1484 3869 1599 3925 sive
1632 3869 1931 3925 secundum
1966 3869 2125 3940 Sym-

541 3963 817 4027 machum,
869 3978 959 4031 per
1000 3970 1209 4015 ventum
1252 3959 1535 4013 violentum
1601 3959 1898 4030 confringes
1966 3976 2121 4014 naves

542 4051 799 4115 Tharsis;
852 4052 1121 4121 intelliges
1151 4054 1198 4105 si
1248 4051 1654 4104 animadvertas
1683 4049 1889 4104 dictum
1924 4049 2118 4116 fuisse,

538 4159 705 4198 naves
728 4142 956 4198 Tharsis
983 4144 1227 4212 ingentes
1259 4142 1477 4197 divitias
1503 4142 1783 4198 Salomoni
1810 4142 2117 4208 advexisse,

538 4244 701 4306 prout
730 4236 787 4289 in
820 4233 1130 4305 Regnorum
1162 4235 1391 4289 historia
1436 4243 1693 4290 narratur
1721 4237 1803 4303 1";
1846 4245 2009 4306 atque
2044 4236 2121 4290 ita

538 4332 962 4379 memoratorum
1004 4340 1193 4395 regum
1242 4323 1464 4379 divitias
1488 4334 1541 4380 et
1562 4325 1903 4380 dominatum
1931 4336 2120 4383 conte-

538 4415 729 4480 renda,
762 4431 827 4471 ac
850 4415 1007 4485 quasi
1038 4416 1093 4469 in
1142 4415 1474 4485 profundum
1506 4417 1725 4487 penitus
1755 4402 2120 4488 demergenda

539 4518 701 4578 atque
740 4523 966 4580 prorsus
997 4507 1295 4562 auferenda
1328 4523 1474 4573 esse,
1518 4525 1616 4580 per
1646 4511 1919 4565 contritas
1949 4526 2117 4567 naves

538 4600 767 4655 Tharsis
798 4600 1204 4655 subindieatur.

2234 3307 2433 3373 ζῶντες
2470 3306 2866 3378 ἐπηρώθησαν,
2898 3306 2975 3371 ὼς
3020 3308 3115 3361 καὶ
3151 3308 3229 3372 εἰς
3264 3306 3613 3379 συναίσθησιν
3647 3307 3819 3361 ἐλθεῖν

2229 3402 2329 3471 τῆς
2358 3397 2765 3469 καταλαϐούσης
2793 3398 2988 3461 αὐτοὺς
3018 3397 3278 3470 θεηλάτου
3304 3400 3565 3469 μάστιγος
3583 3438 3597 3464 ,
3630 3397 3820 3452 παλιν-

2231 3493 2394 3564 ῳδίαν
2440 3509 2499 3544 τε
2532 3488 2660 3562 ᾇσαι
2713 3490 2808 3543 καὶ
2852 3490 2942 3543 τὸν
2984 3490 3086 3561 τῆς
3129 3490 3451 3560 Ἐκκλησίας
3478 3490 3609 3543 Θεὸν
3644 3490 3819 3561 μέγαν

2232 3585 2371 3639 εἶναι
2398 3584 2493 3637 καὶ
2521 3565 2696 3654 ἁληθῆ
2720 3583 2813 3636 καὶ
2848 3583 3006 3654 μόνον
3034 3584 3238 3655 Κύριον
3264 3583 3625 3654 ὁμολογῆσαν
3650 3599 3820 3654 προσ-

2229 3677 2389 3744 τάξαι
2433 3677 2489 3730 δέ
2524 3679 2619 3731 σὺν
2669 3675 2838 3747 πολλῇ
2877 3676 3083 3745 σπουδῇ
3113 3674 3467 3730 ἀνανεοῦσθαι
3492 3676 3585 3728 καὶ
3608 3674 3817 3728 οἰκοδο-

2234 3772 2355 3839 μεῖν
2383 3767 2481 3838 τὴν
2511 3768 2676 3820 πάλαι
2726 3766 2860 3838 πρὸς
2910 3766 3087 3820 αὐτῶν
3120 3766 3517 3836 πολεμηθείσαν
3543 3764 3637 3819 τοῦ
3679 3766 3817 3819 Θεοῦ

2230 3862 2404 3915 πόλιν.
2458 3861 2531 3915 Τὸ
2562 3861 2607 3914 δ’
2642 3860 2771 3930 ἑξῆς
2800 3859 3089 3935 εἰρημένον
3110 3876 3123 3889 ·
3189 3861 3286 3915 Ἐν
3318 3861 3609 3929 πνεύματι
3635 3859 3817 3925 βιαίῳ

2230 3955 2583 4022 συντρίψεις
2609 3953 2791 4007 πλοῖα
2852 3952 3134 4020 Θαρσεῖς·
3169 3952 3201 4023 ἢ
3238 3952 3376 4005 κατὰ
3409 3952 3501 4006 τὸν
3546 3951 3774 4005 Ἀκύλαν
3798 3968 3810 3981 ·

2243 4048 2345 4101 Ἐν
2384 4047 2675 4115 πνεύματι
2729 4045 3046 4110 καύσωνος
3088 4046 3427 4112 συντρίϐεις
3463 4043 3616 4113 νῆας
3664 4045 3814 4112 Εὶαρρ

2228 4140 2359 4206 σεῖς
2378 4158 2391 4170 ο
2416 4140 2456 4212 ἤ
2481 4140 2620 4193 κατὰ
2654 4140 2742 4193 τὸν
2776 4139 2846 4192 Σύ
2857 4156 3091 4210 μμαχοψ
3108 4140 3187 4193 Δι’
3210 4137 3434 4209 ἀνέμου
3452 4138 3659 4203 βιαίου
3683 4155 3821 4213 κατ-η

2226 4231 2423 4298 εάξεις
2472 4232 2626 4297 ναῦς
2693 4231 2945 4300 Θαρσεῖς
2964 4250 2975 4261 ·
3014 4234 3226 4303 νοήσεις
3252 4231 3552 4301 ἐπιστήσας
3583 4232 3659 4295 ὡς
3688 4214 3826 4301 νῆες’

2226 4324 2459 4394 Θαρσεῖς
2481 4323 2729 4393 ἐλέγοντο
2749 4323 2976 4378 πλοῦτον
3006 4324 3176 4394 μέγαν
3203 4323 3386 4396 φέρειν
3406 4321 3485 4392 τῷ
3510 4319 3814 4391 Σολομῶντι

2225 4418 2355 4471 ποτὲ
2387 4417 2527 4471 κατὰ
2560 4418 2657 4487 τὴν
2686 4418 2925 4489 ἱστορίαν
2954 4418 3053 4488 τὴν
3079 4420 3135 4471 ὲν
3164 4420 3283 4480 ταῖς
3307 4415 3613 4477 Βασιλείαις
3637 4410 3815 4481 κειμέ-

2225 4524 2343 4578 νην.
2387 4507 2574 4571 Οῦτως
2599 4504 2692 4561 οῦν
2726 4508 2956 4561 καὶτῶν
2985 4507 3391 4579 προλεχθέντων
3426 4504 3689 4577 βασιλέων
3721 4501 3812 4556 τὸν

2226 4599 2454 4655 πλοῦτον
2475 4601 2570 4654 καὶ
2585 4598 2684 4670 τὴν
2697 4600 3013 4655 δυναστείαν
3037 4598 3512 4670 συντριϐήσεσθαι,
3533 4594 3814 4649 ὀλόστολόν

536 4711 594 4748 τε
621 4693 875 4748 καὶκατὰ
930 4690 1105 4762 βυθῶν
1161 4692 1452 4762 χωρήσειν,
1480 4764 1483 4769 Ξ
1519 4691 1798 4757 παντελῶς
1823 4710 1883 4746 τε
1913 4692 2378 4765 ἀφανισθήσεσθαι
2402 4734 2416 4757 ,
2468 4695 2497 4745 ὁ
2527 4690 2683 4760 λόγος
2715 4689 2934 4761 ᾐνίξατο
2964 4691 3053 4745 διὰ
3098 4690 3207 4744 τῶν
3236 4691 3379 4762 νηῶν
3415 4690 3648 4761 Θαρσεῖς
3702 4686 3811 4741 τῶν

537 4788 791 4861 συντριὸο
797 4788 990 4859 μένων.

608 4879 773 4935 Vens.
810 4880 864 4935 9.
906 4878 1056 4934 Sicut
1081 4877 1405 4945 audivimus,
1433 4880 1510 4933 ita
1541 4890 1588 4933 et
1627 4882 1855 4935 vidimus
1890 4883 1943 4935 in
1979 4883 2109 4936 civi-

2286 4876 2564 4945 Καθάπερ
2588 4878 2958 4944 ἠκούσαμεν,
2985 4873 3175 4939 οὕτως
3205 4873 3303 4926 καὶ
3340 4871 3582 4942 εἴδομεν
3605 4871 3674 4924 ἐν
3704 4875 3813 4927 πό-

537 4981 644 5027 tate
668 4972 883 5026 Domini
912 4973 1194 5038 uirtutum,
1227 4974 1282 5026 in
1312 4972 1520 5026 civitate
1562 4971 1659 5027 Dei
1713 4975 1883 5027 nostri
1918 4990 1935 5027 :
1966 4974 2108 5030 Deus

2231 4974 2306 5026 ιει
2337 4970 2559 5039 Κυρίου
2592 4967 2711 5022 τῶν
2760 4965 3077 5036 δυνάμεων
3100 5006 3115 5031 ,
3174 4964 3245 5019 ἐν
3291 4964 3467 5018 πόλει
3520 4964 3625 5017 τοῦ
3661 4963 3812 5018 Θεοῦ

534 5062 923 5133 [αηάαυὶιειιιη
963 5065 1015 5118 in
1046 5075 1328 5119 aeternum.
1379 5063 1601 5133 Antiqui
1657 5079 1725 5119 ex
1783 5065 1985 5120 divinis
2036 5068 2114 5121 le—

2231 5062 2415 5132 ἠμῶν·
2465 5065 2497 5115 ὀ
2531 5060 2674 5126 Θεὸς
2702 5058 3098 5128 ἐθεμελίωσεν
3127 5055 3322 5124 αὐτὴν
3350 5059 3434 5122 εἰς
3470 5055 3577 5109 τὸν
3606 5055 3809 5109 αἰῶνα.

534 5156 811 5211 ctionibus
845 5157 1021 5211 solum
1055 5155 1404 5227 propheticas
1434 5154 1534 5210 has
1560 5169 1723 5210 voces
1743 5163 2110 5226 acceperunt;

2231 5156 2282 5207 Di
2310 5155 2475 5208 πάλαι
2504 5155 2600 5224 μὲν
2621 5155 2818 5225 ἤκουον
2845 5151 2978 5206 αὐτὸ
3008 5152 3167 5222 μόνον
3188 5148 3297 5203 τῶν
3322 5147 3677 5222 προφητικῶν
3700 5163 3812 5216 φω-

534 5263 682 5302 nunc
717 5255 921 5311 autem,
953 5263 1076 5301 cum
1110 5247 1247 5318 ipsis
1295 5246 1464 5301 rebus
1501 5247 1670 5317 gestis
1712 5248 2112 5317 praadictiones

2231 5246 2320 5300 "IN
2359 5249 2422 5300 ἐκ
2470 5246 2581 5300 τῶν
2636 5246 2795 5317 ἱερῶν
2826 5243 3301 5315 ἀναγνωσμάτων·
3350 5243 3469 5294 νυνὶ
3519 5240 3577 5294 δὲ
3628 5240 3810 5301 αὐτοῖς

534 5340 785 5408 impletas
807 5340 1015 5404 vident,
1049 5339 1125 5393 ita
1147 5339 1335 5394 fantur
1367 5358 1380 5393 :
1410 5337 1562 5394 Sicut
1587 5338 1916 5405 audivimus,
1958 5340 2035 5393 ita
2054 5348 2105 5394 et

2231 5340 2501 5412 τράγμασι
2535 5339 2603 5394 τὰ
2648 5338 3066 5410 ἀποτελέσματα
3088 5337 3197 5391 τῶν
3222 5336 3582 5410 προρρήσεων
3614 5330 3788 5401 ὀφθαλ

606 5494 651 5527 ⁸⁸
687 5493 834 5549 Psal.
868 5510 943 5547 vn
966 5536 981 5567 ,
1013 5494 1203 5549 45-17.
1282 5494 1325 5525 "
1374 5490 1442 5546 ill
1462 5491 1598 5565 Reg.
1631 5511 1666 5549 χ
1694 5534 1708 5559 ,
1742 5493 1839 5548 22.

607 5614 681 5682 (l)
723 5613 943 5669 Scilicet
969 5614 1218 5670 Galerius
1254 5612 1638 5668 Maximianus.
1678 5611 1818 5665 Vide
1861 5610 2095 5682 Lactan-

535 5680 670 5737 tium
706 5682 777 5737 De
806 5686 1018 5740 mortib.
1048 5695 1462 5753 persecutorum,
1489 5700 1539 5738 c.
1574 5685 1666 5745 55;
1709 5682 1909 5737 Euseb.
1949 5680 2092 5753 Hist.

538 5752 686 5816 ert-1.,
740 5769 787 5807 c.
824 5755 914 5814 26,
931 5763 985 5809 et
1019 5752 1177 5809 alios.
1204 5755 1453 5824 Sequens
1486 5754 1580 5824 qui
1623 5753 1812 5824 oetLlos
1846 5752 2099 5824 amisisse

538 5825 731 5885 fertur,
765 5834 848 5877 est
884 5824 1234 5890 Maximinus,
1290 5822 1356 5879 de
1410 5822 1517 5890 quo
1550 5823 1671 5878 vide
1708 5822 1907 5878 Euseb.
1948 5823 1979 5875 l.
2028 5837 2102 5886 ιι,

2202 5622 2251 5663 e.
2293 5608 2382 5671 10,
2420 5616 2473 5663 et
2504 5608 2851 5665 Lactantium
2884 5608 2957 5662 De
2993 5618 3153 5663 mort.
3177 5624 3343 5679 pars“
3376 5627 3426 5667 c.
3460 5612 3548 5667 49.
3576 5609 3805 5666 υιτιιηιν

2205 5695 2311 5748 que
2340 5687 2545 5745 autem,
2570 5681 2821 5750 deposita
2852 5681 3125 5736 adversus
3174 5681 3531 5737 Christianos
3565 5681 3798 5750 saevitia,

2205 5751 2383 5872 edicta
2405 5751 2463 5806 in
2494 5748 2711 5805 illorum
2744 5753 2975 5821 gratiam
3009 5750 3266 5807 emisisse
3300 5761 3491 5806 narrat
3523 5752 3670 5807 idem
3696 5748 3806 5806 En-

2215 5836 2273 5873 se
2315 5834 2422 5873 ius.
