4138 6386
425 340 529 394 Hii

1559 357 2067 414 COMMENTARIA
2101 359 2169 416 ΙΝ
2201 363 2332 420 PSA
2341 368 2540 426 LMOS.

3582 391 3686 444 H6

425 459 546 550 ξιοῖς
561 459 792 530 ὁρῶντες
821 465 950 532 φασί
975 483 988 495 ⁸
1010 469 1283 539 Καθάπερ
1307 470 1674 545 ἠκούσαμεν,
1699 479 1886 554 οὕτως
1911 501 1978 536 κο

425 551 658 577 ..ῗέ-.....-
737 555 812 577 Α-ὶ
848 559 956 577 --σς-
1031 559 1080 577 .δ
1245 564 1256 577 ι
1516 567 1558 577 ...
1734 573 1745 577 -
1775 573 1810 577 __
1912 575 1919 577 _

2081 531 2083 545 .
2119 488 2368 547 uidimus.
2398 493 2580 560 Quare
2622 496 2739 554 haec
2779 499 3027 559 dicentes
3057 501 3138 558 sic
3167 504 3466 577 alloquitur
3495 508 3688 566 Salva-

423 537 676 620 ἐτὸομεν.
727 555 818 607 Διὸ
845 559 957 620 τοῖς
987 559 1158 614 ταῦτα
1190 537 1486 632 φάσκουσιν
1513 537 1698 638 ἔλεγεν
1723 547 1750 624 ὅ
1775 537 2000 646 Σωτήρἑ

419 641 642 730 ῌολλοὶ
675 645 974 714 προφῆται
1025 650 1122 704 καὶ
1169 652 1386 708 δίκαιοι
1434 658 1826 730 ἐπεθύμησαν
1857 641 2006 720 ἰδεῖν

419 729 456 782 ιι
481 731 650 799 ὑμεῖς
669 733 932 797 ,Βλέπετε
955 755 968 768 -
1011 742 1144 805 καὶ,
1193 743 1386 814 Ὑμῶν
1414 747 1484 801 δὲ
1507 729 1786 820 μακάριοι
1811 757 1868 809 οἱ
1899 759 2005 827 ἀρ-

416 823 630 922 θαλιιοὶ
649 865 664 888 ,
699 827 788 880 ὅτι
807 829 1174 892 βλέπουσιν.
1235 837 1484 910 Ἀμμόζοι
1512 842 1555 895 δ’
1589 844 1654 898 ἂν
1694 848 1785 900 καὶ
1810 823 1946 920 ἡμῖν
1969 853 2000 922 ἡ

415 916 635 990 τοιαύτη
665 921 816 993 φωνὴ
840 966 853 987 ,
888 925 955 977 τὰ
981 927 1140 998 ὃμοια
1165 931 1511 1003 τεθεαμένοις
1539 939 1676 992 κατὰ
1705 943 1830 1004 τσὺς
1867 945 2000 1014 ἡμε-

418 1006 606 1078 τέρους
631 1012 854 1084 χρόνους
873 1033 887 1046 ·
909 1017 945 1069 ἂ
971 1019 1032 1090 δὴ
1063 1023 1158 1074 καὶ
1189 1023 1490 1096 ἐπληροῦτο
1514 1031 1571 1081 ἐν
1594 1034 1658 1101 τῇ
1689 1006 1999 1104 προλεχθεί-

417 1115 486 1172 σῃ
517 1103 692 1170 πόλει,
733 1107 800 1177 ἢν
830 1110 931 1162 οὐκ
957 1111 1276 1183 ἄνθρωπος,
1313 1118 1427 1171 ἀλλ’
1462 1121 1622 1186 αὐτὸς
1648 1125 1676 1175 ὁ
1704 1125 1836 1190 Θεὸς
1880 1103 1999 1181 ἐθε-

414 1193 680 1263 μελίωσεν
717 1201 797 1263 είς
824 1203 916 1255 τὸν
940 1205 1132 1258 αἰῶνα.
1205 1209 1453 1264 Μάλιστα
1503 1215 1612 1284 γὰρ
1655 1217 1774 1271 τότε
1828 1221 1999 1292 αὐτῆς

413 1285 658 1352 φαίνεται
687 1290 715 1341 ὁ
735 1289 982 1363 θεμέλιος
1007 1297 1242 1363 αἰώνιος,
1264 1301 1297 1372 ἦ
1319 1319 1375 1354 τε
1402 1304 1654 1378 οἰκοδομὴ
1683 1310 1782 1363 οὐκ
1813 1311 1872 1378 ἐξ
1897 1313 1995 1365 ἀν-

409 1375 644 1448 θρώπων
675 1382 931 1457 ἱδρυμένη
953 1428 968 1450 ,
1007 1389 1120 1441 ἀλλ’
1147 1390 1204 1457 ἐξ
1229 1393 1393 1446 αὐτοῦ
1436 1396 1528 1448 τοῦ
1555 1375 1689 1452 Θεοῦ
1710 1440 1724 1460 ,
1753 1375 1993 1466 ἐπειδὰν,

409 1469 678 1525 τοσούτων
727 1475 1000 1547 πολεμίων
1049 1482 1516 1554 πολιορκούντων,
1591 1491 1858 1564 ἀήττητος
1901 1497 1995 1550 καὶ

409 1560 770 1634 ἀκαθαίρετος
807 1563 1058 1642 διαμένῃ.

480 1653 638 1706 Κατὰ
664 1653 730 1706 τὸ
759 1655 946 1725 ὅνομά
974 1677 1088 1713 σου
1107 1703 1123 1726 ,
1159 1665 1190 1714 ὀ
1213 1664 1357 1730 Θεὸς
1379 1707 1392 1730 ,
1427 1667 1614 1734 οὕτως
1647 1671 1744 1724 καὶ
1777 1673 1814 1738 η
1843 1675 1994 1728 αἴνε-

405 1741 510 1808 σίς
532 1761 646 1798 σου
663 1747 759 1800 ἐπὶ
787 1749 857 1803 τὰ
879 1752 1100 1820 πέρατα
1121 1755 1226 1822 τῆς
1253 1755 1365 1825 γῆς
1383 1775 1396 1787 ⁸
1422 1757 1813 1830 δικαιοσύνης
1841 1766 1992 1832 πλή-

2107 589 2194 636 ῑοι·
2225 601 2238 636 :
2291 583 2453 640 Multi
2505 592 2766 658 prophetae
2811 605 2862 647 et
2907 596 3042 663 iusti
3069 598 3344 654 voluerunt
3371 604 3542 658 videre
3569 622 3686 675 qua:

2106 689 2195 728 vos
2227 675 2412 731 videtis
2435 679 2480 710 ⁹⁰
2507 697 2522 746 ;
2553 688 2635 734 et:
2681 681 2856 738 Vestri
2890 694 3068 740 autem
3093 689 3236 744 beati
3261 693 3424 757 oculi,
3449 696 3575 764 quia
3607 697 3686 750 vi-

2105 763 2230 818 dent
2255 767 2320 818 '1.
2355 765 2523 824 Nobis
2549 787 2768 842 quoque
2805 775 2923 830 haec
2953 793 3058 833 vox
3089 789 3383 850 competat,
3416 763 3510 854 qui
3543 793 3683 840 tem-

2105 857 2334 926 poribus
2359 864 2564 918 nostris
2596 865 2797 920 similia
2831 868 3069 926 vidimus
3095 871 3152 926 in
3177 873 3435 942 praedicta
3459 877 3678 932 civitate

2103 945 2358 1018 impleta;
2392 969 2554 1022 quam
2589 971 2694 1010 non
2736 958 2920 1026 homo,
2957 963 3051 1017 scd
3098 963 3214 1033 ipse
3241 965 3383 1022 Deus
3431 967 3678 1024 fundavit

2103 1038 2160 1092 in
2206 1042 2489 1099 smculum.
2541 1043 2696 1103 Tunc
2743 1066 2912 1120 porro
2965 1054 3204 1110 maxime
3259 1056 3672 1116 fundamentum

2100 1130 2222 1197 ejus
2247 1141 2538 1200 aeternum,
2582 1148 2970 1214 structuraque
3019 1146 3168 1203 illius
3203 1164 3313 1204 non
3341 1151 3410 1206 ab
3438 1151 3674 1208 homini—

2101 1222 2206 1280 bus
2242 1227 2480 1282 excitata
2511 1231 2748 1298 videtur,
2787 1235 2882 1290 sed
2916 1237 2986 1291 ab
3028 1238 3148 1308 ipso
3178 1238 3324 1308 Deo;
3357 1258 3480 1298 cum
3519 1246 3673 1300 obsi-

2098 1313 2358 1372 dentibus
2413 1325 2499 1372 tot
2556 1321 2814 1389 inimicis,
2875 1327 3076 1383 invicta
3123 1337 3178 1384 et
3237 1332 3672 1405 inexpugnabilis

2097 1413 2302 1460 manet.

2167 1665 2332 1722 Vens.
2355 1667 2448 1732 "ii,
2477 1669 2562 1722 12.
2593 1670 2892 1728 Secundum
2922 1693 3105 1732 nomen
3137 1683 3486 1750 tuum,Deus,
3519 1689 3594 1742 sic
3622 1698 3672 1743 et

2091 1758 2214 1812 tatis
2241 1768 2334 1812 tua
2355 1761 2408 1812 in
2429 1761 2558 1830 ﬁnes
2581 1771 2734 1818 terra:
2757 1781 2776 1818 :
2790 1765 3013 1834 justitia
3037 1771 3195 1840 plena
3219 1785 3296 1826 est
3319 1775 3538 1831 dextera
3557 1788 3671 1836 tua.

401 1853 518 1902 ¹ρης
539 1838 578 1904 ἡ
607 1837 775 1902 δεξιά
793 1858 930 1897 σου.
973 1844 1356 1920 Ἐπειδήπερὴ
1384 1851 1532 1917 δεξιά
1553 1853 1715 1906 αὐτοῦ
1735 1897 1748 1919 ,
1779 1858 1810 1926 ἡ
1839 1859 1978 1928 εὐερ-

2098 1858 2371 1924 Quoniam
2425 1861 2665 1916 benefica
2720 1863 2840 1932 ejus
2893 1865 3138 1932 dextera,
3168 1885 3289 1938 quae
3315 1870 3460 1924 bona
3486 1873 3666 1926 omnia

405 1930 594 2001 γετικὴ
626 1932 718 1984 καὶ
757 1935 972 1988 πάντων
1005 1938 1115 1990 τῶν
1142 1941 1361 2008 ἀγαθῶν
1397 1946 1666 2015 πάροχος,
1703 1948 1991 2020 πεπλήρω-

396 2035 492 2074 ται
529 2023 770 2094 ἰσότητος
803 2029 897 2079 καὶ
929 2027 1272 2102 δικαιοσύνης
1295 2074 1309 2097 ,
1337 2036 1438 2088 οὐκ
1465 2036 1579 2089 ἐστι
1609 2055 1665 2090 τε
1699 2056 1990 2110 προσωπο-

403 2109 570 2180 ληῷία
595 2113 724 2185 παρ’
744 2115 892 2186 αὐτῷ
909 2133 922 2145 ·
949 2119 1175 2184 εἰκότως
1202 2121 1262 2174 τὸ
1319 2125 1644 2192 Εὑαγγέλιον
1675 2109 1839 2181 πᾶσιν
1864 2130 1991 2199 ἐκη-

403 2201 628 2270 ρύττετο
649 2209 762 2270 τοῖς
781 2203 976 2261 ἔθνεσι.
1013 2211 1104 2264 Διό
1126 2230 1290 2283 φησιν
1318 2217 1345 2267 ὁ
1379 2216 1704 2283 Ἀπόστολος
1725 2237 1737 2249 '
1771 2224 1852 2274 υῠ
1881 2223 1989 2291 γὰρ

401 2293 838 2364 ἐπαισχύνομαι
867 2299 934 2352 τὸ
962 2304 1352 2373 Εὐαγγέλιον.
1407 2309 1664 2378 Δύναμις
1695 2313 1806 2380 γὰρ
1840 2315 1988 2368 Θεοῦ

399 2383 570 2436 ἐστιν
601 2389 688 2452 εἰς
732 2392 1034 2456 σωτηρίαν
1067 2396 1244 2448 παντὶ
1275 2395 1355 2462 τῷ
1387 2401 1732 2453 πιστεύοντι
1759 2443 1772 2466 ,
1839 2403 1986 2456 Ἰου-

401 2473 546 2540 δαίῳ
569 2493 632 2530 τε
652 2477 884 2544 πρῶτον
901 2483 998 2534 καὶ
1023 2485 1290 2554 Ἕλληνι.
1318 2491 1676 2560 Δικαιοσύνη
1705 2493 1813 2562 γὰρ
1839 2495 1986 2548 Θεοῦ

393 2565 469 2617 ἐν
491 2567 652 2633 αὐτῷ
671 2569 1174 2632 ἀποκαλύπτεται.
1229 2577 1448 2644 Τούτοις
1469 2583 1775 2648 ἀκολούθως
1801 2587 1983 2639 ἐπιλέ-

400 2675 556 2725 γεται
592 2657 751 2728 ἑξῆς·
789 2665 1193 2734 Εὺςερανθῆτω
1217 2674 1365 2736 ὅρος
1398 2673 1551 2726 Σιών
1571 2691 1583 2704 ·
1616 2675 1774 2729 τοῦτο
1802 2678 1858 2730 δὲ
1891 2680 1987 2731 καὶ

395 2751 487 2804 διὰ
519 2752 628 2804 τῶν
661 2753 968 2825 ἔμπροσθεν
1012 2759 1264 2830 ὲδηΑιῦτο
1287 2803 1301 2826 ,
1355 2764 1442 2834 ἐφ’
1561 2767 1916 2839 τεθεμελίωτο
1949 2775 1982 2842 ἡ

412 2844 724 2915 Ἐκκλησία.
803 2849 868 2902 Ἡ
901 2849 1074 2919 πέτρα
1106 2847 1196 2905 οὖν
1254 2857 1349 2908 καὶ
1381 2857 1442 2910 τὸ
1473 2858 1598 2930 ὅρος
1649 2861 1810 2924 αὐτὸς
1853 2859 1922 2934 ἦν
1953 2866 1984 2918 ὁ

395 2929 648 3002 Χριστός.
708 2937 902 3008 Χαίρει
931 2939 1110 2993 τοίνυν
1138 2942 1231 2994 καὶ
1264 2944 1444 3014 πάσης
1475 2929 1812 3020 εὖφροσύνης
1843 2929 1981 3022 πλη-

397 3025 585 3094 ροῦται
643 3027 736 3080 ἐπὶ
785 3031 849 3098 τῇ
887 3032 1097 3104 μεγάλῃ
1132 3035 1219 3086 ἐπ’
1250 3035 1398 3106 αὐτῷ
1428 3039 1681 3112 οἰκοδομῇ
1708 3081 1722 3104 ,
1775 3043 1868 3094 καὶ
1912 3047 1979 3117 τῇ

393 3116 807 3190 ἀκαταμαχήτῳ
838 3122 1022 3187 πόλει,
1065 3125 1158 3178 καὶ
1206 3127 1488 3199 συγχαίρει
1511 3132 1626 3194 τοῖς
1656 3116 1980 3203 σωζομένοις

2095 1951 2381 2024 elargitur,
2419 1955 2791 2023 aequabilitate
2821 1963 2876 2012 et
2911 1958 3126 2026 justitia
3159 1961 3320 2030 plena
3352 1969 3457 2025 est,
3491 1979 3669 2034 neque

2094 2041 2206 2094 ulla
2256 2051 2342 2098 est
2393 2043 2539 2112 apud
2591 2044 2771 2113 ipsum
2819 2063 3182 2117 personarum
3220 2053 3500 2121 acceptio;
3543 2053 3668 2122 jure

2093 2131 2441 2204 Evangelium
2469 2135 2724 2191 omnibus
2751 2139 3006 2206 gentibus
3027 2140 3666 2210 prmdicabatur.Quarn—

2087 2224 2275 2277 obrem
2349 2224 2528 2293 inquit
2574 2224 2874 2295 Apostolus
2939 2247 2952 2282 :
3017 2228 3143 2283 Non
3200 2233 3340 2284 enim
3418 2231 3665 2287 erubesco

2093 2312 2458 2384 Evangelium.
2503 2314 2680 2370 Virtus
2707 2319 2846 2371 enim
2878 2319 2977 2374 Dei
3028 2332 3107 2375 est
3145 2323 3200 2376 in
3249 2323 3474 2377 salutem
3522 2327 3666 2378 omni

2089 2404 2340 2472 credenti,
2376 2405 2570 2461 Judtro
2601 2410 2829 2476 primum
2879 2419 2932 2464 et
2981 2411 3186 2465 erco.
3242 2411 3470 2467 Iustitia
3525 2415 3664 2468 enim

2088 2495 2188 2550 Dei
2235 2497 2292 2550 in
2335 2513 2393 2551 eo
2442 2499 2704 2554 reveletur
2735 2503 2802 2556 ”.
2841 2502 3256 2573 Consequenter
3290 2513 3474 2560 autem
3508 2505 3663 2560 addi-

2087 2597 2178 2644 tur
2210 2609 2223 2644 :
2258 2590 2491 2645 Laetetur
2519 2609 2669 2648 mons
2706 2593 2836 2650 Sion
2872 2611 2890 2648 :
2933 2597 3078 2666 quod
3123 2613 3191 2651 ex
3231 2598 3662 2665 praecedentibus

2088 2680 2429 2736 declaratum
2461 2691 2566 2746 est,
2599 2699 2726 2738 cum
2760 2685 2828 2740 de
2855 2683 3176 2741 fundatione
3219 2685 3480 2742 Ecclesiae
3533 2703 3661 2758 age-

2088 2777 2258 2825 retur.
2309 2771 2472 2826 Petra
2530 2774 2701 2842 igitur
2757 2783 2812 2828 et
2861 2791 3018 2832 mons
3061 2777 3178 2847 ipse
3217 2776 3476 2834 Christus
3517 2788 3658 2838 erat.

2085 2859 2298 2916 Gaudet
2327 2863 2512 2932 itaque
2539 2872 2607 2918 -et
2653 2865 2804 2919 omni
2855 2867 3042 2921 laetitia
3095 2868 3338 2938 repletur
3367 2869 3432 2924 de
3463 2885 3660 2940 magna

2085 2955 2138 3008 in
2165 2969 2224 3010 se
2253 2943 2812 3020 fundattfstructura,
2861 2972 2924 3012 ac
2970 2958 3038 3014 dc
3089 2959 3498 3032 inexpugnabili
3533 2962 3660 3016 civi—

2083 3047 2228 3107 tate;
2261 3047 2429 3111 atque
2456 3043 2688 3098 salutem
2728 3047 2908 3101 nacti's
2940 3047 3139 3102 salutis
3167 3056 3363 3104 auctor
3393 3050 3658 3108 Dominus

2081 3130 2423 3199 gratulatur;
2467 3132 2575 3186 imo
2624 3134 2788 3194 etiam
2821 3133 2944 3190 filiae
2969 3135 3171 3192 Judaeae
3201 3139 3479 3193 exsultant
3529 3155 3660 3209 pro-

383 3206 422 3256 ὁ
457 3203 644 3269 σώζων
675 3209 868 3274 αὐτοὺς
893 3212 1098 3283 Κύριος
1119 3230 1133 3243 ·
1178 3215 1313 3268 ἀλλὰ
1345 3219 1439 3270 καὶ
1467 3221 1522 3272 αἱ
1553 3220 1850 3295 θυγατέρες
1881 3225 1978 3296 τῆς

2083 3227 2204 3290 pter
2221 3221 2430 3290 judicia
2457 3222 2570 3278 Dei.
2599 3223 2858 3290 Quasnam
2893 3227 2999 3282 illae
3029 3227 3232 3284 fuerint
3258 3231 3365 3285 nisi
3393 3203 3658 3300 apostoli-

405 3296 664 3363 Ἰουδαίας
682 3303 1040 3371 ἀγαλλιῶνται
1061 3305 1246 3360 ἕνεκεν
1269 3309 1376 3362 τῶν
1401 3313 1686 3384 κριμάτων
1705 3315 1800 3369 τοῦ
1817 3317 1973 3370 Θεοῦ.

393 3389 550 3454 Τίνες
601 3393 646 3445 δ’
676 3393 741 3448 ἂν
769 3393 878 3450 εἷεν
921 3393 1077 3452 αὗτάι
1112 3399 1226 3452 ἀλλ’
1255 3401 1288 3472 ἣ
1335 3405 1390 3456 αἱ
1424 3405 1776 3462 ἀποστολικαὶ
1807 3409 1976 3480 ψυχαὶ

389 3482 484 3534 καὶ
508 3485 616 3548 πᾶς
634 3485 662 3536 ὁ
689 3485 797 3540 τῶν
820 3489 1076 3562 μαθητῶν
1097 3496 1192 3548 καὶ
1217 3497 1616 3567 εὐαγγελιστῶν
1647 3499 1742 3552 τοῦ
1769 3503 1974 3573 Κυρίου

385 3575 484 3628 καὶ
507 3576 758 3650 Σωτῆρος
789 3583 947 3654 ἡμῶν
975 3586 1147 3658 Ἰησοῦ
1171 3590 1405 3660 Χριστοῦ
1434 3593 1593 3661 χορὸς
1617 3591 1677 3656 ἐξ
1707 3593 1974 3650 Ἰουδαίων

383 3671 750 3740 γεγενημένος
770 3689 784 3738 ;
806 3676 1061 3748 Ἔχαιρόν
1075 3699 1138 3749 γε
1158 3683 1264 3755 μὴν
1288 3685 1380 3737 καὶ
1403 3686 1584 3757 πάσης
1601 3687 1973 3756 ἀγαλλιάσεως

387 3757 484 3810 καὶ
513 3758 780 3832 θυμηδίας
811 3766 1146 3838 ἐπληροῦντο
1177 3773 1265 3826 διά
1297 3775 1365 3828 τὰ
1392 3776 1576 3830 δίκαια
1615 3781 1853 3850 κρίματα
1877 3785 1972 3835 τοῦ

383 3852 524 3906 Θεοῦ
547 3871 560 3883 ο
598 3855 830 3928 ἐπείπερ
862 3857 927 3910 δι’
951 3862 1129 3915 αὐτῶν
1165 3867 1328 3919 πᾶσιν
1360 3869 1496 3938 ὁμοῦ
1526 3873 1635 3934 τοῖς
1669 3871 1845 3926 ἔθνεσι
1879 3877 1972 3928 καὶ

389 3945 553 3998 πᾶσιν
578 3947 885 4020 ἀνθρώποις
901 3954 1227 4024 ὲκηρύττετο
1248 3958 1306 4010 τὸ
1334 3962 1598 4030 σωτήριον
1619 3963 1966 4032 Εὑαγγὲλιον.

457 4061 820 4116 Κυκλώοάτε
855 4066 1010 4118 Σιὼν·
1028 4108 1041 4131 ,
1087 4071 1184 4122 καὶ
1213 4071 1556 4139 περιλάϐετε
1583 4077 1804 4145 αὐτὴν,
1854 4079 1972 4147 διη-

383 4150 658 4219 τήσασθε
683 4156 754 4208 ἐν
778 4157 903 4224 τοῖς
940 4159 1186 4230 πύργοις
1214 4165 1422 4233 αὐτῆς.
1463 4167 1648 4223 Θέσθε
1685 4171 1792 4236 τὰς
1828 4189 1968 4240 καρ-

379 4243 520 4310 δίας
545 4245 712 4314 ὑμῶν
747 4251 833 4315 εἰς
857 4249 970 4318 τὴν
1007 4251 1264 4324 δύναμιν
1300 4256 1488 4327 αὐτῆς
1512 4301 1526 4324 ,
1552 4260 1656 4314 καὶ
1695 4261 1966 4316 καταδιέ-

379 4339 568 4392 λεσθε
598 4339 706 4406 τὰς
754 4341 967 4412 ,βάρεις
1012 4345 1202 4415 αὐτῆς
1226 4388 1241 4408 ,
1283 4348 1442 4416 ὅπως
1474 4350 1549 4404 ἂν
1595 4351 1968 4423 διηγήσησθε

377 4431 472 4494 εὶς
491 4431 706 4498 γενεὰν
731 4432 959 4502 ἑτέραν.
998 4435 1121 4490 Ὅτι
1149 4433 1329 4505 οὗτός
1354 4441 1525 4494 ἐστιν
1542 4445 1576 4496 ὁ
1603 4443 1746 4509 Θεὸς
1775 4445 1963 4515 ἡμῶν,

2045 3339 2054 3348 -
2082 3327 2160 3366 ea:
2189 3313 2402 3378 animae,
2439 3321 2699 3385 totusque
2726 3317 3124 3387 discipulorum
3167 3321 3656 3388 evangelistarum-

2079 3419 2188 3474 que
2218 3403 2434 3460 Domini
2465 3414 2520 3461 et
2559 3405 2863 3464 Salvatoris
2906 3411 3084 3465 nostri
3117 3409 3246 3464 Jesu
3279 3409 3484 3464 Christi
3516 3411 3653 3464 cho-

2079 3512 2196 3560 rus,
2219 3513 2288 3552 ex
2313 3497 2516 3554 Iudaeis
2544 3501 2741 3554 ortus?
2781 3499 3133 3554 Lmtabantur
3181 3517 3367 3570 porro,
3406 3517 3470 3556 ac
3505 3503 3652 3556 omni

2078 3588 2444 3644 exsultatione
2476 3597 2533 3645 et
2573 3592 2740 3646 animi
2788 3591 2990 3663 gaudio
3021 3593 3394 3664 replebantur,
3431 3603 3652 3664 propter

2073 3679 2229 3749 iusta
2267 3679 2362 3738 Dei
2395 3682 2632 3751 judicia,
2680 3683 2810 3753 quia
2851 3684 3096 3753 ipsorum
3130 3686 3436 3738 ministerio
3474 3687 3651 3739 omni-

2075 3774 2180 3828 bus
2203 3789 2314 3827 una
2345 3775 2616 3844 gentibus,
2645 3776 3014 3846 omnibusque
3067 3777 3380 3831 hominibus
3411 3778 3648 3834 salutare

2079 3860 2434 3933 Evangelium
2465 3866 2919 3921 anuuntiabatur.

2152 4067 2321 4124 Vens.
2384 4069 2568 4124 15-15.
2635 4071 2974 4127 Circumdate
3039 4074 3188 4137 Sion,
3237 4087 3288 4128 et
3343 4077 3645 4144 complecti-

2075 4161 2204 4212 mini
2229 4177 2366 4224 eam,
2417 4171 2634 4216 narrate
2683 4164 2736 4216 in
2787 4165 3019 4220 turribus
3070 4167 3206 4234 ejus.
3262 4165 3451 4220 Ponite
3482 4171 3646 4223 corda

2073 4257 2243 4303 vestra
2283 4251 2340 4303 in
2389 4252 2575 4306 virtute
2606 4254 2741 4322 ejus,
2782 4263 2834 4307 et
2877 4255 3177 4309 distribuite
3207 4256 3390 4310 domos
3419 4258 3554 4322 eius,
3590 4271 3646 4311 ut

2066 4343 2330 4397 enarretis
2369 4344 2422 4396 in
2461 4347 2704 4414 progenie
2749 4347 2941 4400 altera.
2979 4349 3246 4414 Quoniam
3269 4349 3352 4401 hic
3380 4359 3460 4402 est
3502 4351 3644 4406 Deus

2071 4432 2212 4487 Deus
2240 4443 2438 4499 noster,
2473 4437 2581 4504 ipse
2614 4449 2792 4504 posset
2823 4456 2917 4492 nos
2949 4441 3004 4492 in
3033 4441 3254 4496 saecula.
3302 4440 3434 4508 Quae
3478 4459 3642 4514 supra

377 4521 568 4585 αὐτὸς
603 4527 880 4594 ποιμανεῖ
919 4526 1074 4596 ἡμᾶς
1111 4531 1198 4595 εἰς
1245 4530 1387 4597 τοὺς
1423 4531 1660 4601 αἰῶνας.
1741 4537 1822 4590 Τὰ
1867 4539 1966 4610 μὲν

2081 4523 2215 4578 dicta
2273 4535 2404 4580 sunt
2447 4529 2654 4592 omnia,
2709 4530 3038 4600 theOIOgiam
3073 4533 3356 4587 continent
3388 4535 3509 4602 ejus
3548 4537 3642 4604 qui

379 4613 745 4685 προλεχθέντα
765 4619 942 4672 πάντα
962 4619 1234 4688 θεολογίαν
1252 4623 1494 4693 περιέχει
1517 4625 1612 4679 τοῦ
1639 4627 1709 4681 τὰ
1729 4628 1967 4683 τοσαῦτα

377 4703 443 4757 ὲν
463 4707 770 4779 ἀνθρώποις
797 4711 1221 4783 κατωρθωκότος
1235 4733 1248 4744 ·
1274 4715 1344 4768 τὰ
1365 4715 1420 4768 δὲ
1445 4719 1776 4790 προκείμενα
1797 4739 1962 4792 προσ-

381 4801 639 4864 φωνεῖται
675 4801 755 4863 εἰς
783 4801 1074 4871 πρόσωπόν
1123 4821 1304 4866 τινων,
1335 4804 1410 4868 ὡς
1433 4805 1500 4858 ἂν
1525 4808 1622 4878 τὴν
1650 4809 1960 4880 προλεχθεῖ-

380 4905 482 4940 σαν
511 4889 664 4942 πόλιν
697 4891 789 4944 τοῦ
823 4892 957 4945 Θεοῦ
1001 4893 1304 4948 διαλάϐοιεν
1349 4897 1724 4964 κυκλώσαντες
1767 4901 1957 4972 αὐτὴν,

377 4977 473 5032 καὶ
502 4982 620 5044 ταῖς
649 4983 804 5052 χερσὶ
831 4983 1212 5054 περιλαϐόντες
1233 5003 1246 5014 ·
1283 4986 1358 5050 ὡς
1382 4987 1468 5051 ἂν,
1501 4991 1832 5062 πανταχόθεν
1858 4993 1956 5045 αύ-

375 5069 476 5141 τὴν
503 5074 1052 5144 περιστοιχισάμενοι,
1072 5075 1410 5143 φυλάττοιεν.
1427 5079 1546 5132 Τίσι
1565 5079 1620 5132 δὲ
1651 5076 1758 5152 ἆρα
1785 5099 1954 5154 προσ-

373 5161 627 5214 τάττεται
657 5163 827 5217 ταῦτα
857 5169 1028 5218 ποιεῖν
1049 5185 1062 5231 ;
1086 5163 1250 5238 Οἶμαι
1271 5206 1284 5230 ,
1333 5169 1413 5221 ὅτι
1444 5172 1564 5240 ταῖς
1593 5170 1692 5239 τὴν
1730 5173 1954 5245 Ἐκκλη-

377 5253 498 5306 σίαν
545 5253 639 5306 τοῦ
685 5255 820 5307 Θεοῦ
874 5257 966 5309 καὶ
995 5258 1054 5310 τὸ
1097 5259 1154 5310 ὲν
1187 5260 1324 5330 αὐτῇ
1361 5259 1609 5324 θεοσεϐὲς
1655 5263 1954 5338 πολίτευμα

375 5345 738 5416 φρουρούσαις
773 5349 944 5411 θείαις
981 5349 1272 5420 δυνάμεσιν
1301 5392 1314 5416 ,
1379 5353 1630 5419 ἀγγέλοις
1666 5371 1723 5406 τε
1757 5358 1950 5424 ἁγίοις.

371 5435 597 5501 Τούτοις
627 5435 720 5491 οὖν
771 5439 954 5502 αὐτοῖς
1007 5440 1068 5492 τὸ
1101 5441 1324 5512 Πνεῦμα
1355 5443 1416 5495 τὸ
1447 5443 1599 5512 ἅγιον
1649 5453 1959 5517 προσφωνεῖ

369 5525 562 5595 λέγον·
625 5529 988 5584 Κυκλώοάτε
1025 5529 1198 5596 Σιὼν,
1228 5531 1328 5586 καὶ
1363 5533 1707 5601 περιλάϐετε
1730 5537 1952 5604 αὐτήν·

369 5617 540 5686 ἤγουν
561 5661 575 5684 ,
611 5621 1078 5691 περιτειχίσατε,
1119 5623 1258 5676 κατὰ
1285 5624 1374 5676 τὸν
1421 5624 1734 5698 Σύμμαχον.
1812 5631 1956 5683 ’Av'ti.

447 5777 492 5807 “
531 5776 662 5830 Luc.
706 5793 735 5830 π
761 5819 776 5839 ,
815 5777 904 5832 2i.
982 5779 1024 5808 ἰ
1068 5779 1321 5840 ibid._25.
1397 5783 1442 5812 "
1486 5783 1644 5837 Rom.
1679 5798 1736 5849 t,
1771 5783 1858 5850 16,
1896 5783 1982 5839 i7.

652 5873 922 5933 ΡΑτιιοι..
957 5874 1073 5936 GR.
1123 5875 1359 5938 XXIII.

2069 4621 2151 4670 tot
2179 4623 2440 4686 tantaque
2466 4627 2617 4687 gesta
2653 4618 2710 4672 in
2736 4619 3050 4675 hominibus
3083 4621 3272 4677 edidit.
3309 4621 3432 4678 Haec
3460 4633 3641 4680 autem

2067 4709 2276 4777 profert
2298 4709 2364 4762 ad
2398 4725 2688 4780 personam
2715 4713 3100 4780 quorumdam,
3138 4723 3198 4767 ut
3229 4715 3295 4769 ad
3323 4717 3641 4786 praedictam

2067 4799 2162 4854 Dei
2209 4801 2485 4856 civitatem
2531 4802 2834 4857 concedant
2869 4805 3280 4861 circumdantes
3311 4809 3504 4875 ipsam,
3559 4810 3640 4878 ip-

2067 4891 2256 4961 sisque
2284 4894 2538 4966 mauiluts
2566 4897 3025 4964 complectantur,
3065 4906 3124 4950 ut
3165 4899 3639 4954 circumsistentes

2065 4984 2327 5053 undique,
2373 4985 2546 5053 ipsam
2583 4997 2858 5042 tueantur.
2909 4989 3250 5053 Quibusnam
3309 4990 3426 5044 haec
3481 5006 3640 5060 agere

2063 5077 2348 5146 praecipit?
2380 5077 2586 5132 Divinis
2617 5081 2857 5134 arbitror
2887 5083 3276 5149 potestatibus,
3303 5097 3424 5150 quae
3451 5081 3637 5136 Eccle—
3697 5095 3702 5100 '

2064 5167 2200 5220 siam
2257 5167 2348 5220 Dei
2411 5167 2639 5237 ejusque
2709 5170 3025 5240 religiosum
3091 5174 3401 5226 institutum
3458 5179 3636 5226 custo-

2060 5256 2241 5319 diunt,
2277 5261 2590 5330 sanctisque
2619 5263 2744 5316 item
2806 5264 3030 5334 angelis.
3087 5263 3197 5318 ilos
3248 5265 3432 5333 itaque
3484 5263 3635 5333 ipsos

2063 5349 2299 5420 Spiritus
2335 5361 2560 5407 sanctus
2588 5357 2880 5425 compellat
2913 5356 3001 5411 his
3032 5356 3214 5411 verbis
3242 5375 3253 5409 :
3293 5355 3633 5410 Circumdate

2061 5441 2214 5508 Sion,
2242 5451 2291 5495 et
2313 5444 2719 5514 oomplectimini
2744 5463 2894 5510 eam;
2929 5448 3064 5508 sive,
3118 5449 3282 5500 muris
3314 5447 3628 5518 circummu-

2060 5536 2186 5602 nite,
2220 5537 2516 5592 secundum
2545 5539 2952 5610 Symmachum.
2989 5539 3093 5593 Pro
3121 5541 3213 5594 illo
3243 5548 3448 5604 autem,
3501 5557 3628 5598 nar-

2064 5641 2178 5686 rate
2207 5633 2259 5684 in
2305 5634 2537 5688 turribus
2585 5634 2720 5702 ejus,
2781 5635 3000 5704 Aquila,
3055 5645 3372 5704 computate,
3428 5636 3626 5708 inquit,

3279 5877 3352 5938 ιι
