4138 6386
470 350 571 404 ι27
1173 347 1439 404 EUSEBll
1478 349 1959 423 CASSARIENSIS
1996 353 2372 422 OPPQPA—RS
2410 355 2498 412 lll.
2543 358 3045 412 ---E.\EGE'I'|CA.
3645 361 3757 417 428

469 483 650 521 muros
678 468 831 537 ejus;
875 465 1237 538 Symmachus
1268 481 1420 532 vero,
1458 477 1751 523 numerate.
1804 468 1868 523 Et
1923 485 2035 524 vert

2155 472 2212 526 δὲ
2241 471 2360 526 τοῦ·
2401 473 2778 542 Διηγήσασθε
2805 472 2876 525 ἐν
2913 470 3037 538 τοῖς
3066 471 3316 541 πύργοις
3338 471 3561 538 αὐτῆς,
3595 474 3623 526 6
3652 473 3745 543 μὲν

471 559 854 627 praestantiora
899 557 1137 613 maxime
1165 557 1416 621 aedilicia,
1452 573 1516 614 ac
1561 575 1684 630 qua:
1734 561 1789 614 in
1827 561 2035 617 civitati

2168 564 2420 628 Ἀκύλας,
2433 564 2765 633 Ψηφίσατε,
2790 563 2943 634 φησί,
2963 563 3227 632 πύργους
3245 561 3454 632 αίύτῆσ
3479 565 3507 617 6
3531 550 3589 616 δέ
3605 564 3731 636 Σύμι

471 651 768 706 munitiora
798 658 974 714 erant,
1006 657 1196 720 utpote
1227 651 1453 720 majoris
1483 654 1748 722 momenti
1779 668 1844 710 ac
1866 670 2035 710 neces

2156 672 2360 726 μαχος·
2409 655 2826 726 Ἀριθμήσατε.
2883 655 3136 709 Μάλιστα
3168 654 3276 726 γάρ
3324 655 3393 708 τὰ
3441 654 3744 728 ἐξοχώτατα

470 743 648 799 sitatis
664 757 829 814 quam
855 750 1076 804 cmtera.
1113 743 1432 800 memoratis
1467 745 1792 801 custodibus
1820 761 2035 802 numert

2150 746 2260 801 τῶν
2318 746 2770 818 οἰκοδομημάτων
2805 747 2898 800 καλ⁴
2930 746 2998 799 τὰ
3025 746 3344 818 ὀχυρώτατα
3385 747 3486 817 τῆς
3517 747 3744 816 πόλεως,

468 837 669 891 tradita
699 844 827 892 sunt
856 836 923 891 ad
950 836 1208 901 tutelam;
1237 843 1295 889 ut
1313 836 1570 891 traditum
1601 837 1704 892 sibi
1733 852 2035 905 numerum1

2153 838 2229 902 ὡς
2254 839 2318 894 ἂν
2345 839 2629 910 κρείττονα
2654 839 2749 891 καὶ
2775 838 2883 891 τῶν
2919 837 3122 891 λοιπῶν
3146 839 3567 911 ἀναγκαιότερα,
3599 840 3734 894 δέδο-

468 929 680 984 salvum
712 928 1097 1000 integrumque
1131 929 1509 984 restituerent.
1543 927 1670 983 H2120
1705 943 1871 999 porro
1899 929 2048 985 dicta

467 1034 534 1073 ex
575 1017 879 1076 Salvatoris
909 1037 1043 1076 voce
1074 1021 1365 1093 intelligas,
1405 1036 1516 1092 qua
1547 1023 1698 1092 ipsos
1744 1023 2048 1093 discipulos

465 1119 520 1165 et
545 1113 848 1182 apostolos,
880 1113 974 1183 qui
1004 1129 1101 1167 ceu
1146 1120 1332 1169 turres
1365 1114 1577 1170 caeteris
1611 1114 1858 1172 aediﬁciis
1910 1132 2048 1186 prte-

466 1203 704 1270 stabant,
739 1205 820 1260 sic
865 1204 1246 1274 alloquebatur
1275 1223 1286 1258 :
1332 1204 1506 1258 Vestri
1537 1214 1713 1259 autem
1744 1206 1927 1276 capilli
1957 1223 2051 1261 ca-

462 1297 587 1362 pitis
618 1313 794 1350 omnes
820 1296 1082 1349 numerati
1113 1304 1236 1348 sunt
1266 1296 1330 1348 ’3.
1360 1294 1496 1349 Nam
1528 1297 1620 1366 qui
1651 1297 1804 1367 ipsos
1835 1298 1903 1351 ad
1929 1305 2048 1352 tan-

464 1393 576 1438 tam
613 1385 1005 1440 sublimitatem
1055 1386 1257 1448 evexit,
1311 1395 1364 1439 et
1417 1381 1683 1440 Ecclesiae
1716 1401 1833 1440 suae
1864 1393 2046 1443 turres

463 1479 774 1542 constituit,
831 1493 900 1532 ne
949 1477 1081 1548 quid
1138 1478 1207 1532 ab
1256 1477 1496 1532 inimicis
1532 1479 1661 1532 mali
1692 1485 2042 1548 paterentur,

463 1570 768 1640 majoribus
822 1571 971 1640 ipsos
1019 1569 1362 1632 custodibus,
1399 1569 1653 1623 videlicet
1702 1570 1908 1624 sanctis
1941 1584 2044 1624 an-

462 1664 596 1734 gelis
629 1663 813 1719 tradit.
860 1661 1016 1717 Unde
1072 1662 1126 1716 in
1178 1662 1407 1716 Actibus
1451 1662 1846 1732 apostolorum,
1884 1661 2043 1731 gnari

463 1756 710 1825 singulos
748 1753 1058 1810 Scrvatoris
1100 1754 1399 1824 discipulos
1446 1753 1777 1824 quibusdam
1835 1755 2043 1827 angelis

2149 948 2242 985 ται
2281 932 2379 986 σὺν
2413 931 2636 1004 ἀριθμῷ
2667 933 2779 994 τοῖς
2826 931 3137 1002 εἰρημένοις
3167 935 3422 1004 φρουροῖς
3455 932 3742 1005 φυλάττειν

2151 1020 2446 1092 ἐπιμελῶς,
2478 1021 2554 1085 ὡς
2581 1020 2647 1075 ἂν
2676 1021 2988 1093 παραδῶσιν
3010 1021 3242 1092 ἔμπαλιν
3273 1021 3409 1076 σῶον
3439 1024 3533 1076 καὶ
3559 1025 3740 1096 πλήρη

2149 1111 2206 1165 ὃν
2257 1111 2628 1184 παρειλήφασι
2682 1111 2935 1184 ἀριθμόν.
3013 1113 3246 1184 Νοήσεις
3279 1113 3335 1166 δὲ
3366 1113 3426 1166 τὸ
3453 1113 3752 1186 λεγόμενον

2148 1201 2258 1255 ἀπὸ
2298 1202 2395 1273 τῆς
2431 1201 2699 1274 σωτηρίου
2746 1201 2964 1272 φωνῆς,
2998 1201 3064 1254 δι’
3092 1197 3160 1274 ἧς
3189 1205 3301 1267 τοῖς
3351 1204 3532 1268 αὐτοῖς
3566 1205 3714 1278 μαθη

2148 1298 2267 1360 ταῖς
2301 1295 2396 1350 καὶ
2428 1295 2779 1361 ἀποστόλοις,
2814 1297 2929 1358 τοῖς
2965 1295 3207 1366 ὡσπερεὶ
3239 1294 3470 1368 πύργοις
3497 1295 3735 1368 ἐξέχουσι

2147 1390 2243 1442 καὶ
2271 1389 2584 1460 διαφέρουσι
2613 1389 2710 1460 τῆς
2739 1388 2932 1460 λοιπῆς
2967 1387 3275 1458 οἰκοδομῆς,
3307 1387 3490 1457 ἔλεγεν
3509 1404 3522 1418 ο
3554 1387 3752 1458 ’Υμῶν

2145 1482 2215 1536 δὲ
2245 1483 2342 1536 καὶ
2369 1485 2430 1536 al
2455 1482 2650 1550 τρίχες
2685 1479 2795 1549 τῆς
2827 1479 3101 1549 κεφαλῆς
3133 1477 3321 1532 πᾶσαι
3346 1479 3732 1548 ἠριθμημέναι

2145 1573 2324 1627 εἰσίν.
2388 1572 2444 1625 Ὁ
2477 1571 2586 1643 γὰρ
2606 1573 2687 1634 εἰς
2715 1571 2967 1624 τοσοῦτον
3002 1570 3135 1640 ὕψος
3160 1570 3355 1634 αὐτοὺς
3381 1570 3612 1642 ἐπάρας,
3644 1572 3733 1624 καὶ

2146 1664 2387 1736 πύργους
2420 1664 2518 1735 τῆς
2570 1663 2896 1735 Ἐκκλησίας
2929 1662 3094 1716 αὑτοῦ
3130 1662 3480 1733 καταστήσας
3503 1702 3517 1728 ν
3565 1662 3640 1726 ὡς
3671 1663 3730 1717 a"

2153 1757 2226 1828 μή
2260 1772 2380 1808 τινα
2414 1755 2637 1809 πάθοιεν
2673 1754 2776 1807 ὑπὸ
2809 1752 2914 1808 τῶν
2948 1752 3189 1824 ἐχθρῶν,
3246 1751 3486 1822 μείζοσιν
3539 1753 3736 1816 αὐτοὺς

461 1848 692 1901 traditos
723 1863 866 1912 esse,
910 1848 1260 1902 renuntiante
1293 1846 1494 1917 puella,
1528 1845 1751 1901 Petrum
1773 1862 1917 1911 esse,
1947 1849 2035 1917 qui

2145 1820 2399 1916 φύλαξιν,
2457 1847 2634 1916 ἁγίοις
2659 1845 2910 1916 ἀγγέλοις
2935 1886 2948 1909 ,
2978 1820 3380 1916 παραδίδωσιν.
3455 1843 3648 1897 Ἔνθεν
3678 1845 3738 1896 ὲν

455 1940 680 2008 januam
706 1939 1259 2010 pulsaverat,reliqui
1299 1937 1556 2009 discipuli
1583 1937 1864 2004 dixerunt,
1895 1938 2041 1992 Num

461 2032 678 2101 angelus
703 2033 816 2102 ejus
850 2042 928 2086 est
951 2032 1036 2084 ’5?
1061 2029 1178 2085 lmo
1205 2031 1372 2087 etiam
1399 2031 1466 2086 de
1497 2031 1713 2101 pusillis
1744 2031 1800 2086 in
1851 2031 2042 2087 Eccle-

458 2127 538 2180 sia.
571 2123 832 2180 Servator
879 2125 995 2180 haec
1041 2123 1208 2180 tradit
1242 2143 1257 2180 :
1293 2121 1438 2178 Nam
1481 2124 1656 2195 angeli
1688 2140 1872 2177 eorum
1901 2141 2040 2178 sem-

456 2232 547 2270 uer
575 2216 752 2272 vident
788 2217 981 2286 faciem
1011 2215 1189 2269 Patris
1210 2215 1336 2280 mei,
1362 2216 1452 2285 qui
1480 2215 1534 2268 in
1563 2215 1710 2268 caelis
1737 2223 1815 2268 est
1844 2215 1912 2270 ”.
1940 2213 2040 2269 Ju-

455 2324 516 2363 re
545 2325 676 2378 ergo
710 2310 777 2364 iis
813 2309 1073 2380 praesenti
1123 2322 1378 2364 sermone
1423 2307 1742 2376 przecipitur
1779 2325 1792 2360 :
1833 2304 2040 2360 Nume-

455 2413 570 2456 rate
614 2412 785 2456 turres
836 2403 971 2470 ejus.
1023 2400 1287 2473 Deinceps
1314 2416 1485 2455 vero:
1522 2399 1712 2454 Ponite
1742 2398 1906 2453 corda
1952 2417 2037 2454 ve-

455 2506 567 2548 stra
599 2497 652 2547 in
682 2496 874 2548 uirtute
906 2495 1042 2562 ejus,
1085 2503 1134 2546 et
1165 2493 1470 2546 distribuite
1522 2492 1706 2546 domos
1761 2491 1912 2560 ejus;
1948 2507 2038 2547 se-

452 2586 693 2640 cundum
733 2585 1125 2658 Symmachum
1165 2594 1370 2648 autem,
1406 2583 1809 2638 Ponite-corda
1859 2593 2036 2638 vestra

452 2681 508 2733 in
533 2677 791 2732 ambitum
819 2677 977 2747 ejus:
1008 2677 1268 2730 metimini
1302 2677 1500 2746 regiam
1531 2675 1665 2745 ejus.
1695 2673 1820 2730 Haec
1851 2676 2034 2730 omnia

453 2786 615 2836 agere
645 2769 911 2838 jubentur
933 2769 1193 2823 custodes
1217 2767 1478 2823 Ecclesiae
1507 2787 1519 2821 :
1547 2766 2035 2822 Castrametabitur

451 2861 595 2914 enim
633 2860 850 2930 angelus
885 2859 1100 2913 Domini
1134 2860 1188 2913 in
1217 2860 1445 2913 circuitu
1475 2860 1773 2914 timentium
1809 2876 1951 2926 eum,
1981 2870 2032 2915 et

450 2953 633 3019 eripiet
689 2969 776 3005 eos
805 2953 873 3006 ’⁸.
923 2951 1074 3018 Quas
1125 2960 1306 3006 autem
1336 2951 1535 3008 domus
1570 2949 1797 3016 indicat,
1825 2952 1932 3007 nisi
1965 2952 2033 3008 de

449 3044 652 3114 quibus
681 3043 1186 3114 supra'dicebatur,
1234 3043 1376 3097 Deus
1406 3045 1462 3097 in
1505 3043 1750 3099 domibus
1789 3043 1904 3113 ejus
1935 3061 2030 3098 cc-

447 3139 741 3208 gnoscitur,
779 3153 898 3191 cum
934 3116 1186 3206 suscipiet
1226 3139 1384 3192 eam?
1409 3135 1532 3191 1am
1563 3136 1884 3192 dicebamus
1929 3151 2027 3206 per

446 3232 723 3287 civitatem
755 3230 852 3287 Dei
903 3231 1131 3302 intelligi
1161 3229 1480 3302 religiosum
1519 3244 1682 3284 omne
1709 3229 2024 3284 institutum

447 3321 506 3377 in
545 3325 802 3378 universa
855 3330 1002 3378 terra
1054 3321 1386 3386 stabilitum;
1443 3335 1542 3391 per
1586 3319 1780 3375 domos
1815 3327 2021 3386 autem,

445 3415 711 3470 ecclesias
758 3414 1004 3485 singulas
1032 3414 1200 3468 variis
1248 3413 1305 3466 in
1350 3413 1486 3467 locis
1514 3411 1747 3483 positas.
1785 3410 2027 3483 Singula:

447 3514 632 3562 autem
666 3507 774 3562 illa:
826 3506 1084 3578 praesenti
1139 3519 1394 3559 sermone
1443 3503 1703 3559 distribui
1738 3502 2018 3573 iubentur.

444 3591 574 3648 Vult
624 3594 771 3649 enim
825 3594 1074 3664 singulos
1105 3593 1332 3664 angelos
1365 3593 1728 3648 ecclesiarum
1777 3593 2025 3663 singula-

448 3701 566 3741 rum
599 3686 704 3741 sibi
734 3687 1157 3742 commissarum
1188 3687 1445 3743 custodes
1497 3703 1640 3744 esse.
1698 3685 1896 3743 Postea
1941 3687 2022 3743 sic

444 3778 672 3842 claudit,
699 3789 768 3832 ut
792 3779 1052 3834 enarretis
1087 3780 1142 3832 in
1171 3781 1418 3850 progenie
1457 3781 1649 3834 altera.
1687 3778 2023 3850 Angelorum

443 3871 589 3924 enim
629 3879 748 3926 erat
797 3872 1029 3928 virtutes
1062 3871 1158 3927 Dei
1215 3888 1311 3942 per
1351 3873 1599 3927 diversas
1638 3872 2023 3942 generationes

443 3978 699 4019 enarrare
731 3978 914 4032 posse.
953 3963 1022 4016 Et
1053 3965 1305 4034 quoniam
1337 3964 1420 4018 hic
1451 3972 1528 4019 est
1558 3963 1700 4018 Deus
1739 3964 1880 4018 Deus
1914 3981 2024 4019 no-

442 4064 550 4107 ster
578 4056 632 4106 in
663 4064 920 4108 aeternum
963 4065 1012 4110 et
1052 4057 1105 4109 in
1149 4057 1404 4110 swculum
1440 4057 1624 4111 saeculi
1647 4097 1663 4120 ,
1701 4058 1811 4126 ipse
1844 4066 2024 4126 pascet

442 4161 538 4197 nos
570 4145 626 4196 in
653 4147 852 4199 saecula
887 4162 906 4199 :
957 4161 1055 4201 vos
1086 4147 1311 4216 quidem
1343 4163 1444 4202 ceu
1482 4155 1693 4204 tutores
1724 4147 1939 4204 fueritis
1967 4157 2022 4205 et

441 4235 598 4304 quasi
631 4236 887 4291 custodes
913 4237 1127 4308 gregis;
1154 4254 1412 4308 pecorum
1448 4247 1632 4294 autem
1659 4249 1852 4311 pastor
1879 4241 2022 4296 alius

440 4326 626 4382 fuerit.
646 4328 910 4394 Quisnam
938 4331 1024 4385 ille
1045 4332 1148 4386 nisi
1181 4333 1274 4402 qui
1293 4333 1430 4388 dixit
1455 4335 1496 4363 ³⁷
1528 4354 1540 4387 :
1569 4333 1679 4404 Ego
1701 4350 1816 4388 sum
1835 4344 2021 4404 pastor

441 4421 650 4476 bonus?

2142 1939 2262 2000 ταῖς
2307 1936 2548 2008 Πράξεσι
2580 1937 2688 1990 τῶν
2733 1936 3043 1990 ἀποστόλων
3065 1976 3079 1997 ,
3122 1935 3319 1999 εἰδότες
3342 1977 3356 2000 ,
3395 1935 3471 1999 ὡς
3503 1935 3740 1998 ἕκαστος

2141 2025 2250 2079 τῶν
2276 2025 2530 2097 μαθητῶν
2551 2024 2645 2078 τοῦ
2672 2026 2920 2096 Σωτῆρος
2941 2025 3192 2094 ἀγγέλοις
3215 2026 3324 2077 τισὶ
3352 2025 3711 2096 παραδέδοται

2139 2118 2238 2188 τῆς
2271 2117 2560 2188 παιδίσκης
2607 2116 3018 2188 ἀπαγγειλάσης
3041 2157 3056 2180 ,
3090 2116 3166 2180 ὡς
3212 2116 3318 2188 ἄρα
3352 2117 3556 2188 Πέτρος
3586 2118 3670 2189 εἴη
3690 2116 3728 2177 ’ὁ

2141 2208 2240 2281 τὴν
2259 2208 2428 2280 θύραν
2451 2209 2737 2273 παίσας,οί
2757 2207 2934 2261 λοιποὶ
2961 2207 3198 2279 μαθηταὶ
3222 2208 3428 2276 ἔφασαν
3448 2225 3461 2238 ⁸
3489 2206 3724 2275 Μήποτε

2146 2302 2401 2374 ἅγγελος
2431 2303 2616 2357 αὑτοῦ
2647 2304 2812 2366 ἐστι;
2861 2302 3110 2356 Διδάσκει
3140 2302 3184 2355 δ’
3215 2298 3306 2355 οὖν
3340 2302 3431 2354 καὶ
3463 2301 3592 2372 περὶ
3623 2301 3726 2352 τῶν

2145 2390 2356 2461 μικρῶν
2402 2391 2460 2443 ἐν
2504 2394 2570 2461 τῇ
2615 2390 2909 2463 Ἐκκλησία
2937 2394 2966 2444 6
2995 2391 3184 2462 Σωτὴρ
3232 2391 3437 2459 λέγων·
3504 2393 3566 2444 Ol
3619 2391 3725 2460 γὰρ

2137 2484 2378 2555 ἄγγελοι
2406 2483 2608 2538 αὐτῶν
2627 2483 2723 2538 διὰ
2749 2481 2976 2549 παντὸς
2990 2471 3294 2547 ,ϐλέπουσι
3313 2482 3380 2535 τὸ
3403 2483 3724 2550 πρόσωπον

2135 2575 2244 2630 τοῦ
2265 2577 2495 2644 Πατρός
2519 2594 2637 2646 μου
2667 2576 2773 2630 τοῦ
2799 2577 2868 2629 ἐν
2894 2575 3020 2642 τοῖς
3047 2573 3342 2643 οίιοανοῒς.
3371 2574 3608 2637 Εἰκότως
3635 2567 3725 2627 οὖν

2137 2670 2462 2739 προστάττει
2509 2670 2538 2721 6
2589 2666 2782 2741 παρὼν
2821 2667 2978 2736 λόγος
3027 2667 3236 2730 τούτοις
3287 2667 3467 2728 αὐτοῖς
3516 2665 3722 2734 λέγων·

2147 2761 2540 2832 Ἀριθμήσατε
2593 2760 2735 2826 τοὺς
2778 2761 3046 2830 πύργους
3076 2758 3266 2827 αὐτῆς
3285 2775 3296 2788 ·
3345 2754 3445 2811 εἷθ’
3475 2757 3600 2828 ἑξῆς
3627 2758 3690 2812 τό
3709 2776 3721 2789 ο

2140 2855 2361 2921 Τάξατε
2382 2855 2488 2921 τὰς
2514 2852 2764 2922 καρδίας
2790 2852 2956 2922 ὑμῶν
2977 2855 3064 2917 εἰς
3093 2851 3206 2918 τὴν
3231 2851 3486 2919 δύναμιν
3511 2849 3723 2918 αὐτῆς,

2133 2949 2235 3003 καὶ
2260 2949 2685 3004 καταδιέλεσθε
2713 2947 2819 3012 τὰς
2845 2945 3057 3014 βάρεις
3089 2942 3278 3011 αὐτῆς
3305 2959 3324 2976 ο
3374 2941 3516 2996 κατὰ
3545 2941 3602 2995 δέ
3633 2942 3724 2994 τὸν

2131 3039 2458 3111 Σύμμαχον·
2527 3036 2748 3102 Τάξατε
2794 3034 2900 3100 τὰς
2953 3033 3198 3102 καρδίας
3253 3031 3420 3101 ὑμῶν
3476 3033 3564 3096 εἰς
3617 3030 3724 3083 τὸν

2131 3135 2451 3203 περίϐολον
2461 3130 2613 3199 αὺτῆ
2620 3147 2668 3196 ς·
2688 3126 3118 3197 διαμετρήσατε
3131 3126 3199 3178 τὰ
3209 3125 3494 3188 ,ϐασίλεια
3514 3111 3666 3189 αὺτῗῆ
3671 3143 3723 3188 ς.

2131 3229 2316 3284 Πάντα
2361 3225 2534 3279 ταῦτα
2569 3223 2995 3296 προστάττονται
3047 3221 3216 3272 ποιεῖν
3248 3219 3296 3269 οἱ
3353 3215 3580 3287 φρουροὶ
3623 3211 3721 3284 τῆς

2145 3320 2469 3391 Ἐκκλησίας
2537 3313 2917 3387 Παρεμϐαλεῖ
2950 3314 3060 3384 γὰρ
3087 3312 3341 3382 ἄγγελος
3369 3310 3591 3378 Kvplov
3620 3310 3723 3362 κύο

2131 3417 2258 3481 κλφ
2283 3411 2405 3466 τῶν
2427 3408 2815 3480 φοϐουμένων
2836 3405 3042 3470 αὑτὸν,
3075 3405 3172 3458 καί
3196 3405 3451 3471 ῥύσεται
3477 3401 3720 3466 αὐτούς.

2131 3506 2298 3569 Ποίας
2324 3504 2380 3557 δέ
2401 3502 2587 3574 βάρεις
2621 3498 2861 3572 φησίν,ἢ
2890 3497 3016 3568 περὶ
3043 3490 3117 3550 ὧν
3146 3496 3240 3548 καὶ
3266 3494 3521 3565 ἀνωτέρω
3543 3491 3716 3562 ἐλέγε-

2129 3615 2222 3652 το·
2269 3598 2332 3651 Ὃ
2377 3595 2522 3662 Θεὸς
2565 3595 2636 3648 ὲν
2667 3591 2797 3659 ταῖς
2825 3590 3084 3658 ,βάρεσιν
3115 3588 3304 3655 αὐτῆς
3351 3586 3722 3656 γινώσκεται,

2133 3690 2281 3745 ὅταν
2311 3686 2819 3758 ἀντιλαμϐάνηται
2853 3682 3086 3750 αὐτῆς;
3136 3681 3425 3751 Ἐλέγομεν
3475 3679 3532 3732 δὲ
3568 3678 3722 3731 πόλιν

2134 3787 2233 3859 μὲν
2261 3784 2498 3839 νοεῖσθαι
2530 3784 2638 3836 πᾶν
2663 3781 2724 3834 τὸ
2758 3778 3006 3841 θεοσεϐὲς
3035 3775 3333 3845 πολίτευμα
3361 3774 3421 3826 τὸ
3449 3773 3571 3828 καθ’
3595 3774 3724 3845 ὅλης

2129 3879 2231 3950 τῆς
2255 3878 2600 3948 οἰκουμένης,
2636 3875 2821 3946 βάρεις
2846 3872 2904 3925 δὲ
2931 3869 3100 3940 αὐτῆς
3129 3867 3228 3931 τὰς
3257 3867 3398 3920 κατά
3433 3867 3596 3940 μέρος
3619 3867 3722 3919 καὶ

2131 3965 2274 4019 κατὰ
2301 3965 2467 4018 τόπον
2495 3962 2810 4034 ἐκκλησίας.
2883 3958 3054 4021 Αὐτὸς
3098 3953 3190 4010 οὖν
3215 3957 3416 4020 ταύτας
3448 3957 3544 4020 τάς
3579 3955 3722 4010 κατὰ

2135 4059 2300 4130 μέρος
2323 4060 2352 4111 ὁ
2378 4057 2569 4128 παρὼν
2599 4054 2921 4128 προστάττει
2951 4053 3106 4122 λόγος
3131 4049 3560 4106 καταδιελέσθαι.
3588 4046 3721 4100 Βού-

2130 4153 2279 4207 λεται
2309 4151 2418 4224 γὰρ
2445 4152 2678 4204 ἕκαστον
2706 4149 2813 4203 τῶν
2835 4149 3080 4218 ἀγγέλων
3104 4144 3499 4218 ἀφωρισμένως
3528 4143 3722 4216 ἐκκλη-

2131 4246 2261 4298 σιῶν
2283 4263 2444 4298 τινων
2471 4243 2705 4315 φρουρὸν
2725 4242 3034 4313 ἐπιστῆσαι.
3072 4237 3181 4293 Εἶτ’
3207 4238 3445 4306 ἐπιλέγει
3470 4236 3680 4299 τούτοις
3700 4251 3715 4265 ο

2131 4339 2329 4404 ’Ὅπως
2352 4337 2428 4391 ἂν
2458 4335 2836 4406 διηγήσησθε
2873 4336 2958 4400 εὶς
2986 4333 3200 4402 γενεὰν
3235 4330 3466 4398 ἑτέραν.
3519 4326 3718 4396 Ἀγγέ-

2127 4429 2233 4484 λων
2267 4430 2374 4502 γὰρ
2421 4425 2517 4500 ιῆν
2539 4429 2600 4482 τὸ
2632 4430 2712 4492 εἰς
2759 4425 2950 4497 γενεὰς
2992 4424 3280 4495 διαφόρους
3325 4419 3581 4476 δύνασθαι
3618 4419 3718 4482 τὰς

439 4518 640 4590 ἀρετὰς
675 4518 768 4572 106
819 4519 954 4572 Θεοῦ
992 4520 1372 4592 διηγήσασθαι.
1414 4523 1523 4575 Καὶ
1563 4523 1652 4578 ὅτι
1697 4521 1878 4593 οὗτός
1914 4527 2086 4580 ἐστιν
2123 4530 2156 4579 ὀ
2191 4527 2342 4592 Θεὸς
2396 4530 2430 4581 ό
2475 4525 2620 4591 Θεὸς
2668 4523 2838 4594 ἡμῶν
2872 4525 2960 4589 εἰς
2991 4521 3298 4577 τὸναιῶνα
3318 4519 3416 4574 καί
3465 4522 3553 4587 εἰς
3607 4517 3706 4571 τὸν

440 4606 622 4663 αίῶνα
658 4609 765 4663 τοῦ
787 4609 1028 4678 αὶῶνος⁶
1091 4614 1272 4680 αὐτὸς
1309 4615 1590 4684 ποιμανεῖ
1625 4617 1782 4686 ἡμᾶς
1817 4623 1904 4686 εἰς
1940 4620 2083 4686 τοὺς
2126 4620 2367 4687 αἰῶνας.
2421 4621 2608 4692 Ὑμεῖς
2669 4620 2766 4691 μὲν
2804 4619 2914 4690 γὰρ
2946 4616 3174 4689 φρουροὶ
3201 4614 3265 4669 ἂν
3294 4614 3441 4677 εἴητε
3481 4615 3575 4666 καὶ
3604 4611 3706 4664 ῶσ-

440 4720 544 4773 περ
583 4702 818 4773 ποίμνης
875 4703 1111 4772 φύλακες
1135 4724 1146 4736 ·
1178 4707 1206 4758 ὁ
1243 4707 1299 4760 δὲ
1332 4707 1440 4760 τῶν
1473 4707 1801 4781 θρεμμάτων
1835 4716 2040 4788 ποιμὴν
2069 4715 2229 4780 ἄλλος
2259 4715 2323 4768 ἂν
2353 4715 2459 4786 εἴη.
2503 4713 2600 4777 Τίς
2625 4712 2682 4765 δὲ
2703 4704 2911 4783 οὗτοςῆ
2934 4713 2962 4764 ό
2982 4709 3151 4763 εἰπών
3170 4726 3182 4739 ·
3221 4706 3365 4776 Ἐγώ
3388 4708 3504 4776 ειμι
3526 4707 3558 4758 ὀ
3580 4717 3700 4758 ποι-

433 4795 563 4866 μὴν
579 4801 610 4850 ὀ
632 4797 820 4863 καλός
846 4819 864 4867 ;
2055 4816 2097 4870 D

473 4909 532 4963 1.
557 4907 623 4962 ΙΝ
664 4905 1118 4984 FINEM,FILllS
1154 4911 1336 4966 CORE
1377 4913 1696 4972 PSALMUS
1735 4918 1961 4977 XLVIII.

2138 4921 2235 4974 ΕΙΣ
2265 4921 2352 4972 Τυ
2385 4916 2790 4983 ΤΕΛΟΣ,ΤΟΙΣ
2821 4914 3002 4968 Tlle
3035 4911 3217 4965 KOPE
3248 4907 3540 4961 ΨΑΛΜΟΣ
3569 4905 3710 4964 MH';

509 5020 762 5092 Oportuit
794 5022 934 5077 ﬁlios
962 5023 1126 5087 Core,
1151 5027 1242 5096 qui
1278 5028 1449 5102 prima
1491 5045 1591 5084 suo
1622 5040 1866 5102 tempore
1898 5051 2020 5104 pro-

2201 5032 2428 5087 Ἔδειδέ
2453 5033 2578 5095 τοὺς
2602 5031 2752 5094 υἱοὺς
2790 5029 2963 5100 Κορὲ,
3017 5026 3084 5079 τὰ
3123 5023 3314 5097 πρῶτα
3346 5021 3486 5076 κατά
3521 5019 3707 5092 καιρὸν

439 5112 700 5178 tulerant,
731 5124 784 5171 et
816 5117 1056 5171 securula
1089 5119 1500 5183 annuutiaraut,
1543 5139 1605 5177 ac
1634 5124 1856 5194 insuper
1890 5143 2022 5196 gen-

2138 5125 2454 5196 ὲκθεμένους
2472 5165 2486 5186 ,
2531 5123 2624 5176 καὶ
2653 5122 2720 5175 τὰ
2751 5120 2976 5190 δεύτερα
3005 5115 3532 5186 εὐαγγελισαμένους
3550 5153 3563 5176 ,
3619 5114 3706 5165 ἐπὶ

438 5211 573 5263 tium
603 5211 948 5265 vocationem
991 5210 1448 5281 praedicaverant,
1473 5223 1528 5269 et
1559 5233 1680 5286 qua:
1714 5217 2020 5274 EcClesiam

2138 5220 2335 5281 τούτοις
2357 5235 2416 5269 τε
2439 5217 2535 5288 τὴν
2566 5214 2674 5268 τῶν
2697 5213 2865 5266 ἐθνῶν
2886 5211 3076 5282 κλῆσιν
3098 5208 3460 5280 κηρύξαντας,
3484 5203 3554 5257 τά
3581 5204 3704 5275 περὶ

438 5300 534 5355 Dei
560 5303 882 5371 spectabant
915 5303 1292 5370 tradiderant;
1327 5315 1449 5374 post
1496 5306 1612 5362 haec
1641 5309 1709 5364 de
1759 5325 2021 5366 consum--

2138 5311 2218 5381 τῆς
2265 5308 2593 5381 Ἐκκλησίας
2625 5307 2721 5360 106
2765 5304 2900 5359 Θεοῦ
2943 5301 3314 5375 παραδόντας,
3354 5298 3490 5370 μετά
3530 5298 3704 5351 ’πάντα

437 5393 679 5448 matione
701 5395 986 5464 praesentis
1010 5397 1133 5450 vita:
1153 5405 1209 5450 et
1239 5396 1408 5451 divini
1430 5397 1621 5468 judicii
1645 5402 2017 5457 testimonium

2138 5401 2582 5474 ῐιαμαρτύρεσθαι
2608 5400 2678 5453 τά
2702 5399 2832 5470 ’περὶ
2858 5398 2957 5470 τῆς
2987 5394 3291 5457 συντελείας
3315 5391 3408 5444 106
3439 5389 3706 5460 παρόντος

436 5483 580 5540 ferre
614 5502 626 5536 :
665 5485 721 5539 in
751 5502 861 5557 quo
891 5503 1096 5541 onmem
1144 5497 1444 5543 creaturam
1497 5494 1721 5548 adducet
1768 5491 1912 5546 Deus
1957 5493 2017 5548 in

2138 5495 2237 5548 Βίου
2273 5496 2367 5549 καὶ
2392 5493 2486 5547 τοῦ
2517 5493 2662 5546 θείου
2693 5491 3101 5562 δικαιωτηρίου·
3139 5489 3196 5540 ἐν
3225 5479 3269 5554 ᾧ
3295 5484 3418 5540 πᾶν
3444 5483 3509 5537 τὸ
3533 5482 3705 5547 ποίη·-

431 5572 774 5645 judicium",
804 5587 854 5630 et
883 5593 1060 5632 omnes
1089 5577 1355 5632 tribunali
1405 5565 1498 5633 Dei
1529 5580 1798 5648 sistemur,
1843 5592 1902 5636 ut
1930 5600 2013 5639 re-

2138 5604 2197 5642 ια
2228 5586 2358 5652 ἄξει
2392 5590 2425 5640 ὀ
2455 5585 2600 5658 Θεὸς
2620 5587 2708 5652 εὶς
2746 5585 2982 5653 κρίσιν,
3016 5582 3112 5636 καὶ
3144 5579 3365 5644 πάντες
3396 5588 3706 5645 παραστη-

402 5683 554 5852 1m"
583 5729 782 5851 ib‘l‘atth.
813 5749 869 5790 κ.
904 5733 992 5790 50.
1071 5736 1116 5768 "‘
1157 5735 1276 5791 Act.
1317 5751 1415 5804 ιιι,
1449 5735 1534 5791 15.
1613 5739 1656 5769 ³⁸
1679 5738 1870 5798 Matth.
1908 5758 2035 5801 xvm

2138 5746 2209 5803 .0.
2285 5747 2330 5780 "
2367 5745 2514 5805 Psal.
2547 5743 2830 5812 xxxm,’8.
2909 5744 2952 5776 ’⁷
2987 5740 3146 5798 Joan.
3177 5733 3358 5808 Li“.
3435 5731 3481 5765 ³⁸
3520 5729 3700 5786 Eccle.

529 5843 546 5874 ν
587 5836 668 5851 ,τι
