4138 6386
509 332 616 387 429

518 456 746 522 σόμεθα
773 457 852 522 τῷ
877 460 1104 530 βήματι
1143 467 1248 520 τοῦ
1281 472 1426 524 Θεοῦ
1447 513 1460 533 ,
1496 475 1594 528 ἵνα
1623 483 1938 550 κομίσηται
1967 486 2103 540 ἕκα-

517 560 664 611 στος
692 545 764 600 τὰ
805 548 904 604 διὰ
931 554 1037 606 τοῦ
1066 557 1339 626 σώματος
1360 603 1373 623 ,
1408 566 1559 633 πρὸς
1597 569 1634 622 ti
1667 545 1960 643 ἔπραξεν,
1995 581 2100 634 εἴτ’

514 635 760 705 ἀγαθὸν,
786 642 907 696 εἴτε
933 647 1188 714 φαῦλον.
1237 653 1573 724 ’Λναγκαίως
1595 665 1770 718 τοίνυν
1801 669 1976 722 πάντα
1999 691 2100 726 κα-

511 727 595 780 λεῖ
647 731 718 784 τὰ
773 733 900 807 ἔθνη
959 740 1050 792 ἐπὶ
1080 741 1178 813 τὴν
1209 745 1315 798 τῶν
1349 749 1758 825 λεχθησομένων
1812 763 2094 836 ἀκρόασιν.

521 819 610 884 Ὠς
635 821 744 894 γὰρ
763 826 855 878 ἐπὶ
880 828 978 900 τὴν
1009 837 1280 907 σωτηρίαν
1300 819 1418 894 πᾶν
1434 819 1596 912 γένος
1632 819 1930 924 ἀνθρώπων
1958 876 2096 932 παρ-

1734 913 1744 924 ,
2037 913 2048 932 Ι

509 913 714 978 εκάλει,
747 918 840 970 τὸν
865 921 1240 998 αὐτὸντρόπον
1270 933 1362 986 καὶ
1388 937 1480 989 ἐπὶ
1507 939 1605 1010 τὴν
1633 941 1977 1003 διδασκαλίαν
1997 955 2096 1023 τῆς

509 1004 589 1023 ηιμ
793 1010 804 1023 ’
1004 1017 1015 1023 “
1103 1017 1129 1023 “
1243 1021 1251 1023 _

1562 1004 1572 1010 ,
2049 1004 2090 1023 ..

507 1004 656 1070 θείας
711 1010 946 1078 κρίσεως
994 1017 1130 1087 ὁμοῦ
1183 1021 1393 1089 πάντας
1440 1029 1786 1089 ἀνακαλεῖται
1833 1039 2090 1106 φάσκων·

583 1097 900 1154 Ἀκούσατε
951 1107 1158 1174 ταῦτα,
1183 1113 1380 1169 πάντα
1417 1119 1488 1172 τὰ
1517 1121 2088 1200 ἕθνη,ἐνωτι’σασθε,

502 1187 723 1257 πάντες
749 1197 804 1246 oi
831 1200 1246 1272 κατοικοῦντες
1266 1209 1380 1276 τὴν
1411 1187 1786 1286 οἰκουμένην·
1809 1225 1865 1276 οἵ
1896 1243 1959 1280 τε
1986 1245 2089 1296 γη-

501 1284 692 1351 γενεῖς
709 1288 802 1340 καί
822 1291 938 1344 υἱοὶ
957 1292 1074 1348 τῶν
1091 1297 1432 1367 ἀνθρώπων,
1447 1307 1540 1360 ἐπὶ
1555 1284 1621 1362 τὸ
1637 1284 1782 1367 αὐτὸ
1796 1284 2087 1388 πλούσιός

498 1377 596 1434 καὶ
645 1379 852 1450 πένης.
921 1387 1134 1462 Ἐπειδὴ
1167 1393 1272 1446 τῶν
1304 1396 1474 1450 ἐθνῶν
1509 1402 1576 1453 τὰ
1625 1403 1724 1474 μὲν
1774 1408 2084 1484 ἀγριώτερα

495 1471 750 1539 τυγχάνει
775 1475 833 1528 ἐν
857 1477 1083 1548 ἐρήμοις
1111 1487 1577 1559 σκηνοποιούμενα
1597 1533 1610 1555 ,
1641 1493 1710 1546 τὰ
1737 1495 1792 1548 δὲ
1813 1498 1903 1552 τὸν
1934 1501 2083 1555 πολι-

492 1557 644 1610 τικὸν
679 1563 1000 1635 μετέρχεται
1054 1571 1167 1641 βίον
1198 1575 1292 1627 καὶ
1323 1577 1420 1642 τὰς
1445 1557 1874 1656 -γεωργουμένας
1899 1592 2079 1665 χώρας

491 1650 664 1716 οἰκεῖ,
711 1655 1030 1724 ἀναγκαίως
1065 1663 1316 1738 διαστολῇ
1354 1670 1654 1744 κέχρηται,
1687 1680 1782 1731 καὶ
1816 1683 1955 1748 μετὰ
1979 1686 2076 1755 τὴν

490 1743 675 1814 κοινὴν
729 1747 919 1817 κλῆσιν
966 1752 1075 1806 τῶν
1127 1755 1294 1810 ὲθνῶν
1318 1801 1332 1824 ,
1387 1762 1517 1817 ἴδιον
1549 1768 1756 1836 εἰσάγει
1791 1771 1975 1844 τάγμα
2010 1778 2074 1830 τὸ

486 1832 598 1887 τῶν
642 1838 934 1894 οἰκούντων
963 1845 1063 1916 τὴν
1091 1849 1416 1923 οἰκουμένην
1439 1872 1452 1884 ·
1489 1856 1568 1910 διό
1599 1877 1763 1932 φησιν
1793 1879 1804 1889 ·
1838 1865 2072 1921 Ἐνωτί-

485 1931 700 1995 σασθε,
719 1931 941 2000 πάντες
981 1941 1034 1990 οἱ
1065 1944 1482 2012 κατοικοῦντες
1527 1950 1640 2018 τὴν
1670 1957 2029 2027 οἰκουμένην
2052 1977 2066 1989 ’

483 2013 516 2084 ἦ
554 2017 694 2072 κατὰ
743 2021 833 2074 τὸν
875 2025 1101 2080 Ἀκύλαν
1145 2032 1236 2083 καὶ
1268 2034 1357 2086 τὸν
1389 2037 1718 2111 Σύμμαχον,
1779 2050 1833 2100 οἱ
1867 2066 2034 2104 uaros

481 2105 734 2175 κοῦντες
769 2112 886 2180 τὴν
917 2118 1248 2174 κατάδυσιν
1271 2141 1282 2152 °
1319 2125 1462 2180 οὕτω
1493 2129 1548 2182 δὲ
1579 2133 1733 2187 καλεῖ
1760 2136 1859 2201 τὰς
1888 2142 2066 2208 πόλεις

479 2192 570 2244 καὶ
605 2193 704 2259 τὰς
731 2197 924 2270 κώμας
953 2207 1046 2258 καὶ
1086 2209 1211 2274 τοὺς
1238 2211 1447 2280 οἴκους,
1481 2219 1538 2272 ὲν
1567 2215 1647 2284 οἷς
1681 2227 2064 2286 καταδύνουσιν

477 2285 526 2335 οἱ
553 2287 612 2338 ἐν
645 2290 828 2356 αὐτοῖς
855 2298 1256 2366 κατοικοῦντες.
1345 2304 1480 2362 Εἶτα
1526 2314 1685 2368 πάλιν
1715 2318 1914 2392 διαιρεῖ
1938 2326 2063 2388 τοὺς

475 2377 769 2450 οἰκήτορας
801 2384 900 2454 τῆς
933 2389 1034 2460 γῆς
1060 2391 1280 2458 φάσκων
1300 2415 1311 2425 ·
1339 2401 1407 2450 Οἵ
1439 2419 1500 2454 τε
1528 2409 1797 2474 γηγενεῖς
1821 2415 1917 2466 καὶ
1945 2419 2061 2470 υἱοὶ

471 2467 592 2519 τῶν
612 2471 936 2538 ἀνθρώπων
959 2495 971 2507 ·
995 2480 1116 2533 ἐπεὶ
1141 2485 1214 2554 μὴ
1250 2487 1408 2556 μόνον
1433 2491 1772 2568 ἐλευθέρους,
1807 2503 1942 2556 ἀλλὰ
1969 2511 2059 2562 καὶ

471 2553 532 2611 τὸ
549 2563 818 2619 οἰκετικὸν
836 2569 992 2636 γένος
1021 2576 1302 2644 προσίεται
1323 2583 1414 2635 ἐπὶ
1435 2585 1533 2656 τὴν
1559 2589 1816 2660 ἀκρόασιν
1842 2635 1855 2658 ,
1881 2597 1912 2667 ἢ
1934 2601 2058 2663 τοὺς

469 2650 869 2730 ἁγροικὼτερον
923 2669 1357 2738 μετερχομένους
1393 2675 1504 2745 βίον
1529 2722 1543 2744 ,
1599 2684 1692 2735 καὶ
1725 2689 1851 2752 τοὺς
1883 2690 2057 2757 ἄλλως

475 2735 526 2757 -7
734 2746 744 2757 ¹
950 2755 958 2757 “

467 2735 526 2792 εὖ
559 2746 847 2812 γεγονότας
876 2755 970 2806 καὶ
1015 2761 1220 2832 τροφῆς
1266 2763 1602 2838 ἠξιωμένους
1647 2775 1979 2850 ἐλευθερίου·
2020 2785 2051 2856 ἢ

465 2840 716 2903 γηγενεῖς
746 2841 843 2910 μὲν
870 2847 996 2910 τοὺς
1025 2849 1124 2921 τὴν
1144 2852 1349 2925 ἔρημον
1377 2861 1545 2914 οἰκεῖν
1575 2867 1902 2938 ᾑρημένους,
1927 2875 2052 2940 τοὺς

469 2921 514 2940 ..ι
587 2926 598 2940 ε
646 2927 668 2940 η
730 2929 742 2940 ρ
999 2937 1008 2940 -

459 2921 522 2974 δὲ
575 2926 878 2998 ἀνθρώπων
931 2937 1056 3000 τοὺς
1099 2921 1504 3016 ἡμερωτέρους.
1671 2921 1725 3008 δὲ
1755 2921 2051 3034 Σιιξριιιξιξξ

1213 3013 1218 3014 ν
1360 3013 1369 3016 _
1835 3013 1847 3030 ,
1881 3013 2048 3034 ,ψη-τ

459 3013 649 3068 τοῦτον
679 3020 992 3094 ἡρμήνευσε
1020 3029 1110 3082 τὸν
1144 3035 1372 3104 τρόπον’
1429 3042 1512 3096 "II
1554 3062 1616 3099 τε
1662 3049 2048 3123 drapetaqu

461 3105 559 3158 καὶ
590 3113 836 3176 προσέτι
871 3119 970 3172 καὶ
1001 3123 1120 3180 υἱοὶ
1171 3127 1436 3186 ἑκάστου
1474 3136 1692 3206 ἀνδρός
1714 3159 1727 3172 ·
1767 3105 1844 3195 ἕν’
1961 3105 2047 3202 δίόι

462 3196 559 3220 --λη
582 3199 671 3220 --9
854 3208 866 3220 ¹
1069 3214 1087 3220 ‘
1126 3216 1137 3220 “
1232 3219 1250 3220 ”

1645 365 1981 420 LUMMEN'I
1999 372 2158 423 AHIA
2200 375 2262 426 ΙΝ
2307 377 2642 440 PSALMOS.

3682 413 3800 468 433-

2130 497 2174 551 Α
2205 493 2342 560 ferat
2367 503 2717 573 unusquisque
2747 513 2962 576 propria
2992 518 3246 582 corporis,
3283 531 3438 586 prout
3470 529 3649 594 gessit,
3677 531 3783 584 sive

2204 585 2415 652 bonum,
2433 591 2538 644 sive
2551 590 3148 676 malitna’°,Necessario
3181 609 3345 680 igitur
3366 629 3556 673 omnes
3583 631 3780 690 gentes

2200 691 2394 735 evocat
2422 685 2488 738 ad
2525 685 2658 750 huic,
2691 706 2812 758 quae
2843 694 3074 753 dicenda
3107 713 3257 768 sunt,
3291 685 3778 770 audienda.VSicut

2197 771 2344 824 enim
2368 781 2539 827 totum
2563 794 2735 844 genus
2760 782 3038 841 hominum
3069 791 3136 844 ad
3170 794 3400 850 salutem
3431 798 3772 870 hortabatur,

2195 863 2386 917 eodem
2421 867 2584 922 modo
2617 871 2684 924 ad
2718 871 3022 932 doctrinam
3053 881 3246 950 judicii
3275 887 3444 942 divini
3479 905 3669 950 omnes
3701 896 3775 951 si-

2193 956 2306 1009 mul
2332 958 2523 1013 invitat
2546 961 2733 1020 dicens
2763 982 2775 1016 :

2265 1131 2434 1192 Vens.
2478 1139 2535 1204 2,
2564 1142 2615 1195 '5.
2650 1144 2844 1202 Audite
2885 1141 3015 1217 haec,
3067 1170 3245 1212 omnes
3281 1171 3495 1230 gentes,
3549 1161 3770 1224 auribus

2187 1228 2455 1296 percipite,
2505 1239 2681 1290 omnes
2721 1241 2812 1308 qui
2859 1234 3112 1301 habitatis
3153 1228 3350 1316 orbein,
3394 1257 3582 1326 quique
3614 1263 3770 1314 terri-

2187 1332 2333 1384 geme
2369 1332 2415 1374 et
2445 1323 2548 1390 ﬁlii
2593 1324 2886 1391 hominum.
2918 1336 3079 1390 simul
3115 1340 3170 1393 in
3201 1358 3368 1396 unum-
3392 1345 3533 1402 diues
3559 1359 3608 1404 et
3627 1367 3765 1418 pau-

2187 1422 2298 1474 per.
2331 1403 2599 1477 Quoniam
2633 1435 2700 1474 ex
2729 1425 2985 1492 gentibus
3014 1430 3266 1488 rudiores
3291 1435 3383 1489 alii
3405 1447 3554 1506 sunt,
3583 1443 3680 1512 qui
3707 1445 3764 1500 in

2185 1503 2423 1560 desertis
2454 1508 2738 1582 habitant;
2780 1509 2870 1571 alii
2911 1535 3041 1576 vero
3071 1526 3372 1584 civiliorem
3400 1533 3565 1589 vitam
3597 1553 3763 1608 agen~

2183 1602 2288 1661 tes,
2338 1598 2515 1656 cultas
2559 1611 2736 1662 terras
2785 1607 3175 1685 frequentant;
3227 1621 3580 1684 distinctione
3623 1598 3760 1686 usus

2179 1691 2499 1746 necessario
2543 1703 2669 1752 est:
2718 1713 2784 1754 ac
2828 1718 3116 1775 posmuam
3165 1717 3444 1770 communi
3491 1723 3760 1778 vocabulo

2178 1788 2366 1846 gentes
2417 1786 2728 1853 appellavit,
2763 1794 3096 1860 peculiarem
3141 1803 3387 1859 ordinem
3425 1807 3637 1864 inducit
3663 1829 3760 1868 eo-

2106 1887 2150 1942 B
2177 1886 2296 1923 rum
2330 1873 2423 1942 qui
2459 1875 2706 1932 habitant
2735 1883 2957 1954 orbem;
2989 1905 3160 1958 quare
3187 1893 3296 1948 ait:
3323 1897 3554 1956 Auribus
3587 1908 3760 1973 perci-

2173 1965 2298 2032 pite,
2344 1984 2521 2024 omnes
2563 1972 2653 2042 qui
2701 1975 2956 2032 habitatis
3005 1984 3182 2038 orbem
3212 2004 3231 2041 :
3282 1990 3400 2044 sive
3451 1995 3755 2052 secundum

2169 2055 2422 2125 Aquilam
2458 2069 2512 2114 et
2545 2061 2953 2136 Symmachum,
2991 2075 3082 2142 qui
3130 2075 3384 2134 habitatis
3433 2083 3752 2150 latibulum;

2171 2150 2250 2202 sic
2283 2167 2414 2207 vero
2471 2165 2632 2211 vocat
2682 2161 2864 2225 urbes,
2917 2166 3068 2221 vicos
3114 2177 3168 2222 et
3215 2169 3428 2238 domos,
3487 2177 3540 2230 in
3592 2181 3752 2248 queis

2167 2257 2287 2298 sese
2318 2245 2770 2321 absconduntqui
2799 2253 3044 2310 habitant
3066 2258 3118 2312 in
3149 2259 3306 2330 ipsis.
3327 2245 3750 2337 Deinceps—vero

2163 2342 2322 2388 terrae
2350 2336 2561 2395 incolas
2590 2341 2880 2413 distinguit
2906 2347 3096 2404 dicens
3127 2368 3138 2402 :
3167 2353 3372 2425 Quique
3396 2361 3668 2430 terrigena:
3696 2373 3750 2417 et

2163 2424 2265 2492 ﬁlii
2294 2427 2584 2486 hominum.
2629 2433 2768 2500 Quia
2804 2454 2914 2493 non
2938 2440 3141 2498 liberos
3176 2424 3410 2514 tantum,
3435 2453 3531 2507 sed
3578 2456 3746 2514 etiam

2163 2515 2591 2576 domesticorum
2640 2541 2814 2596 genus
2845 2533 2916 2586 ad
2959 2537 3292 2593 audiendum
3339 2543 3602 2610 admittit,
3628 2549 3745 2602 sive

2160 2622 2255 2662 eos
2301 2613 2393 2679 qui
2430 2627 2700 2684 agrestem
2739 2622 2904 2677 vitam
2959 2627 3336 2698 instituerunt,
3389 2651 3600 2692 necnon
3645 2657 3742 2696 ees

2160 2700 2254 2768 qui
2278 2701 2502 2773 ingenui
2538 2719 2686 2774 sunt,
2719 2721 2772 2764 et
2803 2712 3103 2772 liberaliter
3124 2721 3342 2778 educati
3377 2743 3390 2778 :
3422 2727 3536 2783 sive
3575 2733 3740 2787 etiam

2156 2793 2480 2862 terrigenas,
2518 2801 2610 2866 qui
2641 2817 2883 2858 eremum
2919 2808 3159 2867 incolere
3188 2819 3452 2885 aggressi,
3479 2828 3532 2875 et
3561 2823 3739 2878 homi-

2153 2901 2285 2940 num
2327 2895 2762 2949 mansuetissimi
2805 2909 2956 2954 sunt.
3006 2895 3367 2974 Symmachus
3399 2921 3580 2968 autem
3632 2915 3738 2975 hoc

2152 2977 2315 3032 modo
2347 2979 2738 3050 interpretatus
2763 2996 2882 3041 est:
2914 2989 3184 3047 hominum
3217 3014 3398 3065 genus,
3431 3017 3495 3054 ac
3521 3002 3737 3074 insuper

2151 3069 2255 3138 ﬁlii
2282 3073 2693 3148 uniuscujusque
2733 3082 2860 3144 viri;
2889 3092 2945 3137 ut
2968 3086 3148 3153 priore
3182 3091 3327 3144 dicto
3357 3093 3410 3146 in
3442 3109 3735 3154 commune

2152 3168 2326 3216 totum
2361 3182 2532 3236 genus
2561 3171 2864 3238 hominum,
2887 3182 3193 3246 posteriore
3209 3195 3411 3254 autem,
3443 3193 3735 3262 unusquis-

1583 3196 1600 3206 .
1673 3196 1686 3206 .
1877 3196 1906 3220 ε,
1967 3196 2047 3202 --η

460 3196 560 3265 μὲν
579 3199 672 3252 τοῦ
702 3208 966 3280 προτέρου
993 3214 1292 3283 καθολικῶς
1315 3226 1420 3277 πᾶν
1445 3227 1598 3294 γένος
1626 3231 1926 3304 ἀνθρώπων
1953 3240 2048 3312 δη-

460 3287 712 3336 λούμενον
764 3298 850 3336 ἓν),
878 3301 933 3336 λέι
963 3305 1057 3336 η-ΑΓι
1089 3308 1336 3336 :-..-.t--..
1383 3319 1396 3336 ι
1547 3321 1556 3336 ι
1653 3325 1664 3336 .
1793 3329 1814 3336 .,

2152 3196 2326 3216 uuqu
2361 3196 2532 3236 sculi:
2561 3196 2864 3238 ItUltllIlUlll,
2887 3196 3225 3246 posteriore:

2153 3269 2260 3324 que
2289 3257 2604 3329 singillatim
2638 3276 2895 3336 acceptus
2935 3271 3225 3332 indicetur.

1456 3287 1467 3294 .
1580 3287 1593 3292 -
1731 3287 1741 3304 ι
1818 3287 1917 3291 ηπ-
1957 3287 2015 3312 --ι

456 3287 733 3362 λούμενον,
764 3298 851 3353 διὰ
878 3301 933 3354 δὲ
963 3305 1057 3358 τοῦ
1087 3308 1340 3384 δευτέρου
1374 3319 1402 3369 ό
1430 3321 1570 3374 κατὰ
1599 3325 1764 3396 μέρος
1793 3329 2038 3396 ἕκαστος.

531 3383 600 3437 Τὸ
635 3391 829 3457 στόμα
868 3411 987 3461 μου
1033 3383 1294 3466 λαλήσει
1324 3409 1548 3474 σοφίαν
1567 3383 1719 3474 [καὶ
1745 3383 1789 3484 ἠ
1818 3383 2040 3491 μελέτη

450 3472 561 3542 τῆς
593 3479 843 3547 καρδίας
864 3502 984 3552 μου
1018 3489 1296 3545 σύνεσιν.
1332 3472 1532 3550 ﬁliive?)
1561 3472 1648 3568 εἰς
1688 3472 2042 3579 ﬂagranti];-

449 3565 518 3618 τὸ
565 3561 672 3632 οὖς
714 3590 833 3638 μου
855 3613 869 3638 ,
925 3578 1147 3644 ἀνοίξω
1175 3585 1246 3636 ἐν
1289 3589 1600 3657 ψαλτηρίῳ
1623 3561 1694 3647 τὸ
1727 3561 2039 3670 πρόϐλημά

443 3673 584 3723 μου.
642 3663 826 3718 Ταῦτα
856 3667 912 3719 δὲ
945 3673 1039 3722 καί
1068 3674 1175 3726 ἀπὸ
1219 3677 1328 3730 τῶν
1367 3682 1678 3740 ἀποστόλων
1699 3689 1919 3746 δύναται
1951 3695 2036 3747 λέ-

445 3746 656 3811 γεσθαι.
677 3753 994 3824 Παραϐολὰς
1009 3759 1064 3812 δὲ
1083 3762 1235 3815 καλεῖ
1248 3767 1372 3830 τοὺς
1389 3772 1806 3846 αἰνιγματώδεις
1821 3777 2028 3847 λόγους.

445 3837 556 3890 Καὶ
585 3840 692 3913 γὰρ
717 3845 745 3896 ό
773 3845 974 3917 Κύριος
995 3889 1008 3910 ,
1041 3856 1422 3924 παραϐολικῶς
1453 3864 1562 3924 τοῖς
1587 3863 1762 3934 ὄχλοις
1790 3867 2030 3938 διαλεγό-

443 3946 604 3998 μενος
622 3971 638 3995 ,
663 3938 774 3998 τοῖς
804 3939 1120 4006 ἀποστόλοις
1149 3949 1266 4000 κατ’
1293 3946 1438 4002 οἷκον
1459 3955 1872 4020 ταύταςδιέλυε.
1905 3963 1946 4013 Τ
1950 3963 2032 4015 ού-

439 4031 518 4086 τῳ
551 4017 644 4072 νῦν
673 4022 701 4072 ὁ
723 4025 881 4094 χορὸς
909 4027 1005 4098 τὴν
1035 4032 1128 4084 τοῦ
1157 4033 1290 4088 Θεοῦ
1322 4040 1513 4108 σοφίαν
1547 4045 1638 4098 τὸν
1669 4047 1907 4119 Χριστὸν
1937 4057 2028 4107 ἐπὶ

440 4109 706 4179 στόματος
756 4117 968 4188 φέρωνο
1003 4125 1257 4194 Χριστὸς
1299 4131 1406 4203 γὰρ
1455 4137 1604 4190 Θεοῦ
1647 4109 1899 4213 δύναμις
1928 4149 2026 4201 καὶ

439 4201 589 4254 Θεοῦ
618 4207 804 4274 σοφία
827 4250 840 4272 ,
866 4211 1085 4281 ἐλέγετο
1103 4235 1116 4247 ·
1161 4221 1227 4272 Τὸ
1263 4201 1458 4293 στόμα
1479 4247 1598 4296 μου
1627 4201 1889 4303 λαλήσει
1923 4257 2024 4293 σο-

433 4289 604 4356 φίαν..
689 4296 890 4353 Τοῦτον
943 4303 1052 4376 γὰρ
1110 4313 1274 4365 πᾶσιν
1331 4317 1640 4389 ἀνθρώποις
1699 4327 2018 4399 ἐκήρυττον.

447 4373 510 4399 ’πὶ
704 4385 714 4399 ο
833 4391 873 4399 -ι
955 4395 965 4399 -

1020 4373 1029 4376 -
1435 4373 1446 4389 ι
1547 4373 1636 4386 πίε
1703 4373 2018 4399 ---·ιι-’“·ν”

447 4373 799 4455 Ἦκονημένοι
827 4391 884 4443 δὲ
918 4395 1010 4449 τὸν
1039 4399 1162 4452 νοῦν
1182 4443 1196 4467 ,
1241 4406 1419 4472 πάσας
1449 4411 1542 4464 τοῦ
1571 4415 1808 4486 Χριστοῦ
1841 4424 2019 4475 συνίε-

431 4487 536 4528 σαν
577 4475 678 4540 τὰς
711 4483 1028 4552 παραϐολὰς
1073 4494 1164 4546 καὶ
1197 4498 1304 4567 πρὸ
1344 4501 1440 4569 τῆς
1487 4475 1652 4557 αὐτοῦ
1701 4509 2014 4582 ἑρμηνείας.

429 4566 522 4618 Διὸ
543 4569 680 4636 μετὰ
701 4574 904 4640 ταύτας
925 4582 952 4632 ό
970 4583 1069 4650 μὲν
1084 4586 1276 4659 Σωτὴρ
1299 4591 1449 4661 ἔλεγε
1465 4612 1477 4626 ι
1499 4599 1810 4666 Συνήκατε
1831 4605 2017 4660 ταῦτα
2052 4597 2095 4652 Ῐ)

428 4656 660 4723 πάντα;
693 4665 756 4716 Oi
787 4663 856 4718 δὲ
883 4669 1173 4740 λέγουσιν
1198 4680 1358 4746 αὐτῷ
1383 4724 1396 4746 ,
1424 4688 1544 4738 ναί.
1590 4691 1654 4742 Ἡ
1691 4693 1887 4765 καρδία
1908 4697 2018 4749 τοί-

423 4763 520 4800 νυν
543 4751 722 4808 αὐτῶν
741 4757 972 4827 ἐμελέτα
999 4767 1184 4820 συνέσε
1194 4787 1260 4836 ις,
1279 4769 1343 4837 ἃς
1369 4775 1582 4846 ἤνοιγον
1605 4784 1716 4846 τοῖς
1739 4784 1811 4855 μὴ
1835 4801 2014 4858 παρα-

425 4837 508 4858 ---Η
527 4855 539 4858 -
586 4840 612 4858 Λ
648 4845 668 4858 ν
727 4845 750 4858 Β
912 4851 921 4858 ⁵
1156 4857 1165 4858 ί

1390 4837 1401 4846 .
1499 4837 1510 4846 υ
1697 4837 1713 4846 σ
1739 4837 1749 4853 I
1801 4837 1811 4855 ι
1862 4837 1936 4858 ἠἷ
1952 4837 1982 4842 '-

423 4837 698 4896 κολουθεῑν
721 4845 1037 4920 δυναμένοις
1053 4895 1066 4918 ,
1087 4857 1180 4910 τοῦ
1207 4867 1520 4932 σωματικοῦ
1541 4871 1772 4940 ὀργάνου
1792 4879 1856 4947 τῇ
1882 4879 2015 4932 ἐνοι-

422 4935 594 5009 κούσῃ
625 4939 761 5010 πρὸς
784 4943 940 4997 τοῦτο
963 4946 1332 5019 διακονοῦντος
1359 4958 1526 5032 ψυχῇ.
1561 4964 1730 5019 Τοῦτο
1761 4972 1867 5043 γὰρ
1889 4973 2010 5027 ἀντὶ

422 5025 446 5043 ..
497 5027 514 5043 ς
642 5031 653 5043 .
868 5036 896 5043 --
963 5038 984 5043 Α

1437 5025 1503 5032 --.υ
1772 5025 1782 5036 ⁸
1837 5025 1846 5043 Ι
1999 5025 2004 5027 ’

417 5025 592 5100 ψαλτη
603 5031 717 5101 ρίου
739 5036 1011 5108 παρέλαϐε
1038 5043 1172 5114 πρὸς
1187 5047 1286 5118 τὴν
1307 5049 1395 5102 διὰ
1415 5054 1616 5108 τούτων
1639 5057 1797 5112 θείων
1821 5062 2004 5133 ὕμνων

416 5119 744 5190 ἁνάκρουσιν
773 5165 787 5192 ,
823 5129 1051 5185 ἑκάστου
1086 5135 1286 5208 μέρους
1313 5141 1750 5216 ἐπιστημονικῶς
1773 5155 1830 5206 ἐν
1855 5157 2002 5228 αὐτῴ

415 5215 756 5285 κινουμένου.

498 5305 622 5360 Ἵνα
649 5310 707 5362 τί
737 5315 1032 5385 φοϐοῦμαι
1078 5321 1148 5374 ἐν
1179 5325 1366 5394 ἡμέρᾳ
1399 5333 1630 5401 πονηρᾷ
1648 5352 1667 5398 ;
1701 5336 1738 5406 ἡ
1783 5341 2000 5411 ἀνομία

411 5396 526 5464 τῆς
567 5401 827 5472 πτέρνης
867 5427 988 5476 μου
1039 5417 1335 5472 κυκλώσει
1364 5440 1460 5490 με.
1527 5426 1588 5479 Ei
1621 5429 1676 5480 δὲ
1711 5434 1997 5504 πρόσωπον

411 5489 617 5560 Κυρίου
648 5493 710 5546 τὸ
753 5495 942 5565 λέγον,
995 5504 1230 5574 πτέρναν
1255 5511 1419 5564 αὐτοῦ
1449 5513 1614 5588 εὕρῃς
1651 5519 1739 5574 τὸν
1771 5523 1997 5594 ἔσχατον

408 5579 504 5634 τοῦ
535 5583 786 5654 σώματος
819 5591 914 5642 καὶ
943 5596 1008 5664 τῇ
1042 5599 1112 5668 γῇ
1149 5599 1512 5671 πλησιάζοντα
1575 5611 1782 5668 Ιούδαν·
1837 5617 1996 5690 σῶμα

465 5693 516 5734 ι’
541 5695 592 5754 tl
619 5699 747 5761 Cor.
774 5721 824 5774 v,
856 5707 943 5762 to.
999 5695 1066 5743 ’³ο
1095 5713 1116 5766 l
1145 5713 1269 5770 Cor.
1305 5734 1339 5785 ι,
1369 5717 1456 5774 at.
1536 5723 1576 5754 τι
1615 5724 1802 5780 Matth.
1831 5745 1951 5794 xm,
1983 5731 2072 5788 ει.

2217 3427 2382 3496 Vens.
2411 3441 2465 3506 4,
2498 3443 2548 3496 5.
2593 3445 2664 3500 0s
2697 3465 2866 3502 meum
2893 3453 3136 3524 loquetur
3175 3463 3514 3532 sapientiam,
3536 3479 3586 3522 et
3612 3486 3726 3523 me—

2141 3529 2332 3584 ditatio
2357 3535 2532 3589 cordis
2580 3541 2680 3592 mei
2706 3543 3061 3610 prudentiam.
3094 3548 3373 3607 Incliuabo
3403 3557 3454 3610 in
3487 3561 3723 3626 parabo-

2140 3622 2250 3676 Iam
2285 3643 2466 3681 aurem
2494 3647 2683 3694 meam,
2711 3638 2944 3703 aperiam
2963 3643 3016 3692 iu
3041 3644 3292 3709 psalterio
3313 3653 3720 3717 propositionem

2139 3731 2328 3770 meam.
2363 3718 2488 3775 Haec
2517 3731 2698 3778 autem
2732 3741 2965 3795 possunt
3001 3735 3069 3786 ab
3100 3741 3364 3805 apostolis
3398 3743 3526 3796 dici.
3553 3744 3722 3802 Para-

2137 3808 2292 3862 bolas
2323 3827 2450 3866 vero
2481 3824 2640 3868 vocat
2663 3818 2932 3876 obscuros
2965 3839 3269 3884 sermones.
3304 3831 3584 3902 Siquidem
3611 3837 3718 3893 Do-

2135 3899 2317 3954 minus
2347 3917 2470 3955 eum
2507 3906 2684 3960 turbis
2717 3911 3030 3977 parabolice
3061 3914 3400 3985 loqueretur,
3439 3923 3588 3978 domi
3619 3941 3717 3994 p0-

2134 3997 2247 4043 stea
2276 3992 2496 4046 easdem
2545 4000 2812 4066 apostolis
2840 4003 3169 4072 explicabat.
3212 4009 3338 4066 ldeo
3370 4012 3484 4081 jam
3511 3992 3716 4074 chorus

2131 4082 2410 4138 Christum
2439 4085 2532 4141 Dei
2566 4092 2890 4160 sapientiam
2921 4099 2972 4150 in
3007 4115 3104 4154 ore
3136 4101 3319 4159 ferens
3347 4125 3358 4159 :
3394 4121 3520 4160 nam
3552 4109 3714 4164 Chri-

2128 4185 2242 4230 stus
2261 4176 2359 4230 Dei
2397 4179 2562 4234 virtus
2595 4191 2644 4234 et
2669 4183 2766 4238 Dei
2798 4189 3058 4255 sapientia
3075 4193 3138 4255 ³ο,
3169 4195 3406 4260 diccbat,
3445 4197 3518 4253 0s
3542 4218 3712 4258 meum

2130 4269 2370 4336 loquetur
2403 4275 2740 4340 sapient-iam.
2779 4277 2937 4336 Hunc
2972 4285 3115 4336 enim
3156 4288 3415 4345 omnibus
3445 4293 3714 4360 praedica-

2125 4361 2278 4416 bant.
2308 4365 2558 4435 Cumque
2582 4380 2742 4423 acuta
2774 4383 2956 4430 mente
2982 4375 3240 4432 instructi
3273 4396 3478 4447 essent,
3517 4401 3710 4442 omnes

2125 4453 2332 4510 Christi
2367 4459 2656 4527 parabolas
2697 4463 3098 4538 intelligebant,
3135 4481 3427 4544 antequam
3469 4479 3586 4547 ipse
3614 4495 3708 4534 eas

2125 4547 2598 4620 interpretaretur.
2653 4554 2834 4620 Quare
2894 4576 3017 4615 cum
3069 4563 3136 4618 iis
3187 4567 3414 4634 prolatis
3457 4568 3708 4624 Salvator

2125 4639 2331 4696 diceret
2358 4661 2372 4697 :
2397 4643 2744 4703 Intellewistis
2765 4651 2875 4706 htec
2896 4657 3114 4712 omnia?
3137 4657 3332 4712 Dicunt
3361 4661 3427 4724 ei,
3459 4663 3617 4716 etiam
3634 4665 3700 4718 ³¹.

2123 4731 2231 4787 Cor
2264 4735 2434 4805 igitur
2461 4755 2652 4795 eorum
2683 4746 3002 4812 prudentias
3050 4751 3440 4819 meditabatur,
3473 4771 3611 4824 quas
3634 4758 3703 4813 iis

2117 4827 2211 4894 qui
2254 4831 2412 4900 sequi
2461 4848 2572 4888 non
2627 4847 2898 4905 poterant,
2951 4842 3290 4910 aperiebant,
3333 4846 3702 4902 instrumento

2121 4935 2392 4989 corporeo
2419 4926 2616 4982 animae
2659 4929 2808 4985 intus
2856 4932 3126 4987 habitanti
3175 4937 3546 4994 ministrante.
3583 4940 3699 4996 Hoc

2119 5009 2265 5062 enim
2307 5027 2408 5080 pro
2453 5016 2715 5084 psalterio
2759 5023 3042 5094 utebatur,
3091 5026 3158 5080 ad
3199 5027 3416 5084 divinos
3463 5029 3696 5100 hymnos

2115 5101 2440 5171 pulsandos,
2487 5107 2718 5180 singulis
2752 5116 3000 5182 partibus
3040 5119 3176 5174 scite
3215 5136 3278 5174 ac
3326 5135 3695 5193 congruenter

2111 5190 2298 5246 molis.

2181 5345 2348 5405 Vens.
2387 5353 2438 5406 6.
2485 5351 2594 5408 Cur
2629 5358 2820 5412 timebo
2857 5362 2938 5430 inf
2956 5364 3040 5417 die
3071 5365 3255 5424 uiola?
3284 5371 3536 5441 iniqmtas
3576 5377 3689 5429 cal-

2109 5442 2261 5494 canei
2318 5445 2420 5498 mei
2464 5447 2814 5504 circumdabit
2859 5472 2957 5509 me.
2993 5455 3048 5512 Si
3085 5475 3320 5528 persona
3354 5467 3569 5520 Domini
3602 5481 3687 5524 est

2105 5548 2229 5602 quae
2269 5536 2513 5608 loquitur
2540 5583 2556 5607 ,
2605 5545 2921 5602 calcaneum
2967 5552 3088 5620 ejus
3141 5553 3516 5626 deprehendas
3561 5576 3684 5618 esse

2109 5621 2329 5697 Judam,
2363 5634 2454 5704 qui
2507 5635 2734 5695 ultimus
2765 5643 3015 5712 corporis
3049 5653 3102 5701 et
3138 5621 3298 5704 terra:
3327 5654 3684 5723 propinquior
