4138 6386
560 355 632 412 5-5
1650 350 2149 411 COMMENTARIA
2190 351 2258 406 IN
2295 319 2669 408 PSALMOS.
2890 430 2893 433 _
3458 385 3488 437 κ

3687 350 3781 404 431

523 472 646 528 τῶν
692 473 1047 542 κατατρίψω
1080 470 1238 541 ᾅδην
1276 471 1346 526 ἐκ
1377 476 1838 540 κατοικητηρίου
1884 471 2071 527 αὐτῶν

2177 521 2180 531 ,
2210 488 2276 525 ea:
2325 472 2630 526 habitacula
2657 487 2860 525 eorum.
2891 469 3028 524 Nam
3063 468 3349 524 character
3375 483 3536 538 quem
3578 469 3679 524 sibi
3709 472 3789 525 ef—

537 566 595 618 '0
628 565 738 636 γὰρ
767 566 1057 637 χαρακτὴρ
1089 567 1266 619 αὐτῶν
1298 566 1356 620 ὃν
1389 569 1600 632 ἑαυτοῖς
1630 566 1996 632 ὲξετύπωσαν,
2039 568 2102 620 τὸ

527 656 626 726 μὲν
668 656 787 710 κατ’
828 655 1013 708 εἰκόνα
1050 659 1143 710 καὶ
1187 658 1448 728 ὁμοίωσιν
1498 659 1591 712 τοῦ
1619 656 1754 712 Θεοῦ
1800 659 1858 725 ἐξ
1920 658 2100 712 αὐτῶν

522 747 908 816 ἀφανίσαντες,
949 749 1064 821 εῐδη
1099 749 1156 803 δὲ
1186 750 1282 804 καὶ
1317 751 1530 822 μορφὰς
1569 751 1780 820 ἀλόγων
1814 749 1967 814 ζώων
2007 752 2098 805 καὶ

522 838 766 912 ἑρπετῶν
791 839 878 892 διὰ.
906 841 1121 910 τρόπων
1146 843 1445 914 μοχθηρίας
1465 847 1528 915 τῇ
1555 843 1700 915 ψυχῇ
1729 845 2098 916 περιθέμενοι,

520 932 980 1003 κατατριϐήσεται
1008 934 1064 986 ὲν
1096 933 1175 1004 τῷ
1203 937 1606 1007 κατοικητηρίῳ
1636 936 1729 989 τοῦ
1761 936 1907 1007 ᾃδου.
1939 938 2098 992 Κατὰ

519 1022 576 1074 δὲ
609 1021 924 1092 Σύμμαχον·
978 1023 1048 1076 Τὸ
1089 1023 1156 1076 δὲ
1200 1025 1488 1094 κρατερὸν
1528 1024 1728 1079 αὐτῶν
1769 1026 2095 1080 πα.1αιώσει

518 1111 670 1182 ᾅδης
706 1115 824 1168 ἀπὸ
858 1114 968 1183 τῆς
1006 1115 1296 1180 οἰκήσεως
1331 1115 1438 1185 τῆς
1482 1117 1724 1188 ἐντίμου
1770 1120 1974 1173 αὐτοῦ.
2029 1123 2093 1172 "O

520 1203 630 1274 γὰρ
658 1205 843 1272 ἔδοξαν
876 1211 1178 1278 περιποιεῖν
1212 1211 1422 1272 ἑαυτοῖς
1455 1211 1714 1282 κραταιὸν
1744 1211 1832 1266 διὰ
1863 1212 1964 1280 τῆς
1997 1214 2093 1283 ἐμ-

520 1292 746 1363 φυείσης
773 1296 830 1346 ὲν
852 1296 1036 1358 αὐτοῖς
1071 1296 1287 1359 κακίας,
1312 1297 1470 1351 τοῦτο
1497 1298 1796 1354 παλαιώσει
1821 1303 1848 1354 ὁ
1882 1301 2013 1372 ᾅδης
2036 1305 2092 1354 ἐν

515 1383 636 1445 ταῖς
677 1384 921 1450 οἰκήσεσι
960 1388 1076 1448 ταῖς
1113 1388 1254 1456 παρ’
1289 1386 1457 1457 αὐτῷ.
1497 1390 1608 1443 Καὶ
1652 1390 1812 1444 τοῦτο
1852 1392 1952 1462 μὲν
1983 1394 2090 1446 τῶν

514 1473 730 1527 ἀσεϐῶν
766 1477 826 1528 τὸ
856 1477 1026 1541 τέλος.
1061 1480 1122 1531 Οἱ
1157 1480 1211 1532 δὲ
1243 1480 1485 1544 εὐσεϐεῖς
1514 1482 1634 1536 κατ’
1676 1484 1853 1538 ἐκεῖνο
1897 1485 2088 1556 καιροῦ

516 1566 731 1635 πρωῒας
778 1568 1100 1634 ἀξιωθέντες
1141 1572 1236 1624 καὶ
1271 1573 1393 1626 νέου
1441 1573 1639 1642 φωτὸς,
1685 1576 1951 1647 ἀνατολῆς
1989 1578 2088 1648 τῆς

511 1657 622 1709 τῶν
665 1659 878 1713 ἀσεϐῶν
923 1663 1436 1735 κατακυριεύσουσι·
1474 1666 1507 1737 ἢ
1544 1667 1686 1721 κατὰ
1712 1668 1803 1721 τὸν
1835 1670 2085 1723 Ἀκύλαν·

509 1745 601 1799 ἑνί
623 1747 1054 1818 κρατήσουσιν,
1082 1752 1114 1823 ἢ
1137 1752 1276 1806 κατά
1296 1753 1386 1807 τὸν
1415 1754 1728 1826 Σύμμαχον·
1747 1757 2084 1823 ὐποτάξου-

2210 565 2505 629 ﬁnxerunt,
2536 565 2819 620 eliminata
2841 579 2906 619 ex
2936 563 3132 634 seipsis
3161 562 3257 618 Dei
3283 563 3522 633 imagine
3551 579 3615 618 ac
3643 563 3791 619 simi-

2207 659 2460 724 litudine,
2508 666 2672 728 atque
2715 657 3178 714 irrationabilium
3226 656 3567 719 animalium,
3612 656 3785 725 repti-

2206 750 2449 818 liumque
2478 747 2670 804 formis
2700 765 2796 819 per
2827 748 3010 802 varios
3055 747 3424 816 improbitatis
3448 746 3641 801 modos
3670 745 3787 798 ani-

2204 857 2307 896 ma:
2340 857 2453 896 suae
2503 841 2713 901 ascitis.
2761 841 2815 894 in
2863 839 3176 894 habilaculo
3207 836 3405 892 inferni
3446 843 3781 890 conteretur.

2206 933 2521 988 Secundum
2562 930 2950 1004 Symmachum
2991 938 3170 984 autem
3191 971 3206 996 ,
3232 929 3393 982 robur
3433 944 3614 982 eorum
3643 928 3783 980 anti-

2202 1023 2382 1094 quabit
2437 1024 2675 1093 infernus
2726 1040 2757 1076 α
2809 1024 3038 1094 pretioso
3099 1021 3405 1076 habitacqu
3456 1022 3591 1090 ejus.
3645 1019 3782 1073 Nam

2202 1117 2370 1170 robur
2394 1117 2549 1182 illud,
2571 1116 2714 1186 quod
2742 1116 2848 1170 sibi
2877 1115 2946 1168 ob
2966 1115 3184 1169 insitam
3206 1114 3470 1166 malitiam
3497 1114 3782 1182 acquirere

2199 1211 2548 1272 videbantur,
2608 1209 2914 1278 antiquabit
2955 1206 3204 1260 infernus
3255 1212 3309 1257 in
3355 1203 3781 1258 habitationibus

2199 1301 2398 1356 ibidem
2430 1300 2648 1370 positis.
2688 1299 2754 1352 Et
2798 1299 2886 1352 hic
2929 1296 3152 1366 quidem
3197 1296 3488 1364 impiorum
3526 1294 3670 1350 ﬁnis.
3697 1294 3780 1349 Pii

2198 1402 2380 1448 autem
2419 1393 2510 1448 illo
2551 1402 2815 1461 tempore,
2851 1388 3117 1442 matutina
3156 1399 3208 1442 et
3238 1402 3376 1440 nova
3418 1387 3539 1440 IuCe
3567 1385 3777 1448 donati,

2198 1485 2399 1540 orienti
2444 1485 2735 1555 impiorum
2783 1483 3251 1545 dominabuntur;
3297 1481 3432 1546 sive,
3475 1479 3776 1535 secundum

2197 1576 2469 1647 Aquilam,
2492 1576 2861 1648 imperabunt;
2883 1573 3324 1641 sive,secundum
3361 1571 3776 1643 Symmachum,

2194 1666 2472 1735 subjicient
2506 1667 2629 1724 sibi.
2668 1665 2802 1718 Nam
2845 1681 2969 1719 cum
3003 1665 3155 1735 impii
3203 1663 3292 1718 hic
3330 1663 3622 1733 proborum
3657 1663 3775 1714 ani-

2195 1773 2313 1814 mas
2338 1757 2731 1829 depresserint,
2768 1757 2882 1812 illic
2911 1758 3146 1811 animam
3169 1756 3383 1827 piorum
3408 1753 3683 1816 liberabit,
3717 1763 3775 1806 ut

511 1853 617 1892 σιν
648 1839 870 1906 αὐτοῖς.
909 1841 1029 1896 Τῶν
1062 1842 1169 1916 γὰρ
1199 1844 1433 1900 ἐνταῦθα
1478 1849 1931 1904 ταπεινωσάντων
1965 1853 2071 1905 τοὺς

2193 1865 2261 1905 ne
2287 1865 2394 1904 una
2426 1865 2551 1905 cum
2589 1850 2771 1920 impiis
2803 1850 3172 1914 abducantur;
3204 1847 3300 1903 sed
3331 1847 3385 1901 in
3415 1846 3538 1906 aliis
3559 1845 3696 1900 locis
3719 1851 3772 1899 et

509 1929 690 1994 εύθεῖς
719 1932 951 1999 ἀσεϐῶν,
986 1936 1104 1988 ἐκεῖ
1153 1936 1375 2007 ῥύσεται
1408 1940 1508 2010 τῆν
1536 1940 1715 2012 ψυχὴν
1755 1943 1895 2014 πρὸς
1924 1944 1985 1996 τὺ
2014 1945 2088 2017 μὴ

511 2023 924 2094 ωναπαχθῆναι
965 2029 1079 2090 τοῖς
1118 2027 1393 2095 ἀσεϐέσιν,
1437 2031 1551 2084 ἀλλ’
1596 2033 1654 2084 ὲν
1688 2033 1897 2104 ἑτέροις
1947 2032 2088 2090 εἷναι

506 2113 728 2184 χωρίοις
753 2132 815 2168 τε
850 2116 943 2169 καὶ
976 2120 1267 2189 ποιμνίοις.

563 2191 711 2258 “Ott
739 2207 963 2276 ἡψυχὴ
993 2209 1180 2263 αὑτοῦ
1194 2211 1266 2264 ἐν
1287 2211 1364 2280 τῇ
1389 2209 1506 2282 ζωῇ
1534 2214 1722 2269 αὐτοῦ
1753 2217 2084 2286 εὐλογηθή-

504 2307 697 2357 σεται,
716 2295 1226 2366 ἐξομολογήσεται
1255 2316 1354 2356 σοι
1393 2303 1541 2358 ὅταν
1565 2305 1872 2374 ἀγαθύνῃς
1901 2306 2080 2372 αὐτῷ.

598 2383 697 2454 μὲν
734 2383 943 2450 δίκαιος
965 2387 1176 2458 εύλογεῖ
1202 2391 1292 2443 τὸν
1321 2393 1524 2464 Κύριον
1557 2394 1614 2448 ὲν
1643 2397 1802 2450 παντὶ
1835 2398 2030 2469 καιρῷ·
2056 2401 2084 2452 6

501 2468 560 2520 δὲ
591 2471 911 2543 ἁμαρτωλὸς
955 2479 1313 2546 τοτηνικαῦτα
1341 2480 1852 2556 ὲξομολογουμένος,
1873 2468 2088 2557 εύλογεῖγ

499 2559 594 2614 τὸν
615 2560 749 2616 Θεὸν
766 2565 999 2636 ὁπηνίκα
1027 2567 1092 2621 ἂν
1131 2571 1331 2638 ἀγαθόν
1360 2591 1412 2625 τι
1441 2575 1592 2646 αὐτῷ
1617 2577 1682 2630 ὲκ
1708 2577 1843 2632 Θεοῦ
1875 2581 2073 2652 ἀποϐῇ.

886 2677 1180 2732 ΨΑΛΜΟΣ
1217 2683 1304 2734 ΤΩ
1340 2685 1514 2737 ΑΣΑΦ
1552 2686 1686 2740 ΜΘ.

569 2767 631 2822 Οἱ
674 2769 1142 2843 ἐπιγεγραμμένοι
1162 2773 1256 2826 τοῦ
1299 2776 1470 2846 Ἀσάφ
1526 2779 1632 2831 εἰσι
1673 2779 1772 2850 μὲν
1796 2781 1846 2834 οἱ
1881 2781 2079 2847 πάντες

495 2855 588 2912 τδν
621 2860 852 2931 ἀριθμὸν
888 2862 970 2913 ιϐ’·
1003 2863 1200 2933 ἐφεξῆς
1228 2865 1285 2917 δὲ
1309 2868 1356 2920 οἱ
1388 2875 1454 2921 ια’
1481 2870 1772 2942 ἀρχόμενοι
1816 2873 1923 2928 ἀπὸ
1982 2875 2076 2930 τοῦ

494 2951 594 3006 οϐ’·
630 2953 690 3019 ἐξ
728 2947 802 3007 ὧν
834 2955 862 3006 6
896 2954 1085 3026 παρὼν
1120 2957 1444 3032 ἀπεσπάσθη
1484 2961 1718 3032 ψαλμὸς,
1738 2965 1836 3036 οὐχ
1867 2966 2074 3030 ἁπλῶς·

493 3041 622 3095 ἀλλ’
662 3044 894 3116 ἐπείπερ
939 3048 967 3099 6
1010 3047 1116 3118 πρὸ
1156 3048 1346 3102 τούτου
1405 3051 1619 3123 ψαλμὸς
1667 3055 1795 3127 περὶ
1840 3047 2075 3128 κρίσεως

490 3135 586 3187 τοῦ
608 3135 744 3192 Θεοῦ
773 3137 1124 3204 διεστέλλετο,
1151 3141 1388 3206 τοιοῦτος
1411 3145 1475 3200 δὲ
1500 3147 1594 3199 καὶ
1621 3147 1650 3198 6
1684 3147 1896 3219 παρὼν,
1928 3152 2072 3206 εἰκό-

487 3242 599 3290 τως
627 3227 768 3281 κατά
799 3229 960 3284 τοῦτο
997 3232 1321 3287 ἀκολουθίαν
1363 3236 1599 3300 ἐδέξατο.
1659 3239 1818 3292 Ἀλλά
1850 3243 1944 3294 καὶ
1974 3242 2073 3314 τὴν

486 3318 577 3373 διὰ
603 3321 880 3387 Μωῦσέως
915 3325 1234 3396 ἀνατρέπων
1262 3328 1600 3397 νομοθεσίαν,
1620 3332 1952 3403 παραδίδωσι
1975 3336 2073 3406 τῆς

485 3413 684 3482 καινῆς
729 3415 1005 3487 Διαθήκης
1053 3419 1145 3471 τὸν
1197 3411 1418 3484 δοθέντα
1471 3427 1582 3487 τοῖς
1629 3424 1807 3480 ἔθνεσι
1847 3430 2068 3500 τρόπον.

487 3501 600 3556 Καὶ
627 3503 787 3557 τοῦτο
817 3506 874 3559 δὲ
919 3504 988 3579 ἦν
1021 3512 1080 3562 ἐν
1115 3515 1225 3576 τοῖς
1257 3512 1366 3566 τῶν
1407 3515 1536 3568 υἱῶν
1603 3518 1746 3589 Κορὲ
1804 3519 2061 3592 ψαλμοῖς·

481 3589 682 3657 οἵτινες
706 3597 799 3648 καὶ
829 3599 980 3651 αὐτοὶ
1007 3603 1331 3672 τυγχάνουσι
1360 3606 1457 3675 μὲν
1485 3606 1572 3660 ιϐ’.
1616 3609 1749 3661 Ἀλλ’
1777 3618 1826 3680 η’
1860 3614 1909 3668 οἱ,
1935 3631 2068 3684 προ-

485 3684 740 3750 λαϐόντες
761 3690 956 3760 ἑφεξῆς
981 3695 1383 3766 κατετάγησαν,
1407 3691 1482 3751 ὧν
1531 3700 1977 3769 ἀποσπασθέντες
2017 3710 2064 3759 οἱ

486 3772 766 3841 λείποντες
809 3780 1092 3866 τέσσαρες,
1140 3785 1278 3855 μετὰ
1307 3789 1433 3852 τοὺς
1474 3789 1569 3842 τοῦ
1608 3790 1778 3862 Ἀσάφ
1819 3794 2066 3866 ψαλμοὺς

487 3869 883 3940 ⁴μιατετάγησαν·
916 3865 1044 3938 ἴσως
1066 3878 1186 3930 ἐπεὶ
1217 3880 1266 3930 οἱ
1295 3879 1390 3932 τοῦ
1445 3883 1602 3953 Ασάφ
1637 3885 1857 3952 πάντες,
1882 3887 1957 3952 ὼς
1988 3891 2065 3941 εί-

482 3961 627 4024 πεῖν,
671 3961 767 4014 τοῦ
817 3964 1030 4037 Ἰσραὴλ
1062 3968 1348 4034 ἐθέσπιζον
1381 3972 1482 4043 τῆν
1509 3975 1779 4047 ἀποϐολὴν
1800 4020 1813 4043 ,
1845 3979 1940 4032 καὶ
1963 3981 2062 4051 τὴν

483 4053 564 4115 εἰς
590 4053 767 4107 πάντα
796 4055 865 4108 τὰ
897 4057 1021 4130 ἔθνη
1064 4060 1386 4132 διασπορὰν,
1437 4064 1556 4135 μεθ’
1590 4067 1659 4138 ἣν
1689 4070 1721 4138 ὴ
1764 4069 1924 4140 χάρις
1966 4071 2060 4125 τοῦ

482 4143 619 4197 Θεοῦ
659 4144 726 4198 τὰ
770 4147 895 4220 ἔθνη
943 4150 1116 4204 πάντα
1149 4152 1430 4223 μετῆλθεν·
1478 4155 1600 4208 ὅθεν
1642 4160 1691 4210 οἱ
1733 4157 1908 4212 λοιποὶ
1951 4161 2060 4214 τῶν

482 4238 613 4291 υίῶν
647 4241 792 4310 Κορὲ
817 4240 1023 4313 ψαλμοὶ
1055 4245 1376 4312 διεδέξαντο,
1409 4247 1508 4320 τὴν
1540 4249 1651 4302 τῶν
1679 4251 1850 4306 ἐθνῶν
1881 4255 2057 4308 ἀπάν-

478 4343 586 4380 των
615 4331 1076 4401 προαγορεύοντες
1094 4334 1305 4404 κλῆσιν.

550 4419 694 4485 Θεὸς
714 4421 864 4474 θεῶν
876 4424 1090 4490 Κύριος
1104 4426 1380 4496 ἐλάλησε,
1397 4430 1495 4483 καὶ
1513 4431 1767 4487 ἐκάλεσε
1787 4434 1900 4502 τὴν
1918 4435 2054 4506 γῆν.

2191 1941 2425 1998 ovilibus
2447 1941 2666 2012 degant.

2258 2207 2426 2264 Vens.
2463 2210 2549 2264 19.
2585 2209 2728 2276 Quia
2762 2211 2943 2263 anima
2971 2210 3084 2275 eius
3120 2211 3172 2262 in
3212 2209 3321 2264 uite
3358 2210 3523 2277 ipsius
3557 2208 3766 2262 benedi-

2185 2311 2352 2367 cetur,
2395 2302 2734 2370 conﬁtebitur
2776 2301 2870 2354 tibi
2922 2319 3040 2356 cum
3079 2302 3203 2356 bene
3240 2303 3426 2371 feceris
3463 2303 3530 2356 ei.
3574 2301 3765 2357 Justus

2183 2394 2332 2447 omni
2365 2402 2606 2462 tempore
2651 2394 2926 2448 benedicit
2961 2394 3111 2460 Deo;
3148 2402 3403 2480 peccator
3428 2403 3605 2448 autem
3634 2404 3765 2448 tunc

2183 2486 2454 2540 conﬁtens
2496 2489 2672 2542 solum
2702 2487 2975 2542 benedicit
3007 2487 3135 2550 Deo,
3173 2503 3296 2540 cum
3335 2487 3469 2556 quid
3499 2489 3624 2542 boni
3659 2489 3764 2544 sibi

2183 2593 2213 2632 a
2237 2577 2348 2634 Deo
2388 2581 2693 2634 obvenerit.

2500 2696 2551 2747 1.
2579 2690 2900 2746 PSALMUS
2936 2690 3165 2747 ASAPH
3209 2692 3374 2746 XLIX

2251 2783 2354 2850 Qui
2382 2784 2564 2856 Asaph
2609 2785 2860 2855 inscripti
2894 2793 3045 2851 sunt,
3075 2801 3266 2839 omnes
3294 2801 3524 2840 numero
3556 2787 3762 2842 duode~

2179 2875 2287 2930 cim
2319 2884 2560 2934 exstant.
2607 2877 2667 2932 In
2698 2878 3055 2948 sequentibus
3085 2892 3216 2932 vero
3244 2878 3335 2932 alii
3378 2879 3630 2934 undecim
3663 2879 3760 2933 ba-

2178 2969 2396 3033 bentur,
2426 2970 2518 3039 qui
2560 2985 2589 3023 a
2620 2986 2770 3024 Lxxu
2821 2970 3098 3042 incipiunt
3129 2991 3142 3027 :
3175 2988 3238 3027 ex
3285 2972 3485 3045 quibus
3517 2989 3759 3043 prasens

2178 3061 2422 3131 psalmus
2452 3062 2675 3118 avulsus
2697 3070 2803 3126 est,
2827 3078 2929 3119 nec
2951 3063 3070 3118 sine
3098 3079 3285 3118 causa.
3323 3063 3431 3120 Sed
3459 3065 3587 3135 quia
3621 3081 3758 3134 prac-

2179 3152 2378 3209 cedens
2405 3155 2654 3224 psalmus
2681 3155 2749 3210 de
2773 3155 2867 3210 Dei
2898 3155 3112 3226 judicio
3141 3155 3500 3217 edisserebat,
3523 3171 3589 3210 ac
3619 3172 3756 3226 prae-

2182 3262 2310 3302 sens
2339 3247 2537 3304 similis
2574 3255 2659 3303 est
2691 3250 3032 3318 argumenti;
3059 3248 3256 3302 merito
3287 3257 3410 3317 post
3442 3247 3593 3301 illum
3625 3263 3757 3303 con-

2181 3348 2474 3409 sequenter
2501 3342 2711 3408 positus
2735 3350 2839 3395 est.
2869 3339 3160 3394 Enimvero
3179 3355 3367 3394 eversa
3384 3339 3587 3410 Moysis
3614 3341 3750 3410 lege,

2178 3430 2302 3484 novi
2326 3432 2653 3486 Testamenti
2682 3429 2904 3488 modum
2939 3431 3192 3502 gentibus
3233 3431 3492 3485 traditum
3523 3431 3751 3501 profert.

2175 3521 2354 3592 Atque
2406 3521 2642 3593 idipsum
2691 3523 2873 3578 evenit
2913 3522 2967 3576 in
3016 3524 3242 3592 psalmis
3291 3523 3526 3577 ﬁliorum
3568 3523 3748 3578 Core:

2173 3614 2265 3683 qui
2315 3622 2370 3668 et
2420 3615 2520 3683 ipsi
2566 3630 2798 3670 numero
2846 3615 3158 3670 duodecim.
3213 3615 3319 3670 Sed
3366 3625 3490 3669 octo
3537 3615 3750 3684 priores

2172 3705 2432 3776 deinceps
2473 3707 2636 3778 positi
2670 3715 2820 3772 sunt,
2853 3723 2883 3760 a
2915 3708 3117 3778 quibus
3152 3709 3326 3764 avulsi
3358 3716 3596 3778 quatuor
3623 3711 3751 3764 reli-

2170 3798 2286 3868 qui,
2317 3807 2438 3869 post
2462 3800 2706 3869 psalmos
2733 3799 2916 3870 Asaph
2949 3810 3077 3855 sunt
3106 3802 3390 3856 constituti
3424 3801 3598 3856 :forte
3619 3803 3748 3869 quia

2168 3890 2374 3958 Asaplii
2409 3890 2520 3945 fere
2551 3906 2764 3954 omnes,
2797 3891 3019 3946 lsraelis
3060 3893 3418 3962 abjectionem
3449 3901 3503 3947 et
3543 3893 3594 3946 in
3630 3910 3746 3946 mn-
3824 3893 3828 3897 ’

2168 3997 2266 4036 nes
2289 3994 2479 4052 gentes
2510 3983 2903 4052 dispersionem
2928 3985 3385 4046 vaticinabantur.
3425 3996 3548 4056 post
3582 4002 3745 4056 quam

2168 4075 2261 4128 Dei
2292 4074 2467 4144 gratia
2499 4089 2692 4130 omnes
2730 4085 2919 4146 gentes
2958 4076 3130 4143 adiit;
3168 4092 3338 4146 quare
3379 4079 3579 4149 reliqui
3617 4079 3743 4134 ﬁtio-

2166 4181 2284 4218 rum
2316 4165 2455 4220 Core
2483 4167 2676 4236 psalmi
2705 4168 2829 4224 illos
2859 4180 3213 4239 exceperunt,
3240 4170 3332 4240 qui
3363 4170 3742 4227 universarum

2165 4260 2408 4329 gentium
2441 4261 2783 4316 vocationem
2821 4264 3208 4331 praenuntiant.

2233 4437 2397 4494 Vsus.
2422 4442 2475 4495 2.
2502 4441 2643 4496 Deus
2673 4443 2886 4497 deorum
2927 4445 3178 4500 Dominus
3210 4448 3414 4503 locutus
3451 4458 3551 4514 est,
3583 4461 3632 4504 et
3657 4467 3737 4503 ro-

475 4511 538 4563 οί
565 4511 742 4566 λοιποὶ
773 4515 827 4568 δὲ
859 4520 1008 4587 τρεῖς
1033 4523 1402 4592 ἠρμὴνευσαν·
1423 4525 1695 4594 Ἰσχιζρὸς
1713 4528 1854 4594 Θεὸς
1873 4529 2062 4595 λαλή-

2177 4535 2308 4586 cavit
2355 4545 2570 4591 terram.
2609 4536 2825 4608 Reliqui
2880 4551 2988 4595 tres
3044 4544 3124 4597 sic
3176 4545 3517 4610 interpretati
3570 4553 3737 4598 sunt:

472 4623 591 4672 σας
615 4607 874 4663 ἐκάλεσε
917 4612 1034 4680 τὴν
1077 4614 1215 4684 γῆν.
1271 4621 1333 4671 Οἱ
1371 4619 1427 4672 δὲ
1466 4621 1871 4693 Ἐϐδομήκοντα
1901 4626 2056 4692 θεοὺς

471 4699 742 4754 ἐκάλεσαν
756 4703 884 4768 τούς
911 4722 969 4758 τε
992 4707 1258 4778 ἄρχοντας
1282 4712 1376 4771 καὶ1
1401 4713 1612 4784 κριτὰς,
1639 4717 1774 4789 ὅπερ
1799 4718 1925 4773 ἴδιον
1954 4721 2053 4790 p.6-

470 4807 564 4843 νου
608 4792 764 4862 Θεοῦ.
818 4795 1121 4869 Τοιγαροῦν
1163 4804 1220 4854 ἐν
1253 4810 1344 4856 πα⁹
1385 4805 1583 4877 ψαλμῷ
1630 4810 1942 4881 προφήσας·
1986 4814 2050 4866 '0

470 4883 615 4949 Θεός
640 4883 790 4954 ἔστη
819 4887 888 4939 ἐν
916 4892 1238 4962 συναγωγῇ
1271 4895 1440 4962 θεῶν,
1475 4897 1550 4950 ἐν
1584 4898 1754 4968 μέσῳ
1781 4900 1850 4954 δὲ
1873 4904 2048 4971 θεοὺς

467 4973 667 5044 διακρί
671 4993 756 5030 νει
775 5019 788 5042 ,
832 4981 1108 5052 ἐπήγαγεν
1131 5001 1144 5013 ·
1191 4985 1337 5052 Ἕως
1357 4989 1502 5042 πότε
1529 4993 1758 5059 κρίνετε
1778 4994 2016 5050 ἀδικίαν
2028 5015 2048 5062 ;

465 5064 621 5120 Οὕτω
657 5069 751 5121 καὶ
776 5072 804 5122 6
835 5072 998 5143 νόμος
1020 5075 1351 5148 διαγορεύει·
1388 5081 1572 5149 Θεοὺς
1610 5086 1681 5137 οὐ
1712 5089 2048 5158 κακολογή-

465 5172 616 5224 σεις,
640 5162 737 5215 καὶ
761 5162 1057 5233 ἄρχοντας
1072 5169 1178 5222 τοῦ
1199 5171 1353 5226 λαοῦ
1379 5189 1494 5227 σου
1517 5176 1627 5228 οὐκ
1650 5175 1804 5244 ἐρεῖς
1824 5179 2040 5244 κακῶς.

465 5249 718 5322 Εύλόγως
749 5254 794 5307 δ’
829 5255 896 5310 ἂν
928 5258 1174 5329 κληθεῖεν
1201 5265 1249 5316 οἱ
1284 5265 1346 5317 τὸ
1391 5267 1512 5318 κατ’
1551 5267 1734 5321 εἰκόνα
1783 5269 2044 5338 φυλάξαν-

461 5357 556 5407 τες
579 5359 593 5373 ·
621 5347 651 5398 6
678 5345 882 5401 τούτων
925 5349 1055 5415 Θεὸς
1107 5356 1286 5410 πᾶσαν
1341 5358 1560 5426 συνάγει
1600 5358 1696 5431 τὴν
1721 5362 2042 5434 οἰκουμένην

461 5435 546 5497 εἰς
567 5437 628 5489 τὸ
661 5440 941 5510 κριτήριον
963 5459 973 5471 ·
1003 5444 1164 5508 αὐτὸς
1187 5446 1260 5502 ὢν
1283 5455 1311 5501 ὁ
1339 5451 1541 5522 Κύριος
1567 5455 1596 5505 6
1637 5452 1730 5506 τοῦ
1790 5454 1924 5507 Θεοῦ
1941 5455 2042 5508 Λό-

462 5542 559 5591 γος
590 5529 1019 5604 ὲνανθρωπήσας
1067 5538 1292 5610 ὲλάλησε
1322 5541 1410 5594 διὰ
1442 5543 1533 5596 τοῦ
1569 5544 1926 5613 Εύαγγελίου,
1947 5548 2040 5599 καὶ

464 5618 671 5684 πάντας
699 5623 796 5692 μὲν
821 5624 993 5691 καλεῖ,
1019 5629 1078 5680 ού
1104 5631 1302 5697 πάντες
1332 5635 1646 5704 ὑπήκουσαν
1691 5637 1768 5707 τῷ
1793 5638 2038 5706 Εὕα-,γε-

535 5775 584 5808 ⁸³
617 5779 760 5836 Psal.
801 5799 983 5851 LXXXI,
1020 5784 1071 5838 l.
1151 5786 1194 5817 ³⁵
1237 5788 1366 5843 ibid.
1401 5789 1450 5842 εὶ.

1534 5792 1575 5823 ³⁵
1617 5791 1784 5848 Exod.
1825 5809 1954 5858 χχιι,
1993 5793 2080 5848 9.8.

2163 4623 2345 4680 Fortis
2370 4627 2508 4682 Deus
2534 4631 2744 4700 loquens
2768 4636 2962 4686 vocavit
2980 4644 3194 4690 terram.
3226 4635 3365 4688 LXX
3397 4644 3574 4689 autem
3604 4635 3736 4690 deos

2159 4729 2426 4773 vocarunt
2459 4722 2734 4792 principes
2758 4739 2821 4777 ac
2858 4725 3095 4793 judices,
3137 4727 3281 4796 quod
3325 4727 3604 4798 pr0prium
3639 4741 3733 4780 so-

2153 4810 2260 4867 lius
2301 4811 2394 4868 Dei
2433 4822 2537 4869 est.
2574 4814 2855 4885 Siquidem
2893 4819 2946 4870 in
2992 4835 3156 4873 LXXXI
3191 4820 3404 4888 psalmo
3443 4827 3730 4889 postquam

2153 4902 2391 4968 dixerat,
2432 4905 2573 4960 Deus
2596 4909 2741 4961 stetit
2782 4910 2835 4962 in
2871 4927 3139 4981 synagoga
3183 4912 3421 4974 deorum,
3466 4913 3518 4963 in
3560 4911 3730 4964 medio

2156 5006 2330 5050 autem
2362 4997 2486 5052 deos
2528 4998 2886 5067 diiudicat”;
2938 5003 3246 5071 subjunxit,
3285 5001 3557 5072 Usqtthuo
3580 5003 3728 5072 judi-

2152 5089 2286 5142 catis
2327 5091 2757 5160 iniquitatem"?
2787 5091 2879 5147 Sic
2906 5103 2959 5148 et
2998 5095 3083 5149 lex
3130 5095 3376 5164 praacipit
3416 5111 3427 5145 :
3461 5095 3578 5148 Diis
3630 5112 3726 5147 non

2149 5179 2452 5244 maledicas,
2486 5193 2536 5236 et
2575 5184 2897 5253 principibus
2935 5186 3120 5257 papuli
3155 5189 3231 5239 tui
3269 5204 3370 5240 non
3402 5187 3722 5241 conviciaba-

2149 5273 2225 5326 ris
2242 5273 2307 5327 ⁸⁵.
2340 5272 2470 5330 Jure
2517 5277 2597 5331 sic
2641 5287 2905 5331 vocentur
2927 5279 3021 5347 qui
3077 5280 3366 5349 imaginem
3406 5281 3553 5332 illam
3591 5281 3644 5332 in
3673 5299 3722 5336 st

2148 5367 2506 5430 servaverint,
2529 5384 2760 5437 quorum
2791 5368 2933 5422 Deus
2965 5379 3134 5423 totum
3165 5371 3351 5424 orbem
3376 5370 3441 5424 ad
3460 5371 3724 5439 judicium

2148 5470 2340 5512 evocat
2373 5477 2384 5510 :
2424 5461 2650 5531 ipseque
2697 5461 2960 5517 Dominus
3001 5463 3095 5518 Dei
3117 5465 3370 5525 Verbum,
3409 5465 3722 5520 incarnatus

2149 5566 2244 5618 per
2266 5548 2618 5621 Evangelium
2667 5553 2884 5610 locutus
2919 5563 3003 5611 est
3039 5563 3130 5611 :ct
3153 5571 3346 5610 omnes
3377 5556 3593 5626 quidem
3634 5573 3721 5611 vo-

2147 5649 2255 5706 cat,
2302 5643 2394 5698 sed
2428 5659 2536 5698 non
2570 5659 2760 5700 omnes
2811 5648 3057 5702 obsecuti
3089 5656 3216 5701 sunt
3267 5647 3578 5718 Evangelia.
3620 5649 3721 5703 Sed
