4138 6386
458 384 568 443 ιδε

1063 466 1069 471 _
1160 387 1427 449 EUSEBII
1463 392 1936 453 CESARIENSIS
1979 395 2129 454 OPP.
2164 392 2351 451 PARS
2380 392 2468 450 ill.
2495 425 2567 437 —-
2592 392 3001 452 EXEGETICA.

3596 392 3702 450 ιδσ

458 501 556 573 qui
607 500 950 571 obedierunt,
1000 502 1275 573 promissa
1318 508 1753 580 nanciscuntur;
1800 513 1868 569 iis
1900 529 2030 570 vero

2141 512 2249 583 λίῳ.
2313 512 2435 565 Ἀλλ
2454 512 2519 564 ὀί
2554 510 2651 581 μὲν
2680 508 3087 572 ὑπακούσαντες
3128 509 3235 562 τῶν
3282 506 3703 581 ἐπηγγελμένων

459 593 552 665 qui
583 594 809 664 gratiam
827 602 1293 667 contempserunt,
1321 600 1376 654 in
1402 602 1640 670 glorioso
1668 619 1768 659 suo
1790 605 2025 661 adventu

460 684 641 756 ignem
688 686 1074 752 comminatur,
1118 697 1384 745 venturus
1412 708 1478 747 ex
1514 696 1725 753 caelesti
1779 695 1931 763 Sion,
1958 699 2027 754 de

460 793 567 851 qua
594 777 796 833 Paulus
822 779 897 833 ait
927 800 939 833 :
974 778 1056 833 Ea
1084 796 1224 845 vero,
1246 799 1363 853 qua:
1391 801 1603 839 sursum
1624 797 1701 841 est
1728 786 2028 844 Jerusalem

459 869 625 924 libera
651 878 750 933 est,
783 886 900 941 qua:
923 880 1001 926 est
1021 881 1189 927 mater
1209 883 1390 928 nostra
1404 876 1469 943 ³⁶;
1501 884 1554 932 et
1581 898 1592 931 :
1622 877 1935 938 Accessistis.
1959 882 2028 935 ad

460 958 592 1017 Sion
614 970 840 1015 montem
867 971 916 1015 et
940 963 1201 1018 civitatem
1230 964 1327 1018 Dei
1345 967 1578 1031 viventis,
1610 969 1908 1026 Jerusalem
1928 989 2030 1026 ca!-

461 1052 641 1107 lestem
659 1052 725 1105 ³⁷.
762 1051 967 1123 Species
1022 1066 1201 1111 autem
1242 1058 1447 1113 decoris
1495 1069 1580 1115 est
1626 1062 1864 1131 gloriosa
1910 1064 2030 1134 ejus

459 1143 813 1213 theopbauia,
847 1160 1011 1215 quam
1046 1155 1232 1217 aperte
1275 1149 1519 1205 declarat
1549 1152 1681 1207 illud
1715 1170 1728 1205 :
1756 1152 1896 1209 Deus
1925 1173 2032 1209 ma-

456 1233 647 1302 nifeste
680 1236 868 1289 veniet.
913 1233 971 1289 in
1002 1239 1181 1306 primo
1232 1240 1417 1309 itaque
1464 1242 1696 1297 adventu
1748 1259 1869 1309 suo,
1900 1245 2029 1300 dum

454 1325 524 1378 ab
568 1324 1108 1395 hominibusjudicio
1141 1332 1568 1397 examinaretur,
1615 1335 1830 1401 silebat,
1861 1344 2033 1392 tanta-

453 1428 568 1484 que
600 1429 895 1484 perpessus
928 1433 1037 1473 non
1070 1436 1193 1475 sese
1234 1422 1618 1489 ulciscebatur,
1647 1441 1748 1479 nec
1776 1427 2031 1482 omnibus

454 1519 618 1560 suam
651 1506 942 1562 exhibebat
988 1510 1263 1566 deitatem.
1300 1512 1464 1577 Tunc,
1510 1515 1606 1579 ait,
1648 1516 1922 1586 manifeste
1951 1534 2033 1572 ve-

458 1596 564 1649 niet
597 1604 645 1651 et
667 1614 770 1652 non
801 1599 993 1655 silebit.
1017 1602 1164 1672 Ignis
1204 1611 1385 1658 autem
1421 1614 1772 1675 praeverteris,
1805 1625 2033 1678 regnum

462 1688 585 1757 ejus
613 1699 902 1761 expurgat,
951 1707 1193 1759 omnem,
1228 1710 1347 1764 quae
1386 1697 1469 1750 uri
1514 1706 1710 1767 potest,
1753 1701 2032 1755 materiem

464 1780 776 1841 absumens,
808 1788 867 1835 ut
896 1799 1072 1852 neque
1094 1785 1258 1855 ligna,
1285 1798 1457 1854 neque
1481 1787 1684 1852 fenum,
1722 1807 1897 1861 neque
1935 1808 2033 1861 pa-

2130 605 2484 675 τυγχάνουσιο
2514 604 2625 665 τοῖς
2648 601 2704 653 δέ
2729 600 2825 672 τὴν
2850 601 3009 671 χάριν
3036 598 3305 665 ἀθετοῦσι,
3338 600 3399 655 τὸ
3422 600 3533 674 πῦρ
3554 592 3726 675 ἄπει-ξ

2131 664 2381 750 λεέκατὰ
2407 695 2505 765 τὴν
2538 664 2745 759 ἔνδοξον
2974 692 3293 764 παρουσίαν,
3330 694 3476 765 ἥξων
3501 664 3575 748 ’ὲκ
3604 664 3727 767 τῆςί

2135 786 2455 859 ἐπουρανίου
2505 785 2644 839 Σιὼν
2666 825 2681 850 ,
2716 784 2845 855 περὶ
2869 779 2938 855 ἦς
2963 784 2993 835 6
3044 782 3255 849 Παῦλος
3299 784 3463 854 φησίν
3485 802 3499 815 ·
3544 785 3607 839 Ἠ
3636 785 3706 839 δὲ

2134 879 2255 933 ἀνω
2285 877 2668 947 Ἰερουσαλὴμ
2687 875 2971 943 ἐλευθέρα
2991 875 3182 938 ἐστὶν,
3212 874 3339 942 ἣτις
3358 875 3493 929 ἐστὶ
3507 876 3704 945 μήτηρ

2135 970 2331 1041 ἡμῶν·
2368 970 2483 1032 καὶ,
2531 968 3027 1036 Προσεληλύθατε
3048 965 3201 1019 Σιὼν
3225 965 3347 1034 ὄρει
3391 966 3489 1020 καὶ
3531 970 3705 1021 πόλει

2140 1062 2286 1128 Θεοῦ
2310 1060 2541 1127 ζῶντος,
2582 1058 2968 1128 Ἰερουσαλὴμ
2998 1058 3707 1127 ἐποιιρανίῳ.Εὑπρέπεια

2135 1155 2192 1215 δὲ
2214 1155 2570 1221 ὠραιότητος
2589 1152 2623 1221 ἡ
2649 1149 2855 1214 ἔνδοξος
2870 1148 3035 1202 αὐτοῦ
3060 1149 3344 1219 Θεοφάνεια
3361 1167 3373 1179 ·
3398 1148 3598 1219 ταύτην
3610 1151 3705 1204 καὶ

2136 1246 2215 1310 τὸ,
2256 1246 2319 1297 '0
2346 1243 2487 1309 Θεὸς
2505 1240 2781 1311 ἐμφανῶς
2809 1240 2960 1309 ἣξει,
2981 1242 3144 1313 δηλοῖ.
3177 1240 3334 1294 Κατὰ
3364 1241 3463 1311 μέν
3489 1237 3582 1294 οὖν
3604 1241 3704 1313 τὴν

2138 1337 2360 1408 πρώτην
2401 1334 2563 1387 αὐτοῦ
2593 1333 2888 1403 παρουσίαν
2926 1333 3033 1386 ὑπὸ
3058 1332 3356 1404 ἀνθρώπων
3387 1333 3704 1403 κρινόμενος

2138 1421 2346 1476 ἐσιώπα
2362 1439 2374 1453 ο
2403 1420 2522 1473 οὐδὲ
2545 1420 2779 1474 τοσαῦτα
2806 1421 3026 1490 πάσχων
3044 1419 3292 1492 ἠμύνατο
3310 1462 3324 1484 ,
3378 1421 3499 1474 οὐδὲ
3541 1423 3704 1475 πᾶσιν

2139 1513 2344 1566 ἐδείκνυ
2371 1512 2470 1582 τὴν
2504 1511 2639 1564 ἰδίαν
2666 1510 2892 1580 θεότητα
2910 1529 2924 1542 ο
2954 1512 3090 1564 Τότε
3108 1510 3194 1574 δὲ,
3223 1511 3405 1583 φησὶν,
3432 1511 3704 1583 ἐμφανῶς

2141 1602 2291 1670 ἥξει,
2323 1601 2418 1655 καὶ
2442 1603 2513 1655 οὺ
2541 1603 3086 1668 παρασιωπήσεται.
3113 1601 3503 1674 Προλαμΰάνον
3548 1603 3604 1656 δὲ
3642 1604 3704 1656 τὸ

2141 1693 2249 1764 πῦρ
2279 1692 2375 1763 τὴν
2397 1692 2560 1752 αὑτοῦ
2593 1691 2866 1762 βασιλείαν
2900 1692 3172 1764 καθαίρει,
3216 1695 3393 1746 πᾶσαν
3418 1692 3549 1765 ὓλην
3574 1712 3705 1747 καυ-

2142 1785 2270 1856 στὴν
2290 1783 2592 1847 ἀναλίσκον,
2624 1784 2759 1855 πρὸς
2787 1782 2847 1835 τὸ
2875 1784 2947 1855 μὴ
2972 1784 3123 1849 ξύλα,
3151 1784 3224 1856 μὴ
3252 1785 3461 1857 χόρτον,
3501 1785 3574 1856 μὴ
3601 1802 3703 1839 κα-

464 1870 568 1936 l'ea,
604 1880 731 1927 ante
762 1881 1119 1943 conspectum
1154 1875 1275 1944 ejus
1302 1887 1585 1947 appareat.
1610 1880 1815 1951 Arguet
1856 1891 2035 1936 autem

2144 1874 2324 1945 λάμην
2358 1876 2463 1947 πρὸ
2502 1872 2789 1946 προσώπου
2818 1872 2983 1929 αὑτοῦ
3014 1875 3315 1942 φαίνεσθαι.
3380 1875 3611 1944 Ἐλέγξει
3646 1875 3703 1929 δὲ

464 1960 627 2017 simul
655 1969 709 2017 et
751 1964 1093 2033 approbabit,
1130 1967 1254 2020 aliis
1293 1953 1502 2031 dicens,
1541 1968 1739 2032 Venite,
1779 1971 2034 2025 benedicti

464 2053 649 2107 Patris
676 2055 776 2108 mei
793 2054 873 2120 ³⁸;
907 2055 1029 2110 aliis
1073 2070 1225 2119 vero,
1268 2056 1531 2112 Discedite
1561 2075 1594 2112 a
1621 2076 1702 2114 me
1720 2061 1784 2116 ³⁹.
1812 2061 1956 2132 Ignis
1979 2064 2034 2116 in

464 2157 741 2214 conspectu
764 2146 878 2213 ejus
911 2146 1234 2201 exardescet.
1277 2146 1460 2215 Ignem
1499 2166 1615 2203 veni
1647 2157 1853 2207 mittere
1881 2167 2036 2220 super

466 2243 661 2289 terram
677 2236 744 2290 “.
787 2235 967 2306 Ignem
1004 2236 1095 2291 hic
1148 2245 1307 2292 vocat
1344 2239 1653 2294 doctrinam
1694 2240 1788 2296 Dei
1822 2240 1981 2297 Verbi
2016 2261 2030 2297 :

465 2328 595 2398 quia
630 2329 770 2398 ignis
795 2328 1013 2398 quidem
1048 2343 1245 2398 pravos
1293 2330 1514 2386 habitus
1551 2332 1845 2399 comburit,
1877 2349 2038 2387 mun~

465 2423 565 2478 dos
594 2428 774 2476 autem
805 2421 1019 2490 probat.
1062 2419 1355 2490 Pr0pterea
1397 2423 1451 2476 in
1486 2424 1715 2479 circuitu
1761 2424 1873 2493 ejus
1916 2433 2037 2479 tem-

464 2520 642 2579 pestas
686 2508 883 2563 valida.
933 2507 1214 2579 Quotquot
1247 2513 1394 2565 enim
1447 2514 1627 2567 volunt
1670 2515 1754 2582 pie
1799 2515 1963 2569 vivere
1982 2516 2037 2568 in

466 2599 699 2660 Christo,
720 2599 1128 2668 persecutionem
1161 2602 1485 2669 patientur“
1504 2621 1519 2666 ;
1539 2603 1633 2658 sed
1648 2604 1813 2658 etiam
1838 2605 2034 2675 inquit,

468 2691 883 2749 Tribulationem
905 2690 1156 2746 habebitis
1186 2696 1241 2745 in
1272 2692 1464 2747 mundo
1478 2694 1543 2749 “.

541 2780 704 2836 Vsus.
734 2781 789 2845 4,
827 2782 879 2836 5.
911 2780 1199 2836 Advoeabit
1221 2784 1406 2836 caelum
1431 2783 1729 2847 desursum,
1760 2795 1811 2840 et
1842 2796 2039 2841 terram

468 2875 767 2927 discernere
797 2873 1051 2942 populum
1101 2891 1274 2928 suunt.
1330 2874 1650 2945 Congregate
1695 2877 1778 2930 illi
1826 2890 2038 2935 sanctos

468 2967 603 3035 ejus,
639 2967 728 3036 qui
767 2965 1018 3019 ordinant
1045 2975 1409 3021 testamentum
1431 2968 1545 3033 ejus
1573 2984 1727 3037 super
1749 2972 2036 3041 sacriﬁcia.

468 3059 593 3112 Alio
620 3059 802 3122 modo,
855 3058 1057 3129 prioris
1103 3060 1287 3128 pepuli
1321 3060 1600 3129 proprium
1642 3061 1909 3131 judicium
1941 3062 2039 3119 de-

2132 1968 2166 2036 ἢ
2200 1966 2534 2033 ἀποδέξεται,
2561 1969 2673 2029 τοῖς
2707 1966 2803 2036 μὲν
2837 1965 3010 2035 λέγων
3035 1985 3047 1996 ·
3081 1966 3276 2030 Δεῦτε,
3297 1971 3349 2021 οἱ
3381 1966 3705 2038 εὐλογημέ-

2133 2075 2225 2111 νοι
2266 2059 2373 2112 τοῦ
2404 2059 2631 2125 Πατρός
2648 2076 2787 2126 μου,
2820 2060 2931 2121 τοῖς
2958 2057 3036 2121 δὲ,
3057 2060 3391 2125 Πορεύεσθε
3418 2059 3516 2111 ἀπ’
3535 2059 3702 2128 ἐμοῦ.

2133 2148 2259 2217 Πῦρ
2285 2150 2564 2203 ἐναντίον
2592 2149 2777 2204 αὐτοῦ
2810 2148 3204 2215 καυθήσεται·
3244 2150 3362 2217 πῦρ
3393 2146 3581 2219 ἦλθον
3592 2150 3707 2214 ,βα-

2133 2241 2266 2294 λεῖν
2288 2241 2387 2294 ἐπὶ
2410 2240 2525 2309 τὴν
2541 2240 2676 2310 γῆν.
2716 2241 2833 2314 Πῦρ
2873 2242 2929 2296 δὲ
2974 2240 3207 2294 ἐνταῦθα
3229 2241 3325 2312 τὴν
3355 2240 3705 2295 διδασκαλίαν

2134 2331 2227 2386 τοῦ
2254 2332 2388 2385 Θεοῦ
2411 2332 2580 2401 Λόγου
2607 2331 2775 2401 λέγει·
2811 2334 2893 2386 ὅτι
2922 2349 3026 2404 περ
3049 2332 3157 2403 πῦρ
3186 2333 3327 2384 καίει
3362 2331 3458 2402 μὲν
3483 2331 3581 2395 τὰς
3606 2349 3704 2401 μο-

2135 2422 2340 2493 χθηρὰς
2373 2421 2533 2488 ἕξεις,
2568 2423 2849 2494 δοκιμάζει
2873 2418 2928 2476 δὲ
2953 2423 3080 2485 τοὺς
3128 2421 3420 2494 καθαρούς.
3469 2420 3565 2474 Διὰ
3598 2421 3707 2493 γὰρ

2135 2512 2312 2576 τοῦτο,
2356 2514 2558 2579 κύκλῳ
2578 2513 2765 2567 αὐτοῦ
2799 2513 3064 2582 καταιγὶς
3115 2512 3349 2582 σφόδρα
3373 2528 3387 2541 θ
3424 2512 3537 2564 ὅσοι
3597 2512 3707 2581 γὰρ

2137 2604 2383 2659 θέλουσι
2419 2604 2682 2670 εὐσεϐῶς
2709 2595 2900 2665 ζῆνέν
2943 2603 3199 2672 Χριστῷ,
3240 2602 3703 2673 διωχθήσονταιο

2137 2696 2272 2751 ἀλλὰ
2303 2698 2396 2751 καὶ¹
2419 2697 2647 2764 θλίψιν,
2681 2695 2864 2765 φησὶν,
2889 2696 3054 2760 ἕξετε
3083 2696 3153 2747 ἐν
3172 2694 3251 2760 τῷ
3284 2695 3506 2763 κόσμῳ.

2207 2785 2693 2854 Προσκαλέσεται
2728 2786 2835 2839 τόν
2866 2785 3126 2853 οὐρανὸν
3152 2785 3295 2848 ἄνω,
3330 2785 3426 2837 καὶ
3455 2783 3571 2851 τὴν
3594 2779 3710 2853 γῆν

2137 2879 2431 2947 διακρῖναι
2451 2878 2558 2932 τόν
2583 2876 2740 2932 λαόν
2763 2875 2970 2931 αὐτοῦ.
2992 2874 3363 2945 Συναγάγετε
3388 2874 3547 2939 αὐτῷ
3567 2871 3710 2939 τοὺς

2138 2970 2343 3039 ἁγίους
2370 2968 2577 3033 αὑτοῦ,
2604 2967 2746 3033 τοὺς
2786 2965 3226 3035 διατιθεμένους
3268 2965 3380 3031 τὴν
3412 2963 3712 3030 Διαθήκην

2139 3060 2322 3114 αὐτοῦ
2353 3059 2452 3112 ἐπὶ
2484 3059 2742 3124 θυσίαις.
2777 3058 3005 3121 Ἀλλως,
3038 3056 3133 3109 τοῦ
3161 3057 3425 3127 προτέρου
3454 3054 3585 3108 λαοῦ
3612 3054 3711 3125 τὴν

470 3151 911 3217 clarat,'c(nlum
943 3153 1215 3207 advocans
1250 3160 1301 3207 et
1331 3159 1553 3220 terram,
1607 3157 1863 3224 quoniam
1916 3171 2038 3211 cum

2141 3150 2323 3221 κρίσιν
2353 3148 2658 3213 ἰδιάζουσαν
2684 3149 2943 3210 δείκνυσι,
2981 3148 3073 3200 τὸν
3105 3146 3331 3219 οὐρανὸν
3374 3145 3713 3218 προσκαλού-

469 3245 643 3315 legem
682 3258 780 3314 per
810 3242 1050 3315 Moysem
1083 3244 1422 3307 tradidisset,
1452 3223 1665 3301 dicebat
1692 3266 1704 3301 :
1743 3245 1925 3301 Testor
1954 3264 2038 3302 vo-

2147 3259 2303 3314 μενος
2341 3242 2435 3294 καὶ
2465 3241 2563 3312 τὴν
2611 3241 2749 3311 γῆνο
2787 3240 2971 3311 ἐπειδὴ
3001 3240 3095 3293 τὸν
3118 3239 3281 3308 νόμον
3312 3238 3400 3291 διὰ
3437 3237 3715 3301 Μωῦσέως

473 3334 552 3388 bis
581 3334 734 3389 hodie
761 3335 946 3389 coelum
984 3344 1035 3390 et
1063 3345 1258 3390 terram
1284 3337 1347 3391 ".
1381 3336 1459 3391 Ac
1489 3352 1707 3392 rursum
1746 3338 1801 3392 in
1846 3354 2042 3409 magno

470 3426 690 3479 cantico
720 3445 733 3480 :
763 3425 1009 3488 Attende,
1041 3427 1251 3489 caalum,
1281 3436 1330 3480 et
1362 3428 1587 3498 loquar;
1612 3438 1661 3481 et
1695 3428 1881 3481 audiat
1902 3437 2043 3482 terra

471 3518 631 3572 verba
661 3533 727 3573 ex
756 3534 845 3573 ore
871 3536 984 3573 meo
1005 3517 1071 3572 “.
1110 3518 1475 3584 Quamobrem
1512 3521 1586 3573 ait
1627 3520 1797 3575 Isaias
1823 3540 1841 3574 :-
1880 3520 2040 3584 Audi,

473 3608 743 3670 caelum,“
769 3607 985 3662 auribus
1006 3609 1398 3676 percipe,terra.
1422 3612 1679 3665 Dominus
1703 3611 1905 3665 locutus
1927 3621 2043 3665 est:

474 3699 648 3754 filios
679 3700 833 3771 genui
853 3710 902 3755 et
933 3701 1183 3764 exaltavi,
1221 3702 1321 3768 ipsi
1358 3711 1533 3756 autem
1550 3712 1849 3770 spreverunt
1880 3720 1960 3757 me
1974 3704 2040 3758 “.

474 3788 633 3843 Nunc
663 3805 883 3861 quoque
919 3791 1139 3846 eosdem
1192 3792 1440 3847 evocabit
1474 3799 1641 3848 testes
1671 3811 1687 3861 ;
1740 3808 1810 3847 ac
1851 3809 2042 3863 quem-

474 3880 770 3935 admodum
793 3880 1052 3937 Servator
1074 3882 1127 3937 in
1158 3882 1470 3953 Evangeliis
1493 3884 1634 3939 ovile
1657 3899 1815 3940 suum
1846 3885 2047 3940 discer-

472 3976 580 4035 nit.
637 3975 848 4031 scilicet
900 3991 997 4031 eos
1028 3981 1121 4045 qui
1152 3976 1411 4033 Ecclesiae
1459 3985 1611 4041 sunt,
1640 3992 1771 4033 oves
1801 3985 2047 4034 statuens

476 4082 507 4120 a
534 4067 766 4130 dextris,
824 4068 1010 4124 haedos
1048 4079 1228 4124 autem
1257 4085 1290 4123 a
1348 4069 1629 4137 sinistris;
1660 4070 1849 4125 eodem
1886 4070 2047 4125 modo

475 4159 594 4227 ipse
641 4158 908 4215 Dominus
954 4161 1069 4229 jam
1118 4161 1385 4216 discernit
1431 4162 1690 4233 populum
1723 4178 1903 4217 suum.
1940 4160 2050 4217 He-

476 4250 723 4305 braicum
754 4254 1034 4323 exemplar
1072 4259 1128 4308 et
1154 4254 1383 4323 reliqui,
1414 4265 1727 4325 congregate
1772 4255 1923 4321 mihi,
1960 4255 2047 4309 in-

484 4342 692 4411 quiunt.
728 4341 883 4398 Sicut
932 4346 1077 4399 enim
1128 4346 1183 4399 in
1231 4345 1526 4416 Evangelio
1575 4348 1779 4402 dictum
1811 4355 1940 4402 est:
1976 4346 2046 4399 Et

476 4435 650 4489 mittet
679 4434 892 4504 angelos
917 4453 1062 4502 suos,
1092 4446 1141 4491 et
1162 4437 1548 4507 congregabunt
1575 4455 1750 4492 omnes
1773 4447 1948 4509 gentes
1974 4439 2042 4503 “;

2144 3332 2470 3405 παραδιδοὺς
2504 3331 2656 3400 ἔλεγε
2677 3348 2690 3360 ·
2721 3331 3096 3397 Μαρτύρομαι
3117 3328 3261 3397 ὑμῖν
3296 3327 3565 3397 σήμερον
3609 3327 3717 3382 τόν

2144 3447 2207 3483 τε
2237 3427 2498 3496 οὐρανόν
2513 3428 2611 3481 καὶ
2639 3426 2753 3495 τὴν
2779 3425 2896 3496 γῆν
2914 3443 2927 3455 ·
2957 3426 3051 3479 καὶ
3081 3425 3242 3479 πάλιν
3268 3426 3325 3477 ἐν
3352 3423 3557 3495 μεγάλῃ
3581 3422 3712 3494 (3.6a-

2142 3522 2433 3589 Πρόσεχε,
2461 3519 2696 3587 οὐρανὲ,
2726 3518 2824 3571 καὶ
2863 3516 3149 3582 λαλήσωο
3187 3517 3284 3569 καὶ
3324 3515 3588 3569 ἀκουέτω
3636 3513 3714 3583 γῆ

2137 3611 2377 3681 ῥήματα
2403 3611 2472 3664 ἐκ
2495 3612 2789 3679 στόματός
2812 3626 2952 3678 μου.
2978 3598 3070 3661 Διὸ
3085 3609 3178 3660 καὶ
3206 3608 3456 3669 Ἡσαΐας,
3488 3607 3716 3668 Ἄκουε,

2147 3705 2328 3774 φησὶν,
2364 3701 2599 3771 οὺρανὲ,
2625 3701 2720 3754 καὶ
2746 3699 3048 3763 ἐνωτίζου,
3085 3701 3123 3766 ή
3149 3698 3246 3770 γῆ,
3289 3702 3321 3752 ό
3349 3700 3563 3766 Κύριος
3579 3696 3720 3750 ἐλά-

2144 3800 2370 3864 λησεν·
2411 3794 2579 3858 Υίοὺς
2607 3793 2908 3861 ἐγέννησα
2935 3792 3033 3845 καὶ
3060 3791 3298 3859 ὕψωσα,
3331 3790 3499 3845 αὐτοὶ
3548 3786 3616 3843 δέ
3641 3806 3719 3858 με

2144 3882 2467 3952 ἠθέτησαν.
2486 3882 2595 3934 Καὶ
2629 3880 2723 3933 νῦν
2742 3881 2921 3933 τοίνυν
2945 3881 3071 3944 τοὺς
3107 3882 3301 3943 αὐτοὺς
3338 3878 3718 3933 ἐπικαλέσεται

2151 3975 2430 4045 μάρτυρας
2453 3989 2466 4002 ·
2503 3972 2598 4025 καὶ
2626 3971 2816 4043 ὥσπερ
2843 3973 2871 4024 6
2896 3971 3087 4043 Σωτὴρ
3141 3972 3200 4024 ἐν
3247 3970 3601 4039 Εὐαγγελίοις
3657 3969 3721 4022 τὸ

2149 4064 2394 4135 ποίμνιον
2428 4062 2591 4117 αὑτοῦ
2624 4062 2909 4135 διακρίνει,
2940 4062 3139 4133 δηλαδὴ
3168 4062 3295 4125 τοὺς
3331 4062 3432 4131 τῆς
3489 4060 3719 4130 Ἐκκλη-

2150 4155 2289 4217 σίας,
2320 4154 2389 4207 τὰ
2426 4153 2673 4224 πρόϐατα
2710 4153 2805 4221 μὲν
2838 4151 3000 4205 ἱστῶν
3020 4152 3085 4203 ἐκ
3112 4149 3324 4216 δεξιῶν,
3358 4151 3425 4203 τὰ
3453 4149 3509 4203 δέ
3537 4150 3721 4222 ἐρίφια

2148 4245 2206 4311 ἐξ
2242 4244 2559 4316 εὐωνύμων’
2589 4245 2679 4296 τὸν
2713 4243 2875 4296 αὑτὸν
2896 4242 3094 4314 τρόπον
3126 4243 3154 4293 6
3186 4241 3346 4304 αὐτὸς
3379 4240 3581 4312 Κύριος
3627 4240 3722 4295 καὶ

2147 4335 2243 4389 νῦν
2291 4335 2551 4406 διακρίνει
2600 4334 2691 4388 τὸν
2713 4334 2839 4388 λαὸν
2869 4331 3058 4387 αὐτοῦ.
3100 4334 3174 4386 Τὸ
3210 4331 3496 4402 Ἐϐραῖκδν
3529 4332 3625 4384 καὶ
3672 4333 3720 4383 οἱ

2148 4429 2341 4492 λοιποὶ,
2370 4427 2743 4496 Συναγάγετέ
2769 4444 2891 4495 μοι,
2926 4425 3088 4493 φασίν
3114 4442 3126 4453 ·
3152 4425 3239 4487 τὼς
3260 4424 3366 4494 γὰρ
3393 4425 3449 4475 ἐν
3483 4423 3725 4490 Εὑαγγε-
3822 4463 3833 4475 .

475 4527 554 4582 ita
606 4531 660 4582 et
687 4540 836 4581 nunc
872 4526 1066 4582 iisdem
1114 4528 1379 4598 praecipit.
1427 4526 1557 4582 Vult
1604 4536 1787 4583 autem
1824 4537 2038 4588 sanctos

2150 4518 2282 4582 λίοις
2315 4518 2527 4588 εἴρηται
2551 4533 2564 4546 ’
2590 4516 2699 4569 Καὶ
2731 4513 3059 4569 ἀποστελεῖ
3088 4512 3227 4578 τοὺς
3275 4513 3570 4582 ἀγγέλους
3615 4512 3722 4564 αὐ-

474 4619 632 4692 prius
674 4633 837 4690 quam
868 4618 1066 4690 impios
1101 4620 1400 4692 segregari,
1436 4627 1625 4690 utpote
1655 4621 1751 4691 qui
1779 4622 2038 4690 promissa

2149 4609 2282 4673 τοῦ,
2308 4609 2409 4665 καὶ
2442 4607 2784 4673 συνάξουσι
2817 4604 3015 4660 πάντα
3052 4604 3123 4659 τὰ
3155 4606 3297 4671 ἐθνη
3316 4621 3329 4633 ·
3352 4602 3493 4659 οὕτω
3516 4603 3609 4654 καὶ
3630 4602 3726 4655 νῦν

476 4711 741 4784 consequi
769 4711 1021 4768 debeant.

551 4969 719 5025 Vsus.
757 4972 845 5027 15.
883 4970 1136 5042 Nunquid
1177 4972 1506 5030 manducabo
1536 4990 1720 5030 carnes
1752 4984 2046 5038 taurorum,

479 5071 571 5118 aut
599 5064 910 5134 sanguinem
948 5064 1216 5119 hircorum
1247 5065 1438 5134 potabo
1463 5068 1489 5121 .7
1535 5064 1674 5122 Esca
1722 5066 1817 5122 Dei
1864 5077 1949 5123 est
1981 5069 2050 5124 de

478 5170 586 5225 qua
633 5153 813 5210 dixit:
868 5154 1101 5222 Esurivi,
1152 5164 1203 5211 et
1246 5156 1466 5212 dedistis
1509 5158 1638 5213 mihi
1686 5159 2048 5223 manducare;

477 5246 640 5309 sitivi,
677 5254 727 5300 et
755 5244 974 5299 dedistis
1016 5246 1144 5299 mihi
1176 5245 1345 5301 bibere
1372 5246 1439 5311 ⁸⁷,
1460 5255 1597 5315 etc.;
1621 5263 1653 5301 a
1684 5249 1884 5318 quibus
1913 5265 2049 5304 euu-

478 5337 643 5392 tritus
665 5336 865 5391 dicam:
891 5335 959 5391 In
988 5322 1243 5408 quantum
1263 5338 1465 5406 fecistis
1488 5339 1579 5393 uni
1606 5354 1671 5393 ea:
1686 5340 1768 5395 his
1793 5340 2047 5403 minimis,

479 5428 610 5481 mihi
637 5426 840 5495 fecistis
862 5430 929 5482 ⁸⁸.
981 5428 1253 5486 lmmolari
1284 5437 1465 5485 autem
1504 5438 1683 5500 potest
1713 5448 1809 5502 per
1836 5432 2049 5486 divinos

480 5533 764 5576 sermones
793 5535 857 5574 ac
888 5521 1186 5591 gratiarum
1237 5522 1506 5577 actionem
1537 5540 1552 5589 ;
1607 5539 1731 5577 cum
1778 5523 2048 5593 quispiam

554 5677 600 5708 ³⁸
641 5674 818 5731 Galat.
854 5695 926 5744 ιν,
957 5678 1049 5732 26.
1128 5679 1170 5709 ³⁷
1215 5678 1374 5732 llebr.
1412 5695 1518 5736 xu.
1548 5679 1637 5733 9.9..

486 5745 573 5799 19.
654 5746 698 5777 “
736 5745 892 5803 Joan.
954 5760 1075 5801 κνῆ.
1141 5750 1227 5802 55.

501 5818 543 5853 ‘7
578 5813 772 5872 Matth.
812 5836 933 5883 xxv,
965 5819 1149 5872 55-56.
1228 5819 1270 5849 ’⁵⁸
1303 5819 1430 5872 ibid.
1464 5820 1551 5877 40.

1741 5679 1784 5710 ³⁸
1827 5678 2015 5734 Matth.
2050 5695 2175 5743 xxv,
2209 5679 2297 5733 54.

1305 5750 1350 5779 ⁴³
1391 5748 1543 5802 Deut.
1580 5766 1714 5805 xxx.
1774 5749 1857 5804 19.
1937 5750 1977 5783 “
2020 5748 2174 5807 Deut.
2237 5766 2414 5813 xxxu,
2477 5751 2525 5806 i.

2148 4703 2261 4764 τοῖς
2310 4700 2496 4763 αὐτοῖς
2526 4698 2827 4755 ἐπιτάττει.
2859 4695 3113 4767 Πρώτους
3150 4696 3207 4748 δέ
3258 4694 3503 4765 βούλεται
3535 4694 3725 4763 ἀφορι-

2152 4792 2343 4862 σθῆναι
2373 4790 2485 4861 πρὸ.
2525 4789 2633 4843 τῶν
2659 4787 2871 4842 ἀσεϐῶν
2916 4788 3042 4850 τοὺς
3079 4787 3259 4850 ὁσίους
3293 4784 3459 4839 αὑτοῦ
3485 4825 3500 4850 ,
3541 4786 3725 4855 τυχεῖν

2148 4882 2258 4939 τῶν
2291 4881 2714 4952 ἐπηγγελμένων
2740 4877 3071 4948 ὀφείλοντας.

2152 5016 2153 5021 η
2219 4972 2316 5039 Μὴ
2335 4971 2595 5042 φάγομαι
2629 4971 2775 5039 κρέα
2808 4972 3063 5039 ταύρων,
3090 4969 3129 5037 ἣ
3172 4967 3315 5039 alga
3341 4968 3568 5038 τράγων
3596 4967 3726 5021 πίο-

2146 5081 2287 5135 μαι;
2315 5064 2503 5136 Τροφὴ,
2524 5064 2581 5117 δὲ
2604 5063 2740 5117 Θεοῦ
2775 5065 2903 5134 περὶ
2934 5057 3003 5134 ἧς
3031 5060 3182 5116 εἶπεν
3202 5079 3215 5092 ·
3254 5061 3591 5125 Ἐπείνασα,
3630 5059 3727 5113 καὶ

2146 5156 2405 5214 ἐδώκατέ
2437 5175 2541 5227 μοι
2559 5156 2771 5226 φαγεῖν
2794 5175 2805 5185 ·
2828 5155 3133 5224 ἐδίψησα,
3165 5154 3262 5208 καὶ
3290 5150 3609 5207 ἐποτίσατέ
3629 5168 3723 5220 με·

2152 5252 2240 5319 ὑφ’
2270 5245 2345 5305 ὧν
2371 5252 2702 5323 τρεφόμενος
2723 5251 2862 5318 λέξω
2884 5267 2897 5279 ·
2940 5251 3057 5319 Ἐφ’
3087 5250 3237 5304 ὅσον
3286 5248 3612 5318 ἐποιήσατε
3638 5247 3728 5300 ἐνὶ

2155 5344 2379 5396 τούτων
2411 5342 2529 5396 τῶν
2558 5343 2914 5412 ἐλαχίστων,
2946 5341 3075 5411 ἐμοὶ
3106 5339 3449 5408 ἐποιήσατε.
3489 5341 3643 5393 Ἔστι
3671 5339 3728 5391 δὲ

2158 5432 2319 5485 θῦσαι
2355 5432 2585 5502 λογικῶς
2638 5434 2732 5487 καὶ
2762 5433 2853 5487 διὰ
2887 5432 3165 5500 Θεολογίας
3216 5432 3309 5484 καὶ
3341 5430 3723 5502 εὐχαριστίας’

2157 5524 2251 5576 καὶ
2275 5524 2396 5576 ἐπεὶ
2422 5524 2466 5576 δ’
2502 5524 2567 5578 άν
2586 5542 2668 5588 τις
2687 5524 2764 5594 τῷ
2787 5523 2906 5595 Θεῷ
2931 5523 3133 5593 πρέπον
3159 5521 3524 5592 ὑποσχόμενος
3549 5519 3729 5590 ἔργοις

2395 5680 2437 5711 ³⁸
2477 5679 2607 5734 Luc.
2641 5694 2751 5745 xu,
2787 5678 2873 5732 i9.
2982 5677 3027 5709 ‘°
3069 5676 3199 5731 ibid.
3305 5677 3345 5707 "
3385 5675 3429 5729 Il
3466 5673 3604 5729 Tim.
3638 5650 3725 5745 ιιι,

2602 5750 2646 5781 ⁸⁵
2688 5744 2789 5805 lsa.
2836 5766 2884 5814 I,
2942 5748 2995 5807 2.
3074 5750 3117 5780 ³⁸
3147 5746 3334 5801 Matth.
3397 5761 3567 5811 ιχιν,
3635 5744 3725 5799 3|.
