4138 6386
445 357 548 425 ιδτ
1569 370 2065 427 COMMENTABIA
2105 375 2171 429 IN
2208 374 2545 431 PSALMOS.
2965 381 2970 385 ·
3571 375 3680 430 458

447 481 822 545 ὲπιτελέσειεν.
866 483 1044 554 eam
1088 483 1196 556 γὰρ
1232 486 1264 556 ἠ
1306 485 1497 557 Γραφὴ
1536 485 1637 551 τὰς
1680 490 2009 558 ἐπαγγελίας

2114 510 2234 564 quae
2289 493 2398 548 Deo
2444 492 2719 562 pollicitus
2771 499 2875 556 est,
2924 504 3088 561 opere
3113 487 3484 558 compleverit.
3539 488 3676 545 Vota

453 574 629 644 ρησὶν,
661 574 737 638 ὡς
769 577 828 627 ἐν
857 576 934 646 τῷ
956 595 969 606 ·
1013 577 1154 631 Ἐὰν
1181 578 1331 647 εὔξῃ
1363 579 1576 647 εὐχὴν,
1595 580 1682 649 μὴ
1707 582 2009 651 βραδύγῃς

2113 586 2259 641 enim
2292 587 2685 655 promissiones
2733 582 3014 653 Scriptura
3061 588 3237 643 vocat,
3290 587 3349 634 ut
3395 593 3516 632 cum
3551 582 3676 635 ait:

453 664 791 719 ιτοδοῦναι.
835 667 1062 735 Ἀγαθὸν
1091 668 1152 721 τὸ
1180 668 1252 740 μὴ
1286 668 1562 734 εὔξασθαι,
1595 670 1629 742 ἢ
1661 671 1723 724 τὸ
1762 671 2009 738 εὔξασθαι

2117 679 2176 734 Si
2205 686 2377 731 votum
2410 693 2615 738 voveas,
2647 692 2707 729 ηε
2723 673 2899 727 tardes
2925 671 3140 726 reddere
3164 671 3252 724 ⁸⁸⁸.
3286 669 3477 725 Melius
3509 671 3680 739 siqui-

453 758 534 810 ιιαί
573 757 646 827 μὴ
669 758 979 812 ἀποδοῦναι.
1014 759 1199 823 Οὕτως
1220 756 1312 813 οῦν
1354 762 1584 832 σπείρας
1630 765 1710 826 εἰς
1745 763 2009 818 δικαιοσύ-

2115 766 2237 819 dem
2267 772 2484 819 estnon
2513 780 2730 830 vovere,
2774 777 2938 832 quam
2975 777 3176 815 vovere
3204 769 3257 815 et
3291 775 3400 814 non
3431 758 3674 814 reddere.

452 863 563 918 θην,
599 847 783 913 ἔλπιζε
803 852 1096 922 τρυγήσειν
1126 853 1335 922 καρπὸν
1362 853 1525 927 ζωῆς.

2118 856 2208 910 Sic
2240 857 2405 926 igitur
2439 871 2562 909 cum
2595 853 2952 910 seminaveris
2983 854 3050 908 ad
3077 851 3371 922 justitiam,
3404 867 3590 922 speres
3625 857 3678 905 te

1478 998 1480 1000 ,
2115 946 2352 1001 fructum
2387 946 2512 1000 vita:
2541 945 2923 1000 collecturum.

523 1033 605 1098 Τῷ
619 1033 687 1086 δὲ
709 1033 1033 1102 ἁμαρτωλῷ
1047 1033 1217 1090 εἶπεν
1232 1040 1265 1091 ό
1293 1041 1436 1105 Θεός
1453 1057 1465 1069 ·
1484 1040 1608 1094 Ἰνα
1633 1044 1691 1096 τί
1720 1044 1806 1097 σὺ
1830 1043 2008 1113 διηγῇ

2185 1038 2350 1093 Vens.
2391 1028 2473 1092 l6:
2514 1038 2790 1093 Peccatori
2817 1046 2991 1091 autem
3021 1036 3156 1089 dixit
3189 1035 3322 1090 Deus
3352 1050 3369 1088 :
3412 1034 3588 1113 Quare
3623 1043 3678 1086 tu

447 1122 518 1178 τὰ
540 1123 896 1194 δικαιώματὰ
923 1143 1061 1195 μου,
1093 1129 1188 1181 καί
1239 1129 1696 1199 ἀντιλαμϐιίινεις
1740 1133 1854 1201 τὴν

2112 1148 2332 1185 enarras
2343 1131 2588 1199 justitias
2613 1146 2776 1194 meas,
2805 1139 2854 1184 et
2875 1130 3100 1183 assumis
3124 1105 3488 1182 testamentum
3510 1143 3677 1180 meum

447 1216 638 1285 θήκην
663 1235 780 1285 μου
820 1217 919 1272 διὰ
960 1219 1065 1273 τοῦ
1100 1222 1396 1289 στόματός
1425 1237 1582 1287 σου;
1631 1227 1942 1280 Μετάϐασιν
1987 1228 2009 1279 ό

2111 1238 2202 1291 per
2230 1238 2288 1275 os
2320 1222 2512 1275 tuum?
2541 1219 2948 1274 Transitionem
2985 1235 3165 1274 sermo
3197 1219 3358 1272 habet
3391 1217 3459 1272 ab
3490 1218 3680 1271 ordine

446 1306 600 1375 λόγος
647 1306 759 1377 ἔχει
807 1308 912 1360 ἀπὸ
949 1307 1041 1360 τοῦ
1079 1308 1186 1361 τῶν
1228 1310 1452 1364 δικαίων
1494 1313 1770 1383 τάγματος
1815 1315 1908 1368 ἐπὶ
1953 1316 2014 1369 τὸ

445 1399 628 1468 τάγμα
660 1393 766 1450 τῶν
794 1397 1066 1468 πονηρῶν.
1115 1399 1319 1454 Ἐκεῖνο
1345 1401 1453 1473 γάρ
1471 1420 1524 1456 τι
1549 1403 1710 1458 πλέον
1738 1405 1882 1476 ἔσχε,
1915 1407 2014 1477 τῆς

445 1489 639 1559 καινῆς
669 1488 940 1560 Διαθήκης
971 1488 1069 1560 τὴν
1095 1491 1427 1564 ἐπιστήμην.
1485 1495 1826 1566 Ἀμαρτωλὸν
1863 1498 1918 1550 δὲ
1953 1499 2012 1551 οὐ

2109 1313 2386 1382 justorum
2445 1312 2512 1366 ad
2551 1310 2801 1366 ordinem
2838 1310 3235 1390 improborum.
3271 1307 3364 1362 Ille
3405 1307 3550 1362 enim
3583 1307 3681 1360 ali-

2113 1404 2243 1475 quid
2266 1403 2501 1474 amplius
2519 1402 2733 1467 habuit,
2759 1402 2969 1457 scilicet
2996 1401 3123 1454 novi
3149 1399 3484 1456 Testamenti
3504 1399 3682 1452 scien-

2114 1497 2268 1549 tiam.
2299 1493 2650 1550 P-eccatorem
2681 1499 2884 1554 autem,
2908 1506 3017 1544 non
3046 1491 3281 1545 alienum
3303 1503 3333 1542 a
3359 1487 3677 1558 Scripturis,

445 1579 538 1632 τὸν
564 1579 838 1650 ἀλλότριον
871 1579 977 1632 τῶν
1007 1580 1260 1650 Γραφῶν,
1293 1581 1428 1636 ἀλλὰ
1450 1584 1541 1638 τὸν
1575 1588 1898 1659 παραϐάτην
1925 1606 2009 1643 κα-

2115 1582 2214 1639 sed
2246 1582 2724 1653 praevaricatorem
2754 1587 2934 1634 vocat.
2967 1577 3232 1649 lllumque
3259 1577 3527 1647 coarguit,
3572 1591 3680 1633 non

445 1669 544 1724 λεῖ.
587 1671 828 1741 Ἐλέγχει
859 1671 915 1724 δὲ
949 1673 1112 1725 αὐτὸν
1136 1675 1237 1726 οὐκ
1260 1674 1352 1728 ἐπί
1389 1676 1697 1748 παραϐάσει
1735 1660 2009 1736 σαϐϐάτων

2116 1675 2182 1730 de
2216 1673 2657 1744 transgressione
2709 1670 2857 1725 circa
2898 1670 3126 1725 sabbata
3171 1677 3266 1723 aut
3308 1669 3534 1733 hostias,
3589 1675 3682 1722 aut

447 1762 725 1834 ἤθυσιῶν,
766 1762 1042 1833 ἦτοιῶνδε
1079 1763 1402 1837 βρωμάτων,
1433 1768 1568 1822 ἀλλὰ
1620 1770 1730 1825 τῶν
1779 1773 2009 1842 φυσικῶν

2118 1769 2330 1824 similes
2349 1781 2505 1822 escas
2535 1805 2551 1829 ,
2579 1764 2674 1819 sed
2705 1764 2772 1818 de
2799 1765 2978 1834 legum
3008 1763 3340 1817 naturalium
3367 1761 3678 1823 violatione,

447 1860 644 1925 νόμων,
681 1857 765 1924 ἐφ’
791 1849 870 1918 οἷς
898 1855 1102 1926 ἀνόητα
1128 1852 1197 1926 ἦν
1229 1857 1376 1928 αὐτῷ
1414 1859 1507 1912 τοῦ
1554 1861 1690 1915 Θεοῦ
1740 1863 1808 1917 τὰ
1845 1865 2009 1935 μαθή-

2119 1874 2352 1930 quarum
2386 1858 2733 1928 disciplinam
2785 1873 2814 1910 a
2872 1855 2981 1910 Deo
3037 1855 3290 1909 traditam
3336 1869 3434 1924 pro
3489 1853 3682 1908 insana

448 1963 621 2017 ματα·
669 1944 840 1998 ταῦτα
875 1945 981 2015 γὰρ
1039 1946 1367 2018 ἁμαρτάνων
1415 1950 1742 2022 ἀπέῤῥιπτε.
1785 1954 2009 2018 Φυσικὸς

2119 1951 2392 2006 habebat:
2437 1950 2580 2002 hanc
2631 1949 2775 2003 enim
2830 1945 3107 2017 peccando
3155 1944 3374 2014 abjecit.
3408 1943 3682 2000 Naturalis

445 2039 554 2111 γὰρ
592 2041 621 2091 ό
649 2039 813 2108 νόμος
850 2038 909 2090 τὸ
945 2038 1019 2110 μὴ
1048 2038 1160 2092 δεῖν
1197 2044 1389 2109 ποιεῖν,
1413 2043 1449 2096 ἃ
1479 2043 1544 2116 δὴ
1580 2045 1770 2099 παθεῖν
1803 2047 1864 2100 οὐ
1897 2047 2016 2117 βου-

447 2131 664 2202 λόμεθα.
691 2133 886 2202 Μοιχοὶ
916 2133 973 2186 δὲ
1018 2137 1111 2189 καὶ
1153 2140 1202 2191 οἱ
1243 2136 1390 2192 ἄθεοι
1433 2137 1842 2211 εἰδωλολάτραι·
1895 2139 2016 2193 κλέ-

445 2237 576 2273 πται
603 2219 660 2272 δὲ
689 2219 782 2272 καὶ
808 2221 856 2272 οἱ
903 2221 1228 2289 κλέπτοντες
1259 2225 1357 2297 τὴν
1395 2226 1672 2298 ἀλήθειαν.
1723 2229 1859 2282 Ποτὲ
1916 2229 2014 2298 μὲν

445 2309 535 2368 οὖν
556 2354 571 2379 ,
619 2315 1076 2388 Ἐπαρρησιάζου,
1127 2317 1280 2388 φησὶ,
1306 2320 1371 2387 τῇ
1405 2318 1593 2389 κακίᾳ,
1641 2318 1770 2371 ποτὲ
1803 2319 1879 2381 δὲ,
1915 2322 2012 2372 Δο-

445 2406 572 2470 λίως
621 2407 996 2473 ἐπεϐούλευες,
1041 2410 1369 2479 προσεποιοῦ
1425 2411 1482 2463 δὲ
1532 2411 1769 2482 γνησίως
1817 2412 1909 2464 καὶ
1939 2411 2013 2475 ὡς

443 2498 691 2565 ἀδελφοῖς
742 2500 950 2571 ὁμιλεῖν
976 2539 991 2562 ,
1057 2499 1232 2571 λάθρα
1274 2501 1477 2554 τούτων
1527 2501 1841 2556 καταλαλῶν
1864 2519 1877 2531 ·
1927 2503 2012 2554 ἐν-

443 2591 667 2662 ήδρευες
709 2592 764 2646 δὲ
821 2593 914 2646 καὶ
944 2594 1070 2656 τοὺς
1092 2594 1156 2646 ἐκ
1186 2594 1286 2663 τῆς
1311 2595 1478 2664 αὐτῆς
1508 2611 1588 2646 σοι
1621 2594 1848 2666 μητρὸς,
1896 2595 2014 2665 ἦτοι

443 2686 782 2755 συναγωγῆς,
811 2686 843 2756 ἢ
875 2686 968 2738 καὶ
1015 2685 1307 2755 ἐκκλησίας
1327 2703 1342 2717 ο
1390 2687 1473 2754 ἐφ’
1502 2683 1583 2750 οἷς
1611 2687 1744 2758 ἐμοῦ
1776 2687 2016 2740 σιωπῶν-

442 2791 531 2838 τος
558 2776 718 2846 ἡνίκα
747 2766 1141 2849 ἐνηνθρώπησα
1159 2796 1173 2809 ο
1201 2779 1232 2849 ἢ
1265 2780 1358 2832 καὶ
1383 2778 1586 2843 ἄλλως·
1641 2780 1762 2832 Ἐπὶ
1801 2779 1862 2832 τὸ
1903 2782 2014 2850 χεῖ-

445 2885 536 2939 ρον
565 2866 808 2934 ἐϐάδιζες
839 2872 1195 2943 ναταφρονῶν
1224 2872 1320 2942 τῆς
1354 2873 1494 2942 ἐμῆς
1526 2872 1888 2943 χρηστότητος
1920 2873 2012 2926 καὶ

439 2960 538 3030 τῆς
593 2961 790 3030 ἀνοχῆς
843 2962 1065 3032 καὶτῆς
1125 2961 1538 3033 μακροθυμίας·
1574 2961 1655 3014 διὸ
1686 2961 1872 3016 λοιπὸν
1914 2964 2014 3016 οὐκ

439 3050 718 3121 ἀνέξομαι.
759 3051 871 3104 Καὶ
898 3051 1006 3122 γὰρ
1031 3051 1264 3104 διέκεισό
1297 3068 1362 3122 με
1394 3050 1494 3114 τὰς
1528 3051 1626 3114 σὰς
1659 3050 2014 3121 ἀποδέχεσθαι

2115 2043 2317 2113 quippe
2351 2043 2436 2096 lex
2460 2057 2524 2096 ea
2547 2048 2653 2104 est,
2686 2039 2887 2094 nemini
2921 2037 3101 2091 facere
3127 2051 3249 2106 quae
3277 2035 3392 2104 pati
3421 2036 3678 2090 nolimus.

2115 2131 2310 2187 Μαιοὴί
2339 2140 2518 2186 autem
2551 2138 2697 2191 sunt,
2732 2129 2881 2198 impii
2912 2128 3212 2183 idololatraa
3236 2170 3250 2194 ,
3287 2134 3342 2182 et
3375 2125 3544 2191 fures,
3581 2128 3679 2196 qui

2112 2224 2396 2278 veritatem
2449 2220 2807 2276 suffurantur.
2838 2219 2997 2274 Modo
3031 2219 3197 2289 igitur
3227 2219 3303 2272 ait
3334 2238 3344 2271 :
3384 2219 3448 2276 In.
3474 2219 3681 2273 malitia

2113 2315 2453 2382 confidebas;
2477 2330 2630 2368 mox:
2661 2313 2854 2368 Dolose
2876 2311 3246 2373 insidiabaris,
3276 2309 3376 2364 sim
3387 2309 3682 2380 ulabasque

2113 2415 2167 2463 te
2199 2407 2414 2462 sincere
2443 2413 2496 2460 et
2527 2404 2686 2476 quasi
2717 2419 2840 2460 cum
2875 2402 3144 2458 fratribus
3174 2401 3434 2469 colloqui,
3468 2400 3680 2458 etclam

2114 2498 2182 2553 iis
2210 2496 2611 2563 maledicebas;
2639 2495 2869 2550 insidias
2897 2493 3150 2549 struebas
3184 2493 3253 2548 iis
3277 2493 3370 2562 qui
3395 2507 3459 2547 ex
3491 2493 3679 2547 eadem

2113 2603 2278 2658 quam
2307 2595 2365 2642 tu
2395 2595 2570 2642 matre
2597 2587 2705 2641 orti
2736 2593 2885 2651 sunt,
2913 2585 3027 2639 sive
3048 2600 3112 2639 ex
3143 2583 3446 2654 Synagoga,
3473 2582 3587 2638 sive
3615 2597 3681 2637 ex

2115 2679 2360 2736 Ecclesia
2391 2699 2405 2735 :
2436 2680 2503 2734 de
2549 2679 2750 2749 quibus
2787 2693 2888 2748 ego
2918 2677 3167 2742 silebam,
3221 2674 3440 2746 quando
3487 2675 3681 2729 buma-

2112 2784 2237 2823 nam
2269 2769 2542 2839 assumpsi
2573 2779 2844 2822 naturam.
2877 2766 3001 2821 Sive
3025 2766 3133 2819 alio
3156 2766 3318 2822 modo
3345 2785 3358 2820 :
3389 2765 3470 2820 Ad
3497 2764 3682 2835 pejora

2112 2860 2465 2931 gradiebare,
2488 2859 2989 2920 mansuetudinem,
3020 2856 3330 2927 patientiam
3361 2865 3414 2911 et
3443 2856 3681 2910 toleran-

2114 2955 2243 3008 tiam
2273 2968 2447 3009 meam
2473 2953 2784 3022 despiciens
2811 2971 2822 3004 :
2862 2966 3034 3020 quare
3069 2949 3302 3004 ulterius
3335 2963 3444 3002 non
3482 2948 3677 3016 patiar.

2112 3044 2247 3099 Nam
2283 3047 2362 3100 sic
2382 3045 2610 3099 affectus
2635 3059 2780 3106 eras,
2807 3051 2865 3097 ut
2894 3051 3116 3113 putares
3143 3056 3228 3095 me
3253 3049 3402 3110 gesta
3451 3039 3681 3109 probare

440 3140 688 3212 πράξεις,
715 3141 748 3212 ἢ
779 3143 872 3195 καὶ
907 3142 1111 3213 μηδένα
1145 3142 1348 3196 τούτων
1377 3143 1704 3213 μεμνῆσθαι.
1737 3142 1874 3195 Ἀλλ’
1901 3142 2009 3209 ἐγώ

2115 3148 2242 3202 tua,._
2262 3147 2356 3192 aut
2383 3137 2656 3192 neminem
2683 3152 2874 3191 eorum
2908 3133 3348 3189 recordaturum.
3395 3134 3463 3185 At
3496 3149 3596 3203 ego
3631 3141 3682 3187 tc

443 3206 504 3285 σε
531 3206 817 3305 διελέγχων
841 3206 945 3306 πρὸ
969 3206 1080 3288 τῶν
1112 3234 1218 3288 σῶν
1256 3206 1556 3307 ὀφθαλμῶν.
1584 3236 1796 3290 ἅπαντα
1839 3206 2007 3307 θήσω,

2113 3244 2371 3300 arguens,
2406 3229 2588 3283 omnia
2620 3228 2720 3282 tibi
2744 3228 2815 3282 ob
2839 3228 3028 3282 oculos
3061 3240 3279 3297 ponam,
3318 3233 3398 3289 ut,
3438 3225 3522 3280 his
3551 3241 3681 3280 con-

440 3326 590 3391 ὖπως
622 3327 763 3397 ὁρῶν
795 3329 1106 3401 αἰσχυνθῇς.

575 3457 684 3511 ΕΙΣ
723 3456 810 3513 ΤΟ
847 3458 1394 3532 ΤΕΛΟΣ,ΨΑΛΜΟΣ
1433 3459 1518 3515 ΤΩ
1555 3461 1757 3514 ΔΑΥΙΔ
1793 3460 1876 3515 ΝΪ.

452 3549 556 3608 Ἐν
582 3549 661 3616 τῷ
697 3552 894 3608 ἐλθεῖν
929 3554 1077 3621 πρὸς
1103 3553 1291 3607 αὐτὸν
1311 3553 1512 3607 Ναϐὰν
1538 3552 1652 3605 τὸν
1673 3551 2007 3621 προφήτην,

747 3624 928 3690 ἡνίκα
956 3622 1204 3682 εἰσῆλθε
1226 3623 1377 3691 πρὸς
1397 3621 1721 3692 Βηρσαϐεέ.

523 3735 815 3803 Ἐλέησόν
840 3753 938 3805 με,
977 3741 1008 3790 ό
1040 3737 1202 3802 Θεὸς,
1226 3740 1378 3792 κατὰ
1407 3737 1471 3791 τὸ
1492 3737 1647 3807 μέγα
1674 3737 1845 3800 ἔλεός
1871 3753 2005 3793 σου.

452 3827 539 3891 Ὡς
561 3829 652 3880 ἐπὶ
672 3828 892 3899 μεγάλῳ
912 3829 967 3881 δὲ
993 3828 1168 3899 ψυχῆς
1200 3830 1470 3902 τραύματι
1530 3829 1764 3901 μεγάλου
1805 3828 2008 3882 δεῖσθαι

439 3917 588 3972 ἐλέου
616 3918 883 3988 ὁμολογεῖ.

521 4007 645 4060 Ἐπὶ
669 4007 882 4062 πλεῖον
923 4007 1161 4063 πλῦνον
1178 4027 1256 4078 με
1283 4009 1400 4064 ἀπὸ
1432 4007 1540 4078 τῆς
1573 4009 1827 4080 ἀνομίας
1865 4027 2005 4079 μου,

439 4097 538 4152 καὶ
564 4097 682 4152 ἀπὸ
709 4096 817 4166 τῆς
843 4099 1130 4167 ἁμαρτίας
1142 4118 1262 4170 μου
1295 4099 1623 4168 καθάρισόν
1643 4117 1739 4174 με.
1772 4101 1912 4172 Ὅρα
1953 4099 2009 4153 δὲ

439 4189 576 4260 πρὸς
601 4189 662 4242 τὸ
695 4190 928 4261 Χριστοῦ
961 4192 1120 4245 πάλιν
1150 4193 1477 4266 μυστήριον·
1501 4192 1600 4264 τὴν
1623 4193 1732 4268 γὰρ
1775 4193 1834 4246 ἐν
1861 4192 2011 4263 νόμῳ

439 4281 704 4352 κάθαρσιν
734 4282 883 4354 ἡτοῦ
915 4283 1286 4354 βαπτίσματος
1327 4283 1725 4356 ὑπερϐαίνουσα
1759 4283 2007 4355 δύναμις,

437 4373 532 4428 καὶ
555 4374 757 4446 ταύτης
785 4371 883 4446 τῆς
908 4374 1086 4445 ψυχῆς
1119 4375 1408 4446 ἐργάζεται
1452 4374 1736 4448 κάθαρσιν.
1797 4376 2008 4445 Ἐκείνη

436 4465 545 4540 γὰρ
573 4466 708 4537 πρὸς
738 4467 835 4537 τῆς
865 4467 1038 4538 ψυχῆς
1063 4467 1538 4538 προσελαμϐάνετο
1557 4460 1936 4538 καθαρότητα.

2114 3322 2336 3393 spectis,
2371 3319 2579 3387 pudore
2610 3318 2883 3374 aﬂiciaris.

2294 3454 2344 3506 i.
2383 3451 2451 3505 IN
2489 3447 3065 3511 FINEM.PSALMUS
3109 3446 3319 3503 DAYID
3355 3447 3420 3501 L.

2188 3548 2242 3602 ‘2.
2274 3547 2404 3602 Cum
2436 3547 2570 3600 venit
2597 3543 2664 3598 ad
2690 3560 2806 3596 eum
2843 3542 3062 3596 Nathan
3093 3541 3367 3612 propheta,
3391 3541 3600 3612 quando

2581 3615 2793 3668 intravit
2822 3614 2890 3667 ad
2925 3613 3202 3668 Bersabee.
3240 3653 3243 3655 -

2180 3727 2346 3781 Vens.
2381 3727 2432 3780 5.
2471 3724 2722 3779 Miserere
2759 3726 2878 3788 mei,
2919 3723 3081 3787 Deus,
3117 3721 3399 3777 secundum
3433 3737 3679 3791 magnam

2110 3815 2527 3871 misericordiam
2563 3824 2728 3867 tuam.
2763 3811 2931 3879 Quasi
2976 3827 3076 3882 pro
3105 3825 3304 3880 magno
3335 3809 3530 3864 anima:
3561 3809 3679 3863 vul-

2110 3925 2262 3971 nere,
2294 3921 2488 3978 magna
2520 3905 2898 3960 misericordia
2927 3919 3065 3981 opus
3093 3917 3221 3958 esse
3250 3901 3560 3957 confitetur.

2181 4001 2348 4056 Vens.
2383 4001 2436 4055 4.
2463 3999 2704 4068 Amplius
2737 3998 2855 4051 lava
2883 4014 2963 4050 me
2995 3995 3062 4050 ab
3095 3995 3370 4066 iniquitate
3399 4009 3534 4056 mea,
3565 4001 3614 4046 et
3645 4009 3678 4045 a

2109 4101 2319 4162 peccato
2348 4107 2461 4145 meo
2495 4089 2693 4144 munda
2733 4106 2832 4142 me.
2870 4086 3105 4157 Respice
3151 4087 3342 4140 iterum
3381 4084 3447 4136 ad
3476 4081 3677 4136 Christi

2111 4184 2427 4256 mysterium
2455 4201 2469 4248 ;
2521 4197 2646 4236 nam
2680 4180 3003 4251 purgatione
3029 4178 3165 4248 legis
3197 4175 3542 4247 praestantior
3584 4174 3681 4228 ba-

2110 4277 2292 4346 ptismi
2317 4276 2514 4337 virtus,
2550 4274 2712 4343 hujus
2742 4275 2934 4326 animae
2961 4269 3406 4325 emundationem
3441 4265 3674 4336 perlicit.

2110 4368 2243 4422 Nam
2268 4367 2356 4420 illa
2379 4365 2444 4420 ad
2468 4365 2661 4419 anima:
2693 4364 2982 4433 puritatem
3017 4360 3245 4415 advecta
3273 4364 3376 4413 est.

510 4535 803 4628 Σοὶήμόνῴ
824 4535 1086 4628 ἥμαρτον
1110 4535 1212 4612 καὶ
1242 4535 1596 4628 τιὸ-πονηρὸῦ
1623 4535 1878 4612 ἐνώπιόν
1895 4571 2009 4610 σου

2185 4547 2349 4602 Vens.
2382 4546 2436 4601 6.
2473 4545 2589 4600 Tibi
2615 4545 2716 4599 soli
2740 4545 2948 4615 peccavi
2975 4553 3022 4596 et
3047 4541 3246 4596 malum
3277 4554 3454 4592 coram
3483 4547 3531 4590 te
3558 4535 3676 4605 feci,

435 4649 714 4717 ἐποίησα,
750 4649 909 4716 ὅπως
930 4649 1006 4704 ἂν
1033 4649 1349 4719 δικαιωθῇς
1376 4651 1445 4703 ἑν
1470 4649 1594 4715 τοῖς
1628 4651 1833 4718 λόγοις
1870 4663 2006 4711 σου,

434 4741 536 4793 καὶ
564 4735 824 4810 νίκήσῃς
855 4741 924 4794 ἐν
955 4741 1034 4807 τῷ
1059 4743 1368 4810 κρίνεσθαι
1394 4758 1485 4797 σε.
1513 4743 1586 4796 Οὐ
1624 4739 1781 4794 τοῦτό
1824 4757 2005 4811 φησιν,

435 4830 517 4883 ὅτι
538 4829 628 4885 τὸν
649 4832 850 4903 Οὐρίαν
877 4831 977 4885 οὐκ
1009 4833 1270 4903 ἠδίκησα·
1321 4831 1436 4885 ἁλλ’
1463 4833 1544 4885 ὅτι
1587 4832 1684 4904 τὴν
1747 4831 2006 4902 μεγίστην

435 4923 781 4994 παρανομίαν
810 4924 888 4985 εἰς
915 4923 1074 4980 αὑτὸν
1104 4923 1403 4994 τετόλμηκε
1433 4923 1523 4976 τὸν
1546 4923 1698 4988 Θεὸν,
1733 4921 1840 4975 ἀπὸ
1869 4938 2003 4993 προ-

434 5013 644 5072 ϐατέως
693 5013 791 5084 μὲν
839 5013 1130 5084 γενόμενος
1177 5015 1448 5085 βασιλεὺς,
1478 5016 1759 5088 κρατήσας
1809 5015 1864 5067 δὲ
1897 5013 2005 5067 τῶν

433 5103 665 5175 ἐχθρῶν,
691 5105 1052 5168 παντοδαποῖς
1085 5105 1141 5158 δὲ
1169 5107 1464 5177 κοσμηθεὶς
1489 5107 1732 5176 ἀγαθοῖς,
1769 5107 1860 5160 καὶ
1896 5123 2005 5158 τοι-

433 5192 610 5257 ούτοις
634 5193 724 5247 τὸν
759 5193 1054 5265 εὐεργέτην
1080 5194 1470 5266 ἀμειψάμενος.
1520 5197 1593 5249 Τὸ
1630 5197 1708 5261 δὲ,
1749 5194 2004 5248 ἐνώπιόν

434 5297 573 5347 σου,
603 5284 697 5336 καὶ
724 5285 780 5337 ἐν
801 5286 865 5355 τῇ
887 5284 1100 5354 ἱστορίᾳ
1124 5285 1416 5355 δεδήλωται
1439 5301 1450 5310 ·
1485 5284 1801 5365 Ὠφθτι,γὰρ
1850 5286 2002 5356 φησι,

434 5379 505 5434 τὸ
529 5376 770 5445 γεγονὸς
804 5376 1070 5444 πονηρὸν
1104 5376 1361 5431 ἐνώπιον
1395 5378 1637 5446 Κυρίου.
1682 5379 1753 5430 Ἢ
1799 5375 1970 5440 οὕτως
1993 5396 2005 5408 ·

445 5467 695 5520 Ἕδόκουν
725 5484 808 5528 τις
838 5464 975 5520 εἷναι
1001 5468 1168 5522 πάλαι
1195 5471 1524 5542 σκεπόμενος
1553 5469 1659 5523 ὑπὸ
1688 5468 1803 5522 σοῦ.
1835 5468 2006 5521 Neve-

439 5575 576 5629 μικα
597 5557 855 5614 δὲλοιπὸν
881 5563 1172 5625 ἀσάλευτος
1201 5558 1340 5617 εἶναι
1367 5605 1382 5627 ,
1421 5564 1594 5632 λέγων
1622 5563 1692 5616 ἐν
1719 5561 1794 5630 τῇ
1835 5562 2007 5627 εὐθη-

435 5654 540 5716 νίςι
577 5665 697 5715 μου
721 5691 734 5702 .
772 5654 852 5705 Οὐ
890 5655 978 5721 μὴ
1010 5637 1330 5717 ’σαλευθῷ-
1388 5655 1468 5707 διὸ
1506 5655 1891 5722 ἁπέστρεψας
1939 5651 2007 5704 τὸ

2115 4650 2173 4693 ιιι
2197 4639 2506 4709 justiﬁceris
2543 4639 2596 4690 in
2623 4635 2946 4691 sermonibus
2977 4635 3080 4687 tuis
3111 4641 3160 4687 et
3189 4632 3366 4686 uincas
3397 4644 3513 4682 cum
3529 4626 3680 4695 judi-

2115 4732 2278 4785 caris.
2318 4729 2436 4784 Non
2468 4728 2570 4782 hoc
2620 4727 2730 4781 ait:
2769 4726 2913 4780 Uriae
2947 4724 3203 4793 injuriam
3256 4734 3366 4774 non
3398 4715 3542 4770 feci.
3583 4715 3678 4768 sed

2113 4823 2242 4893 quia
2270 4835 2529 4892 magnum
2575 4821 2754 4876 scelus
2797 4819 2851 4872 in
2886 4817 3054 4872 Deum
3105 4811 3320 4884 aggredi
3367 4824 3534 4862 ausus
3562 4816 3677 4865 est,

2111 4916 2203 4986 qui
2234 4930 2301 4969 ex
2331 4921 2549 4985 pastore
2580 4926 2678 4966 rex
2703 4909 2948 4972 effectus,
2972 4906 3211 4962 inimicis
3241 4901 3492 4964 devictis,
3520 4905 3681 4965 atque

2112 5006 2280 5059 nullis
2308 5019 2417 5057 non
2445 5012 2672 5056 ornatus
2696 4997 3000 5059 beneficiis,
3027 4993 3269 5049 benefico
3288 5006 3384 5061 per
3411 4989 3518 5043 tale
3548 4986 3682 5039 1·εεί-

2111 5109 2217 5149 nus
2260 5093 2490 5164 gratiam
2530 5091 2866 5161 rependerit.
2901 5086 3036 5142 Illud
3089 5092 3268 5139 autem
3309 5097 3488 5135 coram
3524 5087 3593 5142 te,
3625 5079 3679 5130 in

2069 5192 2071 5195 ’
2111 5188 2341 5244 historia
2364 5185 2712 5255 explicatur:
2749 5182 2932 5236 Visum
2957 5189 3056 5243 est,
3089 5177 3287 5246 inquit,
3313 5172 3451 5244 quod
3482 5172 3680 5241 fastum

2106 5293 2205 5345 est,
2240 5280 2439 5335 malum
2465 5294 2644 5332 coram
2675 5275 2903 5330 Domino
2930 5274 2998 5327 ⁸⁸.
3029 5271 3127 5326 Vel
3159 5271 3239 5325 sic
3270 5264 3679 5336 interpreteris:

2105 5374 2342 5428 Videbar
2374 5369 2575 5440 aliquis
2603 5384 2725 5424 esse
2757 5382 2882 5422 cum
2929 5381 2962 5418 a
2991 5371 3046 5418 te
3072 5371 3408 5433 protegerer,
3441 5354 3682 5410 aestima-

2108 5469 2341 5536 bamque
2373 5463 2590 5517 demum
2631 5474 2717 5515 me
2746 5457 3080 5512 immobilem
3113 5469 3256 5517 esse,
3282 5465 3409 5505 cum
3441 5447 3679 5503 dicerem

2107 5560 2162 5612 in
2193 5547 2524 5610 abundantia
2552 5565 2713 5612 mea:
2748 5549 2869 5605 Non
2911 5546 3188 5610 movebar;
3240 5557 3409 5612 quare
3449 5536 3682 5594 avertisti

2110 5651 2297 5720 facient
2336 5657 2479 5700 tuam
2522 5663 2551 5699 a
2591 5663 2669 5700 me
2702 5653 2748 5700 et
2793 5643 2964 5711 factus
3010 5654 3122 5693 sum
3166 5635 3510 5690 conturbatus
3537 5629 3616 5680 l‘°:
3649 5643 3681 5682 a

510 5809 570 5839 ⁶⁸”
612 5807 766 5864 Deut.
806 5811 1077 5877 “111,2”.
1159 5811 1199 5844 ἰε’
1243 5811 1282 5865 ll
1319 5809 1449 5877 Reg.
1484 5827 1570 5876 χι,
1602 5808 1689 5862 ΕΠ.
1767 5810 1810 5842 ⁸ο
1854 5807 1996 5862 Psal.
2045 5823 2167 5861 xxix
2193 5845 2205 5864 .
2246 5805 2295 5874 ἴ,
2330 5811 2339 5848 ἒ
