4138 6386
475 349 589 407 459

1192 352 1461 410 EUSEBII
1498 351 1977 409 CESARIENSIS
2013 350 2393 409 OPP.'PARS
2431 351 2520 408 ιιι.
2558 382 2628 394 -
2666 349 3078 433 EXEGETICA.

3633 348 3741 404 440

475 469 861 525 misericordia
889 477 983 525 tua
1026 469 1105 525 sic
1137 468 1390 533 edoctus,
1432 468 1556 524 Nisi
1596 469 1852 524 Dominus
1885 468 2056 538 wdiﬁ-

2163 470 2487 536 πρόσωπόν
2503 485 2617 522 σου
2638 468 2737 522 ἀπ’
2760 465 2928 535 ἐμοῦ,
2953 467 3049 520 καὶ
3069 466 3191 535 erat
3202 469 3365 538 ᾐθην
3390 465 3743 534 mananti-

483 562 681 616 cacerit
723 561 959 627 domum,
998 561 1055 614 in
1099 577 1292 614 vanum
1341 560 1716 616 laboraverunt
1760 563 1850 632 qui
1892 562 2062 631 aediﬁ-

487 662 609 707 cant
634 655 705 708 ⁵¹.

560 832 724 889 Vens.
780 834 836 887 7.
890 833 1025 887 Ecce
1075 835 1216 888 enim
1266 834 1321 888 in
1366 836 1737 905 iniquitatibus
1787 848 2059 905 conceptus

490 942 624 990 sum,
654 937 705 981 et
741 928 795 980 in
829 929 1058 995 peccatis
1086 930 1320 996 concepit
1350 945 1431 983 me
1457 938 1626 983 mater
1654 947 1786 985 mea.
1819 930 1943 984 Haec
1982 934 2059 986 si-

489 1018 633 1078 miiia
668 1019 871 1073 fuerint
920 1020 991 1076 iis
1039 1036 1163 1091 qua:
1211 1021 1266 1074 in
1295 1019 1398 1075 Job
1429 1022 1726 1093 leguntur:
1773 1021 2061 1077 Maledicta

487 1109 593 1164 dies
611 1111 666 1163 in
691 1127 795 1179 qua
816 1121 974 1165 natus
1002 1129 1141 1174 sum,
1175 1124 1226 1167 et
1263 1128 1367 1167 nea:
1392 1114 1447 1167 in
1476 1130 1581 1184 qua
1610 1114 1856 1168 dixerunt
1881 1129 1900 1167 :
1927 1113 2062 1169 Ecce

458 1194 754 1256 'masculus
801 1204 869 1257 ⁸².
901 1203 1013 1257 Cur
1045 1205 1359 1272 maledicta,
1396 1206 1503 1261 nisi
1537 1209 1665 1276 quia
1696 1206 1752 1260 in
1802 1207 2062 1276 iniquita-

451 1322 458 1375 ε
487 1290 633 1345 tibus
661 1304 966 1362 conceptus
1006 1303 1091 1348 est
1112 1295 1137 1347 ἓ
1176 1295 1536 1367 Consequens
1563 1297 1710 1352 enim
1744 1303 1862 1352 erat
1892 1300 2061 1353 male.

450 1393 456 1439 .'
486 1382 780 1437 dictionem
816 1384 1077 1454 subsequi
1114 1395 1419 1455 peccatum.
1454 1387 1651 1443 Iisdem
1703 1404 1838 1445 usus
1876 1390 2061 1447 verbis

486 1483 567 1531 aut
616 1472 924 1533 Jeremias:
966 1476 1258 1534 Maledicta
1314 1481 1427 1535 dies
1479 1483 1535 1535 in
1576 1498 1683 1552 qua
1712 1491 1870 1536 natus
1902 1499 2057 1547 sum,

486 1575 532 1620 et
568 1583 673 1621 nos:
703 1569 762 1621 in
810 1585 915 1639 qua
960 1573 1195 1640 concepit
1236 1589 1317 1625 me
1368 1584 1539 1627 mater
1581 1589 1697 1628 mea
1720 1575 1786 1629 ⁸³.
1835 1573 2059 1630 Beatum

484 1659 631 1713 enim
685 1660 901 1725 fuisset,
962 1679 1072 1718 non
1117 1680 1348 1733 peccare
1379 1665 1611 1735 primam
1654 1666 1960 1730 mulierem,
2007 1674 2061 1721 et

486 1760 760 1823 corrupta:
789 1755 926 1823 proli
961 1769 1182 1825 operam
1214 1773 1324 1811 non
1357 1757 1510 1821 dare,
1539 1772 1603 1812 ac
1632 1772 1852 1813 manere
1881 1757 1935 1811 in
1967 1774 2061 1828 pa-

486 1842 672 1899 radiso
700 1844 904 1901 divinis
937 1848 1150 1918 angelis
1179 1848 1414 1904 similem
1440 1866 1459 1915 ;
1488 1848 1585 1904 sed
1631 1848 1831 1903 invidia
1860 1849 2062 1904 diaboli

485 1951 630 1988 mors
661 1936 879 1990 intravit
912 1939 967 1991 in
1015 1937 1266 1992 mundam
1297 1941 1364 1993 ".
1415 1938 1705 1995 Generatio
1735 1950 1915 1996 autem
1965 1956 2063 2010 per

485 2025 810 2094 sanguinem
843 2035 899 2082 et
924 2041 1148 2082 carnem
1194 2028 1358 2081 morti
1386 2028 1759 2091 ministrabat,
1789 2027 1858 2083 ad
1884 2027 2063 2082 conti-

486 2132 653 2172 nuam
689 2120 942 2174 mortalis
982 2119 1198 2189 generis
1229 2119 1661 2175 successionem.
1695 2118 2063 2185 Quamobrem

487 2209 796 2278 conceptio,
830 2217 1020 2280 utpote
1050 2212 1213 2265 morti
1239 2212 1508 2282 subjecta,
1542 2227 1574 2266 a
1602 2212 1780 2269 beatis
1812 2213 1946 2268 viris
1972 2213 2061 2265 in-

483 2299 800 2353 cusabatur.
833 2301 1195 2371 Symmachus
1244 2318 1396 2367 vero,
1435 2304 1492 2356 in
1541 2303 1863 2372 injustitiam
1914 2313 2062 2357 utero

482 2400 718 2461 gestatus
742 2410 882 2458 sum,
908 2402 959 2448 et
985 2395 1036 2448 in
1066 2397 1293 2463 peccatis
1320 2396 1603 2464 parturivit
1621 2413 1702 2451 me
1729 2405 1899 2450 mater
1923 2411 2059 2449 mea.

484 2482 543 2537 in
578 2494 756 2550 utero,
785 2484 987 2554 inquit,
1020 2494 1264 2556 gestatus
1294 2502 1439 2550 sum,
1475 2496 1535 2541 ut
1559 2489 1851 2543 transirem
1878 2488 1946 2541 ad
1978 2488 2063 2541 in-

481 2576 772 2647 iustitiam,
829 2576 997 2648 idque
1029 2586 1089 2631 ut
1138 2579 1196 2633 in
1246 2579 1493 2649 peccatis
1524 2589 1707 2644 natus,
1758 2579 2061 2635 secundum

481 2669 628 2724 hanc
659 2668 937 2739 cogitandi
965 2670 1231 2725 rationem
1268 2686 1485 2740 arguar.
1522 2670 1641 2725 Non
1671 2671 1728 2725 in
1754 2672 2064 2742 iniquitati-

482 2759 589 2814 bus
637 2760 833 2815 matris
868 2775 1021 2824 meae,
1078 2761 1279 2832 inquit,
1328 2772 1627 2832 conceptus
1666 2777 1811 2829 sum,
1866 2780 1975 2821 non
2008 2768 2063 2822 in

480 2848 872 2920 iniquitatibus
905 2852 1022 2907 suis
1069 2852 1189 2922 ipsa
1236 2855 1527 2923 parturivit
1559 2870 1646 2910 me
1678 2875 1692 2923 ;
1729 2857 1824 2912 sed
1866 2872 1970 2929 ego
2004 2859 2063 2914 in

482 2939 826 3011 iniquitatem
884 2951 1047 2997 natus
1076 2957 1221 3005 sum,
1256 2944 1474 2997 mortali
1510 2944 1737 3001 indutus
1768 2960 1933 3002 carne
1963 2964 1981 3015 ;
2008 2958 2064 3003 et

483 3034 600 3089 haec
628 3033 770 3102 dico,
804 3034 1056 3106 quoniam
1096 3037 1366 3090 veritatem
1398 3034 1656 3091 dilexisti.

554 3121 721 3179 Vens.
760 3123 815 3177 9.
869 3127 1126 3194 Asperges
1190 3141 1271 3179 me
1321 3125 1567 3195 hyssopo,
1618 3136 1670 3180 et
1725 3128 2061 3184 mundabor:

486 3213 686 3267 iuvabis
720 3230 825 3280 me,
853 3223 903 3267 et
934 3230 1089 3281 stares
1115 3216 1282 3269 nivem
1313 3215 1621 3272 dealbabor.
1658 3217 1940 3290 Hyssopus
1970 3238 2064 3276 va-

484 3302 706 3359 cuitatis
735 3302 1026 3360 aﬂectuum
1060 3306 1367 3377 symbolum
1390 3316 1495 3372 est,
1524 3317 1581 3364 et
1613 3310 1822 3365 ablutio
1882 3316 2066 3384 cogni-

484 3395 694 3450 tionem
716 3396 1025 3466 signiﬁcat:
1051 3412 1151 3467 per
1172 3399 1502 3455 vacuitatem
1527 3401 1818 3457 affectuum
1835 3406 2069 3462 munda—

483 3502 630 3554 mur,
671 3497 728 3544 et
775 3503 874 3558 per
916 3489 1284 3561 cognitionem
1315 3491 1654 3548 dealbamur.

564 3578 727 3636 Vens.
769 3580 857 3635 11.
888 3581 1075 3636 Acerte
1107 3582 1299 3652 faciem
1331 3594 1479 3638 tuam
1512 3602 1547 3639 a
1573 3587 1800 3654 peccatis
1831 3589 1983 3653 meis,
2014 3599 2066 3643 et

485 3687 665 3727 omnes
697 3672 1004 3743 iniquitates
1034 3692 1187 3730 meas
1224 3676 1360 3732 dele.
1393 3677 1514 3731 Alia
1541 3680 1784 3747 ratione,
1814 3682 1908 3751 qui
1945 3684 2068 3736 ani-

485 3779 633 3818 mam
661 3779 692 3818 a
720 3765 865 3819 mala
890 3768 1227 3824 conscientia
1258 3777 1545 3840 purgatam
1573 3771 1756 3837 habet,
1785 3771 1894 3826 Deo
1918 3772 2067 3828 dixe-

485 3856 597 3910 rit:
651 3853 870 3910 Faciem
923 3867 1093 3924 tuam,
1147 3858 1395 3927 Domine,
1426 3862 1715 3933 requiram,
1766 3881 1829 3921 ne
1858 3877 2063 3921 avertas

485 3944 676 4014 [aciem
728 3959 875 4002 tuam
923 3966 957 4001 a
998 3967 1080 4004 me
1104 3951 1170 4005 ⁸³.
1206 3950 1310 4018 Qui
1359 3969 1489 4008 vero
1539 3955 1734 4010 anima:
1776 3962 2064 4016 vulnerum

486 4036 789 4093 fmditatem
844 4041 1135 4111 conspicit,
1188 4058 1310 4098 sese
1364 4046 1647 4102 occultans
1695 4049 1820 4117 jure
1867 4065 2065 4121 magno

484 4128 657 4198 judici
689 4131 805 4188 ait:
842 4134 1027 4187 Averte
1073 4134 1267 4202 faciem
1301 4147 1449 4190 tuam
1484 4155 1517 4192 a
1545 4142 1769 4207 peccatis
1805 4144 1971 4204 meis;
2009 4152 2069 4199 at

484 4235 597 4276 non
628 4236 658 4275 a
685 4223 897 4294 meipso
921 4265 937 4289 ,
968 4225 1062 4280 sed
1093 4228 1252 4297 quasi
1280 4243 1484 4300 aegrum
1518 4240 1737 4288 curato.

557 4487 725 4547 Vens.
761 4493 850 4547 14.
880 4492 1053 4549 Redde
1077 4497 1207 4552 mihi
1233 4500 1481 4555 ltetitiam
1502 4502 1761 4558 salutaris
1786 4508 1881 4559 tui.
1906 4507 2062 4573 Quod
2097 4514 2142 4569 D

486 4581 782 4640 discrimen
802 4586 947 4657 apud
973 4587 1228 4647 Hebraeos
1256 4592 1328 4648 sit
1360 4593 1502 4649 inter
1523 4594 1678 4660 illud,
1711 4597 1903 4653 salutis
1936 4612 2058 4666 tute,

487 4676 635 4744 quod
685 4675 1004 4749 frequenter
1049 4684 1334 4750 occurrit,
1377 4694 1433 4740 et
1480 4687 1635 4751 illud,
1674 4690 1929 4747 salutaris
1963 4696 2061 4761 tui,

487 4768 819 4829 declaratur.
869 4771 1005 4827 Nam
1044 4776 1200 4840 illud,
1249 4778 1485 4834 salutare
1528 4791 1695 4845 tuum,
1749 4786 1891 4854 apud
1940 4786 2063 4842 illos

486 4863 772 4930 scribitur,
797 4864 1049 4932 Jesuaclt,
1071 4870 1217 4938 quod
1243 4872 1534 4928 manifeste
1560 4874 1859 4935 Salvatoris
1889 4881 2063 4935 nostri

478 4950 619 5009 "Jesu
649 4970 851 5011 nomen
874 4959 1151 5028 exprimit,
1184 4961 1266 5017 sic
1299 4963 1449 5017 enim
1478 4980 1668 5023 omnes
1696 4967 2060 5040 interpretan-

484 5050 615 5111 tur;
645 5047 780 5101 illud
806 5064 957 5111 vero,
988 5051 1183 5105 salutis
1211 5062 1317 5107 tute
1345 5052 1562 5112 Isaach.

560 5136 725 5195 Vens.
761 5139 846 5194 19.
874 5138 1213 5213 Sacriﬁcium
1247 5144 1356 5200 Deo
1383 5149 1599 5215 spiritus
1629 5152 2015 5209 contribulatus
2040 5171 2057 5207 :

477 5247 569 5284 cor
611 5231 897 5285 contritum
947 5243 999 5287 et
1028 5234 1390 5303 Itumiliatum,
1437 5238 1577 5294 Deus
1637 5260 1742 5297 non
1786 5243 2055 5314 despiciet.

477 5320 633 5374 Alius
686 5320 862 5375 dixit:
922 5319 1086 5379 Sanis
1139 5326 1361 5396 quidem
1424 5335 1676 5385 convenit
1726 5333 2056 5388 sacriﬁcium

480 5409 660 5466 laudis
694 5452 711 5478 ,
757 5411 921 5483 aegris
964 5430 1116 5480 vero,
1164 5417 1495 5474 sacriﬁcium
1530 5422 1712 5478 cordis
1745 5424 1967 5479 contriti
2004 5434 2059 5480 ct

2161 578 2268 627 νος
2288 579 2301 591 ο
2332 561 2602 630 διδαχθεὶς
2631 560 2767 631 ὲλέῳ
2787 558 2863 630 τῷ
2887 558 2965 629 σῷ
2986 576 2998 588 ·
3038 558 3173 611 Ἐὰν
3190 556 3275 625 μὴ
3314 556 3532 623 Κύριος
3580 558 3747 610 olito-

2161 651 2400 721 δομήσῃ
2442 648 2654 716 οἷκον,
2687 654 2773 717 εὶς
2815 651 3021 721 μάτην
3065 649 3402 702 ἐκοπίασαν
3428 650 3480 701 οι
3512 645 3743 700 οἰκοδο-

2156 742 2434 811 μοῦντες.

2247 833 2393 887 Ἰδοὺ
2456 833 2565 903 γὰρ
2618 832 2689 885 ἑν
2732 831 3006 899 ἀνομιάις
3046 827 3471 898 συνελήφθην,
3517 826 3615 881 καὶ
3675 827 3749 880 ἐν

2160 923 2471 992 ἁμαρτίαις
2492 920 2801 988 ςέκίσσησέ
2824 936 2901 989 με
2928 922 2966 988 ἡ
2994 918 3193 988 μήτηρ
3210 936 3350 988 μου.
3387 920 3584 989 Ὅμοια
3606 918 3649 971 δ’
3677 917 3749 971 ἂν

2161 1010 2245 1080 εῐη
2275 1011 2369 1064 καὶ
2409 1008 2583 1062 ταῦτα
2621 1011 2734 1072 τοῖς
2767 1008 2919 1079 παρὰ
2964 1006 3042 1079 τῷ
3088 1007 3207 1061 Ἰώϐ
3228 1026 3241 1040 ⁸
3280 1007 3744 1077 Ἐπικατάρατος

2160 1104 2200 1171 ἦ
2238 1100 2429 1171 ἡμέρα
2456 1102 2528 1155 ἐν
2565 1095 2603 1173 ᾖ
2628 1098 2992 1171 ἐγεννήθην,
3022 1100 3121 1154 καὶ
3150 1103 3187 1169 ή
3222 1100 3338 1165 νὺξ
3361 1100 3432 1153 ἐν
3466 1094 3506 1172 ᾗ
3541 1096 3747 1154 εἶπαν..

2174 1194 2320 1250 Ἰδοὺ
2352 1194 2559 1263 ἄρσεν.
2592 1192 2692 1246 Διὰ
2716 1194 2770 1246 τί
2802 1193 2911 1265 γὰρ
2938 1190 3005 1258 ἦν
3039 1194 3438 1264 ὲπικατάρατος
3457 1233 3475 1260 ,
3520 1193 3634 1248 ἀλλ’
3661 1195 3751 1249 ὅτι

2160 1289 2218 1341 ὲν
2248 1287 2500 1358 ἀνομίαις
2526 1286 2828 1357 συνελήφθη
2855 1303 2870 1350 ;
2925 1285 3229 1340 Ἀκόλουθον
3253 1286 3363 1357 γὰρ
3392 1281 3461 1357 ἦν
3498 1287 3739 1360 κατάραι

2160 1378 2387 1433 ἕπεσθαι
2433 1378 2700 1450 ἁμαρτίᾳ.
2732 1380 2857 1442 Τοῖς
2905 1381 3086 1441 αυτοῖς
3153 1378 3421 1449 Ἱερεμίας
3476 1380 3749 1450 ἐχρήσατο

2161 1472 2372 1543 φήσας·
2418 1468 2879 1537 Ἐπικατάρατος
2909 1472 2949 1539 ἡ
2984 1470 3169 1539 ήμέρα
3195 1470 3265 1523 ἐν
3303 1464 3342 1542 ᾗ
3372 1470 3627 1539 ἐτέχθην
3676 1472 3745 1525 ἐν

2159 1564 2334 1633 αὐτῇ,
2373 1565 2472 1620 καὶ
2527 1566 2566 1634 ἡ
2596 1563 2711 1628 νὺξ
2735 1565 2806 1618 ἐν
2851 1557 2892 1636 ᾗ
2936 1562 3236 1617 συνέλιιόέ
3278 1579 3351 1632 με
3378 1561 3576 1631 μήτηρ
3600 1580 3751 1631 μου-

2160 1657 2446 1729 Μακάριον
2472 1655 2581 1728 γὰρ
2604 1652 2672 1727 ἦν
2707 1656 2769 1708 τὸ
2800 1655 2932 1726 μηδὲ
2960 1656 3059 1727 τὴν
3103 1653 3327 1725 πρώτην
3373 1657 3604 1723 γυναῖκα
3636 1672 3745 1707 πα-

2168 1749 2411 1820 ραϐᾶσαν
2439 1753 2507 1821 τῇ
2543 1748 2756 1820 φθαρτῇ
2796 1747 3007 1816 γενέσει
3049 1744 3511 1817 διακονήσασθαι,
3565 1745 3746 1817 μένειν

2093 1814 2135 1868 Β
2164 1814 2221 1895 δὲ
2250 1843 2309 1895 ὲν
2356 1814 2669 1913 παραδείσω
2694 1814 2858 1903 θείοις
2894 1814 3267 1910 ὁμοιωθεῖσαν⁷
3295 1814 3578 1907 ἀγγέλοις(
3612 1837 3751 1892 ἀλλὰ

2164 1936 2364 2004 φθόνῳ
2384 1933 2667 1987 διαϐόλου
2685 1931 2941 1998 θάνατος
2962 1929 3247 1999 είσῆλθεν
3259 1933 3345 1997 είς
3368 1931 3476 1984 τὸν
3492 1932 3715 2000 κόσμον
3730 1972 3744 1985 .

2164 2027 2391 2097 Θανάτῳ
2414 2026 2471 2079 δὲ
2498 2029 2531 2096 ἡ
2557 2026 2623 2078 δι’
2658 2025 2905 2096 αἱμάτων
2929 2024 3023 2078 καὶ
3054 2023 3256 2095 σαρκὸς
3301 2024 3625 2095 ὑπηρετεῖτο
3654 2023 3748 2092 γέ-
3785 2043 3791 2049 τ

2165 2132 2309 2179 νεσις
2334 2116 2414 2177 είς
2437 2114 2531 2168 τοῦ
2555 2114 2749 2186 θνητοῦ
2771 2114 2961 2184 γένους
2990 2113 3272 2183 διαμονήν.
3311 2113 3403 2166 Διὸ
3429 2114 3521 2167 καὶ
3549 2115 3583 2186 ἡ
3619 2113 3747 2167 σύλ-

2164 2207 2355 2278 ληψις,
2387 2207 2588 2262 ὡσανεὶ
2634 2206 2847 2277 Θανάτῳ
2888 2205 3253 2277 ὑποκειμένη,
3298 2208 3410 2269 τοῖς
3458 2207 3749 2278 μακαρίοις

2163 2299 2490 2354 διεϐάλλετο.
2508 2300 2567 2353 Ὀ
2590 2299 2647 2353 δὲ
2672 2299 2965 2370 Σύμμαχος
2982 2315 2994 2327 ·
3023 2300 3128 2363 Είς
3151 2297 3392 2351 ἀδικίαν
3405 2296 3744 2365 ὠδυνήθην,

2164 2394 2263 2446 καὶ
2296 2394 2365 2446 ἐν
2398 2392 2712 2462 ἁμαρτίαις
2747 2390 2974 2459 ἐκύησέ
2993 2407 3070 2458 με
3096 2393 3134 2459 ή
3174 2390 3373 2460 μήτηρ
3416 2410 3552 2458 μου.
3599 2391 3750 2444 Ὠδο-

2164 2484 2334 2555 νήθην
2362 2483 2470 2555 γὰρ
2492 2484 2587 2536 καὶ
2610 2481 2871 2553 ὲκυήθην,
2909 2484 3093 2552 φησὶν,
3132 2482 3219 2536 ἵνα
3249 2482 3504 2554 παρέλθω
3532 2484 3613 2546 εἰς
3642 2483 3748 2536 ἁδι-

2164 2576 2310 2639 κίαν,
2342 2576 2436 2628 καὶ
2466 2576 2571 2639 ἵνα,
2596 2574 2657 2627 ὲν
2687 2573 2981 2643 ἁμαρτίαις
3012 2572 3319 2642 γενόμενος,
3347 2572 3584 2643 ἐλεγχθῶ
3607 2573 3747 2626 κατὰ

2163 2667 2368 2739 ταύτην
2394 2667 2494 2739 τὴν
2524 2665 2730 2719 ἔννοιαν
2751 2683 2764 2695 ⁸
2795 2666 2907 2718 Οὐκ
2928 2667 2985 2718 ὲν
3008 2666 3278 2735 ἀνομίαις,
3301 2666 3451 2736 φησὶ,
3485 2666 3583 2736 τῆς
3607 2666 3747 2736 ἐμῆς

2167 2758 2503 2831 συνελήφθην
2533 2759 2761 2831 μητρὸς,
2790 2758 2910 2811 οὐδὲ
2934 2761 3054 2821 ταῖς
3075 2758 3271 2829 ἑαυτῆς
3313 2758 3564 2827 ἀνομίαις
3600 2758 3751 2811 ὲκίσ-

2167 2851 2299 2923 σησέ
2331 2868 2399 2921 με
2421 2867 2435 2880 ⁸
2467 2850 2583 2904 ἀλλ’
2604 2849 2714 2919 ἐγὼ
2756 2851 2834 2913 είς
2867 2849 3078 2903 ἀδικίαν
3125 2849 3422 2920 ἐγεννήθην
3445 2888 3459 2913 ,
3510 2847 3710 2920 θνητὴν
3731 2888 3746 2913 ,

2164 2943 2621 3015 περιϐαλλόμενος
2677 2943 2857 3015 σάρκα
2916 2943 3010 2996 καὶ
3056 2942 3232 2996 ταῦτά
3284 2958 3465 3012 φημι,
3503 2942 3747 3009 ἐπείπερ

2164 3035 2455 3104 ἀλήθειαν
2483 3034 2823 3105 ἠγάπησας.

2249 3126 2528 3194 Ῥαντιεῖς
2586 3144 2663 3197 με
2716 3125 2987 3193 ὑσσώπῳ
3034 3126 3135 3180 καὶ
3197 3124 3710 3195 καθαρισθήσομαι
3730 3166 3746 3191 ,

2165 3219 2421 3286 πλυνεῖς
2459 3236 2537 3288 με
2576 3219 2677 3273 καὶ
2709 3218 2862 3287 ὑπὲρ
2906 3219 3080 3288 χιόνα
3102 3216 3612 3287 λευκανθήσομαι.
3676 3216 3749 3269 Τὸ

2166 3309 2418 3364 ὕσσωπον
2440 3311 2555 3363 ἐστι
2581 3309 2849 3381 σύμϐολον
2872 3308 3157 3374 ἀπαθείας,
3189 3310 3283 3364 καὶ
3314 3311 3347 3380 ἡ
3383 3308 3577 3373 πλύσις
3603 3307 3751 3378 γνῶ-

2168 3420 2251 3459 σιν
2302 3404 2575 3475 σημαίνει·
2611 3404 2707 3456 καὶ
2740 3402 2829 3455 διὰ
2871 3402 2970 3472 μὲν
3006 3401 3275 3465 ἀπαθείας
3314 3400 3746 3472 καθαριζόμεθα,

2163 3494 2253 3549 διὰ
2285 3493 2342 3547 δὲ
2365 3494 2465 3564 τῆς
2495 3493 2747 3563 γνώσεως
2769 3492 3187 3564 λευκαινόμεθα.

2249 3585 2664 3654 Ἀπόστρεψον
2684 3583 2751 3637 τὸ
2780 3584 3106 3652 πρόσωπόν
3126 3601 3244 3638 σου
3276 3583 3395 3639 ἀπὸ
3422 3581 3541 3637 τῶν
3562 3584 3750 3653 ἆμαρ-ρ

2165 3678 2305 3732 τιῶν
2318 3696 2460 3748 μου,
2487 3678 2587 3731 καὶ
2614 3676 2817 3743 πάσας
2831 3676 2939 3743 τὰς
2965 3677 3217 3746 ἀνομίας
3238 3694 3361 3746 μου
3394 3676 3744 3745 ἐξάλειψον.

2169 3770 2398 3834 ¹Ἀλλως,
2422 3771 2451 3823 ὁ
2477 3770 2575 3841 μὲν
2602 3770 2701 3841 τὴν
2732 3767 2906 3839 ψυχὴν
2949 3768 3361 3839 κεκαθαρμένος
3412 3767 3520 3822 ἀπὸ
3567 3784 3747 3820 συνει-

2164 3862 2372 3933 δήσεως
2414 3863 2655 3933 πονηρᾶς
2703 3861 2847 3914 εῐποι
2890 3858 2955 3913 ἂν
2994 3859 3073 3929 τῷ
3104 3859 3259 3931 Θεῷ*
3312 3858 3382 3913 Τὸ
3425 3858 3749 3928 πρόσωπόν

2165 3970 2303 4017 σου,
2331 3955 2528 4023 Κύριε,
2556 3952 2824 4026 ζητήσω,
2880 3950 2967 4021 μὴ
3019 3951 3411 4020 ἀποστρέψεις
3455 3950 3520 4004 τὸ
3563 3950 3753 4018 πρόσ-

2163 4045 2330 4098 ωπόν
2352 4061 2468 4097 σου
2494 4044 2595 4097 ἀπ’
2614 4041 2761 4113 ἐμοῦ
2782 4059 2795 4072 ·
2829 4042 2858 4094 ὁ
2882 4040 2937 4094 δὲ
2965 4041 3027 4093 τὸ
3051 4042 3273 4112 αἰσχρὸν
3302 4040 3408 4094 τῶν
3436 4042 3533 4113 τῆς
3572 4041 3755 4113 ψυχῆς

2164 4134 2664 4210 τραυμάτωνὸρῶν
2699 4135 3174 4206 ὲκκαλυπτόμενος
3214 4134 3442 4196 εἰκότως
3488 4132 3639 4201 λέγει
3670 4132 3749 4204 τῷ

2169 4227 2389 4299 μεγάλῳ
2414 4229 2591 4299 κκριτῇ
2612 4244 2624 4256 ·
2674 4227 3092 4296 Ἀπόστρεψον
3138 4224 3205 4279 τὸ
3259 4226 3587 4294 πρόσωπόν
3628 4239 3748 4280 σου

2167 4320 2284 4374 ἀπὸ
2328 4318 2446 4372 τῶν
2481 4317 2779 4388 ἁμαρτιῶν
2804 4337 2943 4388 μου,
2972 4319 3108 4373 ἀλλὰ
3148 4318 3223 4392 μὴ
3257 4316 3318 4384 ἐξ
3351 4318 3498 4390 ⁵ἐμοῦ
3545 4319 3706 4373 αὐτοῦ
3728 4337 3744 4351 ·

2166 4412 2281 4468 ἀλλ’
2314 4413 2389 4477 ὡς
2416 4411 2675 4465 νοσοῦντα
2697 4411 3052 4483 θεράπευσον.

2250 4503 2504 4570 Ἀπόδος
2518 4522 2621 4573 μοι
2644 4504 2759 4572 τὴν
2778 4505 3142 4574 ἀγαλλίασιν
3158 4504 3263 4559 τοῦ
3287 4505 3586 4574 σωτηρίου
3607 4519 3744 4558 σου.

2172 4596 2439 4668 Πλείστης
2463 4597 2521 4651 δὲ
2544 4600 2671 4667 παρ’
2702 4598 2973 4670 Ἑϐραίοις
2998 4599 3109 4669 τῆς
3125 4599 3427 4671 κοινότερον
3451 4600 3749 4667 σωτηρίας

2170 4707 2287 4745 σου
2320 4690 2623 4762 λεγομένης
2650 4691 2744 4745 καὶ
2771 4691 2879 4745 τοῦ
2902 4692 3198 4760 σωτηρίου
3220 4706 3337 4745 σου
3357 4689 3750 4763 δηλοῦται-δια-

2172 4784 2331 4855 φορά.
2368 4783 2643 4854 Γράφεται
2671 4782 2780 4855 γὰρ
2806 4783 2873 4837 τὸ
2905 4786 3004 4856 μὲν
3027 4782 3321 4851 σωτήριόν
3350 4798 3466 4836 σου
3491 4782 3619 4853 παρ’
3647 4782 3747 4834 αὐ-

2169 4877 2301 4939 τοῖς,
2347 4872 2653 4942 Ἰησουὰχ,
2691 4872 2876 4941 σαφῶς
2900 4873 3095 4943 δηλοῦν
3121 4873 3358 4944 τοῦνομα
3376 4871 3479 4926 τοῦ
3496 4873 3749 4945 Σωτῆρος

2169 4967 2323 5038 ἡμῶν
2362 4965 2565 5037 Ἰησοῦ·
2616 4963 2922 5036 συμφώνως
2981 4964 3091 5035 γὰρ
3122 4946 3310 5027 ὀὕτως
3356 4962 3748 5035 ἑρμηνεύουσιν

2168 5060 2434 5121 ἅπαντες·
2470 5058 2531 5111 τὸ
2551 5057 2628 5121 δὲ,
2660 5057 2921 5125 σωτηρία
2947 5072 3086 5121 σου,
3119 5055 3377 5111 Οἱσουάθ
3400 5058 3497 5129 (1).

2239 5151 2431 5205 Θυσία
2450 5148 2528 5215 τῷ
2546 5148 2666 5214 Θεῷ
2680 5149 2915 5217 πνεῦμα
2936 5148 3441 5217 συντετριμμένον
3459 5166 3473 5179 ·
3497 5148 3749 5217 καρδίαν

2169 5242 2687 5312 συντετριμμένην
2710 5242 2810 5295 καὶ
2844 5241 3356 5309 τεταπεινωμένην
3390 5246 3423 5295 ό
3459 5241 3603 5306 Θεὸς
3636 5242 3747 5292 οὐκ

2162 5333 2575 5397 ἑξουδενὼσει.
2608 5332 2797 5395 Ἀλλος
2840 5328 2993 5385 εἶπεν
3018 5349 3031 5362 ’
3075 5333 3281 5399 Ύγιέσι
3346 5333 3444 5403 μὲν
3490 5331 3744 5403 ἁρμόττει

2163 5426 2260 5497 τῆς
2281 5424 2539 5488 αίνέσεως
2574 5426 2608 5496 ἡ
2638 5424 2796 5477 θυσία
2816 5441 2828 5453 ·
2867 5423 3081 5476 νοσοῦσι
3110 5423 3167 5475 δὲ
3199 5426 3233 5495 ὴ
3269 5424 3357 5477 διὰ
3379 5424 3476 5493 τῆς
3499 5438 3740 5476 τεταπειο

556 5562 601 5593 ⁸¹
639 5561 785 5620 Psal.
821 5583 1014 5636 cxxvr,
1046 5570 1096 5623 1.
1171 5570 1217 5602 ⁸³
1255 5570 1358 5641 Job
1388 5575 1545 5643 "1,3.
1622 5576 1670 5608 ⁸³
1706 5576 1819 5633 Jer.
1862 5594 1971 5645 xx,
2009 5579 2064 5634 14

2163 5580 2221 5651 ¹ιιι
2265 5576 2393 5648 53p.
2430 5593 2507 5645 ιι,
2539 5576 2633 5632 24.
2709 5578 2756 5611 ⁵⁵
2794 5575 2942 5634 Psal.
2975 5593 3103 5634 xxvt
3194 5579 3313 5640 L9.

567 5699 643 5795 Ω)
681 5699 1089 5795 ἔλεξεῒέετουάκ-
1122 5710 1291 5795 Hebr;
1321 5716 1517 5795 τίπαξνν
1547 5731 1669 5784 Quae
1693 5726 1875 5795 tamen
1906 5734 2009 5774 νοι
2043 5721 2058 5773 ί

2163 5719 2542 5787 scriminatim,
2575 5726 2767 5776 contra
2794 5732 2958 5789 quam
2977 5716 3110 5773 dicit
3129 5715 3420 5781 Eusebius,
3458 5716 3539 5772 vel
3576 5715 3738 5785 σωτή-

457 5835 470 5848 ί
498 5786 635 5840 ριον,
676 5774 934 5842 salutare,
969 5774 1909 5857 velaucupia,"salas,'explicattzt'.
