4138 6386
479 311 548 365 4-4
559 314 584 366 ι-

1611 298 2118 359 COMMENTARIA
2157 301 2224 356 IN
2263 302 2610 362 PSALMOS.

3651 319 3757 374 “2

478 425 728 497 νωμένης
756 426 849 478 καὶ
897 421 1368 494 συντετριμμένης
1417 419 1663 490 καρδίας.
1703 417 1814 472 Καὶ
1871 414 2058 483 ἐπειδὴ

2163 415 2452 476 humiliati.
2503 419 2642 487 Quia
2677 438 2808 479 vero
2833 426 3138 480 secundum
3183 427 3596 500 Symmachum,
3633 452 3758 488 cou-

481 518 802 588 κατεαγυῖα
825 515 1074 588 γέγονεν
1102 518 1140 583 ἡ
1169 514 1382 582 καρδία
1406 531 1548 581 μου,
1578 510 1722 570 κατὰ
1744 510 2060 580 Σύμμαχον,

482 616 706 678 εἰκότως
739 612 982 682 εὐξάμην
1024 609 1254 681 καρδίαν
1283 606 1529 678 καθαρὰν
1587 607 1643 658 ὲν
1678 606 1802 676 ἐμοὶ
1843 607 1872 656 6
1929 602 2062 664 Θεὸς

479 709 601 764 ἀντὶ
627 707 726 778 τῆς
753 705 1114 772 κατεαγυίας·
1145 701 1239 755 καὶ
1281 701 1402 754 ἀντὶ
1455 698 1552 751 τοῦ
1601 695 2061 768 συντετριμμένου

483 800 809 870 πνεύματος,
869 795 1009 850 κατὰ
1055 792 1386 864 Σύμμαχον,
1427 791 1638 858 ἔλεγον·
1683 789 1793 842 Καὶ
1825 787 2064 856 πνεῦμα

479 892 654 958 εὑθὲς
673 891 1023 961 ἐγκαίνίσον
1037 888 1107 940 ἐν
1133 886 1258 950 τοῖς
1278 882 1554 953 creditam
1567 900 1707 952 μου.
1726 883 2062 952 Συντετριμ-

486 988 645 1060 μένον
675 986 733 1039 δὲ
763 984 978 1054 πνεῦμα
1003 981 1064 1035 τὸ
1083 981 1150 1034 δι’
1184 978 1624 1050 ὲξομολογήσεως
1648 974 1811 1028 ἑαυτό
1851 973 2066 1045 συντρί-

483 1082 574 1133 6ον
595 1077 852 1149 τυγχάνει
872 1093 884 1105 ·
911 1073 1135 1142 τοιαύτη
1162 1072 1256 1125 καὶ
1278 1073 1311 1140 ἡ
1359 1069 1447 1122 διὰ
1482 1068 1581 1138 τῆς
1615 1065 1906 1138 μετανοίας
1933 1067 2064 1119 έαυ-

477 1173 582 1242 τὴν
608 1167 937 1223 ταπεινοῦσα
959 1164 1176 1237 καρδία.
1213 1161 1482 1232 Τοιαύτην
1503 1159 1613 1230 γὰρ
1634 1159 1800 1229 αὐτὴν
1830 1157 2062 1228 γενομέ-

479 1279 578 1330 νην
610 1259 750 1331 μετά
775 1258 835 1310 τὸ
857 1259 956 1328 τῆς
979 1255 1254 1327 ἁμαρτίας
1282 1253 1482 1323 οἴδημα
1511 1251 1634 1305 ἀντὶ
1668 1250 1858 1314 θυσίας
1891 1266 2066 1320 προσ-

479 1354 688 1422 δέξεται
723 1354 751 1404 ὁ
783 1351 935 1414 Θεός.

556 1446 692 1498 Τότε
725 1440 1081 1510 εὐδοκήσεις
1118 1440 1338 1494 θυσίαν
1376 1437 1770 1503 δικαιοσύνης
1790 1475 1804 1499 ,
1835 1435 2064 1504 ἀναφο-

472 1535 592 1604 ρὰν
611 1535 712 1588 καὶ
742 1532 1224 1602 ὁλοκαυτώματα.
1273 1529 1434 1583 Ἀλλὰ
1464 1530 1600 1601 πρὸς
1636 1529 1810 1581 ταῦτα
1842 1528 2068 1598 φήσειεν

479 1627 546 1681 ἄν
571 1645 674 1690 τις,
699 1625 816 1688 πῶς
847 1625 1050 1696 ἀρτίως
1083 1623 1286 1686 εἰπών,
1332 1624 1472 1685 Ὅτι,
1509 1624 1562 1675 ει
1605 1621 1917 1689 ἠθέλησας
1960 1625 2068 1675 6v-

479 1721 644 1780 σίαν,
673 1718 869 1772 ἔδωκα
901 1719 997 1784 ἂν,
1018 1716 1112 1770 νῦν
1145 1717 1222 1780 ὼς
1257 1715 1540 1786 μέλλοντος
1583 1714 1772 1768 Θυσίαν
1809 1713 2064 1785 δέχεσθαι

2171 509 2400 578 fractum
2429 513 2531 581 [ait
2563 532 2655 568 cor
2689 534 2894 586 meum,
2945 523 3144 577 merito
3199 531 3456 591 precatus
3507 543 3652 594 sum,
3699 535 3758 582 ut

2169 620 2268 672 pro
2322 607 2628 676 confracto,
2676 613 2941 667 mundum
2979 631 3076 670 cor
3108 618 3338 672 habeam
3369 637 3384 686 ;
3416 631 3472 675 et
3499 637 3596 690 pro
3625 639 3758 678 con-

2172 697 2300 750 trito
2347 699 2566 766 spiritu,
2607 703 2912 758 secundum
2962 707 3351 778 Symmachum
3381 711 3518 769 dixi.
3549 725 3599 766 et
3643 715 3755 782 δρία

2171 789 2333 842 ritum
2360 803 2558 845 rectum
2595 794 2788 848 innova
2830 798 2883 850 in
2936 801 3221 857 visceribus
3271 806 3418 858 meis.
3471 805 3763 862 Coutritus,

2171 889 2351 934 autem
2384 884 2611 953 spiritus
2635 893 2738 954 est,
2773 889 2864 958 qui
2905 906 3026 946 sese
3058 909 3154 962 per
3186 897 3590 952 confessionem
3619 915 3752 954 con-

2171 973 2328 1036 terit;
2354 974 2641 1046 simileque
2669 989 2753 1034 est
2783 995 2900 1044 cor,
2933 986 3076 1052 quod
3109 1002 3206 1054 per
3229 992 3603 1057 paenitentiam
3633 1009 3764 1048 sese

2171 1061 2444 1122 humiliat.
2480 1067 2614 1122 illud
2649 1070 2820 1134 enim,
2857 1083 2980 1141 post
3009 1079 3216 1144 peccati
3249 1085 3516 1137 tumorem
3559 1084 3634 1136 ita
3671 1082 3758 1138 al-

2171 1154 2374 1212 fectum
2414 1173 2514 1228 pro
2547 1162 2822 1218 sacriﬁcio
2855 1167 3000 1224 Deus
3030 1170 3297 1226 admittet.

2242 1416 2412 1476 Vnus.
2459 1421 2548 1475 21.
2588 1423 2736 1480 Tunc
2786 1431 3083 1498 acceptabis
3134 1435 3462 1505 sacriﬁcium
3497 1436 3760 1506 justitim,

2173 1510 2493 1568 oblationem
2519 1527 2569 1571 et
2600 1518 2936 1578 holocausta.
2983 1525 3085 1580 Sed
3127 1529 3194 1581 ad
3229 1528 3342 1582 lucc
3375 1531 3572 1584 dixerit
3603 1533 3764 1602 quis--

2171 1605 2338 1674 piam,
2381 1625 2553 1678 quare
2581 1620 2872 1684 postquam
2907 1620 3068 1672 modo
3096 1620 3253 1686 dixit,
3290 1622 3553 1688 Quoniam
3585 1627 3630 1678 si
3663 1643 3752 1678 vo-

2175 1699 2363 1754 luisses
2395 1705 2744 1773 sacriﬁcium,
2775 1705 3035 1764 dedissem
3069 1713 3282 1782 utique;
3311 1715 3424 1784 jam
3453 1717 3607 1785 quasi
3641 1715 3754 1772 Deo

477 1813 574 1866 τοῦ
610 1812 744 1866 Θεοῦ
795 1811 936 1883 μετὰ
985 1811 1046 1864 τὸ
1082 1811 1184 1881 τὴν
1233 1809 1384 1864 πόλιν
1433 1807 1824 1878 ἁνακτισθῆναι
1850 1851 1865 1874 ,
1909 1807 2060 1877 φησὶ,

2173 1793 2506 1878 sacrificium
2535 1809 2832 1870 accepturo
2855 1813 2980 1873 post
3002 1805 3246 1861 civitatis
3271 1811 3758 1874 restaurationem,

485 1905 622 1958 Τότε
662 1902 1020 1969 εὐδοκήσας
1057 1901 1318 1962 θυσιάν;
1375 1901 1518 1953 Ἀλλ’
1571 1901 1668 1971 οὐχ
1715 1900 1906 1964 ἁπλῶς
1961 1899 2066 1971 ἔφη

481 1995 722 2058 θυσίαν,
747 1993 884 2047 ἀλλὰ
904 1993 1318 2060 δικαιοσύνης.
1347 1992 1476 2044 Ὅτε
1504 1991 1613 2062 γὰρ
1633 1989 1946 2061 εύδοκήσεις
1965 1991 2070 2061 τὴν

481 2088 618 2142 Σιὼν
648 2089 740 2142 καὶ
766 2087 1092 2158 οἰκοδομηθῇ
1120 2089 1188 2142 τὰ
1217 2087 1372 2157 τείχη
1413 2085 1766 2156 Ἰερουσαλὴμ
1789 2127 1804 2150 ,
1845 2085 2066 2156 τοιαύτη

481 2199 565 2236 σοι
596 2181 756 2234 θυσία
786 2179 1302 2258 προσενεχθήσεται.
1344 2177 1417 2230 Τὸ
1467 2175 1577 2248 γὰρ
1615 2177 1866 2241 θεοσεϐὲς
1911 2177 2068 2230 πολί-

477 2291 655 2344 τευμα
700 2273 884 2326 εἰκόνα
935 2271 1090 2342 φέροι
1125 2271 1190 2324 ἂν
1208 2271 1310 2340 τῆς
1343 2270 1670 2342 ἐπουρανίου
1707 2269 1915 2333 πόλεως
1967 2268 2065 2322 τοῦ

478 2367 614 2421 Θεοῦ
639 2383 652 2396 ·
678 2366 760 2420 διὸ
784 2366 880 2419 καὶ¹
909 2365 1116 2436 ταύτης
1149 2363 1438 2436 ὁμώνυμος
1468 2365 1501 2435 ὴ
1532 2363 1627 2418 τοῦ
1661 2363 1797 2417 Θεοῦ
1839 2363 2068 2434 Ἐκκλη-

481 2459 592 2520 σία,
615 2454 684 2530 ἦς
716 2459 870 2530 τείχη
893 2455 1041 2526 λέγει
1063 2457 1192 2522 τοὺς
1215 2458 1686 2530 περιφράττοντας
1727 2456 1931 2528 ταύτην
1967 2459 2068 2526 ἁγ-

475 2554 668 2623 γέλους
733 2551 766 2622 ἢ
809 2553 904 2605 καὶ
961 2551 1090 2613 τοὺς
1121 2550 1448 2621 ἱερωμένους
1501 2549 1594 2602 καὶ
1645 2549 2064 2620 προμαχοῦντας

478 2641 1011 2717 αύτῆς,Προσδέξῃ
1047 2641 1123 2704 δὲ,
1160 2635 1334 2700 εἶπεν,
1367 2640 1488 2691 ἀντὶ
1525 2637 1648 2701 τοῦ,
1680 2636 2060 2704 εὐδοκήσεις,

477 2741 508 2791 6
537 2737 848 2808 Σύμμαχος.
877 2735 986 2787 Καὶ
1023 2734 1120 2804 τὴν
1167 2732 1445 2803 ἀναφοράν
1495 2731 1572 2798 δὲ,
1609 2733 1702 2785 καὶ
1735 2732 1801 2785 τὰ
1831 2733 2060 2784 ὁλοκαυ-

475 2829 723 2898 τώματα,
747 2823 1138 2894 δικαιοσύνης
1153 2824 1394 2892 νοητέον,
1428 2822 1521 2875 καὶ
1549 2822 1773 2893 προσέτι
1811 2821 1935 2883 τοὺς
1975 2821 2063 2889 μό-

479 2938 660 2992 σχους.
691 2919 875 2972 Πάντα
900 2918 1006 2988 γὰρ
1017 2911 1407 2977 δικαιοσύνης
1427 2913 1746 2980 ἐκτελεῖται,
1795 2912 1936 2966 κατὰ
1960 2913 2060 2974 τὰς

476 3007 738 3078 ἀναίμους
766 3008 860 3060 καὶ
883 3005 1260 3076 πνευματικὰς
1283 3004 1492 3068 θυσίας,
1511 3003 1608 3067 τὰς
1633 3005 1691 3056 ὲν
1717 3006 1782 3074 τῇ
1805 3001 1899 3055 τοῦ
1924 3001 2058 3056 Θεοῦ

486 3098 784 3170 Ἐκκλτσίᾳ
815 3099 938 3153 καθ’
967 3100 1093 3170 ὅλης
1114 3099 1210 3168 τῆς
1234 3097 1558 3167 οἰκουμένης
1587 3095 2054 3166 προσφερομένας.
2083 3121 2132 3184 C

473 3191 586 3244 Καὶ
620 3193 676 3244 ὲν
706 3191 850 3264 ἄλλῳ
878 3191 988 3261 γὰρ
1020 3191 1236 3261 εἴρηται
1275 3189 1414 3260 πρὸς
1458 3188 1746 3250 Ἰουδαίους
1776 3188 2052 3259 προφήτῃ-

477 3285 602 3336 Οὑκ
625 3281 759 3336 ἐστι
781 3300 901 3352 μου
922 3283 1150 3349 θέλημα
1177 3281 1247 3334 ἐν
1271 3280 1434 3348 ὑμῖν,
1463 3279 1623 3349 λέγει
1649 3280 1866 3348 Κύριος
1911 3296 2060 3332 παν-

470 3373 792 3444 τοκράτωρ,
832 3374 930 3428 καὶ
962 3375 1178 3440 θυσίας
1239 3375 1310 3426 οὐ
1359 3372 1763 3441 προσδέξομαι
1813 3373 1880 3424 ἐκ
1939 3371 2059 3425 τῶν

471 3469 690 3539 χειρῶν
731 3469 916 3539 ὑμῶν.
969 3469 1124 3521 Διότι
1171 3467 1290 3522 ἀπὸ
1337 3465 1652 3520 ἀνατολῶν
1675 3467 1854 3534 ἡλίου
1879 3465 2058 3534 μέχρι

471 3559 722 3630 δυσμῶν
748 3559 1106 3626 δεδόξασται
1141 3559 1206 3613 τὸ
1241 3557 1430 3627 ὄνομα
1449 3575 1570 3626 μου
1591 3557 1661 3611 ἐν
1677 3556 1802 3622 τοῖς
1833 3557 2054 3612 ἔθνεσι·

469 3653 570 3707 καὶ
609 3653 679 3708 ἐν
709 3652 890 3706 παντὶ
907 3652 1069 3717 τόπῳ
1095 3639 1360 3720 θυμίαμα
1385 3648 1785 3718 προσφέρεται
1809 3647 1888 3714 τῷ
1922 3650 2058 3704 ὀνό-

463 3745 611 3816 ματί
632 3762 774 3813 μου,
797 3743 897 3799 καὶ
921 3743 1106 3798 θυσία
1137 3741 1387 3810 καθαρά.
1417 3742 1566 3812 Αὐτὴ
1595 3740 1690 3795 νῦν
1719 3741 1936 3810 λέγεται
1957 3743 2061 3798 θυ-

469 3833 1119 3903 σίαδικαιοσύνηςέστι
1157 3833 1214 3886 δὲ
1243 3834 1336 3888 καὶ
1363 3833 1623 3896 αἰνέσεως
1647 3874 1662 3897 ,
1705 3833 1848 3887 καθὰ
1888 3831 2062 3904 πρόσ-

471 3925 562 3980 θεν
589 3927 769 3996 ἔλεγε·
802 3926 1006 3980 Θῡσον
1032 3925 1113 3992 τῷ
1147 3925 1270 3992 Θεῷ
1297 3928 1521 3981 θυσίαν
1542 3925 1852 3994 αἰνέσεως.
1895 3973 1902 3982 .

499 4043 578 4110 (l)
605 4043 714 4096 ΕΙΣ
747 4043 834 4096 ΤΟ
873 4041 1478 4104 ΤΕΛΟΣ,ΣΥΡΕΣΕΩΣ
1511 4041 1598 4093 ΤΩ
1635 4041 1834 4094 ΔΑΥΙΔ
1873 4043 2002 4096 NA'.

485 4137 540 4190 Ἐ
545 4153 582 4188 ν
611 4135 691 4200 τῷ
717 4135 918 4206 ἐλθεῖν
949 4137 1116 4202 Arnim
1144 4134 1252 4188 τὸν
1292 4133 1764 4206 Ἰδουμαῖον,-καὶ
1789 4137 2060 4206 ἀναγγεῖ-

542 4211 644 4260 λαι
680 4205 762 4271 τῷ
803 4207 1026 4270 Σαοὺλ,
1055 4206 1154 4260 καὶ
1201 4205 1393 4258 εἰπεῖν
1423 4202 1585 4270 αὐτῷ
1604 4223 1616 4235 ·
1652 4202 1832 4264 Ἦλθε
1879 4202 2060 4261 Δαυῒδ

540 4280 628 4343 είς
659 4278 766 4330 τὸν
798 4274 969 4330 οἷκον
1007 4275 1334 4346 Ἀχιμέλεχ.

555 4371 612 4424 Ὁ
653 4371 752 4440 μὲν
786 4370 867 4438 λγ¹
900 4370 1114 4442 ψαλμὸς
1149 4369 1362 4442 εἴρηται
1403 4370 1482 4441 τῷ
1524 4371 1706 4436 Δαυῗδ,
1743 4373 1923 4425 ὁπότε
1952 4373 2061 4440 ήλ-

2171 1886 2268 1947 ait,
2304 1887 2448 1942 Tunc
2478 1892 2772 1960 acceptabis
2798 1897 3123 1965 sacriﬁcium
3151 1901 3178 1953 ?
3203 1898 3272 1952 At
3311 1915 3419 1954 non
3454 1899 3593 1954 dixit
3621 1903 3754 1956 sim-

2169 1980 2386 2050 pliciter
2414 1985 2784 2053 sacriﬁcium;
2814 1989 2911 2044 sed
2965 1991 3197 2055 addidit,
3221 1992 3473 2062 justitice.
3521 1993 3763 2060 Quando

2169 2075 2541 2141 acceptaveris
2577 2075 2736 2142 Sion,
2779 2085 2834 2133 et
2861 2081 3110 2136 aediﬁcati
3167 2082 3370 2138 fuerint
3419 2089 3560 2140 muri
3588 2085 3748 2139 Jeru-

2170 2163 2363 2230 salem,
2399 2166 2508 2220 tale
2539 2167 2637 2222 tibi
2668 2169 2926 2226 oll‘eretur
2959 2175 3314 2234 sam-ilicium.
3345 2177 3592 2247 Namque
3618 2181 3750 2235 reli-

2167 2251 2382 2322 giosum
2421 2255 2751 2324 institutum,
2783 2261 3082 2330 imaginem~
3109 2281 3240 2320 sane
3281 2267 3480 2322 referat
3511 2271 3754 2326 caeli-stis

2167 2335 2282 2399 Dei'
2317 2347 2596 2418 civitatis;
2643 2366 2816 2421 quare
2847 2351 3092 2410 Ecclesia
3135 2355 3230 2412 Dei
3285 2359 3476 2414 eodem
3528 2363 3760 2416 nomine

2167 2433 2426 2500 donatur,
2479 2440 2639 2509 cujus
2700 2456 2890 2496 muros
2942 2445 3076 2498 dicit
3129 2461 3252 2502 esse
3297 2451 3519 2518 angelos
3573 2454 3746 2520 ipsam

2166 2525 2664 2594 circumsistentes,
2714 2532 2830 2588 sive
2887 2549 3078 2590 sacros
3133 2538 3257 2594 illos
3316 2552 3754 2612 propugnatores

2164 2619 2303 2687 ejus.
2347 2622 2710 2692 Symmachus
2743 2636 2922 2680 autem
2963 2629 3126 2696 dixit,
3149 2631 3402 2699 accipies,
3425 2634 3546 2688 loco
3577 2636 3753 2699 illius,

2165 2713 2482 2782 acceptabis.
2518 2717 2860 2772 Oblationem
2891 2737 3023 2776 vero
3053 2731 3105 2776 et
3151 2723 3494 2784 holocausta.
3517 2727 3748 2795 justitiw

2166 2802 2377 2857 scilicet
2447 2807 2726 2875 suppleas,
2789 2817 2951 2879 atque
3009 2812 3234 2882 insuper
3283 2815 3501 2872 vitulos.
3552 2817 3756 2874 Omnia

2164 2894 2365 2964 quippe
2390 2911 2512 2965 qua:
2549 2901 3208 2971 persolvunuir,justitice
3238 2915 3386 2971 sunt,
3411 2924 3509 2977 pro
3535 2911 3748 2968 ratione

2163 2985 2580 3042 incruentorum
2613 2997 2666 3044 et
2683 2993 3053 3060 spiritualium
3081 2997 3506 3060 sacriﬁciorum,
3539 3015 3659 3071 qua:
3691 3003 3755 3056 in-

2162 3077 2406 3134 Ecclesia
2436 3079 2531 3135 Dei
2562 3097 2660 3151 per
2708 3085 3026 3138 universum
3072 3087 3260 3142 orbem
3311 3089 3632 3146 offeruntur.
3687 3092 3746 3147 ln

2164 3172 2274 3226 alio
2309 3187 2529 3242 quoque
2561 3177 2824 3244 prepheta
2856 3179 2924 3231 ad
2956 3176 3174 3235 .ludaios
3207 3181 3416 3236 dictum
3451 3193 3534 3238 est
3563 3205 3576 3240 :
3621 3184 3746 3240 Non

2159 3271 2238 3317 est
2266 3263 2512 3320 voluntas
2538 3283 2654 3320 mea
2680 3268 2733 3320 in
2761 3267 2924 3336 vobis,
2947 3270 3078 3324 dicit
3109 3271 3370 3328 Dominus
3395 3277 3742 3344 omnipotens,

2159 3366 2208 3412 et
2249 3357 2454 3413 hostias
2485 3377 2590 3414 non
2634 3363 2894 3432 accipiam
2945 3364 3010 3418 de
3055 3383 3215 3420 manu
3257 3378 3452 3424 vestra.
3496 3369 3575 3422 Ab
3624 3381 3752 3424 ortu

2158 3450 2298 3502 enim
2337 3450 2466 3505 solis
2497 3469 2661 3524 usque
2692 3457 2763 3506 ad
2791 3471 3038 3508 occasum
3070 3457 3426 3526 gloriﬁcatum
3449 3469 3528 3514 est
3559 3477 3748 3515 nomen

2161 3561 2332 3598 meum
2356 3546 2411 3599 in
2445 3546 2726 3616 gentibus:
2760 3556 2811 3602 et
2847 3549 2903 3602 in
2937 3551 3078 3602 omni
3119 3551 3232 3604 loco
3267 3551 3558 3622 thymiama
3586 3556 3751 3624 o/fer-

2160 3645 2248 3690 tur
2276 3639 2478 3692 nomint
2515 3655 2650 3704 meo,
2682 3648 2734 3694 et
2782 3643 3109 3711 sacri/icium
3160 3643 3414 3698 mundum
3439 3646 3502 3698 ⁸⁸.
3557 3645 3750 3716 ipsum

2159 3745 2308 3784 nunc
2337 3729 2539 3785 dicitur
2569 3734 2898 3802 sacriﬁcium
2919 3735 3153 3804 justitiw
3179 3750 3196 3788 :
3228 3747 3312 3791 est
3346 3738 3510 3792 etiam
3541 3739 3740 3804 laudis,

2161 3831 2220 3876 ut
2249 3837 2414 3894 supra
2447 3823 2666 3880 dicebat
2693 3845 2706 3880 :
2733 3824 2966 3880 Immola
2995 3826 3106 3882 Deo
3135 3829 3458 3897 sacriﬁcium
3493 3830 3746 3888 laudis“.

2299 4045 2349 4098 1.
2395 4041 2460 4096 ΙΝ
2503 4041 2746 4109 FINEM,
2783 4044 3271 4103 INTELLECTUS
3301 4047 3512 4102 DAVID
3539 4049 3624 4104 LI.

2159 4135 2214 4190 2.
2267 4135 2399 4190 Cum
2433 4137 2568 4190 venit
2597 4135 2739 4192 Doec
2775 4135 3072 4200 Idumwus,
3095 4149 3144 4193 et
3178 4142 3439 4195 nuntiavit
3470 4141 3626 4198 Sauli
3678 4161 3751 4200 αε-
3789 4159 3792 4161 ‘

2229 4205 2366 4259 dixit
2395 4209 2478 4261 ei:
2519 4207 2670 4262 Venit
2695 4208 2868 4262 David
2899 4211 2954 4264 in
2979 4211 3194 4264 domum
3237 4213 3586 4268 Achimelech.

2231 4362 2483 4420 Psalmus
2525 4365 2841 4437 trigesimus
2891 4367 3088 4421 tertius
3113 4381 3144 4420 a
3187 4366 3389 4424 Davide
3418 4383 3748 4440 pronuntia-

468 4465 688 4518 λοίωσε
727 4463 794 4517 τὸ
833 4464 1158 4532 πρόσωπον
1189 4463 1376 4518 αὐτοῦ
1415 4464 1694 4518 ἐναντίον
1736 4463 2052 4534 Ἀθιμέλεχ,

2163 4461 2249 4508 tus
2274 4463 2378 4520 est,
2411 4455 2624 4524 quando
2665 4456 2965 4510 immutavit
2987 4456 3188 4510 vultum
3221 4474 3376 4512 suum
3417 4476 3596 4514 coram
3618 4463 3748 4516 Abi-

470 4557 571 4610 καὶ
629 4557 944 4612 ἀπέλυσεν
1003 4557 1223 4620 αὐτὸν,
1268 4559 1366 4613 καὶ
1426 4558 1722 4627 ἀπῆλθεν.
1760 4552 1930 4622 Οὗτος
1992 4558 2048 4611 δὲ

468 4649 662 4720 ἐκείνῳ
697 4648 986 4710 ἀκόλουθος
1027 4647 1092 4700 ἂν
1129 4648 1216 4718 εἱή
1251 4650 1392 4702 κατὰ
1436 4651 1535 4721 τὴν
1581 4653 1839 4722 ἱστορίαν.
1885 4650 2048 4718 Λέγει

467 4743 576 4812 γὰρ
601 4743 632 4812 ή
659 4742 847 4814 Γραφὴ
888 4741 996 4793 τῶν
1037 4741 1352 4806 Βασιλειῶν,
1395 4743 1504 4796 Καὶ
1551 4743 1680 4796 ἐκεῖ
1709 4739 1788 4813 ἦν
1827 4743 1898 4797 ἓν
1933 4743 2052 4798 τῶν

467 4831 792 4898 παιδαρίων
821 4835 924 4884 τοὺ
956 4831 1175 4895 Σαοὺλ,
1209 4832 1279 4884 ἐν
1311 4831 1384 4899 τῇ
1417 4832 1604 4900 ἡμέρᾳ
1635 4833 1856 4902 ἐκείνῃ.
1897 4834 2048 4886 Ἐπι-

469 4921 788 4990 σημαίνεται
825 4921 880 4973 δὲ
925 4923 1016 4973 τὸν
1055 4922 1242 4992 καιρὸν
1295 4925 1352 4977 έν
1468 4919 1599 4993 ἦλθε
1643 4921 1806 4975 Δαυῒδ
1843 4925 1922 4986 είς
1959 4923 2048 4976 τὸν

467 5009 614 5066 οἷκον
637 5012 729 5065 τοῦ
773 5013 1079 5083 Ἀϐιμέλεχ,
1113 5015 1205 5067 καὶ
1233 5016 1357 5078 τοὺς
1383 5013 1581 5085 ἄρτους
1609 5014 1709 5084 τῆς
1741 5015 2048 5085 προθέσεως

467 5105 638 5174 ἔφαγε
669 5104 848 5158 λαϐὼν
893 5106 1044 5176 παρὰ
1089 5106 1183 5158 τοῦ
1227 5107 1546 5178 ἀρχιερέως.
1599 5108 1730 5160 Κατ’
1769 5107 1901 5162 αὐτὸ
1941 5108 2050 5178 γὰρ

467 5203 644 5254 ἐκεῖνο
679 5201 772 5254 τοῦ
817 5199 1006 5271 καιροῦ
1047 5199 1258 5267 φθάσας
1303 5201 1460 5271 Δωὴκ
1496 5203 1525 5253 6
1564 5199 1754 5271 Σύρος,
1796 5202 1824 5252 ὁ
1869 5202 2049 5272 νέμων

468 5291 566 5354 τὰς
597 5293 854 5362 ἡμιόνους
897 5293 1088 5356 Σαοὺλ,
1131 5293 1226 5344 καὶ
1271 5291 1437 5344 ἐλθὼν
1473 5291 1607 5362 πρὸς
1656 5293 1826 5346 Σαοὺλ
1863 5287 2044 5346 εἶπεν·

480 5384 736 5455 Ἑώρακα
761 5387 870 5440 τὸν
899 5387 1034 5440 υἱὸν
1066 5387 1280 5440 Ἰεσσαὶ
1317 5387 1799 5456 παραγενόμενον
1828 5389 1913 5454 εἰς
1939 5390 2051 5442 Νο-

467 5477 580 5531 σὰν
616 5477 765 5545 πρὸς
810 5461 1102 5548 Ἀϐιμέλεχ
1136 5479 1241 5531 τὸν
1268 5479 1403 5532 υἱὸν
1446 5478 1681 5546 Ἀχιτὼϐ
1723 5479 1829 5532 τὸν
1867 5482 2044 5550 ἱερέα,

467 5570 566 5623 καὶ
610 5570 840 5636 πάντας
881 5570 1022 5640 τοὺς
1057 5570 1226 5636 υἱοὺς
1281 5570 1387 5624 τοῦ
1424 5569 1647 5637 πατρὸς
1689 5570 1901 5625 αὑτοῦ·
1949 5576 2046 5628 καὶ

537 5709 586 5740 ⁸⁸
625 5706 853 5762 Malach.
889 5723 938 5772 ι,
974 5707 1060 5772 10,
1087 5707 1170 5761 Η.
1248 5707 1291 5738 ⁵⁷
1331 5706 1479 5764 Psal.
1515 5723 1679 5775 xux,
1717 5709 1804 5764 M.

2159 4546 2376 4611 nielech,
2409 4555 2458 4599 et
2481 4545 2686 4600 dimisit
2723 4563 2862 4614 eum,
2893 4558 2944 4600 et
2974 4547 3104 4601 abiit
3125 4549 3194 4602 ⁵⁸.
3255 4547 3355 4603 Hic
3385 4566 3516 4605 vero
3547 4567 3744 4607 secun-

2158 4641 2288 4712 dum
2321 4639 2614 4693 historiam
2663 4639 2818 4694 illum
2862 4639 3239 4710 subsequitur.
3273 4640 3366 4694 Ait
3409 4643 3556 4696 enim
3602 4645 3744 4697 scri—

2157 4742 2316 4804 ptura
2359 4731 2712 4804 Regnorum:
2745 4732 2819 4786 Et
2869 4733 2944 4786 ibi
2980 4743 3093 4787 erat
3128 4751 3264 4787 unus
3305 4749 3370 4787 ex
3398 4737 3575 4803 pueris
3604 4735 3740 4792 Saul

2157 4827 2214 4879 in
2273 4825 2358 4878 die
2420 4824 2604 4879 illa”.
2671 4823 3064 4894 Significatque
3123 4839 3234 4894 quo
3299 4833 3543 4896 tempore
3589 4830 3738 4883 venit

2157 4918 2330 4972 David
2360 4919 2414 4971 in
2447 4919 2669 4972 domum
2694 4917 3036 4980 Abimelech,
3067 4924 3122 4971 ει
3143 4925 3400 4987 acceptos
3423 4935 3454 4972 a
3487 4921 3744 4990 principe

2158 5011 2502 5068 sacerdotum
2545 5024 2718 5079 panes
2752 5009 3148 5079 propositionis
3173 5011 3428 5076 co;i:e,dit.
3477 5011 3554 5066 Eo
3588 5015 3740 5068 enim

2159 5105 2282 5175 ipso
2309 5111 2562 5172 tempore
2603 5100 2884 5171 profectus
2917 5098 3061 5154 Doec
3106 5101 3300 5173 Syrus,
3334 5105 3424 5172 qui
3473 5106 3736 5174 pascebat

2157 5197 2335 5252 mulas
2362 5195 2561 5261 Saulis,
2589 5194 2767 5264 ipsum
2799 5191 3018 5248 Saulem
3051 5194 3187 5248 adiit
3211 5210 3274 5250 ac
3301 5195 3437 5251 dixit
3467 5197 3516 5252 ei
3545 5216 3558 5252 :
3613 5197 3734 5252 Vidi

2158 5291 2330 5361 ﬁlium
2381 5287 2548 5342 Jesscc
2599 5285 2958 5340 advenientem
3029 5285 3243 5341 Nobam
3305 5289 3375 5342 ad
3411 5289 3732 5355 Abimelech,

2157 5381 2329 5452 ﬁlium
2370 5377 2591 5432 Achitob
2631 5374 2981 5439 sacerdotem,
3045 5385 3094 5429 et
3151 5393 3330 5432 omnes
3377 5380 3517 5449 ﬁlios
3559 5383 3736 5450 patris

2156 5475 2291 5543 ejus:
2325 5473 2412 5541 qui
2443 5469 2710 5524 consuluit
2740 5483 2837 5536 pro
2865 5484 2923 5521 eo
2955 5467 3266 5536 Dominum,
3290 5481 3336 5525 et
3360 5473 3564 5528 cibaria
3588 5474 3733 5529 dedit

2155 5572 2224 5626 οἱ.
2263 5566 2332 5620 Ει
2362 5564 2506 5618 misit
2537 5578 2630 5617 rex
2669 5567 2912 5615 vocatum
2955 5560 3258 5616 Abimelech
3301 5567 3647 5634 sacerdotem,
3683 5577 3736 5622 et

1889 5710 1934 5741 ⁸⁸
1965 5709 1984 5762 Ι
2015 5710 2148 5782 Reg.
2183 5724 2301 5771 xxi,
2337 5705 2486 5759 ’ῖς-15.
2565 5701 2610 5732 ⁵³
2652 5699 2786 5754 ibid.
2823 5699 2871 5754 7.

541 5825 618 5892 ll)
651 5823 750 5883 llic
783 5825 977 5894 incipit
1019 5823 1188 5882 codex
1218 5823 1654 5890 Eminentissimi
1682 5826 1835 5886 card.
1871 5824 1938 5882 de
1972 5824 2205 5885 Coisliu.
2235 5823 2300 5882 dc
2336 5837 2444 5897 quo
2477 5820 2726 5893 pluribus
2763 5818 2818 5876 in
2848 5818 3188 5892 praefatione.
