4138 6386
418 376 539 433 "5

1123 370 1396 431 EL'SEBll
1431 371 1912 432 CAESARIENSIS
1946 371 2101 430 OPP.
2138 370 2325 429 PARS
2361 370 2452 428 Ill.
2498 401 2569 414 -—-
2606 370 3021 439 EXEGETICA.

3586 375 3694 435 MAI

420 506 602 546 omnes
627 492 769 561 ﬁlios
790 490 960 561 patris
984 488 1101 560 ejus
1133 489 1433 545 sacerdotes
1466 491 1522 545 in
1554 489 1733 554 Noba,
1760 491 1851 562 qui
1878 490 1995 544 uni-

2101 487 2295 559 ὴρὼτα
2327 487 2489 555 αὑτῷ
2520 488 2619 543 διὰ
2654 489 2762 544 τοῦ
2793 489 2963 554 Θεοῦ,
2992 488 3093 544 καὶ
3134 488 3521 561 ἐπισιτισμὸν
3545 490 3694 545 ἐδω-

418 583 559 638 versi
593 592 838 637 venerunt
866 580 936 635 ad
952 598 1123 653 regem
1146 585 1215 640 °°.
1250 581 1534 652 Tuncque,
1564 582 1789 651 jubente
1812 580 1996 647 Saule,

422 674 544 745 ipse
588 673 735 729 Doec
781 674 989 729 occidit
1028 673 1348 730 sacerdotes
1386 673 1606 729 Domini
1653 682 1907 727 trecentos
1949 680 2001 726 et

426 769 653 837 quinque
682 767 820 821 uiros
862 766 1089 835 ferentes
1130 764 1317 833 ephod,
1374 774 1425 819 et
1477 763 1691 818 Nobam
1737 764 2000 818 civitatem

423 857 759 913 sacerdotum
806 859 1073 927 percussit
1116 859 1172 911 in
1200 873 1291 911 ore
1319 856 1489 928 gladii
1516 874 1548 910 a
1579 857 1691 911 viro
1721 871 1886 926 usque
1930 854 2000 908 ad

424 951 719 1014 mulierem,
752 968 785 1005 a
819 966 982 1019 puero
1026 966 1193 1020 usque
1232 949 1302 1003 ad
1343 950 1651 1012 laetantem,
1696 957 1746 1002 et
1779 947 1999 1001 vitulum

422 1050 474 1097 et
499 1041 708 1095 asinum
735 1051 784 1096 et
813 1042 1048 1097 ovem“.
1097 1041 1223 1096 Haec
1264 1057 1389 1095 cum
1426 1041 1669 1096 audisset
1703 1038 1871 1093 David
1905 1038 1997 1091 tali

423 1134 586 1188 modo
608 1142 759 1203 gesta
788 1150 929 1196 esse,
965 1135 1066 1189 hos
1101 1133 1312 1205 profert
1356 1149 1660 1198 sermones,
1690 1134 1782 1203 qui
1821 1146 1998 1200 neque

422 1227 722 1286 canticum,
771 1241 949 1296 neque
993 1226 1250 1297 hymnus,
1300 1241 1477 1295 neque
1525 1226 1657 1295 quid
1691 1224 1872 1280 simile
1914 1225 2000 1279 in-

423 1319 761 1373 scribuntur.
827 1318 929 1384 Qui
974 1319 1118 1374 enim
1175 1318 1375 1389 potuit,
1429 1319 1484 1372 in
1533 1325 1614 1372 tot
1651 1300 2000 1373 sacerdotum

422 1412 759 1475 calamitate,
803 1413 1021 1465 cantica
1070 1417 1166 1465 aut
1211 1412 1455 1483 psalmos
1502 1426 1602 1482 pro
1644 1411 1714 1467 iis
1756 1409 2003 1465 canere?

422 1500 604 1566 Quare
624 1503 807 1557 nullus
832 1502 1145 1572 hujusmodi
1181 1503 1375 1557 titulus
1399 1502 1717 1573 praemissus
1747 1508 1865 1566 est,
1905 1500 2000 1555 sed

422 1592 600 1646 solum
634 1593 687 1645 in
714 1594 873 1661 ﬁnem
898 1593 1199 1656 dicituraet
1221 1594 1542 1655 intellectus,
1572 1594 1700 1662 quia
1738 1608 1861 1661 quae
1890 1592 2000 1647 sub

424 1683 587 1739 linem
618 1685 890 1739 habentur
934 1686 1076 1740 bona
1122 1687 1461 1747 renuntiant,
1492 1686 1578 1739 ubi
1619 1685 1848 1743 dicitur:
1887 1682 1998 1758 Ego

425 1786 600 1831 autem
631 1778 768 1831 sicut
825 1778 963 1833 oliva
1006 1778 1309 1848 fructifera,
1341 1787 1397 1833 et
1447 1786 1665 1833 caetera.
1712 1776 1998 1831 Intellecta

2100 601 2208 638 κεν
2233 583 2526 650 αὐτῷ.Καῑ
2553 582 2910 637 ἀπέστειλεν
2932 586 2964 637 ό
2984 581 3284 648 ,ϐασιλεὺς
3308 581 3560 637 καλέσαι
3587 582 3695 637 τόν

2113 673 2409 743 Ἀϐιμέλεχ
2437 673 2546 726 τὸν
2583 673 2760 740 ἱερέα,
2807 672 2907 726 καὶ
2953 672 3185 738 πάντας
3214 672 3355 739 τοὺς
3384 673 3555 739 υἱοὺς
3587 673 3694 729 τοῦ

2100 762 2325 831 πατρὸς
2374 762 2562 817 αὐτοῦ
2619 762 2762 827 τοὺς
2808 760 2985 829 ἱερεῖς
3036 763 3404 830 τοῦ.Κιφίου
3444 762 3586 829 τοὺς
3624 764 3696 819 ἐν

2100 857 2329 920 Νοσὰν,
2359 854 2456 908 καὶ
2497 853 2896 924 παρεγένοντο
2929 852 3150 919 πάντες
3196 853 3345 931 ⁸πρὸς
3377 854 3485 908 τὸν
3508 855 3693 918 ,Βασι-

2099 946 2230 1001 .léa'
2267 946 2397 1001 Ὅτε
2417 944 2773 1008 κελεύσαντος
2818 942 2910 998 τοῦ
2951 944 3155 1012 Σαοὺλ,
3204 944 3367 1009 αὐτὸς
3412 946 3616 1010 ἐκεῖνος
3663 948 3694 1000 ὁ

2100 1040 2257 1112 Δωὴκ
2278 1081 2294 1105 ,
2337 1039 2643 1094 ἐθανάτωσε
2691 1039 2819 1103 τοὺς
2868 1039 3033 1111 ἱερεῖς
3069 1037 3163 1092 τοῦ
3199 1037 3406 1110 Κυρίου
3436 1045 3483 1092 τ’
3519 1039 3618 1093 καὶ
3649 1057 3680 1093 ε

2099 1131 2323 1201 ἄνδρας
2370 1132 2667 1201 φέροντας
2715 1130 2924 1200 ἐφοὺδ,
2975 1131 3075 1185 καὶ
3116 1129 3233 1199 τὴν
3263 1130 3463 1186 Νοόὰν
3511 1133 3694 1186 πόλιν

2100 1223 2221 1277 τῶν
2263 1223 2465 1293 ἱερέων
2491 1222 2790 1288 ἐπάταξεν
2830 1224 2903 1278 ὲν
2949 1225 3200 1294 στόματι
3232 1225 3533 1294 ῥομφαίας
3567 1224 3689 1279 ἀπὸ

2100 1314 2320 1383 ἀνδρὸς
2357 1315 2468 1382 ἓως
2508 1316 2814 1386 γυναικὸς,
2844 1316 2961 1371 ἀπύ
2998 1317 3220 1383 νηπίου
3251 1316 3365 1382 ἕως
3403 1314 3689 1385 θηλάζον-

2101 1424 2223 1474 τος,
2250 1407 2348 1461 καὶ
2370 1409 2607 1478 μόσχου
2634 1409 2732 1462 καὶ
2760 1408 2906 1462 ὄνου
2930 1408 3028 1462 καὶ
3053 1406 3373 1476 προϐάτου.
3404 1408 3567 1461 Ταῦτ’
3594 1403 3688 1462 οὖν

2105 1498 2290 1571 μαθὼν
2330 1499 2492 1554 Δαυϊδ
2532 1500 2719 1554 τοῦτον
2766 1501 3137 1572 πεπραγμένα
3188 1500 3281 1553 τὸν
3317 1500 3536 1571 τρόπον,
3562 1501 3689 1566 τοὺς

2102 1592 2497 1663 προκειμένους
2543 1592 2910 1665 προσφέρεται
2958 1593 3168 1665 λόγους,
3193 1591 3316 1645 οὔτε
3357 1592 3501 1664 ᾠδὴν
3533 1609 3689 1665 περιξ-

2102 1680 2347 1752 έχοντας,
2380 1682 2503 1736 οὔτε
2538 1664 2725 1754 ὕμνον,
2768 1681 2892 1736 οὔτε
2935 1664 3063 1735 ἄλλο
3104 1681 3363 1736 τοιοῦτον.
3413 1682 3538 1748 Πῶς
3579 1664 3690 1753 γὰρ

2102 1776 2198 1829 καὶ
2236 1770 2345 1828 οἷόν
2384 1792 2443 1828 τε
2476 1770 2543 1846 ἦν
2576 1775 2669 1829 ἐπὶ
2707 1776 2964 1847 συμφορᾷ
3000 1774 3269 1829 τοσούτων
3302 1774 3515 1847 ἱερέων,
3545 1775 3690 1847 ᾠδὰς

423 1876 606 1923 autem
640 1884 704 1923 ex
738 1869 848 1923 Deo
877 1879 998 1941 eget
1020 1870 1372 1940 prmsentium
1416 1883 1732 1924 sermonum
1778 1875 1995 1927 senten-

2101 1868 2281 1921 αὐτῶν
2320 1869 2414 1921 καὶ
2449 1868 2697 1939 ψαλμοὺς
2738 1868 2917 1940 ᾅδειν;
2962 1867 3043 1920 διὸ
3091 1867 3246 1921 οὐδὲν
3284 1867 3525 1922 τοιοῦτον
3571 1869 3691 1921 ἐπι-

422 1958 518 2012 tia.
573 1957 710 2012 Cum
743 1960 926 2028 itaque
949 1960 1090 2030 apud
1126 1958 1443 2013 Abimelech
1475 1958 1869 2013 sacerdotalem
1899 1973 1999 2029 gu-

424 2050 591 2103 stavit
634 2050 838 2113 cibum,
896 2058 1106 2104 mutato
1133 2058 1299 2113 gustu
1352 2065 1475 2113 suo,
1513 2053 1629 2105 sive
1676 2066 1829 2106 more
1874 2066 1999 2116 suo,

425 2142 723 2196 secundum
778 2142 1116 2212 reliquorum
1187 2143 1719 2212 interpretationem,
1780 2143 2004 2198 benedi-

423 2233 635 2287 ctiones
664 2241 719 2288 et
750 2236 1050 2303 gratiarum
1100 2235 1345 2289 actiones
1392 2231 1507 2287 Deo
1552 2234 1736 2289 emisit
1773 2234 1999 2290 dicens:

425 2323 743 2379 Benedicam
770 2324 1057 2379 Dominum
1103 2327 1158 2379 in
1191 2326 1335 2381 omni
1363 2336 1612 2398 tempore,
1649 2340 1853 2395 semper
1883 2328 2001 2382 laus

433 2416 550 2485 ejus
578 2417 634 2469 in
663 2433 753 2471 ore
798 2434 935 2483 meo,
959 2425 1012 2472 et
1039 2428 1235 2472 caetera
1260 2418 1326 2473 θ’.
1358 2416 1515 2473 Nunc
1548 2428 1753 2482 autem,
1783 2419 2003 2488 cognito

426 2508 842 2564 calumniatoris
889 2509 1031 2563 Doec
1081 2508 1344 2573 facinore,
1394 2526 1503 2581 quo
1553 2518 1713 2581 pacto
1770 2511 2000 2576 scilicet,

422 2596 701 2654 diabolico
744 2616 878 2655 usus
914 2602 1139 2665 scelere,
1181 2608 1261 2656 tot
1303 2602 1619 2657 sacerdotes
1665 2601 1999 2670 occidisset;

422 2699 720 2760 praesentes
765 2709 1045 2748 sermones
1080 2695 1147 2749 ad
1183 2694 1360 2763 ipsum
1390 2692 1575 2765 dirigit
1603 2695 1833 2750 dicens:

2097 1962 2437 2033 γέγραπται·
2470 1962 2630 2032 μόνον
2659 1961 2716 2015 δὲ
2749 1964 2838 2028 εὶς
2860 1961 2928 2015 τὸ
2956 1962 3132 2026 τέλος
3156 1960 3372 2032 εἴρηται
3415 1961 3509 2013 καὶ
3534 1977 3686 2013 συν-

2099 2055 2311 2121 έσεως·
2342 2054 2529 2127 ἐπειδὴ
2558 2054 2627 2109 τά
2650 2055 2932 2108 τελευταῖα
2956 2052 3065 2106 τῶν
3087 2052 3261 2122 λόγων
3294 2052 3516 2122 ἀγαθῶν
3540 2054 3691 2106 ἐστιν

2103 2147 2480 2216 ἀπαγγελτικά
2534 2149 2592 2202 ἐν
2639 2143 2721 2212 οἷς
2779 2165 2944 2219 φησιν
2965 2164 2978 2178 ’
3026 2146 3169 2217 Ἐγὼ
3214 2145 3284 2200 δὲ
3326 2146 3470 2201 ὡσεὶ
3516 2146 3692 2200 ἐλαία

2107 2238 2511 2308 κατάκαρπος,
2543 2242 2637 2295 καὶ⁸
2660 2241 2728 2295 τὰ
2761 2241 2909 2311 ἐξῆς.
2944 2239 3057 2294 Καὶ
3101 2238 3369 2303 συνέσεως
3400 2237 3459 2291 δὲ
3493 2239 3596 2309 τῆς
3626 2239 3696 2291 ἐκ

2108 2328 2443 2408 Θεούμδεῖται
2479 2331 2512 2400 ἡ
2545 2330 2653 2384 τῶν
2684 2329 3072 2402 ἐμφερομένων
3098 2328 3269 2398 λόγων
3295 2327 3520 2382 διάνοια.
3563 2328 3693 2381 Ὅτε

2112 2403 2334 2494 μὲνοῦν
2363 2423 2513 2493 παρά
2556 2422 2632 2494 τῷ
2666 2423 2951 2494 Ἀὅιμέλεχ
2997 2423 3305 2493 γενόμενος,
3350 2421 3451 2493 τῆς
3493 2423 3694 2491 ἱερατι-

2104 2511 2208 2582 κῆς
2235 2511 2577 2581 ἀπεγεύσατο
2609 2514 2833 2584 τροφῆς,
2868 2512 3167 2575 ἀλλοιώσας
3188 2512 3287 2584 τὴν
3311 2511 3498 2580 γεῦσιν
3525 2508 3691 2563 αὑτοῦ

2103 2605 2136 2676 ἢ
2172 2605 2263 2658 τὸν
2290 2606 2487 2677 τρόπον
2519 2604 2684 2659 αὑτοῦ
2707 2604 2848 2659 κατά
2878 2604 2975 2675 τὴν
3004 2603 3112 2657 τῶν
3137 2603 3337 2657 λοιπῶν
3372 2602 3689 2674 ἑρμηνείαν⁸

2102 2696 2352 2767 εὐλογίας
2380 2698 2472 2751 καὶ
2495 2697 2849 2769 εὐχαριστίας
2882 2696 3193 2767 ἀνέπεμπεν
3224 2694 3303 2765 τῷ
3332 2695 3450 2766 Θεῷ
3483 2694 3690 2763 λέγων*

420 2785 754 2856 Εὐλογήσω
771 2784 875 2838 τὸν
905 2787 1124 2852 Κύριον
1145 2785 1216 2838 ἐν
1239 2785 1416 2838 παντὶ
1433 2786 1637 2855 καιρῷ,
1663 2787 1988 2858 διαπαντὸς
2008 2791 2045 2859 ἡ
2065 2792 2300 2858 αῖνεσις
2318 2789 2505 2845 αὐτοῦ
2531 2789 2694 2856 ὲντῷ
2719 2789 2970 2859 στόματι
2992 2807 3132 2858 μου,
3166 2788 3261 2842 καὶ
3288 2786 3358 2841 τὰ
3376 2787 3521 2858 ἑξῆς.
3556 2787 3693 2840 Νυνὶ

418 2878 499 2943 δὲ,
537 2880 625 2932 ὅτε
658 2876 751 2931 τοῦ
788 2876 1036 2930 διαϐόλου
1077 2877 1236 2948 Δωὴκ
1266 2878 1364 2950 τὴν
1412 2878 1609 2949 πρᾶξιν
1654 2879 1826 2950 ἔγνω,
1868 2885 1961 2937 καὶ
2003 2885 2078 2948 ὡς
2114 2884 2399 2949 τοσούτους
2443 2883 2652 2939 ἀνεῖλεν
2700 2884 2902 2954 ἱερεῖς,
2927 2882 3073 2954 ἔργῳ
3104 2880 3387 2952 διαϐολικῷ
3414 2882 3693 2952 χρησάμε-

419 2986 544 3034 νος,
592 2970 669 3033 ὡς
719 2967 856 3041 πρὸς
907 2968 1067 3021 αὐτὸν
1115 2969 1398 3023 συντάττει
1439 2971 1567 3035 τοὺς
1614 2974 2008 3045 προκειμένους
2043 2977 2234 3047 λόγους
2257 2979 2509 3048 φάσκων’

493 3077 663 3137 Vt-zns.
705 3083 760 3137 5.
798 3079 938 3148 Quid
960 3080 1209 3152 gloriaris
1236 3083 1291 3136 in
1314 3083 1547 3150 malitia,
1573 3086 1664 3156 qui
1691 3096 1872 3157 potens
1899 3090 1995 3144 es?

2178 3092 2240 3145 Τί
2301 3087 2571 3159 ὲτκαυχᾷ
2624 3090 2695 3143 ἐν
2750 3088 2948 3157 κακίᾳ,
3008 3091 3042 3142 ό
3093 3088 3384 3154 δυνατός;
3436 3087 3695 3157 ἀνομίαν

421 3175 755 3246 iniquitatem
806 3182 915 3227 tota
967 3173 1053 3228 die
1086 3183 1135 3227 et
1166 3173 1481 3243 injustitiam
1502 3177 1756 3247 cogitavit
1810 3178 1992 3249 lingua

2101 3183 2252 3250 ὅλην
2301 3181 2416 3251 τὴν
2459 3180 2725 3250 ἡμέραν,
2800 3178 2900 3232 καὶ
2962 3178 3204 3233 ἀδικίαν
3274 3178 3594 3248 ἐλογίσατο
3642 3179 3680 3247 ἠ

421 3277 536 3322 tua.
579 3266 645 3319 Et
693 3266 807 3319 haec
841 3266 1059 3336 quidem
1101 3266 1274 3321 multo
1303 3276 1430 3323 ante
1457 3269 1603 3323 dicta
1644 3278 1793 3333 sunt,
1829 3287 1994 3342 quam

422 3356 653 3413 historia
698 3356 1143 3426 quinquagesimi
1193 3357 1386 3427 psalmi
1440 3359 1801 3432 contingeret.
1858 3360 1991 3415 Nam

420 3451 603 3506 adhuc
658 3451 952 3522 superstite
997 3449 1161 3515 Saule
1205 3461 1259 3506 et
1310 3452 1464 3523 prius
1495 3468 1659 3523 quam
1706 3452 1876 3508 David
1912 3471 1995 3511 re-

418 3548 632 3612 gnaret,
670 3548 723 3595 et
750 3555 836 3595 res
866 3548 1039 3611 gesta.
1074 3547 1127 3595 et
1152 3540 1397 3610 psalmus
1433 3541 1614 3597 dictus
1646 3550 1750 3598 est.
1780 3542 1857 3598 Ac
1881 3543 1997 3599 diu-

423 3634 603 3689 turnis
650 3644 839 3704 postea
897 3633 1262 3702 temporibus,
1323 3641 1450 3703 post
1505 3631 1687 3690 Saulis
1759 3634 1992 3702 obitum,

419 3726 824 3796 postremisque
876 3725 1028 3795 regni
1080 3726 1167 3780 sui
1222 3726 1403 3788 annis,
1472 3727 1881 3783 confessionem
1938 3727 1993 3781 in

420 3816 878 3889 quinquagesimo
928 3816 1143 3885 psalmo
1175 3831 1493 3887 expressam
1544 3816 1715 3873 David
1743 3819 1992 3890 protulit,

420 3922 584 3978 quam
638 3918 817 3961 tamen
864 3908 993 3961 huic
1042 3908 1255 3977 psalmo
1289 3909 1572 3979 praemisit,
1605 3919 1828 3981 propter
1874 3912 1996 3981 ejus

418 4014 546 4053 cum
578 3997 1001 4069 quadragesimo
1047 4014 1194 4052 nono
1247 4001 1461 4069 psalmo
1518 4001 1863 4067 aliinitatem,
1915 4003 1995 4057 uti

414 4091 531 4162 jam
579 4098 1073 4145 commonstratum
1125 4098 1229 4145 est.
1295 4090 1498 4146 Psalmi
1558 4108 1688 4148 vero
1746 4108 1860 4147 au
1927 4092 1995 4146 ad

420 4198 550 4246 ιιι,
586 4182 783 4253 viginti
834 4198 1087 4247 numero,
1157 4182 1379 4239 Davidis
1449 4185 1737 4257 inscripti,‘
1778 4186 1846 4240 ab
1887 4187 1995 4241 alio

422 4273 695 4345 principio
740 4282 1121 4344 argumentum
1155 4277 1389 4330 mutuati
1433 4286 1596 4342 sunt,
1633 4279 1994 4351 videnturque

422 4365 640 4421 vivente
669 4365 849 4419 adhuc
884 4363 1050 4421 Saule
1084 4368 1424 4436 pronuntiati
1472 4368 1664 4436 fuisse,
1700 4379 1991 4442 antequam

421 4456 594 4535 David
632 4467 905 4529 regnaret.
990 4457 1125 4511 Nam
1176 4461 1244 4522 is,
1291 4476 1452 4530 quem
1501 4462 1614 4531 jam
1670 4470 1990 4526 tractamus.

2102 3272 2352 3343 γλῶσσά
2394 3287 2530 3326 σου.
2580 3273 2691 3326 Καὶ
2729 3270 2975 3324 λέλεκται
3029 3271 3126 3341 μὲν
3178 3269 3249 3323 τὰ
3317 3269 3455 3341 μετά
3501 3270 3691 3340 χεῖρας

2103 3362 2238 3418 πολὺ
2281 3362 2545 3434 πρότερον
2606 3366 2718 3426 τοῖς
2768 3362 2980 3434 χρόνοις
3040 3361 3142 3431 τῆς
3204 3361 3447 3432 ἱστορίας
3495 3360 3589 3413 τοῦ
3644 3348 3727 3414 ν”

2102 3452 2339 3523 ψαλμοῦ.
2394 3453 2512 3506 Ἔτι
2548 3451 2654 3523 γὰρ
2683 3451 2883 3517 ζῶντος
2914 3451 3009 3505 τοῦ
3045 3450 3239 3515 Σαοὺλ,
3305 3452 3400 3504 καὶ
3451 3451 3559 3521 πρὸ
3588 3450 3684 3503 τοῦ

2105 3546 2419 3617 βασιλεῦσαι
2446 3545 2537 3599 τὸν
2563 3544 2744 3609 Δαυῖδ,
2776 3545 2873 3597 καὶ
2899 3545 3186 3616 πέπρακτο
3218 3543 3311 3596 καὶ
3342 3543 3546 3614 εἴρητο.
3573 3545 3690 3597 Μα-

2102 3641 2257 3714 κροῖς
2292 3637 2349 3690 δὲ
2384 3637 2608 3709 ὕστερον
2651 3636 2882 3708 χρόνοις,
2920 3634 3058 3707 μετά
3099 3635 3189 3688 τὸν
3222 3633 3451 3689 θάνατον
3489 3633 3685 3697 Σαοὺλ,

2102 3731 2196 3786 καὶ
2247 3731 2384 3803 πρὸς
2419 3733 2533 3794 τοῖς
2578 3729 2907 3792 τελευταίοις
2955 3727 3058 3798 τῆς
3109 3726 3273 3781 αὑτοῦ
3317 3725 3610 3797 βασιλείας,
3658 3730 3689 3782 ό

2102 3820 2267 3874 Δαυὶδ
2295 3819 2395 3891 τὴν
2439 3821 2496 3872 ἐν
2527 3817 2606 3889 τῷ
2634 3825 2675 3871 ν’
2715 3820 2945 3871 ποιεῖται
2996 3816 3401 3888 ἐξομολόγησιν,
3430 3818 3497 3889 ἢν
3519 3817 3689 3889 προῦ-

2104 3912 2234 3979 ταξε
2309 3911 2399 3966 διὰ
2456 3909 2555 3981 τὴν
2596 3910 2731 3977 πρὸς
2775 3910 2868 3964 τὸν
2922 3908 3011 3981 μθ’
3064 3908 3278 3980 ψαλμὸν
3333 3908 3684 3973 ἀκολουθίαν,

2102 4001 2289 4073 ὥσπερ
2327 3996 2421 4054 οὖν
2458 4000 2551 4053 καὶ
2595 3998 2987 4053 ἀποδέδεικται.
3031 4000 3094 4051 Οἱ
3132 3998 3185 4051 δ’
3225 3998 3333 4051 ἀπὸ
3377 3998 3474 4051 τοῦ
3507 4005 3555 4051 α’
3591 3998 3687 4051 καὶ

2103 4101 2145 4148 ν’
2183 4094 2274 4147 τὸν
2323 4091 2554 4165 ἀριθμὸν
2598 4090 2793 4153 εἴκοσι,
2843 4088 2938 4143 τοῦ
2986 4088 3149 4143 Δαυῖδ
3191 4090 3682 4162 ἐπιγεγραμμένοι,

2105 4186 2268 4257 μέχρι
2298 4184 2391 4237 τοῦ
2431 4190 2471 4237 o'
2513 4182 2573 4249 ἐξ
2614 4182 2805 4253 ἐτέρας
2836 4181 3012 4253 ἀρχῆς
3042 4181 3137 4253 τὴν
3170 4181 3427 4240 ὑπόθεσιν
3459 4182 3686 4255 εἰλήφα-

2103 4290 2220 4328 σιν·
2266 4275 2475 4327 ἐοίκασι
2511 4272 2642 4341 γοῦν
2676 4272 2757 4327 ἐτι
2799 4272 3000 4338 ζῶντος
3041 4272 3213 4326 Σαοὺλ
3251 4272 3521 4344 εἰρῆσθαι,
3552 4274 3683 4345 πρὶν

2100 4366 2134 4437 ἢ
2171 4364 2484 4435 βασιλεῦσαι
2510 4363 2600 4417 τὸν
2642 4363 2821 4417 Δαυῖδ.
2857 4365 2924 4417 Ὅ
2963 4381 3025 4417 τε
3052 4363 3162 4436 γὰρ
3194 4363 3334 4434 μετὰ
3380 4366 3568 4439 χεῖρας
3599 4366 3681 4418 ἔτι

2102 4454 2299 4521 ζῶντος
2344 4455 2515 4509 Σαοὺλ
2558 4455 2751 4527 ἐλέχθη
2775 4496 2790 4520 ,
2825 4456 2921 4509 Ἐν
2971 4455 3054 4522 τῷ
3096 4455 3297 4510 ἐλθεῖν
3352 4456 3521 4525 Δωὴκ
3572 4456 3683 4513 τὸν

421 4551 643 4607 vivente
681 4548 846 4606 Saule
875 4552 1056 4607 dictus
1084 4560 1189 4615 est,
1226 4549 1359 4607 Cum
1384 4554 1521 4607 venit
1551 4552 1686 4607 Doec
1718 4554 1991 4611 Idumaeas

2106 4548 2439 4619 Ἰδουμαῗον
2480 4547 2578 4601 καὶ
2612 4547 2959 4618 ἀναγγεῖλαι
3007 4546 3089 4613 τῷ
3134 4547 3359 4613 Σαοὺλ,
3395 4548 3485 4601 ὅτι
3531 4543 3679 4620 ἦλθε

419 4652 470 4698 et
498 4642 760 4698 nuntiavit
809 4641 983 4706 Sauli,
1010 4660 1071 4699 ac
1100 4644 1236 4698 dixit
1283 4646 1370 4698 ei:
1416 4643 1564 4698 Venit
1599 4645 1771 4700 David
1814 4648 1868 4701 in
1896 4648 1993 4703 do-

423 4750 568 4788 mum
596 4733 897 4789 Abimeleclt
915 4735 977 4787 “.
1023 4734 1129 4789 Sed
1156 4737 1320 4791 etiam
1346 4752 1467 4802 Lm,
1502 4745 1635 4792 tunc
1663 4742 2005 4809 pronuntia-—

422 4838 512 4882 tus
536 4835 642 4892 est,
671 4825 806 4882 Cum
834 4828 1090 4881 uenissent
1120 4826 1342 4896 Ziplm’i,
1375 4840 1423 4883 et
1451 4828 1709 4884 dia-issent
1732 4830 1801 4885 ad
1825 4830 1991 4888 Saul:

399 4917 615 4989 .Nonne
652 4917 824 4972 David
852 4917 1191 4973 absconditus
1219 4931 1297 4975 est
1324 4920 1463 4990 apud
1485 4938 1578 4976 nos
1595 4922 1677 4977 “‘3
1716 4922 1993 4994 Quinqua-

420 5012 665 5082 gcsimus
688 5027 818 5065 vero
846 5012 1072 5081 quintus
1115 5012 1195 5067 sic
1249 5014 1550 5084 inscriptus
1577 5023 1699 5070 est:
1748 5015 1881 5071 Cum
1916 5025 1993 5072 te.

420 5111 646 5158 nuerunt
673 5102 826 5157 illum
855 5104 1123 5175 Allophyli
1158 5107 1212 5159 in
1249 5104 1416 5160 Getlt:
1447 5122 1557 5177 quo
1589 5116 1833 5178 tempore
1852 5125 1990 5164 non-

419 5193 549 5248 dum
575 5195 838 5266 regnabat
877 5196 1067 5260 David,
1103 5195 1266 5253 Saule
1285 5198 1597 5268 superstite.
1641 5198 1990 5271 Quinquage-

422 5286 596 5343 simus
622 5295 802 5343 autem
837 5297 1023 5343 sextus
1046 5288 1127 5344 sic
1154 5289 1370 5343 titulum
1408 5289 1589 5351 habet,
1631 5289 1821 5357 David,
1867 5306 1986 5344 cum

421 5381 671 5449 fugereta
697 5379 833 5447 [acie
853 5380 986 5435 Saul
1008 5383 1059 5435 in
1090 5383 1410 5451 speluncam.
1443 5379 1707 5435 Similiter
1737 5390 1790 5435 et
1829 5396 1981 5441 LVIII.

420 5468 649 5536 Quando
682 5471 825 5523 misit
856 5470 1008 5533 Saul,
1044 5472 1139 5535 ait,
1189 5481 1238 5525 et
1278 5470 1556 5525 custodiuit
1588 5470 1803 5524 domum
1848 5469 1983 5538 ejus,

421 5571 479 5622 ut
525 5578 643 5616 eum
671 5563 1005 5632 interﬁceret.
1059 5562 1566 5633 Quinquagesimus
1606 5577 1735 5617 vero
1784 5577 1985 5625 nonus,

419 5652 635 5709 etiamsi
668 5664 791 5722 post
845 5663 1075 5708 mortem
1119 5654 1303 5709 Saulis
1361 5655 1754 5724 pronuntiatus
1797 5636 2007 5715 fuerit,'

492 5808 538 5842 “
576 5807 596 5860 l
629 5806 757 5877 Reg.
792 5824 922 5875 χχιι,
957 5810 1105 5868 9—H.
1183 5810 1224 5841 ⁶¹
1266 5809 1399 5865 ibid.
1445 5809 1525 5871 l8,
1557 5809 1640 5863 l9.

1720 5810 1763 5838 δ’
1800 5807 1943 5863 Psal.
1985 5823 2192 5871 XXXIII,
2225 5808 2278 5860 ‘2.

2097 4641 2279 4695 Δαυῒδ
2317 4643 2403 4708 εὶς
2430 4640 2538 4694 τὸν
2578 4637 2746 4694 οἷκον
2787 4640 3113 4710 Ἀϐιμέλεχ.
3161 4638 3319 4694 Ἀλλά
3364 4640 3460 4693 καὶ
3500 4641 3529 4694 ό
3564 4646 3675 4710 νγίι

2110 4733 2206 4786 Ἐν
2249 4732 2329 4797 τῷ
2377 4732 2577 4787 ἐλθεῖν
2633 4731 2774 4797 τοὺς
2823 4731 3141 4799 Ζιφαίους,
3209 4729 3308 4783 καὶ
3360 4729 3551 4783 εἰπεῖν
3593 4728 3677 4796 τῷ

2098 4825 2326 4879 Σαούλ·
2378 4824 2523 4892 Οὐχὶ
2560 4822 2687 4876 ίὸοὺ
2718 4821 2899 4875 Δαυϊδ
2946 4820 3273 4890 κέκρυπται
3322 4820 3458 4887 παρ’
3497 4819 3679 4890 ripis»;

2098 4917 2300 4989 εἴρητο.
2339 4915 2451 4968 Καὶ
2486 4918 2515 4969 ὁ
2556 4921 2597 4967 ε’
2629 4916 2687 4969 δὲ
2725 4916 2820 4969 καὶ
2846 4922 2919 4968 νΗ
2951 4916 3089 4967 Ὅτε
3118 4913 3460 4983 ἐκράτησαν
3491 4913 3678 4967 αὑτὸν

2099 5011 2153 5062 οἱ
2190 5010 2540 5078 Ἀλλόφυλοι
2589 5008 2661 5061 ὲν
2699 5007 2838 5071 Γὲθ,
2878 5007 3313 5078 ἐπιγέγραπται’
3363 5003 3431 5079 ἦν
3472 5006 3531 5060 δὲ
3579 5005 3677 5061 καὶ

2096 5096 2249 5164 οὗτος
2281 5109 2309 5161 ό
2345 5101 2535 5172 χρόνος
2579 5100 2608 5153 ὁ
2649 5100 2754 5171 πρὸ
2800 5099 2901 5169 τῆς
2942 5099 3213 5169 βασιλείας
3244 5098 3336 5153 τοῦ
3379 5098 3559 5162 Δαυῒδ,
3591 5098 3672 5150 ἔτι

2096 5192 2188 5245 τοῦ
2224 5192 2395 5245 Σαοὺλ
2434 5190 2716 5261 περιόντος
2744 5189 2822 5261 τῷ
2860 5189 2977 5261 βίῳ,
3017 5190 3111 5244 καὶ
3146 5193 3174 5243 ὁ
3217 5195 3302 5254 νς⁹
3348 5190 3671 5261 ἐπιγράφει·

2102 5284 2187 5351 Τῷ
2219 5285 2418 5349 Δαυῒδ,
2446 5257 2522 5337 ἐν
2536 5282 2616 5349 τῷ
2651 5257 2837 5337 αὐτὲην
2861 5257 3326 5350 ἀποδιδράσκειν
3347 5257 3463 5335 ἀπό
3481 5257 3674 5349 ⁷προσ·-
3789 5257 3796 5263 ’

2092 5376 2256 5430 ὡπου
2311 5375 2510 5430 Σαοὺλ
2561 5377 2650 5441 είς
2690 5374 2756 5427 τὸ
2804 5374 3126 5440 σπήλαιον.
3173 5374 3447 5436 Ὡσαύτως
3492 5372 3588 5424 καὶ
3634 5372 3675 5447 νὸ

2096 5475 2207 5539 νηό
2238 5468 2469 5531 Ὁπότε,
2512 5468 2700 5537 φησιν,
2744 5466 3065 5521 ἀπέστειλε
3100 5466 3333 5529 Σαοὺλ,
3373 5465 3480 5518 καὶ
3530 5464 3673 5532 ἐφύ-

2096 5561 2246 5624 λαξε
2272 5559 2380 5613 τὸν
2409 5555 2578 5612 οἷκον
2605 5558 2812 5623 αὑτοῦ,
2850 5559 2957 5613 τοῦ
2996 5556 3329 5613 θανατῶσαι
3364 5558 3572 5610 αὐτόν.
3602 5554 3672 5606 Ὅ

2097 5668 2160 5719 γε
2203 5650 2308 5721 μὴν
2355 5650 2451 5714 νθ’,
2474 5652 2521 5703 εἱ
2556 5652 2649 5704 καὶ
2703 5648 2841 5719 μετὰ
2884 5649 2975 5703 τὸν
3018 5649 3243 5722 θάνατον
3270 5645 3439 5701 Σαοὺλ
3464 5645 3669 5718 εἴρητο,

2359 5808 2400 5837 ⁵³
2442 5804 2457 5858 l
2494 5805 2622 5877 Reg.
2661 5823 2773 5874 xxi,
2813 5807 2864 5863 l.
2942 5806 2984 5837 εδ
3024 5802 3154 5859 ibid.
3194 5802 3275 5857 ll.
