4158 6376
447 339 562 394 M5

1575 340 2079 398 COMMENTARIA
2117 343 2184 398 IN
2225 341 2566 400 PSALMOS.

3593 346 3700 403 μϐ

449 459 552 529 ἤδη
585 457 956 528 βασιλευοντος
985 455 1076 512 τοῦ
1108 457 1288 523 Δαυῒδ,
1313 458 1454 512 Ἀλλὰ
1491 460 1584 512 καὶ
1612 461 1774 526 αὐτὸς
1801 463 1906 532 πρὸ
1928 465 2015 534 τῆς

2125 465 2238 531 jam
2269 471 2534 534 regnante
2575 463 2778 520 Davide
2814 485 2830 532 ;
2863 473 2918 519 at
2943 465 3060 536 ipse
3095 477 3312 535 quoque
3341 475 3464 520 ante
3497 465 3701 520 admis-

447 551 591 604 κατὰ
617 551 709 604 τὸν
742 551 941 621 Οὐρίαν
972 549 1254 622 πράξεωςο
1286 549 1314 602 ὃ
1346 552 1409 623 δὴ
1443 553 1764 622 σημαίνεται
1787 555 1894 608 ἀπὸ
1917 556 2020 624 τῆς

449 641 796 712 προγραφῆς,
819 641 938 710 ἥτις
964 641 1112 711 δηλοῖ
1135 641 1223 694 τὸν
1254 643 1440 713 χρόνον
1467 643 1747 710 φάσκουσα
1765 661 1777 674 ·
1819 646 2023 698 Ὁπότε

447 733 765 800 ἐνεπύρισε
809 731 924 800 τὴν
965 731 1427 800 Μεσοποταμίαν
1471 734 1720 801 Συρίας,
1766 735 1862 788 καὶ
1909 734 2023 802 τὴν

450 825 672 890 Συρίαν
714 823 880 876 Σωὸᾶ
902 865 916 888 ,
965 825 1062 876 καὶ
1108 824 1490 892 ἀπέστρεψεν
1533 825 1690 880 Ἰωὰὸ
1737 828 1834 880 καὶ
1882 827 2024 880 ἑπά-

449 917 591 980 ταξε
634 915 750 984 τὴν
780 915 1051 986 φάραγγα
1093 917 1212 970 τῶν
1229 917 1428 982 Ἁλῶν,
1462 918 1687 972 δώδεκα
1719 920 2018 987 χιλιάδας.

447 1005 631 1060 Ταῦτα
677 1005 735 1058 δὲ
774 1009 886 1069 τοῖς
921 1007 1130 1077 χρόνοις
1175 1007 1403 1078 προάγει
1443 1009 1540 1080 τὴν
1571 1010 1626 1060 ὲν
1649 1007 1724 1078 τῷ
1749 1015 1792 1060 ν’
1822 1007 2021 1079 ψαλμῷ

447 1097 848 1169 ἐξομολόγησιν.
881 1100 1001 1152 Ἔτι
1035 1099 1140 1170 μὴν
1171 1101 1263 1152 καὶ
1294 1102 1322 1152 6
1350 1100 1426 1166 56'
1464 1101 1675 1171 ψαλμὸς
1717 1101 1907 1173 ἐλέχθη
1943 1101 2020 1173 τῷ

447 1187 606 1242 Δαυῖδ
629 1190 700 1242 ἐν
731 1188 810 1254 τῷ
835 1185 987 1242 εἶναι
1029 1189 1215 1244 αὐτὸν
1255 1191 1324 1243 ἑν
1359 1190 1432 1258 τῇ
1473 1192 1668 1258 ἐρήμῳ
1699 1191 1808 1259 τῆς
1845 1193 2020 1246 Ἰδου-

447 1279 640 1346 μαίας,
673 1277 874 1343 ζῶντος
915 1280 992 1332 ἔτι
1035 1281 1126 1332 τοῦ
1163 1281 1348 1334 Σαούλ.
1379 1282 1488 1334 Καὶ
1518 1282 1615 1334 Οέα
1657 1283 1802 1345 ὅπως
1837 1283 2020 1352 σχεδὸν

446 1373 493 1424 οἱ
527 1371 764 1424 πλεῖστοι
795 1371 888 1424 τοῦ
917 1371 1164 1444 δευτέρου
1202 1373 1398 1444 μέρους
1423 1374 1522 1442 τῆς
1551 1374 1728 1444 βίϐλου
1749 1373 1858 1429 τῶν
1884 1375 2018 1444 ψαλ-

448 1462 562 1532 μῶν
587 1461 680 1515 τοῦ
697 1463 878 1526 Δαυῒδ,
903 1466 1171 1535 παρεκτὸς
1191 1465 1282 1518 τοῦ
1319 1473 1380 1531 ν’,
1412 1467 1538 1529 τοὺς
1569 1465 1845 1536 πρόπαλαι
1869 1469 2020 1538 εἰρη-

448 1553 640 1622 μένους
671 1555 820 1626 αὑτῷ
847 1557 952 1626 πρὸ
987 1556 1094 1608 τῶν
1130 1558 1333 1627 χρόνων
1363 1557 1462 1628 τῆς
1501 1557 1643 1611 κατὰ
1683 1559 1773 1612 τὸν
1819 1560 2018 1631 Οὐρίαν

444 1647 698 1717 πράξεως·
728 1647 1126 1717 περιειλήφασι.
1163 1649 1234 1700 Τό
1257 1665 1318 1717 γε
1354 1649 1458 1719 μὴν
1488 1649 1700 1720 πρῶτον
1733 1652 1894 1722 μέρος
1921 1653 2019 1722 τῆς

444 1737 613 1807 αὐτῆς
646 1737 826 1807 βίϐλου
867 1739 925 1791 τὸ
969 1740 1078 1792 ἀπὸ
1124 1739 1340 1811 πρώτου
1385 1741 1480 1793 καὶ
1517 1743 1674 1813 μέχρι
1713 1751 1762 1812 μ’
1808 1744 1908 1814 τὴν
1935 1745 2020 1794 ὲν-

443 1828 628 1882 αντίαν
661 1826 776 1900 εἷχε
811 1830 994 1894 τάξιν·
1029 1833 1155 1894 τοὺς
1191 1831 1300 1902 γὰρ
1333 1833 1472 1902 μετὰ
1510 1834 1606 1904 τὴν
1636 1833 2018 1906 ἐξομολόγησιν
2053 1857 2091 1908 Β

439 1918 534 1972 τοῦ
569 1927 610 1972 ν’
645 1921 819 1973 ἐκεῖνο
849 1925 1088 1992 περιεῖχε
1118 1923 1179 1975 τὸ
1214 1924 1396 1994 μέρος.
1445 1925 1501 1977 Ὁ
1525 1927 1655 1994 γοῦν
1687 1927 1865 1998 τρίτος
1887 1927 2018 1996 ψαλ-

446 2011 544 2080 μὸς
585 2009 804 2063 λέλεκτο
857 2012 935 2081 τῷ
973 2012 1134 2065 Δαυῖδ
1153 2053 1166 2076 ,
1206 2015 1384 2067 ὁπότε
1424 2015 1862 2083 ἀπεδίδρασκεν
1899 2017 2017 2070 ἀπὸ

441 2105 765 2172 προσώπου
804 2107 1180 2172 Ἀϐεσσαλὼιι
1227 2109 1331 2162 τοῦ
1373 2109 1506 2162 υἱοῦ
1539 2109 1742 2163 αὐτοῦ.
1781 2111 2017 2179 Ἐφευγε

441 2195 496 2248 δὲ
527 2197 616 2249 τὸν
641 2198 754 2249 υἱὸν
787 2198 926 2267 μετὰ
952 2197 1047 2268 τὴν
1064 2199 1299 2269 ἱστορίαν
1312 2199 1404 2252 τοῦ
1433 2201 1650 2272 Οὐρίου.
1671 2201 1828 2254 Ἀλλὰ
1841 2202 1936 2255 καὶ
1959 2205 2018 2255 ἐν

439 2285 516 2356 τῷ
543 2294 594 2351 ς’
623 2289 720 2358 τῆς
743 2290 912 2357 αὐτῆς
942 2289 1100 2342 ἕνεκα
1123 2291 1371 2360 πράξεως
1397 2292 2012 2364 άπεκλάετοξ(1)λέγωνο

454 2380 774 2433 Ἑκοπίασα
797 2380 868 2432 ἐν
893 2378 974 2444 τῷ
999 2379 1309 2449 στεναγμῷ
1330 2399 1445 2450 μου
1463 2423 1478 2447 ,
1510 2384 1712 2436 λούσω
1745 2385 1871 2437 καθ’
1889 2383 2020 2437 ἑκά-

439 2486 597 2540 στην
622 2474 812 2526 νύκτα
835 2473 950 2540 τὴν
975 2474 1192 2540 κλίνην
1215 2491 1354 2543 μου,
1379 2475 1448 2526 ἑν
1479 2473 1734 2542 δάκρυσί
1757 2491 1876 2543 μου
1903 2475 2018 2542 τὴν

440 2564 759 2632 στρωμνήν
778 2582 897 2634 μου
919 2565 1137 2632 βρέξω.
1175 2567 1282 2618 Καὶ
1304 2568 1332 2618 6
1359 2565 1401 2628 ζ’
1427 2565 1483 2617 δέ
1505 2583 1518 2596 ·
1566 2565 1730 2634 ’Υπὲρ
1770 2565 1890 2619 τῶν
1915 2567 2017 2620 λό-

439 2673 560 2724 γων
613 2657 798 2709 Χουσὶ
846 2657 980 2710 υἱοῦ
1020 2658 1248 2726 Ἰεμινεὶ
1293 2657 1649 2726 λελεγμένος,
1687 2657 1794 2710 τῶν
1837 2657 2014 2710 αὐτῶν

439 2746 526 2816 εἴη
558 2745 624 2800 ἂν
656 2748 881 2819 χρόνων.
917 2749 1085 2802 Χουσὶ
1123 2749 1231 2821 γὰρ
1263 2751 1606 2820 ἀρχιεταῖρος
1643 2748 1881 2818 γεγονὼς
1919 2751 2014 2803 τοῦ

437 2839 619 2902 Δαυῒδ,
664 2840 742 2910 τῷ
787 2841 1137 2911 Ἀϐεσσαλὼμ
1185 2843 1516 2910 συνεγένετο.
1564 2843 1684 2894 Ἔτι
1720 2843 1824 2913 μὴν
1867 2845 1958 2897 καὶ
1987 2846 2014 2895 6

443 2929 507 2994 ιζ’
543 2931 914 2984 ἀποδέδεικται
960 2935 1088 3004 περὶ
1121 2932 1186 2985 τὰ
1220 2932 1502 2986 τελευταῖα
1539 2934 1638 3003 τῆς
1685 2933 1829 3004 ζωῆς
1855 2933 2014 2986 Δαυῖδ

437 3021 779 3093 λελεγμένος.
824 3023 982 3077 Ἀλλὰ
1036 3025 1130 3077 καὶ
1176 3026 1206 3077 6
1256 3024 1352 3088 λζ’,
1409 3026 1880 3096 ἐπιγεγραμμένος
1929 3029 2015 3091 είς

437 3113 798 3182 ἀνάμνησιν,
826 3114 922 3185 τὴν
945 3114 1113 3185 αὐτὴν
1147 3114 1284 3185 ἔχων
1309 3115 1546 3172 διάνοιαν
1573 3115 1650 3186 τῷ
1680 3117 1756 3180 ς’,
1789 3117 2012 3188 ἄρχεται

441 3205 540 3276 μὲν
569 3205 677 3258 ἀπὸ
714 3205 822 3260 τῶν
847 3205 1023 3259 αὐτῶν
1064 3207 1321 3279 ῥημάτων
1355 3207 1556 3276 λέγων·
1593 3209 1786 3275 Κύριε,
1817 3207 1902 3277 μὴ
1935 3206 2014 3272 τῷ

411 3291 602 3366 ’θυμῷ
627 3312 746 3351 σου
771 3297 1023 3367 ἐλέγξῃς
1044 3317 1140 3367 με,
1175 3299 1330 3368 μηδέ
1361 3298 1435 3366 τῇ
1462 3301 1553 3368 dm
1569 3298 1608 3368 ᾗ
1641 3318 1756 3353 σου
1782 3298 2012 3353 παιδεύ-

435 3403 557 3456 σῃς
577 3406 673 3458 με.
706 3391 916 3460 Προϊὼν
970 3391 1028 3444 δὲ
1077 3392 1175 3462 τὴν
1217 3391 1386 3464 αὐτὴν
1436 3391 1818 3462 ἐξομολόγησιν
1853 3395 1917 3462 τῇ
1954 3394 2012 3445 ὲν

433 3481 576 3552 «Iw
603 3482 876 3552 φερομένῃ
912 3487 1142 3535 ποιεῖται
1177 3482 1233 3536 ἕν
1265 3499 1324 3534 τε
1357 3486 1468 3545 τοῖς
1501 3483 1680 3546 ἄλλοις
1712 3485 1806 3536 καὶ
1836 3483 1904 3536 δι’
1937 3477 2011 3537 ὧν

436 3589 600 3642 φησιν
619 3589 634 3603 ⁸
668 3573 794 3626 Ὅτι
823 3577 880 3626 αἱ
920 3574 1156 3642 ἀνομίαι
1185 3591 1302 3642 μου
1337 3571 1654 3642 ὑπερῆσαν
1683 3573 1798 3642 τὴν
1829 3591 2010 3644 κεφα-

431 3661 556 3730 λὴν
583 3679 728 3733 μου.
755 3663 1147 3732 Προσώζεσαν
1173 3664 1274 3716 καὶ
1298 3663 1621 3731 ἐσάπησαν
1646 3669 1698 3719 οὶ
1724 3663 2010 3734 μώλωπές

427 3774 550 3826 μου
591 3757 710 3810 ἀπὸ
738 3757 1060 3826 προσώπου
1095 3755 1202 3823 τῆς
1240 3758 1588 3826 ἀφροσύνης
1611 3775 1749 3826 μου.
1791 3759 1900 3810 Καὶ
1946 3759 2010 3811 σὺ

431 3847 478 3899 δ’
513 3848 578 3901 ἂν
607 3849 748 3902 κατὰ
781 3851 976 3902 σαυτὸν
1013 3849 1335 3917 συναγαγὼν
1369 3849 1548 3920 εὕροις
1581 3849 1647 3904 ἂν
1685 3849 1754 3903 τὰ
1788 3849 2012 3903 πλεῖστα

433 3939 542 3992 τῶν
567 3941 624 3993 έν
645 3939 724 4012 τῷ
756 3939 956 4012 πρώτῳ
987 3941 1142 4010 μέρει
1183 3941 1290 3996 τῶν
1323 3941 1551 4012 ψαλμῶν
1579 3942 1714 4012 μετὰ
1739 3942 1864 4006 τοὺς
1889 3941 2012 4012 χρό-

433 4048 559 4095 νους
597 4033 695 4102 τῆς
726 4033 864 4086 κατᾶ
889 4035 980 4086 τὸν
1013 4034 1212 4104 Οὐρίαν
1253 4033 1493 4104 ἱστορίας
1534 4033 1817 4104 εἰρημένα,
1850 4034 1918 4087 τὰ
1955 4033 2011 4086 δὲ

437 4123 576 4192 μετὰ
599 4123 691 4175 τὴν
716 4129 760 4175 ν’
789 4126 900 4187 τοῖς
927 4125 1137 4195 χρόνοις
1161 4124 1470 4196 προάγοντα
1495 4123 1591 4195 τὴν
1623 4124 1764 4178 κατὰ
1793 4125 1882 4178 τὸν
1908 4125 2011 4178 Οὑ-

437 4213 558 4283 ρίαν
585 4212 800 4285 πρᾶξιν.
830 4213 894 4264 Τί
919 4213 1120 4286 δήποτε
1142 4211 1234 4268 οὖν
1269 4216 1330 4268 οὐ
1368 4214 1510 4268 κατὰ
1541 4215 1640 4284 τὴν
1667 4215 1776 4274 τῶν
1805 4215 2010 4287 χρόνων

433 4303 752 4358 ἀκολουθίαν
779 4306 828 4356 οἱ
852 4304 1056 4376 πρῶτοι
1089 4308 1200 4368 τοῖς
1235 4306 1444 4376 χρόνοις
1477 4305 1682 4378 πρῶτοι
1711 4306 2012 4375 κατετάγη-

435 4410 564 4448 σανο
590 4394 703 4448 ἀλλ’
728 4395 779 4447 οἱ
815 4393 913 4466 τὴν
940 4393 1145 4465 πρῶτοι
1169 4395 1482 4465 λελεγμένοι
1509 4396 1587 4448 ἔτι
1619 4395 1818 4459 ζῶντος
1841 4395 2010 4448 Σαοὺλ

433 4485 493 4541 ἐν
517 4484 594 4556 τῷ
612 4484 847 4556 δευτέρῳ
871 4483 1025 4555 μέρει
1049 4485 1158 4538 τῶν
1179 4485 1409 4555 ψαλμῶν
1425 4503 1437 4514 ·
1465 4487 1520 4538 ὲν
1545 4485 1601 4538 δὲ
1626 4485 1706 4554 τῷ
1733 4484 1934 4556 πρώτῳ
1960 4486 2008 4537 οἱ

2128 571 2249 610 sum
2277 557 2332 610 in
2375 557 2560 612 Uriam
2595 555 2810 612 facinus
2843 558 3024 612 editus
3055 567 3168 613 est:
3201 557 3348 627 quod
3379 573 3444 612 ex
3493 557 3697 612 inscri-

2123 647 2309 716 ptione
2356 649 2716 718 signiﬁcatur,
2773 650 3040 718 temporis
3111 657 3298 703 notam
3355 647 3562 702 ferente
3611 647 3698 700 his

2125 737 2340 792 verbis:
2391 735 2524 791 Cum
2567 737 2837 790 succendit
2884 737 3332 807 Mesopotamiam
3395 735 3586 806 Syriaz,
3645 745 3698 790 et

2123 827 2339 896 Syriam
2387 826 2528 881 Soba
2575 844 2592 881 :
2625 839 2674 882 et
2713 845 2990 882 conuersus
3025 827 3163 882 Joab
3209 829 3466 896 percussit
3507 827 3696 881 uallem

2125 917 2460 984 Salinarum,
2494 920 2770 973 duodecim
2815 920 3006 976 millia.
3057 921 3182 974 Haec
3237 935 3403 989 porro
3447 926 3696 988 tempore

2121 1017 2450 1077 praevertunt
2477 1010 2876 1064 confessionem
2920 1009 2976 1062 in
3017 1025 3048 1064 L
3099 1009 3309 1079 psalmo
3341 1007 3560 1062 factam.
3599 1009 3680 1059 lt.-

2122 1111 2290 1166 super
2325 1113 2436 1151 Lxu
2471 1113 2501 1150 a
2557 1097 2760 1152 Davide
2781 1097 2962 1152 dictus
2988 1105 3093 1160 εει,
3111 1111 3228 1148 cum
3255 1103 3386 1149 esset
3415 1095 3696 1148 in‘deserto

2123 1189 2398 1252 Mammas,
2435 1191 2652 1256 vivente
2708 1190 2888 1243 adhuc
2932 1190 3116 1245 Saule.
3171 1189 3252 1244 Ac
3281 1187 3420 1242 mihi
3461 1201 3694 1257 perpen-

2121 1281 2220 1336 das
2255 1282 2438 1344 velim,
2477 1299 2588 1352 quo
2633 1289 2792 1351 pacto
2833 1283 3079 1351 plerique
3129 1282 3184 1335 in
3243 1279 3486 1335 secunda.
3539 1286 3694 1349 parte

2119 1373 2266 1434 libri,
2299 1377 2633 1442 psalmorum
2695 1372 2918 1428 Davidis
2970 1371 3134 1442 positi
3189 1371 3408 1442 psalmi,
3461 1377 3694 1440 excepto

2119 1466 2604 1536 quinquagesimo,
2633 1482 2730 1522 eos
2775 1468 2868 1536 qui
2915 1467 2985 1520 ab
3033 1465 3154 1535 ipso
3190 1464 3284 1518 diu
3315 1471 3442 1518 ante
3480 1469 3694 1532 tempus

2119 1558 2256 1626 gesti
2291 1558 2346 1610 in
2380 1555 2560 1611 Uriam
2597 1555 2858 1612 facinoris
2904 1554 3242 1625 pronuntiati
3283 1553 3520 1614 fuerant,
3553 1568 3693 1621 pra:-

2121 1648 2532 1717 occupaverint.
2607 1647 2790 1702 Prima
2849 1663 2980 1702 sane
3029 1662 3156 1716 pars
3205 1645 3449 1714 ejusdem
3501 1645 3624 1698 libri
3661 1659 3692 1700 a

2121 1739 2297 1808 primo
2345 1739 2412 1792 ad
2447 1739 2953 1809 quadragesimum,
2987 1739 3327 1792 contrarium
3351 1737 3512 1790 habet
3542 1735 3694 1798 ordi.

2121 1845 2278 1882 nem:
2315 1845 2550 1898 namque
2573 1845 2702 1898 pars
2737 1830 2828 1882 illa
2855 1843 2973 1890 eos,
2999 1829 3094 1898 qui
3125 1835 3249 1898 post
3291 1825 3692 1882 confessionem

2118 1921 2554 1990 quinquagesimi
2609 1921 2802 1990 psalmi
2867 1921 2998 1974 dicti
3056 1928 3206 1984 sunt,
3283 1917 3686 1988 complectitur.

2121 2011 2338 2067 Tertius
2369 2013 2552 2082 itaque
2583 2013 2828 2081 psalmus
2867 2025 2898 2064 a
2923 2009 3122 2066 Davide
3163 2010 3552 2078 pronuntiatus
3581 2015 3688 2069 est,

2119 2121 2238 2158 cum
2279 2107 2478 2177 fugeret
2508 2123 2540 2158 a
2563 2107 2700 2174 facie
2739 2104 3024 2158 Absalonis
3064 2103 3164 2172 ﬁlii
3195 2103 3300 2156 sui.
3334 2099 3492 2172 Fugit
3512 2107 3690 2154 autem

2119 2211 2149 2249 a
2185 2197 2298 2250 filio
2333 2209 2456 2266 post
2504 2197 2796 2252 historiam
2852 2195 3016 2250 Uriae.
3067 2193 3181 2250 lmo
3214 2195 3380 2248 etiam
3427 2193 3480 2246 in
3537 2199 3692 2246 sexto

2117 2307 2217 2361 pro
2257 2293 2446 2348 eodem
2505 2291 2752 2346 facinore
2801 2291 2965 2346 ﬂebat
3037 2290 3265 2344 dicens:
3319 2287 3580 2340 Laboravi
3635 2286 3692 2338 in

2115 2386 2312 2454 gemitu
2365 2401 2516 2438 meo:
2577 2385 2763 2438 lavabo
2825 2399 2918 2452 per
2985 2382 3222 2450 singulas
3271 2389 3445 2434 noctes
3500 2379 3690 2432 lectum

2117 2492 2323 2540 meum;
2389 2475 2642 2546 lacrymis
2714 2475 2840 2528 meis
2909 2481 3137 2527 stratum
3191 2487 3362 2524 meum
3417 2467 3598 2538 rigabo
3622 2467 3688 2522 ⁸⁸.

2119 2567 2396 2637 Septimus
2453 2567 2622 2630 item,
2671 2581 2766 2634 pro
2839 2565 3008 2620 verbis
3085 2563 3247 2618 Chusi
3307 2562 3409 2631 ﬁlii
3493 2559 3692 2612 Jemini

2117 2657 2317 2720 dictus,
2353 2655 2598 2726 ejusdem
2651 2654 2912 2723 temporis
2947 2651 3128 2706 fuerit.
3183 2649 3352 2705 Chusi
3405 2646 3553 2701 enim
3597 2645 3691 2715 qui

2115 2747 2368 2816 princeps
2413 2747 2714 2800 amicorum
2767 2743 2934 2797 David
2980 2742 3193 2803 fuerat,
3249 2755 3373 2793 cum
3421 2736 3692 2790 Ahsalone

2111 2837 2340 2908 junctus
2372 2845 2475 2891 est.
2507 2837 2574 2889 Et
2594 2838 2705 2904 jam
2737 2835 2956 2906 quidem
2987 2839 3472 2888 commonstratum
3497 2829 3692 2884 estde-

2115 2931 2315 2984 cimum
2347 2929 2639 2998 septimum
2674 2928 2823 2982 circa
2847 2927 3008 2980 finem
3035 2926 3158 2980 vita:
3181 2924 3348 2978 David
3372 2924 3577 2978 dictum
3609 2921 3691 2975 fu-

2115 3020 2244 3074 isse.
2299 3016 2673 3086 Similiterque
2704 3017 3016 3071 tricesimus
3061 3015 3355 3084 septimus,
3392 3012 3690 3082 inscriptus

2114 3110 2170 3162 in
2201 3109 2708 3170 rememorationcm,
2741 3105 2986 3161 eamdem
3027 3103 3322 3176 praeferens
3365 3119 3526 3174 quam
3569 3117 3692 3157 sex—

2115 3207 2205 3254 tus
2231 3198 2580 3261 sententiam,
2617 3197 2812 3252 iisdem
2855 3197 3037 3252 verbis
3091 3195 3282 3264 incipit
3316 3195 3503 3248 dicens
3533 3213 3544 3245 :
3579 3191 3690 3246 Do-

2114 3291 2286 3354 mine,
2333 3306 2396 3343 ne
2425 3290 2480 3344 in
2503 3289 2683 3359 furore
2717 3301 2803 3342 tuo
2836 3304 3032 3358 arguas
3063 3303 3144 3340 me
3163 3326 3177 3350 ,
3212 3301 3372 3356 neque
3400 3285 3456 3338 in
3485 3285 3568 3337 ira
3597 3293 3692 3336 tua

2113 3381 2372 3448 corripias
2404 3397 2504 3435 me.
2536 3379 2593 3432 In
2615 3379 2971 3449 sequentibus
2995 3391 3123 3430 vero
3149 3377 3416 3438 eamdem,
3448 3389 3610 3444 quam
3633 3375 3688 3426 in

2115 3471 2323 3540 psalmo
2352 3470 2810 3541 quinquagesimo
2831 3509 2844 3534 ,
2878 3468 3278 3522 confessionem
3307 3465 3452 3528 edit,
3489 3467 3602 3519 sive
3635 3465 3690 3517 in

2115 3563 2269 3626 aliis,
2321 3564 2434 3617 sive
2464 3563 2520 3616 in
2553 3562 2658 3616 hoc
2696 3562 2840 3614 dicto
2877 3580 2890 3614 :
2928 3559 3191 3624 Quoniam
3225 3558 3529 3627 iniquitates
3563 3572 3692 3609 mem

2113 3669 2462 3724 supergressa?
2507 3661 2630 3706 sunt
2676 3659 2833 3721 caput
2885 3667 3074 3702 meum.
3133 3648 3454 3700 Putruerunt
3489 3655 3538 3699 et
3572 3663 3689 3698 cor-

2113 3751 2282 3814 ruptae
2314 3757 2432 3800 sunt
2460 3745 2733 3799 cicatrices
2756 3760 2882 3797 mea:
2913 3761 2945 3796 a
2969 3743 3104 3812 facie
3132 3740 3449 3807 insipientia:
3470 3755 3596 3792 mea:
3622 3739 3684 3791 ⁸⁸.

2110 3836 2189 3892 Ac
2221 3837 2268 3892 si
2298 3836 2484 3890 eadem
2519 3852 2617 3906 per
2643 3843 2695 3888 te
2723 3834 2950 3903 colligas
2973 3871 2987 3895 ,
3033 3831 3200 3884 multa
3245 3831 3302 3883 in
3338 3829 3511 3899 prima
3537 3839 3690 3899 parte

2111 3926 2236 3982 libri
2268 3927 2603 3996 psalmorum
2628 3923 3030 3994 deprehendas,
3065 3937 3186 3992 quae
3209 3927 3331 3990 post
3360 3927 3574 3988 tempus
3605 3919 3690 3972 hi-

2111 4020 2294 4074 storia:
2339 4017 2408 4072 de
2460 4017 2591 4072 Uria
2635 4017 2849 4088 prolata
2902 4021 3070 4080 sunt,
3124 4019 3288 4081 atque
3327 4027 3390 4066 ea
3414 4027 3535 4080 quae
3566 4020 3690 4080 post

2110 4107 2620 4178 quinquagesimum
2653 4107 2830 4178 posita
2863 4111 3027 4168 sunt,
3073 4111 3284 4174 gestum
3313 4101 3368 4154 in
3397 4099 3580 4154 Uriam
3607 4099 3689 4154 fa—

2110 4199 2268 4254 cinus
2316 4209 2558 4274 tempore
2601 4209 2927 4270 praevertere
2971 4195 3300 4266 comperies.
3353 4191 3495 4258 Quid
3522 4191 3690 4262 igitur

2110 4307 2289 4346 causae
2318 4299 2421 4358 est,
2464 4291 2612 4362 quod
2653 4305 2762 4344 non
2795 4287 3098 4344 secundum
3129 4294 3435 4354 temporum
3464 4284 3683 4344 seriem,

2109 4383 2202 4452 qui
2235 4383 2397 4454 primi
2429 4389 2672 4453 tempore
2700 4389 2831 4435 sunt
2854 4422 2870 4448 ,
2899 4378 3060 4450 primi
3091 4377 3254 4450 positi
3289 4376 3430 4440 sint,
3463 4375 3556 4429 sed
3593 4377 3686 4445 qui

2111 4475 2294 4544 primi,
2331 4475 2628 4544 superstite
2654 4471 2820 4526 Saule
2845 4471 2979 4526 dicti
3009 4477 3156 4533 sunt,
3193 4467 3248 4522 in
3276 4465 3514 4523 secunda
3540 4467 3688 4536 psal-

434 4575 543 4637 τοῖς
568 4574 779 4645 χρόνοις
824 4573 1078 4639 bacatum;
1125 4574 1366 4645 ἡγοῦμαι
1395 4575 1452 4628 δὲ
1493 4575 1695 4644 ταύτην
1731 4575 2006 4646 εἰληφέναι

2116 4583 2326 4620 morum
2359 4574 2514 4640 parte
2548 4566 2660 4620 sint
2691 4564 3008 4629 constituti;
3035 4571 3088 4618 et
3119 4562 3174 4615 in
3201 4562 3398 4632 prima,
3428 4558 3521 4630 qui
3549 4565 3686 4613 tem-

431 4662 530 4734 τὴν
573 4664 746 4729 τάξιν,
785 4664 860 4727 ὡς
901 4665 967 4718 ἂν
1013 4665 1086 4736 μὴ
1125 4665 1233 4717 ἀπὸ
1283 4664 1391 4718 τῶν
1444 4665 1766 4737 κρειττόνων
1809 4666 1901 4718 ἐπὶ
1943 4665 2011 4718 τὰ

431 4755 599 4826 χείρω
624 4757 840 4826 φέροιτο
871 4759 898 4809 ὁ
935 4757 1090 4824 λόγος
1108 4774 1120 4786 ·
1152 4757 1211 4810 τὸ
1232 4757 1362 4829 γὰρ,
1389 4761 1474 4822 εἰς
1501 4757 1565 4810 τό
1593 4756 1766 4822 τέλος
1785 4757 1871 4826 μὴ
1888 4757 2012 4810 δια-

431 4846 699 4916 φθείρῃς,
737 4848 828 4900 καὶ
875 4847 964 4900 ἐπὶ
1005 4847 1102 4916 τῆς
1129 4846 1237 4898 τῶν
1270 4847 1497 4916 ψαλμῶν
1528 4847 1734 4912 τάξεως
1775 4846 2014 4914 πεφυλά-

433 4936 556 5006 χθαι
577 4936 770 4992 ἔοικεν.
807 4939 896 4991 Διὸ
939 4939 1028 4991 καὶ
1061 4939 1129 4991 τά
1161 4938 1584 5010 σκυθρωπότερα
1621 4939 1813 5010 πρῶτα
1841 4937 2011 4991 τέθει-

431 5041 546 5079 ται·
584 5026 670 5087 ἵνα
701 5027 928 5099 δεύτερα
959 5028 1026 5080 τὰ
1050 5029 1388 5100 χρηστότερα
1431 5029 1694 5100 φυλαχθῇ,
1736 5028 2006 5080 καλυπτο-

433 5117 608 5186 μένων
641 5120 734 5171 καὶ
753 5118 1220 5190 ἑξαφανιζομένων
1247 5119 1355 5172 τῶν
1387 5119 1664 5190 χειρόνων,
1695 5119 1782 5172 διὰ
1804 5119 1910 5170 τῶν
1948 5119 2008 5171 ἐν

428 5210 542 5270 τοῖς
587 5207 859 5278 δευτέροις
911 5211 1252 5279 κρειττόνων.
1312 5210 1472 5272 Εἰκὸς
1521 5209 1574 5262 δὲ
1620 5209 1711 5262 τὸν
1745 5207 1907 5262 Δαυῗδ
1947 5209 2008 5261 τὸ

427 5297 816 5371 πλημμεληθὲν
842 5302 991 5372 αὑτῷ
1024 5301 1248 5372 ὕστερον
1279 5301 1366 5354 διὰ
1392 5300 1498 5352 τῶν
1534 5301 1810 5372 προτέρων
1844 5299 2007 5354 αὑτοῦ

425 5391 866 5463 κατορθωμάτων
895 5395 1095 5449 ἐθέλειν
1126 5393 1439 5448 καλύπτειν.
1461 5392 1616 5446 Εἴποι
1636 5395 1680 5447 δ’
1703 5393 1766 5446 ἄν
1794 5411 1898 5456 τις,
1926 5393 2008 5445 ὅτι

497 5551 548 5585 ,οι
584 5549 728 5606 psaL
761 5567 848 5615 νι,
889 5549 941 5602 7.
1019 5549 1062 5580 ⁸⁵
1099 5549 1246 5604 Psal.
1281 5565 1463 5604 xxxvii
1487 5591 1500 5614 ,
1538 5551 1590 5616 5,
1633 5549 1685 5603 6.

2111 4671 2244 4727 pore
2273 4657 2603 4726 posteriores
2625 4655 2813 4710 erant?
2844 4653 2958 4723 Ego
2983 4668 3111 4708 vero
3141 4652 3376 4706 arbitror
3399 4651 3518 4704 ideo
3541 4649 3687 4704 hunc

2111 4749 2358 4802 ordinem
2391 4756 2667 4819 sumptum
2698 4759 2843 4810 esse,
2875 4755 2935 4798 ιιι
2969 4758 3036 4796 ne
3067 4757 3096 4795 a
3125 4740 3594 4818 praestantioribus
3616 4741 3684 4796 ad

2115 4838 2304 4908 pejora
2359 4851 2539 4892 sermo
2571 4835 2893 4890 declinaret.
2944 4831 3080 4886 Illud
3113 4830 3256 4884 enim
3293 4847 3306 4883 :
3339 4827 3405 4881 In
3433 4829 3590 4896 ﬁnem
3621 4845 3686 4882 ne

2115 4927 2414 5004 disperdas,
2437 4927 2601 4982 etiam
2631 4941 2732 4996 pro
2755 4925 3088 4995 psalmorum
3123 4921 3314 4975 ordine
3337 4919 3680 4973 observatum

2115 5023 2354 5080 videtur.
2416 5019 2598 5087 Quare
2627 5019 2868 5075 tristiora
2899 5015 3075 5087 primo
3103 5014 3278 5083 posita
3303 5021 3462 5076 sunt,
3494 5019 3553 5065 ut
3581 5011 3682 5064 mi-

2113 5117 2257 5170 tiora
2285 5129 2383 5185 pro
2426 5112 2684 5170 secundis
2713 5107 3080 5170 servarentur,
3121 5104 3410 5160 occultatis
3436 5109 3490 5158 et
3520 5102 3681 5158 oblit-

2113 5209 2308 5262 teratis
2339 5205 2615 5276 pejoribus
2645 5217 2742 5274 per
2771 5201 2991 5255 meliora
3031 5199 3121 5252 illa
3167 5197 3407 5252 secundo
3436 5197 3554 5250 loco
3582 5209 3681 5265 po-

2115 5301 2242 5355 sita.
2285 5297 2594 5354 Verisimile
2626 5303 2804 5351 autem
2831 5301 2914 5348 est
2941 5289 3196 5343 Davidem
3229 5289 3295 5343 ab
3325 5303 3382 5342 se
3407 5293 3680 5358 patratum

2114 5399 2302 5462 postea
2326 5390 2542 5447 facinus
2573 5405 2669 5460 per
2695 5387 2876 5457 priora
2901 5384 2992 5438 illa
3022 5381 3162 5436 bona
3189 5395 3350 5452 opera
3375 5387 3558 5452 tegere
3586 5392 3682 5432 vo-

508 5701 580 5772 (l)
619 5703 1046 5778 lta_frequcntcr
1089 5706 1142 5760 in
1175 5713 1276 5760 hoc
1323 5708 1718 5762 commentario
1761 5708 2015 5776 ἀποκλάοέ

2116 5748 2128 5772 ,
2170 5723 2268 5776 pro
2303 5704 2670 5775 ἀποκλαίομαι
2722 5702 2942 5772 legitur,
2972 5707 3026 5754 et
3070 5696 3296 5768 quidem
3333 5696 3386 5750 in
3421 5691 3679 5748 munibus

435 5775 859 5846 manuscript-is.
