4138 6386
376 411 483 465 M9

1504 403 2011 462 COMMENTARIA
2048 404 2115 460 IN
2160 402 2505 461 PSALMOS.

3548 400 3650 455 450

372 527 401 578 6
433 521 653 594 ἀσεϐὴς,
682 520 1014 585 δικαιοῦντες
1045 520 1143 591 τὴν
1171 522 1265 575 τοῦ
1300 520 1435 575 Θεοῦ
1471 522 1670 593 κρίσιν.
1698 522 1827 574 Δέον
1852 522 1960 594 γὰρ

2067 520 2210 574 enim
2253 535 2362 573 non
2411 527 2523 573 tam
2565 518 2745 573 eﬂ‘erri
2791 520 2859 575 de
2886 519 3124 582 divitiis,
3160 532 3261 573 nec
3308 515 3377 571 de
3413 524 3653 570 vanitate

377 614 450 686 μὴ
480 615 570 666 ἐπὶ
602 613 815 683 πλούτῳ
842 612 983 683 μέγα
1007 614 1241 683 φρονεῖν,
1272 612 1391 683 μηδ’
1418 612 1510 664 ἐπὶ
1534 614 1601 682 τῇ
1642 612 1963 682 ματαιότητι

370 706 465 758 τοῦ
499 706 763 776 παρόντος
800 704 915 774 βίου
964 703 1283 774 ἐπαίρεσθαι
1308 744 1322 765 ,
1383 703 1545 774 μόνον
1590 704 1646 755 δὲ
1694 703 1784 756 τὸν
1831 702 1964 756 Θεὸν

371 797 561 849 ἐλπῖδα
594 798 687 850 καὶ
714 795 907 868 βοηθὸν
938 795 1102 850 αὑτοῦ
1141 795 1405 856 τίθεσθαι,
1439 797 1535 849 καὶ
1558 795 1650 847 ἐπὶ
1684 795 1857 868 ταύτῃ
1889 795 1963 865 μὴ

372 889 617 942 σαλεύειν
653 892 719 959 τῇ
754 888 964 941 ἐλπίδι·
1010 890 1039 940 6
1082 886 1139 939 δέ
1188 888 1287 957 τὴν
1323 888 1421 957 μὲν
1460 886 1669 958 ἀγαθὴν
1717 887 1964 959 ἄγκυραν

371 981 470 1049 τῆς
523 979 717 1035 ἑαυτοῦ
774 980 952 1049 ψυχῆς
1003 979 1426 1042 καταλέλοιπεν,
1485 979 1579 1030 ἐπὶ
1638 979 1852 1049 ματαίῳ
1907 978 1963 1031 δὲ

372 1071 586 1143 πλούτῳ
645 1072 746 1134 τὰς
806 1071 1026 1134 ἐλπίδας
1091 1071 1401 1141 ἀναρτήσας
1426 1111 1439 1135 ,
1490 1068 1681 1141 ἐαυτὸν
1736 1066 1960 1131 ἔπαιξε,

372 1165 533 1219 πλέον
578 1165 794 1234 ούδένῆ
841 1164 1053 1233 γέλωτα
1103 1163 1346 1232 όφλήσας
1391 1162 1483 1214 ἐπὶ
1524 1163 1589 1232 τῇ
1646 1160 1811 1213 αὑτοῦ
1858 1177 1964 1231 μα-

372 1257 503 1328 ταίᾳ
530 1258 623 1310 καὶ
650 1257 845 1328 ἄφρονι
882 1256 1241 1327 μεγαλαυχίᾳ.

456 1349 597 1420 Ἐγὼ
635 1349 723 1413 δὲ,
766 1350 909 1403 ὡσεὶ
956 1348 1132 1402 ἐλαία
1173 1347 1555 1415 κατάκαρπος
1593 1347 1663 1399 ἐν
1698 1344 1777 1411 τῷ
1820 1346 1965 1409 οῑκῳ

370 1442 482 1495 τοῦ
513 1442 681 1506 Θεοῦ,
713 1441 949 1509 ἤλπισα
976 1440 1075 1493 ἐπὶ
1105 1440 1175 1493 τὸ
1208 1440 1380 1505 ἕλεος
1415 1439 1521 1493 τοῦ
1561 1437 1709 1492 Θεοῦ
1748 1440 1835 1503 εἰς
1856 1436 1965 1491 τὸν

366 1530 575 1594 αἰῶνα,
614 1531 712 1584 καί
749 1533 837 1597 εἰς
879 1530 987 1583 τὸν
1040 1530 1225 1584 αἰῶνα
1271 1530 1376 1583 τοῦ
1411 1528 1647 1595 αἰῶνος.
1683 1530 1743 1582 Ὃ
1778 1529 1875 1599 μὲν
1904 1530 1963 1581 ἐν

373 1622 541 1693 κακίᾳ
576 1622 798 1685 δυνατὸς
842 1621 1026 1675 ὁποίου
1076 1622 1266 1685 τέλους
1302 1621 1572 1686 τεύξεται,
1612 1621 1700 1675 διά
1733 1621 1841 1674 τῶν
1883 1623 1964 1674 εἰ-

374 1715 626 1786 ρημένων
688 1713 1103 1787 μεμαθήκαμεν.
1165 1714 1306 1782 Ἐγὼ
1356 1713 1435 1777 δὲ,
1485 1714 1649 1785 φησὶν
1696 1715 1725 1766 6
1779 1712 1960 1778 Δαυῒδ,

370 1806 545 1859 ταῦτα
588 1806 899 1869 παιδευθεὶς
936 1807 1071 1879 πρὸς
1118 1805 1210 1860 τοῦ
1234 1806 1411 1874 ’ἁγίου
1457 1805 1793 1877 Πνεύματος,
1836 1805 1959 1859 οὔτε

2067 612 2192 667 vita:
2223 612 2507 680 prasentis
2540 612 2760 676 extolli;
2789 612 2883 666 sed
2917 626 3083 665 unum
3114 608 3283 663 Deum
3327 610 3382 662 in
3418 623 3566 677 spem
3599 617 3657 662 ες

2067 704 2328 758 auxilium
2386 704 2489 759 sibi
2535 720 2766 774 ponere,
2828 714 2990 773 atque
3032 704 3088 757 in
3137 702 3230 755 tali
3279 717 3375 770 spe
3406 716 3516 754 non
3547 699 3653 753 flu-

2066 805 2276 853 ctuare.
2321 798 2413 853 Ille
2442 812 2573 852 vero
2602 798 2744 851 bona
2769 797 2964 850 animae
2994 809 3107 849 suae
3128 794 3370 847 anchora
3399 791 3651 855 dimissa,

2066 898 2229 959 atque
2273 890 2327 943 in
2368 890 2576 943 divitiis
2605 888 2863 941 inanibus
2893 903 2988 956 spe
3024 886 3289 955 reposita,
3322 883 3427 937 sibi
3456 881 3559 951 ipsi
3587 881 3653 934 il-

2066 983 2225 1047 lusit;
2271 982 2517 1051 nihilque
2563 980 2714 1033 aliud
2762 981 2830 1033 de
2874 994 3013 1033 vana
3055 979 3147 1031 illa
3186 986 3238 1031 et
3275 976 3467 1029 insana
3498 985 3652 1027 arra-

2063 1076 2249 1146 gantia
2282 1074 2486 1141 retulit,
2517 1090 2679 1144 quam
2709 1072 2853 1142 quod
2886 1086 2945 1126 se
2976 1070 3265 1124 ridiculum
3293 1068 3577 1138 praeberet.

2136 1350 2303 1405 Vens.
2351 1348 2440 1404 10.
2500 1345 2611 1417 Ego
2666 1353 2842 1398 autent
2891 1345 3026 1397 sicut
3075 1342 3214 1395 oliva
3262 1339 3544 1409 fructifera
3598 1338 3656 1393 in

2062 1444 2220 1497 domo
2253 1441 2381 1503 Dei,
2433 1439 2639 1508 speravi
2684 1439 2737 1490 in
2787 1434 3155 1489 misericordia
3185 1432 3281 1486 Dei
3311 1434 3365 1484 in
3398 1442 3655 1486 wternum

2062 1547 2111 1590 et
2142 1538 2194 1589 in
2225 1534 2479 1589 swcutum
2510 1530 2712 1585 sit-culi.
2768 1527 2872 1595 Qui
2900 1529 3025 1582 ﬁnis
3064 1527 3281 1579 futurus
3307 1525 3380 1577 sit
3411 1525 3532 1592 ejus
3555 1523 3654 1594 qui

2064 1634 2259 1697 potens
2294 1631 2379 1695 est
2416 1625 2470 1677 in
2516 1622 2827 1690 iniquitate,
2871 1634 2935 1672 ex
2964 1618 3078 1685 jam
3104 1615 3267 1669 dictis
3301 1614 3652 1668 edidicimus.

2064 1718 2177 1789 Ego
2202 1716 2499 1779 autem,ait
2531 1713 2719 1775 David,
2747 1712 2831 1765 his
2855 1710 3107 1764 eruditus
3143 1724 3172 1761 a
3197 1706 3405 1777 Spiritu
3438 1714 3651 1766 sancto.

2064 1825 2242 1881 neque
2290 1809 2359 1864 de
2403 1805 2753 1861 multitudine
2796 1813 3274 1872 temperanearum
3314 1798 3653 1861 divitiarum,

372 1899 466 1951 ἐπὶ
514 1897 707 1967 πλήθει
757 1896 985 1949 πλούτου
1048 1897 1386 1968 προσκαίρου
1446 1896 1745 1968 ἐπαρθείην
1798 1897 1961 1961 ποτὲ,

2068 1917 2246 1972 neque
2291 1902 2358 1955 de
2404 1899 2648 1953 vanitate
2695 1896 2944 1950 mortalis
2992 1894 3119 1947 vita:
3174 1908 3415 1962 unquam
3462 1891 3657 1959 extol-

368 1989 493 2041 οῦτε
543 1990 637 2042 ἐπὶ
688 1989 1006 2060 ματαιότητι
1052 1988 1145 2041 τοῦ
1196 1986 1391 2059 θνητοῦ
1442 1988 1589 2059 βίου·
1628 1991 1965 2055 Ματαιότης

373 2083 481 2151 γὰρ
532 2082 977 2150 ματαιοτήτων,
1026 2082 1100 2135 τὰ
1148 2082 1344 2135 πάντα
1398 2083 1743 2151 ματαιότης.
1806 2080 1965 2135 Ἀλλά

374 2175 468 2227 καὶ
526 2174 743 2243 φεύγων
794 2176 895 2247 τὴν
927 2176 1047 2229 ὁδὸν
1090 2174 1183 2228 τοῦ
1241 2174 1469 2229 δυνατοῦ
1525 2176 1584 2227 ἐν
1615 2175 1803 2246 κακίᾳ,
1864 2176 1965 2245 τὴν

374 2264 611 2335 ἐμαυτοῦ
664 2266 909 2334 γλῶτταν
964 2268 1060 2319 καὶ
1121 2266 1191 2319 τὰ
1245 2268 1467 2337 ῥήματα
1530 2266 1630 2319 οὐκ
1684 2267 1764 2329 εἰς
1814 2266 1965 2318 ἀπώ-

373 2359 521 2414 λειαν
548 2358 749 2430 ἐτέρων
802 2360 1155 2430 ἀκονήσαιμι,
1179 2359 1296 2412 ἀλλ’
1347 2360 1434 2411 ἐπ’
1462 2359 1700 2430 ὠφελείᾳ
1752 2358 1961 2429 ψυχῶν,

372 2454 467 2505 καὶ
498 2455 577 2515 εἰς
599 2452 874 2506 διακονίαν
902 2452 1186 2524 σωτηρίων
1222 2452 1416 2519 λόγων.
1470 2453 1581 2506 Καὶ
1599 2456 1719 2513 ταῖς
1750 2452 1964 2515 λοιπαῖς

371 2544 428 2597 δὲ
458 2544 720 2616 πράξεσιν
753 2544 926 2608 οὕτως
960 2545 1025 2599 ἂν
1054 2544 1313 2617 γενοίμην
1352 2544 1585 2616 εὐθαλὴς
1639 2545 1731 2597 καὶ
1760 2543 1961 2615 εύκαρ-

374 2653 495 2701 πος,
544 2638 620 2699 ὡς
670 2637 1113 2710 παραϐάλλεσθαι
1177 2656 1277 2709 μου
1338 2638 1436 2709 τὴν
1490 2636 1666 2707 ψυχὴν
1726 2636 1969 2690 ἀειθαλεῖ

389 2731 472 2782 καὶ
508 2730 844 2800 πολυκάρπῳ
877 2730 1028 2801 φυτῷ
1085 2733 1143 2784 ἐν
1182 2732 1315 2801 οἴκῳ
1364 2731 1499 2784 Θεοῦ
1546 2730 1960 2801 πεφυτευμένῳ.

374 2822 465 2873 Διό
500 2838 661 2892 φημι·
705 2821 852 2892 Ἐγὼ
878 2822 946 2875 δὲ
977 2822 1121 2876 ὡσεὶ
1143 2822 1318 2876 ἐλαία
1365 2821 1744 2890 κατάκαρπος
1771 2823 1842 2875 ἐν
1883 2824 1964 2888 τῷ

372 2914 518 2977 οἴκῳ
544 2915 652 2967 τοῦ
680 2914 848 2968 Θεοῦ·
880 2916 914 2986 ἢ
942 2916 1082 2969 κατὰ
1103 2917 1193 2969 τὸν
1219 2916 1532 2987 Σύμμαχον·
1569 2915 1710 2985 Ἐγὼ
1731 2915 1799 2968 δὲ
1820 2916 1966 2969 ὡσεὶ

374 3006 549 3059 ἐλαία
570 3004 834 3073 εὐθαλὴς
872 3006 942 3058 ἐν
968 3003 1049 3070 τῷ
1082 3008 1227 3070 οἴκῳ
1290 3007 1398 3060 τοῦ
1450 3006 1619 3059 Θεοῦ.
1675 3007 1810 3060 Οὐδὲ
1856 3008 1963 3079 γὰρ

376 3096 636 3149 ἀπένευον
666 3096 760 3149 τοῦ
787 3095 938 3150 οἴκου
991 3096 1086 3150 τοῦ
1148 3096 1302 3151 Θεοῦ·
1366 3097 1482 3151 ἀλλ’
1529 3099 1679 3151 ἔνδον
1721 3102 1779 3151 ἐν
1814 3098 1965 3169 αὐτῷ

373 3189 564 3261 ὥσπερ
587 3195 644 3245 ἐν
673 3190 927 3263 γεωργίῳ
953 3190 1088 3244 Θεοῦ
1126 3191 1557 3260 πεφυτευμένης,
1590 3192 1685 3242 καὶ
1732 3184 1842 3242 τῶν
1870 3207 1965 3244 να-

2067 1996 2144 2047 lar
2204 2011 2217 2047 τ
2273 2006 2400 2045 nam
2456 1991 2666 2043 vanitas
2714 1988 3049 2049 vanitatum,
3104 1986 3283 2038 omnia
3327 1984 3537 2037 vanitas
3586 1983 3653 2034 ⁸⁵.

2067 2085 2180 2138 ιιηο
2208 2099 2338 2139 vero
2391 2086 2534 2137 viam
2571 2081 2807 2152 potentis
2857 2080 2910 2133 in
2962 2078 3245 2147 iniquitate
3278 2077 3516 2146 fugiens,
3551 2076 3657 2129 lin-

2066 2194 2226 2249 gnam
2252 2185 2305 2233 et
2332 2179 2497 2232 verba
2529 2193 2647 2229 mea
2679 2191 2787 2230 non
2841 2176 2893 2226 in
2942 2172 3239 2241 perniciem
3293 2172 3524 2223 aliorum
3559 2185 3656 2224 ex-

2067 2286 2294 2337 acuam;
2332 2269 2426 2325 sed
2461 2270 2525 2323 ad
2557 2270 2843 2322 utilitatem
2880 2267 3186 2319 animarum
3217 2271 3270 2317 et
3300 2264 3367 2316 ad
3406 2263 3656 2316 ministe-

2066 2363 2207 2414 rium
2238 2362 2495 2415 salutaris
2524 2359 2819 2413 sermonis.
2846 2355 2911 2408 Et
2944 2355 2999 2408 in
3025 2355 3252 2423 reliquis
3285 2353 3543 2423 operibus
3575 2352 3655 2407 sic

2066 2454 2270 2508 virens.
2324 2452 2405 2505 sic
2438 2448 2688 2504 fructifei‘
2720 2447 2967 2508 evadam,
3016 2453 3074 2497 ut
3101 2444 3281 2498 anima
3316 2458 3434 2497 mea
3472 2442 3655 2496 arbori

2066 2560 2278 2614 semper
2321 2544 2518 2598 virenti
2561 2558 2624 2595 ac
2670 2539 2969 2593 fructifera:
2995 2539 3047 2590 in
3083 2538 3248 2591 domo
3278 2535 3371 2588 Dei
3404 2536 3655 2615 plautattr

2065 2646 2436 2708 comparetur.
2505 2634 2870 2701 Quamobrem
2923 2631 3047 2685 dico
3098 2648 3111 2683 :
3162 2628 3273 2698 Ego
3312 2638 3488 2681 autem
3521 2631 3655 2681 sicut

2065 2732 2206 2785 oliva
2237 2730 2520 2800 fructifera
2556 2729 2607 2782 in
2638 2727 2793 2779 domo
2824 2724 2957 2787 Dei;
2993 2723 3130 2785 sive,
3158 2720 3457 2775 secundum
3494 2720 3656 2791 Sym-

2066 2824 2346 2887 machum,
2375 2822 2491 2893 Ego
2527 2831 2703 2875 autem
2728 2821 2865 2873 sicut
2894 2818 3034 2870 oliva
3061 2816 3231 2868 virens
3260 2816 3315 2868 in
3350 2815 3506 2868 domo
3543 2815 3654 2871 Dei.

2064 2917 2251 2987 Neque
2283 2917 2429 2970 enim
2472 2914 2694 2967 domum
2737 2911 2832 2966 Dei
2878 2910 3226 2974 abnuebam;
3275 2908 3368 2961 sed
3419 2907 3568 2961 intus
3603 2909 3656 2961 in

2065 3011 2184 3079 ipsa
2214 3008 2375 3079 quasi
2412 3007 2469 3061 in
2502 3021 2631 3077 agro
2657 3003 2751 3059 Dei
2779 3004 3078 3073 plantatus,
3132 3006 3187 3055 et
3234 3000 3369 3053 rivis
3402 2998 3572 3053 fontis
3603 3001 3656 3053 in

2063 3101 2228 3156 domo
2253 3099 2349 3154 Dei
2387 3096 2745 3153 scaturientis
2797 3094 3009 3158 fruens,
3055 3092 3305 3147 fructifer
3346 3108 3409 3146 ac
3444 3108 3655 3160 semper

2063 3191 2254 3245 virens
2277 3189 2450 3252 evasi,
2475 3187 2730 3257 exemplo
2760 3186 2976 3240 arboris
3003 3185 3180 3248 olivae,
3208 3200 3330 3253 quae
3358 3185 3499 3238 inter
3519 3200 3657 3237 sem-

380 3282 564 3350 μάτων
590 3284 689 3354 τῆς
726 3284 784 3335 ἐν
812 3282 891 3353 τῷ
928 3283 1062 3353 οἴκῳ
1114 3282 1206 3335 τοῦ
1253 3281 1388 3335 Θεοῦ
1418 3282 1602 3352 πηγῆς
1649 3283 1960 3347 ἀπολαύων,

2068 3300 2165 3354 per
2184 3283 2423 3337 virentes
2450 3286 2871 3335 annumeratur.
2900 3279 3173 3333 Observes
3203 3279 3365 3331 velim
3397 3276 3657 3329 Davidem

379 3374 727 3447 πολύκαρπος
754 3376 1015 3446 ἐγινόμην
1052 3375 1146 3427 καὶ
1198 3374 1478 3445 ἀειθαλὴς,
1514 3375 1657 3429 κατά
1683 3376 1745 3428 τὸ
1785 3377 1962 3444 παρά·-

372 3469 573 3539 δειγμα
590 3468 683 3522 τοῦ
711 3468 810 3539 τῆς
833 3469 1021 3531 ἐλαίας
1054 3468 1247 3537 φυτοῦ,
1279 3469 1416 3540 ὅπερ
1456 3471 1514 3521 ἐν
1546 3471 1658 3533 τοῖς
1687 3468 1962 3523 ἀειθαλέσι

379 3560 762 3631 παρείληπται.
811 3561 978 3631 Τήρει
1010 3560 1087 3624 δέ,
1147 3561 1229 3613 ὄτι
1280 3561 1453 3613 ταῦτα
1499 3560 1673 3629 λέγων
1714 3561 1742 3612 ὁ
1775 3559 1958 3623 Δαυτδ,

377 3650 501 3703 οὕτε
546 3652 638 3704 ἐπὶ
689 3652 789 3721 τῆς
832 3651 1187 3724 Ἰερουσαλὴμ
1219 3651 1547 3721 ἐτύγχανεν,
1604 3652 1670 3722 ἢν
1713 3649 1961 3721 ἐνόμιζον

378 3739 518 3797 εἶναι
560 3744 828 3798 Ἰουδαίων
878 3745 1064 3808 παῖδες
1118 3741 1265 3798 οἷκον
1330 3744 1421 3797 τοῦ
1468 3744 1624 3797 Θεοῦ·
1677 3743 1801 3797 οῦτε
1852 3745 1961 3815 γὰρ

376 3836 707 3908 ᾠκοδόμητο·
744 3836 857 3889 ἀλλ’
890 3836 1011 3889 οὐδὲ
1058 3838 1117 3889 ἐν
1150 3839 1214 3907 τῇ
1246 3838 1416 3906 σκηνῇ
1446 3839 1512 3907 τῇ
1548 3837 1653 3889 ὑπὸ
1684 3836 1963 3899 Μωῦσέως

378 3927 877 4000 κατεσκευασμένῃ,
917 3927 1086 3981 εἰσέτι
1125 3927 1247 3980 τότε
1298 3926 1455 3997 παρὰ
1504 3928 1775 3990 Ἰουδαίοις
1800 3926 1957 4000 οὔσῃ.

378 4020 598 4089 ⁴Ιθεύγων
624 4020 731 4090 γὰρ
764 4021 855 4073 τὸν
890 4018 1062 4073 Σαοὺλ
1105 4021 1232 4090 παρ’
1278 4019 1483 4090 ἑτέροις
1527 4018 1626 4081 τὰς
1677 4018 1962 4091 διατριϐὰς

383 4116 635 4166 ἐποιεῖτο·
660 4114 810 4183 ὅμως
834 4111 877 4164 δ’
899 4107 994 4165 οῦν
1025 4112 1126 4163 οὐκ
1157 4111 1342 4180 ἠγνόει
1388 4110 1579 4164 ἑαυτὸν
1613 4112 1670 4164 ἐν
1719 4111 1797 4182 τῷ
1827 4110 1962 4181 οἴκῳ

378 4203 473 4256 τοῦ
499 4202 635 4256 Θεοῦ
669 4203 1092 4274 πεφυτευμένον·
1130 4198 1277 4255 οἷκον
1302 4201 1437 4255 Θεοῦ
1462 4202 1598 4255 νοῶν
1625 4202 1687 4255 τὸ
1712 4201 1962 4266 θεοσεϐὲς

382 4295 701 4367 πολίτευμα.
719 4296 829 4349 Καὶ
857 4295 1154 4367 ἐπειδήπερ
1182 4295 1558 4367 κατάκαρπος,
1584 4295 1705 4348 οὐδὲ
1731 4296 1962 4367 πικροὺς

380 4388 562 4455 φέρων
582 4389 848 4459 καρποὺς,
884 4388 1100 4456 γλυκεῖς
1136 4387 1194 4440 δὲ
1224 4387 1321 4439 καὶ
1352 4387 1552 4459 πολλῆς
1575 4389 1846 4458 γέμοντας
1875 4404 1961 4456 φι-

381 4481 749 4552 λανθρωπίας,
782 4481 1008 4543 εἰκότως
1029 4480 1212 4544 ἐλαίας
1238 4481 1391 4553 φυτῷ
1416 4481 1761 4552 κατακάρπῳ
1814 4497 1960 4552 παρ-

381 4572 656 4635 εϐάλλετο,
686 4572 778 4626 τὸν
811 4575 890 4635 εἰς
919 4573 1047 4635 τοὺς
1079 4571 1249 4635 πέλας
1284 4572 1432 4625 ἔλεον
1460 4574 1833 4643 σημαίνοντος,
1869 4574 1962 4626 καὶ

2070 3377 2186 3431 haec
2225 3376 2499 3431 dicentem
2530 3389 2641 3427 non
2676 3371 2850 3427 fuisse
2900 3372 2955 3425 iu
2996 3369 3323 3434 Jerusalem,
3364 3385 3527 3440 quam
3559 3369 3659 3423 do-

2069 3484 2218 3522 mum
2246 3466 2340 3521 Dei
2372 3482 2495 3521 esse
2532 3464 2947 3520 arbitrabantur
2992 3460 3202 3528 Judaei;
3235 3464 3479 3516 nondum
3510 3462 3655 3515 enim

2068 3559 2335 3615 aedificata
2366 3558 2571 3622 fuerat;
2608 3557 2704 3613 sed
2740 3572 2917 3626 neque
2948 3557 3002 3611 in
3037 3554 3393 3610 tabernaculo
3412 3570 3442 3607 a
3472 3552 3658 3623 Moyse

2070 3656 2305 3711 structo,
2335 3647 2482 3718 quod
2514 3646 2694 3701 adhuc
2724 3642 2893 3716 penei;
2920 3645 3140 3701 Iudaeos
3170 3653 3308 3701 erat.
3339 3644 3474 3699 Cum
3510 3645 3656 3698 enim

2069 3742 2283 3813 fugeret
2332 3758 2361 3796 a
2390 3744 2576 3806 Saule,
2627 3742 2771 3813 apud
2815 3742 2956 3797 alios
2992 3742 3352 3796 morabatur:
3388 3747 3443 3795 et
3474 3747 3657 3794 tamen

2072 3853 2179 3889 non
2216 3836 2498 3906 ignorabat
2524 3851 2583 3890 se
2623 3836 2677 3889 in
2721 3835 2885 3888 domo
2912 3834 3005 3889 Dei
3040 3835 3341 3905 plantatum
3373 3848 3533 3898 esse;
3571 3835 3657 3887 in-

2070 3928 2321 3996 telligens
2363 3925 2585 3979 domum
2628 3924 2724 3981 Dei
2770 3925 3085 3996 religiosum
3137 3940 3260 3980 esse
3317 3925 3652 3980 institutum.

2070 4020 2135 4073 Et
2165 4020 2421 4090 quoniam
2452 4018 2701 4073 fructifer
2739 4029 2875 4082 erat,
2918 4036 3095 4090 neque
3126 4034 3367 4083 amaros,
3401 4019 3496 4075 sed
3527 4020 3654 4073 dul-

2070 4130 2163 4168 ces
2186 4122 2240 4167 et
2270 4113 2606 4167 humanitate
2636 4115 2825 4183 plenos
2869 4113 3083 4170 fructus
3113 4114 3339 4181 ferebat,
3388 4114 3513 4183 jure
3537 4113 3656 4166 fru-

2069 4215 2277 4261 ctuosa!
2321 4207 2505 4261 arbori
2547 4206 2702 4261 olivas
2733 4210 3179 4279 comparabatur,
3214 4212 3464 4279 exemplo
3488 4210 3656 4264 mise-

2069 4299 2363 4353 ricordiam
2393 4300 2447 4352 in
2478 4300 2779 4369 proximos,
2835 4307 2889 4355 et
2934 4300 3329 4356 humanitatem
3380 4302 3433 4356 in
3462 4316 3654 4357 omnes

2071 4390 2431 4462 signiﬁcante.
2490 4390 2689 4460 Utpote
2718 4393 2884 4461 igitur
2921 4394 3014 4463 qui
3047 4401 3128 4447 tot
3156 4394 3315 4449 bonis
3348 4396 3653 4449 instructus

2069 4490 2239 4545 esset,
2278 4493 2683 4554 consequenter
2718 4485 2881 4539 infert
2914 4506 2926 4540 ;
2956 4486 3175 4555 Speraui
3209 4489 3262 4541 in
3286 4488 3652 4543 misericordia

2072 4574 2167 4628 Dei
2198 4575 2253 4627 in
2283 4564 2538 4630 aeternum
2566 4585 2615 4629 et
2649 4577 2704 4628 in
2732 4578 2986 4631 swculum
3010 4581 3222 4634 saeculi.

381 4663 479 4735 τὴν
516 4665 597 4726 εἰς
654 4664 897 4727 ἅπαντας
949 4664 1357 4735 φιλανθρωπίαν
1385 4664 1478 4718 τοῦ
1514 4663 1970 4736 παραδείγματος.
2025 4665 2111 4729 Ὡς
2143 4662 2235 4719 οὖν
2264 4667 2538 4731 τοσούτοις
2597 4667 2798 4738 βρίθων
2858 4670 3103 4737 ἀγαθοῖς,
3135 4669 3443 4734 ἀκολούθως
3471 4670 3653 4725 ἐπιλέ-

382 4773 487 4826 γει·
518 4759 787 4811 Ἥλπισα
808 4757 906 4810 ἐπὶ
938 4757 1003 4810 τὸ
1033 4756 1206 4823 ἕλεος
1227 4757 1335 4811 τοῦ
1358 4757 1505 4811 Θεοῦ
1534 4760 1619 4822 εἰς
1647 4757 1755 4810 τὸν
1775 4756 1960 4811 αἰῶνα
1996 4759 2095 4811 καὶ
2118 4763 2206 4825 εἰς
2236 4760 2343 4814 τὸν
2368 4760 2553 4815 αἰῶνα
2584 4761 2690 4815 τοῦ
2712 4760 2946 4827 αἰῶνος.

455 4852 561 4905 Τοῦ
591 4853 689 4922 μὲν
709 4853 816 4924 γὰρ
842 4853 900 4905 ὲν
933 4853 1101 4924 κακία
1150 4850 1378 4906 δυνατοῦ
1402 4852 1462 4904 τὸ
1486 4851 1641 4915 τέλος
1674 4851 1962 4922 ἐκρίζωσιν

2143 4852 2275 4907 Nam
2300 4855 2447 4909 illius
2473 4855 2715 4925 quidem,
2768 4855 2863 4924 qui
2917 4862 3110 4924 potens
3140 4863 3224 4911 est
3255 4855 3308 4908 in
3336 4855 3645 4924 iniquitate,

382 4943 530 5013 αὐτῷ
581 4944 675 4997 καὶ
725 4942 1029 5012 ἀφανισμὸν
1062 4941 1267 5013 ἐδήλου.
1320 4940 1518 5013 Ἐχρῆν
1572 4942 1677 5013 γὰρ
1720 4940 1817 5012 τὴν
1854 4940 1963 4993 τῶν

386 5034 596 5105 πικρῶν
624 5034 867 5106 οἱστικὴν
904 5032 1059 5104 ῥίζαν
1088 5034 1317 5106 καρπῶν
1364 5034 1501 5105 πρὸς
1533 5032 1628 5087 τοῦ
1671 5033 1779 5087 τῶν
1825 5033 1963 5087 ὅλων

386 5126 548 5194 σοφοῦ
575 5126 823 5200 γεωργοῦ
850 5126 1221 5197 ἀποκταλῆναι
1239 5127 1333 5198 (l).
1365 5128 1493 5181 ’0δέ
1524 5127 1654 5179 ὡσεὶ
1676 5127 1831 5182 ἐλαία
1864 5143 1962 5181 κα-

381 5224 663 5293 τάκαρπος
690 5222 748 5275 ὲν
778 5219 858 5291 τῷ
880 5222 1014 5292 οἴκῳ
1042 5220 1135 5273 τοῦ
1163 5219 1321 5283 Θεοῦ,
1347 5220 1574 5290 ἤλπισεν
1601 5220 1693 5271 ἐπὶ
1724 5218 1786 5271 τὸ
1814 5219 1961 5283 ἔλεος

380 5313 476 5366 τοῦ
502 5312 637 5367 Θεοῦ
670 5316 749 5376 εἰς
770 5313 860 5365 τὸν
893 5312 1065 5365 αἰῶνα
1092 5312 1185 5364 καὶ
1212 5313 1291 5373 εἰς
1319 5312 1409 5363 τὸν
1430 5309 1599 5363 αἰῶνα
1618 5309 1711 5362 τοῦ
1744 5310 1958 5373 αἰῶνος,

380 5405 682 5460 αθανασίαν
724 5404 820 5457 καὶ
848 5402 993 5474 ζωὴν
1037 5404 1253 5457 αἰώνιον
1313 5401 1666 5472 ποριζόμενος
1700 5401 1809 5453 ἀπὸ
1862 5400 1962 5470 τῆς

382 5496 595 5567 ἀγαθῆς
643 5494 855 5557 ἐλπίδος
880 5534 895 5559 ,
953 5489 1022 5567 ἦς
1081 5492 1277 5547 οὔποτε
1322 5493 1654 5545 ἐκπεσεῖται·
1729 5493 1795 5547 Ἡ
1850 5493 1961 5564 γὰρ

381 5580 582 5654 ἐίἰπίς,
622 5589 762 5642 κατὰ
795 5587 887 5640 τὸν
933 5586 1275 5647 Ἀπόστολον,
1303 5587 1375 5637 οὺ
1415 5584 1820 5652 καταισχύνει.
1843 5579 1957 5637 Εἶθ’

382 5681 460 5745 ὡς
480 5682 568 5733 ἐπ’
594 5681 817 5749 ἀγαθοῖς
850 5682 1101 5752 καρποῖς,
1139 5678 1346 5748 ἀγαθὰς
1367 5677 1585 5741 ἐλπίδας
1619 5677 1797 5749 ἐαυτῷ
1824 5678 1956 5730 ὑπο-

456 5802 504 5832 ⁶³
541 5800 718 5855 Eccle.
758 5818 807 5861 ι,
837 5800 892 5853 2.
970 5800 1014 5832 ⁸⁸
1051 5800 1209 5853 Rom.
1245 5814 1301 5861 v,
1333 5798 1386 5852 5.

456 5892 535 5959 (l)
580 5890 1029 5960 ’Aa’oxtalﬁrm.
1075 5893 1227 5947 Anne
1260 5888 1667 5959 ἀποκταθῆναιῖ
1691 5886 1848 5942 Ent‘r.

2074 4947 2232 5001 finem
2256 4948 2600 5019 signiﬁcabat
2631 4963 2755 5002 esse
2782 4946 3207 5002 eradicationem
3238 4955 3291 5001 et
3317 4947 3648 5001 destructio-

2070 5055 2232 5105 nem;
2278 5039 2516 5093 radicem
2551 5040 2696 5092 enim
2733 5054 3043 5094 amarorum
3078 5040 3352 5093 fructuum
3387 5038 3644 5105 feracem,

2070 5134 2379 5200 asapiente
2436 5130 2682 5183 omnium
2740 5130 2980 5200 agricola
3035 5128 3305 5184 eradicari
3338 5129 3641 5197 oportebat.

2069 5222 2173 5289 Qui
2207 5239 2338 5293 vero
2362 5223 2505 5279 sicut
2532 5223 2673 5277 oliva
2706 5222 2989 5277 fructifera
3021 5223 3075 5276 in
3107 5222 3270 5277 domo
3307 5221 3422 5283 Dei,
3452 5238 3645 5290 spera—

2067 5316 2142 5368 vit
2169 5316 2222 5368 in
2258 5314 2634 5370 misericordia
2671 5315 2765 5370 Dei
2819 5316 2872 5368 in
2924 5324 3186 5369 mternum
3213 5322 3266 5368 et
3296 5314 3347 5366 in
3383 5315 3641 5367 sarculum

2068 5408 2273 5472 saeculi,
2299 5407 2762 5463 immortalitatem
2811 5416 2865 5461 et
2901 5407 3067 5460 vitam
3088 5414 3347 5459 mternam
3378 5405 3544 5460 refert
3572 5406 3645 5459 ob

2066 5500 2266 5555 bonam
2300 5514 2473 5570 spem,
2508 5515 2615 5570 qua
2652 5514 2930 5568 nunquam
2964 5498 3217 5563 excidet;
3250 5512 3375 5551 nam
3398 5538 3411 5558 ,
3445 5513 3643 5549 seeuu-

2065 5589 2196 5644 dum
2230 5590 2573 5661 Apostolum,
2631 5608 2745 5661 spes
2790 5607 2893 5643 non
2948 5589 3223 5667 confundit
3282 5589 3366 5650 “’;
3421 5587 3640 5647 deinde.

2066 5690 2256 5753 utpote
2290 5683 2359 5738 de
2387 5683 2546 5740 bonis
2584 5682 2875 5750 fructibus,
2929 5682 3127 5738 bonam
3176 5681 3288 5736 sibi
3314 5696 3465 5751 spem
3506 5697 3644 5733 eoin-
