4158 6376
498 397 594 452 ιῑῑι

1158 379 1429 437 EUSEBII
1467 368 1946 433 CESARIENSIS
1993 365 2144 423 OPP.
2191 362 2375 418 PARS
2436 361 2527 417 Ill.
2568 384 2638 399 ——
2678 353 3085 412 EXEGETICA.

3649 343 3761 404 459

499 517 747 585 signans.
787 520 981 563 uorum
1026 513 1251 558 causam
1284 499 1553 553 bonorum
1587 493 1833 546 omnium
1867 487 2078 544 submi-

2211 483 2590 551 υπωσάμενος,
2636 477 2735 547 τὴν
2795 474 2975 529 αἰτίαν
3029 470 3248 534 ἐξάπτει
3279 467 3359 538 τῷ
3400 466 3616 519 πάντων
3652 462 3760 517 τῶν

2295 569 2360 585 η·-
2691 564 2829 585 κλημ
2859 580 2886 585 __
2944 557 3492 585 ant-.--1--ntn.\..n:
3550 571 3645 585 ,ηπ
3682 556 3760 585 οι..

502 579 786 657 ιιὶεινιιιοτὶ
831 592 1056 651 ascribit
1087 590 1278 645 dicens
1310 607 1325 642 :
1367 582 1673 653 Confitebor
1703 579 1801 634 tibi
1828 581 1883 633 in
1909 594 2080 632 saecu-

505 692 637 752 lum,
665 688 792 758 quia
826 683 1017 754 fecisti.
1048 678 1235 749 Neque
1256 675 1400 731 enim
1430 688 1555 743 ego,-
1583 670 1784 740 inquit,
1822 684 1909 722 me
1940 666 2084 722 sicut

505 757 1065 838 olivam-fructiferam
1093 767 1400 838 composui,
1434 764 1528 820 sed
1549 774 1608 817 tu
1638 759 1816 816 fecisti
1859 776 1872 811 :
1904 757 2000 812 abs
2032 766 2086 811 te

507 874 652 931 enim
679 869 852 941 gratia
878 885 893 935 ;
918 881 1088 938 quare
1125 875 1405 932 nunquam
1439 859 1598 912 linem
1620 854 1817 908 faciam
1844 850 1943 905 tibi
1962 865 2087 919 gra-

502 968 615 1022 tias
643 962 881 1019 habendi
940 974 1005 1014 ac
1047 953 1343 1013 conﬁtendi
1382 969 1394 1003 :
1440 950 1534 1006 sed
1592 956 1883 1018 postquam
1918 942 2088 998 semel

510 1057 725 1131 speravi
749 1057 805 1111 in
826 1049 1205 1108 misericordia
1248 1046 1364 1113 Dei,
1394 1041 1703 1110 exspectabo
1732 1055 1917 1095 nomen
1949 1037 2084 1106 ejus.

510 1151 647 1206 Nam
678 1162 803 1203 cum
829 1147 974 1202 bona
999 1157 1125 1214 spes
1167 1139 1367 1202 subsit,
1405 1134 1670 1208 patientia
1720 1131 1881 1188 nobis
1925 1143 2084 1200 opus.

510 1242 855 1312 Quapropter
883 1232 1192 1306 exspectabo
1245 1246 1432 1286 nomen
1487 1238 1658 1290 tuum,
1710 1225 1806 1287 ait,
1836 1222 2088 1294 quoniam

510 1336 705 1389 bonum
720 1341 799 1387 est
826 1333 883 1386 in
912 1338 1188 1398 conspectu
1211 1333 1517 1380 sanctorum
1564 1329 1820 1380 tuorum;
1852 1315 1968 1371 sive
1996 1327 2088 1369 se-

513 1426 757 1481 cundum
800 1420 1214 1493 Symmachum,
1248 1415 1515 1483 Quoniam
1534 1412 1728 1464 bonum
1772 1416 1851 1462 est
1903 1421 2092 1461 nomen

516 1516 746 1585 «tumin
763 1522 1038 1582 conspectu
1053 1517 1355 1563 sanctorum
1380 1515 1609 1557 tuorum.
1633 1500 1851 1555 Gnarus
1907 1497 2093 1566 itaque

518 1609 699 1679 ipsum
724 1605 930 1660 bonum
972 1615 1096 1656 esse
1141 1607 1196 1653 et
1221 1599 1489 1652 bonorum
1509 1599 1810 1653 auctorem,
1852 1602 1961 1642 non
1995 1601 2093 1656 po-

516 1676 760 1755 tantibus
798 1696 855 1750 in
886 1693 1114 1756 malitia,
1166 1705 1278 1745 non
1325 1685 1555 1756 abjectis
1609 1679 1946 1743 hominibus,
2000 1676 2095 1732 sed

519 1790 765 1857 sanctis;
804 1788 930 1859 jure
967 1782 1276 1854 exspectabo
1319 1795 1506 1835 nomen
1565 1784 1743 1838 tuum,
1801 1767 1943 1828 bona
2001 1787 2098 1841 spe

2184 569 2402 637 ἀγαθῶν
2438 565 2659 638 χορηγῷ
2691 564 2886 631 λέγων’
2944 557 3492 629 Ἑξομολογήσομαί
3549 571 3646 609 σοι
3677 556 3765 619 εἰς

2183 663 2290 716 τόν
2321 660 2527 721 αἰῶνα,
2566 659 2657 711 ὅτι
2717 656 3033 722 ἐποίησας.
3090 653 3164 706 Ού
3223 650 3334 721 γὰρ
3392 648 3523 718 ἐγὼ,
3579 647 3765 717 φησιν,

2185 756 2417 827 ἐποίησα
2451 753 2687 822 ἐμαυτὸν
2718 751 2850 802 ὡσεὶ
2881 748 3064 801 ἐλαίαν
3101 745 3476 814 κατάκαρπον,
3531 740 3668 795 ἀλλὰ
3698 740 3766 795 σὺ

2185 847 2465 917 ἐποίησας’
2495 841 2646 914 παρὰ
2684 840 2778 894 σοῦ
2800 840 2907 910 γὰρ
2933 841 2966 908 ἡ
3000 838 3176 908 χάρις·
3210 835 3290 888 διὸ
3341 834 3598 886 οὐδέποτε
3624 831 3767 884 παύ-

2188 940 2350 1009 σομαί
2374 954 2459 989 σοι
2492 935 2589 1006 τὴν
2619 933 2776 1005 χάριν
2806 929 2979 993 εἰδὼς,
3008 928 3099 983 καί
3149 945 3229 980 σοι
3254 923 3765 997 ἐξομολογούμενος’

2187 1031 2334 1097 απαξ
2363 1030 2420 1084 δέ
2444 1029 2669 1089 ἐλπίσας
2694 1024 2786 1077 ἐπὶ
2815 1023 2875 1076 τὸ
2905 1022 3051 1084 ἔλεος
3071 1017 3166 1071 τοῦ
3191 1016 3349 1080 Θεοῦ,
3386 1011 3666 1083 ὑπομενῶ
3702 1011 3771 1065 td

2187 1125 2376 1193 ὄνομα
2406 1119 2614 1175 αὐτοῦ.
2634 1118 2747 1187 Τῆς
2770 1116 2879 1187 γὰρ
2903 1111 3115 1182 ἀγαθῆς
3144 1109 3355 1172 ἐλπίδος
3381 1106 3771 1177 ὑποκειμένης,

2187 1216 2465 1288 ὑπομονῆς
2494 1215 2627 1284 ἡμῖν
2660 1210 2835 1282 χρεία.
2862 1206 2956 1264 Διὸ
2980 1201 3257 1273 ὑπομενῶ
3296 1201 3365 1255 τὸ
3412 1198 3600 1269 ὄνομα
3631 1214 3773 1262 σου,

2188 1311 2374 1381 φησὶν,
2393 1307 2481 1360 ὅτι
2510 1303 2779 1375 χρηστόν
2796 1300 2966 1353 ἐστιν
2984 1296 3263 1349 ἐναντίον
3281 1292 3402 1346 τῶν
3430 1292 3616 1345 ὁσίων
3634 1307 3774 1343 σου⁹

2188 1403 2222 1474 ἢ
2253 1399 2395 1455 κατὰ
2417 1398 2507 1451 τὸν
2540 1393 2856 1465 Σύμμαχον,
2886 1390 3006 1440 Ὅτι
3042 1385 3269 1456 ἀγαθὸν
3295 1383 3362 1437 τὸ
3417 1381 3604 1451 ὄνομά
3654 1396 3774 1435 σου

2190 1471 2475 1559 ἄντικρυς
2532 1487 2650 1542 τῶν
2686 1485 2874 1539 ὁσίων
2919 1496 3059 1533 σου.
3115 1476 3284 1541 Εἰδὼς
3312 1471 3428 1538 οὖν,
3453 1477 3535 1528 ὅτι
3565 1473 3773 1543 ἀγαθόν

2193 1587 2330 1648 ἐστι,
2361 1582 2455 1635 καὶ
2488 1576 2708 1648 ἀγαθῶν
2731 1572 3034 1642 ποιητικὸν,
3071 1571 3131 1622 οὐ
3162 1572 3273 1632 τοῖς
3313 1568 3558 1630 δυνατοῖς
3587 1568 3647 1618 ἐν
3676 1581 3776 1619 κα-

2193 1677 2306 1747 κίᾳ,
2336 1673 2455 1727 ούδέ
2508 1674 2620 1734 τοῖς
2669 1667 2998 1739 ἀποὸλήτοις
3049 1664 3158 1716 τῶν
3218 1661 3455 1726 ζώντων,
3508 1658 3644 1712 ἀλλὰ
3663 1661 3777 1721 τοῖς

2194 1767 2382 1828 ὁσίοις,
2411 1764 2635 1825 εἰκότως
2662 1756 2941 1828 ὑπομενῶ
2976 1756 3042 1809 τὸ
3068 1752 3253 1823 ὄνομα
3276 1769 3413 1815 σου,
3455 1750 3672 1814 εὔελπις
3701 1748 3777 1803 ὢν

521 1883 712 1940 fruens
741 1896 828 1935 me
864 1892 1145 1946 nunquam
1191 1875 1474 1944 lapsuram
1511 1885 1543 1923 a
1572 1865 1948 1923 misericordia
1977 1871 2090 1917 tua.

2208 1859 2411 1929 μήποτε
2466 1855 2718 1907 ἐκπεσεῖν
2773 1850 2866 1904 τοῦ
2905 1847 2999 1901 σοῦ
3063 1845 3267 1908 ἐλέους.
3312 1842 3473 1896 Οὕτω
3517 1841 3647 1910 γοῦν
3677 1841 3775 1913 ἡλ-

522 1975 617 2034 Sic
646 1978 831 2046 itaque
860 1974 917 2027 in
944 1973 1068 2041 ipso
1100 1967 1316 2038 speravi
1361 1966 1417 2019 in
1447 1971 1712 2019 aeternum
1750 1959 1884 2016 etin
1916 1973 2091 2014 siccu-

522 2071 636 2124 lum
664 2068 871 2124 saeculi.

526 2180 578 2233 ι.
619 2176 687 2233 1N
737 2172 982 2239 FINEM,
1020 2170 1161 2226 Ριιο
1200 2163 1612 2239 usitatam,
1652 2147 2097 2217 INTELLIGEN-

1044 2240 1182 2297 '1‘le
1222 2237 1430 2292 DAVID
1468 2236 1577 2290 ιιι.

598 2342 763 2397 Vsus.
788 2339 910 2394 2-6.
946 2337 1096 2391 Dixit
1124 2334 1374 2401 insipiens
1422 2332 1479 2385 in
1524 2328 1679 2383 corde
1701 2343 1799 2383 suo
1827 2342 1845 2380 :
1877 2324 2001 2379 Non
2019 2332 2098 2379 est

526 2438 689 2492 Deus.
717 2432 966 2501 Corrupti
991 2439 1110 2483 sunt
1147 2437 1195 2481 et
1221 2421 1599 2479 abominabiles
1623 2419 1752 2489 facti
1771 2427 1893 2472 sunt
1914 2417 1972 2471 in
1997 2417 2101 2471 ini-

526 2528 836 2601 quitatibus,
859 2540 963 2577 non
1006 2529 1086 2577 est
1124 2520 1214 2590 qui
1255 2516 1422 2588 faciat
1452 2514 1665 2569 bonum.
1697 2510 2102 2581 Quinquagesi—

525 2634 653 2675 mus
679 2618 924 2687 psalmus
956 2611 1316 2668 confessionis
1344 2607 1564 2662 modum
1609 2605 1753 2675 ejus,
1810 2619 1972 2674 quem
2007 2601 2103 2656 ad-

527 2709 683 2765 missi
720 2703 929 2776 peccati
968 2703 1214 2772 prenitet,
1245 2696 1668 2767 complectitur;
1717 2708 1954 2764 sequens
1974 2707 2103 2747 vero

528 2802 589 2856 in
612 2799 817 2852 malitia
834 2796 1068 2867 potentis
1094 2801 1149 2849 et
1181 2792 1333 2861 impii
1366 2790 1536 2845 moris
1598 2788 1869 2843 insaniam
1902 2785 2106 2840 descri—

530 2892 652 2958 bit;
681 2906 746 2944 ac
765 2889 963 2960 qualis,
990 2901 1116 2941 cum
1144 2885 1330 2946 istum,
1362 2890 1478 2935 tum
1507 2881 1770 2951 priorem,
1795 2878 1920 2933 linis
1946 2892 2107 2932 exce-

531 2985 695 3056 perit.
728 2982 861 3036 Nam
892 2983 940 3037 ei
960 2981 1053 3051 qui
1077 2981 1133 3034 in
1168 2978 1327 3033 malis
1358 2978 1474 3033 suis
1509 2976 1846 3048 gloriabatur
1899 2974 2108 3029 dictum

531 3085 619 3131 est
647 3093 661 3128 :
699 3072 986 3142 Propterea
1020 3070 1157 3125 Deus
1181 3068 1415 3125 destruet
1453 3077 1501 3122 te
1531 3068 1585 3121 in
1620 3067 1799 3136 ﬁnem,
1831 3064 2014 3120 evellet
2037 3075 2105 3129 te,

532 3177 584 3224 et
606 3167 881 3238 emigrabit
913 3176 960 3219 te
977 3164 1040 3219 de
1085 3162 1526 3226 tabernaculo";
1555 3177 1623 3216 ex
1654 3174 1886 3231 persona
1926 3169 2109 3215 autem

2195 1967 2330 2003 πισα
2364 1948 2450 2001 ἐπ’
2473 1945 2623 2017 αὐτῷ
2655 1947 2733 2009 εἰς
2787 1943 2878 1996 τὸν
2927 1940 3098 1995 αἰῶνα
3128 1939 3220 1990 καὶ
3253 1940 3332 2000 εἰς
3373 1936 3461 1989 τὸν
3487 1935 3658 1990 αἰῶνα
3683 1934 3781 1989 τοῦ

2196 2039 2412 2101 αἰῶνος.

2200 2152 2309 2205 ΕΙΣ
2347 2151 2435 2203 ΤΟ
2475 2150 2723 2213 ΤΕΛΟΣ,
2762 2148 2946 2201 ΥΠΕΡ
2985 2140 3655 2199 ΜΑΕΛΕΘ,ΣΥΝΕΣΕΩΣ
3694 2139 3784 2192 ΤΩ

2824 2217 3024 2270 ΔΑΥΙΔ
3062 2214 3166 2267 NB’

2268 2333 2454 2391 Εἶπεν
2491 2334 2696 2404 ἄφρων
2714 2334 2783 2385 ἐν
2814 2331 3027 2399 καρδίᾳ
3050 2330 3256 2385 αὑτοῦ·
3293 2330 3414 2382 Οὐκ
3442 2327 3575 2381 ἐστι
3615 2326 3780 2391 Θεός.

2201 2425 2615 2495 Διεερθάρηπαν
2641 2423 2737 2475 καὶ
2765 2422 3222 2488 ἐϐδελύχθησαν
3251 2420 3321 2472 ἐν
3346 2417 3641 2486 ἀνομίαις,
3672 2417 3786 2469 οὐκ

2203 2519 2335 2573 ἐστι
2362 2514 2548 2569 ποιῶν
2576 2514 2823 2584 ἀγαθόν.
2864 2513 2921 2564 '0
2958 2512 3056 2582 μὲν
3095 2518 3137 2564 ν’
3163 2510 3550 2582 ἐξομολόγησιν
3579 2506 3785 2579 τρόπου

2206 2608 2702 2682 μεταγινώσκοντος
2757 2607 2842 2676 ἐφ’
2875 2600 2957 2668 οἷς
3012 2606 3284 2676 ἥμαρτεν,
3344 2605 3640 2673 περιεῖχεν·
3677 2600 3788 2654 ὁδὶ

2206 2702 2333 2771 ἑξῆς
2362 2699 2530 2769 αὐτῷ,
2562 2699 2819 2752 ἀπόνοιαν
2845 2696 2940 2751 τοῦ
2972 2698 3030 2750 ἐν
3059 2696 3227 2765 κακίᾳ
3248 2694 3471 2749 δυνατοῦ
3501 2694 3598 2747 καὶ
3625 2691 3788 2746 ἀθέου

2204 2794 2427 2866 τρόποψ
2474 2790 2656 2844 ὁποῖόν
2717 2807 2776 2842 τε
2824 2788 3011 2843 τοῦτον
3056 2787 3322 2858 διεδέχετο
3377 2785 3438 2838 τὸ
3489 2783 3662 2848 τέλος,
3698 2784 3792 2837 καὶ

2207 2887 2389 2939 ὁποῖον
2410 2884 2501 2937 τὸν
2544 2882 2829 2955 πρότερον,
2863 2880 2953 2950 Τῷ
2989 2880 3087 2951 μὲν
3108 2880 3217 2951 γὰρ
3255 2876 3659 2948 καυῃσαμένῳ
3699 2876 3795 2928 ἐπὶ

2207 2979 2320 3039 τοῖς
2343 2972 2539 3028 ἐαυτοῦ
2564 2976 2753 3034 κακοῖς
2780 2972 3010 3041 ἐλέγετο·
3042 2968 3351 3023 Διὰ”τοῦτο
3395 2971 3428 3022 ό
3475 2966 3621 3033 Θεὸς
3648 2969 3793 3020 καθ-

2219 3067 2352 3122 ελεῖ
2369 3083 2445 3121 σε
2472 3069 2559 3132 είς
2587 3064 2780 3129 τέλος,
2802 3062 3027 3116 exsiliat
3057 3079 3131 3115 σε
3160 3061 3260 3114 καὶ
3306 3057 3797 3131 μεταναστεῦσαί

2210 3174 2286 3212 σε
2313 3155 2431 3211 ἀπὸ
2458 3153 2873 3223 σκηνώματος*
2907 3154 2973 3205 ἐκ
3022 3150 3314 3223 προσώπου
3342 3151 3399 3204 δέ
3428 3150 3521 3203 τοῦ
3544 3150 3797 3220 ἐξομολοά

534 3258 850 3314 conﬁtentis
867 3256 1234 3327 subjungitur,
1257 3254 1367 3325 Ego
1396 3262 1571 3307 autem
1597 3254 1729 3307 sicut
1748 3255 1887 3307 oliva
1919 3252 2105 3318 fructi-

2212 3248 2526 3320 γησαμένου
2557 3248 2796 3317 ἐπήγετο
2823 3244 2951 3315 ἐξῆς
3006 3245 3088 3310 τὸ,
3153 3244 3295 3313 Ἐγὼ
3329 3243 3398 3296 δὲ
3445 3244 3588 3297 ὡσεὶ
3621 3242 3797 3297 ἐλαία

538 3358 655 3424 [era
670 3355 725 3409 in
742 3352 898 3407 domo
927 3347 1045 3414 Dei,
1077 3346 1279 3416 speravi
1298 3346 1357 3399 in
1387 3344 1755 3399 misericordia
1773 3344 1886 3413 ejus
1911 3346 1967 3399 in
2004 3362 2109 3400 sae-

534 3443 811 3502 culum".
848 3440 947 3494 Hic
980 3454 1106 3494 vero
1172 3437 1267 3508 qui
1315 3436 1562 3508 psalmus
1613 3451 1724 3491 non
1778 3444 1885 3499 est,
1934 3451 2112 3505 neque

536 3540 683 3595 enim
715 3536 791 3591 ita
823 3533 1177 3599 inscribitur;
1223 3529 1320 3587 sed
1369 3543 1546 3599 neque
1578 3528 1851 3583 canticum
1875 3569 1890 3593 ,
1936 3544 2112 3598 neque

536 3633 671 3706 quid
706 3629 917 3695 simile,
982 3625 1239 3683 salutaris
1288 3622 1387 3679 Dei
1442 3623 1712 3678 adventus
1767 3623 2112 3693 prophetiam

538 3722 786 3781 continet
816 3758 833 3783 ,
883 3732 1045 3789 quem
1081 3714 1237 3771 multi
1267 3715 1545 3784 prophetae
1578 3719 1633 3768 et
1657 3713 1791 3782 justi
1824 3713 2114 3769 voluerunt

539 3814 742 3872 videre.
772 3811 1022 3865 Praesens
1041 3808 1243 3877 itaque,
1269 3806 1516 3876 quasi‘in
1556 3806 1800 3860 omnium
1831 3804 2111 3858 hominum

542 3905 725 3969 ruina,
755 3910 809 3957 et
834 3900 988 3972 quasi
1048 3898 1105 3952 in
1134 3897 1410 3952 communi
1440 3894 1727 3966 naufragio
1774 3896 1890 3950 haec
1921 3910 2112 3964 preca-

544 4006 636 4052 tur
660 4015 675 4050 :
706 3995 838 4061 Quis
858 3992 1005 4046 dabit
1034 4006 1102 4045 ea:
1131 3990 1262 4045 Sion
1290 3987 1542 4043 Salutare
1583 3986 1801 4042 Israel?
1841 4004 1961 4040 cum
1989 4003 2115 4040 con-

542 4088 753 4144 verterit
785 4086 1038 4139 Dominus
1084 4081 1439 4149 captivitatem
1461 4080 1627 4149 plebis
1662 4096 1795 4144 sua’,
1825 4078 2116 4133 exsultabit

544 4180 714 4235 Jacab
744 4187 793 4232 et
823 4175 1091 4231 lwtabitur
1113 4172 1325 4227 Israel:
1357 4172 1577 4243 quando
1626 4169 1895 4226 conﬁtens
1935 4170 2116 4224 decla-

550 4283 789 4338 ransque
813 4274 1035 4337 peccata
1058 4279 1176 4328 sua,
1209 4279 1305 4333 per
1329 4265 1627 4319 salutarem
1674 4261 1771 4315 Dei
1820 4259 2116 4315 adventum

545 4360 924 4436 purgationem
949 4364 1349 4412 consecuturus
1379 4362 1537 4421 erat;
1566 4352 1786 4423 quando
1808 4352 1960 4423 impii
1983 4362 2036 4407 et
2061 4352 2117 4405 in

547 4451 757 4507 malitia
785 4454 1032 4520 potentes
1079 4446 1360 4501 hominum
1418 4458 1622 4510 mores,
1671 4458 1782 4497 non
1826 4457 1922 4511 per
1951 4444 2116 4497 alium

547 4559 714 4617 quam
764 4558 863 4613 per
915 4555 1083 4597 unum
1137 4537 1501 4601 Salvatorem,
1561 4536 1654 4605 qui
1719 4534 2117 4590 insanabilibus

2212 3340 2593 3408 κατάκαρπος
2624 3338 2694 3391 ἐν
2724 3336 2805 3402 τῷ
2832 3337 2976 3401 οἴκῳ
2999 3336 3104 3389 τοῦ
3146 3333 3316 3399 Θεοῦ,
3342 3334 3579 3403 ἤλπισα
3599 3333 3701 3386 ἐπὶ
3726 3331 3794 3385 τὸ

2208 3431 2381 3496 ἕλεος
2411 3429 2598 3484 αὐτοῦ
2621 3431 2708 3495 είς
2736 3427 2844 3482 τὸν
2893 3426 3098 3481 αἰῶνα.
3144 3427 3201 3480 ’0
3250 3427 3308 3480 δὲ
3364 3425 3554 3498 παρὼν
3596 3426 3697 3479 οὐκ
3721 3425 3797 3479 ὢν

2209 3523 2443 3594 ψαλμὸς,
2474 3522 2537 3575 ού
2583 3521 2692 3593 γὰρ
2725 3520 2898 3584 οὕτως
2930 3521 3355 3592 ἐπιγέγραπται,
3387 3520 3502 3574 ἀλλ’
3523 3518 3795 3590 οὐδέᾡδὴ,

2210 3616 2332 3670 ούδὲ
2356 3634 2408 3669 τι
2437 3614 2546 3669 τῶν
2570 3613 2847 3678 τοιούτων,
2894 3613 3229 3685 προφητείαν
3260 3612 3504 3685 περιέχει
3554 3612 3656 3681 τῆς
3694 3626 3801 3663 σω·-

2210 3708 2401 3779 τηρίου
2428 3706 2764 3775 θεοφανείας,
2823 3708 2889 3778 ἢν
2926 3706 3111 3759 πολλοὶ
3156 3705 3431 3776 προφῆται
3488 3703 3582 3756 καὶ
3602 3702 3801 3756 δίκαιοι

2213 3800 2571 3871 ἐπεθύμησαν
2601 3801 2748 3854 ίδείν.
2786 3801 2995 3871 Ὥσπερ
3022 3796 3114 3853 οὖν
3144 3800 3239 3851 καὶ
3265 3799 3294 3849 ὁ
3331 3796 3467 3867 μετὰ
3492 3798 3680 3868 χεῖρας
3710 3796 3805 3848 ἐπὶ

2214 3897 2281 3966 τῇ
2310 3895 2528 3948 πάντων
2579 3893 2879 3966 ἀνθρώπων
2938 3892 3253 3955 διαπτώσει,
3317 3891 3411 3944 καὶ
3465 3889 3656 3960 ῶσπερ
3708 3887 3803 3942 ἐπὶ

2217 3986 2382 4057 κοινῷ
2414 3987 2657 4057 ναυαγίῳ
2691 3986 2984 4057 εὐχόμενος
3017 3985 3110 4038 καὶ
3156 3985 3347 4052 λέγων·
3391 3983 3487 4048 Τίς
3521 3981 3702 4036 δώσει
3731 3982 3803 4035 ἐκ

2218 4080 2373 4134 Σιὼν
2403 4080 2470 4131 τὸ
2506 4077 2805 4146 Σωτήριον
2829 4078 2936 4131 τοῦ
2979 4076 3255 4145 Ἰσραήλ,
3304 4076 3374 4128 ἐν
3419 4073 3502 4139 τῷ
3532 4074 3807 4143 estwth

2216 4175 2328 4240 ψαι
2360 4173 2578 4239 Κύριον
2623 4171 2739 4238 τὴν
2785 4170 3204 4239 αἰχμαλωσίαν
3262 4168 3368 4222 τοῦ
3408 4168 3563 4223 λαοῦ
3595 4168 3804 4232 αὐτοῦ,

2226 4263 2661 4335 ἀγαλλιάσεται
2685 4262 2903 4323 Ἰακὼϐ,
2922 4261 3017 4316 καὶ
3033 4260 3509 4330 εὐφρανθήσεται
3539 4259 3803 4329 Ἰσραήλδ

2228 4358 2317 4411 ὅτε
2362 4356 2492 4428 γὰρ’,
2536 4355 3028 4426 ἐξομολογούμενος
3070 4357 3168 4409 καὶ
3214 4354 3554 4427 ἐξαγορεύων
3584 4354 3654 4407 τὰ
3682 4356 3809 4407 ἐαυι

2219 4449 2313 4501 τοῦ
2344 4449 2719 4519 ἁμαρτήματα
2763 4447 2851 4500 διὰ
2882 4446 2981 4515 τῆς
3011 4446 3281 4517 σωτηρίου
3332 4446 3673 4517 θεοφανείας,
3704 4463 3808 4499 καο-

2223 4539 2468 4612 θάρσεως
2500 4539 2692 4610 ἔμελλε
2739 4538 3041 4604 τεύξεσθαι·
3078 4540 3167 4592 ὅτε
3213 4539 3369 4603 ἄθεος
3398 4542 3457 4593 ἐν
3501 4538 3810 4611 ἀνθρώποις

545 4636 749 4691 anima:
799 4633 1005 4690 morbis
1060 4630 1263 4684 mederi
1306 4628 1470 4695 valet,
1521 4627 1705 4683 curari
1738 4636 2013 4698 poterant.
2053 4627 2105 4680 Et

2224 4633 2319 4685 καὶ
2339 4633 2397 4684 ἐν
2420 4632 2589 4704 κακίᾳ
2638 4632 2864 4694 δυνατὸς
2891 4631 3092 4703 τρόπος
3129 4631 3236 4684 οὐδ’
3280 4630 3455 4693 ἄλλως
3497 4625 3609 4693 οἷός
3647 4646 3709 4683 τε
3739 4625 3809 4701 ἢν

552 4728 667 4783 haec
692 4726 759 4781 de
783 4725 924 4781 serie
951 4723 1098 4778 dicta
1110 4723 1241 4779 sint.

623 4990 865 5048 Observa
925 5007 1087 5062 porro
1143 4992 1284 5048 hanc
1338 4994 1681 5064 prophetiam
1744 4978 1835 5052 bis
1885 5010 1941 5047 in
1981 4993 2123 5049 libro

551 5081 897 5139 Psalmorum
934 5083 1082 5148 ferri,
1140 5083 1195 5138 in
1249 5084 1423 5154 prima
1459 5093 1632 5154 parte,
1690 5087 1901 5155 psalmo
1960 5087 2124 5140 tertio

555 5176 803 5241 decimo;
841 5175 897 5229 in
926 5174 1188 5239 secunda,
1210 5191 1278 5232 eo
1309 5191 1470 5246 quem
1488 5176 1601 5245 jam
1630 5184 1952 5233 tractamus.
1976 5176 2118 5232 Nam

555 5283 587 5320 a
623 5267 891 5338 principio
921 5267 989 5321 ad
1020 5268 1202 5333 linem,
1232 5267 1425 5323 iisdem
1455 5266 1567 5323 fere
1592 5268 1775 5323 verbis
1805 5269 1954 5338 jacet
1976 5268 2126 5325 deciv

555 5375 680 5414 mus
714 5359 909 5413 tertius
940 5372 1005 5413 ac
1058 5374 1295 5429 praesens
1327 5360 1607 5430 psalmus;
1643 5360 1729 5416 his
1766 5361 1947 5417 verbis
1994 5362 2130 5417 inci-

558 5452 735 5521 piens,
767 5450 916 5504 Dixit
947 5452 1199 5521 insipiens
1225 5441 1283 5507 in
1319 5453 1476 5508 corde
1507 5470 1602 5508 suo
1626 5471 1645 5509 :
1670 5452 1798 5509 Non
1839 5464 1919 5510 est
1947 5454 2126 5521 Deus;

559 5541 645 5596 his
661 5558 789 5597 vero
804 5542 1082 5608 desinens,
1103 5544 1233 5610 Quis
1255 5543 1481 5599 dubitem
1502 5545 1631 5601 Sion
1642 5545 1891 5601 Salutare
1911 5546 2085 5603 Israel
2104 5548 2131 5601 ?

554 5645 678 5684 cum
700 5633 1007 5709 converterit
1036 5633 1294 5688 Dominus
1317 5637 1680 5705 captivitatem
1694 5636 1859 5707 plebis
1872 5653 2005 5706 suae,
2035 5653 2129 5695 ex.

627 5771 695 5819 '0'
721 5785 867 5844 Psal.
904 5804 991 5857 ιι,
1027 5789 1077 5843 7.
1154 5791 1197 5823 τι
1236 5789 1369 5847 ibid.
1405 5791 1495 5848 l0.

2227 4723 2262 4794 ἦ
2295 4723 2383 4777 διὰ
2419 4724 2576 4795 μόνου
2604 4723 2698 4777 τοῦ
2737 4724 2987 4795 Σωτῆρος
3012 4722 3311 4794 θεραπείας
3339 4724 3546 4793 τυχεῖν,
3584 4721 3680 4775 τοῦ
3717 4723 3814 4777 καὶ

2225 4817 2295 4870 τὰ
2324 4816 2519 4870 ἀνίατα
2537 4816 2638 4887 τῆς
2665 4816 2842 4887 ψυχῆς
2872 4817 3019 4886 πάθη
3059 4814 3312 4869 ἰάσασθαι
3337 4814 3657 4885 δυναμένου.
3702 4814 3815 4869 Καὶ

2222 4908 2398 4962 ταῦτα
2433 4910 2531 4981 μὲν
2551 4911 2629 4973 εἰς
2650 4910 2745 4981 τὴν
2771 4912 3089 4965 ἀκολουθίαν
3122 4911 3381 4982 εἰρήσθω.

2301 5000 2590 5073 Σημειώσῃ
2612 5002 2691 5067 δὲ,
2728 5004 2810 5055 ὅτι
2843 5003 3093 5075 δεύτερον
3117 5002 3218 5073 ἥδη
3243 5003 3276 5072 ἡ
3303 5001 3642 5073 προκειμένη
3677 5017 3813 5072 προ-

2231 5092 2429 5162 φητεία
2462 5090 2705 5160 ἔγκειται
2726 5094 2792 5163 τῇ
2826 5092 2993 5163 βίϐλῳ
3024 5093 3134 5146 τῶν
3185 5092 3450 5163 Ψαλμῶν·
3489 5094 3546 5144 ἐν
3581 5092 3679 5162 μὲν
3737 5088 3814 5159 τῷ

2232 5186 2432 5259 πρώτῳ
2459 5186 2615 5258 μέρει
2665 5184 2808 5238 κατὰ
2843 5183 2933 5237 τὸν
2968 5191 3057 5253 ιγ’,
3100 5186 3159 5237 ἐν
3199 5185 3257 5237 δὲ
3281 5184 3360 5255 τῷ
3386 5183 3626 5254 δευτέρῳ
3671 5184 3814 5236 κατὰ

2233 5279 2300 5333 τὰ
2322 5278 2674 5349 προκείμενα.
2724 5276 2920 5346 Σχεδὸν
2946 5277 3056 5348 γὰρ
3093 5278 3276 5339 αὐτοῖς
3303 5277 3541 5347 ῥήμασιν
3574 5277 3668 5329 ἀπ’
3715 5277 3815 5346 ἀρσ-

2234 5372 2336 5441 χῆς
2363 5371 2524 5441 μέχρι
2564 5369 2752 5433 τέλους
2782 5369 2876 5422 καὶ
2911 5371 2940 5422 ὁ
2976 5375 3042 5438 ιγ’
3075 5368 3278 5439 ὁμοίως
3304 5367 3418 5439 ἔχει
3450 5366 3528 5438 τῷ
3558 5366 3807 5438 παρόντι·

2233 5462 2533 5532 ἀρχόμενος
2575 5461 2671 5532 μὲν
2695 5461 2804 5514 ἀπὸ
2843 5459 2959 5513 τοῖν
3015 5457 3205 5514 Εἶπεν
3250 5459 3454 5529 ἄφρων
3496 5458 3568 5511 ἐν
3600 5456 3814 5526 καρδίᾳ

2235 5552 2441 5607 αὐτοῦ·
2477 5554 2601 5606 Οὐκ
2652 5552 2785 5606 ἐστι
2831 5553 2995 5619 Θεός’
3059 5550 3327 5605 τελευτῶν
3378 5550 3434 5603 δὲ
3462 5551 3543 5615 εἰς
3591 5549 3673 5603 τό’
3718 5548 3816 5615 Τίς

2236 5640 2415 5698 δώσει
2444 5643 2514 5697 ἐκ
2546 5641 2701 5699 Σιὼν
2721 5643 2790 5698 τὸ
2824 5641 3126 5714 Σωτήρων
3147 5642 3254 5698 τοῦ
3305 5642 3550 5711 Ἰσραήλ
3574 5667 3593 5717 ;
3640 5641 3706 5696 ἐν
3730 5639 3813 5706 τῷ
