4138 6386
441 363 545 419 453

1580 351 2088 411 CUMMENTARIA
2120 351 2187 404 IN
2227 349 2569 408 PSALMOS.

3602 349 3707 406 45-5

440 477 795 546 ἐπιστρέψαι
855 475 1076 544 Κύριον
1107 470 1220 541 τὴν
1270 474 1688 544 αἰχμαλωσίαν
1728 472 1836 526 τοῦ
1865 471 2020 526 λαοῦ

2130 467 2345 523 sultabit
2378 468 2545 523 Jacob
2605 477 2654 522 et
2714 468 2986 524 laetabitur
3015 462 3210 522 Israel.
3262 465 3490 522 Modicis
3519 475 3705 520 autem
3735 495 3739 502 ~

439 570 646 632 αὐτοῦ,
673 567 1106 638 ἀγαλλιάσεται
1169 566 1379 631 Ιακὼϐ,
1419 565 1519 619 καὶ
1545 563 2022 634 εὐφρανθήσεται

449 659 718 726 Ἰσραήλ.
772 659 1032 728 Βραχεῖαι
1096 657 1154 709 δὲ
1202 657 1376 724 λέξεις
1418 655 1516 729 τὴν
1576 659 1634 710 ἐν
1690 655 2022 726 ἀμφοτέροις

437 748 698 820 διαφορὰν
731 747 1075 820 ἐργάζονται.
1123 748 1210 800 Ἐν
1246 747 1344 818 μὲν
1396 746 1505 816 γὰρ
1555 749 1622 819 τῇ
1677 748 1966 818 προγραφῇ
1996 747 2024 798 6

440 840 540 911 μὲν
573 847 638 909 ιγ’
663 841 751 906 εἰς
774 839 840 892 τὸ
870 842 1046 905 τέλος
1087 837 1168 903 τῷ
1204 839 1385 893 Δαυῒδ
1413 839 1647 907 ὲλέγετο’
1688 842 1716 891 6
1746 838 1804 891 δὲ
1833 837 2023 908 παρὼν

436 931 551 1002 ἔχει
575 933 673 1004 μὲν
695 931 793 1004 τὴν
819 931 989 1002 αὐτὴν
1024 932 1202 1003 ῥῆσιν,
1241 931 1524 996 πλεονάζει
1545 930 1603 983 δὲ
1634 933 1690 984 ἐν
1719 931 1797 1002 τῷ
1816 929 2020 999 λέγειν,

433 1024 592 1092 ὑπὲρ
616 1025 875 1089 Μαελὲθ,
907 1023 1234 1090 συνέσεως.
1276 1025 1337 1078 '0
1365 1024 1464 1096 μὲν
1511 1022 1763 1087 Ἀκύλας,
1798 1023 1896 1076 ἐπὶ
1923 1042 2024 1093 χο-

434 1119 589 1186 ρείᾳ,
624 1119 986 1190 ήρμήνευσεν·
1024 1119 1052 1170 6
1082 1118 1138 1172 δὲ
1180 1118 1497 1190 Σύμμαχος,
1534 1117 1632 1172 διὰ
1678 1116 1884 1187 χοροῦ·
1917 1118 1945 1170 6
1968 1115 2025 1169 δὲ

439 1210 750 1275 Θεοδοτίων,
782 1210 932 1279 ὑπὲρ
962 1209 1074 1278 τῆς
1092 1212 1350 1281 χορείας,
1379 1211 1473 1263 καὶ
1501 1213 1534 1282 ἡ
1561 1210 1786 1282 πεμπτὴ
1815 1209 2026 1274 ἔκδοσις

439 1301 723 1366 ὡσαύτως.
773 1303 1109 1372 Ἀναγκαίως
1150 1303 1206 1356 δὲ
1259 1304 1545 1375 πρόκειται
1587 1304 1669 1367 τὸ,
1694 1304 2021 1368 συνέσεως·

438 1395 737 1466 ἐπειδήπερ
763 1396 1027 1459 συνέσεως
1049 1397 1179 1466 ἡμῖν
1204 1395 1283 1448 δεῖ
1302 1395 1436 1466 πρὸς
1463 1396 1522 1448 τὸ
1548 1395 1738 1466 νοῆσαι
1766 1395 1850 1458 τίς
1878 1396 2026 1448 ἐστιν

440 1483 475 1556 ἢ
510 1487 694 1558 χορεία
727 1487 873 1558 ήδιά
915 1488 1013 1558 τῆς
1057 1487 1386 1558 προγραφῆς
1449 1487 1773 1558 δηλουμένην
1814 1488 1908 1540 καὶ
1943 1487 2027 1551 τίς

440 1581 470 1632 6
500 1581 675 1649 λόγος,
698 1580 819 1634 καθ’
850 1580 907 1632 ὃν
937 1579 1081 1643 ἅπαξ
1138 1578 1526 1650 προλεχθείσης
1551 1580 1650 1649 τῆς
1690 1579 2028 1649 προφητείας

432 1673 583 1726 κατὰ
616 1673 705 1726 τὸν
743 1672 811 1741 ιγ’
842 1672 1094 1741 δεύτερον
1141 1669 1376 1723 ἐνταῦθα
1422 1671 1811 1741 παρείληπται.
1845 1671 1918 1723 Τὸ
1947 1670 2026 1734 δὲ,

441 1768 528 1829 εἰς
549 1765 743 1828 τέλος,
769 1767 826 1817 ἐν
843 1763 1171 1835 ἀμφοτέροις
1190 1761 1458 1833 κείμενον,
1487 1763 1817 1832 σημαντικὸν
1845 1762 1909 1816 ἂν
1938 1761 2022 1834 εἴη

2127 561 2313 616 verbis
2346 561 2506 616 ambo
2537 560 2818 617 differunt.
2865 560 3000 615 Nam
3037 561 3089 613 in
3123 560 3282 614 titulo
3321 559 3568 614 decimus
3596 567 3740 648 ter-|

2128 653 2240 708 tius
2286 653 2340 706 in
2375 654 2534 721 ﬁnem
2575 651 2742 706 David
2788 653 2975 718 habet,
3025 652 3116 706 hic
3143 667 3276 707 vero
3297 651 3544 727 eamdem
3587 652 3712 721 qui-

2127 745 2250 798 dem
2297 744 2620 799 sententiam
2654 744 2904 814 praefert;
2954 743 3050 800 sed
3101 744 3216 798 haec
3255 745 3482 813 insuper
3535 742 3708 807 addit,

2125 851 2220 904 pro
2237 833 2291 888 Μ
2299 836 2525 903 aheleth,
2545 837 2927 906 iutelligentiw.
2961 837 3179 905 Aquila,
3212 851 3367 903 super
3383 835 3595 900 chorea,
3623 834 3708 887 in-

2127 937 2459 999 terpretatus
2482 936 2566 984 est
2592 947 2620 995 ;.
2641 927 3026 1000 Symmachus,
3057 943 3148 996 per
3181 929 3434 992 chorum;
3458 926 3712 982 Theodo-

2127 1023 2225 1086 tio,
2263 1037 2357 1091 pro
2375 1022 2600 1085 chorea,
2623 1031 2677 1078 et
2700 1023 2892 1093 quinta
2927 1022 3098 1076 editio
3131 1021 3402 1078 similiter.
3437 1022 3710 1081 Necessa-

2128 1114 2212 1168 rio
2245 1122 2427 1168 autem
2477 1113 2842 1184 intelligentia:
2905 1111 3139 1179 dicitur;
3174 1113 3302 1183 quia
3349 1114 3711 1184 intelligentia

2107 1205 2290 1260 nobis
2313 1219 2474 1276 opus,
2501 1215 2562 1261 ut
2588 1206 2870 1276 capiamus
2891 1221 3012 1275 quae
3043 1206 3116 1261 sit
3163 1206 3254 1259 illa
3287 1205 3506 1272 chorea,
3547 1205 3604 1260 in
3633 1205 3708 1259 ti-

2130 1303 2244 1356 tulo
2277 1302 2555 1369 indicata;
2591 1312 2644 1356 et
2673 1315 2780 1372 qua
2808 1300 2878 1355 de
2911 1315 3099 1367 causa,
3151 1299 3317 1356 semel
3347 1300 3712 1370 prolata'pro-
3775 1353 3778 1355 ,

2131 1396 2314 1466 phetia
2359 1397 2416 1449 in
2441 1395 2656 1466 psalmo
2687 1395 2902 1450 decimo
2936 1394 3121 1458 tertio,
3153 1392 3396 1448 secundo
3437 1392 3527 1447 hic
3555 1407 3714 1462 repec

2129 1497 2296 1544 tatur.
2329 1487 2466 1542 lllud
2499 1497 2701 1550 autem,
2746 1487 2800 1540 in
2835 1487 3014 1555 ﬁnem,
3045 1485 3193 1555 quod
3224 1485 3281 1538 in
3303 1489 3536 1553 utroque
3578 1482 3715 1553 legi-

2129 1588 2240 1643 tur,
2274 1587 2486 1649 tempus
2521 1592 2631 1647 quo
2676 1575 2889 1645 impleri
2927 1574 3129 1629 debent
3186 1588 3308 1644 quas
3350 1573 3405 1626 in
3428 1573 3713 1642 prophetia

2131 1669 2381 1725 feruntur
2412 1667 2824 1739 signiﬁcaverit.
2881 1666 3020 1732 Quia
3073 1666 3219 1720 enim
3273 1666 3328 1720 in
3362 1679 3714 1721 consumma-

2131 1765 2280 1817 tione
2307 1763 2515 1826 saeculi,
2549 1761 2801 1815 Salutare
2825 1759 2920 1815 Dei
2946 1759 3090 1830 quod
3121 1761 3176 1813 in
3199 1768 3344 1813 terra
3399 1757 3714 1813 hominibus

440 1857 536 1909 τοῦ
563 1857 755 1926 χρόνου
783 1856 904 1910 καθ’
925 1856 982 1907 ὃν
1010 1854 1241 1927 ἤμελλεν
1289 1853 1666 1906 ἀποτελεῖσθαι
1712 1853 1781 1906 τὰ
1815 1872 2026 1925 προφη-

2130 1853 2328 1916 illuxit,
2360 1853 2618 1906 choream
2652 1851 2940 1905 constituit
2993 1867 3058 1905 ex
3086 1850 3342 1904 omnibus
3372 1849 3626 1920 gentibus
3657 1848 3714 1901 in

441 1949 729 2020 τευόμενα.
794 1947 1012 2019 Ἐπειδὴ
1057 1947 1166 2018 γὰρ
1214 1947 1357 2000 κατὰ
1402 1947 1503 2019 τὴν
1560 1946 1872 2000 συντέλειαν
1929 1948 2024 2000 τοῦ

2130 1945 2370 2000 Ecclesia
2399 1945 2572 2014 ipsius
2602 1953 3010 2014 congregatam,
3042 1942 3111 1997 ad
3139 1944 3373 2014 hymnos
3401 1953 3454 1997 et
3482 1941 3713 2012 gloriam

442 2038 659 2104 αἰῶνος,
681 2039 740 2091 τὸ
765 2040 1040 2108 Σωτήρων
1069 2039 1163 2092 τοῦ
1192 2037 1349 2101 Θεοῦ,
1379 2037 1642 2106 ἐπιφανὲν
1671 2040 1784 2100 τοῖς
1814 2038 1904 2090 ἐπὶ
1923 2038 2026 2108 γῆς

2130 2038 2273 2092 Patri
2303 2039 2478 2108 ipsius
2499 2036 2881 2102 referendam;
2907 2036 3033 2105 jure
3061 2036 3128 2090 ad
3155 2035 3282 2089 talis
3309 2035 3522 2089 choreae
3554 2034 3717 2088 intel-

444 2129 774 2201 ἀνθρώποις,
829 2132 1044 2202 χορείαν
1107 2131 1472 2202 συνεστήσατο
1520 2131 1618 2203 τὴν
1669 2129 1728 2195 ἐξ
1773 2131 2027 2184 ἁπάντων

2130 2123 2405 2202 ligentiam
2432 2145 2534 2185 nos
2561 2145 2740 2185 sermo
2787 2130 3045 2183 concitat.
3071 2127 3138 2181 Et
3167 2129 3290 2183 vide
3323 2129 3478 2191 mihi,
3504 2143 3713 2198 quaeso,

442 2221 550 2273 τῶν
580 2221 748 2274 ἐθνῶν
780 2223 836 2274 ἐν
869 2225 934 2293 τῇ
984 2224 1278 2296 Ἐκκλησία
1305 2223 1471 2278 αὑτοῦ
1525 2222 2024 2293 συγκροτουμένην,

444 2315 522 2376 εἰς
545 2312 747 2384 ὕμνους
773 2315 867 2367 καὶ
908 2313 1214 2384 δοξολογίας
1240 2315 1335 2369 τοῦ
1361 2316 1524 2369 αὐτοῦ
1555 2315 1786 2387 Πατρός·
1807 2316 2031 2378 εἰκότως

443 2406 537 2457 ἐπὶ
560 2404 774 2458 σύνεσιν
802 2407 948 2476 ἡμᾶς
970 2406 1176 2477 ταύτης
1203 2409 1301 2479 τῆς
1340 2407 1559 2479 χορείας
1580 2410 1607 2460 6
1634 2406 1792 2476 λόγος
1822 2423 2030 2478 παρορ-

432 2548 437 2558 ,η
448 2498 544 2567 μᾷ.
568 2497 678 2550 Καὶ
701 2498 803 2569 ὅρα
828 2498 889 2551 τὸ
920 2499 1248 2570 παράδοξονο
1273 2500 1584 2572 προγράφει
1622 2499 1720 2569 μὲν
1750 2498 1858 2570 γὰρ
1877 2497 2031 2566 ὑπὲρ

443 2587 556 2655 τῆς
583 2589 904 2662 χορείας,ἢ
941 2591 1094 2660 ὑπὲρ
1135 2591 1240 2645 τοῦ
1280 2592 1485 2661 χοροῦ,
1513 2591 1722 2660 εἰσάγει
1747 2591 1802 2644 δὲ
1839 2589 2029 2645 οὐδένα

446 2680 538 2732 ἐπὶ
571 2681 673 2751 γῆς
702 2682 986 2754 ἄνθρωπον
1021 2684 1382 2752 ἀγαθὸν,οὐδὲ
1411 2683 1667 2737 ποιοῦντα
1687 2683 2029 2756 χρηστότητα

445 2769 550 2834 ἓως
599 2773 735 2837 ἐνὸς,
786 2775 958 2843 λέγων
1005 2775 1150 2847 ἐξῆςο
1202 2778 1416 2842 Κύριος
1474 2775 1542 2827 ἐκ
1595 2773 1701 2828 τοῦ
1766 2773 2028 2841 οὐρανοῦ

445 2860 734 2932 διέκοψεν
757 2865 855 2919 ἐπὶ
884 2865 1023 2932 τοὺς
1045 2867 1212 2932 υἱοὺς
1242 2869 1358 2922 τῶν
1383 2865 1725 2935 ἀνθρώπων,
1751 2867 1855 2920 τοῦ
1880 2866 2028 2920 ἰδεῖν

2125 2239 2242 2279 rem
2278 2223 2570 2294 permiram
2599 2243 2611 2276 :
2644 2222 2772 2276 dum
2803 2222 2948 2276 enim
2978 2222 3125 2276 hunc
3152 2222 3370 2275 titulum
3423 2221 3576 2286 edit,
3620 2235 3716 2289 pro

2133 2317 2321 2370 chorea
2341 2317 2425 2370 vel
2447 2332 2541 2385 pro
2587 2314 2776 2378 choro,
2829 2314 3040 2368 nullum
3093 2329 3216 2369 esse
3263 2314 3319 2368 in
3346 2323 3488 2369 terra
3511 2315 3715 2369 bonum

2134 2405 2433 2474 hominem,
2495 2423 2562 2462 ac
2598 2423 2666 2462 ne
2697 2408 2780 2462 vel
2816 2422 2984 2461 unum
3037 2408 3129 2476 qui
3192 2407 3352 2462 faciat
3416 2407 3716 2462 bonitatem

2132 2501 2404 2563 enuntiat,
2429 2501 2618 2556 dicens
2666 2504 2723 2556 in
2769 2502 3128 2572 sequentibus
3158 2518 3171 2552 :
3208 2501 3471 2556 Dominus
3493 2500 3557 2555 de
3588 2501 3716 2555 εαίο

2133 2594 2400 2662 prospexit
2419 2610 2577 2663 super
2607 2594 2749 2663 ﬁlios
2782 2594 3076 2657 hominum,
3131 2605 3191 2646 ut
3239 2593 3413 2648 videat
3451 2593 3498 2646 si
3527 2602 3606 2646 est
3635 2593 3715 2645 ia-

2133 2685 2371 2756 telligens
2407 2698 2498 2740 aut
2533 2689 2802 2758 requirens
2860 2687 3045 2742 Deum.
3078 2687 3270 2742 Omnes
3300 2687 3716 2747 declinaverunt,

2131 2779 2293 2832 simul
2321 2780 2534 2833 inutiles
2562 2780 2693 2848 facti
2721 2789 2881 2843 sunt;
2917 2796 3019 2833 non
3050 2788 3128 2833 est
3163 2781 3252 2849 qui
3302 2779 3468 2848 faciat
3501 2778 3715 2841 honuni,

2132 2885 2235 2922 non
2275 2879 2352 2922 est
2391 2887 2552 2939 usque
2580 2870 2648 2923 ad
2676 2886 2859 2924 unum.

431 2958 497 3009 ἐἰ
528 2955 658 3009 ἐστι
700 2957 929 3011 συνιὼν
989 2959 1088 3012 καὶ
1141 2958 1400 3027 ἐκζητῶν
1451 2960 1558 3013 τὸν
1608 2961 1773 3014 Θεόν.
1843 2958 2074 3025 Πάντες
2110 2958 2466 3026 ἐξέκλιναν,
2522 2961 2644 3030 ἅμα
2692 2962 3146 3031 ἠχρειώθησαν,
3193 2963 3305 3014 οὐκ
3354 2959 3486 3014 ἔστι
3531 2957 3715 3014 ποιῶν

444 3050 691 3122 ἀγαθόν,
740 3053 852 3104 οὐκ
877 3051 1050 3106 ἐστιν
1075 3053 1188 3119 ἕως
1205 3053 1362 3118 ἑνός.

517 3166 579 3217 Εἰ
605 3165 664 3216 δὲ
692 3159 784 3217 οὖν
804 3165 1026 3218 τοιαῦτα
1044 3160 1110 3236 ἦν
1135 3165 1204 3218 τὰ
1256 3167 1311 3219 ἐν
1353 3165 1680 3239 ἀνθρώποις,
1715 3167 1791 3229 ὡς
1826 3166 2027 3238 μηδένα

2207 3166 2266 3222 Si
2292 3167 2476 3238 itaque
2506 3169 2586 3223 sic
2618 3183 2678 3223 se
2705 3183 2795 3224 res
2834 3167 3110 3223 habebant
3152 3169 3291 3238 apud
3330 3168 3618 3231 homines,
3660 3182 3715 3226 ut

439 3255 650 3325 ἀγαθὸν
677 3256 1026 3327 εὑρίσκεσθαι
1054 3259 1110 3310 ἐν
1132 3261 1244 3321 τοῖς
1273 3259 1405 3322 υἱοῖς
1435 3256 1881 3329 τῶνάνθρώπων,
1913 3259 2029 3324 πῶς

447 3348 586 3419 ὑπὲρ
618 3347 714 3418 τῆς
740 3348 959 3418 χορείας
995 3347 1068 3401 τὰ
1117 3349 1217 3418 τῆς
1267 3350 1592 3420 προγραφῆς
1651 3349 1904 3418 λέγεσθαι
1935 3367 2031 3421 ση-

449 3439 658 3510 μαίνει;
718 3439 856 3492 Ἀλλ’
915 3442 1080 3508 ἐρεῖς,
1123 3440 1225 3504 ὅτι,
1270 3440 1458 3511 ἐπειδὴ
1505 3442 1706 3504 πάντες
1756 3439 2030 3506 ἐξέκλιναν

444 3535 550 3598 ἓως
571 3535 710 3600 ἐνὸς,
740 3534 1108 3606 διεφθάρησαν
1130 3553 1191 3588 τε
1223 3537 1272 3590 οἰ
1323 3538 1416 3590 ἐπὶ
1441 3537 1544 3607 γῆς
1572 3538 1665 3590 καὶ
1703 3536 2029 3608 ἐϐδελύχθη-

449 3643 548 3679 σαν
571 3628 628 3678 ἐν
661 3625 933 3697 ἀνομίαις,
981 3625 1206 3690 εἰκότως
1259 3628 1288 3680 6
1339 3628 1622 3698 προφήτης
1675 3627 1948 3698 ἐπηύξατο
1973 3629 2029 3680 ἐν

433 3720 556 3781 ’τοῖς
578 3717 720 3788 μετὰ
759 3716 931 3770 ταῦτα
975 3715 1166 3771 εἰπὼν·
1198 3719 1295 3784 Τίς
1316 3717 1493 3772 δώσει
1537 3719 1606 3772 ἐκ
1634 3717 1789 3772 Σιὼν
1814 3718 1881 3771 τὸ
1907 3721 2026 3771 Σω-

434 3809 650 3877 eripior
691 3811 798 3865 τοῦ
842 3810 1116 3878 Ἰσραήλ;
1159 3811 1230 3864 ἐν
1275 3809 1356 3876 τῷ
1395 3811 1750 3880 ἐπιστρέψαι
1810 3812 2031 3880 Κύριον

435 3901 560 3969 τὴν
584 3903 1000 3972 αἰχμαλωσίαν
1022 3903 1128 3956 τοῦ
1157 3902 1310 3957 λαοῦ
1343 3902 1550 3967 αὐτοῦ,
1599 3901 2032 3973 ἀγαλλιάσεται

459 3992 676 4057 Ἰακὼϐ,
711 3992 812 4068 καὶ
850 3989 1328 4061 εὐφρανθήσεται
1365 3991 1618 4060 Ἰσραήλ.
1678 3995 1890 4048 Συνεῖδε
1922 3996 2030 4065 γὰρ

446 4088 513 4156 τῇ
570 4083 877 4157 προγνώσει
929 4084 1024 4139 τοῦ
1060 4086 1368 4157 πνεύματος
1425 4087 1518 4140 τοῦ
1564 4088 1926 4158 προφητικοῦ,
1955 4089 2027 4152 ὼς

445 4178 555 4248 ἄρα
587 4177 678 4231 διὰ
727 4178 824 4231 τοῦ
854 4178 1128 4249 Σωτηρίου
1181 4178 1412 4249 ἤμελλεν
1456 4183 1490 4251 ἡ
1542 4180 1888 4252 αἰχμαλωσία
1933 4182 2028 4235 τοῦ

448 4264 575 4320 λαοῦ
606 4269 954 4341 ἐπιστρέφειν
1009 4269 1102 4321 καὶ
1130 4269 1546 4346 ἐλευθεροῦσθαι
1581 4273 1681 4343 τῆς
1721 4271 1830 4326 τῶν
1868 4273 2028 4326 πολε-

438 4361 588 4430 μίων
639 4361 972 4424 δυναστείας·
1008 4358 1082 4418 ὧν
1105 4363 1558 4436 ἐπιτελουμένων,
1589 4366 1621 4436 ἡ
1651 4366 1744 4419 τοῦ
1773 4364 1907 4418 Θεοῦ
1941 4383 2032 4436 χο-

449 4452 570 4524 ρεία
600 4453 880 4508 συνίστατο
900 4455 959 4521 ἐξ
986 4456 1165 4510 αὐτῶν
1185 4457 1409 4510 ἐκείνων
1434 4456 1540 4510 τῶν
1562 4457 2029 4528 ἐλευθερουμένων

446 4543 546 4613 τῆς
595 4547 993 4616 αἰχμαλωσίας.
1047 4548 1286 4611 Εἰκότως
1338 4544 1429 4602 οὖν
1479 4550 1559 4612 εἰς
1591 4549 1651 4602 τὸ
1700 4549 1852 4613 τέλος
1901 4551 2030 4602 ἀνα-

447 4635 725 4705 πέμπεται
770 4638 838 4692 τά
888 4639 1175 4710 λεγόμενα,
1225 4643 1319 4695 καὶ
1354 4641 1507 4708 ὑπὲρ
1547 4641 1813 4705 Μαελὲθ,
1873 4658 2027 4694 τουτ-

444 4729 596 4782 έστιν
629 4729 780 4798 ὑπὲρ
821 4729 929 4798 τῆς
955 4735 1215 4800 χορείας,
1239 4733 1505 4788 λέλεκται·
1534 4735 1665 4787 ὡσεὶ
1695 4735 2026 4807 σαφέστερον

447 4820 776 4890 ὴρμήνευτο,
795 4823 933 4894 ὑπὲρ
952 4824 1058 4876 τῶν
1086 4824 1672 4898 ἐλευθερωθησομένων
1701 4831 1798 4900 τῆς
1828 4830 2027 4900 αἰχμα-

440 4907 664 4975 λωσίαςο
699 4913 884 4986 διόπερ
944 4916 1038 4967 καὶ
1092 4918 1170 4980 εἰς
1217 4918 1429 4971 σύνεσιν
1493 4921 1638 4990 ἡμᾶς
1690 4920 2024 4992 ἀναπέμπει.

447 5002 679 5073 Εἴρηται
727 5006 815 5071 δὲ,
865 5007 946 5072 τῷ
995 5009 1195 5071 Δαυῒδ,
1259 5013 1291 5080 ή
1341 5012 1674 5083 προφητεία,
1717 5014 1807 5066 ὑπ’
1861 5011 2027 5067 αὑτοῦ

446 5095 717 5166 λεχθεῖσα.
749 5099 839 5150 Διὸ
868 5100 1022 5172 παρὰ
1077 5106 1188 5166 τοῖς
1245 5104 1446 5168 λοιποῖς
1503 5107 1885 5176 ἐρμηνευταῖς,
1921 5105 2028 5159 τοῦ

444 5188 648 5253 Δαυῒὸ,
677 5191 1101 5262 ἐπιγέγραπται.
1141 5197 1248 5248 Καὶ
1299 5196 1444 5250 ἔστιν
1469 5199 1644 5252 εἰπεῖν
1689 5199 1764 5260 ὡς
1789 5199 1896 5269 ἄρα
1929 5198 2028 5250 αὐ-

444 5279 535 5342 τὸς
566 5281 594 5332 6
640 5280 820 5345 Δαυῖδ,
873 5286 1160 5356 προφήτας
1216 5287 1295 5339 τό·
1335 5286 1482 5357 Ἐγὼ
1532 5288 1600 5340 δὲ
1651 5289 1793 5342 ὡσεὶ
1851 5289 2028 5342 ἐλαία

443 5369 825 5440 κατάκαρπος
850 5375 921 5428 ἐν
945 5375 1024 5442 τῷ
1052 5378 1194 5443 οἴκῳ
1224 5379 1330 5433 τοῦ
1365 5381 1535 5443 Θεοῦ,
1569 5380 1805 5450 ἤλπισα
1835 5381 1934 5434 ἐπὶ
1959 5381 2026 5434 τὸ

440 5465 619 5531 ἕλεος
647 5468 752 5522 τοῦ
782 5470 953 5535 Θεοῦ,
999 5472 1100 5524 οὐκ
1149 5472 1323 5537 ἄλλως
1355 5474 1642 5538 τεύξεσθαι
1701 5474 1796 5528 τοῦ
1842 5474 2026 5537 ἐλέους

442 5555 712 5625 ἠπίστατο
743 5558 776 5629 ἢ
808 5560 898 5614 διὰ
927 5563 1022 5616 τοῦ
1064 5567 1541 5636 προφητευομένου
1589 5567 1878 5638 σωτηρίου.
1937 5567 2027 5619 Διὸ

442 5651 502 5702 ἐν
531 5649 631 5720 μὲν
657 5652 735 5724 τῷ
761 5661 804 5730 ν’
830 5654 1033 5724 ἐλεγεν·
1080 5657 1332 5725 Ἀπόδος
1372 5677 1474 5728 μοι
1518 5659 1631 5728 τὴν
1663 5659 2028 5730 ἀγαλλίασιν

517 5808 563 5839 τι
606 5807 749 5862 Psal.
787 5824 849 5875 ι,
889 5810 975 5863 ιι.

2136 3260 2320 3314 nullus
2350 3259 2406 3313 in
2441 3257 2568 3314 ﬁliis
2605 3257 2889 3312 hominum
2917 3258 3098 3312 bonus
3141 3259 3509 3327 reperiretur,
3547 3276 3716 3328 quare

2135 3367 2233 3423 pro
2266 3352 2464 3406 chorea
2496 3351 2767 3421 psalmum
2803 3348 2912 3403 dici
2945 3349 3232 3419 inscriptio
3265 3352 3568 3420 signiﬁcat?
3611 3351 3716 3407 Ve-

2135 3461 2256 3499 rum
2307 3444 2498 3508 dicas,
2547 3443 2676 3512 quia
2725 3456 2918 3497 omnes
2967 3441 3376 3497 deelinaverant
3417 3460 3592 3514 usque
3645 3445 3715 3499 ad

2136 3549 2326 3600 unum,
2362 3549 2426 3588 ac
2451 3533 2694 3603 corrupti
2734 3539 2891 3587 erant
2920 3533 3015 3602 qui
3047 3534 3102 3598 i_n
3133 3541 3279 3588 terra
3311 3537 3676 3590 versabantur
3696 3577 3714 3600 ,

2131 3635 2187 3682 et
2214 3625 2609 3680 abominabiles
2640 3624 2769 3679 lacti
2791 3631 2948 3679 erant
2980 3625 3037 3679 in
3069 3626 3486 3695 iniquitatibus;
3519 3630 3715 3684 merito

2131 3718 2452 3791 prophetam
2481 3719 2537 3772 in
2557 3717 2912 3787 sequentibus
2944 3727 3222 3788 precatum
3257 3719 3343 3775 his
3366 3721 3547 3774 verbis
3567 3736 3711 3786 esse,

2133 3812 2263 3878 Quis
2283 3810 2431 3864 dabit
2469 3824 2534 3863 ea:
2564 3807 2694 3863 Sion
2721 3807 2972 3863 Salutare
3006 3807 3222 3864 Israel?
3249 3826 3366 3864 cum
3406 3814 3715 3866 converterit

2131 3905 2389 3959 Dominus
2415 3903 2772 3972 captivitatem
2821 3901 2984 3971 plebis
3011 3917 3142 3966 sate,
3184 3904 3472 3957 exsultabit
3510 3903 3712 3970 Jacob,

2130 4007 2179 4050 et
2218 3996 2486 4052 laetabitur
2526 3994 2721 4050 Israel.
2753 3994 2888 4048 Nam
2925 3995 3226 4065 prophetici
3257 3998 3486 4066 spiritus
3529 3999 3714 4054 amatu

2132 4097 2381 4153 noverat,
2414 4104 2510 4160 per
2546 4088 2798 4142 Salutare
2830 4087 2963 4141 illud
2984 4128 2998 4151 ,
3027 4089 3393 4158 captivitatem
3423 4092 3596 4161 plebis
3627 4109 3715 4148 re-

2131 4197 2413 4238 versuram
2446 4188 2500 4234 et
2529 4180 2869 4236 liberandam
2898 4196 3021 4235 esse
3047 4197 3111 4236 ex
3161 4182 3506 4243 inimicorum
3537 4184 3715 4240 domi-

2132 4283 2285 4330 natu.
2319 4273 2529 4340 Quibus
2560 4273 2827 4327 absolutis
2853 4312 2868 4334 ,
2921 4272 3015 4328 Dei
3050 4273 3310 4329 choream
3356 4291 3420 4329 ex
3456 4277 3646 4332 iisdem
3683 4294 3714 4332 a

2132 4368 2447 4440 captivitate
2476 4367 2722 4422 liberatis
2744 4367 3184 4421 constituendam
3212 4383 3355 4424 esse.
3389 4367 3520 4425 Jure
3550 4372 3713 4442 igitur

2131 4460 2246 4515 haec
2262 4459 2409 4515 dicta
2423 4459 2489 4514 ad
2519 4459 2681 4514 ﬁnem
2705 4460 3076 4523 remittuntur,
3100 4475 3194 4528 pro
3216 4460 3498 4528 Maheleth,
3519 4463 3572 4516 id
3602 4468 3709 4528 est,

2130 4568 2227 4622 pro
2257 4553 2446 4605 chorea
2497 4550 2643 4604 dibta
2692 4560 2822 4605 sunt
2853 4571 2865 4606 :
2908 4567 2971 4605 ac
3001 4552 3044 4607 si
3078 4553 3281 4609 clarius
3317 4555 3709 4623 explicaretur,

2132 4661 2232 4716 pro
2264 4645 2333 4701 iis
2364 4644 2456 4714 qui
2489 4644 2754 4699 liberandi
2785 4651 2913 4698 sunt
2961 4660 2990 4697 a
3033 4645 3375 4715 captivitate;
3407 4661 3577 4716 quare
3607 4662 3714 4702 nos

2133 4737 2202 4792 ad
2232 4736 2646 4806 intelligentiam
2679 4737 2927 4790 remittit.
2961 4735 3113 4790 Dicta
3149 4745 3328 4791 autem
3353 4746 3437 4791 est
3471 4739 3709 4808 prophe-

2132 4830 2230 4894 tia,
2259 4829 2471 4892 Davidi,
2521 4829 2647 4900 quia
2683 4829 2750 4883 ab
2802 4829 2917 4898 ipso
2953 4827 3154 4884 Davide
3185 4830 3432 4900 prolata;
3469 4845 3710 4901 quapro-

2135 4931 2255 4993 pter
2287 4921 2432 4991 apud
2484 4922 2810 4990 interpretes
2834 4961 2849 4982 ,
2894 4920 3150 4986 Davidis,
3186 4922 3448 4991 inscripta
3487 4933 3586 4977 est.
3630 4923 3710 4979 Ac

2135 5014 2244 5069 dici
2275 5021 2453 5084 potest
2484 5011 2743 5067 Davidem
2768 5051 2783 5077 ,
2817 5013 2906 5081 qui
2942 5020 3068 5066 ante
3094 5012 3340 5078 dixerat,
3389 5011 3503 5083 Ego
3533 5024 3708 5068 autem

2135 5107 2271 5159 sicut
2301 5105 2439 5158 oliva
2490 5103 2771 5173 fructifera
2801 5105 2855 5157 in
2889 5103 3044 5158 domo
3078 5104 3199 5169 Dei,
3233 5107 3434 5174 speravi
3463 5107 3518 5159 in
3549 5108 3708 5160 mise-

2133 5197 2371 5252 ricordia
2402 5196 2520 5260 Dei,
2557 5198 2694 5252 bene
2725 5197 2942 5252 novisse
2980 5211 3039 5251 se
3072 5211 3181 5251 non
3211 5198 3318 5251 alio
3348 5197 3510 5251 modo
3540 5199 3708 5254 mise-

2132 5291 2427 5347 ricordiam
2472 5296 2900 5346 consecuturum
2932 5304 3086 5354 esse,
3143 5303 3306 5359 quam
3341 5305 3438 5359 per
3469 5292 3709 5347 salutare

2131 5381 2266 5436 illud
2295 5379 2440 5450 quod
2486 5380 2542 5434 in
2588 5379 2847 5434 vaticinio
2894 5378 3190 5445 ferebatur.
3237 5379 3602 5445 Quamobrem
3654 5382 3708 5436 in

2133 5473 2586 5544 quinquagesimo
2616 5470 2865 5526 diccbat:
2902 5468 3076 5524 Redde
3103 5471 3232 5524 mihi
3285 5471 3525 5525 lwlitiam
3547 5472 3707 5526 Salu-

2135 5567 2265 5620 taris
2300 5566 2375 5618 tui
2401 5565 2480 5628 ἠς
2525 5564 2579 5617 in
2610 5554 2713 5618 hoc
2743 5573 2944 5625 autem,
2975 5562 3105 5629 Quis
3121 5562 3268 5616 dabit
3296 5578 3361 5616 ea:
3389 5562 3517 5617 Sion
3548 5563 3707 5619 Salu-

2135 5667 2248 5712 tare
2282 5654 2495 5711 lsrael?
2523 5653 2770 5726 llogabat
2810 5654 3009 5724 quippe
3037 5667 3328 5709 commune
3360 5654 3561 5709 bonum
3606 5655 3710 5710 sibi
