4138 6386
462 358 568 412 433

1175 352 1444 409 EUSEBII
1476 348 1959 409 CESARIENSIS
1996 345 2147 404 OPP.
2177 344 2364 401 PARS
2401 344 2579 401 m.—
2602 343 3022 403 EXEGETICA.

3638 344 3745 400 436

460 490 682 546 quoque
727 473 963 545 erogari.
1025 472 1283 528 Decimus
1334 473 1534 528 tertius
1587 472 1750 524 etiam
1796 485 2030 543 magnan

2150 465 2258 521 τοῦ
2298 463 2596 533 Σωτηρίου
2611 481 2746 518 σου·
2782 465 2841 516 ἐν
2872 461 3022 533 δὲτῷ
3050 460 3387 534 προκειμένη.
3416 474 3430 488 ·
3450 459 3546 526 Τίς
3564 459 3745 516 δώσει

460 582 588 624 cum
619 567 966 638 praecedenti,
1002 565 1213 621 scilicet
1234 581 1360 620 cum
1384 564 1731 627 duodecimo,
1766 565 1929 620 habet
1962 564 2046 619 af-

465 657 746 717 ﬁnitatem.
784 656 917 712 Nam
964 665 1256 727 postquam
1286 658 1500 729 rogavit
1534 658 1676 712 idem
1729 657 1782 711 in
1838 658 2046 713 duode—

454 752 627 813 vcimo,
659 765 722 804 ac
763 748 923 813 dixit,
966 748 1273 820 Usquequo,
1327 750 1577 814 Domine,
1610 750 1933 805 oblivisceris
1967 767 2045 805 me

463 844 516 897 in
545 845 746 913 ﬁnem?
786 859 1051 913 usquequo
1093 845 1285 897 avertis
1345 843 1535 913 faciem
1582 853 1729 897 tuam
1771 861 1804 898 a
1848 862 1927 897 me
1960 845 2049 899 7’?

462 935 787 1005 quibusdam
822 942 1012 1004 postea
1046 934 1270 998 additis,
1315 936 1389 989 ita
1437 937 1681 990 claudit:
1718 934 1827 1007 Ego
1870 945 2045 991 autem

460 1029 513 1080 in
544 1027 910 1082 misericordia
950 1036 1044 1079 tua
1072 1028 1294 1095 speravi.
1329 1026 1634 1081 Exsultabit
1665 1045 1755 1082 cor
1786 1046 1955 1083 meum
1988 1031 2043 1082 in

458 1121 707 1176 Salutari
750 1132 840 1176 tuo
861 1123 926 1179 7".
954 1122 1020 1177 Et
1047 1126 1174 1194 quia
1206 1124 1260 1177 in
1289 1123 1615 1178 duodecimo
1631 1122 1882 1180 Salutare
1909 1122 2038 1180 illud

458 1216 872 1280 memoravit,in
902 1216 1116 1271 decimo
1136 1216 1302 1271 tertio
1334 1227 1734 1287 consequenter
1755 1219 1829 1271 ait
1856 1238 1869 1272 ;
1909 1219 2041 1285 Quis

458 1306 605 1362 dabit
625 1324 691 1362 ea:
711 1307 843 1364 Sion
875 1307 1125 1364 Salutare
1161 1308 1376 1364 Israel?

2153 562 2223 615 ἐκ
2250 559 2405 615 Σιὼν
2452 560 2519 613 τὸ
2554 559 2860 628 Σωτήρων
2915 558 3023 613 τοῦ
3065 556 3344 626 Ἰσραήλ;
3396 552 3603 627 Ηὺχετο
3632 557 3743 629 γὰρ

2154 653 2249 707 καὶ
2278 650 2426 722 αὑτῷ
2452 651 2670 722 δοθῆναι
2694 651 2756 704 τέ)
2782 650 2959 704 κοινὸν
2978 650 3200 719 ἀγαθόν.
3233 650 3344 703 Καὶ
3374 651 3402 702 ό
3426 655 3497 718 ιγ’
3528 649 3585 703 δὲ
3606 648 3744 720 πρὸς

2151 744 2244 797 τὸν
2269 743 2375 816 πρὸ
2407 741 2596 806 αὑτοῦ,
2620 741 2764 810 λέγω
2787 742 2844 794 δὲ
2872 742 2963 795 τὸν
2989 742 3080 798 ιϐ’.
3109 741 3309 812 πολλὴν
3335 737 3479 812 εἶχεν
3510 741 3741 795 ἀκολου-

2150 836 2293 891 θίαν.
2327 836 2639 906 Εὑξάμενος
2665 834 2775 906 γάρ
2823 836 2882 886 ἐν
2909 833 2988 905 τῷ
3021 833 3109 896 ιϐ’,
3137 835 3165 887 ό
3224 833 3387 896 αὐτὸς
3421 833 3516 886 καὶ
3545 832 3738 887 εἰπών·

2152 931 2307 997 Ἕως
2345 932 2508 992 πότε,
2544 929 2744 995 Κύριε,
2783 925 3055 994 ἐπιλήσῃ
3096 944 3216 996 μου
3270 927 3359 992 είς
3384 924 3601 990 τέλος;
3628 925 3742 991 ἕως

2148 1024 2295 1076 πότε
2323 1019 2723 1088 ἀποστρέφεις
2768 1018 2835 1071 τὸ
2895 1019 3221 1087 πρόσωπόν
3255 1031 3373 1071 σου
3416 1015 3519 1071 ἀπ’
3550 1014 3698 1085 ἐμοῦ
3720 1031 3773 1087 ;ί

2151 1113 2246 1167 καὶ⁵
2278 1112 2346 1166 τὰ
2405 1111 2617 1175 τούτοις
2651 1110 2781 1180 ἑξῆς
2812 1109 3088 1179 συνάψας,
3157 1108 3417 1176 ἐπιλέγει·
3466 1104 3618 1175 Ἐγὼ
3669 1103 3742 1158 δὲ

2147 1203 2245 1255 ἐπὶ
2275 1202 2356 1269 τῷ
2379 1201 2535 1257 ἐλέει
2574 1216 2691 1255 σου
2727 1201 2980 1270 ἤλπισα.
3022 1199 3479 1270 Ἀγαλλιάσεται
3516 1199 3555 1267 ἡ
3593 1214 3741 1266 καρ-

2148 1296 2249 1349 διά
2272 1313 2392 1365 μου
2422 1296 2519 1349 ἐπὶ
2543 1295 2623 1361 τῷ
2656 1295 2929 1363 Σωτηρίῳ
2946 1309 3085 1349 σου.
3118 1293 3226 1347 Καὶ
3249 1287 3545 1365 ἐπειδήπερ
3571 1293 3740 1363 ἐμνη-

458 1403 689 1473 μόνευσε
720 1403 815 1458 τοῦ
853 1405 1129 1477 Σωτηρίου
1157 1405 1220 1459 ὲν
1251 1396 1331 1476 τῷ
1356 1404 1443 1471 ιϐ’,
1500 1407 1560 1459 ἐν
1608 1407 1683 1479 τῷ
1708 1414 1777 1477 ιγ’
1809 1409 2119 1476 ἀκολούθως
2156 1413 2320 1484 φησί·
2381 1415 2477 1481 Τίς
2536 1412 2716 1469 δώσει
2776 1413 2845 1467 ἐκ
2910 1412 3065 1467 Σιὼν
3132 1411 3199 1466 τὸ
3266 1409 3567 1480 Σωτήριον
3631 1407 3740 1464 τοῦ

456 1498 705 1564 ’Ἰσραήλ
726 1516 747 1564 ;

525 1513 550 1551 γ
666 1503 747 1564 .1;

525 1499 820 1665 lﬁjriptio
853 1593 1059 1664 itaque,
1091 1608 1214 1665 quae
1262 1594 1432 1650 multa
1467 1601 1588 1666 eget
1640 1596 2036 1669 intelligentia,

446 1699 556 1755 pro
597 1684 798 1739 chorea
840 1684 1125 1739 dicebatur
1174 1699 1272 1754 per
1304 1682 1557 1741 Salutare
1614 1685 1668 1740 in
1721 1687 2038 1744 hominibus

2228 1599 2291 1651 Ἡ
2332 1597 2433 1669 μὲν
2455 1591 2548 1651 οὖν
2576 1596 2896 1668 προγραφὴ,
2930 1594 3128 1666 πολλῆς
3178 1594 3446 1658 συνέσεως
3481 1594 3736 1667 δεομένη,

2147 1688 2289 1760 ὑπὲρ
2317 1689 2414 1760 τῆς
2454 1688 2671 1761 χορείας
2712 1688 2949 1756 ἐλέγετο,
3006 1687 3108 1757 τῆς
3163 1686 3463 1758 μελλούσης
3522 1686 3610 1740 διὰ
3642 1686 3737 1740 τοῦ

447 1777 861 1842 constituenda,
890 1791 957 1833 ac
986 1784 1111 1848 post
1141 1775 1447 1835 Salvatoris
1478 1781 1655 1835 nostri
1676 1779 1805 1835 .lesu
1837 1780 2030 1837 Christi

2145 1780 2422 1852 Σωτηρίω
2455 1780 2805 1834 συνίστασθαι
2841 1782 2898 1833 ἐν
2948 1777 3277 1851 ἀνθρώποις·
3314 1779 3437 1850 ἥτις
3469 1779 3616 1851 ἔργῳ
3641 1781 3738 1833 ἐπ-

445 1869 749 1924 adventum
794 1883 960 1939 opere
1005 1869 1277 1939 perlecta;
1331 1885 1429 1940 per
1481 1884 1646 1940 quem
1695 1871 1751 1926 in
1784 1874 2043 1928 universo

444 1961 588 2016 orbe
620 1976 729 2015 una
750 1960 1000 2017 constitit
1033 1960 1144 2016 Deo
1165 1962 1389 2025 chorea,
1408 1963 1587 2032 qualis
1609 1962 1727 2017 visa
1757 1980 2040 2037 nunquam

448 2052 655 2117 fuerat,
688 2054 899 2109 scilicet
918 2053 1199 2109 catholica
1223 2053 1469 2110 Ecclesia
1499 2054 1614 2121 Dei,
1641 2072 1805 2126 supra
1832 2057 2039 2111 ﬁrmam

452 2145 899 2217 immobilemque
918 2146 1177 2201 salutaris
1208 2148 1357 2204 verbi
1389 2157 1600 2219 petram
1629 2147 1876 2203 fundata.
1909 2148 2041 2216 Quae

448 2243 636 2291 autem
667 2236 825 2292 initio
869 2236 1168 2307 prophetia:
1201 2240 1497 2303 dicuntur,
1555 2240 1801 2294 omnium
1853 2242 1946 2310 qui
1982 2241 2037 2293 in

444 2335 600 2383 terra
652 2336 781 2384 sunt
815 2329 1099 2384 hominum
1134 2333 1296 2400 quasi
1347 2331 1693 2403 naufragium
1742 2333 2035 2387 inducunt.

447 2417 587 2474 Nam
619 2421 735 2476 ait:
781 2422 935 2477 Dixit
987 2422 1242 2491 insipiens
1292 2424 1346 2478 in
1394 2426 1553 2480 corde
1594 2442 1736 2480 suo:
1790 2424 1914 2480 Non
1957 2435 2034 2480 est

450 2512 615 2569 Deus.
648 2513 899 2585 Corrupti
952 2526 1080 2571 sunt
1131 2526 1181 2571 et
1224 2517 1609 2574 abominabiles
1657 2519 1789 2588 facti
1825 2530 1946 2574 sunt
1980 2520 2035 2575 in

444 2606 728 2677 iniquitate
758 2623 776 2660 :
809 2623 914 2660 non
956 2616 1034 2661 est
1067 2608 1159 2672 qui
1196 2607 1359 2676 faciat
1411 2606 1627 2663 bonum.
1671 2608 1870 2663 Eadem
1904 2626 2036 2665 vero

450 2699 508 2754 in
543 2714 642 2753 xm
700 2699 1014 2764 habentur,
1053 2699 1290 2754 maxime
1344 2701 1644 2755 secundum
1709 2701 2033 2757 licbraicam

403 2836 407 2843 .
446 2790 731 2861 iinguam,
774 2789 832 2844 in
869 2805 978 2860 qua
1024 2790 1214 2846 eadem
1268 2793 1456 2855 verba,
1494 2794 1698 2848 eaedem
1750 2794 1942 2850 litterae
1977 2797 2034 2850 in

442 2881 719 2937 ambobus
755 2882 981 2951 psalmis
1010 2881 1293 2948 feruntur;
1324 2887 1425 2939 etsi
1478 2885 1532 2939 in
1561 2887 1813 2942 versione
1844 2896 2034 2942 nostra

441 2971 716 3044 quasdam
743 2972 991 3029 diversas
1020 2990 1181 3029 voces
1228 2975 1487 3045 praeferre
1535 2977 1839 3033 videantur.
1896 2978 2033 3034 Nam

446 3080 547 3135 pro
577 3065 702 3131 illo,
737 3063 989 3132 Corrupti
1018 3074 1141 3119 sunt
1170 3076 1218 3120 et
1255 3066 1640 3123 abominabiles
1660 3069 1790 3138 facti
1820 3079 1945 3124 sunt
1976 3071 2033 3124 in

2144 1871 2403 1942 ετελέσθη
2438 1874 2579 1942 μετά
2626 1872 2727 1942 τὴν
2778 1872 3098 1941 ἐπιφάνειαν
3136 1869 3231 1924 τοῦ
3270 1871 3523 1942 Σωτῆρος
3577 1872 3737 1942 ἡμῶν

2156 1963 2330 2036 Ἰησοῦ
2369 1964 2628 2038 Χριστοῦ·
2658 1963 2726 2018 δι’
2756 1959 2815 2020 οὗ
2828 1964 2953 2018 καθ’
2983 1963 3112 2036 ὅλης
3138 1964 3237 2035 τῆς
3274 1964 3600 2037 οἰκουμένης
3636 1966 3737 2035 μία

2145 2058 2379 2131 συνέστη
2437 2057 2516 2129 τῷ
2553 2058 2672 2130 Θεῷ
2712 2059 2924 2131 χορεία,
2957 2057 3045 2111 οἴα
3096 2055 3460 2120 οὐδεπώποτε,
3513 2058 3546 2129 ἠ
3600 2056 3736 2110 καθ-

2144 2149 2303 2223 ολικὴ
2327 2148 2424 2203 τοῦ
2453 2149 2588 2203 Θεοῦ
2635 2150 2933 2221 Ἐκκλησία
2957 2149 3052 2202 ἐπὶ
3090 2148 3188 2221 τὴν
3218 2148 3434 2220 ἀρραγῆ
3458 2148 3553 2201 καὶ
3576 2146 3701 2203 am
3724 2182 3736 2192 -

2142 2257 2267 2294 στον
2299 2241 2506 2312 πέτραν
2541 2239 2636 2295 τοῦ
2667 2241 2935 2313 σωτηρίου
2968 2239 3126 2309 λόγου
3157 2238 3620 2311 τεθεμελιωμένη.
3649 2239 3732 2293 Τὰ

2139 2333 2196 2387 δὲ
2224 2335 2281 2386 ἐν
2308 2335 2451 2405 ἀρχῇ
2498 2334 2598 2405 τῆς
2648 2332 2985 2404 προφητείας
3021 2332 3292 2402 λεγόμενα
3324 2332 3581 2385 ἁπάντων
3621 2330 3731 2385 τῶν

2138 2425 2232 2478 ἐπὶ
2268 2424 2372 2495 γῆς
2408 2424 2713 2497 ἀνθρώπων
2742 2423 2932 2496 ὥσπερ
2962 2442 3013 2477 τι
3044 2423 3303 2492 ναυάγιον
3333 2423 3562 2491 εἰσάγει.
3592 2419 3729 2476 Εἷπε
3748 2482 3761 2491 κ

2138 2517 2267 2589 γάρ·
2301 2517 2499 2584 Φησὶν
2526 2516 2731 2585 ἄφρων
2781 2515 2851 2569 ἐν
2904 2514 3122 2585 καρδίᾳ
3152 2515 3361 2570 αὑτοῦ·
3421 2518 3542 2569 Οὐκ
3594 2516 3728 2569 ἔστι

2136 2609 2303 2675 Θεός.
2330 2606 2748 2676 Διεφθάρησαν
2771 2606 2869 2659 καὶ
2902 2606 3359 2674 ἐϐδελύχθησαν
3388 2606 3458 2658 ἐν
3485 2605 3726 2673 ἀνομίᾳ·

2135 2702 2248 2754 οὐκ
2273 2699 2406 2753 ἔστι
2442 2697 2633 2752 ποιῶν
2689 2698 2933 2767 ἀγαθόν.
2969 2698 3049 2750 Τὰ
3085 2697 3224 2750 αὑτά
3246 2698 3302 2751 δὲ
3325 2698 3419 2750 καὶ
3454 2699 3511 2750 ἐν
3550 2695 3628 2767 τῷ
3660 2701 3726 2764 ιγ

2134 2789 2412 2862 ἐδηλοῦτο,
2445 2789 2681 2861 μάλιστα
2708 2789 2850 2843 κατά
2889 2789 2988 2859 τὴν
3035 2789 3331 2862 Ἐϐραῖκὴν
3354 2788 3630 2858 γλῶσσαν,
3667 2791 3727 2842 ἐν

2135 2877 2169 2957 ᾖ
2206 2887 2260 2937 αἱ
2287 2884 2449 2939 αὑταὶ
2476 2883 2650 2950 λέξεις
2678 2884 3011 2956 ἐμφέρονται
3068 2884 3162 2937 καὶ
3205 2883 3272 2936 τὰ
3302 2883 3441 2936 αὑτὰ
3485 2886 3726 2953 στοιχεῖα

2134 2979 2192 3029 ἐν
2227 2976 2591 3046 ἀμφοτέροις·
2633 2978 2681 3029 εἰ
2722 2976 2816 3029 καὶ
2842 2975 3078 3046 μάλιστα
3104 2975 3201 3047 τῆς
3221 2976 3351 3043 παρ’
3390 2977 3522 3045 ἡμῖν
3557 2977 3727 3047 ἐρμηο

2135 3068 2303 3131 νείας,
2360 3067 2534 3132 λέξεις
2570 3068 2723 3131 τινας
2763 3066 3172 3138 ἐνηλλαγμένας
3225 3067 3503 3139 περιέχειν
3554 3068 3719 3123 δοκεῖ.

445 3158 764 3228 iniquitate;
805 3157 1053 3212 decimus
1092 3160 1315 3223 tertius,
1368 3159 1621 3230 Corrupti
1665 3173 1789 3216 sunt
1831 3172 1883 3217 et
1938 3164 2030 3217 ab-

2146 3159 2291 3212 ‘Awi
2328 3157 2436 3230 γὰρ
2464 3158 2580 3221 τοῦ,
2630 3157 2976 3226 Διέφθειραν
3014 3156 3115 3212 καὶ
3152 3159 3612 3227 ἐϐδελύχθησαν
3654 3161 3725 3212 ἐν

438 3249 760 3305 ominabiles
798 3249 931 3318 facti
971 3258 1094 3304 sunt
1134 3250 1409 3306 in‘studiis
1445 3254 1491 3284 ⁷⁸
1522 3271 1534 3307 :
1569 3269 1633 3307 ac
1677 3270 1898 3308 rursum
1934 3270 2032 3325 pro

445 3342 570 3403 illo,
615 3339 739 3394 Non
759 3350 836 3395 est
858 3341 948 3411 qui
977 3340 1143 3406 faciat
1171 3340 1383 3407 bonum,
1413 3343 1575 3399 habet
1608 3345 1697 3400 ille
1719 3385 1736 3409 ,
1792 3344 1915 3399 Non
1957 3356 2034 3402 est

435 3435 534 3504 qui
569 3433 735 3503 faciat
762 3432 1051 3487 bonitatem
1076 3433 1121 3466 ⁷⁸
1147 3452 1161 3489 :
1198 3449 1325 3488 nam
1356 3435 1648 3491 diversitas
1680 3436 1824 3507 apud
1856 3437 2025 3493 inter-

441 3532 630 3597 pretes
677 3524 854 3581 solum
900 3524 1092 3581 fertur.
1116 3524 1215 3581 His
1257 3542 1424 3597 porro
1467 3528 1813 3600 signiﬁcatur
1843 3534 2029 3603 lapsas

441 3632 678 3689 prorsus
704 3615 876 3671 fuisse
900 3630 1224 3674 communes
1264 3618 1333 3674 de
1361 3618 1472 3675 Deo
1500 3621 1890 3693 cogitationes;
1942 3632 2029 3678 at-

438 3724 554 3779 que
574 3709 799 3780 impiam
830 3709 1303 3781 irreligiosamque
1327 3713 1574 3767 omnium
1594 3715 1875 3770 hominum
1903 3732 2030 3773 sen-

443 3803 674 3858 tentiam
704 3811 831 3859 ante
849 3802 1151 3861 Salvatoris
1162 3804 1348 3861 nostri
1377 3805 1671 3861 adventum
1696 3808 2022 3866 obtinuisse.

442 3893 584 3949 Nam
645 3909 772 3949 cum
838 3894 1002 3959 Deus.
1039 3894 1093 3949 in
1153 3896 1541 3952 communibus
1603 3898 2028 3969 cogitationibus

444 3987 590 4041 bona
623 3986 948 4057 cognitionis
978 4002 1092 4042 suae
1139 3988 1349 4045 semina
1373 3989 1569 4059 jecerit
1597 4033 1613 4057 ,
1664 4007 1937 4063 quemque
1969 3995 2027 4048 in

444 4078 760 4134 hominibus
795 4078 1142 4148 insipientem
1183 4088 1336 4134 tanta
1389 4081 1676 4137 subversio
1722 4096 2028 4154 occupave-

445 4180 552 4237 rat,
583 4178 643 4224 ut
675 4170 898 4240 impiam
937 4173 1266 4227 sententiam
1308 4174 1364 4229 in
1395 4183 1577 4230 mente
1611 4190 1711 4230 sua
1745 4185 2023 4243 servaret,

444 4278 511 4317 ac
542 4261 753 4317 nullum
797 4278 942 4325 esse,
983 4278 1086 4319 nec
1114 4265 1172 4320 in
1221 4267 1480 4325 universo
1512 4269 1797 4325 exstitisse
1825 4269 2020 4335 Deum,

439 4357 838 4427 cogitaret.,Et
865 4359 958 4413 hic
990 4374 1124 4414 sane
1154 4373 1282 4414 vere
1313 4360 1506 4416 atheus
1547 4369 1602 4415 et
1633 4376 1859 4430 prorsus
1888 4365 2025 4418 msi-

443 4449 600 4520 piens
636 4458 777 4517 erat,
807 4453 903 4523 qui
938 4467 1117 4522 neque
1146 4453 1542 4523 providentiam
1577 4455 1763 4508 omnia
1809 4456 2025 4526 prospi-

2134 3252 2371 3321 ἀνομίᾳ,
2398 3253 2428 3304 ὁ
2458 3258 2545 3320 ιγ’,
2572 3250 2992 3320 Διεφθὰρησαν
3032 3252 3126 3305 καὶ
3158 3250 3617 3320 ἑϐδελύχθησαν
3651 3252 3725 3304 ἐν·

2132 3341 2583 3411 ἐπιτηδεύμασι·
2613 3344 2705 3395 καὶ
2732 3342 2893 3396 πάλιν
2925 3344 3045 3395 ἀντὶ
3073 3341 3188 3405 τοῦ,
3223 3345 3345 3396 Οὐκ
3376 3343 3507 3397 ἐστι
3535 3342 3723 3396 ποιῶν

2133 3434 2376 3504 ἀγαθὸν,
2416 3436 2538 3488 Οὐκ
2567 3434 2699 3488 ἔστι
2753 3432 2940 3487 ποιῶν
2997 3434 3401 3503 χρηστότητα,
3450 3435 3716 3506 περιέχει·

2132 3524 2286 3595 παρὰ
2314 3524 2424 3595 γὰρ
2462 3525 2588 3588 τοὺς
2616 3525 3062 3597 ἑρμηνεύσαντας
3096 3526 3129 3596 ἡ
3160 3524 3424 3597 ἐναλλαγὴ
3465 3526 3713 3597 φέρεται.

2132 3614 2394 3686 Σημαίνει
2425 3615 2481 3668 δὲ
2510 3615 2598 3670 διά
2648 3615 2851 3669 τούτων
2878 3617 2906 3668 ὁ
2935 3614 3090 3683 λόγος
3137 3615 3234 3687 τὴν
3275 3615 3547 3669 ἔκπτωσιν
3610 3616 3719 3669 τῶν

2131 3707 2326 3761 κοινῶν
2377 3709 2505 3780 περὶ
2552 3707 2687 3761 Θεοῦ
2726 3706 2980 3772 ἐννοιῶν,
3046 3708 3140 3760 καὶ
3190 3706 3283 3760 τὸν
3331 3706 3565 3778 δυσσεϐῆ
3623 3707 3718 3762 καὶ

2131 3799 2290 3854 ἄθεον
2309 3799 2566 3871 λογισμὸν
2611 3801 2711 3870 τῆς
2743 3799 3165 3871 ἀνθρωπότητος
3197 3798 3415 3869 ἁπάσης
3457 3799 3563 3871 πρὸ
3616 3801 3717 3871 τῆς

2128 3891 2224 3945 τοῦ
2248 3893 2499 3964 Σωτῆρος
2527 3894 2559 3963 ἠ
2571 3891 2686 3964 μῶν
2719 3893 3042 3961 ἐπιφανείας
3076 3894 3541 3965 ἐπικρατήσαντα.
3606 3892 3714 3944 Τοῦ

2128 3982 2236 4054 γὰρ
2263 3981 2398 4036 Θεοῦ
2433 3985 2554 4047 ταῖς
2593 3986 2797 4047 κοιναῖς
2828 3984 3055 4047 ἐννοίαις
3088 3982 3270 4052 ἀγαθά
3296 3984 3585 4053 σπέρματα
3615 3983 3716 4054 τῆς

2128 4078 2259 4148 περὶ
2306 4076 2470 4130 αὑτοῦ
2509 4076 2764 4144 γνώσεως
2814 4075 3312 4147 καταϐαλλομένου,
3352 4076 3590 4147 τοσαύτη
3631 4094 3715 4140 τος

2128 4173 2392 4243 κατέσχεν
2410 4171 2709 4243 διαστροφὴ
2732 4171 2910 4225 πάντα
2943 4170 3033 4222 τὸν
3070 4172 3127 4223 ἐν
3151 4168 3458 4244 ἀνθρώποις
3480 4171 3709 4241 ἄφρονα.

2126 4265 2202 4330 ὡς
2222 4264 2380 4331 δόξαν
2421 4263 2581 4318 ἄθεον
2632 4264 2689 4317 ἐν
2713 4262 2791 4334 τῷ
2823 4262 3016 4316 ἑαυτοῦ
3082 4260 3330 4333 λογισμῷ
3383 4260 3709 4333 κτήσασθαι,

2126 4359 2220 4413 καὶ
2249 4359 2331 4412 ὅτι
2370 4357 2556 4429 μηδείς
2589 4359 2704 4411 ἐστι
2742 4356 2877 4428 μηδὲ
2920 4354 3223 4424 ὑφέστηκεν
3262 4355 3319 4407 ἐν
3347 4352 3425 4425 τῷ
3481 4354 3644 4407 παντὶ
3681 4355 3712 4407 ό

2125 4452 2256 4516 Θεὸς
2274 4450 2640 4521 διανοηθῆναι.
2693 4444 2864 4512 Οὗτος
2920 4449 3018 4519 μὲν
3047 4443 3142 4501 οὑν
3189 4445 3405 4517 ἀληθῶς
3438 4445 3597 4510 άθεός
3623 4463 3711 4509 τις

439 4542 700 4611 cientem,
728 4560 907 4616 neque
943 4557 1179 4601 mentem
1209 4546 1359 4599 illam
1398 4547 1793 4611 universalem,
1844 4563 2021 4618 neque

2134 4539 2192 4614 ἣν
2221 4514 2316 4597 καὶ
2367 4514 2644 4606 παντελῶς
2698 4514 2932 4612 ἄφρωνξ
2967 4538 3093 4592 οὑτε
3134 4514 3391 4611 πρόνοιαν
3432 4539 3498 4592 τὰ
3532 4539 3710 4593 πάντα

438 4633 806 4690 substantiam
842 4634 1026 4690 omnia
1059 4645 1478 4705 exsuperantem
1515 4637 1871 4706 omniumque
1902 4639 2023 4708 opi-

440 4724 638 4790 ﬁcem,
680 4725 949 4782 exsistere
997 4725 1270 4782 deﬁniret.
1326 4725 1543 4795 Reliqui
1591 4741 1720 4781 vero
1765 4727 2019 4783 homines

438 4817 737 4872 multorum
754 4817 1043 4872 numinum
1060 4818 1234 4873 errori
1268 4833 1365 4888 per
1384 4818 1744 4874 idololatrian:
1764 4835 1884 4875 sese
1905 4828 2020 4874 tra~

436 4909 655 4973 dentes,
686 4909 794 4963 alio
819 4908 1147 4979 insipientia:
1172 4909 1336 4963 modo
1366 4911 1418 4963 in
1448 4912 1652 4966 nullius
1683 4910 1777 4967 Dei
1810 4913 2017 4966 cultum

437 4999 677 5069 prolapsi
710 5006 873 5056 sunt:
906 4999 999 5068 qui
1036 4999 1201 5055 etiam
1249 5015 1441 5069 sparsa
1481 5001 1571 5054 illa
1612 5002 1665 5055 in
1715 5018 1775 5057 se
1803 5002 1871 5057 de
1913 5003 2021 5057 Deo

433 5105 571 5145 sana
603 5091 810 5146 semina
840 5091 1223 5145 exstinxerunt
1247 5129 1263 5153 ,
1305 5106 1369 5145 ac
1405 5101 1742 5146 mortuorum
1791 5093 2015 5148 simula-

433 5199 658 5237 crorum
711 5183 1105 5237 abominationi
1155 5198 1215 5238 se
1260 5181 1608 5247 dediderunt,
1639 5200 1761 5255 qua:
1809 5184 2016 5238 nullius

434 5276 596 5344 pretii
616 5282 671 5329 et
693 5290 819 5330 vere
848 5274 1181 5330 exsecranda
1203 5284 1385 5339 erant,
1419 5277 1681 5332 colentes.
1713 5276 1895 5342 Quare
1925 5274 2014 5330 di-

429 5380 584 5421 ctum
620 5374 744 5422 est:
777 5367 1027 5437 Corrupti
1065 5379 1253 5423 suntet
1283 5369 1666 5423 abominabiles
1716 5370 1847 5438 [acti
1889 5377 2014 5423 sunt

429 5462 482 5513 in
520 5460 814 5530 iniquitate.
870 5459 1028 5525 Quod
1075 5461 1279 5517 clarius
1324 5462 1715 5531 interpretatus
1761 5459 2012 5531 Symma-

429 5552 566 5604 chus
600 5557 686 5605 est
718 5550 803 5604 his
832 5551 1052 5618 verbis,
1086 5550 1336 5621 Corrupti
1375 5565 1494 5607 sunt
1537 5563 1585 5607 et
1628 5551 2013 5606 abominationi

429 5644 743 5696 studuerunt
760 5642 1184 5712 cuminiquitate.
1203 5644 1609 5699 Abominationi
1634 5659 1870 5715 namque
1897 5653 2015 5699 stu-

2124 4633 2430 4707 ἐφορῶσαν,
2467 4631 2591 4686 οὔτε
2614 4631 2739 4685 νοῦν
2758 4630 2851 4685 τὸν
2875 4630 3128 4693 καθόλου,
3149 4628 3273 4683 οὑτε
3330 4629 3427 4701 τὴν
3454 4629 3710 4683 ἐπέκεινα

2124 4723 2231 4778 τῶν
2263 4724 2398 4778 ὅλων
2420 4723 2609 4778 οὑσίαν
2662 4722 2760 4794 τὴν
2788 4721 3044 4776 ἁπάντων
3068 4721 3376 4792 ποιητικὴν,
3415 4720 3709 4789 ὑφεστάναι

2121 4820 2457 4892 ὁριζόμενος·
2513 4819 2563 4871 οἱ
2607 4817 2664 4870 δὲ
2718 4817 2897 4871 λοιποὶ
2938 4815 3046 4869 τῶν
3088 4814 3411 4886 ἀνθρώπων,
3463 4815 3709 4885 πολυθέῳ

2125 4912 2301 4984 πλάνῃ
2332 4914 2396 4982 τῇ
2431 4910 2571 4965 κατὰ
2595 4911 2693 4983 τὴν
2717 4908 3158 4980 εἰδωλολατρείαν
3188 4909 3414 4971 ἑαυτοὺς
3440 4908 3705 4970 ἐκδόντες,

2120 5004 2296 5074 ἑτέρῳ
2322 5002 2633 5074 ἀφροσύνης
2678 5002 2862 5072 τρόπῳ
2895 5002 2973 5064 εἰς
3023 4999 3291 5070 ἀθεότητα
3329 4997 3705 5051 πεπτώκασιν·

2120 5097 2169 5148 οἳ
2199 5097 2293 5149 καὶ
2321 5096 2473 5148 αὑτοὶ
2508 5095 2821 5164 διέφθειραν
2853 5092 2920 5145 τὰ
2949 5091 3225 5162 σπαρέντα
3276 5093 3334 5143 ἐν
3374 5091 3557 5152 αὐτοῖς
3577 5090 3705 5159 ὑγιῆ

2119 5185 2248 5255 περὶ
2273 5183 2407 5236 Θεοῦ
2443 5185 2754 5255 σπέρματα,
2785 5181 2881 5235 καὶ
2937 5183 3002 5251 τῇ
3057 5178 3164 5232 τῶν
3203 5179 3413 5252 νεκρῶν
3472 5178 3706 5232 εἰδώλων

2122 5273 2375 5347 βδελυρίᾳ
2395 5276 2621 5339 ἑαυτοὺς
2668 5273 3140 5347 παραδεδώκασιν,
3174 5273 3345 5343 ἄτιμα
3373 5273 3468 5325 καὶ
3489 5271 3705 5344 ἀληθῶς

2118 5364 2464 5436 βδελύγματα
2507 5365 2882 5429 σεϐασθέντες.
2940 5364 3031 5418 Διὸ
3081 5365 3314 5436 εἴρηται·
3359 5363 3705 5433 Διέςοθειραν

2115 5462 2212 5515 καὶ
2242 5459 2700 5528 ἐϐδελύχθησαν
2749 5457 2820 5510 ἐν
2881 5457 3118 5525 ἀνομίᾳ·
3179 5455 3209 5507 δ
3260 5453 3323 5526 δὴ
3374 5454 3704 5526 σαφέστερον

2117 5553 2463 5622 ήρμήνευσεν
2519 5551 2545 5602 ὁ
2582 5550 2876 5620 Σύμμαχος
2917 5545 3105 5599 εἰπών·
3142 5544 3560 5615 Διεςρθάρησαν
3602 5546 3701 5599 καὶ

2111 5644 2450 5713 βδελυρίαν
2485 5641 2901 5710 ἐπετήδευσαν
2939 5638 3093 5709 μετὰ
3140 5637 3394 5703 ἀδικίας.
3469 5638 3702 5715 Ἐπετη-

501 5799 548 5829 ’⁸
588 5797 732 5854 Psal.
766 5814 875 5869 xu,
910 5801 964 5856 i.
1039 5799 1084 5832 7"
1124 5800 1254 5856 ibid.
1292 5799 1345 5855 6.
1423 5800 1470 5832 τε
1510 5797 1654 5854 Psal.
1691 5814 1821 5866 xm,
1864 5799 1911 5854 l.
1991 5798 2037 5829 ⁷⁸
2075 5797 2207 5853 ibid.
2242 5798 2294 5853 5.
