  <div class='ocr_page' id='page_1' title='image "/cluster/home/n/w/nwhite01/storage/ocr_20150623/23/nnc1.0046978313/254.png"; bbox 0 0 4138 6386; ppageno 0'>
   <div class='ocr_carea' id='block_1_1' title="bbox 500 366 611 422">
    <p class='ocr_par' dir='ltr' id='par_1_1' title="bbox 500 366 611 422">
     <span class='ocr_line' id='line_1_1' title="bbox 500 366 611 422; baseline 0 -1"><span class='ocrx_word' id='word_1_1' title='bbox 500 366 611 422; x_wconf 70' lang='grc' dir='ltr'><strong>ι57</strong></span> 
     </span>
    </p>
   </div>
   <div class='ocr_carea' id='block_1_2' title="bbox 1645 375 2629 436">
    <p class='ocr_par' dir='ltr' id='par_1_2' title="bbox 1645 375 2629 436">
     <span class='ocr_line' id='line_1_2' title="bbox 1645 375 2629 436; baseline 0.006 -6"><span class='ocrx_word' id='word_1_2' title='bbox 1645 375 2147 433; x_wconf 71' lang='lat' dir='ltr'><strong>COMMENTARIA</strong></span> <span class='ocrx_word' id='word_1_3' title='bbox 2185 378 2251 435; x_wconf 78' lang='lat' dir='ltr'><strong>IN</strong></span> <span class='ocrx_word' id='word_1_4' title='bbox 2294 379 2629 436; x_wconf 79' lang='lat' dir='ltr'><strong>PSALMOS.</strong></span> 
     </span>
    </p>
   </div>
   <div class='ocr_carea' id='block_1_3' title="bbox 3652 376 3757 431">
    <p class='ocr_par' dir='ltr' id='par_1_3' title="bbox 3652 376 3757 431">
     <span class='ocr_line' id='line_1_3' title="bbox 3652 376 3757 431; baseline -0.019 0"><span class='ocrx_word' id='word_1_5' title='bbox 3652 376 3757 431; x_wconf 60' lang='grc' dir='ltr'><strong>εδδ</strong></span> 
     </span>
    </p>
   </div>
   <div class='ocr_carea' id='block_1_4' title="bbox 495 484 2075 564">
    <p class='ocr_par' dir='ltr' id='par_1_4' title="bbox 495 484 2075 560">
     <span class='ocr_line' id='line_1_4' title="bbox 495 484 2075 560; baseline 0.003 -18"><span class='ocrx_word' id='word_1_6' title='bbox 495 490 691 542; x_wconf 66' lang='grc' dir='ltr'><em>δευοίαν</em></span> <span class='ocrx_word' id='word_1_7' title='bbox 734 484 845 557; x_wconf 84' lang='grc' dir='ltr'><em>γὰρ</em></span> <span class='ocrx_word' id='word_1_8' title='bbox 889 485 988 558; x_wconf 82' lang='grc' dir='ltr'><em>τὴν</em></span> <span class='ocrx_word' id='word_1_9' title='bbox 1037 486 1340 558; x_wconf 78' lang='grc' dir='ltr'><strong>βδελυρίαν,</strong></span> <span class='ocrx_word' id='word_1_10' title='bbox 1382 488 1448 541; x_wconf 88' lang='grc' dir='ltr'><em>τὰ</em></span> <span class='ocrx_word' id='word_1_11' title='bbox 1478 490 1554 560; x_wconf 75' lang='grc' dir='ltr'><em>μὴ</em></span> <span class='ocrx_word' id='word_1_12' title='bbox 1585 490 1710 543; x_wconf 81' lang='grc' dir='ltr'><em>ὖντα</em></span> <span class='ocrx_word' id='word_1_13' title='bbox 1744 492 1817 555; x_wconf 83' lang='grc' dir='ltr'><em>ὡς</em></span> <span class='ocrx_word' id='word_1_14' title='bbox 1851 493 1979 546; x_wconf 74' lang='grc' dir='ltr'><em>ὄντα</em></span> <span class='ocrx_word' id='word_1_15' title='bbox 2011 493 2075 546; x_wconf 87' lang='grc' dir='ltr'><em>ἂν</em></span> 
     </span>
    </p>
   </div>
   <div class='ocr_carea' id='block_1_5' title="bbox 2177 484 3756 564">
    <p class='ocr_par' dir='ltr' id='par_1_5' title="bbox 2183 490 3756 564">
     <span class='ocr_line' id='line_1_5' title="bbox 2183 490 3756 564; baseline -0.004 -16"><span class='ocrx_word' id='word_1_16' title='bbox 2183 495 2440 557; x_wconf 60' lang='lat' dir='ltr'><strong>(luerunt,</strong></span> <span class='ocrx_word' id='word_1_17' title='bbox 2474 496 2540 550; x_wconf 91' lang='lat' dir='ltr'><strong>iis</strong></span> <span class='ocrx_word' id='word_1_18' title='bbox 2562 510 2683 564; x_wconf 72' lang='lat' dir='ltr'><strong>qua:</strong></span> <span class='ocrx_word' id='word_1_19' title='bbox 2714 508 2819 548; x_wconf 90' lang='lat' dir='ltr'><strong>non</strong></span> <span class='ocrx_word' id='word_1_20' title='bbox 2854 500 3031 557; x_wconf 88' lang='lat' dir='ltr'><strong>erant,</strong></span> <span class='ocrx_word' id='word_1_21' title='bbox 3056 508 3117 547; x_wconf 88' lang='lat' dir='ltr'><strong>ac</strong></span> <span class='ocrx_word' id='word_1_22' title='bbox 3141 493 3184 547; x_wconf 87' lang='lat' dir='ltr'><strong>si</strong></span> <span class='ocrx_word' id='word_1_23' title='bbox 3214 491 3560 551; x_wconf 80' lang='lat' dir='ltr'><strong>exsisterent.</strong></span> <span class='ocrx_word' id='word_1_24' title='bbox 3582 490 3756 545; x_wconf 85' lang='lat' dir='ltr'><strong>simu-</strong></span> 
     </span>
    </p>
   </div>
   <div class='ocr_carea' id='block_1_6' title="bbox 496 583 2081 663">
    <p class='ocr_par' dir='ltr' id='par_1_6' title="bbox 496 583 2081 663">
     <span class='ocr_line' id='line_1_6' title="bbox 496 583 2081 663; baseline 0.004 -26"><span class='ocrx_word' id='word_1_25' title='bbox 496 583 1007 654; x_wconf 81' lang='grc' dir='ltr'><em>εἰδωλοποιήσαντες</em></span> <span class='ocrx_word' id='word_1_26' title='bbox 1035 586 1173 655; x_wconf 84' lang='grc' dir='ltr'><em>μετὰ</em></span> <span class='ocrx_word' id='word_1_27' title='bbox 1196 587 1295 657; x_wconf 83' lang='grc' dir='ltr'><em>τῆς</em></span> <span class='ocrx_word' id='word_1_28' title='bbox 1311 587 1569 640; x_wconf 79' lang='grc' dir='ltr'><strong>ἀνωτάτω</strong></span> <span class='ocrx_word' id='word_1_29' title='bbox 1606 588 1835 651; x_wconf 77' lang='grc' dir='ltr'><em>ἀδικίας.</em></span> <span class='ocrx_word' id='word_1_30' title='bbox 1854 590 1950 653; x_wconf 89' lang='grc' dir='ltr'><em>Τίς</em></span> <span class='ocrx_word' id='word_1_31' title='bbox 1972 590 2081 663; x_wconf 82' lang='grc' dir='ltr'><strong>γάρ</strong></span> 
     </span>
    </p>
   </div>
   <div class='ocr_carea' id='block_1_7' title="bbox 495 673 2080 756">
    <p class='ocr_par' dir='ltr' id='par_1_7' title="bbox 495 673 2080 756">
     <span class='ocr_line' id='line_1_7' title="bbox 495 673 2080 756; baseline 0.009 -30"><span class='ocrx_word' id='word_1_32' title='bbox 495 673 561 728; x_wconf 81' lang='grc' dir='ltr'><em>ἂν</em></span> <span class='ocrx_word' id='word_1_33' title='bbox 587 674 798 743; x_wconf 82' lang='grc' dir='ltr'><em>γένοιτο</em></span> <span class='ocrx_word' id='word_1_34' title='bbox 831 676 1040 748; x_wconf 80' lang='grc' dir='ltr'><strong>ταύτης</strong></span> <span class='ocrx_word' id='word_1_35' title='bbox 1063 678 1224 749; x_wconf 76' lang='grc' dir='ltr'><em>ἑτέρα</em></span> <span class='ocrx_word' id='word_1_36' title='bbox 1255 681 1454 751; x_wconf 85' lang='grc' dir='ltr'><em>χείρων</em></span> <span class='ocrx_word' id='word_1_37' title='bbox 1489 683 1691 742; x_wconf 85' lang='grc' dir='ltr'><em>ἀδικία.</em></span> <span class='ocrx_word' id='word_1_38' title='bbox 1720 684 1842 738; x_wconf 79' lang='grc' dir='ltr'><em>καθ’</em></span> <span class='ocrx_word' id='word_1_39' title='bbox 1883 687 1949 756; x_wconf 79' lang='grc' dir='ltr'><em>ἣν</em></span> <span class='ocrx_word' id='word_1_40' title='bbox 1976 686 2080 756; x_wconf 81' lang='grc' dir='ltr'><strong>φά-</strong></span> 
     </span>
    </p>
   </div>
   <div class='ocr_carea' id='block_1_8' title="bbox 496 763 2083 846">
    <p class='ocr_par' dir='ltr' id='par_1_8' title="bbox 496 763 2083 846">
     <span class='ocr_line' id='line_1_8' title="bbox 496 763 2083 846; baseline 0.008 -25"><span class='ocrx_word' id='word_1_41' title='bbox 496 783 717 830; x_wconf 87' lang='grc' dir='ltr'><em>σκοντες</em></span> <span class='ocrx_word' id='word_1_42' title='bbox 742 763 879 820; x_wconf 84' lang='grc' dir='ltr'><em>εἶναι</em></span> <span class='ocrx_word' id='word_1_43' title='bbox 900 769 1074 837; x_wconf 74' lang='grc' dir='ltr'><em>σοφοὶ,</em></span> <span class='ocrx_word' id='word_1_44' title='bbox 1097 770 1543 839; x_wconf 82' lang='grc' dir='ltr'><em>ἐμωράνθησαν,</em></span> <span class='ocrx_word' id='word_1_45' title='bbox 1563 775 1661 828; x_wconf 69' lang='grc' dir='ltr'><em>καὶ</em></span> <span class='ocrx_word' id='word_1_46' title='bbox 1680 776 1957 843; x_wconf 74' lang='grc' dir='ltr'><em>ἤλλαξαν</em></span> <span class='ocrx_word' id='word_1_47' title='bbox 1970 778 2083 846; x_wconf 83' lang='grc' dir='ltr'><em>τὴν</em></span> 
     </span>
    </p>
   </div>
   <div class='ocr_carea' id='block_1_9' title="bbox 495 858 2082 936">
    <p class='ocr_par' dir='ltr' id='par_1_9' title="bbox 495 858 2082 936">
     <span class='ocr_line' id='line_1_9' title="bbox 495 858 2082 936; baseline 0.007 -24"><span class='ocrx_word' id='word_1_48' title='bbox 495 860 682 924; x_wconf 79' lang='grc' dir='ltr'><em>δόξαν</em></span> <span class='ocrx_word' id='word_1_49' title='bbox 702 858 809 913; x_wconf 85' lang='grc' dir='ltr'><em>τοῦ</em></span> <span class='ocrx_word' id='word_1_50' title='bbox 837 860 1143 928; x_wconf 69' lang='grc' dir='ltr'><em>ἀφθάρτου</em></span> <span class='ocrx_word' id='word_1_51' title='bbox 1175 862 1323 916; x_wconf 84' lang='grc' dir='ltr'><strong>Θεοῦ</strong></span> <span class='ocrx_word' id='word_1_52' title='bbox 1370 863 1440 916; x_wconf 85' lang='grc' dir='ltr'><em>ἐν</em></span> <span class='ocrx_word' id='word_1_53' title='bbox 1469 865 1785 935; x_wconf 85' lang='grc' dir='ltr'><strong>ὁμοιώματι</strong></span> <span class='ocrx_word' id='word_1_54' title='bbox 1847 870 2082 936; x_wconf 74' lang='grc' dir='ltr'><em>εἰκόνος</em></span> 
     </span>
    </p>
   </div>
   <div class='ocr_carea' id='block_1_10' title="bbox 495 953 2079 1030">
    <p class='ocr_par' dir='ltr' id='par_1_10' title="bbox 495 953 2079 1030">
     <span class='ocr_line' id='line_1_10' title="bbox 495 953 2079 1030; baseline 0.005 -22"><span class='ocrx_word' id='word_1_55' title='bbox 495 953 759 1023; x_wconf 69' lang='grc' dir='ltr'><em>φθαρτοῦ</em></span> <span class='ocrx_word' id='word_1_56' title='bbox 820 953 1159 1022; x_wconf 84' lang='grc' dir='ltr'><em>ἀνθρώπου,</em></span> <span class='ocrx_word' id='word_1_57' title='bbox 1223 955 1321 1009; x_wconf 76' lang='grc' dir='ltr'><em>καὶ</em></span> <span class='ocrx_word' id='word_1_58' title='bbox 1386 958 1691 1023; x_wconf 76' lang='grc' dir='ltr'><strong>πετεινῶν,</strong></span> <span class='ocrx_word' id='word_1_59' title='bbox 1727 960 1825 1013; x_wconf 81' lang='grc' dir='ltr'><em>καὶ</em></span> <span class='ocrx_word' id='word_1_60' title='bbox 1878 978 2079 1030; x_wconf 87' lang='grc' dir='ltr'><em>τετρα-</em></span> 
     </span>
    </p>
   </div>
   <div class='ocr_carea' id='block_1_11' title="bbox 495 1044 2079 1122">
    <p class='ocr_par' dir='ltr' id='par_1_11' title="bbox 495 1044 2079 1122">
     <span class='ocr_line' id='line_1_11' title="bbox 495 1044 2079 1122; baseline 0.006 -25"><span class='ocrx_word' id='word_1_61' title='bbox 495 1044 715 1111; x_wconf 82' lang='grc' dir='ltr'><em>πόδων,</em></span> <span class='ocrx_word' id='word_1_62' title='bbox 769 1046 868 1099; x_wconf 79' lang='grc' dir='ltr'><em>καὶ</em></span> <span class='ocrx_word' id='word_1_63' title='bbox 919 1047 1213 1114; x_wconf 75' lang='grc' dir='ltr'><strong>ἑρπετῶν,</strong></span> <span class='ocrx_word' id='word_1_64' title='bbox 1269 1049 1413 1104; x_wconf 84' lang='grc' dir='ltr'><strong>κατά</strong></span> <span class='ocrx_word' id='word_1_65' title='bbox 1457 1051 1548 1105; x_wconf 84' lang='grc' dir='ltr'><em>τὸν</em></span> <span class='ocrx_word' id='word_1_66' title='bbox 1618 1053 1760 1122; x_wconf 81' lang='grc' dir='ltr'><em>ἱερὸν</em></span> <span class='ocrx_word' id='word_1_67' title='bbox 1825 1056 2079 1109; x_wconf 83' lang='grc' dir='ltr'><em>Ἀπόστο-</em></span> 
     </span>
    </p>
   </div>
   <div class='ocr_carea' id='block_1_12' title="bbox 495 1137 617 1200">
    <p class='ocr_par' dir='ltr' id='par_1_12' title="bbox 495 1137 617 1200">
     <span class='ocr_line' id='line_1_12' title="bbox 495 1137 617 1200; baseline 0.016 -11"><span class='ocrx_word' id='word_1_68' title='bbox 495 1137 583 1191; x_wconf 90' lang='grc' dir='ltr'><strong>λον</strong></span> <span class='ocrx_word' id='word_1_69' title='bbox 603 1155 617 1200; x_wconf 89' lang='grc'><strong>;</strong></span> 
     </span>
    </p>
   </div>
   <div class='ocr_carea' id='block_1_13' title="bbox 562 1226 2078 1306">
    <p class='ocr_par' dir='ltr' id='par_1_13' title="bbox 562 1226 2078 1306">
     <span class='ocr_line' id='line_1_13' title="bbox 562 1226 2078 1306; baseline 0.006 -24"><span class='ocrx_word' id='word_1_70' title='bbox 562 1226 640 1282; x_wconf 78' lang='lat' dir='ltr'><em>EI</em></span> <span class='ocrx_word' id='word_1_71' title='bbox 640 1230 685 1282; x_wconf 83' lang='grc' dir='ltr'><em>τ’</em></span> <span class='ocrx_word' id='word_1_72' title='bbox 709 1230 1015 1284; x_wconf 80' lang='grc' dir='ltr'><strong>ἀκόλουθα</strong></span> <span class='ocrx_word' id='word_1_73' title='bbox 1037 1230 1293 1299; x_wconf 78' lang='grc' dir='ltr'><strong>δρῶντες</strong></span> <span class='ocrx_word' id='word_1_74' title='bbox 1313 1232 1435 1298; x_wconf 81' lang='grc' dir='ltr'><em>τοῖς</em></span> <span class='ocrx_word' id='word_1_75' title='bbox 1458 1234 1656 1301; x_wconf 79' lang='grc' dir='ltr'><em>ἀθέοις</em></span> <span class='ocrx_word' id='word_1_76' title='bbox 1677 1235 1775 1289; x_wconf 79' lang='grc' dir='ltr'><em>καὶ</em></span> <span class='ocrx_word' id='word_1_77' title='bbox 1800 1236 2078 1306; x_wconf 86' lang='grc' dir='ltr'><em>διαστρό-</em></span> 
     </span>
    </p>
   </div>
   <div class='ocr_carea' id='block_1_14' title="bbox 494 1321 2083 1398">
    <p class='ocr_par' dir='ltr' id='par_1_14' title="bbox 494 1321 2083 1398">
     <span class='ocr_line' id='line_1_14' title="bbox 494 1321 2083 1398; baseline 0.008 -27"><span class='ocrx_word' id='word_1_78' title='bbox 494 1321 1358 1392; x_wconf 66' lang='grc' dir='ltr'><em>φοιςὲαυτῶνὲπιτηδεύμασιν,</em></span> <span class='ocrx_word' id='word_1_79' title='bbox 1376 1327 1462 1390; x_wconf 77' lang='grc' dir='ltr'><strong>είς</strong></span> <span class='ocrx_word' id='word_1_80' title='bbox 1481 1324 1605 1379; x_wconf 77' lang='grc' dir='ltr'><em>πᾶν</em></span> <span class='ocrx_word' id='word_1_81' title='bbox 1639 1322 1799 1392; x_wconf 80' lang='grc' dir='ltr'><em>εἶδος</em></span> <span class='ocrx_word' id='word_1_82' title='bbox 1820 1328 1963 1391; x_wconf 84' lang='grc' dir='ltr'><em>,ϐίου</em></span> <span class='ocrx_word' id='word_1_83' title='bbox 1981 1347 2083 1398; x_wconf 54' lang='grc' dir='ltr'><strong>,μο⁸</strong></span> 
     </span>
    </p>
   </div>
   <div class='ocr_carea' id='block_1_15' title="bbox 494 1413 2080 1488">
    <p class='ocr_par' dir='ltr' id='par_1_15' title="bbox 494 1413 2080 1488">
     <span class='ocr_line' id='line_1_15' title="bbox 494 1413 2080 1488; baseline 0.006 -24"><span class='ocrx_word' id='word_1_84' title='bbox 494 1413 741 1481; x_wconf 76' lang='grc' dir='ltr'><em>χθηρίας</em></span> <span class='ocrx_word' id='word_1_85' title='bbox 772 1414 1275 1482; x_wconf 82' lang='grc' dir='ltr'><em>περιπεπτώκασι.</em></span> <span class='ocrx_word' id='word_1_86' title='bbox 1306 1417 1395 1469; x_wconf 81' lang='grc' dir='ltr'><strong>Διὸ</strong></span> <span class='ocrx_word' id='word_1_87' title='bbox 1414 1417 1722 1486; x_wconf 82' lang='grc' dir='ltr'><em>ὲπιλέγεται</em></span> <span class='ocrx_word' id='word_1_88' title='bbox 1754 1420 1908 1488; x_wconf 78' lang='grc' dir='ltr'><strong>ἑξῆς·</strong></span> <span class='ocrx_word' id='word_1_89' title='bbox 1959 1423 2080 1474; x_wconf 82' lang='grc' dir='ltr'><em>Οὐκ</em></span> 
     </span>
    </p>
   </div>
   <div class='ocr_carea' id='block_1_16' title="bbox 494 1503 2082 1577">
    <p class='ocr_par' dir='ltr' id='par_1_16' title="bbox 494 1503 2082 1577">
     <span class='ocr_line' id='line_1_16' title="bbox 494 1503 2082 1577; baseline 0.004 -21"><span class='ocrx_word' id='word_1_90' title='bbox 494 1505 622 1556; x_wconf 77' lang='grc' dir='ltr'><em>ἔστι</em></span> <span class='ocrx_word' id='word_1_91' title='bbox 637 1503 824 1557; x_wconf 80' lang='grc' dir='ltr'><em>ποιῶν</em></span> <span class='ocrx_word' id='word_1_92' title='bbox 833 1506 1075 1575; x_wconf 74' lang='grc' dir='ltr'><em>ἀγαθόν.</em></span> <span class='ocrx_word' id='word_1_93' title='bbox 1094 1506 1147 1558; x_wconf 90' lang='lat'><strong>&#39;0</strong></span> <span class='ocrx_word' id='word_1_94' title='bbox 1164 1509 1306 1572; x_wconf 86' lang='grc' dir='ltr'><strong>Θεὸς</strong></span> <span class='ocrx_word' id='word_1_95' title='bbox 1320 1506 1387 1560; x_wconf 79' lang='grc' dir='ltr'><em>ἐκ</em></span> <span class='ocrx_word' id='word_1_96' title='bbox 1403 1507 1508 1561; x_wconf 87' lang='grc' dir='ltr'><strong>τοῦ</strong></span> <span class='ocrx_word' id='word_1_97' title='bbox 1523 1509 1780 1576; x_wconf 86' lang='grc' dir='ltr'><em>οὐρανοῦ</em></span> <span class='ocrx_word' id='word_1_98' title='bbox 1794 1510 2082 1577; x_wconf 71' lang='grc' dir='ltr'><em>διέκυψεν</em></span> 
     </span>
    </p>
   </div>
   <div class='ocr_carea' id='block_1_17' title="bbox 494 1594 2078 1665">
    <p class='ocr_par' dir='ltr' id='par_1_17' title="bbox 494 1594 2078 1665">
     <span class='ocr_line' id='line_1_17' title="bbox 494 1594 2078 1665; baseline 0.006 -18"><span class='ocrx_word' id='word_1_99' title='bbox 494 1594 587 1648; x_wconf 79' lang='grc' dir='ltr'><strong>ἐπὶ</strong></span> <span class='ocrx_word' id='word_1_100' title='bbox 618 1598 757 1662; x_wconf 87' lang='grc' dir='ltr'><em>τοὺς</em></span> <span class='ocrx_word' id='word_1_101' title='bbox 777 1598 948 1663; x_wconf 82' lang='grc' dir='ltr'><em>υἱοὺς</em></span> <span class='ocrx_word' id='word_1_102' title='bbox 978 1595 1097 1650; x_wconf 89' lang='grc' dir='ltr'><strong>τῶν</strong></span> <span class='ocrx_word' id='word_1_103' title='bbox 1128 1597 1473 1665; x_wconf 82' lang='grc' dir='ltr'><em>ἀνθρώπων,</em></span> <span class='ocrx_word' id='word_1_104' title='bbox 1509 1599 1616 1653; x_wconf 83' lang='grc' dir='ltr'><em>τοῦ</em></span> <span class='ocrx_word' id='word_1_105' title='bbox 1652 1600 1802 1655; x_wconf 70' lang='grc' dir='ltr'><em>ἰδεῖν</em></span> <span class='ocrx_word' id='word_1_106' title='bbox 1840 1604 1893 1655; x_wconf 81' lang='grc' dir='ltr'><em>εὶ</em></span> <span class='ocrx_word' id='word_1_107' title='bbox 1944 1600 2078 1656; x_wconf 75' lang='grc' dir='ltr'><em>ἔστι</em></span> 
     </span>
    </p>
   </div>
   <div class='ocr_carea' id='block_1_18' title="bbox 493 1688 2077 1759">
    <p class='ocr_par' dir='ltr' id='par_1_18' title="bbox 493 1688 2077 1759">
     <span class='ocr_line' id='line_1_18' title="bbox 493 1688 2077 1759; baseline 0.003 -18"><span class='ocrx_word' id='word_1_108' title='bbox 493 1689 723 1741; x_wconf 86' lang='grc' dir='ltr'><em>συνιὼν</em></span> <span class='ocrx_word' id='word_1_109' title='bbox 754 1690 791 1757; x_wconf 79' lang='grc' dir='ltr'><strong><em>ἣ</em></strong></span> <span class='ocrx_word' id='word_1_110' title='bbox 816 1688 1075 1757; x_wconf 75' lang='grc' dir='ltr'><strong>ἐκζητῶν</strong></span> <span class='ocrx_word' id='word_1_111' title='bbox 1117 1688 1224 1743; x_wconf 85' lang='grc' dir='ltr'><strong>τὸν</strong></span> <span class='ocrx_word' id='word_1_112' title='bbox 1270 1692 1436 1745; x_wconf 86' lang='grc' dir='ltr'><em>Θεόν.</em></span> <span class='ocrx_word' id='word_1_113' title='bbox 1484 1692 1709 1759; x_wconf 82' lang='grc' dir='ltr'><em>Πάντες</em></span> <span class='ocrx_word' id='word_1_114' title='bbox 1737 1692 2077 1756; x_wconf 76' lang='grc' dir='ltr'><em>ἐξέκλιναν,</em></span> 
     </span>
    </p>
   </div>
   <div class='ocr_carea' id='block_1_19' title="bbox 492 1780 2081 1853">
    <p class='ocr_par' dir='ltr' id='par_1_19' title="bbox 492 1780 2081 1853">
     <span class='ocr_line' id='line_1_19' title="bbox 492 1780 2081 1853; baseline 0.001 -19"><span class='ocrx_word' id='word_1_115' title='bbox 492 1780 611 1849; x_wconf 84' lang='grc' dir='ltr'><strong>ἅμα</strong></span> <span class='ocrx_word' id='word_1_116' title='bbox 639 1780 1073 1852; x_wconf 78' lang='grc' dir='ltr'><em>ἡχρειώθησαν,</em></span> <span class='ocrx_word' id='word_1_117' title='bbox 1128 1784 1239 1836; x_wconf 78' lang='grc' dir='ltr'><strong>οὐκ</strong></span> <span class='ocrx_word' id='word_1_118' title='bbox 1301 1782 1434 1837; x_wconf 80' lang='grc' dir='ltr'><em>ἔστι</em></span> <span class='ocrx_word' id='word_1_119' title='bbox 1480 1783 1665 1836; x_wconf 86' lang='grc' dir='ltr'><em>ποιῶν</em></span> <span class='ocrx_word' id='word_1_120' title='bbox 1703 1785 2081 1853; x_wconf 75' lang='grc' dir='ltr'><strong>χρηστότητα</strong></span> 
     </span>
    </p>
   </div>
   <div class='ocr_carea' id='block_1_20' title="bbox 2186 583 3753 657">
    <p class='ocr_par' dir='ltr' id='par_1_20' title="bbox 2186 583 3753 657">
     <span class='ocr_line' id='line_1_20' title="bbox 2186 583 3753 657; baseline -0.003 -16"><span class='ocrx_word' id='word_1_121' title='bbox 2186 586 2333 641; x_wconf 88' lang='lat' dir='ltr'><strong>lacra</strong></span> <span class='ocrx_word' id='word_1_122' title='bbox 2362 587 2635 657; x_wconf 76' lang='lat' dir='ltr'><strong>erigentes</strong></span> <span class='ocrx_word' id='word_1_123' title='bbox 2675 602 2799 641; x_wconf 91' lang='lat' dir='ltr'><strong>cum</strong></span> <span class='ocrx_word' id='word_1_124' title='bbox 2851 602 3103 656; x_wconf 87' lang='lat' dir='ltr'><strong>suprema</strong></span> <span class='ocrx_word' id='word_1_125' title='bbox 3157 585 3400 641; x_wconf 90' lang='lat' dir='ltr'><strong>omnium</strong></span> <span class='ocrx_word' id='word_1_126' title='bbox 3449 583 3753 653; x_wconf 72' lang='lat' dir='ltr'><strong>iniquitate.</strong></span> 
     </span>
    </p>
   </div>
   <div class='ocr_carea' id='block_1_21' title="bbox 2184 675 3756 748">
    <p class='ocr_par' dir='ltr' id='par_1_21' title="bbox 2184 675 3756 748">
     <span class='ocr_line' id='line_1_21' title="bbox 2184 675 3756 748; baseline -0.002 -17"><span class='ocrx_word' id='word_1_127' title='bbox 2184 676 2369 748; x_wconf 83' lang='lat' dir='ltr'><strong>Ecqua</strong></span> <span class='ocrx_word' id='word_1_128' title='bbox 2408 679 2551 733; x_wconf 91' lang='lat' dir='ltr'><strong>enim</strong></span> <span class='ocrx_word' id='word_1_129' title='bbox 2586 678 2676 732; x_wconf 86' lang='lat' dir='ltr'><strong>illa</strong></span> <span class='ocrx_word' id='word_1_130' title='bbox 2701 678 2939 733; x_wconf 78' lang='lat' dir='ltr'><strong>deterior</strong></span> <span class='ocrx_word' id='word_1_131' title='bbox 2971 678 3252 748; x_wconf 84' lang='lat' dir='ltr'><strong>iniquitas,</strong></span> <span class='ocrx_word' id='word_1_132' title='bbox 3285 691 3390 748; x_wconf 89' lang='lat' dir='ltr'><strong>qua</strong></span> <span class='ocrx_word' id='word_1_133' title='bbox 3422 675 3670 731; x_wconf 87' lang='lat' dir='ltr'><strong>dicentes</strong></span> <span class='ocrx_word' id='word_1_134' title='bbox 3697 691 3756 728; x_wconf 85' lang='lat' dir='ltr'><strong>so</strong></span> 
     </span>
    </p>
   </div>
   <div class='ocr_carea' id='block_1_22' title="bbox 2183 767 3754 842">
    <p class='ocr_par' dir='ltr' id='par_1_22' title="bbox 2183 767 3754 842">
     <span class='ocr_line' id='line_1_22' title="bbox 2183 767 3754 842; baseline -0.004 -16"><span class='ocrx_word' id='word_1_135' title='bbox 2183 771 2457 842; x_wconf 84' lang='lat' dir='ltr'><strong>sapientes</strong></span> <span class='ocrx_word' id='word_1_136' title='bbox 2479 786 2621 835; x_wconf 85' lang='lat' dir='ltr'><strong>esse,</strong></span> <span class='ocrx_word' id='word_1_137' title='bbox 2647 772 2797 825; x_wconf 86' lang='lat' dir='ltr'><strong>stulti</strong></span> <span class='ocrx_word' id='word_1_138' title='bbox 2828 772 2961 841; x_wconf 82' lang='lat' dir='ltr'><strong>[acti</strong></span> <span class='ocrx_word' id='word_1_139' title='bbox 2988 778 3129 836; x_wconf 88' lang='lat' dir='ltr'><strong>sunt,</strong></span> <span class='ocrx_word' id='word_1_140' title='bbox 3158 782 3207 823; x_wconf 90' lang='lat' dir='ltr'><strong>et</strong></span> <span class='ocrx_word' id='word_1_141' title='bbox 3257 778 3587 823; x_wconf 83' lang='lat' dir='ltr'><strong>mutaverunt</strong></span> <span class='ocrx_word' id='word_1_142' title='bbox 3634 767 3754 838; x_wconf 64' lang='lat' dir='ltr'><strong>gloc</strong></span> 
     </span>
    </p>
   </div>
   <div class='ocr_carea' id='block_1_23' title="bbox 2182 856 3753 929">
    <p class='ocr_par' dir='ltr' id='par_1_23' title="bbox 2182 856 3753 929">
     <span class='ocr_line' id='line_1_23' title="bbox 2182 856 3753 929; baseline -0.004 -14"><span class='ocrx_word' id='word_1_143' title='bbox 2182 861 2321 915; x_wconf 88' lang='lat' dir='ltr'><strong>riam</strong></span> <span class='ocrx_word' id='word_1_144' title='bbox 2376 862 2792 929; x_wconf 88' lang='lat' dir='ltr'><strong>incorruptibilis</strong></span> <span class='ocrx_word' id='word_1_145' title='bbox 2850 862 2946 915; x_wconf 90' lang='lat' dir='ltr'><strong>Dei</strong></span> <span class='ocrx_word' id='word_1_146' title='bbox 2988 862 3043 914; x_wconf 89' lang='lat' dir='ltr'><strong>in</strong></span> <span class='ocrx_word' id='word_1_147' title='bbox 3076 859 3475 914; x_wconf 78' lang='lat' dir='ltr'><strong>similitudinem</strong></span> <span class='ocrx_word' id='word_1_148' title='bbox 3504 856 3753 928; x_wconf 87' lang='lat' dir='ltr'><strong>imaginis</strong></span> 
     </span>
    </p>
   </div>
   <div class='ocr_carea' id='block_1_24' title="bbox 2182 950 3753 1022">
    <p class='ocr_par' dir='ltr' id='par_1_24' title="bbox 2182 950 3753 1022">
     <span class='ocr_line' id='line_1_24' title="bbox 2182 950 3753 1022; baseline -0.003 -15"><span class='ocrx_word' id='word_1_149' title='bbox 2182 953 2415 1021; x_wconf 89' lang='lat' dir='ltr'><strong>corrupti</strong></span> <span class='ocrx_word' id='word_1_150' title='bbox 2431 954 2677 1017; x_wconf 83' lang='lat' dir='ltr'><strong>hominis,</strong></span> <span class='ocrx_word' id='word_1_151' title='bbox 2700 962 2749 1006; x_wconf 89' lang='lat' dir='ltr'><strong>et</strong></span> <span class='ocrx_word' id='word_1_152' title='bbox 2768 953 3057 1019; x_wconf 82' lang='lat' dir='ltr'><strong>volucrum,</strong></span> <span class='ocrx_word' id='word_1_153' title='bbox 3075 962 3122 1005; x_wconf 86' lang='lat' dir='ltr'><strong>et</strong></span> <span class='ocrx_word' id='word_1_154' title='bbox 3140 950 3558 1022; x_wconf 84' lang='lat' dir='ltr'><strong>quadrupedum,</strong></span> <span class='ocrx_word' id='word_1_155' title='bbox 3574 961 3621 1005; x_wconf 88' lang='lat' dir='ltr'><strong>et</strong></span> <span class='ocrx_word' id='word_1_156' title='bbox 3640 966 3753 1003; x_wconf 84' lang='lat' dir='ltr'><strong>ser-</strong></span> 
     </span>
    </p>
   </div>
   <div class='ocr_carea' id='block_1_25' title="bbox 2179 1029 3765 1116">
    <p class='ocr_par' dir='ltr' id='par_1_25' title="bbox 2179 1029 3765 1116">
     <span class='ocr_line' id='line_1_25' title="bbox 2179 1029 3765 1116; baseline -0.004 -15"><span class='ocrx_word' id='word_1_157' title='bbox 2179 1047 2431 1115; x_wconf 87' lang='lat' dir='ltr'><strong>pentium,</strong></span> <span class='ocrx_word' id='word_1_158' title='bbox 2457 1047 2757 1102; x_wconf 91' lang='lat' dir='ltr'><strong>secundum</strong></span> <span class='ocrx_word' id='word_1_159' title='bbox 2802 1054 3051 1102; x_wconf 88' lang='lat' dir='ltr'><strong>sanctum</strong></span> <span class='ocrx_word' id='word_1_160' title='bbox 3079 1045 3399 1116; x_wconf 85' lang='lat' dir='ltr'><strong>Apostolum</strong></span> <span class='ocrx_word' id='word_1_161' title='bbox 3429 1043 3508 1096; x_wconf 65' lang='lat'><strong>7&quot;?</strong></span> <span class='ocrx_word' id='word_1_162' title='bbox 3752 1029 3765 1043; x_wconf 83' lang='grc'><em>’</em></span> 
     </span>
    </p>
   </div>
   <div class='ocr_carea' id='block_1_26' title="bbox 2255 1218 3753 1292">
    <p class='ocr_par' dir='ltr' id='par_1_26' title="bbox 2255 1218 3753 1292">
     <span class='ocr_line' id='line_1_26' title="bbox 2255 1218 3753 1292; baseline -0.005 -16"><span class='ocrx_word' id='word_1_163' title='bbox 2255 1222 2459 1277; x_wconf 82' lang='lat' dir='ltr'><strong>Deinde</strong></span> <span class='ocrx_word' id='word_1_164' title='bbox 2507 1233 2879 1292; x_wconf 76' lang='lat' dir='ltr'><strong>consequenter</strong></span> <span class='ocrx_word' id='word_1_165' title='bbox 2934 1228 3141 1291; x_wconf 78' lang='lat' dir='ltr'><strong>agentes</strong></span> <span class='ocrx_word' id='word_1_166' title='bbox 3203 1218 3271 1272; x_wconf 89' lang='lat' dir='ltr'><strong>ad</strong></span> <span class='ocrx_word' id='word_1_167' title='bbox 3328 1218 3489 1287; x_wconf 91' lang='lat' dir='ltr'><strong>impia</strong></span> <span class='ocrx_word' id='word_1_168' title='bbox 3538 1225 3589 1291; x_wconf 78' lang='lat' dir='ltr'><strong>et</strong></span> <span class='ocrx_word' id='word_1_169' title='bbox 3634 1232 3753 1286; x_wconf 79' lang='lat' dir='ltr'><strong>per-</strong></span> 
     </span>
    </p>
   </div>
   <div class='ocr_carea' id='block_1_27' title="bbox 2182 1311 3751 1383">
    <p class='ocr_par' dir='ltr' id='par_1_27' title="bbox 2182 1311 3751 1383">
     <span class='ocr_line' id='line_1_27' title="bbox 2182 1311 3751 1383; baseline -0.005 -13"><span class='ocrx_word' id='word_1_170' title='bbox 2182 1333 2333 1370; x_wconf 85' lang='lat' dir='ltr'><strong>versa</strong></span> <span class='ocrx_word' id='word_1_171' title='bbox 2380 1316 2559 1370; x_wconf 88' lang='lat' dir='ltr'><strong>studia</strong></span> <span class='ocrx_word' id='word_1_172' title='bbox 2608 1333 2727 1383; x_wconf 84' lang='lat' dir='ltr'><strong>sua,</strong></span> <span class='ocrx_word' id='word_1_173' title='bbox 2778 1316 2831 1369; x_wconf 91' lang='lat' dir='ltr'><strong>in</strong></span> <span class='ocrx_word' id='word_1_174' title='bbox 2883 1330 3087 1368; x_wconf 89' lang='lat' dir='ltr'><strong>omnem</strong></span> <span class='ocrx_word' id='word_1_175' title='bbox 3135 1311 3485 1382; x_wconf 77' lang='lat' dir='ltr'><strong>improbitatis</strong></span> <span class='ocrx_word' id='word_1_176' title='bbox 3532 1312 3751 1380; x_wconf 81' lang='lat' dir='ltr'><strong>speciem</strong></span> 
     </span>
    </p>
   </div>
   <div class='ocr_carea' id='block_1_28' title="bbox 2180 1402 3754 1478">
    <p class='ocr_par' dir='ltr' id='par_1_28' title="bbox 2180 1402 3754 1478">
     <span class='ocr_line' id='line_1_28' title="bbox 2180 1402 3754 1478; baseline -0.006 -16"><span class='ocrx_word' id='word_1_177' title='bbox 2180 1408 2322 1478; x_wconf 80' lang='lat' dir='ltr'><strong>lapsi</strong></span> <span class='ocrx_word' id='word_1_178' title='bbox 2359 1419 2504 1463; x_wconf 85' lang='lat' dir='ltr'><strong>sunt.</strong></span> <span class='ocrx_word' id='word_1_179' title='bbox 2546 1407 2726 1475; x_wconf 85' lang='lat' dir='ltr'><strong>Quare</strong></span> <span class='ocrx_word' id='word_1_180' title='bbox 2753 1407 2951 1463; x_wconf 86' lang='lat' dir='ltr'><strong>dehinc</strong></span> <span class='ocrx_word' id='word_1_181' title='bbox 2985 1406 3333 1477; x_wconf 87' lang='lat' dir='ltr'><strong>subjungitur</strong></span> <span class='ocrx_word' id='word_1_182' title='bbox 3365 1422 3377 1458; x_wconf 90' lang='lat'><strong>:</strong></span> <span class='ocrx_word' id='word_1_183' title='bbox 3418 1402 3538 1457; x_wconf 79' lang='lat' dir='ltr'><strong>Non</strong></span> <span class='ocrx_word' id='word_1_184' title='bbox 3564 1403 3754 1471; x_wconf 82' lang='lat' dir='ltr'><strong>estqui</strong></span> 
     </span>
    </p>
   </div>
   <div class='ocr_carea' id='block_1_29' title="bbox 2180 1493 3753 1571">
    <p class='ocr_par' dir='ltr' id='par_1_29' title="bbox 2180 1493 3753 1571">
     <span class='ocr_line' id='line_1_29' title="bbox 2180 1493 3753 1571; baseline -0.005 -18"><span class='ocrx_word' id='word_1_185' title='bbox 2180 1501 2348 1571; x_wconf 81' lang='lat' dir='ltr'><strong>faciat</strong></span> <span class='ocrx_word' id='word_1_186' title='bbox 2393 1499 2607 1555; x_wconf 89' lang='lat' dir='ltr'><strong>bonum.</strong></span> <span class='ocrx_word' id='word_1_187' title='bbox 2662 1498 2799 1553; x_wconf 88' lang='lat' dir='ltr'><strong>Deus</strong></span> <span class='ocrx_word' id='word_1_188' title='bbox 2838 1500 2902 1553; x_wconf 91' lang='lat' dir='ltr'><strong>de</strong></span> <span class='ocrx_word' id='word_1_189' title='bbox 2938 1499 3066 1553; x_wconf 66' lang='lat' dir='ltr'><strong>caelo</strong></span> <span class='ocrx_word' id='word_1_190' title='bbox 3108 1497 3372 1567; x_wconf 73' lang='lat' dir='ltr'><strong>prospexit</strong></span> <span class='ocrx_word' id='word_1_191' title='bbox 3411 1511 3565 1564; x_wconf 83' lang='lat' dir='ltr'><strong>super</strong></span> <span class='ocrx_word' id='word_1_192' title='bbox 3612 1493 3753 1563; x_wconf 76' lang='lat' dir='ltr'><strong>ﬁlios</strong></span> 
     </span>
    </p>
   </div>
   <div class='ocr_carea' id='block_1_30' title="bbox 2182 1587 3753 1672">
    <p class='ocr_par' dir='ltr' id='par_1_30' title="bbox 2182 1587 3753 1672">
     <span class='ocr_line' id='line_1_30' title="bbox 2182 1587 3753 1672; baseline -0.004 -27"><span class='ocrx_word' id='word_1_193' title='bbox 2182 1592 2453 1647; x_wconf 80' lang='lat' dir='ltr'><strong>hominum</strong></span> <span class='ocrx_word' id='word_1_194' title='bbox 2474 1633 2489 1657; x_wconf 89' lang='lat'><strong>,</strong></span> <span class='ocrx_word' id='word_1_195' title='bbox 2517 1603 2575 1646; x_wconf 89' lang='lat' dir='ltr'><strong>ut</strong></span> <span class='ocrx_word' id='word_1_196' title='bbox 2604 1591 2774 1648; x_wconf 73' lang='lat' dir='ltr'><strong>videat</strong></span> <span class='ocrx_word' id='word_1_197' title='bbox 2799 1595 2844 1647; x_wconf 86' lang='lat' dir='ltr'><strong>si</strong></span> <span class='ocrx_word' id='word_1_198' title='bbox 2871 1602 2948 1646; x_wconf 85' lang='lat' dir='ltr'><strong>est</strong></span> <span class='ocrx_word' id='word_1_199' title='bbox 2978 1592 3295 1662; x_wconf 84' lang='lat' dir='ltr'><strong>intelligens,</strong></span> <span class='ocrx_word' id='word_1_200' title='bbox 3352 1600 3444 1672; x_wconf 72' lang='lat' dir='ltr'><strong>aut</strong></span> <span class='ocrx_word' id='word_1_201' title='bbox 3485 1587 3753 1656; x_wconf 78' lang='lat' dir='ltr'><strong>requirens</strong></span> 
     </span>
    </p>
   </div>
   <div class='ocr_carea' id='block_1_31' title="bbox 2182 1679 3753 1750">
    <p class='ocr_par' dir='ltr' id='par_1_31' title="bbox 2182 1679 3753 1750">
     <span class='ocr_line' id='line_1_31' title="bbox 2182 1679 3753 1750; baseline -0.006 -9"><span class='ocrx_word' id='word_1_202' title='bbox 2182 1687 2371 1743; x_wconf 89' lang='lat' dir='ltr'><strong>Deum.</strong></span> <span class='ocrx_word' id='word_1_203' title='bbox 2427 1686 2620 1742; x_wconf 89' lang='lat' dir='ltr'><strong>Omnes</strong></span> <span class='ocrx_word' id='word_1_204' title='bbox 2675 1686 3089 1750; x_wconf 86' lang='lat' dir='ltr'><strong>declinaverunt,</strong></span> <span class='ocrx_word' id='word_1_205' title='bbox 3147 1683 3307 1738; x_wconf 84' lang='lat' dir='ltr'><strong>simul</strong></span> <span class='ocrx_word' id='word_1_206' title='bbox 3354 1681 3565 1737; x_wconf 86' lang='lat' dir='ltr'><strong>inutiles</strong></span> <span class='ocrx_word' id='word_1_207' title='bbox 3620 1679 3753 1748; x_wconf 84' lang='lat' dir='ltr'><strong>facti</strong></span> 
     </span>
    </p>
   </div>
   <div class='ocr_carea' id='block_1_32' title="bbox 2183 1776 3749 1851">
    <p class='ocr_par' dir='ltr' id='par_1_32' title="bbox 2183 1776 3749 1851">
     <span class='ocr_line' id='line_1_32' title="bbox 2183 1776 3749 1851; baseline -0.003 -18"><span class='ocrx_word' id='word_1_208' title='bbox 2183 1790 2325 1842; x_wconf 87' lang='lat' dir='ltr'><strong>sunt,</strong></span> <span class='ocrx_word' id='word_1_209' title='bbox 2357 1796 2459 1833; x_wconf 87' lang='lat' dir='ltr'><strong>non</strong></span> <span class='ocrx_word' id='word_1_210' title='bbox 2490 1790 2569 1833; x_wconf 84' lang='lat' dir='ltr'><strong>est</strong></span> <span class='ocrx_word' id='word_1_211' title='bbox 2611 1780 2700 1851; x_wconf 88' lang='lat' dir='ltr'><strong>qui</strong></span> <span class='ocrx_word' id='word_1_212' title='bbox 2737 1779 2903 1848; x_wconf 80' lang='lat' dir='ltr'><strong>faciat</strong></span> <span class='ocrx_word' id='word_1_213' title='bbox 2951 1778 3234 1832; x_wconf 87' lang='lat' dir='ltr'><strong>bonitatem</strong></span> <span class='ocrx_word' id='word_1_214' title='bbox 3277 1791 3436 1846; x_wconf 84' lang='lat' dir='ltr'><strong>usque</strong></span> <span class='ocrx_word' id='word_1_215' title='bbox 3467 1776 3533 1827; x_wconf 90' lang='lat' dir='ltr'><strong>ad</strong></span> <span class='ocrx_word' id='word_1_216' title='bbox 3566 1788 3749 1829; x_wconf 87' lang='lat' dir='ltr'><strong>unum.</strong></span> 
     </span>
    </p>
   </div>
   <div class='ocr_carea' id='block_1_33' title="bbox 492 1844 2075 1948">
    <p class='ocr_par' dir='ltr' id='par_1_33' title="bbox 492 1844 2075 1948">
     <span class='ocr_line' id='line_1_33' title="bbox 492 1844 2075 1948; baseline 0.001 -22"><span class='ocrx_word' id='word_1_217' title='bbox 492 1844 602 1939; x_wconf 71' lang='grc' dir='ltr'><em>ἕως</em></span> <span class='ocrx_word' id='word_1_218' title='bbox 836 1874 894 1926; x_wconf 88' lang='lat'><strong>&#39;0</strong></span> <span class='ocrx_word' id='word_1_219' title='bbox 917 1844 1030 1944; x_wconf 37' lang='grc' dir='ltr'><em>’μὲν</em></span> <span class='ocrx_word' id='word_1_220' title='bbox 1053 1873 1242 1944; x_wconf 81' lang='grc' dir='ltr'><em>ἄφρων</em></span> <span class='ocrx_word' id='word_1_221' title='bbox 1268 1874 1456 1944; x_wconf 77' lang='grc' dir='ltr'><em>ἠπάτα</em></span> <span class='ocrx_word' id='word_1_222' title='bbox 1493 1844 1909 1942; x_wconf 56' lang='grc' dir='ltr'><em>ἑαυτὸν,”λέγων</em></span> <span class='ocrx_word' id='word_1_223' title='bbox 1931 1844 2075 1948; x_wconf 30' lang='grc' dir='ltr'><em>ὲνιτῇ</em></span> 
     </span>
    </p>
   </div>
   <div class='ocr_carea' id='block_1_34' title="bbox 2177 1844 3753 1948">
    <p class='ocr_par' dir='ltr' id='par_1_34' title="bbox 2182 1865 3753 1941">
     <span class='ocr_line' id='line_1_34' title="bbox 2182 1865 3753 1941; baseline -0.004 -18"><span class='ocrx_word' id='word_1_224' title='bbox 2182 1870 2453 1941; x_wconf 76' lang='lat' dir='ltr'><strong>[nsipiens</strong></span> <span class='ocrx_word' id='word_1_225' title='bbox 2500 1886 2635 1927; x_wconf 84' lang='lat' dir='ltr'><strong>sane</strong></span> <span class='ocrx_word' id='word_1_226' title='bbox 2682 1886 2805 1926; x_wconf 88' lang='lat' dir='ltr'><strong>sese</strong></span> <span class='ocrx_word' id='word_1_227' title='bbox 2849 1871 3082 1940; x_wconf 89' lang='lat' dir='ltr'><strong>decepit,</strong></span> <span class='ocrx_word' id='word_1_228' title='bbox 3129 1869 3317 1924; x_wconf 90' lang='lat' dir='ltr'><strong>dicens</strong></span> <span class='ocrx_word' id='word_1_229' title='bbox 3360 1868 3415 1920; x_wconf 91' lang='lat' dir='ltr'><strong>in</strong></span> <span class='ocrx_word' id='word_1_230' title='bbox 3461 1865 3623 1920; x_wconf 90' lang='lat' dir='ltr'><strong>corde</strong></span> <span class='ocrx_word' id='word_1_231' title='bbox 3651 1879 3753 1918; x_wconf 86' lang='lat' dir='ltr'><strong>suo</strong></span> 
     </span>
    </p>
   </div>
   <div class='ocr_carea' id='block_1_35' title="bbox 492 1963 2083 2037">
    <p class='ocr_par' dir='ltr' id='par_1_35' title="bbox 492 1963 2083 2037">
     <span class='ocr_line' id='line_1_35' title="bbox 492 1963 2083 2037; baseline 0.002 -20"><span class='ocrx_word' id='word_1_232' title='bbox 492 1965 689 2037; x_wconf 71' lang='grc' dir='ltr'><em>καρδίᾳ</em></span> <span class='ocrx_word' id='word_1_233' title='bbox 725 1964 916 2019; x_wconf 79' lang='grc' dir='ltr'><em>ἑαυτοῦ</em></span> <span class='ocrx_word' id='word_1_234' title='bbox 952 1964 1026 2036; x_wconf 82' lang='grc' dir='ltr'><em>μὴ</em></span> <span class='ocrx_word' id='word_1_235' title='bbox 1060 1963 1197 2019; x_wconf 75' lang='grc' dir='ltr'><em>εἶναι</em></span> <span class='ocrx_word' id='word_1_236' title='bbox 1225 1966 1379 2020; x_wconf 74' lang='grc' dir='ltr'><em>Θεόψ</em></span> <span class='ocrx_word' id='word_1_237' title='bbox 1437 1967 1533 2020; x_wconf 75' lang='grc' dir='ltr'><em>καὶ</em></span> <span class='ocrx_word' id='word_1_238' title='bbox 1585 1968 1636 2020; x_wconf 78' lang='lat' dir='ltr'><strong>ot</strong></span> <span class='ocrx_word' id='word_1_239' title='bbox 1665 1966 1839 2021; x_wconf 71' lang='grc' dir='ltr'><em>λοιποὶ</em></span> <span class='ocrx_word' id='word_1_240' title='bbox 1862 1968 1917 2022; x_wconf 87' lang='grc' dir='ltr'><em>δὲ</em></span> <span class='ocrx_word' id='word_1_241' title='bbox 1948 1969 2083 2022; x_wconf 85' lang='grc' dir='ltr'><em>πάν-</em></span> 
     </span>
    </p>
   </div>
   <div class='ocr_carea' id='block_1_36' title="bbox 492 2057 2080 2131">
    <p class='ocr_par' dir='ltr' id='par_1_36' title="bbox 492 2057 2080 2131">
     <span class='ocr_line' id='line_1_36' title="bbox 492 2057 2080 2131; baseline 0.002 -20"><span class='ocrx_word' id='word_1_242' title='bbox 492 2074 580 2121; x_wconf 88' lang='grc' dir='ltr'><strong>τες</strong></span> <span class='ocrx_word' id='word_1_243' title='bbox 606 2057 1008 2130; x_wconf 73' lang='grc' dir='ltr'><em>ἐϐδελύχθησαν</em></span> <span class='ocrx_word' id='word_1_244' title='bbox 1059 2059 1342 2130; x_wconf 82' lang='grc' dir='ltr'><strong>βδελυρίαν</strong></span> <span class='ocrx_word' id='word_1_245' title='bbox 1401 2059 1867 2131; x_wconf 80' lang='grc' dir='ltr'><em>ἐπιτηδεύσαντες.</em></span> <span class='ocrx_word' id='word_1_246' title='bbox 1918 2062 1974 2113; x_wconf 87' lang='grc' dir='ltr'><strong>Ὀ</strong></span> <span class='ocrx_word' id='word_1_247' title='bbox 2023 2061 2080 2114; x_wconf 78' lang='grc' dir='ltr'><em>δὲ</em></span> 
     </span>
    </p>
   </div>
   <div class='ocr_carea' id='block_1_37' title="bbox 492 2149 2079 2223">
    <p class='ocr_par' dir='ltr' id='par_1_37' title="bbox 492 2149 2079 2223">
     <span class='ocr_line' id='line_1_37' title="bbox 492 2149 2079 2223; baseline 0.002 -21"><span class='ocrx_word' id='word_1_248' title='bbox 492 2149 694 2222; x_wconf 80' lang='grc' dir='ltr'><em>ἀληθὴς</em></span> <span class='ocrx_word' id='word_1_249' title='bbox 728 2150 886 2219; x_wconf 82' lang='grc' dir='ltr'><em>λόγος</em></span> <span class='ocrx_word' id='word_1_250' title='bbox 923 2151 1013 2204; x_wconf 81' lang='grc' dir='ltr'><em>τὸν</em></span> <span class='ocrx_word' id='word_1_251' title='bbox 1046 2154 1142 2205; x_wconf 76' lang='grc' dir='ltr'><strong>ἐπὶ</strong></span> <span class='ocrx_word' id='word_1_252' title='bbox 1183 2151 1402 2205; x_wconf 88' lang='grc' dir='ltr'><em>πάντων</em></span> <span class='ocrx_word' id='word_1_253' title='bbox 1434 2150 1565 2204; x_wconf 82' lang='grc' dir='ltr'><em>Θεὸν</em></span> <span class='ocrx_word' id='word_1_254' title='bbox 1609 2151 1703 2205; x_wconf 73' lang='lat' dir='ltr'><strong>xui.</strong></span> <span class='ocrx_word' id='word_1_255' title='bbox 1733 2151 1937 2223; x_wconf 83' lang='grc' dir='ltr'><em>Κύριον</em></span> <span class='ocrx_word' id='word_1_256' title='bbox 1982 2153 2079 2223; x_wconf 89' lang='grc' dir='ltr'><em>οὐχ</em></span> 
     </span>
    </p>
   </div>
   <div class='ocr_carea' id='block_1_38' title="bbox 491 2240 2076 2314">
    <p class='ocr_par' dir='ltr' id='par_1_38' title="bbox 491 2240 2076 2314">
     <span class='ocr_line' id='line_1_38' title="bbox 491 2240 2076 2314; baseline 0.003 -21"><span class='ocrx_word' id='word_1_257' title='bbox 491 2240 791 2309; x_wconf 70' lang='grc' dir='ltr'><em>ὑφεστάναι</em></span> <span class='ocrx_word' id='word_1_258' title='bbox 827 2241 987 2311; x_wconf 79' lang='grc' dir='ltr'><em>μόνον</em></span> <span class='ocrx_word' id='word_1_259' title='bbox 1017 2241 1112 2295; x_wconf 70' lang='grc' dir='ltr'><em>καὶ</em></span> <span class='ocrx_word' id='word_1_260' title='bbox 1140 2242 1208 2296; x_wconf 80' lang='grc' dir='ltr'><em>τὰ</em></span> <span class='ocrx_word' id='word_1_261' title='bbox 1258 2243 1433 2297; x_wconf 84' lang='grc' dir='ltr'><em>πάντα</em></span> <span class='ocrx_word' id='word_1_262' title='bbox 1491 2243 1789 2314; x_wconf 82' lang='grc' dir='ltr'><em>περιέχειν,</em></span> <span class='ocrx_word' id='word_1_263' title='bbox 1821 2242 1956 2297; x_wconf 84' lang='grc' dir='ltr'><strong>ἀλλά</strong></span> <span class='ocrx_word' id='word_1_264' title='bbox 1982 2245 2076 2297; x_wconf 78' lang='grc' dir='ltr'><em>καὶ</em></span> 
     </span>
    </p>
   </div>
   <div class='ocr_carea' id='block_1_39' title="bbox 491 2333 2074 2406">
    <p class='ocr_par' dir='ltr' id='par_1_39' title="bbox 491 2333 2074 2406">
     <span class='ocr_line' id='line_1_39' title="bbox 491 2333 2074 2406; baseline 0.002 -21"><span class='ocrx_word' id='word_1_265' title='bbox 491 2334 694 2405; x_wconf 71' lang='grc' dir='ltr'><em>ἔτιρᾷν</em></span> <span class='ocrx_word' id='word_1_266' title='bbox 720 2335 813 2387; x_wconf 85' lang='lat' dir='ltr'><strong>xu‘t</strong></span> <span class='ocrx_word' id='word_1_267' title='bbox 837 2333 1285 2399; x_wconf 80' lang='grc' dir='ltr'><strong>ἐπισκέπτεσθαι,</strong></span> <span class='ocrx_word' id='word_1_268' title='bbox 1320 2334 1379 2386; x_wconf 93' lang='grc' dir='ltr'><strong>οὐ</strong></span> <span class='ocrx_word' id='word_1_269' title='bbox 1438 2333 1507 2387; x_wconf 86' lang='grc' dir='ltr'><em>τὰ</em></span> <span class='ocrx_word' id='word_1_270' title='bbox 1533 2334 1760 2387; x_wconf 83' lang='grc' dir='ltr'><em>καθόλου</em></span> <span class='ocrx_word' id='word_1_271' title='bbox 1786 2334 1926 2406; x_wconf 87' lang='grc' dir='ltr'><em>μέρη</em></span> <span class='ocrx_word' id='word_1_272' title='bbox 1982 2334 2074 2388; x_wconf 79' lang='grc' dir='ltr'><em>τοῦ</em></span> 
     </span>
    </p>
   </div>
   <div class='ocr_carea' id='block_1_40' title="bbox 490 2424 2077 2496">
    <p class='ocr_par' dir='ltr' id='par_1_40' title="bbox 490 2424 2077 2496">
     <span class='ocr_line' id='line_1_40' title="bbox 490 2424 2077 2496; baseline 0.002 -20"><span class='ocrx_word' id='word_1_273' title='bbox 490 2424 694 2487; x_wconf 64' lang='grc' dir='ltr'><em>παντὸς</em></span> <span class='ocrx_word' id='word_1_274' title='bbox 728 2425 908 2496; x_wconf 86' lang='grc' dir='ltr'><em>μόνον,</em></span> <span class='ocrx_word' id='word_1_275' title='bbox 940 2424 1075 2478; x_wconf 83' lang='grc' dir='ltr'><strong>ἀλλά</strong></span> <span class='ocrx_word' id='word_1_276' title='bbox 1107 2426 1200 2478; x_wconf 73' lang='grc' dir='ltr'><em>καὶ</em></span> <span class='ocrx_word' id='word_1_277' title='bbox 1229 2425 1296 2478; x_wconf 85' lang='grc' dir='ltr'><em>τὰ</em></span> <span class='ocrx_word' id='word_1_278' title='bbox 1324 2424 1467 2478; x_wconf 87' lang='grc' dir='ltr'><strong>κατά</strong></span> <span class='ocrx_word' id='word_1_279' title='bbox 1490 2425 1676 2496; x_wconf 81' lang='grc' dir='ltr'><em>μέρος,</em></span> <span class='ocrx_word' id='word_1_280' title='bbox 1713 2426 1807 2479; x_wconf 76' lang='grc' dir='ltr'><em>καὶ</em></span> <span class='ocrx_word' id='word_1_281' title='bbox 1831 2427 1958 2488; x_wconf 82' lang='grc' dir='ltr'><em>τοὺς</em></span> <span class='ocrx_word' id='word_1_282' title='bbox 1984 2427 2077 2479; x_wconf 78' lang='grc' dir='ltr'><strong>ἐπὶ</strong></span> 
     </span>
    </p>
   </div>
   <div class='ocr_carea' id='block_1_41' title="bbox 490 2516 2078 2590">
    <p class='ocr_par' dir='ltr' id='par_1_41' title="bbox 490 2516 2078 2590">
     <span class='ocr_line' id='line_1_41' title="bbox 490 2516 2078 2590; baseline 0.002 -22"><span class='ocrx_word' id='word_1_283' title='bbox 490 2516 589 2588; x_wconf 79' lang='grc' dir='ltr'><em>τῆς</em></span> <span class='ocrx_word' id='word_1_284' title='bbox 616 2518 719 2587; x_wconf 84' lang='grc' dir='ltr'><em>γῆς</em></span> <span class='ocrx_word' id='word_1_285' title='bbox 739 2516 839 2580; x_wconf 79' lang='grc' dir='ltr'><em>τὰς</em></span> <span class='ocrx_word' id='word_1_286' title='bbox 868 2517 1149 2589; x_wconf 76' lang='grc' dir='ltr'><em>διατριϐὰς</em></span> <span class='ocrx_word' id='word_1_287' title='bbox 1179 2518 1534 2589; x_wconf 76' lang='grc' dir='ltr'><em>ποιουμένους</em></span> <span class='ocrx_word' id='word_1_288' title='bbox 1554 2518 1703 2582; x_wconf 81' lang='grc' dir='ltr'><em>υἱοὺς</em></span> <span class='ocrx_word' id='word_1_289' title='bbox 1732 2518 1841 2571; x_wconf 87' lang='grc' dir='ltr'><strong>τῶν</strong></span> <span class='ocrx_word' id='word_1_290' title='bbox 1870 2518 2078 2590; x_wconf 86' lang='grc' dir='ltr'><em>ἀνθρὼ-</em></span> 
     </span>
    </p>
   </div>
   <div class='ocr_carea' id='block_1_42' title="bbox 492 2605 2077 2679">
    <p class='ocr_par' dir='ltr' id='par_1_42' title="bbox 492 2605 2077 2679">
     <span class='ocr_line' id='line_1_42' title="bbox 492 2605 2077 2679; baseline 0.003 -22"><span class='ocrx_word' id='word_1_291' title='bbox 492 2622 628 2669; x_wconf 86' lang='grc' dir='ltr'><em>πων,</em></span> <span class='ocrx_word' id='word_1_292' title='bbox 660 2605 922 2661; x_wconf 81' lang='grc' dir='ltr'><em>διδάσκει.</em></span> <span class='ocrx_word' id='word_1_293' title='bbox 969 2607 1084 2660; x_wconf 80' lang='grc' dir='ltr'><strong>Εῖτ’</strong></span> <span class='ocrx_word' id='word_1_294' title='bbox 1116 2607 1414 2678; x_wconf 75' lang='grc' dir='ltr'><em>ἐπειδήπερ</em></span> <span class='ocrx_word' id='word_1_295' title='bbox 1450 2607 1705 2678; x_wconf 90' lang='grc' dir='ltr'><em>πρόνοιαν</em></span> <span class='ocrx_word' id='word_1_296' title='bbox 1758 2608 2077 2679; x_wconf 82' lang='grc' dir='ltr'><em>ποιούμενος</em></span> 
     </span>
    </p>
   </div>
   <div class='ocr_carea' id='block_1_43' title="bbox 490 2695 2075 2769">
    <p class='ocr_par' dir='ltr' id='par_1_43' title="bbox 490 2695 2075 2769">
     <span class='ocr_line' id='line_1_43' title="bbox 490 2695 2075 2769; baseline 0.002 -21"><span class='ocrx_word' id='word_1_297' title='bbox 490 2695 597 2749; x_wconf 87' lang='grc' dir='ltr'><strong>τῶν</strong></span> <span class='ocrx_word' id='word_1_298' title='bbox 624 2695 753 2749; x_wconf 75' lang='grc' dir='ltr'><em>υἱῶν</em></span> <span class='ocrx_word' id='word_1_299' title='bbox 794 2697 908 2750; x_wconf 82' lang='grc' dir='ltr'><strong>τῶν</strong></span> <span class='ocrx_word' id='word_1_300' title='bbox 966 2696 1291 2769; x_wconf 84' lang='grc' dir='ltr'><em>ἀνθρώπων,</em></span> <span class='ocrx_word' id='word_1_301' title='bbox 1321 2696 1414 2751; x_wconf 80' lang='grc' dir='ltr'><em>τοῦ</em></span> <span class='ocrx_word' id='word_1_302' title='bbox 1459 2697 1588 2750; x_wconf 81' lang='grc' dir='ltr'><em>ἰδίου</em></span> <span class='ocrx_word' id='word_1_303' title='bbox 1647 2697 1907 2768; x_wconf 88' lang='grc' dir='ltr'><em>μεγέθους</em></span> <span class='ocrx_word' id='word_1_304' title='bbox 1942 2699 2075 2751; x_wconf 87' lang='grc' dir='ltr'><em>ὐπο-</em></span> 
     </span>
    </p>
   </div>
   <div class='ocr_carea' id='block_1_44' title="bbox 489 2785 2077 2859">
    <p class='ocr_par' dir='ltr' id='par_1_44' title="bbox 489 2785 2077 2859">
     <span class='ocr_line' id='line_1_44' title="bbox 489 2785 2077 2859; baseline 0.003 -22"><span class='ocrx_word' id='word_1_305' title='bbox 489 2785 712 2851; x_wconf 75' lang='grc' dir='ltr'><em>δαίνων,</em></span> <span class='ocrx_word' id='word_1_306' title='bbox 764 2789 861 2840; x_wconf 72' lang='grc' dir='ltr'><em>καὶ</em></span> <span class='ocrx_word' id='word_1_307' title='bbox 916 2786 1105 2857; x_wconf 83' lang='grc' dir='ltr'><em>ὥσπερ</em></span> <span class='ocrx_word' id='word_1_308' title='bbox 1134 2786 1191 2853; x_wconf 81' lang='grc' dir='ltr'>ἐξ</span> <span class='ocrx_word' id='word_1_309' title='bbox 1239 2787 1580 2859; x_wconf 71' lang='grc' dir='ltr'><em>ὐψηλοτάτης</em></span> <span class='ocrx_word' id='word_1_310' title='bbox 1623 2789 1930 2859; x_wconf 84' lang='grc' dir='ltr'><em>ἀκρωρείας</em></span> <span class='ocrx_word' id='word_1_311' title='bbox 1978 2789 2077 2859; x_wconf 82' lang='grc' dir='ltr'><em>τῆς</em></span> 
     </span>
    </p>
   </div>
   <div class='ocr_carea' id='block_1_45' title="bbox 489 2877 2076 2950">
    <p class='ocr_par' dir='ltr' id='par_1_45' title="bbox 489 2877 2076 2950">
     <span class='ocr_line' id='line_1_45' title="bbox 489 2877 2076 2950; baseline 0.003 -20"><span class='ocrx_word' id='word_1_312' title='bbox 489 2877 749 2930; x_wconf 82' lang='grc' dir='ltr'><em>ἀνωτάτω</em></span> <span class='ocrx_word' id='word_1_313' title='bbox 784 2879 878 2931; x_wconf 79' lang='grc' dir='ltr'><em>καὶ</em></span> <span class='ocrx_word' id='word_1_314' title='bbox 900 2879 1040 2950; x_wconf 81' lang='grc' dir='ltr'><em>ὑπὲρ</em></span> <span class='ocrx_word' id='word_1_315' title='bbox 1075 2878 1254 2931; x_wconf 87' lang='grc' dir='ltr'><em>πάντα</em></span> <span class='ocrx_word' id='word_1_316' title='bbox 1281 2879 1562 2950; x_wconf 87' lang='grc' dir='ltr'><em>δυνάμεως</em></span> <span class='ocrx_word' id='word_1_317' title='bbox 1583 2878 1802 2940; x_wconf 78' lang='grc' dir='ltr'><em>ἑαυτοῦ,</em></span> <span class='ocrx_word' id='word_1_318' title='bbox 1823 2880 2076 2950; x_wconf 83' lang='grc' dir='ltr'><em>καθίησιν</em></span> 
     </span>
    </p>
   </div>
   <div class='ocr_carea' id='block_1_46' title="bbox 490 2969 2075 3042">
    <p class='ocr_par' dir='ltr' id='par_1_46' title="bbox 490 2969 2075 3042">
     <span class='ocr_line' id='line_1_46' title="bbox 490 2969 2075 3042; baseline 0.002 -20"><span class='ocrx_word' id='word_1_319' title='bbox 490 2971 583 3023; x_wconf 68' lang='grc' dir='ltr'><strong>ἐπὶ</strong></span> <span class='ocrx_word' id='word_1_320' title='bbox 606 2969 703 3040; x_wconf 82' lang='grc' dir='ltr'><em>τὴν</em></span> <span class='ocrx_word' id='word_1_321' title='bbox 734 2970 1003 3041; x_wconf 86' lang='grc' dir='ltr'><em>διάκρισιν</em></span> <span class='ocrx_word' id='word_1_322' title='bbox 1034 2970 1144 3023; x_wconf 86' lang='grc' dir='ltr'><strong>τῶν</strong></span> <span class='ocrx_word' id='word_1_323' title='bbox 1173 2972 1266 3024; x_wconf 78' lang='grc' dir='ltr'><strong>ἐπὶ</strong></span> <span class='ocrx_word' id='word_1_324' title='bbox 1292 2971 1397 3040; x_wconf 85' lang='grc' dir='ltr'><em>γῆς</em></span> <span class='ocrx_word' id='word_1_325' title='bbox 1419 2970 1743 3042; x_wconf 85' lang='grc' dir='ltr'><em>ἀνθρώπων,</em></span> <span class='ocrx_word' id='word_1_326' title='bbox 1762 2970 2075 3026; x_wconf 80' lang='grc' dir='ltr'><em>ἐπισκοπῶν</em></span> 
     </span>
    </p>
   </div>
   <div class='ocr_carea' id='block_1_47' title="bbox 489 3060 2075 3135">
    <p class='ocr_par' dir='ltr' id='par_1_47' title="bbox 489 3060 2075 3135">
     <span class='ocr_line' id='line_1_47' title="bbox 489 3060 2075 3135; baseline 0.003 -23"><span class='ocrx_word' id='word_1_327' title='bbox 489 3060 544 3113; x_wconf 76' lang='lat' dir='ltr'><strong>sl</strong></span> <span class='ocrx_word' id='word_1_328' title='bbox 573 3060 674 3113; x_wconf 86' lang='grc' dir='ltr'><strong>πού</strong></span> <span class='ocrx_word' id='word_1_329' title='bbox 716 3060 800 3124; x_wconf 87' lang='grc' dir='ltr'><strong>τίς</strong></span> <span class='ocrx_word' id='word_1_330' title='bbox 844 3063 958 3114; x_wconf 74' lang='grc' dir='ltr'><em>ἐστι</em></span> <span class='ocrx_word' id='word_1_331' title='bbox 985 3062 1086 3131; x_wconf 83' lang='grc' dir='ltr'><em>τῆς</em></span> <span class='ocrx_word' id='word_1_332' title='bbox 1118 3062 1283 3115; x_wconf 80' lang='grc' dir='ltr'><em>αὐτοῦ</em></span> <span class='ocrx_word' id='word_1_333' title='bbox 1335 3063 1592 3135; x_wconf 83' lang='grc' dir='ltr'><em>προνοίας</em></span> <span class='ocrx_word' id='word_1_334' title='bbox 1648 3065 1747 3135; x_wconf 85' lang='grc' dir='ltr'><em>τὴν</em></span> <span class='ocrx_word' id='word_1_335' title='bbox 1808 3063 2075 3135; x_wconf 86' lang='grc' dir='ltr'><em>διοίκησιν</em></span> 
     </span>
    </p>
   </div>
   <div class='ocr_carea' id='block_1_48' title="bbox 2181 1958 3751 2033">
    <p class='ocr_par' dir='ltr' id='par_1_48' title="bbox 2181 1958 3751 2033">
     <span class='ocr_line' id='line_1_48' title="bbox 2181 1958 3751 2033; baseline -0.004 -17"><span class='ocrx_word' id='word_1_336' title='bbox 2181 1978 2291 2017; x_wconf 91' lang='lat' dir='ltr'><strong>non</strong></span> <span class='ocrx_word' id='word_1_337' title='bbox 2325 1978 2449 2019; x_wconf 88' lang='lat' dir='ltr'><strong>esse</strong></span> <span class='ocrx_word' id='word_1_338' title='bbox 2497 1962 2666 2018; x_wconf 89' lang='lat' dir='ltr'><strong>Deum</strong></span> <span class='ocrx_word' id='word_1_339' title='bbox 2705 1981 2718 2017; x_wconf 92' lang='lat'>:</span> <span class='ocrx_word' id='word_1_340' title='bbox 2760 1978 2826 2017; x_wconf 89' lang='lat' dir='ltr'><strong>ac</strong></span> <span class='ocrx_word' id='word_1_341' title='bbox 2875 1963 3072 2033; x_wconf 85' lang='lat' dir='ltr'><strong>reliqui</strong></span> <span class='ocrx_word' id='word_1_342' title='bbox 3122 1976 3314 2016; x_wconf 91' lang='lat' dir='ltr'><strong>omnes</strong></span> <span class='ocrx_word' id='word_1_343' title='bbox 3357 1958 3751 2014; x_wconf 84' lang='lat' dir='ltr'><strong>abominabiles</strong></span> 
     </span>
    </p>
   </div>
   <div class='ocr_carea' id='block_1_49' title="bbox 2182 2056 3751 2127">
    <p class='ocr_par' dir='ltr' id='par_1_49' title="bbox 2182 2056 3751 2127">
     <span class='ocr_line' id='line_1_49' title="bbox 2182 2056 3751 2127; baseline -0.004 -14"><span class='ocrx_word' id='word_1_344' title='bbox 2182 2058 2311 2114; x_wconf 83' lang='lat' dir='ltr'><strong>facti</strong></span> <span class='ocrx_word' id='word_1_345' title='bbox 2335 2069 2483 2127; x_wconf 90' lang='lat' dir='ltr'><strong>sunt,</strong></span> <span class='ocrx_word' id='word_1_346' title='bbox 2521 2058 2915 2114; x_wconf 83' lang='lat' dir='ltr'><strong>abominationi</strong></span> <span class='ocrx_word' id='word_1_347' title='bbox 2947 2056 3250 2114; x_wconf 88' lang='lat' dir='ltr'><strong>studentes.</strong></span> <span class='ocrx_word' id='word_1_348' title='bbox 3285 2057 3353 2109; x_wconf 81' lang='lat' dir='ltr'><strong>At</strong></span> <span class='ocrx_word' id='word_1_349' title='bbox 3376 2070 3556 2111; x_wconf 87' lang='lat' dir='ltr'><strong>sermo</strong></span> <span class='ocrx_word' id='word_1_350' title='bbox 3588 2068 3751 2115; x_wconf 80' lang='lat' dir='ltr'><strong>verus</strong></span> 
     </span>
    </p>
   </div>
   <div class='ocr_carea' id='block_1_50' title="bbox 2181 2145 3753 2221">
    <p class='ocr_par' dir='ltr' id='par_1_50' title="bbox 2181 2145 3753 2221">
     <span class='ocr_line' id='line_1_50' title="bbox 2181 2145 3753 2221; baseline -0.005 -15"><span class='ocrx_word' id='word_1_351' title='bbox 2181 2152 2342 2207; x_wconf 86' lang='lat' dir='ltr'><strong>docet</strong></span> <span class='ocrx_word' id='word_1_352' title='bbox 2370 2166 2519 2216; x_wconf 90' lang='lat' dir='ltr'><strong>eum,</strong></span> <span class='ocrx_word' id='word_1_353' title='bbox 2554 2151 2648 2221; x_wconf 90' lang='lat' dir='ltr'><strong>qui</strong></span> <span class='ocrx_word' id='word_1_354' title='bbox 2685 2165 2851 2221; x_wconf 81' lang='lat' dir='ltr'><strong>supra</strong></span> <span class='ocrx_word' id='word_1_355' title='bbox 2893 2151 3076 2204; x_wconf 88' lang='lat' dir='ltr'><strong>omnia</strong></span> <span class='ocrx_word' id='word_1_356' title='bbox 3104 2159 3208 2214; x_wconf 91' lang='lat' dir='ltr'><strong>est,</strong></span> <span class='ocrx_word' id='word_1_357' title='bbox 3250 2147 3420 2202; x_wconf 89' lang='lat' dir='ltr'><strong>Deum</strong></span> <span class='ocrx_word' id='word_1_358' title='bbox 3461 2161 3524 2201; x_wconf 88' lang='lat' dir='ltr'><strong>ac</strong></span> <span class='ocrx_word' id='word_1_359' title='bbox 3569 2145 3753 2199; x_wconf 90' lang='lat' dir='ltr'><strong>Domi-</strong></span> 
     </span>
    </p>
   </div>
   <div class='ocr_carea' id='block_1_51' title="bbox 2179 2238 3749 2310">
    <p class='ocr_par' dir='ltr' id='par_1_51' title="bbox 2179 2238 3749 2310">
     <span class='ocr_line' id='line_1_51' title="bbox 2179 2238 3749 2310; baseline -0.004 -12"><span class='ocrx_word' id='word_1_360' title='bbox 2179 2260 2333 2309; x_wconf 91' lang='lat' dir='ltr'><strong>num,</strong></span> <span class='ocrx_word' id='word_1_361' title='bbox 2365 2259 2474 2298; x_wconf 93' lang='lat' dir='ltr'><strong>non</strong></span> <span class='ocrx_word' id='word_1_362' title='bbox 2510 2244 2779 2299; x_wconf 80' lang='lat' dir='ltr'><strong>exsistere</strong></span> <span class='ocrx_word' id='word_1_363' title='bbox 2807 2243 2969 2297; x_wconf 89' lang='lat' dir='ltr'><strong>modo</strong></span> <span class='ocrx_word' id='word_1_364' title='bbox 2998 2250 3052 2298; x_wconf 90' lang='lat' dir='ltr'><strong>et</strong></span> <span class='ocrx_word' id='word_1_365' title='bbox 3092 2242 3273 2296; x_wconf 90' lang='lat' dir='ltr'><strong>omnia</strong></span> <span class='ocrx_word' id='word_1_366' title='bbox 3303 2239 3587 2310; x_wconf 89' lang='lat' dir='ltr'><strong>complecti</strong></span> <span class='ocrx_word' id='word_1_367' title='bbox 3614 2257 3628 2305; x_wconf 88' lang='lat'><strong>;</strong></span> <span class='ocrx_word' id='word_1_368' title='bbox 3653 2238 3749 2292; x_wconf 89' lang='lat' dir='ltr'><strong>sed</strong></span> 
     </span>
    </p>
   </div>
   <div class='ocr_carea' id='block_1_52' title="bbox 2178 2328 3749 2403">
    <p class='ocr_par' dir='ltr' id='par_1_52' title="bbox 2178 2328 3749 2403">
     <span class='ocr_line' id='line_1_52' title="bbox 2178 2328 3749 2403; baseline -0.006 -13"><span class='ocrx_word' id='word_1_369' title='bbox 2178 2337 2343 2390; x_wconf 89' lang='lat' dir='ltr'><strong>etiam</strong></span> <span class='ocrx_word' id='word_1_370' title='bbox 2377 2334 2693 2403; x_wconf 88' lang='lat' dir='ltr'><strong>prospicere</strong></span> <span class='ocrx_word' id='word_1_371' title='bbox 2712 2341 2766 2389; x_wconf 89' lang='lat' dir='ltr'><strong>et</strong></span> <span class='ocrx_word' id='word_1_372' title='bbox 2803 2332 3177 2394; x_wconf 88' lang='lat' dir='ltr'><strong>considerare,</strong></span> <span class='ocrx_word' id='word_1_373' title='bbox 3206 2348 3313 2387; x_wconf 93' lang='lat' dir='ltr'><strong>non</strong></span> <span class='ocrx_word' id='word_1_374' title='bbox 3349 2331 3524 2386; x_wconf 91' lang='lat' dir='ltr'><strong>solum</strong></span> <span class='ocrx_word' id='word_1_375' title='bbox 3558 2328 3749 2400; x_wconf 80' lang='lat' dir='ltr'><strong>praeci-</strong></span> 
     </span>
    </p>
   </div>
   <div class='ocr_carea' id='block_1_53' title="bbox 2180 2420 3749 2495">
    <p class='ocr_par' dir='ltr' id='par_1_53' title="bbox 2180 2420 3749 2495">
     <span class='ocr_line' id='line_1_53' title="bbox 2180 2420 3749 2495; baseline -0.004 -17"><span class='ocrx_word' id='word_1_376' title='bbox 2180 2440 2317 2495; x_wconf 90' lang='lat' dir='ltr'><strong>puas</strong></span> <span class='ocrx_word' id='word_1_377' title='bbox 2347 2423 2590 2478; x_wconf 90' lang='lat' dir='ltr'><strong>universi</strong></span> <span class='ocrx_word' id='word_1_378' title='bbox 2625 2430 2830 2491; x_wconf 87' lang='lat' dir='ltr'><strong>partes,</strong></span> <span class='ocrx_word' id='word_1_379' title='bbox 2855 2421 2950 2479; x_wconf 87' lang='lat' dir='ltr'><strong>sed</strong></span> <span class='ocrx_word' id='word_1_380' title='bbox 2997 2424 3210 2493; x_wconf 88' lang='lat' dir='ltr'><strong>singula</strong></span> <span class='ocrx_word' id='word_1_381' title='bbox 3259 2437 3497 2492; x_wconf 85' lang='lat' dir='ltr'><strong>quoque,</strong></span> <span class='ocrx_word' id='word_1_382' title='bbox 3524 2429 3579 2475; x_wconf 88' lang='lat' dir='ltr'><strong>et</strong></span> <span class='ocrx_word' id='word_1_383' title='bbox 3610 2420 3749 2473; x_wconf 86' lang='lat' dir='ltr'><strong>lilios</strong></span> 
     </span>
    </p>
   </div>
   <div class='ocr_carea' id='block_1_54' title="bbox 2176 2512 3748 2584">
    <p class='ocr_par' dir='ltr' id='par_1_54' title="bbox 2176 2512 3748 2584">
     <span class='ocr_line' id='line_1_54' title="bbox 2176 2512 3748 2584; baseline -0.004 -11"><span class='ocrx_word' id='word_1_384' title='bbox 2176 2520 2459 2574; x_wconf 83' lang='lat' dir='ltr'><strong>hominum</strong></span> <span class='ocrx_word' id='word_1_385' title='bbox 2485 2519 2541 2574; x_wconf 91' lang='lat' dir='ltr'><strong>in</strong></span> <span class='ocrx_word' id='word_1_386' title='bbox 2565 2527 2710 2574; x_wconf 90' lang='lat' dir='ltr'><strong>terra</strong></span> <span class='ocrx_word' id='word_1_387' title='bbox 2742 2524 3044 2573; x_wconf 82' lang='lat' dir='ltr'><strong>versantes.</strong></span> <span class='ocrx_word' id='word_1_388' title='bbox 3075 2514 3278 2571; x_wconf 89' lang='lat' dir='ltr'><strong>Deinde</strong></span> <span class='ocrx_word' id='word_1_389' title='bbox 3303 2514 3430 2584; x_wconf 91' lang='lat' dir='ltr'><strong>quia</strong></span> <span class='ocrx_word' id='word_1_390' title='bbox 3473 2514 3598 2568; x_wconf 82' lang='lat' dir='ltr'><strong>ﬁliis</strong></span> <span class='ocrx_word' id='word_1_391' title='bbox 3646 2512 3748 2567; x_wconf 83' lang='lat' dir='ltr'><strong>hc-</strong></span> 
     </span>
    </p>
   </div>
   <div class='ocr_carea' id='block_1_55' title="bbox 2179 2605 3749 2683">
    <p class='ocr_par' dir='ltr' id='par_1_55' title="bbox 2179 2605 3749 2683">
     <span class='ocr_line' id='line_1_55' title="bbox 2179 2605 3749 2683; baseline -0.004 -17"><span class='ocrx_word' id='word_1_392' title='bbox 2179 2613 2386 2666; x_wconf 89' lang='lat' dir='ltr'><strong>minum</strong></span> <span class='ocrx_word' id='word_1_393' title='bbox 2414 2612 2783 2683; x_wconf 83' lang='lat' dir='ltr'><strong>prospiciens,</strong></span> <span class='ocrx_word' id='word_1_394' title='bbox 2803 2625 2869 2665; x_wconf 76' lang='lat' dir='ltr'><strong>ex</strong></span> <span class='ocrx_word' id='word_1_395' title='bbox 2885 2609 3104 2680; x_wconf 86' lang='lat' dir='ltr'><strong>propria</strong></span> <span class='ocrx_word' id='word_1_396' title='bbox 3125 2607 3498 2678; x_wconf 76' lang='lat' dir='ltr'><strong>magnitudine</strong></span> <span class='ocrx_word' id='word_1_397' title='bbox 3519 2605 3749 2661; x_wconf 89' lang='lat' dir='ltr'><strong>descen-</strong></span> 
     </span>
    </p>
   </div>
   <div class='ocr_carea' id='block_1_56' title="bbox 2177 2699 3750 2773">
    <p class='ocr_par' dir='ltr' id='par_1_56' title="bbox 2177 2699 3750 2773">
     <span class='ocr_line' id='line_1_56' title="bbox 2177 2699 3750 2773; baseline -0.004 -15"><span class='ocrx_word' id='word_1_398' title='bbox 2177 2703 2336 2768; x_wconf 87' lang='lat' dir='ltr'><strong>dens,</strong></span> <span class='ocrx_word' id='word_1_399' title='bbox 2364 2704 2523 2773; x_wconf 88' lang='lat' dir='ltr'><strong>quasi</strong></span> <span class='ocrx_word' id='word_1_400' title='bbox 2551 2720 2616 2758; x_wconf 81' lang='lat' dir='ltr'><strong>ex</strong></span> <span class='ocrx_word' id='word_1_401' title='bbox 2641 2702 2909 2758; x_wconf 85' lang='lat' dir='ltr'><strong>altissimo</strong></span> <span class='ocrx_word' id='word_1_402' title='bbox 2938 2700 3223 2756; x_wconf 88' lang='lat' dir='ltr'><strong>cacumine</strong></span> <span class='ocrx_word' id='word_1_403' title='bbox 3249 2699 3467 2754; x_wconf 89' lang='lat' dir='ltr'><strong>virtutis</strong></span> <span class='ocrx_word' id='word_1_404' title='bbox 3496 2713 3610 2754; x_wconf 70' lang='lat' dir='ltr'><strong>suae</strong></span> <span class='ocrx_word' id='word_1_405' title='bbox 3629 2714 3750 2753; x_wconf 84' lang='lat' dir='ltr'><strong>om-</strong></span> 
     </span>
    </p>
   </div>
   <div class='ocr_carea' id='block_1_57' title="bbox 2178 2791 3748 2866">
    <p class='ocr_par' dir='ltr' id='par_1_57' title="bbox 2178 2791 3748 2866">
     <span class='ocr_line' id='line_1_57' title="bbox 2178 2791 3748 2866; baseline -0.003 -17"><span class='ocrx_word' id='word_1_406' title='bbox 2178 2795 2343 2851; x_wconf 70' lang='lat' dir='ltr'><strong>nibus</strong></span> <span class='ocrx_word' id='word_1_407' title='bbox 2373 2795 2792 2866; x_wconf 57' lang='lat' dir='ltr'><strong>praeminente,</strong></span> <span class='ocrx_word' id='word_1_408' title='bbox 2824 2793 3109 2849; x_wconf 85' lang='lat' dir='ltr'><strong>descendit</strong></span> <span class='ocrx_word' id='word_1_409' title='bbox 3152 2792 3220 2847; x_wconf 91' lang='lat' dir='ltr'><strong>ad</strong></span> <span class='ocrx_word' id='word_1_410' title='bbox 3250 2808 3367 2855; x_wconf 90' lang='lat' dir='ltr'><strong>eos,</strong></span> <span class='ocrx_word' id='word_1_411' title='bbox 3402 2793 3495 2861; x_wconf 89' lang='lat' dir='ltr'><strong>qui</strong></span> <span class='ocrx_word' id='word_1_412' title='bbox 3517 2791 3571 2845; x_wconf 94' lang='lat' dir='ltr'><strong>in</strong></span> <span class='ocrx_word' id='word_1_413' title='bbox 3603 2802 3748 2846; x_wconf 80' lang='lat' dir='ltr'><strong>terra</strong></span> 
     </span>
    </p>
   </div>
   <div class='ocr_carea' id='block_1_58' title="bbox 2175 2884 3747 2955">
    <p class='ocr_par' dir='ltr' id='par_1_58' title="bbox 2175 2884 3747 2955">
     <span class='ocr_line' id='line_1_58' title="bbox 2175 2884 3747 2955; baseline -0.004 -12"><span class='ocrx_word' id='word_1_414' title='bbox 2175 2894 2372 2953; x_wconf 82' lang='lat' dir='ltr'><strong>erant,</strong></span> <span class='ocrx_word' id='word_1_415' title='bbox 2431 2887 2681 2943; x_wconf 87' lang='lat' dir='ltr'><strong>homines</strong></span> <span class='ocrx_word' id='word_1_416' title='bbox 2728 2884 3219 2949; x_wconf 86' lang='lat' dir='ltr'><strong>internoscendos,</strong></span> <span class='ocrx_word' id='word_1_417' title='bbox 3267 2885 3561 2955; x_wconf 83' lang='lat' dir='ltr'><strong>explorans</strong></span> <span class='ocrx_word' id='word_1_418' title='bbox 3615 2900 3747 2939; x_wconf 91' lang='lat' dir='ltr'><strong>num</strong></span> 
     </span>
    </p>
   </div>
   <div class='ocr_carea' id='block_1_59' title="bbox 2175 2974 3742 3049">
    <p class='ocr_par' dir='ltr' id='par_1_59' title="bbox 2175 2974 3742 3049">
     <span class='ocr_line' id='line_1_59' title="bbox 2175 2974 3742 3049; baseline -0.004 -16"><span class='ocrx_word' id='word_1_419' title='bbox 2175 2979 2301 3049; x_wconf 90' lang='lat' dir='ltr'><strong>quis</strong></span> <span class='ocrx_word' id='word_1_420' title='bbox 2344 2985 2491 3034; x_wconf 87' lang='lat' dir='ltr'><strong>esset</strong></span> <span class='ocrx_word' id='word_1_421' title='bbox 2534 2978 2626 3048; x_wconf 90' lang='lat' dir='ltr'><strong>qui</strong></span> <span class='ocrx_word' id='word_1_422' title='bbox 2659 2978 3013 3049; x_wconf 64' lang='lat' dir='ltr'><strong>providentiae</strong></span> <span class='ocrx_word' id='word_1_423' title='bbox 3058 2991 3173 3033; x_wconf 68' lang='lat' dir='ltr'><strong>sure</strong></span> <span class='ocrx_word' id='word_1_424' title='bbox 3215 2974 3742 3030; x_wconf 87' lang='lat' dir='ltr'><strong>administrationem</strong></span> 
     </span>
    </p>
   </div>
   <div class='ocr_carea' id='block_1_60' title="bbox 2176 3065 3748 3141">
    <p class='ocr_par' dir='ltr' id='par_1_60' title="bbox 2176 3065 3748 3141">
     <span class='ocr_line' id='line_1_60' title="bbox 2176 3065 3748 3141; baseline -0.006 -14"><span class='ocrx_word' id='word_1_425' title='bbox 2176 3070 2539 3141; x_wconf 78' lang='lat' dir='ltr'><strong>intelligeret,</strong></span> <span class='ocrx_word' id='word_1_426' title='bbox 2569 3078 2622 3126; x_wconf 90' lang='lat' dir='ltr'><strong>et</strong></span> <span class='ocrx_word' id='word_1_427' title='bbox 2652 3086 2780 3125; x_wconf 91' lang='lat' dir='ltr'><strong>num</strong></span> <span class='ocrx_word' id='word_1_428' title='bbox 2813 3070 2972 3141; x_wconf 86' lang='lat' dir='ltr'><strong>quis,</strong></span> <span class='ocrx_word' id='word_1_429' title='bbox 3005 3067 3325 3138; x_wconf 87' lang='lat' dir='ltr'><strong>postpositis</strong></span> <span class='ocrx_word' id='word_1_430' title='bbox 3354 3067 3611 3121; x_wconf 87' lang='lat' dir='ltr'><strong>omnibus</strong></span> <span class='ocrx_word' id='word_1_431' title='bbox 3644 3065 3748 3119; x_wconf 89' lang='lat' dir='ltr'><strong>bu-</strong></span> 
     </span>
    </p>
   </div>
   <div class='ocr_carea' id='block_1_61' title="bbox 492 3150 2075 3251">
    <p class='ocr_par' dir='ltr' id='par_1_61' title="bbox 492 3150 2075 3226">
     <span class='ocr_line' id='line_1_61' title="bbox 492 3150 2075 3226; baseline 0.004 -23"><span class='ocrx_word' id='word_1_432' title='bbox 492 3150 710 3216; x_wconf 85' lang='grc' dir='ltr'><em>συνιὼν,</em></span> <span class='ocrx_word' id='word_1_433' title='bbox 764 3154 860 3206; x_wconf 80' lang='grc' dir='ltr'><em>καὶ</em></span> <span class='ocrx_word' id='word_1_434' title='bbox 891 3152 944 3206; x_wconf 77' lang='grc' dir='ltr'><em>εἴ</em></span> <span class='ocrx_word' id='word_1_435' title='bbox 968 3152 1068 3207; x_wconf 85' lang='grc' dir='ltr'><strong>πού</strong></span> <span class='ocrx_word' id='word_1_436' title='bbox 1101 3172 1205 3218; x_wconf 91' lang='grc' dir='ltr'><em>τις,</em></span> <span class='ocrx_word' id='word_1_437' title='bbox 1243 3154 1422 3207; x_wconf 89' lang='grc' dir='ltr'><em>πάντα</em></span> <span class='ocrx_word' id='word_1_438' title='bbox 1473 3154 1699 3225; x_wconf 86' lang='grc' dir='ltr'><em>δεύτερα</em></span> <span class='ocrx_word' id='word_1_439' title='bbox 1735 3154 1959 3226; x_wconf 83' lang='grc' dir='ltr'><em>θέμενος</em></span> <span class='ocrx_word' id='word_1_440' title='bbox 2006 3155 2075 3209; x_wconf 70' lang='grc' dir='ltr'><em>τὰ</em></span> 
     </span>
    </p>
   </div>
   <div class='ocr_carea' id='block_1_62' title="bbox 2177 3150 3745 3251">
    <p class='ocr_par' dir='ltr' id='par_1_62' title="bbox 2177 3154 3745 3234">
     <span class='ocr_line' id='line_1_62' title="bbox 2177 3154 3745 3234; baseline -0.005 -17"><span class='ocrx_word' id='word_1_441' title='bbox 2177 3163 2265 3234; x_wconf 80' lang='lat' dir='ltr'><strong>jus</strong></span> <span class='ocrx_word' id='word_1_442' title='bbox 2296 3165 2421 3218; x_wconf 70' lang='lat' dir='ltr'><strong>vitae</strong></span> <span class='ocrx_word' id='word_1_443' title='bbox 2451 3161 2704 3225; x_wconf 83' lang='lat' dir='ltr'><strong>fallaciis,</strong></span> <span class='ocrx_word' id='word_1_444' title='bbox 2751 3160 2819 3215; x_wconf 90' lang='lat' dir='ltr'><strong>ad</strong></span> <span class='ocrx_word' id='word_1_445' title='bbox 2857 3174 2917 3215; x_wconf 89' lang='lat' dir='ltr'><strong>se</strong></span> <span class='ocrx_word' id='word_1_446' title='bbox 2960 3157 3384 3230; x_wconf 90' lang='lat' dir='ltr'><strong>perquirendum</strong></span> <span class='ocrx_word' id='word_1_447' title='bbox 3418 3154 3745 3212; x_wconf 89' lang='lat' dir='ltr'><strong>attenderet.</strong></span> 
     </span>
    </p>
   </div>
   <div class='ocr_carea' id='block_1_63' title="bbox 489 3242 2077 3319">
    <p class='ocr_par' dir='ltr' id='par_1_63' title="bbox 489 3242 2077 3319">
     <span class='ocr_line' id='line_1_63' title="bbox 489 3242 2077 3319; baseline 0.003 -24"><span class='ocrx_word' id='word_1_448' title='bbox 489 3243 589 3313; x_wconf 77' lang='grc' dir='ltr'><em>τῆς</em></span> <span class='ocrx_word' id='word_1_449' title='bbox 618 3243 711 3296; x_wconf 79' lang='grc' dir='ltr'><em>τοῦ</em></span> <span class='ocrx_word' id='word_1_450' title='bbox 737 3242 850 3313; x_wconf 88' lang='grc' dir='ltr'><em>βίου</em></span> <span class='ocrx_word' id='word_1_451' title='bbox 880 3244 1117 3316; x_wconf 82' lang='grc' dir='ltr'><em>ἀπάτης,</em></span> <span class='ocrx_word' id='word_1_452' title='bbox 1141 3246 1239 3316; x_wconf 84' lang='grc' dir='ltr'><em>τὴν</em></span> <span class='ocrx_word' id='word_1_453' title='bbox 1272 3247 1401 3315; x_wconf 77' lang='grc' dir='ltr'><em>περὶ</em></span> <span class='ocrx_word' id='word_1_454' title='bbox 1430 3245 1594 3300; x_wconf 78' lang='grc' dir='ltr'><em>αὐτοῦ</em></span> <span class='ocrx_word' id='word_1_455' title='bbox 1617 3245 1842 3318; x_wconf 78' lang='grc' dir='ltr'><em>ζήτησιν</em></span> <span class='ocrx_word' id='word_1_456' title='bbox 1870 3247 2077 3319; x_wconf 82' lang='grc' dir='ltr'><em>ἀνείλη-</em></span> 
     </span>
    </p>
   </div>
   <div class='ocr_carea' id='block_1_64' title="bbox 492 3329 2076 3411">
    <p class='ocr_par' dir='ltr' id='par_1_64' title="bbox 492 3329 2076 3411">
     <span class='ocr_line' id='line_1_64' title="bbox 492 3329 2076 3411; baseline 0.003 -24"><span class='ocrx_word' id='word_1_457' title='bbox 492 3350 559 3403; x_wconf 73' lang='grc' dir='ltr'><em>φε</em></span> <span class='ocrx_word' id='word_1_458' title='bbox 582 3378 595 3389; x_wconf 94' lang='grc'>.</span> <span class='ocrx_word' id='word_1_459' title='bbox 634 3336 746 3388; x_wconf 73' lang='grc' dir='ltr'><strong>Καὶ</strong></span> <span class='ocrx_word' id='word_1_460' title='bbox 776 3336 987 3407; x_wconf 78' lang='grc' dir='ltr'><em>ἐπειδὴ,</em></span> <span class='ocrx_word' id='word_1_461' title='bbox 1023 3335 1220 3407; x_wconf 81' lang='grc' dir='ltr'><em>ζητῶν,</em></span> <span class='ocrx_word' id='word_1_462' title='bbox 1250 3338 1443 3392; x_wconf 78' lang='grc' dir='ltr'><em>οὐδένα</em></span> <span class='ocrx_word' id='word_1_463' title='bbox 1474 3338 1710 3391; x_wconf 81' lang='grc' dir='ltr'><em>τοιοῦτον</em></span> <span class='ocrx_word' id='word_1_464' title='bbox 1757 3329 1934 3411; x_wconf 78' lang='grc' dir='ltr'><em>εὗρεν,</em></span> <span class='ocrx_word' id='word_1_465' title='bbox 1996 3338 2076 3409; x_wconf 85' lang='grc' dir='ltr'><em>τῷ</em></span> 
     </span>
    </p>
   </div>
   <div class='ocr_carea' id='block_1_65' title="bbox 493 3426 2077 3502">
    <p class='ocr_par' dir='ltr' id='par_1_65' title="bbox 493 3426 2077 3502">
     <span class='ocr_line' id='line_1_65' title="bbox 493 3426 2077 3502; baseline 0.005 -22"><span class='ocrx_word' id='word_1_466' title='bbox 493 3426 699 3489; x_wconf 80' lang='grc' dir='ltr'><em>πάντας</em></span> <span class='ocrx_word' id='word_1_467' title='bbox 722 3428 989 3491; x_wconf 76' lang='grc' dir='ltr'><em>ἐκκλῖναι,</em></span> <span class='ocrx_word' id='word_1_468' title='bbox 1018 3429 1154 3499; x_wconf 80' lang='grc' dir='ltr'><em>ὁμοῦ</em></span> <span class='ocrx_word' id='word_1_469' title='bbox 1181 3445 1240 3481; x_wconf 87' lang='grc' dir='ltr'><strong>τε</strong></span> <span class='ocrx_word' id='word_1_470' title='bbox 1294 3430 1390 3483; x_wconf 67' lang='grc' dir='ltr'><em>καὶ</em></span> <span class='ocrx_word' id='word_1_471' title='bbox 1418 3430 1559 3484; x_wconf 86' lang='grc' dir='ltr'><strong>κατά</strong></span> <span class='ocrx_word' id='word_1_472' title='bbox 1596 3430 1658 3483; x_wconf 87' lang='grc' dir='ltr'><em>τὸ</em></span> <span class='ocrx_word' id='word_1_473' title='bbox 1688 3430 1820 3483; x_wconf 78' lang='grc' dir='ltr'><em>αὐτὸ</em></span> <span class='ocrx_word' id='word_1_474' title='bbox 1845 3431 2077 3502; x_wconf 84' lang='grc' dir='ltr'><em>ἀχρειω-</em></span> 
     </span>
    </p>
   </div>
   <div class='ocr_carea' id='block_1_66' title="bbox 490 3516 2075 3593">
    <p class='ocr_par' dir='ltr' id='par_1_66' title="bbox 490 3516 2075 3593">
     <span class='ocr_line' id='line_1_66' title="bbox 490 3516 2075 3593; baseline 0.004 -24"><span class='ocrx_word' id='word_1_475' title='bbox 490 3516 673 3587; x_wconf 78' lang='grc' dir='ltr'><em>θῆναι,</em></span> <span class='ocrx_word' id='word_1_476' title='bbox 706 3519 783 3583; x_wconf 85' lang='grc' dir='ltr'><em>ὼς</em></span> <span class='ocrx_word' id='word_1_477' title='bbox 808 3521 881 3591; x_wconf 83' lang='grc' dir='ltr'><em>μὴ</em></span> <span class='ocrx_word' id='word_1_478' title='bbox 912 3520 1170 3574; x_wconf 82' lang='grc' dir='ltr'><em>ποιοῦντα</em></span> <span class='ocrx_word' id='word_1_479' title='bbox 1194 3519 1398 3589; x_wconf 81' lang='grc' dir='ltr'><em>ἀγαθὸν</em></span> <span class='ocrx_word' id='word_1_480' title='bbox 1425 3521 1530 3584; x_wconf 76' lang='grc' dir='ltr'><em>ἓως</em></span> <span class='ocrx_word' id='word_1_481' title='bbox 1554 3522 1672 3584; x_wconf 83' lang='grc' dir='ltr'><em>ἑνὸς</em></span> <span class='ocrx_word' id='word_1_482' title='bbox 1699 3522 1895 3593; x_wconf 82' lang='grc' dir='ltr'><em>εὑρεῖν·</em></span> <span class='ocrx_word' id='word_1_483' title='bbox 1929 3522 2075 3575; x_wconf 86' lang='grc' dir='ltr'><em>είκό-</em></span> 
     </span>
    </p>
   </div>
   <div class='ocr_carea' id='block_1_67' title="bbox 488 3612 2077 3685">
    <p class='ocr_par' dir='ltr' id='par_1_67' title="bbox 488 3612 2077 3685">
     <span class='ocr_line' id='line_1_67' title="bbox 488 3612 2077 3685; baseline 0.004 -23"><span class='ocrx_word' id='word_1_484' title='bbox 488 3626 598 3673; x_wconf 87' lang='grc' dir='ltr'><strong>τως</strong></span> <span class='ocrx_word' id='word_1_485' title='bbox 623 3612 909 3665; x_wconf 81' lang='grc' dir='ltr'><em>ἐπαπειλεῖ</em></span> <span class='ocrx_word' id='word_1_486' title='bbox 934 3616 1046 3677; x_wconf 77' lang='grc' dir='ltr'><em>τοῖς</em></span> <span class='ocrx_word' id='word_1_487' title='bbox 1075 3612 1446 3682; x_wconf 84' lang='grc' dir='ltr'><em>διαφθείρασιν</em></span> <span class='ocrx_word' id='word_1_488' title='bbox 1480 3614 1694 3678; x_wconf 76' lang='grc' dir='ltr'><em>αὐτοὺς,</em></span> <span class='ocrx_word' id='word_1_489' title='bbox 1728 3613 1797 3667; x_wconf 83' lang='grc' dir='ltr'><em>τὰ</em></span> <span class='ocrx_word' id='word_1_490' title='bbox 1837 3613 1960 3685; x_wconf 77' lang='grc' dir='ltr'><strong>ἑξῆς</strong></span> <span class='ocrx_word' id='word_1_491' title='bbox 1988 3613 2077 3670; x_wconf 71' lang='grc' dir='ltr'><strong>λέτ</strong></span> 
     </span>
    </p>
   </div>
   <div class='ocr_carea' id='block_1_68' title="bbox 488 3702 2067 3776">
    <p class='ocr_par' dir='ltr' id='par_1_68' title="bbox 488 3702 2067 3776">
     <span class='ocr_line' id='line_1_68' title="bbox 488 3702 2067 3776; baseline 0.004 -23"><span class='ocrx_word' id='word_1_492' title='bbox 488 3717 620 3769; x_wconf 75' lang='grc' dir='ltr'><em>γωνο</em></span> <span class='ocrx_word' id='word_1_493' title='bbox 658 3703 804 3772; x_wconf 79' lang='grc' dir='ltr'><strong>Οὐχὶ</strong></span> <span class='ocrx_word' id='word_1_494' title='bbox 837 3703 1171 3773; x_wconf 68' lang='grc' dir='ltr'><em>γνώσονται</em></span> <span class='ocrx_word' id='word_1_495' title='bbox 1219 3702 1442 3770; x_wconf 83' lang='grc' dir='ltr'><em>πάντες</em></span> <span class='ocrx_word' id='word_1_496' title='bbox 1467 3708 1521 3758; x_wconf 80' lang='grc' dir='ltr'><em>οὶ</em></span> <span class='ocrx_word' id='word_1_497' title='bbox 1556 3703 1926 3776; x_wconf 77' lang='grc' dir='ltr'><em>ἐργαζόμενοι</em></span> <span class='ocrx_word' id='word_1_498' title='bbox 1951 3704 2067 3773; x_wconf 85' lang='grc' dir='ltr'><em>τὴν</em></span> 
     </span>
    </p>
   </div>
   <div class='ocr_carea' id='block_1_69' title="bbox 489 3794 2075 3866">
    <p class='ocr_par' dir='ltr' id='par_1_69' title="bbox 489 3794 2075 3866">
     <span class='ocr_line' id='line_1_69' title="bbox 489 3794 2075 3866; baseline 0.002 -18"><span class='ocrx_word' id='word_1_499' title='bbox 489 3794 767 3864; x_wconf 79' lang='grc' dir='ltr'><em>ἀνομίαν,</em></span> <span class='ocrx_word' id='word_1_500' title='bbox 797 3799 849 3849; x_wconf 81' lang='grc' dir='ltr'><strong>οἱ</strong></span> <span class='ocrx_word' id='word_1_501' title='bbox 882 3796 1191 3862; x_wconf 85' lang='grc' dir='ltr'><em>ἐσθίοντες</em></span> <span class='ocrx_word' id='word_1_502' title='bbox 1234 3797 1341 3850; x_wconf 81' lang='grc' dir='ltr'><em>τὸν</em></span> <span class='ocrx_word' id='word_1_503' title='bbox 1386 3797 1540 3851; x_wconf 74' lang='grc' dir='ltr'><em>λαόν</em></span> <span class='ocrx_word' id='word_1_504' title='bbox 1557 3815 1677 3865; x_wconf 84' lang='grc' dir='ltr'><strong>μου</strong></span> <span class='ocrx_word' id='word_1_505' title='bbox 1715 3796 1940 3866; x_wconf 76' lang='grc' dir='ltr'><em>,βρώσει</em></span> <span class='ocrx_word' id='word_1_506' title='bbox 1968 3797 2075 3866; x_wconf 82' lang='grc' dir='ltr'><strong>ἆρ-</strong></span> 
     </span>
    </p>
   </div>
   <div class='ocr_carea' id='block_1_70' title="bbox 489 3887 2076 3958">
    <p class='ocr_par' dir='ltr' id='par_1_70' title="bbox 489 3887 2076 3958">
     <span class='ocr_line' id='line_1_70' title="bbox 489 3887 2076 3958; baseline 0.001 -17"><span class='ocrx_word' id='word_1_507' title='bbox 489 3904 631 3951; x_wconf 88' lang='grc' dir='ltr'><em>του;</em></span> <span class='ocrx_word' id='word_1_508' title='bbox 681 3888 791 3942; x_wconf 79' lang='grc' dir='ltr'><em>Τὸν</em></span> <span class='ocrx_word' id='word_1_509' title='bbox 810 3889 1031 3954; x_wconf 84' lang='grc' dir='ltr'><em>Κύριον</em></span> <span class='ocrx_word' id='word_1_510' title='bbox 1068 3890 1179 3941; x_wconf 81' lang='grc' dir='ltr'><strong>οὐκ</strong></span> <span class='ocrx_word' id='word_1_511' title='bbox 1228 3887 1700 3943; x_wconf 75' lang='grc' dir='ltr'><em>ἐπεκαλέσαντο·</em></span> <span class='ocrx_word' id='word_1_512' title='bbox 1735 3889 1862 3943; x_wconf 83' lang='grc' dir='ltr'><em>ἐκεῖ</em></span> <span class='ocrx_word' id='word_1_513' title='bbox 1894 3892 2076 3958; x_wconf 62' lang='grc' dir='ltr'><em>φοϐη-</em></span> 
     </span>
    </p>
   </div>
   <div class='ocr_carea' id='block_1_71' title="bbox 490 3972 2074 4049">
    <p class='ocr_par' dir='ltr' id='par_1_71' title="bbox 490 3972 2074 4049">
     <span class='ocr_line' id='line_1_71' title="bbox 490 3972 2074 4049; baseline 0 -18"><span class='ocrx_word' id='word_1_514' title='bbox 490 3977 781 4045; x_wconf 77' lang='grc' dir='ltr'><em>θήσονται</em></span> <span class='ocrx_word' id='word_1_515' title='bbox 810 3978 972 4045; x_wconf 67' lang='grc' dir='ltr'><em>φόϐῳ</em></span> <span class='ocrx_word' id='word_1_516' title='bbox 1004 3972 1075 4032; x_wconf 88' lang='grc' dir='ltr'><em>οὗ</em></span> <span class='ocrx_word' id='word_1_517' title='bbox 1106 3979 1217 4038; x_wconf 71' lang='grc' dir='ltr'><strong>οὐκ</strong></span> <span class='ocrx_word' id='word_1_518' title='bbox 1244 3974 1324 4047; x_wconf 82' lang='grc' dir='ltr'><em>ἦν</em></span> <span class='ocrx_word' id='word_1_519' title='bbox 1360 3978 1567 4044; x_wconf 67' lang='grc' dir='ltr'><em>φόϐος.</em></span> <span class='ocrx_word' id='word_1_520' title='bbox 1617 3978 1858 4049; x_wconf 82' lang='grc' dir='ltr'><em>Ἐπειδὴ,</em></span> <span class='ocrx_word' id='word_1_521' title='bbox 1884 3979 2074 4032; x_wconf 79' lang='grc' dir='ltr'><em>διακύ-</em></span> 
     </span>
    </p>
   </div>
   <div class='ocr_carea' id='block_1_72' title="bbox 487 4064 2077 4139">
    <p class='ocr_par' dir='ltr' id='par_1_72' title="bbox 487 4064 2077 4139">
     <span class='ocr_line' id='line_1_72' title="bbox 487 4064 2077 4139; baseline 0.004 -21"><span class='ocrx_word' id='word_1_522' title='bbox 487 4066 595 4135; x_wconf 74' lang='grc' dir='ltr'><em>ψας</em></span> <span class='ocrx_word' id='word_1_523' title='bbox 630 4068 695 4119; x_wconf 80' lang='grc' dir='ltr'><em>ὲκ</em></span> <span class='ocrx_word' id='word_1_524' title='bbox 724 4064 816 4119; x_wconf 74' lang='grc' dir='ltr'><em>τοῦ</em></span> <span class='ocrx_word' id='word_1_525' title='bbox 844 4066 976 4119; x_wconf 75' lang='grc' dir='ltr'><em>ἰδίου</em></span> <span class='ocrx_word' id='word_1_526' title='bbox 1004 4085 1301 4138; x_wconf 87' lang='grc' dir='ltr'><em>κατοικητη</em></span> <span class='ocrx_word' id='word_1_527' title='bbox 1311 4068 1426 4139; x_wconf 85' lang='grc' dir='ltr'><em>ρίου</em></span> <span class='ocrx_word' id='word_1_528' title='bbox 1451 4069 1478 4119; x_wconf 89' lang='grc' dir='ltr'>ὁ</span> <span class='ocrx_word' id='word_1_529' title='bbox 1527 4067 1679 4131; x_wconf 84' lang='grc' dir='ltr'><em>Θεὸς,</em></span> <span class='ocrx_word' id='word_1_530' title='bbox 1712 4069 1984 4122; x_wconf 85' lang='grc' dir='ltr'><em>τουτέστιν</em></span> <span class='ocrx_word' id='word_1_531' title='bbox 2012 4073 2077 4125; x_wconf 82' lang='grc' dir='ltr'><em>ἐκ</em></span> 
     </span>
    </p>
   </div>
   <div class='ocr_carea' id='block_1_73' title="bbox 487 4156 2075 4230">
    <p class='ocr_par' dir='ltr' id='par_1_73' title="bbox 487 4156 2075 4230">
     <span class='ocr_line' id='line_1_73' title="bbox 487 4156 2075 4230; baseline 0.003 -20"><span class='ocrx_word' id='word_1_532' title='bbox 487 4156 583 4210; x_wconf 81' lang='grc' dir='ltr'><em>τοῦ</em></span> <span class='ocrx_word' id='word_1_533' title='bbox 613 4156 864 4230; x_wconf 79' lang='grc' dir='ltr'><em>οὐρανοῦ,</em></span> <span class='ocrx_word' id='word_1_534' title='bbox 900 4157 1028 4211; x_wconf 79' lang='grc' dir='ltr'><em>ἔνθα</em></span> <span class='ocrx_word' id='word_1_535' title='bbox 1062 4162 1333 4225; x_wconf 63' lang='grc' dir='ltr'><em>κατοικεῖν</em></span> <span class='ocrx_word' id='word_1_536' title='bbox 1362 4158 1578 4227; x_wconf 80' lang='grc' dir='ltr'><em>λέγεται</em></span> <span class='ocrx_word' id='word_1_537' title='bbox 1622 4157 1711 4210; x_wconf 76' lang='grc' dir='ltr'><em>διὰ</em></span> <span class='ocrx_word' id='word_1_538' title='bbox 1737 4159 1862 4221; x_wconf 74' lang='grc' dir='ltr'><em>τοὺς</em></span> <span class='ocrx_word' id='word_1_539' title='bbox 1889 4160 2075 4214; x_wconf 88' lang='grc' dir='ltr'><em>αὐτόθι</em></span> 
     </span>
    </p>
   </div>
   <div class='ocr_carea' id='block_1_74' title="bbox 487 4246 2076 4322">
    <p class='ocr_par' dir='ltr' id='par_1_74' title="bbox 487 4246 2076 4322">
     <span class='ocr_line' id='line_1_74' title="bbox 487 4246 2076 4322; baseline 0.001 -20"><span class='ocrx_word' id='word_1_540' title='bbox 487 4248 801 4322; x_wconf 79' lang='grc' dir='ltr'><em>χωροῦντας</em></span> <span class='ocrx_word' id='word_1_541' title='bbox 854 4248 1019 4302; x_wconf 79' lang='grc' dir='ltr'><em>αὐτοῦ</em></span> <span class='ocrx_word' id='word_1_542' title='bbox 1071 4250 1168 4321; x_wconf 86' lang='grc' dir='ltr'><em>τὴν</em></span> <span class='ocrx_word' id='word_1_543' title='bbox 1205 4249 1499 4320; x_wconf 82' lang='grc' dir='ltr'><em>βασιλείαν,</em></span> <span class='ocrx_word' id='word_1_544' title='bbox 1553 4249 1759 4312; x_wconf 85' lang='grc' dir='ltr'><em>πάντας</em></span> <span class='ocrx_word' id='word_1_545' title='bbox 1801 4246 1905 4303; x_wconf 82' lang='grc' dir='ltr'><em>εἶδε</em></span> <span class='ocrx_word' id='word_1_546' title='bbox 1953 4253 2076 4315; x_wconf 76' lang='grc' dir='ltr'><em>τοὺς</em></span> 
     </span>
    </p>
   </div>
   <div class='ocr_carea' id='block_1_75' title="bbox 487 4339 2077 4413">
    <p class='ocr_par' dir='ltr' id='par_1_75' title="bbox 487 4339 2077 4413">
     <span class='ocr_line' id='line_1_75' title="bbox 487 4339 2077 4413; baseline 0 -19"><span class='ocrx_word' id='word_1_547' title='bbox 487 4342 639 4407; x_wconf 83' lang='grc' dir='ltr'><em>υἱοὺς</em></span> <span class='ocrx_word' id='word_1_548' title='bbox 663 4342 772 4394; x_wconf 83' lang='grc' dir='ltr'><strong>τῶν</strong></span> <span class='ocrx_word' id='word_1_549' title='bbox 809 4339 1112 4413; x_wconf 86' lang='grc' dir='ltr'><em>ἀνθρώπων</em></span> <span class='ocrx_word' id='word_1_550' title='bbox 1159 4341 1559 4411; x_wconf 87' lang='grc' dir='ltr'><em>ἀχρειωθέντας</em></span> <span class='ocrx_word' id='word_1_551' title='bbox 1617 4342 1711 4394; x_wconf 74' lang='grc' dir='ltr'><em>καὶ</em></span> <span class='ocrx_word' id='word_1_552' title='bbox 1737 4341 1835 4411; x_wconf 85' lang='grc' dir='ltr'><em>τῆς</em></span> <span class='ocrx_word' id='word_1_553' title='bbox 1862 4342 2077 4406; x_wconf 84' lang='grc' dir='ltr'><em>εὐθείας</em></span> 
     </span>
    </p>
   </div>
   <div class='ocr_carea' id='block_1_76' title="bbox 487 4427 2073 4506">
    <p class='ocr_par' dir='ltr' id='par_1_76' title="bbox 487 4427 2073 4506">
     <span class='ocr_line' id='line_1_76' title="bbox 487 4427 2073 4506; baseline 0 -17"><span class='ocrx_word' id='word_1_554' title='bbox 487 4436 584 4489; x_wconf 72' lang='grc' dir='ltr'><em>καὶ</em></span> <span class='ocrx_word' id='word_1_555' title='bbox 610 4435 777 4506; x_wconf 84' lang='grc' dir='ltr'><em>ὀρθῆς</em></span> <span class='ocrx_word' id='word_1_556' title='bbox 801 4434 1202 4496; x_wconf 85' lang='grc' dir='ltr'><em>ἀποκλίναντας</em></span> <span class='ocrx_word' id='word_1_557' title='bbox 1221 4433 1360 4487; x_wconf 73' lang='grc' dir='ltr'><em>ὀδοῖν</em></span> <span class='ocrx_word' id='word_1_558' title='bbox 1392 4434 1616 4496; x_wconf 77' lang='grc' dir='ltr'><em>εἰκότως</em></span> <span class='ocrx_word' id='word_1_559' title='bbox 1641 4427 1730 4487; x_wconf 76' lang='grc' dir='ltr'><em>οἷά</em></span> <span class='ocrx_word' id='word_1_560' title='bbox 1752 4450 1836 4497; x_wconf 88' lang='grc' dir='ltr'><strong>τις</strong></span> <span class='ocrx_word' id='word_1_561' title='bbox 1870 4435 2073 4506; x_wconf 79' lang='grc' dir='ltr'><em>ποιμὴν</em></span> 
     </span>
    </p>
   </div>
   <div class='ocr_carea' id='block_1_77' title="bbox 2179 3246 3743 3322">
    <p class='ocr_par' dir='ltr' id='par_1_77' title="bbox 2179 3246 3743 3322">
     <span class='ocr_line' id='line_1_77' title="bbox 2179 3246 3743 3322; baseline -0.006 -13"><span class='ocrx_word' id='word_1_562' title='bbox 2179 3253 2427 3322; x_wconf 87' lang='lat' dir='ltr'><strong>Cumque</strong></span> <span class='ocrx_word' id='word_1_563' title='bbox 2454 3249 2766 3321; x_wconf 87' lang='lat' dir='ltr'><strong>hujusmodi</strong></span> <span class='ocrx_word' id='word_1_564' title='bbox 2798 3249 3070 3305; x_wconf 89' lang='lat' dir='ltr'><strong>neminem</strong></span> <span class='ocrx_word' id='word_1_565' title='bbox 3102 3246 3387 3304; x_wconf 90' lang='lat' dir='ltr'><strong>lustrando</strong></span> <span class='ocrx_word' id='word_1_566' title='bbox 3422 3246 3743 3305; x_wconf 83' lang='lat' dir='ltr'><strong>invenisset,</strong></span> 
     </span>
    </p>
   </div>
   <div class='ocr_carea' id='block_1_78' title="bbox 2176 3335 3743 3415">
    <p class='ocr_par' dir='ltr' id='par_1_78' title="bbox 2176 3335 3743 3415">
     <span class='ocr_line' id='line_1_78' title="bbox 2176 3335 3743 3415; baseline -0.005 -16"><span class='ocrx_word' id='word_1_567' title='bbox 2176 3344 2325 3415; x_wconf 89' lang='lat' dir='ltr'><strong>quod</strong></span> <span class='ocrx_word' id='word_1_568' title='bbox 2365 3358 2557 3399; x_wconf 90' lang='lat' dir='ltr'><strong>omnes</strong></span> <span class='ocrx_word' id='word_1_569' title='bbox 2598 3342 2969 3397; x_wconf 87' lang='lat' dir='ltr'><strong>declinassent</strong></span> <span class='ocrx_word' id='word_1_570' title='bbox 3021 3346 3075 3395; x_wconf 89' lang='lat' dir='ltr'><strong>et</strong></span> <span class='ocrx_word' id='word_1_571' title='bbox 3130 3339 3293 3394; x_wconf 91' lang='lat' dir='ltr'><strong>simul</strong></span> <span class='ocrx_word' id='word_1_572' title='bbox 3334 3339 3557 3394; x_wconf 82' lang='lat' dir='ltr'><strong>inutiles</strong></span> <span class='ocrx_word' id='word_1_573' title='bbox 3615 3335 3743 3391; x_wconf 78' lang='lat' dir='ltr'><strong>facti</strong></span> 
     </span>
    </p>
   </div>
   <div class='ocr_carea' id='block_1_79' title="bbox 2175 3430 3748 3503">
    <p class='ocr_par' dir='ltr' id='par_1_79' title="bbox 2175 3430 3748 3503">
     <span class='ocr_line' id='line_1_79' title="bbox 2175 3430 3748 3503; baseline -0.005 -12"><span class='ocrx_word' id='word_1_574' title='bbox 2175 3435 2430 3501; x_wconf 83' lang='lat' dir='ltr'><strong>fuissent,</strong></span> <span class='ocrx_word' id='word_1_575' title='bbox 2460 3436 2535 3490; x_wconf 91' lang='lat' dir='ltr'><strong>ita</strong></span> <span class='ocrx_word' id='word_1_576' title='bbox 2571 3440 2632 3489; x_wconf 80' lang='lat' dir='ltr'><strong>ut</strong></span> <span class='ocrx_word' id='word_1_577' title='bbox 2661 3449 2730 3490; x_wconf 90' lang='lat' dir='ltr'><strong>ne</strong></span> <span class='ocrx_word' id='word_1_578' title='bbox 2760 3434 2844 3489; x_wconf 93' lang='lat' dir='ltr'><strong>vel</strong></span> <span class='ocrx_word' id='word_1_579' title='bbox 2871 3448 3041 3487; x_wconf 91' lang='lat' dir='ltr'><strong>unum</strong></span> <span class='ocrx_word' id='word_1_580' title='bbox 3078 3432 3170 3503; x_wconf 90' lang='lat' dir='ltr'><strong>qui</strong></span> <span class='ocrx_word' id='word_1_581' title='bbox 3198 3431 3402 3486; x_wconf 81' lang='lat' dir='ltr'><strong>faceret</strong></span> <span class='ocrx_word' id='word_1_582' title='bbox 3424 3430 3626 3484; x_wconf 87' lang='lat' dir='ltr'><strong>bonum</strong></span> <span class='ocrx_word' id='word_1_583' title='bbox 3659 3444 3748 3483; x_wconf 87' lang='lat' dir='ltr'><strong>rc-</strong></span> 
     </span>
    </p>
   </div>
   <div class='ocr_carea' id='block_1_80' title="bbox 2174 3524 3746 3598">
    <p class='ocr_par' dir='ltr' id='par_1_80' title="bbox 2174 3524 3746 3598">
     <span class='ocr_line' id='line_1_80' title="bbox 2174 3524 3746 3598; baseline -0.007 -15"><span class='ocrx_word' id='word_1_584' title='bbox 2174 3528 2416 3598; x_wconf 88' lang='lat' dir='ltr'><strong>periret;</strong></span> <span class='ocrx_word' id='word_1_585' title='bbox 2445 3526 2570 3595; x_wconf 87' lang='lat' dir='ltr'><strong>jure</strong></span> <span class='ocrx_word' id='word_1_586' title='bbox 2597 3525 2968 3580; x_wconf 89' lang='lat' dir='ltr'><strong>comminatur</strong></span> <span class='ocrx_word' id='word_1_587' title='bbox 2996 3525 3063 3579; x_wconf 88' lang='lat' dir='ltr'><strong>iis</strong></span> <span class='ocrx_word' id='word_1_588' title='bbox 3091 3524 3184 3594; x_wconf 91' lang='lat' dir='ltr'><strong>qui</strong></span> <span class='ocrx_word' id='word_1_589' title='bbox 3210 3538 3332 3578; x_wconf 90' lang='lat' dir='ltr'><strong>sese</strong></span> <span class='ocrx_word' id='word_1_590' title='bbox 3363 3528 3746 3591; x_wconf 78' lang='lat' dir='ltr'><strong>corruperant,</strong></span> 
     </span>
    </p>
   </div>
   <div class='ocr_carea' id='block_1_81' title="bbox 2174 3614 3749 3688">
    <p class='ocr_par' dir='ltr' id='par_1_81' title="bbox 2174 3614 3749 3688">
     <span class='ocr_line' id='line_1_81' title="bbox 2174 3614 3749 3688; baseline -0.004 -15"><span class='ocrx_word' id='word_1_591' title='bbox 2174 3634 2296 3688; x_wconf 69' lang='lat' dir='ltr'><strong>quae</strong></span> <span class='ocrx_word' id='word_1_592' title='bbox 2321 3625 2628 3688; x_wconf 88' lang='lat' dir='ltr'><strong>sequuntur</strong></span> <span class='ocrx_word' id='word_1_593' title='bbox 2656 3616 2942 3687; x_wconf 78' lang='lat' dir='ltr'><strong>proferens</strong></span> <span class='ocrx_word' id='word_1_594' title='bbox 2977 3634 2992 3669; x_wconf 87' lang='lat'><strong>:</strong></span> <span class='ocrx_word' id='word_1_595' title='bbox 3029 3614 3219 3670; x_wconf 84' lang='lat' dir='ltr'><strong>Nonne</strong></span> <span class='ocrx_word' id='word_1_596' title='bbox 3255 3616 3417 3669; x_wconf 87' lang='lat' dir='ltr'><strong>scient</strong></span> <span class='ocrx_word' id='word_1_597' title='bbox 3455 3628 3631 3666; x_wconf 87' lang='lat' dir='ltr'><strong>omnes</strong></span> <span class='ocrx_word' id='word_1_598' title='bbox 3659 3614 3749 3682; x_wconf 87' lang='lat' dir='ltr'><strong>qui</strong></span> 
     </span>
    </p>
   </div>
   <div class='ocr_carea' id='block_1_82' title="bbox 2175 3704 3747 3780">
    <p class='ocr_par' dir='ltr' id='par_1_82' title="bbox 2175 3704 3747 3780">
     <span class='ocr_line' id='line_1_82' title="bbox 2175 3704 3747 3780; baseline -0.006 -15"><span class='ocrx_word' id='word_1_599' title='bbox 2175 3718 2461 3779; x_wconf 81' lang='lat' dir='ltr'><strong>operantur</strong></span> <span class='ocrx_word' id='word_1_600' title='bbox 2507 3709 2875 3780; x_wconf 84' lang='lat' dir='ltr'><strong>iniquitatem,</strong></span> <span class='ocrx_word' id='word_1_601' title='bbox 2911 3709 3003 3779; x_wconf 88' lang='lat' dir='ltr'><strong>qui</strong></span> <span class='ocrx_word' id='word_1_602' title='bbox 3036 3707 3289 3762; x_wconf 88' lang='lat' dir='ltr'><strong>devorant</strong></span> <span class='ocrx_word' id='word_1_603' title='bbox 3332 3704 3531 3775; x_wconf 85' lang='lat' dir='ltr'><strong>plebem</strong></span> <span class='ocrx_word' id='word_1_604' title='bbox 3576 3720 3747 3757; x_wconf 89' lang='lat' dir='ltr'><strong>meam</strong></span> 
     </span>
    </p>
   </div>
   <div class='ocr_carea' id='block_1_83' title="bbox 2175 3796 3751 3872">
    <p class='ocr_par' dir='ltr' id='par_1_83' title="bbox 2175 3796 3751 3872">
     <span class='ocr_line' id='line_1_83' title="bbox 2175 3796 3751 3872; baseline -0.006 -15"><span class='ocrx_word' id='word_1_605' title='bbox 2175 3805 2491 3857; x_wconf 88' lang='lat' dir='ltr'><strong>comestione</strong></span> <span class='ocrx_word' id='word_1_606' title='bbox 2520 3803 2718 3872; x_wconf 80' lang='lat' dir='ltr'><strong>panis?</strong></span> <span class='ocrx_word' id='word_1_607' title='bbox 2747 3801 3036 3855; x_wconf 88' lang='lat' dir='ltr'><strong>Dominum</strong></span> <span class='ocrx_word' id='word_1_608' title='bbox 3070 3817 3175 3854; x_wconf 90' lang='lat' dir='ltr'><strong>non</strong></span> <span class='ocrx_word' id='word_1_609' title='bbox 3206 3800 3573 3853; x_wconf 84' lang='lat' dir='ltr'><strong>invocaverunt</strong></span> <span class='ocrx_word' id='word_1_610' title='bbox 3598 3811 3615 3849; x_wconf 90' lang='lat'><strong><em>:</em></strong></span> <span class='ocrx_word' id='word_1_611' title='bbox 3636 3796 3751 3849; x_wconf 89' lang='lat' dir='ltr'><strong>illic</strong></span> 
     </span>
    </p>
   </div>
   <div class='ocr_carea' id='block_1_84' title="bbox 2176 3892 3744 3963">
    <p class='ocr_par' dir='ltr' id='par_1_84' title="bbox 2176 3892 3744 3963">
     <span class='ocr_line' id='line_1_84' title="bbox 2176 3892 3744 3963; baseline -0.003 -16"><span class='ocrx_word' id='word_1_612' title='bbox 2176 3895 2569 3963; x_wconf 79' lang='lat' dir='ltr'><strong>trepidaverunt</strong></span> <span class='ocrx_word' id='word_1_613' title='bbox 2614 3895 2803 3948; x_wconf 88' lang='lat' dir='ltr'><strong>timore</strong></span> <span class='ocrx_word' id='word_1_614' title='bbox 2859 3893 2950 3947; x_wconf 88' lang='lat' dir='ltr'><strong>ubi</strong></span> <span class='ocrx_word' id='word_1_615' title='bbox 2993 3909 3097 3947; x_wconf 86' lang='lat' dir='ltr'><strong>non</strong></span> <span class='ocrx_word' id='word_1_616' title='bbox 3144 3900 3258 3947; x_wconf 87' lang='lat' dir='ltr'><strong>erat</strong></span> <span class='ocrx_word' id='word_1_617' title='bbox 3299 3892 3477 3946; x_wconf 90' lang='lat' dir='ltr'><strong>timor.</strong></span> <span class='ocrx_word' id='word_1_618' title='bbox 3502 3892 3643 3957; x_wconf 85' lang='lat' dir='ltr'><strong>Quia</strong></span> <span class='ocrx_word' id='word_1_619' title='bbox 3678 3906 3744 3943; x_wconf 80' lang='lat' dir='ltr'><strong>cx</strong></span> 
     </span>
    </p>
   </div>
   <div class='ocr_carea' id='block_1_85' title="bbox 2176 3982 3747 4056">
    <p class='ocr_par' dir='ltr' id='par_1_85' title="bbox 2176 3982 3747 4056">
     <span class='ocr_line' id='line_1_85' title="bbox 2176 3982 3747 4056; baseline -0.002 -18"><span class='ocrx_word' id='word_1_620' title='bbox 2176 3984 2399 4056; x_wconf 80' lang='lat' dir='ltr'><strong>preprio</strong></span> <span class='ocrx_word' id='word_1_621' title='bbox 2420 3985 2698 4039; x_wconf 91' lang='lat' dir='ltr'><strong>domicilio</strong></span> <span class='ocrx_word' id='word_1_622' title='bbox 2721 3985 3062 4055; x_wconf 89' lang='lat' dir='ltr'><strong>prospiciens</strong></span> <span class='ocrx_word' id='word_1_623' title='bbox 3090 3982 3252 4048; x_wconf 87' lang='lat' dir='ltr'><strong>Deus,</strong></span> <span class='ocrx_word' id='word_1_624' title='bbox 3279 3983 3332 4038; x_wconf 92' lang='lat' dir='ltr'><strong>id</strong></span> <span class='ocrx_word' id='word_1_625' title='bbox 3362 3991 3467 4047; x_wconf 89' lang='lat' dir='ltr'><strong>est,</strong></span> <span class='ocrx_word' id='word_1_626' title='bbox 3488 3997 3555 4037; x_wconf 81' lang='lat' dir='ltr'><strong>ex</strong></span> <span class='ocrx_word' id='word_1_627' title='bbox 3584 3982 3747 4042; x_wconf 83' lang='lat' dir='ltr'><strong>ccelo.</strong></span> 
     </span>
    </p>
   </div>
   <div class='ocr_carea' id='block_1_86' title="bbox 2178 4072 3749 4144">
    <p class='ocr_par' dir='ltr' id='par_1_86' title="bbox 2178 4072 3749 4144">
     <span class='ocr_line' id='line_1_86' title="bbox 2178 4072 3749 4144; baseline -0.003 -14"><span class='ocrx_word' id='word_1_628' title='bbox 2178 4076 2267 4130; x_wconf 83' lang='lat' dir='ltr'><strong>ubi</strong></span> <span class='ocrx_word' id='word_1_629' title='bbox 2287 4075 2544 4130; x_wconf 90' lang='lat' dir='ltr'><strong>habitare</strong></span> <span class='ocrx_word' id='word_1_630' title='bbox 2566 4076 2769 4129; x_wconf 89' lang='lat' dir='ltr'><strong>dicitur</strong></span> <span class='ocrx_word' id='word_1_631' title='bbox 2800 4083 3020 4144; x_wconf 87' lang='lat' dir='ltr'><strong>propter</strong></span> <span class='ocrx_word' id='word_1_632' title='bbox 3042 4089 3138 4130; x_wconf 88' lang='lat' dir='ltr'><strong>eos</strong></span> <span class='ocrx_word' id='word_1_633' title='bbox 3153 4075 3245 4144; x_wconf 90' lang='lat' dir='ltr'><strong>qui</strong></span> <span class='ocrx_word' id='word_1_634' title='bbox 3274 4074 3349 4129; x_wconf 91' lang='lat' dir='ltr'><strong>ibi</strong></span> <span class='ocrx_word' id='word_1_635' title='bbox 3379 4089 3604 4144; x_wconf 81' lang='lat' dir='ltr'><strong>regnum</strong></span> <span class='ocrx_word' id='word_1_636' title='bbox 3627 4072 3749 4142; x_wconf 86' lang='lat' dir='ltr'><strong>ejus</strong></span> 
     </span>
    </p>
   </div>
   <div class='ocr_carea' id='block_1_87' title="bbox 2176 4164 3750 4235">
    <p class='ocr_par' dir='ltr' id='par_1_87' title="bbox 2176 4164 3750 4235">
     <span class='ocr_line' id='line_1_87' title="bbox 2176 4164 3750 4235; baseline -0.001 -16"><span class='ocrx_word' id='word_1_637' title='bbox 2176 4165 2500 4235; x_wconf 87' lang='lat' dir='ltr'><strong>possident,</strong></span> <span class='ocrx_word' id='word_1_638' title='bbox 2562 4180 2755 4220; x_wconf 91' lang='lat' dir='ltr'><strong>omnes</strong></span> <span class='ocrx_word' id='word_1_639' title='bbox 2801 4166 2942 4220; x_wconf 83' lang='lat' dir='ltr'><strong>lilios</strong></span> <span class='ocrx_word' id='word_1_640' title='bbox 2996 4164 3279 4219; x_wconf 90' lang='lat' dir='ltr'><strong>hominum</strong></span> <span class='ocrx_word' id='word_1_641' title='bbox 3338 4164 3473 4220; x_wconf 85' lang='lat' dir='ltr'><strong>vidit</strong></span> <span class='ocrx_word' id='word_1_642' title='bbox 3525 4165 3750 4219; x_wconf 89' lang='lat' dir='ltr'><strong>inutiles</strong></span> 
     </span>
    </p>
   </div>
   <div class='ocr_carea' id='block_1_88' title="bbox 2176 4254 3749 4326">
    <p class='ocr_par' dir='ltr' id='par_1_88' title="bbox 2176 4254 3749 4326">
     <span class='ocr_line' id='line_1_88' title="bbox 2176 4254 3749 4326; baseline 0 -18"><span class='ocrx_word' id='word_1_643' title='bbox 2176 4254 2371 4319; x_wconf 79' lang='lat' dir='ltr'><strong>factos,</strong></span> <span class='ocrx_word' id='word_1_644' title='bbox 2428 4271 2457 4308; x_wconf 89' lang='lat' dir='ltr'><strong>a</strong></span> <span class='ocrx_word' id='word_1_645' title='bbox 2508 4263 2656 4310; x_wconf 89' lang='lat' dir='ltr'><strong>recta</strong></span> <span class='ocrx_word' id='word_1_646' title='bbox 2690 4256 2779 4310; x_wconf 89' lang='lat' dir='ltr'><strong>via</strong></span> <span class='ocrx_word' id='word_1_647' title='bbox 2824 4255 3319 4326; x_wconf 87' lang='lat' dir='ltr'><strong>declinasse;jure</strong></span> <span class='ocrx_word' id='word_1_648' title='bbox 3366 4271 3465 4311; x_wconf 92' lang='lat' dir='ltr'><strong>ceu</strong></span> <span class='ocrx_word' id='word_1_649' title='bbox 3524 4254 3749 4326; x_wconf 88' lang='lat' dir='ltr'><strong>quidam</strong></span> 
     </span>
    </p>
   </div>
   <div class='ocr_carea' id='block_1_89' title="bbox 2176 4349 3747 4419">
    <p class='ocr_par' dir='ltr' id='par_1_89' title="bbox 2176 4349 3747 4419">
     <span class='ocr_line' id='line_1_89' title="bbox 2176 4349 3747 4419; baseline 0.001 -18"><span class='ocrx_word' id='word_1_650' title='bbox 2176 4357 2365 4418; x_wconf 89' lang='lat' dir='ltr'><strong>pastor</strong></span> <span class='ocrx_word' id='word_1_651' title='bbox 2398 4349 2575 4404; x_wconf 89' lang='lat' dir='ltr'><strong>bonus</strong></span> <span class='ocrx_word' id='word_1_652' title='bbox 2608 4364 2825 4419; x_wconf 77' lang='lat' dir='ltr'><strong>gregem</strong></span> <span class='ocrx_word' id='word_1_653' title='bbox 2856 4364 3015 4404; x_wconf 88' lang='lat' dir='ltr'><strong>suum</strong></span> <span class='ocrx_word' id='word_1_654' title='bbox 3046 4350 3100 4404; x_wconf 90' lang='lat' dir='ltr'><strong>in</strong></span> <span class='ocrx_word' id='word_1_655' title='bbox 3131 4349 3447 4405; x_wconf 89' lang='lat' dir='ltr'><strong>hominibus</strong></span> <span class='ocrx_word' id='word_1_656' title='bbox 3470 4350 3747 4405; x_wconf 81' lang='lat' dir='ltr'><strong>exsisten-</strong></span> 
     </span>
    </p>
   </div>
   <div class='ocr_carea' id='block_1_90' title="bbox 2174 4442 3750 4513">
    <p class='ocr_par' dir='ltr' id='par_1_90' title="bbox 2174 4442 3750 4513">
     <span class='ocr_line' id='line_1_90' title="bbox 2174 4442 3750 4513; baseline -0.001 -18"><span class='ocrx_word' id='word_1_657' title='bbox 2174 4450 2284 4497; x_wconf 90' lang='lat' dir='ltr'><strong>tem</strong></span> <span class='ocrx_word' id='word_1_658' title='bbox 2332 4457 2557 4506; x_wconf 88' lang='lat' dir='ltr'><strong>curans,</strong></span> <span class='ocrx_word' id='word_1_659' title='bbox 2609 4443 2978 4513; x_wconf 88' lang='lat' dir='ltr'><strong>perversionis</strong></span> <span class='ocrx_word' id='word_1_660' title='bbox 3020 4442 3339 4498; x_wconf 88' lang='lat' dir='ltr'><strong>auctoribus</strong></span> <span class='ocrx_word' id='word_1_661' title='bbox 3387 4442 3750 4497; x_wconf 89' lang='lat' dir='ltr'><strong>comminatur</strong></span> 
     </span>
    </p>
   </div>
   <div class='ocr_carea' id='block_1_91' title="bbox 487 4532 2075 4606">
    <p class='ocr_par' dir='ltr' id='par_1_91' title="bbox 487 4532 2071 4606">
     <span class='ocr_line' id='line_1_91' title="bbox 487 4532 2071 4606; baseline 0.002 -21"><span class='ocrx_word' id='word_1_662' title='bbox 487 4532 691 4601; x_wconf 82' lang='grc' dir='ltr'><em>ἀγαθὸς</em></span> <span class='ocrx_word' id='word_1_663' title='bbox 718 4534 1017 4606; x_wconf 88' lang='grc' dir='ltr'><em>κηδόμενος</em></span> <span class='ocrx_word' id='word_1_664' title='bbox 1059 4535 1157 4605; x_wconf 82' lang='grc' dir='ltr'><em>τῆς</em></span> <span class='ocrx_word' id='word_1_665' title='bbox 1212 4536 1270 4587; x_wconf 85' lang='grc' dir='ltr'><em>ὲν</em></span> <span class='ocrx_word' id='word_1_666' title='bbox 1303 4532 1609 4605; x_wconf 81' lang='grc' dir='ltr'><em>ἀνθρώποις</em></span> <span class='ocrx_word' id='word_1_667' title='bbox 1630 4533 1794 4587; x_wconf 75' lang='grc' dir='ltr'><em>αὐτοῦ</em></span> <span class='ocrx_word' id='word_1_668' title='bbox 1848 4534 2071 4605; x_wconf 82' lang='grc' dir='ltr'><em>ἀγέλης,</em></span> 
     </span>
    </p>
   </div>
   <div class='ocr_carea' id='block_1_92' title="bbox 2177 4532 3751 4606">
    <p class='ocr_par' dir='ltr' id='par_1_92' title="bbox 2177 4532 3751 4605">
     <span class='ocr_line' id='line_1_92' title="bbox 2177 4532 3751 4605; baseline -0.002 -17"><span class='ocrx_word' id='word_1_669' title='bbox 2177 4533 2405 4588; x_wconf 88' lang='lat' dir='ltr'><strong>dicens:</strong></span> <span class='ocrx_word' id='word_1_670' title='bbox 2449 4532 2639 4588; x_wconf 86' lang='lat' dir='ltr'><strong>Nonne</strong></span> <span class='ocrx_word' id='word_1_671' title='bbox 2686 4543 2994 4605; x_wconf 86' lang='lat' dir='ltr'><strong>cognoscent</strong></span> <span class='ocrx_word' id='word_1_672' title='bbox 3031 4534 3121 4602; x_wconf 88' lang='lat' dir='ltr'><strong>qui</strong></span> <span class='ocrx_word' id='word_1_673' title='bbox 3161 4543 3447 4603; x_wconf 85' lang='lat' dir='ltr'><strong>operantur</strong></span> <span class='ocrx_word' id='word_1_674' title='bbox 3492 4532 3751 4602; x_wconf 83' lang='lat' dir='ltr'><strong>iniquita--</strong></span> 
     </span>
    </p>
   </div>
   <div class='ocr_carea' id='block_1_93' title="bbox 487 4625 2072 4699">
    <p class='ocr_par' dir='ltr' id='par_1_93' title="bbox 487 4625 2072 4699">
     <span class='ocr_line' id='line_1_93' title="bbox 487 4625 2072 4699; baseline 0.003 -22"><span class='ocrx_word' id='word_1_675' title='bbox 487 4625 773 4678; x_wconf 83' lang='grc' dir='ltr'><em>ἐπαπειλεί</em></span> <span class='ocrx_word' id='word_1_676' title='bbox 814 4629 927 4690; x_wconf 90' lang='grc' dir='ltr'><em>τοῖς</em></span> <span class='ocrx_word' id='word_1_677' title='bbox 958 4626 1149 4690; x_wconf 85' lang='grc' dir='ltr'><em>αἰτίοις</em></span> <span class='ocrx_word' id='word_1_678' title='bbox 1179 4627 1277 4697; x_wconf 78' lang='grc' dir='ltr'><em>τῆς</em></span> <span class='ocrx_word' id='word_1_679' title='bbox 1305 4626 1655 4699; x_wconf 79' lang='grc' dir='ltr'><em>διαστροφῆς,</em></span> <span class='ocrx_word' id='word_1_680' title='bbox 1695 4626 1886 4692; x_wconf 86' lang='grc' dir='ltr'><em>λέγων·</em></span> <span class='ocrx_word' id='word_1_681' title='bbox 1923 4628 2072 4697; x_wconf 76' lang='grc' dir='ltr'><strong>Οὐχὶ</strong></span> 
     </span>
    </p>
   </div>
   <div class='ocr_carea' id='block_1_94' title="bbox 486 4716 2072 4788">
    <p class='ocr_par' dir='ltr' id='par_1_94' title="bbox 486 4716 2072 4788">
     <span class='ocr_line' id='line_1_94' title="bbox 486 4716 2072 4788; baseline 0.001 -17"><span class='ocrx_word' id='word_1_682' title='bbox 486 4716 819 4786; x_wconf 72' lang='grc' dir='ltr'><em>γνώσονται</em></span> <span class='ocrx_word' id='word_1_683' title='bbox 849 4722 902 4772; x_wconf 77' lang='grc' dir='ltr'><em>οἱ</em></span> <span class='ocrx_word' id='word_1_684' title='bbox 923 4717 1295 4788; x_wconf 74' lang='grc' dir='ltr'><em>ἐργαζόμενοι</em></span> <span class='ocrx_word' id='word_1_685' title='bbox 1318 4719 1433 4786; x_wconf 82' lang='grc' dir='ltr'><em>τὴν</em></span> <span class='ocrx_word' id='word_1_686' title='bbox 1457 4718 1734 4787; x_wconf 84' lang='grc' dir='ltr'><em>ἀνομίαν,</em></span> <span class='ocrx_word' id='word_1_687' title='bbox 1759 4721 1813 4770; x_wconf 81' lang='grc' dir='ltr'><em>οἱ</em></span> <span class='ocrx_word' id='word_1_688' title='bbox 1838 4718 2072 4773; x_wconf 81' lang='grc' dir='ltr'><em>ἐσθίον-</em></span> 
     </span>
    </p>
   </div>
   <div class='ocr_carea' id='block_1_95' title="bbox 487 4809 2074 4881">
    <p class='ocr_par' dir='ltr' id='par_1_95' title="bbox 487 4809 2074 4881">
     <span class='ocr_line' id='line_1_95' title="bbox 487 4809 2074 4881; baseline 0.003 -20"><span class='ocrx_word' id='word_1_689' title='bbox 487 4825 587 4876; x_wconf 89' lang='grc' dir='ltr'><strong>τες</strong></span> <span class='ocrx_word' id='word_1_690' title='bbox 615 4809 723 4864; x_wconf 88' lang='grc' dir='ltr'><em>τὸν</em></span> <span class='ocrx_word' id='word_1_691' title='bbox 758 4813 911 4875; x_wconf 76' lang='grc' dir='ltr'><em>λαόν</em></span> <span class='ocrx_word' id='word_1_692' title='bbox 954 4829 1074 4881; x_wconf 84' lang='grc' dir='ltr'><strong>μου</strong></span> <span class='ocrx_word' id='word_1_693' title='bbox 1114 4810 1340 4880; x_wconf 77' lang='grc' dir='ltr'><em>βρώσει</em></span> <span class='ocrx_word' id='word_1_694' title='bbox 1406 4810 1624 4879; x_wconf 81' lang='grc' dir='ltr'><em>ἅρτου;</em></span> <span class='ocrx_word' id='word_1_695' title='bbox 1672 4812 1781 4864; x_wconf 84' lang='grc' dir='ltr'><em>Καί</em></span> <span class='ocrx_word' id='word_1_696' title='bbox 1809 4829 1898 4881; x_wconf 90' lang='grc' dir='ltr'><strong>μοι</strong></span> <span class='ocrx_word' id='word_1_697' title='bbox 1924 4810 2074 4865; x_wconf 84' lang='grc' dir='ltr'><em>δοκεῖ</em></span> 
     </span>
    </p>
   </div>
   <div class='ocr_carea' id='block_1_96' title="bbox 484 4898 2070 4973">
    <p class='ocr_par' dir='ltr' id='par_1_96' title="bbox 484 4898 2070 4973">
     <span class='ocr_line' id='line_1_96' title="bbox 484 4898 2070 4973; baseline 0.003 -21"><span class='ocrx_word' id='word_1_698' title='bbox 484 4898 660 4953; x_wconf 84' lang='grc' dir='ltr'><em>ταῦτα</em></span> <span class='ocrx_word' id='word_1_699' title='bbox 689 4902 817 4972; x_wconf 74' lang='grc' dir='ltr'><em>περὶ</em></span> <span class='ocrx_word' id='word_1_700' title='bbox 877 4902 1158 4973; x_wconf 88' lang='grc' dir='ltr'><em>δυνάμεων</em></span> <span class='ocrx_word' id='word_1_701' title='bbox 1218 4901 1608 4972; x_wconf 84' lang='grc' dir='ltr'><em>ἀντικειμένων</em></span> <span class='ocrx_word' id='word_1_702' title='bbox 1663 4900 1917 4970; x_wconf 84' lang='grc' dir='ltr'><em>λέγεσθαι</em></span> <span class='ocrx_word' id='word_1_703' title='bbox 1961 4901 2070 4956; x_wconf 83' lang='grc' dir='ltr'><strong>τῶν</strong></span> 
     </span>
    </p>
   </div>
   <div class='ocr_carea' id='block_1_97' title="bbox 484 4988 2069 5064">
    <p class='ocr_par' dir='ltr' id='par_1_97' title="bbox 484 4988 2069 5064">
     <span class='ocr_line' id='line_1_97' title="bbox 484 4988 2069 5064; baseline 0.002 -21"><span class='ocrx_word' id='word_1_704' title='bbox 484 4988 736 5060; x_wconf 84' lang='grc' dir='ltr'><em>ἀοράτων</em></span> <span class='ocrx_word' id='word_1_705' title='bbox 798 4993 1009 5064; x_wconf 76' lang='grc' dir='ltr'><em>ἐχθρῶν</em></span> <span class='ocrx_word' id='word_1_706' title='bbox 1064 4994 1160 5047; x_wconf 71' lang='grc' dir='ltr'><em>καὶ</em></span> <span class='ocrx_word' id='word_1_707' title='bbox 1206 4992 1482 5064; x_wconf 87' lang='grc' dir='ltr'><em>πολεμίων</em></span> <span class='ocrx_word' id='word_1_708' title='bbox 1509 4992 1603 5045; x_wconf 79' lang='grc' dir='ltr'><em>τοῦ</em></span> <span class='ocrx_word' id='word_1_709' title='bbox 1628 4991 1819 5059; x_wconf 82' lang='grc' dir='ltr'><em>γένους</em></span> <span class='ocrx_word' id='word_1_710' title='bbox 1842 4992 1935 5046; x_wconf 79' lang='grc' dir='ltr'><em>τοῦ</em></span> <span class='ocrx_word' id='word_1_711' title='bbox 1970 4993 2069 5046; x_wconf 84' lang='grc' dir='ltr'><em>ἀν·-</em></span> 
     </span>
    </p>
   </div>
   <div class='ocr_carea' id='block_1_98' title="bbox 486 5076 2070 5155">
    <p class='ocr_par' dir='ltr' id='par_1_98' title="bbox 486 5076 2070 5155">
     <span class='ocr_line' id='line_1_98' title="bbox 486 5076 2070 5155; baseline 0.003 -23"><span class='ocrx_word' id='word_1_712' title='bbox 486 5077 779 5151; x_wconf 83' lang='grc' dir='ltr'><em>θρωπείου.</em></span> <span class='ocrx_word' id='word_1_713' title='bbox 808 5076 966 5137; x_wconf 75' lang='grc' dir='ltr'><em>Οὗτοι</em></span> <span class='ocrx_word' id='word_1_714' title='bbox 1006 5084 1115 5155; x_wconf 86' lang='grc' dir='ltr'><em>γὰρ</em></span> <span class='ocrx_word' id='word_1_715' title='bbox 1140 5082 1202 5136; x_wconf 86' lang='grc' dir='ltr'><em>τὺ</em></span> <span class='ocrx_word' id='word_1_716' title='bbox 1238 5082 1345 5135; x_wconf 86' lang='grc' dir='ltr'><strong>τῶν</strong></span> <span class='ocrx_word' id='word_1_717' title='bbox 1370 5081 1672 5154; x_wconf 82' lang='grc' dir='ltr'><em>ἀνθρώπων</em></span> <span class='ocrx_word' id='word_1_718' title='bbox 1713 5081 1871 5151; x_wconf 85' lang='grc' dir='ltr'><em>γένος</em></span> <span class='ocrx_word' id='word_1_719' title='bbox 1900 5082 2070 5137; x_wconf 82' lang='grc' dir='ltr'><em>κατάο</em></span> 
     </span>
    </p>
   </div>
   <div class='ocr_carea' id='block_1_99' title="bbox 486 5170 2070 5250">
    <p class='ocr_par' dir='ltr' id='par_1_99' title="bbox 486 5170 2070 5250">
     <span class='ocr_line' id='line_1_99' title="bbox 486 5170 2070 5250; baseline 0.008 -27"><span class='ocrx_word' id='word_1_720' title='bbox 486 5170 685 5242; x_wconf 80' lang='grc' dir='ltr'><em>ϐρωμα</em></span> <span class='ocrx_word' id='word_1_721' title='bbox 713 5177 928 5241; x_wconf 77' lang='grc' dir='ltr'><em>ἑαυτοῖς</em></span> <span class='ocrx_word' id='word_1_722' title='bbox 950 5178 1293 5246; x_wconf 75' lang='grc' dir='ltr'><em>ἐποιήσαντο,</em></span> <span class='ocrx_word' id='word_1_723' title='bbox 1321 5173 1408 5230; x_wconf 74' lang='grc' dir='ltr'><em>οἷα</em></span> <span class='ocrx_word' id='word_1_724' title='bbox 1430 5177 1593 5233; x_wconf 75' lang='grc' dir='ltr'><em>δεινοὶ</em></span> <span class='ocrx_word' id='word_1_725' title='bbox 1622 5177 1786 5250; x_wconf 79' lang='grc' dir='ltr'><em>θῆρες</em></span> <span class='ocrx_word' id='word_1_726' title='bbox 1828 5177 1927 5241; x_wconf 82' lang='grc' dir='ltr'><em>τὰς</em></span> <span class='ocrx_word' id='word_1_727' title='bbox 1962 5177 2070 5246; x_wconf 70' lang='grc' dir='ltr'><strong>ψυ-</strong></span> 
     </span>
    </p>
   </div>
   <div class='ocr_carea' id='block_1_100' title="bbox 2175 4623 3750 4694">
    <p class='ocr_par' dir='ltr' id='par_1_100' title="bbox 2175 4623 3750 4694">
     <span class='ocr_line' id='line_1_100' title="bbox 2175 4623 3750 4694; baseline 0.001 -18"><span class='ocrx_word' id='word_1_728' title='bbox 2175 4633 2301 4688; x_wconf 89' lang='lat' dir='ltr'><strong>tem,</strong></span> <span class='ocrx_word' id='word_1_729' title='bbox 2334 4625 2424 4694; x_wconf 92' lang='lat' dir='ltr'><strong>qui</strong></span> <span class='ocrx_word' id='word_1_730' title='bbox 2475 4623 2728 4678; x_wconf 78' lang='lat' dir='ltr'><strong>devorant</strong></span> <span class='ocrx_word' id='word_1_731' title='bbox 2769 4624 2968 4694; x_wconf 88' lang='lat' dir='ltr'><strong>plebem</strong></span> <span class='ocrx_word' id='word_1_732' title='bbox 3001 4640 3173 4677; x_wconf 88' lang='lat' dir='ltr'><strong>meam</strong></span> <span class='ocrx_word' id='word_1_733' title='bbox 3213 4625 3527 4678; x_wconf 86' lang='lat' dir='ltr'><strong>comestione</strong></span> <span class='ocrx_word' id='word_1_734' title='bbox 3552 4624 3750 4692; x_wconf 74' lang='lat' dir='ltr'><strong>panis?</strong></span> 
     </span>
    </p>
   </div>
   <div class='ocr_carea' id='block_1_101' title="bbox 2175 4714 3748 4786">
    <p class='ocr_par' dir='ltr' id='par_1_101' title="bbox 2175 4714 3748 4786">
     <span class='ocr_line' id='line_1_101' title="bbox 2175 4714 3748 4786; baseline 0.002 -18"><span class='ocrx_word' id='word_1_735' title='bbox 2175 4714 2243 4768; x_wconf 87' lang='lat' dir='ltr'><strong>Et</strong></span> <span class='ocrx_word' id='word_1_736' title='bbox 2287 4715 2406 4769; x_wconf 57' lang='lat' dir='ltr'><strong>haec</strong></span> <span class='ocrx_word' id='word_1_737' title='bbox 2438 4715 2695 4771; x_wconf 89' lang='lat' dir='ltr'><strong>videntur</strong></span> <span class='ocrx_word' id='word_1_738' title='bbox 2730 4716 2861 4770; x_wconf 91' lang='lat' dir='ltr'><strong>mihi</strong></span> <span class='ocrx_word' id='word_1_739' title='bbox 2901 4716 2968 4770; x_wconf 91' lang='lat' dir='ltr'><strong>de</strong></span> <span class='ocrx_word' id='word_1_740' title='bbox 3007 4716 3341 4772; x_wconf 88' lang='lat' dir='ltr'><strong>adversariis</strong></span> <span class='ocrx_word' id='word_1_741' title='bbox 3386 4718 3748 4786; x_wconf 83' lang='lat' dir='ltr'><strong>potestatibus</strong></span> 
     </span>
    </p>
   </div>
   <div class='ocr_carea' id='block_1_102' title="bbox 2177 4806 3749 4877">
    <p class='ocr_par' dir='ltr' id='par_1_102' title="bbox 2177 4806 3749 4877">
     <span class='ocr_line' id='line_1_102' title="bbox 2177 4806 3749 4877; baseline 0.001 -17"><span class='ocrx_word' id='word_1_742' title='bbox 2177 4806 2537 4861; x_wconf 85' lang='lat' dir='ltr'><strong>invisibilium</strong></span> <span class='ocrx_word' id='word_1_743' title='bbox 2557 4807 2902 4860; x_wconf 90' lang='lat' dir='ltr'><strong>inimicorum</strong></span> <span class='ocrx_word' id='word_1_744' title='bbox 2931 4814 2985 4861; x_wconf 90' lang='lat' dir='ltr'><strong>ct</strong></span> <span class='ocrx_word' id='word_1_745' title='bbox 3011 4806 3248 4861; x_wconf 91' lang='lat' dir='ltr'><strong>hostium</strong></span> <span class='ocrx_word' id='word_1_746' title='bbox 3279 4806 3495 4877; x_wconf 82' lang='lat' dir='ltr'><strong>generis</strong></span> <span class='ocrx_word' id='word_1_747' title='bbox 3523 4807 3749 4861; x_wconf 88' lang='lat' dir='ltr'><strong>humani</strong></span> 
     </span>
    </p>
   </div>
   <div class='ocr_carea' id='block_1_103' title="bbox 2181 4895 3750 4967">
    <p class='ocr_par' dir='ltr' id='par_1_103' title="bbox 2181 4895 3750 4967">
     <span class='ocr_line' id='line_1_103' title="bbox 2181 4895 3750 4967; baseline -0.001 -14"><span class='ocrx_word' id='word_1_748' title='bbox 2181 4897 2331 4953; x_wconf 86' lang='lat' dir='ltr'><strong>dicta</strong></span> <span class='ocrx_word' id='word_1_749' title='bbox 2362 4913 2504 4953; x_wconf 86' lang='lat' dir='ltr'><strong>esse.</strong></span> <span class='ocrx_word' id='word_1_750' title='bbox 2544 4895 2610 4951; x_wconf 86' lang='lat' dir='ltr'><strong>Hi</strong></span> <span class='ocrx_word' id='word_1_751' title='bbox 2631 4899 2775 4952; x_wconf 89' lang='lat' dir='ltr'><strong>enim</strong></span> <span class='ocrx_word' id='word_1_752' title='bbox 2801 4897 3083 4952; x_wconf 90' lang='lat' dir='ltr'><strong>hominum</strong></span> <span class='ocrx_word' id='word_1_753' title='bbox 3101 4913 3276 4967; x_wconf 90' lang='lat' dir='ltr'><strong>genus</strong></span> <span class='ocrx_word' id='word_1_754' title='bbox 3304 4898 3487 4953; x_wconf 87' lang='lat' dir='ltr'><strong>cibum</strong></span> <span class='ocrx_word' id='word_1_755' title='bbox 3529 4897 3632 4953; x_wconf 88' lang='lat' dir='ltr'><strong>sibi</strong></span> <span class='ocrx_word' id='word_1_756' title='bbox 3670 4896 3750 4951; x_wconf 82' lang='lat' dir='ltr'><strong>fe-</strong></span> 
     </span>
    </p>
   </div>
   <div class='ocr_carea' id='block_1_104' title="bbox 2175 4988 3749 5055">
    <p class='ocr_par' dir='ltr' id='par_1_104' title="bbox 2175 4988 3749 5055">
     <span class='ocr_line' id='line_1_104' title="bbox 2175 4988 3749 5055; baseline -0.003 -9"><span class='ocrx_word' id='word_1_757' title='bbox 2175 4997 2399 5055; x_wconf 83' lang='lat' dir='ltr'><strong>cerunt,</strong></span> <span class='ocrx_word' id='word_1_758' title='bbox 2441 5004 2539 5045; x_wconf 92' lang='lat' dir='ltr'><strong>ceu</strong></span> <span class='ocrx_word' id='word_1_759' title='bbox 2589 4990 2857 5045; x_wconf 79' lang='lat' dir='ltr'><strong>immanes</strong></span> <span class='ocrx_word' id='word_1_760' title='bbox 2898 4991 3025 5046; x_wconf 68' lang='lat' dir='ltr'><strong>ferae</strong></span> <span class='ocrx_word' id='word_1_761' title='bbox 3083 4992 3297 5046; x_wconf 86' lang='lat' dir='ltr'><strong>animas</strong></span> <span class='ocrx_word' id='word_1_762' title='bbox 3339 5004 3530 5045; x_wconf 89' lang='lat' dir='ltr'><strong>eorum</strong></span> <span class='ocrx_word' id='word_1_763' title='bbox 3577 4988 3749 5044; x_wconf 79' lang='lat' dir='ltr'><strong>devo-</strong></span> 
     </span>
    </p>
   </div>
   <div class='ocr_carea' id='block_1_105' title="bbox 2174 5082 3747 5154">
    <p class='ocr_par' dir='ltr' id='par_1_105' title="bbox 2174 5082 3747 5154">
     <span class='ocr_line' id='line_1_105' title="bbox 2174 5082 3747 5154; baseline -0.002 -16"><span class='ocrx_word' id='word_1_764' title='bbox 2174 5090 2382 5147; x_wconf 91' lang='lat' dir='ltr'><strong>rantes,</strong></span> <span class='ocrx_word' id='word_1_765' title='bbox 2427 5091 2488 5135; x_wconf 89' lang='lat' dir='ltr'><strong>ut</strong></span> <span class='ocrx_word' id='word_1_766' title='bbox 2530 5084 2584 5136; x_wconf 93' lang='lat' dir='ltr'><strong>in</strong></span> <span class='ocrx_word' id='word_1_767' title='bbox 2624 5084 2925 5154; x_wconf 82' lang='lat' dir='ltr'><strong>prOphetiis</strong></span> <span class='ocrx_word' id='word_1_768' title='bbox 2964 5084 3170 5139; x_wconf 90' lang='lat' dir='ltr'><strong>dictum</strong></span> <span class='ocrx_word' id='word_1_769' title='bbox 3207 5090 3289 5139; x_wconf 85' lang='lat' dir='ltr'><strong>est</strong></span> <span class='ocrx_word' id='word_1_770' title='bbox 3322 5082 3469 5149; x_wconf 68' lang='grc' dir='ltr'><strong>τρυε</strong></span> <span class='ocrx_word' id='word_1_771' title='bbox 3495 5083 3747 5137; x_wconf 83' lang='lat' dir='ltr'><strong>deuorant</strong></span> 
     </span>
    </p>
   </div>
   <div class='ocr_carea' id='block_1_106' title="bbox 2177 5175 2967 5245">
    <p class='ocr_par' dir='ltr' id='par_1_106' title="bbox 2177 5175 2967 5245">
     <span class='ocr_line' id='line_1_106' title="bbox 2177 5175 2967 5245; baseline 0.006 -17"><span class='ocrx_word' id='word_1_772' title='bbox 2177 5175 2428 5245; x_wconf 87' lang='lat' dir='ltr'><strong>populum</strong></span> <span class='ocrx_word' id='word_1_773' title='bbox 2454 5192 2624 5229; x_wconf 88' lang='lat' dir='ltr'><strong>meum</strong></span> <span class='ocrx_word' id='word_1_774' title='bbox 2654 5185 2763 5231; x_wconf 91' lang='lat' dir='ltr'><strong>toto</strong></span> <span class='ocrx_word' id='word_1_775' title='bbox 2792 5194 2880 5231; x_wconf 85' lang='lat' dir='ltr'><strong>ore</strong></span> <span class='ocrx_word' id='word_1_776' title='bbox 2899 5177 2967 5233; x_wconf 74' lang='grc'><strong>⁷⁸⁸.</strong></span> 
     </span>
    </p>
   </div>
   <div class='ocr_carea' id='block_1_107' title="bbox 485 5265 3749 5343">
    <p class='ocr_par' dir='ltr' id='par_1_107' title="bbox 485 5265 3749 5343">
     <span class='ocr_line' id='line_1_107' title="bbox 485 5265 3749 5343; baseline 0.002 -26"><span class='ocrx_word' id='word_1_777' title='bbox 485 5265 587 5334; x_wconf 80' lang='grc' dir='ltr'><strong>κάς</strong></span> <span class='ocrx_word' id='word_1_778' title='bbox 659 5266 839 5321; x_wconf 85' lang='grc' dir='ltr'><em>αὐτῶν</em></span> <span class='ocrx_word' id='word_1_779' title='bbox 902 5268 1295 5337; x_wconf 76' lang='grc' dir='ltr'><em>κατεσθίοντες,</em></span> <span class='ocrx_word' id='word_1_780' title='bbox 1336 5268 1479 5323; x_wconf 84' lang='grc' dir='ltr'><strong>κατά</strong></span> <span class='ocrx_word' id='word_1_781' title='bbox 1516 5270 1576 5323; x_wconf 85' lang='grc' dir='ltr'><em>τὸ</em></span> <span class='ocrx_word' id='word_1_782' title='bbox 1629 5270 1916 5343; x_wconf 80' lang='grc' dir='ltr'><em>εἰρημένον</em></span> <span class='ocrx_word' id='word_1_783' title='bbox 1948 5272 2006 5323; x_wconf 85' lang='grc' dir='ltr'><em>ὲν</em></span> <span class='ocrx_word' id='word_1_784' title='bbox 2042 5267 2415 5341; x_wconf 83' lang='grc' dir='ltr'><em>προφητείαις·</em></span> <span class='ocrx_word' id='word_1_785' title='bbox 2466 5271 2529 5321; x_wconf 79' lang='grc' dir='ltr'><strong>Οἱ</strong></span> <span class='ocrx_word' id='word_1_786' title='bbox 2573 5269 2989 5334; x_wconf 78' lang='grc' dir='ltr'><em>κατεσθίοντες</em></span> <span class='ocrx_word' id='word_1_787' title='bbox 3015 5268 3122 5321; x_wconf 86' lang='grc' dir='ltr'><em>τὸν</em></span> <span class='ocrx_word' id='word_1_788' title='bbox 3146 5269 3303 5323; x_wconf 76' lang='grc' dir='ltr'><em>λαόν</em></span> <span class='ocrx_word' id='word_1_789' title='bbox 3338 5284 3457 5338; x_wconf 82' lang='grc' dir='ltr'><strong>μου</strong></span> <span class='ocrx_word' id='word_1_790' title='bbox 3506 5268 3629 5333; x_wconf 77' lang='grc' dir='ltr'><strong>ὅλῳ</strong></span> <span class='ocrx_word' id='word_1_791' title='bbox 3669 5268 3749 5335; x_wconf 85' lang='grc' dir='ltr'><em>τῷ</em></span> 
     </span>
    </p>
   </div>
   <div class='ocr_carea' id='block_1_108' title="bbox 484 5358 757 5425">
    <p class='ocr_par' dir='ltr' id='par_1_108' title="bbox 484 5358 757 5425">
     <span class='ocr_line' id='line_1_108' title="bbox 484 5358 757 5425; baseline 0.015 -18"><span class='ocrx_word' id='word_1_792' title='bbox 484 5358 757 5425; x_wconf 79' lang='grc' dir='ltr'><em>στόματι.</em></span> 
     </span>
    </p>
   </div>
   <div class='ocr_carea' id='block_1_109' title="bbox 556 5445 2067 5526">
    <p class='ocr_par' dir='ltr' id='par_1_109' title="bbox 556 5445 2067 5526">
     <span class='ocr_line' id='line_1_109' title="bbox 556 5445 2067 5526; baseline 0.001 -21"><span class='ocrx_word' id='word_1_793' title='bbox 556 5447 715 5506; x_wconf 78' lang='grc' dir='ltr'><em>Οὗτοι</em></span> <span class='ocrx_word' id='word_1_794' title='bbox 743 5445 837 5506; x_wconf 68' lang='grc' dir='ltr'><em>οὖν</em></span> <span class='ocrx_word' id='word_1_795' title='bbox 878 5455 1034 5508; x_wconf 73' lang='grc' dir='ltr'><em>αὐτοὶ</em></span> <span class='ocrx_word' id='word_1_796' title='bbox 1072 5453 1169 5507; x_wconf 82' lang='grc' dir='ltr'><em>νῦν</em></span> <span class='ocrx_word' id='word_1_797' title='bbox 1204 5454 1323 5526; x_wconf 81' lang='grc' dir='ltr'><em>μὲν,</em></span> <span class='ocrx_word' id='word_1_798' title='bbox 1374 5455 1571 5526; x_wconf 74' lang='grc' dir='ltr'><em>φησὶν,</em></span> <span class='ocrx_word' id='word_1_799' title='bbox 1618 5454 1694 5519; x_wconf 83' lang='grc' dir='ltr'><em>ὡς</em></span> <span class='ocrx_word' id='word_1_800' title='bbox 1724 5456 1825 5509; x_wconf 88' lang='grc' dir='ltr'><strong>οὐκ</strong></span> <span class='ocrx_word' id='word_1_801' title='bbox 1855 5456 1921 5509; x_wconf 84' lang='grc' dir='ltr'><em>ἂν</em></span> <span class='ocrx_word' id='word_1_802' title='bbox 1976 5456 2067 5508; x_wconf 81' lang='grc' dir='ltr'><em>τὸν</em></span> 
     </span>
    </p>
   </div>
   <div class='ocr_carea' id='block_1_110' title="bbox 484 5540 2064 5615">
    <p class='ocr_par' dir='ltr' id='par_1_110' title="bbox 484 5540 2064 5615">
     <span class='ocr_line' id='line_1_110' title="bbox 484 5540 2064 5615; baseline 0.003 -20"><span class='ocrx_word' id='word_1_803' title='bbox 484 5540 619 5595; x_wconf 75' lang='grc' dir='ltr'><em>Θεὸν</em></span> <span class='ocrx_word' id='word_1_804' title='bbox 659 5542 764 5612; x_wconf 73' lang='grc' dir='ltr'><em>πρὸ</em></span> <span class='ocrx_word' id='word_1_805' title='bbox 785 5542 1079 5615; x_wconf 80' lang='grc' dir='ltr'><em>ὀφθαλμῶν</em></span> <span class='ocrx_word' id='word_1_806' title='bbox 1108 5543 1346 5614; x_wconf 86' lang='grc' dir='ltr'><em>θέμενοι,</em></span> <span class='ocrx_word' id='word_1_807' title='bbox 1400 5545 1573 5599; x_wconf 82' lang='grc' dir='ltr'><em>ταῦτα</em></span> <span class='ocrx_word' id='word_1_808' title='bbox 1608 5546 1749 5601; x_wconf 89' lang='grc' dir='ltr'><strong>κατά</strong></span> <span class='ocrx_word' id='word_1_809' title='bbox 1795 5545 1888 5599; x_wconf 76' lang='grc' dir='ltr'><em>τοῦ</em></span> <span class='ocrx_word' id='word_1_810' title='bbox 1935 5546 2064 5600; x_wconf 72' lang='grc' dir='ltr'><em>λαοῦ</em></span> 
     </span>
    </p>
   </div>
   <div class='ocr_carea' id='block_1_111' title="bbox 486 5633 2066 5709">
    <p class='ocr_par' dir='ltr' id='par_1_111' title="bbox 486 5633 2066 5709">
     <span class='ocr_line' id='line_1_111' title="bbox 486 5633 2066 5709; baseline 0.004 -24"><span class='ocrx_word' id='word_1_811' title='bbox 486 5634 580 5686; x_wconf 71' lang='grc' dir='ltr'><em>καὶ</em></span> <span class='ocrx_word' id='word_1_812' title='bbox 604 5633 745 5686; x_wconf 86' lang='grc' dir='ltr'><strong>κατά</strong></span> <span class='ocrx_word' id='word_1_813' title='bbox 770 5633 871 5704; x_wconf 83' lang='grc' dir='ltr'><em>τῆς</em></span> <span class='ocrx_word' id='word_1_814' title='bbox 901 5636 1039 5705; x_wconf 76' lang='grc' dir='ltr'><em>ἐμῆς</em></span> <span class='ocrx_word' id='word_1_815' title='bbox 1082 5636 1138 5688; x_wconf 78' lang='grc' dir='ltr'><em>ὲν</em></span> <span class='ocrx_word' id='word_1_816' title='bbox 1166 5634 1475 5707; x_wconf 86' lang='grc' dir='ltr'><em>ἀνθρώποις</em></span> <span class='ocrx_word' id='word_1_817' title='bbox 1502 5636 1725 5705; x_wconf 76' lang='grc' dir='ltr'><em>λογικῆς</em></span> <span class='ocrx_word' id='word_1_818' title='bbox 1760 5638 1959 5709; x_wconf 75' lang='grc' dir='ltr'><em>ἀγέλης</em></span> <span class='ocrx_word' id='word_1_819' title='bbox 1989 5637 2066 5691; x_wconf 84' lang='grc' dir='ltr'><em>δι-</em></span> 
     </span>
    </p>
   </div>
   <div class='ocr_carea' id='block_1_112' title="bbox 561 5784 1539 5847">
    <p class='ocr_par' dir='ltr' id='par_1_112' title="bbox 561 5784 1539 5847">
     <span class='ocr_line' id='line_1_112' title="bbox 561 5784 1539 5847; baseline 0.006 -9"><span class='ocrx_word' id='word_1_820' title='bbox 561 5787 605 5818; x_wconf 86' lang='lat'>&quot;</span> <span class='ocrx_word' id='word_1_821' title='bbox 648 5784 808 5840; x_wconf 78' lang='lat' dir='ltr'><strong>Rom.</strong></span> <span class='ocrx_word' id='word_1_822' title='bbox 851 5809 900 5847; x_wconf 85' lang='grc' dir='ltr'><strong>ι,</strong></span> <span class='ocrx_word' id='word_1_823' title='bbox 935 5785 1028 5841; x_wconf 67' lang='grc'><strong>22.</strong></span> <span class='ocrx_word' id='word_1_824' title='bbox 1104 5789 1150 5819; x_wconf 80' lang='grc'><strong>⁷⁸</strong></span> <span class='ocrx_word' id='word_1_825' title='bbox 1191 5788 1297 5843; x_wconf 85' lang='lat' dir='ltr'><strong>lsa.</strong></span> <span class='ocrx_word' id='word_1_826' title='bbox 1335 5806 1418 5844; x_wconf 71' lang='grc' dir='ltr'><em>ιτ.</em></span> <span class='ocrx_word' id='word_1_827' title='bbox 1458 5790 1539 5843; x_wconf 71' lang='lat'><strong>1‘2.</strong></span> 
     </span>
    </p>
   </div>
   <div class='ocr_carea' id='block_1_113' title="bbox 804 5883 1498 5963">
    <p class='ocr_par' dir='ltr' id='par_1_113' title="bbox 804 5883 1498 5963">
     <span class='ocr_line' id='line_1_113' title="bbox 804 5883 1498 5963; baseline 0.007 -20"><span class='ocrx_word' id='word_1_828' title='bbox 804 5883 1078 5945; x_wconf 73' lang='lat' dir='ltr'><strong>PATROL.</strong></span> <span class='ocrx_word' id='word_1_829' title='bbox 1107 5884 1498 5963; x_wconf 42' lang='grc' dir='ltr'><strong>ῦηηΧΧΠΙ.</strong></span> 
     </span>
    </p>
   </div>
   <div class='ocr_carea' id='block_1_114' title="bbox 2247 5451 3747 5524">
    <p class='ocr_par' dir='ltr' id='par_1_114' title="bbox 2247 5451 3747 5524">
     <span class='ocr_line' id='line_1_114' title="bbox 2247 5451 3747 5524; baseline 0.001 -17"><span class='ocrx_word' id='word_1_830' title='bbox 2247 5451 2315 5507; x_wconf 84' lang='lat' dir='ltr'><strong>Hi</strong></span> <span class='ocrx_word' id='word_1_831' title='bbox 2350 5453 2537 5524; x_wconf 90' lang='lat' dir='ltr'><strong>igitur,</strong></span> <span class='ocrx_word' id='word_1_832' title='bbox 2571 5453 2767 5523; x_wconf 86' lang='lat' dir='ltr'><strong>inquit,</strong></span> <span class='ocrx_word' id='word_1_833' title='bbox 2804 5461 2992 5524; x_wconf 89' lang='lat' dir='ltr'><strong>utpote</strong></span> <span class='ocrx_word' id='word_1_834' title='bbox 3020 5454 3114 5524; x_wconf 93' lang='lat' dir='ltr'><strong>qui</strong></span> <span class='ocrx_word' id='word_1_835' title='bbox 3145 5452 3311 5509; x_wconf 82' lang='lat' dir='ltr'><strong>Deum</strong></span> <span class='ocrx_word' id='word_1_836' title='bbox 3332 5453 3613 5508; x_wconf 89' lang='lat' dir='ltr'><strong>oboculos</strong></span> <span class='ocrx_word' id='word_1_837' title='bbox 3637 5470 3747 5508; x_wconf 79' lang='lat' dir='ltr'><strong>non</strong></span> 
     </span>
    </p>
   </div>
   <div class='ocr_carea' id='block_1_115' title="bbox 2173 5545 3746 5616">
    <p class='ocr_par' dir='ltr' id='par_1_115' title="bbox 2173 5545 3746 5616">
     <span class='ocr_line' id='line_1_115' title="bbox 2173 5545 3746 5616; baseline 0.003 -18"><span class='ocrx_word' id='word_1_838' title='bbox 2173 5554 2398 5614; x_wconf 86' lang='lat' dir='ltr'><strong>ponant,</strong></span> <span class='ocrx_word' id='word_1_839' title='bbox 2430 5545 2544 5616; x_wconf 87' lang='lat' dir='ltr'><strong>jam</strong></span> <span class='ocrx_word' id='word_1_840' title='bbox 2587 5554 2783 5602; x_wconf 88' lang='lat' dir='ltr'><strong>contra</strong></span> <span class='ocrx_word' id='word_1_841' title='bbox 2837 5547 3096 5616; x_wconf 91' lang='lat' dir='ltr'><strong>populum</strong></span> <span class='ocrx_word' id='word_1_842' title='bbox 3149 5556 3205 5603; x_wconf 88' lang='lat' dir='ltr'><strong>et</strong></span> <span class='ocrx_word' id='word_1_843' title='bbox 3239 5557 3430 5603; x_wconf 86' lang='lat' dir='ltr'><strong>contra</strong></span> <span class='ocrx_word' id='word_1_844' title='bbox 3468 5563 3649 5603; x_wconf 87' lang='lat' dir='ltr'><strong>meum</strong></span> <span class='ocrx_word' id='word_1_845' title='bbox 3691 5549 3746 5603; x_wconf 86' lang='lat' dir='ltr'><strong>in</strong></span> 
     </span>
    </p>
   </div>
   <div class='ocr_carea' id='block_1_116' title="bbox 2172 5638 3743 5714">
    <p class='ocr_par' dir='ltr' id='par_1_116' title="bbox 2172 5638 3743 5714">
     <span class='ocr_line' id='line_1_116' title="bbox 2172 5638 3743 5714; baseline 0.003 -21"><span class='ocrx_word' id='word_1_846' title='bbox 2172 5638 2484 5696; x_wconf 86' lang='lat' dir='ltr'><strong>hominibus</strong></span> <span class='ocrx_word' id='word_1_847' title='bbox 2522 5639 2898 5697; x_wconf 88' lang='lat' dir='ltr'><strong>rationabilem</strong></span> <span class='ocrx_word' id='word_1_848' title='bbox 2922 5656 3136 5713; x_wconf 85' lang='lat' dir='ltr'><strong>gregem</strong></span> <span class='ocrx_word' id='word_1_849' title='bbox 3181 5640 3294 5697; x_wconf 66' lang='lat' dir='ltr'><strong>haec</strong></span> <span class='ocrx_word' id='word_1_850' title='bbox 3322 5650 3569 5714; x_wconf 84' lang='lat' dir='ltr'><strong>egerunt.</strong></span> <span class='ocrx_word' id='word_1_851' title='bbox 3601 5641 3743 5697; x_wconf 83' lang='lat' dir='ltr'><strong>Num</strong></span> 
     </span>
    </p>
   </div>
   <div class='ocr_carea' id='block_1_117' title="bbox 3473 5901 3548 5963">
    <p class='ocr_par' dir='ltr' id='par_1_117' title="bbox 3473 5901 3548 5963">
     <span class='ocr_line' id='line_1_117' title="bbox 3473 5901 3548 5963; baseline 0.027 -2"><span class='ocrx_word' id='word_1_852' title='bbox 3473 5901 3548 5963; x_wconf 77' lang='grc'>15</span> 
     </span>
    </p>
   </div>
  </div>
