4158 6376
449 367 552 422 459

1160 351 1430 410 EUSEBII
1464 342 1941 404 CAESARIENSIS
1964 342 2116 401 UPP.
2148 341 2330 398 PARS
2369 343 2453 400 ΙΙΙ.
2492 374 2559 386 -·-
2596 345 3000 402 EXEGETICA.
3599 348 3699 405 ‘6;

446 500 577 555 ergo
614 496 830 553 semper
869 479 947 534 sic
983 486 1203 549 agentes
1244 470 1708 547 perseverabunt?
1739 468 1870 523 Esto
1910 469 2001 537 jan

2131 462 2453 534 επράξαντο.
2483 465 2630 534 Μήτι
2653 461 2745 518 οὖν
2776 467 2867 519 καὶ
2885 467 2963 528 εἰς
2986 465 3046 517 τὸ
3068 465 3323 528 παντελὲς
3338 464 3507 517 ταῦτα
3528 466 3703 535 πράτ-

450 577 621 631 Deum
655 590 765 629 non
800 573 1226 633 invocaverunt,
1264 565 1373 620 Deo
1403 564 1673 619 contraria
1715 568 1769 615 et
1804 560 2023 614 inimica

446 671 679 739 Operati,
715 679 900 729 annon
929 662 1167 733 quodam
1205 668 1446 728 tempore
1493 663 1826 726 cognoscent
1863 652 2025 706 ultio-

446 778 571 818 nem
620 760 756 830 ipsis
806 754 1179 812 inferendam?
1223 752 1367 807 Sane
1412 760 1627 820 tempus
1669 749 1773 804 erit
1812 749 1865 802 in
1914 760 2024 817 quo

444 852 798 923 trepidabunt
848 850 1066 904 timore.
1122 845 1409 913 Quodnam
1441 842 1610 906 illud,
1653 841 1761 896 nisi
1802 839 2022 911 quando

442 944 799 999 illucescente
838 938 1103 1003 Salutari,
1134 936 1320 990 nullus
1350 935 1494 988 ultra
1529 939 1705 986 metus
1730 931 2021 1001 pecoribus

444 1036 578 1091 meis
614 1032 827 1097 aderit,
862 1032 982 1087 illas
1027 1038 1209 1084 autem
1253 1029 1522 1083 immanes
1562 1026 1727 1088 feras,
1772 1024 2020 1079 occultos

442 1134 496 1181 et
514 1124 816 1179 invisibiles
835 1123 1111 1177 daemones
1139 1122 1303 1174 timor
1327 1118 1623 1187 corripiet,
1654 1117 1747 1171 ubi
1781 1132 1888 1171 non
1917 1117 2020 1170 erit

442 1216 669 1273 timendi
701 1215 890 1271 locus?
930 1212 1087 1268 Tunc
1132 1213 1277 1267 enim
1330 1211 1398 1266 iis
1439 1210 1660 1281 quidem
1717 1212 1810 1281 qui
1861 1210 2021 1264 bonis

441 1319 604 1365 erunt
648 1309 797 1381 digni
840 1309 1027 1363 nullus
1075 1306 1180 1361 erit
1212 1314 1424 1371 metus;
1452 1306 1523 1361 iis
1559 1318 1713 1371 vero,
1768 1305 1863 1375 qui
1905 1304 2017 1374 jam

441 1412 634 1458 contra
661 1403 921 1473 p0pulum
943 1416 1122 1456 meum
1154 1400 1462 1465 eriguntur,
1488 1399 1703 1467 ingruet
1732 1398 1893 1451 timor
1924 1397 2017 1451 ira:

442 1498 592 1567 ipsos
624 1495 914 1555 invasuraz,
948 1508 1069 1562 qua:
1099 1497 1333 1554 instans,
1369 1490 1652 1559 dissipabit
1677 1505 1798 1542 ossa
1836 1504 2017 1542 eorum

440 1587 530 1658 qui
584 1584 881 1639 hominibus
923 1583 1165 1652 placent;
1217 1596 1324 1651 qua
1395 1577 1832 1639 confundentur;
1885 1575 2013 1645 quia

440 1692 574 1736 tunc
605 1679 850 1735 omnium
882 1678 1045 1746 judex
1078 1677 1226 1747 ipsos
1258 1674 1412 1729 nihili
1447 1672 1631 1726 faciet.
1654 1670 1759 1724 Pro
1795 1670 1887 1723 illo
1913 1684 2014 1722 au-

2126 575 2311 622 τοντες
2332 559 2767 624 διατελέσουσιν;
2824 559 3004 610 Ἔστω
3044 556 3101 609 δέ
3147 556 3270 620 νῦν,
3315 556 3406 609 τὸν
3437 556 3569 609 Θεὸν
3605 558 3705 609 οὐκ

2128 651 2553 715 ἐπεκαλέσαντο,
2586 650 2846 705 τάναντία
2873 650 2950 721 τῷ
2987 648 3105 719 Θεῷ
3138 649 3230 703 καὶ
3262 649 3328 701 τὰ
3359 648 3527 720 ἐχθρά
3554 650 3705 721 αὐτῷ

2126 744 2496 817 ἐνεργοῦντες,
2526 745 2599 815 μὴ
2627 745 2747 813 οὐχ)⁵
2780 742 3075 813 γνώσονται
3101 740 3277 811 καιρῷ
3303 759 3407 794 τινι
3457 741 3554 813 τὴν
3605 744 3705 795 ἐπ-

2125 837 2489 908 ελευσομένην
2512 837 2692 899 αὐτοῖς
2718 836 2903 905 δίκην;
2936 836 3045 887 Καὶ
3080 836 3186 905 μὴν
3217 834 3367 888 ἔσται
3401 835 3608 904 καιρὸς,
3644 818 3702 888 ἐν

2122 924 2166 997 ᾧ
2196 930 2594 1000 φοϐηθήσονται
2647 928 2830 998 φόϐον.
2886 929 3045 991 Ποῖος
3106 928 3150 980 δ’
3215 927 3279 980 ἂν
3327 928 3410 997 εἴη
3464 921 3619 990 οὗτος
3666 927 3700 998 ἢ

2123 1023 2328 1085 ἐκεῖνος
2369 1021 2490 1074 καθ’
2516 1022 2573 1075 ὃν
2618 1020 3023 1092 ἐπιλάμψαντος
3055 1018 3146 1071 τοῦ
3189 1019 3483 1089 Σωτηρίου,
3519 1019 3699 1071 οὐκέτι

2122 1118 2235 1177 τοῖς
2260 1116 2413 1185 ἐμοῖς
2458 1114 2739 1186 θρέμμασι
2780 1113 2941 1183 φόϐος
2982 1113 3355 1181 ἐπιστήσεται·
3402 1111 3598 1172 αὐτοὺς
3642 1112 3698 1163 δὲ

2119 1208 2246 1269 τοὺς
2273 1207 2479 1269 δεινοὺς
2513 1206 2686 1277 θῆρας
2734 1207 2831 1259 καὶ
2864 1207 2989 1269 τοὺς
3038 1206 3261 1273 ἀφανεῖς
3303 1203 3396 1256 καὶ
3438 1203 3701 1274 ἀοράτους

2118 1296 2378 1366 δαίμονας
2412 1296 2572 1365 φόϐος
2604 1296 2828 1365 λήψεται
2879 1297 2994 1347 ἐκεῖ
3052 1288 3111 1347 οὗ
3164 1295 3264 1347 οὐκ
3306 1293 3455 1346 ἔσται
3500 1293 3697 1361 φόϐοςς

2119 1388 2253 1439 Τότε
2279 1386 2387 1459 γὰρ
2416 1389 2527 1450 τοῖς
2561 1387 2658 1457 μὲν
2679 1386 2786 1439 τῶν
2838 1385 3055 1454 ἀγαθῶν
3085 1383 3256 1447 ἀξίοις
3282 1384 3380 1435 οὐκ
3421 1382 3569 1435 ἔσται
3607 1383 3700 1451 φό-

2118 1479 2231 1543 ϐος,
2257 1482 2369 1544 τοῖς
2398 1478 2453 1532 δὲ
2485 1478 2578 1531 νῦν
2600 1478 2980 1549 ἐπαιρομένοις
3002 1476 3143 1529 κατά
3176 1475 3267 1529 τοῦ
3291 1474 3419 1529 λαοῦ
3454 1493 3555 1546 μου
3582 1477 3699 1528 ἐπι-

2116 1575 2363 1626 πεσεῖται
2403 1572 2564 1642 φόόος
2603 1574 2630 1624 6
2658 1572 2758 1641 τῆς
2796 1569 3257 1641 μετελευσομένης
3291 1570 3487 1632 αὐτοὺς
3504 1568 3697 1641 ὀργῆς,

2116 1669 2238 1738 ἥτις
2304 1667 2577 1719 ἐπιστᾶσα
2652 1665 3073 1733 διασκορπίσει
3152 1663 3303 1717 ὀστᾶ
3381 1664 3695 1731 ἀνθρωπα-

439 1780 569 1837 tem,
600 1771 864 1839 Quoniam
897 1768 1031 1823 Deus
1060 1766 1339 1835 dissipavit
1389 1781 1511 1819 ossa
1548 1780 1752 1826 eorum,
1792 1763 1881 1833 qui
1921 1761 2001 1815 lto-

2111 1758 2371 1827 ρέσκωνο
2431 1761 2488 1811 ἐν
2519 1752 2670 1831 ﬁxa!
2702 1756 3278 1827 καταισχυνθήσονται,
3330 1755 3517 1825 ἐπειδὴ
3572 1755 3693 1807 τότε

438 1830 667 1919 minibus
700 1864 926 1932 placent,
964 1858 1327 1931 Symmachus
1362 1857 1435 1910 ita
1474 1830 1862 1924 interpretatus
1887 1861 2001 1908 est:

2117 1851 2316 1913 αὐτοὺς
2347 1853 2375 1903 6
2414 1830 2795 1903 τῶνὰπάντων
2842 1846 3186 1914 ἐξουδενώσει
3215 1847 3427 1917 κριτής.
3470 1846 3612 1899 Ἀντὶ
3637 1845 3695 1898 δὲ

441 1951 585 2007 Nam
622 1952 758 2006 Deus
784 1949 1067 2018 dissipabit
1096 1964 1217 2028 ossa
1263 1962 1443 2000 eorum
1490 1946 1579 2015 qui
1618 1952 2001 1997 castrametan-

2110 1945 2224 1998 τοῦο
2262 1946 2390 1997 Ὅτι
2434 1947 2467 1997 ὀ
2516 1943 2661 2009 Θεὸς
2715 1942 3140 2009 διεσκόρπισεν
3195 1938 3346 1994 ὀστᾶ
3382 1940 3693 2008 ἀνθρωπαη

438 2057 523 2099 tur
555 2047 697 2099 circa
728 2054 774 2098 te
801 2060 817 2098 :
841 2040 1183 2111 confunderis
1213 2040 1337 2109 quia
1374 2037 1513 2092 Deus
1564 2036 1859 2103 reprobavit
1898 2050 2004 2089 eos.

435 2138 629 2207 Aquila
682 2144 860 2190 autem
937 2134 1111 2189 eidem
1202 2130 1490 2187 sententia:
1536 2130 1704 2183 haeret
1768 2128 2003 2183 dicens:

436 2228 700 2295 Quoniam
751 2226 889 2279 Deus
940 2224 1215 2293 dissipavit
1268 2240 1391 2278 ossa
1435 2239 1616 2276 eorum
1657 2224 1745 2291 qui
1802 2231 2009 2275 castra—

433 2321 617 2375 metati
638 2329 759 2373 sunt
783 2322 924 2373 circa
949 2328 996 2371 te
1018 2334 1035 2371 :
1060 2318 1309 2387 confusus
1330 2332 1405 2380 es,
1428 2316 1676 2385 quoniam
1694 2314 1831 2367 Deus
1864 2315 2008 2381 abje-

434 2414 505 2466 cit
537 2429 647 2468 eos.
675 2411 955 2466 Sermonis
982 2418 1161 2465 autem
1207 2408 1479 2463 sententia
1520 2407 1783 2468 declarat,
1810 2405 2007 2476 prazdi-

434 2510 647 2555 ctorum
681 2499 864 2571 populi
914 2498 1321 2565 insidiatorum,
1345 2497 1603 2552 videlicet
1649 2495 2005 2549 invisibilium

432 2593 779 2649 inimicorum
832 2602 887 2645 et
934 2592 1276 2647 occultorum
1330 2590 1592 2653 hostium,
1634 2589 1866 2643 virtutes
1911 2586 2007 2641 dc-

431 2686 623 2740 lendas
647 2701 789 2740 esse.
825 2684 959 2738 Nam
996 2699 1123 2739 ossa
1154 2683 1501 2737 inimicorum
1541 2681 1826 2750 dissipata,
1850 2678 2007 2732 mali-

428 2779 518 2833 tiae
561 2793 751 2832 eorum
795 2779 1027 2831 virtutes
1065 2776 1298 2839 fuerint,
1350 2789 1487 2845 quas
1524 2780 1714 2827 notato
1762 2779 2006 2840 tempore

430 2870 598 2924 Deum
629 2869 1019 2939 dissipaturum
1057 2868 1441 2922 comminatur.
1468 2864 1620 2919 Tunc
1648 2877 1813 2934 porro
1839 2862 2003 2917 etiam

428 2960 854 3021 confundentur,
884 2975 1009 3013 cum
1054 2958 1195 3015 Deus
1236 2975 1332 3014 eos
1392 2958 1790 3029 reprobaverit,
1815 2972 1879 3011 ac
1909 2956 2004 3011 de-

427 3052 686 3123 spexerit,
733 3052 870 3106 nihil
906 3067 1002 3107 eos
1040 3067 1163 3107 esse
1204 3051 1588 3121 comprehans.
1634 3048 1758 3103 llam
1807 3049 2001 3102 merito

428 3146 815 3201 Interminatus
861 3153 945 3200 est
992 3145 1272 3199 hominum
1319 3152 1542 3197 curator
1586 3142 1679 3197 Dei
1734 3142 1995 3208 verbum;

426 3239 684 3309 quoniam
735 3238 1076 3310 prospiciens
1122 3236 1188 3291 de
1228 3236 1368 3291 caelo
1418 3250 1583 3305 super
1635 3234 1776 3289 lilios
1822 3235 1999 3289 homi-

426 3345 577 3392 num,
604 3346 668 3385 ac
708 3331 1048 3400 perlustrans
1086 3342 1217 3383 num
1257 3328 1381 3397 quis
1422 3334 1567 3382 esset
1614 3327 1757 3382 inter
1786 3343 1881 3383 eos
1916 3327 2000 3382 in-

424 3423 675 3493 telligens
710 3429 804 3475 aut
832 3422 1116 3491 requirens
1149 3420 1341 3485 Deum,
1381 3421 1589 3475 nullum
1624 3420 1865 3489 invenit;
1902 3421 1996 3477 sed

424 3513 783 3583 deprehendit
814 3530 1007 3570 omnes
1051 3513 1268 3570 insidiis
1308 3514 1655 3568 inimicorum
1688 3514 1998 3571 declinasse

423 3615 486 3653 ac
528 3600 749 3657 inutiles
778 3601 965 3657 .l‘actos
1009 3618 1151 3666 esse,
1194 3609 1254 3656 ut
1300 3618 1369 3657 ne
1413 3604 1499 3659 vel
1550 3619 1694 3659 unus
1740 3605 1996 3662 residuus

420 3700 567 3747 esset
595 3693 754 3749 bonis
785 3694 1045 3764 operibus
1073 3693 1312 3749 deditus.
1354 3694 1545 3751 Priora
1579 3697 1765 3767 itaque
1799 3699 1995 3754 tertius

420 3786 667 3840 decimus
709 3786 873 3841 etiam
910 3787 1293 3856 complectitur
1324 3808 1336 3842 :
1362 3804 1484 3858 quae
1526 3797 1833 3858 sequuntur
1867 3805 1996 3845 vero

419 3878 563 3931 inter
589 3893 649 3932 se
673 3876 951 3933 dillerunt.
977 3877 1111 3931 Nam
1138 3879 1193 3933 in
1224 3879 1437 3934 decimo
1459 3882 1621 3935 tertio
1650 3881 1735 3935 his
1765 3881 1995 3951 subjun-

418 3968 564 4038 gitur
586 3968 750 4023 illud:
784 3968 1046 4034 Quoniam
1077 3969 1220 4025 Deus
1251 3973 1306 4024 in
1328 3974 1665 4041 generatione
1705 3973 1860 4038 justa
1890 3983 1990 4037 est,

418 4061 699 4113 consilium
736 4062 907 4130 inopis
938 4062 1276 4130 confudistis,
1307 4064 1557 4133 quoniam
1592 4063 1850 4118 Dominus
1874 4081 1991 4134 spes

417 4152 532 4221 ejus
560 4154 729 4217 est”;
778 4154 866 4208 hic
896 4170 1047 4218 vero,
1082 4155 1347 4221 Quoniam
1380 4154 1521 4209 Deus
1555 4155 1832 4224 dissipavit
1867 4174 1992 4210 ossa

416 4258 597 4295 eorum
623 4243 712 4312 qui
748 4243 1046 4297 hominibus
1072 4246 1298 4312 placent,
1330 4246 1538 4313 confusi
1572 4256 1693 4299 sunt
1738 4248 1991 4317 quoniam

417 4329 559 4384 Deus
612 4333 803 4398 sprevit
842 4349 951 4389 eos.
986 4331 1092 4388 Sed
1122 4350 1244 4405 quae
1285 4336 1504 4390 tertium
1545 4336 1817 4391 decimum
1867 4354 1991 4408 spe-

415 4428 567 4476 ctant
596 4424 711 4478 suis
741 4424 875 4479 locis
898 4427 1116 4496 propria
1136 4427 1583 4497 interpretatione
1614 4428 1815 4483 donata
1836 4440 1986 4487 sunt.

2102 2038 2365 2104 ρέσκων,
2396 2036 2423 2085 6
2456 2035 2747 2104 Σύμμαχος
2778 2032 2966 2086 τοῦτον
2995 2034 3305 2106 ἡρμήνευσε
3335 2032 3426 2085 τὸν
3468 2032 3690 2101 τρόπον·

2120 2129 2173 2180 Ὀ
2207 2128 2317 2197 γὰρ
2357 2126 2500 2193 Θεὸς
2539 2127 2956 2195 διασκορπίσει
2985 2123 3151 2183 ,ὀστᾶ
3190 2126 3309 2179 τῶν
3353 2126 3692 2194 παρεμϐαλ-

2107 2223 2340 2275 λόντων
2384 2220 2517 2287 περὶ
2576 2218 2667 2273 σέ·
2732 2217 3253 2287 κατιιισχυνθήσῃ,
3304 2218 3391 2270 ὅτι
3454 2220 3487 2269 ὀ
3546 2216 3690 2282 Θεὸς

2106 2311 2556 2380 ἀπεδοκίμασεν
2579 2312 2818 2377 αὐτούς.
2878 2311 2989 2363 Καὶ
3050 2312 3077 2363 6
3119 2309 3347 2372 Ἀκύλας
3374 2308 3431 2361 δὲ
3465 2309 3561 2379 τῆς
3593 2309 3690 2362 αὐ-

2104 2407 2203 2475 τῆς
2239 2406 2418 2475 ἔχεται
2451 2405 2688 2467 διανοίας
2717 2405 2909 2473 λέγων·
2947 2407 3065 2457 Ὅτι
3088 2408 3120 2457 ὀ
3155 2404 3299 2469 Θεὸς
3323 2403 3689 2470 ἐσκόρπισεν

2106 2495 2259 2551 ὀστᾶ
2286 2500 2857 2567 παρεμϐεϐληκότων
2878 2515 3013 2552 σου·
3046 2498 3346 2565 ᾔσχυνας,
3377 2495 3465 2548 ὅτι
3488 2499 3520 2549 ὁ
3544 2496 3688 2562 Θεὸς

2105 2590 2435 2658 ἀπέρριψεν
2464 2592 2705 2657 αὐτούς.
2748 2591 2814 2644 Ἠ
2867 2591 2923 2643 δέ
2967 2588 3060 2643 τοῦ
3109 2589 3266 2658 λόγου
3310 2588 3515 2642 διάνοια
3555 2606 3686 2660 παρ-

2109 2678 2228 2750 ίστη
2239 2696 2289 2731 σι
2312 2679 2418 2731 τῶν
2453 2679 2854 2751 προλεχθέντων
2889 2679 3185 2732 ἐπιϐούλων
3207 2678 3299 2732 τοῦ
3319 2679 3470 2743 λαοῦ,
3488 2678 3685 2751 δηλαδὴ

2104 2768 2212 2821 τῶν
2240 2770 2485 2839 ἀοράτων
2531 2768 2740 2840 ἐχθρῶν
2765 2770 2858 2822 καὶ
2891 2769 3000 2821 τῶν
3015 2770 3235 2838 ἀφανῶν
3267 2769 3560 2840 πολεμίων,
3588 2769 3687 2831 τὰς

2103 2861 2360 2932 δυνάμεις
2383 2861 2895 2932 καθαιρεθήσεσθαι.
2964 2864 3125 2915 Ὀστᾶ
3163 2862 3272 2933 γὰρ
3310 2861 3685 2931 διασκορπιζό-

2107 2972 2243 3025 μενα
2267 2954 2374 3007 τῶν
2405 2954 2614 3026 ἐχθρῶν
2640 2951 2747 3007 εἶεν
2774 2954 2839 3007 ἂν
2867 2956 2923 3009 αἱ
2945 2956 3043 3027 τῆς
3072 2955 3269 3019 κακίας
3313 2956 3491 3009 αὐτῶν
3522 2956 3684 3009 δυνά-

2107 3066 2246 3119 μεις,
2270 3048 2336 3112 ἃς
2362 3048 2768 3120 διασκορπίζειν
2797 3047 2937 3101 κατά
2984 3048 3075 3101 τὸν
3124 3049 3520 3119 σημαινόμενον
3569 3066 3671 3103 και

2106 3142 2197 3212 ρὸν
2227 3143 2255 3193 6
2276 3141 2431 3209 λόγος
2463 3141 2696 3194 ἀπειλεῖ.
2721 3139 2852 3193 Τότε
2884 3140 2939 3192 δὲ
2972 3142 3066 3193 καὶ
3110 3142 3684 3212 καταισχυνθήσονται,

2102 3234 2322 3288 ἐπειδὰν
2343 3235 2719 3307 ἀποδοκιμάσῃ
2748 3236 2944 3300 αὐτοὺς
2969 3237 2996 3287 6
3016 3236 3146 3298 Θεὸς
3170 3236 3201 3306 ἢ
3232 3235 3582 3308 ἐξουθενήσῃ,
3616 3236 3679 3288 τὸ

2104 3329 2273 3401 μηθὲν
2303 3330 2503 3393 αὐτοὺς
2540 3324 2678 3383 εἶναι
2708 3328 3011 3393 ἀποδείξας.
3048 3329 3232 3381 Ταῦτα
3277 3329 3502 3391 εἰκότως
3527 3328 3682 3398 ΙΙππεί-

2099 3423 2260 3495 λησεν
2285 3425 2313 3476 6
2336 3422 2445 3475 τῶν
2493 3421 2792 3493 ἀνθρώπων
2852 3421 3102 3491 κηδεμὼν
3153 3420 3244 3474 τοῦ
3303 3421 3437 3474 Θεοῦ
3500 3422 3677 3490 λόγος·

2099 3514 2285 3585 ἐπειδὴ
2310 3513 2574 3583 διακύψας
2612 3516 2675 3567 ἐκ
2728 3513 2823 3566 τοῦ
2852 3513 3080 3582 ούρανοῦ
3108 3514 3200 3566 ἐπὶ
3234 3516 3359 3578 τοὺς
3398 3514 3547 3577 υίοὺς
3573 3514 3681 3568 τῶν

2097 3605 2420 3677 ἀνθρώπων,
2456 3606 2693 3675 ζητήσας
2738 3622 2797 3657 τε
2848 3607 2906 3657 ἐν
2946 3606 3126 3669 αὐτοῖς
3154 3608 3201 3659 εἰ
3248 3606 3359 3659 ἔστι
3394 3605 3588 3658 συνιὼν
3643 3604 3677 3675 ἢ

2098 3697 2275 3768 ζητῶν
2307 3698 2396 3750 τὸν
2424 3697 2575 3760 Θεὸν,
2606 3697 2796 3751 οὐδένα
2828 3690 2973 3770 εὗρε·
3007 3697 3272 3751 κατέλαϐε
3310 3697 3366 3750 δέ
3392 3698 3516 3760 τοὺς
3538 3698 3676 3749 πάν-

2093 3809 2194 3855 τας
2214 3793 2271 3857 ἐξ
2296 3790 2590 3861 ἐπιϐουλῆς
2617 3790 2827 3862 ἐχθρῶν
2849 3790 3192 3853 ἐκκλίνοντας
3230 3790 3323 3843 καὶ
3349 3790 3679 3859 ἀχρειωθέν-

2095 3900 2214 3946 τας,
2246 3884 2321 3947 ὼς
2359 3883 2493 3955 μηδέ
2527 3883 2631 3946 ἓως
2667 3882 2784 3945 ἐνὸς
2807 3882 3215 3954 περιλείπεσθαι
3249 3880 3470 3949 ἀγαθῶν
3497 3881 3677 3953 ἔργων

2097 3977 2347 4046 ποιητήν.
2381 3961 2459 4026 Ta
2494 3975 2592 4045 μὲν
2614 3970 2707 4027 οὖν
2731 3973 2920 4044 πρῶτα
2950 3973 3150 4043 ὁμοίως
3192 3974 3287 4026 καὶ
3335 3974 3363 4026 6
3410 3981 3476 4043 ιγ’
3518 3990 3673 4044 περι-

2097 4066 2230 4136 έχει⁸
2258 4066 2634 4137 παρήλλακται
2652 4065 2708 4118 δέ
2732 4065 2798 4117 τά
2826 4064 2969 4136 ἐξῆς.
2989 4066 3075 4117 Ἐν
3097 4065 3192 4135 μὲν
3220 4065 3327 4136 γὰρ
3346 4065 3423 4136 τῷ
3453 4073 3519 4134 ιγ’
3549 4082 3675 4118 συν-

2092 4153 2263 4222 ῆπται
2310 4154 2520 4216 τούτοις
2575 4154 2655 4218 τὸ,
2698 4154 2825 4207 ’Ὅτι
2870 4157 2901 4207 ὀ
2932 4154 3075 4219 Θεὸς
3102 4154 3172 4206 ἐν
3225 4152 3400 4223 γενεᾷ
3448 4153 3668 4220 δικαίᾳ,

2086 4244 2337 4312 βουλὴν
2365 4244 2603 4314 πτωχοῦ
2653 4246 3091 4312 κατῃσχύνατε,
3123 4244 3211 4298 ὅτι
3253 4246 3467 4312 Κύριος
3494 4246 3670 4311 ἐλπὶς

2092 4336 2280 4390 αὑτοῦ
2321 4337 2510 4390 ἐστιν·
2549 4336 2783 4390 ἐνταῦθα
2808 4336 2886 4399 δὲ,
2925 4338 3044 4390 Ὅτι
3074 4341 3106 4390 ὀ
3156 4336 3301 4403 Θεὸς
3332 4337 3671 4405 διεσκόρπι-

2092 4440 2205 4479 σεν
2234 4425 2384 4481 ὀστᾶ
2416 4426 2951 4496 ἀνθωπαρέσκων,
2988 4430 3534 4498 κατῃσχύνθησαν,
3581 4430 3671 4483 ὅτι

379 4510 547 4576 “Qua:
573 4528 704 4567 vero
729 4513 841 4582 jam
876 4523 1203 4580 tractantur,
1238 4533 1344 4588 qua
1381 4520 1593 4575 ratione
1624 4521 1983 4591 cxplicaveri-

2103 4521 2124 4571 ό
2164 4517 2309 4583 Θεὸς
2328 4518 2739 4582 ἐξουδένωσεν
2759 4521 2997 4586 αὐτούς.
3040 4519 3199 4572 Ἀλλά
3230 4521 3326 4591 μὲν
3363 4522 3442 4583 εἰς
3460 4521 3551 4574 τὸν
3603 4527 3669 4590 ιγ’

414 4621 559 4671 mus,
592 4606 790 4676 cuique
816 4608 1011 4678 legenti
1041 4611 1217 4679 palam
1242 4619 1344 4666 est.

489 4866 651 4923 Vens.
687 4868 737 4926 7.
759 4869 890 4936 Quis
916 4869 1065 4925 dabit
1092 4887 1156 4926 ea:
1187 4871 1316 4927 Sion
1345 4872 1596 4929 Salutare
1626 4874 1841 4932 Israel?
1869 4894 1986 4931 cum

410 4963 720 5015 converterit
756 4961 897 5017 Deus
928 4965 1284 5029 captivitatem
1316 4967 1480 5034 plebis
1517 4984 1629 5023 sua:
1649 5010 1662 5035 ,
1698 4972 1986 5026 exsultabit

409 5050 578 5106 Iacob
612 5063 663 5106 et
697 5053 966 5109 laztabitur
1001 5056 1195 5114 Israel.
1232 5060 1371 5114 Cum
1414 5058 1686 5132 Propheta
1726 5080 1791 5118 ex
1831 5080 1985 5121 reve-

410 5146 613 5201 latione
656 5146 895 5217 Spiritus
944 5153 1120 5206 sancti
1174 5168 1368 5224 magna
1411 5157 1752 5225 concepisset
1795 5158 1981 5211 animo

410 5233 479 5289 de
527 5239 771 5307 pernicie
809 5240 1155 5296 inimicorum
1203 5243 1429 5298 humani
1482 5248 1737 5314 generis,
1788 5249 1985 5303 deinde

407 5327 615 5384 addidit
659 5331 827 5397 illud,
861 5333 993 5399 Quis
1035 5336 1182 5389 dabit
1226 5354 1291 5392 ea:
1336 5339 1465 5393 Sion
1495 5342 1793 5395 Salutare?
1836 5357 1899 5395 ac
1931 5342 1977 5395 si

405 5418 649 5485 diceret,
680 5424 805 5493 quis
843 5424 997 5480 dabit
1026 5428 1141 5482 haec
1165 5430 1278 5499 jam
1310 5447 1474 5500 opere
1516 5434 1822 5502 compleri?
1863 5433 1979 5487 Non

406 5516 552 5568 enim
586 5518 692 5571 alia
726 5520 942 5576 ratione
972 5523 1225 5580 liberatio
1276 5541 1305 5579 a
1351 5527 1508 5581 malis
1552 5538 1669 5580 rata
1713 5528 1817 5581 erit
1852 5527 1980 5584 ﬁliis

406 5604 689 5662 hominum
713 5651 728 5676 ,
757 5612 860 5666 nisi
891 5628 986 5683 per
1010 5617 1186 5671 solum
1212 5617 1504 5673 adventum
1539 5620 1810 5676 Salutaris
1843 5619 1935 5676 Dei
1959 5660 1974 5687 ,

473 5784 519 5816 ⁷⁹
563 5784 704 5841 Psal.
744 5803 878 5853 xm,
914 5789 967 5845 6.

2092 4610 2299 4673 οἰκείας
2328 4610 2516 4681 ἔτυχεν
2543 4613 2836 4682 ἑρμηνείας
2867 4612 3008 4665 κατά
3033 4613 3159 4675 τοὺς
3189 4613 3420 4675 οἰκείους
3446 4613 3665 4676 τόπους

2093 4701 2162 4754 τὰ
2218 4700 2275 4753 δέ
2331 4703 2691 4773 προκείμενα,
2725 4704 2875 4767 ὅπως
2907 4706 3037 4775 ἡμῖν
3081 4702 3347 4775 παρέστη,
3382 4704 3666 4775 πρόκειται

2090 4798 2204 4856 τοῖς
2232 4795 2673 4865 ἐντυγχάνουσιν.

2165 4885 2261 4951 Τις
2288 4884 2463 4939 δώσει
2484 4887 2552 4939 ἐκ
2582 4885 2735 4939 Σιὼν
2755 4886 2819 4940 τὸ
2846 4884 3142 4954 Σωτήρων
3158 4887 3265 4941 τοῦ
3308 4888 3577 4955 Ἰσραήλ;
3598 4889 3667 4941 ἐν

2086 4972 2167 5039 τῷ
2203 4974 2561 5044 ἐπιστρέψαι
2594 4974 2702 5028 τὸν
2733 4975 2881 5029 Θεὸν
2927 4975 3043 5044 τὴν
3085 4978 3503 5046 αἰχμαλωσίαν
3559 4979 3665 5032 τοῦ

2086 5067 2241 5121 λαοῦ
2262 5067 2469 5131 αὐτοῦ,
2491 5068 2917 5137 ἀγαλλιάσεται
2946 5068 3173 5133 Ἰακὼϐ,
3210 5070 3305 5121 καὶ
3331 5070 3665 5138 εὐφρανὼῖ-

2089 5175 2258 5212 σεται
2296 5160 2565 5227 Ἰσραήλ.
2610 5160 2835 5229 Μεγάλα
2861 5160 3187 5229 φαντασθεὶς
3223 5163 3251 5213 ὁ
3279 5162 3571 5232 Προφήτης
3598 5164 3663 5213 ἐκ

2084 5252 2183 5322 τῆς
2220 5251 2314 5304 τοῦ
2342 5252 2497 5321 ἁγίου
2520 5252 2834 5322 Πνεύματος
2872 5253 3260 5322 ἀποκαλύψεως
3293 5256 3418 5324 περὶ
3444 5253 3542 5324 τῆς
3566 5256 3662 5305 ὰπ-

2084 5344 2280 5406 ωλείας
2306 5342 2415 5395 τῶν
2446 5342 2654 5413 ἐχθρῶν
2683 5343 2775 5395 τοῦ
2814 5344 2922 5396 τῶν
2963 5343 3264 5414 ἀνθρώπων
3293 5345 3502 5412 γένους,
3538 5345 3661 5413 ἑξῆς

2088 5437 2336 5508 ἐπήγαγε
2362 5436 2444 5499 τὸ,
2482 5437 2577 5501 Τίς
2599 5435 2776 5489 δώσει
2805 5437 2873 5489 ἐκ
2903 5435 3050 5489 Σιὼν
3072 5437 3135 5489 τὸ
3162 5437 3491 5504 Σωτυιῖριονς
3528 5436 3659 5489 ὡσεὶ

2083 5525 2269 5594 ἔλεγε⁵
2303 5527 2399 5590 Τίς
2441 5526 2601 5581 δώσει
2643 5526 2741 5598 ἤδη
2787 5527 2917 5579 ποτὲ
2957 5526 3133 5579 ταῦτα
3168 5527 3235 5580 δι’
3277 5527 3455 5598 ἔργων
3481 5525 3658 5597 χωρῆ-

2085 5636 2203 5686 σαι;
2240 5620 2315 5673 Οὐ
2343 5618 2453 5690 γὰρ
2482 5618 2656 5683 ἄλλως
2696 5618 2967 5675 σεσῶσθαι
2990 5619 3178 5676 κακῶν
3204 5618 3519 5691 ἐλευθερίαν
3548 5619 3659 5681 τοῖς
