4158 6376
460 431 561 490 tot
1593 417 2101 487 communia
2139 424 2205 483 lN
2246 420 2373 483 PSA
2386 418 2586 483 LMOS.

3608 415 3719 480 6ῧὶ

462 552 597 612 υίοῖς
626 547 733 601 τῶν
766 540 1123 620 ἀνθρώπωνῆ
1157 548 1245 602 διὰ
1278 550 1442 620 μόνης
1602 551 1921 620 ἐπιφανείας
1946 548 2039 602 τοῦ

2147 547 2211 604 de
2236 564 2346 618 quo
2374 547 2541 601 multa
2577 547 2826 601 feruntur
2852 545 2907 599 in
2936 543 3189 599 omnibus
3224 538 3547 614 Scripturis.
3579 542 3712 597 Pre-

460 643 615 711 Σωτη
621 641 737 711 ρίου
754 639 846 692 τοῦ
861 639 1018 706 Θεοῦ,
1037 642 1163 713 περὶ
1180 636 1241 696 οὗ
1253 642 1417 706 πολὺς
1431 645 1460 697 ὁ
1475 642 1628 711 λόγος
1642 643 1729 697 διὰ
1743 642 1931 697 πασῶν
1944 642 2038 712 φέ-

464 752 615 808 ρεται
628 732 736 787 τῶν
776 733 1027 805 Γραφῶν.
1059 733 1377 805 Ἐπεύχεται
1397 736 1575 788 τοίνυν
1595 735 1767 804 λέγων
1785 752 1797 764 ·
1824 736 1919 801 Τίς
1933 735 2039 788 δώ-

460 844 556 882 σει
580 826 647 881 ἐκ
662 827 815 881 Σιὼν
835 826 900 879 τὸ
923 825 1225 895 Σωτήρων
1247 826 1353 880 τοῦ
1389 828 1637 896 Ἰσραήλ
1651 844 1669 892 ;
1685 826 1949 890 Πολλάκις
1981 826 2038 879 δὲ

461 920 590 988 ήμῖν
613 917 848 988 εἴρηται,
874 916 949 980 ὼς
971 918 999 969 ὁ
1024 917 1255 987 Χριστὸς
1276 916 1368 970 τοῦ
1395 917 1552 982 Θεοῦ,
1570 919 1599 970 ό
1614 917 1801 989 Σωτὴρ
1819 918 1911 969 καὶ
1922 916 2036 969 Κύ-

465 1026 576 1081 ριος
609 1008 760 1079 ἡμῶν
786 1008 972 1062 τοῦτον
1000 1010 1056 1060 ὲν
1077 1011 1196 1072 ταῖς
1221 1008 1580 1079 προφητείαις
1609 1008 2037 1080 προαγορεύεται

459 1102 551 1154 τὸν
584 1101 779 1171 τρόπον
800 1117 812 1126 ”
847 1102 1121 1171 Σωτήρων
1151 1099 1260 1171 γὰρ
1290 1101 1450 1153 αὐτὸν
1484 1099 1669 1153 καλεῖν
1695 1098 1946 1152 εἰώθασιν
1968 1115 1981 1128 ⁸
2010 1097 2038 1149 ὃ

462 1197 556 1250 καλ⁸
576 1198 706 1249 πᾶσι
722 1198 832 1258 τοῖς
850 1194 1024 1248 ἔθνεσι
1042 1194 1452 1265 γνωσθήσεσθαι
1479 1194 1888 1265 προεκήρυττον
1910 1191 1965 1244 ἐν
1976 1208 2035 1243 τε

460 1292 571 1351 τοῖς
587 1287 764 1350 ἄλλοις
782 1288 875 1340 καὶ
895 1287 951 1339 ὲν
968 1280 1047 1349 οἷς
1069 1287 1308 1357 εἴρηται·
1333 1288 1553 1356 ᾋσατε
1574 1285 1653 1350 τῷ
1668 1285 1864 1352 Κυρίῳ
1875 1278 2039 1351 ᾆσμα

461 1380 691 1445 καινὸν,
709 1378 894 1446 {io-ate
914 1377 992 1443 τῷ
1009 1380 1222 1446 Κυρίῳ,
1243 1376 1409 1432 πᾶσα
1431 1378 1469 1445 ή
1494 1377 1810 1447 γῆ.”ᾼσατε
1826 1375 1903 1441 τῷ
1926 1379 2039 1429 Κυ-

455 1472 587 1539 ρίῳ,
614 1469 992 1538 εὐλογήσατε
1015 1469 1080 1522 τὸ
1109 1471 1296 1538 ὄνομα
1322 1470 1525 1525 αὐτοῦ.
1550 1469 2038 1539 Εὐαγγελίσασθε

461 1562 690 1631 ἡμέραν
738 1560 808 1625 ἐξ
856 1560 1080 1630 ’ἡμέρας
1118 1562 1182 1615 τὸ
1222 1560 1520 1628 Σωτήρων
1573 1560 1781 1614 αὐτοῦ.
1850 1560 2038 1629 Ἁναγι

460 1651 695 1721 γείλατε
719 1650 844 1716 τοῖς
870 1651 1075 1703 ἔθνεσι
1108 1648 1223 1717 τὴν
1252 1648 1440 1713 δόξαν
1463 1648 1679 1701 αὐτοῦ·
1716 1649 1811 1701 καὶ
1842 1647 2004 1702 πάλιν
2024 1669 2036 1679 ί

464 1745 678 1811 ’ᾼσατε
727 1740 807 1806 τῷ
852 1742 1049 1808 Κυρίῳ
1083 1735 1248 1810 ᾆσμα
1309 1741 1552 1805 καινὸν,
1590 1741 1677 1794 ὅτι
1724 1742 2038 1811 θαυμαστὰ

458 1834 765 1901 ἐποίησεν.
811 1832 1122 1901 Ἐγνώρισε
1147 1835 1363 1900 Κύριος
1390 1834 1457 1885 τὸ
1496 1831 1795 1901 Σωτήρων
1828 1832 2033 1897 αὐτοῦ,

2145 649 2306 695 eatur
2337 640 2521 709 itaque
2560 638 2787 705 dicens:
2832 638 2963 704 Quis
3002 635 3149 689 dabit
3189 652 3253 691 ea:
3290 634 3421 690 Sion
3461 622 3719 691 Salutare‘

2146 733 2371 788 Israel?
2396 732 2724 801 Plerumque
2752 740 2933 785 autem
2963 730 3233 794 diximus,
3270 714 3549 784 Christum
3580 726 3711 793 Dei,

2148 823 2487 878 Salvatorem
2520 828 2573 876 et
2602 820 2889 875 Dominum
2917 830 3168 875 nostrum
3201 819 3305 874 hoc
3335 821 3389 873 in
3416 818 3715 893 prophetiis

2145 916 2307 971 modo
2337 913 2598 986 appellari
2624 931 2639 980 ;
2670 926 2792 966 nam
2824 911 2975 965 illum
3003 910 3255 966 Salutare
3280 927 3478 966 vocare
3502 911 3711 967 solent:

2144 1009 2289 1079 quod
2333 1008 2401 1063 ab
2440 1006 2695 1061 omnibus
2733 1003 2987 1073 gentibus
3033 1004 3309 1074 cognitum
3357 1005 3421 1058 iri
3464 1016 3718 1074 praetium

2144 1100 2358 1153 tiabant
2404 1099 2524 1153 sive
2566 1098 2620 1151 in
2654 1096 2811 1160 aliis,
2855 1095 2969 1149 sive
3016 1094 3069 1148 in
3125 1096 3227 1149 hoc
3267 1095 3458 1149 dicto:
3493 1095 3719 1149 Cantate

2144 1190 2371 1245 Domino
2406 1190 2672 1243 canticum
2719 1200 2941 1251 novum,
2987 1196 3198 1240 cantate
3233 1185 3495 1250 Domino,
3548 1188 3715 1241 omnis

2146 1292 2309 1338 terra.
2342 1281 2569 1338 Cantate
2598 1280 2825 1333 Domino
2847 1318 2861 1344 ,
2895 1276 3178 1332 benedicite
3208 1279 3408 1330 nomini
3438 1278 3551 1347 ejus
3572 1319 3587 1343 ,
3621 1295 3719 1330 αη·⁵

2147 1378 2386 1431 nuntiate
2412 1375 2475 1429 de
2503 1376 2586 1428 die
2616 1375 2671 1429 in
2701 1374 2836 1427 diem
2871 1370 3123 1426 Salutare
3150 1372 3285 1439 ejus.
3309 1372 3634 1424 Annuntiate
3664 1372 3718 1424 in

2142 1468 2383 1540 gentibus
2414 1468 2639 1539 gloriam
2677 1466 2790 1535 ejus
2819 1465 2864 1497 °°
2888 1481 2906 1518 .'
2943 1480 3007 1519 ac
3036 1479 3255 1520 rursum
3278 1502 3293 1528 ,
3337 1460 3563 1518 Cantate
3612 1461 3719 1516 Do-t

2144 1562 2286 1615 mino
2314 1563 2582 1614 canticum
2614 1576 2801 1613 novum
2821 1597 2839 1625 ,
2870 1560 2998 1630 quia
3028 1558 3299 1612 mirabilia
3334 1557 3474 1627 fecit.
3516 1556 3720 1612 Notum

2145 1652 2267 1721 fecit
2304 1651 2560 1706 Dominus
2591 1651 2845 1706 Salutare
2878 1667 3066 1714 suum,
3098 1651 3153 1703 in
3184 1659 3459 1717 conspectu
3488 1650 3719 1719 gentium

2145 1745 2393 1800 revelavit
2415 1744 2689 1812 justitiam
2722 1759 2873 1798 suam
2904 1742 2942 1773 ⁸⁸
2979 1756 2997 1804 ;
3040 1749 3095 1796 et
3145 1740 3317 1795 Isaias
3350 1760 3363 1795 :
3417 1739 3679 1794 Revelabit
3701 1776 3717 1803 ,

2148 1837 2361 1907 inquit,
2408 1836 2668 1890 Dominus
2714 1834 2985 1888 brachium
3029 1842 3274 1887 sanctum
3318 1849 3471 1885 suum
3504 1834 3558 1886 in
3597 1850 3722 1886 cons

459 1925 739 1978 ἐναντίον
760 1924 878 1977 τῶν
909 1924 1099 1978 ἐθνῶν
1135 1924 1491 1993 ἀπεκάλυψε
1513 1923 1627 1993 τὴν
1648 1924 2041 1992 δικαιοσύνην

2147 1937 2322 1997 spectu
2350 1929 2586 1982 omnium
2610 1928 2677 1991 θ’,
2709 1936 2762 1981 et
2789 1934 3004 1982 caetera.
3032 1924 3099 1978 Et
3120 1926 3232 1995 jam
3263 1938 3405 1995 saepe
3431 1925 3721 1979 verborum

460 2016 679 2071 αὐτοῦ·
709 2014 802 2069 καὶ
836 2016 864 2068 ό
903 2017 1150 2079 Ἡσαΐας,
1190 2008 1620 2084 Ἀποκαξλύψει,
1647 2017 1801 2086 φησὶ,
1824 2017 2040 2084 Κύριος

458 2109 567 2161 τὸν
590 2109 888 2177 βραχίονα
915 2109 1022 2161 τὸν
1046 2109 1214 2178 ἅγιον
1260 2107 1449 2163 αὐτοῦ
1491 2107 1746 2162 ἐνώπιον
1801 2108 2042 2162 πάντων

458 2194 577 2251 τῶν
600 2198 811 2262 ἐθνῶν,
837 2201 931 2252 καὶ
954 2198 1024 2252 τὰ
1056 2198 1202 2271 ἑξῆς.
1249 2200 1386 2271 Ἤδη
1417 2198 1473 2252 δὲ
1506 2199 1766 2264 πολλάκις
1797 2218 2038 2271 παρατε-

460 2288 691 2360 θείμεθα
714 2291 821 2347 τῶν
850 2290 1023 2359 λόγων
1074 2291 1135 2343 τὸ
1168 2292 1514 2362 ἀποτέλεσμα
1539 2333 1554 2357 ,
1595 2292 2038 2363 μαρτυρούμενον

460 2381 567 2435 ὑπὸ
593 2382 688 2436 τοῦ
721 2383 966 2454 Συμεῶν,
994 2382 1072 2447 ὃς,
1099 2384 1190 2436 τὸν
1225 2378 1453 2455 Σωτῆρα
1490 2381 1585 2437 καὶ
1627 2384 1832 2455 Κύριον
1880 2383 2039 2454 ἡμῶν

473 2471 680 2541 Ἰησοῦν
708 2473 961 2542 Χριστὸν,
987 2472 1065 2525 ἔτι
1093 2473 1285 2544 νήπιον
1319 2471 1467 2536 ὄντα,
1501 2474 1623 2536 ταῖς
1654 2471 1923 2540 ἀγκάλαις
1941 2471 2037 2523 λα-

462 2560 590 2626 ϐὼν,
626 2562 939 2634 ἀνεφώνησε
966 2562 1140 2632 λέγων
1159 2580 1171 2593 ·
1214 2563 1337 2617 Νῦν
1361 2557 1650 2628 ἀπολύεις
1678 2564 1785 2616 τόν
1810 2562 2037 2617 δοῦλόν

2146 2030 2399 2075 eventum
2433 2020 2810 2090 exposuimus,
2845 2017 3160 2073 testimonio
3194 2017 3467 2073 Simeonis
3499 2017 3718 2077 fultum,

2147 2113 2239 2180 qui
2276 2110 2616 2165 Salvatorem
2650 2117 2704 2165 et
2734 2108 3024 2164 Domlnmn
3069 2118 3315 2165 nostrum
3344 2108 3531 2164 Jesum
3560 2107 3723 2162 Chri‘

2147 2211 2291 2259 stum
2324 2202 2504 2256 adhuc
2531 2201 2828 2265 infantem,
2862 2200 2917 2255 in
2950 2200 3096 2254 ulnis
3126 2201 3432 2271 accipiens,
3466 2200 3546 2255 sic
3577 2199 3723 2254 vocis

2145 2292 2355 2347 feratus
2386 2301 2503 2355 est,
2539 2290 2591 2343 Ν
2600 2307 2698 2343 unc
2733 2289 2958 2344 dimittis
3000 2306 3207 2345 servum
3247 2300 3392 2345 tuum
3416 2331 3431 2357 ,
3466 2290 3717 2353 Domine,

2144 2383 2433 2438 secundum
2461 2382 2671 2437 verbum
2701 2391 2848 2435 tuum
2880 2383 2935 2437 in
2959 2398 3127 2453 pace:
3158 2384 3283 2453 quia
3311 2384 3552 2437 viderunt
3583 2381 3723 2436 oculi

2146 2476 2249 2528 mei
2280 2474 2564 2540 Salutare,
2595 2474 2733 2545 quod
2764 2475 2972 2544 parasti
3006 2485 3128 2530 ante
3143 2474 3335 2543 facient
3362 2476 3594 2529 omnium
3622 2491 3721 2543 po-

2143 2566 2388 2634 pulorum
2413 2566 2482 2623 ⁸³.

460 2667 600 2717 σου,
622 2653 913 2718 Δέσποτα,
945 2655 1096 2708 κατὰ
1122 2654 1186 2707 τὸ
1217 2653 1404 2723 ὄνομά
1435 2670 1552 2708 σου
1582 2656 1652 2708 ὲν
1678 2654 1908 2725 εἰρήνῃο
1946 2655 2036 2709 ὅτι
2071 2653 2239 2713 εἶδον
2265 2662 2320 2714 οἱ
2350 2659 2642 2729 ὀφθαλμοί
2657 2676 2777 2728 μου
2838 2657 2904 2712 τὸ
2955 2654 3283 2726 Σωτήρων,
3325 2658 3357 2712 ὂ
3390 2654 3723 2727 ἡτοίμασας

461 2746 611 2798 κατὰ
637 2746 961 2812 πρόσωπον
990 2745 1233 2797 πάντων
1263 2743 1383 2798 τῶν
1412 2745 1623 2802 ἐθνῶν.

543 2859 704 2912 Ἀλλά
735 2859 908 2913 ταῦτα
942 2859 1038 2930 μὲν
1060 2860 1118 2913 ὲν
1152 2858 1503 2929 Εὐαγγελίοις
1533 2862 1854 2933 ἐπληροῦτο.
1886 2864 1951 2917 Οἵ
1974 2880 2039 2932 γε

465 2951 570 3024 μὴν
597 2952 817 3005 παλαιοὶ
845 2954 1138 3024 προφῆται,
1174 2954 1234 3007 τὸ
1259 2955 1449 3026 μέλλον
1479 2956 1557 3026 τῷ
1587 2956 1862 3027 Πνεύματι
1907 2975 2041 3029 προ-

463 3044 795 3116 θεωροῦντες
818 3086 833 3110 ,
859 3042 951 3099 καλ⁵
996 3046 1104 3100 τῶν
1135 3046 1355 3115 ἀγαθῶν
1386 3049 1466 3111 εἰς
1509 3048 1687 3119 ἔρωτα
1734 3049 1828 3103 καὶ
1878 3050 2040 3103 πόθον

463 3136 768 3208 ἐρχόμενοι,
804 3137 1047 3191 ἐπεϐόων
1071 3140 1128 3191 ὲν
1154 3136 1362 3209 εὐχαῖς,
1400 3136 1522 3191 τοτὲ
1560 3136 1658 3209 μὲν
1703 3141 2001 3208 φάσκοντες
2022 3158 2037 3172 .

2220 2862 2327 2919 Sed
2358 2862 2473 2918 haec
2502 2862 2720 2933 quidem
2754 2863 2809 2917 in
2838 2860 3144 2933 Evangeliis
3176 2863 3392 2934 impleta
3424 2873 3571 2921 sunt.
3605 2858 3721 2919 An-

2147 2955 2283 3025 tiqui
2312 2963 2443 3008 Vero
2469 2953 2746 3025 prophetae
2774 2951 2980 3023 Spiritu
3002 2954 3146 3023 Quod
3180 2954 3420 3009 futurum
3449 2960 3566 3010 erat
3592 2967 3725 3025 pm

2147 3049 2427 3112 videntes,
2473 3056 2528 3103 et
2568 3048 2836 3102 bonorum
2883 3048 3161 3103 desiderio
3202 3060 3498 3120 amoreque
3539 3053 3722 3125 capti,

2148 3140 2459 3194 clamabant
2484 3140 2539 3193 in
2567 3139 2914 3194 orationibus
2934 3181 2950 3207 ,
2982 3139 3148 3195 modo
3176 3140 3395 3210 quidem
3430 3141 3564 3196 illud
3596 3159 3725 3212 pro-

463 3226 667 3290 Δεῖξον
693 3228 839 3297 ἡμῖν
858 3269 872 3293 ,
906 3230 1105 3296 Κύριε,
1132 3228 1198 3282 τὸ
1234 3230 1406 3295 ἔλεός
1434 3245 1549 3282 σου
1574 3270 1589 3293 ,
1622 3230 1717 3282 καὶ
1750 3229 1815 3282 τὸ
1845 3231 2040 3299 Σωτή-

2148 3232 2417 3294 lerentes.
2468 3230 2695 3287 Ostende
2744 3231 2932 3298 nobis,
2987 3230 3246 3295 Domine,
3301 3233 3725 3288 misericordiam

457 3319 593 3385 ριόν
630 3334 747 3373 σου
772 3319 929 3387 δῴης
948 3320 1093 3389 ἡμῖν
1109 3335 1125 3350 ⁸
1159 3321 1279 3374 τοτὲ
1303 3320 1360 3373 δὲ
1389 3322 1446 3374 ὲν
1474 3316 1605 3392 εὐχῇ
1629 3320 1874 3388 λέγοντες
1894 3338 1906 3351 ⁸
1950 3325 2041 3387 Τίς

2147 3332 2321 3388 tuam,
2350 3332 2399 3377 et
2426 3322 2679 3378 Salutare
2709 3333 2855 3378 tuum
2884 3322 2956 3375 da
2983 3322 3132 3377 nobis
3160 3323 3206 3355 ⁸⁸
3222 3340 3242 3387 ;
3272 3323 3434 3378 modo
3460 3333 3639 3379 autem
3668 3324 3723 3379 in

462 3410 641 3467 δώσει
668 3414 736 3466 ἐκ
761 3414 914 3468 Σιὼν
948 3414 1011 3467 τὸ
1042 3414 1345 3483 Σωτήρων
1376 3407 1790 3483 τρῦ⁶’1σραή.λ;
1829 3416 1894 3467 Τί
1936 3416 2041 3488 γὰρ

2147 3415 2390 3470 oratione
2433 3414 2677 3471 dicentes
2717 3433 2732 3469 :
2787 3415 2919 3482 Quis
2964 3413 3114 3467 dabit
3170 3429 3236 3467 ea:
3309 3413 3437 3469 Sion
3470 3414 3722 3469 Salutare

464 3504 560 3558 ml.
616 3505 808 3575 ἔμελλε
859 3502 1143 3575 γίγνεσθαι
1193 3506 1549 3575 ἐπιφανέντος
1598 3506 1691 3561 τοῦ
1741 3508 2041 3579 Σωτηρίου,

2147 3503 2358 3562 Israel?
2379 3505 2519 3572 Quid
2534 3508 2676 3561 enim
2696 3517 2817 3577 post
2835 3505 3101 3562 Salutaris
3122 3506 3409 3563 adVentum
3429 3518 3723 3563 evasurum

463 3595 594 3666 ἑξῆς
625 3599 654 3649 ὁ
683 3593 841 3665 λόγος
876 3598 1174 3670 παρίστησι
1210 3600 1435 3667 φάσκων
1460 3614 1472 3627 ·
1518 3599 1614 3657 Ἐν
1661 3596 1741 3663 τῷ
1772 3598 2041 3669 ἐπιστρέ-

2147 3606 2320 3662 esset,
2353 3598 2406 3652 in
2440 3599 2798 3668 sequentibhs
2829 3606 3013 3653 sermo
3045 3596 3289 3652 declarat
3322 3598 3509 3653 dicens
3537 3618 3549 3653 :
3590 3599 3724 3655 Cum

464 3690 576 3756 ψαι
604 3687 712 3741 τὸν
726 3690 944 3757 Κύριον
964 3687 1079 3756 τὴν
1101 3689 1520 3758 αἰχμαλωσίαν
1539 3688 1645 3742 τοῦ
1665 3689 1818 3743 λαοῦ
1834 3691 2040 3752 αὐτοῦ,

2147 3691 2450 3766 conuerterit
2479 3689 2739 3743 Dominus
2772 3690 3131 3759 captivitatem
3163 3689 3327 3758 plebis
3369 3704 3480 3744 sua:
3499 3729 3514 3752 ,
3545 3692 3725 3745 exsul—

464 3780 895 3848 ἁγαλλιάσεται
925 3779 1138 3844 Ἰακὼϐ,
1159 3780 1257 3833 καὶ
1277 3778 1756 3848 εὐφρανθήσεται
1784 3779 2041 3847 Ἰσραήλ.

2147 3780 2278 3833 tabit
2319 3778 2486 3833 Jacob
2528 3788 2578 3834 et
2620 3779 2891 3834 laetabitur
2935 3778 3128 3835 Israel.
3178 3779 3372 3835 Viden’
3411 3796 3521 3850 quo
3563 3784 3726 3851 pacto

476 3868 674 3942 Ὁρᾷς,
710 3871 818 3935 ὡς,
854 3869 1211 3938 ἐπιφανέντος
1244 3869 1337 3922 τοῦ
1372 3866 1671 3941 Σωτηρίου,
1706 3870 2041 3941 ἐπιστροφὴν

2147 3879 2269 3943 post
2323 3870 2594 3927 Salutaris
2643 3872 2969 3937 adventum,
3027 3873 3445 3928 conversionem
3496 3874 3725 3944 captivi-

466 3958 792 4030 γενήσεσθαι
822 3959 922 4029 τῆς
949 3956 1322 4028 αἰχμαλωσίας
1356 3952 1601 4021 θεσπίζει
1641 3958 1781 4012 κατά
1815 3958 1910 4029 τὴν
1941 3976 2041 4012 σω-

2147 3961 2276 4015 tatis
2304 3958 2542 4013 futuram
2572 3976 2697 4016 esse
2721 3961 3076 4024 vaticinatur,
3102 3961 3403 4016 secundum
3431 3962 3576 4016 illam
3603 3961 3725 4016 Salai

466 4053 653 4122 τήριον
687 4049 868 4121 φωνὴν
902 4051 1000 4119 τὴν
1032 4048 1410 4123 ἐμφερομένην
1440 4051 1498 4104 ὲν
1522 4050 1599 4121 τῷ
1626 4048 1838 4120 λέγοντι
1872 4051 1929 4118 ἐξ
1956 4052 2041 4104 αῦ-

2147 4048 2351 4102 vatoris
2393 4062 2581 4103 vocem
2606 4088 2623 4112 ,
2667 4064 2788 4119 quae
2830 4051 2885 4103 in
2927 4050 3191 4119 propheta
3230 4059 3298 4104 ex
3336 4052 3456 4121 ejus
3484 4068 3723 4121 persona

466 4139 560 4192 τοῦ
594 4138 887 4210 προσώπου
930 4138 1211 4210 προφήτῃ·
1246 4138 1488 4207 Πνεῦμα
1528 4140 1750 4206 Κυρίου
1797 4138 1889 4190 ἐπ’
1919 4135 2042 4205 ἐμὲ,

467 4228 539 4287 οὗ
596 4232 828 4283 εἵνεκεν
870 4229 1079 4300 ἐχρισέ
1113 4247 1209 4299 με,
1263 4229 1741 4299 εὐαγγελίζεσθαι
1788 4229 2044 4297 πτωχοῖς

466 4320 815 4378 ἀπέσταλκέ
835 4336 932 4391 με,
962 4321 1216 4391 κηρῦξαι
1244 4324 1644 4392 αἰχμαλώτοις
1676 4322 1916 4390 ἄφεσιν,
1948 4340 2047 4375 τυ-

465 4416 644 4485 φλοῖς
676 4416 1013 4483 ἀνάϐλεψιν
1031 4431 1049 4478 ;
1095 4415 1162 4484 ἣν
1192 4414 1331 4485 μετὰ
1371 4418 1561 4485 χεῖρας
1602 4414 1765 4477 αὐτὸς
1797 4417 1824 4467 ὁ
1856 4414 2046 4485 Σωτὴρ

466 4508 559 4560 ἐπὶ
590 4508 688 4577 τῆς
715 4506 1039 4575 συναγωγῆς
1088 4505 1198 4558 τῶν
1241 4505 1510 4559 Ἰουδαίων
1541 4496 1754 4569 λαϐὼν,
1809 4505 1905 4558 καὶ
1952 4505 2044 4559 τὸν

464 4567 888 4653 τόπονθιελθὼν
945 4567 1389 4668 επεσφραγίσατο
1443 4598 1647 4669 φήσας’
1692 4567 1962 4665 Σήμερον
2004 4597 2043 4665 ή
2078 4567 2120 4621 D

464 4688 677 4756 Γραφὴ
700 4688 848 4754 αὕτη
877 4685 1257 4755 πεπλήρωται
1291 4687 1360 4739 ἑν
1387 4686 1510 4752 τοῖς
1541 4686 1692 4739 ὠσὶν
1714 4685 1898 4756 ὑμῶν.
1936 4686 2048 4756 Τῆς

464 4776 559 4832 οῦν
591 4778 967 4849 αἰχμαλωσίας
1008 4779 1315 4850 ἀνεθείσης,
1338 4780 1548 4850 χορεῖαι
1574 4778 1758 4830 λοιπὸν
1794 4777 1852 4843 ἐξ
1880 4778 2047 4848 αὐτῆς

469 4871 847 4933 συνίστανται,
879 4872 1004 4934 τοὺς
1047 4862 1250 4941 ὕμνους
1278 4870 1697 4939 ἀναπέμπουσαι
1730 4868 1806 4938 τῷ
1828 4868 2042 4921 ἐλευθε-

471 4965 616 5032 ρωτῇ
648 4960 872 5030 βασιλεῖ.
917 4962 1053 5014 Τότε
1101 4959 1169 5014 δὲ
1198 4961 1296 5013 καὶ
1334 4960 1766 5029 ἁγαλλιάσεται
1824 4958 2040 5023 Ἰακὼϐ,

467 5053 567 5108 καὶ
596 5050 1074 5121 εὐφρανθήσεται
1114 5052 1367 5119 Ἰσραήλ.
1395 5052 1529 5105 Τότε
1553 5050 1634 5117 δὲ,
1657 5052 1807 5113 πότε,
1837 5050 1869 5120 ἧ
1904 5050 2045 5105 κατά

466 5136 559 5193 τὸν
582 5141 773 5213 καιρὸν
804 5142 904 5212 τῆς
937 5141 1269 5211 δηλουμένης
1295 5141 1608 5213 ἐλευθερίας
1653 5140 1744 5195 τοῦ
1786 5140 1915 5194 λαοῦ
1949 5142 2041 5195 τοῦ

467 5232 624 5294 Θεοῦ.
653 5230 727 5295 ὡς
756 5236 894 5286 νοεῖν
929 5243 988 5285 σε
1016 5232 1201 5305 ἕτερον
1239 5220 1335 5302 μὲν
1360 5230 1499 5287 εἶναι
1531 5234 1622 5286 τὸν
1646 5234 2041 5305 ἐλευθεροῦμε-

467 5337 559 5374 νον
585 5321 734 5387 λαὸν,
778 5321 870 5375 καὶ
927 5318 1147 5392 ἐτέρους
1188 5323 1315 5385 τοὺς
1346 5324 1439 5376 ἐπὶ
1471 5326 1537 5395 τῇ
1598 5324 1762 5377 αὐτοῦ
1800 5326 2044 5398 σωτηρίᾳ.

464 5413 954 5485 εὐφραινομένους
1013 5414 1185 5468 Τοῦτο
1239 5413 1348 5484 γὰρ
1398 5418 1435 5485 ἡ
1481 5415 1688 5469 διάνοια
1751 5416 2043 5470 ὑποϐάλλει

466 5506 764 5574 φάσκοντος
790 5504 882 5558 τοῦ
906 5506 1063 5573 λόγου
1081 5523 1093 5535 ·
1147 5507 1242 5558 Ἐν
1272 5505 1350 5571 τῷ
1377 5507 1733 5576 ἐπιστρέψαι
1762 5508 1868 5561 τὸν
1890 5510 2038 5562 Θεὸν

462 5590 581 5663 τὴν
607 5600 1023 5666 αἰχμαλωσίαν
1052 5598 1160 5653 τοῦ
1192 5598 1347 5652 λαοῦ
1389 5599 1606 5663 αὐτοῦ,
1657 5600 1749 5652 καὶ
1782 5598 1850 5651 τὰ
1892 5598 2038 5671 ἑξῆς.

608 5773 654 5806 ⁸⁸
694 5768 839 5828 Psal.
888 5786 1010 5837 ιον.
1068 5770 1183 5832 l-3.

465 5844 512 5877 ⁸⁵
544 5844 649 5899 lsa.
682 5858 794 5911 ωιι,
836 5844 858 5900 l
893 5864 907 5912 ;
954 5845 1087 5903 Luc.
1124 5864 1197 5913 ιν,
1236 5848 1323 5914 l8,
1351 5848 1433 5903 l9.
1525 5847 1571 5879 °°
1597 5846 1730 5902 Luc.
1766 5862 1842 5914 ιν,
1876 5846 1967 5900 91.

1283 5778 1325 5809 ⁸³
1368 5774 1513 5833 Psal.
1540 5791 1717 5837 xcvu.
1758 5776 1810 5838 Ι,
1850 5775 1905 5829 2.
1994 5776 2039 5808 ⁸³
2082 5774 2184 5833 lsa.
2219 5792 2331 5845 ut,
2370 5776 2455 5833 l0.

2146 4139 2403 4207 loquente
2432 4138 2603 4195 fertur
2630 4160 2643 4194 :
2673 4140 2903 4210 Spiritus
2932 4141 3144 4196 Domini
3170 4156 3327 4212 super
3356 4160 3437 4197 me
3456 4184 3469 4208 ,
3500 4161 3559 4198 eo
3584 4144 3723 4216 quod

2147 4232 2357 4284 unxerit
2390 4247 2505 4295 me,
2540 4233 2903 4303 euangelizare
2935 4233 3253 4303 pauperibus
3279 4236 3421 4289 misit
3452 4251 3559 4302 me,
3585 4253 3725 4306 prau

2149 4322 2329 4377 dicare
2363 4324 2584 4392 captiuis
2618 4324 3018 4391 dimissionem,
3059 4328 3212 4382 caecis
3248 4329 3389 4383 visus
3429 4332 3725 4385 restitutioo

2148 4429 2264 4467 nem
2299 4413 2601 4480 8'?Quam
2654 4416 2994 4485 prophetiam
3045 4414 3298 4471 Salvator
3344 4418 3397 4472 in
3448 4431 3723 4490 synagoga

2147 4502 2497 4570 Judaeorum,
2543 4507 2797 4562 manibus
2849 4507 3165 4577 accipiens,
3209 4517 3498 4579 postquam
3545 4510 3725 4563 locum

2150 4597 2405 4667 legisset,
2441 4599 2749 4669 obsignavit
2784 4599 3014 4656 dicens:
3067 4599 3237 4655 Hodie
3283 4601 3395 4655 haec
3442 4601 3725 4671 Scriptura

2150 4686 2369 4754 impleta
2416 4696 2493 4741 est
2538 4688 2593 4740 in
2645 4689 2864 4743 auribus
2910 4692 3094 4745 vestris
3129 4692 3194 4761 εξ.
3244 4690 3494 4747 Remissa
3540 4692 3740 4760 itaque"

2150 4776 2508 4846 captivitate,
2562 4794 2627 4832 ex
2673 4794 2736 4834 ea
2784 4788 2974 4849 postea
3027 4782 3241 4837 chorea:
3294 4783 3724 4845 constituuntur,

2150 4881 2272 4936 quae
2300 4868 2533 4937 hymnos
2565 4869 2847 4924 liberatori
2884 4868 3016 4941 Regi
3048 4873 3322 4926 emittunt.
3367 4872 3511 4926 Tunc
3543 4872 3723 4926 exsul-

2152 4959 2285 5011 tabit
2306 4956 2497 5024 Jacob,
2523 4969 2571 5013 et
2600 4960 2869 5014 [relabitur
2899 4961 3092 5016 Israel.
3121 4963 3306 5025 Tunc,
3333 4964 3682 5034 quandonam
3705 4995 3722 5030 ,

2152 5048 2261 5103 nisi
2291 5055 2534 5120 tempore
2565 5060 2879 5107 memoratae
2906 5053 3054 5108 illius
3080 5055 3348 5110 libertatis
3380 5055 3563 5125 populi
3591 5047 3719 5120 Dei,

2152 5140 2226 5194 ita
2276 5147 2335 5193 ut
2384 5139 2658 5211 intelligas
2715 5143 2881 5198 alium
2924 5159 3046 5200 esse
3096 5146 3382 5200 liberatum
3428 5147 3721 5215 populum,

2152 5232 2291 5287 alios
2323 5247 2420 5288 eos
2450 5231 2542 5303 qui
2574 5233 2641 5286 de
2674 5234 2849 5303 ipsius
2883 5236 3059 5290 salute
3094 5236 3391 5291 laetantur?
3420 5236 3546 5291 llasc
3575 5236 3723 5292 enim

2152 5325 2421 5379 sententia
2466 5325 2845 5380 subindicatur
2887 5341 3010 5381 cum
3050 5326 3289 5381 dicitur:
3335 5325 3468 5382 Cum
3513 5344 3727 5382 conver-

2153 5416 2272 5468 terit
2324 5414 2466 5470 Deus
2518 5417 2875 5484 captivitatem
2922 5416 3088 5486 plebis
3135 5434 3274 5480 suw,
3321 5426 3375 5472 et
3403 5426 3617 5473 caetera.
3658 5416 3725 5471 Hi

2150 5522 2386 5577 namque
2408 5507 2737 5562 laetabuntur
2760 5522 2885 5562 cum
2911 5508 3239 5563 converterit
3261 5506 3522 5565 Dominus
3550 5509 3727 5579 capti-

2149 5600 2370 5654 vitatem
2407 5598 2581 5669 plebis
2610 5614 2742 5655 suae.
2780 5598 2877 5654 llis
2902 5599 3089 5669 itaque
3120 5599 3261 5657 duos
3285 5600 3509 5662 ordines
3536 5600 3745 5657 dccla-‘

2566 5777 2612 5810 ⁸⁸
2647 5776 2779 5833 Luc.
2820 5790 2858 5834 ιι
2883 5817 2898 5844 ,
2927 5775 3021 5833 29.
3134 5778 3179 5812 ³³
3214 5777 3361 5836 Psal.
3400 5796 3631 5848 umv,
3665 5779 3721 5839 8ο
