4138 6386
436 394 542 451 ιω

1150 392 1421 450 E‘USEBll
1459 384 1941 451 CESABIENSIS
1979 397 2131 453 OPP.
2171 395 2351 450 PARS
2381 394 2469 450 ιιι.
2508 425 2575 434 ——
2615 392 3021 448 EXEGETICA.

3592 395 3696 450 ιϐι

435 521 555 578 rat,
588 511 752 565 alium
782 525 973 566 eorum
1005 509 1097 580 qui
1131 509 1184 563 in
1229 510 1602 580 captivitatem
1644 511 1863 566 abducti
1906 529 2000 568 nor

2119 505 2279 564 Οὗτοι
2313 510 2422 582 γὰρ
2465 509 2933 581 εὐφρανθήσονται
2976 509 3034 560 ἐν
3080 506 3156 578 τῷ
3197 507 3548 578 ἐπιστρέφειν
3583 510 3698 563 xs-

433 611 594 670 sunt;
628 604 791 675 alium
822 617 1011 656 eorum
1028 603 1121 672 qui
1145 601 1362 656 abducti
1391 602 1608 672 quidem
1629 613 1778 666 sunt,
1799 605 1896 659 sed
1918 621 2013 675 per

434 695 685 750 Salutate
712 673 1018 750 libertatem
1048 701 1176 749 sunt
1193 693 1495 750 consecuti.
1519 693 1678 750 Dicas
1703 695 1869 766 igitur
1891 673 2012 753 illos

431 787 562 841 olim
597 787 894 858 prophetas
916 827 930 852 ,
970 787 1152 856 justos
1179 826 1194 850 ,
1233 786 1613 857 patriarchas,
1646 797 1700 842 et
1744 796 2012 858 quotquot

432 881 501 934 ab
544 895 731 935 errore
761 879 1082 934 idololatria:
1114 879 1238 950 puri
1270 877 1522 942 fuerunt,
1557 879 1707 950 ipsos
1754 895 1876 934 esse
1919 879 2011 950 qui

432 972 489 1026 in
538 972 913 1042 captivitatem
966 985 998 1025 a
1057 971 1438 1042 spiritualibus
1498 971 1739 1027 inimicis
1789 971 2010 1026 abducti

432 1079 541 1118 non
573 1073 701 1119 sunt
729 1083 742 1118 :
779 1079 876 1120 eos
908 1079 1040 1119 vero
1071 1079 1136 1117 ex
1173 1064 1427 1133 gentibus
1456 1065 1548 1134 qui
1584 1063 1639 1117 in
1679 1063 1886 1120 nullius
1916 1063 2009 1120 Dei

431 1157 643 1213 cultum
690 1171 814 1212 sese
861 1163 1190 1220 verterunt;
1237 1169 1333 1208 eos
1384 1155 1514 1208 item
1565 1154 1660 1224 qui
1711 1155 2007 1209 multorum

430 1248 718 1302 numinum
762 1248 938 1303 errori
979 1263 1038 1302 se
1080 1246 1375 1302 subdidere
1405 1264 1418 1312 ;
1466 1246 1582 1301 sive
1617 1247 1782 1301 etiam
1817 1247 1911 1317 qui
1941 1263 2006 1303 ex

428 1340 850 1396 circumcisione
882 1338 1125 1409 peccatis
1157 1337 1274 1394 suis
1306 1337 1510 1393 venditi
1550 1347 1718 1402 sunt;
1755 1346 1918 1408 atque
1954 1339 2008 1392 in

429 1447 645 1486 summa
671 1446 862 1486 omnes
881 1473 894 1495 ,
931 1430 998 1486 de
1026 1431 1227 1500 quibus
1256 1430 1512 1499 superius
1541 1431 1746 1485 dictum
1775 1440 1888 1496 est,
1923 1430 2009 1485 Di-

429 1523 513 1576 xit
545 1523 797 1592 insipiens
832 1523 888 1576 in
917 1521 1072 1578 corde
1107 1539 1204 1576 suo
1229 1539 1247 1575 :
1293 1520 1417 1576 Non
1449 1531 1527 1574 est
1563 1521 1740 1586 Deus;
1777 1523 2010 1592 corrupti

428 1623 554 1669 sunt
591 1624 640 1669 et
684 1614 1065 1669 abominabiles
1105 1615 1238 1684 facti
1273 1624 1397 1668 sunt
1437 1616 1492 1668 in
1527 1615 1842 1685 iniquitate,
1875 1630 2006 1681 eos,

428 1706 654 1776 inquam
678 1746 692 1771 ,
723 1721 847 1761 esse
871 1705 964 1776 qui
1008 1705 1377 1775 captivitatem
1422 1705 1573 1776 passi
1615 1714 1764 1761 sunt.
1798 1704 2010 1771 Quibus

428 1815 526 1870 per
557 1799 852 1855 salutarem
886 1797 1184 1853 adventum
1214 1799 1466 1854 liberatis
1487 1839 1503 1866 ,
1534 1798 1740 1854 chorus
1771 1798 2008 1869 prophe-

2118 622 2230 676 ριον
2255 603 2352 674 τὴν
2380 601 2756 672 αἰχμαλωσίαν
2784 600 2877 654 τοῦ
2911 601 3037 654 λαοῦ
3071 601 3253 655 αὐτοῦ.
3289 603 3394 656 Δύο
3411 603 3590 657 τοίνυν
3611 602 3698 657 διὰ

2114 695 2318 750 τούτων
2361 695 2690 766 παρίσταται
2720 694 2997 765 τάγματα,
3033 695 3094 747 τὸ
3123 694 3221 765 μὲν
3251 693 3360 747 τῶν
3395 694 3469 766 μὴ
3495 695 3698 749 ὑποπε-

2117 788 2409 841 πτωκότων
2440 789 2506 858 τῇ
2534 786 2902 857 αἰχμαλωσίᾳ,
2932 785 2993 838 τὸ
3019 786 3074 838 δέ
3096 787 3204 839 τῶν
3222 787 3696 844 ὑποπεπτωκότων

2119 878 2239 949 μὲν,
2267 877 2582 948 ἐλευθερίας
2618 876 2676 930 δὲ
2711 877 3090 948 τετυχηκότων
3136 876 3224 930 διὰ
3266 878 3358 930 τοῦ
3385 878 3692 949 ,Σωτηρίου.

2127 972 2303 1042 Ἐρεῖς
2347 965 2439 1024 οὖν
2480 970 2606 1033 τοὺς
2645 969 2742 1040 μὲν
2779 969 2948 1022 πάλαι
2983 973 3266 1041 προφήτας
3297 970 3390 1023 καὶ
3427 969 3690 1034 δικαίους,

2113 1063 2207 1115 καὶ
2235 1061 2598 1133 πατριάρχας,
2619 1061 2712 1113 καὶ
2743 1060 2949 1124 πάντας
2965 1062 3090 1125 τοὺς
3119 1061 3391 1133 καθαροὺς
3423 1061 3521 1131 τῆς
3546 1060 3696 1114 εἰδω-

2115 1154 2380 1226 λολάτρου
2418 1155 2626 1225 πλάνης
2656 1153 3004 1224 γενομένους,
3038 1154 3236 1218 αὐτοὺς
3274 1149 3412 1208 εἶναι
3460 1155 3582 1217 τοὺς
3619 1153 3694 1224 μὴ

2113 1247 2580 1309 ὑποπεπτωκότας
2621 1249 2687 1317 τῇ
2732 1245 2840 1298 τῶν
2886 1245 3094 1316 νοητῶν
3146 1246 3419 1317 πολεμίων
3464 1244 3691 1300 ἁλώσει·

2111 1339 2238 1400 τοὺς
2263 1337 2320 1389 δὲ
2349 1335 2410 1400 ἐξ
2451 1336 2622 1389 ἐθνῶν
2661 1339 2742 1400 εἰς
2775 1336 3042 1407 ἀθεότητα
3087 1337 3543 1410 περιτραπέντας,
3569 1335 3697 1402 τούς

2110 1443 2171 1478 τε
2211 1428 2276 1496 τῇ
2309 1425 2552 1497 πολυθέῳ
2581 1425 2757 1497 πλάνῃ
2787 1425 3312 1490 καταδουλωθέντας,
3345 1427 3378 1498 ἢ
3431 1429 3525 1489 καὶ
3569 1428 3696 1491 τοὺς

2112 1519 2175 1570 ἐκ
2204 1519 2506 1590 περιτομῆς
2529 1519 2656 1582 τοὺς
2700 1521 2821 1582 ταῖς
2858 1518 3068 1572 ἑαυτῶν
3117 1519 3413 1591 ἁμαρτίαις
3458 1518 3694 1591 πραθέν-

2109 1629 2229 1676 τας,
2256 1613 2347 1664 καὶ
2376 1612 2712 1678 ἁπαξαπλῶς
2734 1613 2999 1676 ἅπαντας,
3035 1615 3163 1684 περὶ
3189 1607 3263 1666 ὧν
3299 1613 3554 1685 ἀνωτέρω
3578 1613 3695 1668 ἐλέ-

2111 1719 2268 1772 γετο·
2317 1699 2506 1756 Εἶπεν
2532 1702 2738 1772 ἄφρων
2765 1702 2834 1757 ἐν
2867 1703 3081 1772 καρδίᾳ
3120 1704 3306 1765 αὐτοῦ
3327 1721 3340 1734 ·
3396 1707 3517 1758 Οὐκ
3562 1703 3695 1760 ἐστι

2114 1793 2280 1860 Θεὸς,
2334 1793 2674 1863 διέφθειρα-ν
2701 1794 2798 1848 καὶ
2854 1795 3310 1864 ἐϐδελύχθησαν
3352 1797 3421 1849 ἐν
3445 1795 3693 1866 ἀνομίᾳ,

428 1891 572 1946 ticus
603 1891 696 1961 qui
728 1890 841 1959 jam
879 1890 1009 1943 olim
1043 1889 1099 1942 in
1141 1887 1252 1943 Deo
1283 1888 1588 1960 requievit,
1624 1889 1828 1959 quippe
1877 1903 2000 1958 pro-

2108 1886 2328 1950 τούτους
2356 1886 2646 1957 τυγχάνειν
2673 1888 2799 1950 τοὺς
2819 1888 2917 1957 τὴν
2939 1887 3312 1958 αἰχμαλωσίαν
3335 1887 3692 1952 πεπονθότας.

426 1981 547 2052 prie
571 1981 742 2038 Jacob
769 1991 822 2038 et
855 1980 1022 2036 Israel
1043 2021 1056 2043 ,
1089 1981 1160 2036 ob
1191 1997 1279 2038 res
1313 1997 1409 2051 per
1441 1981 1663 2036 nomina
1691 1979 2008 2051 hujusmodi

2115 1974 2218 2032 ’Ὧν
2252 1979 2723 2051 ἐλευθερουμένων
2763 1981 2852 2033 διὰ
2880 1980 2978 2050 τῆς
3008 1979 3103 2033 τοῦ
3138 1981 3416 2052 Σωτηρίου
3461 1979 3696 2050 ἐπιλάμ-

425 2071 794 2142 signiﬁcatas,
833 2075 1161 2144 appellatur,
1193 2072 1491 2128 exsultabit
1522 2081 1578 2127 et
1622 2072 1915 2134 laetabitur,
1949 2079 2000 2126 ut

2112 2069 2277 2139 ψεως,
2311 2073 2338 2124 ὁ
2369 2071 2536 2125 πάλαι
2575 2071 2727 2144 παρὰ
2763 2071 2882 2143 Θεῷ
2914 2073 3014 2144 ἤδη
3059 2073 3513 2144 ἀναπεπαυμένος
3560 2090 3697 2142 προ-

426 2165 664 2235 propriis
712 2166 974 2222 membris
1014 2165 1323 2236 gratulatus
1369 2164 1436 2220 iis
1481 2164 1575 2236 qui
1612 2180 1710 2236 per
1754 2164 2000 2219 Salutare

2113 2166 2342 2236 φητικὸς
2369 2165 2551 2238 χορὸς,
2597 2165 2792 2220 Ἰακὼϐ
2823 2166 2917 2220 καὶ
2955 2161 3171 2238 Ἰσραὴλ
3202 2166 3407 2238 κυρίως
3439 2165 3696 2237 ὀνομαζό-

424 2256 909 2311 libertatemnacti
942 2263 1093 2312 sunt.

2116 2274 2272 2327 μενος
2303 2257 2389 2310 διὰ
2420 2257 2489 2310 τὰ
2510 2259 2574 2310 ἐκ
2605 2257 2710 2310 τῶν
2727 2257 3005 2328 ὀνομάτων
3027 2259 3400 2329 σημαινόμενα
3433 2258 3696 2328 πράγμα-

423 2364 526 2414 τα,
573 2348 964 2418 ἀγαλλιάσεται
995 2349 1090 2402 καὶ
1116 2347 1584 2420 εὐφρανθήσεται,
1625 2349 1930 2420 συγχαίρων
1950 2349 2026 2413 ὡς
2063 2352 2279 2410 οἰκείοις
2311 2352 2495 2424 μέλεσι
2515 2355 2626 2425 τοῖς
2655 2351 2741 2405 διὰ
2767 2353 2860 2406 τοῦ
2892 2352 3168 2424 Σωτηρίου
3203 2351 3696 2423 ἐλευθερουμένοις.

423 2490 475 2544 1.
519 2489 586 2543 IN
625 2489 838 2545 FINEM
874 2491 944 2546 IN
985 2490 1268 2555 HYMNIS,
1299 2490 1780 2545 INTELLECTUS
1819 2489 2000 2544 DAV'I-

2113 2495 2222 2548 ΕΙΣ
2276 2496 2364 2548 ΤΟ
2420 2497 2640 2549 ΤΕΛΟΣ
2694 2498 2784 2549 ΕΝ
2841 2497 3142 2558 ΥΜΝυΙΣ,
3199 2495 3551 2549 ΣΥΝΕΣΕΩΣ
3609 2495 3696 2549 T0

495 2560 582 2616 Dl.
623 2562 678 2617 2.
721 2561 867 2615 CUM
911 2562 1294 2616 VENISSENT
1337 2562 1624 2624 ZIPHASI,
1670 2562 1755 2616 ET
1800 2561 2000 2616 DleS—

2180 2567 2380 2618 ΔΑΥΙΔ
2405 2605 2419 2627 ,
2458 2568 2550 2620 ΕΝ
2590 2567 2676 2619 ΤΩ
2715 2568 2965 2620 ΕΛΘΕΙΝ
3007 2567 3184 2619 ΤΟΥΣ
3223 2565 3536 2619 ΖΙΦΑΙΟΥΣ
3575 2564 3693 2618 ΚΑΙ

495 2630 674 2685 SENT
723 2633 815 2686 AD
872 2632 1051 2686 SAUL
1095 2653 1107 2688 :
1153 2632 1384 2687 NONNE
1440 2631 1649 2686 DAVID
1704 2632 2000 2688 ABSCON-

2180 2636 2416 2689 ElﬂElN
2470 2638 2557 2688 ΤΩ
2611 2638 2864 2691 ΣΑΟΥΛ·
2907 2637 3048 2690 ΟΥΚ
3100 2636 3257 2690 ΙΔΟΥ
3314 2636 3513 2689 ΔΑΥΙΔ
3569 2635 3695 2687 KE-

498 2701 704 2756 DlTUS
743 2701 874 2756 EST
913 2702 1101 2757 APUD
1140 2702 1317 2758 NOS?
1351 2702 1485 2757 Llll.

495 2815 665 2873 Vens.
697 2817 751 2883 5,
777 2819 830 2870 ι.
872 2817 1015 2871 Deus
1051 2818 1108 2872 in
1150 2819 1360 2873 nomine
1399 2827 1487 2873 tuo
1523 2819 1728 2873 salvum
1765 2836 1844 2874 me
1883 2821 2000 2890 fac,

422 2917 472 2961 et
506 2910 561 2962 in
601 2911 794 2964 virtute
829 2920 921 2964 tua
954 2911 1143 2980 judica
1181 2929 1283 2967 me.
1331 2910 1503 2966 Sicuti
1549 2911 1792 2982 psalmos
1821 2912 1916 2982 qui
1946 2913 2003 2967 in

427 3000 603 3068 prima
653 3011 805 3070 parte
857 3003 980 3057 libri
1035 3011 1202 3070 sunt,
1247 3011 1371 3074 post
1410 3004 1627 3074 lapsum
1671 3003 1728 3059 in
1776 3018 2000 3058 uxorem

428 3093 576 3148 Uria:
605 3095 992 3164 pronuntiatos
1024 3095 1198 3152 fuisse
1232 3113 1296 3150 ex
1332 3096 1674 3166 singulorum
1717 3096 1878 3151 titulo
1907 3095 2002 3152 de-

425 3192 790 3240 monstratum
847 3197 978 3252 est;
1041 3188 1115 3242 ita
1169 3203 1318 3243 nunc
1373 3202 1592 3258 quoque
1657 3189 1997 3260 singulorum

2182 2707 2493 2760 ΚΡΥΠΤΑΙ
2534 2709 2688 2760 ΠΑΡ’
2728 2709 2943 2772 ΗΜΙΝ;
2986 2708 3110 2760 NF’.

2192 2816 2246 2867 '0
2279 2816 2442 2881 Θεὸς,
2465 2817 2535 2870 ἐν
2561 2817 2641 2882 τῷ
2670 2818 2914 2887 ὀνόματί
2942 2834 3059 2872 σου
3103 2817 3310 2872 σῶσον
3346 2837 3442 2889 με,
3488 2819 3588 2873 καί
3622 2821 3694 2874 ἐν

2111 2905 2186 2974 τῇ
2219 2906 2547 2976 δυναστείᾳ
2572 2925 2690 2963 σου
2720 2910 2928 2978 κρῖνόν
2943 2929 3038 2980 με.
3065 2912 3276 2982 Ὥσπερ
3309 2911 3694 2966 ἀπεδείκνυντο

2109 3002 2158 3054 οἱ
2216 3002 2359 3054 κατὰ
2406 3002 2467 3055 τὸ
2491 3002 2706 3074 πρῶτον
2753 3004 2918 3076 μέρος
2950 3005 3051 3075 τῆς
3084 3003 3264 3075 βίϐλου
3309 3006 3415 3060 τῶν
3443 3007 3692 3079 Ψαλμῶν

2113 3094 2250 3164 μετὰ
2282 3095 2343 3147 τὸ
2376 3099 2621 3167 πταῖσμα
2652 3097 2712 3150 τὸ
2747 3099 2826 3162 εἰς
2851 3097 2948 3169 τὴν
2980 3097 3074 3151 τοῦ
3107 3099 3302 3170 Οὐρίου
3348 3099 3571 3168 γεγονὸς
3601 3100 3692 3153 λεο

2109 3186 2362 3257 λεγμένοι
2409 3190 2472 3242 ἐκ
2521 3189 2622 3260 τῆς
2668 3189 2990 3259 ἐφ’ἐκὰστῳ
3025 3190 3283 3261 κειμένης
3330 3191 3688 3263 προγραφῆς·

419 3277 762 3347 psalmorum
831 3279 1254 3350 inscriptiones,
1319 3289 1504 3335 notam
1567 3282 1829 3351 temporis
1891 3295 2000 3351 quo

2107 3279 2250 3334 οὕτω
2276 3282 2371 3334 καὶ
2399 3281 2494 3334 νῦν
2532 3283 2587 3335 αἱ
2611 3281 2734 3334 καθ’
2758 3281 2988 3335 ’ἑκαστον
3011 3281 3222 3352 ψαλμὸν
3252 3283 3568 3353 προγραφαὶ
3590 3283 3687 3354 δηο

421 3369 634 3422 recitati
675 3376 826 3433 sinit,
871 3371 1189 3440 praeferunt.
1240 3369 1492 3426 Praesens
1532 3370 1716 3442 itaque
1756 3372 2001 3442 psalmus

420 3474 524 3516 nos
563 3461 748 3516 statim
790 3462 1021 3516 remittit
1049 3461 1117 3516 ad
1148 3462 1384 3533 primum
1417 3460 1730 3533 Regnorum
1767 3464 2000 3528 librum,

317 3592 320 3596 .
420 3560 482 3608 ut
519 3553 646 3608 inde
688 3552 1005 3619 discamus,
1053 3555 1252 3625 quibus
1295 3556 1364 3610 de
1409 3557 1579 3612 rebus
1632 3556 1782 3611 hunc
1840 3557 1999 3628 hym--

421 3659 552 3698 num
583 3643 752 3698 David
781 3645 1042 3700 emiserit.
1081 3645 1319 3701 Historia
1351 3661 1516 3716 porro
1549 3648 1631 3703 sic
1678 3647 1842 3702 habet
1879 3666 1891 3701 :
1931 3646 2001 3700 Et

418 3735 565 3790 sedes
589 3734 814 3790 habebat
847 3736 1016 3792 David
1041 3737 1095 3791 in
1119 3737 1322 3791 deserto
1353 3736 1600 3792 Masedec
1632 3738 1686 3791 in
1713 3739 1953 3808 angustis
1981 3755 1998 3792 :

417 3837 469 3882 et
496 3827 810 3884 morabatur
827 3829 882 3884 in
909 3840 1104 3894 monte,
1139 3830 1194 3884 in
1221 3829 1426 3884 deserto
1459 3829 1593 3899 Ziph
1620 3831 1686 3886 ⁸⁷.
1711 3829 1917 3886 Deinde
1943 3841 2003 3885 ut

421 3923 562 3975 venit
589 3920 866 3976 Jonathan
895 3922 1044 3992 ﬁlius
1089 3921 1225 3976 Saul
1273 3922 1344 3975 ad
1387 3923 1581 3991 ipsum,
1617 3930 1667 3976 et
1699 3921 1838 3976 dixit
1869 3922 1953 3976 illi
1983 3939 2001 3976 :

423 4013 508 4069 Ne
533 4015 753 4078 timeas;
775 4031 936 4085 neque
956 4015 1094 4068 enim
1123 4024 1169 4068 te
1200 4015 1423 4069 inveniet
1453 4032 1644 4069 manus
1676 4014 1809 4069 Saul
1832 4016 2001 4083 patris

419 4106 524 4160 mei
559 4121 576 4158 :
604 4115 655 4160 et
699 4115 753 4159 tu
780 4104 1023 4175 regnabis
1052 4120 1208 4174 super
1239 4103 1438 4169 Israel,
1461 4114 1511 4158 et
1535 4122 1627 4175 ego
1665 4122 1755 4159 ero
1790 4105 1885 4159 tibi
1917 4122 2001 4160 se-

415 4195 704 4256 cundus,et
727 4195 860 4252 Saul
886 4205 1036 4263 pater
1063 4212 1206 4250 meus
1229 4196 1327 4250 scit
1345 4197 1440 4249 hoc
1451 4196 1516 4248 ³⁸.
1537 4195 1604 4249 Et
1633 4205 2001 4266 percusserunt

415 4285 572 4341 ambo
595 4287 765 4355 [aedas
794 4302 974 4339 curam
1004 4285 1252 4349 Domino,
1279 4287 1574 4356 mansitque
1599 4285 1792 4351 David,
1823 4297 1872 4342 et
1901 4285 2000 4340 Jo-

415 4377 619 4432 natlum
655 4377 786 4430 abiit
831 4379 885 4431 in
916 4377 1130 4430 domum
1167 4394 1341 4432 suam.
1376 4377 1590 4443 Quibus
1624 4378 1819 4433 deinde
1865 4379 1999 4434 sub-

410 4469 595 4540 jungit
621 4488 633 4524 :
669 4467 733 4522 Et
765 4469 1115 4523 ascenderunt
1142 4467 1345 4537 Ziphazi
1373 4485 1437 4522 ex
1457 4469 1611 4524 arido
1633 4470 1747 4524 loco
1773 4469 1840 4524 ad
1866 4469 2002 4526 Saul

413 4563 471 4616 in
497 4561 684 4616 callent
731 4560 963 4615 dicentes
993 4577 1012 4615 :
1047 4560 1237 4616 Nonne
1269 4577 1384 4616 ecce
1430 4561 1603 4616 David
1645 4561 1824 4615 latitat
1854 4562 1995 4631 apud

2106 3373 2334 3428 λωτικαὶ
2366 3373 2694 3444 τυγχάνουσι
2724 3373 2818 3427 τοῦ
2861 3374 3054 3446 χρόνου
3088 3374 3210 3428 καθ’
3263 3374 3322 3428 ὃν
3367 3373 3684 3445 ἐλέχθησαν.

2103 3465 2314 3519 Λύτίκα
2348 3465 2479 3534 γοῦν
2505 3466 2598 3519 καὶ
2631 3467 2658 3518 ὁ
2696 3467 3052 3537 προκείμενος
3105 3465 3418 3537 ἀνέπεμψεν
3462 3467 3555 3518 ἐπὶ
3587 3465 3686 3538 τὴν

2103 3557 2326 3628 πρώτην
2356 3558 2534 3628 βίϐλον
2557 3559 2664 3612 τῶν
2695 3559 3019 3612 Βασιλειῶν·
3050 3559 3125 3623 ὡς
3159 3559 3224 3614 ἂν
3259 3559 3464 3612 ἐκεῖθεν
3495 3558 3684 3630 μάθοι-

2107 3649 2226 3717 μεν,
2260 3650 2343 3717 ἐφ’
2392 3649 2526 3711 οἵοις
2573 3648 2862 3719 πράγμασι
2894 3649 2986 3702 τὸν
3044 3649 3402 3720 προκείμενον
3438 3647 3605 3720 ὕμνον
3656 3650 3686 3702 ὁ

2103 3739 2268 3792 Δαυῒδ
2290 3740 2625 3810 ἀνέπεμψεν.
2651 3743 2802 3810 Ἔχει
2836 3741 2892 3794 δὲ
2917 3744 2948 3813 ἡ
2986 3743 3194 3813 ἱστορία
3227 3744 3412 3796 τοῦτον
3440 3743 3531 3795 τὸν
3561 3743 3685 3806 τρό-

2103 3847 2201 3882 πον
2223 3847 2236 3860 °
2268 3830 2378 3882 Kal
2408 3830 2651 3885 ἐκάθισε
2675 3831 2856 3884 Δαυῒδ
2886 3833 2956 3884 ἐν
2980 3832 3054 3901 τῇ
3087 3831 3282 3902 ἐρήμῳ
3310 3831 3588 3887 Μασεδέκ
3616 3832 3688 3885 ἐν

2102 3918 2225 3984 τοῖς
2251 3919 2491 3986 στενοῖς
2509 3937 2522 3950 ο
2554 3920 2652 3973 καὶ
2675 3919 2931 3988 ἐκάθητο
2953 3923 3022 3975 ὲν
3044 3922 3125 3988 τῷ
3150 3923 3268 3990 ὄρει
3293 3923 3363 3976 ὲν
3386 3921 3461 3991 τῇ
3473 3921 3687 3991 οέρήμῳ

2102 4011 2270 4080 Ζείςρ.
2302 4008 2415 4064 Εἶθ’
2444 4011 2520 4074 ὡς
2539 4009 2730 4082 ἦλθεν
2767 4013 3043 4069 Ἰωνάθαν
3063 4017 3096 4068 ὀ
3128 4013 3259 4082 υἱὸς
3293 4013 3493 4068 Σαοὺλ
3533 4013 3685 4081 πρὸς

2101 4103 2307 4167 αὑτὸν,
2332 4105 2430 4158 καὶ
2455 4105 2625 4159 εἶπεν
2645 4105 2806 4170 αὐτῷ
2823 4121 2836 4134 ·
2861 4105 2918 4159 Μ
2927 4105 2960 4174 ὴ
2986 4105 3194 4175 φοϐοῦ,
3219 4105 3308 4160 ὅτι
3340 4106 3410 4160 οὗ
3426 4105 3512 4177 μὴ
3536 4105 3682 4175 εὕρῃ

2101 4209 2175 4248 σε
2209 4196 2246 4263 ἡ
2274 4196 2404 4265 χεὶρ
2437 4197 2636 4251 Σαοὺλ
2673 4197 2780 4250 τοῦ
2811 4199 3033 4265 πατρός
3054 4216 3193 4266 μου,
3223 4199 3322 4252 καὶ
3370 4199 3451 4253 σὺ
3496 4199 3681 4262 ,Βασι-

2100 4288 2346 4354 λεύσεις
2368 4288 2467 4341 ἐπὶ
2511 4288 2777 4356 Ἰσραὴλ,
2812 4289 2909 4342 καὶ
2935 4288 3050 4359 ἐγὼ
3076 4289 3294 4358 ἔσομαί
3327 4305 3426 4344 σοι
3448 4293 3531 4356 εἰς
3554 4290 3685 4344 δεύ-

2100 4396 2294 4446 τερον,
2331 4379 2431 4432 καί
2462 4377 2662 4432 Σαοὺλ
2695 4382 2728 4433 ό
2756 4377 2949 4447 πατήρ
2969 4395 3084 4447 μου
3127 4375 3290 4432 οἶδεν
3322 4378 3532 4444 οὕτως.
3571 4379 3681 4432 Kal

2101 4469 2431 4524 συνέθεντο
2463 4470 2782 4539 ἀμφότεροι
2811 4468 3107 4536 διαθήκην
3139 4467 3396 4522 ἐνώπιον
3435 4463 3677 4538 Κύριον,

2101 4561 2201 4614 καὶ
2227 4560 2408 4615 Δαυῒδ
2429 4559 2707 4628 ἐκάθητο,
2735 4560 2836 4613 καὶ
2868 4558 3150 4614 Ἰωνάθαν
3171 4557 3442 4628 ἀπῆλθεν
3463 4563 3550 4626 εἰς
3574 4561 3681 4614 τὸν

412 4672 508 4710 nos
555 4655 612 4710 in
651 4653 869 4710 Mesara
905 4656 962 4709 in
991 4657 1254 4726 angustis,
1279 4657 1336 4710 in
1373 4673 1509 4710 nova
1538 4657 1630 4710 3’?
1679 4655 1838 4723 Quod
1866 4672 1991 4712 cum

2104 4649 2268 4708 οἷκον
2294 4653 2480 4707 αὐτοῦ
2503 4671 2514 4682 ·
2541 4647 2622 4716 οἷς
2652 4651 2780 4722 ἑξῆς
2812 4651 3082 4720 ἐπιλέγει·
3117 4651 3227 4704 Kal
3273 4651 3580 4720 ἀνέϐησαν
3622 4655 3678 4706 οι

411 4745 698 4802 didicisset
745 4745 898 4811 Saul,
935 4747 1005 4802 ad
1051 4746 1309 4802 Davidem
1362 4746 1760 4816 insequendum
1799 4763 1993 4803 versus

409 4848 518 4894 est.
541 4837 772 4909 Jamque
792 4839 1103 4909 proximum
1134 4846 1252 4894 erat
1281 4845 1342 4893 ut
1383 4855 1508 4894 eum
1541 4847 1801 4910 caperet;
1857 4841 1995 4895 scri-

410 4939 564 5002 ptum
590 4932 734 4986 enim
766 4939 852 4986 est
877 4950 891 4985 :
924 4931 1079 4997 Quod
1103 4948 1222 4986 cum
1245 4931 1481 4988 audisset
1513 4930 1668 4996 Saul,
1691 4941 1992 5001 persecutus

408 5033 489 5078 est
525 5024 698 5079 David
740 5026 793 5078 in
845 5023 1052 5079 deserto
1105 5024 1287 5080 Maon.
1337 5025 1409 5080 Et
1458 5026 1607 5081 ibant
1639 5025 1773 5082 Saul
1815 5037 1862 5082 et
1893 5027 1994 5082 viri

407 5118 525 5188 ejus
559 5133 625 5172 ea:
653 5127 802 5186 parte
827 5119 1022 5173 montis
1051 5119 1210 5189 hujus
1239 5135 1257 5173 :
1289 5128 1338 5174 et
1376 5129 1492 5174 erat
1527 5119 1698 5174 David
1733 5121 1988 5186 obtectus,

409 5216 467 5260 ut
497 5208 666 5262 abiret
697 5225 730 5262 ιι
751 5209 888 5277 facie
920 5207 1084 5272 Saul;
1108 5218 1156 5263 et
1182 5207 1319 5264 Saul
1348 5219 1396 5263 et
1433 5209 1532 5264 viri
1564 5210 1678 5279 ejus
1700 5220 1992 5264 castrame-

358 5278 366 5289 ’
409 5294 664 5352 tabantur
688 5307 875 5351 contra
909 5297 1079 5352 David
1105 5309 1152 5352 et
1185 5299 1324 5354 viros
1354 5299 1492 5368 ejus,
1517 5278 1847 5367 uticaperent
1877 5315 1985 5354 eos.

408 5386 481 5442 Et
514 5391 732 5444 nuntius
771 5392 908 5444 venit
948 5391 1018 5445 ad
1055 5392 1191 5448 Saui
1226 5392 1404 5446 dicens
1447 5407 1464 5446 :
1498 5391 1721 5446 Festina
1748 5402 1797 5446 et
1852 5393 1988 5458 veni,

404 5483 536 5550 quia
591 5482 895 5550 irruperunt
953 5483 1210 5554 allophyli
1250 5485 1304 5538 in
1368 5486 1596 5538 terram!
1645 5483 1712 5538 Et
1751 5501 1988 5539 reversus

405 5581 484 5625 est
515 5571 670 5640 Saul,
696 5573 954 5629 desistens
978 5577 1217 5647 persequi
1245 5576 1417 5631 David
1448 5592 1467 5630 :
1493 5585 1542 5631 et
1568 5577 1793 5646 perrexit
1821 5577 1875 5629 in
1901 5592 1992 5630 oc-

405 5677 618 5716 cursum
659 5665 1052 5738 allolmytorum
1090 5668 1158 5722 ³ο.
1195 5666 1322 5723 Πειιο
1354 5675 1484 5723 sunt
1535 5682 1656 5738 qua:
1703 5667 1988 5721 historiam

2098 4746 2330 4814 Ζιφαῖοι
2354 4746 2424 4799 ἐκ
2451 4743 2560 4813 τῆς
2591 4742 2946 4814 αὐχμώδους
2986 4743 3135 4812 πρὸς
3179 4744 3379 4798 Σαοὺλ
3422 4745 3520 4798 ἐπὶ
3570 4747 3679 4799 τὸν

2088 4837 2344 4902 βουνὸν,
2362 4836 2670 4905 λέγοντες·
2689 4839 2810 4888 Οὐκ
2835 4835 2963 4888 ἰδοὺ
2984 4835 3165 4888 Δαυῒδ
3193 4835 3515 4902 κέκρυπται
3540 4836 3676 4905 παρ’

2094 4927 2241 4996 ημῖν
2271 4927 2343 4980 ἐν
2367 4926 2617 4995 Μεσαρᾶ
2636 4927 2706 4980 ἐν
2729 4925 2854 4991 τοῖς
2879 4924 3136 4991 στενοῖς.
3165 4926 3236 4978 ἐν
3262 4925 3334 4994 τῇ
3365 4927 3542 4996 καινῇ
3563 4943 3583 4991 ;
3612 4929 3677 4982 Ὃ

2094 5019 2158 5092 δὴ
2185 5019 2370 5091 μαθὼν
2396 5020 2570 5074 Σαοὺλ
2597 5021 2691 5073 ἐπὶ
2715 5019 2895 5083 δίωξιν
2945 5019 3158 5091 ἐτράπη
3193 5020 3284 5073 τοῦ
3321 5021 3501 5078 Δαυῖδ.
3533 5022 3675 5094 ’Ἤδη

2092 5129 2154 5164 τε
2185 5111 2370 5166 λοιπὸν
2403 5113 2570 5180 ἐγγὺς
2600 5109 2668 5184 ἦν
2698 5112 2793 5166 τοῦ
2826 5113 3009 5168 λαϐεῖν
3031 5114 3192 5167 αὐτὸν
3217 5113 3552 5185 ὑποχείριονο
3581 5114 3676 5182 γέ-

2093 5223 2336 5276 γραπται
2358 5206 2467 5276 γάρ
2489 5223 2502 5236 ο
2531 5206 2645 5260 Kal
2671 5207 2901 5274 ἤκουσε
2929 5208 3128 5262 Σαοὺλ
3170 5207 3267 5262 καὶ
3320 5207 3676 5274 κατεδίωξεν

2095 5295 2287 5348 ὀπίσω
2317 5294 2498 5349 Δαυῒδ
2533 5299 2620 5362 εἰς
2647 5297 2762 5365 τὴν
2783 5297 3009 5366 ἔρημον
3028 5297 3226 5352 Μαών.
3259 5297 3370 5352 Kal
3398 5299 3675 5366 πορεύον-

2094 5403 2186 5439 ται
2213 5387 2413 5441 Σαοὺλ
2462 5389 2559 5442 καί
2591 5392 2647 5442 οἱ
2681 5387 2897 5470 ᾅνδρες
2943 5389 3129 5444 αὑτοῦ
3175 5391 3244 5444 ἐκ
3287 5389 3508 5460 μέρους
3566 5389 3675 5443 τοῦ

2053 5538 2060 5543 _
2091 5479 2271 5548 ὅρους
2316 5482 2564 5535 τούτου·
2615 5481 2712 5535 καὶ
2743 5481 2978 5552 ἐγένετο
3016 5483 3196 5536 Δαυῒδ
3237 5481 3674 5552 σηποζόμενος

2092 5574 2452 5640 πορεύεσθαι
2480 5572 2598 5625 ἀπὸ
2625 5573 2948 5641 προσώπου
2971 5575 3171 5627 Σαούλ
3195 5588 3209 5601 ⁶
3238 5573 3338 5627 καὶ
3361 5573 3556 5626 Σαοὺλ
3575 5571 3674 5625 καί

2091 5667 2145 5718 οἱ
2188 5663 2400 5733 ἄνδρες
2445 5664 2630 5720 αὐτοῦ
2685 5666 3139 5734 παρενέϐαλλον
3192 5666 3289 5720 ἐπὶ
3341 5662 3526 5720 Δαυῒδ
3573 5665 3668 5718 καί

481 5839 565 5894 ⁸⁷1
597 5839 731 5914 Reg.
758 5859 914 5910 nm,
943 5842 1028 5898 14.
1101 5845 1145 5878 ⁸⁸
1185 5845 1320 5903 ibid.
1353 5844 1539 5901 lli-18.
1622 5844 1667 5877 ”
1706 5843 1839 5900 ibid.
1876 5845 1962 5900 l9.

2124 5843 2252 5901 ibid.
2285 5843 2477 5901 23-28.
