4138 6386
474 387 584 440 465

1617 395 1755 452 CUM
1767 397 2125 453 MENTANA
2166 398 2232 453 IN
2273 398 2614 456 PSALMOS.

3640 407 3746 462 46⁸3

473 514 617 578 τοὺς
641 513 866 582 ἄνδρας
897 515 1107 578 αὐτοῦ,
1130 517 1463 572 συλλαϐεῖν
1509 521 1752 586 αὐτούς.
1808 521 1920 574 Καὶ
1963 520 2042 590 ἄν

2171 531 2436 592 spectant.
2469 522 2681 591 Quibus
2713 523 2781 580 de
2805 524 2989 581 causis
3018 532 3239 596 ereptus
3271 525 3436 582 David
3471 543 3536 584 ex
3581 541 3743 583 manu

471 607 652 674 τελος
668 601 817 675 ἦλθε
837 605 988 674 πρὸς
1008 607 1208 660 Σαοὺλ
1224 607 1420 676 λέγων
1437 626 1451 639 ·
1483 609 1715 663 Σπεῦδε
1737 610 1833 664 καὶ
1864 610 2063 676 δεῦρο,

471 695 562 749 ὅτι
592 695 876 751 ἐπέθεντο
924 699 1267 768 ἀλλόφυλοι
1298 699 1398 752 ἐπὶ
1449 699 1564 768 τὴν
1608 698 1742 770 γῆν.
1811 699 1920 753 Kal
1956 701 2064 755 ἀν-

469 787 730 858 έστρεψε
759 790 960 844 Σαοὺλ
978 790 1066 860 μὴ
1097 791 1485 846 καταδιώκειν
1505 793 1698 847 ὀπίσω
1719 793 1896 847 Δαυῒδ
1917 833 1932 856 ,
1962 795 2062 849 καὶ

469 880 762 949 ἐπορεύθη
785 884 871 949 είς
901 882 1288 951 συνάντησιν
1311 883 1442 952 τῶνζ
1465 885 1854 953 ἀλλοφύλων.
1875 886 2061 941 Ταῦτα

473 972 570 1042 μὲν
596 972 666 1026 τὰ
699 973 808 1026 ἀπὸ
841 975 942 1044 τῆς
983 976 1245 1047 ἱστορίας.
1295 976 1408 1046 Ἐφ’
1445 973 1528 1040 οἷς
1573 977 1663 1031 τὸν
1693 979 2058 1050 προκείμενον

471 1064 640 1135 ὕμνον
672 1065 958 1130 διασωθεὶς
985 1070 1050 1121 ἐκ
1077 1069 1260 1141 χειρὸς
1286 1069 1458 1123 Σαοὺλ
1485 1071 1513 1122 ὁ
1548 1069 1709 1124 Δαυῒδ
1741 1073 1926 1141 γραφῇ
1956 1088 2058 1124 πα-

474 1157 780 1229 ραδίδωσιν,
801 1160 1284 1232 ἐπισημηνάμενος
1305 1161 1395 1214 τὸν
1417 1161 1608 1233 καιρὸν
1635 1161 1729 1215 καὶ
1752 1162 1812 1215 τὸ
1829 1164 2058 1234 πρᾶγμα

468 1248 717 1319 δηλώσας
769 1249 854 1304 διὰ
887 1251 987 1321 τῆς
1022 1253 1372 1325 προγραφῆς.
1433 1254 1523 1306 Διὸ
1556 1253 1650 1306 καὶ
1703 1253 1795 1306 ἐπὶ
1843 1253 2058 1307 σύνεσιν

471 1339 615 1407 ἡμᾶς
642 1341 901 1410 παρορμᾷ
923 1339 1030 1392 τῶν
1047 1342 1460 1413 ἐμφερομένων,
1488 1341 1662 1410 λέγων
1687 1361 1700 1373 ο
1735 1345 1837 1409 Είς
1856 1343 1921 1396 τὸ
1961 1343 2057 1398 τέ-

463 1432 572 1495 λος
596 1429 667 1483 ἐν
713 1431 924 1500 ὕμνοις
953 1433 1263 1499 συνέσεως
1295 1432 1375 1499 τῷ
1401 1435 1602 1490 Δαυΐδ.
1656 1435 1812 1489 Κατὰ
1854 1437 1912 1489 δὲ
1960 1437 2051 1490 τὸν

477 1521 739 1575 Ἀκύλαν·
778 1523 862 1590 Τῷ
897 1525 1182 1591 νικοποιῷ
1228 1526 1300 1579 ἐν
1337 1527 1602 1596 ψαλμοῖς
1647 1529 2052 1598 ἐπιστήμονος

461 1612 570 1666 τοῦ
599 1614 806 1667 Δαυΐδ·
837 1618 977 1669 κατὰ
1002 1617 1059 1670 δὲ
1086 1617 1178 1670 τὸν
1209 1619 1505 1690 Σύμμαχον
1525 1637 1538 1649 ’
1598 1621 1928 1674 Ἐπινίκιον
1955 1621 2052 1674 διὰ

461 1710 812 1777 ¹ψαλτηρίων
839 1712 970 1778 περὶ
1005 1711 1314 1778 συνέσεως
1341 1713 1448 1767 τοῦ
1466 1713 1667 1768 Δαυΐδ.
1713 1714 1928 1786 Ἐπειδὴ
1958 1715 2053 1768 καὶ

2169 611 2352 669 Saulis
2400 615 2544 669 hunc
2587 615 2847 686 hymnum
2893 616 3098 687 scripto
3139 617 3387 680 tradidit,
3423 627 3624 674 notans
3653 634 3749 689 per

2164 706 2581 777 inscriptionem
2618 716 2836 780 tempus
2868 725 2931 764 ac
2967 724 3080 764 rem
3112 712 3306 780 ipsam.
3345 708 3526 776 Quare
3554 711 3621 766 ad
3661 711 3747 765 in-

2161 797 2436 851 tellectum
2468 798 2546 852 rei
2583 813 2705 867 quae
2735 806 2990 853 narratur
3021 814 3123 855 nos
3173 806 3457 870 provocat,
3493 800 3683 856 dicens
3723 819 3735 854 :

2159 887 2227 943 In
2254 890 2433 958 ﬁnem,
2466 890 2522 944 in
2567 891 2797 961 hymnis,
2832 892 3129 948 intellectus
3164 893 3376 950 Davidi.
3431 892 3741 949 Secundum

2156 982 2407 1052 Aquilam
2437 997 2591 1046 vero,
2639 981 2880 1036 Victoria:
2911 986 3138 1047 auctori,
3176 985 3231 1039 in
3258 986 3500 1054 psalmis,
3529 985 3740 1040 scientis

2154 1069 2413 1136 Davidis;
2470 1071 2773 1127 secundum
2825 1073 3211 1145 Symmachum
3259 1083 3463 1140 autem,
3530 1074 3743 1130 Trium-

2153 1161 2329 1231 phale,
2367 1177 2459 1231 per
2488 1162 2765 1231 psalteria,
2817 1161 2882 1217 de
2929 1163 3278 1234 intelligentia
3316 1164 3558 1222 Davidis.
3603 1164 3743 1232 Quia

2155 1255 2396 1326 fugiens,
2445 1263 2503 1310 et
2552 1253 2831 1310 desertum
2893 1261 3303 1322 transcurrens,
3351 1272 3452 1327 pro
3484 1257 3742 1328 ιιι-ωείάἰο

2155 1346 2398 1418 psalterii
2462 1347 2890 1402 instrumentum
2929 1361 3116 1402 secum
3169 1347 3382 1416 agebat,
3436 1336 3554 1417 ipso
3581 1365 3737 1414 usus,

2156 1448 2320 1510 atque
2354 1440 2588 1511 hymnos
2618 1455 2714 1509 per
2761 1437 2896 1492 illud
2946 1437 3057 1493 Deo
3089 1438 3345 1494 emittens
3377 1457 3389 1491 :
3424 1439 3637 1494 cantica
3685 1448 3740 1495 et

2156 1532 2402 1602 psalmos
2435 1531 2751 1601 spirituales
2787 1544 2886 1600 pro
2931 1529 3204 1584 sacriﬁcio
3246 1531 3596 1600 persolvens;
3639 1545 3740 1600 pro
3837 1548 3842 1552 '

2155 1623 2510 1694 thymiamate
2543 1631 2725 1677 autem
2760 1621 2886 1676 boni
2914 1621 3123 1686 odoris,
3151 1637 3248 1692 per
3267 1623 3545 1678 orationes
3576 1621 3738 1694 spiri-

2155 1715 2304 1769 tuale
2333 1713 2704 1769 ministerium
2737 1713 2950 1770 obiens.

462 1795 680 1868 φεύγων
707 1804 801 1856 καὶ
836 1803 934 1876 τὴν
963 1804 1168 1876 ἔρημον
1203 1805 1570 1876 μεταδιώκων,
1607 1809 1727 1862 ἀντὶ
1766 1808 2134 1879 φυλακτηρίου
2199 1808 2435 1885 ἐπήγετο
2494 1807 2557 1860 τὸ
2617 1805 2710 1860 τοῦ
2774 1807 3072 1878 ψαλτηρίου
3095 1805 3345 1879 ὄργανον,
3389 1806 3537 1879 αὐτῷ
3589 1805 3738 1879 χρῶ-

463 1907 620 1960 μενος
676 1894 770 1946 καὶ
809 1897 920 1958 τοῖς
956 1895 1022 1948 δι’
1086 1895 1252 1949 αὑτοῦ
1299 1899 1380 1960 είς
1421 1897 1554 1950 Θεὸν
1623 1897 2102 1967 ἀναπεμπομένοις
2141 1895 2330 1968 ὕμνοις
2357 1913 2372 1926 ·
2427 1896 2523 1948 καὶ
2581 1895 2746 1966 ᾠδαῖς
2781 1895 2880 1965 μὲν
2935 1895 3030 1948 καὶ
3060 1895 3297 1966 ψαλμοῖς
3341 1898 3736 1967 πνευματικοῖς

459 1987 581 2042 ἀντὶ
613 1987 802 2053 θυσίας
829 1988 1130 2061 χρώμενος,
1164 1991 1286 2044 ἀντὶ
1323 1991 1379 2044 δὲ
1425 1991 1658 2055 εὐώδους
1701 1991 2044 2063 θυμιάματος
2081 1992 2148 2044 δι’
2188 1990 2364 2062 εύχῶν
2404 1990 2501 2062 τὴν
2533 1990 2910 2062 πνευματικὴν
2959 1990 3235 2044 ἀποτελῶν
3265 1991 3624 2065 λειτουργίαν.

543 2082 640 2133 Ἐν
669 2079 750 2150 τῷ
770 2080 972 2135 ἐλθεῖν
998 2082 1208 2136 τοίνυν
1227 2082 1370 2150 τοὺς
1397 2083 1684 2152 Ζιφαίους
1724 2083 1821 2138 καὶ
1860 2080 2042 2136 εἰπεῖν

2227 2082 2361 2136 Cum
2385 2082 2641 2136 venissent
2672 2098 2796 2151 ergo
2825 2080 3048 2151 Zipha'i,
3084 2099 3146 2136 ac
3174 2083 3428 2136 dixissent
3455 2081 3524 2136 ad
3552 2081 3686 2138 Saul
3713 2098 3736 2136 :

456 2172 540 2239 τῷ
576 2175 779 2228 Σαούλ
800 2189 816 2206 °
841 2177 964 2229 Οὐκ
997 2175 1124 2229 ὶδοὺ
1147 2176 1330 2230 Δαυῒδ
1363 2178 1692 2245 κέκρυπται
1719 2178 1855 2245 παρ’
1879 2176 2046 2244 quin;

457 2264 631 2320 Τοῦτο
656 2266 844 2338 μαθὼν
866 2270 894 2322 ὁ
925 2268 1090 2322 Δαυῒδ
1119 2270 1238 2340 ῆτοι
1261 2269 1319 2334 ἐξ
1340 2270 1736 2339 ἀποκαλύψεως
1763 2269 1857 2323 τοῦ
1893 2269 2049 2323 πνεύ-

457 2375 628 2427 ματος
658 2359 752 2411 τοῦ
784 2359 1124 2430 προφητικοῦ
1160 2360 1192 2430 ἢ
1227 2359 1292 2414 ἐκ
1323 2378 1466 2424 τινος
1497 2361 1605 2415 τῶν
1649 2361 1748 2424 τὰς
1790 2361 2046 2425 τοιαύτας

454 2448 801 2518 ἀπαγγελίας
824 2450 1095 2504 διακονεῖν
1123 2452 1393 2505 εἰωθότων
1411 2493 1427 2517 ,
1474 2453 1534 2506 τὸ
1579 2453 1878 2526 ψαλτήριον
1907 2453 2047 2524 μετὰ

455 2543 534 2610 χεῖ
544 2557 644 2612 ρας
669 2543 1012 2614 παραχρῆμα
1037 2543 1238 2607 λαϐὼν,
1271 2545 1337 2598 δι’
1363 2544 1529 2598 αὐτοῦ
1544 2545 1621 2615 τῷ
1639 2545 1756 2615 Θεῷ
1776 2544 1872 2615 τὴν
1897 2545 2046 2613 λογι-

457 2633 558 2704 κὴν
580 2635 842 2706 ἀναφέρει
870 2636 1059 2690 θυσίαν
1075 2636 1247 2704 λέγων
1264 2637 1332 2691 τὰ
1351 2638 1706 2708 προκείμενα,
1725 2637 1791 2690 δι’
1811 2631 1885 2690 ὧν
1908 2637 2049 2702 ἁξιοί

458 2725 699 2796 σωθῆναι
725 2727 830 2780 ὑπὸ
855 2727 948 2780 τοῦ
981 2727 1138 2794 Θεοῦ,
1163 2729 1262 2782 οὐκ
1290 2729 1465 2792 ἄλλως
1498 2730 1530 2800 ἢ
1561 2729 1648 2783 διὰ
1673 2729 1766 2783 τοῦ
1783 2731 2045 2801 ὀνόματος

453 2817 619 2872 αὑτοῦ
635 2835 647 2848 ο
672 2818 752 2871 διό
773 2835 956 2888 φησιν’
993 2819 1055 2872 '0
1085 2819 1330 2885 Θεὸς,ἐν
1349 2819 1429 2885 τῷ
1442 2821 1685 2889 ὀνόματί
1704 2837 1821 2875 σου
1839 2821 2047 2875 σῶσόν

452 2925 526 2978 με
545 2927 558 2937 ·
587 2908 704 2979 ᾔδει
723 2908 831 2979 γὰρ
847 2904 982 2962 εἶναί
1002 2927 1054 2962 τι
1074 2910 1245 2980 ὄνομα
1262 2911 1320 2963 τὸ
1342 2911 1480 2983 ὑπὲρ
1497 2913 1605 2964 πᾶν
1620 2911 1806 2983 ὄνομα.
1836 2913 2044 2984 ’Ὠσπερ

453 3003 563 3070 γάρ
581 3001 697 3054 ἐστί
721 3018 841 3054 τινα
859 3005 916 3055 ἐν
943 3004 1065 3066 ταῖς
1091 3003 1328 3074 ἐπῳδαῖς
1345 3004 1485 3057 κατὰ
1503 3004 1610 3057 τῶν
1643 3004 1861 3057 ἰοϐόλων
1890 3007 2048 3076 ἑρπε-

454 3092 562 3144 τῶν
587 3093 806 3162 ῥήματα
826 3093 920 3145 καὶ
947 3093 1210 3163 ὀνόματα,
1234 3094 1502 3166 τοσαύτην
1530 3096 1861 3166 ἐμφαίνοντα
1890 3095 2045 3150 δυνά-

456 3198 602 3251 μεως
628 3181 803 3251 ἰσχὺν,
838 3182 914 3245 ὡς
935 3183 1345 3254 κατακοιμίζειν
1380 3185 1524 3256 ﬁnal.
1550 3187 1776 3258 νεκροῦν
1801 3187 1867 3240 τὰ
1886 3187 2044 3256 φοϐε-

455 3269 672 3342 ρώτατα
695 3271 803 3323 τῶν
829 3272 1074 3343 ἑρπετῶν
1093 3290 1104 3302 ·
1141 3273 1231 3330 τὸν
1262 3275 1424 3327 αὑτὸν
1445 3275 1645 3347 τρόπον
1684 3279 1775 3330 καὶ
1796 3277 1856 3330 τὸ
1874 3277 2042 3348 ὄνομα

452 3363 514 3416 τὸ
548 3364 688 3435 ὑπὲρ
721 3365 829 3418 πᾶν
864 3365 1034 3436 ὄνομα
1067 3365 1336 3436 ἠπίστατο
1370 3369 1637 3439 σωτήριον
1683 3371 1784 3439 μὲν
1833 3370 2040 3440 τυγχά-

451 3475 564 3511 νειν
607 3456 716 3510 τῶν
763 3459 1036 3530 σωτηρίας
1065 3458 1248 3524 ἀξίων,
1275 3460 1382 3513 τῶν
1415 3461 1471 3513 δὲ
1502 3463 1713 3534 ἐχθρῶν
1744 3465 1839 3517 καὶ
1888 3468 2039 3518 ἐναν-
2067 3453 2107 3508 C

451 3549 582 3603 τίων
610 3549 890 3620 δυνάμεων
915 3550 1264 3606 ἀπελατικόν.
1305 3551 1590 3605 Ἐϐούλετο
1637 3554 1816 3607 τοίνυν
1863 3555 2039 3625 σωθῆ-

450 3658 538 3694 ναι
568 3643 626 3694 ἐν
657 3641 735 3710 τῷ
761 3641 982 3712 ὀνόματι
1006 3640 1100 3694 τοῦ
1123 3639 1278 3702 Θεοῦ,
1308 3641 1401 3694 καὶ
1421 3643 1520 3695 οὐκ
1549 3642 1787 3713 ἀκρίτως
1809 3659 1866 3696 τε
1890 3643 2038 3695 ἐϐού-

451 3732 574 3786 λετο
592 3752 606 3764 ·
635 3733 749 3787 ἀλλ’
773 3735 822 3786 εί
845 3734 993 3800 ἄξιος
1019 3735 1328 3807 εὑρίσκοιτο
1351 3735 1452 3806 τῆς
1475 3737 1767 3808 σωτηρίας.
1797 3738 1887 3790 Διὸ
1915 3740 2036 3792 ἐπι-

448 3826 625 3894 λέγει·
661 3827 770 3880 Καὶ
819 3827 888 3880 ὲν
938 3826 1012 3896 τῇ
1044 3827 1372 3895 δυναστείᾳ
1409 3845 1526 3882 σου
1583 3829 1803 3898 κρινεῖς
1843 3831 2031 3902 μοι-ἢ

451 3916 594 3969 κατὰ
617 3918 742 3980 τοὺς
774 3917 995 3982 λοιποὺς
1022 3919 1381 3989 ἐρμηνευτὰς,
1429 3919 1697 3987 δικάσεις
1730 3940 1851 3991 μοι.
1896 3922 2036 3992 Πρό-

448 4025 606 4080 τερον
635 4008 744 4080 γὰρ
783 4009 924 4075 ἀξιοῖ
951 4009 1228 4081 κρίνεσθαι
1261 4011 1354 4062 καὶ
1378 4011 1694 4075 δικάζεσθαι
1741 4012 1876 4083 προς
1909 4013 2036 4075 τοὺς

451 4099 774 4163 ἐλαύνοντας
807 4101 839 4172 ἢ
866 4102 959 4154 καὶ
988 4101 1415 4171 διαϐεϐληκὸτας
1438 4103 1600 4156 αὐτόν
1618 4121 1630 4132 ·
1663 4101 1760 4157 εἷθ’
1785 4103 1956 4167 οὕτως
1985 4105 2034 4156 εἰ

449 4192 636 4260 φάνειε
663 4193 1016 4264 ἀδικούμενος
1045 4193 1380 4264 ἐκδικήσεως
1403 4198 1586 4265 τυχεῖν
1610 4196 1708 4266 τῆς
1752 4196 1903 4267 παρὰ
1937 4195 2032 4249 τοῦ

449 4282 661 4354 κριτοῦ,
695 4287 1092 4356 μετερχομένου
1121 4289 1247 4350 τοὺς
1266 4286 1606 4351 ἀδικοῦντας.
1640 4287 1806 4341 Ταῦτ’
1837 4287 2029 4352 εἰπὼν,

448 4374 771 4445 προστίθησι
806 4375 978 4444 λέγων
1002 4394 1014 4406 ·
1054 4378 1106 4430 Ὁ
1139 4378 1303 4440 Θεὸς,
1322 4377 1693 4431 εἰσάκουσον
1715 4377 1826 4446 τῆς
1846 4395 2034 4445 προσ-

446 4467 636 4536 ευχῆς
676 4486 818 4537 μου,
864 4467 1142 4524 ἐνώτισαι
1191 4471 1262 4524 τὰ
1299 4471 1541 4539 ῥήματα
1585 4471 1690 4525 τοῦ
1735 4473 2032 4540 στόματός

441 4576 594 4629 μου’
651 4560 840 4632 ὥσπερ
874 4561 1237 4631 δικαιολογίαν
1286 4553 1624 4632 ποιούμενος
1662 4562 1893 4616 ἐνώπιον
1936 4563 2031 4616 τοῦ

451 4653 727 4723 κρίνοντος
761 4653 909 4724 αὐτῷ
938 4670 998 4706 τε
1034 4655 1126 4708 καὶ
1157 4658 1268 4718 τοῖς
1297 4655 1572 4710 ἀδικοῦσιν
1601 4657 1784 4710 αὐτόν.
1809 4656 1920 4710 Kal.
1947 4657 2032 4709 ἵνα

449 4763 513 4814 γε
550 4745 619 4800 τὰ
645 4746 741 4817 τῆς
767 4747 1130 4816 δικαιολογίας
1157 4749 1494 4820 παραδεχθῇ,
1541 4747 1638 4820 τὴν
1679 4749 1846 4820 εὐχὴν
1897 4751 2030 4802 ἁνα-

2152 2173 2343 2229 Nonne
2383 2190 2498 2229 ecce
2532 2173 2703 2228 David
2741 2173 3080 2230 absconditus
3121 2184 3200 2230 est
3250 2174 3390 2243 apud
3425 2177 3566 2230 nos?
3606 2175 3734 2233 thc

2149 2282 2272 2320 cum
2309 2265 2499 2328 David,
2527 2266 2642 2322 sive
2668 2281 2734 2320 ex
2777 2267 3109 2321 revelatione
3144 2266 3371 2337 spiritus
3405 2267 3732 2338 prophetici,

2149 2361 2265 2414 sive
2307 2373 2369 2413 ex
2421 2359 2680 2428 qquiam
2721 2359 2848 2412 talia
2898 2359 3152 2413 nuntiare
3202 2359 3365 2413 solito
3393 2359 3730 2425 edidicisset,

2149 2461 2378 2522 accepto
2411 2451 2594 2506 statim
2638 2467 2748 2520 pra:
2801 2452 3052 2506 manibus
3106 2452 3386 2521 psalterio,
3446 2468 3542 2522 per
3595 2452 3730 2509 illud

2148 2542 2261 2598 Deo
2296 2543 2621 2597 rationabile
2678 2542 3010 2597 sacriﬁcium
3072 2542 3252 2607 oﬂ‘ert,
3306 2544 3420 2598 haec
3476 2546 3729 2614 loquens,

2148 2636 2346 2705 quibus
2370 2653 2400 2689 a
2431 2634 2540 2690 Deo
2568 2635 2798 2689 salutem
2823 2635 3088 2700 obtinere,
3122 2650 3233 2690 non
3265 2652 3360 2706 per
3381 2636 3525 2691 aliud
3556 2635 3731 2707 quod-

2145 2729 2314 2797 piam,
2351 2742 2516 2798 quam
2559 2742 2657 2798 per
2708 2743 2906 2782 nomen
2948 2727 3067 2798 ejus
3115 2730 3376 2798 postulat,
3406 2745 3578 2800 quare
3604 2730 3726 2786 ait:

2147 2818 2308 2883 Deus,
2341 2820 2394 2873 in
2424 2819 2632 2874 nomine
2665 2828 2754 2872 tuo
2784 2819 2989 2874 salvum
3012 2835 3092 2874 me
3121 2819 3245 2889 fac;
3279 2835 3484 2892 gnarus
3517 2822 3730 2879 scilicet

2144 2926 2268 2966 esse
2300 2911 2573 2981 quoddam
2618 2925 2816 2965 nomen
2840 2951 2856 2976 ,
2899 2912 3044 2981 quod
3083 2919 3168 2967 est
3216 2927 3382 2982 super
3415 2928 3577 2969 omne
3632 2930 3732 2970 no-

2146 3018 2292 3057 men.
2333 3002 2807 3069 Quemadmodum
2837 3003 2983 3057 enim
3013 3003 3067 3057 in
3098 3003 3565 3060 incantationibus
3593 3021 3728 3060 con-

2144 3102 2228 3149 tra
2264 3095 2478 3164 reptilia
2516 3109 2811 3161 venenosa,
2845 3095 3090 3165 quaedam
3141 3079 3418 3164 assignata
3462 3095 3728 3150 vocabula

2143 3195 2199 3242 et
2250 3187 2471 3242 nomina
2532 3197 2682 3249 sunt,
2736 3194 2886 3240 tanta
2919 3185 2968 3240 vi
3004 3185 3291 3256 potestatis
3342 3185 3630 3249 instructa,
3671 3192 3729 3238 ut

2147 3280 2420 3350 reptilium
2447 3279 2852 3334 terribilissima
2876 3277 2960 3333 vel
2989 3277 3207 3348 sopiant
3232 3277 3316 3332 vel
3343 3277 3724 3348 exstinguant;

2145 3373 2226 3427 sic
2254 3380 2308 3426 et
2350 3371 2440 3426 ille
2480 3371 2651 3442 probe
2695 3371 2904 3426 sciebat
2948 3385 3144 3425 nomen
3182 3369 3314 3424 illud
3365 3384 3530 3438 super
3566 3383 3728 3423 omne

2143 3479 2364 3530 nomen,
2403 3465 2644 3520 salutare
2673 3463 2893 3534 quidem
2945 3463 3011 3517 iis
3043 3477 3168 3517 esse
3209 3461 3302 3532 qui
3351 3461 3526 3516 salute
3575 3459 3725 3530 digni

2144 3565 2311 3622 sunt,
2347 3557 2599 3612 inimicos
2640 3571 2770 3611 vero
2810 3565 2864 3610 et
2911 3553 3256 3609 adversarias
3296 3559 3594 3622 potestates
3638 3549 3728 3606 fu-

2141 3663 2290 3719 gare.
2322 3646 2552 3702 Volebat
2589 3647 2776 3718 itaque
2803 3647 3034 3702 salutem
3063 3646 3120 3700 in
3150 3645 3371 3699 nomine
3405 3642 3498 3699 Dei
3528 3656 3726 3699 conse-

2142 3740 2260 3809 qui,
2307 3740 2469 3810 idque
2495 3755 2606 3795 non
2638 3741 2758 3795 sine
2789 3740 3042 3795 examine
3069 3757 3083 3806 ;
3117 3738 3210 3794 sed
3247 3739 3294 3793 si
3319 3735 3519 3808 dignus
3547 3735 3725 3791 salute

2141 3830 2655 3899 deprehenderetur.
2698 3828 3065 3896 Quamobrem
3109 3827 3279 3894 addit,
3320 3825 3386 3879 Et
3431 3827 3487 3880 in
3533 3827 3726 3880 virtute

2143 3931 2234 3975 tua
2265 3921 2524 3986 iudicabis
2556 3921 2724 3985 mihi;
2761 3921 2877 3976 sive
2913 3920 3217 3976 secundum
3262 3919 3506 3988 reliquos
3547 3919 3702 3973 inter-

2141 4020 2323 4082 pretes
2358 4031 2372 4067 :
2391 4015 2486 4080 jus
2527 4011 2668 4066 dic‘es
2711 4011 2859 4064 mihi.
2897 4009 3032 4063 Nam
3087 4009 3241 4078 prius
3283 4013 3441 4077 rogat
3486 4003 3720 4075 judicari

2140 4122 2200 4160 se
2238 4113 2292 4158 et
2316 4104 2408 4173 jus
2448 4103 2556 4157 dici
2603 4102 2707 4158 sibi
2769 4102 3034 4156 adversus
3064 4099 3388 4168 impulsores
3416 4104 3471 4151 et
3510 4096 3722 4150 calum-

2139 4194 2383 4248 niatores
2449 4212 2464 4247 :
2517 4207 2581 4245 ac
2611 4191 2808 4246 deinde
2853 4191 2900 4246 si
2940 4189 3139 4259 injuria
3171 4188 3396 4242 allectus
3420 4186 3720 4252 videretur,

2139 4299 2171 4338 a
2209 4283 2394 4354 judice
2432 4282 2722 4345 vindicari,
2758 4282 2852 4351 qui
2884 4281 3086 4352 injuria
3118 4295 3178 4335 se
3207 4279 3507 4335 allicientes
3532 4279 3720 4333 adori-

2137 4385 2312 4431 retur.
2360 4374 2456 4430 llis
2489 4375 2652 4430 dictis
2701 4373 2893 4442 adjicit
2927 4394 2939 4429 :
2975 4372 3139 4436 Deus,
3186 4371 3381 4427 exaudi
3425 4372 3721 4425 orationem

2138 4483 2331 4528 meam,
2364 4465 2586 4520 auribus
2615 4468 2823 4535 percipe
2859 4464 3015 4519 verba
3038 4466 3145 4519 oris
3176 4465 3318 4528 mei;
3353 4463 3515 4533 quasi
3541 4463 3724 4518 disce-

2138 4569 2300 4631 ptans
2329 4575 2427 4631 pro
2458 4575 2624 4615 causa
2653 4575 2751 4614 sua
2802 4559 2856 4613 in
2907 4565 3206 4627 conspectu
3245 4557 3331 4612 sui
3373 4564 3430 4609 et
3467 4554 3722 4608 inimico-

2139 4669 2260 4707 rum
2294 4669 2519 4707 suorum
2544 4651 2770 4721 judicis.
2809 4651 2876 4705 L't
2905 4660 3085 4705 autem
3113 4649 3360 4704 defensio
3384 4662 3483 4703 sua
3519 4646 3722 4698 admit-

2139 4753 2307 4808 tatur,
2343 4745 2675 4811 orationem,
2717 4759 2881 4814 quam
2911 4741 3162 4798 exaudiri
3195 4747 3376 4810 rogat,
3406 4738 3608 4793 emittit
3630 4735 3720 4790 di-

445 4835 675 4908 πέμπει,
693 4815 759 4910 ἦν
791 4841 884 4893 καὶ
904 4815 1324 4911 είσακουσθῆναι
1356 4815 1500 4905 ἀξιοῖ
1518 4815 1691 4909 λέγων
1715 4859 1726 4870 ·
1861 4842 2024 4906 Θεὸς,

2145 4850 2268 4890 cens
2311 4855 2324 4890 :
2371 4833 2538 4898 Deus,
2591 4834 2810 4896 exaudi,
2855 4843 2965 4888 etc.
3020 4831 3161 4899 Quid
3190 4845 3353 4900 porro
3401 4828 3505 4884 sibi
3559 4827 3720 4882 vellet

441 4925 828 4991 εἰσάκουσον,
860 4929 954 4983 καὶ
985 4929 1052 4983 τὰ
1084 4929 1232 5000 ἑξῆς.
1266 4931 1330 4983 Τί
1351 4930 1394 4983 δ’
1419 4931 1485 4984 ἂν
1515 4930 1768 4984 ἐϐούλετο
1795 4933 1827 5002 ἡ
1856 4948 2025 5002 προσ-

442 5016 596 5087 ευχὴ,
642 5018 735 5070 καὶ
769 5018 928 5072 ποίαν
969 5017 1333 5087 δικαιολογίαν
1363 5015 1512 5090 εἶχε,
1552 5019 1678 5090 ἐξῆς
1728 5019 2024 5090 παρίστησι

442 5109 616 5176 λέγων
632 5127 646 5140 ·

503 5203 632 5256 ’Ὁτι
661 5202 962 5272 ἀλλότριοι
996 5204 1425 5272 ἐπανέστησαν
1462 5204 1554 5257 ἐπ’
1585 5205 1712 5274 ἐμὲ,
1751 5205 1846 5257 καὶ
1880 5220 2023 5272 κρα-

437 5296 589 5350 tutel
648 5294 950 5364 ἐῦξτησαν
1019 5298 1134 5366 τὴν
1191 5297 1406 5366 ψυχήν
1447 5314 1590 5365 μου,
1627 5296 1725 5348 καὶ
1773 5297 1844 5350 οὐ
1879 5311 2024 5363 προ-

437 5387 643 5443 έθεντο
665 5388 773 5442 τὸν
806 5388 952 5442 Θεὸν
974 5388 1229 5442 ἐνώπιον
1259 5387 1478 5442 αὐτῶν.
1509 5386 1672 5441 Ταῦτ’
1703 5382 1770 5458 ἦν
1800 5386 1867 5440 τὰ
1926 5387 2024 5456 τῆς

436 5482 825 5558 δικαιολογίας.
859 5485 972 5537 Kal.
996 5484 1098 5554 ὅρα
1133 5482 1250 5546 πῶς
1280 5483 1340 5535 οὐ
1389 5481 1483 5535 διὰ
1523 5481 1749 5554 μακρῶν
1792 5482 2024 5535 ἐκτείνει

439 5576 566 5638 τοὺς
581 5573 795 5644 λόγους,
822 5575 937 5629 ἀλλ’
968 5573 1064 5628 ἅτε
1102 5573 1219 5644 Θεῷ
1253 5572 1331 5644 τῷ
1362 5573 1539 5626 πάντα
1576 5572 1738 5626 εἰδότι
1775 5570 2021 5640 διαλεγό-

443 5683 626 5736 μενος,
661 5665 810 5737 αὐτῷ
842 5668 1001 5737 μόνον
1030 5666 1336 5736 ὑπόμνησιν
1365 5668 1615 5727 ποιεῖται,
1664 5665 1757 5736 τὴν
1804 5663 2022 5735 μακρὰν

439 5756 549 5810 τῶν
579 5760 920 5830 πραγμάτων
955 5757 1285 5812 ἀποσιωπῶν
1307 5756 1674 5810 διδατκαλίαν.
1701 5758 1928 5826 Μήποτε
1961 5755 2019 5806 δὲ

444 5850 570 5906 τοὺς
599 5849 691 5901 μὲν
709 5849 1022 5909 ἀλλοτοίους
1039 5849 1288 5910 ἠνίσσετο
1311 5850 1433 5912 τοὺς
1458 5851 1493 5904 Ζ
1503 5847 1713 5914 ιφαίους
1734 5849 1858 5912 τοὺς
1887 5845 2019 5910 ποὸς

2135 4929 2334 4991 oratio,
2365 4935 2420 4982 et
2447 4943 2611 4998 quam
2659 4926 3041 4982 defensionem
3086 4925 3419 4987 institueret,
3460 4921 3563 4976 sub
3601 4920 3718 4974 haec

2129 5021 2367 5090 explicat
2400 5020 2488 5075 his
2514 5019 2698 5075 verbis
2724 5038 2737 5074 :

2201 5197 2366 5254 Vens.
2405 5198 2542 5253 5-7.
2583 5199 2848 5266 Quoniam
2893 5197 3056 5252 alieni
3087 5196 3495 5249 insurrexerunt
3528 5188 3716 5244 adver-

2131 5309 2250 5346 sum
2283 5308 2385 5355 me,
2419 5300 2468 5345 et
2499 5291 2662 5360 fortes
2683 5290 3005 5360 qua’sierunt
3033 5287 3268 5340 animam
3303 5299 3498 5347 meam,
3532 5291 3582 5337 et
3612 5299 3715 5336 non

2131 5392 2511 5454 proposuerunt
2563 5382 2733 5436 Deum
2785 5389 2908 5434 ante
2962 5386 3296 5446 conspectum
3353 5391 3524 5430 suum.
3592 5373 3716 5429 Haec

2133 5485 2250 5534 erat
2285 5477 2632 5546 disceptatio.
2672 5475 2750 5528 Ac
2787 5474 2911 5529 vide
2941 5473 3073 5526 mihi
3107 5486 3215 5541 quo
3243 5477 3407 5541 pacto
3451 5483 3562 5523 non
3593 5468 3715 5521 lon-

2137 5585 2264 5641 gum
2299 5570 2542 5640 proferat
2579 5583 2926 5633 sermonem;
2965 5565 3062 5621 sed
3104 5573 3292 5634 utpote
3320 5562 3492 5618 Deum
3537 5559 3714 5615 omni-

2135 5661 2310 5715 scium
2366 5659 2672 5730 alloquens,
2732 5674 2847 5712 rem
2911 5656 3017 5727 ipsi
3062 5655 3238 5710 solum
3294 5663 3710 5716 commemorat,

2135 5753 2466 5822 longamque
2517 5750 2721 5822 negotii
2766 5750 3182 5819 explicationem
3230 5745 3450 5801 silentio
3490 5744 3708 5815 premit.

2129 5843 2268 5899 Num
2320 5859 2446 5900 vero
2507 5859 2604 5912 per
2661 5843 2870 5899 alienos
2930 5839 3244 5897 subindicat
3293 5837 3567 5911 Ziplneos,
3612 5833 3707 5904 qui
