4138 6386
435 402 541 462 46⁸1
1137 401 1404 460 EUSEBll
1441 393 1920 456 CIESABiENSIS
1957 391 2108 448 OPP.
2150 389 2331 447 PARS
2367 387 2452 445 ill.
2483 416 2554 430 ——-
2593 384 3002 442 EXEGETCA.
3602 378 3710 435 468

435 525 616 595 ipsum
642 523 787 594 apud
825 523 1044 578 Saulem
1077 520 1509 578 i'ncusaverant?
1537 519 1613 572 Ac
1637 533 1733 587 per
1759 522 1928 570 tortes
1949 516 2014 566 ιι-
2046 513 2069 569 Δ

2077 512 2208 569 ιτὸν
2243 510 2414 564 Σαούλ
2456 506 2897 568 ὲνδιαὸἀλλοντας
2927 503 3126 567 αὐτόν;
3160 501 3282 564 τούς
3311 500 3367 552 δὲ
3418 500 3711 568 κραταιούς

437 592 520 670 Ιὸε
554 592 792 670 animam
837 616 1012 686 ipsius
1063 622 1398 685 quarentes,
1435 611 1654 666 Saulem
1693 616 1747 662 et
1791 606 2021 661 comites

2123 603 2221 674 τὴν
2253 601 2431 674 ψυχὴν
2462 601 2628 656 αὐτοῦ
2656 598 2952 671 ζητοῦντας
2979 595 3139 648 αὐτὸν
3159 594 3249 646 τὸν
3275 592 3447 646 Σαοὺλ
3470 593 3565 644 καὶ
3586 593 3712 654 τοὺς

434 709 577 776 ejus,
614 708 708 778 qui
743 706 912 763 Deum
942 723 1050 762 non
1091 714 1457 779 proponentes
1492 712 1617 758 ante
1665 707 2020 770 conspectum

2127 695 2226 748 σὺν
2259 694 2409 764 αὐτῷ
2434 734 2447 754 ,
2480 695 2529 746 οἳ
2551 734 2565 758 ,
2599 693 2672 764 μὴ
2707 690 3031 762 προθέμενοι
3059 687 3151 740 τὸν
3194 685 3326 738 Θεὸν
3353 683 3580 736 ἐνώπιον
3610 682 3709 736 αὐ-

436 815 622 865 suum,
673 799 1107 869 insequebantur
1145 816 1267 855 eum
1323 799 1415 868 qui
1469 796 1603 851 nihil
1660 794 1763 850 sibi
1809 790 2024 860 injuriae

2122 787 2260 852 τῶν,
2292 787 2523 858 ήλαυνον
2550 785 2641 839 τὸν
2670 783 2835 855 μηδὲν
2879 781 3076 844 αὐτοὺς
3103 777 3403 848 ἠδικηκότα
3429 816 3443 840 ,
3485 774 3711 838 ἑαυτοὺς

434 890 744 959 intulisset;
779 867 844 947 ac
891 909 958 948 eo
991 908 1114 948 sese
1169 867 1451 954 fallebant,
1482 887 1630 959 quod
1668 893 1924 957 putarent
1962 897 2023 937 se
2055 936 2063 962 ,

2125 878 2444 941 ἀπατῶντες
2470 876 2548 947 τῷ
2572 873 2836 946 νομίζειν,
2865 874 2946 926 ὅτι
2977 871 3068 925 καὶ
3084 869 3236 942 παρά
3260 869 3321 921 τὸ
3347 867 3592 962 βούλημα
3619 867 3712 918 τοῦ

434 1000 598 1055 posse
633 953 830 1056 praeter
860 985 954 1041 Dei
1000 986 1334 1041 voluntatem
1370 953 1578 1052 aliquid
1614 953 1693 1034 illi
1723 978 1850 1032 mali
1880 974 2023 1030 inlli-
2055 953 2062 962 ’

2125 964 2262 1021 Θεοῦ
2293 963 2614 1036 δυνήσονταί
2642 981 2694 1016 τι
2721 961 2841 1014 κατ’
2870 959 3036 1014 αὐτοῦ
3061 977 3075 1025 ;
3111 959 3282 1034 Τοῦτο
3312 958 3357 1011 δ’
3395 953 3464 1028 ἦν
3504 956 3712 1028 ἀνδρῶν

435 1076 605 1145 gere?
635 1076 690 1130 ld
721 1092 854 1130 sane
889 1087 1008 1131 erat
1040 1075 1323 1130 hominum
1353 1076 1446 1143 qui
1487 1087 1596 1127 non
1621 1075 2024 1142 proposuerant

1728 1075 2024 1141 posuerant
2129 1059 2204 1130 μὴ
2240 1057 2595 1130 προθεμένων
2627 1057 2719 1111 τὸν
2751 1056 2883 1110 Θεὸν
2907 1054 3136 1108 ἐνώπιον
3164 1051 3362 1107 αὐτῶν.

433 1164 608 1228 Deum
645 1176 771 1222 ante
804 1175 1162 1237 conspectum
1194 1179 1378 1222 suum.

509 1259 640 1314 Hae
677 1276 836 1328 porro
868 1262 1068 1328 scripta
1090 1268 1234 1325 sunt,
1268 1256 1443 1327 inquit
1477 1254 1790 1325 Apostolus,
1830 1253 1885 1305 in
1921 1250 2022 1304 ad-

2209 1256 2469 1327 Ἑῃοάερη
2495 1256 2565 1310 δὲ
2590 1256 2797 1320 ταῦτα,
2825 1257 2988 1327 φησὶν
3011 1255 3041 1307 ό
3082 1253 3402 1318 Ἀπόστολος
3421 1293 3436 1316 ,
3463 1254 3552 1319 εις
3571 1268 3711 1308 rou-

434 1353 778 1406 mom'tt'onem
832 1360 1070 1406 nostram
1117 1352 1186 1411 9‘.
1242 1358 1300 1402 ut
1355 1348 1658 1401 imitatores
1707 1351 2021 1399 sanctorum

2126 1351 2340 1405 θεσίαν
2359 1349 2547 1419 ἡμῶν,
2578 1349 2652 1414 ὡς
2682 1350 2746 1404 ἂν
2775 1349 3010 1421 μιμηταὶ
3035 1347 3355 1418 γιγνοίμεθα
3384 1347 3494 1400 τῶν
3515 1346 3713 1415 ἁγίων,

434 1443 754 1510 efﬁciamur,
789 1447 835 1498 si
863 1443 1085 1514 quando
1117 1443 1170 1496 in
1223 1441 1428 1496 similia
1478 1438 1854 1493 inciderimus.
1901 1433 2023 1488 Non

2127 1443 2310 1496 εἴποτε
2344 1445 2458 1505 τοῖς
2490 1441 2698 1512 ὁμοίοις
2729 1441 3173 1512 περιπίπτωμεν.
3198 1441 3312 1494 Οὐκ
3339 1438 3452 1491 ἔστι
3484 1438 3593 1508 γὰρ
3621 1438 3710 1491 ὅτε

434 1544 521 1593 est
559 1551 691 1592 sane
740 1543 980 1606 tempus,
1014 1551 1124 1606 quo
1173 1534 1268 1605 qui
1315 1532 1507 1586 volunt
1557 1529 1644 1602 pie
1682 1529 1865 1584 vivere
1912 1541 2022 1580 non

2128 1534 2328 1595 πάντες
2360 1533 2406 1584 οἱ
2429 1530 2674 1594 θέλοντες
2701 1529 2942 1593 εὐσεϐῶς
2975 1529 3073 1600 ζῇν
3106 1529 3226 1599 οὐχι
3265 1528 3580 1593 διώκονται,
3617 1528 3711 1581 καὶ

436 1629 882 1698 persecutionem
915 1629 1214 1698 patiantur,
1253 1634 1307 1681 et
1348 1640 1460 1684 non
1490 1622 1619 1677 odio
1670 1621 1875 1691 injuste
1925 1619 2026 1672 ha-

2131 1624 2205 1695 μὴ
2237 1623 2521 1695 μισοῦνται
2555 1626 2712 1694 μῖσος
2743 1622 2929 1675 ἄδικον
2964 1620 3069 1673 ὑπὸ
3101 1619 3210 1673 τῶν
3231 1619 3323 1674 τὸν
3353 1619 3594 1673 ἐναντίον
3626 1619 3711 1670 αἰ-

436 1719 670 1779 beantur
694 1720 762 1774 ab
793 1720 883 1783 iis,
914 1720 1009 1790 qui
1045 1719 1381 1775 contrariam
1413 1718 1538 1776 vitat
1565 1713 1833 1769 rationem
1867 1710 2024 1765 insti-

2129 1733 2222 1788 ρου
2231 1715 2408 1785 μένων
2437 1714 2570 1784 βίον.
2605 1713 2717 1768 Καὶ
2740 1712 3013 1779 ἀναγκαῖά
3036 1727 3100 1779 γε
3125 1713 3259 1782 ἡμῖν
3280 1708 3351 1763 τὰ
3375 1707 3713 1778 προκείμενα

435 1819 679 1870 tuerunt.
706 1811 771 1866 Et
793 1827 924 1867 vero
949 1810 1259 1867 necessaria
1282 1810 1398 1864 haec
1422 1808 1580 1862 nobis
1603 1813 1732 1862 sunt
1758 1805 1825 1859 ad
1855 1803 2023 1858 disci-
2055 1863 2069 1875 .

2079 1865 2094 1875 _
2129 1811 2210 1870 εἰς
2245 1807 2594 1861 διδασκαλίαν
2615 1824 2627 1837 ·
2665 1806 2738 1870 ὡς
2769 1805 2834 1858 ἂν
2869 1807 2963 1859 καὶ
2992 1805 3145 1860 αὐτοὶ
3165 1805 3320 1875 δίκην
3343 1803 3559 1874 ἐπῳδῆς
3587 1803 3713 1855 ἐαυ-

436 1903 664 1974 plinam,
699 1910 759 1957 ut
790 1903 999 1959 scilicet
1026 1919 1128 1958 nos
1154 1917 1373 1980 quoque
1396 1902 1496 1955 hac
1525 1915 1627 1954 ceu
1657 1895 2024 1952 incantatione
2055 1863 2070 1918 1

2080 1865 2096 1917 ⁸
2125 1902 2239 1962 τοῖς
2273 1899 2564 1971 ὲπᾲδοιμεν
2591 1905 2691 1962 τὰς
2707 1896 2964 1961 τοιαύτας
2994 1895 3178 1966 φωνὰς
3196 1894 3612 1966 ἀναπέμποντες
3633 1892 3714 1964 τῷ

439 2009 693 2060 utamur;
736 1997 1054 2067 hujusmodi
1095 2011 1260 2052 voces
1302 1996 1411 2051 Deo
1442 1993 1776 2053 amittentes.
1807 2004 1931 2044 cum
1967 1989 2024 2043 in

2126 1990 2266 2061 Θεῷ,
2305 1990 2526 2044 ἐπειδὰν
2557 1989 2772 2062 ἐχθροῖς
2812 1989 3200 2061 περιπεσόντες
3231 1987 3712 2057 έπιὸουλευοίμεθα

434 2105 635 2150 manus
681 2089 1034 2176 inimicorum
1069 2088 1306 2165 delapsi,
1359 2101 1551 2143 eorum
1592 2083 1809 2138 insidiis
1847 2093 1899 2137 et
1929 2096 2024 2135 ca-

2127 2085 2218 2138 ὐπ’
2261 2085 2468 2152 αὐτῶν,
2517 2086 2612 2138 καὶ
2663 2083 3108 2154 διαδαλλοίμεθα,
3141 2084 3236 2137 καὶ
3273 2082 3708 2153 κινδυνεύοιμεν·

435 2184 658 2268 1111111Ιίίὸ
712 2175 837 2266 cum
889 2183 1134 2252 periculo
1189 2181 1533 2252 impetimur;
1601 2177 1848 2248 persuasi
1912 2190 2022 2229 non

2127 2177 2485 2248 πεπεισμένοι
2517 2178 2616 2230 οὐκ
2646 2177 2792 2250 ἀργὰ
2817 2175 3037 2229 ἔσεσθαι
3063 2175 3129 2229 τὰ
3163 2176 3384 2246 ῥήματα
3413 2175 3512 2244 τῆς
3544 2191 3711 2246 προσ-

434 2262 649 2328 inutilia
687 2262 802 2328 fore
828 2273 1095 2327 orationis
1129 2272 1315 2337 verba,
1352 2270 1446 2326 sed
1473 2269 1680 2324 auxilio
1707 2267 1866 2322 nobis
1900 2281 2022 2319 ma-

2127 2271 2310 2341 ευχῆς,
2337 2271 2402 2324 τὰ
2437 2271 2647 2342 μεγάλα
2680 2271 2736 2324 δὲ
2770 2269 3174 2341 συμϐαλοῦνται
3203 2270 3355 2339 ἡμῖν,
3400 2267 3589 2338 ὥσπερ
3618 2262 3713 2321 οῦν

435 2382 543 2442 gno
575 2366 786 2433 futura,
824 2374 1012 2437 utpote
1043 2365 1138 2436 qui
1186 2366 1346 2435 primi
1383 2362 1620 2418 orationi
1667 2377 1766 2415 nos
1805 2360 2024 2414 dederi-

2127 2364 2222 2416 καὶ
2247 2364 2430 2426 αὐτοῖς
2457 2366 2570 2427 τοῖς
2599 2362 2836 2434 πρώτοις
2864 2362 3206 2434 εὐξαμένοις.
3236 2361 3445 2414 Λύτίκα
3471 2360 3602 2430 γοῦν
3625 2361 3710 2412 εὐ-

437 2476 583 2515 mus.
617 2459 740 2514 Haec
777 2468 1033 2530 precatus
1087 2459 1269 2528 itaque
1303 2457 1496 2521 David,
1534 2453 1796 2510 continuo
1835 2451 2021 2522 pr0pi-

2129 2456 2358 2528 ξάμενος
2397 2458 2568 2510 ταῦτα
2609 2459 2637 2510 ὀ
2663 2456 2856 2522 Δαυῒδ,
2883 2458 3226 2528 παραχρῆμα
3277 2456 3515 2525 ἐπηκόου
3553 2454 3711 2526 ἔτυχε

433 2552 572 2606 tium
603 2552 794 2607 habuit
824 2551 1015 2615 Deum,
1049 2559 1103 2606 et
1129 2552 1250 2622 ejus
1287 2565 1391 2620 ope
1431 2549 1692 2619 dignatus
1739 2555 1840 2601 est.
1885 2544 2020 2598 Nam

2124 2551 2218 2604 τοῦ
2271 2550 2428 2614 Θεοῦ,
2468 2552 2562 2604 καὶ⁴
2609 2550 2851 2615 ἀξιοῦται
2896 2549 2998 2618 τῆς
3045 2551 3175 2620 παρ’
3226 2547 3389 2602 αὐτοῦ
3439 2546 3709 2618 βοηθείας.

433 2658 562 2698 cum
595 2645 902 2713 proximum
938 2650 1086 2698 esset
1124 2650 1183 2696 ut
1211 2648 1502 2712 caperetur
1540 2647 1594 2694 et
1633 2638 1816 2692 Saulis
1845 2638 2024 2692 mani-

2130 2642 2270 2711 Ἤδη
2327 2641 2435 2712 γὰρ
2471 2640 2679 2711 μέλλων
2725 2639 3042 2694 ἁλίσκεσθαι
3086 2637 3180 2691 καὶ
3229 2641 3349 2701 ταῖς
3398 2637 3492 2690 τοῦ
3538 2637 3711 2691 Σαοὺλ

434 2733 539 2790 bus
577 2735 906 2799 traderetur,
958 2735 1239 2803 insperato
1277 2740 1529 2788 servatur
1574 2747 1604 2786 a
1648 2731 1778 2794 Deo,
1829 2730 2026 2784 nuntio

2126 2733 2280 2804 χερσὶ
2335 2731 2741 2804 παραδίδοσθαι,
2805 2729 3125 2801 παραδόξως
3183 2730 3247 2782 ὲκ
3275 2728 3410 2781 Θεοῦ
3457 2727 3709 2792 σώζεται,

438 2823 658 2882 Sautem
703 2826 770 2880 ad
806 2825 912 2878 alia
958 2825 1173 2894 negotia
1212 2825 1552 2892 abducente,
1603 2823 1903 2879 secundum
1941 2821 2022 2874 hi-

2126 2825 2382 2894 ἀγγελίας
2411 2825 2498 2878 τὸν
2514 2825 2686 2877 Σαοὺλ
2712 2822 3108 2894 ἀπαγαγούσης
3132 2824 3217 2893 ἐφ⁸
3242 2822 3434 2893 ἑτέρας
3457 2821 3710 2892 ἀσχολίας

435 2920 664 2972 storiam
712 2917 826 2988 jam
879 2925 1212 2972 enarratam.
1257 2915 1624 2982 Quamobrem
1668 2915 1745 2968 ait
1789 2923 2020 2984 postea:

2127 2915 2268 2969 κατά
2319 2917 2413 2988 τὴν
2455 2914 2860 2987 παρατεθεῖσαν
2913 2913 3172 2985 ἱστορίαν.
3217 2912 3308 2966 Διὸ
3336 2913 3464 2983 ἑξῆς
3513 2927 3705 2981 φησιν·

435 3009 573 3063 Ecce
598 3011 738 3063 enim
779 3008 921 3063 Deus
951 3008 1172 3077 adjuvat
1203 3025 1304 3070 me,
1340 3008 1602 3062 Dominus
1631 3015 1904 3075 susceptor
1948 3015 2026 3059 est

2137 3009 2282 3064 Ἰδοὺ
2307 3009 2416 3079 γὰρ
2451 3012 2484 3062 ό
2514 3008 2658 3074 Θεὸς
2679 3006 2900 3075 βοηθεῖ
2906 3024 3028 3076 μοι,
3071 3008 3286 3075 Κύριος
3331 3003 3709 3071 ἀντιλήπτωρ

436 3103 630 3162 anima:
661 3117 807 3154 ntew.
846 3099 1058 3154 Avertet
1088 3100 1234 3153 mala
1264 3100 1498 3152 inimicis
1530 3100 1682 3160 meis,
1721 3108 1770 3152 et
1801 3099 1854 3152 in
1891 3097 2025 3152 veri-

2126 3097 2233 3166 τῆς
2253 3098 2461 3167 ψυχῆς
2474 3116 2614 3168 μου.
2653 3098 3037 3166 Ἀποστρέψ-ει
3057 3096 3129 3149 τὰ
3151 3096 3305 3150 κακὰ
3331 3095 3456 3162 τοῖς
3478 3094 3712 3165 ἐχθροῖς

436 3201 545 3244 tate
569 3203 660 3244 tua
691 3191 934 3260 disperde
959 3190 1101 3246 illos.
1135 3190 1469 3264 Diapsalma.
1503 3189 1817 3261 Diapsalma
1851 3197 2026 3243 muta-
2050 3234 2070 3288 (

2071 3232 2093 3248 η
2121 3208 2261 3260 μου,
2286 3192 2383 3244 καὶ
2409 3192 2480 3244 ἐν
2497 3189 2573 3259 τῇ
2591 3191 2842 3259 ἀληθείᾳ
2860 3207 2976 3244 σου
2998 3189 3443 3258 ἐξολόθρευσον
3463 3189 3705 3255 αὐτούς.

434 3284 640 3338 tionem
673 3283 958 3338 sententiae
987 3283 1220 3338 induxit.
1249 3284 1342 3336 Illa
1374 3283 1519 3338 enim
1545 3300 1642 3338 ceu
1675 3282 1884 3338 orando
1915 3281 2025 3337 Deo
2059 3280 2068 3288 ’

2076 3280 2092 3290 ’
2126 3282 2460 3352 Διάψαλμα.
2491 3283 2564 3336 Τὸ
2591 3282 2869 3354 διάψαλμα
2919 3281 3220 3353 μεταϐολὴν
3265 3281 3562 3352 εἰργάσατο
3609 3280 3710 3348 τῆς

430 3377 733 3440 emiserat;
784 3377 899 3430 haec
958 3392 1083 3430 vere
1137 3375 1296 3453 quasi
1347 3375 1666 3446 prophetice
1718 3375 2021 3445 subjungit,

2126 3376 2386 3438 διανοίας.
2416 3375 2497 3428 Τὰ
2541 3376 2640 3446 μὲν
2688 3375 2797 3448 γὰρ
2826 3375 2902 3438 ὡς
2943 3376 3000 3428 ἐν
3046 3377 3322 3445 προσευχῇ
3364 3373 3712 3444 ἀνεπέμπετο

434 3486 559 3541 quae
585 3471 818 3525 salutem
862 3470 1111 3540 precanti
1161 3473 1565 3540 praenuntiant,
1601 3469 1840 3523 inimicis
1870 3483 2021 3531 vero,

2124 3467 2202 3538 τῷ
2223 3467 2342 3539 Θεῷ
2361 3485 2374 3498 ·
2402 3467 2471 3521 τὰ
2499 3468 2556 3522 δὲ
2584 3467 2944 3539 προφητικῶς
2968 3467 3210 3536 ἐπιλέγει
3231 3508 3245 3530 ,
3281 3467 3349 3520 τὰ
3387 3467 3712 3527 θεσπίζοντα

433 3546 734 3630 equorum
771 3560 1027 3615 manibus
1075 3560 1215 3630 eripi
1260 3560 1493 3630 rogavit,
1527 3559 1849 3628 perniciem.
1894 3555 2025 3611 Haec

2127 3559 2402 3629 σωτηρίαν
2437 3558 2534 3628 μὲν
2557 3557 2634 3627 τῷ
2667 3557 2971 3629 εὐξαμένῳ,
3004 3557 3212 3611 πτῶσιν
3243 3557 3301 3610 δὲ
3331 3559 3445 3620 τοῖς
3475 3555 3709 3629 ἐχθροῖς,

435 3653 605 3724 igitur
643 3651 884 3722 Spiritus
937 3653 1118 3708 sancti
1170 3651 1354 3706 afﬂatu
1403 3650 1773 3716 vaticinatur;
1825 3649 1912 3703 his
1959 3663 2024 3702 ea

2128 3652 2220 3720 ἀφ’
2248 3645 2322 3704 ὧν
2347 3652 2611 3722 ρυσθῆναι
2637 3651 2857 3723 ηὔξατο.
2884 3651 3048 3705 Ταῦτ’
3075 3647 3167 3705 οῦν
3199 3651 3258 3715 ἐξ
3281 3651 3431 3719 ἁγίου
3459 3649 3712 3718 Πνεύμα-

435 3743 756 3814 signiiicans
789 3759 910 3814 quae
933 3759 992 3799 se
1019 3753 1334 3815 spectarent
1366 3763 1378 3797 :
1418 3741 1550 3796 Ecce
1577 3743 1719 3796 enim
1758 3741 1901 3796 Deus
1929 3739 2026 3794 ad-

2126 3760 2217 3806 τος
2255 3743 2618 3814 προφητεύει,
2677 3743 2748 3796 τὰ
2805 3744 2903 3813 μὲν
2957 3744 3085 3814 περὶ
3117 3743 3278 3796 αὐτὸν
3326 3745 3602 3814 σημαίνων
3653 3743 3711 3794 ἐν

430 3837 582 3904 juvat
613 3853 713 3902 me,
754 3836 1010 3895 Dominus
1055 3846 1326 3905 susceptor
1356 3847 1434 3891 est
1481 3837 1675 3890 anima:
1709 3851 1857 3888 meae.
1894 3833 2028 3899 Quae

2125 3832 2337 3896 τούτοις
2361 3851 2374 3863 ’
2419 3834 2562 3887 Ἰδοὺ
2597 3833 2706 3904 γὰρ
2743 3839 2774 3888 ό
2799 3833 2941 3900 Θεὸς
2961 3833 3180 3901 ,ϐοηθεῖ
3196 3851 3319 3902 μοι,
3363 3833 3577 3899 Κύριος
3607 3831 3711 3884 ἁν-

439 3947 568 3986 vero
626 3930 692 3985 ad
751 3932 1007 3988 inimicos
1073 3949 1206 3987 suos
1239 3933 1534 4001 pertinent,
1585 3931 1798 3986 scilicet
1834 3931 1902 3984 ad
1937 3929 2025 3983 Zi-

2127 3924 2424 3994 τιλήπτωρ
2454 3926 2564 3995 τῆς
2590 3925 2795 3994 ψυχῆς
2811 3945 2932 3995 μου
2948 3943 2963 3956 ·
2988 3925 3056 3978 τὰ
3081 3926 3138 3979 δὲ
3160 3925 3288 3996 περὶ
3319 3923 3427 3977 τῶν
3455 3923 3711 3976 ἐναντίων

441 4021 650 4090 phmos,
683 4021 776 4091 qui
816 4021 996 4090 ipsum
1037 4021 1181 4091 apud
1222 4019 1444 4076 Saulem
1476 4021 1794 4076 calumniati
1852 4027 2022 4085 sunt;

2127 4017 2297 4087 αὐτῷ,
2352 4019 2470 4087 ἤτοι
2505 4019 2633 4082 περὶ
2696 4018 2803 4072 τῶν
2840 4018 3080 4088 Ζιφαίων
3127 4016 3234 4068 τῶν
3276 4015 3711 4086 διαδεδληκότων

437 4108 556 4162 sive
587 4107 654 4161 ad
687 4109 1003 4176 spirituales
1037 4109 1304 4179 quosdam
1336 4120 1389 4164 et
1413 4111 1663 4165 occultos
1693 4111 1901 4174 hostes,
1931 4111 2024 4180 qui

2128 4111 2289 4163 αὐτὸν
2338 4111 2477 4181 πρὸς
2526 4111 2616 4164 τὸν
2667 4111 2874 4174 Σαοὺλ,
2924 4113 2956 4182 ἢ
2989 4112 3082 4164 καὶ
3115 4108 3322 4180 νοητῶν
3365 4126 3522 4161 τινων
3553 4109 3584 4179 ἢ
3617 4109 3711 4160 καὶ

434 4199 558 4268 ejus
601 4199 902 4254 secundum
937 4199 1103 4255 Deum
1151 4200 1422 4270 prol‘ectui
1479 4201 1818 4264 invidebant,
1861 4209 2026 4269 atque

2128 4203 2350 4274 ἀφανῶν
2381 4204 2588 4276 ἐχθρῶν
2621 4204 2730 4257 τῶν
2764 4204 3233 4276 διαφθονουμένων
3267 4203 3430 4257 αὐτοῦ
3473 4206 3540 4274 τῇ
3569 4201 3713 4255 κατὰ

440 4289 564 4353 ideo
591 4290 1058 4362 conspirationem
1094 4292 1360 4346 adversus
1401 4307 1523 4345 eum
1564 4291 1908 4355 conﬂabant,
1941 4292 2026 4345 his

2127 4296 2259 4348 Θεὸν
2292 4300 2562 4367 προκοπῇ,
2591 4298 2682 4350 καὶ
2715 4297 2804 4350 διὰ
2835 4298 2992 4352 τοῦτο
3016 4296 3496 4369 συσκευαζομένων
3523 4294 3708 4353 αὐτὸν,

438 4383 622 4437 verbis
655 4383 811 4438 eli'ert
849 4385 1089 4437 :Arertet
1124 4383 1268 4436 mala
1296 4384 1522 4436 inimicis
1553 4385 1704 4446 meis,
1735 4393 1782 4437 et
1814 4384 1867 4436 in
1890 4385 2027 4437 veri-

2128 4389 2186 4440 ὲν
2207 4387 2285 4457 τῷ
2307 4429 2319 4447 ,
2360 4389 2745 4458 Ἀποστρέψει
2771 4389 2842 4443 τὰ
2873 4391 3031 4444 κακὰ
3053 4390 3173 4456 τοῖς
3188 4389 3422 4458 ἐχθροῖς
3445 4406 3586 4457 μου,
3611 4387 3708 4440 καὶ

439 4482 550 4528 tute
597 4483 691 4526 tua
738 4474 983 4544 disperde
1029 4475 1170 4530 illos.
1229 4474 1544 4530 Secundum
1585 4491 1716 4530 vero
1773 4474 2027 4547 Symma-

2126 4479 2196 4531 ἐν
2227 4478 2301 4547 τῇ
2322 4481 2573 4549 ἀληθείᾳ
2600 4499 2716 4535 σου
2738 4483 3179 4550 ἐξολόθρευσον
3199 4484 3440 4547 αὐτούς.
3467 4482 3625 4534 Κατά
3654 4481 3710 4536 δὲ

437 4567 602 4618 chum
633 4583 645 4619 :
686 4565 974 4630 Relribuet,
1009 4568 1206 4636 inquit,
1240 4568 1384 4620 mala
1432 4569 1497 4621 iis
1545 4570 1632 4638 qui
1668 4568 1796 4620 mihi
1843 4586 2024 4624 muros
2059 4573 2071 4628 1

2076 4579 2102 4628 )
2130 4571 2221 4624 τὸν
2261 4573 2589 4642 Σύμμαχον·
2650 4572 3098 4634 Ἀνταποδώσει,
3157 4575 3322 4645 φησι,
3381 4575 3539 4627 κακὰ
3588 4573 3710 4639 τοῖς

437 4657 690 4724 auferunt
721 4675 738 4711 :
780 4660 834 4712 in
869 4661 1086 4713 veritate
1145 4669 1237 4712 tua
1295 4661 1451 4713 silere
1505 4660 1592 4728 fac
1639 4677 1746 4712 eos.
1785 4660 1852 4712 Et
1881 4661 2023 4726 vide,

2129 4664 2574 4732 ἀποτειχίζουσί
2603 4683 2700 4734 με,
2734 4667 2802 4718 ἐν
2832 4663 2904 4731 τῇ
2933 4664 3185 4731 ἀληθείᾳ
3212 4681 3328 4716 σου
3363 4661 3709 4728 ἀποσιώπη-

438 4767 569 4816 num
632 4752 749 4804 hac
811 4767 936 4805 cum
993 4751 1223 4805 historia
1285 4754 1578 4821 quadrent.
1638 4751 1771 4816 Nam
1823 4752 2027 4823 Ziphaai

2129 4771 2246 4810 σον
2265 4759 2505 4823 αὐτούς.
2534 4759 2642 4810 Καὶ
2672 4759 2774 4829 ὅρα
2793 4757 2840 4808 εἰ
2869 4755 2943 4827 μὴ
2965 4757 3248 4826 συμφωνεῖ
3278 4753 3450 4807 ταῦτα
3472 4757 3536 4825 τῇ
3571 4756 3711 4807 ἱστο-

441 4845 620 4926 ipsum
654 4844 796 4914 apud
827 4862 886 4899 se
915 4845 1132 4898 latitare
1164 4844 1457 4906 volentem,
1491 4846 1651 4914 quasi
1685 4845 2028 4902 denudantes

2133 4847 2244 4918 ρίᾳ.
2279 4847 2608 4917 Ἐπειδήπερ
2633 4847 2682 4898 οἱ
2709 4847 2920 4914 Ζιφαῖοι
2946 4844 3268 4916 βουλόμενον
3293 4845 3455 4898 αὐτὸν
3485 4844 3714 4914 κρύπτε-

437 4943 492 4990 ct
522 4952 709 4991 muros
745 4938 848 5006 ipsi
881 4938 1214 4999 auferentes,
1247 4938 1424 5004 ipsum
1453 4938 1746 4993 calumniis
1771 4945 1824 4993 et
1845 4939 2028 4994 verbis

2133 4937 2256 4992 σθαι
2281 4942 2410 5009 παρ’
2433 4941 2634 5004 αὐτοῖς,
2664 4938 2853 5011 ὥσπερ
2877 4938 3321 5010 ἀπογυμνοῦντες
3360 4940 3453 4991 καὶ
3492 4940 3711 4992 ἀποτει-

439 5027 727 5083 diabolicis
774 5029 1110 5100 impetebant
1160 5028 1304 5099 apud
1361 5025 1580 5084 Saulem
1620 5050 1633 5084 :
1677 5045 1847 5101 quare
1903 5031 2028 5086 illos

2130 5031 2391 5102 χίζοντες,
2421 5030 2695 5084 διέϐαλλον
2730 5031 2866 5101 πρὸς
2895 5031 2985 5084 τὸν
3021 5031 3215 5093 Σαοὺλ,
3253 5029 3430 5098 λόγοις
3475 5029 3710 5084 διαϐολι-

436 5123 562 5201 jure
585 5122 956 5186 subindicavit
988 5123 1074 5178 his
1100 5123 1284 5176 verbis
1322 5141 1335 5176 :
1367 5121 1634 5176 Retribuet
1668 5124 1814 5176 mala
1845 5124 1910 5177 iis
1939 5124 2028 5194 qui

2132 5127 2246 5188 κοῖς
2277 5125 2397 5176 κατ’
2425 5123 2588 5176 αὐτοῦ
2617 5123 2922 5196 χρώμενον
2953 5124 3142 5196 διόπερ
3167 5124 3382 5186 αὐτοὺς,
3434 5122 3508 5184 ὡς
3542 5121 3709 5185 εἰκὸς,

440 5214 570 5268 mihi
622 5231 800 5268 muros
850 5216 1124 5285 auferunt,
1166 5226 1214 5269 et
1250 5216 1304 5268 in
1335 5217 1552 5268 veritate
1594 5225 1688 5268 tua
1741 5216 1897 5269 silere
1941 5216 2028 5284 {ac

2130 5217 2497 5286 αἰνιττόμενος
2523 5216 2706 5284 ἔλεγεν
2725 5233 2738 5247 ⁸
2789 5215 3214 5270 Ἄνταποδώσει
3237 5215 3392 5268 κακὰ
3415 5212 3536 5279 τοῖς
3565 5213 3712 5266 ἁπο-

380 5309 383 5311 ’
439 5323 548 5361 cos.
582 5305 792 5361 Bonum
833 5308 968 5386 ipsis
1019 5309 1293 5363 silentium
1328 5313 1433 5369 est,
1479 5316 1539 5360 ut
1594 5324 1662 5361 ne
1692 5308 1895 5362 talibus
1926 5307 2014 5361 ad-

2129 5305 2450 5375 τειχίζουσι
2478 5325 2575 5376 με,
2622 5307 2811 5373 καὶ-ἐν
2835 5305 2909 5375 τῇ
2934 5307 3186 5374 ἀληθεία
3218 5321 3335 5358 σου
3361 5300 3678 5370 ἁποσιώπη
3696 5332 3711 5340 -

443 5416 658 5454 versum
698 5417 785 5455 me
835 5403 1128 5458 calumniis
1181 5410 1426 5456 utantur.
1482 5402 1788 5456 Admodum
1844 5410 2026 5456 autem

2129 5416 2244 5454 σον
2261 5401 2503 5465 αὐτούς.
2542 5399 2694 5470 Καλὴ
2729 5398 2836 5470 γὰρ
2866 5400 3050 5462 αὐτοῖς
3073 5400 3106 5468 ἡ
3138 5396 3335 5467 σιωπὴ,
3371 5397 3460 5448 ἵνα
3499 5397 3572 5466 μὴ
3597 5410 3710 5447 τοι-

441 5501 809 5561 congruenter
839 5492 1006 5548 Deum
1039 5502 1443 5565 susceptoreiu,
1481 5494 1596 5550 sive
1634 5494 1867 5560 fulcrum
1908 5494 2028 5546 ani-

2129 5493 2323 5556 αύταις
2351 5493 2590 5566 χρῶνται
2614 5494 2734 5546 κατ’
2775 5492 2909 5562 ἐμοῦ
2941 5485 3237 5555 διαϐολαῖς.
3256 5490 3468 5560 Σφόδρα
3493 5489 3551 5542 δὲ
3580 5505 3713 5541 κατ-

442 5598 544 5636 maa
600 5599 738 5648 suae,
795 5587 1100 5641 secundum
1159 5587 1551 5660 Symmachum
1612 5587 1842 5642 vocavit.
1887 5586 2024 5652 Quia

2130 5588 2374 5658 αλλήλως
2406 5587 2496 5640 τὸν
2521 5585 2652 5640 Θεὸν
2684 5585 3075 5656 ἁντιλήπ-τορα,
3112 5583 3523 5653 ἢύπέρεισμα,
3573 5580 3715 5633 κατὰ

444 5672 589 5726 enim
634 5674 890 5743 superius
917 5674 1086 5731 fortes
1112 5678 1428 5748 quaerebant
1477 5678 1714 5732 animam
1745 5677 1898 5748 ejus;
1930 5692 2029 5738 nec

2129 5682 2219 5746 τὸν
2246 5681 2564 5758 Σύμμαχον,
2599 5679 2852 5752 ὠνόμασε
2873 5677 2970 5750 τῆς
3013 5675 3204 5730 ἑαυτοῦ
3239 5675 3436 5746 ψυχῆς.
3496 5669 3716 5746 Ἐπειδὴ

519 5852 560 5891 θ’
605 5849 785 5917 ICOr.
826 5869 880 5916 κ.
931 5856 990 5916 ιι
