4138 6386
445 405 552 458 ιω

449 518 560 589 γὰρ
589 513 848 585 ἀνωτέρω
876 512 923 565 οἱ
955 505 1207 581 κραταιοὶ
1233 501 1461 574 ἐζήτουν
1486 496 1583 568 τὴν

449 582 549 680 οὐχ
570 607 742 669 οὕτως
764 582 1143 658 ἐπιϐουλεῦσαι
1172 592 1337 650 αὑτοῦ
1370 589 1446 661 τῷ
1468 587 1681 659 σώματι
1708 601 1921 656 προῃρη
1931 582 2026 654 μέ-

452 674 554 765 νοι,
580 700 657 762 ὼς
682 700 751 768 τῇ
785 695 930 765 ψυχῇ
956 710 968 722 ·
997 691 1224 751 εἰκότως
1249 683 1342 739 καὶ
1370 679 1529 743 αὐτὸς
1553 679 1643 731 τὸν
1688 674 1893 745 Κύριον
1940 674 2033 726 άν-

454 761 754 860 τιληπτορα
783 761 1100 854 τῆςέαυτοῦ
1127 777 1303 848 ψυχῆς
1341 769 1642 843 ὠνόμαζεν.
1692 764 1894 835 Ἔμελε
1925 761 2035 833 γὰρ

457 852 607 950 αὑτῷ
635 852 786 930 ούδέν
826 852 921 926 τοῦ
966 869 1238 941 σώματος.
1272 866 1392 919 ούδέ
1419 863 1528 916 τῶν
1573 858 1731 921 ἐκτὸς
1764 852 2035 925 ὑπαρχόν-

458 945 590 1034 των,
618 969 738 1023 οὐδὲ
760 966 858 1035 τῆς
883 962 1218 1036 προσκαίρου
1245 957 1449 1028 ταύτης
1477 953 1642 1024 ζωῆς,
1674 948 1840 1021 μόνης
1859 946 1915 999 δὲ
1941 945 2040 1015 τῆς

459 1062 657 1118 ἑαυτοῦ
682 1059 879 1130 ψυχῆς.

548 1150 867 1215 Ἑκουσίως
882 1147 1046 1201 θύσω
1068 1158 1188 1206 σοι,
1201 1134 1716 1210 ἐξομολογηξσομαι
1739 1131 1819 1198 τῷ
1834 1130 2045 1197 ὀνόμα-

466 1245 524 1300 τί
548 1259 688 1304 σου,
712 1242 909 1308 Κύριε,
934 1238 1024 1290 ὅτι
1060 1235 1305 1304 ἀγαθόν.
1339 1230 1438 1284 Διά
1467 1227 1577 1281 τῶν
1604 1224 1833 1297 πρώτων
1862 1221 2045 1290 δέησιν

467 1338 563 1392 καὶ
590 1332 870 1406 ἱκετηρίαν
897 1326 1226 1398 ἀναπέμψας
1257 1322 1335 1394 τῷ
1367 1321 1507 1391 Θεῷ,
1535 1320 1629 1371 καὶ
1651 1316 1749 1385 τὴν
1780 1312 2047 1369 δικαιολο-

466 1426 593 1495 γίαν
617 1396 781 1477 αὐτού
816 1396 1105 1487 ἐκθέμενος
1130 1452 1145 1477 ,
1178 1414 1236 1465 ἐν
1262 1412 1371 1473 τοῖς
1403 1406 1696 1476 δευτέροις,
1742 1396 2051 1470 πληρωθεὶς

374 1582 380 1590 ι
466 1516 565 1570 τοῦ
592 1513 924 1584 πνεύματος,
956 1504 1201 1570 θεσπίζει
1239 1504 1308 1556 τά
1339 1518 1398 1553 τε
1430 1499 1559 1569 περὶ
1584 1494 1746 1550 αὐτὸν
1794 1491 2055 1563 μέλλοντα

471 1605 730 1669 ἔσεσθαι,
782 1602 852 1656 τά
907 1616 965 1653 τε
998 1602 1112 1660 τοῖς
1143 1595 1359 1666 ἐχθροῖς
1405 1587 1570 1646 αὐτοῦ
1624 1584 2049 1658 συμϐησόμενα·

472 1695 572 1753 εἷθ’
606 1697 733 1768 ἑξῆς
763 1694 858 1749 καὶ
884 1689 1193 1752 ἀκολούθως
1227 1690 1285 1741 ἐν
1328 1684 1407 1755 τῷ
1456 1683 1628 1754 τρίτῳ
1674 1678 1831 1751 μέρει
1868 1672 2057 1735 θυσίας

476 1791 569 1845 καὶ
596 1758 951 1859 εύχαριστίας
983 1780 1202 1836 ἀνύσειν
1240 1773 1635 1844 ἐπαγγέλλεται
1677 1768 1754 1839 τῷ
1802 1765 1924 1837 Θεῷ
1972 1758 2059 1833 ἐφ’

475 1877 567 1946 οἷς,
589 1854 970 1934 εὖῇέπονθεν.
1019 1873 1105 1935 Ὡς
1127 1870 1235 1941 γὰρ
1259 1868 1323 1938 δὴ
1356 1863 1640 1926 διασωθεὶς
1673 1861 1767 1914 καὶ
1810 1859 1908 1929 τῆς
1946 1854 2054 1908 τῶν

475 1973 685 2045 ἐχθρῶν
712 1968 1001 2038 ἐπιϐουλῆς
1021 1960 1483 2035 ἢλευθερωμένος,
1510 1958 1570 2010 οὐ
1598 1954 1777 2027 μόνον,
1806 1949 1940 2005 ἀλλά
1961 1948 2055 2002 καὶ

476 2040 818 2134 τδνίδλεθρον
845 2061 953 2113 τῶν
989 2055 1202 2128 ἐχθρῶν
1230 2051 1447 2114 ἐπιδὼν,
1474 2049 1622 2103 θύειν
1666 2045 1762 2100 καὶ
1807 2040 2057 2114 ἐξομολο-

478 2155 753 2229 γήσασθαι
798 2152 874 2224 τῷ
908 2151 1133 2220 ὀνόματι
1160 2145 1253 2200 τοῦ
1282 2143 1489 2215 Κυρίου
1540 2139 1912 2209 ὑπισχνεῖται»
1964 2130 2059 2186 καὶ

480 2225 653 2305 ταῦτα
700 2245 956 2315 προλέγει
986 2236 1257 2303 θεσπίζων
1292 2235 1398 2307 πρὸ
1440 2233 1537 2303 τῆς
1564 2231 1671 2285 τῶν
1722 2225 2060 2299 πραγμάτων

483 2341 783 2401 ἐκϐάσεως.
816 2339 945 2389 Ὅτε
974 2335 1083 2404 γὰρ
1129 2332 1177 2384 οἱ
1213 2330 1423 2398 Ζιφαῖοι
1478 2323 1720 2385 ἐλθόντες
1778 2319 1917 2392 πρὸς
1969 2317 2061 2370 τὸν

484 2434 656 2488 Σαοὺλ
702 2427 878 2484 εἶποψ
935 2425 1080 2481 Ἰδοὺ
1131 2420 1310 2476 Δαυῒδ
1343 2420 1670 2486 κέκρυπται
1702 2413 1839 2479 παρ’
1879 2409 2061 2480 ἡμῖν·

485 2526 659 2606 ἀρχὴν
686 2524 759 2577 ἐτ’
790 2520 1019 2591 ἐχούσης
1050 2518 1148 2589 τῆς
1171 2516 1290 2570 κατ’
1327 2510 1504 2566 αὐτῶν
1548 2506 1789 2569 ἱστορίας
1832 2505 1925 2557 καὶ
1958 2501 2065 2555 τῶν

744 2607 1337 2689 ἅρπᾶταὸεϐληκότων
1358 2601 1549 2665 αὐτὸν,
1582 2600 1702 2655 τότε
1736 2596 1801 2668 δὴ
1842 2595 1912 2649 τὰ
1937 2592 2065 2664 τέλη

489 2688 597 2770 τῶν
637 2712 978 2786 πραγμάτων
1032 2707 1194 2769 αὐτὸς
1231 2701 1475 2763 θεσπίζει
1509 2739 1523 2760 ,
1554 2695 1623 2748 τὰ
1673 2688 1895 2759 ὕστερόν
1938 2703 2069 2740 ποτε

488 2779 832 2878 γενησόμενα
865 2798 1260 2873 προλαμϐάνων
1287 2794 1361 2856 ὡς
1388 2790 1489 2863 ἤδη
1513 2785 1794 2857 γεγονότα.
1838 2779 1931 2834 Διό
1964 2796 2068 2848 φη-

491 2873 620 2956 σιν’-
642 2873 771 2950 Ὅτι
803 2896 872 2948 ἐκ
924 2892 1129 2957 πάσης
1183 2887 1446 2954 θλίψεως
1472 2881 1704 2949 cepam.»
1738 2896 1835 2949 με,
1872 2873 1969 2929 καὶ
2002 2873 2073 2925 ἐν

492 2991 617 3057 τοῖς
643 2986 880 3059 ἐχθροῖς
898 3002 1017 3054 μου
1047 2979 1283 3035 ἐπεῖδεν
1317 2980 1349 3031 ὀ
1376 2973 1682 3045 ὀφθαλμός
1703 2988 1843 3041 μου.
1886 2965 2073 3021 Ταῦτα

492 3083 603 3154 γὰρ
625 3057 850 3150 ὕστερον
889 3075 985 3148 μέν
1016 3089 1143 3127 ποτε
1180 3071 1401 3140 γέγονεν
1422 3085 1433 3097 ·
1483 3067 1632 3136 ὅμως
1663 3063 1720 3116 δὲ
1770 3057 2074 3135 προγνώσει

494 3150 590 3225 τού
618 3171 775 3239 ἁγίου
807 3164 1123 3235 Πνεύματος
1159 3161 1235 3224 ὡς
1279 3158 1379 3230 ἤδη
1417 3156 1556 3210 αύτά
1595 3152 1859 3223 γεγονότα
1893 3150 2075 3218 ἀπαγ-

496 3264 694 3332 γέλλει,
729 3260 824 3315 καὶ
853 3258 939 3312 ἐπ’
974 3257 1159 3317 αὐτοῖς
1184 3252 1530 3323 εὐχαριστεῖ,
1567 3247 1661 3301 καὶ
1699 3244 2079 3309 θύσειν·ἐ.παγ-

499 3330 767 3423 γέλλεται,
821 3348 917 3401 καὶ
946 3340 1437 3415 ἐξομολογήσεσθαι
1492 3336 1571 3408 τῷ
1598 3334 1786 3406 Κυρίῳ
1810 3376 1825 3399 ,
1878 3330 2075 3399 λέγων·

513 3445 842 3510 Ἑκουσίως
899 3441 1064 3495 θύσω
1108 3451 1226 3490 σοι.
1276 3433 1333 3487 Ὀ
1380 3432 1437 3485 δέ
1497 3427 1749 3490 Ἀκύλας,
1794 3425 1888 3477 Ἑν
1913 3423 2084 3476 ἐκου-

502 3536 762 3607 σιασμῷ,
811 3534 965 3605 φησὶ,
994 3528 1267 3587 θυσιάσω
1313 3540 1433 3579 σοι.
1484 3520 1702 3589 Ἐπειδὴ
1749 3516 1859 3588 γὰρ
1901 3515 2086 3577 ἄοικος

505 3633 599 3685 καί
621 3629 814 3690 ἄπολις
854 3626 949 3679 καὶ
984 3622 1229 3681 ἀνέστιος
1251 3619 1347 3680 ὢν,
1379 3618 1437 3669 ἐν
1459 3616 1578 3675 ταῖς
1603 3610 1829 3683 ἐρήμοις
1852 3607 2090 3661 ἐποιεῖτο

505 3723 607 3785 τὰς
638 3717 943 3791 διατριϐὰς,
972 3714 1155 3768 καινὸν
1184 3709 1373 3778 ἐξεῦρε
1420 3705 1619 3777 τρόπον
1674 3701 1883 3763 θυσίας.
1910 3697 2007 3780 Ii;
2044 3695 2089 3747 δ’

506 3811 577 3884 ἦν
606 3807 762 3873 οὗτος
788 3826 804 3875 ;
869 3809 965 3859 Ἐν
990 3796 1373 3867 ἑκουσιασμῷ
1392 3838 1406 3858 ,
1437 3794 1607 3864 φησὶ,
1662 3772 2088 3845 θυσιάσωσοι.

524 3871 711 3976 ίὶρκεῖ
743 3871 852 3970 γάρ
886 3899 920 3968 ἡ
951 3892 1267 3959 ἐκουσιότης
1321 3888 1416 3939 καὶ
1456 3887 1489 3956 ἡ
1521 3881 1835 3954 προαίρεσις
1861 3919 1876 3943 ,
1925 3877 1991 3930 δι’
2026 3871 2094 3947 ἦς

511 3971 821 4064 ἀναπέμψω
854 4007 937 4042 σοι
961 3986 1059 4057 τὴν
1090 3983 1299 4036 θυσίαν.
1335 3979 1409 4031 Ού
1454 3977 1564 4047 γὰρ
1597 3974 1780 4045 ἠγνόει
1822 3972 1912 4025 τὸν
1963 3971 2093 4024 Θεὸν

514 4085 953 4158 παραιτούμενον
986 4078 1082 4149 μὲν
1105 4074 1201 4137 τὰς
1219 4074 1282 4126 δι’
1309 4070 1561 4141 αἱμάτων
1582 4067 1676 4120 καὶ
1700 4066 1852 4131 ζώων
1881 4064 2095 4134 σφαγῆς

516 4153 728 4242 θυσίας.
760 4172 983 4243 λογικὴν
1010 4170 1065 4223 δέ
1098 4166 1287 4221 θυσίαν
1330 4163 1428 4233 τὴν
1456 4160 1522 4213 δι’
1568 4158 1827 4220 αἰνέσεως
1857 4153 2097 4217 ἀσπαζό-

522 4286 709 4343 μενον,
746 4266 842 4320 ἆτε
876 4254 1323 4334 προμεμαθηκὼς
1367 4253 1447 4316 τὸ,
1486 4250 1688 4304 Θῦσον
1718 4246 1799 4313 τῷ
1839 4244 1959 4311 Θεῷ
1996 4247 2098 4298 θυ-

518 4335 665 4419 σίαν
706 4356 1013 4419 αἰνέσεως,
1048 4354 1147 4405 καὶ
1173 4345 1400 4411 ἀπόδος
1423 4343 1503 4408 τῷ
1527 4342 1724 4409 Κυρίῳ
1777 4338 1885 4405 τὰς
1912 4335 2100 4405 εὐχάς

520 4470 658 4509 σου.
693 4452 910 4517 Ταύτην
943 4441 1060 4508 οὖν,
1093 4440 1278 4511 φησὶν,
1308 4434 1567 4497 ἑκουσίως
1594 4431 1742 4485 θύσω
1772 4447 1853 4484 σοι
1883 4430 1981 4501 τὴν
2008 4428 2101 4481 θυ-

1583 375 2086 436 COMMENTARIA
2124 372 2192 429 ιΝ
2235 366 2573 426 PSALMOS.

1624 496 1802 565 ψυχὴν
1838 492 2025 557 αὑτοῦ,
2058 499 2074 550 Δ

2178 504 2237 543 ue
2262 487 2337 541 ita
2364 479 2582 551 corpori
2624 475 2854 532 insidias
2887 478 3099 527 struere
3128 465 3462 537 cogitabant,
3499 471 3555 514 ut
3584 460 3702 514 ani-

3593 350 3699 399 4Ἶο

2132 594 2264 645 mat;
2296 576 2493 630 merito
2522 572 2639 640 ipse
2660 566 2952 621 Dominum
2975 566 3347 628 susceptorem
3374 552 3570 607 animae
3592 561 3704 603 sum

2135 641 2492 738 nuncupavit.
2542 662 2689 717 Nihil
2734 657 2935 728 quippe
2964 653 3032 708 de
3061 662 3291 720 corpore
3316 659 3492 714 neque
3523 641 3591 696 de
3615 655 3705 694 re-

2136 767 2241 820 bus
2270 737 2427 816 cxtra
2471 756 2665 829 positis
2705 749 2972 808 sollicitus
2998 753 3137 808 crat,
3171 755 3347 811 neque
3383 737 3451 793 de
3500 745 3707 804 tempo-

2138 870 2305 911 ranea
2335 854 2439 908 hac
2470 852 2615 905 vita:
2649 845 2746 902 sed
2772 844 2839 898 de
2862 841 3042 896 anima
3068 846 3296 893 tantum.

2214 1122 2381 1177 Vsus.
2409 1118 2464 1180 8,
2494 1116 2547 1170 9.
2602 1109 2911 1167 Voluntaria
2937 1100 3252 1172 sacriﬁcabo
3287 1097 3401 1162 tibi,
3431 1090 3715 1163 conﬁtebor

2147 1213 2350 1270 nomini
2381 1222 2490 1273 tuo,
2524 1206 2763 1265 Domine,
2798 1201 3049 1272 quoniam
3079 1195 3272 1249 bonum
3300 1199 3397 1245 est.
3422 1189 3558 1242 Cum
3582 1184 3715 1255 prio-

2149 1306 2304 1360 ribus
2328 1302 2511 1357 verbis
2544 1294 2988 1353 obsecrationem
3028 1296 3082 1343 et
3129 1280 3582 1354 supplicationem
3612 1273 3721 1329 Deo

2151 1396 2445 1456 emisisset,
2472 1408 2537 1446 ac
2558 1385 3012 1458 disceptationem
3043 1393 3199 1434 suam
3229 1372 3606 1443 exposuisset;
3639 1381 3722 1421 se-

2155 1489 2372 1552 cundis,
2405 1499 2527 1556 quae
2555 1482 2681 1545 sibi,
2714 1493 2838 1549 qua:
2865 1471 3104 1530 inimicis
3135 1469 3250 1525 suis
3280 1470 3541 1521 eventura
3570 1462 3723 1512 erant

2158 1582 2353 1653 spiritu
2422 1579 2619 1649 plenus
2664 1570 3002 1627 vaticinatur
3040 1589 3052 1619 :
3091 1560 3288 1619 deinde
3336 1561 3726 1623 consequenter

2160 1673 2322 1727 tertio
2374 1671 2494 1724 loco
2544 1665 2757 1720 hostias
2807 1669 2863 1717 et
2907 1657 3207 1729 gratiarum
3256 1649 3500 1704 actiones
3534 1659 3594 1700 se
3622 1640 3730 1697 Deo

2164 1780 2259 1835 pro
2288 1759 2565 1818 beneﬁciis
2586 1755 2995 1829 persoluturum
3023 1746 3331 1818 pollicetur.
3362 1738 3497 1793 Nam
3529 1742 3587 1789 ut
3616 1750 3730 1789 ere-

2089 1837 2129 1890 B
2162 1867 2287 1928 plus
2315 1861 2369 1910 et
2397 1852 2463 1907 ab
2486 1824 2833 1905 inimicorum
2878 1839 3098 1898 insidiis
3123 1836 3428 1897 liberatus;
3461 1842 3635 1897 neque
3668 1824 3733 1877 ol‘

2165 1948 2218 2002 id
2253 1946 2452 2006 solum,
2484 1941 2580 1998 sed
2605 1939 2732 2011 quia
2782 1934 3131 1991 inimicorum
3165 1925 3392 1983 exitium
3439 1915 3734 1991 prospicie-

2165 2041 2277 2102 bat,
2307 2052 2364 2093 se
2405 2034 2812 2090 immolaturum
2847 2034 2901 2083 et
2934 2020 3339 2080 confessionem
3391 2009 3596 2069 nomini
3633 2006 3735 2060 Do-

2166 2130 2301 2187 mini
2353 2129 2626 2185 editurum
2680 2120 2950 2194 promittit
3006 2138 3019 2171 :
3081 2122 3245 2184 atque
3280 2110 3395 2164 haec
3433 2102 3737 2160 vaticinans

2168 2233 2294 2277 ante
2323 2234 2508 2275 rerum
2537 2192 2788 2271 eventum
2820 2207 3085 2281 praedicit.
3116 2204 3251 2258 Nam
3277 2216 3400 2256 cum
3440 2194 3642 2266 Zipltaei
3677 2192 3741 2246 ad

2171 2312 2390 2368 Saulem
2442 2308 2763 2364 accedentes
2809 2302 3069 2357 dixerunt
3114 2316 3127 2350 :
3171 2293 3304 2347 Ecce
3329 2287 3498 2343 David
3523 2285 3740 2339 abscon-

2170 2408 2314 2461 ditus
2344 2413 2421 2458 est
2450 2399 2589 2470 apud
2620 2411 2751 2458 nos;
2781 2408 2908 2447 cum
2952 2406 3043 2444 res
3093 2388 3149 2442 in
3200 2382 3429 2438 historia
3486 2382 3744 2433 enarrata

2174 2468 2501 2569 inciperent,
2537 2500 2592 2547 et
2627 2490 2757 2545 dum
2790 2485 2969 2540 adhuc
3004 2478 3206 2552 Zipbaei
3244 2476 3423 2546 ipsum
3448 2468 3745 2528 calumnia-

2174 2599 2384 2651 rentur,
2416 2595 2550 2641 tunc
2582 2585 2698 2653 ipse
2747 2591 2928 2633 rerum
2962 2575 3168 2629 exitum
3218 2567 3589 2653 vaticinatur;
3633 2574 3746 2630 qua

2175 2692 2365 2756 postea
2400 2684 2662 2734 eventura
2692 2680 2852 2729 erant
2882 2668 3039 2739 quasi
3065 2666 3180 2736 jam
3213 2646 3354 2719 facta
3398 2666 3731 2730 praeverteris

2177 2776 2357 2843 Quare
2387 2774 2461 2826 ait
2504 2790 2515 2823 :
2563 2767 2829 2835 Quoniam
2861 2777 2928 2817 ea:
2968 2759 3112 2815 omni
3146 2753 3485 2811 tribulatione
3515 2748 3751 2816 eripuistI

2178 2886 2277 2933 me,
2344 2875 2391 2921 et
2424 2878 2580 2932 super
2625 2859 2867 2914 inimicos
2900 2870 3041 2909 meos
3095 2848 3330 2918 despexit
3374 2842 3558 2898 oculus
3588 2855 3753 2894 meus.

2180 2929 2307 3015 Haec
2344 2929 2547 3029 quippe
2587 2960 2714 3023 post
2749 2951 2863 3004 haec
2901 2953 3053 3017 gesta
3090 2950 3250 3007 sunt;
3284 2935 3381 2993 sed
3423 2943 3605 2989 tamen
3638 2929 3754 3000 Spi-

2181 3053 2322 3107 ritus
2359 3020 2534 3102 sancti
2590 3020 2959 3114 praescientia,
3012 3044 3070 3088 ut
3097 3033 3209 3102 jam
3249 3028 3396 3084 edita
3426 3023 3663 3083 nuntiat,
3696 3020 3757 3074 de

2185 3146 2361 3214 iisque
2391 3138 2595 3210 gratias
2619 3135 2750 3205 agit,
2783 3146 2846 3185 ac
2877 3126 3313 3185 sacriﬁcaturum
3337 3116 3758 3174 confessionem-

2185 3252 2292 3308 que
2347 3233 2458 3287 Deo
2505 3229 2836 3284 emissurum
2870 3221 3179 3292 pollicetur,
3219 3214 3413 3268 dicens
3448 3228 3461 3264 :
3509 3207 3759 3261 Volunta-

2186 3335 2263 3388 rie
2290 3328 2605 3399 sacriﬁcabo
2641 3323 2772 3385 tibi;
2802 3319 2997 3390 Aquila
3029 3329 3158 3370 vero
3190 3310 3268 3366 ait
3294 3328 3307 3363 :
3337 3307 3533 3378 Sponte
3556 3300 3759 3370 sacriﬁ.

2186 3424 2316 3479 cabo
2350 3422 2463 3476 tibi.
2520 3417 2659 3485 Quia
2692 3414 2836 3470 enim
2887 3414 3005 3465 sine
3052 3406 3235 3468 domo,
3282 3402 3403 3456 sine
3458 3396 3610 3460 urbe,
3651 3393 3765 3448 sine

2189 3520 2323 3578 lare,
2357 3515 2413 3569 in
2461 3510 2696 3567 desertis
2729 3504 2941 3578 agebat,
2994 3512 3197 3554 novum
3252 3489 3509 3548 sacriﬁcii
3549 3486 3767 3541 modum

2189 3605 2538 3678 excogitavit.
2573 3601 2838 3668 Quisnam
2880 3595 2972 3649 ille
3017 3589 3177 3645 erat?
3210 3586 3425 3654 Sponte,
3452 3579 3651 3650 inquit,
3684 3592 3769 3629 sa-

2191 3669 2441 3771 criﬁcvabo
2478 3696 2592 3751 tibi.
2628 3691 2840 3747 Suilicit
2874 3687 3075 3758 quippe
3120 3680 3372 3736 voluntas
3418 3680 3471 3730 et
3516 3669 3769 3742 proposi-

2193 3801 2332 3853 tum,
2367 3802 2477 3858 quo
2516 3786 2611 3840 tibi
2656 3778 2989 3837 sacriﬁcium
3039 3771 3283 3827 offeram.
3318 3765 3437 3820 Non
3489 3760 3771 3833 ignorabat

2195 3883 2488 3952 siquidem,
2522 3877 2693 3931 Deum
2732 3877 2994 3925 cruentas
3023 3872 3076 3919 et
3101 3859 3418 3917 animalium
3451 3869 3587 3910 nece
3626 3850 3777 3905 obla-

2194 3986 2279 4032 tas
2340 3974 2550 4028 hostias
2614 3968 2876 4026 abnuere,
2943 3956 3211 4013 ratiOnale
3270 3966 3400 4007 vero
3446 3945 3779 4004 sacriﬁcium

2197 4069 2375 4122 laudis
2404 4063 2739 4134 approbare;
2768 4064 2955 4125 utpote
2977 4051 3070 4120 qui
3098 4050 3210 4119 jam
3243 4042 3563 4101 edidicisset
3593 4037 3724 4093 illud
3763 4052 3778 4089 :

2202 4130 2572 4215 Immola_l)eo
2603 4150 2931 4219 sacriﬁcium
2974 4141 3175 4204 laudis,
3207 4148 3256 4193 et
3304 4134 3461 4191 redde
3504 4130 3783 4186 Altissimo

2199 4262 2321 4308 vota
2355 4259 2447 4303 tua
2473 4250 2539 4299 θ’.
2575 4244 2749 4307 Hanc,
2778 4231 3289 4310 inquit,voluntarie
3316 4228 3409 4282 tibi
3435 4226 3668 4281 hostiam
3697 4238 3784 4277 sa-

2200 4339 2486 4400 criﬁcabo,
2521 4336 2695 4405 ipsam
2726 4332 3089 4388 voluntatem,
3124 4319 3467 4393 propositum
3503 4322 3557 4371 et
3602 4312 3785 4369 consi-

2205 4432 2337 4486 lium
2372 4442 2553 4483 meum
2587 4424 2687 4479 tibi
2720 4434 3035 4492 apponens;
3081 4430 3144 4469 ac
3175 4410 3477 4484 gratiarum
3514 4408 3784 4461 actionem

524 4547 666 4609 σίαν,
702 4541 834 4597 αὐτὸ
857 4494 918 4592 τὸ
943 4494 1029 4590 sic
1048 4494 1181 4605 2,151
1204 4494 1461 4600 etiamm:
1504 4494 1599 4578 xui
1641 4523 1703 4575 τὸ
1753 4494 1968 4593 θέλημά
1997 4538 2074 4592 μοπ

2206 4537 2305 4591 pro
2334 4517 2513 4573 hostia
2544 4516 2643 4569 tibi
2673 4512 2927 4569 olTerens.
2954 4509 3136 4575 Quare
3166 4506 3364 4561 deinde
3396 4500 3584 4560 subdit
3613 4516 3629 4553 :
3654 4494 3788 4550 Con-

524 4640 618 4693 xa‘t
640 4636 736 4707 τὴν
771 4632 908 4703 ἐμὴν
938 4625 1255 4700 προαίρεσιν
1291 4617 1562 4680 ἀνατιθείς
1596 4633 1701 4680 σοι,
1736 4616 1835 4685 τήν
1862 4631 1921 4667 τε
1945 4614 2105 4683 εὐχα-

528 4728 740 4802 ριστίαν
772 4722 940 4793 αὐτὴν
962 4718 1080 4774 ἀντὶ
1106 4714 1295 4780 θυσίας
1338 4729 1419 4766 σοι
1457 4709 1804 4781 προσφέρων.
1851 4707 1942 4759 Διὸ
1988 4722 2113 4757 συν-

525 4797 690 4879 άπτει
724 4817 849 4887 ἑξῆς
878 4814 1084 4881 λέγων·
1127 4802 1675 4875 Ἐξομολογήσομ-αι
1733 4798 1814 4863 τῷ
1864 4797 2112 4867 ὀνόματί

526 4928 664 4975 σου,
693 4911 890 4975 Κύριε,
911 4904 1001 4958 ὅτι
1026 4900 1275 4971 ἀγαθόν’
1312 4896 1623 4965 σαφέστατα
1677 4891 1771 4944 ἐπὶ
1802 4890 1892 4942 τοῦ
1921 4889 2115 4960 παρόν-

527 5021 617 5066 τος
642 5003 739 5072 τῆς
778 4995 1215 5068 ἐξομολογήσεως
1265 4989 1385 5042 ἀντὶ
1426 4985 1776 5057 εὐχαριστίας
1822 4980 2110 5055 παραλαμ-

530 5094 853 5164 ϐανομένης.
890 5088 1005 5155 Ἐφ’
1039 5079 1120 5148 οἷς
1148 5082 1255 5154 γὰρ
1285 5082 1349 5132 ἐκ
1371 5078 1551 5148 πάσης
1583 5075 1813 5145 θλίψεως
1841 5072 2106 5146 ἐρῤύσθη,

532 5188 625 5240 καὶ
682 5186 739 5237 ἐν
788 5183 900 5244 τοῖς
964 5175 1175 5248 ἐχθροῖς
1232 5170 1396 5224 αὑτοῦ
1464 5167 1674 5221 ἐπεῖδεν
1737 5168 1764 5218 ό
1826 5164 2106 5235 ὀφθαλμὸς

2210 4613 2400 4687 ﬁtebor
2444 4608 2645 4664 nomini
2686 4617 2797 4674 tuo,
2854 4602 3098 4664 Domine,
3145 4598 3395 4669 quoniam
3446 4593 3636 4647 bonum
3688 4594 3787 4641 est.

2209 4703 2573 4776 Apertissime
2607 4708 2791 4754 autem
2827 4697 2881 4749 in
2924 4690 3181 4764 praesenti
3219 4685 3496 4744 confessio
3524 4696 3625 4753 pro
3664 4692 3790 4749 gra-

2212 4802 2412 4853 tiarum
2437 4795 2655 4851 actione
2685 4790 2975 4859 accipitur.
3002 4786 3140 4852 Quia
3172 4782 3318 4838 enim
3342 4795 3410 4835 ex
3438 4775 3587 4832 omni
3615 4773 3791 4829 tribu-

2213 4889 2417 4942 latione
2461 4891 2689 4953 ereptus
2742 4888 2846 4946 est,
2892 4886 2947 4933 ct
3003 4890 3167 4945 super
3220 4871 3473 4927 inimicos
3512 4880 3645 4921 suos
3697 4863 3792 4917 de-

2218 4981 2396 5049 spexit
2425 4977 2623 5031 oculus
2652 4975 2849 5043 ipsius,
2880 4969 3181 5041 gratiarum
3216 4965 3462 5019 actiones
3490 4958 3712 5020 emittit,
3741 4963 3794 5009 ct

2215 5046 2522 5125 voluntaria
2595 5064 2870 5121 sacriﬁcia
2946 5077 3006 5115 se
3080 5059 3418 5115 redditurum
3473 5050 3583 5105 Deo
3635 5046 3795 5118 polli-

2214 5172 2392 5219 CCilll‘.

533 5276 720 5338 αὐτοῦ,
761 5275 852 5327 ἐπὶ
905 5270 1114 5331 τούτοις
1170 5263 1517 5336 εὐχαριστίας
1568 5259 1903 5329 ἀναπέμπει,
1965 5260 2057 5311 καὶ
2108 5257 2205 5320 τὰς
2260 5256 2354 5309 τοῦ
2394 5252 2756 5323 ἐκουσιασμοῦ
2807 5249 2993 5312 θυσίας
3049 5242 3438 5314 ἐπαγγέλλεται
3497 5234 3798 5299 ἀποδώσειν

536 5372 614 5441 τῷ
639 5369 777 5439 Θεῷ.

573 5465 681 5517 ΕΙΣ
720 5462 806 5513 ΤΟ
845 5456 1066 5511 ΤΕΛΟΣ
1123 5451 1541 5575 ιῇὶξέιξὲιε,
1584 5446 1954 5509 ΣΥΝΕΣΕΩΣ,
1991 5444 2077 5495 ΤΩ

1306 5545 1310 5549 ι
1361 5532 1375 5572 l

1306 5527 1334 5572 Δ
1361 5527 1479 5572 ΝΔ’.

624 5622 952 5679 Ἐνὼτισαί,
979 5621 1010 5671 ό
1037 5615 1202 5680 Θεὸς,
1226 5613 1340 5680 τὴν
1367 5626 1594 5681 προσευ
1601 5610 1720 5679 χήν
1744 5625 1883 5677 μου,
1916 5604 2011 5658 καὶ
2028 5602 2114 5672 μὴ

542 5716 834 5784 ὺπερίδῃς
862 5712 971 5779 τὴν
1000 5709 1213 5777 δέησίν
1235 5727 1375 5778 μου.
1433 5706 1521 5770 Ὠς
1555 5706 1652 5778 μὲν
1686 5706 1821 5775 πρὸς
1847 5703 1942 5773 τὴν
1972 5703 2113 5754 ἱστο-

620 5836 663 5865 "
704 5832 849 5887 Psal.
890 5846 1036 5891 xux,
1086 5829 1171 5883 Li.

2300 5443 2346 5495 l.
2392 5440 2457 5495 ΙΝ
2497 5438 2708 5493 FINEM
2736 5480 2749 5503 ,
2793 5436 2856 5490 IN
2913 5431 3210 5503 llelNlS,
3250 5424 3731 5483 INTELLECTUS

2798 5505 3029 5559 DAVIDI
3070 5501 3204 5557 LIV.

2299 5604 2462 5659 Vens.
2495 5604 2568 5657 ‘2.-
2592 5604 2642 5658 6.
2704 5600 2939 5663 Exaudi,
2994 5598 3155 5661 Deus,
3202 5596 3497 5649 orationem
3530 5607 3724 5653 meam,
3752 5598 3801 5642 et

2228 5715 2288 5753 ne
2317 5698 2615 5769 despexeris
2659 5695 3071 5765 deprecationem
3127 5707 3314 5746 meam.
3359 5687 3670 5743 Sct'undum
3720 5684 3805 5737 lti—
