4138 6386
382 336 478 393 ΠΙ

1075 333 1347 391 EUSEBII
1388 334 1868 391 CASSARIENSIS
1905 336 2055 392 OPP.
2099 328 2279 394 PARS
2319 337 2405 394 Ill.
2447 370 2517 380 —
2557 338 2964 395 EXEGETICA.

3524 340 3630 397 472

379 459 563 513 storize
594 458 860 512 rationem
891 456 1007 511 hare
1032 457 1287 512 videntur
1318 474 1346 511 a
1385 456 1589 514 Davide
1613 459 1757 515 dicta
1792 460 1961 515 fuisse

2066 461 2204 532 ρίαν,
2233 462 2431 526 δόξειεν
2468 462 2533 514 ἂν
2574 461 2641 514 τὰ
2687 461 3021 531 προκείμενα
3067 462 3315 532 εἰρῆσθαι
3354 461 3431 533 τῷ
3470 462 3632 516 Δαυτδ

377 564 489 619 quo
524 558 772 620 tempore
810 548 1025 620 fugiens
1053 564 1085 603 a
1123 550 1262 603 facie
1299 549 1483 603 Saulis
1514 552 1567 604 in
1598 552 1819 606 deserto
1862 567 1951 606 se-

378 644 475 695 des
501 641 753 695 habebat.
786 642 839 695 In
875 641 1234 711 sequentibus
1274 642 1456 709 itaque
1494 643 1608 696 ait:
1650 640 1783 695 Ecce
1810 642 1955 695 elon-

378 734 495 802 gavi
525 734 749 803 fugiens,
774 742 824 787 et
866 736 1040 787 mansi
1087 734 1141 785 in
1173 732 1474 786 solitudine.
1516 734 1783 798 Quoniam
1826 749 1957 787 vero

382 824 512 878 Saul
549 840 723 893 usque
748 825 814 877 ad
850 833 1080 879 mortem
1110 826 1214 895 ipsi
1257 825 1547 879 insidiatus
1575 834 1662 881 est
1691 841 1816 879 cum
1860 827 1956 879 ad-

380 914 647 971 ministris
674 918 812 979 suis,
846 916 1053 970 dixisse
1076 916 1290 971 videtur
1319 933 1384 971 ex
1426 933 1660 987 persona
1694 919 1908 987 propria
1940 936 1954 971 :

380 1005 737 1062 Contristatus
767 1025 882 1063 sum
921 1010 976 1061 in
1008 1010 1383 1062 exercitatione
1414 1027 1548 1072 mea,
1593 1020 1641 1063 et
1677 1008 1959 1063 conturba-

380 1108 464 1152 tus
500 1116 617 1153 sum
649 1118 682 1153 a
726 1118 846 1155 voce.
877 1101 1082 1153 inimici
1114 1111 1162 1154 et
1197 1118 1227 1153 a
1269 1101 1609 1153 tribulatione
1640 1101 1955 1169 peccatoris.

378 1188 645 1254 Quoniam
681 1190 1074 1244 declinaverunt
1108 1191 1162 1243 in
1203 1208 1284 1243 me
1330 1192 1681 1259 iniquitatem,
1708 1201 1757 1244 et
1789 1194 1845 1243 in
1876 1192 1958 1243 ira

377 1284 587 1337 molesti
618 1292 770 1335 erant
806 1283 951 1336 mihi.
989 1281 1115 1335 llaec
1159 1297 1292 1336 sane
1325 1281 1543 1351 quidem
1581 1280 1802 1337 Davidis
1837 1297 1961 1351 per-

380 1389 528 1429 sonae
561 1381 838 1442 coaptare,
876 1390 981 1427 non
1014 1374 1111 1428 abs
1147 1389 1205 1427 re
1253 1381 1430 1436 esset;
1486 1383 1539 1426 at
1586 1389 1693 1426 non
1739 1389 1802 1427 ea
1835 1389 1957 1444 qua;

378 1473 504 1536 post
576 1466 860 1536 subjungit
920 1484 931 1518 :
1008 1465 1275 1531 Quoniam
1346 1465 1452 1517 ridi
1525 1466 1859 1535 iniquitatem
1913 1474 1962 1518 et

381 1557 854 1613 contradictionem
939 1560 993 1611 in
1068 1559 1282 1611 civitate
1340 1557 1425 1610 die
1504 1574 1566 1610 ac
1634 1558 1963 1612 nocte:cir-

380 1654 652 1707 cumdabit
699 1669 813 1705 eam
851 1670 1007 1721 super
1037 1669 1216 1705 muros
1262 1652 1399 1719 ejus,
1435 1661 1484 1706 et
1516 1653 1767 1721 iniquitas
1800 1662 1848 1706 et
1883 1652 1965 1704 la-

383 1744 477 1797 bor
521 1748 577 1797 in
622 1743 792 1796 medio
846 1743 979 1811 ejus.
1051 1742 1119 1794 Et
1150 1760 1253 1796 non
1289 1742 1479 1810 defecit
1527 1743 1590 1796 de
1628 1743 1817 1811 plateis
1850 1744 1964 1811 ejus

383 1851 547 1888 usura
590 1844 638 1888 et
672 1834 847 1887 dolus.
909 1835 1173 1899 Quoniam
1222 1835 1268 1887 si
1313 1835 1559 1893 inimicus
1608 1833 1965 1887 maledixisset
1999 1812 2037 1863 Β

382 1925 534 1989 mihi,
593 1926 965 1979 sustinuissem
1002 1926 1198 1994 utique,
1236 1933 1289 1977 et
1317 1934 1530 1977 caztera.
1580 1922 1753 1987 Quam
1783 1923 1969 1975 civita-

382 2026 487 2070 tem
521 2016 831 2086 signiﬁcare
860 2017 1018 2081 velit,
1050 2015 1103 2069 in
1130 2031 1235 2085 qua
1282 2018 1395 2069 hanc
1417 2017 1531 2070 visa
1573 2017 1709 2082 sint,
1742 2030 1862 2085 quae
1887 2015 1963 2069 vi—

381 2109 530 2163 disse
570 2124 629 2163 se
669 2118 1089 2170 commemorat,
1147 2124 1256 2162 non
1298 2116 1476 2178 potest
1501 2109 1625 2177 quis
1650 2123 1715 2162 ex
1740 2108 1967 2161 historia

380 2199 675 2268 expiscari.
732 2198 869 2264 Quis
916 2213 1047 2253 vero
1086 2198 1176 2252 ille
1216 2213 1377 2267 quem
1419 2198 1500 2251 sic
1539 2197 1854 2266 alloquitur,
1888 2197 1966 2250 Tu

381 2305 500 2343 vero
541 2288 696 2341 homo
738 2289 1007 2341 unanimis
1028 2327 1044 2352 ,
1081 2288 1191 2341 dua;
1223 2304 1368 2341 meus
1409 2297 1458 2340 et
1490 2297 1645 2341 notus
1674 2304 1848 2349 meus,
1876 2286 1969 2355 qui

380 2381 545 2436 simul
587 2398 789 2435 mecum
838 2380 1019 2436 dulces
1070 2381 1317 2451 cupiebas
1349 2381 1539 2436 cibos?
1590 2380 1648 2434 Si
1689 2379 1856 2441 enim,
1888 2378 1967 2432 iu-

382 2476 523 2547 quit,
550 2475 687 2541 hazc,
723 2476 946 2529 inimico
970 2475 1258 2536 inferente,
1283 2475 1421 2527 mala
1440 2488 1733 2543 perpessus
1750 2486 1925 2526 essem
1948 2488 1963 2537 ;

384 2577 479 2623 aut
526 2568 571 2623 si
614 2568 739 2637 quis
782 2568 908 2621 odio
940 2582 1025 2621 me
1063 2566 1264 2621 habere
1293 2566 1576 2636 professus
1604 2564 1962 2634 designasset,

384 2660 461 2714 nil
492 2659 689 2714 mirum
712 2668 879 2715 esset.
914 2658 1070 2713 Nunc
1101 2666 1281 2712 autem
1310 2672 1486 2727 neque
1516 2658 1762 2712 infensus
1791 2671 1966 2726 neque

386 2750 644 2805 inimicus
667 2750 822 2815 mihi,
840 2749 935 2805 sed
963 2765 1195 2805 consors
1219 2757 1272 2804 et
1298 2750 1527 2813 amicus,
1552 2750 1661 2803 imo
1686 2764 1812 2803 vero
1839 2762 1968 2801 una-

386 2840 571 2901 nimis,
606 2850 659 2894 et
700 2840 811 2893 dux
861 2855 890 2893 a
940 2856 1024 2895 me
1051 2841 1403 2904 constitutus,
1451 2840 1727 2894 communi
1777 2853 1965 2893 mensa

387 2929 662 2999 dignatus,
688 2939 741 2984 et
784 2930 1039 2993 fortasse,
1076 2933 1169 3001 qui
1200 2947 1305 2985 una
1355 2947 1566 2985 mecum
1595 2931 1874 2999 ingressus
1910 2931 1964 2983 in

387 3021 609 3075 domum
649 3021 740 3077 Dei
785 3031 840 3077 et
881 3024 1146 3078 orationis
1194 3038 1423 3077 consors
1464 3030 1614 3088 erat,
1647 3024 1847 3078 taliane
1877 3023 1969 3077 ad-

385 3126 609 3167 versum
645 3127 730 3166 me
772 3112 991 3183 aggredi
1043 3128 1210 3168 ausus
1239 3113 1336 3167 es?
1366 3110 1703 3181 Haeciautem
1746 3114 1965 3183 propria
1992 3141 2034 3198 ο

387 3219 621 3274 persona
658 3204 839 3259 dicere
860 3203 1138 3270 Davldem,
1164 3219 1271 3257 non
1299 3205 1455 3258 video
1477 3218 1585 3273 qua
1609 3205 1819 3258 ratione
1842 3219 1968 3258 con-

390 3304 539 3348 stare
588 3295 781 3363 possit.
834 3293 1019 3364 Neque
1065 3294 1209 3348 enim
1258 3292 1388 3348 Saul
1426 3293 1703 3348 unanimis
1735 3295 1837 3364 ipsi
1877 3301 1969 3348 aut

388 3384 603 3439 amicus
656 3392 806 3451 erat;
852 3386 967 3440 sive
1006 3386 1306 3441 secundum
1358 3384 1766 3456 Symmachum,
1813 3388 1967 3440 unius

391 3475 577 3530 moris.
612 3472 870 3539 Quaenam
902 3490 1115 3529 morum
1138 3475 1440 3530 similitudo
1479 3475 1643 3530 fuerit
1668 3477 1808 3531 inter
1832 3477 1968 3531 duo-

390 3582 511 3621 rum
541 3568 731 3630 vitam,
760 3569 853 3636 qui
903 3574 1113 3621 tantum
1144 3568 1287 3623 inter
1310 3584 1369 3623 se
1394 3567 1691 3622 differunt?
1738 3568 1842 3623 Sed
1873 3586 1969 3625 ne-

387 3674 496 3728 que
529 3658 806 3712 unanimis
856 3656 1043 3712 Davidi
1094 3675 1333 3729 unquam
1367 3659 1468 3712 fuit
1500 3658 1652 3723 Saul,
1691 3676 1867 3729 neque
1894 3663 1969 3715 le-

387 3751 534 3820 gitur
579 3749 791 3819 uspiam
844 3749 900 3803 in
948 3750 1197 3813 historia,
1235 3750 1383 3819 ipsos
1426 3765 1550 3803 cum
1596 3766 1866 3807 consensu
1912 3752 1968 3807 in

389 3843 554 3896 domo
580 3840 674 3896 Dei
698 3841 1029 3897 ambulasse.
1067 3840 1172 3896 Sed
1198 3842 1363 3911 liquet
1384 3840 1601 3896 Saulem
1627 3858 1841 3912 semper
1862 3843 1968 3897 Da-

387 3934 497 3987 vid‘i
529 3941 715 4003 aperte
760 3933 1044 3987 inimicum
1082 3932 1285 3998 fuisse;
1336 3933 1461 4003 jure
1486 3949 1616 4002 ergo
1651 3932 1893 4005 fugiebat
1916 3943 1970 3990 et

390 4027 760 4080 abscondebat
800 4041 861 4081 se
908 4027 976 4081 ab
1018 4026 1146 4089 illo,
1191 4027 1347 4096 quasi
1381 4042 1411 4080 α
1438 4026 1969 4085 manilestoinimico

389 4126 593 4167 cavens
637 4112 761 4166 sibi.
819 4111 923 4167 Sed
953 4114 1117 4167 etiam
1165 4130 1286 4183 qua:
1315 4115 1381 4168 de
1412 4125 1707 4170 memorata
1736 4117 1869 4172 urbe
1899 4117 1973 4172 fe-

388 4210 609 4267 runtur,
641 4220 983 4274 nequaquam
1011 4203 1230 4261 Davidis
1256 4207 1499 4261 historiae
1528 4210 1873 4263 conveniant.
1906 4210 1967 4265 In

389 4307 497 4364 qua
530 4294 677 4348 enim
725 4295 947 4350 civitate
1002 4296 1174 4361 illam,
1210 4313 1372 4367 quam
1423 4300 1579 4361 dicit,
1628 4301 1967 4370 iniquitatem

388 4383 527 4438 vidit
554 4392 609 4440 et
636 4384 1148 4453 contradictionem,
1178 4403 1284 4441 non
1316 4390 1403 4443 die
1436 4390 1635 4451 solum,
1670 4393 1763 4446 sed
1804 4394 1968 4448 etiam

2056 553 2176 605 καθ’
2201 553 2293 617 οὓς
2316 554 2675 625 ἀπεδίδρασκε
2703 554 2945 625 χρόνους,
2971 552 3183 621 φεύγων
3212 552 3317 606 ἀπὸ
3340 555 3628 625 προσώπου

2060 646 2265 708 Σαοὺλ,
2317 648 2374 698 ἐν
2407 648 2787 716 ταῖςέρήμοις
2831 646 2930 709 τὰς
2964 645 3245 716 διατριϐὰς
3292 645 3625 716 ποιούμενος.

2056 737 2283 805 Λέγειδ’
2311 733 2403 790 οὖν
2438 737 2564 805 ἐξῆς
2602 736 2835 807 προϊών·
2893 736 3037 790 Ἰδοὺ
3084 736 3388 805 ἐμάκρυνα
3439 755 3628 806 φυγα-

2055 828 2265 888 δεύων,
2322 830 2416 881 καὶ
2460 830 2769 895 ηὐλίσθην
2810 829 2881 881 ἐν
2922 827 2998 896 τῇ
3040 828 3253 897 ἐρήμῳ.
3302 830 3410 881 Καὶ
3443 829 3629 901 ἐπειδὴ

2063 923 2221 994 μέχρι
2248 922 2480 975 θανάτου
2510 921 2871 975 ἐπεϐούλευεν
2911 920 3057 990 αύτῷ
3081 920 3251 973 Σαοὺλ
3290 920 3383 973 καὶ
3414 920 3463 972 oi
3494 937 3629 991 συμ-

2059 1013 2388 1082 πράττοντες
2418 1011 2586 1082 αύτῷ,
2620 1008 2772 1063 εἶπεν
2798 1010 2863 1063 ἂν
2895 1011 2951 1077 ἐξ
2980 1011 3180 1063 οἰκείου
3222 1010 3511 1082 προσώπου
3536 1012 3630 1065 καὶ

2057 1104 2137 1167 τὸ,
2182 1103 2527 1171 Ἐλυπήθην
2553 1102 2717 1169 ἐντῇ
2750 1102 3081 1169 ἀδολεσχίᾳ
3109 1120 3249 1169 μου,
3292 1102 3387 1154 καὶ
3420 1102 3629 1170 ἐταρά-

2060 1200 2213 1265 χθην
2255 1196 2370 1249 ἀπὸ
2396 1195 2601 1264 φωνῆς
2626 1194 2843 1264 ἐχθροῦ
2878 1196 2975 1247 καὶ
3009 1194 3127 1248 ἀπὸ
3165 1195 3420 1262 θλίψεως
3449 1195 3631 1262 duap-

2059 1287 2272 1341 τωλοῦ.
2319 1289 2445 1340 Ὅτι
2483 1286 2803 1350 ἐξέκλιναν
2843 1287 2935 1339 ἐπ’
2968 1287 3072 1353 ἐμε
3110 1287 3381 1354 ἀνομίαν,
3428 1287 3521 1339 καί
3562 1287 3633 1339 ἐν

2060 1378 2205 1447 ὀργῇ
2222 1380 2541 1431 ἐνεκότουν
2554 1395 2672 1447 μοι.
2706 1378 2891 1429 Ταῦτα
2930 1377 3027 1447 μὲν
3056 1373 3147 1429 οὖν
3178 1378 3413 1447 ἁρμόσαι
3435 1376 3510 1446 τῷ
3538 1377 3629 1429 τοῦ

2061 1469 2220 1523 Δαυτδ
2252 1467 2526 1541 προσώπῳ
2555 1470 2613 1521 ού
2636 1468 2892 1539 δυσχερές
2911 1486 2924 1498 ·
2958 1468 3017 1520 οὑ
3053 1468 3156 1538 μὴν
3182 1469 3274 1520 καὶ
3295 1468 3362 1520 τὰ
3392 1466 3537 1538 ἑξῆς,
3574 1471 3633 1520 ἐν

2061 1554 2141 1622 οἷς
2165 1559 2435 1626 ἐπιλέγει·
2476 1560 2603 1610 ’Ὁτι
2632 1554 2795 1611 εἶδον
2837 1558 3093 1625 ἀνομίαν
3140 1557 3239 1610 καὶ
3286 1558 3634 1627 ἀντιλογίαν

2061 1651 2131 1703 ἐν
2158 1649 2232 1717 τῇ
2264 1651 2435 1703 πόλει
2460 1648 2683 1718 ἡμέρας
2713 1649 2810 1702 καὶ
2830 1650 3049 1715 νυκτός
3069 1666 3081 1679 ·
3104 1649 3404 1703 κυκλώσει
3440 1651 3635 1717 αὐτὴν

2063 1741 2158 1793 ἐπὶ
2183 1740 2254 1792 τὰ
2280 1741 2448 1807 τείχη
2469 1739 2677 1806 αὐτῆς,
2706 1739 2803 1792 καί
2816 1739 3039 1807 ἀνομία
3061 1740 3155 1791 καὶ
3180 1740 3363 1804 κόπος
3382 1734 3635 1809 ἐνμέσῳ

2068 1832 2271 1901 αὐτῆς.
2300 1837 2407 1886 Καὶ
2436 1836 2544 1886 οὐκ
2566 1833 2845 1897 ἐξέλιπεν
2873 1833 2941 1886 ἐκ
2974 1832 3091 1886 τῶν
3117 1832 3414 1886 πλατειῶν
3444 1832 3637 1899 αὐτῆς

2067 1925 2241 1989 τόκος
2298 1924 2396 1976 καὶ
2453 1925 2651 1990 δόλος.
2696 1926 2835 1989 Ὅτι,
2892 1924 3181 1993 εὶὲχθρὸς
3218 1923 3487 1977 ὠνείδισέ
3536 1942 3632 1992 με,

2066 2012 2374 2081 ὑπήνεγκα
2405 2013 2499 2077 ἂν,
2531 2016 2624 2066 καὶ
2651 2014 2720 2066 τὰ
2752 2014 2894 2083 ἑξῆς.
2932 2014 3096 2067 Ποίαν
3126 2014 3233 2084 γὰρ
3261 2013 3413 2066 πόλιν
3454 2013 3638 2083 βούλε-

2067 2122 2154 2157 ται
2180 2106 2480 2176 σημαίνειν,
2515 2107 2598 2174 ἐφ’
2618 2102 2685 2178 ἧς
2713 2106 2883 2158 ταῦτα
2906 2105 3179 2166 τεθέαται,
3207 2106 3240 2158 ἆ
3267 2122 3427 2173 φησιν
3461 2105 3636 2175 ἑωρα-

2067 2196 2241 2261 κέναι,
2263 2198 2361 2249 οὐκ
2393 2197 2457 2249 ἂν
2482 2197 2594 2266 ἔχοι
2627 2214 2711 2260 τις
2754 2198 2861 2249 ἀπὸ
2890 2197 2988 2267 τῆς
3039 2196 3274 2268 ἱστορίας
3312 2199 3503 2251 εἰπεῖν.
3540 2197 3636 2260 Τίς

2065 2288 2120 2341 δέ
2139 2282 2292 2351 οὗτος
2318 2285 2384 2360 ἦν
2416 2283 2460 2356 ᾧ
2494 2289 2829 2359 προσεφώνει
2859 2290 3033 2357 λέγων
3052 2307 3067 2323 ο
3100 2289 3184 2343 Σὺ
3216 2288 3279 2342 δὲ
3308 2332 3321 2353 ,
3367 2289 3637 2356 ἄνθρωπε

2069 2382 2346 2449 lady-vlg,
2377 2381 2611 2449 ἡγεμών
2630 2399 2748 2451 μου
2776 2381 2876 2434 καὶ
2901 2381 3132 2451 γνωστέ
3158 2400 3295 2449 μου,
3340 2381 3407 2447 ὃς
3433 2382 3531 2435 ἐπὶ
3568 2380 3637 2434 τὸ

2065 2472 2208 2524 αὐτὸ
2247 2472 2584 2540 ἑγλύκανάς
2624 2491 2724 2541 μοι
2754 2472 3090 2542 ἐδέσματα;
3125 2474 3187 2526 Εἰ
3241 2474 3337 2543 μὲν
3385 2475 3494 2544 γὰρ
3544 2473 3636 2527 ὑπ’

2065 2563 2259 2634 ἐχθροῦ
2297 2564 2449 2617 ταῦτ’
2497 2564 2753 2635 ἔπασχον,
2809 2564 3053 2636 φησιν,ἥ
3102 2567 3148 2617 εἰ
3183 2567 3335 2635 μῖσος
3364 2562 3639 2633 ὁμολογῶν

2064 2673 2146 2719 τις
2178 2656 2319 2725 ἔχειν
2344 2657 2481 2727 πρός
2519 2674 2584 2727 με
2621 2656 2770 2709 ταῦτ’
2802 2657 2995 2722 ἐποίει,
3030 2656 3183 2710 οὐδὲν
3207 2652 3273 2727 ἦν
3304 2655 3633 2726 Θαυμαστόνο

2065 2749 2182 2800 νυνὶ
2211 2747 2267 2800 δέ
2305 2746 2427 2800 οὔτε
2462 2749 2632 2817 μισῶν
2656 2747 2777 2800 οὕτε
2802 2747 3024 2820 ἐχθρὸς,
3060 2748 3296 2818 συνήθης
3339 2748 3394 2799 δὲ
3436 2747 3511 2799 ῶν
3544 2748 3640 2800 καὶ

2066 2838 2235 2908 φίλος,
2276 2838 2525 2909 ἰσόψυχός
2548 2856 2607 2891 τε
2641 2840 2734 2892 καὶ
2764 2839 2983 2910 ἡγεμὼν
3013 2840 3103 2893 ὑπ’
3131 2840 3264 2909 ἐμοῦ
3298 2838 3637 2908 καθεσταμέ-

2065 2947 2174 2997 νος,
2206 2931 2391 2999 κοινῆς
2418 2948 2476 2983 τε
2517 2930 2795 3001 τραπέζης
2829 2931 3041 3001 ἀξίωμα
3067 2931 3225 3001 ἔχων,
3281 2931 3392 2982 ἴσον
3428 2931 3556 3000 μιᾶς
3580 2946 3638 2981 τε

2066 3024 2157 3075 καὶ
2186 3022 2281 3092 τῆς
2321 3022 2488 3093 αὐτῆς
2534 3023 2590 3072 ἐν
2620 3020 2697 3091 τῷ
2720 3021 2853 3091 οἴκῳ
2884 3022 2977 3074 τοῦ
3006 3021 3141 3073 Θεοῦ
3176 3020 3378 3073 εἰσόδου
3420 3037 3509 3088 μοι
3548 3022 3640 3073 καὶ

2067 3114 2231 3184 εὐχῆς
2268 3113 2677 3183 κεκοινωνηκὼς
2703 3155 2717 3178 ,
2768 3113 2990 3166 τοιαῦτα
3019 3115 3098 3176 εἰς
3130 3114 3229 3184 ἐμὲ
3261 3112 3637 3183 τετόλμηκας;

2068 3206 2252 3260 Ταῦτα
2277 3206 2334 3259 δὲ
2368 3206 2458 3259 τὸν
2490 3205 2651 3259 Δαυῒδ
2677 3206 2853 3273 λέγειν
2877 3202 2936 3269 ἐξ
2962 3206 3161 3258 οἰκείου
3192 3203 3501 3276 προσώπου,
3540 3205 3641 3256 οὐκ

2067 3289 2160 3346 οἶδ’
2183 3294 2236 3345 εἷ
2260 3312 2378 3346 τινα
2405 3293 2516 3363 ἔχοι
2548 3294 2724 3361 λόγον.
2757 3292 2893 3347 Οὔτε
2922 3294 3029 3365 γὰρ
3056 3295 3227 3347 Σαοὺλ
3271 3294 3519 3364 ίσόψυχος
3546 3294 3643 3346 αύ-

2066 3383 2161 3436 τοῦ
2195 3384 2227 3454 ἣ
2261 3384 2430 3452 φίλος,
2459 3385 2515 3454 ἢ,
2548 3384 2689 3437 κατὰ
2719 3386 2809 3437 τὸν
2837 3385 3153 3456 Σύμμαχον,
3190 3386 3516 3452 ὁμότροπος
3545 3380 3633 3455 ἦν.

2068 3476 2201 3528 Ποία
2245 3475 2354 3546 γὰρ
2390 3478 2741 3548 όμοιοτροπία
2772 3478 2966 3545 γένοιτ’
3021 3476 3087 3530 ἂν
3138 3480 3195 3528 ἐν
3229 3480 3340 3539 τοῖς
3370 3476 3643 3546 ἑκατέρων

2070 3565 2203 3635 βίοις
2254 3567 2512 3637 πάμπολυ
2548 3568 2985 3634 διαλλάττουσιν;
3042 3568 3178 3619 Ἀλλ’
3227 3569 3347 3620 οὐδὲ
3393 3570 3643 3639 ἰσόψυχος

2069 3657 2286 3711 πώποτε
2326 3660 2512 3727 γέγονε
2546 3659 2623 3729 τῷ
2652 3658 2815 3711 Δαυῒδ
2840 3661 2869 3712 ὁ
2901 3659 3071 3713 Σαοὺλ
3090 3701 3103 3723 ,
3135 3659 3253 3712 οὐδὲ
3293 3662 3351 3711 ἐν
3382 3659 3460 3729 τῷ
3510 3659 3644 3728 οἴκῳ

2067 3750 2161 3803 τοῦ
2192 3749 2325 3802 Θεοῦ
2361 3750 2697 3822 ἱστοροῦνται
2728 3749 2948 3803 πώποτε
2984 3749 3380 3821 πεπορευμένοι
3421 3751 3477 3801 ἐν
3509 3751 3643 3819 ὀμο-

2069 3847 2205 3916 νοίᾳ.
2244 3844 2539 3916 Προφανῶς
2567 3844 2610 3897 δ’
2642 3844 2833 3915 ἐχθρὸς
2858 3847 2885 3897 ό
2910 3843 3081 3897 Σαοὺλ
3102 3844 3193 3895 τοῦ
3223 3842 3381 3895 Δαυῖδ
3413 3843 3642 3895 πάντοτε

2069 3936 2318 4004 φαίνεται
2354 3933 2588 4003 γεγονώς
2615 3951 2627 3964 ο
2659 3934 2856 4002 ἔφευγε
2881 3933 2925 3985 δ’
2945 3930 3036 3986 οὖν
3067 3932 3227 3985 αὑτὸν
3260 3931 3482 3993 εἰκότως
3502 3972 3515 3991 ,
3549 3930 3642 3982 καὶ

2069 4029 2391 4096 ἐκρύπτετο,
2434 4026 2509 4089 ὡς
2542 4026 2775 4096 φανερὸν
2807 4024 2999 4096 ἐχθρὸν
3030 4024 3445 4093 φυλαττόμενος.
3503 4023 3642 4075 Ἀλλ’

2068 4119 2189 4171 ούδέ
2213 4118 2281 4171 τὰ
2305 4118 2431 4187 περὶ
2459 4117 2559 4186 τῆς
2592 4118 2887 4189 εἰρημένης
2918 4118 3122 4181 πόλεως
3146 4118 3450 4189 ἐφαρμόσαι
3475 4116 3539 4169 ἄν
3561 4134 3643 4180 τις

2069 4213 2134 4281 τῇ
2160 4210 2300 4263 κατὰ
2334 4210 2425 4262 τὸν
2464 4208 2625 4262 Δαυῒδ
2661 4209 2890 4281 ἱστορία.
2935 4211 3023 4262 Ἐν
3049 4210 3177 4281 ποία
3209 4210 3318 4277 γὰρ
3353 4204 3459 4261 εἶδε
3493 4206 3644 4259 πόλει

2068 4301 2135 4370 ἦν
2165 4317 2327 4371 φησιν
2351 4300 2579 4370 ἀνομίαν
2609 4301 2702 4352 καὶ
2728 4300 3031 4368 ἀντιλογίαν
3050 4341 3065 4364 ,
3109 4302 3170 4353 οὐ
3216 4300 3374 4370 μόνον
3412 4298 3641 4370 ἡμέρας,

2071 4392 2207 4446 ἀλλὰ
2236 4394 2329 4446 καὶ
2351 4393 2563 4457 νυκτὸς,
2590 4393 2757 4446 κόπον
2790 4410 2850 4445 τε
2890 4394 2985 4446 καὶ
3021 4394 3203 4457 πόνον,
3229 4392 3438 4445 ἀδικίαν
3463 4408 3523 4443 τε
3553 4391 3645 4443 καὶ

390 4483 584 4543 nocte;
639 4476 881 4532 laborem
936 4478 1063 4532 item
1104 4487 1161 4542 et
1205 4480 1471 4541 dolorem,
1528 4482 1871 4551 iniquitatem
1916 4495 1968 4539 et

2068 4486 2225 4539 τόκον
2256 4486 2319 4537 ἐκ
2341 4484 2448 4537 τῶν
2473 4485 2743 4538 πλατειῶν
2767 4485 2938 4555 αὐτῆς
2966 4486 3040 4555 μὴ
3070 4483 3423 4544 ἐκλείποντας
3453 4484 3515 4534 'H
3549 4483 3645 4552 μὲν

390 4581 614 4620 usu-rmn
643 4582 708 4620 ex
736 4567 928 4637 plateis
959 4567 1079 4636 ejus
1105 4583 1211 4621 non
1252 4568 1630 4625 deiicientem?
1673 4570 1807 4625 Nam
1837 4573 1968 4630 urbs

390 4656 609 4726 quidem
644 4657 849 4722 Saulis,
901 4657 1071 4712 Rama
1117 4660 1403 4715 dicebatur
1428 4679 1580 4727 esse;
1632 4664 1966 4719 domicilium

387 4750 529 4817 ejus,
558 4747 759 4814 Gabee,
787 4765 909 4817 cum
945 4751 1186 4805 nondum
1209 4750 1510 4808 Jerusalem
1536 4753 1722 4811 lsraeli
1752 4756 1967 4811 subdita

388 4851 554 4906 esset,
589 4841 682 4897 sed
707 4842 772 4895 ad
798 4843 1099 4913 allophylos
1129 4845 1445 4913 pertineret.

458 4932 613 4998 Quod
665 4943 845 4986 autem
885 4934 1133 4988 videatur
1177 4934 1347 4989 David
1380 4936 1531 4991 diras
1574 4936 1864 5007 imprecari
1892 4938 1970 4992 di-

388 5041 522 5081 cens
557 5044 569 5080 :
617 5025 805 5079 Veniat
836 5043 977 5079 mors
1012 5041 1170 5094 super
1204 5027 1347 5091 illos,
1379 5038 1427 5081 et
1462 5028 1777 5083 descendant
1815 5034 1868 5082 in
1895 5030 1971 5082 in-

389 5117 596 5187 fernum
632 5119 883 5185 virentes,
913 5133 1075 5188 quam
1107 5118 1421 5174 aﬂinitatem
1457 5123 1652 5176 habeat
1677 5137 1801 5177 cum
1833 5138 1971 5192 pra3~

389 5212 536 5264 clara
555 5210 646 5264 illa
669 5210 789 5279 ejus
813 5211 1195 5282 celebrataque
1225 5214 1446 5274 virtute,
1473 5228 1582 5283 qua
1609 5214 1817 5269 dixisse
1841 5216 1972 5269 scri-

391 5296 537 5352 bitur
570 5316 582 5351 :
615 5296 676 5352 Si
704 5300 910 5353 reddidi
937 5302 1344 5357 retribuentibus
1370 5304 1497 5357 mihi
1528 5304 1700 5370 mala,
1730 5305 1971 5359 decidant

2070 4578 2177 4648 γὰρ
2211 4577 2365 4640 πόλις
2410 4577 2504 4630 τοῦ
2557 4578 2729 4631 Σαοὺλ
2763 4577 2980 4645 ἐλέγετο
3013 4573 3149 4629 εἶναι
3180 4579 3211 4647 ἡ
3257 4576 3433 4647 Ῥαμὰ
3455 4616 3470 4640 ,
3500 4575 3560 4628 τὸ
3600 4575 3646 4627 δ’

2069 4671 2382 4741 οἰκητήριον
2426 4669 2649 4740 αὑτοῦὴ
2694 4669 2899 4733 Γαὸεὲ,
2949 4667 3100 4721 οὔπω
3145 4669 3242 4737 τῆς
3297 4667 3647 4736 Ἰερουσαλὴμ

2071 4762 2176 4813 ὑπὸ
2226 4760 2305 4832 τῷ
2369 4761 2584 4833 Ἰσραὴλ
2648 4761 2985 4832 γενομένης,
3050 4760 3162 4812 ἀλλ’
3219 4759 3299 4811 ἐτι
3337 4758 3646 4827 ἀλλοφύλων

2069 4852 2255 4922 οὔσης.

2141 4945 2214 4996 Τὸ
2238 4946 2281 4997 δ’
2309 4946 2619 5017 ἐπαρᾶσθαι
2640 4945 2816 4997 δοκεῖν
2844 4944 2933 4997 τὸν
2958 4943 3139 5007 Δαυῒδ,
3162 4944 3255 4997 καὶ
3284 4942 3483 5010 λέγειν’
3517 4944 3646 4995 Ἑλ-

2072 5038 2217 5093 θέτω
2249 5036 2504 5101 θάνατος
2531 5036 2622 5088 ἐπ’
2649 5036 2898 5101 αὐτοὺς,
2944 5037 3037 5089 καὶ
3086 5034 3515 5099 καταϐήτωσαν
3560 5035 3647 5099 είς

2071 5130 2219 5196 ᾅδου
2253 5127 2462 5193 ζῶντες
2488 5166 2502 5189 ,
2534 5128 2692 5180 ποίαν
2716 5126 2827 5196 ἔχοι
2867 5127 3183 5195 συμφωνίαν
3219 5125 3352 5196 πρὸς
3373 5126 3433 5177 τὸ
3464 5141 3647 5193 σεμνο-

2070 5219 2290 5288 λόγημα
2320 5217 2417 5286 τῆς
2445 5216 2789 5286 ὑμνουμένης
2818 5215 2982 5267 αὐτοῦ
3014 5216 3234 5286 ἀρετῆς,
3272 5214 3356 5281 ἐφ’
3382 5208 3449 5282 ἧς
3475 5211 3647 5278 λέγων

2071 5305 2481 5375 ἀναγέγραπται
2503 5322 2514 5331 ·
2540 5307 2609 5356 El
2626 5302 3014 5358 ἀπαπέδωκα
3030 5303 3152 5369 τοῖς
3177 5299 3647 5356 ἀνταποδιδοῦσὶ

392 5395 455 5441 ab
484 5389 712 5444 inimicis
751 5393 877 5445 meis
912 5392 1131 5449 inanis?
1192 5393 1328 5447 Nam
1360 5396 1497 5450 tales
1550 5397 1968 5465 imprecationes

2065 5414 2163 5465 μοι
2185 5400 2360 5455 κακὰ,
2391 5395 2766 5461 ἀποπεσείην
2804 5393 2918 5460 ἄρα
2954 5393 3072 5447 ἀπὸ
3114 5393 3230 5446 τῶν
3271 5391 3499 5461 ἐχθρῶν
3527 5408 3645 5459 μου

393 5478 445 5531 iu
474 5479 659 5535 hostes
687 5482 881 5546 edere,
921 5500 1029 5539 non
1074 5484 1399 5555 iniuriarum
1453 5488 1789 5541 immemoris
1814 5487 1971 5540 Davi—

391 5571 479 5625 dls
507 5571 687 5627 fuerit.
717 5574 840 5639 Qui,
868 5584 927 5629 ut
950 5576 1005 5630 in
1032 5577 1261 5632 historia
1291 5589 1566 5647 narratur,
1599 5596 1814 5651 semper
1839 5579 1971 5634 Sau-

391 5662 497 5717 lem
529 5662 582 5717 in
610 5663 817 5720 honore
845 5677 898 5720 et
925 5668 1100 5737 pretio
1144 5670 1353 5735 habuit,
1396 5680 1455 5725 ut
1487 5688 1555 5726 ne
1588 5672 1811 5727 auderet
1846 5673 1969 5741 qui-

391 5751 511 5808 dem
565 5754 667 5823 ipsi
709 5772 904 5812 manus
935 5758 1159 5826 inferre,
1210 5763 1371 5817 etiam
1398 5779 1522 5817 cum
1557 5764 1705 5819 illum
1736 5766 1791 5820 in
1827 5775 1970 5835 pote-

2072 5489 2285 5553 xero’c;
2317 5487 2377 5539 τὸ
2405 5487 2512 5557 γὰρ
2539 5486 2793 5548 τοιαύτας
2836 5486 2975 5556 ἀρὰς
3015 5485 3374 5554 κατεύχεσοαι
3410 5484 3517 5535 τῶν
3554 5483 3645 5554 ἐχ-

2072 5581 2234 5654 θρῶν,
2267 5582 2365 5635 ούκ
2394 5579 2459 5632 ἂν
2487 5581 2572 5649 εἴη
2601 5578 2692 5631 τοῦ
2721 5578 3042 5644 ἁνεξικὰκου
3080 5576 3240 5630 Aab-i6
3265 5619 3278 5639 ,
3311 5577 3368 5638 ὃς
3416 5576 3646 5629 πάντοτε

2069 5674 2243 5745 τιμῶν
2288 5674 2382 5727 καὶ
2422 5671 2584 5734 σέὅας
2620 5670 2757 5740 ἔχων
2807 5669 2901 5723 τοῦ
2936 5670 3125 5728 Σαοὺλ,
3163 5668 3238 5731 ὼς
3287 5668 3420 5739 μηδὲ
3445 5668 3647 5736 τολμᾷν
3735 5701 3744 5709 -

2074 5765 2383 5822 ἐπιϐάλλειν
2413 5763 2560 5835 αὐτῷ
2582 5767 2787 5835 χεῖρας,
2812 5765 2901 5817 ὅτε
2926 5764 3019 5820 καί
3042 5781 3168 5817 ποτε
3210 5761 3515 5833 ὑποχείριον
3554 5762 3651 5813 αύ-
