4138 6386
432 387 541 444 475

1573 386 2079 444 οοδιδιΕΝτΑΒιΑ
2120 385 2184 439 lN
2224 383 2565 444 PSALMOS.

3602 388 3708 444 ιτι

437 504 527 557 τὸν
552 503 793 576 εἴληφεν,
842 507 901 574 ἐξ
933 507 1105 579 αὐτῆς
1133 509 1408 563 δείκνυται
1456 508 1557 579 τῆς
1586 509 1845 579 ἱστορίας.
1903 505 2013 560 Καὶ

2118 509 2256 557 state
2284 503 2494 557 habuit.
2563 502 2627 556 Et
2657 502 2710 557 in
2733 482 3092 573 sequentibus
3126 501 3279 557 addit
3312 522 3324 557 :
3356 500 3556 556 Molliti
3586 513 3710 555 sunt

438 595 643 665 προῖὼν
676 596 733 650 δὲ
764 598 1003 667 ἐπιλέγει
1026 617 1039 629 ο
1079 600 1539 667 Ἡπαλύνθησαν
1571 602 1625 653 οί
1644 600 1809 669 λόγοι
1833 597 2021 651 αὐτοῦ

437 684 591 752 ὑπὲρ
618 687 847 750 ἔλαιον,
873 690 973 742 καὶ
994 690 1167 744 αὐτοί
1198 692 1318 743 εισι
1361 689 1630 756 βολίδες.
1663 690 1796 742 Τίνα
1833 685 1925 742 οὖν
1955 688 2021 742 ἄν

436 794 520 841 τις
547 777 658 849 ἔχοι
697 778 865 845 δεῖξαι
893 781 982 833 τὸν
1012 780 1185 834 ταῦτα
1211 782 1290 853 τῷ
1316 780 1477 835 Δαυῖδ
1507 781 1876 852 πεποιηκότα;
1932 778 2021 844 Ἐξ

438 863 511 923 ὧν
538 871 793 924 ἀπάντων
823 872 1063 943 ἠγοῦμαι
1110 874 1183 946 μὴ
1236 874 1421 946 χώραν
1456 874 1600 945 ἔχειν
1647 873 2019 945 ἀναφέρεσθαι

436 964 506 1017 ea
542 964 891 1036 προκείμενῶ
912 968 1006 1020 ἐπὶ
1030 968 1092 1020 τὸ
1119 970 1213 1022 τοῦ
1245 969 1408 1024 Δαυῖδ
1437 970 1726 1041 πρόσωπον
1750 987 1765 1001 ’
1804 964 2021 1042 προφηιί

437 1061 564 1129 τικῇ
596 1059 652 1112 δὲ
680 1056 834 1131 οἶμαι
857 1062 1084 1133 δυνάμει
1110 1063 1359 1134 λελέχθαι
1395 1063 1533 1117 αύτά
1558 1102 1571 1125 ,
1602 1066 1694 1117 καὶ
1734 1064 1828 1117 ἐπὶ
1860 1064 2019 1135 μόνον

436 1148 528 1201 τὸν
562 1151 787 1223 Σωτῆρα
810 1154 906 1206 καὶ
936 1152 1139 1224 Κύριον
1166 1154 1321 1224 ήμῶν
1344 1155 1695 1209 συνίστασθαι
1722 1155 2017 1225 πεπληρω-

439 1240 599 1310 μένα,
623 1244 733 1308 ὄτε,
765 1248 904 1298 κατὰ
923 1246 984 1298 τὸ
1018 1246 1150 1299 αὐτὸ
1173 1247 1524 1316 συναχθέντες
1545 1249 1594 1301 oi
1622 1248 1715 1302 τοῦ
1751 1248 2018 1301 Ἰουδαίων

436 1332 622 1397 ἔθνους
679 1335 938 1406 ἄρχοντες
994 1339 1085 1391 ἐπὶ
1135 1338 1235 1409 τῆς
1299 1339 1676 1410 Ἰερουσαλὴμ.
1743 1341 2018 1413 συνέδριον

436 1428 761 1497 ἐποιήσαντο
786 1430 883 1482 καλ⁸
914 1430 1127 1500 σκέψιν,
1172 1432 1319 1494 ὅπως
1353 1432 1515 1485 αὑτὸν
1546 1432 1882 1487 ἀπολέσωσιν
1906 1450 1919 1462 ·
1959 1436 2017 1485 ἐν

433 1512 479 1586 ᾧ
508 1522 556 1572 oi
591 1521 688 1589 μὲν
732 1521 960 1576 θάνατον
993 1523 1157 1577 αὑτοῦ
1209 1525 1682 1595 κατεψηφίσαντο·
1725 1525 1907 1597 ἕτεροι
1961 1526 2018 1579 δὲ

433 1615 741 1684 ἀντέλεγον,
797 1616 874 1679 ὡς
925 1619 953 1670 ὁ
1002 1618 1308 1688 Νικόδημος
1364 1617 1574 1686 λέγωνι
1617 1617 1714 1686 Μὴ
1758 1622 1791 1672 ό
1835 1620 2019 1687 νόμος

432 1703 605 1773 ἡμῶν
626 1707 967 1773 κατακρίνει
994 1707 1102 1760 τὸν
1139 1707 1473 1775 ἄνθρωπον,
1509 1711 1562 1762 εί
1576 1710 1662 1778 μή
1694 1726 1748 1761 τι
1781 1709 2017 1777 ἀκούσῃ

434 1797 568 1863 παρ’
598 1799 785 1851 αὑτοῦ
804 1815 823 1862 ;
858 1799 1022 1852 Ταῦτ’
1069 1796 1161 1853 οὖν
1197 1799 1553 1871 προφητικῶς
1583 1802 1645 1854 τὸ
1699 1801 1923 1873 Πνεῦμα
1954 1802 2016 1855 τὸ

434 1886 589 1952 ἀγιον
623 1887 979 1952 ἀποθεσπὶζει
1012 1888 1098 1941 διὰ
1131 1889 1239 1943 τῶν
1265 1892 1639 1961 προκειμένων
1666 1892 1852 1959 λέγον“
1886 1894 2015 1946 ’Ὁτι

431 1973 595 2030 εἶδον
616 1979 875 2047 ἀνομίαν
896 1982 992 2034 καὶ
1013 1982 1366 2052 ἀντιλογίαν
1390 1984 1461 2036 ἐν
1488 1982 1563 2051 τῇ
1590 1986 1760 2037 πόλει
1791 1983 2016 2053 ἡμέρας

431 2070 529 2121 καὶ
555 2072 795 2137 νυκτός.
830 2073 1021 2142 Σαφῶς
1044 2075 1099 2127 δὲ
1143 2077 1235 2127 καὶ
1269 2076 1421 2145 ήτοῦ
1462 2076 1794 2145 Εύαγγελίου
1828 2077 2015 2149 γραφὴ

436 2166 702 2234 μαρτυρεῖ
748 2168 813 2236 τῇ
867 2168 1208 2239 προφητείᾳ,
1247 2170 1340 2222 ἐπὶ
1369 2170 1461 2221 τὸν
1507 2170 1771 2241 προδότην
1814 2170 2014 2223 Ἰούδαν

430 2254 737 2309 ὲκλαϐοὗσα
760 2256 841 2319 τὸ,
866 2259 934 2310 Et
967 2262 999 2311 ό
1032 2258 1246 2327 ἐχθρὸς
1275 2258 1551 2313 ὠνείδισέ
1568 2276 1645 2328 με
1664 2301 1678 2324 ,
1704 2259 2015 2329 ὑπήνεγκα

429 2347 536 2398 ἀν·
573 2347 670 2399 καί
705 2350 758 2400 εί
782 2351 815 2401 ὁ
837 2348 1038 2416 μισῶν
1066 2367 1165 2418 με,
1197 2350 1289 2402 ἐπ’
1321 2349 1425 2419 ἐμὲ
1462 2351 2016 2420 ἐμεγαλορῤημόνηα

427 2456 561 2503 σεν,
591 2440 854 2508 ἐκρύθην
888 2439 965 2493 ἂν
992 2441 1094 2495 ἀπ’
1118 2440 1328 2495 αὑτοῦ.
1360 2442 1442 2495 Σὺ
1472 2441 1558 2506 δὲ,
1596 2443 1868 2511 ἄνθρωπε
1899 2445 2016 2497 ίσό·

428 2534 612 2600 ψυχε,
638 2532 733 2586 καὶ
762 2532 830 2585 τὰ
871 2531 1017 2603 ἐξῆς.
1068 2534 1220 2586 Ἐπεὶ
1250 2534 1431 2587 τοίνυν
1478 2536 1572 2588 καὶ
1612 2537 1644 2606 ἡ
1700 2536 2015 2606 σύμφρασις

429 2620 538 2674 τῶν
563 2621 737 2688 λόγων
774 2622 875 2675 οὐκ
921 2623 1095 2686 ἄλλως
1140 2624 1534 2696 πεπληρῶσθαι
1571 2625 2010 2698 ἀποδείκνυταιῆ

428 2712 517 2765 διὰ
537 2712 643 2764 τῶν
670 2714 749 2776 είς
772 2713 863 2766 τὸν
890 2714 1118 2784 Σωτῆρα
1141 2716 1569 2786 πεπραγμένων,
1594 2717 1629 2787 ἢ
1649 2733 1709 2768 τε
1742 2718 2013 2789 μαρτυρία

428 2805 528 2874 τῆς
556 2805 917 2876 εύαγγελικῆς
945 2808 1303 2879 παραθέσεως
1330 2809 1423 2861 ἐπὶ
1459 2810 1550 2862 τὸν
1576 2810 1841 2881 προδότην
1886 2812 2014 2865 ἀνα-

430 2896 583 2965 φέρει
606 2895 667 2947 τὸ
690 2895 983 2967 προλεχθὲν
1025 2896 1191 2967 μέρος
1235 2895 1329 2948 τοῦ
1372 2896 1834 2967 ἀναγνώσματοςο
1886 2898 2014 2950 ἀκὸ·

429 2983 618 3037 λουθον
644 2986 709 3037 ἂν
744 2986 827 3056 εἴη
855 2985 949 3037 καὶ
973 2986 1121 3055 ἡμᾶς
1150 2987 1243 3039 ἐπὶ
1268 2987 1359 3040 τὸν
1391 2987 1579 3059 καιρὸν
1613 2988 1704 3041 τοῦ
1732 2988 2011 3061 Σωτηρίου

430 3076 634 3138 πάθους
661 3077 761 3147 τὴν
789 3075 1070 3147 παροῦσαν
1095 3078 1344 3131 ἐκλαϐεῖν
1372 3078 1728 3149 προφητείαν,
1756 3080 1924 3144 δεῖξαί
1951 3098 2011 3134 τε

2124 611 2388 648 sermones
2404 594 2519 664 ejus
2536 611 2692 663 super
2715 594 2909 657 oleant,
2928 605 2978 649 et
3007 596 3106 663 ipsi
3121 605 3243 648 sunt
3260 594 3469 663 jacula.
3507 593 3711 660 Quem-

2122 700 2250 737 nam
2285 683 2532 753 prol'erre
2562 686 2690 755 quis
2720 686 2898 739 valeat
2927 686 3019 755 qui
3065 686 3177 739 haec
3211 686 3265 738 in
3304 684 3560 739 Davidem
3591 700 3713 754 ege-

2123 776 2228 829 rit?
2255 776 2331 829 Ex
2360 776 2562 846 quibus
2586 777 2842 831 omnibus
2875 783 3087 831 :estimo
3118 793 3227 830 non
3264 792 3424 846 posse
3456 776 3522 830 ad
3554 774 3711 829 Davi-

2120 869 2207 924 dis
2235 885 2524 937 personam
2572 871 2685 925 lucc
2717 869 2947 936 referri;
2989 871 3083 924 sed
3138 870 3456 940 prophetica
3487 870 3539 923 vi
3568 870 3710 923 arbi-

2120 970 2238 1015 tror
2289 962 2435 1016 dicta
2486 977 2630 1025 esse,
2684 973 2739 1015 et
2787 963 2840 1015 in
2897 978 3005 1016 uno
3037 962 3320 1016 Salvatore
3376 972 3429 1017 et
3475 960 3709 1015 Domino

2119 1063 2312 1108 nostro
2340 1055 2632 1123 completa,
2663 1054 2887 1124 quando
2918 1053 3161 1109 Judaicm
3190 1054 3369 1124 gentis
3405 1054 3707 1124 principes,

2120 1150 2508 1222 llierosolymze
2533 1150 2587 1203 in
2606 1166 2773 1203 unum
2798 1149 3138 1219 congregati,
3157 1164 3480 1203 consessum
3503 1163 3567 1201 ac
3582 1163 3710 1202 eon-

2119 1244 2301 1299 silium
2355 1244 2631 1305 inierunt,
2660 1242 2936 1311 quomodo
2972 1257 3094 1295 eum
3130 1241 3421 1311 perderent
3459 1259 3471 1294 :
3518 1241 3572 1294 in
3598 1256 3710 1309 quo

2119 1336 2210 1388 alii
2240 1335 2460 1405 quidem
2500 1335 2700 1404 capitis
2726 1335 3093 1396 damnabant;
3128 1333 3220 1386 alii
3251 1332 3614 1393 obsistebant,
3651 1340 3709 1386 ut

2118 1427 2451 1482 Nieodemus
2473 1427 2564 1495 qui
2596 1426 2814 1479 dicebat
2845 1444 2858 1479 :
2899 1423 3153 1494 Nunquid
3182 1424 3264 1476 lea:
3290 1434 3476 1477 nostra
3495 1422 3708 1491 judicat

2117 1522 2403 1584 hominem,
2438 1522 2543 1574 nisi
2572 1521 2721 1588 prius
2748 1519 2978 1572 audierit
3015 1518 3078 1571 ab
3104 1521 3215 1586 ipso
3238 1518 3326 1573 ".9
3371 1516 3495 1571 Haec
3524 1518 3709 1586 itaque

2119 1615 2435 1685 prophetice
2468 1616 2708 1683 Spiritus
2752 1621 2980 1668 sanctus
3016 1613 3168 1666 hisce
3213 1611 3401 1666 verbis
3446 1610 3709 1664 vaticina-

2121 1720 2228 1766 tur.
2266 1710 2532 1776 Quoniam
2558 1709 2665 1762 vidi
2696 1708 3027 1777 iniquitatem
3054 1714 3103 1759 et
3147 1702 3617 1757 contradictionem
3650 1702 3709 1755 in

2120 1805 2331 1857 civitate
2368 1803 2453 1855 die
2496 1819 2559 1854 ac
2601 1811 2767 1854 nocte.
2817 1801 3015 1869 Aperte
3062 1812 3226 1867 porro
3260 1795 3537 1865 Evangelii
3575 1797 3711 1849 scri-

2050 1860 2087 1913 Β
2120 1903 2275 1964 ptura
2305 1891 2645 1962 prophetiam
2673 1860 2889 1950 asserit,
2916 1888 3028 1941 haec
3054 1860 3120 1941 de
3144 1860 3583 1955 proditore'Juda
3616 1899 3710 1936 ac-

2116 1987 2325 2056 cipiens
2348 2026 2362 2047 ,
2414 1985 2476 2039 Si
2500 1984 2747 2037 inimicus
2772 1998 2916 2034 meus
2950 1978 3315 2032 maledixisset
3358 1977 3511 2039 mihi,
3549 1978 3711 2030 susti-

2116 2080 2346 2131 nuissem
2364 2077 2543 2146 utique
2570 2092 2587 2128 :
2618 2084 2667 2128 et
2693 2074 2738 2127 si
2765 2074 2808 2126 is
2832 2073 2921 2143 qui
2953 2072 3136 2125 oderat
3165 2087 3266 2135 me,
3300 2085 3455 2138 super
3482 2084 3564 2121 me
3589 2086 3708 2121 ma-

2116 2188 2220 2241 gna
2282 2171 2491 2225 locutus
2553 2169 2777 2238 fuisset,
2816 2164 3208 2219 abscondissem
3257 2180 3339 2217 me
3384 2163 3611 2231 forsitan
3641 2162 3707 2215 ab

2115 2279 2195 2317 eo.
2263 2262 2342 2315 Tu
2372 2277 2489 2315 vero
2520 2260 2675 2313 homo
2720 2258 3025 2319 unanimis,
3079 2265 3133 2309 et
3158 2264 3377 2310 caetera.
3435 2252 3706 2319 Quoniam

2116 2368 2247 2422 ergo
2276 2352 2569 2407 verborum
2608 2349 2805 2403 seriem
2839 2363 2946 2401 non
2976 2347 3083 2399 alio
3116 2345 3299 2408 modo,
3334 2360 3499 2415 quam
3529 2348 3581 2398 in
3611 2346 3709 2399 ad-

2116 2444 2304 2499 missis
2348 2451 2540 2497 contra
2601 2440 2941 2495 Salvatorem
2993 2437 3372 2501 facinoribus,
3427 2437 3705 2507 impletam

2115 2551 2239 2590 esse
2266 2534 2690 2604 comprobatur;
2739 2539 2904 2601 atque
2934 2530 3264 2601 evangelicae
3307 2530 3592 2585 sententiae
3624 2536 3709 2583 tes

2116 2628 2434 2682 stimonium
2491 2634 2849 2681 memoratam
2904 2625 3155 2679 lectionis
3191 2631 3402 2694 partem
3437 2623 3503 2677 ad
3529 2622 3703 2692 prodi-

2116 2731 2286 2774 torem
2318 2720 2515 2784 refert;
2547 2727 2977 2773 consentaneum
3012 2732 3146 2773 sane
3170 2716 3335 2771 fuerit
3356 2730 3459 2769 nos
3486 2730 3708 2784 quoque

2115 2808 2181 2863 de
2205 2816 2453 2878 tempore
2476 2807 2746 2861 Salutaris
2776 2806 3052 2877 passionis
3074 2806 3215 2860 hanc
3238 2804 3579 2875 prophetiam
3613 2820 3709 2858 ac-

2114 2910 2500 2969 c1pere,alque
2529 2906 2969 2953 commonstrare
2995 2896 3207 2967 singula
3243 2896 3318 2951 i-bi
3354 2896 3539 2961 allata,
3569 2904 3709 2949 tem--

2115 3006 2246 3060 pore
2274 2990 2598 3045 insidiarum
2629 2997 2822 3043 contra
2853 2989 3193 3042 Salvatorem
3222 2995 3475 3042 nostrum
3495 3027 3509 3049 ,
3546 2986 3706 3041 linem

2116 3082 2415 3151 accepisse.
2450 3079 2833 3151 lnscriptionis
2866 3082 3051 3149 itaque
3078 3079 3243 3133 verba
3265 3079 3378 3147 jam
3411 3079 3478 3132 ad
3506 3077 3710 3132 intelli-

428 3168 635 3220 ἕκαστα
667 3167 774 3220 τῶν
810 3171 868 3222 ὲν
900 3168 1072 3241 ταύτῃ
1094 3169 1407 3240 φερομένων
1437 3172 1494 3223 ἐν
1537 3170 1712 3241 καιρῷ
1742 3171 2010 3240 τῆς-κατὰ

2118 3175 2352 3243 gentiam
2387 3175 2659 3229 dictorum
2710 3189 2811 3228 nos
2859 3180 3178 3243 provocant,
3217 3180 3381 3242 atque
3429 3171 3498 3225 ad
3546 3172 3707 3225 linem

427 3258 522 3310 τοῦ
553 3259 801 3332 Σωτῆρος
825 3260 980 3331 ἡμῶν
1007 3259 1298 3331 ἐπιϐουλῆς
1329 3260 1514 3324 τέλους
1540 3263 1895 3333 τετυχηκότα.
1932 3263 2013 3316 Τὰ

432 3349 531 3417 μὲν
578 3344 671 3401 οὖν
716 3350 813 3420 τῆς
844 3350 1167 3420 προγραφῆς
1213 3352 1307 3403 καὶ
1355 3350 1449 3402 νῦν
1490 3353 1637 3421 ἡμᾶς
1670 3352 1763 3404 ἐπὶ
1800 3352 2016 3406 σύνεσιν

427 3441 682 3513 διεγείρει
711 3442 819 3495 τῶν
857 3442 1267 3515 ἐμφερομένων,
1310 3444 1405 3495 καὶ
1434 3447 1513 3507 είς
1547 3445 1607 3497 τὸ
1639 3444 1791 3508 τέλος
1814 3445 1870 3498 δὲ
1906 3462 2014 3497 πα-

432 3534 733 3604 ραπέμπει,
768 3534 855 3587 διὰ
881 3535 941 3587 τὸ
970 3536 1061 3587 ἐπὶ
1086 3535 1364 3606 συντελείᾳ
1394 3534 1488 3587 τοῦ
1519 3534 1714 3598 αἰῶνος
1740 3536 1808 3589 δι’
1836 3536 2017 3607 ἔργων

431 3625 571 3677 αὐτὰ
599 3625 1013 3697 πεπληρῶσθαι.
1044 3627 1271 3698 Εἴρηται
1328 3627 1385 3679 δέ
1436 3627 1531 3679 καὶ
1569 3627 1639 3680 ἐν
1676 3627 1920 3695 ὕμνοις’
1954 3629 2007 3697 ἢ,

434 3716 573 3770 κατὰ
603 3718 692 3770 τὸν
735 3719 987 3785 Ἀκύλαν,
1017 3723 1085 3774 ἐν
1122 3721 1383 3791 ψαλμοῖς
1407 3740 1420 3752 ο
1450 3723 1507 3793 ἢ,
1538 3723 1681 3776 κατὰ
1732 3724 1823 3776 τὸν
1863 3723 2009 3795 Σύμ-

434 3826 625 3879 μαχον,
660 3809 755 3863 διὰ
782 3813 1132 3879 ψαλτηρίων
1150 3828 1163 3841 ’
1202 3814 1390 3883 ἐπειδὴ
1418 3814 1476 3866 τὸ
1505 3813 1657 3877 τέλος
1684 3814 1775 3867 τοῦ
1808 3816 2013 3881 πάθους

2118 3267 2420 3329 remittunt,
2456 3266 2585 3336 quia
2621 3265 2734 3319 hmc
2768 3267 2820 3317 in
2849 3265 3327 3318 consummatione
3359 3264 3543 3319 saaculi
3588 3265 3709 3333 ipso

2117 3373 2285 3427 opere
2320 3356 2561 3427 perfecta
2599 3366 2746 3411 sunt.
2814 3354 3029 3409 Dictum
3065 3370 3193 3409 vero
3222 3363 3343 3420 est,
3378 3356 3433 3408 in
3458 3354 3707 3424 hymnis;

2117 3452 2253 3511 sive.
2293 3450 2595 3505 secundum
2629 3449 2916 3517 Aquilam,
2954 3449 3007 3500 in
3037 3448 3295 3516 psalmis;
3332 3448 3448 3501 sive
3469 3489 3483 3513 ,
3510 3462 3711 3502 secun-

2120 3544 2249 3599 dum
2285 3541 2698 3613 Symmachum,
2733 3556 2824 3608 per
2851 3540 3110 3609 psalteria
3132 3580 3146 3602 ,
3187 3539 3314 3609 quia
3344 3539 3467 3592 linis
3495 3539 3710 3607 passio-

2120 3636 2206 3689 nis
2237 3634 2530 3691 Salutaris.
2561 3641 2782 3701 propter
2817 3632 3284 3685 resurrectionem
3318 3644 3382 3683 ac
3407 3630 3712 3698 redempto-

2121 3743 2241 3780 rum
2268 3726 2522 3789 salutem,
2559 3723 2796 3793 hymnis,
2822 3720 3099 3790 psalteriis
3121 3727 3174 3774 et
3206 3719 3439 3774 canticis
3464 3718 3712 3774 celebra-

2124 3827 2232 3871 tur.
2270 3816 2336 3869 Et
2370 3816 2486 3869 hac
2514 3812 2734 3883 quidem
2767 3813 2833 3866 de
2860 3813 3241 3881 inscriptione.

429 3904 524 3957 τοῦ
556 3905 832 3976 Σωτηρίου
859 3906 1042 3977 ὕμνων
1066 3908 1158 3961 καὶ
1183 3907 1519 3979 ψαλτηρίων,
1563 3909 1658 3963 καὶ
1690 3910 1841 3980 ᾠδῶν
1891 3916 2105 3983 μετεῖχε
2168 3913 2267 3983 τῆς
2316 3928 2377 3963 τε
2443 3908 2811 3971 ἀναστάσεως·
2834 3907 3001 3960 αὑτοῦ
3064 3907 3227 3959 ἕνεκα
3262 3907 3357 3959 καὶ
3394 3907 3496 3977 τῆς
3535 3923 3710 3980 σωτη-

433 3996 555 4070 ρίας
586 3999 692 4052 τῶν
719 4001 786 4053 δι’
816 4003 986 4072 αὐτῆς
1013 4002 1455 4074 λελυτρωμένων.
1499 4006 1610 4057 Καὶ
1652 4006 1873 4059 τοιαῦτα
1916 4008 2014 4078 μὲν
2052 4009 2119 4061 τὰ
2148 4009 2244 4077 τῆς
2266 4005 2616 4077 προγραφῆςι

504 4093 587 4146 Τά
613 4095 668 4148 δὲ
695 4096 794 4165 τῆς
816 4098 1154 4166 προφητείας
1187 4097 1498 4169 παρακαλεῖ
1519 4098 1610 4151 τὸν
1653 4100 1787 4153 Θεὸν
1830 4102 2019 4154 ἐνωτί-

436 4186 631 4240 σασθαι
665 4188 758 4240 τοῦ
790 4187 1059 4257 λέγοντος,
1090 4191 1183 4243 καὶ
1218 4191 1361 4243 τοῦτ’
1389 4191 1538 4261 αύτῷ
1577 4192 1794 4265 πρῶτον
1842 4212 2019 4265 παρα-

436 4281 583 4348 σχεῖν
606 4297 619 4309 ·
652 4275 768 4332 εἶτα
799 4280 1068 4351 δεύτερον,
1100 4281 1303 4349 γνῶναι
1332 4282 1430 4353 τὴν
1459 4281 1545 4336 διὰ
1575 4285 1673 4355 τῆς
1707 4287 2016 4356 προσευχῆς

432 4371 898 4441 ἁναπεμπομένην
926 4369 1108 4439 δέησιν
1138 4371 1231 4422 καὶ
1265 4372 1546 4442 ἱκετηρίαν
1572 4411 1587 4435 ,
1625 4373 1699 4443 μὴ
1740 4374 2017 4443 ὑπεριδεῖν

432 4478 491 4513 τε
520 4463 689 4532 αὑτήν
713 4479 725 4491 ο
759 4463 854 4515 καὶ
874 4463 1077 4535 τρίτον,
1107 4464 1207 4534 τὴν
1236 4463 1572 4517 κατάστασιν
1602 4463 1896 4518 θεάσασθαι
1922 4466 2015 4518 τοῦ

432 4553 532 4622 τῆν
565 4554 873 4625 προσευχὴν
898 4555 1332 4625 ἀναπέμποντος,
1368 4556 1461 4608 καὶ
1486 4554 1658 4619 οὕτως
1687 4556 1846 4609 αὑτὸν
1886 4574 2016 4610 κατ-

432 4643 663 4708 αξιῶσαι
695 4646 796 4715 τῆς
834 4646 1033 4699 ἑαυτοῦ
1066 4648 1233 4719 ἀκοῆς
1253 4665 1265 4677 ·
1303 4648 1384 4700 διὸ
1426 4648 1669 4717 ἐπιλέγει
1696 4666 1709 4678 ’
1741 4650 2017 4718 Ιιρόσχες

427 4754 530 4805 μοι
562 4737 661 4791 καὶ
695 4737 1065 4792 εἰσάκουσον
1096 4757 1235 4807 μου.
1273 4741 1483 4811 ’Ὥσπερ
1515 4741 1623 4811 γὰρ
1658 4742 1899 4795 δυσωπεῖ
1925 4742 2016 4794 τὸν

432 4828 565 4882 Θεὸν
618 4831 807 4883 ἑαυτὸν
855 4830 1063 4894 δεικνὺς
1097 4834 1125 4883 ὁ
1162 4832 1258 4902 τὴν
1295 4834 1605 4903 προσευχὴν
1653 4834 2015 4904 ἀναπέμπων,

433 4923 528 4978 καὶ
574 4922 748 4992 λέγων
791 4924 869 4995 τῷ
904 4923 1055 4995 Θεῷ·
1095 4928 1369 4995 Πρόσχες
1404 4942 1543 4995 μοι’
1594 4925 1690 4998 τὴν
1725 4927 1780 4979 δὲ
1826 4927 2015 4980 ἑαυτοῦ

435 5013 766 5068 κατάστασιν
793 5017 1089 5088 παρίστησι
1120 5017 1212 5069 καὶ
1250 5017 1378 5086 ἑξῆς
1418 5017 1590 5085 λέγων
1610 5035 1623 5048 ο
1674 5018 2020 5087 Ἐλυπήθην

433 5107 504 5158 ἐν
535 5104 610 5175 τῇ
636 5107 966 5178 ἀδολεσχίᾳ
992 5127 1135 5177 μου,
1169 5108 1266 5162 καὶ
1292 5110 1628 5179 ἐταράχθην
1657 5112 1775 5165 ἀπὸ
1817 5110 2020 5181 φωνῆς

434 5200 673 5268 ἐχθροῦ,
702 5201 797 5254 καὶ
821 5201 941 5255 ἀπὸ
972 5204 1234 5270 θλίψεως
1257 5203 1629 5272 ἀμαρτωλοῦ.
1658 5203 1767 5275 Τὴν
1798 5203 1907 5275 γὰρ
1931 5203 2023 5256 λύ-

435 5309 545 5362 πην
579 5292 772 5345 ἑαυτοῦ
801 5294 1039 5347 δείκνυσι
1068 5293 1146 5364 τῷ
1173 5293 1292 5365 Θεῷ
1322 5296 1415 5348 καὶ
1462 5296 1561 5367 τὴν
1601 5300 1846 5368 ταραχὴν
1867 5338 1882 5361 ,
1927 5299 2023 5351 καὶ

434 5384 501 5454 ἦν
526 5401 689 5454 φησιν
712 5386 1024 5457 ἀδολεσχίαν
1050 5430 1065 5454 ,
1100 5388 1193 5440 καὶ
1225 5388 1301 5451 ὡς
1331 5387 1458 5452 ἄξια
1507 5389 1608 5458 τῆς
1651 5391 1845 5443 ἑαυτοῦ
1891 5390 2024 5443 θεω-

437 5480 579 5548 ρίας.
611 5480 721 5543 Διὸ,
751 5479 982 5544 τούτοις,
1023 5481 1208 5552 φησὶν,
1234 5482 1489 5551 πρόσχες,
1532 5483 1681 5546 ὅπως
1710 5482 2009 5554 ἐλυπήθην,

435 5572 583 5633 ὅπως
631 5571 960 5643 ἐταράχθην,
1018 5573 1168 5635 ὅπως
1234 5573 1545 5644 ἀδολεσχίας
1614 5573 2019 5645 πεπλήρωμαι’

434 5661 840 5733 ἀποδεξάμενός
886 5682 944 5717 τε
988 5665 1180 5731 ταῦτα,
1225 5666 1530 5720 ἐπάκουσόν
1587 5684 1709 5737 μου.
1761 5667 1923 5735 Λέγει
1968 5666 2024 5719 δὲ

509 5819 556 5852 ’³
595 5819 755 5877 Joan.
786 5836 900 5888 vn,
935 5823 1021 5880 51.

2195 4101 2349 4167 Quod
2378 4098 2718 4169 prophetiam
2752 4112 2881 4151 vero
2911 4104 3157 4166 spectat,
3196 4104 3351 4166 rogat
3386 4095 3592 4161 Deum,
3629 4095 3710 4151 uti

2126 4209 2184 4247 sc
2215 4194 2523 4261 loquentem
2559 4188 2853 4251 exaudiat,
2889 4199 2942 4243 et
2974 4189 3076 4241 hoc
3104 4189 3340 4259 primum
3388 4187 3493 4242 sibi
3524 4186 3711 4242 confe-

2126 4295 2239 4352 rat;
2272 4282 2535 4344 secundo,
2567 4291 2625 4336 ut
2653 4283 2900 4336 attendat
2932 4281 3300 4336 obsecrationi
3339 4296 3403 4338 ac
3433 4283 3709 4351 supplica-

2055 4358 2093 4408 ί)
2125 4376 2260 4428 tioni
2291 4374 2359 4426 ab
2385 4389 2441 4428 se
2473 4388 2568 4441 per
2611 4374 2914 4426 orationem
2950 4371 3185 4434 emiss-.2,
3226 4387 3325 4425 nec
3355 4386 3475 4425 eam
3525 4371 3710 4441 despi-
3796 4432 3799 4435 _

2121 4467 2259 4531 ciat;
2294 4466 2486 4528 tertio,
2522 4465 2733 4519 orantis
2778 4462 3029 4517 alTectum
3073 4464 3418 4526 consideret,
3449 4472 3500 4518 et
3528 4466 3599 4517 ita
3626 4467 3711 4519 di-

2122 4568 2323 4627 gnetur
2359 4572 2544 4610 aurem
2578 4557 2819 4625 prasbere
2842 4596 2856 4617 ,
2890 4570 3059 4625 quare
3090 4557 3169 4609 sic
3200 4557 3443 4621 claudit,
3488 4556 3707 4611 Intende

2122 4651 2251 4703 nimi
2298 4659 2346 4703 ct
2393 4648 2589 4702 exaudi
2640 4664 2741 4703 me.
2794 4646 2928 4701 Nam
2974 4649 3066 4717 qui
3110 4650 3413 4701 orationem
3454 4647 3703 4712 eﬂundit,

2121 4745 2276 4813 quasi
2307 4741 2416 4795 Deo
2443 4757 2564 4796 sese
2593 4739 3041 4809 conspiciendum
3068 4741 3337 4808 pratbens,
3370 4741 3623 4793 obsecrat
3651 4751 3705 4793 et

2122 4833 2199 4886 ait
2229 4833 2354 4902 ipsi,
2395 4830 2615 4884 Intende
2645 4831 2772 4883 mihi
2804 4847 2821 4884 :
2857 4838 3171 4899 statumque
3203 4846 3361 4885 suum
3396 4840 3585 4900 postea
3607 4831 3703 4884 de-

2122 4926 2296 4980 clarat
2342 4927 2528 4980 uicens
2571 4944 2586 4980 :
2636 4924 2999 4979 Conlristatus
3044 4941 3159 4977 sum
3211 4925 3265 4976 in
3323 4924 3702 4979 exercitatione

2122 5035 2259 5079 mea,
2290 5027 2337 5070 et
2368 5017 2711 5071 conturbatus
2745 5033 2863 5070 sum
2893 5035 2923 5069 a
2958 5034 3076 5071 voce
3098 5017 3321 5080 inimici,
3349 5027 3397 5071 et
3428 5034 3460 5068 a
3487 5017 3712 5069 tribula-

2126 5112 2264 5163 tione
2306 5111 2618 5179 peccatoris.
2684 5108 2819 5163 Nam
2866 5111 3109 5164 dolorem
3141 5125 3300 5164 suum
3330 5109 3438 5162 Dco
3474 5110 3697 5163 exhibet

2128 5217 2343 5256 necnon
2400 5203 2875 5257 conturbationem
2900 5242 2914 5264 ,
2948 5211 3001 5256 ct
3026 5218 3145 5256 eam
3173 5218 3334 5272 quam
3367 5209 3526 5255 vocat
3552 5218 3706 5255 exer-

2125 5295 2479 5359 citationem,
2528 5303 2715 5365 utpote
2763 5312 2883 5364 quae
2928 5294 3093 5365 digna
3154 5296 3264 5349 sint
3318 5294 3710 5364 conspectibus

2125 5389 2267 5457 ejus.
2305 5388 2509 5456 Quare,
2546 5388 2655 5451 his,
2690 5390 2889 5458 inquit,
2922 5389 3161 5451 intende,
3199 5388 3473 5457 quomodo
3507 5388 3704 5441 contri-

2128 5491 2305 5536 status
2337 5480 2464 5542 sim,
2502 5481 2781 5550 quomodo
2816 5482 3199 5546 conturbatus,
3236 5489 3291 5536 et
3320 5481 3713 5536 exercitatione

2128 5573 2367 5642 repletus
2404 5590 2417 5625 :
2455 5582 2620 5643 atque
2674 5573 2759 5628 his
2812 5574 3132 5641 acceptatis,
3177 5571 3376 5628 exaudi
3421 5587 3525 5626 me.
3588 5570 3714 5625 [huc

2135 5681 2299 5737 porro
2333 5664 2542 5737 Spiritu
2578 5666 2765 5722 divino
2798 5666 3011 5722 aﬂlatus
3055 5667 3315 5738 propheta
3350 5667 3518 5734 dicit,
3569 5667 3714 5720 futu-
3752 5670 3755 5671 ⁷
