4158 6376
486 368 593 424 475

1126 366 1393 421 EUSEBH
1430 364 1903 422 CAiSARlENSlS
1940 366 2091 422 OPP.
2132 366 2309 420 PARS
2346 364 2431 420 111.
2473 395 2541 404 -
2582 364 2989 420 ΕΧΕΟΕΤΙΟΑ.

3626 369 3737 423 476

485 501 579 541 ros
622 484 934 539 Iudaeorum
977 490 1168 537 contra
1199 482 1395 537 Filium
1429 482 1520 538 Dei
1555 499 1722 539 ausus
1747 486 1906 555 quasi
1942 485 2037 553 jan

2157 484 2328 536 ταῦτα
2353 482 2625 551 Πνεῦματι
2656 482 2786 552 θείῳ
2817 485 2845 536 ὁ
2866 484 3180 554 προφήτης,
3214 483 3280 536 τὰ
3315 483 3454 537 κατὰ
3477 484 3569 537 τοῦ
3603 486 3733 539 Υἰοῦ

484 582 781 645 praesentes
835 574 1173 643 prospiciens
1208 590 1221 626 :
1256 574 1459 643 quibus
1490 572 1756 629 confusus
1785 585 1838 628 et
1866 575 2059 627 turba-

484 678 573 722 tus
593 706 608 729 ,
644 666 832 721 dolore
861 674 915 720 et
945 666 1195 735 angustia
1216 705 1230 729 ,
1281 681 1445 734 quam
1486 666 1934 720 exercitationem
1967 682 2061 719 vo-

484 768 593 822 cat,
628 760 867 829 repletur
902 759 1151 829 degebat.
1187 758 1562 813 Contristatus
1590 774 1742 828 ergo,
1764 758 2061 812 conturba-

481 858 595 913 tus,
642 850 1034 905 exercitatione
1065 856 1119 904 et
1149 849 1401 918 angustia
1457 850 1649 918 plenus
1676 856 1794 903 erat
1825 849 1896 903 ob
1928 848 2061 902 faci-

483 957 637 1007 nora,
669 954 789 1011 qua:
816 957 939 995 mox
980 952 1229 996 recenset
1257 940 1448 995 dicens
1499 959 1513 995 :
1577 941 1696 994 Vidi
1729 942 2059 1011 iniquitatem

478 1044 528 1088 et
562 1034 1033 1088 contradictionem
1063 1034 1117 1085 in
1139 1033 1370 1096 civitate,
1398 1041 1453 1087 et
1475 1040 1695 1095 caetera,
1727 1048 1847 1102 quae
1873 1043 2057 1102 postea

479 1141 643 1195 opere
678 1125 946 1195 completa
978 1131 1126 1180 sunt.
1184 1123 1521 1179 Praevertens
1560 1124 1729 1194 igitur
1762 1124 1817 1177 in
1851 1124 2056 1193 Spiritu

476 1227 667 1272 sancto
684 1218 963 1286 propheta,
982 1216 1881 1281 contristabatur,conturbabatur,
1903 1231 2059 1269 exer-

478 1312 769 1373 citabatur,
797 1310 986 1364 dolore
1013 1310 1206 1379 plenus
1238 1308 1291 1361 in
1325 1324 1420 1363 eos
1452 1309 1544 1378 qui
1577 1309 1705 1361 talia
1747 1308 2056 1378 aggressuri

478 1407 653 1454 erant.
671 1397 1221 1467 QuamobremlDeum
1242 1407 1417 1452 status
1439 1400 1523 1451 sui
1548 1399 1909 1468 inspectorem
1934 1413 2057 1452 esse

477 1490 835 1560 rogatdicens
867 1508 880 1542 :
915 1488 1146 1553 Exaudi,
1178 1489 1336 1552 Deus,
1366 1491 1659 1544 orationem
1688 1506 1880 1552 meam,
1918 1500 1966 1544 et
1993 1507 2055 1545 ne

474 1581 770 1648 despexeris
798 1579 1213 1649 deprecationem
1237 1596 1402 1633 meam
1429 1596 1446 1633 :
1479 1580 1685 1633 intende
1730 1580 1855 1634 mihi
1884 1590 1933 1633 et
1963 1597 2055 1634 e1:—

475 1671 602 1724 audi
636 1688 735 1726 me.
791 1670 849 1724 in
884 1672 984 1725 hac
1013 1672 1329 1725 conditione
1353 1688 1535 1725 rerum
1570 1675 1781 1742 positus
1803 1714 1817 1738 ,
1849 1673 1929 1727 sic
1954 1673 2052 1728 de-

2162 574 2253 627 τοῦ
2280 573 2414 626 Θεοῦ
2454 573 2712 642 μέλλοντα
2735 574 2840 626 ὑπὸ
2878 574 3144 627 Ἰουδαίων
3184 575 3503 645 τολμᾶσθαι,
3525 576 3599 639 ὡς
3631 578 3734 647 ἤδη

2163 668 2406 735 παρόντα
2427 666 2637 734 βλέπων
2657 683 2670 695 ’
2706 666 2793 735 ἐφ’
2819 660 2900 729 οἷς
2946 667 3306 741 συγχεόμενος
3341 669 3435 722 καὶ
3466 670 3735 739 ταραττό-

2164 774 2341 827 μενος,
2370 756 2545 827 λύπης
2565 774 2623 808 τε
2646 756 3019 827 πληρούμενος
3046 758 3140 810 καὶ
3161 758 3489 828 ἀμηχανίας,
3526 760 3591 828 ἣν
3614 759 3741 813 ἀδο-

2160 847 2378 917 λεσχίαν
2400 847 2669 918 ὠνόμασε,
2704 846 2948 899 διετέλει.
2995 847 3271 899 Ἐλνπείτο
3298 848 3428 915 γοῦν
3468 849 3561 901 καὶ
3605 850 3734 903 ἐτα-

2161 939 2407 1010 ράττετο,
2429 939 2523 991 καὶ
2548 937 2702 1007 ῆδολέ
2711 954 2825 1007 σχει
2837 939 3129 1008 ἀμηχανῶν
3145 939 3237 992 καὶ
3264 940 3481 1010 ἀιπορῶν
3503 940 3595 992 ἐπὶ
3620 943 3733 1003 τοῖς

2157 1030 2544 1101 τολμωμένοις,
2592 1030 2627 1084 ἃ.
2680 1031 2870 1101 μικρὸν
2919 1031 3143 1102 ὕστερον
3195 1030 3414 1097 διέξεισι
3472 1032 3727 1099 φάσκων·

2158 1118 2339 1177 Εἶδον
2360 1122 2615 1191 ἀνομίαν
2643 1123 2741 1175 καὶ
2763 1124 3110 1191 ἀντιλογίαν
3127 1123 3196 1176 ἐν
3223 1122 3297 1189 τῇ
3324 1125 3517 1185 πόλει,
3549 1124 3642 1175 καὶ
3664 1124 3731 1177 τὰ

2157 1217 2313 1286 ἑξῆς
2369 1216 2531 1287 ἅπερ,
2589 1215 2814 1286 ὕστερόν
2863 1234 2991 1269 ποτε
3039 1216 3103 1267 δι’
3144 1215 3317 1287 ἔργων
3350 1216 3727 1286 κεχωρηκότα,

2158 1307 2441 1378 προλαϐὼν
2489 1308 2566 1378 τῷ
2614 1308 2890 1378 Πνεῦματι
2942 1307 3019 1377 τῷ
3054 1306 3190 1377 ἁγίῳ
3214 1308 3242 1359 ὁ
3272 1308 3573 1377 προφήτης,
3604 1305 3729 1358 ἐλυ·

2156 1402 2308 1451 πεῖτο
2334 1400 2427 1451 καὶ
2456 1398 2783 1469 ἐταράττετο
2824 1399 2914 1452 καὶ
2935 1398 3210 1468 ῆδολέσχει
3234 1438 3248 1461 ,
3292 1398 3529 1467 ἀθυμίας
3565 1400 3728 1468 ἐμπι-

2155 1493 2425 1563 πλάμενος
2451 1496 2542 1547 ἐπὶ
2572 1497 2682 1558 τοῖς
2736 1492 2801 1546 τὰ
2834 1494 3057 1544 τοιαῦτα
3076 1490 3332 1561 τολμῶσι.
3377 1490 3468 1541 Διὸ
3510 1491 3601 1542 καὶ
3637 1491 3725 1542 τὸν

2153 1584 2283 1637 Θεὸν
2303 1585 2543 1655 ἐπόπτην
2572 1586 2669 1654 τῆς
2694 1584 2885 1637 ἐαυτοῦ
2913 1579 3295 1645 καταστάσεως
3330 1581 3581 1651 γενέσθαι
3618 1599 3724 1635 πα-

2157 1677 2382 1748 ρακαλεῖ
2408 1677 2579 1744 λέγων
2599 1694 2610 1707 ·
2649 1677 2969 1739 Ἐνὼτισιιι,
2992 1680 3023 1730 ὁ
3045 1676 3207 1741 Θεὸς,
3233 1674 3348 1741 τὴν
3374 1673 3726 1743 προσευχήν

474 1762 602 1818 inde
633 1764 961 1834 precabatur
997 1784 1009 1818 :
1055 1762 1339 1831 Prwcipita
1358 1804 1372 1826 ,
1401 1763 1641 1824 Domine.
1672 1776 1719 1819 et
1748 1764 1920 1819 divide
1948 1766 2037 1819 litt-

2147 1786 2287 1837 μου,
2324 1768 2420 1821 καὶ
2444 1768 2528 1837 μὴ
2560 1769 2851 1837 ὑπερίδῃς
2882 1767 2995 1835 τὴν
3025 1767 3241 1834 δέησίν
3269 1784 3387 1835 μου
3407 1782 3420 1795 ·
3458 1766 3723 1834 πρόσχες

471 1869 605 1924 guas
634 1871 835 1909 eorum.
878 1854 1044 1919 Queis
1080 1863 1234 1924 rogat
1266 1870 1454 1907 eorum
1486 1864 1674 1909 contra
1709 1856 2037 1911 Salvatorem

2148 1834 2246 1932 ροι
2276 1862 2374 1914 καὶ
2405 1834 2770 1915 είσάκουσόν
2786 1834 2949 1929 pou.
2990 1860 3077 1911 Ἐν
3124 1834 3345 1929 τοιαύτῃ
3390 1858 3447 1911 δὲ
3486 1855 3724 1925 γεγονὼς

471 1941 823 1997 concordiam
854 1942 1131 2011 dissipari,
1170 1944 1482 2012 superbiam
1511 1952 1565 1998 et
1606 1948 1928 2016 arrogantiae
1960 1955 2041 2000 tu-

472 2049 679 2088 morem
708 2035 956 2104 deprimi,
990 2050 1056 2089 ne
1089 2035 1203 2103 ipse
1229 2044 1574 2101 attereretur,
1597 2047 1651 2091 et
1684 2039 1825 2091 mala
1855 2054 2045 2092 eorum

470 2134 818 2195 augerentur.
869 2125 1003 2179 Cum
1033 2140 1197 2196 porro
1234 2127 1430 2180 rationi
1458 2137 1823 2182 consentanea
1860 2138 2048 2200 postu-

470 2218 640 2281 laret,
688 2218 1032 2289 supplicabat
1062 2233 1130 2271 ne
1160 2218 1570 2287 tlespieeretur;
1620 2221 1712 2273 sed
1758 2221 1921 2275 etiam
1949 2222 2047 2275 dn-

468 2309 603 2373 lore,
655 2310 1099 2379 perturbatione,
1151 2310 1543 2365 exercitatione
1585 2312 1917 2379 replebatur,
1962 2313 2047 2367 di-

466 2416 620 2468 cens,
656 2403 697 2455 Α
730 2418 848 2456 voce
874 2402 1075 2455 inimici
1101 2411 1150 2455 et
1181 2419 1213 2454 a
1234 2401 1574 2456 tribulatione
1596 2404 1907 2471 peccatoris,
1935 2405 2043 2458 ini-

466 2495 594 2549 mici
643 2496 855 2549 scilicet
901 2502 955 2549 et
1005 2495 1308 2563 peccatoris
1359 2496 1543 2563 populi
1600 2515 1612 2549 :
1664 2512 1788 2549 nam
1824 2497 2043 2565 spiritui

466 2584 787 2654 prophetico
812 2586 1117 2638 molestiam
1142 2583 1447 2638 inferebant
1470 2586 1561 2654 qui
1594 2586 1723 2639 talia
1747 2588 2041 2642 audebant.

467 2677 674 2732 Deinde
722 2677 1004 2746 subjungit
1050 2696 1061 2730 :
1120 2676 1381 2742 Quoniam
1437 2678 1833 2732 declinaverunt
1881 2681 1934 2733 in
1966 2698 2045 2734 me

467 2769 820 2840 iniquitatem,
853 2779 898 2821 et
924 2770 979 2821 in
1008 2770 1089 2821 ira
1117 2769 1321 2822 molesti
1341 2779 1490 2821 erant
1524 2770 1672 2831 mihi,
1704 2786 1826 2839 quae
1853 2779 2043 2825 contra

470 2861 809 2915 Salvatorem
863 2869 1014 2930 gesta
1065 2869 1193 2914 sunt
1240 2870 1293 2915 ut
1349 2862 1566 2931 propria
1594 2864 1699 2917 sibi
1735 2864 2040 2923 ascrihens.

464 2953 643 3021 Atque
671 2966 736 3005 ex
765 2950 1064 3006 Salvatoris
1098 2968 1328 3021 persona
1351 2962 1582 3022 possunt
1611 2970 1733 3007 cum
1769 2956 1873 3008 alia
1907 2956 2040 3021 dici,

465 3054 580 3097 tum
615 3043 743 3097 illud
778 3063 790 3097 :
822 3043 1083 3109 Quoniam
1120 3045 1511 3099 declinaverunt
1562 3048 1614 3098 in
1668 3062 1746 3100 me
1791 3047 2045 3116 iniquita-

467 3145 567 3189 tem
590 3175 605 3200 ,
650 3145 698 3188 et
730 3136 786 3188 in
820 3137 904 3188 ira
930 3135 1135 3188 molesti
1165 3147 1314 3189 erant
1346 3138 1501 3200 mihi;
1545 3138 1661 3191 sive
1682 3178 1695 3200 ,
1739 3138 2039 3193 secundum

467 3227 875 3299 Symmachum,
913 3228 1174 3294 Quoniam
1198 3230 1575 3297 inscripserunt
1606 3240 1790 3285 contra
1830 3248 1908 3284 me
1940 3232 2043 3284 im-

461 3320 730 3388 pietatem,
763 3328 811 3371 et
846 3336 963 3372 cum
991 3322 1073 3373 ira
1102 3322 1357 3373 contrarii
1388 3322 1534 3388 [uere
1568 3322 1713 3375 mihi.
1738 3323 1844 3376 Cor
1874 3341 2042 3377 meum

461 3409 836 3464 conturbatum
863 3421 941 3464 est
974 3412 1029 3465 in
1056 3428 1157 3475 me,
1190 3421 1239 3465 et
1268 3412 1497 3480 formido
1529 3415 1715 3467 mortis
1740 3414 1924 3468 cecidit
1951 3432 2043 3468 su-

461 3517 555 3572 per
583 3520 682 3565 me,
708 3510 761 3557 et
785 3510 1000 3557 caetera.
1047 3502 1170 3558 Haac
1201 3505 1380 3558 omnia
1407 3520 1626 3573 passum
1661 3522 1719 3559 se
1750 3508 2041 3562 conlitetur

462 3596 749 3665 pr0p|ieta,
780 3596 923 3666 quod
956 3596 1150 3665 spiritu
1188 3597 1503 3665 prOpbetico
1534 3599 1888 3666 prmvidisset,
1926 3617 2039 3655 mc-

462 3696 729 3741 moratam
781 3697 968 3759 postea
1032 3688 1306 3742 civitatem
1374 3689 1689 3759 iniquitate,
1758 3692 2037 3745 contradi-

461 3781 664 3844 ctione,
700 3780 903 3842 labore,
931 3781 1118 3835 dolore
1151 3789 1203 3835 et
1240 3781 1509 3849 injustitia
1546 3784 1841 3852 repletam;
1873 3794 2036 3853 atque

461 3874 772 3927 unanimem
806 3875 956 3927 illum
983 3882 1035 3929 et
1060 3883 1246 3927 notum
1278 3874 1569 3937 Salvatori,
1594 3878 1708 3945 pari
1739 3884 1902 3946 atque
1934 3878 2037 3931 ini-

460 3966 585 4018 mici
622 3974 676 4018 et
704 3966 890 4021 hostes
922 3967 1103 4020 animo
1151 3967 1500 4021 instructum.
1565 3965 1728 4021 Suam
1768 3969 1913 4021 enim
1947 3968 2032 4022 his

458 4056 525 4108 de
555 4056 720 4109 rebus
750 4056 1280 4110 commiserationem
1319 4056 1426 4111 Deo
1449 4058 1721 4121 declarat,
1750 4068 1911 4127 atque
1943 4074 2031 4110 ra-

458 4147 592 4199 tioni
619 4155 1041 4201 consentaneam
1075 4146 1532 4215 perturbationem
1580 4162 1742 4215 quam
1788 4148 2032 4215 patieba-

457 4246 566 4301 tur,
601 4238 667 4292 de
697 4254 805 4307 qua
841 4240 1093 4307 superius
1116 4240 1331 4293 dicebat
1376 4259 1388 4293 :
1428 4240 1788 4293 Contristatus
1828 4258 1946 4294 sum
1975 4242 2031 4294 in

451 4331 825 4383 exercitatione
867 4347 1013 4393 mea,
1045 4340 1093 4383 et
1135 4330 1477 4383 conturbatus
1508 4347 1655 4393 sum;
1680 4339 1733 4385 et
1758 4332 1869 4400 jam
1908 4348 2020 4385 rur-

452 4436 574 4475 sum
605 4438 618 4473 :
654 4420 759 4474 Cor
790 4437 959 4474 meum
980 4422 1347 4474 conturbatum
1376 4432 1452 4474 est
1483 4423 1535 4473 in
1568 4438 1681 4484 me;
1725 4424 2023 4477 secundum

2154 1955 2505 2019 καταστάσει,
2533 1954 2683 2022 ἠξίου
2716 1953 2889 2021 λέγων
2917 1951 3068 2021 ἑξῆς·
3106 1951 3578 2010 Καταπόντισσν,
3608 1949 3724 2000 Κύ-

2145 2062 2259 2112 ριε,
2294 2046 2392 2099 καὶ
2433 2043 2744 2098 καταδίελε
2793 2044 2899 2107 τὰς
2956 2040 3242 2111 γλώσσας
3294 2038 3519 2094 αὐτῶν·
3552 2038 3618 2089 δι’
3646 2031 3721 2090 ὧν

2156 2136 2364 2189 ἱκέτευε
2389 2136 2491 2207 τὴν
2529 2136 2844 2207 συμφωνίαν
2879 2134 3055 2189 αὐτῶν
3075 2134 3173 2205 τὴν
3195 2132 3333 2186 κατά
3355 2131 3449 2185 τοῦ
3473 2131 3721 2200 Σωτῆρος

2150 2224 2615 2295 διασκεδασθῆναι,
2652 2226 2749 2295 τήν
2787 2241 2847 2277 τε
2897 2222 3262 2295 μεγαλαυχίαν
3295 2221 3475 2275 αὐτῶν
3518 2216 3610 2272 καὶ
3658 2218 3720 2270 τὸ

2150 2318 2247 2386 τῆς
2289 2316 2601 2380 ἀλαζονείας
2638 2316 2860 2385 ἔπαρμα
2890 2313 3336 2382 ταπεινωθῆναι,
3380 2312 3517 2382 πρὸς
3550 2312 3611 2363 τὸ
3646 2311 3720 2380 μὴ

2150 2408 2543 2479 ἐπιτρίϐεσθαι,
2577 2410 2667 2461 καὶ
2693 2409 2873 2473 αῦξειν
2903 2408 3078 2461 αὐτῶν
3094 2407 3161 2460 τὰ
3183 2407 3349 2461 κακά.
3382 2403 3591 2471 Εῦλογα
3612 2402 3722 2455 τοί-

2150 2518 2243 2551 νυν
2276 2498 2460 2560 αἰτῶν,
2491 2498 2577 2551 διὰ
2605 2499 2705 2569 τῆς
2730 2500 2965 2569 δεήσεως
2988 2496 3137 2566 ἠξίου
3172 2496 3245 2567 μὴ
3279 2494 3719 2566 ὑπεροραθῆνει³

2150 2589 2284 2643 ἀλλά
2316 2592 2406 2642 καὶ
2452 2589 2627 2659 λύπης
2654 2590 2954 2660 ἐπληροῦτο
2984 2590 3075 2643 καὶ
3108 2590 3377 2659 ταραχῆς,
3415 2587 3509 2640 καὶ
3540 2585 3721 2638 ἀδολε-

2151 2681 2326 2750 σχίας,
2355 2682 2578 2749 φάσκων
2598 2697 2611 2710 ⁸
2661 2680 2794 2733 Ἀπὸ
2825 2678 3025 2748 φωνῆς
3065 2679 3282 2748 ἐχθροῦ
3317 2679 3411 2731 καὶ
3448 2678 3567 2731 ἀπο
3596 2676 3721 2730 θλί-

2149 2775 2309 2837 ψεως
2343 2769 2731 2838 ἁμαρτωλοῦ,
2770 2767 2962 2839 ἐχθροῦ
3016 2767 3214 2838 δηλαδὴ
3258 2767 3350 2819 καὶ
3396 2763 3720 2836 ἀμαρτωλοῦ

2149 2862 2275 2914 λαοῦ
2294 2879 2305 2891 ⁸
2348 2861 2523 2930 θλίψιν
2573 2861 2678 2932 γὰρ
2705 2865 2960 2932 παρεῖχον
2992 2859 3068 2929 τῷ
3099 2859 3366 2929 πνεύματι
3396 2857 3473 2927 τῷ
3504 2873 3719 2927 προφη-

2147 2951 2283 3021 τικῷ
2323 2953 2371 3004 οί
2395 2953 2462 3004 τὰ
2492 2951 2715 3004 τοιαῦτα
2746 2951 3071 3021 τολμῶντες.
3118 2945 3229 3003 Εἶτ’
3268 2948 3509 3016 ἐπιλέγει
3553 2948 3679 3016 ἑξῆς
3702 2962 3719 2979 ’

2152 3043 2276 3094 Ὅτι
2301 3041 2619 3106 ἐξέκλιναν
2642 3043 2732 3094 ἐπ’
2754 3042 2857 3110 ἐμὲ
2880 3042 3155 3111 ἀνομίαν,
3192 3040 3290 3094 καὶ
3342 3040 3411 3094 ἐν
3445 3036 3591 3107 ὁρτῇ
3621 3039 3719 3090 ἐν·

2148 3135 2399 3189 εκότουν
2433 3152 2553 3203 μοι,
2582 3134 3002 3203 ἰδιοποιούμενον
3052 3133 3121 3185 τὰ
3160 3132 3300 3186 κατὰ
3339 3127 3427 3185 τοῦ
3466 3130 3717 3200 Σωτῆρος

2144 3226 2536 3297 τετολμημένα.
2574 3228 2681 3279 Καὶ
2704 3228 2768 3278 ἐκ
2788 3224 3076 3297 προσώπου
3101 3223 3157 3275 δέ
3180 3225 3272 3276 τοῦ
3295 3222 3543 3293 Σωτῆρος
3561 3220 3717 3273 δύνα-

2142 3336 2229 3371 ται
2250 3318 2499 3384 λέγεσθαι
2532 3317 2600 3370 τά
2624 3334 2681 3369 τε
2707 3317 2838 3371 ἀλλα
2870 3316 2963 3370 καὶ
2993 3315 3052 3367 τό
3074 3332 3085 3343 ·
3125 3315 3245 3367 Ὅτι
3275 3312 3598 3376 ἐξέκλιναν
3622 3309 3714 3362 ἐπ’

2140 3407 2244 3475 ἐμὲ
2264 3408 2535 3474 ἀνομίαν,
2552 3407 2647 3459 καὶ
2667 3407 2736 3458 ἐν
2754 3403 2897 3475 ὀργῇ
2921 3405 3241 3457 ἐνεκότουν
3256 3419 3385 3472 μοι·
3409 3401 3442 3472 ἢ
3466 3399 3603 3453 κατά
3626 3398 3715 3451 τὸν

2140 3501 2459 3570 Σύμμαχον·
2507 3500 2632 3551 ’Ὁτι
2660 3498 3007 3566 ἐπέγραψαν
3052 3496 3177 3548 κατ’
3216 3493 3362 3561 ἐμοῦ
3410 3493 3710 3555 ἀσέϐειαν,

2140 3592 2237 3645 καὶ
2261 3591 2387 3659 μετ’
2425 3588 2605 3659 ὀργῆς
2620 3586 3079 3655 ἠναντιώθησαν
3102 3604 3220 3655 μοι.
3266 3586 3335 3639 Ἠ
3356 3584 3567 3651 καρδία
3590 3603 3711 3653 μου

2137 3680 2427 3749 ἐταράχθη
2455 3682 2524 3732 ἐν
2547 3680 2697 3748 ἐμοὶ,
2734 3679 2830 3731 καὶ
2883 3679 3075 3731 δειλία
3108 3676 3366 3732 θανάτου
3412 3676 3712 3731 ἐπέπεσεν

2137 3774 2227 3825 ἐπ’
2248 3772 2370 3841 ἐμὲ,
2417 3771 2606 3824 καὶτὰ
2664 3770 2844 3823 λοιπά.
2881 3771 3065 3824 Πάντα
3117 3768 3290 3822 ταῦτα
3329 3768 3652 3821 πεπονθέναι
3681 3770 3711 3821 ὁ

2137 3866 2420 3935 προφήτης
2464 3865 2733 3933 ὁμολογεῖ,
2778 3863 2865 3916 διὰ
2895 3864 2955 3915 τὸ
2994 3860 3403 3933 προεωρακέναι
3440 3860 3516 3929 τῷ
3548 3860 3710 3912 πνεύ-

2136 3973 2264 4024 ματι
2290 3954 2365 4024 τῷ
2395 3954 2714 4023 προφητικῷ
2742 3953 2838 4023 τὴν
2880 3952 3006 4022 ἑξῆς
3038 3950 3369 4022 δηλουμένην
3397 3950 3549 4002 πόλιν
3579 3952 3705 4003 ἀνο-

2136 4048 2263 4116 μίας
2296 4046 2674 4116 πληρουμένην
2709 4046 2803 4097 καὶ
2838 4043 3173 4111 ἀντιλογίας,
3219 4043 3312 4095 καὶ
3346 4042 3515 4093 κόπου
3536 4080 3551 4105 ,
3610 4041 3704 4093 καὶ

2132 4138 2316 4201 πόνου,
2370 4139 2463 4189 καὶ
2512 4138 2751 4201 ἀδικίας’
2805 4136 2898 4188 καὶ
2930 4136 3020 4187 τὸν
3050 4135 3299 4204 ἰσόψυχον
3326 4134 3420 4187 καὶ
3464 4132 3703 4201 γνωστὸν

2128 4228 2223 4280 τοῦ
2255 4231 2503 4299 Σωτῆρος
2556 4228 2711 4299 ἡμῶν
2740 4228 2809 4280 τὰ
2848 4227 3056 4298 ἐχθρῶν
3096 4227 3256 4279 αὑτὸν
3290 4227 3384 4278 καὶ
3433 4225 3703 4294 πολεμίων

2129 4315 2429 4369 δατιθέντα.
2498 4317 2619 4368 Ἐπὶ
2650 4317 2856 4378 τούτοις
2887 4316 2994 4385 γὰρ
3020 4316 3118 4386 τὴν
3154 4316 3494 4385 συμπάθειαν
3533 4313 3698 4366 αὑτοῦ

2127 4407 2366 4461 δείκνυσι
2397 4408 2472 4478 τῷ
2495 4409 2633 4478 Θεῷ,
2665 4410 2757 4461 καὶ
2784 4412 2847 4479 ἣν
2876 4408 3165 4477 ὑπέμεινεν
3188 4406 3407 4475 εὔλογον
3434 4409 3694 4479 ταραχήνο

448 4512 701 4582 Aquilam
731 4529 855 4567 vero
887 4514 981 4578 ait,
1018 4512 1123 4567 Cor
1152 4531 1321 4566 meum
1342 4514 1622 4582 parturivit
1655 4514 1707 4565 in
1738 4515 2020 4568 visceribus

2140 4500 2255 4568 περὶ
2306 4494 2372 4568 ἦς
2422 4499 2515 4552 καὶ
2565 4498 2821 4569 ἀνωτέρω
2856 4498 3068 4565 ἔλεγεν·
3137 4497 3477 4564 Ἐλυπήθην
3514 4498 3585 4551 ἐν
3625 4497 3699 4567 τῇ

448 4604 612 4666 meis;
644 4604 944 4659 secundum
976 4620 1105 4657 vero
1130 4605 1539 4674 Symmachum,
1592 4603 1697 4657 Cor
1735 4621 1902 4657 meum
1932 4621 2026 4659 e1:-

446 4695 753 4765 agitabatur
784 4696 927 4748 intra
950 4712 1049 4747 me.
1090 4694 1195 4749 Setl
1228 4694 1849 4750 etiamformitlomortis
1877 4696 2022 4750 ccci-

443 4787 525 4840 dit
554 4801 720 4856 super
764 4802 924 4849 eum,
976 4786 1029 4841 id
1059 4794 1164 4849 est,
1196 4784 1463 4841 Salutaris
1495 4787 1708 4852 mortis,
1736 4787 1807 4840 ob
1835 4802 2019 4855 quam,

442 4874 713 4946 Propheta
764 4878 1001 4932 humana
1050 4878 1379 4949 cogitatione
1427 4887 1769 4944 commotus,
1806 4879 1920 4933 sive
1951 4879 2022 4933 ob

442 4979 669 5023 mortem
722 4970 1050 5033 animarum,
1108 4985 1229 5040 qua:
1280 4984 1380 5039 pro
1430 4969 1523 5022 tali
1587 4986 1725 5025 ausu
1767 4972 2021 5041 peritura:

440 5068 617 5124 erant,
671 5061 867 5116 timore
906 5062 1235 5131 replebatur.
1294 5060 1407 5114 lino
1456 5077 1583 5115 vero
1630 5064 1796 5116 timor
1823 5070 1877 5117 et
1910 5071 2019 5116 tre-

443 5165 584 5217 mor,
616 5150 686 5205 ob
710 5152 929 5220 pietatis
958 5152 1330 5211 eminentiam,
1371 5150 1569 5204 cecidit
1595 5166 1760 5220 super
1784 5151 2018 5221 prophe-

441 5250 571 5303 tam,
604 5258 728 5296 cum
761 5242 970 5297 videret
999 5242 1258 5296 Dilectum
1297 5240 1387 5296 Dei
1427 5243 1554 5296 talia
1587 5242 1657 5296 ab
1701 5243 1883 5312 impiis
1917 5257 2017 5313 pa-

434 5334 681 5388 tientem.
733 5332 992 5389 Tenebras
1042 5342 1223 5387 autem
1266 5340 1630 5387 contexerunt
1670 5348 1831 5394 eum,
1876 5333 2012 5396 sive,

436 5422 735 5476 secundum
784 5421 1079 5492 Aquilam,
1132 5422 1466 5483 convolutio;
1518 5432 1652 5487 aut,
1711 5422 2012 5477 secundum

437 5510 845 5582 Symmachum,
878 5515 1085 5579 ltorror,
1116 5523 1303 5585 utpote
1352 5515 1445 5584 qui
1474 5514 1745 5569 horrenda
1774 5530 1837 5567 ac
1861 5522 2014 5569 tene-

435 5604 548 5658 bris
576 5605 736 5674 digna
762 5615 953 5659 contra
1002 5607 1336 5661 Salvatorem
1368 5615 1519 5677 gesta
1549 5615 1816 5661 cerneret.
1885 5604 2011 5659 Haec

434 5708 599 5761 porro
626 5695 769 5749 dicta
812 5712 1001 5749 eorum
1032 5698 1303 5767 exemplo,
1338 5713 1459 5766 quae
1489 5697 1649 5751 nobis
1693 5698 1745 5750 in
1778 5697 2007 5751 somniis

432 5784 772 5850 contingunt,
805 5786 1093 5851 intelligas.
1144 5785 1275 5840 Nam
1302 5787 1619 5854 plerumque
1644 5784 2002 5849 somniantes,

2125 4588 2457 4657 ἀδολεσχίᾳ
2495 4607 2645 4658 μου,
2694 4590 2789 4643 καὶ
2823 4588 3189 4657 ἐταράχθηνο
3241 4588 3333 4641 καὶ
3381 4588 3475 4640 νῦν
3508 4587 3693 4641 πάλιν·

2137 4676 2203 4728 Ἠ
2229 4678 2442 4744 καρδία
2454 4696 2570 4746 μου
2591 4677 2883 4745 ἐταράχθη
2900 4678 2969 4729 ἐν
2987 4678 3119 4745 ἐμοί
3137 4693 3149 4706 ⁸
3180 4676 3322 4729 κατά
3348 4676 3403 4728 δέ
3424 4676 3512 4728 τὸν
3542 4674 3699 4727 Ἀκύο

2126 4770 2246 4831 λαν,
2293 4770 2360 4823 Ἠ
2389 4770 2599 4835 καρδία
2624 4786 2765 4837 μου,
2809 4770 2992 4838 φησὶν,
3023 4767 3320 4835 ὠδίνησεν
3364 4767 3433 4820 ἐν
3469 4765 3696 4835 ἐγκάτῳ

2116 4880 2269 4930 μου·
2308 4861 2446 4914 κατὰ
2481 4860 2536 4912 δὲ
2571 4860 2663 4912 τὸν
2708 4860 3002 4929 Σύμμαχον
3031 4876 3044 4889 ·
3108 4859 3166 4913 Ἠ
3209 4859 3421 4925 καρδία
3460 4876 3578 4927 μου
3621 4858 3699 4909 δι-

2122 4952 2467 5021 εστρωφᾶτο
2493 4952 2672 5006 ἔνδον
2689 4971 2830 5022 μου.
2851 4951 3007 5003 Ἀλλά
3031 4951 3123 5004 καὶ
3148 4951 3319 5005 δειλία
3333 4951 3558 5005 θανάτου
3582 4954 3694 5006 εἰσ-

2121 5045 2317 5097 έπεσεν
2350 5046 2437 5097 ἐπ’
2470 5046 2665 5097 αὐτόν·
2701 5047 2819 5114 ἦτοι
2864 5042 2955 5095 τοῦ
2993 5044 3267 5114 Σωτηρίου
3310 5042 3570 5103 θανάτου,
3609 5044 3693 5110 ἐφ’

2117 5130 2161 5203 ᾧ
2189 5136 2387 5199 δειλίας
2403 5138 2430 5188 ὁ
2454 5137 2738 5206 προφήτης
2762 5134 3082 5205 ἐπληροῦτο,
3102 5134 3424 5209 ἀνθρωπίνῳ
3451 5132 3694 5204 λογισμῷ

2118 5230 2461 5298 κινούμενος,
2509 5229 2540 5298 ἢ
2576 5229 2671 5281 τοῦ
2696 5228 2801 5280 τῶν
2834 5227 3019 5297 ψυχῶν
3056 5226 3284 5280 θανάτου
3324 5227 3432 5280 τῶν
3466 5226 3694 5280 ἀπόλλυ-

2118 5321 2238 5373 σθαι
2264 5321 2563 5392 μελλόντων
2590 5321 2675 5373 διὰ
2700 5321 2767 5373 τὰ
2791 5320 3013 5373 τοιαῦτα
3035 5320 3376 5390 τολμήματα.
3417 5319 3576 5371 Ἀλλά
3599 5318 3692 5371 καὶ

2117 5414 2280 5481 φόϐος
2312 5414 2406 5466 καὶ
2432 5414 2633 5484 τρόμος
2662 5413 2730 5465 δι’
2760 5411 3065 5483 ὑπερϐολὴν
3100 5410 3387 5475 εὐλαϐείας
3421 5413 3689 5464 ἐπέπιπτε

2112 5506 2190 5576 τῷ
2229 5508 2503 5578 προφήτῃ,
2526 5505 2722 5575 ὁρῶντι
2740 5506 2829 5557 τὸν
2858 5507 3166 5575 Ἀγαπητὸν
3192 5505 3286 5559 τοῦ
3313 5504 3446 5558 Θεοῦ
3468 5502 3692 5563 τοιαῦτα

2114 5600 2219 5651 ὑπὸ
2248 5599 2354 5652 τῶν
2374 5598 2585 5651 ἀσεϐῶν
2620 5598 2915 5665 πάσχοντα.
2962 5597 3259 5649 Ἑκάλυπτέ
3290 5613 3347 5648 τε
3380 5594 3544 5647 αὑτὸν
3568 5592 3691 5646 σκό-

2113 5709 2222 5754 τος,
2264 5691 2317 5759 ἦ,
2352 5689 2490 5742 κατὰ
2523 5691 2612 5743 τὸν
2650 5691 2908 5753 Ἀκύλαν,
2943 5689 3309 5755 είλίνδησις·
3334 5689 3391 5758 ἢ,
3420 5687 3560 5743 κατὰ
3597 5686 3688 5738 τὸν

2112 5784 2427 5852 Σύμμαχον,
2463 5784 2645 5852 φρίκη
2667 5799 2679 5812 ·
2711 5782 2909 5836 ὡσανεὶ
2936 5780 3139 5853 φρικτὰ
3160 5783 3265 5835 -καὶ
3295 5781 3517 5844 σκότους
3558 5778 3689 5847 ἁλη-
