4158 6376
450 343 553 399 877

1583 345 2091 405 COMMENTARIA
2128 345 2196 403 IN
2236 345 2581 403 PSALMOS.

3605 346 3710 401 £78

441 456 555 520 θῶς
585 455 711 521 ἄξια
736 456 803 512 τά
841 458 981 512 κατά
998 460 1093 513 τοῦ
1121 461 1372 533 Σωτῆρος
1400 462 1653 534 δρώμενα
1694 461 2020 534 θεωροῦντα.

2134 476 2190 516 ac
2204 461 2449 528 quaedam
2464 457 2726 515 terribilia
2744 455 3207 518 cernentes,verhi
3232 455 3409 526 gratia
3427 456 3712 526 insequen-

445 547 674 618 Νοήσεις
696 549 752 602 δὲ
772 550 841 602 τά
862 550 1130 620 λεγόμενα
1159 554 1222 605 ὲκ
1265 552 1707 623 παραδείγματος
1746 552 1852 605 τῶν
1887 552 2030 606 κατά

445 640 568 702 τοὺς
616 639 861 711 ὀνείρους
904 642 1035 711 ἡμῖν
1096 643 1532 713 συμϐαινόντων·
1592 643 1715 695 ἐπεὶ
1773 644 2033 708 πολλάκις

444 730 875 801 ὀνειρώττοντες,
917 734 1152 789 κᾶπειτά
1178 753 1299 789 τινα
1336 735 1570 807 ὁρῶντες
1596 735 1818 807 φοϐερὰ,
1869 736 1902 807 ἢ
1936 736 2034 806 θῆ-

446 839 549 892 ρας
571 820 887 886 διώκοντας,
915 824 949 894 ἢ
970 824 1197 895 ἑρπετὰ,
1218 824 1250 897 ἢ
1283 825 1574 896 πολεμίους
1596 827 1849 890 ἐπιόντας
1877 828 2028 898 ἡμῖν,

445 913 823 984 θορυϐούμεθα
846 915 943 985 τὴν
982 916 1159 987 ψυχὴν
1191 918 1287 969 καὶ⁵
1318 917 1666 988 ἐξιστάμεθα,
1701 918 1902 988 τρόμου
1932 920 2026 972 καὶ

443 1005 702 1073 ἀγωνίας,
722 1008 815 1060 καὶ¹
846 1007 1071 1078 ἱδρῶτος
1100 1010 1530 1080 ἐμπιπλάμενοι.
1556 1010 1714 1091 ιςατά
1743 1010 1830 1062 τὸν
1861 1011 2024 1063 αὑτὸν

444 1098 573 1170 γὰρ.
612 1094 786 1169 οἶμαι,
826 1101 1028 1171 τρόπον
1078 1103 1170 1155 καὶ
1216 1103 1315 1172 τὴν
1361 1102 1454 1155 τοῦ
1521 1104 1802 1175 προφήτου
1844 1103 2024 1174 ψυχὴν

442 1190 552 1245 τῶν
611 1192 835 1263 μηδέπω
891 1194 1209 1265 παρόντων,
1272 1194 1571 1266 μελλόντων
1622 1195 1678 1248 δὲ
1737 1195 2023 1263 γίγνεσθαι

2135 561 2218 609 tes
2239 554 2403 616 feras,
2431 553 2510 607 vel
2551 551 2763 620 reptilia
2785 591 2798 614 ,
2819 550 2902 605 vel
2926 548 3179 603 inimicos
3218 548 3510 611 irruentes,
3529 549 3715 603 animo

2134 647 2420 701 turbamur
2450 656 2504 700 et
2524 643 2994 713 obstupescimus,
3033 653 3266 704 terrore,
3304 641 3715 696 concertatione

2132 753 2197 791 ac
2223 738 2424 793 sudore
2455 736 2670 807 repleti.
2730 734 2934 789 Eodem
2965 733 3206 788 arbitror
3247 732 3411 787 modo
3438 733 3716 802 propheta:

2132 828 2394 890 animam,
2431 842 2554 896 quae
2583 826 2823 880 nondum
2857 824 3205 894 praesentium
3230 863 3244 886 ,
3278 822 3371 877 sed
3404 822 3717 876 futurarum

2133 936 2318 975 rerum
2351 918 2879 989 contemplationem
2912 931 3231 985 expressam
3266 914 3570 985 prophetici
3605 915 3717 984 spi-

2131 1012 2271 1065 ritus
2304 1010 2505 1064 lumine
2535 1010 2590 1063 in
2621 1009 2821 1064 mentis
2837 1009 3014 1062 oeulis
3039 1006 3398 1077 percipiebat,
3420 1006 3715 1069 turbatam,

2132 1112 2294 1174 atque
2322 1104 2393 1157 ob
2432 1103 2700 1156 malorum
2746 1117 2864 1171 quae
2895 1099 3110 1153 videbat
3146 1097 3620 1167 exsuperantiam,
3648 1096 3719 1150 ti-

2131 1211 2301 1256 more,
2328 1201 2475 1248 metu
2508 1200 2824 1261 terroreque
2852 1191 3115 1260 repletam
3143 1204 3287 1244 esse.

444 1284 804 1353 πραγμάτων,
862 1284 960 1356 τὴν
997 1286 1228 1355 θεωρίαν
1273 1288 1412 1356 φωτὶ
1454 1286 1546 1339 τοῦ
1591 1286 1932 1358 προφητικοῦ
1964 1285 2302 1358 πνεύματος
2362 1287 2476 1348 τοῖς
2518 1285 2617 1356 τῆς
2669 1282 2905 1346 διανοίας
2960 1279 3261 1350 ὀφθαλμοῖς
3309 1276 3719 1349 ὲντυπουμένην

443 1372 655 1442 ὁρῶντα
669 1375 1016 1445 τεταράχθαι,
1043 1376 1138 1429 καὶ
1154 1375 1318 1445 φόϐου
1348 1376 1441 1429 καὶ
1463 1376 1690 1441 δειλίας,
1717 1379 1812 1430 καὶ
1837 1379 2041 1449 τρόμου
2082 1376 2476 1447 πεπληρῶσθαι
2509 1377 2597 1430 διὰ
2624 1376 2723 1446 τὴν
2763 1375 2870 1428 τῶν
2905 1372 3294 1446 θεωρουμένων
3316 1371 3503 1425 κακῶν
3544 1373 3718 1443 ὑπερ-

444 1465 627 1537 ϐολήν.

515 1556 631 1612 Εἶθ’
657 1560 845 1632 ὥσπερ
881 1562 1043 1632 μέσος
1066 1559 1402 1632 ἀποληφθεὶς
1429 1561 1537 1615 τῶν
1560 1558 1731 1614 ταῦτα
1751 1556 2028 1630 δρώντων,

448 1650 719 1722 μηδεμίαν
757 1669 816 1705 τε
850 1651 989 1723 ἔχων
1022 1653 1334 1724 ἀποφυγὴν,
1372 1652 1507 1725 μηδὲ
1530 1653 1653 1705 ὅποι
1679 1651 1866 1711 κλίνας
1898 1649 2028 1700 ἑαυ-

443 1740 535 1793 τὸν
556 1742 712 1804 ἐκτὸς
736 1741 846 1794 τῶν
878 1743 1066 1796 κακῶν
1114 1744 1342 1812 γένοιτο,
1373 1740 1590 1814 εὔχεται
1627 1740 1898 1813 μετέωρος
1928 1739 2028 1812 ἀρ-

446 1830 625 1903 θῆναι,
663 1833 863 1903 πτηνός
890 1851 950 1887 τε
993 1834 1058 1888 δι’
1093 1834 1253 1907 ἀέρος
1298 1836 1578 1905 ἐκφυγεῖν.
1620 1832 1711 1886 Διὸ
1751 1830 2026 1898 ἐπιλέγειο

514 2010 624 2064 Kal
646 2007 806 2066 εἶπα·
830 2012 926 2076 Τίς
940 2010 1119 2065 δώσει
1133 2029 1236 2081 μοι
1251 2011 1547 2081 πτέρυγας
1567 2006 2031 2077 ὠςπεριστερᾶς,

445 2104 543 2159 καὶ
596 2103 1072 2172 πετασθήσομαι,
1101 2105 1199 2157 καὶ
1250 2105 1650 2167 καταπαύσω;
1696 2102 2031 2173 Περιστερᾶς

444 2196 553 2267 γὰρ
581 2195 739 2266 δίκην
768 2196 980 2248 ἀκάκου
1016 2195 1294 2267 πτέρυγας
1335 2196 1594 2265 ἐκφεῦξαι
1628 2195 1722 2248 καὶ
1754 2194 2031 2264 πετασθῆ-

446 2304 554 2349 ναι,
588 2287 665 2349 ὡς
698 2286 765 2341 ἂν
800 2286 961 2356 φύγοι
993 2288 1061 2341 τά
1095 2289 1262 2351 κακὰ,
1298 2287 1471 2358 ἠξίου.
1508 2288 1715 2342 Οὐκοῦν
1760 2288 1853 2341 καὶ
1904 2288 2032 2359 περὶ

445 2376 631 2430 τούτου
659 2377 919 2449 ἀνωτέρω
940 2378 1094 2447 έλεγε
1127 2379 1217 2442 τὸ,
1266 2378 1569 2432 Ἐνώτισαι
1594 2421 1608 2445 ,
1653 2382 1685 2432 ὀ
1716 2379 1880 2444 Θεὸς,
1917 2376 2033 2443 τὴν

445 2467 799 2536 προσευχήν
816 2487 959 2538 μου,
991 2469 1067 2533 ὡς
1101 2470 1168 2523 ἂν
1195 2469 1346 2540 τύχοι
1369 2470 1657 2542 πτερύγων
1703 2471 2031 2541 περιστερᾶς

448 2568 541 2619 καὶ
566 2565 892 2637 πετασθείη’
927 2566 1104 2637 μόνως
1150 2564 1260 2636 γὰρ
1285 2564 1488 2629 οὕτως,
1538 2566 1631 2619 καὶ
1670 2565 1791 2618 οὐδὲ
1834 2564 2028 2629 ἄλλως,

448 2659 637 2731 πόρρω
668 2658 915 2726 γίνεσθαι
936 2662 1036 2730 τῆς
1066 2659 1173 2712 τῶν
1200 2658 1415 2712 ἀσεϐῶν
1447 2658 1651 2723 πόλεως
1698 2654 1810 2720 οἷός
1850 2675 1909 2710 τε
1939 2653 2026 2728 ἦν.

449 2752 605 2805 Κατὰ
633 2751 689 2804 δὲ
710 2752 799 2805 τὸν
827 2751 1123 2822 Σύμμαχον
1147 2765 1160 2780 ⁶
1196 2751 1305 2805 Καὶ
1324 2748 1525 2804 sister"
1564 2752 1657 2816 Τίς
1703 2749 1882 2802 δώσει
1926 2767 2029 2817 μοι

447 2843 741 2912 πτέρυγας
774 2845 855 2909 ὡς
881 2842 1255 2912 περιστερᾶς,
1286 2841 1657 2909 πετασθῆνιιι
1684 2882 1698 2904 ,
1730 2842 1827 2894 καὶ
1861 2841 2029 2909 ἐδρα-

447 2934 706 3000 σθῆναι;
729 2937 931 3004 Πόρῤω
960 2936 1035 2989 ἂν
1061 2936 1321 3003 ἐποίησα
1347 2934 1460 3002 τὴν
1487 2934 1873 3004 ἀναχώρησίν
1886 2951 2028 3002 μου,

447 3022 777 3093 ηὐλιζόμην
799 3025 875 3077 ἂν
901 3026 970 3078 ἐν
997 3024 1072 3093 τῇ
1110 3024 1327 3094 ἐρήμῳ.
1360 3023 1651 3095 Ἐξαίφνης
1697 3024 1763 3077 ἂν
1796 3023 2031 3093 ἐποίησα

2205 1552 2412 1610 Deinde
2438 1555 2597 1624 quasi
2625 1553 2841 1609 medius
2871 1553 3206 1624 interceptus
3235 1556 3326 1612 ille
3357 1556 3500 1613 inter
3526 1558 3719 1615 talium

2135 1645 2441 1701 facinorum
2477 1654 2752 1711 auctores,
2803 1663 2927 1703 cum
2965 1649 3173 1702 nullum
3208 1648 3516 1722 perfugium
3553 1651 3721 1707 habe-

2134 1746 2239 1801 ret,
2288 1754 2467 1807 neque
2515 1754 2624 1808 quo
2662 1738 2974 1795 declinaret
3021 1740 3089 1794 ab
3124 1740 3508 1811 ingruentibus
3538 1745 3717 1808 malis,

2134 1834 2392 1896 precatur
2415 1842 2475 1883 se
2499 1827 2787 1882 sublimem
2822 1828 3045 1893 elevari,
3082 1836 3244 1899 atque
3268 1831 3511 1888 volucris
3544 1834 3721 1890 instar

2134 1934 2233 1989 per
2258 1934 2439 1975 aerem
2465 1919 2724 1990 effugere.
2759 1919 3126 1986 Quamobrem
3159 1922 3235 1976 ait
3270 1943 3282 1976 :

2202 2008 2370 2065 Vens.
2405 2010 2585 2065 7-12.
2628 2009 2696 2063 Et
2719 2010 2835 2063 dixi
2866 2011 3036 2077 :Quis
3053 2011 3199 2065 dabit
3231 2014 3359 2066 mihi
3381 2030 3581 2082 pennas
3608 2017 3719 2071 sic-

2133 2110 2190 2154 ut
2225 2102 2502 2166 columbae,
2530 2112 2581 2156 et
2612 2101 2819 2168 volabo,
2850 2114 2899 2156 et
2924 2105 3251 2173 requiescam
3272 2106 3528 2163 ?Peunas
3546 2108 3722 2163 instar

2133 2191 2397 2245 columbae
2426 2190 2664 2244 innoxiae
2694 2192 2762 2244 ad
2794 2191 3111 2262 fugiendum
3143 2200 3198 2248 et
3234 2195 3528 2249 velandum
3568 2207 3717 2267 pete-

2134 2282 2251 2346 bat,
2294 2289 2352 2335 ut
2382 2283 2542 2337 malis
2570 2299 2628 2338 se
2659 2284 2988 2353 proriperet.
3045 2285 3279 2356 Ideoque
3326 2289 3584 2357 superius
3618 2289 3721 2344 hac

2132 2375 2200 2430 de
2231 2390 2396 2429 causa
2420 2376 2657 2440 dicebat,
2700 2375 2945 2440 Exaudi,
2980 2376 3156 2443 Deus,
3192 2381 3485 2435 orationem
3526 2398 3718 2444 meam,

2131 2479 2192 2523 ut
2217 2470 2332 2525 alas
2360 2470 2628 2525 columbae
2656 2472 2955 2534 obtineret,
3000 2481 3052 2526 et
3092 2475 3303 2529 volaret
3336 2494 3350 2530 :
3383 2475 3491 2529 hoc
3518 2476 3722 2548 quippe

2131 2559 2295 2614 modo
2322 2567 2557 2625 tantum,
2593 2570 2649 2616 et
2672 2577 2779 2616 non
2806 2564 2932 2627 alio,
2960 2579 2989 2617 a
3011 2563 3235 2619 civitate
3270 2566 3562 2637 impiorum
3593 2584 3723 2638 pro-

2131 2649 2221 2702 cul
2269 2649 2526 2704 recedere
2562 2659 2795 2719 poterat.
2839 2652 3153 2707 Secundum
3201 2654 3589 2725 Symmachum
3622 2673 3721 2712 au-

2130 2745 2239 2793 tem
2275 2757 2287 2791 :
2327 2738 2393 2792 Et
2423 2739 2539 2793 dixi
2571 2755 2589 2792 :
2622 2740 2754 2806 Quis
2779 2740 2929 2796 dabit
2952 2742 3078 2796 mihi
3098 2759 3297 2812 pennas
3314 2745 3722 2803 sicutcolumbaa

2133 2830 2202 2883 ad
2232 2830 2514 2884 volandum
2543 2842 2593 2885 et
2632 2832 3008 2890 insidendum?
3058 2833 3232 2905 Longe
3273 2836 3515 2905 fecissem
3552 2854 3712 2894 seces-

2132 2923 2333 2975 sionem
2375 2940 2568 2987 meam,
2615 2925 2929 2978 mansissem
2962 2927 3017 2979 in
3045 2925 3354 2983 solitudine.
3416 2926 3720 2984 Confestim

2131 3011 2445 3082 eﬂ‘ugissem
2476 3014 2725 3068 elevante
2756 3031 2841 3069 me
2873 3016 3098 3084 spiritu;
3132 3017 3292 3087 longe
3321 3018 3523 3089 quippe
3553 3018 3720 3073 fecis-

446 3113 545 3183 τὴν
570 3114 820 3184 ἕκφευξίν
848 3133 948 3185 μου
986 3117 1093 3168 ἀπὸ
1118 3116 1427 3186 πνεύματος
1456 3118 1774 3187 ἐπαίροντος
1796 3133 1808 3145 ·
1841 3115 2030 3186 πόρρω

2134 3119 2249 3159 sem
2284 3105 2652 3159 secessionem
2693 3121 2892 3168 meam,
2928 3107 3027 3170 ait,
3086 3107 3133 3161 si
3181 3110 3298 3164 alas
3338 3109 3718 3173 obtinuissent,

446 3205 558 3276 γὰρ
588 3206 650 3259 ἂν
678 3208 928 3277 ἐποίησα,
963 3210 1115 3278 φησι,
1145 3208 1245 3278 τὴν
1270 3206 1617 3279 ἀναχώρησίν
1654 3223 1752 3276 μου
1776 3246 1790 3265 ,
1826 3207 1874 3258 εί
1910 3204 2030 3258 ἔτυ-

2136 3194 2351 3266 l‘ugiens
2381 3196 2448 3250 ab
2474 3197 2541 3251 iis
2573 3198 2664 3267 qui
2692 3197 2806 3267 jam
2840 3197 2986 3252 dicta
3036 3201 3257 3269 aggredi
3292 3201 3599 3263 audebant,
3636 3210 3723 3256 at-

449 3315 542 3370 χον
564 3300 871 3370 πτερύγων,
898 3300 1113 3369 φεύγων
1137 3302 1263 3361 τοὺς
1286 3301 1357 3353 τά
1382 3298 1748 3371 προλεχθέντα
1790 3297 2032 3368 τολμῶν-

448 3409 566 3455 τας,
606 3393 823 3455 καὶτὰς
865 3394 1103 3463 ἐρήμους
1143 3394 1339 3463 μᾶλλον
1366 3394 1461 3463 τῆς
1486 3392 1784 3463 εἰρημένης
1824 3391 2033 3453 πόλεως

448 3484 779 3555 προετίμων.
811 3483 996 3547 Οὕτως
1022 3501 1081 3536 τε
1113 3486 1169 3536 ὲν
1194 3487 1257 3555 τῇ
1300 3485 1491 3556 ἐρήμῳ
1534 3483 1804 3551 γεγονὼς,
1848 3496 2033 3549 προσ-

447 3573 744 3643 εδεχόμην
776 3573 853 3626 ἂν
876 3574 983 3627 τὸν
1017 3572 1279 3634 σώζοντά
1309 3592 1385 3642 με
1426 3574 1543 3627 ἀπὸ
1591 3571 1701 3639 τῆς
1730 3572 2032 3642 γενομένης

453 3681 543 3734 μοι
590 3665 989 3734 ὀλιγοψυχίας
1012 3706 1026 3728 ,
1063 3664 1161 3717 καὶ
1195 3665 1315 3719 ἀπὸ
1338 3663 1448 3731 τῆς
1494 3662 1911 3733 καταλαϐούσης
1966 3679 2033 3732 με

450 3754 808 3825 καταιγίδος.
837 3757 1310 3818 Καταπόντισον,
1343 3757 1538 3823 Κύριε,
1581 3755 1679 3808 καὶ
1720 3754 2033 3807 καταδίελε

449 3849 555 3914 τὰς
577 3848 861 3918 γλώσσας
885 3847 1102 3911 αὐτῶν,
1139 3848 1231 3900 καὶ
1263 3846 1329 3899 τά
1352 3847 1498 3916 ἑξῆς.
1530 3846 1639 3916 Τὴν
1672 3844 1849 3898 αἰτίαν
1873 3844 1937 3896 δι’
1968 3844 2033 3915 ἣν

450 3940 654 4011 ηὔξατο
675 3938 963 4008 πτερύγων
988 3941 1193 4007 τυχεῖν,
1225 3938 1302 3999 ὠς
1322 3937 1387 3990 ἂν
1410 3934 1701 4005 πετασθείη
1732 3935 1824 3988 καὶ
1848 3934 2030 4002 φύγοι,

450 4032 656 4103 ἔρημόν
676 4048 735 4083 τε
774 4030 972 4101 μᾶλλον
998 4032 1166 4082 οἰκεῖν
1199 4029 1414 4082 ἑλέσθαι
1465 4029 1496 4099 ἢ
1546 4029 1645 4098 τὴν
1698 4026 2033 4097 δηλουμένην

449 4125 624 4189 πόλιν,
658 4124 747 4177 διά
773 4122 879 4176 τῶν
922 4123 1296 4193 προκειμένων
1320 4122 1558 4175 διδάσκει
1577 4121 1750 4187 λέγων
1768 4136 1779 4148 °
1821 4118 2032 4189 Ἐπειδὴ

448 4216 575 4269 τάδε
607 4216 699 4269 καὶ
726 4216 851 4268 τάδε
886 4213 1189 4285 προγνώσει
1211 4212 1304 4266 τοῦ
1352 4212 1687 4283 προφητικοῦ
1727 4211 2035 4280 πνεύματος

451 4308 764 4378 ἐθεασάμην
795 4306 1220 4378 πραχθησόμενα
1250 4308 1306 4357 ὲν
1334 4307 1399 4375 τῇ
1432 4304 1614 4369 πόλει,
1650 4302 1843 4356 τούτου
1874 4302 2033 4371 χάριν

450 4398 699 4451 ἐντεῦθεν
764 4398 859 4468 ἤδη
890 4397 1111 4466 φεύγειν
1156 4395 1506 4466 διανενόημαι
1554 4396 1653 4465 τὴν
1705 4394 1812 4446 τῶν
1844 4392 2033 4445 κακῶν

2132 3302 2239 3355 que
2267 3287 2594 3343 solitudines
2620 3289 2860 3358 praefatae
2884 3282 3090 3344 civitaii
3117 3293 3516 3348 antetulissem.
3550 3292 3643 3349 Sic
3665 3296 3721 3349 in

2132 3378 2353 3433 deserto
2398 3381 2737 3434 constitutus
2789 3382 3164 3450 exspectabam
3202 3401 3355 3449 eum,
3397 3387 3486 3455 qui
3513 3387 3722 3440 salvum

2134 3487 2215 3523 me
2245 3471 2376 3540 facit
2413 3489 2446 3525 a
2471 3473 2921 3540 pusillanimitate
2965 3490 3087 3544 qua:
3120 3492 3207 3529 me
3249 3477 3573 3544 invadebat,
3603 3487 3653 3532 et
3687 3497 3721 3532 a

2137 3572 2441 3633 tempestate
2486 3581 2607 3634 quae
2656 3580 2743 3619 me
2790 3568 3172 3636 interceperat.
3239 3560 3564 3637 Pra’cipita,
3610 3568 3713 3624 Do.

2134 3657 2296 3720 mine,
2321 3666 2369 3710 et
2402 3656 2574 3711 divide
2607 3657 2814 3725 linguas
2857 3674 3069 3722 eorum,
3104 3665 3159 3713 et
3199 3668 3416 3713 caetera.
3484 3659 3719 3715 Causam

2134 3746 2310 3815 aperit
2356 3762 2457 3801 cur
2500 3747 2616 3801 alas
2666 3746 2916 3802 obtinere
2941 3749 3215 3819 rogaverit
3247 3748 3314 3800 ad
3343 3749 3636 3804 velandum
3666 3759 3722 3806 et

2134 3836 2523 3907 ell‘ugiendum,
2549 3845 2602 3892 et
2626 3855 2724 3893 cur
2750 3840 3067 3894 solitudinis
3098 3839 3489 3894 habitationem
3515 3857 3717 3896 memo-

2134 3936 2265 3980 ratae
2318 3927 2530 3981 civitati
2582 3929 2920 3993 antetulerit,
2971 3928 3058 3983 his
3107 3937 3268 3983 utens
3322 3930 3721 3997 verbis:Quo-

2134 4016 2281 4069 niam
2309 4017 2424 4071 haac
2463 4025 2517 4072 et
2556 4018 2649 4071 illa
2684 4034 2749 4073 ex
2782 4019 3085 4089 prophetici
3118 4019 3348 4089 Spiritus
3363 4022 3710 4090 przescientia

2136 4109 2189 4162 in
2220 4109 2443 4163 civitate
2464 4110 2701 4179 gerenda
2725 4126 2849 4166 esse
2874 4112 3103 4181 cognovi
3128 4128 3142 4177 ;
3172 4111 3293 4165 ideo
3327 4112 3453 4165 hinc
3485 4112 3722 4183 effugere

2134 4207 2189 4256 et
2222 4201 2488 4255 malorum
2524 4202 2860 4256 multitudini
2882 4218 2967 4257 me
2986 4201 3289 4258 subducere
3321 4205 3577 4273 cogitavi.
3597 4205 3719 4259 Pri-

2135 4309 2279 4346 mam
2305 4294 2447 4348 enim
2483 4295 2817 4365 impietatem
2858 4295 3167 4350 futurorum
3200 4296 3447 4363 ejusdem
3478 4298 3720 4355 civitatis

2136 4383 2475 4448 incolarum,
2523 4400 2590 4440 ex
2641 4385 2826 4455 lingua
2876 4402 3066 4439 eorum
3114 4386 3483 4456 profecturam
3538 4389 3717 4445 video.

451 4489 679 4562 πληθύν.
715 4491 935 4559 Πρῶτον
968 4490 1076 4560 γὰρ
1106 4489 1358 4559 ἀσέϐημα
1382 4487 1489 4539 τῶν
1522 4485 1617 4556 τὴν
1648 4482 2030 4555 προλεχθεῖσαν

2137 4479 2339 4531 Omnes
2369 4477 2570 4547 quippe
2604 4477 2660 4531 in
2686 4478 2827 4531 malo
2850 4478 3279 4541 consentientes,
3300 4479 3539 4550 linguam
3564 4496 3718 4535 suam

450 4582 607 4634 πόλιν
654 4583 994 4651 οἰκησάντων
1029 4580 1139 4651 ὁρῶ
1180 4580 1242 4632 τὸ
1276 4583 1341 4632 ἐκ
1389 4579 1489 4647 τῆς
1534 4576 1780 4647 γλώττης
1827 4574 2027 4628 αὐτῶν.

452 4674 658 4737 Πάντες
690 4673 797 4743 γάρ
831 4671 1041 4736 ὥξυναν
1066 4672 1273 4724 ἑαυτῶν
1304 4670 1395 4723 ἐπὶ
1439 4667 1594 4737 κακῷ
1636 4667 2031 4736 συμφωνήσαν-

449 4783 540 4829 τες
569 4766 669 4829 τὰς
697 4765 945 4833 γλώττας
968 4764 1111 4817 κατὰ
1134 4764 1229 4817 τοῦ
1262 4764 1390 4815 Υἱοῦ
1440 4761 1536 4814 τοῦ
1586 4759 1722 4813 Θεοῦ
1748 4777 1760 4789 ’
1795 4757 1896 4816 διὸ,
1954 4756 2029 4827 μὴ

451 4858 630 4928 φέρων
658 4857 837 4910 αὐτῶν
858 4856 956 4927 τὴν
983 4856 1261 4927 μοχθηρὰν
1293 4853 1497 4924 ταύτην
1542 4855 1637 4905 καὶ
1668 4850 1842 4919 ἀσεϐῆ
1894 4865 2032 4919 συμ-

452 4948 678 5021 φωνίαν,
700 4948 929 5018 εὔχομαι
974 4947 1175 5015 λέγων·
1204 4942 1270 4999 Ὦ
1315 4946 1527 5013 Κύριε,
1587 4943 2033 4996 καταπόντισον

451 5041 549 5094 καὶ
576 5040 891 5094 καταδίελε
920 5039 1026 5104 τὰς
1057 5037 1341 5107 γλώσσας
1368 5034 1584 5091 αὐτῶν.
1621 5035 1713 5096 Ἢ,
1762 5031 1903 5085 κατὰ
1940 5031 2032 5083 τὸν

451 5131 771 5201 Σύμμαχον·
806 5127 1368 5194 Καταποντισθῆναι
1399 5127 1661 5192 ποίησον
1686 5164 1701 5187 ,
1732 5123 2029 5184 Δέσποτα,

450 5224 548 5277 καὶ
594 5224 963 5291 ἀσύμφωνον
1004 5222 1270 5287 ποίησον
1318 5219 1434 5286 τὴν
1477 5218 1768 5289 γλῶσσαν
1809 5213 2028 5267 αὐτῶν.

449 5314 560 5385 Τῆς
585 5312 693 5384 γὰρ
726 5313 1006 5383 μοχθηρᾶς
1040 5312 1358 5381 συμφωνίας
1392 5309 1524 5363 πολὺ
1556 5311 1800 5378 κρεῖττον
1837 5304 2031 5373 γένοιτ’

446 5405 514 5458 ἂν
548 5407 580 5476 ὴ
609 5404 932 5474 ἀσυμφωνία
951 5445 965 5468 ,
997 5403 1333 5474 ἀτονωτέραν
1364 5401 1459 5454 καὶ¹
1496 5397 1889 5465 ἀσθενεστέραν
1930 5412 2031 5447 κα-

449 5500 574 5551 κίαν
604 5497 1048 5569 ἀπεργαζομένη.
1074 5496 1243 5547 Τοῦτο
1272 5495 1369 5564 μὲν
1394 5489 1487 5546 οὖν
1511 5492 1571 5544 τὸ
1595 5489 1811 5559 πρῶτον
1843 5482 1911 5555 ἦν
1935 5486 2031 5538 αὐ·

448 5589 557 5642 τῶν
589 5591 777 5643 κακόν.
816 5589 883 5642 Οἵ
903 5605 961 5641 τε
995 5586 1104 5657 γάρ
1126 5586 1221 5639 τοῦ
1245 5585 1429 5648 ἔθνους
1457 5581 1797 5655 προεστῶτες
1823 5617 1836 5640 ,
1869 5592 2031 5646 νομο-

447 5680 759 5737 διδάσκαλοι
796 5682 888 5734 κα¹ι
937 5681 1236 5750 ἀρχιερεῖς,
1274 5680 1367 5732 καὶ
1405 5679 1579 5731 λοιποὶ
1627 5676 1887 5745 ἄρχοντες
1939 5669 2032 5723 τοῦ

449 5773 601 5841 λαοῦ,
630 5774 815 5839 δολίως
838 5773 984 5844 αὐτῷ
1014 5776 1347 5843 προσιόντες,
1378 5771 1651 5847 πειράζειν
1687 5768 1849 5823 αὑτὸν
1878 5762 2031 5818 ἐτόλ-

2137 4578 2475 4623 exacuerunt
2539 4577 2733 4623 contra
2786 4566 2982 4621 Filium
3047 4567 3141 4623 Dei
3208 4587 3221 4622 :
3281 4585 3454 4638 quare
3497 4570 3718 4639 impiam

2137 4676 2325 4714 eorum
2368 4668 2422 4714 et
2471 4661 2793 4714 sceleratam
2831 4659 3180 4714 concordiam
3214 4676 3324 4713 non
3362 4660 3564 4723 ferens,
3606 4661 3721 4713 haec

2139 4767 2334 4820 precor
2368 4770 2379 4803 :
2414 4750 2458 4806 0
2489 4750 2732 4811 Domine,
2782 4751 3058 4820 pra’czpila
3105 4760 3153 4803 et
3179 4751 3352 4803 divide
3385 4750 3595 4819 linguas
3632 4768 3722 4804 eo-

2139 4860 2292 4907 rum;
2339 4845 2474 4906 sivc,
2528 4843 2828 4898 secundum
2885 4841 3292 4913 Symmachum,
3331 4840 3443 4895 Fac
3468 4843 3719 4911 demergi,

2138 4936 2384 4998 Domine,
2407 4947 2454 4990 el
2476 4936 2770 4990 discordem
2797 4953 2926 5005 pone
2953 4936 3191 5005 linguam
3209 4952 3410 4988 eorum.
3430 4933 3566 4988 Nam
3597 4950 3688 4989 sce
3707 4964 3721 4974 -

2139 5030 2307 5080 lcrata
2335 5027 2627 5080 concordia
2661 5028 2831 5081 niulto
2854 5027 3199 5096 prmstantior
3226 5025 3504 5079 discordia
3535 5025 3717 5087 fuerit,

2138 5132 2260 5184 qua:
2313 5116 2671 5170 inﬁrmiorem
2726 5116 3159 5185 debilioremquc
3205 5116 3469 5167 malitiam
3506 5115 3719 5169 reddat.

2140 5208 2255 5263 Hoc
2284 5209 2517 5278 primum
2537 5209 2802 5263 malorum
2826 5209 3002 5262 inerat
3031 5208 3184 5276 ipsis.
3212 5205 3346 5259 Nam
3368 5206 3722 5275 magistratus

2139 5302 2338 5373 gentis,
2361 5302 2494 5371 legis
2517 5301 2771 5355 doctores
2790 5339 2803 5363 ,
2823 5299 3099 5369 principes
3130 5297 3475 5352 sacerdotum
3502 5313 3564 5351 ac
3594 5298 3690 5352 reli
3707 5328 3722 5337 -

2139 5393 2231 5463 qui
2253 5392 2430 5462 populi
2447 5391 2723 5460 principes
2746 5391 2811 5443 ad
2830 5405 2952 5445 eum
2971 5405 3094 5443 cum
3109 5388 3235 5443 dolo
3251 5388 3720 5457 adeuntes.ipsum

2141 5494 2350 5539 tentare
2378 5486 2670 5545 audebant,
2701 5482 3047 5537 occasionem
3076 5488 3382 5550 captantes,
3408 5488 3463 5534 et
3496 5480 3722 5535 insidias

2139 5579 2194 5633 in
2220 5594 2343 5634 enim
2376 5589 2671 5635 struentes.
2736 5576 2890 5644 Quod
2928 5575 3069 5628 alius
3099 5588 3317 5643 quoque
3339 5572 3723 5627 subindieabat

2141 5672 2405 5740 psalmus,
2454 5687 2523 5726 ex
2551 5670 2796 5739 ejusdem
2833 5680 3064 5737 persona
3095 5665 3224 5719 talia
3254 5664 3398 5718 fatus
3425 5683 3437 5719 :
3472 5662 3717 5718 Circum»

2142 5764 2395 5819 dederunt
2438 5780 2518 5819 me
2555 5765 2695 5818 tauri
2734 5762 2910 5826 multi,
2952 5759 3102 5814 vituli
3140 5745 3354 5830 pingues
3409 5756 3719 5811 obsederunt
