4138 6386
436 390 533 448 481

1565 393 2065 460 COMMENTARIA
2107 399 2171 454 IN
2213 402 2555 464 PSALMOS.

3588 426 3696 480 482

434 509 545 575 γάς
587 526 691 578 μοι
735 508 1032 578 ἐδέσματα
1058 550 1072 573 ,
1125 511 1194 565 ἐν
1244 530 1324 578 τῳ
1371 514 1513 578 οτκῳ
1546 517 1650 570 τοῦ
1687 518 1833 571 Θεοῦ
1880 519 2003 571 ἐπο-

2122 539 2264 576 meus
2291 534 2341 578 et
2371 536 2525 581 notus
2558 545 2703 583 meus
2732 546 2749 584 :
2774 533 2863 601 qui
2890 534 3051 588 simul
3081 552 3278 591 mecum
3323 539 3502 595 dulces
3531 545 3696 611 capie»

426 603 726 672 ρεύθημεν
750 603 820 657 ἐν
848 606 1111 673 ὁμονοίᾳ.
1153 606 1246 668 Εἰς
1276 606 1469 659 ἑαυτοῦ
1500 608 1788 680 πρόσωπον
1816 611 2017 663 ἀναλα-

435 694 543 749 ϐὼν
588 697 615 748 6
645 696 939 767 Προφήτης
969 696 1035 750 τὰ
1065 698 1205 751 κατά
1230 698 1326 751 τοῦ
1358 700 1605 772 Σωτῆρος
1634 702 1789 773 ήμῶν
1816 703 2015 776 τολμη-

434 788 709 860 θησόμενα
735 831 749 855 ,
805 792 1030 855 είκότως
1058 792 1261 861 ἔφασκε
1312 795 1642 867 τεταράχθαι
1695 799 1789 851 καὶ
1816 798 2015 864 δειλίας

433 884 659 938 Θανάτου
695 884 1105 957 πεπληρῶσθαι.
1161 887 1412 941 Μάλιστα
1448 890 1546 960 μὲν
1579 889 1687 961 γὰρ
1721 891 1814 943 καὶ
1843 894 2011 958 πᾶσα,

433 975 614 1047 φησὶν,
646 978 677 1047 ή
704 976 860 1040 πόλις
882 978 1208 1050 πεπλήρωτο
1231 981 1459 1049 ἀνομίας
1484 982 1577 1034 καὶ
1599 983 1925 1053 ἀντιλογίας,
1953 984 2013 1037 οὐ

429 1066 496 1120 δι’
527 1069 738 1140 ἡμέρας
769 1070 949 1140 μόνον,
1002 1070 1137 1123 ἀλλά
1167 1072 1260 1124 καὶ
1292 1071 1381 1125 διὰ
1412 1074 1605 1136 νυκτός
1631 1092 1643 1104 ·
1691 1075 1757 1128 τά
1787 1076 1829 1129 δ’
1857 1078 2014 1141 ἐκτὸς

428 1161 527 1231 τῆς
556 1161 763 1223 πόλεως
790 1162 933 1232 ἀμφὶ
966 1162 1034 1215 τὰ
1068 1163 1217 1234 τείχη
1249 1165 1418 1235 αὐτῆς
1450 1167 1679 1237 ἀνομίας
1712 1166 1921 1238 ἔμπλεα
1946 1166 2012 1241 ἦν

429 1252 524 1304 καὶ
550 1251 742 1321 ὀδύνης
768 1253 861 1305 καὶ
886 1253 1289 1325 ταλαιπωρίας·
1357 1257 1416 1308 οὐ
1456 1258 1559 1328 μὴν
1583 1258 1719 1311 ἀλλά
1751 1261 1845 1313 καὶ
1874 1263 2011 1314 πάν-

428 1360 534 1395 των
560 1342 739 1395 αὐτῶν
766 1345 821 1395 αἱ
846 1344 1015 1415 ψυχαὶ
1043 1344 1245 1417 ζημίας
1278 1347 1570 1420 ἐτύγχανον
1603 1353 1696 1404 καὶ
1718 1353 2013 1417 ἐπιθέσεως

432 1435 644 1504 μεσταί.
701 1435 774 1487 Τὸ
799 1436 855 1489 δὲ
880 1439 1095 1490 πάντων
1123 1440 1394 1509 χείριστον
1417 1481 1430 1504 ,
1486 1442 1567 1494 ὅτι
1602 1443 1695 1495 καὶ
1726 1444 1833 1496 τῶν
1862 1446 2012 1515 ἐμῶν

431 1525 698 1597 ίσοψύχων
717 1522 824 1592 εἷς,
860 1528 966 1580 τῶν
990 1546 1048 1582 τε
1080 1530 1282 1602 σφόδρα
1312 1533 1603 1604 γνωρίμων
1635 1537 1728 1589 καὶ
1754 1538 2011 1604 γνωστῶν

426 1618 549 1688 ἐμοὶ
574 1659 589 1681 ,
633 1620 855 1673 τοιαῦτα
884 1623 1003 1674 κατ’
1033 1622 1166 1692 ὲμου
1202 1626 1597 1695 πεπαρῴνηκεν
1622 1667 1635 1689 ,
1665 1628 1739 1691 ὡς
1762 1629 2010 1702 ἀφόρητα

427 1703 564 1760 εἶναι
595 1747 608 1771 ,
646 1709 740 1762 καὶ
784 1711 883 1761 οὐκ
913 1710 1085 1764 οἰστά.
1161 1713 1243 1765 Τά
1278 1714 1373 1783 μὲν
1407 1715 1516 1786 γάρ
1562 1717 1651 1770 ὑπ’
1677 1719 1886 1790 ἐχθρῶν
1917 1724 2009 1775 καὶ

424 1800 829 1870 ὁμολογούντων
858 1802 1226 1856 ἐναντιοῦσθαι
1253 1806 1346 1858 καὶ
1380 1810 1555 1876 μισεῖν
1584 1812 1647 1861 ὲκ
1676 1811 1768 1864 τοῦ
1804 1830 2010 1885 προφα-

425 1892 569 1956 νοῦς,
588 1892 743 1946 οίστά
766 1893 831 1946 ἂν
846 1893 1085 1961 γένοιντό
1103 1912 1231 1947 ποτε
1248 1913 1259 1925 °
1286 1898 1409 1950 ἐπεὶ
1427 1900 1519 1951 καὶ
1540 1901 2007 1971 προφυλάττεσθαι

424 1984 551 2046 τοὺς
579 1982 805 2055 ἐχθροὺς
836 1984 1175 2056 κρύπτεσθαί
1208 2004 1267 2040 τε
1299 1989 1392 2041 ἀπ’
1426 1990 1604 2044 αὐτῶν
1637 1991 1879 2058 δυνατὸν,
1913 1996 2007 2047 κοιλ⁴

428 2076 594 2146 μηδὲν
623 2075 773 2142 ξένον
801 2076 1051 2147 ἡγεῖσθαι
1075 2079 1201 2141 τοὺς
1229 2079 1339 2133 τῶν
1379 2080 1592 2152 ἐχθρῶν
1633 2083 1967 2155 ὀνειδισμούς
1988 2103 2001 2116 ·

423 2168 550 2220 ὅταν
580 2168 636 2221 δὲ
674 2168 824 2237 φίλος
859 2169 1109 2240 ίσόψυχος
1134 2210 1147 2233 ,
1185 2171 1310 2224 ὅταν
1341 2174 1369 2225 6
1404 2174 1504 2244 τῆς
1533 2178 1661 2247 παρ’
1690 2177 1812 2246 ἐμοὶ
1842 2179 2005 2250 τιμῆς

422 2274 483 2310 τε
516 2259 610 2312 καὶ
631 2257 861 2330 ἐκλογῆς
886 2259 1295 2330 κατηξιωμένος
1312 2303 1325 2326 ,
1356 2264 1482 2316 ὅταν
1504 2266 1877 2337 ὁμοτράπεζος
1903 2286 2006 2334 μα-

425 2348 593 2419 θητὴς
611 2390 625 2413 ,
652 2351 780 2403 ὅταν
809 2352 836 2403 6
862 2352 1218 2406 συνεισελθὼν
1251 2355 1373 2424 ἐμοὶ
1406 2355 1667 2418 πολλάκις
1695 2359 1774 2419 είς
1795 2358 1886 2410 τὸν
1910 2358 2004 2410 τοῦ

422 2439 558 2494 Θεοῦ
587 2436 755 2507 οἷκον,
791 2442 1341 2514 συμπροσευξάμενός
1367 2464 1428 2499 τε
1456 2447 1549 2500 καὶ
1577 2449 1843 2519 μυστικῆς
1873 2451 2008 2502 ἀποο

423 2531 626 2595 λαύσας
654 2534 892 2605 τροφῆς,
928 2534 1102 2603 λόγων
1132 2553 1191 2588 τε
1224 2538 1550 2608 ἀπορρήτων
1595 2539 1703 2592 τῶν
1745 2541 1874 2610 περὶ
1906 2542 2006 2611 τῆς

426 2624 699 2694 βασιλείας
721 2626 827 2680 τῶν
852 2628 1097 2698 οὐρανῶν
1131 2630 1413 2701 μετασχὼν
1429 2671 1442 2693 ,
1476 2631 1700 2686 τοιαῦτα
1722 2634 1842 2686 κατ’
1870 2633 2003 2703 ἐμοῦ

421 2715 566 2787 δρῶν
585 2756 598 2779 ,
629 2718 807 2770 οὐκέτ’
831 2718 894 2771 ἂν
925 2719 1133 2787 γένοιτο
1160 2722 1381 2775 ἀνεκτά.
1413 2723 1599 2778 Ταῦτα
1620 2726 1674 2777 δὲ
1696 2725 2005 2791 ἀκολούθως

425 2807 565 2877 μετὰ
593 2809 659 2861 τὰ
696 2810 1061 2881 προλεχοέντα
1098 2814 1223 2884 περὶ
1253 2813 1358 2867 τῶν
1392 2814 1448 2866 ἐν
1472 2818 1536 2886 τῇ
1571 2816 1719 2869 πόλει
1743 2818 2007 2889 τετολμη-

424 2899 625 2967 μένων,
661 2901 805 2964 ἰδίως
841 2904 970 2974 περὶ
1010 2904 1103 2957 τοῦ
1154 2906 1411 2975 προδότου
1455 2908 1621 2961 Ἰούδα
1665 2909 2001 2973 ἐθεσπίζετο.

427 2992 493 3043 Ἀ
510 2991 573 3062 δὴ
595 2993 687 3045 καὶ
712 2994 848 3047 αύτά
868 2993 1054 3048 τοῦτον
1078 2998 1105 3049 ὁ
1123 2997 1411 3068 Σύμμαχος
1436 3000 1744 3070 ἡρμήνευσε
1767 3001 1856 3054 τὸν
1877 3002 1973 3071 τρό
1988 3032 2003 3041 -

421 3101 553 3136 πον·
594 3088 676 3139 Οὐ
732 3085 841 3155 γὰρ
876 3087 1089 3156 ἐχθρὸς
1117 3090 1563 3157 προεπηλάκισέ
1588 3109 1698 3161 με,
1753 3093 1853 3146 ἵνα
1891 3094 2005 3158 ,ϐα-

419 3175 653 3240 στάξω’
713 3177 855 3232 οὐδὲ
884 3178 979 3232 διὰ
1025 3180 1249 3249 μίσους
1274 3199 1377 3249 μοι
1408 3183 1500 3235 ἐπ’
1529 3183 1633 3253 ἐμὲ
1672 3185 2004 3254 ἐμεγάλυνε

420 3269 804 3337 πτερνισμὸν,
840 3271 941 3324 ἵνα
975 3273 1271 3341 κρύϐωμαι
1300 3274 1505 3330 αὐτόν.
1554 3276 1729 3331 Ἀλλὰ
1760 3278 1861 3342 σὺ,
1897 3277 2003 3333 ἄν-

419 3363 633 3429 θρωπε,
663 3364 1050 3431 ὁμοιότροπος
1080 3380 1190 3433 μοι
1212 3405 1227 3428 ,
1278 3365 1552 3435 συνήθης
1580 3368 1679 3422 καὶ
1713 3369 2003 3440 γνώριμός

414 3471 515 3523 μοι
536 3493 550 3517 ,
585 3455 801 3521 οἵτινες
839 3457 1375 3529 ἑκοινολογούμεθα
1405 3460 1693 3529 γλυκεῖαν
1725 3463 1999 3530 ὁμιλίαν-ο

416 3546 487 3597 ἐν
519 3544 597 3610 τῷ
626 3547 770 3611 οἴκῳ
805 3547 912 3601 τοῦ
943 3548 1090 3602 Θεοῦ
1124 3551 1617 3621 ἀναστρεφόμεθα
1650 3552 2002 3607 συνδιαιτώ-

412 3654 598 3705 μενοι.

503 3731 753 3785 Ἐλθέτω
783 3732 1037 3800 θάνατος
1065 3735 1157 3788 ἐπ’
1178 3734 1419 3801 αὐτοὺς,
1452 3736 1549 3788 καὶ
1573 3737 2004 3804 καταϐήτωσαν

417 3825 503 3888 είς
536 3823 683 3888 ᾅδου
724 3823 933 3893 ζῶντες
961 3844 973 3856 ·
1011 3826 1099 3880 ὅτι
1127 3830 1383 3896 πονηρία
1404 3828 1473 3881 ἐν
1513 3828 1640 3894 ταῖς
1666 3830 2003 3897 παροικίαις

417 3914 635 3979 αὐτῶν,
657 3918 727 3969 ἐν
745 3917 913 3985 μέσῳ
933 3918 1151 3973 αὐτῶν.
1188 3920 1327 3991 Ἤδη
1353 3920 1609 3985 πολλάκις
1638 3924 1768 3993 ἡμῖν
1795 3923 1889 3975 καὶ
1916 3923 2002 3976 διὰ

417 4006 526 4059 τῶν
582 4008 889 4080 ἔμπροσθεν
942 4011 1359 4076 ἀποδέδεικται,
1410 4015 1491 4066 ὅτι
1536 4015 1605 4067 τὰ
1656 4016 2001 4087 προρρητικά

418 4102 804 4171 προστακτικῷ
825 4103 1010 4174 τρόπῳ
1032 4104 1152 4168 ἔθος
1170 4109 1235 4177 τῇ
1259 4106 1379 4177 θείᾳ
1394 4107 1582 4178 Γραφῇ
1597 4109 1964 4179 προφέρεσθαι
1985 4126 1999 4139 ·

419 4192 513 4243 καὶ
546 4191 780 4246 ἐνταῦθα
814 4194 993 4248 τοίνυν
1025 4196 1144 4249 ἀντὶ¹
1186 4198 1276 4250 τοῦ
1297 4237 1311 4261 ,
1370 4200 1710 4255 Ἐλεύσεται
1746 4199 2000 4268 θάνατος

419 4285 510 4336 ἐπ’
548 4286 771 4354 αὐτοὺς
796 4328 810 4349 ,
859 4288 955 4342 καὶ
996 4290 1439 4357 καταϐήσονται
1474 4295 1559 4357 εἰς
1591 4291 1738 4359 ᾅδου
1766 4291 1998 4358 ζῶντες,

418 4377 837 4445 προστακτικῶς
884 4379 1096 4449 εἴρηται
1148 4380 1213 4434 τά
1246 4381 1600 4452 προκείμενα.
1656 4382 1912 4448 Θεσπίξει
1944 4384 2000 4437 δὲ

422 4468 479 4519 τὸ
518 4467 742 4539 Πνεῦμα
776 4472 836 4522 τὸ
867 4470 1021 4539 ἆγιον
1064 4472 1133 4525 τά
1166 4473 1554 4544 συμϐησόμενα
1600 4478 1710 4538 τοῖς
1761 4476 1828 4528 τὰ
1860 4493 1997 4548 προ-

2117 617 2210 666 bas
2241 615 2409 680 cibos,
2444 618 2499 671 in
2528 619 2684 673 domo
2716 620 2817 675 Dei
2848 624 3231 683 ambulavimus
3262 647 3379 684 cum
3412 649 3693 691 consensu.

2118 706 2195 761 Ad
2246 709 2331 763 sui
2384 727 2674 779 personam
2718 715 2961 773 referens
3001 718 3273 791 Pr0pbeta
3321 725 3695 786 admittendos

2116 807 2309 852 contra
2343 799 2680 859 Salvatorem
2717 816 2964 863 nostrum
2996 826 3184 875 ausus,
3218 816 3343 884 jure
3376 819 3451 871 ait
3494 836 3553 874 se
3580 831 3694 874 tur-

2116 887 2303 942 batum
2347 899 2400 945 et
2441 892 2734 951 formidine
2773 900 2967 954 mortis
2999 903 3265 972 repletum
3294 921 3437 962 esse.
3471 908 3537 962 Et
3564 925 3692 966 vero

2122 986 2256 1042 tota,
2310 980 2510 1052 inquit,
2565 987 2760 1043 civitas
2804 990 3093 1059 iniquitate
3146 1003 3200 1049 et
3253 1001 3693 1059 contradictione

2115 1073 2274 1141 plena
2310 1084 2447 1141 erat,
2496 1093 2605 1131 non
2637 1079 2724 1133 die
2765 1083 2965 1148 solum,
3007 1070 3101 1141 sed
3134 1089 3299 1143 etiam
3348 1104 3526 1148 nocte.
3560 1094 3693 1161 Quae

2115 1174 2295 1218 autem
2326 1175 2480 1220 extra
2510 1169 2808 1238 civitatem,
2838 1176 2984 1229 circa
3008 1193 3194 1234 muros
3217 1181 3355 1249 ejus,
3381 1183 3688 1255 iniquitate,

2114 1254 2301 1310 dolore
2332 1267 2384 1311 et
2425 1260 2647 1315 miseria
2692 1266 2894 1333 repleta
2929 1280 3118 1338 erant;
3159 1273 3269 1326 imo
3298 1254 3686 1334 etiamieorum

2115 1350 2356 1402 omnium
2391 1352 2586 1407 animae
2614 1355 2813 1412 damno
2846 1368 2899 1414 et
2926 1362 3133 1418 insultu
3176 1365 3408 1423 refertze.
3443 1370 3510 1423 At
3540 1372 3688 1441 quod

2113 1444 2355 1491 Omnium
2384 1444 2683 1509 pessimum
2723 1460 2861 1514 erat,
2895 1467 3038 1506 unus
3063 1470 3125 1509 ex
3170 1457 3236 1511 iis
3270 1461 3359 1529 qui
3399 1464 3690 1520 unanimes

2111 1538 2164 1581 et
2207 1530 2499 1587 admodum
2550 1538 2666 1591 noti
2714 1541 2847 1594 mihi
2892 1553 3068 1610 erant,
3107 1550 3309 1606 talibus
3360 1561 3552 1609 contra
3600 1572 3689 1613 me

2112 1619 2481 1680 debacchatus
2507 1636 2609 1691 est,
2639 1647 2759 1701 qua:
2784 1632 3145 1692 intolerabilia
3176 1651 3229 1695 et
3260 1644 3575 1701 nullatenus
3607 1648 3689 1703 fe-

2113 1713 2281 1769 renda
2320 1718 2449 1771 sint.
2485 1719 2696 1777 Etenim
2723 1725 2793 1780 ab
2831 1727 3069 1785 inimicis
3098 1739 3151 1785 et
3183 1734 3248 1786 iis
3282 1736 3375 1805 qui
3422 1752 3481 1792 se
3506 1742 3684 1808 palam

2113 1804 2458 1865 adversarios
2505 1819 2560 1866 et
2608 1814 2853 1872 infensos
2900 1835 3021 1875 esse
3064 1804 3410 1892 proﬁtentur,
3460 1828 3686 1885 ferenda

2836 1871 2847 1872 ,
2908 1871 3017 1875 --η
3064 1871 3410 1892 ,._----..-_.,
3460 1871 3685 1885 me..-“

2044 1871 2082 1924 Β
2113 1892 2342 1951 forsitan
2373 1911 2578 1968 essent,
2614 1906 2743 1974 quia
2780 1907 3032 1965 inimicos
3076 1928 3273 1970 cavere
3318 1918 3387 1971 ab
3417 1918 3595 1988 iisque
3626 1936 3685 1975 se

2109 1988 2390 2043 occultare
2428 1992 2482 2045 in
2513 2005 2766 2067 promptu
2798 2008 2901 2067 est,
2939 2013 3102 2074 atque
3138 2009 3430 2075 opprobria
3474 2010 3685 2066 inimici

2110 2096 2220 2134 non
2250 2098 2347 2150 pro
2377 2102 2435 2140 re
2463 2088 2637 2142 aliena
2680 2100 2734 2145 et
2764 2093 3022 2149 inusitata
3057 2098 3343 2156 habentur.
3377 2102 3444 2155 At
3476 2120 3601 2158 cum
3636 2106 3685 2162 is

2109 2176 2202 2244 qui
2231 2177 2440 2234 amicus
2474 2185 2771 2249 unanimis,
2818 2203 2943 2241 cum
2976 2190 3021 2245 is
3054 2193 3148 2261 qui
3181 2208 3211 2246 a
3255 2209 3343 2249 me
3390 2196 3598 2252 honore
3627 2206 3683 2253 et

2107 2268 2372 2325 electione
2405 2270 2660 2342 dignatus
2702 2285 2807 2339 est,
2836 2294 2959 2333 cum
3009 2297 3211 2338 mensa:
3238 2300 3468 2343 consors
3505 2272 3682 2345 disci-

2109 2359 2293 2426 pulus,
2337 2362 2507 2430 quiin
2546 2366 2766 2420 domum
2812 2368 2903 2423 Dei
2954 2387 3095 2441 smpe
3144 2391 3354 2430 mecum
3398 2378 3681 2445 ingressus

2106 2448 2212 2515 est,
2258 2459 2421 2521 atque
2466 2470 2573 2508 una
2625 2470 2899 2526 precatus,
2947 2466 3177 2534 mystico
3227 2468 3350 2523 cibo
3398 2487 3553 2536 usus,
3585 2475 3678 2546 qui

2107 2557 2309 2598 arcana
2349 2545 2417 2600 de
2460 2563 2629 2619 regno
2675 2552 2937 2606 caelorum
2986 2556 3152 2611 verba
3200 2573 3507 2629 acceperat,
3551 2545 3681 2620 talia

2107 2644 2298 2690 contra
2332 2654 2417 2692 me
2438 2643 2646 2710 egerit;
2674 2658 2736 2697 ea
2768 2660 2898 2699 sane
2935 2663 3043 2701 non
3075 2648 3320 2705 ferenda.
3357 2653 3483 2709 Haac
3514 2673 3681 2727 porro

2107 2737 2507 2798 consequenter
2532 2741 2654 2802 post
2700 2750 2762 2789 ea
2797 2752 2917 2805 quae
2960 2739 3027 2793 de
3072 2739 3412 2801 facinoribus
3455 2748 3509 2800 in
3543 2748 3683 2804 civi-

2108 2828 2218 2875 tate
2239 2822 2499 2877 admissis
2522 2827 2781 2894 prredicta
2812 2838 2960 2893 sunt,
2993 2832 3059 2886 de
3081 2816 3360 2902 proditore
3386 2836 3525 2893 Juda
3553 2854 3675 2910 spe-

2106 2913 2288 2967 ciatim
2338 2916 2758 2974 vaticinabatur.
2810 2918 2940 2985 Quae
2973 2920 3332 2993 Symmachus
3367 2927 3470 2984 hoc
3515 2940 3678 3000 pacto

2108 3005 2498 3074 interpretatus
2529 3018 2650 3064 est:
2700 3010 2823 3064 Non
2852 3013 3094 3069 inimicus
3130 3018 3439 3088 vituperavit
3477 3040 3577 3087 me,
3622 3035 3676 3078 ut

2106 3099 2305 3167 feram;
2344 3117 2505 3171 neque
2540 3117 2630 3168 per
2662 3102 2839 3156 odium
2882 3108 2982 3160 mei
3029 3111 3385 3180 magniﬁcavit
3425 3130 3580 3183 super
3600 3134 3681 3171 me

2032 3218 2074 3274 ε
2105 3191 2608 3261 supplantationem,
2650 3204 2705 3247 ut
2730 3196 3026 3253 abscondar
3066 3200 3131 3254 ab
3172 3219 3252 3259 eo.
3298 3202 3401 3258 Sed
3434 3215 3487 3260 tu
3514 3203 3679 3261 'homa

2107 3286 2264 3337 unius
2301 3287 2485 3349 moris,
2516 3286 2805 3355 familiaris
2836 3300 2884 3344 et
2913 3302 3068 3346 notus
3100 3294 3251 3357 mihi,
3280 3298 3371 3367 qui
3390 3297 3542 3353 dulce
3570 3300 3680 3353 cot-

2106 3374 2339 3444 loquium
2371 3378 2718 3435 miscebantus
2752 3397 2770 3433 :
2804 3383 2859 3435 iu
2899 3383 3055 3439 domo
3089 3385 3187 3440 Dei
3217 3404 3486 3444 versamur
3518 3391 3684 3449 simul

2102 3470 2345 3526 viventes.

2177 3739 2342 3795 Vens.
2377 3740 2463 3797 16.
2514 3740 2700 3796 Veniat
2730 3759 2869 3797 mors
2915 3761 3068 3813 super
3093 3746 3235 3808 illos,
3276 3756 3323 3801 et
3360 3746 3679 3805 descendant

2104 3832 2159 3885 in
2191 3833 2456 3900 infernum
2495 3835 2758 3888 viventes:
2808 3838 3057 3906 quoniam
3098 3841 3327 3909 nequitia
3370 3842 3424 3895 in
3467 3841 3681 3897 habita-

2104 3921 2334 3975 tionibus
2382 3941 2584 3982 eorum.
2616 3926 2671 3979 in
2724 3927 2894 3980 medio
2931 3943 3134 3985 eorum.
3179 3927 3298 3982 Jam
3351 3932 3606 4001 superius
3646 3949 3677 3988 a

2104 4014 2263 4069 nobis
2298 4015 2618 4085 plerumque
2661 4018 3095 4073 demonstratum
3143 4030 3248 4084 est,
3285 4022 3466 4077 futura
3502 4026 3678 4095 impe-

2103 4105 2279 4160 rativo
2325 4106 2485 4160 modo
2529 4108 2768 4162 divinam
2807 4108 3150 4181 Scripturam
3181 4113 3427 4182 proferre
3461 4118 3678 4185 solere;

2104 4194 2194 4248 hic
2223 4196 2390 4267 igitur
2412 4197 2531 4251 loco
2566 4199 2733 4261 illius,
2773 4198 2950 4253 Veniet
2982 4217 3122 4256 mors
3152 4218 3307 4271 super
3332 4205 3477 4269 illos,
3510 4218 3559 4261 et
3589 4207 3681 4263 de-

2103 4288 2347 4342 scenderat
2400 4289 2453 4343 in
2500 4290 2761 4359 infernum
2809 4293 3053 4356 viventes,
3108 4295 3297 4349 eadem
3358 4297 3679 4366 imperalivo

2103 4380 2265 4434 modo
2303 4380 2446 4435 dicta
2469 4394 2615 4437 sunt.
2647 4382 2986 4438 Vaticinatur
3010 4402 3171 4455 porro
3196 4386 3434 4458 Spiritus
3456 4400 3681 4447 sanctus

2103 4492 2225 4546 quae
2257 4482 2521 4531 eventura
2548 4476 2657 4529 sint
2681 4476 2770 4539 iis,
2808 4479 2899 4547 qui
2934 4495 3099 4549 supra
3128 4490 3426 4535 memorata
3457 4484 3678 4553 aggredi

418 4559 671 4637 λεχθέντα
705 4562 1112 4634 τετολμηκόσιν.
1185 4565 1241 4618 Ὀ
1281 4565 1410 4629 γοῦν
1456 4567 1683 4630 Ἀκύλας
1716 4567 2002 4639 ὀρθότερον

2110 4562 2228 4617 ausi
2266 4569 2415 4617 sunt.
2470 4562 2666 4632 Aquila
2717 4575 2865 4619 certe
2913 4567 3118 4620 rectius
3164 4567 3552 4636 interpretatus
3594 4579 3681 4624 est

418 4653 759 4723 ἡρμήνευσεν
805 4654 1002 4708 εἰπών·
1070 4655 1301 4721 Ἐπάξει
1335 4659 1597 4712 θάνατον
1628 4660 1720 4712 ἐπ’
1753 4662 1996 4726 αὐτούς.

417 4742 513 4806 Τίς
545 4744 600 4797 δὲ
628 4744 856 4799 θάνατον
886 4747 1074 4814 ἐπάξει
1123 4749 1207 4801 ἐπ’
1239 4750 1435 4813 αὐτοὺς
1464 4750 1495 4821 ἢ
1525 4754 1591 4804 τὰ
1621 4751 1758 4824 ἔργα
1785 4752 1995 4819 αὐτῶν;

418 4836 564 4888 Λύτὰ
588 4836 695 4907 γὰρ
724 4838 906 4902 αὐτοῖς
928 4840 1076 4893 αἴτια
1099 4841 1387 4912 γεγένηται
1420 4842 1672 4903 θανάτου,
1699 4844 1731 4915 ἢ
1755 4847 1782 4897 6
1805 4844 1997 4916 κρίνας

417 4928 611 4992 αὐτοὺς
628 4929 858 4984 θανάτου
881 4931 1062 4998 ἀξίους
1083 4934 1168 4987 διὰ
1189 4936 1287 4999 τὰς
1307 4936 1521 4999 ἀσεϐεῖς
1544 4936 1773 5007 πράξεις
1793 4936 1993 4990 αὐτῶν.

416 5018 655 5084 Θάνατος
693 5021 750 5075 δὲ
783 5025 907 5086 τοὺς
945 5025 1158 5090 ἀσεϐεῖς
1194 5029 1588 5099 μετερχόμενος
1628 5030 1725 5099 οὐχ
1758 5032 1786 5082 6
1819 5031 1998 5093 κοινὸς

418 5108 484 5161 ἂν
511 5110 719 5179 λέγοιτο
738 5131 751 5143 ο
776 5110 929 5179 οὗτος
954 5116 1060 5187 γάρ
1089 5119 1183 5171 καὶ
1208 5121 1333 5182 τοὺς
1357 5120 1598 5184 δικαίους
1628 5121 1874 5185 ἅπαντας
1903 5139 1999 5192 με·-

415 5196 610 5265 τῆλθεν
629 5216 642 5228 ο
686 5201 736 5253 οἳ
783 5202 877 5255 καὶ
920 5205 1057 5273 μετά
1087 5206 1178 5260 τὸν
1226 5209 1400 5261 κοινὸν
1428 5209 1654 5263 θάνατον
1683 5210 1818 5275 ζῶσι
1847 5212 1997 5281 παρά

414 5287 494 5357 τῷ
513 5288 631 5360 Θεῷ
646 5308 659 5320 ο
690 5290 877 5365 ὥσπερ
900 5290 991 5347 οὖν
1013 5296 1247 5363 ἐδίδαξεν
1266 5303 1294 5353 6
1318 5300 1508 5371 Σωτὴρ
1535 5301 1701 5356 εἰπών
1716 5320 1729 5332 ·
1767 5304 1828 5356 'O
1852 5303 1996 5369 Θεὸς

428 5381 713 5453 Ἀϐραὰμ,
745 5385 842 5440 καὶ
875 5391 908 5441 ό
933 5391 1076 5457 Θεὸς
1119 5392 1323 5447 Ἰσαὰκ
1342 5434 1355 5457 ,
1387 5395 1484 5448 καί
1520 5398 1551 5448 ὁ
1580 5396 1725 5461 Θεὸς
1769 5395 1993 5459 Ἰακὼϐ,

414 5474 529 5526 οὐκ
567 5475 701 5529 ἔστι
748 5481 890 5546 Θεὸς
916 5481 1144 5549 νεκρῶν
1168 5525 1182 5546 ,
1219 5485 1377 5539 ἀλλὰ
1412 5483 1670 5546 (dirsz
1728 5488 1915 5558 ψυχῶν
1940 5489 1997 5542 δὲ

416 5562 647 5631 θάνατος
678 5571 771 5623 καὶ
808 5572 959 5643 παρὰ
984 5574 1062 5644 τῷ
1104 5576 1350 5649 Ἐζεκιὴλ
1377 5578 1671 5648 δεδήλωται
1700 5580 1961 5649 φάσκοντι
1979 5598 1992 5610 ·

421 5658 599 5727 Ψυχὴ
658 5661 1086 5733 ἁμαρτάνουσα
1110 5708 1126 5732 ,
1180 5669 1331 5737 αὕτη
1383 5671 1785 5728 ἀποθανεῖται.
1847 5674 1999 5728 Ἐπεὶ

491 5842 536 5873 ’⁸
577 5840 764 5897 Matth.
802 5856 958 5911 xm",
993 5844 1082 5901 5‘2.
1160 5850 1203 5881 ”
1247 5848 1444 5904 Ezech.
1481 5865 1649 5917 mu,
1686 5851 1741 5906 4.

2110 4656 2195 4710 his
2223 4655 2406 4710 verbis
2435 4675 2447 4709 :
2477 4653 2698 4709 Inducet
2732 4668 2951 4711 mortem
2984 4673 3140 4726 super
3160 4674 3266 4712 eos.
3297 4657 3431 4724 Quis
3458 4660 3679 4714 inducet

2106 4755 2337 4803 mortem
2368 4764 2533 4819 super
2557 4763 2676 4811 eos,
2709 4749 2815 4803 nisi
2857 4765 3021 4818 opera
3053 4750 3335 4820 ipsorum?
3364 4750 3488 4805 H:ec
3531 4753 3679 4806 enim

2105 4840 2239 4911 ipsis
2282 4842 2474 4896 mortis
2524 4856 2689 4896 causa
2741 4850 2904 4897 erunt
2958 4842 3159 4912 potius,
3193 4857 3355 4912 quam
3406 4842 3453 4897 is
3484 4843 3575 4913 qui
3608 4844 3679 4897 ob

2106 4934 2271 5001 impia
2321 4940 2471 5002 gesta
2523 4944 2697 4989 morte
2728 4934 2923 5004 dignos
2961 4935 3245 5003 judicavit.
3301 4934 3446 4990 Mors
3495 4945 3677 4991 autem

2106 5025 2304 5095 impios
2336 5025 2622 5090 invadens,
2655 5040 2764 5078 non
2804 5025 3111 5079 communis
3157 5025 3513 5094 aestimanda;
3550 5041 3676 5079 nam

2102 5130 2166 5169 ea
2189 5116 2370 5184 justos
2401 5131 2616 5185 quoque
2642 5130 2833 5169 omnes
2863 5116 3015 5181 adiit,
3046 5116 3141 5184 qui
3167 5116 3330 5169 etiam
3375 5124 3499 5186 post
3528 5130 3682 5169 com-

2105 5223 2324 5262 munem
2368 5214 2599 5261 mortcm
2652 5209 2844 5261 vivunt
2882 5208 3024 5277 apud
3065 5206 3268 5275 Deum;
3318 5206 3681 5277 quemadmo-

2102 5301 2231 5356 dum
2269 5300 2454 5354 docuit
2482 5298 2732 5354 Salvator
2762 5300 2949 5355 diccns
2980 5300 3156 5354 :Deus
3196 5300 3489 5363 Abraham,
3537 5298 3679 5353 Deus

2106 5394 2287 5456 Isaac,
2325 5404 2371 5447 et
2400 5393 2541 5449 Deus
2572 5392 2761 5458 Iacob,
2805 5410 2908 5447 non
2937 5402 3014 5447 est
3039 5392 3181 5447 Deus
3212 5402 3563 5456 mortuorum,
3588 5390 3678 5446 sed

2105 5488 2338 5541 vivorum
2359 5487 2403 5519 ⁸³
2446 5496 2541 5541 :et
2592 5486 2735 5558 apud
2784 5485 3121 5541 Ezechiele!“
3168 5501 3317 5541 mors
3372 5486 3680 5539 animarum

2106 5580 2413 5636 declaratur
2444 5580 2528 5635 his
2558 5581 2742 5636 verbis
2778 5581 3009 5634 :Anima
3058 5596 3175 5650 qua:
3218 5580 3529 5648 peccaverit,
3563 5578 3682 5647 ipsa

2104 5674 2361 5728 morietur
2382 5673 2448 5726 '9.
2477 5670 2746 5741 Quoniam
2779 5674 2943 5746 igitur
2980 5673 3037 5738 ii,
3076 5672 3144 5729 de
3184 5673 3385 5745 quibus
3424 5687 3613 5744 supra,
3647 5684 3681 5726 a
