4138 6386
423 412 528 467 483
1106 412 1373 470 EUSEBII
1411 415 1887 472 CAESARIENSIS
1923 417 2072 472 OI’P.
2119 418 2299 473 PARS
2336 417 2424 473 IIl.
2465 422 2533 461 —'-
2570 416 2985 473 EXEGETICA.
3582 418 3689 476 484

423 530 533 579 vita
589 524 801 597 seipsos
842 536 1221 596 segregarunt,
1259 527 1621 598 Salvatorque
1668 539 1856 585 noster
1886 529 1979 584 vit:

2100 532 2279 585 τοίνυν
2312 530 2535 594 ἑαυτοὺς
2567 530 2665 601 τῆς
2699 528 2845 601 ζωῆς
2867 531 2916 582 oi
2948 528 3267 601 δηλούμενοι
3296 529 3685 600 κεχωρίκασινι

420 626 578 686 erat;
611 635 735 673 nam
765 619 904 689 quod
939 620 1138 689 factum
1170 632 1247 675 est
1280 623 1337 675 in
1363 624 1477 691 ipso
1511 623 1619 676 vita
1648 633 1785 686 erat,
1808 634 1856 677 et
1888 625 1979 678 viti

2095 620 2164 695 ἦν
2195 625 2251 677 δὲ
2274 626 2301 677 6
2330 624 2518 695 Σωτὴρ
2546 622 2701 693 ἡμῶν
2734 625 2766 694 ὴ
2791 622 2903 693 ζωή
2924 641 2937 653 ·
2977 624 3045 675 Ὃ
3068 623 3275 693 γέγονε
3296 622 3405 693 γὰρ
3431 623 3501 676 ἐν
3525 624 3687 689 αὐτῷ

417 720 534 763 erat
567 710 659 763 lux
679 710 951 764 hominum
977 712 991 742 ¹
1019 730 1033 778 ;
1064 711 1187 781 jure
1225 728 1349 766 cum
1378 729 1500 768 sese
1528 715 1596 769 ab
1622 714 1742 784 ipso
1776 730 1997 785 separa-

420 801 617 866 verint,
659 803 821 855 morti
873 803 1068 857 animae
1124 802 1311 857 traditi
1351 811 1659 858 sunt:.non
1688 804 1832 873 quod
1876 805 1994 874 ipsa

418 901 804 963 corrumpatur
833 902 928 948 aut
959 895 1226 955 deleatur,
1264 896 1319 949 in
1352 896 1585 951 nihilum
1620 897 1869 965 redacta;
1900 899 1993 953 sed

416 984 562 1054 quod
602 986 790 1040 vivens
838 986 929 1039 illa
972 997 1025 1040 et
1069 987 1366 1040 immortali
1417 994 1610 1041 natura
1647 990 1894 1058 praedita,
1939 989 1994 1043 in

417 1075 675 1147 praedicta
704 1086 880 1131 morte
906 1085 1179 1132 versetur.
1209 1076 1391 1143 Quare
1424 1078 1631 1133 dictum
1656 1088 1739 1134 est
1768 1099 1781 1134 :
1813 1079 1880 1132 Et
1902 1080 1994 1133 de-

414 1170 667 1223 scendant
691 1172 746 1224 in
779 1172 1042 1239 infernum
1074 1172 1313 1225 viventes.
1354 1171 1472 1227 Non
1500 1173 1644 1227 enim
1683 1174 1989 1228 animarum

412 1261 845 1317 destructionem
880 1263 965 1317 his
1018 1264 1358 1333 signiﬁcabat
1394 1285 1405 1318 :
1447 1264 1633 1319 Veniat
1660 1283 1801 1320 mors
1838 1282 1992 1334 super

412 1354 571 1419 illos;
625 1356 720 1411 sed
775 1356 1176 1425 separationem
1237 1373 1267 1411 a
1319 1358 1449 1419 vita,
1509 1374 1630 1427 qum
1691 1360 1989 1413 secundum

412 1443 581 1500 Deum
622 1453 724 1512 est,
773 1454 826 1501 et
858 1447 1256 1503 habitationem
1304 1448 1359 1502 in
1408 1448 1644 1503 inferno.
1678 1449 1816 1502 Num
1852 1449 1991 1504 forte

412 1537 646 1601 dicatur,
689 1538 795 1592 alio
841 1539 1003 1592 modo
1032 1539 1278 1594 viventes
1310 1542 1460 1610 ipsos
1505 1542 1558 1594 in
1591 1541 1863 1595 infernum
1898 1542 1994 1595 de-

411 1628 714 1691 scendisse,
750 1630 803 1683 in
831 1630 1022 1684 notitia
1053 1630 1263 1685 scilicet
1297 1639 1611 1699 peccantes,
1646 1646 1709 1684 ac
1752 1632 1990 1686 scientes

409 1721 629 1790 quidem
675 1721 1014 1776 Salvatorem
1056 1738 1179 1779 esse
1223 1722 1503 1778 Christum
1561 1722 1690 1786 Dei,
1739 1724 1831 1778 sed
1880 1739 1988 1778 non

409 1830 532 1869 esse
569 1815 931 1870 simulantes?
962 1816 1143 1880 Quare
1198 1816 1423 1884 perinde
1472 1826 1634 1885 atque
1679 1817 1889 1870 Dathan
1934 1825 1989 1871 et

2098 716 2211 784 ζωὴ
2247 714 2325 787 ἦν
2350 758 2363 780 ,
2416 717 2512 770 καὶ
2562 719 2601 785 ἡ
2644 715 2755 785 ζωὴ
2804 713 2884 786 ἦν
2912 723 2977 769 τι)
3013 716 3137 785 φῶς
3174 715 3294 769 τῶν
3320 715 3679 781 ἀνθρώπων⁸

2098 810 2349 872 εἰκότως,
2377 807 2784 878 ἀποτμηθέντες
2815 806 2979 860 αὑτοῦ
2998 846 3012 871 ,
3042 807 3119 878 τῷ
3146 807 3247 877 τῆς
3269 807 3445 879 ψυχῆς
3468 808 3683 879 θανάτῳ

2097 899 2470 970 παρεδόθησαν
2491 916 2504 928 ο
2524 900 2621 969 οὐχ
2641 898 2780 952 ὥστε
2801 897 3073 968 φθαρῆναι
3090 898 3258 971 αὐτὴν
3276 900 3369 952 καὶ
3385 898 3682 969 ἀφανισθῆ-

2096 1010 2181 1045 ναι
2211 993 2290 1055 εἰς
2315 991 2374 1043 τὸ
2406 991 2479 1061 μὴ
2502 990 2558 1043 ὃν
2581 992 2909 1061 χωρήσασαν
2932 1028 2946 1052 ,
2980 989 3094 1041 ἀλλ’
3128 988 3269 1042 ὥστε
3302 988 3482 1054 ζῶσαν
3510 990 3680 1061 αὐτὴν

2095 1086 2189 1139 καὶ
2222 1085 2485 1138 ἀθάνατον
2517 1084 2616 1156 τὴν
2648 1083 2833 1136 οὐσίαν
2869 1082 3214 1152 κεκτημένην
3248 1083 3303 1133 ἐν
3331 1080 3409 1151 τῷ
3434 1080 3681 1152 λεχθέντι

2096 1176 2311 1247 θανάτῳ
2342 1176 2570 1243 διάγειν.
2638 1175 2730 1227 Διὸ
2765 1174 3055 1227 λέλεκται·
3110 1173 3219 1226 Καὶ
3246 1173 3679 1241 καταϐήτωσαν

2093 1272 2177 1334 εἰς
2210 1268 2356 1335 ᾅδου
2390 1267 2618 1333 ζῶντες.
2668 1268 2740 1320 Οὐ
2800 1266 2890 1320 τὸν
2922 1265 3227 1336 ἀφανισμὸν
3258 1264 3442 1336 ψυχῶν
3487 1265 3677 1336 ἐδήλου

2093 1362 2266 1429 λέγων
2286 1378 2300 1390 ·
2343 1359 2597 1414 Ἐλθέτω
2624 1358 2880 1424 θάνατος
2904 1358 2995 1411 ἐπ’
3023 1357 3244 1423 αὐτοὺς
3263 1397 3277 1420 ,
3303 1357 3437 1409 ἀλλὰ
3458 1357 3548 1410 τὸν
3570 1357 3678 1410 ἀπὸ

2094 1453 2193 1522 τῆς
2220 1451 2359 1505 κατὰ
2389 1450 2520 1503 Θεὸν
2552 1448 2695 1520 ζωῆς
2726 1448 3002 1520 χωρισμὸν
3024 1487 3039 1510 ,
3070 1449 3163 1501 καὶ
3197 1448 3296 1519 τὴν
3322 1449 3400 1511 είς
3428 1448 3518 1500 τὸν
3543 1447 3677 1519 ᾅδην

2094 1546 2429 1615 κατοίκησιν.
2481 1545 2705 1613 Μήποτε
2748 1542 2804 1594 δέ
2836 1542 2931 1595 καὶ
2963 1540 3137 1604 ἄλλως
3182 1540 3381 1605 ζῶντες
3412 1543 3492 1604 είς
3545 1540 3675 1612 ᾅδου

2092 1634 2363 1704 κατῄεσαν
2388 1672 2401 1696 ,
2437 1635 2493 1684 ὲν
2524 1630 2722 1700 γνώσει
2747 1632 3183 1703 ἁμαρτάνοντες,
3218 1632 3311 1683 καὶ
3339 1631 3538 1694 εἰδότες
3576 1630 3675 1701 μὲν

2090 1726 2181 1780 τὸν
2212 1727 2437 1797 Σωτῆρα
2463 1725 2539 1788 ὡς
2570 1724 2731 1788 αὐτὸς
2758 1720 2809 1776 εἴ
2834 1725 2862 1775 6
2894 1724 3127 1795 Χριστὸς
3158 1723 3250 1775 τοῦ
3280 1722 3415 1775 Θεοῦ
3440 1763 3454 1787 ,
3508 1739 3677 1793 προσ-

2092 1819 2402 1890 ποιούμενοι
2427 1817 2483 1869 δέ
2514 1810 2591 1887 μὴ’
2618 1812 2757 1870 εἶναι
2780 1833 2793 1879 ;
2824 1816 2914 1868 Διὸ
2937 1816 3028 1869 καὶ
3057 1815 3256 1886 ὁμοίως
3281 1817 3397 1877 τοῖς
3422 1814 3549 1885 περὶ
3566 1816 3674 1866 Δαδ

408 1904 615 1959 Abiron
636 1906 656 1935 ¹
683 1906 832 1975 ipsos
870 1905 1271 1974 deglutiendos,
1305 1916 1468 1976 atque
1512 1909 1566 1960 in
1598 1907 1871 1962 infernum
1907 1909 1979 1962 vi-

2088 1913 2186 1965 θάν
2217 1912 2314 1965 καὶ
2358 1909 2604 1983 Ἀϐηρὼν
2658 1907 3137 1980 καταποθήσεσθαι
3168 1908 3263 1961 καὶ
3312 1908 3539 1973 αὐτοὺς,
3593 1908 3675 1970 εἰς

408 2005 595 2049 ventes
631 1994 995 2049 descensuros
1039 2011 1162 2050 esse
1195 1998 1542 2066 prtenuntiat.
1593 1996 1700 2051 Pro
1750 1999 1842 2051 illo
1883 2014 1984 2052 auo

407 2095 536 2153 tem,
565 2086 831 2157 Nequitia:
858 2089 913 2141 in
940 2087 1358 2143 habitationibus
1388 2108 1590 2153 eorum,
1618 2093 1671 2144 in
1702 2092 1873 2145 medio
1901 2108 1989 2145 eo-

407 2196 568 2244 rum;
599 2194 724 2233 nam
768 2190 1072 2236 conventus
1098 2189 1153 2235 et
1178 2182 1411 2236 concilia
1440 2182 1706 2237 adversus
1742 2181 1987 2238 Salvato-

404 2285 520 2324 rem
557 2271 804 2341 improba
846 2271 1019 2336 fuere,
1054 2271 1251 2341 Aquila
1297 2273 1430 2327 dicit
1463 2293 1475 2326 :
1511 2274 1776 2339 Quoniam
1811 2277 1987 2345 nequi-

404 2363 494 2416 tia:
521 2363 572 2415 in
600 2365 993 2417 conversatione
1016 2382 1218 2421 eorum.
1246 2365 1384 2431 Quia
1415 2382 1545 2437 ergo
1575 2382 1682 2421 non
1720 2383 1818 2436 pro
1839 2369 1985 2422 bono

403 2458 832 2523 conveniebant,
885 2467 939 2511 et
985 2459 1437 2512 conversationes
1485 2459 1831 2529 conciliaque
1880 2460 1985 2513 im-

404 2544 572 2612 proba
604 2544 837 2611 inibant,
867 2544 991 2613 jure
1018 2545 1350 2600 vaticinatur
1389 2536 1481 2616 qui
1535 2545 1659 2603 linis
1697 2562 1793 2603 eos
1830 2563 1985 2603 exce-

402 2643 599 2704 pturus
635 2635 728 2691 sit.

474 2834 641 2891 Vens.
676 2836 859 2892 17-20.
902 2836 1015 2908 Ego
1054 2836 1125 2890 ad
1156 2836 1319 2890 Deum
1345 2836 1594 2904 clamavi,
1626 2846 1676 2891 et
1722 2837 1979 2891 Dominus

401 2929 627 2982 salvavit
661 2946 759 2995 me,
787 2938 841 2984 et
870 2938 1087 2984 caetera.
1122 2928 1370 2991 Etiamsi,
1414 2929 1613 2998 inquit,
1642 2928 1836 2999 spiritu
1863 2943 1983 2998 pro-

401 3021 621 3090 pbetico
672 3022 1004 3086 illustrante,
1058 3021 1296 3074 futuram
1341 3020 1395 3074 in
1440 3027 1740 3074 memorata
1764 3019 1981 3074 civitate

400 3114 743 3183 iniquitatem
781 3114 1142 3185 prospiciens,
1191 3113 1485 3167 admodum
1520 3115 1887 3168 contristatus
1922 3112 1979 3166 in

400 3208 795 3263 exercitatione
822 3223 961 3272 mea,
990 3217 1045 3263 et
1076 3210 1437 3263 conturbatus
1474 3208 1613 3275 sim;
1642 3215 1882 3262 attamen
1918 3207 1983 3261 li-

2094 2003 2220 2075 ᾅδου
2251 2020 2311 2055 τε
2342 2002 2551 2066 ζῶντας
2583 1999 2985 2071 καταϐήσεσθαι
3019 1999 3401 2071 προαγορεύει.
3442 1999 3587 2051 Ἀντὶ
3615 1998 3673 2051 δέ

2091 2094 2187 2147 τοῦ
2208 2137 2222 2161 ,
2256 2095 2541 2161 Πονηρίαι
2574 2093 2643 2145 ἐν
2665 2092 2795 2157 ταῖς
2826 2091 3161 2159 παροικίαις
3192 2087 3390 2144 αὐτῶν
3419 2088 3488 2141 ἐν
3507 2087 3676 2157 μέσῳ

2092 2183 2319 2239 αὐτῶν·
2354 2183 2463 2236 τῶν
2516 2182 2624 2254 γὰρ
2674 2180 2816 2234 κατά
2854 2179 2949 2233 τοῦ
2988 2179 3240 2251 Σωτῆρος
3274 2177 3583 2248 γενομένων
3616 2178 3673 2231 αἱ

2095 2273 2383 2336 συστάσεις
2417 2272 2511 2326 καὶ
2535 2275 2591 2324 αἱ
2626 2274 2769 2324 κατά
2816 2270 2877 2322 τὸ
2909 2270 3042 2323 αὐτὸ
3069 2269 3273 2322 σύνοδοι
3308 2268 3543 2339 πονηραὶ⁵
3575 2282 3673 2336 γε·

2092 2366 2317 2434 γόνασι,
2347 2364 2427 2417 διὸ
2455 2366 2549 2417 καὶ
2578 2364 2607 2416 6
2647 2362 2881 2425 Ἀκύλας
2910 2361 3075 2431 φησίν
3096 2378 3109 2390 ·
3142 2361 3261 2414 Ὅτι
3297 2361 3575 2428 πονηρίαι
3602 2359 3677 2415 ἐν

2089 2455 2409 2524 συστροφῇ
2468 2454 2684 2509 αὐτῶν.
2762 2455 2915 2507 Ἐπεὶ
2980 2454 3157 2506 τοίνυν
3222 2453 3322 2505 οὐκ
3363 2453 3459 2504 ἐπὶ
3520 2449 3673 2522 καλῷ

2092 2548 2439 2617 συνήρχοντο,
2500 2546 2806 2617 συστροφάς
2854 2563 2915 2598 τε
2963 2546 3059 2598 καὶ
3098 2545 3384 2607 συστάσεις
3429 2544 3674 2615 πονηρὰς

2089 2639 2401 2703 ἐποιοῦντο,
2458 2638 2685 2702 εἰκότως
2742 2638 3025 2691 ἐθέσπισεν
3067 2638 3250 2693 ὁποῖον
3308 2636 3506 2700 αὐτοὺς
3551 2635 3670 2688 διαί

2089 2727 2316 2799 λήψεται
2350 2730 2519 2792 τέλος.

2171 2842 2319 2912 Ἐγὼ
2347 2843 2495 2911 πρὸς
2519 2845 2668 2897 Θεὸν
2695 2840 3006 2911 ἐκέκραξα,
3040 2842 3138 2896 καὶ
3169 2845 3202 2896 ό
3232 2847 3449 2911 Κυριος
3471 2842 3670 2897 ἔσωσέ

2082 2952 2158 3005 με
2180 2974 2194 3001 ,
2225 2935 2319 2988 καὶ
2352 2934 2421 2987 τὰ
2449 2934 2596 3005 ἑξῆς.
2634 2936 2696 2987 Εἰ
2726 2935 2818 2988 καὶ
2844 2935 2914 2987 τὰ
2945 2935 3197 3005 μάλιστα,
3232 2936 3388 3006 φησὶ,
3412 2936 3489 3007 τῷ
3513 2934 3671 2988 πνεύ-

2090 3045 2220 3099 ματι
2265 3028 2343 3099 τῷ
2376 3027 2697 3100 προφητικῷ
2724 3029 2823 3101 τὴν
2856 3024 3153 3099 μέλλουσαν
3186 3028 3509 3101 γενήσεσθαι
3542 3030 3667 3082 ἀνο-

2089 3117 2217 3189 μίαν
2251 3120 2306 3172 ἐν
2329 3123 2393 3190 τῇ
2419 3118 2777 3191 προλεχθείσῃ
2808 3118 2961 3170 πόλει
2990 3118 3352 3187 θεασάμενος,
3383 3117 3665 3189 ἐλυπήθη-ι

2085 3213 2142 3264 ἐν
2174 3215 2238 3283 τῇ
2287 3211 2571 3283 ἀδολεσχίᾳ
2619 3229 2717 3281 μου
2740 3251 2753 3276 ,
2791 3212 2883 3262 καὶ
2915 3209 3248 3281 ἐταράχθην·
3284 3211 3435 3280 ὅμως
3466 3210 3509 3261 δ’
3544 3197 3658 3275 οὖν,

400 3315 526 3354 nem
554 3299 870 3370 exitumque
910 3315 1093 3355 rerum
1136 3300 1510 3369 conspicatus,
1552 3300 1690 3355 bene
1722 3301 1849 3355 novi
1889 3315 1977 3356 me

2084 3301 2147 3355 τὰ
2180 3301 2307 3372 τέλη
2341 3301 2567 3355 συνιδὼν
2595 3300 2701 3353 τῶν
2733 3299 3103 3370 πραγμάτων,
3136 3294 3193 3350 εὖ
3227 3294 3343 3362 οἷδ’,
3384 3297 3464 3350 δτι
3486 3336 3501 3359 ,
3535 3296 3675 3368 βοήιη

399 3396 727 3449 clamantem
759 3394 824 3448 ad
858 3391 1046 3456 Deum,
1081 3408 1189 3446 non
1216 3393 1536 3448 derelictum
1563 3393 1664 3458 iri;
1702 3392 1797 3448 sed
1826 3408 1980 3447 com-

401 3486 587 3541 munis
632 3483 932 3540 Salvatoris
963 3485 1139 3555 gratia
1170 3485 1238 3539 ad
1266 3501 1351 3540 me
1386 3501 1561 3555 usque
1602 3486 1975 3555 perveniente,

399 3578 629 3632 salutem
671 3592 953 3647 assequar.
991 3577 1115 3632 Haec
1158 3586 1340 3632 autem
1369 3576 1642 3647 Propheta
1675 3577 1977 3632 secundum

397 3667 541 3722 LXX
566 3668 719 3735 dicit,
751 3654 897 3739 quod
926 3667 1168 3724 futurum
1194 3676 1313 3723 erat
1340 3669 1495 3738 quasi
1525 3668 1858 3738 praeteritum
1884 3683 1979 3722 ex-

396 3761 648 3831 plicans;
676 3776 847 3830 quare
874 3761 1082 3815 dictum
1126 3768 1210 3815 est
1237 3777 1249 3811 :
1272 3758 1384 3830 Ego
1428 3758 1497 3813 ad
1530 3760 1697 3814 Deum
1725 3760 1974 3826 clamavi,

395 3860 446 3903 et
474 3850 732 3904 Dominus
764 3850 986 3904 salvavit
1021 3866 1101 3903 me
1135 3866 1153 3903 :
1180 3856 1235 3903 at
1278 3850 1581 3906 secundum
1615 3852 1854 3921 reliquos
1890 3851 1978 3904 in-

398 3952 687 4014 terpretes,
721 3944 836 3998 haec
870 3944 1052 3998 futura
1082 3944 1432 3998 vaticinatur.
1464 3943 1661 4013 Aquila
1690 3952 1839 3998 certe
1861 3945 1973 3997 ait:

398 4036 512 4106 Ego
535 4036 603 4089 ad
629 4037 795 4090 Deum
818 4038 1029 4101 vocabo,
1054 4045 1103 4090 et
1126 4036 1383 4090 Dominus
1407 4035 1635 4090 salvabit
1661 4051 1773 4099 me;
1798 4035 1979 4089 Theo-

396 4132 553 4185 dotio
598 4138 782 4185 autem
818 4129 964 4200 :Ego
1001 4128 1069 4182 ad
1102 4129 1272 4182 Deum
1307 4128 1572 4191 clamabo,
1622 4138 1670 4181 et
1714 4127 1975 4182 Dominus

397 4220 623 4276 salvabit
684 4237 784 4275 me.
831 4220 968 4274 Cum
1016 4221 1160 4273 enim
1209 4220 1338 4274 talia
1392 4230 1585 4273 contra
1634 4218 1976 4273 Salvatorem

2084 3411 2182 3458 σας
2215 3394 2351 3465 πρὸς
2377 3392 2467 3447 τὸν
2494 3392 2627 3445 Θεὸν
2650 3431 2662 3455 ,
2711 3392 2771 3444 ού
2806 3391 3310 3463 καταλειφθήσομαι
3332 3430 3347 3454 ,
3401 3390 3660 3461 τεύξομαι

2079 3486 2135 3539 δὲ
2172 3485 2476 3556 σωτηρίας,
2521 3484 2621 3555 τῆς
2668 3484 2763 3537 τοῦ
2795 3483 2971 3537 κοινοῦ
3012 3484 3261 3554 Σωτῆρος
3292 3484 3513 3554 χάριτος
3565 3483 3661 3537 καὶ

2082 3578 2273 3650 μέχρις
2302 3576 2436 3647 ἐμοῦ
2471 3576 2883 3648 διαϐησομένης.
2920 3577 3082 3644 Λέγει
3111 3575 3167 3628 δέ
3194 3574 3367 3628 ταῦτα
3399 3576 3427 3627 6
3458 3576 3663 3646 προφή-

2077 3686 2177 3740 της
2196 3709 2209 3725 .
2239 3668 2381 3722 κατὰ
2405 3670 2502 3739 μὲν
2532 3668 2658 3731 τοὺς
2691 3668 3118 3738 Ἑϐδομήκοντα,
3142 3667 3201 3720 τὸ
3233 3666 3423 3737 μέλλον
3443 3665 3661 3719 ἔσεσθαι

2078 3760 2155 3822 ὼς
2188 3759 2516 3831 παρῳχηκὺς
2541 3757 2856 3830 ἑρμηνεύων
2875 3775 2888 3787 ·
2923 3758 3002 3810 διὸ
3030 3757 3299 3810 λέλεκται⁸
3347 3756 3486 3825 Ἐγὼ
3510 3754 3661 3823 πρὸς

2077 3850 2184 3903 τὸν
2209 3850 2358 3904 Θεὸν
2382 3850 2695 3918 ἐκέκραξα,
2725 3850 2823 3903 καὶ
2851 3852 2883 3902 ὁ
2915 3850 3129 3917 Κύριος
3153 3848 3350 3902 ἔσωσέ
3372 3865 3448 3917 με
3468 3864 3481 3878 ·
3519 3846 3661 3901 κατά

2075 3940 2134 3994 δέ
2159 3943 2286 4005 τοὺς
2307 3941 2525 4004 λοιποὺς
2549 3939 2889 4013 ἐρμηνευτάς
2913 3981 2927 4005 ,
2962 3940 3300 4011 μελλητικῶς
3326 3938 3660 4010 προφητεύει

2077 4034 2171 4084 καὶ
2201 4032 2393 4085 ταῦτα.
2452 4032 2508 4085 'O
2540 4031 2671 4099 γοῦν
2717 4031 2947 4093 Ἀκύλας
2975 4031 3137 4102 φησίν
3157 4045 3170 4061 ·
3208 4028 3355 4098 Ἐγὼ
3375 4029 3525 4097 πρὸς
3552 4029 3661 4083 τὸν

2079 4126 2227 4179 Θεὸν
2246 4124 2503 4189 καλέσω,
2519 4125 2615 4177 καὶ
2633 4126 2847 4191 Κύριος
2867 4124 3053 4178 σώσει
3065 4140 3163 4193 με’
3182 4123 3276 4175 καὶ
3291 4125 3318 4175 6
3332 4122 3622 4174 Θεοδοτίων
3640 4138 3656 4153 ·

2088 4218 2236 4288 Ἐγὼ
2253 4218 2403 4286 πρὸς
2422 4217 2527 4271 τὸν
2544 4218 2686 4271 Θεὸν
2706 4216 3063 4286 κεκράξομαι
3079 4255 3094 4280 ,
3116 4216 3215 4269 καὶ
3238 4216 3455 4282 Κύριος
3473 4213 3660 4268 σώσει

396 4311 762 4381 perpetranda
786 4312 917 4376 sint,
941 4328 1041 4383 ego
1066 4313 1159 4382 qui
1185 4315 1335 4382 prius
1354 4312 1619 4375 dixeram,
1682 4309 1783 4364 Cor
1807 4326 1976 4363 meum

2084 4328 2166 4376 με.
2224 4310 2344 4365 Τῶν
2390 4310 2501 4382 γὰρ
2537 4310 2679 4364 κατὰ
2729 4309 2823 4362 τοῦ
2868 4309 3122 4381 Σωτῆρος
3167 4308 3662 4380 τολμηθησομένων

396 4402 770 4454 conturbatum
798 4413 875 4456 est
905 4404 959 4456 in
985 4419 1085 4467 me,
1113 4414 1159 4457 et
1189 4402 1419 4472 formido
1446 4402 1632 4455 mortis
1668 4400 1853 4453 cecidit
1883 4417 1975 4453 su-

392 4509 485 4562 per
518 4509 639 4548 me:
670 4496 826 4548 timor
858 4504 907 4549 et
940 4504 1134 4548 tremor
1160 4504 1409 4549 venerunt
1448 4510 1605 4564 super
1641 4510 1743 4557 me,
1777 4505 1825 4547 et
1852 4510 1975 4547 σοι·

395 4596 636 4641 texerunt
669 4605 749 4642 me
781 4588 1032 4651 tenebrae;
1069 4587 1184 4641 haec
1217 4600 1415 4656 passus
1444 4587 1513 4638 ob
1540 4585 1968 4656 speculationem

2076 4403 2329 4456 τοιούτων
2353 4403 2520 4455 ὄντων
2538 4444 2551 4467 ,
2579 4401 2689 4470 ἐγὼ
2714 4402 2742 4455 6
2772 4400 3032 4472 πρότερον
3055 4398 3292 4470 εἰρηκὼς
3312 4437 3326 4461 ,
3358 4400 3428 4453 Ἡ
3445 4398 3661 4467 καρδία

2069 4512 2190 4565 μου
2215 4493 2509 4562 ἐταράχθη
2536 4495 2607 4547 ἐν
2634 4492 2785 4562 ἐμοὶ,
2815 4492 2915 4545 καὶ
2937 4492 3132 4544 δειλία
3160 4489 3420 4543 θανάτου
3443 4489 3658 4545 ἐπέπε-

2076 4601 2191 4639 σεν
2212 4586 2305 4639 ἐπ’
2323 4584 2455 4654 ἐμέο
2503 4586 2687 4654 φόϐος
2708 4583 2807 4637 καὶ
2834 4583 3049 4652 τρόμος
3068 4579 3256 4653 ἦλθεν
3278 4583 3370 4635 ἐπ’
3389 4583 3495 4651 ἐμὲ
3517 4624 3532 4648 ,
3557 4582 3657 4637 καὶ

394 4680 758 4735 revelatarum
803 4696 1013 4743 rerum,
1066 4679 1135 4734 ad
1186 4678 1354 4733 Deum
1408 4678 1663 4733 clamavi.
1708 4676 1801 4731 Ille
1847 4693 1973 4732 vero

2084 4675 2345 4745 ἑκάλυψέ
2359 4694 2436 4745 με
2458 4678 2708 4743 σκότος,
2733 4674 2907 4729 ταῦτα
2932 4674 3117 4730 παθὼν
3142 4675 3228 4729 διὰ
3257 4676 3356 4747 τὴν
3383 4675 3492 4728 τῶν
3523 4677 3660 4729 ἁπο-

393 4785 504 4823 non
551 4769 882 4840 deSpiciens.
916 4769 1173 4839 dignatus
1206 4775 1291 4823 est
1337 4768 1451 4821 haec
1488 4767 1620 4821 mihi
1673 4768 1972 4835 conspicua

393 4877 618 4932 ponere,
662 4870 721 4916 ut
751 4863 997 4917 tristiora
1031 4863 1183 4932 prius
1213 4861 1609 4926 declaraverat,
1651 4861 1731 4916 sic
1763 4860 1972 4915 laetiora

386 4955 502 5024 jam
535 4955 766 5019 obtulit;
808 4968 1004 5022 nempe
1053 4950 1361 5005 Salvatoris
1393 4951 1881 5015 resurrectionem,
1918 4961 1972 5006 et

390 5048 512 5117 ejus
549 5046 692 5117 apud
725 5044 945 5099 Patrem
984 5045 1234 5114 gloriam.
1269 5042 1451 5112 Atque
1486 5043 1601 5096 haec
1627 5042 1840 5109 videns,
1876 5059 1967 5099 sa-

392 5139 559 5191 lutem
589 5146 784 5190 nactus
826 5149 947 5189 sum
975 5152 988 5188 :
1015 5148 1186 5203 quare
1214 5133 1355 5195 dico,
1392 5131 1502 5202 Ego
1533 5132 1601 5184 ad
1648 5132 1817 5186 Deum
1851 5133 1966 5186 cla-

390 5230 550 5292 mari,
580 5238 628 5283 et
662 5228 915 5282 Dominus
939 5225 1162 5280 salvavit
1186 5241 1287 5279 me.
1314 5223 1561 5279 Salutem
1587 5240 1716 5279 vero
1743 5234 1964 5291 nactus,

387 5321 629 5376 nondum
682 5330 862 5377 tamen
920 5319 1165 5392 quiesco,
1224 5334 1399 5387 neque
1449 5330 1667 5373 cessare
1706 5333 1963 5388 possum;

387 5415 482 5468 sed
519 5414 755 5483 praedico
777 5414 1140 5481 omnibusque
1172 5410 1486 5464 hominibus
1510 5410 1797 5473 annuntio,
1830 5425 1961 5462 nar-

384 5522 517 5561 rans
559 5506 792 5576 singulis
842 5506 1037 5560 diebus
1073 5512 1126 5558 et
1156 5504 1327 5564 horis.
1370 5511 1535 5572 atque
1567 5504 1823 5557 omnibus
1877 5519 1962 5556 rc-

384 5599 646 5654 nuntians
689 5598 961 5651 mirabilia
999 5604 1053 5652 et
1089 5595 1379 5665 stupenda,
1410 5610 1531 5665 quae
1577 5595 1633 5649 in
1684 5605 1876 5650 sancto
1907 5602 1961 5650 et

384 5689 705 5762 pr0phetico
736 5688 936 5760 spiritu
964 5688 1364 5757 contemplatus
1410 5703 1555 5742 sum.
1586 5686 1956 5755 Quamobrem

460 5847 475 5877 ⁸
517 5842 673 5897 Joan.
711 5858 763 5909 ι,
802 5843 854 5909 5,
880 5841 933 5897 4.
1012 5843 1031 5873 ²
1070 5841 1229 5896 Num.
1263 5856 1423 5909 xxvi,
1458 5840 1537 5913 9.]

2075 4768 2454 4837 καλυφθέντων
2490 4785 2579 4839 μοι
2611 4768 2738 4821 θέαν
2764 4807 2778 4832 ,
2809 4768 2946 4838 πρὸς
2977 4766 3066 4820 τὸν
3090 4766 3221 4820 Θεὸν
3258 4764 3549 4838 ἐκέκραξα.
3596 4767 3656 4819 ’0

2074 4862 2150 4925 δέ,
2190 4862 2263 4933 μὴ
2290 4861 2531 4934 παριδών
2567 4879 2655 4932 με,
2690 4860 2992 4931 κατηξίωσε
3016 4861 3227 4931 φανερά
3264 4877 3353 4930 μοι
3382 4858 3656 4929 καταστῆ-

2076 4972 2197 5019 σαι,
2222 4954 2410 5026 ὥσπερ
2429 4954 2498 5007 τὰ
2522 4953 2655 5006 σκυθ
2666 4952 2819 5025 ρωπά
2846 4952 3109 5024 πρότερον
3135 4952 3343 5004 ἐδείκνυ
3365 4991 3379 5015 ,
3398 4951 3539 5003 οὕτω
3560 4952 3655 5004 καὶ

2073 5046 2142 5099 τὰ
2173 5047 2500 5117 φαιδρότερα
2522 5062 2536 5075 ·
2572 5045 2714 5113 λέγω
2741 5045 2798 5097 δὲ
2828 5044 2922 5097 καὶ
2958 5044 3055 5114 τὴν
3088 5043 3384 5096 ἀνάστασιν
3412 5042 3505 5096 τοῦ
3536 5043 3652 5095 Σωιι

2073 5138 2137 5208 τῆ
2149 5155 2235 5208 ρος
2266 5138 2359 5190 καὶ
2396 5137 2492 5209 τὴν
2523 5136 2674 5207 παρά
2705 5136 2783 5205 τῷ
2816 5135 2991 5206 Πατρ“ι
3017 5134 3192 5201 δόξαν.
3252 5135 3363 5188 Καὶ
3392 5133 3563 5188 ταῦτα
3594 5134 3651 5186 δὲ

2078 5225 2201 5279 ἰδὼν
2221 5266 2235 5290 ,
2266 5226 2472 5296 ἐσώθην
2493 5243 2506 5255 ·
2537 5226 2617 5278 διό
2648 5242 2821 5295 φημι·
2869 5224 3015 5294 Ἐγὼ
3043 5225 3192 5292 πρὸς
3218 5224 3325 5277 τὸν
3354 5225 3504 5279 Θεὸν
3525 5224 3653 5278 ἐκέ-

2073 5317 2283 5385 κραξα,
2314 5319 2412 5372 καὶ
2432 5319 2647 5385 Κύριος
2669 5316 2866 5371 ἔσωσέ
2885 5333 2980 5386 με.
3000 5316 3200 5379 mea;
3227 5316 3284 5369 δέ
3308 5317 3489 5369 οὐκέτι
3518 5318 3649 5387 ὴρεέ

2073 5410 2158 5482 μῶ
2182 5452 2197 5475 ,
2234 5410 2352 5464 ούδέ
2379 5410 2606 5481 ἡσυχίαν
2627 5411 2778 5477 ἄγειν
2806 5409 3071 5480 δύναμαι·
3123 5407 3259 5462 ἀλλὰ
3280 5408 3533 5479 κηρύττω
3557 5405 3651 5461 καὶ

2070 5504 2276 5565 πάντας
2302 5500 2622 5572 ἀνθρώπους
2664 5501 3122 5570 εὐαγγελίζομαι,
3169 5498 3524 5569 διηγούμενος
3561 5500 3649 5568 ἐφ’

2069 5596 2304 5664 ἑκάστης
2336 5594 2547 5665 ἡμέρας
2580 5593 2675 5647 καὶ
2701 5592 2848 5664 ὥρας
2873 5633 2888 5657 ,
2923 5592 3282 5661 ἀπαγγέλλων
3313 5609 3372 5645 τε
3404 5595 3483 5658 είς
3511 5593 3648 5645 πάν-

2067 5704 2165 5751 τας
2195 5686 2336 5757 ἆπερ
2370 5688 2427 5741 ἐν
2462 5688 2600 5758 ἁγίῳ
2630 5686 2899 5758 πνεύματι
2926 5685 3004 5756 τῷ
3034 5684 3355 5758 προφητικῷ
3380 5684 3646 5757 τεθέαμαι
