4138 6386
419 370 529 426 685

1549 372 2055 431 COMMENTARIA
2095 372 2159 429 ΙΝ
2188 377 2530 440 PSALMOS.

3564 402 3673 462 480

421 495 712 567 θαυμαστὰ
743 496 837 552 καὶ
862 495 1158 569 παράδοξα.
1212 499 1302 553 Διό
1335 516 1505 571 φημι·
1567 502 1855 569 Ἑσπέρας
1891 519 1971 557 κα

2094 500 2219 555 dico
2246 523 2258 557 ε
2289 504 2506 576 Vespere
2533 518 2584 564 et
2613 526 2764 567 mane
2791 524 2839 569 et
2864 516 3097 585 meridie,
3129 522 3362 579 narrabo
3389 535 3440 579 et
3462 543 3670 584 annun-

421 591 569 657 πρωὶ
603 590 705 644 καὶ
728 592 1101 661 μεσημϐρίας
1130 591 1491 662 διηγήσομαι
1524 594 1621 648 καί
1654 595 1992 665 ἀπαγγελῶ.

434 685 599 755 Ἐμοῦ
627 685 682 738 δὲ
713 684 881 738 ταῦτα
910 684 1139 755 βοῶντος
1167 688 1245 750 είς
1270 688 1476 751 πάντας
1502 688 1648 755 ἐξότε
1678 691 1771 744 καὶ
1805 691 1998 762 μέχρις

422 776 659 845 ἑσπέρας
681 817 696 838 ρ
731 779 789 831 ἐν
830 780 978 852 αύτῷ
1016 799 1076 855 τε
1108 780 1185 850 τῷ
1223 781 1573 851 ἀκμαιοτάτῳ
1604 782 1743 850 φωτὶ
1772 784 1869 854 τῆς
1908 802 1998 853 με-

422 866 728 938 σημϐρινῆς
782 869 996 940 ἡμέρας
1028 870 1095 923 τὰ
1148 872 1392 942 σωτήρια
1441 871 1570 941 τέλη
1602 872 1992 944 κηρύττοντος,

418 959 835 1013 εἰσακούσεται
854 961 966 1029 τῆς
990 963 1195 1030 φωνῆς
1212 981 1330 1031 μου
1350 965 1378 1015 6
1402 963 1604 1035 ταύτης
1624 965 1724 1033 τῆς
1744 965 1996 1034 γνώσεως

420 1048 786 1113 καταξιώσας·
807 1050 901 1103 καὶ
922 1051 1101 1104 οὐκέτι
1129 1052 1227 1122 μέν
1242 1053 1600 1123 ταράττεσθαι
1622 1056 1677 1108 ἐν
1701 1056 1823 1125 ἐμοὶ
1846 1056 1993 1108 ἐάσει

416 1137 517 1206 τὴν
546 1138 772 1208 καρδίαν
808 1158 910 1209 μου
930 1180 945 1203 ,
989 1142 1111 1193 οῦδέ
1141 1142 1238 1212 τὴν
1266 1141 1463 1195 δειλίαν
1490 1143 1582 1196 τοῦ
1616 1143 1842 1197 θανάτου
1873 1147 1994 1197 ἐπι-

418 1229 631 1283 κεῖσθαί
664 1249 774 1301 μοι.
804 1232 988 1286 Ταῦτα
1006 1233 1061 1285 δὲ
1078 1234 1252 1287 πάντα
1273 1235 1608 1306 παραγαγὼν
1630 1278 1645 1300 ,
1665 1239 1758 1290 καὶ
1778 1238 1994 1292 διασκε-

417 1322 584 1386 δάσας
604 1324 704 1394 τῆς
741 1326 878 1395 ἐμῆς
916 1324 1123 1395 ψυχῆς,
1160 1326 1490 1397 λυτρώσεται
1518 1329 1685 1401 αὐτὴν
1712 1331 1769 1382 ἐν
1802 1332 1990 1405 εἰρήνῃ

415 1416 523 1469 ἀπὸ
541 1417 647 1469 τῶν
666 1417 910 1489 θορυϐεῖν
929 1420 1098 1490 αὐτὴν
1115 1419 1421 1473 ἐθελόντων.
1447 1421 1538 1474 Διό
1571 1440 1730 1493 φημι·
1760 1425 1991 1491 Λυτρώ-

413 1523 583 1564 σεται
606 1509 721 1576 τὴν
740 1509 950 1577 ψυχήν
970 1528 1091 1578 μου
1117 1510 1185 1563 ἐν
1213 1514 1417 1581 εἰρήνῃ
1446 1512 1563 1566 ἀπὸ
1594 1513 1711 1566 τῶν
1737 1515 1991 1585 ἐγγιζόν-

412 1617 531 1653 των
557 1618 658 1669 μοι
679 1617 693 1630 ·
726 1600 813 1653 ὅτι
839 1602 908 1653 ἐν
954 1602 1207 1668 πολλοῖς
1235 1600 1397 1673 ἦσαν
1442 1602 1562 1657 σὺν
1591 1604 1752 1673 ἐμοί’
1783 1605 1899 1657 ἀνθ’
1928 1600 1989 1660 οὗ

411 1690 671 1757 ἐξέδωκεν
683 1694 710 1745 6
726 1690 1017 1763 Σύμμαχος
1034 1710 1047 1723 ·
1069 1694 1406 1747 Πολλοστοὶ
1422 1694 1530 1765 γὰρ
1545 1694 1821 1766 ἐγένοντο
1840 1697 1990 1764 πρὸς

2098 591 2262 646 tiabo.
2311 594 2393 650 Me
2441 608 2621 654 autem
2669 604 2802 659 talia
2848 609 3102 665 omnibus
3144 611 3414 669 clamante
3455 631 3521 671 ex
3567 620 3670 674 hac

2097 677 2230 731 hora
2264 697 2436 752 usque
2475 686 2542 739 ad
2575 705 2880 760 vesperam,
2922 704 3086 767 atque
3120 699 3175 752 in
3224 703 3667 771 splendidissima

2096 767 2223 825 luce
2273 781 2327 826 et
2383 775 2435 828 in
2484 780 2713 835 meridie
2749 783 3043 840 salutarem
3094 767 3269 843 finem:
3312 796 3663 863 praedicante,

2093 863 2339 918 exaudiet
2378 882 2549 921 vocem
2581 886 2771 937 meam,
2816 877 2909 944 qui
2941 879 3036 932 tali
3067 896 3151 935 me
3180 884 3375 939 notitia
3406 887 3665 958 dignatus

2094 962 2419 1027 est-neque
2470 960 2612 1016 sinet
2646 965 2785 1019 ultra
2817 968 3023 1023 turbari
3074 972 3129 1027 in
3180 989 3267 1028 me
3317 992 3415 1031 cor
3459 996 3661 1046 meum,

2093 1060 2273 1115 neque
2325 1048 2670 1107 formidinem
2712 1059 2903 1114 mortis
2944 1061 3150 1119 instare
3182 1068 3333 1126 mihi.
3376 1069 3474 1127 llis
3500 1087 3670 1143 porro

2092 1138 2349 1193 omnibus
2376 1140 2627 1198 abductis
2644 1146 2997 1219 etdissipatis
3034 1169 3102 1208 ex
3139 1159 3320 1214 anima
3346 1138 3667 1226 meairedi-

2092 1234 2201 1279 met
2232 1243 2352 1282 eam
2393 1231 2447 1284 in
2491 1248 2624 1301 pace
2689 1237 2757 1290 ab
2794 1238 2861 1291 iis
2905 1242 2998 1311 qui
3041 1260 3158 1299 eam
3204 1254 3531 1309 conturbare
3574 1272 3667 1310 vo-

2094 1317 2309 1374 luerint.
2345 1321 2526 1387 Quare
2548 1327 2671 1382 dico
2700 1349 2710 1382 :
2740 1328 2971 1387 Redimet
3006 1337 3058 1389 in
3079 1353 3206 1405 pace
3235 1345 3468 1398 animam
3494 1364 3663 1402 meam

2092 1406 2157 1459 ab
2188 1409 2275 1472 iis,
2315 1412 2405 1479 qui
2448 1418 2874 1488 appropinquant
2898 1424 3060 1489 mihi;
3090 1434 3339 1497 quoniam
3369 1434 3504 1488 inter
3522 1439 3661 1491 mul-

2092 1507 2170 1551 tos
2201 1511 2353 1554 erant
2376 1507 2708 1563 mecum.Pro
2735 1527 2843 1580 quo
2876 1512 3235 1585 Symmachus
3265 1524 3435 1578 edidit
3459 1542 3473 1577 ;
3498 1526 3661 1583 Multi

2089 1589 2228 1642 enim
2277 1595 2591 1651 accedebant
2623 1599 2693 1652 ad
2730 1618 2829 1657 me.
2861 1602 3006 1659 Nam
3046 1610 3136 1677 qui
3168 1613 3380 1668 turbare
3420 1619 3658 1673 volebant

2091 1683 2324 1735 animam
2375 1703 2566 1749 meam.
2610 1693 2814 1745 minimi
2845 1696 3061 1765 quidam
3109 1714 3281 1769 erant,
3322 1723 3450 1777 quos
3490 1708 3653 1775 Deus,

410 1783 533 1853 ἐμέ.
596 1787 660 1837 Οἱ
685 1785 795 1853 γὰρ
842 1787 1113 1854 θορυϐεῖν
1145 1786 1457 1853 ἐθέλοντές
1478 1806 1597 1855 μου
1624 1788 1740 1856 τὴν
1776 1788 1971 1859 ψυχήν

2088 1774 2179 1842 qui
2230 1786 2350 1831 ante
2390 1782 2587 1836 swcula
2633 1794 2732 1849 est,
2782 1786 3102 1858 humiliabit,
3147 1796 3432 1853 clamorem
3483 1818 3656 1858 meum

402 1892 525 1942 μου
549 1874 800 1943 βραχεῖς
844 1892 1003 1942 τινες
1033 1873 1195 1947 ἦσαν
1214 1917 1227 1941 ,
1262 1877 1368 1943 οὓς
1400 1881 1433 1931 ὁ
1463 1880 1607 1946 Θεὸς
1636 1886 1668 1934 ό
1699 1882 1813 1949 πρὸ
1866 1882 1984 1935 τῶν

408 1966 638 2020 αἰώνων
666 1965 953 2037 ὑπάρχων
980 1968 1330 2022 ταπεινώσει
1351 2010 1366 2035 ,
1400 1969 1511 2040 τῆς
1540 1971 1690 2041 ἐμῆς
1718 1973 1981 2044 κραυγῆς

406 2058 775 2123 ἐπακούσας.

478 2149 662 2202 Ταῦτα
695 2150 795 2221 μὲν
819 2145 911 2204 οὖν
943 2150 1019 2215 ὡς
1050 2151 1144 2205 τοῦ
1175 2153 1458 2226 Προφήτου
1491 2152 1550 2220 ἐξ
1580 2156 1780 2210 οἰκείου
1812 2174 1983 2229 προσ-

406 2241 556 2295 ώπου
585 2242 685 2307 τὰς
719 2244 1082 2315 προκειμένας
1118 2246 1300 2312 φωνὰς
1326 2248 1812 2318 προενηνεγμένου.
1842 2251 1904 2303 Ei
1927 2251 1983 2303 δὲ

406 2332 466 2398 ἐξ
496 2334 660 2387 αὑτοῦ
686 2335 780 2388 τοῦ
810 2336 1061 2407 Σωτῆρος
1084 2336 1253 2390 ταῦτα
1286 2338 1494 2406 λέγοιτο
1526 2339 1612 2392 διὰ
1642 2339 1736 2392 τοῦ
1769 2359 1982 2413 προφη-

404 2423 558 2477 τικοῦ
586 2425 912 2494 πνεύματος,
944 2425 1240 2497 ἐπειδήπερ
1272 2426 1330 2491 ἐξ
1362 2427 1527 2480 αὐτοῦ
1558 2428 1772 2496 ἐλέγετο
1801 2430 1881 2492 τὸ,
1913 2433 1984 2485 Ei

400 2516 617 2584 ἐχθρὸς
659 2516 931 2570 ὠνείδισέ
956 2535 1033 2585 με
1057 2557 1071 2582 ,
1105 2517 1417 2587 ὑπήνεγκα
1449 2519 1525 2572 ἂν
1548 2560 1561 2583 ,
1610 2522 1704 2573 καὶ
1736 2522 1803 2575 τὰ
1834 2522 1979 2593 ἑξῆς,

402 2607 710 2670 ἀκολούθως
742 2609 836 2661 καὶ
873 2607 1044 2661 ταῦτα
1086 2610 1308 2680 φήσειεν
1356 2609 1421 2662 ἂν
1462 2609 1491 2660 6
1520 2611 1740 2680 Σωτήρ·
1803 2611 1924 2663 ’Ότι
1951 2614 1980 2664 6

404 2699 502 2769 μέν
527 2700 625 2751 οὐκ
651 2700 842 2771 ἐχθρὸς
860 2739 875 2763 ,
908 2700 1044 2753 ἀλλὰ
1076 2700 1225 2768 φίλος
1246 2716 1260 2731 ·
1293 2701 1387 2754 καὶ
1413 2701 1509 2771 οὑχ
1539 2703 1567 2752 6
1603 2700 1775 2771 μισῶν
1799 2740 1813 2765 ,
1863 2701 1978 2754 ἀλλ’

399 2791 428 2842 6
463 2789 643 2861 μικρῷ
675 2790 909 2861 πρόσθεν
947 2791 1205 2859 ἀγαπῶν,
1232 2790 1460 2845 τοιαῦτα
1484 2793 1603 2845 κατ’
1633 2791 1765 2863 ἐμοῦ
1797 2793 1979 2845 τετόλ-

403 2898 597 2952 μηκεν.
667 2881 809 2952 Ἐγὼ
850 2883 904 2935 δὲ
940 2884 1099 2937 πλέον
1142 2884 1294 2936 οὐδὲν
1328 2884 1592 2955 ἔπραττον
1613 2927 1627 2951 ,
1665 2884 1778 2937 ἀλλ’
1809 2885 1977 2939 ἐϐόων

399 2973 536 3044 πρὸς
569 2974 661 3026 τὸν
687 2973 819 3026 Θεόν
838 2991 851 3004 ’
881 2970 1023 3044 εἶχόν
1057 2993 1113 3027 τε
1146 2976 1307 3029 αὑτὸν
1335 2973 1421 3029 οἶα
1464 2976 1684 3047 Πατέρα
1712 2978 1969 3048 ἐπήκοον.

412 3064 568 3117 ’Λλλὰ
597 3064 691 3117 καὶ
720 3066 767 3117 οί
796 3066 893 3134 μὲν
912 3064 1270 3118 ἐπεϐούλευον
1293 3066 1437 3136 ἐμοὶ,
1456 3072 1483 3119 6
1508 3066 1565 3118 δέ
1588 3065 1756 3130 ἕσωζέ
1784 3083 1871 3134 με’
1896 3067 1975 3120 διὸ

395 3155 457 3207 οὺ
489 3155 767 3225 παύσομαι
801 3154 1037 3226 έσπέρας
1066 3155 1160 3208 καὶ
1190 3157 1335 3226 πρωὶ
1373 3156 1467 3208 καὶ
1501 3157 1845 3227 μεσημϐρίας
1876 3156 1974 3219 τὰς
1999 3193 2043 3251 c

394 3245 489 3298 τοῦ
513 3246 723 3317 Πατρὸς
746 3247 945 3317 ἀρετὰς
973 3247 1326 3317 διηγούμενος
1353 3249 1431 3311 εἰς
1464 3248 1696 3312 πάντας,
1730 3251 1971 3302 εἰσακου-

397 3337 520 3388 στόν
568 3354 626 3388 τε
684 3339 848 3390 πᾶσιν
896 3338 1201 3408 ἀνθρώποις
1248 3339 1531 3411 κηρύττων
1590 3340 1650 3393 τὸ
1706 3342 1969 3412 σωτήριον

393 3428 721 3498 Εὑαγγέλιον
739 3447 752 3460 ’
788 3432 880 3483 καὶ
910 3431 1115 3501 ταύτης
1150 3449 1250 3501 μου
1282 3433 1378 3503 τῆς
1405 3433 1586 3503 φωνῆς
1607 3433 1915 3496 ἐπακούσας
1940 3435 1968 3487 6

393 3519 583 3591 Πατὴρ
602 3562 615 3585 ,
646 3520 1011 3588 λυτρώσεται
1033 3522 1102 3574 ἐν
1118 3521 1325 3591 εἰρήνῃ
1349 3521 1462 3590 τὴν
1481 3522 1692 3590 ψυχήν
1706 3540 1825 3591 μου
1849 3522 1967 3576 ἀπὸ

389 3610 511 3665 τῶν
530 3611 875 3683 ἐγγιζόντων
894 3630 1017 3683 μοι,
1055 3613 1332 3666 τουτέστιν
1354 3613 1463 3667 ἀπὸ
1484 3613 1589 3666 τῶν
1614 3613 1841 3683 ἐγγύθεν
1872 3613 1966 3667 καὶ

389 3707 449 3759 οὐ
464 3704 745 3775 πόρρωθέν
771 3722 837 3775 με
875 3703 1251 3775 πολεμούντων
1268 3720 1282 3735 ’
1300 3701 1636 3776 οἵτινεςῆσαν
1655 3705 1933 3759 πολλοστοί
1947 3722 1961 3737 ·

388 3800 483 3863 οὓς
528 3800 622 3853 καὶ
669 3798 992 3853 ταπεινώσει
1022 3801 1050 3851 6
1083 3799 1451 3871 προῦπάρχων
1481 3799 1586 3871 πρὸ
1613 3801 1720 3853 τῶν
1752 3801 1964 3857 αἰώνων

387 3890 539 3955 Θεός.
572 3892 704 3945 Οὐδὲ
729 3891 837 3963 γὰρ
866 3893 899 3963 ὴ
924 3892 1059 3962 πρὸς
1082 3892 1259 3960 ὀλίγον
1280 3892 1460 3954 αὐτοῖς
1488 3892 1750 3965 γενομένη
1776 3894 1962 3948 εὐκαι-

390 3988 515 4059 ρία,
568 3986 689 4040 καθ’
719 3988 785 4058 ἢν
838 3986 1292 4057 ἐμεγαλαύχησαν
1316 4026 1331 4051 ,
1385 3988 1476 4040 καὶ
1509 3987 1830 4059 ἐπλήρωσαν
1863 3989 1962 4061 τὴν

387 4082 597 4135 ἑαυτῶν
650 4081 804 4134 πόλιν
841 4080 1070 4152 ἀνομίας
1118 4082 1212 4134 καὶ
1261 4081 1601 4149 ἀντιλογίας,
1657 4084 1964 4151 παραμενεί

386 4176 572 4237 αὐτοῖς
589 4191 603 4204 ·
645 4175 767 4227 ὅσον
796 4173 852 4227 δέ
877 4167 1030 4226 οῦπω
1057 4172 1583 4243 ταπεινωθήσονται,
1619 4172 1717 4243 τῆς
1740 4175 1803 4225 ἐκ
1824 4170 1958 4224 Θεοῦ

386 4267 557 4338 ὀργῆς
589 4266 1051 4337 μετελευσομένης
1086 4266 1283 4328 αὐτοὺς
1310 4264 1403 4317 καὶ
1432 4264 1531 4335 τὴν
1556 4264 1707 4317 πόλιν
1747 4264 1954 4327 αὐτῶν,

382 4359 459 4422 ὡς
488 4361 580 4412 καὶ
605 4359 695 4411 τὸν
720 4361 777 4411 ἐν
808 4358 944 4428 αὐτῇ
989 4357 1271 4427 διαϐόητον
1299 4356 1431 4409 νεὼν
1476 4355 1834 4425 ἀφανισθῆναι
1864 4357 1958 4409 καὶ

384 4455 562 4507 πᾶσαν
595 4452 692 4521 τὴν
729 4453 787 4504 ἐν
827 4448 974 4520 αὐτῷ
1004 4449 1425 4520 ἐπιτελουμένην
1453 4448 1704 4520 λατρείαν
1734 4448 1959 4501 καταλυ-

2086 1864 2394 1922 exaudiens.

2156 2151 2281 2207 Haec
2315 2155 2500 2226 itaque
2538 2162 2697 2230 quasi
2730 2178 2759 2217 a
2794 2162 3063 2233 Propheta
3102 2170 3245 2228 dicta
3288 2174 3510 2245 fuerint,
3551 2197 3659 2238 ceu-

2084 2254 2148 2294 ex
2203 2246 2422 2313 propria
2468 2262 2701 2315 persona
2750 2268 2913 2310 voces
2961 2261 3267 2327 propositas
3320 2266 3649 2334 proferente.

2085 2330 2242 2397 Quod
2280 2336 2324 2389 si
2359 2336 2426 2389 ab
2459 2338 2579 2408 ipso
2623 2338 2908 2399 Salvatore
2937 2363 3035 2415 per
3064 2330 3441 2420 prepheticum
3487 2359 3654 2428 spiri-

2087 2435 2199 2479 tum
2234 2425 2347 2480 hzec
2370 2428 2517 2483 dicta
2549 2432 2784 2496 fuerint;
2819 2437 3086 2505 siquidem
3121 2457 3186 2496 ex
3217 2443 3390 2513 ipsius
3417 2425 3650 2516 persona

2084 2515 2368 2571 dicebatur
2399 2519 2553 2585 illud,
2579 2522 2639 2576 Si
2675 2525 2920 2582 inimicus
2958 2532 3317 2589 maledixisset
3347 2515 3496 2608 mihi,
3531 2558 3653 2596 sus-

2085 2606 2355 2662 tinuissem
2409 2614 2607 2683 utique,
2671 2624 2726 2672 et
2774 2627 3000 2689 caetera;
3070 2606 3651 2697 consequenter-sane

2083 2696 2198 2753 haec
2234 2698 2485 2758 Salvator
2516 2706 2717 2763 dixerit
2750 2729 2763 2765 :
2791 2710 3057 2777 Quoniam
3091 2732 3199 2772 non
3232 2696 3511 2791 inimicus,
3549 2727 3649 2782 sed

2082 2790 2322 2859 amicus;
2358 2809 2466 2848 non
2499 2798 2590 2866 qui
2624 2800 2750 2855 odio
2791 2803 3036 2859 haberet.
3073 2809 3165 2862 sed
3200 2811 3291 2871 qui
3322 2814 3485 2880 paulo
3522 2824 3650 2873 ante

2080 2880 2351 2953 diligeret,
2385 2888 2515 2942 talia
2541 2903 2730 2945 contra
2768 2910 2853 2950 me
2879 2912 3048 2953 ausus
3079 2908 3180 2953 est.
3216 2900 3323 2972 Ego
3353 2913 3534 2960 autem
3560 2910 3650 2963 ni-

2078 2971 2153 3025 hil
2194 2975 2316 3042 plus
2360 2979 2604 3047 agebam,
2638 2997 2796 3050 quam
2826 2987 2970 3054 quod
3015 2971 3313 3044 clamabam
3346 2993 3412 3047 ad
3446 2994 3648 3065 Deum;

2077 3075 2312 3133 eumque
2351 3075 2540 3136 utpote
2574 3068 2809 3137 Patrem,
2854 3076 3147 3145 propitium
3202 3079 3488 3136 habebam.
3541 3083 3648 3140 Sed

2078 3154 2153 3208 illi
2201 3158 2418 3226 quidem
2468 3160 2871 3219 insidiabantur
2921 3168 3083 3235 mihi;
3133 3169 3222 3225 hic
3249 3187 3381 3228 vero
3433 3175 3646 3232 salvum

2077 3244 2311 3302 faciebat
2345 3265 2431 3304 me
2465 3270 2477 3304 :
2507 3267 2676 3321 quare
2707 3271 2952 3324 vespere,
2987 3273 3146 3313 mane
3177 3269 3232 3314 et
3276 3263 3502 3319 meridie
3534 3281 3646 3321 non

2076 3337 2237 3392 finem
2287 3340 2483 3395 faciam
2533 3342 2713 3398 Patris
2754 3346 2985 3401 virtutes
3035 3350 3324 3405 enarrandi
3353 3355 3642 3422 omnibus;

2074 3438 2238 3500 atque
2278 3433 2518 3488 salutare
2560 3434 2910 3507 Evangelium
2958 3438 3025 3492 ad
3069 3457 3231 3498 aures
3264 3445 3642 3501 universorum

2070 3522 2354 3579 hominum
2402 3525 2728 3595 praedicandi
2774 3549 2787 3582 :
2829 3545 3059 3599 eamque
3105 3548 3293 3587 vocem
3344 3538 3644 3594 exaudiens

2071 3615 2255 3684 Pater,
2304 3618 2521 3672 redimet
2551 3622 2605 3672 in
2652 3636 2780 3689 pace
2824 3623 3060 3676 animam
3110 3642 3279 3678 meam
3324 3627 3388 3680 ab
3430 3630 3515 3692 iis,
3550 3633 3640 3700 qui

2072 3712 2490 3781 appropinquant
2522 3713 2671 3779 mihi,
2704 3714 2755 3768 id
2790 3722 2874 3769 est
2910 3715 2980 3768 ab
3014 3716 3079 3771 iis
3109 3719 3199 3786 qui
3237 3720 3506 3789 proxime,
3526 3738 3638 3778 non

2070 3803 2284 3870 procul,
2325 3804 2645 3873 impugnant
2691 3820 2813 3871 me;
2846 3806 2998 3859 multi
3042 3823 3172 3862 sane
3210 3826 3461 3877 numero,
3496 3830 3637 3883 quos

2069 3890 2378 3947 humiliabit
2417 3895 2508 3963 qui
2543 3902 2627 3948 est
2669 3902 2795 3950 ante
2828 3898 3025 3951 saecula
3074 3898 3236 3956 Deus.
3270 3899 3456 3971 Neque
3488 3918 3635 3960 enim

2068 3982 2158 4035 illa
2182 3982 2249 4037 ad
2275 3983 2439 4037 breve
2461 3991 2673 4053 tempus
2704 3985 2841 4054 ipsis
2867 3987 2991 4039 data
3013 3989 3415 4056 Opportunitas,
3446 3992 3503 4047 in
3527 4009 3634 4063 qua

2067 4073 2281 4142 gloriati
2314 4082 2463 4134 sunt,
2500 4081 2555 4127 et
2580 4075 2853 4130 civitatem
2891 4092 3046 4131 suam
3087 4079 3376 4149 iniquitate
3407 4092 3461 4138 et
3499 4099 3635 4138 con-

2064 4168 2388 4222 tradictione
2410 4168 2775 4237 repleverunt,
2801 4169 2895 4224 diu
2921 4175 3288 4242 permanebit;
3315 4176 3410 4230 sed
3434 4193 3634 4249 prope-

2064 4260 2207 4314 diem
2234 4259 2688 4325 humiliabuntur,
2725 4262 2805 4315 ira
2839 4260 2936 4316 Dei
2968 4264 3117 4333 ipsos
3147 4272 3201 4321 et
3230 4268 3506 4323 civitatem
3537 4287 3633 4326 eo-

2062 4367 2183 4404 rum
2214 4351 2521 4415 invadente,
2556 4353 2629 4405 ita
2666 4360 2726 4407 ut
2756 4355 3019 4424 templum
3052 4357 3185 4412 illud
3225 4359 3438 4431 insigne
3476 4362 3531 4416 in
3566 4380 3630 4417 ea

2062 4441 2298 4510 positum
2328 4441 2599 4505 diruatur,
2641 4452 2693 4497 et
2718 4445 2898 4501 cultus
2936 4446 3135 4501 ibidem
3167 4452 3398 4518 persolvi
3433 4454 3630 4508 solitus

384 4543 560 4615 θῆναι.
589 4543 773 4606 Οῦτως
806 4538 918 4605 οὖν,
949 4541 1047 4613 τῆς
1083 4541 1219 4611 ἐμῆς
1253 4539 1564 4602 ἐπακούσας
1591 4542 1617 4592 6
1641 4538 1772 4603 Θεὸς
1803 4538 1953 4610 βοῆς,

2073 4529 2128 4583 ie
2176 4530 2355 4585 medio
2389 4531 2631 4587 tollatur.
2667 4532 2758 4588 Sic
2792 4535 2978 4605 itaque
3027 4535 3171 4594 Deus
3210 4556 3296 4595 me
3329 4543 3628 4599 exaudiens

379 4633 703 4688 ταπεινώσει
727 4632 937 4695 αὐτούς.

456 4727 539 4778 Οὐ
589 4723 701 4792 γάρ
750 4724 922 4776 ἐστιν
961 4719 1164 4785 αὐτοῖς
1207 4717 1620 4786 ἀντάλλαγμα,
1686 4717 1785 4771 καὶ
1843 4719 1954 4772 οὐκ

379 4820 768 4890 εφοϐήθησαν
818 4816 923 4871 τὸν
963 4816 1131 4879 Θεὸν,
1168 4815 1262 4868 καὶ
1307 4813 1373 4866 τὰ
1422 4814 1566 4883 ἑξῆς.
1615 4810 1952 4866 Ταπεινώσει

377 4914 504 4977 τοὺς
535 4910 927 4984 προλεχθέντας
971 4906 1185 4970 ἀσεϐεῖς
1219 4909 1247 4959 6
1280 4905 1649 4977 προῦπάρχων
1694 4904 1801 4975 πρὸ
1843 4904 1952 4957 τῶν

377 5002 587 5058 αἰώνων
621 5004 784 5065 Θεός·
836 5000 1047 5054 ἔσονταί
1083 5015 1143 5052 τε
1190 4999 1436 5050 ταπεινοὶ
1480 4998 1571 5049 καὶ
1610 4995 1949 5066 διαμενοῦσιν

378 5096 472 5149 ἐπὶ
510 5097 770 5167 μήκιστον
790 5093 1021 5147 τοιοῦτοι
1045 5109 1058 5122 ο
1088 5090 1208 5144 ἐπεὶ
1236 5089 1421 5161 μηδεὶς
1446 5087 1597 5140 ἔσται
1625 5090 1652 5140 6
1685 5088 1823 5158 ὑπὲρ
1852 5088 1948 5140 αὑ-

374 5187 485 5241 τῶν
509 5188 681 5253 διδοὺς
709 5186 1082 5255 ἀντάλλαγμα.
1121 5181 1302 5247 ’Ἀπαξ
1330 5183 1439 5252 γὰρ
1467 5180 1495 5232 ὁ
1529 5181 1657 5243 Υἱὸς
1691 5179 1785 5232 τοῦ
1811 5178 1947 5233 Θεοῦ

373 5279 569 5350 λύτρον
591 5278 783 5332 ἑαυτὸν
801 5277 972 5342 διδοὺς
995 5278 1087 5330 καί
1107 5276 1459 5345 ἀντάλλαγμα
1484 5274 1623 5344 ὑπὲρ
1646 5273 1754 5325 τῶν
1778 5274 1950 5345 ἁμαρ-

371 5370 581 5435 τωλῶν,
603 5371 729 5433 τοὺς
758 5371 856 5441 μὲν
885 5371 963 5434 είς
986 5368 1145 5423 αὐτὸν
1174 5365 1601 5428 πεπιστευκότας
1624 5365 1944 5437 ἐξηγόρασε,

372 5461 592 5515 πάντων
616 5479 676 5514 τε
698 5462 894 5523 αὐτοὺς
915 5458 1024 5512 τῶν
1055 5458 1335 5530 προτέρων
1361 5457 1773 5527 ἁμαρτημάτων
1800 5457 1947 5526 ἠλευ-

372 5552 645 5624 θέρωσενθ
680 5554 807 5616 τοὺς
842 5552 899 5604 δέ
933 5552 1084 5604 εἴασε
1116 5551 1426 5613 ταπεινοὺς,
1483 5548 1607 5601 ἐπεὶ
1656 5548 1729 5618 μὴ
1771 5565 1944 5618 προσ-

369 5648 573 5718 ήκανω
618 5646 719 5718 τὴν
748 5645 887 5716 ὑπὲρ
935 5643 1113 5697 αὐτῶν
1144 5642 1386 5695 δοθεῖσαν
1422 5642 1606 5712 τιμὴν,
1644 5639 1779 5710 μηδέ
1822 5639 1943 5691 ἐπί-

376 5755 605 5790 στευσαν
644 5738 725 5800 εἰς
767 5736 829 5788 τὸ
866 5735 1044 5806 τίμιον
1076 5731 1216 5804 αἷμα
1252 5733 1347 5785 τοῦ
1393 5732 1609 5785 πάντων
1641 5729 1943 5802 ἀνθρώπων

374 5829 662 5895 Λυτρωτοῦ
694 5830 786 5883 καὶ
818 5828 1083 5901 Σωτῆρος.
1121 5827 1210 5879 Διό
1252 5840 1382 5895 φησι
1418 5826 1545 5893 περὶ
1588 5822 1767 5877 αὐτῶν
1793 5823 1820 5874 6
1853 5822 1939 5875 λό-

2058 4619 2366 4676 humiliabit
2393 4638 2509 4676 eos.

2131 4708 2293 4766 Vens.
2326 4712 2416 4773 2i,
2444 4712 2534 4767 22.
2575 4712 2699 4767 Non
2735 4716 2874 4768 enim
2902 4725 2979 4769 est
3012 4717 3120 4771 illis
3152 4723 3492 4776 commutatio
3513 4762 3527 4784 ,
3575 4730 3625 4775 et

2054 4820 2159 4857 non
2188 4806 2470 4858 timuerunt
2528 4804 2714 4868 Deum,
2746 4814 2799 4861 et
2828 4815 3043 4862 caetera.
3073 4808 3398 4866 Memoratos
3430 4813 3623 4883 impios

2051 4895 2363 4949 humiliabit
2390 4897 2480 4965 qui
2511 4903 2595 4951 est
2637 4905 2761 4951 ante
2792 4900 2988 4952 saecula
3026 4898 3190 4966 Deus,
3222 4911 3492 4972 eruntque
3523 4906 3624 4959 hu-

2051 4988 2229 5050 miles,
2256 5002 2320 5040 ac
2348 4987 2486 5041 tales
2539 4987 2631 5040 diu
2690 4990 3106 5056 permanebunt,
3149 4994 3277 5061 quia
3307 4994 3490 5050 nullus
3516 4997 3622 5050 erit

2051 5079 2144 5148 qui
2176 5079 2266 5132 det
2306 5093 2403 5147 pro
2442 5078 2550 5131 illis
2578 5080 3081 5136 commutationem.
3125 5081 3260 5137 Nam
3295 5100 3419 5138 cum
3453 5089 3620 5142 semel

2049 5170 2144 5226 Dei
2178 5167 2348 5225 Filius
2373 5186 2493 5224 sese
2522 5170 2734 5223 dederit
2756 5170 2809 5223 in
2839 5171 3267 5241 redemptionem
3299 5182 3353 5229 et
3374 5191 3621 5231 commu-

2048 5264 2305 5318 tationem
2357 5279 2455 5333 pro
2505 5263 2919 5332 peccatoribus;
2975 5278 3071 5319 eos
3098 5266 3315 5334 quidem
3345 5269 3436 5337 qui
3472 5268 3525 5322 in
3558 5286 3619 5326 se

2047 5356 2396 5412 crediderunt
2425 5356 2643 5419 exemit,
2671 5366 2831 5425 atque
2864 5371 2895 5409 a
2929 5356 3173 5424 pristinis
3203 5357 3418 5414 delictis
3447 5361 3619 5413 omni-

2045 5448 2151 5504 bus
2202 5448 2488 5514 liberavit;
2542 5449 2679 5503 alios
2735 5463 2866 5502 vero
2923 5448 3143 5517 reliquit
3190 5450 3455 5519 abjectos,
3489 5452 3616 5522 quia

2046 5543 2278 5612 pretium
2314 5556 2412 5612 pro
2442 5556 2501 5595 se
2528 5539 2715 5595 datum
2742 5556 2850 5595 non
2894 5539 3253 5607 admiserunt,
3282 5558 3456 5613 neque
3488 5559 3615 5598 cre-

2045 5635 2302 5688 diderunt
2345 5634 2397 5687 in
2430 5634 2725 5703 pretiosum
2772 5634 3092 5703 sanguinem
3128 5632 3506 5705 Redemptoris
3557 5648 3613 5691 et

2047 5723 2345 5779 Salvatoris
2379 5726 2621 5779 omnium
2657 5725 2957 5779 hominum.
3008 5722 3369 5789 Quamobrem
3406 5727 3473 5781 de
3508 5728 3613 5782 illis

2045 5816 2275 5871 dicitur:
2314 5815 2432 5872 Non
2458 5817 2593 5872 enim
2622 5827 2697 5871 est
2723 5816 2830 5871 illis
2847 5816 3206 5871 commutatio.
3226 5814 3405 5883 Quare
3427 5824 3609 5872 autem
