4138 6386
445 372 552 428 ι87

1192 374 1462 431 EUSEBII
1498 375 1977 432 CzESARlENSlS
2016 378 2166 434 UPP.
2202 377 2380 433 PARS
2414 377 2502 433 lll.
2540 411 2607 419 —
2629 377 3034 433 EXEGETICA.

3605 376 3709 429 438

445 506 556 548 non
582 489 653 546 sit
681 488 787 544 illis
810 490 1164 543 commutatio
1184 530 1197 551 ,
1234 498 1425 559 postea
1476 491 1637 545 docet
1690 493 1776 549 his
1801 494 1989 548 verbis
2014 548 2029 572 ,

2135 511 2255 562 γος·
2300 495 2382 547 Οὐ
2408 492 2521 562 γάρ
2554 494 2723 546 ἐστιν
2749 494 2955 559 αὐτοῖς
2982 490 3394 561 ἀντάλλαγμα.
3429 491 3529 543 Διά
3571 493 3621 545 τί
3651 492 3709 545 δὲ

444 583 573 653 quia
608 598 709 635 non
741 582 1027 634 timuerunt
1068 580 1253 636 Deum.
1288 580 1382 635 Ille
1408 583 1575 645 enim,
1610 591 1796 652 utpote
1826 586 2024 646 bonus,

446 691 571 730 cum
606 674 765 729 vellet
790 687 981 727 omnes
1005 672 1255 726 homines
1285 674 1468 726 salvos
1505 672 1644 737 lieri,
1672 683 1726 727 et
1755 676 1808 728 in
1837 677 2029 746 cogni-

446 768 648 821 tionem
684 764 932 819 veritatis
963 764 1152 818 venire
1176 765 1195 794 ⁸
1214 803 1229 826 ,
1259 764 1490 817 extendit
1512 780 1727 818 manum
1758 783 1910 819 suam
1942 782 2031 820 sa-

448 858 696 919 lutarem,
722 862 780 908 ut
811 855 875 909 iis
908 854 1046 908 bona
1086 868 1183 909 sua
1218 854 1570 911 retribueret.
1613 855 1692 909 lll‘i
1751 873 1879 911 vero
1908 874 1968 912 ea
2000 873 2030 911 a

447 949 667 1003 dextera
700 946 791 1000 Dei
819 947 1001 1000 oblata
1041 962 1149 999 non
1179 953 1537 1015 acceperunt;
1568 948 1663 1002 sed
1694 952 2033 1003 contamina-

445 1050 628 1095 verunt
659 1049 1031 1094 testamentum
1062 1039 1200 1107 ejus,
1233 1055 1429 1093 novam
1458 1049 1513 1095 et
1541 1043 1912 1112 evangelicam
1955 1044 2032 1098 le-

446 1151 564 1204 gem
592 1141 930 1202 respuentes.
961 1133 1141 1197 Quare
1171 1133 1472 1188 secundum
1508 1133 1899 1205 Symmachum
1946 1135 2031 1189 di-

447 1234 596 1279 ctum
625 1235 708 1279 est
734 1242 748 1277 :
779 1224 1032 1278 Extendit
1072 1242 1285 1278 manum
1326 1242 1480 1278 suam
1511 1225 1585 1278 ad
1615 1243 1702 1279 eos
1728 1228 1817 1296 qui
1850 1242 2031 1295 pacem

448 1318 707 1371 habebant
733 1334 907 1371 secum
933 1333 952 1370 .'
986 1318 1303 1386 transgressi
1332 1327 1455 1371 sunt
1487 1317 1693 1385 foedus;
1730 1319 2029 1373 secundum

446 1408 699 1477 Aquilam
723 1423 850 1462 vero
876 1424 889 1459 :
918 1407 1068 1461 Misit
1097 1425 1310 1461 manum
1338 1426 1491 1462 suam
1522 1411 1576 1463 in
1607 1411 1859 1480 paciﬁcos
1886 1428 2028 1466 suos.

449 1498 570 1568 lpse
638 1515 874 1571 namque
907 1500 1188 1569 paciﬁcam
1247 1500 1523 1554 dexteram
1580 1503 1821 1571 porrexit
1878 1517 2035 1557 acce-

449 1592 707 1647 dentibus
740 1592 805 1645 ad
860 1608 1047 1662 pacem
1086 1593 1261 1661 ipsius
1317 1593 1729 1662 accipiendam;
1791 1594 1869 1647 illi
1902 1610 2033 1648 vero

448 1683 778 1753 transgressi
824 1690 953 1737 sunt
1002 1688 1385 1737 testamentum
1418 1682 1578 1750 ejus,
1637 1682 1877 1736 oblatam
1928 1682 2030 1737 sibi

447 1789 636 1842 pacem
692 1789 803 1831 non
856 1773 1204 1841 accipientes.
1272 1770 1473 1836 Quare,
1530 1787 1663 1842 pace
1713 1788 1838 1826 cum
1891 1772 2033 1827 bello

2131 586 2229 637 οὐκ
2256 584 2401 637 ἔστιν
2430 586 2612 648 αὐτοῖς
2642 585 3012 655 ἀντάλλαγμα,
3058 584 3187 652 ἑξῆς
3214 584 3452 637 διδάσκει
3495 584 3667 653 λέγων
3690 602 3705 618 ο

2131 678 2252 730 ἐπεὶ
2292 677 2379 747 μὴ
2421 677 2810 746 ἐφοϐήθησαν
2849 678 2955 731 τὸν
2999 678 3165 731 Θεόν.
3211 679 3268 730 '0
3305 677 3403 748 μὲν
3444 678 3573 747 γὰρ,
3610 678 3709 731 ἅτε

2131 768 2353 835 ἀγαθὸς,
2390 768 2598 831 πάντας
2631 767 2951 839 ἀνθρώπους
2985 768 3151 822 θέλων
3198 768 3458 838 σωθῆναι,
3494 769 3588 822 κα)⁵
3629 771 3710 832 εἰς

2131 860 2424 928 ἐπίγνωσιν
2457 860 2715 931 ἀληθείας
2743 861 2938 925 ἐλθεῖν,
2977 860 3232 924 ἐξέτεινε
3263 860 3377 928 τὴν
3408 859 3575 928 χεῖρα
3603 862 3708 913 αὺ-

2131 949 2235 1002 τοῦ
2251 950 2351 1021 τὴν
2370 951 2635 1020 σωτήριον
2656 951 2817 1020 εἰςΙτὸ
2833 951 2925 1003 καὶ
2944 951 3140 1013 αὐτοὺς
3160 950 3233 1018 (Ι)
3252 948 3570 1019 μεταδοῦναι
3596 949 3706 1002 τῶν

2132 1041 2326 1094 ἑαυτοῦ
2356 1041 2605 1108 ἀγαθῶν·
2638 1043 2688 1094 οἱ
2711 1042 2767 1094 δὲ
2798 1042 2898 1094 οὐκ
2927 1042 3174 1107 ἐδέξαντο
3219 1044 3369 1111 παρὰ
3406 1041 3503 1110 τῆς
3531 1040 3709 1104 δεξιᾶς

2130 1134 2225 1187 τοῦ
2241 1133 2374 1186 Θεοῦ
2397 1134 2813 1205 προτεινόμενα,
2840 1134 2952 1187 ἀλλ’
2976 1133 3359 1198 ἐϐεϐἠλωσαν
3381 1132 3494 1200 τὴν
3508 1132 3709 1197 διαθή-

2132 1243 2248 1293 κην
2266 1225 2474 1289 αὑτοῦ,
2496 1226 2587 1278 τὸν
2618 1228 2801 1280 καινὸν
2832 1226 2998 1296 νόμον
3034 1226 3123 1278 τὸν
3149 1225 3501 1294 εὑαγγελικὸν
3526 1242 3707 1296 παρα-

2132 1319 2514 1389 κρουσάμενοι.
2560 1319 2650 1371 Διὸ
2691 1319 2832 1371 κατὰ
2862 1319 2953 1370 τὸν
2984 1318 3278 1388 Σύμμαχον
3308 1317 3521 1389 εἴρηται
3542 1334 3555 1347 ⁸
3591 1316 3711 1380 Ἐξ-

2131 1413 2317 1465 ἐτεινε
2360 1412 2474 1478 τὴν
2513 1411 2680 1481 χεῖρα
2724 1410 2910 1465 αὐτοῦ
2963 1414 3049 1476 εἰς
3098 1410 3240 1475 τοὺς
3295 1410 3711 1478 εἰρηνεύοντας

2132 1502 2280 1570 πρὸς
2308 1506 2494 1557 αὐτόν
2512 1520 2525 1533 ο
2561 1504 2911 1570 παρέϐησαν
2943 1501 3262 1568 συνθήκην
3284 1518 3297 1530 ·
3337 1501 3429 1554 καὶ
3455 1489 3594 1553 κατά
3619 1500 3707 1553 τὸν

2146 1595 2411 1648 Ἀκύλαν·
2454 1595 2788 1649 Ἀπέστειλε
2834 1596 3001 1665 χεῖρα
3042 1592 3229 1646 αὑτοῦ
3271 1593 3341 1645 ἐν
3387 1590 3709 1659 εἰρηνικοῖς

2133 1686 2340 1741 αὑτοῦ.
2380 1688 2551 1750 Αὐτὸς
2601 1688 2699 1757 μὲν
2734 1686 2842 1757 γὰρ
2889 1685 3169 1757 εἰρηνικὴν
3212 1684 3389 1749 δεξιὰν
3424 1681 3709 1753 προύτεινε

2136 1778 2272 1849 πρὸς
2306 1777 2561 1839 ἐλθόντας
2604 1776 3005 1848 παραδέχεσθαι
3048 1777 3146 1847 τὴν
3199 1778 3326 1847 παρ’
3358 1773 3523 1829 αὐτοῦ
3561 1775 3711 1847 εἰρή-

447 1873 805 1927 commutata,
829 1865 983 1917 divisi
1012 1873 1133 1917 sunt
1162 1862 1225 1916 ab
1254 1864 1333 1915 ira
1358 1864 1530 1916 vultus
1556 1864 1690 1932 ejus.
1714 1863 1853 1930 Quia
1880 1864 2025 1917 enim

2135 1890 2229 1943 νην
2249 1888 2261 1900 ·
2292 1872 2340 1924 οἰ
2366 1871 2422 1923 δὲ
2462 1870 2783 1941 παρέϐησαν
2808 1870 2906 1939 τὴν
2928 1869 3191 1938 διαθήκην
3224 1869 3408 1931 αὑτοῦ,
3445 1869 3518 1939 μὴ
3549 1886 3714 1922 κατα-

448 1956 676 2024 gratiam
707 1970 814 2008 non
850 1954 1215 2015 admiserunt,
1247 1956 1441 2005 merito
1474 1954 1568 2006 ira:
1597 1952 1807 2015 traditi,
1840 1952 2028 2021 procul

447 2047 701 2116 dispersi,
731 2054 783 2100 et
808 2046 862 2099 in
890 2060 1081 2099 omnes
1111 2052 1300 2114 gentes
1342 2044 1595 2112 dissipati
1627 2052 1774 2098 sunt.
1809 2042 1913 2097 Pro
1939 2042 2030 2097 illo

448 2149 650 2205 autem,
686 2139 753 2192 Et
815 2139 1249 2208 appropinquavit
1300 2154 1392 2191 cor
1438 2136 1606 2191 illius.
1648 2135 1848 2190 Molliti
1906 2146 2031 2190 sunt

445 2248 710 2286 sermones
739 2231 851 2300 ejus
881 2246 1035 2298 super
1072 2230 1264 2283 oleum.
1300 2238 1349 2282 et
1379 2228 1478 2296 ipsi
1513 2239 1635 2282 sunt
1660 2228 1884 2296 jacula,
1918 2229 2032 2281 cla-

446 2325 562 2378 rius
587 2321 949 2394 Symmachus
978 2321 1368 2389 interpretatus
1389 2329 1471 2374 est
1503 2339 1515 2373 :
1554 2318 1811 2372 Dulciora
1843 2319 2029 2390 butyro

446 2431 543 2467 ora
575 2429 757 2468 eorum
784 2429 800 2466 :
840 2422 1039 2482 pugnat
1072 2428 1190 2465 vero
1214 2427 1304 2464 cor
1332 2410 1744 2479 uniuscujusque
1771 2411 2027 2479 ipsorum.

447 2501 720 2557 Molliores
754 2511 874 2555 sunt
926 2517 1188 2555 sermones
1221 2500 1335 2569 ejus
1365 2501 1500 2564 oleo,
1534 2515 1652 2552 cum
1682 2501 1786 2553 sint
1833 2500 2032 2553 discin-

446 2594 646 2646 dentes.
690 2589 827 2646 Vide
857 2590 990 2644 mihi
1026 2605 1135 2660 quo
1168 2597 1326 2659 pacto
1360 2590 1451 2643 hic
1482 2589 1646 2644 etiam
1674 2589 1783 2643 duo
1810 2590 2031 2644 ordines

447 2685 829 2749 declarentur;
866 2684 1008 2738 alius
1057 2684 1352 2736 multorum
1392 2682 1705 2745 confertim,
1733 2682 1798 2736 de
1830 2684 2031 2755 quibus

449 2777 503 2829 in
530 2775 725 2846 plurali
757 2775 924 2829 dicit:
955 2774 1206 2828 Dulciora
1238 2774 1427 2843 butyro
1457 2790 1553 2827 ora
1580 2790 1760 2827 eorum
1785 2790 1803 2827 :
1835 2783 2033 2844 pugnat

449 2885 566 2924 vero
628 2885 719 2921 cor
759 2867 1167 2938 uniuscujusque
1220 2882 1436 2929 eorum;
1496 2867 1637 2922 alius
1690 2881 1817 2921 vero
1874 2866 2031 2936 quasi

448 2966 611 3019 unius
642 2972 885 3027 tantum,
921 2964 988 3019 de
1022 2980 1131 3033 quo
1162 2963 1477 3034 singulatim
1503 2964 1729 3029 claudit,
1755 2963 2031 3020 Molliores

448 3066 572 3110 sunt
607 3071 867 3109 sermones
904 3055 1017 3123 ejus
1048 3055 1194 3118 oleo,
1251 3071 1369 3107 cum
1410 3056 1516 3108 sint
1545 3055 1916 3111 discindentes.
1969 3058 2034 3111 Et

451 3149 506 3203 bi
540 3151 650 3202 duo
682 3147 903 3202 ordines
932 3154 1089 3202 erant
1117 3148 1373 3215 superius
1402 3146 1626 3201 indicati
1649 3189 1662 3209 ,
1696 3149 1906 3205 scilicet
1939 3165 2035 3205 eo-

2133 1962 2416 2033 δεξάμενοι
2460 1963 2560 2034 τὴν
2602 1961 3026 2032 προτεινομένην
3076 1962 3259 2022 αὐτοῖς
3310 1962 3552 2032 εἰρήνην.
3600 1961 3711 2023 Διὸ,

2136 2055 2371 2125 πόλεμον
2423 2051 3008 2122 ἀντικαταλλαξάμενοι
3055 2053 3298 2122 εἰρήνης,
3349 2050 3715 2119 διεμερίσθη-

2136 2161 2256 2200 σαν
2296 2146 2413 2200 ἀπὸ
2470 2143 2650 2213 ὀργῆς
2686 2143 2792 2197 τοῦ
2834 2142 3155 2211 προσώπου
3182 2143 3388 2197 αὐτοῦ.
3428 2143 3580 2195 Ἐπεὶ
3606 2140 3715 2212 γὰρ

2140 2234 2214 2307 μὴ
2253 2234 2645 2306 προσεδέξαντο
2682 2233 2781 2305 τὴν
2821 2235 3000 2306 χάριν,
3030 2233 3274 2297 εἰκότως,
3308 2234 3444 2304 ὀργῇ
3480 2232 3715 2304 παραδο-

2138 2325 2341 2388 θέντες,
2380 2326 2595 2396 μακράν
2631 2323 3148 2395 διεσκορπίσθησαν,
3183 2324 3277 2376 καὶ
3315 2326 3395 2386 εἰς
3432 2323 3609 2375 πάντα
3646 2321 3715 2374 τά

2137 2418 2263 2487 ἔθνη
2315 2417 2793 2480 διασκεδασθέντες
2846 2416 3238 2487 διεσπάρησαν.
3293 2416 3436 2469 Ἀντὶ
3489 2415 3546 2468 δὲ
3595 2414 3712 2476 τοῦ.

2135 2512 2245 2565 Καὶ
2290 2511 2540 2580 ἤγγισεν
2580 2512 2618 2579 ἡ
2654 2510 2867 2579 καρδία
2912 2510 3119 2564 αὐτοῦ.
3167 2510 3627 2575 Ἡπαλύνθησαν
3661 2509 3715 2562 οι

2135 2604 2302 2671 λόγοι
2333 2602 2518 2656 αὐτοῦ
2546 2602 2697 2670 ὑπὲρ
2730 2604 2955 2665 ἔλαιον,
2976 2602 3071 2654 καὶ
3098 2602 3270 2654 αὐτοί
3298 2604 3414 2654 εἰσι
3444 2598 3714 2665 βολίδες,

2138 2695 2474 2764 σαφέστερον
2518 2695 2864 2765 ἡρμήνευσεν
2897 2696 2926 2746 ὁ
2969 2692 3265 2763 Σύμμαχος
3312 2694 3515 2745 εἰπών·
3553 2692 3717 2745 Λειό-

2138 2802 2277 2854 τερα
2300 2786 2605 2853 ,ϐουτυρου
2635 2785 2706 2838 τὰ
2739 2786 3005 2853 στόματα
3033 2783 3262 2839 αὐτῶν·
3292 2783 3543 2852 πολεμεῖ
3571 2782 3639 2835 δὲ
3677 2785 3715 2851 ἡ

2138 2875 2353 2945 καρδία
2380 2876 2638 2929 ἑκάστου
2665 2875 2881 2929 αὐτῶν.
2926 2875 3308 2943 Ἁπαλώτεροι
3331 2878 3383 2927 οἰ
3415 2875 3583 2943 λόγοι
3614 2876 3717 2927 αὐ-

2138 2964 2245 3019 τοῦ
2270 2965 2501 3025 ἐλαίου,
2533 2965 2704 3030 ὄντες
2732 2966 3123 3035 ἀνατμητικοί
3154 2963 3257 3033 (‘2).
3322 2964 3467 3032 ’Ὀρα
3501 2962 3559 3015 δὲ
3595 2963 3719 3017 τίνα

2138 3054 2343 3130 τρόπον
2360 3056 2639 3111 κάνταῦθα
2655 3056 2748 3109 δύο
2776 3058 3034 3127 τάγματα
3066 3054 3430 3125 παρίστησινὸ
3448 3052 3604 3120 λόγος
3626 3069 3639 3082 ·
3659 3050 3718 3103 ἓν

2145 3151 2241 3222 μὲν
2274 3149 2485 3203 πολλῶν
2520 3149 2732 3221 ἀθρόως
2769 3149 2911 3202 κατὰ
2939 3147 3000 3200 τὸ
3032 3145 3183 3211 αὐτὸ,
3219 3146 3346 3216 περὶ
3377 3138 3450 3199 ὧν
3480 3143 3716 3213 πληθυν-

452 3256 571 3295 rum
602 3240 695 3311 qui
739 3239 794 3293 in
834 3238 1057 3293 civitate
1088 3238 1428 3302 habitabant,
1453 3240 1520 3294 de
1573 3240 1775 3309 quibus
1819 3240 2032 3296 diceba-

2139 3242 2307 3307 τικῶς
2357 3260 2491 3313 φησι
2510 3260 2523 3272 ·
2560 3243 2839 3309 Λειότερα
2875 3241 3181 3307 ,ϐουτύρσυ
3214 3239 3287 3292 τὰ
3319 3239 3585 3306 στόματα
3614 3238 3718 3291 αὺ-

453 3343 586 3387 tur:
633 3332 897 3398 Quoniam
956 3331 1063 3385 vidi
1116 3330 1445 3402 iniquitatem
1477 3340 1527 3385 et
1567 3333 2036 3386 contradictionem

450 3426 504 3477 in
541 3425 781 3487 civitate;
821 3430 876 3478 et
908 3423 1206 3492 proditoris
1234 3462 1251 3486 ,
1306 3438 1467 3493 quem
1514 3431 1764 3492 spectant
1798 3424 1986 3478 isthaec
2018 3444 2031 3480 :

454 3517 718 3582 Quoniam
747 3517 795 3569 si
832 3516 1076 3569 inimicus
1128 3515 1488 3570 maledixisset
1535 3515 1693 3579 mihi,
1749 3517 2037 3570 sustinuis-

451 3626 559 3663 sem
580 3609 776 3678 utique.
820 3606 919 3662 Hic
965 3607 1150 3678 itaque
1181 3608 1438 3677 quoniam
1490 3607 1767 3676 principes
1824 3608 2035 3664 .lndaici

454 3700 635 3771 pepuli
677 3714 800 3753 cum
838 3699 1185 3753 simulatione
1212 3698 1634 3767 adulationeque
1664 3684 1735 3752 ad
1786 3698 2035 3755 Salvatoo

451 3808 567 3847 rem
605 3801 991 3856 accesserunt;
1029 3791 1191 3846 modo
1223 3790 1546 3860 magistrum
1599 3806 1699 3845 nec
1721 3806 1845 3845 cum
1900 3808 2036 3862 puro

456 3884 628 3938 corde
660 3883 1083 3953 compellantes;
1137 3883 1299 3936 modo
1347 3882 1594 3937 dicentes
1642 3882 1783 3951 ipsi:
1828 3881 2036 3937 Scimus

451 3980 577 4047 quia
610 3993 766 4031 verax
792 3993 868 4039 es,
893 3986 941 4029 et
967 3975 1178 4029 verbum
1222 3974 1319 4029 Dei
1368 3976 1421 4028 in
1451 3975 1669 4029 veritate
1705 3974 1887 4038 doces,
1945 3993 2036 4030 nec

452 4080 531 4124 est
572 4070 665 4122 tibi
695 4086 825 4122 cura
850 4068 913 4124 de
940 4070 1158 4139 aliqua:
1186 4086 1289 4123 non
1321 4072 1460 4123 enim
1492 4071 1707 4138 respicis
1755 4086 2035 4138 personam

452 4162 675 4216 hominis
706 4162 767 4228 ‘;
805 4161 928 4231 jure
962 4163 1028 4218 de
1067 4164 1133 4217 iis
1173 4162 1262 4216 hic
1303 4163 1530 4225 dicitur,
1568 4162 1817 4215 Dutciora
1847 4162 2034 4231 butyro

453 4271 549 4308 ora
576 4271 756 4309 eorum
781 4271 797 4307 :
839 4265 1038 4324 pugnat
1064 4272 1181 4309 vero
1215 4272 1305 4307 cor
1332 4256 1744 4324 uniuscuiusque
1780 4255 2033 4317 illorum,-

454 4346 802 4415 peculiariter
832 4361 1048 4399 rursum
1079 4344 1146 4400 de
1176 4345 1476 4414 proditore,
1503 4345 1630 4413 quia
1656 4343 1829 4399 Rablri
1856 4346 2034 4414 ipsum

454 4446 511 4492 et
539 4437 860 4506 magistrum
891 4437 1141 4501 vocabat,
1170 4445 1223 4491 et
1274 4453 1397 4490 cum
1432 4435 1795 4505 proditionem
1829 4436 2037 4488 machi-

2137 3333 2257 3388 τῶν
2278 3352 2291 3364 ·
2342 3334 2594 3403 πολεμεῖ
2615 3333 2684 3386 δὲ
2713 3336 2751 3402 ἡ
2784 3332 2999 3401 καρδία
3031 3328 3293 3384 ἑκάστου
3337 3328 3535 3382 αὐτῶν
3554 3346 3565 3357 ·
3603 3328 3718 3381 ἓτε-

2140 3443 2231 3497 ρον
2261 3426 2316 3479 δὲ
2351 3426 2540 3497 ὥσπερ
2568 3427 2686 3490 ἑνὸς
2724 3424 3132 3496 μεμονωμένου,
3160 3423 3288 3494 περὶ
3326 3414 3387 3475 οῦ
3432 3421 3574 3484 ἰδίως
3598 3424 3718 3474 ὲπι-

2136 3518 2314 3580 λέγει·
2356 3518 2739 3586 Ἀπαλώτεροι
2781 3520 2835 3571 ol
2870 3518 3037 3587 λόγοι
3068 3515 3256 3569 αὑτοῦ
3284 3515 3513 3579 ἐλαίου,
3546 3513 3716 3578 ἄντες

2136 3610 2543 3679 ἀνατμητικοί.
2575 3611 2683 3662 Καὶ
2714 3608 2863 3661 ταῦτ’
2891 3604 2959 3679 ἦν
3002 3608 3070 3660 τὰ
3107 3607 3201 3660 δύο
3229 3607 3486 3676 τάγματα
3529 3603 3599 3658 τὰ
3628 3604 3716 3658 διὰ

2135 3703 2243 3757 τῶν
2268 3703 2576 3774 ἔμπροσθεν
2619 3702 2944 3773 δηλούμενα,
2976 3702 3037 3754 τό
3058 3718 3116 3754 τε
3148 3700 3257 3753 τῶν
3298 3700 3398 3771 τὴν
3445 3698 3599 3753 πόλιν
3637 3700 3716 3751 ol-

2137 3793 2394 3858 κούντων,
2423 3794 2553 3864 περὶ
2597 3786 2672 3846 ὧν
2704 3793 2922 3860 ἐλέγετο
2944 3810 2957 3822 ·
2993 3794 3111 3845 ’Ότι
3142 3789 3308 3845 εἶδον
3335 3792 3591 3859 ἀνομίαν
3618 3790 3715 3844 καὶ

2136 3885 2484 3953 ἀντιλογίαν
2517 3885 2587 3937 ἐν
2631 3884 2705 3953 τῇ
2747 3885 2953 3937 πόλεν
2991 3884 3087 3936 καὶ
3119 3884 3179 3936 τὸ
3225 3884 3349 3954 περὶ
3380 3882 3475 3935 τοῦ
3520 3881 3715 3952 προδό-

2135 3994 2249 4039 του,
2281 3977 2408 4048 περὶ
2437 3968 2497 4027 οῦ
2525 3976 2761 4045 ἔφασκεν
2789 3976 2816 4027 ὁ
2845 3975 3001 4043 λόγος
3019 3992 3033 4004 ·
3071 3966 3209 4038 Ὅτι,
3242 3977 3295 4027 εἰ
3325 3973 3538 4042 ἐχθρὸς
3558 3972 3717 4026 ὠνεί-

2135 4065 2269 4119 δισέ
2290 4085 2385 4134 με,
2426 4066 2739 4136 ὑπήνεγκα
2770 4066 2864 4120 ἄν.
2900 4067 3009 4118 Καὶ
3037 4065 3271 4118 ἐνταῦθα
3303 4064 3500 4127 τοίνυν,
3529 4062 3715 4133 ἐπειδὴ

2136 4160 2447 4230 προσῄεσαν
2479 4159 2557 4230 τῷ
2604 4158 2820 4230 Σωτῆρι
2869 4157 2985 4228 μεθ’
3026 4157 3367 4229 ὑποκρίσεως
3417 4155 3510 4209 καὶ
3558 4155 3716 4208 κολα-

2137 4252 2290 4313 κείας
2322 4253 2371 4303 οἱ
2425 4251 2684 4321 ἄρχοντες
2730 4249 2823 4302 τοῦ
2870 4249 3136 4301 Ἰουδαίων
3185 4248 3391 4311 ἔθνους,
3429 4246 3560 4298 ποτὲ
3615 4244 3714 4313 μὲν

2135 4342 2450 4396 διδάσκαλον
2497 4341 2899 4400 ἀποκαλοῦντες
2950 4341 3010 4392 οὑ
3067 4340 3165 4393 σὺν
3216 4340 3433 4408 καθαρᾷ
3492 4336 3711 4407 καρδίᾳ,

2139 4435 2267 4485 ποτὲ
2286 4419 2355 4485 ’δὲ
2400 4433 2648 4500 λέγοντες
2697 4431 2877 4501 αὐτῷ’
2920 4431 3196 4500 Οἴδαμεν,
3245 4431 3333 4483 ὅτι
3372 4427 3605 4496 ἀληθὴς
3640 4422 3713 4489 εἶ,

456 4536 740 4590 narentur,
767 4528 994 4583 aﬂ‘ectus
1016 4536 1071 4583 et
1092 4528 1343 4583 amicitiae
1360 4528 1602 4598 symbola
1633 4526 1818 4587 dabat,
1838 4526 2032 4580 merito

2138 4523 2372 4578 καὶτὸν
2405 4526 2591 4593 λόγον
2636 4524 2742 4578 τοῦ
2787 4525 2935 4578 Θεοῦ
2969 4525 3039 4577 ἐν
3081 4524 3334 4592 ἀληθείᾳ
3376 4520 3709 4585 διδάσκεις·

453 4620 662 4674 dictum
695 4628 801 4681 est,
834 4618 1106 4671 Molliores
1136 4627 1260 4671 sunt
1288 4633 1549 4670 sermones
1588 4616 1701 4683 ejus
1735 4616 1845 4668 oleo
1866 4656 1882 4679 ,
1912 4632 2032 4668 cum

2136 4616 2233 4668 καί
2275 4618 2347 4669 οὐ
2373 4617 2543 4684 μέλει
2588 4633 2685 4669 σοι
2718 4615 2853 4683 περί
2895 4615 3176 4679 οὐδενόςο
3228 4616 3300 4667 οὑ
3330 4612 3439 4682 γὰρ
3463 4611 3717 4676 βλέπεις

452 4720 559 4764 smt
601 4709 989 4771 discindentes;
1048 4707 1163 4762 sive
1221 4706 1519 4763 secundum
1566 4704 1707 4758 LXX
1764 4706 2037 4774 Interpre-

2133 4708 2220 4770 εἰς
2249 4706 2571 4773 πρόσωπον
2600 4705 2914 4773 ἀνθρώπου
2936 4721 2950 4734 ·
2983 4703 3209 4765 εἰκότως
3240 4702 3365 4772 περὶ
3404 4699 3583 4754 αὐτῶν
3610 4715 3715 4769 φη-

453 4811 557 4862 tes.
585 4801 783 4856 Molliti
810 4810 933 4854 sunt
964 4815 1228 4853 sermones
1273 4799 1387 4868 ejus
1420 4812 1573 4866 super
1602 4797 1805 4861 oleum,
1857 4806 1905 4851 et
1933 4797 2032 4865 ipsi

2138 4813 2221 4848 σιν
2250 4795 2481 4850 ἐνταῦθα
2523 4798 2550 4849 ό
2591 4796 2748 4864 λόγος
2769 4812 2782 4824 ·
2819 4797 3096 4865 Λειότερα
3134 4794 3439 4860 βουτύρου
3468 4789 3541 4843 τὰ
3571 4788 3715 4843 στό-

452 4901 575 4945 sunt
594 4893 805 4961 jacula.
1262 4920 1269 4925 -

2135 4904 2291 4956 ματα
2338 4886 2567 4941 αὐτῶν·
2611 4888 2859 4956 πολεμεῖ
2886 4887 2956 4940 δὲ
2985 4889 3023 4955 ἡ
3066 4885 3279 4952 καρδία
3313 4883 3574 4938 ἑκάστου
3612 4882 3716 4935 αὐ-

455 4984 597 5039 τῶν.
654 4984 818 5047 Ἰδίως
843 4983 905 5036 δὲ
937 4982 1098 5036 πάλιν
1128 4980 1257 5051 περὶ
1290 4979 1383 5032 τοῦ
1414 4980 1696 5050 προδότου,
1724 4977 1910 5050 ἐπειδὴ
1935 4979 2027 5032 καὶ
2073 4979 2325 5034 Ῥαϐϐεὶν
2360 4982 2524 5034 αὑτὸν
2562 4981 2657 5034 καὶ
2689 4981 3008 5034 διδάσκαλον
3042 4980 3325 5043 ἀποκαλεῖ,
3355 4976 3601 5048 σύμϐολά
3654 4991 3714 5026 τε

449 5076 741 5139 διαθέσεως
782 5076 876 5127 καὶ
939 5074 1118 5144 φιλίας
1187 5074 1437 5143 παρεῖχε,
1492 5072 1591 5143 τὴν
1650 5071 1936 5143 προδοσίαν
1970 5073 2311 5143 ποιούμενος,
2355 5074 2577 5138 εἰκότως
2625 5074 2753 5143 περὶ
2797 5072 2960 5126 αὐτοῦ
3001 5073 3284 5126 λέλεκται·
3329 5068 3716 5134 Ἀπαλώτεροι

450 5170 506 5221 οἰ
554 5167 722 5235 λόγοι
783 5165 969 5219 αὑτοῦ
1012 5163 1218 5217 ἐλαίου
1246 5201 1260 5225 ,
1314 5162 1483 5227 ὄντες
1507 5163 1924 5231 ἀνατμητικοί·
1987 5163 2019 5234 ἢ
2060 5164 2199 5218 κατά
2240 5166 2366 5229 τοὺς
2430 5164 2851 5235 Ἑϐδομήκοντα·
2931 5165 3401 5231 Ἠπαλύνθησαν
3448 5165 3504 5215 οἰ
3546 5161 3715 5229 λόγοι

450 5256 638 5314 αὐτοῦ
677 5256 830 5324 ὑπὲρ
863 5256 1090 5319 ἔλαιον,
1124 5253 1221 5306 καί
1256 5253 1426 5307 αὐτοί
1452 5255 1571 5307 εἰσι
1605 5253 1876 5319 βολίδες.
2440 5246 2443 5249 λ

527 5348 687 5404 Vens.
715 5348 908 5409 23,24.
927 5345 1085 5400 Jacta
1110 5360 1259 5414 super
1286 5344 1568 5398 Dominum
1584 5360 1765 5398 curam
1795 5355 1961 5411 tuam,
1981 5356 2030 5400 et

2220 5348 2563 5416 Ἐπίρριψον
2593 5348 2691 5401 ἐπὶ
2721 5348 2939 5415 Κύριον
2974 5346 3090 5414 τὴν
3120 5342 3415 5415 μέριμνάν
3445 5359 3582 5407 σου,
3613 5343 3712 5396 καί

451 5443 562 5511 ipse
590 5452 637 5497 te
666 5442 889 5495 enutriet
913 5457 929 5494 :
963 5457 1066 5494 non
1096 5438 1244 5492 dabit
1272 5440 1326 5491 in
1350 5449 1600 5492 aeternum
1633 5439 2031 5506 ﬂuctuationem

2137 5441 2319 5505 αὑτός
2348 5454 2425 5492 σε
2463 5439 2765 5509 διαθρέψει
2787 5456 2801 5470 ·
2836 5442 2908 5493 οὺ
2939 5438 3116 5492 δώσει
3142 5440 3229 5504 εἰς
3262 5436 3369 5490 τὸν
3393 5433 3578 5489 αἰῶνα
3605 5433 3716 5490 σά-

455 5537 626 5598 iusto,
666 5544 720 5588 et
745 5542 961 5588 cmtera.
993 5532 1075 5587 llli
1113 5531 1332 5601 quidem
1387 5547 1512 5586 cum
1548 5531 1675 5585 dolo
1712 5537 1768 5585 et
1802 5532 2031 5586 simula-

2136 5536 2251 5586 λον
2293 5532 2372 5597 τῷ
2411 5532 2637 5598 δικαίῳ,
2670 5533 2766 5586 καὶ
2805 5532 2876 5585 τὰ
2926 5531 3073 5601 ἑξῆς.
3119 5530 3182 5582 Ol
3242 5528 3340 5600 μὲν
3390 5529 3487 5583 σὺν
3526 5523 3714 5609 ἀπάτῃ

525 5652 545 5683 ³
585 5650 604 5703 1
636 5650 777 5705 Tim.
819 5666 893 5712 ιι,
922 5650 975 5704 4.
1054 5650 1075 5681 ⁸
1113 5648 1300 5703 Matth.
1334 5663 1480 5708 χχιι,
1517 5646 1605 5701 16.

529 5743 602 5807 (1)
633 5745 876 5808 Αὑτούς.
901 5743 966 5795 Et
991 5743 1258 5797 sententia
1282 5749 1333 5793 et
1360 5751 1655 5813 syntaxcos
1684 5748 1823 5796 ratio
1848 5738 2026 5810 postul

2135 5740 2317 5803 ιύτοίς.
2358 5740 2492 5795 Εοιτ
2505 5786 2517 5799 .

528 5814 604 5885 (2)
639 5814 791 5867 Colb.
827 5814 985 5868 habet
1014 5813 1393 5883 ἀπονμητικοί.
