4138 6386
377 367 486 422 689

1519 369 2027 427 COMMENTARIA
2065 373 2132 428 IN
2169 341 2515 430 'pSALuos.

3539 389 3646 443 490

376 482 474 536 καὶ
506 479 794 551 ὑποκρίσει
838 479 1207 548 άπαλύνοντες
1255 482 1468 538 ἑαυτῶν
1513 486 1638 550 τοὺς
1681 485 1872 556 λόγους
1902 489 1967 542 ἐκ

2071 491 2218 547 tione
2249 494 2558 550 mollientes
2592 496 2767 565 palam
2825 514 3107 557 sermones
3140 517 3296 567 suos,
3339 504 3466 560 dum
3499 507 3644 563 intus

375 573 470 627 τοῦ
514 572 774 642 φανεροῦ,
810 573 1011 627 ἔσωθεν
1052 575 1109 627 δὲ
1155 577 1353 641 αὐτοὺς
1399 578 1780 644 άκοντίσαντες
1826 583 1967 654 ὑπὲρ

377 665 618 736 βολίδας,
667 664 806 718 ἀλλά
853 667 947 720 καὶ
988 667 1150 731 αὐτὸς
1191 672 1221 722 6
1260 669 1527 741 προδότης
1573 673 1813 741 γεγονὼς
1871 675 1966 727 τοῦ

374 759 652 830 Σωτῆρος,
687 759 876 812 ὁποίου
904 760 1092 824 τέλους
1131 761 1413 826 τεύξονται
1445 762 1773 834 δεδήλωται·
1805 767 1868 820 σὺ
1909 766 1967 818 δὲ

371 852 401 904 6
452 850 658 903 τούτων
704 851 1078 922 ἀκροώμενος,
1133 854 1522 924 σωφρονισθεὶς
1563 855 1672 909 ἀπὸ
1715 856 1809 910 τοῦ
1859 857 1968 911 τῶν

374 939 827 1011 προλελεγμένων
879 943 1094 1007 τέλους,
1148 945 1243 997 καὶ
1289 946 1318 998 6
1371 945 1448 1015 τῷ
1505 950 1968 1018 προφητευομένῳ

371 1032 493 1085 ὅλον
528 1032 725 1087 σαυτὸν
767 1034 1061 1098 ἐπιδιδοὺς,
1096 1036 1309 1109 θάρσει,
1339 1037 1440 1107 τὴν
1477 1038 1674 1091 σαυτοῦ
1710 1040 1968 1110 φροντίδα

374 1125 672 1195 ἐπιρρίψας
709 1127 797 1178 ἐπ’
846 1127 1032 1190 αὑτὸν,
1067 1121 1154 1180 οἷα
1199 1129 1378 1199 Καινῇ
1408 1129 1652 1204 Διαθήκῃ
1698 1131 1968 1203 μαθητευ-

373 1215 510 1281 θεὶς,
547 1218 612 1270 δι’
641 1212 710 1290 ἦς
741 1219 904 1283 αὐτὸς
939 1222 968 1273 6
993 1219 1184 1292 Σωτὴρ
1212 1222 1459 1275 παιδεύει
1483 1223 1656 1292 λέγων
1677 1243 1690 1255 ·
1725 1225 1824 1292 Μὴ
1869 1243 1970 1294 με-

369 1309 704 1378 ριμνήσητε
756 1312 813 1364 τι
865 1310 1112 1381 φάγητε,
1153 1311 1308 1382 μηδὲ
1356 1314 1413 1366 τί
1463 1315 1667 1382 πίητεο
1712 1317 1826 1381 καὶ,
1867 1315 1966 1385 Μὴ

374 1401 685 1469 κτήσησθε
727 1402 964 1471 χρυσὸν
1003 1403 1160 1472 μηδὲ
1211 1405 1491 1476 ἄργυρον,
1535 1407 1691 1476 μηδὲ
1736 1409 1968 1478 χαλκὸν

374 1497 464 1560 εἱς
521 1493 844 1561 τὰςζώνας
888 1494 1074 1565 ὑμῶν.
1114 1495 1276 1551 Ταῦτ’
1312 1495 1405 1553 οὖν
1451 1500 1712 1568 φυλάξας,
1745 1501 1968 1570 ἐπιρρι-

372 1590 499 1656 ψον
527 1586 626 1639 ἐπὶ
658 1587 880 1654 Κύριον
906 1585 1023 1655 τὴν
1057 1589 1354 1658 μέριμνάν
1385 1605 1523 1655 σου,
1551 1589 1647 1643 καὶ
1687 1593 1869 1658 αὐτός
1893 1607 1968 1646 σε

372 1677 700 1748 διαθρέψει,
732 1679 822 1732 τὸν
856 1679 1021 1751 ἄρτον
1068 1699 1150 1734 σοι
1185 1681 1360 1746 διδοὺς
1404 1683 1495 1753 τὸν
1539 1683 1833 1748 ἐπιούσιον,
1872 1685 1967 1738 καὶ

374 1770 474 1840 τὴν
520 1770 742 1841 λογικὴν
795 1770 889 1823 καὶ
933 1772 1256 1843 ἐπουράνιον
1313 1772 1555 1844 τροφήν·
1605 1773 1864 1846 ἐπαρκῶν
1909 1773 1963 1826 δὲ

375 1835 467 1920 καὶ
487 1866 554 1920 τὰ
571 1835 713 1938 πρὸς
723 1867 815 1920 τὸν
839 1867 950 1937 βίον
967 1835 1224 1938 χρειώδη.
1245 1835 1526 1939 Τούίτω
1544 1867 1652 1938 γὰρ
1693 1835 1962 1939 ἐπήγγελ-
1996 1835 2040 1890 Β

371 1974 464 2010 ται
505 1959 712 2028 φήσας’
764 1955 900 2014 Οἵδε
942 1961 1054 2028 γὰρ
1095 1962 1128 2013 ό
1168 1958 1373 2027 Πατὴρ
1406 1959 1573 2028 ὑμῶν
1616 1963 1648 2012 ὁ
1683 1959 1962 2028 οὐράνιος

371 2044 460 2103 ὧν
484 2051 696 2120 χρείαν
725 2051 895 2120 ἔχετε
923 2050 1038 2118 πρὸ
1072 2049 1178 2104 τοῦ
1211 2069 1265 2104 τι
1293 2051 1478 2104 αὑτὸν
1507 2049 1748 2118 αἰτῆσαι
1784 2050 1958 2121 ὑμᾶς.

372 2143 566 2208 Αὐτός
602 2157 678 2196 σε
721 2142 790 2196 δὲ
825 2141 1156 2211 -διαθρέψκει,
1205 2143 1282 2206 ὡς
1342 2141 1437 2196 καὶ
1490 2143 1669 2196 πάντα
1714 2142 1919 2197 δίκαιον
1943 2159 1958 2175 ⁸

371 2233 561 2288 οὐδένα
601 2233 711 2306 γὰρ
756 2234 976 2287 πώποτε
1025 2233 1135 2287 τῶν
1168 2233 1392 2286 δικαίων
1426 2233 1836 2297 καταλέλοιπεν,
1889 2233 1964 2297 ὡς

373 2327 665 2399 ὑπομεῖναι
699 2331 862 2384 αὐτὸν
898 2329 1061 2382 σάλον
1101 2328 1239 2400 πρὸς
1281 2328 1341 2381 τὸ
1389 2326 1716 2398 σαλευθῆναι
1742 2328 1848 2397 ,καὶ
1881 2328 1966 2380 ἐκ·

373 2424 580 2475 πεσεῖν.
612 2422 704 2474 Διὸ
738 2421 986 2476 λέλεκται
1017 2419 1147 2491 ἑξῆς
1171 2437 1183 2450 ·
1221 2422 1304 2474 Οὐ
1329 2419 1508 2474 δώσει
1540 2422 1627 2486 εις
1647 2419 1755 2473 τὸν
1781 2419 1966 2473 αὶῶνα

373 2511 572 2567 σάλον
612 2513 694 2578 τῷ
741 2512 981 2579 δικαίῳ·
1031 2512 1065 2582 ἢ
1113 2512 1256 2566 κατὰ
1307 2513 1400 2567 τὸν
1447 2511 1779 2582 Σύμμαχον·
1841 2513 1964 2566 Οὐκ

373 2601 626 2657 ἐκδώσει
671 2605 758 2670 εὶς
786 2603 974 2657 αἰῶνα
1016 2603 1376 2672 κλεισθῆναι
1428 2601 1680 2657 δίκαιον.
1739 2601 1830 2655 Διὸ
1879 2603 1968 2656 λέ·

376 2693 563 2748 λεκται
610 2697 668 2747 ἐν
711 2695 955 2772 ἑτέροις·
1005 2693 1304 2762 Νεώτερος
1346 2694 1660 2763 ἐγενόμην,
1710 2693 1808 2748 καὶ
1856 2693 1966 2763 γὰρ

373 2787 665 2856 ἐγήρασα,
707 2789 804 2843 καὶ
837 2790 948 2841 οὐκ
989 2784 1153 2841 εἶδον
1179 2787 1413 2841 δίκαιον
1437 2786 1967 2857 ἐγκαταλελειμμέ-

373 2895 506 2941 νον,
544 2879 688 2932 οὐδὲ
716 2878 782 2932 τὸ
810 2878 1050 2949 σπέρμα
1072 2878 1258 2935 αὐτοῦ
1290 2878 1504 2947 ζητοῦν
1529 2879 1768 2946 ἄρτους.
1800 2877 1964 2933 Ταῦτ’

374 2968 567 3031 εἰπὼν,
599 2969 728 3039 ἐξῆς
770 2970 967 3039 ἐπάγει
999 2971 1130 3042 περὶ
1174 2971 1283 3024 τῶν
1329 2970 1632 3024 ἐπιϐούλων
1660 2971 1757 3024 τοῦ
1785 2973 1966 3042 Σωτῆ-

378 3078 470 3131 ρος
494 3061 578 3126 τὺ,
609 3062 696 3115 Σὺ
729 3062 798 3114 δὲ
841 3066 873 3116 ό
919 3063 1065 3128 Θεὸς
1103 3062 1382 3129 κατάξεις
1411 3063 1634 3130 αὐτοὺς
1659 3065 1746 3132 εις
1780 3064 1966 3134 φρέαρ

2070 595 2399 639 exacuerent
2433 587 2556 655 plus
2580 603 2742 657 quam
2774 590 2912 656 tela,
2945 592 3055 645 imo
3088 594 3254 648 etiam
3305 596 3422 666 ipse
3457 598 3646 653 Salva-

2069 675 2206 730 toris
2235 677 2504 744 proditor,
2540 694 2702 748 quem
2737 680 2900 735 ﬁnem
2941 686 3157 739 nacturi
3185 686 3295 740 sint
3336 689 3443 753 jam
3475 691 3650 746 decla-

2068 773 2246 819 ratum
2276 775 2397 835 est;
2435 778 2490 822 tu
2523 785 2654 824 vero
2679 771 2773 840 qui
2814 771 2929 827 haec
2958 776 3260 839 auscultas,
3286 792 3478 833 eorum
3509 797 3650 849 quos

2068 859 2412 914 narravimus
2441 861 2589 915 exitu
2626 861 2867 931 prudens
2891 864 3120 921 eﬂ‘ectus
3144 908 3158 932 ,
3205 874 3259 921 et
3294 869 3546 939 quisquis
3595 871 3644 926 ei

2068 947 2162 1015 qui
2205 948 2260 1000 in
2291 949 2549 1004 vaticinio
2586 950 2756 1005 fertur
2809 959 2862 1007 te
2919 960 3092 1008 totum
3125 955 3362 1022 dedisti,
3410 959 3644 1024 confide,

2068 1037 2294 1114 edoctus
2311 1053 2339 1091 a
2355 1037 2505 1093 Novo
2535 1039 2884 1096 Testamento
2915 1058 3102 1098 curam
3122 1051 3271 1099 tuam
3306 1062 3470 1116 super
3495 1048 3649 1102 illum

2063 1126 2296 1196 jactare,
2330 1129 2422 1182 ubi
2455 1129 2573 1199 ipse
2609 1129 2859 1186 Salvator
2909 1133 3053 1189 hanc
3091 1132 3397 1191 doctrinam
3440 1137 3644 1193 tradit:

2071 1217 2254 1274 Nolite
2287 1220 2504 1274 solliciti
2535 1238 2648 1276 esse
2673 1224 2796 1293 quid
2833 1219 3196 1292 manducetis,"
3219 1239 3310 1282 aut
3344 1229 3468 1300 quid
3499 1229 3648 1283 biba-

2071 1309 2138 1363 tis
2172 1310 2192 1342 ⁸
2220 1329 2234 1376 ;
2291 1320 2345 1365 et
2389 1330 2402 1365 :
2445 1309 2627 1367 Nolite
2651 1315 2918 1383 possidere
2957 1334 3180 1383 aurum,
3214 1335 3304 1372 nec
3341 1331 3645 1390 argentum,

2069 1419 2231 1473 neque
2262 1421 2334 1458 ws
2363 1399 2418 1458 in
2467 1407 2614 1460 zonis
2645 1417 2829 1463 vestris
2863 1410 2903 1463 ⁸.
2937 1408 3064 1466 Haec
3095 1412 3279 1481 itaque
3307 1427 3431 1466 cum
3462 1428 3649 1469 serva-

2067 1497 2235 1559 veris,
2263 1497 2418 1565 jacta
2452 1514 2608 1568 super
2632 1498 2918 1554 Dominum
2944 1514 3126 1557 curam
3156 1513 3322 1568 tuam,
3365 1515 3415 1559 et
3452 1507 3562 1575 ipse
3599 1514 3649 1560 te

2067 1590 2300 1643 enutriet
2329 1629 2342 1653 ,
2392 1590 2532 1645 dans
2563 1591 2661 1646 tibi
2709 1607 2902 1662 panem
2939 1596 3522 1665 supersubstantialem
3546 1637 3563 1664 ,
3595 1609 3652 1655 et

2068 1681 2390 1736 rationalem
2455 1683 2847 1754 cmlestemque
2919 1686 3152 1754 cibum;
3221 1689 3650 1746 subministrans

2069 1789 2290 1844 quoque
2323 1789 2385 1829 ea
2429 1790 2550 1845 qua:
2588 1787 2717 1832 sunt
2742 1777 2810 1832 ad
2839 1779 3002 1834 vitam
3034 1782 3386 1837 necessaria:
3425 1783 3478 1837 id
3503 1784 3649 1838 enim

2067 1864 2344 1933 pollicitus
2365 1864 2452 1921 bis
2484 1867 2667 1922 verbis
2699 1876 2784 1923 est
2811 1887 2824 1922 :
2854 1867 2965 1923 Scit
3004 1873 3144 1925 enim
3180 1872 3344 1927 Pater
3369 1883 3535 1929 vester
3556 1892 3653 1930 cae-

2065 1953 2212 2008 lestis
2235 1971 2459 2024 quorum
2490 1972 2617 2026 opus
2657 1952 2879 2024 habetis,
2907 1971 3185 2033 antequam
3207 1965 3330 2034 quid
3350 1982 3438 2020 vos
3459 1969 3650 2034 petatis

2066 2043 2132 2100 ab
2162 2047 2274 2115 ipso
2304 2049 2346 2102 ⁷.
2381 2047 2502 2118 Ipse
2537 2058 2584 2106 te
2604 2053 2850 2115 enutriet,
2887 2062 2946 2108 ut
2990 2064 3044 2109 et
3078 2058 3377 2126 quemlibet
3411 2058 3647 2130 justum;

2065 2140 2339 2196 neminem
2369 2143 2514 2197 enim
2554 2144 2833 2213 justorum
2878 2162 3118 2216 unquam
3175 2149 3252 2203 ita
3296 2151 3548 2222 reliquit,
3590 2161 3652 2207 ut

2065 2232 2476 2290 ﬂuctuationem
2522 2246 2820 2306 pateretur,
2859 2253 2923 2292 ac
2975 2241 3257 2296 vacillaret
3310 2250 3366 2298 et
3407 2242 3646 2298 caderet.

2067 2325 2248 2392 Quare
2273 2328 2375 2382 sub
2403 2327 2520 2383 haec
2547 2329 2753 2384 dictum
2790 2338 2913 2386 est:
2955 2330 3079 2386 Non
3121 2332 3270 2386 dabit
3300 2335 3357 2388 in
3395 2343 3651 2389 wternum

2067 2402 2465 2484 ﬂuctuationem
2486 2419 2663 2484 iusto;
2688 2420 2802 2475 sive
2828 2428 2886 2474 ut
2912 2410 3314 2492 Symmachus:
3347 2423 3470 2478 Non
3501 2426 3652 2480 dabit

2069 2509 2124 2561 in
2152 2517 2404 2563 internum
2425 2510 2603 2563 claudi
2618 2511 2847 2580 justum.
2877 2507 3002 2568 Ideo
3031 2513 3161 2567 alibi
3184 2513 3386 2569 dicitur
3411 2533 3426 2570 :
3454 2514 3650 2571 Iunior

2069 2595 2168 2675 fui,
2195 2598 2384 2651 etenim
2413 2601 2592 2667 senui,
2638 2611 2688 2653 et
2731 2617 2834 2655 non
2887 2601 2994 2655 vidi
3040 2602 3250 2671 justum
3303 2603 3647 2672 derelictum,

2068 2703 2160 2740 nec
2189 2703 2361 2742 semen
2389 2689 2504 2758 ejus
2532 2707 2769 2760 quwrens
2819 2708 2978 2760 panes
3027 2693 3069 2747 ⁸.
3129 2690 3224 2750 His
3256 2695 3483 2764 prolatis
3507 2736 3522 2762 ,
3579 2694 3651 2752 de

2067 2776 2482 2836 insidiatoribus
2509 2779 2811 2839 Salvatoris
2831 2785 2934 2838 hoc
2957 2784 3146 2855 adjicit
3171 2805 3184 2839 :
3221 2785 3300 2838 Tu
3319 2802 3456 2853 vero,
3487 2785 3648 2855 Deus,

2068 2871 2290 2926 deduces
2331 2889 2418 2928 eos
2464 2874 2521 2928 in
2554 2885 2774 2943 puteum
2823 2877 3104 2940 interitus;
3143 2877 3288 2944 sive,
3346 2879 3649 2935 secundum

2070 2960 2478 3033 Symmachum,
2513 2965 2593 3018 Tu
2622 2983 2761 3032 vero,
2795 2966 2972 3032 Deus,
3016 2967 3228 3038 dejicies
3258 2984 3344 3023 eos
3374 2971 3427 3022 in
3471 2968 3650 3023 lacum

2067 3055 2312 3110 interitus
2344 3058 2405 3110 9:
2460 3057 2529 3112 de
2577 3074 2686 3128 quo
2724 3059 2846 3113 lacu
2900 3068 3156 3116 sexcenta
3210 3060 3462 3130 superius
3503 3060 3649 3114 dicta

374 3151 701 3222 διαφθορᾶς
724 3172 737 3183 ο
774 3154 806 3226 ἢ
841 3154 985 3208 κατὰ
1012 3155 1103 3208 τὸν
1141 3155 1472 3227 Σύμμαχον·
1506 3148 1591 3212 Σὺ
1631 3157 1701 3211 δὲ
1744 3161 1777 3212 ό
1820 3159 1963 3226 θεὸς

2071 3155 2233 3213 sunt,
2269 3150 2503 3219 exempli
2532 3150 2707 3222 gratia
2734 3170 2746 3206 :
2783 3151 3108 3221 Exspectans
3141 3153 3433 3221 exspectavi
3463 3151 3651 3206 Domi-

375 3243 754 3313 κατενέγκεις
794 3245 1019 3311 αὐτοὺς
1048 3247 1135 3311 εἰς
1162 3246 1396 3300 λάκκον
1437 3247 1793 3317 διαφθορᾶς·
1842 3251 1970 3320 περὶ

373 3327 438 3388 οὗ
464 3333 668 3389 λάκκου
703 3337 872 3407 μυρία
901 3337 992 3390 διὰ
1019 3335 1128 3390 τῶν
1161 3337 1470 3410 ἔμπροσθεν
1503 3339 1716 3411 εἴρηται
1737 3356 1750 3372 ο
1775 3339 1965 3413 ὥσπερ

379 3427 438 3479 ἐν
484 3427 591 3498 τῷ·
653 3428 987 3498 Ὑπομένων
1036 3429 1328 3499 ὑπέμεινα
1383 3431 1491 3485 τὸν
1548 3433 1807 3500 Κύριον,
1869 3434 1968 3487 καὶ

377 3520 690 3590 προσέσχε
718 3539 841 3590 μοι,
886 3523 986 3576 καὶ
1025 3522 1289 3592 άνήγαγέ
1315 3540 1392 3592 με
1415 3523 1485 3578 ἐκ
1506 3524 1738 3580 λάκκου
1768 3530 1969 3581 ταλαι-

377 3613 622 3680 πωρίας,
671 3613 773 3668 καὶ
806 3615 925 3669 ἀπὸ
959 3615 1158 3683 πηλοῦ
1206 3617 1376 3683 ἰλύος
1397 3633 1409 3646 ³
1464 3617 1558 3671 καὶ
1594 3618 1758 3672 πάλιν
1780 3637 1792 3649 ·
1845 3620 1968 3688 Μνή-

378 3694 525 3758 ετοτε
561 3706 1046 3776 παρασιωπήσῃς
1071 3708 1172 3781 ἀπ’
1200 3707 1366 3777 ἐμοῦ,
1399 3710 1498 3763 καὶ
1528 3711 1969 3780 όμοιωθήσομαι

375 3796 502 3863 τοῖς
544 3799 1012 3854 καταϐαίνουσιν
1054 3803 1142 3866 εὶς
1175 3799 1434 3854 λάκκον·
1474 3802 1570 3855 καὶ
1620 3798 1807 3866 αὖθις’
1849 3803 1966 3856 Κύ-

375 3903 484 3953 ριε,
511 3887 813 3958 ἀνήγαγες
848 3889 918 3954 ἐξ
950 3889 1099 3956 ᾅδου
1138 3887 1256 3959 τὴν
1293 3891 1508 3961 ψυχήν
1548 3910 1689 3961 μου,
1725 3892 1968 3959 ἕσωσάς

374 3995 449 4045 με
479 3977 599 4032 ἀπὸ
637 3978 757 4032 τῶν
803 3982 1286 4034 καταϐαινόντων
1320 3983 1408 4047 εὶς
1451 3980 1705 4036 λάκκον.
1769 3977 1906 4037 Ἀλλ’
1939 3985 1968 4036 6

380 4069 480 4138 μὲν
511 4069 720 4133 δίκαιος
748 4069 1072 4134 διασώζεται
1106 4071 1242 4143 πρὸς
1271 4073 1332 4125 τὸ
1368 4072 1442 4143 μὴ
1476 4073 1867 4146 κατενεχθῆναι
1888 4076 1968 4138 εις

374 4159 469 4213 τὸν
496 4160 827 4232 δηλούμενον
851 4162 1054 4216 λάκκον
1072 4180 1084 4192 ·
1116 4165 1170 4216 οι
1193 4163 1250 4216 δὲ
1282 4164 1499 4228 ἀσεϐεῖς
1532 4165 1683 4219 κάτω
1713 4165 1966 4238 φέρονται

376 4254 458 4315 εὶς
483 4253 667 4316 αὐτὸν,
695 4252 800 4306 ὑπὸ
824 4253 918 4307 τοῦ
944 4253 1081 4308 Θεοῦ
1105 4257 1692 4329 καταρασσόμενοι,έὼς
1722 4261 1803 4323 εἰς
1836 4276 1967 4312 κατ-

377 4344 607 4415 άλληλον
644 4344 829 4408 αὐτοῖς
868 4347 1088 4418 χωρίον.
1123 4347 1341 4400 Λάκκον
1381 4349 1438 4402 δὲ
1462 4349 1840 4422 ταλαιπωρίας
1874 4349 1967 4404 καὶ

377 4437 550 4508 πηλὸν
597 4438 762 4502 ἰλύος,
807 4440 901 4493 καὶ
936 4440 1115 4513 φρέαρ
1142 4441 1440 4513 διαφθορᾶς
1475 4443 1567 4496 τὸν
1593 4443 1685 4496 τοῦ
1731 4443 1963 4497 θανάτου

2066 3257 2211 3304 num,
2239 3252 2288 3295 et
2312 3242 2539 3296 intendit
2568 3243 2717 3308 mihi,
2733 3255 2782 3298 et
2811 3244 2991 3299 eduxit
3021 3261 3102 3300 me
3127 3245 3190 3300 de
3211 3245 3330 3300 lacu
3354 3246 3577 3300 miseria:
3597 3255 3650 3300 et

2070 3329 2134 3384 de
2161 3335 2271 3384 luto
2293 3331 2442 3400 {wris
2479 3333 2553 3399 1°;
2576 3347 2641 3386 ac
2671 3348 2892 3388 rursum
2925 3351 2938 3385 :
2972 3332 3267 3405 Nequando
3293 3343 3468 3389 taceas
3493 3350 3646 3396 ame,

2067 3431 2117 3477 et
2145 3423 2483 3484 assimilabor
2506 3423 2938 3480 descendentibus
2968 3426 3023 3480 in
3063 3427 3238 3480 lacum
3283 3425 3358 3490 “;
3419 3425 3652 3480 iterum-

2068 3531 2212 3586 que:
2248 3516 2489 3582 Domine,
2521 3517 2753 3572 eduxisti
2790 3517 2854 3572 ab
2900 3518 3104 3588 inferno
3147 3519 3381 3572 animam
3440 3534 3606 3571 meam
3629 3557 3646 3580 ,

2069 3607 2292 3662 salvasti
2324 3623 2404 3662 me
2437 3624 2471 3662 a
2498 3607 2928 3663 descendentibus
2971 3609 3027 3662 in
3077 3608 3272 3662 lacum.
3324 3605 3429 3663 Sed
3463 3608 3650 3678 justus

2069 3701 2288 3769 quidem
2313 3687 2547 3766 eruiiur,
2577 3709 2639 3755 ut
2665 3715 2733 3756 ne
2782 3701 2839 3755 in
2887 3709 3246 3756 memoratum
3281 3700 3458 3756 lacum
3498 3700 3650 3756 defe-

2068 3799 2256 3860 ratur;
2286 3792 2437 3862 impii
2468 3806 2597 3847 vero
2644 3791 2699 3846 in
2723 3792 2900 3862 ipsum
2933 3792 3288 3862 dejiciuntur,
3317 3807 3348 3847 a
3371 3791 3482 3848 Deo
3517 3808 3652 3863 prae-

2069 3884 2281 3955 cipitati
2309 3883 2468 3955 quasi
2517 3884 2574 3938 in
2619 3894 3007 3955 congruentem
3041 3884 3146 3939 sibi
3178 3883 3380 3939 locum.
3442 3883 3648 3939 Lacum

2070 3985 2250 4032 autem
2281 3977 2546 4041 miseriae,
2578 3978 2751 4031 lutum
2786 3977 2935 4031 faecis
2989 3983 3044 4031 et
3093 3984 3316 4048 puteum
3347 3976 3605 4052 interitus
3628 4016 3646 4040 ,

2070 4071 2263 4125 mortis
2305 4069 2484 4124 locum
2515 4085 2714 4125 vocare
2767 4069 2904 4124 solet
2941 4067 3242 4139 Scriptura,
3277 4069 3334 4123 in
3363 4084 3525 4139 quem
3557 4067 3653 4124 de-

2066 4161 2333 4231 jiciuntur
2381 4161 2577 4215 animae
2610 4161 2932 4232 impiorum,
2977 4161 3153 4217 instar
3189 4175 3379 4216 eorum
3436 4161 3531 4230 qui
3578 4159 3651 4214 ab

2071 4254 2181 4308 alto
2217 4253 2336 4308 loco
2389 4253 2446 4307 in
2490 4253 2690 4319 lacum.
2719 4267 2985 4324 aquarum
3034 4253 3470 4323 praecipitantur.
3509 4252 3649 4319 Quia

2070 4360 2199 4401 vero
2231 4345 2484 4415 superius
2508 4344 2810 4401 Salvatoris
2835 4347 3014 4401 nostri
3039 4346 3424 4402 interfectores
3448 4361 3649 4402 memo—

2069 4439 2233 4503 ravit,
2258 4444 2658 4507 consequenter
2687 4438 2799 4506 jam
2827 4435 2895 4491 de
2922 4436 3117 4492 iisdem
3141 4437 3216 4490 ait
3241 4453 3255 4490 :
3299 4436 3412 4490 Viri
3441 4438 3652 4507 sangui-

374 4527 544 4584 τόπον
577 4530 762 4584 καλεῖν
812 4532 1000 4586 εἴωθεν
1031 4534 1059 4584 ὁ
1104 4533 1291 4602 λόγος·
1321 4536 1400 4598 εις
1442 4534 1501 4588 ὃν
1535 4535 1964 4590 καταϐάλλονται

2072 4547 2197 4584 num
2226 4539 2275 4584 et
2302 4529 2475 4584 dolosi
2507 4545 2612 4584 non
2634 4527 2993 4582 dimidiabunt
3022 4527 3131 4582 dies
3163 4533 3339 4593 suos;
3364 4527 3511 4593 sive,
3563 4544 3654 4584 se-

1997 4581 2044 4640 D

373 4621 536 4690 δίκην
575 4621 686 4675 τῶν
736 4621 942 4676 ἄνωθεν
983 4625 1445 4696 καταφερομένων
1487 4627 1544 4680 ἐν
1585 4627 1699 4690 τοῖς
1741 4627 1965 4692 λάκκοις

2071 4621 2311 4677 cundum
2347 4620 2768 4693 Symmachum,
2809 4619 3156 4692 Sanguinarii
3181 4631 3230 4675 et
3253 4619 3427 4674 dolosi
3449 4637 3552 4675 non
3577 4620 3656 4671 di-

373 4710 588 4764 ὑδάτων
634 4714 690 4764 αἱ
736 4711 846 4765 τῶν
891 4713 1102 4766 ἀσεϐῶν
1134 4715 1323 4786 ψυχαί.
1377 4717 1490 4770 Καὶ
1530 4718 1829 4790 ἐπειδήπερ
1878 4718 1967 4772 διὰ

371 4799 486 4852 τῶν
529 4799 840 4872 ἔμπροσθεν
881 4802 1009 4866 τοὺς
1052 4804 1315 4872 φονευτὰς
1362 4804 1456 4858 τοῦ
1506 4807 1760 4879 Σωτῆρος
1807 4809 1963 4880 ἡμῶν

374 4891 586 4964 ἐδήλου,
621 4893 934 4957 ἀκολούθως
968 4894 1060 4948 καὶ
1092 4894 1188 4951 νῦν
1216 4896 1348 4969 περὶ
1391 4896 1500 4951 τῶν
1534 4899 1713 4952 αὐτῶν
1763 4917 1958 4971 φησιν·

377 4983 621 5052 Ἄνδρες
650 4983 913 5054 αἱμάτων
941 4987 1036 5040 καὶ
1065 4987 1411 5057 δολιότητος
1434 5007 1446 5019 ·
1479 4992 1552 5044 οὺ
1578 4991 1666 5060 μὴ
1711 4993 1962 5061 ἡμιισεύ-

374 5090 534 5130 σωσι
574 5077 680 5143 τὰς
713 5077 937 5146 ἡμέρας
973 5079 1205 5134 αὐτῶν
1251 5081 1283 5152 ἢ
1320 5081 1461 5136 κατὰ
1492 5083 1582 5138 τὸν
1625 5083 1919 5155 Σύμμαχον
1944 5101 1956 5114 ·

375 5171 700 5237 Μιαιςρόνοι
745 5169 846 5223 καὶ
877 5169 1069 5225 δόλιοι
1099 5173 1212 5242 οὐχ
1249 5175 1630 5242 ἡμισεύσωσι
1677 5177 1783 5242 τὰς
1824 5178 1964 5246 ἠμέ-

368 5277 488 5328 ρας
517 5259 716 5314 αὐτῶν
735 5277 747 5290 ·
777 5261 811 5332 ἦ
839 5261 981 5314 κατὰ
1006 5261 1096 5314 τὸν
1133 5262 1360 5317 Ἀκύλαν
1381 5282 1394 5294 ο
1435 5264 1676 5333 Ἄνδρες
1702 5265 1965 5336 αἱμάτων

376 5350 478 5403 eral
519 5349 843 5418 ἐπιθέσεως
885 5354 999 5421 οὐχ
1037 5353 1453 5420 ἡμισεύσωσιν
1484 5357 1708 5426 ἡμέρας
1743 5359 1960 5415 αὐτῶν.

375 5441 615 5512 Νοήσεις
645 5442 702 5495 δὲ
731 5444 880 5507 ὅπως
923 5444 1259 5516 ἐπληροῦντο
1285 5449 1382 5501 καὶ
1417 5449 1592 5502 ταῦτα
1637 5450 1962 5521 ἐπιστήσας,

379 5533 458 5596 ὼς
491 5536 832 5607 παραχρῆμα
867 5537 962 5589 καὶ
990 5539 1107 5607 μετ’
1135 5539 1196 5591 οὐ
1232 5539 1398 5594 πολὺν
1446 5541 1635 5612 χρόνον
1677 5549 1776 5612 τῆς
1823 5543 1977 5625 κατὰ,

453 5648 473 5678 ⁸
516 5646 707 5701 Matth.
744 5664 799 5700 v1
835 5647 926 5718 25.
1015 5648 1035 5678 °
1075 5649 1272 5703 Matth.
1307 5667 1360 5718 κ,
1378 5650 1429 5708 9.
1540 5654 1559 5685 ⁷
1599 5651 1732 5708 Luc.
1770 5653 1981 5718 “1,30.

379 5733 569 5781 xxxvi,
630 5719 681 5772 l.
761 5719 802 5749 “
843 5716 984 5772 Psal.
1022 5735 1186 5783 xxxx,
1222 5720 1277 5773 4.

457 5809 535 5879 (1)
575 5810 785 5871 Τούτῳ.
829 5809 1102 5878 lnterpres
1129 5811 1328 5881 legisse
1360 5809 1577 5866 videtur
1612 5826 1787 5864 τουτο.
1833 5807 1993 5864 Enn.

722 5905 994 5966 PATBOL.
1030 5905 1146 5966 Gn.
1183 5904 1423 5967 XXIII.

2068 4714 2369 4768 midiabunt
2399 4713 2511 4768 dies
2535 4730 2658 4769 suos
2672 4729 2692 4778 ;
2731 4712 2817 4768 vel
2862 4712 3165 4768 secundum
3218 4710 3502 4782 Aquilam,
3537 4709 3654 4764 Viri

2071 4806 2384 4876 sanguinum
2412 4813 2462 4858 et
2479 4805 2707 4859 insultas
2727 4819 2831 4858 non
2849 4802 3201 4858 dimidiabunt
3221 4802 3330 4857 dies
3355 4818 3500 4857 suos.
3525 4799 3654 4855 Hac

2071 4907 2131 4952 ut
2162 4898 2383 4968 impleta
2414 4896 2640 4963 fuerint,
2676 4897 2969 4968 intelliges,
2999 4897 3043 4951 si
3077 4895 3410 4964 perpendas,
3440 4892 3649 4954 statim,

2070 5003 2173 5043 nec
2200 4987 2384 5057 elapso
2412 4986 2584 5040 multo
2603 4995 2846 5056 tempore
2875 4985 2946 5040 ab
2969 4983 3182 5039 insidiis
3201 4990 3391 5037 contra
3403 4979 3653 5034 Salvato-

2071 5094 2186 5134 rem
2210 5087 2481 5145 nostrum,
2504 5085 2678 5133 totum
2702 5092 2873 5148 genus
2913 5081 3341 5131 memoratorum
3365 5071 3651 5126 hominum

2072 5171 2331 5242 perniciei
2365 5169 2614 5225 funditus
2644 5170 2907 5225 traditum
2929 5183 3082 5232 esse,
3117 5163 3406 5220 invadente
3447 5177 3541 5219 eos
3571 5162 3653 5219 ira

2073 5264 2128 5318 in
2179 5261 2465 5318 obsidione
2518 5261 2784 5317 Romanis
2829 5259 3032 5315 bellum
3092 5253 3450 5312 inferentibus
3483 5251 3649 5308 facta.

2074 5355 2188 5411 lmo
2229 5355 2396 5412 etiam
2439 5356 2493 5409 in
2555 5353 2812 5426 praesenti
2845 5362 3089 5420 tempore
3127 5346 3375 5402 mortalis
3424 5343 3654 5413 hujusce

2075 5452 2219 5514 vitze,
2249 5463 2374 5503 cum
2396 5463 2464 5503 ne
2498 5447 2784 5502 dimidium
2818 5443 3038 5516 quidem
3070 5439 3284 5493 dierum
3319 5442 3652 5507 exegissent,

2073 5538 2388 5611 hujusmodi
2423 5539 2686 5610 perniciei
2716 5537 2815 5593 viri
2873 5536 2948 5590 illi
2988 5531 3316 5604 sanguian
3370 5537 3443 5588 et.
3471 5526 3658 5584 dolosi

2097 5653 2120 5684 ⁸
2158 5651 2305 5709 Psal.
2341 5650 2632 5720 xxxvr,25.
2733 5650 2754 5681 ’
2793 5646 2938 5706 Psal.
2973 5659 3219 5710 uxxvn,
3255 5642 3311 5699 7.
3419 5641 3460 5672 ¹⁰
3499 5620 3655 5700 Psai.

3290 5900 3364 5959 16
