4138 6386
495 426 592 481 491

1179 417 1451 477 EUSEBII
1490 413 1974 472 CESARIENSIS
2013 411 2164 469 OPP.
2206 412 2387 467 PARS
2423 410 2510 468 Ill.
2553 444 2624 454 —
2660 410 3072 477 EXEGETICA.
3160 380 3169 397 ί

3632 413 3741 469 49!

495 539 687 596 traditi
711 547 857 595 sunt.
889 537 1019 593 Post
1046 545 1276 592 mortem
1325 550 1456 591 vero
1483 550 1734 606 quaenam
1776 533 1925 603 ipsos
1955 547 2064 586 ma‘

2172 531 2265 585 τοῦ
2313 531 2563 602 Σωτῆρος
2604 530 2760 601 ήμῶν
2804 502 3093 600 ἐπιϐουλῆς
3130 529 3298 601 ἄρδην
3340 526 3400 580 τὸ
3432 527 3540 581 πᾶν
3585 527 3742 594 γένος

494 640 680 698 neant,
699 641 823 688 ante
846 632 1181 686 declaratum
1204 635 1290 684 est
1309 627 1395 683 his
1412 626 1623 682 verbis:
1650 626 1727 679 Tu
1749 640 1891 687 vero,
1908 624 2069 687 Deus,

494 730 715 784 deduces
763 745 851 783 eos
894 729 948 781 in
992 735 1205 797 puteum
1253 725 1516 779 interitus.
1559 720 1686 777 Haec
1725 721 1945 791 quidem
1993 718 2071 772 illi

491 823 811 893 patientur:
854 819 966 891 Ego
1028 828 1205 873 autem
1262 818 1481 887 sperabo
1520 814 1575 869 in
1606 823 1688 876 te;
1727 812 1843 868 sive
1876 813 1923 866 is
1979 808 2068 878 qui

492 914 826 967 vaticinatur
887 911 1195 983 Propheta,
1264 909 1381 966 sive
1431 908 1478 963 is
1542 905 1638 977 qui
1694 905 1752 960 in
1809 900 2068 959 vaticinio

494 1004 694 1059 fertur.

2172 623 2278 677 τῶν
2327 621 2735 694 προλεχθέντων
2775 619 2980 692 ὀλέθρῳ
3037 618 3329 691 παρεδόθη,
3382 616 3743 690 μετελθούσης

2172 713 2368 777 αὐτοὺς
2395 712 2495 783 τῆς
2516 713 2684 783 ὀργῆς
2706 712 2764 765 ὲν
2795 713 2861 781 τῇ
2890 709 3272 783 καταλαϐούσῃ
3302 708 3497 772 αὐτοὺς
3528 708 3744 780 πολιορ-

2171 805 2264 876 κίᾳ
2306 803 2451 859 κατά
2498 803 2591 857 τὸν
2630 801 2935 873 Ῥωμαϊκὸν
2980 800 3238 872 πόλεμον.
3295 801 3407 854 Καὶ
3452 798 3594 862 τέως
3642 798 3744 869 μὲν

2170 897 2311 951 κατὰ
2346 895 2438 949 τὸν
2465 894 2707 967 παρόντα
2734 893 2944 964 καιρὸν,
2978 893 3072 946 καὶ
3095 892 3187 946 τὸν
3223 891 3416 964 θνητὸν
3445 894 3504 945 ὲν
3532 887 3743 961 ἀνθρώ-

2169 1006 2294 1052 ποις
2322 988 2454 1059 βίον,
2489 986 2622 1058 μηδὲ
2640 980 3034 1057 ήμισεύσαντες
3052 983 3151 1047 τὰς
3183 984 3394 1055 ἡμέρας
3427 982 3602 1037 αὐτῶν
3629 998 3744 1034 τοι-

495 1096 632 1167 αύτῃ
704 1095 1078 1168 παρεδόθησαν
1120 1092 1366 1162 ἀπωλείᾳ
1395 1092 1445 1145 οἱ
1488 1089 1681 1162 ἄνδρες
1715 1088 1964 1158 αἱμάτων
2014 1084 2111 1139 κατ⁹
2147 1082 2482 1152 δολιότητος’
2532 1079 2670 1151 μετά
2741 1078 2798 1132 δὲ
2846 1077 2946 1151 τὴν
2998 1076 3232 1168 ἐνταῦθα
3272 1075 3548 1168 τελευτὴν,
3563 1076 3744 1168 frusta

494 1164 692 1250 αὐτοὺς
738 1164 1057 1253 διαδέξεται,
1095 1184 1492 1256 προδεδήλωται
1541 1180 1629 1235 διὰ
1666 1180 1781 1259 τοῦ,
1815 1178 1898 1232 Σὺ
1940 1176 2008 1230 δὲ
2037 1179 2070 1230 ὁ
2109 1174 2253 1240 Θεὸς
2274 1172 2551 1238 κατάξεις
2570 1170 2791 1237 αὐτοὺς
2811 1172 2898 1237 εὶς
2919 1169 3102 1239 φρέαρ
3162 1165 3502 1237 διαφθορᾶς.
3538 1164 3745 1259 ,Ταῦτα

499 1283 597 1350 μὲν
626 1276 718 1336 οὖν
752 1282 949 1335 ἐκεῖνοι
983 1282 1262 1334 πείσονται
1282 1296 1296 1309 ·
1346 1277 1487 1349 Ἐγὼ
1514 1275 1584 1330 δὲ
1609 1274 1794 1330 ἐλπιῶ
1830 1273 1929 1327 ἐπὶ
1965 1270 2067 1326 σέ·
2106 1271 2225 1341 ἦτοι
2248 1271 2277 1323 ὁ
2300 1267 2471 1323 ταῦτα
2503 1266 2772 1331 θεσπίζων
2793 1264 3098 1337 προφήτης,
3119 1262 3275 1352 ἢίκαὶ
3300 1259 3461 1322 αὐτὸς
3523 1258 3553 1311 ό
3612 1272 3747 1328 προ-

495 1376 883 1447 φητευόμενος.

495 1492 548 1548 ι.
589 1490 658 1545 1N
696 1491 934 1555 FINEM,
987 1491 1126 1549 PRO
1182 1492 1478 1556 POPULO,
1527 1491 1645 1559 QUI
1686 1492 1730 1545 A
1768 1485 2058 1559 sucus

565 1561 794 1615 LONGE
829 1562 1105 1620 FACTUS
1151 1564 1306 1625 EST.
1349 1556 1569 1617 DAVID'
1597 1561 1662 1615 IN
1702 1558 1933 1614 TlTULl
1965 1556 2062 1611 ιΝ-

568 1630 1048 1695 SCRIPTIONEM,
1111 1634 1257 1690 CUM
1295 1632 1719 1690 TENUERUNT
1757 1631 1903 1687 EUM
1938 1627 2063 1696 AL:

522 1700 865 1756 :<LOPHYLI
887 1703 954 1758 IN
986 1704 1192 1760 GETH.
1223 1704 1331 1760 LV.

562 1812 730 1870 Vens.
772 1815 896 1871 2-4.
938 1816 1189 1873 Miserere
1214 1820 1335 1885 mei,
1367 1819 1508 1875 Deus
1533 1862 1549 1888 ,
1576 1821 1824 1891 quoniam
1853 1837 2067 1875 concut-

2166 1476 2278 1532 ΕΙΣ
2301 1474 2389 1526 T0
2417 1471 2639 1524 ΤΕΛΟΣ
2662 1470 2848 1523 ΥΠΕΡ
2878 1468 3016 1522 ΤΟΥ
3038 1468 3243 1531 ΛΑΟΥ,
3274 1468 3412 1523 ΤΟΥ
3436 1467 3574 1522 ΑΠΟ
3607 1470 3751 1524 ΤΩΝ

2236 1543 2439 1598 ΑΓΙΩΝ
2485 1538 3157 1601 ΜΕΜΑΚΡΥΜΜΕΝΟΥ,
3204 1540 3340 1593 ΤΟΥ
3384 1541 3582 1592 ΔΑΥΙΔ
3637 1540 3752 1593 ΕΙΣ

2240 1616 2325 1668 ΣΤ
2331 1611 2768 1666 ΗΛΟΓΡΑΦΙΑΝ
2776 1651 2790 1675 ,
2817 1610 3041 1662 UHOTE
3062 1610 3479 1663 ΕΚΡΑἸἪΣΑΝ
3510 1608 3744 1666 ΑΥΤΟΝ

2244 1686 2309 1739 01
2342 1682 2735 1736 ΑΛΛΟΦΥΛΟΙ
2775 1680 2867 1733 ΕΝ
2892 1678 3042 1732 ΓΕΘ.
3070 1679 3196 1732 ΝΕ¹.

2258 1823 2549 1893 Ἐλέησόν
2570 1782 2666 1891 με,
2706 1823 2739 1875 ό
2789 1818 2952 1887 Θεὸς,
2993 1818 3085 1873 ὅτι
3115 1816 3495 1885 κατεπάτησε
3527 1833 3605 1886 με
3640 1815 3745 1871 ἆν-

495 1906 631 1960 cavit
659 1923 740 1960 me
779 1906 933 1963 homo
957 1948 973 1974 ,
1005 1919 1117 1964 tota
1167 1911 1252 1966 die
1293 1915 1607 1982 impugnans
1661 1914 1932 1970 tribulavit
1964 1933 2064 1973 me.

2172 1921 2420 1986 θρωπος,
2457 1916 2611 1983 ὅλην
2655 1912 2769 1980 τὴν
2813 1912 3040 1981 ἡμέραν
3083 1909 3360 1979 πολεμῶν
3389 1907 3601 1976 ἕθλιψέ
3642 1924 3739 1977 με.

492 1996 736 2068 Populus
770 2002 921 2070 quia
967 2003 1174 2058 sanctis
1207 2005 1366 2075 longe
1417 2004 1597 2061 factus
1640 2016 1758 2072 est,
1801 2015 2067 2077 quantum

493 2088 564 2143 ad
597 2090 906 2157 historiam,
936 2093 1155 2149 videtur
1198 2096 1246 2152 is
1288 2111 1412 2152 esse
1439 2099 1534 2168 qui
1563 2111 1687 2153 cum
1745 2098 1948 2155 Davide
1976 2099 2067 2155 fu-

491 2181 672 2251 giebat
701 2196 731 2235 a
755 2181 897 2239 facie
924 2182 1139 2251 Saulis;
1175 2176 1530 2243 eran'tautem
1560 2190 1664 2244 viri
1692 2206 1921 2246 numero
1944 2207 2069 2247 sex-

476 2273 659 2337 ,centi,
691 2280 753 2327 ut
805 2281 1040 2329 testatur
1089 2274 1399 2347 Regnorum
1456 2280 1750 2348 scriptura.
1800 2280 2069 2346 Quoniam

490 2378 624 2417 vero
651 2363 739 2418 bis
766 2365 910 2434 apud
931 2364 1181 2424 Gethzeos
1214 2369 1518 2440 allophylo’s
1547 2370 1683 2439 fuit;
1719 2373 1918 2443 primo,
1940 2388 2067 2427 cum

492 2455 645 2510 solus
672 2455 1043 2526 deprehensus
1070 2460 1210 2513 intra
1234 2468 1441 2530 portas,
1469 2462 1737 2516 insaniam
1770 2464 2064 2532 simulavit,

493 2546 714 2615 quando
742 2562 842 2602 ceu
875 2558 1132 2618 tympano
1164 2551 1418 2619 pulsabat
1464 2553 1520 2607 in
1570 2553 1744 2623 portis
1792 2553 1945 2611 urbis
1968 2593 1982 2618 ,
2012 2562 2068 2609 et

492 2636 799 2693 defluebant
855 2641 1039 2696 salivae
1088 2641 1209 2710 ejus
1267 2643 1324 2696 in
1367 2644 1592 2699 barbam
1626 2645 1706 2713 ¹²;
1753 2646 1890 2701 alias
1935 2661 2067 2702 vero

493 2733 714 2803 quando
740 2748 862 2787 cum
888 2735 1161 2789 sexcentis
1181 2735 1312 2790 viris
1337 2735 1404 2790 ad
1449 2751 1630 2807 regem
1682 2735 1818 2792 Geth
1871 2736 2066 2793 conlu»

495 2823 574 2893 git
592 2823 660 2887 ¹³,
702 2823 793 2893 qui
812 2825 1111 2896 assignavit
1131 2826 1208 2882 illi
1236 2828 1290 2881 in
1312 2827 1684 2884 habitaculum
1709 2828 2068 2885 Sicela.Vide-

495 2925 588 2968 tur
613 2929 854 2984 praesens
895 2916 1182 2987 inscriptio
1204 2917 1317 2973 haec
1333 2918 1518 2973 Davidi
1533 2920 1828 2985 ascribere,
1849 2919 2067 2989 quando

496 3021 621 3061 cum
646 3007 920 3064 sexcentis
939 3010 1073 3065 viris
1100 3025 1284 3065 secum
1305 3009 1635 3083 fugientibus
1653 3011 1794 3082 apud
1817 3010 2066 3068 Getbmos

496 3099 947 3169 peregrinabatur
974 3140 990 3166 ,
1021 3101 1114 3171 qui
1146 3101 1323 3171 ipsum
1359 3112 1688 3173 exceperunt
1726 3112 1781 3159 et
1822 3103 1964 3174 apud
2007 3118 2067 3159 se

497 3199 556 3244 ut
586 3191 822 3246 amicum
849 3192 1201 3249 detinuerunt
1222 3233 1237 3258 ,
1282 3209 1391 3265 quo
1443 3203 1684 3265 tempore
1714 3209 1745 3249 a
1773 3210 1899 3261 rege
1928 3194 2066 3251 Geth

2169 2012 2312 2075 Λαὺς
2342 2011 2449 2064 ἀπὸ
2492 2009 2600 2063 τῶν
2638 2008 2809 2076 ἁγίων
2841 2005 3324 2079 μεμακρυμμένος,
3353 2004 3476 2058 ὅσον
3516 2004 3609 2056 ἐπὶ
3643 2002 3744 2074 τῆς

2172 2104 2428 2177 ἱστορίας,
2460 2102 2635 2156 ἔοικεν
2680 2098 2817 2153 εἶναι
2864 2102 2893 2153 ὁ
2922 2101 3019 2154 σὺν
3064 2097 3142 2168 τῷ
3189 2095 3348 2151 Δαυῒδ
3390 2093 3603 2169 φεύγων
3635 2093 3744 2147 ἀπὸ

2170 2194 2461 2269 προσώπου
2503 2193 2708 2246 Σαούλο
2744 2189 2884 2264 ἦσαν
2917 2191 2973 2244 δὲ
3002 2190 3093 2243 τὸν
3123 2187 3353 2260 ἀριθμὸν
3393 2186 3584 2258 ἄνδρες
3616 2185 3743 2251 ἑξα-

2169 2289 2360 2351 κόσιοι,
2383 2286 2520 2356 ὡςὴ
2557 2283 2748 2355 Γραφῇ
2791 2283 3059 2354 μαρτυρεῖ
3087 2280 3196 2333 τῶν
3237 2277 3548 2332 Βασιλειῶν.
3592 2275 3743 2329 Ἐπεὶ

2167 2379 2225 2433 δὲ
2257 2377 2592 2446 δὶς.γέγονεν
2626 2373 2780 2447 παρά
2808 2376 2922 2437 τοῖς
2951 2374 3008 2425 ὲν
3030 2360 3139 2424 Τὲθ
3181 2369 3527 2439 ἀλλοφύλοις·
3570 2360 3740 2430 ἅπαξ,

2168 2466 2257 2521 ὅτε
2299 2466 2461 2536 μόνος
2501 2462 2835 2532 ἀποληφθεὶς
2878 2460 3009 2513 εἴσω
3064 2458 3277 2524 πυλῶν,
3328 2458 3522 2529 μανίαν
3575 2473 3744 2528 προσ-

2168 2556 2521 2629 εποιήθη,ὄτε
2548 2555 2643 2609 καὶ
2671 2552 3040 2626 ὲτυμπάνιζεν
3069 2553 3124 2606 ὲν
3152 2555 3272 2616 ταῖς
3300 2550 3495 2614 πύλαις
3522 2550 3622 2620 τῆς
3649 2548 3744 2601 πό-

2167 2650 2323 2711 λεως,
2350 2649 2445 2702 καὶ
2483 2647 2740 2719 κατέρρει
2781 2646 2849 2699 τὰ
2889 2645 3041 2700 σίελα
3069 2645 3231 2698 αὑτοῦ
3263 2644 3354 2697 ἐπὶ
3385 2642 3473 2697 τὸν
3506 2641 3743 2711 πώγωνα

2167 2738 2358 2794 αὐτοῦ’
2384 2739 2572 2794 ἄλλοτε
2602 2739 2678 2805 δὲ,
2711 2740 2801 2791 ὅτε
2833 2739 2928 2791 σὺν
2961 2736 3215 2806 ἀνδράσιν
3244 2741 3291 2805 χ’
3325 2732 3635 2805 προσέφυγε
3666 2730 3744 2802 τῷ

2169 2829 2379 2901 βασιλεί
2419 2829 2519 2899 τῆς
2561 2828 2685 2893 Γὲθ,
2715 2826 3060 2899 ἀφώρισέ’τε
3101 2825 3249 2895 αύτῷ
3280 2826 3597 2895 οἰκητήριον
3642 2824 3745 2893 τήν

2167 2918 2382 2972 Σίκελα.
2423 2917 2586 2971 Ταῦτ’
2613 2917 2787 2971 ἔοικεν
2815 2919 2849 2987 ή
2880 2916 3212 2988 προκειμένη
3248 2912 3622 2984 στηλογραφία
3662 2914 3744 2964 εί·-

2170 3010 2367 3082 ρῆσθαι
2391 3009 2469 3080 τῷ
2501 3008 2684 3076 Δαυῒδ,
2709 3009 2831 3062 καθ’
2857 3009 2916 3062 ὃν
2950 3008 3136 3079 καιρὸν
3156 3007 3271 3075 ἅμα
3301 3008 3413 3069 τοῖς
3443 3012 3488 3075 χ’
3510 3006 3623 3067 τοῖς
3646 3005 3747 3057 σὺν

2167 3104 2315 3175 αὐτῷ
2360 3105 2652 3175 φεύγουσιν
2693 3105 2954 3174 ἐπεδήμει
2998 3107 3109 3167 τοῖς
3155 3104 3212 3155 ἐν
3244 3103 3343 3156 Γέθ
3369 3120 3382 3132 ο
3421 3100 3745 3168 ὑπεδέξαντό

2168 3213 2227 3249 τε
2270 3196 2433 3250 αὐτὸν
2482 3196 2573 3250 καὶ
2623 3196 2887 3265 κατέσχον
2932 3196 3062 3266 παρ’
3094 3195 3308 3255 ἑαυτοῖς
3334 3193 3409 3256 ὡς
3442 3192 3614 3262 φίλον,
3654 3192 3743 3245 ὅτε

495 3280 552 3335 in
585 3282 760 3351 pretio
804 3281 1024 3337 habitus
1054 3288 1157 3337 est.
1200 3281 1381 3347 Quare
1412 3282 1698 3348 inscriptio
1731 3283 1811 3337 sic
1856 3282 2019 3337 habet
2046 3300 2058 3336 :

2165 3288 2259 3341 καὶ
2279 3288 2447 3358 τιμῆς
2472 3285 2716 3350 ἀξιοῦται
2743 3286 2895 3356 παρά
2926 3284 3002 3355 τῷ
3030 3284 3238 3354 βασιλεῖ
3269 3283 3391 3336 Γέθ.
3423 3284 3514 3337 Διὸ
3545 3284 3613 3337 τά
3643 3284 3743 3354 τῆς

495 3372 563 3428 1η
592 3374 771 3443 ﬁnem,
796 3390 891 3442 pro
922 3372 1135 3444 populo,
1167 3375 1257 3444 qui
1292 3391 1324 3429 a
1357 3375 1553 3429 sanctis
1581 3373 1732 3444 longe
1761 3373 1933 3442 factus
1965 3383 2063 3440 est,

491 3463 689 3519 Davidi
727 3465 782 3518 in
818 3465 961 3519 tituli
989 3465 1409 3535 inscriptionem,
1460 3481 1579 3518 cum
1630 3471 1903 3518 tenuerunt
1948 3478 2067 3517 eum

372 3596 377 3607 .
493 3556 749 3628 allophyli
771 3558 828 3610 in
862 3555 1012 3612 Geth.
1043 3554 1352 3612 Secundum
1383 3555 1633 3627 Aquilam
1674 3570 1805 3610 vero
1825 3555 2061 3609 dicitur:

502 3647 749 3702 Victoria:
775 3649 980 3701 auctori
1011 3663 1106 3718 pro
1127 3646 1368 3702 columba
1392 3655 1560 3709 muta,
1590 3647 2065 3718 peregrinationum

492 3741 715 3795 Daridis
745 3742 961 3795 humilis
995 3740 1241 3810 perfecti,
1286 3757 1404 3794 cum
1448 3748 1724 3796 tenuerunt
1761 3757 1877 3794 eum
1925 3740 2067 3810 Phy-

495 3835 665 3903 lislwi
679 3837 732 3890 in
755 3833 915 3900 Cet/2;
941 3835 1243 3891 secundum
1262 3832 1647 3907 Symmachum
1667 3849 1796 3889 vero
1818 3853 1830 3888 :
1861 3834 2067 3889 Trium-

492 3928 648 3999 phale
678 3944 772 3996 pro
805 3926 1070 3993 columba,
1101 3943 1197 3996 pro
1225 3934 1373 3998 gente
1393 3927 1605 3997 repulsa
1628 3924 1869 3990 Davidis,
1898 3926 2067 3980 humi-

494 4018 562 4072 lis
596 4027 644 4072 et
677 4019 965 4086 inculpati:
996 4017 1207 4089 quando
1255 4017 1588 4072 detinuerunt
1618 4033 1735 4071 eum
1786 4016 2065 4087 Pliylisttri

493 4110 549 4163 in
579 4108 730 4164 Geth.
762 4108 962 4175 Quinta
993 4117 1174 4163 autem
1205 4109 1373 4164 editio
1403 4127 1417 4164 :
1452 4108 1700 4164 Victoria:
1728 4112 2064 4181 auctori-pro

495 4200 737 4254 columba
769 4199 1028 4269 impedin
1060 4201 1271 4271 linquat,
1299 4200 1727 4255 absconditorum
1761 4200 1976 4268 Davidi,
2007 4204 2066 4256 in

497 4291 639 4363 tituli
669 4292 1084 4360 inscriptionem,
1107 4291 1318 4361 quando
1343 4301 1617 4347 tenuerunt
1643 4309 1761 4346 eum
1803 4293 2066 4362 allophyli

495 4384 552 4436 in
588 4381 717 4437 Geth
744 4399 763 4446 ;
796 4382 1097 4438 Theodotio
1127 4384 1248 4437 loco
1281 4384 1459 4449 illius,
1497 4383 1606 4437 Pro
1637 4384 1857 4451 populo,
1910 4387 2000 4455 qui
2032 4402 2065 4439 a

493 4475 693 4527 sanctis
723 4456 879 4544 longe
907 4473 1082 4543 factus
1109 4487 1209 4534 est,
1236 4475 1439 4544 pariter
1483 4489 1606 4528 cum
1642 4475 1785 4541 aliis,
1830 4490 1925 4545 pro
1971 4493 2062 4532 co—

493 4563 676 4619 lumba
720 4564 1107 4634 interpretatus
1140 4572 1243 4619 est.
1277 4563 1531 4621 Fortasse
1562 4581 1691 4620 vero
1720 4568 1813 4637 qui
1850 4568 2062 4623 colum-

492 4656 619 4718 bam
654 4664 883 4722 mutam,
910 4664 1004 4711 aut
1032 4657 1226 4726 lingua:
1251 4656 1522 4727 impedita:
1547 4658 1856 4724 ediderunt,
1885 4662 2062 4732 ipsum

494 4745 752 4803 Davidem
782 4748 924 4817 apud
973 4745 1273 4817 allophylos
1320 4754 1625 4801 versantem
1681 4747 2065 4817 subindicant;

486 4839 587 4895 ubi
622 4847 889 4894 consueto
935 4853 1088 4892 more
1128 4853 1238 4891 non
1294 4844 1506 4908 poterat
1540 4838 1596 4893 in
1638 4839 1844 4909 Spiritu
1877 4847 2066 4895 sancto

491 4932 807 5004 prophetias
822 4946 998 4999 neque
1014 4929 1345 4984 conﬁdenter
1361 4929 1589 5001 hymnos
1607 4929 1869 5000 proferre.
1888 4929 2068 4997 Quare

494 5024 803 5086 columbam
820 5024 1018 5094 linguae
1034 5022 1306 5091 impedita:
1322 5025 1435 5079 sive
1450 5031 1658 5077 mutam
1676 5038 1893 5094 quoque
1910 5039 2063 5078 voca-

496 5117 631 5170 bant
653 5115 856 5185 ipsum.
877 5113 935 5167 In
956 5113 1282 5184 praecedenti
1305 5129 1435 5168 sane
1449 5115 1660 5183 psalmo
1688 5114 1897 5169 dictum
1928 5122 2012 5170 est
2044 5135 2056 5169 :

497 5205 629 5271 Quis
679 5206 827 5263 dabit
856 5206 985 5258 mihi
1014 5220 1212 5274 pennas
1270 5206 1408 5291 sicut
1443 5205 1738 5262 columbw?
1772 5205 1840 5261 Et
1878 5206 2060 5262 volabo

490 5304 540 5347 ct
586 5296 927 5365 requiescam.
980 5293 1152 5365 Longe
1193 5294 1428 5364 fecissem
1475 5298 1815 5351 secessionem
1860 5314 2059 5363 meam,

494 5383 814 5438 habitassem
854 5385 908 5437 in
953 5383 1155 5438 deserto
1188 5385 1266 5451 ιδ,
1301 5386 1598 5441 secundum
1651 5387 2057 5458 Symmachum.

497 5475 765 5539 Quoniam
816 5478 983 5547 igitur
1013 5476 1248 5548 Spiritus
1281 5489 1523 5545 sanctus,
1555 5479 1649 5549 qui
1689 5480 1745 5534 in
1789 5477 2061 5549 Propheta

491 5566 859 5633 sperabatur,
905 5568 1108 5636 quique
1152 5568 1208 5620 in
1241 5567 1503 5622 columbae
1559 5567 1826 5647 specie\in
1862 5564 2060 5621 Serva-

492 5661 666 5710 torem
722 5656 1072 5714 descendisse
1119 5667 1415 5723 narratur,
1482 5673 1609 5712 cum
1655 5658 1923 5714 delicatus
1977 5659 2061 5713 in-

2168 3378 2489 3449 προγραφῆς
2518 3377 2787 3448 περιέχει·
2819 3379 2923 3443 Εἰς
2945 3375 3012 3429 τὸ
3040 3376 3227 3443 τέλος,
3247 3375 3399 3444 ὑπὲρ
3430 3375 3537 3429 τοῦ
3566 3376 3743 3442 λαοῦ,

2165 3467 2272 3521 τοῦ
2318 3466 2437 3521 ἀπὸ
2488 3465 2599 3519 τῶν
2641 3466 2823 3535 ἁγίων
2864 3464 3384 3535 μεμακρυμμένου,
3436 3465 3513 3534 τῷ
3558 3464 3738 3529 Δαυῒδ,

2168 3559 2557 3641 στηλογραφία,
2587 3559 2677 3612 ὅτε
2715 3558 3027 3630 ἐκράτησαν
3074 3556 3234 3610 αὐτὸν
3283 3558 3331 3609 oi
3363 3555 3645 3625 ἀλλόφυλοι
3684 3558 3741 3611 ὲν

2166 3651 2291 3705 Γὲθ.
2339 3649 2499 3705 Κατά
2544 3649 2601 3703 δὲ
2650 3650 2742 3702 τὸν
2781 3650 3011 3704 Ἀκύλαν
3053 3650 3305 3722 εἴρηται·
3347 3649 3430 3715 Τῷ
3461 3648 3743 3715 νικοποιῷ

2163 3740 2316 3808 ὑπὲρ
2343 3736 2700 3807 περιστερᾶς
2727 3738 2981 3804 ἀλάλου,
3010 3739 3383 3809 μακρυσμῶν
3424 3738 3531 3793 τοῦ
3563 3739 3742 3793 Δαυῖδ

2165 3831 2469 3896 ταπεινοῦ,
2492 3833 2747 3896 τελείου,
2788 3832 2859 3885 ἐν
2887 3830 2967 3897 τῷ
3011 3825 3307 3899 κρατῆσαι
3346 3830 3535 3885 αὐτὸν
3567 3834 3742 3885 Φυλι-

2163 3923 2412 3988 σταίους
2442 3923 2512 3977 ἐν
2536 3922 2654 3978 Γέθ
2678 3940 2690 3954 ⁸
2727 3922 2869 3977 κατὰ
2909 3923 2966 3976 δὲ
3016 3921 3107 3975 τὸν
3145 3921 3472 3993 Σύμμαχον·
3523 3921 3741 3975 Ἐπιγί-

2163 4032 2298 4069 actor
2319 4015 2472 4083 ὑπὲρ
2499 4014 2612 4084 τῆς
2653 4014 3026 4083 περιστερᾶς,
3054 4013 3206 4083 ὑπὲρ
3229 4015 3336 4068 τοῦ
3368 4015 3567 4083 φύλου
3592 4015 3742 4068 ἀπω-

2162 4106 2393 4176 σμένον
2436 4106 2542 4161 τοῦ
2577 4106 2779 4171 Δαυῒδ,
2826 4106 2932 4160 τοῦ
2987 4107 3455 4175 ταπεινόφρονας
3496 4108 3594 4160 καὶ
3642 4109 3741 4177 ἀμ-

2161 4199 2342 4265 ώμου,
2372 4196 2469 4251 ὅτε
2499 4197 2798 4267 κατέσχον
2815 4196 3000 4251 αὐτόν
3026 4199 3080 4251 οἱ
3120 4197 3463 4251 Φυλισταῖοι
3490 4197 3559 4251 ἐν
3585 4198 3703 4252 Γέθ
3720 4214 3735 4228 ’

2162 4290 2195 4359 ή
2229 4288 2286 4340 δὲ
2312 4288 2534 4360 πέμπτη
2572 4288 2779 4353 ἔκδοσις
2796 4306 2809 4319 '
2853 4287 2935 4353 Τῷ
2959 4287 3243 4354 νικοποιῷ
3273 4288 3426 4357 ὑπὲρ
3447 4287 3556 4357 τῆς
3583 4305 3741 4357 περιι-

2164 4376 2383 4447 στερᾶς
2427 4377 2535 4447 τῆς
2566 4379 2921 4449 μογιλάλου,
2942 4381 3364 4450 κεκρυμμένων
3412 4380 3493 4447 τῷ
3536 4382 3736 4445 Δαυῒδ,

2163 4473 2251 4535 εις
2297 4473 2769 4541 στηλογραφίαν,
2822 4476 3001 4527 όπότε
3051 4472 3393 4540 ἐκράτησαν
3447 4472 3635 4527 αὐτὸν
3686 4477 3739 4527 οἱ

2165 4559 2503 4628 ἀλλόφυλοι
2538 4561 2609 4614 ἐν
2643 4562 2789 4616 Γέθ·
2838 4563 2931 4616 καὶ
2968 4564 3007 4615 ὁ
3040 4560 3331 4615 Θεοδοτίων
3373 4559 3429 4614 δὲ
3475 4563 3595 4615 ἀντὶ
3621 4560 3738 4626 τοῦ,

2094 4625 2138 4681 D
2179 4625 2344 4718 Ὑπὲρ
2381 4652 2487 4705 τοῦ
2526 4653 2681 4707 λαοῦ
2712 4654 2828 4707 ἀπὸ
2867 4655 2986 4710 τῶν
3014 4656 3197 4725 ἁγίων
3217 4654 3737 4724 μεμακρυμμένου,

2164 4743 2318 4810 ὑπὲρ
2345 4743 2454 4812 τῆς
2480 4745 2849 4813 περιστερᾶς,
2882 4746 3083 4816 ὁμοίως
3110 4749 3221 4811 τοῖς
3254 4746 3458 4810 λοιποῖς
3486 4747 3737 4811 ἐξέδωκε.

2167 4833 2318 4904 Τάχα
2368 4833 2426 4887 δέ
2473 4852 2576 4888 που
2620 4837 2948 4891 αἰνίττονται
2999 4838 3049 4891 οἱ
3106 4837 3433 4909 περιστερὰν
3480 4837 3737 4907 ἄλαλονῆ

2170 4924 2456 4994 μογιλάλον
2486 4928 2767 4997 είρηκότες
2796 4928 2957 4980 αὐτὸν
2987 4928 3079 4981 τὸν
3108 4926 3266 4981 Δαυῖδ
3309 4927 3460 4997 παρά
3501 4930 3615 4991 τοῖς
3640 4926 3738 4980 ἀλ-

2168 5015 2416 5086 λοφύλοις
2441 5017 2591 5082 ὄντα,
2620 5018 2714 5072 καὶ
2748 5017 2820 5090 μὴ
2846 5019 3139 5090 δυνάμενον
3163 5018 3341 5072 λαλεῖν
3375 5019 3619 5091 συνήθως
3639 5018 3738 5083 τὰς

2168 5112 2225 5162 ὲν
2260 5110 2402 5180 ἁγίῳ
2438 5110 2717 5180 Πνεύματι
2752 5112 3104 5182 προφητείας,
3151 5111 3284 5183 μηδὲ
3322 5111 3418 5165 σὺν
3457 5109 3737 5182 παρρησίᾳ

2166 5201 2290 5265 τοὺς
2312 5201 2512 5272 ὕμνους
2524 5202 2928 5272 προσφέρεσθαι
2947 5201 3044 5273 (l).
3065 5203 3156 5255 Διὸ
3175 5201 3462 5274 μογιλάλον
3486 5217 3738 5273 περιστε-

2171 5292 2269 5363 ρὰν
2296 5294 2334 5365 ἢ
2371 5294 2465 5346 καὶ
2509 5293 2703 5347 ἄλαλον
2738 5294 2898 5346 αὑτὸν
2942 5294 3241 5365 ὠνόμαζον.
3286 5294 3395 5347 Καὶ
3436 5296 3493 5347 ὲν
3519 5292 3596 5364 τῷ
3629 5293 3735 5365 πρὸ

2165 5384 2352 5438 τούτου
2382 5385 2438 5438 δὲ
2469 5384 2668 5456 ψαλμῷ
2692 5384 2908 5438 λέλεκτο
2926 5402 2940 5416 ο
2977 5386 3073 5451 Τίς
3103 5384 3281 5439 δώσει
3311 5402 3413 5455 μοι
3438 5384 3736 5451 πτέρυγος

2165 5476 2308 5530 ὡσεὶ
2336 5477 2688 5546 περιστερᾶς
2704 5493 2724 5542 ;
2751 5479 2859 5531 Kal
2889 5476 3336 5548 πετασθήσομαι
3371 5476 3410 5545 ἢ
3437 5476 3537 5531 καὶ
3566 5475 3737 5544 ἐδρα-

2165 5569 2485 5638 σθήσομαι.
2538 5570 2738 5637 Πόίρω
2782 5569 2858 5622 ἂν
2901 5569 3158 5638 ἐποίησα
3207 5569 3322 5635 τὴν
3353 5565 3739 5637 ἀναχώρησιν

2159 5678 2305 5730 μου,
2326 5659 2652 5732 ηὐλιζόμην
2682 5660 2759 5717 ἂν
2782 5661 2854 5715 ἐν
2879 5660 2953 5731 τῇ
2976 5661 3194 5733 ἐρήμῳ,
3221 5661 3364 5718 κατά
3396 5661 3485 5715 τὸν
3509 5658 3580 5714 Σύ
3589 5675 3738 5731 μμα-

568 5767 611 5797 ²¹
650 5765 667 5819 l
705 5765 840 5857 Reg.
878 5784 1006 5834 ut,
1045 5769 1134 5824 l3.
1212 5771 1254 5801 ¹³
1293 5752 1477 5840 Πὶεε.
1515 5786 1697 5835 xxvrr,
1733 5770 1788 5824 2.
1867 5772 1910 5803 ιδ
1932 5771 2064 5851 .Psal

2167 5791 2258 5840 IV,
2292 5776 2345 5841 7,
2379 5774 2433 5829 8.

567 5859 643 5925 (1)
675 5861 1147 5928 Προσφέρεσθαι.
1182 5862 1344 5920 Forte
1373 5863 1757 5932 προφέρεσθαι,
1793 5872 1852 5921 ut
1888 5873 1940 5922 ct
1978 5867 2064 5920 ἱιιιι

2165 5882 2244 5924 res
2269 5866 2464 5931 legisse
2492 5865 2722 5925 videtur.
2752 5865 2909 5923 ὶοιτ.
