4138 6386
410 372 516 427 6θῖ

1541 387 2051 449 COMMENTABIA
2089 394 2155 450 IN
2195 395 2534 457 PSALMOS.

3570 418 3675 474 596

408 507 519 561 χον.
561 492 714 545 Ἐπεὶ
751 494 930 548 τοίνυν
954 497 1014 548 τὸ
1041 497 1264 570 Πνεῦμα
1290 499 1352 554 τὸ
1394 503 1546 572 ἔιγιον
1576 507 1637 560 τὸ
1669 508 1727 560 ἐν
1759 509 1836 580 τῷ
1860 511 1964 582 Πρι

2068 530 2415 588 ,ηοςθηείιυε
2443 519 2536 582 sit,
2573 535 2603 574 a
2641 518 2804 578 Saule
2835 520 3094 580 Davidem
3142 525 3468 598 insequente
3511 535 3680 603 pelle-

406 583 551 653 φήτῃ
577 583 854 654 ἐνεργοῦν,
883 586 911 638 ὃ
937 589 1031 641 καὶ
1055 590 1113 642 ἑν
1138 591 1269 644 εῐδει
1295 598 1627 666 περιστερᾶς
1655 598 1749 651 ἐπὶ
1768 601 1860 654 τὸν
1888 603 1964 656 Σω

2096 607 2275 672 batur,
2305 583 2609 682 pulsusque
2653 629 2764 668 non
2812 614 3154 681 obsistebat,
3203 583 3300 674 sed
3335 583 3542 680 similisr
3560 636 3679 681 erat

402 677 542 745 τῆρα
583 677 1012 749 κατεληλυθέναι
1046 688 1430 756 μαρτυρεῖται,
1477 693 1748 765 τρυφερὸν
1791 693 1850 748 ὃν
1896 713 1964 750 κα

2093 677 2361 755 columba:
2389 677 2555 758 muta:
2584 705 2774 772 procul
2806 705 3032 772 abactas,
3061 715 3115 763 et
3139 677 3211 764 ab
3253 677 3677 783 insequentibus

400 769 629 833 ἄκακον,
681 770 949 840 ἠλαύνετο
1002 776 1107 829 ὑπὸ
1155 778 1250 831 τοῦ
1301 781 1476 834 Σαοὺλ
1513 783 1847 856 διωκομένου
1894 789 1964 841 τοί

2093 790 2374 861 depulsae;
2401 794 2524 850 ideo
2553 769 2836 867 areliquis
2861 769 3251 869 interpretibus
3288 769 3409 872 pro.
3432 769 3679 863 columba

398 858 578 924 Δαυῒδ,
611 859 969 933 ὲλαυνόμενόν
989 882 1050 918 τε
1083 867 1185 920 οὐκ
1211 869 1470 939 ἠμύνετο,
1498 872 1612 926 ἀλλ’
1637 873 1798 945 ἐῴκει
1831 895 1991 948 περι-

2093 882 2300 938 dictum
2332 896 2437 942 est.
2466 886 2574 942 Pro
2608 890 2700 944 illo
2724 897 2937 954 autem,
2964 893 3019 946 in
3051 894 3195 947 tituli
3241 896 3638 968 inscriptionem
3659 941 3674 963 ,

398 954 564 1023 στερᾷ
587 952 771 1024 ἁλάλῳ
813 959 1202 1034 μακρυνομένῃ
1236 963 1332 1015 καὶ
1353 964 1719 1039 ἀπωθουμένῃ
1751 970 1857 1024 ὑπὸ
1878 971 1964 1024 τῶι

2091 974 2308 1045 Aquila,
2345 979 2560 1035 humilis
2594 982 2851 1050 perfecti;
2887 952 3249 1056 Symmachus
3279 952 3430 1055 νει-οι,

396 1044 736 1098 διωκόντων·
773 1047 966 1101 τούτου
1002 1052 1160 1123 χάριν
1191 1055 1335 1109 κατὰ
1388 1058 1515 1121 τοὺς
1555 1057 1779 1124 λοιποὺς
1811 1063 1986 1134 ἑρμη-

400 1137 608 1202 νευτὰς,
631 1139 785 1208 ὑπὲρ
811 1138 918 1209 τῆς
939 1144 1312 1215 περιστερᾶς,
1337 1148 1572 1221 εἴρηται.
1609 1153 1754 1206 Ἀντὶ
1780 1156 1837 1208 δὲ
1867 1157 1982 1223 τοῦ,

394 1232 481 1296 είς
517 1235 994 1303 στηλογραρίαν,
1038 1237 1067 1288 6
1116 1239 1214 1310 μὲν
1263 1241 1515 1307 Ἀκύλας,
1567 1250 1851 1302 ταπεινοῦ
1889 1267 1982 1302 τε-

394 1323 565 1377 λείου
585 1341 597 1353 ·
656 1327 686 1378 6
733 1325 790 1378 δὲ
837 1327 1151 1400 Σύμμαχος,
1204 1333 1311 1387 τοῦ
1357 1339 1824 1407 ταπεινόφρονος
1882 1344 1981 1398 καὶ
2004 1399 2011 1414 ,-

393 1418 656 1487 ἀμώμου,
688 1421 1054 1491 ἡρμήνευσεν,
1099 1425 1191 1478 τὸν
1235 1426 1435 1497 τρόπον
1482 1431 1767 1501 δηλοῦντες
1810 1435 1878 1487 δι’
1919 1436 1979 1489 ὃν

388 1507 582 1582 ὥσπερ
608 1511 808 1583 στήλης
839 1513 934 1566 καὶ
959 1515 1185 1580 αἰωνίοις
1221 1521 1443 1592 μνήμης
1469 1522 1686 1593 ἠξιοῦτο
1724 1525 1873 1598 παρὰ
1899 1527 1978 1598 τῷ

391 1601 510 1673 Θεῷ
553 1605 587 1674 ἡ
621 1604 714 1658 τοῦ
763 1607 1052 1679 Προφήτου
1083 1609 1273 1680 ἀρετή.
1318 1613 1392 1665 Τὸ
1435 1613 1543 1686 γὰρ
1586 1616 1842 1686 μέγιστον
1879 1620 1974 1673 τοῦ

385 1693 552 1746 Δαυῖδ
580 1697 914 1769 κατόρθωμα
940 1701 972 1771 ἡ
1001 1703 1326 1775 ταπεινότης
1347 1700 1416 1776 ἦν
1439 1707 1532 1759 καὶ
1561 1709 1594 1778 ή
1618 1724 1975 1782 ταπεινοφρο-

2088 1079 2137 1123 et
2172 1069 2447 1138 inculpati,
2475 1072 2817 1144 interpretati
2850 1087 3010 1144 sunt;
3046 1079 3417 1150 signiﬁcantes
3449 1101 3556 1154 qua
3587 1101 3677 1140 ra-

2084 1162 2234 1216 tione
2255 1161 2538 1233 Propheta:
2569 1168 2762 1234 virtus,
2785 1171 2941 1240 quasi
2963 1172 3144 1242 cippo,
3178 1175 3245 1229 ad
3275 1183 3530 1232 aeternam
3559 1195 3675 1234 me-

2087 1257 2316 1312 moriam
2343 1258 2485 1327 apud
2519 1257 2687 1315 Deum
2720 1261 2919 1320 donata
2955 1264 3045 1320 sit.
3075 1264 3366 1323 Enimvero
3397 1269 3672 1340 praecipua

2087 1346 2306 1404 Davidis
2346 1350 2608 1420 perfectio
2659 1362 2779 1408 erat
2833 1355 3113 1412 humilitas
3172 1366 3226 1413 et
3274 1360 3528 1430 abjectio,
3563 1378 3672 1433 qua

2085 1441 2392 1496 absolutam
2429 1446 2687 1501 virtutem
2733 1447 2869 1502 nulli
2915 1450 3328 1519 reprehensioni
3376 1453 3669 1510 obnoxiam

2081 1533 2395 1589 exhibebat.
2438 1535 2620 1602 Quare
2648 1538 2749 1594 hos
2791 1554 3094 1604 sermones,
3121 1543 3417 1599 eminentis
3443 1559 3508 1600 ac
3546 1561 3671 1615 per-

2082 1625 2238 1680 fectae
2304 1627 2631 1686 humilitatis
2687 1632 2958 1687 rationem
3029 1635 3496 1703 complectentes,
3558 1637 3667 1694 Deo

2079 1719 2277 1773 emittit
2291 1759 2305 1780 ,

389 1786 564 1893 σύνηζ³
580 1789 722 1893 καθ’,
771 1792 836 1861 ἢν
871 1792 1119 1893 τελείαν.
1152 1795 1498 1851 ἐπεδείκνυτο
1547 1800 1769 1872 ἀρετὴν,
1816 1802 2004 1858 οὐδένα
2044 1808 2234 1878 μῶμον
2290 1812 2655 1887 ἐπαγομένην.
2695 1816 2785 1869 Διὸ
2819 1819 2946 1881 τοὺς
3007 1821 3400 1892 προκειμένους
3449 1822 3661 1893 λόγους,

384 1879 834 1952 ὑπερϐαλλούσης
893 1882 988 1935 καὶ
1039 1883 1252 1948 τελείας
1303 1890 1811 1962 ταπεινοφροσύνης
1865 1893 2135 1966 δείγματα
2165 1879 2537 1973 περιέχοντας,
2577 1879 2863 1979 άνέπεμπε
2907 1879 2986 1982 τῷ
3019 1879 3138 1985 Θεῷ
3176 1879 3387 1983 λέγωνέ

470 1974 761 2043 Ἐλέησόν
794 1994 893 2047 με,
942 1982 975 2031 ό
1015 1978 1179 2046 Θεὸς,
1218 1980 1307 2035 ὅτι
1352 1985 1731 2053 κατεπάτησε
1755 2005 1833 2056 με
1869 1987 1964 2042 ἅν-

2151 1995 2402 2053 Miserere
2430 2002 2552 2061 mei.
2573 2001 2735 2066 Deus,
2755 2007 3003 2072 quoniam
3030 2010 3359 2064 conculcavit
3379 2028 3458 2066 me
3480 2011 3660 2067 homo,

385 2071 638 2137 θρωπος,
678 2069 754 2134 ὡς
793 2070 930 2142 πρὸς
974 2071 1073 2143 τὴν
1116 2072 1263 2137 λέξιν
1309 2076 1401 2128 τὸν
1445 2078 1619 2130 Σαοὺλ
1669 2080 1972 2150 σημαίνων,

380 2161 737 2214 ἑπαναϐάντα
781 2163 950 2233 αύτῷ,
1004 2164 1098 2217 καὶ⁴
1131 2166 1192 2218 ού
1246 2167 1375 2236 μίαν
1416 2169 1653 2242 ἡμέραν,
1703 2173 1840 2226 ἀλλὰ
1885 2175 1977 2227 καὶ

383 2251 587 2316 πολλὰς
615 2254 939 2325 ἐπιθέμενον
964 2255 1043 2326 τῷ
1085 2258 1204 2309 κατ’
1241 2258 1409 2311 αὑτοῦ
1443 2261 1664 2333 πολέμῳ
1687 2281 1701 2293 ·
1738 2263 1818 2317 διὸ
1859 2268 1976 2318 ἑπι-

380 2343 559 2412 λέγει·
609 2347 795 2415 Ὄλην
842 2347 956 2415 τὴν
1005 2349 1237 2418 ἡμέραν
1289 2352 1570 2421 πολεμῶν
1618 2357 1832 2430 ἔθλιψέ
1874 2377 1970 2428 με.

381 2435 495 2492 Εἶτ’
531 2439 831 2512 ἐπειδήπερ
867 2441 944 2513 τῷ
993 2443 1122 2513 θείῳ
1157 2444 1438 2515 Πνεύματι
1468 2447 1716 2520 συνεώρα
1747 2451 1845 2521 οὐχ
1885 2453 1975 2505 οῦ-

377 2547 490 2594 τως
515 2532 605 2584 τὸν
640 2532 813 2587 Σαοὺλ
845 2532 1018 2588 αἴτιον
1051 2535 1180 2588 ὄντα
1204 2537 1307 2606 τῆς
1348 2541 1618 2610 τοσαύτης
1657 2543 1776 2604 κατ’
1806 2543 1972 2597 αὐτοῦ

381 2624 637 2694 σπουδῆς,
689 2627 813 2678 ὅσον
854 2627 1083 2696 ἀφανεῖς
1129 2646 1284 2692 τινας
1335 2630 1429 2683 καὶ⁹
1480 2621 1704 2702 νοητοὺς
1744 2633 1972 2704 ἐχθροὺς

373 2717 667 2789 ἀοράτους,
703 2718 904 2791 δηλαδὴ
945 2721 1206 2793 δυνάμεις
1257 2725 1351 2777 καὶ
1390 2724 1678 2795 πνεύματα
1734 2725 1966 2798 πονηρὰ,

373 2807 470 2861 τὸν
502 2809 674 2862 Σαοὺλ
720 2811 1050 2882 ἐνεργοῦντα
1087 2815 1182 2868 καὶ
1217 2815 1551 2887 διεγείροντα
1584 2818 1677 2871 ἐπὶ
1716 2818 1807 2872 τὸν
1847 2823 1967 2872 κατ’

378 2902 543 2955 αὐτοῦ
604 2904 871 2976 πόλεμον,
923 2907 1151 2972 εἰκότως
1195 2909 1466 2978 ἐπιλέγειο
1527 2909 1970 2981 Κατεπάτησάν

369 3011 452 3064 με
482 2999 536 3050 οἱ
577 2995 780 3065 ἐχθροί
814 3016 934 3067 μου
976 2998 1132 3067 ὅλην
1162 3001 1277 3069 τὴν
1321 3001 1576 3070 ἡμέραν·
1615 3002 1648 3071 ἢ
1695 3001 1839 3056 κατὰ
1878 3004 1967 3056 τὸν

375 3086 673 3159 Σύμμαχον
692 3106 706 3120 ·
757 3089 1091 3159 Ἐπέτριὸον
1122 3096 1175 3146 οἱ
1205 3094 1514 3161 θλίϐοντές
1553 3112 1630 3165 με
1674 3097 1823 3150 κατὰ
1851 3095 1964 3152 πᾶ-

372 3194 498 3232 σαν
531 3180 780 3250 ἡμέραν.
813 3183 969 3247 Τίνες
996 3183 1052 3237 δὲ
1080 3187 1127 3237 οἱ
1163 3184 1346 3258 ἐχθροὶ
1381 3187 1475 3240 καὶ
1497 3188 1545 3239 οἱ
1572 3187 1846 3252 θλίϐοντες
1869 3190 1966 3242 αὑ-

371 3271 486 3336 τὸν,
518 3273 567 3325 οί
598 3273 687 3326 τὸν
716 3274 890 3328 Σαοὺλ
916 3275 1284 3348 ἐνεργοῦντες,
1321 3278 1576 3347 διασαφεῖ
1609 3277 1737 3350 ἑξῆς
1759 3279 1960 3350 λέγων·

377 3363 498 3418 Ὅτι
536 3367 751 3425 πολλοὶ
798 3370 851 3422 οἱ
895 3368 1303 3438 πολεμοῦντές
1337 3387 1414 3439 με
1459 3369 1578 3426 ἀπὸ
1611 3371 1829 3439 ὕψους.
1885 3375 1958 3426 Ού

373 3455 484 3528 γὰρ
520 3458 726 3526 ἠγνόει,
753 3458 829 3523 ὡς
867 3461 967 3513 οὐκ
995 3455 1062 3531 ἦν
1097 3461 1305 3532 αύτῷή
1341 3461 1485 3534 πάλη
1523 3461 1659 3535 πρὸς
1693 3459 1834 3534 αἷμα
1867 3468 1963 3520 καὶ

375 3550 576 3621 σάρκα,
600 3550 735 3610 ἀλλὰ
757 3553 894 3623 πρὸς
921 3551 1021 3616 τὰς
1049 3553 1223 3624 ἀρχὰς
1253 3554 1347 3606 καὶ
1376 3554 1645 3622 ἐξουσίας,
1674 3558 1812 3629 πρὸς
1835 3560 1962 3624 τοὺς

370 3645 822 3715 κοσμοκράτορας
853 3644 946 3697 τοῦ
989 3646 1214 3709 σκότους
1257 3645 1471 3711 τούτου,
1507 3647 1647 3718 πρὸς
1697 3647 1765 3701 τὰ
1800 3666 1962 3701 πνευ-

374 3735 578 3806 ματικὰ
609 3736 711 3806 τῆς
753 3737 1038 3809 πονηρίας,
1071 3737 1161 3806 ὑφ’
1188 3732 1262 3790 ὧν
1293 3740 1321 3791 6
1374 3739 1547 3792 Σαοὺλ
1586 3739 1956 3811 ἀκονώμενος,

370 3826 462 3879 τὸν
492 3827 658 3898 μηδὲν
699 3828 848 3899 αύτῷ
887 3828 1228 3902 λελυπηκότα
1270 3829 1490 3884 πώποτε
1533 3832 1710 3904 μάτην
1761 3833 1958 3904 ἤλαυνε

371 3919 466 3973 καὶ
500 3919 775 3991 ἐπολέμει.
813 3917 927 3973 Εἶθ’
955 3921 1081 3992 ἑξῆς
1105 3940 1300 3993 φησιν·
1345 3922 1589 3992 Ἡμέρας
1621 3925 1960 3992 φοϐηθήσο-

363 4029 491 4080 μαι,
519 4011 635 4080 ἐγὼ
657 4011 726 4065 δὲ
753 4013 940 4066 ἐλπιῶ
967 4014 1068 4066 ἐπὶ
1095 4015 1189 4068 σέ.
1235 4017 1299 4068 Ὃ
1330 4015 1394 4086 δὴ
1421 4015 1749 4087 διεσάφησεν
1774 4019 1802 4070 ό
1823 4017 1960 4088 Σύμ-

373 4121 544 4174 μαχος
587 4103 794 4159 εἰπών·
839 4101 998 4179 Ἐνῇ
1044 4107 1121 4160 ἂν
1159 4109 1352 4177 ἡμέρᾳ
1395 4109 1654 4176 φοϐηθῶ,
1705 4109 1803 4162 σοὶ
1854 4110 1958 4164 πέ-

368 4201 566 4251 ποιθα.
609 4197 672 4250 Ei
714 4198 823 4271 γὰρ
856 4199 1049 4253 καὶτὰ
1097 4185 1329 4271 μάλιστα
1371 4201 1517 4254 δοκεῖ
1561 4201 1848 4272 ἄνθρωπός
1890 4218 1958 4274 με

367 4290 912 4361 καταπεπατηκέναι,
973 4291 1141 4355 πολὺς
1204 4293 1493 4364 γενόμενος
1555 4294 1676 4346 κατ’
1733 4293 1867 4366 ἐμοῦ
1927 4298 1956 4349 ὀ

369 4379 566 4446 Σαοὺλ,
613 4381 726 4434 ἀλλ’
776 4383 823 4434 οἱ
872 4382 1058 4454 ἐχθροί
1107 4401 1208 4454 μου
1254 4385 1349 4438 καὶ
1391 4388 1439 4436 oi
1483 4385 1846 4456 πολεμοῦντες
1888 4405 1956 4458 με

368 4471 597 4536 ἄνωθεν,
633 4473 742 4526 ἀπὺ
788 4473 956 4542 ὕψους
989 4473 1059 4526 τὰ
1105 4475 1313 4528 ἑαυτῶν
1350 4473 1477 4547 βέλη
1513 4477 1654 4531 κατὰ
1687 4478 1787 4548 τῆς
1817 4478 1955 4549 ἐμῆς

299 4601 309 4621 -_
372 4564 659 4637 βάλλοντες
710 4564 889 4638 ψυχῆς
942 4565 1182 4620 πλεῖστοι
1229 4569 1575 4638 τυγχάνουσι.
1625 4569 1843 4625 Τούτων
1900 4572 1957 4626 δέ

2080 2089 2284 2145 diserte
2314 2095 2473 2162 quasi
2504 2093 2722 2151 Saulem
2765 2097 3036 2163 indicans,
3073 2101 3167 2171 qui
3217 2103 3270 2156 in
3309 2119 3367 2159 se
3398 2103 3661 2174 impetum

2079 2181 2332 2247 faciebat,
2365 2201 2544 2256 neque
2581 2205 2693 2243 uno
2724 2199 2958 2256 tantum,
2991 2194 3087 2248 sed
3123 2195 3309 2252 multis
3356 2195 3551 2253 diebus
3591 2196 3660 2252 ad

2078 2274 2282 2329 bellum
2332 2278 2437 2334 sibi
2489 2279 2833 2337 inferendum
2884 2285 3272 2351 incumbebat:
3322 2305 3494 2359 quare
3529 2290 3662 2346 sub-

2072 2368 2278 2438 jungit,
2313 2371 2538 2427 dicens:
2591 2373 2727 2428 Tota
2771 2376 2858 2430 die
2893 2377 3208 2449 impugnans
3248 2381 3524 2435 tribulavit
3553 2398 3656 2438 me.

2077 2459 2284 2516 Deinde
2339 2465 2468 2532 quia
2517 2462 2726 2535 Spiritu
2790 2477 2984 2524 sancto
3018 2479 3364 2528 menstrante
3413 2472 3654 2535 videbat,

2074 2565 2184 2606 non
2209 2561 2317 2607 tam
2349 2553 2571 2610 Saulem
2621 2559 2756 2612 tanti
2793 2558 3084 2616 adversum
3129 2577 3188 2617 se
3219 2563 3520 2618 moliminis
3554 2579 3654 2617 au-

2073 2651 2284 2699 ctorem
2315 2661 2460 2711 esse,
2492 2663 2656 2717 quam
2681 2650 2931 2705 occultos
2961 2650 3226 2720 quosdam
3256 2660 3311 2706 et
3339 2653 3653 2723 spirituales

2073 2736 2492 2808 invisibilcsque
2558 2739 2833 2807 inimicos,
2904 2741 3161 2797 videlicet
3224 2752 3526 2812 potestates
3587 2760 3653 2800 ac

2073 2829 2300 2897 spiritus
2341 2830 2612 2901 malignos
2641 2831 2860 2888 Saulem
2891 2833 3232 2902 exagitantes
3261 2843 3316 2889 et
3344 2836 3652 2892 excitantes

2071 2921 2138 2975 ad
2170 2921 2374 2976 bellum
2423 2922 2526 2978 sibi
2569 2925 2933 2990 movendum,
2975 2925 3100 2996 jure
3151 2926 3233 2981 sic
3274 2927 3484 2997 pergit:
3520 2928 3655 2982 Con-

2066 3012 2407 3067 eulcaverunt
2433 3030 2514 3068 me
2535 3015 2738 3069 inimici
2768 3017 2870 3070 mei
2891 3025 3003 3071 tota
3031 3017 3153 3085 dief;
3187 3020 3324 3083 sive,
3347 3020 3649 3075 secundum

2070 3104 2482 3175 Symmachum,
2517 3108 2832 3164 Atterebant
2873 3127 2954 3164 me
2983 3111 3073 3182 qui
3102 3110 3432 3166 tribulabant
3463 3129 3544 3166 me
3560 3127 3653 3180 per

2068 3213 2274 3251 omnem
2317 3198 2477 3252 diem.
2538 3197 2774 3265 Quinam
2809 3216 2940 3256 vero
2979 3201 3186 3256 inimici
3241 3211 3428 3258 essent
3468 3205 3650 3259 tribu-

2068 3291 2246 3346 lantes
2302 3291 2506 3361 ipsum,
2564 3294 2656 3363 qui
2717 3292 2940 3348 Saulem
3003 3295 3341 3362 excitabant,
3392 3296 3651 3366 deinceps

2067 3381 2332 3447 declarat,
2363 3383 2552 3438 dicens
2581 3403 2594 3438 :
2631 3384 2895 3450 Quoniam
2921 3386 3074 3440 multi
3091 3385 3344 3442 bellantes
3371 3388 3650 3445 adversum

2067 3491 2150 3529 me
2196 3475 2262 3528 ab
2321 3477 2626 3532 altitudine.
2671 3477 2788 3532 Non
2824 3479 2970 3532 enim
3009 3479 3300 3550 ignorabat
3350 3498 3461 3537 non
3519 3497 3646 3539 esse

2067 3567 2171 3622 sibi
2208 3568 2410 3622 luctam
2461 3569 2728 3624 adversus
2761 3585 2980 3625 carnem
3027 3578 3081 3625 et
3127 3572 3486 3642 sanguinem;
3549 3575 3644 3629 sed

2066 3660 2331 3714 adversus
2376 3660 2717 3730 principatus
2747 3668 2800 3716 et
2825 3669 3146 3732 potestates,
3187 3673 3431 3720 rectores
3455 3665 3646 3720 mundi

2065 3751 2419 3806 tenebrarum
2453 3752 2670 3815 harum,
2705 3762 2898 3808 contra
2946 3754 3252 3824 spiritualia
3294 3756 3574 3825 nequitiae,
3611 3772 3643 3811 a

2065 3841 2268 3911 quibus
2312 3840 2443 3895 Saul
2477 3842 2804 3906 concitatus,
2856 3859 2980 3898 eum
3012 3844 3106 3914 qui
3147 3846 3252 3900 sibi
3283 3847 3421 3900 nihil
3451 3847 3643 3903 damni

2063 3933 2363 3998 intulisset,
2388 3932 2508 3988 sine
2523 3947 2687 3988 causa
2704 3933 2938 4003 pellebat
2959 3941 3012 3990 et
3042 3936 3414 4006 impugnabat.
3441 3937 3647 3994 Deinde

2063 4025 2141 4078 ait
2182 4043 2193 4077 :
2240 4023 2338 4078 Die
2363 4025 2576 4090 timebo,
2603 4042 2695 4096 ego
2727 4043 2844 4079 vero
2873 4029 2928 4080 in
2974 4035 3022 4081 te
3050 4028 3292 4098 sperabo.
3341 4029 3499 4098 Quod
3531 4033 3646 4088 cla-

2063 4117 2180 4170 rius
2206 4115 2572 4188 Symmachus
2606 4117 2902 4188 explicavit
2927 4118 3014 4174 his
3043 4120 3228 4175 verbis
3267 4137 3280 4172 :
3319 4120 3386 4175 In
3414 4112 3646 4194 quacun-

2061 4225 2158 4278 que
2182 4208 2265 4263 die
2296 4209 2503 4274 timebo,
2553 4211 2609 4264 in
2657 4217 2703 4264 te
2731 4211 2955 4279 speravi.
3010 4209 3238 4267 Etiamsi
3278 4213 3424 4268 enim
3455 4215 3631 4271 homo

2061 4317 2147 4371 me
2180 4302 2525 4372 impugnare,
2581 4302 2823 4373 Saulque
2869 4303 3041 4359 multa
3097 4313 3291 4360 contra
3319 4321 3415 4374 _me
3459 4309 3641 4368 moliri

2060 4393 2354 4461 videatur;
2396 4395 2493 4450 sed
2543 4395 2756 4450 inimici
2797 4395 2927 4461 mei,
2962 4404 3017 4452 et
3057 4397 3151 4467 qui
3187 4399 3256 4453 ab
3284 4399 3396 4454 alto
3422 4415 3511 4456 me
3535 4401 3642 4456 im-

2060 4493 2328 4557 pugnant,
2373 4488 2477 4541 tela
2525 4503 2626 4543 sua
2658 4488 2923 4543 adversus
2954 4489 3191 4543 animam
3227 4505 3401 4546 meam
3435 4493 3644 4547 immit—

2059 4586 2262 4644 tentes,
2293 4581 2448 4635 multi
2486 4596 2716 4635 numero
2765 4591 2916 4636 sunt.
2953 4581 3064 4637 Hos
3095 4598 3262 4653 porro
3295 4598 3488 4639 omnes
3515 4599 3646 4655 pro-

367 4657 586 4710 πάντων
617 4659 976 4726 καταφρονεῖν
1006 4656 1301 4728 μεμάθηκα
1331 4657 1418 4712 διὰ
1450 4658 1509 4712 σὲ
1536 4658 1626 4711 τὸν
1662 4659 1794 4731 ἐμὸν
1820 4661 1955 4732 πρό-

2068 4678 2184 4741 pter
2225 4680 2277 4726 te
2306 4679 2774 4741 propugnatorem
2826 4661 3287 4742 et'proteetorem
3320 4688 3502 4727 meum
3541 4673 3640 4726 de-

369 4764 544 4817 μαχον
577 4747 672 4800 καὶ
710 4748 1144 4824 ὑπερασπιστήν.
1177 4750 1268 4802 Σοὶ
1298 4749 1408 4822 γὰρ
1442 4750 1737 4815 πεποιθὼς,
1766 4751 1952 4807 εἴποτε

364 4838 598 4908 ἐμπέσοι
635 4838 797 4908 φόϐος
824 4842 892 4911 τῇ
927 4841 1033 4912 ἐμῇ
1063 4841 1602 4915 ψυχῇ,διακρούομαι
1625 4845 1834 4910 τοῦτον,
1870 4848 1952 4903 σοὶ

347 4930 426 5003 τῷ
479 4931 861 5004 ὑπερασπιστῇ
904 4951 1004 5004 μου
1035 4933 1273 5006 θαρῤὦν.

394 5020 424 5047 ··
448 5029 546 5080 Ἐν
577 5022 657 5089 τῷ
699 5027 897 5095 Κυρίῳ
927 5026 1224 5081 ἐπαινέσω
1255 5028 1397 5096 τοὺς
1427 5031 1650 5101 λόγους
1687 5051 1828 5103 μου,
1852 5033 1952 5088 ἐπὶ

344 5120 428 5186 τῷ
479 5119 600 5185 Θεῷ
645 5120 906 5188 ἤλπισα·
943 5121 1016 5173 οὑ
1049 5120 1464 5192 φοϐηθήσομαι
1499 5125 1558 5177 τί
1586 5125 1824 5193 ποιήσει
1850 5144 1952 5197 μοι

345 5212 546 5282 σάρξ.
586 5212 731 5266 Ἀντὶ
777 5213 895 5276 τοῦ,
938 5213 1009 5267 ἐν
1047 5212 1127 5280 τῷ
1161 5214 1283 5281 Θεῷ
1319 5217 1618 5272 ἐπαινέσω
1657 5219 1800 5286 τοὺς
1847 5220 1951 5274 λό-

363 5323 514 5372 γους
540 5323 680 5376 μου,
708 5307 736 5358 ὁ
769 5305 868 5376 μὲν
898 5304 1214 5377 Σύμμαχος,
1247 5307 1344 5361 διὰ
1370 5309 1476 5362 τοῦ
1513 5309 1660 5364 Θεοῦ
1687 5311 1951 5382 ,ὑμνήσω

361 5396 477 5450 τὸν
522 5397 709 5466 λόγον
756 5396 977 5452 αὐτοῦ·
1037 5401 1065 5451 6
1116 5399 1173 5452 δὲ
1247 5400 1476 5465 Ἀκύλας
1507 5419 1520 5431 ·
1573 5402 1644 5456 ἐν
1699 5403 1780 5468 τῷ
1829 5403 1952 5469 Θεῷ

360 5486 619 5556 ὑμνήσω
667 5489 904 5558 ῥήματα
937 5489 1158 5545 αὐτοῦ·
1208 5492 1303 5545 καὶ
1349 5494 1384 5564 ή
1423 5493 1650 5564 πέμπτη
1698 5493 1908 5558 ἔκδυσις
1931 5511 1946 5524 ο

363 5577 438 5631 ἐν
481 5578 562 5644 τῷ
607 5579 730 5646 Θεῷ
761 5580 1063 5637 ἐπαινέσω
1111 5583 1220 5637 τὸν
1256 5586 1443 5651 λόγον
1471 5602 1608 5654 μου,
1641 5585 1946 5641 ἐκδεδώκα-

364 5686 472 5724 σιν.
504 5671 573 5724 El
606 5689 756 5736 ποτε,
806 5675 960 5744 φησὶ,
996 5673 1160 5743 φόϐος
1183 5676 1248 5728 ἐκ
1292 5675 1394 5746 τῆς
1427 5675 1536 5728 τῶν
1566 5675 1946 5746 πολεμούντων

364 5778 434 5832 με
463 5764 706 5834 ταραχῆς
749 5765 1006 5818 ἐνέπιπτέ
1045 5783 1155 5836 μοι,
1198 5766 1555 5840 διεκρουόμην
1592 5768 1754 5823 αὐτὸν
1797 5770 1948 5824 ἐὶπί-

363 5851 477 5915 ζων
528 5853 620 5907 ἐπὶ
668 5855 727 5908 σέ
751 5873 764 5886 ·
813 5856 906 5910 καὶ
959 5857 1078 5910 ἀντὶ
1128 5857 1344 5929 ἐπῳδῆς
1389 5861 1482 5916 καὶ
1539 5861 1943 5934 φυλακτηρίων,

2056 4762 2272 4832 Spicere
2299 4763 2484 4818 didici.
2521 4761 2658 4817 Nam
2692 4763 2745 4817 in
2777 4771 2830 4818 te
2857 4764 3117 4829 conlisus,
3144 4765 3191 4820 si
3215 4764 3438 4835 quando
3459 4771 3641 4820 metus

2056 4854 2111 4907 in
2137 4852 2373 4906 animam
2409 4851 2617 4907 incidat
2655 4867 2858 4918 meam,
2911 4853 3058 4907 hunc
3106 4853 3340 4924 depello,
3375 4853 3476 4908 tibi
3509 4869 3640 4924 pro-

2058 4944 2349 5014 pugnatori
2381 4959 2501 4999 meo
2530 4943 2773 4999 innixus.

2129 5034 2291 5089 Vens.
2327 5035 2381 5096 5,
2413 5032 2468 5090 6.
2508 5033 2572 5089 In
2627 5035 2846 5089 Domino
2879 5035 3110 5089 laudabo
3151 5051 3419 5090 sermones
3467 5051 3632 5097 meos,

2056 5127 2109 5180 in
2138 5125 2247 5180 Deo
2285 5127 2507 5195 sperari,
2543 5144 2644 5180 non
2675 5127 2862 5181 timebo
2917 5127 3043 5199 quid
3083 5127 3251 5196 faciat
3306 5127 3436 5180 mihi
3483 5143 3630 5181 caro.

2055 5217 2162 5274 Pro
2195 5219 2309 5280 illo,
2344 5219 2399 5271 in
2447 5216 2558 5272 Deo
2590 5219 2819 5273 laudabo
2849 5235 3114 5273 sermones
3146 5235 3332 5284 meos;
3377 5216 3632 5290 Symma-

2053 5311 2212 5373 chus,
2238 5326 2330 5379 per
2356 5308 2525 5363 Deum
2578 5309 2852 5364 celebrabo
2895 5327 3185 5365 sermonem
3226 5311 3383 5379 ejus;
3435 5309 3632 5380 Aquila

2050 5415 2203 5461 vero,
2241 5401 2293 5453 in
2343 5397 2452 5452 Deo
2503 5398 2772 5454 celebrabo
2805 5401 2961 5454 verba
3019 5401 3172 5469 ejus;
3217 5401 3409 5470 quinta
3437 5399 3630 5463 editio,

2052 5491 2106 5544 in
2161 5490 2269 5546 Deo
2322 5490 2550 5545 laudabo
2611 5508 2900 5547 sermonem
2939 5509 3156 5557 meum;
3190 5493 3507 5548 ediderunt.
3570 5490 3631 5548 Si

2053 5585 2294 5655 quando,
2349 5586 2545 5656 inquit,
2575 5601 2639 5642 ex
2677 5587 3022 5641 inimicorum
3055 5601 3303 5644 meorum
3343 5587 3633 5658 perturba-

2057 5678 2205 5731 tione
2235 5684 2413 5731 metus
2456 5678 2687 5733 instaret
2738 5677 2892 5741 mihi,
2955 5678 3136 5748 ipsum
3177 5679 3235 5733 in
3263 5687 3317 5734 te
3357 5678 3632 5749 sperando

2060 5769 2477 5840 propulsabam.
2540 5785 2604 5824 ac
2658 5785 2758 5841 pro
2812 5771 3190 5827 incantatione
3239 5778 3292 5827 et
3353 5770 3628 5852 amuletis,

2055 5862 2289 5933 hymnos
2316 5863 2732 5934 persolvebam;
2775 5879 2900 5920 nam
2947 5879 3074 5920 cum
3130 5864 3463 5923 celebrarem
3501 5877 3631 5920 ἐει-
