4138 6386
500 373 605 431 495

1207 369 1477 426 EL'SEBII
1513 366 1989 423 CIESARIENSIS
2029 367 2176 422 OPP.
2221 365 2398 421 PARS
2439 365 2524 421 ΙΙΙ.
2568 398 2637 408 ——
2677 361 3090 424 EXEGETICA.

3642 374 3746 430 496

501 504 714 544 monem
741 482 914 550 tuum',
945 486 1176 554 juvabar
1209 495 1269 539 ut
1311 502 1340 540 a
1370 492 1815 556 persequentium
1849 487 2052 542 nemine

2169 485 2371 557 ὕμνους
2406 486 2635 557 διεξῄειν
2657 504 2668 515 ·
2708 488 2889 556 ύμνῶν
2920 486 3027 558 γάρ
3054 487 3144 541 τὸν
3176 489 3331 556 λόγον
3369 505 3460 542 σου
3491 491 3744 563 ἐϐοηθούο

499 589 798 635 averterem
851 592 954 631 me.
1000 574 1076 629 lta
1139 591 1365 659 sperans
1417 576 1472 629 in
1499 574 1629 643 Deo,
1677 587 1732 630 et
1783 590 2066 649 sermones

499 672 618 739 eius
653 672 707 724 in
738 685 831 724 ore
861 683 983 723 meo
1016 665 1218 731 ferens,
1269 682 1459 723 omnes
1498 667 1786 722 hominum
1830 667 2064 722 insidias

496 761 890 833 deSpicieba‘m,
933 776 1042 816 non
1089 760 1287 816 timens
1339 759 1464 830 quid
1511 761 1679 830 faciat
1733 761 1862 814 mihi
1916 778 2062 820 caro.

495 855 636 921 Quid
684 856 828 911 enim
865 856 1040 924 possit
1067 869 1197 909 caro
1237 862 1293 909 et
1346 854 1571 924 sanguis
1627 861 1820 908 contra
1890 853 2064 908 Deum

494 948 894 1017 opitulantem?
929 946 1064 1000 Nam
1105 947 1150 1000 si
1197 945 1338 1000 Deus
1377 962 1471 1013 pro
1511 945 1681 1011 nobis,
1733 946 1849 1016 quis
1878 953 2065 998 contra

491 1040 708 1092 nosW?
751 1040 929 1110 inquit
978 1040 1294 1110 Apostolus.
1345 1039 1487 1094 Caro
1540 1047 1722 1095 autem
1763 1050 1879 1095 erat
1908 1039 2060 1107 Saul,

491 1133 582 1200 qui
628 1145 690 1186 ea
716 1147 836 1200 qua:
864 1133 1049 1187 carnis
1079 1139 1207 1186 sunt
1238 1131 1516 1202 sapiebat:
1548 1132 1693 1202 quod
1718 1147 1851 1187 sane
1881 1133 2063 1187 decla-

490 1231 578 1278 rat
606 1222 904 1294 Apostolus
935 1226 1002 1279 ad
1032 1226 1350 1280 Corinthios
1399 1226 1682 1282 scribens:
1741 1226 1874 1280 Cum
1923 1227 2061 1280 enim

490 1316 558 1368 sit
597 1317 730 1369 inter
758 1333 845 1369 vos
881 1315 1024 1369 zelus
1052 1326 1100 1369 et
1124 1319 1408 1382 contentio,
1441 1334 1612 1371 nonne
1644 1319 1886 1373 carnales
1909 1320 2057 1383 estis,

489 1416 538 1460 et
584 1406 865 1461 secundum
903 1407 1166 1461 hominem
1201 1409 1487 1464 ambulatis
1511 1412 1592 1464 "‘l
1645 1410 1744 1465 Hic
1772 1427 1902 1466 vero
1924 1410 2062 1466 Sau-

490 1501 596 1555 lem
635 1515 852 1570 quoque
883 1502 999 1556 zelo
1038 1509 1092 1556 et
1124 1505 1477 1558 contentione
1506 1505 1750 1573 plenum,
1802 1506 1899 1575 qui
1933 1505 2059 1560 ideo

489 1590 748 1646 Davidem
789 1593 1039 1661 pellebat,
1089 1607 1306 1648 carnem
1343 1596 1578 1658 vocavit,
1618 1595 1806 1650 dicens
1860 1614 1873 1649 :
1934 1595 2060 1648 Non

490 1679 680 1732 timebo
707 1679 832 1749 quid
869 1681 1034 1750 faciat
1071 1681 1199 1735 mihi
1229 1699 1375 1738 caro.
1416 1683 1621 1739 Deinde
1646 1685 1754 1738 ait:
1795 1685 1931 1738 Tota
1973 1684 2058 1740 die

488 1771 642 1825 verba
667 1789 785 1826 mea
811 1774 1242 1839 exsecrabantur,
1287 1775 1563 1828 adversum
1599 1793 1679 1830 me
1711 1793 1886 1832 omnes
1912 1779 2059 1848 cogi-

2173 597 2301 649 μην,
2347 579 2423 642 ὡς
2459 580 2661 650 μηδένα
2693 581 2800 634 τῶν
2831 581 3133 634 διωκόντων
3167 582 3606 652 ἐπιστρέφεσθαι.
3643 585 3733 638 Οὖ-

2166 689 2274 735 τως
2307 672 2397 723 ἐπὶ
2427 671 2505 740 τῷ
2533 671 2650 741 Θεῷ
2677 671 2930 736 ἐλπίζων,
2961 672 3054 724 καὶ
3081 674 3207 735 τοὺς
3231 671 3420 740 λόγους
3451 674 3614 727 αὐτοῦ
3649 676 3744 745 φέ-

2169 781 2277 834 ρων
2311 765 2368 816 ἐν
2410 763 2487 834 τῷ
2535 765 2762 834 στόματί
2813 780 2934 834 μου,
2980 765 3161 834 πάσης
3209 765 3306 834 τῆς
3352 765 3411 832 ἐξ
3443 766 3746 838 ἀνθρώπων

2166 856 2458 927 ἐπιϐουλῆς
2502 856 2888 927 κατεφρόνουν,
2933 857 2994 909 οὐ
3030 855 3359 926 φοϐούμενος
3407 860 3462 911 τί
3503 858 3741 927 ποιήσει

2160 966 2263 1016 μοι
2294 949 2469 1017 σάρξ.
2521 949 2586 1001 Τί
2639 948 2747 1019 γὰρ
2795 948 2860 1001 ἂν
2911 948 3002 1000 καὶ
3042 948 3255 1001 δύναιτο
3304 948 3436 1020 σὰρξ
3471 950 3563 1003 καὶ
3603 945 3742 1021 αἷμα

2166 1038 2303 1110 πρὸς
2335 1039 2465 1092 Θεὸν
2499 1039 2726 1110 βοηθόν;
2761 1041 2828 1092 El
2862 1038 2969 1110 γὰρ
3011 1042 3043 1092 ό
3075 1037 3218 1104 Θεὸς
3246 1038 3395 1107 ὑπὲρ
3429 1038 3615 1110 ἡμῶν,
3649 1043 3740 1108 τίς

2163 1131 2292 1184 καθ’
2314 1128 2511 1199 Min»;
2539 1130 2700 1201 φησὶν
2721 1131 2748 1182 ὁ
2781 1127 3122 1191 Ἀπόστολος.
3155 1126 3298 1197 Σάρξ
3320 1127 3377 1180 δέ
3403 1123 3470 1198 ἦν
3493 1129 3520 1180 ό
3544 1128 3736 1194 Σαοὺλ,

2162 1222 2228 1275 τὰ
2259 1223 2358 1291 τῆς
2395 1222 2596 1294 σαρκὸς
2625 1219 2835 1291 φρονῶν
2855 1237 2867 1250 ·
2899 1220 2926 1272 ὂ
2961 1219 3024 1290 δὴ
3058 1219 3382 1290 παρίστησιν
3416 1221 3444 1272 ό
3485 1220 3739 1273 Ἀπόστο-

2162 1313 2251 1376 λος
2284 1313 2510 1384 γράφων
2538 1312 2843 1384 Κορινθίοις
2866 1329 2880 1343 ·
2916 1312 3105 1366 Ὅπου
3139 1310 3248 1380 γὰρ
3275 1311 3344 1363 ἐν
3378 1311 3520 1380 ὑμῖν
3556 1310 3737 1379 ζῆλος

2161 1402 2260 1456 καὶ
2287 1402 2430 1471 ἔρις,
2456 1403 2591 1472 οὐχὶ
2631 1401 2904 1470 σάρκινοί
2930 1403 3088 1465 ἐστε,
3123 1401 3219 1454 καὶ
3253 1403 3404 1454 κατὰ
3425 1401 3738 1469 ἄνθρωπον

2161 1494 2533 1563 περιπατεῖτε
2551 1510 2570 1558 ;
2608 1495 2666 1546 Ὀ
2699 1494 2754 1547 δέ
2789 1495 2880 1548 καὶ
2912 1494 3000 1546 τὸν
3035 1492 3205 1546 Σαοὺλ
3241 1493 3403 1563 ζήλου
3432 1494 3736 1564 ,πεπληρω-

2165 1587 2324 1657 μένον
2361 1588 2456 1640 καὶ
2508 1586 2699 1657 ἔριδος,
2743 1587 2837 1639 καὶ
2887 1585 2973 1639 διὰ
3015 1586 3188 1639 ταῦτα
3235 1585 3326 1639 τὸν
3372 1585 3534 1638 Δαυῖδ
3579 1585 3738 1640 ἐλαύ-

2160 1696 2347 1743 νοντα,
2397 1678 2576 1750 σάρκα
2621 1678 2900 1749 ὠνόμασεν
2949 1677 3150 1730 εἰπών·
3199 1681 3279 1732 Οὺ
3324 1678 3735 1747 φοϐηθήσομαι

2160 1769 2218 1821 τί
2249 1768 2486 1834 ποιήσει
2510 1787 2611 1837 μοι
2645 1767 2801 1836 σάρξ
2809 1812 2820 1822 .
2853 1764 2987 1821 Εἶτά
3018 1785 3180 1837 φησιν
3199 1786 3210 1797 ·
3248 1771 3430 1836 Ὅλην
3456 1769 3570 1836 τὴν
3595 1769 3738 1838 ὴμέ-

491 1864 713 1918 tationes
741 1880 923 1918 eorum
949 1865 1004 1918 in
1035 1865 1256 1920 malum.
1299 1865 1455 1930 Quod
1483 1882 1614 1922 sane
1653 1869 1860 1924 clarius
1887 1871 2052 1925 inter-

2153 1877 2271 1928 ραν
2303 1860 2444 1925 τοὺς
2481 1861 2703 1930 λόγους
2747 1879 2866 1928 μου
2913 1858 3375 1926 ἐϐδελύσσοντο,
3423 1860 3550 1913 κατ’
3586 1861 3734 1929 ἐμοῦ

487 1961 735 2026 pretatus
763 1964 848 2011 est
882 1955 1263 2028 Symmachus,
1292 1958 1516 2013 dicens:
1554 1957 1658 2013 Per
1681 1977 1885 2014 omnem
1918 1961 2058 2015 diem

486 2063 748 2101 sermones
777 2046 841 2101 de
870 2065 949 2102 me
979 2048 1236 2103 curabant
1264 2065 1282 2102 :
1301 2085 1303 2087 ι
1321 2061 1506 2104 contra
1536 2067 1617 2106 me
1647 2054 1816 2106 omnis
1842 2055 2056 2123 cogita-

488 2140 563 2194 tio
591 2157 773 2196 eorum
805 2142 859 2195 in
889 2143 1110 2196 malum.
1165 2144 1243 2194 Ac
1279 2142 1324 2199 si
1363 2144 1509 2197 enim
1543 2144 1684 2198 nihil
1718 2145 1868 2199 aliud
1920 2145 2056 2216 ipsis

485 2230 756 2302 agendum
792 2240 1132 2302 suppeteret,
1169 2249 1347 2304 neque
1405 2234 1473 2288 de
1521 2235 1648 2289 aliis
1699 2250 1885 2290 sermo
1939 2252 2058 2291 mo-

484 2321 693 2378 vendus
736 2329 914 2389 esset;
970 2323 1144 2377 otium
1175 2340 1336 2380 suum
1378 2331 1552 2379 totum
1594 2326 1650 2378 in
1700 2325 1971 2395 loquendo
2002 2334 2057 2382 et

483 2413 777 2482 cogitando
815 2412 882 2468 de
913 2429 1000 2468 me
1025 2414 1395 2481 insumebant,
1423 2416 1559 2470 nihil
1589 2417 1718 2472 boni
1745 2418 1802 2471 in
1833 2432 1918 2472 me
1943 2433 2056 2473 mo-

484 2503 709 2570 lientes;
739 2504 834 2558 sed
861 2505 918 2558 in
950 2505 1153 2560 malum
1203 2515 1257 2562 et
1299 2523 1405 2577 pro
1449 2507 1593 2563 malo
1651 2517 1821 2564 totam
1862 2525 2052 2565 curam

475 2595 869 2663 impendebant
903 2611 1057 2650 suam
1075 2642 1085 2654 .

556 2767 724 2825 Vens.
761 2771 811 2836 7,
842 2771 895 2826 8.
930 2771 1312 2828 Inhabitabunt
1345 2784 1396 2830 et
1429 2777 1774 2844 abscondent,
1808 2779 1912 2848 ipsi
1939 2780 2052 2832 cal-

483 2877 704 2914 caneum
734 2879 905 2916 meum
947 2864 1312 2920 observabant.
1349 2867 1498 2920 Sicut
1527 2871 1890 2924 sustinuerunt
1934 2873 2052 2925 ani-

483 2967 628 3004 mam
656 2969 822 3006 meam
855 2971 949 3023 pro
974 2955 1138 3010 nihilo
1167 2958 1339 3011 salvos
1373 2957 1536 3026 facies
1567 2961 1722 3026 illos;
1755 2963 1811 3014 in
1852 2963 1936 3015 ira
1965 2978 2054 3030 po-

467 3043 634 3112 pulos
667 3045 982 3116 confringes,
1016 3045 1179 3112 Deus,
1233 3046 1358 3102 Haec
1393 3050 1628 3107 obscure
1653 3051 1794 3121 apud
1822 3051 2051 3123 Septua-

481 3134 633 3205 ginta
673 3135 1002 3208 interpretes
1036 3139 1202 3206 dicta,
1229 3143 1481 3210 "apertius
1517 3145 1911 3214 interpretatus
1965 3152 2049 3201 est

2159 1951 2380 2018 πάντες
2400 1954 2453 2006 οἱ
2478 1950 2852 2020 διαλογισμοὶ
2893 1949 3091 2004 αὐτῶν
3118 1953 3202 2016 εὶς
3234 1951 3450 2003 κακόν·
3483 1950 3511 2002 ὃ
3543 1950 3604 2022 δὴ
3635 1969 3732 2004 σα-

2159 2042 2416 2112 φέστερον
2446 2043 2790 2113 ἡρμήνευσεν
2813 2043 2840 2092 ὁ
2867 2041 3159 2112 Σύμμαχος
3184 2041 3378 2096 εἰπών’
3407 2041 3509 2095 Διὰ
3529 2042 3733 2110 πάσης

2156 2134 2381 2203 ἡμέρας
2409 2137 2631 2203 λόγους
2671 2133 2802 2202 περὶ
2845 2135 2990 2203 ἐμοῦ
3019 2133 3384 2202 ἐφρόντιζον·
3430 2135 3556 2187 κατ’
3586 2134 3732 2204 ἐμοῦ

2156 2224 2274 2290 πᾶς
2300 2225 2687 2295 διαλογισμὸς
2715 2226 2911 2280 αὐτῶν
2936 2229 3024 2292 εἰς
3051 2229 3256 2280 κακόν.
3301 2227 3385 2291 Ὠς
3420 2227 3530 2299 γὰρ
3569 2227 3733 2299 μηδὲν

2155 2315 2368 2385 ἔχοντες
2401 2315 2586 2385 ἓτερον
2627 2317 2908 2386 πράττειν,
2947 2316 3080 2387 μηδέ
3124 2316 3252 2388 περὶ
3291 2317 3494 2387 ἐτέρων
3541 2317 3732 2386 λόγους

2155 2409 2342 2470 κινεῖν,
2373 2407 2470 2478 τὴν
2502 2408 2680 2461 πᾶσαν
2711 2406 2924 2460 ἑαυτῶν
2948 2408 3141 2478 σχολὴν
3171 2411 3284 2470 τοῖς
3317 2409 3444 2480 περὶ
3476 2409 3611 2480 ἐμοῦ
3646 2410 3732 2463 λό-

2153 2517 2269 2569 γοις
2300 2499 2394 2553 καὶ
2431 2503 2541 2564 τοῖς
2583 2501 2703 2553 κατ’
2743 2500 2875 2570 ἐμοῦ
2909 2500 3185 2570 λογισμοῖς
3216 2501 3548 2566 ἀνετίθεσαν,
3582 2503 3731 2558 οὐδὲν

2152 2591 2354 2659 ἀγαθὸν
2411 2593 2537 2663 περὶ
2584 2591 2719 2662 ἐμοῦ
2775 2592 3170 2663 βουλευόμενοι.
3200 2593 3376 2646 οἈλλ’
3433 2595 3515 2658 εἰς
3560 2593 3730 2650 κακὸν

2153 2685 2247 2737 καὶ
2283 2685 2374 2736 ἐπὶ
2401 2684 2555 2754 κακῴ
2585 2684 2681 2756 τὴν
2713 2683 2920 2738 ἑαυτῶν
2955 2685 3337 2749 ἀναλίσκοντες
3366 2685 3619 2757 σπουδήν.

2221 2775 2670 2843 Παροικήσουσι
2713 2776 2811 2828 καὶ
2854 2777 3366 2844 κατακρύψουσιν,
3404 2777 3573 2831 αὐτοὶ
3615 2777 3731 2846 τὴν

2153 2866 2414 2934 πτέρναν
2470 2884 2586 2935 μου
2646 2865 3008 2935 φυλάξουσι.
3073 2867 3350 2936 Καθάπερ
3402 2868 3730 2938 ὑπέμειναν

2151 2955 2266 3022 τὴν
2302 2955 2512 3025 ψυχήν
2550 2974 2689 3024 μου,
2737 2957 2890 3025 ὑπὲρ
2919 2955 3025 3010 τοῦ
3065 2956 3326 3026 μηδενὸς
3367 2957 3587 3025 σώσεις
3625 2962 3730 3014 αὺ-

2152 3048 2291 3114 τούς
2313 3065 2324 3076 ·
2353 3048 2424 3102 ἐν
2447 3047 2593 3117 ὀργῇ
2620 3047 2810 3114 λαοὺς
2843 3048 3138 3114 κατάξεις,
3164 3053 3196 3102 ὁ
3225 3050 3388 3116 Θεός.
3421 3051 3531 3103 Καὶ
3555 3050 3729 3105 ταῦτα

2151 3142 2376 3211 ἀσαφῶς
2408 3142 2667 3214 εἰρημένα
2699 3142 2848 3214 παρά
2866 3145 2977 3206 τοῖς
3014 3143 3430 3214 Ἐϐδομὴκοντα,
3474 3143 3726 3196 λευκότε-

483 3227 846 3298 Symmachus
893 3231 978 3286 his
1007 3231 1190 3287 verbis
1226 3251 1240 3288 :
1272 3231 1658 3290 Conveniebant
1697 3236 1858 3300 clam,
1892 3246 1940 3291 et
1967 3254 2051 3291 ve-

2155 3249 2247 3302 ρον
2286 3232 2682 3302 διηρμήνευσεν
2721 3235 2749 3286 ὁ
2788 3234 3100 3306 Σύμμαχος,
3139 3233 3341 3287 εἰπών·
3385 3234 3729 3304 Συνήγοντο

479 3322 640 3390 sti’gia
671 3338 786 3376 mea
820 3321 1186 3391 observabant,
1214 3337 1570 3395 exspectantes
1603 3329 1837 3382 animam
1880 3347 2051 3385 meam

476 3423 694 3482 propter
726 3415 1082 3484 iniquitatem.
1135 3417 1327 3473 Libera
1351 3419 1416 3472 ab
1461 3419 1593 3486 illis,
1632 3423 1686 3476 in
1717 3423 1801 3475 ira
1830 3423 2048 3492 populos

477 3505 734 3574 deprime,
795 3506 960 3566 Deus.
1008 3511 1089 3565 Ita
1130 3511 1298 3577 enim,
1344 3512 1541 3582 inquit,
1597 3520 1712 3568 tota
1775 3515 1862 3570 die
1915 3515 2049 3569 mihi

477 3595 870 3674 [observando]
907 3603 1202 3668 vacabant,
1228 3619 1509 3660 sermones
1531 3604 1596 3660 de
1626 3621 1713 3660 me
1742 3615 2046 3672 moventes,

393 3742 399 3748 .
478 3699 536 3745 et
565 3699 680 3746 tota
706 3695 965 3764 cogitatio
996 3711 1190 3751 eorum
1233 3703 1425 3752 contra
1474 3713 1562 3752 me
1587 3706 1738 3765 erat;
1776 3705 1837 3752 ut
1858 3698 2049 3753 stude-

477 3789 602 3834 rent
644 3797 752 3836 una
788 3784 952 3837 simul
991 3785 1282 3842 adversum
1305 3802 1391 3840 me
1420 3787 1888 3856 conspirationem
1923 3803 2050 3842 con-

476 3871 647 3927 ﬂare:
686 3887 864 3942 neque
891 3890 957 3930 eo
990 3875 1256 3932 sisterent
1296 3878 1566 3948 gradum;
1602 3877 1697 3934 sed
1737 3878 1899 3932 etiam
1935 3881 2048 3934 cal-

477 3977 711 4018 caneum
756 3965 871 4021 sive
900 3967 1026 4021 vitae
1057 3982 1307 4037 gressum
1341 3968 1720 4036 observarent,
1750 3986 1881 4028 num
1917 3987 2048 4042 sup-

475 4054 778 4124 plantando
825 4055 1064 4126 dejicere
1116 4073 1204 4113 me
1246 4066 1491 4128 possent.
1548 4057 1791 4130 Vestigia
1824 4076 2045 4132 quoque

476 4159 622 4209 mea,
651 4155 707 4200 et
759 4161 868 4216 quo
917 4161 1220 4217 pergerem,
1279 4150 1668 4216 observabant,
1719 4159 1780 4206 ut
1827 4169 2046 4224 quoquo

476 4234 640 4289 modo
687 4250 775 4290 me
808 4237 1352 4306 comprehenderent.
1400 4239 1529 4295 Haec
1564 4241 1642 4296 illi
1682 4243 1776 4312 qui
1810 4259 1898 4300 me
1929 4245 2047 4301 sine

475 4340 645 4381 causa
661 4327 1142 4398 persequebantur
1169 4338 1362 4384 contra
1406 4346 1493 4386 me
1527 4332 1904 4403 designabant.
1964 4333 2046 4392 Tu

475 4423 683 4483 autem,
716 4415 967 4483 Domine,
997 4434 1123 4488 spes
1178 4435 1320 4485 mea,
1356 4435 1444 4476 me
1497 4422 1566 4477 ab
1616 4423 1824 4492 injusta
1855 4441 2045 4481 eorum

2151 3323 2362 3391 λάθρα,
2398 3323 2497 3377 καὶ
2526 3325 2595 3378 τὰ
2629 3326 2766 3395 ἴχνη
2787 3343 2906 3394 μου
2949 3323 3324 3394 παρετήρουν
3351 3323 3728 3392 προσδοκῶμ-

2150 3431 2249 3479 τες
2283 3413 2399 3482 τὴν
2437 3415 2650 3484 ψυχήν
2678 3435 2795 3486 μου
2829 3417 2926 3470 διὰ
2958 3417 3074 3483 τὴν
3099 3416 3356 3470 ἀδικίαν.
3398 3417 3596 3470 Ῥὗσαι
3623 3418 3724 3472 ἀπ’

2149 3505 2368 3572 αὐτῶν,
2409 3508 2479 3561 ὲν
2523 3507 2669 3577 ὀργῇ
2710 3509 2898 3575 λαοὺς
2931 3508 3244 3578 κατάγαγε,
3293 3512 3325 3562 ὀ
3356 3511 3515 3574 Θεός.
3543 3509 3728 3573 Οὕτως

2150 3598 2280 3670 γὰρ,
2318 3599 2474 3670 φησὶ,
2509 3600 2597 3653 διὰ
2642 3602 2819 3671 πάσης
2850 3601 3063 3673 ἡμέρας
3103 3601 3225 3671 ἐμοὶ
3258 3600 3566 3670 ἐσχόλαζον,
3601 3602 3726 3664 τοὺς

2151 3691 2280 3762 περὶ
2305 3689 2436 3760 ἐμοῦ
2467 3689 2655 3759 λόγους
2685 3691 2978 3756 κινοῦντες,
3007 3691 3102 3744 καὶ
3125 3693 3232 3754 πᾶς
3261 3691 3607 3761 διαλογισμὸς
3630 3691 3726 3744 αύ-

2147 3781 2256 3831 τῶν
2286 3781 2406 3832 κατ’
2450 3778 2584 3849 ἐμοῦ
2620 3780 2892 3848 ἐγίγνετο·
2927 3779 3001 3844 ὡς
3035 3779 3356 3846 σπουδάζειν
3399 3781 3723 3850 συνάγεσθαι

2150 3871 2348 3934 αὐτοὺς
2373 3870 2507 3940 ὁμοῦ
2537 3872 2802 3933 συσκευάς
2827 3887 2841 3900 ⁸
2867 3871 2961 3924 καὶ
2994 3872 3068 3943 μὴ
3107 3871 3266 3946 μέχρι
3289 3873 3476 3926 τούτου
3505 3875 3721 3945 χωρεῖν,

2148 3961 2285 4015 ἀλλὰ
2318 3962 2410 4014 καὶ
2445 3962 2900 4034 περιεργάζεσθαι
2932 3979 3031 4032 μου
3060 3963 3157 4034 τὴν
3189 3965 3445 4035 πτέρναν,
3478 3965 3722 4016 τουτέστι

2146 4053 2245 4122 τὴν
2269 4051 2363 4104 τοῦ
2401 4051 2529 4122 βίου,
2558 4054 2806 4124 πορείαν,
2844 4053 2897 4104 εἴ
2927 4071 3042 4117 πως
3072 4054 3414 4118 σκελίσαντες
3451 4055 3723 4126 δυνηθεῖεν

2149 4146 2472 4200 καταϐαλεῖν
2504 4163 2591 4216 με.
2624 4148 2733 4199 Καὶ
2757 4145 2827 4199 τὰ
2859 4146 2979 4216 ἴχνη
3003 4146 3058 4199 δέ
3087 4165 3187 4217 μου
3215 4150 3577 4220 παρετήρουν,
3599 4151 3720 4202 ὅποι

2148 4239 2214 4292 ἂν
2256 4237 2546 4308 βαδίζοιμι,
2581 4239 2674 4292 καὶ
2717 4240 2783 4291 ἵν’
2813 4240 2961 4301 ὅπως
3002 4238 3340 4292 ἐπιλάϐοιντό
3383 4257 3503 4312 μου.
3538 4241 3722 4295 Ταῦτα

2149 4331 2248 4399 μὲν
2277 4325 2368 4383 οὖν
2396 4331 2446 4381 οἱ
2478 4329 2653 4400 μάτην
2685 4329 2970 4395 διώκοντες
2998 4335 3119 4386 κατ’
3151 4333 3284 4405 ἐμοῦ
3327 4334 3610 4405 ἔπραττον.
3647 4336 3719 4389 Σὺ

2147 4421 2224 4484 δὲ,
2274 4420 2467 4491 Κύριε,
2501 4423 2534 4490 ἡ
2565 4421 2673 4492 ἐμὴ
2703 4422 2875 4488 ἐλπὶς,
2907 4425 3007 4494 ἐμὲ
3041 4427 3137 4496 μὲν
3179 4426 3279 4495 τῆς
3321 4426 3506 4479 ἀδίκου
3541 4427 3721 4480 αὐτῶν

473 4508 883 4578 conspiratione
919 4511 1164 4577 liberes;
1220 4511 1368 4580 ipsos
1410 4521 1591 4568 autem
1639 4515 1724 4569 ira
1754 4523 1847 4570 tua
1891 4519 2046 4572 inva—

2153 4511 2419 4581 συσκευῆς
2476 4512 2657 4583 ῥῦσαι,
2707 4515 2901 4579 αὐτοὺς
2951 4516 3007 4568 δὲ
3061 4516 3330 4587 μετελθὼν
3378 4520 3442 4588 τῇ
3491 4516 3720 4571 σεαυτοῦ

473 4599 630 4666 dens,
661 4616 726 4656 ex
752 4617 817 4656 ea
845 4605 1156 4673 arrogantia
1181 4612 1234 4660 et
1267 4608 1524 4677 superbia
1566 4607 1741 4677 dejice
1768 4628 1782 4663 :
1808 4610 1863 4664 id
1897 4611 2045 4666 enim

2153 4601 2307 4672 ὀργῇ,
2340 4570 2612 4663 κατάϐαλε
2775 4570 3143 4676 μεγαλαυχίας
3170 4607 3261 4660 καὶ
3287 4607 3386 4677 τῆς
3416 4570 3723 4678 ύῲηλοφρο-

471 4693 610 4762 ipsis
646 4694 775 4749 utile
796 4695 922 4750 erit.
976 4694 1255 4766 Siquidem
1288 4699 1418 4755 elati
1445 4714 1509 4754 ac
1546 4707 1845 4767 tumentes,
1886 4701 1941 4756 id
1983 4703 2040 4757 in

471 4799 630 4839 suam
672 4786 972 4855 perniciem
1015 4788 1286 4859 agebant:
1347 4791 1551 4844 etenim
1607 4791 1751 4846 Deus
1803 4793 2042 4861 superbis

470 4877 694 4944 resistit,
725 4878 1013 4932 humilibus
1038 4889 1214 4933 autem
1237 4879 1331 4934 dat
1358 4883 1589 4951 gratiam
1607 4881 1685 4938 ’σε
1718 4898 1886 4952 quare
1909 4900 2044 4956 rogo

471 4983 665 5023 omnes
713 4970 1060 5039 insurgentes
1103 4971 1163 5025 in
1204 4987 1291 5026 me
1332 4971 1643 5042 deprimas;
1670 4974 1804 5040 sive,
1843 4991 2044 5031 secun-

471 5061 601 5114 dum
634 5060 910 5130 Aquilam,
963 5060 1184 5131 dejicias
1203 5081 1221 5128 ,'
1247 5071 1308 5118 ut
1335 5063 1638 5142 modestius
1665 5074 1828 5137 atque
1858 5068 2044 5122 humi-

472 5152 580 5208 lius
612 5155 938 5221 sentientes,
971 5171 1226 5226 magnam
1262 5158 1556 5214 utilitatem
1588 5161 1925 5232 percipiant.

538 5345 707 5404 Vens.
744 5347 800 5414 9,
846 5349 933 5405 10.
981 5349 1156 5404 Vitam
1199 5367 1376 5404 meam
1410 5353 1730 5406 annuntiaui
1787 5351 1903 5416 tibi,
1949 5367 2043 5420 po-

471 5439 626 5493 suisti
656 5440 919 5509 lacrymas
959 5458 1101 5496 meas
1147 5442 1202 5495 in
1250 5452 1526 5511 conspectu
1558 5453 1681 5506 tuo;
1707 5443 1840 5495 sicut
1884 5450 1934 5494 et
1984 5442 2039 5494 in

467 5531 827 5598 promissione,
840 5542 952 5596 tua,
983 5543 1341 5589 convertentur
1372 5534 1574 5588 inimici
1601 5535 1700 5588 mei
1726 5544 2036 5598 retrorsum,

467 5621 524 5675 in
551 5638 856 5694 quacunque
875 5625 960 5680 die
979 5626 1283 5682 invocavero
1308 5635 1377 5681 te.
1402 5625 1528 5682 Hac
1555 5627 1759 5683 clarius
1791 5625 2042 5698 Symma-

545 5778 588 5810 ”
631 5778 792 5835 Rom.
823 5795 938 5846 vni,
969 5780 1058 5837 '51.

1153 5783 1194 5814 "
1229 5781 1401 5838 iCor.
1437 5792 1518 5849 Ill,
1557 5782 1609 5838 5.
1692 5784 1708 5816 ³
1751 5781 1955 5842 l.Pelr.
1994 5800 2049 5851 ν,
2088 5784 2118 5838 5

2151 4691 2342 4762 σύνης·
2391 4694 2547 4746 τοῦτο
2580 4693 2688 4764 γὰρ
2729 4696 2910 4760 αύτοίς
2963 4698 3215 4751 συνοίσει.
3252 4698 3570 4770 Ὑψούμενοι
3610 4698 3720 4772 γὰρ

2149 4783 2243 4836 καὶ
2276 4784 2646 4854 ἐπαιρόμενοι,
2680 4786 2765 4838 ἐπ’
2790 4785 2993 4857 ὀλέθρῳ
3018 4787 3095 4858 τῷ
3117 4789 3323 4841 ἑαυτῶν
3350 4790 3498 4842 ταῦτ’
3527 4790 3722 4860 ἔπρατ-

2146 4890 2236 4924 τον
2256 4889 2269 4902 ·
2285 4876 2317 4926 ό
2333 4873 2438 4944 γὰρ
2471 4873 2613 4939 Θεὸς
2629 4875 3031 4944 ὑπερηφάνοις
3046 4875 3488 4942 ἀντιτάσσεται,
3519 4895 3720 4933 ταπει-

2147 4963 2581 5028 νοῖςὸὲδίδωσι
2604 4967 2810 5035 χάριν
2866 4967 2966 5031 διὸ,
3023 4969 3271 5032 ἱκετεύω,
3325 4971 3534 5035 πάντας
3593 4973 3720 5036 τοὺς

2141 5055 2607 5130 ¹ἐπανισταμένους
2638 5077 2727 5130 μοι
2745 5059 3020 5130 κατάγαγε
3043 5078 3057 5092 ν
3089 5061 3143 5132 ἢ,
3176 5061 3317 5116 κατά
3342 5062 3432 5116 τὸν
3470 5063 3717 5128 Ἀκύλαν,

2147 5150 2577 5204 καταϐίϐασον·
2626 5150 2701 5213 ὠς
2749 5151 2834 5216 ἂν,
2885 5151 3102 5223 μέτριον
3154 5153 3407 5224 φρόνημα
3464 5154 3719 5217 λαϐόντες

2146 5240 2239 5294 καὶ
2266 5243 2498 5297 ταπεινά
2531 5244 2876 5316 φρονοῦντες,
2916 5245 2985 5297 τὰ
3019 5245 3230 5316 μεγάλα
3262 5245 3610 5317 ὠφεληθεῖεν.

2221 5356 2340 5424 Τὴν
2365 5357 2515 5424 ζωήν
2539 5376 2657 5428 μου
2688 5359 3005 5431 ἐξήγγειλά
3037 5378 3155 5426 σοι,
3203 5363 3342 5416 ἔθου
3381 5363 3454 5415 τὰ
3489 5361 3720 5428 δάκρυά

2138 5466 2258 5518 μου
2289 5449 2544 5504 ἐνώπιόν
2580 5467 2715 5505 σου·
2766 5453 2846 5518 ὡς
2884 5452 2984 5507 καὶ
3029 5453 3098 5506 ἐν
3124 5452 3200 5521 τῇ
3235 5452 3554 5522 ἐπαγγελίᾳ
3577 5467 3714 5518 σου,

2145 5540 2620 5609 ἐπιστρέψουσιν
2649 5547 2701 5597 οἱ
2731 5545 2932 5614 ἐχθροί
2967 5563 3086 5615 μου
3116 5549 3202 5612 εἰς
3225 5545 3297 5599 τὰ
3325 5547 3534 5612 ὀπίσω,
3571 5546 3641 5598 ὲν
3676 5539 3718 5616 ᾖ

2146 5632 2226 5685 ἂν
2262 5632 2447 5702 ἡμέρᾳ
2469 5635 2909 5707 ὲπικαλέσωμαί
2927 5652 3017 5692 σε.
3040 5638 3150 5693 Καὶ
3168 5637 3339 5694 ταῦτα
3365 5641 3392 5692 ὁ
3425 5637 3718 5709 Σύμμαχος
