4138 6386
390 443 496 497 «ΜΠ

1527 439 2033 498 COMMENTARIA
2077 445 2143 499 ΙΝ
2185 443 2526 499 PSALMOS.

3544 441 3652 495 €98

388 558 721 628 σαφέστερον
744 557 1107 628 ἠρμήνευσεν,
1139 557 1310 622 οὓτως
1351 557 1628 612 εἰπών-Τὰ
1654 559 1964 649 ἕνδοι;μου

2088 564 2209 619 :hus
2265 564 2656 632 interpretatus
2701 565 2785 614 est
2830 559 2918 614 his
2948 558 3130 614 verbis
3168 577 3181 612 :
3224 557 3490 614 Interiora
3539 577 3654 613 mea

389 652 803 719 ἐξηρίθμησας
826 667 839 680 ·
903 649 984 703 σὺ
1044 651 1184 705 ἔθου
1219 651 1291 705 τὰ
1318 650 1548 718 δάκρυά
1570 669 1690 721 μου
1721 652 1977 707 ἐνώπιόν

389 757 528 796 σου.
559 739 656 809 Μὴ
684 740 821 810 οὐχί
876 739 1023 793 ὅταν
1061 739 1404 810 ἐξαριθμῇς,
1437 741 1568 794 τότε
1593 741 1979 811 ἀποστραφή-

391 851 601 890 σονται
633 839 686 889 οἱ
724 835 926 903 ἐχθροί
972 852 1092 904 μου
1138 835 1349 900 ὀπίσω,
1379 829 1420 906 ᾗ
1452 833 1529 887 ἂν
1561 835 1750 904 ἡμέρᾳ
1770 836 1976 888 ἐπικα-

389 927 658 995 λέσωμαι
685 943 758 980 σε
781 943 800 990 ;
849 928 912 979 Οἱ
941 927 1037 997 μὲν
1085 926 1268 998 ἐχθροί
1300 943 1421 997 μου,
1447 927 1599 996 φησὶ,
1652 926 1740 979 διὰ
1799 925 1979 996 πάσης

392 1022 605 1089 ημέρας
629 1016 819 1086 λόγους
845 1018 974 1089 περὶ
1024 1017 1159 1088 ἐμοῦ
1192 1017 1492 1080 ἁνεκίνουν,
1542 1018 1635 1070 καὶ
1695 1019 1814 1071 κατ’
1843 1016 1976 1088 ἐμοῦ

394 1109 594 1173 πάντες
616 1111 665 1162 οἱ
693 1109 1031 1180 διαλογισμοὶ
1089 1108 1267 1162 αὐτῶν
1313 1104 1472 1180 ἦσαν·
1523 1109 1633 1178 ἐγὼ
1679 1110 1734 1162 δὲ
1763 1109 1978 1173 ὁποίους

392 1200 451 1251 ἐν
479 1199 699 1271 ἐμαυτῷ
731 1199 960 1269 συνῆγον
990 1200 1283 1269 λογισμοὺς
1315 1201 1408 1252 καὶ
1433 1200 1624 1263 ὁποίας
1653 1199 1980 1271 ἐνθυμήσεις

393 1287 562 1362 εἶχον,
592 1292 654 1344 σὺ
710 1292 893 1354 αὐτὸς,
934 1291 1010 1354 ὡς
1044 1289 1484 1362 καρδιογνώστης
1524 1290 1675 1354 Θεὸς,
1706 1288 1872 1354 οἶδας.
1900 1290 1982 1344 Τὰ

393 1385 502 1454 γὰρ
526 1384 672 1437 ἔνδον
709 1401 810 1453 μου
837 1382 1208 1454 ἐξηρίθμησας
1231 1382 1427 1446 πάντα,
1451 1384 1542 1436 καὶ
1561 1383 1630 1437 τὰ
1655 1385 1862 1456 κρύφιά
1881 1404 1980 1456 μου

394 1477 488 1530 καὶ
514 1476 612 1538 τὰς
637 1475 958 1546 ἐνθυμήσεις
984 1475 1082 1544 τῆς
1108 1473 1283 1546 ψυχῆς
1323 1492 1422 1546 μου
1449 1474 1766 1542 γινώσκειςο
1791 1477 1982 1548 διόπερ

391 1568 514 1621 ἔθου
537 1567 606 1619 τὰ
631 1565 842 1636 δάκρυά
878 1582 979 1635 μου
1008 1564 1236 1620 ἐνώπιόν
1274 1583 1389 1628 σου,
1431 1565 1523 1618 καὶ
1567 1565 1666 1619 οὐκ
1711 1567 1986 1638 ἀπεστρά-

391 1677 500 1728 φης
530 1658 685 1711 αύτά’
719 1657 832 1709 ἀλλ’
859 1655 1063 1726 ὥσπερ
1096 1659 1153 1711 ἐν
1177 1660 1240 1728 τῇ
1266 1656 1567 1727 ἐπαγγελίᾳ
1601 1675 1692 1710 σου
1719 1658 1982 1729 ὑπισχνοῦ

391 1744 581 1813 λέγων·
611 1744 730 1795 Ἔτι
782 1745 1120 1810 λαλοῦντός
1163 1760 1278 1798 σου
1316 1743 1447 1812 ἐρῶ·
1521 1745 1675 1800 Ἰδοὺ
1726 1746 1982 1816 πάρειμι,

392 1833 563 1898 οὕτως
589 1834 859 1887 ἀκόλουθα
883 1835 1138 1906 πράττων
1165 1838 1284 1898 ταῖς
1308 1839 1426 1899 σαῖς
1451 1837 1828 1905 ἐπαγγελίαις,
1844 1839 1984 1892 ἓθου

2076 655 2444 708 enumerasti:
2487 659 2542 704 tu
2583 649 2808 718 posuisti
2855 649 3120 719 lacrgmas
3168 665 3310 702 meas
3370 664 3548 701 coram
3583 659 3650 700 te-

2077 747 2266 799 Annon
2297 761 2415 798 cum
2463 743 2864 806 enumeraveris,
2895 751 3016 795 tunc
3059 750 3417 795 convertentur
3456 741 3656 794 inimici

2077 839 2179 892 mei
2211 821 2522 902 retrorsum,
2557 836 2616 889 in
2655 851 2960 906 quacunque
2986 834 3070 888 die
3104 836 3409 890 invocavero
3436 837 3524 890 te?
3567 832 3656 888 In-

2079 929 2226 984 imici
2257 928 2476 999 quidem
2511 929 2640 992 mei,
2675 927 2874 997 inquit,
2904 933 3020 980 tota
3052 926 3139 981 die
3161 942 3445 982 sermones
3477 926 3546 981 de
3571 941 3657 981 me

2079 1024 2395 1088 movebant,
2422 1029 2476 1078 et
2502 1029 2694 1076 contra
2733 1035 2818 1075 me
2847 1019 3212 1089 cogitationes
3249 1034 3437 1074 eorum
3462 1026 3654 1085 erant;

2079 1131 2179 1187 ego
2201 1130 2331 1170 vero
2359 1115 2540 1184 qualia
2563 1115 2616 1168 in
2649 1131 2736 1169 me
2768 1114 3057 1168 ratiocinia
3086 1113 3422 1184 collegerim,
3447 1123 3500 1168 et
3521 1127 3660 1184 qua-

2079 1207 2160 1263 les
2198 1207 2558 1276 cogitationes
2590 1205 2895 1270 habuerim,
2932 1212 3013 1270 tu,
3051 1213 3237 1275 utpote
3272 1205 3520 1260 cordium
3565 1221 3670 1286 eo?

2083 1301 2266 1370 gnitor
2311 1298 2476 1363 Deus,
2511 1298 2680 1352 nosti.
2710 1296 2845 1350 Nam
2893 1313 3014 1367 qua:
3071 1299 3210 1351 intra
3243 1313 3328 1352 me
3362 1304 3491 1351 sunt
3523 1311 3659 1351 enu-

2081 1390 2307 1444 merasti
2339 1389 2542 1452 omnia,
2575 1395 2629 1443 et
2657 1389 2870 1442 occulta
2894 1403 3014 1442 mea
3045 1388 3514 1458 cogitationesque
3539 1387 3660 1440 ani-

2082 1496 2184 1536 mae
2212 1495 2345 1535 mea:
2373 1481 2660 1550 cognoscis
2695 1499 2707 1534 :
2735 1479 3087 1549 quamobrem
3127 1478 3359 1549 posuisti
3389 1479 3660 1548 lacrymas

2082 1587 2234 1626 meas
2266 1571 2321 1624 in
2349 1578 2648 1640 conspectu
2678 1577 2794 1634 tuo,
2830 1584 2934 1623 nec
2980 1575 3266 1623 aversatus
3307 1583 3402 1622 eas
3431 1583 3526 1634 es;
3563 1567 3658 1622 sed

2085 1666 2221 1720 sicut
2263 1671 2317 1720 et
2368 1664 2426 1717 in
2475 1663 2842 1733 promissione
2874 1672 2963 1716 tua
3007 1661 3288 1732 professus
3310 1677 3390 1726 es,
3423 1661 3609 1716 dicens
3641 1677 3656 1711 :

2084 1756 2270 1810 Adhuc
2302 1766 2350 1810 te
2383 1755 2620 1824 loquente
2653 1753 2829 1808 dicam
2867 1769 2884 1807 :
2926 1752 3060 1806 Ecce
3105 1752 3294 1806 adsum
3319 1753 3394 1819 ’7;
3425 1751 3505 1807 sic
3529 1766 3661 1805 con-

2087 1852 2377 1914 sequenter
2407 1844 2472 1898 ad
2503 1843 2774 1914 promissa
2811 1849 2923 1907 tua,
2951 1843 3174 1912 posuisti
3218 1841 3484 1912 lacrymas
3517 1859 3661 1897 meas

391 1929 465 1980 τὰ
485 1925 716 1996 δάκρυά
759 1945 879 1996 μου
931 1926 1189 1980 ἐνώπιόν
1241 1944 1378 1982 σου.
1414 1929 1528 1981 Καὶ.
1575 1929 1716 1982 κατὰ
1743 1931 1842 2002 τὴν
1868 1931 1977 1983 τῶν

2088 1935 2138 1988 in
2172 1943 2452 2003 conspectu
2515 1943 2621 1989 tno.
2681 1931 2760 1986 Ac
2810 1931 3112 1987 secundum
3156 1932 3660 2002 interpretationem

404 2016 807 2087 Ἐϐδομήκοντα
855 2015 912 2070 δέ
944 2015 1260 2087 ἑρμηνείαν,
1293 2014 1412 2083 Τὴν
1437 2016 1590 2082 ζωήν
1609 2035 1750 2087 μου,
1791 2019 1976 2088 φησὶν,

390 2106 711 2176 ἐξήγγειλά
763 2122 882 2172 σοι,
940 2107 1015 2170 ὡς
1061 2107 1129 2162 ἂν
1191 2107 1498 2178 παρρησίαν
1556 2107 1704 2176 ἄγων
1763 2110 1855 2162 καὶ
1903 2108 1987 2180 μὴη

393 2199 851 2270 ἐπαισχυνόμενος
876 2199 968 2251 ἐπὶ
991 2201 1057 2270 τῇ
1082 2198 1320 2269 ἐμαυτοῦ
1349 2198 1483 2269 ζωῇ.
1520 2197 1594 2250 Σύ
1634 2216 1693 2251 τε
1713 2199 1977 2269 ἀποδεχό-

396 2291 554 2362 μενός
579 2309 680 2362 μου
713 2291 810 2363 τὴν
836 2291 1002 2363 ζωὴν,
1055 2291 1123 2344 τὰ
1155 2291 1368 2361 δάκρυά
1400 2308 1501 2361 μου
1533 2293 1633 2344 ούκ
1682 2291 1976 2356 ἀπεσείσω,

395 2382 528 2436 ἀλλὰ
554 2381 659 2454 πρὸ
686 2382 796 2435 τῶν
823 2383 931 2436 σῶν
955 2381 1246 2451 ὀφθαλμῶν
1280 2382 1402 2435 ἔθου
1431 2383 1588 2446 αὐτὰ,
1623 2381 1980 2452 πιστούμενος

392 2474 493 2538 τὰς
516 2474 615 2537 σὰς
638 2472 985 2542 ἐπαγγελίας.
1004 2473 1096 2525 Διὸ
1117 2471 1449 2536 συνέϐαινεν,
1477 2472 1610 2544 ἐμοῦ
1633 2472 1985 2540 είσακουομὲ-

395 2581 511 2630 νου,
545 2565 672 2628 τοὺς
719 2563 944 2636 ἐχθρούς
1011 2579 1110 2634 μου
1147 2565 1226 2626 εἰς
1253 2563 1324 2615 τὰ
1374 2563 1549 2616 ὀπίσω
1599 2566 1812 2633 χωρεῖν·
1859 2562 1982 2616 ὅθεν

397 2653 559 2724 φημίο
599 2655 694 2707 Ἐν
715 2648 753 2724 ᾖ
785 2652 861 2707 ἀν
898 2650 1088 2720 ἣμέρᾳ
1115 2650 1560 2720 ἐπικαλέσωμαι
1582 2667 1676 2715 σε,
1711 2652 1983 2721 ἐπιστρέ-

395 2747 626 2812 ψουσιν
649 2747 699 2797 οὶ
723 2744 922 2812 ἐχθροί
943 2760 1063 2812 μου
1113 2745 1200 2807 είς
1225 2742 1298 2796 τὰ
1335 2743 1547 2796 ὀπίσωο
1584 2742 1726 2796 κατὰ
1773 2743 1830 2796 δὲ
1886 2743 1981 2797 τὸν

397 2835 712 2905 Σύμμαχονο
749 2833 846 2901 Μὴ
885 2832 1022 2902 οὐχί
1057 2833 1224 2897 ὅταν,
1255 2834 1440 2904 φησιν,
1474 2832 1820 2903 ἐξαριθμῇς,
1851 2835 1982 2888 τότε

396 2923 970 2992 ἁποστραφήσονται
997 2925 1049 2975 οὶ
1075 2923 1276 2992 εχθοοί
1311 2939 1431 2991 μου
1466 2922 1694 2984 (inlato;
1732 2922 1983 2976 Ἐπειδὰν

397 3013 733 3085 φυλοκρινῶν
752 3012 1086 3084 διακαθὰρῃς
1101 3012 1373 3083 ἀφορίζων
1386 3013 1512 3075 τοὺς
1534 3011 1760 3065 σεαυτοῦ
1779 3012 1982 3078 ἀξίους,

397 3105 494 3158 καὶ
525 3105 881 3178 ἐξαρίθμησιν
922 3103 1242 3174 ποιούμενος
1293 3103 1401 3157 τῶν
1442 3103 1743 3174 μελλόντων
1796 3105 1875 3167 είς
1917 3102 1986 3156 τὰ

395 3193 545 3259 δεξιὰ
601 3193 874 3258 ἵστασθαι,
928 3191 1160 3246 καὶτῶν
1214 3194 1292 3256 είς
1338 3191 1603 3263 ἀριστερὰ
1645 3192 1984 3263 χωρούντων,

2083 2025 2225 2079 LXX
2249 2066 2264 2089 ,
2312 2025 2488 2078 Vitam
2517 2041 2708 2089 meam,
2745 2025 2944 2094 inquit,
2973 2025 3283 2078 unnuntiavi
3325 2023 3437 2086 tibi,
3474 2030 3664 2094 utpote

2084 2117 2176 2188 qui
2208 2132 2332 2171 cum
2370 2116 2564 2171 ﬁducia
2585 2131 2824 2187 agerem,
2860 2131 2962 2170 nec
2996 2115 3196 2171 devita
3232 2130 3354 2170 mea
3373 2116 3662 2170 erubesce-

2085 2223 2224 2262 rem.
2258 2205 2342 2260 Tu
2373 2221 2501 2262 vero
2531 2221 2656 2260 cum
2690 2206 2859 2260 vitam
2889 2207 3228 2276 approbares
3255 2223 3455 2273 meam,
3487 2208 3662 2279 lacry-

2085 2313 2206 2355 mas
2260 2313 2413 2353 meas
2464 2313 2573 2352 non
2622 2297 2895 2368 repulisti,
2930 2297 3026 2352 sed
3077 2299 3150 2354 ob
3194 2299 3384 2354 oculos
3429 2300 3663 2370 posuisti

2086 2397 2231 2452 tuos,
2267 2389 2348 2444 sic
2381 2389 2670 2459 promissis
2720 2389 2830 2443 tuis
2883 2389 3044 2444 ﬁdem
3095 2390 3418 2446 concilians.
3483 2389 3666 2456 Quare

2088 2481 2336 2550 contigit,
2370 2495 2496 2534 cum
2527 2481 2817 2536 exauditus
2864 2495 3064 2548 essem,
3094 2480 3348 2536 inimicos
3397 2497 3548 2538 meos
3577 2498 3664 2538 re-

2087 2576 2174 2622 tro
2206 2568 2399 2624 cedere
2425 2586 2442 2637 ;
2475 2569 2596 2624 ideo
2626 2569 2753 2624 dico
2784 2589 2798 2624 :
2827 2569 2893 2624 In
2913 2587 3219 2640 quacunque
3247 2571 3330 2625 die
3359 2571 3662 2627 invocavero

2091 2670 2157 2724 te,
2215 2670 2578 2714 convertentur
2612 2662 2816 2716 inimici
2861 2664 2962 2717 mei
2997 2674 3318 2728 retrorsum;
3361 2665 3664 2720 secundum

2091 2751 2477 2824 Symmachum
2495 2769 2624 2809 vero
2653 2775 2664 2809 :
2691 2755 2879 2808 Annon
2901 2771 3018 2808 cum
3038 2758 3443 2817 enumeraveris,
3463 2757 3662 2828 inquit,

2089 2857 2452 2900 convertentur
2470 2847 2676 2901 mimici
2702 2848 2803 2900 mei
2831 2850 3163 2902 retrorsum?
3191 2847 3327 2902 Cum
3352 2863 3446 2918 per
3476 2848 3666 2920 singu-

2090 2937 2173 2990 las
2204 2937 2380 2992 tribus
2410 2953 2726 3002 secernens,
2751 2952 2847 2992 eos
2877 2937 2973 3008 qui
3002 2945 3056 2992 te
3085 2937 3235 3007 digni
3286 2946 3414 2992 sunt
3461 2939 3666 3011 selege-

2090 3028 2190 3092 ris,
2211 3034 2267 3083 et
2291 3029 2704 3083 enumeraveris
2733 3042 2828 3083 eos
2857 3028 2948 3098 qui
2969 3028 3036 3082 ad
3061 3028 3340 3084 dexteram
3365 3028 3663 3093 statuendi,

2091 3127 2146 3174 et.
2173 3134 2276 3174 eos
2303 3120 2397 3189 qui
2428 3120 2494 3175 ad
2528 3120 2810 3176 sinistram
2858 3121 3136 3176 recessuri
3188 3129 3337 3185 sunt,
3364 3131 3507 3185 tunc,
3539 3135 3665 3174 cum

2092 3212 2258 3268 talem
2303 3213 2776 3269 enumerationem
2809 3213 3020 3297 .facies,
3067 3222 3431 3267 convertentur
3468 3211 3668 3266 inimici

396 3287 564 3356 τότε,
627 3288 684 3339 ἐν
739 3285 818 3356 τῷ
875 3285 934 3337 σέ
987 3285 1086 3355 τὴν
1129 3282 1484 3355 ἐξαρίθμησιν
1543 3283 1746 3356 ταύτην
1817 3287 2057 3353 ποιεῖ-ρ
2090 3306 2192 3358 ,πεί
2227 3313 2540 3359 retrorsum.

397 3378 559 3445 σθαι,
611 3375 1183 3446 ἀποστραφήσονται
1237 3379 1291 3430 οί
1349 3375 1552 3444 ἐχθροί
1602 3393 1720 3445 μου
1775 3378 1862 3442 είς
1907 3375 1982 3430 τὰ

397 3467 616 3522 ὀπίσω.

481 3581 628 3636 Ἰδοὺ
657 3580 876 3652 ἔγνων,
899 3581 987 3634 ὅτι
1013 3584 1157 3647 Θεός
1181 3582 1286 3650 μοί
1317 3580 1506 3634 ἐστιν.
1571 3580 1702 3636 Ἐπὶ
1752 3580 1833 3647 τῷ
1862 3581 2003 3648 Θεῷ-

399 3673 620 3727 αίνέσω
641 3673 827 3742 ῥῆμα,
851 3674 949 3726 ἐπὶ
987 3673 1067 3739 τῷ
1112 3675 1304 3740 Κυρίῳ
1343 3672 1564 3727 αἰνέσω
1621 3675 1825 3743 λόγον·
1883 3675 1983 3728 ἐπὶ

399 3764 480 3830 τῷ
504 3765 698 3832 Κυρίῳ
734 3763 987 3832 ἤλπισα,
1007 3767 1078 3818 οὺ
1105 3763 1519 3834 φοϐηθήσομαι
1541 3765 1598 3818 τί
1621 3764 1870 3833 ποιήσει,
1882 3783 1986 3836 μοι

400 3857 730 3926 ἄνθρωπος.
779 3857 936 3911 Κατὰ
998 3857 1056 3910 δέ
1088 3857 1178 3910 τὸν
1228 3856 1525 3928 Σύμμαχον
1578 3856 1739 3910 τοῦτό
1797 3875 1980 3929 φησιν’

405 3945 570 4014 Οἶδα,
598 3951 687 4003 ὅτι
711 3951 842 4003 ἐστι
871 3949 1014 4014 Θεός
1041 3967 1162 4018 μοι.
1203 3949 1313 4002 Τὸν
1362 3949 1511 4003 Θεὸν
1563 3949 1984 4020 ὐμνολογήσω,

401 4041 501 4096 διὰ
560 4041 666 4095 τοῦ
736 4041 883 4095 Θεοῦ
943 4039 1424 4110 ὺμνοποιήσομαι
1470 4043 1676 4111 λόγον·
1717 4041 1799 4108 τῷ
1867 4041 1988 4108 Θεῷ

403 4134 680 4194 πέποιθα,
715 4135 786 4186 οὺ
813 4133 1226 4201 φοϐηθήσομαι
1261 4135 1318 4186 τί
1361 4133 1600 4200 ποιήσει
1628 4151 1729 4202 μοι
1767 4133 1989 4201 ἅνθρω-

404 4238 537 4290 πος.
566 4224 758 4286 Ᾱύτοῖς
782 4222 984 4292 ἔργοις,
1011 4223 1162 4293 φησὶ,
1184 4223 1516 4295 παρείληφα,
1537 4224 1630 4276 καὶ
1661 4223 1832 4291 ἔγνων
1863 4222 1992 4293 ἀλη-

406 4317 535 4381 θῶς,
557 4317 638 4370 ὅτι
666 4317 767 4369 οὐκ
790 4316 881 4368 ἐπὶ
917 4315 1128 4385 ματαίῳ
1180 4315 1402 4385 ἤλπισα·
1452 4314 1588 4368 ἀλλὰ
1634 4314 1764 4367 Θεὸν
1799 4313 1989 4384 βοηθὸν

404 4410 743 4481 ἐκτησάμην.
769 4407 971 4461 Τούτου
993 4407 1048 4460 δὲ
1075 4407 1314 4477 ἔλεγχος,
1347 4407 1468 4460 ἐπεὶ
1492 4407 1632 4460 ἔθου
1665 4405 1738 4459 τὰ
1760 4403 1992 4473 δάκρυὰ

402 4520 520 4572 μου
554 4500 811 4554 ἐνώπιόν
841 4515 978 4554 σου.
1009 4494 1141 4551 Εἶτα
1188 4497 1323 4568 ἐμοῦ
1357 4499 1454 4568 μὲν
1485 4498 1720 4568 ἐπήκοος
1743 4497 1988 4566 ἐγίγνου,

405 4596 454 4647 οἱ
481 4594 538 4646 δέ
564 4591 747 4663 ἐχθροί
799 4609 898 4661 μου
928 4589 1166 4662 ἐχώρουν
1209 4591 1290 4652 είς
1339 4588 1409 4642 τὰ
1433 4589 1625 4642 ὀπίσω·
1659 4589 1740 4640 διὸ
1777 4587 1878 4641 ἐπὶ
1910 4587 1990 4653 τῷ

409 4684 532 4750 Θεῷ
554 4683 775 4737 αίνέσω
789 4682 975 4751 ῥῆμα·
1035 4682 1091 4753 ἢ,
1108 4731 1110 4734 .
1128 4682 1402 4736 κατὰτδν-
1428 4681 1655 4734 Ἀκύλαν
1683 4698 1696 4710 ·
1741 4681 1842 4734 Ἐν
1875 4678 1998 4745 Θεῷ

407 4775 790 4844 καυχήσομαι
837 4773 1023 4842 ῥῆμα·
1084 4773 1225 4826 κατὰ
1282 4773 1339 4826 δὲ
1387 4772 1846 4843 τὸνίΣύμμαχον·
1883 4770 1996 4823 Τὸν

410 4867 560 4921 Θεὸν
584 4865 999 4936 ὑμνολογήσω·
1015 4866 1151 4919 ἀλλὰ
1175 4867 1265 4933 καὶ
1287 4866 1383 4919 ἐπὶ
1414 4865 1520 4918 τὸν
1536 4865 1751 4931 Κύριον
1775 4861 1994 4916 αὶνέσω

406 4957 610 5025 λόγον’
649 4955 708 5025 ἢ,
754 4953 897 5008 κατὰ
940 4953 1031 5008 τὸν
1090 4955 1341 5018 Ἀκύλαν,
1393 4954 1462 5007 ἐν
1503 4953 1699 5020 Κυρίῳ
1742 4951 1992 5022 ὑμνήσω

407 5050 624 5119 λόγον’·
643 5049 698 5120 ἢ,
725 5047 867 5102 κατὰ
889 5048 1305 5120 τὸνεΣύμμαχον,
1329 5047 1426 5102 διὰ
1449 5047 1556 5101 τοῦ
1579 5047 1799 5114 Κυρίου
1820 5049 1994 5114 ὑμνο-

411 5141 736 5209 ποιήσομαι
763 5141 966 5210 λόγον’
1013 5141 1107 5193 καὶ
1131 5141 1311 5205 πάλιν,
1339 5139 1412 5203 ὠς
1446 5140 1701 5210 ἀνωτέρω
1728 5156 1815 5209 μοι
1840 5137 1990 5209 εἴρη-

409 5248 522 5284 ται·
571 5231 695 5284 Ἐπὶ
739 5230 820 5296 τῷ
879 5230 999 5297 Θεῷ
1060 5231 1313 5300 ἤλπισα,
1363 5235 1436 5285 οὐ
1469 5229 1884 5301 φοϐηθήσομαι
1932 5231 1989 5282 τί

412 5321 650 5386 ποιήσει
672 5339 772 5390 μοι
823 5321 999 5390 σάρξ⁹
1060 5322 1152 5374 καὶ
1204 5323 1314 5375 νῦνς
1353 5340 1514 5393 φημι,
1572 5321 1696 5374 Ἐπί
1747 5320 1828 5386 τῷ
1872 5319 1993 5384 Θεῷ

410 5411 670 5482 ἤλπισα,
711 5414 782 5465 οὐ
816 5412 1230 5481 φοϐηθήσομαι
1264 5413 1319 5466 τί
1346 5412 1587 5478 ποιήσει
1641 5429 1740 5481 μοι
1775 5409 1998 5476 ἂνθρω-

410 5520 546 5568 πος.
585 5502 730 5573 Σὰρξ
751 5503 860 5574 γὰρ
909 5504 1002 5556 καὶ
1051 5503 1338 5575 ἄνθρωπος
1370 5503 1427 5557 ἓν
1461 5503 1554 5556 καὶ
1606 5502 1800 5554 ταυτόν
1827 5502 1995 5563 ἐστιν,

409 5592 600 5662 ἐπειδὴ
634 5592 901 5646 λέλεκται·
947 5593 1144 5663 ’Υμεῖς
1183 5594 1252 5646 δὲ
1297 5595 1378 5658 ὡς
1410 5594 1704 5659 ἅνθρωποι
1736 5589 1998 5654 ἀποθνή-

410 5698 614 5737 σκετε·
660 5684 774 5748 καὶ,
817 5685 992 5738 Ὅταν
1024 5685 1134 5755 γὰρ
1161 5679 1202 5756 ᾖ
1229 5685 1300 5737 ἐν
1330 5684 1471 5753 ὑμῖν
1508 5683 1684 5753 ζῆλος
1724 5683 1818 5738 καί
1852 5683 1996 5750 Epic,

488 5843 529 5872 ⁸⁷
568 5841 690 5898 Isai.
731 5857 894 5912 LVIII,
928 5844 978 5898 9.
1061 5843 1586 5908 ¹⁷⁴Ρδ.ι1.ι.χ·ςιι,Ἱ.

2163 3597 2327 3654 Vens.
2356 3599 2443 3656 Η.
2468 3598 2604 3654 Ecce
2635 3615 2849 3669 cognovi
2869 3600 3116 3670 quoniam
3148 3596 3290 3651 Deus
3317 3596 3445 3650 mihi
3466 3603 3562 3650 est.
3598 3591 3669 3648 In

2088 3699 2202 3756 Deo
2231 3700 2462 3754 laudabo
2493 3703 2726 3767 verbum,
2753 3701 2806 3754 in
2832 3699 3060 3754 Domino
3083 3697 3312 3752 laudabo
3335 3710 3623 3752 sermonem
3646 3709 3666 3747 :

2091 3802 2147 3856 in
2173 3801 2398 3856 Domino
2415 3802 2636 3870 speravi,
2661 3817 2765 3855 non
2783 3799 2970 3854 timebo
2997 3797 3122 3869 quid
3148 3799 3313 3867 faciat
3340 3796 3468 3850 mihi
3490 3796 3666 3850 homo.

2095 3899 2409 3957 Secundum
2445 3899 2829 3972 Symmachum
2874 3906 3055 3954 autem
3091 3899 3170 3952 sic
3213 3898 3288 3951 ait
3319 3916 3332 3952 :
3359 3895 3498 3951 Novi
3530 3894 3669 3966 quod

2092 3999 2162 4052 sit
2194 3997 2335 4052 Deus
2366 3996 2515 4051 mihi.
2555 3996 2721 4050 Deum
2743 3996 3035 4060 celebrabo,
3065 4011 3156 4065 per
3184 3993 3352 4048 Deum
3381 4009 3670 4048 sermonem

2093 4091 2149 4144 in
2181 4090 2435 4160 hymnum
2471 4097 2807 4152 convertam;
2837 4090 2892 4142 in
2918 4087 3027 4142 Deo
3061 4088 3287 4156 speravi,
3338 4101 3450 4140 non
3482 4086 3670 4139 timebo

2094 4182 2219 4254 quid
2250 4182 2408 4250 faciet
2441 4181 2570 4234 mihi
2593 4181 2766 4235 homo.
2792 4181 2932 4251 Ipsis
2959 4180 3238 4250 operibus,
3262 4178 3460 4249 inquit,
3486 4178 3673 4247 accepi

2095 4285 2150 4333 et
2176 4291 2305 4332 vere
2338 4276 2465 4330 novi
2511 4291 2599 4331 me
2646 4286 2766 4329 non‘
2797 4273 3006 4329 frustra
3057 4289 3311 4344 sperasse
3336 4315 3350 4339 ,
3383 4271 3476 4328 sed
3501 4270 3674 4326 Deum

2097 4365 2403 4434 adjutorem
2456 4364 2785 4420 obtinuisse.
2812 4363 3106 4433 Cujus-rei
3155 4368 3535 4433 argumentum
3565 4366 3672 4424 est,

2098 4459 2243 4530 quod
2273 4459 2498 4529 posuisti
2525 4459 2789 4529 lacrymas
2812 4474 2955 4512 meas
2979 4459 3035 4511 in
3060 4464 3339 4526 conspectu
3377 4464 3487 4509 tuo.
3510 4453 3674 4508 Dein-

2098 4548 2167 4603 de
2198 4548 2333 4604 mihi
2363 4548 2587 4619 quidem
2637 4549 2913 4620 prOpitius
2949 4547 3140 4614 fuisti;
3170 4545 3379 4601 inimici
3418 4559 3547 4600 vero
3568 4545 3686 4598 mei.

2027 4654 2072 4709 ι)
2098 4647 2248 4696 retro
2305 4647 2638 4697 cesserunt:
2688 4656 2862 4711 quare
2907 4640 2963 4694 in
3008 4638 3118 4693 Deo
3150 4637 3382 4692 laudabo
3432 4633 3676 4698 verbum;

2102 4731 2239 4798 sive,
2257 4732 2560 4787 secundum
2580 4732 2864 4802 Aquilam:
2891 4729 2957 4784 In
2974 4729 3083 4785 Deo
3101 4728 3408 4800 gloriﬁcabo
3431 4725 3676 4788 verbum;

2101 4822 2403 4878 secundum
2457 4820 2843 4894 Symmachum
2898 4831 3126 4876 autem:
3171 4818 3341 4872 Deum
3369 4814 3679 4870 celebrabo:

2097 4912 2195 4967 sed
2239 4915 2400 4967 etiam
2435 4913 2492 4966 in
2539 4911 2766 4967 Domino
2807 4911 3037 4965 laudabo
3069 4922 3394 4971 sermonem;
3426 4911 3541 4968 aut,
3592 4917 3682 4958 se-

2092 5009 2340 5077 cundum
2369 5003 2649 5072 Aquilam,
2676 5004 2731 5056 in
2766 5001 2994 5054 Domino
3039 4999 3308 5054 celebrabo
3364 5011 3678 5058 sermonem,

2095 5095 2231 5161 sive,
2249 5095 2547 5149 secundum
2567 5095 2971 5167 Symmachum,
2986 5111 3074 5164 per
3089 5093 3375 5147 Dominum
3390 5105 3678 5144 sermonem

2095 5188 2147 5236 in
2202 5185 2451 5254 hymnum
2511 5194 2806 5238 convertam
2843 5201 2861 5238 :
2922 5199 2986 5238 ac
3029 5197 3270 5245 rursum,
3331 5187 3392 5234 ut
3427 5179 3680 5248 superius

2095 5275 2208 5329 dixi
2246 5295 2258 5328 :
2295 5273 2361 5328 In
2409 5274 2519 5329 Deo
2555 5276 2780 5345 speravi,
2817 5292 2921 5329 non
2953 5273 3140 5327 timebo
3184 5271 3310 5341 quid
3348 5269 3515 5340 faciat
3551 5269 3682 5324 mihi

2099 5381 2260 5418 caro:
2305 5365 2386 5420 sic
2423 5366 2536 5435 jam
2580 5366 2705 5419 dico
2747 5384 2758 5418 :
2798 5364 2864 5420 In
2923 5363 3030 5416 Deo
3081 5362 3307 5432 speravi,
3339 5378 3442 5414 non
3493 5360 3680 5413 timebo

2103 5467 2227 5538 quid
2252 5469 2410 5537 faciet
2446 5468 2572 5521 mihi
2599 5468 2774 5524 homo.
2807 5468 2952 5521 Caro
2994 5465 3140 5521 enim
3161 5475 3216 5520 et
3253 5465 3415 5518 homo
3441 5463 3680 5533 idipsum

2105 5579 2254 5640 sunt,
2280 5572 2722 5642 quandoquidem
2753 5572 2962 5626 dictum
3000 5576 3126 5624 est:
3177 5569 3279 5622 Vos
3321 5576 3495 5621 autem
3545 5566 3680 5620 sicut

2105 5677 2337 5734 homines
2362 5680 2662 5736 moriemini
2696 5679 2798 5745 ‘f”;
2853 5683 2926 5746 et,
2975 5673 3107 5732 Cum
3159 5676 3294 5730 enim
3335 5676 3403 5730 sit
3447 5672 3588 5728 zelus
3629 5687 3691 5731 ει-
