4138 6386
454 401 565 458 ισιι

1170 400 1442 459 EUSEBII
1474 398 1954 457 CJESARIENSIS
1992 396 2141 453 CPP.
2184 397 2388 452 PARS.
2432 394 2520 450 Ill.
2563 427 2635 439 -—
2672 396 3079 454 EXEGETICA.

3618 404 3726 461 500

455 518 714 573 contentio
747 518 882 573 inter
904 535 1011 581 vos.
1040 537 1209 576 nonne
1231 522 1474 577 carnales
1499 524 1648 588 estis,
1674 532 1722 575 et
1746 519 2032 575 secundum

2151 520 2268 590 ῦύχὶ
2294 521 2569 588 σαρκικοί
2608 520 2768 585 ἐστε,
2800 521 2899 574 καὶ
2939 521 3088 576 κατὰ
3120 519 3435 591 ἄνθρωπον
3475 536 3723 592 περιπα-

453 610 719 663 hominem
754 609 1043 666 ambulatis
1067 612 1109 643 ¹⁸
1134 614 1156 666 ?

528 720 691 778 Vens.
728 722 814 790 12,
837 724 924 779 15.
951 723 1017 779 In
1048 743 1128 780 me
1157 736 1299 793 sunt,
1322 727 1487 795 Deus,
1513 738 1632 783 vota
1650 745 1766 799 quo:
1795 727 2037 792 reddam,

456 810 791 870 laudationes
840 816 956 871 tibi.
1010 818 1275 884 Quoniam
1332 822 1576 891 eripuisti
1605 824 1840 875 animam
1869 837 2038 875 meam

452 903 517 956 de
551 915 736 972 morte,
771 915 821 960 et
855 907 1008 975 pedes
1032 925 1172 963 meos
1205 909 1267 964 de
1299 911 1471 979 lapsu,
1499 922 1555 965 ut
1584 915 1823 982 placeam
1858 928 2037 965 coram

456 992 564 1047 Deo
598 995 652 1049 in
677 997 875 1051 lumine
908 998 1209 1053 viventium.
1243 1000 1350 1055 Pro
1378 1003 1472 1055 illo
1500 1022 1512 1055 :
1543 1001 1607 1055 In
1638 1019 1717 1055 me
1745 1012 1865 1056 sunt
1897 1001 2039 1057 Deus

455 1095 597 1149 vota,
629 1103 746 1157 qua:
780 1088 999 1143 reddam
1057 1090 1387 1146 laudationis
1447 1094 1559 1157 tibi,
1586 1094 1829 1162 apertius
1878 1091 2039 1164 Sym-

455 1179 684 1235 machus
735 1181 1129 1253 interpretatus
1181 1193 1287 1252 est,
1322 1186 1547 1241 dicens:
1588 1185 1819 1254 Recipio,
1873 1186 2037 1250 Deus,

456 1288 575 1343 quae
622 1284 869 1341 precatus
900 1293 1017 1329 sum
1042 1290 1062 1329 :
1099 1277 1317 1331 reddam
1352 1278 1686 1334 laudationes
1745 1279 1861 1336 tibi.
1918 1279 2038 1334 Non

455 1365 606 1418 enim
633 1367 860 1433 oblitus,
888 1369 984 1433 ait,
1012 1384 1205 1424 eorum
1241 1386 1361 1440 quae
1387 1380 1644 1441 precatus
1674 1388 1793 1427 sum
1820 1392 1834 1439 ;
1865 1371 1959 1427 sed
1987 1374 2040 1425 in

457 1471 545 1509 Ine
566 1466 716 1521 sunt,
746 1466 800 1513 et
840 1460 1023 1513 omnia
1055 1459 1111 1514 in
1144 1461 1407 1514 memoria
1441 1462 1652 1516 retineo
1700 1478 2041 1534 quarcunque

456 1550 733 1618 precando
780 1554 1010 1621 promisi
1061 1570 1073 1605 :
1126 1570 1247 1623 quae
1299 1570 1400 1610 ceu
1447 1554 1723 1624 quoddam
1771 1556 2040 1621 debitum,

457 1639 666 1696 hostias
693 1641 870 1698 laudis
900 1643 1176 1699 oﬂ‘erendo
1226 1645 1554 1715 persolvant,
1597 1647 1898 1701 secundum
1929 1648 2044 1701 elo-

456 1733 648 1803 quium
675 1734 806 1790 illud
829 1756 841 1791 :
866 1734 1095 1790 Immola
1120 1736 1227 1791 Deo
1247 1739 1569 1807 sacriﬁcium
1593 1739 1793 1803 laudis,
1815 1749 1865 1793 et
1888 1740 2043 1794 redde

458 1824 686 1879 Domino
718 1837 838 1881 vota
870 1839 959 1882 tua
983 1831 1047 1885 ¹⁹.
1072 1828 1306 1885 Offeram
1329 1830 1513 1900 itaque
1537 1832 1633 1885 tibi
1662 1831 1899 1886 hostiam
1925 1833 2044 1886 lau-

458 1915 568 1983 dis,
599 1922 789 1986 utpote
819 1920 1077 1975 conscius
1110 1935 1198 1975 me
1232 1921 1401 1974 multa
1432 1937 1532 1992 pro
1569 1923 1745 1978 salute
1781 1938 1901 1977 mea
1940 1923 2040 1979 de-

458 2005 611 2061 bere.
646 2004 825 2076 lpsam
856 2018 1004 2064 certe
1021 2010 1260 2064 animam
1284 2027 1463 2066 meam
1496 2026 1526 2065 a
1559 2021 1735 2068 morte
1770 2013 2038 2069 liberasti.

456 2094 595 2150 Nam
629 2096 839 2153 inimici
891 2103 997 2156 mei
1048 2117 1148 2171 pro
1184 2103 1393 2158 viribus
1437 2104 1616 2175 ipsam
1661 2107 1959 2175 pellebant,
1989 2113 2044 2160 et

457 2201 656 2257 magna
681 2189 735 2243 vi
766 2192 1037 2246 curabant
1066 2208 1184 2247 eam
1223 2194 1278 2247 in
1308 2202 1544 2249 mortem
1578 2196 1841 2265 dejicere.
1862 2198 2044 2268 Siqui-

458 2277 583 2334 dem
610 2279 739 2334 dum
769 2296 856 2336 me
884 2283 1167 2352 pellerent,
1197 2293 1563 2356 cogeremque
1596 2288 1665 2341 ad
1687 2287 2044 2355 habitandum

458 2370 517 2424 in
550 2370 730 2425 medio
760 2372 1165 2445 allophylorum
1204 2384 1258 2431 et
1282 2377 1742 2449 alienigenarum,
1775 2388 2042 2449 quantum

461 2463 520 2515 in
547 2462 683 2531 ipsis
716 2471 835 2518 erat
860 2466 1100 2520 animam
1134 2469 1439 2523 enecabant
1471 2486 1688 2537 meam;
1729 2473 2045 2542 proximum

460 2553 661 2624 quippe
685 2562 803 2609 erat
831 2564 889 2610 ut
917 2556 987 2611 ad
1020 2558 1420 2631 allophylorum
1472 2562 1837 2619 idololatriam
1887 2582 2046 2623 acce-

463 2645 673 2710 derem,
728 2648 783 2701 in
831 2650 1011 2704 medio
1054 2666 1246 2706 eorum
1307 2654 1603 2710 habitans:
1634 2673 1743 2727 quo
1802 2655 2047 2730 tempore

464 2734 609 2805 apud
635 2734 824 2792 Achus
866 2736 921 2791 in
963 2738 1102 2794 Getb
1134 2748 1186 2795 et
1216 2742 1362 2811 apud
1406 2743 1713 2816 allophylos
1756 2746 2042 2818 degebam,

460 2825 576 2897 jam
605 2828 816 2898 pridem
870 2830 939 2885 ab
993 2846 1080 2895 ea,
1106 2849 1228 2903 qua:
1265 2849 1431 2903 penes
1461 2845 1515 2891 te
1546 2846 1649 2901 est,
1685 2839 1796 2893 vita
1835 2840 2042 2911 lapsus,

467 2920 652 2973 anima
680 2928 932 2976 mortuus
961 2937 1138 2978 essem
1164 2942 1177 2977 :
1211 2924 1307 2979 sed
1356 2927 1531 2995 gratia
1581 2934 1635 2982 et
1664 2928 2045 2985 misericordia

468 3018 564 3066 tua
593 3011 649 3067 id
682 3014 999 3084 contingere
1028 3030 1137 3069 non
1161 3017 1441 3085 permisit;
1463 3020 1907 3091 quandoquidem
1936 3038 2043 3088 me,

469 3104 634 3159 etiam
687 3105 832 3175 apud
881 3106 1185 3177 allophylos
1214 3117 1563 3176 versantem,
1606 3116 1951 3185 protegebas,
1987 3123 2046 3169 ut

2140 610 2288 664 τεῖτε
2304 627 2323 674 ;

2205 729 2307 781 Ἑν
2330 725 2480 796 ἐμοὶ.
2499 729 2531 780 δ
2548 725 2712 791 Θεὸς,
2731 728 2794 779 αἱ
2812 726 3007 795 εὐχαὶ,
3027 725 3101 792 ἃς
3127 726 3419 782 ἀποδώσω
3442 717 3748 795 αινέσεώςξ

2139 836 2255 873 σοι.
2297 819 2416 871 Ὅτι
2466 818 2698 885 ἐῤῥύσω
2755 816 2869 884 τὴν
2897 817 3110 884 ψυχήν
3150 835 3269 886 μου
3320 819 3390 871 ἐκ
3442 819 3722 882 θανάτου,

2139 912 2237 964 καὶ
2266 911 2407 976 τοὺς
2432 909 2622 975 πόδας
2640 927 2759 978 μου
2801 908 2869 972 ἐξ
2909 908 3335 978 ὀλισθήματος,
3374 910 3480 964 τοῦ
3524 912 3727 979 εὐαρε-

2140 1003 2365 1072 στῆσαι
2399 1001 2657 1057 ἐνώπιον
2683 1002 2788 1055 τοῦ
2815 1002 2961 1055 Θεοῦ
2997 1003 3067 1055 ἐν
3099 1003 3243 1070 φωτὶ
3288 1001 3533 1063 ζώντων.
3582 1003 3727 1055 Ἀντὶ

2138 1095 2254 1158 τοῦ,
2297 1097 2391 1147 Ἐν
2416 1095 2568 1163 ἐμοὶ,
2603 1097 2635 1147 ὁ
2670 1094 2831 1159 Θεὸς,
2859 1096 2919 1147 αὶ
2938 1094 3133 1162 εὐχαὶ,
3170 1093 3242 1159 ἂς
3266 1093 3557 1148 ἀποδώσω
3579 1093 3709 1146 αίνέ

2141 1189 2296 1255 σεώς
2335 1206 2454 1253 σοι,
2491 1189 2823 1260 σαφέστερον
2857 1190 3202 1260 ήρμήνευσεν
3256 1192 3284 1241 ὁ
3327 1189 3620 1259 Σύμμαχος
3648 1192 3726 1241 εἰ-

2140 1280 2277 1334 πών·
2364 1280 2764 1349 Ἁναδέχομαι,
2816 1279 2941 1345 Θεὲ,
2997 1279 3035 1333 ἃ
3077 1278 3377 1349 ηὐξάμην
3438 1279 3729 1333 ἀποδώσω

2138 1374 2401 1438 αἱνέσεις
2429 1387 2546 1427 σοι.
2577 1374 2650 1425 Οὐ
2695 1373 2803 1443 γὰρ
2832 1371 3213 1442 ἐπιλέλησμαι,
3261 1373 3414 1442 φησὶ,
3447 1365 3521 1425 ὧν
3560 1372 3728 1440 ηὐξά-

2144 1481 2271 1535 μην’
2300 1463 2415 1517 ἀλλ’
2446 1465 2505 1517 ἐν
2532 1464 2655 1534 ἐμοί
2685 1465 2810 1527 εἱσι,
2864 1463 2958 1515 καὶ
2996 1463 3211 1532 κατέχω
3241 1466 3306 1533 τῇ
3342 1465 3528 1535 μνήμῃ
3555 1464 3732 1516 πάντα

2139 1558 2239 1609 ὅσα
2265 1557 2679 1628 ἐπηγγειλάμην
2712 1554 3029 1626 εὐξάμενος·
3064 1556 3099 1609 ἃ
3129 1556 3221 1608 καὶ
3251 1556 3441 1626 ὥσπερ
3465 1574 3516 1607 τι
3572 1557 3730 1626 χρέος

2141 1648 2425 1712 ἀποδώσω,
2455 1649 2646 1712 θυσίας
2674 1650 2961 1720 ἀναφέρων
2980 1650 3079 1712 τὰς
3094 1650 3161 1702 δι’
3181 1650 3456 1711 αἰνέσεως,
3476 1651 3569 1701 καὶ
3590 1648 3729 1702 κατά

2141 1744 2202 1797 τὸ
2235 1744 2440 1813 φάσκον
2496 1742 2695 1811 λόγιοψ
2756 1744 2958 1796 Θῦσον
3010 1743 3091 1808 τῷ
3141 1742 3263 1808 Θεῷ
3311 1743 3531 1795 θυσίαν
3570 1741 3729 1793 αἰνέ-

2145 1850 2319 1899 σεως,
2340 1833 2436 1886 καὶ
2462 1833 2687 1899 ἀπόδος
2707 1834 2787 1899 τῷ
2819 1834 3012 1901 Κυρίῳ
3034 1833 3140 1899 τὰς
3177 1833 3364 1903 εὐχάς
3395 1849 3529 1885 σου.
3568 1833 3729 1884 Ἀπο-

2143 1926 2299 1980 δώσω
2360 1927 2540 1979 τοίνυν
2592 1925 2851 1989 αίνέσεώς
2882 1942 2982 1978 σοι·
3041 1925 3229 1996 ἐπειδὴ
3287 1924 3457 1977 πολλὰ
3517 1924 3731 1977 σύνοιδα

2142 2020 2363 2092 ἐμαυτῷ
2384 2020 2652 2089 ὀφείλοντι
2683 2020 2823 2091 ὑπὲρ
2843 2020 2941 2089 τῆς
2964 2018 3204 2089 ἐμαυτοῦ
3234 2017 3525 2088 σωτηρίας.
3552 2017 3730 2086 Αὐτὴν

2143 2116 2273 2184 γοῦν
2305 2113 2403 2184 τὴν
2430 2112 2609 2199 ιᾖκυχήν
2644 2130 2745 2183 μου
2776 2111 2993 2182 ἐρῤύσω
3019 2112 3084 2163 ἐκ
3115 2109 3368 2163 θανάτου.
3405 2112 3465 2163 Οἱ
3494 2110 3589 2179 μὲν
3623 2107 3730 2178 γὰρ

2144 2204 2325 2274 ἐχθροί
2354 2220 2456 2274 μου
2498 2204 2559 2256 τὸ
2607 2204 2732 2255 ὅσον
2776 2202 2862 2255 ἐπ’
2916 2203 3102 2264 αὐτοῖς
3150 2200 3379 2270 ἦλαυνον
3407 2200 3595 2267 αὐτὴν,
3637 2201 3733 2252 καὶ

2144 2294 2481 2361 ἐξεόιάζοντο
2532 2295 2611 2356 εἰς
2654 2292 2882 2345 θάνατον
2934 2292 3208 2345 ἐκπεσεῖν.
3272 2290 3612 2353 Ἐλαύνοντές
3663 2306 3731 2359 με

2143 2384 2271 2454 γάρ,
2295 2384 2389 2436 καὶ
2425 2382 2587 2453 μέσον
2623 2380 2934 2450 ἀλλοφύλων
2978 2382 3074 2432 καὶ
3119 2375 3422 2447 ἀλλογενῶν
3455 2377 3623 2430 ἐθνῶν
3656 2379 3734 2429 οἰ-

2145 2480 2261 2529 κεῖν
2287 2475 2810 2543 καταναγκάζοντες,
2843 2473 2905 2525 τὸ
2950 2474 3035 2525 ἐπ’
3062 2472 3248 2535 αὐτοῖς
3274 2471 3373 2542 τὴν
3418 2470 3594 2541 ψυχήν
3631 2486 3730 2539 μου

2145 2570 2461 2624 ἐθανάτουν·
2494 2570 2661 2639 ἤγουν
2698 2566 2933 2637 ἤμελλον
2979 2564 3353 2618 συνάπτεσθαι
3380 2566 3443 2633 τῇ
3476 2562 3583 2615 τῶν
3635 2562 3731 2614 ἁλ-

2146 2662 2388 2731 λοφύλων
2440 2658 2871 2730 είδωλολατρείᾳ,
2903 2724 2915 2741 ι
2931 2657 3094 2727 μέσος
3147 2657 3325 2709 αὐτῶν
3378 2654 3563 2717 οἰκῶν,
3610 2654 3730 2708 καθ’

2146 2754 2239 2817 οὓς
2283 2753 2507 2824 χρόνους
2556 2750 2708 2822 παρὰ
2756 2749 2835 2820 τῷ
2895 2748 3085 2818 Ἀχοῦς
3120 2747 3238 2820 (sic)
3280 2748 3372 2799 xu".
3412 2746 3469 2798 ἐν
3517 2747 3582 2815 τῇ
3630 2744 3731 2796 Γέθ

2147 2845 2299 2916 παρά
2328 2847 2439 2907 τοῖς
2462 2842 2777 2912 ἀλλοφύλοις
2799 2840 3097 2911 ἐποιούμην
3127 2839 3224 2902 τὰς
3246 2836 3543 2907 διατριϐὰς,
3568 2836 3732 2889 πάλαι

2147 2936 2213 2991 ἂν
2241 2937 2338 3008 τὴν
2365 2935 2542 3006 ψυχήν
2598 2952 2698 3005 μου
2756 2932 3059 3003 τεθνήκειν,
3119 2930 3219 3000 τῆς
3275 2927 3427 2998 παρά
3475 2928 3558 2981 σοὶ
3590 2927 3732 2995 ζωῆς

2148 3026 2418 3081 ἐκπεσών·
2456 3026 2571 3079 ἀλλ’
2606 3027 2639 3097 ἡ
2678 3025 2744 3095 σὴ
2776 3024 2936 3094 χάρις
2964 3022 3058 3075 καὶ
3105 3020 3166 3074 τὸ
3196 3021 3286 3073 σὺν
3316 3020 3461 3083 ἕλεος
3512 3019 3572 3071 ού
3612 3035 3736 3069 συν-

2148 3119 2393 3191 εχώρησε
2424 3118 2581 3171 τοῦτο
2608 3116 2881 3185 γενέσθαι·
2903 3114 3026 3167 ἐπεὶ
3061 3113 3155 3166 καὶ
3182 3110 3333 3183 παρὰ
3358 3113 3470 3172 τοῖς
3500 3107 3732 3178 ἀλλοφύ-

467 3195 608 3249 nihil
633 3196 767 3249 mihi
810 3196 1120 3252 detrimenti
1150 3214 1216 3253 ex
1263 3214 1452 3254 eorum
1493 3205 1768 3258 consortio
1828 3206 2047 3260 accede-

2151 3212 2258 3277 λοις
2296 3229 2361 3282 με
2405 3212 2535 3264 ὄντα
2585 3209 3001 3280 περιέφραττες,
3055 3205 3128 3268 ὡς
3167 3204 3332 3274 μηδὲν
3360 3201 3734 3254 καταϐλάπτε-

470 3294 576 3341 ret.
631 3285 974 3357 Quapropter
1009 3287 1176 3343 dico:
1215 3289 1421 3345 Eruisti
1472 3295 1707 3348 animam
1760 3313 1929 3350 meam
1985 3297 2047 3353 de

2151 3305 2272 3358 σθαι
2306 3306 2370 3355 ἐκ
2403 3303 2502 3373 τῆς
2540 3301 2744 3354 τούτων
2776 3299 3082 3361 συνουσίας.
3127 3298 3217 3350 Διό
3272 3310 3435 3365 φημν
3473 3294 3735 3362 Ἐρῤὐσω

469 3385 668 3442 morte;
698 3378 828 3447 quin
858 3379 1021 3432 etiam
1053 3380 1246 3435 eruisti
1272 3382 1427 3449 pedes
1452 3400 1589 3438 meos
1617 3385 1680 3439 de
1712 3386 1883 3454 lapsu.
1913 3389 2047 3454 Quis

469 3469 617 3524 enim
674 3484 786 3523 non
830 3485 1124 3538 perversus
1177 3479 1367 3538 esset,
1415 3489 1517 3529 ceu
1567 3476 1624 3530 in
1676 3478 1850 3532 lutum
1908 3480 2049 3533 dela-

470 3573 627 3628 psus,
654 3565 710 3612 et
739 3558 948 3614 lubrica
1000 3560 1056 3614 in
1106 3561 1225 3616 loca
1267 3562 1535 3634 deiectus,
1564 3568 1777 3624 medius
1822 3570 2049 3625 relictus

472 3651 619 3706 inter
647 3658 729 3704 tot
754 3651 945 3706 atheos
969 3660 1025 3707 et
1062 3652 1386 3712 idololatras
1409 3657 1597 3712 viros?
1621 3657 1824 3715 Verum
1861 3660 1917 3713 in
1947 3660 2051 3716 hac

470 3757 655 3799 rerum
680 3742 996 3798 conditione
1022 3744 1210 3799 aderat
1240 3746 1621 3803 misericordia
1646 3757 1699 3805 et
1725 3751 1901 3821 gratia
1933 3759 2048 3817 tua,

476 3850 679 3892 eruens
713 3835 880 3907 pedes
922 3853 1073 3894 meos
1103 3838 1170 3893 de
1199 3840 1388 3910 lapsu;
1439 3857 1618 3911 neque
1668 3845 1814 3898 enim
1861 3845 2053 3900 virtuti

476 3928 592 3984 hac
617 3930 837 3986 ascribo
866 3945 1034 3997 meas;
1070 3931 1198 4001 quia
1234 3947 1343 3986 non
1372 3932 1448 3986 ita
1483 3933 1641 3990 fortis
1674 3935 1859 3990 animo
1879 3952 2050 4004 eram,

382 4088 389 4093 ,
475 4029 539 4079 ut
563 4023 921 4078 immutabilis
949 4038 1248 4087 manerem,
1273 4038 1401 4078 cum
1444 4025 1501 4079 in
1550 4026 1791 4081 medium
1820 4036 1901 4083 tot
1947 4029 2051 4083 ho-

475 4113 689 4169 minum
740 4114 1032 4170 devolutus
1084 4130 1283 4181 essem,
1314 4116 1423 4172 nisi
1478 4124 1538 4171 tu
1579 4120 1785 4174 auxilio
1828 4121 2051 4178 fuisses.

478 4206 661 4274 Quare
683 4210 949 4264 conﬁtens
978 4209 1183 4278 gratias
1216 4226 1339 4281 ago,
1375 4212 1635 4282 quoniam
1674 4213 1925 4284 eripuisti
1957 4231 2054 4284 pe-

478 4301 576 4355 des
619 4314 771 4354 meos
795 4299 862 4355 de
903 4301 1081 4371 lapsu.
1129 4300 1365 4372 Haecque
1393 4303 1529 4357 mihi
1560 4305 1936 4360 misericordia
1963 4315 2056 4361 tua

480 4392 781 4456 concessit,
804 4402 862 4444 ut
884 4391 1121 4461 placeam
1154 4410 1334 4448 coram
1355 4404 1403 4449 te
1432 4396 1488 4448 in
1512 4394 1708 4449 lumine
1737 4397 2055 4462 viventium;

480 4485 617 4551 sive,
654 4484 957 4539 secundum
999 4484 1408 4557 Symmachum,
1440 4497 1497 4541 ut
1532 4488 1774 4543 incedam
1826 4491 1881 4543 in
1928 4508 2057 4544 con-

2149 3396 2264 3464 τὴν
2290 3394 2503 3463 ψυχήν
2530 3410 2648 3462 μου
2672 3393 2741 3445 ἐκ
2768 3390 3048 3457 θανάτου
3085 3388 3219 3442 ἀλλά
3246 3389 3339 3441 καὶ
3374 3386 3515 3451 τοὺς
3543 3384 3735 3449 πόδας

2144 3506 2262 3558 μου
2291 3486 2504 3558 app-3m
2532 3484 2601 3549 ἐξ
2632 3483 3058 3552 ὀλισθήματος.
3110 3483 3206 3543 Τίς
3262 3480 3369 3551 γὰρ
3395 3479 3493 3531 οὐκ
3536 3476 3599 3529 ἂν
3651 3476 3731 3528 δι-

2150 3576 2386 3648 ετράπη,
2442 3575 2629 3644 ὥσπερ
2675 3575 2755 3636 είς
2785 3573 2954 3642 πηλὸν
3008 3571 3221 3640 ἐμϐὰς,
3277 3571 3369 3622 καὶ
3429 3567 3734 3640 ὀλισθηροῖς

2152 3666 2463 3741 περιπεσὼν
2525 3667 2763 3737 χωρίοις,
2839 3663 3002 3734 μέσος
3055 3661 3325 3715 τοσούτων
3383 3658 3734 3727 ἀπολειφθεὶς

2152 3762 2326 3814 ἀθέων
2358 3761 2452 3813 καὶ
2482 3752 2881 3827 εἰδωλολατρῶν
2925 3755 3163 3825 ἀνδρῶν;
3211 3753 3349 3806 Ἀλλ’
3380 3748 3446 3823 ἦν
3483 3752 3591 3823 ἄρα
3638 3750 3736 3804 καὶ
3814 3800 3824 3804 ,

2155 3855 2211 3905 ἐν
2235 3851 2408 3921 τούτῳ
2435 3850 2495 3903 τὸ
2526 3850 2614 3902 σὸν
2648 3849 2816 3911 ἕλεος,
2848 3847 2999 3918 καὶὴ
3046 3847 3112 3917 σὴ
3145 3847 3303 3917 χάρις
3340 3845 3577 3915 ῥυομένη
3632 3859 3733 3913 μου

2154 3944 2280 4006 τοὺς
2308 3944 2472 4005 πόδας
2508 3941 2567 4005 ἐξ
2588 3940 2966 4011 ὀλισθήματος·
2998 3940 3058 3991 οὐ
3108 3938 3216 4009 γὰρ
3248 3936 3484 4007 ἐμαυτοῦ
3510 3936 3735 4004 δυνάμει

2156 4036 2445 4105 ἐπιγράψω
2502 4033 2692 4086 ταῦτα·
2731 4033 2851 4085 ἐπεὶ
2915 4032 3035 4102 μηδ’
3087 4029 3260 4092 οὕτως
3310 4029 3455 4099 ἤμην
3511 4027 3736 4097 στερρὸς

2155 4125 2252 4197 τὴν
2275 4126 2451 4195 ψυχὴν
2478 4124 2553 4187 ὡς
2574 4116 2895 4194 ἀδιάτρετώς
2919 4122 3119 4191 μένειν,
3148 4121 3204 4171 ἐν
3222 4117 3300 4189 τῷ
3323 4116 3523 4189 μεταξὺ
3552 4114 3738 4169 τοσού-

2155 4234 2263 4271 των
2296 4216 2560 4287 εἱλῆσθαι,
2596 4217 2643 4268 εἰ
2681 4215 2753 4284 μὴ
2802 4214 2865 4266 σὺ
2909 4209 3051 4283 ἦσθα
3087 4211 3297 4282 βοηθός.
3363 4208 3448 4263 Διὸ
3488 4206 3740 4277 ἐξομολο-

2159 4310 2420 4377 γούμενος
2448 4305 2774 4377 εὐχαριστῶ,
2800 4305 2881 4357 ὅτι
2926 4304 3140 4376 ἐρρύσω
3181 4304 3305 4365 τοὺς
3334 4302 3500 4363 πόδας
3553 4317 3651 4371 μου
3678 4300 3737 4365 ἐξ

2159 4397 2538 4468 ὀλισθήματος.
2589 4396 2698 4448 Καὶ
2725 4394 2902 4448 ταῦτά
2930 4411 3019 4464 μοι
3075 4393 3134 4446 τὸ
3167 4393 3257 4445 σὺν
3283 4392 3430 4456 ἕλεος
3463 4392 3735 4462 ἐδωρεῖτο,

2160 4487 2313 4556 ὑπὲρ
2342 4488 2445 4542 τοῦ
2467 4487 2869 4555 εὐαρεστῆσαι
2907 4484 3163 4539 ἐνώπιόν
3190 4502 3306 4539 σου
3331 4485 3400 4537 ἐν
3431 4484 3575 4553 φωτὶ
3605 4481 3740 4542 ζών-

480 4587 659 4647 spectu
684 4577 783 4631 Dei
811 4592 902 4646 per
917 4578 1094 4633 lumen
1116 4580 1255 4634 vitaz.
1280 4580 1463 4636 Moras
1494 4581 1658 4652 igitur
1683 4581 1891 4639 faciens
1912 4584 2049 4655 apud

2163 4598 2298 4636 των·
2322 4580 2383 4650 ἢ,
2412 4579 2551 4634 κατὰ
2584 4579 2675 4633 τὸν
2700 4580 3013 4651 Σύμμαχον,
3037 4578 3117 4644 ὡς
3156 4577 3224 4630 τὸ
3266 4576 3496 4630 ὁδεύειν
3527 4574 3742 4643 ἐμπρο-

480 4669 809 4741 allophylos,
846 4685 877 4723 a
925 4678 1075 4724 recta
1100 4681 1154 4726 et
1184 4673 1333 4743 regia
1364 4673 1453 4726 via
1493 4689 1602 4728 non
1632 4674 1903 4742 declinat;
1937 4676 2054 4743 sed,

481 4768 558 4823 ait
590 4787 604 4823 :
638 4766 762 4825 Tibi
792 4768 994 4839 placito
1033 4784 1186 4824 more
1210 4769 1527 4825 incedebam
1559 4771 1759 4827 ductus
1790 4774 1888 4828 abs
1927 4782 1978 4828 te
2005 4782 2059 4828 et

480 4863 826 4930 illustratus;
858 4878 968 4917 non
1004 4863 1127 4918 luce
1158 4863 1336 4919 solum
1392 4864 1483 4917 illa
1517 4866 1798 4919 communi
1844 4865 2055 4931 fruens,

482 4955 738 5011 omnibus
767 4962 1057 5025 prmsente,
1090 4956 1511 5011 rationabilibus
1540 4964 1593 5011 et
1617 4958 1817 5023 brutis,
1849 4958 1982 5014 feris
2005 4967 2059 5014 et

484 5046 791 5117 reptilibus,
833 5046 1067 5101 mortuis
1106 5056 1159 5101 et
1221 5048 1576 5114 inanimatis;
1608 5048 1704 5103 sed
1750 5049 1843 5102 illa
1894 5051 2061 5104 etiam

481 5152 604 5207 quae
636 5143 851 5191 tantum
876 5137 963 5201 iis,
994 5137 1089 5207 qui
1128 5137 1272 5207 apud
1312 5144 1366 5192 te
1395 5138 1607 5202 vivunt,
1640 5139 1912 5193 destinata
1956 5147 2059 5194 est.

485 5227 693 5283 Lumen
720 5244 884 5298 porro
917 5228 1051 5283 illud
1078 5230 1400 5294 viventium,
1441 5245 1550 5300 quo
1590 5229 1760 5285 David
1791 5238 1844 5285 et
1872 5246 2066 5298 omnes

486 5317 598 5393 Deo
619 5319 829 5389 accepti
856 5320 1134 5390 prophetae
1154 5326 1209 5375 et
1225 5320 1362 5389 justi
1391 5320 1652 5375 illustrati
1701 5327 1829 5375 sunt
1870 5320 2068 5374 intelli-

485 5410 679 5482 ges,si
712 5411 967 5467 attendas
1005 5412 1352 5483 evangelista
1386 5412 1588 5467 dicenti
1627 5432 1640 5468 :
1673 5412 1826 5478 Quod
1861 5412 2064 5481 factum

487 5514 566 5558 est
612 5505 665 5557 in
716 5504 830 5573 ipso
849 5505 915 5569 ²⁰,
947 5506 1161 5562 scilicet
1189 5504 1285 5561 Dei
1312 5505 1496 5562 Verbo
1530 5508 1672 5577 quod
1706 5509 1760 5561 in
1794 5509 2066 5578 principio

491 5596 643 5666 apud.
679 5595 848 5650 Deum
882 5606 1023 5663 erat,
1055 5599 1166 5654 vita
1209 5608 1345 5664 erat,
1385 5609 1437 5653 et
1488 5602 1603 5679 vita,
1629 5611 1743 5655 erat
1784 5606 1877 5654 tua:
1903 5601 2068 5653 homi-

492 5704 620 5741 num
647 5689 691 5720 ιι
723 5701 830 5741 :ac
862 5702 1085 5745 rursum
1112 5708 1138 5746 :.
1168 5688 1303 5745 Erat
1351 5691 1444 5746 lux
1478 5708 1598 5746 vera
1648 5710 1765 5762 qua:
1799 5694 2068 5747 illuminat

2164 4679 2314 4730 σθεν
2342 4674 2448 4728 τοῦ
2504 4674 2651 4727 Θεοῦ
2700 4671 2797 4726 διὰ
2828 4670 3022 4741 φωτὸς
3061 4669 3170 4738 τῆς
3227 4667 3393 4737 ζωῆς.
3442 4666 3740 4738 Διατρίϐων

2165 4766 2294 4833 γοῦν
2323 4765 2416 4818 καὶ
2440 4763 2592 4835 παρὰ
2612 4767 2722 4827 τοῖς
2756 4762 3097 4831 ἀλλοφύλοις,
3124 4762 3222 4832 τῆς
3271 4759 3438 4830 ὀρθῆς
3465 4758 3557 4811 καὶ
3585 4756 3740 4826 βασι-

2164 4858 2319 4928 λικῆς
2350 4855 2468 4910 ὀδοῦ
2500 4857 2559 4908 ού
2591 4853 2919 4927 παρέξεισιν’
2940 4854 3074 4907 ἀλλὰ
3102 4854 3183 4906 σοὶ
3212 4851 3517 4923 εὐαρέστως
3547 4848 3744 4901 ὥδευον

2167 4949 2272 5003 ὑπὸ
2300 4947 2392 5001 σοῦ
2428 4944 2829 5017 ποδηγούμενα]
2884 4944 2979 4995 καὶ
3042 4940 3427 5011 φωτιζόμενος,
3458 4939 3635 5009 φωτός
3684 4955 3743 4990 τε

2170 5040 2591 5114 μεταλαγχάνων
2618 5039 2677 5091 οὐ
2704 5036 2797 5090 τοῦ
2845 5034 3022 5089 κοινοῦ
3074 5034 3170 5087 καὶ
3204 5034 3370 5086 πᾶσιν
3401 5030 3741 5101 ἐγκειμένου,

2164 5134 2401 5202 λογικοῖς
2424 5150 2484 5184 τε
2511 5131 2604 5184 καὶ
2637 5130 2869 5198 ἀλόγοις,
2905 5128 3114 5199 θηρίοις
3140 5143 3197 5179 τε
3243 5125 3335 5178 καὶ
3360 5126 3629 5196 ἑρπετοῖς,
3661 5138 3746 5174 νε-

2168 5227 2319 5296 κροῖς
2344 5241 2403 5276 τε
2430 5224 2522 5276 καὶ
2561 5221 2807 5292 ἀψύχοις,
2838 5219 2973 5273 ἀλλά
3004 5217 3097 5271 τοῦ
3132 5219 3310 5289 μόνοις
3336 5219 3447 5279 τοῖς
3476 5214 3627 5285 παρὰ
3651 5212 3744 5266 σοῦ

2169 5317 2333 5381 ζῶσιν
2361 5314 2764 5385 ἀφωρισμένου.
2796 5314 3025 5383 Νοήσεις
3050 5311 3108 5364 δέ
3138 5312 3197 5363 τὸ
3229 5310 3343 5379 φῶς
3370 5308 3474 5361 τῶν
3505 5306 3744 5370 ζώντων,

2171 5416 2227 5466 ἐν
2248 5406 2291 5481 ᾧ
2313 5414 2404 5467 καὶ
2431 5409 2592 5465 Δαυῖδ
2622 5410 2715 5463 καὶ
2746 5408 2943 5470 πάντες
2972 5407 3022 5459 οἱ
3055 5405 3321 5474 θεοφιλεῖς
3351 5404 3625 5475 προφῆται
3651 5399 3748 5452 mi.

2172 5505 2368 5557 δίκαιοι
2402 5504 2801 5575 ἐφωτίσθησαν,
2834 5504 3131 5573 ἐπιστήσας
3167 5498 3244 5569 τῷ
3271 5497 3625 5565 εὐαγγελιστῇ
3669 5494 3749 5547 λέ-

2175 5614 2341 5664 γοντι*
2390 5600 2449 5649 Ὃ
2482 5596 2729 5665 γέγονεν
2767 5598 2836 5649 ἐν
2862 5594 3041 5659 αὐτῷ,
3105 5592 3304 5662 δηλαδὴ
3360 5589 3436 5659 τῷ
3470 5588 3623 5657 Λόγῳ
3650 5584 3750 5639 τοῦ.

2176 5688 2308 5741 Θεοῦ
2336 5689 2411 5760 τῷ
2446 5691 2501 5741 ἐν
2524 5690 2665 5760 ἀρχῇ
2703 5689 2835 5759 πρὸς
2864 5688 2953 5741 τὸν
2986 5684 3113 5739 Θεὸν
3140 5683 3273 5747 δντι,
3304 5680 3413 5749 (cui?
3442 5678 3536 5751 ἦν,
3579 5677 3672 5732 καὶ
3708 5678 3753 5744 ή,

570 5842 621 5875 ³³
651 5841 829 5900 ιαοτ.
863 5858 961 5912 ιιι,
1000 5844 1057 5901 ὅ.
1134 5847 1174 5880 ιθ
1214 5843 1361 5905 Psal.
1396 5862 1559 5918 xmx,
1596 5848 1679 5905 Η.
1761 5850 1804 5881 ²⁰
1844 5847 2003 5907 10m.
2045 5866 2049 5906 ι

2151 5848 2273 5916 ;,L
2354 5850 2391 5881 θ’
2439 5846 2571 5903 ibid.
2652 5918 2655 5921 ν
