4138 6386
435 347 534 402 501

431 450 641 530 ἂυὴῆν
688 459 754 514 τὸ
787 462 912 530 φῶς
964 464 1082 518 τῶν
1131 467 1474 536 ἀνθρώπων·
1537 477 1633 528 καὶ

424 643 751 712 ἐρχόμενον
787 649 873 713 εἰς
899 649 1007 702 τὸν
1022 653 1272 720 κόσμον.
1311 656 1406 710 Ἐν
1435 659 1514 724 τῷ
1547 663 1752 732 κόσμῳ
1778 663 1874 736 ἦν,
1913 671 2014 725 καὶ

426 739 460 790 ό
490 737 720 804 κόσμος
746 738 821 792 δι’
841 742 1030 796 αὑτοῦ
1055 745 1310 815 ἐγένετο,
1343 751 1443 804 καὶ
1489 757 1524 807 ό
1576 758 1803 826 κόσμος
1825 763 2012 817 αὐτὸν

423 829 534 881 οὐκ
560 829 730 898 ἔγνω.
756 832 964 886 Οὐκοῦν
989 831 1056 906 ἦν
1081 839 1136 890 ὲν
1165 839 1242 910 τῷ
1268 843 1472 914 κόσμῳ·
1495 849 1731 920 κάκείνῳ
1762 851 1838 922 τῷ
1869 857 2008 922 φωτὶ

422 919 472 972 ol
498 919 597 988 τῆς
628 924 776 993 παρὰ
806 925 883 995 τῷ
908 927 1026 998 Θεῷ
1052 930 1194 1000 ζωῆς
1223 935 1477 1001 καταξιού
1487 955 1634 1008 μενοι
1658 943 2001 1012 ὲφωτίζοντο.

425 1009 692 1082 ’Ὕστερον
717 1013 772 1066 δὲ
800 1017 894 1068 καὶ
924 1021 1012 1085 εἰς
1051 1021 1122 1073 τὰ
1183 1023 1304 1078 ἴδια
1352 1023 1557 1096 ἦλθεν·
1601 1009 1734 1086 ὅσοι
1782 1053 1845 1090 τε
1882 1037 2008 1092 ἐδέ-

423 1101 606 1165 ξαντο
641 1105 830 1158 αὑτὸν
857 1108 1083 1164 ἔδωκεν
1103 1116 1306 1182 αὐτοῖς
1325 1118 1618 1182 ἐξουσίαν
1643 1125 1825 1181 τέκνα
1859 1131 2005 1186 Θεοῦ

423 1189 715 1260 γενέσθαι.
773 1197 1017 1270 Τοσαύτη
1073 1202 1301 1273 δύναμις
1356 1211 1535 1280 παρῆν
1575 1213 1653 1283 τῷ
1709 1218 1846 1284 φωτὶ
1895 1221 2004 1274 τῶν

421 1275 657 1344 ζώντων,
691 1284 766 1348 ὡς
790 1285 955 1340 τέκνα
987 1289 1120 1342 Θεοῦ
1181 1294 1591 1366 ἀπεργάζεσθαι
1617 1304 1742 1367 τοὺς
1781 1308 2006 1362 καταδε-

417 1606 914 1696 aggeratos,
935 1619 1521 1696 _n_t_tt_4mq>etnrux,
1548 1633 1634 1688 Tn
1665 1638 1862 1692 nam
1892 1643 1998 1696 ΕΙΣ

486 1679 1146 1764 ἓνςῃέδοῃέυιςιέδ-ΕΝ
1178 1695 1263 1748 Tn
1301 1679 1532 1756 irin—.51
1557 1679 1997 1764 ’Χηῦλῑλὲέῖὲῖ

483 1749 1230 1836 uagituqumxnror
1279 1749 1528 1825 mit
1565 1749 1994 1836 ἑίἒννῖἱῖἒίίἱῑῖ

483 1820 882 1893 ΛΑιοΝφΝσν.

407 2093 678 2150 ἐδείκνυτο
705 2099 956 2173 δεύτερον
999 2108 1282 2179 γινόμενος
1327 2117 1354 2166 ὁ
1397 2118 1561 2172 Δαυῒδ
1600 2123 1750 2194 παρὰ
1779 2093 1889 2190 τοῖς
1936 2131 1993 2182 ἐν

405 2185 506 2240 Γὲθ
535 2189 872 2260 ἀλλοφύλοις,
905 2202 1034 2270 παρ’
1063 2195 1141 2265 οἷς
1167 2204 1456 2277 διατρίϐων
1482 2212 1570 2266 τὸν
1593 2185 1992 2291 vs'a\1a‘{é~,;pa-

404 2293 534 2332 πται
577 2280 792 2352 ψαλμὸν
819 2287 1075 2358 εἰρηκώς·
1097 2293 1238 2348 οὕτω
1265 2297 1346 2362 δὶς
1373 2302 1621 2368 φαίνεται
1655 2308 1710 2359 ἐν
1744 2309 1820 2380 τῷ
1848 2329 1988 2384 σπη-

404 2366 422 2384 κ
475 2369 488 2384 ρ
563 2372 604 2384 ..
659 2373 673 2384 .
729 2375 750 2384 λ
779 2375 790 2384 .
888 2380 908 2384 μ
1006 2381 1015 2384 μ

401 2366 536 2443 Julia)
558 2372 854 2444 ἐληλυθώς*
883 2380 1028 2448 ἅπαξ
1055 2383 1174 2452 μὲν,
1193 2389 1302 2450 ὅτε,
1334 2366 1530 2460 μανίαν
1577 2366 1984 2470 προσποιηθεὶς,

400 2462 499 2526 τὰς
534 2467 722 2537 χεῖρας
777 2470 869 2522 τοῦ
931 2473 1160 2544 Ἀγχοῦς
1209 2477 1327 2551 (sic)
1370 2483 1466 2535 καὶ
1505 2462 1632 2539 ’τῶν
1671 2491 1728 2542 ὲν
1763 2491 1802 2541 Γ
1805 2462 1862 2544 si)
1894 2462 1988 2546 ἀλί-

399 2551 645 2623 λοφύλων
674 2558 977 2630 διαφεύγει·
1013 2568 1268 2622 κάκεῖθεν
1292 2572 1613 2650 διασώζεται
1641 2582 1719 2644 εἰς
1741 2581 1801 2634 τὸ
1853 2579 1988 2655 σπή-

408 2644 560 2700 λαιον
584 2650 650 2740 τὸ
697 2653 977 2726 Ὀδολλὰμ,
1001 2657 1128 2712 ἔνθα
1161 2661 1384 2732 πάντες
1409 2644 1747 2740 οίάδελεςοὶ
1774 2644 1980 2740 αὑτοέ,

397 2737 496 2788 καὶ
524 2736 642 2804 πᾶς
673 2743 706 2794 ὀ
734 2742 899 2808 οἶκος
925 2746 1032 2800 τοῦ
1059 2749 1283 2816 πατρὸς
1333 2755 1520 2808 αὐτοῦ
1552 2759 1982 2813 καταϐαίνουσι

1576 331 2084 430 COMMENTARIA
2125 381 2194 436 IN
2231 383 2572 440 PSALMOS.

3579 395 3690 455 5‘22

1687 478 1866 535 πάλιν·
1902 478 1972 538 Ἦ

2076 510 2316 550 ιοηιηεηι
2373 491 2649 550 hominem
2691 498 2972 554 venientem
3023 501 3076 554 in
3116 501 3252 556 hunc
3307 506 3580 566 mundum.
3625 513 3692 566 ln

427 549 494 602 τὸ
522 548 648 618 φῶς
675 549 741 604 τὸ
771 553 1084 621 ἀληθινὸν,
1120 557 1185 612 τὸ
1212 562 1461 628 φωτίζον
1488 563 1684 619 πάντα
1699 569 1972 640 ἅνθρωπο

2117 589 2309 642 mundo
2357 598 2494 652 erat,

2536 597 2587 642 et
2637 591 2864 644 mundus
2923 608 3015 660 per
3067 595 3236 662 ipsum
3293 597 3464 665 factus
3508 611 3609 668 est,
3640 613 3690 658 et

2113 678 2340 732 mundus
2371 697 2486 733 eum
2507 697 2609 734 non
2635 683 2874 752 cognovit
2895 685 2960 738 ²².
2994 687 3126 739 Erat
3163 687 3330 758 igitur
3367 689 3424 744 in
3447 695 3685 748 mundo:

2109 775 2163 823 et
2220 769 2320 824 hoc
2366 772 2590 835 lumine,
2635 775 2730 844 qui
2781 777 2892 830 vita
2945 777 3036 831 illa
3083 779 3224 848 apud
3281 779 3452 836 Deum
3499 785 3686 840 donati

2107 868 2283 924 erant,
2315 861 2777 919 illuminabantur.
2816 865 3018 922 Deinde
3063 869 3116 922 in
3157 873 3373 940 propria
3415 875 3586 938 venit;
3637 885 3686 942 et

2107 961 2370 1022 quotquot
2401 967 2700 1023 receperunt
2751 975 2888 1022 eum,
2909 958 3052 1013 dedit
3083 962 3156 1014 eis
3201 971 3512 1030 potestatem
3545 965 3684 1036 filios

2105 1041 2205 1096 Dei
2227 1045 2362 1112 ﬁeri.
2393 1043 2566 1100 Tanta
2595 1048 2772 1105 virtus
2807 1051 3000 1105 lumini
3045 1053 3336 1108 viventium
3393 1057 3592 1120 inerat,
3628 1066 3693 1112 ut.-

2107 1147 2202 1188 eos
2232 1135 2325 1203 qui
2357 1151 2416 1191 se
2443 1138 2753 1208 reciperent
2785 1140 2925 1194 ﬁlios
2951 1141 3044 1196 Dei
3077 1142 3310 1198 eﬂiceret
3347 1164 3360 1198 :
3387 1146 3534 1215 quod
3559 1162 3682 1200 cum

2103 1225 2269 1280 sciret
2303 1226 2492 1291 David,
2533 1231 2586 1283 in
2616 1239 2743 1287 voto
2773 1233 2985 1300 habuit,
3009 1243 3068 1288 ut
3103 1237 3341 1306 placeret
3375 1254 3552 1292 coram
3573 1237 3682 1294 Dea

2104 1315 2159 1368 in
2187 1316 2385 1373 lumine
2411 1322 2709 1378 viventium.

2168 1409 2196 1462 ὖ
2248 1413 2610 1488 εὐαρεστῆσαι
2685 1415 2939 1472 ἐνώπιον
3021 1420 3126 1474 τοῦ
3181 1423 3329 1476 Θεοῦ
3395 1423 3465 1477 ἐν
3529 1412 3678 1496 φωτὶ

2107 1646 2158 1699 ι.
2178 1645 2540 1718 ΕΠΝΕΜ,
2581 1647 2672 1702 NE
2709 1649 3129 1714 mspuunas,
3181 1653 3392 1710 DAVID
3451 1659 3521 1712 IN
3577 1660 3673 1718 Tl—

2177 1715 2366 1788 ,TULl,
2397 1718 2971 1784 lNSCRIPTIONEM,
3030 1725 3178 1780 cun
3247 1715 3678 1788 FUGERETWA

2168 1787 2376 1842 FACIE
2416 1789 2594 1846 SAUL
2632 1790 2702 1844 IN
2745 1792 3179 1852 SPELUNCAM.
3223 1797 3357 1853 Lv1.
3557 1787 3563 1788 ί
3671 1787 3675 1788 ⁷
3761 1819 3764 1822 ι

2091 2139 2560 2187 commonstratur
2608 2133 2866 2192 Davidem
2909 2137 2993 2195 bis
3056 2139 3200 2210 apud
3253 2141 3554 2213 allaphylos
3613 2145 3669 2197 in

2090 2217 2228 2273 Geth
2269 2219 2460 2287 fuisse,
2495 2223 2680 2294 ibique
2709 2227 2992 2296 degentem
3037 2231 3310 2300 psalmum
3339 2248 3404 2286 ιν
3441 2235 3670 2289 recitas-

2089 2327 2147 2366 se
2178 2315 2444 2382 scﬁptum
2482 2325 2604 2372 cst:
2636 2318 2714 2373 sic
2762 2319 2846 2376 bis
2879 2321 2934 2374 in
2992 2323 3308 2390 speluncam
3341 2327 3555 2383 venisse
3587 2329 3670 2382 vis

2089 2403 2278 2470 detur;
2313 2405 2492 2474 primo
2521 2423 2644 2460 cum
2667 2447 2681 2471 ,
2713 2408 2930 2462 insania
2986 2411 3264 2475 simulata,
3300 2429 3494 2468 manus
3553 2415 3668 2467 Au-

2087 2491 2226 2546 chus
2269 2501 2323 2548 et
2380 2493 2726 2550 Gethamrum
2784 2499 3186 2571 allophylorum
3243 2502 3452 2573 ell‘ugit,
3499 2512 3665 2574 atque

2085 2582 2211 2637 inde
2241 2583 2294 2638 in
2325 2587 2642 2654 speluncam
2677 2585 2924 2643 Odollam
2963 2607 3022 2646 se
3047 2593 3329 2657 subduxit,
3363 2589 3457 2648 ubi
3485 2611 3665 2652 omne

2083 2675 2279 2744 fratres
2319 2677 2432 2747 ejus
2476 2688 2524 2733 et
2574 2681 2820 2734 universa
2860 2682 3048 2736 domus
3077 2685 3246 2752 patris
3276 2685 3388 2753 ejus
3417 2701 3536 2738 eum
3564 2701 3664 2740 .3-

2081 2769 2274 2823 ierunt.
2308 2767 2378 2822 Et
2400 2781 2748 2826 convenerunt
2799 2774 2868 2827 ad
2919 2792 3037 2829 eum
3072 2793 3249 2830 omnes
3280 2777 3369 2846 qui
3412 2785 3566 2831 erant
3603 2777 3660 2833 ire

396 2827 547 2894 πρὸς
586 2833 789 2886 αὐτόν,
846 2838 1194 2908 Συνήγοντό
1241 2861 1306 2896 τε
1350 2848 1484 2914 παρ’
1540 2849 1698 2915 αὐτῷ
1761 2850 1880 2918 πᾶς
1912 2853 1972 2904 ἐν

2081 2862 2332 2930 angustia
2356 2865 2653 2927 constituti,
2682 2874 2732 2920 et
2756 2868 2990 2935 oppressi
3029 2885 3131 2922 tere
3166 2868 3360 2932 alieno,
3394 2877 3443 2922 et
3473 2885 3658 2922 amaro

393 2919 626 2990 ἀνάγκη
659 2923 762 2988 ὢν,
807 2927 906 2980 καὶ
943 2928 1062 2996 πᾶς
1111 2933 1444 3004 ὑπόχρεως,
1490 2941 1588 2994 καὶ
1630 2942 1798 2998 πᾶσα
1841 2961 1972 2999 κατ-

2080 2947 2256 3000 animo
2287 2965 2306 3001 :
2329 2958 2378 3002 et
2407 2959 2520 3004 erat
2544 2969 2724 3006 eorum
2751 2955 2881 3010 dum.
2910 2955 3080 3010 Erant
3110 2967 3286 3011 autem
3329 2960 3482 3028 quasi
3525 2977 3661 3030 qna-

390 3011 616 3078 ὠδυνος
643 3018 834 3086 ψυχή’
854 3023 948 3074 καὶ
973 3020 1053 3092 ἦν
1070 3025 1163 3078 ἐπ’
1191 3029 1388 3082 αὐτῶν
1407 3033 1754 3104 ἡγούμενος.
1775 3033 1972 3092 *Ησαν

3342 3011 3354 3028 ,
3445 3011 3476 3012 η
3538 3011 3550 3030 ,
3605 3011 3626 3012 η

2077 3040 2342 3111 dringenti
2395 3045 2494 3097 viri
2524 3045 2591 3100 ".
2627 3044 2884 3102 Secundo
2910 3057 3114 3114 autem,
3165 3067 3283 3103 cum
3311 3067 3546 3106 reversus
3577 3060 3657 3105 est

390 3103 460 3158 δὲ
495 3107 576 3172 ὡς
597 3114 965 3178 τετρακόσιοι
996 3115 1211 3186 ἄνδρες
1233 3138 1248 3152 ·
1283 3121 1532 3196 δεύτερον
1566 3127 1646 3192 δὲ,
1718 3129 1817 3184 ὅτε
1865 3131 1972 3185 ἀν-

2077 3103 2222 3185 δαιιῖ
2241 3132 2438 3202 fugatis
2482 3135 2786 3206 allopltylis,
2817 3147 2866 3192 et
2915 3103 3217 3193 nuntiatum
3263 3103 3657 3197 estdei

387 3195 686 3268 έστρεψεν
716 3207 748 3256 ὁ
776 3206 976 3260 Σαοὺλ
1000 3209 1118 3262 ἀπὸ
1153 3212 1403 3269 ὄπισθεν
1427 3195 1547 3271 τῶν
1583 3221 1970 3290 ἀλλοφύλων,

2077 3223 2250 3276 David
2299 3227 2354 3279 in
2409 3225 2615 3282 deserto
2665 3227 2876 3294 Gaddi;
2908 3239 2958 3284 et
2987 3233 3500 3302 assumpsit‘secum
3551 3237 3656 3290 tria

387 3292 486 3344 καὶ
517 3293 826 3365 ἀπηγγέλη
855 3293 1037 3366 αὐτῷ,
1067 3303 1155 3356 ὅτι
1191 3305 1336 3360 Ἰδοὺ
1378 3311 1560 3364 Δαυῒδ
1577 3313 1648 3364 ἑν
1675 3311 1748 3382 τῇ
1769 3313 1968 3383 ἐρήμῳ

2076 3317 2246 3371 millia
2277 3318 2565 3373 electorum
2598 3335 2662 3373 ea:
2696 3321 2894 3386 Israel,
2923 3324 3256 3394 perremitque
3306 3323 3374 3377 ad
3416 3341 3657 3395 quaren-

386 3382 464 3450 τῇ
489 3385 698 3440 Ι¹αδδιο
733 3391 829 3444 καὶ
883 3393 1065 3448 ἔλαϐε
1098 3399 1228 3465 μεθ’
1253 3400 1480 3480 ἑαυτοῦι
1503 3405 1657 3472 τρεῖς
1694 3413 1972 3482 χιλιάδας

388 3475 619 3500 ,ιηβμτμ
657 3479 784 3500 1-..,
878 3483 902 3493 ρ
1003 3487 1016 3500 .
1180 3489 1206 3500 -
1247 3493 1286 3500 .-
1415 3494 1425 3500 .
1634 3499 1639 3500 ,
1692 3499 1695 3500 ,

2076 3407 2200 3462 dum
2231 3409 2403 3463 David
2433 3420 2483 3464 et
2529 3412 2667 3466 viros
2698 3413 2834 3482 ejus,
2860 3382 2932 3466 ad
2959 3382 3364 3483 faciem'AElin.
3517 3417 3680 3470 venit

383 3475 620 3578 ανδρῶν
649 3479 950 3538 ἐκλεκτῶν
992 3487 1060 3540 ἐκ
1102 3489 1209 3543 τοῦ
1247 3475 1503 3562 Ἰσραὴλ,
1549 3499 1648 3551 καὶ
1677 3475 1966 3578 ἐπορεύθη

2076 3499 2141 3552 ad
2171 3517 2349 3572 greges
2374 3503 2610 3570 ovillum,
2655 3521 2772 3575 qua:
2810 3515 2960 3558 erant
3009 3507 3063 3558 in
3097 3516 3240 3559 terra
3273 3507 3383 3560 vice.
3410 3490 3651 3578 'Eratque

2068 3591 2142 3646 ibi
2177 3594 2448 3662 spelunca,
2479 3604 2528 3648 et
2582 3597 2852 3666 ingressus
2889 3606 2966 3650 est
2996 3595 3132 3651 Saul
3175 3597 3244 3650 ad
3288 3615 3341 3652 se
3382 3591 3650 3668 apparan-

2067 3683 2193 3738 dum
2218 3685 2292 3758 (l)
2323 3728 2338 3753 ,
2375 3695 2424 3740 et
2467 3687 2636 3741 David
2666 3699 2713 3741 et
2739 3689 2837 3742 viri
2865 3691 2979 3759 ejus
3010 3691 3063 3742 in
3094 3691 3340 3744 interiore
3360 3700 3511 3760 parte
3533 3707 3651 3760 spe-

2069 3777 2236 3830 lunca:
2254 3777 2522 3831 sedebant.
2541 3777 2609 3831 Et
2628 3778 2876 3833 dixerunt
2905 3781 3004 3833 viri
3029 3781 3194 3835 David
3226 3781 3293 3834 ad
3318 3798 3436 3834 eum
3462 3797 3479 3835 :
3513 3779 3648 3836 Ecce
3671 3773 3676 3776 ’

2065 3867 2199 3931 dies,
2231 3871 2295 3922 de
2325 3886 2429 3936 qua
2454 3871 2662 3925 locutus
2697 3871 2959 3926 Dominus
2985 3872 3050 3926 ad
3078 3881 3144 3936 te,
3180 3873 3318 3941 quod
3339 3865 3518 3926 tradat
3542 3875 3642 3929 ini-

2063 3963 2256 4015 micum
2289 3973 2436 4017 tuum
2466 3967 2521 4018 in
2545 3981 2730 4017 manus
2755 3973 2896 4030 tuas,
2919 3977 2978 4019 ut
3005 3967 3179 4036 facias
3208 3969 3256 4021 ei
3277 3969 3412 4020 sicut
3430 3969 3646 4036 placue—
3673 3973 3678 3978 ’

2063 4055 2134 4108 rit
2168 4056 2224 4108 in
2269 4057 2436 4110 oculis
2483 4057 2612 4111 tuis.
2647 4058 2898 4112 Surrexit
2927 4077 3050 4128 ergo
3081 4059 3255 4113 David
3303 4071 3353 4115 et
3397 4062 3640 4131 pra'cidit

2061 4163 2211 4200 oram
2241 4147 2494 4216 diploidis
2526 4147 2707 4204 Saulis
2745 4150 2904 4205 clam.
2952 4149 3018 4203 Et
3045 4151 3246 4220 factum
3278 4161 3354 4206 est
3383 4160 3563 4222 postea
3590 4157 3640 4202 et

2058 4243 2317 4310 percussit
2341 4241 2596 4296 Davidem
2628 4261 2719 4297 cor
2748 4243 2882 4312 ejus,
2905 4245 3030 4314 quia
3058 4243 3351 4298 abstulerat
3381 4262 3530 4298 oram
3556 4242 3640 4295 di-
3689 4265 3700 4282 π

2056 4332 2249 4399 ploidis
2293 4334 2486 4401 ipsius.
2536 4333 2789 4404 Dixitque
2813 4333 2984 4388 David
3017 4335 3086 4388 art
3115 4336 3253 4390 viros
3287 4353 3410 4391 suos
3438 4353 3455 4390 :
3489 4337 3641 4390 Absit

2057 4424 2188 4476 mihi
2220 4441 2252 4477 a
2301 4424 2554 4490 Domino,
2582 4425 2630 4478 si
2673 4425 2874 4493 faciam
2918 4425 3056 4479 hanc
3093 4443 3202 4480 rem
3257 4428 3469 4481 domino
3499 4443 3634 4492 meo,

2059 4515 2259 4570 Christo
2296 4516 2538 4580 Domini,
2574 4526 2632 4570 ut
2669 4517 2901 4586 inferant
2943 4535 3162 4571 manum
3199 4537 3369 4573 meam
3397 4521 3452 4573 in
3477 4535 3636 4582 eum;

384 3561 572 3634 ζητῶν
623 3572 734 3624 τὸν
781 3577 964 3630 Δαυῒδ
1037 3582 1134 3634 καὶ
1182 3583 1325 3650 τοὺς
1377 3585 1602 3656 ἄνδρας
1640 3561 1825 3650 αὐτου

381 3663 707 3727 πρόσωπον
735 3671 961 3722 Αὶλείν.
999 3673 1107 3726 Καὶ
1141 3671 1329 3744 ἦλθεν
1355 3682 1441 3745 εὶς
1469 3681 1576 3747 τὰς
1601 3684 1822 3754 ἀγέλας
1847 3692 1968 3746 τῶν

380 3756 670 3821 ποιμνίων
695 3757 803 3824 τὰς
835 3759 936 3813 ἐπὶ
983 3762 1095 3832 γῆς
1129 3765 1294 3820 ὀδοῦ.
1358 3769 1468 3823 Kal
1505 3767 1586 3842 ἦν
1632 3775 1763 3829 ἐκεῖ
1801 3780 1964 3848 σπή-

378 3847 574 3912 λαιον,
611 3849 706 3902 καὶ
739 3851 988 3920 εἰσῆλθε
1011 3857 1210 3912 Σαοὺλ
1240 3865 1840 3929 παρασκευάσασθαι·
1865 3847 1962 3928 καὶ

377 3938 560 3991 Δαυῒδ
599 3941 696 3996 καὶ
728 3946 782 3996 οἱ
813 3943 1020 4015 ἄνδρε(
1090 3952 1274 4006 αὑτοῦ
1328 3953 1606 4025 ἑσὼτεροι
1663 3963 1769 4016 τοῦ
1805 3981 1964 4034 σπη-

377 4031 555 4083 λαίου
579 4031 893 4103 ἐκάθηντο.
943 4040 1056 4093 Kal
1080 4039 1258 4096 εἶπαν
1281 4047 1336 4098 οἱ
1368 4047 1584 4116 ἄνδρες
1604 4051 1786 4106 Δαυῒδ
1811 4031 1962 4123 πρὸς

376 4124 581 4216 αυτόν·
633 4127 788 4182 Ἰδοὺ
811 4133 850 4199 ἡ
877 4133 1064 4201 ἡμέρα
1091 4135 1263 4204 αὕτη,
1289 4136 1372 4205 ἣν
1407 4137 1536 4196 εἶπε
1570 4146 1783 4212 Κύριος
1809 4148 1959 4216 πρὸς

376 4213 472 4280 σὲ,
508 4219 874 4286 παραδοῦναι
917 4225 1024 4278 τὸν
1074 4227 1293 4296 ἐχθρόν
1322 4247 1437 4286 σου
1495 4237 1581 4301 εἰς
1619 4237 1727 4302 τὰς

373 4323 512 4372 σου,
547 4311 644 4363 καὶ
676 4313 950 4382 ποιήσεις
978 4316 1137 4388 αὐτῷ
1163 4322 1244 4388 ὡς
1284 4323 1507 4393 ἀγαθὸν
1533 4328 1603 4380 ἐν
1626 4331 1958 4399 ὀφθαλμοῖς

372 4413 509 4453 σου.
549 4402 660 4455 Καὶ
691 4405 915 4474 ἀνέστη
947 4409 1128 4463 Δαυῒδ
1155 4413 1255 4466 καὶ
1284 4415 1491 4484 ἀφεῖλε
1520 4419 1588 4470 τὸ
1642 4401 1958 4492 ἐττερύγιον

371 4489 482 4557 τῆς
526 4492 837 4564 διπλοΐδος
895 4502 1094 4556 Σαοὺλ
1155 4507 1468 4575 λαθραίως.
1528 4512 1639 4564 Kal
1699 4489 1951 4584 ἐγενήθη

365 4585 516 4652 μετὰ
545 4587 764 4654 ταῦτα,
814 4592 912 4644 καὶ
961 4593 1221 4661 ἐπάταξε
1251 4599 1465 4667 καρδία
1511 4603 1694 4657 Δαυῒδ
1743 4607 1950 4675 αὑτὸν,

2076 4607 2180 4668 yuia
2210 4606 2453 4660 Christus
2478 4605 2696 4661 Domini
2717 4585 2794 4660 est
2823 4607 2926 4662 hic.
2961 4605 3032 4659 Et
3071 4611 3334 4678 persuasit
3357 4609 3531 4663 David
3557 4611 3636 4664 vi-

369 4675 456 4727 ὅτι
490 4675 698 4746 ἀφεῖλε
752 4679 818 4734 τὸ
876 4687 1196 4756 πτερύγιον
1247 4689 1356 4758 τῆς
1404 4691 1712 4761 διπλοΐδος
1741 4699 1948 4754 αὑτοῦ.

365 4769 476 4822 Καὶ
503 4766 635 4825 εἶπε
661 4773 842 4828 Δαυῒδ
863 4777 1010 4845 πρὸς
1039 4762 1180 4848 ἶοὺς
1221 4781 1447 4853 ἄνδρας
1499 4789 1707 4842 αὐτοῦ’
1755 4791 1952 4858 Μηδα-

357 4859 487 4929 μῶς
511 4881 612 4931 μοι
644 4867 803 4934 παρὰ
833 4871 1158 4937 Kvplov,_el
1186 4877 1417 4944 ποιήσω
1450 4879 1517 4934 τὸ
1569 4879 1732 4951 ῥῆμα
1769 4884 1945 4938 τοῦτο

361 4951 443 5044 τῷ
475 4957 656 5024 κυρίῳ
704 4977 824 5026 μου
870 4955 951 5027 τῷ
1009 4959 1233 5032 κριστῷ
1287 4972 1543 5038 Κυρίου,
1597 4973 1944 5044 ἐπενεγκεῖν

359 5039 530 5112 χεῖρά
550 5065 668 5116 μου
698 5051 790 5102 ἐπ’
829 5055 1034 5108 αὐτόν·
1088 5058 1178 5111 ὅτι
1210 5061 1464 5128 Χριστὸς
1499 5067 1720 5132 Κυρίου
1768 5039 1944 5120 ἐστὶν

359 5133 560 5202 οὗτος.
597 5143 708 5195 Kal
757 5143 963 5201 ἔπεισε
1002 5151 1182 5205 Δαυῒδ
1207 5153 1348 5218 τοὺς
1388 5153 1612 5223 ἄνδρας
1661 5157 1842 5212 αὐτοῦ
1871 5159 1942 5212 ἐν

359 5231 591 5300 λόγοις,
652 5240 750 5294 καὶ
803 5243 913 5294 οὐκ
975 5242 1198 5298 ἔδωκεν
1263 5247 1484 5314 αὐτοὺς
1557 5252 1939 5320 ἀναστάντας

359 5319 698 5379 θανατῶσαι
723 5328 830 5381 τὸν
856 5333 1074 5386 Σαούλ.
1123 5335 1392 5406 Ζητητὲον
1456 5331 1548 5390 οὖν
1584 5341 1723 5394 κατὰ
1750 5342 1939 5405 ποίους

356 5409 584 5478 χρᾷνους
610 5415 707 5486 τὴν
730 5422 1094 5494 προκειμένην
1121 5425 1522 5496 στηλογραφίαν
1551 5429 1578 5479 ὁ
1631 5431 1792 5484 Δαυῒδ
1840 5435 1936 5486 ἀν-

355 5501 584 5572 έγραψε,
609 5509 702 5560 καὶ
727 5511 784 5562 ἐν
817 5513 954 5583 ποίῳ
981 5515 1231 5587 σπηλαίῳ
1269 5517 1582 5588 διατρίϐων⁸
1618 5521 1845 5591 πότερον
1876 5527 1934 5577 ἐν

2058 4697 2132 4751 ris
2155 4700 2264 4751 suis
2290 4699 2640 4766 sermonibus,
2665 4707 2712 4753 et
2739 4716 2842 4752 non
2869 4699 3108 4768 permisit
3138 4711 3194 4754 ut
3219 4703 3544 4771 insurgerent
3577 4701 3632 4753 in

2057 4789 2192 4843 Saul
2223 4791 2292 4844 ad
2318 4791 2664 4845 occidendum
2695 4810 2814 4846 eum
2841 4793 2908 4848 “.
2937 4777 3302 4858 Quaerendum
3335 4793 3502 4863 igitur
3521 4809 3632 4862 quo
3715 4787 3720 4802 ’

2051 4888 2316 4951 tempore,
2349 4891 2403 4937 et
2435 4885 2490 4937 in
2521 4899 2630 4954 qua
2660 4886 2919 4954 spelunca
2943 4885 3166 4955 degens,
3201 4885 3342 4938 hanc
3378 4884 3521 4937 tituli
3555 4885 3632 4937 in-

2051 4975 2405 5043 scriptionem
2424 4975 2596 5030 David
2625 4977 2945 5043 scripserit;
2988 4993 3056 5030 an
3088 4977 3142 5031 in
3171 4977 3434 5047 spelunca
3463 4973 3630 5030 0ὐοί-

2047 5067 2177 5127 lam,
2210 5082 2280 5119 an
2305 5067 2360 5120 in
2392 5069 2655 5137 spelunca
2685 5069 2950 5138 Engaddi.
2972 5067 3173 5122 Verum
3201 5070 3326 5137 quia
3349 5067 3458 5120 duo
3481 5067 3628 5136 psal-

2045 5157 2120 5211 mi
2153 5157 2219 5212 ab
2248 5158 2387 5211 eoin
2414 5159 2675 5227 spelunca
2718 5160 2850 5214 dicti
2891 5168 3054 5227 sunt;
3079 5159 3167 5212 hic
3200 5159 3410 5214 scilicet
3433 5158 3526 5228 qui
3555 5159 3626 5212 ti-

2045 5248 2144 5301 tuli
2176 5248 2464 5318 inscriptio
2497 5257 2602 5316 est,
2651 5258 2706 5304 et
2743 5265 2893 5313 cm,
2935 5251 3275 5320 inscriptus:
3313 5247 3623 5304 Intellectus

2046 5337 2240 5391 Davidi
2284 5339 2338 5392 in
2377 5341 2644 5408 spelunca,
2686 5343 2896 5404 oratio;
2946 5347 3372 5396 consentaneum
3392 5349 3476 5397 est
3504 5343 3622 5398 dis-

2042 5433 2268 5501 quirere
2293 5473 2307 5498 ,
2349 5449 2419 5487 an
2456 5434 2494 5486 ii
2528 5435 2719 5489 eodem
2760 5442 3004 5503 tempore
3032 5435 3369 5504 pronuntiati
3391 5435 3616 5502 fuerint,

2043 5533 2097 5580 et
2119 5541 2248 5579 num
2275 5527 2328 5583 in
2353 5529 2620 5599 spelunca
2647 5545 2874 5586 versans
2902 5537 3196 5603 utrumque
3225 5533 3614 5605 composuerit.

430 5641 476 5670 ”
515 5641 648 5698 ibid.
683 5645 840 5713 9,l0.
918 5651 960 5682 ’³
1001 5655 1020 5705 Ι
1057 5651 1189 5724 Reg.
1222 5671 1372 5722 xxu,
1408 5659 1530 5722 1,2.
1611 5663 1656 5693 ²⁸
1695 5661 1714 5715 l
1749 5661 1884 5734 Reg.
1920 5681 2065 5730 xstv,
2105 5665 2226 5720 2-8.

425 5756 504 5826 (1)
547 5759 600 5816 Id
636 5771 740 5830 est,
772 5766 840 5820 ad
871 5769 1044 5826 alvum
1075 5785 1488 5832 exonerandam.
