4138 6386
446 434 556 492 503

1096 519 1101 523 ἢ
1154 435 1429 498 EUSEBII
1464 424 1939 491 CESARIENSIS
1971 422 2122 482 OPP.
2155 420 2339 479 PARS
2373 419 2463 478 ill.
2497 450 2566 461 —
2603 414 3014 482 EXECETICA.

3603 404 3706 461 508

450 562 683 620 Videtur
710 573 842 633 ergo
880 557 1039 623 mihi,
1091 556 1443 613 moventibus
1485 552 1776 621 utriusque
1829 543 2028 619 psalmi

2138 542 2212 615 τῷ
2242 539 2491 613 σπηλαίῳ
2551 537 2633 609 τῷ
2707 534 2991 606 Ὀδολλὰμ,
3035 532 3069 605 ἦ
3127 532 3184 586 ἐν
3226 527 3305 601 τῷ
3352 526 3601 600 σπηλαίῳ
3628 525 3709 598 τῷ

447 656 653 723 verbis,
681 655 824 710 hanc
854 651 995 706 tituli
1031 649 1447 720 inscriptionem
1478 645 1537 701 in
1563 643 1828 714 spelunca
1864 637 2033 694 Odol-

445 750 554 804 Iam
583 747 782 803 dictam
818 744 1028 807 fuisse;
1065 742 1372 797 orationem
1416 728 1547 794 vei'o
1567 738 1624 791 in
1662 749 1785 789 cm
1814 732 2025 803 psalmo

443 839 701 910 positam,
726 834 785 890 in
815 834 1078 904 spelunca
1103 829 1371 902 Engaddi,
1393 844 1543 892 cum,
1578 826 1747 881 Saule
1770 837 1894 879 sese
1928 836 2026 891 ap-

431 938 695 1001 parante,
728 928 786 983 in
826 927 1088 997 spelunca
1138 926 1317 980 latens
1350 921 1730 993 deprehensus
1761 926 1867 973 est.
1909 914 2027 970 Sic—

426 1039 549 1095 que
578 1021 711 1077 mihi
744 1033 1067 1091 persuasum
1097 1024 1183 1073 est
1207 1032 1274 1073 ex
1296 1015 1459 1070 dictis
1485 1013 1774 1082 utriusque
1806 1007 2023 1081 psalmi.

432 1115 498 1169 Et
550 1114 774 1185 quidem
822 1125 948 1165 cxm
983 1110 1201 1165 videtur
1243 1107 1378 1162 mihi
1428 1114 1563 1159 tunc
1599 1103 1870 1173 prolatus,
1900 1114 2025 1154 cum

431 1206 615 1263 David
639 1207 696 1262 in
728 1204 986 1276 angustia
1020 1216 1217 1273 magna
1246 1207 1302 1255 et
1331 1197 1742 1253 concertatione
1771 1194 2024 1263 degeret;

434 1300 519 1356 sic
552 1286 700 1354 enim
726 1297 802 1352 ibi
833 1295 1079 1366 loquitur
1111 1313 1124 1347 :
1163 1290 1299 1346 Voce
1333 1306 1449 1344 mea
1489 1286 1559 1342 ad
1590 1286 1875 1341 Dominum
1915 1281 2030 1335 cla-

436 1391 603 1458 mavi,
634 1404 755 1443 voce
772 1403 889 1441 mea
916 1387 984 1440 ad
1014 1382 1305 1439 Dominum
1327 1379 1640 1451 deprecatus
1668 1393 1808 1431 sum.
1839 1366 2030 1443 Eﬁ'un—

436 1480 504 1534 do
554 1481 611 1533 in
659 1486 940 1546 conspectu
984 1475 1097 1544 ejus
1130 1472 1425 1527 orationem
1469 1481 1690 1523 meam:
1722 1464 2026 1520 tribulatio-

440 1585 561 1624 nem
621 1583 795 1622 meam
839 1574 962 1620 ante
992 1566 1167 1633 ipsum
1197 1557 1577 1632 pronuntiabo.
1635 1555 1702 1611 In
1740 1552 2029 1625 deﬁciendo

442 1673 507 1712 e1:
537 1673 617 1712 me
638 1657 887 1726 spiritum
915 1669 1108 1719 meum,
1129 1661 1179 1707 et
1202 1661 1258 1705 tu
1297 1650 1584 1722 cognovisti
1614 1647 1831 1702 semitas
1862 1660 2025 1699 meas.

446 1749 513 1804 In
545 1751 633 1803 via
676 1749 798 1812 hac,
824 1763 930 1818 qua
959 1743 1325 1809 ambulabam,
1355 1740 1747 1797 absconderant
1784 1738 2030 1809 laqueum

444 1840 575 1894 mihi
598 1841 667 1898 ³⁸.
708 1839 807 1895 His
843 1838 1047 1910 quippe
1076 1836 1390 1908 angustiam
1413 1849 1523 1905 qua
1553 1832 1906 1904 premebatur
1933 1828 2029 1883 de-

444 1932 617 1987 clarat
637 1929 908 1997 ;maxime
930 1934 1113 1984 autem
1136 1927 1194 1981 in
1229 1925 1587 1997 sequentibus
1619 1923 1772 1977 hisce
1795 1919 1979 1976 verbis
2010 1936 2022 1971 :

2136 632 2398 703 Ἐνγαδδί.
2472 630 2634 684 Ἀλλὰ
2678 629 2775 683 καὶ
2824 627 3009 698 ἐπειδὴ
3062 623 3155 678 δύο
3204 622 3448 695 εἴρηνται
3502 619 3709 691 ψαλμοὶ

2126 725 2273 798 αὐτῷ
2294 728 2354 780 ἐν
2379 722 2457 795 τῷ
2482 721 2803 792 σπηλαίῳ,“ό
2828 718 2929 790 μέν
2956 714 3317 787 προκείμενος
3335 710 3709 784 στηλογραφία

2125 816 2429 887 τυγχάνων,
2479 816 2508 867 ὁ
2555 813 2613 866 δέ
2647 818 2774 884 ρμα¹
2824 806 3302 882 ἐπιγεγραμμένος
3321 845 3337 868 ,
3394 803 3708 868 Συνέσεως

2126 907 2206 980 τῷ
2242 909 2422 965 Δαυῒδ
2463 910 2533 963 ἐν
2580 902 2660 974 τῷ
2707 904 2989 973 σπηλαίῳ
3020 898 3351 971 προσευχὴ·
3375 897 3609 969 ζητήσαι
3640 893 3708 949 ἄν

2125 1021 2210 1068 τις
2257 1001 2493 1069 εὐλόγως
2517 1001 2565 1053 εί
2597 997 2740 1052 κατὰ
2772 996 2864 1050 τὸν
2894 994 3055 1049 αὑτὸν
3098 994 3342 1063 εἴρηνται
3375 988 3586 1061 χρόνον,
3613 984 3710 1040 καὶ

2127 1097 2250 1149 είὲν
2275 1092 2628 1166 τῷ-σπηλαίῳ
2658 1088 2944 1161 τυγχάνων
2997 1085 3340 1157 ἀμφοτέρους
3394 1079 3705 1145 συνέταξεν.

2126 1185 2284 1239 Δοκεῖ
2306 1183 2485 1237 τοίνυν
2513 1182 2658 1254 ἐμοὶ,
2693 1178 2995 1249 κινουμένῳ
3023 1177 3087 1229 ἐκ
3109 1175 3217 1229 τῶν
3246 1175 3303 1227 ἐν
3332 1172 3578 1244 ἐκατέρῳ
3609 1187 3707 1240 φε-

2131 1279 2373 1352 ρομένων
2393 1277 2587 1347 λόγων,
2628 1275 2662 1345 ή
2697 1273 2795 1344 μὲν
2831 1271 2969 1342 μετὰ
3015 1270 3207 1340 χεῖρας
3246 1263 3622 1337 στηλογραφία
3649 1264 3713 1315 ἐν

2126 1370 2205 1443 τῷ
2236 1368 2484 1440 σπηλαίῳ
2505 1366 2584 1438 τῷ
2615 1363 2880 1434 Ὀδολλὰμ
2907 1359 3180 1432 εἰρῆσθαι,
3212 1359 3246 1429 ἡ
3272 1357 3331 1410 δὲ
3369 1357 3428 1409 ἐν
3454 1353 3533 1424 τῷ
3561 1360 3713 1424 ρμα’,

2129 1460 2426 1533 προσευχὴ,
2455 1460 2513 1512 ἐν
2539 1458 2617 1528 τῷ
2641 1456 2889 1528 σπηλαίῳ
2913 1455 2990 1526 τῷ
3004 1450 3269 1521 Ἑνγαδδὶ,
3284 1451 3395 1515 ὅτε,
3423 1446 3516 1501 τοῦ
3539 1445 3711 1500 Σαοὺλ

2130 1551 2707 1624 παρασκευαζομένου,
2736 1551 2794 1603 ἐν
2817 1548 2896 1618 τῷ
2941 1544 3189 1616 σπηλαίῳ
3218 1542 3364 1595 ἔνδον
3396 1538 3711 1612 κρυπτόμε-

2127 1663 2218 1709 νος
2242 1644 2491 1716 εὖρηται.
2517 1643 2673 1697 Οὕτω
2698 1641 2755 1694 δέ
2785 1658 2874 1712 μοι
2902 1638 3149 1710 παρέστη
3199 1632 3471 1706 κινηθέντι
3501 1633 3567 1685 ἐκ
3602 1629 3717 1684 τῶν

2129 1738 2258 1809 παρ’
2293 1735 2539 1807 ἐκατέρῳ
2569 1731 2884 1805 φερομένων
2916 1729 3112 1798 λόγων.
3156 1728 3213 1781 '0
3243 1726 3341 1796 μὲν
3370 1730 3494 1796 ρμα⁹
3528 1723 3713 1792 φαίνε-

2128 1842 2219 1879 ται
2241 1824 2529 1897 εἰρημένος
2559 1825 2617 1875 ἐν
2643 1820 2808 1891 πολλῇ
2832 1820 3029 1889 συνοχῇ
3056 1816 3149 1870 καὶ
3198 1815 3368 1883 ἀγῶνι
3395 1812 3714 1883 τυγχάνοντι

2129 1916 2207 1988 τῷ
2231 1916 2412 1970 Δαυῒδ·
2446 1915 2582 1987 φησὶ
2608 1911 2737 1983 γοῦν
2764 1915 2822 1965 ὲν
2850 1910 3014 1982 αὐτῷ·
3058 1907 3231 1977 Φωνῇ
3265 1925 3383 1978 μου
3420 1905 3569 1974 πρὸς
3594 1905 3713 1958 Κύ-

446 1984 617 2077 l’eriit
638 1984 773 2093 'fuga
797 2038 830 2075 a
852 2037 953 2075 me.
978 2017 1281 2076 Obsidente
1298 1984 1536 2087 namque
1561 2014 1725 2070 Saule
1752 2013 2029 2084 speluncas

2138 1984 2259 2069 etor-
2302 1984 2615 2077 ἐκέκραξα·
2661 2003 2830 2075 φωνῇ
2878 2020 2998 2073 μου
3048 2000 3198 2070 πρὸς
3231 2000 3337 2054 τὸν
3377 1997 3525 2053 Θεὸν
3550 1995 3717 2062 ἐδεή-

445 2115 671 2177 ostium,
707 2115 855 2169 intus
891 2114 1071 2167 latens
1106 2112 1246 2183 ipse,
1286 2108 1526 2180 eﬂ‘ugcre
1554 2122 1614 2163 se
1644 2120 1808 2176 posse
1837 2104 2031 2174 despe-

444 2207 623 2260 rabat.
655 2203 926 2259 Caeterum
949 2218 1074 2258 cum
1097 2202 1164 2257 de
1198 2201 1324 2271 fuga
1349 2199 1691 2269 desperaret,
1724 2196 1792 2251 ad
1823 2195 2030 2251 saluta-

444 2312 560 2351 rem
591 2303 814 2366 portum
865 2294 1146 2365 confugit;
1183 2308 1356 2363 quare
1398 2288 1693 2361 subjungit
1724 2307 1737 2341 :
1787 2286 2033 2345 Clamavi

445 2389 517 2443 ad
568 2397 636 2453 te,
683 2388 939 2452 Domine,
976 2385 1091 2440 dixi
1137 2403 1154 2440 :
1209 2385 1289 2439 Tu
1336 2400 1391 2438 es
1426 2398 1540 2453 spes
1596 2397 1750 2444 mea;
1806 2390 1861 2434 et
1915 2378 2034 2432 haec

447 2479 636 2550 adjicit
670 2498 685 2534 :
719 2477 871 2533 Educ
900 2477 964 2532 de
1007 2476 1255 2532 custodia
1311 2476 1549 2530 animam
1609 2487 1804 2527 meam.
1837 2468 2031 2524 Viden‘

446 2570 723 2642 quomodo
778 2585 937 2626 suam
990 2568 1046 2623 in
1109 2569 1372 2638 spelunca
1427 2564 1840 2621 conclusionem
1890 2561 2035 2616 indi-

447 2663 575 2717 cat?
607 2660 739 2742 {ure
792 2662 980 2732 itaque
1032 2662 1147 2716 haec
1192 2661 1340 2716 dicta
1394 2659 1702 2717 orationem
1756 2655 2031 2719 inscribit,

447 2763 666 2826 tempus
696 2755 1056 2825 inscriptione
1094 2753 1186 2808 illa
1216 2752 1522 2809 declarans.
1549 2752 1641 2806 Ait
1694 2750 1862 2822 igitur
1890 2767 1904 2803 :
1939 2748 2035 2803 In-

450 2847 686 2901 tellectus
717 2845 935 2912 Davidi,
983 2862 1103 2899 cum
1132 2854 1268 2899 esset
1319 2845 1375 2898 in
1422 2842 1696 2912 spelunca,
1743 2842 1935 2895 oratio.
1969 2838 2036 2892 Et

447 2940 568 2995 base
602 2940 822 3010 quidem
857 2945 1048 2994 notato
1095 2945 1342 3008 tempore
1378 2945 1634 3007 precatus
1680 2941 1786 2999 est,
1838 2947 2036 3003 magno

450 3032 507 3086 in
544 3032 790 3102 periculo
838 3031 1198 3086 constitutus.
1241 3027 1368 3085 Haec
1401 3043 1534 3083 vero
1572 3027 1718 3082 tituli
1747 3026 2036 3097 inscriptio

451 3125 524 3179 ab
551 3139 617 3178 eo
643 3124 873 3179 recitata
897 3129 1001 3188 est,
1030 3130 1090 3175 ut
1117 3121 1351 3186 aestimo,
1376 3134 1499 3175 cum
1522 3125 1670 3176 esset
1696 3119 1754 3173 in
1775 3118 2037 3190 spelunca

451 3214 727 3280 Odollam,
762 3231 825 3270 ac
850 3214 1147 3285 recepisset
1178 3228 1372 3269 omnes
1398 3211 1598 3267 fratres
1641 3224 1794 3275 suos,
1827 3224 2035 3281 cogna-

2130 2106 2261 2171 θην.
2310 2098 2524 2170 Ἐκχεῶ
2548 2096 2803 2152 ἐνώπιον
2845 2095 3030 2151 αὐτοῦ
3050 2095 3164 2162 τὴν
3190 2092 3405 2160 δέησίν
3437 2106 3574 2160 μου·
3602 2087 3719 2156 τὴν

2129 2195 2343 2263 θλίψιν
2388 2210 2508 2262 μου
2558 2189 2816 2244 ἐνώπιον
2866 2187 3053 2243 αὑτοῦ
3116 2181 3451 2256 ἀπαγγελῶ.
3505 2184 3607 2237 Ἐν
3634 2179 3723 2246 τῷ

2128 2290 2433 2344 ἐκλείπειν
2472 2286 2542 2351 ἐξ
2565 2285 2715 2355 ἐμοῦ
2752 2283 2817 2337 τὸ
2854 2274 3091 2352 πνεῦμά
3134 2298 3276 2350 μου,
3323 2278 3423 2332 καὶ
3472 2275 3553 2331 σὺ
3601 2274 3722 2344 ἐτί-

2130 2396 2364 2448 νωσκες
2413 2378 2522 2446 τὰς
2579 2379 2821 2447 τρίϐους
2868 2394 3008 2446 μου.
3077 2376 3180 2429 Ἐν
3247 2364 3367 2438 ὁδῷ
3418 2371 3625 2437 ταύτῃ,
3678 2361 3720 2437 ’ἦ

2128 2478 2526 2547 ἐπορευόμην,
2552 2476 2832 2544 ἔκρυψαν
2855 2467 3078 2540 παγίδα
3098 2484 3220 2537 μοι.
3255 2464 3355 2520 Διὰ
3377 2462 3583 2516 τούτων
3611 2461 3729 2531 γὰρ

2131 2569 2228 2642 τὴν
2259 2567 2487 2639 συνοχὴν
2517 2568 2580 2637 ἐν.
2693 2561 2986 2635 ἐξητάζετο
3014 2559 3329 2632 παρίστησι·
3360 2557 3454 2611 καὶ
3477 2555 3556 2608 ἔτι
3585 2553 3723 2624 μᾶλ-

2131 2665 2221 2718 λον
2250 2664 2317 2716 δι’
2345 2655 2420 2716 ὧν
2448 2660 2643 2729 ἐπάγει
2667 2658 2842 2727 λέγων
2892 2654 3040 2724 ἑξῆς·
3080 2650 3366 2707 Ἀπώλετο
3428 2646 3589 2718 φυγὴ
3619 2643 3720 2700 ἀπ’

2129 2755 2296 2826 ἐμοῦ·
2314 2754 2420 2826 πρὸ
2442 2752 2551 2807 τῶν
2575 2750 2755 2824 θυρῶν
2785 2747 2895 2821 γὰρ
2917 2746 3013 2799 τοῦ
3048 2742 3315 2816 σπηλαίου
3349 2737 3719 2809 καθεζομένου

2132 2848 2227 2903 τοῦ
2251 2847 2443 2909 Σαοὺλ,
2469 2845 2616 2899 ἔνδον
2674 2839 3073 2914 κρυπτόμενος,
3109 2832 3421 2903 ἀπεγνώκει
3463 2831 3559 2901 τὴν
3592 2829 3721 2882 ἑαυ-

2134 2940 2227 2996 τοῦ
2258 2940 2456 3010 φυγήν.
2478 2936 2633 3006 Πλὴν.
2647 2934 2747 3005 τὴν
2777 2931 2955 3001 φυγὴν
2975 2928 3271 2995 ἀπογνοὺς,
3303 2925 3396 2977 ἐπὶ
3425 2923 3515 2976 τὸν
3547 2921 3722 2988 σωτή-

2138 3026 2251 3108 ριον
2283 3012 2486 3104 λιμένα
2534 3026 2894 3097 καταφεύγει·
2942 3022 3024 3076 διὸ
3073 3018 3336 3088 ἐπιλέγει·
3400 3011 3725 3082 Ἐκέκραξα

2137 3100 2287 3194 πρὸς
2318 3100 2414 3188 σὲ,
2476 3122 2691 3189 Κύριε,
2749 3113 2917 3171 εἶπα·
2983 3112 3069 3167 Σὺ
3109 3111 3167 3165 εἷ
3218 3108 3397 3173 ἐλπίς
3445 3121 3597 3175 μου·
3628 3100 3722 3154 καὶ

2139 3192 2464 3289 προστίθησι
2538 3210 2734 3278 λέγων·
2819 3205 3100 3275 Ἐξάγαγε
3154 3201 3225 3254 ἐκ
3285 3194 3565 3268 φυλακῆς
3609 3192 3729 3260 τὴν

452 3316 542 3365 tos
588 3308 718 3363 item
774 3323 840 3364 ae
885 3309 1128 3378 reliquos
1182 3305 1482 3377 fugitivos;
1532 3304 1626 3376 qui
1678 3302 1916 3359 fortasse
1947 3303 2033 3359 sui

2138 3286 2350 3380 ψυχήν
2393 3323 2533 3377 μου.
2591 3303 2756 3374 Ὁρᾷς
2797 3301 2946 3363 ὅπως
2978 3297 3071 3352 τὸν
3128 3294 3259 3348 εἴσω
3310 3288 3405 3344 τοῦ
3460 3286 3724 3357 σπηλαίου

452 3417 624 3458 causa
652 3401 871 3457 insidiis
901 3401 1087 3456 Saulis
1113 3400 1511 3471 appetebantur
1536 3416 1551 3465 ;
1584 3397 1884 3469 quinetiam
1911 3396 2037 3467 qui-

452 3493 542 3549 vis
572 3493 808 3548 afﬂictus
834 3492 1015 3546 animo
1039 3497 1095 3546 et
1122 3489 1380 3561 injuriam
1406 3503 1624 3560 passus,
1658 3487 1795 3559 fugae
1816 3486 2036 3542 Davidis

454 3600 686 3642 consors
718 3592 857 3641 erat.
896 3583 1032 3638 Nam
1064 3598 1188 3639 eum
1251 3583 1429 3637 virum
1456 3583 1690 3653 justum,
1737 3595 1768 3634 a
1798 3579 1909 3635 Deo
1938 3580 2038 3635 bo-

454 3684 734 3740 noratum,
790 3673 994 3744 injuria
1044 3688 1077 3727 a
1126 3672 1291 3728 Saule
1323 3673 1541 3744 pulsum
1586 3670 1923 3735 videntibus,
1973 3684 2038 3725 ea

356 3794 361 3803 ’
454 3768 596 3839 ipsis
621 3767 929 3823 consolatio
949 3766 1007 3821 in
1036 3767 1198 3822 malis
1222 3773 1362 3822 erat.
1395 3764 1536 3820 Tum
1564 3765 1667 3835 ipsi
1697 3778 1915 3835 quoque
1945 3764 2039 3834 qui

456 3878 488 3917 a
523 3860 854 3917 laedentibus
882 3875 941 3916 se
968 3858 1269 3930 fugiebant,
1310 3856 1503 3912 Davidi
1545 3855 1859 3919 studebant,
1891 3856 2041 3926 ejus-

455 3969 565 4025 que
592 3959 775 4024 partes
807 3950 1319 4021 amplectebantur;
1347 3949 1731 4019 malebantque
1755 3947 1883 4017 pelli
1913 3961 2039 4001 cum

454 4045 602 4115 ipso,
647 4057 814 4114 quam
859 4041 1174 4112 insequenti
1233 4041 1459 4096 haerere.
1513 4038 1652 4095 Cum
1689 4054 1822 4110 ergo
1866 4037 2041 4093 otium

457 4142 645 4206 ageret
680 4134 738 4191 in
775 4134 1039 4206 spelunca
1084 4132 1354 4199 Odollam,
1404 4140 1730 4202 praesentem
1781 4130 1928 4185 tituli
1959 4131 2044 4185 in-

459 4227 817 4301 scriptionem
847 4230 1113 4284 exaravit.
1138 4227 1452 4295 Quodvsane
1480 4226 1764 4283 declarant
1791 4233 1904 4281 tum
1937 4225 2043 4279 alia

460 4337 583 4392 qua:
617 4321 828 4391 adjicit,
861 4329 979 4375 tum
1008 4321 1198 4378 isthaec
1227 4341 1240 4375 :
1270 4319 1423 4375 Misit
1452 4318 1516 4374 de
1545 4319 1697 4378 caelo.
1722 4326 1773 4373 et
1803 4317 2044 4372 liberavit

458 4428 583 4471 me:
610 4429 675 4470 ac
701 4430 923 4470 rursum
956 4433 968 4469 :
1001 4413 1154 4471 Misit
1179 4413 1319 4468 Deus
1348 4412 1772 4467 misericordiam
1815 4427 1968 4465 suam
1996 4418 2045 4464 et

463 4506 736 4560 veritatem
766 4521 943 4570 suam,
990 4512 1040 4559 et
1066 4505 1260 4573 eripuit
1294 4505 1531 4559 animam
1567 4519 1739 4558 meam
1783 4501 1847 4556 de
1878 4500 2046 4555 medio

464 4597 765 4653 catulorum
796 4596 1028 4657 leonum.
1069 4595 1236 4653 Vides
1262 4612 1410 4660 eum,
1450 4611 1585 4651 .cum
1617 4593 1872 4651 Getbaeos
1912 4594 2049 4647 allo-

2136 3377 2507 3471 άποκλεισμδν
2534 3395 2827 3468 σημαίνει;
2875 3390 3116 3451 Εἰκότως
3137 3381 3230 3440 οὖν
3262 3382 3356 3438 καὶ
3420 3377 3725 3453 προσευχὴν

2137 3469 2432 3564 ἐπιγράφει
2480 3490 2608 3552 τοὺς
2649 3487 2864 3554 λόγους,
2891 3481 3068 3554 δηλῶν
3118 3477 3209 3532 διὰ
3266 3475 3369 3564 τῆς
3402 3469 3728 3564 προγραφῆς

2137 3560 2482 3654 τδννκαιρόν.
2544 3575 2891 3647 Λέγειηγοῦν·
2928 3569 3240 3634 Συνέσεως
3295 3560 3374 3633 τῷ
3412 3560 3728 3654 Δαυῒδηέν

2138 3673 2218 3745 τῷ
2242 3649 2396 3729 εἷναί
2423 3670 2610 3728 αὑτὸν
2644 3668 2714 3721 ἐν
2742 3658 2823 3732 τῷ
2852 3661 3135 3732 σπηλαίῳ
3152 3699 3167 3724 ,
3197 3653 3529 3727 προσευχὴ.
3569 3649 3731 3745 Ἀλλά

2138 3742 2311 3822 ταῦτα
2339 3766 2466 3836 μὲν·
2495 3759 2841 3835 προσηύξατο
2902 3758 2960 3810 ἐν
3018 3751 3238 3826 μεγάλῳ
3260 3746 3523 3822 περιστὰς
3556 3742 3731 3813 ἀγῶνι

2143 3860 2285 3916 κατὰ
2315 3859 2405 3912 τὸν
2428 3855 2738 3928 δηλωθέντα
2785 3849 2995 3922 χρόνον·
3041 3849 3076 3916 ἡ
3133 3845 3190 3898 δὲ
3221 3842 3359 3914 μετὰ
3386 3842 3575 3911 χεῖρας
3603 3855 3731 3907 στη-

2142 3950 2414 4022 λογραφία
2439 3927 2661 4001 λέλεκτο
2707 3940 2878 4011 αὐτῷ,
2922 3939 2998 4001 ὡς
3041 3931 3217 4007 οἶμαι,
3245 3932 3366 3986 ὄντι.
3386 3932 3444 3984 ἐν
3476 3927 3554 3999 τῷ
3589 3943 3734 3995 σπηέ

2144 4019 2281 4114 λαίῳ
2325 4041 2404 4112 τῷ
2447 4037 2730 4108 Ὀδολλὰμ,
2760 4034 2969 4095 πάντας
3010 4047 3068 4084 τε
3096 4023 3475 4096 ὑποδεχομένῳ
3512 4019 3638 4081 τούς
3671 4033 3732 4069 τε

2146 4110 2408 4203 ἀδελφοὺς
2435 4129 2601 4185 αὑτοῦ
2650 4129 2745 4182 καὶ
2788 4127 2914 4188 τοὺς
2944 4121 3222 4191 συγγενεῖς
3249 4116 3343 4170 καὶ¹
3365 4114 3491 4176 τοὺς
3512 4110 3732 4172 λοιποὺς

2148 4197 2412 4296 φυγάδας,
2444 4223 2585 4292 τάχα
2614 4236 2716 4272 που
2767 4217 2835 4270 δι’
2865 4213 3028 4269 αὐτὸν
3073 4203 3591 4296 ἐπιϐουλευομένους
3627 4197 3734 4252 ὑπὸ

2147 4290 2247 4372 ’τοῦ⁷
2268 4314 2462 4371 Σαούλ·
2508 4290 2645 4367 άλλὰ
2680 4309 2774 4363 καὶ
2821 4308 2929 4371 πᾶς
2970 4293 3274 4361 κατώδυνος
3307 4294 3453 4366 ψυχὴ
3482 4293 3577 4347 καὶ
3626 4290 3746 4352 πᾶς.

2149 4406 2500 4478 ἀδικούμενος
2523 4401 2777 4464 κοινωνὸς
2799 4397 3045 4467 ἐγίγνετο
3084 4393 3181 4462 τῆς
3210 4388 3304 4443 τοῦ
3342 4384 3504 4440 Δαυῒδ
3534 4382 3747 4453 φυγῆς.⁸

2150 4476 2369 4552 Δίκαιον
2395 4494 2505 4566 γὰρ
2527 4492 2697 4564 ἄνδρα
2748 4490 2842 4546 καὶ
2895 4486 3047 4559 παρὰ
3071 4483 3150 4554 τῷ
3181 4481 3302 4552 Θεῷ
3348 4476 3749 4549 τετιμημένον..

2154 4589 2507 4661 ἐλαυνόμενον
2539 4585 2644 4639 ὑπὸ
2672 4584 2766 4638 τοῦ
2798 4579 2972 4636 Σαοὺλ
3001 4578 3200 4639 ἀδίκως
3237 4572 3492 4645 ὁρῶντες,
3522 4568 3590 4622 τὰ
3610 4569 3738 4622 ἐαυ-

465 4690 661 4762 pbylos
689 4688 997 4761 ell'ugisset,
1030 4696 1218 4759 utpote
1242 4689 1296 4742 in
1331 4695 1451 4743 tuto
1482 4687 1746 4757 positum,
1780 4700 1846 4740 ac
1873 4684 2036 4739 otium

2153 4682 2262 4737 τῶν
2296 4678 2712 4754 παρεμυθοῦντο
2753 4673 2920 4730 κακά.
2964 4666 3097 4726 Εἶτα
3125 4668 3221 4722 καὶ
3273 4664 3427 4719 αὐτοὶ
3464 4663 3589 4724 τοὺς
3619 4660 3736 4713 ἀδι-

465 4791 737 4856 agentem,
787 4779 1108 4851 bujusmodi
1161 4794 1327 4834 voces
1367 4779 1642 4843 emisisse,
1693 4793 1758 4832 ac
1806 4776 2036 4832 maxime

2151 4775 2381 4837 κοῦντας
2444 4771 2640 4833 αὐτοὺς
2692 4763 2986 4837 φεύγοντές
3020 4755 3100 4825 τε,
3157 4759 3250 4812 τὸν
3295 4753 3458 4809 Δαυῒδ
3489 4751 3751 4823 ἐζήλουν,,

466 4876 709 4937 omnium
736 4888 832 4929 eas
864 4887 986 4943 quae
1021 4878 1348 4947 sequuntur,
1383 4877 1437 4927 et
1478 4870 1560 4926 sic
1588 4870 1830 4926 habent:
1868 4868 2045 4923 Para—

465 4981 575 5026 tum
611 4983 703 5027 cor
732 4982 926 5031 meum,
969 4965 1134 5031 Deus,
1168 4963 1392 5019 cantabo
1439 4971 1491 5019 et
1533 4961 1799 5033 psalmum
1844 4960 2042 5016 dicam.

467 5058 741 5129 Exsurgh
761 5058 935 5128 gloria
961 5073 1097 5119 mea,
1123 5072 1377 5125 exsurge,
1394 5054 1711 5123 psalterium
1739 5064 1789 5108 et
1813 5053 2042 5117 cithara,

466 5166 751 5222 exsurgant
779 5146 1040 5204 diluculo.
1071 5146 1376 5217 Conﬁtebor
1407 5147 1461 5201 in
1509 5147 1747 5216 populis,
1797 5145 2043 5210 Domine,

468 5243 730 5304 psalmum
758 5243 935 5300 dicam
971 5244 1067 5303 tibi
1100 5242 1158 5298 in
1183 5239 1444 5312 gentibus.
1478 5239 1606 5296 Haec
1633 5239 1779 5296 enim
1813 5230 2055 5294 multum‘

470 5334 663 5400 otium,
715 5334 826 5390 imo
872 5337 1037 5390 etiam
1087 5332 1256 5389 animi
1307 5332 1664 5403 voluptatem,
1713 5331 2045 5402 signiﬁcant.

473 5426 561 5480 Ait
586 5427 752 5498 igitur
787 5441 940 5508 sacer
970 5426 1252 5498 apostolus
1279 5443 1291 5478 :
1326 5423 1693 5479 Contristatur
1720 5423 1838 5492 quis
1871 5423 1924 5475 in
1956 5437 2049 5474 vo-

473 5517 602 5583 bis?
646 5528 776 5575 oret.
810 5517 989 5589 2Equ
1032 5519 1208 5577 animo
1252 5519 1376 5580 est?
1404 5515 1604 5579 psallat
1626 5514 1672 5545 ²⁶
1731 5511 1838 5571 Sed
1875 5527 2053 5581 neque

475 5616 687 5678 poterat
717 5611 835 5680 haec
860 5611 1062 5678 dicere,
1092 5626 1217 5666 cum
1246 5610 1300 5663 in
1336 5608 1595 5678 spelunca
1626 5604 1872 5677 Engaddi
1912 5603 2052 5659 deti-

476 5710 699 5757 neretur
732 5715 763 5756 a
816 5700 980 5758 Saule
1029 5709 1154 5757 ante
1202 5702 1402 5757 ostium
1452 5699 1693 5756 sedente.
1727 5696 1857 5765 Quae
1908 5695 2050 5761 enim

551 5883 595 5921 ³³
634 5881 779 5940 Ρδςιι.
817 5898 974 5949 extr,
1007 5883 1121 5940 “2—4.
1238 5882 1280 5918 π
1321 5881 1434 5940 Jac.
1474 5897 1522 5952 ν,
1554 5864 1647 5955 15.

2148 4863 2454 4939 ἠσπάζοντό
2478 4879 2539 4916 τε
2565 4860 2664 4932 τὴν
2690 4860 2786 4913 σὺν
2819 4854 2968 4925 αὐτῷ
3004 4850 3217 4924 μερίδα,
3263 4847 3461 4939 μᾶλλον
3482 4842 3743 4912 ἀγαπῶν.

2150 4974 2242 5020 τες
2270 4951 2589 5010 ἐλαύνεσθαι
2619 4951 2715 5003 σὺν
2738 4944 2910 5016 αὐτῷ,
2954 4944 2989 5014 ἢ
3034 4940 3112 5011 τῷ
3164 4938 3442 4993 ἐλαύνοντι
3472 4935 3745 4988 συνεῖναιλ

2166 5047 2289 5099 Ἐπὶ
2328 5042 2521 5115 σχολῆς
2545 5040 2725 5094 τοίνυν
2755 5035 2956 5104 διάγων
2991 5034 3048 5085 ἐν
3068 5029 3145 5101 τῷ
3167 5027 3415 5099 σπηλαίῳ
3438 5025 3517 5095 τῷ
3561 5022 3739 5077 Ὀδολ-

2151 5141 2264 5211 λὰμ
2287 5140 2384 5210 τὴν
2408 5133 2689 5207 παροῦσαν
2725 5130 2933 5201 ἔγραφε
2970 5122 3396 5197 στηλογραφίαν.
3438 5117 3742 5211 Παρίστησι

2153 5204 2395 5286 δὲ’τοῦτο
2426 5204 2501 5283 τὰ.
2527 5225 2914 5294 ἐπιλεγόμενα,
2950 5220 3020 5273 τά
3044 5235 3105 5271 τε
3148 5215 3285 5270 ἄλλα
3319 5213 3415 5268 καὶ
3439 5212 3506 5265 δι’
3531 5204 3605 5264 ὧν
3634 5225 3741 5278 φη-

2157 5341 2259 5379 σιν·
2301 5319 2758 5386 Ἐξαπέστειλεν
2802 5313 2871 5378 ἐξ
2916 5310 3198 5379 οὐρανοῦ,
3248 5307 3346 5361 καὶ
3397 5302 3595 5378 ξσωσέ
3641 5312 3743 5370 με·

2156 5416 2251 5469 καὶ
2281 5413 2461 5467 πάλιν·
2511 5406 2975 5474 Ἐξαπέστειλεν
3016 5407 3049 5458 ὁ
3090 5401 3234 5467 Θεὸς
3260 5398 3326 5453 τὸ
3352 5397 3523 5461 ἕλεος
3550 5388 3741 5448 αὑτοῦ

2160 5507 2258 5562 καὶ
2286 5505 2400 5573 τὴν
2442 5502 2731 5569 ἀλήθειαν
2764 5496 2973 5561 αὐτοῦ,
3002 5495 3102 5550 καί
3138 5493 3431 5562 ἐρρύσατο
3467 5484 3583 5553 τὴν
3626 5485 3743 5551 ψυ-

2160 5600 2280 5672 χήν
2332 5616 2450 5668 μου
2476 5597 2543 5649 ἐκ
2576 5594 2766 5660 μέσου
2812 5591 3119 5660 σκύμνων.
3158 5588 3339 5658 Ὁρᾷς,
3391 5583 3462 5646 ὡς
3510 5578 3637 5672 τοὺς
3683 5575 3743 5672 ἐν

2316 5665 2647 5761 άλλοφύλους
2703 5682 3010 5755 διαφυγὼν,
3083 5680 3176 5735 ἅτε
3237 5677 3309 5748 δὴ
3364 5673 3431 5730 ἐν’
3474 5665 3746 5741 ἀσφαλείᾳ
