4138 6386
445 299 545 355 507

1113 300 1383 357 EUSEBII
1408 298 1885 357 CIESARIENSIS
1922 299 2075 355 OPP.
2116 299 2295 355 PARS
2330 298 2417 356 III.
2457 332 2528 343 —-
2561 299 2972 356 EXEGETICA.

3610 305 3715 363 508

442 419 788 476 militonibus
819 418 1101 476 conﬁdens
1135 438 1150 487 ;
1202 422 1299 478 sed
1328 428 1675 478 mansuetum
1720 436 1802 487 se,
1846 421 2023 477 humi-

2129 421 2255 484 τοὺς
2282 420 2411 492 παρ’
2444 418 2593 490 αὐτῷ
2646 418 3019 491 συνηγμένους
3055 431 3299 489 μιμητάς
3328 435 3426 472 και
3469 421 3716 492 μαθητὰς

445 513 550 579 lem
581 513 888 581 perfectum
919 527 983 566 ac
1010 529 1137 569 vere
1186 515 1271 569 sui
1298 513 1691 584 despicientem
1742 524 1797 573 et
1830 517 2024 572 imma-

439 604 685 659 culatum
716 619 882 675 opere
903 604 1264 668 exhibens,ad
1287 606 1454 676 Deum
1478 609 1772 675 clamabat,
1796 610 2021 665 dicens:

443 692 699 751 Miserere
746 696 870 757 mei,
907 695 1072 760 Deus,
1118 698 1370 767 quoniam
1402 700 1459 752 in
1493 707 1543 753 te
1588 700 1806 770 conﬁdit
1846 702 2028 755 anima

440 804 580 852 mea,
622 798 674 843 et
720 790 775 843 in
824 789 1014 844 umbra
1062 790 1277 844 alarum
1331 801 1545 845 tuarum
1594 792 1836 861 sperabo.
1890 792 2026 848 Novi

442 881 588 934 enim
615 881 730 936 alas
757 889 881 936 tuas
911 888 965 936 et
1008 888 1383 953 tegumentum
1422 891 1579 937 tuum
1613 883 1876 952 perfectis
1906 884 2026 939 ani-

441 972 638 1026 mabus
669 972 942 1028 destinata
968 987 1093 1027 esse
1119 991 1132 1027 :
1165 988 1265 1040 ego
1296 987 1427 1027 vero
1462 987 1663 1042 parvus
1694 981 1748 1028 et
1776 972 2022 1038 humilis,

438 1079 550 1120 non
583 1064 636 1120 iu
667 1065 771 1121 alis
812 1065 944 1126 tuis.
969 1064 1066 1121 sed
1108 1065 1163 1119 in
1196 1065 1387 1119 umbra
1419 1068 1627 1119 alarum
1654 1074 1869 1131 tuarum
1909 1082 2027 1134 spe.

439 1155 607 1222 rabo,
664 1156 828 1211 donec
899 1166 1137 1211 transeat
1197 1158 1493 1228 iniquitas;
1551 1157 1686 1220 sive,
1722 1157 2022 1211 secundum

437 1248 718 1318 Aquilam,
752 1250 915 1304 donec
945 1258 1223 1304 transeant
1274 1248 1524 1312 insidiae;
1572 1249 1680 1312 vel,
1720 1248 2023 1303 secundum

438 1339 876 1411 Symmachum,
936 1340 1100 1395 donec
1153 1350 1392 1395 transeat
1456 1341 1833 1395 calumniator.
1885 1339 2022 1395 Cum

438 1441 624 1487 autem
669 1432 950 1488 transierit
992 1433 1278 1503 iniquitas,
1323 1441 1488 1504 atque
1520 1425 1734 1490 insidiae
1767 1434 1899 1489 mihi
1930 1448 2027 1505 pas

440 1532 616 1588 ratae,
676 1523 876 1593 illeque
923 1524 1289 1578 calumniator
1340 1523 1565 1591 dictus;
1616 1531 1749 1580 tunc
1798 1539 1907 1579 non
1968 1524 2022 1578 in

439 1614 670 1681 umbra,
723 1616 818 1670 sed
871 1615 927 1670 in
977 1615 1113 1685 ipsis
1169 1616 1272 1670 alis
1326 1616 1475 1678 tuis,
1535 1624 1723 1686 utpote
1773 1615 2025 1686 profectu

440 1711 637 1762 auctus
674 1705 1050 1776 liberatusque
1081 1706 1149 1762 ab
1192 1706 1341 1761 omni
1379 1707 1596 1763 actione
1646 1706 1835 1778 iniqua
1886 1716 1942 1763 et
1992 1723 2023 1762 a

438 1804 687 1867 peccato,
718 1798 973 1867 sperabo.

2126 510 2220 564 τοῦ
2246 510 2446 563 οἰκείου
2496 510 2698 582 τρόπου
2729 510 2992 580 ἐκέκτητο
3056 508 3439 580 χαυνούμενος·
3470 509 3590 563 οὐδὲ
3640 512 3716 575 ὡς

2127 603 2221 655 ἐπὶ
2242 602 2561 673 δορυφόροις
2594 602 2690 655 καὶ
2719 601 3030 672 συμμάχοις
3064 599 3300 673 θαρσῶν·
3332 601 3423 655 τὸν
3453 601 3509 654 δέ
3541 603 3715 673 πρᾶον

2127 694 2221 747 καὶ
2250 693 2525 757 ταπεινὸν,
2545 692 2726 746 τέλεόν
2747 710 2808 745 τε
2842 692 2936 745 καὶ
2967 692 3043 756 ὡς
3077 691 3291 764 ἀληθῶς
3317 693 3715 765 ταπεινόφρονα

2128 785 2222 837 καὶ
2251 784 2480 856 ἄμωμον
2513 784 2660 856 ἔργῳ
2691 784 2985 855 παριστὰς,
3025 784 3157 838 ἐϐόα
3194 784 3330 856 πρὸς
3356 786 3448 839 τὸν
3470 785 3601 840 Θεὸν
3630 787 3715 841 λέ-

2126 894 2256 946 γων·
2303 876 2597 945 Ἐλέησόν
2629 894 2727 946 με,
2759 879 2791 930 ὁ
2821 876 2984 942 Θεὸς,
3027 875 3116 929 ὅτι
3165 875 3263 930 ἐπὶ
3300 877 3399 931 σοὶ
3432 877 3716 933 πέποιθεν

2125 971 2164 1038 ἡ
2191 968 2361 1038 ψυχή
2400 987 2542 1039 μου,
2580 969 2677 1022 καὶ
2712 969 2782 1021 ἐν
2830 967 2905 1035 τῇ
2939 965 3083 1035 σκιᾷ
3118 965 3236 1021 τῶν
3265 970 3572 1039 πτερύγων
3597 984 3713 1024 σου

2124 1062 2330 1123 ἐλπιῶ.
2359 1057 2490 1114 Οἶδα
2522 1061 2621 1130 μὲν
2655 1058 2765 1131 γάρ
2794 1059 2894 1123 τὰς
2915 1058 3013 1122 σὰς
3047 1057 3323 1129 πτέρυγας
3351 1059 3444 1113 καὶ
3476 1060 3575 1132 τὴν
3615 1061 3713 1132 σὴν

2128 1153 2337 1223 σκέπην
2370 1150 2603 1216 τελείαις
2630 1151 2828 1221 ψυχαῖς
2859 1150 3266 1221 ἀφωρισμένας·
3288 1150 3397 1219 ἐγὼ
3421 1151 3497 1212 δὲ,
3520 1152 3713 1223 μικρὸς

2124 1244 2200 1298 ὣν
2232 1245 2327 1299 καὶ
2348 1244 2619 1308 ταπεινὸς,
2659 1244 2759 1296 οὐκ
2818 1243 2909 1296 ἐπὶ
2947 1245 3067 1305 ταῖς
3104 1246 3223 1305 σαῖς
3269 1242 3547 1314 πτέρυξιν,
3598 1243 3711 1296 ἀλλ’

2125 1336 2224 1390 ἐπὶ
2265 1335 2339 1405 τῇ
2382 1334 2527 1403 σκιᾷ
2579 1335 2696 1391 τῶν
2728 1336 3035 1406 πτερύγων
3090 1351 3205 1389 σου
3240 1334 3446 1401 ὲλπιῶ,
3484 1335 3595 1402 ἕως
3637 1336 3713 1390 ἂν

2126 1429 2398 1498 παρέλθῃ
2426 1430 2465 1497 ἡ
2496 1429 2733 1498 ἀνομία’
2763 1428 2820 1499 ἢ,
2864 1428 3005 1482 κατὰ
3056 1428 3149 1482 τὸν
3188 1427 3441 1493 Ἀκύλαν,
3492 1428 3599 1494 ἓως
3633 1427 3714 1483 ἂν

2127 1520 2393 1589 παρέλθῃ
2429 1521 2467 1586 ἠ
2490 1521 2802 1586 ἐπιϐουλή·
2837 1520 2975 1573 κατὰ
3008 1519 3066 1572 δὲ
3114 1519 3204 1573 τὸν
3228 1519 3545 1591 Σύμμαχον,
3600 1521 3712 1588 ἕως

2126 1614 2204 1666 ἂν
2226 1611 2495 1681 παρέλθῃ
2523 1610 2929 1680 ἐπηρεαστής.
2983 1610 3235 1664 Ἐπειδὰν
3279 1612 3336 1665 δέ
3372 1610 3618 1683 παρέλθῃ
3676 1614 3709 1683 ἡ

2126 1705 2347 1777 ἀνομία,
2373 1705 2520 1775 καὶὴ
2549 1705 2667 1758 κατ’
2700 1702 2834 1774 ἐμοῦ
2868 1703 3148 1775 ἐπιϐουλὴ,
3200 1703 3293 1757 καὶ
3329 1706 3358 1757 ὁ
3385 1703 3713 1774 ὠνομασμέ-

2055 1777 2097 1832 Β
2127 1814 2217 1862 νος
2256 1796 2622 1868 ἐκπηρεαστὴς,
2679 1795 2863 1849 οὐκέτι
2896 1798 2953 1848 ἐν
2980 1797 3047 1866 τῇ
3078 1797 3225 1866 σκιᾷ,
3270 1795 3383 1849 ἀλλ’
3416 1797 3474 1849 ἐν
3522 1796 3714 1858 αὐταῖς

437 1892 558 1953 ταῖς
592 1892 713 1954 σαῖς
768 1888 1046 1962 πτέρυξιν,
1087 1891 1163 1955 ὡς
1226 1890 1292 1945 ἂν
1359 1890 1641 1963 προκόψας
1692 1890 1788 1945 καὶ
1838 1889 2287 1963 ἠλευθερωμένος
2341 1888 2524 1961 πάσης
2587 1888 2791 1961 ἀνόμου
2837 1888 3089 1961 πράξεώς
3136 1906 3197 1942 τε
3248 1888 3342 1941 καὶ
3413 1889 3710 1961 ἀμαρτίαςι

438 1978 632 2033 ἐλπιῶ.

513 2076 680 2133 Vens.
723 2076 779 2139 5,
802 2076 858 2130 4.
886 2074 1144 2131 Clamabo
1177 2075 1246 2130 ad
1275 2075 1443 2131 Deum
1472 2078 1818 2143 altissimum,
1851 2078 2020 2134 Deum

436 2173 529 2244 qui
560 2171 811 2241 benefecit
844 2171 992 2224 mihi.
1030 2169 1182 2225 Misit
1230 2170 1294 2225 de
1354 2170 1481 2226 caelo
1533 2180 1584 2226 et
1635 2173 1859 2227 salvavit
1916 2191 2019 2240 me,

439 2264 584 2319 dedit
614 2265 667 2318 in
721 2263 1059 2332 opprobrium
1103 2263 1472 2317 conculcantes
1520 2280 1620 2319 me.
1679 2263 2019 2335 Diapsalma.

440 2355 726 2412 Clamores
755 2362 809 2409 et
834 2354 1260 2410 vociferationes
1288 2356 1539 2419 emittere
1569 2354 1678 2411 Deo
1712 2357 1891 2411 solent
1920 2357 2024 2415 viri

435 2447 594 2517 justi,
631 2462 742 2502 non
789 2447 899 2500 alta
937 2461 1093 2511 voce,
1129 2445 1225 2502 sed
1265 2447 1528 2502 eminenti
1556 2448 1752 2502 animae
1798 2448 2021 2505 virtute.

439 2538 623 2607 Quare
651 2540 817 2595 etiam
848 2539 1074 2595 silentes
1095 2539 1666 2610 plerumque,'spiritu
1691 2540 2022 2596 clamabant.

440 2631 564 2703 Ipse
623 2646 860 2702 namque
932 2630 1171 2700 Spiritus
1229 2630 1510 2707 gemitibus
1573 2629 2026 2686 inenarrabilibus

438 2721 675 2792 postulat
703 2720 892 2786 Deo“,
913 2719 1214 2777 secundum
1231 2719 1675 2790 Apostolum.Sic
1704 2720 1888 2791 itaque
1922 2720 2027 2775 Da-

442 2814 533 2869 vid
590 2815 657 2868 ad
712 2813 880 2868 Deum
915 2812 1204 2867 clamabat.
1257 2811 1483 2879 Deinde,
1521 2819 1582 2866 ut
1625 2813 1721 2883 qui
1769 2814 2025 2883 pleraque

441 2908 816 2977 experimenta
871 2904 1179 2960 Servatoris
1225 2905 1311 2960 sui
1351 2905 1578 2976 ceperit,
1608 2913 1786 2977 .grato
1836 2906 2021 2963 animo

441 2998 641 3069 pergit,
672 2996 840 3051 Deum
870 2997 960 3067 qui
988 2995 1238 3065 benefecit
1272 2996 1421 3050 mihi.
1452 2996 1589 3051 Cum
1634 2996 1768 3051 dicit
1818 3007 2021 3066 autem,

2195 2079 2573 2150 Κεκράξομαι
2623 2079 2773 2148 πρὸς
2800 2079 2908 2133 τὸν
2939 2076 3087 2132 Θεὸν
3142 2076 3250 2131 τὸν
3286 2078 3570 2146 ὕψιστον,
3607 2078 3717 2133 τὸν

2129 2171 2281 2226 Θεὸν
2293 2170 2399 2225 τὸν
2415 2169 2893 2239 εὐεργετήσαντα
2904 2187 3001 2239 με.
3039 2168 3502 2234 Ἐξαπέστειλεν
3532 2168 3601 2234 ἐξ
3615 2173 3717 2225 οὐ·

2120 2262 2312 2333 ρεινοῦ
2368 2264 2467 2315 καὶ
2514 2262 2713 2329 ἕσωοςέ
2747 2280 2844 2332 με,
2875 2262 3099 2315 ἔδωκεν
3137 2264 3253 2327 ἐὶς
3300 2261 3532 2328 ὄνειδος
3574 2262 3715 2328 τοὺς

2129 2353 2625 2419 καταπατοῦντας
2648 2372 2746 2424 με.
2783 2354 3121 2423 Διάψαλμα.
3165 2354 3429 2424 Κραυγάς
3458 2355 3553 2408 καὶ
3585 2354 3714 2424 βοὰς

2129 2445 2383 2499 εἰώθασιν
2426 2447 2474 2498 οἱ
2504 2444 2701 2497 δίκαιοι
2731 2443 2808 2515 τῷ
2859 2445 2977 2513 Θεῴ
3010 2444 3269 2514 πέμπειν,
3294 2434 3378 2496 ὀὐ
3405 2443 3632 2514 γεγωνῷ
3647 2446 3712 2515 τῇ

2131 2542 2282 2611 φωνῇ
2302 2538 2404 2609 (I),
2420 2538 2645 2609 δυνάμει
2660 2538 2718 2591 δὲ
2732 2538 2909 2610 ψυχῆς
2931 2538 3461 2612 ὑπερϐαλλούσῃΔιὸ
3480 2538 3572 2592 καὶ
3590 2554 3715 2591 οιω-

2131 2631 2341 2695 πῶντες
2375 2630 2633 2693 πολλάκις
2657 2629 2735 2700 τῷ
2769 2629 3039 2701 πνεύματι
3093 2630 3280 2683 ἐϐόωνο
3343 2629 3473 2683 αὐτὸ
3511 2628 3620 2700 γὰρ
3652 2629 3714 2682 τὸ

2128 2723 2373 2792 Πνεῦμα
2414 2722 2772 2793 στεναγμοῖς
2836 2721 3167 2789 ἀλαλήτοις
3205 2721 3715 2792 ὑπερεντυγχάνει

2127 2808 2211 2881 τῷ
2243 2811 2382 2883 Θεῷ,
2442 2815 2585 2869 κατὰ
2635 2816 2726 2870 τὸν
2768 2815 3107 2869 Ἀπόστολον.
3160 2815 3348 2878 Οῦτως
3403 2810 3496 2868 οῦν
3545 2817 3642 2867 καὶ
3685 2816 3713 2867 ὁ

2129 2906 2292 2960 Δαυῒδ
2318 2909 2609 2979 ἐκεκράγει
2638 2908 2771 2979 πρὸς
2797 2907 2887 2961 τὸν
2908 2907 3058 2961 Θεόν.
3079 2904 3190 2960 Εἶθ’
3234 2907 3434 2960 ὡσανεὶ
3457 2905 3714 2970 πολλάκις

2132 3002 2328 3071 πεῖραν
2370 2998 2605 3069 εἰληφὼς
2652 2999 2744 3052 τοῦ
2798 2999 2991 3052 ἑαυτοῦ
3040 2999 3309 3070 Σωτῆρος,
3355 2999 3713 3068 εὐγνωμόνως

444 3090 594 3145 Misit
626 3088 689 3144 de
709 3089 856 3153 cazlo,
886 3097 936 3142 et
966 3089 1190 3143 salvavit
1216 3104 1326 3152 me;
1358 3088 1589 3144 missum
1622 3104 1653 3143 a
1688 3088 1800 3144 Deo
1835 3089 2023 3145 Salva-

2134 3092 2331 3160 ἐπάγει
2387 3086 2583 3161 λέγων,
2639 3093 2747 3146 τὸν
2787 3091 2936 3145 Θεὸν
2972 3090 3080 3145 τὸν
3100 3089 3583 3161 εὐεργετήσαντα
3613 3106 3709 3159 με.

442 3194 617 3239 torem
647 3181 941 3252 quemdam
978 3181 1205 3236 indicat.
1238 3180 1373 3248 Quis
1398 3197 1526 3237 vero
1554 3181 1626 3237 sit
1655 3182 1745 3237 ille
1771 3181 1884 3252 jam
1913 3198 2025 3238 non

443 3275 709 3337 declarat,
738 3289 928 3328 verum
950 3274 1006 3328 in
1037 3274 1146 3329 alio
1173 3274 1355 3338 docet,
1379 3274 1469 3328 ubi
1500 3274 1605 3328 ait:
1630 3272 1781 3328 Misit
1813 3274 2024 3329 verbum

442 3384 621 3434 suum,
649 3376 699 3422 et
731 3367 941 3422 sanavit
970 3383 1081 3429 eos,
1118 3375 1166 3420 et
1197 3367 1389 3436 eripuit
1417 3383 1505 3421 eos
1540 3366 1605 3421 de
1633 3367 2024 3422 interitionibus

441 3478 624 3517 eorum
643 3461 710 3514 ³⁸.
746 3459 986 3515 Verbum
1021 3459 1205 3529 itaque
1233 3456 1329 3512 Dei
1363 3465 1504 3523 erat,
1547 3458 1694 3528 quod
1726 3460 1856 3513 olim
1891 3459 2022 3513 mit-

442 3554 704 3617 tebatur,
754 3560 810 3607 et
865 3565 1056 3606 eorum
1110 3550 1204 3621 qui
1253 3556 1411 3605 erant
1471 3551 1647 3605 salute
1673 3550 1794 3620 ejus
1844 3550 2018 3620 digni,

443 3645 697 3701 Salvator
723 3643 976 3700 eilectum
1004 3650 1108 3699 est.
1139 3643 1304 3709 Quod.
1324 3658 1449 3697 cum
1476 3644 1647 3714 probe
1687 3652 1877 3699 nosset
1920 3643 2023 3698 Da-

439 3738 554 3803 vid,
601 3739 813 3793 aiebat:
851 3736 998 3791 Misit
1028 3735 1092 3792 de
1136 3737 1285 3801 cazlo,
1317 3746 1367 3791 et
1417 3735 1643 3791 satvavit
1691 3752 1792 3792 me.
1836 3734 2022 3806 Itaque

440 3830 620 3888 salute
672 3829 898 3899 dignum
951 3843 1049 3898 per
1103 3825 1448 3881 Salvatorem
1515 3826 1727 3881 salvum
1783 3825 2022 3881 faciebat

437 3920 799 3976 Altissimus:
835 3919 1231 3991 ipsequejuste
1269 3919 1547 3990 judicans,
1583 3918 1929 3987 insurgentes
1965 3924 2021 3972 et

440 4012 830 4066 conculcantes
856 4011 1067 4079 justum
1095 4009 1261 4063 dabat
1288 4009 1345 4062 in
1380 4007 1735 4078 approbrium
1764 4025 1776 4061 :
1808 4008 2019 4061 utinam

439 4108 496 4158 et
532 4102 788 4156 meliores
817 4100 1166 4164 reddidisset,
1199 4099 1624 4169 opprobriisque
1651 4095 1800 4168 ipsos
1826 4097 2021 4168 resipi-

441 4208 599 4250 scere
634 4193 858 4248 l‘ecisset
885 4194 897 4246 ι
1160 4198 1163 4203 ’

2134 3183 2319 3237 Εἰπὼν
2347 3184 2425 3248 δέ,
2484 3184 2943 3249 Ἐξαπέστειλεν
2993 3184 3062 3249 ἐξ
3083 3184 3338 3252 ούρανοῦ
3396 3183 3495 3236 καὶ
3517 3182 3715 3236 ἐσωσέ

2127 3293 2225 3345 με,
2259 3276 2514 3346 ἐμφαίνει
2545 3276 2878 3331 ἀπεστάλθαι
2909 3276 3031 3329 τινὰ
3087 3276 3316 3347 Σωτῆρα
3342 3277 3405 3327 ἐκ
3431 3273 3523 3327 τοῦ
3554 3271 3710 3327 Θεοῦ.

2134 3367 2266 3422 Τίνα
2299 3369 2357 3422 δέ
2386 3368 2572 3422 τοῦτον
2602 3368 2696 3423 νῦν
2723 3370 2821 3440 μέν
2842 3370 2902 3421 οὐ
2939 3368 3301 3439 παρέστησεν,
3350 3368 3407 3419 ἐν
3462 3365 3632 3437 ἑτέρῳ
3655 3365 3712 3419 δὲ

2129 3463 2395 3525 διδάσκει,
2413 3462 2541 3517 ἔνθα
2569 3463 2752 3533 φησίν·
2796 3463 3133 3518 Ἀπέστειλε
3157 3463 3263 3515 τὸν
3291 3461 3477 3531 λόγον
3503 3461 3710 3525 αὐτοῦ,

2129 3555 2228 3608 καὶ
2263 3555 2473 3611 ἰάσατο
2500 3555 2741 3621 αὐτοὺς,
2783 3556 2883 3609 καὶ
2918 3555 3210 3623 ἐρρύσατο
3240 3553 3463 3619 αὐτοὺς
3499 3553 3567 3605 ἐκ
3593 3550 3712 3604 τῶν

2122 3645 2463 3715 διαφθορῶν
2481 3645 2700 3700 αὐτῶν.
2739 3644 2949 3699 Οὐκοῦν
2999 3643 3160 3713 λόγος
3210 3640 3277 3715 ἦν
3311 3645 3468 3708 Θεοῦ,
3521 3646 3550 3697 ὁ
3616 3644 3711 3699 καὶ

2125 3735 2294 3790 πάλαι
2327 3734 2916 3806 ἀποστελλόμενος,καὶ
2936 3734 3047 3789 τῶν
3078 3733 3241 3799 ἀξίων
3274 3736 3373 3805 τῆς
3403 3733 3569 3789 αὑτοῦ
3604 3753 3709 3789 σωο

2122 3828 2317 3897 τηρίας
2348 3827 2539 3898 Σωτὴρ
2591 3827 2931 3896 γιγνόμενος,
2981 3826 3041 3880 ὃν
3087 3828 3181 3881 καὶ
3207 3829 3236 3881 ὁ
3282 3827 3444 3879 Δαυῒδ
3471 3825 3711 3892 ἀκριϐῶς

2122 3917 2277 3982 εἰδὼς
2304 3917 2509 3986 ἐλεγενο
2543 3918 2999 3983 Ἐξαπέστειλεν
3016 3918 3085 3983 ἐξ
3106 3919 3364 3987 οὐρανοῦ
3392 3919 3490 3972 καὶ
3512 3918 3712 3973 ἔσωσέ

2120 4025 2215 4079 με.
2249 4008 2353 4062 Τὸν
2382 4009 2482 4080 μὲν
2510 4004 2602 4062 οῦν
2643 4009 2919 4080 σωτηρίας
2950 4009 3098 4074 ἄξιον
3126 4008 3294 4074 ἔσωζε
3325 4010 3412 4063 διὰ
3445 4009 3538 4063 τοῦ
3591 4012 3707 4062 Σω-
3751 3991 3764 4007 ’

2124 4101 2287 4172 τῆρος
2311 4103 2339 4154 ὁ
2372 4102 2653 4171 Ὕψιστος·
2686 4104 2714 4156 ὁ
2757 4102 2814 4155 δέ
2844 4103 3025 4166 αὐτὸς,
3075 4103 3259 4156 δίκαια
3306 4102 3527 4174 κρίνων,
3583 4101 3709 4165 τοὺς

2125 4192 2589 4262 ἐπανισταμένους
2619 4193 2712 4246 καὶ
2758 4192 3210 4259 καταπατοῦντας
3237 4195 3327 4248 τὸν
3367 4195 3574 4247 δίκαιον
3605 4192 3710 4247 ἐδί-

439 4288 533 4343 δου
584 4288 664 4352 είς
709 4286 942 4352 ὄνειδος,
983 4286 1190 4356 ὤφελον
1232 4285 1328 4339 καὶ
1368 4284 1608 4355 βελτίους
1639 4282 2109 4359 ἀπεργαζόμενος,
2140 4285 2229 4340 διὰ
2283 4286 2378 4341 τοῦ
2439 4288 2720 4353 ὀνειδίζειν
2744 4292 2838 4343 καὶ
2882 4290 3234 4360 ἐπιστρέφειν
3268 4292 3347 4353 εἰς
3378 4270 3595 4344 ἑαυτόν.
3752 4369 3763 4379 ι

511 4383 682 4440 Vens.
713 4383 767 4438 5.
802 4382 952 4436 Misit
983 4381 1123 4437 Deus
1153 4380 1574 4437 misericordiam
1603 4397 1759 4435 suam
1805 4390 1855 4434 et
1890 4382 2023 4436 veri-

2211 4383 2671 4448 Ἐξαπέστειλεν
2703 4388 2736 4439 ό
2765 4384 2910 4452 Θεὸς
2940 4384 3007 4439 τὸ
3040 4385 3214 4450 ἕλεος
3240 4384 3427 4439 αὐτοῦ
3466 4385 3567 4439 καὶ
3595 4383 3711 4452 τὴν

444 4487 607 4533 tatem
636 4492 812 4540 suam,
855 4485 906 4529 et
936 4474 1129 4543 eripuit
1157 4475 1396 4527 animam
1429 4489 1600 4528 meam
1629 4471 1694 4526 de
1723 4472 1895 4527 medio
1934 4489 2025 4526 ca-

444 4570 678 4626 tulorum
707 4569 938 4632 leonum,
970 4573 1025 4622 et
1064 4572 1279 4620 catera.
1328 4564 1667 4621 Sententiam
1702 4579 1825 4634 quae
1862 4579 2029 4634 supe-

442 4663 564 4719 rius
591 4660 879 4717 deﬁciebat
927 4658 1013 4714 his
1044 4657 1315 4728 exposuit.
1349 4655 1486 4711 Cum
1514 4663 1851 4727 quaereretur
1877 4655 2025 4710 enim

443 4767 739 4825 quemnam
770 4751 1013 4806 misisset
1038 4748 1107 4805 de
1138 4748 1281 4803 uelo
1303 4748 1370 4802 ad
1393 4746 1734 4818 eripiendum
1766 4745 2026 4801 Davidem

442 4844 535 4900 hic
587 4841 869 4897 declarat:
927 4838 1078 4893 Misit
1130 4837 1270 4892 Deus
1318 4835 1742 4891 misericordiam
1791 4851 1948 4890 suam
1977 4843 2027 4889 et

443 4935 719 4991 ueritatem
738 4946 913 4987 suam.
940 4929 1315 4985 Misericordia
1336 4936 1515 4984 autem
1546 4936 1600 4984 et
1627 4927 1833 4983 veritas
1858 4928 2026 4982 missa

444 5037 697 5094 quaenam
726 5020 932 5075 fuerint
958 5002 1065 5075 nisi
1093 5016 1188 5074 Dei
1218 5019 1553 5082 verbum,de
1581 5033 1692 5088 quo
1715 5019 2021 5083 dicebatur,

445 5115 600 5169 Misit
643 5113 858 5168 verbum
895 5128 1073 5175 suum,
1092 5121 1143 5166 et
1174 5112 1383 5166 sanavit
1414 5128 1525 5176 eos,
1544 5120 1593 5166 et
1621 5113 1812 5182 eripuit
1845 5129 1932 5166 eos
1962 5111 2026 5166 de

445 5206 838 5261 interitionibus
869 5222 1053 5260 eorum
1073 5207 1102 5262 ἱ)
1124 5203 1417 5275 Ipsumque
1451 5204 1703 5260 similiter
1730 5206 1823 5258 lux
1857 5203 2028 5259 missa

445 5298 648 5351 dicitur
689 5296 748 5350 in
797 5295 1009 5365 psalmo
1039 5295 1133 5365 qui
1186 5294 1305 5348 ait:
1354 5293 1547 5348 Emitte
1580 5295 1747 5349 lucem
1783 5305 1932 5349 tuam
1976 5305 2028 5349 et

444 5390 716 5443 veritatem
766 5395 934 5450 tuam,
986 5387 1104 5456 ipsa
1158 5403 1240 5440 me
1265 5386 1520 5441 deducent
1543 5387 1607 5441 ³⁸.
1665 5387 1785 5441 Lux
1841 5396 2022 5442 autem

444 5478 650 5534 veritas
692 5484 749 5531 et
798 5478 1049 5543 verbum,
1086 5478 1255 5533 missa
1290 5480 1359 5534 ab
1412 5479 1681 5534 altissimo
1728 5478 1857 5546 Deo,
1911 5495 2023 5535 non

516 5632 561 5664 “
598 5631 759 5688 Rom.
796 5648 925 5701 VIII,
955 5633 1047 5689 ‘26.
1122 5634 1168 5667 ³⁵
1204 5633 1350 5691 Psal.
1383 5650 1498 5701 cvi,
1530 5635 1621 5690 ‘20.

2125 4475 2418 4543 ἀλήθειαν
2448 4477 2655 4541 αὐτοῦ,
2685 4478 2784 4531 καὶ
2829 4479 3124 4546 ἐρρύσατο
3171 4477 3287 4545 τὴν
3332 4478 3545 4547 ψυχήν
3589 4495 3710 4546 μου

2124 4568 2194 4621 ἐκ
2216 4567 2413 4636 μέσου
2439 4570 2750 4638 σκύμνων,
2782 4569 2876 4622 καὶ
2905 4569 2974 4622 τὰ
3003 4569 3149 4639 ἐξῆς.
3182 4569 3293 4641 Τὴν
3323 4569 3579 4640 ἀνωτέρω
3603 4569 3711 4622 λεί-

2127 4676 2336 4714 πουσαν
2372 4659 2608 4714 διάνοιαν
2641 4659 2731 4714 διὰ
2788 4660 2896 4714 τῶν
2949 4661 3327 4732 προκειμένων
3380 4660 3706 4715 ἀποδέδωκε.

2129 4749 2472 4821 Ζητουμένου
2503 4749 2612 4822 γὰρ
2652 4751 2773 4804 τίνα
2827 4749 3206 4815 ἐξαπέστειλεν
3236 4751 3300 4804 ἐκ
3333 4750 3426 4803 τοῦ
3455 4750 3708 4822 οὐρανοῦ,

2130 4840 2226 4893 καὶ
2256 4838 2425 4892 ἔσωσε
2454 4840 2546 4892 τὸν
2586 4840 2768 4906 Δαυῖδ,
2823 4841 3166 4912 παρέστησεν
3219 4840 3455 4894 ἐνταῦθα
3517 4839 3705 4893 εἰπών’

2145 4930 2609 4994 Ἐξαπέστειλεν
2645 4936 2678 4987 ό
2708 4931 2851 4998 Θεὸς
2892 4932 2957 4987 τὸ
2986 4934 3159 4999 ἕλεος
3206 4934 3392 4987 αὐτοῦ
3449 4932 3546 4987 καὶ
3596 4931 3711 4999 τὴν

2131 5021 2420 5088 ἀλήθειαν
2449 5022 2656 5077 αὐτοῦ.
2706 5024 2894 5088 Ἔλεος
2921 5024 2977 5077 δὲ
3001 5024 3095 5078 καὶ
3126 5024 3350 5095 ἀλήθεια
3390 5023 3711 5089 ἐξαποστελ-

2132 5112 2331 5184 λομένη
2349 5114 2434 5178 τίς
2458 5113 2523 5168 ἂν
2554 5115 2637 5187 εἴη
2663 5116 2695 5186 ἢ
2731 5117 2758 5168 ὁ
2784 5115 2877 5168 τοῦ
2908 5114 3044 5169 Θεοῦ
3085 5116 3264 5184 λόγος,
3323 5117 3452 5187 περὶ
3508 5110 3569 5169 οῦ
3602 5115 3710 5168 ἐλέ-

2132 5221 2280 5275 γετο,
2328 5206 2753 5271 Ἐξαπέστειλε
2771 5207 2878 5261 τὸν
2919 5211 3108 5278 λόγον
3125 5208 3333 5272 αὐτοῦ,
3367 5208 3465 5262 καὶ
3498 5207 3708 5261 ἰάσατο

2131 5296 2374 5363 αὐτοὺς,
2410 5298 2509 5351 καὶ
2535 5298 2826 5366 ἐρρύσατο
2851 5300 3073 5365 αὐτοὺς
3121 5301 3190 5353 ἐκ
3226 5299 3346 5352 τῶν
3376 5297 3709 5367 διαφθορῶν

2130 5387 2363 5452 αὐτῶν;
2403 5389 2461 5442 Ὁ
2493 5389 2536 5442 δ’
2568 5389 2729 5453 αὐτὸς
2755 5390 2955 5461 ὁμοίως
2981 5391 3076 5444 καὶ
3102 5390 3217 5460 φῶς
3245 5388 3707 5458 ἀποστελλόμενον

2130 5481 2347 5551 εἴρηται
2375 5483 2432 5534 ἐν
2455 5480 2535 5551 τῷ
2572 5483 2832 5551 φάσκοντι
2880 5481 3099 5554 ψαλμῴσ
3137 5481 3603 5547 Ἐξαπόστειλον
3642 5479 3707 5535 τὸ

1733 5635 1779 5667 ³⁸
1815 5633 1960 5690 Psal.
2001 5651 2145 5702 xui,
2177 5634 2232 5692 ’5.

520 5725 597 5798 (I)
638 5724 887 5796 Γεγωνῷ
907 5724 982 5794 τῇ
1003 5724 1191 5795 φωνῇ.
1222 5724 1297 5782 Ita
1327 5726 1665 5784 correximus
1695 5724 1840 5797 quod
1875 5727 2007 5783 editi

2126 5727 2294 5783 ιίιιριη
2327 5728 2583 5799 γεγονοτῇ
2618 5730 2791 5799 φωνῇ.
2824 5726 2982 5784 Εοιτ.
