4138 6386
451 327 559 385 509

1587 323 2094 382 COMMENTARIA
2132 325 2200 379 ΙΝ
2239 325 2577 382 PSALMOS.

3611 329 3716 385 5l0

448 447 576 520 φῶς
597 461 715 500 σου
742 461 840 499 κα.
872 445 983 512 τὴν
1013 442 1304 509 ἀλήθειάν
1339 457 1478 506 σου,
1531 442 1685 497 αὐτά
1716 460 1794 512 με
1816 439 2024 510 ὁδηγή-

2139 438 2258 494 sine
2311 439 2573 504 essentia,
2629 455 2731 495 nec
2790 440 2910 496 sine
2965 442 3273 498 substantia
3310 451 3481 500 sunt:
3539 460 3717 514 neque

446 556 563 594 σει.
592 537 712 600 Φῶς
743 537 799 590 δὲ
844 538 938 590 καὶ
989 536 1217 608 ἀλήθεια
1259 536 1353 589 καὶ
1407 535 1562 602 λόγος
1596 535 2032 606 ἀποστελλόμενα

449 630 599 702 παρὰ
626 634 720 682 τοῦ
781 628 1005 697 ὑψίστου
1063 627 1220 691 Θεοῦ,
1256 629 1355 680 οὑκ
1389 627 1641 691 ἀνούσια,
1679 627 1800 680 οὑδέ
1830 627 2030 681 ἀνυπό-

451 738 641 774 στατα·
671 720 731 773 οὐ
767 719 875 790 γὰρ
898 716 1008 772 οἷόν
1031 737 1090 772 τε
1114 716 1182 790 ἦν
1232 721 1463 791 πρᾶγμα
1507 719 1875 773 ἀνυπόστατον
1901 721 2033 772 ἁπο-

450 809 785 863 στέλλεσθαι.
816 811 1024 882 ’Ὠσπερ
1045 810 1101 862 δὲ
1130 811 1300 878 Λόγος
1337 813 1535 863 νοεῖται
1581 809 1774 872 ἰάσεως
1808 809 1901 861 καὶ
1923 827 2030 862 σω-

447 902 642 971 τηρίας
672 903 972 973 ποιητικὸς,
1029 901 1202 966 οὑτως
1237 903 1329 954 ἐπὶ
1373 901 1466 955 τοῦ
1509 902 1778 972 παρόντος
1806 905 1834 954 6
1867 902 2030 964 αὐτὸς

444 990 594 1056 ἕλεος
626 993 960 1064 ὠνόμασται,
984 993 1060 1057 ὡς
1089 993 1154 1047 ἂν
1193 994 1522 1065 ὑπηρετικὸς
1549 993 1622 1047 ὢν
1666 994 1763 1064 τῆς
1796 994 1890 1046 τοῦ
1919 995 2029 1047 Πα-

446 1081 574 1152 τρὸς
599 1082 1028 1154 φιλανθρωπίας·
1075 1084 1276 1155 ὁμοίως
1322 1085 1380 1138 δὲ
1426 1085 1519 1137 καὶ
1553 1084 1799 1156 ἀλήθεια,
1854 1085 1931 1147 ὡς
1963 1084 2045 1138 ἂν

446 1173 664 1245 ἀληθῶς
695 1175 942 1243 ὑφεστὼς
969 1177 1063 1230 καὶ
1095 1179 1216 1230 κατ’
1247 1178 1526 1248 ἐνέργειαν
1573 1179 1925 1248 οὑσιωμένος.
1971 1179 2028 1230 '0

444 1265 575 1332 γοῦν
601 1265 868 1337 ἡμέτερος
894 1267 1050 1336 λόγος
1087 1267 1183 1331 ὢν,
1213 1268 1502 1332 συλλαϐαῖς
1544 1255 1642 1323 ’καὶ
1670 1272 1876 1341 ῥήμασι
1934 1272 2028 1322 καὶ

443 1357 669 1426 ὀνόμασι
701 1358 800 1429 τὴν
827 1360 1124 1414 ὑπόστασιν
1177 1360 1337 1431 ἔχων,
1369 1362 1463 1414 καὶ
1515 1361 1602 1415 διὰ
1660 1362 1904 1432 γλώττης
1934 1363 2028 1415 καὶ

443 1449 627 1519 φωνῆς
656 1449 1036 1522 ἐξηχούμενος,
1070 1454 1169 1505 οὐκ
1203 1453 1267 1505 ἂν
1301 1453 1517 1523 λεχθείη
1543 1455 1748 1525 κυρίως
1773 1455 1866 1506 καὶ
1891 1455 2025 1524 ἀλη-

442 1536 550 1602 θῶς
590 1539 763 1607 λόγος.
802 1541 955 1611 Ἔχει
1004 1540 1133 1609 γοῦν
1196 1540 1380 1613 ἓτερον
1412 1542 1502 1594 τὸν
1540 1540 1812 1609 γεννῶντα
1842 1543 2024 1602 αὑτὸν,

440 1629 498 1684 ὃν
529 1631 622 1685 καὶ
656 1632 862 1705 κυρίως
921 1634 986 1688 ἄν
1021 1652 1104 1698 τις
1136 1636 1277 1688 εἴποι
1323 1634 1497 1706 ἀληθῆ
1543 1635 1718 1703 λόγον·
1769 1635 1956 1690 τοῦτον
1981 1637 2024 1688 δ’

439 1719 579 1775 εἷναί
606 1741 734 1793 φασι
791 1726 882 1779 τὸν
912 1725 1236 1780 ἐνδιάθετον.
1265 1727 1478 1798 ’Ὠσπερ
1505 1723 1597 1780 οὖν
1634 1729 1662 1780 6
1695 1729 1752 1780 ἐν
1782 1729 1913 1796 ἡμῖν
1949 1729 2027 1779 ἐν-

2137 531 2285 586 cnim
2320 540 2535 602 poterat
2563 547 2653 588 res
2687 535 2806 588 sine
2842 534 3146 589 substantia
3171 536 3333 592 mitti.
3358 535 3721 602 Quemadmo-

2137 621 2270 675 dum
2325 631 2505 676 autem
2550 621 2789 677 Verbum
2826 624 3151 694 intelligitur
3184 625 3488 680 curationis
3521 634 3576 680 et
3631 643 3720 681 sa-

2139 711 2270 766 lutis
2302 711 2566 779 ellector;
2618 714 2698 768 sic
2729 723 2782 768 et
2820 713 2875 767 in
2919 715 3173 783 praesenti
3215 715 3357 770 idem
3401 717 3717 770 misericor—

2137 804 2225 858 dia
2247 812 2494 869 vocatur,
2514 814 2702 875 utpote
2723 815 2962 875 paterna:
2991 823 3118 876 erga
3147 807 3398 862 homines
3419 808 3721 863 clementiae

2136 897 2428 953 minister:
2461 899 2713 954 similiter
2741 907 2794 953 et
2829 901 3030 954 veritas
3059 901 3278 961 dicitur,
3313 909 3371 954 ut
3420 916 3547 955 vere
3586 901 3718 956 sub-

2137 993 2361 1055 sistens,
2409 999 2462 1046 et
2496 993 2796 1048 secundant
2837 994 3030 1062 agendi
3067 994 3176 1048 vim
3229 995 3532 1048 substantia
3581 1009 3720 1062 prae-

2137 1085 2332 1138 ditum.
2364 1083 2622 1138 Nostrum
2664 1085 2848 1153 itaque
2876 1085 3126 1149 verbum,
3165 1085 3410 1154 syllabis,
3449 1085 3632 1139 verbis
3665 1093 3719 1138 et

2136 1178 2454 1232 nominibus
2515 1178 2878 1233 substantiam
2934 1178 3162 1242 habens,
3225 1178 3406 1246 lingua
3465 1185 3518 1232 et
3581 1193 3718 1234 voce

2134 1271 2421 1333 emissum,
2473 1286 2584 1326 non
2645 1271 2864 1340 praprie
2914 1285 2976 1324 ac
3027 1284 3154 1324 vere
3208 1271 3434 1324 verbum
3477 1270 3713 1328 dicatur.

2139 1359 2311 1416 llabet
2362 1362 2507 1417 enim
2545 1363 2691 1417 aliud
2732 1379 2791 1418 se
2826 1363 3073 1432 gignens,
3132 1362 3279 1431 quod
3329 1363 3453 1432 quis
3500 1365 3720 1432 proprie

2135 1467 2198 1506 ac
2250 1469 2380 1509 vere
2427 1455 2654 1508 verbum
2709 1455 3080 1524 appellaverit,
3114 1455 3258 1522 quod
3295 1455 3451 1508 aiunt
3488 1454 3714 1509 insitum

2133 1561 2277 1600 esse.
2315 1545 2470 1600 Sicut
2502 1548 2727 1602 insitum
2760 1548 2813 1599 in
2846 1547 3005 1601 nobis
3039 1547 3288 1612 verbum,
3323 1547 3468 1616 quod
3493 1547 3714 1616 proprie

2132 1640 2358 1694 verbum
2393 1641 2612 1704 dicitur,
2644 1640 3007 1694 substantiam
3041 1639 3221 1705 habet,
3252 1655 3376 1692 cum
3414 1639 3716 1693 secundum

2132 1732 2427 1784 essentiam
2463 1732 2759 1794 subsistat,
2803 1731 3059 1799 aliudque
3108 1732 3180 1784 sit
3231 1731 3299 1784 ab
3333 1746 3399 1784 eo
3441 1730 3535 1799 qui
3568 1732 3716 1784 misit

440 1812 683 1876 διάθετος
703 1813 859 1882 λόγος
877 1815 975 1885 (1),
992 1818 1018 1868 6
1039 1816 1134 1868 xui
1167 1816 1374 1889 κυρίως
1401 1817 1464 1870 ἂν
1485 1816 1670 1888 ῥηθεὶς
1692 1815 1907 1887 ἀληθῶς
1939 1816 2024 1870 λό-

2131 1823 2306 1892 ipsum
2337 1865 2350 1878 .
2388 1840 2560 1893 quare
2593 1824 2848 1892 superius
2873 1823 3180 1884 dicebatur,
3220 1823 3369 1876 Misit
3395 1822 3457 1875 de
3486 1824 3634 1885 cwlo,
3666 1834 3717 1877 et

440 1919 554 1971 γος,
583 1905 884 1969 ὑπόστατος
917 1907 1196 1976 τυγχάνει,
1240 1909 1360 1960 κατ’
1392 1908 1580 1963 οὑσίαν
1616 1909 1887 1975 ὑφεστὼς,
1910 1908 2028 1960 ἓτε-

440 1994 534 2064 ρός
565 2011 623 2047 τε
667 1994 742 2057 ῶν
780 1995 931 2067 παρὰ
959 1997 1051 2049 τὸν
1103 1998 1500 2052 ἀποστέλλοντα
1535 2000 1718 2053 αὐτόν·
1759 2000 1839 2052 διὸ
1890 2000 2027 2052 ἀνω-

436 2087 581 2157 τέρω
608 2087 705 2157 μὲν
756 2089 990 2156 ἐλέγετο,
1039 2089 1494 2153 Ἐξαπέστειλεν
1530 2092 1599 2156 ἐξ
1628 2092 1887 2160 οὐρανοῦ
1929 2092 2044 2145 καὶ.

435 2177 633 2244 ἔσωσέ
686 2197 784 2248 με.
822 2180 958 2234 Τίνα
984 2181 1041 2234 δὲ
1095 2181 1462 2248 ἐξαπέστειλε,
1507 2185 1599 2238 ἐπὶ
1631 2184 1724 2237 τοῦ
1761 2184 2026 2255 παρόντος

437 2269 674 2326 διδάσκει
737 2272 981 2341 φάσκων·
1030 2274 1452 2339 Ἐξαπέστειλε
1509 2277 1575 2329 τὸ
1631 2277 1803 2342 ἕλεος
1838 2278 2026 2332 αὑτοῦ

437 2363 536 2417 καὶ
575 2364 688 2432 τὴν
713 2365 1002 2432 ἀλήθειαν
1031 2367 1238 2432 αὐτοῦ,
1287 2369 1386 2422 καὶ
1431 2368 1724 2436 ἑρῤὐσατο
1765 2367 1880 2436 τὴν
1911 2373 2028 2437 ψυ-

435 2455 557 2524 χήν
587 2473 702 2524 μου
749 2457 818 2510 ἐκ
861 2457 1051 2527 μέσου
1079 2459 1383 2527 σκύμνων·
1415 2453 1489 2511 ὧν
1549 2458 1711 2528 μέσος
1738 2459 2027 2529 γενόμενος

433 2549 777 2618 ἐκοιμήθην,
809 2551 963 2621 φησὶ,
1022 2551 1474 2620 τεταραγμένος.
1507 2551 1687 2613 Μέσος
1745 2550 1850 2621 γάρ
1893 2552 2026 2606 ἀπο-

434 2640 661 2712 ληφθεὶς
695 2641 951 2710 σκύμνων
977 2641 1087 2695 τῶν
1118 2643 1176 2695 ἐν
1229 2643 1267 2694 Γ
1272 2642 1330 2694 ἐθ
1368 2641 1700 2710 ἀλλοφύλων,
1728 2642 1759 2712 ἢ
1793 2643 1898 2694 τῶν
1928 2642 2024 2696 ἀλ-

433 2733 543 2796 λως
565 2735 947 2805 πολεμούντων
994 2752 1058 2805 με
1106 2733 1337 2805 ἐχθρῶν,
1392 2735 1452 2788 τὸ
1503 2735 1625 2787 ὅσον
1662 2734 1746 2786 ἐπ’
1775 2733 1898 2804 ἐμοὶ
1932 2736 2026 2788 καὶ

431 2830 500 2898 πῇ
531 2825 846 2900 ἀνθρωπίνῃ
898 2826 1170 2898 ἀσθενείᾳ,
1205 2826 1530 2896 ἐκοιμήθην
1568 2825 2022 2894 τεταραγμένος.

446 2917 506 2972 Ὁ
533 2919 591 2972 δὲ
624 2918 848 2988 ὕψιστος
893 2920 1044 2982 Θεὸς.
1105 2920 1196 2973 τὸν
1264 2918 1630 2992 προλεχθέντα
1678 2918 1834 2986 λόγον
1858 2919 2023 2972 αὑτοῦ

434 3007 530 3062 καὶ
560 3008 661 3078 τὴν
695 3008 954 3079 ἀλήθειαν
986 3013 1194 3064 καὶτὸν
1215 3010 1364 3064 ἔλεον
1417 3009 1826 3076 ἐξαποστείλας,
1863 3009 2026 3081 ἐρρύ-

321 3159 339 3178 .
395 3167 397 3169 ι
436 3115 569 3154 σατο
598 3100 697 3172 τὴν
719 3101 896 3172 ψυχήν
928 3119 1049 3172 μου,
1083 3102 1158 3165 ὡς
1187 3102 1350 3174 μηδὲν
1368 3101 1538 3172 αὐτὴν
1566 3101 1758 3154 παθεῖν
1805 3103 1869 3154 ἐκ
1927 3103 2025 3172 τῆς
2051 3142 2094 3200 C

431 3195 676 3264 ταραχῆς
720 3194 828 3248 τῶν
861 3195 1135 3265 σκύμνων.
1180 3194 1338 3248 Κατὰ
1363 3195 1420 3247 δὲ
1446 3197 1572 3259 τοὺς
1603 3195 1820 3258 λοιποὺς
1845 3196 2020 3265 ἑρμη-

432 3285 645 3348 νευτάς·
687 3287 760 3339 Οὑ
815 3285 1240 3369 τεταραγμένος,
1284 3286 1469 3357 φησὶν,
1523 3286 1809 3340 ἐκάθευδον
1859 3287 2024 3354 μέσος

433 3376 770 3448 ἀποληφθεὶς
829 3378 1079 3441 λεόντων,
1134 3378 1248 3432 ἀλλ’
1285 3379 1554 3448 ἀπτόητος
1593 3379 1741 3449 ἥμην
1812 3379 1904 3431 καὶ
1933 3379 2023 3430 εὑ-

433 3467 660 3540 θαρσής.
697 3470 858 3539 Λέγει
890 3469 1020 3539 γοῦν
1048 3471 1076 3522 ό
1115 3468 1365 3532 Ἀκύλας·
1414 3470 1510 3523 Ἐν
1557 3469 1727 3540 μέσῳ
1765 3468 2023 3528 λεαινῶν

433 3561 871 3631 κοιμηθήσομαι
909 3561 1161 3631 λάϐρων·
1192 3563 1219 3614 6
1247 3561 1304 3615 δὲ
1355 3561 1672 3632 Σύμμαχος·
1715 3564 1819 3617 Ἐν
1849 3565 2020 3632 μέσῳ

431 3655 696 3708 λεόντων
715 3653 1028 3723 εὐθαρσῶν
1058 3653 1406 3722 ἐκοιμήθην.
1457 3656 1613 3719 Τίνες
1667 3655 1725 3708 δέ
1782 3651 1922 3728 ἦσαν
1965 3659 2016 3711 οἱ

431 3740 664 3807 λέοντες,
695 3743 728 3813 ἢ
757 3745 806 3797 οἱ
853 3744 1086 3815 σκύμνοι
1143 3747 1238 3798 καὶ
1270 3746 1326 3798 αἱ
1351 3744 1582 3811 λέαιναι,
1609 3746 1863 3817 διασαφεῖ
1893 3747 2020 3818 ἐξῆς

432 3836 623 3905 λέγων·
653 3837 773 3890 Υἱοὶ
806 3837 1134 3906 ἀνθρώπων
1179 3841 1234 3892 οὶ
1286 3823 1543 3906 ὀδόντες·
1582 3841 1781 3895 αὐτῶν
1827 3841 2022 3894 ὅπλον

433 3927 532 3981 καὶ
557 3927 740 3994 βέλη,
769 3927 868 3981 καὶ
893 3930 932 3997 ἡ
991 3926 1243 3999 γλῶσσα
1285 3929 1484 3984 αὐτῶν
1506 3930 1773 4000 μάχαιρα
1832 3931 2015 3996 ὀξεῖα.

433 4020 638 4084 Παντὸς
660 4020 766 4090 γὰρ
801 4019 966 4091 θηρὸς
993 4019 1183 4092 ἀγρίου
1223 4020 1425 4074 ἰοϐόλου
1456 4039 1516 4074 τε
1541 4023 1792 4094 ἑρπετοῦ,
1824 4024 2019 4094 χείρων

433 4109 500 4163 ἂν
536 4111 745 4178 γένοιτο
772 4111 976 4181 φαῦλος
1002 4112 1095 4166 xui.
1124 4112 1359 4183 πονηρὸς
1392 4113 1701 4185 ἄνθρωπος,
1733 4115 1967 4186 μάλιστα
1991 4119 2019 4170 ὀ

432 4201 704 4268 διαϐολαῖς
759 4205 854 4258 καὶ
907 4206 1262 4270 καταλαλιαῖς
1296 4207 1590 4278 σχολάζων,
1629 4211 1723 4262 xai.
1765 4212 1885 4273 ταῖς
1911 4210 2019 4264 τῶν

433 4291 694 4362 θεοφιλῶν
719 4293 915 4366 ψυχαῖς
939 4295 1325 4362 ἐπιϐουλεύων,
1377 4299 1476 4368 οὑχ
1503 4298 1687 4361 ὅπλοις
1718 4299 1774 4351 δὲ
1805 4300 1898 4352 καὶ
1927 4300 2016 4352 δό-

435 4401 583 4457 ρασι,
610 4388 1014 4471 ,κεκρυμμένοις
1035 4389 1093 4442 δὲ
1116 4390 1209 4443 καὶ
1241 4389 1560 4444 λανθάνουσι
1593 4389 1704 4455 τοῖς
1731 4391 1818 4445 διά
1845 4391 2016 4461 λόγων

2128 1916 2354 1968 saltavit
2382 1933 2481 1970 me.
2529 1915 2700 1981 Quem
2731 1931 2861 1970 vero
2888 1916 3124 1982 miserit,
3176 1915 3229 1968 in
3262 1917 3514 1984 praesenti
3557 1915 3716 1968 docet

2127 2007 2359 2062 dicens:
2420 2008 2571 2062 Misit
2628 2008 3052 2062 misericordiam
3104 2024 3290 2069 suam,
3339 2017 3388 2060 et
3444 2009 3716 2060 veritatem

2126 2115 2302 2163 suam,
2334 2101 2569 2153 animum
2593 2118 2760 2154 meam
2783 2101 2974 2169 eripuit
2994 2099 3057 2153 de
3088 2099 3257 2153 medio
3281 2099 3581 2152 catulorum
3608 2099 3717 2152 leo-

2127 2207 2294 2245 num:
2344 2193 2397 2244 in
2434 2208 2668 2262 quorum
2726 2192 2908 2246 medio
2943 2193 3277 2254 consistens,
3325 2191 3439 2244 ait:
3474 2190 3715 2244 Dormiri

2127 2283 2493 2338 conturbatus.
2558 2284 2692 2338 Nam
2746 2285 2803 2338 in
2871 2284 3051 2338 medio
3108 2283 3414 2337 catulorum
3489 2282 3713 2336 leonum

2127 2371 2470 2427 Gethazorum
2503 2374 2714 2429 scilicet
2758 2375 3154 2443 allophylorum
3185 2371 3582 2441 deprehensus,
3617 2387 3714 2425 seu

2127 2464 2480 2517 inimicorum
2511 2480 2596 2518 me
2628 2466 2731 2517 alia
2781 2467 2994 2518 ratione
3025 2463 3487 2532 impugnantium,
3540 2477 3716 2531 quan-

2129 2562 2246 2608 tum
2278 2554 2410 2607 mihi
2447 2569 2540 2622 pcr
2567 2555 2860 2615 humanam
2890 2553 3258 2607 inﬁrmitatem
3289 2552 3463 2614 licuit,
3491 2551 3716 2606 dormivi

2127 2646 2496 2700 con-turbatus.
2539 2646 2860 2700 Altissimus
2897 2661 3029 2699 vero
3060 2644 3204 2699 Deus
3237 2645 3556 2713 praedictum
3592 2661 3716 2700 vcr-
3797 2695 3800 2710 ,

2128 2735 2285 2798 bum,
2332 2736 2766 2790 misericordiam
2823 2742 2879 2788 et
2929 2736 3212 2788 veritatem
3265 2749 3420 2789 suam
3468 2735 3712 2800 mittens,

2127 2825 2331 2895 eripuit
2363 2825 2600 2877 animam
2638 2839 2836 2890 meam,
2870 2833 2928 2878 ut
2959 2839 3023 2878 cx
3055 2823 3468 2893 perturbatione
3496 2824 3714 2878 catulo-

2127 2932 2246 2969 rum
2300 2915 2515 2970 leonum
2573 2915 2709 2969 nihil
2763 2924 3060 2986 pateretur.
3115 2915 3427 2970 Secundum
3472 2916 3715 2985 reliquos

2127 3015 2309 3060 autem
2348 3007 2677 3075 interpretes
2707 3025 2718 3058 :
2759 3007 2878 3060 Non
2911 3007 3305 3069 conturbatus,
3341 3007 3537 3075 inquit,
3585 3007 3716 3060 dor-

2127 3099 2362 3152 miebam
2398 3099 2452 3152 in
2483 3099 2658 3152 medio
2681 3099 2901 3152 leonum
2935 3099 3351 3168 deprehensus;
3386 3098 3480 3153 Sed
3512 3099 3715 3168 imper-

2128 3191 2354 3244 territus
2397 3198 2452 3244 et
2483 3189 2762 3244 conlidens
2814 3205 2984 3244 erant.
3023 3191 3114 3243 Ait
3163 3191 3330 3260 igitur
3376 3190 3571 3260 Aquila
3603 3209 3618 3246 :
3648 3189 3712 3244 In

2127 3279 2295 3335 medio,
2343 3280 2632 3333 lamnarum
2679 3280 2948 3334 dormiam
2983 3282 3293 3344 voracium;
3347 3279 3712 3350 Symmachus

2123 3388 2253 3428 vero
2285 3391 2298 3427 :
2336 3371 2402 3425 In
2444 3371 2615 3425 medio
2649 3376 2859 3425 leonum
2887 3372 3154 3439 conﬁdens
3199 3371 3441 3424 dormivi.
3476 3371 3712 3437 Quinam

2122 3474 2310 3522 essent
2341 3467 2551 3531 leones,
2602 3464 2688 3519 vel
2717 3464 2885 3518 catuli
2934 3465 3155 3517 leonum
3201 3471 3256 3518 ct
3289 3464 3488 3526 leaenae,
3521 3473 3714 3532 postea

2123 3559 2390 3619 declarat,
2413 3558 2602 3613 dicens
2627 3575 2638 3609 :
2673 3555 2802 3609 Filii
2832 3555 3102 3608 hominum
3132 3554 3309 3607 dentes
3337 3570 3517 3606 eorum
3553 3556 3712 3607 telum

2122 3660 2172 3704 et
2208 3651 2440 3721 sagittw,
2473 3658 2523 3703 et
2569 3649 2751 3716 lingua
2794 3664 2972 3702 eorum
3005 3646 3214 3716 gladius
3246 3655 3463 3721 acutus.
3523 3644 3712 3714 Siqui-

2123 3743 2244 3798 dem
2275 3742 2426 3796 omni
2464 3741 2577 3795 fera
2606 3739 2831 3810 agresti,
2866 3752 3139 3792 venenosa
3170 3744 3223 3791 et
3246 3718 3442 3805 ‘reptili
3477 3735 3716 3788 deterior

2124 3835 2290 3890 luerit
2319 3834 2605 3903 improbus
2634 3841 2687 3886 ct
2717 3847 2952 3901 nequam
2980 3831 3164 3892 homo,
3221 3829 3567 3896 maximeque
3617 3829 3713 3896 qui

2121 3926 2417 3980 calumniis
2445 3932 2498 3979 et.
2529 3923 2834 3978 maledictis
2870 3930 3049 3987 vacat,
3079 3929 3132 3976 et
3162 3919 3255 3989 qui
3291 3918 3564 3986 religiosis
3594 3917 3714 3974 aui-

2121 4018 2319 4072 mabus
2353 4013 2669 4076 insidiatur,
2708 4030 2818 4067 non
2854 4013 2974 4067 telis
3013 4020 3067 4065 et
3101 4009 3297 4072 hastis,
3349 4008 3444 4062 sed
3480 4009 3724 4063 occultis.

2121 4116 2175 4164 et
2228 4109 2527 4163 latentibus
2580 4106 2874 4162 verborum
2927 4102 3254 4174 perniciosis
3301 4101 3721 4155 instrumentis-

2123 4201 2188 4254 Ι·Ιὶ
2217 4202 2402 4271 itaque
2436 4200 2682 4254 dentium
2713 4199 2917 4252 ambitu
2951 4198 3110 4266 quasi
3146 4194 3314 4248 armis
3350 4200 3582 4246 utuntur
3611 4193 3724 4244 Cir-—

2122 4290 2668 4353 cummunientihus,
2721 4296 2774 4342 et
2827 4285 3288 4341 concludcnlibus
3339 4283 3503 4338 verba
3569 4284 3710 4338 intra

2122 4381 2367 4437 dentium
2400 4390 2614 4452 septum
2644 4379 2901 4444 latentia;
2936 4379 3117 4448 lingua
3149 4391 3280 4429 vero
3308 4375 3724 4442 calumniisque-

433 4465 798 4550 ἀναιρετικοῖς
819 4480 1091 4550 ὀργάνοις.
1125 4482 1438 4554 Κέχρηνται
1467 4482 1596 4552 γοῦν
1624 4486 1672 4536 οἱ
1704 4483 1932 4537 τοιοῦτοι
1952 4487 2016 4556 τῇ

2128 4489 2192 4528 ex
2218 4489 2282 4528 ea
2311 4473 2551 4538 emissis,
2583 4488 2680 4526 ceu
2727 4469 3054 4542 quibusdam
3107 4468 3230 4523 telis
3263 4467 3595 4535 iaculantur.
3636 4463 3724 4516 Ea.

438 4571 538 4641 μὲν
565 4571 672 4625 τῶν
698 4572 924 4626 ὀδόντων
973 4573 1230 4645 περιϐολῇ
1279 4573 1468 4646 ὥσπερ
1514 4576 1623 4629 τινὶ
1672 4575 1823 4646 ὅπλῳ
1866 4594 2025 4648 περι-

434 4660 748 4731 φράττοντι,
778 4663 872 4715 καί
905 4662 1266 4734 περικλεῖοντι
1294 4664 1420 4728 τοὺς
1475 4666 1605 4718 εἵσω
1650 4665 1761 4719 τῶν
1795 4667 2023 4721 ὀδόντων

435 4751 846 4821 κρυπτομένους
883 4753 1091 4822 λόγους·
1121 4757 1187 4826 τῇ
1211 4753 1269 4806 δὲ
1293 4753 1508 4827 γλώττῃ
1543 4756 1638 4809 καὶ
1663 4761 1782 4821 ταῖς
1805 4759 1870 4810 ἐκ
1891 4759 2024 4812 ταύ-

434 4856 535 4910 της
564 4840 1032 4912 διαπεμπομέναις
1063 4843 1367 4909 διαϐολαῖς,
1413 4843 1604 4917 ὥσπερ
1638 4847 1749 4900 τισὶ
1814 4847 2024 4917 βέλεσιν

436 4930 891 5002 ἀκοντιζομένοις.
942 4934 1008 4986 Ἡ
1068 4934 1114 4987 δ’
1142 4935 1282 5005 αὑτὴ
1339 4936 1450 4990 τῶν
1498 4935 1756 4990 τοιούτων
1811 4937 2025 5007 γλῶττα

438 5022 715 5094 μαχαίρας
747 5023 1010 5094 ὀξυτάτης
1031 5027 1182 5081 οὐδὲν
1207 5027 1272 5080 ἂν
1302 5027 1554 5099 διαφέροι
1582 5029 1893 5102 κεντούσης,
1930 5033 2024 5085 καὶ

435 5113 506 5165 τὰ
531 5115 666 5185 πρὸς
696 5115 923 5170 θάνατον
955 5119 1301 5190 ἐνεργούσης.
1344 5119 1484 5172 Ἀλλ’
1519 5121 1567 5172 οἱ
1605 5120 1703 5191 μὲν
1749 5122 2023 5194 ἀνθρώπι-

435 5223 518 5260 νοι
548 5207 761 5273 λέοντες
785 5211 878 5263 καὶ
899 5211 1274 5282 ὠνομασμένοι
1305 5212 1533 5283 σκύμνοι
1576 5213 1827 5269 τοιοῦτοι.
1879 5215 2020 5284 Ἐγὼ

436 5298 695 5355 δέαὑτῶν
740 5301 988 5375 διέφερον
1041 5303 1138 5375 τὴν
1188 5305 1500 5376 ἐπιϐουλὴν,
1549 5305 1637 5359 διὰ
1687 5307 1777 5359 τὸν
1833 5309 1897 5360 ἐκ
1925 5307 2019 5360 τοῦ

2126 4587 2258 4627 vero
2286 4571 2403 4640 ipsa
2427 4585 2616 4625 eorum
2649 4568 2858 4637 lingua,
2885 4580 2915 4618 a
2949 4564 3130 4635 gladio
3161 4569 3322 4616 acuto
3354 4569 3407 4614 et
3439 4565 3712 4628 pungente

2127 4663 2439 4732 caedemque
2468 4667 2838 4732 perpetrante,
2871 4659 3006 4712 nihil
3043 4655 3276 4710 dill‘crat.
3315 4653 3459 4708 Sane
3489 4651 3710 4720 quidem

2128 4754 2266 4808 tales
2296 4759 2426 4807 sunt
2457 4750 2683 4804 humani
2719 4750 2926 4810 leones,
2971 4755 3024 4801 et
3063 4746 3348 4799 memorati
3393 4741 3559 4794 catuli
3594 4740 3709 4794 lco-

2128 4860 2280 4898 num.
2317 4842 2428 4912 Ego
2457 4858 2591 4897 vero
2615 4856 2804 4896 eorum
2841 4838 3069 4894 insidias
3100 4833 3368 4891 declinavi
3406 4831 3725 4885 Salvatoris.

2129 4951 2160 4989 a
2187 4935 2298 4989 Dco
2330 4935 2486 4988 missi
2526 4948 2713 5002 opera,
2765 4932 2859 5001 qui
2909 4931 3113 5000 eripuit
3147 4930 3382 4982 animam
3434 4941 3608 4980 meam
3642 4925 3728 4980 de-

2129 5027 2309 5081 mcdio
2338 5026 2644 5078 catulorum
2682 5026 2922 5100 leonum.
2957 5024 3040 5077 An
3070 5007 3184 5076 haec
3221 5020 3288 5074 de
3321 5017 3485 5072 Saule
3513 5018 3709 5073 dican-

2128 5129 2236 5183 tur,
2289 5118 2403 5173 sive
2435 5118 2500 5171 de
2527 5117 2593 5170 iis
2635 5117 2728 5186 qui
2778 5115 3035 5169 Davidem
3067 5113 3208 5182 apud
3251 5111 3468 5164 Saulem
3501 5110 3710 5162 calum—

2123 5210 2256 5265 niati
2309 5215 2476 5272 sunt,
2538 5209 2652 5262 sive
2703 5207 2771 5262 de
2829 5206 3120 5275 allophylis
3191 5201 3450 5263 Gcthaeis,
3501 5215 3595 5254 seu
3644 5199 3721 5256 de

2083 5302 2085 5304 ’
2127 5300 2498 5357 invisibilibus
2535 5299 2812 5364 inimicis;
2840 5307 2895 5350 tu
2931 5298 3046 5364 ipse
3078 5292 3383 5365 perpendas
3417 5293 3600 5346 velim.

435 5394 574 5447 Θεοῦ
595 5397 999 5469 ἀπεσταλμένον
1029 5416 1120 5470 μοι
1174 5400 1425 5471 Σωτῆρα,
1457 5401 1548 5454 τὸν
1579 5402 1878 5472 ῥυσάμενον
1911 5403 2009 5474 τὴν
2046 5401 2224 5471 ψυχήν
2253 5414 2354 5466 μου
2378 5397 2442 5448 ἐκ
2473 5395 2636 5465 μέσου
2665 5394 2936 5463 σκύμνων.
2968 5391 3092 5444 Εἴτε
3116 5390 3171 5442 δὲ
3222 5388 3394 5441 ταῦτα
3425 5387 3553 5458 περὶ
3618 5386 3718 5438 τοῦ.

437 5483 613 5537 Σαοὺλ
639 5485 876 5556 ἐλέγετο,
909 5489 1018 5544 εἴτε
1039 5490 1169 5561 περὶ
1199 5490 1305 5543 τῶν
1357 5491 1750 5544 διαϐαλλόντων
1803 5493 1892 5545 τὸν
1909 5491 2072 5545 Δαυῒδ
2110 5489 2262 5561 παρὰ
2302 5488 2395 5541 τὸν
2445 5486 2637 5552 Σαοὺλ,
2701 5487 2811 5538 εἴτε
2867 5485 2995 5556 περῘι
3052 5483 3160 5536 τῶν
3210 5475 3266 5534 ἐν
3314 5479 3414 5534 Γέθ
3472 5477 3674 5547 ἀλλοφύ
3689 5501 3715 5515 --

436 5580 563 5647 λων,
593 5583 702 5635 εἴτε
750 5583 882 5654 περὶ
938 5582 1185 5652 ἀοράτων
1238 5583 1466 5655 ἐχθρῶν,
1530 5584 1626 5636 καὶ
1681 5585 1844 5648 αὐτὸς
1907 5585 2244 5653 ἐπιστήσεις.

509 5728 586 5795 (1)
637 5726 1221 5793 Ἐνδιάθετοςλόγ-ος,
1255 5725 1470 5780 insitum
1492 5724 1940 5791 rerbum,dicitur
1970 5725 2036 5783 ad
2073 5725 2434 5782 differentiam
2465 5723 2556 5779 τοῦ
2584 5721 2938 5796 προφορικοῦ,
2969 5719 3415 5792 prolati.llorttm
3449 5717 3715 5788 frequens

440 5803 582 5869 apud
611 5797 802 5862 Patres
829 5814 988 5855 usus.
1018 5797 1184 5853 Enn.
