4158 6376
1164 334 1434 427 EUSEBll
1470 332 1949 391 εΑεεΑιιιΕΝειε
1986 333 2136 391 ΟΡΡ.
2177 335 2356 393 PARS
2387 334 2476 393 Ill.
2512 367 2583 380 —-
2621 335 3031 419 EXEGETICS.

544 452 716 510 Vens.
751 452 885 520 6,'7.
924 450 1184 507 Exaltare
1223 467 1381 521 super
1407 452 1586 515 calas,
1619 450 1784 517 Deus,
1815 460 1864 506 et
1895 468 2051 522 super
2081 462 2128 518 Α

472 562 680 601 omnem
707 554 922 610 terram,
954 545 1131 616 gloria
1175 555 1288 609 tua,
1319 551 1375 600 et
1413 551 1630 599 caetera.
1664 542 1910 601 Missum
1943 545 2050 599 sibi

474 638 544 693 ab
566 624 858 693 Ἀιιὶεείωο
897 636 1203 707 adjutorem
1232 642 1288 691 et
1318 635 1689 702 Servatorem,
1727 641 1917 704 utpote
1956 637 2050 706 qui

472 745 534 787 se
571 729 942 785 humiliaverit
970 744 1067 799 per
1098 744 1260 785 suum
1292 729 1357 784 ad
1400 729 1653 783 homines
1697 727 2049 795 descensum,

469 828 528 878 et
579 820 818 875 animam
872 835 1028 876 suam
1076 820 1341 891 eripuerit
1387 820 1456 875 de
1511 818 1692 874 medio
1741 820 2050 874 catulorum

469 915 717 979 leonum,
751 915 839 971 his
877 914 1060 970 verbis
1092 912 1364 984 Propheta
1414 914 1706 984 compellat
1736 932 1749 969 :
1781 913 2052 981 Quoniam

468 1022 535 1062 ex
567 1008 786 1077 propria
830 1007 1208 1078 magnitudine
1255 1006 1615 1071 descendens,
1654 1013 1815 1077 teque
1870 1007 2049 1078 ipsum

468 1114 697 1169 parvum
746 1098 1008 1164 elliciens,
1059 1099 1384 1154 humilitatis
1440 1114 1574 1154 mea:
1614 1113 1804 1153 curam
1864 1115 2055 1155 susce-

467 1191 623 1257 pisti,
651 1198 707 1246 et
740 1191 992 1260 eripuisti
1026 1191 1287 1244 animam‘
1312 1206 1489 1245 meam
1542 1192 1610 1248 de
1641 1192 1820 1247 medio
1852 1192 2052 1263 pradi-

467 1290 709 1346 ctorum,
765 1284 1007 1338 exaltare
1056 1281 1299 1349 demum,
1356 1284 1638 1354 proprium
1675 1284 1932 1339 thronum
1986 1300 2051 1341 ac

466 1373 567 1427 tibi
613 1384 933 1443 competens
990 1389 1218 1444 regnum
1278 1376 1546 1430 cmlorum
1604 1388 1809 1449 repete.
1864 1379 2050 1451 Neque

467 1466 614 1521 enim
662 1475 806 1520 terra
845 1467 1018 1537 gloria
1075 1476 1165 1521 tua
1199 1468 1528 1537 privabitur,
1558 1470 1776 1527 etiamsi
1824 1473 1880 1527 in
1910 1474 2049 1529 caelo

468 1555 656 1626 degas.
691 1554 1160 1635 Quemadmodum
1188 1558 1336 1612 enim
1393 1560 1475 1614 sol
1507 1562 1789 1631 proprium
1823 1579 2049 1620 cursum

466 1650 791 1715 conﬁciens,
825 1664 921 1705 eos
949 1651 1043 1720 qui
1080 1651 1136 1704 in
1182 1657 1329 1705 terra
1356 1662 1651 1709 versantur
1686 1656 1899 1727 fulgore
1948 1672 2049 1714 suo

468 1761 579 1800 non
609 1745 845 1809 fraudat,
881 1746 1070 1800 eodem
1116 1745 1281 1801 modo
1325 1754 1380 1801 et
1416 1756 1496 1812 tu,
1538 1747 1786 1815 Domine,
1833 1751 2048 1807 etiamsi

467 1838 541 1894 ob
568 1852 821 1907 magnam
854 1838 1125 1891 mittentis
1157 1842 1213 1892 te
1256 1835 1438 1893 Patris
1491 1853 1621 1910 erga
1652 1838 1904 1896 homines
1936 1841 2051 1896 cle-

465 1929 750 1992 mentiam,
772 1942 946 1997 usque
971 1928 1038 1982 ad
1064 1930 1388 1998 parvitatem
1414 1944 1590 1985 meam
1616 1938 1670 1986 te
1698 1932 2048 1999 extenderis;

467 2030 523 2075 at
551 2022 793 2076 exaltare
816 2020 1034 2074 demum
1064 2036 1229 2090 super
1260 2022 1453 2085 caelos,
1485 2030 1541 2076 et
1570 2021 1624 2075 in
1654 2022 1779 2076 sinu
1802 2024 2053 2079 Paterna:

468 2111 693 2168 deitatis
727 2112 999 2174 residens,
1035 2126 1255 2166 omnem
1290 2121 1491 2166 terram
1540 2112 1715 2183 gloria
1752 2120 1843 2167 tua
1878 2115 2047 2184 reple.

468 2203 592 2259 llaec
635 2218 802 2275 porro
847 2203 972 2273 jure
1015 2201 1257 2273 profero,
1314 2202 1372 2256 in
1425 2209 1543 2257 tuto
1595 2212 1791 2258 contra
1846 2205 2050 2259 malum

465 2298 750 2368 quodlibet
774 2297 1009 2367 positus,
1039 2303 1093 2351 et
1124 2310 1164 2391 a.
1184 2294 1461 2366 praedictis
1483 2296 1680 2352 catulis
1714 2304 1769 2352 et
1799 2296 2050 2353 leonibus

464 2397 561 2444 tua
599 2384 921 2444 visitatione
950 2384 1194 2457 ereptus,
1228 2387 1322 2457 qui
1358 2386 1571 2457 laqueos
1609 2397 1930 2456 paraverunt
1959 2404 2051 2458 pe-

464 2479 619 2533 dibus
653 2479 804 2542 meis,
837 2486 912 2543 et,
942 2484 1210 2548 quantum
1245 2477 1298 2531 in
1325 2476 1461 2547 ipsis
1483 2485 1621 2541 erat,
1645 2479 2049 2533 incurvaverunt

467 2575 701 2626 animant
757 2585 973 2632 meam;
1029 2570 1125 2625 sed
1173 2570 1339 2625 etiam
1390 2569 1636 2639 [oderunt
1689 2580 1811 2625 ante
1858 2570 2050 2641 faciem

466 2680 639 2718 meam
677 2663 902 2732 foveam.
939 2659 1047 2716 Sed
1078 2661 1191 2715 haec
1217 2662 1273 2715 in
1297 2676 1451 2716 suam
1484 2662 1809 2731 perniciem,
1842 2677 1952 2716 non
1992 2662 2048 2715 in

465 2772 667 2818 meam,
698 2764 791 2811 tua
823 2754 1186 2827 protectione,
1242 2752 1622 2823 designarunt.
1672 2751 1782 2823 Ipsi
1810 2767 2048 2822 namque

466 2852 522 2905 in
555 2851 698 2904 hanc
722 2848 934 2903 foveam
967 2861 1121 2902 suam
1150 2845 1312 2917 primi
1338 2845 1677 2900 ceciderunt.
1702 2845 2049 2915 Quapropter

464 2943 594 3014 quia
628 2948 686 2996 tu
716 2958 746 2995 a
773 2939 935 2998 Patre
968 2940 1172 2995 missus
1223 2939 1353 2993 talia
1384 2937 1625 3005 edidisti,
1674 2938 1917 2992 exaltare
1947 2936 2045 2990 de-

462 3050 638 3097 mum,
675 3048 739 3088 ac
763 3033 1016 3087 cmlestes
1042 3032 1165 3086 illas
1195 3032 1535 3097 mansiones,
1569 3037 1631 3085 ut
1661 3029 1761 3086 tibi
1796 3028 2047 3100 proprias

463 3135 520 3184 et
546 3126 737 3183 deitati
766 3134 872 3181 tua:
895 3132 1188 3181 consuetas
1220 3123 1422 3193 recipe.

537 3439 702 3522 Vsus.
720 3438 876 3495 8-12.
902 3438 1161 3493 Paratum
1183 3456 1276 3494 cor
1291 3453 1484 3501 meum,
1506 3434 1669 3501 Deus,
1687 3444 1935 3505 paratum
1952 3452 2044 3489 cor

448 3551 658 3612 ,meum,
684 3534 908 3586 cantabo
946 3541 995 3586 et
1023 3532 1290 3602 psalmum
1321 3529 1520 3593 dicant,
1555 3535 1661 3584 etc.
1697 3526 1947 3583 Salvator
1985 3528 2041 3581 in

463 3639 563 3681 sua
599 3623 665 3677 ad
701 3623 1003 3693 discipulos
1028 3622 1279 3677 doctrina
1326 3621 1443 3675 haec
1490 3619 1557 3674 de
1600 3617 1807 3689 Spiritu
1850 3625 2043 3675 sancto

461 3716 637 3771 dixit:
666 3713 726 3769 Si
755 3713 981 3784 diligitis
1020 3729 1098 3766 me
1118 3752 1133 3777 ,
1162 3711 1421 3766 mandata
1458 3727 1574 3764 mea
1610 3718 1832 3777 servate,
1863 3719 1912 3765 et
1950 3728 2042 3781 ego

461 3807 659 3879 rogabo
699 3805 937 3869 Patrem,
987 3813 1036 3859 et
1078 3803 1244 3858 alium
1282 3802 1624 3856 Paracletum
1665 3800 1815 3855 dabit
1874 3801 2040 3867 vobis,

462 3911 523 3955 ut
560 3903 629 3955 sit
670 3901 939 3955 vobiscum
965 3899 1022 3951 in
1054 3907 1343 3955 wternum.
1385 3895 1648 3964 Spiritum
1689 3896 1929 3949 veritatis
1948 3895 1991 3926 "
2025 3915 2039 3952 :

461 4002 518 4049 et
547 4008 807 4049 rursum:
843 3990 977 4046 -Πιεο
1025 3991 1233 4045 locutus
1262 3988 1390 4042 'sum
1424 3986 1568 4043 vobis
1616 3986 1756 4055 apud
1801 4003 1889 4044 vos
1934 4004 2044 4041 ma-

462 4100 637 4149 nens,
680 4082 991 4137 Paracletus
1032 4092 1246 4146 autem,
1306 4080 1538 4150 Spiritus
1612 4087 1831 4133 sanctus
1891 4097 2043 4151 quem

460 4178 633 4231 mittet
676 4174 840 4229 Pater
867 4175 923 4229 in
954 4175 1163 4229 nomine
1191 4190 1325 4235 meo,
1357 4172 1450 4226 ille
1478 4189 1568 4227 vos
1608 4170 1812 4231 docebit
1839 4173 2038 4237 omnia,

459 4280 512 4324 et
536 4276 774 4340 suggeret
793 4268 876 4332 ³⁸;
912 4282 976 4320 ac
1000 4266 1231 4320 iterum:
1275 4263 1460 4318 Adhuc
1488 4264 1658 4317 multa
1691 4263 1854 4318 habeo
1896 4264 2039 4321 vobis

460 4361 653 4419 dicere.
686 4358 775 4414 sed
817 4375 921 4411 non
959 4357 1177 4427 potestis
1206 4365 1422 4425 portare
1456 4355 1632 4412 modo.
1687 4354 1822 4411 Cum
1862 4366 2040 4411 autem

458 4452 656 4509 venerit
688 4451 778 4505 ille
814 4449 1047 4518 Spiritus
1069 4448 1309 4502 veritatis
1330 4487 1347 4512 ,
1390 4446 1634 4501 narrabit
1666 4446 1809 4501 vobis
1841 4449 2039 4503 verita-

2081 1807 2125 1862 Β

3620 326 3738 397 “sta

2238 453 2522 523 Ύψώθητι
2549 454 2647 508 ἐπί
2706 455 2848 522 τοὺς
2904 455 3220 524 οὐρανοὺς,
3254 459 3286 511 ό
3314 456 3477 524 Θεὸς,
3510 459 3606 513 καί
3634 460 3736 515 ἐπὶ

2152 546 2361 602 πᾶσαν
2383 546 2497 615 τὴν
2534 546 2651 616 γῆν
2697 549 2736 615 ἡ
2794 546 2946 611 δόξα
2999 562 3138 612 σου,
3173 549 3267 602 καὶ
3325 549 3395 603 τὰ
3454 551 3601 622 ἑξῆς.
3644 552 3735 624 Τῷ

2151 639 2701 705 ἐξαποπαλέντιὺπὺ
2751 641 2845 694 τοῦ
2882 640 3135 710 Ὑψίστου
3182 640 3362 712 βοηθῷ
3417 643 3609 696 ἑαυτοῦ
3638 644 3735 698 καὶ

2151 733 2384 803 Σωτῆρι,
2410 732 2487 796 ὡς
2513 732 2579 786 ἂν
2624 732 2813 786 ἑαυτὸν
2844 732 3258 787 ταπεινώσαντα
3301 734 3390 789 διὰ
3415 736 3515 807 τῆς
3545 738 3736 809 μέχρις

2151 820 2453 893 ἀνθρώπων
2486 821 2736 889 καθόδου,
2763 822 3052 895 ῥυσαμένῳ
3107 841 3168 877 τε
3208 824 3309 896 τὴν
3352 825 3532 897 ψυχὴν
3566 826 3732 883 αὐτοῦ

2152 914 2216 967 ὲκ
2245 914 2409 984 μέσου
2458 913 2733 984 σκύμνων,
2763 915 3053 984 [ἐπιφωνεῖ
3106 915 3281 984 λέγων
3336 918 3365 971 ὁ
3419 918 3731 992 Προφήτηςο

2165 1005 2402 1077 Ἐπειδὴ,
2433 1005 2526 1059 τοῦ
2551 1008 2751 1061 οἰκείου
2781 1006 3043 1078 μεγέθους
3056 1009 3426 1074 ὑποκαταϐὰς,
3454 1013 3549 1064 καὶ
3578 1028 3735 1066 σεαυ-

2151 1096 2243 1150 τὸν
2273 1098 2594 1168 σμικρύνας,
2645 1098 2755 1168 τῆς¹
2797 1098 2939 1169 ὲμῆς
2971 1100 3352 1173 ταπεινότητος
3392 1102 3732 1173 ἐφρόντισας,

2153 1187 2370 1259 ἐρρύσω
2394 1205 2455 1241 τε
2480 1188 2577 1261 τὴν
2598 1187 2779 1259 ψυχήν
2814 1206 2915 1259 μου
2945 1191 3009 1243 ὲκ
3045 1192 3210 1262 μέσου
3246 1191 3355 1244 τῶν
3410 1192 3736 1264 προλεχθέν-

2152 1296 2278 1343 των,
2311 1279 2555 1351 ὑψώθητι
2597 1280 2800 1346 λοιπὸν,
2862 1281 2956 1335 καὶ
3006 1283 3357 1355 ἀπολάμϐανε
3407 1285 3501 1338 τὸν
3533 1286 3733 1341 σαυτοῦ

2153 1370 2338 1441 θρόνον
2368 1373 2461 1425 καὶ
2492 1372 2588 1444 τὴν
2616 1372 2931 1444 πρέπουσάν
2959 1390 3041 1427 σοι
3075 1376 3133 1429 ὲν
3185 1376 3398 1447 οὐρανῷ
3432 1376 3731 1448 βασιλείαν.

2152 1465 2287 1518 Οὐδὲ
2324 1464 2498 1529 οὕτως
2521 1464 2630 1537 γὰρ
2684 1467 3185 1538 ἀποστερηθήσεται
3212 1470 3243 1540 ἡ
3272 1470 3341 1538 γῆ
3368 1468 3469 1539 τῆς
3498 1470 3601 1539 σῆς
3644 1470 3734 1525 δό-

2154 1553 2269 1626 ξης,
2299 1555 2400 1610 κᾶν
2427 1559 2483 1610 ὲν
2517 1557 2728 1629 οὐρανῷ
2750 1558 3048 1631 διατρίϐῃς.
3079 1558 3286 1631 Ὥσπερ
3315 1560 3422 1631 γὰρ
3448 1561 3618 1630 ἥλιος,
3642 1562 3732 1616 τὸν

2151 1652 2350 1703 οἰκεῖον
2383 1650 2660 1704 ἀποτελῶν
2713 1650 2931 1720 δρόμον,
2987 1651 3091 1704 οὐκ
3122 1652 3420 1724 ἀποστερεῖ
3453 1653 3582 1717 τοὺς
3639 1653 3734 1708 ἐπὶ

2151 1742 2258 1813 γῆς
2275 1743 2374 1815 τῆς
2434 1742 2628 1797 ἑαυτοῦ
2663 1743 3024 1814 λαμπηδόνος·
3089 1743 3182 1799 τόν
3210 1744 3373 1799 αὑτὸν
3403 1746 3606 1817 τρόπον
3640 1748 3731 1800 καὶ

2155 1828 2304 1897 σὺ,ὦ
2337 1835 2533 1907 Κύριε,
2568 1837 2614 1888 εἰ
2641 1835 2735 1889 καὶ
2758 1835 2825 1889 τὰ
2857 1834 3090 1907 μάλιστα
3116 1837 3184 1889 δι’
3218 1837 3521 1910 ὑπερϐολὴν
3554 1839 3731 1908 φιλαν»

2153 1925 2401 1998 θρωπίας
2430 1927 2526 1980 τοῦ
2555 1928 3015 1999 καταπέμψαντός
3043 1946 3102 1983 σε
3164 1931 3378 2003 Πατρὸς
3427 1932 3588 2004 μέχρι
3632 1933 3730 2003 τῆς

2152 2017 2293 2088 ὲμῆς
2317 2019 2677 2091 σμικρότητος
2731 2020 3054 2092 ἐξητάσθης,
3110 2020 3225 2074 ἀλλ’
3271 2022 3514 2092 ὑψώθητι
3545 2023 3736 2087 λοιπὸν

2151 2110 2243 2162 ἐπὶ
2287 2110 2413 2173 τοὺς
2432 2111 2711 2183 οὐρανοὺς,
2757 2112 2853 2165 καὶ
2889 2114 3003 2175 τοῖς
3049 2111 3271 2191 κόλποις
3293 2114 3392 2183 τῆς
3452 2114 3731 2187 Πατρικῆς

2151 2199 2403 2272 θεότητος
2425 2201 2669 2265 ὲνοικῶν,
2706 2202 2914 2274 πλήρου
2971 2204 3070 2274 τῆς
3099 2203 3293 2257 σαυτοῦ
3345 2204 3501 2275 δόξης
3554 2209 3734 2260 πᾶσαν

2149 2293 2249 2364 τὴν
2274 2294 2396 2364 γῆν.
2421 2294 2579 2362 Λέγω
2608 2294 2665 2347 δὲ
2691 2294 2864 2348 ταῦτα
2898 2296 3140 2360 εἰκότως,
3171 2297 3229 2349 ὲν
3262 2297 3564 2368 ἀμεριμνίᾳ
3593 2314 3729 2353 παν-

2150 2384 2240 2449 τὸς
2264 2385 2432 2440 κακοῦ
2475 2384 2736 2455 γεγονὼς,
2758 2387 2853 2440 καὶ
2889 2386 2998 2439 τῶν
3040 2387 3443 2460 προλεχθέντων
3476 2389 3737 2459 σκύμνων

2152 2480 2248 2532 καὶ
2265 2477 2494 2531 λεόντων
2519 2478 2607 2531 διὰ
2636 2477 2738 2547 τῆς
2764 2479 2862 2550 σῆς
2915 2480 3221 2551 ἐπισκοπῆς
3264 2480 3501 2552 ρυσθείς·
3539 2482 3731 2545 οἵτινες

2151 2567 2405 2637 παγίδας
2444 2568 2781 2638 ἡτοίμασαν
2810 2568 2933 2635 τοῖς
2986 2572 3134 2624 ποσί
3157 2590 3297 2640 μου,
3357 2573 3470 2638 καὶ,
3516 2573 3580 2627 τὸ
3611 2575 3732 2628 ὅσον

2150 2662 2236 2715 ἐπ’
2261 2662 2461 2725 αὐτοῖς,
2488 2663 2878 2731 κατέκαμψαν
2909 2662 3024 2730 τὴν
3059 2663 3272 2732 ψυχήν
3295 2681 3433 2733 μου·
3476 2663 3612 2719 ἀλλὰ
3638 2665 3732 2721 καὶ

2148 2753 2387 2823 ὤρυξαν
2416 2755 2529 2825 πρὸ
2563 2755 2888 2825 προσώπου
2914 2775 3032 2826 μου
3049 2757 3297 2825 βόθρον.
3316 2757 3501 2811 Ταῦτα
3528 2758 3586 2812 δὲ
3608 2757 3731 2813 καθ’

2149 2846 2379 2912 ἑαυτῶν,
2407 2848 2520 2901 ἀλλ’
2539 2849 2601 2901 οὐ
2633 2848 2753 2901 κατ’
2771 2848 2906 2919 ἐμοῦ
2936 2847 3024 2901 διὰ
3058 2850 3159 2921 τὴν
3181 2849 3279 2919 σὴν
3310 2849 3519 2921 σκέπην
3544 2851 3732 2926 εἰργά-

2149 2955 2330 2991 σαντο.
2371 2938 2654 3008 Ἔφθασαν
2678 2938 2788 3012 γὰρ
2834 2942 2987 2994 αὐτοὶ
3014 2941 3212 3012 μᾶλλον
3246 2943 3326 3005 εἰς
3380 2940 3471 2994 τὸν
3521 2942 3733 2997 ἑαυτῶν

2148 3034 2548 3097 καταπεσόντες
2580 3033 2790 3105 βόθρον.
2840 3034 3039 3105 Διόπερ
3063 3035 3251 3105 ἐπειδὴ
3285 3035 3459 3091 ταῦτα
3490 3036 3735 3107 εἰργάσω

2071 3145 2117 3204 C
2150 3125 2214 3179 σὺ
2247 3128 2276 3181 ὁ
2305 3126 2713 3197 ἀπεσταλμένος
2734 3126 2840 3179 ὑπὸ
2865 3126 2959 3180 τοῦ
2983 3127 3217 3197 Πατρὸς,
3248 3126 3492 3198 ὑψώθητι
3524 3127 3729 3195 λοιπὸν,

2144 3218 2241 3272 καὶ
2273 3218 2626 3289 ἀπολάμϐανε
2651 3219 2752 3282 τὰς
2772 3219 3076 3290 οὐρανίους,
3102 3218 3178 3280 ὡς
3208 3218 3414 3283 οἰκείας
3456 3219 3554 3274 καὶ¹
3607 3236 3729 3273 συν-

2144 3310 2295 3383 ήθεις
2322 3314 2386 3383 τῇ
2419 3314 2484 3384 σῇ
2521 3311 2734 3383 θεότητι
2762 3311 3060 3383 διατριϐάς.

2227 3421 2458 3492 Ἑτοίμη
2495 3424 2534 3491 ή
2575 3423 2787 3491 καρδία
2813 3441 2954 3493 μου,
3000 3425 3033 3476 ό
3064 3422 3242 3489 Θεὸς,
3290 3422 3494 3493 ἑτοίμη
3524 3424 3563 3490 ὴ
3595 3440 3729 3491 καρ-

2143 3515 2242 3570 δία
2258 3532 2400 3584 μου,
2428 3513 2649 3584 ᾄσομαι
2672 3508 2772 3569 καὶ
2810 3513 3010 3583 ψαλῶ,
3042 3514 3136 3567 καὶ
3174 3512 3240 3567 τὰ
3266 3514 3409 3585 ἑξῆς.
3456 3513 3514 3567 Ὀ
3540 3513 3731 3586 Σωτὴρ

2110 3622 2117 3633 ·
2144 3609 2202 3663 ὲν
2221 3610 2339 3671 ταῖς
2364 3606 2499 3679 πρὸς
2526 3608 2652 3671 τοὺς
2695 3605 2943 3679 μαθητὰς
2997 3606 3369 3671 διδασκαλίαις
3400 3605 3551 3659 ταῦτ’
3584 3608 3729 3678 εἰρη-

2144 3694 2255 3760 κὼς
2290 3698 2416 3768 περὶ
2438 3697 2532 3750 τοῦ
2563 3695 2719 3765 ἁγίου
2748 3697 3083 3768 Πνεύματος·
3135 3696 3270 3750 Ἐὰν
3306 3696 3573 3766 ἀγαπᾶτε
3602 3695 3729 3766 ἐμὲ,

2144 3788 2250 3854 τὰς
2279 3787 2531 3853 ἐντολὰς
2560 3788 2667 3853 τὰς
2694 3787 2841 3856 ἐμὰς
2861 3787 3180 3855 τηρήσατε·
3200 3786 3297 3840 καί
3314 3785 3429 3857 ἐγὼ
3455 3786 3731 3855 ἐρωτήσω

2142 3880 2250 3934 τὸν
2275 3880 2523 3948 Πατέρα,
2570 3880 2669 3933 καί
2714 3880 2907 3934 ἄλλον
2934 3879 3327 3948 Παράκλητον
3369 3879 3547 3935 δώσει
3566 3878 3727 3949 ὑμῖν,

2143 3973 2244 4025 ἵνα
2269 3968 2310 4042 ᾖ
2338 3973 2467 4041 μεθ’
2505 3970 2672 4040 ὑμῶν
2692 3973 2780 4038 εἰς
2834 3971 2942 4024 τὸν
2974 3969 3181 4035 αἰῶνα,
3215 3970 3280 4024 τὸ
3329 3971 3574 4041 Πνεῦμα
3616 3968 3737 4038 τῆς

2142 4064 2448 4131 ἀληθείας·
2496 4064 2589 4117 καί⁵
2622 4061 2803 4117 πάλιν
2865 4063 3055 4116 Ταῦτα
3077 4061 3391 4130 λελάληκα
3424 4060 3566 4130 ὑμῖν
3589 4060 3726 4128 παρ’

2142 4155 2284 4225 ὑμῖν
2329 4155 2547 4225 μένωνο
2604 4158 2637 4209 ό
2686 4153 2754 4207 δὲ
2799 4154 3229 4222 Παράκλητος,
3266 4153 3332 4207 τὸ
3362 4151 3612 4221 Πνεῦμα
3657 4150 3727 4204 τό

2142 4254 2312 4324 ἅγιον
2349 4255 2380 4308 ὃ
2402 4253 2622 4324 πέμψει
2653 4256 2685 4307 ὀ
2713 4250 2915 4319 Πατήρ
2943 4269 3062 4320 μου
3091 4251 3161 4303 ἐν
3194 4249 3273 4315 τῷ
3309 4248 3557 4319 ὀνόματί
3580 4266 3729 4319 μου,

2141 4346 2371 4413 ἐκεῖνος
2401 4345 2558 4415 ὑμᾶς
2582 4343 2809 4410 διδάξει
2839 4342 3036 4397 πάντα
3063 4340 3164 4395 καὶ
3218 4341 3577 4410 ὑπομνήσει·
3632 4341 3728 4393 καὶ

2142 4433 2316 4503 αὖθις·
2353 4439 2476 4491 Ἔτι
2510 4437 2713 4491 πολλὰ
2740 4434 2858 4505 ἔχω
2909 4433 3111 4502 λέγειν
3142 4432 3304 4502 ὑμῖν,
3349 4430 3487 4485 ἀλλ’
3516 4434 3588 4485 οὐ
3625 4429 3728 4484 δύο

460 4556 586 4612 tem,
617 4545 742 4614 quia
773 4542 837 4596 de
876 4558 989 4596 meo
1038 4541 1280 4610 accipiet,
1326 4546 1377 4593 et
1434 4537 1773 4592 annuntiabit
1806 4540 1948 4594 vobis
1966 4541 2035 4594 ³⁹.

2145 4536 2330 4588 νασθε
2355 4529 2684 4597 βαστάζειν
2721 4529 2875 4598 ἄρτι.
2913 4528 3090 4580 Ὅταν
3116 4524 3185 4577 δὲ
3221 4524 3369 4592 ἔλθῃ
3399 4522 3630 4588 ἐκεῖνος
3658 4521 3727 4576 τὸ

462 4637 675 4704 Quibus
705 4634 949 4695 declarat
981 4632 1191 4702 majora
1226 4632 1317 4685 illa
1353 4647 1452 4686 sua
1485 4647 1628 4695 esse,
1666 4644 1831 4700 quam
1865 4638 1927 4684 ut
1969 4630 2037 4687 ab

460 4726 726 4798 apostolis
771 4730 1133 4794 caperentur:
1172 4720 1292 4775 Non
1325 4720 1472 4795 enim
1514 4721 1780 4791 potestis,
1820 4720 2033 4790 inquit,

457 4828 679 4892 portare
713 4839 726 4874 :
759 4818 855 4874 sed
908 4818 1174 4890 Spiritum
1233 4817 1484 4873 veritatis
1530 4832 1599 4872 ex
1653 4831 1714 4872 se
1747 4815 1934 4869 datum
1982 4822 2037 4870 ct

459 4910 725 4981 apostolis
772 4909 843 4963 ab
879 4924 939 4963 se
979 4908 1232 4971 missum,
1280 4906 1740 4961 annuntiaturum
1781 4905 1860 4958 ait
1898 4904 2037 4975 ipsis

456 5018 678 5058 omnem
702 5002 1010 5056 veritatem.
1051 4998 1209 5065 Quod
1247 4998 1295 5053 si
1342 4999 1461 5053 haec
1502 4998 1585 5054 sic
1621 4997 2031 5070 intelligantur,

454 5095 579 5167 jure
610 5092 805 5155 David,
846 5101 1137 5162 postquam
1162 5090 1273 5144 Deo
1318 5089 1375 5143 in
1425 5090 1512 5145 sui
1556 5089 1820 5144 auxilium
1863 5089 2036 5143 misso

457 5186 696 5249 dixerat,
730 5183 990 5237 Exaltare
1028 5197 1183 5250 super
1209 5181 1396 5245 caelos,
1430 5180 1594 5244 Deus,
1626 5188 1678 5234 et
1715 5195 1872 5249 super
1922 5196 2036 5233 om-

455 5295 576 5333 nem
628 5289 825 5332 terram
853 5277 1027 5348 gloria
1072 5285 1199 5339 tua;
1231 5280 1388 5344 rogat
1437 5273 1635 5329 exinde
1674 5272 1925 5327 eumdem
1973 5279 2035 5325 ut

455 5370 564 5426 sibi
597 5372 779 5425 mittat
797 5369 1060 5440 Spiritum
1089 5367 1458 5429 Paracletum,
1494 5364 1910 5435 propheticum;
1936 5378 2034 5433 pa-

458 5473 638 5520 ratum
672 5478 795 5519 sese
820 5462 1009 5518 dicens
1038 5459 1105 5515 ad
1127 5457 1509 5530 excipiendum
1534 5472 1657 5512 eum
1690 5473 1705 5511 :
1740 5461 2030 5526 purgatum

458 5557 670 5618 scilicet
688 5570 812 5611 esse
845 5553 1109 5623 templum
1133 5552 1189 5607 in
1216 5567 1276 5606 se
1310 5550 1574 5620 positum,
1602 5554 1658 5602 et
1694 5547 1891 5601 animae
1918 5562 2032 5612 sua:

454 5644 900 5715 receptaculum;
930 5641 1192 5697 nimirum
1226 5625 1404 5710 ipsam
1434 5643 1693 5701 mentem,
1730 5651 1894 5706 quam
1922 5641 2030 5689 tro-

2143 4627 2389 4695 Πνεῦμα
2412 4622 2522 4693 τῆς
2552 4622 2859 4692 ἀληθείας,
2889 4618 3237 4690 διηγήσεται
3264 4616 3408 4687 ὑμῖν
3430 4615 3545 4684 τὴν
3577 4615 3726 4685 ἀλή-

2145 4722 2331 4783 θειαν,
2367 4716 2457 4770 ὅτι
2502 4717 2571 4770 ἐκ
2616 4715 2724 4769 τοῦ
2774 4712 2922 4782 ἐμοῦ
2986 4710 3193 4779 λήψει,
3250 4708 3349 4772 καὶ
3409 4708 3731 4777 ἀναγγελεῖ

2142 4811 2304 4880 ὑμῖν.
2338 4812 2416 4863 Δι’
2453 4803 2528 4863 ὧν
2560 4807 2858 4881 παρίστησι
2912 4804 3130 4876 μείζονα
3177 4802 3273 4872 μὲν
3297 4796 3436 4853 εἶναι
3493 4798 3560 4852 τὰ
3594 4801 3725 4869 παρ’

2142 4903 2305 4957 αὐτοῦ
2353 4901 2449 4956 καὶ
2485 4901 2559 4973 μὴ
2623 4899 2945 4971 χωρούμενα
2972 4896 3077 4949 ὑπὸ
3119 4893 3226 4947 τῶν
3282 4891 3611 4947 ἀποστόλων·
3648 4890 3722 4945 Οὐ

2142 4996 2251 5068 γὰρ
2299 4996 2549 5059 δύνασθε,
2603 4995 2757 5066 φησί,
2822 4990 3129 5062 βαστάζειψ
3178 4986 3239 5039 τὸ
3268 4985 3324 5037 δὲ
3354 4983 3584 5054 Πνεῦμα
3621 4982 3723 5052 τῆς

2141 5086 2399 5159 ἀληθείας
2422 5087 2482 5139 τδ
2505 5085 2565 5151 ἐξ
2591 5085 2752 5139 αὐτοῦ
2797 5082 3198 5156 χορηγούμενον
3236 5079 3332 5132 καὶ
3354 5080 3464 5141 τοῖς
3496 5076 3725 5130 ἀποστόι

2140 5176 2252 5241 λοις
2275 5180 2365 5231 ὑπ’
2381 5177 2544 5231 αὐτοῦ
2571 5176 2920 5247 πεμπόμενον
2952 5169 3308 5239 ἁναγγέλλειν
3336 5168 3520 5231 αὐτοῖς
3543 5168 3723 5221 πᾶσαν

2140 5263 2237 5335 τὴν
2266 5264 2538 5334 ἀλήθειαν.
2574 5265 2637 5317 Εἰ
2661 5263 2724 5335 δὴ
2753 5258 2845 5316 οὗν
2873 5261 3045 5315 ταῦτα
3076 5257 3339 5329 νενόηται,
3382 5256 3608 5319 εἰκότως
3630 5258 3723 5310 καὶ

2139 5356 2169 5406 ὁ
2194 5353 2355 5409 Δαυῖδ
2378 5355 2455 5427 τῷ
2487 5353 2878 5424 ἀπεσταλμένῳ
2910 5350 3029 5421 Θεῷ
3052 5352 3129 5413 εἰς
3147 5349 3245 5418 τὴν
3271 5344 3435 5400 αὑτοῦ
3472 5344 3722 5417 βοήθειαν

2140 5452 2448 5523 προφήσας,
2487 5448 2781 5517 ’Υψώθητι
2820 5444 2919 5499 ἐπὶ
2972 5442 3116 5509 τοὺς
3144 5436 3460 5507 οὐρανοὺς,
3487 5440 3523 5490 ό
3555 5436 3721 5501 Θεὸς,

2139 5541 2237 5595 καὶ
2297 5541 2397 5594 ἐπὶ
2449 5537 2656 5595 πᾶσαν
2710 5537 2824 5606 τὴν
2857 5534 2974 5606 γῆν
3010 5535 3048 5601 ἡ
3109 5530 3259 5594 δόξα
3313 5543 3452 5591 σου,
3491 5525 3723 5580 ἱκετεύει

2140 5633 2265 5704 ἑξῆς
2296 5633 2389 5686 τὸν
2445 5632 2607 5687 αὐτὸν
2659 5629 3012 5702 καταπέμψαι
3063 5624 3211 5696 αὐτῷ
3262 5623 3322 5678 τὸ
3372 5618 3599 5691 Πνεῦμα
3632 5618 3723 5671 τὸν

558 5797 778 5861 ’ναιοιιιι
815 5780 928 5865 xiv,
964 5797 1151 5853 lii-l7.
1231 5795 1274 5828 ³⁸
1314 5773 1677 5861 ibid:25,26.
1756 5789 1978 5846 "Joau.
2020 5804 2130 5855 xw,
2159 5787 2243 5853 l2,
2272 5787 2355 5843 15.
