4138 6386
393 353 500 408 515

1531 347 2038 405 COMMENTARIA
2077 349 2143 404 IN
2184 349 2525 407 PSALMOS.

3567 361 3674 416 5H

399 466 772 540 ιῖαράκλητον,
820 466 880 519 τὸ
934 465 1291 537 προφητικὸν,
1339 467 1554 537 ἕτοιμον
1607 463 1744 520 εἶναι
1795 468 1976 520 ἑαυτὸκ

2093 469 2214 536 pice
2252 483 2348 522 cor
2375 468 2663 540 Scriptura
2695 471 2834 528 solet
2857 473 3132 542 appellare
3161 491 3174 528 :
3205 473 3349 544 quod
3379 475 3468 534 his
3500 480 3675 548 signi-

395 559 618 629 .pdtoxwv
651 559 731 620 είς
758 555 1022 628 ὑποδοχὴν
1043 554 1229 609 αὑτοῦ·
1269 556 1607 628 κεκαθάρθαι
1637 557 1744 630 γὰρ
1769 557 1862 610 τὸν
1921 557 1980 611 ἐν

393 649 538 721 αὐτῷ
562 649 688 703 ναὸν
718 651 812 703 καὶ
863 649 923 702 τὸ
955 650 1160 720 δοχείον
1209 649 1308 719 τῆς
1350 650 1516 702 αὑτοῦ
1548 649 1746 720 ψυχῆς
1777 649 1978 722 δηλαδὴ

377 745 485 816 ’τὴν
513 743 682 815 αὐτὴν
707 742 966 807 διάνοιαν,
996 745 1062 814 ἣν
1083 741 1357 814 τροπικῶς
1385 741 1611 815 καρδίαν
1653 740 1840 795 εἴωθεν
1866 742 1982 796 ὀνο-

271 873 278 887 ,
374 833 584 907 ,μάζειν
639 837 667 888 ὁ
729 833 904 904 λόγος·
949 834 977 887 ὃ
1024 835 1088 905 δὴ
1142 833 1438 906 παρίστησι
1488 834 1682 902 λέγων’
1741 833 1978 902 Ἑτοίμη

387 932 426 999 ἡ
455 928 673 998 καρδία
715 947 858 997 μου,
896 932 928 982 ό
969 927 1134 993 Θεὸς,
1170 929 1375 998 ἑτοίμη
1403 929 1441 996 ἡ
1469 927 1684 996 καρδία
1723 945 1863 998 μου.
1911 929 1980 980 Ἠ

385 1023 488 1094 μὲν
546 1017 639 1075 οὖν
687 1022 796 1092 ἐμὴ
854 1021 1053 1092 καρδία
1111 1022 1206 1074 καὶ
1263 1021 1323 1073 τὸ
1372 1021 1710 1092 διανοητικὸν
1762 1022 1980 1091 ἕτοιμον

381 1114 666 1184 τυγχάνει,
716 1113 869 1183 φησί.
937 1113 1009 1167 Σὺ
1060 1113 1116 1166 δὲ
1161 1113 1345 1166 λοιπὸν
1391 1113 1722 1183 κατάπεμπέ
1773 1131 1866 1167 σου
1921 1113 1980 1166 τὸ

387 1205 632 1277 Πνεῦμα.
698 1205 1050 1269 Ἐπιστάντος
1094 1206 1202 1277 γάρ
1236 1206 1400 1260 αὑτοῦ
1455 1207 1548 1259 καὶ
1613 1205 1978 1276 ὲποχουμένου

385 1301 453 1370 τῇ
489 1301 595 1370 ἐμῇ
618 1300 786 1370 ψυχῇ,
823 1299 1070 1369 συνήθως
1091 1298 1312 1368 ᾄσομαι
1335 1299 1432 1352 καὶ
1460 1299 1656 1367 ψαλῶ,
1689 1300 1786 1369 τὴν
1810 1301 1980 1369 ἐμαυ-

383 1389 480 1444 τοῦ
501 1391 774 1444 διακονίαν
797 1391 892 1443 καὶ
933 1390 1233 1462 ὑπηρεσίαν
1262 1391 1514 1462 παρέχων
1541 1393 1606 1461 τῇ
1629 1389 1855 1458 δυνάμει
1884 1389 1978 1442 τοῦ

381 1479 727 1554 ⁸τιςροςρητικοῦ
755 1479 1091 1552 Πνεύματος.
1109 1481 1218 1534 Kal.
1249 1482 1401 1534 ταῦτ’
1421 1480 1610 1544 εἰπὼν,
1635 1480 1980 1552 παραχρῆμά

384 1588 446 1625 τε
510 1572 884 1636 εἰσακουσθεὶς
937 1573 1080 1626 κατὰ
1128 1573 1223 1637 τὸ,
1280 1575 1410 1626 "En
1456 1572 1798 1639 λαλοῦντός
1861 1591 1978 1628 σου

566 1665 708 1719 Ἰδοὺ
737 1664 996 1736 πάρειμι,
1024 1665 1319 1736 συνήσθετο
1364 1666 1464 1737 τῆς
1503 1665 1597 1718 τοῦ
1623 1667 1777 1734 ἁγίου
1809 1665 1980 1719 Πνεύ-

388 1771 560 1826 ματος
590 1755 912 1825 παρουσίας.
949 1751 1061 1808 Εἶθ’
1114 1753 1301 1826 ὥσπερ
1343 1755 1436 1806 ἐπὶ
1489 1753 1682 1826 θύραις
1721 1753 1976 1816 ἑστῶτος,

2087 561 2235 629 ﬁcat,
2269 561 2529 617 Paratum
2557 581 2649 618 cor
2673 581 2869 628 meum,
2890 565 3054 630 Deus,
3085 577 3337 637 paratum
3361 587 3454 624 cor
3477 587 3672 628 meum.

2087 651 2197 709 Cor
2261 656 2425 725 igitur
2469 673 2673 722 meum,
2709 673 2774 712 ac
2822 659 2908 712 vis
2959 660 3298 731 intelligendi
3336 673 3526 732 parata
3567 675 3672 722 est.

2087 747 2170 800 Tu
2209 765 2342 803 vero
2395 749 2615 804 tandem
2664 752 2854 806 emitte
2891 749 3158 820 Spiritum
3215 761 3394 810 tuum.
3440 754 3672 813 Astante

2087 841 2291 911 quippe
2324 842 2437 908 illo,
2457 851 2512 896 et
2541 842 2740 898 animae
2769 860 2904 900 meae
2935 847 3229 908 insidente,
3269 863 3369 916 pro
3404 858 3674 903 consueto

2087 951 2240 990 more
2262 937 2486 990 cantabo
2519 947 2568 991 et
2609 939 2874 1007 psalmum
2904 941 3104 1004 dicam,
3128 957 3397 1010 opemque
3421 949 3676 996 meamet

2086 1028 2456 1083 ministerium
2511 1030 2704 1084 virtuti
2757 1033 3064 1102 prophetici
3103 1033 3332 1103 spiritus
3379 1035 3672 1102 praestabo.

2088 1120 2514 1192 Hisque-dictis,
2559 1127 2744 1178 statim
2795 1125 3110 1190 exauditus,
3163 1127 3466 1180 secundum
3513 1127 3703 1192 illud,.

2086 1214 2272 1268 Adhuc
2309 1225 2358 1269 te
2398 1215 2661 1286 loquente,
2686 1216 2908 1270 dicam:
2941 1217 3077 1272 Ecce
3117 1216 3390 1279 adsum“,
3431 1215 3674 1287 Spiritus

2088 1307 2264 1360 sancti
2295 1309 2644 1375 praesentiam
2680 1305 3096 1363 animadvertit:
3121 1307 3328 1362 Deinde
3359 1311 3515 1378 quasi
3553 1310 3674 1378 ipso

2088 1400 2140 1452 in
2167 1400 2356 1467 januis
2389 1409 2594 1462 stante,
2628 1401 2970 1454 convertitur
3005 1399 3302 1468 Propheta.
3333 1417 3565 1468 seseque
3599 1401 3672 1456 ad

2087 1492 2458 1546 n‘iinisterium
2493 1492 2792 1562 prOphetim
2822 1493 3026 1546 excitat
3060 1511 3070 1544 :
3109 1507 3282 1561 quare
3331 1492 3616 1560 subiungit
3651 1511 3668 1546 :

2087 1579 2350 1652 Exsurge,
2397 1583 2570 1652 gloria
2616 1599 2752 1638 mea.
2791 1581 2976 1636 Gloria
3027 1598 3144 1636 mea
3192 1592 3276 1636 est
3319 1583 3671 1653 prophetare.

2085 1674 2250 1728 Addit
2285 1684 2494 1744 postea,
2530 1675 2793 1744 Exsurge,
2826 1676 3136 1744 psalterium
3169 1688 3217 1730 et
3243 1677 3452 1730 cithara
3473 1695 3491 1730 :
3519 1677 3672 1746 psal-

2085 1767 2228 1820 terio
2293 1768 2557 1830 animam,
2603 1768 2814 1821 cithara
2871 1782 3073 1836 corpus
3130 1768 3523 1832 subindicans;
3555 1769 3721 1822 sive.

383 1849 776 1920 ἐπιστρέφεται
809 1851 836 1901 ὁ
867 1849 1183 1920 Προφήτης,
1202 1848 1294 1899 καὶ
1313 1845 1566 1918 διεγείρει
1595 1847 1758 1910 αὐτὸς
1785 1847 1976 1900 ἑαυτὸν

2087 1858 2203 1912 haec
2237 1859 2352 1927 ipsa
2377 1859 2539 1912 solita
2566 1859 2933 1912 instrumenta
2972 1835 3227 1914 inanibus
3273 1862 3565 1930 arripiens,
3600 1860 3670 1916 ad

383 1939 482 1993 ἐπὶ
530 1939 628 2012 τὴν
684 1940 960 1993 διακονίαν
1004 1941 1103 2010 τῆς
1159 1938 1517 2011 προφητείας·
1567 1939 1646 1992 διὸ
1703 1939 1977 2010 ἐπιφέρει·

399 2031 791 2101 Ἕξεγέρϐητι,
826 2031 1042 2108 ’ἠδόξει
1055 2048 1194 2100 μου.
1229 2031 1365 2095 Δόξα
1399 2047 1497 2102 μου
1529 2030 1643 2084 ἐστὶ
1677 2030 1737 2083 τὸ
1767 2047 1982 2101 προφη-

379 2125 587 2178 τεύειν.
620 2119 732 2178 Εἶτ’
759 2124 1022 2192 ἐπιλέγει⁵
1064 2123 1454 2194 Ἐξεγέρθητι,
1500 2123 1841 2192 ψαλτήριον
1880 2123 1980 2176 καὶ

385 2217 616 2286 κιθάρα
657 2220 756 2290 τὴν
790 2219 888 2288 μὲν
918 2216 1096 2288 ψυχὴν
1130 2217 1219 2270 διὰ
1269 2215 1364 2270 τοῦ
1418 2215 1742 2288 ψαλτηρίου,
1773 2215 1871 2287 τὴν
1923 2216 1981 2269 δὲ

381 2311 619 2383 κιθάραν
646 2311 760 2366 διά”
788 2310 882 2364 τοῦ
916 2310 1168 2380 σώματος
1219 2309 1608 2380 αἰνιττόμενος·
1647 2308 1680 2380 ἢ
1711 2309 1804 2361 καὶ
1843 2306 1983 2360 αὐτὰ

383 2405 454 2458 τὰ
489 2403 694 2475 συνήθη
721 2403 926 2476 ὄργανα
957 2405 1076 2466 ταῖς
1105 2402 1295 2474 χερσὶν
1327 2400 1748 2473 ἀναλαμϐάνων,
1779 2401 1872 2453 ἐπὶ
1903 2398 1982 2471 τῷ

381 2494 827 2567 ἀνακρούσασθαι
847 2493 916 2547 τὰ
941 2494 1045 2548 ὑπὸ
1073 2493 1168 2547 τοῦ
1197 2493 1514 2564 Πνεύματος
1546 2492 1977 2564 ὑποϐαλλόμενα.

385 2587 732 2652 Καὶτούτοις
765 2585 1090 2660 προστίθησι
1112 2586 1306 2655 λέγων·
1353 2585 1846 2656 Ἐξεγερθήσομαι
1886 2569 1982 2654 5p-

385 2686 550 2750 θρου.
584 2683 744 2754 "Ap-ct
775 2681 886 2752 γὰρ
937 2680 1228 2750 φωτισθεὶς
1257 2680 1345 2734 διὰ
1387 2680 1488 2751 τῆς
1514 2679 1611 2732 τοῦ
1660 2677 1980 2748 Πνεύματος

385 2774 714 2844 παρουσίας,
769 2776 827 2827 ὲν
873 2773 1055 2844 ἡμέρᾳ.
1110 2791 1170 2826 τε
1224 2773 1370 2826 θείου
1426 2772 1602 2843 φωτὸς
1664 2772 1977 2842 γενόμενος,

383 2865 602 2936 ἕτοιμός
630 2868 747 2937 εἰμι
771 2865 1156 2938 προφητεύειν.
1191 2867 1302 2918 Καὶ
1325 2864 1478 2918 ταῦτ’
1503 2863 1697 2930 εἰπὼν,
1723 2862 1980 2934 ἀνατίθη-

388 2977 473 3013 σιν
499 2960 616 3012 ὅλον
647 2959 839 3012 ἑαυτὸν
871 2959 950 3030 τῷ
994 2959 1292 3030 Πνεύματι’
1339 2958 1401 3011 τὸ
1431 2957 1487 3010 δὲ
1525 2958 1602 3022 ὡς
1656 2957 1721 3010 δι’
1744 2957 1977 3029 ὀργάνου

383 3052 476 3104 διὰ
507 3052 598 3106 τοῦ
629 3054 912 3124 προφήτου
963 3051 1184 3120 ἀγαθῶν
1236 3050 1591 3119 ἀπαγγέλλει,
1647 3047 1752 3102 ἀνά
1812 3049 1978 3102 πᾶσιν

386 3144 798 3212 εὐαγγελίζεται
839 3146 952 3206 τοῖς
1007 3143 1186 3198 ἔθνεσι
1223 3143 1454 3212 φάσκονο
1500 3138 1978 3209 Ἐξομολογήσο-

379 3239 492 3307 μαι
515 3253 616 3291 σοι
651 3238 723 3291 ἐν
763 3237 956 3304 λαοῖς,
1011 3238 1208 3304 Κύριε,
1253 3235 1432 3304 ψαλῶ
1485 3251 1584 3288 σοι
1611 3234 1680 3286 ἐν
1709 3232 1972 3288 ἔθνεσιν.

400 3328 620 3401 Ἐπειδὴ
646 3327 755 3398 γὰρ
793 3327 887 3380 ἐπὶ
947 3326 1039 3380 τοῦ
1100 3325 1369 3400 παρόντος
1409 3325 1471 3378 τὸ
1530 3324 1796 3377 Ἰουδαίων
1826 3323 1977 3387 ἔθνος

386 3423 480 3475 καὶ
517 3423 544 3474 ὁ
575 3420 780 3474 τούτων
833 3421 960 3483 λαὸς
981 3419 1108 3482 τοὺς
1134 3420 1260 3482 σοὺς
1285 3417 1498 3470 ἐλαύνει
1534 3417 1840 3488 προφήτας,
1902 3415 1978 3480 ὡς

389 3513 618 3584 μηδενὸς
643 3513 811 3565 τόπου
863 3513 1212 3583 παραχωρεῖν
1259 3511 1459 3574 αὐτοῖς·
1493 3509 1644 3562 ἔσται
1689 3509 1745 3562 δὲ
1787 3508 1979 3580 καιρὸς

387 3604 510 3660 καθ’
539 3605 598 3658 ὂν
629 3607 808 3660 πάντα
837 3605 905 3657 τὰ
932 3605 1024 3656 ἐπὶ
1059 3606 1162 3674 γῆς
1194 3603 1321 3674 ἔθνη
1349 3603 1442 3656 καὶ
1476 3602 1678 3664 πάντες
1703 3603 1750 3653 οἱ
1795 3603 1852 3655 ἐν
1884 3602 1979 3654 ἀν-

387 3696 628 3768 θρώποις
657 3697 776 3750 λαοὶ
808 3695 902 3749 τοῦ
941 3694 1034 3748 σοῦ
1081 3695 1232 3748 ὲλέου
1291 3694 1628 3766 μεθέξουσιν,
1665 3693 1740 3756 ὡς
1767 3693 1867 3764 ἐμὲ
1916 3692 1978 3746 τὸ

386 3789 726 3862 προφητικὸν
753 3787 978 3859 Πνεῦμα
1004 3787 1214 3850 πάντας
1235 3786 1445 3858 ἀθρόως
1485 3785 1647 3850 λαοὺς
1690 3784 1976 3856 πληρῶσαι

385 3881 566 3954 καιρῷ
595 3882 674 3954 τῷ
727 3881 1123 3952 θεσπιζομένῳ,
1184 3881 1476 3951 γενόμενον
1527 3883 1585 3934 ὲν
1641 3881 1846 3944 αὐτοῖς,
1883 3879 1976 3932 καὶ

387 3973 890 4046 ἐξομολογήσασθαι
923 3991 1004 4026 σοι
1025 3975 1118 4026 καὶ¹
1134 3973 1548 4044 εὐχαριστῆσαι,
1591 3973 1680 4026 ὅτε
1706 3970 1976 4040 καὶψαλῶ

386 4082 494 4129 σοι,
527 4067 627 4119 οὐκ
655 4068 714 4120 ὲν
745 4064 824 4136 τῷ
863 4065 1132 4119 Ἰουδαίων
1161 4064 1296 4135 λαῷ,
1321 4063 1435 4117 ἀλλ’
1461 4065 1519 4116 ὲν
1549 4064 1683 4117 πᾶσι
1713 4065 1822 4126 τοῖς
1853 4062 1974 4116 καθ’

385 4157 514 4230 ὅλης
569 4160 666 4229 τῆς
714 4158 1038 4230 οἰκουμένης
1104 4157 1315 4212 ἔθνεσι·
1375 4155 1566 4208 τούτου
1623 4155 1783 4227 χάριν
1809 4153 1972 4224 φημί·

397 4250 942 4320 Ἐξομολογ-ήσομαί
986 4267 1084 4304 σοι
1125 4250 1194 4302 ἐν
1222 4249 1412 4315 λαοῖς,
1447 4250 1643 4317 Κύριε,
1677 4247 1854 4317 ψαλῶ
1878 4262 1978 4301 σοι

383 4345 455 4398 ἐν
483 4344 710 4400 ἔθνεσι.
747 4345 820 4398 Τὸ
847 4345 904 4398 δὲ
930 4343 1125 4396 τούτου
1149 4345 1343 4406 αἴτιον,
1376 4343 1520 4412 λέγω
1579 4342 1637 4394 δὲ
1661 4343 1721 4394 τὸ
1757 4343 1814 4394 ἐν
1839 4341 1974 4394 πᾶσι

383 4438 498 4498 τοῖς
533 4433 654 4487 καθ’
685 4433 813 4506 ὅλης
837 4433 936 4504 τῆς
961 4432 1286 4504 οἰκουμένης
1333 4433 1481 4496 λαοῖς
1527 4431 1623 4484 καὶ
1658 4431 1811 4503 παρὰ
1840 4431 1975 4483 πᾶσι

2085 1963 2148 2002 ea
2170 1949 2438 2018 pulsanda
2473 1965 2594 2020 qua:
2631 1949 2868 2018 Spiritus
2916 1952 3270 2019 suggesserit.
3315 1951 3412 2007 His
3457 1952 3666 2022 adjicit,

2085 2039 2390 2112 Exsurgam
2413 2043 2672 2098 diluculo.
2714 2042 2872 2096 Modo
2896 2043 3041 2096 enim
3095 2041 3333 2112 Spiritus
3377 2047 3670 2114 praesentia

2083 2131 2448 2195 illuminat’us,
2477 2140 2532 2186 et
2561 2133 2615 2186 in
2641 2131 2730 2186 die
2773 2131 2974 2186 divinae
2997 2132 3138 2185 lucis
3169 2133 3406 2200 positus,
3441 2139 3668 2201 paratus

2082 2239 2202 2278 sum
2236 2225 2302 2278 ad
2361 2225 2824 2296 prephetandum.
2861 2223 3068 2292 Hisque
3096 2223 3281 2290 dictis,
3339 2239 3462 2278 sese
3489 2231 3668 2278 totum

2083 2311 2312 2382 Spiritui
2340 2315 2544 2368 addicit
2584 2333 2598 2368 :
2638 2315 2728 2368 ille
2759 2330 2888 2369 vero
2916 2329 3011 2383 per
3055 2312 3384 2382 Prophetam
3431 2329 3531 2367 ceu
3571 2329 3670 2384 per

2079 2405 2536 2469 instrumentum,
2575 2406 2718 2460 bona
2747 2407 3058 2466 annuntiat,
3090 2405 3460 2474 omnibusque
3495 2405 3672 2474 genti-

2037 2551 2050 2562 ,
2081 2498 2186 2552 bus
2217 2499 2558 2568 evangelizat
2593 2497 2784 2552 dicens
2820 2517 2832 2551 :
2866 2483 3169 2566 Conﬁtebor
3207 2496 3304 2549 tibi
3343 2497 3400 2550 in
3432 2497 3666 2566 populis,

2079 2587 2324 2650 Domine,
2356 2589 2588 2657 psallam
2614 2587 2708 2641 tibi
2737 2589 2791 2641 in
2817 2587 3080 2657 gentibus.
3112 2586 3252 2651 Quia
3281 2586 3426 2640 enim
3454 2588 3508 2640 in
3529 2603 3670 2656 pra:-

2081 2681 2224 2736 senti
2256 2679 2484 2734 Judaica
2515 2695 2651 2752 gens
2681 2689 2734 2734 et
2755 2679 2992 2750 populus
3021 2678 3318 2748 prophetas
3345 2679 3665 2748 pellittuos,

2080 2780 2142 2826 ut
2206 2772 2392 2827 nullus
2445 2773 2513 2826 iis
2561 2773 2715 2828 locus
2761 2771 2994 2842 perfugii
3047 2772 3668 2841 relinquatur;eritque

2081 2873 2294 2934 tempus
2325 2879 2435 2935 quo
2466 2881 2659 2920 omnes
2691 2866 3140 2921 universmterrze
3168 2873 3360 2936 gentes
3387 2873 3441 2919 et
3473 2881 3667 2922 omnes

2079 2958 2137 3012 in
2185 2959 2500 3014 hominibus
2531 2959 2741 3028 populi,
2772 2959 3166 3014 misericordiae
3212 2966 3319 3013 tuae
3368 2959 3668 3028 participes

2077 3057 2263 3114 erunt,
2299 3052 2374 3105 ita
2408 3060 2466 3104 ut
2495 3066 2596 3122 ego
2625 3051 2980 3122 propheticus
3028 3051 3258 3120 spiritus
3303 3057 3668 3120 praenuntiata

2082 3148 2327 3214 tempore
2352 3159 2544 3199 omnes
2579 3159 2686 3196 una
2711 3144 2944 3213 pepulos
2977 3143 3167 3200 adiens
3201 3144 3464 3212 repleam,
3493 3143 3668 3198 conli-

2081 3243 2310 3305 tearque
2339 3250 2404 3292 ac
2439 3236 2645 3306 gratias
2676 3251 2833 3305 agam
2867 3235 2989 3300 tibi,
3022 3236 3244 3305 quando
3279 3235 3507 3305 psallam
3543 3233 3665 3299 tibi,

2079 3342 2192 3380 non
2215 3328 2269 3381 in
2295 3328 2496 3397 populo
2519 3326 2774 3394 Judaico,
2815 3327 2910 3381 sed
2939 3328 2994 3382 in
3025 3327 3282 3382 omnibus
3313 3343 3409 3398 per
3441 3327 3667 3382 univer-

2080 3436 2202 3476 sum
2242 3421 2432 3474 orbem
2477 3420 2768 3490 gentibus;
2797 3419 2920 3474 ideo
2944 3419 3091 3484 dico,
3142 3420 3446 3489 Conﬁtebor
3472 3420 3567 3474 tibi
3609 3421 3666 3475 in

2079 3513 2311 3583 populis,
2343 3512 2588 3577 Domine,
2618 3511 2850 3580 psallam
2878 3511 2973 3565 tibi
3007 3513 3060 3566 in
3094 3512 3356 3582 gentibus.
3380 3512 3666 3583 l-lujusque

2079 3607 2159 3662 rei
2195 3621 2423 3660 causam
2457 3620 2580 3660 esse
2611 3606 2757 3669 dico,
2794 3603 2938 3674 quod
2995 3605 3050 3658 in
3084 3605 3339 3660 omnibus
3363 3621 3459 3674 per
3477 3605 3666 3658 orbem

2077 3697 2299 3767 populis
2330 3704 2385 3750 et
2421 3694 2564 3766 apud
2601 3710 2794 3750 omnes
2823 3703 3018 3764 gentes
3053 3695 3410 3766 propheticus
3434 3695 3664 3766 spiritus

2078 3797 2350 3845 versetur.
2385 3787 2746 3858 Propheticos
2791 3795 2976 3842 autem
3011 3789 3142 3842 olim
3174 3789 3419 3858 prolatos
3449 3793 3662 3843 sermo-

2077 3899 2178 3939 nes
2225 3897 2392 3952 opere
2443 3881 2799 3951 complendos
2828 3896 2950 3936 esse
2991 3889 3115 3952 post
3147 3882 3391 3936 declarat
3421 3881 3610 3937 dicens
3643 3902 3658 3938 :

2079 3977 2346 4044 Quoniam
2383 3975 2728 4044 magniﬁcam
2761 3983 2838 4028 est
2861 3991 3026 4044 usque
3051 3974 3119 4027 ad
3161 3976 3315 4029 cmlos
3357 3977 3662 4044 misericor:

2077 4069 2171 4122 dia
2200 4078 2312 4131 tua,
2337 4077 2565 4138 etusque
2588 4065 2657 4120 ad
2687 4066 2846 4122 nubes
2873 4071 3067 4122 veritas
3093 4077 3204 4120 tua.
3235 4065 3370 4121 Nam
3401 4070 3546 4139 quod
3576 4071 3664 4124 in-

2078 4159 2344 4214 credibile
2389 4159 2675 4224 videatur,
2721 4160 2964 4216 coelestia
3015 4160 3396 4216 misericordia
3437 4161 3662 4232 dignata

2079 4249 2251 4306 fuisse
2275 4249 2423 4316 dixi;
2451 4256 2694 4314 terrena,
2722 4251 2971 4306 veritate.
3008 4250 3120 4306 Etsi
3152 4253 3298 4306 enim
3336 4268 3400 4308 ea
3431 4269 3662 4324 praeser-

2079 4345 2200 4410 tim,
2239 4359 2361 4414 quae
2395 4343 2452 4398 in
2483 4344 2625 4398 cmlo
2648 4351 2799 4408 sunt,
2836 4351 3068 4416 purgata
3095 4343 3410 4411 videantur,
3448 4347 3662 4416 omnia-

2079 4454 2186 4508 que
2212 4437 2473 4507 perfecta,
2501 4445 2556 4492 et
2581 4435 2648 4490 ad
2687 4437 2910 4490 virtutis
2930 4453 3204 4491 summum
3225 4453 3552 4509 progressa;
3586 4449 3663 4492 at-

384 4531 500 4592 τοῖς
521 4527 726 4581 ἔθνεσιν
761 4525 1212 4594 ἐμπολιτεύεσθαι
1242 4525 1302 4578 τὸ
1339 4525 1676 4597 προφητικὸν
1734 4521 1966 4594 πνεῦμα.

2082 4537 2262 4582 tamen
2293 4529 2412 4596 ipsa
2447 4543 2544 4598 per
2575 4527 3012 4583 misericordiam
3043 4535 3192 4581 tuam
3228 4529 3324 4582 tali
3370 4533 3426 4594 in
3466 4528 3660 4582 condi-

385 4621 498 4672 Καὶ
524 4620 650 4682 τοὺς
693 4619 861 4672 πάλαι
903 4617 1355 4688 ἀναφωνηθέντας
1383 4617 1756 4688 προφητικοὺς
1781 4615 1973 4683 λόγους

385 4712 466 4774 εἰς
487 4709 624 4782 ἔργα
653 4711 922 4781 χωρήσειν
952 4709 1079 4774 ἑξῆς
1117 4707 1372 4777 διασαφεῖ
1417 4708 1648 4776 φάσκον*
1683 4707 1814 4758 ’Ότι
1842 4705 1974 4774 ἐμε-

381 4805 655 4873 ταλύνθη
708 4803 818 4868 ἕως
865 4799 983 4854 τῶν
1019 4801 1293 4871 οὐρανῶν·
1345 4799 1412 4852 τὸ
1471 4799 1645 4866 ἔλεός
1692 4815 1828 4862 σου,
1873 4797 1972 4852 καὶ

382 4895 498 4962 ἕως
533 4893 652 4949 τῶν
677 4893 952 4964 νεφελῶν
983 4896 1023 4964 ἡ
1069 4891 1318 4960 ἀλήθειὰ
1357 4908 1496 4948 σου.
1549 4891 1622 4944 Τὸ
1659 4889 1766 4963 γὰρ
1793 4889 1974 4962 παρά-

380 4987 535 5054 δοξον
601 4987 746 5040 τοῦτ’
792 4983 879 5058 ἦν,
924 4987 1008 5040 ὅτι
1063 4986 1132 5040 τὰ
1185 4985 1283 5056 μὲν
1313 4985 1540 5056 οὐράνια
1593 4983 1777 5046 ἐλέους
1828 4983 1972 5054 φημὶ

384 5081 688 5150 ἀξιοῦσθαι,
713 5081 782 5135 τὰ
813 5081 868 5134 δὲ
889 5081 1106 5149 ἐπίγεια
1154 5081 1254 5151 τῆς
1287 5077 1565 5150 ἀληθείας.
1601 5079 1666 5130 Εἰ
1708 5077 1816 5148 γὰρ
1875 5076 1971 5129 καὶ⁸

382 5175 454 5228 τὰ
496 5175 729 5246 μάλιστα
795 5175 942 5228 δοκεῖ
1015 5174 1083 5228 τὰ
1151 5175 1208 5228 ἐν
1267 5174 1516 5244 οὐρανοῖς
1581 5169 1970 5241 κεκαθαρμένα

381 5267 692 5338 τυγχάνειν,
745 5267 842 5320 καὶ
879 5265 1056 5319 πάντα
1095 5265 1278 5318 τέλεια
1313 5265 1408 5318 καὶ
1449 5265 1529 5328 εἰς
1571 5264 1739 5334 ἄκρον
1767 5261 1970 5333 ἀρετῆς

383 5359 705 5429 ἐληλακότα·
742 5361 893 5430 ὅμως
916 5361 960 5413 δ’
991 5354 1083 5414 οὖν
1124 5361 1220 5414 καὶ
1247 5357 1389 5413 αὐτὰ
1422 5357 1512 5413 διὰ
1571 5358 1662 5410 τὸν
1704 5355 1794 5409 σὸν
1821 5349 1970 5408 ἔλεον

383 5451 608 5505 τοιαῦτα
643 5452 772 5505 ὅντα
826 5451 1182 5522 καθέστηκεν.
1214 5452 1288 5504 Οὐ
1338 5450 1449 5522 γὰρ
1499 5449 1558 5515 ἐξ
1608 5449 1809 5512 αὐτῶν,
1845 5447 1969 5500 οὐδὲ

381 5545 514 5616 παρ’
551 5543 759 5597 ἑαυτῶν
800 5545 900 5614 τῆς
950 5543 1208 5615 τοιαύτης
1269 5542 1485 5615 μετέχει
1539 5544 1964 5616 μακαριότητος,

385 5634 521 5692 ἀλλὰ
547 5635 700 5707 παρὰ
751 5633 848 5689 σοῦ
875 5634 971 5689 τοῦ
1025 5635 1242 5690 πάντων
1307 5634 1527 5704 ἀγαθῶν
1587 5633 1845 5710 χορηγοῦ.
1896 5635 1968 5689 Ἣ

453 5817 500 5850 ⁸⁸
538 5817 642 5874 Isa.
685 5833 848 5884 Lvul,
885 5818 938 5874 9.

2080 4621 2226 4675 tioue
2259 4621 2436 4690 posita
2478 4630 2628 4676 sunt.
2653 4619 2841 4690 Neque
2864 4621 3010 4676 enim
3043 4637 3108 4675 ex
3142 4636 3200 4676 se
3237 4628 3291 4675 et
3327 4637 3428 4676 sua
3464 4621 3514 4675 vi
3563 4621 3660 4676 tali

2079 4710 2317 4780 gaudent
2347 4711 2626 4778 felicitate,
2655 4713 2748 4766 sed
2769 4713 2867 4766 abs
2889 4719 2943 4766 te
2972 4713 3214 4764 omnium
3239 4712 3505 4764 bonorum
3527 4713 3659 4766 sub-

2077 4803 2471 4858 ministratore.
2509 4802 2636 4858 Sive
2666 4803 2772 4857 alio
2807 4804 2990 4869 modo,
3015 4803 3280 4868 Quoniam
3311 4805 3656 4873 magniﬁcam

2075 4905 2152 4950 est
2179 4911 2340 4965 usque
2372 4895 2440 4948 ad
2471 4896 2626 4950 caelos
2661 4895 3027 4950 misericordia
3058 4903 3168 4956 tua,
3196 4893 3364 4948 effusa
3395 4897 3448 4948 in
3481 4895 3659 4948 homi-

2075 5003 2174 5042 nes
2212 5002 2424 5041 omnes.
2463 4985 2636 5052 Quam
2662 4987 2790 5039 item
2823 4985 3076 5055 superius
3111 4985 3335 5040 missam
3362 5001 3484 5040 esse
3510 4987 3660 5042 dice-

2075 5079 2237 5134 batur
2271 5079 2357 5134 his
2385 5079 2588 5142 verbis,
2619 5076 2768 5130 Misit
2797 5077 2938 5131 Deus
2973 5077 3398 5132 misericordiam
3429 5095 3579 5132 suam
3605 5091 3656 5134 et

2074 5171 2346 5224 ceritatem
2382 5185 2554 5222 suam.
2588 5167 2764 5222 Tanta
2791 5169 2938 5222 enim
2993 5167 3050 5221 in
3087 5168 3403 5222 hominibus
3440 5169 3658 5223 miseri-

2075 5263 2262 5318 cordia
2295 5263 2388 5315 illa
2417 5263 2586 5316 missa
2624 5260 2817 5323 edidit,
2853 5267 2912 5314 ut
2944 5261 2998 5314 in
3031 5261 3289 5314 omnibus
3311 5261 3530 5330 populis
3555 5277 3656 5332 ego

2076 5353 2318 5424 Spiritus
2342 5359 2570 5406 sanctus
2601 5351 2865 5406 confitear
2899 5351 3021 5410 tibi.
3052 5359 3107 5404 et
3145 5351 3200 5403 iu
3233 5350 3490 5405 omnibus
3517 5367 3654 5422 gen—

2072 5451 2221 5504 tibus
2251 5448 2480 5519 psallam
2509 5447 2607 5501 tibi
2638 5463 2655 5499 :
2683 5445 2828 5500 unde
2853 5444 3056 5498 factum
3092 5451 3151 5498 ut
3177 5443 3525 5514 magniﬁcam
3565 5445 3656 5498 illa

2074 5541 2146 5596 sit
2181 5555 2354 5611 usque
2391 5537 2459 5593 ad
2499 5537 2705 5604 caelos;
2732 5537 2859 5606 quia
2893 5550 3066 5606 usque
3091 5534 3158 5588 ad
3186 5535 3356 5588 coelos
3385 5534 3656 5604 pertraxit

2073 5634 2324 5692 homines
2353 5635 2445 5704 qui
2471 5629 2850 5703 proﬁciebant;
2875 5629 2948 5684 ita
2969 5635 3029 5682 ut
3053 5627 3187 5701 ipsis
3211 5626 3364 5698 regni
3388 5626 3654 5682 oculorum
