4158 6376
481 406 595 465 515
1160 405 1432 464 susum
1472 403 1955 461 cmssmmsrs
1997 404 2149 461 opp.
2202 406 2386 463 mas
2426 408 2514 463 Ill.
2544 439 2615 451 —
2645 407 3059 467 exscs'ncs.
3650 376 3761 470 sis

479 527 777 600 promissio
829 526 957 582 data
1011 527 1102 583 sit.
1140 526 1248 582 Sed
1290 527 1482 590 etiam,
1521 527 1720 598 inquit,
1767 542 1942 597 usque
1996 527 2063 581 ad

2166 526 2362 593 ἄλλως,
2398 529 2528 583 Ὅτι
2592 530 2968 599 ἐμεγανίὐνθη
3026 529 3138 598 ἕως
3192 549 3311 586 των
3368 531 3643 602 οὐρανῶν
3689 533 3759 588 τὸ

478 618 654 673 nubes
686 619 890 674 veritas
921 617 1249 675 tua.'Nubes
1283 629 1484 686 autem,
1526 619 1724 675 divina:
1772 617 2063 681 Providen-

2173 619 2348 685 ἔλεός
2386 634 2524 685 σου,
2547 620 2605 674 τὸ
2633 621 2793 691 χυθὲν
2822 622 2902 685 είς
2962 622 3171 686 πάντας
3195 623 3538 697 ἀνθρώπους.
3585 625 3651 677 Ὀ
3691 624 3756 697 δὴ

473 714 564 764 tia:
581 710 846 764 voluntati
863 725 1083 781 operam
1100 711 1511 781 dantes,plnviae
1530 710 1852 766 inserviunt.
1878 708 1957 765 Eo
1979 725 2063 765 au-

2172 710 2267 762 καὶ
2291 712 2551 783 ἀνωτέρω
2573 711 2907 766 ἀπεστάλθαι
2934 712 3151 782 ἐλέγετο
3170 714 3226 767 tv
3249 713 3347 785 τῷ,
3395 714 3760 779 Ἐξαπέστει-

473 810 582 859 tem
601 811 1064 858 commonstratur
1089 803 1231 859 Deus
1255 804 1564 860 hominibus
1581 803 1888 875 providere,
1924 804 2063 875 quod

2169 804 2281 855 λεν
2306 804 2339 855 ό
2369 802 2514 868 Θεὸς
2543 801 2611 855 τὸ
2636 803 2810 869 ἕλεος
2841 801 3029 857 αὑτοῦ
3061 802 3162 857 καί
3194 802 3311 872 τὴν
3334 803 3624 869 ἀλήθειαν
3652 807 3759 858 αὑ-

476 895 839 964 dispensatio,
878 903 934 950 et
964 896 1168 951 veritas
1220 897 1576 967 inspectionis
1623 897 1743 967 ejus
1786 915 1960 970 usque
2002 901 2063 955 ad

2170 892 2299 947 τοῦ.
2332 892 2569 946 Τοιαῦτα
2600 893 2709 965 γάρ
2738 895 2796 947 ἐν
2837 892 3149 965 ἀνθρώποις
3172 893 3507 966 κατώρθωσε
3534 895 3596 949 τὸ
3625 897 3761 950 ἀπο-

477 986 704 1039 nubium
749 987 1113 1041 ministerium
1149 989 1439 1058 pertingat.
1480 989 1628 1044 Alias
1658 1006 1897 1062 quoque,
1942 1009 2068 1065 per-

481 1078 650 1133 iectas
679 1080 734 1132 in
762 1078 1097 1135 hominibus
1153 1082 1392 1144 animas,
1444 1082 1794 1152 propheticus
1830 1084 2064 1150 scilicet,

472 1186 599 1241 qua:
627 1168 720 1225 Dei
754 1170 1061 1225 doctrinam
1095 1187 1194 1227 ceu
1244 1173 1483 1243 pluviam
1524 1174 1813 1243 egentibus
1849 1178 2064 1231 anima-

479 1264 581 1318 bus
631 1264 1081 1325 subministrant,
1120 1265 1294 1320 nubes
1343 1266 1483 1320 solet
1544 1266 1833 1337 Scriptura
1874 1270 2063 1340 appel-

477 1357 613 1410 lare.
683 1356 819 1409 Cum
872 1371 1001 1426 ergo
1045 1355 1215 1410 Isaias
1275 1357 1537 1426 propheta
1607 1360 1921 1414 vastitatem
1965 1360 2064 1416 Ju-

472 1445 638 1501 daico
684 1448 885 1517 populo
920 1447 1256 1508 minabatur,
1292 1446 1459 1501 Deum
1513 1448 1587 1502 ita
1632 1449 1944 1519 loquentem
1978 1453 2064 1505 in-

478 1540 668 1593 duxit.
710 1538 993 1592 Destruam
1020 1556 1191 1609 sepem
1218 1540 1354 1609 ejus,
1389 1552 1438 1595 et
1468 1543 1568 1595 erit
1591 1544 1646 1595 in
1680 1541 2060 1611 direptionem;

474 1640 528 1683 et
557 1631 830 1683 destruant
868 1647 1079 1683 murum
1111 1630 1248 1699 ejus,
1276 1639 1327 1684 et
1357 1633 1456 1684 erit
1490 1633 1544 1685 in
1583 1634 2056 1689 conculcationem.

478 1718 548 1772 Et
578 1721 848 1774 dimittam
872 1722 1076 1774 vineam
1113 1738 1305 1785 meam,
1342 1731 1391 1776 et
1426 1740 1529 1776 non
1566 1724 1862 1792 putabitur,
1897 1743 2061 1796 neque

478 1813 744 1881 fodietur:
777 1821 827 1867 et
874 1812 1119 1867 ascendet
1164 1814 1218 1866 in
1253 1815 1369 1881 ipsa
1408 1816 1563 1884 quasi
1608 1816 1835 1881 inculta,
1879 1819 2055 1887 spina.

2171 983 2361 1038 σταλὲν
2382 984 2549 1050 ἕλεος,
2577 985 2653 1050 ὡς
2680 987 2737 1040 tv
2795 988 2928 1040 πᾶσι
2960 989 3075 1050 τοῖς
3122 986 3270 1051 λαοῖς
3321 986 3421 1058 ἐμὲ
3452 987 3513 1041 τὸ
3538 987 3762 1059 Πνεῦμα

2167 1076 2228 1131 τὸ
2268 1077 2423 1147 ἅγιον
2445 1075 2943 1150 ἐξομολογήσασθαι
2966 1095 3068 1145 σοι,
3083 1080 3178 1133 καὶ
3205 1082 3262 1133 ἐν
3286 1081 3420 1133 πᾶσι
3447 1083 3561 1143 τοῖς
3583 1064 3781 1133 ἔθνεσί

2165 1167 2335 1239 ψάλαι
2358 1184 2461 1222 σοι’
2497 1169 2619 1223 ὃθεν
2646 1170 2991 1242 ἐμεγαλύνθη
3042 1171 3147 1235 ἓως
3180 1170 3288 1224 τῶν
3335 1172 3601 1244 οὐρανῶν·
3637 1171 3760 1226 ἐπεὶ

2170 1260 2331 1333 μέχρι
2363 1261 2472 1315 τῶν
2497 1262 2743 1335 οὐρανῶν
2774 1263 2902 1327 τοὺς
2936 1266 2993 1318 ἐν
3019 1262 3326 1336 ἀνθρώποις
3378 1264 3757 1338 προκόψαντας

2165 1353 2433 1417 εἵλκυσεν,
2461 1354 2537 1418 ὠς
2562 1356 2657 1409 καὶ
2712 1355 3046 1424 ἐπαγγελίαν
3092 1357 3275 1421 αὐτοῖς
3333 1356 3577 1411 δεδόσθαι
3606 1357 3759 1429 βασι-

2164 1447 2314 1511 λείας
2352 1446 2619 1520 οὐρανῶν.
2656 1447 2820 1500 Ἀλλά
2842 1447 2937 1500 καὶ
2959 1447 3064 1512 ἕως
3099 1447 3205 1502 τῶν
3233 1448 3492 1519 νεφελῶν,
3520 1450 3705 1521 φησὶν,
3722 1451 3757 1522 ἡ

2163 1535 2393 1607 ἀλήθειά
2410 1553 2525 1591 σου.
2546 1534 2785 1604 Νεφέλαι
2801 1534 2858 1588 δέ
2876 1536 3206 1607 ὑπηρετικαὶ
3219 1535 3579 1606 τυγχάνουσιν
3596 1535 3755 1606 ὐετῷ,

2162 1627 2239 1699 τῷ
2255 1628 2352 1699 τῆς
2369 1627 2515 1691 θείας
2541 1627 2803 1697 Προνοίας
2832 1627 3133 1699 βουλήματι
3149 1612 3583 1700 διακονούμεναι.
3603 1628 3759 1683 Οῦτω
3782 1634 3787 1639 ’

2160 1720 2218 1773 δὲ
2241 1720 2572 1791 παρίστησιν
2593 1721 2621 1773 ὁ
2635 1720 2790 1788 λόγος
2819 1724 3069 1793 προνοεῖν
3091 1721 3391 1792 ἀνθρώπων
3407 1722 3495 1774 τὸν
3518 1720 3669 1787 Θεὸν,
3695 1722 3759 1777 ὲκ

2160 1808 2253 1863 τοῦ
2276 1810 2436 1883 μέχρι
2449 1809 2555 1863 τῶν
2573 1810 2809 1880 νεφελῶν
2824 1812 3156 1866 ὲκτείνεσθαι
3177 1813 3342 1866 αὐτοῦ
3358 1812 3453 1884 τὴν
3473 1813 3757 1886 διοίκησιν,

482 1904 550 1960 Et
580 1904 805 1959 nubibus
837 1904 1102 1959 mandabo
1142 1921 1205 1958 ne
1226 1906 1413 1974 pluaut
1436 1923 1591 1975 super
1620 1924 1737 1962 eam
1760 1909 1977 1964 imbrem
1992 1910 2058 1966 “.

2168 1904 2263 1957 καὶ
2288 1903 2387 1975 τὴν
2419 1903 2677 1974 ἀλήθειαν
2727 1905 2829 1974 τῆς
2881 1905 3191 1976 ἐπισκοπῆς
3247 1905 3413 1959 αὐτοῦ
3459 1905 3618 1979 μέχρι
3658 1906 3758 1978 τῆς

479 1994 665 2051 Palam
697 1997 847 2051 hisce
880 1997 1066 2051 verbis
1103 1994 1276 2051 divini
1308 1998 1591 2066 propheta}
1635 1998 1809 2054 nubes
1860 2015 2063 2054 vocan-

479 2097 613 2143 tur:
650 2089 767 2158 qui,
808 2089 1006 2158 spiritu
1040 2089 1257 2143 caelesti
1290 2088 1499 2159 repleti,
1548 2090 1837 2146 animabus
1889 2092 2066 2145 homi-

476 2197 608 2236 num
643 2182 1000 2236 rationabiles
1030 2182 1245 2250 pluvias
1291 2182 1739 2251 suppeditabant.
1790 2184 2062 2250 Quoniam

476 2274 644 2342 igitur
681 2273 885 2328 veritas
918 2272 1009 2327 Dei
1045 2281 1101 2328 et
1133 2272 1514 2328 misericordia
1565 2274 1709 2343 ejus,
1760 2274 1828 2330 de
1860 2277 2063 2346 quibus

476 2366 642 2436 paulo
675 2374 803 2419 ante
831 2364 1071 2431 dicebat,
1102 2363 1253 2419 Misit
1282 2364 1425 2419 Deus
1460 2365 1881 2419 misericordiam
1908 2384 2062 2421 suam

471 2464 527 2510 et
559 2456 831 2510 veritatem
856 2473 1034 2517 suam,
1073 2466 1122 2510 et
1147 2458 1345 2525 eripuit
1381 2459 1620 2510 animam
1654 2474 1824 2511 meam
1863 2458 1924 2512 de
1950 2450 2062 2512 ine-'-

476 2547 567 2601 dio
596 2549 897 2601 catulorum
931 2548 1164 2611 leonum,
1207 2549 1336 2603 olim
1367 2549 1588 2619 quidem
1630 2551 1870 2603 animam
1906 2549 2065 2604 Davi-

479 2636 566 2690 dis
607 2638 840 2706 eripuit,
895 2637 1254 2708 futurumque
1289 2649 1408 2694 erat
1458 2648 1515 2693 ut
1577 2647 1764 2709 postea
1816 2641 2064 2695 visitaret

477 2744 675 2784 omnes
709 2738 934 2801 gentes;
968 2731 1094 2801 jure
1128 2730 1372 2800 Spiritus
1424 2742 1654 2786 sanctus
1687 2733 1780 2801 qui
1818 2732 1932 2787 haec
1966 2748 2065 2787 an-

477 2823 720 2886 nuntiat,
780 2829 834 2876 et
879 2822 955 2877 ait
1012 2822 1130 2877 fore
1164 2831 1222 2876 ut
1259 2824 1311 2877 in
1348 2824 1566 2894 populis
1609 2824 1966 2891 conﬁteatur,
2010 2829 2067 2878 et

481 2916 679 2985 psallat
714 2914 824 2971 Deo
875 2916 931 2970 in
986 2917 1243 2971 omnibus
1290 2918 1579 2986 gentibus;
1617 2917 1785 2986 hujus
1812 2917 1894 2974 rei
1928 2932 2065 2971 cau-

473 3023 596 3062 sam
632 3009 859 3078 apponit
911 3009 1134 3064 dicens:
1185 3010 1451 3075 Quoniam
1489 3010 1837 3081 magniﬁcam
1867 3019 1943 3064 est
1973 3025 2068 3063 uso

474 3114 577 3168 que
607 3098 675 3151 ad
723 3098 878 3151 cwlos
909 3098 1279 3153 misericordia
1327 3108 1441 3164 tua,
1472 3106 1527 3155 et
1574 3109 1794 3154 canora.
1858 3099 2067 3154 Deinde

482 3190 569 3245 his
595 3206 697 3245 ceu
732 3191 973 3261 sigillum
1006 3191 1195 3260 adjicit
1224 3192 1312 3247 his
1343 3191 1567 3248 verbis:
1618 3193 1878 3247 Exaltare
1911 3206 2067 3261 super

2164 1993 2273 2047 τῶν
2306 1994 2550 2064 νεφελῶν
2581 1996 2887 2066 ὑπηρεσίας
2930 1995 3174 2066 φθάνειν.
3210 1996 3322 2049 Καὶ
3356 1995 3531 2060 άλλως
3565 1995 3622 2049 8t
3660 1995 3761 2061 τὰς

2166 2089 2223 2139 ἐν
2248 2085 2556 2159 ἀνθρώποις
2589 2086 2801 2151 τελείας
2833 2087 3030 2158 ψυχὰς,
3069 2088 3167 2150 τὰς
3199 2088 3544 2160 προφητικὰς
3571 2088 3761 2158 ὥσπερ

2165 2177 2356 2239 ὑετοὺς
2410 2176 2509 2243 τάς
2568 2179 2634 2230 ἐκ
2680 2176 2816 2230 Θεοῦ
2861 2178 3210 2243 διδασκαλίας
3257 2180 3601 2252 χορηγούσας
3640 2184 3759 2243 ταῖς

2164 2267 2370 2321 τούτων
2401 2268 2669 2339 δεομένων
2701 2269 2922 2340 ψυχαῖς,
2966 2272 3194 2339 νεφέλας
3226 2271 3417 2325 εἴωθεν
3471 2270 3759 2343 ὀνομάζειν

2163 2362 2196 2431 ἡ
2234 2360 2447 2432 Γραφή.
2475 2362 2604 2415 Ὅτε
2639 2361 2771 2430 γοῦν
2796 2362 3010 2433 ἠπείλει
3038 2363 3116 2435 τῷ
3162 2365 3432 2420 Ἰουδαίων
3461 2364 3603 2419 ἔθνει
3625 2366 3755 2437 ἐρηο

2168 2452 2296 2522 μίαν
2323 2454 2350 2506 ὁ
2386 2454 2671 2525 προφήτης
2712 2454 2963 2519 Ἡσαΐας,
2988 2455 3249 2516 τὸν,Θεὸν
3283 2455 3472 2527 εἰσῆγε
3500 2456 3756 2525 λέγοντα·

2166 2541 2409 2596 Καθελῶ
2460 2543 2567 2596 τὸν
2605 2545 2881 2615 φραγμὸν
2915 2547 3122 2609 αὐτοῦ,
3156 2546 3251 2600 καί
3284 2547 3455 2601 ἔσται
3484 2550 3570 2614 εἰς
3598 2546 3762 2616 διαρ-

2165 2636 2394 2705 παγὴν·
2435 2636 2533 2689 καί
2579 2637 2813 2691 καθελῶ
2846 2638 2955 2692 τὸν
2986 2639 3190 2709 τοῖχον
3215 2639 3422 2704 αὐτοῦ,
3458 2640 3555 2694 καί
3589 2640 3763 2694 ἔσται

2164 2729 2252 2792 εἰς
2298 2728 2717 2798 καταπάτημα.
2753 2730 2861 2783 Kal
2892 2730 3101 2798 ἀνήσω
3125 2730 3233 2785 τὸν
3259 2730 3586 2799 ἀμπελῶνα
3618 2749 3759 2801 μου,

2166 2816 2265 2870 καὶ
2298 2821 2369 2872 οὐ
2395 2817 2482 2887 μὴ
2519 2817 2738 2887 τμηθῇ,
2767 2819 2911 2873 οὐδὲ
2942 2820 3029 2889 μὴ
3060 2819 3271 2890 σκαφῇ
3290 2838 3305 2853 ο
3337 2821 3435 2875 καί
3466 2822 3763 2887 ἀναϐήσε-

2164 2925 2262 2962 ται
2304 2911 2392 2975 εἰς
2438 2910 2627 2963 αὐτὸν
2686 2911 2831 2965 ὡσεὶ
2892 2911 3115 2980 χέρσον
3169 2912 3419 2966 ἄκανθα.
3476 2912 3586 2967 Καὶ
3634 2910 3763 2977 ταῖς

2165 2997 2453 3068 νεφέλαις
2509 3000 2868 3071 ἐντελοῦμαι
2922 3003 3029 3057 τοῦ
3079 3002 3166 3073 μὴ
3208 3004 3424 3073 ,βρέξαι
3452 3003 3545 3057 ἐπ’
3577 3004 3764 3062 αὐτὸν

2166 3091 2365 3144 ὑετόν.
2404 3091 2700 3164 Ἀντικρυς
2731 3092 2820 3145 διά
2866 3093 3073 3146 τούτων
3098 3094 3206 3147 τῶν
3241 3093 3401 3147 θείων
3444 3091 3761 3165 προφητῶν,

2168 3182 2409 3252 νεφελῶν
2441 3184 2868 3255 ὠνομασμένων,
2894 3186 2943 3239 οί
2980 3186 3294 3257 πνεύματος
3330 3186 3584 3258 οὐρανίου
3624 3185 3764 3257 πλη-

474 3282 660 3346 cazlos,
716 3282 881 3350 Deus,
925 3292 975 3337 et
1019 3300 1175 3353 super
1225 3300 1432 3339 omnem
1475 3293 1676 3339 terram
1725 3286 1902 3356 gloria
1945 3296 2058 3352 tua,

2168 3274 2261 3345 ρού
2271 3290 2421 3346 μενοι
2448 3274 2700 3344 λογικοὺς
2723 3276 2911 3342 ὑετοὺς
2937 3280 3057 3343 ταῖς
3085 3279 3193 3331 τῶν
3222 3277 3524 3350 ἀνθρώπων
3557 3277 3760 3349 ἐχορή-

479 3375 735 3430 eumdem
792 3376 860 3431 de
922 3375 1033 3431 Deo
1089 3393 1400 3433 sermonem
1477 3377 1722 3434 secundo
1786 3386 2059 3449 repetens.

480 3464 626 3528 Tibi,
662 3468 863 3538 inquit,
913 3470 1175 3524 convenit
1211 3470 1466 3538 exaltari,
1513 3472 1733 3527 tametsi
1772 3472 2061 3526 hominum

475 3573 649 3611 causa
711 3565 763 3613 le
828 3567 1031 3614 nostra:
1076 3559 1369 3629 abjcctioni
1423 3570 1775 3631 attemperas,
1833 3563 2064 3633 populos

482 3663 648 3721 atque
706 3661 895 3722 gentes
922 3652 1098 3721 gratia
1149 3659 1241 3706 tua
1276 3669 1503 3709 vocans.
1548 3652 1751 3709 Verum
1799 3657 2061 3717 exaltare,

478 3744 742 3798 thronum
802 3752 986 3814 rcpcte
1027 3754 1203 3799 tuum.
1243 3744 1371 3813 _Sic
1409 3747 1556 3801 enim
1608 3748 1663 3801 in
1699 3749 1857 3803 caelis
1907 3763 2064 3801 man-

477 3835 693 3890 sionem
751 3834 983 3898 habens,
1046 3836 1099 3891 in
1159 3844 1364 3906 tuaque
1397 3837 1624 3904 deitate,
1666 3840 1723 3893 in
1767 3846 1864 3893 tuo
1895 3854 2065 3909 regno

474 3927 818 3989 consistens,
861 3926 1035 3996 gloria
1068 3935 1163 3982 tua
1227 3929 1543 3983 universam
1595 3936 1798 3983 terram
1854 3931 2066 3999 replere

480 4017 711 4072 valebis.
749 4016 905 4082 Quod
938 4018 1064 4073 item
1115 4017 1329 4091 Moyses
1363 4019 1650 4086 describit,
1695 4018 1864 4075 Deum
1898 4021 2062 4075 indu-

475 4126 616 4164 cens
644 4110 711 4166 de
747 4109 951 4166 Judaeis
996 4113 1215 4181 quidem
1255 4113 1324 4168 ob
1349 4113 1644 4167 conﬂatum
1671 4114 1903 4168 vitulum
1952 4114 2067 4169 haec

482 4201 786 4256 dicentem:
846 4201 1070 4256 Dimitte
1105 4220 1208 4268 me,
1261 4213 1310 4258 et
1352 4205 1597 4258 incensus
1657 4205 1741 4259 ira
1796 4214 2065 4260 conteram

477 4294 717 4364 ipsos";
750 4294 818 4349 de
855 4296 1143 4350 vocatione
1202 4304 1383 4351 autem
1412 4297 1657 4366 gentium
1716 4296 2065 4366 adjicientem

484 4386 641 4450 illud,
683 4384 809 4440 Vivo
837 4403 930 4458 ego
953 4396 1004 4441 et
1031 4389 1154 4441 vivit
1192 4404 1379 4441 nomen
1416 4404 1609 4450 meum,
1655 4389 1782 4457 quia
1827 4387 2071 4457 implebi-

483 4485 573 4533 tur
623 4477 797 4548 gloria
848 4494 966 4532 mea
1007 4478 1253 4531 universa
1302 4486 1464 4531 terra.
1507 4475 1665 4547 Apud
1710 4474 1905 4530 Isaiam
1940 4491 2069 4531 vero

479 4574 782 4641 seraphim,
837 4587 959 4643 quae
1016 4571 1305 4627 Dominum
1370 4569 1614 4625 Sabaoth
1698 4570 2066 4633 circumdant,

2168 3382 2298 3435 γουν
2324 3365 2542 3438 ψυχαῖς.
2593 3368 2811 3439 Ἐπειδὴ
2836 3370 3015 3424 τοίνυν
3049 3372 3083 3441 ἡ
3112 3370 3341 3442 ἀλήθεια
3368 3369 3463 3423 τοῦ
3496 3369 3632 3424 Θεοῦ
3661 3369 3760 3423 καὶ

2168 3461 2230 3513 τὸ
2264 3460 2411 3523 ἔλεος
2444 3460 2629 3526 αὐτοῦ,
2650 3462 2779 3534 περί
2804 3456 2879 3515 ὧν
2905 3464 3101 3536 μικρὸν
3130 3463 3365 3535 πρόσθεν
3392 3463 3597 3537 ἔλεγεν,
3636 3461 3768 3526 Ἑξ-

2169 3553 2531 3609 απέστειλεν
2554 3557 2587 3609 ό
2618 3556 2762 3621 Θεὸς
2811 3555 2877 3609 τὸ
2911 3556 3083 3623 ἕλεος
3111 3556 3299 3611 αὐτοῦ
3331 3555 3429 3610 καί
3454 3556 3570 3625 τὴν
3610 3556 3765 3622 ἀλή-

2171 3648 2337 3700 θειαν
2391 3646 2603 3712 αὐτοῦ,
2640 3647 2738 3701 καί
2790 3648 3086 3717 ἐρῤὐσατο
3130 3649 3248 3717 τὴν
3287 3648 3500 3718 ψυχήν
3536 3664 3657 3717 μου
3694 3647 3767 3701 ἐκ

2138 3805 2143 3809 ς
2166 3740 2363 3810 μέσου
2410 3742 2733 3809 σκύμνων·
2785 3742 2956 3795 πάλαι
2992 3741 3092 3812 μὲν
3141 3742 3242 3812 τὴν
3274 3740 3453 3812 ψυχὴν
3495 3739 3766 3813 ἐρρύσατο

2170 3832 2265 3886 τοῦ
2292 3831 2478 3897 Δαυῖδ,
2504 3832 2706 3904 ἤμελλε
2736 3832 2793 3886 δὲ
2821 3834 2917 3888 καὶ
2953 3834 3091 3905 μετὰ
3115 3832 3288 3887 ταῦτα
3315 3833 3410 3887 καὶ
3440 3833 3616 3886 πάντα
3645 3833 3767 3885 ἐπι-

2174 3927 2397 3978 σκοπεῖν
2423 3924 2494 3978 τά
2524 3925 2651 3997 ἔθνη
2668 3942 2680 3956 ⁸
2707 3926 2933 3989 εἰκότως
2954 3926 3015 3979 τὸ
3043 3926 3270 3997 Πνεῦμα
3299 3924 3360 3980 τὸ
3385 3924 3560 3994 ἅγιον,
3591 3924 3764 3979 ταῦτα

2172 4016 2679 4089 εὐαγγελιζόμενον,
2711 4018 2805 4071 καὶ
2857 4018 2939 4071 ὅτι
2996 4021 3056 4072 tv
3105 4018 3255 4083 λαοῖς
3283 4017 3761 4091 ἐξομολογήσεται,

2174 4110 2267 4162 καὶ
2309 4110 2368 4162 ἐν
2416 4110 2550 4163 πᾶσι
2600 4112 2712 4173 τοῖς
2751 4108 2928 4163 ἔθνεσι
2966 4108 3128 4179 ψαλεῖ
3159 4107 3236 4179 τῷ
3262 4107 3401 4179 Θεῷ,
3445 4107 3543 4181 τὴν
3583 4108 3764 4162 αἰτίαν

2174 4201 2497 4275 προστίθησι
2536 4201 2721 4271 λέγον·
2761 4202 2890 4256 Ὅτι
2935 4203 3313 4272 ἐμεγαλύνθη
3343 4202 3455 4269 ἕως
3492 4200 3613 4255 τῶν
3659 4202 3764 4255 οὐ-

2166 4294 2373 4365 ρανῶν
2422 4295 2491 4349 τὸ
2536 4295 2708 4361 ἔλεός
2739 4308 2880 4358 σου,
2933 4295 3029 4348 καὶ
3077 4293 3146 4347 τά
3189 4292 3336 4365 ἑξῆς.
3371 4289 3509 4347 Εἶτα
3550 4292 3765 4356 τούτοις

2176 4388 2347 4442 ἅπασι
2391 4387 2454 4441 τὸ
2494 4386 2915 4460 ἐπισφράγισμα
2967 4386 3163 4455 ἐπάγει
3217 4386 3406 4456 λέγον*
3467 4386 3764 4455 ’Υψώθητι

2175 4480 2272 4534 ἐπὶ
2312 4480 2455 4547 τοὺς
2487 4481 2804 4548 οὐρανοὺς,
2839 4483 2872 4534 ὁ
2915 4479 3080 4547 Θεὸς,
3127 4478 3227 4534 καὶ
3259 4479 3358 4533 ἐπὶ
3398 4477 3606 4535 πᾶσαν
3647 4477 3766 4547 τὴν

2178 4571 2294 4642 γῆν
2339 4573 2378 4641 ἡ
2429 4570 2580 4636 δόξα
2627 4586 2766 4636 σου,
2797 4570 3049 4644 δεύτερον
3073 4569 3433 4625 ὲπαναλαδὼν
3464 4569 3564 4642 τὴν
3595 4568 3765 4641 αὐτὴν

480 4666 823 4720 clamabant:
853 4663 1104 4728 Sanctus,
1133 4673 1372 4726 sanctus,
1405 4673 1619 4716 sanctus
1645 4661 1898 4716 Dominus
1928 4660 2063 4715 Deus

2174 4634 2472 4732 θεολογίαν.
2510 4634 2600 4718 Σοὶ
2639 4634 2768 4736 γάρ,
2813 4634 2970 4737 φησὶ,
3000 4664 3200 4736 πρέπει
3253 4634 3540 4734 ὐψοῦσθαι,
3587 4663 3637 4716 εἰ
3668 4634 3765 4715 καὶ

484 4755 743 4817 Sabaoth,
775 4755 932 4824 plena
967 4764 1045 4809 est
1093 4755 1265 4809 omnis
1302 4764 1446 4808 terra
1483 4754 1659 4824 gloria
1704 4753 1818 4823 ejus
1835 4751 1901 4806 “.
1935 4752 2063 4818 Qui-

2173 4756 2242 4810 τὰ
2275 4757 2507 4828 μάλιστα
2526 4756 2593 4810 δι’
2620 4754 2939 4829 ἀνθρώπους
2956 4756 3409 4826 συγκαταϐαίνεις
3432 4757 3494 4827 τῇ
3522 4756 3766 4828 ἡμετέρᾳ

485 4853 590 4906 bus
618 4845 796 4905 aﬂlnia
833 4851 889 4905 in
913 4867 1038 4905 mm
1096 4851 1327 4920 psalmo,
1369 4849 1437 4905 de
1484 4848 1706 4903 Christo
1745 4849 1893 4902 clare
1934 4863 2063 4902 nar-

2174 4847 2705 4914 ταπεινώσει,λαούς
2732 4848 2828 4903 καὶ
2859 4847 2986 4921 ἔθνη
3017 4848 3496 4920 προσκαλούμενος
3534 4850 3602 4919 τῇ
3633 4863 3768 4900 σαυ-

482 4954 661 5006 rante,
681 4943 824 4999 dicta
851 4941 1044 4999 sunt“
1064 4961 1076 4997 :
1094 4941 1407 4995 Benedictus
1430 4939 1685 4993 Dominus
1706 4936 1848 4991 Deus
1873 4935 2063 5003 Israel,

2171 4940 2267 4995 τοῦ
2290 4941 2492 5014 χάριτι.
2536 4940 2678 4995 Ἀλλ’
2707 4940 2974 5013 ὑψώθητι,
3009 4942 3104 4995 καὶ
3131 4940 3488 5012 ἀπολάμϐανε
3516 4940 3608 4994 τὸν
3635 4956 3768 4993 σαυ-

484 5048 534 5093 ct
568 5036 894 5091 benedictum
931 5052 1119 5090 nomen
1150 5035 1337 5105 gloria:
1375 5034 1515 5104 ejus,
1544 5041 1595 5087 et
1636 5032 1923 5100 replebitur
1955 5047 2063 5086 om-

2173 5033 2267 5087 τοῦ
2307 5032 2515 5106 θρόνον.
2549 5034 2659 5087 Καὶ
2701 5032 2873 5097 οὕτως
2905 5032 3013 5105 γάρ
3061 5034 3119 5086 tv
3146 5034 3397 5106 οὐρανοῖς
3427 5031 3528 5096 τὰς
3560 5032 3769 5102 διατρι-

483 5128 568 5182 nis
593 5137 731 5182 terra
758 5128 932 5199 gloria
982 5127 1118 5197 ejus.
1168 5125 1293 5181 Haec
1338 5127 1508 5196 igitur
1539 5125 1793 5193 obsignat
1827 5136 2063 5193 praesens

2179 5124 2279 5189 ϐάς
2308 5125 2651 5196 ποιούμενος,
2682 5127 2778 5179 καὶ
2815 5127 2874 5179 tv
2896 5128 2964 5197 τῇ
2997 5125 3194 5179 σαυτοῦ
3230 5124 3515 5197 τυγχάνων
3549 5121 3767 5192 θεότητί

482 5220 771 5292 prophetia
802 5220 1031 5275 dicens:
1073 5218 1331 5271 Exaltare
1373 5232 1529 5285 super
1560 5216 1743 5282 caelos,
1795 5214 1961 5279 Deus,
2016 5223 2063 5268 et

2175 5233 2234 5269 τε
2291 5220 2385 5270 καὶ
2439 5216 2720 5289 βασιλείᾳ,
2771 5219 2953 5271 πᾶσαν
2997 5217 3096 5288 τὴν
3139 5219 3243 5288 γῆν
3279 5215 3521 5289 πληροῦν
3562 5214 3769 5286 δυνήσῃ

486 5327 641 5379 super
669 5329 873 5367 omnem
907 5322 1102 5366 terram
1124 5310 1300 5382 gloria
1340 5318 1453 5363 tua.

2175 5309 2274 5380 τῆς
2321 5308 2519 5362 σαυτοῦ
2573 5308 2749 5379 δόξης.
2790 5310 2856 5363 Ὃ
2895 5309 2960 5381 δὴ
2990 5310 3085 5363 καὶ
3110 5309 3316 5379 Μωσῆς
3338 5302 3647 5380 ’ἀναγράφει
3676 5303 3768 5357 τὸν

484 5405 620 5460 Θεὸν
664 5408 899 5473 εἰσάγων
952 5405 1079 5477 περὶ
1119 5407 1216 5476 μὲν
1253 5404 1526 5459 Ἰουδαίων
1591 5402 1818 5472 λέγοντα
1874 5401 1941 5455 δι’
1998 5400 2065 5472 ἢν
2113 5402 2440 5472 εἰργάσαντο
2494 5401 2849 5473 μοσχοποιίαν
2872 5419 2886 5433 ’
2927 5403 3153 5457 Ἕασόν
3201 5419 3293 5471 με,
3331 5400 3428 5455 καί
3478 5398 3769 5470 θυμωθεὶς

483 5499 635 5570 ὀργῇ
666 5501 925 5570 ἐκτρίψω
960 5501 1215 5566 αὐτούς’
1247 5500 1376 5571 περὶ
1399 5498 1454 5553 δὲ
1485 5498 1586 5569 τῆς
1606 5498 1714 5552 τῶν
1736 5496 1905 5552 ἐθνῶν
1947 5496 2192 5568 κλήσεως
2239 5498 2512 5566 ἐπάγοντα
2533 5497 2613 5562 τὸ,
2662 5497 2754 5550 Ζῶ
2794 5498 2929 5568 ἐγὼ,
2971 5499 3072 5552 καὶ
3134 5496 3202 5567 ζῇ
3268 5497 3334 5551 τὸ
3370 5494 3558 5566 ὄνομά
3620 5511 3763 5565 μου,

483 5590 579 5644 ὅτι
604 5593 1059 5662 πληρωθήσεται
1087 5592 1198 5663 τῆς
1228 5592 1412 5660 δόξης
1444 5611 1562 5663 μου
1589 5592 1757 5648 πᾶσα
1779 5593 1817 5661 ὴ
1846 5592 1944 5662 γῆ.
1962 5592 2074 5645 Καὶ
2111 5592 2264 5664 παρὰ
2296 5591 2374 5663 τῷ
2418 5593 2614 5663 Ἡσαΐᾳ
2644 5593 2701 5647 δὲ
2730 5593 2800 5647 τὰ
2836 5595 3097 5665 σεραφὶμ,
3133 5592 3440 5647 κυκλοῦντα
3501 5590 3593 5644 τὸν
3654 5588 3768 5641 Κύ-

487 5705 606 5760 ριον
638 5687 888 5756 Σαϐαὼθ,
927 5689 1088 5744 ὲ66α”
1115 5690 1334 5760 Ἄγιος,
1359 5689 1546 5760 ἅγιος,
1570 5690 1736 5761 ἅγιος
1774 5688 1990 5756 Κύριος
2029 5687 2173 5755 Θεὸς
2210 5688 2472 5754 Σαϐαὼθ,
2515 5688 2752 5758 πλήρης
2791 5689 2959 5747 πᾶσα
2991 5691 3029 5760 ἡ
3072 5689 3149 5760 γῆ
3192 5688 3303 5760 τῆς
3340 5688 3525 5757 δόξης
3554 5685 3763 5742 αὐτοῦ.

564 5844 609 5879 δι
649 5843 753 5901 lsa.
790 5860 842 5913 γ,
875 5843 1006 5924 5,
1080 5845 1125 5879 δ’
1166 5844 1334 5902 Exod.
1373 5862 1549 5911 χχιιι,
1590 5844 1675 5902 l6.
1760 5845 1805 5879 ⁸³
1845 5842 1949 5900 lsa.
1987 5860 2063 5914 vr,

2236 5844 2280 5882 ⁸⁵
2319 5840 2464 5900 Psal.
2500 5859 2661 5911 ιειι,
2710 5844 2793 5907 l8,
2826 5844 2911 5900 i9.
