4138 6386
405 395 468 452 51
481 395 512 448 τ
1533 389 1962 446 (ῙΟΜΜΕΝΤΑΒ

2079 391 2140 446 IN
2165 377 2513 450 rsaLuos.
3561 397 3618 452 ει
3635 399 3666 452 ε

451 505 502 572 ’ἴς
574 508 878 579 συμφώνως
917 507 1008 561 καὶ
1075 509 1146 560 ἐν.
1195 507 1272 560 οα’
1301 507 1500 580 ψαλμῷ
1543 511 1612 563 τὰ
1651 511 1779 580 περὶ
1809 509 1901 562 τοῦ
1945 512 2180 582 Χριστοῦ
2219 511 2403 581 σαφῶς
2465 511 3136 583 διαγορεύοντι,).έλεκται·
3169 513 3510 582 Εὐλογητὸς
3545 517 3658 568 Κύ-

395 623 527 672 ριος
549 608 584 660 ὁ
611 605 755 670 Θεὸς
786 603 1052 672 Ἰσραὴλ,
1071 602 1170 658 καί
1194 605 1526 674 εὐλογητὸν
1557 605 1624 658 τὸ
1652 605 1838 674 ὄνομα
1862 605 1968 674 τῆς
2001 607 2186 674 δόξης
2212 607 2419 670 αὐτοῦ,
2479 608 2576 660 καὶ
2636 607 3093 676 πληρωθήσεται
3123 609 3234 677 τῆς
3259 611 3444 676 δόξης
3477 611 3661 664 αὐτοῦ

402 695 572 751 πᾶσα
607 697 647 768 ἡ
693 697 789 767 γῆ.
828 697 989 750 Ταῦτ’
1035 694 1128 752 οὖν
1181 699 1274 752 καὶ
1317 701 1350 769 ἡ
1397 699 1648 770 παροῦσα
1681 701 1986 772 προφητεία
2023 703 2478 774 ὲπισφραγίζεται
2505 693 2774 771 λέγουσα·
2819 702 3114 772 ’Υψώθητι
3149 705 3247 758 ἐπὶ
3301 705 3442 772 τοὺς
3489 708 3661 774 οὐρα-

401 791 505 846 ’Ὃὺ
519 813 572 858 ς,
594 795 628 846 ὀ
656 792 820 858 Θεὸς,
839 793 934 846 καὶ
955 792 1056 844 ἐπε
1085 792 1289 848 πᾶσαν
1317 793 1432 861 τὴν
1458 794 1576 864 γῆν
1603 797 1641 863 ἡ
1665 794 1814 858 δόξα
1842 811 1978 850 σου.

399 907 502 960 ΕΙΣ
549 909 638 961 ΤΟ
675 908 915 970 ΤΕΛΟΣ,
943 909 1046 961 ΜΗ
1073 909 1470 962 ΔΙΑΦΘΕῘΡΗΣ
1509 911 1594 964 ΤΩ
1624 912 1840 976 ΔΑΥΙΔ,
1875 913 1962 964 ΕΠ

2083 909 2136 964 1.
2177 907 2244 962 ΙΝ
2285 907 2518 973 FINEM,
2560 906 2650 960 NE
2691 905 3106 970 [)lSPERDAS,
3157 907 3225 960 IN
3265 908 3502 966 TITULI
3557 913 3657 968 1N-

841 979 1384 1034 ΣΤΗΛΟΓΡΑΦΙΑΝ.
1423 982 1470 1032 Ν
1475 981 1548 1034 Z'.

473 1089 544 1141 Ei
571 1087 810 1156 ἀληθῶς
838 1089 953 1157 ἄρα
967 1091 1361 1159 δικαιοσύνην
1377 1094 1636 1158 λαλεῖτε,
1665 1098 1842 1152 εὐθέα
1862 1098 1985 1166 κρί-

401 1195 552 1244 νετε,
571 1181 689 1234 υἱοὶ
717 1180 835 1234 τῶν
861 1183 1204 1250 ἀνθρώπων.
1231 1185 1326 1247 Εἰς
1349 1185 1408 1237 τὸ
1448 1186 1600 1248 τέλος
1635 1188 1710 1258 μὴ
1739 1189 1982 1258 διαφθεί-

403 1287 538 1340 ρειν,
595 1273 882 1340 φυλάττειν
926 1273 982 1325 δὲ
1028 1274 1255 1328 ἕκαστον
1286 1277 1353 1329 τὰ
1403 1277 1595 1330 ἑαυτοῦ
1641 1277 1790 1350 τέλη,
1824 1281 1916 1332 καὶ
1955 1281 1984 1333 ὁ

401 1361 592 1433 παρὼν
621 1368 876 1434 παραινεί
905 1366 1080 1434 λόγος.
1120 1369 1320 1438 ’Ἄμφω
1352 1369 1426 1432 δὲ,
1463 1370 1490 1421 ὅ
1522 1387 1580 1422 τε
1623 1371 1760 1442 μετὰ
1797 1375 1982 1444 χεῖρας

401 1457 496 1510 καὶ
523 1458 552 1507 ὁ
579 1458 684 1528 πρὸ
717 1459 880 1512 αὑτοῦ
914 1462 1012 1532 τὴν
1045 1461 1164 1532 ἴσην
1197 1463 1377 1533 ἔχουσι
1411 1469 1752 1538 προγραφὴν,
1783 1469 1982 1539 ὁμοίως

396 1546 477 1612 τὸ,
501 1549 608 1612 Εἰς
639 1547 704 1600 τὸ
733 1549 924 1614 τέλος,
937 1550 1023 1619 μὴ
1053 1551 1401 1622 διαφθείρῃς
1428 1554 1506 1620 τῷ
1535 1555 1736 1622 Δαυῒδ,
1771 1559 1864 1610 καὶ
1895 1559 1976 1620 τὸ,

395 1638 482 1704 εἰς
515 1641 986 1707 στηλοςφαφίαν,
1035 1642 1396 1711 περιέχοντες.
1429 1644 1496 1696 Ὅ
1525 1662 1588 1713 γε
1621 1645 1724 1716 μὴν
1764 1647 1973 1716 χρόνος,

395 1729 442 1778 εἰ
472 1728 564 1780 καὶ
597 1727 670 1798 μὴ
697 1729 753 1780 ὲν
779 1729 854 1800 τῷ
878 1731 1124 1802 παρόντι,
1145 1732 1254 1785 ἀλλ’
1281 1735 1338 1785 ὲν
1367 1733 1444 1804 τῷ
1473 1735 1577 1806 πρὸ
1606 1737 1793 1790 τούτου
1823 1737 1976 1810 δεδή-

393 1817 558 1870 λωται
597 1819 738 1873 κατὰ
765 1821 862 1891 τὴν
892 1821 1208 1894 προσθήκην
1309 1842 1492 1895 φησιν,
1544 1827 1644 1880 Ἐν
1675 1828 1754 1893 τῷ
1791 1829 1977 1882 αὐτὸν

392 1909 858 1978 ἀποδιδράσκειν
889 1913 1005 1966 ἀπὸ
1037 1913 1360 1981 προσώπου
1397 1919 1594 1972 Σαοὺλ
1623 1922 1708 1986 εἰς
1733 1921 1796 1973 τὸ
1819 1922 1976 1990 σπή-

389 2002 584 2052 λαιον.
619 2001 777 2055 Κατὰ
830 2003 921 2057 τὸν
967 2005 1124 2058 αὐτὸν
1171 2001 1264 2059 οὖν
1309 2008 1558 2078 εἰρῆσθαι
1595 2011 1782 2081 χρόνον
1815 2013 1908 2065 καὶ
1940 2013 1968 2065 ὁ

393 2092 770 2162 προκείμενος,
806 2095 866 2147 οὐ
918 2095 1078 2165 μόνον
1110 2099 1173 2149 ὲκ
1197 2098 1303 2150 τῶν
1337 2101 1638 2171 εἰρημένων
1672 2103 1820 2155 δοκεῖ
1860 2121 1971 2174 μοι,

389 2182 524 2236 ἀλλὰ
555 2187 646 2238 καὶ
676 2187 738 2239 ὲκ
760 2187 866 2240 τῶν
897 2186 1022 2258 ἑξῆς
1055 2189 1484 2260 ἐπιφερομένων.
1537 2193 1748 2264 Ἐπειδὴ
1779 2195 1887 2265 γὰρ
1937 2197 1970 2267 ἡ

2531 977 3018 1033 SCRIPTIONEM.
3063 979 3218 1034 LVII.

2157 1091 2324 1146 Vens.
2368 1092 2424 1154 2,
2472 1093 2525 1146 5.
2578 1089 2640 1146 Si
2669 1108 2784 1145 vere
2835 1093 3013 1162 utique
3048 1092 3318 1161 justitiam
3351 1095 3652 1166 loquimini,

2085 1193 2228 1238 recta
2267 1184 2529 1252 judicate,
2587 1182 2690 1251 ﬁlii
2757 1183 3045 1238 hominum.
3105 1183 3364 1238 Hortatur
3417 1203 3662 1256 pra-sens-

2085 1289 2266 1328 sermo
2293 1274 2558 1343 singulos,
2591 1281 2649 1326 ut
2684 1288 2752 1326 ne
2785 1273 2838 1325 in
2867 1272 3024 1327 ﬁnem
3057 1273 3398 1343 disperdant,
3429 1278 3523 1332 sed
3564 1281 3656 1332 ob-

2083 1375 2261 1420 servet
2284 1368 2517 1434 quisque
2537 1365 2669 1420 ﬁnes
2684 1381 2834 1420 suos.
2853 1365 3029 1419 Ambo
3041 1367 3259 1436 quippe,
3277 1376 3390 1420 tum
3411 1370 3518 1432 hic,
3541 1381 3652 1424 tum

2081 1455 2418 1523 praecedens,
2457 1455 2688 1508 similem
2729 1455 3024 1523 praeferunt
3057 1458 3491 1526 inscriptionem,
3545 1461 3656 1512 sci--

2082 1545 2231 1606 licet,
2267 1545 2332 1598 In
2365 1547 2544 1614 finem,
2571 1563 2634 1600 ne
2658 1546 2934 1614 disperdas
2967 1547 3156 1614 David,
3199 1557 3384 1618 atque,
3422 1550 3475 1603 in
3507 1551 3652 1604 tituli

2080 1639 2498 1706 inscriptionem.
2555 1638 2793 1709 Tempus
2835 1649 3038 1702 autem,
3095 1642 3196 1695 etsi
3243 1657 3352 1694 non
3404 1644 3456 1696 in
3515 1658 3652 1712 prae—

2081 1733 2243 1794 senti,
2275 1741 2328 1784 at
2357 1733 2412 1785 in
2444 1733 2770 1802 praecedenti
2797 1733 3128 1796 declaratur,
3165 1722 3292 1786 d'um
3330 1735 3444 1788 haec
3475 1736 3650 1799 addit,

2078 1824 2212 1878 Cum
2243 1825 2444 1895 fugeret
2503 1843 2535 1878 (ι
2593 1827 2728 1895 facie
2765 1827 2946 1880 Saulis
2973 1829 3026 1880 in
3067 1826 3390 1896 speluncam.
3444 1828 3647 1886 Eodem

2076 1915 2262 1984 itaque
2327 1919 2572 1986 tempore
2635 1916 3048 1985 pronuntiatum
3108 1917 3272 1968 etiam
3324 1928 3648 1986 praesentem

2074 2005 2266 2073 fuisse,
2305 2023 2412 2061 non
2483 2009 2659 2061 solum
2719 2023 2784 2062 ex
2835 2008 2948 2076 jam
3005 2007 3188 2072 dictis,
3247 2024 3434 2062 verum
3480 2009 3644 2063 etiam

2073 2113 2139 2152 ex
2170 2113 2296 2151 mox
2323 2097 2612 2152 alferemlis
2641 2100 2861 2168 planum
2891 2100 3020 2153 mihi
3047 2101 3286 2154 videtur.
3329 2099 3469 2166 Quia
3497 2103 3646 2154 enim

2073 2187 2126 2240 in
2159 2188 2486 2257 praecedenti
2520 2190 2660 2242 tituli
2714 2189 3000 2258 inscriptio
3047 2189 3114 2244 de
3176 2191 3300 2244 liliis
3355 2190 3642 2244 hominum

389 2276 494 2346 πρὸ
549 2277 734 2329 τούτου
785 2279 1154 2350 στηλογραφία
1184 2283 1309 2351 περί
1337 2281 1443 2334 τῶν
1469 2282 1598 2336 υἱῶν
1621 2283 1726 2336 τῶν
1757 2285 1962 2357 ἀνθρώ·

2072 2280 2306 2342 diccbat,
2355 2279 2484 2333 Filii
2523 2280 2814 2346 hominum,
2863 2281 3042 2334 dentes
3079 2297 3260 2334 eorum
3289 2297 3440 2333 arma
3475 2291 3524 2333 et
3557 2297 3644 2334 sa-

389 2383 502 2418 πων
517 2366 718 2436 ἔλεγεν,
735 2369 850 2422 Υἱοὶ
867 2369 1212 2438 ἀνθρώπων,
1233 2377 1284 2426 οἱ
1304 2373 1546 2440 ὀδόντες
1563 2375 1760 2428 αὐτῶν
1778 2376 1969 2432 ὅπλον

387 2459 484 2510 καὶ
503 2457 660 2526 ,ϐέλη
681 2476 693 2488 ·
721 2461 942 2524 εἰκότως
966 2463 1058 2515 καὶ
1080 2464 1112 2534 ἡ
1144 2464 1281 2532 μετὰ
1301 2467 1488 2536 χεῖρας
1504 2470 1614 2530 τοῖς
1639 2469 1817 2534 αὐτοῖς
1834 2473 1969 2534 υἱοῖς

386 2549 494 2600 τῶν
521 2550 820 2620 ἀνθρώπων
843 2553 1002 2618 εὐθὺς
1039 2557 1094 2607 ἐν
1118 2556 1254 2628 ἀρχῆ
1276 2561 1585 2627 προσφωνεῖ
1597 2560 1832 2628 λέγουσα
1853 2581 1863 2591 ·
1897 2567 1968 2617 El

386 2638 622 2706 ἀληθῶς
645 2641 758 2708 ἄρα
786 2641 1180 2711 δικαιοσύνην
1200 2645 1460 2710 λαλεῖτε,
1495 2649 1671 2704 εὐθέα
1713 2652 1963 2718 κρίνετε,

335 2747 342 2752 ·
386 2733 438 2782 οἱ
465 2732 580 2783 υἱοὶ
609 2731 727 2785 τῶν
758 2734 1097 2802 ἀνθρώπων.
1125 2737 1230 2788 Καὶ
1280 2739 1574 2810 ἐπειδήπερ
1621 2743 1676 2793 ὲν
1733 2741 1811 2813 τῷ
1859 2745 1965 2815 πρὸ

385 2820 572 2872 τούτου
595 2822 828 2894 ὲλέγετυ-
849 2826 1164 2893 Ὲρῤύσιιτο
1193 2827 1307 2894 τὴν
1323 2829 1534 2898 ψυχήν·
1543 2849 1661 2899 μου
1681 2832 1749 2886 ἐκ
1769 2833 1964 2902 μέσου

385 2913 686 2981 σκύμνων,
717 2915 770 2986 ἢ,
792 2917 858 2969 ἐκ
880 2917 1073 2986 μέσου
1101 2921 1381 2984 λεόντων,
1415 2925 1555 2977 κατὰ
1575 2925 1698 2989 τοὺς
1723 2926 1963 2995 λοιποὺς,

384 3007 608 3070 εἰκότως
641 3010 698 3061 ὲν
727 3008 802 3078 τῷ
835 3011 968 3078 μετὰ
1000 3013 1190 3082 χεῖρας
1235 3015 1570 3086 ἐπιφέρεται,
1623 3021 1732 3084 Τὰς
1761 3020 1963 3088 μύλας

383 3097 504 3150 τῶν
535 3100 800 3152 λεόντων
831 3101 1184 3158 συνέθλασε
1214 3107 1446 3172 Κύριος.
1483 3107 1630 3161 Ἔδει
1671 3109 1778 3182 γὰρ
1813 3113 1960 3182 ἡμᾶς

387 3189 578 3260 μαθεῖν
605 3191 752 3254 ὅπως
781 3193 1050 3264 ἐρρύσατο
1074 3195 1170 3266 τὴν
1198 3197 1371 3268 ψυχὴν
1403 3198 1495 3250 τοῦ
1524 3197 1685 3252 Δαυῖδ
1710 3203 1772 3252 ὲκ
1794 3202 1957 3272 μέσου

385 3282 484 3334 σκύ
495 3299 660 3352 μνων.
687 3283 795 3335 Καὶ
821 3285 980 3338 πάλιν
1002 3289 1128 3358 περὶ
1152 3288 1259 3341 τῶν
1290 3289 1516 3343 ὀδόντων
1546 3291 1652 3344 τῶν
1683 3279 1959 3348 ἐνδιαϐαλ-

382 3371 579 3426 λὸντων
611 3375 770 3428 αὑτὸν
797 3377 853 3428 ἐν
879 3378 975 3446 μὲν
1006 3379 1079 3446 τῷ
1106 3380 1210 3450 πρὸ
1241 3381 1448 3444 τούτου,
1476 3383 1591 3435 Υἱοὶ
1612 3384 1955 3452 ἀνθρώπων,

382 3465 434 3515 οἱ
467 3462 708 3530 ὀδόντες
754 3465 951 3520 αὐτῶν
979 3467 1172 3522 ὅπλον
1218 3471 1312 3524 καὶ
1336 3471 1517 3540 βέλη,
1551 3473 1784 3543 ἐλέγετο,
1817 3479 1874 3530 ἐν
1901 3477 1957 3529 δὲ

381 3556 460 3627 τῷ
491 3557 630 3626 μετὰ
659 3561 847 3631 χεῖρας
870 3577 884 3590 ·
928 3561 980 3611 Ὀ
1015 3561 1159 3628 Θεὸς
1177 3565 1496 3631 συντρίψει
1533 3565 1674 3632 τοὺς
1708 3566 1956 3634 ὀδόντας

379 3647 578 3701 αὐτῶν
612 3649 683 3702 ἐν
711 3649 792 3714 τῷ
822 3651 1070 3718 στόματι
1101 3650 1316 3705 αὐτῶν.
1353 3655 1466 3724 Ἀφ’
1507 3649 1582 3708 ὧν
1619 3655 1890 3710 δείκνυται
1924 3661 1957 3730 ἡ

380 3739 440 3794 ὲν
483 3739 818 3811 ἀμφοτέραις
874 3746 994 3806 ταῖς
1034 3743 1458 3816 στηλογραφίαις
1509 3750 1816 3818 συμφωνία.
1849 3751 1958 3804 Καὶ

379 3833 556 3897 ἄλλως
585 3834 628 3886 δ’
659 3831 750 3889 οὖν
783 3853 865 3899 τις
912 3837 1074 3905 εἴποι,
1126 3841 1310 3912 ἑπέιδὴ
1355 3845 1387 3914 ἡ
1433 3844 1536 3914 πρὸ
1566 3843 1753 3897 τούτου
1807 3863 1960 3916 περι-

381 3925 496 3997 έχει
524 3927 624 4000 τὴν
647 3927 836 4000 κλῆσιν
857 3929 960 3984 τῶν
995 3931 1182 3998 ἐθνῶν,
1209 3933 1431 3997 εἰκότως
1458 3938 1523 4005 τῇ
1552 3935 1774 4009 τοιαύτῃ
1827 3954 1961 4008 προ-

382 4019 579 4090 φητείᾳ
627 4023 661 4090 ἡ
705 4021 954 4091 παροῦσα
1002 4023 1377 4095 στηλογραφία
1435 4026 1725 4094 συνῆπται,
1749 4028 1956 4097 ’διαγο-

383 4109 614 4180 ρεύουσα
641 4117 752 4177 τοῖς
787 4115 922 4176 υἱοῖς
950 4113 1058 4166 τῶν
1100 4115 1400 4187 ἀνθρώπων
1434 4117 1524 4169 τὸν
1555 4119 1682 4190 περὶ
1729 4119 1829 4188 τῆς
1877 4120 1957 4172 δι-

381 4203 724 4272 καιοκρισίας
756 4203 850 4256 τοῦ
878 4203 1012 4256 Θεοῦ
1046 4203 1221 4272 λόγον,
1260 4206 1672 4280 διαστελλομένη
1723 4226 1781 4262 τε
1825 4211 1958 4266 πᾶσι

379 4296 492 4357 τοῖς
515 4293 660 4357 λαοῖς
685 4297 780 4348 σὺν
804 4295 1028 4368 ἀληθινῇ
1067 4299 1380 4368 προαιρέσει
1403 4300 1496 4352 καὶ
1524 4301 1825 4371 συνειδήσει
1859 4318 1957 4354 κα-

381 4385 520 4456 θαρᾷ
565 4387 631 4457 τῇ
670 4386 762 4438 τοῦ
815 4387 970 4454 λόγου
1023 4388 1304 4459 προσιέναι
1347 4389 1683 4462 διδασκαλίᾳ,
1727 4392 1820 4444 καλ⁵
1880 4393 1953 4462 μὴ

379 4479 874 4550 καθυποκρίνεσθαι
911 4479 1008 4550 τὴν
1059 4480 1388 4536 θεοσέϐειαν.
1435 4483 1524 4535 Διὸ
1562 4483 1696 4555 πρὸς
1748 4483 1957 4547 πάντας

375 4573 502 4636 τοὺς
531 4573 789 4645 ἀνωτέρω
817 4573 978 4638 λαοὺς
1010 4573 1429 4645 ὠνομασμένους
1465 4575 1558 4628 καί
1589 4576 1724 4646 πρὸς
1779 4576 1956 4629 πάντα

375 4664 444 4716 τὰ
483 4663 629 4736 ἔθνη,
688 4666 816 4736 περί
865 4659 938 4719 ὧν
989 4667 1224 4734 ἐλέγετο,
1273 4669 1824 4737 Ἐξομολογήσομαί
1857 4684 1956 4721 σοι

374 4756 446 4810 ἐν
488 4757 678 4823 λαοῖς,
713 4759 910 4825 Κύριε,
942 4758 1118 4826 ψαλῶ
1161 4775 1260 4812 σοι
1288 4760 1358 4812 ἐν
1387 4759 1608 4823 ἔθνεσι,
1649 4759 1746 4830 τὴν
1789 4776 1956 4830 προσ-

379 4849 617 4921 φώνησιν
657 4851 1029 4920 ποιούμενοςό
1059 4849 1248 4919 παρὼν
1299 4850 1456 4918 λόγος
1521 4851 1952 4922 διαμαρτύρεται

2067 2373 2215 2439 gittce
2235 2371 2312 2437 Η⁵;
2339 2371 2464 2426 haec
2507 2373 2632 2425 item
2668 2373 2808 2424 tituli
2847 2373 3135 2442 inscriptio
3167 2375 3348 2426 statim
3384 2373 3452 2426 ab
3479 2388 3644 2427 exor-

2067 2463 2156 2516 dio
2205 2463 2427 2518 eosdem
2471 2462 2608 2516 ﬁlios
2652 2463 2934 2518 hominum
2977 2465 3268 2532 compellat
3318 2464 3545 2520 dicens:
3579 2464 3640 2532 Si

2065 2571 2180 2608 vere
2207 2557 2384 2625 utique
2422 2556 2682 2619 iustitiam
2706 2533 3011 2626 loquimini,
3068 2569 3208 2610 recta
3235 2557 3499 2625 judicate,
3540 2557 3642 2626 ﬁlii

2065 2648 2356 2700 hominum.
2403 2647 2466 2700 Et
2515 2649 2773 2718 quoniam
2832 2649 2887 2702 in
2937 2649 3261 2718 praecedenti
3317 2651 3636 2714 dicebatur,

2067 2739 2277 2808 Eripuit
2334 2743 2566 2794 animum
2628 2758 2798 2794 meam
2847 2741 2910 2794 de
2958 2742 3128 2794 medio
3187 2735 3486 2797 catulorum
3530 2745 3638 2798 leo-

2065 2845 2188 2882 num
2227 2829 2294 2893 ⁸⁸,
2358 2831 2506 2900 sive},
2559 2830 2622 2884 de
2669 2829 2840 2884 medio
2878 2829 3117 2892 leonum,
3182 2835 3482 2886 secundum
3546 2849 3633 2888 re-

2064 2919 2264 2990 liquos,
2307 2932 2703 2990 consequenter
2746 2921 2801 2974 in
2859 2921 3110 2989 praesenti
3159 2922 3412 2984 infertur,
3461 2923 3640 2978 Malas

2065 3013 2272 3066 leonum
2301 3013 2556 3083 confregit
2583 3013 2834 3067 Dominus
2915 3011 3167 3081 Oportuit
3195 3015 3339 3067 enim
3389 3017 3636 3070 ediscere

2063 3121 2185 3170 nos,
2219 3121 2328 3176 quo
2379 3117 2537 3176 pacto
2570 3105 2832 3175 eripuerit
2861 3107 3092 3159 animam
3122 3105 3339 3160 Davidis
3367 3107 3432 3162 de
3459 3108 3638 3163 medio

2067 3198 2379 3250 catulorum
2415 3197 2650 3249 leonum.
2705 3195 2779 3248 Ac
2823 3211 3038 3248 rursum
3077 3195 3143 3249 de
3181 3196 3638 3250 calumniatorum

2085 3303 2310 3342 suorum
2346 3287 2600 3340 dentibus
2635 3287 2687 3338 in
2713 3285 3037 3354 praecedenti
3077 3287 3275 3351 aiebat,
3314 3286 3442 3340 Filii
3467 3287 3638 3341 homi-

2063 3393 2209 3441 num,
2257 3375 2434 3430 dentes
2470 3392 2647 3429 eorum
2686 3375 2846 3428 telum
2897 3384 2947 3429 et
2988 3377 3231 3445 sagittae;
3278 3377 3331 3430 in
3377 3381 3636 3447 praesenti

2062 3483 2214 3532 vero,
2253 3467 2392 3521 Deus
2431 3478 2658 3520 conteret
2688 3465 2864 3520 dentes
2905 3483 3086 3520 eorum
3139 3469 3194 3522 in
3240 3486 3328 3522 ore
3375 3471 3630 3538 ipsorum.

2064 3557 2274 3624 Quibus
2327 3560 2610 3612 ambarum
2665 3560 2802 3612 tituli
2853 3553 3282 3629 inscriptionum
3327 3577 3638 3617 consensus

2063 3654 2224 3722 plane
2271 3653 2681 3720 comprobatur.
2747 3650 2814 3706 Et
2861 3652 2966 3704 alia
3012 3668 3228 3722 quoque
3287 3655 3496 3709 ratione
3551 3655 3638 3709 di-

2061 3743 2202 3796 xerit
2255 3743 2549 3810 quispiam.
2587 3741 2712 3810 quia
2757 3741 3069 3810 praecedens
3101 3743 3344 3812 gentium
3400 3747 3637 3800 vocatio-

2059 3849 2185 3888 nem
2232 3834 2634 3900 complectitur,
2657 3833 2782 3900 jure
2809 3833 3126 3900 hujusmodi
3166 3835 3460 3903 prophetia:
3491 3851 3632 3904 prai-

2062 3931 2270 3978 sentem
2295 3921 2438 3974 tituli
2481 3921 2898 3990 inscriptionem
2934 3921 3247 3988 adjunctam
3281 3920 3472 3984 fuisse,
3509 3937 3636 3990 quae

2060 4013 2186 4068 ﬁliis
2217 4013 2496 4065 hominum
2522 4011 2656 4079 justi
2696 4011 2886 4080 judicii
2929 4009 3026 4064 Dei
3067 4010 3336 4063 rationem
3383 4018 3628 4073 enarret,

2047 4106 2425 4174 omnibusque
2471 4103 2690 4174 populis
2722 4103 3023 4172 praecipiat,
3074 4110 3132 4156 ut
3179 4103 3390 4157 sincera
3431 4103 3633 4157 volun-

2061 4207 2170 4253 tate
2195 4206 2248 4251 et
2285 4211 2423 4266 pura
2469 4195 2810 4250 conscientia
2842 4195 2910 4248 ad
2949 4195 3102 4248 verbi
3133 4193 3441 4248 doctrinam
3470 4209 3634 4250 acce-

2058 4292 2210 4354 dant,
2235 4305 2412 4358 neque
2443 4290 2700 4359 pietatem
2745 4301 2872 4357 erga
2901 4285 3071 4340 Deum
3124 4286 3400 4340 simulent.
3451 4285 3634 4351 Quare

2059 4399 2248 4438 omnes
2303 4395 2470 4449 supra
2519 4387 2850 4434 memoratos
2908 4378 3161 4446 populos,
3227 4377 3632 4446 universasque

2057 4483 2247 4545 gentes
2272 4473 2339 4526 de
2369 4471 2571 4542 quibus
2601 4470 2904 4534 dicebatur,
2935 4467 3238 4538 Conﬁtebor
3267 4469 3359 4521 tibi
3389 4469 3442 4520 in
3473 4483 3633 4537 popu-

2059 4570 2146 4630 lis,
2179 4566 2425 4628 Domine,
2459 4563 2688 4633 psallam
2715 4562 2810 4614 tibi
2841 4562 2894 4615 in
2920 4561 3156 4631 gentibus
3175 4561 3242 4624 ‘7,
3295 4560 3630 4628 compellans

2058 4673 2239 4716 sermo
2267 4673 2529 4728 praesens,
2563 4656 2872 4708 obtestatur
2923 4653 3150 4706 dicens:
3207 4650 3268 4704 Si
3305 4665 3417 4702 uere
3449 4649 3632 4717 utique

2050 4751 2321 4822 justitiam
2370 4748 2663 4818 loquimini,
2700 4755 2842 4800 recta
2879 4743 3144 4813 judicnte,
3197 4742 3299 4812 ﬁlii
3333 4741 3624 4792 hominum.

2055 4845 2190 4899 Nam
2228 4846 2272 4898 si
2309 4858 2435 4896 vere
2459 4841 2730 4910 justitiam
2757 4839 2880 4908 quis
2903 4839 3242 4906 proﬁteatur,
3269 4849 3377 4886 non
3409 4829 3630 4885 aliunde

377 4941 548 5010 λέγων
568 4959 581 4971 ·
607 4943 676 4994 El
697 4940 936 5008 ἀληθῶς
955 4941 1068 5008 ἄρα
1088 4941 1480 5010 δικαιοσύνην
1500 4942 1760 5003 λαλεῖτε,
1779 4941 1956 4995 εὺθέα

2065 4935 2524 5005 comprobabitur,
2579 4947 2739 5001 quam
2793 4945 2860 4984 ex
2899 4945 2963 4983 eo
2995 4927 3141 4998 quod
3190 4933 3340 4979 recta
3396 4923 3626 4994 judicct.

376 5035 625 5100 κρίνετε,
666 5033 784 5087 υἱοὶ
823 5033 940 5086 τῶν
979 5031 1320 5100 ἀνθρώπων.
1361 5036 1422 5087 El
1469 5034 1577 5104 γὰρ
1622 5033 1838 5103 ἀληθῶς
1867 5051 1951 5097 τις

375 5127 718 5198 δικαιοσύνην
749 5125 1156 5193 ἐπαγγέλλοιτο,
1202 5127 1310 5178 οὐδ’
1337 5126 1556 5179 ἄλλοθεν
1588 5125 1948 5197 δειχθήσεται,

375 5221 410 5291 ἢ
448 5220 554 5272 ἀπὸ
609 5218 702 5272 τοῦ
747 5219 953 5288 κρίνειν
989 5217 1170 5270 εὐθέα.
1206 5217 1393 5288 Κρίνει
1427 5217 1482 5270 δὲ
1505 5217 1666 5269 εὐθέα
1695 5220 1722 5270 ὁ
1757 5218 1948 5288 κρίνας

376 5313 505 5382 παρ’
541 5309 716 5380 ἑαυτῷ
741 5311 838 5380 τὴν
869 5310 1008 5362 κατὰ
1035 5309 1125 5362 τὸν
1159 5309 1313 5380 ὀρθὸν
1346 5297 1521 5376 λόγον,
1557 5310 1650 5361 καὶ
1672 5309 1806 5378 μηδὲ
1833 5325 1950 5361 σκο-

372 5402 486 5456 λιὸν
542 5401 678 5474 μηδὲ
730 5401 1048 5472 διάστροφον
1090 5399 1368 5470 πράττειν.
1403 5395 1516 5452 Εἶθ’
1569 5399 1644 5462 ὡς
1677 5398 1784 5452 τῶν
1816 5398 1946 5451 υἱῶν

371 5494 480 5546 τῶν
524 5493 826 5565 ἀνθρώπων
853 5491 988 5564 ὀρθὰ
1014 5491 1111 5562 μὲν
1131 5491 1431 5544 λαλούντων
1461 5494 1572 5554 τοῖς
1605 5490 1828 5561 χείλεσι,
1857 5491 1950 5544 καὶ

369 5587 450 5656 τῷ
484 5587 710 5656 στόματι
737 5585 1078 5656 δικαιοσύνην
1111 5585 1614 5656 ἐπαγγελλομένων,
1651 5585 1946 5655 ὲλεγχομέυ

369 5703 478 5738 νων
529 5683 586 5738 δὲ
638 5683 746 5737 ἀπὸ
776 5683 881 5736 τῶν
905 5681 1101 5754 ἔργων,
1133 5681 1214 5734 ὃτι
1248 5679 1509 5748 τάναντία
1534 5675 1677 5730 κατὰ
1708 5677 1946 5732 διάνοιαν

431 5841 480 5872 ⁸³
519 5839 661 5895 Psal.
697 5855 816 5908 un,
846 5837 900 5896 3.
977 5839 1021 5872 “
1060 5837 1192 5893 ibid.
1269 5835 1312 5868 ‘7
1353 5833 1487 5891 ibid.
1529 5833 1616 5888 10.

2051 5029 2226 5084 Recta
2254 5042 2383 5081 vero
2407 5025 2639 5096 judicat,
2665 5023 2760 5093 qui
2793 5021 2934 5090 apud
2965 5037 3022 5076 se
3045 5019 3312 5088 judicavit
3340 5031 3404 5070 ac
3439 5016 3630 5070 decre-

2056 5122 2152 5184 vit,
2183 5119 2455 5188 justitiam
2503 5133 2567 5170 ex
2599 5123 2748 5170 recta
2781 5115 3016 5175 ratione,
3061 5126 3162 5166 nec
3193 5108 3473 5178 quidpiam
3504 5114 3621 5159 tor-
3693 5123 3695 5128 ·

2057 5222 2278 5267 tuosum
2313 5219 2407 5264 aut
2453 5224 2772 5279 perversum
2828 5206 3012 5260 edere.
3070 5201 3277 5257 Deinde
3306 5216 3457 5262 vero,
3499 5213 3625 5252 cum

2055 5306 2150 5360 ﬁlii
2183 5303 2466 5357 hominum
2501 5301 2662 5354 labiis
2703 5297 2924 5367 quidem
2965 5303 3113 5350 recta
3153 5295 3534 5362 loquerentur,
3572 5297 3628 5343 et

2053 5414 2148 5454 ore
2176 5393 2883 5470 justitiam.pj-oliterentur,
2920 5388 3013 5444 sed
3048 5387 3183 5457 ipsis
3225 5385 3486 5456 Operibus
3531 5383 3629 5437 de-

2057 5489 2526 5562 prehenderentur
2566 5485 2794 5540 adversa
2834 5483 3096 5552 cogitare,
3143 5479 3428 5548 subiungit
3469 5496 3486 5531 :
3521 5474 3625 5528 Et-

2054 5582 2192 5636 enim
2221 5583 2274 5632 in
2313 5576 2470 5631 corde
2509 5575 2812 5645 iniquitates
2839 5570 3131 5641 operamini
3162 5571 3216 5623 in
3248 5579 3429 5622 terra:
3469 5566 3632 5632 cujus

2054 5673 2164 5738 rei,
2195 5669 2406 5745 “inquit,
2437 5671 2817 5738 argumentum
2848 5672 2976 5719 sunt
3007 5675 3174 5732 opera
3224 5667 3433 5724 vestra,
3473 5655 3628 5726 inju-

4115 6130 4128 6239 ἰ
