4138 6386
432 408 538 465 519

1094 385 1366 445 EUSEBII
1405 373 1891 440 CJESAREENSIS
1928 372 2079 431 OPP.
2114 370 2300 428 PARS
2337 368 2428 423 Ill.
2469 398 2541 413 μ-
2578 364 2992 422 EXEGETICA.

3603 361 3712 417 520

435 526 642 581 stitiam
677 533 867 573 manus
902 521 1085 568 vestrae
1131 506 1468 575 complicant.
1518 500 1689 555 Recta
1743 511 1878 566 ergo
1918 495 2010 564 ju-

2127 489 2434 560 ιογίζονται,
2467 486 2735 555 ἐπιλέγει·
2768 485 2879 540 Καὶ
2924 482 3036 553 γὰρ
3079 480 3148 536 ἐν
3187 477 3405 548 καρδίᾳ
3455 477 3712 547 ἀνομίας

433 617 648 679 dicate,
685 609 782 663 ﬁlii
813 604 1123 661 hominum,
1171 606 1224 652 et
1248 570 1551 650 'vobiscum
1584 595 1856 659 reputate,
1885 599 2016 639 num

2127 581 2426 653 ἐργάζεσθε
2463 581 2534 633 ἐν
2570 578 2646 648 τῇ
2696 577 2772 649 τῇ
2791 595 2805 609 ·
2833 576 3025 630 τούτου
3053 573 3132 639 δὲ,
3165 573 3352 642 φησὶν,
3397 570 3619 640 ἐλεγχος
3651 571 3711 624 αἱ

433 718 719 764 sermones
767 699 937 754 vestri
980 711 1103 750 cum
1153 690 1412 761 operibus
1461 687 1790 738 consonent.
1867 677 2009 731 Nam

432 804 478 857 si
513 797 783 868 justitiam
822 788 1130 860 loquimini,
1168 800 1268 838 cur
1309 795 1506 836 manus
1546 783 1746 832 vestrae
1790 769 2015 840 injusti-

432 893 564 946 tiam
597 883 966 954 complicant?
1017 879 1093 932 Ex
1141 891 1249 946 quo
1279 888 1410 928 sane
1434 871 1613 941 palam
1660 875 1744 921 est
1776 879 1876 919 vos
1911 861 2018 915 ini-

430 985 669 1055 quitates
716 981 770 1030 in
822 973 990 1029 corde
1042 970 1302 1039 cogitare,
1335 972 1384 1018 et
1427 962 1531 1014 alia
1563 957 1784 1029 quidem
1831 960 2015 1006 mente

432 1090 640 1140 tenere,
686 1074 791 1126 alia
832 1085 927 1123 ore
959 1063 1230 1137 proloqui.
1293 1058 1354 1112 Si
1404 1069 1535 1122 ergo
1586 1066 1701 1104 vere
1735 1046 2014 1116 justitiam

433 1169 729 1242 loquimini.
765 1167 899 1219 heus
926 1161 1054 1215 vos!
1103 1163 1243 1210 recta
1269 1150 1529 1221 judicate,
1584 1153 1639 1198 ct
1684 1156 1805 1210 quae
1839 1135 2016 1206 loqui-

432 1267 566 1321 mini
599 1263 862 1334 peragite.
907 1268 1082 1323 neque
1131 1251 1186 1302 in
1243 1246 1408 1300 corde
1453 1241 1772 1309 iniquitates
1827 1243 2018 1299 opere-

433 1359 590 1420 m-ini,
661 1369 761 1407 nec
827 1359 1022 1402 manus
1055 1347 1247 1397 vestra:
1305 1331 1629 1404 iujustitiam
1663 1321 2013 1390 complicent.

433 1453 505 1505 τὰ
557 1448 754 1506 εὐθέα,

429 1548 489 1599 αἱ
531 1548 711 1615 χεῖρες
744 1535 899 1608 ὑμῶν
934 1529 1162 1598 ἀνομίαν
1201 1519 1686 1594 συμπλεκέτωσαν.

503 1638 670 1691 Vsus.
697 1634 729 1687 4
761 1632 814 1685 6.
850 1625 1084 1682 Alienati
1117 1630 1238 1674 sunt
1269 1625 1565 1686 peccatores
1602 1628 1633 1663 a
1670 1606 1843 1665 vulva,
1872 1615 2022 1656 erra-

431 1739 617 1788 verunt
650 1730 712 1781 ab
739 1735 910 1788 utero,
936 1717 1099 1774 locuti
1136 1723 1260 1769 sunt
1293 1711 1457 1780 falsa.
1505 1705 1630 1760 "£136
1653 1713 1870 1772 quoque
1897 1694 2021 1748 tiliis

430 1824 718 1880 hominum
743 1816 1001 1886 applicat,
1032 1808 1126 1880 qui
1171 1822 1229 1861 se
1281 1805 1448 1857 Deum
1475 1799 1676 1860 colere,
1713 1800 1766 1847 ct
1791 1787 2021 1860 iustitia:

433 1919 583 1987 leges
605 1913 754 1966 adire
780 1868 1130 1980 rpi'oiitentur,
1165 1912 1342 1967 neque
1363 1904 1543 1948 tamen
1568 1896 1719 1943 recte
1742 1885 2013 1955 iudicant.
2053 1868 2094 1926 Β

431 2010 541 2064 Eos
572 2007 738 2078 igitur
796 2002 876 2057 sic
919 1996 1209 2067 compellat
1245 2013 1256 2046 :
1293 1989 1439 2043 Heus
1487 1985 1618 2039 vos!
1683 1978 1887 2037 audite,
1923 1972 2018 2042 qui

429 2103 701 2171 justitiam
727 2113 820 2152 ore
851 2105 1012 2149 tenus
1065 2084 1375 2158 loquimini,
1405 2078 1660 2134 manibus
1693 2085 1825 2126 vero
1877 2065 2020 2133 inju-

431 2197 640 2251 stitia‘m
664 2187 992 2262 Operamini,
1057 2183 1339 2248 multaque
1391 2173 1556 2229 simul
1606 2175 1829 2238 peccata
1867 2175 2021 2215 com-

432 2291 652 2363 plicatis
673 2252 907 2356 ;inagno
928 2279 1098 2353 judici
1124 2279 1255 2330 latet
1285 2270 1420 2327 nihil
1446 2280 1636 2322 eorum
1672 2275 1792 2330 qua
1817 2252 2021 2354 singuli

432 2343 536 2363 τίη
674 2343 686 2354 ι
803 2343 830 2356 υ
928 2343 945 2353 .

431 2382 489 2436 in
508 2387 689 2434 mente
719 2381 962 2430 versant.
997 2367 1224 2423 Etiamsi
1277 2361 1423 2416 cnim
1472 2356 1595 2427 quis
1641 2350 1816 2406 oculis
1851 2343 2021 2399 homi-

433 2485 565 2525 num
625 2469 792 2522 latere
846 2463 1135 2526 videatur;
1187 2464 1241 2510 at
1297 2454 1438 2509 sciat
1493 2443 1720 2502 immani
1748 2457 1806 2496 se
1833 2450 2020 2494 errore

436 2562 811 2628 ducisescque
863 2555 1135 2622 decipere.
1167 2547 1354 2617 Neque
1378 2543 1522 2598 enim
1555 2550 1752 2606 magno
1807 2531 2024 2586 univer-

434 2668 622 2709 sorum
647 2650 821 2721 judici
859 2647 1109 2703 occultus
1133 2644 1257 2705 erit,
1290 2639 1358 2694 ad
1379 2637 1539 2706 cujus
1561 2628 1800 2685 tribunal
1829 2637 2022 2679 omnes

435 2749 719 2801 sistentur.
747 2739 1033 2807 Quomodo
1063 2743 1244 2790 autem
1273 2730 1383 2784 Deo
1415 2729 1585 2780 latere
1625 2721 1860 2794 possint,
1893 2729 2021 2770 cum

435 2841 758 2911 priusquam
786 2835 839 2886 in
886 2833 1063 2885 lucem
1093 2825 1397 2897 prodirent,
1426 2820 1498 2881 ei,
1535 2816 1627 2888 qui
1659 2813 1842 2870 omnia
1870 2809 2024 2866 novit

436 2942 730 3002 antequam
776 2929 935 2989 (iant,
996 2922 1200 2994 cogniti
1245 2915 1472 2974 essent?
1527 2912 1708 2978 Quare
1729 2914 2021 2974 antequam

436 3026 651 3086 tierent,
679 3037 796 3083 eos,
831 3017 986 3089 quasi
1007 3017 1119 3085 jam
1152 3011 1498 3068 exsisterent,
1524 3004 1658 3059 tales
1685 2999 1800 3054 fore
1832 2996 2024 3066 quales

433 3120 544 3188 jam
563 3122 692 3170 sunt
722 3110 1119 3183 prospiciebat:
1153 3103 1348 3158 exinde
1387 3098 1642 3165 verojatn
1674 3091 1818 3163 apud
1844 3091 2024 3160 ipsum

439 3401 550 3454 tur,
585 3387 842 3458 operibus
885 3379 1163 3436 contraria
1211 3373 1624 3447 aggredientes;
1660 3375 1715 3420 at
1763 3380 1874 3419 non
1911 3363 2024 3432 jam

427 3485 525 3556 pri
551 3498 684 3536 uum
714 3480 854 3549 apud
880 3476 1048 3530 Deum
1077 3473 1219 3527 tales
1254 3485 1376 3524 esse
1401 3466 1692 3521 videntur:
1719 3459 1811 3515 sed
1844 3457 2025 3528 prius-

437 3592 602 3645 quam
664 3590 731 3629 εχ
781 3580 938 3627 utero
998 3569 1316 3639 prodirent;
1350 3564 1486 3633 quin
1521 3566 1575 3613 et
1619 3563 1914 3623 antequam
1968 3549 2025 3603 in

436 3671 613 3724 vulvae
644 3665 990 3737 receptaculo
1011 3661 1437 3730 conciperentur
1455 3696 1468 3717 ,
1496 3670 1560 3708 ex
1585 3664 1814 3706 numero
1835 3661 2028 3701 erran-

441 3765 576 3816 tium
604 3763 757 3815 abeo
807 3758 1225 3827 reputabantur,
1261 3758 1313 3806 et
1342 3748 1488 3820 quod
1531 3747 1667 3801 tales
1719 3742 1890 3797 futuri
1941 3755 2027 3796 es-

441 3860 566 3908 sent
618 3869 726 3906 non
768 3850 1054 3920 ignorabat
1109 3847 1244 3915 ipse.
1291 3839 1396 3895 Sed
1433 3838 1502 3892 ab
1544 3853 1610 3892 eo
1640 3837 1753 3904 jam
1786 3843 2030 3901 tempore

441 3953 670 4001 noverat
691 3959 786 3998 eos
811 3943 946 3995 falsa
967 3941 1271 3998 locuturos,
1313 3941 1367 3988 et
1408 3931 1649 3985 furorem
1682 3929 1814 3997 ipsis
1844 3941 2031 3979 secun-

440 4039 568 4092 dum
591 4034 991 4091 similitudinem
1007 4030 1258 4099 serpentis
1286 4027 1421 4081 fore.
1451 4022 1634 4093 Θυμὸν
1649 4030 1827 4075 autem
1856 4017 2030 4073 Graeci

443 4131 625 4185 solent
651 4130 816 4183 etiam
842 4128 1083 4181 animam
1115 4121 1411 4192 appellare.
1442 4116 1712 4182 Quoniam
1738 4113 1906 4183 igitur
1929 4126 2030 4163 an-

443 4225 632 4295 tiqbus
649 4236 876 4290 serpens
925 4219 1020 4288 qui
1052 4216 1220 4269 Evam
1255 4213 1501 4282 decepit,
1526 4209 1686 4266 suavi
1717 4207 1939 4278 quidem
1975 4211 2030 4259 et

446 4316 624 4371 amica
654 4316 904 4369 oratione
956 4311 1211 4366 simulate
1237 4308 1514 4368 utebatur,
1549 4303 1643 4358 Dei
1695 4302 2030 4355 mentionem

445 4406 703 4474 faciebat,
771 4412 825 4459 et
867 4418 993 4457 cum
1060 4400 1297 4470 quadam
1359 4395 1577 4474 pietatis
1611 4391 1792 4461 specie
1817 4389 2032 4443 mulieri

446 4501 703 4555 dicebat:
738 4497 915 4562 Quare
939 4495 1076 4548 dixit
1115 4491 1254 4544 Deus
1283 4506 1295 4540 :
1333 4487 1414 4542 Ne
1444 4473 1734 4540 comedatis
1777 4497 1842 4535 ea:
1890 4481 2034 4534 omni

449 4595 610 4664 ligno,
632 4591 768 4662 quod
803 4598 880 4644 est
904 4591 958 4642 in
993 4584 1246 4656 paradiso
1278 4582 1358 4636 ’δεῖ
1395 4595 1459 4634 ac
1519 4592 1739 4632 rursum
1770 4594 1782 4628 :
1819 4573 2028 4628 Sciebat
2064 4567 2109 4625 D

445 4690 586 4744 enim
605 4686 765 4750 Deus,
788 4682 925 4754 quod
941 4694 1246 4751 quacunque
1267 4677 1351 4729 die
1368 4671 1698 4727 comederitis
1725 4685 1788 4722 ex
1810 4685 1890 4732 eo,
1912 4683 2034 4734 ape-

448 4786 654 4838 rientur
671 4779 811 4833 oculi
840 4777 1016 4839 vestri,
1045 4783 1092 4828 et
1113 4773 1259 4828 eritis
1277 4771 1413 4823 sicut
1452 4767 1550 4832 dii,
1578 4765 1797 4819 scientes
1842 4763 2035 4816 bonum

450 4884 500 4930 et
532 4873 812 4928 malum".
853 4874 919 4925 Et
972 4869 1170 4925 talibus
1205 4867 1424 4938 quidem
1458 4863 1620 4917 dictis
1650 4861 1937 4923 simulans,
1982 4867 2036 4914 et

449 4968 620 5024 Deum
645 4984 702 5022 se
719 4980 883 5020 nosse
934 4961 1252 5034 praeferens,
1295 4959 1577 5013 mulierem
1616 4958 2034 5028 alloquebatur;

449 5062 507 5116 in
526 5060 694 5115 corde
715 5066 895 5112 autem
926 5056 1246 5125 iniquitates
1289 5053 1644 5122 operabatur,
1689 5067 1751 5104 ac
1775 5052 2034 5120 operibus

449 5152 778 5222 iniustitiam
810 5150 1194 5219 complicabat.
1230 5146 1423 5202 Merito
1445 5147 1497 5200 bi
1531 5161 1750 5215 quoque
1779 5147 2040 5200 dicuntur

452 5245 696 5300 furorem
719 5252 772 5298 et
805 5243 1043 5297 animam
1075 5241 1278 5295 habere
1335 5249 1640 5296 memorato
1688 5240 1928 5310 serpenti
1964 5240 2040 5294 si-

454 5337 658 5390 milem.
682 5334 1045 5414 Quod‘ipsum
1077 5333 1220 5390 Deus
1249 5335 1590 5403 prtcscientia
1625 5349 1721 5388 sua
1758 5348 2037 5403 praeoccu—

454 5429 623 5494 pavit.
641 5426 778 5481 Nam
801 5427 879 5493 hi,
903 5427 1106 5483 auditis
1132 5428 1332 5482 divinis
1364 5427 1732 5489 sermonibus,
1756 5427 2040 5495 sacrisque

456 5519 638 5573 verbis
694 5520 918 5586 eruditi,
960 5519 1096 5573 nihil
1157 5519 1225 5574 ad
1283 5519 1574 5572 utilitatem
1631 5523 1867 5588 parient,
1911 5520 2040 5588 quia

459 5626 622 5667 aures
667 5613 1002 5678 occludunt,
1030 5628 1206 5683 neque
1249 5612 1562 5668 divinarum
1604 5615 2038 5670 incantationum

458 5702 691 5758 virtutes
727 5705 1025 5774 recipiunt,
1057 5705 1152 5761 sed
1173 5707 1383 5762 similes
1414 5713 1542 5763 sunt
1575 5707 1751 5778 aspidi
1780 5707 1960 5764 surdae
1990 5718 2043 5764 et

532 5861 576 5897 "‘
616 5860 750 5917 Gen.
791 5878 888 5930 ιιι,
926 5864 974 5918 i.
1050 5865 1094 5895 ”
1136 5864 1268 5922 ibid.
1308 5866 1360 5921 5.

2115 675 2379 746 ὑμέτεραι
2433 670 2688 744 πράξεις’
2739 669 3007 724 Ἀδικίαν
3039 669 3097 720 αἱ
3129 664 3325 734 χεῖρες
3350 659 3519 731 ὑμῶν
3557 673 3714 728 συμ-

2121 766 2436 818 πλέκουσι.
2485 761 2722 830 Κρίνατε
2764 754 2858 812 οὖν
2880 756 3062 818 εὐθέα,
3095 753 3202 808 υἱοὶ
3233 753 3341 805 τῶν
3385 747 3712 820 ἀνθρώπιον,

2126 858 2222 910 xui
2266 854 2554 924 λογίσασθε
2590 852 2717 922 παρ’
2743 851 2974 912 ἑαυτοῖς,
3015 849 3064 900 εί
3087 848 3199 909 τοῖς
3227 842 3515 912 ὑμετέροις
3535 835 3732 908 λόγοιςὶ

2126 949 2411 1018 συμφωνεῖ
2454 944 2522 997 τά
2567 943 2722 1013 ἔργα.
2754 941 2815 993 Ei
2846 939 2954 1010 γὰρ
2981 934 3324 1002 δικαιοσύνην
3346 931 3574 992 λαλεῖτε,
3595 927 3710 992 πῶς

2124 1040 2180 1094 αἱ
2206 1017 2388 1109 νχεῖρες
2439 1033 2591 1104 ὑμῶν
2628 1031 2840 1086 ἀδικίαν
2883 1028 3320 1100 συμπλέκουσιν;
3353 1025 3467 1093 Ἀφ’
3500 1017 3560 1076 οῦ
3600 1020 3710 1074 δεί-

2126 1129 2325 1182 κνυσθε
2350 1127 2580 1196 ἀνομίας
2613 1127 2668 1177 ἐν
2700 1126 2762 1193 τῇ
2799 1120 2996 1193 καρδίᾳ.
3025 1117 3380 1187 λογιζόμενοι,
3418 1114 3513 1166 xui
3545 1112 3712 1181 ἕτερα.

2137 1221 2236 1281 μὲν
2267 1217 2656 1286 διανοούμενοι,
2688 1215 2852 1284 ἐτερα
2897 1211 2952 1263 δὲ
3000 1208 3075 1279 τῷ
3130 1207 3356 1277 στόματι
3403 1200 3710 1262 λαλοῦντες.

2125 1315 2194 1365 Ei
2228 1311 2306 1378 δὴ
2339 1305 2432 1364 οὖν
2459 1307 2697 1376 άληθῶς
2725 1303 3120 1367 δικαιοσύνην
3161 1297 3432 1360 λαλεῖτε,
3472 1295 3715 1362 κρίνατε

829 1383 1022 1402 mam...
1064 1383 1247 1397 .-μην
1306 1383 1512 1404 -.-Γ-ρ.
1791 1383 1803 1390 _

820 1437 862 1495 ῶ
916 1433 1082 1499 οῦτοι,
1119 1433 1215 1485 xui
1255 1429 1398 1497 ἅπερ
1441 1424 1673 1483 λαλεῖτε,
1709 1413 1883 1468 ταῦτα
1927 1409 2020 1462 καὶ
2059 1409 2352 1477 πράττετε,
2401 1401 2535 1473 μηδὲ
2573 1401 2631 1452 ἐν
2682 1397 2880 1469 καρδίᾳ
2911 1394 3138 1464 ἀνομίας
3193 1387 3512 1462 ἐργάζεσθε,
3579 1383 3714 1455 μηδὲ

2119 1675 2561 1743 ἐπλανήθησαν
2610 1671 2728 1727 ἀπὸ
2775 1669 3072 1740 γαστρὸς,
3125 1666 3439 1729 ἐλάλησαν
3487 1662 3710 1731 ψευδῆ.

2121 1773 2232 1826 Καὶ
2270 1771 2444 1823 ταῦτα
2491 1767 2628 1839 πρὸς
2664 1766 2790 1827 τοὺς
2819 1764 2969 1825 υἱοὺς
3016 1759 3126 1812 τῶν
3159 1756 3460 1829 ἀνθρώπων
3493 1752 3715 1808 ἀποτεί-

2127 1879 2277 1918 νεται
2304 1864 2431 1924 τοὺς
2464 1854 2965 1927 ἐπαγγελλομένους
2995 1849 3268 1922 θεοσεϐεῖν
3285 1889 3299 1912 ,
3343 1847 3438 1901 xui.
3463 1847 3588 1908 τοὺς
3613 1845 3714 1914 τῆς

2119 1953 2469 2024 δικαιοσύνης
2518 1946 2878 2021 μετέρχεσθαι
2922 1944 3161 2014 νόμους,
3199 1940 3274 2011 μὴ
3322 1940 3609 2010 κρίνοντας
3654 1934 3714 1988 δὲ

2120 2047 2312 2119 ὀρθῶς.
2345 2044 2514 2115 Φησῖν
2540 2038 2633 2094 οὖν
2663 2039 2800 2111 πρὸς
2829 2034 3028 2098 αὑτούς
3047 2051 3060 2065 ο
3102 2032 3397 2086 Ἀκούσατε
3417 2072 3432 2097 ,
3456 2024 3500 2082 ῶ
3531 2023 3675 2082 οὗτοι
3693 2066 3710 2094 ,

2119 2112 2170 2193 oi
2211 2112 2502 2197 λαλοῦντες
2543 2133 2641 2204 μὲν
2671 2127 3017 2196 δικαιοσύνην
3046 2124 3124 2195 τῷ
3169 2112 3436 2192 στόματι,
3485 2119 3712 2192 ἐργαζό-

2127 2247 2278 2302 μενοι
2321 2229 2376 2282 δὲ
2401 2230 2522 2290 ταῖς
2565 2225 2749 2296 χερσὶν
2793 2219 3037 2283 ἀδικίαν,
3095 2215 3189 2270 x'ui.
3233 2214 3432 2277 πολλάς
3472 2212 3613 2265 κατά
3649 2210 3712 2266 τὸ
3803 2256 3818 2264 -

2121 2323 2252 2376 αὑτὸ
2288 2319 2693 2390 συμπλέκοντες
2722 2312 2998 2384 ἁμαρτίας
3021 2325 3033 2339 ο
3061 2310 3150 2362 τὸν
3188 2307 3362 2379 μέγαν
3393 2305 3587 2375 κριτὴν
3620 2303 3710 2356 οὑ-

2120 2415 2207 2468 δὲν
2237 2413 2489 2467 λανθάνει
2511 2409 2616 2463 τῶν
2638 2406 2780 2460 κατά
2813 2406 3049 2459 διάνοιαν
3075 2401 3290 2470 ἑκάστῳ
3319 2395 3708 2466 λογιζομένων.

2122 2506 2242 2560 Κᾶν
2270 2505 2379 2576 γὰρ
2408 2505 2538 2573 δοκῇ
2580 2519 2664 2564 τις
2711 2497 3016 2570 ἀνθρώπων
3057 2493 3371 2564 ὀφθαλμοὺς
3412 2489 3712 2562 κρύπτειν,

2123 2600 2237 2654 ἀλλ’
2293 2598 2461 2661 ἴστω,
2517 2597 2598 2649 ὅτι
2643 2593 2823 2664 δεινὴν
2871 2591 3081 2661 πλάνην
3129 2587 3468 2656 πεπλάνηται
3521 2581 3714 2636 ἐαυτὸν

2124 2691 2368 2745 ἀπατῶν.
2411 2688 2486 2740 Οὑ
2517 2686 2626 2758 γὰρ
2673 2684 2763 2737 τὸν
2797 2683 2970 2754 μέγαν
3009 2680 3119 2733 τῶν
3150 2679 3286 2732 ὅλων
3320 2675 3511 2750 κριτὴν
3550 2673 3714 2745 λήσε-

2123 2802 2247 2846 ται,
2295 2776 2357 2835 οὗ
2401 2781 2600 2841 πάντες
2649 2776 2754 2848 πρὸ
2791 2775 2886 2828 τοῦ
2931 2773 3174 2844 βήματος
3220 2765 3710 2841 παραστησόμεθα.

2124 2876 2251 2938 Πῶς
2273 2876 2315 2928 δ’
2341 2873 2406 2928 ἂν
2435 2872 2529 2926 xui
2567 2869 2778 2924 λάθοιεν
2801 2867 2891 2920 τὸν
2922 2866 3052 2919 Θεὸν
3081 2860 3244 2926 οὗτοι,
3279 2863 3441 2916 ὁπότε
3466 2861 3558 2915 xui
3584 2860 3714 2930 πρὶν

2125 2969 2204 3031 εἰς
2221 2967 2346 3036 ιφῶς
2370 2963 2651 3036 προελθεῖν
2673 2960 2890 3021 αὑτοὺς,
2919 2957 3101 3010 πάντα
3127 2957 3290 3009 εἰδότι
3323 2954 3426 3025 πρὸ
3447 2952 3715 3022 γενέσεως

2126 3059 2306 3114 αὑτῶν
2349 3055 2746 3127 ἐγνωρίζοντο;
2786 3050 2878 3103 Διὸ
2927 3050 3057 3121 πρὶν
3102 3045 3431 3116 γεννηθῆναι
3481 3042 3715 3106 αὑτοὺς,
3793 3109 3796 3112 _

2126 3153 2202 3216 ὼς
2229 3151 2329 3223 Ιήδη
2359 3147 2675 3218 ὑφεστῶτας
2695 3185 2710 3209 ,
2741 3144 2836 3198 xui.
2861 3140 3135 3202 τοιούτους
3173 3139 3330 3201 ὄντας
3363 3132 3464 3190 οἷοι
3489 3134 3582 3187 νῦν
3609 3134 3715 3186 εἱσι

2001 3216 2094 3308 :c
2129 3216 2417 3314 προεώραἐ
2459 3240 2558 3310 ἤδη
2601 3254 2660 3289 τε
2709 3234 2768 3300 ἐξ
2811 3235 3023 3288 ἐκείνου
3066 3231 3362 3300 ἀπόϐλητοι
3405 3223 3543 3298 ἦσαν
3583 3226 3714 3295 παρ’

2126 3313 2295 3404 αὑτῷ.
2334 3327 2930 3399 Ἀπηλλοτριώθησαν
2956 3323 3086 3394 γοῦν
3120 3325 3173 3376 οὶ
3213 3317 3547 3390 ἁμαρτωλοὶ
3595 3313 3712 3369 ἀπὸ

2122 3428 2376 3498 μήτρας.
2401 3425 2512 3477 Kui
2539 3425 2586 3476 εἰ
2609 3422 2703 3475 xui
2733 3419 2802 3472 τὰ
2837 3419 3072 3489 μάλιστα
3102 3417 3342 3486 σήμερον
3369 3408 3713 3478 δικαιοσύνην

2127 3519 2308 3573 λαλεῖν
2335 3514 2782 3589 προσποιοῦνται,
2810 3515 2922 3574 τοῖς
2949 3510 3133 3582 ἔργοις
3162 3507 3230 3559 τά
3270 3503 3492 3558 ἐναντία
3523 3516 3717 3572 μετερ-

2127 3613 2372 3685 χόμενοι,
2408 3609 2521 3663 ἀλλ’
2550 3609 2611 3662 ού
2649 3607 2744 3661 καὶ
2779 3604 2930 3675 παρὰ
2957 3599 3075 3672 Θεῷ
3108 3599 3203 3654 νῦν
3237 3599 3516 3668 ἐφάνησαν
3539 3593 3714 3648 τοιοῦ-

2128 3724 2210 3760 τοι
2237 3721 2248 3737 ³
2278 3705 2408 3775 πρὶν
2431 3702 2492 3756 δὲ
2532 3701 2640 3754 ἀπὸ
2673 3697 2912 3768 γαστρὸς
2941 3693 3222 3765 προελθεῖν
3260 3689 3478 3753 αὑτοὺς,
3518 3686 3730 3758 μᾶλλον,

2129 3798 2186 3852 δὲ
2217 3798 2313 3850 xui
2341 3796 2447 3868 πρὸ
2487 3793 2582 3846 τοῦ
2623 3789 2994 3860 συλληφθῆναι
3029 3790 3086 3840 ἐν
3131 3785 3212 3855 τῷ
3248 3784 3348 3854 τῆς
3386 3782 3599 3852 μήτρας
3628 3777 3714 3830 δο-

2130 3889 2295 3961 χείῳ,
2325 3867 2852 3954 ἐνίπεπλανημένοις
2883 3877 3240 3948 ἐλογίσθησαν
3272 3873 3400 3944 παρ’
3425 3869 3596 3940 αὑτῷ,
3621 3867 3717 3921 καὶ

2134 3959 2419 4052 μέλλοντες
2452 3967 2670 4030 ἔσεσθαι
2703 3973 2932 4026 τοιοῦτοι
2959 3971 3060 4023 οὑκ
3093 3962 3552 4039 ἡγνοοῦντο.”Ηδη
3574 3961 3631 4013 δὲ
3657 3959 3716 4027 ἐξ

2131 4073 2340 4126 ἐκείνου
2391 4071 2466 4134 ὡς
2509 4069 2575 4122 ἂν
2623 4066 2910 4138 μέλλοντες
2958 4063 3026 4115 τὰ
3081 4060 3252 4130 ψευδῆ
3303 4057 3484 4110 λαλεῖν
3531 4051 3720 4122 ἐγινὼο

2135 4180 2358 4225 σκοντο,
2396 4162 2490 4215 καὶ
2514 4160 2590 4223 ὡς
2621 4158 2792 4229 θυμὸς
2824 4157 3009 4218 αὑτοῖς
3043 4155 3160 4206 ἐστι
3194 4149 3346 4204 κατὰ
3370 4147 3486 4216 τὴν·
3514 4144 3720 4215 ὁμοίω-

2132 4271 2237 4310 σιν
2262 4255 2368 4309 τοῦ
2390 4254 2618 4323 ’ὄφεωᾳ
2648 4251 2830 4321 Θυμὸν
2860 4249 2917 4301 δὲ
2943 4247 3038 4300 καὶ
3067 4244 3166 4315 τὴν
3203 4241 3378 4314 ψυχὴν
3411 4239 3504 4294 xui
3533 4237 3720 4299 παῖδες

2145 4347 2410 4417 Ἐλλήνων
2448 4343 2632 4398 καλεῖν
2677 4341 2955 4394 εἰώθασιν.
3007 4337 3160 4390 Ἐπεὶ
3199 4334 3380 4386 τοίνυν
3412 4332 3507 4385 xui.
3552 4331 3580 4382 ὁ
3616 4346 3721 4380 πα-

2133 4439 2282 4501 λαιὸς
2320 4437 2474 4506 ὄφις,
2520 4435 2619 4506 τὴν
2654 4433 2797 4488 Εύαν
2830 4433 3150 4501 ἀπατήσας,
3201 4425 3580 4495 προσεποιεῖτο
3619 4420 3719 4490 μὲν

2135 4529 2363 4600 γλυκείᾳ⁸
2414 4529 2507 4580 xui.
2561 4526 2749 4596 φιλικῇ
2799 4521 3100 4600 κεχρῆσθαι
3147 4517 3363 4589 ὁμιλίᾳ,
3403 4517 3621 4587 μνήμην
3658 4529 3718 4566 τε

2139 4619 2275 4672 Θεοῦ
2324 4617 2627 4678 ποιεῖσθαι,
2661 4615 2752 4668 καί
2799 4631 2919 4667 τινα
2943 4597 3349 4664 ἐπίδείκνυσθαι
3394 4605 3715 4671 εὐλάϐειαν,

2138 4712 2309 4781 λέγων
2359 4713 2425 4780 τῇ
2473 4709 2725 4778 γυναικί·
2778 4709 2838 4760 Τί
2871 4706 2961 4759 ὅτι
2997 4700 3167 4758 εἶπεν
3202 4705 3234 4755 o'
3282 4701 3458 4766 Θεόςο
3505 4703 3586 4754 Οὐ
3630 4698 3718 4769 μὴ

2140 4801 2365 4871 φάγητε
2390 4800 2508 4854 ἀπὸ
2536 4798 2763 4864 παντὸς
2789 4796 2979 4861 ξύλου
3016 4795 3121 4848 τοῦ
3137 4794 3208 4846 ἐν
3229 4790 3308 4856 τῷ
3345 4789 3721 4858 παραδείσφς

2139 4894 2234 4946 xui
2266 4892 2457 4946 πάλιν·
2497 4885 2663 4963 ’ᾙδει
2707 4889 2818 4958 γὰρ
2855 4893 2887 4942 o'
2915 4887 3059 4953 Θεὸς
3081 4927 3094 4950 ,
3126 4887 3216 4939 ὅτι
3247 4879 3288 4956 ᾗ
3326 4883 3376 4936 δ’
3412 4883 3491 4937 ἂν
3532 4882 3727 4950 ⁴ἡμέρᾳ

2138 4983 2364 5052 φάγητε
2414 4982 2514 5036 ἀπ’
2579 4979 2800 5045 αὑτοῦ,
2863 4973 3387 5043 διανοιχθήσονται
3444 4970 3612 5040 ὑμῶν
3670 4972 3726 5023 οἱ

2141 5074 2433 5143 ὀφθαλμοὶ
2455 5111 2470 5137 ,
2516 5073 2614 5126 καὶ
2639 5072 2859 5126 ἔσεσθε
2892 5068 2972 5134 ὡς
2995 5067 3148 5132 θεοὶ,
3181 5064 3576 5136 γινώσκοντες
3621 5077 3729 5115 κα-

2139 5166 2254 5220 λὸν
2279 5164 2379 5219 καὶ
2405 5164 2699 5231 πονηρόνο
2732 5162 2824 5215 xui
2864 5159 3088 5213 τοιαῦτα
3123 5159 3220 5228 μὲν
3260 5154 3724 5227 ὑποκρινόμενος,

2141 5259 2235 5309 xui
2265 5256 2356 5308 τὸν
2385 5255 2518 5307 Θεὸν
2551 5253 2748 5306 εἰδέναι
2779 5248 3247 5322 προσποιούμενος
3266 5288 3279 5311 ,
3312 5245 3505 5317 ὡμίλει
3524 5247 3602 5315 ,τῇ
3629 5261 3729 5312 γυ-

2142 5349 2322 5412 ναικὶ,
2371 5351 2428 5400 ἐν
2473 5345 2671 5418 καρδίᾳ
2716 5345 2774 5398 δὲ
2828 5344 3059 5415 ἀνομίας
3103 5339 3419 5413 εἰργάζετο,
3469 5339 3564 5392 xui
3613 5339 3730 5398 τοῖς

2141 5443 2321 5512 ἔργοις
2345 5440 2557 5494 ἀδικίαν
2584 5438 2915 5492 συνέπλεκεν
2937 5453 2948 5466 '
2965 5435 3190 5497 εἰκότως
3216 5433 3310 5486 καὶ
3339 5432 3449 5484 οἵδε
3477 5431 3730 5499 λέγονται

2144 5535 2314 5604 θυμὸν
2342 5533 2486 5604 ἔχειν
2518 5536 2611 5586 xui
2639 5529 2816 5601 ψυχὴν
2847 5530 3040 5600 ὁμοίαν
3070 5527 3148 5600 τῷ
3177 5526 3532 5599 προλεχθέντι
3566 5525 3686 5592 ὄφει
3709 5539 3724 5552 ·

2143 5625 2172 5678 ὃ
2203 5625 2264 5696 δὴ
2293 5626 2386 5678 καὶ
2417 5623 2550 5677 αὑτὸ
2577 5623 2905 5694 προείληφεν
2926 5621 2954 5672 ὁ
2985 5619 3118 5682 Θεὸς
3149 5620 3215 5690 τῇ
3253 5616 3579 5690 προγνώσει.
3607 5613 3730 5668 Τῶν

2145 5718 2253 5790 γὰρ
2277 5717 2436 5773 θείων
2472 5715 2848 5780 είσακούοντες
2889 5714 3062 5782 λόγων
3092 5713 3186 5769 xui
3215 5715 3324 5777 τοῖς
3360 5712 3525 5784 ἱεροῖς
3555 5708 3732 5781 μαθη-
