4138 6386
393 370 497 428 521

1533 371 2043 431 COMMENTARIA
2078 370 2145 427 IN
2188 369 2535 429 PSALMOS.

3567 359 3674 420 522

384 486 671 559 τευόμενοι
698 488 929 560 ῥήμασι,
951 488 1104 545 οὐδὲν
1135 490 1481 561 τικτήσονται
1516 490 1654 562 πρὸς
1688 488 1958 561 ὠφελείας

2088 487 2368 543 obturanti
2391 500 2554 541 aures
2582 497 2736 550 suas,
2770 490 2829 538 ut
2857 496 2969 537 non
3001 477 3257 537 exaudiat
3285 491 3450 533 voces
3480 475 3670 531 incan-

386 582 476 635 διὰ
504 582 565 634 τὸ
595 581 746 652 βύειν
766 582 835 636 τὰ
857 578 992 650 ὦτα,
1016 585 1109 638 καὶ
1143 585 1218 655 μὴ
1252 582 1653 654 καταδέχεσθαι
1679 582 1790 637 τῶν
1817 582 1979 636 θείων

386 672 610 744 ἐπῳδῶν
645 672 744 738 τὰς
776 674 1036 746 δυνάμεις
1055 716 1070 740 ,
1104 674 1499 746 ἀφομοιοῦσθαι
1532 674 1595 740 δὲ
1613 675 1801 729 ἀσπίδι
1819 676 1976 747 κωφῇ

384 763 480 817 καὶ
515 761 720 836 βυούσῃ
750 764 820 817 τά
850 759 966 819 ὦτα
1002 766 1196 837 αὐτῆς,
1227 766 1364 840 πρὸς
1390 767 1453 821 τὸ
1486 767 1561 839 μὴ
1595 766 1827 821 ἀκοῦσαι
1861 784 1977 837 φω-

384 855 485 925 νῆς
514 854 845 927 ἐπᾳδόντων,
892 860 1307 928 φαρμακοῦται
1335 860 1408 931 (l)
1440 860 1976 930 φαρμακευομένου

382 946 544 1015 παρὰ
583 948 803 1017 σοφοῦ.
842 948 934 1019 Τῷ
965 949 1063 1021 μὲν
1095 946 1187 1005 οὖν
1214 952 1337 1023 δφει
1368 952 1731 1024 ὼμοιώθησαν
1756 952 1848 1007 διὰ
1876 951 1976 1023 τὴν

382 1037 673 1108 ὑπόκρισιν
705 1039 800 1092 καὶ
821 1038 922 1110 τὴν
950 1039 1285 1094 ἐπίπλαστον
1317 1040 1448 1111 περὶ
1474 1040 1609 1094 Θεοῦ
1640 1040 1879 1111 ὁμιλίαν,
1904 1042 1972 1111 τῇ

286 1126 287 1129 “
380 1128 436 1181 δὲ
466 1129 651 1183 ἀσπίδι
683 1129 774 1184 διὰ
796 1130 859 1183 τὸ
893 1131 1160 1204 κρύπτειν
1186 1135 1244 1187 ἐν
1268 1132 1453 1196 αὐτοῖς
1476 1132 1570 1187 τὸν
1598 1132 1974 1205 θανατηφόρον

384 1222 481 1275 ἰόν.
523 1223 663 1276 Ἀλλ’
700 1225 748 1277 εί
782 1226 880 1296 μὲν
914 1225 1102 1290 ἀπλῶς
1127 1227 1315 1280 ἀσπίδι
1346 1225 1792 1297 παρεϐλήθησαν,
1815 1224 1974 1291 ἐλπὶς

380 1313 447 1367 ἀν
471 1310 540 1385 ἦν
570 1332 700 1368 ποτε
730 1316 1211 1389 ὠφεληθήσεσθαιο
1243 1318 1366 1371 ἐπεὶ
1399 1318 1493 1372 καὶ
1522 1316 1582 1370 τὸ
1613 1316 1784 1371 δεινὸν
1809 1318 1975 1389 ἐρπε-

378 1404 470 1457 τὸν
505 1405 683 1457 ἐκεῖνό
710 1407 859 1459 ἐστιν
896 1407 984 1459 ὅτε
1020 1405 1081 1472 ἐξ
1105 1407 1318 1479 ἐπῳδῆς
1353 1407 1449 1461 καὶ
1478 1407 1825 1476 κατασκευῆς
1855 1406 1975 1460 ἐτέ-

381 1513 491 1566 ρων
520 1497 683 1550 τινῶν
712 1498 1047 1571 ἀπορρίπτει
1095 1500 1185 1554 τὸν
1214 1501 1311 1565 ἰὸν,
1342 1501 1437 1555 καὶ
1469 1500 1559 1554 τὸν
1586 1500 1755 1571 θυμὸν
1784 1499 1974 1554 ἀποτί-

376 1587 550 1653 θεται,
586 1591 679 1643 καὶ
709 1589 899 1663 ὥσπερ
932 1592 1333 1664 ἀπονεκροῦται
1364 1594 1463 1664 τὴν
1495 1593 1691 1646 κακίαν
1711 1610 1725 1624 ο
1761 1595 1809 1645 εἰ
1850 1593 1907 1645 δὲ
1938 1593 1971 1663 ἡ

374 1680 601 1751 τοιαύτη
653 1682 757 1752 τῆς
801 1684 1031 1748 ἀσπίδος
1077 1686 1273 1757 πικρία
1314 1685 1539 1757 δυνάμει
1593 1686 1767 1755 λόγων
1810 1685 1971 1740 τινῶν

379 1776 661 1841 ἐξασθενεῖ
695 1779 785 1832 καὶ
815 1778 1275 1851 ἀπομαραίνεται,
1300 1780 1391 1833 τὸν
1421 1782 1496 1834 ἱόν
1517 1798 1576 1833 τε
1607 1780 1967 1852 ἀπορρίπτει,

375 1869 428 1923 τί
456 1870 560 1940 χρὴ
593 1869 772 1938 λέγειν
804 1873 932 1943 περὶ
961 1870 1251 1943 ἀνθρώπου
1288 1872 1485 1943 ψυχῆς,
1509 1873 1609 1941 τῆς
1634 1873 1753 1925 κατ’
1782 1872 1965 1926 εἰκόνα

372 1958 510 2012 Θεοῦ
541 1959 918 2031 γεγενημένης
944 2001 957 2024 ,
984 1960 1098 2012 ἀλλ’
1129 1961 1211 2013 ὅτι
1238 1960 1334 2013 καὶ
1365 1960 1502 2030 αὐτὴ
1533 1959 1668 2013 πολὺ
1706 1958 1962 2031 μᾶλλονῆ

372 2050 436 2103 τὸ
484 2052 813 2122 ἐρπυστικὺν
856 2053 1034 2105 ἐκεῖνο
1077 2052 1234 2120 γένος
1294 2050 1586 2121 μετέϐαλεν
1641 2049 1709 2104 ἀν
1751 2051 1846 2104 ἐπὶ
1904 2051 1966 2103 τὸ

374 2144 658 2214 κρεῖττον,
704 2143 805 2213 τῆς
840 2143 1038 2206 κακίας
1093 2143 1170 2196 ἰὸν
1216 2142 1562 2215 ἀποθεμένη,
1605 2144 1655 2195 εἰ
1704 2145 1963 2216 παρεῖχεν

371 2234 575 2306 ιαυτὴν
605 2237 671 2305 τῇ
716 2235 782 2287 ὲκ
827 2234 936 2288 τῶν
970 2234 1127 2288 θείων
1171 2234 1510 2305 μαθημάτων
1545 2233 1814 2306 ὠφελείᾳ,
1869 2237 1964 2287 καὶ

369 2328 492 2391 ταῖς
520 2326 739 2398 ἀληθῶς
769 2326 1150 2391 θεοπνεύστοις
1184 2327 1419 2397 ἐπῳδαῖς
1444 2345 1458 2393 ;
1491 2327 1583 2380 Διὸ
1609 2327 1674 2398 δὴ
1715 2327 1962 2400 ἀκριϐῶς

369 2421 399 2473 ὁ
424 2418 580 2488 λόγος
621 2422 720 2489 οὐχ
750 2419 938 2483 ἁπλῶς
966 2420 1154 2474 ἀσπίδι
1198 2421 1298 2490 τὴν
1340 2420 1598 2489 τοιαύτην
1631 2419 1958 2490 παρέϐαλεν,

371 2509 486 2563 ἀλλ’
535 2510 723 2564 ἀσπίδι
954 2551 967 2575 ,
998 2512 1097 2565 οὐκ
1143 2513 1209 2564 ἐκ
1251 2511 1466 2579 φύσεως
1517 2510 1654 2585 οὔσῃ
1699 2510 1956 2583 τοιαύτῃ,

368 2600 483 2654 ἀλλ’
522 2602 587 2653 ἐκ
619 2603 998 2673 προαιρέσεως
1031 2602 1231 2673 ἑαυτὴν
1260 2602 1648 2675 άποκωφούσῃ.
1687 2602 1778 2654 Διὸ
1804 2602 1956 2672 εἰρη-

366 2706 490 2753 ται,
548 2690 644 2757 Ὠς
680 2690 942 2757 ἀσπίδος
988 2690 1195 2760 κωφῆς
1243 2690 1346 2744 καὶ
1395 2693 1678 2758 ,θυούσης
1724 2690 1798 2745 τὰ
1840 2686 1961 2744 ὦτα

364 2779 577 2850 αὐτῆς.
629 2781 786 2835 Οὕτω
825 2781 936 2854 γάρ
988 2799 1121 2836 ποτε
1170 2782 1266 2836 καὶ
1309 2782 1598 2853 ἄνθρωπος
1639 2782 1748 2835 τῶν
1798 2782 1958 2836 θείων

363 2873 597 2943 ἀνήκοος
626 2873 820 2942 λόγων,
848 2875 909 2927 οὐ
950 2873 1103 2945 παρά
1136 2874 1199 2927 τδ
1228 2873 1592 2944 κεκωφῶσθαι
1620 2873 1719 2945 τὴν
1750 2873 1954 2946 ψυχὴν,

363 2965 655 3037 ἐπέρηται
686 2968 785 3037 τῆς
810 2967 1000 3037 ἀκοῆς,
1031 2966 1183 3038 παρά
1214 2966 1268 3019 δὲ
1304 2967 1402 3037 τὴν
1425 2966 1631 3021 οἰκείαν
1664 2966 1917 3037 βούλησιν
1938 2983 1950 2996 ’

362 3054 509 3111 ἑκὼν
543 3057 653 3130 γὰρ
695 3058 884 3113 ἐαυτὸν
922 3060 1211 3128 ἀποκωφοῖ
1258 3058 1577 3129 βιαζόμενος
1620 3058 1717 3130 τὴν
1754 3059 1954 3113 ἑαυτοῦ

2080 580 2339 643 tantium,
2368 592 2546 647 neque
2590 576 2820 646 recipiat
2848 573 3135 629 remedium
3185 589 3217 625 a
3255 570 3487 640 sapiente
3510 584 3690 638 para»

2081 682 2217 727 tum.
2247 672 2497 742 Serpenti
2523 670 2688 741 igitur
2710 668 2922 725 similes
2958 673 3111 731 sunt,
3157 665 3230 721 ob
3254 658 3596 737 hypocrisin,
3618 672 3673 718 et

2079 763 2398 820 simulatum
2440 762 2574 817 illud
2610 759 2679 817 de
2717 759 2829 816 Deo
2868 759 3239 830 colloquium;
3290 755 3470 828 aspidi
3514 770 3667 820 vero,

2078 859 2207 928 quia
2264 858 2426 913 letale
2480 870 2754 912 venenum
2793 855 2850 908 in
2898 869 2959 909 se
3016 852 3318 908 occultant.
3373 849 3576 905 Verum
3621 849 3669 904 si

2079 948 2257 1020 aspidi
2287 948 2558 1003 duntaxat
2605 943 2962 1016 comparandi
2988 950 3196 1008 essent,
3231 957 3358 1013 spes
3388 941 3531 997 foret
3572 955 3669 995 eos

2078 1041 2371 1113 aliquando
2412 1040 2700 1094 utilitatem
2735 1043 3093 1108 percepturos
3129 1051 3141 1086 :
3184 1034 3456 1105 siquidem
3488 1031 3665 1088 ferum

2076 1135 2213 1191 illud
2252 1133 2465 1204 reptile,
2526 1148 2595 1188 ex
2651 1129 3101 1186 incantationeet
3135 1126 3367 1183 artificio
3400 1139 3665 1196 quorum-

2077 1229 2228 1293 dam,
2278 1228 2432 1282 virus
2470 1240 2870 1296 nonnunquam
2906 1222 3119 1294 abjicit,
3174 1219 3527 1290 furoremque
3565 1217 3664 1273 de-

2076 1321 2254 1391 ponit,
2286 1329 2339 1375 et
2373 1318 2532 1389 quasi
2565 1316 2939 1389 exstinguitur
2972 1312 3153 1387 quoad
3185 1311 3472 1369 malitiam.
3505 1308 3659 1376 Quod

2082 1411 2131 1468 si
2157 1411 2287 1466 talis
2322 1410 2596 1466 acerbitas
2641 1408 2850 1480 aspidis
2889 1408 2940 1462 vi
2975 1404 3338 1478 quorumdam
3367 1403 3661 1458 verborum

2075 1504 2393 1560 debilitatur
2416 1510 2470 1559 et
2522 1501 2837 1565 marcescit,
2877 1513 3259 1569 venenumque
3290 1495 3500 1567 abjicit,
3529 1490 3664 1564 quid

2079 1596 2370 1655 dicendum
2402 1596 2470 1651 de
2497 1596 2681 1650 anima
2705 1592 2968 1656 hominis,
3002 1606 3124 1662 qua:
3148 1587 3214 1644 ad
3245 1586 3537 1658 imaginem
3563 1582 3663 1639 Dei

2076 1687 2218 1743 facta
2247 1697 2352 1751 est,
2386 1686 2494 1741 nisi
2520 1700 2641 1741 eam
2667 1684 2840 1738 multo
2872 1682 3055 1754 potius
3078 1695 3244 1752 quam
3276 1677 3473 1749 reptile
3524 1674 3663 1731 illud

2074 1793 2269 1849 genus,
2297 1777 2546 1847 deposito
2569 1775 2792 1831 malitia:
2821 1788 3053 1838 veneno,
3110 1773 3166 1827 in
3214 1769 3410 1825 melius
3439 1776 3663 1823 mutan-

2072 1870 2199 1926 dam
2231 1886 2388 1937 esse;
2416 1871 2464 1926 si
2494 1877 2677 1925 tamen
2731 1881 2855 1924 sese
2902 1866 3213 1922 divinarum
3239 1860 3660 1932 disciplinarum

2069 1962 2316 2030 utilitati,
2352 1970 2407 2018 et
2438 1961 2842 2017 divinitusvere
2873 1956 3157 2029 inspiratis
3186 1953 3659 2010 incantationibus

2069 2053 2343 2126 applicet?
2403 2052 2770 2118 Quamobrem
2804 2056 3064 2105 accurate
3096 2062 3280 2103 sermo
3330 2060 3441 2099 non
3474 2042 3655 2114 aspidi

2068 2146 2392 2217 simpliciter
2421 2146 2589 2201 talem
2650 2143 2889 2198 animam
2936 2139 3308 2211 comparavit,
3335 2137 3431 2193 sed
3476 2135 3654 2207 aspidi

2066 2235 2272 2300 surdae,
2304 2250 2427 2305 quae
2470 2250 2581 2289 non
2633 2248 2701 2288 ex
2760 2239 2957 2287 natura
3004 2245 3105 2286 sua
3139 2227 3305 2283 surda
3338 2227 3430 2294 sit,
3465 2226 3562 2283 sed
3587 2240 3656 2281 ex

2064 2323 2287 2394 propria
2335 2324 2619 2378 voluntate
2650 2322 2775 2377 talis
2809 2320 3065 2377 evaserit.
3102 2318 3285 2386 Quare
3309 2317 3516 2373 dictum
3547 2324 3651 2384 est,

2065 2414 2214 2469 Sicut
2269 2413 2469 2482 aspidis
2504 2415 2681 2467 surda:
2733 2421 2784 2467 et
2822 2411 3122 2465 obturantis
3169 2424 3325 2464 aures
3372 2423 3520 2462 suas.
3560 2405 3654 2460 Sic
3723 2453 3736 2459 -

2060 2507 2207 2559 enim
2244 2504 2538 2575 aliquando
2560 2505 2723 2559 homo
2748 2504 2908 2558 verba
2927 2502 3111 2557 divina
3140 2516 3249 2554 non
3275 2498 3524 2561 audims,
3542 2513 3650 2551 non

2062 2596 2207 2667 quod
2237 2596 2419 2651 anima
2446 2594 2648 2650 surdus
2675 2596 2932 2656 evaserit,
2953 2593 3142 2648 auditu
3168 2592 3436 2662 privatur,
3478 2590 3571 2645 sed
3596 2591 3650 2645 id

2061 2689 2296 2760 propriae
2324 2688 2625 2742 voluntatis
2647 2695 2766 2753 est;
2798 2693 2993 2757 sponte
3021 2700 3259 2754 namque
3299 2691 3513 2739 natura:
3538 2682 3649 2736 vim

2062 2782 2303 2837 inferens
2320 2796 2435 2837 sum
2462 2778 2826 2836 obsurdescit.
2848 2777 3058 2832 Etenim
3091 2774 3234 2832 Deus
3263 2790 3372 2831 non
3401 2774 3649 2839 surdam,

2057 2891 2167 2930 non
2200 2889 2424 2937 caecam,
2457 2889 2567 2928 non
2600 2873 2844 2927 mutilam
2870 2872 2953 2926 vel
2975 2884 3223 2925 mancam
3247 2870 3521 2935 animam;
3553 2866 3649 2923 sed

2057 2966 2295 3023 validam
2333 2967 2655 3036 cunctisque
2707 2965 2824 3020 suis
2856 2961 3155 3018 virtutibus
3199 2960 3484 3032 praeditam
3515 2957 3647 3014 οσο-

2056 3060 2163 3127 cit;
2193 3074 2321 3115 nam
2346 3061 2415 3114 ad
2445 3059 2740 3129 imaginem
2780 3063 2835 3109 ct
2885 3053 3301 3111 similitudinem
3347 3067 3503 3109 suam
3544 3051 3646 3107 ho-

366 3148 547 3217 φύσιν.
600 3149 734 3214 Θεὸς
775 3150 885 3223 γάρ
926 3150 1117 3223 κωφὴν
1145 3151 1325 3222 ψυχὴν
1366 3151 1466 3206 ούκ
1506 3151 1829 3223 εἰργάσατο,
1876 3152 1953 3216 ὡς

2061 3155 2263 3211 minem
2293 3152 2561 3209 condidit.
2622 3150 2867 3220 Quisque
2896 3164 3027 3205 vero
3056 3147 3376 3205 surditatem
3403 3146 3507 3202 sibi
3539 3160 3647 3200 cre-

359 3240 485 3294 ούδὲ
513 3242 742 3314 τυφλὴν,
757 3243 878 3295 οὐδὲ
900 3243 1180 3315 ἀνάπηρον
1196 3283 1210 3308 ,
1240 3242 1361 3296 ούδέ
1382 3242 1520 3306 ὅλως
1542 3241 1948 3315 λελωϐημένηνο

362 3334 686 3407 ἐρρωμένην
708 3335 766 3389 δὲ
794 3334 936 3388 κατά
961 3336 1140 3399 πάσας
1174 3334 1347 3405 αὐτῆς
1378 3335 1479 3398 τὰς
1502 3334 1764 3406 δυνάμεις
1786 3352 1799 3364 ·
1829 3336 1953 3390 ἐπεὶ

359 3428 483 3481 κατ’
516 3427 700 3481 εἰκόνα
727 3429 821 3481 καὶ
852 3428 974 3482 καθ’
1006 3428 1266 3499 ὁμοίωσιν
1293 3426 1392 3499 τὴν
1422 3426 1588 3481 αὑτοῦ
1629 3427 1719 3481 τὸν
1742 3428 1953 3500 ἀνθρω-

360 3534 463 3572 πον
500 3520 866 3590 ὑπεστήσατο.
917 3520 1189 3582 ’Ἕκαστος
1214 3518 1271 3572 δὲ
1316 3517 1509 3571 ἐαυτὸν
1542 3519 1829 3589 ἀποχωροῖ
1857 3521 1953 3573 καὶ

355 3612 589 3681 τυφλοῖ,
638 3615 733 3667 καὶ
773 3614 873 3685 τὴν
924 3615 1110 3668 οὐσίαν
1137 3615 1235 3686 τῆς
1261 3613 1458 3669 ἐαυτοῦ
1482 3614 1660 3687 ψυχῆς
1688 3616 1947 3672 λωϐᾶται.

358 3702 529 3759 Τοῦτο
555 3705 614 3759 δὲ
657 3706 745 3760 διά
783 3706 1003 3760 Ἡσαΐου
1037 3707 1131 3760 τοῦ
1163 3709 1441 3779 προφήτου
1474 3711 1503 3762 ὁ
1542 3711 1609 3763 ἐκ
1645 3711 1951 3783 περιτομῆς

354 3796 723 3868 ἀπελέγχεται
767 3800 1024 3870 πράττων
1061 3799 1210 3863 λαός.
1261 3801 1353 3853 Διὸ
1394 3800 1645 3856 λέλεκται
1678 3803 1815 3875 πρὸς
1853 3805 1952 3858 αὐ-

354 3890 514 3955 τούς·
561 3891 903 3960 Ἐπαχύνθη
942 3893 981 3960 ἡ
1014 3893 1230 3961 καρδία
1258 3893 1364 3947 τοῦ
1394 3894 1550 3949 λαοῦ
1583 3896 1820 3961 τούτου,
1847 3898 1948 3952 καὶ

354 3982 480 4048 τοῖς
511 3982 625 4036 ὠσὶ
665 3983 901 4052 ,ϐαρέως
945 3984 1257 4054 ἥκουσαν,
1296 3988 1566 4055 καὶτοὺς
1602 3991 1949 4061 ὀφθαλμοὺς

353 4072 743 4143 ἐκάμμυσαν,
776 4075 874 4130 καὶ
902 4076 975 4130 τὰ
996 4072 1118 4132 ὦτα
1142 4078 1443 4147 ἐϐάρυναν
1467 4097 1481 4111 ·
1508 4081 1743 4150 μήποτε
1775 4083 1948 4139 ἴδωσι

351 4167 481 4233 τοῖς
509 4169 839 4238 ὀφθαλμοῖς
858 4209 873 4234 ,
904 4170 1004 4224 καὶ
1034 4171 1161 4238 τοῖς
1181 4172 1335 4227 ὠσὶν
1357 4175 1668 4229 ἀκούσωσι
1689 4215 1703 4240 ,
1731 4176 1833 4231 καὶ
1870 4177 1946 4247 τῇ

352 4259 571 4327 καρδίᾳ
617 4261 882 4327 συνῶσι,
932 4264 1030 4317 καὶ
1065 4263 1501 4335 ἐπιστρέψωσι,
1550 4268 1649 4322 καὶ
1692 4268 1945 4339 ίάσωμαι

349 4353 594 4419 αὐτούς.
620 4353 807 4421 Οὕτως
830 4351 923 4411 οὖν
944 4358 1131 4411 ἀσπίδι
1155 4362 1312 4431 κωφῇ
1349 4361 1546 4433 ἑαυτὴν
1570 4362 1942 4439 ἀποκωφούσῃ

350 4445 382 4498 ὁ
425 4443 534 4498 τῶν
579 4444 740 4499 θείων
781 4447 1014 4519 ἀνήκοος
1052 4448 1225 4518 λόγων
1260 4451 1671 4522 παρωμοίωται.
1718 4452 1809 4505 Διὸ
1852 4454 1940 4506 λέ-

2058 3249 2393 3317 citatemque
2420 3251 2704 3316 procurat,
2754 3241 3060 3312 animaeque
3114 3254 3230 3295 sua;
3272 3237 3640 3295 substantiam

2055 3341 2365 3399 labefactat.
2391 3337 2548 3407 Quod
2585 3338 2819 3409 populus
2863 3352 2932 3391 ex
2987 3331 3411 3390 circumcisione
3446 3330 3644 3386 fecisse

2050 3450 2150 3507 per
2172 3434 2368 3490 Isaiam
2396 3432 2648 3503 arguitur
2676 3431 2764 3485 his
2786 3428 2969 3485 verbis
3003 3446 3017 3483 :
3049 3425 3421 3493 Incrassatum
3444 3432 3523 3478 est
3551 3439 3642 3477 cor

2051 3523 2232 3593 populi
2255 3522 2435 3592 hujus,
2458 3530 2508 3575 et
2528 3520 2747 3576 auribus
2775 3519 3008 3591 graviter
3039 3517 3346 3580 audierunt,
3377 3524 3428 3569 et
3460 3514 3641 3569 oculos

2048 3616 2389 3680 clauserunt,
2430 3632 2493 3670 ne
2532 3614 2669 3684 {orte
2708 3612 2917 3668 videant
2957 3609 3146 3676 oculis,
3203 3620 3254 3663 et
3296 3606 3518 3662 auribus
3542 3624 3642 3660 au-

2051 3706 2223 3769 diant,
2249 3715 2300 3761 et
2328 3705 2484 3761 corde
2506 3705 2828 3777 intelligant,
2861 3713 2911 3758 et
2939 3710 3343 3767 convertantur,
3376 3710 3426 3755 et
3456 3716 3639 3755 sanem

2050 3799 2231 3852 eos”.
2268 3796 2360 3852 Sic
2411 3813 2541 3868 ergo
2592 3797 2771 3869 aspidi
2805 3796 2987 3852 surda:
3030 3804 3088 3852 et
3143 3792 3423 3850 obturanti
3478 3807 3640 3849 aures

2050 3900 2423 3961 comparatur,
2483 3890 2575 3961 qui
2599 3889 2784 3945 divina
2810 3888 2976 3945 verba
3005 3904 3115 3944 non
3140 3886 3312 3943 audit.
3344 3885 3528 3953 Quare
3558 3899 3643 3940 se-

2049 3985 2292 4039 cundum
2331 3983 2721 4056 Symmachum
2766 3982 3011 4037 dicitur:
3047 3980 3197 4036 Sicut
3218 3978 3396 4050 aspidi
3431 3976 3634 4042 surdaz,

2050 4076 2326 4132 obturanti
2353 4074 2656 4129 auriculam
2705 4091 2881 4139 suam,
2908 4084 2966 4128 ut
3000 4090 3063 4129 ne
3111 4072 3298 4127 audiat
3341 4087 3515 4125 vocem
3544 4086 3634 4124 su-

2048 4168 2402 4232 surrantium,
2432 4182 2742 4238 unoquoque
2776 4166 3166 4220 incantationes
3208 4164 3471 4233 sapienter
3504 4161 3634 4216 edo-

2046 4269 2153 4313 cto.
2186 4256 2385 4314 Verum
2420 4258 2585 4313 homo
2610 4272 2757 4312 nunc
2781 4255 3073 4320 exsistens,
3099 4254 3193 4325 qui
3220 4269 3342 4310 sese
3360 4251 3453 4306 tali
3474 4249 3636 4307 modo

2048 4350 2357 4415 constituit,
2391 4348 2521 4405 dum
2551 4349 2668 4405 haec
2700 4348 2811 4421 agit
2843 4363 2874 4402 a
2901 4347 3089 4403 multis
3119 4346 3401 4413 noscitur;
3441 4353 3496 4398 at
3521 4341 3634 4399 Deo

2044 4445 2206 4499 etiam
2242 4451 2369 4499 ante
2392 4450 2575 4500 ortum
2602 4452 2800 4511 notus;
2820 4443 2945 4497 imo
2972 4455 3102 4497 vero
3124 4439 3217 4495 diu
3253 4445 3546 4508 antequam
3575 4436 3632 4491 in

346 4535 535 4591 λεκται
591 4537 736 4591 κατὰ
783 4538 875 4593 τὸν
926 4539 1255 4611 Σύμμαχον·
1317 4542 1410 4607 Ὠς
1460 4542 1673 4596 ἀσπίδι
1732 4543 1935 4614 κωφῇ,

2061 4544 2203 4592 itero
2234 4537 2638 4606 conciperetur,
2682 4535 2829 4610 quod
2852 4534 2978 4590 talis
3005 4532 3225 4589 futurus
3249 4539 3415 4593 esset,
3450 4531 3520 4586 ab
3563 4545 3629 4585 eo

345 4626 591 4695 βυούσῃ
618 4626 795 4680 ὠτίον
825 4626 1037 4696 αὐτῆς,
1083 4630 1185 4682 ἵνα
1208 4629 1296 4698 μὴ
1340 4630 1577 4699 ἀκούσῃ
1605 4629 1817 4699 φωνὴν
1842 4633 1938 4699 ψι-

347 4717 721 4786 ωριζόντων,
754 4718 1012 4774 ἑκάστου
1044 4719 1280 4786 ἐπῳδὰς
1305 4720 1777 4791 σεσοφισμένου.
1795 4720 1934 4775 Ἀλλ’

344 4810 375 4861 ὁ
408 4809 507 4878 μὲν
535 4809 632 4863 νῦν
668 4810 917 4879 ὑφεστὼς
963 4811 1279 4883 ἄνθρωπος,
1328 4813 1424 4867 καὶ
1454 4813 1700 4867 τοιοῦτον
1742 4813 1935 4867 ἐαυτὸν

346 4900 764 4965 κατασκευάσας
784 4942 800 4966 ,
831 4902 921 4955 ὅτε
953 4903 1124 4957 ταῦτα
1162 4905 1426 4976 πράττει,
1457 4907 1568 4968 τοῖς
1600 4902 1813 4968 πολλοῖς
1850 4920 1935 4972 γι·-

2044 4629 2501 4700 cognoscebatur.
2535 4626 2820 4684 Incassum
2866 4641 2996 4698 ergo
3043 4624 3148 4681 sibi
3181 4624 3285 4694 ipsi
3329 4623 3507 4677 illudit
3533 4620 3628 4691 qui

2039 4722 2311 4793 justitiam
2341 4737 2439 4778 ore
2469 4720 2757 4792 proﬁtetur
2782 4764 2797 4788 ,
2833 4719 2964 4775 dum
3021 4718 3278 4774 manibus
3301 4714 3626 4786 injustitiam

2043 4814 2356 4885 complicat,
2388 4814 2697 4884 deindeque
2726 4812 3075 4884 iniquitatem
3106 4811 3164 4865 in
3195 4808 3360 4865 corde
3387 4804 3630 4862 occultat

2042 4921 2163 4970 suo,
2194 4921 2259 4961 ac
2282 4907 2328 4962 si
2364 4905 2419 4961 in
2450 4906 2637 4960 divino
2668 4904 2929 4961 tribunali
2956 4902 3061 4974 ipsi
3089 4900 3203 4956 Deo
3226 4901 3397 4955 latere
3426 4896 3625 4968 possit.

344 4988 615 5046 νώσκεται
638 5006 651 5022 ·
694 4990 771 5062 τῷ
800 4991 856 5045 δὲ
889 4991 1008 5064 Θεῷ
1074 4996 1169 5048 καὶ
1220 4995 1326 5067 πρὸ
1366 4994 1665 5064 γενέσεως,
1703 4996 1798 5050 καὶ
1830 4996 1964 5051 πολὺ
2004 5000 2270 5071 πρότερον
2313 4999 2420 5071 πρὸ
2450 4997 2552 5070 τῆς
2596 4998 2740 5052 κατά
2769 4995 3005 5068 γαστρὸς
3038 4991 3389 5064 συλλήψεως,
3451 4986 3626 5042 τοιοῦ-

339 5093 436 5142 τος
471 5079 729 5150 ἐσόμενος
763 5082 1107 5153 ἐγνωρίζετο.
1142 5086 1336 5159 Μάτην
1367 5088 1475 5159 ἀρα
1506 5086 1698 5141 ἑαυτὸν
1742 5088 1928 5160 ἀπατᾷ
1963 5091 1992 5143 ὁ
2034 5089 2215 5144 λαλεῖν
2252 5090 2350 5161 μὲν
2398 5090 2748 5159 δικαιοσύνην
2800 5085 3273 5156 ἐπαγγελλόμενος
3294 5123 3309 5148 ,
3378 5084 3498 5144 ταῖς
3563 5079 3621 5135 δὲ

341 5173 532 5245 χερσὶν
571 5174 737 5228 αὑτοῦ
803 5176 1131 5247 συμπλέκων
1173 5179 1418 5234 ἀδικίαν·
1453 5179 1644 5235 ἔπειτα
1688 5182 1947 5253 κρύπτων
1984 5184 2043 5238 ἐν
2066 5188 2131 5257 τῇ
2196 5184 2393 5255 καρδίᾳ
2423 5182 2617 5238 ἑαυτοῦ
2655 5181 2751 5254 τὴν
2786 5181 3049 5252 ἀνομίαν,
3085 5180 3162 5244 ὡς
3220 5178 3317 5232 καὶ
3356 5177 3449 5231 τὸν
3492 5176 3625 5231 Θεὸν

341 5266 641 5337 λησόμενος
663 5268 723 5321 ἐν
744 5268 824 5341 τῷ
853 5269 981 5343 θείῳ
1007 5273 1393 5347 δικαιωτηρίῳ.

432 5377 486 5431 '0
535 5380 679 5448 Θεὸς
728 5383 1050 5452 συντρίψει
1076 5385 1220 5453 τοὺς
1244 5386 1497 5455 ὀδόντας
1531 5388 1732 5444 αὐτῶν
1751 5390 1822 5445 ἐν
1846 5390 1927 5457 τῷ

342 5470 598 5540 στόματι
628 5473 862 5541 αὐτῶν,
893 5477 987 5531 καὶ
1015 5475 1085 5531 τὰ
1111 5475 1257 5549 ἑξῆς.
1297 5479 1379 5534 Τά
1417 5482 1786 5553 προλεχθέντα
1820 5500 1927 5554 μα-

418 5648 466 5680 ⁸⁶
505 5646 610 5707 lsa.
643 5666 729 5720 vi,
762 5652 853 5709 10.

378 5848 383 5855 .
414 5804 492 5874 (Ι)
525 5803 686 5877 Lege,
719 5810 1012 5879 φαρμάκου
1038 5827 1120 5863 τε.
1154 5808 1357 5880 Estque
1395 5811 1560 5889 lectio
1582 5810 1990 5869 Theodotionis.

664 5900 930 5964 Ρηιιυι.
979 5903 1097 5966 Gn.
1133 5902 1349 5965 XXIII.

2108 5390 2275 5448 Vsus.
2313 5390 2367 5455 7,
2398 5387 2451 5445 8.
2513 5388 2655 5444 Deus
2701 5398 2933 5442 conteret
2966 5386 3146 5442 dentes
3204 5402 3385 5441 eorum
3431 5389 3488 5443 in
3530 5406 3620 5448 ore

2035 5484 2292 5553 ipsorum,
2333 5492 2388 5541 et
2423 5489 2640 5538 caetera.
2676 5479 2788 5536 Hac
2808 5479 2876 5537 de
2898 5478 3284 5551 peccatoribus
3314 5481 3508 5537 notitia
3531 5482 3620 5538 in-

3223 5919 3297 5979 17
