4142 6388
534 373 661 439 ’525

1256 373 1528 433 eusser]
1564 357 2050 432 CESKRlENSlS
2090 371 2242 430 orr.
2278 370 2461 429 pars
2499 363 2587 431 ut.
2633 403 2703 414 —
2749 360 3152 430 maceries

3706 374 3807 439 5Ξὸ

540 494 746 555 ἐιτυοιί
788 494 882 551 lilii
912 494 1215 562 hominum,
1248 496 1391 567 quod
1417 490 1630 551 scilicet
1673 510 1704 549 a
1747 494 1859 551 Deo
1923 510 2124 566 pramo-

2231 494 2416 559 θόντες
2448 495 2578 566 περὶ
2603 495 2711 549 τῶν
2754 494 3090 566 ἁμαρτωλῶν
3127 494 3176 549 oi
3207 495 3313 549 υἱοὶ
3340 494 3450 549 τῶν
3477 494 3806 568 ἀνθρώπων,

545 594 802 648 scantur.
825 594 879 642 et
906 586 1052 658 quod
1095 593 1385 658 antequam
1419 587 1485 640 ad
1519 586 1772 642 homines
1802 587 2126 652 transirent,

513 744 518 752 _
549 686 739 734 notum
759 677 837 732 illi
866 688 1013 734 esset
1070 679 1206 733 tales
1247 680 1395 748 ipsos
1425 677 1639 733 futuros
1660 717 1673 741 ,
1709 677 1894 732 audite
1938 678 2127 746 cujus-

548 767 695 823 modi
720 767 827 823 ﬁne
860 769 1023 824 iidem
1078 768 1388 839 excipiendi
1412 770 1540 824 sint.
1566 767 1835 836 Quoniam
1886 769 2030 823 enim
2070 769 2130 822 li-

546 851 676 906 bera
697 858 752 907 et
782 853 867 909 sui
892 854 1107 908 arbitrii
1134 862 1333 908 natura
1365 854 1602 925 praediti,
1635 854 1687 907 vi
1716 854 2126 911 internoscendi

545 942 677 999 boni
702 950 757 1001 et
794 946 1054 1001 contrarii
1082 946 1357 1012 instructi,
1382 955 1545 1019 atque
1565 949 1790 1005 liberam
1823 949 1889 1003 ad
1916 958 2129 1003 utrum.

545 1037 679 1094 libet
700 1038 1116 1095 inclinationem
1145 1040 1315 1105 nacti,
1338 1055 1446 1096 non
1464 1049 1612 1096 recte
1633 1041 1843 1110 judicio
1866 1057 1967 1097 suo
1994 1051 2126 1099 sunt

544 1131 656 1197 usi,
686 1139 1086 1202 nequerectam
1114 1133 1279 1199 viam,
1311 1132 1415 1187 etsi
1437 1138 1622 1187 natam
1640 1132 1765 1200 sibi,
1792 1133 2123 1200 dilexerunt,

544 1240 725 1297 neque
774 1225 1035 1303 operibus
1080 1225 1352 1295 justitiam
1405 1226 1690 1291 adierunt,
1751 1241 1915 1298 quam
1943 1228 2125 1283 verbis

543 1318 813 1372 duntaxat
844 1326 899 1372 et
928 1312 1086 1373 labiis
1118 1324 1246 1373 sunt
1285 1315 1540 1387 professi,
1572 1320 1858 1389 veterique
1884 1321 2124 1391 serpenti

543 1410 774 1476 similes,
811 1410 1002 1482 aspide
1036 1409 1203 1466 surda
1238 1410 1540 1467 deteriores
1566 1425 1792 1467 evasere
1814 1430 1829 1478 ;
1853 1412 1975 1468 ideo
2002 1426 2125 1483 quae

542 1502 680 1576 ipsis
731 1514 991 1559 eventura
1036 1505 1148 1559 sint
1178 1504 1382 1568 audite,
1428 1503 1758 1575 diSciteque,
1796 1505 1866 1560 ab
1902 1507 2124 1562 univer—

544 1605 731 1647 sorum
749 1593 937 1663 judice
957 1592 1068 1649 Deo
1096 1594 1459 1651 conterendos
1477 1609 1601 1649 esse
1632 1594 1876 1665 ipsorum
1907 1596 2121 1661 dentes,

543 1683 637 1753 qui
676 1684 811 1738 nihil
846 1701 1074 1755 prorsus
1110 1701 1141 1739 a
1187 1685 1438 1741 leonibus
1475 1686 1823 1758 discrepant,
1876 1699 1931 1744 et
1977 1691 2121 1761 quod

544 1772 802 1844 posthaec
840 1775 1024 1828 omnia
1058 1776 1234 1831 instar
1282 1793 1439 1847 aquae
1481 1776 1753 1835 efﬂuentis
1783 1779 2123 1837 dissolvendi

2238 589 2333 641 καὶ
2360 589 2436 652 ὼς
2454 627 2469 652 ,
2504 588 2947 660 προγνωσθέντες
2973 588 3078 641 ὑπὸ
3108 587 3202 641 τοῦ
3234 588 3401 651 Θεοῦ,
3438 589 3534 643 καὶ
3573 590 3702 660 πρὶν
3727 592 3807 658 είς

2237 680 2557 754 ἀνθρώπους
2609 680 2898 752 παρελθεῖν
2923 719 2938 743 ,
2980 679 3332 750 έγνωρίζοντο
3368 680 3524 751 ἀὐτῷ
3560 681 3807 752 ἐσόμενοι

2234 774 2502 837 τοιοῦτοι,
2545 775 2771 828 ἀκούετε
2819 776 2999 828 ὁποῖον
3038 773 3191 837 τέλος
3235 775 3431 837 αὐτοὺς
3473 774 3802 844 διαλήψεται.

2248 863 2465 935 Ἐπειδὴ
2517 865 2659 934 γὰρ,
2713 862 2927 932 φύσεως
2972 862 3260 933 ἐλευθέρας
3318 865 3413 917 καὶ
3463 863 3805 928 αύτεξουσίου

2233 960 2535 1030 γενόμενοι,
2553 959 2874 1030 διακριτικοί
2898 977 2956 1012 τε
2980 956 3075 1012 τοῦ
3107 956 3269 1011 καλθῦ
3296 958 3389 1011 καὶ
3418 956 3512 1010 τοῦ
3544 958 3804 1019 ἐναντίου,

2233 1048 2334 1118 τήν
2358 1064 2418 1099 τε
2450 1049 2530 1110 είς
2556 1046 2795 1117 ἑκάτερα
2825 1046 2995 1117 ῥοπὴν
3020 1046 3117 1117 τὴν
3136 1048 3194 1099 ὲν
3213 1047 3424 1108 ἑαυτοῖς
3454 1046 3804 1115 κεκτημένοι,

2231 1142 2333 1194 οὐκ
2377 1140 2549 1211 ὀρθῶς
2578 1142 2879 1211 ἐχρήσαντο
2914 1140 2990 1210 τῷ
3020 1139 3290 1210 κριτηρίῳ
3314 1177 3328 1200 ,
3354 1137 3475 1191 οὐδὲ
3512 1139 3803 1207 ἠγάπησαν

2229 1233 2329 1304 τὴν
2354 1233 2596 1297 εὐθεῖαν,
2633 1232 2834 1301 καίπερ
2866 1230 3075 1301 είδὸτης
3105 1228 3293 1299 αὐτὴν,
3318 1228 3427 1281 οὐδ’
3460 1228 3641 1299 ἔργοις
3674 1243 3802 1299 μετ-

2230 1323 2395 1395 ῆλθον
2442 1324 2543 1394 τὴν
2589 1322 2956 1393 δικαιοσύνην,
2989 1321 3059 1392 ἢν
3088 1320 3230 1390 λόγῳ
3268 1320 3414 1390 μόνῳ
3440 1319 3535 1374 καὶ
3572 1320 3803 1390 χείλεσιν

2230 1414 2645 1486 ἐπηγγέλλοντο,
2668 1413 2748 1484 τῷ
2772 1413 2987 1484 παλαιῷ
3009 1412 3067 1466 δὲ
3099 1412 3219 1480 ὁφει
3243 1410 3619 1483 ὁμοιωθέντες,
3636 1412 3800 1464 ἀσπί-

2230 1505 2320 1569 δος
2352 1504 2543 1573 κωςρῆς
2561 1504 2774 1575 χείρους
2795 1503 3071 1572 ἐγένοντο·
3097 1502 3288 1556 τούτου
3313 1502 3470 1574 χάριν
3496 1502 3803 1557 ἐπακούσα-

2228 1614 2291 1650 τε
2320 1596 2443 1650 τίνα
2478 1596 2572 1650 καὶ
2603 1595 2803 1659 αὐτοὺς
2840 1595 3155 1667 περιμένει,
3206 1595 3496 1667 μαθόντες,
3524 1594 3600 1659 ὡς
3633 1597 3661 1646 6
3691 1593 3799 1647 τῶν

2229 1691 2365 1744 ὅλων
2391 1686 2586 1760 κριτὴς
2618 1686 2752 1750 Θεὸς
2780 1686 3059 1757 συντρίψει
3086 1687 3211 1750 τοὺς
3237 1686 3456 1750 ὀδόντας
3480 1684 3659 1738 αὐτῶν
3680 1683 3801 1738 κατ’

2228 1783 2385 1837 οὐδὲν
2407 1780 2770 1851 διαφερόντων
2798 1778 3060 1843 λεόντων,
3090 1779 3185 1832 καὶ
3212 1779 3288 1843 ὡς
3318 1778 3457 1849 μετά
3484 1777 3660 1832 πάντα
3690 1777 3803 1831 δια-

544 1862 679 1918 sint.
705 1862 842 1918 Nam
870 1864 1016 1921 illius
1036 1866 1177 1932 loco,
1213 1867 1296 1921 Ad
1317 1868 1543 1923 nihilum
1574 1869 1846 1926 devenient
1876 1881 2124 1945 tanquam

2230 1877 2554 1949 λυθήσονται
2601 1877 2758 1946 δίκην
2801 1874 2990 1939 ὓδατος
3021 1874 3322 1946 ἐκρέοντος.
3363 1872 3508 1927 Ἀντί
3538 1871 3647 1945 γὰρ
3670 1872 3800 1939 τοῦ,

545 1968 685 2025 aqua
718 1954 1022 2021 decurrens,
1055 1958 1419 2029 Symmachus
1450 1962 1531 2017 sic
1562 1961 1971 2033 interpretatur,
2001 1966 2127 2021 Dis-

543 2047 819 2103 soloanlur
863 2050 1001 2104 sicut
1041 2067 1179 2120 aqua
1229 2055 1589 2120 pertransiens
1638 2056 1761 2110 sibi.
1797 2056 1932 2122 Quia
1975 2059 2125 2114 enim

541 2153 641 2196 ore
670 2147 831 2197 tenus
873 2141 1142 2211 justitiam
1168 2144 1450 2211 simulant,
1478 2146 1603 2216 jure
1634 2147 1777 2203 Deus
1805 2150 2000 2207 dentes
2025 2167 2123 2207 co-

541 2248 668 2288 rum
707 2233 763 2289 in
790 2249 887 2291 ore
906 2236 1150 2306 ipsorum
1179 2247 1445 2293 conteret.
1485 2239 1552 2294 Et
1575 2240 1702 2311 quia
1729 2256 1838 2297 non
1860 2251 1945 2298 sat
1988 2245 2125 2314 ipsis

544 2322 669 2390 fuit,
707 2325 853 2396 quod
873 2327 1113 2397 serpenti
1137 2335 1192 2382 et
1215 2339 1529 2385 memorata:
1549 2331 1724 2401 aspidi
1740 2334 1921 2389 surda:
1937 2337 2121 2391 collati

538 2424 764 2484 essent;
798 2432 921 2472 cum
950 2418 1063 2487 jam
1092 2420 1325 2475 aliorum
1354 2422 1650 2491 perniciem
1674 2425 1980 2491 molientes,
2018 2427 2124 2482 leo-

537 2508 707 2564 nibus
737 2516 790 2565 et
812 2510 1241 2589 catulisleonum
1268 2521 1681 2584 comparentur;
1714 2531 1744 2570 a
1772 2518 1973 2586 quibus
2003 2520 2115 2573 ani.

536 2617 687 2656 mam
719 2602 835 2657 erui
871 2618 1026 2657 suam
1091 2605 1257 2659 David
1288 2606 1360 2660 ita
1416 2614 1673 2676 precatur
1701 2608 1755 2663 in
1794 2612 2121 2679 praecedenti

541 2695 778 2766 psalmo,
799 2694 867 2748 Et
882 2697 1071 2765 eripuit
1089 2699 1320 2751 animam
1343 2716 1513 2752 meam
1538 2699 1602 2754 de
1626 2701 1796 2755 medio
1823 2704 2121 2759 catulorum

539 2787 755 2840 leonum
811 2787 891 2854 '“;
935 2795 1048 2853 aut,
1097 2788 1161 2843 de
1208 2791 1377 2843 medio
1438 2792 1679 2855 leonum;
1712 2794 1887 2849 molas
1929 2810 2121 2850 eorum

538 2879 956 2935 contracturum
982 2896 1104 2937 esse
1149 2881 1318 2937 Deum
1355 2884 1578 2949 dicitur,
1601 2886 1855 2941 videlicet
1877 2893 2121 2956 potesta-

538 2980 629 3027 tes
686 2972 908 3027 malitiae
938 2988 1152 3039 eorum,
1194 2976 1350 3045 queis
1389 2976 1446 3030 in
1500 2977 1796 3030 multorum
1821 2979 2120 3048 perniciem

543 3063 861 3119 utebantur.
897 3064 1035 3121 Cum
1062 3075 1243 3122 autem
1274 3067 1464 3124 dentes
1488 3075 1541 3124 et
1561 3070 1734 3125 molas
1770 3086 1957 3126 eorum
1991 3086 2123 3126 con-

531 3152 762 3207 ‘triverit
793 3154 957 3219 Deus,
991 3162 1124 3210 tunc
1179 3155 1397 3210 demum
1431 3172 1531 3212 ceu
1562 3158 1761 3213 mortui
1795 3159 1862 3213 ad
1888 3158 2122 3213 nihilum

2240 1967 2853 2035 Ἐξουδενωθήσονται
2896 1968 2977 2032 ὡς
3021 1966 3178 2034 ὕδωρ
3220 1964 3801 2034 παραπορευόμενον,

2226 2061 2255 2113 ὁ
2303 2060 2596 2131 Σύμμαχος
2628 2060 2941 2130 ἡρμήνευσε
2962 2098 2976 2121 ,
3034 2054 3499 2122 Διαλυθήτωσαν
3523 2055 3604 2120 ὡς
3644 2053 3803 2123 ὕόιιφ

2225 2154 2671 2222 παρερχόμενον
2696 2150 2907 2214 ἐαυτῷ.
2926 2149 3138 2220 Ἐπειδὴ
3170 2147 3280 2219 γὰρ
3310 2147 3389 2219 τῷ
3418 2146 3641 2218 στόματι
3671 2147 3803 2200 καθ-

2225 2243 2604 2314 υποκρίνονται
2645 2241 2744 2310 τὴν
2786 2239 3153 2310 δικαιοσύνην,
3177 2238 3401 2301 εἰκότως
3429 2238 3555 2300 τοὺς
3584 2237 3806 2299 ὀδόντας

2224 2334 2405 2389 αὐτῶν
2441 2336 2470 2387 ὀ
2503 2334 2636 2397 Θεὸς
2678 2335 2736 2386 έν
2776 2332 2854 2403 τῷ
2887 2332 3116 2401 στόματι
3151 2330 3331 2384 αὐτῶν
3362 2328 3660 2401 συντρίψει.
3692 2327 3805 2382 Καὶ

2226 2427 2349 2480 ἐπεὶ
2387 2426 2460 2496 μὴ
2496 2426 2811 2495 ἀπήρκεσεν
2851 2423 3035 2485 αὐτοῖς
3063 2421 3398 2491 ὁμοιωθῆναι
3428 2419 3505 2491 τῷ
3543 2419 3665 2488 ὁφει
3706 2419 3803 2472 καὶ

2223 2521 2290 2590 τῇ
2325 2515 2687 2588 προλεχθείσῃ
2713 2513 2899 2567 ἀσπίδι
2926 2514 3105 2583 κωφῇ,
3128 2511 3229 2582 ήδη
3259 2511 3316 2564 δὲ
3343 2512 3436 2565 καὶ
3459 2510 3679 2580 ἐτέρους
3711 2510 3804 2563 λυ-

2228 2609 2563 2680 μαινόμενοι,
2600 2607 2782 2659 λέουσι
2815 2603 3236 2675 παρεϐλήθησαν
3267 2603 3361 2655 καὶ
3390 2602 3669 2673 σκύμνοις,
3709 2602 3802 2671 ἀφ’

2224 2696 2300 2754 ὧν
2330 2699 2426 2771 τὴν
2456 2697 2647 2751 ἑαυτοῦ
2667 2697 2845 2768 ψυχὴν
2868 2694 3131 2768 έρρὖσθαι
3155 2694 3370 2764 εὔχεται
3397 2694 3425 2745 6
3448 2692 3608 2746 Δαυῒδ
3630 2692 3803 2761 λέγων

2225 2792 2282 2844 έν
2313 2788 2391 2859 τῷ
2420 2789 2527 2859 πρὸ
2555 2788 2746 2842 τούτου
2771 2805 2785 2818 ·
2818 2788 2927 2841 Καὶ
2960 2787 3256 2856 ἐῤῥύσατο
3293 2785 3408 2853 τὴν·
3436 2785 3647 2856 ψυχήν
3683 2803 3803 2854 μου

2222 2883 2293 2935 ἐκ
2316 2880 2510 2952 μέσου
2534 2880 2842 2947 σκύμνων,
2877 2876 2933 2947 ἢ,
2954 2876 3022 2929 ἐκ
3050 2876 3245 2945 μέσου
3275 2878 3536 2929 λεόντων
3577 2874 3676 2937 τὰς
3705 2874 3804 2945 μύ-

2222 2975 2321 3038 λας
2366 2973 2545 3027 αὐτῶν
2581 2971 2899 3025 συνθλάσειν
2940 2969 3154 3038 λέγεται
3198 2970 3227 3022 ὁ
3259 2967 3390 3031 Θεὸς
3414 3007 3428 3029 ,
3464 2965 3663 3038 δηλαδὴ
3703 2963 3803 3028 τὰς

2223 3068 2324 3139 τῆς
2358 3066 2557 3128 κακίας
2585 3063 2765 3118 αὐτῶν
2810 3061 3067 3132 δυνάμεις
3088 3099 3101 3124 ,
3131 3055 3219 3123 αἶος
3246 3060 3333 3112 ἐπ’
3359 3056 3563 3129 ὀλέθρῳ
3597 3055 3804 3109 πολλῶν

2224 3162 2548 3233 ἐχρήσαντο.
2583 3156 2833 3211 Ἐπειδὰν
2864 3156 2922 3210 δὲ
2954 3156 3081 3219 τοὺς
3113 3154 3329 3217 ὀδόντας
3359 3152 3536 3207 αὐτῶν
3576 3153 3668 3205 καὶ
3704 3150 3804 3213 τὰς

544 3246 853 3313 devenient,
896 3256 951 3303 et
991 3248 1135 3304 sicut
1160 3264 1299 3320 aqua
1355 3250 1460 3305 sibi
1505 3253 1880 3320 pertransiens
1923 3252 2122 3309 dissol-

2230 3220 2401 3324 μ’ύλας
2422 3250 2686 3322 συντρίψῃ
2707 3250 2736 3301 ὁ
2755 3248 2906 3314 Θεὸς,
2930 3248 3051 3300 τότε
3078 3246 3262 3300 λοιπὸν
3292 3244 3804 3329 ὲξουδενωθήσονται

540 3346 763 3395 ventur.
791 3338 858 3393 Et
905 3340 952 3395 is
986 3340 1207 3411 quidem
1267 3340 1487 3398 futurus
1531 3342 1823 3413 impiorum
1875 3345 2121 3399 omnium

540 3430 691 3487 finis.
730 3430 884 3498 Quod
914 3446 1049 3488 sane
1067 3447 1168 3487 vos
1199 3432 1340 3487 scire
1362 3447 1587 3488 necesse
1625 3440 1730 3495 est.
1759 3448 1794 3489 ο
1827 3433 1919 3488 filii
1944 3434 2116 3489 homi-

543 3537 711 3588 num,
741 3529 822 3586 ut,
876 3522 924 3576 si
983 3539 1108 3577 vere.
1150 3523 1610 3594 utiquejuslitiam
1644 3524 1940 3596 loquimini,
1977 3535 2124 3581 recta

536 3616 823 3687 ‘judicetis,
848 3632 1025 3687 neque
1048 3617 1434 3687 praedictorum
1482 3618 1764 3674 hominum
1789 3619 1934 3673 viam
1973 3620 2124 3674 inea-

535 3712 639 3776 ‘tis,
682 3709 1148 3781 ne‘que'in'cortle
1181 3710 1517 3781 iniquitates
1578 3712 1903 3783 operemini,
1944 3728 2124 3783 neque

542 3801 870 3870 iniustitiam
901 3807 1099 3859 manus
1154 3812 1351 3857 vestrm
1381 3802 1729 3872 complicent,
1777 3819 1879 3860 nec
1922 3820 2021 3860 vos
2042 3806 2123 3859 si-

542 3895 703 3950 miles
722 3895 960 3966 serpenti
987 3896 1313 3961 exhibeatis,
1336 3912 1438 3952 nec
1460 3898 1582 3953 sitis
1602 3898 1743 3954 sicut
1766 3899 1914 3969 aSpis
1932 3900 2120 3963 surda,

542 3984 811 4039 obturans
832 3999 994 4039 aures
1030 4000 1188 4043 suas.
1210 4001 1326 4041 ‘nec
1353 4002 1480 4043 cum
1527 3990 1844 4045 memoratis
1868 3990 2049 4060 impiis
2072 4003 2126 4047 et

546 4077 929 4146 peccatoribus
982 4093 1091 4132 una
1146 4080 1533 4134 amlucamini:
1589 4097 1728 4151 quos
1783 4082 2123 4152 prazscientia

546 4183 647 4222 sua
673 4176 1004 4237 praevertens
1026 4169 1187 4234 Deus,
1208 4170 1498 4241 antequam
1522 4172 1577 4226 in
1608 4173 1785 4227 lucem
1820 4174 2123 4243 prodirent,

548 4261 686 4316 tales
716 4261 930 4317 futuros
957 4277 1080 4318 esse
1110 4272 1369 4331 noverat;
1400 4264 1497 4320 sed
1527 4274 1707 4321 tamen
1755 4269 2032 4324 concessit
2067 4277 2127 4324 ut

548 4359 912 4406 noscerentur
941 4367 1006 4407 ac
1040 4352 1095 4407 in
1123 4353 1297 4408 lucem
1346 4355 1618 4417 venirent,
1669 4358 1843 4426 gratia
1865 4373 1964 4412 sua
1994 4360 2128 4428 ipsis

547 4456 765 4511 quoque
798 4455 1063 4497 concessa
1084 4481 1099 4505 ,
1129 4450 1187 4495 ut
1213 4442 1389 4512 palam
1441 4459 1631 4498 eorum
1669 4446 2007 4515 propositum
2032 4448 2130 4503 lie-

546 4539 651 4587 ret.
681 4529 962 4601 Siquidem
984 4540 1039 4586 et
1075 4531 1321 4586 ordinem
1344 4533 1620 4602 justorum
1666 4542 1873 4589 rectam
1908 4551 1973 4591 ac
2023 4536 2127 4591 mi-

2223 3346 2302 3409 ὡς
2329 3345 2395 3398 ἂν
2424 3340 2808 3413 νεκρωθέντες,
2836 3340 2927 3393 καὶ
2952 3338 3364 3410 διαλυθήσονται
3389 3337 3464 3400 ὡς
3486 3336 3632 3405 ὓδωρ
3663 3353 3803 3407 παρ-

2225 3434 2521 3506 ερχόμενον
2565 3430 2762 3502 ἐαυτῷ.
2816 3430 2928 3484 Καὶ
2957 3427 3197 3483 τοιοῦτον
3232 3428 3333 3498 μὲν
3354 3426 3507 3480 ἔσται
3537 3426 3646 3479 τῶν
3678 3427 3805 3479 ἀσεο

2223 3527 2335 3581 ϐῶν
2365 3526 2584 3581 πάντων
2615 3525 2677 3577 τὸ
2695 3524 2868 3587 τέλος.
2904 3525 2970 3575 Ὃ
3000 3521 3063 3592 δὴ
3090 3521 3384 3587 ἀναγκαῖον
3409 3520 3552 3589 ὑμᾶς
3578 3518 3803 3586 γνῶναι,

2223 3614 2269 3673 ὧ
2297 3620 2405 3674 uici.
2441 3618 2550 3672 τῶν
2582 3614 2915 3690 ἀνθρώπων,
2955 3613 3021 3666 ἵν’
3042 3651 3057 3676 ,
3103 3614 3157 3665 εὶ
3183 3608 3420 3679 ἀληθῶς
3448 3609 3562 3678 ἄρα
3596 3610 3807 3663 δικαιο-

2225 3711 2428 3779 σύνην
2458 3706 2719 3775 λαλεῖτε,
2745 3703 2923 3760 εὐθέα
2954 3704 3202 3774 κρίνητε,
3235 3700 3330 3754 καί⁵
3362 3701 3436 3771 μὴ
3468 3698 3807 3771 μετέρχησθε
3909 3772 3913 3775 _

2224 3802 2323 3875 τὴν
2343 3803 2452 3856 τῶν
2478 3800 2782 3873 εἰρημένων
2805 3796 3012 3869 ἀνδρῶν
3039 3795 3176 3859 ὁδὸν,
3203 3793 3342 3864 μηδὲ
3372 3793 3431 3845 ἐν
3457 3789 3656 3862 καρδίᾳ
3687 3789 3810 3842 ἀνο-

2232 3896 2360 3970 μίας
2386 3891 2692 3968 ὲργάζησθε
2711 3931 2727 3957 ,
2771 3888 2907 3961 μηδὲ
2950 3885 3162 3942 ἀδικίαν
3195 3887 3250 3939 αἱ
3274 3886 3452 3957 χεῖρες
3480 3882 3634 3954 ὑμῶν
3664 3897 3807 3952 συμ-

2227 3990 2469 4044 πλέκωσι
2491 4028 2506 4053 ,
2552 3986 2685 4059 μηδὲ
2722 3984 2947 4045 ἑαυτοὺς
2993 3976 3443 4048 κατασκευάζητε
3475 3971 3807 4059 ὁμοίουςτῷ

2226 4081 2370 4151 ὁφει,
2408 4058 2812 4151 μηδὲνγένησθε
2839 4074 2915 4137 ὡς
2944 4072 3111 4135 ἀσπὶς
3138 4070 3296 4141 κωφὴ
3338 4067 3541 4139 βύουσα
3582 4065 3652 4119 τὰ
3692 4058 3809 4120 ὦτα

2230 4174 2401 4243 αὐτῆς
2421 4213 2436 4237 ,
2467 4170 2600 4242 μηδὲ
2627 4171 2740 4231 τοῖς
2766 4164 3142 4238 προλεχθεῖσιν
3165 4160 3389 4218 ἀσεϐέσι
3432 4159 3526 4214 καὶ
3551 4159 3813 4230 ἀμαρτω-

2229 4268 2343 4330 λοῖς
2368 4259 2767 4331 συναπάγοισθε
2791 4276 2804 4289 ⁸
2837 4256 2929 4320 οὓς
2952 4252 3238 4327 προλαϐὼν
3260 4255 3289 4307 6
3311 4251 3443 4315 Θεὸς
3465 4254 3532 4321 τῇ
3562 4246 3813 4322 προγνὼ-

2232 4377 2338 4424 σει,
2364 4357 2493 4428 πρὶν
2526 4356 2605 4418 εἱς
2635 4352 2751 4422 φῶς
2778 4348 3082 4422 προελθεῖν,
3106 4345 3247 4415 ἔγνω
3279 4343 3378 4415 μὲν
3398 4342 3674 4405 τοιούτους
3690 4342 3816 4395 ὲσο-

2234 4450 2430 4521 μένους
2453 4486 2468 4511 ,
2500 4447 2648 4516 ὅμως
2671 4443 2716 4496 δ’
2744 4438 2836 4496 οὖν
2869 4436 3215 4510 συνεχώρησε
3244 4434 3569 4505 γεννηθῆναι
3609 4433 3703 4487 καὶ
3731 4432 3814 4494 είς

2233 4541 2352 4609 φῶς
2385 4536 2689 4610 προελθεῖν,
2715 4532 2814 4603 τὴν
2842 4532 2972 4603 παρ’
2999 4526 3164 4582 αὐτοῦ
3190 4526 3351 4598 χάριν
3378 4525 3474 4579 καὶ
3511 4525 3693 4586 αὐτοῖς
3716 4521 3818 4575 δω-

546 4628 694 4682 nime
724 4625 987 4681 deﬂexam
1017 4626 1160 4680 viam
1189 4636 1384 4696 suapte
1410 4628 1688 4682 voluntate
1708 4629 1969 4685 initurum
1987 4647 2124 4701 prte-

2235 4606 2563 4704 ρησάμενος,
2585 4628 2664 4691 είς
2695 4626 2755 4680 τὸ
2785 4622 3050 4694 φανεροὺς
3077 4618 3326 4689 γενέσθαι
3346 4617 3443 4689 τὴν
3470 4616 3811 4688 προαίρεσιν.

544 4726 766 4775 vertens
801 4717 946 4772 Deus
999 4726 1247 4773 noverat.
1282 4717 1486 4774 Deinde
1530 4721 1754 4789 utrique
1785 4722 1964 4777 ordini
1992 4723 2126 4779 libe-

544 4828 668 4867 rum
696 4811 907 4866 arbitrii
930 4818 1139 4865 motum
1173 4811 1403 4876 dimisit,
1440 4811 1751 4867 concedens
1771 4819 1831 4866 ut
1857 4814 1913 4867 in
1947 4814 2127 4869 stadio

544 4923 773 4964 cursum
800 4904 1155 4961 conﬁcerent.
1209 4904 1288 4958 Ac
1333 4918 1458 4957 cum
1493 4905 1784 4962 universos
1822 4915 2017 4962 natura
2051 4909 2128 4964 si-

543 5000 705 5054 miles
769 4995 1201 5059 constituisset,
1250 4994 1531 5049 voluntate
1582 4995 1805 5065 propria
1855 5012 2128 5067 quemque

543 5091 773 5146 meliora
799 5088 1037 5159 deligere
1058 5089 1267 5157 pariter
1309 5085 1580 5156 permisit.
1616 5086 1699 5141 Illi
1750 5102 1903 5155 vero,
1940 5096 2128 5159 utpote

544 5186 639 5254 qui
662 5183 747 5239 sui
772 5184 1016 5253 ipsorum
1071 5180 1302 5243 domini,
1341 5181 1425 5236 sui
1467 5181 1611 5252 juris
1641 5197 1705 5237 ac
1754 5182 1911 5237 liberi
1950 5181 2127 5253 quoad

547 5284 757 5331 motum
778 5283 986 5339 essent,
1039 5273 1305 5327 arbitratu
1342 5290 1443 5329 suo
1495 5273 1759 5345 disjuncti
1804 5282 1959 5339 sunt,
2006 5274 2130 5330 aliis

548 5376 778 5432 rectam,
827 5364 1108 5435 obliquam
1167 5365 1293 5421 aliis
1349 5366 1494 5420 viam
1542 5365 1947 5436 cooptantibus.
2004 5364 2132 5420 Ideo

545 5457 731 5526 justus
756 5456 854 5510 ille
878 5456 1068 5525 judex,
1096 5456 1317 5525 utrique
1357 5455 1538 5512 ordini
1567 5471 1667 5511 ceu
1694 5455 2013 5510 certaminis
2042 5470 2134 5509 ar»

548 5545 714 5608 biter,
747 5546 1074 5615 congruenti
1100 5559 1165 5599 ac
1186 5545 1370 5601 debito
1405 5545 1512 5600 line
1543 5544 1738 5615 dignos
1780 5552 2129 5599 remunerat:

549 5652 662 5693 non
692 5636 975 5690 hominum
1010 5636 1117 5689 ritu
1142 5652 1211 5691 ex
1243 5646 1465 5693 actuum
1493 5644 1690 5693 eventu
1714 5635 1985 5708 cujusque
2011 5649 2132 5689 mo-

1046 5791 1077 5809 ρ

625 5791 668 5823 ⁸¹
711 5788 854 5846 I'sal.
894 5805 1004 5855 LVI,
1046 5791 1101 5846 ε.

2241 4721 2396 4774 Ἐπεὶ
2423 4718 2514 4772 καὶ
2542 4716 2605 4769 τὸ
2649 4714 2758 4767 τῶν
2784 4713 3008 4767 δικαίων
3035 4711 3221 4780 τάγμα
3241 4748 3257 4773 ,
3296 4707 3357 4772 ἐξ
3383 4707 3590 4770 οἰκείας
3615 4723 3813 4777 προαι-

2232 4810 2435 4882 ρέσεως
2468 4806 2566 4878 τὴν
2595 4806 2761 4877 ὀρθὴν
2795 4805 2889 4858 καὶ
2935 4801 3293 4872 ἀδιάστροφον
3344 4797 3537 4869 μέλλον
3585 4798 3811 4864 ὁδεύειν,

2230 4899 2518 4973 προλαϐὼν
2549 4899 2578 4951 6
2603 4897 2735 4960 Θεὸς
2765 4896 2925 4965 ἔγνω.
2967 4890 3078 4947 Εἶτ’
3115 4890 3442 4962 ἀμφοτέρων
3470 4888 3579 4944 τῶν
3602 4890 3819 4960 ταγμά-

2229 5012 2338 5047 των
2360 4993 2461 5065 τὴν
2492 4990 2837 5057 αὐτεξούσιον
2874 4986 3049 5059 ὁρμὴν
3078 4983 3371 5056 ἐλευθέραν
3398 4982 3621 5053 ἀνῆκεν,
3654 4982 3728 5044 ὡς
3754 4982 3815 5034 ὲν

2237 5087 2437 5158 σταδίῳ
2470 5083 2739 5138 ποιεῖσθαι
2770 5083 2862 5135 τὸν
2893 5081 3089 5150 δρόμον
3119 5076 3418 5147 ἐπιτρέψας
3451 5076 3655 5138 αὐτοῖς.
3702 5072 3818 5125 Καὶ

2234 5178 2400 5241 αὐτὸς
2433 5176 2530 5247 μὲν
2555 5174 2775 5245 ὁμοίους
2801 5171 2899 5243 τὴν
2932 5170 3093 5240 φύσιν
3121 5171 3249 5233 τοὺς
3278 5168 3486 5230 πάντας
3511 5163 3819 5234 ὑποστησά-

2238 5286 2437 5341 μενος,
2476 5264 2795 5338 προαιρέσει
2842 5262 3020 5333 οἰκείᾳ
3082 5258 3317 5333 χρῆσθαι
3362 5258 3500 5329 πρὸς
3546 5255 3642 5327 τὴν
3705 5254 3817 5308 τῶν

2236 5360 2559 5433 κρειττόνων
2588 5358 2800 5429 αἵρεσιν
2825 5358 2938 5419 τοῖς
2967 5356 3131 5410 πᾶσιν
3145 5352 3345 5423 ὁμοίως
3368 5346 3814 5420 συγκεχώρηκεν·

2236 5455 2287 5507 οἱ
2314 5452 2370 5505 δὲ
2391 5492 2406 5514 ,
2435 5452 2530 5505 ἆτε
2556 5450 2735 5523 κύριοι
2770 5447 2979 5503 έαυτῶν
3007 5444 3380 5507 καθεστῶτες,
3422 5439 3610 5511 ἄφετοι
3632 5456 3690 5491 τε
3719 5438 3819 5493 καὶ

2239 5538 2512 5611 ἐλεύθεροι
2540 5538 2638 5609 τὴν
2673 5536 2871 5609 ὁρμὴν,
2911 5533 3356 5606 αύτοπροαιρέτῳ
3381 5529 3575 5601 γνώμῃ
3602 5528 3820 5599 διέστη-

2240 5649 2360 5701 σαν,
2391 5632 2441 5685 οί
2471 5631 2570 5703 μὲν
2600 5628 2700 5702 τὴν
2723 5628 2937 5683 εὐθεῖαν
2965 5625 3193 5692 ὁδεύειν,
3216 5626 3264 5679 oi
3291 5624 3350 5681 δὲ
3370 5622 3467 5694 τὴν
3493 5621 3823 5691 διάστροφον
