4142 6388
210 1740 235 1770 1

3302 322 3330 335 Ὦ

425 366 534 422 525
1576 377 2082 435 COMMENTARIA
2118 379 2187 435 ΞΝ
2222 381 2561 439 PSALMOS.
3588 380 3694 439 526

419 484 686 555 ἑλόμενοι.
721 486 915 540 ιουτου
947 488 1107 561 χάριν
1132 492 1161 544 ὁ
1184 491 1391 558 δίκαιος
1414 496 1627 567 κριτὴς,
1658 498 1995 566 ἀγωνοθετῶι

2114 516 2202 557 res
2224 501 2480 558 edisccus
2500 543 2515 565 ,
2539 516 2727 556 verum
2760 510 2945 572 utpote
2967 500 3110 559 Deus
3129 501 3317 558 omnia
3350 516 3694 573 cognoscens

418 578 665 649 ἐκατέρῳ
697 579 961 650 τάγματι,
987 581 1066 653 τῷ
1090 585 1416 658 καταλλήλῳ
1448 588 1544 642 καὶ
1569 592 1899 662 προσήκοντι
1921 592 2009 645 τέ-

418 670 501 723 λει
535 672 663 735 τοὺς
699 672 887 739 ἀξίους
919 677 1286 748 παραδίδωσιν
1306 697 1317 709 ·
1352 681 1412 734 οὐ
1437 682 1688 755 καθάπερ
1731 683 2009 754 ἄνθρωποι

420 762 612 833 μαθὼν
645 765 709 817 ὲκ
738 765 837 835 τῆς
880 767 990 822 τῶν
1030 771 1375 841 πραγμάτων
1406 773 1730 841 ἀποϐάσεως
1759 776 1851 830 τὸν
1880 777 2009 831 ἑκά-

420 868 545 904 στου
573 852 809 924 τρόπον,
853 851 942 910 οἴα
976 857 1034 910 δὲ
1075 860 1207 922 Θεὸς
1246 861 1340 913 καὶ
1384 863 1491 933 πρὸ
1531 864 1800 931 γενέσεως
1852 866 2008 930 εἰδὼς

418 942 655 996 ἅπαντα.
684 945 775 998 Διὸ
809 948 857 1000 οἱ
884 948 983 1018 μὲν
1010 950 1532 1024 άπηλλοτριώθησαν
1566 957 1697 1027 παρ’
1734 957 1886 1029 αὑτῷ
1915 960 2008 1012 καὶ

417 1036 549 1107 πρὶν
589 1037 616 1108 ἦ
653 1040 768 1102 τοῖς
803 1040 1013 1104 λοιποῖς
1036 1041 1381 1113 γνωσθῆναι·
1422 1047 1471 1098 οί
1497 1046 1556 1100 δὲ
1594 1048 1742 1116 ἅγιοι
1773 1049 2007 1120 ἐκλογῆς

415 1126 730 1201 ἠξιώθησαν
761 1132 964 1202 ὁμοίως
1002 1133 1245 1206 Ἱερεμίᾳ
1284 1136 1362 1207 τῷ
1389 1140 1646 1212 προφήτῃ
1666 1178 1680 1203 ,
1710 1133 1755 1208 ᾧ
1784 1158 1948 1212 φησιν
1979 1145 2007 1195 ὁ

416 1218 549 1283 Θεὸς
567 1240 579 1250 ·
606 1221 727 1289 Πρὸ
758 1222 865 1276 τοῦ
886 1240 964 1293 με
991 1224 1223 1280 πλάσαι
1243 1243 1317 1281 σε
1341 1228 1412 1281 ἐν
1443 1232 1662 1300 κοιλίᾳ,
1680 1234 2007 1304 ἐπίσταμαί

414 1325 524 1373 σε,
555 1312 655 1367 καὶ
697 1314 813 1382 πρὸ
843 1315 950 1370 τοῦ
985 1332 1061 1371 σε
1087 1317 1360 1384 ἐξελθεῖν
1385 1322 1455 1375 ἐκ
1476 1323 1742 1393 μήτρας,
1785 1327 2007 1397 ἠγίακά

413 1418 510 1459 σε.
542 1405 654 1458 Καὶ
676 1408 706 1461 ό
741 1408 1062 1475 Ἀπόστολος
1089 1411 1251 1466 τοῦτο
1293 1413 1483 1486 ἐδήλου
1511 1417 1735 1486 φάσκων
1753 1436 1769 1453 ο
1798 1421 2006 1489 Καθὼς

411 1496 735 1563 ἐξελέξατο
758 1500 919 1570 ἡμᾶς
939 1502 1009 1556 ἐν
1041 1504 1205 1571 αὑτῷ
1227 1505 1343 1574 πρὸ
1376 1509 1716 1579 καταϐολῆς
1743 1514 2002 1583 κόσμου,

412 1585 568 1644 εἶναι
615 1592 775 1662 ἡμᾶς
810 1595 1023 1669 ἁγίους
1053 1597 1151 1652 καὶ
1187 1597 1468 1669 ἀμώμους
1501 1603 1871 1660 κατενώπιον
1898 1610 2006 1662 αὐ-

412 1684 520 1737 τοῦ
552 1685 625 1738 ἐν
652 1685 877 1757 ἀγάπῃ,
909 1692 1239 1759 προορίσας
1267 1694 1429 1764 ἡμᾶς
1448 1696 1537 1762 εὶς
1566 1697 1876 1752 υἱοθεσίαν
1906 1698 2004 1755 διὰ

426 1777 620 1846 Ἰησοῦ
654 1780 914 1847 Χριστοῦ
935 1796 948 1811 ⁶
978 1783 1073 1836 καὶ
1100 1784 1263 1839 πάλιν
1280 1802 1293 1816 ·
1328 1787 1425 1841 Ἐν
1461 1781 1511 1854 ᾧ
1539 1790 1636 1844 καὶ
1665 1789 2003 1863 ἐκληρώθηκ

2111 600 2238 649 ante
2255 594 2543 663 originem.
2577 593 2757 659 Quare
2778 595 2868 648 alii
2894 594 3114 665 quidem
3140 603 3438 664 antequam
3482 597 3697 650 caeteris

2111 684 2225 738 noti
2259 692 2466 749 essent,
2501 685 2570 739 ab
2598 700 2664 740 eo
2692 685 2918 739 alienati
2947 692 3107 752 sunt;
3167 686 3346 741 sancti
3378 700 3531 750 vero,
3591 685 3697 741 ele-

2109 775 2293 831 ctione
2326 776 2535 846 dignati
2562 816 2577 841 ,
2607 776 2771 832 sicuti
2802 775 3069 833 Jeremias
3099 778 3363 847 propheta
3387 819 3402 842 ,
3436 777 3527 833 cui
3553 775 3695 831 dixit

2110 865 2254 923 Deus
2292 884 2303 917 :
2339 868 2634 938 Antequam
2664 879 2711 923 te
2744 868 3032 937 formarem
3063 869 3118 922 in
3183 878 3355 932 utero,
3391 871 3511 923 novi
3538 881 3608 933 te,
3642 879 3692 923 et

2108 969 2389 1031 antequam
2418 962 2584 1014 erires
2604 959 2670 1015 de
2700 962 2873 1026 vulva,
2904 962 3233 1027 sancti/icavi
3258 971 3305 1015 te
3327 962 3393 1015 ⁵³.
3419 961 3476 1017 id
3507 963 3689 1032 ipsum

2107 1054 2407 1123 Apostolus
2447 1055 2692 1109 declarat
2741 1054 2830 1111 his
2882 1054 3064 1110 verbis
3106 1074 3119 1109 :
3153 1053 3304 1109 Sicut
3320 1054 3475 1126 elegit
3514 1072 3609 1110 nos
3634 1055 3690 1109 in

2106 1148 2221 1217 ipso
2252 1155 2373 1201 ante
2398 1146 2581 1201 mundi
2608 1148 3060 1208 constitutionem.
3100 1156 3159 1201 ut
3191 1164 3421 1201 essemus
3443 1149 3616 1202 sancti
3637 1156 3691 1203 et

2106 1239 2440 1292 inmaculati
2464 1238 2521 1292 in
2549 1247 2829 1307 conspectu
2871 1238 2985 1307 ejus
3019 1239 3076 1292 in
3106 1238 3365 1293 charitate
3394 1255 3413 1291 :
3435 1240 3525 1307 qui
3549 1253 3691 1305 prte-

2106 1327 2391 1382 destinavit
2444 1343 2539 1383 nos
2588 1328 2644 1381 in
2691 1326 3029 1397 adoptionem
3082 1326 3318 1396 ﬁliorum
3363 1342 3455 1395 per
3501 1325 3689 1381 Jesum

2110 1418 2376 1475 Christum
2395 1420 2440 1451 ⁸³
2460 1435 2475 1485 ;
2498 1434 2563 1474 ac
2596 1434 2815 1476 rursum
2842 1435 2855 1470 :
2896 1416 2964 1472 In
2996 1434 3096 1489 quo
3120 1428 3171 1473 et
3207 1434 3301 1473 nos
3332 1418 3473 1488 forte
3518 1419 3690 1472 vocati

2105 1526 2309 1574 sumus,
2364 1508 2727 1578 prtrdestinatt'
2783 1504 3068 1561 secundum
3133 1505 3518 1575 prwscientiam
3572 1504 3689 1574 ejus

2104 1601 2194 1671 qui
2230 1610 2482 1669 operatur
2528 1599 2709 1653 omnia
2730 1597 3018 1653 secundum
3077 1596 3354 1652 consilium
3400 1595 3688 1650 uoluntatis

2104 1701 2311 1757 saw,ut
2341 1693 2507 1747 simus
2536 1692 2590 1745 in
2615 1690 2827 1746 laudem
2856 1690 3042 1761 gloria:
3078 1689 3193 1755 eius
3235 1687 3300 1746 ⁵⁸.
3330 1686 3521 1743 Viden’
3549 1703 3688 1758 quo-

2107 1785 2268 1841 modo
2311 1793 2436 1839 ante
2467 1783 2657 1840 mundi
2719 1782 3191 1846 constitutionem,
3227 1780 3433 1836 electos
3461 1787 3517 1834 et
3548 1796 3688 1850 prae-

406 1885 525 1937 μεν
543 1872 1001 1939 προορισθέντες
1026 1877 1177 1931 κατὰ
1208 1879 1554 1948 πρόγνωσιν
1572 1883 1681 1937 τοῦ
1698 1884 1772 1938 τὰ
1801 1858 1995 1939 πάντα

2103 1877 2410 1931 destinatos
2436 1875 2583 1930 dicat
2617 1874 2684 1929 ad
2715 1875 3067 1945 adoptionem
3092 1873 3352 1938 ﬁliorum,
3380 1873 3684 1929 secundum

409 1955 805 2027 ἐνεργοῦντος
842 1962 941 2017 καὶ
990 1965 1143 2019 κατὰ
1202 1965 1319 2035 τὴν
1370 1969 1621 2039 ¹βουλὴν
1661 1973 1769 2028 τοῦ
1818 1977 1999 2045 θελήο

403 2063 597 2115 ματος
617 2050 826 2115 αὐτοῦ,
851 2054 938 2120 εὶς
964 2054 1031 2109 τὸ
1056 2053 1212 2113 εἶναι
1245 2059 1406 2127 ἡμᾶς
1427 2064 1515 2127 είς
1542 2062 1796 2119 ἔπαινον
1814 2065 2001 2135 δόξης

408 2143 616 2198 αὐτοῦ.
682 2145 845 2218 Ὁρᾷς
895 2148 1046 2213 ὅπως
1095 2151 1201 2224 πρὸ
1252 2153 1560 2227 καταϐολῆς
1602 2157 1811 2229 κόσμου
1862 2161 2000 2229 ἐξει-

408 2234 598 2306 λέχθαι
630 2239 726 2291 καὶ
760 2241 1100 2311 προωρίσθαι
1127 2246 1208 2308 εἰς
1241 2245 1537 2313 υἱοθεσίαν,
1570 2251 1712 2304 κατά
1745 2252 1999 2325 πρόθεσιν

407 2326 501 2381 τοῦ
536 2330 714 2384 πάντα
744 2332 1096 2402 ἐνεργοῦντος
1117 2354 1251 2406 φησι
1272 2354 1285 2401 ;
1306 2339 1404 2409 τὴν
1426 2339 1597 2412 αὐτὴν
1622 2341 1676 2394 δὲ
1699 2345 1997 2417 παρίστησι

406 2416 645 2474 διάνοιαν
672 2423 702 2475 ὁ
734 2423 898 2488 αὐτὸς
924 2424 1097 2494 λέγων
1117 2443 1132 2457 ’
1170 2428 1429 2498 Οἴδαμεν
1467 2429 1535 2483 δὲ
1554 2471 1568 2494 ,
1594 2430 1681 2485 ὅτι
1711 2434 1836 2498 τοῖς
1855 2416 1997 2505 ἀγα-

408 2509 568 2565 πῶσι
614 2512 723 2566 τὸν
765 2514 916 2569 Θεὸν
946 2516 1145 2572 πάντα
1190 2521 1477 2590 συνεργεῖ
1498 2524 1587 2588 εἰς
1617 2524 1842 2593 ἀγαθὸν
1871 2526 1997 2593 τοῖς

409 2604 562 2657 κατὰ
593 2606 882 2672 πρόθεσιν
923 2608 1170 2677 κλητοῖς
1198 2606 1413 2667 οὖσιν⁶
1445 2613 1535 2666 ὅτι
1579 2613 1684 2681 οὓς
1729 2616 1997 2687 προέγνω

408 2697 511 2749 και
546 2698 839 2767 προώρισε
863 2703 1260 2773 συμμόρφους
1291 2704 1403 2775 τῆς
1444 2707 1678 2774 εἰκόνος
1711 2709 1819 2764 τοῦ
1858 2710 1996 2765 Υἱοῦ

407 2788 618 2856 αὐτοῦ,
638 2792 727 2857 είς
755 2792 819 2846 τὸ
848 2789 1001 2847 εἶναι
1023 2796 1212 2850 αὐτὸν
1245 2800 1626 2866 πρωτοτόκον
1650 2801 1722 2853 ἐν
1744 2801 1996 2869 πολλοῖς

405 2879 711 2950 ἀδελφοῖς.
745 2883 862 2951 Οὓς
880 2885 949 2938 δὲ
970 2887 1285 2956 προώρισε,
1312 2891 1566 2958 τούτους
1591 2893 1689 2946 καὶ
1715 2891 1993 2960 ἐκάλεσε,

405 2974 506 3028 καὶ
539 2976 648 3042 οὓς
676 2976 935 3033 ἐκάλεσε
958 3021 974 3045 ,
1004 2982 1257 3048 τούτους
1291 2984 1388 3037 καὶ
1418 2984 1733 3039 ἐδικαίωσε
1751 3028 1766 3050 ,
1794 2986 1995 3054 οὓς,δὲ

403 3064 742 3135 ἐδικαίωσε,
773 3071 1024 3139 τούτους
1062 3073 1164 3129 καὶ
1200 3074 1479 3139 ἐδόξασε.
1516 3078 1597 3131 Τα
1626 3078 1789 3149 ὃμοια
1815 3078 1871 3133 δὲ
1900 3079 1995 3133 καὶ

406 3160 534 3231 περὶ
579 3160 772 3215 ἑαυτοῦ
813 3162 1053 3241 διδάσκει
1098 3166 1157 3217 ὲν
1202 3159 1284 3229 οἷς
1312 3168 1478 3238 φησίν
1503 3185 1516 3195 ·
1548 3170 1678 3224 Ὅτε
1714 3169 1783 3223 δὲ
1815 3169 1991 3239 ηὐδό-
2020 3202 2062 3259 C

335 3322 347 3332 .
407 3266 601 3317 κησεν
647 3255 683 3306 ό
731 3253 1032 3323 ἀφορίσας
1064 3273 1141 3325 με
1167 3257 1237 3309 ἐκ
1283 3261 1519 3325 κοιλίας
1558 3262 1787 3329 μητρός
1829 3278 1991 3330 μου,

404 3342 797 3414 ἀποκαλύψαι
832 3347 941 3401 τὸν
980 3348 1118 3402 Υἱὸν
1151 3350 1339 3405 αὐτοῦ
1379 3351 1450 3404 ἐν
1474 3352 1626 3421 ἐμοί.
1659 3354 1868 3426 ’Ὠσπερ
1897 3351 1993 3409 οὖν

406 3430 631 3497 τούτους
660 3438 929 3507 προγνοὺς
966 3438 1259 3509 μέλλοντας
1294 3441 1518 3512 ἀγαπᾷν
1555 3442 1719 3497 αὑτὸν
1748 3444 1992 3518 προώρι-

407 3540 519 3589 σεν,
553 3526 697 3580 οὕτω
730 3528 968 3593 καὶτοὺς
996 3529 1213 3595 ἀσεϐεῖς
1235 3574 1251 3595 ,
1287 3533 1475 3605 ἐπειδὴ
1504 3535 1755 3604 προέγνω
1782 3536 1995 3608 μέλλον-

402 3631 503 3679 τας
546 3616 728 3672 λαλεῖν
770 3619 1117 3695 δικαιοσύνην
1148 3623 1235 3678 διά
1264 3625 1325 3678 τὸ
1354 3624 1643 3694 γινώσκειν
1683 3628 1852 3700 αὐτὴν
1875 3668 1889 3693 ,
1927 3631 1989 3685 οὐ

409 3706 515 3778 μὴν
550 3710 643 3763 καὶ
674 3713 786 3776 τοῖς
814 3711 998 3785 ἔργοις
1028 3716 1199 3787 αὐτὴν
1231 3717 1757 3790 μετελευσομένους,
1800 3720 1889 3775 διὰ
1930 3722 1992 3774 τὸ

403 3802 523 3862 ταῖς
555 3803 741 3873 χερσὶν
774 3804 990 3859 ἀδικίαν
1014 3807 1370 3878 συμπλέκειν,
1402 3809 1592 3864 τούτου
1626 3811 1786 3881 χάριν
1811 3812 1990 3883 ἀπηλ-

403 3893 697 3966 λοτρίωσεν
731 3900 840 3954 ἀπὸ
872 3903 1118 3974 μήτρας,
1145 3904 1241 3958 καὶ
1277 3905 1336 3958 ἐν
1362 3905 1740 3977 πλανωμένοις
1768 3907 1862 3960 καὶ
1894 3906 1991 3960 λα-

405 3983 558 4041 λοῦσι
586 3988 756 4061 ψευδῆ
781 4009 855 4044 πα
866 3996 913 4065 ρ’
940 3994 1120 4066 ἑαυτῷ
1150 3996 1533 4069 κατηρίθμησε
1555 3998 1687 4070 πρὶν
1712 3998 1987 4067 γενέσθαι·

407 4077 757 4150 συνεχώρησέ
785 4098 844 4134 τε
878 4083 1035 4148 εἰδὼς
1061 4086 1261 4150 αὐτοὺς
1288 4086 1561 4151 τοιούτους
1587 4088 1878 4159 ἐσομένους
1909 4091 1991 4153 εἰς

407 4170 644 4241 φανερὸν
676 4171 877 4236 ἐλθεῖν,
915 4173 990 4238 ὡς
1028 4176 1094 4230 ἂν
1122 4178 1182 4231 τὸ
1219 4178 1477 4251 διάφορον
1501 4178 1611 4233 τῶν
1638 4180 1863 4235 δικαίων
1896 4182 1990 4234 καὶ

406 4259 674 4317 θεοσεϐὦν
703 4264 916 4333 ἀνδρῶν
949 4268 1014 4320 ὲκ
1053 4268 1153 4338 τῆς
1183 4269 1292 4323 τῶν
1334 4270 1588 4342 χειρόνων
1634 4271 1990 4343 παραθέσεως

402 4353 745 4425 διαλάμψειε.
772 4358 918 4421 Mati;
938 4358 1047 4431 γάρ
1073 4360 1225 4423 ὄντες
1251 4361 1466 4430 φύσεως
1495 4363 1546 4415 οί
1575 4364 1797 4429 πάντες,
1815 4366 1863 4431 οἱ
1887 4365 1987 4436 μὲν

404 4446 624 4512 ἑκόντες
655 4450 864 4504 εἵλαντο
891 4452 959 4506 τὰ
992 4454 1244 4525 κρείττω,
1264 4456 1313 4507 οἱ
1346 4454 1402 4507 δὲ
1421 4454 1519 4526 τὴν
1550 4458 1796 4511 ἐναντίαν
1820 4457 1987 4511 ὥδευ-

2104 1972 2441 2043 propositum
2495 1972 2615 2040 ejus
2664 1970 2757 2040 qui
2800 1970 2931 2023 talia
2959 1967 3259 2039 operatur?
3313 1966 3685 2038 Eamdemque

2101 2067 2221 2136 ipse
2253 2065 2578 2121 sententiam
2605 2064 2815 2134 profert
2854 2064 2942 2120 bis
2982 2064 3200 2120 verbis:
3230 2061 3443 2118 Scimus
3504 2071 3684 2118 autem

2098 2160 2348 2232 quoniam
2370 2158 2710 2229 diligentibus
2739 2156 2907 2212 Deum
2928 2156 3108 2211 omnia
3127 2164 3478 2226 cooperantur
3504 2156 3563 2210 in
3592 2155 3685 2209 bo-

2100 2269 2225 2306 num
2258 2252 2324 2306 iis
2346 2252 2433 2321 qui
2463 2249 2749 2305 secundum
2797 2249 3123 2319 propositum
3148 2248 3318 2303 vocati
3346 2256 3488 2302 sunt.
3535 2247 3681 2303 Nam

2098 2359 2227 2413 quos
2250 2342 2514 2412 pra’scivit
2545 2350 2594 2395 et
2644 2339 3037 2409 pra'destinavit
3058 2338 3351 2408 confarmes
3381 2340 3501 2407 ﬁeri
3542 2340 3682 2394 ima-

2098 2435 2208 2506 gini
2238 2434 2368 2488 Filii
2385 2435 2490 2497 sui,
2518 2444 2576 2486 ut
2603 2434 2673 2487 sit
2694 2435 2805 2502 ipse
2834 2433 3214 2504 primogenitus
3254 2433 3312 2487 in
3342 2432 3527 2487 multis
3557 2431 3678 2502 [ra-

2100 2528 2218 2579 bus.
2248 2524 2393 2592 Quos
2432 2534 2605 2578 autem
2626 2524 3046 2593 prwdestinavit,
3088 2523 3183 2577 hos
3234 2532 3286 2578 et
3330 2522 3575 2586 vocavit;
3629 2531 3679 2576 et

2097 2630 2228 2683 quos
2256 2614 2476 2681 vocavit,
2497 2614 2590 2668 hos
2627 2623 2676 2666 et
2686 2612 2999 2683 justiﬁcavit
3020 2628 3041 2678 ;
3089 2629 3218 2683 quos
3257 2621 3434 2667 autem
3470 2612 3681 2682 justifi-

2098 2704 2395 2768 cavit,illos
2431 2715 2481 2757 et
2505 2703 2823 2773 gloriﬁcavit
2848 2702 2918 2757 ".
2949 2701 3254 2769 Similiade
3270 2717 3331 2759 se
3359 2702 3678 2773 ipsedecla-

2099 2804 2183 2849 rat
2204 2793 2394 2849 dicens
2427 2813 2439 2847 :
2470 2791 2606 2849 Cum
2627 2806 2801 2848 autent
2826 2792 3027 2863 placuit
3051 2792 3119 2859 ei,
3150 2795 3240 2864 qui
3273 2809 3353 2847 me
3390 2794 3680 2865 segregavit

2095 2902 2161 2940 ea:
2190 2895 2339 2941 utero
2362 2888 2549 2942 matris
2586 2904 2733 2952 metu,
2761 2889 2992 2943 revelare
3023 2887 3070 2941 F
3073 2888 3227 2943 ilium
3250 2903 3407 2941 suum
3427 2887 3483 2941 in
3510 2902 3594 2942 me
3606 2886 3673 2941 ⁵⁸.

2095 2980 2565 3047 Quemadmodum
2629 2980 2795 3052 igitur
2848 2996 2973 3036 cum
3019 2996 3115 3037 eos
3144 2979 3529 3050 praescit'isset,
3582 2980 3674 3050 qui

2098 3073 2332 3127 amaturi
2361 3073 2540 3143 ipsum
2562 3083 2741 3134 erant.
2798 3074 2964 3129 etiam
3028 3072 3578 3144 praedestinavit;sic
3620 3082 3679 3129 et

2097 3165 2294 3236 impios
2321 3180 2447 3220 cum
2486 3166 2827 3235 prmvidisset
2849 3166 3120 3237 justitiam
3156 3166 3460 3230 locuturos,
3488 3172 3677 3235 utpote

2097 3259 2192 3329 qui
2232 3266 2455 3315 nossent
2480 3257 2629 3313 illam
2656 3299 2670 3324 ,
2710 3260 2803 3316 sed
2849 3261 3027 3330 ipsam
3075 3266 3258 3314 tamen
3282 3274 3392 3315 non
3415 3259 3677 3330 operibus

2096 3348 2345 3405 adituros
2378 3364 2524 3413 esse,
2552 3351 2679 3421 quia
2702 3350 3030 3421 iniustitiam
3077 3350 3333 3405 manibus
3378 3350 3679 3421 complica-

2096 3440 2206 3495 turi
2239 3454 2417 3506 erant,
2442 3443 2566 3498 ideo
2595 3442 2855 3498 alienavit
2916 3457 3012 3498 eos
3061 3456 3090 3496 a
3120 3443 3300 3505 vulva,
3332 3450 3386 3497 et
3409 3442 3495 3497 vel
3521 3449 3678 3496 ante-

2094 3550 2259 3604 quam
2325 3534 2539 3597 lierent,
2574 3536 2629 3589 in
2667 3535 2971 3590 errantium
3027 3544 3081 3590 et
3139 3535 3421 3591 mendacia
3446 3535 3676 3605 loquen-

2095 3626 2233 3681 tium
2283 3643 2514 3683 numero
2546 3628 2601 3682 in
2650 3642 2710 3683 se
2758 3628 3134 3699 computavit;
3200 3627 3559 3698 permisitque
3592 3633 3676 3680 ta-

2094 3735 2241 3782 men,
2262 3720 2368 3776 etsi
2403 3721 2540 3777 tales
2572 3720 2789 3777 futuros
2821 3735 2947 3776 esse
2995 3727 3207 3781 nosset.
3242 3728 3299 3774 ut
3324 3719 3500 3789 palam
3544 3733 3674 3790 pro-

2092 3811 2299 3876 dirent,
2334 3829 2445 3883 quo
2505 3812 3130 3882 prastautiajustorum
3179 3812 3675 3882 religiosorumque

2094 3904 2376 3961 hominum
2402 3920 2468 3960 ex
2505 3905 2754 3975 pejorum
2796 3905 3211 3976 comparatione
3241 3905 3501 3961 eluceret.
3534 3902 3670 3960 Nam

2092 4013 2218 4053 cum
2248 4013 2314 4052 ex
2348 4012 2456 4051 una
2485 4012 2678 4053 omnes
2718 4005 2915 4051 natura
2959 4004 3317 4060 constarent,
3371 3995 3550 4050 libero
3583 3994 3669 4050 usi

2094 4083 2468 4151 arbitrio,‘alii
2516 4087 2739 4157 quidem
2778 4096 2973 4158 sponte
3006 4088 3209 4144 bonum
3250 4086 3552 4157 elegerunt,
3576 4085 3671 4141 alii

2090 4180 2427 4235 contrariam
2458 4180 2630 4236 iniere
2656 4180 2821 4235 viam.
2866 4180 2937 4235 At
2965 4180 3218 4237 excelsus
3250 4186 3556 4250 etmagnus
3581 4179 3672 4234 ille

2092 4271 2684 4341 universorumjudex,
2723 4274 2942 4343 utrique
2996 4271 3178 4327 ordini
3206 4270 3532 4342 praasidens,
3568 4286 3670 4341 pro

2089 4364 2287 4419 merito
2334 4364 2535 4435 cuique
2572 4364 2785 4419 tribuit.
2836 4364 3019 4431 Quare
3062 4364 3148 4419 sui
3194 4371 3470 4419 amatores
3498 4363 3672 4433 gloria

2090 4455 2293 4519 all‘ecit,
2328 4455 2641 4511 conformes
2670 4456 2892 4527 imagini
2914 4454 3138 4510 Filiisui
3160 4454 3450 4519 exhibens,
3473 4454 3673 4524 quippe

404 4555 523 4602 σαν,
554 4540 888 4614 αὐτεξουσίῳ
915 4547 1235 4616 προαιρέσει
1263 4546 1620 4619 χρησάμενοι.
1660 4549 1896 4621 Ὑψηλὸς
1924 4549 1982 4603 δὲ

2097 4550 2184 4621 qui
2210 4565 2452 4605 amorem
2475 4565 2603 4621 erga
2622 4565 2683 4606 se
2696 4549 2958 4620 operibus
2984 4547 3467 4618 comprobaverint
3494 4563 3509 4613 ;
3533 4548 3672 4601 alios

398 4630 427 4681 ὁ
454 4631 628 4701 μέγας
668 4633 777 4686 τῶν
804 4635 939 4689 ὅλων
970 4638 1162 4709 κριτὴς
1181 4677 1196 4701 ,
1230 4638 1701 4711 προκαθεζόμενος
1734 4643 1981 4714 ἑκατέρῳ

399 4723 661 4793 τάγματι,
694 4725 951 4796 βραϐεύει
994 4729 1065 4783 τὰ
1105 4730 1402 4802 πρέποντα.
1436 4732 1530 4785 Διό
1561 4734 1689 4797 τοὺς
1716 4734 1817 4805 μὲν
1842 4735 1980 4804 ἀγα-

398 4818 681 4887 πήσαντας
709 4820 870 4873 αὐτὸν
898 4820 1137 4887 eaeaeae,
1173 4825 1531 4897 συμμόρφους
1561 4825 1849 4891 ἀποδείξας
1877 4828 1979 4898 τῆς

398 4909 603 4973 εἰκόνος
639 4911 734 4964 τοῦ
778 4912 910 4966 Υίοῦ
954 4914 1118 4968 αὑτοῦ
1139 4955 1154 4980 ,
1191 4915 1268 4979 ὡς
1302 4917 1366 4970 ἂν
1400 4917 1548 4989 ἔργῳ
1571 4916 1670 4989 τὴν
1704 4918 1785 4981 εἰς
1815 4918 1979 4972 αὐτὸν

397 5000 807 5074 ἐνδειξαμένους
838 5006 1059 5077 ἀγάπην
1080 5025 1092 5038 ο
1119 5009 1247 5072 τοὺς
1276 5010 1333 5063 δὲ
1359 5008 1652 5073 ἐναντίους,
1672 5010 1748 5073 ὡς
1772 5010 1837 5064 ἂν
1860 5012 1980 5063 ἐαυ-

395 5091 522 5155 τοὺς
562 5079 1114 5166 άπαλλότριώσαντας
1158 5099 1256 5168 τῆς
1294 5100 1459 5153 αὐτοῦ
1508 5100 1763 5172 χάριτος,
1810 5119 1979 5155 κατα-

396 5180 581 5237 ϐάλλει
609 5187 909 5259 συντρίϐων
937 5189 1115 5243 αὐτῶν
1136 5192 1263 5252 τοὺς
1284 5192 1525 5256 ὀδόντας,
1555 5188 1637 5256 οἷς
1656 5194 1717 5246 οὐ
1749 5194 1977 5257 δεόντως

396 5274 731 5347 ἐχρήσαντο,
765 5279 859 5333 καὶ
899 5280 1137 5334 συνθλῶν
1167 5282 1266 5345 τὰς
1318 5281 1491 5353 μύλας
1530 5285 1741 5350 αὐτῶν,
1786 5286 1854 5338 δι’
1901 5280 1977 5339 ὧν

2090 4658 2221 4698 vero
2250 4642 2387 4712 ipsis
2402 4644 2711 4712 oppositos,
2741 4648 2933 4711 utpote
2978 4640 3075 4711 qui
3100 4654 3223 4695 sese
3248 4640 3318 4693 ab
3346 4639 3468 4708 ejus
3492 4640 3669 4709 gratia

2091 4734 2548 4796 abalienaveriut,
2579 4733 2768 4802 dejicit
2803 4749 2818 4785 :
2850 4732 3043 4787 dentes
3064 4746 3279 4793 eorum,
3305 4730 3509 4800 quibus
3557 4745 3667 4784 non

2091 4836 2149 4880 ut
2189 4842 2288 4897 par
2312 4834 2431 4882 erat
2461 4827 2546 4882 usi
2599 4832 2752 4889 sunt,
2788 4823 3045 4885 conterit,
3109 4822 3394 4891 molasque
3450 4834 3667 4882 eorum,

2088 4919 2246 4985 queis
2281 4918 2469 4973 multis
2516 4916 2814 4987 perniciem
2865 4915 3191 4976 intulerunt.
3233 4911 3571 4982 confringit:
3606 4926 3671 4964 ac

2087 5011 2305 5065 demum
2330 5009 2383 5062 in
2400 5009 2651 5072 nihilum,
2686 5008 2740 5061 in
2766 5008 2937 5062 risum
2970 5016 3025 5061 et
3046 5005 3401 5076 opprobrium
3423 5002 3665 5065 deducit,

2085 5100 2305 5173 quando
2347 5099 2617 5155 lluxarum
2662 5108 2715 5154 et
2779 5116 2888 5154 non
2947 5097 3368 5153 consistentium
3398 5110 3664 5167 aquarum

2088 5194 2263 5248 instar
2312 5191 2558 5247 deﬂuunt
2597 5192 2746 5261 :ipsi
2794 5191 2959 5247 talem
3022 5190 3186 5245 ﬁnem
3208 5189 3528 5260 exitumque
3557 5186 3665 5242 sibi

2085 5294 2474 5356 procurarunt.

396 5368 607 5432 πολλοῖς
632 5367 969 5440 ἐλυμήναντο
985 5388 999 5401 ·
1021 5370 1113 5424 καὶ⁸
1142 5372 1292 5435 τέλος
1316 5376 1396 5436 εἰς
1411 5372 1757 5439 ὲξουδένωσιν
1778 5376 1973 5440 αὐτοὺς
2007 5376 2336 5447 παραδιδοὺς
2392 5375 2484 5429 καὶ
2539 5375 2734 5446 χλεύην
2773 5374 2866 5428 καὶ
2892 5373 3123 5437 ὄνειδος⁸
3139 5374 3231 5426 ὅτε
3257 5372 3353 5425 καὶ
3374 5370 3533 5443 δίκην
3555 5368 3665 5425 τῶν

395 5460 635 5533 ρευστῶν
659 5460 752 5513 καὶ
783 5461 880 5530 οὐχ
906 5459 1155 5514 ἑστώτων
1184 5462 1390 5517 ὑδάτων
1416 5464 1796 5537 ἀπορρέουσιν,
1815 5466 1971 5518 αὐτοὶ
2004 5467 2217 5528 ἑαυτοῖς
2279 5465 2341 5517 τδ
2364 5464 2603 5518 τοιοῦτον
2634 5461 3065 5535 προξενήσαντες
3092 5463 3261 5527 τέλος.

476 5549 744 5605 Ἐντενεῖ
759 5554 823 5606 τὸ
850 5553 1031 5618 τόξον
1047 5555 1236 5609 αὑτοῦ
1262 5556 1377 5623 ἕως
1403 5552 1475 5612 οὗ
1498 5558 1971 5623 ἀσθενήσουσιν.

402 5638 560 5696 Ὠσεὶ
608 5643 791 5712 κηρὸς
840 5645 1039 5713 τακεὶς
1096 5647 1705 5718 ἀνταναιρεθήσονται
1726 5667 1739 5680 θ
1793 5651 1975 5704 ἔπεσε

464 5796 511 5830 ³⁸
549 5795 662 5857 Jcr.
699 5815 755 5867 ι,
793 5801 848 5858 5.

2156 5558 2323 5613 Vsus.
2352 5558 2525 5620 9,10.
2573 5556 2817 5611 Intendot
2870 5572 3050 5610 arcum
3089 5573 3245 5610 suum
3301 5555 3466 5613 donec
3507 5556 3661 5625 inﬁr~

2084 5660 2311 5704 mentur.
2337 5647 2484 5703 Sicut
2514 5665 2632 5702 cera
2650 5664 2765 5718 qua'
2783 5648 2924 5717 ﬂuit,
2960 5647 3266 5716 auferantur
3285 5664 3302 5703 :
3319 5649 3662 5718 supercccidt'l

925 5803 970 5837 ⁵³
1010 5802 1208 5871 Ephcs.
1247 5822 1295 5872 ι,
1329 5806 1381 5861 4.
1461 5806 1507 5840 ⁸⁸
1548 5806 1679 5864 ibid.
1717 5806 1903 5863 ιιςιει.
1982 5809 1995 5839 ³

2097 5812 2222 5865 tom.
2262 5823 2391 5874 vm,
2424 5805 2621 5863 9.8—9.9.
2699 5807 2744 5838 ⁵⁸
2783 5804 2899 5861 Gal.
2941 5819 2993 5872 ι,
3029 5804 3117 5865 15.
