4142 6388
503 379 612 442 527

1134 383 1405 443 EUSEBII
1436 383 1913 443 CASSARIENSIS
1953 383 2102 441 OPP.
2144 383 2327 440 PARS
2363 385 2448 440 ιιι.
2501 417 2570 428 -
2610 386 3018 442 EXEGETICA.

3647 383 3751 440 5:28

505 495 643 568 ignis
692 499 745 553 in
781 499 948 569 ipsos,
995 507 1046 553 et
1083 515 1188 553 non
1236 499 1478 554 viderunt
1517 501 1703 554 solem.
1749 498 2074 569 Priusquam

2179 498 2297 565 πῦρ
2315 498 2409 552 ἐπ’
2439 499 2680 565 αὐτοὺς,
2707 499 2802 552 καὶ
2825 501 2936 553 οὐκ
2957 494 3121 552 εἶδον
3150 499 3260 552 τὸν
3285 490 3480 566 ἣλιον.
3502 496 3624 565 Πρό
3645 495 3752 558 τοῦ

504 593 800 646 emitterent
843 593 1009 661 spina:
1058 603 1244 648 vestra:
1294 593 1598 658 rhamnum,
1645 595 1782 647 sicut
1827 594 2074 655 viventes,

485 681 642 734 'sicut
671 682 724 735 in
782 683 864 736 ira
907 682 1203 738 absorbebit
1255 701 1362 738 vos.
1417 683 1543 739 Haec
1591 699 1714 738 cum
1757 684 1901 755 apud
1937 682 2072 737 LXX

504 773 739 830 obscure
767 774 1050 842 ferantur,
1086 778 1310 848 paulum
1350 779 1595 848 apertius
1645 777 1790 848 quod
1840 779 1907 833 ad
1951 793 2076 832 sen-

505 865 732 920 tentiam
765 867 842 939 (l)
877 883 908 922 a
942 869 1272 940 Symmacho
1319 885 1481 926 versa
1527 878 1656 924 sunt
1705 869 1808 924 hoc
1863 871 2024 924 modo
2059 889 2071 922 :

505 959 611 1026 Qui
641 960 806 1015 tendit
835 979 1021 1017 arcum
1048 981 1204 1018 suum
1239 963 1584 1029 turbetur,'ut
1614 979 1731 1034 qua:
1752 965 2078 1016 comminuta

499 1062 644 1118 sunt,
673 1063 733 1108 ut
761 1053 927 1110 vulva:
951 1055 1204 1126 pellicula
1230 1057 1512 1118 dissoluta,
1531 1055 1765 1111 dissonet
1783 1056 2078 1110 abortivum

500 1146 763 1212 mulieris,
797 1157 856 1200 ut
898 1164 960 1201 ne
997 1148 1208 1202 videant
1234 1149 1418 1203 solem.
1466 1149 1789 1219 Priusquam
1841 1161 2077 1202 crescant

501 1238 669 1306 spina:
699 1249 907 1304 vestraz,
943 1241 1021 1294 ita
1046 1249 1103 1293 ut
1130 1242 1264 1309 [iant
1305 1241 1580 1307 rhamnus,
1613 1241 1784 1294 adhuc
1827 1242 2077 1296 viventem

501 1331 653 1398 quasi
678 1333 883 1400 penitus
912 1333 1113 1386 siccum
1139 1332 1293 1386 turbo
1319 1333 1544 1400 auferet.
1586 1331 1712 1387 Haec
1757 1332 2077 1403 porro-fue-

497 1420 578 1474 rit
608 1421 742 1478 dicti
771 1425 1067 1480 sententia.
1093 1425 1234 1490 Quia
1263 1425 1317 1479 in
1355 1425 1636 1496 proposito
1664 1434 1753 1480 est
1781 1425 1958 1495 qualis
1992 1424 2078 1478 fu-

491 1519 662 1572 i‘turus
681 1526 1028 1586 peccatorum
1047 1518 1169 1573 linis
1186 1519 1278 1584 sit,
1297 1518 1637 1574 describere:
1655 1528 1851 1590 prater
1869 1535 1932 1576 ea
1957 1536 2078 1590 quae

490 1610 758 1678 superius
797 1609 1058 1676 diximus,
1095 1611 1210 1667 haec
1237 1614 1403 1667 etiam
1432 1613 1555 1671 illos
1578 1621 1928 1682 exspectare,
1955 1630 1988 1666 ο
2015 1616 2078 1667 li-

493 1698 563 1752 lii
613 1699 920 1765 hominum,
977 1701 1228 1758 ediscite.
1281 1701 1498 1757 Dictum
1551 1718 1684 1759 sane
1732 1702 1836 1757 fuit
1893 1713 2074 1766 antea,

506 1789 646 1845 Deus
679 1802 905 1847 conteret
945 1795 1122 1849 dentes
1171 1812 1352 1849 eorum
1403 1797 1456 1849 in
1498 1812 1588 1850 ore
1624 1797 1879 1864 ipsorum,
1905 1797 2074 1850 molas

2177 593 2452 648 συνιέναι
2506 594 2610 658 τὰς
2645 593 2913 657 ἀκάνθας
2943 591 3112 662 ὑμῶν
3153 591 3268 659 τὴν
3307 590 3560 660 ῥάμνον,
3607 587 3750 643 ὡσεὶ

2177 682 2414 749 ζῶντας,
2443 683 2587 738 ὡσεί
2625 684 2696 736 ἐν
2723 681 2870 752 ὀργῇ
2907 682 3251 737 καταπίεται
3293 680 3468 750 ὐιῶς.
3505 678 3750 747 Ἀσαφῶς

2177 779 2381 834 τούτων
2404 780 2554 850 παρά
2579 781 2689 842 τοῖς
2726 777 3122 849 Ἐὅδομήκοντα
3154 776 3487 847 φερομένων,
3514 776 3750 848 μετρίως

2177 887 2296 936 πως
2324 872 2422 944 τὴν
2461 871 2694 924 διάνοιαν
2727 869 3052 940 σαφέστερον
3083 869 3422 922 ἀποδέδωκεν
3457 869 3488 920 ό
3528 869 3750 939 Σύμμα-

2178 983 2290 1036 χος,
2328 966 2515 1020 τοῦτον
2556 965 2894 1037 ἑρμηνεύσας
2930 964 3022 1018 τὸν
3057 965 3290 1036 τρόπον·
3338 964 3401 1017 '0
3431 963 3642 1016 τείνων
3682 961 3750 1015 τὸ

2176 1058 2358 1124 τόξον
2397 1057 2584 1112 αὐτοῦ
2621 1057 2998 1125 θορυϐηθήτω
3023 1058 3102 1123 ὡς
3134 1057 3207 1111 τὰ
3237 1057 3626 1125 θρυπτόμενα,
3669 1055 3752 1118 ὡς

2179 1150 2529 1220 περιχωρίον
2567 1146 2869 1211 διαλυθὲν,
2895 1147 3212 1216 διαφωνείη
3250 1145 3517 1213 ἐκτρωμα
3547 1159 3748 1214 γυναι-

2177 1241 2303 1308 κὸς,
2330 1242 2429 1293 ἵνα
2455 1237 2540 1308 μὴ
2575 1237 2785 1290 ἴδωσιν
2823 1236 3018 1303 ἣλιον.
3062 1234 3211 1301 Πρὶν
3235 1232 3274 1301 ἣ
3311 1230 3665 1297 αὺξήσωσιν
3689 1230 3750 1282 al

2177 1331 2427 1386 ἄκανθαι
2459 1329 2645 1399 ὑμῶν,
2676 1328 2832 1381 ὥστε
2868 1327 3145 1398 γενέσθαι
3164 1324 3412 1394 ῥάμνος,
3445 1323 3532 1377 ἐτι
3568 1321 3752 1382 ain-ta

2176 1425 2257 1490 ὡς
2285 1423 2582 1491 όλόεηρον
2623 1422 2861 1489 λαίλαψ
2891 1419 3038 1488 ἀρεῖ.
3075 1417 3172 1488 Είη
3201 1418 3248 1471 δ’
3281 1417 3348 1470 ἂν
3395 1417 3424 1468 ό
3478 1415 3600 1478 νοῦς
3641 1414 3750 1468 τῶν

2179 1515 2552 1587 προκειμένων
2592 1512 2848 1574 τοιοῦτος.
2897 1509 3113 1581 Ἐπειδὴ
3158 1507 3226 1562 τὰ
3257 1507 3384 1578 τέλη
3421 1504 3531 1558 τῶν
3565 1506 3748 1576 ἀμαρ-

2177 1608 2360 1662 τωλῶν
2388 1609 2546 1660 ὁποῖα
2579 1605 2728 1658 ἔσται
2765 1604 3087 1675 διαγράφειν
3123 1601 3427 1674 πρόκειται,
3458 1599 3550 1652 καὶ
3576 1597 3749 1652 ταῦτα

2179 1702 2314 1773 πρὸς
2338 1704 2450 1762 τοῖς
2484 1699 2822 1770 προλεχθεῖσι
2853 1695 3165 1766 περιμένειν
3189 1693 3404 1756 αὐτοὺς,
3445 1686 3490 1745 ὦ
3517 1691 3620 1744 ubi.
3641 1687 3750 1743 τῶν

2178 1793 2496 1865 ἀνθρώπων,
2517 1791 2830 1862 μανθάνετε.
2862 1788 3108 1856 Ἐλέγετο
3133 1786 3196 1859 δὴ
3225 1787 3331 1858 πρὸ
3347 1784 3654 1846 τούτου,ὅτι
3687 1783 3749 1835 ὀ

489 1873 710 1936 Ἶεοηυηι
734 1884 1024 1956 confringet
1061 1885 1344 1950 Dominus,
1369 1896 1441 1950 ct,
1467 1888 1535 1939 ad
1566 1887 1784 1940 nihilum
1808 1886 2074 1941 devenient

2181 1857 2323 1953 Gedc
2355 1857 2668 1954 συντρίψει
2723 1885 2862 1950 τοὺς
2899 1882 3147 1947 ὀδόντας
3178 1857 3375 1934 αὐτῶν
3402 1879 3472 1932 ἐν
3497 1875 3576 1942 τῷ
3613 1875 3726 1930 στό

505 1983 754 2046 tanquam
780 1995 915 2048 aqua
940 1980 1242 2035 decurrens.
1288 1978 1370 2034 Ad
1409 1995 1472 2033 ea
1499 1990 1676 2034 autem
1705 1981 1818 2034 haec.
1855 1981 2078 2049 insuper

489 2069 915 2137 ‘patientur.Qui
938 2073 1064 2126 olim
1101 2088 1286 2127 arcum
1316 2090 1474 2128 suum
1508 2074 1843 2138 intendebat,
1870 2074 2078 2127 verbis--

503 2169 610 2229 'que
640 2163 754 2217 suis
785 2172 1043 2233 tanquam
1086 2165 1210 2220 telis
1262 2166 1397 2220 alios
1439 2166 1737 2236 impetcbat
1776 2175 1826 2219 et
1862 2166 2077 2219 occide-

491 2245 620 2311 ‘bat,
648 2250 693 2305 is
721 2252 836 2321 ipse
881 2253 933 2304 in
977 2252 1168 2321 judicii
1199 2262 1441 2323 tempore
1476 2255 1790 2308 turbaliitttr
1818 2274 1828 2307 :
1865 2255 2078 2323 telaque

485 2341 625 2410 ‘ejus
656 2357 778 2410 quae
799 2341 1076 2408 iaculatus
1105 2353 1211 2411 est,
1241 2360 1304 2398 ac
1326 2344 1527 2414 quibus
1552 2345 1754 2400 multos
1782 2345 2074 2409 interiecit,

499 2433 835 2487 comminuta
857 2434 923 2488 dc
955 2435 1132 2490 medio
1172 2435 1450 2490 tollentur.
1481 2433 1681 2491 Deinde
1723 2435 2077 2505 quemadmo-

499 2526 630 2580 dum
690 2527 945 2597 pellicula
983 2543 1016 2582 e
1078 2527 1305 2582 muliere
1341 2526 1618 2596 prodiens,
1668 2528 1791 2582 vita:
1846 2543 2077 2583 consors

489 2617 816 2672 "nullatenus
871 2627 975 2682 est,
1009 2619 1104 2673 sed
1160 2619 1429 2674 dissoluta
1473 2619 1755 2685 dissonat;
1791 2620 1874 2674 vel
1934 2620 2078 2674 sicut

503 2707 810 2762 abortivum
865 2710 919 2763 in
978 2709 1236 2780 pellicula
1282 2710 1477 2779 jacens
1522 2718 1823 2773 mortuum,
1872 2725 1994 2764 cum
2046 2725 2076 2763 a

490 2809 816 2868 praegnante
847 2802 1146 2870 egreditur,
1175 2801 1330 2856 nullo
1363 2817 1531 2858 sensu
1555 2802 1839 2871 praeditum
1876 2811 1978 2864 est,
2015 2809 2073 2854 ut

501 2890 626 2944 luce
673 2899 729 2945 et
772 2891 888 2946 sole
926 2890 1177 2958 fruatur;
1215 2891 1295 2945 sic
1322 2898 1484 2946 erunt
1517 2898 1835 2962 peccatores
1871 2907 2079 2946 memo-

502 2978 639 3034 ratis
691 2979 874 3034 verbis
927 2979 1169 3036 indicati.
1210 2981 1343 3036 Nam
1372 2996 1574 3053 corpus
1602 2996 1814 3046 eorum,
1851 2980 2078 3051 perinde

501 3080 665 3140 atque
701 3071 958 3141 pellicula
995 3071 1322 3128 dissolutum
1348 3112 1362 3137 ,
1410 3074 1752 3144 corruptioni
1795 3073 2073 3140 tradetur;

502 3162 708 3216 nullam
739 3177 888 3232 spem
914 3163 1121 3220 habens
1150 3180 1208 3220 se
1236 3181 1358 3219 cum
1384 3166 1591 3221 sanctis
1612 3173 2071 3221 resurrecturum.

506 3254 698 3313 Anima
719 3271 848 3310 vero
877 3271 1088 3322 eorum,
1121 3272 1242 3327 quia
1274 3257 1330 3310 in
1364 3271 1592 3326 corpore
1622 3272 1721 3313 ceu
1743 3259 1798 3311 in
1823 3257 2072 3328 pellicula

491 3347 793 3404 "convoluta
821 3355 926 3416 est,
975 3347 1224 3403 abortivo
1269 3348 1517 3404 mulieris
1571 3349 1768 3404 similis
1809 3350 1936 3416 erit,
1975 3363 2075 3403 nec

499 3442 634 3507 vita,
668 3458 766 3498 nec
799 3443 944 3507 luce,
975 3458 1078 3498 nec
1107 3445 1240 3499 solis
1279 3446 1448 3500 radiis
1492 3445 1773 3516 gaudens;
1805 3444 1896 3499 sed
1933 3457 1963 3496 a
1994 3451 2078 3498 te-

493 3535 689 3590 ‘nebri's
720 3535 774 3588 in
807 3535 1064 3590 tenebras
1091 3536 1592 3611 concedet;'neque
1628 3537 1681 3591 in
1727 3536 1950 3607 regione
1995 3535 2076 3589 vi-

499 3640 693 3682 vorum
723 3637 1055 3691 assumetur,
1076 3645 1252 3699 neque
1272 3628 1506 3698 placebit
1531 3627 1762 3684 Domino
1791 3629 1845 3681 in
1873 3628 2077 3683 lumine

501 3717 832 3784 viventium;
860 3733 961 3773 nec
1004 3718 1172 3782 dicet,
1223 3717 1552 3781 Convertere,
1607 3720 1790 3772 anima
1831 3735 1966 3780 mea,
2021 3719 2076 3773 in

499 3808 730 3878 requiem
764 3817 932 3873 tuam,
957 3810 1082 3878 quia
1103 3809 1354 3862 Dominus
1373 3807 1624 3878 benefacit
1658 3808 1810 3862 tibi“
1843 3828 1854 3862 :
1889 3825 2073 3864 verum

500 3900 587 3955 bis
625 3901 885 3957 omnibus
935 3902 1170 3972 privata,
1201 3902 1443 3958 tenebris
1477 3903 1740 3957 tradetur.
1791 3901 1963 3972 Cujus
1996 3904 2074 3958 rei

501 3993 830 4048 mentionem
863 3994 936 4047 ita
972 3994 1103 4047 facit
1127 3991 1378 4049 Salvator
1413 4014 1425 4048 :
1453 3992 1698 4064 Ligantcs
1722 3994 1836 4064 ejus
1853 3996 2005 4064 pedes
2028 4007 2074 4050 et

499 4099 690 4138 manus
723 4085 895 4153 ejicite
921 4085 1093 4154 ipsum
1135 4087 1190 4139 in
1231 4085 1471 4142 tenebras
1510 4089 1833 4143 exteriores:
1858 4088 1930 4142 ibi
1976 4091 2077 4143 erit

496 4172 652 4246 ﬂetus
676 4183 723 4228 et
747 4173 947 4227 stridor
970 4173 1285 4230 dentium”.
1321 4175 1383 4229 Et
1417 4175 1505 4230 hic
1532 4177 1750 4246 quidem
1784 4179 2075 4247 impiorum

499 4261 625 4320 ﬁnis
654 4267 777 4318 erit.
811 4255 1077 4334 Fructum
1108 4275 1290 4320 autem
1316 4274 1371 4321 et
1396 4282 1585 4336 opera,
1613 4268 1787 4337 spinis
1817 4270 1950 4324 nihil
1982 4271 2078 4324 ab-

498 4352 721 4419 similia,
757 4362 1050 4424 antequam
1086 4361 1461 4411 maturescant
1497 4365 1550 4411 et
1596 4358 1664 4412 ad
1708 4360 1928 4414 malitize
1955 4378 2078 4431 pcr-

498 4445 788 4500 fectionem
823 4442 1133 4513 deveniam,
1177 4447 1304 4502 dum
1358 4450 1537 4504 adhuc
1581 4452 1944 4520 pullulabunt,
1981 4470 2076 4508 cx-

2173 1998 2314 2048 ματι
2345 1978 2562 2042 αὐτῶν,
2585 1978 2680 2032 καί
2709 1976 2816 2042 τὰς
2838 1977 3038 2044 μύλας
3069 1973 3185 2027 τῶν
3209 1973 3470 2026 λεόντων
3492 1965 3752 2024 συνθλά-

2177 2089 2271 2126 σει
2299 2073 2530 2140 Κύριος,
2565 2071 2676 2135 καὶ,
2703 2067 3285 2133 ἑξουδενωθήσονται
3321 2063 3401 2129 ὠς
3441 2061 3598 2130 ὕδωρ
3625 2061 3752 2114 διαη

2179 2171 2600 2236 πορευόμενον.
2627 2167 2770 2238 Πρὸς
2801 2163 3007 2226 τούτοις
3033 2159 3124 2216 οὖν
3155 2161 3248 2214 καὶ
3280 2161 3405 2215 τάδε
3432 2159 3706 2212 πείσονται
3731 2171 3746 2184 ·

2178 2263 2204 2314 ό
2234 2261 2396 2315 πάλαι
2425 2260 2683 2332 πρότερον
2724 2258 2785 2310 τὸ
2825 2255 3015 2309 ἑαυτοῦ
3049 2254 3201 2321 τὸξον
3243 2251 3509 2312 ἐντείνων,
3537 2248 3751 2320 βάλλων

2177 2371 2236 2406 τε
2267 2353 2361 2406 καὶ
2410 2350 2646 2420 ἀναιρῶν
2674 2348 2892 2418 ἐτέρους
2922 2345 3110 2416 ὥσπερ
3176 2343 3353 2414 βέλεσι
3398 2342 3511 2402 τοῖς
3557 2336 3749 2393 ἑαυτοῦ

2177 2446 2374 2514 λόγοις,
2405 2440 2556 2506 οὗτος
2588 2445 2644 2495 ὲν
2681 2441 2758 2511 τῷ
2791 2440 2887 2510 τῆς
2911 2439 3141 2510 κρίσεως
3175 2433 3351 2508 καιρῷ
3381 2431 3749 2502 θορυὸήθήσε-

2177 2557 2288 2598 ται,
2325 2539 2417 2592 καὶ
2450 2537 2516 2591 τὰ
2550 2535 2676 2606 βέλη
2709 2533 2871 2587 αὐτοῦ
2921 2531 2988 2584 δι’
3022 2526 3096 2584 ὧν
3142 2527 3390 2598 ἡκόντιζε
3421 2526 3514 2578 καὶ
3563 2523 3750 2594 ἀνῄρει

2179 2631 2430 2696 πολλοὺς,
2491 2629 2836 2700 θρυπτόμενα
2889 2622 3332 2693 ἀφανισθήσεται.
3392 2615 3506 2671 Εἶθ’
3561 2616 3750 2687 ὥσπερ

2178 2724 2375 2794 χωρίον
2416 2722 2778 2793 προχωρῆσαι)
2813 2716 2921 2772 ἀπὸ
2943 2713 3217 2784 γυναικὸς,
3249 2711 3505 2780 οὐδεμιᾶς
3539 2709 3750 2779 μετέχει

2180 2812 2345 2885 ζωῆς,
2372 2812 2616 2866 διαλυθὲν
2635 2812 2692 2865 δὲ
2717 2811 3004 2879 διαφωνεῖ·
3029 2807 3062 2878 ή
3091 2806 3278 2876 ὥσπερ
3299 2805 3360 2856 τὸ
3384 2806 3439 2857 ἐν
3467 2802 3544 2872 τῷ
3567 2802 3750 2873 χωρίῳ

2177 2905 2504 2959 ὲναποθανδν
2558 2905 2833 2976 ἐκτρωμα,
2882 2899 3140 2972 προελθὸν
3193 2899 3291 2967 τῆς
3337 2895 3478 2949 κατά
3517 2893 3750 2964 γαστρὸς

2179 2997 2309 3052 αὐτὸ
2342 2997 2631 3068 φερούσης,
2682 2995 2934 3065 οὐδεμιᾶς
2985 2991 3200 3063 μετέχει
3248 2989 3550 3060 αἰσθήσεως
3585 2987 3664 3048 είς
3691 2985 3752 3036 τὺ

2179 3088 2481 3144 ἀπολαῦσαι
2509 3087 2684 3156 φωτὸς
2735 3085 2828 3140 καὶ
2869 3084 3053 3155 ἡλίου·
3091 3081 3263 3144 οὕτως
3308 3080 3358 3132 οἱ
3405 3075 3622 3139 ἀσεϐεῖς
3659 3076 3750 3129 καὶ

2180 3177 2490 3250 ἁμαρτωλοὶ
2520 3178 2568 3230 οἱ
2594 3175 2683 3228 διά
2710 3175 2817 3228 τῶν
2836 3170 3237 3245 προλεχθέντων
3257 3165 3586 3239 δηλωθέντες
3611 3163 3751 3216 ἔσον-

2175 3289 2287 3327 ται.
2315 3270 2388 3323 Τὸ
2417 3269 2514 3340 μὲν
2541 3267 2648 3339 γὰρ
2673 3265 2831 3337 σῶμα
2857 3263 3036 3325 αὐτοῖς
3055 3257 3298 3315 διαλυθὲν
3321 3256 3522 3326 ὁμοίως
3544 3253 3746 3326 χωρίῳ,

2179 3364 2354 3436 φθορᾷ
2398 3360 2857 3434 παραδοθήσεται,
2896 3355 3080 3408 ἐλπίδα
3121 3357 3219 3423 τῆς
3269 3348 3404 3421 μετὰ
3439 3345 3548 3401 τῶν
3580 3345 3750 3436 ἁγίων

2177 3435 2522 3514 ἀναστάσεως
2552 3451 2650 3519 οὐχ
2687 3446 2806 3513 ἓξον
2825 3464 2837 3477 ·
2871 3448 2903 3518 ἡ
2943 3445 3000 3498 δὲ
3036 3446 3092 3497 ὲν
3122 3442 3198 3513 τῷ
3243 3440 3452 3511 σώματι
3479 3436 3666 3506 ὥσπερ
3691 3435 3749 3486 ὲν

2177 3545 2360 3616 χωρίῳ
2385 3541 2742 3614 συνειλημένη
2773 3538 2953 3592 αὐτῶν
2990 3536 3134 3607 ψυχὴ
3159 3531 3472 3606 ἐκτρώματι
3495 3527 3750 3599 γυναικὸς

2177 3635 2602 3708 ὁμοιωθήσεται,
2644 3635 2780 3706 μήτε
2816 3632 2980 3702 ζωῆς,
3024 3630 3161 3701 μήτε
3191 3626 3386 3696 φωτὸς,
3427 3625 3561 3695 μήτε
3597 3621 3748 3692 ήλίου

2177 3729 2358 3798 αὐγῶν
2371 3728 2736 3788 ἀπολαύουσα,
2755 3724 2862 3778 ἀπὸ
2875 3726 3097 3784 σκότους
3106 3720 3162 3774 δὲ
3176 3719 3268 3773 ἐπὶ
3285 3719 3474 3780 σκότος
3490 3717 3638 3788 χωρή
3646 3730 3744 3768 σει·

2178 3821 2272 3875 καὶ
2302 3820 2424 3874 οὐτε
2455 3821 2511 3872 ἐν
2556 3817 2709 3889 χώρᾳ
2739 3816 2952 3881 ζώντων
2997 3812 3451 3884 ἀναληφθήσεται,
3500 3806 3622 3860 οὔτε
3660 3804 3750 3858 εὐ-

2178 3916 2466 3987 αρεστήσει
2498 3912 2575 3984 τῷ
2595 3911 2782 3981 Κυρίῳ
2816 3913 2870 3963 ὲν
2903 3909 3040 3978 φωτὶ
3069 3907 3301 3972 ζώντων·
3331 3905 3451 3958 οὐδὲ
3483 3903 3587 3973 μὴν
3614 3901 3745 3972 ὲρεῖ·
3848 3924 3860 3935 ο

2190 4003 2606 4070 Ἐπίστρεψον,
2641 4003 2678 4070 ἠ
2733 3997 2902 4069 ψυχή
2936 4016 3075 4068 μου,
3114 3999 3200 4062 είς
3249 3995 3361 4064 τὴν
3405 3990 3750 4048 ἀνάπαυσιν

2178 4113 2326 4159 σου,
2367 4089 2454 4147 ὅτι
2498 4095 2712 4162 Κύριος
2755 4089 3121 4160 εὐηργέτησέ
3164 4107 3265 4143 σε·
3323 4087 3645 4159 στερηθεῖσα
3692 4083 3750 4137 δε

2177 4189 2380 4243 τούτων
2409 4187 2681 4252 ἁπάντων,
2721 4186 2896 4256 σκότῳ
2939 4183 3389 4256 παραδοθήσεται.
3429 4173 3503 4234 Οὗ
3541 4194 3750 4251 μνημο-

2177 4281 2370 4343 νεύσας
2416 4283 2444 4335 ό
2482 4279 2688 4352 Σωτὴρ,
2738 4279 2921 4347 ἔλεγε·
2972 4275 3275 4344 Δήσαντες
3327 4271 3510 4328 αὑτοῦ
3563 4270 3752 4336 πόδας

2178 4373 2274 4426 καί
2337 4372 2556 4442 χεζοας,
2604 4367 2881 4425 ἐκϐάλετε
2927 4369 3112 4423 αὑτὸν
3157 4370 3244 4434 είς
3299 4366 3366 4420 τὸ
3419 4365 3637 4430 σκότος
3682 4362 3751 4416 τὸ

2177 4465 2481 4534 ἐξώτερον·
2506 4464 2634 4517 ἐκεῖ
2652 4464 2823 4517 ἔσται
2867 4466 2898 4516 ὀ
2927 4461 3234 4530 κλαυθμὸς
3281 4457 3381 4512 καὶ
3407 4460 3439 4511 ό
3481 4455 3752 4525 βρυγμὸς

499 4537 731 4592 siccabit
761 4537 842 4592 ira
874 4537 991 4602 Dei,
1031 4555 1151 4610 qua:
1181 4541 1330 4609 ipsos
1359 4541 1596 4596 invadet.
1635 4542 1790 4608 Quod
1822 4559 1954 4600 sane
1990 4545 2074 4601 his

2178 4556 2295 4611 τῶν
2326 4556 2604 4610 ὀδόντων.
2653 4557 2763 4609 Καὶ
2792 4553 2950 4608 τοῦτο
2982 4552 3080 4624 μὲν
3123 4552 3275 4605 ἔσται
3305 4550 3414 4603 τῶν
3451 4547 3666 4602 ἀσεϐῶν
3691 4547 3752 4599 τὸ
3783 4579 3788 4584 -

493 4626 680 4682 verbis
715 4627 1099 4698 signiﬁcatur:
1136 4629 1460 4699 Priusquam
1503 4644 1744 4685 crescant
1776 4635 1943 4702 spina:
1984 4651 2072 4688 ve-

494 4727 642 4784 strae,
684 4721 762 4773 ita
798 4729 857 4773 ut
903 4721 1037 4789 ﬁant
1082 4721 1360 4786 rhamnus,
1403 4717 1575 4776 adhuc
1623 4726 1894 4788 viventem,
1919 4729 2074 4796 quasi

491 4813 701 4882 penitus
724 4813 921 4870 siccum
943 4812 1094 4866 turbo
1127 4814 1349 4882 auferet.
1385 4814 1520 4869 Cum
1561 4815 1728 4884 igitur
1757 4817 2074 4886 interpreta-

491 4904 664 4962 tionis
716 4906 1031 4976 Symmachi
1082 4915 1322 4964 mentem
1370 4908 1718 4978 aliquatenus
1761 4914 2073 4983 perceperi-

490 5011 645 5060 mus,
676 4997 789 5067 jam
820 5005 992 5054 restat
1025 5007 1086 5054 ut
1114 4999 1180 5053 ad
1203 4998 1344 5052 LXX
1362 5001 1670 5056 versionem
1690 5011 2066 5068 transeamus,

489 5101 650 5146 ut.ex
684 5091 847 5144 allata
893 5092 1327 5162 comparatione,
1363 5107 1550 5146 eorum
1587 5106 1806 5164 quoque
1849 5104 2071 5152 senten-

489 5180 622 5236 tiam
656 5183 1021 5253 speculemur.
1050 5182 1140 5236 Ait
1180 5181 1398 5252 itaque:
1435 5182 1678 5239 Intendet
1709 5203 1892 5243 arcum
1913 5208 2068 5245 suum

489 5266 652 5323 donec
679 5270 1034 5339 inﬁrmentur.
1071 5270 1175 5337 Qui
1206 5271 1395 5327 dentes
1411 5287 1598 5328 eorum
1624 5277 1678 5330 in
1701 5293 1796 5333 ore
1820 5280 2063 5350 ipsorum

489 5360 848 5425 contriturus,
881 5370 935 5416 et
966 5364 1142 5418 molas
1173 5364 1390 5418 leonum
1422 5367 1810 5426 contracturus
1843 5383 1928 5427 est
1958 5373 2064 5429 Do-

487 5453 694 5517 minus.
721 5454 840 5525 ipse
867 5471 1055 5510 arcum
1091 5471 1248 5510 suum
1280 5473 1345 5511 eo
1363 5474 1537 5528 usque
1572 5461 1835 5530 intendet,
1857 5466 2060 5525 feriens

557 5549 605 5580 ⁸⁷
643 5548 784 5604 Psal.
828 5566 976 5614 cxw,
1011 5552 1066 5606 6.
1143 5552 1190 5582 ⁸⁸
1232 5551 1420 5606 Matth.
1457 5570 1548 5618 xv,
1582 5556 1671 5608 50.

556 5652 585 5682 ι
621 5642 720 5696 Ms.
755 5643 1064 5716 ὁλοκληρον.

2170 4648 2341 4712 τέλος.
2374 4648 2476 4701 Τὸν
2498 4649 2553 4701 δὲ
2583 4647 2796 4719 καρπὸν
2825 4642 3004 4699 αὐτῶν
3041 4645 3136 4698 καὶ
3176 4643 3276 4707 τὰς
3309 4641 3555 4714 πράξεις,
3586 4641 3754 4694 ἀκαν-

2173 4741 2279 4794 θῶν
2321 4742 2472 4795 οὐδὲν
2518 4740 2894 4813 διαφέροντας,
2941 4738 3070 4808 πρὶν
3101 4735 3496 4807 τελεσφορῆσαι
3538 4733 3631 4787 καὶ
3674 4734 3753 4796 είς

2169 4833 2446 4888 τελείωσιν
2474 4833 2674 4897 κακίας
2701 4832 2895 4896 ἐλθεῖν,
2925 4830 3002 4883 ἔτι
3030 4831 3088 4882 ὲν
3116 4829 3310 4900 ἀρχαῖς
3337 4826 3501 4890 οὔσας
3531 4825 3755 4897 Εηρανεῖ

2169 4927 2202 4995 ἡ
2240 4924 2658 4995 καταληψομένη
2688 4923 2884 4987 αὐτοὺς
2917 4924 2980 4975 ὲκ
3006 4921 3140 4975 Θεοῦ
3170 4920 3330 4992 ὀργή.
3359 4920 3424 4972 Ὃ
3455 4918 3518 4989 δὴ
3555 4915 3754 4987 σημαί-

2170 5033 2252 5068 νει
2279 5015 2307 5067 ό
2327 5017 2484 5086 λόγος
2513 5019 2735 5086 φάσκων
2752 5031 2764 5045 ·
2799 5015 2950 5082 Πρὶν
2978 5013 3015 5082 ἢ
3046 5010 3401 5078 αὺξήσωσιν
3421 5013 3480 5063 αἱ
3503 5009 3753 5062 ἄκανθαι

2169 5109 2338 5178 ὑμῶν
2357 5151 2371 5176 ,
2426 5108 2583 5163 ὥστε
2632 5108 2910 5178 γενέσθαι
2963 5104 3227 5176 ῥάμνον,
3283 5103 3367 5156 ἔτι
3412 5100 3628 5164 ζῶντα,
3673 5099 3755 5163 ὡς

2170 5199 2470 5272 ὀλόξηρον
2482 5214 2507 5243 ι
2523 5204 2760 5270 latalata-
2774 5199 2919 5270 ἀρεῖ.
2951 5198 3167 5269 Ἐπειδὴ
3189 5197 3364 5252 τοίνυν
3378 5195 3478 5266 τῆς
3497 5192 3588 5248 τοῦ
3611 5191 3680 5243 Συ
3688 5209 3755 5262 μ-

2174 5287 2349 5363 μάχου
2379 5289 2676 5365 ὲΡμηνείεις
2707 5293 2940 5365 μετρίως
2979 5310 3094 5356 πως
3130 5292 3220 5344 τὸν
3257 5289 3380 5343 νοῦν
3418 5286 3751 5356 κατειλήφα-

2173 5403 2292 5456 μεν,
2327 5385 2446 5458 ὥρα
2473 5387 2566 5440 καὶ
2598 5387 2690 5439 ἐπὶ
2727 5386 2826 5458 τὴν
2854 5385 2962 5439 τῶν
3003 5384 3405 5455 Ἐόδομήκοντα
3436 5377 3748 5452 παρελθεῖν,

2168 5477 2233 5531 ἐκ
2275 5495 2333 5530 τε
2384 5477 2483 5548 τῆς
2515 5477 2799 5550 λεχθείσης
2834 5477 3182 5551 παραθέσεως
3226 5475 3320 5530 καὶ
3351 5472 3450 5546 τὴν
3498 5473 3628 5545 παρ’
3656 5469 3752 5524 αὐ-

559 5739 635 5806 (l)
667 5739 974 5822 Atquihaec
1010 5741 1166 5822 h_aud_
1184 5743 1388 5822 clarius
1423 5759 1452 5797 a
1488 5744 1838 5822 _S_ymmacho
1891 5749 2253 5818 explicantur.
2285 5751 2417 5818 Qua:
2443 5768 2544 5808 nos
2577 5767 2675 5822 pro
2709 5751 2966 5809 facultate
3012 5753 3068 5807 in
3097 5751 3419 5808 collectione
3478 5745 3750 5816 Hexaplo-

484 5821 623 5871 rum,
658 5809 971 5880 prepediem
995 5812 1224 5879 edenda,
1256 5809 1685 5885 explanabiinus.
