4142 6388
393 385 501 442 599

1532 375 2042 434 COMMENTARIA
2079 375 2147 430 IN
2187 372 2528 431 PSALMOS.

3564 371 3666 430 550

391 502 507 563 τοῖς
541 493 783 551 διάνοιαν
827 496 1084 551 συνιδεῖν.
1118 495 1288 568 Φησὶν
1320 490 1445 550 οὖν’
1498 496 1761 553 Ἐντενεῖ
1785 496 1865 568 ξτὸ
1897 497 1992 551 τό-

2100 495 2480 566 ulciscensque
2539 493 2693 558 illos,
2747 493 2924 549 donec
2987 490 3351 548 inﬁrmentur.
3404 489 3488 546 llli
3541 505 3675 546 vero

394 592 506 657 εον
536 587 724 644 αὐτοῦ
753 587 866 655 ἕως
893 587 1371 656 ἀσθενήσουσιν.
1410 589 1468 644 '0
1495 587 1561 660 δὴ
1611 589 1819 660 μέλλων
1861 607 1987 644 συν-

389 680 598 752 τρίϐειν
625 679 752 743 τοὺς
779 679 998 744 ὀδόντας
1021 679 1201 736 αὐτῶν
1229 681 1288 734 ὲν
1309 679 1388 752 τῷ
1414 681 1643 752 στόματι
1667 681 1868 748 αὐτῶν,
1892 681 1987 736 καὶ

389 771 492 834 τὰς
531 769 705 841 μύλας
745 769 855 823 τῶν
899 769 1131 824 λεόντων
1177 770 1408 842 συνθλᾷν
1448 770 1683 842 Κύριος,
1725 772 1887 837 αὐτὸς
1926 773 1988 826 τὸ

390 862 589 916 ἑαυτοῦ
622 862 775 929 τόξον
802 864 896 916 ἐπὶ
937 863 1194 917 τοσοῦτον
1232 867 1354 920 κατ’
1390 866 1570 920 αὐτῶν
1603 868 1805 920 ὲντενεῖ
1857 865 1988 937 βάλ-

391 955 502 1010 λων
534 956 734 1019 αὐτοὺς
766 955 862 1010 καλ⁹
901 955 1333 1028 τιμωρούμενος,
1367 957 1472 1022 ἕως
1509 957 1902 1030 ἀσθενήσωσιν.
1929 959 1990 1013 Οἱ

392 1046 453 1100 δὲ
484 1045 805 1120 βαλλόμενοι
850 1047 931 1118 τῷ
974 1048 1357 1119 πεπυρωμένῳ
1404 1048 1567 1120 βέλει,
1620 1049 1792 1122 κηροῦ
1835 1047 1991 1120 δίκην

397 1139 503 1192 ὑπὸ
543 1141 717 1212 πυρὸς
758 1140 1066 1213 τηκομένου
1113 1139 1552 1212 διαλυθήσονται·
1586 1142 1677 1195 Διὸ
1703 1141 1989 1196 λέλεκταιο

411 1231 568 1287 Ὠσει
614 1231 802 1301 κηρὸς
857 1231 1059 1297 τακεὶς
1109 1231 1723 1302 ἀνταναιρεθήσονται
1742 1272 1758 1298 ,
1809 1233 1993 1288 ἔπεσε

399 1324 540 1394 πῦρ.
574 1325 785 1395 ’Ὥσπερ
829 1323 942 1396 γὰρ
985 1324 1246 1388 πεσόντος
1288 1323 1458 1400 πυρὸς
1503 1324 1773 1388 διαλυθεὶς
1823 1324 1993 1397 κηρὸς

2091 591 2265 663 ignito
2290 591 2401 646 telo
2423 587 2693 657 confossi,
2724 603 2863 644 cera:
2895 588 3072 643 instar
3100 587 3169 641 ab
3212 587 3338 657 igne
3361 583 3679 656 liquefacta

2094 685 2484 739 dissolventur.
2521 683 2708 749 Quare
2755 683 2958 738 dicitur
2993 699 3008 736 :
3042 679 3195 737 Sicut
3238 695 3362 734 cera
3383 694 3499 749 qua:
3528 677 3673 747 ﬂuit;

2095 778 2424 845 auferantur,
2452 773 2800 844 supercecidit
2829 774 2987 845 ignis.
3023 770 3180 829 Sicut
3213 771 3358 828 enim
3385 770 3680 827 decidente

2096 869 2240 939 igne,
2272 869 2449 924 soluta
2484 882 2608 923 cera
2631 866 2908 937 liquescit,
2941 864 3132 922 eodem
3176 862 3341 920 modo
3384 863 3464 918 illi
3489 862 3560 918 ab
3589 862 3677 918 in-

2095 968 2327 1032 gruente
2374 959 2456 1014 ira
2512 957 2891 1025 destruentur,
2921 958 2999 1012 ita
3054 963 3115 1012 ut
3164 971 3234 1014 ne
3272 955 3493 1029 quidem
3524 954 3676 1028 digni

2095 1051 2423 1115 habeantur,
2445 1050 2540 1120 qui
2575 1050 2745 1106 solem
2768 1050 3000 1120 justitite
3029 1049 3232 1106 mentis
3254 1050 3442 1106 oculis
3459 1049 3677 1121 perspi—

2096 1145 2266 1199 ciant.
2323 1142 2431 1200 Sed
2479 1149 2776 1213 antequam
2827 1143 2999 1213 spinae
3040 1157 3232 1198 eorum
3275 1151 3595 1198 accrescant
3623 1145 3680 1201 et

2097 1237 2365 1292 rhamnus
2395 1235 2652 1301 evadant,
2677 1251 2854 1308 nuper
2875 1235 3021 1291 edita
3047 1249 3238 1292 eorum
3273 1235 3466 1306 spinea
3512 1243 3679 1305 opera

2099 1328 2181 1382 ira
2212 1327 2709 1399 comprehendetet
2734 1328 3069 1384 absorbebit.

397 1418 740 1490 ἀφανίζεται,
767 1417 858 1471 τὸν
887 1417 1047 1472 αὑτὸν
1079 1416 1282 1490 τρόπον
1312 1420 1405 1472 καὶ
1442 1420 1491 1472 οἱ
1527 1418 1857 1491 δηλωθέντες
1882 1419 1998 1473 ὑπὸ.
2021 1421 2121 1492 τῆς
2147 1421 2600 1496 καταλήψομὲνης
2621 1424 2818 1488 αὐτοὺς
2872 1423 3043 1496 ὀργῆς
3108 1421 3678 1494 ἀνταναιρεθήσονται,

397 1511 476 1575 ὡς
498 1511 572 1583 μή
597 1509 1000 1581 καταξιωθῆναι
1023 1511 1220 1576 αὐτοὺς
1240 1511 1329 1566 τὸν
1352 1513 1450 1584 τῆς
1469 1513 1816 1584 δικαιοσύνης
1869 1513 2020 1586 ἥλιον
2055 1516 2354 1588 ὀφθαλμοῖς
2396 1517 2574 1590 ψυχῆς
2610 1518 2907 1572 θεάσασθαι
2929 1536 2942 1548 ο
2980 1517 3116 1570 ἀλλά
3181 1519 3276 1572 καὶ
3310 1515 3418 1588 πρὸ
3450 1515 3542 1569 τοῦ
3586 1515 3684 1569 αὐ-

401 1605 560 1677 ξῆσαι
599 1605 698 1669 τὰς
733 1605 975 1669 ἀκάνθας
1033 1605 1212 1660 αὐτῶν
1256 1608 1350 1661 καὶ
1389 1609 1468 1671 είς
1515 1609 1722 1680 ῥάμνον
1751 1610 2021 1681 χωρῆσαι,
2060 1609 2138 1664 ἔτι
2187 1613 2386 1681 νεαρὰς
2427 1612 2592 1676 οὔσας
2629 1613 2806 1667 αὐτῶν
2855 1613 2954 1677 τὰς
2985 1610 3317 1675 ἀκανθώδεις
3384 1609 3609 1681 πράξεις
3646 1608 3680 1679 ἡ

396 1701 538 1774 ὀργὴ
567 1700 944 1770 καταλήψεται
980 1702 1076 1755 καὶ
1107 1702 1453 1758 καταπίεται.

471 1814 971 1886 Εὐφρανθήσεται
1029 1815 1278 1882 δίκαιος,
1330 1815 1478 1870 ὅταν
1519 1817 1617 1887 ἴδῃ
1656 1819 1993 1887 ἐκδίκησιν,

2173 1815 2340 1871 Vsus.
2380 1815 2467 1880 Η,
2502 1815 2588 1870 12.
2615 1814 2912 1869 Luctabitur
2931 1814 3112 1884 justus
3134 1815 3253 1867 cum
3291 1812 3481 1867 viderit
3513 1813 3683 1869 vindi-

401 1907 508 1974 τὰς
533 1906 736 1976 χεῖρας
778 1905 966 1961 αὑτοῦ
998 1907 1237 1976 νίφεται
1276 1907 1346 1960 ἐν
1364 1907 1445 1974 τῷ
1466 1909 1667 1978 αἵματι
1688 1910 1791 1964 τοῦ
1822 1912 1998 1979 ἀμαρ-

2100 1917 2238 1962 ctam
2263 1924 2283 1963 :
2312 1924 2502 1962 manus
2534 1924 2660 1962 suas
2687 1907 2884 1962 lavabit
2907 1907 2961 1960 in
2993 1907 3250 1976 sanguine
3270 1907 3586 1976 peccatoris.
3611 1904 3684 1961 Et

403 1998 615 2053 τωλοῦ.
663 1997 774 2052 Καὶ
800 1997 923 2066 ἐρεῖ
963 1998 1294 2066 ἅνθρωπος·
1331 2001 1403 2054 Ei
1437 1999 1550 2068 ἄρα
1593 2001 1726 2054 ἐστὶ
1772 2002 2000 2070 καρπὸς

2101 2000 2235 2055 dicet
2267 2001 2422 2055 homo
2459 2015 2476 2052 :
2518 1998 2578 2054 Si
2607 2001 2787 2070 utique
2809 2008 2887 2054 est
2929 1999 3137 2069 fructus
3176 1999 3361 2068 justo,
3385 2000 3565 2070 utique
3601 2009 3680 2054 est

402 2090 484 2157 τῷ
519 2089 750 2158 δικαίῳ,
779 2088 893 2158 ἄρα
939 2089 1113 2143 ἐστὶν
1141 2093 1172 2144 ό
1210 2089 1356 2157 Θεὸς
1407 2092 1627 2160 κρίνων
1669 2094 1890 2174 αὐτούς
1929 2095 2000 2148 ἐν

2103 2091 2243 2147 Deus
2265 2093 2520 2162 judicans
2553 2109 2642 2146 eos
2690 2093 2932 2146 interra.
2980 2089 3367 2162 Symmachus,
3421 2088 3680 2146 Gaudebit

404 2180 479 2254 τῆ
502 2183 599 2254 γῇ.
633 2183 950 2254 Σύμμαχοςο
983 2182 1320 2252 Χαρήσεται
1343 2182 1573 2251 δίκαιος
1601 2185 1742 2238 ἰδὼν
1761 2186 1999 2255 ἐκδίκη-

401 2290 526 2338 σιν,
563 2274 704 2340 τοὺς
756 2275 946 2340 πόδας
980 2272 1170 2327 αὑτοῦ
1204 2273 1442 2341 νίψεται
1481 2275 1679 2344 αἵματι
1717 2275 1996 2343 ἀσεϐοῦς.

409 2367 619 2437 Ὠσπερ
649 2368 698 2421 οἱ
742 2367 950 2437 ψευδῶς
999 2365 1344 2437 δικαιοσύνην
1377 2365 1683 2432 λαλοῦντες,
1720 2368 1901 2440 ἔργοις
1943 2371 2001 2424 δὲ

406 2457 619 2511 ἀδικίαν
651 2458 1080 2528 συμπλέκοντες,
1134 2457 1564 2531 προεγράφησαν
1597 2463 1778 2534 ὁποῖον
1821 2461 2000 2528 ἕξουσι.

405 2547 580 2614 τέλος·
615 2547 789 2614 οὕτως
822 2551 989 2621 ἐχρῆν
1022 2551 1086 2602 ὲκ
1119 2549 1467 2623 παραλλήλου
1510 2552 1604 2606 τοῦ
1633 2552 1886 2624 ἀληθινοῦ
1920 2553 2000 2607 δι-

408 2648 586 2716 καίου,
617 2648 712 2704 τοῦ
740 2650 806 2704 δι’
833 2650 1010 2722 ἔργων
1039 2651 1451 2723 ἐνδεικνυμένου
1491 2648 1603 2721 τὴν·
1630 2646 1998 2719 δικαιοσύνην,

407 2742 470 2796 τὸ
493 2742 729 2814 χρηστὸν
752 2743 905 2806 τέλος
935 2742 1270 2814 διδαχθῆναι.
1295 2743 1361 2797 Τί
1397 2743 1652 2796 συνέσται
1690 2740 1895 2810 ἀγαθὸν
1921 2739 2002 2810 τῷ

408 2834 662 2908 modun;
706 2835 819 2890 Νῦν
863 2837 981 2908 μὲν,
1018 2838 1173 2907 φησὶ,
1207 2835 1351 2890 κατὰ
1381 2836 1472 2890 τὸν
1502 2852 1745 2907 παρόντα
1787 2834 2000 2904 καιρὸν,

409 2928 522 2998 οὐχ’
551 2927 693 2999 ὁρῶν
725 2927 822 3001 τὴν
845 2929 986 2982 κατά
1013 2929 1123 2983 τῶν
1157 2927 1372 2982 ἀσεϐῶν
1401 2927 1701 2997 ἐκδίκησιν,
1739 2925 2000 2989 πολλάκις

412 3017 734 3090 σχετλιάζει,
771 3021 1199 3092 ἀποκλαιόμενος
1231 3020 1324 3075 καὶ
1362 3019 1562 3088 λέγων·
1597 3020 1730 3073 Ἵνα
1757 3019 1815 3072 τί
1855 3019 1996 3072 ἀσε-

413 3113 536 3179 ϐεῖς
570 3113 917 3181 εὐθηνοῦσι,
941 3113 1386 3167 πεπαλαίωνται
1412 3110 1481 3164 δὲ
1511 3110 1610 3164 καὶ
1641 3111 1710 3163 ἐν
1735 3110 1996 3173 πλούτῳο

411 3208 445 3260 ό
481 3206 710 3274 σπόρος
749 3205 946 3259 αὐτῶν
998 3204 1149 3258 κατὰ
1186 3204 1418 3273 ψυχὴν,
1457 3205 1528 3256 τὰ
1555 3200 1623 3256 δὲ
1655 3200 1861 3254 παιδία
1890 3200 1998 3253 αὺ-

2091 2185 2275 2254 justus
2297 2201 2418 2238 cum
2457 2183 2647 2238 viderit
2669 2183 2979 2247 vindictam,
3013 2181 3166 2252 pedes
3191 2198 3315 2240 suos
3335 2181 3533 2236 lauabit
3563 2199 3686 2237 sane.

2098 2278 2256 2349 guine
2279 2278 2445 2346 impii.
2485 2276 2642 2332 Sicut
2677 2277 2714 2331 ii
2735 2278 2831 2348 qui
2856 2275 3106 2331 mendaci
3149 2290 3244 2331 ore
3295 2275 3572 2345 justitiam
3599 2276 3682 2331 lo-

2101 2380 2368 2437 quuntur,
2398 2367 2529 2424 dum
2565 2370 2828 2438 operibus
2857 2367 3186 2438 injustitiam
3218 2369 3683 2439 complicant,qui

2103 2461 2263 2516 tinem
2312 2461 2553 2517 habituri
2606 2463 2718 2518 sint
2739 2461 2852 2533 jam
2888 2461 3226 2530 descriptum
3261 2467 3379 2528 est;
3413 2461 3495 2516 sic
3518 2475 3684 2532 opor-

2098 2555 2203 2607 tuit
2237 2569 2267 2608 e
2301 2569 2570 2610 converso
2619 2555 2732 2610 veri
2765 2555 2922 2625 justi,
2954 2556 3046 2624 qui
3099 2555 3360 2624 operibus
3405 2554 3685 2624 justitiam

2101 2646 2342 2711 exhibet,
2377 2647 2581 2702 bonum
2619 2646 2780 2703 ﬁnem
2824 2647 3116 2702 declarari.
3167 2646 3316 2713 Quid
3343 2647 3439 2701 tali
3470 2647 3687 2704 homini

2102 2738 2232 2792 boni
2267 2739 2581 2809 continget?
2605 2736 2726 2792 Jam
2761 2737 2980 2808 quidem
3003 2739 3058 2792 in
3081 2738 3360 2808 praesenti,
3406 2737 3505 2802 ait,
3555 2752 3686 2795 cum

2104 2844 2211 2884 non
2235 2829 2417 2884 videat
2451 2829 2712 2886 ultionem
2737 2831 2805 2886 de
2838 2831 3020 2901 impiis
3051 2829 3396 2894 sumendam,
3428 2843 3682 2900 sapenu-

2105 2939 2256 2979 mero
2289 2922 2459 2990 dolet,
2486 2923 2796 2996 ingemiscit
2825 2932 2882 2980 et
2915 2925 2992 2978 ait
3021 2943 3034 2978 :
3065 2924 3244 2991 Quare
3265 2925 3413 2994 impii
3437 2940 3683 2995 prospere

2104 3025 2288 3085 agunt,
2339 3017 2393 3069 in
2444 3017 2645 3087 divitiis
2697 3029 3132 3072 consenuerunt:
3174 3033 3351 3073 semen
3399 3033 3583 3072 eorum
3617 3030 3690 3072 ax-

2103 3117 2218 3162 voto
2239 3107 2496 3178 procedit,
2519 3109 2669 3178 pueri
2700 3125 2881 3164 eorum
2900 3109 3157 3165 testamur
3184 3119 3448 3175 sumentes
3484 3108 3683 3179 psalte-

2103 3201 2243 3255 rium
2284 3210 2334 3256 et
2361 3201 2907 3258 citharam”?Nunc
2955 3211 3138 3259 autem
3195 3203 3313 3274 ipse
3361 3203 3695 3260 humiliatus.

411 3295 530 3350 τῶν
557 3269 937 3366 εὖφραίνεται
976 3269 1479 3364 ἀναλαμϐάνοντα
1522 3291 1860 3361 ψαλτήριον
1898 3290 1997 3343 καὶ

2102 3293 2236 3349 dicit
2269 3314 2282 3349 :
2327 3294 2432 3350 Mei
2470 3306 2646 3350 autem
2677 3312 2804 3365 pene
2835 3298 2964 3351 moti
2983 3307 3107 3351 sunt
3148 3269 3326 3366 pedes,
3357 3312 3484 3366 pene
3525 3295 3682 3366 e/j'usi

409 3386 692 3458 κιθάραν;
733 3388 843 3442 Καὶ
867 3388 962 3440 νῦν
1008 3390 1036 3441 ὁ
1105 3386 1266 3451 αὐτὸς
1315 3384 1738 3456 ταπεινούμενός
1799 3398 1994 3454 φησιν·

421 3476 595 3547 Ἐμοῦ
647 3477 715 3532 δὲ
758 3478 918 3546 παρά
958 3477 1178 3549 μικρὸν
1219 3477 1648 3544 ἐσαλεύθησαν
1692 3479 1746 3530 οἱ
1795 3474 1997 3540 πόδες,

409 3569 544 3638 παρ’
574 3569 784 3639 ὀλίγον
814 3569 1070 3638 ἐξεχύθη
1105 3569 1178 3623 τὰ
1212 3567 1543 3638 διαϐήματά
1572 3585 1715 3637 μου,
1754 3566 1845 3620 ὅτι
1872 3564 2002 3632 ἐξὴ-

407 3665 578 3718 λωσα
607 3661 707 3714 ἐπὶ
735 3662 858 3728 τοῖς
879 3662 1146 3731 ἀνόμοις,
1183 3661 1432 3732 εἰρήνην
1463 3659 1815 3731 agapen/toﬁ
1858 3662 1998 3714 θεω-

397 3751 546 3820 ρῶν.
597 3752 845 3807 Ἐπειδὰν
881 3753 936 3806 δὲ
973 3754 1056 3827 ἴδῃ
1084 3754 1145 3807 τὸ
1170 3753 1324 3818 τέλος
1367 3752 1476 3806 τῶν
1518 3751 1732 3807 ἀσεϐῶν
1772 3751 1866 3806 καὶ
1900 3751 2000 3821 τὴν

409 3847 530 3900 κατ’
557 3845 737 3901 αὐτῶν
780 3847 1080 3919 ἐκδίκησιν,
1116 3846 1417 3920 τηνικαῦτα
1445 3847 1742 3919 χαρήσεται
1768 3845 1863 3899 καὶ
1907 3844 1999 3897 εῦ-

409 3938 798 4012 φρανθήσεται,
830 3939 890 3992 ού
924 3943 991 4012 τῇ
1026 3939 1134 3994 τῶν
1155 3939 1368 3994 ἀσεϐῶν
1394 3939 1642 4010 ἀπωλείᾳ
1677 3937 1998 4009 ἐπιχαίρων,

405 4032 521 4085 ἀλλ’
568 4033 661 4085 ἐπὶ
708 4035 774 4103 τῇ
817 4031 912 4085 τοῦ
953 4031 1088 4085 Θεοῦ
1133 4032 1502 4104 δικαιοκρισία
1552 4031 1995 4102 εὐφραινόμενος.

407 4126 517 4180 Καὶ
534 4125 676 4192 τοὺς
695 4125 884 4191 πόδας
904 4125 960 4178 δὲ
981 4126 1167 4180 αὐτοῦ
1191 4127 1432 4195 νίψεται
1467 4125 1538 4178 ἐν
1567 4123 1648 4189 τῷ
1669 4124 1870 4193 αἵματι
1894 4119 2002 4175 τοῦ

405 4218 699 4284 ἀσεϐοῦς·
744 4218 842 4288 οὐχ
890 4218 1194 4288 αἱμοπότης
1226 4235 1309 4280 τις
1345 4215 1421 4270 ῶν
1470 4217 1566 4270 καὶ
1617 4215 2000 4286 φιλοπόλεμος,

407 4309 544 4364 ἀλλά
580 4309 976 4381 καθαιρόμενος
1021 4307 1110 4361 διὰ
1156 4307 1259 4379 τῆς
1301 4307 1524 4361 ἐκείνων
1556 4307 1858 4379 τιμωρίας,
1908 4306 2003 4360 καὶ

407 4399 785 4472 βελτιούμενος
809 4400 898 4454 διὰ
922 4400 1023 4470 τῆς
1069 4401 1271 4472 ἑτέρων
1298 4401 1654 4472 ἐπιστροφῆς.
1691 4402 1762 4454 Ἣ
1793 4400 1998 4464 ἄλλωςο

404 4493 656 4561 Νίψεται
677 4491 786 4560 τὰς
811 4493 1014 4563 χεῖρας
1041 4492 1141 4546 ἐπὶ
1161 4492 1240 4559 τῷ
1268 4495 1469 4564 αἵματι
1496 4493 1602 4548 τοῦ
1625 4493 1998 4564 ἀμαρτωλοῦ,

2104 3396 2227 3442 sunt
2265 3404 2476 3458 gressus
2514 3389 2632 3453 m‘ei,
2670 3390 2795 3460 quia
2845 3389 3012 3444 zelavi
3049 3405 3206 3459 super
3246 3390 3454 3460 iniquos
3501 3404 3688 3459 pacem-

2103 3479 2397 3548 peccatoris
2422 3478 2604 3534 videns
2623 3481 2690 3533 “°.
2723 3478 2860 3534 Cum
2899 3487 3083 3535 autem
3132 3479 3332 3535 viderit
3389 3478 3681 3548 impiorum

2104 3571 2264 3626 linem
2291 3577 2346 3626 et
2363 3571 2626 3626 ultionem
2661 3572 2729 3626 de
2761 3572 2828 3628 iis
2857 3580 3155 3642 sumptam,
3181 3579 3314 3627 tunc
3335 3570 3609 3626 laetabitur
3628 3576 3684 3625 et
3755 3613 3759 3618 .

2100 3662 2436 3730 exsultabit;
2474 3680 2586 3718 non
2631 3663 2700 3719 de
2728 3665 3022 3734 impiorum
3066 3663 3234 3720 exitio
3283 3663 3548 3734 gaudens,
3584 3662 3682 3718 sed

2101 3757 2342 3828 dcjusto
2372 3757 2464 3814 Dei
2489 3758 2704 3828 judicio
2731 3759 2908 3815 laetus.
2941 3758 3107 3814 Pedes
3135 3769 3319 3814 autem
3363 3775 3487 3813 suos
3531 3758 3682 3813 laua-

2103 3850 2178 3904 bit
2229 3851 2284 3906 in
2342 3852 2603 3921 sanguine
2644 3852 2960 3920 impiimon
3009 3851 3156 3922 quod
3192 3850 3584 3920 sanguinarius
3616 3864 3693 3904 ac-

2102 3941 2230 3996 belli
2257 3941 2493 4011 cupidus
2529 3941 2621 4007 sit,
2651 3941 2746 3996 sed
2770 3942 2902 4010 quia
2924 3957 2992 3996 ex
3017 3955 3212 3996 eorum
3239 3938 3512 4010 supplicio
3549 3953 3684 4010 pur-

2101 4039 2282 4103 gatur,
2319 4039 2374 4087 et
2397 4033 2631 4086 aliorum
2667 4033 3033 4102 castigatione
3061 4032 3254 4088 melior
3281 4031 3536 4088 edicitur.
3555 4031 3696 4087 Sive-

2101 4125 2211 4179 alio
2249 4123 2412 4179 modo
2444 4143 2457 4179 :
2496 4123 2691 4177 Manus
2742 4123 2943 4178 leuabit
2986 4125 3041 4178 in
3070 4124 3328 4193 sanguine
3365 4122 3680 4192 peccatoris,

2102 4216 2156 4271 id
2181 4225 2286 4282 est,
2318 4215 2663 4271 innocentem
2689 4232 2768 4284 se,
2810 4215 3152 4286 inculpatum
3182 4221 3238 4269 et
3274 4229 3474 4284 purum
3498 4229 3531 4268 a
3560 4228 3685 4284 per-

2103 4308 2248 4365 nicie
2292 4308 2414 4379 ejus
2473 4308 2750 4366 ostendet.
2783 4308 2924 4364 Cum
2971 4323 3106 4380 ergo
3158 4307 3315 4379 impii
3356 4307 3684 4378 promeritas

2103 4415 2296 4472 poenas
2327 4399 2613 4467 dederint,
2641 4402 2826 4473 justus
2868 4409 3050 4458 autem
3099 4399 3446 4464 vindicatus,
3483 4398 3685 4470 gaudio

2103 4510 2168 4551 ac
2197 4495 2387 4551 laetitia
2419 4497 2662 4566 repletus
2724 4496 2912 4562 fuerit,
2945 4509 3144 4550 manus
3202 4508 3268 4549 ac
3308 4493 3476 4564 pedes
3529 4507 3681 4556 suos,

355 4579 362 4586 ’
405 4584 582 4639 ἀθῶον
621 4587 714 4640 καὶ
741 4587 1001 4650 ἀναίτιον,
1029 4587 1120 4640 καὶ
1157 4586 1395 4658 καθαρὸν
1431 4587 1620 4640 ἑαυτὴν
1660 4586 1876 4650 δεικνὺς
1904 4587 2000 4659 τῆς

2104 4589 2402 4645 secundum
2434 4590 2677 4660 reliquos
2708 4590 3058 4660 interpretes,
3086 4587 3285 4642 laverit
3315 4587 3372 4642 in
3416 4585 3686 4654 sanguine

405 4676 682 4742 ἀπωλείας
721 4677 909 4733 αὐτοῦ.
960 4677 1209 4732 Ἐπειδὰν
1241 4674 1334 4732 οὖν
1375 4681 1422 4732 οἱ
1460 4679 1558 4750 μὲν
1597 4678 1817 4743 ἀσεϐεῖς
1843 4679 1998 4745 δίκας

2104 4682 2433 4752 peccatoris,
2481 4682 2784 4738 secundum
2843 4680 3122 4736 traditam
3160 4678 3686 4744 sententiam;tuno

403 4767 538 4820 δῶσι
565 4767 664 4833 τὰς
715 4767 1098 4840 προσηκούσας
1119 4786 1133 4800 ο
1164 4771 1191 4821 ό
1213 4769 1271 4821 δὲ
1308 4768 1515 4833 δίκαιος
1543 4769 1868 4841 ἐκδικηθεὶς,
1911 4771 2000 4823 εὐ-

2103 4776 2300 4832 merito
2333 4776 2516 4832 omnis
2550 4776 2736 4840 homo,
2768 4773 2949 4829 omnis
2977 4789 3082 4828 vox
3124 4779 3180 4828 et
3223 4771 3410 4842 lingua
3438 4786 3686 4840 pronun-

405 4861 680 4934 φροσύνής
705 4862 800 4915 καλ⁹
844 4863 1021 4934 χαρᾶς
1054 4861 1364 4934 ἐμπλησθῇ,
1397 4863 1492 4918 καὶ
1537 4860 1636 4925 τὰς
1676 4865 1863 4934 χεῖρας
1907 4865 2000 4916 καὶ

2103 4868 2283 4934 tiabit,
2323 4867 2384 4923 Si
2417 4869 2599 4938 utique
2643 4877 2722 4922 est
2755 4869 2962 4938 fructus
2986 4867 3159 4936 justo,
3197 4867 3374 4935 utique
3419 4874 3498 4919 est
3539 4864 3682 4919 Deus

402 4954 529 5017 τοὺς
567 4953 736 5017 πόδας
770 4951 958 5019 αὐτοῦ,
992 4953 1134 5006 κατὰ
1156 4954 1284 5017 τοὺς
1310 4953 1532 5016 λοιποὺς
1558 4955 1919 5024 ὲρμηνευτὰς,
1943 4956 2000 5008 ὲν

2100 4960 2347 5030 iudicans
2369 4977 2458 5014 eos
2481 4959 2535 5013 in
2563 4969 2724 5014 terra.
2764 4958 2898 5013 Nam
2933 4958 2980 5014 si
3027 4964 3111 5012 est
3157 4955 3372 5011 fructus
3407 4956 3582 5024 justo,
3615 4956 3683 5010 de

401 5042 483 5115 τῷ
513 5043 706 5115 αἵματι
747 5042 841 5098 τοῦ
868 5044 1193 5116 ἁμαρτωλοῦ
1219 5045 1462 5117 νίψηται,
1507 5044 1648 5098 κατὰ
1672 5044 1769 5116 τὴν
1801 5045 1993 5099 ἀποδο-

2100 5067 2207 5123 quo
2238 5050 2417 5107 fructu
2470 5051 2524 5105 in
2556 5051 2731 5122 primo
2763 5051 2973 5120 psalmo
3007 5049 3212 5103 dictum
3246 5054 3332 5103 est
3354 5048 3396 5079 ⁶¹
3432 5044 3544 5100 :Et
3581 5048 3682 5100 erit

404 5133 590 5188 θεῖσαν
632 5136 897 5191 διάνοιαν·
931 5137 1169 5206 εὐλόγως
1211 5137 1331 5190 τότε
1379 5138 1489 5201 πᾶς
1539 5135 1858 5209 ἄνθρωπος,
1901 5135 1996 5190 καὶ

2100 5154 2352 5214 tanquam
2382 5141 2581 5213 lignum
2609 5141 2750 5212 quod
2789 5141 3092 5210 plantatum
3127 5151 3205 5195 est
3239 5155 3388 5194 secus
3428 5137 3680 5191 decursus

402 5230 555 5282 πᾶσα
589 5229 742 5301 φωνὴ
785 5231 880 5283 καὶ
912 5229 1131 5298 γλῶσσα
1161 5231 1551 5300 ἁποφανεῖται,
1597 5229 1715 5292 ὃτι,
1762 5232 1832 5283 Ei
1881 5229 1996 5298 ἄρα

2100 5251 2380 5305 aquarum,
2412 5234 2550 5304 quod
2577 5235 2813 5305 fructum
2848 5250 3004 5288 suum
3031 5233 3180 5286 dabit
3217 5234 3271 5287 in
3309 5242 3539 5301 tempore
3558 5247 3676 5287 suo.

399 5319 793 5389 satixapatdc
825 5321 906 5387 τῷ
949 5321 1175 5390 δικαίῳ,
1211 5320 1328 5392 ἄρα
1360 5321 1532 5376 ἐστὶν
1575 5325 1608 5376 ὀ
1648 5321 1791 5388 Θεὸς
1815 5325 1848 5376 o'
1868 5323 1996 5391 κρί-

2100 5325 2167 5378 Ει
2192 5325 2379 5395 folium
2406 5325 2520 5395 ejus
2542 5341 2646 5379 non
2659 5324 2872 5394 deﬂuat,
2897 5334 2948 5378 et
2971 5325 3150 5378 omnia
3162 5339 3483 5394 quaecunque
3498 5321 3676 5391 faciet,

399 5429 526 5466 νων
551 5412 775 5480 αὐτοὺς
815 5414 888 5467 ἐν
915 5413 992 5483 τῇ
1022 5413 1120 5482 γῇ.
1153 5415 1216 5468 El
1255 5414 1365 5487 γάρ
1411 5415 1528 5467 ἐστι
1572 5415 1784 5486 καρπὸς
1810 5415 1887 5486 τῷ
1916 5415 1998 5469 δι-

2100 5419 2570 5490 prosperabuntur.
2606 5417 2665 5473 Si
2718 5419 2904 5488 itaque
2961 5432 3176 5473 merces
3211 5431 3276 5471 ac
3312 5416 3527 5470 fructus
3573 5416 3679 5470 erit

401 5503 564 5573 καίῳ,
609 5503 739 5574 περὶ
779 5499 841 5560 οὗ
889 5506 1104 5575 καρποῦ
1151 5506 1364 5578 εἴρηται
1407 5509 1466 5560 ὲν
1524 5506 1726 5579 πρώτῳ
1759 5507 1994 5580 ψαλμῷ·

2100 5513 2276 5568 bonus
2304 5511 2361 5568 ei-
2386 5512 2480 5583 qui
2505 5511 2780 5582 justitiam
2815 5516 3074 5580 operatus
3105 5508 3197 5573 sit,
3233 5523 3398 5580 quem
3431 5516 3679 5577 tempore

398 5597 512 5648 Καὶ
557 5595 729 5650 ἔσται
754 5597 835 5664 ὡς
866 5597 933 5652 τὸ
981 5598 1174 5663 ξύλον
1222 5599 1290 5653 τὸ
1338 5600 1795 5670 πεφυτευμένον
1839 5602 2000 5671 παρὰ

2100 5603 2240 5674 iusti'
2270 5602 2466 5674 judicii
2504 5601 2599 5658 Dei
2635 5602 2895 5673 recipiet;
2920 5602 3049 5656 hinc
3102 5615 3236 5656 sane
3275 5606 3677 5671 consequenter

398 5687 506 5754 τὰς
535 5687 846 5758 διεξόδους
889 5691 1009 5746 τῶν
1037 5691 1294 5760 ὑδάτων,
1326 5693 1357 5747 ὃ
1390 5693 1500 5748 τόν
1533 5693 1770 5764 καρπὸν
1813 5695 1998 5751 αὐτοῦ

2100 5694 2443 5768 intelligitur,
2463 5694 2626 5750 etiam
2651 5701 2777 5749 ante
2803 5691 3072 5764 judicium
3106 5705 3231 5748 esse
3261 5694 3431 5747 Deum
3466 5690 3559 5764 qui
3591 5691 3678 5746 inn

474 5864 519 5896 ”
557 5865 662 5922 Job
691 5881 819 5936 ut,
854 5867 905 5936 7,
925 5868 976 5927 8.
1057 5871 1100 5903 ⁶⁰
1139 5869 1284 5929 Psal.
1319 5888 1505 5944 um,
1537 5871 1592 5943 2,
1629 5873 1680 5930 5.
1761 5874 1800 5906 ⁶¹
1844 5872 1986 5930 Ι-ἐοΙ.
2023 5888 2061 5924 ι.
2093 5874 2144 5928 5.
