4142 6388
417 396 512 457 551
1141 400 1409 458 EUSEBII
1445 402 1925 462 CAESARIENSIS
1962 407 2113 464 OPP.
2152 406 2331 464 PARS
2360 407 2447 462 lll.’
2488 441 2557 448 —
2595 399 2989 467 EXEGETICA

3593 407 3700 465 53‘!

420 521 618 592 spiciat
647 536 712 578 ac
736 522 946 594 judicet
973 537 1069 579 eos
1118 523 1213 593 qui
1247 522 1303 577 in
1328 530 1474 579 terra
1504 527 1789 581 mortalem
1824 528 1992 581 vitam

2113 527 2275 583 ἳώσει
2307 531 2377 584 ἐν
2406 529 2587 599 καιρῷ
2617 529 2824 584 αὑτοῦ.
2860 529 2968 583 Καὶ
3001 527 3066 582 τό
3097 530 3340 599 φύλλον
3370 528 3558 583 αὐτοῦ
3586 530 3702 583 οὐκ

418 615 665 686 exigunt.
699 615 928 671 Etiamsi
952 616 1095 670 enim
1129 617 1182 670 in
1211 618 1465 687 praesenti
1503 618 1623 688 ejus
1646 618 1853 687 judicia
1887 635 1995 674 non

2113 620 2573 691 ἀπορῤυήσεται,
2607 621 2704 675 καὶ
2731 622 2928 675 πάντα
2959 620 3075 673 ὅσα
3105 620 3183 673 ἂν
3202 617 3346 687 ποιῇ
3379 618 3699 672 κατευοδω·

418 704 739 776 videantur,
777 716 1015 762 attamen
1046 708 1327 764 hominum
1360 718 1510 781 gesta
1546 728 1655 766 non
1700 713 1819 767 sine
1852 713 2003 782 judi-

2103 713 2372 779 θήσεται.
2404 713 2466 767 Ei
2499 708 2591 767 οὖν
2625 713 2779 767 ἐσται
2815 712 3003 784 μισθὸς
3034 711 3129 765 καὶ
3151 710 3362 782 καρπὸς
3395 708 3596 778 ἀγαθὸς
3620 707 3699 779 τῷ

418 799 506 853 cio
531 806 586 854 et
614 801 865 855 examine
894 815 1063 870 penes
1083 816 1207 856 eum
1237 810 1385 858 sunt.
1416 805 1629 858 Atenim
1662 805 1706 859 si
1728 805 1862 874 justi
1887 821 1993 860 una

2113 805 2200 874 τὴν
2222 803 2565 874 δικαιοσύνην
2589 804 2971 877 ἐργασαμένῳ,
2999 802 3057 855 ὃν
3079 800 3414 883 ἀπολήψεται
3445 799 3585 853 κατὰ
3608 798 3699 853 τὸν

417 905 542 945 cum
574 892 777 961 iniquis
813 892 1040 963 perituri
1072 900 1280 959 essent,
1312 895 1606 966 nullusque
1624 895 1998 967 fructusjusto

417 990 593 1050 esset,
625 984 734 1038 dici
762 1000 894 1040 sane
917 994 1102 1055 posset
1138 984 1304 1041 Deum
1337 986 1576 1041 humana
1622 1003 1731 1043 non
1763 1004 1995 1057 curare;

418 1073 513 1128 sed
542 1074 670 1144 quia
705 1082 917 1145 tempus
956 1076 1079 1144 erit,
1104 1092 1214 1147 quo
1238 1076 1374 1146 justi
1405 1078 1625 1147 quidem
1655 1079 1995 1151 gaudebunt,

420 1173 738 1236 peceatores
768 1178 948 1224 autem
970 1177 1335 1224 memoratum
1361 1171 1520 1226 linem
1548 1181 1995 1244 consequentur;

419 1257 731 1313 nullatenus
776 1258 1028 1315 homines
1052 1261 1326 1331 ambigere
1356 1276 1454 1332 par
1476 1271 1584 1327 est,
1622 1265 1716 1320 sed
1747 1265 1991 1321 conﬁteri

420 1364 485 1404 ac
517 1350 896 1420 pronuntiare,
922 1350 1090 1407 Deum
1122 1367 1267 1419 esse,
1291 1353 1470 1423 quide
1485 1356 1740 1412 omnibus
1771 1357 1996 1413 interra

420 1439 743 1511 degentibus
782 1440 1015 1509 judicat,
1063 1444 1448 1515 inspectorque
1494 1456 1599 1511 est,
1647 1462 1712 1502 ac
1756 1448 1995 1503 humana

420 1544 589 1600 opera
614 1532 952 1601 speculatur.
986 1530 1052 1585 Et
1083 1532 1197 1588 haec
1227 1533 1447 1604 quidem
1491 1534 1596 1589 hac
1640 1535 1709 1590 de
1758 1551 1818 1591 re
1854 1535 2000 1590 dicta

422 1621 555 1677 sint.

2103 894 2205 965 τῆς
2247 894 2643 965 δικαιοκρισίας
2683 894 2777 947 τοῦ
2808 893 2943 947 Θεοῦ
2993 893 3210 964 καιρόν,
3255 892 3544 946 ἀκόλουθόν
3581 893 3697 943 ἐστι

2104 989 2264 1051 νοεῖν,
2299 987 2377 1039 ὅτι
2410 988 2503 1040 καὶ
2537 988 2644 1058 πρὸ
2672 985 2769 1057 τῆς
2799 986 3031 1058 κρίσεως
3059 985 3185 1049 τοὺς
3221 985 3313 1040 ἐπὶ
3346 984 3447 1055 τῆς
3481 984 3583 1055 γῆς
3606 982 3699 1036 τὸν

2108 1076 2299 1149 θνητὸν
2338 1077 2418 1131 ἔτι
2450 1076 2831 1143 διεξανύοντας
2864 1077 2976 1149 βίον
3027 1077 3143 1130 ἔστι
3171 1076 3301 1141 Θεὸς
3348 1076 3559 1148 ἐφορῶν
3603 1074 3699 1128 καῖ

2104 1171 2415 1243 διακρίνων.
2443 1173 2507 1226 Ei
2531 1172 2640 1245 γὰρ
2666 1173 2762 1225 καὶ
2789 1171 2859 1225 τὰ
2882 1171 3115 1243 μάλιστα
3147 1171 3244 1242 οὐχ
3276 1170 3509 1242 ὁρῶνται
3533 1164 3698 1222 αὐτοῦ

2104 1265 2161 1317 αἱ
2190 1265 2399 1337 κρίσεις
2439 1265 2533 1318 ἐπὶ
2568 1264 2664 1318 τοῦ
2692 1265 2978 1337 παρόντος,
3015 1265 3129 1322 ἀλλ’
3163 1266 3319 1335 ὅμως
3343 1264 3446 1317 οὐκ
3474 1262 3697 1334 ἄκριτα,

2105 1357 2226 1409 οὐδὲ
2269 1357 2602 1424 ἀνεξέταστα
2640 1358 2895 1429 τυγχάνει
2938 1360 3071 1429 παρ’
3111 1356 3258 1427 αὖτῷ
3289 1356 3354 1409 τὰ
3400 1356 3457 1409 ὲν
3486 1353 3696 1425 ἀνθρώ-

2105 1466 2246 1513 ποις.
2271 1450 2335 1502 Εί
2370 1450 2467 1519 μὲν
2499 1449 2607 1522 γὰρ
2639 1449 2862 1521 ἔμελλον
2894 1451 2942 1503 οἱ
2973 1450 3168 1503 δίκαιοι
3198 1452 3310 1513 τοῖς
3342 1448 3544 1512 ἀδίκοις
3578 1463 3703 1500 συν·-

2107 1541 2425 1606 απολέσθαι,
2462 1543 2555 1595 καὶ¹
2588 1542 2774 1613 μηδεὶς
2804 1537 2871 1614 ἦν
2913 1541 3124 1613 καρπὸς
3161 1541 3237 1611 τῷ
3290 1538 3502 1609 δικαίῳ,
3537 1533 3605 1609 ἦν
3633 1537 3709 1592 ἂν

2108 1636 2282 1687 εἰπεῖν
2329 1635 2465 1706 μηδὲ
2516 1636 2716 1705 ὲφορᾷν
2757 1634 2824 1688 τὰ
2871 1632 3188 1706 ἀνθρώπινα
3233 1632 3322 1685 τὸν
3374 1631 3530 1683 Θεόν·
3579 1628 3705 1683 ἐπεὶ

420 1713 480 1768 δὲ
512 1713 665 1770 ἔσται
697 1732 782 1780 τις
812 1716 1002 1788 καιρὸς
1035 1718 1092 1770 ὲν
1115 1709 1160 1785 ᾧ
1212 1718 1240 1769 ὁ
1274 1718 1371 1788 μὲν
1404 1718 1607 1784 δίκαιος
1642 1721 1963 1792 χαρήσεται,
1994 1724 2044 1777 οἱ
2079 1725 2136 1778 δὲ
2170 1726 2484 1799 ἁμαρτωλοὶ
2521 1726 2581 1779 τὸ
2622 1725 2917 1799 προλεχθὲν
2981 1725 3110 1796 περὶ
3145 1724 3323 1778 αὐτῶν
3366 1722 3519 1786 τέλος
3548 1721 3703 1787 ἕξου-

423 1824 529 1874 σιν,
571 1810 797 1875 εἰκότως
866 1812 987 1866 οὐδὲ
1030 1812 1390 1883 ἀμφιϐάλλειν
1433 1817 1728 1886 προσήκει,
1762 1816 2045 1887 ὁμολογεῖν
2082 1820 2139 1874 δὲ
2174 1823 2351 1876 πάντα
2394 1822 2677 1893 ἄνθρωπον
2720 1822 2813 1877 καὶ
2855 1820 3275 1889 ἀποφαίνεσθαι,
3308 1820 3388 1872 ὅτι
3432 1818 3545 1871 ἐστι
3573 1817 3702 1882 Θεὸς

421 1917 614 1976 ιφορος
656 1907 751 1960 καὶ
779 1907 1074 1972 ἐπίσκοπος
1105 1908 1213 1962 τῶν
1253 1911 1311 1964 ἐν
1342 1910 1650 1982 ἀνθρώποις
1698 1915 2117 1986 πραττομένων,
2162 1919 2362 1991 κρίνων
2420 1919 2666 1984 ἅπαντας
2712 1919 2837 1981 τοὺς
2894 1920 2952 1972 ὲν
2974 1920 3040 1989 τῇ
3068 1920 3138 1990 γῇ
3180 1914 3692 1987 πολιτευσαμένους.

422 1996 607 2050 Ταῦτα
640 1998 738 2070 μὲν
771 1995 865 2053 οὖν
892 1999 1085 2072 ταύτῃ.

492 2110 1055 2165 Animadvertendum
1124 2124 1303 2167 autem
1358 2121 1465 2178 est,
1528 2115 1999 2187 num'prOphetia
2035 2134 2074 2187 Β

423 2202 634 2267 istluec,
670 2218 791 2273 qua:
813 2211 926 2258 tota
961 2204 1197 2260 cohaeret
1218 2214 1274 2261 et
1301 2221 1411 2261 una
1445 2208 1587 2263 serie
1608 2208 1858 2279 jungitur
1879 2227 2004 2265 cum

422 2295 878 2366 przecedentibus,
939 2295 1099 2352 ﬁnem
1161 2298 1439 2354 describat
1482 2314 1699 2365 eorum,
1752 2302 1848 2372 qui
1881 2318 2006 2372 pro-

422 2389 636 2458 pltetias
657 2389 724 2445 de
740 2387 960 2444 Christo
984 2390 1341 2459 meditantur,
1359 2391 1627 2460 justitiam
1655 2408 1751 2448 ore
1771 2394 1999 2463 loquun-

423 2490 534 2546 tur,
564 2488 619 2537 et
650 2482 959 2537 venientem
998 2482 1177 2551 ipsum
1225 2493 1587 2552 receperunt;
1614 2500 1789 2554 neque
1822 2493 2005 2541 tamen

422 2587 613 2628 vocem
643 2573 765 2642 ejus
791 2574 1085 2628 audierunt
1114 2589 1222 2643 qua
1256 2574 1530 2629 clamabat
1579 2578 1715 2645 ipsis
1757 2577 1871 2630 huic
1921 2577 2007 2631 di—

424 2678 557 2718 cens
595 2682 607 2717 :
645 2664 750 2729 Qui
787 2664 939 2719 habet
969 2682 1122 2721 aures
1146 2666 1396 2720 audiendi
1426 2666 1611 2720 audiat
1631 2669 1674 2701 ⁸³
1714 2690 1727 2723 :
1770 2670 1863 2739 qui
1886 2684 2008 2725 sese

426 2757 668 2828 serpenti
691 2758 902 2813 similes
936 2758 1254 2825 eﬂecerunt,
1297 2769 1350 2815 et
1382 2775 1546 2817 aures
1584 2762 1688 2817 sibi
1740 2772 2009 2833 pararunt

427 2848 564 2901 sicut
604 2848 805 2916 aspidis
832 2849 1011 2903 surda:
1045 2860 1096 2904 et
1125 2852 1430 2905 obturantis
1464 2868 1619 2908 aures
1644 2870 1791 2908 suas.
1818 2852 1856 2906 li
1877 2869 2009 2909 vero

430 2939 535 3008 ipsi
568 2939 761 2996 dentes
791 2956 921 2997 suos
952 2942 1239 3013 motasque
1268 2958 1400 2999 suas
1430 2944 1767 3015 blasphemis
1797 2946 1853 3000 in
1886 2945 2008 2999 Sal-

429 3039 672 3086 vatorem
708 3041 952 3087 nostrum
985 3034 1152 3089 dictis
1184 3045 1544 3095 exacuerunt.
1567 3035 1700 3092 Jure
1734 3037 1919 3108 itaque
1938 3039 2007 3094 de

431 3123 543 3178 illis
600 3122 808 3178 dictum
858 3122 1043 3188 fuerit,
1084 3125 1219 3179 Deus
1259 3136 1486 3181 conteret
1539 3126 1719 3183 dentes
1750 3146 1933 3185 eorum
1953 3130 2008 3183 in

431 3233 522 3272 ore
550 3218 807 3285 ipsorum,
832 3219 1003 3273 molas
1035 3219 1244 3275 leonum
1270 3220 1526 3292 confregit
1566 3220 1840 3276 Dominus.
1873 3220 2009 3276 Pos-

432 3319 563 3362 sunt
594 3306 723 3363 item
758 3307 871 3363 lucc
897 3310 1003 3365 dici
1033 3310 1101 3365 de
1130 3311 1390 3366 omnibus
1416 3313 1510 3383 qui
1539 3313 1698 3367 athea
1725 3312 2005 3383 dogmata,

431 3404 487 3450 et
515 3396 712 3466 impias
744 3397 1021 3468 falsasque
1049 3401 1350 3455 sententias
1390 3400 1446 3454 in
1487 3401 1664 3456 atheis
1708 3400 2009 3456 haeresibus

2185 2118 2506 2187 Ἐπιστῆσαι
2551 2115 2608 2169 δὲ
2662 2115 2961 2187 προσήκει,
3001 2114 3214 2185 μήποτε
3252 2114 3287 2184 ή
3333 2112 3473 2183 μετὰ
3512 2115 3705 2186 χεῖρας

2110 2208 2431 2282 προφητεία,
2461 2208 2611 2261 πᾶσα
2641 2206 2933 2269 ἀκόλουθος
2957 2200 3092 2258 οὖσα
3125 2204 3217 2257 καὶ
3240 2206 3562 2277 συνημμένη
3584 2209 3703 2269 ταῖς

2110 2302 2215 2373 πρὸ
2252 2302 2442 2372 αὐτῆς,
2495 2298 2566 2353 τὰ
2610 2297 2739 2369 τέλη
2766 2299 3056 2370 διαγράφει
3107 2298 3219 2352 τῶν
3254 2297 3355 2361 τὰς
3398 2299 3527 2368 περὶ
3568 2299 3704 2371 Χρι-

2111 2392 2237 2446 στοῦ
2297 2394 2634 2465 προφητείας
2687 2394 3032 2467 μελετώντων
3076 2395 3172 2449 καὶ
3223 2395 3570 2464 δικαιοσύνην
3623 2394 3702 2466 τῷ

2112 2486 2338 2556 στόματι
2358 2486 2660 2549 λαλούντων
2676 2489 2769 2541 καὶ
2791 2485 3254 2558 παραδεξαμένων
3275 2486 3436 2539 αὐτὸν
3457 2486 3700 2550 ἐλθόντα,

2112 2577 2247 2648 μηδὲ
2279 2578 2698 2631 ὲπακουσάντων
2728 2578 2893 2631 αὑτοῦ
2938 2580 3036 2649 τῆς
3082 2578 3263 2649 φωνῆς
3295 2576 3526 2647 βοῶντος
3566 2577 3701 2649 πρὸς

2110 2667 2328 2731 αὐτοὺς,
2348 2670 2441 2721 καὶ
2463 2669 2732 2735 λέγοντος
2762 2668 2823 2721 '0
2838 2670 2993 2736 ἔχων
3006 2664 3128 2723 ὦτα
3148 2669 3395 2722 ἀκούειν
3418 2667 3703 2722 ἀκουέτω·

2109 2760 2302 2822 οἵτινες
2324 2760 2613 2830 ώμοίωσαν
2640 2760 2867 2823 ἑαυτοὺς
2896 2759 2973 2829 τῷ
2995 2760 3137 2831 ὄφει,
3165 2762 3260 2814 καὶ
3289 2758 3358 2812 τὰ
3389 2754 3503 2813 ὦτα
3524 2760 3703 2813 αὐτῶν

2113 2852 2477 2922 πεποιήκασιν
2504 2852 2647 2905 ὡσεὶ
2683 2851 2941 2918 ἀσπίδος
2964 2850 3168 2922 κωφῆς
3193 2853 3289 2906 καὶ
3321 2853 3605 2920 ,βυούσης
3633 2850 3704 2904 τὰ

2108 2938 2229 2996 ὦτα
2251 2941 2460 3009 αὐτῆς.
2499 2944 2564 2996 υἱ
2597 2943 2652 2995 δὲ
2688 2945 2843 2997 αὐτοὶ
2872 2945 3116 3008 καὶτοὺς
3149 2945 3365 3007 ὀδόντας
3403 2944 3580 2997 αὐτῶν
3611 2944 3705 2996 καὶ

2108 3031 2207 3094 τὰς
2243 3032 2412 3101 μύλας
2439 3032 2528 3085 διὰ
2564 3033 2672 3087 τῶν
2708 3032 2849 3087 κατὰ
2874 3032 2970 3085 τοῦ
2998 3034 3249 3105 Σωτῆρος
3280 3035 3436 3104 ἡμῶν
3466 3033 3703 3103 βλασφη-

2114 3123 2253 3193 μιῶν
2278 3127 2566 3195 ἠκόνησαν.
2600 3124 2839 3188 Εἰκότως
2865 3122 2957 3178 οὖν
2988 3125 3116 3195 περὶ
3152 3125 3333 3179 αὐτῶν
3367 3123 3580 3195 λεχθείη
3609 3122 3699 3178 ἄν*

2123 3216 2176 3266 '0
2207 3214 2353 3280 Θεὸς
2394 3216 2715 3284 συντρίψει
2771 3215 2913 3280 τοὺς
2965 3213 3220 3281 ὀδόντας
3268 3213 3470 3269 αὐτῶν
3504 3213 3574 3267 ἐν
3624 3210 3705 3278 τῷ

2111 3308 2361 3374 στόματι
2406 3305 2624 3371 αὐτῶν,
2675 3305 2781 3373 τὰς
2825 3307 3027 3375 μύλας
3081 3304 3202 3359 τῶν
3248 3306 3516 3359 λεόντων
3551 3316 3703 3358 συν-

2111 3396 2374 3451 ἐΟλασεν
2402 3401 2435 3450 ὁ
2471 3399 2705 3466 Κύριος.
2738 3398 2969 3452 Δύναται
2998 3398 3053 3451 δὲ
3078 3399 3249 3453 ταῦτα
3282 3399 3377 3452 καὶ
3409 3399 3536 3472 περὶ
3568 3397 3704 3451 πάνυ

434 3489 912 3555 consarcinarunt,
948 3499 1113 3561 atque
1139 3491 1207 3547 de
1238 3492 1307 3548 iis
1358 3493 1452 3563 qui
1477 3494 1802 3563 sapientiam
1840 3492 2005 3561 hujus

2113 3507 2215 3542 των
2236 3489 2343 3543 τῶν
2366 3491 2435 3544 τὰ
2452 3489 2587 3544 ἄθεα
2609 3490 2856 3560 δόγματα
2874 3491 2968 3543 καὶ
2997 3492 3093 3555 τὰς
3126 3492 3341 3555 ἀσεϐεῖς
3362 3489 3705 3560 ψευδοδοξίας

432 3581 615 3637 δευουιί
645 3584 994 3652 proﬁtentur,
1025 3585 1118 3654 qui
1151 3585 1365 3654 linguas
1400 3600 1532 3641 suas
1566 3596 1759 3639 contra
1798 3584 2009 3638 saluta-

431 3687 546 3725 rem
578 3671 884 3728 doctrinam
920 3682 1260 3730 exacuerunt
1296 3694 1308 3729 :
1339 3690 1517 3745 neque
1575 3676 1755 3746 pigeat
1812 3674 1879 3730 iis
1912 3689 2010 3727 an-

434 3778 724 3819 numerare
748 3774 1016 3836 quotquot
1047 3766 1101 3819 in
1140 3765 1383 3822 Ecclesia
1405 3767 1698 3822 calumniis
1738 3776 1794 3821 et
1825 3766 2013 3820 obtre-

434 3856 769 3912 ctationibus
799 3857 856 3910 in
885 3858 1259 3927 proximorum
1289 3859 1582 3929 perniciem
1609 3865 1823 3913 vacant.
1844 3857 2012 3923 Queis

432 3948 691 4004 omnibus
727 3948 943 4003 dicatur
972 3948 1128 4014 illud,
1155 3948 1216 4004 Si
1244 3966 1358 4004 vere
1405 3953 1583 4021 utique
1625 3950 1896 4019 justitiam
1937 3949 2015 4003 lo-

432 4040 677 4110 quimini,
707 4050 849 4095 recta
864 4040 1128 4110 judicate,
1150 4041 1253 4111 ﬁlii
1286 4043 1591 4107 hominum;
1619 4043 1855 4097 scientes
1875 4042 2012 4110 quod

432 4148 640 4186 omnem
665 4143 965 4186 creaturam
1003 4133 1228 4187 adduce:
1258 4133 1398 4187 Deus
1444 4134 1497 4187 in
1512 4133 1779 4202 judicium
1799 4133 1879 4201 ‘3;
1915 4140 1968 4189 et
1994 4173 2009 4196 ,

433 4234 635 4294 oportet
674 4242 849 4280 omnes
885 4227 1140 4281 tribunali
1178 4228 1270 4283 Dei
1307 4230 1461 4292 sisti,
1496 4238 1554 4283 ut
1601 4228 1798 4297 referat
1848 4244 2014 4281 unus-

432 4318 651 4388 quisque
674 4319 892 4386 propria
937 4320 1192 4389 corporis,
1234 4331 1389 4389 prout
1421 4321 1602 4391 gessit,
1644 4321 1749 4375 sive
1794 4319 2008 4383 bonum,

434 4409 541 4463 sive
564 4410 767 4463 malum
783 4410 848 4463 “.

2119 3580 2177 3631 ἐν
2230 3583 2351 3643 ταῖς
2400 3580 2583 3644 ἀθέοις
2636 3582 2877 3651 αἱρέσεσι
2953 3583 3377 3651 συστησαμένων
3426 3580 3701 3645 λέγεσθαι,

2118 3669 2360 3739 καὶπερὶ
2389 3669 2496 3722 τῶν
2521 3669 2618 3743 τὴν
2651 3671 2841 3738 σοφίαν
2873 3670 2965 3724 τοῦ
3002 3670 3197 3735 αἰῶνος
3222 3670 3410 3724 τούτου
3437 3668 3708 3737 ἐπαγγελ-

2118 3760 2382 3831 λομένων,
2416 3763 2465 3815 οἳ
2489 3763 2587 3826 τὰς
2619 3761 2871 3831 γλώσσας
2913 3763 3093 3816 αὐτῶν
3135 3762 3406 3833 ἠκόνησαν
3438 3759 3582 3815 κατὰ
3606 3760 3708 3830 τῆς

2120 3853 2389 3925 σωτηρίου
2433 3844 2904 3918 διδασκαλίαςίοὺ
2940 3854 3306 3927 παραιτητέον
3355 3854 3411 3907 δὲ
3454 3853 3551 3907 καὶ
3580 3852 3708 3916 τοὺς

2122 3945 2181 3999 ὲν
2209 3948 2275 4017 τῇ
2319 3946 2616 4018 Ἐκκλησία
2651 3946 2924 4009 διαϐολαῖς
2964 3947 3057 4000 καὶ
3085 3945 3438 4009 καταλαλιαῑς
3474 3945 3561 3998 ἐπ’
3586 3942 3698 3996 ὀλέ-

2121 4038 2235 4113 θρῳ
2265 4040 2375 4094 τῶν
2408 4040 2633 4113 πλησίον
2659 4041 3014 4112 σχολάζοντας
3056 4038 3266 4102 τούτοις
3300 4039 3707 4109 συμπαραλαμ-

2120 4111 2333 4189 ϐἀῖνεινο
2366 4111 2511 4205 πρὸς
2528 4131 2621 4197 οὓς
2646 4111 2893 4192 ἅπαντας
2921 4131 3118 4201 λέγοιτ’
3153 4131 3220 4186 ἂν
3253 4130 3336 4195 τὸ,
3366 4132 3434 4185 E1
3466 4126 3709 4196 ἀληθῶς

2117 4226 2234 4294 ἄρα
2266 4225 2664 4291 δικαιοσύνην
2681 4223 2943 4289 λαλεῖτε,
2967 4224 3147 4279 εὐθέα
3166 4224 3417 4293 κρίνετε,
3448 4221 3562 4276 υἱοὶ
3588 4219 3709 4273 τῶν

2116 4316 2477 4385 ἀνθρώπων*
2535 4315 2755 4378 εἰδότες,
2807 4314 2898 4368 ὅτι
2937 4314 3062 4369 πᾶν
3105 4314 3170 4367 τὸ
3229 4313 3457 4382 ποίημα
3493 4309 3625 4374 ἄξει
3671 4311 3706 4362 ὁ

2118 4410 2261 4475 Θεὸς
2293 4411 2379 4475 εὶς
2410 4409 2645 4478 κρίσιν’
2681 4407 2801 4471 καὶ,
2835 4406 2931 4461 δεῖ
2962 4406 3104 4473 τοὺς
3130 4406 3360 4471 πάντας
3390 4399 3705 4472 παραστῆ-

432 4516 530 4553 ναι
558 4499 639 4567 τῷ
672 4500 899 4571 ,ϐήματι
931 4502 1037 4557 τοῦ
1070 4502 1238 4558 Θεοῦ·
1275 4503 1378 4558 ἵνα
1410 4504 1727 4574 κομίσηται
1754 4504 2014 4569 ἕκαστος
2048 4502 2119 4555 τὰ
2152 4501 2251 4555 διὰ
2274 4500 2380 4555 τοῦ
2415 4499 2689 4569 σώματος
2753 4499 2904 4568 πρὸς
2957 4497 2997 4551 ἂ
3029 4496 3309 4567 ἔπραξεν,
3333 4495 3451 4549 εἴτε
3480 4490 3708 4562 ἀγαθὸν

430 4590 553 4645 εἴτε
579 4594 791 4648 κακόν.

422 4710 476 4763 1.
530 4704 597 4759 ΙΝ
636 4704 879 4769 FINEM,
923 4706 1458 4763 NE'DISPERDAS
1506 4706 1746 4773 DAVID,
1786 4707 1858 4762 IN
1896 4706 2005 4761 Tl-

2113 4703 2220 4757 ιςιε
2269 4700 2357 4773 τυ
2395 4697 2816 4773 meum}!
2837 4770 2845 4773 _
2868 4696 3274 4773 auresue!“
3325 4696 3702 4773 regestus

511 4775 683 4849 1‘th
701 4776 1261 4849 ιιιεριιιρτιοινειί,
1284 4778 1571 4844 QUANDO
1596 4778 1781 4833 MISIT
1810 4778 2013 4849 sane,

503 4846 595 4901 ET
654 4846 1075 4904 CUSTODIVIT
1136 4850 1385 4906 DOMUM
1446 4850 1647 4916 EJUS,
1715 4849 1805 4906 UT
1868 4846 2011 4906 EUM

505 4918 1043 4974 INTEBFICEBET.
1085 4920 1268 4976 LVIH.

504 5032 671 5089 Vens.
695 5033 751 5096 ἓ,
786 5034 840 5088 5.
871 5032 1029 5103 Eripe
1063 5050 1143 5089 me
1163 5033 1227 5089 de
1254 5035 1485 5089 inimicis
1512 5036 1660 5099 meis,
1681 5033 1822 5089 Deus
1846 5051 2014 5100 meus,

425 5128 566 5183 etab
592 5126 985 5197 insurgentibus
1029 5129 1083 5181 in
1117 5145 1197 5182 me
1232 5128 1399 5182 libera
1420 5144 1520 5181 me.
1551 5126 1670 5182 Jam
1710 5128 1863 5197 prius
1911 5127 2012 5182 ob-

430 5223 797 5287 servavimus,
833 5222 1075 5291 psalmos
1108 5235 1138 5274 a
1171 5235 1247 5286 LI,
1283 5229 1575 5289 antequam
1607 5218 1777 5273 David
1818 5235 2012 5289 regna—

432 5320 536 5377 ret,
586 5313 767 5367 adhuc
788 5314 1085 5383 superstite
1147 5311 1334 5377 Sauie,
1375 5312 1763 5382 pronuntiatos
1794 5311 2010 5378 fuisse;

428 5420 527 5459 eos
560 5413 739 5459 autem
762 5406 855 5475 qui
882 5407 936 5459 in
968 5406 1142 5476 prima
1176 5415 1328 5475 parte
1358 5405 1481 5459 libri
1500 5411 1820 5469 censentur,
1842 5403 2015 5458 ferme

431 5512 648 5559 (unncs,
704 5496 1005 5565 paucisque
1040 5497 1306 5566 exceptis,
1343 5505 1467 5566 post
1508 5497 1723 5565 lapsum
1777 5497 1897 5564 ejus
1926 5514 1937 5548 :
1962 5502 2016 5547 et

430 5588 500 5640 ob
531 5587 751 5655 pictatis
776 5589 1148 5652 eminentiam,
1188 5604 1283 5645 eos
1310 5591 1402 5659 qui
1440 5588 1847 5644 confessionem
1877 5602 2015 5656 pra:-

430 5680 662 5744 fcrrcnt,
705 5681 919 5752 priores
951 5682 1005 5737 in
1039 5683 1179 5739 libro
1205 5684 1560 5755 consignatos
1595 5683 1663 5739 ab
1686 5682 1780 5737 illo
1819 5681 2010 5747 fuisse,

499 5836 548 5871 ⁸³
591 5836 786 5893 Hatth.
824 5854 909 5907 ιι,
947 5840 999 5893 5.
1078 5839 1121 5871 ⁵³
1151 5840 1297 5896 Eccl.
1336 5856 1443 5909 xu,
1482 5841 1564 5896 li.

2191 4772 2299 4825 ΕΙΣ
2386 4768 2951 4829 ΣΤΗΛΟΓΡΑΦΙΑΝ,
3020 4766 3243 4820 ΟΠΟΤΕ
3318 4767 3705 4820 ΑΠΕΣΤΕΙΛΕ

2190 4842 2448 4905 ΣΛΟΥΛ,
2490 4840 2611 4893 ΚΑΙ
2651 4838 2960 4891 ΕΦΥΛΑΞΕ
3001 4838 3139 4891 ΤΟΝ
3190 4837 3403 4891 UIKON
3442 4838 3701 4903 ΑΥΤΟΥ,

2189 4915 2231 4964 Τ
2237 4913 2325 4965 ΟΥ
2364 4910 2751 4965 ΘΑΝΑΤΩΣΑΙ
2790 4908 3045 4962 ΑΥΤΟΝ.
3087 4908 3223 4961 NH‘.

2200 5026 2451 5091 Ἐξελοῦ
2475 5042 2550 5095 με
2579 5025 2647 5078 ἐκ
2679 5023 2797 5077 τῶν
2819 5023 3048 5093 ἐχθρῶν
3070 5042 3211 5093 μου,
3246 5026 3279 5078 ὁ
3309 5021 3472 5090 Θεὸς,
3500 5023 3599 5077 καὶ
3635 5022 3707 5078 ἐκ

2116 5119 2234 5173 τῶν
2271 5117 2761 5188 ἐπανισταμένων
2790 5116 2882 5170 ἐπ’
2912 5114 3019 5184 ἐμὲ
3053 5115 3358 5183 λύτρωσαί
3395 5132 3492 5184 με,
3530 5115 3705 5183 Τετη-

2119 5218 2368 5287 ρήκαμεν
2399 5214 2497 5285 ἥδη
2532 5212 2818 5284 πρότερον,
2860 5212 2942 5264 ὃτι
2973 5211 3023 5263 οί
3058 5209 3166 5263 ἀπὸ
3192 5208 3285 5261 τοῦ
3319 5215 3366 5262 α’
3393 5208 3489 5262 καὶ
3527 5205 3568 5263 ν’
3600 5206 3706 5279 πρὸ

2116 5308 2211 5362 τοῦ
2248 5305 2561 5378 βασιλεῦσαι
2591 5305 2680 5358 τὸν
2714 5304 2895 5367 Δαυῖδ,
2926 5303 3006 5356 ἔτι
3041 5302 3241 5367 ζῶντος
3272 5300 3366 5355 τοῦ
3396 5301 3589 5366 Σαοὺλ,
3628 5299 3708 5352 εἴ·

2124 5418 2303 5475 ρηντο·
2334 5400 2521 5472 ὥσπερ
2563 5394 2655 5452 οὖν
2687 5398 2737 5451 οἱ
2766 5398 2907 5451 κατὰ
2938 5397 3001 5451 τὸ
3042 5397 3257 5468 πρῶτον
3285 5396 3449 5467 μέρος
3488 5395 3588 5465 τῆς
3621 5393 3705 5465 βία-

2122 5497 2250 5549 ϐλου
2279 5494 2463 5565 σχέδον
2485 5492 2707 5555 πάντες,
2732 5489 3003 5563 παρεκτὸς
3023 5490 3239 5558 ὀλίγων,
3270 5489 3407 5559 μετὰ
3431 5488 3493 5540 τὸ
3526 5486 3707 5558 πλημ-

2125 5587 2355 5659 μεληθὲν
2386 5585 2533 5655 αὑτῷ
2564 5584 2806 5655 σφάλμα,
2837 5584 2933 5637 καὶ
2954 5584 3037 5636 ὅτι
3068 5582 3189 5636 καθ’
3224 5579 3529 5652 ὑπερϐολὴν
3551 5579 3705 5633 εὐλα-

2122 5681 2274 5744 ϐείας
2301 5679 2549 5753 πρώτους
2581 5678 2768 5747 ἔταξεν
2798 5678 2856 5732 ὲν
2879 5678 2946 5749 τῇ
2974 5676 3143 5748 βίϐλῳ
3166 5676 3290 5740 τοὺς
3320 5672 3705 5746 ἐξομολόγησιί

1645 5838 1754 5895 “ll
1788 5839 1914 5896 Cor.
1948 5856 1999 5906 v,,
2033 5838 2114 5893 10.
