4142 6388
423 349 540 406 53$

1559 357 2062 419 COMMENTARIA
2110 356 2174 412 IN
2216 353 2552 414 PSALMOS.

3572 351 3676 408 εει

427 464 800 538 περιέχοντας,
830 470 1114 544 δευτέρους
1133 470 1297 539 δντας
1327 477 1405 546 τῷ
1428 478 1634 548 χρόνῳ’
1675 477 1802 539 τοὺς
1838 475 1896 528 δὲ
1927 475 1978 525 τί

2106 471 2324 525 etiamsi
2376 468 2720 540 posteriores
2744 473 2987 537 tempore
3023 471 3236 533 essent;
3265 479 3542 521 θος-νοω
3582 465 3680 535 qui

427 559 604 628 χρόνῳ
626 559 893 631 πρώτους.
918 559 1203 636 δευτέρους
1235 567 1460 639 συνῆψε,
1494 569 1570 632 ώς
1593 568 1659 622 ἂν
1681 567 2003 622 καλύπτοιτο

424 649 492 701 τὰ
526 651 626 719 τῆς
670 651 1108 726 ἐξομολογήσεως
1137 660 1225 713 διὰ
1269 661 1367 731 τῆς
1410 659 1518 715 τῶν
1563 657 2002 731 κατορθωμάτων

427 742 668 812 μνήμης.
700 744 870 799 Τοῦτο
910 748 1086 804 τοίνυν
1128 751 1222 805 καὶ
1253 753 1281 804 ὁ
1330 751 1516 824 παρὼν
1545 752 1822 822 συνίστησι
1861 751 2000 821 ψαλ-

426 834 525 902 μός
544 850 557 864 ⁵
589 836 834 907 συνήθως
863 839 920 892 δὲ
959 843 1215 913 εἰρήσθω,
1245 844 1475 916 ἐπείπερ
1504 845 1598 898 καὶ
1630 844 1790 908 αὐτὸς
1813 843 2001 914 στηλο-

422 924 630 996 Ῠραφία
667 929 946 1000 τυγχάνει,
1000 936 1490 1006 ὲπιοημαινόμενος
1539 935 1660 990 καθ’
1698 935 1758 988 ὃν
1804 934 1996 1007 ἐλέχθη

421 1019 635 1089 καιρόν·
667 1015 735 1090 ἦν
773 1021 831 1074 δὲ
850 1017 1027 1090 οὗτος,
1063 1026 1273 1081 Ὀπότε
1312 1027 1633 1082 ἀπέστειλε
1670 1027 1868 1082 Σαοὺλ
1897 1027 1995 1082 καί

419 1111 686 1178 ἐφύλαξε
713 1111 820 1166 τὸν
849 1109 1020 1168 οἷκον
1049 1117 1257 1184 αὑτοῦ,
1292 1118 1396 1172 τοῦ
1417 1117 1751 1172 θανατῶσαι
1790 1118 1993 1172 αὐτὸν.

422 1199 761 1271 Πλατύτερον
781 1203 838 1255 δὲ
882 1203 979 1275 τὴν
1019 1206 1258 1277 ἱστορίαν
1288 1209 1320 1278 ἡ
1348 1207 1538 1279 πρώτη
1565 1209 1674 1261 τῶν
1703 1208 1996 1263 Βασιλειῶν

421 1290 736 1361 παρίστησι,
761 1291 948 1346 τοῦτον
963 1294 1158 1365 ἔχουσα
1189 1297 1278 1350 τὸν
1293 1298 1512 1369 τρόπον’
1538 1299 1649 1352 Kal
1671 1299 1995 1368 προσέθετο

418 1380 680 1448 πόλεμος
707 1383 1002 1452 γενέσθαιο
1034 1387 1129 1440 καί
1157 1389 1493 1456 κατίσχυσε
1514 1389 1712 1454 Δαυῒδ,
1747 1390 1845 1444 καὶ
1865 1393 1996 1445 ἐπο-

413 1466 645 1536 λέμησε
688 1471 829 1538 τοὺς
875 1475 1282 1544 ἀλλοφύλους,
1313 1479 1408 1532 καὶ
1438 1478 1736 1544 ἐπάταξεν
1773 1481 1994 1549 αὐτοὺς

413 1562 664 1630 πληγὴν
684 1564 959 1634 μεγάλην
991 1567 1245 1636 σφόδρα,
1282 1570 1380 1622 καὶ
1414 1568 1644 1640 ἔφυγον
1693 1571 1762 1624 ἐκ
1805 1588 1994 1640 προσ-

406 1651 580 1707 ώπου
627 1656 833 1710 αὑτοῦ.
878 1658 990 1711 Kal
1036 1659 1270 1730 ἐγένετο
1322 1661 1558 1731 πνεῦμα
1583 1663 1850 1730 πονηρὸν
1891 1664 1989 1718 ἐπὶ

416 1743 635 1796 Σαούλ·
662 1745 759 1798 καί
782 1747 964 1813 αὐτὸς
987 1749 1057 1802 ἐν
1091 1749 1234 1816 οἴκῳ
1265 1751 1590 1815 καθεύδων,
1620 1753 1718 1807 καὶ
1755 1753 1900 1822 δόρυ
1922 1754 1992 1807 ἐν

2103 560 2266 629 primi
2320 569 2588 630 tempore,
2640 557 2914 614 secundos
2961 555 3210 626 adjectus
3269 571 3416 620 esse,
3447 566 3509 610 ut
3528 563 3680 611 recte

2103 652 2372 706 factorum
2405 652 2667 706 memoria
2721 664 2785 705 ea
2835 664 2954 719 qua:
2984 647 3390 704 confessionem
3424 647 3679 702 contine-

2101 751 2223 798 rent
2278 743 2684 811 obtegerentur.
2726 739 2841 794 Hoc
2911 740 3098 811 itaque
3141 739 3398 810 praesenti
3463 740 3680 811 psalmo

2100 835 2511 904 comprobatur.
2568 833 2737 904 (quod
2780 841 3050 887 consueto
3109 847 3261 888 more
3313 831 3522 886 dictum
3583 832 3677 902 sit)

2098 928 2226 995 quia
2255 926 2399 979 tituli
2431 924 2724 995 inscriptio
2768 934 2886 991 est;
2917 934 3213 994 notamque
3251 925 3512 995 temporis
3543 939 3682 994 pras-

2099 1013 2204 1069 fert
2235 1030 2342 1084 quo
2361 1015 2545 1070 editus
2577 1014 2700 1077 fuit,
2737 1014 2985 1080 scilicet,
3008 1014 3233 1080 Quando
3261 1015 3406 1068 misit
3438 1013 3593 1077 Saut,
3627 1023 3681 1070 et

2095 1107 2378 1160 custodiuit
2408 1106 2624 1162 domum
2655 1109 2794 1175 ejus,
2826 1116 2882 1160 ut
2916 1122 3035 1160 eum
3069 1107 3412 1174 interﬁceret.
3447 1106 3562 1161 Sed,
3595 1105 3684 1160 fu—

2095 1199 2212 1254 sius
2239 1199 2522 1254 historiam
2555 1207 2778 1253 enarrat
2815 1199 3028 1268 primus
3053 1197 3366 1267 Regnorum
3401 1199 3560 1266 liber,
3585 1198 3682 1269 qui

2095 1289 2175 1342 sic
2207 1289 2373 1344 habet
2406 1308 2419 1343 :
2464 1287 2774 1358 Metumque
2813 1296 2893 1341 est
2928 1297 3104 1341 autem
3151 1288 3342 1341 iterum
3371 1287 3597 1350 bellum;
3627 1296 3678 1342 et

2093 1382 2355 1449 superavit
2385 1380 2580 1447 Dauid,
2607 1379 2987 1450 debellauitque
3010 1378 3333 1449 allophylos,
3373 1388 3422 1432 et
3465 1393 3681 1447 percus-

2092 1474 2161 1526 sit
2190 1491 2278 1528 eos
2300 1475 2462 1544 plaga
2495 1489 2690 1542 magna
2709 1469 2945 1533 ualde,et
2973 1470 3222 1540 fugerunt
3252 1487 3283 1523 a
3300 1469 3437 1538 {acie
3453 1470 3587 1538 ejus.
3611 1469 3680 1529 Et

2092 1565 2268 1634 factus
2301 1574 2381 1619 est
2409 1564 2635 1632 spiritus
2665 1561 2839 1616 malus
2863 1563 2920 1614 in
2939 1560 3072 1616 Saul
3091 1562 3296 1631 :etipse
3321 1563 3375 1614 in
3399 1561 3556 1615 domo
3579 1577 3679 1616 sua

2091 1654 2404 1719 dormiebat,
2422 1653 2673 1708 etlancea
2692 1654 2746 1705 in
2763 1668 2925 1705 manu
2937 1652 3052 1720 ejus
3069 1667 3257 1720 :porro
3282 1651 3450 1706 Dauid
3473 1651 3680 1722 psalle-

2093 1746 2181 1800 bat
2201 1744 2442 1798 manibus
2466 1745 2599 1799 suis.
2623 1743 2689 1797 Et
2707 1743 2977 1814 qurerebat
2996 1742 3130 1798 Saul
3145 1753 3411 1812 percutere
3424 1743 3677 1799 Davidem

315 2963 318 2968 ι
405 2929 813 3002 στηλογραφίαν
843 2935 1154 2989 συντάττειο
1183 2936 1264 2990 διὸ
1293 2939 1713 3011 προγέγραπται
1737 2957 1751 2971 ·
1781 2945 1886 3008 Εἰς
1910 2942 1980 2996 τὸ

409 1829 490 1898 τῇ
522 1834 671 1901 χειρί
719 1836 904 1890 αὐτοῦ
925 1856 940 1869 ·
965 1838 1066 1891 καί
1103 1839 1230 1894 ιδοὺ
1257 1841 1438 1896 Δαυῒδ
1458 1844 1732 1912 ἔψαλλεν
1759 1818 1835 1900 ἐν
1863 1846 1978 1912 ταῖς

2093 1840 2275 1892 lancea
2293 1853 2310 1890 :
2331 1847 2380 1891 et
2395 1837 2676 1891 declinavit
2692 1835 2865 1889 David
2885 1853 2917 1889 a
2938 1835 3074 1904 [acie
3091 1833 3246 1899 Saul,
3275 1845 3325 1890 et
3345 1835 3530 1891 lancea
3555 1852 3676 1906 per-

412 1927 842 1993 χερσὶναῠτοῦ.
864 1932 969 1985 Kal
982 1929 1166 1998 ἐζῆτει
1183 1933 1380 1987 Σαοὺλ
1393 1935 1647 2001 πατάξαι
1663 1935 1728 1990 τὸ
1748 1936 1893 2006 δόρυ
1903 1940 1978 2004 εὶς

2091 1930 2255 1982 cussit
2274 1930 2548 1998 parietem.
2588 1927 2758 1982 David
2792 1936 2971 1980 autem
3007 1929 3219 1981 recessit
3245 1938 3292 1980 et
3315 1927 3553 1982 salvatus
3574 1937 3672 1982 est.

409 2017 610 2071 Aavt6°
631 2019 729 2075 καὶ
744 2020 976 2092 ἀπέστη
1003 2023 1185 2078 Δαυῒδ
1207 2025 1275 2080 ἐκ
1300 2026 1624 2096 προσώπου
1648 2029 1869 2094 Σαοὺλ,
1888 2028 1978 2082 καί

2089 2017 2159 2073 Et
2194 2019 2398 2089 factum
2432 2027 2509 2074 est
2540 2019 2596 2072 in
2623 2026 2772 2072 nocte
2803 2018 2922 2082 illa,
2960 2017 3105 2071 misit
3127 2017 3338 2071 nuntios
3373 2017 3424 2070 in
3459 2016 3676 2072 domum

410 2108 671 2174 ἐπάταξε
688 2111 756 2165 τὸ
769 2111 915 2180 δόρυ
939 2115 1027 2181 είς
1041 2113 1148 2169 τὸν
1161 2116 1383 2186 τοῖχον.
1414 2119 1527 2172 Kal
1549 2119 1732 2174 Δαυῒδ
1757 2121 1978 2190 ἀνεχώ-

2091 2110 2280 2173 Dauid,
2313 2111 2405 2180 qui
2438 2108 2765 2165 custodirent
2792 2109 2967 2173 illum,
2999 2116 3058 2162 ut
3097 2109 3479 2176 interﬁceretur
3499 2125 3672 2167 ntane.

402 2217 434 2268 ί
451 2215 560 2268 nae
579 2200 680 2255 καὶ
697 2200 968 2272 διεσώθη.
982 2205 1093 2260 Kal
1110 2205 1362 2278 ἐγενήθη
1384 2209 1455 2262 ὲν
1474 2208 1548 2278 τῇ
1567 2211 1740 2264 νυκτὶ
1762 2211 1978 2280 ἐκείνῃ,

2089 2201 2156 2255 Ει
2185 2202 2502 2256 renuntiavit
2541 2200 2734 2254 Dauidi
2787 2198 3039 2264 Melcltol,
3079 2215 3216 2252 uxor
3260 2199 3396 2268 ejus,
3442 2200 3620 2255 dicens
3651 2216 3673 2257 :

409 2291 510 2344 καὶ
533 2292 891 2348 ἀπέστειλεν
908 2296 1203 2365 ἀγγέλους
1223 2302 1312 2366 είς
1333 2302 1503 2355 οἶκον
1518 2302 1698 2356 Δαυῒδ
1719 2302 1978 2372 φυλάξαι

2089 2297 2210 2352 Nisi
2241 2299 2530 2352 saluaveris
2561 2298 2796 2350 animum
2830 2305 2976 2350 tuam
3005 2296 3105 2350 hac
3133 2305 3317 2359 nocte,
3351 2312 3469 2349 cras
3501 2297 3670 2350 inter-

398 2383 610 2476 αυτὸν,
639 2386 746 2476 τοῦ
767 2388 1104 2443 θανατῶσαι
1133 2393 1322 2446 αὐτὸν
1345 2396 1510 2462 πρωΐ.
1523 2394 1634 2448 Kal
1663 2394 1978 2466 ἀνήγγειλε

2085 2393 2302 2476 [icieris.
2344 2390 2413 2444 Et
2447 2390 2658 2445 demisit
2683 2389 2913 2445 Melchol
2941 2388 3196 2443 Davidem
3233 2404 3325 2456 per
3362 2388 3674 2457 fenestram,

402 2473 486 2538 (ᾧ
510 2475 692 2530 Δαυῐδ
725 2479 990 2548 Μελχύλ,
1025 2483 1064 2551 ἡ
1102 2483 1255 2552 γυνὴ
1281 2485 1489 2550 αὑτοῦ,
1518 2485 1805 2556 λέγουσιν
1851 2487 1978 2541 Ἐὰν

2081 2473 2240 2552 porro
2269 2485 2359 2538 ille
2387 2484 2521 2538 abiit
2549 2492 2600 2538 et
2626 2483 2856 2554 aufugit,
2891 2491 3047 2552 atque
3067 2481 3304 2536 salvatus
3330 2489 3409 2535 est
3435 2481 3501 2535 ".
3549 2479 3682 2546 Quo.

393 2563 488 2632 μὴ
534 2565 619 2620 σὺ
664 2568 867 2638 σωθῇς
903 2570 1018 2639 τὴν
1063 2573 1278 2643 ψυχὴν
1321 2577 1584 2631 σεαυτοῦ
1631 2577 1747 2646 τὴν
1793 2579 1978 2632 νύκτα

2084 2584 2328 2644 tempore
2353 2575 2495 2630 hanc
2534 2575 2679 2629 tituli
2705 2574 3122 2644 inscriptionem
3151 2572 3319 2628 edidit
3347 2591 3360 2626 :
3392 2586 3560 2642 quare
3588 2571 3687 2627 sic.

405 2657 650 2724 ταύτην,
678 2659 889 2728 αὔριον
916 2663 1331 2734 θανατωθήσῃ.
1354 2667 1462 2721 Καὶ
1491 2667 1732 2738 κατάγει
1757 2670 1796 2736 ἡ
1819 2672 1979 2723 Μελ-

401 2747 520 2816 χὸλ
550 2749 657 2802 τὸν
691 2750 873 2805 Δαυῒδ
895 2750 994 2804 διὰ
1027 2752 1136 2821 τῆς
1162 2755 1420 2823 θυρίδος,
1467 2758 1566 2810 καὶ
1603 2758 1838 2827 ἀπῆλθε
1878 2761 1978 2814 καὶ

401 2839 589 2910 ἔφυγε
615 2881 630 2905 ,
678 2842 779 2897 καί
828 2842 1073 2904 σώζεται
1096 2860 1111 2874 ·
1173 2846 1263 2900 ὅτε
1323 2849 1418 2902 καὶ
1462 2848 1561 2922 τὴν
1608 2851 1980 2924 προκειμένην

2083 2667 2277 2723 titulus
2302 2667 2465 2721 habet
2493 2686 2507 2721 :
2552 2666 2615 2720 In
2643 2667 2824 2735 ﬁnem,
2850 2683 2911 2720 ne
2927 2665 3224 2733 disperdas,
3246 2663 3418 2718 Dauid
3444 2664 3499 2717 in
3525 2662 3666 2716 tituli

2080 2761 2494 2828 inscriptionem,
2522 2761 2732 2830 quando
2763 2760 2909 2812 misit
2938 2759 3102 2822 Saul,
3154 2767 3204 2813 et
3234 2757 3515 2812 custodiuit
3565 2755 3666 2810 do-

2081 2869 2224 2906 mum
2254 2853 2368 2924 ejus
2394 2893 2409 2918 ,
2448 2864 2507 2908 ut
2536 2869 2656 2907 eum
2689 2853 3028 2922 interﬁceret.
3064 2850 3199 2906 lllud
3233 2865 3384 2921 ergo,
3421 2850 3474 2904 in
3509 2850 3666 2918 ﬁnem

2081 2945 2308 3009 Dauidi,
2342 2958 2396 3002 et
2430 2945 2588 3009 illud,
2632 2962 2695 3000 ne
2720 2945 3034 3015 disperdas,
3065 2952 3121 2999 et
3176 2943 3319 2997 tituli
3353 2942 3669 3010 inscriptio,

404 3017 596 3110 τέλος,
612 3019 698 3087 μὴ
715 3019 1078 3091 διαφθείρῃς,
1094 3023 1174 3090 τῷ
1196 3026 1380 3080 Δαυῒδ
1397 3030 1486 3094 εἰς
1501 3046 1573 3084 στ
1583 3033 1976 3101 ηλογραερίαν,

2078 3039 2188 3108 jam
2220 3040 2380 3094 tertio
2419 3046 2823 3109 consequenter
2845 3040 3048 3094 dictum
3085 3048 3191 3094 est.
3215 3037 3283 3092 At
3307 3038 3484 3108 primo
3518 3035 3666 3090 aliud

403 3109 583 3164 ὁπότε
608 3110 930 3168 ἀπέστειλε
955 3115 1156 3170 Σαοὺλ
1177 3157 1192 3182 ,
1220 3118 1318 3172 καὶ
1353 3119 1620 3188 ἐφύλαξε
1664 3122 1773 3176 τὸν
1809 3124 1978 3178 οἷκον

2082 3139 2305 3200 tempus
2337 3129 2622 3195 indicavit,
2647 3145 2742 3200 per
2772 3129 2990 3185 titulum
3021 3129 3231 3186 scilicet
3257 3129 3350 3198 qui
3375 3129 3456 3184 sic
3482 3129 3665 3193 habet.
3719 3136 3722 3140 ’

401 3200 586 3252 αὑτοῦ
625 3200 731 3254 τοῦ
777 3203 1116 3258 θανατῶσαι
1158 3208 1364 3262 αὐτόν.
1410 3209 1484 3262 Τὸ
1523 3210 1621 3279 μὲν
1649 3208 1770 3280 οὖν,
1797 3216 1885 3282 εὶς
1911 3216 1976 3268 τὸ

2083 3222 2309 3288 Quando
2343 3231 2618 3277 tenuerunt
2642 3240 2761 3278 eum
2791 3222 3046 3290 allopltyli
3103 3224 3164 3280 in,
3190 3221 3318 3276 Getlt
3351 3223 3430 3289 ⁶⁶;
3472 3237 3667 3276 secun-

400 3290 574 3355 τέλος
619 3289 699 3356 τῷ
741 3293 942 3358 Δαυῒδ,
989 3297 1201 3361 καὶτὸ,
1239 3298 1326 3368 μὴ
1376 3299 1752 3372 διαφθείρῃς,
1798 3306 1892 3360 καὶ
1937 3307 1978 3375 ἠ

2078 3313 2148 3367 do
2169 3314 2322 3377 item,
2347 3312 2481 3368 Cum
2505 3313 2703 3382 fugeret
2741 3330 2774 3366 a
2799 3289 2935 3382 facie
2956 3289 3136 3366 Saulis
3166 3314 3220 3366 in
3250 3311 3550 3380 speluncam
3580 3309 3661 3374 ‘7;

399 3383 834 3451 στηλογραρία,
883 3386 1064 3456 τρίτον
1090 3388 1188 3459 ἤδη
1223 3391 1434 3460 εἴρηται
1480 3393 1679 3463 ἐφεξῆς
1701 3411 1714 3424 ·
1751 3395 1886 3449 ἀλλὰ
1915 3397 1978 3450 τὸ

2079 3399 2168 3455 hic
2205 3417 2356 3466 vero,
2387 3401 2614 3467 Quando
2643 3401 2791 3454 misit
2844 3400 3007 3464 Saul,
3055 3409 3105 3454 et
3135 3400 3417 3454 custodiuit
3447 3399 3663 3452 domum

402 3467 500 3537 μὲν
533 3471 1008 3562 πρῶτονῗ,ῗὲτερον
1054 3477 1294 3548 ὲσήμανε
1328 3481 1556 3552 καιρὸν,
1601 3482 1660 3536 ὃν
1704 3484 1891 3555 ἐδήλου
1939 3489 1974 3557 ἡ

2078 3491 2190 3560 ejus
2214 3531 2229 3554 ,
2281 3501 2338 3545 ut
2372 3509 2490 3546 eum
2519 3493 2855 3562 interﬁceret.
2911 3493 3088 3546 Causa
3126 3507 3288 3561 porro
3334 3491 3660 3545 insidiarum

400 3559 694 3630 προγραφὴ
745 3561 1010 3630 λέγουσα·
1079 3566 1280 3633 Ὁπότε
1325 3571 1670 3641 ἐκράτησαν
1705 3575 1892 3629 αὐτὸν
1923 3581 1976 3631 οἱ

2080 3559 2262 3636 Saulis
2303 3582 2358 3636 in
2394 3559 2671 3646 Davidem,
2697 3582 2901 3638 invidia
2935 3590 3074 3638 erat.
3106 3559 3242 3636 Cum
3271 3583 3416 3636 enim
3447 3581 3515 3636 de
3545 3580 3655 3634 Go—

397 3646 736 3718 άλλόερυλοι
763 3653 834 3706 ἐν
859 3654 978 3709 Γέθ
997 3672 1012 3686 ο
1046 3657 1106 3710 τὸ
1137 3658 1194 3712 δὲ
1224 3659 1496 3733 δεύτερον,
1535 3665 1630 3717 Ἐν
1659 3664 1740 3731 τῷ
1771 3665 1977 3720 ἀποδι-

395 3737 687 3806 δράσκειν
742 3745 931 3798 αὑτὸν
993 3747 1111 3800 ἀπὸ
1158 3749 1482 3816 προσώπου
1529 3755 1728 3809 Σαοὺλ
1773 3759 1862 3822 είς
1905 3757 1981 3812 τύ-

393 3831 703 3898 σπήλαιον
720 3851 734 3866 ⁸
773 3836 1005 3891 ἐνταῦθα
1031 3839 1111 3904 δὲ,
1157 3841 1370 3896 Ὁπότε
1393 3844 1714 3901 ἀπέστειλε
1750 3848 1972 3913 Σαοὺλ,

396 3922 495 3976 καί
550 3925 819 3994 ἐφύλαξε
863 3928 972 3982 τὸν
1017 3931 1187 3986 οἷκον
1230 3935 1416 3989 αὐτοῦ
1472 3936 1580 3990 τοῦ
1636 3939 1974 3996 θανατῶσαι

392 4015 600 4070 αὐτόν.
629 4018 701 4071 Τὸ
729 4019 786 4072 δὲ
808 4021 981 4075 αἴτιον
1027 4023 1128 4094 τῆς
1160 4024 1254 4079 τοῦ
1289 4027 1462 4081 Σαοὺλ
1505 4029 1647 4083 κατὰ
1689 4031 1783 4086 τοῦ
1811 4031 1974 4087 Δαυῖδ

391 4106 686 4180 ἐπιϐουλῆς
726 4110 919 4180 φθόνος
961 4108 1050 4186 ἦν.
1103 4116 1319 4190 Ἐπειδὴ
1367 4119 1478 4188 γὰρ
1526 4121 1627 4192 τὴν
1687 4123 1830 4177 κατὰ
1873 4124 1970 4179 τοῦ

390 4197 692 4269 ἀλλοφύλου
724 4203 916 4258 Γολιὰο
947 4206 1118 4278 ἤρατο
1145 4209 1322 4280 νίκην,
1359 4211 1580 4283 ὑμνεῖτό
1606 4229 1664 4266 τε
1695 4214 1788 4268 ἐπὶ
1815 4215 1971 4271 τοῦτο

391 4291 545 4364 παρὰ
589 4296 704 4358 τοῖς
756 4297 914 4363 πᾶσι,
949 4299 1140 4354 τούτου
1182 4301 1343 4374 χάριν
1392 4303 1617 4376 ὡρμᾶτο
1663 4305 1968 4363 θανατῶσαι

391 4383 587 4440 αὐτόν·
634 4387 730 4441 καὶ
773 4389 1010 4460 μάλιστα
1043 4393 1133 4446 ὅτε
1179 4389 1338 4457 εἶδεν,
1367 4394 1444 4460 ὡς
1485 4396 1688 4469 Κύριος
1732 4393 1801 4471 ἦν
1832 4399 1970 4471 μετὰ

2077 3672 2210 3726 liath
2247 3673 2537 3745 Allophylo
2568 3673 2852 3740 victoriam
2891 3673 3187 3736 retulisset,
3223 3679 3278 3727 et
3312 3672 3381 3726 ab
3406 3671 3664 3728 omnibus

2074 3778 2138 3818 ea
2166 3763 2232 3818 de
2269 3778 2437 3817 causa
2465 3763 2871 3828 celebraretur,
2909 3763 3032 3816 ideo
3070 3762 3138 3817 ad
3170 3761 3290 3830 ejus
3312 3759 3511 3815 caedem
3541 3761 3662 3815 ani-

2074 3869 2223 3907 mum
2257 3854 2506 3923 appulit:
2545 3854 2783 3908 maxime
2814 3869 2944 3910 vero
2969 3868 3094 3907 cum
3137 3851 3346 3908 videret
3370 3851 3662 3906 Dominum

2071 3961 2194 4001 esse
2232 3962 2357 4000 cum
2389 3944 2594 4000 Davide
2617 3984 2634 4010 ,
2687 3961 2752 3999 ac
2791 3961 2906 4001 rem
2959 3945 3248 4016 perspicue
3300 3945 3671 4015 intelligeret.

2072 4039 2476 4108 universusque
2520 4037 2691 4093 Israel
2743 4045 2798 4093 et
2847 4036 2987 4091 Juda
3040 4035 3298 4093 Davidem
3357 4036 3660 4092 adamaret.

2070 4129 2229 4184 Tunc
2260 4145 2387 4184 vero
2416 4128 2689 4200 praecipue
2717 4127 3055 4183 inﬂammata
3097 4129 3374 4184 aemulatio
3400 4136 3508 4194 est,
3531 4145 3660 4183 cum

2071 4221 2381 4277 adverteret
2407 4235 2532 4275 eum
2555 4235 2660 4291 ope
2677 4228 2734 4277 et
2761 4221 2966 4275 auxilio
2988 4219 3085 4276 Dei
3116 4222 3172 4275 in
3211 4221 3369 4276 bellis
3402 4222 3657 4292 superio-

2071 4327 2188 4366 rem
2225 4325 2368 4368 esse.
2404 4310 2494 4364 Ait
2528 4325 2661 4382 ergo
2694 4309 2982 4380 Scriptura
3005 4328 3024 4365 ι
3064 4309 3134 4366 Ει
3180 4309 3310 4365 vidit
3353 4309 3489 4366 Saul
3519 4311 3658 4382 quod

2071 4401 2329 4456 Dominus
2373 4411 2507 4457 esset
2536 4418 2657 4456 cum
2694 4401 2866 4456 David
2891 4443 2908 4469 ,
2949 4411 3000 4456 et
3045 4403 3218 4456 omnis
3254 4400 3430 4456 Israel
3470 4401 3658 4474 dilige-

387 4473 484 4528 τοῦ
512 4476 694 4542 Δαυτδ,
711 4481 805 4535 καὶ
826 4483 986 4546 αὐτὸς
1014 4485 1214 4557 συνῆκε
1241 4487 1465 4560 σφόδρα,
1494 4489 1588 4543 καὶ
1608 4492 1717 4555 πᾶς
1757 4492 1972 4564 Ἰσραὴλ

2078 4501 2151 4548 ret
2199 4510 2339 4548 eum.
2379 4492 2448 4546 Et
2497 4494 2649 4562 erepit
2697 4493 2868 4565 magis
2904 4494 3085 4548 timere
3129 4492 3301 4548 Dauid
3331 4534 3348 4559 ,
3387 4504 3438 4548 et
3481 4473 3655 4564 factus

389 4569 485 4623 καὶ
527 4570 696 4626 Ἰούδα
725 4576 914 4644 ἠγάπα
947 4577 1039 4630 τὸν
1066 4579 1247 4633 Δαυῖδ.
1277 4581 1399 4634 Ἔτι
1429 4599 1488 4634 τε
1525 4582 1722 4653 μᾶλλον
1754 4585 1962 4658 ἐξήφθη

2078 4595 2138 4639 est
2166 4584 2334 4639 David
2354 4585 2598 4639 inimicus
2613 4584 2747 4640 Saul
2763 4585 3004 4638 omnibus
3020 4584 3202 4639 diebus
3219 4586 3284 4639 ⁸⁸.
3311 4583 3446 4640 Cum
3470 4593 3654 4641 autem

385 4659 457 4713 τὰ
500 4663 598 4734 τῆς
637 4663 964 4737 ζηλοτυπίας
988 4710 1003 4734 ,
1046 4670 1122 4736 ὡς
1168 4671 1315 4744 ἐώρα
1359 4673 1522 4727 αὐτὸν
1568 4676 1872 4747 κρατοῦντα
1904 4680 1962 4731 ὲν

387 4749 646 4823 πολέμοις
679 4756 967 4828 συνεργείᾳ
1010 4761 1104 4813 καὶ
1152 4760 1376 4833 βοηθείᾳ
1411 4761 1568 4817 Θεοῦ.
1596 4765 1759 4834 Λέγει
1793 4765 1838 4818 δ’
1871 4762 1964 4822 οὖν

385 4842 421 4912 ἡ
444 4843 633 4915 Γραφή
652 4861 667 4875 ·
699 4846 809 4900 Kal
833 4844 953 4902 εἶδε
979 4849 1198 4918 Σαοὺλ,
1227 4851 1316 4905 ὅτι
1350 4855 1568 4922 Κύριος
1587 4857 1738 4925 μετὰ
1757 4857 1961 4922 Δαυῒδ,

383 4930 484 4983 καί
523 4933 642 5000 πᾶς
679 4935 919 5005 Ἰσραὴλ
972 4939 1176 5008 ἠγάπα
1225 4945 1432 4998 αὐτόν.
1482 4947 1594 5000 Kal
1633 4948 1964 5014 προσέθετο

381 5026 768 5083 εὐλαϐεῖσθαι
812 5031 930 5084 ἀπὸ
976 5034 1157 5088 Δαυτδ
1192 5036 1301 5091 ἐτι.
1346 5038 1455 5094 Kal
1495 5037 1731 5108 ἐγένετο
1781 5041 1964 5095 Δαυῒδ

379 5115 596 5198 ἐχθρὸς
634 5117 740 5172 τοῦ
793 5121 992 5177 Σαοὺλ
1037 5123 1240 5192 πάσας
1279 5126 1387 5194 τὰς
1435 5129 1676 5198 ἡμέρας.
1717 5131 1872 5185 Ἐπεὶ
1902 5132 1960 5186 δὲ

379 5207 476 5260 καὶ
501 5197 676 5276 αὖθις
699 5213 1025 5279 προσέθετο
1050 5219 1316 5288 πόλεμος
1342 5197 1639 5290 γενέσθαι,
1681 5224 1780 5277 καὶ
1819 5242 1961 5278 κατ-

379 5296 605 5364 ίσχυσε
631 5301 832 5366 Δαυῒδ,
858 5305 956 5358 καὶ
997 5306 1341 5377 ἐπολέμησε
1375 5311 1517 5378 τοὺς
1543 5313 1956 5382 ἀλλοφύλους,

378 5386 478 5438 καὶ
517 5386 819 5455 ἐπάταξεν
862 5393 932 5446 ἐν
969 5397 1174 5464 αὐτοῖς
1211 5400 1457 5468 πληγὴν
1493 5401 1767 5471 μεγάλην
1788 5444 1804 5469 ,
1852 5403 1953 5457 καὶ

375 5474 606 5565 ἔφυγον
629 5481 698 5535 ἐκ
740 5485 1063 5552 προσώπου
1092 5491 1306 5545 αὑτοῦ·
1335 5491 1496 5546 πάλιν
1527 5495 1588 5546 τὸ
1612 5492 1828 5565 πνεῦμα
1857 5495 1952 5548 τοῦ

377 5564 576 5634 φθόνου
618 5571 711 5626 τὸν
744 5575 914 5631 Σαοὺλ
962 5578 1220 5650 ἔπνιγεν,
1269 5583 1346 5648 ὡς
1387 5584 1488 5656 ἢδη
1522 5585 1615 5639 καὶ
1659 5564 1954 5658 αὐτόχειρα

450 5678 496 5768 ξ’
593 5680 724 5760 Reg.
756 5705 879 5762 xix,
935 5692 1094 5751 8-12.
1205 5698 1253 5731 °‘
1289 5695 1432 5755 Psal.
1475 5715 1561 5768 ιν,
1597 5699 1647 5756 1.

376 5762 505 5817 ιιι,
536 5751 590 5808 8.
673 5751 701 5760 ⁷
863 5751 876 5762 ⁷
1233 5775 1239 5780 ·

2061 4673 2254 4727 iterum
2305 4681 2503 4726 motum
2557 4682 2636 4726 est
2685 4671 2912 4736 bellum,
2957 4681 3007 4726 et
3037 4674 3304 4742 superauit
3332 4672 3528 4740 David,
3559 4672 3657 4730 den

2065 4764 2378 4833 bellavitque
2420 4764 2743 4834 allopltylos,
2784 4772 2834 4817 et
2874 4765 3135 4832 percussit
3191 4780 3280 4818 eos
3329 4762 3494 4837 plaga
3538 4780 3665 4819 nta~.

2064 4871 2190 4925 gna,
2225 4865 2274 4909 et
2310 4854 2557 4925 fugerunt
2603 4872 2636 4909 a
2691 4855 2830 4924 facie
2881 4855 2996 4924 ejus
3028 4858 3116 4922 °’;
3157 4855 3384 4929 spiritus
3433 4855 3662 4913 invidia:

2065 4962 2258 5001 rursus
2290 4945 2509 5002 Saulem
2538 4945 2862 5012 suﬂocabat,
2899 4957 2959 5002 ut
2981 4948 3096 5016 jam
3127 4963 3291 5004 manu
3321 4948 3538 5022 propria
3568 4947 3649 5001 vi-

2061 5052 2180 5090 rum
2211 5036 2504 5092 confodere
2543 5038 2722 5092 vellet.
2769 5037 3024 5098 Tentavit
3065 5039 3424 5110 ergolancea
3454 5054 3651 5112 percu.

2061 5136 2194 5192 tere,
2231 5136 2286 5183 et
2321 5145 2445 5183 cum
2471 5129 2786 5185 aberrasset
2819 5131 2888 5186 ab
2917 5131 3050 5194 ictu,
3083 5148 3191 5185 non
3220 5132 3360 5187 clam
3395 5131 3648 5194 ulterius,

2059 5218 2155 5273 sed
2185 5219 2384 5288 palam,
2417 5216 2599 5274 missis
2633 5219 2687 5272 in
2723 5219 2945 5274 domum
2972 5220 3138 5276 David
3161 5221 3517 5282 satellitibus,
3546 5236 3646 5277 ne-

2059 5325 2176 5364 cem
2206 5309 2408 5365 iuferre
2441 5311 2668 5380 cupivit.
2704 5308 2798 5368 Ille
2827 5327 2957 5367 vero
2991 5311 3045 5364 iu
3075 5311 3394 5382 huiusmodi
3421 5310 3647 5365 calami-

2059 5409 2169 5457 tate
2201 5408 2522 5471 praaset'em
2565 5402 2709 5457 tituli
2741 5402 3646 5479 inscriptionem.edidit,iemisso-

2057 5509 2165 5565 que
2193 5493 2437 5548 clamore
2455 5492 2646 5552 Deum\
2672 5501 2927 5569 precatus
2952 5494 3050 5550 .his
3092 5494 3276 5550 verbis
3306 5500 3392 5549 est
3413 5512 3433 5549 ι
3484 5491 3661 5566 Eripe.

2058 5599 2141 5637 me
2164 5581 2228 5638 de
2267 5582 2499 5639 inimicis
2549 5583 2700 5648 meis,
2736 5581 2878 5639 Deus
2904 5623 2920 5648 ,
2954 5594 3003 5638 et
3058 5583 3125 5637 ab
3156 5582 3550 5658 insurgentibus.
3587 5585 3658 5643 in.

1762 5701 1806 5734 ⁸⁷
1847 5699 1985 5758 Psal.
2051 5715 2174 5766 Lvt,
2209 5697 2259 5753 l.
2340 5693 2606 5770 “‘lReg.
2674 5698 2978 5766 itu-1,14,
3041 5698 3139 5768 16,
3205 5698 3291 5756 28.
3371 5699 3417 5732 δ’
3453 5696 3472 5753 l
3503 5696 3638 5774 R'g.
