4142 6388
447 378 552 439 535

1186 378 1457 435 EUSEBII
1499 376 1983 435 CESARIENSIS
2021 379 2175 435 OPP.
2218 378 2401 433 PARS
2430 376 2522 433 lll.
2562 407 2624 418 —
2660 372 3072 432 EXEGETICA.

3615 371 3727 428 536

448 515 527 553 me
555 498 722 552 libera
745 513 825 552 me
848 512 867 552 :
896 499 1037 567 eripe
1065 513 1147 552 me
1186 498 1252 552 de
1288 498 1627 568 operantibus
1655 500 1990 569 iniquitatem
2016 540 2027 566 ,

2139 498 2342 552 ἐθέλειν
2388 495 2642 566 γενέσθαι
2688 493 2782 548 τοῦ
2830 495 3045 565 ἀνδρός.
3110 490 3397 562 Ἐπειρᾶτο
3460 490 3592 560 γοῦν
3642 490 3725 562 τῷ

445 602 492 645 ct
520 592 584 645 de
617 592 743 646 viris
779 590 1095 660 sanguinum
1140 592 1290 646 salva
1336 608 1435 646 me.
1479 592 1645 657 Queis
1677 599 1832 664 rogat
1861 592 2031 649 Deum

445 684 544 737 sibi
571 682 877 747 custodem,
920 681 1225 753 adjutorem
1256 692 1310 739 et
1341 692 1677 741 servatorem
1705 700 1847 752 esse,
1873 694 1933 741 ut
1964 702 2034 744 ne

445 777 513 831 ab
543 776 781 831 inimicis
817 775 1088 845 capiatur,
1117 793 1253 833 neve
1280 777 1335 832 in
1370 794 1566 834 manus
1593 793 1783 833 eorum
1814 780 2028 847 veniat;

446 868 559 923 sive
579 870 766 933 etiam,
801 886 870 925 ne
899 870 967 927 iis
997 870 1196 926 similis
1228 886 1351 927 esse
1389 873 1800 943 pronuntietur,
1833 889 1939 928 neu
1974 875 2030 928 in

447 977 675 1016 numero
719 965 1067 1033 operantium
1124 962 1493 1034 iniquitatem,
1525 973 1618 1019 aut
1656 981 1719 1021 ex
1755 973 1910 1037 parte
1944 966 2029 1020 vi-

446 1067 632 1107 rerum
673 1057 1002 1127 sanguinum
1033 1068 1355 1121 censeatur,
1406 1058 1475 1113 de
1527 1058 1729 1128 quibus
1775 1061 2029 1131 superius

445 1144 766 1201 dicebatur:
812 1146 926 1202 Viri
969 1148 1291 1219 sanguinum
1326 1156 1376 1202 et
1407 1146 1581 1202 dolosi
1626 1166 1730 1204 non
1778 1150 2031 1205 dimidia-

445 1236 571 1292 bunt
616 1237 728 1293 dies
761 1256 884 1294 suos
915 1256 934 1294 :
981 1257 1071 1310 ego
1118 1249 1289 1294 autem
1341 1240 1563 1309 sperabo
1601 1243 1656 1297 in
1688 1253 1736 1297 te
1764 1244 1829 1299 ⁷ο.
1873 1243 2027 1311 Quod

444 1336 628 1383 autem
672 1344 781 1385 non
810 1330 1052 1386 visibiles
1091 1332 1266 1386 solum
1303 1332 1576 1399 inimicos,
1615 1334 1708 1390 sed
1738 1336 1901 1391 etiam
1935 1352 2027 1392 ocs

444 1420 623 1476 cultos
656 1430 710 1476 et
757 1423 1059 1479 invisibiles
1117 1435 1509 1495 cognosceret,
1560 1427 1653 1496 qui
1706 1436 1759 1481 et
1807 1428 2025 1484 Saulem

444 1513 794 1583 exagitabant
816 1553 831 1575 ,
881 1529 1007 1568 nam
1041 1514 1267 1585 spiritus
1296 1517 1472 1571 malus
1505 1518 1559 1572 in
1594 1518 1758 1573 Saule
1788 1527 1941 1585 erat,
1997 1537 2027 1575 a

445 1617 555 1672 quo
582 1611 862 1672 permotus
908 1603 1113 1659 invidia
1165 1604 1604 1662 inﬁammabatur
1638 1608 1692 1662 in
1734 1607 2025 1678 Davidem;

441 1692 554 1763 jam
594 1693 795 1763 saepius
824 1709 853 1746 a
879 1694 1039 1749 nobis
1068 1702 1557 1750 commonstratum
1584 1704 1686 1752 est.
1715 1696 1813 1753 Hic
1846 1700 2029 1769 itaque

445 1784 700 1841 inimicos
756 1801 1045 1855 superasse
1078 1787 1359 1852 scribitur,
1391 1804 1455 1843 ac
1487 1789 1805 1860 plerumque
1850 1790 2026 1845 victo-

443 1877 581 1931 riam
613 1877 680 1932 de
719 1878 1008 1949 all0phylis
1052 1881 1327 1937 retulisse.
1383 1880 1589 1938 Truces
1618 1898 1783 1953 porro
1818 1900 1882 1939 ac
1914 1900 2035 1955 gra-

440 1984 538 2023 ves
569 1976 726 2024 erant
756 1971 956 2025 occulti
980 1971 1101 2040 ejus
1134 1972 1342 2028 inimici
1389 1982 1443 2028 et
1478 1975 1684 2042 hostes,
1710 1993 1850 2047 quos
1876 1977 2030 2034 hisce

441 2061 605 2118 dictis
639 2061 881 2118 declarat
910 2083 923 2118 :
969 2064 1237 2131 Quoniam
1270 2083 1384 2121 ecce
1415 2069 1589 2122 venali
1634 2080 1757 2123 sunt
1793 2071 2029 2125 animam

444 2167 634 2218 meam,
668 2154 936 2209 irruerunt
960 2157 1014 2209 in
1046 2174 1126 2211 me
1177 2157 1363 2225 fortes.
1398 2158 1711 2216 Secundum
1744 2162 2027 2217 historiam

442 2258 576 2301 sane
626 2262 735 2302 non
786 2248 923 2304 alios
978 2248 1196 2303 videtur
1245 2250 1501 2314 inimicos
1554 2251 1817 2309 habuisse
1863 2269 2027 2324 quam

444 2336 685 2394 Saulem.
730 2337 785 2393 ld
812 2340 957 2394 enim
997 2338 1284 2411 Scriptura
1310 2341 1583 2412 signiﬁcat
1610 2342 1738 2398 dum
1766 2345 2027 2402 testiﬁca-

440 2439 551 2493 tur,
590 2432 769 2501 ipsum
814 2431 883 2486 ab
925 2433 1075 2487 omni
1123 2434 1323 2503 populo
1364 2434 1660 2502 dilectum;
1708 2453 1937 2509 eamque
1974 2440 2027 2494 in

442 2522 633 2593 primis
660 2538 884 2580 causam
917 2525 1135 2581 invidia:
1168 2526 1219 2580 in
1246 2528 1423 2597 ipsum
1453 2529 1641 2587 fuisse.
1669 2531 1725 2585 Si
1752 2547 1883 2602 ergo
1912 2547 2029 2586 om-

440 2631 540 2671 nes
564 2615 822 2673 Davidem
852 2618 1170 2689 diligebant,
1202 2622 1463 2692 solusque
1491 2621 1621 2678 Saul
1655 2640 1715 2678 ea
1747 2626 1814 2680 de
1864 2640 1923 2679 re
1964 2625 2029 2678 liv

440 2723 572 2762 vore
600 2708 860 2765 incensus
888 2710 1116 2765 insidias
1168 2712 1270 2781 ipsi
1312 2714 1553 2782 parabat,
1584 2731 1684 2769 cur
1714 2716 1804 2769 hic
1844 2716 2026 2785 plura-

442 2801 567 2854 liter
592 2800 706 2855 ait:
743 2799 901 2872 Eripe
930 2819 1008 2857 me
1046 2802 1109 2857 de
1140 2804 1366 2859 inimicis
1396 2807 1544 2868 meis,
1578 2817 1629 2860 et
1663 2807 1727 2859 ab
1754 2808 2027 2878 insurgen-

443 2891 580 2946 tibus
607 2892 661 2945 in
692 2909 807 2956 me;
858 2908 922 2947 ac
957 2909 1200 2959 rursum,
1229 2895 1367 2961 Quia
1401 2914 1515 2951 ecce
1539 2899 1711 2951 venali
1743 2907 1867 2952 sunt
1912 2899 2030 2951 mi-

440 2999 585 3037 mam
611 3000 803 3048 meam,
828 2986 1095 3041 irruerunt
1147 2988 1200 3040 in
1236 3004 1316 3041 me
1356 2987 1518 3058 fortes
1541 2992 1567 3045 .9
1601 2987 1708 3044 Sed
1758 2987 1849 3043 hic
1879 2990 2027 3042 clare

442 3076 759 3133 indicantur
785 3079 985 3133 occulti
1015 3088 1069 3134 et
1102 3079 1405 3135 invisibiles
1437 3080 1642 3135 inimici
1669 3120 1685 3143 ,
1728 3078 1796 3134 de
1826 3080 2026 3149 quibus

441 3167 737 3237 Apostolus
767 3170 844 3223 ait
876 3189 888 3224 :
928 3168 1053 3225 Non
1107 3182 1185 3225 est
1222 3172 1371 3227 nobis
1420 3172 1727 3226 colluctatio
1775 3172 2024 3235 adversus

2140 592 2325 663 δόρατι
2376 589 2496 643 κατ’
2548 584 2743 641 αὐτοῦ’
2796 587 2873 651 ὡς
2924 586 2969 639 δ’
3007 584 3280 655 ἠστόχησε
3325 583 3425 654 τῆς
3476 582 3689 655 πληγῆς
3703 624 3720 650 ,

2140 683 2317 737 οὐκέτ’
2370 680 2902 753 ὲπικεκρυμμὲνως,
2945 680 3010 734 ὲκ
3041 678 3100 731 δὲ
3152 677 3249 730 τοῦ
3302 676 3539 749 φανεροῦ
3584 678 3723 731 ἀπο-

2142 777 2359 841 στείλας
2386 777 2465 840 εἱς
2510 775 2599 827 τὸν
2629 770 2777 828 οἷκον
2824 772 2918 826 τοῦ
2965 771 3161 837 Δαυῒδ,
3195 771 3508 826 θανατῶσαι
3562 770 3724 824 αὑτὸν

2137 869 2388 941 ὡρμήθη.
2434 868 2492 921 Ὀ
2521 867 2660 920 δ”ὲν
2697 865 2921 938 τοιαύτῃ
2952 863 3287 936 ἀποληφθεὶς
3320 864 3593 934 συμφορᾷ,
3625 862 3721 931 τὴν

2140 962 2507 1033 προκειμένην
2534 959 2937 1031 στηλογραφίαν
2970 958 3272 1021 συντάττει,
3303 955 3550 1012 ἀναϐοῶν
3586 955 3721 1025 πρὶς

2137 1053 2227 1106 τὸν
2252 1053 2386 1106 Θεὸν
2432 1052 2527 1104 καὶ
2560 1050 2767 1119 λέγων·
2824 1048 3065 1112 Ἑξελού
3102 1065 3180 1117 με
3224 1047 3294 1101 ἐκ
3340 1044 3459 1101 τῶν
3494 1043 3723 1115 ἐχθρῶν

2131 1161 2273 1213 μου,
2298 1146 2331 1197 ό
2372 1143 2538 1208 Θεὸς,
2574 1141 2673 1195 καὶ
2708 1141 2777 1193 ἐκ
2818 1137 2935 1193 τῶν
2965 1139 3458 1208 ἐπανισταμένων
3500 1136 3592 1189 ἐπ’
3617 1135 3722 1205 ἐμὲ

2136 1234 2444 1303 λύτρωσαί
2496 1250 2593 1303 με.
2656 1233 2871 1286 Ῥὗσαί
2916 1218 2993 1301 με
3051 1232 3121 1285 ἐκ
3162 1229 3280 1283 τῶν
3322 1225 3722 1299 ἐργαζομένων

2136 1326 2251 1395 τὴν
2276 1327 2551 1396 ἀνομίαν,
2580 1326 2679 1379 καὶ
2718 1324 2787 1389 ἐξ
2826 1322 3063 1391 ἀνδρῶν
3086 1320 3348 1392 αἱμάτων
3380 1319 3589 1374 σῶσόν
3621 1335 3717 1388 με.

2135 1418 2369 1490 Εὔχεται
2417 1418 2475 1472 δὲ
2523 1418 2612 1472 διά
2654 1416 2861 1471 τούτων
2901 1414 3144 1484 φύλακος
3188 1414 3373 1485 τυχεῖν
3422 1412 3518 1467 τοῦ
3561 1411 3719 1472 Θεοῦ,

2138 1509 2336 1582 βοηοοῦ
2378 1527 2440 1563 τε
2473 1509 2569 1563 καὶ
2596 1508 2859 1580 σωτῆρος,
2890 1509 2971 1571 εἱς
3003 1506 3065 1559 τὸ
3106 1504 3180 1577 μὴ
3228 1504 3432 1559 ἁλῶναι
3480 1503 3585 1557 ὑπὸ
3612 1501 3720 1556 τῶν

2136 1602 2382 1674 ἐχθρῶν,
2432 1603 2555 1674 μηδ’
2613 1600 2927 1673 ὑποχείριον
2974 1599 3157 1663 αὐτοῖς
3209 1596 3494 1666 γενέσθαι·
3540 1595 3573 1665 ἢ
3628 1595 3721 1649 καὶ

2137 1693 2279 1765 ὑπὲρ
2302 1692 2396 1746 τοῦ
2432 1694 2505 1764 μὴ
2536 1693 2631 1747 καὶ
2677 1691 2841 1746 αὑτὸν
2873 1693 3058 1763 ὅμοιον
3104 1691 3286 1753 αὐτοῖς
3318 1687 3721 1758 ἀποφανθῆναι,

2139 1784 2273 1857 μηδὲ
2313 1784 2567 1853 γενέσθαι
2608 1784 2703 1837 ἕνα
2735 1784 2844 1837 τῶν
2892 1782 3276 1857 ἐργαζομένων
3323 1781 3422 1853 τὴν
3462 1780 3712 1851 ἀνομίαν,

2071 1876 2110 1930 Β
2140 1877 2277 1948 μηδὲ
2308 1876 2409 1947 τῆς
2438 1876 2655 1947 μερίδος
2685 1875 2795 1929 τῶν
2818 1876 3030 1947 ἀνδρῶν
3060 1874 3167 1928 τῶν
3198 1873 3464 1944 αἱμάτων,
3490 1872 3619 1943 περὶ¹
3644 1865 3722 1925 ὧν

2133 1968 2224 2021 καὶ
2260 1968 2320 2021 ὲν
2348 1968 2462 2029 τοῖς
2494 1966 2756 2038 ἀνωτέρω
2793 1965 3010 2033 ἐλέγετο
3029 1981 3041 1995 ·
3071 1964 3312 2033 Ἄνδρες
3338 1962 3598 2034 αἱμάτων
3620 1964 3719 2019 καὶ

2132 2059 2500 2127 δολιότητος,
2526 2062 2598 2112 οὐ
2617 2058 2704 2129 μὴ
2733 2058 3110 2127 ἠμισεύσωσι
3130 2059 3238 2123 τὰς
3261 2057 3478 2127 ἡμέρας
3499 2056 3717 2112 αὐτῶν·

2130 2152 2247 2223 ἐγὼ
2289 2152 2359 2205 δὲ
2405 2151 2594 2206 eam
2634 2152 2736 2205 ἐπὶ
2783 2150 2878 2206 σέ.
2928 2150 3187 2223 Ἐχθροὺς
3228 2151 3288 2204 δὲ
3336 2152 3419 2204 ὅτι
3472 2152 3547 2223 μὴ
3593 2152 3721 2214 τοὺς

2131 2249 2360 2318 ὁρατούς
2396 2248 2593 2318 μόνους
2626 2247 2925 2315 ἐγίνωσκεν
2949 2287 2964 2312 ,
2999 2245 3137 2301 ἀλλά
3176 2248 3305 2311 τοὺς
3351 2247 3579 2316 ἀφανεῖς
3625 2248 3722 2301 καὶ

2132 2339 2416 2411 ἅοράτους,
2451 2340 2501 2393 οἳ
2535 2340 2628 2393 καὶ
2660 2340 2815 2393 αὐτοὶ
2844 2341 3109 2411 ἐνήργουν
3138 2339 3231 2392 τὸν
3260 2338 3465 2393 Σαούλ·
3498 2337 3719 2409 πνεῦμα

2130 2429 2239 2502 γάρ
2285 2430 2519 2502 πονηρὸν
2548 2427 2617 2502 ἧν
2664 2432 2757 2485 ἐπὶ
2788 2431 2990 2497 Σαοὺλ,
3035 2431 3125 2499 ὑφ’
3157 2424 3217 2484 οὗ
3263 2431 3582 2503 κινούμενος
3630 2430 3718 2497 ἑξ-

2130 2521 2346 2574 εκαίετο
2380 2523 2487 2575 πὲπὶ
2515 2522 2609 2575 τὸν
2642 2522 2781 2577 κατά
2832 2522 2928 2576 τοῦ
2974 2521 3138 2576 Δαυῖδ
3182 2522 3404 2591 φθόνον·
3460 2522 3720 2586 πολλάκις

2132 2615 2262 2685 ἡμῖν
2294 2613 2693 2669 ἀποδέδεικται.
2720 2613 3015 2669 Κάνταῦθα
3048 2614 3229 2668 τοίνυν
3264 2613 3374 2667 τῶν
3417 2613 3515 2685 μὲν
3557 2613 3720 2667 πολε-

2134 2706 2272 2777 μίων
2295 2708 2719 2779 περιγενόμενος
2735 2708 3175 2779 ἀναγέγραπται,
3196 2708 3353 2779 νίκην
3376 2725 3435 2761 τε
3461 2706 3721 2772 πολλάκις

2131 2798 2406 2869 ἀράμενος
2439 2797 2585 2852 κατά
2629 2798 2738 2852 τῶν
2772 2799 3113 2868 ἀλλοφύλων.
3147 2802 3322 2853 Δεινοὶ
3348 2799 3405 2853 δὲ
3437 2795 3578 2871 ἦσαν
3610 2799 3722 2871 ἀρα

2130 2888 2318 2962 ἐχθροὶ
2358 2889 2453 2944 καὶ
2504 2890 2754 2961 πολέμιοι
2785 2892 2835 2944 οἱ
2888 2892 3116 2962 ἀφανεῖς
3145 2891 3309 2945 αὐτοῦ
3367 2890 3586 2963 ἐχθροὶ,
3625 2890 3720 2955 οὓς

2130 2979 2404 3050 παριστὰς
2442 2981 2546 3034 καὶ
2584 2981 2672 3035 διά
2722 2982 2831 3036 τῶν
2883 2982 3263 3054 προκειμένων
3320 2982 3535 3051 ἔλεγεν·
3592 2983 3719 3036 Ὅτι

2133 3070 2260 3124 ἱδοὺ
2289 3070 2631 3141 ἐθήρευσαν
2650 3071 2765 3140 τὴν
2786 3073 2998 3143 ψυχήν
3019 3091 3160 3143 μου,
3191 3071 3474 3127 ἐπέθεντο
3496 3072 3590 3127 ἐπ’
3613 3074 3720 3145 ἐμὲ

2131 3164 2417 3230 κραταιοί.
2457 3165 2554 3219 Ἐκ
2587 3164 2685 3236 μὲν
2720 3160 2813 3218 οὖν
2835 3166 2938 3236 τῆς
2971 3166 3213 3238 ἱστορίας
3242 3165 3558 3239 οὐδετέρους
3595 3166 3720 3235 φαί-

441 3275 653 3314 carnem
699 3268 749 3315 et
779 3263 1126 3332 sanguinem,
1168 3263 1259 3318 sed
1321 3265 1571 3318 adversus
1618 3264 1948 3333 principatus
1977 3272 2024 3317 et

2132 3274 2281 3310 νεται
2332 3256 2585 3328 ἐσχηκὼς
2628 3257 2859 3331 ἐχθροὺς
2894 3258 2926 3330 ἢ
2978 3258 3135 3330 μόνον
3180 3258 3272 3312 τὸν
3319 3258 3512 3312 Σαούλ.
3550 3257 3720 3312 Τοῦτο

440 3360 744 3418 potestates,
769 3362 819 3407 et
844 3354 1027 3408 mundi
1057 3365 1280 3409 rectores
1312 3355 1647 3409 tenebrarum
1695 3355 1885 3409 harant
1906 3396 1921 3419 ,
1978 3366 2028 3412 et

442 3449 630 3493 contra
672 3440 888 3508 spiritus
919 3444 1166 3512 nequitia:
1196 3446 1260 3497 τι.
1290 3442 1354 3498 lli
1388 3445 1554 3515 igitur
1584 3444 2029 3517 Saulemincen-

440 3530 642 3588 debant
675 3544 869 3589 contra
902 3534 1159 3592 Davidem
1188 3557 1201 3593 :
1233 3538 1465 3609 ideoque
1499 3540 1725 3610 rogabat
1756 3539 1946 3605 Deum,
1967 3549 2029 3595 ut

441 3625 510 3677 ab
539 3625 607 3681 lis
648 3626 973 3696 eriperetur.
1028 3628 1233 3684 Contra
1265 3630 1482 3685 Goliath
1530 3632 1677 3686 enim
1729 3640 1784 3687 et
1836 3640 2028 3687 contra

442 3717 683 3787 reliquos
720 3718 1025 3789 all0phylos
1058 3719 1173 3790 ipse
1212 3720 1363 3775 solus
1406 3719 1727 3784 sullieiebat,
1756 3721 1871 3791 lege
1904 3719 2029 3775 belli

440 3820 672 3863 cunctos
711 3808 971 3875 adortus;
1005 3819 1061 3864 at
1110 3818 1303 3865 contra
1349 3812 1595 3867 occultas
1628 3819 1929 3881 potestates
1976 3818 2031 3865 et

444 3901 749 3959 invisibiles
793 3904 1050 3960 inimicos
1100 3912 1557 3977 propugnatorem
1592 3902 1697 3958 sibi
1730 3903 1897 3958 Deum
1928 3918 2027 3973 po-

441 3994 702 4051 stulabat.
738 3994 894 4062 Quod
915 4006 1095 4053 autem
1129 4013 1157 4051 a
1183 3998 1510 4060 Saule,cum
1542 3997 1676 4051 nihil
1708 3997 1809 4067 ipsi
1842 3996 2025 4051 damni

442 4086 739 4153 intulisset,
769 4089 973 4145 frustra
1007 4091 1315 4160 pelleretur.
1350 4106 1474 4143 cum
1502 4090 1730 4145 historia
1765 4096 1982 4144 enarrat
2011 4129 2025 4151 ,

442 4188 558 4231 tum
591 4180 646 4233 in
679 4182 1037 4250 sequentibus
1074 4182 1147 4235 ita
1204 4194 1453 4237 recenset
1491 4182 1646 4252 ipse:
1688 4181 1871 4252 Neque
1925 4183 2032 4236 ini—

438 4270 615 4340 quitas
660 4287 797 4336 mea,
836 4288 997 4341 neque
1038 4281 1307 4339 peccatum
1348 4289 1518 4326 meum
1549 4288 1567 4325 :
1602 4272 1714 4326 sine
1753 4272 2030 4341 iniquitate

439 4362 655 4416 cucurri
706 4370 755 4416 et
798 4362 990 4418 direxi.
1032 4363 1139 4418 Pro
1185 4364 1277 4417 illo
1310 4373 1524 4428 autem,
1585 4367 1697 4419 sine
1752 4364 2030 4432 iniquitate

437 4453 653 4506 cucurri
683 4463 733 4507 et
762 4453 956 4517 direxi,
993 4454 1355 4519 Symmachus
1397 4459 1495 4521 ait,
1519 4474 1638 4511 cum
1670 4474 1773 4511 non
1804 4459 1869 4511 sit
1905 4473 2025 4527 pec-

438 4552 616 4597 catum
644 4544 886 4612 irruunt,
924 4554 980 4597 ut
1005 4545 1315 4614 pertrahunt
1348 4564 1445 4601 me.
1490 4546 1622 4600 Nam
1658 4564 1782 4601 cum
1830 4564 1896 4602 ne
1926 4548 2027 4603 mi-

438 4636 586 4690 nima
629 4637 883 4692 subesset
936 4653 1131 4701 causa,
1181 4646 1333 4695 tanta
1388 4640 1652 4694 adversus
1682 4656 1807 4694 eum
1862 4656 2025 4709 supra

440 4730 721 4785 memorati
763 4731 839 4785 illi
872 4732 1112 4803 aggressi
1163 4740 1313 4787 sunt.
1366 4731 1451 4794 Et,
1485 4749 1694 4803 quaeso,
1735 4735 2026 4795 advertas,

439 4820 698 4878 Davidem
735 4824 788 4877 in
824 4825 1078 4893 praesenti
1123 4824 1350 4880 ﬁdenter
1381 4842 1542 4895 agere
1568 4866 1581 4881 .
1614 4827 1709 4895 qui
1748 4826 1801 4879 in
1853 4826 2027 4895 prima

434 4911 780 4969 Psaltnorum
806 4923 959 4985 parte
988 4915 1205 4971 dicebat
1232 4936 1243 4970 :
1279 4916 1542 4984 Quoniam
1571 4918 1870 4987 iniquitates
1903 4935 2029 4971 mea:

433 5022 784 5078 supergressa?
813 5018 935 5062 sunt
973 5018 1131 5078 caput
1176 5026 1368 5073 meum,
1401 5008 1538 5063 sicut
1559 5027 1690 5063 onus
1714 5027 1870 5080 grave
1902 5027 2028 5081 gra-

434 5104 569 5149 vatae
603 5105 727 5150 sunt
778 5113 933 5166 super
988 5115 1089 5153 me.
1144 5098 1472 5153 Putruerunt
1510 5112 1559 5155 et
1608 5110 1872 5169 corrupta:
1905 5110 2028 5156 sunt

434 5186 709 5243 cicatrices
742 5206 868 5244 mea:
915 5207 950 5244 a
990 5189 1127 5259 facie
1169 5192 1489 5261 insipientia:
1524 5210 1651 5247 mea:
1686 5196 1753 5247 ⁷².
1802 5192 1925 5247 ΙΙωο
1974 5202 2029 5248 ct

439 5275 524 5331 his
563 5280 763 5333 similia
795 5282 847 5335 in
880 5284 1319 5352 praecedentibus
1350 5284 1753 5350 confitebatur;
1801 5286 1855 5339 in
1891 5301 2027 5355 prte-

436 5365 578 5418 seuti
634 5383 761 5422 vero
813 5371 930 5426 ait:
968 5370 1149 5443 Neque
1182 5375 1437 5445 iniquitas
1473 5393 1610 5440 mea,
1642 5393 1804 5445 neque
1845 5392 2027 5444 pecca-

434 5464 549 5509 tum
580 5475 772 5525 meum,
804 5461 1048 5528 Domine,
1076 5467 1188 5521 sine
1210 5468 1489 5539 iniquitate
1512 5471 1725 5522 cucurri
1746 5481 1796 5522 et
1826 5470 2020 5524 direxi.

432 5544 672 5603 Cursum
707 5567 905 5623 porro,
940 5573 1103 5626 quem
1140 5559 1308 5614 David
1361 5563 1589 5631 agebat,
1632 5561 1939 5634 intelliges,
1978 5562 2027 5616 si

435 5642 793 5709 apostolicam
849 5646 997 5701 illam
1055 5666 1241 5706 vocem
1286 5666 1570 5722 apponas:
1609 5652 1815 5707 Bonum
1856 5664 2028 5708 certa-

2131 3349 2240 3420 γάρ
2270 3348 2618 3419 παρέστησεν
2641 3352 2674 3420 ἡ
2702 3350 2893 3422 Γραφὴ
2922 3349 3339 3421 μαρτυραμένη,
3361 3350 3443 3402 ὅτι
3465 3351 3719 3419 ἠγαπᾶτο

2129 3442 2233 3495 ὑπὸ
2260 3441 2463 3508 παντὸς
2488 3442 2583 3496 τοῦ
2617 3441 2748 3496 λαοῦ
2770 3460 2783 3473 ·
2814 3443 2908 3497 καὶ
2931 3438 3166 3513 τοῦτ’,ἦν
3195 3441 3429 3512 μάλιστα
3457 3444 3517 3496 τὸ
3545 3443 3717 3496 αῐτιον

2128 3533 2230 3603 τῆς
2256 3535 2378 3589 κατ’
2413 3534 2578 3590 αὑτοῦ
2612 3534 2930 3605 βασκανίας.
2960 3536 3021 3587 Εἰ
3056 3534 3233 3588 τοίνυν
3260 3536 3460 3599 πάντες
3490 3534 3717 3604 ἠγάπων

2128 3625 2218 3679 τὸν
2267 3624 2462 3689 Δαυῖδ,
2506 3627 2667 3698 μόνος
2705 3626 2764 3680 δὲ
2800 3626 2971 3680 Σαοὺλ
3009 3626 3103 3680 καὶ
3162 3626 3255 3682 ἐπὶ
3313 3625 3489 3697 τούτῳ
3538 3625 3718 3697 φθόνῳ

2132 3720 2524 3791 πιμπράμενος
2550 3718 2941 3774 ἐπεϐούλευσεν
2972 3719 3142 3791 αὐτῷ,
3167 3721 3284 3783 πῶς
3313 3718 3547 3774 ἐνταῦθα
3576 3719 3718 3790 πλη-

2130 3810 2400 3877 θυντικῶς
2440 3830 2637 3884 φησιν,
2680 3812 2929 3877 Ἐξελού
2959 3829 3035 3882 με
3074 3812 3142 3866 ἐκ
3197 3812 3316 3867 τῶν
3348 3811 3578 3882 ἐχθρῶν
3595 3828 3717 3882 μου

2131 3903 2229 3957 καὶ
2252 3904 2321 3958 ἐκ
2340 3903 2461 3959 τῶν
2497 3904 2987 3975 ἐπανισταμένων
3000 3904 3094 3959 ἐπ’
3119 3904 3242 3975 ἐμέ·
3272 3906 3365 3959 καὶ
3394 3905 3576 3967 πάλιν.
3596 3906 3719 3959 ’Ὁτι

2131 3995 2261 4050 ἰδοὺ
2287 3995 2626 4065 ἐθήρευσαν
2647 3996 2763 4065 τὴν
2786 3996 2998 4067 ψυχήν
3019 4015 3160 4066 μου,
3186 3998 3466 4051 ἐπέθεντο
3498 3998 3590 4051 ἐπ’
3614 3998 3721 4068 ἐμὲ

2132 4089 2401 4157 κραταιοί
2416 4105 2435 4153 ;
2475 4088 2636 4143 Ἀλλά
2655 4089 2764 4161 γὰρ
2804 4088 2991 4158 σαφῶς
3017 4088 3104 4143 διὰ
3129 4088 3332 4143 τούτων
3358 4089 3721 4162 παρίστανται

2131 4180 2350 4251 ἀόρατοι
2391 4180 2486 4233 καὶ⁹
2524 4180 2751 4249 ἀφανεῖς
2786 4180 3007 4252 ἐχθροὶ,
3051 4181 3180 4253 περὶ
3224 4174 3299 4236 ὧν
3340 4182 3434 4237 καὶ
3478 4183 3507 4235 ό
3557 4183 3718 4237 Ἀπό-

2135 4274 2325 4338 στολος
2363 4273 2579 4342 ἔλεγεν·
2622 4276 2744 4327 Οὐκ
2781 4275 2953 4328 ἐστιν
3001 4273 3148 4344 ἡμῖν
3194 4272 3357 4342 πάλη
3401 4272 3551 4343 πρὸς
3575 4270 3720 4345 αἷμα

2132 4366 2229 4419 καὶ
2259 4365 2477 4435 σαζρκα,
2506 4366 2668 4420 ἀλλὰ
2706 4365 2855 4435 πρὸς
2894 4366 2999 4432 τὰς
3024 4364 3216 4435 ἀρχὰς
3258 4365 3359 4420 καὶ
3397 4367 3505 4433 τὰς
3541 4366 3717 4433 ἐξου-

2131 4459 2292 4525 σίας,
2316 4458 2415 4513 καὶ
2452 4458 2596 4525 τοὺς
2634 4458 3120 4527 κοσμοκράτορας
3148 4459 3255 4513 τοῦ
3279 4460 3538 4526 σκότους
3584 4462 3719 4516 τού-

2133 4568 2260 4614 του,
2288 4550 2565 4620 καὶπρὸς
2602 4549 2676 4603 τὰ
2721 4551 3033 4620 πνεύματα
3074 4550 3185 4620 τῆς
3212 4552 3527 4621 πονηρίας.
3557 4546 3719 4608 Οὗτοι

2131 4642 2263 4711 γοῦν
2316 4642 2537 4707 ὲξὲκαον
2580 4642 2671 4696 τὸν
2721 4643 2894 4697 Σαοὺλ
2941 4642 3082 4697 κατά
3125 4643 3220 4696 τοῦ
3272 4645 3437 4699 Δαυῖδ
3460 4662 3473 4675 '
3530 4644 3611 4699 διὸ
3659 4645 3722 4710 ἐξ

2131 4732 2312 4787 αὐτῶν
2348 4731 2613 4803 ρυσθῆναι
2643 4731 2813 4785 ἐδεῖτο
2846 4729 2941 4785 τοῦ
2980 4729 3137 4785 Θεοῦ.
3181 4732 3324 4803 Πρὸς
3356 4732 3454 4803 μὲν
3487 4731 3597 4805 γάρ
3629 4733 3720 4786 τὸν

2133 4808 2346 4890 Γολιάθ,
2379 4825 2475 4878 καὶ
2516 4825 2652 4897 πρὸς
2686 4827 2811 4889 τοὺς
2864 4825 3084 4889 λοιποὺς
3110 4823 3440 4894 ἀλλοφύλους
3478 4825 3721 4897 ἀπήρκει

2132 4918 2294 4982 αὐτὸς
2327 4919 2646 4990 ἱστάμενος,
2674 4919 2769 4971 καὶ
2812 4918 3048 4989 πολέμου
3084 4918 3235 4988 νόμῳ
3275 4921 3390 4981 τοῖς
3420 4919 3584 4971 πᾶσιν
3622 4918 3720 4969 ὲπ-

2131 5010 2288 5075 εξιών
2313 5028 2326 5041 ο
2361 5011 2498 5084 πρὸς
2523 5011 2579 5065 δὲ
2604 5010 2703 5074 τὰς
2739 5012 2967 5079 ἀφανεῖς
2995 5010 3250 5081 δυνάμεις
3286 5009 3380 5064 καὶ⁵
3410 5011 3535 5074 τοὺς
3555 5009 3722 5081 ἀορά-

2128 5121 2253 5167 τους
2291 5103 2521 5175 ἐχθροὺς
2554 5103 2686 5156 Θεὸν
2718 5103 3041 5176 ὑπὲρμαχον
3068 5102 3221 5173 ἠξίου
3257 5100 3408 5173 αύτῷ
3442 5101 3719 5171 γενέσθαι.

2132 5198 2253 5251 ’Ότι
2281 5196 2337 5249 δὲ
2390 5196 2557 5269 μηδὲν
2593 5197 2861 5267 ἀδικήσας
2888 5197 2979 5251 τὸν
3017 5196 3220 5260 Σαοὺλ,
3252 5196 3429 5267 μάτην
3457 5194 3721 5265 ἠλαύνετο

2128 5289 2222 5342 ὑπ’
2254 5288 2442 5355 αὐτοῦ,
2476 5288 2775 5360 παρίστησι
2809 5289 2907 5359 μὲν
2937 5289 2970 5359 ἡ
3005 5289 3237 5362 ἱστορία,
3267 5288 3519 5360 ἐμφαίνει
3544 5288 3603 5342 δὲ
3626 5288 3720 5341 καὶ

2127 5381 2288 5446 αυτὸς
2332 5381 2460 5450 ἑξῆς
2514 5380 2721 5449 λέγων’
2785 5381 2935 5435 Οὔτε
2969 5382 3002 5449 ὴ
3043 5382 3262 5450 ἀνομία
3298 5398 3419 5450 μου
3444 5421 3458 5444 ,
3497 5381 3635 5434 οὔτε
3683 5379 3716 5446 ἠ

2126 5473 2382 5541 ἁμαρτία
2420 5489 2539 5543 μου
2560 5488 2571 5500 ·
2616 5471 2762 5526 ἄνευ
2789 5472 3041 5542 ἀνομίας
3073 5472 3332 5542 ἔδραμον
3356 5471 3455 5525 καί
3498 5470 3715 5536 κατηύ-

2129 5569 2304 5619 (ivra.
2359 5564 2503 5617 Ἀντὶ
2541 5564 2598 5617 δὲ
2646 5563 2772 5627 τοῦ,
2827 5564 2974 5617 ἄνευ
3022 5565 3275 5634 ἀνομίας
3316 5563 3576 5633 ἔδραμον
3616 5560 3745 5614 italu

2134 5655 2498 5722 κιιτηύθυνα,
2526 5655 2554 5706 ὁ
2596 5654 2910 5726 Σύμμαχος,
2936 5653 3020 5724 μὴ
3069 5654 3279 5723 οὔσης,
3319 5654 3503 5726 φησὶν,
3531 5654 3712 5723 ἀμαρ-

507 5815 554 5845 "
593 5813 737 5873 l’sal.
776 5835 883 5887 Liv,
917 5822 1003 5877 Ἡ.
1083 5826 1124 5857 ⁷¹
1168 5826 1362 5899 Ephes.
1403 5845 1481 5894 Vl,
1529 5829 1607 5883 l2.
1691 5833 1730 5862 ⁷³
1772 5828 1915 5885 Ροιιι.
1955 5846 2175 5895 sum,
2212 5830 2262 5896 Ii,
2308 5830 2358 5883 6.
