4142 6388
407 360 509 416 537

1539 355 2044 416 COMMENTARIA
2083 357 2151 412 ΞΝ
2189 357 2534 417 PSALMOS.

3565 364 3672 421 538

404 476 557 543 stac,
601 471 1045 543 ἐπιτρέχουσιν,
1076 471 1177 525 ἵνα
1211 471 1522 527 ἐλκύσωσί
1557 490 1656 542 με.
1704 472 1989 544 Μηδεμιᾶς

2096 489 2212 527 men
2243 474 2440 528 certari
2462 514 2478 539 ,
2515 490 2737 529 cursum
2763 476 3146 544 consummaui,
3175 476 3340 547 ﬁdem
3359 472 3560 534 «me
3584 494 3600 530 :
3624 481 3678 534 in

404 567 514 638 γὰρ
561 566 887 637 προφάσεως
926 563 1329 635 ὑποκειμένης,
1391 564 1628 618 τοσαῦτα
1671 565 1792 618 κατ’
1826 563 1994 618 αὐτοῦ

2102 566 2306 638 reliquo
2335 569 2567 637 reposita
2583 578 2662 623 est
2684 568 2810 622 mihi
2842 586 3036 624 corona
3048 570 3279 640 justitia:
3307 572 3376 627 ".

404 657 708 729 ἐνεχείρουν
748 659 796 710 οἰ
836 646 1185 728 δηλωθέντες.
1214 658 1325 710 Καὶ
1366 656 1463 711 θέα
1496 656 1619 711 τίνα
1656 658 1855 728 τρόπον
1896 658 1989 710 ἐπὶ
2031 659 2129 730 μὲν
2157 664 2270 724 τοῖς
2334 662 2720 733 προκειμένοις
2750 663 3063 736 παρρησίαν
3086 664 3234 733 ἄγων
3266 669 3296 720 ό
3328 666 3490 721 Amata
3553 665 3679 736 φαί-

405 767 585 804 νεται’
626 753 684 803 ἐν
716 749 772 827 δὲ
805 749 885 820 τῷ
928 748 1131 821 πρώτῳ
1193 749 1348 821 μέρει
1388 749 1497 803 τῶν
1518 748 1767 821 Ψαλμῶν
1802 751 2019 820 ἔλεγεν·

404 842 549 895 ὡσεί
586 841 832 913 φορτίον
862 840 1024 910 βαρὺ
1058 843 1477 911 ὲϐαρύνθησαν
1512 844 1604 898 ἐπ’
1642 843 1766 914 ἐμέ.
1804 845 2198 915 Προσώζεσαν
2238 850 2337 903 καὶ
2377 850 2704 919 ἐσάπησαν
2744 854 2798 905 οἱ
2839 851 3129 921 μώλωπες
3182 870 3307 923 μου
3341 852 3458 906 ἀπὸ
3494 867 3654 921 προσ

404 936 570 990 ώ.του
608 933 719 1004 τῆς
779 935 1134 1004 ἀφροσύνης
1157 952 1298 1005 μου.
1342 934 1528 990 Ταῦτα
1574 937 1669 990 καὶ
1726 937 1795 991 τὰ
1827 940 2038 1003 τούτοις
2077 942 2431 1015 παραπλήσια
2487 943 2879 1013 ἐξωμολογεῖτο
2915 945 3005 998 διὰ
3055 946 3163 998 τῶν
3196 945 3536 1017 ἔμπροσθεν·
3590 933 3695 998 ἐπὶῗ

2065 754 2195 808 Ὅτι
2221 758 2279 809 αἱ
2308 756 2547 825 ἀνομίαι
2565 773 2685 825 μου
2747 756 3058 827 ὺπερῆραν
3082 758 3197 827 τὴν
3232 759 3507 829 κεφαλήν
3536 778 3679 830 μου,

3691 896 3703 969 l

405 1029 461 1081 δὲ
501 1025 597 1080 τοῦ
628 1026 897 1099 παρόντος
926 1027 1121 1097 φησίν’
1163 1028 1311 1082 Οὔτε
1344 1031 1382 1098 ἡ
1415 1030 1635 1099 ἀνομία
1658 1050 1800 1101 μου,
1835 1034 1974 1087 οὐτε
2012 1036 2050 1102 ἡ
2088 1036 2343 1104 ἁμαρτία
2378 1054 2523 1106 μου,
2562 1039 2761 1106 Κύριε,
2791 1039 2937 1092 ἄνευ
2963 1040 3214 1108 ἀνομίας
3259 1039 3520 1109 ἔδραμον
3582 1038 3679 1091 καί

406 1123 773 1189 κατηύθυνα.
832 1123 1064 1193 Νοήσεις
1090 1122 1145 1178 δὲ
1176 1122 1265 1176 τὸν
1289 1121 1507 1194 δρόμον.
1533 1123 1593 1176 ὃν
1626 1123 1815 1195 ἔτρεχε
1844 1126 2025 1191 Δαυίδ,
2068 1128 2334 1200 παραθεὶς
2369 1129 2467 1200 τὴν
2499 1130 2863 1203 άποστολικὴν
2899 1133 3082 1204 φωνὴν
3118 1132 3184 1186 δι’
3210 1128 3289 1205 ἧς·
3317 1131 3500 1201 ἔλεγε·
3569 1133 3682 1186 Τὸν

406 1216 609 1288 ἀγῶνα
652 1218 759 1273 τὸν
815 1218 1008 1272 καλὸν
1044 1218 1405 1288 ἠγώνισμαι,
1446 1219 1557 1273 τὸν
1602 1219 1826 1290 δρόμον
1870 1222 2170 1289 τετέλεκα,
2202 1223 2316 1292 τὴν
2361 1225 2573 1279 πίστιν
2599 1226 3162 1296 τετήρηκα-λοιπὸν
3215 1229 3524 1282 ἀπόκειταί
3578 1244 3678 1297 μοι

408 1316 441 1368 ό
474 1313 583 1381 τῆς
603 1313 994 1382 δικαιοσύνης
1031 1313 1353 1382 στέφανος.

492 1430 854 1501 Ἐξεγέρθητι
888 1434 977 1497 εἰς
1007 1430 1392 1499 συνάντησιν
1421 1448 1540 1501 μου
1587 1431 1687 1485 καὶ
1734 1431 1843 1495 ἴδε,
1893 1432 1994 1485 καὶ

405 1526 510 1587 σὺ,
543 1525 725 1593 Κύριε
755 1527 787 1578 ὀ
819 1523 965 1591 Θεὸς
990 1522 1108 1577 τῶν
1131 1522 1464 1593 δυνάμεων,
1491 1526 1523 1577 ό
1549 1525 1694 1589 Θεὸς
1732 1523 1987 1592 Ἰσραήλ.

418 1621 507 1683 Ὠς
526 1617 731 1687 ἀγαθὸς
746 1617 980 1689 δρομεὺς
998 1618 1092 1670 καὶ
1120 1616 1427 1687 ἀγωνιστὴς
1452 1616 1675 1688 ἄριστος
1694 1616 1786 1670 τὸν
1805 1616 1993 1685 ἀγῶνα

407 1712 498 1763 τὸν
531 1708 695 1764 καλὸν
724 1707 1144 1779 ἀγωνιζόμενος,
1192 1711 1279 1779 ἐφ’
1312 1704 1394 1772 οἷς
1436 1710 1882 1781 ἐπαρρησιάσατο
1913 1712 1989 1762 εί-

2170 1431 2339 1486 Vens.
2382 1431 2433 1485 6.
2470 1431 2711 1503 Exsurge
2763 1434 2817 1487 in
2862 1449 3158 1499 occursu-1:,
3217 1444 3265 1487 et
3300 1434 3433 1498 ride,
3492 1446 3541 1489 et
3596 1443 3675 1500 tu,

2100 1525 2324 1580 Domine
2342 1525 2480 1579 Deus
2504 1528 2779 1586 virtutum,
2814 1526 2953 1580 Deus
3011 1525 3200 1581 Israel.
3238 1527 3306 1581 Ut
3341 1530 3516 1582 bonus
3549 1546 3679 1583 cur-

2098 1634 2210 1683 sor,
2240 1626 2617 1689 pugnatorque
2656 1620 3099 1683 strenuissimus,
3146 1618 3347 1673 bonum
3396 1629 3674 1676 certamen

2094 1708 2403 1771 decertans,
2436 1710 2562 1779 quia
2595 1708 2935 1763 conﬁdenter
2959 1709 3188 1772 dixerat,
3219 1707 3399 1780 Neque
3421 1711 3675 1780 iniquitas

409 1803 544 1858 πών·
590 1803 743 1858 οὔτε
788 1803 828 1870 ἡ
871 1802 1089 1870 ἀνομία
1122 1820 1262 1871 μου,
1306 1802 1445 1855 οὔτε
1493 1803 1532 1870 ἡ
1571 1801 1827 1871 ἁμαρτία
1850 1818 1989 1871 μου·

2098 1818 2213 1855 mea
2244 1817 2405 1871 neque
2436 1810 2707 1869 peccatum
2756 1817 2949 1863 meum,
2983 1800 3222 1867 Domine,
3255 1804 3367 1856 sine
3397 1804 3677 1873 iniquitate

405 1895 554 1950 ἀνευ
575 1894 830 1963 ἀνομίας
848 1893 1107 1962 ἔδραμον
1129 1891 1227 1945 καί
1252 1894 1617 1959 κατηύθυνω
1635 1891 1887 1965 διεγείρει
1903 1895 1991 1945 τὸν

404 1985 757 2056 ἀγωνοθέτην
808 1986 903 2038 ἐπὶ
942 1983 1041 2056 τὴν
1091 1982 1219 2037 θέαν
1249 1983 1350 2053 τῆς
1383 1984 1591 2047 οἰκείας
1633 1984 1855 2055 ἀρετῆς,
1898 1986 1991 2037 καὶ

407 2079 538 2133 ἰδεῖν
562 2077 709 2142 ἀξιοῖ
733 2078 882 2141 ὅπως
912 2079 1024 2140 τοῖς
1067 2076 1377 2147 εἰρημένοις
1426 2075 1605 2144 λόγοις
1648 2076 1917 2148 σύμφωνα

404 2169 555 2241 αὐτῷ
576 2169 645 2223 τὰ
676 2169 834 2239 ἔργα.
869 2168 1158 2222 Δείκνυται
1188 2168 1246 2221 δὲ
1275 2167 1432 2221 τοῦτο
1464 2168 1557 2221 καί⁵
1586 2169 1695 2221 ἀπὸ
1724 2169 1993 2240 τῆςίστο-

406 2264 552 2335 ρίας,
592 2266 651 2318 ἐν
748 2266 916 2336 μυρία
948 2264 1045 2336 μὲν
1080 2263 1407 2334 πεπονηκὼς
1427 2264 1532 2317 ὑπὸ
1554 2263 1647 2317 τοῦ
1676 2264 1849 2318 Σαοὺλ
1872 2263 1991 2333 φαί-

404 2373 576 2423 νεται,
600 2356 751 2411 οὐδὲν
784 2356 842 2410 δέ
871 2356 1034 2419 αὐτὸς
1060 2357 1178 2409 κατ’
1203 2352 1368 2407 αὑτοῦ
1398 2353 1640 2424 λυπηρὸν
1672 2353 1895 2425 δράσας,
1927 2356 1992 2407 ἐκ

401 2449 460 2502 δὲ
490 2446 587 2502 τοῦ
612 2448 854 2503 ἐναντίου
890 2448 1147 2512 πολλάκις
1182 2448 1378 2501 ἁλόντα
1414 2444 1572 2498 αὐτὸν
1603 2443 1872 2509 διασώσας
1891 2446 1990 2500 αὐ-

403 2539 551 2594 τίκα.
578 2540 689 2593 Καὶ
720 2540 807 2592 ὅτε
833 2538 894 2592 τὸ
920 2539 1154 2613 πονηρὸν
1182 2538 1399 2610 πνεῦμα
1426 2538 1644 2608 ἔπνιγεν
1663 2536 1847 2601 αὑτὸν,
1883 2552 1990 2589 σω-

401 2630 508 2703 τὴρ
533 2630 682 2702 αὐτῷ
719 2632 1084 2703 παρεφαίνετο
1113 2630 1293 2696 Δαυῒδ,
1326 2630 1764 2703 ἀνακρουόμενος
1789 2628 1889 2699 μὲν
1914 2627 1990 2699 τῷ

402 2723 639 2795 ὀργάνῳ,
668 2723 895 2793 δυνάμει
915 2723 973 2777 δὲ
993 2723 1087 2777 τοῦ
1116 2726 1174 2777 ἐν
1198 2722 1359 2794 αὐτῷ
1378 2722 1522 2777 θείου
1554 2722 1870 2791 Πνεύματος
1890 2720 1989 2791 τὴν

402 2818 461 2868 ἐν
480 2815 558 2885 τῷ
581 2816 752 2869 Σαοὺλ
772 2816 1025 2869 ἐναντίαν.
1039 2815 1268 2887 δύναμιν
1291 2815 1548 2869 ἐλαύνων.
1575 2815 1647 2868 Τὸ
1668 2813 1989 2881 ἀνεξίκακον

402 2907 580 2961 τοίνυν
606 2908 797 2961 ἐαυτοῦ
826 2908 921 2961 καλ⁴
946 2908 1008 2961 τὸ
1041 2910 1237 2981 πρᾶον,
1267 2909 1362 2962 καὶ
1389 2908 1450 2960 τὸ
1471 2906 1867 2978 ὑπομονητικὸν
1884 2905 1991 2959 δει-

404 3001 534 3064 κνὺς
584 3000 664 3070 τῷ
702 2999 821 3070 Θεῷ
853 2999 1067 3068 ἔλεγεν·
1108 3001 1259 3055 Οὔτε
1287 3002 1325 3068 ἡ
1358 3000 1578 3068 ἀνομία
1605 3017 1745 3068 μου,
1788 2997 1883 3051 καὶ
1919 2996 1990 3049 τὰ

404 3091 549 3162 ἑξῆς.
596 3091 956 3161 Ὲξεγέρθητι
998 3094 1086 3157 εὶς
1132 3089 1514 3157 συνάντησιν
1552 3107 1694 3159 μου,
1727 3089 1825 3142 καί
1874 3087 1983 3142 ιδε.

406 3161 518 3235 Εἶθ’
551 3182 679 3252 ἐξῆς
711 3182 950 3255 τοσαύτῃ
978 3182 1321 3255 χρησάμενος
1347 3182 1650 3254 παρρησίᾳ,
1693 3178 1986 3250 φωτίζεται
2014 3161 2055 3219 C

404 3274 511 3329 ὑπὸ
548 3274 643 3327 τοῦ
693 3274 1033 3346 προφητικοῦ
1072 3273 1401 3344 πνεύματος,
1437 3275 1530 3327 καὶ
1562 3273 1890 3336 διδάσκεται,
1913 3272 1989 3336 ὼς

400 3367 511 3440 ἀρα
546 3368 699 3422 ἔσται
739 3385 825 3432 τις
859 3369 1048 3441 καιρὸς
1088 3370 1147 3422 ἐν
1177 3361 1222 3436 ᾧ
1263 3369 1360 3423 καί¹
1399 3371 1427 3422 ὁ
1457 3369 1694 3439 Χριστὸς
1724 3367 1820 3421 τοῦ
1852 3368 1986 3422 Θεοῦ

399 3463 779 3534 διωχθήσεται,
802 3463 898 3517 καὶ
922 3464 1434 3536 ἐπιϐουλευθήσεται
1457 3463 1560 3516 ὑπὸ
1583 3462 1679 3516 τοῦ
1724 3461 1989 3515 Ἰουδαίων

403 3558 612 3620 ἔθνους,
642 3558 827 3628 σωτήρ
854 3573 915 3610 τε
948 3557 1042 3610 καὶ
1071 3556 1368 3621 ἐπίσκοπος
1395 3556 1503 3609 τῶν
1536 3555 1703 3609 ἐθνῶν
1732 3555 1989 3609 ἁπάντων

404 3649 712 3719 γενήσεταιο
744 3649 803 3701 ἐν
824 3642 868 3716 ᾦ
890 3647 1065 3721 καιρῷ
1089 3649 1182 3702 καὶ
1201 3646 1366 3702 αὐτοῦ
1389 3646 1483 3701 τοῦ
1508 3646 1672 3700 Δαυτδ
1697 3644 1767 3699 τὰ
1792 3662 1990 3716 κατορ-

403 3741 639 3811 θώματα
662 3741 756 3794 καὶ
781 3743 835 3795 αί
863 3742 1055 3813 ἀρεταὶ
1077 3739 1403 3812 ᾁσθήσονται
1425 3739 1519 3792 καὶ
1538 3737 1898 3810 βοηθήσονται
1931 3738 1988 3789 ἐν

405 3835 537 3887 πᾶσι
569 3837 683 3897 τοῖς
711 3832 909 3887 ἔθνεσι.
940 3832 1050 3886 Καὶ
1087 3831 1245 3886 τοῦτο
1272 3833 1434 3900 γνοὺς
1462 3830 1580 3884 καθ’
1605 3828 1873 3901 ὑποδολὴν
1893 3826 1987 3882 τοῦ

403 3925 560 3994 ἁγίου
591 3926 927 4007 Πνεύματος,
963 3923 1246 3995 ἐπιστῆναι
1278 3939 1407 3977 ποτε
1438 3922 1625 3975 τοῦτον
1651 3920 1870 3991 εὔχεται
1897 3920 1989 3973 τὸν

402 4018 613 4091 καιρόν.
660 4019 751 4072 Διὸ
783 4018 912 4088 ἑξῆς
946 4034 1111 4089 φησιο
1141 4018 1249 4074 Καὶ
1280 4017 1384 4082 σὺ,
1416 4018 1596 4084 Κύριε
1625 4018 1658 4069 ό
1692 4014 1839 4081 Θεὸς
1869 4014 1990 4068 τῶν

400 4111 732 4182 δυνάμεων,
770 4114 803 4165 ό
843 4111 987 4177 Θεὸς
1051 4110 1311 4179 Ἰσραὴλ,
1362 4112 1629 4179 πρόσχες
1656 4108 1989 4177 ἐπισκέψα-

403 4207 547 4261 σθαι
587 4203 787 4259 πάντα
830 4203 903 4258 τὰ
945 4204 1111 4271 ἔθνη.
1172 4203 1232 4256 '0
1272 4202 1369 4273 μὲν
1416 4201 1528 4274 γὰρ
1573 4201 1807 4274 Ἰσραὴλ,
1837 4202 1866 4254 ὁ
1896 4201 1987 4264 σὸς

402 4298 750 4369 χρηματίσας
780 4297 1044 4367 πρότερος
1074 4296 1222 4359 λαὸς,
1269 4294 1482 4349 πολλῶν
1532 4294 1861 4367 εὐεργεσιῶν
1902 4309 1989 4346 τε-

402 4391 675 4463 τυχηκὼς,
714 4392 809 4445 καὶ
842 4390 1052 4443 πολλῶν
1087 4389 1307 4458 ἀγαθῶν
1348 4388 1620 4454 ἀξιωθεὶς,
1671 4388 1867 4441 οὐδένα
1893 4405 1985 4443 σου

403 4484 552 4550 ἀξιον
589 4482 903 4547 ἐπεδείξατο
945 4482 1155 4554 καρπόν
1174 4499 1187 4513 ·
1230 4483 1315 4535 ἀεὶ
1356 4482 1413 4535 δὲ
1459 4481 1553 4534 καὶ
1583 4481 1813 4534 πάντοτε
1846 4499 1984 4535 παν-

402 4576 575 4638 τοίαις
618 4575 1014 4628 ὑποπέπτωκεν
1059 4572 1356 4638 ἀσεϐείαις,
1400 4574 1524 4627 τοτὲ
1570 4573 1667 4645 μὲν
1700 4574 1987 4629 εἰδωλολα-

400 4665 567 4738 τρῶν,
592 4667 714 4720 τοτὲ
740 4666 796 4720 δὲ
826 4668 952 4731 τοὺς
992 4667 1117 4731 σοὺς
1150 4668 1433 4738 προφήτας
1466 4666 1721 4739 ἀναιρῶνο
1746 4667 1897 4730 τέλος
1929 4667 1987 4721 δὲ

406 4759 500 4811 καὶ
522 4758 671 4829 αὐτῷ
687 4759 766 4830 τῷ
791 4758 1011 4829 Χριστῷ
1034 4775 1127 4811 σου
1153 4761 1342 4829 χεῖρας
1371 4757 1660 4811 ἐπιϐαλών.
1687 4757 1986 4829 Θαυμαστὰ

403 4853 460 4905 δὲ
502 4854 607 4907 ὑπὸ
641 4853 737 4907 τοῦ
775 4853 869 4906 σοῦ
902 4852 1219 4923 Πνεύματος
1250 4851 1550 4924 προμαθὼν
1581 4853 1711 4923 περὶ
1750 4853 1850 4923 τῆς
1875 4850 1986 4903 τῶν

404 4947 574 5000 ἐθνῶν
623 4948 980 5019 ἐπιστροφῆς,
1033 4946 1259 5010 εἰκότως
1304 4945 1593 5015 ἐπιστῆναι
1646 4945 1737 4997 τὸν
1793 4944 1985 5015 καιρὸν

405 5042 613 5093 ἐκεῖνον
646 5039 895 5111 εὔχομαι,
931 5038 1109 5103 εἰδὼς,
1136 5040 1218 5092 ὅτι
1252 5039 1351 5093 οὐκ
1381 5038 1494 5092 ἐστι
1524 5037 1676 5110 παρά
1702 5037 1783 5091 σοὶ
1815 5053 1985 5110 προσ-

404 5131 709 5202 ωποληψία.
758 5130 1081 5204 Δικαιοσύνῃ
1119 5130 1177 5184 δὲ
1222 5130 1288 5184 τὰ
1331 5131 1509 5185 πάντα
1546 5129 1782 5194 διέπων,
1836 5125 1983 5193 οἶδας

403 5227 498 5279 καὶ
525 5225 650 5296 ἔθνη
674 5224 946 5294 ἀλλόφυλα
968 5224 1061 5278 καὶ
1085 5223 1343 5295 ἀλλογενῆ
1363 5223 1465 5294 τῆς
1494 5222 1703 5294 πλάνης
1728 5222 1986 5291 ἐπιστρέ-

403 5337 570 5390 φοντα
613 5318 824 5384 σώζειν·
865 5317 1014 5382 οἶδας
1050 5318 1144 5372 κοιλ⁵
1179 5319 1305 5381 τοὺς
1332 5314 1723 5387 νομιζομένους
1756 5316 1852 5386 τῆς
1886 5317 1982 5387 σῆς

404 5409 541 5467 εἶναι
575 5412 810 5484 μερίδος,
853 5414 901 5466 εί
944 5411 1153 5479 ἀνάξιοι
1186 5410 1542 5481 εὑρίσκοιντο,
1586 5409 1685 5480 τῆς
1728 5407 1983 5477 τοιαύτης

404 5506 646 5577 κλήσεως
686 5505 1064 5577 μετέρχεσθαι.
1110 5504 1199 5557 Διὸ
1235 5504 1363 5574 περ)⁸
1403 5503 1499 5573 μὲν
1533 5500 1644 5555 τῶν
1685 5500 1854 5555 ἐθνῶν
1893 5498 1984 5552 εὖ·

403 5613 569 5667 χομαι
608 5594 815 5665 λέγων’
852 5594 1125 5663 Πρόσχες
1165 5592 1271 5647 τοῦ
1308 5590 1753 5661 ἐπισκέψασθαι
1787 5588 1984 5643 πάντα

403 5692 477 5743 τὰ
503 5689 668 5756 rem
712 5688 842 5758 περὶ
878 5687 943 5741 δὲ
972 5686 1065 5741 τοῦ
1109 5686 1295 5759 ἐτέρου
1343 5686 1544 5758 μέρους
1572 5685 1731 5757 φημί·
1769 5683 1865 5752 Μὴ
1902 5686 1981 5737 οἰ-

480 5845 526 5878 τδ
565 5842 608 5899 ιι
644 5843 781 5901 Tim.
805 5860 875 5915 tv,
899 5845 949 5909 -ι,
977 5843 1027 5898 s.

2095 1896 2306 1947 cucurri
2337 1906 2383 1947 et
2414 1892 2619 1957 direxi;
2643 1895 2756 1962 jam
2791 1894 3175 1963 agonothetam
3206 1894 3273 1947 ad
3309 1895 3527 1951 virtutis
3562 1910 3675 1950 sua:

2094 1983 2491 2052 inspectionem
2548 1990 2830 2053 provocat,
2876 1992 3143 2054 rogatque
3187 1984 3470 2039 advertere
3518 1986 3670 2050 velit,

2093 2091 2257 2146 opera
2293 2091 2392 2131 sua
2425 2091 2549 2130 cum
2586 2076 2816 2147 prolatis
2848 2078 3030 2131 verbis
3059 2079 3394 2133 consentire.
3430 2077 3671 2148 ldipsum

2093 2184 2259 2241 porro
2312 2184 2380 2224 ex
2429 2167 2660 2223 historia
2707 2177 3194 2235 conunonstratur,
3250 2170 3343 2224 ubi
3381 2170 3672 2226 innumera

2092 2262 2235 2316 mala
2270 2276 2300 2315 a
2328 2261 2493 2317 Saule
2523 2277 2838 2332 perpessus,
2873 2262 3120 2333 nihilque
3161 2262 3375 2332 injuriae
3409 2263 3671 2318 adversus

2092 2355 2244 2410 illum
2280 2370 2574 2426 aggressus
2603 2354 2922 2421 exhibetur;
2965 2366 3158 2410 contra
3189 2372 3317 2411 vero
3350 2357 3671 2426 plerumque

2091 2456 2310 2517 captum
2342 2447 2527 2503 subito
2555 2446 2827 2501 liberavit.
2862 2445 2927 2500 Et
2952 2448 3176 2517 quando
3232 2448 3463 2518 spiritus
3492 2449 3670 2503 malus

2094 2539 2397 2595 suﬁ'ocabat
2427 2556 2574 2608 eum,
2632 2541 2800 2595 David
2834 2546 3082 2596 servator
3113 2539 3235 2609 ejus
3256 2540 3410 2594 visus
3435 2550 3537 2603 est,
3589 2540 3673 2595 in-

2093 2642 2398 2687 strumento
2431 2633 2649 2703 quidem
2677 2633 2925 2704 pulsans,
2963 2633 3059 2688 sed
3087 2636 3286 2687 virtute
3304 2632 3359 2686 in
3391 2647 3448 2687 se
3470 2633 3673 2701 degen~

2092 2726 2164 2780 tis
2196 2724 2435 2796 Spiritus
2464 2727 2659 2794 divini,
2689 2727 3023 2781 contrariam
3070 2727 3125 2779 in
3182 2725 3347 2780 Saule
3410 2726 3669 2779 virtutem

2091 2818 2391 2888 depellens.
2456 2818 2620 2874 Suam
2678 2821 2862 2890 itaque
2922 2819 3249 2888 injuriarum
3313 2818 3667 2879 oblivionem,

2092 2911 2590 2977 mansuetudinem,
2627 2912 2945 2983 patientiam
2984 2910 3091 2965 Deo
3126 2910 3390 2965 exhibens
3412 2909 3663 2964 dicebat:

2093 3002 2274 3075 Neque
2295 3005 2547 3075 iniquitas
2576 3022 2712 3070 mea,
2738 3013 2791 3059 et
2812 3013 3026 3059 caetera.
3061 3002 3666 3073 Exsurgein-occursunt

2091 3112 2285 3165 meum,
2315 3106 2364 3152 et
2410 3097 2543 3153 vide.
2596 3097 2799 3152 Deinde
2838 3112 2991 3161 vero,
3045 3104 3197 3150 tanta
3224 3111 3357 3152 usus
3384 3095 3604 3159 ﬁducia,
3635 3110 3666 3150 a

2090 3191 2412 3263 prophetico
2438 3192 2635 3261 spiritu
2698 3192 3028 3252 illustratur,
3063 3204 3127 3243 ac
3177 3188 3373 3244 ediscit
3421 3187 3666 3243 futurum

2093 3290 2331 3353 tempus,
2363 3298 2473 3352 quo
2502 3280 2893 3352 ipseChristus
2918 3278 3009 3334 Dei
3039 3278 3423 3334 venationibus
3448 3284 3501 3332 et
3532 3277 3669 3332 insi-

2089 3374 2197 3430 diis
2225 3373 2438 3429 Judaici
2472 3374 2656 3444 populi
2690 3374 3002 3442 impetetur,
3038 3386 3102 3426 ac
3135 3382 3383 3425 servator
3408 3379 3463 3425 et
3484 3371 3669 3439 inspe-

2090 3474 2208 3523 ctor
2242 3467 2627 3521 universarum
2658 3466 2898 3536 gentium
2928 3464 3063 3529 erit;
3094 3477 3203 3533 quo
3228 3463 3391 3515 etiam
3421 3468 3669 3530 tempore

2089 3559 2266 3630 ipsius
2318 3556 2542 3612 Davidis
2589 3555 2851 3627 praeclara
2883 3570 3048 3625 opera
3079 3561 3132 3609 et
3162 3554 3392 3607 virtutes
3447 3551 3668 3623 hymnis

2088 3651 2471 3714 concinentur,
2503 3656 2557 3704 et
2584 3649 2638 3701 in
2664 3633 2949 3702 universis
2996 3645 3249 3716 gentibus
3299 3642 3664 3697 celebrabun-

2087 3752 2197 3799 tur.
2233 3742 2525 3813 Hujusque
2551 3757 2629 3796 ret
2663 3741 2870 3812 Spiritu
2915 3747 3109 3795 sancto
3134 3737 3409 3792 revelante
3438 3750 3664 3806 gnarus,

2087 3845 2304 3907 tempus
2350 3834 2485 3889 illud
2552 3832 2808 3888 advenire
2852 3840 3127 3901 precatur.
3178 3828 3358 3895 Quare
3407 3828 3667 3898 deinceps

2086 3930 2162 3985 ait
2198 3950 2212 3985 :
2245 3928 2314 3984 Et
2338 3938 2415 3993 tu,
2451 3926 2675 3983 Domine
2705 3925 2845 3980 Deus
2872 3926 3146 3988 virtutum,
3181 3922 3323 3977 Deus
3356 3920 3550 3985 Israel,
3581 3922 3668 3975 in-

2089 4022 2236 4077 tende
2267 4021 2336 4075 ad
2364 4021 2661 4077 uisitandas
2709 4035 2885 4074 omnes
2917 4027 3113 4087 gentes.
3166 4014 3301 4070 Nam
3336 4014 3504 4070 Israel
3548 4012 3663 4080 ille,

2087 4116 2178 4185 qui
2217 4115 2367 4186 prior
2400 4114 2635 4184 populus
2671 4121 2800 4168 tuus
2841 4109 3146 4173 dicebatur,
3199 4107 3385 4161 multis
3437 4113 3666 4162 ornatus

2086 4208 2385 4272 beneﬁciis,
2416 4205 2714 4276 multisque
2744 4205 3002 4275 dignatus
3032 4204 3211 4266 bonis,
3250 4201 3459 4256 nullum
3493 4206 3547 4255 te
3575 4198 3665 4253 di—

2086 4317 2251 4374 gnum
2282 4299 2520 4355 fructum
2557 4298 2817 4369 protulit;
2854 4297 2948 4353 sed
2991 4312 3206 4366 semper
3236 4294 3499 4363 omnique
3528 4301 3667 4347 tem-

2086 4409 2217 4464 pore
2246 4393 2299 4446 in
2332 4391 2520 4446 varias
2548 4391 2730 4445 omnis
2761 4391 2976 4459 generis
3009 4388 3319 4458 impietates
3349 4385 3661 4456 prolapsus,

2089 4486 2251 4541 modo
2275 4486 2565 4541 simulacra
2596 4484 2786 4550 coluit,
2814 4481 2976 4536 modo
3008 4481 3309 4550 prophetas
3334 4486 3459 4532 tuos
3492 4477 3664 4530 inter~

2092 4580 2241 4644 fecit,
2294 4593 2358 4633 ac
2386 4578 2603 4633 demum
2668 4576 2771 4645 ipsi
2825 4575 3046 4631 Christo
3095 4582 3188 4627 tuo
3228 4586 3423 4627 manus
3459 4568 3661 4623 intulit.

2089 4670 2224 4725 Mira
2247 4685 2413 4741 porro
2446 4684 2476 4722 a
2506 4667 2715 4738 Spiritu
2756 4675 2850 4720 tuo
2897 4665 2964 4720 de
3012 4664 3254 4736 gentium
3303 4661 3667 4716 conVersione

2086 4762 2342 4826 edoctus,
2373 4761 2497 4830 jure
2528 4768 2740 4830 tempus
2768 4756 2902 4813 illud
2935 4755 3194 4809 advenire
3224 4750 3462 4822 postuio,
3494 4747 3665 4819 probe

2086 4854 2268 4909 sciens
2287 4852 2489 4906 nullam
2508 4849 2649 4921 apud
2671 4857 2723 4903 te
2738 4863 2860 4904 esse
2883 4859 3241 4918 personarum
3265 4840 3659 4910 acceptionem.

2086 4943 2226 5013 Quia
2261 4942 2407 4998 enim
2434 4956 2560 4995 cum
2606 4939 2821 5010 justitia
2850 4937 3035 4993 omnia
3082 4934 3459 4995 administras,
3514 4929 3661 4984 nosti

2086 5036 2422 5106 alienigenas
2450 5040 2504 5088 et
2529 5042 2819 5088 extraneas
2856 5038 3067 5101 gentes,
3100 5028 3147 5083 si
3178 5031 3572 5082 convertantur
3593 5022 3663 5076 ab

2083 5142 2291 5191 errore,
2336 5124 2513 5181 salute
2559 5124 2803 5190 donare;
2866 5122 3011 5177 nosti
3054 5120 3241 5175 itidem
3274 5132 3370 5172 eos
3429 5114 3661 5185 quitum

2085 5221 2250 5278 sortis
2295 5234 2419 5274 esse
2465 5224 2749 5287 putantur,
2806 5216 2852 5270 si
2908 5214 3118 5284 indigni
3162 5207 3658 5281 deprehendantur,

2086 5313 2180 5367 tali
2204 5311 2493 5367 vocatione
2522 5310 2833 5366 excludere.
2892 5306 3073 5372 Quare
3102 5319 3201 5374 pro
3243 5300 3497 5373 gentibus
3537 5297 3661 5369 qli~

2084 5406 2206 5461 dem
2242 5406 2315 5459 ita
2352 5419 2592 5475 precor.:
2628 5399 2848 5455 Intende
2871 5398 2940 5452 ad
2992 5394 3281 5452 visitandas
3331 5409 3506 5447 omnes
3536 5407 3660 5462 gen-

2087 5507 2193 5562 tes;
2232 5497 2299 5552 de
2333 5497 2504 5552 altera
2535 5510 2666 5549 vero
2694 5499 2847 5564 parte
2876 5490 3020 5551 dico,
3052 5487 3174 5541 Non
3210 5484 3510 5540 miserearis
3544 5499 3659 5536 om-

2084 5590 2238 5645 nibus
2268 5591 2358 5661 qui
2389 5596 2673 5658 operantur
2730 5584 3083 5656 iniquitatem.
3107 5580 3243 5635 Cum
3265 5588 3445 5633 autem
3489 5576 3659 5631 indis-o

2085 5682 2440 5749 eriminatim,
2501 5679 2765 5747 omnibus,
2797 5677 2962 5744 dicat,
2994 5675 3169 5747 ipsum
3204 5671 3458 5729 lsraelem
3500 5685 3566 5726 eo
3602 5668 3656 5723 iu
