4142 6388
440 347 543 405 κθ

1120 341 1391 399 EUSEBll
1428 339 1913 399 CASSARIENSIS
1949 339 2020 396 01

2134 338 2313 396 PARS
2348 340 2435 396 111.
2477 372 2545 382 -
2590 338 2993 397 EXEGETICA.

3248 307 3282 317 ,-

3591 342 3694 401 5m

440 473 670 515 numero
715 455 1156 528 comprehcndit,
1204 470 1420 511 necnon
1468 472 1565 511 eos
1609 456 1703 526 qui
1734 456 1828 510 tali
1856 456 2018 510 modo

2122 454 2445 523 κτειρήονῃς
2493 463 2724 520 πάντας
2764 455 2904 521 τοὺς
2946 453 3367 524 ἐργαζομένους
3410 454 3522 523 τηῆν
3556 458 3697 512 ἀνο-

440 552 569 605 olim
593 550 647 603 in
679 550 877 605 lsraele
914 549 1091 603 allecti
1114 556 1290 603 erant.
1318 546 1460 614 Quid
1485 548 1629 602 enim
1654 548 1890 618 amplius
1940 548 2020 601 l'a-

441 650 588 695 ctum
625 639 774 694 Sauli
800 640 923 700 fuit,
954 641 1048 708 qui
1077 654 1277 708 genere
1319 639 1542 708 quidem
1572 639 1641 692 ab
1668 638 1836 693 Israel
1860 647 2019 693 ortus

440 737 581 790 erat,
614 744 679 782 ex
713 728 859 781 tribu
892 726 1195 795 Benjamin,
1224 727 1317 797 qui
1358 727 1495 780 tanti
1526 726 1708 795 populi
1739 741 1834 779 rex
1864 725 2021 778 inau-

442 829 669 887 guratus
686 818 885 881 fuerat,
909 820 1113 889 quique
1143 827 1292 871 tanta
1317 818 1372 871 in
1396 832 1614 871 cassum
1638 824 1692 871 et
1717 816 1835 871 sine
1852 830 2019 870 causa

443 911 710 966 adversus
756 926 903 971 eum.
939 911 1033 980 qui
1069 926 1128 965 se
1173 909 1311 963 nihil
1365 908 1620 973 laesisset,
1670 907 2019 963 machinatus

445 1003 658 1056 fuerat?
685 1001 838 1067 Quod
871 1004 916 1058 si
959 1003 1053 1056 alii
1108 1009 1299 1072 postea
1331 1001 1680 1070 reperiantur
1714 1000 1808 1069 qui
1868 997 2018 1053 Sauli

440 1092 613 1162 gestis
640 1092 820 1147 aﬂinia
851 1093 1183 1147 meditentur
1207 1092 1291 1146 vel
1324 1100 1615 1161 peragant;
1659 1106 1769 1144 non
1794 1106 1858 1145 eo
1882 1090 2017 1144 tales

442 1185 675 1241 salutem
703 1187 967 1254 consequi
1010 1199 1301 1240 necessum
1344 1192 1450 1247 est,
1481 1183 1624 1252 quod
1659 1198 1724 1236 ex
1751 1190 1844 1237 tua
1893 1198 2019 1252 por-

446 1278 594 1331 tione
626 1291 751 1331 esse
776 1285 1129 1346 reputentur;
1172 1284 1231 1329 ut
1265 1289 1296 1329 e
1325 1288 1593 1328 converso
1650 1273 1697 1327 si
1727 1272 1819 1341 qui
1876 1272 2019 1326 inter

441 1375 733 1423 extraneas
788 1375 978 1438 gentes
1032 1367 1198 1423 saluti
1261 1364 1443 1420 idonei
1501 1370 1656 1426 sunt,
1688 1362 1825 1417 nihil
1870 1363 2018 1416 obsit

441 1462 763 1532 quominus,
800 1477 899 1532 pro
932 1462 1143 1515 ratione
1179 1459 1425 1529 iustitiaa,
1472 1456 1783 1512 visitatione
1813 1464 1903 1509 tua
1935 1456 2016 1509 di-

441 1562 698 1625 gnentur.
726 1552 918 1622 Quare
946 1552 1093 1614 dico,
1127 1550 1337 1604 intende
1392 1549 1460 1602 ad
1500 1546 1789 1602 visitandas
1841 1564 2016 1601 omnes

443 1655 655 1714 gentes;
686 1646 754 1701 iis
787 1660 917 1699 vero
944 1645 1038 1714 qui
1066 1651 1367 1713 operantur
1400 1642 1762 1710 iniquitatem,
1789 1654 1863 1694 ex
1881 1654 2018 1709 quo-

445 1739 526 1793 vis
556 1752 755 1808 genere
784 1738 890 1791 orti
916 1736 1050 1802 sint,
1078 1750 1148 1789 ne
1192 1734 1526 1789 miserearis.
1558 1731 1859 1801 Operantes
1890 1745 2018 1784 vero

2115 547 2281 615 μίαν.
2309 545 2496 614 Δέγων
2518 545 2574 598 δέ
2602 546 2939 618 ἀδιορίστως,
2965 545 3213 611 πάντας,
3241 547 3334 599 καὶ
3357 546 3447 599 τὸν
3481 548 3693 619 Ἰσραὴλ

2124 637 2671 709 συμπαραλαμϐάνει,
2713 640 2811 691 καῖ
2837 640 2964 702 τοὺς
2999 640 3057 692 ἐν
3090 638 3237 708 αύτῷ
3266 638 3432 691 πάλαι
3462 641 3691 710 γενομέ-

2118 746 2242 791 νους
2268 729 2559 792 τοιούτους.
2597 729 2661 781 Τί
2689 729 2797 801 γὰρ
2831 732 2924 782 καὶ
2967 730 3127 784 πλέον
3171 730 3384 801 γέγονε,
3426 730 3579 800 φησὶ,
3613 730 3692 799 τῷ

2119 821 2312 887 Σαοὺλ,
2334 820 2395 874 τὸ
2426 822 2523 892 μὲν
2549 822 2702 889 γένος
2730 821 2836 874 ἀπὸ
2867 820 2961 874 τοῦ
3000 821 3213 892 Ἰσραὴλ
3241 823 3567 894 ὁρμωμένῳ,
3596 824 3691 875 καὶ

2119 910 2291 981 φυλῆς
2319 913 2595 983 Βενιαμὶν,
2629 912 2847 982 βασιλεῖ
2866 913 2921 967 δὲ
2952 914 3044 966 τοῦ
3076 913 3328 966 τοσούτου
3356 914 3538 979 ἔθνους
3558 915 3688 967 καθ-

2123 1001 2412 1072 ισταμένῳ,
2445 1001 2683 1056 τοσαῦτα
2714 1003 2771 1056 δὲ
2804 1004 2925 1073 είκῆ
2955 1004 3047 1056 καὶ
3075 1004 3249 1073 μάτην
3279 1003 3419 1057 κατὰ
3457 1003 3549 1057 τοῦ
3589 1022 3691 1075 μη-

2117 1093 2207 1147 δὲν
2236 1094 2555 1165 ἠδικηκότος
2585 1095 2985 1168 ἐπιχειροῦντι;
3031 1096 3091 1148 Εἰ
3135 1095 3191 1148 δὲ
3237 1093 3329 1149 οὖν
3369 1096 3439 1148 τὰ
3489 1096 3691 1166 ἀδελφά

2116 1185 2198 1256 τῷ
2220 1186 2393 1240 Σαοὺλ
2416 1187 2737 1257 φρονοῦντες
2760 1204 2818 1239 τε
2842 1188 2933 1240 καὶ
2953 1186 3283 1258 πράττοντες
3302 1186 3539 1256 γένοιντό
3558 1205 3685 1240 ποτε

2116 1278 2315 1350 ἕτεροι,
2347 1280 2409 1332 οὺ
2443 1278 2593 1348 παρὰ
2622 1278 2779 1333 τοῦτο
2821 1277 3087 1342 σώζεσθαι
3135 1280 3330 1343 αὐτοὺς
3363 1280 3573 1350 ἀνάγκη
3602 1279 3689 1332 διά

2116 1371 2512 1442 τὸηνομίζεσθαι
2542 1371 2639 1443 τῆς
2676 1371 2774 1441 σῆς
2805 1372 3020 1442 μερίδος
3058 1367 3217 1424 εἶναι’
3258 1370 3331 1434 ὡς
3371 1370 3603 1441 ἔμπαλιν
3631 1373 3689 1424 ἐν

2116 1462 2228 1523 τοῖς
2255 1460 2572 1530 ἀλλοφύλοις
2622 1460 2851 1525 ἔθνεσιν,
2886 1461 2934 1512 εί
2967 1460 3299 1531 εύρίσκοιντό
3327 1476 3469 1521 τινες
3502 1461 3692 1527 ἐπιτη-

2116 1550 2274 1613 δείως
2306 1550 2518 1620 ἔχοντες
2562 1549 2699 1622 πρὸς
2740 1550 3035 1621 σωτηρίαν,
3076 1549 3229 1603 οὐδὲν
3259 1548 3325 1602 ἂν
3360 1548 3561 1601 κωλύοι
3590 1549 3691 1617 τῆς

2120 1642 2216 1712 σῆς
2249 1642 2556 1712 ἐπισκοπῆς
2589 1642 2786 1705 αὐτοὺς
2820 1644 3004 1711 τυχεῖν
3049 1641 3190 1694 κατὰ
3232 1642 3323 1693 τὸν
3360 1641 3453 1693 τοῦ
3482 1640 3688 1693 δικαίου

2116 1735 2292 1803 λόγον.
2314 1736 2403 1788 Διό
2422 1752 2582 1807 φημι·
2605 1737 2875 1803 Πρόσχες
2901 1734 3008 1787 τοῦ
3032 1733 3476 1802 ἐπισκέψασθαι
3496 1732 3697 1788 πάντα

444 1805 788 1897 iniquitatem
822 1840 989 1896 supra
1027 1840 1247 1895 quoque
1281 1834 1547 1876 memorat
1584 1823 1773 1877 dicens
1811 1842 1825 1876 ;
1858 1819 2016 1889 Eripe

2122 1827 2193 1880 ιὰ
2217 1827 2381 1895 ἕθνη’
2406 1805 2531 1890 τούς
2555 1826 2612 1880 δέ
2636 1823 3029 1898 ἐργαζομένους
3053 1825 3152 1896 τὴν
3180 1825 3431 1895 ἀνομίαν,
3459 1824 3580 1878 ὅθεν
3596 1824 3697 1896 δή·

446 1934 525 1971 ute
551 1918 614 1971 de
644 1916 979 1986 operantibus
1012 1917 1365 1986 iniquitatem,
1397 1915 1525 1968 etde
1558 1914 1683 1967 viris
1700 1912 2016 1983 sanguinum

444 2008 594 2062 salva
625 2024 723 2062 me.
761 2008 854 2062 Sic
884 2008 1114 2062 vocabat
1140 2021 1236 2062 eos
1269 2006 1362 2075 qui
1398 2004 1669 2058 Salvatori
1696 2012 1887 2059 nostro
1915 2004 2020 2057 im-

445 2100 563 2170 pias
594 2100 826 2154 intulere
860 2113 1077 2152 manus.
1118 2096 1349 2152 Eosdem
1376 2112 1595 2167 quoque
1637 2095 2021 2151 suhindicabat

447 2194 500 2245 in
526 2207 614 2246 LIV
638 2191 848 2263 psalmo
899 2189 1111 2253 dicens,
1172 2190 1437 2256 Quoniam
1471 2188 1578 2242 vidi
1611 2189 1940 2257 iniquitatem
1968 2196 2018 2242 et

443 2282 914 2337 contradictionem
943 2283 998 2334 in
1052 2281 1260 2335 civitate
1282 2296 1301 2334 :
1336 2282 1419 2334 die
1450 2296 1511 2333 ac
1542 2290 1687 2333 nocte
1715 2280 2016 2332 circumda-

444 2374 520 2427 bit
542 2390 659 2428 eam
680 2374 755 2439 7‘;
784 2388 847 2427 ac
864 2386 1085 2438 rursus;
1128 2372 1625 2428 Contaminaverunt
1648 2382 2017 2426 testamentum

442 2470 578 2534 ejus,
602 2468 756 2522 divisi
779 2476 901 2522 sunt
937 2467 1002 2521 ab
1034 2469 1119 2521 ira
1171 2467 1345 2522 vultus
1380 2467 1493 2535 ejus
1525 2467 1611 2533 7‘;
1664 2467 1971 2536 iterumque
1999 2484 2012 2520 :

458 2562 569 2615 Viri
602 2562 917 2633 sanguinum
940 2570 988 2615 et
1009 2560 1181 2615 dolosi
1213 2578 1315 2614 non
1343 2558 1699 2613 dimidiabunt
1722 2559 1832 2614 dies
1859 2575 2018 2614 suos:

442 2670 535 2723 ego
562 2662 737 2707 autem
767 2653 823 2705 in
852 2662 900 2706 te
928 2651 1147 2721 sperabo
1178 2652 1245 2705 7'.

2120 1937 2252 1973 ποτε
2284 1916 2414 1984 εἷεν,
2453 1917 2528 1991 μὴ
2564 1919 2929 1992 οίκτειρήσῃς.
2975 1918 3267 1989 Μέμνηται
3295 1916 3352 1969 δέ
3381 1916 3489 1969 τῶν
3528 1917 3693 1987 ἐργα-

2121 2010 2364 2082 ζομένων
2384 2011 2483 2081 τὴν
2502 2011 2745 2081 ἀνομίαν-
2759 2011 2855 2064 καὶ
2884 2010 3141 2081 ἀνωτέρω
3161 2008 3350 2077 λέγων’
3386 2008 3597 2061 ’Ρῦσαί
3612 2026 3690 2077 με

2118 2104 2188 2157 ὲκ
2211 2102 2330 2156 τῶν
2363 2101 2768 2171 ἐργαζομένων
2792 2102 2906 2171 τὴν
2937 2102 3213 2170 ἀνομίαν,
3244 2100 3343 2153 καὶ
3364 2099 3434 2163 ἐξ
3457 2098 3692 2167 ἀνδρῶν

2120 2196 2380 2265 αἱμάτων
2412 2194 2620 2248 σῶσόν
2654 2212 2748 2263 με.
2780 2193 2936 2248 Οὕτω
2961 2194 3027 2247 δέ»
3054 2193 3237 2248 ἐκάλει
3268 2194 3394 2255 τοὺς
3425 2191 3573 2246 κατά
3592 2190 3686 2244 τοῦ

2122 2285 2374 2355 Σωτῆρος
2419 2284 2577 2355 ἡμῶν
2624 2283 2814 2347 ἀθέους
2856 2284 3257 2352 ἐπενέγκαντας
3299 2285 3503 2353 χεῖρας.
3550 2281 3686 2344 Τοὺς

2121 2374 2318 2437 αὐτοὺς
2349 2372 2407 2426 δὲ
2441 2371 2685 2443 ᾐνίττετο
2712 2372 2805 2424 καὶ
2835 2373 2893 2425 ἐν
2926 2370 2995 2424 νδ⁹
3027 2371 3224 2443 ψαλμῷ
3246 2371 3437 2439 λέγων·
3470 2371 3588 2423 ’Ότι
3608 2366 3688 2423 εἷ-

2120 2465 2231 2521 der
2255 2466 2510 2535 ἀνομίαν
2535 2464 2637 2518 καὶ
2659 2464 3008 2534 ἀντιλογίαν
3025 2464 3095 2517 ἐν
3117 2462 3194 2532 τῇ
3222 2465 3414 2519 πόλει.
3450 2462 3685 2532 Ἡμέρας

2121 2558 2222 2612 καὶ
2251 2558 2473 2624 νυκτὸς
2510 2558 2808 2611 κυκλώσει
2844 2556 3055 2623 αὑτήν·
3099 2556 3195 2610 καὶ
3227 2556 3408 2610 πάλιν·
3466 2554 3691 2620 Ἐόεϐή-

2132 2654 2328 2704 ιωσαν
2363 2650 2479 2719 τὴν
2518 2648 2809 2717 διαθήκην
2847 2647 3053 2715 αὑτοῦ,
3094 2648 3558 2718 διεμερίσθησαν
3589 2647 3689 2701 ἀπ’

446 2748 633 2819 ὀργῆς
677 2749 784 2803 τοῦ
821 2748 1144 2818 προσώπου
1188 2748 1397 2802 αὑτοῦ·
1443 2747 1534 2801 καὶ
1574 2742 1747 2810 αὖθις·
1819 2745 2057 2814 Ἄνδρες
2092 2745 2483 2816 αἱμάτωνκαὶ
2531 2744 2879 2813 ὃολιότητος
2916 2745 2989 2799 οὐ
3018 2741 3107 2815 μὴ
3148 2744 3522 2813 ἡμισεύσωσι
3588 2740 3693 2807 τὰς

447 2840 671 2911 ἡμέρας
697 2837 912 2893 αὐτῶν·
947 2837 1062 2909 ἐγὼ
1086 2838 1153 2891 δὲ
1183 2838 1277 2891 ἐπὶ
1310 2838 1384 2892 σὲ
1407 2836 1613 2892 ἐλπιῶ.

521 2952 685 3009 Vens.
723 2954 775 3017 7,
810 2953 894 3007 l2.
934 2952 1310 3008 Convertentur
1337 2951 1405 3005 ad
1432 2969 1717 3021 vesperam,
1741 2964 1790 3007 et
1824 2953 2019 3022 [ainem

446 3046 717 3114 patientur
750 3055 806 3099 ut
838 3046 1007 3110 canis,
1037 3052 1087 3099 et
1108 3044 1400 3098 circuibunt
1420 3046 1702 3100 civitatem.
1722 3044 2018 3115 Postquam

2209 2948 2707 3017 Ἑπιστρέψουσιν
2741 2950 2829 3014 είς
2871 2947 3152 3017 ἑσπέραν,
3192 2945 3291 3001 καὶ
3329 2946 3695 3016 λιμὼξουσιν

2123 3045 2204 3111 ὡς
2233 3044 2411 3108 κύων,
2451 3040 2548 3094 καὶ
2582 3039 2968 3094 κυκλώσουσι
3004 3042 3206 3093 πόλιν.
3237 3038 3449 3109 Σφόδρα
3477 3038 3695 3093 ἀκολού-

450 3138 820 3193 visitationem
859 3138 1099 3208 gentium
1129 3146 1185 3191 et
1241 3136 1504 3191 ultionem
1539 3137 1879 3207 operantium
1915 3136 2017 3190 ini-

2122 3134 2228 3199 θως
2265 3130 2569 3201 ἐπισκοπὴν
2611 3131 2719 3183 τῶν
2760 3130 2926 3184 ἐθνῶν
2970 3129 3252 3193 ἱκετεύσας
3284 3128 3555 3198 γενέσθαι,
3586 3129 3695 3182 τῶν

450 3228 715 3298 quitatem
750 3227 865 3283 ﬁeri
901 3228 1129 3297 rogavit,
1173 3227 1465 3282 admodum
1496 3236 1896 3297 consequenter
1949 3228 2020 3282 ita

452 3330 639 3391 postea
666 3320 995 3375 vaticinatur
1026 3338 1040 3374 :
1074 3318 1453 3373 Convertentur
1477 3319 1547 3373 ad
1581 3335 1857 3389 vesperam.
1889 3320 2023 3387 Qui-

448 3424 579 3464 nam
626 3409 727 3475 illi,
781 3408 889 3463 nisi
930 3408 1028 3479 qui
1076 3417 1373 3478 operantur
1426 3409 1796 3480 iniquitatem,
1831 3419 1885 3465 et
1920 3410 2022 3464 viri

445 3501 815 3571 sanguinum?
840 3500 951 3555 Cur
984 3506 1165 3554 autem
1197 3499 1265 3553 ad
1312 3504 1621 3570 vesperam?
1644 3502 1770 3571 quia
1800 3503 1855 3555 in
1887 3518 2021 3558 con-

446 3589 818 3673 summatione
845 3589 1029 3644 saeculi
1049 3589 1162 3643 hmo
1181 3588 1360 3643 futura
1375 3600 1550 3645 erant.
1570 3590 1673 3645 Pro
1702 3592 1795 3645 illo
1816 3600 2020 3657 autem,

451 3685 521 3740 Et
542 3685 731 3755 {amem
750 3686 1016 3755 patientur
1040 3692 1096 3737 ut
1121 3685 1289 3748 canis,
1317 3683 1533 3754 Aquila,
1554 3684 1621 3738 Et
1645 3686 2024 3740 tumultuentur

448 3778 743 3841 utcanis;
798 3776 1181 3847 Symmachus,
1227 3773 1297 3828 Et
1348 3786 1677 3846 constrepent
1731 3786 1789 3829 ut
1834 3792 2021 3841 canes;

450 3866 777 3931 Theodotio,
847 3864 916 3919 Et
972 3865 1401 3935 vociferabantur
1426 3875 1485 3919 ut
1544 3867 1712 3931 canis,
1747 3874 1801 3922 et
1832 3871 2024 3936 quinta

450 3958 621 4014 editio
653 3957 921 4021 similiter,
963 3955 1034 4010 Et
1061 3956 1483 4026 vociferabantur
1511 3967 1568 4011 ut
1614 3974 1791 4013 caries.
1822 3957 2025 4029 Propa-

450 4051 563 4105 lam
578 4049 730 4105 hisce
746 4048 961 4112 verbis,
993 4064 1089 4105 eos
1114 4050 1207 4119 qui
1236 4064 1361 4103 sero
1391 4050 1630 4114 tandem,
1654 4058 1899 4120 tempore
1926 4048 2023 4105 ad-

455 4146 651 4196 ventus
677 4137 980 4195 Salvatoris
1007 4137 1208 4201 nostri,
1238 4137 1461 4207 perinde
1491 4145 1655 4208 atque
1687 4136 1818 4192 Saul
1865 4137 2023 4193 inno—

453 4237 672 4285 centem
718 4229 1136 4301 insequebatur,
1192 4229 1267 4283 ita
1294 4237 1350 4284 et
1397 4230 1498 4299 ipsi
1527 4230 1730 4284 bellum
1758 4230 2023 4286 adversus

450 4322 729 4377 Christum
754 4319 849 4377 Dei
884 4319 1193 4389 suscepturi
1233 4327 1413 4385 erant,
1464 4335 1632 4377 canes
1661 4322 2020 4391 nuncupavit.

450 4413 765 4481 Quinetiam
827 4428 924 4483 per
989 4413 1308 4483 prophetam
1366 4411 1561 4466 lsaiam
1613 4413 1730 4482 ipse
1785 4413 2023 4482 Spiritus

2122 3242 2179 3279 τε
2210 3222 2592 3295 ἐργαζομένων
2622 3221 2720 3293 τὴν
2757 3221 2981 3292 ἀνομίαν
3016 3220 3313 3290 ἐκδίκησιν,
3349 3218 3476 3288 ἐξῆς
3509 3217 3695 3271 θεσπιυ

2123 3316 2203 3382 ζει
2248 3315 2491 3384 φάσκων·
2551 3312 3055 3380 Ἐπιστρέψιουσιν
3090 3313 3177 3379 εὶς
3213 3309 3496 3379 ἑσπέραν.
3541 3309 3697 3374 Τίνες

2120 3409 2177 3462 δέ
2216 3402 2360 3461 οὗτοι
2402 3405 2516 3459 ἀλλ’
2545 3407 2592 3457 οἱ
2622 3402 2979 3475 ἐργαζόμενοι
3007 3403 3104 3475 τὴν
3138 3404 3365 3473 ἀνομίαν
3402 3402 3498 3456 καὶ
3526 3404 3575 3455 οἱ
3601 3402 3695 3456 άν-

2120 3500 2245 3569 δρες
2283 3498 2392 3553 τῶν
2435 3496 2715 3567 αἱμάτων;
2758 3494 2857 3549 Διὰ
2896 3494 2947 3549 τί
2983 3495 3040 3548 δέ
3070 3497 3153 3559 εις
3177 3493 3475 3563 ἐσπέραν;
3508 3493 3695 3564 ἐπειδὴ

2121 3591 2215 3643 ἐπὶ
2252 3588 2526 3659 συντελείᾳ
2563 3586 2656 3641 τοῦ
2700 3587 2893 3652 αἰῶνος
2939 3586 3139 3659 ἤμελλε
3182 3586 3353 3641 ταῦτα
3394 3584 3692 3656 γίγνεσθαι.

2134 3683 2279 3736 Ἀντὶ
2299 3683 2355 3735 δέ
2382 3682 2496 3745 τοῦ,
2526 3680 2635 3735 Kal
2662 3679 3029 3749 λιμώξουσιν
3046 3679 3125 3745 ὠς
3150 3679 3329 3741 κύων,
3357 3679 3385 3730 ὁ
3409 3678 3507 3748 μὲν
3540 3674 3699 3729 ’Λκύ-

2122 3775 2241 3837 λας,
2266 3773 2374 3827 Kal
2409 3771 2849 3840 ὀχλασάτωοναν
2874 3770 2955 3836 ὡς
2982 3770 3164 3833 κύων,
3195 3769 3559 3839 ἡρμήνευσεν·
3586 3768 3615 3820 ὁ
3638 3766 3697 3819 δὲ

2124 3866 2437 3937 Σύμμαχος,
2472 3866 2585 3919 Kal
2611 3862 3081 3933 συνηχήσουσιν
3102 3862 3183 3927 ὠς
3207 3862 3406 3925 κύνες·
3436 3860 3465 3913 ὁ
3491 3860 3549 3913 δέ
3572 3859 3701 3913 Θεο-

2120 3958 2332 4025 δοτίων,
2371 3957 2483 4012 Kal
2525 3955 2874 4025 ἠχήσουσιν
2911 3955 2993 4021 ὡς
3038 3954 3221 4007 κύωνο
3266 3953 3362 4005 καὶ
3398 3953 3431 4023 ἠ
3473 3950 3698 4022 πέμπτη

2122 4050 2331 4113 ἔκδυσις
2369 4050 2592 4121 ὁμοίως,
2619 4047 2730 4103 Kal
2769 4046 3119 4118 ἠχήσουσιν
3150 4045 3232 4111 ὡς
3271 4044 3469 4111 κύνες.
3518 4043 3717 4109 ’Δντιέ

2122 4159 2258 4214 κρυς
2282 4142 2339 4195 δέ
2366 4142 2454 4195 διὰ
2478 4140 2681 4194 τούτων
2702 4139 2831 4205 τοὺς
2860 4138 2960 4209 ὀψέ
2985 4155 3118 4192 ποτε
3152 4136 3294 4191 κατὰ
3324 4137 3451 4200 τοὺς
3476 4134 3698 4207 χρόνους

2121 4234 2222 4305 τῆς
2262 4231 2357 4286 τοῦ
2408 4233 2659 4304 Σωτῆρος
2711 4230 2871 4303 ήμῶν
2915 4229 3153 4299 ἀφίξεως
3200 4228 3403 4301 ὁμοίως
3448 4226 3529 4299 τῷ
3575 4225 3699 4279 τότε

2122 4325 2316 4391 Σαοὺλ,
2357 4324 2448 4378 τὸν
2474 4324 2713 4377 ἀναίτιον
2739 4322 3011 4389 διώξαντι,
3042 4321 3338 4393 μέλλοντας
3372 4319 3472 4391 καὶ
3502 4318 3701 4382 αὐτοὺς

2123 4416 2214 4470 τὸν
2251 4416 2483 4488 Χριστὸν
2527 4415 2622 4469 τοῦ
2665 4414 2801 4468 Θεοῦ
2855 4415 3132 4485 πολεμεῖν,
3180 4411 3348 4475 κύνας
3395 4412 3694 4482 ὠνόμασεν.

453 4514 679 4563 sanctus
700 4506 816 4562 haec
834 4505 1081 4562 declarat
1115 4522 1129 4559 :
1167 4504 1359 4560 Omnes
1387 4521 1543 4558 canes
1579 4506 1712 4558 muti
1740 4507 2020 4562 nescientes

2140 4507 2293 4560 Ἐπεὶ
2334 4506 2429 4561 καὶ
2469 4504 2558 4559 διὰ
2588 4504 2684 4558 τοῦ
2723 4506 3000 4577 προφήτου
3041 4503 3260 4556 Ἡσαΐου
3296 4503 3358 4556 τὸ
3389 4492 3519 4557 αὑτὸ
3546 4502 3699 4571 ἅγιον

454 4596 658 4651 latrare
688 4596 768 4662 7’;
797 4604 852 4649 et
878 4595 932 4647 in
967 4610 1060 4648 nt
1101 4594 1333 4664 psalmo,
1369 4594 1461 4662 qui
1497 4592 1799 4650 Salvatoris
1848 4596 2023 4650 nostri

452 4686 736 4742 cruciatus
766 4685 1053 4749 describit,
1077 4700 1144 4739 ex
1190 4683 1312 4753 ejus
1347 4682 1648 4739 Salvatoris
1676 4700 1909 4754 persona
1941 4688 2025 4741 di-

450 4778 599 4833 citur
642 4791 658 4828 :
712 4774 1178 4831 Circumdederunt
1226 4791 1308 4830 me
1339 4791 1493 4829 canes
1526 4776 1703 4841 multi,
1745 4759 2023 4830 concilium

453 4869 860 4940 malignantium
890 4865 1089 4920 obsedit
1124 4883 1204 4921 me
1246 4867 1314 4919 ⁷³.
1366 4866 1471 4933 Qui
1526 4866 1693 4937 igitur
1728 4876 2025 4938 operantur

452 4958 900 5028 iniquitatem,et
954 4956 1059 5010 viri
1112 4956 1464 5028 sanguinum,
1499 4958 1606 5013 etsi
1648 4958 1762 5028 jam
1793 4959 2023 5013 multum

452 5050 662 5104 viribus
705 5048 888 5103 valere
958 5054 1014 5102 et
1058 5048 1126 5101 ad
1159 5046 1399 5117 praesens
1456 5058 1671 5120 tempus
1705 5066 1929 5121 regnum
1964 5058 2024 5104 Iit

455 5138 853 5194 Saulobtinerc
885 5137 1199 5206 videantur;
1247 5146 1301 5193 at
1349 5148 1622 5210 quotquot
1648 5140 1825 5194 allinia
1850 5141 2024 5211 ipsius

452 5230 620 5301 gestis
646 5229 955 5291 ediderunt,
974 5238 1368 5285 convertentur
1388 5232 1631 5296 tandem,
1664 5238 1718 5286 et
1747 5231 1813 5285 ad
1832 5247 2025 5302 vespe-

454 5338 567 5394 ram
579 5322 1077 5385 tumultuabuntur,
1092 5337 1157 5378 ac
1169 5322 1638 5379 vociferabuntur:
1656 5324 1790 5379 nihil
1805 5325 2024 5394 quidem

455 5413 785 5466 articulatim
830 5414 1144 5485 loquentur,
1177 5431 1355 5486 neque
1402 5432 1469 5471 ex
1502 5417 1813 5471 rationabili
1845 5424 2026 5472 mente

452 5504 616 5558 verba
644 5506 929 5560 memoria
978 5506 1143 5577 digna
1183 5507 1500 5578 proferent;
1560 5508 1656 5564 sed
1710 5508 1937 5578 perinde
1967 5516 2026 5562 ut

452 5607 621 5647 canes
679 5591 919 5649 ululatus
976 5595 1224 5651 emittent
1270 5612 1546 5669 vocesque
1599 5599 2025 5655 contumeliosas

2128 4596 2353 4668 Πνεῦμα
2399 4598 2529 4669 περὶ
2573 4597 2680 4651 τῶν
2731 4595 2910 4651 αὐτῶν
2952 4594 3195 4649 διδάσκει
3243 4593 3419 4662 λέγον·
3472 4592 3701 4658 Πάντες

2128 4687 2310 4752 κύνες
2335 4686 2489 4740 ἐνεοῖ
2524 4690 2635 4741 οὐκ
2665 4686 2889 4752 ειδότες
2917 4682 3225 4739 ὑλακτεῖν·
3258 4683 3352 4736 καὶ
3374 4685 3430 4736 ἐν
3453 4689 3538 4737 κα¹
3560 4682 3697 4752 ψαλ-

2131 4778 2237 4850 μῷ,
2268 4777 2338 4832 τὰ
2368 4778 2513 4849 πάθη
2545 4777 2637 4832 τοῦ
2667 4777 2915 4849 Σωτῆρος
2939 4775 3095 4847 ἡμῶν
3121 4775 3493 4847 διαγράφοντι,
3517 4774 3576 4841 ἐξ
3604 4776 3701 4828 αύ-

2125 4870 2221 4923 τοῦ
2253 4870 2541 4942 προσώπου
2578 4870 2823 4924 λέλεκται
2860 4868 2955 4922 τοῦ
2990 4867 3261 4939 Σωτῆρος
3298 4867 3700 4934 Περιεκύκλω-

2127 4960 2251 5015 σάν
2271 4980 2349 5031 με
2373 4963 2553 5028 κύνες
2582 4959 2820 5024 πολλοὶ,
2852 4959 3172 5029 συναγωγὴ
3207 4958 3701 5029 πονηρευομένων

2128 5053 2451 5122 περιέσχον
2470 5069 2564 5122 με.
2603 5054 2665 5105 υἱ
2698 5048 2791 5105 οὖν
2822 5050 3178 5123 ἐργαζόμενοι
3217 5054 3316 5122 τὴν
3352 5052 3579 5122 ἀνομίαν
3608 5051 3701 5105 καὶ

2128 5148 2179 5199 οἱ
2207 5146 2399 5216 ἄνδρες
2424 5144 2534 5197 τῶν
2558 5144 2823 5215 αἱμάτων,
2855 5145 2903 5196 εί
2925 5145 3018 5197 καὶ
3046 5141 3117 5196 τὰ
3151 5141 3385 5212 μάλιστα
3409 5143 3505 5197 νῦν
3532 5143 3700 5197 πολλά

2127 5239 2384 5293 δύνασθαι
2420 5237 2656 5299 δοκοῦσι,
2687 5238 2781 5289 καὶ
2807 5237 2905 5308 τῆς
2936 5235 3212 5307 βασιλείας
3248 5239 3471 5308 κρατεῖν
3512 5235 3700 5307 ὥσπερ

2130 5331 2304 5385 Σαοὺλ
2343 5329 2482 5393 τέως
2522 5330 2615 5382 ἐπὶ
2642 5327 2735 5382 τοῦ
2768 5328 3051 5400 παρόντος,
3077 5328 3213 5382 ἀλλὰ
3237 5329 3437 5393 πάντες
3468 5346 3531 5397 γε
3553 5329 3601 5381 οἱ
3631 5328 3700 5380 τά

2129 5420 2331 5490 ἀδελφά
2350 5420 2525 5491 τούτῳ
2550 5420 2853 5493 πράξαντες
2872 5420 3289 5490 ἐπιστρέψουσιν
3309 5421 3406 5492 ὀψέ
3430 5438 3581 5485 ποτε,
3606 5420 3700 5473 καί⁸

2130 5510 2210 5572 είς
2249 5509 2487 5580 ἐσπέραν
2524 5508 2810 5580 όχλάσουσί
2851 5526 2913 5562 τε
2949 5510 3046 5562 καὶ
3092 5511 3505 5582 συνηχήσουσιν,
3545 5510 3699 5563 ούδέν

2133 5601 2232 5670 μὲν
2288 5599 2549 5673 ἔναρθρον
2601 5600 2982 5673 φθεγγόμενοι,
3038 5601 3161 5655 οὐδὲ
3208 5604 3276 5655 ἐκ
3326 5602 3550 5674 λογικῆς
3584 5602 3698 5656 δια-

528 5748 574 5781 "
611 5746 757 5803 Psa'.
796 5765 905 5819 xw,
944 5750 1029 5823 ιο,
1058 5753 1142 5809 li.
1219 5755 1265 5788 "
1303 5754 1439 5814 ibid.
1473 5753 1677 5825 2|,22.
1755 5757 1801 5791 ⁷⁸
1839 5753 1983 5813 Psal.

2122 5756 2253 5826 ,‘Il.
2330 5758 2374 5793 ⁷⁷
2416 5756 2520 5814 lsa.
2553 5772 2671 5827 ινι,
2707 5757 2793 5814 10.
2867 5758 2913 5791 ⁷⁸
2952 5756 3096 5815 Psal.
3133 5773 3257 5829 ut,
3296 5758 3378 5815 l7.
