  <div class='ocr_page' id='page_1' title='image "/cluster/home/n/w/nwhite01/storage/ocr_20150623/23/nnc1.0046978313/296.png"; bbox 0 0 4142 6388; ppageno 0'>
   <div class='ocr_carea' id='block_1_1' title="bbox 399 371 498 427">
    <p class='ocr_par' dir='ltr' id='par_1_1' title="bbox 399 371 498 427">
     <span class='ocr_line' id='line_1_1' title="bbox 399 371 498 427; baseline 0.01 -2"><span class='ocrx_word' id='word_1_1' title='bbox 399 371 498 427; x_wconf 75' lang='lat' dir='ltr'><strong>5M</strong></span> 
     </span>
    </p>
   </div>
   <div class='ocr_carea' id='block_1_2' title="bbox 1519 366 2516 430">
    <p class='ocr_par' dir='ltr' id='par_1_2' title="bbox 1519 366 2516 430">
     <span class='ocr_line' id='line_1_2' title="bbox 1519 366 2516 430; baseline -0.006 0"><span class='ocrx_word' id='word_1_2' title='bbox 1519 368 2024 430; x_wconf 67' lang='lat' dir='ltr'><strong>COM&#39;MENTARIA</strong></span> <span class='ocrx_word' id='word_1_3' title='bbox 2065 368 2133 424; x_wconf 84' lang='lat' dir='ltr'><strong>lN</strong></span> <span class='ocrx_word' id='word_1_4' title='bbox 2174 366 2516 424; x_wconf 79' lang='lat' dir='ltr'><strong>PSALMOS.</strong></span> 
     </span>
    </p>
   </div>
   <div class='ocr_carea' id='block_1_3' title="bbox 3558 375 3669 432">
    <p class='ocr_par' dir='ltr' id='par_1_3' title="bbox 3558 375 3669 432">
     <span class='ocr_line' id='line_1_3' title="bbox 3558 375 3669 432; baseline -0.018 0"><span class='ocrx_word' id='word_1_5' title='bbox 3558 375 3669 432; x_wconf 72' lang='lat'><strong>542</strong></span> 
     </span>
    </p>
   </div>
   <div class='ocr_carea' id='block_1_4' title="bbox 398 465 1985 565">
    <p class='ocr_par' dir='ltr' id='par_1_4' title="bbox 398 486 1981 565">
     <span class='ocr_line' id='line_1_4' title="bbox 398 486 1981 565; baseline -0.001 -23"><span class='ocrx_word' id='word_1_6' title='bbox 398 488 545 552; x_wconf 80' lang='grc' dir='ltr'>νοίας</span> <span class='ocrx_word' id='word_1_7' title='bbox 589 486 783 558; x_wconf 85' lang='grc' dir='ltr'>λόγους</span> <span class='ocrx_word' id='word_1_8' title='bbox 832 489 1015 555; x_wconf 75' lang='grc' dir='ltr'>ἀξίους</span> <span class='ocrx_word' id='word_1_9' title='bbox 1056 492 1284 564; x_wconf 85' lang='grc' dir='ltr'>μνήμης</span> <span class='ocrx_word' id='word_1_10' title='bbox 1305 492 1729 565; x_wconf 73' lang='grc' dir='ltr'><strong>προσφέροντες,</strong></span> <span class='ocrx_word' id='word_1_11' title='bbox 1765 489 1891 543; x_wconf 74' lang='grc' dir='ltr'>κυσὶ</span> <span class='ocrx_word' id='word_1_12' title='bbox 1925 489 1981 541; x_wconf 80' lang='grc' dir='ltr'><strong>δὲ</strong></span> 
     </span>
    </p>
   </div>
   <div class='ocr_carea' id='block_1_5' title="bbox 2087 465 3665 565">
    <p class='ocr_par' dir='ltr' id='par_1_5' title="bbox 2087 465 3665 559">
     <span class='ocr_line' id='line_1_5' title="bbox 2087 465 3665 559; baseline 0.004 -19"><span class='ocrx_word' id='word_1_13' title='bbox 2087 493 2137 540; x_wconf 86' lang='lat' dir='ltr'><strong>et</strong></span> <span class='ocrx_word' id='word_1_14' title='bbox 2182 486 2546 557; x_wconf 85' lang='lat' dir='ltr'><strong>impudentes.</strong></span> <span class='ocrx_word' id='word_1_15' title='bbox 2576 485 2758 552; x_wconf 82' lang='lat' dir='ltr'><strong>Quare</strong></span> <span class='ocrx_word' id='word_1_16' title='bbox 2791 487 2992 543; x_wconf 79' lang='lat' dir='ltr'><strong>famem</strong></span> <span class='ocrx_word' id='word_1_17' title='bbox 3033 488 3330 559; x_wconf 81' lang='lat' dir='ltr'><strong>patientur,</strong></span> <span class='ocrx_word' id='word_1_18' title='bbox 3369 465 3665 558; x_wconf 43' lang='lat' dir='ltr'><strong>pane&#39;vita:</strong></span> 
     </span>
    </p>
   </div>
   <div class='ocr_carea' id='block_1_6' title="bbox 397 578 1980 653">
    <p class='ocr_par' dir='ltr' id='par_1_6' title="bbox 397 578 1980 653">
     <span class='ocr_line' id='line_1_6' title="bbox 397 578 1980 653; baseline 0.003 -24"><span class='ocrx_word' id='word_1_19' title='bbox 397 578 794 650; x_wconf 79' lang='grc' dir='ltr'><strong>παραπλησίως</strong></span> <span class='ocrx_word' id='word_1_20' title='bbox 825 581 1104 651; x_wconf 79' lang='grc' dir='ltr'>ὑλαγμοὺς</span> <span class='ocrx_word' id='word_1_21' title='bbox 1135 583 1409 653; x_wconf 73' lang='grc' dir='ltr'><strong>ἀφιέντες,</strong></span> <span class='ocrx_word' id='word_1_22' title='bbox 1437 583 1622 652; x_wconf 82' lang='grc' dir='ltr'>φωνάς</span> <span class='ocrx_word' id='word_1_23' title='bbox 1644 599 1703 635; x_wconf 90' lang='grc' dir='ltr'><strong>τε</strong></span> <span class='ocrx_word' id='word_1_24' title='bbox 1734 581 1980 653; x_wconf 77' lang='grc' dir='ltr'>ὑϐριστι-</span> 
     </span>
    </p>
   </div>
   <div class='ocr_carea' id='block_1_7' title="bbox 397 670 1981 746">
    <p class='ocr_par' dir='ltr' id='par_1_7' title="bbox 397 670 1981 746">
     <span class='ocr_line' id='line_1_7' title="bbox 397 670 1981 746; baseline 0.001 -22"><span class='ocrx_word' id='word_1_25' title='bbox 397 670 501 734; x_wconf 78' lang='grc' dir='ltr'><strong>κάς</strong></span> <span class='ocrx_word' id='word_1_26' title='bbox 532 672 624 725; x_wconf 79' lang='grc' dir='ltr'>καὶ</span> <span class='ocrx_word' id='word_1_27' title='bbox 656 672 911 737; x_wconf 79' lang='grc' dir='ltr'><strong>ἀναιδεῖς.</strong></span> <span class='ocrx_word' id='word_1_28' title='bbox 960 674 1051 727; x_wconf 78' lang='grc' dir='ltr'>Διὸ</span> <span class='ocrx_word' id='word_1_29' title='bbox 1091 676 1185 728; x_wconf 72' lang='grc' dir='ltr'><strong>καὶ</strong></span> <span class='ocrx_word' id='word_1_30' title='bbox 1219 674 1546 746; x_wconf 81' lang='grc' dir='ltr'>λιμὼξουσιν</span> <span class='ocrx_word' id='word_1_31' title='bbox 1575 675 1670 728; x_wconf 83' lang='grc' dir='ltr'><strong>τοῦ</strong></span> <span class='ocrx_word' id='word_1_32' title='bbox 1701 675 1801 744; x_wconf 85' lang='grc' dir='ltr'><strong>τῆς</strong></span> <span class='ocrx_word' id='word_1_33' title='bbox 1835 672 1981 742; x_wconf 79' lang='grc' dir='ltr'>ζωῆς</span> 
     </span>
    </p>
   </div>
   <div class='ocr_carea' id='block_1_8' title="bbox 396 761 1979 837">
    <p class='ocr_par' dir='ltr' id='par_1_8' title="bbox 396 761 1979 837">
     <span class='ocr_line' id='line_1_8' title="bbox 396 761 1979 837; baseline 0.002 -22"><span class='ocrx_word' id='word_1_34' title='bbox 396 761 563 832; x_wconf 84' lang='grc' dir='ltr'>ἄρτου</span> <span class='ocrx_word' id='word_1_35' title='bbox 595 761 981 832; x_wconf 72' lang='grc' dir='ltr'><strong>στερηθέντες⁸</strong></span> <span class='ocrx_word' id='word_1_36' title='bbox 1019 765 1142 817; x_wconf 79' lang='grc' dir='ltr'>ἐπεὶ</span> <span class='ocrx_word' id='word_1_37' title='bbox 1177 766 1250 836; x_wconf 85' lang='grc' dir='ltr'>μὴ</span> <span class='ocrx_word' id='word_1_38' title='bbox 1283 764 1646 836; x_wconf 80' lang='grc' dir='ltr'>παρεδέξαντο</span> <span class='ocrx_word' id='word_1_39' title='bbox 1673 765 1771 837; x_wconf 80' lang='grc' dir='ltr'>τὴν</span> <span class='ocrx_word' id='word_1_40' title='bbox 1800 766 1979 835; x_wconf 89' lang='grc' dir='ltr'>σωτή-</span> 
     </span>
    </p>
   </div>
   <div class='ocr_carea' id='block_1_9' title="bbox 402 854 1984 929">
    <p class='ocr_par' dir='ltr' id='par_1_9' title="bbox 402 854 1984 929">
     <span class='ocr_line' id='line_1_9' title="bbox 402 854 1984 929; baseline 0.002 -24"><span class='ocrx_word' id='word_1_41' title='bbox 402 870 515 918; x_wconf 89' lang='grc' dir='ltr'>ριον</span> <span class='ocrx_word' id='word_1_42' title='bbox 541 855 635 906; x_wconf 76' lang='grc' dir='ltr'>καὶ</span> <span class='ocrx_word' id='word_1_43' title='bbox 658 854 906 925; x_wconf 78' lang='grc' dir='ltr'>οὐράνιον</span> <span class='ocrx_word' id='word_1_44' title='bbox 931 858 1155 928; x_wconf 75' lang='grc' dir='ltr'>τροφὴν,</span> <span class='ocrx_word' id='word_1_45' title='bbox 1192 857 1354 911; x_wconf 79' lang='grc' dir='ltr'>αὐτὸν</span> <span class='ocrx_word' id='word_1_46' title='bbox 1385 857 1476 911; x_wconf 86' lang='grc' dir='ltr'><strong>τὸν</strong></span> <span class='ocrx_word' id='word_1_47' title='bbox 1502 858 1763 929; x_wconf 78' lang='grc' dir='ltr'>εἰρηκότα</span> <span class='ocrx_word' id='word_1_48' title='bbox 1781 874 1794 887; x_wconf 74' lang='grc'><strong><em>⁸</em></strong></span> <span class='ocrx_word' id='word_1_49' title='bbox 1843 854 1984 924; x_wconf 71' lang='grc' dir='ltr'><strong>Ἐγώ</strong></span> 
     </span>
    </p>
   </div>
   <div class='ocr_carea' id='block_1_10' title="bbox 397 944 1980 1018">
    <p class='ocr_par' dir='ltr' id='par_1_10' title="bbox 397 944 1980 1018">
     <span class='ocr_line' id='line_1_10' title="bbox 397 944 1980 1018; baseline 0.003 -21"><span class='ocrx_word' id='word_1_50' title='bbox 397 948 515 1014; x_wconf 79' lang='grc' dir='ltr'>εἰμι</span> <span class='ocrx_word' id='word_1_51' title='bbox 560 948 592 999; x_wconf 85' lang='grc' dir='ltr'><strong>ό</strong></span> <span class='ocrx_word' id='word_1_52' title='bbox 633 944 814 1014; x_wconf 79' lang='grc' dir='ltr'>ἄρτος</span> <span class='ocrx_word' id='word_1_53' title='bbox 865 951 898 1001; x_wconf 85' lang='grc' dir='ltr'><strong>ό</strong></span> <span class='ocrx_word' id='word_1_54' title='bbox 942 949 1011 1003; x_wconf 80' lang='grc' dir='ltr'>ἐκ</span> <span class='ocrx_word' id='word_1_55' title='bbox 1064 949 1170 1003; x_wconf 86' lang='grc' dir='ltr'><strong>τοῦ</strong></span> <span class='ocrx_word' id='word_1_56' title='bbox 1222 950 1484 1018; x_wconf 73' lang='grc' dir='ltr'>οὐρανοῦ</span> <span class='ocrx_word' id='word_1_57' title='bbox 1536 948 1829 1015; x_wconf 70' lang='grc' dir='ltr'>καταϐὰς,</span> <span class='ocrx_word' id='word_1_58' title='bbox 1882 948 1980 1001; x_wconf 76' lang='grc' dir='ltr'>καὶ</span> 
     </span>
    </p>
   </div>
   <div class='ocr_carea' id='block_1_11' title="bbox 397 1035 1982 1110">
    <p class='ocr_par' dir='ltr' id='par_1_11' title="bbox 397 1035 1982 1110">
     <span class='ocr_line' id='line_1_11' title="bbox 397 1035 1982 1110; baseline 0.002 -21"><span class='ocrx_word' id='word_1_59' title='bbox 397 1035 605 1103; x_wconf 80' lang='grc' dir='ltr'>διδοὺς</span> <span class='ocrx_word' id='word_1_60' title='bbox 650 1036 803 1106; x_wconf 74' lang='grc' dir='ltr'>ζωὴν</span> <span class='ocrx_word' id='word_1_61' title='bbox 836 1040 967 1106; x_wconf 84' lang='grc' dir='ltr'>τοῖς</span> <span class='ocrx_word' id='word_1_62' title='bbox 1015 1038 1371 1110; x_wconf 77' lang='grc' dir='ltr'>ἀνθρώποις.</span> <span class='ocrx_word' id='word_1_63' title='bbox 1434 1042 1596 1096; x_wconf 88' lang='grc' dir='ltr'>Ὅθεν</span> <span class='ocrx_word' id='word_1_64' title='bbox 1647 1042 1743 1095; x_wconf 75' lang='grc' dir='ltr'><strong>καὶ</strong></span> <span class='ocrx_word' id='word_1_65' title='bbox 1795 1041 1982 1110; x_wconf 72' lang='grc' dir='ltr'>ἕτερος</span> 
     </span>
    </p>
   </div>
   <div class='ocr_carea' id='block_1_12' title="bbox 400 1132 1978 1206">
    <p class='ocr_par' dir='ltr' id='par_1_12' title="bbox 400 1132 1978 1206">
     <span class='ocr_line' id='line_1_12' title="bbox 400 1132 1978 1206; baseline 0.002 -24"><span class='ocrx_word' id='word_1_66' title='bbox 400 1135 687 1203; x_wconf 76' lang='grc' dir='ltr'>προφήτης</span> <span class='ocrx_word' id='word_1_67' title='bbox 718 1133 810 1186; x_wconf 84' lang='grc' dir='ltr'><strong>τὸν</strong></span> <span class='ocrx_word' id='word_1_68' title='bbox 838 1132 995 1204; x_wconf 82' lang='grc' dir='ltr'>λιμὸν</span> <span class='ocrx_word' id='word_1_69' title='bbox 1022 1134 1209 1187; x_wconf 91' lang='grc' dir='ltr'>τοῦτον</span> <span class='ocrx_word' id='word_1_70' title='bbox 1236 1135 1606 1206; x_wconf 77' lang='grc' dir='ltr'>αἰνιττόμενος</span> <span class='ocrx_word' id='word_1_71' title='bbox 1634 1134 1764 1186; x_wconf 80' lang='grc' dir='ltr'>ἐϐόα</span> <span class='ocrx_word' id='word_1_72' title='bbox 1787 1133 1978 1201; x_wconf 78' lang='grc' dir='ltr'>λέγων’</span> 
     </span>
    </p>
   </div>
   <div class='ocr_carea' id='block_1_13' title="bbox 412 1218 1984 1295">
    <p class='ocr_par' dir='ltr' id='par_1_13' title="bbox 412 1218 1984 1295">
     <span class='ocr_line' id='line_1_13' title="bbox 412 1218 1984 1295; baseline 0.013 -23"><span class='ocrx_word' id='word_1_73' title='bbox 412 1218 568 1274; x_wconf 85' lang='grc' dir='ltr'>Ἰδοὺ</span> <span class='ocrx_word' id='word_1_74' title='bbox 610 1225 663 1275; x_wconf 85' lang='grc' dir='ltr'>οἱ</span> <span class='ocrx_word' id='word_1_75' title='bbox 705 1221 1103 1290; x_wconf 82' lang='grc' dir='ltr'>δουλεύοντές</span> <span class='ocrx_word' id='word_1_76' title='bbox 1155 1244 1256 1295; x_wconf 84' lang='grc' dir='ltr'>μοι</span> <span class='ocrx_word' id='word_1_77' title='bbox 1315 1224 1603 1295; x_wconf 68' lang='grc' dir='ltr'>φάγονται</span> <span class='ocrx_word' id='word_1_78' title='bbox 1626 1266 1642 1289; x_wconf 90' lang='grc'><strong>,</strong></span> <span class='ocrx_word' id='word_1_79' title='bbox 1693 1224 1863 1293; x_wconf 81' lang='grc' dir='ltr'><strong>ὑμεῖς</strong></span> <span class='ocrx_word' id='word_1_80' title='bbox 1915 1222 1984 1277; x_wconf 74' lang='grc' dir='ltr'><em>δὲ</em></span> 
     </span>
    </p>
   </div>
   <div class='ocr_carea' id='block_1_14' title="bbox 399 1308 1982 1383">
    <p class='ocr_par' dir='ltr' id='par_1_14' title="bbox 399 1308 1982 1383">
     <span class='ocr_line' id='line_1_14' title="bbox 399 1308 1982 1383; baseline 0.001 -22"><span class='ocrx_word' id='word_1_81' title='bbox 399 1308 751 1365; x_wconf 74' lang='grc' dir='ltr'>πεινάσετεο</span> <span class='ocrx_word' id='word_1_82' title='bbox 816 1312 945 1367; x_wconf 80' lang='grc' dir='ltr'>ίδοὺ</span> <span class='ocrx_word' id='word_1_83' title='bbox 1002 1317 1056 1368; x_wconf 86' lang='grc' dir='ltr'>οὶ</span> <span class='ocrx_word' id='word_1_84' title='bbox 1109 1314 1509 1379; x_wconf 75' lang='grc' dir='ltr'>ὃουλεύοντές</span> <span class='ocrx_word' id='word_1_85' title='bbox 1556 1331 1660 1383; x_wconf 83' lang='grc' dir='ltr'>μοι</span> <span class='ocrx_word' id='word_1_86' title='bbox 1714 1314 1982 1378; x_wconf 82' lang='grc' dir='ltr'>πίονται,</span> 
     </span>
    </p>
   </div>
   <div class='ocr_carea' id='block_1_15' title="bbox 398 1401 1984 1477">
    <p class='ocr_par' dir='ltr' id='par_1_15' title="bbox 398 1401 1984 1477">
     <span class='ocr_line' id='line_1_15' title="bbox 398 1401 1984 1477; baseline 0.003 -22"><span class='ocrx_word' id='word_1_87' title='bbox 398 1401 571 1471; x_wconf 84' lang='grc' dir='ltr'><strong>ὑμεῖς</strong></span> <span class='ocrx_word' id='word_1_88' title='bbox 623 1402 691 1455; x_wconf 85' lang='grc' dir='ltr'>δὲ</span> <span class='ocrx_word' id='word_1_89' title='bbox 746 1403 1059 1473; x_wconf 71' lang='grc' dir='ltr'>διψήσετε.</span> <span class='ocrx_word' id='word_1_90' title='bbox 1108 1406 1469 1477; x_wconf 80' lang='grc' dir='ltr'>Στερηθέντες</span> <span class='ocrx_word' id='word_1_91' title='bbox 1513 1405 1569 1459; x_wconf 85' lang='grc' dir='ltr'>δὲ</span> <span class='ocrx_word' id='word_1_92' title='bbox 1614 1406 1715 1476; x_wconf 93' lang='grc' dir='ltr'><strong>τῆς</strong></span> <span class='ocrx_word' id='word_1_93' title='bbox 1764 1406 1984 1459; x_wconf 76' lang='grc' dir='ltr'>αἰωνίου</span> 
     </span>
    </p>
   </div>
   <div class='ocr_carea' id='block_1_16' title="bbox 398 1495 1982 1569">
    <p class='ocr_par' dir='ltr' id='par_1_16' title="bbox 398 1495 1982 1569">
     <span class='ocr_line' id='line_1_16' title="bbox 398 1495 1982 1569; baseline 0.002 -23"><span class='ocrx_word' id='word_1_94' title='bbox 398 1495 607 1564; x_wconf 86' lang='grc' dir='ltr'>τροφῆς</span> <span class='ocrx_word' id='word_1_95' title='bbox 653 1496 748 1549; x_wconf 75' lang='grc' dir='ltr'><strong>καὶ</strong></span> <span class='ocrx_word' id='word_1_96' title='bbox 792 1497 882 1549; x_wconf 87' lang='grc' dir='ltr'><strong>τὸν</strong></span> <span class='ocrx_word' id='word_1_97' title='bbox 924 1497 1088 1569; x_wconf 84' lang='grc' dir='ltr'>ἄρτον</span> <span class='ocrx_word' id='word_1_98' title='bbox 1133 1498 1232 1567; x_wconf 86' lang='grc' dir='ltr'><strong>τῆς</strong></span> <span class='ocrx_word' id='word_1_99' title='bbox 1280 1497 1427 1568; x_wconf 73' lang='grc' dir='ltr'>ζωῆς</span> <span class='ocrx_word' id='word_1_100' title='bbox 1480 1497 1982 1569; x_wconf 82' lang='grc' dir='ltr'>παραιτησάμενοι,</span> 
     </span>
    </p>
   </div>
   <div class='ocr_carea' id='block_1_17' title="bbox 398 1584 1982 1659">
    <p class='ocr_par' dir='ltr' id='par_1_17' title="bbox 398 1584 1982 1659">
     <span class='ocr_line' id='line_1_17' title="bbox 398 1584 1982 1659; baseline 0.003 -22"><span class='ocrx_word' id='word_1_101' title='bbox 398 1584 580 1638; x_wconf 81' lang='grc' dir='ltr'>οὐκέθ’</span> <span class='ocrx_word' id='word_1_102' title='bbox 613 1585 689 1650; x_wconf 85' lang='grc' dir='ltr'><strong>ὡς</strong></span> <span class='ocrx_word' id='word_1_103' title='bbox 720 1587 970 1659; x_wconf 78' lang='grc' dir='ltr'>πρόϐατα</span> <span class='ocrx_word' id='word_1_104' title='bbox 1007 1590 1327 1659; x_wconf 85' lang='grc' dir='ltr'>γενήσονται</span> <span class='ocrx_word' id='word_1_105' title='bbox 1359 1588 1453 1640; x_wconf 89' lang='grc' dir='ltr'><strong>τοῦ</strong></span> <span class='ocrx_word' id='word_1_106' title='bbox 1484 1587 1652 1642; x_wconf 87' lang='grc' dir='ltr'>καλοῦ</span> <span class='ocrx_word' id='word_1_107' title='bbox 1693 1588 1949 1659; x_wconf 81' lang='grc' dir='ltr'>ποιμένος</span> <span class='ocrx_word' id='word_1_108' title='bbox 1968 1603 1982 1618; x_wconf 79' lang='grc'><strong><em>⁸</em></strong></span> 
     </span>
    </p>
   </div>
   <div class='ocr_carea' id='block_1_18' title="bbox 401 1674 1985 1750">
    <p class='ocr_par' dir='ltr' id='par_1_18' title="bbox 401 1674 1985 1750">
     <span class='ocr_line' id='line_1_18' title="bbox 401 1674 1985 1750; baseline -0.001 -19"><span class='ocrx_word' id='word_1_109' title='bbox 401 1678 915 1750; x_wconf 78' lang='grc' dir='ltr'>παραδληθήσονται</span> <span class='ocrx_word' id='word_1_110' title='bbox 946 1679 1003 1731; x_wconf 80' lang='grc' dir='ltr'>δὲ</span> <span class='ocrx_word' id='word_1_111' title='bbox 1033 1681 1211 1734; x_wconf 80' lang='grc' dir='ltr'>κυσίν.</span> <span class='ocrx_word' id='word_1_112' title='bbox 1259 1674 1395 1732; x_wconf 80' lang='grc' dir='ltr'>Εἶτα</span> <span class='ocrx_word' id='word_1_113' title='bbox 1420 1678 1477 1732; x_wconf 82' lang='grc' dir='ltr'>δὲ</span> <span class='ocrx_word' id='word_1_114' title='bbox 1510 1680 1605 1732; x_wconf 69' lang='grc' dir='ltr'>καὶ</span> <span class='ocrx_word' id='word_1_115' title='bbox 1649 1680 1749 1749; x_wconf 86' lang='grc' dir='ltr'><strong>τῆς</strong></span> <span class='ocrx_word' id='word_1_116' title='bbox 1777 1678 1985 1732; x_wconf 77' lang='grc' dir='ltr'>ἑαυτῶν</span> 
     </span>
    </p>
   </div>
   <div class='ocr_carea' id='block_1_19' title="bbox 400 1769 1988 1842">
    <p class='ocr_par' dir='ltr' id='par_1_19' title="bbox 400 1769 1988 1842">
     <span class='ocr_line' id='line_1_19' title="bbox 400 1769 1988 1842; baseline 0 -20"><span class='ocrx_word' id='word_1_117' title='bbox 400 1769 641 1834; x_wconf 84' lang='grc' dir='ltr'>πόλεως,</span> <span class='ocrx_word' id='word_1_118' title='bbox 672 1771 737 1841; x_wconf 84' lang='grc' dir='ltr'>ἣν</span> <span class='ocrx_word' id='word_1_119' title='bbox 771 1769 957 1834; x_wconf 83' lang='grc' dir='ltr'>κακῶς</span> <span class='ocrx_word' id='word_1_120' title='bbox 1000 1770 1248 1842; x_wconf 76' lang='grc' dir='ltr'>ᾤκησαν,</span> <span class='ocrx_word' id='word_1_121' title='bbox 1295 1769 1801 1840; x_wconf 89' lang='grc' dir='ltr'>ἀπελασθήσονται·</span> <span class='ocrx_word' id='word_1_122' title='bbox 1853 1770 1988 1822; x_wconf 86' lang='grc' dir='ltr'>ἀπο-</span> 
     </span>
    </p>
   </div>
   <div class='ocr_carea' id='block_1_20' title="bbox 2083 578 3663 649">
    <p class='ocr_par' dir='ltr' id='par_1_20' title="bbox 2083 578 3663 649">
     <span class='ocr_line' id='line_1_20' title="bbox 2083 578 3663 649; baseline 0.004 -17"><span class='ocrx_word' id='word_1_123' title='bbox 2083 578 2303 648; x_wconf 79' lang='lat' dir='ltr'><strong>privati,</strong></span> <span class='ocrx_word' id='word_1_124' title='bbox 2333 579 2461 649; x_wconf 87' lang='lat' dir='ltr'><strong>quia</strong></span> <span class='ocrx_word' id='word_1_125' title='bbox 2495 579 2789 635; x_wconf 79' lang='lat' dir='ltr'><strong>salutarem</strong></span> <span class='ocrx_word' id='word_1_126' title='bbox 2810 588 2866 635; x_wconf 89' lang='lat' dir='ltr'><strong>et</strong></span> <span class='ocrx_word' id='word_1_127' title='bbox 2898 582 3177 637; x_wconf 66' lang='lat' dir='ltr'><strong>caelestem</strong></span> <span class='ocrx_word' id='word_1_128' title='bbox 3205 582 3388 636; x_wconf 83' lang='lat' dir='ltr'><strong>cibum</strong></span> <span class='ocrx_word' id='word_1_129' title='bbox 3434 599 3542 638; x_wconf 90' lang='lat' dir='ltr'><strong>non</strong></span> <span class='ocrx_word' id='word_1_130' title='bbox 3568 599 3663 639; x_wconf 86' lang='lat' dir='ltr'><strong>ac-</strong></span> 
     </span>
    </p>
   </div>
   <div class='ocr_carea' id='block_1_21' title="bbox 2082 670 3666 745">
    <p class='ocr_par' dir='ltr' id='par_1_21' title="bbox 2082 670 3666 745">
     <span class='ocr_line' id='line_1_21' title="bbox 2082 670 3666 745; baseline 0.004 -22"><span class='ocrx_word' id='word_1_131' title='bbox 2082 678 2367 739; x_wconf 83' lang='lat' dir='ltr'><strong>ceperunt,</strong></span> <span class='ocrx_word' id='word_1_132' title='bbox 2422 670 2599 740; x_wconf 85' lang='lat' dir='ltr'><strong>ipsum</strong></span> <span class='ocrx_word' id='word_1_133' title='bbox 2629 671 2842 726; x_wconf 73' lang='lat' dir='ltr'><strong>scilicet</strong></span> <span class='ocrx_word' id='word_1_134' title='bbox 2880 673 2974 741; x_wconf 89' lang='lat' dir='ltr'><strong>qui</strong></span> <span class='ocrx_word' id='word_1_135' title='bbox 3018 673 3093 726; x_wconf 87' lang='lat' dir='ltr'><strong>ait</strong></span> <span class='ocrx_word' id='word_1_136' title='bbox 3131 692 3144 725; x_wconf 93' lang='lat'><strong>:</strong></span> <span class='ocrx_word' id='word_1_137' title='bbox 3185 672 3299 744; x_wconf 85' lang='lat' dir='ltr'><strong>Ego</strong></span> <span class='ocrx_word' id='word_1_138' title='bbox 3330 691 3445 728; x_wconf 88' lang='lat' dir='ltr'><strong>sum</strong></span> <span class='ocrx_word' id='word_1_139' title='bbox 3489 678 3666 745; x_wconf 85' lang='lat' dir='ltr'><strong>panis,</strong></span> 
     </span>
    </p>
   </div>
   <div class='ocr_carea' id='block_1_22' title="bbox 2082 760 3665 833">
    <p class='ocr_par' dir='ltr' id='par_1_22' title="bbox 2082 760 3665 833">
     <span class='ocr_line' id='line_1_22' title="bbox 2082 760 3665 833; baseline 0.006 -21"><span class='ocrx_word' id='word_1_140' title='bbox 2082 762 2173 831; x_wconf 87' lang='lat' dir='ltr'><strong>qui</strong></span> <span class='ocrx_word' id='word_1_141' title='bbox 2207 760 2271 816; x_wconf 91' lang='lat' dir='ltr'><strong>de</strong></span> <span class='ocrx_word' id='word_1_142' title='bbox 2296 762 2424 815; x_wconf 73' lang='lat' dir='ltr'><strong>caelo</strong></span> <span class='ocrx_word' id='word_1_143' title='bbox 2447 761 2739 826; x_wconf 81' lang='lat' dir='ltr'><strong>descendit,</strong></span> <span class='ocrx_word' id='word_1_144' title='bbox 2772 772 2819 817; x_wconf 89' lang='lat' dir='ltr'><strong>et</strong></span> <span class='ocrx_word' id='word_1_145' title='bbox 2840 764 2929 833; x_wconf 86' lang='lat' dir='ltr'><strong>qui</strong></span> <span class='ocrx_word' id='word_1_146' title='bbox 2955 764 3047 816; x_wconf 90' lang='lat' dir='ltr'><strong>dat</strong></span> <span class='ocrx_word' id='word_1_147' title='bbox 3086 765 3248 818; x_wconf 85' lang='lat' dir='ltr'><strong>vitam</strong></span> <span class='ocrx_word' id='word_1_148' title='bbox 3277 766 3575 821; x_wconf 86' lang='lat' dir='ltr'><strong>hominibus</strong></span> <span class='ocrx_word' id='word_1_149' title='bbox 3598 769 3665 821; x_wconf 79' lang='lat'><strong>&quot;.</strong></span> 
     </span>
    </p>
   </div>
   <div class='ocr_carea' id='block_1_23' title="bbox 2085 851 3669 924">
    <p class='ocr_par' dir='ltr' id='par_1_23' title="bbox 2085 851 3669 924">
     <span class='ocr_line' id='line_1_23' title="bbox 2085 851 3669 924; baseline 0.005 -20"><span class='ocrx_word' id='word_1_150' title='bbox 2085 851 2265 917; x_wconf 84' lang='lat' dir='ltr'><strong>Quare</strong></span> <span class='ocrx_word' id='word_1_151' title='bbox 2286 854 2427 908; x_wconf 89' lang='lat' dir='ltr'><strong>alius</strong></span> <span class='ocrx_word' id='word_1_152' title='bbox 2449 854 2710 924; x_wconf 87' lang='lat' dir='ltr'><strong>propheta</strong></span> <span class='ocrx_word' id='word_1_153' title='bbox 2751 854 3066 923; x_wconf 91' lang='lat' dir='ltr'><strong>hujusmodi</strong></span> <span class='ocrx_word' id='word_1_154' title='bbox 3103 855 3299 911; x_wconf 83' lang='lat' dir='ltr'><strong>famem</strong></span> <span class='ocrx_word' id='word_1_155' title='bbox 3331 857 3669 913; x_wconf 87' lang='lat' dir='ltr'><strong>admnbrans</strong></span> 
     </span>
    </p>
   </div>
   <div class='ocr_carea' id='block_1_24' title="bbox 2084 944 3665 1015">
    <p class='ocr_par' dir='ltr' id='par_1_24' title="bbox 2084 944 3665 1015">
     <span class='ocr_line' id='line_1_24' title="bbox 2084 944 3665 1015; baseline 0.003 -18"><span class='ocrx_word' id='word_1_156' title='bbox 2084 945 2356 1000; x_wconf 87' lang='lat' dir='ltr'><strong>clamabat</strong></span> <span class='ocrx_word' id='word_1_157' title='bbox 2389 946 2580 1001; x_wconf 87' lang='lat' dir='ltr'><strong>dicens</strong></span> <span class='ocrx_word' id='word_1_158' title='bbox 2610 964 2623 1000; x_wconf 73' lang='grc' dir='ltr'><strong>ε</strong></span> <span class='ocrx_word' id='word_1_159' title='bbox 2664 944 2797 1000; x_wconf 84' lang='lat' dir='ltr'><strong>Ecce</strong></span> <span class='ocrx_word' id='word_1_160' title='bbox 2822 947 2912 1015; x_wconf 91' lang='lat' dir='ltr'><strong>qui</strong></span> <span class='ocrx_word' id='word_1_161' title='bbox 2950 950 3182 1001; x_wconf 79' lang='lat' dir='ltr'><strong>serviunt</strong></span> <span class='ocrx_word' id='word_1_162' title='bbox 3210 948 3349 1002; x_wconf 82' lang='lat' dir='ltr'><strong>mihi</strong></span> <span class='ocrx_word' id='word_1_163' title='bbox 3371 951 3665 1014; x_wconf 84' lang='lat' dir='ltr'><strong>comedent,</strong></span> 
     </span>
    </p>
   </div>
   <div class='ocr_carea' id='block_1_25' title="bbox 2084 1040 3666 1109">
    <p class='ocr_par' dir='ltr' id='par_1_25' title="bbox 2084 1040 3666 1109">
     <span class='ocr_line' id='line_1_25' title="bbox 2084 1040 3666 1109; baseline 0.003 -17"><span class='ocrx_word' id='word_1_164' title='bbox 2084 1055 2172 1092; x_wconf 80' lang='lat' dir='ltr'><strong>vos</strong></span> <span class='ocrx_word' id='word_1_165' title='bbox 2204 1048 2378 1092; x_wconf 89' lang='lat' dir='ltr'><strong>autem</strong></span> <span class='ocrx_word' id='word_1_166' title='bbox 2430 1040 2674 1092; x_wconf 84' lang='lat' dir='ltr'><strong>esurietis</strong></span> <span class='ocrx_word' id='word_1_167' title='bbox 2699 1055 2718 1093; x_wconf 93' lang='lat'><em>:</em></span> <span class='ocrx_word' id='word_1_168' title='bbox 2765 1055 2880 1092; x_wconf 78' lang='lat' dir='ltr'><strong>ecce</strong></span> <span class='ocrx_word' id='word_1_169' title='bbox 2917 1040 3007 1109; x_wconf 93' lang='lat' dir='ltr'><strong>qui</strong></span> <span class='ocrx_word' id='word_1_170' title='bbox 3036 1042 3268 1094; x_wconf 84' lang='lat' dir='ltr'><strong>serviunt</strong></span> <span class='ocrx_word' id='word_1_171' title='bbox 3306 1042 3437 1095; x_wconf 75' lang='lat' dir='ltr'><strong>mihi</strong></span> <span class='ocrx_word' id='word_1_172' title='bbox 3469 1042 3666 1107; x_wconf 85' lang='lat' dir='ltr'><strong>bibent,</strong></span> 
     </span>
    </p>
   </div>
   <div class='ocr_carea' id='block_1_26' title="bbox 2086 1128 3669 1201">
    <p class='ocr_par' dir='ltr' id='par_1_26' title="bbox 2086 1128 3669 1201">
     <span class='ocr_line' id='line_1_26' title="bbox 2086 1128 3669 1201; baseline 0.003 -18"><span class='ocrx_word' id='word_1_173' title='bbox 2086 1145 2174 1183; x_wconf 77' lang='lat' dir='ltr'><strong>vos</strong></span> <span class='ocrx_word' id='word_1_174' title='bbox 2210 1138 2385 1182; x_wconf 87' lang='lat' dir='ltr'><strong>autem</strong></span> <span class='ocrx_word' id='word_1_175' title='bbox 2411 1130 2601 1183; x_wconf 85' lang='lat' dir='ltr'><strong>sitietis</strong></span> <span class='ocrx_word' id='word_1_176' title='bbox 2627 1129 2695 1184; x_wconf 64' lang='lat'><strong>3°.</strong></span> <span class='ocrx_word' id='word_1_177' title='bbox 2728 1128 2955 1182; x_wconf 60' lang='lat' dir='ltr'><strong>rEterna</strong></span> <span class='ocrx_word' id='word_1_178' title='bbox 2985 1137 3166 1185; x_wconf 87' lang='lat' dir='ltr'><strong>autem</strong></span> <span class='ocrx_word' id='word_1_179' title='bbox 3194 1145 3317 1185; x_wconf 85' lang='lat' dir='ltr'><strong>esca</strong></span> <span class='ocrx_word' id='word_1_180' title='bbox 3352 1130 3570 1201; x_wconf 83' lang='lat' dir='ltr'><strong>privati,</strong></span> <span class='ocrx_word' id='word_1_181' title='bbox 3604 1146 3669 1187; x_wconf 87' lang='lat' dir='ltr'><strong>ac</strong></span> 
     </span>
    </p>
   </div>
   <div class='ocr_carea' id='block_1_27' title="bbox 2086 1220 3668 1292">
    <p class='ocr_par' dir='ltr' id='par_1_27' title="bbox 2086 1220 3668 1292">
     <span class='ocr_line' id='line_1_27' title="bbox 2086 1220 3668 1292; baseline 0.005 -21"><span class='ocrx_word' id='word_1_182' title='bbox 2086 1234 2226 1289; x_wconf 89' lang='lat' dir='ltr'><strong>pane</strong></span> <span class='ocrx_word' id='word_1_183' title='bbox 2256 1220 2381 1273; x_wconf 71' lang='lat' dir='ltr'><strong>vitae</strong></span> <span class='ocrx_word' id='word_1_184' title='bbox 2408 1221 2638 1288; x_wconf 87' lang='lat' dir='ltr'><strong>rejecto,</strong></span> <span class='ocrx_word' id='word_1_185' title='bbox 2670 1235 2779 1273; x_wconf 90' lang='lat' dir='ltr'><strong>non</strong></span> <span class='ocrx_word' id='word_1_186' title='bbox 2824 1220 2967 1274; x_wconf 88' lang='lat' dir='ltr'><strong>ultra</strong></span> <span class='ocrx_word' id='word_1_187' title='bbox 3002 1230 3060 1274; x_wconf 93' lang='lat' dir='ltr'><strong>ut</strong></span> <span class='ocrx_word' id='word_1_188' title='bbox 3104 1235 3234 1276; x_wconf 88' lang='lat' dir='ltr'><strong>oves</strong></span> <span class='ocrx_word' id='word_1_189' title='bbox 3268 1221 3397 1275; x_wconf 87' lang='lat' dir='ltr'><strong>boni</strong></span> <span class='ocrx_word' id='word_1_190' title='bbox 3430 1222 3668 1292; x_wconf 66' lang='lat' dir='ltr'><strong>pastoris</strong></span> 
     </span>
    </p>
   </div>
   <div class='ocr_carea' id='block_1_28' title="bbox 2084 1310 3668 1381">
    <p class='ocr_par' dir='ltr' id='par_1_28' title="bbox 2084 1310 3668 1381">
     <span class='ocr_line' id='line_1_28' title="bbox 2084 1310 3668 1381; baseline 0.004 -18"><span class='ocrx_word' id='word_1_191' title='bbox 2084 1310 2504 1379; x_wconf 89' lang='lat' dir='ltr'><strong>reputabuntur,</strong></span> <span class='ocrx_word' id='word_1_192' title='bbox 2547 1311 2640 1366; x_wconf 90' lang='lat' dir='ltr'><strong>sed</strong></span> <span class='ocrx_word' id='word_1_193' title='bbox 2673 1311 2903 1367; x_wconf 88' lang='lat' dir='ltr'><strong>canibus</strong></span> <span class='ocrx_word' id='word_1_194' title='bbox 2935 1312 3420 1381; x_wconf 83' lang='lat' dir='ltr'><strong>comparabuntur.</strong></span> <span class='ocrx_word' id='word_1_195' title='bbox 3464 1311 3668 1369; x_wconf 81' lang='lat' dir='ltr'><strong>Deinde</strong></span> 
     </span>
    </p>
   </div>
   <div class='ocr_carea' id='block_1_29' title="bbox 2085 1400 3668 1471">
    <p class='ocr_par' dir='ltr' id='par_1_29' title="bbox 2085 1400 3668 1471">
     <span class='ocr_line' id='line_1_29' title="bbox 2085 1400 3668 1471; baseline 0.003 -19"><span class='ocrx_word' id='word_1_196' title='bbox 2085 1414 2218 1453; x_wconf 84' lang='lat' dir='ltr'><strong>vero</strong></span> <span class='ocrx_word' id='word_1_197' title='bbox 2249 1416 2315 1453; x_wconf 84' lang='lat' dir='ltr'><strong>ex</strong></span> <span class='ocrx_word' id='word_1_198' title='bbox 2351 1400 2575 1454; x_wconf 84' lang='lat' dir='ltr'><strong>civitate</strong></span> <span class='ocrx_word' id='word_1_199' title='bbox 2606 1416 2726 1460; x_wconf 86' lang='lat' dir='ltr'><strong>sua.</strong></span> <span class='ocrx_word' id='word_1_200' title='bbox 2762 1417 2925 1469; x_wconf 89' lang='lat' dir='ltr'><strong>quam</strong></span> <span class='ocrx_word' id='word_1_201' title='bbox 2955 1401 3200 1471; x_wconf 87' lang='lat' dir='ltr'><strong>improbe</strong></span> <span class='ocrx_word' id='word_1_202' title='bbox 3229 1403 3540 1467; x_wconf 84' lang='lat' dir='ltr'><strong>coluerunt,</strong></span> <span class='ocrx_word' id='word_1_203' title='bbox 3571 1416 3668 1457; x_wconf 79' lang='lat' dir='ltr'><strong>ex-</strong></span> 
     </span>
    </p>
   </div>
   <div class='ocr_carea' id='block_1_30' title="bbox 2086 1492 3670 1563">
    <p class='ocr_par' dir='ltr' id='par_1_30' title="bbox 2086 1492 3670 1563">
     <span class='ocr_line' id='line_1_30' title="bbox 2086 1492 3670 1563; baseline 0.004 -20"><span class='ocrx_word' id='word_1_204' title='bbox 2086 1492 2458 1546; x_wconf 87' lang='lat' dir='ltr'><strong>turhabuntur</strong></span> <span class='ocrx_word' id='word_1_205' title='bbox 2494 1511 2506 1546; x_wconf 91' lang='lat'>:</span> <span class='ocrx_word' id='word_1_206' title='bbox 2544 1502 2707 1563; x_wconf 89' lang='lat' dir='ltr'><strong>atque</strong></span> <span class='ocrx_word' id='word_1_207' title='bbox 2755 1494 2829 1547; x_wconf 86' lang='lat' dir='ltr'><strong>ita</strong></span> <span class='ocrx_word' id='word_1_208' title='bbox 2884 1493 3268 1557; x_wconf 82' lang='lat' dir='ltr'><strong>excludentur,</strong></span> <span class='ocrx_word' id='word_1_209' title='bbox 3305 1501 3364 1547; x_wconf 86' lang='lat' dir='ltr'><strong>ut</strong></span> <span class='ocrx_word' id='word_1_210' title='bbox 3405 1510 3474 1548; x_wconf 88' lang='lat' dir='ltr'><strong>ne</strong></span> <span class='ocrx_word' id='word_1_211' title='bbox 3523 1495 3670 1549; x_wconf 82' lang='lat' dir='ltr'><strong>ultra</strong></span> 
     </span>
    </p>
   </div>
   <div class='ocr_carea' id='block_1_31' title="bbox 2093 1584 3669 1655">
    <p class='ocr_par' dir='ltr' id='par_1_31' title="bbox 2093 1584 3669 1655">
     <span class='ocr_line' id='line_1_31' title="bbox 2093 1584 3669 1655; baseline 0.001 -18"><span class='ocrx_word' id='word_1_212' title='bbox 2093 1585 2246 1638; x_wconf 89' lang='lat' dir='ltr'><strong>adire</strong></span> <span class='ocrx_word' id='word_1_213' title='bbox 2279 1586 2424 1639; x_wconf 87' lang='lat' dir='ltr'><strong>illam</strong></span> <span class='ocrx_word' id='word_1_214' title='bbox 2460 1586 2698 1640; x_wconf 85' lang='lat' dir='ltr'><strong>audeant</strong></span> <span class='ocrx_word' id='word_1_215' title='bbox 2736 1603 2749 1637; x_wconf 91' lang='lat'>:</span> <span class='ocrx_word' id='word_1_216' title='bbox 2784 1585 2913 1655; x_wconf 87' lang='lat' dir='ltr'><strong>quia</strong></span> <span class='ocrx_word' id='word_1_217' title='bbox 2970 1585 3073 1654; x_wconf 89' lang='lat' dir='ltr'><strong>ipsi</strong></span> <span class='ocrx_word' id='word_1_218' title='bbox 3105 1584 3225 1654; x_wconf 82' lang='lat' dir='ltr'><strong>ejus</strong></span> <span class='ocrx_word' id='word_1_219' title='bbox 3280 1586 3492 1648; x_wconf 67' lang='lat' dir='ltr'><strong>incolae,</strong></span> <span class='ocrx_word' id='word_1_220' title='bbox 3548 1600 3669 1639; x_wconf 90' lang='lat' dir='ltr'><strong>eam</strong></span> 
     </span>
    </p>
   </div>
   <div class='ocr_carea' id='block_1_32' title="bbox 2087 1676 3670 1748">
    <p class='ocr_par' dir='ltr' id='par_1_32' title="bbox 2087 1676 3670 1748">
     <span class='ocr_line' id='line_1_32' title="bbox 2087 1676 3670 1748; baseline -0.001 -13"><span class='ocrx_word' id='word_1_221' title='bbox 2087 1678 2352 1748; x_wconf 85' lang='lat' dir='ltr'><strong>sanguine</strong></span> <span class='ocrx_word' id='word_1_222' title='bbox 2396 1678 2763 1748; x_wconf 88' lang='lat' dir='ltr'><strong>repleverunt.</strong></span> <span class='ocrx_word' id='word_1_223' title='bbox 2810 1676 2990 1743; x_wconf 84' lang='lat' dir='ltr'><strong>Quare</strong></span> <span class='ocrx_word' id='word_1_224' title='bbox 3046 1677 3100 1730; x_wconf 91' lang='lat' dir='ltr'><strong>in</strong></span> <span class='ocrx_word' id='word_1_225' title='bbox 3161 1692 3327 1747; x_wconf 86' lang='lat' dir='ltr'><strong>supra</strong></span> <span class='ocrx_word' id='word_1_226' title='bbox 3364 1687 3670 1733; x_wconf 83' lang='lat' dir='ltr'><strong>memorato</strong></span> 
     </span>
    </p>
   </div>
   <div class='ocr_carea' id='block_1_33' title="bbox 2087 1769 3673 1835">
    <p class='ocr_par' dir='ltr' id='par_1_33' title="bbox 2087 1769 3673 1835">
     <span class='ocr_line' id='line_1_33' title="bbox 2087 1769 3673 1835; baseline 0 -11"><span class='ocrx_word' id='word_1_227' title='bbox 2087 1771 2209 1824; x_wconf 90' lang='lat' dir='ltr'><strong>loco</strong></span> <span class='ocrx_word' id='word_1_228' title='bbox 2234 1769 2520 1824; x_wconf 84' lang='lat' dir='ltr'><strong>dicebatur</strong></span> <span class='ocrx_word' id='word_1_229' title='bbox 2545 1783 2558 1821; x_wconf 89' lang='lat'><strong>:</strong></span> <span class='ocrx_word' id='word_1_230' title='bbox 2588 1769 2855 1835; x_wconf 81' lang='lat' dir='ltr'><strong>Quoniam</strong></span> <span class='ocrx_word' id='word_1_231' title='bbox 2889 1769 2993 1822; x_wconf 87' lang='lat' dir='ltr'><strong>vidi</strong></span> <span class='ocrx_word' id='word_1_232' title='bbox 3016 1769 3348 1835; x_wconf 82' lang='lat' dir='ltr'><strong>iniquitatem</strong></span> <span class='ocrx_word' id='word_1_233' title='bbox 3371 1779 3422 1823; x_wconf 90' lang='lat' dir='ltr'><strong>et</strong></span> <span class='ocrx_word' id='word_1_234' title='bbox 3454 1783 3673 1825; x_wconf 82' lang='lat' dir='ltr'><strong>eontra-</strong></span> 
     </span>
    </p>
   </div>
   <div class='ocr_carea' id='block_1_34' title="bbox 401 1839 1985 1933">
    <p class='ocr_par' dir='ltr' id='par_1_34' title="bbox 401 1858 1985 1933">
     <span class='ocr_line' id='line_1_34' title="bbox 401 1858 1985 1933; baseline 0.001 -21"><span class='ocrx_word' id='word_1_235' title='bbox 401 1858 810 1933; x_wconf 78' lang='grc' dir='ltr'>κλεισθήσονταί</span> <span class='ocrx_word' id='word_1_236' title='bbox 837 1878 897 1914; x_wconf 90' lang='grc' dir='ltr'><strong>τε</strong></span> <span class='ocrx_word' id='word_1_237' title='bbox 929 1862 1121 1931; x_wconf 79' lang='grc' dir='ltr'>αὐτῆς,</span> <span class='ocrx_word' id='word_1_238' title='bbox 1155 1861 1231 1924; x_wconf 85' lang='grc' dir='ltr'>ὡς</span> <span class='ocrx_word' id='word_1_239' title='bbox 1263 1860 1457 1932; x_wconf 76' lang='grc' dir='ltr'>μηκέτ’</span> <span class='ocrx_word' id='word_1_240' title='bbox 1485 1860 1655 1930; x_wconf 81' lang='grc' dir='ltr'>αὐτῆς</span> <span class='ocrx_word' id='word_1_241' title='bbox 1686 1860 1985 1914; x_wconf 79' lang='grc' dir='ltr'>ἐπιϐαίνειν</span> 
     </span>
    </p>
   </div>
   <div class='ocr_carea' id='block_1_35' title="bbox 2087 1839 3673 1933">
    <p class='ocr_par' dir='ltr' id='par_1_35' title="bbox 2087 1860 3673 1919">
     <span class='ocr_line' id='line_1_35' title="bbox 2087 1860 3673 1919; baseline 0.003 -5"><span class='ocrx_word' id='word_1_242' title='bbox 2087 1862 2370 1916; x_wconf 83' lang='lat' dir='ltr'><strong>dictionem</strong></span> <span class='ocrx_word' id='word_1_243' title='bbox 2401 1862 2457 1915; x_wconf 89' lang='lat' dir='ltr'><strong>in</strong></span> <span class='ocrx_word' id='word_1_244' title='bbox 2483 1862 2697 1915; x_wconf 82' lang='lat' dir='ltr'><strong>civitate</strong></span> <span class='ocrx_word' id='word_1_245' title='bbox 2717 1862 2782 1913; x_wconf 74' lang='grc'><strong>⁸⁸.</strong></span> <span class='ocrx_word' id='word_1_246' title='bbox 2821 1861 3034 1916; x_wconf 89' lang='lat' dir='ltr'><strong>Atenim</strong></span> <span class='ocrx_word' id='word_1_247' title='bbox 3066 1861 3140 1915; x_wconf 90' lang='lat' dir='ltr'><strong>ibi</strong></span> <span class='ocrx_word' id='word_1_248' title='bbox 3171 1860 3389 1917; x_wconf 87' lang='lat' dir='ltr'><strong>lsraelis</strong></span> <span class='ocrx_word' id='word_1_249' title='bbox 3432 1863 3485 1916; x_wconf 90' lang='lat' dir='ltr'><strong>in</strong></span> <span class='ocrx_word' id='word_1_250' title='bbox 3514 1861 3673 1919; x_wconf 75' lang='lat' dir='ltr'><strong>leru-</strong></span> 
     </span>
    </p>
   </div>
   <div class='ocr_carea' id='block_1_36' title="bbox 399 1951 1985 2025">
    <p class='ocr_par' dir='ltr' id='par_1_36' title="bbox 399 1951 1985 2025">
     <span class='ocr_line' id='line_1_36' title="bbox 399 1951 1985 2025; baseline 0.003 -21"><span class='ocrx_word' id='word_1_251' title='bbox 399 1951 631 2024; x_wconf 80' lang='grc' dir='ltr'>τολμᾷν·</span> <span class='ocrx_word' id='word_1_252' title='bbox 700 1953 999 2025; x_wconf 76' lang='grc' dir='ltr'>ἐπειδήπερ</span> <span class='ocrx_word' id='word_1_253' title='bbox 1050 1957 1099 2007; x_wconf 86' lang='grc' dir='ltr'><strong>οί</strong></span> <span class='ocrx_word' id='word_1_254' title='bbox 1162 1952 1439 2017; x_wconf 80' lang='grc' dir='ltr'>οἰκοῦντες</span> <span class='ocrx_word' id='word_1_255' title='bbox 1501 1955 1672 2024; x_wconf 74' lang='grc' dir='ltr'>αὐτὴν</span> <span class='ocrx_word' id='word_1_256' title='bbox 1733 1954 1985 2025; x_wconf 86' lang='grc' dir='ltr'>αἱμάτων</span> 
     </span>
    </p>
   </div>
   <div class='ocr_carea' id='block_1_37' title="bbox 400 2040 1981 2116">
    <p class='ocr_par' dir='ltr' id='par_1_37' title="bbox 400 2040 1981 2116">
     <span class='ocr_line' id='line_1_37' title="bbox 400 2040 1981 2116; baseline 0.001 -21"><span class='ocrx_word' id='word_1_257' title='bbox 400 2040 569 2112; x_wconf 68' lang='grc' dir='ltr'>αὐτὴν</span> <span class='ocrx_word' id='word_1_258' title='bbox 616 2041 907 2113; x_wconf 81' lang='grc' dir='ltr'>ἐπλήρουν.</span> <span class='ocrx_word' id='word_1_259' title='bbox 961 2042 1052 2095; x_wconf 82' lang='grc' dir='ltr'>Διὸ</span> <span class='ocrx_word' id='word_1_260' title='bbox 1096 2045 1154 2097; x_wconf 78' lang='grc' dir='ltr'>ἐν</span> <span class='ocrx_word' id='word_1_261' title='bbox 1196 2043 1274 2114; x_wconf 80' lang='grc' dir='ltr'><strong>τῷ</strong></span> <span class='ocrx_word' id='word_1_262' title='bbox 1309 2044 1710 2116; x_wconf 82' lang='grc' dir='ltr'>προδηλωθέντι</span> <span class='ocrx_word' id='word_1_263' title='bbox 1744 2044 1981 2113; x_wconf 78' lang='grc' dir='ltr'>ἐλέγετο·</span> 
     </span>
    </p>
   </div>
   <div class='ocr_carea' id='block_1_38' title="bbox 403 2130 1981 2206">
    <p class='ocr_par' dir='ltr' id='par_1_38' title="bbox 403 2130 1981 2206">
     <span class='ocr_line' id='line_1_38' title="bbox 403 2130 1981 2206; baseline 0.002 -20"><span class='ocrx_word' id='word_1_264' title='bbox 403 2134 524 2186; x_wconf 83' lang='grc' dir='ltr'>Ὅτι</span> <span class='ocrx_word' id='word_1_265' title='bbox 555 2130 718 2188; x_wconf 77' lang='grc' dir='ltr'>εἶδον</span> <span class='ocrx_word' id='word_1_266' title='bbox 755 2135 1013 2205; x_wconf 81' lang='grc' dir='ltr'>ἀνομίαν</span> <span class='ocrx_word' id='word_1_267' title='bbox 1057 2137 1156 2189; x_wconf 77' lang='grc' dir='ltr'>καὶ</span> <span class='ocrx_word' id='word_1_268' title='bbox 1198 2136 1546 2206; x_wconf 73' lang='grc' dir='ltr'>ἀντιλογίαν</span> <span class='ocrx_word' id='word_1_269' title='bbox 1583 2136 1652 2190; x_wconf 86' lang='grc' dir='ltr'>ἐν</span> <span class='ocrx_word' id='word_1_270' title='bbox 1677 2134 1753 2205; x_wconf 75' lang='grc' dir='ltr'>τῇ</span> <span class='ocrx_word' id='word_1_271' title='bbox 1785 2137 1981 2189; x_wconf 71' lang='grc' dir='ltr'>πόλει.</span> 
     </span>
    </p>
   </div>
   <div class='ocr_carea' id='block_1_39' title="bbox 412 2224 1982 2300">
    <p class='ocr_par' dir='ltr' id='par_1_39' title="bbox 412 2224 1982 2300">
     <span class='ocr_line' id='line_1_39' title="bbox 412 2224 1982 2300; baseline 0.002 -24"><span class='ocrx_word' id='word_1_272' title='bbox 412 2224 550 2277; x_wconf 82' lang='grc' dir='ltr'>Ἀλλ’</span> <span class='ocrx_word' id='word_1_273' title='bbox 584 2227 702 2278; x_wconf 76' lang='grc' dir='ltr'>ἐκεῖ</span> <span class='ocrx_word' id='word_1_274' title='bbox 747 2227 846 2298; x_wconf 84' lang='grc' dir='ltr'><strong>μὲν</strong></span> <span class='ocrx_word' id='word_1_275' title='bbox 894 2226 965 2279; x_wconf 84' lang='grc' dir='ltr'><strong>τά</strong></span> <span class='ocrx_word' id='word_1_276' title='bbox 1005 2226 1345 2299; x_wconf 82' lang='grc' dir='ltr'>τολμηθέντα</span> <span class='ocrx_word' id='word_1_277' title='bbox 1382 2226 1461 2299; x_wconf 79' lang='grc' dir='ltr'>τῷ</span> <span class='ocrx_word' id='word_1_278' title='bbox 1508 2228 1726 2300; x_wconf 80' lang='grc' dir='ltr'>Ἰσραὴλ</span> <span class='ocrx_word' id='word_1_279' title='bbox 1758 2230 1816 2281; x_wconf 80' lang='grc' dir='ltr'><strong>ἐν</strong></span> <span class='ocrx_word' id='word_1_280' title='bbox 1844 2228 1982 2299; x_wconf 81' lang='grc' dir='ltr'>αὐτῇ</span> 
     </span>
    </p>
   </div>
   <div class='ocr_carea' id='block_1_40' title="bbox 398 2317 1985 2391">
    <p class='ocr_par' dir='ltr' id='par_1_40' title="bbox 398 2317 1985 2391">
     <span class='ocr_line' id='line_1_40' title="bbox 398 2317 1985 2391; baseline 0.003 -23"><span class='ocrx_word' id='word_1_281' title='bbox 398 2317 836 2390; x_wconf 76' lang='grc' dir='ltr'>τῇἹερουσαλὴμ</span> <span class='ocrx_word' id='word_1_282' title='bbox 867 2317 1009 2372; x_wconf 76' lang='grc' dir='ltr'>κατὰ</span> <span class='ocrx_word' id='word_1_283' title='bbox 1035 2318 1129 2371; x_wconf 91' lang='grc' dir='ltr'><strong>τοῦ</strong></span> <span class='ocrx_word' id='word_1_284' title='bbox 1157 2320 1406 2391; x_wconf 85' lang='grc' dir='ltr'>Σωτῆρος</span> <span class='ocrx_word' id='word_1_285' title='bbox 1436 2319 1718 2391; x_wconf 78' lang='grc' dir='ltr'>ἐδηλοῦτο⁶</span> <span class='ocrx_word' id='word_1_286' title='bbox 1752 2320 1985 2374; x_wconf 80' lang='grc' dir='ltr'>ἐνταῦθα</span> 
     </span>
    </p>
   </div>
   <div class='ocr_carea' id='block_1_41' title="bbox 397 2408 1983 2483">
    <p class='ocr_par' dir='ltr' id='par_1_41' title="bbox 397 2408 1983 2483">
     <span class='ocr_line' id='line_1_41' title="bbox 397 2408 1983 2483; baseline 0.003 -22"><span class='ocrx_word' id='word_1_287' title='bbox 397 2408 456 2461; x_wconf 81' lang='grc' dir='ltr'>δὲ</span> <span class='ocrx_word' id='word_1_288' title='bbox 492 2408 552 2461; x_wconf 81' lang='grc' dir='ltr'><strong>τὸ</strong></span> <span class='ocrx_word' id='word_1_289' title='bbox 586 2408 934 2481; x_wconf 75' lang='grc' dir='ltr'>συμϐεϐηκὸς</span> <span class='ocrx_word' id='word_1_290' title='bbox 982 2410 1168 2473; x_wconf 82' lang='grc' dir='ltr'>αὐτοῖς</span> <span class='ocrx_word' id='word_1_291' title='bbox 1215 2411 1356 2482; x_wconf 86' lang='grc' dir='ltr'>μετὰ</span> <span class='ocrx_word' id='word_1_292' title='bbox 1394 2410 1568 2464; x_wconf 86' lang='grc' dir='ltr'>ταῦτα</span> <span class='ocrx_word' id='word_1_293' title='bbox 1596 2413 1662 2483; x_wconf 80' lang='grc' dir='ltr'>τῇ</span> <span class='ocrx_word' id='word_1_294' title='bbox 1696 2410 1791 2465; x_wconf 90' lang='grc' dir='ltr'><strong>τοῦ</strong></span> <span class='ocrx_word' id='word_1_295' title='bbox 1826 2412 1983 2481; x_wconf 80' lang='grc' dir='ltr'>ἁγίου</span> 
     </span>
    </p>
   </div>
   <div class='ocr_carea' id='block_1_42' title="bbox 400 2499 1984 2574">
    <p class='ocr_par' dir='ltr' id='par_1_42' title="bbox 400 2499 1984 2574">
     <span class='ocr_line' id='line_1_42' title="bbox 400 2499 1984 2574; baseline 0.003 -21"><span class='ocrx_word' id='word_1_296' title='bbox 400 2499 716 2570; x_wconf 83' lang='grc' dir='ltr'>Πνεῦματος</span> <span class='ocrx_word' id='word_1_297' title='bbox 757 2501 1065 2572; x_wconf 79' lang='grc' dir='ltr'>προγνώσει</span> <span class='ocrx_word' id='word_1_298' title='bbox 1107 2505 1139 2573; x_wconf 84' lang='grc' dir='ltr'><strong>ή</strong></span> <span class='ocrx_word' id='word_1_299' title='bbox 1178 2503 1366 2574; x_wconf 85' lang='grc' dir='ltr'>Γραφὴ</span> <span class='ocrx_word' id='word_1_300' title='bbox 1412 2503 1745 2574; x_wconf 87' lang='grc' dir='ltr'>στηλιτεύει·</span> <span class='ocrx_word' id='word_1_301' title='bbox 1781 2504 1862 2557; x_wconf 87' lang='grc' dir='ltr'><strong>διὸ</strong></span> <span class='ocrx_word' id='word_1_302' title='bbox 1889 2506 1984 2558; x_wconf 79' lang='grc' dir='ltr'><strong>καὶ</strong></span> 
     </span>
    </p>
   </div>
   <div class='ocr_carea' id='block_1_43' title="bbox 397 2594 1986 2668">
    <p class='ocr_par' dir='ltr' id='par_1_43' title="bbox 397 2594 1986 2668">
     <span class='ocr_line' id='line_1_43' title="bbox 397 2594 1986 2668; baseline 0.004 -23"><span class='ocrx_word' id='word_1_303' title='bbox 397 2594 815 2663; x_wconf 66' lang='grc' dir='ltr'>στηλογραρία</span> <span class='ocrx_word' id='word_1_304' title='bbox 838 2594 1121 2666; x_wconf 87' lang='grc' dir='ltr'>κέκληται.</span> <span class='ocrx_word' id='word_1_305' title='bbox 1153 2594 1259 2647; x_wconf 89' lang='grc' dir='ltr'><strong>Τοῦ</strong></span> <span class='ocrx_word' id='word_1_306' title='bbox 1289 2595 1345 2649; x_wconf 86' lang='grc' dir='ltr'>δὲ</span> <span class='ocrx_word' id='word_1_307' title='bbox 1372 2595 1532 2665; x_wconf 83' lang='grc' dir='ltr'>λόγου</span> <span class='ocrx_word' id='word_1_308' title='bbox 1558 2596 1618 2650; x_wconf 87' lang='grc' dir='ltr'><strong>τὸ</strong></span> <span class='ocrx_word' id='word_1_309' title='bbox 1639 2596 1986 2668; x_wconf 81' lang='grc' dir='ltr'>ἀποτέλεσμα</span> 
     </span>
    </p>
   </div>
   <div class='ocr_carea' id='block_1_44' title="bbox 397 2686 1985 2760">
    <p class='ocr_par' dir='ltr' id='par_1_44' title="bbox 397 2686 1985 2760">
     <span class='ocr_line' id='line_1_44' title="bbox 397 2686 1985 2760; baseline 0.003 -22"><span class='ocrx_word' id='word_1_310' title='bbox 397 2686 729 2759; x_wconf 76' lang='grc' dir='ltr'>παρίστησιν</span> <span class='ocrx_word' id='word_1_311' title='bbox 777 2690 810 2759; x_wconf 84' lang='grc' dir='ltr'><strong>ή</strong></span> <span class='ocrx_word' id='word_1_312' title='bbox 843 2688 953 2741; x_wconf 86' lang='grc' dir='ltr'><strong>τῶν</strong></span> <span class='ocrx_word' id='word_1_313' title='bbox 1004 2689 1344 2760; x_wconf 83' lang='grc' dir='ltr'>πραγμάτων</span> <span class='ocrx_word' id='word_1_314' title='bbox 1379 2688 1622 2752; x_wconf 78' lang='grc' dir='ltr'>ἔκϐασις.</span> <span class='ocrx_word' id='word_1_315' title='bbox 1672 2688 1831 2743; x_wconf 78' lang='grc' dir='ltr'>Μετὰ</span> <span class='ocrx_word' id='word_1_316' title='bbox 1854 2689 1985 2758; x_wconf 86' lang='grc' dir='ltr'>γοῦν</span> 
     </span>
    </p>
   </div>
   <div class='ocr_carea' id='block_1_45' title="bbox 399 2779 1983 2853">
    <p class='ocr_par' dir='ltr' id='par_1_45' title="bbox 399 2779 1983 2853">
     <span class='ocr_line' id='line_1_45' title="bbox 399 2779 1983 2853; baseline 0.001 -22"><span class='ocrx_word' id='word_1_317' title='bbox 399 2779 497 2850; x_wconf 80' lang='grc' dir='ltr'><strong>τὴν</strong></span> <span class='ocrx_word' id='word_1_318' title='bbox 527 2780 669 2834; x_wconf 82' lang='grc' dir='ltr'>κατὰ</span> <span class='ocrx_word' id='word_1_319' title='bbox 706 2780 800 2833; x_wconf 87' lang='grc' dir='ltr'><strong>τοῦ</strong></span> <span class='ocrx_word' id='word_1_320' title='bbox 826 2782 1076 2851; x_wconf 85' lang='grc' dir='ltr'>Σωτῆρος</span> <span class='ocrx_word' id='word_1_321' title='bbox 1106 2781 1261 2851; x_wconf 78' lang='grc' dir='ltr'>ἡμῶν</span> <span class='ocrx_word' id='word_1_322' title='bbox 1295 2781 1590 2853; x_wconf 70' lang='grc' dir='ltr'>ἐπιϐουλὴν</span> <span class='ocrx_word' id='word_1_323' title='bbox 1623 2781 1823 2847; x_wconf 81' lang='grc' dir='ltr'>αὐτῶν,</span> <span class='ocrx_word' id='word_1_324' title='bbox 1859 2782 1983 2833; x_wconf 81' lang='grc' dir='ltr'>ἐπι-</span> 
     </span>
    </p>
   </div>
   <div class='ocr_carea' id='block_1_46' title="bbox 402 2871 1984 2944">
    <p class='ocr_par' dir='ltr' id='par_1_46' title="bbox 402 2871 1984 2944">
     <span class='ocr_line' id='line_1_46' title="bbox 402 2871 1984 2944; baseline 0 -20"><span class='ocrx_word' id='word_1_325' title='bbox 402 2871 623 2935; x_wconf 71' lang='grc' dir='ltr'>στάντες</span> <span class='ocrx_word' id='word_1_326' title='bbox 682 2873 940 2943; x_wconf 86' lang='grc' dir='ltr'>Ῥωμαῖοι</span> <span class='ocrx_word' id='word_1_327' title='bbox 995 2872 1148 2933; x_wconf 85' lang='grc' dir='ltr'>τέλος</span> <span class='ocrx_word' id='word_1_328' title='bbox 1211 2874 1415 2941; x_wconf 74' lang='grc' dir='ltr'>ἐπῆγον</span> <span class='ocrx_word' id='word_1_329' title='bbox 1466 2877 1579 2937; x_wconf 81' lang='grc' dir='ltr'>τοῖς</span> <span class='ocrx_word' id='word_1_330' title='bbox 1629 2875 1984 2944; x_wconf 75' lang='grc' dir='ltr'>πρηφητικοῖς</span> 
     </span>
    </p>
   </div>
   <div class='ocr_carea' id='block_1_47' title="bbox 401 2956 1984 3030">
    <p class='ocr_par' dir='ltr' id='par_1_47' title="bbox 401 2956 1984 3030">
     <span class='ocr_line' id='line_1_47' title="bbox 401 2956 1984 3030; baseline 0.004 -22"><span class='ocrx_word' id='word_1_331' title='bbox 401 2956 594 3026; x_wconf 62' lang='grc' dir='ltr'>διόγοις.</span> <span class='ocrx_word' id='word_1_332' title='bbox 629 2959 833 3029; x_wconf 88' lang='grc' dir='ltr'>Νόμοις</span> <span class='ocrx_word' id='word_1_333' title='bbox 872 2960 1003 3028; x_wconf 86' lang='grc' dir='ltr'>γοῦν</span> <span class='ocrx_word' id='word_1_334' title='bbox 1044 2959 1151 3013; x_wconf 85' lang='grc' dir='ltr'>τῶν</span> <span class='ocrx_word' id='word_1_335' title='bbox 1192 2960 1540 3030; x_wconf 79' lang='grc' dir='ltr'>κρατούντων</span> <span class='ocrx_word' id='word_1_336' title='bbox 1575 2962 1633 3030; x_wconf 80' lang='grc' dir='ltr'>ἐξ</span> <span class='ocrx_word' id='word_1_337' title='bbox 1679 2963 1889 3015; x_wconf 81' lang='grc' dir='ltr'>ἐκείνου</span> <span class='ocrx_word' id='word_1_338' title='bbox 1923 2962 1984 3015; x_wconf 84' lang='grc' dir='ltr'><strong>τὸ</strong></span> 
     </span>
    </p>
   </div>
   <div class='ocr_carea' id='block_1_48' title="bbox 398 3050 1985 3125">
    <p class='ocr_par' dir='ltr' id='par_1_48' title="bbox 398 3050 1985 3125">
     <span class='ocr_line' id='line_1_48' title="bbox 398 3050 1985 3125; baseline 0.005 -23"><span class='ocrx_word' id='word_1_339' title='bbox 398 3051 505 3103; x_wconf 79' lang='grc' dir='ltr'>πᾶν</span> <span class='ocrx_word' id='word_1_340' title='bbox 541 3050 810 3105; x_wconf 85' lang='grc' dir='ltr'>Ἰουδαίων</span> <span class='ocrx_word' id='word_1_341' title='bbox 850 3052 1001 3116; x_wconf 78' lang='grc' dir='ltr'>ἔθνος</span> <span class='ocrx_word' id='word_1_342' title='bbox 1052 3053 1427 3125; x_wconf 88' lang='grc' dir='ltr'>ἀπηγόρευται</span> <span class='ocrx_word' id='word_1_343' title='bbox 1470 3059 1584 3120; x_wconf 87' lang='grc' dir='ltr'>τοῖς</span> <span class='ocrx_word' id='word_1_344' title='bbox 1625 3057 1813 3121; x_wconf 87' lang='grc' dir='ltr'>τόποις</span> <span class='ocrx_word' id='word_1_345' title='bbox 1860 3058 1985 3110; x_wconf 83' lang='grc' dir='ltr'>ἐπι-</span> 
     </span>
    </p>
   </div>
   <div class='ocr_carea' id='block_1_49' title="bbox 399 3142 1983 3220">
    <p class='ocr_par' dir='ltr' id='par_1_49' title="bbox 399 3142 1983 3220">
     <span class='ocr_line' id='line_1_49' title="bbox 399 3142 1983 3220; baseline 0.004 -25"><span class='ocrx_word' id='word_1_346' title='bbox 399 3142 626 3207; x_wconf 80' lang='grc' dir='ltr'>6αίνειν,</span> <span class='ocrx_word' id='word_1_347' title='bbox 664 3146 1041 3218; x_wconf 85' lang='grc' dir='ltr'>ἀπαραιτήτου</span> <span class='ocrx_word' id='word_1_348' title='bbox 1086 3147 1359 3218; x_wconf 82' lang='grc' dir='ltr'>τιμωρίας</span> <span class='ocrx_word' id='word_1_349' title='bbox 1391 3149 1844 3220; x_wconf 80' lang='grc' dir='ltr'>ὲπαιωρουμένης</span> <span class='ocrx_word' id='word_1_350' title='bbox 1874 3152 1983 3212; x_wconf 86' lang='grc' dir='ltr'>τοῖς</span> 
     </span>
    </p>
   </div>
   <div class='ocr_carea' id='block_1_50' title="bbox 397 3235 1982 3312">
    <p class='ocr_par' dir='ltr' id='par_1_50' title="bbox 397 3235 1982 3312">
     <span class='ocr_line' id='line_1_50' title="bbox 397 3235 1982 3312; baseline 0.003 -23"><span class='ocrx_word' id='word_1_351' title='bbox 397 3235 492 3289; x_wconf 78' lang='grc' dir='ltr'><strong>τοῦ</strong></span> <span class='ocrx_word' id='word_1_352' title='bbox 524 3236 689 3308; x_wconf 89' lang='grc' dir='ltr'>νόμου</span> <span class='ocrx_word' id='word_1_353' title='bbox 716 3237 1083 3309; x_wconf 80' lang='grc' dir='ltr'>παραϐάταις.</span> <span class='ocrx_word' id='word_1_354' title='bbox 1117 3239 1208 3291; x_wconf 87' lang='grc' dir='ltr'>Διὸ</span> <span class='ocrx_word' id='word_1_355' title='bbox 1237 3239 1404 3293; x_wconf 81' lang='grc' dir='ltr'>εἰσέτι</span> <span class='ocrx_word' id='word_1_356' title='bbox 1438 3240 1535 3293; x_wconf 73' lang='grc' dir='ltr'><strong>καὶ</strong></span> <span class='ocrx_word' id='word_1_357' title='bbox 1566 3243 1805 3312; x_wconf 87' lang='grc' dir='ltr'>σήμερον</span> <span class='ocrx_word' id='word_1_358' title='bbox 1838 3241 1982 3312; x_wconf 78' lang='grc' dir='ltr'>ἀμφὶ</span> 
     </span>
    </p>
   </div>
   <div class='ocr_carea' id='block_1_51' title="bbox 407 3328 1985 3405">
    <p class='ocr_par' dir='ltr' id='par_1_51' title="bbox 407 3328 1985 3405">
     <span class='ocr_line' id='line_1_51' title="bbox 407 3328 1985 3405; baseline 0.003 -23"><span class='ocrx_word' id='word_1_359' title='bbox 407 3328 500 3383; x_wconf 59' lang='lat' dir='ltr'><strong>ab;</strong></span> <span class='ocrx_word' id='word_1_360' title='bbox 549 3330 676 3393; x_wconf 76' lang='grc' dir='ltr'>τοὺς</span> <span class='ocrx_word' id='word_1_361' title='bbox 730 3330 891 3402; x_wconf 84' lang='grc' dir='ltr'>ὅρους</span> <span class='ocrx_word' id='word_1_362' title='bbox 945 3332 1038 3385; x_wconf 75' lang='grc' dir='ltr'>καὶ</span> <span class='ocrx_word' id='word_1_363' title='bbox 1102 3331 1287 3403; x_wconf 80' lang='grc' dir='ltr'>κύκλῳ</span> <span class='ocrx_word' id='word_1_364' title='bbox 1344 3332 1637 3405; x_wconf 85' lang='grc' dir='ltr'>παριόντες</span> <span class='ocrx_word' id='word_1_365' title='bbox 1699 3332 1985 3405; x_wconf 74' lang='grc' dir='ltr'>πόρρωθεν</span> 
     </span>
    </p>
   </div>
   <div class='ocr_carea' id='block_1_52' title="bbox 398 3420 1983 3495">
    <p class='ocr_par' dir='ltr' id='par_1_52' title="bbox 398 3420 1983 3495">
     <span class='ocr_line' id='line_1_52' title="bbox 398 3420 1983 3495; baseline 0.004 -24"><span class='ocrx_word' id='word_1_366' title='bbox 398 3420 675 3473; x_wconf 79' lang='grc' dir='ltr'>ἱστανται·</span> <span class='ocrx_word' id='word_1_367' title='bbox 729 3421 851 3491; x_wconf 86' lang='grc' dir='ltr'>μηδ’</span> <span class='ocrx_word' id='word_1_368' title='bbox 895 3421 955 3487; x_wconf 81' lang='grc' dir='ltr'>ἐξ</span> <span class='ocrx_word' id='word_1_369' title='bbox 987 3421 1233 3475; x_wconf 81' lang='grc' dir='ltr'>ἀπόπτου</span> <span class='ocrx_word' id='word_1_370' title='bbox 1276 3420 1337 3475; x_wconf 79' lang='grc' dir='ltr'>τὺ</span> <span class='ocrx_word' id='word_1_371' title='bbox 1380 3422 1551 3476; x_wconf 85' lang='grc' dir='ltr'>πάλαι</span> <span class='ocrx_word' id='word_1_372' title='bbox 1596 3424 1983 3495; x_wconf 81' lang='grc' dir='ltr'>νενομισμένον</span> 
     </span>
    </p>
   </div>
   <div class='ocr_carea' id='block_1_53' title="bbox 398 3510 1982 3591">
    <p class='ocr_par' dir='ltr' id='par_1_53' title="bbox 398 3510 1982 3591">
     <span class='ocr_line' id='line_1_53' title="bbox 398 3510 1982 3591; baseline 0.003 -27"><span class='ocrx_word' id='word_1_373' title='bbox 398 3510 583 3575; x_wconf 67' lang='grc' dir='ltr'>αὐτοῖς</span> <span class='ocrx_word' id='word_1_374' title='bbox 618 3512 762 3583; x_wconf 74' lang='grc' dir='ltr'>ἱερὸν</span> <span class='ocrx_word' id='word_1_375' title='bbox 796 3512 990 3582; x_wconf 79' lang='grc' dir='ltr'>ἔδαφος</span> <span class='ocrx_word' id='word_1_376' title='bbox 1024 3514 1320 3567; x_wconf 84' lang='grc' dir='ltr'>θεάσασθαι</span> <span class='ocrx_word' id='word_1_377' title='bbox 1355 3513 1808 3591; x_wconf 80' lang='grc' dir='ltr'>καταξιούμενοι·</span> <span class='ocrx_word' id='word_1_378' title='bbox 1846 3513 1982 3580; x_wconf 76' lang='grc' dir='ltr'>ἔξω·</span> 
     </span>
    </p>
   </div>
   <div class='ocr_carea' id='block_1_54' title="bbox 400 3600 1983 3677">
    <p class='ocr_par' dir='ltr' id='par_1_54' title="bbox 400 3600 1983 3677">
     <span class='ocr_line' id='line_1_54' title="bbox 400 3600 1983 3677; baseline 0.005 -23"><span class='ocrx_word' id='word_1_379' title='bbox 400 3600 491 3656; x_wconf 83' lang='grc' dir='ltr'><strong>θεν</strong></span> <span class='ocrx_word' id='word_1_380' title='bbox 520 3602 576 3655; x_wconf 84' lang='grc' dir='ltr'>δὲ</span> <span class='ocrx_word' id='word_1_381' title='bbox 602 3603 949 3668; x_wconf 76' lang='grc' dir='ltr'>κυκλοῦντες,</span> <span class='ocrx_word' id='word_1_382' title='bbox 987 3605 1169 3658; x_wconf 83' lang='grc' dir='ltr'>πίστιν</span> <span class='ocrx_word' id='word_1_383' title='bbox 1216 3605 1481 3674; x_wconf 82' lang='grc' dir='ltr'>ἐπάγουσι</span> <span class='ocrx_word' id='word_1_384' title='bbox 1513 3608 1579 3677; x_wconf 85' lang='grc' dir='ltr'>τῇ</span> <span class='ocrx_word' id='word_1_385' title='bbox 1617 3606 1755 3676; x_wconf 85' lang='grc' dir='ltr'>μετὰ</span> <span class='ocrx_word' id='word_1_386' title='bbox 1795 3611 1983 3677; x_wconf 87' lang='grc' dir='ltr'>χεῖρας</span> 
     </span>
    </p>
   </div>
   <div class='ocr_carea' id='block_1_55' title="bbox 398 3693 1981 3769">
    <p class='ocr_par' dir='ltr' id='par_1_55' title="bbox 398 3693 1981 3769">
     <span class='ocr_line' id='line_1_55' title="bbox 398 3693 1981 3769; baseline 0.003 -25"><span class='ocrx_word' id='word_1_387' title='bbox 398 3693 634 3768; x_wconf 81' lang='grc' dir='ltr'>λεγούσῃ</span> <span class='ocrx_word' id='word_1_388' title='bbox 691 3697 915 3769; x_wconf 75' lang='grc' dir='ltr'>Γραφῇ·</span> <span class='ocrx_word' id='word_1_389' title='bbox 986 3697 1492 3765; x_wconf 76' lang='grc' dir='ltr'>Ἐπιστρέψουσιν</span> <span class='ocrx_word' id='word_1_390' title='bbox 1554 3699 1643 3763; x_wconf 81' lang='grc' dir='ltr'><strong>είς</strong></span> <span class='ocrx_word' id='word_1_391' title='bbox 1695 3697 1981 3766; x_wconf 80' lang='grc' dir='ltr'>ἑσπέραν,</span> 
     </span>
    </p>
   </div>
   <div class='ocr_carea' id='block_1_56' title="bbox 399 3788 1985 3861">
    <p class='ocr_par' dir='ltr' id='par_1_56' title="bbox 399 3788 1985 3861">
     <span class='ocr_line' id='line_1_56' title="bbox 399 3788 1985 3861; baseline -0.001 -17"><span class='ocrx_word' id='word_1_392' title='bbox 399 3789 501 3844; x_wconf 72' lang='grc' dir='ltr'><strong>καί</strong></span> <span class='ocrx_word' id='word_1_393' title='bbox 566 3790 939 3861; x_wconf 79' lang='grc' dir='ltr'>λιμώξουσιν</span> <span class='ocrx_word' id='word_1_394' title='bbox 1009 3791 1092 3858; x_wconf 87' lang='grc' dir='ltr'>ὡς</span> <span class='ocrx_word' id='word_1_395' title='bbox 1155 3790 1350 3854; x_wconf 83' lang='grc' dir='ltr'>κύων,</span> <span class='ocrx_word' id='word_1_396' title='bbox 1424 3789 1523 3844; x_wconf 79' lang='grc' dir='ltr'>καὶ</span> <span class='ocrx_word' id='word_1_397' title='bbox 1595 3788 1985 3845; x_wconf 69' lang='grc' dir='ltr'>κυκλὼσουσι</span> 
     </span>
    </p>
   </div>
   <div class='ocr_carea' id='block_1_57' title="bbox 401 3882 1987 3955">
    <p class='ocr_par' dir='ltr' id='par_1_57' title="bbox 401 3882 1987 3955">
     <span class='ocr_line' id='line_1_57' title="bbox 401 3882 1987 3955; baseline -0.007 -8"><span class='ocrx_word' id='word_1_398' title='bbox 401 3893 602 3946; x_wconf 71' lang='grc' dir='ltr'>πόλιν.</span> <span class='ocrx_word' id='word_1_399' title='bbox 648 3885 758 3940; x_wconf 75' lang='grc' dir='ltr'>Καὶ</span> <span class='ocrx_word' id='word_1_400' title='bbox 800 3883 1014 3947; x_wconf 80' lang='grc' dir='ltr'>τούτοις</span> <span class='ocrx_word' id='word_1_401' title='bbox 1062 3882 1188 3955; x_wconf 82' lang='grc' dir='ltr'>έξῆς</span> <span class='ocrx_word' id='word_1_402' title='bbox 1231 3883 1545 3953; x_wconf 83' lang='grc' dir='ltr'>ὲπιλέγεται</span> <span class='ocrx_word' id='word_1_403' title='bbox 1578 3886 1612 3955; x_wconf 86' lang='grc' dir='ltr'><strong>ή</strong></span> <span class='ocrx_word' id='word_1_404' title='bbox 1638 3884 1786 3939; x_wconf 76' lang='grc' dir='ltr'>αἰτία</span> <span class='ocrx_word' id='word_1_405' title='bbox 1822 3883 1888 3937; x_wconf 85' lang='grc' dir='ltr'>δι’</span> <span class='ocrx_word' id='word_1_406' title='bbox 1921 3885 1987 3954; x_wconf 81' lang='grc' dir='ltr'><strong>ῆν</strong></span> 
     </span>
    </p>
   </div>
   <div class='ocr_carea' id='block_1_58' title="bbox 400 3973 1987 4046">
    <p class='ocr_par' dir='ltr' id='par_1_58' title="bbox 400 3973 1987 4046">
     <span class='ocr_line' id='line_1_58' title="bbox 400 3973 1987 4046; baseline -0.005 -12"><span class='ocrx_word' id='word_1_407' title='bbox 400 3978 578 4033; x_wconf 87' lang='grc' dir='ltr'>ταῦτα</span> <span class='ocrx_word' id='word_1_408' title='bbox 608 3975 912 4030; x_wconf 87' lang='grc' dir='ltr'>πείσονται·</span> <span class='ocrx_word' id='word_1_409' title='bbox 958 3974 1104 4030; x_wconf 86' lang='grc' dir='ltr'>Ἰδοὺ</span> <span class='ocrx_word' id='word_1_410' title='bbox 1132 3974 1261 4046; x_wconf 85' lang='grc' dir='ltr'>γὰρ,</span> <span class='ocrx_word' id='word_1_411' title='bbox 1294 3973 1480 4044; x_wconf 74' lang='grc' dir='ltr'>φησὶν,</span> <span class='ocrx_word' id='word_1_412' title='bbox 1507 3973 1987 4042; x_wconf 63' lang='grc' dir='ltr'>ἀπορθέγξονται</span> 
     </span>
    </p>
   </div>
   <div class='ocr_carea' id='block_1_59' title="bbox 401 4066 1985 4139">
    <p class='ocr_par' dir='ltr' id='par_1_59' title="bbox 401 4066 1985 4139">
     <span class='ocr_line' id='line_1_59' title="bbox 401 4066 1985 4139; baseline -0.003 -15"><span class='ocrx_word' id='word_1_413' title='bbox 401 4072 477 4124; x_wconf 82' lang='grc' dir='ltr'>ἐν</span> <span class='ocrx_word' id='word_1_414' title='bbox 512 4068 594 4137; x_wconf 80' lang='grc' dir='ltr'>τῷ</span> <span class='ocrx_word' id='word_1_415' title='bbox 633 4070 881 4139; x_wconf 81' lang='grc' dir='ltr'>στόματι</span> <span class='ocrx_word' id='word_1_416' title='bbox 921 4066 1141 4133; x_wconf 85' lang='grc' dir='ltr'>αὐτῶν,</span> <span class='ocrx_word' id='word_1_417' title='bbox 1179 4067 1276 4122; x_wconf 77' lang='grc' dir='ltr'>καὶ</span> <span class='ocrx_word' id='word_1_418' title='bbox 1311 4067 1581 4137; x_wconf 73' lang='grc' dir='ltr'>ῥομφαία</span> <span class='ocrx_word' id='word_1_419' title='bbox 1611 4067 1681 4121; x_wconf 85' lang='grc' dir='ltr'>ἐν</span> <span class='ocrx_word' id='word_1_420' title='bbox 1705 4066 1830 4132; x_wconf 80' lang='grc' dir='ltr'>τοῖς</span> <span class='ocrx_word' id='word_1_421' title='bbox 1861 4067 1985 4135; x_wconf 83' lang='grc' dir='ltr'>χεί-</span> 
     </span>
    </p>
   </div>
   <div class='ocr_carea' id='block_1_60' title="bbox 400 4158 1989 4231">
    <p class='ocr_par' dir='ltr' id='par_1_60' title="bbox 400 4158 1989 4231">
     <span class='ocr_line' id='line_1_60' title="bbox 400 4158 1989 4231; baseline -0.004 -13"><span class='ocrx_word' id='word_1_422' title='bbox 400 4168 579 4218; x_wconf 68' lang='grc' dir='ltr'>λεσιν</span> <span class='ocrx_word' id='word_1_423' title='bbox 622 4162 841 4227; x_wconf 80' lang='grc' dir='ltr'>αὐτῶν,</span> <span class='ocrx_word' id='word_1_424' title='bbox 874 4161 964 4215; x_wconf 87' lang='grc' dir='ltr'>ὅτι</span> <span class='ocrx_word' id='word_1_425' title='bbox 1010 4162 1103 4227; x_wconf 87' lang='grc' dir='ltr'><strong>τίς</strong></span> <span class='ocrx_word' id='word_1_426' title='bbox 1130 4160 1396 4230; x_wconf 79' lang='grc' dir='ltr'>ἧκουσε;</span> <span class='ocrx_word' id='word_1_427' title='bbox 1430 4159 1605 4212; x_wconf 85' lang='grc' dir='ltr'>ταῦτα</span> <span class='ocrx_word' id='word_1_428' title='bbox 1632 4158 1739 4231; x_wconf 83' lang='grc' dir='ltr'>γὰρ</span> <span class='ocrx_word' id='word_1_429' title='bbox 1771 4159 1989 4213; x_wconf 77' lang='grc' dir='ltr'>ἅπαντα</span> 
     </span>
    </p>
   </div>
   <div class='ocr_carea' id='block_1_61' title="bbox 404 4250 1989 4329">
    <p class='ocr_par' dir='ltr' id='par_1_61' title="bbox 404 4250 1989 4329">
     <span class='ocr_line' id='line_1_61' title="bbox 404 4250 1989 4329; baseline -0.005 -19"><span class='ocrx_word' id='word_1_430' title='bbox 404 4255 704 4329; x_wconf 81' lang='grc' dir='ltr'>πεπόνθασι</span> <span class='ocrx_word' id='word_1_431' title='bbox 755 4253 845 4307; x_wconf 78' lang='grc' dir='ltr'>διὰ</span> <span class='ocrx_word' id='word_1_432' title='bbox 908 4252 1007 4317; x_wconf 81' lang='grc' dir='ltr'><strong>τάς</strong></span> <span class='ocrx_word' id='word_1_433' title='bbox 1057 4252 1251 4316; x_wconf 85' lang='grc' dir='ltr'>ἀθέους</span> <span class='ocrx_word' id='word_1_434' title='bbox 1311 4251 1492 4305; x_wconf 78' lang='grc' dir='ltr'>αὐτῶν</span> <span class='ocrx_word' id='word_1_435' title='bbox 1558 4252 1652 4303; x_wconf 77' lang='grc' dir='ltr'><strong>καὶ</strong></span> <span class='ocrx_word' id='word_1_436' title='bbox 1706 4250 1989 4314; x_wconf 79' lang='grc' dir='ltr'>δυσσεϐεῖς</span> 
     </span>
    </p>
   </div>
   <div class='ocr_carea' id='block_1_62' title="bbox 403 4343 1986 4421">
    <p class='ocr_par' dir='ltr' id='par_1_62' title="bbox 403 4343 1986 4421">
     <span class='ocr_line' id='line_1_62' title="bbox 403 4343 1986 4421; baseline -0.005 -17"><span class='ocrx_word' id='word_1_437' title='bbox 403 4348 611 4421; x_wconf 73' lang='grc' dir='ltr'>φωνὰς,</span> <span class='ocrx_word' id='word_1_438' title='bbox 643 4347 710 4411; x_wconf 78' lang='grc' dir='ltr'><strong>ἀς</strong></span> <span class='ocrx_word' id='word_1_439' title='bbox 735 4347 879 4401; x_wconf 87' lang='grc' dir='ltr'><strong>κατά</strong></span> <span class='ocrx_word' id='word_1_440' title='bbox 901 4346 995 4399; x_wconf 86' lang='grc' dir='ltr'><strong>τοῦ</strong></span> <span class='ocrx_word' id='word_1_441' title='bbox 1028 4347 1277 4416; x_wconf 78' lang='grc' dir='ltr'>Σωτῆρος</span> <span class='ocrx_word' id='word_1_442' title='bbox 1296 4344 1453 4416; x_wconf 81' lang='grc' dir='ltr'>ήμῶν</span> <span class='ocrx_word' id='word_1_443' title='bbox 1483 4344 1735 4413; x_wconf 76' lang='grc' dir='ltr'>ἠφίεσαν,</span> <span class='ocrx_word' id='word_1_444' title='bbox 1768 4344 1862 4397; x_wconf 73' lang='grc' dir='ltr'><strong>ἐπὶ</strong></span> <span class='ocrx_word' id='word_1_445' title='bbox 1893 4343 1986 4397; x_wconf 87' lang='grc' dir='ltr'><strong>τοῦ</strong></span> 
     </span>
    </p>
   </div>
   <div class='ocr_carea' id='block_1_63' title="bbox 403 4434 1985 4513">
    <p class='ocr_par' dir='ltr' id='par_1_63' title="bbox 403 4434 1985 4513">
     <span class='ocr_line' id='line_1_63' title="bbox 403 4434 1985 4513; baseline -0.004 -17"><span class='ocrx_word' id='word_1_446' title='bbox 403 4441 639 4497; x_wconf 79' lang='grc' dir='ltr'>Πιλάτου</span> <span class='ocrx_word' id='word_1_447' title='bbox 669 4440 903 4513; x_wconf 74' lang='grc' dir='ltr'>βοιῖιντες</span> <span class='ocrx_word' id='word_1_448' title='bbox 926 4457 940 4469; x_wconf 87' lang='grc'><strong>·</strong></span> <span class='ocrx_word' id='word_1_449' title='bbox 978 4435 1136 4507; x_wconf 72' lang='grc' dir='ltr'>Αἶρε,</span> <span class='ocrx_word' id='word_1_450' title='bbox 1183 4434 1332 4507; x_wconf 74' lang='grc' dir='ltr'>αἶρε,</span> <span class='ocrx_word' id='word_1_451' title='bbox 1380 4438 1737 4505; x_wconf 66' lang='grc' dir='ltr'>σταίιρωσον</span> <span class='ocrx_word' id='word_1_452' title='bbox 1777 4439 1985 4491; x_wconf 83' lang='grc' dir='ltr'>αὐτόν.</span> 
     </span>
    </p>
   </div>
   <div class='ocr_carea' id='block_1_64' title="bbox 2088 1952 3667 2023">
    <p class='ocr_par' dir='ltr' id='par_1_64' title="bbox 2088 1952 3667 2023">
     <span class='ocr_line' id='line_1_64' title="bbox 2088 1952 3667 2023; baseline 0 -14"><span class='ocrx_word' id='word_1_453' title='bbox 2088 1954 2256 2009; x_wconf 88' lang='lat' dir='ltr'><strong>salem</strong></span> <span class='ocrx_word' id='word_1_454' title='bbox 2302 1961 2497 2008; x_wconf 89' lang='lat' dir='ltr'><strong>contra</strong></span> <span class='ocrx_word' id='word_1_455' title='bbox 2534 1952 2871 2009; x_wconf 88' lang='lat' dir='ltr'><strong>Salvatorem</strong></span> <span class='ocrx_word' id='word_1_456' title='bbox 2919 1954 3164 2007; x_wconf 78' lang='lat' dir='ltr'><strong>facinora</strong></span> <span class='ocrx_word' id='word_1_457' title='bbox 3199 1955 3667 2023; x_wconf 86' lang='lat' dir='ltr'><strong>recensebantur;</strong></span> 
     </span>
    </p>
   </div>
   <div class='ocr_carea' id='block_1_65' title="bbox 2088 2045 3670 2119">
    <p class='ocr_par' dir='ltr' id='par_1_65' title="bbox 2088 2045 3670 2119">
     <span class='ocr_line' id='line_1_65' title="bbox 2088 2045 3670 2119; baseline 0.004 -19"><span class='ocrx_word' id='word_1_458' title='bbox 2088 2046 2178 2100; x_wconf 90' lang='lat' dir='ltr'><strong>hic</strong></span> <span class='ocrx_word' id='word_1_459' title='bbox 2208 2061 2339 2099; x_wconf 81' lang='lat' dir='ltr'><strong>vero</strong></span> <span class='ocrx_word' id='word_1_460' title='bbox 2372 2060 2495 2115; x_wconf 62' lang='lat' dir='ltr'><strong>qua:</strong></span> <span class='ocrx_word' id='word_1_461' title='bbox 2542 2045 2677 2115; x_wconf 90' lang='lat' dir='ltr'><strong>ipsis</strong></span> <span class='ocrx_word' id='word_1_462' title='bbox 2719 2055 2909 2116; x_wconf 84' lang='lat' dir='ltr'><strong>postea</strong></span> <span class='ocrx_word' id='word_1_463' title='bbox 2949 2046 3284 2116; x_wconf 80' lang='lat' dir='ltr'><strong>contigerint</strong></span> <span class='ocrx_word' id='word_1_464' title='bbox 3330 2064 3395 2103; x_wconf 79' lang='lat' dir='ltr'><strong>ex</strong></span> <span class='ocrx_word' id='word_1_465' title='bbox 3429 2048 3670 2119; x_wconf 77' lang='lat' dir='ltr'><strong>Spiritus</strong></span> 
     </span>
    </p>
   </div>
   <div class='ocr_carea' id='block_1_66' title="bbox 2088 2136 3668 2210">
    <p class='ocr_par' dir='ltr' id='par_1_66' title="bbox 2088 2136 3668 2210">
     <span class='ocr_line' id='line_1_66' title="bbox 2088 2136 3668 2210; baseline 0.002 -18"><span class='ocrx_word' id='word_1_466' title='bbox 2088 2138 2264 2193; x_wconf 82' lang='lat' dir='ltr'><strong>sancti</strong></span> <span class='ocrx_word' id='word_1_467' title='bbox 2302 2136 2634 2193; x_wconf 88' lang='lat' dir='ltr'><strong>revelatione</strong></span> <span class='ocrx_word' id='word_1_468' title='bbox 2661 2136 2947 2208; x_wconf 86' lang='lat' dir='ltr'><strong>Scriptura</strong></span> <span class='ocrx_word' id='word_1_469' title='bbox 2974 2153 3073 2193; x_wconf 90' lang='lat' dir='ltr'><strong>ceu</strong></span> <span class='ocrx_word' id='word_1_470' title='bbox 3106 2138 3162 2192; x_wconf 89' lang='lat' dir='ltr'><strong>in</strong></span> <span class='ocrx_word' id='word_1_471' title='bbox 3192 2139 3354 2210; x_wconf 89' lang='lat' dir='ltr'><strong>cippo</strong></span> <span class='ocrx_word' id='word_1_472' title='bbox 3380 2140 3668 2209; x_wconf 85' lang='lat' dir='ltr'><strong>inscribit;</strong></span> 
     </span>
    </p>
   </div>
   <div class='ocr_carea' id='block_1_67' title="bbox 2086 2231 3670 2303">
    <p class='ocr_par' dir='ltr' id='par_1_67' title="bbox 2086 2231 3670 2303">
     <span class='ocr_line' id='line_1_67' title="bbox 2086 2231 3670 2303; baseline 0.001 -16"><span class='ocrx_word' id='word_1_473' title='bbox 2086 2247 2255 2303; x_wconf 88' lang='lat' dir='ltr'><strong>quare</strong></span> <span class='ocrx_word' id='word_1_474' title='bbox 2278 2232 2422 2286; x_wconf 84' lang='lat' dir='ltr'><strong>tituli</strong></span> <span class='ocrx_word' id='word_1_475' title='bbox 2444 2232 2721 2301; x_wconf 75' lang='lat' dir='ltr'><strong>inscriptio</strong></span> <span class='ocrx_word' id='word_1_476' title='bbox 2744 2231 2964 2287; x_wconf 88' lang='lat' dir='ltr'><strong>dicitur.</strong></span> <span class='ocrx_word' id='word_1_477' title='bbox 2996 2232 3335 2301; x_wconf 90' lang='lat' dir='ltr'><strong>Completum</strong></span> <span class='ocrx_word' id='word_1_478' title='bbox 3368 2248 3530 2303; x_wconf 91' lang='lat' dir='ltr'><strong>porro</strong></span> <span class='ocrx_word' id='word_1_479' title='bbox 3553 2249 3670 2289; x_wconf 89' lang='lat' dir='ltr'><strong>ser-</strong></span> 
     </span>
    </p>
   </div>
   <div class='ocr_carea' id='block_1_68' title="bbox 2086 2323 3666 2394">
    <p class='ocr_par' dir='ltr' id='par_1_68' title="bbox 2086 2323 3666 2394">
     <span class='ocr_line' id='line_1_68' title="bbox 2086 2323 3666 2394; baseline 0.001 -16"><span class='ocrx_word' id='word_1_480' title='bbox 2086 2339 2300 2379; x_wconf 91' lang='lat' dir='ltr'><strong>monem</strong></span> <span class='ocrx_word' id='word_1_481' title='bbox 2341 2339 2463 2379; x_wconf 86' lang='lat' dir='ltr'><strong>esse</strong></span> <span class='ocrx_word' id='word_1_482' title='bbox 2494 2339 2676 2379; x_wconf 90' lang='lat' dir='ltr'><strong>rerum</strong></span> <span class='ocrx_word' id='word_1_483' title='bbox 2706 2332 2934 2379; x_wconf 84' lang='lat' dir='ltr'><strong>eventus</strong></span> <span class='ocrx_word' id='word_1_484' title='bbox 2961 2325 3221 2379; x_wconf 80' lang='lat' dir='ltr'><strong>declarat.</strong></span> <span class='ocrx_word' id='word_1_485' title='bbox 3258 2323 3392 2378; x_wconf 83' lang='lat' dir='ltr'><strong>Nam</strong></span> <span class='ocrx_word' id='word_1_486' title='bbox 3418 2332 3542 2394; x_wconf 90' lang='lat' dir='ltr'><strong>post</strong></span> <span class='ocrx_word' id='word_1_487' title='bbox 3577 2326 3666 2380; x_wconf 82' lang='lat' dir='ltr'><strong>in-</strong></span> 
     </span>
    </p>
   </div>
   <div class='ocr_carea' id='block_1_69' title="bbox 2087 2415 3671 2485">
    <p class='ocr_par' dir='ltr' id='par_1_69' title="bbox 2087 2415 3671 2485">
     <span class='ocr_line' id='line_1_69' title="bbox 2087 2415 3671 2485; baseline 0.001 -15"><span class='ocrx_word' id='word_1_488' title='bbox 2087 2417 2259 2472; x_wconf 87' lang='lat' dir='ltr'><strong>sidias</strong></span> <span class='ocrx_word' id='word_1_489' title='bbox 2298 2415 2369 2470; x_wconf 90' lang='lat' dir='ltr'><strong>ab</strong></span> <span class='ocrx_word' id='word_1_490' title='bbox 2410 2416 2478 2470; x_wconf 91' lang='lat' dir='ltr'><strong>iis</strong></span> <span class='ocrx_word' id='word_1_491' title='bbox 2508 2424 2699 2471; x_wconf 90' lang='lat' dir='ltr'><strong>contra</strong></span> <span class='ocrx_word' id='word_1_492' title='bbox 2735 2415 3072 2471; x_wconf 85' lang='lat' dir='ltr'><strong>Salvatorem</strong></span> <span class='ocrx_word' id='word_1_493' title='bbox 3114 2427 3358 2485; x_wconf 88' lang='lat' dir='ltr'><strong>paratas,</strong></span> <span class='ocrx_word' id='word_1_494' title='bbox 3397 2416 3671 2472; x_wconf 81' lang='lat' dir='ltr'><strong>irruentes</strong></span> 
     </span>
    </p>
   </div>
   <div class='ocr_carea' id='block_1_70' title="bbox 2085 2507 3666 2577">
    <p class='ocr_par' dir='ltr' id='par_1_70' title="bbox 2085 2507 3666 2577">
     <span class='ocr_line' id='line_1_70' title="bbox 2085 2507 3666 2577; baseline 0 -16"><span class='ocrx_word' id='word_1_495' title='bbox 2085 2507 2340 2570; x_wconf 85' lang='lat' dir='ltr'><strong>Romani,</strong></span> <span class='ocrx_word' id='word_1_496' title='bbox 2370 2507 2534 2563; x_wconf 90' lang='lat' dir='ltr'><strong>dictis</strong></span> <span class='ocrx_word' id='word_1_497' title='bbox 2574 2507 2906 2577; x_wconf 87' lang='lat' dir='ltr'><strong>propheticis</strong></span> <span class='ocrx_word' id='word_1_498' title='bbox 2933 2507 3092 2562; x_wconf 86' lang='lat' dir='ltr'><strong>linem</strong></span> <span class='ocrx_word' id='word_1_499' title='bbox 3118 2508 3425 2562; x_wconf 89' lang='lat' dir='ltr'><strong>intulerunt</strong></span> <span class='ocrx_word' id='word_1_500' title='bbox 3455 2525 3467 2561; x_wconf 94' lang='lat'>:</span> <span class='ocrx_word' id='word_1_501' title='bbox 3505 2508 3666 2577; x_wconf 76' lang='lat' dir='ltr'><strong>siqui-</strong></span> 
     </span>
    </p>
   </div>
   <div class='ocr_carea' id='block_1_71' title="bbox 2085 2598 3670 2670">
    <p class='ocr_par' dir='ltr' id='par_1_71' title="bbox 2085 2598 3670 2670">
     <span class='ocr_line' id='line_1_71' title="bbox 2085 2598 3670 2670; baseline -0.002 -15"><span class='ocrx_word' id='word_1_502' title='bbox 2085 2600 2206 2655; x_wconf 93' lang='lat' dir='ltr'><strong>dem</strong></span> <span class='ocrx_word' id='word_1_503' title='bbox 2246 2600 2517 2654; x_wconf 89' lang='lat' dir='ltr'><strong>victorum</strong></span> <span class='ocrx_word' id='word_1_504' title='bbox 2566 2600 2683 2670; x_wconf 81' lang='lat' dir='ltr'><strong>lege</strong></span> <span class='ocrx_word' id='word_1_505' title='bbox 2732 2600 3000 2654; x_wconf 69' lang='lat' dir='ltr'><strong>universae</strong></span> <span class='ocrx_word' id='word_1_506' title='bbox 3055 2598 3298 2653; x_wconf 71' lang='lat' dir='ltr'><strong>Judaica:</strong></span> <span class='ocrx_word' id='word_1_507' title='bbox 3343 2600 3488 2668; x_wconf 80' lang='lat' dir='ltr'><strong>genti</strong></span> <span class='ocrx_word' id='word_1_508' title='bbox 3519 2599 3670 2653; x_wconf 89' lang='lat' dir='ltr'><strong>aditu</strong></span> 
     </span>
    </p>
   </div>
   <div class='ocr_carea' id='block_1_72' title="bbox 2087 2691 3670 2761">
    <p class='ocr_par' dir='ltr' id='par_1_72' title="bbox 2087 2691 3670 2761">
     <span class='ocr_line' id='line_1_72' title="bbox 2087 2691 3670 2761; baseline 0.001 -16"><span class='ocrx_word' id='word_1_509' title='bbox 2087 2693 2334 2746; x_wconf 91' lang='lat' dir='ltr'><strong>locorum</strong></span> <span class='ocrx_word' id='word_1_510' title='bbox 2366 2691 2717 2746; x_wconf 87' lang='lat' dir='ltr'><strong>interdictum</strong></span> <span class='ocrx_word' id='word_1_511' title='bbox 2751 2700 2867 2756; x_wconf 88' lang='lat' dir='ltr'><strong>est;</strong></span> <span class='ocrx_word' id='word_1_512' title='bbox 2917 2692 3250 2748; x_wconf 85' lang='lat' dir='ltr'><strong>inevitabilis</strong></span> <span class='ocrx_word' id='word_1_513' title='bbox 3281 2692 3485 2761; x_wconf 82' lang='lat' dir='ltr'><strong>quippe</strong></span> <span class='ocrx_word' id='word_1_514' title='bbox 3535 2691 3670 2761; x_wconf 80' lang='lat' dir='ltr'><strong>legis</strong></span> 
     </span>
    </p>
   </div>
   <div class='ocr_carea' id='block_1_73' title="bbox 2086 2784 3669 2854">
    <p class='ocr_par' dir='ltr' id='par_1_73' title="bbox 2086 2784 3669 2854">
     <span class='ocr_line' id='line_1_73' title="bbox 2086 2784 3669 2854; baseline 0.001 -17"><span class='ocrx_word' id='word_1_515' title='bbox 2086 2784 2590 2853; x_wconf 84' lang='lat' dir='ltr'><strong>transgressoribus</strong></span> <span class='ocrx_word' id='word_1_516' title='bbox 2647 2784 2925 2854; x_wconf 84' lang='lat' dir='ltr'><strong>impendet</strong></span> <span class='ocrx_word' id='word_1_517' title='bbox 2972 2785 3127 2839; x_wconf 93' lang='lat' dir='ltr'><strong>ultio.</strong></span> <span class='ocrx_word' id='word_1_518' title='bbox 3184 2784 3549 2850; x_wconf 89' lang='lat' dir='ltr'><strong>Quamobrem</strong></span> <span class='ocrx_word' id='word_1_519' title='bbox 3600 2784 3669 2838; x_wconf 92' lang='lat' dir='ltr'><strong>ad</strong></span> 
     </span>
    </p>
   </div>
   <div class='ocr_carea' id='block_1_74' title="bbox 2086 2876 3670 2947">
    <p class='ocr_par' dir='ltr' id='par_1_74' title="bbox 2086 2876 3670 2947">
     <span class='ocr_line' id='line_1_74' title="bbox 2086 2876 3670 2947; baseline 0 -18"><span class='ocrx_word' id='word_1_520' title='bbox 2086 2876 2229 2932; x_wconf 83' lang='lat' dir='ltr'><strong>hanc</strong></span> <span class='ocrx_word' id='word_1_521' title='bbox 2256 2893 2433 2947; x_wconf 89' lang='lat' dir='ltr'><strong>usque</strong></span> <span class='ocrx_word' id='word_1_522' title='bbox 2476 2878 2640 2941; x_wconf 90' lang='lat' dir='ltr'><strong>diem,</strong></span> <span class='ocrx_word' id='word_1_523' title='bbox 2681 2878 2749 2932; x_wconf 87' lang='lat' dir='ltr'><strong>ad</strong></span> <span class='ocrx_word' id='word_1_524' title='bbox 2782 2885 2963 2933; x_wconf 89' lang='lat' dir='ltr'><strong>certos</strong></span> <span class='ocrx_word' id='word_1_525' title='bbox 3015 2876 3283 2932; x_wconf 81' lang='lat' dir='ltr'><strong>terminos</strong></span> <span class='ocrx_word' id='word_1_526' title='bbox 3318 2877 3375 2931; x_wconf 88' lang='lat' dir='ltr'><strong>in</strong></span> <span class='ocrx_word' id='word_1_527' title='bbox 3432 2876 3670 2931; x_wconf 88' lang='lat' dir='ltr'><strong>circuitu</strong></span> 
     </span>
    </p>
   </div>
   <div class='ocr_carea' id='block_1_75' title="bbox 2086 2969 3668 3040">
    <p class='ocr_par' dir='ltr' id='par_1_75' title="bbox 2086 2969 3668 3040">
     <span class='ocr_line' id='line_1_75' title="bbox 2086 2969 3668 3040; baseline 0.001 -18"><span class='ocrx_word' id='word_1_528' title='bbox 2086 2970 2433 3036; x_wconf 84' lang='lat' dir='ltr'><strong>accedentes,</strong></span> <span class='ocrx_word' id='word_1_529' title='bbox 2462 2971 2653 3040; x_wconf 89' lang='lat' dir='ltr'><strong>procul</strong></span> <span class='ocrx_word' id='word_1_530' title='bbox 2693 2970 3004 3025; x_wconf 88' lang='lat' dir='ltr'><strong>consistunt</strong></span> <span class='ocrx_word' id='word_1_531' title='bbox 3041 2984 3054 3021; x_wconf 91' lang='lat'>:</span> <span class='ocrx_word' id='word_1_532' title='bbox 3087 2985 3269 3039; x_wconf 87' lang='lat' dir='ltr'><strong>neque</strong></span> <span class='ocrx_word' id='word_1_533' title='bbox 3305 2969 3483 3026; x_wconf 88' lang='lat' dir='ltr'><strong>solum</strong></span> <span class='ocrx_word' id='word_1_534' title='bbox 3509 2969 3668 3032; x_wconf 87' lang='lat' dir='ltr'><strong>illud,</strong></span> 
     </span>
    </p>
   </div>
   <div class='ocr_carea' id='block_1_76' title="bbox 2086 3061 3672 3134">
    <p class='ocr_par' dir='ltr' id='par_1_76' title="bbox 2086 3061 3672 3134">
     <span class='ocr_line' id='line_1_76' title="bbox 2086 3061 3672 3134; baseline -0.002 -18"><span class='ocrx_word' id='word_1_535' title='bbox 2086 3063 2235 3134; x_wconf 91' lang='lat' dir='ltr'><strong>quod</strong></span> <span class='ocrx_word' id='word_1_536' title='bbox 2270 3079 2489 3118; x_wconf 88' lang='lat' dir='ltr'><strong>sacrum</strong></span> <span class='ocrx_word' id='word_1_537' title='bbox 2528 3064 2657 3116; x_wconf 91' lang='lat' dir='ltr'><strong>olim</strong></span> <span class='ocrx_word' id='word_1_538' title='bbox 2693 3062 3073 3132; x_wconf 86' lang='lat' dir='ltr'><strong>reputabatur,</strong></span> <span class='ocrx_word' id='word_1_539' title='bbox 3108 3062 3193 3117; x_wconf 80' lang='lat' dir='ltr'><strong>vel</strong></span> <span class='ocrx_word' id='word_1_540' title='bbox 3223 3062 3414 3132; x_wconf 88' lang='lat' dir='ltr'><strong>procul</strong></span> <span class='ocrx_word' id='word_1_541' title='bbox 3446 3061 3672 3131; x_wconf 82' lang='lat' dir='ltr'><strong>conspi-</strong></span> 
     </span>
    </p>
   </div>
   <div class='ocr_carea' id='block_1_77' title="bbox 2028 3149 3674 3238">
    <p class='ocr_par' dir='ltr' id='par_1_77' title="bbox 2028 3149 3674 3238">
     <span class='ocr_line' id='line_1_77' title="bbox 2028 3149 3674 3238; baseline 0 -35"><span class='ocrx_word' id='word_1_542' title='bbox 2028 3184 2053 3238; x_wconf 48' lang='grc' dir='ltr'><strong>τ</strong></span> <span class='ocrx_word' id='word_1_543' title='bbox 2086 3166 2210 3206; x_wconf 71' lang='lat' dir='ltr'><strong>cere</strong></span> <span class='ocrx_word' id='word_1_544' title='bbox 2233 3150 2367 3220; x_wconf 89' lang='lat' dir='ltr'><strong>ipsis</strong></span> <span class='ocrx_word' id='word_1_545' title='bbox 2389 3150 2719 3205; x_wconf 88' lang='lat' dir='ltr'><strong>conceditur.</strong></span> <span class='ocrx_word' id='word_1_546' title='bbox 2758 3149 2863 3204; x_wconf 90' lang='lat' dir='ltr'><strong>Sed</strong></span> <span class='ocrx_word' id='word_1_547' title='bbox 2893 3150 3038 3205; x_wconf 80' lang='lat' dir='ltr'><strong>foras</strong></span> <span class='ocrx_word' id='word_1_548' title='bbox 3064 3151 3490 3214; x_wconf 87' lang='lat' dir='ltr'><strong>circumeuntes,</strong></span> <span class='ocrx_word' id='word_1_549' title='bbox 3521 3149 3674 3203; x_wconf 86' lang='lat' dir='ltr'><strong>Scri-</strong></span> 
     </span>
    </p>
   </div>
   <div class='ocr_carea' id='block_1_78' title="bbox 2087 3237 3666 3310">
    <p class='ocr_par' dir='ltr' id='par_1_78' title="bbox 2087 3237 3666 3310">
     <span class='ocr_line' id='line_1_78' title="bbox 2087 3237 3666 3310; baseline 0 -17"><span class='ocrx_word' id='word_1_550' title='bbox 2087 3248 2262 3310; x_wconf 76' lang='lat' dir='ltr'><strong>ptum:</strong></span> <span class='ocrx_word' id='word_1_551' title='bbox 2306 3256 2429 3309; x_wconf 72' lang='lat' dir='ltr'><strong>quae</strong></span> <span class='ocrx_word' id='word_1_552' title='bbox 2468 3240 2580 3309; x_wconf 90' lang='lat' dir='ltr'><strong>jam</strong></span> <span class='ocrx_word' id='word_1_553' title='bbox 2636 3239 2817 3310; x_wconf 80' lang='lat' dir='ltr'><strong>agitur</strong></span> <span class='ocrx_word' id='word_1_554' title='bbox 2869 3240 3027 3295; x_wconf 88' lang='lat' dir='ltr'><strong>tidem</strong></span> <span class='ocrx_word' id='word_1_555' title='bbox 3081 3239 3379 3293; x_wconf 89' lang='lat' dir='ltr'><strong>conciliant</strong></span> <span class='ocrx_word' id='word_1_556' title='bbox 3410 3237 3666 3293; x_wconf 88' lang='lat' dir='ltr'><strong>dicenti:</strong></span> 
     </span>
    </p>
   </div>
   <div class='ocr_carea' id='block_1_79' title="bbox 2086 3330 3670 3400">
    <p class='ocr_par' dir='ltr' id='par_1_79' title="bbox 2086 3330 3670 3400">
     <span class='ocr_line' id='line_1_79' title="bbox 2086 3330 3670 3400; baseline -0.001 -14"><span class='ocrx_word' id='word_1_557' title='bbox 2086 3331 2465 3387; x_wconf 78' lang='lat' dir='ltr'><strong>Convertentur</strong></span> <span class='ocrx_word' id='word_1_558' title='bbox 2490 3330 2559 3383; x_wconf 89' lang='lat' dir='ltr'><strong>ad</strong></span> <span class='ocrx_word' id='word_1_559' title='bbox 2588 3347 2875 3400; x_wconf 78' lang='lat' dir='ltr'><strong>vesperam,</strong></span> <span class='ocrx_word' id='word_1_560' title='bbox 2899 3340 2948 3384; x_wconf 89' lang='lat' dir='ltr'><strong>et</strong></span> <span class='ocrx_word' id='word_1_561' title='bbox 2977 3331 3170 3400; x_wconf 81' lang='lat' dir='ltr'><strong>famem</strong></span> <span class='ocrx_word' id='word_1_562' title='bbox 3202 3330 3470 3399; x_wconf 84' lang='lat' dir='ltr'><strong>patientur</strong></span> <span class='ocrx_word' id='word_1_563' title='bbox 3499 3337 3557 3383; x_wconf 85' lang='lat' dir='ltr'><strong>ut</strong></span> <span class='ocrx_word' id='word_1_564' title='bbox 3580 3345 3670 3384; x_wconf 81' lang='lat' dir='ltr'><strong>ca-</strong></span> 
     </span>
    </p>
   </div>
   <div class='ocr_carea' id='block_1_80' title="bbox 2086 3420 3672 3491">
    <p class='ocr_par' dir='ltr' id='par_1_80' title="bbox 2086 3420 3672 3491">
     <span class='ocr_line' id='line_1_80' title="bbox 2086 3420 3672 3491; baseline -0.001 -15"><span class='ocrx_word' id='word_1_565' title='bbox 2086 3424 2191 3487; x_wconf 86' lang='lat' dir='ltr'><strong>nis,</strong></span> <span class='ocrx_word' id='word_1_566' title='bbox 2225 3432 2274 3476; x_wconf 90' lang='lat' dir='ltr'><strong>et</strong></span> <span class='ocrx_word' id='word_1_567' title='bbox 2305 3421 2604 3475; x_wconf 85' lang='lat' dir='ltr'><strong>circuibunt</strong></span> <span class='ocrx_word' id='word_1_568' title='bbox 2639 3422 2925 3477; x_wconf 79' lang='lat' dir='ltr'><strong>civitatem.</strong></span> <span class='ocrx_word' id='word_1_569' title='bbox 2979 3420 3184 3475; x_wconf 87' lang='lat' dir='ltr'><strong>Deinde</strong></span> <span class='ocrx_word' id='word_1_570' title='bbox 3210 3434 3338 3475; x_wconf 82' lang='lat' dir='ltr'><strong>vero</strong></span> <span class='ocrx_word' id='word_1_571' title='bbox 3379 3420 3672 3491; x_wconf 73' lang='lat' dir='ltr'><strong>subjungi-</strong></span> 
     </span>
    </p>
   </div>
   <div class='ocr_carea' id='block_1_81' title="bbox 2087 3511 3674 3582">
    <p class='ocr_par' dir='ltr' id='par_1_81' title="bbox 2087 3511 3674 3582">
     <span class='ocr_line' id='line_1_81' title="bbox 2087 3511 3674 3582; baseline -0.001 -15"><span class='ocrx_word' id='word_1_572' title='bbox 2087 3524 2177 3569; x_wconf 88' lang='lat' dir='ltr'><strong>tur</strong></span> <span class='ocrx_word' id='word_1_573' title='bbox 2205 3524 2368 3569; x_wconf 78' lang='lat' dir='ltr'><strong>tantae</strong></span> <span class='ocrx_word' id='word_1_574' title='bbox 2388 3514 2717 3570; x_wconf 88' lang='lat' dir='ltr'><strong>calamitatis</strong></span> <span class='ocrx_word' id='word_1_575' title='bbox 2740 3530 2909 3569; x_wconf 86' lang='lat' dir='ltr'><strong>causa</strong></span> <span class='ocrx_word' id='word_1_576' title='bbox 2941 3532 2954 3569; x_wconf 93' lang='lat'>:</span> <span class='ocrx_word' id='word_1_577' title='bbox 2986 3529 3110 3567; x_wconf 89' lang='lat' dir='ltr'><strong>nam</strong></span> <span class='ocrx_word' id='word_1_578' title='bbox 3136 3513 3212 3566; x_wconf 92' lang='lat' dir='ltr'><strong>ait</strong></span> <span class='ocrx_word' id='word_1_579' title='bbox 3242 3532 3255 3567; x_wconf 72' lang='grc' dir='ltr'>ε</span> <span class='ocrx_word' id='word_1_580' title='bbox 3284 3511 3416 3565; x_wconf 83' lang='lat' dir='ltr'><strong>Ecce</strong></span> <span class='ocrx_word' id='word_1_581' title='bbox 3455 3512 3674 3582; x_wconf 86' lang='lat' dir='ltr'><strong>loquen-</strong></span> 
     </span>
    </p>
   </div>
   <div class='ocr_carea' id='block_1_82' title="bbox 2088 3604 3672 3675">
    <p class='ocr_par' dir='ltr' id='par_1_82' title="bbox 2088 3604 3672 3675">
     <span class='ocr_line' id='line_1_82' title="bbox 2088 3604 3672 3675; baseline -0.001 -17"><span class='ocrx_word' id='word_1_582' title='bbox 2088 3617 2174 3659; x_wconf 90' lang='lat' dir='ltr'><strong>tur</strong></span> <span class='ocrx_word' id='word_1_583' title='bbox 2204 3608 2258 3659; x_wconf 85' lang='lat' dir='ltr'><strong>in</strong></span> <span class='ocrx_word' id='word_1_584' title='bbox 2291 3623 2381 3661; x_wconf 85' lang='lat' dir='ltr'><strong>ore</strong></span> <span class='ocrx_word' id='word_1_585' title='bbox 2411 3623 2528 3670; x_wconf 84' lang='lat' dir='ltr'><strong>suo,</strong></span> <span class='ocrx_word' id='word_1_586' title='bbox 2556 3614 2607 3659; x_wconf 86' lang='lat' dir='ltr'><strong>et</strong></span> <span class='ocrx_word' id='word_1_587' title='bbox 2652 3605 2861 3675; x_wconf 86' lang='lat' dir='ltr'><strong>gladius</strong></span> <span class='ocrx_word' id='word_1_588' title='bbox 2904 3606 2959 3659; x_wconf 87' lang='lat' dir='ltr'><strong>in</strong></span> <span class='ocrx_word' id='word_1_589' title='bbox 3000 3604 3156 3659; x_wconf 85' lang='lat' dir='ltr'><strong>labiis</strong></span> <span class='ocrx_word' id='word_1_590' title='bbox 3181 3619 3386 3667; x_wconf 84' lang='lat' dir='ltr'><strong>eorum,</strong></span> <span class='ocrx_word' id='word_1_591' title='bbox 3418 3607 3672 3671; x_wconf 84' lang='lat' dir='ltr'><strong>quoniam</strong></span> 
     </span>
    </p>
   </div>
   <div class='ocr_carea' id='block_1_83' title="bbox 2084 3696 3673 3769">
    <p class='ocr_par' dir='ltr' id='par_1_83' title="bbox 2084 3696 3673 3769">
     <span class='ocr_line' id='line_1_83' title="bbox 2084 3696 3673 3769; baseline 0 -18"><span class='ocrx_word' id='word_1_592' title='bbox 2084 3700 2201 3769; x_wconf 83' lang='lat' dir='ltr'><strong>quis</strong></span> <span class='ocrx_word' id='word_1_593' title='bbox 2255 3699 2499 3755; x_wconf 85' lang='lat' dir='ltr'><strong>audivit?</strong></span> <span class='ocrx_word' id='word_1_594' title='bbox 2551 3698 2839 3753; x_wconf 80' lang='lat' dir='ltr'><strong>Enimvero</strong></span> <span class='ocrx_word' id='word_1_595' title='bbox 2885 3699 2999 3754; x_wconf 56' lang='lat' dir='ltr'><strong>ha&#39;c</strong></span> <span class='ocrx_word' id='word_1_596' title='bbox 3032 3700 3215 3753; x_wconf 89' lang='lat' dir='ltr'><strong>omnia</strong></span> <span class='ocrx_word' id='word_1_597' title='bbox 3248 3696 3396 3766; x_wconf 87' lang='lat' dir='ltr'><strong>passi</strong></span> <span class='ocrx_word' id='word_1_598' title='bbox 3441 3705 3574 3750; x_wconf 91' lang='lat' dir='ltr'><strong>sunt</strong></span> <span class='ocrx_word' id='word_1_599' title='bbox 3602 3700 3673 3751; x_wconf 78' lang='lat' dir='ltr'><strong>ob</strong></span> 
     </span>
    </p>
   </div>
   <div class='ocr_carea' id='block_1_84' title="bbox 2088 3790 3672 3861">
    <p class='ocr_par' dir='ltr' id='par_1_84' title="bbox 2088 3790 3672 3861">
     <span class='ocr_line' id='line_1_84' title="bbox 2088 3790 3672 3861; baseline 0.001 -17"><span class='ocrx_word' id='word_1_600' title='bbox 2088 3791 2285 3861; x_wconf 88' lang='lat' dir='ltr'><strong>impias</strong></span> <span class='ocrx_word' id='word_1_601' title='bbox 2313 3791 2435 3845; x_wconf 89' lang='lat' dir='ltr'><strong>illas</strong></span> <span class='ocrx_word' id='word_1_602' title='bbox 2472 3797 2527 3846; x_wconf 91' lang='lat' dir='ltr'><strong>et</strong></span> <span class='ocrx_word' id='word_1_603' title='bbox 2560 3790 2799 3846; x_wconf 83' lang='lat' dir='ltr'><strong>nefarias</strong></span> <span class='ocrx_word' id='word_1_604' title='bbox 2836 3806 3019 3858; x_wconf 88' lang='lat' dir='ltr'><strong>voces,</strong></span> <span class='ocrx_word' id='word_1_605' title='bbox 3056 3807 3196 3860; x_wconf 88' lang='lat' dir='ltr'><strong>quas</strong></span> <span class='ocrx_word' id='word_1_606' title='bbox 3241 3803 3434 3850; x_wconf 91' lang='lat' dir='ltr'><strong>contra</strong></span> <span class='ocrx_word' id='word_1_607' title='bbox 3479 3794 3672 3848; x_wconf 90' lang='lat' dir='ltr'><strong>Salva-</strong></span> 
     </span>
    </p>
   </div>
   <div class='ocr_carea' id='block_1_85' title="bbox 2087 3882 3669 3953">
    <p class='ocr_par' dir='ltr' id='par_1_85' title="bbox 2087 3882 3669 3953">
     <span class='ocr_line' id='line_1_85' title="bbox 2087 3882 3669 3953; baseline 0.002 -17"><span class='ocrx_word' id='word_1_608' title='bbox 2087 3891 2262 3938; x_wconf 89' lang='lat' dir='ltr'><strong>torem</strong></span> <span class='ocrx_word' id='word_1_609' title='bbox 2287 3891 2540 3939; x_wconf 88' lang='lat' dir='ltr'><strong>nostrum</strong></span> <span class='ocrx_word' id='word_1_610' title='bbox 2569 3884 2936 3953; x_wconf 85' lang='lat' dir='ltr'><strong>protulerunt,</strong></span> <span class='ocrx_word' id='word_1_611' title='bbox 2969 3883 3036 3936; x_wconf 91' lang='lat' dir='ltr'><strong>ad</strong></span> <span class='ocrx_word' id='word_1_612' title='bbox 3065 3882 3296 3938; x_wconf 86' lang='lat' dir='ltr'><strong>Pilatum</strong></span> <span class='ocrx_word' id='word_1_613' title='bbox 3327 3886 3629 3941; x_wconf 79' lang='lat' dir='ltr'><strong>clamantes</strong></span> <span class='ocrx_word' id='word_1_614' title='bbox 3655 3905 3669 3939; x_wconf 91' lang='lat'>:</span> 
     </span>
    </p>
   </div>
   <div class='ocr_carea' id='block_1_86' title="bbox 2093 3974 3677 4049">
    <p class='ocr_par' dir='ltr' id='par_1_86' title="bbox 2093 3974 3677 4049">
     <span class='ocr_line' id='line_1_86' title="bbox 2093 3974 3677 4049; baseline 0.003 -20"><span class='ocrx_word' id='word_1_615' title='bbox 2093 3974 2262 4039; x_wconf 79' lang='lat' dir='ltr'><strong>Tolle,</strong></span> <span class='ocrx_word' id='word_1_616' title='bbox 2305 3974 2452 4038; x_wconf 82' lang='lat' dir='ltr'><strong>tolle,</strong></span> <span class='ocrx_word' id='word_1_617' title='bbox 2499 3975 2747 4044; x_wconf 80' lang='lat' dir='ltr'><strong>cruciﬁge</strong></span> <span class='ocrx_word' id='word_1_618' title='bbox 2787 3991 2907 4029; x_wconf 88' lang='lat' dir='ltr'><strong>eum</strong></span> <span class='ocrx_word' id='word_1_619' title='bbox 2953 3976 3021 4030; x_wconf 79' lang='grc'><strong>⁸³.</strong></span> <span class='ocrx_word' id='word_1_620' title='bbox 3067 3975 3298 4047; x_wconf 76' lang='lat' dir='ltr'><strong>Sanguis</strong></span> <span class='ocrx_word' id='word_1_621' title='bbox 3340 3979 3457 4049; x_wconf 85' lang='lat' dir='ltr'><strong>ejus</strong></span> <span class='ocrx_word' id='word_1_622' title='bbox 3515 3996 3677 4049; x_wconf 86' lang='lat' dir='ltr'><strong>super</strong></span> 
     </span>
    </p>
   </div>
   <div class='ocr_carea' id='block_1_87' title="bbox 2090 4066 3676 4141">
    <p class='ocr_par' dir='ltr' id='par_1_87' title="bbox 2090 4066 3676 4141">
     <span class='ocr_line' id='line_1_87' title="bbox 2090 4066 3676 4141; baseline 0.003 -21"><span class='ocrx_word' id='word_1_623' title='bbox 2090 4084 2184 4122; x_wconf 88' lang='lat' dir='ltr'><strong>nos</strong></span> <span class='ocrx_word' id='word_1_624' title='bbox 2196 4076 2411 4135; x_wconf 83' lang='lat' dir='ltr'><strong>etsuper</strong></span> <span class='ocrx_word' id='word_1_625' title='bbox 2426 4068 2567 4136; x_wconf 77' lang='lat' dir='ltr'><strong>ﬁlios</strong></span> <span class='ocrx_word' id='word_1_626' title='bbox 2590 4078 2799 4121; x_wconf 82' lang='lat' dir='ltr'><strong>nostros</strong></span> <span class='ocrx_word' id='word_1_627' title='bbox 2812 4067 2878 4118; x_wconf 78' lang='grc'><strong>⁸³.</strong></span> <span class='ocrx_word' id='word_1_628' title='bbox 2904 4066 3060 4132; x_wconf 88' lang='lat' dir='ltr'><strong>Quod</strong></span> <span class='ocrx_word' id='word_1_629' title='bbox 3086 4068 3170 4125; x_wconf 82' lang='lat' dir='ltr'><strong>his</strong></span> <span class='ocrx_word' id='word_1_630' title='bbox 3197 4070 3378 4125; x_wconf 89' lang='lat' dir='ltr'><strong>verbis</strong></span> <span class='ocrx_word' id='word_1_631' title='bbox 3400 4069 3676 4141; x_wconf 77' lang='lat' dir='ltr'><strong>signiﬁca-</strong></span> 
     </span>
    </p>
   </div>
   <div class='ocr_carea' id='block_1_88' title="bbox 2092 4158 3676 4230">
    <p class='ocr_par' dir='ltr' id='par_1_88' title="bbox 2092 4158 3676 4230">
     <span class='ocr_line' id='line_1_88' title="bbox 2092 4158 3676 4230; baseline 0.004 -18"><span class='ocrx_word' id='word_1_632' title='bbox 2092 4167 2183 4213; x_wconf 91' lang='lat' dir='ltr'><strong>tur</strong></span> <span class='ocrx_word' id='word_1_633' title='bbox 2214 4178 2229 4213; x_wconf 88' lang='lat'><strong>:</strong></span> <span class='ocrx_word' id='word_1_634' title='bbox 2269 4158 2403 4213; x_wconf 85' lang='lat' dir='ltr'><strong>Ecce</strong></span> <span class='ocrx_word' id='word_1_635' title='bbox 2432 4159 2710 4229; x_wconf 82' lang='lat' dir='ltr'><strong>loquentur</strong></span> <span class='ocrx_word' id='word_1_636' title='bbox 2742 4160 2796 4212; x_wconf 85' lang='lat' dir='ltr'><strong>in</strong></span> <span class='ocrx_word' id='word_1_637' title='bbox 2829 4175 2918 4212; x_wconf 89' lang='lat' dir='ltr'><strong>ore</strong></span> <span class='ocrx_word' id='word_1_638' title='bbox 2952 4165 3069 4223; x_wconf 72' lang='lat' dir='ltr'><strong>suo,</strong></span> <span class='ocrx_word' id='word_1_639' title='bbox 3104 4171 3153 4213; x_wconf 88' lang='lat' dir='ltr'><strong>et</strong></span> <span class='ocrx_word' id='word_1_640' title='bbox 3186 4160 3398 4230; x_wconf 82' lang='lat' dir='ltr'><strong>gladius</strong></span> <span class='ocrx_word' id='word_1_641' title='bbox 3433 4164 3487 4215; x_wconf 84' lang='lat' dir='ltr'><strong>in</strong></span> <span class='ocrx_word' id='word_1_642' title='bbox 3519 4163 3676 4218; x_wconf 79' lang='lat' dir='ltr'><strong>labiis</strong></span> 
     </span>
    </p>
   </div>
   <div class='ocr_carea' id='block_1_89' title="bbox 2088 4240 3676 4324">
    <p class='ocr_par' dir='ltr' id='par_1_89' title="bbox 2088 4240 3676 4324">
     <span class='ocr_line' id='line_1_89' title="bbox 2088 4240 3676 4324; baseline 0.004 -19"><span class='ocrx_word' id='word_1_643' title='bbox 2088 4267 2293 4307; x_wconf 85' lang='lat' dir='ltr'><strong>eorum.</strong></span> <span class='ocrx_word' id='word_1_644' title='bbox 2333 4251 2440 4306; x_wconf 82' lang='lat' dir='ltr'><strong>Pro</strong></span> <span class='ocrx_word' id='word_1_645' title='bbox 2481 4252 2573 4305; x_wconf 92' lang='lat' dir='ltr'><strong>illo</strong></span> <span class='ocrx_word' id='word_1_646' title='bbox 2616 4240 2817 4313; x_wconf 86' lang='lat' dir='ltr'><strong>autem,</strong></span> <span class='ocrx_word' id='word_1_647' title='bbox 2853 4250 3116 4317; x_wconf 85' lang='lat' dir='ltr'><strong>Quoniam</strong></span> <span class='ocrx_word' id='word_1_648' title='bbox 3139 4255 3255 4324; x_wconf 86' lang='lat' dir='ltr'><strong>quis</strong></span> <span class='ocrx_word' id='word_1_649' title='bbox 3284 4256 3529 4312; x_wconf 82' lang='lat' dir='ltr'><strong>audivit?</strong></span> <span class='ocrx_word' id='word_1_650' title='bbox 3562 4256 3676 4311; x_wconf 82' lang='lat' dir='ltr'><strong>cla-</strong></span> 
     </span>
    </p>
   </div>
   <div class='ocr_carea' id='block_1_90' title="bbox 2092 4341 3681 4415">
    <p class='ocr_par' dir='ltr' id='par_1_90' title="bbox 2092 4341 3681 4415">
     <span class='ocr_line' id='line_1_90' title="bbox 2092 4341 3681 4415; baseline 0.004 -19"><span class='ocrx_word' id='word_1_651' title='bbox 2092 4344 2211 4398; x_wconf 89' lang='lat' dir='ltr'><strong>rius</strong></span> <span class='ocrx_word' id='word_1_652' title='bbox 2235 4341 2597 4413; x_wconf 80' lang='lat' dir='ltr'><strong>Symmachus</strong></span> <span class='ocrx_word' id='word_1_653' title='bbox 2630 4345 3026 4415; x_wconf 86' lang='lat' dir='ltr'><strong>interpretatus</strong></span> <span class='ocrx_word' id='word_1_654' title='bbox 3051 4345 3139 4400; x_wconf 87' lang='lat' dir='ltr'><strong>bis</strong></span> <span class='ocrx_word' id='word_1_655' title='bbox 3169 4347 3353 4402; x_wconf 86' lang='lat' dir='ltr'><strong>verbis</strong></span> <span class='ocrx_word' id='word_1_656' title='bbox 3383 4358 3483 4414; x_wconf 81' lang='lat' dir='ltr'><strong>est,</strong></span> <span class='ocrx_word' id='word_1_657' title='bbox 3508 4349 3681 4413; x_wconf 88' lang='lat' dir='ltr'><strong>Quasi</strong></span> 
     </span>
    </p>
   </div>
   <div class='ocr_carea' id='block_1_91' title="bbox 2093 4435 3682 4509">
    <p class='ocr_par' dir='ltr' id='par_1_91' title="bbox 2093 4435 3682 4509">
     <span class='ocr_line' id='line_1_91' title="bbox 2093 4435 3682 4509; baseline 0.003 -20"><span class='ocrx_word' id='word_1_658' title='bbox 2093 4435 2243 4489; x_wconf 86' lang='lat' dir='ltr'><strong>nullo</strong></span> <span class='ocrx_word' id='word_1_659' title='bbox 2274 4435 2520 4491; x_wconf 81' lang='lat' dir='ltr'><strong>audiente</strong></span> <span class='ocrx_word' id='word_1_660' title='bbox 2548 4438 2877 4491; x_wconf 85' lang='lat' dir='ltr'><strong>clamabant.</strong></span> <span class='ocrx_word' id='word_1_661' title='bbox 2912 4437 3065 4492; x_wconf 91' lang='lat' dir='ltr'><strong>Talia</strong></span> <span class='ocrx_word' id='word_1_662' title='bbox 3101 4438 3302 4509; x_wconf 88' lang='lat' dir='ltr'><strong>quippe</strong></span> <span class='ocrx_word' id='word_1_663' title='bbox 3331 4453 3522 4494; x_wconf 86' lang='lat' dir='ltr'><strong>contra</strong></span> <span class='ocrx_word' id='word_1_664' title='bbox 3560 4442 3682 4494; x_wconf 86' lang='lat' dir='ltr'><strong>Sal-</strong></span> 
     </span>
    </p>
   </div>
   <div class='ocr_carea' id='block_1_92' title="bbox 411 4526 1985 4604">
    <p class='ocr_par' dir='ltr' id='par_1_92' title="bbox 411 4526 1985 4604">
     <span class='ocr_line' id='line_1_92' title="bbox 411 4526 1985 4604; baseline -0.004 -16"><span class='ocrx_word' id='word_1_665' title='bbox 411 4534 482 4588; x_wconf 80' lang='grc' dir='ltr'>Τὸ</span> <span class='ocrx_word' id='word_1_666' title='bbox 543 4528 688 4604; x_wconf 78' lang='grc' dir='ltr'>αἷμα</span> <span class='ocrx_word' id='word_1_667' title='bbox 745 4530 932 4589; x_wconf 86' lang='grc' dir='ltr'>αὐτοῦ</span> <span class='ocrx_word' id='word_1_668' title='bbox 993 4530 1085 4599; x_wconf 65' lang='grc' dir='ltr'><strong>ἐφ’</strong></span> <span class='ocrx_word' id='word_1_669' title='bbox 1135 4528 1293 4597; x_wconf 78' lang='grc' dir='ltr'><strong>ἡμᾶς</strong></span> <span class='ocrx_word' id='word_1_670' title='bbox 1359 4527 1457 4581; x_wconf 78' lang='grc' dir='ltr'>καὶ</span> <span class='ocrx_word' id='word_1_671' title='bbox 1521 4527 1620 4581; x_wconf 78' lang='grc' dir='ltr'><strong>ἐπὶ</strong></span> <span class='ocrx_word' id='word_1_672' title='bbox 1682 4527 1754 4581; x_wconf 80' lang='grc' dir='ltr'>τὰ</span> <span class='ocrx_word' id='word_1_673' title='bbox 1810 4526 1985 4582; x_wconf 81' lang='grc' dir='ltr'>τέκνα</span> 
     </span>
    </p>
   </div>
   <div class='ocr_carea' id='block_1_93' title="bbox 2087 4526 3682 4604">
    <p class='ocr_par' dir='ltr' id='par_1_93' title="bbox 2094 4528 3682 4599">
     <span class='ocr_line' id='line_1_93' title="bbox 2094 4528 3682 4599; baseline 0.002 -20"><span class='ocrx_word' id='word_1_674' title='bbox 2094 4535 2337 4581; x_wconf 85' lang='lat' dir='ltr'><strong>vatorem</strong></span> <span class='ocrx_word' id='word_1_675' title='bbox 2367 4528 2734 4590; x_wconf 87' lang='lat' dir='ltr'><strong>ohlatrabant.</strong></span> <span class='ocrx_word' id='word_1_676' title='bbox 2771 4529 2931 4599; x_wconf 89' lang='lat' dir='ltr'><strong>quasi</strong></span> <span class='ocrx_word' id='word_1_677' title='bbox 2977 4529 3195 4583; x_wconf 89' lang='lat' dir='ltr'><strong>nemine</strong></span> <span class='ocrx_word' id='word_1_678' title='bbox 3239 4530 3587 4599; x_wconf 88' lang='lat' dir='ltr'><strong>inspiciente.</strong></span> <span class='ocrx_word' id='word_1_679' title='bbox 3628 4537 3682 4583; x_wconf 82' lang='lat' dir='ltr'><strong>et</strong></span> 
     </span>
    </p>
   </div>
   <div class='ocr_carea' id='block_1_94' title="bbox 406 4617 1992 4694">
    <p class='ocr_par' dir='ltr' id='par_1_94' title="bbox 406 4617 1992 4694">
     <span class='ocr_line' id='line_1_94' title="bbox 406 4617 1992 4694; baseline -0.015 -12"><span class='ocrx_word' id='word_1_680' title='bbox 406 4623 603 4694; x_wconf 79' lang='grc' dir='ltr'>ἡμῶν·</span> <span class='ocrx_word' id='word_1_681' title='bbox 629 4621 660 4676; x_wconf 79' lang='grc' dir='ltr'><strong>ὃ</strong></span> <span class='ocrx_word' id='word_1_682' title='bbox 685 4622 750 4694; x_wconf 83' lang='grc' dir='ltr'>δὴ</span> <span class='ocrx_word' id='word_1_683' title='bbox 784 4619 1040 4692; x_wconf 85' lang='grc' dir='ltr'>σημαίνει</span> <span class='ocrx_word' id='word_1_684' title='bbox 1077 4619 1301 4690; x_wconf 84' lang='grc' dir='ltr'>φάσκων</span> <span class='ocrx_word' id='word_1_685' title='bbox 1345 4618 1374 4669; x_wconf 89' lang='grc' dir='ltr'><strong>ὁ</strong></span> <span class='ocrx_word' id='word_1_686' title='bbox 1403 4618 1561 4687; x_wconf 84' lang='grc' dir='ltr'>λόγος</span> <span class='ocrx_word' id='word_1_687' title='bbox 1581 4635 1594 4648; x_wconf 78' lang='grc' dir='ltr'><strong><em>ο</em></strong></span> <span class='ocrx_word' id='word_1_688' title='bbox 1668 4617 1815 4673; x_wconf 81' lang='grc' dir='ltr'>Ἰδοὺ</span> <span class='ocrx_word' id='word_1_689' title='bbox 1845 4618 1992 4673; x_wconf 79' lang='grc' dir='ltr'><strong>ἀπο-</strong></span> 
     </span>
    </p>
   </div>
   <div class='ocr_carea' id='block_1_95' title="bbox 405 4706 1990 4788">
    <p class='ocr_par' dir='ltr' id='par_1_95' title="bbox 405 4706 1990 4788">
     <span class='ocr_line' id='line_1_95' title="bbox 405 4706 1990 4788; baseline -0.006 -15"><span class='ocrx_word' id='word_1_690' title='bbox 405 4706 764 4788; x_wconf 70' lang='grc' dir='ltr'>φθέγξωνται</span> <span class='ocrx_word' id='word_1_691' title='bbox 784 4716 853 4769; x_wconf 87' lang='grc' dir='ltr'>ἐν</span> <span class='ocrx_word' id='word_1_692' title='bbox 875 4715 1126 4784; x_wconf 81' lang='grc' dir='ltr'>στόματι</span> <span class='ocrx_word' id='word_1_693' title='bbox 1150 4712 1349 4767; x_wconf 83' lang='grc' dir='ltr'>αὐτῶν</span> <span class='ocrx_word' id='word_1_694' title='bbox 1373 4711 1473 4766; x_wconf 78' lang='grc' dir='ltr'>καὶ</span> <span class='ocrx_word' id='word_1_695' title='bbox 1494 4711 1761 4781; x_wconf 69' lang='grc' dir='ltr'>ῥομφαία</span> <span class='ocrx_word' id='word_1_696' title='bbox 1779 4711 1851 4764; x_wconf 78' lang='grc' dir='ltr'>ἐν</span> <span class='ocrx_word' id='word_1_697' title='bbox 1866 4709 1990 4777; x_wconf 81' lang='grc' dir='ltr'>τοῖς</span> 
     </span>
    </p>
   </div>
   <div class='ocr_carea' id='block_1_96' title="bbox 406 4802 1991 4880">
    <p class='ocr_par' dir='ltr' id='par_1_96' title="bbox 406 4802 1991 4880">
     <span class='ocr_line' id='line_1_96' title="bbox 406 4802 1991 4880; baseline -0.006 -16"><span class='ocrx_word' id='word_1_698' title='bbox 406 4809 679 4880; x_wconf 73' lang='grc' dir='ltr'>χείλεσιν</span> <span class='ocrx_word' id='word_1_699' title='bbox 718 4805 937 4863; x_wconf 83' lang='grc' dir='ltr'>αὐτῶν.</span> <span class='ocrx_word' id='word_1_700' title='bbox 1000 4805 1146 4859; x_wconf 76' lang='grc' dir='ltr'>Ἀντὶ</span> <span class='ocrx_word' id='word_1_701' title='bbox 1178 4804 1235 4858; x_wconf 81' lang='grc' dir='ltr'><strong>δὲ</strong></span> <span class='ocrx_word' id='word_1_702' title='bbox 1267 4802 1384 4868; x_wconf 90' lang='grc' dir='ltr'>τοῦ,</span> <span class='ocrx_word' id='word_1_703' title='bbox 1423 4805 1545 4857; x_wconf 85' lang='grc' dir='ltr'>’Ότι</span> <span class='ocrx_word' id='word_1_704' title='bbox 1583 4804 1676 4869; x_wconf 87' lang='grc' dir='ltr'><strong>τίς</strong></span> <span class='ocrx_word' id='word_1_705' title='bbox 1720 4802 1991 4871; x_wconf 80' lang='grc' dir='ltr'>ἤκουσε;</span> 
     </span>
    </p>
   </div>
   <div class='ocr_carea' id='block_1_97' title="bbox 407 4892 1993 4973">
    <p class='ocr_par' dir='ltr' id='par_1_97' title="bbox 407 4892 1993 4973">
     <span class='ocr_line' id='line_1_97' title="bbox 407 4892 1993 4973; baseline -0.005 -19"><span class='ocrx_word' id='word_1_706' title='bbox 407 4900 743 4973; x_wconf 78' lang='grc' dir='ltr'>σαφέστερον</span> <span class='ocrx_word' id='word_1_707' title='bbox 800 4900 1142 4971; x_wconf 81' lang='grc' dir='ltr'>ἡρμήνευσεν</span> <span class='ocrx_word' id='word_1_708' title='bbox 1203 4899 1233 4951; x_wconf 89' lang='grc' dir='ltr'>ὁ</span> <span class='ocrx_word' id='word_1_709' title='bbox 1287 4896 1584 4967; x_wconf 75' lang='grc' dir='ltr'>Σύμμαχος</span> <span class='ocrx_word' id='word_1_710' title='bbox 1645 4892 1845 4947; x_wconf 84' lang='grc' dir='ltr'>εἰπών·</span> <span class='ocrx_word' id='word_1_711' title='bbox 1898 4894 1993 4959; x_wconf 86' lang='grc' dir='ltr'>Ὡς</span> 
     </span>
    </p>
   </div>
   <div class='ocr_carea' id='block_1_98' title="bbox 405 4984 1993 5060">
    <p class='ocr_par' dir='ltr' id='par_1_98' title="bbox 405 4984 1993 5060">
     <span class='ocr_line' id='line_1_98' title="bbox 405 4984 1993 5060; baseline -0.005 -14"><span class='ocrx_word' id='word_1_712' title='bbox 405 4991 658 5060; x_wconf 78' lang='grc' dir='ltr'>οὐδενὸς</span> <span class='ocrx_word' id='word_1_713' title='bbox 696 4992 1028 5056; x_wconf 80' lang='grc' dir='ltr'>ἀκούοντος</span> <span class='ocrx_word' id='word_1_714' title='bbox 1071 4990 1274 5043; x_wconf 79' lang='grc' dir='ltr'>ἐϐόων.</span> <span class='ocrx_word' id='word_1_715' title='bbox 1311 4988 1549 5043; x_wconf 87' lang='grc' dir='ltr'>Τοιαῦτα</span> <span class='ocrx_word' id='word_1_716' title='bbox 1578 4986 1688 5057; x_wconf 85' lang='grc' dir='ltr'><strong>γὰρ</strong></span> <span class='ocrx_word' id='word_1_717' title='bbox 1727 4985 1869 5041; x_wconf 87' lang='grc' dir='ltr'><strong>κατά</strong></span> <span class='ocrx_word' id='word_1_718' title='bbox 1898 4984 1993 5039; x_wconf 86' lang='grc' dir='ltr'><strong>τοῦ</strong></span> 
     </span>
    </p>
   </div>
   <div class='ocr_carea' id='block_1_99' title="bbox 406 5077 1994 5160">
    <p class='ocr_par' dir='ltr' id='par_1_99' title="bbox 406 5077 1994 5160">
     <span class='ocr_line' id='line_1_99' title="bbox 406 5077 1994 5160; baseline -0.004 -23"><span class='ocrx_word' id='word_1_719' title='bbox 406 5084 664 5160; x_wconf 87' lang='grc' dir='ltr'>Σωτῆρος</span> <span class='ocrx_word' id='word_1_720' title='bbox 712 5083 998 5147; x_wconf 81' lang='grc' dir='ltr'>ὑλάκτουν,</span> <span class='ocrx_word' id='word_1_721' title='bbox 1032 5084 1106 5147; x_wconf 84' lang='grc' dir='ltr'>ὡς</span> <span class='ocrx_word' id='word_1_722' title='bbox 1136 5081 1365 5154; x_wconf 74' lang='grc' dir='ltr'>μηδενὸς</span> <span class='ocrx_word' id='word_1_723' title='bbox 1411 5080 1723 5150; x_wconf 80' lang='grc' dir='ltr'>ὑφορῶντος</span> <span class='ocrx_word' id='word_1_724' title='bbox 1744 5118 1759 5142; x_wconf 88' lang='grc'><strong>,</strong></span> <span class='ocrx_word' id='word_1_725' title='bbox 1796 5080 1890 5133; x_wconf 75' lang='grc' dir='ltr'><strong>καὶ</strong></span> <span class='ocrx_word' id='word_1_726' title='bbox 1919 5077 1994 5141; x_wconf 83' lang='grc' dir='ltr'>ὡς</span> 
     </span>
    </p>
   </div>
   <div class='ocr_carea' id='block_1_100' title="bbox 410 5170 1994 5249">
    <p class='ocr_par' dir='ltr' id='par_1_100' title="bbox 410 5170 1994 5249">
     <span class='ocr_line' id='line_1_100' title="bbox 410 5170 1994 5249; baseline -0.005 -18"><span class='ocrx_word' id='word_1_727' title='bbox 410 5177 487 5249; x_wconf 79' lang='grc' dir='ltr'>μὴ</span> <span class='ocrx_word' id='word_1_728' title='bbox 513 5177 614 5248; x_wconf 90' lang='grc' dir='ltr'><strong>τῆς</strong></span> <span class='ocrx_word' id='word_1_729' title='bbox 639 5177 823 5249; x_wconf 86' lang='grc' dir='ltr'>φωνῆς</span> <span class='ocrx_word' id='word_1_730' title='bbox 850 5176 1031 5230; x_wconf 80' lang='grc' dir='ltr'>αὐτῶν</span> <span class='ocrx_word' id='word_1_731' title='bbox 1060 5174 1483 5248; x_wconf 82' lang='grc' dir='ltr'>ἐπακροωμένου</span> <span class='ocrx_word' id='word_1_732' title='bbox 1528 5173 1620 5226; x_wconf 88' lang='grc' dir='ltr'><strong>τοῦ</strong></span> <span class='ocrx_word' id='word_1_733' title='bbox 1650 5170 1811 5227; x_wconf 89' lang='grc' dir='ltr'>Θεοῦ.</span> <span class='ocrx_word' id='word_1_734' title='bbox 1855 5170 1994 5225; x_wconf 80' lang='grc' dir='ltr'>Ἀλλ’</span> 
     </span>
    </p>
   </div>
   <div class='ocr_carea' id='block_1_101' title="bbox 408 5264 1995 5342">
    <p class='ocr_par' dir='ltr' id='par_1_101' title="bbox 408 5264 1995 5342">
     <span class='ocr_line' id='line_1_101' title="bbox 408 5264 1995 5342; baseline -0.004 -19"><span class='ocrx_word' id='word_1_735' title='bbox 408 5273 610 5325; x_wconf 79' lang='grc' dir='ltr'>ἐκεῖνοι</span> <span class='ocrx_word' id='word_1_736' title='bbox 663 5273 763 5342; x_wconf 85' lang='grc' dir='ltr'><strong>μὲν</strong></span> <span class='ocrx_word' id='word_1_737' title='bbox 809 5271 885 5335; x_wconf 87' lang='grc' dir='ltr'>ὡς</span> <span class='ocrx_word' id='word_1_738' title='bbox 932 5269 1159 5342; x_wconf 80' lang='grc' dir='ltr'>μηδενὸς</span> <span class='ocrx_word' id='word_1_739' title='bbox 1212 5268 1502 5331; x_wconf 88' lang='grc' dir='ltr'>ἀκούοντος</span> <span class='ocrx_word' id='word_1_740' title='bbox 1555 5265 1757 5318; x_wconf 81' lang='grc' dir='ltr'>ἐϐόων·</span> <span class='ocrx_word' id='word_1_741' title='bbox 1821 5264 1886 5317; x_wconf 80' lang='grc' dir='ltr'><strong>σὺ</strong></span> <span class='ocrx_word' id='word_1_742' title='bbox 1937 5264 1995 5318; x_wconf 82' lang='grc' dir='ltr'>δὲ</span> 
     </span>
    </p>
   </div>
   <div class='ocr_carea' id='block_1_102' title="bbox 2098 4619 3681 4690">
    <p class='ocr_par' dir='ltr' id='par_1_102' title="bbox 2098 4619 3681 4690">
     <span class='ocr_line' id='line_1_102' title="bbox 2098 4619 3681 4690; baseline -0.001 -17"><span class='ocrx_word' id='word_1_743' title='bbox 2098 4620 2254 4690; x_wconf 86' lang='lat' dir='ltr'><strong>quasi</strong></span> <span class='ocrx_word' id='word_1_744' title='bbox 2286 4636 2354 4674; x_wconf 88' lang='lat' dir='ltr'><strong>ne</strong></span> <span class='ocrx_word' id='word_1_745' title='bbox 2385 4620 2469 4675; x_wconf 88' lang='lat' dir='ltr'><strong>vel</strong></span> <span class='ocrx_word' id='word_1_746' title='bbox 2504 4621 2619 4689; x_wconf 90' lang='lat' dir='ltr'><strong>ipse</strong></span> <span class='ocrx_word' id='word_1_747' title='bbox 2661 4619 2805 4675; x_wconf 81' lang='lat' dir='ltr'><strong>Deus</strong></span> <span class='ocrx_word' id='word_1_748' title='bbox 2833 4636 3019 4675; x_wconf 80' lang='lat' dir='ltr'><strong>vorem</strong></span> <span class='ocrx_word' id='word_1_749' title='bbox 3064 4636 3253 4675; x_wconf 77' lang='lat' dir='ltr'><strong>eorum</strong></span> <span class='ocrx_word' id='word_1_750' title='bbox 3301 4621 3532 4674; x_wconf 89' lang='lat' dir='ltr'><strong>audiret.</strong></span> <span class='ocrx_word' id='word_1_751' title='bbox 3573 4619 3681 4673; x_wconf 84' lang='lat' dir='ltr'><strong>Ve-</strong></span> 
     </span>
    </p>
   </div>
   <div class='ocr_carea' id='block_1_103' title="bbox 2099 4711 3683 4781">
    <p class='ocr_par' dir='ltr' id='par_1_103' title="bbox 2099 4711 3683 4781">
     <span class='ocr_line' id='line_1_103' title="bbox 2099 4711 3683 4781; baseline -0.003 -16"><span class='ocrx_word' id='word_1_752' title='bbox 2099 4727 2221 4766; x_wconf 89' lang='lat' dir='ltr'><strong>rum</strong></span> <span class='ocrx_word' id='word_1_753' title='bbox 2249 4712 2327 4766; x_wconf 89' lang='lat' dir='ltr'><strong>illi</strong></span> <span class='ocrx_word' id='word_1_754' title='bbox 2358 4711 2581 4781; x_wconf 87' lang='lat' dir='ltr'><strong>quidem</strong></span> <span class='ocrx_word' id='word_1_755' title='bbox 2627 4720 2684 4767; x_wconf 93' lang='lat' dir='ltr'><strong>ut</strong></span> <span class='ocrx_word' id='word_1_756' title='bbox 2710 4713 2931 4768; x_wconf 89' lang='lat' dir='ltr'><strong>nemine</strong></span> <span class='ocrx_word' id='word_1_757' title='bbox 2957 4712 3216 4768; x_wconf 90' lang='lat' dir='ltr'><strong>audiente</strong></span> <span class='ocrx_word' id='word_1_758' title='bbox 3244 4711 3589 4775; x_wconf 88' lang='lat' dir='ltr'><strong>clamabant;</strong></span> <span class='ocrx_word' id='word_1_759' title='bbox 3628 4719 3683 4761; x_wconf 82' lang='lat' dir='ltr'><strong>at</strong></span> 
     </span>
    </p>
   </div>
   <div class='ocr_carea' id='block_1_104' title="bbox 2100 4803 3683 4875">
    <p class='ocr_par' dir='ltr' id='par_1_104' title="bbox 2100 4803 3683 4875">
     <span class='ocr_line' id='line_1_104' title="bbox 2100 4803 3683 4875; baseline -0.003 -17"><span class='ocrx_word' id='word_1_760' title='bbox 2100 4812 2161 4860; x_wconf 91' lang='lat' dir='ltr'><strong>tu</strong></span> <span class='ocrx_word' id='word_1_761' title='bbox 2189 4807 2435 4860; x_wconf 89' lang='lat' dir='ltr'><strong>omnium</strong></span> <span class='ocrx_word' id='word_1_762' title='bbox 2474 4806 2752 4875; x_wconf 85' lang='lat' dir='ltr'><strong>inspector</strong></span> <span class='ocrx_word' id='word_1_763' title='bbox 2780 4815 2833 4860; x_wconf 89' lang='lat' dir='ltr'><strong>et</strong></span> <span class='ocrx_word' id='word_1_764' title='bbox 2858 4806 3046 4874; x_wconf 77' lang='lat' dir='ltr'><strong>iudex,</strong></span> <span class='ocrx_word' id='word_1_765' title='bbox 3073 4821 3181 4859; x_wconf 88' lang='lat' dir='ltr'><strong>non</strong></span> <span class='ocrx_word' id='word_1_766' title='bbox 3215 4805 3391 4857; x_wconf 85' lang='lat' dir='ltr'><strong>solum</strong></span> <span class='ocrx_word' id='word_1_767' title='bbox 3420 4803 3548 4856; x_wconf 91' lang='lat' dir='ltr'><strong>talia</strong></span> <span class='ocrx_word' id='word_1_768' title='bbox 3585 4804 3683 4854; x_wconf 84' lang='lat' dir='ltr'><strong>oh-</strong></span> 
     </span>
    </p>
   </div>
   <div class='ocr_carea' id='block_1_105' title="bbox 2100 4893 3685 4967">
    <p class='ocr_par' dir='ltr' id='par_1_105' title="bbox 2100 4893 3685 4967">
     <span class='ocr_line' id='line_1_105' title="bbox 2100 4893 3685 4967; baseline -0.004 -16"><span class='ocrx_word' id='word_1_769' title='bbox 2100 4897 2366 4953; x_wconf 86' lang='lat' dir='ltr'><strong>latrantes</strong></span> <span class='ocrx_word' id='word_1_770' title='bbox 2412 4897 2699 4961; x_wconf 87' lang='lat' dir='ltr'><strong>audiebas,</strong></span> <span class='ocrx_word' id='word_1_771' title='bbox 2735 4896 2829 4951; x_wconf 90' lang='lat' dir='ltr'><strong>sed</strong></span> <span class='ocrx_word' id='word_1_772' title='bbox 2866 4896 3131 4950; x_wconf 89' lang='lat' dir='ltr'><strong>ridiculos</strong></span> <span class='ocrx_word' id='word_1_773' title='bbox 3165 4896 3382 4967; x_wconf 81' lang='lat' dir='ltr'><strong>agebas.</strong></span> <span class='ocrx_word' id='word_1_774' title='bbox 3443 4893 3505 4945; x_wconf 85' lang='lat' dir='ltr'><strong>Et</strong></span> <span class='ocrx_word' id='word_1_775' title='bbox 3547 4906 3685 4960; x_wconf 90' lang='lat' dir='ltr'><strong>quo-</strong></span> 
     </span>
    </p>
   </div>
   <div class='ocr_carea' id='block_1_106' title="bbox 2101 4987 3678 5059">
    <p class='ocr_par' dir='ltr' id='par_1_106' title="bbox 2101 4987 3678 5059">
     <span class='ocr_line' id='line_1_106' title="bbox 2101 4987 3678 5059; baseline -0.003 -16"><span class='ocrx_word' id='word_1_776' title='bbox 2101 4988 2268 5044; x_wconf 86' lang='lat' dir='ltr'><strong>modo</strong></span> <span class='ocrx_word' id='word_1_777' title='bbox 2319 5004 2428 5043; x_wconf 93' lang='lat' dir='ltr'><strong>non</strong></span> <span class='ocrx_word' id='word_1_778' title='bbox 2477 4989 2719 5052; x_wconf 88' lang='lat' dir='ltr'><strong>ridiculi,</strong></span> <span class='ocrx_word' id='word_1_779' title='bbox 2770 4989 2865 5059; x_wconf 92' lang='lat' dir='ltr'><strong>qui</strong></span> <span class='ocrx_word' id='word_1_780' title='bbox 2922 4994 3178 5058; x_wconf 88' lang='lat' dir='ltr'><strong>putarent</strong></span> <span class='ocrx_word' id='word_1_781' title='bbox 3229 4995 3309 5039; x_wconf 85' lang='lat' dir='ltr'><strong>tot</strong></span> <span class='ocrx_word' id='word_1_782' title='bbox 3345 4987 3678 5040; x_wconf 75' lang='lat' dir='ltr'><strong>niirahilium</strong></span> 
     </span>
    </p>
   </div>
   <div class='ocr_carea' id='block_1_107' title="bbox 2102 5077 3685 5153">
    <p class='ocr_par' dir='ltr' id='par_1_107' title="bbox 2102 5077 3685 5153">
     <span class='ocr_line' id='line_1_107' title="bbox 2102 5077 3685 5153; baseline -0.003 -15"><span class='ocrx_word' id='word_1_783' title='bbox 2102 5084 2376 5153; x_wconf 85' lang='lat' dir='ltr'><strong>opiﬁcem,</strong></span> <span class='ocrx_word' id='word_1_784' title='bbox 2427 5098 2486 5137; x_wconf 92' lang='lat' dir='ltr'><strong>se</strong></span> <span class='ocrx_word' id='word_1_785' title='bbox 2519 5083 2723 5137; x_wconf 87' lang='lat' dir='ltr'><strong>malitia</strong></span> <span class='ocrx_word' id='word_1_786' title='bbox 2767 5098 2866 5138; x_wconf 91' lang='lat' dir='ltr'><strong>sua</strong></span> <span class='ocrx_word' id='word_1_787' title='bbox 2920 5080 3326 5152; x_wconf 68' lang='lat' dir='ltr'><strong>superaturos?</strong></span> <span class='ocrx_word' id='word_1_788' title='bbox 3370 5077 3425 5131; x_wconf 87' lang='lat' dir='ltr'><strong>In</strong></span> <span class='ocrx_word' id='word_1_789' title='bbox 3473 5080 3685 5147; x_wconf 88' lang='lat' dir='ltr'><strong>psalmo</strong></span> 
     </span>
    </p>
   </div>
   <div class='ocr_carea' id='block_1_108' title="bbox 2103 5168 3699 5235">
    <p class='ocr_par' dir='ltr' id='par_1_108' title="bbox 2103 5168 3699 5235">
     <span class='ocr_line' id='line_1_108' title="bbox 2103 5168 3699 5235; baseline -0.006 -6"><span class='ocrx_word' id='word_1_790' title='bbox 2103 5172 2346 5229; x_wconf 86' lang='lat' dir='ltr'><strong>secundo</strong></span> <span class='ocrx_word' id='word_1_791' title='bbox 2378 5171 2633 5226; x_wconf 88' lang='lat' dir='ltr'><strong>similiter</strong></span> <span class='ocrx_word' id='word_1_792' title='bbox 2661 5171 2866 5226; x_wconf 86' lang='lat' dir='ltr'><strong>dicitur</strong></span> <span class='ocrx_word' id='word_1_793' title='bbox 2889 5188 2907 5224; x_wconf 87' lang='lat'><strong><em>:</em></strong></span> <span class='ocrx_word' id='word_1_794' title='bbox 2935 5170 3039 5235; x_wconf 87' lang='lat' dir='ltr'><strong>Qui</strong></span> <span class='ocrx_word' id='word_1_795' title='bbox 3071 5169 3274 5221; x_wconf 82' lang='lat' dir='ltr'><strong>habitat</strong></span> <span class='ocrx_word' id='word_1_796' title='bbox 3306 5170 3357 5221; x_wconf 87' lang='lat' dir='ltr'><strong>in</strong></span> <span class='ocrx_word' id='word_1_797' title='bbox 3384 5168 3526 5221; x_wconf 77' lang='lat' dir='ltr'><strong>cwlis</strong></span> <span class='ocrx_word' id='word_1_798' title='bbox 3561 5168 3699 5221; x_wconf 73' lang='lat' dir='ltr'><strong>ini--</strong></span> 
     </span>
    </p>
   </div>
   <div class='ocr_carea' id='block_1_109' title="bbox 2102 5260 3322 5329">
    <p class='ocr_par' dir='ltr' id='par_1_109' title="bbox 2102 5260 3322 5329">
     <span class='ocr_line' id='line_1_109' title="bbox 2102 5260 3322 5329; baseline -0.001 -13"><span class='ocrx_word' id='word_1_799' title='bbox 2102 5263 2244 5317; x_wconf 86' lang='lat' dir='ltr'><strong>debit</strong></span> <span class='ocrx_word' id='word_1_800' title='bbox 2271 5279 2377 5329; x_wconf 86' lang='lat' dir='ltr'><strong>eos,</strong></span> <span class='ocrx_word' id='word_1_801' title='bbox 2404 5273 2451 5315; x_wconf 90' lang='lat' dir='ltr'><strong>et</strong></span> <span class='ocrx_word' id='word_1_802' title='bbox 2477 5263 2733 5317; x_wconf 87' lang='lat' dir='ltr'><strong>Dominus</strong></span> <span class='ocrx_word' id='word_1_803' title='bbox 2763 5260 3110 5315; x_wconf 86' lang='lat' dir='ltr'><strong>subsannabit</strong></span> <span class='ocrx_word' id='word_1_804' title='bbox 3135 5277 3222 5313; x_wconf 83' lang='lat' dir='ltr'><strong>eos</strong></span> <span class='ocrx_word' id='word_1_805' title='bbox 3254 5263 3322 5315; x_wconf 73' lang='grc'><strong>⁸⁵.</strong></span> 
     </span>
    </p>
   </div>
   <div class='ocr_carea' id='block_1_110' title="bbox 406 5355 3686 5440">
    <p class='ocr_par' dir='ltr' id='par_1_110' title="bbox 406 5355 3686 5440">
     <span class='ocr_line' id='line_1_110' title="bbox 406 5355 3686 5440; baseline -0.004 -19"><span class='ocrx_word' id='word_1_806' title='bbox 406 5369 573 5433; x_wconf 75' lang='grc' dir='ltr'>αὐτὸς</span> <span class='ocrx_word' id='word_1_807' title='bbox 609 5370 638 5424; x_wconf 91' lang='grc' dir='ltr'>ὁ</span> <span class='ocrx_word' id='word_1_808' title='bbox 669 5369 888 5424; x_wconf 84' lang='grc' dir='ltr'>πάντων</span> <span class='ocrx_word' id='word_1_809' title='bbox 927 5368 1120 5439; x_wconf 79' lang='grc' dir='ltr'>ἔφορος</span> <span class='ocrx_word' id='word_1_810' title='bbox 1158 5366 1351 5440; x_wconf 80' lang='grc' dir='ltr'>κριτής</span> <span class='ocrx_word' id='word_1_811' title='bbox 1393 5366 1455 5419; x_wconf 86' lang='grc' dir='ltr'><strong>ού</strong></span> <span class='ocrx_word' id='word_1_812' title='bbox 1500 5365 1658 5435; x_wconf 88' lang='grc' dir='ltr'>μόνον</span> <span class='ocrx_word' id='word_1_813' title='bbox 1695 5365 1890 5435; x_wconf 82' lang='grc' dir='ltr'>ῆκουες</span> <span class='ocrx_word' id='word_1_814' title='bbox 1923 5364 1991 5417; x_wconf 73' lang='grc' dir='ltr'>τὰ</span> <span class='ocrx_word' id='word_1_815' title='bbox 2026 5362 2252 5416; x_wconf 84' lang='grc' dir='ltr'>τοιαῦτα</span> <span class='ocrx_word' id='word_1_816' title='bbox 2284 5361 2679 5423; x_wconf 83' lang='grc' dir='ltr'>ὑλακτούντων,</span> <span class='ocrx_word' id='word_1_817' title='bbox 2710 5359 2845 5415; x_wconf 84' lang='grc' dir='ltr'><strong>ἀλλά</strong></span> <span class='ocrx_word' id='word_1_818' title='bbox 2892 5358 2984 5412; x_wconf 74' lang='grc' dir='ltr'><strong>καὶ</strong></span> <span class='ocrx_word' id='word_1_819' title='bbox 3031 5357 3469 5425; x_wconf 78' lang='grc' dir='ltr'>καταγελάστους</span> <span class='ocrx_word' id='word_1_820' title='bbox 3533 5355 3686 5411; x_wconf 82' lang='grc' dir='ltr'>ἐποί-</span> 
     </span>
    </p>
   </div>
   <div class='ocr_carea' id='block_1_111' title="bbox 410 5449 3687 5536">
    <p class='ocr_par' dir='ltr' id='par_1_111' title="bbox 410 5449 3687 5536">
     <span class='ocr_line' id='line_1_111' title="bbox 410 5449 3687 5536; baseline -0.004 -21"><span class='ocrx_word' id='word_1_821' title='bbox 410 5481 512 5529; x_wconf 86' lang='grc' dir='ltr'>εις.</span> <span class='ocrx_word' id='word_1_822' title='bbox 558 5464 670 5519; x_wconf 70' lang='grc' dir='ltr'>Καὶ</span> <span class='ocrx_word' id='word_1_823' title='bbox 710 5464 826 5528; x_wconf 83' lang='grc' dir='ltr'>πῶς</span> <span class='ocrx_word' id='word_1_824' title='bbox 854 5463 965 5536; x_wconf 75' lang='grc' dir='ltr'>γὰρ</span> <span class='ocrx_word' id='word_1_825' title='bbox 1001 5466 1103 5518; x_wconf 85' lang='grc' dir='ltr'><strong>οὑκ</strong></span> <span class='ocrx_word' id='word_1_826' title='bbox 1138 5460 1279 5534; x_wconf 80' lang='grc' dir='ltr'>ἦσαν</span> <span class='ocrx_word' id='word_1_827' title='bbox 1321 5461 1714 5530; x_wconf 86' lang='grc' dir='ltr'>καταγέλαστοι</span> <span class='ocrx_word' id='word_1_828' title='bbox 1756 5459 1805 5512; x_wconf 82' lang='grc' dir='ltr'>οἱ</span> <span class='ocrx_word' id='word_1_829' title='bbox 1872 5457 2185 5528; x_wconf 79' lang='grc' dir='ltr'>νομίζοντες</span> <span class='ocrx_word' id='word_1_830' title='bbox 2246 5455 2503 5510; x_wconf 86' lang='grc' dir='ltr'>δύνασθαι</span> <span class='ocrx_word' id='word_1_831' title='bbox 2537 5456 2628 5509; x_wconf 73' lang='grc' dir='ltr'><strong>τὸν</strong></span> <span class='ocrx_word' id='word_1_832' title='bbox 2658 5455 2769 5508; x_wconf 82' lang='grc' dir='ltr'><strong>τῶν</strong></span> <span class='ocrx_word' id='word_1_833' title='bbox 2800 5452 3067 5507; x_wconf 82' lang='grc' dir='ltr'>τοσοΰτων</span> <span class='ocrx_word' id='word_1_834' title='bbox 3135 5449 3451 5521; x_wconf 78' lang='grc' dir='ltr'>παραδόξων</span> <span class='ocrx_word' id='word_1_835' title='bbox 3510 5449 3687 5521; x_wconf 77' lang='grc' dir='ltr'>ἔργων</span> 
     </span>
    </p>
   </div>
   <div class='ocr_carea' id='block_1_112' title="bbox 412 5544 3682 5629">
    <p class='ocr_par' dir='ltr' id='par_1_112' title="bbox 412 5544 3682 5629">
     <span class='ocr_line' id='line_1_112' title="bbox 412 5544 3682 5629; baseline -0.004 -19"><span class='ocrx_word' id='word_1_836' title='bbox 412 5556 644 5628; x_wconf 76' lang='grc' dir='ltr'>ποιητὴν</span> <span class='ocrx_word' id='word_1_837' title='bbox 677 5559 742 5629; x_wconf 83' lang='grc' dir='ltr'>τῇ</span> <span class='ocrx_word' id='word_1_838' title='bbox 783 5557 992 5611; x_wconf 79' lang='grc' dir='ltr'>ἑαυτῶν</span> <span class='ocrx_word' id='word_1_839' title='bbox 1025 5556 1269 5627; x_wconf 89' lang='grc' dir='ltr'>νικήσειν</span> <span class='ocrx_word' id='word_1_840' title='bbox 1322 5554 1527 5626; x_wconf 57' lang='lat' dir='ltr'><strong>mula;</strong></span> <span class='ocrx_word' id='word_1_841' title='bbox 1560 5555 1670 5606; x_wconf 78' lang='grc' dir='ltr'><strong>Καὶ</strong></span> <span class='ocrx_word' id='word_1_842' title='bbox 1702 5554 1761 5605; x_wconf 87' lang='grc' dir='ltr'>ὲν</span> <span class='ocrx_word' id='word_1_843' title='bbox 1826 5551 1905 5605; x_wconf 84' lang='grc' dir='ltr'>τῶ</span> <span class='ocrx_word' id='word_1_844' title='bbox 1939 5551 1984 5605; x_wconf 87' lang='lat'><strong>6&#39;</strong></span> <span class='ocrx_word' id='word_1_845' title='bbox 2010 5552 2068 5605; x_wconf 81' lang='grc' dir='ltr'>δὲ</span> <span class='ocrx_word' id='word_1_846' title='bbox 2105 5551 2322 5623; x_wconf 77' lang='grc' dir='ltr'>εἴρηται</span> <span class='ocrx_word' id='word_1_847' title='bbox 2369 5550 2569 5622; x_wconf 72' lang='grc' dir='ltr'>ψαλμῷ</span> <span class='ocrx_word' id='word_1_848' title='bbox 2590 5566 2606 5583; x_wconf 86' lang='grc'><strong>·</strong></span> <span class='ocrx_word' id='word_1_849' title='bbox 2667 5551 2721 5604; x_wconf 83' lang='grc' dir='ltr'><strong>Ὀ</strong></span> <span class='ocrx_word' id='word_1_850' title='bbox 2754 5546 3049 5603; x_wconf 80' lang='grc' dir='ltr'>κατοικῶν</span> <span class='ocrx_word' id='word_1_851' title='bbox 3089 5546 3161 5601; x_wconf 82' lang='grc' dir='ltr'>ἐν</span> <span class='ocrx_word' id='word_1_852' title='bbox 3205 5544 3483 5615; x_wconf 82' lang='grc' dir='ltr'>οὐρανοῖς</span> <span class='ocrx_word' id='word_1_853' title='bbox 3524 5545 3682 5614; x_wconf 61' lang='lat' dir='ltr'><strong>ettra-</strong></span> 
     </span>
    </p>
   </div>
   <div class='ocr_carea' id='block_1_113' title="bbox 410 5648 3699 5722">
    <p class='ocr_par' dir='ltr' id='par_1_113' title="bbox 410 5648 3699 5722">
     <span class='ocr_line' id='line_1_113' title="bbox 410 5648 3699 5722; baseline -0.003 -15"><span class='ocrx_word' id='word_1_854' title='bbox 410 5649 666 5708; x_wconf 72' lang='grc' dir='ltr'>λάσεται</span> <span class='ocrx_word' id='word_1_855' title='bbox 717 5652 942 5722; x_wconf 82' lang='grc' dir='ltr'>αὐτοὺς</span> <span class='ocrx_word' id='word_1_856' title='bbox 962 5693 975 5718; x_wconf 92' lang='grc'><strong>,</strong></span> <span class='ocrx_word' id='word_1_857' title='bbox 1025 5652 1125 5707; x_wconf 79' lang='grc' dir='ltr'>καὶ</span> <span class='ocrx_word' id='word_1_858' title='bbox 1166 5652 1381 5721; x_wconf 87' lang='grc' dir='ltr'>Κύριος</span> <span class='ocrx_word' id='word_1_859' title='bbox 1432 5648 1819 5721; x_wconf 77' lang='grc' dir='ltr'>ἐκμυκτηριεῖ</span> <span class='ocrx_word' id='word_1_860' title='bbox 1863 5648 2107 5715; x_wconf 80' lang='grc' dir='ltr'>αὐτούς.</span> <span class='ocrx_word' id='word_1_861' title='bbox 2778 5684 2779 5687; x_wconf 60' lang='grc' dir='ltr'><strong>η</strong></span> <span class='ocrx_word' id='word_1_862' title='bbox 3510 5648 3511 5651; x_wconf 66' lang='grc'><em>“</em></span> <span class='ocrx_word' id='word_1_863' title='bbox 3694 5656 3699 5661; x_wconf 85' lang='grc'><em>’</em></span> 
     </span>
    </p>
   </div>
   <div class='ocr_carea' id='block_1_114' title="bbox 484 5751 3687 5891">
    <p class='ocr_par' dir='ltr' id='par_1_114' title="bbox 484 5751 3687 5891">
     <span class='ocr_line' id='line_1_114' title="bbox 484 5751 3687 5891; baseline -0.004 -70"><span class='ocrx_word' id='word_1_864' title='bbox 484 5766 720 5891; x_wconf 44' lang='lat' dir='ltr'><strong>&quot;ilum.</strong></span> <span class='ocrx_word' id='word_1_865' title='bbox 752 5767 966 5838; x_wconf 58' lang='lat' dir='ltr'><strong>v1.41.</strong></span> <span class='ocrx_word' id='word_1_866' title='bbox 1042 5767 1087 5798; x_wconf 78' lang='grc' dir='ltr'><strong>⁸ο</strong></span> <span class='ocrx_word' id='word_1_867' title='bbox 1128 5764 1231 5821; x_wconf 85' lang='lat' dir='ltr'><strong>lsa.</strong></span> <span class='ocrx_word' id='word_1_868' title='bbox 1270 5780 1395 5830; x_wconf 73' lang='lat' dir='ltr'><strong>va,</strong></span> <span class='ocrx_word' id='word_1_869' title='bbox 1434 5764 1517 5819; x_wconf 79' lang='lat' dir='ltr'><strong>l3.</strong></span> <span class='ocrx_word' id='word_1_870' title='bbox 1593 5762 1633 5794; x_wconf 85' lang='lat'><strong>&quot;</strong></span> <span class='ocrx_word' id='word_1_871' title='bbox 1679 5758 1824 5817; x_wconf 81' lang='lat' dir='ltr'><strong>Psal.</strong></span> <span class='ocrx_word' id='word_1_872' title='bbox 1865 5774 1974 5826; x_wconf 80' lang='lat' dir='ltr'><strong>Liv,</strong></span> <span class='ocrx_word' id='word_1_873' title='bbox 2014 5759 2099 5815; x_wconf 81' lang='grc'><strong>10.</strong></span> <span class='ocrx_word' id='word_1_874' title='bbox 2179 5758 2402 5816; x_wconf 75' lang='lat' dir='ltr'><strong>&quot;Joan.</strong></span> <span class='ocrx_word' id='word_1_875' title='bbox 2438 5776 2563 5826; x_wconf 74' lang='lat' dir='ltr'><strong>XIX,</strong></span> <span class='ocrx_word' id='word_1_876' title='bbox 2600 5758 2685 5813; x_wconf 79' lang='grc'><strong>15.</strong></span> <span class='ocrx_word' id='word_1_877' title='bbox 2764 5756 2809 5789; x_wconf 81' lang='grc'><strong>⁸³</strong></span> <span class='ocrx_word' id='word_1_878' title='bbox 2850 5754 3039 5810; x_wconf 85' lang='lat' dir='ltr'><strong>Matth.</strong></span> <span class='ocrx_word' id='word_1_879' title='bbox 3079 5769 3261 5819; x_wconf 73' lang='lat' dir='ltr'><strong>xxv&quot;,</strong></span> <span class='ocrx_word' id='word_1_880' title='bbox 3288 5753 3380 5810; x_wconf 81' lang='lat'><strong>‘25.</strong></span> <span class='ocrx_word' id='word_1_881' title='bbox 3456 5751 3504 5786; x_wconf 77' lang='grc'>⁸⁸</span> <span class='ocrx_word' id='word_1_882' title='bbox 3540 5751 3687 5810; x_wconf 82' lang='lat' dir='ltr'><strong>Psal.</strong></span> 
     </span>
    </p>
   </div>
   <div class='ocr_carea' id='block_1_115' title="bbox 420 5854 584 5906">
    <p class='ocr_par' dir='ltr' id='par_1_115' title="bbox 420 5854 584 5906">
     <span class='ocr_line' id='line_1_115' title="bbox 420 5854 584 5906; baseline 0 -13"><span class='ocrx_word' id='word_1_883' title='bbox 420 5854 496 5906; x_wconf 85' lang='grc' dir='ltr'><strong>ιι,</strong></span> <span class='ocrx_word' id='word_1_884' title='bbox 531 5854 584 5893; x_wconf 58' lang='grc' dir='ltr'><strong>ιι.</strong></span> 
     </span>
    </p>
   </div>
  </div>
