4142 6388
433 325 546 386 5.ιὸ

1162 318 1434 378 susse“
1463 317 1957 378 cessamus
1984 319 2136 378 ore.
2189 319 2375 377 rans
2405 301 2592 376 ιιι.’-
2614 308 3029 381 EXEUETICA.

3607 327 3706 383 5H

501 440 588 502 Ad
627 435 1105 496 nihilumdeduces
1139 451 1317 492 omnes
1371 443 1569 506 gentes.
1623 434 1732 492 Pro
1780 436 1876 491 illo
1925 451 2024 491 au-

2205 433 2666 501 Ἐξουδενώσεις
2725 435 2924 490 πάντα
2968 434 3040 489 τὰ
3080 435 3246 504 ἔθνη.
3307 437 3452 490 Ἀντὶ
3495 438 3552 492 δὲ
3595 440 3717 517 τοῦδ

435 543 572 597 tem,
601 530 686 586 Ad
703 530 929 586 nihilum
949 528 1176 584 deduces
1200 544 1378 583 omnes
1412 537 1608 599 gentes,
1638 526 2024 600 Symmachus,

431 626 688 682 wish-set
711 623 953 678 omnibus
993 621 1256 693 gentibus,
1285 621 1696 692 interpretatur.
1734 619 1832 676 His
1860 635 2028 692 porro

433 717 805 786 signiheatur,
836 713 1245 784 correptionem
1276 727 1311 767 a
1337 711 1450 767 Deo
1479 711 1738 768 omnibus
1772 712 2026 783 gentibus

431 808 774 864 inferendam
815 822 960 862 esse.
994 805 1134 872 Quia
1171 806 1318 861 enim
1359 820 1526 876 supra
1571 804 1881 868 dicebatur,
1928 802 2019 858 1n-

429 896 584 953 tende
615 899 685 951 ad
713 897 1010 951 visitandas
1040 911 1220 950 omnes
1251 904 1465 966 gentes;
1495 902 1900 966 consequenter
1927 897 2026 952 do-

429 998 540 1053 cct,
574 988 745 1052 Deum
791 989 1157 1060 inspectorem
1202 989 1357 1058 prius
1402 1003 1598 1044 omnes
1642 997 2024 1058 correpturum

432 1088 647 1151 gentes,
671 1079 872 1135 deinde
903 1095 999 1135 eas
1037 1094 1066 1132 a
1099 1080 1398 1134 multorum
1440 1079 1728 1134 numinum
1759 1088 1814 1135 et
1848 1080 2026 1135 idolo-

432 1188 561 1230 rum
599 1189 790 1230 errore
837 1189 1234 1229 conversurum
1288 1187 1432 1227 esse.
1491 1171 1812 1228 Sermonem
1859 1188 2025 1243 porro

429 1265 765 1336 completum
799 1263 1192 1334 deprehendet,
1222 1263 1268 1318 si
1291 1263 1418 1334 quis
1449 1263 1871 1328 animadvertat,
1901 1270 2026 1335 post

430 1357 729 1424 adventum
767 1353 1071 1410 Salvatoris
1103 1354 1301 1419 nostri,
1350 1363 1540 1426 gentes
1585 1357 1883 1411 multorum
1930 1373 2026 1410 nu-

430 1448 644 1502 minum
670 1449 844 1502 errori
889 1447 1122 1502 maxime
1158 1447 1394 1510 deditas,
1441 1447 1544 1502 sub
1575 1447 1790 1502 initium
1822 1449 2022 1518 prndi-

430 1538 668 1594 cationis
700 1538 928 1592 verbum
970 1539 1215 1608 recipere
1263 1539 1592 1602 abnuentes,
1641 1539 2023 1595 obsidionibus

430 1629 845 1699 etquibusdam
900 1631 1024 1685 aliis
1073 1631 1336 1686 aerumnis
1379 1631 1647 1686 deductas
1695 1632 2020 1702 resipuisse,

431 1718 546 1776 Deo
580 1722 654 1774 ita
687 1722 834 1792 ipsas
869 1723 1182 1792 alloqueute
1213 1732 1382 1794 atque
1417 1724 1751 1794 castiga-nte:
1785 1723 1866 1778 sic
1893 1737 2024 1794 ergo

2139 525 2596 592 Ἐξουδενώσεις
2618 527 2816 582 πάντα
2842 527 2915 582 τὰ
2937 527 3110 594 ἔθνη,
3141 528 3171 579 ὁ
3202 527 3519 599 Σύμμαχος,
3559 531 3711 584 Ἐπι-

2124 617 2338 688 pprist
2383 616 2534 675 πᾶσι
2583 618 2711 686 τοῖς
2763 619 3026 683 ἔθνεσιν,
3076 621 3412 692 ἡρμήνευσε.
3471 621 3632 690 Δηλοῖ
3657 623 3712 676 δὲ

2124 713 2154 764 ό
2180 711 2337 780 λόγος
2385 711 2704 782 ὲπιτίμησίν
2747 728 2872 765 τινα
2927 709 3021 764 τοῦ
3063 712 3198 765 Θεοῦ
3242 714 3380 784 πρὸς
3422 715 3602 768 πάντα
3645 715 3712 770 τὰ

2125 803 2274 875 ἔθνη.
2323 803 2540 874 Ἐπειδὴ
2583 802 2693 874 γὰρ
2719 802 2976 880 ἀνωτέρω
3011 804 3226 874 ἐλέγετο
3245 822 3259 836 ο
3295 808 3571 875 Πρόσχες
3608 807 3714 860 τοῦ

2124 893 2573 963 ἐπισκέψασθαι
2603 893 2804 948 πάντα
2829 895 2900 948 τὰ
2926 895 3090 964 ἐθνηο
3115 892 3425 961 ἀκολούθως
3451 898 3712 963 διδάσκει,

2122 987 2199 1051 ὡς
2230 987 2543 1041 ἐπισκοπῶν
2575 989 2604 1040 ὁ
2630 986 2764 1052 Θεὸς
2797 990 3111 1060 ἐπιτιμήσει
3149 990 3413 1062 πρότερον
3441 993 3576 1044 πᾶσι
3602 983 3714 1054 τοῖς

2124 1080 2354 1145 ἔθνεσιν,
2387 1079 2484 1133 εἶτ’
2516 1081 2836 1152 ἐπιστρέψει
2868 1082 3006 1134 αὐτὰ
3031 1082 3129 1152 τῆς
3156 1082 3416 1136 πολυθέου
3443 1084 3538 1137 καὶ
3562 1082 3714 1136 είδω-

2123 1172 2384 1248 λολάτρου
2422 1173 2648 1244 πλάνης.
2681 1173 2892 1226 Γνῶναι
2921 1175 2979 1228 δέ
3004 1175 3121 1227 ἐστι
3151 1175 3246 1228 τοῦ
3293 1175 3452 1244 λόγου
3491 1176 3554 1228 τὸ
3581 1177 3716 1228 ἀπο-

2123 1267 2362 1338 τέλεσμα
2403 1268 2777 1339 ἐπιστήσαντα
2799 1307 2812 1331 ,
2845 1268 2921 1330 ὡς
2953 1267 3091 1338 μετὰ
3135 1268 3237 1338 τὴν
3276 1267 3579 1339 παρουσίαν
3616 1265 3710 1319 τοῦ

2123 1358 2378 1428 Σωτῆρος
2439 1356 2632 1428 ἡμῶν,
2695 1356 2764 1409 τὰ
2828 1356 3064 1426 μάλιστα
3121 1356 3249 1426 περὶ
3301 1355 3400 1426 τὴν
3453 1352 3712 1408 πολύθεον

2125 1451 2333 1522 πλάνην
2358 1449 2674 1521 ὲπτοημένα
2700 1448 2848 1520 ἔθνη,
2881 1448 3002 1503 κατ’
3033 1439 3206 1520 ἀρχὰς
3238 1447 3331 1501 τοῦ
3362 1447 3714 1520 κηρύγματος

2122 1542 2519 1598 ὲναντιωθέντα
2565 1547 2632 1615 τῇ
2682 1541 2778 1596 τοῦ
2816 1541 2978 1608 λόγου
3027 1540 3328 1610 παραδοχῇ,
3379 1537 3715 1610 πολιορκίαις

2125 1636 2218 1690 καί
2254 1653 2394 1689 τισιν
2428 1635 2616 1699 ἄλλαις
2652 1636 3106 1706 ὲπιστρεπτικαῖς
3144 1631 3532 1703 περιστάσεσιν
3574 1633 3712 1685 ἐσωο

2124 1729 2410 1802 φρονίσθη,
2436 1728 2530 1783 τοῦ
2556 1727 2693 1781 Θεοῦ
2727 1728 2916 1781 τοῦτον
2949 1727 3040 1781 τὸν
3068 1726 3269 1798 τρόπον
3311 1725 3712 1796 ἐπιφθεγγομέο

433 1812 502 1868 ad
537 1814 818 1870 meliorem
856 1815 1063 1886 frugem
1098 1831 1156 1870 se
1188 1824 1378 1886 postea
1405 1816 1756 1886 recipientes,
1791 1815 2019 1870 salutari

2128 1843 2216 1879 νου
2249 1824 2344 1878 καὶ
2374 1823 2737 1894 ἐπιτιμῶντος
2771 1823 2952 1885 αὐτοῖς
2973 1837 2988 1851 ο
3022 1819 3164 1873 οὕτω
3191 1819 3342 1888 γοῦν,
3377 1818 3514 1890 μετὰ
3545 1817 3713 1892 ταῦτα

434 1905 599 1962 verbo
635 1905 866 1960 subditas
913 1915 1062 1961 sunt.
1093 1907 1460 1973 Quamobrem
1489 1907 1687 1962 deinde
1731 1905 2021 1978 subiungi-

430 2005 524 2053 tur
551 2013 616 2053 ex
649 2013 884 2069 persona
922 1996 1226 2054 Salvatoris
1257 2013 1272 2050 :
1314 1997 1713 2054 Fortitudinem
1741 2017 1910 2054 meam
1949 1999 2019 2053 ad

430 2097 484 2142 te
521 2088 843 2152 custodiam,
902 2089 1029 2158 quia
1072 2087 1215 2142 Deus
1252 2099 1526 2159 susceptor
1570 2106 1714 2144 meus
1754 2106 1831 2148 es.
1876 2089 2024 2146 Deus

433 2197 598 2246 meus,
636 2181 1002 2234 misericordia
1034 2180 1148 2250 ejus
1177 2184 1452 2250 praeveniet
1482 2199 1581 2236 me.
1610 2181 1749 2235 Deus
1785 2181 2028 2236 ostendet-

431 2273 560 2327 mihi
597 2273 651 2326 in
677 2273 906 2326 inimicis
939 2273 1102 2337 meis;
1131 2274 1580 2336 sive,secuudum
1605 2272 2016 2346 Symmachum,

432 2363 711 2436 Despicere
745 2381 824 2418 me
847 2365 1005 2434 faciet
1033 2383 1121 2420 eos
1148 2373 1240 2437 qui
1266 2383 1444 2420 muros
1489 2367 1618 2420 mihi
1666 2366 2016 2420 abstulerant.

429 2459 573 2516 Alibi
607 2458 1077 2529 quoque-dictum
1113 2468 1199 2514 est
1230 2478 1242 2513 :
1286 2458 1355 2513 Et
1395 2459 1628 2528 despexit
1663 2460 1847 2514 oculus
1876 2475 2020 2514 meus

432 2553 764 2622 insurgentes
805 2551 858 2604 in
889 2567 969 2605 me
999 2551 1376 2621 malignantes,
1411 2552 1588 2606 audiet
1628 2553 1774 2606 auris
1814 2569 1929 2606 mea
1952 2553 2019 2609 ⁸⁵.

443 2641 553 2698 Sed
589 2643 756 2698 etiam
789 2641 956 2699 David
985 2641 1169 2699 Saulis
1203 2644 1418 2698 ruinam
1439 2652 1494 2699 et
1526 2652 1756 2700 mortem
1787 2644 2020 2714 aspexit,

2125 1914 2606 1987 σωφρονισθέντες,
2649 1912 3111 1984 καθυπετάγησαν
3144 1910 3220 1981 τῷ
3257 1910 3506 1982 σωτηρίῳ
3548 1909 3707 1981 λόγῳ.

2127 2005 2217 2057 Διὸ
2244 2004 2556 2073 ὲπιλέγεται
2596 2004 2723 2076 ἑξῆς
2754 2004 2820 2058 ἐκ
2858 2002 3150 2075 προσώπου
3193 2000 3286 2054 τοῦ
3317 2000 3598 2072 Σωτῆρος·
3643 1999 3713 2054 Τό

2129 2093 2347 2162 κράτος
2389 2113 2509 2165 μου
2554 2095 2706 2164 πρὸς
2745 2095 2820 2149 σὲ
2860 2093 3134 2164 φυλάξω,
3177 2093 3268 2146 ὅτι
3307 2095 3339 2147 ὁ
3371 2092 3515 2159 Θεὸς
3551 2093 3711 2147 ὰντιν

2130 2186 2374 2256 λήὲττωρ
2407 2202 2561 2257 μου,
2613 2191 2644 2240 ό
2681 2187 2827 2252 Θεός
2853 2204 2996 2256 μου,
3032 2186 3097 2239 τὸ
3129 2185 3304 2252 ἕλεος
3342 2183 3530 2238 αὑτοῦ
3569 2200 3712 2252 προ-

2129 2279 2347 2349 φθάσει
2375 2297 2452 2350 με
2471 2296 2485 2310 '
2523 2281 2555 2333 ό
2583 2279 2728 2345 Θεὸς
2753 2277 2936 2343 δείξει
2955 2296 3055 2348 μοι
3079 2278 3148 2331 ἐν
3169 2277 3293 2343 τοῖς
3313 2275 3549 2345 ἐχθροῖς
3569 2289 3712 2345 μουο

2129 2369 2336 2442 ἢκατὰ
2382 2370 2473 2424 τὸν
2513 2370 2838 2442 Σύμμαχον,
2880 2368 3136 2423 Ἐπιδεῖν
3185 2367 3426 2433 ποιήσει
3473 2384 3550 2437 με
3591 2366 3713 2432 τοῖς

2128 2459 2574 2528 ἀποτειχίζουσι
2615 2477 2710 2528 με.
2758 2461 2870 2512 Kal.
2913 2461 2971 2512 ὲν
3016 2459 3186 2530 ἑτέρῳ
3230 2458 3287 2511 δὲ
3319 2457 3563 2527 εἴρηται·
3604 2455 3715 2510 Καὶ

2125 2553 2365 2607 ἐπεῖδεν
2404 2557 2436 2607 ό
2466 2554 2774 2622 ὀφθαλμός
2798 2569 2918 2622 μου
2950 2551 3021 2605 ὲν
3048 2550 3172 2616 τοῖς
3216 2547 3713 2616 ἐπανισταμένοις

2126 2649 2219 2702 ἐπ’
2251 2647 2358 2719 ἐμὲ
2402 2645 2944 2716 πονηρευομένοις,
3021 2643 3444 2697 εὶσακούσεται
3488 2640 3554 2694 τὸ
3603 2634 3713 2705 οὖς

439 2743 499 2790 ct
525 2749 717 2790 casum
751 2736 946 2789 mortis
982 2735 1103 2804 ejus
1145 2735 1414 2806 despexit.
1453 2733 1536 2789 Ne
1569 2735 1778 2790 occidas
1810 2752 1919 2800 eos,
1962 2752 2024 2790 ne

2128 2757 2261 2808 μου.
2320 2737 2483 2792 Ἀλλὰ
2519 2737 2612 2791 καὶ
2653 2739 2681 2790 ό
2712 2735 2874 2790 Δαυῒδ
2921 2734 3013 2789 τοῦ
3040 2735 3211 2788 Σαοὺλ
3251 2734 3349 2802 τὴν
3385 2731 3592 2785 πτῶσιν
3622 2731 3714 2784 καὶ

433 2827 1065 2900 ᾳιιαιιάοιοὺίὶυἰεεαηιιιι·
1093 2828 1275 2898 populi
1311 2830 1409 2882 tui.
1443 2826 1681 2884 Rursum
1713 2829 2019 2899 pluraliter,

436 2939 505 2977 ne
527 2921 738 2976 occidas
765 2939 878 2987 eos,
901 2922 1100 2992 inquit,
1117 2921 1355 2993 disperge
1388 2921 1534 2986 ittos,
1565 2930 1616 2977 et
1643 2921 1840 2990 depone
1861 2923 1982 2977 ittos
2000 2937 2020 2986 ;

435 3027 564 3067 cun
596 3022 778 3067 tamen
802 3027 914 3081 quo
938 3020 1184 3081 tempore
1214 3012 1328 3066 haec
1359 3011 1802 3083 proferebantur,
1837 3013 2022 3068 nullus

434 3100 582 3156 alius
629 3116 697 3156 ex
750 3101 983 3156 historia
1017 3101 1206 3157 Davidi
1257 3102 1515 3158 inimicus
1559 3102 1789 3167 feratur,
1822 3114 2020 3174 praeter

2123 2832 2222 2903 τὴν
2259 2830 2513 2902 τελευτὴν
2555 2825 2714 2894 εἶδεν,
2767 2827 2945 2882 ὲπεῖδέ
2978 2842 3036 2881 τε
3066 2825 3231 2881 αὐτοῦ
3258 2829 3323 2898 τῇ
3360 2827 3711 2896 καταστροφῇ

2123 2924 2218 2980 τοῦ
2263 2925 2515 2980 θανάτου.
2577 2924 2674 2992 Μὴ
2732 2922 3096 2991 ἀποκτείνῃς
3156 2921 3421 2987 αὐτοὺς,
3481 2917 3714 2989 μήποτε

2123 3014 2520 3070 ἐπιλάθωνται
2565 3012 2673 3068 τοῦ
2711 3013 2866 3068 λαοῦ
2911 3028 3048 3067 σου.
3098 3011 3266 3066 Πάλιν
3311 3010 3713 3082 πληθυντικῶς,

2125 3109 2222 3178 Μὴ
2259 3109 2623 3175 ἀποκτείνῃς
2654 3105 2910 3171 αὐτοὺς,
2949 3104 3114 3177 φησὶ,
3146 3104 3243 3158 καί
3278 3103 3717 3170 διασκόρπισον

436 3209 608 3250 unum
642 3194 884 3250 Saulem.
913 3194 1117 3251 Verum
1160 3196 1276 3251 haec
1309 3197 1472 3252 etiam
1506 3211 1574 3252 ex
1622 3213 1859 3268 persona
1903 3197 2023 3252 Sal-

2128 3203 2366 3267 αὐτοὺς,
2402 3201 2500 3254 καὶ
2535 3198 2830 3268 κατάγαγε
2867 3199 3123 3282 αὐτούς·
3173 3197 3385 3259 οὐδενὸς
3412 3193 3608 3266 ἐχθροῦ
3639 3192 3717 3263 τῷ

437 3289 648 3345 vatoris
681 3287 922 3359 Spiritus
955 3289 1309 3360 propheticus
1341 3289 1696 3355 vociferatur,
1728 3290 1796 3346 de
1825 3291 1893 3348 iis
1919 3293 2027 3347 sci-

437 3381 588 3446 licet,
612 3381 707 3452 qui
741 3382 1005 3439 adversus
1043 3399 1102 3438 se
1144 3384 1583 3447 insurrexerunt,
1615 3384 1681 3439 de
1709 3385 1909 3455 quibus
1941 3384 2023 3439 di-

445 3479 598 3526 ctum
639 3489 655 3527 :
701 3470 773 3526 Et
814 3474 997 3540 populi
1039 3475 1280 3528 meditati
1319 3484 1442 3528 sunt
1490 3476 1694 3528 inania.
1730 3477 2027 3532 Astiterunt

437 3579 580 3634 reges
607 3571 764 3619 terra:
794 3578 845 3619 et
878 3566 1144 3635 principes
1183 3575 1532 3620 conuenerunt
1567 3568 1620 3620 in
1648 3583 1812 3621 unum
1841 3568 2027 3622 adver-

435 3673 530 3714 sus
556 3656 845 3714 Dominum
867 3668 916 3714 et
947 3659 1200 3714 adversus
1232 3658 1502 3715 Christum
1531 3659 1645 3729 ejus
1681 3661 1748 3714 ⁸⁸.
1780 3660 1893 3716 Hos
1926 3660 2026 3732 igi-

437 3756 532 3805 tur
577 3749 674 3820 qui
715 3750 996 3806 incassum
1028 3751 1345 3822 prophetias
1385 3752 1560 3823 ipsius
1594 3753 1833 3807 meditati
1872 3764 2024 3818 sunt,

436 3857 508 3901 ac
545 3843 828 3914 principes
856 3843 1137 3914 ducesque
1168 3859 1359 3900 eorum
1397 3861 1460 3899 ne
1507 3845 1740 3909 occidas,
1799 3847 1896 3901 sed
1944 3848 2027 3901 di-

437 3947 636 4005 sperge
668 3941 724 3987 et
758 3932 990 4004 depone.
1027 3931 1292 3987 Precatur
1321 3941 1503 3988 autem
1549 3933 1698 4003 ipsos
1745 3949 1809 3988 ex
1855 3935 2024 4004 gradu

438 4025 610 4095 dejici
647 4043 660 4079 :
698 4024 845 4094 quod
881 4024 1047 4080 etiam
1103 4023 1308 4078 factum
1360 4034 1464 4080 est.
1525 4023 1646 4079 Non
1683 4025 1826 4078 ultra
1861 4025 2026 4094 igitur

441 4131 564 4180 rex,
595 4131 708 4171 non
733 4118 1022 4188 principes
1043 4117 1415 4180 sacerdotum,
1449 4132 1560 4171 non
1597 4117 1892 4188 prapheta;
1929 4117 2024 4172 sed

441 4225 622 4280 neque
675 4208 905 4277 Scribat,
957 4210 1220 4267 Pharisaei
1269 4218 1324 4267 et
1359 4211 1645 4266 Sadducaﬁ
1682 4226 1850 4282 penes
1899 4211 2024 4268 illos

439 4309 595 4359 sunt.
639 4300 756 4358 Nec
802 4311 986 4360 tamen
1029 4305 1181 4375 ipsos
1215 4303 1394 4358 occidi
1432 4311 1607 4374 rogat.
1637 4302 1819 4368 Quare
1851 4319 2024 4374 genus

437 4410 636 4452 eorum
666 4395 943 4461 subsistit,
969 4405 1024 4452 et
1049 4397 1284 4451 filiorum
1309 4395 1588 4451 successio
1610 4396 1893 4450 accrescit.
1916 4393 2025 4450 Ne-

439 4504 549 4559 que
573 4489 720 4544 enim
743 4487 934 4550 occisi,
961 4489 1044 4543 vel
1069 4487 1137 4542 de
1157 4486 1340 4542 medio
1364 4487 1644 4540 hominum
1667 4487 1896 4555 sublati;
1929 4486 2024 4542 sed

440 4581 711 4638 hactenus
751 4578 1078 4650 superstites
1116 4585 1272 4642 sunt;
1309 4578 1384 4630 ita
1418 4586 1602 4631 tamen
1630 4587 1687 4632 ut
1717 4578 1786 4633 ab
1820 4578 2028 4636 honore
2058 4561 2102 4616 D

438 4689 553 4745 quo
592 4673 782 4728 donati
811 4671 942 4726 olim
982 4685 1013 4724 a
1055 4669 1165 4726 Deo
1209 4667 1445 4733 fuerant,
1473 4668 1675 4738 dejecti
1705 4685 1769 4724 ac
1810 4671 2025 4742 depulsi

441 4767 581 4824 sint.
612 4763 721 4820 Sed
751 4764 918 4818 etiam
950 4762 1205 4832 disperge
1237 4759 1382 4823 illos,
1421 4761 1518 4825 ait,
1563 4762 1617 4816 in
1659 4761 1865 4817 virtute
1895 4771 2020 4829 tua;

442 4857 581 4923 sive,
610 4853 914 4911 secundum
943 4849 1356 4927 Symmachum,
1390 4851 1643 4908 Extorres
1674 4853 1760 4920 fac
1789 4853 1878 4908 eos
1919 4854 2025 4907 vir-

444 4957 692 5004 tntetua.
721 4944 880 5013 Quod
918 4959 1088 5001 verno
1114 4945 1312 5015 quovis
1348 4945 1555 5000 clarius
1591 4960 1772 5000 rerum
1797 4953 2026 5001 eventus

444 5042 714 5109 declarat,
741 5039 972 5095 Judaico
1004 5040 1208 5110 populo
1240 5053 1340 5109 per
1365 5054 1560 5094 omnes
1596 5049 1786 5110 gentes
1811 5039 2028 5110 disper-

445 5149 534 5200 eo,
571 5141 737 5204 atque
769 5140 992 5188 extorre
1033 5130 1213 5199 facto;
1237 5131 1315 5185 ita
1367 5138 1451 5197 ut,
1497 5133 1546 5188 si
1577 5147 1641 5188 ea
1670 5134 1739 5187 de
1767 5149 1828 5188 re
1854 5132 2026 5188 Judaei

445 5226 622 5284 altum
651 5225 870 5296 sapiant
933 5224 1079 5295 quod
1111 5239 1304 5280 omnes
1333 5234 1521 5295 gentes
1555 5226 1822 5296 repleant,
1855 5226 2027 5297 apud-

446 5334 561 5391 que
600 5319 870 5375 barbaros
911 5326 967 5373 et
1009 5316 1068 5371 in
1103 5316 1284 5373 medio
1319 5317 1636 5373 Graecorum
1670 5318 1912 5390 degant,
1975 5327 2030 5373 at

449 5413 633 5468 sciant
659 5409 1063 5468 maledictionis
1085 5413 1313 5468 vocibus
1352 5411 1408 5466 id
1429 5411 1500 5467 de
1526 5411 1662 5482 ipsis
1688 5413 2030 5481 praenuntia-

450 5509 570 5557 tum
600 5503 793 5559 fuisse.
819 5502 946 5559 Haec
975 5504 1164 5574 itaque
1187 5503 1472 5574 prophetia
1509 5504 1590 5559 sic
1622 5503 1692 5558 de
1725 5503 1918 5558 iisdem
1943 5504 2025 5558 lo-

451 5592 642 5662 quitur
673 5609 688 5647 :
729 5591 973 5665 Disperge
1001 5592 1124 5648 illos
1158 5593 1211 5646 in
1239 5593 1430 5647 uirtute
1460 5601 1572 5659 tua,
1596 5601 1646 5646 et
1683 5591 1883 5663 depone
1911 5609 2024 5662 eos,

533 5770 582 5806 ⁸⁸
609 5770 756 5831 Psal.
793 5789 912 5844 scr,
948 5773 1034 5831 12.
1107 5774 1155 5861 ξε
1194 5773 1340 5836 Psal.
1375 5791 1437 5844 ιι,
1471 5774 1603 5862 L2.

2127 3294 2291 3349 Δαυτὸ
2321 3293 2444 3347 καθ’
2470 3293 2528 3346 ὃν
2555 3293 2746 3365 καιρὸν
2790 3290 2963 3344 ταῦτα
3006 3289 3223 3357 ἐλέγετο
3274 3285 3624 3357 δεικνυμένου
3653 3285 3714 3336 ἐκ

2125 3389 2224 3458 τῆς
2287 3387 2531 3458 ἱστορίας
2579 3385 2612 3455 ἢ
2672 3385 2834 3454 μόνου
2887 3378 2983 3436 τοῦ
3031 3381 3222 3434 Σαούλ.
3270 3379 3432 3432 Ἀλλὰ
3477 3378 3585 3448 γὰρ
3622 3377 3716 3429 καὶ

2126 3480 2298 3533 ταῦτα
2333 3479 2394 3531 τὸ
2437 3476 2653 3550 πνεῦμα
2697 3478 2758 3530 τὸ
2806 3475 3144 3548 προφητικὸν
3187 3475 3250 3526 ἐκ
3285 3469 3579 3544 προσώπου
3619 3467 3715 3520 τοῦ

2128 3571 2380 3641 Σωτῆρος
2423 3571 2698 3636 ἀναερωνεῖ
2743 3567 2872 3638 περὶ
2914 3566 3022 3618 τῶν
3069 3563 3491 3617 ἐπαναστάντων
3542 3557 3712 3628 αὐτῷ,

2128 3663 2257 3732 περὶ
2309 3657 2383 3714 ὧν
2431 3661 2646 3729 ἐλέγετο
2673 3677 2686 3690 ο
2751 3660 2860 3712 Καὶ
2911 3657 3048 3712 λαοὶ
3108 3653 3485 3724 ἐμελέτησαν
3545 3646 3711 3703 κενά.

2128 3750 2531 3819 ΙΙαρέστησαν
2572 3754 2628 3804 οἱ
2657 3747 2942 3815 βασιλεῖς
2975 3745 3086 3814 τῆς
3112 3743 3243 3815 γῆς,
3278 3743 3373 3797 καί
3410 3744 3464 3794 οἱ
3495 3739 3714 3808 ἄρχον-

2126 3862 2225 3911 τες
2271 3844 2673 3909 συνέστησαν
2717 3843 2813 3895 ἐπὶ
2867 3840 2934 3894 τὸ
2981 3839 3124 3893 αὐτὸ
3166 3837 3316 3890 κατὰ
3360 3833 3465 3888 τοῦ
3492 3831 3715 3899 Κυρίου

2127 3936 2228 3992 καὶ
2264 3936 2413 3990 κατὰ
2440 3934 2545 3988 τοῦ
2568 3934 2826 4003 Χριστοῦ
2861 3929 3319 3993 αὑτοῦ.Τούτους
3346 3923 3438 3981 οὖν
3475 3925 3601 3988 τοὺς
3634 3924 3715 3985 είς

2127 4027 2283 4081 κενὸν
2335 4026 2434 4090 τὰς
2488 4027 2616 4097 περὶ
2669 4023 2834 4076 αὑτοῦ
2897 4020 3236 4093 προφητείας
3290 4017 3712 4088 μελετήσαντας,

2127 4121 2253 4184 τούς
2306 4137 2365 4172 τε
2425 4119 2692 4190 ἄρχοντας
2748 4115 2929 4170 αὐτῶν
2985 4115 3080 4168 καὶ
3139 4109 3585 4182 καθηγουμένους
3626 4103 3713 4174 μὴ

2125 4213 2508 4280 ἀποκτείνῃς,
2564 4211 2750 4281 φησὶν,
2806 4209 2943 4263 ἀλλὰ
2994 4206 3382 4276 διασκόρπισον
3439 4199 3532 4253 καὶ
3578 4214 3714 4252 κατ-

2126 4307 2324 4375 άγαγε.
2376 4306 2610 4377 Εῦχεται
2651 4305 2707 4358 δὲ
2747 4304 2944 4365 αὐτοὺς
2992 4297 3385 4369 καθαιρεθῆναι
3417 4293 3511 4346 τοῦ
3555 4288 3718 4355 ἀξιὼ-

2129 4415 2328 4470 ματος·
2364 4398 2392 4452 ὃ
2424 4399 2482 4452 δὲ
2513 4378 2607 4451 καῖ
2635 4397 2876 4466 γέγονεν.
2910 4393 3109 4447 Οὐκέτι
3136 4389 3264 4461 γοῦν
3295 4387 3570 4459 βασιλεὺς,
3595 4379 3716 4436 οὐδὲ

2129 4491 2441 4563 ἀρχιερεὺς,
2497 4490 2618 4543 οὐδὲ
2673 4492 2980 4560 προφήτης,
3039 4485 3154 4540 ἀλλ’
3203 4482 3324 4537 οὐδὲ
3367 4478 3715 4552 γραμματεῖς

2132 4584 2228 4637 καὶ
2271 4584 2572 4655 Φαρισαῖοι,
2607 4581 2701 4635 καὶ
2758 4579 3107 4633 Σαδδουκαῖοι
3149 4577 3280 4647 παρ’
3320 4575 3502 4634 αὐτοῖς
3553 4572 3712 4622 εἰσιν.

2132 4675 2206 4729 Οὐ
2251 4675 2357 4747 μὴν
2393 4675 2488 4728 καὶ
2541 4671 2947 4742 ἀποκτανθῆναι
2987 4667 3185 4732 αὐτούς
3235 4683 3388 4738 φησι.
3452 4662 3543 4716 Διὸ
3591 4676 3714 4714 συν·

2131 4770 2360 4840 έστηκεν
2412 4764 2592 4820 αὐτῶν
2630 4765 2692 4818 τὸ
2753 4765 2930 4833 γένος,
2999 4761 3094 4816 καὶ
3129 4759 3237 4813 τῶν
3286 4757 3492 4811 παίδων
3538 4753 3717 4826 ήδια-

2131 4861 2261 4932 δοχὴ
2333 4857 2611 4931 πληθύνει.
2673 4857 2748 4911 Οὐ
2799 4856 2909 4928 γάρ
2954 4851 3416 4922 ἀπεκτάνθησαν,
3483 4846 3603 4899 οὐδὲ,
3655 4842 3713 4909 ἐξ

2134 4952 2434 5021 ἀνθρώπων
2486 4947 2928 5018 ἀπεσϐέσθησαν·
2987 4945 3100 4999 ἀλλ’
3141 4945 3248 4997 εἰσὶ
3308 4943 3404 5014 μὲν
3461 4941 3556 4996 καὶ
3610 4939 3713 5007 ὑφ-

2135 5045 2462 5115 εστήκασιν·
2504 5040 2647 5094 οὕτω
2699 5039 2755 5092 δὲ
2796 5040 2871 5102 ὡς
2929 5035 3394 5106 καταϐεϐλημένοι
3441 5033 3536 5086 καὶ
3586 5048 3714 5084 κατ-

2136 5133 2488 5205 ενηνεγμένοι
2549 5127 2617 5205 ἧς
2679 5131 2844 5186 πάλαι
2895 5130 3124 5200 ἠξίωντο
3177 5127 3326 5199 παρὰ
3371 5125 3490 5196 Θεῷ
3527 5125 3711 5195 τιμῆς.

2151 5225 2309 5278 Ἀλλὰ
2361 5224 2455 5278 καὶ⁹
2514 5223 2898 5295 διασκόρπισον
2960 5222 3157 5284 αὐτοὺς
3185 5260 3200 5283 ,
3263 5221 3457 5290 φησὶν,
3523 5218 3580 5268 ὲν
3650 5218 3716 5285 τῇ

2137 5317 2385 5386 δυνάμει
2450 5333 2566 5371 σου
2585 5333 2598 5347 -
2657 5315 2689 5387 ἢ
2730 5314 2870 5368 κατὰ
2923 5315 3014 5368 τὸν
3043 5314 3368 5385 Σύμμαχονο
3437 5306 3715 5364 Ἀναστὰ-

2136 5426 2334 5464 τωσον
2377 5408 2597 5474 αὐτοὺς
2635 5406 2709 5476 τῇ
2750 5407 2999 5476 δυνάμει
3047 5422 3184 5461 σου.
3226 5406 3291 5458 Ὅ
3328 5402 3392 5474 δὴ
3445 5401 3540 5454 καὶ
3585 5398 3715 5453 αὐτὸ

2133 5501 2193 5555 τὸ
2221 5503 2454 5574 πρᾶγμα
2490 5501 2880 5573 ἐναργέστερον
2915 5498 3116 5562 παντὸς
3157 5497 3314 5566 λόγου
3365 5496 3714 5567 παρίστησιν,

2133 5595 2446 5669 ἁπανταχοῦ
2465 5595 2569 5666 γῆς
2591 5593 2684 5650 τοῦ
2712 5593 2980 5650 Ἰουδαίων
3003 5593 3187 5658 ἔθνους
3210 5587 3714 5660 διεσκορπισμένου,
