4158 6376
431 356 539 413 διδ

1566 355 2072 416 COMMENTARIA
2110 348 2177 412 ΙΝ
2216 351 2552 411 PSALMOS.

3591 349 3698 406 ιω

431 478 525 534 καὶ
562 478 866 533 ἀναστάτου
912 480 1271 551 τυγχάνοντος
1296 498 1309 512 ο
1353 480 1481 534 ὥστ’
1517 484 1564 535 εἰ
1599 482 1740 552 μέγα
1768 484 2016 555 φρονοῖεν

2125 486 2385 549 protector
2424 491 2569 530 meus
2603 471 2844 526 Domine.
2879 470 2987 527 Sed
3021 470 3188 527 etiam
3220 469 3369 542 quod
3406 484 3517 527 non
3547 486 3704 541 pent-

430 577 524 629 ἐπὶ
560 574 735 643 τούτῳ
776 573 1052 637 Ἰουδαῖοι,
1084 576 1160 639 ὼς
1188 575 1361 629 πάντα
1419 575 1753 647 πληροῦντες
1785 576 1851 629 τὰ
1887 577 2014 647 ἔθνη

428 669 584 739 παρά
608 685 666 721 τε
694 666 991 739 βαρϐάροις
1016 668 1111 722 καὶ
1136 669 1194 721 ἐν
1224 669 1410 739 μέσοις
1435 668 1691 737 Ἕλλησιν
1713 669 2012 732 οἰκοῦντεςο

430 760 543 813 ἀλλ’
600 760 857 823 ἴστωσαν,
907 762 987 813 ὅτι
1060 761 1118 812 ἐν
1164 761 1410 831 κατάρας
1479 761 1624 831 λόγῳ
1665 761 1840 816 ταῦτα
1889 762 2018 833 περί¹

430 852 609 906 αὐτῶν
640 850 973 917 ἐθεσπίζετο.
992 852 1055 903 Ἡ
1075 850 1204 920 γοῦν
1234 851 1485 922 παροῦσα
1514 852 1819 922 προφητεία
1854 853 2019 922 φησιν

432 947 562 1017 περὶ
587 944 797 997 αὑτῶψ
830 946 1275 1012 Διασκόρπισον
1312 944 1534 1010 αὐτοὺς
1561 944 1631 996 ἐν
1668 944 1742 1012 τῇ
1769 942 2019 1012 δυνάμει

429 1052 577 1101 σου,
637 1037 736 1091 καὶ
790 1036 1089 1108 uacci-pare
1150 1037 1408 1102 αὐτοὺς,
1467 1039 1499 1090 ὀ
1560 1034 2020 1105 ὑπερασπιστὴς

429 1152 546 1204 μου
590 1134 788 1200 Κύριε.
849 1131 1008 1185 Ἀλλά
1064 1132 1158 1185 καὶ
1202 1130 1265 1183 τὸ
1315 1130 1389 1201 μὴ
1436 1131 1665 1200 πάμπαν
1713 1130 1908 1192 αὐτοὺς
1962 1126 2021 1191 ἐξ

430 1224 736 1297 ἀνθρώπων
771 1221 1066 1293 ἠφανίσθαι
1114 1223 1369 1294 σημαίνει
1416 1221 1676 1291 λέγουσα⁸
1733 1218 1830 1286 Μὴ
1875 1220 2023 1273 ἀπο-

434 1316 676 1384 κτείνῃς
697 1314 941 1381 αὑτοὺς,
982 1312 1215 1383 μήποτε
1256 1312 1657 1367 ἐπιλάθωνται
1714 1312 1821 1366 τοῦ
1866 1310 2022 1365 λαοῦ

430 1423 568 1462 σου.
620 1408 682 1467 Εἰ
728 1406 835 1478 γάρ
866 1402 1007 1476 ἦσαν
1045 1404 1106 1469 ἐξ
1133 1404 1436 1475 ἀνθρώπων
1478 1402 1888 1472 ἀφανισθέντες,
1928 1402 2023 1456 καὶ

438 1496 703 1568 μηδαμῶς
749 1498 805 1549 ὲν
854 1484 1019 1559 ζῶσιν
1069 1494 1255 1559 ὀντες,
1297 1494 1395 1547 οὐκ
1432 1492 1503 1546 ἂν
1530 1488 1691 1558 εἶδον,
1733 1493 1888 1562 φησι,
1932 1491 2024 1544 τὸν

431 1589 566 1661 ἐμὸν
614 1588 741 1641 λαὸν
770 1627 784 1652 ,
839 1587 947 1640 οὐδ’
996 1584 1063 1640 ἂν
1115 1586 1360 1654 ἔγνωσαν
1408 1583 1678 1638 ἀνθοῦσαν
1735 1582 1831 1655 τὴν
1886 1583 2024 1655 ἐμὴν

447 1680 775 1752 Ἐκκλησίαν
803 1695 816 1706 ·
860 1678 976 1733 ἀλλ’
1012 1679 1097 1732 ἵνα
1131 1677 1403 1748 βλέπωσιν
1432 1676 1603 1747 αὐτὴν
1632 1676 1726 1729 καὶ
1771 1676 1860 1729 τὸν
1894 1676 2024 1745 ἐμὸν

433 1772 679 1843 θεωρῶσι
724 1772 873 1836 λαὸν,
924 1771 999 1843 μὴ
1033 1770 1361 1840 ἀποκτείνῃς
1393 1770 1491 1840 μὲν
1524 1768 1741 1832 αὐτοὺς,
1773 1767 2025 1839 διασκόρ-

2122 580 2214 626 tus
2237 586 2303 625 ex
2326 568 2641 623 hominibus
2663 565 2825 619 deleti
2858 565 2991 629 sint,
3015 564 3104 619 his
3128 564 3356 630 indicat,
3383 561 3465 617 Ne
3492 562 3704 618 occidas

2120 679 2232 726 eos,
2266 658 2541 731 nequando
2572 656 2951 711 obliviscantur
3000 655 3183 726 populi
3236 656 3331 708 tui.
3384 653 3522 709 Nam
3555 654 3602 711 si
3635 664 3706 710 ex

2122 753 2441 808 hominibus
2474 749 2673 806 sublati
2708 755 2917 811 essent,
2955 762 3133 817 neque
3163 746 3396 803 ulterius
3438 745 3581 801 inter
3630 745 3709 798 via

2121 862 2221 901 vos
2249 853 2697 907 numerarentur,
2732 861 3100 917 nequaquam,
3126 846 3222 909 ait,
3254 846 3503 900 viderent
3530 856 3707 914 popu-

2123 940 2233 993 lum
2262 955 2466 1004 meum,
2502 955 2681 1009 neque
2713 938 2997 995 ﬂorentem
3040 938 3342 995 Ecclesiam
3375 953 3551 993 meam
3583 952 3708 1009 per-

2122 1042 2417 1087 noscerent
2451 1050 2463 1085 :
2498 1032 2593 1088 sed
2634 1040 2693 1086 ut
2727 1047 2847 1086 eam
2879 1039 2933 1087 et
2977 1034 3237 1103 populum
3267 1047 3450 1087 meum
3492 1030 3708 1103 conspi-

2124 1123 2294 1187 ciant,
2320 1138 2390 1179 ne
2423 1124 2671 1187 occidas,
2703 1124 2799 1179 sed
2843 1123 3132 1195 dispergas
3165 1140 3259 1180 eos
3288 1125 3491 1195 ubique
3525 1132 3703 1179 terra-

2123 1232 2270 1279 rum,
2302 1216 2397 1272 ubi
2424 1216 2671 1273 Ecclesia
2708 1233 2830 1273 mea
2860 1218 3253 1274 constituenda
3275 1225 3395 1285 est;
3426 1225 3487 1273 ut
3531 1234 3705 1289 popua-

2124 1307 2238 1361 lum
2278 1322 2484 1371 meum,
2515 1308 2927 1378 Ecclesiamque
2981 1324 3079 1378 per
3130 1316 3306 1363 totum
3336 1308 3524 1364 orbem
3556 1323 3588 1362 a
3618 1322 3707 1364 me

2124 1398 2408 1453 fundatam
2439 1400 2711 1463 videntes,
2745 1400 2812 1455 ad
2855 1402 3258 1457 aemulationem
3302 1401 3587 1472 religionis
3619 1414 3708 1455 ac-

2126 1489 2362 1555 cedant;
2394 1491 2757 1560 exemploque
2798 1492 2988 1562 populi
3026 1508 3091 1546 ex
3124 1492 3380 1563 gentibus
3425 1493 3703 1557 conversi,

2125 1582 2462 1653 ipsiquoque
2484 1583 2780 1639 insanabili
2827 1584 3230 1655 incurabilique
3253 1600 3354 1641 suo
3383 1584 3708 1641 idololatriae

2126 1676 2272 1729 ma‘lo
2301 1675 2462 1731 ﬁnem
2496 1677 2799 1746 imponant.
2829 1676 2955 1733 Haec
2987 1677 3173 1748 itaque
3197 1693 3296 1749 pro
3320 1677 3430 1734 illis
3456 1676 3709 1734 Salvator

2126 1775 2381 1838 precatus
2423 1777 2526 1833 est,
2561 1768 2782 1825 Patrem
2816 1771 3139 1835 obsecrans,
3180 1787 3249 1827 ne
3299 1771 3706 1836 occiderentur,

433 1879 594 1917 πισον
637 1863 693 1917 δὲ
739 1864 937 1927 αὐτοὺς
986 1861 1299 1933 ἁπανταχοῦ
1351 1862 1484 1932 γῆς,
1535 1859 1662 1913 ἔνθα
1706 1859 1889 1931 μέλλει
1929 1860 2021 1912 καὶ

2125 1862 2219 1917 sed
2258 1861 2311 1915 in
2341 1862 2453 1916 vita
2485 1871 2772 1918 manerent
2824 1873 2877 1918 et
2924 1870 3300 1927 servarentur,
3356 1872 3415 1919 ut
3458 1863 3711 1919 viderent

435 1955 468 2025 ἡ
503 1955 609 2025 ἐμὴ
647 1954 944 2025 Ἐκκλησία
976 1954 1357 2008 συνίστασθαι·
1406 1954 1575 2017 ὅπως,
1610 1952 1898 2021 βλέποντες
1927 1952 2017 2005 τὸν

2126 1953 2385 2022 populum
2413 1968 2596 2021 suum,
2628 1961 2683 2009 et
2715 1954 2948 2009 multum
2977 1955 3046 2009 ab
3078 1969 3144 2010 eo
3175 1954 3431 2011 utilitatis
3459 1954 3709 2026 percipe-

433 2045 564 2114 ἐμὸν
613 2043 739 2100 λαὸν
785 2047 877 2099 καὶ
920 2045 1016 2117 τὴν
1068 2044 1187 2097 καθ’
1244 2043 1370 2113 ὅλης
1422 2042 1520 2112 τῆς
1565 2041 1891 2113 οἰκουμένης
1927 2043 2016 2094 ὑπ’
2124 2053 2265 2100 rent.

433 2138 567 2207 ἐμοῦ
607 2138 1031 2210 θεμελιωθεῖσαν
1084 2138 1447 2210 Ἐκκλησίαν,
1486 2138 1566 2200 εἰς
1604 2137 1764 2208 ζῆλον
1829 2137 2076 2208 ἔρχοιντο
2114 2139 2458 2207 θεοσεϐείας,
2522 2144 2613 2197 καὶ
2670 2143 2748 2215 τῷ
2804 2143 3211 2216 παραδείγματι
3268 2143 3363 2198 τοῦ
3421 2142 3480 2211 ἐξ
3538 2142 3711 2198 ἐθνῶν

432 2232 847 2301 ἐπιστρέφοντος
906 2231 1034 2284 λαοῦ
1082 2232 1175 2283 καὶ
1223 2230 1374 2282 αὐτοὶ
1420 2228 1712 2282 παύσοιντό
1760 2247 1889 2282 ποτε
1948 2231 2043 2284 τοῦ
2116 2233 2333 2287 ἀνιάτου
2395 2237 2523 2304 παρ’
2574 2237 2755 2299 αὐτοῖς
2809 2238 2903 2290 καὶ
2958 2234 3334 2308 ἀθεραπεύτου
3389 2234 3560 2292 κακοῦ
3606 2237 3707 2307 τῆς

430 2323 893 2394 εἰδωλολατρείας.
946 2322 1153 2375 Οὐκοῦν
1206 2323 1298 2375 καὶ
1344 2320 1514 2374 ταῦτα
1562 2321 1704 2390 ὑπὲρ
1761 2320 1940 2374 αὐτῶν
1992 2323 2020 2375 ό
2057 2324 2247 2394 Σωτὴρ
2288 2322 2509 2395 ηὖκται,
2548 2327 2760 2397 δεηθεὶς
2830 2310 3174 2398 τοῦπατρὸς
3232 2328 3305 2399 μὴ
3353 2326 3707 2398 ἀναιρεθῆναι

432 2418 533 2489 μὲν
569 2417 797 2478 αὐτοὺς,
851 2414 1031 2485 μένειν
1064 2413 1118 2466 δὲ
1166 2416 1223 2466 ὲν
1264 2412 1341 2483 τῷ
1390 2412 1490 2484 βίῳ
1523 2414 1614 2466 καὶ
1657 2412 2016 2481 φυλάττεσθαι
2055 2416 2145 2468 ἐπὶ
2172 2418 2248 2487 τῷ
2281 2417 2505 2489 θεωρεῖν
2537 2419 2627 2472 τὸν
2662 2420 2826 2472 αὐτου
2860 2420 2986 2473 λαὸν
3022 2422 3114 2474 καὶ
3146 2420 3357 2492 μεγάλα
3420 2417 3480 2484 ἐξ
3541 2416 3709 2473 αὐτοῦ

430 2511 772 2580 ὠφελεῖσθαι.

513 2655 824 2724 Ἁμαρτίαν
844 2656 1143 2725 στόματος
1175 2654 1393 2720 αὐτῶν,
1430 2657 1617 2729 λόγον
1636 2656 1888 2727 χειλέων
1914 2659 2023 2713 αὑ-

432 2747 579 2800 τῶν·
616 2748 711 2800 καὶ
739 2747 1275 2817 συλληφθήτωσιιν
1301 2748 1371 2801 ἐν
1402 2748 1476 2817 τῇ
1508 2751 1884 2819 ὑπερηφανίᾳ
1910 2753 2023 2805 αὐ-

431 2838 568 2892 τῶν.
604 2840 770 2893 Πάλιν
805 2839 1084 2893 κάνταῦθα
1100 2842 1198 2913 τὴν
1219 2843 1399 2897 αἰτίαν
1429 2843 1729 2916 παρίστησι
1749 2844 1857 2897 τῶν
1890 2861 2023 2915 προ-

432 2930 745 3003 λεχθέντων.
788 2934 887 2986 Διά
909 2934 961 2985 τί
990 2933 1099 3002 γάρ
1151 2934 1329 2987 ταῦτα
1370 2935 1560 2988 παθεῖν
1595 2936 1795 2999 αὐτοὺς
1842 2935 2018 3006 ἠξίου,

434 3024 747 3092 ἀναγκαίως
800 3024 1040 3078 διδάσκει
1085 3024 1262 3094 λέγων
1284 3042 1297 3055 ·
1331 3026 1408 3079 Δι’
1446 3026 1720 3098 ἀμαρτίαν
1754 3029 2021 3098 στόματος

2194 2656 2362 2712 Vens.
2393 2658 2480 2712 15.
2527 2656 2791 2711 Delictum
2834 2659 2943 2712 oris
2983 2674 3165 2712 eorum
3205 2675 3499 2715 sermonem
3536 2660 3708 2715 labio-

2124 2767 2240 2803 rum
2272 2752 2544 2819 ipsorum;
2584 2760 2634 2804 et
2666 2751 3177 2820 comprehendantur
3216 2753 3272 2805 in
3301 2752 3547 2822 superbia
3581 2771 3703 2809 sua.

2124 2840 2223 2895 llic
2253 2857 2473 2897 rursum
2500 2849 2928 2897 memoratorum
2949 2857 3176 2897 causam
3205 2845 3401 2914 aperit.
3422 2846 3535 2900 Cur
3555 2846 3703 2901 enim

2129 2934 2279 3006 ipsos
2309 2934 2423 2989 haec
2458 2936 2569 3004 pati
2603 2937 2895 3007 rogaverit,
2926 2937 3244 2993 necessario
3263 2939 3463 2995 edocet
3491 2940 3703 3005 dicens,

2129 3036 2354 3098 propter
2382 3028 2641 3083 delictum
2673 3030 2786 3085 oris
2815 3045 3028 3093 eorum,
3074 3040 3129 3084 et
3185 3046 3491 3087 sermonem
3537 3035 3708 3090 labio-

435 3115 634 3179 αὐτῶν,
671 3115 763 3167 καὶ
810 3113 900 3168 διὰ
943 3115 1035 3168 τὸν
1087 3115 1245 3183 λόγον
1275 3114 1383 3169 τῶν
1411 3115 1638 3186 χειλέων
1678 3116 1878 3170 αὐτῶν.
1911 3118 2021 3171 Καὶ

2127 3133 2250 3172 rum
2282 3120 2548 3189 ipsorum.
2586 3118 2650 3172 Et
2688 3120 2879 3173 mirari
2933 3121 3081 3175 subit
3113 3122 3486 3190 praedictionis
3529 3127 3708 3179 sancti

435 3205 547 3259 ἔστι
571 3206 849 3277 θαυμάσαι
884 3206 943 3260 τὸ
985 3208 1211 3279 ἀκριϐὲς
1258 3208 1357 3279 τῆς
1386 3207 1481 3261 τοῦ
1516 3208 1674 3277 ἁγίου
1706 3208 2024 3280 Πνεύματος

436 3299 811 3369 προρρήσεως.
856 3299 1075 3370 Ἐπειδὴ
1115 3298 1224 3371 γὰρ
1264 3300 1369 3352 οὐκ
1406 3300 1561 3354 αὑτοί⁸
1595 3300 1858 3365 Ἰουδαῖοι,
1883 3300 2026 3354 κατὰ

435 3386 526 3440 τὸν
557 3386 650 3440 τοῦ
685 3387 935 3459 Σωτῆρος
959 3389 991 3459 ἡ
1001 3387 1115 3459 μῶν
1142 3389 1331 3460 καιρὸν
1351 3388 1440 3442 τὸν
1462 3388 1691 3444 θάνατον
1728 3390 1875 3462 αὐτῷ
1913 3394 2025 3463 εἰρ-

436 3479 699 3547 γάσαντο,
741 3479 1023 3551 Ῥωμαϊκῇ
1055 3480 1109 3533 δὲ
1162 3482 1307 3552 χειρὶ
1344 3480 1485 3535 τοῦτ’
1522 3482 1841 3554 ἐπράττετο,
1876 3483 2026 3537 δικά-

438 3570 623 3635 ζοντος
655 3572 752 3641 μὲν
790 3571 1046 3637 Πιλάτου,
1075 3572 1441 3625 διαλαϐόντων
1464 3572 1520 3625 δὲ
1550 3572 1895 3643 στρατιωτῶν
1931 3575 2025 3627 καὶ

438 3662 837 3731 ἀπαγαγόντων
862 3662 1046 3729 αὑτὸν,
1081 3664 1353 3717 Ἰουδαίων
1384 3663 1439 3716 δὲ
1469 3666 1670 3717 τούτων
1699 3664 1819 3735 μηδ’
1847 3663 2023 3716 ὁτιοῦν

438 3755 814 3825 πεποιηκότων
837 3771 850 3784 °
883 3755 1108 3818 εἰκότως
1132 3755 1231 3808 οὐκ
1256 3755 1387 3808 αὐτὸ
1408 3755 1469 3807 τὸ
1489 3754 1648 3827 ἔργον
1674 3754 1768 3808 τοῦ
1791 3753 2024 3807 θανάτου

437 3847 643 3909 τούτοις
695 3846 1005 3918 ἀνατίθησι,
1049 3846 1183 3901 ἀλλά
1232 3847 1329 3918 τὴν
1373 3848 1573 3901 αἰτίαν.
1610 3847 1679 3899 U't'
1701 3864 1761 3899 τε
1787 3846 1895 3918 γὰρ
1928 3847 2025 3917 ἄρ-

437 3954 623 4008 χοντες
655 3938 763 3993 τῶν
804 3938 1101 4003 Ἰουδαίων,
1134 3939 1407 4010 συνέδριον
1441 3939 1819 4010 ποιησάμενοι,
1846 3941 2024 3992 πᾶσαν

438 4033 696 4107 ἐκίνησαν
760 4030 1027 4103 μηχανὴν,
1074 4031 1221 4093 ὅπως
1253 4032 1415 4085 αὐτὸν
1463 4030 1833 4084 ἀπολέσωσιν·
1866 4032 1918 4083 οἵ
1964 4048 2023 4083 τε

438 4126 647 4191 τούτοις
679 4125 1027 4198 χαριζόμενοι
1078 4123 1523 4198 ψευδομάρτυρες
1556 4125 1649 4177 καὶ
1690 4124 2024 4192 συκοφάνται

438 4221 518 4283 εἰς
551 4220 844 4288 πρόσωπον
884 4218 1117 4291 ἔστησαν
1160 4216 1253 4270 τοῦ
1287 4217 1567 4287 Σωτῆρος·
1603 4216 1631 4268 ὅ
1663 4233 1722 4268 τε
1763 4218 1869 4280 πᾶς
1898 4216 2025 4280 λαὸς

438 4314 641 4380 φωναῖς
667 4312 760 4364 καὶ
786 4311 1017 4382 χείλεσιν
1045 4308 1265 4372 οἰκείοις
1300 4308 1361 4361 τὸ
1394 4302 1533 4379 αἷμα
1554 4307 1719 4361 αὑτοῦ
1746 4309 1864 4361 καθ’
1898 4311 2025 4361 ἐαυ-

436 4403 543 4457 τῶν
573 4403 666 4457 καὶ
698 4402 836 4455 κατὰ
866 4402 974 4455 τῶν
1001 4401 1143 4455 ἰδίων
1169 4398 1374 4452 παίδων
1402 4398 1752 4470 ἐζητήσαντο.
1783 4399 2023 4463 Εἰκότως

2129 3209 2372 3281 Spiritus
2406 3213 2837 3267 accurationem.
2873 3212 3010 3278 Quia
3046 3214 3193 3268 enim
3241 3222 3485 3285 tempore
3525 3216 3710 3271 Salvae

2126 3302 2265 3359 toris
2298 3305 2495 3369 nostri,
2520 3319 2630 3358 non
2649 3302 2823 3359 Judaei
2860 3305 2965 3374 ipsi
2998 3314 3231 3359 mortem
3253 3308 3581 3373 intulerunt,
3607 3307 3706 3365 sed

2126 3396 2499 3451 Romanorum
2518 3410 2682 3450 manu
2715 3395 2766 3449 id
2801 3404 3084 3465 peractum
3108 3406 3213 3460 est,
3236 3397 3507 3467 judicium
3530 3400 3709 3457 Pilato

2126 3487 2357 3551 ferente,
2387 3486 2657 3543 militibus
2687 3486 3285 3557 comprehendentibus
3323 3496 3377 3543 et
3425 3490 3709 3547 abducen-

2126 3579 2274 3634 tibus
2320 3593 2469 3643 eum,
2521 3586 2577 3634 et
2627 3594 2659 3633 a
2711 3577 2916 3634 Judaeis
2950 3577 3087 3633 nihil
3119 3592 3310 3633 eorum
3362 3589 3543 3637 actum
3589 3591 3707 3650 est;

2120 3672 2246 3742 jure
2273 3672 2383 3727 illis
2422 3687 2532 3726 non
2561 3672 2742 3743 ipsum
2771 3673 2926 3729 necis
2954 3682 3136 3729 actum
3160 3675 3410 3740 ascribit,
3443 3675 3538 3730 sed
3570 3690 3709 3729 cau-

2126 3777 2265 3818 sam.
2316 3762 2600 3833 Principes
2652 3778 2890 3833 namque
2936 3762 3252 3818 Judaaorum
3292 3763 3587 3819 concilium
3620 3764 3710 3819 in-

2125 3866 2343 3918 euntes,
2380 3855 2587 3909 nullam
2614 3869 2724 3909 non
2777 3855 3093 3909 machinam
3141 3864 3451 3919 moverunt,
3485 3863 3546 3909 ut
3580 3870 3708 3911 eum

2126 3948 2449 4019 perderent;
2479 3945 2603 3999 falsi
2637 3953 2806 4000 testes
2830 3953 3011 4000 autem
3040 3953 3094 4001 et
3117 3946 3490 4017 sycophantae,
3513 3961 3706 4002 eorum

2127 4039 2359 4108 gratiam
2386 4044 2748 4106 aucupantes,
2780 4037 2835 4090 in
2867 4046 3167 4106 conspectu
3200 4035 3506 4093 Salvatoris
3537 4044 3710 4093 stete-

2126 4137 2254 4183 runt
2281 4145 2297 4197 ;
2328 4135 2584 4196 totusque
2616 4127 2851 4197 populus
2886 4127 3115 4182 vocibus
3149 4125 3420 4196 labiisque
3444 4129 3561 4182 suis
3584 4142 3712 4181 san.

2126 4220 2345 4291 guinem
2368 4218 2490 4287 ejus
2518 4232 2685 4288 super
2728 4233 2787 4273 se
2823 4226 2877 4272 et
2906 4233 3073 4287 super
3108 4218 3250 4273 ﬁlios
3284 4233 3417 4274 suos
3467 4219 3711 4289 expetie-

2126 4322 2256 4367 runt
2289 4332 2301 4367 :
2334 4312 2458 4382 jure
2500 4326 2631 4381 ergo
2663 4325 2771 4364 non
2804 4310 2959 4366 necis
2988 4309 3225 4377 facinus,
3272 4324 3436 4380 quam
3464 4310 3707 4367 decrevit

2126 4405 2357 4469 Pilatus,
2388 4411 2775 4475 perpetrarunt
2820 4403 3020 4459 milites
3060 4403 3204 4472 ejus,
3250 4412 3552 4469 memorat;
3607 4402 3704 4459 sed

436 4491 527 4550 οῦν
577 4498 606 4549 ὁ
636 4494 826 4567 παρὼν
859 4494 1014 4563 λόγος
1068 4495 1129 4547 οὐ
1176 4493 1277 4564 τῆς
1323 4492 1417 4545 τοῦ
1470 4490 1700 4545 θανάτου
1745 4490 2016 4562 πράξεως,

2126 4499 2436 4570 principum
2478 4497 2827 4553 sacerdotum
2868 4496 3357 4566 conspirationem,
3404 4495 3710 4568 sycophan-

437 4592 505 4660 ἦν
536 4589 704 4660 ὥρισε
738 4588 837 4659 μὲν
882 4586 1132 4650 Πιλάτος,
1184 4585 1547 4656 διεπράξαντο
1575 4585 1632 4638 δὲ
1664 4586 1710 4637 οἱ
1744 4586 1833 4637 ὑπ’
1872 4583 2020 4655 αὐτῷ

439 4682 785 4753 στρατιῶται,
844 4678 1191 4751 μνημονεύει,
1239 4676 1377 4732 ἀλλά
1431 4678 1531 4748 τῆς
1578 4675 1687 4729 τῶν
1721 4677 2020 4749 ἀρχιερέων

438 4772 731 4841 συπευῆς,
776 4772 869 4825 καὶ
911 4771 1011 4841 τῆς
1036 4770 1144 4824 τῶν
1188 4769 1537 4840 συκοφαντῶν
1570 4769 1894 4841 μαρτυρίας,
1922 4770 2022 4839 τῆς

434 4884 495 4919 τε
552 4865 740 4936 φωνῆς
796 4865 889 4918 τοῦ
932 4864 1168 4936 πλήθους
1217 4863 1608 4934 ἐπιϐοήσαντος
1665 4863 1786 4925 κατ’
1832 4861 2017 4915 αὐτοῦ.

436 4960 525 5014 Διό
553 4977 744 5032 φησιν·
792 4958 1101 5029 Ἀμαρτίαν
1120 4957 1419 5025 στόματος
1435 4954 1653 5017 αὐτῶν,
1691 4956 1879 5026 λόγον
1904 4972 2021 5023 χει-

434 5051 592 5106 λέων
620 5051 820 5105 αὐτῶν
840 5068 853 5080 ·
885 5050 1017 5103 ὡσεὶ
1044 5049 1195 5117 ἔλεγε
1232 5048 1563 5119 σαφέστερον
1585 5065 1596 5077 ·
1633 5050 1710 5099 Δι’
1745 5046 2019 5119 ἁμαρτίαν

437 5144 705 5215 στόματος
732 5142 931 5206 αὐτῶν,
972 5143 1066 5195 καὶ
1107 5140 1196 5193 διὰ
1239 5139 1392 5208 λόγον
1422 5140 1643 5212 χειλέων
1672 5138 1871 5192 αὐτῶν.
1926 5138 2022 5191 Διά

435 5236 543 5309 γὰρ
574 5236 748 5290 ταῦτα
776 5236 1214 5304 διασκόρετισον
1239 5233 1462 5297 αὐτοὺς
1493 5230 1568 5299 τῇ
1596 5230 1845 5299 δυνάμει
1878 5246 2018 5291 σου,

435 5329 535 5382 καὶ
563 5327 859 5398 κατάγίιγε
888 5328 1131 5392 αὐτοὺς,
1150 5330 1181 5380 ό
1204 5324 1665 5394 ὑπερασπιστής
1676 5340 1795 5392 μου
1822 5323 2017 5391 Κύριε.

434 5421 592 5475 Κατά
625 5422 681 5474 δὲ
716 5422 807 5475 τὸν
853 5420 1171 5492 Σύμμαχον,
1218 5419 1509 5488 Ἀμαρτίςι,
1545 5416 1697 5486 φησὶ,
1733 5413 1841 5468 τοῦ
1885 5415 2023 5467 στό-

430 5531 619 5585 ματος
642 5514 861 5577 αὐτῶν,
888 5513 984 5567 καὶ
1007 5512 1086 5578 τῷ
1114 5513 1273 5580 λόγῳ
1296 5511 1413 5564 τῶν
1446 5508 1694 5578 χειλέων
1731 5504 1931 5560 αὐτῶν
1955 5506 2025 5559 τὰ

437 5607 804 5679 προλεχθέντα
863 5605 1046 5668 αὐτοῖς
1111 5602 1537 5675 ὲπαχθήσεσθαι.
1589 5600 1698 5653 Καὶ
1743 5597 2018 5666 ἐπιλέγει·

439 5700 547 5753 Καὶ
573 5697 1107 5767 συλληρθήτωσαν
1149 5697 1220 5750 ἐν
1252 5694 1326 5763 τῇ
1371 5691 1752 5762 ὑπερηφανίᾳ
1784 5688 1985 5744 αὐτῶν
2006 5707 2018 5719 ·

434 5790 492 5862 ἢ,
527 5789 668 5844 κατά
700 5789 791 5843 τὸν
822 5788 1138 5861 Σύμμαχον,
1170 5785 1706 5857 Συλληερθήτωσαν
1733 5783 1883 5853 μετὰ
1912 5782 2023 5851 τῆς

2126 4598 2306 4645 tarum
2332 4590 2730 4654 testimonium,
2760 4596 2952 4644 contra
2976 4589 3157 4659 ipsum
3190 4588 3549 4643 acclamantis
3571 4588 3705 4642 mul-

2125 4683 2380 4739 titudinis
2420 4697 2631 4737 vocem.
2674 4680 2857 4747 Quare
2900 4680 3017 4735 ait:
3056 4678 3321 4733 Delictum
3353 4679 3462 4732 oris
3495 4695 3700 4743 eorum,

2124 4792 2417 4831 sermonem
2450 4773 2711 4830 labiorum
2742 4774 3012 4842 ipsorum;
3051 4786 3116 4826 ac
3142 4771 3192 4826 si
3235 4770 3498 4841 liquidius
3550 4771 3704 4827 dice-

2127 4875 2229 4923 ret.
2257 4874 2479 4937 propter
2514 4865 2772 4919 delictum
2805 4863 2921 4918 oris
2951 4877 3164 4926 eorum,
3208 4868 3263 4917 et
3307 4870 3533 4930 pmpter
3584 4876 3703 4915 ser-

2126 4975 2342 5013 mouem
2377 4957 2645 5013 labiorum
2677 4958 2944 5027 ipsorum.
2980 4956 3055 5010 Ea
3087 4954 3155 5010 de
3188 4969 3357 5009 causa
3379 4952 3617 5025 disperge
3632 4954 3706 5007 it-

2126 5050 2204 5103 los
2236 5050 2289 5103 in
2335 5050 2525 5103 virtute
2574 5058 2689 5112 tua,
2727 5056 2777 5102 et
2827 5048 3025 5117 depone
3078 5063 3188 5111 eos,
3242 5054 3507 5115 protector
3556 5061 3703 5101 meus

2125 5142 2368 5195 Domine.
2403 5139 2714 5195 Secundum
2749 5139 3138 5211 Symmachum
3169 5154 3322 5202 vero,
3350 5148 3585 5207 peccato,
3616 5137 3704 5194 in-

2124 5236 2264 5303 quit,
2297 5234 2405 5288 oris
2442 5250 2645 5296 eorum,
2671 5241 2720 5287 et
2759 5232 2911 5286 verbo
2942 5229 3204 5285 labiorum
3238 5230 3477 5299 ipsorum
3509 5230 3707 5300 praedi-

2126 5336 2213 5380 cta
2239 5325 2374 5396 ipsis
2421 5325 2712 5397 inﬂigenda
2762 5335 2912 5380 sunt.
2952 5323 3031 5380 Ac
3056 5324 3360 5395 subjungit,
3395 5332 3445 5377 et
3472 5339 3709 5393 compre-

2126 5418 2426 5474 hendantur
2463 5419 2516 5472 in
2536 5417 2787 5488 superbia
2816 5434 2938 5481 sua,
2966 5418 3082 5473 siv’e
3116 5416 3418 5472 secundum
3453 5414 3709 5488 Symma-

2125 5510 2313 5576 chum,
2366 5509 2874 5579 comprehendantur
2919 5524 3041 5562 cum
3095 5506 3344 5576 superbia
3393 5522 3514 5562 sua.
3565 5504 3704 5559 Nam

2127 5617 2251 5656 cum
2285 5602 2509 5672 superbi
2541 5610 2976 5672 arrogantesque
3006 5606 3216 5664 essent,
3262 5597 3573 5654 Servatoris
3606 5615 3708 5653 no-

2127 5692 2228 5747 stri
2253 5692 2509 5746 fiduciam
2532 5708 2643 5747 non
2669 5691 2935 5746 ferebant.
2956 5690 3137 5756 Quare
3156 5690 3391 5760 superbe
3410 5688 3706 5759 admodum

2129 5782 2394 5839 adeuntes
2438 5783 2592 5837 illum
2642 5782 2721 5838 sic
2778 5781 3188 5850 compellabant
3220 5800 3233 5836 :
3269 5781 3401 5847 Qui:
3439 5780 3583 5837 dedit
3613 5777 3716 5838 tibi
