4158 6376
508 401 616 460 547

1185 343 1454 454 EU'SEBII
1491 394 1906 454 CESARIENS
1935 397 1975 453 S
2024 397 2177 455 OPP.
2237 395 2417 453 PARS
2454 394 2542 452 ιη.
2585 423 2654 438 -—
2693 390 3102 451 EXEGETICA.

3673 387 3778 444 5‘8

507 527 820 591 potestatem
861 520 1042 576 hanc?
1078 528 1127 574 et
1159 520 1214 574 in
1245 535 1349 590 qua
1378 527 1638 590 potestate
1681 521 1791 575 ha'c
1831 521 1970 590 facis
1997 521 2090 576 ’τί

2212 517 2830 591 ἄπερηφανίαςαὺτῶν.
2847 518 3216 588 ’Υπερήφανοι
3231 513 3340 586 γάρ
3352 527 3496 575 uva;
3516 511 3668 573 ὄντες
3686 510 3781 562 καὶ

515 617 730 671 Etenim
772 631 896 670 cum
934 630 1034 670 nos
1079 624 1133 669 et
1168 615 1435 684 templum
1476 626 1530 669 et
1583 615 1843 685 populum
1876 629 2092 670 omnem

512 709 620 764 sub
652 708 881 778 imperio
913 707 1239 770 habeamus,
1265 706 1390 776 quis
1415 712 1473 759 tu
1503 721 1583 768 es,
1620 715 1674 761 et
1704 721 1804 761 cur
1838 707 1964 760 talia
1997 722 2096 760 an-

514 801 652 854 iles?
683 799 1014 870 Hujnsmodi
1048 815 1180 870 ergo
1210 798 1504 853 verborum
1540 812 1707 852 causa
1732 799 1821 852 hic
1849 799 2051 853 dicitur
2079 819 2090 853 :

517 891 586 945 Et
616 892 1127 963 comprehendantur
1157 892 1211 944 in
1250 891 1495 959 superbia
1521 908 1618 945 sua
1642 908 1660 945 :
1689 901 1738 946 et
1760 891 1824 946 de
1851 906 2098 946 exsecra-

513 984 655 1038 tione
691 995 740 1038 et
761 985 1033 1038 mendacio
1057 985 1537 1039 annuntiabuntur.
1574 983 1680 1038 Pro
1706 999 1816 1055 quo
1847 983 2098 1056 Symma-

514 1075 657 1131 chus
687 1075 1084 1146 interpretatus
1113 1084 1199 1130 est
1237 1094 1250 1130 τ
1283 1073 1814 1140 Compreiiendantur
1849 1094 1966 1131 cum
2001 1093 2096 1132 su-

516 1167 698 1237 perbia
735 1186 856 1231 sua,
902 1170 1318 1223 exsecrationem
1347 1177 1397 1222 et
1433 1168 1762 1223 mendacium
1809 1171 2096 1239 loquentes.

517 1258 713 1315 Postea
734 1257 965 1328 'subjicit
997 1279 1010 1314 ε
1052 1258 1115 1313 1η
1145 1261 1623 1323 consummatione,
1657 1260 1709 1313 in
1751 1259 1833 1312 ira
1861 1277 2099 1313 consum-

520 1352 792 1416 mationis,
823 1361 873 1404 et
906 1369 1010 1404 non
1047 1362 1196 1408 erant
1222 1368 1240 1406 :
1265 1351 1427 1420 cujus
1467 1352 1588 1406 loco
1619 1352 1816 1406 iterum
1845 1353 2100 1422 Symma-

519 1443 660 1496 chus
690 1443 896 1498 clarius
941 1444 1027 1498 his
1073 1444 1256 1498 verbis
1290 1444 1681 1512 interpretatur
1721 1461 1734 1497 :
1773 1441 2099 1498 Consumma

518 1535 576 1587 in
609 1533 809 1604 furore,
837 1536 1054 1589 absnme
1079 1546 1134 1589 ut
1167 1553 1268 1589 non
1293 1538 1421 1590 sint.
1448 1521 1838 1606 llazc'Spiritus
1869 1536 2101 1607 propheo

519 1623 665 1677 ticus
702 1641 809 1678 non
860 1623 1012 1679 diras
1069 1625 1386 1695 imprecaris
1441 1626 1510 1681 iis
1563 1627 1655 1696 qui
1707 1625 1822 1679 lia-2c
1881 1627 2100 1694 passuri

518 1722 700 1779 erant,
745 1715 839 1769 sed
895 1723 1107 1770 tantum
1160 1733 1281 1787 qua:
1331 1716 1516 1771 futura
1571 1724 1702 1772 sunt
1766 1717 2097 1782 vaticinans,

524 1808 893 1877 praenuntiat;
928 1824 1047 1862 cam
1079 1809 1229 1863 enim
1263 1816 1500 1863 mentem
1534 1809 1655 1877 ejus
1684 1815 1808 1864 esse
1829 1809 2098 1864 sententia

2197 613 2472 680 ἀλαζόνες,
2498 613 2607 666 οὑκ
2645 611 2837 684 ἔφερον
2863 609 2958 664 τοῦ
2990 608 3240 680 Σωτῆρος
3264 605 3422 677 ἡμῶν
3439 603 3536 675 τὴν
3567 603 3782 675 παρρη-

2199 706 2338 761 σίαν.
2386 705 2478 759 Διὸ
2527 705 2667 776 μετά
2714 705 2914 774 πολλῆς
2959 699 3340 773 ὑπερηφανίας
3395 694 3781 769 προσελθόντες

2197 799 2380 868 ἔλεγον
2411 798 2560 870 αὑτῷ
2581 815 2593 827 ·
2634 798 2728 864 Τίς
2752 812 2851 850 σοι
2883 795 3066 848 ἕδωκε
3082 793 3194 862 τὴν
3208 793 3500 857 ἐξουσίαν
3521 791 3779 858 ultimis;

2199 891 2299 946 καὶ
2326 893 2470 960 ποίᾳ
2498 891 2750 958 ἐξουσίᾳ
2782 889 2967 943 ταῦτα
3005 887 3232 954 ποιεῖς;
3287 884 3474 956 Ἠμῶν
3507 883 3616 954 γὰρ
3644 898 3782 954 κρα-

2191 985 2432 1039 τούντων
2463 984 2559 1039 τοῦ
2591 984 2737 1055 ἱεροῦ
2770 983 2863 1038 καὶ
2911 982 3005 1036 τοῦ
3043 979 3242 1044 παντὸς
3269 979 3455 1042 ἔθνους
3483 978 3780 1050 ἀρχόντων,

2201 1080 2264 1133 σὺ
2283 1077 2368 1142 τίς
2391 1076 2468 1131 ὢν
2500 1077 2592 1132 καὶ
2615 1075 2781 1131 πόθεν
2820 1075 2889 1128 τὰ
2916 1073 3140 1128 τοιαῦτα
3171 1073 3408 1144 τολμᾷςς
3441 1070 3659 1124 Τούτων
3689 1063 3784 1122 οὖν

2199 1171 2360 1224 ἕνεκα
2385 1169 2495 1223 τῶν
2521 1168 2695 1237 λόγων
2731 1165 2968 1221 ἐνταῦθα
2999 1165 3213 1236 εἴρηται
3239 1181 3251 1193 ·
3283 1165 3395 1219 Καὶ
3427 1163 3785 1233 συλληφθή-

2199 1278 2402 1316 τωσαν
2449 1261 2518 1314 ἐν
2561 1260 2638 1329 τῇ
2679 1259 3060 1329 ὑπερηφανίᾳ
3112 1257 3343 1312 αὐτῶν·
3378 1257 3476 1310 καὶ
3522 1256 3592 1321 ἐξ
3636 1254 3787 1325 ἀρᾶς

2201 1353 2298 1406 καὶ
2330 1351 2598 1422 ψεύδους
2633 1349 3160 1421 διαγγελήσονται·
3215 1347 3331 1401 ἀνθ’
3363 1342 3424 1402 οὑ
3469 1348 3498 1400 ό
3560 1345 3788 1418 Σύμμα-

2200 1461 2294 1516 χος
2324 1444 2635 1516 ἡρμήνευσε
2658 1459 2672 1473 °
2703 1440 3240 1511 Συλληφθήτωσιιν
3260 1439 3412 1510 μετὰ
3455 1437 3565 1506 τῆς
3612 1441 3789 1506 ὑπερο

2200 1537 2461 1606 ηρανίας
2489 1534 2708 1599 αὐτῶν,
2731 1535 2886 1604 ἀρὰν
2905 1533 3003 1588 καὶ
3036 1531 3265 1601 ψεῦδος
3293 1531 3646 1598 λαλοῦντες.
3673 1527 3790 1585 Εἶθ’

2203 1629 2332 1701 ἐξῆς
2391 1629 2667 1698 ἐπιλέγει·
2723 1629 2819 1681 Ἐν
2877 1625 3220 1693 συντελείᾳ,
3270 1625 3339 1679 ἐν
3374 1623 3522 1695 ὀργῇ
3573 1640 3790 1678 συντε-

2201 1722 2392 1789 λείας,
2445 1721 2544 1776 καὶ
2579 1722 2654 1775 οὐ
2719 1719 2808 1790 μὴ
2853 1717 3230 1788 ὑπάρξωσιν.
3291 1718 3432 1770 Ἀνθ’
3459 1711 3521 1771 οὗ
3570 1716 3730 1770 πάλιν
3760 1716 3792 1768 ό

2208 1811 2503 1884 Σύμμαχος
2535 1809 2855 1882 λευκότερον
2879 1809 3129 1864 ἀπέδωκε
3171 1811 3374 1882 φήσας·
3413 1807 3794 1864 Συντέλεσον

525 1898 767 1968 praefert.
809 1899 892 1952 οι)
942 1899 1205 1952 delictum
1259 1900 1373 1954 oris
1427 1915 1641 1963 eorum,
1687 1909 1741 1955 et
1791 1915 2100 1956 sermonem

2212 1875 2302 1958 ἐν.
2593 1875 2916 1956 ἀνάλωσον
2973 1901 3075 1954 ἵνα
3118 1875 3204 1972 pi]
3232 1875 3377 1955 dm.
3416 1899 3604 1955 Ταῦτα
3633 1899 3690 1953 δὲ
3730 1899 3793 1952 τὸ

525 1977 798 2047 labiorum
854 1993 1100 2063 ipsorum
1151 1993 1690 2062 compreliendentur
1738 1994 1792 2047 in
1844 1993 2105 2064 superbia

518 2099 648 2146 sua.
673 2091 729 2138 et
759 2085 1298 2154 comprehendentur
1330 2087 1763 2141 exsecrationem
1797 2094 1851 2140 et
1881 2084 2107 2139 menda-

521 2175 673 2229 cium
707 2175 1033 2246 ioquentes;
1065 2185 1340 2246 eruntque
1366 2179 1421 2232 in
1445 2180 1924 2233 consummatione
1969 2187 2018 2233 et
2051 2178 2106 2232 in

524 2269 630 2330 ira,
663 2284 786 2339 qua:
823 2269 1074 2324 absumet
1120 2286 1214 2324 cos
1262 2271 1333 2324 ita
1383 2280 1444 2324 ut
1494 2287 1602 2326 non
1640 2272 1780 2326 ultra
1809 2273 2102 2327 exsistant.

526 2359 844 2417 Secundum
878 2362 1132 2432 Aquilam
1179 2379 1312 2418 vero
1363 2362 1586 2427 dicitur,
1645 2362 1858 2434 Con/ire
1896 2365 1948 2416 in
1997 2364 2105 2426 ira,

525 2453 775 2517 absume,
830 2463 880 2508 et
931 2472 1038 2508 non
1090 2455 1383 2518 exsisteut;
1444 2457 1736 2514 similiter.
1799 2455 2106 2510 secundum

531 2545 946 2617 Symmachum,
976 2546 1300 2601 Consumma
1328 2547 1381 2601 in
1420 2547 1621 2616 furore,
1655 2547 1892 2611 absumo,
1915 2557 1971 2600 ut
2005 2564 2107 2601 non

525 2641 656 2695 sint.
690 2639 787 2696 His
827 2656 994 2711 porro
1023 2641 1378 2705 vaticinatur,
1405 2657 1501 2696 eos
1530 2644 1623 2712 qui
1653 2643 1780 2696 talia
1815 2651 1944 2696 sunt
1984 2641 2106 2695 ausi

530 2735 586 2786 in
618 2743 917 2788 memorata
954 2734 1179 2790 civitate
1227 2750 1336 2789 non
1395 2735 1623 2792 ulterius
1671 2753 1987 2801 mansuros,
2043 2753 2106 2791 ac

528 2823 737 2876 cultum
773 2823 924 2878 illum
956 2824 1222 2891 divinum,
1255 2826 1561 2897 antiquitus
1593 2828 1648 2882 in
1672 2829 1894 2883 civitate
1916 2843 2107 2884 serva-

529 2923 667 2980 tum,
719 2919 880 2970 linem
933 2917 1272 2982 habiturum,
1326 2937 1541 2975 necnon
1602 2925 1965 2976 constitutum
2033 2921 2106 2974 ibi

532 3023 786 3078 regnum,
812 3009 1111 3079 omniaque
1136 3012 1290 3081 prius
1328 3013 1462 3083 ipsis
1488 3029 1516 3067 a
1546 3012 1657 3068 Deo
1692 3015 1890 3068 collata
1928 3014 2106 3079 bona;

529 3099 785 3154 videlicet
811 3103 1201 3172 prophetarum
1230 3105 1600 3176 prmsentiam,
1633 3107 1953 3178 angelorum
1983 3123 2110 3162 con-

530 3199 778 3262 spectus,
819 3210 881 3247 ac
915 3196 1206 3266 reliquam,
1239 3215 1346 3272 qua
1396 3201 1728 3272 dignabatur
1764 3217 1880 3263 cos,
1928 3202 2110 3270 inspe-
2141 3235 2182 3291 Ο

529 3286 791 3340 ctionem.
849 3286 982 3355 Qua!
1029 3305 1162 3345 sane
1195 3291 1354 3348 linem
1389 3309 1486 3364 per
1517 3294 1724 3348 illatam
1778 3293 1914 3363 ipsis
1972 3294 2108 3348 iram

532 3377 726 3432 sortita
759 3387 906 3433 sunt.
944 3379 1101 3447 Quod
1143 3391 1324 3440 autem
1356 3385 1458 3440 hac
1491 3385 1558 3440 de
1605 3401 1665 3439 re
1701 3386 1918 3440 dicatur
1954 3385 2109 3444 illud.

530 3469 732 3537 conﬁce
777 3470 830 3523 in
874 3471 1076 3540 furore.
1126 3473 1343 3530 absume
1374 3485 1429 3529 ut
1462 3493 1564 3530 non
1602 3477 1730 3543 sint,
1763 3493 1827 3532 ex
1863 3477 2110 3547 sequenti

530 3559 681 3614 dicto
711 3563 910 3632 palam.
953 3563 1094 3630 ρηῑά
1133 3567 1264 3622 illud
1299 3569 1422 3622 est?
1460 3571 1530 3622 Et
1571 3569 1736 3623 scient
1793 3569 1916 3640 quia
1972 3569 2112 3623 Deus

529 3647 702 3705 Iacob
749 3651 1114 3708 dominabitur
1149 3657 1339 3726 ﬁnium
1389 3668 1564 3714 terrm.
1613 3657 1748 3712 Nam
1800 3660 1846 3714 si
1893 3659 1959 3716 de
1995 3660 2114 3729 ipsa

531 3749 694 3811 gente
727 3739 795 3796 de
823 3743 1072 3814 ipsisque
1101 3747 1236 3802 viris
1268 3746 1423 3810 illud,
1476 3749 1672 3817 conﬁce
1697 3749 1750 3802 in
1779 3749 1980 3818 furore,
2022 3749 2115 3803 ab-

531 3845 681 3886 eunte
709 3841 766 3885 ut
815 3849 918 3886 non
961 3835 1090 3897 sint,
1145 3837 1352 3890 dictum
1408 3837 1640 3906 fuisset;
1689 3841 1966 3911 quomodo
1997 3841 2112 3911 jam

533 3923 793 3988 coniecti,
830 3941 928 3978 nec
958 3926 1112 3981 ultra'
1148 3930 1502 3995 exsistentcs,
1551 3931 1693 3986 scire
1724 3939 1951 4004 possent
1985 3934 2114 4003 quia

533 4013 680 4071 Deus
717 4015 1092 4072 dominabitur
1132 4019 1319 4074 ﬁnium
1365 4022 1562 4077 terra)?
1608 4040 1706 4079 cur
1739 4025 1995 4096 superius
2031 4024 2116 4079 di-

532 4115 682 4163 ctum
712 4107 927 4176 l‘uisset,
956 4127 1018 4163 ne
1046 4110 1256 4166 occidas
1283 4115 1410 4169 eos?
1445 4114 1716 4184 siquidem
1757 4115 1910 4182 illud,
1937 4133 1999 4170 ne
2026 4133 2118 4170 oc-

537 4199 684 4253 cidae
723 4216 834 4264 eos,
865 4203 1204 4256 contrarium
1237 4205 1516 4261 videretur
1552 4207 1638 4263 his
1667 4207 1870 4271 verbis.
1921 4209 2117 4278 conﬁce

532 4289 589 4340 in
618 4288 819 4358 furore,
851 4290 1068 4347 absume
1099 4303 1154 4346 ut
1199 4310 1303 4349 non
1330 4297 1456 4351 sint.
1491 4296 1692 4352 Verum
1727 4316 1836 4354 non
1869 4299 1960 4355 hic
1988 4301 2118 4356 dici-

535 4388 645 4443 tur,
697 4385 893 4452 conﬁce
932 4389 1056 4450 eos;
1099 4387 1194 4442 sed
1244 4388 1542 4454 indeﬁnite,
1576 4394 1774 4461 conﬁce
1820 4395 1877 4447 in
1911 4394 2112 4464 furore,

534 4472 752 4529 absnme
777 4485 832 4528 ut
857 4493 959 4529 non
987 4477 1113 4542 sint,
1153 4479 1617 4552 subintelligendo
1649 4484 1862 4538 scilicet
1887 4500 1951 4538 ac
1983 4500 2118 4555 sup-

2215 1997 2438 2068 Πνεῦμα
2469 1997 2530 2050 τὸ
2563 1997 2900 2068 προφητικὸν
2932 1997 3034 2051 οὑκ
3078 1997 3435 2070 ἐπαρώμενον
3467 2001 3578 2062 τοῖς
3620 1996 3794 2052 ταῦτα

2217 2091 2467 2164 μέλλουσι
2488 2091 2772 2144 πείσεσθαι
2802 2091 3290 2162 προαναφωνεῖ,τά
3319 2090 3377 2144 δέ
3405 2090 3795 2162 συμϐησόμενα

2215 2181 2602 2254 προαγορεύον,
2623 2182 2720 2252 τῆς
2737 2181 2975 2245 διανοίας
3008 2180 3248 2234 τοιοῦτον
3279 2178 3630 2252 παριστώσης
3646 2177 3791 2234 νοῦν.

2213 2274 2311 2327 Διά
2351 2272 2449 2345 τὴν
2473 2273 2745 2344 ἁμαρτίαν
2777 2271 2872 2325 τοῦ
2903 2273 3170 2344 στόματος
3216 2271 3415 2335 αὑτῶν,
3451 2271 3545 2324 καὶ
3575 2270 3663 2324 διὰ
3703 2269 3795 2323 τὸν

2213 2367 2371 2436 λόγον
2430 2365 2540 2421 τῶν
2599 2365 2820 2437 χειλέων
2877 2364 3055 2420 αὑτῶν
3111 2364 3577 2436 συλληφθήσονται
3629 2369 3688 2416 ἐν
3725 2363 3793 2432 τῇ

2214 2459 2560 2532 ὑπερηφανίᾳ
2621 2459 2818 2523 αὑτῶν,
2863 2459 2957 2512 καὶ
3014 2455 3479 2528 συλληφθήσονται
3532 2455 3672 2528 ἀρὰν
3702 2453 3797 2507 καὶ

2213 2551 2409 2622 ψεύδος
2459 2550 2748 2615 λαλοῦντες
2771 2566 2785 2580 ⁸
2842 2549 3160 2620 γενήσονταί
3188 2566 3250 2602 τε
3285 2551 3342 2602 ἐν
3393 2547 3670 2616 συντελείᾳ
3703 2547 3797 2600 καὶ

2215 2649 2272 2699 ἐν
2311 2647 2448 2718 ὀργῇ
2499 2642 2866 2718 ἀναλισκούσῃ
2905 2642 3102 2706 αὑτοὺς
3143 2641 3220 2706 ὡς
3282 2641 3473 2713 μηκέθ’
3511 2641 3796 2712 ὑπάρχειν.

2216 2737 2370 2791 Κατά
2402 2737 2459 2790 δὲ
2500 2735 2592 2790 τὸν
2641 2735 2874 2790 Ἀκύλαν
2912 2737 3164 2807 εἴρηταιο
3215 2733 3472 2790 Τέλεσον
3518 2733 3587 2788 ὲν
3616 2737 3797 2803 χόλῳ,

2215 2827 2488 2889 τέλεσον,
2549 2825 2645 2879 καὶ
2691 2827 2805 2895 οὐχ
2840 2823 3244 2894 ὑπάρξουσιν.
3305 2826 3516 2896 Ὠσπερ
3558 2819 3652 2876 οὖν
3705 2825 3799 2876 καὶ

2216 2918 2356 2972 κατὰ
2402 2919 2494 2972 τὸν
2534 2917 2862 2989 Σύμμαχονο
2916 2917 3300 2971 Συντέλεσον
3350 2917 3420 2970 ἐν
3474 2916 3657 2985 θυμῷ.
3698 2916 3798 2969 ἁν-

2215 3009 2475 3072 ἁλωσον,
2508 3011 2701 3080 ἵναμὴ
2725 3006 2854 3065 ὦσι.
2891 3010 3145 3075 Θεσπίζει
3170 3009 3226 3062 δὲ
3255 3009 3340 3063 διὰ
3363 3007 3566 3061 τούτων
3589 3010 3618 3062 ό
3646 3007 3800 3076 λόγος

2217 3104 2413 3176 μηκέτι
2477 3103 2744 3175 ὑπάρχειν
2814 3104 2872 3156 ἐν
2920 3107 2987 3175 τῇ
3040 3103 3404 3174 προλεχοείσῃ
3463 3101 3614 3155 πόλει
3674 3101 3800 3164 τοὺς

2217 3195 2286 3248 τὰ
2337 3193 2564 3248 τοιαῦτα
2615 3193 3050 3265 τετολμηκότας·
3106 3193 3259 3256 τέλος
3303 3192 3358 3244 δὲ
3391 3191 3575 3244 λαϐεῖν
3616 3189 3802 3244 λοιπὸν

2213 3287 2310 3358 τὴν
2340 3284 2506 3340 παλαι
2559 3283 3003 3356 σπουδαζομένην
3049 3285 3106 3337 ἐν
3138 3286 3203 3354 τῇ
3233 3282 3380 3336 πόλει
3426 3281 3681 3352 λατρείαν
3709 3281 3802 3334 καὶ

2213 3381 2310 3451 τὴν
2356 3381 2414 3433 ἐν
2466 3379 2602 3449 αὐτῇ
2659 3375 3000 3431 συνεστῶσαν
3046 3373 3346 3444 βασιλείαν,
3381 3374 3474 3427 καὶ
3508 3375 3686 3427 πάντα
3735 3371 3802 3426 τὰ

2215 3473 2480 3543 πρότερον
2531 3471 2715 3534 αὑτοῖς
2762 3470 3078 3542 ὑπάρχοντα
3130 3467 3194 3520 ἐκ
3251 3465 3386 3521 Θεοῦ
3431 3466 3631 3536 ἀγαθὰ,
3671 3482 3803 3536 προ-

2215 3564 2399 3636 φητῶν
2425 3562 2625 3635 δηλαδὴ
2646 3562 2966 3633 παρουσίας,
2986 3561 3080 3614 καὶ
3100 3559 3345 3630 ἀγγέλων
3370 3559 3690 3628 ἐπιφανείας
3705 3560 3802 3614 καὶ

2214 3656 2314 3726 τὴν
2352 3654 2550 3726 λοιπὴν
2586 3653 2893 3724 ἐπισκοπὴν
2916 3669 2929 3682 ·
2968 3652 3004 3706 ἂ
3046 3651 3110 3723 δὴ
3154 3651 3372 3724 ἀληθῶς
3417 3651 3603 3715 τέλους
3643 3651 3803 3722 ἔτυχε

2215 3748 2303 3802 διὰ
2343 3747 2446 3819 τῆς
2500 3745 2889 3817 ἐπενεχθείσης
2955 3745 3139 3810 αὑτοῖς
3189 3744 3378 3818 ὀργῆς.
3414 3745 3536 3798 Ὀτι
3578 3744 3634 3797 δὲ
3677 3743 3806 3814 περὶ

2215 3839 2419 3894 τούτων
2461 3838 2706 3892 λέλεκται
2730 3839 2810 3902 τὸ,
2834 3837 3216 3892 Συντέλεσον
3245 3837 3314 3892 ἐν
3345 3836 3529 3907 θυμῷ,
3566 3834 3801 3891 ἀνάλω-

2215 3946 2354 3995 σον,
2395 3932 2494 3984 ἵνα
2531 3927 2618 4000 μὴ
2647 3924 2782 3993 ὦσι,
2813 3927 2968 4000 δῆλον
3019 3927 3130 3982 ἀπὸ
3174 3926 3270 3981 τοῦ
3313 3925 3606 3996 λεγομένου
3654 3925 3801 3995 ἑξῆς.

2216 4025 2282 4078 Τί
2308 4023 2366 4078 δὲ
2391 4017 2458 4094 ἦν
2477 4021 2670 4082 τοῦτος
2702 4019 2811 4079 Kal
2839 4017 3191 4091 γνώσονται,
3224 4017 3315 4073 ὅτι
3354 4020 3388 4072 ὀ
3415 4016 3558 4084 Θεὸς
3587 4015 3807 4088 δεσπό-

2217 4118 2295 4180 ζει
2336 4113 2444 4170 τοῦ
2501 4113 2702 4168 Ἰακὼϐ
2740 4110 2859 4167 τῶν
2915 4109 3183 4179 περάτων
3228 4108 3336 4178 τῆς
3377 4107 3512 4179 γῆς.
3575 4107 3637 4160 Εἰ
3695 4105 3806 4174 γὰρ

2219 4209 2348 4283 περὶ
2384 4205 2547 4262 αὑτοῦ
2579 4184 2796 4274 ἐλέγετο
2830 4204 2922 4257 τοῦ
2956 4203 3142 4267 ἔθνους
3173 4202 3269 4256 καὶ
3307 4201 3436 4275 περὶ
3484 4199 3663 4254 αὑτῶν
3696 4198 3806 4251 τῶν

2217 4299 2426 4373 ἀνδρῶν
2452 4299 2544 4352 τόν
2581 4295 2963 4353 Συντέλεσον
2983 4295 3053 4348 ἐν
3084 4293 3268 4365 θυμῷ,
3313 4293 3654 4354 ἀνάλωσον,
3705 4290 3808 4343 ἵνα

2211 4393 2300 4464 μὴ
2354 4387 2487 4456 ὦσι,
2543 4388 2680 4453 πῶς,
2731 4386 3194 4451 συντελεσθέντες,
3238 4385 3333 4438 καὶ
3395 4381 3586 4455 μηκέθ’
3625 4380 3806 4453 ὑπάρ-

2219 4502 2444 4558 χοντες,
2503 4483 2758 4536 ἐδύναντο
2819 4479 3130 4550 γινώσκειν,
3207 4479 3290 4532 ὅτι
3340 4479 3369 4530 ο
3417 4475 3551 4539 Θεὸς
3609 4474 3806 4528 δεσπό-

536 4565 736 4634 piendo
765 4566 920 4628 illm],
950 4579 1009 4622 ut
1047 4585 1155 4623 non
1197 4569 1309 4625 sint
1339 4574 1530 4643 quales
1577 4574 1729 4644 prius
1755 4582 1932 4639 erant,
1964 4583 2018 4630 et
2049 4582 2108 4628 ut

2215 4577 2296 4643 ζει
2319 4576 2425 4628 τῶν
2440 4573 2689 4644 περάτων
2710 4572 2808 4645 τῆς
2825 4572 2927 4643 γῆς
2944 4587 2958 4636 ;
2978 4571 3094 4635 πῶς
3109 4569 3166 4622 δὲ
3183 4569 3273 4622 καὶ
3295 4567 3552 4638 ἀνωτέρω
3569 4564 3806 4634 ἐλέγετο.

536 4668 643 4707 non
681 4657 948 4710 exsistant
977 4658 1092 4727 pari
1129 4668 1293 4730 atque
1321 4662 1450 4716 olim
1486 4663 1628 4733 apud
1667 4663 1833 4718 Deum
1867 4665 2110 4719 honore:

529 4760 644 4814 quo
669 4747 904 4810 sublato,
955 4758 1008 4803 ct
1056 4752 1254 4806 amotis
1296 4750 1363 4806 iis
1395 4768 1515 4822 quae
1556 4753 1684 4806 olim
1734 4751 2114 4824 possidebant,

534 4835 666 4887 nudi
697 4837 892 4898 relicti,
935 4853 963 4891 a
1001 4840 1272 4908 superbiat
1301 4843 1635 4898 sublimitate
1665 4843 1888 4913 deiecti,
1920 4844 1973 4899 in
1996 4865 2116 4904 om-

532 4945 631 4984 nes
661 4937 851 5000 gentes
886 4933 1144 5003 dispersi.
1184 4935 1318 5005 ipsis
1361 4939 1620 5008 operibus
1656 4955 1946 5010 agnovere,
1988 4958 2113 4997 eum

529 5023 713 5094 ipsum
749 5026 841 5096 qui
894 5027 1022 5081 olim
1071 5027 1214 5083 Deus
1247 5027 1416 5084 Jacob
1453 5033 1778 5095 vocabatur,
1817 5032 2112 5100 dominari,

531 5131 642 5170 non
689 5118 830 5170 ultra
861 5115 1066 5175 Jacobo
1099 5135 1198 5176 nec
1229 5106 1446 5190 lsraeli,
1487 5124 1580 5179 sed
1608 5126 1868 5182 omnibus
1913 5127 2113 5185 finibus

530 5214 713 5263 terrae.
747 5207 915 5264 Deum
944 5227 1075 5266 vero
1101 5209 1273 5267 Iacob
1313 5213 1401 5268 hic
1431 5225 1737 5286 opportune
1765 5213 2110 5284 memoravit,

529 5299 812 5367 Christum
846 5303 1187 5374 signiﬁcans.
1223 5304 1343 5376 Ipse
1375 5322 1612 5378 namque
1645 5317 1762 5364 erat
1786 5309 1880 5381 qui
1912 5311 1966 5365 in
1993 5327 2118 5382 spe-

532 5391 618 5445 cie
659 5407 724 5447 ac
757 5393 932 5448 forma
979 5396 1221 5452 hominis
1253 5400 1579 5468 patriarcha:
1605 5401 1774 5457 Jacob
1808 5405 1960 5460 visus
2009 5413 2112 5472 est,

531 5485 756 5552 quando
786 5487 1008 5556 quidam
1051 5488 1214 5544 homo
1262 5491 1574 5548 luctabatur
1603 5511 1725 5550 cum
1758 5512 1844 5560 eo,
1894 5513 2119 5554 nomen-

531 5587 640 5640 que
674 5574 845 5643 ipsius
878 5577 1125 5643 mutavit,
1146 5581 1334 5637 dicens
1363 5601 1374 5638 :
1404 5583 1528 5638 Non
1559 5585 1702 5638 ultra
1729 5587 2000 5640 vocabitur
2023 5605 2117 5643 no-

534 5677 652 5716 men
682 5673 830 5718 tuum
864 5663 1054 5734 Iacob,
1088 5669 1178 5723 sed
1210 5667 1382 5725 Israel
1408 5689 1592 5727 nomen
1627 5686 1774 5727 tuum
1811 5673 1954 5730 erit:
1983 5691 2107 5746 quo-

603 5843 649 5876 "
687 5844 795 5900 Luc-
858 5865 947 5918 xs,
983 5849 1036 5906 2.

2220 4667 2317 4735 Μὴ
2359 4665 2724 4732 ἀποκτείνῃς
2771 4662 3022 4728 αὐτούς,
3084 4660 3228 4726 ἔδοξε
3287 4659 3394 4733 γὰρ
3447 4658 3514 4713 ἂν
3569 4657 3809 4712 ἐναντίον

2223 4755 2359 4812 εἶναι
2385 4758 2477 4824 τὸ,
2507 4757 2603 4825 Μὴ
2634 4754 2997 4821 ἀποκτείνῃς
3023 4751 3265 4817 αὐτοὺς,
3293 4751 3390 4821 τῷ,
3428 4749 3810 4803 Συντέλεσον

2221 4851 2292 4904 ἐν
2324 4847 2507 4919 θυμῷ,
2537 4845 2881 4910 ἁνὰλωσον,
2912 4847 3012 4900 ἵνα
3034 4843 3121 4915 μὴ
3142 4839 3317 4899 ὦσιν.
3362 4843 3501 4896 Ἀλλ’
3529 4841 3628 4895 οὑκ
3655 4841 3810 4912 εἴρῃ·

2223 4956 2314 4992 ται
2346 4936 2610 5002 ἐνταῦθα,
2647 4935 3030 4990 Συντέλεσον
3061 4934 3314 5000 αὐτούς·
3357 4931 3472 4986 ἀλλ’
3505 4931 3771 5004 ἀορίστως
3791 4971 3805 4994 ,

2224 5035 2271 5086 Σ
2276 5031 2605 5084 υντέλεσον
2623 5029 2692 5082 ἐν
2715 5028 2898 5098 θυμῷ,
2917 5025 3258 5089 ἀνάλωσον,
3279 5025 3378 5078 ἵνα
3395 5022 3481 5093 μὴ
3499 5019 3668 5086 ὦσιν,
3686 5025 3808 5075 ἐπι-

2223 5121 2485 5176 νοούντων
2506 5121 2663 5193 ἡμῶν
2690 5121 2785 5174 καὶ
2808 5119 3339 5194 προσυπακουόντιυν
3372 5116 3571 5182 ἔξωθεν
3603 5116 3684 5179 τὸ,
3718 5115 3806 5168 ἵνα

2225 5220 2300 5290 μὴ
2332 5212 2464 5272 ὦσιν
2487 5219 2662 5271 ὁποῖοι
2694 5216 2789 5270 καὶ
2823 5209 2966 5286 ἦσαν
2995 5212 3280 5286 πρότερον,
3304 5211 3396 5264 καὶ
3421 5211 3507 5264 ἵνα
3531 5208 3605 5281 μὴ
3627 5208 3806 5280 ὑπάρ-

2221 5325 2386 5379 χωσιν
2414 5310 2471 5361 ἐν
2574 5307 2870 5377 ἐτύγχανον
2903 5305 3070 5360 πάλαι
3098 5303 3247 5376 παρὰ
3269 5301 3346 5372 τῷ
3383 5299 3502 5371 Θεῷ
3537 5302 3703 5371 τιμῇ·
3739 5294 3806 5367 ἧς

2219 5401 2611 5473 ἀφαιρεθείσης
2671 5399 2883 5466 αὐτῶν,
2931 5399 3024 5452 καὶ
3071 5395 3182 5450 τῶν
3232 5395 3400 5448 πάλαι
3451 5391 3804 5465 ὑπαρχόντων

2219 5493 2405 5557 αὑτοῖς
2445 5490 2749 5565 ἀρθέντων,
2781 5490 2982 5562 γυμνοὶ
3041 5487 3494 5557 καταλειφθέντες
3540 5484 3634 5538 καὶ
3675 5501 3806 5536 κει-ε-

2219 5583 2530 5655 ενεχοέντες
2563 5583 2670 5637 ἀπὸ
2707 5582 2801 5636 τοῦ
2841 5582 3008 5652 ὕψους
3037 5581 3134 5651 τῆς
3167 5575 3546 5650 ὑπερηφανίας
3588 5571 3802 5635 αὑτῶν,

2218 5675 2730 5750 διασκορπισθέντες
2771 5693 2830 5730 τε
2886 5675 2968 5739 εἰς
3015 5673 3194 5727 πάντα
3241 5671 3308 5726 τὰ
3353 5670 3516 5739 ἔθνη,
3558 5667 3806 5738 ἔγνωσαν
