4158 6376
433 381 540 440 διο

1562 382 2068 442 ροιιιιΕΝΤΑιιιΑ
2109 384 2178 441 IN
2213 383 2557 444 psALuos.
2885 371 2912 404 ’

3594 383 3703 441 5'50

433 502 618 565 αὐτοῖς
640 499 843 574 ἔργοις,
869 499 952 555 ὅτι
983 499 1014 554 6
1039 497 1206 556 πέλαι
1239 500 1372 565 Θεὸς
1415 500 1610 555 Ἰακὼϐ
1635 502 2012 574 χρηματίζων,

2131 505 2263 558 niam
2295 505 2624 573 prwvaluisti
2656 521 2774 559 cum
2806 504 2938 570 Deo,
2973 511 3022 559 et
3051 520 3166 560 cum
3190 503 3487 560 hominibus
3518 514 3700 573 potens

432 587 588 658 οὗτος
611 593 774 655 αὐτὸς
819 590 1074 656 δεσπόζει
1122 589 1308 645 οὐκέτι
1345 584 1438 645 τοῦ
1491 586 1688 644 Ἰακὼϐ
1709 630 1724 655 ,
1767 586 1889 645 οὐδὲ
1923 585 2021 645 τοῦ

445 685 683 756 Ἰσραὴλ,
719 683 857 739 ἀλλὰ
899 683 1120 738 πάντων
1167 677 1277 738 τῶν
1310 683 1564 756 περάτων
1590 684 1693 754 τῆς
1725 683 1853 755 γῆς.
1889 682 2022 738 Θεὸν

430 781 490 835 δὲ
521 778 718 834 Ἰακὼϐ
747 778 842 832 καὶ
873 777 968 832 νῦν
1006 775 1280 850 εὐκαίρως
1331 775 1614 847 ὠνόμασε,
1656 774 1748 829 τὸν
1791 775 2024 848 Χριστὸν

430 870 711 943 δηλώσαςο
743 869 906 932 αὐτὸς
931 869 1040 940 γὰρ
1080 865 1149 940 ἦν
1179 871 1208 922 6
1240 869 1297 922 ὲν
1343 867 1632 940 ἀνθρώπου
1680 866 1920 938 σχήματί
1963 882 2024 920 τε

433 963 528 1018 καὶ
559 965 740 1035 μορφῇ
785 961 865 1032 τῷ
908 959 1222 1034 πατριάρχῃ
1261 958 1456 1014 Ἰακίυό
1497 959 1718 1030 ὀφθεὶς,
1755 959 1844 1013 ὅτε
1885 958 2022 1012 ἐπά-

432 1057 585 1112 λαιεν
613 1055 902 1127 ἄνθρωπος
949 1055 1070 1126 μετ’
1110 1051 1301 1108 αὐτοῦ.
1347 1049 1726 1124 Μετονομάζει
1771 1068 1830 1105 τε
1862 1051 2024 1105 αὑτὸν

431 1148 611 1220 λέγων
631 1165 644 1178 ο
681 1145 899 1202 Οὐκέτι
930 1145 1299 1215 κληθήσεται
1331 1144 1400 1198 τὸ
1433 1143 1624 1216 ὄνομα
1653 1161 1770 1198 σου
1804 1143 2021 1209 Ἰακὼϐ,

431 1242 570 1297 ἀλλ’
605 1238 844 1308 Ἰσραὴλ
876 1240 1047 1294 ἔσται
1072 1237 1138 1292 τὸ
1164 1236 1353 1309 ὄνομά
1379 1252 1496 1292 σου
1518 1255 1530 1268 ·
1567 1236 1656 1291 ὅτι
1685 1237 2025 1307 ἐνίσχυσας

425 1332 582 1404 μετὰ
631 1332 739 1385 τοῦ
795 1329 979 1394 Θεοῦ,
1020 1328 1121 1383 καὶ
1165 1328 1317 1399 μετὰ
1364 1327 1692 1397 ἀνθρώπων
1741 1328 2020 1394 δυνατός.

423 1421 604 1488 ,λύτὸς
629 1419 723 1478 οὗν
749 1425 957 1486 ἐκεῖνος
983 1424 1012 1476 6
1039 1421 1118 1492 τῷ
1153 1420 1350 1477 Ἰακὼό
1372 1420 1722 1493 χρηματίσας
1750 1418 1883 1483 Θεὸς
1912 1418 2024 1473 τῶν

429 1516 688 1588 ¹περάτων
717 1515 816 1588 τῆς
849 1513 951 1586 γῆς
984 1513 1139 1585 ἄρξει
1168 1511 1656 1585 κυριολογούμενος
1697 1511 1850 1584 παρὰ
1889 1511 2024 1565 πᾶσι

424 1610 547 1672 ’τοῖς
591 1606 792 1669 ἔθνεσι,
836 1605 1102 1677 δεσπότης
1129 1621 1190 1659 τε
1224 1605 1319 1658 καὶ
1353 1603 1558 1678 Κύριος
1599 1602 2020 1676 ὀνομαζόμενος.

438 1701 622 1774 ’Λπερ
648 1701 737 1754 ἴνα
777 1699 1078 1772 ὀφθαλμοῖς
1126 1697 1518 1772 παραλάϐωσιν
1560 1699 1612 1752 οἱ
1653 1695 2023 1770 ἀρνησάμενοι

435 1792 622 1856 αὐτὸν,
655 1791 968 1862 ἀναγκαίως
990 1789 1342 1863 προείρηται’
1388 1786 1488 1858 Μὴ
1529 1787 1890 1858 ἀποκτείνῃς
1912 1787 2020 1842 αὺ-

2121 594 2226 650 eris
2246 597 2312 648 ⁸⁸.
2341 597 2391 652 ls
2420 597 2537 666 ipse
2567 596 2734 668 igitur
2763 598 2859 668 qui
2895 596 3039 654 Deus
3079 596 3250 652 Jacob
3283 598 3604 660 vocabatur,
3640 595 3704 651 li-

2122 685 2288 744 nibus
2325 697 2486 744 terrae
2528 689 2921 754 dominabitur,
2972 691 3227 762 apudque
3265 670 3466 744 omnes
3513 695 3703 760 gentes

2124 775 2391 836 Dominus
2437 781 2798 853 princepsque
2845 783 3150 838 vocabitur.
3196 781 3351 848 Quod
3407 790 3466 835 ut
3527 780 3704 836 oculis

2123 871 2431 942 percipiant
2484 871 2522 925 ii
2573 871 2669 942 qui
2721 871 2900 942 ipsum
2960 872 3326 942 abnegarunt,
3385 872 3702 929 necessario

2125 965 2471 1034 praemissum
2523 965 2626 1019 fuit
2673 965 2847 1022 illud:
2878 963 2962 1020 Ne
3007 965 3218 1020 occidas
3265 983 3376 1030 eos,
3428 964 3706 1036 nequando

2125 1051 2507 1110 obliviscantur
2544 1059 2724 1126 populi
2765 1058 2907 1123 mei;
2940 1057 3030 1112 hic
3069 1072 3221 1120 vero,
3274 1056 3343 1110 Et
3383 1057 3545 1112 scient
3581 1058 3707 1126 quia

2125 1149 2266 1204 Deus
2294 1148 2462 1206 Iacob
2495 1150 2859 1206 dominabitur
2891 1151 3078 1220 finium
3121 1161 3293 1206 terraz.
3329 1150 3710 1207 Convertentur

2126 1239 2195 1296 ad
2228 1259 2517 1313 uesperam,
2552 1236 2619 1298 et
2642 1243 2837 1314 famem
2868 1244 3139 1310 patientur
3183 1253 3242 1298 ut
3295 1246 3467 1309 canis,
3515 1253 3564 1299 et
3601 1244 3704 1299 οἱν-

3721 851 3732 890 ί

2125 1332 2342 1386 cuibunt
2375 1333 2660 1388 civitatem.
2696 1333 2964 1388 Nimirum
3001 1331 3070 1388 ad
3111 1335 3582 1390 conﬁrmationem
3615 1351 3710 1390 eo-

2125 1441 2270 1491 rum,
2313 1442 2434 1497 quae
2463 1442 2631 1498 supra
2673 1427 2906 1489 dixerat,
2955 1443 3263 1483 sermonem
3296 1430 3514 1498 repetit,
3558 1445 3708 1485 eam-

2125 1513 2360 1589 demque
2407 1519 2749 1588 prophetiam
2795 1519 3050 1582 resumit,
3099 1534 3164 1573 ac
3197 1519 3533 1574 vaticinatur
3587 1536 3705 1580 eos.

2125 1623 2235 1662 non
2265 1605 2334 1663 de
2371 1607 2553 1663 medio
2593 1608 2876 1663 hominum
2910 1609 3203 1672 tollendos,
3233 1623 3411 1678 neque
3456 1607 3712 1663 occiden—

2126 1693 2227 1753 dos
2249 1739 2264 1760 ,
2301 1698 2396 1753 sed
2430 1713 2774 1763 reversuros,
2807 1699 2858 1753 id
2893 1707 2979 1754 est
3029 1698 3099 1753 ad
3140 1715 3362 1756 sensum
3393 1696 3612 1755 tandem
3655 1708 3711 1756 et
3809 1691 3815 1696 ’

2125 1805 2353 1861 vespere
2411 1790 2710 1846 redituros.
2760 1790 2829 1844 Et
2870 1791 3066 1862 famem
3118 1793 3390 1861 patientur
3431 1803 3488 1846 ut
3528 1793 3710 1858 canis;

432 1884 610 1950 τοὺς.
653 1884 889 1955 μήποτε
927 1881 1325 1938 ἐπιλάθωνται
1368 1879 1475 1935 τοῦ
1523 1878 1682 1935 λαοῦ
1727 1897 1848 1949 μου
1869 1895 1884 1909 ⁸
1930 1879 2026 1933 καὶ

2131 1882 2264 1950 sive,
2298 1881 2599 1938 secundum
2630 1883 2908 1955 Aquilam,
2938 1881 3405 1940 tumultuabuutur
3435 1895 3494 1940 ut
3528 1885 3711 1951 canis;

432 1978 664 2032 ἐνταῦθα
683 1995 697 2008 ·
727 1975 840 2031 Καὶ
872 1975 1224 2046 γνώσονται,
1262 1974 1351 2029 ὅτι
1390 1971 1663 2034 δεσπόζει
1690 1968 1809 2026 τῶν
1836 1967 2018 2041 περά-

2131 1981 2240 2038 aut,
2275 1975 2579 2030 secundum
2615 1973 3031 2048 Symmachum,
3059 1976 3414 2032 turbabuntur
3441 1988 3499 2032 ut
3531 1995 3710 2044 canes,

432 2088 552 2125 των
579 2068 690 2138 τῆς
717 2068 832 2139 τῆς
865 2072 899 2124 ό
931 2068 1076 2134 Θεὸς
1112 2067 1330 2122 Ἰακώϐ.
1387 2062 1893 2135 Ἐπιστρέψουσιν
1929 2063 2016 2130 είς

2131 2072 2169 2118 ιι
2214 2064 2511 2119 circuibunt
2560 2067 2856 2122 civitatem.
2899 2065 3027 2124 Haec
3064 2083 3232 2140 porro
3284 2071 3540 2140 superius
3573 2087 3712 2141 quo-

431 2162 700 2231 ἑσπέραν
730 2161 828 2215 καὶ
881 2159 1254 2231 λιμώξουσιν
1293 2159 1375 2225 ὠς
1411 2156 1602 2220 κύων,
1652 2155 1751 2210 καὶ
1791 2149 2019 2210 κυκλώ-

2131 2173 2229 2227 que
2283 2157 2801 2228 praenuntiabantur
2833 2177 2845 2214 :
2884 2159 2978 2215 se'd
3012 2161 3085 2215 ibi
3124 2171 3315 2230 postea
3370 2179 3538 2220 causa
3580 2165 3714 2220 sub-

429 2271 615 2309 σουσι
643 2253 845 2307 πόλιν.
879 2253 972 2317 Είς
1005 2252 1294 2324 βεϐαίωσιν
1320 2251 1427 2305 τῶν
1455 2248 1856 2322 προλεχθέντων
1893 2248 2018 2303 δευ-

2131 2251 2368 2321 iungitur
2416 2251 2502 2307 his
2551 2250 2770 2307 verbis:
2814 2249 2947 2308 Ecce
2975 2253 3254 2324 loquentur
3297 2255 3351 2309 in
3384 2271 3475 2311 ore
3502 2274 3621 2322 suo,
3661 2267 3713 2312 et

431 2349 579 2420 τεροϊ
608 2346 701 2400 τὸν
733 2345 914 2414 λόγον,
949 2343 1306 2398 ἐπαναλαϐὼν
1331 2344 1431 2416 τὴν
1459 2344 1630 2416 αὐτὴν
1657 2342 2016 2415 προφητείαν,

2131 2343 2328 2414 gladius
2362 2344 2416 2397 in
2442 2343 2596 2397 labiis
2621 2361 2822 2410 eorum,
2855 2355 2906 2398 et
2969 2356 3179 2416 propter
3200 2347 3447 2402 delictum
3480 2350 3589 2404 oris
3619 2367 3713 2405 εον

424 2438 682 2504 Ὀεσπίζει
726 2457 807 2502 τε,
844 2440 925 2492 ὅτι
975 2439 1076 2492 οὐκ
1115 2437 1579 2508 άφανισθήσονται
1627 2436 1686 2504 ἐξ
1716 2435 2021 2508 ἀνθρώπων

2131 2451 2260 2498 rum,
2297 2445 2346 2489 et
2375 2452 2664 2490 sermonem
2689 2437 2951 2492 labiorum
2986 2441 3263 2508 ipsorum;
3294 2441 3384 2496 hic
3423 2458 3554 2498 vero
3584 2451 3707 2512 post

426 2531 556 2585 οὐδὲ
584 2529 1092 2602 ἀποκτανθήσονται
1110 2570 1124 2593 ,
1160 2527 1547 2600 ἐπιστρέφουσι
1598 2527 1655 2581 δὲ
1675 2569 1690 2593 ,
1719 2527 2018 2593 τουτέστιν,

2131 2527 2279 2592 illud,
2312 2538 2676 2584 convertentur
2708 2529 2777 2584 ad
2819 2547 3111 2600 vesperam,
3144 2540 3194 2588 et
3219 2532 3414 2600 famem
3440 2535 3713 2602 patientur

432 2623 516 2686 είς
556 2620 908 2691 συναίσθησιν
949 2619 1258 2672 ἐλεύσονται
1301 2618 1398 2689 ὀψέ
1433 2636 1564 2671 ποτε
1598 2619 1690 2671 καὶ
1739 2617 1978 2689 ἑσπέραν
2004 2632 2018 2648 ·

2131 2631 2181 2674 ιιι
2213 2623 2381 2685 canis,
2414 2630 2462 2676 et
2501 2622 2796 2676 circuibunt
2827 2624 3114 2688 civitatem,
3149 2624 3429 2694 adjicitur,
3468 2626 3571 2695 ipsi
3598 2627 3714 2680 dis-

427 2710 776 2781 Λιμώξουσί
825 2727 890 2764 τε
937 2711 1018 2775 ὡς
1068 2709 1260 2763 κύωνσ
1313 2707 1372 2779 ἢ,
1407 2707 1549 2760 κατὰ
1608 2705 1700 2759 τὸν
1755 2704 2019 2770 Ἀκύλαν,

2131 2723 2400 2783 pergentur
2448 2711 2517 2766 ad
2568 2711 2997 2767 manducandum
3048 2730 3067 2768 :
3108 2715 3156 2768 si
3201 2731 3321 2770 vero
3369 2732 3472 2770 non
3515 2717 3714 2786 fuerint

445 2799 850 2871 Ὀχλάσουσιν
897 2801 977 2866 ὡς
1025 2799 1211 2853 κύων·
1255 2797 1314 2868 ἢ,
1355 2796 1497 2851 κατὰ
1543 2796 1634 2849 τὸν
1689 2795 2020 2865 Σύμμαχον,

2131 2805 2381 2868 saturati,
2413 2816 2461 2859 et
2487 2805 2916 2860 murmurabunt.
2946 2805 3051 2859 Pro
3080 2823 3190 2877 quo
3221 2805 3584 2879 Symmachus
3606 2809 3712 2864 hac

431 2889 960 2960 ’Θορυόηθήσονται
1001 2892 1081 2957 ὡς
1119 2891 1323 2957 κύνες,
1353 2889 1452 2942 καὶ
1500 2884 2025 2956 περικυκλώσουσι

2131 2897 2339 2952 ratione
2361 2898 2750 2968 interpretatus
2770 2909 2855 2954 est
2882 2919 2894 2953 :
2926 2899 3286 2968 Deflectantur
3305 2901 3358 2954 in
3380 2901 3485 2964 die,
3519 2902 3712 2955 tumul—

426 2982 635 3035 πόλιν.
661 2979 850 3034 Ταῦτα
879 2979 935 3033 δὲ
962 2981 1054 3033 καὶ
1087 2980 1176 3034 διὰ
1203 2980 1311 3033 τῶν
1335 2977 1645 3051 ἔμπροσθεν
1679 2973 2022 3040 ἐθεσπίζετο·

2131 2995 2344 3042 tuentur
2376 2999 2433 3041 ut
2467 3005 2622 3045 canes
2664 2990 3049 3045 circumeuntes
3099 2993 3364 3045 civitatem
3389 2991 3709 3062 uagabundi,

433 3074 548 3127 ἀλλ’
581 3075 698 3127 ἐκεῖ
739 3073 838 3142 μὲν
885 3073 1180 3144 ἀνεφέρετο
1208 3073 1336 3144 ἐξῆς
1365 3073 1400 3144 ἡ
1447 3070 1598 3125 αίτία
1640 3071 1700 3124 ἐν
1731 3070 1828 3141 τῷ,
1880 3069 2027 3126 Ἰδοὺ

2131 3096 2194 3133 ne
2238 3079 2486 3134 insatiati
2534 3089 2859 3149 pernoctant.
2898 3080 3141 3152 Dispersi
3192 3082 3377 3153 itaque
3423 3083 3480 3138 in
3520 3098 3717 3139 omnes

434 3164 915 3236 ἆποφθέγξονται
942 3163 1022 3230 τῷ
1058 3166 1309 3234 στόματι
1351 3162 1550 3217 αὐτῶν
1573 3202 1587 3227 ,
1625 3162 1722 3217 καί
1760 3163 2029 3232 ῥομφαία

2134 3179 2348 3242 gentes,
2396 3173 2572 3227 instar
2608 3188 2810 3228 canum
2865 3173 3244 3228 famelicorum
3297 3190 3478 3230 escam
3516 3177 3716 3246 quaeri-

427 3257 505 3311 ἐν
525 3257 648 3324 τοῖς
673 3258 944 3327 χείλεσιν
972 3255 1171 3312 αὐτῶν
1190 3298 1204 3322 ,
1236 3256 1334 3310 καὶ
1365 3255 1438 3309 δι’
1475 3257 1770 3326 ἁμαρτίαν
1804 3256 2025 3325 στόμα-

2131 3272 2246 3318 tant
2282 3283 2295 3319 :
2333 3279 2398 3319 ac
2447 3280 2557 3319 non
2601 3275 2818 3336 reperto
2867 3265 3179 3320 rationabili
3231 3265 3378 3328 cibo.
3425 3245 3708 3322 deﬁciunt.

434 3367 540 3418 τος
583 3349 805 3414 αὐτῶν,
853 3350 952 3403 καὶ
991 3350 1180 3419 λόγον
1223 3347 1475 3419 χειλέων
1518 3349 1749 3402 αὐτῶν·
1789 3346 2024 3402 ἐνταῦθα

2131 3353 2287 3420 Quod
2319 3356 2365 3408 si
2407 3354 2629 3424 quando
2668 3371 2734 3411 ex
2777 3355 2923 3409 nuda
2951 3355 3260 3410 divinarum
3303 3353 3717 3427 Scripturarum

434 3441 494 3496 δὲ
547 3442 684 3514 μετὰ
725 3443 823 3508 τὸ,
885 3441 1398 3512 Ἐπιστρέψουσιν
1441 3443 1530 3508 είς
1577 3440 1876 3510 ἑσπέραν,
1923 3441 2022 3495 καὶ

2131 3445 2364 3501 lectione
2394 3447 2576 3502 cibum
2607 3447 2862 3517 capiant;
2891 3453 3128 3500 attamen
3161 3460 3339 3516 neque
3368 3445 3581 3499 ﬁrmum
3619 3462 3716 3503 ne-

429 3535 810 3607 λιμώξουσιν
853 3535 935 3602 ὡς
977 3536 1173 3600 κύων,
1211 3535 1311 3588 καί
1365 3535 1755 3590 κυκλώσουσι
1804 3536 2022 3598 πόλιν,

2131 3553 2239 3608 que
2259 3537 2533 3593 vivilicum
2558 3553 2757 3609 panem
2781 3537 3158 3610 degustantes,
3191 3538 3432 3594 insatiati
3455 3546 3714 3593 manent:

432 3629 798 3702 ὲπενήνεκται
819 3647 834 3662 ·
865 3629 1047 3684 Αὐτοὶ
1077 3627 1734 3697 διασκορπισθήσονται
1766 3625 1874 3680 τοῦ
1910 3643 2026 3695 φα-

435 3719 592 3790 τεῒνο
621 3721 730 3775 ἐὰν
773 3720 842 3774 δὲ
881 3719 969 3791 μὴ
1017 3721 1401 3790 χορτασθῶσι
1454 3720 1554 3775 καὶ
1596 3720 2020 3792 γογτύσουσιν.

447 3811 590 3866 Ἀνθ⁹
617 3805 679 3866 οὗ
704 3814 734 3866 6
772 3813 1069 3886 Σύμμαχος
1097 3813 1284 3882 τοῦτον
1311 3813 1627 3886 ἡρμήνευσε
1666 3812 1758 3868 τὸν
1785 3812 1986 3885 τρόπον
2005 3829 2020 3844 ·

2130 3645 2241 3685 non
2297 3630 2528 3686 saturati
2587 3645 2762 3696 vero,
2807 3637 3198 3696 murmurant,
3251 3629 3716 3701 quemadmodum

2129 3722 2259 3778 olim
2315 3723 2370 3778 in
2425 3721 2646 3778 deserto
2704 3729 3146 3777 murmurarunt.
3193 3720 3332 3776 Nam
3381 3721 3437 3778 id
3476 3721 3613 3794 ipsis
3657 3721 3713 3776 in

2127 3830 2280 3871 more
2311 3815 2430 3870 fuit.
2462 3813 2646 3882 Quare
2673 3814 2754 3872 sic
2776 3830 2878 3872 nos
2902 3814 3201 3886 Apostolus
3234 3814 3533 3887 alloquitur
3558 3833 3572 3872 τ
3601 3813 3718 3870 Ne-

449 3903 1017 3976 Ἀνακαμπτέτωσαν
1053 3909 1141 3974 εἷς
1186 3904 1436 3977 ἡμέραν,
1476 3905 1914 3974 θορυὸείτωσαν
1941 3904 2024 3971 ὡς

2131 3922 2222 3978 que
2253 3906 2732 3970 murmuraoeritis,
2766 3907 2903 3961 sicut
2935 3904 3158 3978 quidam
3184 3922 3366 3962 eorum
3410 3923 3718 3962 murmura-

435 3997 619 4066 κύνες
637 4038 652 4063 ,
681 4002 1127 4071 περιερχόμενοι
1161 4000 1343 4054 πόλιν
1369 3999 1724 4068 ῥεμϐόμενοι
1742 4039 1759 4063 ,
1801 3998 1902 4052 ἵνα
1927 3996 2016 4067 μὴ

2131 4005 2326 4061 verunt,
2357 4005 2406 4052 et
2438 4014 2471 4052 a
2506 3997 2828 4066 serpentibus
2859 3998 3127 4068 perierunt
3146 3997 3211 4054 ⁸³.

433 4090 796 4163 ἀκόρταστοι
857 4091 1218 4148 αὑλισθῶσι.
1287 4092 1814 4165 Διασκορπισθέντες
1851 4091 1984 4162 γοῦν
2011 4093 2092 4157 είς
2129 4091 2309 4146 πάντα
2343 4092 2412 4146 τὰ
2458 4091 2590 4167 ἔθνη
2631 4093 2790 4167 δίκην
2843 4093 3021 4148 κυνῶν
3071 4090 3448 4166 λιμωττόντων
3492 4093 3718 4167 ζητοῦσι

433 4181 530 4238 τοῦ
585 4185 819 4255 φαγεῖν·
882 4184 957 4256 μὴ
1005 4184 1350 4258 εὑρίσκοντες
1404 4185 1461 4239 δὲ
1510 4185 1718 4258 τροφὴν
1759 4186 2022 4259 λογικὴν,
2081 4185 2447 4242 ἐκλείπουσιν.
2489 4187 2555 4241 Et
2598 4186 2656 4241 δὲ
2703 4186 2796 4242 καί
2835 4203 2966 4242 ποτε
3023 4187 3134 4242 ἀπὸ
3173 4187 3333 4260 ψιλῆς
3375 4187 3485 4244 τῶν
3557 4188 3719 4243 θείων

434 4279 670 4353 Γραφῶν
721 4278 1083 4350 ἀναγνώσεως
1134 4279 1495 4352 μεταλάϐοιεν
1575 4281 1820 4355 τροφῆς,
1888 4282 2040 4354 ὅμως
2063 4320 2080 4347 ,
2141 4281 2354 4346 οὐδενὸς
2410 4281 2640 4356 στερῤοὖ
2714 4282 3221 4354 μεταλαμϐάνοντες
3273 4281 3397 4337 οὔτε
3451 4283 3718 4350 ζωοποιοῢ

434 4368 602 4442 ἄρτου
650 4369 1080 4444 ἀπογευόμενοι,
1135 4373 1463 4445 ἀχόρταστοι
1532 4372 1884 4446 διαμένουσιο
1952 4374 2028 4447 μὴ
2068 4372 2463 4447 χορταζόμενοι
2513 4374 2602 4440 δὲ,
2639 4374 3177 4445 καταγογγύζουσιν,
3223 4374 3413 4447 ὥσπερ
3451 4373 3544 4430 οὖν
3585 4393 3719 4430 κατ-

438 4465 746 4535 εγόγγυσάν
778 4485 911 4522 ποτε
979 4469 1072 4522 ἐπὶ
1106 4468 1207 4540 τῆς
1235 4471 1466 4541 ἐρήμου.
1497 4469 1668 4523 Τοῦτο
1706 4470 1815 4541 γὰρ
1846 4470 2029 4535 αὐτοῖς
2067 4473 2241 4524 ποιεῖν
2270 4470 2520 4541 σύνηθες.
2548 4469 2640 4524 Διὸ
2667 4469 2802 4542 πρὸς
2867 4471 3014 4542 ἡμᾶς
3047 4486 3209 4541 φησιν
3249 4470 3278 4524 6
3356 4469 3674 4535 ’Δπόστολος
3697 4498 3713 4513 ο

435 4555 609 4626 Μηδὲ
639 4556 978 4629 γογγύζητε,
1019 4559 1216 4628 καθὼς
1247 4559 1409 4627 τινὲς
1437 4559 1637 4615 αὐτῶν
1661 4558 2024 4632 ἐγόγγυσαν,
2065 4562 2164 4616 καὶ
2198 4559 2511 4616 ἀπώλοντο
2550 4559 2669 4615 ὑπὸ
2697 4558 2816 4614 τῶν
2845 4560 3062 4630 ὄφεων.

521 4651 672 4722 Ἐγὼ
702 4651 772 4706 δὲ
807 4652 1030 4724 ᾄσομαι
1061 4652 1178 4723 τὴν
1217 4653 1476 4725 δύναμιν
1505 4669 1653 4718 σου,
1703 4653 1804 4708 καὶ
1847 4654 2032 4724 ἀγαλ-

2208 4651 2375 4708 Vsus.
2425 4653 2513 4718 17,
2566 4651 2653 4708 48.
2696 4651 2809 4724 Ego
2861 4664 3042 4709 autem
3084 4651 3308 4708 cantabo
3350 4653 3718 4722 fortitudinem

438 4741 728 4813 λιὰσομαι
771 4744 853 4812 τῷ
894 4745 1042 4814 πρωὶ
1079 4745 1144 4800 τὸ
1188 4746 1361 4812 ἔλεός
1407 4762 1523 4800 σου
1543 4760 1557 4775 ⁸
1606 4745 1698 4799 ὅτι
1741 4744 2032 4816 ἐγενήθης

438 4834 821 4906 ἀντιλήπτωρ
866 4854 988 4906 μου
1030 4837 1129 4890 καὶ
1183 4835 1500 4908 καταφυγή
1544 4854 1665 4907 μου
1722 4837 1794 4891 ἐν
1838 4836 2031 4906 ἡμέρᾳ

440 4927 704 4997 ἃλίψεώς
726 4947 864 4995 μου.
911 4929 1140 4997 Βοηθός
1183 4948 1324 5000 μου,
1357 4929 1454 4984 σοὶ
1504 4927 1683 4998 ψαλῶ
1708 4969 1723 4994 ,
1766 4929 1856 4983 ὅτι
1886 4929 2032 4996 Θεὸς

439 5021 821 5090 ἀντιλιξπτωρ
869 5040 992 5092 μου
1036 5019 1108 5088 εἷ,
1144 5026 1177 5078 ό
1213 5023 1356 5089 Θεός
1391 5041 1512 5093 μου
1551 5021 1619 5076 τὸ
1665 5021 1834 5088 ἔλεός
1886 5039 2027 5092 μου.

441 5111 631 5169 Ταῦτα
661 5113 761 5184 μὲν
791 5110 885 5169 οὖν
912 5115 960 5168 οἱ
1002 5116 1402 5180 ἐπαναστάντες
1439 5133 1530 5186 μοι
1566 5115 1879 5168 πείσονται“
1919 5112 2032 5183 ἐγὼ

441 5203 498 5257 ὁὶ
529 5203 629 5276 τὴν
655 5204 886 5279 δύναμίν
927 5223 1022 5260 σου
1050 5206 1143 5261 τοῦ
1183 5207 1318 5278 ἐμοῦ
1364 5206 1577 5279 Πατρὸς
1611 5206 1834 5278 ᾄσομαι.
1865 5205 2034 5274 Λέγε-

441 5311 534 5350 ται
565 5295 622 5350 δέ
653 5297 828 5353 ταῦτα
859 5299 924 5353 ἐκ
971 5298 1266 5372 προσώπου
1306 5299 1398 5353 τοῦ
1426 5300 1678 5372 Σωτῆρος
1712 5295 2034 5372 προφητικῷ

450 5387 755 5459 πνεύματι,
805 5390 882 5455 ὡς
940 5391 1034 5445 καὶ
1095 5393 1154 5445 ἐν
1198 5391 1406 5464 ἑτέροις
1456 5391 1674 5460 ἐλέγετο
1721 5390 1781 5458 ἐξ
1829 5389 2030 5444 αὑτοῦ·

458 5477 794 5549 Ἀπαγγελῶ
821 5481 888 5536 τὸ
927 5481 1120 5552 ὄνομά
1149 5498 1266 5537 σου
1305 5482 1429 5549 τοῖς
1470 5481 1755 5553 ἀδελφοῖς
1783 5499 1928 5552 μου,
1967 5483 2038 5536 ἐν

441 5567 613 5640 μέσῳ
643 5571 1011 5641 Ἐκκλησίας
1039 5572 1293 5643 ὑμνήσω
1324 5589 1418 5629 σε.
1457 5573 1566 5629 Καὶ
1592 5573 2036 5645 ἀγαλλιάσομιιι

447 5662 537 5750 66,
574 5665 729 5736 φησι,
763 5663 842 5732 τῷ
873 5665 1020 5735 πρωί
1051 5666 1116 5720 τὸ
1149 5666 1323 5734 ἔλεός
1341 5684 1459 5722 σου
1479 5683 1493 5697 ·
1525 5666 1664 5739 ὅπερ
1685 5665 1716 5718 6
1738 5664 2037 5738 Σύμμαχος

2138 4755 2307 4810 tuam,
2338 4753 2386 4800 et
2423 4743 2701 4800 exsultabo
2743 4762 2898 4800 mane
2935 4744 3352 4800 misericordiam
3387 4753 3553 4809 tuam,
3591 4746 3718 4816 quia

2136 4837 2311 4907 factus
2355 4851 2409 4890 es
2445 4844 2718 4904 susceptor
2748 4851 2917 4897 meus,
2952 4845 3000 4889 et
3031 4835 3291 4906 refugium
3325 4851 3498 4889 meum
3545 4835 3603 4888 in
3632 4835 3719 4890 die

2137 4927 2497 4982 tribulationis
2533 4943 2681 4982 meae.
2713 4926 2945 4996 Adjutor
2986 4943 3134 4982 meus
3164 4927 3259 4980 tibi
3299 4925 3554 4996 psallam,
3592 4928 3718 4997 quia

2137 5020 2277 5075 Deus
2321 5027 2591 5090 susceptor
2641 5036 2787 5074 meus
2833 5036 2912 5085 es,
2970 5017 3112 5074 Deus
3156 5036 3299 5073 meus
3349 5018 3719 5074 misericordia

2137 5128 2271 5166 mea.
2295 5109 2421 5166 llaec
2443 5110 2626 5182 itaque
2649 5112 2925 5181 patientur
2950 5112 3044 5182 qui
3070 5111 3491 5166 insurrexerunt
3520 5112 3574 5165 in
3612 5127 3717 5166 me.

2146 5201 2254 5274 ligo
2283 5217 2414 5257 vero
2443 5209 2591 5256 tuam
2623 5201 2804 5258 Patris
2837 5204 2944 5258 mei
2984 5201 3421 5258 misericordiam
3460 5203 3715 5256 cantabo.

2141 5293 2272 5360 Quae
2319 5294 2640 5365 prophetico
2673 5294 2873 5365 spiritu
2917 5309 2983 5348 ex
3018 5309 3250 5366 persona
3295 5294 3600 5348 Salvatoris
3639 5294 3723 5347 di-

2143 5392 2384 5452 cuntur;
2413 5392 2472 5439 ut
2511 5394 2565 5440 et
2593 5386 2721 5441 alibi
2745 5401 2812 5442 ex
2845 5385 3090 5456 ejusdem
3124 5401 3357 5456 persona
3389 5387 3715 5440 dict-batur:

2155 5477 2396 5532 Varrabo
2432 5495 2619 5532 nomen
2644 5488 2792 5532 tuum
2826 5477 3084 5544 fratribus
3131 5477 3281 5540 meis,
3327 5479 3382 5532 in
3415 5477 3583 5530 medio
3613 5474 3720 5528 Ec-

2141 5571 2313 5625 clesia:
2336 5568 2565 5624 laudabo
2607 5570 2736 5624 te”.
2781 5568 2845 5624 Et
2869 5568 3169 5635 exsultabo,
3205 5569 3405 5639 inquit,
3439 5583 3589 5622 mane
3617 5568 3717 5622 mi-

2141 5660 2487 5718 sericordiam
2523 5670 2714 5718 tuam:
2752 5661 2901 5734 quod
2930 5662 3006 5717 ita
3041 5659 3407 5734 Symmachus
3448 5660 3717 5731 interpie-

519 5844 565 5877 ⁸³
603 5843 736 5901 Gen.
771 5859 959 5914 nm,
989 5845 1079 5904 ‘28.
1155 5847 1199 5881 ἰθ
1240 5845 1260 5901 l
1291 5847 1420 5904 Cor.
1459 5863 1514 5916 κ,
1556 5845 1638 5902 10.
1716 5845 1763 5880 ⁸⁸
1800 5841 1948 5902 Psal.
1983 5855 2114 5911 xm,
2145 5836 2235 5897 23.
