4142 6388
449 408 552 467 551

1166 410 1436 467 EUSEBII
1474 406 1956 466 CESAIIIENSIS
1989 404 2142 463 OPP.
2180 403 2365 461 PARS
2396 402 2490 460 III.
2514 436 2583 445 —
2624 400 3037 497 EXEGETICA.

3631 401 3737 461 552

455 538 605 586 tatus
635 539 738 595 est,
768 542 817 584 et
845 529 1117 585 celebrabo
1146 531 1385 587 diluculo
1413 532 1833 586 misericordiam
1867 541 2035 585 tuam.

2144 530 2492 602 ἡρμήνευσε·
2550 530 2660 583 Kal
2705 528 2958 598 ὑμνήσω
2998 527 3123 581 κατ’
3174 526 3389 597 ὄρθρον
3442 526 3509 581 τὸ
3562 526 3739 594 ἔλεός

456 620 555 677 His
585 636 749 691 porro
787 622 996 676 cultum
1043 623 1099 677 in
1146 622 1393 679 Ecclesia
1438 625 1582 694 ejus,
1630 624 1912 680 Dominica
1947 625 2035 680 die

453 728 553 785 per
584 720 760 767 totum
811 714 999 769 orbem
1033 714 1280 771 diluculo
1315 717 1585 772 celebrari
1628 719 1874 781 solitum,
1911 734 2036 788 pro-

453 804 669 874 phetico
698 804 923 860 iudicat.
958 804 1093 859 Nam
1130 821 1253 860 cum
1289 808 1513 873 dicitur,
1546 810 1599 862 in
1644 810 1815 863 medio
1849 808 2034 862 Eccle-

456 895 551 947 δὶα»
575 894 806 948 laudabo
847 905 913 958 te,
946 896 1099 951 locus
1129 897 1472 968 signiﬁcatur
1506 901 1559 954 in
1591 916 1700 970 quo
1730 916 1790 955 se
1821 899 2035 955 Patrem

461 984 866 1039 celebraturum
892 987 1147 1042 Christus
1176 990 1569 1058 pollicebatur;
1595 991 1681 1047 his
1708 1000 1888 1045 autem
1919 1008 2037 1047 ver-

456 1075 564 1140 bis,
592 1085 642 1131 et
680 1079 951 1133 celebrabo
980 1080 1216 1135 diluculo
1248 1083 1669 1137 misericordiam
1702 1094 1868 1146 tuam,
1896 1092 2037 1138 tem-

455 1180 560 1239 pus
616 1170 929 1226 declaratur
968 1190 1079 1243 quo
1127 1183 1409 1244 paternam
1461 1177 1895 1231 misericordiam
1942 1193 2038 1246 per

453 1275 646 1316 omnes
676 1273 866 1332 gentes
917 1265 1143 1321 ell'usam
1192 1265 1517 1338 Uuigenitus
1550 1268 1671 1337 ejus
1724 1286 1821 1339 per
1864 1286 2038 1340 popu-

453 1353 567 1408 lum
600 1372 783 1420 suum,
817 1359 885 1412 de
919 1360 1009 1412 illa
1045 1360 1288 1430 gaudens
1315 1362 1730 1433 exsultansque,
1768 1362 2032 1417 celebrat.

455 1445 521 1500 Et
557 1447 692 1514 haec,
726 1451 925 1521 inquit,
957 1452 1140 1506 omnia
1176 1455 1401 1508 reddam
1439 1456 1538 1509 tibi
1570 1457 1731 1526 :quia
1770 1455 1944 1524 factus
1983 1472 2036 1509 es

454 1551 728 1608 susceptor
750 1557 894 1595 meus
925 1551 973 1595 et
1005 1544 1269 1614 refugium
1307 1562 1479 1599 meum
1523 1548 1575 1600 in
1626 1546 1711 1600 die
1734 1546 2037 1600 tribulatio—

456 1631 540 1684 ul:
574 1648 718 1685 mea.
756 1630 855 1687 His
882 1634 1081 1704 quippe
1104 1636 1363 1691 omnibus
1387 1652 1415 1690 a
1446 1635 1609 1693 Patre
1634 1638 1920 1693 beneﬁciis
1948 1654 2038 1692 or-

455 1730 638 1783 natus,
668 1722 790 1791 jure
821 1725 1109 1779 celebrabo
1148 1727 1586 1783 misericordiam
1621 1738 1790 1796 tuam,
1829 1744 2039 1801 egoque

454 1812 575 1882 ipse
623 1814 718 1868 tibi
772 1816 1026 1885 psallam,
1076 1820 1200 1887 quia
1234 1820 1408 1881 [actus
1460 1838 1513 1874 es
1554 1833 1825 1889 susceptor
1870 1806 2047 1883 meus,-

2143 637 2284 677 σου.
2317 621 2583 702 Σημαίνει
2613 620 2670 674 δέ
2703 619 2792 675 διὰ
2837 620 3029 675 τούτου
3079 618 3436 691 προφητικῶς
3474 620 3575 692 τὴν
3613 621 3736 674 κατ’

2143 712 2337 785 ὄρθρον
2352 714 2446 766 καὶ
2467 712 2587 766 καθ’
2609 712 2843 783 ἐκάστην
2865 711 3079 783 πρωίαν
3089 711 3189 781 τῆς
3204 710 3576 780 ἀναστασίμου
3598 709 3737 780 ἠμέ-

2146 823 2247 877 ρας
2276 804 2397 858 καθ’
2430 804 2557 875 ὅλης
2572 804 2671 876 τῆς
2703 804 3025 875 οἰκουμένης
3057 804 3115 856 ἐν
3140 805 3204 875 τῇ
3239 801 3534 872 Ἐκκλησία
3572 800 3735 854 αὑτοῦ

2146 896 2570 969 συντελουμένην
2596 896 2867 970 λατρείαν.
2884 894 2972 949 Ἐν
2996 895 3095 966 μὲν
3122 895 3231 967 γὰρ
3257 894 3333 965 τῷ
3354 892 3625 963 λέγεσθαι,
3641 893 3739 946 Ἐν

2139 990 2309 1062 μέσῳ
2362 988 2722 1057 Ἐκκλησίας
2767 987 3019 1057 ὑμνήσω
3059 1004 3164 1053 σε,
3201 988 3229 1039 6
3275 987 3439 1050 τόπος
3484 985 3738 1057 ἐδηλοῦτο

2146 1081 2269 1137 καθ’
2298 1082 2357 1136 ὃν
2379 1083 2642 1153 ὑμνήσειν
2665 1081 2757 1134 τὸν
2788 1080 3007 1151 Πατέρα
3032 1080 3060 1132 6
3080 1078 3315 1150 Χριστὸς
3338 1078 3731 1148 ἐπηγγέλλετο·

2145 1176 2202 1227 ἐν
2227 1174 2283 1227 δέ
2323 1172 2422 1244 τῷ,
2451 1173 2560 1226 Καὶ
2590 1172 2846 1241 ὑμνήσω
2887 1171 3013 1242 κατ’
3043 1170 3258 1239 ὄρθρον
3282 1169 3349 1223 τὸ
3389 1168 3563 1235 ἔλεός
3595 1186 3733 1233 σου,

2146 1269 2174 1321 6
2196 1266 2386 1338 χρόνος
2415 1262 2765 1336 παρίσταται,
2787 1267 2843 1318 ἐν
2868 1258 2911 1333 ᾧ
2938 1264 2998 1317 τὸ
3023 1263 3170 1327 ἔλεος
3197 1263 3259 1316 τὸ
3284 1263 3548 1334 πατρικὸν
3573 1263 3632 1317 τὸ
3657 1265 3735 1328 είς

2147 1360 2322 1414 πάντα
2347 1358 2506 1428 χυθὲν
2533 1356 2602 1411 τὰ
2632 1357 2758 1428 ἔθνη
2780 1361 2808 1410 6
2828 1356 3139 1427 Μονογενὴς
3174 1354 3339 1409 αὐτοῦ
3367 1354 3454 1409 διὰ
3482 1355 3572 1409 τοῦ
3605 1356 3734 1409 ίδίου

2145 1449 2275 1502 λαοῦ
2302 1450 2463 1519 ὑμνεῖ
2487 1447 2691 1519 χαίρων
2724 1448 2818 1500 καὶ
2850 1444 3256 1518 ἀγαλλιώμενος
3286 1447 3379 1499 ἐπὶ
3408 1446 3601 1517 τούτῳ.
3626 1448 3737 1500 Kal.

2144 1542 2320 1596 ταῦτα
2356 1542 2415 1595 δέ
2448 1541 2626 1595 πάντα
2659 1539 2924 1594 ἀποδώσω
2955 1558 3058 1605 σοι,
3096 1540 3289 1610 φησίν·
3323 1540 3413 1593 ὅτι
3447 1539 3737 1611 emolliri;-

2145 1630 2525 1700 ἀντιλήπτωρ
2544 1650 2664 1701 μου
2693 1630 2793 1685 καὶ
2824 1629 3137 1700 καταφυγή
3157 1649 3277 1700 μου
3301 1630 3371 1683 ἐν
3396 1629 3585 1699 ἡμέρᾳ
3612 1630 3738 1683 θλί-

2146 1725 2306 1795 ψεὼς
2329 1743 2467 1795 μου.
2506 1722 2723 1778 Τούτων
2752 1722 2861 1795 γὰρ
2900 1723 3154 1776 ἁπάντων
3189 1723 3340 1790 παρὰ
3382 1720 3477 1774 τοῦ
3525 1712 3737 1793 Πατρὸς

2146 1817 2345 1889 τυχὼν,
2383 1816 2607 1880 εἰκότως
2649 1816 2769 1870 κατ’
2805 1816 3001 1888 δρθρον
3043 1815 3271 1886 ὑμνήσω
3308 1814 3398 1866 τὸν
3432 1812 3583 1867 ἔλεόν
3618 1831 3735 1879 σου,

456 1902 599 1959 Deus
650 1922 794 1959 meus
848 1916 897 1959 et
948 1906 1313 1961 misericordia
1370 1927 1504 1963 mea.
1559 1910 1636 1966 Ex
1682 1911 2035 1968 inferioribus

2142 1910 2233 1963 καί
2266 1927 2349 1963 σοι
2399 1908 2557 1979 ψαλῶ
2590 1908 2751 1972 αὐτὸς
2799 1906 2940 1976 ἐγὼο
2989 1907 3076 1961 ὅτι
3122 1905 3374 1977 γέγονὰς
3416 1923 3536 1975 μου
3574 1906 3737 1959 ἀντι-

454 1996 653 2067 quippe
680 2013 840 2053 nemo
880 2000 1159 2069 porrigere
1198 2002 1331 2055 mibi
1375 2019 1595 2057 manum
1638 2013 1853 2075 poterat
1888 2025 1900 2060 :
1942 2006 2035 2062 sed

2142 1999 2414 2067 λήπτωρ,
2446 1999 2547 2053 καὶ
2581 2000 2729 2065 Θεός
2749 2016 2869 2068 μου
2897 1997 2996 2051 καί
3022 1998 3194 2063 ἔλεός
3214 2014 3351 2065 μου.
3395 1996 3582 2057 Οὐδεὶς
3627 1996 3737 2067 γὰρ

461 2101 519 2143 ιιι
551 2090 705 2143 solus
739 2087 920 2155 Pater,
958 2091 1051 2161 qui
1084 2108 1251 2163 supra
1294 2110 1380 2148 me
1424 2111 1503 2149 es.
1535 2096 1716 2161 Quare
1741 2114 1827 2151 me
1854 2100 1953 2154 abs
1987 2108 2035 2155 te

2142 2093 2249 2146 τῶν
2294 2092 2716 2163 ὑποϐεϐηκότων
2749 2087 2859 2153 οἷός
2904 2108 2963 2143 τε
2990 2086 3058 2161 ἦν
3095 2092 3220 2161 ἐμοὶ
3260 2091 3475 2161 ὀρέγειν
3506 2092 3663 2159 χεῖρα
3697 2089 3731 2159 ἢ

454 2180 688 2249 pendere
716 2179 906 2245 fateor,
934 2183 1191 2237 virtutem
1225 2185 1461 2239 cantabo
1486 2194 1656 2251 tuam,
1679 2198 1840 2258 teque
1868 2205 2035 2244 unum

2142 2185 2206 2238 σὺ
2246 2183 2405 2255 μόνος
2433 2186 2461 2237 6
2483 2184 2623 2253 ὑπὲρ
2660 2182 2727 2253 μὲ
2756 2183 2968 2254 Πατήρ.
3000 2182 3091 2234 Διὸ
3132 2181 3225 2234 καί
3258 2199 3350 2234 σου
3394 2180 3733 2252 ἀνηρτῆσθαι

454 2280 821 2339 susceptorem
857 2288 921 2327 ac
953 2274 1229 2345 refugium
1260 2277 1392 2330 mihi
1420 2279 1715 2333 ascribam.
1749 2280 1843 2335 Ila:
1872 2297 2038 2351 porro

458 2358 759 2415 Salvatoris
792 2376 956 2417 voces
1000 2362 1228 2428 fuerint,
1265 2367 1422 2437 queis
1468 2368 1727 2437 pietatem
1755 2386 1881 2442 erga
1934 2368 2037 2425 Pa-

453 2468 592 2517 trem
621 2478 781 2517 suum
811 2477 1003 2517 omnes
1032 2461 1280 2517 edoceat.

451 2711 503 2764 i.
537 2710 589 2764 2.
623 2708 691 2763 IN
732 2707 962 2773 FINEM,
1006 2708 1141 2761 PRO
1182 2707 1271 2760 IIS
1303 2706 1424 2771 QUI
1455 2703 2034 2768 IMMUTABUNTUR,

522 2779 593 2835 IN
632 2778 871 2834 TITULI
929 2776 1473 2831 INSCIiIPTIUNEM
1534 2778 1670 2831 IPSI
1710 2775 2035 2830 DAVID'IN

522 2848 953 2911 DOCTRINAM,
996 2846 1140 2901 CUM
1189 2846 1586 2903 SUCCEIVDIT
1629 2846 2035 2900 MES‘lI’OTA-

520 2920 690 2973 MIHI
735 2918 964 2973 SYRUE
1014 2918 1103 2971 ET
1149 2915 1408 2971 SYRIAM
1460 2917 1702 2981 SOBAL,
1745 2915 1831 2969 ET
1869 2916 2037 2971 CON-

526 2990 802 3045 VERSUS
839 2988 1009 3043 JOAB
1068 2985 1455 3043 PERCUSSIT
1516 2986 1794 3041 VALLEM
1854 2986 2034 3041 SALI-

520 3061 765 3116 ΝΑιιυΜ
809 3058 1167 3118 DUODECIM
1197 3058 1431 3113 MILLIA
1461 3058 1598 3113 LIX.

522 3195 694 3250 Vens.
725 3196 843 3250 5-6.
907 3214 925 3245 ι
970 3194 1149 3259 Deus,
1195 3194 1443 3265 repulisti
1476 3209 1574 3249 nos
1607 3200 1662 3248 et
1710 3192 2033 3247 destruxisti

450 3305 571 3356 nos,
605 3290 776 3345 iratus
824 3305 905 3352 es,
952 3296 1004 3344 ct
1033 3289 1291 3343 misertus
1323 3302 1384 3342 es
1411 3286 1589 3341 nobis.
1624 3306 1643 3338 ›
1682 3284 1783 3340 Hic
1817 3301 2035 3356 quoque
2064 3257 2107 3317 C

450 3402 631 3443 sermo
683 3387 735 3440 in
770 3388 915 3440 tituli
948 3386 1361 3457 inscriptionem
1412 3394 1528 3452 est,
1559 3398 1680 3455 quae
1714 3391 1894 3436 tamen
1928 3393 2036 3432 non

450 3479 641 3535 eodem
671 3496 780 3549 quo
810 3480 1021 3550 priores
1067 3489 1313 3548 tempore
1352 3478 1702 3549 pronuntiata
1752 3474 1873 3527 fuit.
1932 3470 2039 3525 IIIIB

450 3574 651 3643 quippe
680 3573 977 3644 superstite
1017 3570 1180 3625 Saule
1200 3614 1215 3636 ,
1248 3570 1482 3626 necdum
1518 3576 1780 3640 regnante
1810 3564 2034 3626 Davide,

451 3669 677 3737 prolatae
705 3674 854 3722 sunt.
891 3664 1075 3719 Prima
1105 3664 1339 3726 scilicet,
1379 3681 1397 3714 ι
1430 3678 1555 3717 cum
1585 3667 1883 3716 tenuerunt
1911 3673 2036 3711 eum

451 3759 722 3830 Allophyli
753 3759 808 3813 in
844 3757 982 3812 Gelli
1030 3758 1107 3822 ἰς
1145 3777 1162 3809 ι
1200 3755 1440 3812 secunda
1464 3796 1478 3820 ,
1533 3774 1553 3805 ι
1587 3770 1712 3809 cum
1764 3752 1977 3822 fugeret
2007 3765 2037 3803 a

451 3852 591 3907 facie
640 3850 821 3907 Saulis
871 3850 924 3904 in
971 3850 1289 3920 speluncam
1321 3849 1404 3914 ";
1443 3867 1461 3899 ι
1493 3854 1807 3917 postrema,
1863 3864 1881 3894 ‹
1913 3860 2035 3897 cum

450 3944 601 3998 misit
627 3941 758 3997 Saul
796 3949 848 3997 et
876 3942 1173 3996 custodivit
1206 3941 1426 3995 domum
1475 3939 1596 4009 ejus
1620 3978 1634 4003 ,
1674 3944 1732 3991 ut
1764 3934 2038 3990 interfice-

450 4041 533 4089 ret
559 4049 684 4089 eum
715 4034 783 4088 ”.
822 4052 839 4083 ι
875 4031 1025 4087 Hanc
1056 4040 1238 4086 autem
1271 4040 1394 4101 post
1420 4031 1600 4085 Saulis
1622 4029 1831 4085 obitum
1852 4069 1866 4092 ,
1910 4042 2034 4079 cum

446 4122 558 4191 jam
588 4138 815 4192 regnum
845 4129 1092 4185 teneret,
1134 4131 1437 4191 exactoque
1462 4120 1574 4190 jam
1608 4120 1759 4191 regni
1792 4126 2037 4188 tempore

450 4216 589 4270 bene
618 4216 1052 4279 multo,numinc
1080 4214 1293 4269 adlatus
1320 4214 1486 4268 David
1513 4214 1704 4269 edidit.
1734 4211 1888 4278 Quod
1921 4213 2037 4281 ipse

448 4308 644 4363 titulus
680 4308 884 4362 indicat
905 4308 990 4362 his
1012 4308 1232 4364 verbis:
1268 4328 1286 4360 ‹
1320 4308 1454 4362 Cum
1475 4307 1758 4363 succendit
1789 4306 2027 4375 Mesopo-

447 4400 670 4453 tamiam
704 4398 904 4471 Syria,
940 4409 994 4453 et
1026 4398 1241 4471 Syriam
1273 4399 1460 4463 Sobal,
1484 4408 1537 4454 et
1566 4415 1867 4454 conversus
1899 4398 2036 4454 Joab

449 4490 724 4559 percussit
752 4491 948 4544 vallem
974 4488 1287 4544 Salinarum
1330 4492 1616 4547 duodecim
1655 4491 1845 4544 millia.
1883 4510 1900 4543 ι
1942 4489 2031 4543 Ili-

2139 2275 2411 2346 ὁμολογῶ,
2446 2276 2541 2328 καὶ
2564 2275 2662 2346 τὴν
2692 2274 2923 2343 δύναμίν
2969 2291 3061 2327 σου
3104 2272 3330 2344 ᾄσομαι,
3361 2273 3733 2343 ἀντιλήπτορα

2142 2368 2234 2419 καὶ
2282 2368 2602 2436 καταφυγὴν
2652 2365 2891 2437 ἐμαυτοῦ
2946 2366 3006 2418 at
3064 2365 3221 2435 μόνον
3272 2365 3728 2436 ἐπιγραφόμενος.

2138 2455 2262 2512 Εἶεν
2286 2459 2329 2511 δ’
2368 2458 2434 2513 ἂν
2466 2454 2625 2513 αὗται
2656 2461 2710 2512 αἱ
2751 2460 2926 2529 φωναὶ
2958 2458 3052 2512 τοῦ
3078 2460 3349 2529 Σωτῆρος,
3391 2460 3733 2521 διδάσκοντος

2137 2550 2264 2613 τοὺς
2298 2550 2507 2614 πάντας
2532 2549 2776 2604 εὐσεϐεῖν
2804 2552 2883 2613 είς
2912 2551 3003 2603 τὸν
3038 2548 3206 2603 αὑτοῦ
3241 2549 3483 2620 Πατέρα.

2138 2708 2247 2763 ΕΙΣ
2280 2710 2367 2762 ΤΟ
2396 2710 2639 2772 ΤΕΛΟΣ,
2683 2710 2839 2764 ΤΟΙΣ
2872 2707 3567 2762 ΑΛΛΟΙΩΘΗΣΟΜΕΝΟΙΣ
3624 2707 3732 2759 ΕΙΣ

2211 2780 2759 2842 ΣΤΗΛΟΓΡΑΦΙΑΝ,
2826 2779 2921 2831 ΤΩ
2978 2779 3183 2837 ΔΑΥΙΔ,
3234 2779 3342 2831 ΕΙΣ
3402 2777 3728 2839 ΔΙΔΔΧΗΝ,

2212 2851 2438 2903 ΟΠΟΤΕ
2497 2850 2888 2904 ΕΝΕΠΥΡΙΣΕ
2967 2850 3110 2902 ΤΗΝ
3182 2847 3733 2902 ΜΕΣΟΠΟΤΑΜῙΑΝ

2208 2922 2474 2983 ΣΥΡΙΑΣ,
2499 2923 2617 2974 KAI
2655 2921 2798 2972 ΤΗΝ
2824 2919 3079 2973 ΣΥΡΙΑΝ
3105 2919 3342 2981 ΣΩΒΑΛ,
3369 2919 3489 2971 ΚΑΙ
3524 2917 3731 2970 ΑΠΕΣο

2210 2992 2441 3045 ΤΡΕΨΕ
2477 2992 2630 3043 ΙΩΑΒ
2681 2991 2801 3043 KAI
2858 2990 3172 3043 ΕΠΑΤΑΞΕ
3228 2989 3372 3042 ΤΗΝ
3421 2988 3732 3041 ΦΑΡΑΓΓΛ

2205 3061 2342 3114 ΤΩΝ
2376 3063 2557 3114 ΑΛΩΝ
2588 3061 2851 3115 ΔΩΔΕΚΑ
2886 3061 3206 3114 ΧΙΛΙΑΔΑΣ
3239 3060 3367 3113 Νθᾬ

2217 3216 2235 3247 ι
2258 3198 2314 3250 'O
2330 3196 2482 3260 Θεὸς,
2498 3196 2703 3250 ἀπώσω
2724 3198 2871 3269 ἡμᾶς
2888 3196 2980 3249 καὶ
3008 3194 3253 3259 καθεῖλες
3272 3196 3437 3267 ἡμᾶς,
3455 3193 3731 3267 ὠργίσθης

2140 3290 2231 3342 καὶ
2246 3290 2588 3361 ᾠκτείρησας
2604 3290 2770 3360 ἡμᾶς.
2787 3309 2803 3339 ι
2828 3289 2922 3352 El;
2938 3288 3339 3359 στηλογραφίαν
3364 3286 3465 3358 μέν
3494 3288 3610 3338 ἐστι
3638 3283 3732 3337 καὶ

2138 3384 2167 3437 6
2198 3383 2388 3453 παρὼν
2414 3380 2591 3449 λόγος,
2606 3381 2667 3433 οὐ
2703 3380 2809 3452 μὴν
2828 3379 2971 3433 κατὰ
3003 3380 3129 3443 τοὺς
3155 3379 3349 3441 αὐτοὺς
3364 3379 3578 3450 εἴρηται
3608 3376 3714 3450 χρό

2138 3491 2263 3537 νους
2294 3476 2415 3537 ταῖς
2446 3472 2552 3543 πρὸ
2602 3472 2792 3543 αὐτῆς.
2839 3471 3076 3525 Ἐκεῖναι
3121 3470 3219 3541 μέν
3255 3471 3362 3541 γὰρ
3413 3469 3493 3521 ἐτι
3529 3466 3730 3532 ζῶντος

2139 3562 2313 3617 Σαοὺλ
2342 3564 2437 3617 καὶ
2470 3561 2576 3635 πρὸ
2608 3560 2700 3615 τοῦ
2731 3560 3046 3631 βασιλεῦσαι
3079 3560 3170 3613 τὸν
3195 3560 3357 3613 Δαυῒδ
3390 3558 3687 3630 ἐλέχθησαν
3711 3572 3727 3588 ⁶

2138 3660 2172 3729 ὴ
2206 3658 2303 3729 μὲν
2330 3654 2545 3728 πρώτη,
2580 3675 2598 3707 ι
2631 3655 2793 3708 ὁπότε
2830 3656 3139 3727 ἐκράτησαν
3163 3653 3323 3707 αὐτὸν
3341 3656 3387 3707 οἱ
3416 3651 3728 3722 Ἀλλόφυλοι

2138 3752 2196 3803 ἐν
2221 3748 2321 3803 Γέθ
2348 3767 2361 3779 ·
2404 3767 2422 3800 ι
2462 3748 2496 3819 ἠ
2528 3747 2587 3800 δέ
2619 3746 2871 3819 δευτέρα,
2901 3764 2919 3796 ι
2960 3749 3015 3799 ἐν
3045 3746 3139 3817 τῶι
3156 3745 3573 3818 ἀποδιδράσκειν
3622 3742 3730 3796 ἀπὸ

2139 3841 2432 3914 προσώπου
2467 3841 2638 3894 Σαοὺλ
2665 3842 2745 3903 εἰς
2771 3840 2832 3892 τὸ
2858 3839 3121 3910 σπήλαιον
3152 3856 3167 3869 ⁸
3210 3857 3229 3890 ι
3270 3842 3302 3911 ή
3330 3839 3386 3891 δέ
3421 3837 3725 3903 τελευταία,

2144 3951 2162 3983 ι
2195 3932 2283 3984 ὅτε
2312 3930 2599 3985 ἀπέστειλε
2633 3931 2805 3985 Σαοὺλ
2838 3932 2931 3985 καὶ
2960 3932 3189 4000 ἐφύλαξε
3224 3932 3316 3985 τὸν
3349 3928 3498 3985 οἶκον
3536 3929 3723 3993 αὐτοῦ,

2139 4025 2230 4078 τοῦ
2256 4024 2564 4078 θανατῶσαι
2595 4024 2773 4077 αὐτόν.
2812 4043 2831 4074 ι
2863 4024 2973 4094 Τὴν
3005 4024 3059 4077 δέ
3092 4022 3231 4093 μετὰ
3261 4026 3449 4094 χεῖρας
3477 4021 3615 4093 μετὰ
3635 4022 3726 4075 τὸν

2140 4118 2368 4172 θάνατον
2398 4117 2590 4179 Σαοὺλ,
2619 4116 2717 4188 τὴν
2740 4116 2913 4187 ἀρχὴν
2942 4117 3043 4189 ἢδη
3068 4117 3167 4187 τῆς
3193 4115 3469 4187 βασιλείας
3498 4116 3723 4181 διέπων,

2141 4212 2306 4265 πολύν
2333 4229 2391 4265 τε
2413 4213 2471 4264 ἐν
2504 4212 2640 4282 αὑτῇ
2666 4211 2856 4281 χρόνον
2877 4210 3273 4281 διαγενόμενος,
3304 4212 3331 4263 6
3360 4209 3523 4263 Δαυῒδ
3539 4208 3728 4262 θεσπί-

2140 4303 2242 4369 ζει.
2280 4303 2450 4357 Τοῦτο
2472 4304 2529 4357 δὲ
2565 4304 2987 4375 ἐπισημαίνεται
3012 4304 3045 4372 ή
3079 4301 3372 4374 προγραφὴ
3402 4302 3684 4372 φάσκουσα
3708 4318 3722 4331 ⁸

2143 4416 2160 4446 ι
2209 4396 2397 4449 Ὁπότε
2435 4396 2721 4467 ἐνεπύρισε
2752 4396 2850 4466 τὴν
2876 4396 3304 4466 Μεσοποταμίαν
3347 4394 3583 4467 Συρίας,
3631 4395 3725 4448 καὶ

2134 4488 2233 4560 τὴν
2286 4488 2481 4559 Συρίαν
2511 4488 2689 4553 Σωὸᾶ,
2722 4490 2815 4542 καὶ
2848 4490 3180 4561 ἐπέστρεψεν
3232 4486 3425 4550 Ἰωὰ6,
3462 4489 3555 4540 καὶ
3588 4487 3725 4540 ἐπά-

448 4582 675 4636 ctoriam
707 4589 887 4636 autem
913 4582 1159 4638 invenies
1184 4583 1238 4637 in
1272 4582 1518 4638 secundo
1554 4582 1693 4636 libro
1722 4580 2030 4653 Regnorum

2140 4578 2261 4645 ταξε
2311 4582 2410 4652 τὴν
2454 4582 2714 4653 φάραγγα
2766 4581 2877 4634 τῶν
2923 4582 3091 4634 Ἀλῶν
3133 4579 3339 4634 δώδεκα
3390 4578 3651 4649 χιλιάδας.
3699 4597 3719 4631 ι

448 4673 531 4728 sic
575 4672 910 4743 descriptum
956 4693 969 4727 :
1030 4691 1049 4724 ι
1088 4672 1153 4727 Et
1199 4675 1471 4744 percussit
1497 4673 1669 4727 David
1698 4672 1940 4728 Adrazar
1969 4673 2031 4727 ti-

448 4763 580 4818 lium
622 4761 759 4818 Jaab
809 4779 990 4834 regem
1041 4762 1184 4818 Soba
1205 4806 1220 4830 ,
1254 4778 1377 4818 cum
1411 4763 1690 4834 profectus
1720 4772 1805 4820 est
1834 4775 1892 4818 ut
1922 4779 2032 4818 ma-

448 4869 578 4908 num
612 4854 913 4924 imponeret
947 4854 1012 4908 ad
1038 4853 1261 4908 ﬂuvium
1281 4853 1635 4924 Euphratem,
1667 4862 1721 4909 et
1750 4856 2030 4926 praeripuit

448 4946 526 5000 illi
558 4944 731 5009 David
755 4945 901 5001 mille
926 4959 1146 5009 currus,
1198 4954 1252 5000 et
1290 4954 1497 5016 septem
1531 4946 1699 5000 millia
1737 4960 2026 5016 equorum,

447 5041 504 5091 ct
532 5036 726 5107 viginti
752 5036 921 5091 millia
944 5037 1206 5107 peditum.
1244 5035 1305 5089 Et
1331 5038 1611 5091 enervavit
1640 5034 1809 5092 David
1838 5052 2028 5092 omnes

449 5140 669 5190 currus,
724 5137 779 5182 et
824 5128 1089 5182 reservati
1125 5135 1252 5183 sunt
1281 5128 1329 5182 ei
1373 5144 1438 5182 ex
1474 5128 1609 5199 ipsis
1642 5141 1861 5185 centum
1911 5144 2032 5183 cur-

449 5231 568 5273 rus.
605 5216 768 5271 Venit
792 5232 1008 5289 quoque
1025 5218 1181 5290 Syria
1211 5219 1463 5275 Damasci
1496 5222 1551 5275 in
1581 5221 1845 5275 auxilium
1864 5221 2033 5276 Adra-

450 5322 546 5363 zar
580 5309 689 5377 regi
720 5306 885 5362 Soba.
922 5307 988 5362 Et
1021 5312 1294 5379 percussit
1319 5310 1460 5383 Syro
1492 5313 1685 5385 viginti
1715 5312 1826 5368 duo
1859 5312 2027 5367 millia

450 5398 715 5453 virorum.
768 5397 834 5453 Et
875 5402 1058 5469 posuit
1088 5399 1255 5454 David
1308 5404 1620 5473 praesidium
1648 5405 1703 5458 in
1733 5403 1891 5476 Syria
1924 5403 2030 5458 Da-

453 5491 643 5544 masci.
679 5490 743 5545 Et
779 5491 953 5546 factus
984 5504 1068 5547 est
1095 5492 1267 5564 Syrus
1294 5494 1347 5547 in
1377 5510 1595 5550 servum
1632 5495 1819 5551 Davidi
1850 5495 2031 5552 ferens

455 5581 672 5633 tributa.
715 5581 1070 5653 Servavitque
1100 5583 1363 5640 Dominus
1398 5586 1566 5642 David
1597 5588 1650 5641 in
1680 5588 1936 5643 omnibus
1964 5590 2028 5643 ad

453 5687 787 5742 quacumque
816 5674 1094 5743 profectus
1122 5684 1205 5731 est
1226 5677 1289 5729 ".
1334 5698 1352 5729 ι
1399 5678 1512 5734 Sub
1546 5680 1659 5735 haec
1685 5690 1866 5734 autem
1900 5696 2025 5751 pau-

2138 4672 2334 4744 Εὖροις
2372 4672 2415 4725 δ’
2452 4672 2518 4727 ἂν
2562 4673 2659 4744 τὴν
2694 4674 2935 4744 ἱστορίαν
2965 4676 3022 4727 ἐν
3056 4675 3121 4744 τῇ
3155 4670 3383 4743 δευτέρᾳ
3414 4667 3521 4724 τῶν
3557 4671 3724 4723 Βασι-

2136 4762 2315 4826 λειῶν,
2371 4765 2430 4817 ἐν
2526 4764 2869 4837 γέγραπταιο
2914 4784 2932 4814 ‹
2982 4764 3091 4817 Kal
3134 4761 3371 4829 ἐπάταξε
3414 4758 3578 4814 Δαυῖδ
3633 4759 3723 4812 τὸν

2150 4856 2418 4929 Ἀδραζὰρ
2466 4856 2579 4911 υἱὸν
2636 4858 2785 4912 Ἰαὰό
2823 4857 3043 4929 βασιλέα
3094 4855 3295 4919 Σωόᾶ,
3353 4852 3722 4925 σωρευομένου

2137 4947 2301 5001 αὑτοῦ
2345 4950 2637 5020 ἐπιστῆσαι
2671 4950 2770 5023 τὴν
2818 4954 2977 5023 χεῖρα
3010 4950 3175 5005 αὐτοῦ
3207 4950 3301 5003 ἐπὶ
3343 4949 3436 5003 τὸν
3478 4947 3723 5018 ποταμὸν

2138 5038 2452 5112 Εὐφράτην.
2483 5043 2593 5095 Kal
2611 5044 3044 5113 προκατελάόετο
3069 5041 3230 5096 Δαυτδ
3252 5041 3361 5096 τῶν
3386 5039 3553 5096 αὐτοῦ
3575 5039 3722 5111 χίλια

2136 5129 2381 5203 ἅρματα,
2410 5131 2505 5185 καὶ
2535 5133 2677 5187 ἐπτὰ
2700 5134 2943 5204 χιλιάδας
2976 5135 3206 5199 ἱππέων,
3233 5135 3325 5188 καὶ
3356 5134 3528 5187 εἴκοσι
3556 5131 3723 5203 χιλιά-

2134 5223 2231 5288 δας
2274 5223 2483 5297 ὰνδρῶν
2531 5225 2733 5290 πεζῶν.
2760 5228 2871 5281 Kal
2904 5228 3177 5299 παρέλυσε
3224 5225 3387 5280 Δαυῖδ
3440 5225 3621 5280 πάντα
3652 5222 3720 5275 τὰ

2134 5316 2379 5388 ἅρματα,
2407 5316 2501 5370 καὶ
2536 5317 2856 5372 ὑπελείπετο
2891 5317 3040 5390 αὐτῷ
3081 5319 3139 5386 ἐξ
3182 5318 3361 5372 αὐτῶν
3398 5316 3592 5371 ἑκατὸν
3622 5314 3721 5387 ἆρ-

2140 5425 2307 5479 ματα.
2351 5410 2462 5462 Kal
2510 5410 2869 5480 παραγίνεται
2912 5409 3082 5481 Συρία
3118 5408 3408 5479 Δαμασκοῦ
3453 5405 3717 5479 βοηθῆσαι

2136 5499 2215 5571 τῷ
2250 5500 2520 5573 Ἀδραζὰρ
2555 5502 2762 5572 βασιλεῖ
2792 5502 2969 5558 Σωσᾶ.
3020 5503 3131 5556 Kal
3157 5501 3393 5569 ἐπάταξε
3435 5500 3532 5571 τῷ-
3558 5500 3718 5569 Συρῳ

2138 5591 2309 5645 εῐκοσι
2333 5591 2426 5645 δύο
2449 5592 2692 5661 χιλιάδας
2719 5592 2950 5665 ἀνδρῶν.
2988 5595 3097 5648 Kal
3142 5592 3295 5646 ἔθετο
3341 5591 3502 5646 Δαυῒδ
3545 5606 3717 5660 φρον-

2144 5683 2242 5755 ρὰν
2272 5686 2329 5739 tv
2363 5685 2532 5757 Συρίᾳ
2554 5688 2618 5756 τῇ
2650 5686 2789 5740 κατὰ
2824 5688 3133 5758 Δαμασκόν.
3171 5688 3281 5743 Kal
3314 5686 3530 5745 ἐγένετο
3568 5687 3599 5740 6
3625 5682 3697 5739 Σύ

522 5857 567 5890 ’ί
606 5854 754 5915 Psal.
788 5874 876 5927 LV,
916 5860 966 5916 ί.
1044 5867 1089 5901 ’³
1127 5865 1273 5923 Psal.
1308 5879 1391 5919 va
1416 5905 1431 5932 ,
1470 5866 1522 5920 t.
1600 5868 1646 5901 ’³
1687 5866 1833 5924 Psal.
1867 5884 2031 5932 tvm.
2067 5871 2117 5927 I.
2196 5870 2242 5906 ’⁸
2273 5870 2325 5928 .II
2356 5868 2491 5937 Reg.
2523 5887 2659 5934 vui,
2693 5871 2809 5927 3-6.
