4142 6388
418 393 527 452 555

418 600 625 672 Κύριος
666 601 758 655 τὸν
786 602 949 656 Δαυῖδ
982 605 1038 656 ἐν
1066 608 1230 659 πᾶσιν
1254 602 1335 669 οἷς
1362 608 1673 681 ἐπορεύετο.
1726 628 1743 661 ι
1779 609 2000 675 Τούτοις

416 693 544 765 ἑξῆς
603 694 743 765 μετὰ
800 695 1007 766 βραχέα
1064 698 1410 767 ἐπιλέγεται·
1461 720 1479 752 ί
1521 701 1629 754 Kal
1680 702 1999 758 ἐϐασίλευσε

414 785 577 839 Δαυῖδ
624 788 715 839 ἐπὶ
759 788 1008 861 Ἰσραήλο
1042 791 1136 844 καὶ
1163 786 1230 861 ἦν
1271 790 1435 845 Δαυῖδ
1478 793 1659 865 ποιῶν¹
1686 799 1860 867 κρῖμα
1904 799 1999 851 καὶ

412 877 761 951 δικαιοσύνην
813 882 905 935 ἐπὶ
942 881 1120 937 πάντα
1144 885 1235 937 τὸν
1276 884 1402 940 λαὸν
1453 886 1638 942 αὐτοῦ.
1690 890 1800 943 Καὶ
1838 891 1997 944 mea

413 971 526 1034 υίὸς
554 972 822 1043 Σαρουῖας
856 975 949 1027 ἐπὶ
996 976 1095 1045 τῆς
1126 978 1438 1048 στρατείας.
1480 997 1498 1029 ι
1533 981 1644 1033 Kal
1690 977 1845 1045 αὖθις
1877 982 1996 1053 μεθ’

413 1063 577 1136 ἕτερα
613 1064 864 1137 εἴρηταιο
915 1085 934 1119 ί
976 1069 1086 1122 Καὶ
1120 1070 1445 1125 ἀπέστειλαν
1488 1074 1536 1125 οί
1580 1074 1685 1127 υίοὶ
1747 1074 1993 1146 Ἀμμὼν,

411 1159 504 1212 καὶ
557 1158 931 1230 ἐμισθώσαντο
974 1161 1072 1231 τὴν
1099 1164 1296 1235 Συρίαν
1340 1163 1509 1218 Ῥοὼὸ
1538 1166 1632 1219 καὶ
1669 1166 1767 1237 τὴν
1796 1168 1996 1239 Συρίαν

412 1251 582 1305 Σοόἀλ
614 1252 786 1305 είκοσι
820 1252 1059 1323 χιλιάδας
1096 1255 1311 1319 πεζῶν,
1358 1257 1450 1310 καὶ
1481 1257 1573 1310 τὸν
1612 1257 1832 1328 βασιλέα
1878 1263 1997 1315 Μα-

410 1342 518 1413 χαά
547 1344 749 1414 χιλίους
779 1345 997 1417 ἄνδρας,
1032 1348 1126 1401 καὶ
1162 1348 1369 1402 Είστὼϐ
1406 1350 1471 1403 ιϐ’
1493 1350 1734 1422 χιλιάδας
1761 1354 1990 1425 ἀνδρῶν.

410 1439 521 1492 Kal
546 1439 747 1509 ἡκουσε
783 1440 962 1505 Δαυῒδ,
1006 1443 1099 1495 καὶ
1128 1442 1413 1497 ἀπέστειλε
1442 1443 1539 1515 τὴν
1587 1444 1835 1516 δύναμιν,
1869 1449 1995 1511 τοὺς

408 1531 682 1595 δυνατούς.
705 1533 815 1587 Kal
841 1533 1063 1603 ἐξῆλθον
1094 1535 1199 1588 υἱοὶ
1233 1534 1475 1606 ’Λμμὼν,
1501 1538 1596 1590 καὶ
1619 1537 1994 1609 παρετάξαντο

408 1624 644 1695 πόλεμον
679 1624 831 1697 παρά
861 1629 925 1697 τῇ
958 1625 1096 1698 θύρα
1125 1628 1221 1697 τῆς
1254 1628 1429 1697 πύλης
1456 1628 1656 1699 Συρίας
1692 1630 1854 1683 Σωὸᾶ
1896 1633 1991 1685 καὶ

419 1715 588 1769 Ῥοὼὸ
604 1718 697 1770 καὶ
723 1717 953 1773 Είστώϐ.
985 1720 1093 1772 Kal
1113 1715 1251 1772 εἶδεν
1293 1719 1471 1785 Ἰωάδ,
1499 1721 1583 1773 ὄτι
1606 1721 1837 1793 ἐγενήθη
1854 1722 1990 1793 πρὸς

404 1810 567 1863 αὐτὸν
591 1811 1002 1881 ἀντιπρόσωπον
1030 1810 1122 1864 τοῦ
1151 1810 1391 1882 πολέμου
1420 1812 1485 1865 ἐκ
1516 1810 1611 1866 τοῦ
1642 1812 1785 1866 κατὰ
1820 1813 1989 1885 πρόσ-

1549 403 2057 465 COMMENTARIA
2096 411 2165 467 IN
2200 409 2539 468 PSALlIOS.

421 525 515 578 ρος
546 508 624 579 τῷ
655 506 817 562 Δαυῖδ
842 512 922 574 είς
949 509 1166 574 δούλους
1193 512 1459 584 φέροντας
1490 514 1656 580 ξένια.
1694 517 1803 571 Kal
1826 517 1974 571 ἐσωσς

2102 521 2183 576 cis
2231 520 2533 592 interjectis
2570 523 2790 580 additur
2838 546 2849 581 :

3575 424 3687 481 555

2922 549 2940 580 ι
2981 527 3048 584 Et
3102 532 3353 602 regnavit
3406 532 3577 590 David
3632 536 3687 591 in

2103 607 2309 665 Israel:
2340 609 2573 667 faciebat
2599 628 2817 685 quoque
2842 614 3011 672 David
3036 618 3304 688 judicium
3335 632 3389 677 et
3413 624 3686 693 justitiam

2101 702 2251 756 omni
2274 704 2473 774 populo
2500 722 2621 761 suo.
2648 706 2786 763 Joab
2812 719 2994 765 autem
3032 711 3178 768 ﬁlius
3209 712 3418 771 Sarvize
3446 724 3566 773 erat
3594 735 3686 773 su-

2099 809 2199 864 per
2229 800 2553 853 exercitum.
2594 820 2612 853 »
2652 800 3005 875 Rursumque
3051 814 3243 876 postea
3288 808 3533 865 dicitur:
3572 829 3591 863 ι
3623 810 3687 865 Et

2099 886 2371 942 miserunt
2400 890 2494 943 filii
2519 888 2774 959 Ammon,
2800 901 2852 948 et
2884 896 3267 953 conduxerunt
3298 900 3551 958 mercede
3585 900 3683 973 Sy-

2097 974 2234 1029 riam
2270 975 2427 1031 Roob
2456 986 2511 1032 et
2542 977 2758 1051 Syriam
2791 980 2974 1047 Sobal,
3000 985 3193 1056 viginti
3223 986 3391 1040 millia
3415 986 3684 1057 peditum,

2097 1072 2151 1119 et
2205 1082 2236 1119 a
2288 1082 2415 1139 rege
2456 1068 2683 1124 Machaa
2736 1072 2884 1127 mille
2911 1073 3083 1139 viros,
3133 1084 3189 1130 et
3219 1075 3367 1132 lstob
3394 1075 3681 1131 duodecim

2096 1156 2266 1211 millia
2322 1159 2586 1216 virorum.
2642 1162 2801 1227 Quod
2836 1179 2959 1219 cum
3011 1165 3254 1223 audisset
3296 1166 3488 1232 David,
3532 1169 3682 1225 misit

2097 1250 2399 1304 exercitum
2432 1262 2484 1306 et
2514 1252 2685 1307 fortes
2712 1253 2929 1328 [viros].
2962 1255 3027 1310 Et
3054 1258 3259 1328 egressi
3283 1269 3410 1315 sunt
3436 1260 3531 1315 lilii
3558 1260 3681 1314 Am-

2094 1354 2244 1406 mon,
2296 1348 2351 1395 et
2398 1341 2719 1398 direxerunt
2754 1346 2925 1402 aciem
2961 1349 3027 1403 ad
3052 1350 3277 1419 januam
3308 1360 3477 1421 porta:
3510 1350 3680 1423 Syria:

2097 1430 2242 1486 Soba
2294 1440 2348 1486 et
2378 1432 2532 1489 Roob
2565 1444 2619 1491 et
2653 1438 2819 1495 lstob.
2891 1438 3097 1496 Videns
3138 1452 3318 1498 autem
3368 1441 3507 1499 Joab
3534 1442 3678 1514 quod

2094 1532 2240 1578 esset
2287 1524 2390 1580 sibi
2419 1527 2664 1595 prmlium
2694 1544 2759 1585 ex
2792 1528 3021 1586 adverso
3051 1542 3104 1586 et
3135 1548 3164 1587 a
3191 1540 3367 1605 tergo,
3406 1534 3571 1607 elegit
3610 1550 3679 1591 ex

2094 1616 2351 1672 omnibus
2379 1618 2677 1688 juvenibus
2732 1622 2921 1687 Israel,
2956 1632 3009 1679 et
3036 1624 3299 1681 instruxit
3334 1626 3508 1683 aciem
3541 1642 3679 1683 con-

2091 1715 2176 1762 tra
2209 1710 2423 1781 Syriam
2456 1712 2632 1775 ⁹¹‹⁹⁶,›
2671 1720 2725 1768 et
2754 1722 2970 1770 caetera.
2991 1716 3203 1784 Quibus
3227 1716 3423 1775 deinde
3449 1719 3679 1789 subjun-

2092 1801 2239 1869 gitur
2265 1820 2277 1855 :
2320 1820 2338 1853 ι
2370 1802 2437 1856 Et
2461 1803 2717 1860 viderunt
2751 1808 2895 1861 servi
2937 1807 3182 1863 Adrazar
3212 1810 3357 1880 quod
3386 1810 3679 1867 cecidisset

404 1919 552 1955 ωπον
574 1917 588 1932 °
620 1903 713 1955 καὶ
753 1901 1003 1967 ἐπέλεξεν
1034 1904 1099 1956 ἐκ
1127 1904 1343 1957 πάντων
1388 1903 1497 1958 τῶν
1530 1906 1830 1959 νεανίσκων
1884 1906 1974 1958 Ἰσ-

2086 1905 2116 1943 a
2144 1890 2281 1945 facie
2320 1892 2488 1948 Israel
2516 1934 2531 1960 ,
2564 1903 2618 1948 et
2642 1896 3059 1968 transfugerunt
3081 1900 3146 1954 ad
3170 1899 3361 1968 Israel,
3392 1909 3446 1959 et
3475 1903 3678 1957 servie-

408 1994 563 2066 ραὴλ,
591 1995 685 2049 καὶ
713 1994 1087 2065 παρετάξαντο
1113 1994 1421 2060 ἐξεναντίας
1471 1996 1671 2068 Συρίας
1688 2036 1702 2060 ,
1744 2015 1763 2048 ι
1800 1996 1893 2049 καὶ
1918 1996 1987 2050 τά

401 2086 613 2150 τούτοις
661 2086 807 2158 ἑξῆς.
848 2082 944 2150 Οἷς
988 2087 1117 2158 ἐξῆς
1158 2087 1517 2157 ἐπιφέρεται⁶
1568 2108 1586 2140 ‹
1622 2089 1734 2142 Kal
1763 2083 1903 2141 εἶδον
1936 2090 1985 2142 οἱ

400 2178 575 2233 δοῦλοι
639 2178 940 2250 Ἀδραζάρ,
975 2180 1056 2232 ὅτι
1109 2178 1365 2234 ἔπταισεν
1397 2179 1706 2251 ἔμπροσθεν
1747 2180 1983 2253 Ἰσραὴλ,

400 2271 496 2324 καί
528 2270 904 2341 ηὐτομόλησαν
942 2269 1081 2341 μετὰ
1126 2271 1363 2343 Ἰσραὴλ,
1398 2273 1493 2325 καὶ
1524 2271 1843 2326 ἐδούλευσαν
1886 2273 1985 2327 αὐ-

398 2360 530 2427 τοῖς.
573 2383 591 2414 ι
626 2363 723 2416 Διά
744 2363 949 2416 τούτων
978 2365 1010 2433 ἡ
1043 2363 1251 2434 ίστορία
1296 2364 1389 2418 καὶ
1428 2365 1524 2418 τοῦ
1569 2365 1855 2437 Εὐφράτου
1890 2367 1985 2419 καὶ

397 2454 495 2525 τῆς
514 2454 704 2508 Σωόἀλ
740 2456 836 2507 xal
868 2455 966 2525 τῆς
996 2455 1198 2525 Συρίας
1232 2455 1326 2509 καὶ
1362 2454 1457 2508 τοῦ
1504 2456 1695 2521 Ἰωάϐ,
1741 2458 1836 2510 καὶ
1874 2457 1984 2511 τῶν

402 2547 467 2600 ιδ’
516 2546 768 2617 χιλιάδων
818 2548 1215 2619 ἐμνημόνευσε,
1278 2549 1371 2602 καῖ
1423 2548 1500 2610 ὡς
1554 2548 1661 2604 τῶν
1709 2549 1982 2620 πολεμίων

394 2637 653 2691 ἀπάντων
704 2639 1046 2710 περικρατὴς
1098 2638 1321 2709 γέγονεν
1368 2640 1397 2692 ὀ
1429 2639 1623 2692 Δαυῖδ·
1668 2641 1818 2704 ὅπως
1860 2658 1921 2693 τε
1954 2643 1982 2693 ὁ

395 2729 836 2801 ἀρχιστράτηγος
892 2730 1057 2783 αὐτοῦ
1120 2730 1308 2794 Ἰωάϐ,
1363 2730 1817 2803 παραταξάμενος
1870 2736 1981 2797 τοῖς

392 2818 730 2890 ἀλλοφύλοις,
766 2821 1110 2893 ὑποχειρίους
1142 2823 1341 2887 αὐτοὺς
1386 2823 1616 2893 εἰλήφει.
1660 2823 1869 2885 Αὐτοὺς
1915 2823 1980 2895 δὴ

393 2907 487 2965 οὖν
519 2912 780 2975 ἐκείνους,
810 2912 930 2965 καθ’
952 2912 1046 2976 οὓς
1071 2913 1241 2968 ταῦτα
1273 2914 1572 2985 ἐπράττετο
1592 2954 1607 2979 ,
1653 2915 1911 2987 σημαίνει
1943 2918 1975 2987 ἡ

396 3004 534 3075 μετά
551 3008 736 3076 χεῖρας
762 3005 1157 3077 στηλογραφία.
1185 3007 1343 3061 Κατὰ
1371 3008 1427 3061 δὲ
1453 3007 1545 3061 τὸν
1587 3008 1882 3080 Σύμμαχον
1899 3008 1980 3064 ’τά

390 3098 491 3168 τῆς
522 3100 848 3171 προγραφῆς
891 3100 1062 3164 οὕτως
1090 3100 1235 3171 ἔχει·
1274 3120 1292 3152 ‹
1347 3101 1641 3155 Ἑπινίκιον
1690 3103 1831 3175 ὑπὲρ
1869 3102 1979 3157 τῶν

2089 1993 2219 2039 runt
2252 1985 2388 2055 ipsis
2413 1988 2480 2042 ’⁷.
2520 2006 2538 2040 ›
2573 1986 2669 2043 Ilis
2693 1989 2947 2051 historia,
2982 1987 3165 2055 Sobal,
3196 1990 3434 2062 Syriam,
3464 1990 3603 2047 Joab
3625 2002 3678 2047 et

2086 2075 2374 2133 duodecim
2408 2079 2581 2135 millia
2625 2090 2925 2147 memorat,
2961 2079 3259 2152 narratque
3289 2083 3547 2139 Davidem
3580 2084 3676 2139 ini-

2086 2170 2259 2225 micos
2302 2186 2494 2228 omnes
2524 2173 2862 2240 debellasse,
2913 2190 2978 2229 ac
3026 2176 3221 2231 ducem
3251 2178 3525 2233 exercitus
3551 2178 3674 2248 ejus

2084 2256 2220 2315 Joab
2248 2262 2517 2317 instructa
2553 2272 2744 2319 contra
2789 2266 3093 2338 allophylos
3124 2269 3259 2332 acie,
3306 2268 3455 2339 ipsos
3508 2271 3673 2341 capti-

2084 2367 2183 2408 vos
2215 2354 2411 2424 egisse.
2462 2355 2697 2411 Eosdem
2729 2359 2913 2430 itaque
2942 2360 3029 2415 his
3060 2362 3280 2417 attritos
3303 2361 3551 2417 cladibus
3588 2364 3675 2417 in-

2083 2444 2233 2499 dicat
2261 2462 2504 2516 praasens
2538 2449 2679 2503 tituli
2711 2450 3018 2521 inscriptio.
3075 2451 3386 2507 Secundum
3419 2452 3670 2525 Symma-

2080 2537 2246 2591 chum
2298 2549 2480 2595 autem
2532 2543 2613 2597 sic
2658 2544 2850 2599 titulus
2885 2545 3089 2602 habet:
3133 2564 3151 2596 ι
3184 2545 3537 2617 Triumphale
3573 2562 3672 2618 pro

2082 2626 2308 2685 ﬂoribus
2340 2630 2564 2687 humilis
2594 2641 2647 2687 et
2674 2634 2937 2705 inculpati
2972 2635 3211 2701 Davidis,
3241 2637 3310 2691 ad
3335 2637 3668 2704 doctrinam,

2080 2734 2206 2801 cum
2244 2722 2469 2777 incensa
2502 2722 2656 2796 Syria
2690 2724 3129 2797 Mesopotamize,
3175 2736 3229 2783 et
3279 2727 3434 2801 Syria
3479 2729 3665 2795 Sobal,

2081 2799 2336 2869 reversus
2381 2813 2520 2869 Joab
2566 2818 2844 2886 percussit
2870 2818 3039 2872 Edom
3074 2820 3127 2872 in
3165 2799 3485 2877 valleVSalis
3531 2821 3670 2875 duo-

2080 2898 2256 2957 decim
2285 2903 2477 2958 millia.
2519 2924 2537 2957 ι
2610 2905 2684 2959 Ex
2717 2908 2978 2977 temporis
3009 2924 3173 2978 porro
3207 2918 3337 2963 nota
3369 2910 3670 2980 deprehen-

2079 2991 2231 3047 ditur
2256 2992 2371 3049 haec
2392 2994 2539 3049 dicta
2574 2994 2767 3063 fuisse,
2790 3012 2915 3051 cum
2946 2996 3113 3052 David
3144 3014 3381 3069 regnans
3407 3015 3670 3070 prospere

2080 3094 2289 3157 ageret,
2325 3103 2524 3158 resque
2562 3103 2789 3160 magnas
2824 3098 3183 3161 perpetraret,
3239 3100 3365 3147 ante
3401 3091 3669 3151 Bersabee

389 3188 568 3242 ἀνθῶν
593 3188 686 3242 τοῦ
710 3191 1133 3261 ταπεινόφρονος
1156 3192 1250 3245 καὶ
1297 3190 1531 3263 ἀμώμου
1565 3192 1659 3246 τοῦ
1683 3192 1866 3257 Δαυῒδ,
1895 3196 1974 3257 είς

2082 3176 2400 3244 historiam;
2439 3194 2564 3234 cum
2599 3180 2770 3251 probe
2792 3188 2846 3235 et
2876 3198 2938 3236 ex
2977 3192 3104 3237 volo
3134 3198 3223 3237 res
3254 3184 3357 3255 ipsi
3389 3184 3666 3251 cederent,

2079 3269 2303 3295 ζ-ιηηι-..Α
2352 3269 2459 3295 Ἰὶλλ
2492 3279 2541 3295 ,ιι
2587 3273 2842 3295 Αηηικξμ---
2884 3275 3196 3295 -_A-4-L!l2-
3249 3283 3418 3295 A-__4-
3472 3276 3538 3295 ει-
3583 3293 3594 3295 -
3622 3285 3637 3295 Α

388 3278 654 3351 διαδοχὴν,
682 3280 866 3338 ὁπότε.
897 3282 1188 3352 ἐμπρήσας
1222 3281 1322 3351 τὴν
1348 3282 1547 3353 Συρίαν
1576 3283 1675 3355 τῆς
1725 3284 1975 3337 Μεσοπο-

388 3374 608 3445 ταμίας,
639 3375 731 3427 καὶ
762 3373 858 3445 τὴν
887 3374 1085 3445 Συρίαν
1108 3373 1316 3437 Σωϐἀλ,
1343 3375 1434 3429 καὶ
1463 3375 1761 3447 ἀνέστρεψε
1792 3375 1969 3441 mea,

388 3466 483 3519 καὶ
514 3463 750 3530 ἐπάταξε
804 3467 895 3519 τὸν
941 3465 1119 3527 Ἐδὼμ
1153 3468 1211 3520 ἐν
1256 3469 1322 3536 τῇ
1380 3468 1627 3538 φάραγγι
1670 3466 1765 3520 τοῦ
1819 3468 1970 3532 Ἀλδς

390 3555 456 3610 ιθ
484 3556 746 3629 χιλιάδας.
786 3577 803 3608 ι
856 3557 1017 3628 Δηλοί
1062 3558 1119 3610 δὲ
1150 3560 1178 3610 ὁ
1210 3557 1403 3628 χρόνος
1446 3557 1696 3630 εἰρῆσθαι
1732 3558 1799 3611 τὰ
1834 3576 1969 3630 προ-

386 3648 634 3719 κείμενα,
672 3652 729 3703 ἐν
756 3648 835 3719 τῷ
865 3649 1193 3720 διαπρέπειν
1220 3650 1313 3701 καὶ
1328 3648 1395 3702 τὰ
1426 3649 1639 3719 μεγάλα
1668 3650 1968 3721 κατορθοῦν

387 3740 739 3811 βασιλεύοντα
769 3741 860 3794 τὸν
890 3740 1071 3803 Δαυῖδ,
1100 3740 1207 3811 πρὸ
1240 3740 1339 3810 τῆς
1380 3741 1522 3795 κατά
1549 3740 1648 3812 τὴν
1691 3741 1968 3813 Βηθσαϐεέ

385 3834 645 3905 ἱστορίας,
675 3836 763 3889 ὅτε
792 3834 973 3898 καλῶς
1002 3834 1149 3905 αὐτῷ
1193 3834 1259 3888 τὰ
1310 3835 1613 3906 πράγματα
1657 3835 1965 3907 προύχώρει

384 3926 757 3998 εὐδοκιμοῦντι
785 3927 936 3998 παρὰ
965 3928 1045 3999 τῷ
1063 3926 1182 3998 Θεῷ
1211 3928 1306 3981 καὶ
1330 3927 1481 3998 παρὰ
1510 3930 1624 3992 τοῖς
1659 3930 1824 3981 πᾶσιν
1843 3944 1856 3956 ·
1889 3929 1965 3993 ώς

386 4016 820 4091 μαρτυρεῖσθαι,
849 4021 933 4074 ὅτι
973 4017 1041 4092 ἦν
1077 4022 1245 4076 ποιῶν
1276 4023 1447 4094 κρῖμα
1495 4022 1591 4075 καὶ
1618 4020 1965 4091 δικαιοσύνην

381 4112 440 4164 ἐν
470 4112 547 4182 τῷ
586 4112 821 4185 Ἰσραήλ.
869 4112 1029 4166 Ἀλλά
1062 4113 1172 4185 γὰρ
1205 4113 1354 4178 ἄξιον
1396 4115 1455 4166 ἐν
1493 4112 1703 4177 τούτοις
1752 4114 1962 4185 ἀπορῆ-

382 4219 493 4265 σαι,
527 4203 672 4269 πῶς,
725 4207 782 4258 ἐν
815 4206 1039 4278 τοιαύτῃ
1083 4208 1367 4277 τυγχάνων
1397 4207 1761 4271 καταστάσει,
1797 4207 1963 4279 ἀρχό-

382 4310 541 4363 μενος
568 4298 667 4365 τῆς
713 4295 1116 4366 στηλογραφίας
1154 4296 1384 4365 φάσκεν
1426 4314 1445 4347 ι
1494 4295 1551 4349 '0
1575 4295 1726 4360 Θεὸς,
1754 4294 1962 4349 ἀπώσω

378 4386 526 4455 ἡμᾶς
558 4388 651 4440 καὶ
685 4387 933 4452 καθεῖλες
974 4390 1142 4460 ἡμᾶς.
1185 4408 1203 4439 ι
1248 4389 1359 4441 Kal
1404 4388 1510 4460 μὴν
1556 4388 1793 4459 τρόπαια
1838 4389 1958 4441 κατ’

377 4474 587 4546 ἐχθρῶν
637 4478 828 4549 ἀνίστη
851 4518 866 4542 ,
911 4477 1003 4531 καὶ
1041 4479 1199 4541 νίκας
1248 4477 1390 4531 κατά
1445 4478 1718 4549 πολεμίων
1755 4478 1954 4549 ᾕρητοο

2076 3269 2306 3341 ipseque
2352 3269 2462 3325 Deo
2490 3279 2544 3326 et
2583 3273 2845 3328 omnibus
2882 3275 3199 3344 spectabilis
3242 3283 3423 3343 esset;
3472 3276 3548 3331 ita
3583 3285 3664 3345 ut,

2074 3360 2361 3432 Scriptura
2414 3372 2575 3428 teste,
2623 3364 2826 3421 faceret
2868 3368 3137 3435 judicium
3187 3379 3241 3425 et
3281 3370 3556 3441 justitiam
3607 3373 3663 3427 in

2072 3453 2262 3510 Israel.
2324 3454 2523 3511 Verum
2571 3457 2661 3513 hic
2705 3460 3063 3529 quaestionem
3108 3478 3327 3517 movere
3373 3470 3665 3518 consenta-

2069 3564 2232 3603 neum
2263 3557 2367 3614 est,
2399 3565 2500 3605 cur
2532 3551 2587 3605 in
2614 3552 2709 3605 tali
2743 3553 3060 3608 conditione
3078 3556 3383 3619 rerum,sic
3411 3556 3553 3611 tituli
3579 3557 3663 3611 ln-

2069 3641 2426 3709 scriptionem
2454 3642 2701 3698 ordiatur
2745 3660 2760 3697 :
2808 3661 2827 3696 σ
2864 3643 3025 3709 Deus,
3059 3645 3309 3716 repulisti
3352 3661 3456 3702 nos
3484 3656 3540 3702 et
3566 3646 3662 3702 de-

2068 3734 2319 3790 struxisti
2348 3750 2470 3790 nos.
2506 3754 2525 3788 ι
2563 3736 2726 3808 Atqui
2764 3744 2888 3808 post
2922 3745 3129 3809 tropaea
3155 3741 3222 3795 dc
3254 3740 3514 3797 hostibus
3540 3759 3660 3798 ere-

2067 3831 2177 3891 cta,
2215 3834 2268 3880 et
2302 3827 2592 3882 victoriam
2622 3827 2689 3883 de
2718 3829 2959 3886 inimicis
2994 3840 3230 3901 partam,
3277 3835 3521 3903 oportuit
3552 3835 3661 3890 hac

2065 3921 2134 3977 de
2164 3937 2226 3975 re
2256 3922 2609 3991 triumphalia
2645 3923 2859 3977 cantica
2890 3924 3160 3991 emittere,
3194 3924 3414 3997 Deoque
3445 3927 3501 3982 in
3533 3943 3653 3999 gra-

2067 4014 2267 4067 tiarum
2295 4014 2564 4070 actionem
2603 4015 2907 4071 immolare.
2939 4015 3009 4070 At
3039 4018 3128 4073 ille
3148 4018 3284 4072 nihil
3307 4026 3531 4089 praestat
3561 4019 3659 4075 hu-

2061 4107 2340 4177 iusmodi;
2379 4107 2490 4162 imo
2519 4123 2649 4164 vero
2695 4123 2783 4165 res
2819 4109 3079 4166 adversas
3126 4110 3376 4182 deplorat
3415 4112 3503 4169 his
3529 4130 3656 4169 ver-

2065 4199 2152 4255 bis
2180 4219 2192 4254 :
2236 4216 2256 4251 ‹
2294 4198 2458 4265 Deus,
2479 4200 2728 4271 repulisti
2760 4216 2862 4257 nos
2891 4210 2945 4257 et
2974 4202 3296 4260 destruxisti
3328 4220 3453 4270 nos,
3480 4205 3657 4260 iratus

2062 4305 2151 4357 es,
2184 4298 2239 4346 et
2264 4292 2525 4347 misertus
2556 4308 2615 4347 es
2641 4293 2824 4349 nobis.
2864 4311 2883 4344 ι
2920 4292 3027 4349 Pro
3056 4295 3151 4351 illo
3176 4305 3381 4363 autem,
3420 4317 3438 4349 ι
3466 4307 3520 4354 et
3552 4300 3655 4353 mi-

2063 4392 2246 4441 sertus
2276 4400 2337 4441 es
2374 4384 2571 4448 nobis,
2608 4405 2626 4437 ι
2663 4383 3059 4456 Symmachus,
3094 4406 3113 4437 ι
3146 4395 3201 4443 et
3234 4388 3652 4446 circumduxisti

2062 4493 2196 4541 nos,
2228 4497 2246 4532 ι
2284 4477 2679 4548 interpretatus
2724 4486 2843 4545 est,
2895 4480 3089 4550 quinta
3132 4496 3266 4536 vero
3303 4482 3506 4548 editio,
3541 4503 3560 4536 ι
3598 4493 3654 4539 et

373 4565 492 4620 δέον
513 4563 605 4621 οὖν
635 4568 729 4622 ἐπὶ
751 4570 960 4632 τούτοις
989 4568 1130 4640 ᾠδὰς
1167 4568 1465 4633 ἐπινικίους
1500 4569 1647 4640 ᾅδειν
1665 4608 1681 4633 ,
1724 4567 1871 4623 θύειν
1896 4585 1956 4621 τε

2077 4569 2543 4624 :ircumdederunt
2570 4584 2702 4637 nos;
2743 4590 2762 4621 ι
2794 4570 2991 4641 Aquila
3013 4610 3029 4633 ,
3066 4589 3084 4623 ί
3123 4571 3301 4630 iratus
3325 4578 3647 4631 convertisti

374 4660 768 4731 εὐχαριστήρια
793 4660 871 4731 τῷ
901 4661 1040 4732 Θεῷ.
1086 4662 1144 4715 Ὁ
1170 4662 1227 4716 δὲ
1253 4661 1458 4716 τούτων
1492 4661 1589 4731 μὲν
1619 4659 1770 4713 οὐδὲν
1795 4660 1962 4731 πράτα

371 4767 479 4818 τει,
520 4754 780 4808 τάναντία
827 4755 883 4807 δὲ
926 4754 1326 4827 ἀπολοφύρεται
1378 4754 1579 4822 λέγων·
1632 4772 1651 4805 ι
1703 4753 1761 4805 ’0
1789 4752 1957 4817 Θεὸς,

371 4842 580 4897 ἀπώσω
611 4845 758 4914 ἡμᾶς
790 4846 883 4898 καὶ
906 4845 1154 4908 καθεῖλες
1176 4845 1344 4916 ἡμᾶς,
1368 4842 1644 4914 ώργίσθης
1664 4881 1678 4905 ,
1720 4841 1814 4895 καὶ
1842 4840 1957 4911 ᾡκ-

372 4935 633 5008 τείρησας
665 4938 831 5009 ἡμᾶς.
893 4956 911 4988 ι
957 4937 1100 4991 Ἀντὶ
1131 4937 1187 4989 δὲ
1233 4936 1325 4989 τοῦ
1352 4976 1367 5000 ,
1427 4952 1446 4986 ι
1482 4935 1578 4989 καὶ
1612 4933 1954 5006 ᾡκτείρησας

369 5030 573 5100 ἡμᾶς.»
608 5050 626 5082 ε
652 5032 743 5084 καὶ
775 5032 1111 5102 περιήγαγες
1132 5032 1301 5100 ἡμᾶς,
1334 5049 1353 5082 ι
1387 5031 1415 5082 ὁ
1447 5028 1742 5100 Σύμμαχος
1770 5029 1953 5099 ἡρμή-

372 5138 561 5174 νευσεν
586 5138 597 5149 ·
634 5124 664 5193 ἡ
688 5122 745 5175 δέ
775 5122 997 5193 πέμπτη
1021 5122 1232 5186 ἑκδοσις
1256 5161 1270 5185 ,
1314 5140 1332 5171 σ
1385 5122 1479 5175 καὶ
1500 5118 1953 5191 περιεκύκλωσαν

373 5217 553 5288 ἡμᾶς·
582 5236 600 5268 ι
624 5217 653 5268 ὁ
673 5215 729 5268 δέ
754 5215 1001 5282 Ἀκύλας,
1028 5236 1047 5268 ‹
1077 5214 1348 5287 θυμωθεὶς
1370 5213 1742 5285 μετέστρεψας
1764 5214 1913 5285 ἡμῖν.
1931 5231 1948 5263 ι

369 5304 506 5363 Εἶτα
531 5307 774 5377 ἐπιλέγει
822 5308 974 5380 ἐξῆςο
1009 5328 1027 5361 ι
1066 5308 1313 5375 Ἔδειξας
1340 5305 1416 5376 τῷ
1446 5305 1558 5377 λαῷ
1594 5322 1688 5360 σου
1721 5303 1950 5376 σκληρά·

368 5399 627 5464 ἐπότισας
672 5402 817 5472 ἡμᾶς
855 5397 994 5455 οῐνον
1017 5398 1379 5465 κατανύξεως.
1414 5418 1432 5449 ι
1468 5396 1653 5451 Ταῦτα
1696 5396 1754 5450 δέ
1785 5398 1953 5451 ἀκατ-

370 5490 573 5561 άλληλα
598 5493 692 5546 καὶ
716 5493 1031 5563 ἀνάρμοστα
1052 5489 1201 5557 δόξαι
1226 5491 1293 5545 ἂν
1322 5485 1465 5543 εἶναι
1505 5492 1616 5553 τοῖς
1643 5489 1701 5542 ἐν
1730 5491 1796 5560 τῇ
1820 5506 1952 5560 προ-

368 5589 556 5656 γραφῇ
582 5585 947 5657 δηλουμένοις.
994 5584 1153 5638 Ἀλλά
1173 5583 1283 5655 γάρ
1303 5583 1404 5637 οὐκ
1429 5581 1685 5644 ἀσκόπως
1709 5580 1949 5654 ἠγοῦμαι

367 5676 469 5748 τὴν
497 5678 822 5751 προγραφὴν
860 5681 939 5744 είς
973 5679 1032 5732 τὸ
1069 5678 1220 5742 τέλος
1263 5678 1411 5750 ἡμᾶς
1446 5675 1831 5746 ἀναπέμπειν,
1855 5676 1950 5729 καὶ

437 5883 558 5922 ηδε
596 5882 639 5937 ιι
672 5883 805 5953 Reg.
839 5899 903 5947 ι,
937 5882 1053 5938 6-9.
1132 5884 1175 5915 ’⁷
1217 5883 1352 5938 ibid.
1387 5885 1473 5941 I9.

685 5977 954 6038 PATROL.
989 5980 1101 6039 Gn.
1146 5979 1387 6042 XXIII.

2067 4661 2249 4715 nobis.
2282 4680 2300 4713 ι
2341 4659 2539 4715 Subdit
2569 4669 2693 4731 post
2720 4661 2836 4716 haec
2866 4680 2879 4715 :
2928 4681 2947 4712 ι
2989 4661 3295 4721 Ostendisti
3328 4668 3532 4737 pepqu
3554 4678 3651 4722 tuo
3690 4688 3693 4691 λ

2065 4751 2203 4806 dura
2243 4771 2257 4807 :
2294 4753 2497 4822 potasti
2527 4767 2629 4808 nos
2655 4753 2783 4807 vino
2806 4756 3304 4824 compunctionis.»
3338 4756 3461 4811 ﬂare
3483 4774 3649 4828 porro

2062 4845 2238 4900 videri
2274 4846 2490 4915 possint
2514 4847 2841 4904 inconcinne
2873 4848 3041 4913 dicta,
3061 4865 3162 4906 nec
3191 4866 3493 4922 congruere
3520 4868 3644 4907 cum

2064 4937 2134 4993 iis
2167 4952 2291 5007 quae
2318 4936 2373 4992 in
2397 4938 2559 4993 titulo
2588 4946 2868 4993 notantur.
2907 4941 3011 4995 Sed
3042 4943 3255 4997 aestimo
3286 4943 3500 4997 titulum
3535 4960 3644 4998 non

2063 5029 2182 5085 sine
2212 5029 2415 5099 praevio
2443 5044 2610 5099 scopo
2644 5045 2748 5085 nos
2776 5030 2842 5085 ad
2880 5031 3041 5087 finem
3074 5032 3378 5097 remittere,
3396 5047 3497 5090 nec
3526 5035 3644 5091 sine

2061 5136 2266 5189 causa,
2311 5140 2330 5172 ι
2364 5136 2464 5191 pro
2498 5120 2565 5176 iis
2592 5122 2687 5192 qui
2731 5122 3165 5180 immutabuntur
3188 5166 3204 5192 ,
3240 5142 3260 5176 ι
3314 5125 3642 5197 inscriptum

2061 5228 2205 5278 esse,
2259 5219 2422 5282 atque
2451 5228 2734 5269 sermones
2758 5215 2897 5270 istos
2928 5216 3071 5271 tituli
3102 5217 3515 5288 inscriptionem
3545 5234 3640 5272 vo-

2062 5314 2216 5360 catos
2248 5304 2436 5359 fuisse.
2464 5303 2600 5358 Nam
2637 5322 2655 5355 ι
2681 5306 2737 5359 in
2765 5304 2924 5362 finem
2945 5324 2964 5358 ι
3002 5306 3227 5371 dicitur,
3258 5309 3385 5380 quia
3407 5322 3494 5373 ea,
3520 5324 3671 5379 quae.

2060 5397 2114 5450 in
2143 5397 2402 5451 vaticinio
2427 5394 2702 5461 feruntur,
2740 5396 2797 5451 in
2822 5400 3291 5456 consummatione
3314 5400 3637 5456 saeculorum

2060 5488 2333 5560 implenda
2382 5496 2530 5546 sunt.
2600 5488 2925 5545 Necessario
2969 5491 3219 5557 additur,
3260 5512 3280 5545 ι
3318 5508 3416 5564 pro
3444 5494 3514 5549 iis
3542 5494 3636 5563 qui

2058 5584 2518 5649 immutabuntur,
2550 5604 2568 5637 ι
2606 5593 2827 5657 propter
2853 5586 3290 5643 immutationem
3323 5588 3472 5644 illius
3495 5597 3635 5645 tem-

2058 5674 2209 5746 poris
2254 5674 2417 5732 rebus
2458 5673 2819 5732 inferendam.
2869 5673 3150 5747 Siquidem
3188 5692 3313 5732 cum
3347 5677 3463 5734 hac
3485 5678 3633 5737 dice-

3244 5976 3317 6036 18
