4142 6388
494 395 604 453 355
1202 393 1471 455 EUSEBll
1508 393 1989 454 CESABIENSIS
2025 394 2177 454 ore.
2208 362 2408 455 mas.
2452 395 3062 455 Ill.-EXEGETICA.
3670 400 3777 465 εδδ

494 522 708 580 rentur,
754 516 1057 588 allophylos
1081 517 1336 574 vincebat
1380 518 1570 583 lsrael,
1607 516 1953 586 inimicisque
1978 531 2059 571 su-

2181 535 2201 568 ‹
2235 519 2348 581 τοῖς
2372 516 2895 589 ἀλλοιωθησομένοις
2924 537 2943 571 ι
2972 516 3323 590 ἐπιγράφειν,
3343 514 3439 571 καὶ
3468 517 3774 590 στηλογρα-

497 610 679 682 perior
710 616 849 665 erat.
899 608 1006 665 Sed
1048 610 1291 665 futurum
1335 621 1554 681 tempus
1588 617 1727 675 erat,
1758 625 1867 679 quo
1902 618 2059 663 muta

2188 609 2317 678 φίαν
2332 609 2457 673 τοὺς
2475 608 2666 678 λόγους
2683 609 3025 663 ἀποκαλεῖν.‹
3051 610 3143 671 Et;
3167 629 3185 661 ι
3210 608 3309 679 μὶν
3328 610 3434 682 γὰρ
3456 628 3473 658 ι
3491 607 3552 662 τὸ
3562 610 3772 676 τέλος,›

497 703 702 757 tionem
726 717 908 757 rerum
944 704 1175 764 subiret.
1217 705 1568 775 inimicisque
1612 703 1869 759 subditus
1913 712 2079 758 esset.

499 795 683 862 Quare
724 796 812 850 sic
864 795 1030 852 habet
1082 798 1276 854 titulus
1310 817 1322 853 :
1364 817 1383 851 ι
1417 799 1477 854 lu
1529 798 1712 863 linem,
1746 813 1845 868 pro
1881 798 1948 851 iis
1988 798 2081 866 qui

498 887 964 956 immutabuntur;
999 908 1017 939 ι
1045 887 1405 960 Symmachus
1435 906 1586 957 vero,
1607 910 1627 943 ι
1648 906 1747 961 pro
1768 891 2023 955 floribus;
2057 910 2091 963 ob

497 977 713 1048 Aquila,
749 997 767 1028 ι
807 993 973 1049 super
1006 979 1138 1035 lilia.
1182 998 1201 1031 ι
1238 979 1391 1034 Sicut
1421 981 1568 1036 enim
1615 982 1730 1035 lilia
1780 981 1894 1051 agri
1929 990 1982 1035 et
2007 979 2083 1035 fe-

495 1086 650 1133 num,
684 1070 750 1123 ad
779 1070 941 1125 breve
971 1072 1190 1142 quidem
1223 1080 1439 1142 tempus
1462 1073 1709 1143 speciosa
1739 1088 1863 1128 esse
1892 1072 2082 1127 viden-

494 1170 607 1226 tur,
634 1163 729 1219 sed
758 1172 979 1234 repente
1030 1165 1394 1220 immutantur
1420 1175 1475 1221 et
1504 1175 1963 1238 corrumpuntur;
1998 1167 2079 1222 sic

493 1271 583 1311 res
616 1256 800 1326 p0puli
832 1264 963 1311 tunc
995 1255 1280 1320 ﬂorentes,
1335 1258 1487 1313 brevi
1520 1260 1868 1314 immutandae
1897 1268 2074 1314 erant.

494 1345 676 1411 Quare
707 1349 761 1401 in
790 1346 1039 1401 doctrina
1091 1362 1188 1403 sua
1220 1348 1480 1404 Servatur
1514 1350 1629 1405 ait:
1667 1368 1685 1401 ι
1723 1349 2076 1405 Considerate

488 1436 607 1490 lilia
662 1437 776 1507 agri
800 1437 881 1502 '3;
918 1455 935 1487 ι
975 1453 1039 1491 ac
1071 1452 1296 1492 rursum
1330 1458 1343 1492 :
1380 1458 1397 1489 ι
1431 1438 1588 1506 Quod
1632 1441 1679 1495 si
1720 1440 1905 1495 fenum
1935 1441 2072 1511 agri,

491 1529 639 1599 quod
666 1530 828 1585 hodie
860 1537 963 1593 est,
996 1538 1051 1586 et
1091 1546 1215 1585 cras
1256 1531 1309 1584 in
1337 1531 1615 1587 clibanum
1663 1533 1899 1587 mittitur
1929 1534 2009 1599 ⁹⁹;
2050 1553 2068 1586 ι

492 1619 604 1675 imo
646 1621 852 1676 etiam:
892 1640 909 1671 ι
947 1619 1135 1675 Omnis
1179 1635 1309 1675 caro
1352 1620 1556 1687 fenum,
1591 1629 1646 1676 et
1675 1622 1855 1677 omnis
1897 1622 2072 1693 gloria

490 1713 611 1781 ejus
650 1714 807 1784 quasi
834 1712 936 1768 ﬂos
968 1712 1096 1768 feni.
1145 1712 1495 1769 Exsiccatum
1538 1723 1625 1769 est
1648 1712 1856 1778 fenum,
1892 1723 1946 1769 et
1972 1713 2070 1770 llos

489 1808 743 1875 decidit;
805 1806 1044 1863 Verbum
1091 1815 1271 1862 autem
1307 1806 1522 1863 Domini
1576 1815 1759 1862 manet
1805 1807 1860 1862 in
1911 1816 2067 1864 aeter-

488 1916 619 1955 num
656 1900 707 1963 ¹;
748 1918 766 1952 ι
802 1899 1002 1969 quibus
1056 1900 1319 1970 propheta
1366 1900 1667 1955 secundum
1709 1901 1949 1970 reliquos
1991 1904 2070 1957 in-
2098 1878 2141 1932 Β

486 1999 755 2060 terpretes
787 1991 904 2046 haec
931 1990 1083 2045 addit
1115 2010 1127 2046 :
1168 2011 1186 2043 ι
1224 1990 1358 2047 Vere
1389 1991 1571 2046 fenum
1604 1993 1860 2062 populus,
1890 1995 2067 2049 exsic-

486 2092 670 2138 catum
697 2090 783 2138 est
817 2083 1021 2148 fenum,
1056 2083 1260 2138 decidit
1289 2082 1389 2139 llos
1417 2085 1459 2147 ',
1484 2104 1502 2136 ι
1531 2082 1815 2139 Iudaicam
1848 2093 2064 2156 gentem

484 2190 587 2230 nec
627 2176 860 2230 obscure
913 2174 1253 2246 significans.
1308 2174 1507 2231 Eadem
1540 2176 1655 2245 ipsa
1678 2175 1791 2245 jam
1826 2175 2064 2247 Spiritus

484 2275 711 2323 sanctus
732 2284 830 2339 per
868 2267 1124 2323 Davidem
1158 2268 1501 2329 testiﬁcatur,
1534 2268 1816 2338 praemissa
1846 2269 1935 2322 illa
1967 2285 2066 2339 po-

482 2358 594 2425 puli
637 2356 820 2412 futura
856 2358 1165 2414 inversione
1192 2365 1247 2413 et
1282 2357 1606 2411 mutatione.
1660 2354 1841 2421 Quare
1874 2371 2064 2411 secun-

481 2450 610 2503 dum
644 2450 897 2521 Aquilam
930 2452 1135 2507 dictum
1169 2456 1276 2516 est,
1303 2468 1321 2499 ι
1346 2447 1522 2519 Super
1554 2448 1664 2502 lilia
1693 2449 2055 2515 testimoniip

480 2545 783 2597 secundum
831 2540 1219 2614 Symmachum
1269 2551 1473 2607 autem,
1534 2559 1552 2589 ι
1585 2539 1691 2593 Pro
1724 2539 1949 2595 floribus
1980 2548 2062 2595 te-

479 2636 797 2691 stimonium
820 2654 834 2703 ;
861 2655 879 2687 ι
912 2636 1213 2692 secundum
1230 2632 1369 2689 LXX
1383 2648 1513 2687 vero
1535 2631 1884 2703 lnterpretes,
1911 2654 1928 2685 ι
1953 2633 2060 2688 Pro

477 2729 548 2783 iis
591 2728 685 2799 qui
720 2728 1154 2783 immutabuntur
1178 2767 1193 2792 ,
1242 2728 1297 2781 in
1347 2727 1489 2782 tituli
1540 2727 1952 2797 inscriptionem
1985 2744 1997 2779 :
2034 2744 2052 2776 ι

475 2834 599 2888 quae
654 2834 905 2889 magnam
959 2819 1195 2873 habeant
1235 2833 1361 2873 cum
1415 2817 1576 2872 dictis
1628 2817 1683 2871 in
1729 2817 2056 2886 praecedenti

475 2911 689 2981 psalmo
720 2910 1053 2965 affinitatem.
1083 2909 1218 2963 Nam
1258 2910 1349 2963 ille
1374 2908 1556 2977 populi
1580 2908 1944 2977 ahjectionem
1974 2908 2057 2961 in—

474 3000 679 3055 dicavit
713 3000 799 3055 his
844 3000 1025 3056 verbis
1053 3019 1066 3055 :
1108 3017 1126 3050 ‹
1158 3000 1562 3055 Convertentur
1588 2997 1655 3050 ad
1690 3012 1970 3067 vesperam
2000 3004 2055 3053 et

473 3089 673 3145 famem
702 3090 977 3158 patientur
1002 3098 1061 3143 ut
1085 3096 1331 3152 canes,et
1352 3089 1663 3142 circuibunt
1691 3088 2047 3151 civitatcm',»

472 3188 529 3237 et
555 3191 770 3235 caetera.
796 3180 1007 3247 Quibus
1028 3181 1143 3235 haec
1169 3180 1236 3235 de
1256 3180 1545 3235 vocatione
1562 3179 1804 3250 gentium
1824 3178 2053 3247 subjun-
2079 3219 2124 3279 C

471 3272 551 3343 gi:
600 3292 611 3327 :
660 3291 679 3323 ι
712 3271 776 3325 Ει
808 3279 890 3335 tu,
923 3271 1150 3328 Domine
1176 3271 1321 3327 Deus
1362 3272 1655 3335 virtutum,
1683 3269 1825 3325 Deus
1860 3270 2051 3333 lsrael,

470 3364 691 3421 intende
720 3364 789 3418 ad
823 3364 1127 3419 visitandas
1160 3380 1354 3420 omnes
1403 3372 1616 3439 gentes.
1659 3381 1678 3413 ι
1733 3359 1901 3414 Tituli
1923 3375 2053 3415 vero

469 3456 881 3525 inscriptionem
919 3457 973 3509 in
1004 3456 1258 3525 praesenti
1292 3463 1348 3509 ut
1379 3462 1433 3509 et
1462 3454 1599 3507 alias
1626 3442 1844 3522 Aquila,
1895 3467 1913 3500 ‹
1947 3450 2051 3503 bu-

466 3548 637 3611 milis,
687 3548 917 3618 perfecti
948 3547 1200 3608 Davidis;
1236 3566 1255 3599 ι
1309 3547 1672 3618 Symmachus
1720 3559 1872 3608 vero,
1903 3561 1921 3593 ι
1951 3544 2051 3597 hu-

465 3638 615 3692 milis
642 3636 864 3693 Davidis
895 3647 949 3693 et
985 3638 1269 3707 inculpati,
1309 3654 1329 3688 ι
1364 3635 1704 3707 interpretati
1737 3640 1885 3691 sunt.
1906 3631 2043 3685 Nam

465 3727 626 3797 cippo
669 3728 833 3798 digna
872 3736 991 3781 erat
1038 3730 1174 3781 tanti
1205 3728 1350 3797 regis
1383 3726 1669 3783 modestia.
1723 3725 1859 3780 Cum
1895 3723 2041 3778 enim

462 3830 546 3875 tot
588 3823 727 3877 bella
763 3822 992 3877 feliciter
1023 3826 1320 3891 gessisset,
1371 3830 1426 3878 et
1475 3822 1707 3893 populos
1750 3835 1924 3893 usque
1974 3818 2043 3873 ad

463 3913 912 3985 Mesopotamiam
966 3917 1271 3986 subegisset
1333 3916 1736 3986 vectigalesque
1796 3915 2037 3983 fecisset,

457 4016 786 4061 consuetum
831 4007 1082 4062 servabat
1139 4000 1370 4071 morem,
1422 4021 1532 4078 quo
1580 4014 1880 4063 exornatus
1922 4018 2041 4063 erat

462 4112 585 4149 cum
615 4111 644 4149 a
669 4095 831 4151 Saule
864 4097 1172 4166 pelleretur,
1207 4111 1272 4150 ac
1302 4094 1562 4165 perfugus
1585 4096 1639 4149 in
1663 4096 1895 4151 desertis
1918 4112 2040 4166 age-

460 4198 563 4242 ret.
614 4186 749 4240 Nam
781 4196 912 4241 tunc
940 4203 1179 4257 quoque,
1230 4195 1289 4241 ut
1320 4187 1565 4251 humilis,
1601 4186 1897 4256 perfectus,
1932 4188 2033 4241 bu-

460 4279 661 4333 luiliter
695 4280 938 4334 sentiens
967 4287 1020 4334 et
1050 4279 1383 4348 inculpatus,
1415 4279 1635 4333 aeternis
1677 4279 1853 4349 cippis
1884 4294 1914 4333 a
1951 4279 2035 4334 di—

456 4372 585 4425 vina
624 4369 909 4442 Scriptura
939 4372 1193 4443 dignatus
1223 4383 1327 4430 est.
1380 4372 1537 4427 Nunc
1571 4381 1751 4427 autem
1787 4388 1910 4427 cum
1943 4391 2033 4430 rc-

458 4478 634 4532 gnans
676 4471 757 4518 tot
790 4463 1042 4519 inimicos
1087 4463 1393 4529 invaderet,
1427 4464 1783 4534 omniumque
1811 4464 2032 4520 divitias

2186 701 2275 754 διά
2294 700 2355 755 τὸ
2386 702 2480 755 ἐπὶ
2508 702 2789 773 συντελείᾳ
2812 701 2920 754 τῶν
2954 699 3167 755 αἰώνων
3196 699 3410 771 μέλλειν
3434 699 3773 772 πληροῦσθαι

2183 795 2251 847 τά
2298 795 2779 866 προφητευόμενα,
2834 794 3080 865 εἴρηταιο
3123 793 3446 863 πρόσκειται
3473 793 3529 846 δὲ
3554 833 3567 856 ,
3602 811 3620 843 ι
3657 794 3773 856 τοῖς

2182 885 2734 958 ἀλλοιωθησομένοις,
2778 906 2795 937 ι
2836 886 3149 955 ἀναγκαίως
3192 884 3280 938 διά
3320 886 3419 955 τὴν
3470 885 3768 955 μέλλουσαν

2181 978 2531 1049 διαλήψεσθαι
2584 979 2867 1034 ἀλλοίωσιν
2929 976 3027 1049 τὴν
3085 978 3419 1031 κατάστασιν
3477 976 3585 1029 τῶν
3641 976 3765 1029 τότε

2182 1070 2539 1141 πραγμάτων.
2590 1068 2717 1125 Ὅτε
2773 1071 2869 1141 μὲν
2913 1071 3023 1143 γάρ
3068 1072 3217 1125 ταῦτ’
3243 1071 3485 1140 ἐλέγετο,
3542 1070 3763 1140 ἐκράτει

2180 1164 2286 1218 τῶν
2315 1163 2626 1234 ἀλλοφύλων
2656 1166 2684 1217 6
2724 1163 2962 1235 Ἰσραὴλ,
2995 1165 3088 1217 καὶ
3125 1164 3232 1216 τῶν
3257 1163 3531 1233 πολεμίων
3572 1162 3762 1233 κρείτ-

2176 1272 2287 1308 των
2313 1254 2625 1325 ἐτύγχανεν.
2663 1255 2895 1326 Ἔμελλε
2926 1256 2982 1309 δὲ
3013 1256 3121 1327 ἄρα
3151 1256 3328 1327 καιρῷ
3349 1273 3452 1309 τινι
3476 1254 3763 1309 ἀλλοίωσιν

2178 1347 2487 1417 ὑπομένειν,
2519 1348 2612 1400 καὶ
2634 1347 2739 1400 ὑπὸ
2765 1336 2878 1411 τοῖς
2904 1348 3120 1420 ἐχθροῖς
3152 1348 3415 1419 γίνεσθαι.
3456 1347 3549 1400 Διό
3593 1361 3761 1419 φησιν

2174 1440 2207 1509 ή
2242 1438 2564 1509 προγραφή·
2603 1456 2621 1487 ι
2655 1438 2750 1501 Είς
2772 1437 2831 1490 τὸ
2863 1437 3013 1502 τέλος
3043 1442 3153 1503 τοῖς
3176 1437 3751 1509 ἀλλοιωθησομένοιςί

2174 1534 2202 1585 6
2230 1530 2285 1583 δέ
2313 1530 2628 1601 Σύμμαχος,
2660 1550 2678 1583 ι
2724 1530 2893 1603 ’Υπὲρ
2925 1532 3034 1584 τῶν
3061 1532 3237 1585 ἀνθῶν
3257 1549 3269 1561 ·
3310 1552 3329 1583 ι
3358 1534 3386 1585 6
3414 1531 3471 1583 δέ
3506 1529 3753 1594 Ἀκύλας,

2180 1640 2198 1671 ι
2240 1624 2363 1677 Ἐπὶ
2396 1624 2614 1694 κρίνων.
2653 1642 2671 1674 ι
2718 1623 2805 1686 Ὦς
2824 1623 2932 1695 γὰρ
2962 1622 3027 1675 τά
3062 1622 3223 1694 κρίνα
3263 1621 3357 1675 τοῦ
3402 1622 3571 1691 ἀγροῦ
3599 1622 3692 1675 καὶ
3724 1622 3754 1674 6

2173 1713 2363 1783 χόρτος
2390 1714 2537 1767 δοκεῖ
2572 1713 2669 1785 μέν
2692 1731 2811 1767 τινα
2839 1714 2973 1786 πρὸς
3003 1715 3175 1785 βραχὺ
3225 1713 3509 1783 φαίνεσθαι
3552 1714 3747 1786 ὡραῖα,

2170 1806 2293 1859 ὅσον
2321 1806 2379 1859 δέ
2402 1804 2554 1860 οὔπω
2586 1806 2910 1877 μεταϐάλλει
2953 1808 3048 1861 καὶ
3097 1806 3408 1878 φθείρεται’
3456 1804 3628 1868 οὕτως
3658 1803 3752 1856 καὶ

2168 1896 2238 1950 τά
2262 1898 2561 1968 πράγματα
2587 1898 2681 1951 τοῦ
2702 1898 2854 1957 λαοῦ.
2884 1898 3147 1952 ἀνθοῦντα
3184 1899 3324 1963 τότε,
3366 1897 3585 1969 ἔμελλεν
3628 1896 3751 1949 ὅσον

2168 1986 2318 2039 οὔπω
2370 1987 2745 2058 μεταὸάλλειν.
2803 1987 2893 2041 Διὸ
2939 1990 3083 2043 καὶὸ
3116 1990 3306 2062 Σωτήρ
3334 1993 3391 2044 ἐν
3440 1994 3562 2055 ταῖς
3601 1991 3748 2047 διδα-

2169 2077 2413 2142 σκαλίαις
2433 2078 2584 2147 ἔλεγε
2603 2095 2618 2110 ο
2660 2096 2679 2129 ι
2712 2077 3073 2149 Καταμάθετε
3099 2078 3167 2132 τὰ
3193 2079 3352 2151 κρίνα
3372 2079 3464 2133 τοῦ
3487 2079 3679 2153 ἀγροῦ*
3722 2099 3743 2134 s

2166 2171 2259 2223 καὶ
2284 2169 2482 2223 πάλινο
2524 2188 2544 2221 ι
2598 2170 2744 2224 Εἰδέ
2784 2170 2875 2223 τὸν
2902 2170 3091 2243 χόρτον
3143 2171 3236 2223 τοῦ
3287 2170 3457 2242 ἀγροῦ
3509 2173 3749 2245 σήμερον

2164 2261 2310 2323 ὄντα,
2338 2264 2430 2317 καὶ
2450 2263 2637 2334 αὔριον
2668 2264 2748 2326 εἰς
2768 2263 3014 2316 κλίϐανον
3038 2262 3363 2333 βαλλόμενον
3384 2282 3396 2294 ο
3432 2284 3449 2315 ι
3473 2264 3608 2319 ἀλλά
3630 2266 3745 2326 καὶ,

2169 2371 2187 2401 ε
2219 2354 2374 2405 Πᾶσα
2410 2353 2548 2423 σάρξ
2579 2352 2788 2424 χόρτος,
2824 2354 2920 2407 καὶ
2947 2355 3097 2407 πᾶσα
3120 2354 3244 2420 δόξα
3276 2354 3444 2425 αὐτῆς
3473 2354 3549 2418 ὡς
3585 2356 3745 2419 ἀνθες

2163 2447 2375 2517 χόρτου.
2425 2446 2728 2519 Ἐξηράνθη
2777 2449 2805 2501 ὁ
2836 2446 3048 2518 χόρτος,
3074 2449 3170 2501 καὶ
3200 2448 3260 2501 τὸ
3290 2447 3449 2512 ἄνθος
3478 2448 3699 2513 ἐξέπεσε
3726 2466 3739 2477 ·

2160 2536 2221 2588 τὸ
2252 2537 2307 2590 δὲ
2338 2537 2488 2608 ῥῆμα
2513 2540 2718 2610 Κυρίου
2748 2540 2897 2609 μένει
2931 2540 3008 2602 είς
3032 2540 3121 2592 τὸν
3147 2540 3319 2593 αἰῶνα
3340 2556 3353 2571 ·
3386 2559 3405 2591 ι
3427 2533 3508 2604 οἷς
3545 2542 3574 2593 6
3598 2541 3741 2612 Προ-

2161 2630 2338 2699 φήτης
2361 2630 2504 2682 κατὰ
2523 2630 2654 2693 τοὺς
2686 2630 2905 2694 λοιποὺς
2932 2630 3274 2702 ἐρμηνευτάς
3306 2630 3631 2702 προστίθησι
3655 2631 3743 2684 λέ-

2159 2737 2270 2788 γων
2290 2737 2302 2749 ·
2350 2740 2369 2772 ς
2421 2721 2660 2792 Ἀληθῶς
2684 2722 2878 2793 χόρτος
2913 2723 2941 2775 6
2969 2722 3095 2785 λαός
3114 2740 3128 2754 ο
3163 2722 3435 2793 ἐξηράνθη
3472 2724 3500 2775 6
3528 2722 3741 2793 χόρτος,

2157 2813 2383 2879 ἐξέπεσε
2406 2814 2467 2866 τὸ
2503 2814 2681 2877 ἄνθος,
2697 2833 2714 2865 ι
2748 2813 3073 2878 ἀκαλύπτως
3094 2814 3154 2866 τὸ
3193 2813 3459 2867 Ἰουδαίων
3484 2814 3631 2877 ἔθνος
3649 2814 3743 2884 δη-

2156 2902 2352 2966 λώσας.
2393 2904 2542 2957 Αύτά
2586 2905 2648 2976 δὴ
2699 2900 2791 2957 οὖν
2836 2904 3009 2959 ταῦτα
3051 2905 3145 2958 καὶ
3189 2902 3283 2958 νῦν
3330 2904 3391 2958 τὸ
3422 2905 3646 2976 Πνεῦμα
3677 2906 3740 2958 τὸ

2156 2994 2308 3063 ἀγιον
2348 2995 2435 3048 διὰ
2471 2995 2565 3049 τοῦ
2596 2995 2758 3050 Δαυῖδ
2788 2995 3144 3067 μαρτύρεται,
3186 2997 3605 3067 προαναφωνοῦν
3636 2998 3737 3067 τὴν

2156 3095 2455 3164 μέλλουσαν
2478 3094 2695 3148 ἔσεσθαι
2738 3096 2832 3148 τοῦ
2864 3094 2996 3149 λαοῦ
3039 3093 3322 3146 ἀλλοίωσιν
3359 3093 3454 3147 καὶ
3504 3093 3735 3165 μεταδο-

2154 3182 2277 3253 λήν.
2314 3183 2405 3236 Διὸ
2448 3182 2589 3236 κατά
2617 3183 2710 3236 τὸν
2752 3182 2982 3236 Ἀκύλαν
3023 3180 3258 3251 εἴρηται,
3300 3200 3319 3233 ί
3366 3182 3487 3234 Ἐπὶ
3532 3182 3733 3254 κρίνων

2160 3276 2482 3345 μαρτυρίας·
2512 3294 2529 3326 ι
2557 3277 2698 3328 κατὰ
2718 3274 2775 3327 δὲ
2802 3275 2892 3327 τὸν
2926 3274 3241 3344 Σύμμαχον,
3276 3293 3295 3324 ι
3328 3274 3495 3343 ’Υπὲρ
3521 3274 3628 3327 τῶν
3648 3276 3736 3328 ἀν-

2157 3366 2265 3420 θῶν
2294 3368 2570 3438 μαρτυρία
2590 3383 2603 3396 ’
2641 3386 2659 3418 ›
2683 3365 2825 3419 κατὰ
2852 3365 2907 3418 δὲ
2936 3368 3062 3430 τοὺς
3100 3366 3519 3436 Ἑϐδομήκοντα,
3566 3385 3583 3416 ι
3609 3368 3731 3430 Τοῖς

2152 3457 2666 3527 ἀλλοιωθησομένοις
2688 3458 2766 3519 είς
2789 3456 3207 3527 στηλογραφίαν.
3245 3475 3264 3507 ι
3299 3455 3504 3525 Πολλὴν
3526 3455 3582 3508 δέ
3602 3458 3731 3510 ἀκο-

2150 3547 2362 3602 λουθίαν
2384 3548 2495 3617 ἔχοι
2538 3547 2603 3600 ἂν
2635 3549 2768 3617 πρὸς
2790 3546 2859 3599 τά
2879 3550 2936 3600 ἐν
2960 3546 3038 3617 τῷ
3064 3546 3167 3618 πρὸ
3192 3545 3378 3600 τούτου
3408 3545 3724 3617 λελεγμένα.

2162 3642 2314 3695 Ἐπεὶ
2336 3643 2585 3703 κάκεῖνος
2605 3640 2704 3711 τὴν
2732 3641 2823 3695 τοῦ
2866 3641 3051 3703 ἔθνους
3096 3639 3367 3710 ἀποϐολὴν
3412 3639 3599 3710 ἐδήλου
3640 3638 3728 3692 λέ·-

2147 3748 2288 3799 γων·
2332 3751 2349 3782 ι
2396 3733 2847 3804 Ἐπιστρέψουσιν
2890 3732 2969 3797 είς
3003 3732 3259 3803 ἑσπέραν,
3282 3732 3375 3784 καὶ
3402 3730 3725 3801 λιμώξουσιν

2144 3824 2220 3887 ὡς
2244 3824 2411 3887 κύων,
2445 3825 2548 3899 καὶ.
2584 3824 2922 3877 κυκλώσουσι
2954 3824 3105 3877 πόλιν
3129 3864 3143 3887 ,
3188 3844 3206 3875 ι
3240 3824 3331 3877 καὶ
3358 3822 3426 3877 τά
3463 3822 3722 3894 ἐπιφερόο

2147 3934 2303 3988 μενα.
2337 3912 2432 3980 Οἷς
2456 3917 2583 3986 ἐξῆς
2608 3918 2736 3989 περὶ
2769 3918 2863 3988 τῆς
2896 3917 3141 3988 κλήσεως
3163 3917 3269 3971 τῶν
3295 3916 3464 3969 ἐθνῶν
3494 3916 3720 3985 ἔφασκεο

2150 4028 2167 4060 ι
2203 4011 2311 4063 Καὶ
2336 4011 2421 4074 σὺ,
2458 4009 2628 4080 Κύριε
2662 4011 2691 4061 ὁ
2728 4010 2857 4073 Θεὸς
2888 4010 2995 4063 τῶν
3037 4009 3350 4079 δυνάμεων,
3380 4010 3407 4061 6
3435 4007 3567 4069 Θεὸς
3620 4007 3722 4060 Ἰσ-

2143 4100 2302 4172 ραὴλ,
2354 4100 2589 4171 πρόσχες
2612 4100 2705 4154 τοῦ
2740 4101 3140 4171 ἐπισκέψασθαι
3183 4102 3360 4155 πάντα
3401 4102 3470 4155 τά
3510 4102 3655 4173 ἔθνη.
3691 4122 3713 4153 ι

2140 4193 2251 4264 Τὴν
2280 4192 2337 4245 δέ
2365 4191 2765 4263 στηλογραφίαν
2792 4193 2887 4246 καῖ⁵
2912 4194 3008 4246 νῦν
3041 4194 3115 4257 ὡς
3145 4193 3241 4247 καὶ
3275 4195 3333 4245 ἐν
3368 4196 3479 4257 τοῖς
3510 4193 3717 4265 ἔμπρο-

2139 4282 2264 4336 σθεν
2293 4286 2322 4336 ὁ
2363 4284 2461 4353 μὲν
2508 4282 2760 4348 Ἀκύλας,
2797 4304 2815 4335 ι
2842 4284 3097 4338 ταπεινοῦ
3132 4284 3336 4338 τελείου
3364 4284 3452 4337 τοῦ
3478 4285 3641 4338 Δαυΐδ
3660 4302 3708 4336 ἰ

2135 4376 2163 4427 6
2194 4374 2251 4427 δὲ
2278 4374 2592 4447 Σύμμαχος,
2633 4393 2653 4426 ‹
2688 4376 3109 4447 ταπεινόφρονπ
3139 4378 3234 4431 τοῦ
3252 4378 3413 4432 Δαυῒδ
3442 4377 3535 4431 καὶ
3560 4374 3713 4447 ἀμώ⁴

2138 4482 2261 4536 μου,
2291 4484 2310 4518 ι
2344 4468 2719 4538 ήρμήνευσαν.
2744 4468 2953 4540 Στήλης
2977 4467 3086 4540 γὰρ
3114 4464 3180 4539 ἦν
3204 4470 3384 4539 ἀξίαή
3414 4468 3508 4521 τοῦ
3530 4468 3712 4520 τοσού-

457 4553 736 4624 colligeret
759 4594 772 4615 ,
818 4555 875 4608 in
913 4553 1103 4609 eodem
1147 4553 1342 4611 aﬂectu
1392 4555 1807 4625 perseverabat;
1861 4570 2030 4625 quare

2158 4573 2225 4609 :ou
2253 4556 2514 4628 βασιλέως
2544 4561 2994 4632 μετριοφροσύνη.
3026 4560 3304 4614 Τοσούτων
3319 4561 3427 4632 γάρ
3459 4559 3709 4629 πολέμων

457 4652 513 4698 et
541 4643 675 4699 .ituli
700 4646 1065 4715 inscriptione
1092 4653 1148 4702 et
1174 4646 1371 4717 spiritu
1413 4645 1734 4716 prophetico
1774 4646 2029 4717 dignatus

453 4742 559 4795 est.

2136 4650 2570 4721 περιγενόμενος,
2602 4653 2696 4704 καὶ
2722 4652 2845 4715 τοὺς
2882 4653 3042 4723 μέχρι
3065 4652 3164 4722 τῆς
3186 4652 3374 4723 Μέσης
3396 4651 3503 4705 τῶν
3538 4667 3705 4705 ποτα-

2141 4739 2257 4811 μῶν
2277 4740 2567 4808 ὑποτάξας,
2592 4743 2895 4814 ὑποφόρους
2918 4760 2975 4796 τε
2993 4744 3191 4806 αὐτοὺς
3206 4743 3703 4814 καταστησάμενος,

454 4831 513 4882 ἐν
542 4830 618 4900 τῷ
644 4831 828 4901 υίκείῳ
850 4832 1088 4902 διέμενεν
1115 4833 1255 4903 ήθει,
1286 4826 1401 4900 ἐνῷ
1429 4834 1524 4886 καὶ
1549 4834 1637 4886 ὅτε
1669 4832 1931 4904 ἠλαύνετο
1965 4833 2070 4887 ὑπὸ
2093 4832 2189 4886 τοῦ
2214 4834 2404 4899 Σαοὺλ,
2423 4835 2629 4898 καὶτὰς
2652 4837 2891 4907 ἐρήμους
2908 4836 3122 4904 φεύγων
3144 4834 3402 4905 κατῴκει,
3423 4832 3701 4905 διέπρεπε.

454 4928 563 4985 Καὶ
583 4928 702 4980 τότε
729 4928 837 4998 γὰρ
857 4928 962 4982 ὐπὸ
1010 4928 1109 4998 τῆς
1165 4929 1316 4992 θείας
1348 4930 1592 4999 Γραφῆς,
1617 4930 1694 4993 ὡς
1754 4931 2006 4993 ταπεινὸς
2027 4930 2262 4995 τέλειος,
2299 4931 2333 5001 ἢ
2377 4932 2756 5003 ταπεινόφρων
2818 4933 2912 4985 καὶ
2959 4933 3186 5002 ἄμωμος
3228 4931 3436 4999 στηλῶν
3472 4930 3703 4983 αἰωνίων

452 5016 695 5085 ἠξιοῦτοο
731 5020 822 5072 καὶ
852 5018 946 5072 νῦν
970 5021 1013 5073 δ’
1040 5022 1127 5075 ὅτε
1166 5021 1465 5090 βασιλεύων
1496 5022 1769 5087 τοσούτοις
1803 5023 2020 5095 ἐπεξῄει
2058 5023 2355 5095 πολεμίοις,
2405 5025 2616 5079 καὶτὸν
2648 5025 2900 5079 ἀπάντων
2935 5026 3133 5095 συνῆγε
3180 5022 3437 5089 πλοῦτον,
3479 5023 3570 5075 ἐπὶ⁵
3605 5021 3704 5092 τῆς

452 5112 621 5181 αὐτῆς
658 5112 867 5181 διέμενε
913 5113 1308 5184 προαιρέσεως·
1359 5114 1441 5167 διὸ
1465 5113 1866 5186 στηλογραφίας
1899 5112 2132 5182 ἠξιοῦτο,
2172 5116 2265 5168 καὶ
2290 5115 2597 5186 πνεύματος
2626 5115 2842 5185 ἠξιοῦτο
2862 5112 3217 5187 προφητικοῦ.

523 5228 790 5283 Observes
840 5246 1005 5299 porro
1034 5232 1192 5285 velim
1240 5231 1343 5286 hoc
1383 5238 1649 5302 tempore,
1703 5245 1827 5285 cum
1861 5227 2030 5284 lsrael

451 5324 710 5385 regnante
731 5317 957 5381 Daride,
989 5335 1161 5389 usque
1189 5320 1256 5374 ad
1286 5320 2028 5391 Mesopotamiamimperium

451 5407 745 5473 obtineret,
785 5424 848 5463 ac
876 5412 1159 5480 vectigalia
1191 5427 1220 5466 a
1251 5412 1495 5468 finitimis
1526 5414 1782 5483 gentibus
1814 5412 2030 5481 accipe-

2168 5227 2174 5237 ’
2210 5234 2490 5305 Ἐπιτήρει
2515 5233 2572 5287 δὲ
2602 5234 2749 5297 ὅπως
2781 5232 2921 5286 κατά
2957 5234 3149 5285 τούτου
3180 5231 3273 5284 τοῦ
3312 5230 3500 5303 χρόνου
3532 5234 3561 5285 6
3602 5232 3700 5285 Ἰσ-

2130 5328 2284 5400 ραὴλ,
2315 5328 2688 5397 βασιλεύοντος
2715 5326 2899 5390 Δαυῖδ,
2937 5327 3098 5397 μέχρι
3129 5328 3228 5396 τῆς
3262 5325 3448 5393 Μέσης
3467 5324 3577 5377 τῶν
3604 5341 3697 5377 πο-

2122 5418 2313 5487 ταμῶν
2351 5418 2590 5488 ἐκράτει,
2620 5416 2713 5468 καὶ⁵
2753 5416 2951 5487 φόρους
2980 5415 3127 5488 παρὰ
3162 5414 3269 5467 τῶν
3323 5413 3483 5485 πέριξ
3525 5413 3696 5466 ἐθνῶν

451 5510 558 5564 ret,
608 5502 1021 5571 promissionem
1057 5505 1147 5559 Dei
1196 5505 1261 5559 ad
1292 5506 1581 5559 Abraham
1617 5506 1814 5559 factam
1862 5518 2027 5573 opere

2158 5510 2413 5579 λάμσανε,
2462 5511 2561 5579 τῆς
2600 5508 2692 5562 τοῦ
2727 5509 2861 5561 Θεοῦ
2909 5508 3241 5577 ἐπαγγελίας
3278 5507 3378 5577 τῆς
3426 5506 3562 5575 πρὸς
3604 5505 3693 5559 τὸν

450 5593 775 5661 completam
800 5608 944 5659 esse,
979 5611 1081 5663 qua
1106 5597 1383 5665 pollicitus
1412 5606 1531 5651 erat
1571 5613 1630 5652 se
1660 5600 1911 5651 daturum
1937 5612 2025 5651 se-

2132 5600 2380 5672 Ἀϐραὰμ
2404 5602 2483 5664 είς
2513 5601 2649 5671 ἔργα
2670 5600 2951 5671 χωρούσης
2972 5618 2984 5630 ·
3011 5601 3079 5653 δι’
3103 5597 3170 5671 ἧς
3204 5598 3569 5668 ἐπηγγέλλετο
3590 5594 3693 5648 δὼ-

450 5682 585 5737 mini
615 5683 736 5753 ejus
766 5692 934 5741 totam
966 5696 1165 5742 terram
1198 5703 1225 5741 a
1250 5689 1471 5745 flumine
1497 5688 1715 5761 Egypti
1753 5707 1923 5760 usque
1950 5692 2019 5747 ad

2158 5708 2232 5743 ειν
2254 5690 2331 5761 τῷ
2368 5690 2645 5761 σπέρματι
2672 5688 2835 5742 αὑτοῦ
2872 5691 3052 5744 πᾶσαν
3080 5690 3179 5760 τὴν
3210 5689 3313 5760 γῆν
3336 5688 3443 5741 ἀπὸ
3471 5683 3564 5739 τοῦ
3596 5700 3695 5738 πο-

508 5862 565 5939 f‘
603 5862 793 5919 Matth.
830 5880 918 5931 vr,
953 5864 1043 5919 28.
1119 5868 1164 5899 ”
1204 5867 1335 5923 ibid.
1371 5868 1461 5923 50.
1542 5870 1557 5899 ¹
1596 5867 1699 5924 lsa.
1738 5886 1834 5938 XL,
1871 5870 1988 5926 6-8.

2158 5873 2257 5929 bid.
2298 5874 2348 5926 7.
2426 5872 2446 5905 ³
2485 5871 2627 5927 Psal.
2666 5888 2830 5937 tvm,
2871 5871 2919 5927 7.
