4142 6388
451 409 557 468 557

1580 410 2087 467 COMMENTARIA
2134 414 2201 470 IN
2242 414 2581 474 PSALMOS.

3602 421 3704 476 558

448 530 625 603 ταμοῦ
659 530 954 600 Αἰγύπτου,
1020 530 1181 603 μέχρι
1215 528 1310 583 τοῦ
1354 530 1598 601 ποταμοῦ
1634 532 1920 604 Εὐφράτου
1942 551 1956 564 ο
1991 533 2027 587 ἃ

2138 532 2494 604 Euphratem;
2537 535 2684 605 quod
2721 533 2924 589 Davide
2953 542 3214 604 regnante
3243 548 3430 590 revera
3456 535 3705 604 contigit,

448 622 513 694 δὴ
544 621 919 692 βασιλεύοντος
950 622 1042 676 τοῦ
1073 621 1236 676 Δαυῖδ
1256 622 1437 695 ἔργοις
1479 623 1782 696 ἐπληροῦτο
1807 643 1819 655 ·
1871 624 2031 678 τοῦτο

450 714 583 782 γοῦν
607 714 702 768 καὶ
730 714 763 784 ὴ
791 713 1155 785 παρατεθεῖσα
1184 712 1392 786 ἱστορία
1422 714 1523 784 τῆς
1559 715 1852 771 Βασιλειῶν
1896 730 2033 788 γρα-

452 808 563 879 φῆς
616 806 936 879 ἐμαρτύρει.
995 806 1153 860 Ἀλλά
1179 806 1288 879 γὰρ
1341 808 1629 878 φωτισθεὶς
1668 810 1697 862 6
1745 813 2031 884 προφήτης

454 900 561 957 ὑπὸ
588 899 681 953 τοῦ
711 901 867 970 ἁγίου
898 900 1234 971 Πνεύματος,
1264 900 1507 966 θεσπίζει
1543 901 1613 955 τὰ
1653 903 1710 955 ἐν
1743 906 1856 967 τοῖς
1906 903 2033 975 μέλ-

452 991 605 1046 λουσι
639 993 851 1064 χρόνοις
885 992 1298 1063 συμϐησόμενα.
1332 993 1467 1047 Τίνα
1491 993 1545 1046 δὲ
1572 989 1641 1064 ἦν
1685 994 1858 1049 ταῦτα
1888 996 2033 1050 διδά-

456 1102 576 1137 σκει
618 1083 791 1153 λέγων
810 1101 825 1115 ο
862 1103 879 1134 ‹
908 1085 1001 1146 Είς
1025 1082 1086 1136 τὸ
1108 1083 1263 1147 τέλος
1288 1086 1399 1147 τοῖς
1429 1083 1963 1157 ἀλλοιωθησομένοις.
2007 1107 2025 1140 ι

454 1174 571 1231 Εἴθ’
605 1176 733 1246 ἑξῆς
767 1172 971 1246 προῖὼν
1008 1174 1202 1244 ἐπάγει
1223 1192 1236 1204 ·
1271 1193 1290 1225 ‹
1342 1175 1399 1228 Ὀ
1433 1174 1599 1239 Θεὸς,
1628 1176 1836 1232 ἀπώσω
1884 1181 2032 1250 ἡμᾶς

454 1270 549 1323 καὶ¹
573 1268 818 1331 καθεῖλες
845 1268 1013 1339 ἡμᾶς,
1049 1285 1068 1319 ι
1090 1267 1181 1320 καὶ
1207 1265 1277 1319 τὰ
1297 1265 1451 1337 ὲξῆς·
1480 1261 1561 1329 οἷς
1586 1266 1701 1337 μεθ’
1731 1268 1893 1342 ἕτερα
1916 1273 2034 1324 έπι-

452 1358 634 1429 λέγει·
667 1378 687 1411 ‹
737 1360 793 1413 '0
817 1359 949 1423 Θεὸς
971 1359 1235 1429 ἐλάλησεν
1263 1359 1321 1412 ὲν
1354 1357 1434 1427 τῷ
1464 1358 1606 1431 ἁγίῳ
1631 1361 1796 1415 αὐτοῦ
1816 1381 1830 1394 ο
1866 1364 2035 1432 ἀγαλ-

454 1451 711 1522 λιάσομαι
755 1451 849 1505 καὶ¹
875 1451 1138 1524 διαμεριῶ
1157 1451 1378 1523 Σίκιμα,
1406 1452 1498 1505 καὶ
1528 1451 1627 1523 τὴν
1671 1452 1892 1509 κοιλάδα
1926 1454 2032 1508 τῶν

457 1543 671 1613 σκηνῶν
693 1542 1059 1613 διαμετρήσω,
1100 1561 1119 1594 ι
1150 1544 1245 1596 καὶ
1271 1542 1339 1597 τά
1375 1541 1522 1615 ἑξῆς.
1552 1545 1816 1616 Σημαίνει
1850 1547 1907 1600 δὲ
1945 1547 2032 1600 διά

455 1634 659 1689 τούτων
702 1633 794 1687 τοῦ
838 1632 970 1686 Θεοῦ
1002 1633 1294 1703 διαλλαγὰς
1328 1635 1466 1709 πρὸς
1501 1636 1629 1700 τοὺς
1680 1636 2028 1707 ἀλλοφύλους.

467 1727 527 1780 ὐ
563 1726 694 1790 Θεὸς
738 1726 881 1799 γάρ,
908 1728 1071 1798 φησὶν
1098 1768 1113 1792 ,
1150 1727 1409 1799 ὲλάλησε,
1462 1729 1558 1783 καὶ
1599 1728 1839 1802 λαλήσας
1871 1729 1929 1784 ὲν
1955 1729 2033 1800 τῷ

2133 634 2193 680 ut
2219 627 2383 682 allata
2409 627 2720 699 Regnorum
2753 626 2981 682 historia
3003 626 3424 683 testiﬁcabatur.
3480 627 3563 683 Ad
3594 628 3709 683 hac
3749 616 3753 625 ’

2132 717 2296 771 etiam
2329 714 2537 787 Spiritu
2567 723 2760 772 sancto
2785 716 3091 772 illustratus
3112 714 3405 787 Propheta,
3442 718 3709 773 vaticina-

2135 818 2225 862 tur
2274 824 2339 863 ea
2387 824 2507 879 quae
2554 807 2738 863 futuro
2786 814 2910 879 post
2961 816 3204 877 tempore
3253 816 3516 865 eventura
3559 819 3706 866 sunt.

2135 899 2398 966 Quaenam
2445 909 2627 956 autem
2654 901 2747 956 illa
2774 907 2994 966 essent,
3023 900 3110 956 his
3137 901 3318 957 verbis
3360 902 3552 967 docet,
3591 923 3610 955 ι
3650 902 3708 957 1η

2133 996 2294 1051 linem
2336 1009 2436 1064 pro
2464 994 2531 1050 iis
2566 995 2660 1066 qui
2690 995 3145 1053 immutabuntur.
3182 1017 3201 1051 ι
3262 997 3323 1053 In
3352 997 3710 1069 sequentibus

2132 1099 2262 1140 vero
2288 1082 2476 1148 infert,
2499 1083 2695 1147 (Deus,
2722 1086 2970 1155 repulisti
2999 1102 3102 1143 nos
3122 1093 3178 1142 et
3205 1087 3524 1143 destruxisti
3549 1103 3703 1153 nos,n

2133 1181 2187 1231 et
2216 1182 2431 1231 caetera.
2467 1174 2678 1241 Quibus
2706 1187 2893 1247 postea
2918 1178 3223 1249 subiungit,
3263 1198 3281 1229 ‹
3319 1178 3463 1234 Deus
3495 1179 3712 1237 locutus

2133 1271 2219 1321 est
2244 1265 2301 1319 in
2325 1272 2518 1321 sancto
2541 1278 2660 1330 suo,
2689 1266 2975 1323 exsultabo
3005 1275 3061 1321 et
3085 1266 3324 1321 dividam
3356 1266 3629 1331 Sichima,
3659 1274 3713 1322 et

2133 1358 2435 1412 convallem
2465 1357 2964 1412 Tabernaculorum
3014 1358 3300 1423 dimetiar,
3341 1377 3361 1411 ι
3396 1367 3451 1414 et
3479 1361 3708 1431 reliqua.

2133 1447 2231 1504 His
2261 1463 2426 1519 porro
2450 1449 2721 1519 signiﬁcat
2749 1449 2843 1505 Dei
2871 1450 3371 1505 reconciliationem
3402 1466 3526 1506 cum
3578 1453 3714 1506 alie-

2132 1543 2368 1613 nigenis.
2411 1542 2555 1599 Deus
2583 1544 2750 1611 enim,
2784 1547 2880 1608 ait,
2909 1544 3128 1600 locutus
3158 1552 3277 1608 est,
3309 1559 3373 1600 ac
3416 1547 3471 1601 in
3518 1555 3713 1601 sancto

2134 1649 2236 1689 suo
2266 1635 2485 1689 locutus
2519 1634 2588 1689 ad
2618 1633 2845 1700 Galaad,
2878 1634 3201 1700 Manassen,
3238 1636 3495 1707 Ephraim
3527 1645 3582 1695 et
3611 1637 3712 1693 Ju-

2134 1725 2295 1792 dam;
2334 1725 2491 1782 Moab
2519 1734 2573 1782 et
2601 1725 2889 1782 ldumaaam
2919 1742 2983 1782 ac
3010 1729 3250 1799 reliquos
3297 1744 3486 1785 omnes
3517 1731 3713 1785 alieni-

455 1820 597 1891 ἁγίῳ
628 1818 792 1873 αὐτοῦ
841 1818 919 1890 τῷ
967 1819 1180 1873 Γαλαὰδ
1228 1821 1322 1873 καὶ
1376 1819 1453 1891 τῷ
1480 1822 1780 1894 Μανασσῇ,
1824 1821 1917 1876 καὶ
1955 1822 2033 1893 τῷ

2138 1832 2302 1888 genas
2341 1833 2451 1872 una
2495 1818 2893 1889 complectitur.
2928 1817 3064 1874 Nam
3100 1838 3119 1871 ι
3168 1819 3349 1889 Moab,
3401 1823 3597 1893 inquit,
3644 1824 3718 1877 le-

469 1910 730 1984 Ἐφραῖμ,
764 1912 858 1964 καὶ
885 1910 963 1981 τῷ
991 1911 1181 1984 Ἰούδᾳ,
1208 1891 1833 1985 συμπεριλαμϐάνειήτὸν
1860 1891 2033 1969 Μωάϐ

2138 1908 2232 1963 bes
2265 1907 2383 1978 spei
2409 1923 2609 1975 measp
2652 1923 2753 1978 pro
2780 1924 2888 1979 quo
2917 1908 3283 1981 Symmachus
3302 1891 3495 1977 edidit,
3523 1912 3714 1968 «Moab

456 2003 553 2055 καὶ
577 2003 678 2074 τὴν
713 2002 1020 2073 Ἰδουμαίαν
1046 2004 1139 2057 καὶ
1172 2005 1381 2068 πάντας
1406 2006 1531 2069 τοὺς
1556 2005 1774 2070 λοιποὺς
1805 2006 2034 2075 ἀλλοφύ-

455 2094 599 2159 λους.
625 2114 643 2146 ‹
666 2093 841 2149 Μωὰϐ
870 2114 889 2146 ι
920 2094 1050 2167 γὰρ,
1086 2097 1241 2166 φησὶ,
1268 2115 1287 2147 ι
1315 2096 1477 2167 λέϐης
1501 2098 1602 2167 τῆς
1621 2098 1833 2163 ἐλπίδος
1860 2116 1981 2170 μουο
2009 2119 2028 2151 ι

457 2186 572 2241 ἀνθ’
600 2180 661 2241 οὗ
689 2189 717 2239 6
754 2186 1053 2257 Σύμμαχος
1075 2186 1327 2254 ἐξέδωκε,
1365 2208 1383 2240 ‹
1416 2189 1592 2243 Μωάϐ
1632 2190 1799 2263 λέϐης
1839 2192 2035 2263 ἀμερι-

460 2277 621 2349 μνίας
663 2295 764 2348 μου
790 2294 803 2307 ·
837 2297 856 2330 ι
888 2279 916 2331 6
941 2277 998 2330 δὲ
1040 2277 1301 2343 Ἀκύλας,
1344 2298 1362 2330 σ
1400 2280 1575 2334 Μωάϐ
1610 2281 1774 2353 λέϐης
1808 2281 2034 2355 λουτροῦ

460 2388 584 2443 μου.
629 2388 648 2422 ι
682 2364 817 2422 Εἶτα
842 2370 969 2441 περὶ
1016 2369 1115 2439 τῆς
1161 2369 1465 2441 Ἰδουμαίας
1506 2372 1669 2436 αὐτὸς
1705 2374 2036 2443 ἐπαγγέλλε-

454 2479 547 2516 ται
598 2458 810 2528 λέγων’
851 2477 870 2510 ι
913 2459 1037 2512 Ἐπὶ
1063 2458 1163 2531 τὴν
1212 2460 1517 2531 Ἰδουμαίαν
1558 2463 1760 2517 ἐκτενῶ
1799 2465 1861 2518 τὸ
1906 2466 2036 2518 ὑπό-

455 2547 607 2620 δημά
652 2567 784 2620 μου·
826 2570 845 2604 ι
898 2550 930 2619 ἢ
980 2548 1121 2603 κατά
1164 2549 1256 2603 τὸν
1306 2551 1637 2623 Σύμμαχον,
1696 2572 1715 2605 ι
1763 2555 1888 2608 Ἐπὶ
1938 2556 2035 2626 τὴν

468 2635 770 2707 Ἰδουμαίαν
826 2637 1158 2709 ἐπιϐήσομαι
1215 2638 1294 2710 τῷ
1341 2641 1646 2713 ὑποδήματί
1693 2661 1812 2715 μου.
1856 2663 1875 2696 ι
1926 2646 2036 2698 Καὶ

455 2727 682 2781 τοιαῦτα
726 2728 824 2798 μὲν
872 2730 1263 2799 ἐπαγγέλλεται
1293 2731 1372 2803 τῷ
1404 2733 1577 2787 Μωάϐ
1615 2735 1708 2787 καὶ
1752 2737 1818 2806 τῇ
1876 2735 2035 2788 Ἰδου-

459 2818 618 2890 μαίᾳ.
660 2820 796 2888 Περὶ
839 2820 897 2874 δὲ
927 2821 1034 2876 τῶν
1060 2822 1372 2894 ἀλλοφύλων
1406 2824 1569 2878 πάλιν
1595 2827 1623 2879 6
1657 2826 1818 2890 αὐτὸς
1853 2827 2037 2880 ἐπιλέ-

457 2924 577 2976 γει·
614 2927 634 2960 ι
688 2907 841 2981 Ἐμοὶ
874 2910 1158 2982 ἀλλόφυλοι
1193 2914 1572 2986 ὑπετάγησανο
1613 2935 1631 2968 ι
1664 2917 1722 2988 ἢ,
1758 2915 1900 2972 κατά
1946 2918 2036 2973 τὸν

470 2997 699 3052 Ἀκύλαν
722 3017 736 3030 σ
774 3019 793 3052 ι
838 3000 952 3054 Ἐπ’
975 3003 1075 3073 ἐμὲ
1106 3004 1422 3059 Φυλιστιαία
1458 3006 1579 3078 (sic)
1604 2999 1942 3081 ἡταιρήσατο
1964 3027 1976 3040 υ
2012 3030 2031 3061 ι

458 3092 600 3146 κατά
630 3093 687 3147 δὲ
715 3094 806 3147 τὸν
843 3094 1189 3161 Θεοδοτίωνα,
1231 3116 1249 3148 (
1288 3098 1441 3168 Ἐμοὶ
1490 3096 1775 3168 ἀλλόφυλοι
1828 3101 2038 3169 ὲφιλία-

2134 1997 2284 2055 lebes
2317 1998 2631 2055 securitatis
2684 2014 2852 2066 meae;
2887 2020 2905 2052 ι
2942 2000 3139 2070 Aquila
3189 2015 3344 2067 vero,
3383 2020 3403 2053 ι
3441 2002 3600 2059 Moab
3632 2005 3712 2058 lo-

2133 2091 2232 2147 bes
2266 2090 2470 2146 lavacri
2520 2091 2647 2145 mei.
2684 2110 2703 2143 ι
2753 2091 3019 2162 Deinceps
3052 2092 3121 2148 de
3165 2091 3398 2149 ldumaea
3432 2093 3549 2149 haec
3595 2094 3714 2164 ipso

2135 2181 2444 2253 pollicetur,
2482 2201 2501 2233 ι
2532 2180 2590 2236 ln
2635 2181 2926 2238 ldumaaam
2959 2182 3249 2238 extendam
3276 2185 3710 2241 calceamentum

2135 2290 2316 2331 meum
2331 2293 2346 2343 ;
2361 2295 2379 2327 ι
2405 2276 2521 2331 sive
2541 2275 2840 2331 secundum
2863 2274 3277 2347 Symmachum,
3301 2295 3321 2328 ι
3344 2274 3404 2331 In
3418 2276 3710 2332 ldumaeam

2134 2367 2503 2424 conscendam
2555 2368 2929 2424 calceamento
2972 2381 3115 2423 meo.
3149 2387 3168 2420 ι
3221 2368 3288 2422 Et
3330 2367 3447 2423 haec
3491 2369 3710 2439 quidem

2134 2457 2294 2514 Moab
2319 2467 2373 2514 et
2408 2457 2656 2512 ldumaeae
2688 2457 2999 2528 pollicetur.
3033 2457 3109 2513 De
3135 2458 3457 2531 alienigenis
3489 2473 3710 2515 rursum

2135 2550 2347 2620 adjicit,
2387 2568 2406 2601 ι
2440 2548 2571 2624 Mihi
2599 2549 2915 2620 alienigenae
2955 2549 3160 2605 subditi
3204 2558 3367 2618 sunt;
3406 2570 3427 2605 ι
3460 2551 3577 2607 sive
3617 2566 3707 2605 se-

2136 2639 2375 2695 cundum
2418 2641 2708 2710 Aquilam,
2761 2658 2781 2692 ι
2816 2626 2948 2694 Mihi
2976 2638 3289 2697 Philisthaea
3316 2642 3490 2698 amica
3518 2641 3650 2707 fuit;
3688 2661 3709 2694 ι

2137 2730 2438 2786 secundum
2466 2730 2900 2787 Theodotionem
2933 2740 3135 2796 autem,
3173 2751 3192 2784 ι
3226 2732 3355 2787 Mihi
3396 2733 3715 2804 alienigena

2138 2822 2300 2877 amici
2326 2821 2456 2877 facti
2486 2832 2635 2878 sunt.
2668 2841 2686 2875 ι
2724 2822 2853 2879 Haec
2901 2838 3067 2895 porro
3099 2823 3233 2894 ipsis
3261 2825 3443 2880 verbis
3472 2833 3526 2880 et
3567 2827 3716 2881 voci-

2137 2913 2241 2968 bus
2290 2912 2349 2967 in
2397 2928 2508 2968 cvu
2554 2914 2767 2984 psalmo
2814 2914 2961 2969 dicta
2993 2924 3143 2978 sunt,
3191 2914 3245 2968 in
3276 2930 3385 2985 quo
3414 2917 3714 2972 secundum

2136 3004 2647 3076 LXXlnterpretes,
2714 3006 2922 3061 amicos
2985 3006 3081 3062 Dei
3120 3006 3336 3063 futuros
3382 3008 3713 3080 alienigenas

2142 3098 2201 3152 in
2229 3097 2496 3153 vaticinio
2539 3096 2736 3154 fertur.
2793 3098 3070 3169 Scriptum
3118 3101 3302 3170 itaque
3343 3106 3430 3155 est
3469 3100 3526 3154 ir.
3578 3100 3714 3156 illo:

461 3202 581 3243 σαν.
610 3205 630 3238 ι
655 3186 802 3239 Αύτὰ
829 3187 885 3241 δὲ
916 3187 1088 3242 ταῦτα
1119 3192 1232 3252 τοῖς
1260 3190 1443 3253 αὐτοῖς
1474 3192 1704 3262 ῥήμασι,
1728 3193 1822 3245 καὶ
1850 3193 2038 3257 αὑταῖς

2144 3207 2167 3243 ι
2197 3189 2357 3246 Moab
2381 3190 2531 3247 lebes
2562 3190 2679 3261 spei
2706 3205 2858 3247 mea.
2896 3190 2955 3246 lu
2983 3190 3269 3247 ldumaaam
3295 3193 3583 3248 extendam
3603 3194 3718 3248 cal-

458 3277 633 3343 λέξεσι
660 3280 753 3332 καὶ
779 3281 835 3332 ἐν
866 3279 943 3351 τῷ
973 3281 1052 3352 ρξ’
1082 3280 1297 3352 εἴρηται
1321 3281 1540 3354 ψαλμῷ,
1575 3285 1633 3337 ὲν
1671 3279 1715 3353 ᾧ
1761 3287 1855 3339 καὶ
1895 3286 2037 3340 κατὰ

460 3370 585 3433 τοὺς
639 3368 1040 3441 Ἑϐδομήκοντα
1077 3372 1345 3441 φιλιάσειν
1400 3371 1480 3443 τῷ
1509 3373 1627 3445 Θεῷ
1667 3375 1717 3427 οἱ
1750 3375 2036 3445 ἀλλόφυλοι

461 3458 826 3526 θεσπίξονται.
857 3464 1171 3536 Γέγραπται
1192 3464 1321 3533 γοῦν
1348 3466 1441 3519 καὶ
1470 3467 1527 3520 ὲν
1552 3467 1767 3538 ἐκείνῳ·
1809 3486 1829 3519 ι
1861 3467 2036 3521 Μωάϐ

460 3553 623 3625 λέϐης
648 3555 748 3626 τῆς
776 3555 990 3617 ἐλπίδος
1018 3574 1138 3626 μου.
1182 3558 1305 3610 Ἐπὶ
1326 3557 1425 3629 τὴν
1465 3558 1767 3630 Ἰδουμαίαν
1795 3560 2037 3614 ἐπιϐαλῶ

460 3645 524 3698 τὸ
548 3646 803 3717 ὑπόδημά
849 3663 969 3716 μου,
1001 3648 1124 3718 ἐμοὶ
1178 3648 1467 3717 ἀλλόφυλοι
1514 3649 1820 3719 ὲφιλίασαν.
1856 3671 1876 3703 ι
1926 3652 2037 3705 Καὶ

460 3736 633 3792 ταῦτα
656 3738 755 3809 μὲν
772 3738 899 3810 περὶ¹
927 3738 1033 3793 τῶν
1054 3738 1366 3809 ἀλλοφύλων
1386 3740 1586 3811 διῆλθε.
1612 3741 1767 3795 Μετὰ
1786 3743 1842 3795 δὲ
1865 3742 2037 3796 ταῦτα

462 3831 528 3883 ὲκ
552 3828 841 3902 προσώπου
869 3830 962 3884 τοῦ
1005 3832 1274 3885 Ἰουδαίων
1315 3832 1444 3886 λαοῦ
1475 3836 1507 3904 ὴ
1538 3835 1844 3905 προφητεία
1878 3836 2036 3889 πάλιν

462 3922 656 3991 ἐπάγει
708 3922 991 3993 φάσκουσα
1013 3941 1026 3954 °
1078 3943 1097 3976 ι
1150 3924 1283 3994 Οὐχὶ
1307 3925 1372 3977 σὺ
1398 3926 1426 3977 6
1454 3925 1583 3989 Θεὸς
1622 3928 1653 3979 6
1679 3928 2037 3997 ἀπωσάμενος

462 4014 630 4082 ἡμᾶς,
662 4013 756 4067 καὶ
786 4013 885 4067 οὐκ
908 4013 1165 4086 ὲξελεύσῃ
1198 4018 1256 4069 ὲν
1278 4020 1399 4079 ταῖς
1444 4015 1737 4087 δυνάμεσιν
1770 4017 1926 4088 ήμῶν
1952 4034 1965 4081 ;
2013 4038 2031 4070 ι

467 4105 536 4156 Ἀ
569 4104 631 4175 δὴ
651 4104 814 4175 ὅμοια
838 4104 1030 4173 γένοιτ’
1052 4104 1117 4159 ἂν
1137 4108 1249 4170 τοῖς
1280 4106 1421 4161 κατά
1452 4108 1550 4177 τὴν
1577 4108 1752 4180 ἀρχὴν
1782 4108 2039 4179 λελεγμέ-

462 4211 576 4259 νοις
619 4198 675 4249 έν
702 4195 780 4266 τῷ
807 4235 820 4258 ,
856 4215 873 4247 ι
920 4194 977 4250 '0
1009 4195 1159 4259 Θεὸς,
1216 4197 1423 4251 ἀπώσω
1452 4198 1600 4268 ἡμᾶς
1645 4198 1741 4252 καὶ
1793 4197 2039 4259 καθεῖλες

462 4286 612 4357 ἡμᾶς
630 4303 645 4317 ”
682 4306 700 4337 ι
729 4286 794 4339 δι’
821 4279 896 4340 ὧν
915 4287 1102 4357 σαφῶς
1129 4288 1355 4350 ἑαυτοὺς
1391 4288 1488 4359 μὲν
1518 4288 1799 4343 ἀπεῶσθαι
1819 4288 2039 4357 λέγουσι

463 4379 559 4431 καὶ
595 4378 1007 4451 καθαιρεῖσθαι,
1065 4378 1139 4451 μὴ
1186 4381 1329 4451 ἔχειν
1371 4398 1431 4433 τε
1463 4381 1553 4434 τὸν
1578 4381 1711 4435 Θεὸν
1760 4381 1952 4453 βοηθὸν
1983 4383 2039 4433 ὲν

461 4472 584 4533 ταῖς
618 4471 827 4525 ἑαυτῶν
862 4468 1126 4543 ’δυνάμεσι
1146 4488 1160 4501 ο
1190 4474 1316 4535 τοὺς
1356 4472 1413 4525 δὲ
1450 4472 1780 4541 ἀλλοφύλους
1811 4472 2038 4529 καθόλου

2139 3288 2483 3336 ceamentum
2536 3296 2754 3345 meum,
2810 3281 2945 3337 mihi
3000 3282 3317 3353 alienigena:
3372 3284 3533 3339 amici
3585 3283 3718 3344 facti

2139 3380 2269 3428 sunt
2299 3372 2340 3426 ⁸.
2379 3391 2398 3424 ι
2432 3371 2499 3427 Et
2528 3372 2644 3427 haec
2669 3371 2887 3442 quidem
2933 3372 3003 3427 de
3050 3372 3370 3444 alienigenis
3418 3375 3714 3428 enarravit.

2142 3463 2259 3518 Sub
2289 3464 2404 3519 haec
2428 3473 2608 3519 autem
2652 3479 2720 3520 ex
2761 3478 2997 3533 persona
3026 3462 3239 3519 Judaici
3273 3466 3457 3535 populi
3484 3466 3718 3536 prophe-

2138 3556 2214 3609 tia
2246 3568 2466 3609 rursum
2498 3553 2689 3622 adjicit
2722 3571 2736 3607 :
2772 3572 2791 3605 ‹
2822 3552 3015 3608 Nonne
3046 3563 3103 3608 tu
3125 3593 3139 3618 ,
3173 3552 3320 3610 Deus
3344 3595 3359 3621 ,
3395 3554 3489 3624 qui
3513 3556 3716 3624 repuli-

2139 3646 2209 3699 sti
2240 3658 2342 3698 nos
2362 3683 2376 3707 ,
2408 3649 2463 3698 et
2491 3658 2602 3697 non
2630 3643 2929 3713 egredieris
2957 3644 3014 3697 in
3042 3643 3336 3700 virtutibus
3365 3644 3570 3700 nostris
3600 3645 3662 3698 ’ἲ
3694 3665 3712 3698 ι

2139 3733 2273 3800 Quae
2317 3734 2517 3789 similia
2567 3741 2695 3790 sunt
2746 3734 2816 3789 iis
2861 3749 2983 3804 qua:
3028 3733 3098 3788 ab
3144 3733 3301 3789 initio
3351 3733 3498 3789 dicta
3543 3733 3717 3796 fuere,

2144 3842 2164 3876 ι
2188 3823 2356 3891 Deus,
2388 3824 2639 3895 repulisti
2661 3838 2762 3879 nos
2784 3834 2839 3879 et
2859 3823 3181 3881 destruxisti
3206 3839 3340 3880 nos:
3365 3843 3384 3877 ›
3409 3826 3567 3895 queis
3597 3841 3721 3896 per-

2138 3915 2328 3985 spicue
2358 3930 2417 3971 se
2447 3916 2697 3985 repulsos
2722 3922 2776 3969 et
2800 3914 3111 3971 destructos
3143 3914 3314 3971 fuisse
3342 3925 3588 3984 narrant,
3616 3933 3719 3973 ne-

2140 4021 2248 4076 que
2281 4004 2451 4060 Deum
2501 4005 2556 4060 in
2604 4003 2922 4069 virtutibus,
2972 4005 3088 4060 sive
3132 4006 3187 4060 in
3236 4006 3570 4064 exercitibus
3600 4008 3720 4064 suis

2139 4097 2494 4167 opitulantem
2550 4096 2753 4152 habere
2802 4114 2817 4152 ;
2866 4095 3198 4167 alienigenas
3241 4112 3374 4152 vero
3417 4099 3721 4168 generatim

2141 4202 2332 4244 omnes
2361 4189 2569 4243 amicos
2596 4187 2692 4242 Dei
2716 4186 2940 4243 effectos
2969 4201 3129 4255 esse;
3163 4185 3321 4243 Moab
3349 4203 3479 4243 vero
3508 4190 3723 4260 specia-

2142 4281 2239 4335 tim
2264 4281 2493 4336 lebetem
2521 4280 2638 4351 spei
2661 4280 2801 4350 ejus,
2842 4295 2938 4337 seu
2967 4280 3197 4336 lebetem
3230 4279 3433 4335 lavacri
3462 4281 3604 4350 ejus,
3634 4282 3721 4337 vel

2142 4371 2455 4427 securitatis
2475 4370 2776 4441 ejus'esse;
2803 4369 3203 4440 Idumaeamque
3231 4370 3605 4425 calceamento
3625 4369 3720 4425 Dei

2141 4463 2419 4534 dignatam
2455 4463 2646 4519 fuisse.
2710 4461 2837 4518 Hac
2884 4462 3252 4518 illustratione
3282 4460 3521 4534 Spiritus
3552 4461 3722 4516 divini

467 4562 568 4632 μὲν
588 4563 796 4625 πάντας
819 4562 1004 4633 φίλους
1053 4560 1331 4631 γεγονέναι
1356 4561 1433 4632 τῷ
1459 4562 1576 4633 Θεῷ
1603 4602 1618 4627 ,
1670 4562 1812 4626 ίδίως
1859 4563 1916 4616 δὲ
1947 4562 2038 4616 τὸν

2143 4555 2369 4611 edoctus
2394 4555 2564 4611 David
2587 4595 2602 4622 ,
2637 4556 2793 4625 quasi
2824 4570 2891 4610 ex
2917 4569 3151 4626 persona
3187 4554 3359 4609 totius
3386 4554 3607 4624 populi,
3638 4554 3724 4607 di-

462 4654 638 4709 Μωάϐ
666 4653 870 4725 λέϐητα
890 4652 1054 4707 αὐτοῦ
1082 4654 1183 4724 τῆς
1208 4653 1419 4717 ἐλπίδος
1440 4692 1455 4717 ,
1488 4654 1521 4725 ἢ
1549 4653 1751 4725 λέϐητα
1779 4652 1874 4706 τοῦ
1917 4653 2039 4706 λου-

462 4744 593 4816 τροῦ
628 4744 812 4810 αὐτοῦ,
839 4744 872 4816 ἢ
907 4746 1005 4817 τῆς
1033 4744 1363 4817 ἀμεριμνίας
1397 4743 1559 4798 αὐτοῦ
1593 4744 1902 4814 γεγονέναι·
1940 4744 2039 4816 τὴν

463 4838 522 4891 δὲ
560 4837 862 4908 Ἰδουμαίαν
889 4836 982 4891 τοῦ
1005 4837 1347 4909 ὑποδήματος
1371 4836 1466 4891 τοῦ
1490 4836 1625 4890 Θεοῦ
1650 4836 2036 4908 κατηξιῶσθαι.

465 4926 627 4980 Ταῦτ’
655 4924 751 4981 οὖν
776 4926 855 4997 τῷ
892 4926 1167 4997 Πνεύματι
1195 4925 1274 4997 τῷ
1306 4926 1435 4997 θείῳ
1467 4925 1756 4997 φωτισθεὶς
1784 4928 1813 4980 ὁ
1854 4925 2037 4992 Δαυῖδ,

464 5022 755 5074 κοινοποιεῖ
783 5019 872 5073 τὸν
894 5020 1050 5088 λόγον
1067 5019 1141 5083 ὡς
1169 5021 1234 5072 ὲκ
1257 5018 1546 5091 προσώπου
1574 5016 1668 5071 τοῦ
1690 5018 1889 5083 παντὸς
1910 5017 2039 5071 λαοῦ

464 5113 561 5166 καί
612 5130 805 5183 φησιν’
852 5130 870 5163 ι
921 5112 978 5165 Ὀ
1007 5112 1173 5175 Θεὸς,
1218 5110 1423 5165 ἀπώσω
1464 5113 1612 5182 ήμᾶς
1664 5111 1759 5165 καὶ
1797 5110 2042 5173 καθεῖλες

468 5206 640 5276 ἡμᾶς·
671 5225 689 5256 ι
715 5204 768 5276 ἢ,
804 5203 945 5259 κατὰ
974 5204 1066 5257 τὸν
1098 5204 1388 5275 Σύμμαχον
1407 5220 1421 5234 ο
1456 5222 1474 5255 ι
1526 5204 1585 5256 Ὀ
1599 5202 1750 5267 Θεὸς,
1768 5200 2039 5256 ἀπεϐάλου

467 5299 637 5367 ἡμᾶς,
671 5297 766 5351 καὶ
814 5297 1069 5366 διέκοψας
1114 5296 1293 5367 ἡμᾶς·
1339 5315 1357 5346 ι
1403 5294 1589 5364 σαφῶς
1631 5293 1901 5364 ἀποϐολὴν
1947 5294 2041 5346 καὶ

468 5384 751 5456 ἀποκοπὴν
772 5385 951 5438 αὐτῶν
973 5384 1239 5455 δηλώσας.
1266 5381 1375 5439 Εἶτ’
1400 5383 1659 5453 ἐπιλέγει·
1689 5402 1709 5435 ‹
1732 5383 2038 5455 Ὤργίσθης,

2141 4649 2237 4713 cit,
2279 4666 2299 4699 ι
2322 4647 2487 4711 Deus,
2511 4649 2757 4718 repulisti
2793 4661 2896 4702 nos
2929 4654 2983 4702 et
3005 4645 3329 4702 destruxisti
3359 4659 3495 4710 nos;
3528 4662 3548 4696 ι
3583 4645 3720 4707 sive,

2143 4740 2444 4795 secundum
2477 4738 2863 4811 Symmachum
2901 4757 2913 4792 :
2953 4756 2973 4790 ‹
3004 4736 3170 4801 Deus,
3224 4734 3476 4806 abjecisti
3501 4750 3637 4798 nos,
3668 4745 3723 4789 et

2143 4831 2429 4888 abscidisti
2456 4846 2558 4885 nos
2578 4870 2592 4895 ,
2626 4850 2645 4883 ι
2678 4830 3041 4899 abjectionem
3085 4838 3140 4884 et
3172 4828 3567 4884 abscissionem
3599 4842 3720 4879 ma-

2144 4922 2345 4980 nifeste
2392 4922 2728 4993 signiﬁcans.
2799 4920 3335 4993 Subjungitpostea,
3373 4937 3392 4970 ι
3430 4916 3608 4973 Iratus
3637 4933 3718 4982 es,

2146 5022 2202 5070 et
2246 5013 2504 5070 misertus
2550 5029 2611 5069 es
2658 5013 2849 5080 nobis;
2888 5032 2908 5064 ι
2956 5012 3257 5068 secundum
3286 5012 3538 5082 Aquilam
3568 5026 3719 5074 vero.

2154 5129 2173 5162 ι
2205 5109 2378 5166 Iratus
2416 5109 2658 5164 avertisti
2708 5122 2844 5174 nos;
2882 5126 2902 5159 )
2954 5106 3256 5163 secundum
3309 5104 3721 5178 Symmachum,

2153 5220 2172 5252 ‹
2204 5199 2381 5255 Iratus
2404 5214 2485 5266 es,
2509 5204 2563 5253 et
2583 5197 2999 5254 circumduxisti
3024 5211 3159 5264 nos;
3182 5216 3199 5248 ι
3237 5195 3537 5252 secundum
3562 5194 3724 5265 quin.

2148 5300 2259 5347 tam
2288 5291 2604 5357 editionem,
2634 5290 2741 5344 «Et
2770 5289 3186 5344 circumduxisti
3226 5304 3381 5344 nos.»
3417 5286 3544 5343 Hac
3559 5302 3726 5357 porr»

2147 5393 2579 5438 eventusrerum
2611 5382 2733 5452 plus
2764 5396 2926 5452 quam
2953 5382 3117 5436 verba
3149 5379 3413 5435 declarat.

469 5475 565 5551 καὶ
590 5475 929 5548 ᾠκτείρησας
952 5478 1127 5548 ἡμᾶς·
1143 5496 1162 5529 ι
1201 5478 1341 5531 κατά
1371 5478 1429 5531 δὲ
1455 5478 1547 5532 τὸν
1587 5477 1838 5543 Ἀκύλαν,
1862 5496 1881 5529 ι
1912 5475 2199 5547 Θυμωθεὶς
2224 5474 2593 5547 μετέστρεψας
2620 5476 2766 5547 ἡμᾶς
2784 5491 2831 5525 ἰ
2854 5473 2994 5527 κατὰ
3019 5473 3076 5526 δὲ
3102 5472 3194 5525 τὸν
3220 5472 3535 5542 Σύμμαχον,
3562 5488 3580 5520 ι
3615 5471 3727 5539 Ὤρ-

468 5571 681 5641 γίσθης,
745 5572 838 5624 καὶ
904 5572 1237 5642 περιήγαγες
1301 5573 1477 5643 ἡμᾶς·
1518 5590 1537 5623 ι
1578 5572 1718 5625 κατά
1759 5571 1817 5625 δὲ
1857 5571 1957 5643 τὴν
1999 5570 2257 5642 πέμπτην
2320 5570 2549 5635 ἔκδοσιν,
2586 5589 2605 5622 ι
2652 5570 2762 5624 Καὶ
2795 5569 3132 5639 περιήγαγες
3170 5560 3340 5638 ἡμᾶς.
3380 5584 3399 5619 ι
3442 5562 3629 5619 Ταῦτα
3669 5565 3727 5618 δι

471 5665 670 5737 μᾶλλον
700 5666 807 5719 τῶν
830 5665 1002 5735 λόγων
1029 5669 1063 5738 ή
1091 5666 1199 5720 τῶν
1230 5664 1569 5737 πραγμάτων
1614 5665 1837 5729 ἔκϐασις
1872 5664 2189 5735 παρίστησι.

549 5846 573 5880 ⁸
601 5848 747 5906 Psal.
780 5864 921 5914 cvu,
960 5849 1046 5904 10.
1124 5850 1146 5881 ⁸
1186 5848 1319 5904 ibid.
1356 5846 1443 5904 12.
