4142 6388
395 456 503 514 559

1062 440 1331 501 EUSEBII
1369 433 1848 496 CESARIENSlS
1896 431 2048 488 OPP.
2092 429 2273 488 PARS
2309 429 2397 486 l'll.
2442 460 2512 469 —
2549 424 2963 485 EXEGETICA.

3536 417 3639 475 560

464 573 595 628 Post
606 567 902 625 Salvatoris
921 567 1100 635 itaque
1120 563 1295 619 nostri
1318 560 1630 619 adventum,
1647 557 1865 629 quando
1886 555 1963 607 in-
1990 600 1997 614 ι

2134 553 2287 609 Μετὰ
2338 552 2469 622 γοῦν
2520 550 2619 620 τὴν
2674 548 2768 602 τοῦ
2828 546 3079 617 Σωτῆρος
3128 542 3288 615 ημῶν
3338 542 3642 612 παρουσίαν

393 665 535 720 rasit
561 677 657 718 eos
686 661 766 714 ira
795 659 851 713 in
880 656 1062 721 ﬁnem,
1092 655 1206 709 haec
1223 653 1408 707 omnia
1431 652 1599 720 passi,
1623 647 1847 719 repulsi,
1878 647 1968 699 deo

395 754 589 815 structi
606 761 660 809 et
675 750 875 820 ab'jecti
904 756 1063 813 sunt;
1091 744 1321 801 abscissi
1350 744 1478 797 item
1502 750 1555 797 et
1583 737 1963 802 circumducti,

395 849 452 903 in
481 856 778 912 omnesque
825 848 1012 909 gentes
1043 835 1299 905 dispersi.
1330 830 1438 887 Sed
1470 831 1655 896 etiam,
1681 847 1701 880 ‹
1721 841 1967 882 commo-

394 933 543 997 visti,
583 928 778 999 inquit,
804 934 1007 981 terram
1044 934 1092 978 et
1138 921 1475 976 conturbasti
1493 934 1635 981 eam,
1679 917 1808 986 quia
1840 930 1970 969 sex-

396 1032 554 1080 centa
579 1021 651 1075 ibi
678 1020 820 1073 mala
835 1017 1079 1082 inerant;
1104 1014 1159 1068 in
1192 1024 1337 1068 terra
1368 1013 1491 1065 dico
1515 1025 1727 1072 eorum,
1758 1007 1971 1062 scilicet

395 1114 718 1178 Jerusalem,
752 1111 844 1166 ubi
876 1109 1026 1179 regia
1058 1115 1111 1163 et
1141 1105 1541 1167 sanctuarium,
1575 1102 1667 1156 ubi
1701 1102 1883 1156 omnia
1912 1101 1969 1154 in

398 1210 515 1279 lege
538 1202 849 1262 veneranda
876 1199 1361 1271 persolvebantur:
1393 1196 1510 1250 sive
1552 1194 1719 1248 etiam
1770 1194 1825 1247 in
1857 1199 1971 1246 tota

396 1297 616 1350 illorum
660 1293 915 1363 regione;
959 1291 1073 1343 sive
1103 1290 1159 1342 in
1205 1286 1497 1341 animabus
1525 1298 1714 1338 eorum
1764 1282 1972 1351 tropice

401 1398 546 1444 terra
569 1384 920 1454 nuncupatis.
951 1382 1082 1447 Quae
1109 1379 1292 1434 omnia
1321 1375 1613 1432 confertim
1639 1374 1710 1429 ob
1728 1373 1973 1442 improha

400 1495 589 1536 eorum
622 1477 887 1541 facinora,
914 1480 1187 1528 commota
1211 1478 1265 1525 et
1288 1469 1613 1525 conturbata
1643 1475 1792 1521 sunt.
1821 1466 1976 1518 Atta-

402 1587 526 1627 men
553 1576 707 1640 rogat
738 1566 1010 1637 Propheta
1052 1564 1107 1618 in
1145 1562 1502 1633 sequentibus
1533 1579 1547 1615 :
1587 1578 1605 1610 ι
1641 1558 1787 1612 Sana
1844 1571 1977 1610 con-

402 1661 655 1716 tritiones
676 1658 815 1727 ejus,
853 1656 980 1726 quia
1008 1664 1281 1707 commota
1307 1657 1409 1705 est.
1446 1668 1467 1700 ι
1501 1649 1545 1701 Α
1570 1647 1791 1717 proprio
1821 1659 1977 1699 nam-

404 1769 510 1822 que
541 1753 659 1806 loco
689 1758 744 1804 et
789 1748 899 1803 situ
942 1753 1217 1800 commota
1280 1751 1336 1797 et
1388 1754 1659 1796 concussa
1719 1737 1977 1807 pra-dicta

405 1854 574 1907 terra,
598 1839 1021 1897 contritionibus
1072 1845 1126 1891 et
1160 1834 1335 1889 ruinae
1366 1833 1609 1887 suberat.
1658 1829 1839 1896 Quare
1874 1830 1977 1885 sub

411 1898 526 1991 haec
553 1898 816 1988 additur:
857 1949 876 1982 ι
926 1926 1225 1985 Ostendisti
1286 1925 1487 1996 p0pulo
1520 1931 1614 1977 tuo
1648 1923 1825 1977 dura:
1868 1941 1885 1973 ι
1924 1930 1979 1975 οι
2014 1898 2051 1953 Β

405 2029 535 2082 vino
589 2021 1030 2092 compunctionis
1084 2024 1235 2089 potat
1292 2018 1451 2082 illos;
1500 2016 1617 2071 sive
1676 2011 1978 2069 secundum

405 2118 683 2189 Aquilam,
718 2134 736 2168 ι
774 2115 898 2169 vino
933 2112 1183 2182 saporis;
1219 2129 1239 2162 ι
1290 2111 1409 2165 sive
1464 2107 1767 2161 secundum
1822 2103 1983 2176 Sym-

408 2211 683 2274 machum,
738 2226 758 2259 ι
794 2208 924 2261 vino
980 2201 1318 2273 jactationis.
1357 2218 1377 2253 ι
1434 2198 1512 2254 Ac
1571 2198 1755 2253 dicere
1811 2197 1981 2259 licet,

410 2301 718 2357 divinarum
780 2295 1187 2365 Scripturarum
1242 2289 1492 2354 verbum,
1545 2301 1655 2357 quo
1693 2300 1882 2341 eorum
1929 2285 1983 2338 in

409 2392 688 2448 Christum
744 2386 1100 2444 incredulitas
1159 2383 1428 2453 arguitur,
1446 2381 1652 2460 .vinum
1678 2394 1802 2433 esse
1835 2392 1984 2432 com-

411 2483 742 2555 ptmclionis,
777 2495 967 2536 eorum
1011 2475 1348 2531 conscientia
1400 2488 1497 2543 per
1543 2471 1857 2542 pr0phetlas
1920 2469 1988 2524 de

411 2576 653 2639 Christo,
698 2588 909 2628 necnon
960 2586 1057 2641 per
1096 2574 1419 2638 praesentem
1471 2579 1657 2620 rerum
1717 2562 1989 2617 conditio-

413 2684 538 2724 nem
570 2706 587 2731 ,
641 2680 705 2720 ac
749 2680 844 2735 per
894 2662 1309 2717 conversionem
1365 2656 1605 2727 gentium
1661 2664 1989 2721 compuncta

415 2771 469 2819 et
493 2759 800 2815 vulnerata.
833 2754 959 2810 Haac
986 2754 1210 2824 quippe,
1273 2750 1489 2807 etiamsi
1533 2764 1645 2804 non
1702 2746 1874 2801 fucati
1906 2745 1990 2799 vi-

416 2854 645 2909 deantur
662 2862 805 2915 esse,
832 2861 1023 2902 eorum
1041 2844 1433 2900 conscientiam
1464 2846 1735 2911 pungunt,
1762 2837 1987 2902 feriunt,

417 2952 472 3001 et
504 2943 571 2998 ad
600 2955 822 2998 sensum
864 2954 979 2994 sua:
1029 2952 1158 3008 erga
1212 2936 1549 2989 Salvatorem
1579 2940 1637 2987 et
1691 2931 1988 2986 Dominum

2069 646 2247 699 πάντα
2296 642 2467 697 ταῦτα
2499 640 2859 702 πεπόνθασιν,
2915 639 3003 691 ὅτε
3058 636 3290 706 ἔφθασεν
3334 635 3418 687 ἐπ’
3448 633 3645 696 αὐτοὺς

2067 737 2203 807 ὀργὴ
2231 736 2310 797 είς
2340 733 2511 795 τέλος,
2540 729 2871 798 ἀταῦσθησάν
2898 744 2959 780 τε
3004 727 3097 779 καὶ
3129 723 3508 795 καθῃρέθησαν
3548 722 3644 776 καὶ

2068 827 2486 898 ἀπεϐλήθησαν·
2524 821 2850 893 διεκόπησάν
2884 836 2945 872 τε
2985 819 3078 872 καὶ
3119 814 3493 887 περιήχθησαν
3525 814 3644 867 δια-

2072 918 2489 992 σκορπισθέντες
2538 918 2619 979 είς
2652 914 2828 968 πάντα
2859 912 2927 965 τὰ
2958 911 3106 980 ἔθνη.
3146 908 3305 963 Ἀλλὰ
3337 908 3429 962 καὶ
3462 925 3480 959 ι
3521 923 3644 959 συν-

2072 1015 2310 1075 έσεισας,
2340 1010 2491 1080 φησι,
2522 1007 2621 1078 τὴν
2642 1008 2765 1077 γῆν,
2795 1006 2889 1059 καὶ
2911 999 3280 1074 συνετάραξας
3302 1000 3489 1070 αὐτὴν,
3518 1017 3536 1050 ι
3558 997 3645 1051 διά

2070 1106 2131 1159 τὸ
2164 1102 2335 1176 μυρία
2368 1100 2511 1155 κακὰ
2542 1101 2598 1152 ἐν
2622 1098 2757 1168 αὑτῇ
2780 1095 3089 1165 γίγνεσθαιο
3121 1093 3262 1161 λέγω
3289 1093 3347 1146 δέ
3368 1095 3433 1162 τῇ
3467 1090 3646 1143 αὐτῶν

2071 1205 2164 1273 γῇ,
2201 1202 2319 1271 ῆτοι
2351 1202 2416 1270 τῇ
2455 1194 2823 1268 Ἰερουσαλὴμ,
2857 1196 2914 1246 ἐν
3009 1191 3102 1245 καὶ
3134 1190 3193 1242 τὸ
3229 1189 3516 1259 βασίλειον,
3552 1184 3648 1239 καὶ

2072 1293 2133 1345 τὸ
2162 1291 2429 1359 άγίασμα,
2455 1288 2547 1342 καὶ
2580 1286 2756 1339 πάντα
2784 1284 2850 1337 τὰ
2880 1281 3053 1353 σεμνὰ
3084 1278 3177 1334 τοῦ
3221 1279 3385 1349 νόμου
3429 1293 3647 1330 συνετε-

2073 1384 2241 1437 λεῖτο·
2270 1382 2302 1453 ἢ
2335 1382 2429 1436 καὶ
2471 1370 2620 1453 πάσῃ
2651 1377 2831 1432 αὐτῶν
2864 1378 2929 1447 τῇ
2957 1374 3130 1446 χώρᾳ,
3167 1373 3200 1443 ἢ
3242 1373 3335 1425 καὶ
3380 1373 3500 1433 ταῖς
3544 1370 3651 1439 ψυ-

2074 1481 2195 1549 χαῖς
2217 1477 2393 1529 αὐτῶν
2414 1474 2688 1546 τροπικῶς
2708 1472 2809 1542 γῆν
2825 1467 3254 1539 ώνομασμέναις.
3291 1467 3356 1517 Ἀ
3386 1464 3449 1535 δὴ
3474 1464 3651 1518 πάντα

2074 1570 2285 1643 ἁθρόως
2312 1569 2400 1622 διὰ
2424 1568 2522 1630 τὰς
2549 1566 2899 1637 παρανόμους
2926 1562 3105 1615 αὐτῶν
3150 1558 3378 1630 πράξεις
3413 1555 3653 1609 συνεσεί-

2078 1662 2179 1732 σθη
2213 1661 2305 1715 καὶ
2336 1656 2733 1729 συνεταράχθη.
2772 1656 2961 1725 Ὅμως
2993 1652 3038 1704 δ’
3077 1646 3168 1705 οῦν
3212 1647 3443 1703 ἱκετεύει
3466 1649 3494 1700 ό
3521 1655 3654 1718 προ-

2078 1755 2253 1823 φήτης
2284 1750 2457 1818 λέγων
2490 1748 2637 1818 ἑξῆς·
2673 1766 2691 1797 ι
2733 1746 2908 1798 Ἴασαι
2940 1740 3007 1795 τὰ
3044 1739 3424 1811 συντρίμματα
3462 1737 3651 1805 αὐτῆς,

2079 1846 2158 1898 ὅτι
2180 1841 2426 1912 ἐκινήθη.
2462 1858 2480 1891 ›
2513 1836 2807 1908 Κινηθεῖσα
2835 1834 2943 1905 γὰρ
2975 1832 3069 1885 καὶ
3106 1829 3425 1883 σαλευθεῖσα
3454 1830 3552 1898 τῆς
3577 1828 3657 1879 ol-

2082 1933 2233 1995 κείας
2267 1930 2430 2001 μονῆς
2453 1927 2546 1982 καὶ
2577 1925 2862 1994 στάσεωςή
2894 1920 3250 1994 προλεχθείσα
3279 1919 3369 1988 γῆ,
3394 1917 3655 1987 συντρίμ-

2085 2042 2229 2098 ματα
2261 2024 2354 2077 καὶ
2379 2022 2704 2093 κατάγματα
2733 2019 3018 2087 ἐκτήσατο.
3069 2013 3265 2083 Διόπερ
3309 2010 3434 2081 ἑξῆς
3471 2008 3673 2062 ἐπιλέαι

2082 2134 2237 2187 γεται
2256 2131 2269 2144 ⁶
2313 2135 2331 2167 t
2360 2112 2608 2179 Ἔδειξας
2634 2110 2711 2181 τῷ
2738 2108 2852 2179 λαῷ
2874 2125 2965 2161 σου
2989 2105 3202 2177 σκληρά
3224 2122 3236 2136 ⁸
3276 2123 3296 2156 ι
3329 2103 3424 2157 καὶ
3450 2100 3657 2166 ποτίζει

2081 2209 2138 2261 δὲ
2170 2207 2364 2270 αὐτοὺς
2395 2202 2534 2259 οἶνον
2580 2202 2917 2268 κατανύξεως
2936 2217 2951 2233 ·
3004 2200 3062 2271 ἢ,
3093 2196 3234 2252 κατὰ
3258 2196 3350 2250 τὸν
3392 2194 3621 2248 ’Δκύλαν
3639 2230 3656 2256 ,

2091 2322 2109 2354 ι
2144 2297 2284 2355 οἶνον
2303 2297 2627 2370 καρώσεως*
2670 2314 2690 2347 ι
2719 2294 2776 2365 ἢ,
2810 2291 2950 2346 κατὰ
2976 2291 3068 2345 τὸν
3094 2291 3415 2361 Σύμμαχον,
3458 2307 3476 2340 ι
3517 2285 3659 2341 οίνον

2088 2394 2269 2447 σάλου.
2305 2411 2324 2444 ι
2358 2391 2466 2443 Καὶ
2491 2388 2606 2441 ἐστι
2634 2404 2698 2456 γε
2723 2388 2894 2439 εἰπεῖν
2926 2385 3015 2438 τὸν
3042 2384 3148 2437 ἀπὸ
3177 2383 3284 2436 τῶν
3328 2382 3487 2436 θείων
3520 2382 3558 2433 Γ
3564 2397 3660 2451 ρα-

2087 2486 2202 2555 φῶν
2229 2483 2386 2552 λόγον
2411 2523 2426 2546 ,
2452 2481 2762 2549 ἐλεγκτικὸν
2792 2481 2921 2533 ὄντα
2942 2476 3118 2530 αὐτῶν
3143 2476 3241 2546 τῆς
3287 2475 3367 2537 είς
3397 2474 3488 2526 τὸν
3520 2474 3658 2543 Χρι-

2090 2574 2211 2629 στὸν
2240 2572 2334 2627 τοῦ
2363 2570 2497 2625 Θεοῦ
2524 2571 2799 2634 ἀπιστίας,
2830 2566 2970 2622 οἶνον
2997 2567 3261 2639 ὑπάρχειν
3292 2564 3656 2631 κατανύξεως,

2088 2663 2419 2734 νυττομένης
2432 2661 2608 2715 αὐτῶν
2625 2660 2719 2715 καὶ
2733 2658 3172 2730 τιτρωσκομένης
3188 2657 3286 2727 τῆς
3305 2655 3663 2726 συνειδήσεως

2089 2754 2197 2809 ἀπὸ
2224 2754 2333 2808 τῶν
2380 2752 2631 2826 περὶτοῦ
2686 2752 2938 2822 Σωτῆρος
2976 2747 3350 2821 προφητειῶν·
3385 2746 3444 2811 ἐξ
3482 2747 3663 2799 αὐτῶν

2089 2863 2150 2901 τε
2177 2847 2285 2901 τῶν
2336 2846 2697 2917 περιεχόντων
2735 2844 2930 2906 αὐτοὺς
2972 2842 3309 2914 πραγμάτων
3341 2840 3434 2893 καὶ
3463 2840 3526 2891 ἐκ
3565 2838 3665 2909 τῆς

2090 2942 2198 2997 τῶν
2226 2941 2392 2995 ἐθνῶν
2408 2940 2762 3012 ἐπιστροφῆς.
2788 2938 2973 2991 Ταῦτα
2993 2936 3121 3007 γὰρ,
3148 2934 3249 2988 κᾶν
3272 2932 3663 3004 άπροσποίητο.

419 3044 668 3091 nostrum
700 3031 1037 3087 inﬁdelitatis
1093 3028 1393 3082 adducunt.
1448 3023 1555 3079 Sed
1605 3022 1716 3078 illis
1770 3022 1989 3092 quidem

2097 3030 2233 3090 εἴναι
2254 3035 2503 3097 δοκῶσιν,
2534 3035 2681 3104 ὅμως
2695 3033 2794 3102 τὴν
2824 3030 3124 3100 συνείδησιν
3143 3026 3322 3081 αὐτῶν
3346 3024 3662 3098 τιτρώσκει,

421 3127 538 3183 haec
562 3131 823 3180 eventura
849 3135 973 3176 esse
1018 3119 1371 3174 vaticinatur.
1421 3116 1492 3171 lis
1539 3122 1723 3169 autem
1774 3115 1869 3184 qui
1921 3112 1991 3167 ad

2097 3129 2397 3201 πλήττοντα
2428 3127 2522 3181 καὶ
2556 3128 2633 3188 είς
2660 3124 3004 3194 συναίσθησιν
3026 3120 3221 3184 αὐτοὺς
3248 3119 3449 3188 ἄγοντα
3468 3118 3566 3189 τῆς
3587 3118 3668 3181 είς

421 3218 700 3273 Christum
728 3213 825 3269 Dei
857 3212 1199 3274 com'enturi,
1247 3209 1475 3280 ejusque
1512 3208 1742 3263 salutem
1800 3221 1993 3262 susce-

2097 3221 2184 3276 τὸν
2213 3222 2442 3291 Σωτῆρα
2469 3218 2564 3272 κα)⁸
2594 3215 2798 3289 Κύριον
2829 3214 2981 3286 ἡμῶν
3008 3211 3284 3275 ἀπιστίας.
3343 3209 3482 3263 Ἀλλ’
3524 3208 3668 3262 ἐκεί-

424 3310 570 3384 pturi
594 3316 741 3371 sunt,
787 3306 903 3360 haec
953 3314 1143 3374 postea
1199 3302 1535 3357 annuntiat:
1570 3318 1589 3351 ι
1626 3298 1833 3353 Dedisti
1872 3312 1990 3352 me--

426 3400 707 3457 tuentibus
736 3406 790 3454 te
812 3396 1287 3467 signiﬁcationem,
1344 3401 1403 3447 ut
1429 3391 1641 3462 fugiant
1673 3406 1703 3444 a
1731 3389 1870 3444 facie
1911 3403 1998 3443 ar-

426 3508 560 3561 cus;
594 3510 615 3544 »
648 3488 947 3546 secundum
977 3484 1228 3554 Aquilam
1260 3498 1409 3548 vero,
1461 3499 1480 3532 ι
1523 3480 1729 3534 Dedisti
1751 3489 1998 3533 metuen-

426 3586 575 3642 tibus
600 3591 654 3638 te
681 3583 919 3650 signum,
948 3583 1011 3631 ut
1031 3574 1457 3646 signiﬁcentura
1478 3572 1616 3626 facie
1644 3569 1951 3635 ﬁrmitatis;
1972 3586 1992 3620 ι

429 3674 730 3732 secundum
758 3667 1147 3743 Symmachum
1175 3673 1380 3729 autem,
1420 3682 1441 3715 ι
1476 3662 1687 3719 Dedisti
1709 3660 2003 3717 metuenti-

428 3768 534 3823 bus
556 3773 610 3819 ιο
643 3764 883 3835 signum,
906 3769 967 3814 ut
1011 3758 1220 3829 fugiant
1254 3772 1285 3812 a
1313 3755 1452 3812 facie
1497 3755 1840 3826 sagittarum.
1885 3772 1905 3804 ι
1943 3751 2001 3807 Si

432 3860 533 3923 illi,
562 3857 629 3911 de
655 3856 853 3925 quibus
879 3851 1156 3923 superius,
1191 3852 1296 3907 hoc
1319 3851 1473 3921 signo
1509 3848 1683 3903 notati
1744 3846 1999 3907 fuissent,

433 3964 541 4003 non
571 3944 889 4015 repellendi,
926 3958 1027 3998 nec
1074 3942 1417 4004 destruendi,
1466 3954 1568 3995 nec
1621 3939 1715 3993 irae
1751 3936 2000 3991 tradendi

432 4048 609 4094 erant.
647 4036 755 4090 Sed
780 4036 909 4105 quia
944 4035 1162 4104 signum
1197 4033 1331 4087 illud
1365 4032 1606 4088 salutare
1635 4033 1880 4100 recipere
1905 4044 2007 4082 no-

434 4130 674 4190 luerunt,
703 4127 826 4194 jure
858 4125 915 4179 in
946 4124 1061 4178 haec
1085 4124 1413 4178 inciderunt.
1447 4122 1518 4176 At
1544 4123 1639 4193 qui
1671 4122 1866 4177 timent
1899 4119 2008 4175 Do-

364 4281 369 4286 .
436 4219 668 4281 minum,
702 4216 806 4287 (sic
827 4230 923 4269 eos
950 4216 1043 4284 qui
1077 4215 1307 4269 credunt
1356 4230 1425 4270 ex
1474 4215 1748 4286 gentibus,
1785 4222 1844 4269 ut
1892 4214 2008 4285 ple-

437 4322 670 4376 rumque
694 4306 1215 4371 demonstravimus,
1274 4305 1559 4376 Scriptura
1589 4307 1731 4362 solet
1760 4307 2006 4377 appella-

438 4402 544 4470 re.)
572 4406 793 4468 accepto
810 4398 987 4468 signo,
1014 4397 1217 4466 illoque
1234 4397 1345 4459 usi,
1370 4412 1433 4451 ac
1449 4398 1506 4451 in
1529 4398 1682 4451 vultu
1709 4398 2006 4469 obsignati,

440 4493 621 4548 locum
650 4490 974 4544 invenerunt
1007 4487 1248 4558 fugiendi
1278 4504 1309 4541 a
1336 4487 1473 4543 facie
1502 4503 1685 4552 arcus,
1719 4490 1868 4545 nullo
1898 4492 2012 4560 spi-

445 4582 724 4637 ritualium
752 4588 808 4636 et
829 4580 1186 4635 invisibilium
1236 4579 1581 4633 inimicorum
1626 4581 1798 4650 ipsos,
1834 4581 1905 4635 ob
1936 4582 2010 4636 si-
2038 4578 2087 4636 D

447 4687 613 4744 gnum
634 4685 761 4726 cum
781 4670 890 4725 illis
909 4680 1023 4725 tum
1044 4670 1284 4739 antiquis
1302 4669 1556 4734 inditum,
1573 4670 1739 4726 ferire
1752 4672 2009 4729 audente.

448 4765 663 4837 Moyses
718 4762 987 4833 siquidem
1032 4761 1321 4817 domorum
1353 4761 1541 4815 limina
1596 4764 1861 4831 sanguine
1890 4765 2016 4835 agni

449 4855 727 4927 paschalis
753 4853 1032 4924 obsignari
1058 4852 1318 4908 lsraelitis
1342 4854 1616 4922 praecepit,
1665 4863 1725 4908 ut
1753 4858 2015 4910 extermi-

450 4956 611 5003 nator
639 4952 977 5000 averteretur
1003 4944 1045 4997 ⁸.
1081 4940 1139 4997 Ιιι
1166 4942 1450 4997 Ezechiele
1489 4942 1697 5009 itidem,
1722 4960 1845 4999 cum
1865 4962 2018 5001 ever-

452 5038 617 5093 tenda
639 5038 773 5092 urbs
796 5043 961 5099 esset,
983 5033 1188 5089 dixisse
1209 5034 1469 5089 scribitur
1500 5032 1641 5089 Deus
1669 5036 1741 5099 ei,
1772 5039 1863 5107 qui
1889 5047 2021 5093 tunc

454 5132 718 5203 temporis
747 5129 947 5200 podere
975 5128 1303 5182 induebatur
1332 5145 1345 5181 :
1387 5144 1406 5178 ι
1435 5124 1631 5182 Transi
1666 5143 1762 5197 per
1785 5130 2020 5187 mediam

455 5223 731 5277 civitatem
758 5219 1081 5285 Jerusalem,
1122 5226 1178 5273 et
1204 5217 1277 5273 da
1306 5218 1463 5290 signa
1486 5233 1651 5289 super
1685 5220 1895 5277 frontes
1943 5222 2023 5276 vi-

456 5329 644 5379 rorum
680 5312 1011 5382 gementium
1036 5317 1090 5365 et
1114 5310 1412 5365 dolentium
1456 5326 1623 5380 super
1671 5313 1886 5368 cunctis
1918 5314 2025 5367 ini-

461 5406 761 5476 quitatibus
788 5419 910 5474 quae
960 5402 1095 5457 ﬁunt
1124 5402 1180 5456 in
1211 5401 1391 5457 medio
1420 5402 1665 5471 ipsorum
1690 5403 1732 5458 '.
1775 5422 1793 5454 ι
1826 5402 2028 5458 Deinde

464 5498 585 5551 aliis
618 5497 819 5550 dicitur
844 5514 857 5549 :
883 5514 901 5547 ι
927 5493 1005 5550 lte
1035 5495 1091 5548 in
1119 5493 1395 5548 civitatem
1416 5501 1541 5563 post
1562 5509 1710 5561 eum,
1742 5505 1796 5549 et
1828 5509 2025 5565 percu-

463 5590 560 5641 tite
586 5608 599 5641 ;
633 5604 699 5641 ne
730 5587 967 5655 parcatis
994 5587 1169 5641 oculis
1192 5584 1411 5651 vestris,
1436 5600 1614 5657 neque
1663 5588 2030 5643 misereamini

467 5695 651 5734 senem
679 5688 733 5734 et
767 5680 1187 5744 adolescentem,
1232 5680 1513 5749 parvulos,
1565 5687 1618 5736 et
1654 5681 1943 5751 virginem,
1976 5696 2029 5739 et

541 5857 757 5913 ‘Exod.
800 5875 894 5926 xu,
944 5861 995 5919 7,
1070 5861 1305 5917 'Ezech.
1350 5878 1425 5930 Ix,
1462 5864 1515 5920 4,

2096 3330 2207 3376 νοις
2247 3311 2343 3382 μὲν
2392 3311 2617 3363 τοιαῦτα
2646 3307 2855 3379 μέλλειν
2885 3304 3101 3357 ἔσεσθαι
3128 3302 3393 3367 θεσπίζει.
3438 3300 3577 3363 Τοὺς
3611 3299 3668 3352 δέ

2102 3401 2388 3472 μέλλοντας
2410 3397 2763 3471 προστρέχειν
2793 3395 2869 3466 τῷ
2898 3392 3117 3466 Χριστῷ
3140 3393 3234 3446 τοῦ
3264 3391 3420 3459 Θεοῦ,
3458 3392 3550 3445 καὶ
3574 3392 3671 3462 τὴν

2098 3494 2165 3546 δι’
2185 3491 2349 3546 αὐτοῦ
2372 3491 2641 3561 σωτηρίαν
2672 3486 3089 3560 παραδέχεσθαι,
3110 3484 3522 3555 εὐαγγελίζεται
3546 3482 3672 3555 ἑξῆς

2100 3585 2303 3654 λέγων·
2352 3602 2371 3635 t
2410 3583 2654 3645 Ἔδωκας
2693 3584 2804 3645 τοῖς
2852 3563 3206 3649 φοϐουμένοις
3260 3595 3319 3630 σε
3372 3578 3673 3648 σημείωσιν

2100 3677 2194 3731 τοῦ
2220 3677 2410 3747 φυγεῖν
2435 3674 2542 3729 ἀπὸ
2570 3674 2857 3747 προσώπου
2878 3671 3052 3737 τόξου.
3075 3690 3093 3723 ι
3129 3670 3285 3725 Κατὰ
3313 3669 3368 3722 δέ
3397 3670 3489 3723 τόν
3517 3669 3676 3721 Ἀκύ-

2102 3769 2227 3822 λαν·
2265 3785 2284 3818 ι
2329 3756 2574 3828 Ἕδωκας
2600 3804 2615 3828 ,
2651 3762 2783 3833 φησὶ
2805 3802 2820 3827 ,
2866 3764 2978 3825 τοῖς
3006 3758 3359 3831 φοϐουμένοις
3386 3773 3447 3810 σε
3477 3756 3676 3825 σύσση-

2109 3875 2227 3930 μον,
2252 3856 2345 3911 τοῦ
2373 3853 2725 3926 σημειοῦσθαι
2757 3851 2864 3907 ἀπὸ
2896 3850 3189 3922 προσώπου
3218 3849 3565 3920 βεϐαιότητος
3586 3865 3601 3879 ·
3650 3864 3671 3902 ι

2106 3951 2245 4004 κατὰ
2267 3949 2324 4002 δέ
2351 3948 2441 4000 τὸν
2475 3946 2794 4017 Σύμμαχον·
2837 3964 2856 3997 ι
2894 3944 3141 4005 Ἐδωκας
3164 3945 3277 4005 τοῖς
3322 3942 3676 4012 φοϐουμένοις

2108 4059 2169 4095 σε
2194 4044 2436 4114 σημεῖον,
2469 4041 2548 4101 είς
2570 4038 2630 4091 τὸ
2655 4039 2911 4106 ἐκφυγεῖν
2937 4036 3044 4089 ἀπὸ
3083 4037 3375 4106 προσώπου
3407 4034 3676 4103 τοξεύμα-

2106 4151 2218 4198 τος.
2258 4153 2277 4185 ι
2311 4134 2372 4185 El
2401 4133 2498 4203 μὲν
2523 4126 2615 4184 οῦν
2638 4126 2779 4200 ἦσαν
2809 4128 2903 4182 καὶ
2920 4130 2969 4181 οί
2991 4127 3077 4180 διὰ
3105 4127 3213 4179 τῶν
3256 4125 3563 4199 ἔμπροσθεν
3590 4124 3680 4177 δε-

2108 4222 2403 4295 δηλωμένοι
2428 4220 2505 4291 τῷ
2539 4219 2746 4290 σημείῳ
2768 4217 2959 4286 τούτῳ,
2987 4216 3087 4268 οὐκ
3108 4213 3172 4267 ἂν
3190 4212 3542 4281 ἀπώσθησαν,
3569 4208 3679 4264 οὐδ’

2112 4320 2178 4374 ἂν
2206 4315 2609 4387 καθῃρέθησαν,
2639 4312 2748 4366 οὐδ’
2770 4310 2834 4365 ἂν
2863 4312 2927 4380 τῇ
2956 4309 3091 4379 ὀργῇ
3124 4308 3498 4378 παρεδόθησαν
3517 4322 3530 4338 ο
3562 4304 3680 4360 ἀλλ’

2112 4411 2233 4464 ἐπεὶ
2262 4408 2336 4480 μὴ
2361 4403 2736 4477 ἠϐουλήθησαν
2765 4400 3159 4466 καταδέξασθαι
3193 4399 3253 4451 τὸ
3284 4400 3546 4469 σωτήριον
3582 4413 3682 4467 οη-

2119 4504 2287 4573 μεϊον,
2335 4496 2555 4560 εἰκότως
2578 4495 2787 4556 τούτοις
2837 4490 3338 4564 περιπεπτώκασιν.
3392 4492 3455 4543 Οί
3513 4491 3571 4544 δέ
3618 4506 3684 4559 γε

2116 4589 2435 4662 φοϐούμενοι
2456 4588 2549 4641 τὸν
2572 4586 2772 4657 Κύριον
2802 4583 2962 4655 (οὕτω
2988 4583 3044 4636 δέ
3074 4582 3231 4636 εἴωθε
3260 4582 3443 4635 καλεῖν
3473 4584 3501 4636 ό
3529 4582 3685 4649 λόγος

2115 4687 2241 4748 τοὺς
2259 4684 2316 4751 ἐξ
2348 4679 2515 4735 ἐθνῶν
2541 4679 2909 4742 πιστεύοντας,
2933 4677 3008 4741 ώς
3032 4677 3289 4740 πολλάκις
3314 4674 3403 4729 διὰ
3423 4676 3684 4729 πλειόνων

2118 4774 2441 4847 ἐδείξαμεν),
2464 4772 2717 4835 λαϐόντες
2744 4772 2805 4823 τὸ
2831 4772 3050 4841 σημεῖον
3071 4768 3406 4840 χρησάμενοί
3433 4784 3492 4821 τε
3516 4765 3685 4837 αὐτῷ,

2119 4871 2212 4925 καὶ
2240 4866 2382 4922 κατὰ
2405 4865 2497 4919 τοῦ
2534 4864 2822 4936 προσώπου
2856 4862 3297 4934 σφραγιζόμενοι,
3328 4859 3556 4931 εὕραντο
3585 4877 3687 4929 φυ-

2119 4962 2220 5033 γὴν
2245 4960 2351 5013 ἀπὸ
2369 4956 2658 5029 προσώπου
2682 4955 2858 5021 τόξου,
2883 4954 3108 5026 μηδενὸς
3124 4952 3312 5024 νοητοῦ
3334 4954 3429 5005 καὶ
3455 4951 3689 5022 ἀοράτου

2123 5050 2380 5121 πολεμίου
2412 5047 2626 5119 βάλλειν
2654 5047 2849 5109 αὐτοὺς
2874 5045 3177 5117 τολμῶντος
3200 5044 3289 5097 διὰ
3317 5042 3377 5096 τὸ
3408 5042 3692 5112 ἐπικείμε-

2122 5161 2213 5197 νον
2236 5143 2417 5204 αὐτοῖς
2440 5141 2662 5211 σημεῖον
2688 5138 2907 5201 καὶτοῖς
2929 5136 3175 5199 παλαιοῖς
3192 5135 3491 5205 δεδομένον.
3526 5136 3693 5188 Marii;

2128 5236 2227 5305 σῆς
2282 5234 2378 5305 μὲν
2418 5233 2526 5303 γὰρ
2551 5232 2649 5294 τὰς
2680 5230 2839 5300 φλιὰς
2866 5229 2973 5283 τῶν
2992 5228 3154 5283 οῐκων
3182 5227 3292 5282 τῶν
3336 5226 3693 5299 Ἰσραηλιτῶν

2126 5327 2319 5397 αἵματι
2358 5322 2452 5377 τοῦ
2482 5322 2753 5395 προϐάτου
2805 5320 2896 5374 τοῦ
2947 5321 3139 5391 Πάσχα
3186 5317 3691 5389 κατασημαίνεσθαι

2127 5416 2403 5481 διετάξατο
2425 5416 2506 5477 εἰς
2537 5413 2850 5484 ἀποτροπὴν
2871 5411 2965 5468 τοῦ
3012 5409 3331 5482 ὀλοθρευτοῦ
3354 5427 3367 5441 ·
3407 5412 3501 5464 καὶ
3533 5411 3591 5463 ἐν
3616 5407 3695 5479 τῷ

2142 5508 2387 5579 Ἐζεκιὴλ
2442 5508 2539 5573 δὲ,
2599 5500 2895 5579 μελλούσης
2928 5504 3283 5575 ἀφανίζεσθαι
3321 5504 3419 5575 τῆς
3466 5502 3696 5566 πόλεως,

2132 5603 2585 5673 ἁναγέγραπταιό
2611 5601 2742 5663 Θεὸς
2784 5598 3019 5671 εἰρηκὼς
3050 5599 3184 5670 πρὸς
3222 5597 3315 5651 τὸν
3349 5597 3697 5668 ἐνδεδυμένον

2131 5696 2223 5747 τὸν
2255 5695 2482 5765 ποδήρη,
2510 5693 2658 5755 ὅστις
2687 5691 2803 5745 ποτ’
2829 5686 2923 5763 ἦν·
2962 5709 2980 5742 ι
3002 5689 3183 5743 Δίελθε
3221 5688 3390 5761 μέσην
3412 5688 3513 5762 τὴν
3546 5686 3702 5742 πόλιν
