4158 6376
517 356 618 417 561

1653 354 2161 414 COMMENTARIA
2192 354 2261 409 IN
2296 353 2636 411 PSALMOS.

3676 352 3781 410 562

515 471 614 544 τὴν
658 468 1034 541 Ἰερουσαλὴμ,
1066 470 1160 523 καὶ
1186 468 1274 533 δὸς
1306 467 1378 523 τά
1411 472 1612 540 σημεῖα
1641 470 1733 522 ἐπὶ
1765 469 1832 523 τά
1860 469 2080 540 μέτωπα

2200 469 2453 524 mulieres
2488 470 2724 526 occidite
2745 468 2814 524 ad
2847 469 3275 526 internecionem
3312 488 3328 526 :
3368 468 3437 526 ad
3466 486 3563 527 eos
3596 476 3777 523 autem

514 566 624 618 τῶν
644 561 855 633 ἀνδρῶν
897 560 1007 615 τῶν
1039 560 1547 625 καταστεναζόντων
1584 560 1678 614 καὶ
1723 560 1831 613 τῶν
1870 559 2094 612 κατοδυιι

515 655 773 727 νωμένων
820 654 914 707 ἐπὶ
951 653 1153 716 πάσαις
1195 655 1317 715 ταῖς
1348 652 1599 722 ἀνομίαις
1633 654 1754 714 ταῖς
1781 650 2093 721 γινομέναις

514 752 572 803 ἐν
609 748 761 820 μέσῳ
792 746 993 799 αὐτῶν.
1021 764 1040 796 1
1074 740 1187 798 Εἶθ’
1217 745 1424 818 ἑτέροις
1460 743 1654 814 ἐλέχθη
1676 758 1688 771 ·
1727 762 1745 794 ι
1787 741 2092 812 Πορεύεσθε

513 844 594 904 είς
626 839 727 910 τὴν
760 837 912 892 πόλιν
945 837 1120 889 ὀπίσω
1148 835 1314 889 αὑτοῦ
1334 879 1347 901 ,
1391 835 1485 889 καὶ
1514 836 1741 888 κόπτετε
1763 851 1775 863 ·
1816 833 1889 904 μὴ
1917 832 2093 903 φείδε-

514 928 609 984 σθε
634 931 747 993 τοῖς
773 928 1072 998 ὀφθαλμοῖς
1105 927 1282 999 ὑμῶν,
1307 925 1512 997 καὶμὴ
1557 926 1812 996 ἐλεήσητε
1849 922 2090 996 πρεσϐύ-

509 1037 671 1091 τερον
702 1019 800 1072 καὶ
838 1018 1143 1082 νεανίσκον,
1177 1018 1273 1072 καὶ
1300 1019 1469 1088 νήπια
1511 1019 1607 1070 καὶ
1646 1016 1916 1088 παρθένον
1937 1056 1952 1080 ,
1997 1018 2092 1070 καὶ

510 1114 775 1180 γυναῖκας
802 1111 1159 1165 ἀποκτείνατε
1187 1098 1287 1175 είςί
1304 1108 1576 1180 ἐξάλειψιν
1601 1128 1614 1141 ·
1644 1111 1737 1164 ἐπὶ
1790 1110 1847 1163 δὲ
1885 1111 2093 1173 πάντας

510 1202 596 1270 ἐφ’
627 1200 721 1266 οὓς
764 1203 881 1255 ἐστι
928 1201 989 1255 τὸ
1018 1201 1243 1272 σημεῖον
1275 1200 1348 1272 μὴ
1378 1201 1657 1271 ἐγγίσητε,
1706 1200 1799 1253 καὶ
1842 1200 1952 1253 ἀπὸ
1984 1199 2091 1253 τῶν

510 1293 681 1361 ἁγίων
723 1310 823 1364 μου
856 1290 1112 1363 ἀρξασθε.
1152 1310 1171 1342 1
1217 1291 1383 1362 Ὀρᾷς
1404 1291 1552 1354 ὅπως
1581 1292 1628 1343 oi
1665 1291 1763 1360 μὲν
1792 1289 2088 1343 ἀπώλοντο·

507 1385 560 1438 oi
591 1384 648 1438 δὲ
682 1383 743 1438 τὸ
777 1386 1001 1454 σημεῖον
1046 1384 1140 1436 ἐπὶ
1165 1380 1260 1435 τοῦ
1296 1382 1548 1452 μετώπου
1597 1381 1854 1454 φέροντες
1903 1378 2092 1435 διεσώ-

508 1476 698 1541 ζοντο;
730 1474 959 1529 τοιοῦτοί
991 1492 1138 1537 τινες
1156 1469 1295 1545 ἦσαν
1327 1473 1423 1527 καὶ
1444 1472 1537 1536 οὒς
1564 1476 1597 1545 ή
1628 1475 1880 1545 παροῦσα
1904 1472 2093 1543 στηλο-

508 1569 719 1640 γραφία
744 1567 1042 1639 παρίστησι
1082 1567 1349 1636 λέγουσα⁹
1385 1585 1403 1617 ‹
1440 1566 1690 1629 Ἔδωκας
1738 1568 1854 1630 τοῖς
1900 1567 2092 1635 φοϐου-

509 1661 693 1732 μένοις
716 1677 774 1713 σε
798 1659 1097 1729 σημείωσιν
1114 1658 1210 1712 τοῦ
1228 1661 1418 1727 φυγεῖν
1440 1658 1550 1712 ἀπὸ
1566 1656 1861 1729 προσώπου
1876 1657 2052 1722 τόξου·
2065 1677 2083 1709 1

504 1752 567 1804 οὐ
596 1752 706 1824 γάρ
726 1752 802 1822 τῷ
841 1747 1056 1822 Ἰσραὴλ
1076 1792 1091 1816 ,
1116 1751 1301 1821 φησὶν,
1332 1750 1560 1812 ἔδωκας,
1588 1748 1726 1803 ἀλλά
1760 1752 1872 1813 τοῖς
1903 1750 2090 1818 φοϐου-

509 1841 691 1912 μένοις
733 1858 812 1896 σε.
846 1842 966 1895 Ὅτι
996 1841 1052 1894 δέ
1084 1841 1205 1905 ἔθος
1231 1840 1348 1894 ἐστὶ
1371 1842 1437 1910 τῇ
1476 1839 1783 1909 προφητείᾳ
1827 1837 2095 1907 φοϐουμέ-

504 1952 629 1997 νους
650 1935 744 1988 τὸν
782 1934 987 2005 Κύριον
1010 1933 1194 1986 καλεῖν
1222 1935 1350 1997 τοὺς
1382 1931 1441 1997 ἐξ
1480 1930 1647 1985 ἐθνῶν
1678 1931 1770 1983 ἐπὶ
1818 1930 1908 1982 τὸν
1951 1928 2082 1981 Θεὸν

2194 577 2362 631 super
2387 577 2528 631 quos
2549 569 2636 618 est
2686 563 2902 631 signum
2936 579 3006 619 ne
3038 563 3335 628 accedatis,
3387 573 3441 620 et
3484 578 3516 618 a
3563 560 3777 619 sanctis

2192 654 2330 709 meis
2359 654 2581 724 incipite
2610 655 2649 707 ³.
2693 674 2712 707 1
2750 653 2943 709 Viden’
2972 670 3083 725 quo
3112 664 3274 726 pacto
3304 655 3396 710 alii
3421 655 3646 726 quidem
3682 667 3781 708 0c-

2190 746 2331 810 cisi;
2364 746 2402 800 ii
2448 762 2581 802 vero
2609 748 2702 818 qui
2737 748 2953 817 signum
3001 750 3057 804 in
3102 749 3282 804 fronte
3327 749 3533 805 ferrent
3567 748 3772 808 servati

2193 832 2436 888 fuerint?
2464 832 2626 890 Tales
2684 834 2721 889 ii
2768 844 2948 900 erant,
2989 852 3130 907 quos
3160 838 3275 892 haec
3304 838 3447 891 tituli
3484 838 3768 909 inscriptio

2193 925 2398 981 indicat
2419 926 2507 982 his
2535 928 2719 983 verbis
2756 947 2771 984 ε
2806 947 2823 979 σ
2858 928 3061 985 Dedisti
3094 931 3465 985 metuentibus
3486 938 3538 985 te
3561 932 3769 1002 signiti-

2190 1017 2485 1081 cationem,
2514 1030 2574 1074 ut
2605 1019 2817 1090 fugiant
2845 1036 2876 1075 a
2901 1020 3039 1077 facie
3068 1037 3251 1078 arcus.
3294 1041 3313 1073 ι
3345 1022 3462 1077 Non
3491 1024 3636 1078 enim
3667 1025 3765 1087 ait,

2194 1111 2384 1165 lsraeli
2416 1110 2637 1177 dedisti,
2677 1113 2769 1168 sed
2803 1113 3120 1168 timentibus
3153 1120 3225 1169 te.
3254 1113 3412 1181 Quod
3434 1123 3614 1169 autem
3642 1130 3769 1184 pro-

2192 1200 2387 1271 phetiae
2407 1211 2732 1257 consuetum
2767 1204 2838 1259 sit
2859 1206 3113 1259 timentes
3136 1203 3423 1258 Dominum
3452 1218 3649 1260 vocare
3669 1220 3768 1262 eos

2190 1308 2257 1348 ex
2282 1294 2557 1365 gentibus,
2587 1295 2682 1365 qui
2711 1295 2779 1349 ad
2828 1294 2997 1350 Deum
3031 1295 3415 1366 confugerunt,
3448 1297 3767 1366 plerumque

2190 1385 2709 1451 demonstravimus,
2743 1387 2822 1442 uti
2849 1402 3016 1457 supra
3039 1386 3243 1441 dictum
3261 1395 3367 1443 est.
3399 1388 3766 1454 Quemadmo—

2190 1475 2320 1531 dum
2355 1478 2523 1547 igitur
2555 1479 3005 1534 exterminatoris
3057 1479 3267 1550 plagas,
3306 1480 3462 1551 signo
3481 1483 3766 1553 sanguinis

2189 1569 2297 1633 usi,
2333 1567 2614 1640 fugiebant
2642 1571 2734 1641 qui
2774 1570 2827 1623 in
2862 1569 3098 1640 Egypto
3145 1580 3304 1625 erant
3347 1572 3390 1637 ',
3439 1573 3629 1628 eadem
3677 1588 3767 1628 ra-

2190 1660 2340 1714 tione
2363 1662 2428 1715 ad
2457 1662 2812 1716 avertendum
2834 1662 3194 1717 humanarum
3225 1664 3528 1718 animarum
3554 1664 3763 1720 hostem

2187 1761 2242 1806 et
2273 1751 2577 1817 inimicum,
2609 1753 2703 1824 qui
2738 1753 2877 1808 solet
2896 1754 3137 1809 eas.telis
3169 1754 3448 1824 impetere,
3484 1764 3539 1810 et
3566 1757 3619 1810 in
3653 1756 3766 1810 ido-

2190 1840 2421 1897 lolatriae
2454 1858 2697 1898 errorem
2721 1843 3014 1907 deducere,
3041 1844 3258 1913 signum
3291 1844 3379 1898 hic
3404 1855 3763 1900 memoratum

2188 1934 2560 1990 metuentibus
2587 1934 2873 1991 Dominum
2908 1935 3166 1988 collatum
3188 1942 3293 1991 est.

503 2025 972 2095 καταφεύγοντας,
1003 2024 1262 2086 πολλάκις
1303 2023 1687 2092 ἀπεδείξαμεν,
1713 2019 1893 2083 καθὼς
1930 2020 2270 2091 προείρηται.
2300 2024 2508 2096 Ὥσπερ
2546 2022 2639 2079 οὖν
2677 2026 2785 2078 ἀπὸ
2828 2024 3121 2095 προσώπου
3168 2025 3263 2079 τοῦ
3300 2026 3621 2099 ὀλοθρευτοῦ
3682 2027 3762 2082 δι-

502 2120 704 2188 έφυγόν
742 2135 873 2172 πατε
910 2119 959 2170 οἱ
985 2118 1043 2169 ἐν
1071 2115 1331 2185 Αἰγύπτῳ
1359 2114 1456 2177 τὰς
1488 2113 1701 2182 πληγὰς
1726 2151 1741 2174 ,
1784 2111 2087 2183 χρήσαντες
2123 2111 2199 2182 τῷ
2227 2116 2439 2185 σημείῳ
2502 2116 2597 2169 τοῦ
2634 2116 2881 2187 αἵματος,
2915 2121 3006 2173 τὸν
3044 2118 3205 2173 αὐτὸν
3242 2119 3442 2190 τρόπον
3486 2121 3566 2184 εις
3629 2120 3765 2175 ἀπο..

500 2208 839 2281 τροπιασμὸν
861 2207 955 2261 τοῦ
979 2208 1239 2278 πολεμίου
1266 2207 1358 2259 καὶ
1379 2203 1573 2275 ἐχθροῦ
1598 2202 1708 2256 τῶν
1762 2201 2117 2272 ἀνθρωπίνων
2153 2202 2360 2272 ψυχῶν,
2391 2205 2484 2257 τοῦ
2517 2205 2756 2271 τοξεύειν
2784 2209 2879 2262 καὶ
2908 2209 3268 2263 καταὸἀλλειν
3308 2198 3479 2273 αὑτὰς
3513 2210 3607 2261 ἐπὶ
3660 2210 3762 2282 τὴν

500 2305 601 2376 τῆς
627 2304 1069 2376 είδωλολατρείας
1094 2303 1303 2374 πλάνην
1343 2300 1612 2364 εἰωθότος,
1674 2299 1880 2352 δέδοται
1907 2299 1969 2351 τὸ
2007 2298 2296 2369 λεγόμενον
2322 2303 2553 2356 ἐνταῦθα
2601 2308 2824 2377 σημεῖον
2863 2309 2975 2371 τοῖς
3021 2306 3377 2377 φοϐουμένοις
3404 2307 3496 2361 τὸν
3531 2307 3756 2380 Κύριον.

580 2421 599 2453 ‹
642 2403 830 2465 Ὅπως
867 2402 935 2454 ἂν
972 2398 1242 2471 ρυσθῶσιν
1267 2398 1317 2451 οἱ
1347 2396 1618 2466 ἀγαπητοί
1655 2412 1769 2459 σου,
1816 2394 1987 2447 σῶσον
2017 2396 2080 2465 τῇ

2255 2396 2422 2453 Vsus.
2452 2399 2505 2455 7.
2538 2418 2557 2451 ‹
2584 2398 2655 2454 Ut
2684 2401 2998 2456 liberentur
3025 2402 3208 2456 dilecti
3264 2402 3366 2466 tui,
3424 2403 3633 2458 salvum
3672 2405 3757 2458 fac

500 2492 649 2565 δεξιᾷ
672 2510 788 2554 σου,
813 2493 910 2546 καὶ
935 2490 1239 2545 ἐπάκουσον
1264 2507 1387 2560 μου.
1419 2507 1437 2540 1
1465 2487 1650 2542 Ταῦτα
1672 2486 1855 2541 καὶτὰ
1876 2485 2080 2548 τούτοις

2183 2489 2405 2545 dextera
2429 2498 2544 2556 tua,
2581 2501 2635 2545 et
2684 2492 2879 2547 exaudi
2913 2508 3020 2548 me.
3066 2512 3085 2545 1
3120 2491 3244 2548 Haec
3283 2500 3337 2547 et
3367 2496 3652 2561 sequentia
3689 2497 3754 2551 ad

500 2585 769 2641 ἀκόλουθα
802 2586 965 2657 μέχρι
991 2584 1083 2637 τοῦ
1124 2583 1311 2645 τέλους
1350 2582 1443 2635 καὶ
1479 2582 1507 2634 6
1554 2578 1629 2652 ρξ’
1668 2580 1912 2649 περιέχει
1942 2577 2080 2648 ψαλ-

2184 2579 2344 2635 finem
2380 2596 2553 2651 usque
2575 2596 2682 2637 cvn
2709 2582 2833 2637 item
2866 2585 3110 2654 psalmus
3139 2586 3537 2653 complectitur.
3575 2583 3681 2640 Sed
3704 2587 3757 2640 in

503 2679 621 2749 μός.
662 2676 800 2729 Ἀλλ’
838 2679 894 2729 ἐν
925 2676 1023 2746 μὲν
1048 2676 1164 2737 τοῖς
1191 2671 1575 2744 προκειμένοις
1612 2670 1680 2724 τὰ
1721 2669 2080 2742 προλεχθέντα

2183 2674 2436 2742 praesenti
2460 2690 2580 2745 quae
2607 2677 2889 2745 praemissa
2913 2684 3062 2742 sunt,
3097 2677 3456 2746 abjectionem
3504 2677 3756 2745 lsraelis;

500 2767 771 2838 ἀποϐολὴν
794 2767 982 2838 ἐδήλου
1020 2765 1115 2819 τοῦ
1159 2764 1413 2837 Ἰσραήλο
1461 2762 1557 2817 τοῦ
1589 2762 1666 2834 ρξ’
1696 2762 1764 2816 τὰ
1808 2761 1916 2834 πρὸ
1959 2762 2080 2815 τού-

2183 2779 2302 2835 quae
2325 2765 2515 2820 isthaec
2543 2767 2708 2819 verba
2739 2766 2936 2836 psalmi
2966 2782 3098 2832 cvn,
3136 2786 3156 2819 ί
3193 2776 3250 2822 ut
3299 2768 3601 2822 liberentur
3628 2769 3759 2823 dile-

500 2878 617 2924 του,
648 2878 666 2909 ι
686 2860 834 2921 ὅπως
847 2857 913 2911 ἂν
933 2856 1200 2929 ρυσθῶσιν
1214 2860 1260 2909 οἱ
1284 2855 1555 2927 ἀγαπητοί
1573 2872 1667 2908 σου
1692 2874 1712 2907 ι
1728 2854 1822 2908 καὶ
1836 2852 1945 2907 τῶν
1968 2855 2080 2907 ἐπι-

2183 2857 2251 2911 cti
2288 2858 2389 2922 tui,
2429 2875 2447 2908 1
2483 2864 2536 2912 et
2570 2859 2853 2928 sequentia
2894 2859 3227 2927 praecedunt,
3252 2860 3593 2912 vocationem
3634 2875 3758 2930 gen-

499 2954 847 3025 φερομένων,
886 2957 1029 3025 σαφῆ
1062 2953 1253 3025 κλῆσιν
1286 2952 1457 3007 ἐθνῶν
1500 2952 1766 3018 θεσπίζει.
1798 2951 2080 3025 Προειπὼν

2183 2948 2316 3002 ιίιιιη
2371 2949 2661 3005 manifeste
2693 2949 3085 3005 vaticinantur.
3142 2950 3277 3004 Nam
3310 2967 3434 3006 cum
3464 2953 3519 3006 in
3546 2954 3758 3022 psalmo

497 3048 662 3119 γάρδ
698 3046 854 3115 λόγος
875 3047 933 3100 ἐν
966 3045 1044 3117 τῷ
1085 3045 1183 3117 ρξ’,
1222 3064 1240 3097 ι
1302 3044 1523 3117 Ἐτοίμη
1569 3046 1602 3116 ή
1640 3044 1836 3115 καρδία
1890 3061 2023 3114 μου,
2053 3046 2080 3097 ὁ

2183 3053 2291 3092 cvn
2320 3037 2572 3103 dixisset,
2608 3057 2627 3087 ι
2670 3038 2926 3093 Paratum
2950 3054 3047 3093 cor
3078 3056 3281 3104 meum,
3306 3039 3470 3109 Deus,
3502 3050 3753 3111 paratum

497 3140 654 3202 Θεὸς,
692 3137 883 3209 ἑτοίμη
914 3141 948 3210 ή
986 3138 1184 3210 καρδία
1219 3156 1318 3208 μου
1346 3156 1359 3169 ο
1394 3138 1595 3209 ᾄσομαι
1630 3138 1725 3190 καὶ
1759 3135 1932 3205 ψαλῶ.
1972 3135 2084 3202 Ἐξ-

498 3229 773 3301 εγέρθητι,
808 3231 841 3300 ή
872 3230 999 3296 δόξα
1030 3246 1150 3301 μου,
1182 3229 1517 3300 ἐξεγέρθητι,
1547 3228 1839 3299 ψαλτήριον
1866 3228 1958 3281 καὶ
2000 3244 2083 3280 κι-

500 3322 663 3393 θάρα,
697 3321 1128 3393 ἐξεγερθήσομαι
1159 3322 1379 3393 ὄρθρου,
1416 3340 1434 3372 1
1467 3320 1717 3392 ἐπιφέρει
1740 3336 1753 3352 ⁸
1798 3338 1816 3371 ι
1864 3318 2081 3390 Ἐξομο-

498 3414 802 3485 λογήσομαί
827 3431 907 3467 σοι
941 3416 999 3466 ἐν
1030 3414 1198 3478 λαοῖς,
1235 3413 1429 3483 Κύριε,
1459 3413 1614 3482 ψαλῶ
1638 3429 1715 3465 σοι
1745 3414 1802 3465 ἐν
1831 3411 2038 3466 ἔθνεσιν
2063 3428 2077 3442 ·

499 3509 581 3560 ὅτι
634 3506 779 3576 μέγα
834 3507 1021 3559 ἐπάνω
1058 3505 1168 3559 τῶν
1196 3505 1442 3574 οὐρανῶν
1484 3505 1546 3557 τὸ
1593 3504 1740 3567 ἔλεός
1767 3520 1882 3568 σου,
1918 3505 2011 3557 καὶ
2042 3506 2075 3575 ή

496 3598 726 3671 ἀλήθειά
777 3615 868 3650 σου
901 3597 1007 3661 ἓως
1044 3596 1154 3649 τῶν
1180 3595 1436 3665 νεφελῶν.
1498 3592 1773 3665 Ὑψιὶιθητι
1826 3595 1921 3647 ἐπὶ
1953 3596 2080 3659 τοὺς

496 3693 781 3763 οὐρανοὺς,
831 3693 859 3744 6
897 3689 1060 3753 Θεὸς,
1097 3690 1192 3743 καλ⁵
1220 3690 1312 3743 ἐπὶ
1340 3690 1523 3743 πᾶσαν
1565 3689 1663 3761 τὴν
1707 3692 1812 3761 γῆν
1862 3692 1895 3760 ἡ
1954 3689 2080 3755 δόξα

498 3800 614 3837 σου.
651 3802 670 3836 1
703 3778 817 3835 Εἶτ’
857 3782 1098 3850 ἐπιλέγει
1141 3781 1211 3834 τά
1242 3784 1300 3835 ἐν
1330 3780 1409 3851 τῷ
1454 3782 1592 3853 μετά
1624 3784 1813 3853 χεῖρας
1858 3781 2080 3852 προκεί-

500 3892 636 3946 μενα
669 3874 843 3944 λόγῳ’
884 3893 903 3925 ‹
942 3874 1130 3937 Ὅπως
1156 3873 1223 3927 ἂν
1248 3873 1517 3945 ρυσθῶσιν
1554 3874 1604 3926 oi
1645 3874 1919 3943 ἀγαπητοί
1960 3890 2075 3936 σου,

497 3967 671 4020 σῶσον
707 3969 774 4037 τῇ
806 3966 959 4037 δεξιᾷ
983 3982 1100 4029 σου,
1130 3966 1226 4018 καὶ
1273 3966 1579 4019 ἐπάκουσόν
1623 3983 1724 4036 μου
1751 4007 1765 4031 ,
1810 3984 1827 4017 1
1866 3966 1961 4019 καὶ
2010 3964 2079 4018 τά

494 4058 656 4113 λοιπὰ
690 4058 998 4129 συμφώνως
1025 4060 1135 4122 τοῖς
1156 4057 1555 4129 προκειμένοις.
1600 4058 1812 4129 Σφόδρα
1833 4058 1889 4110 δὲ
1917 4056 2079 4110 ἐθαύ-

498 4167 645 4220 μασα
665 4149 758 4203 τοῦ
792 4149 947 4218 ἁγίου
983 4147 1302 4219 Πνεύματος
1327 4148 1427 4220 τὴν
1458 4150 1769 4219 οἰκονομίαν
1790 4166 1802 4179 ·
1834 4149 1939 4202 ἀπὸ
1967 4149 2076 4220 γὰρ

492 4242 586 4295 δύο
619 4240 1029 4312 στήλογραφιῶν
1061 4241 1154 4294 ἕνα
1178 4239 1391 4310 ψαλμὸν
1422 4240 1710 4309 πεποίηκε,
1743 4241 1833 4293 τὸν
1863 4240 1959 4311 ρξ’.
1997 4241 2077 4293 Td:

495 4335 593 4407 μὲν
622 4335 731 4405 γὰρ
759 4334 972 4406 πρῶτα,
1008 4334 1066 4387 ἐν
1099 4328 1180 4396 οἷς
1214 4332 1430 4399 ἐλέγετο
1450 4349 1462 4361 ·
1503 4351 1521 4383 ‹
1573 4332 1794 4402 Ἑτοίμη
1818 4334 1850 4403 ή
1878 4333 2074 4403 καρδία

494 4443 618 4497 μου,
631 4428 660 4479 6
675 4424 829 4493 Θεὸς,
851 4425 947 4478 καὶ
960 4425 1029 4478 τὰ
1047 4424 1193 4494 ἑξῆς,
1214 4424 1321 4477 ἀπὸ
1334 4423 1435 4493 τῆς
1453 4423 1547 4476 τοῦ
1568 4430 1652 4488 νς¹
1670 4424 2073 4495 στηλογραφίας

487 4518 584 4571 τοῦ
600 4517 761 4571 Δαυῖδ
786 4516 1000 4581 ἐξελὼν,
1018 4512 1124 4590 ἐνῇ
1148 4517 1242 4569 καὶ
1271 4516 1406 4587 αὐτῇ
1431 4515 1669 4569 λέλεκτο·
1689 4516 1923 4587 ἐτοίμηή
1944 4534 2074 4587 καρ-

488 4608 573 4660 δία
596 4625 714 4677 μου,
732 4608 761 4660 6
775 4606 927 4670 Θεὸς,
946 4606 1134 4677 ἑτοίμη
1149 4607 1180 4677 ἡ
1198 4604 1391 4677 καρδία
1409 4618 1528 4675 μου⁶
1547 4605 1850 4677 ᾅσομαικαὶ
1864 4606 2037 4675 ψαλῶ,
2054 4627 2070 4657 1

492 4699 586 4749 xui.
616 4696 684 4749 τὰ
710 4695 1077 4765 ἐπιλεγόμενα
1106 4696 1149 4747 δ’
1171 4695 1301 4764 ἑξῆς
1333 4693 1638 4765 συμφώνως
1667 4698 1779 4756 τοῖς
1806 4698 1864 4749 ὲν
1888 4695 1966 4765 τῷ
1994 4696 2072 4767 ρξ’

493 4782 654 4851 μέχρι
679 4781 805 4835 τοῦ’
837 4801 855 4833 ‹
901 4780 1175 4853 Ὑψώθητι
1213 4783 1306 4835 ἐπὶ
1354 4786 1480 4848 τοὺς
1507 4784 1770 4854 οὐρανοὺς
1793 4825 1808 4849 ,
1852 4786 1881 4837 6
1914 4784 2067 4849 Θεὸς,

490 4874 581 4926 καὶ
616 4873 707 4925 ἐπὶ¹
742 4874 925 4926 πᾶσαν
945 4874 1043 4943 τὴν
1066 4873 1171 4943 γῆν
1194 4875 1227 4945 ή
1253 4873 1379 4939 δόξα
1414 4891 1541 4928 σουο
1581 4895 1599 4926 1
1645 4874 1712 4928 τὰ
1750 4875 1807 4928 δέ
1846 4875 2071 4948 δεύτερα

486 4962 556 5014 τὰ
590 4964 700 5017 ἀπὸ
726 4963 842 5027 τοῠ,
880 4983 899 5015 ι
944 4966 1132 5028 Ὅπως
1162 4964 1229 5017 ἂν
1266 4966 1533 5036 ρυσθῶσιν
1562 4968 1610 5019 οἱ
1641 4966 1914 5037 ἀγαπητοί
1952 4984 2066 5033 σου,

489 5052 665 5108 σῶσον
692 5056 758 5125 τῇ
775 5054 926 5125 δεξιᾷ
961 5072 1053 5108 σου
1073 5056 1167 5108 καὶ
1193 5056 1498 5110 ἐπάκουσόν
1532 5075 1689 5128 μου,ι
1724 5059 1820 5111 σὺν
1846 5060 1959 5123 τοῖς
1985 5060 2074 5130 μέ-

489 5164 578 5219 χρι
611 5149 800 5212 τέλους
824 5150 1281 5219 ἐπενηνεγμένοις
1324 5148 1433 5203 ἀπὸ
1446 5151 1545 5220 τῆς
1571 5149 1707 5220 μετὰ
1728 5152 1917 5221 χεῖρας
1945 5169 2072 5223 στη..

488 5237 810 5309 λογραφίας,
850 5238 1192 5302 διδάσκοντος
1225 5240 1371 5309 ήμᾶς
1403 5239 1547 5292 θείου
1580 5239 1897 5311 Πνεύματος
1944 5242 2070 5311 μίαν

489 5329 583 5379 καὶ
631 5329 729 5400 τὴν
760 5330 930 5401 αὐτὴν
956 5332 1195 5386 διάνοιαν
1238 5332 1572 5404 ἐμφέρεσθαι
1616 5335 1674 5386 ἑν
1716 5333 2066 5405 ἀμφοτέροις.

502 5419 591 5472 Ἐν
620 5420 716 5490 μὲν
754 5420 860 5492 γὰρ
888 5421 964 5492 τῷ
992 5429 1079 5487 νς¹
1123 5423 1617 5494 ἐξομολογήσασθαι
1655 5422 1735 5493 τῷ
1776 5423 1965 5494 Κυρίῳ
2012 5425 2070 5476 ἐν

489 5508 639 5572 λαοῖς
666 5511 760 5563 καὶ
785 5510 1006 5580 ψάλλειν
1036 5512 1185 5583 αὐτῷ
1213 5515 1271 5566 ἐν
1306 5514 1517 5567 ἔθνεσιν
1556 5513 1937 5585 εὐηγγελίζετο
1957 5531 1969 5542 ·
2011 5515 2069 5567 ἐν

489 5595 546 5649 δὲ
578 5596 658 5667 τῷ
697 5599 835 5668 μετὰ
866 5602 1055 5672 χεῖρας
1085 5602 1355 5673 ἀποϐολὴν
1390 5602 1647 5675 σημαίνει
1685 5603 1780 5655 τοῦ
1831 5604 2067 5676 Ἰσραὴλ,

2183 3145 2279 3185 cor
2306 3145 2509 3195 meum,
2529 3131 2763 3185 cantabo
2789 3138 2842 3186 et
2865 3132 3114 3202 psallam.
3140 3131 3406 3203 Exsurge,
3426 3134 3593 3203 gloria
3613 3149 3755 3199 mea,

2181 3237 2437 3294 exsurge.
2500 3223 2816 3295 psalterium
2851 3233 2903 3277 et
2953 3223 3187 3287 cithara.
3222 3240 3513 3295 exsurgam
3551 3227 3756 3282 dilucu-

2182 3315 2235 3369 lo
2265 3316 2329 3379 ¹⁰,
2361 3335 2380 3367 1
2409 3315 2598 3385 adjicit
2634 3331 2646 3366 :
2689 3333 2707 3367 ι
2743 3314 3058 3371 Confitebor
3080 3316 3177 3370 tibi
3202 3317 3256 3370 in
3308 3317 3547 3388 populis,
3573 3316 3759 3374 Domi-

2181 3422 2269 3469 ne,
2297 3408 2524 3477 psallam
2555 3406 2651 3461 tibi
2703 3407 2758 3460 in
2789 3406 3041 3477 gentibus
3070 3423 3085 3458 :
3116 3408 3376 3477 quoniam
3434 3425 3629 3480 magna
3673 3420 3757 3466 est

2181 3515 2345 3569 super
2372 3499 2545 3553 oculos
2578 3497 2952 3553 misericordia
2984 3509 3097 3565 tua,
3130 3506 3183 3554 et
3231 3500 3436 3556 veritas
3467 3511 3557 3556 tua
3582 3518 3756 3572 usque

2180 3588 2249 3643 ad
2284 3589 2475 3644 nubes.
2509 3588 2762 3643 Exaltare
2795 3603 2961 3659 super
3008 3589 3199 3653 caelos,
3266 3588 3432 3657 Deus,
3482 3601 3537 3647 et
3590 3608 3757 3663 super

2180 3694 2397 3733 omnem
2420 3689 2621 3734 terram
2675 3679 2846 3750 gloria
2881 3685 2974 3731 tua
3004 3679 3070 3732 “.
3120 3698 3138 3731 1
3193 3679 3398 3737 Deinde
3461 3681 3649 3751 adjicit
3688 3699 3751 3738 ea

2182 3786 2301 3841 quae
2324 3773 2380 3826 in
2410 3772 2665 3841 praesenti
2702 3770 2999 3825 feruntur:
3038 3788 3058 3822 ι
3108 3769 3180 3825 Ut
3231 3772 3533 3827 liberentur
3574 3773 3755 3829 dilecti

2179 3867 2280 3929 tui,
2312 3866 2521 3921 salvum
2555 3864 2642 3919 fac
2672 3864 2895 3920 dextera
2918 3874 3034 3932 tua,
3064 3872 3117 3919 et
3168 3865 3365 3920 exaudi
3414 3883 3500 3922 me
3528 3868 3593 3930 η,
3627 3886 3645 3917 1
3700 3876 3756 3922 et

2179 3967 2375 4012 czetera
2406 3956 2771 4025 praesentibus
2802 3956 3021 4011 similia.
3069 3955 3381 4011 Admodum
3418 3972 3544 4011 vero
3568 3957 3756 4013 mirari

2180 4048 2327 4104 subit
2371 4045 2609 4116 Spiritus
2664 4047 2843 4101 sancti
2888 4047 3353 4117 dispensationem
3395 4064 3503 4104 :ex
3540 4048 3757 4105 duabus

2181 4154 2415 4208 namque
2456 4139 2598 4193 tituli
2624 4138 3077 4208 inscriptionibus
3112 4156 3281 4194 unum
3328 4142 3599 4211 psalmum
3630 4157 3758 4199 con-

2178 4231 2439 4296 cinnavit,
2477 4231 2689 4287 scilicet
2717 4246 2843 4286 cvn.
2872 4231 3059 4287 Priora
3078 4234 3245 4297 enim,
3266 4250 3387 4303 quae
3408 4235 3488 4288 sic
3521 4234 3751 4289 habent:

2186 4342 2204 4374 ι
2240 4324 2495 4378 Paratum
2525 4339 2623 4380 cor
2653 4341 2855 4389 meum,
2887 4325 3052 4391 Deus,
3086 4344 3105 4378 1
3141 4335 3194 4381 et
3241 4336 3457 4392 caetera,
3510 4344 3575 4383 ex
3609 4330 3755 4382 tituli

2182 4415 2539 4485 inscriptione
2566 4415 2785 4473 Davidis
2812 4433 2901 4471 va
2948 4419 3273 4489 exsumpsit,
3302 4419 3356 4471 in
3385 4434 3492 4488 qua
3517 4420 3642 4474 item
3672 4420 3756 4474 di-

2182 4513 2329 4561 ctum
2365 4506 2584 4562 fuerat:
2621 4525 2639 4558 ι
2678 4506 2929 4562 Paratum
2965 4526 3059 4564 cor
3082 4526 3283 4574 meum,
3311 4509 3473 4575 Deus,
3504 4520 3754 4581 paratum

2182 4611 2280 4650 cor
2304 4610 2508 4663 meum,
2533 4596 2767 4651 cantabo
2796 4604 2849 4651 et
2882 4598 3151 4668 psalmum
3184 4598 3361 4652 dicam
3399 4598 3462 4664 ³³,
3506 4616 3523 4649 1
3559 4605 3611 4651 et
3635 4613 3757 4666 quae

2180 4693 2506 4757 sequuntur,
2540 4688 2607 4743 iis
2637 4702 2757 4757 quae
2796 4688 2851 4742 in
2882 4703 2991 4743 cvn
3044 4689 3298 4743 feruntur
3323 4688 3547 4752 similia,
3580 4704 3756 4759 usque

2180 4780 2248 4834 ad
2282 4780 2436 4843 illud,
2464 4798 2481 4831 ι
2508 4778 2759 4833 Exaltare
2789 4795 2953 4848 super
2974 4782 3165 4844 cmlos,
3190 4780 3355 4845 Deus,
3375 4789 3428 4835 et
3458 4796 3624 4850 super
3644 4796 3757 4834 om-

2180 4886 2308 4927 nem
2344 4878 2546 4925 terram
2583 4870 2752 4940 gloria
2776 4876 2869 4923 tua
2899 4870 2945 4903 “
2976 4888 2992 4925 :
3033 4890 3051 4923 1
3112 4871 3417 4940 posteriora
3472 4879 3653 4925 autem
3687 4870 3757 4924 ab

2178 4963 2294 5027 illo,
2331 4979 2351 5011 ‹
2394 4960 2464 5015 Ut
2494 4961 2798 5014 liberentur
2822 4959 3009 5016 dilecti
3031 4961 3131 5025 tui,
3166 4963 3376 5016 salvum
3409 4960 3496 5015 fac
3529 4962 3755 5016 dextera

2176 5061 2290 5118 tua,
2323 5060 2378 5106 et
2406 5051 2602 5105 exaudi
2625 5066 2732 5114 me,
2784 5070 2802 5102 1
2832 5066 2958 5105 cum
2989 5050 3057 5105 iis
3113 5066 3235 5120 qum
3288 5050 3542 5113 adfinem
3582 5067 3757 5119 usque

2174 5147 2466 5209 habentur,
2497 5162 2560 5200 ex
2591 5146 2844 5215 praesenti
2885 5145 3030 5199 tituli
3081 5144 3442 5220 inscriptione
3470 5151 3755 5199 mutuatus

2173 5237 2544 5303 est;docente
2567 5252 2667 5291 nos
2709 5235 2917 5305 Spiritu
2945 5235 3134 5289 divino
3185 5251 3348 5289 unam
3398 5234 3757 5304 eamdemque

2178 5330 2231 5383 in
2256 5336 2489 5398 utroque
2516 5327 2841 5381 sententiam
2868 5326 3026 5391 ferri;
3055 5342 3180 5380 nam
3204 5326 3259 5379 in
3294 5340 3381 5380 ινι
3413 5340 3471 5380 se
3504 5325 3755 5379 confiteri

2176 5419 2408 5474 Domino
2438 5418 2491 5472 in
2522 5418 2740 5487 pepulis
2765 5425 2820 5472 et
2864 5418 3096 5488 psallere
3127 5417 3230 5486 ipsi
3280 5416 3336 5469 in
3370 5417 3626 5487 gentibus
3659 5430 3759 5469 an—

2180 5510 2583 5576 mmtiabat;in
2613 5510 2867 5579 praasenti
2897 5516 3080 5562 autem
3124 5507 3437 5564 Judaaorum
3490 5507 3757 5578 abjeclio-

2178 5620 2302 5660 nem
2337 5602 2627 5675 signiﬁcat,
2662 5610 2719 5656 ut
2755 5603 2809 5655 in
2845 5601 3145 5670 praemissis
3189 5602 3437 5656 docetur.
3498 5603 3576 5655 Ae
3630 5606 3757 5670 post

562 5802 582 5833 ⁸
622 5801 817 5858 Ezccli.
846 5819 917 5868 Ix,
947 5804 996 5868 5,
1030 5804 1082 5861 6.
1133 5806 1337 5862 ’Exod.
1359 5807 1528 5874 111,7.
1571 5808 1613 5841 ¹⁰
1630 5806 1775 5866 Psal.
1802 5823 1935 5876 cvu,
1967 5808 2080 5876 2,3.

2190 5809 2319 5863 ἱὶιίιΙ.
2358 5807 2473 5863 4-6.
2510 5810 2551 5841 ⁸³
2588 5806 2721 5863 ibid.
2761 5806 2812 5863 7.
2852 5807 2895 5840 ¹³
2933 5803 3078 5863 Psal.
3114 5821 3242 5871 LVI,
3278 5806 3332 5862 8.
3413 5806 3457 5837 "
3489 5804 3622 5860 ibid.
3658 5802 3746 5859 10.
