4142 6388
478 324 586 384 565

1611 334 2118 393 COMMENTARIA
2157 338 2229 395 ΙΝ
2267 339 2607 398 PSALMOS.

3628 343 3735 401 ωδ

480 442 687 509 παῖδες,
741 443 837 499 νῦν
889 445 945 499 δὲ
996 446 1056 500 τὸ
1092 448 1445 521 Σαμαρειτῶν
1492 450 1676 518 φῦλον.
1718 455 1782 508 Ἡ
1833 457 1972 528 αύτὴ
2009 459 2037 512 δ

2168 476 2290 529 qua:
2318 461 2558 525 Sichem,
2588 477 2751 533 quam
2772 461 3009 534 Josepbo
3039 464 3188 521 dedit
3211 463 3400 529 Iacob,
3420 466 3511 521 ubi
3538 476 3736 536 puteus

478 535 594 588 ἐστι
621 536 821 608 Σίκιμα
843 541 908 609 τῇ
930 540 1134 611 Συχὲμ,
1159 542 1226 611 ἢν
1257 542 1453 599 ἔδωκεν
1483 545 1678 599 Ἰακὼϐ
1704 548 1782 620 τῷ
1821 550 2019 620 Ἰωσήφ
2040 567 2054 580 ·

476 625 606 680 ἔνθα
634 628 813 680 καὶτὸ
838 629 1016 700 φρέαρ
1042 632 1135 685 καὶ
1165 633 1197 703 ἡ
1230 634 1380 706 πηγὴ
1411 635 1504 689 τοῦ
1548 638 1742 692 Ἰακὼϐ
1774 641 2055 710 τυγχάνει,

477 711 553 769 ὧν
585 717 856 789 μέμνηται
886 720 946 773 τὸ
969 720 1319 791 Εὐαγγέλιον,
1345 726 1437 780 τὸν
1466 728 1696 799 Σωτῆρα
1717 731 1921 799 φάσκον
1942 733 2059 784 ἐπι-

473 808 857 879 δεδημηκέναι,
904 812 1130 877 πολλούς
1157 832 1216 867 τε
1248 816 1427 871 αὐτῶν
1465 821 1544 883 εἰς
1572 820 1735 873 αὑτὸν
1766 839 2059 876 πεπιστευ-

475 900 651 955 κέναι.
686 901 845 955 Ἀλλὰ
872 905 967 958 καὶ
997 906 1135 976 μετά
1159 908 1259 980 τὴν
1277 910 1542 981 ἀνάληψιν
1560 911 1725 966 αὐτοῦ
1753 914 1804 967 οἰ
1826 916 2057 969 ἀπόστο-

474 989 578 1053 λοι,
611 992 669 1043 ὲν
709 994 777 1063 τῇ
825 993 1107 1066 Σαμαρείᾳ
1138 998 1439 1070 γενόμενοι,
1478 1005 1678 1072 σημεῖα
1721 1004 1816 1058 καὶ
1855 1005 2056 1076 τέρατα

473 1079 692 1135 ἐποίουν
737 1084 795 1137 ὲν
845 1084 1002 1156 αὐτῇ,
1054 1086 1130 1151 ὡς
1171 1089 1497 1162 ἱστορεῖσθαι
1548 1095 1606 1146 ὲν
1656 1098 1777 1159 ταῖς
1818 1095 2056 1166 Πράξεσι

470 1171 581 1225 τῶν
611 1171 922 1228 ἀποστόλων
948 1176 1010 1228 τὸ
1043 1178 1267 1250 Πνεῦμα
1297 1180 1359 1234 τὸ
1383 1182 1536 1250 ἀγιον
1568 1185 1809 1239 δεδόσθαι
1832 1190 1943 1251 τοῖς
1966 1187 2057 1241 τὸν

472 1261 634 1317 τόπον
683 1263 913 1330 οἰκοῦσι,
963 1269 1137 1339 χαράν
1164 1288 1223 1323 τε
1268 1274 1510 1345 μεγάλην
1543 1276 1821 1345 γεγονέναι
1847 1278 2054 1335 αὐτόθι.

472 1353 785 1424 Γέγραπται
843 1360 995 1427 γοῦν,
1042 1362 1124 1415 ὅτι
1179 1362 1462 1429 Φίλιππος,
1521 1367 1798 1422 κατελθὼν
1843 1372 1923 1433 εἰς
1959 1370 2057 1441 τὴν

470 1443 623 1497 πόλιν
650 1445 750 1516 τῆς
778 1446 1108 1520 Σαμαρείας,
1134 1453 1438 1524 ἐκήρυσσεν
1466 1457 1648 1521 αὐτοῖς
1682 1458 1772 1511 τὸν
1801 1460 2054 1530 Χριστόν.

470 1534 766 1607 Προσεῖχον
790 1538 848 1591 δὲ
894 1541 945 1592 οἰ
995 1541 1142 1612 ὄχλοι
1184 1547 1300 1608 τοῖς
1347 1546 1657 1618 λεγομένοις
1694 1550 1799 1603 ὑπὸ
1831 1551 1925 1604 τοῦ
1963 1553 2056 1605 Φι-

466 1625 667 1680 λίππου
715 1629 1080 1702 ὁμοθυμαδὸν,
1114 1636 1173 1687 ἐν
1225 1636 1304 1709 τῷ
1335 1639 1556 1694 ἀκούειν
1597 1642 1795 1707 αὐτοὺς
1822 1646 1914 1697 καί
1934 1644 2054 1715 βλέ-

468 1736 590 1774 πειν
642 1721 712 1775 τὰ
756 1728 959 1795 σημεῖα
1007 1726 1043 1781 ἃ
1089 1728 1294 1782 ἐποίειο
1327 1733 1545 1801 ἐγένετο
1581 1734 1639 1787 δὲ
1684 1738 1835 1807 φωνὴ
1881 1740 2056 1808 χαρᾶς

467 1811 678 1883 μεγάλη
731 1815 788 1869 ἐν
853 1819 918 1887 τῇ
969 1819 1119 1873 πόλει
1182 1824 1387 1896 ἐκείνῃ.
1456 1826 1567 1880 Καὶ
1624 1826 1750 1898 ἑξῆς
1802 1804 2050 1900 ε’ίρηταιι
2086 1804 2129 1859 Β

470 1921 489 1951 ι
514 1902 873 1968 Ἀκούσαντες
898 1908 956 1962 δὲ
1008 1913 1057 1963 οἱ
1095 1914 1153 1965 ὲν
1226 1914 1613 1988 Ἰεροσολύμοις
1649 1920 2054 1983 ἀπόστολοι,ὄτι

463 1992 759 2067 δέδεκταιή
790 1998 1072 2071 Σαμάρεια
1100 2004 1193 2058 τὸν
1224 2006 1382 2074 λόγον
1419 2006 1512 2061 τοῦ
1537 2009 1693 2074 Θεοῦ,
1733 2012 2055 2069 ἀπέστειλαν

464 2081 603 2153 πρὸς
659 2086 857 2149 αὐτοὺς
912 2089 1118 2157 Πέτρον
1179 2096 1274 2148 καὶ
1314 2097 1593 2168 Ἰωάννην·
1641 2100 1836 2164 οἵτινες
1882 2121 2053 2158 κατα-

463 2172 657 2239 ϐάντες
686 2178 1062 2250 προσηύξαντο
1096 2186 1224 2257 περὶ
1250 2186 1429 2241 αὐτῶν
1469 2190 1616 2255 ὅπως
1648 2191 1852 2247 λάϐωσι
1884 2195 2056 2249 Πνεῦ-

464 2282 540 2334 μα
583 2268 770 2336 ἆγιονο
816 2290 835 2323 ι
889 2274 985 2326 καὶ
1029 2275 1301 2345 ὲπιλέγειο
1331 2294 1369 2330 Ί
1402 2282 1534 2351 Τότε
1586 2285 1904 2339 ἐπετίθεσαν
1955 2288 2054 2353 τὰς

471 2360 662 2429 χεῖρας
692 2361 779 2446 ἐπ’
809 2363 1026 2429 αὐτοὺς,
1072 2367 1165 2420 καὶ
1210 2368 1515 2440 ἐλάμϐανον
1564 2374 1787 2445 Πνεῦμα
1821 2378 1990 2446 ἅγιον.
2027 2399 2047 2433 ι

476 2446 640 2501 Ταῦτ’
674 2445 768 2503 οὖν
798 2452 1012 2520 ἐγένετο
1040 2457 1098 2509 ἐν
1132 2460 1197 2528 τῇ
1221 2460 1524 2533 Σαμαρείᾳ,
1548 2445 1927 2537 πληρουμένης
1951 2468 2051 2539 τῆς

461 2541 599 2612 μετά
634 2546 822 2616 χεῖρας
854 2548 1205 2616 ἐπαγγελίας,
1231 2552 1577 2624 φασκούσηςο
1608 2574 1627 2606 ι
1661 2556 2049 2630 ’Υψωθήσομαι

456 2634 551 2686 καὶ
576 2634 842 2707 διαμεριῶ
891 2638 1114 2710 Σίκιμα.
1165 2642 1290 2706 Τοῖς
1324 2643 1433 2715 γὰρ
1481 2646 1573 2699 ἐπὶ
1608 2647 1707 2717 τῆς
1737 2648 2048 2722 Σαμαρείας

454 2726 729 2799 διεμέρισε
770 2731 831 2782 τὸ
869 2731 1095 2802 Πνεῦμα
1136 2732 1197 2786 τὸ
1236 2734 1390 2803 ἅγιον
1438 2736 1576 2806 μετά
1621 2738 1719 2808 τὴν
1781 2740 2047 2812 ἀνάληψιν

454 2819 641 2887 αὑτοῦ,
667 2822 761 2873 καὶ
800 2821 1027 2892 μετὰπὸ
1055 2823 1332 2895 ὑψωθῆναι
1377 2827 1557 2893 αὐτὸν,
1572 2829 1660 2882 ὅτε
1685 2849 1703 2881 ι
1734 2830 1939 2895 ἀναϐάς
1966 2834 2047 2897 εἰς

455 2907 586 2977 ὕψος
626 2910 1045 2980 ᾐχμαλώτευσεν
1075 2915 1476 2984 αἰχμαλωσίαν,
1512 2920 1605 2972 καὶ
1636 2919 1805 2974 ἔδωκε
1836 2922 2043 2994 δόματα

452 3002 513 3055 ἐν
537 3001 863 3071 ἀνθρώποις.
905 3023 924 3055 ι
964 3006 1075 3058 Καὶ
1116 3004 1291 3060 ταῦτα
1322 3009 1531 3077 ἐγίνετο
1556 3011 1696 3081 μετά
1717 3013 1779 3066 τὸ
1806 3014 2042 3086 διωχθῆ-

452 3109 539 3146 ναι
605 3095 731 3157 τοὺς
775 3094 1025 3167 μαθητάς
1059 3098 1153 3152 τοῦ
1196 3101 1448 3173 Σωτῆρος
1484 3105 1591 3157 ἀπὸ
1632 3105 2037 3178 Ἰεροσολύμων.

451 3182 615 3251 Λέγει
652 3184 782 3253 γοῦν
824 3187 858 3257 ή
901 3186 1090 3259 Γραφή
1113 3205 1125 3218 ·
1165 3208 1184 3241 ι
1236 3191 1482 3260 Ἐγένετο
1509 3193 1566 3246 δὲ
1591 3193 1827 3267 διωγμὸς
1860 3198 2033 3268 μέγας

452 3275 544 3332 ἐπὶ
588 3275 687 3347 τὴν
737 3277 1061 3348 Ἐκκλησίαν
1099 3282 1199 3352 τὴν
1243 3284 1302 3335 ὲν
1362 3285 1781 3358 Ἰεροσολύμοις·
1833 3290 2032 3354 πάντες

448 3364 508 3419 δὲ
536 3365 907 3440 διεσπάρησαν
929 3389 942 3401 ’
983 3392 1003 3423 ι
1035 3374 1128 3425 καὶ
1158 3374 1318 3428 πάλιν
1341 3392 1355 3405 ·
1401 3393 1419 3427 ι
1459 3378 1521 3429 Οἱ
1551 3380 1649 3448 μὲν
1675 3376 1768 3434 οὖν
1801 3380 2033 3437 διασπα-

452 3454 639 3527 ρέντες
678 3458 894 3529 διῆλθον
932 3462 1408 3535 εὐαγγελιζόμενοι
1467 3468 1560 3521 τὸν
1596 3468 1773 3538 λόγον.
1826 3490 1845 3523 ›
1914 3469 2029 3527 Εἶθ’

449 3546 578 3619 ἑξῆς
636 3549 853 3622 εἴρηται
895 3553 1042 3617 ὅπως
1081 3556 1192 3618 τοῖς
1225 3557 1284 3609 ὲν
1315 3559 1381 3628 τῇ
1432 3558 1716 3632 Σαμαρείᾳ
1742 3564 2028 3634 εὐηγγελί-

448 3638 623 3707 ζοντο,
659 3644 753 3696 καὶ
782 3644 859 3707 ὡς
883 3644 978 3698 τοῦ
1011 3646 1328 3718 Πνεύματος
1359 3648 1454 3703 τοῦ
1495 3651 1648 3720 ἁγίου
1686 3656 2028 3725 μετεδίδοσαν

449 3732 634 3796 αὐτοῖς
664 3735 712 3787 oi
744 3736 1052 3792 ἀπόστολοι.
1108 3738 1385 3795 Δέδεικται
1431 3743 1609 3797 τοίνυν
1636 3746 1786 3810 ὅπως
1813 3749 2026 3825 εἴρηται

446 3823 526 3915 τί),
561 3843 581 3875 ‹
605 3826 991 3899 ’Υψωθήσομαι
1022 3830 1115 3883 καὶ
1135 3831 1399 3903 διαμεριῶ
1420 3834 1645 3905 Σίκιμα·
1680 3857 1700 3890 ι
1746 3841 1883 3911 μετὰ
1919 3823 2027 3915 γὰρ

444 3914 508 3971 τὸ
554 3915 836 3989 ὑψωθῆναι
875 3921 965 3974 τὸν
1004 3922 1231 3993 Σωτῆρα
1280 3924 1457 3978 πάντα
1488 3927 1660 3981 ταῦτα
1699 3914 2021 4004 ἐπληροῦτο.

450 4006 641 4073 Ἄλλος
686 4009 732 4062 δ’
764 4009 831 4065 ἂν
859 4013 1024 4077 εῐποι,
1065 4013 1154 4066 διὰ.
1182 4014 1241 4066 τὸ
1276 4016 1442 4070 πάλαι
1473 4018 1570 4088 μὲν
1601 4020 1710 4075 τῶν
1757 4023 2026 4081 Ἰουδαίων

444 4093 580 4151 εἷναι
605 4100 906 4181 τὸν-τόπον,
937 4103 1056 4156 νυνὶ
1085 4104 1142 4157 δὲ
1172 4106 1309 4176 μετὰ
1346 4106 1442 4178 τὴν
1466 4108 1561 4161 τοῦ
1590 4111 1840 4184 Σωτῆρος
1869 4117 2025 4186 ήμῶν

443 4190 710 4263 ἀνάληψιν
730 4193 954 4266 Ἕλλησι
986 4196 1081 4249 καὶ
1098 4198 1465 4269 Σαμαρείταις
1482 4202 1808 4269 ἐκδεδόσθαι,
1834 4207 2024 4263 τούτου

445 4281 607 4350 χάριν
640 4280 894 4352 εἰρῆσθαι
922 4282 1003 4346 τὸ,
1053 4302 1072 4334 t
1116 4284 1500 4358 ’Υψωθήσομαι
1531 4290 1624 4343 καὶ
1651 4290 1915 4364 διαμεριῶ
1940 4295 2027 4347 Σί-

442 4386 610 4438 κιμαο
641 4390 661 4423 ι
689 4370 824 4424 άλλά
862 4373 957 4425 καὶ
988 4391 1006 4422 ι
1052 4372 1151 4444 τὴν
1190 4376 1413 4431 κοιλάδα
1444 4378 1551 4432 τῶν
1592 4381 1809 4452 σκηνῶν
1835 4383 2024 4454 διαμε-

2159 559 2213 605 ει
2246 551 2367 606 fons
2396 548 2565 606 Jacob
2597 557 2703 606 est.
2768 548 3021 617 Quorum.
3046 555 3294 610 meminit
3346 553 3697 625 Evangelium
3717 591 3734 616 .

2158 640 2348 696 dicens
2384 640 2720 696 Salvatorem
2749 658 2816 695 eo
2848 640 3134 700 advenisse
3153 686 3169 713 ,
3209 661 3507 718 eorumque
3534 647 3737 703 multos

2159 728 2214 783 in
2250 731 2424 800 ipsum
2456 731 2781 789 credidisse.
2812 731 2954 799 Quin
2986 735 3148 789 etiam
3203 745 3327 807 post
3370 738 3492 807 ejus
3519 752 3737 794 assum-

2159 820 2430 889 ptionem,
2498 823 2729 892 apostoli
2784 824 3086 879 Samariam
3145 836 3430 896 petentes,
3487 829 3643 899 signa
3679 835 3736 884 et

2159 911 2402 982 prodigia
2434 914 2800 983 operabantur
2846 917 2902 970 in
2954 918 3095 986 ipsa,
3152 919 3227 972 ita
3284 927 3345 974 ut
3393 920 3450 974 iu
3504 921 3734 976 Actibus

2159 1006 2531 1072 apostolorum
2558 1007 3105 1077 na-rretur‘Spiritum
3149 1019 3399 1065 sanctum
3429 1012 3550 1080 ejus
3580 1012 3735 1066 inco-

2158 1094 2225 1149 lis
2263 1095 2452 1149 datum
2507 1096 2715 1163 fuisse,
2760 1099 2945 1169 ibique
2991 1114 3243 1171 magnum
3296 1101 3573 1158 exstitisse
3598 1117 3735 1173 gau-

2157 1184 2326 1239 dium.
2368 1186 2639 1241 Scribitur
2666 1203 2888 1258 quoque
2916 1186 3229 1259 Philippum
3283 1190 3633 1246 descendisse
3675 1191 3732 1246 in

2157 1276 2347 1331 urbem
2376 1275 2677 1333 Samariam
2704 1319 2720 1343 ,
2780 1280 3024 1350 ipsisque
3070 1281 3398 1351 praedicasse
3427 1280 3730 1338 Christum.

2157 1366 2354 1423 Turba:
2378 1384 2541 1439 porro
2582 1369 2747 1425 dictis
2776 1371 3009 1444 Philippi
3038 1375 3373 1429 unanimiter
3425 1374 3734 1439 harebant.

2157 1474 2281 1514 cum
2309 1462 2559 1518 audirent
2590 1477 2655 1518 ac
2673 1463 2921 1519 viderent
2940 1466 3095 1535 signa
3123 1481 3243 1536 quae
3269 1466 3499 1521 faciebat
3530 1486 3543 1521 :
3571 1482 3732 1522 exor-

2157 1558 2321 1621 taque
2353 1566 2548 1623 magna
2578 1568 2680 1608 vox
2715 1554 2911 1609 laetitiae
2938 1562 3021 1609 est
3065 1555 3120 1609 in
3170 1557 3390 1611 civitate
3420 1557 3534 1612 illa.
3576 1555 3735 1612 Dein-

2157 1644 2331 1714 deque
2362 1644 2608 1700 dicitur:
2648 1664 2667 1697 ι
2721 1645 2855 1701 Cum
2916 1655 3095 1702 autem
3149 1648 3433 1703 audissent
3475 1651 3728 1718 apostoli,

2157 1736 2250 1804 qui
2291 1745 2447 1790 erant
2476 1736 2867 1807 Hierosolymis
2897 1777 2912 1802 ,
2945 1738 3091 1807 quod
3135 1738 3432 1807 recepisset
3481 1739 3729 1794 Samaria

2160 1827 2383 1883 verbum
2413 1827 2531 1890 Dei,
2560 1829 2830 1883 miserunt
2869 1828 2937 1883 ad
2974 1844 3068 1884 eos
3113 1828 3332 1885 Petrum
3360 1838 3415 1886 et
3442 1828 3724 1886 Joannem.

2155 1918 2404 1984 Quicum
2434 1919 2735 1984 venissent,
2767 1926 3058 1974 oraverunt
3106 1934 3204 1989 pro
3238 1919 3370 1989 ipsis
3409 1929 3469 1974 ut
3521 1921 3731 1990 accipe-

2155 2016 2275 2063 rent
2303 2006 2565 2077 Spiritum
2590 2019 2873 2073 sanctum;
2907 2027 2926 2059 ι
2964 2022 3029 2062 ac
3073 2008 3423 2079 subjungitur
3465 2028 3477 2063 :
3509 2027 3527 2059 ι
3571 2007 3727 2063 Tunc

2154 2104 2506 2171 imponebant
2535 2119 2731 2159 manus
2772 2117 2937 2173 super
2965 2103 3107 2167 illos,
3142 2111 3198 2159 et
3228 2104 3567 2173 accipiebant
3604 2102 3726 2173 Spi-

2153 2195 2317 2248 ritum
2346 2201 2596 2248 sanctum
2631 2195 2696 2247 ".
2734 2214 2753 2247 ι
2779 2193 2903 2250 Haec
2931 2196 3096 2265 igitur
3119 2192 3378 2248 Samaria:
3397 2192 3539 2247 facta
3572 2203 3722 2258 sunt,

2152 2285 2228 2339 ita
2258 2292 2316 2339 ut
2348 2285 2463 2340 hate
2490 2286 2782 2355 promissio
2806 2287 3151 2356 impleretur:
3176 2304 3197 2337 ι
3236 2285 3530 2340 Exaltabor
3561 2292 3616 2340 et
3640 2286 3724 2340 di—

2153 2377 2330 2431 vidam
2373 2377 2635 2433 Sichima.
2673 2398 2692 2430 ›
2742 2378 2875 2433 Nam
2903 2378 3263 2434 Samaritanis
3298 2376 3563 2448 Spiritum
3602 2394 3724 2433 san-

2149 2476 2296 2523 ctum
2334 2470 2613 2525 distribuit
2650 2478 2773 2539 post
2818 2472 3243 2540 assumptionem
3298 2484 3453 2525 suam
3487 2478 3542 2525 et
3579 2479 3723 2539 post-

2148 2576 2311 2630 quam
2338 2562 2612 2617 exaltatus
2642 2569 2765 2627 est,
2820 2561 3037 2632 quando
3076 2580 3095 2614 ι
3134 2561 3435 2617 ascendens
3465 2562 3519 2616 in
3551 2562 3720 2616 altqu

2146 2652 2415 2722 captivam
2458 2651 2616 2706 duxit
2643 2652 3039 2721 captivitatem,
3061 2660 3116 2709 et
3140 2652 3288 2708 dedit
3314 2651 3455 2707 dona
3484 2653 3721 2707 homini-

2144 2742 2248 2797 bus
2269 2744 2338 2798 ³ο.
2377 2762 2396 2794 ι
2432 2742 2558 2798 Haec
2589 2758 2755 2813 porro
2795 2743 2936 2799 facta
2977 2751 3104 2800 sunt
3132 2752 3417 2814 postquam
3461 2743 3719 2814 discipuli

2148 2833 2448 2889 Salvatoris
2482 2834 2872 2906 Hierosolyma:
2893 2837 3330 2906 persecutionem
3377 2835 3527 2906 passi
3568 2843 3716 2891 sunt.

2142 2926 2233 2980 Ait
2262 2927 2444 2997 itaque
2471 2924 2755 2997 Scriptura
2782 2944 2798 2981 :
2832 2946 2851 2979 ι
2890 2926 3057 2982 Facta
3079 2935 3163 2982 est
3192 2927 3499 2997 persecutio
3524 2942 3717 2997 magna

2143 3018 2199 3072 in
2220 3017 2459 3073 Ecclesia
2472 3034 2593 3088 quae
2614 3028 2731 3074 erat
2756 3018 3169 3090 Hierosolymis,
3192 3027 3246 3074 et
3270 3034 3463 3075 omnes
3482 3019 3715 3090 dispersi

2144 3109 2377 3176 sunt“;
2413 3129 2432 3161 ›
2460 3124 2524 3163 ac
2553 3126 2770 3166 rursum
2803 3129 2816 3165 :
2851 3129 2869 3162 ‹
2906 3109 3075 3182 Igitur
3126 3111 3223 3181 qui
3270 3110 3504 3182 dispersi
3559 3120 3717 3166 erant

2142 3202 2577 3272 pertransibunt,
2604 3203 3043 3273 evangelizantes
3073 3204 3300 3258 verbum
3336 3206 3404 3261 “.
3444 3223 3463 3256 ι
3513 3202 3716 3258 Deinde

2136 3293 2342 3348 dictum
2376 3300 2481 3357 est,
2503 3308 2611 3364 qua
2638 3294 2849 3349 ratione
2875 3293 3234 3351 Samaritanis
3256 3294 3712 3365 evangelizarent,

2132 3390 2187 3437 et
2219 3384 2498 3453 quomodo
2530 3384 2765 3455 apostoli
2801 3383 3066 3454 Spiritum
3116 3393 3365 3440 sanctum
3420 3386 3556 3455 ipsis
3610 3385 3714 3441 im.-

2134 3474 2419 3545 pertirent.
2457 3473 2902 3530 Demonstratum
2938 3490 3071 3545 ergo
3097 3485 3183 3531 est
3207 3490 3378 3547 quare
3405 3475 3611 3532 dictum
3637 3478 3713 3534 ei".

2131 3566 2289 3630 illud,
2323 3585 2342 3617 ι
2379 3564 2700 3632 Exaltabor,
2727 3575 2781 3622 et
2817 3567 3057 3623 dividam
3082 3568 3344 3622 Sichima.
3379 3587 3399 3621 ι
3431 3567 3568 3622 Nam
3595 3568 3714 3624 hac

2129 3657 2315 3712 omnia
2367 3656 2730 3727 implebantur
2770 3665 3061 3729 postquam
3120 3658 3369 3714 Salvator
3433 3659 3709 3714 exaltatus

2128 3756 2232 3804 est.
2259 3748 2467 3803 Dixerit
2497 3748 2685 3805 forsan
2712 3750 2874 3815 alius,
2899 3752 3029 3820 quia
3057 3752 3187 3806 olim
3217 3749 3528 3806 Judaaorum
3551 3752 3709 3808 locus

2127 3850 2267 3905 erat,
2308 3857 2457 3896 nunc
2512 3851 2693 3898 autem
2744 3850 2868 3914 post
2914 3842 3216 3899 Salvatoris
3264 3845 3437 3899 nostri
3490 3858 3708 3900 assum-

2128 3933 2392 4002 ptionem,
2453 3933 2657 3991 Grzecis
2702 3944 2760 3990 et
2815 3934 3177 3992 Samaritanis
3237 3950 3533 3992 concessus
3584 3935 3708 3991 fue-

2128 4034 2233 4090 rat,
2268 4027 2392 4081 ideo
2412 4026 2640 4093 dictum,
2670 4046 2689 4078 ι
2717 4028 3028 4093 Exaltabor,
3048 4038 3102 4084 et
3116 4028 3351 4083 dividam
3377 4026 3619 4083 Sichima
3643 4047 3657 4096 ;
3681 4050 3700 4081 ι

2129 4119 2225 4173 sed
2254 4120 2439 4185 etiam,
2472 4137 2492 4171 ι
2538 4120 2841 4175 convallem
2876 4120 3351 4177 tabernaculorum
3377 4121 3644 4175 dimetiar.
3681 4140 3700 4172 ι
3784 4119 3786 4122 ’

2125 4210 2437 4266 Convallem
2486 4212 2868 4269 universorum
2908 4214 3190 4269 hominum
3233 4212 3571 4269 domicilium
3608 4227 3705 4267 νο·-

2127 4317 2255 4357 care
2291 4304 2578 4358 consuevit
2618 4304 2968 4374 propheticus
2993 4320 3206 4360 sermo:
3242 4319 3414 4375 quare
3443 4304 3571 4359 alibi
3618 4302 3705 4358 di-

2127 4403 2277 4448 ctum
2316 4403 2441 4449 est:
2481 4414 2501 4446 σ
2555 4394 2836 4465 Disposuit
2886 4396 2942 4451 in
2989 4398 3128 4453 valle
3170 4394 3629 4469 lacrymarum”.
3678 4414 3697 4446 ι

439 4462 647 4559 τρήσω.
686 4482 706 4515 ι
742 4463 980 4521 Κοιλάδα
1010 4465 1067 4518 δὲ
1108 4466 1298 4522 εἴωθεν
1327 4470 1613 4541 ὀνομάζειν
1638 4476 1665 4526 6
1687 4477 2022 4546 προφητικὺς

2141 4485 2244 4542 lloc
2271 4486 2454 4556 itaque
2482 4462 2763 4550 hominum
2801 4489 3049 4544 omnium
3088 4462 3450 4550 domicilium,
3483 4496 3536 4543 et
3563 4501 3701 4541 con-

438 4547 595 4618 λόγος
626 4552 685 4607 τὸ
715 4553 931 4607 πάντων
960 4554 1263 4626 ἀνθρώπων
1302 4560 1645 4632 οἰκητήριον·
1674 4563 1755 4617 διὸ
1777 4562 2021 4619 λέλεκται

2141 4577 2321 4632 vallem
2352 4547 2535 4645 istam,
2562 4547 2836 4643 ecclesiis,
2867 4578 3078 4648 inquit,
3109 4579 3248 4634 meis
3275 4576 3515 4647 replebo.
3546 4574 3702 4642 Quod

435 4642 705 4714 ἀλλαχοῦο
751 4662 771 4696 ι
819 4645 1033 4698 Διέθετο
1078 4649 1158 4712 είς
1199 4650 1298 4720 τὴν
1340 4652 1563 4707 κοιλάδα
1601 4655 1696 4708 τοῦ
1728 4658 2020 4729 κλαυθμῶ-

436 4752 546 4800 voc.
578 4757 597 4789 ι
630 4737 801 4792 Τοῦτο
844 4738 908 4810 δὴ
955 4734 1048 4792 οὖν
1078 4741 1140 4794 τὸ
1185 4744 1401 4798 πάντων
1449 4748 1751 4818 ἀνθρώπων
1793 4754 2019 4824 οἰκητή-

436 4845 572 4899 ριαν,
622 4833 716 4884 καὶ
774 4832 872 4904 τὴν
928 4835 1148 4891 κοιλάδα
1199 4838 1404 4908 ταύτην
1460 4840 1783 4913 ἐκκλησιῶν,
1831 4846 2019 4916 φησὶν,

433 4924 673 4994 ἐμαυτοῦ
728 4927 1032 5001 πληρώσω·
1082 4930 1111 4984 ὃ
1154 4930 1219 5002 δὴ
1252 4933 1547 4986 αἰνίττεται
1577 4934 1768 5003 λέγων,
1803 4957 1823 4989 ι
1873 4940 2018 5011 Σκη-

433 5012 541 5067 νῶν
570 5014 939 5092 διαμετρήσω.
982 5040 1001 5074 ι
1053 5023 1165 5077 Καὶ
1187 5026 1216 5077 6
1254 5025 1488 5089 Ἀκύλας
1520 5026 1577 5079 δὲ
1625 5028 1814 5083 τοῦτον
1835 5033 2017 5103 ἡρμή-

434 5122 592 5161 νευσε
640 5109 734 5163 τὸν
782 5112 1002 5182 τρόπον,
1038 5131 1058 5165 ι
1101 5117 1339 5173 Κοιλάδα
1386 5122 1740 5192 συσκιασμῶν
1778 5141 2019 5195 καταμε-

432 5200 640 5272 τρήσω.
671 5220 690 5254 ι
727 5199 842 5255 Εἶθ’
872 5202 1061 5277 ὥσπερ
1101 5209 1252 5278 ἐμὸς,
1287 5211 1437 5280 φησι.
1472 5211 1694 5280 γέγονεν
1726 5216 1754 5267 6
1783 5216 2016 5285 Γαλαὰδ,

434 5293 528 5344 καὶ
553 5292 684 5362 ἐμὸς
716 5294 907 5362 γέγονέ
939 5314 1069 5350 ποτε
1102 5301 1130 5352 6
1170 5300 1488 5373 Μανασσῆς,
1536 5305 1630 5357 καὶ
1670 5306 1910 5379 Ἐφραῒμ
1949 5305 2017 5380 ἧν

433 5399 585 5447 ποτε,
618 5385 705 5438 ὅτε
746 5386 983 5459 ὑπῆρχε,
1020 5408 1041 5440 ‹
1076 5393 1411 5461 κραταίωσις
1435 5395 1535 5465 τῆς
1556 5397 1801 5468 κεφαλῆς
1830 5416 1953 5471 μου,
1990 5422 2009 5453 ι

430 5475 488 5545 ἦ,
531 5476 673 5531 κατά
723 5478 814 5532 τὸν
864 5480 1178 5554 Σύμμαχον,
1210 5503 1229 5535 ι
1269 5488 1421 5558 ἰσχὺς
1465 5489 1565 5559 τῆς
1611 5490 1786 5560 ἀρχῆς
1817 5510 1920 5561 μου
1944 5510 1956 5523 ·
1989 5513 2011 5547 ι

429 5567 701 5637 ὁμοίωςτε
718 5568 926 5645 ὥσπερ,
955 5569 1025 5645 ἦν
1041 5592 1173 5629 ποτε
1205 5596 1225 5628 ι
1259 5578 1287 5635 6
1319 5579 1516 5643 Ἰούδας
1551 5580 1802 5651 βασιλεύς
1848 5602 2006 5656 pou,»

2128 4668 2214 4723 his
2243 4670 2425 4724 verbis
2448 4669 2779 4733 subindicat,
2804 4689 2823 4722 ι
2855 4669 3353 4725 Tabernaculorum
3378 4670 3649 4724 dimetiar.
3675 4689 3695 4718 ι

2126 4759 2322 4828 Aquila
2345 4774 2476 4815 vero
2499 4760 2580 4815 sic
2614 4761 3006 4831 interpretatus
3038 4769 3140 4827 est,
3188 4779 3207 4811 ι
3239 4760 3555 4816 Convallem
3580 4775 3701 4815 um-

2126 4848 2476 4905 braculorum
2506 4850 2720 4904 metiar.
2758 4849 3111 4916 i-Deinde,ut
3138 4850 3289 4915 olim,
3315 4850 3511 4919 inquit,
3544 4863 3699 4904 meus

2124 4940 2228 4995 fuit
2277 4940 2479 4996 Galaad
2509 4981 2525 5006 ,
2580 4957 2734 4997 meus
2766 4943 2894 4997 item
2926 4941 3207 4997 Manasses
3233 4981 3248 5006 ,
3288 4948 3344 4996 et
3398 4939 3654 5011 Ephraim
3678 4981 3701 5005 ,

2129 5049 2148 5083 ι
2186 5032 2447 5088 fortitudo
2470 5034 2663 5102 capitis
2690 5034 2797 5088 mei
2830 5052 2849 5085 ι
2878 5033 3153 5103 quondam
3173 5039 3323 5100 erat;
3355 5032 3489 5100 sive,
3507 5046 3700 5089 secuns
3718 5078 3732 5084 -

2122 5122 2250 5177 dum
2276 5121 2683 5194 Symmachum,
2713 5142 2732 5175 ι
2765 5123 2932 5179 robur
2963 5124 3300 5193 principatus
3330 5123 3457 5188 mei;
3490 5140 3507 5174 ο
3543 5122 3726 5190 item,_

2123 5225 2183 5268 ιιι
2206 5215 2335 5268 olim
2364 5233 2382 5266 ι
2422 5213 2593 5270 Judas
2645 5230 2742 5269 rex
2790 5230 2944 5270 meus
2987 5234 3006 5268 ι
3053 5214 3191 5277 fuit;
3243 5223 3337 5268 aut
3392 5212 3709 5273 secundum.

2120 5304 2393 5374 Aquilam,
2433 5322 2452 5356 ι
2489 5302 2660 5359 Judas
2691 5304 2923 5375 diligens
2974 5304 3264 5373 inquisitor
3296 5318 3482 5368 meus;
3530 5320 3550 5354 ι
3596 5316 3695 5357 ea-

2120 5399 2242 5454 dem
2273 5412 2501 5468 prorsus
2530 5398 2846 5454 conditione
2872 5398 2977 5453 erit
3000 5398 3428 5468 alienigenarum
3464 5395 3614 5467 regio
3640 5406 3696 5449 et

2122 5493 2273 5557 urbs,
2306 5508 2427 5562 qua:
2456 5492 2662 5548 dicitur
2706 5491 2903 5547 Moab:
2954 5491 3220 5547 eﬂicietur
3269 5493 3414 5556 enim
3476 5508 3495 5543 ι
3546 5491 3696 5547 lebes

2120 5585 2236 5654 spei
2266 5600 2433 5653 meae;
2476 5606 2493 5638 ι
2536 5586 2643 5653 vel,
2695 5586 2999 5642 secundum
3030 5585 3333 5655 Aquilam,
3367 5605 3385 5638 ι
3427 5585 3578 5645 lebes
3611 5586 3697 5645 la-

506 5744 549 5776 ⁸⁸
581 5744 838 5813 Act.vm,
878 5748 1059 5809 ll-l'l.
1138 5753 1345 5812 "Psal.
1382 5770 1551 5825 vau,
1593 5760 1676 5817 l9.
1755 5762 1937 5821 "Act.
1976 5765 2164 5834 vm,l.
2241 5768 2285 5799 ²²
2362 5766 2494 5824 ibid.
2530 5767 2581 5823 4.
2661 5764 2871 5823 "Psal.
2908 5766 3194 5833 tum,.6.
