4142 6388
450 359 557 417 567

1115 360 1389 419 EUSEBII
1426 359 1903 417 CESARIENSIS
1934 360 2085 417 OPP.
2122 359 2305 415 PARS
2337 358 2426 414 Ill.
2446 392 2516 401 —
2550 357 2959 414 EXEGETICA.

3591 356 3696 412 568

448 476 598 532 vacri
628 475 772 544 mei;
811 495 829 529 ι
864 485 956 531 aut
986 494 1008 529 ι
1044 477 1191 533 lebes
1227 479 1537 534 securitatis
1569 494 1721 541 mem,
1759 498 1779 531 ι
1824 494 1989 534 secun

2120 476 2176 547 ἢ,
2204 476 2346 530 κατὰ
2373 476 2463 530 τὸν
2487 476 2735 539 Ἀκύλαν,
2770 495 2788 526 ι
2812 476 3009 539 Ἰούδας
3042 474 3375 547 ἀκριϐαστης
3400 494 3529 547 μου*
3559 497 3578 529 ι
3602 475 3694 531 τὸν

446 569 576 623 dum
615 566 1020 639 Symmachum.
1060 570 1317 641 Ephraim
1358 587 1486 625 vero
1513 570 1887 625 fortitudinem
1917 587 2010 625 ca-

445 662 574 730 pitis
601 661 708 719 sui.
743 661 857 715 sive
888 662 1058 717 robur
1081 662 1419 732 principatus
1450 662 1557 725 sui,
1590 663 1841 717 vocavit:
1874 677 2012 732 quo-

444 754 588 808 niam
612 753 707 822 qui
726 768 791 807 ex
819 753 963 807 tribu
993 752 1249 825 Ephraim
1275 755 1403 809 olim
1460 763 1774 825 regnarunt,
1814 754 1866 810 in
1915 769 2014 807 no-

440 858 560 898 vem
587 850 642 897 et
669 843 948 898 dimidiam
1005 860 1071 899 ex
1116 846 1368 901 tribubus
1422 844 1584 901 Israel
1621 845 1905 917 imperium
1953 845 2008 899 in

443 932 689 987 Samaria
721 934 1097 991 obtinuerunt.

2119 569 2282 622 αὑτὸν
2306 569 2503 641 τρόπον
2529 568 2679 621 ἔσται
2705 568 2799 621 καί¹
2826 569 2857 638 ἡ
2887 567 2995 619 τῶν
3016 567 3323 636 ἀλλοφύλων
3340 566 3489 639 χώρα
3514 585 3573 620 τε
3600 568 3693 621 καὶ

2119 658 2275 722 πόλις
2326 660 2359 728 ὴ
2405 658 2715 729 καλουμένη
2759 658 2965 712 Μωάϐ·
3000 660 3287 729 γενήσεται
3341 658 3450 729 γὰρ
3480 678 3497 709 ι
3531 658 3693 730 λέϐης

2114 750 2212 819 τῆς
2269 750 2479 813 ἐλπίδος
2516 767 2637 821 μου,
2678 768 2696 801 ι
2729 751 2784 822 ἢ,
2820 750 2957 803 κατὰ
3010 750 3101 804 τὸν
3168 749 3426 802 Ἀκύλαν·
3474 770 3491 801 ι
3530 751 3692 822 λέϐης

2116 840 2341 913 λουτροῦ
2385 860 2485 912 μου
2509 858 2521 872 ⁸
2564 862 2582 893 ι
2616 842 2671 912 ἢ,
2708 860 2726 892 ι
2762 842 2923 911 λέϐης
2969 842 3295 913 ἀμεριμνίας
3331 860 3453 913 μου,
3492 863 3510 893 ι
3551 844 3691 897 κατὰ

2113 932 2203 985 τὸν
2253 931 2565 1003 Σύμμαχον.
2600 933 2703 986 Τὸν
2730 933 2787 986 δὲ
2832 932 3070 1003 Ἐφραῒμ
3100 934 3432 1003 κραταίωσιν
3468 934 3567 1005 τῆς
3600 952 3690 987 κε-

440 1030 616 1101 φαλῆς
650 1030 841 1089 ἑαυτοῦ
886 1030 1186 1102 ὠνόμασεν,
1224 1030 1258 1101 ἢ
1320 1032 1471 1102 ἰσχὺν
1498 1033 1598 1102 τῆς
1626 1031 1799 1105 ἀρχῆς
1832 1028 2047 1084 ἐαυτοῦ’
2088 1027 2382 1099 ἐπειδήπερ
2408 1028 2457 1079 οἱ
2481 1029 2544 1080 ἐκ
2571 1027 2744 1097 φυλῆς
2783 1028 3019 1099 Ἐφραῖμ
3045 1026 3458 1096 βασιλεύσαντες
3517 1025 3687 1099 ἦρξάν

440 1138 569 1178 ποτε
608 1126 666 1180 ἐν
696 1129 762 1198 τῇ
798 1126 1081 1198 Σαμαρείᾳ
1123 1125 1232 1179 τῶν
1270 1126 1426 1179 ἐννέα
1470 1127 1641 1197 ἥμισυ
1688 1127 1868 1196 φυλῶν
1895 1124 1987 1179 τοῦ
2024 1124 2258 1195 Ἰσραήλ.

511 1214 647 1268 Cum
676 1225 857 1270 autem
886 1214 995 1269 duo
1022 1213 1243 1285 Josephi
1275 1214 1371 1268 ﬁlii
1402 1214 1624 1278 fuerint,
1662 1214 1917 1286 Ephraim
1961 1230 1995 1269 e‘

2184 1212 2289 1266 Δύο
2314 1214 2369 1266 δὲ
2414 1213 2619 1266 παίδων
2645 1214 2948 1285 γενομένων
2968 1214 3044 1285 τῷ
3076 1215 3292 1287 Ἰωσὴφ,
3315 1214 3410 1269 τοῦ
3451 1216 3687 1289 Ἑφραῒμ

441 1303 719 1362 Manasses
752 1326 765 1361 :
808 1305 1158 1376 prraimita:
1187 1322 1309 1362 sese
1345 1308 1414 1361 ab
1470 1305 1771 1363 Jerusalem
1825 1323 1995 1377 segre-

2114 1306 2207 1357 καὶ
2232 1303 2324 1357 τοῦ
2351 1305 2639 1375 Μανασσῆ,
2670 1309 2716 1359 οἰ
2752 1307 2848 1376 μὲν
2876 1306 2970 1357 τοῦ
3012 1306 3266 1377 Ἐφραίμ,
3291 1307 3687 1375 άποσχίσαντες

438 1400 651 1459 gantes,
685 1394 741 1447 in
772 1392 1040 1457 Samaria,
1075 1394 1190 1450 sive
1237 1395 1291 1449 in
1333 1396 1584 1465 praedicta
1619 1394 1848 1467 Sychem
1894 1412 1995 1465 qua

2113 1396 2211 1465 τῆς
2252 1396 2622 1467 Ἰερουσαλὴμ,
2650 1399 2705 1449 ἐν
2728 1400 2791 1467 τῇ
2818 1397 3098 1467 Σαμαρείᾳ
3120 1400 3212 1451 καί
3236 1401 3300 1468 τῇ
3328 1397 3686 1473 προλεχθείσῃ

436 1491 491 1537 et
558 1482 837 1549 Sicbima,
906 1486 1111 1556 regiam
1165 1488 1590 1543 constituerunt.
1650 1490 1995 1555 Quamobren

2113 1488 2297 1557 Συχὲμ
2329 1489 2395 1557 τῇ
2431 1489 2525 1540 καί
2554 1488 2750 1558 Σίκιμα
2800 1488 3133 1559 συνέστησαν
3172 1490 3233 1541 τὸ
3277 1490 3542 1559 βασίλειον
3562 1508 3575 1521 ·
3605 1490 3685 1543 διὸ

436 1576 643 1631 dictum
695 1586 819 1631 est:
861 1594 881 1630 ι
926 1575 1183 1647 Ephraim
1245 1578 1508 1635 fortitudo
1564 1582 1759 1650 capitis
1800 1581 1940 1644 mei,
1988 1602 1995 1635 ι

2111 1578 2386 1631 λέλεκται·
2412 1597 2429 1629 ι
2472 1579 2709 1650 Ἐφραίμ
2738 1579 3068 1651 κραταίωσις
3097 1580 3197 1649 τῆς
3231 1581 3471 1650 κεφαλῆς
3504 1599 3624 1651 μου,
3658 1602 3677 1633 ι

437 1667 576 1731 sive,
616 1686 635 1719 ι
692 1668 861 1723 robur
918 1670 1256 1740 principatus
1313 1672 1440 1726 mei.
1496 1690 1513 1723 ι
1557 1672 1659 1739 Qui
1717 1680 1895 1728 autem
1946 1687 2013 1728 ex

436 1760 583 1814 tribu
610 1760 858 1816 Manasse
904 1760 1147 1826 fuerunt,
1191 1761 1393 1819 Galaad
1430 1765 1767 1820 obtinebant.
1833 1763 2012 1831 Quare

434 1851 642 1905 dictum
668 1860 751 1907 est
777 1872 789 1907 :
832 1870 852 1904 ‹
889 1852 1037 1907 Meus
1067 1862 1149 1909 est
1172 1853 1397 1920 Galaad,
1420 1864 1475 1911 et
1504 1872 1660 1912 meus
1694 1865 1777 1912 est
1804 1856 2012 1912 Manas-

434 1957 542 1997 ses.
584 1961 602 1994 ι
638 1942 773 1996 Nam
807 1944 960 1999 locus
983 1944 1186 1999 Galaad
1209 1955 1435 2003 vocatus
1456 1956 1561 2013 est,
1597 1959 1650 2004 et
1677 1949 2009 2008 habitatores

431 2031 710 2089 Manasses
741 2036 994 2105 appellati
1050 2045 1201 2094 sunt.
1243 2037 1313 2093 Ut
1366 2040 1531 2109 igitur
1572 2041 1691 2103 illi,
1733 2042 1841 2104 ait,
1903 2044 2009 2098 mei

432 2124 603 2193 fuere,
639 2127 848 2181 scilicet
900 2128 994 2183 ﬁlii
1028 2128 1299 2194 Manasse,
1326 2130 1530 2187 Galaad
1580 2134 1882 2190 incolentes
1906 2176 1921 2199 ,
1954 2144 2009 2191 et

429 2217 523 2285 qui
563 2218 619 2272 in
656 2218 914 2275 Sichimis
954 2222 1140 2292 populi
1197 2221 1566 2292 principatum
1602 2233 1825 2280 tenuere
1850 2266 1866 2290 ,
1910 2226 2005 2281 ﬁlii

400 2306 717 2377 ,Ephraim;
749 2310 882 2379 quin
912 2310 1075 2364 etiam
1115 2319 1175 2365 ut
1231 2312 1268 2366 ii
1329 2313 1422 2382 qui
1472 2312 1525 2366 in
1559 2314 1673 2383 ipsa
1702 2313 2005 2370 Jerusalem

429 2399 731 2467 regnabant
780 2414 847 2454 ex
908 2400 1053 2455 tribu
1103 2399 1261 2468 Juda,
1300 2405 1403 2457 mei
1442 2412 1496 2460 et
1556 2421 1688 2460 meze
1737 2407 2003 2476 portionis

428 2492 586 2539 erant
630 2502 814 2557 reges;
855 2488 936 2543 sic
983 2490 1277 2559 aliquando
1325 2509 1457 2548 mea:
1483 2504 1645 2550 erunt
1688 2498 2004 2568 alienigenae

428 2583 638 2643 gentes.
685 2576 886 2635 Omnes
914 2596 1077 2650 porro
1122 2582 1454 2653 alienigenas
1482 2602 1578 2656 per
1603 2588 1760 2642 Moab
1787 2601 1835 2644 et
1879 2588 2004 2643 ldu-

431 2680 619 2720 luteam
650 2668 887 2734 indicat,
942 2671 997 2725 in
1036 2671 1250 2729 duabus
1303 2675 1412 2730 illis
1451 2679 1703 2747 gentibus
1727 2720 1741 2743 ,
1801 2681 2001 2751 quibus

431 2757 761 2825 prohibitum
793 2769 912 2816 erat
942 2762 1152 2835 ingredi
1192 2764 1249 2819 in
1269 2764 1567 2822 Ecclesiam
1604 2769 1716 2834 Dei,
1758 2773 1999 2842 reliquas

425 2861 618 2903 omnes
667 2864 772 2903 una
831 2853 1168 2920 complexus.
1243 2852 1516 2925 Scriptum
1574 2873 1809 2929 namque
1868 2872 1993 2917 est:

433 2954 451 2985 ι
488 2937 811 2995 Ammonitze
840 2948 894 2994 et
921 2941 1167 2995 Moabitae
1197 2958 1303 2996 non
1329 2944 1703 3014 ingredientur
1724 2948 1777 3002 in
1811 2950 1998 3003 Eccle-

428 3026 566 3081 siam
592 3023 825 3095 Domini,
864 3047 1037 3102 usque
1059 3034 1126 3087 ad
1158 3035 1368 3089 tertiam
1404 3044 1458 3091 et
1489 3046 1738 3107 quartam
1766 3056 1993 3110 genera-

2110 1669 2167 1739 ἢ,
2204 1687 2221 1717 ι
2268 1669 2419 1739 ἰσχὺς
2445 1668 2542 1739 τῆς
2576 1668 2749 1739 ἀρχῆς
2782 1683 2913 1738 μουο
2953 1686 2970 1719 ι
3009 1669 3056 1719 οἱ
3088 1667 3143 1719 δέ
3174 1671 3238 1720 ἐκ
3277 1667 3368 1720 τοῦ
3414 1668 3680 1737 Μανασσῆ

2111 1761 2391 1829 γενόμενοι
2448 1761 2603 1831 ἔσχον
2649 1762 2748 1831 τὴν
2787 1761 3025 1813 Γαλαὰδ·
3068 1761 3147 1813 διὸ
3198 1761 3438 1833 εἴρηταιξ
3465 1779 3482 1811 ι
3520 1761 3681 1831 Ἐμὸς

2113 1856 2227 1905 ἐστι
2252 1853 2481 1918 Γαλαὰδ,
2511 1856 2603 1907 καὶ
2637 1854 2767 1924 ἐμός
2796 1855 2911 1907 ἐστι
2940 1854 3252 1924 Μανασσῆς.
3291 1874 3309 1905 ι
3356 1854 3411 1906 ’0
3443 1853 3538 1923 μὲν
3572 1854 3680 1924 γὰρ

2108 1945 2270 2010 τόπος
2300 1947 2365 2000 ἐκ
2397 1948 2491 2001 τοῦ
2528 1947 2739 2000 Γαλαὰδ
2772 1946 3115 2018 ἐσημαίνετο,
3143 1950 3191 2000 oi
3227 1947 3284 2000 δὲ
3309 1949 3587 2019 οἰκήτορες
3616 1950 3679 2001 ἐκ

2108 2036 2201 2089 τοῦ
2254 2036 2539 2107 Μανασσῆ.
2598 2038 2806 2109 ’Ὠσπερ
2850 2033 2941 2089 οῦν
2995 2032 3159 2100 οὗτοι,
3202 2038 3678 2106 φησὶ,γεγόνασιν

2107 2127 2252 2197 ἐμοὶ,
2279 2127 2413 2179 οἵτε
2447 2126 2542 2198 τὴν
2566 2127 2777 2181 Γαλαὰδ
2800 2130 3119 2198 οἰκήσαντες
3144 2129 3248 2180 υἱοί
3277 2129 3566 2199 Μανασσῆ,
3585 2130 3677 2181 καὶ

2104 2216 2154 2267 οἱ
2202 2219 2258 2268 ἐν
2303 2217 2547 2287 Σικίμοις
2597 2217 2859 2289 ἄρξαντες
2908 2218 3003 2271 τοῦ
3040 2218 3171 2271 λαοῦ
3229 2220 3335 2271 υἰοὶ
3403 2220 3672 2291 Ἰῖφροιῖμ⁹

2105 2306 2240 2359 ἀλλά
2291 2310 2385 2361 καὶ
2433 2308 2508 2372 ὼς
2558 2310 2616 2361 ἐν
2664 2309 2799 2380 αὐτῇ
2846 2312 2912 2380 τῇ
2951 2309 3304 2380 Ἰερουσαλὴμ
3341 2311 3388 2361 οἱ
3414 2312 3478 2362 ἐκ
3506 2310 3677 2379 φυλῆς

2118 2400 2285 2453 Ἰούδα
2309 2400 2724 2471 βασιλεύσαντες
2745 2398 2884 2473 ἦσαν
2908 2404 3050 2473 ἐμοὶ,
3067 2402 3272 2472 καὶτῆς
3296 2402 3435 2473 ἐμῆς
3464 2404 3676 2472 μερίδος

2104 2492 2376 2562 βασιλεῖςο
2406 2492 2577 2556 οὕτως
2615 2494 2767 2547 ἔσται
2807 2494 2936 2546 ποτέ
2996 2495 3103 2565 ἐμὰ
3150 2496 3243 2546 καὶ
3288 2495 3355 2546 τὰ
3387 2494 3492 2546 τῶν
3521 2493 3674 2546 ἀλλο-

2116 2585 2298 2652 φύλων
2345 2584 2493 2657 ἔθνη.
2548 2585 2711 2657 Δηλοῖ
2751 2586 2808 2639 δὲ
2855 2588 3061 2650 πάντας
3093 2586 3417 2655 ἀλλοφύλους
3457 2585 3542 2640 διά
3581 2585 3676 2639 τοῦ

2109 2676 2285 2730 Μωὰϐ
2346 2678 2439 2729 καὶ
2512 2677 2602 2730 διὰ
2679 2678 2776 2747 τῆς
2844 2678 3164 2748 Ἰδουμαίας,
3211 2680 3274 2729 ἐκ
3328 2678 3421 2729 δύο
3473 2677 3676 2728 τούτων

2105 2773 2277 2827 ἐθνῶν
2329 2773 2437 2826 τῶν
2475 2772 2936 2844 ἀπηγορευμένων
2986 2774 3206 2825 εἰσιέναι
3256 2775 3334 2835 είς
3390 2772 3487 2843 τὴν
3552 2773 3676 2823 Ἐκ-

2099 2863 2331 2935 κλησίαν
2385 2862 2477 2915 τοῦ
2538 2862 2674 2915 Θεοῦ
2727 2864 2820 2916 καὶ
2852 2863 2921 2915 τὰ
2944 2862 3103 2915 λοιπὰ
3143 2863 3318 2916 πάντα
3370 2861 3675 2933 παραδεξά-

2100 2974 2277 3029 μενος.
2310 2956 2623 3027 Γέγραπται
2652 2956 2813 3025 γοῦνο
2849 2976 2867 3007 ι
2914 2958 3239 3026 Ἀμμανῖται
3272 2954 3362 3007 καὶ
3390 2954 3673 3007 Μωαϐῖται

2094 3052 2195 3104 ούκ
2228 3050 2622 3103 εἰσελεύσονται
2662 3050 2741 3111 εἰς
2776 3047 3098 3119 Ἐκκλησίαν
3126 3048 3329 3119 Κυρίου
3357 3048 3462 3111 ἓως
3488 3047 3676 3117 τρίτης

426 3120 653 3190 tionem,
676 3132 729 3177 et
760 3139 934 3194 usque
974 3126 1027 3179 in
1075 3128 1334 3181 saeculum
1379 3129 1446 3183 “.
1479 3150 1498 3182 ι
1534 3130 1691 3186 Moab
1724 3145 1903 3187 autem
1942 3143 1995 3190 et

2099 3141 2192 3194 καὶ
2224 3141 2489 3210 τετάρτης
2530 3140 2743 3207 γενεᾶς,
2768 3139 2861 3191 καὶ
2886 3138 2989 3201 ’ἐως
3014 3140 3092 3201 εἰς
3117 3138 3205 3191 τὸν
3236 3137 3425 3191 αἰῶνα.
3458 3158 3476 3189 ι
3500 3138 3673 3191 Μωάϐ

424 3213 659 3268 Ammon
706 3214 800 3269 ﬁlii
844 3215 945 3270 Lot
984 3217 1163 3285 fuere,
1194 3235 1259 3274 ex
1296 3221 1563 3277 scelerata
1612 3224 1705 3277 illa
1762 3226 1993 3281 ﬁliarum

426 3317 649 3358 suarum
672 3305 1073 3372 commistione,
1104 3316 1266 3379 atque
1289 3328 1355 3366 ex
1383 3308 1720 3368 Sodomitico
1748 3318 1991 3375 semine:

425 3410 660 3464 quorum
696 3399 1125 3464 successionem,
1165 3400 1432 3460 Moabitas
1488 3406 1744 3460 nimirum
1779 3417 1832 3462 et
1862 3410 1994 3464 Am-

425 3487 679 3551 monitas,
716 3488 800 3544 lex
840 3488 1041 3561 Moysis
1072 3495 1342 3563 repudiat.
1374 3496 1444 3550 At
1489 3497 1575 3551 lex
1612 3514 1853 3568 praesens
1892 3501 1995 3572 ipsi

426 3578 583 3635 Moab
613 3581 981 3651 pulcherrima
1037 3589 1362 3653 annuntiat,
1395 3589 1626 3645 dicens:
1668 3610 1687 3644 ι
1729 3591 1885 3649 Moab
1914 3595 1994 3651 le-

426 3671 524 3726 hes
549 3674 663 3743 spei
696 3690 829 3729 meae
854 3692 869 3741 ;
917 3695 936 3727 ι
974 3678 1127 3733 alteri
1157 3695 1289 3735 vero
1316 3683 1462 3752 genti
1492 3682 1635 3739 Esau
1666 3693 1801 3740 ortae
1854 3686 1995 3742 bona

421 3764 731 3829 denuntiat,
755 3766 871 3821 haec
899 3767 1165 3837 adjiciens
1198 3790 1210 3826 :
1251 3790 1270 3823 ι
1301 3774 1361 3827 In
1383 3772 1670 3830 ldumaaam
1702 3778 1993 3832 extendam

424 3854 855 3912 calceamentum
904 3876 1104 3916 meum.
1158 3882 1177 3915 ι
1224 3864 1457 3919 Idumma
1506 3880 1672 3935 porro
1708 3869 1775 3922 ab
1824 3867 1994 3923 Edom

422 3961 620 4003 nomen
655 3951 867 4007 sortita.
898 3950 998 4007 Hic
1029 3963 1148 4009 crat
1193 3955 1334 4011 Esau
1381 3957 1449 4012 de
1480 3975 1589 4029 quo
1627 3961 1832 4016 dictum
1864 3970 1948 4017 est
1976 3982 1990 4017 :

429 4058 449 4088 ι
484 4039 563 4096 Ne
611 4043 737 4111 quis
785 4046 1054 4109 moechus,
1092 4054 1187 4101 aut
1237 4048 1521 4118 profanus,
1560 4059 1618 4105 ut
1670 4052 1814 4108 Esau
1844 4054 1909 4109 ⁸⁵.
1969 4072 1988 4105 ι

426 4130 707 4187 Sescenta:
744 4150 961 4205 quoque
998 4138 1117 4193 aliae
1169 4141 1469 4211 prophetiae
1500 4151 1693 4198 contra
1727 4146 1993 4202 Idumaeos

420 4231 474 4276 ct
522 4222 812 4282 ldumazam
874 4228 1141 4285 feruntur.
1196 4231 1303 4287 Sed
1358 4235 1425 4290 iis
1487 4252 1704 4307 quoque
1751 4254 1992 4307 praesens

419 4330 600 4370 sermo
644 4319 1010 4387 pulcherrima
1045 4324 1364 4389 annuntiat,
1405 4326 1620 4383 dicente
1670 4327 1816 4384 Deo:
1858 4350 1876 4382 ι
1932 4332 1992 4386 In

421 4410 705 4469 ldummam
734 4417 1018 4473 extendam
1042 4419 1465 4476 calceamentum
1506 4438 1705 4478 meum.
1740 4444 1759 4477 ι
1787 4425 1991 4483 Deinde

2096 3232 2151 3285 δὲ
2184 3232 2277 3284 καὶ
2318 3230 2531 3301 Ἀμμὰν
2591 3230 2878 3298 γεγόνασιν
2935 3232 3038 3283 υἱοὶ
3092 3229 3215 3283 Λὼτ
3254 3231 3317 3282 ἐκ
3356 3232 3673 3302 παρανόμου

2099 3323 2297 3393 μίξεως
2328 3324 2437 3375 τῶν
2471 3322 2634 3376 αὑτοῦ
2669 3322 3003 3392 θυγατέρων,
3038 3322 3100 3373 ἐκ
3119 3338 3177 3374 τε
3198 3321 3293 3373 τοῦ
3328 3319 3673 3391 Σοδομιτικοῦ

2098 3416 2409 3486 σπέρματος
2428 3433 2441 3446 ·
2476 3409 2551 3469 ὧν
2576 3414 2674 3485 τὴν
2705 3414 2975 3484 διαδοχὴν,
3003 3413 3297 3476 Μωαϐίτας
3326 3415 3420 3466 καὶ
3460 3416 3673 3484 Ἀμμα-

2094 3506 2265 3571 νίτας,
2299 3505 2638 3577 ἀποϐλήτους
2664 3509 2894 3558 ποιεῖται
2916 3507 2943 3557 6
2967 3505 3241 3568 Μωῦσέως
3267 3506 3446 3576 νόμος.
3479 3506 3615 3558 Ἀλλ’
3642 3508 3673 3560 6

2096 3597 2285 3668 παρὼν
2322 3598 2483 3668 νόμος
2514 3599 2591 3669 τῷ
2628 3600 2723 3669 μέν
2744 3598 2917 3651 Μωὰϐ
2952 3596 3359 3665 εὐαγγελίζεται
3412 3597 3670 3649 κάλλιστα

2093 3689 2291 3758 λέγων·
2326 3708 2345 3740 t
2382 3690 2578 3753 Μωὰϐ,
2598 3689 2759 3759 λέϐης
2785 3689 2886 3758 τῆς
2918 3689 3127 3751 ἐλπίδος
3175 3706 3273 3758 μου
3297 3705 3312 3719 ’
3354 3709 3371 3741 ι
3412 3689 3579 3758 ἐτέρῳ
3610 3688 3667 3740 δὲ

2094 3780 2235 3833 ἔθνει
2265 3779 2341 3851 τῷ
2369 3780 2475 3833 ἀπὸ
2500 3780 2592 3833 τοῦ
2633 3780 2800 3833 Ἠσαῦ
2831 3780 3100 3849 ύφεστῶτι
3132 3779 3200 3830 τὰ
3227 3778 3438 3850 χρηστὰ
3468 3778 3669 3849 σημαί-

2093 3890 2193 3938 νει,
2242 3873 2517 3944 ἐπιφέρων
2568 3873 2724 3943 ἐξῆς’
2766 3891 2784 3922 ι
2832 3873 2951 3925 Ἐπὶ
2993 3873 3092 3942 τὴν
3134 3870 3437 3941 Ἰδουμαίαν
3468 3869 3668 3923 ἐκτενῶ

2090 3968 2151 4019 τὸ
2198 3966 2450 4036 ύπόδημά
2486 3982 2606 4036 μου.
2640 3985 2657 4016 ι
2709 3965 2975 4035 Ἰδουμαία
3018 3964 3063 4016 δ’
3119 3963 3378 4032 ἐκέκλητο
3421 3962 3529 4015 ἀπὸ
3572 3961 3665 4014 τοῦ

2104 4056 2316 4127 Ἐδώμο
2353 4051 2505 4119 οὗτος
2534 4056 2591 4109 δέ
2619 4052 2687 4127 ἦν
2716 4058 2745 4108 6
2779 4055 2944 4108 Ἠσαῦ
2976 4054 3102 4125 περὶ
3132 4047 3194 4105 οὗ
3214 4053 3459 4105 λέλεκται
3478 4068 3491 4081 ·
3522 4071 3539 4100 ι
3574 4053 3663 4121 Μή

2090 4162 2172 4210 τις
2199 4147 2417 4217 πόρνος,
2450 4147 2482 4217 ἢ
2529 4145 2774 4216 βέϐηλος,
2809 4146 2883 4209 ὡς
2920 4144 3108 4198 Ἠσαῦ.
3144 4163 3162 4196 ι
3196 4145 3398 4215 Μυρίαι
3425 4160 3483 4195 τε
3512 4141 3665 4196 ἄλλαι

2092 4241 2418 4309 προφητεῖαι
2453 4238 2594 4291 κατὰ
2614 4237 2722 4291 τῶν
2764 4240 3074 4309 Ἰδουμαίων
3103 4241 3195 4291 καὶ
3218 4238 3357 4291 κατὰ
3382 4238 3480 4308 τῆς
3516 4237 3666 4289 Ἰδου-

2094 4330 2259 4399 μαίας
2297 4330 2559 4401 εἴρηνται.
2608 4329 2742 4383 Ἀλλ’
2782 4330 2811 4382 6
2844 4328 3033 4401 παρὼν
3078 4331 3235 4397 λόγος
3278 4329 3348 4382 τὰ
3404 4329 3666 4382 κάλλιστα

2092 4418 2187 4472 καὶ
2212 4418 2421 4483 τούτοις
2448 4420 2876 4489 εὐαγγελίζεται,
2903 4421 3149 4490 λέγοντος
3175 4421 3265 4473 τοῦ
3297 4420 3453 4475 Θεοῦ·
3488 4440 3507 4470 ι
3543 4422 3664 4473 Ἐπὶ

416 4520 546 4561 vero
576 4506 643 4561 de
676 4508 902 4578 reliquis
941 4511 1192 4580 gentibus
1235 4512 1714 4569 indiscriminatim
1758 4519 1989 4588 subjun-

2099 4513 2189 4582 τὴν
2235 4512 2535 4584 Ἰδουμαίαν
2562 4514 2764 4567 ἐκτενῶ
2797 4514 2857 4568 τὸ
2893 4515 3143 4585 ὑπόδημά
3179 4532 3298 4585 μου.
3338 4533 3356 4566 ι
3388 4510 3500 4566 Εἶθ’
3538 4513 3664 4585 ἐξῆς

418 4600 531 4665 git:
573 4618 591 4649 ι
625 4599 754 4654 Mihi
779 4603 1096 4674 alienigena:
1122 4606 1323 4661 subditi
1351 4618 1500 4672 sunt,
1538 4625 1557 4660 ι
1592 4608 1727 4673 sive,
1769 4629 1788 4661 ι
1827 4613 1988 4668 amici

419 4692 546 4744 facti
578 4699 725 4750 sunt.
762 4713 780 4745 ι
816 4694 975 4750 Moab
994 4712 1123 4751 vero
1157 4698 1384 4754 lehetem
1415 4700 1530 4769 spei
1553 4716 1665 4756 suae
1694 4712 1871 4768 vocat,
1893 4720 1989 4760 seu

418 4786 642 4840 lchetem
670 4786 871 4840 lavacri
912 4790 1016 4852 sui,
1052 4796 1145 4842 aut
1186 4792 1499 4848 securitatis
1550 4810 1683 4858 suae,
1714 4795 1842 4864 quia
1880 4797 1989 4851 alio

416 4875 579 4930 modo
611 4891 721 4931 non
752 4877 962 4933 licitum
990 4882 1093 4951 ipsi
1139 4882 1353 4949 fuisset,
1392 4894 1577 4957 utpote
1618 4889 1785 4945 semel
1818 4906 1985 4960 repu-

413 4966 583 5032 diato,
628 4966 682 5020 in
734 4966 1032 5025 Ecclesiam
1060 4970 1153 5027 Dei
1185 4976 1505 5041 concedere,
1538 4978 1643 5033 nisi
1686 4995 1784 5049 per
1829 4980 1982 5035 lava-

412 5072 566 5110 crum
599 5060 1054 5126 regenerationis.
1096 5063 1285 5133 ltaque
1318 5082 1418 5121 ceu
1459 5067 1515 5121 in
1548 5068 1726 5125 lebete
1764 5071 1984 5128 ablutus

411 5156 465 5201 et
501 5156 763 5217 purgatus
793 5164 821 5203 a
856 5152 1091 5220 pristina
1151 5155 1449 5226 impietate,
1497 5162 1669 5230 gratia
1708 5162 1946 5217 donatur
1968 5206 1983 5230 ,

410 5248 574 5309 atque
607 5242 679 5293 ita
731 5244 1085 5299 securitatem
1124 5246 1354 5303 obtinet.
1387 5248 1452 5305 Et
1487 5251 1600 5307 hac
1629 5268 1793 5324 opere
1836 5269 1985 5309 com-

408 5328 554 5397 pleta
585 5329 711 5385 licet
744 5332 879 5401 ipsis
906 5336 1082 5391 oculis
1113 5338 1395 5409 percipere
1436 5343 1506 5396 iis
1532 5344 1624 5412 qui
1660 5344 1713 5398 in
1741 5343 1981 5400 Arabum

407 5422 630 5489 regione
687 5427 1133 5495 peregrinantur,
1192 5434 1589 5491 cum-videant
1637 5436 1901 5493 Moabitas
1932 5447 1984 5493 et

409 5510 748 5569 Ammonitas
775 5556 791 5576 ,
843 5519 935 5586 qui
970 5536 1135 5587 penes
1168 5522 1290 5576 illos
1323 5539 1521 5583 magno
1550 5542 1781 5581 numero
1813 5537 1980 5593 sunt,

408 5598 685 5659 Ecclesiae
731 5607 827 5663 Dei
882 5610 1129 5679 implere.
1200 5612 1612 5687 Similiterque,
1668 5638 1687 5671 ι
1748 5620 1807 5674 1η
1854 5621 1981 5676 ldu-

409 5710 462 5749 m
514 5710 637 5762 am,
676 5700 884 5771 inquit,
932 5707 1299 5762 conscendam
1351 5711 1720 5767 calceamento
1754 5729 1907 5779 meo,
1949 5733 1967 5767 ι

499 5807 542 5837 ³³
586 5807 742 5863 Deut.
782 5826 952 5875 mu,
992 5812 1043 5865 '5.
1123 5818 1167 5848 "
1212 5815 1376 5872 llebr.
1416 5835 1522 5883 xu,
1564 5820 1647 5875 l6.

2092 4607 2185 4659 καὶ
2252 4607 2378 4677 περί
2429 4605 2537 4658 τῶν
2583 4606 2783 4659 λοιπῶν
2833 4607 2999 4660 ἐθνῶν
3028 4608 3341 4679 ἀδιορίστως
3388 4605 3661 4674 ἐπιλέγει·

2098 4717 2117 4748 ι
2165 4698 2319 4768 Ἐμοί
2376 4698 2662 4767 ἀλλόφυλοι
2715 4699 3085 4767 ὑπετάγησαν,
3113 4719 3130 4749 ›
3169 4699 3202 4769 ἢ
3235 4720 3253 4748 ι
3292 4698 3592 4767 ἐφιλίασαν.
3637 4715 3657 4748 ι

2090 4788 2308 4859 Λέϐητα
2351 4787 2409 4840 δέ
2448 4789 2540 4842 τὸν
2584 4789 2758 4843 Μωάϐ
2785 4789 2885 4859 τῆς
2922 4789 3115 4843 ἐαυτοῦ
3158 4789 3370 4851 ἐλπίδος
3426 4788 3600 4852 καλεῖ,
3624 4787 3658 4857 ἢ

2088 4880 2289 4952 λέϐητα
2320 4880 2413 4934 τοῦ
2446 4881 2671 4953 λουτροῦ
2722 4880 2936 4944 ἐαυτοῦ,
2965 4880 2999 4952 ἢ
3031 4881 3130 4950 τῆς
3163 4880 3492 4952 ἀμεριμνίας
3533 4881 3660 4933 sau-

2088 4973 2181 5027 τοῦ
2202 4990 2215 5003 ·
2251 4974 2437 5044 ἐπειδὴ
2463 4975 2565 5027 οὐκ
2598 4973 2771 5035 ἄλλως
2821 4972 2947 5043 ἐξῆν
2985 4972 3150 5043 αύτῷ,
3186 4971 3332 5038 ἅπαξ
3374 4970 3663 5041 ἀποϐλητῳ

2089 5066 2387 5137 γενομένῳ,
2431 5070 2510 5130 εἰς
2554 5067 2651 5138 τὴν
2712 5065 3036 5135 Ἐκκλησίαν
3068 5065 3162 5117 τοῦ
3194 5063 3329 5117 Θεοῦ
3384 5062 3661 5135 παραϐάλ-

2088 5158 2219 5222 λειν,
2253 5159 2325 5229 μὴ
2355 5160 2475 5230 ούχὶ
2501 5158 2587 5212 διὰ
2613 5157 2836 5230 λουτροῦ
2868 5155 3304 5225 παλιγγενεσίας.
3334 5156 3543 5226 Ὥσπερ
3568 5150 3660 5208 οὖν

2087 5251 2272 5323 λέϐητι
2308 5252 2748 5324 ἀπολουσάμενος
2784 5253 2877 5306 καὶ
2917 5249 3322 5321 ἀπκαθαρθείς
3348 5249 3448 5318 τῆς
3467 5248 3661 5319 προτέ-

2091 5362 2191 5415 ρας
2218 5344 2554 5408 δυσσεϐείας,
2589 5342 2936 5408 καταξιοῦται
2963 5344 3063 5413 τῆς
3100 5344 3338 5413 χάριτος,
3370 5341 3464 5394 καὶ
3490 5338 3661 5403 οὕτως

2087 5436 2415 5507 ἀμεριμνίας
2436 5436 2712 5506 τυγχάνει.
2751 5438 2858 5488 Καὶ
2890 5435 3063 5489 ταῦτα
3101 5435 3166 5487 δι’
3192 5435 3366 5505 ἔργων
3410 5448 3657 5503 κεχωρη-

2086 5531 2218 5580 κότα
2238 5529 2500 5599 πάρεστιν
2520 5528 2812 5598 ὀφθαλμοῖς
2829 5527 3185 5598 παραλαϐεῖν,
3205 5529 3270 5597 τῇ
3292 5526 3399 5578 τῶν
3417 5527 3469 5577 Ἀ
3479 5523 3658 5594 ράϐων

2086 5622 2527 5693 ἐπιδημήσαντας
2568 5622 2740 5693 χώρᾳ,
2785 5620 3087 5691 θεωμένους
3129 5636 3189 5670 τε
3220 5619 3347 5679 τοὺς
3384 5616 3513 5686 παρ’
3557 5614 3657 5667 αὐ·-

2084 5720 2197 5781 τοῖς
2229 5717 2597 5790 πληθύνοντας
2640 5715 2820 5779 λαοὺς,
2860 5715 3155 5779 Μωαϐίτας
3185 5716 3277 5768 καὶ
3319 5710 3658 5785 Ἀμμανίτας
