4142 6388
480 257 587 318 509

1619 261 2132 322 COMMENTARIA
2163 266 2231 323 IN
2262 267 2602 328 PSALMOS.

3630 283 3736 339 570

480 379 818 450 πληροῦντας
838 378 938 442 τὰς
988 378 1310 451 Ἐκκλησίας
1331 380 1428 434 τοῦ
1477 381 1633 434 Θεοῦ.
1679 383 1952 448 Ὡσαύτως
2003 384 2042 437 δί

2164 389 2464 445 secundum
2500 389 2911 461 Symmacnum.
2961 389 3135 459 Quam
3166 397 3293 451 item
3327 398 3733 467 praedictionem

481 471 593 535 καὶ,
633 492 651 521 ι
708 471 832 524 Ἐπὶ
859 471 1165 542 Ἰδουμαίαν
1199 474 1554 545 ἐπιϐήσομαι,
1598 477 1768 545 φησὶ,
1815 476 1894 547 τῷ
1929 477 2060 529 ὑπο-

478 561 678 633 δήματί
724 580 846 633 μου,
889 582 906 613 ι
939 562 1082 616 κατά
1126 564 1219 617 τὸν
1270 563 1585 636 Σύμμαχον.
1641 567 1752 620 Καὶ
1779 566 1982 639 ταύτην
2000 567 2057 621 δὲ

477 654 574 725 τὴν
622 655 926 725 πρόρρησιν
966 655 1118 709 οὐδὲν
1161 655 1227 709 ἂν
1263 657 1349 729 εἴη
1383 657 1643 728 δυσχερὲς
1682 658 1829 723 ίδείν,
1860 662 1926 730 τῇ
1950 660 2058 713 τῶν

489 746 801 819 Ἰδουμαίων
830 749 1160 812 ἐπιστάντας
1182 747 1336 820 χώρᾳ
1377 750 1472 803 καὶ
1502 750 1570 802 τὰ
1608 749 1784 822 πλήθη
1814 752 1920 804 τῶν
1957 751 2056 805 αὺ-

474 839 589 893 τόθι
618 839 955 909 Ἐκκλησιῶν
983 839 1076 893 τοῦ
1104 839 1240 893 Θεοῦ
1267 840 1387 909 ὄψει
1405 842 1818 913 παραλαϐόντας
1838 860 1851 873 ·
1870 842 1945 906 ὡς
1982 842 2057 914 μὴ

474 931 699 1002 ὀκνῆσαί
722 949 843 985 τινα
874 931 1091 1003 ἀληθῶς
1123 931 1379 986 ἐπίϐασιν
1411 934 1692 1001 γεγονέναι
1726 936 1839 996 τοῖς
1871 934 2057 997 τόποις

472 1022 699 1086 ἐκείνοις
724 1023 1080 1094 ὁμολογῆσαι.
1102 1023 1201 1077 Διὰ
1226 1024 1289 1095 δὴ
1316 1025 1487 1077 ταῦτα
1524 1026 1780 1096 ἀνωτέρω
1808 1025 2024 1093 ἐλέγετο
2040 1042 2053 1056 ⁸

477 1134 496 1165 «ι
557 1116 615 1169 '0
655 1115 788 1179 Θεὸς
827 1115 1089 1187 ἐλάλησεν
1121 1118 1179 1169 ἐν
1206 1116 1285 1187 τῷ
1317 1117 1456 1187 ἁγίῳ
1482 1117 1667 1171 αὐτοῦ’
1706 1117 2056 1186 Ἀγαλλιάσο-

473 1225 589 1278 μαι.
639 1227 659 1259 ι
686 1207 895 1262 Μέλλον
933 1208 1042 1279 γὰρ
1077 1210 1186 1262 πᾶν
1217 1210 1279 1261 τὸ
1311 1208 1418 1263 τῶν
1452 1209 1754 1282 ἀνθρώπων
1783 1210 1939 1278 γένος
1964 1210 2056 1263 ἐπὶ

471 1298 715 1369 σωτηρίᾳ
762 1299 1169 1365 ἀνακαλεῖσθαι,
1204 1301 1520 1372 πρεπόντως
1562 1301 1725 1355 αὐτοῦ
1755 1304 1820 1373 τῇ
1864 1301 2054 1371 φιλαν-

469 1391 707 1461 θρωπίᾳ,
735 1391 1019 1463 συνέχαιρε
1050 1396 1118 1463 τῇ
1146 1392 1254 1445 τῶν
1292 1391 1614 1463 σωζομένων
1646 1394 1909 1466 σωτηρίᾳ.
1946 1394 2054 1447 Καὶ

467 1484 641 1547 ἄλλως
666 1485 723 1537 δὲ
749 1486 1000 1556 ὑπόδημα
1026 1488 1091 1540 αὐ
1102 1486 1192 1540 τοῦ
1219 1488 1318 1540 οὐκ
1348 1487 1412 1541 ἂν
1447 1487 1712 1559 ἁμάρτοις
1735 1487 1907 1556 λέγων
1927 1492 2053 1553 τοὺς

466 1577 816 1640 ἀποστόλους,
852 1577 884 1648 ἢ
918 1580 1044 1641 τοὺς
1076 1579 1153 1642 εἰς
1193 1578 1273 1631 ἔτι
1301 1578 1461 1648 δεῦρο
1488 1578 1566 1648 τῷ
1597 1580 1725 1649 περὶ
1758 1578 1923 1633 αὐτοῦ
1953 1598 2053 1651 κη-

2162 482 2216 535 in
2238 488 2493 552 promptu
2520 490 2605 537 est
2621 484 2945 553 completam
2971 484 3155 540 videre
3181 485 3247 540 iis
3264 487 3355 555 qui
3376 488 3428 540 in
3448 485 3736 543 Idumaeam

2160 572 2489 637 concedunt,
2525 584 2580 629 et
2635 574 3038 631 multitudinem
3092 575 3462 633 Ecclesiarum
3521 577 3617 635 Dei
3661 580 3736 634 ibi

2159 666 2539 735 conspiciunt;
2574 674 2632 721 ut
2657 675 2947 723 cunctetur
2986 683 3145 722 nemo
3182 669 3471 735 conﬁteri,
3505 688 3631 726 vere
3680 673 3735 726 in

2157 755 2278 808 loca
2302 756 2391 809 illa
2419 772 2781 812 conscensum
2812 757 3015 813 factum
3045 774 3188 814 esse.
3245 758 3539 830 Pmpterea
3572 777 3737 830 supe-

2158 845 2276 900 rius
2311 845 2518 901 dictum
2547 857 2630 903 est
2656 867 2668 903 :
2696 867 2713 899 «
2753 848 2894 904 Deus
2925 849 3141 905 locutus
3169 858 3252 906 est
3285 854 3341 904 in
3373 860 3566 906 sancto
3597 869 3729 909 suo:

2156 936 2477 994 Exsultabo.
2511 960 2529 991 ι
2557 939 2692 994 Nam
2714 957 2837 996 cum
2877 942 3173 997 humanum
3205 958 3377 1013 genus
3418 944 3731 1000 universum

2156 1029 2222 1082 ad
2254 1031 2485 1084 salutem
2520 1032 2884 1086 revocandum
2903 1041 3072 1097 esset,
3103 1040 3163 1087 ut
3183 1034 3303 1101 ejus
3328 1048 3456 1104 erga
3482 1034 3735 1089 homines

2156 1132 2399 1174 amorem
2428 1120 2693 1184 decebat,
2746 1122 2979 1176 salutem
3016 1123 3195 1176 nactis
3230 1125 3556 1193 gratulatur.
3610 1123 3731 1177 Alia

2154 1222 2335 1268 autem
2363 1212 2577 1267 ratione
2603 1212 2736 1267 nihil
2763 1212 2989 1268 aberres
3018 1215 3065 1269 si
3102 1211 3275 1277 dicas,
3300 1215 3730 1269 calceamentum

2152 1303 2274 1372 ejus
2305 1302 2477 1357 fuisse
2501 1302 2801 1371 apostolos,
2826 1303 2939 1357 sive
2968 1303 3130 1356 etiam
3162 1304 3282 1372 ejus
3305 1307 3372 1357 ad
3395 1304 3534 1358 hanc
3558 1321 3731 1374 usque

2152 1394 2295 1449 diem
2332 1394 2742 1463 praedicationis
2802 1395 3110 1450 ministros.
3149 1394 3275 1449 llaec
3316 1395 3500 1465 itaque
3547 1398 3731 1453 omnia

2151 1498 2406 1557 operatus
2437 1496 2522 1543 est
2555 1486 2695 1543 Deus
2721 1528 2736 1552 ,
2799 1489 3017 1557 quando
3072 1489 3127 1542 in
3184 1490 3483 1544 novissimo
3517 1489 3730 1543 dierum

2153 1579 2368 1633 locutus
2411 1588 2497 1635 est
2530 1580 2687 1634 nobis
2724 1579 2777 1633 in
2810 1578 3012 1634 Sancto
3048 1596 3169 1634 suo.
3208 1580 3522 1635 Secundum
3566 1582 3729 1635 aliam

469 1666 703 1737 ρύγματι
734 1668 1201 1737 διακονουμένους.
1236 1667 1420 1721 Ταῦτα
1452 1668 1514 1738 δὴ
1532 1664 1625 1722 οὖν
1655 1668 1834 1722 πάντα
1864 1670 2042 1741 εἰργά-

2153 1687 2280 1727 vero
2313 1673 2750 1741 explicationem,
2798 1673 3016 1727 locutus
3054 1672 3193 1727 Deus
3241 1674 3297 1727 in
3353 1673 3557 1726 Sancto
3596 1688 3725 1737 suo,

466 1774 597 1810 σατο
644 1760 672 1810 6
705 1758 857 1822 Θεὸς,
900 1760 988 1812 ὅτε
1034 1761 1120 1812 ἐπ’
1161 1760 1374 1829 ἐσχάτῳ
1402 1760 1511 1813 τῶν
1540 1761 1763 1832 ἡμερῶν
1788 1761 2042 1833 ἐλάλησεν

2151 1780 2342 1819 omnes
2390 1765 2615 1818 omnino
2664 1762 2883 1818 Judaeos
2932 1775 2986 1818 et
3019 1763 3238 1819 Grazcos
3271 1804 3285 1827 ,
3343 1765 3587 1834 aliasque
3634 1781 3729 1834 per

464 1850 593 1918 ἡμῖν
626 1850 685 1902 ἐν
710 1848 789 1920 τῷ
826 1850 964 1921 ἁγίῳ
993 1849 1179 1903 αὑτοῦ.
1219 1849 1357 1902 Καθ’
1389 1851 1579 1921 ἑτέραν
1600 1851 1656 1903 δὲ
1690 1851 1917 1922 ἐκδοχὴν
1951 1852 2042 1904 λα-

2151 1850 2465 1905 universum
2489 1851 2679 1904 orbem
2711 1860 2901 1921 gentes
2941 1851 3007 1905 ad
3044 1853 3274 1922 gratiam
3309 1867 3464 1906 suam
3500 1869 3727 1908 revoca-

462 1938 524 2008 λή
534 1956 632 2003 σας
662 1934 691 1993 ὸ
731 1940 863 2004 Θεὸς
889 1943 947 1993 ἐν
976 1941 1055 2011 τῷ
1081 1942 1220 2011 ἁγίῳ
1247 1941 1436 2004 αὐτοῦ,
1470 1942 1679 2006 πάντας
1712 1943 2048 2008 ἁπαξαπλῶς

473 2031 761 2095 Ἰουδαίους
782 2050 842 2086 τε
868 2034 962 2087 καὶ
979 2034 1268 2104 Ἕλληνας,
1292 2034 1362 2086 τά
1375 2051 1433 2085 τε
1457 2034 1578 2087 καθ’
1600 2034 1727 2105 ὅλης
1747 2035 1846 2105 τῆς
1871 2037 2048 2088 οἰκουο

465 2121 634 2193 μένης
678 2124 803 2195 ἔθνη
838 2127 919 2188 είς
960 2124 1059 2196 τὴν
1094 2124 1290 2178 ἐαυτοῦ
1340 2129 1498 2197 χάριν
1537 2117 1923 2182 ἀνεκαλέσατο·
1966 2129 2046 2183 διὸ

460 2215 553 2266 καὶ
573 2215 671 2286 τὴν
702 2217 903 2287 Σίκιμα
922 2219 1015 2270 καὶ
1047 2218 1138 2271 τὸν
1164 2218 1378 2271 Γαλαὰδ
1400 2218 1497 2290 (1),
1518 2219 1609 2271 καὶ
1634 2220 1725 2272 τὸν
1747 2221 2046 2292 Μανασσῆν

460 2306 671 2361 καὶτὸν
708 2307 946 2380 Ἐφραῖμ
975 2310 1069 2363 καὶ
1101 2311 1191 2363 τὸν
1237 2309 1439 2363 Ἰούδαν
1482 2312 1576 2363 καὶ
1617 2313 1709 2366 τὸν
1742 2312 1917 2367 Μωάϐ
1950 2314 2044 2367 καὶ

458 2400 558 2469 τὴν
604 2400 904 2470 Ἰδουμαίαν
959 2403 1052 2455 καὶ
1089 2404 1216 2466 τοὺς
1263 2403 1595 2473 ἀλλοφύλους
1636 2406 1883 2470 ἅπαντας
1916 2424 2047 2461 κατ-

458 2486 823 2559 ηριθμήσατο,
855 2487 915 2553 ἐξ
946 2488 1059 2542 ῐσου
1093 2491 1191 2561 τῆς
1221 2492 1412 2561 ὁμοίας
1436 2491 1679 2563 κλήσεως
1701 2495 2044 2563 καταξιώσας

457 2580 604 2634 ἅπαν
634 2582 697 2633 τὸ
728 2581 836 2633 τῶν
865 2580 1165 2654 ἀνθρώπων
1197 2582 1353 2650 γένος
1375 2598 1388 2612 ο
1422 2583 1560 2655 πλὴν
1608 2585 1743 2638 ἀλλά
1793 2586 2043 2657 πρώτους

455 2674 582 2735 τοὺς
602 2672 709 2724 ἀπὸ
739 2671 833 2724 τοῦ
874 2672 1089 2743 Ἰσραὴλ
1128 2673 1302 2728 καλεῖ.
1346 2673 1541 2744 Ἐχρῆν
1571 2674 1679 2746 γὰρ
1704 2675 1771 2728 τά
1795 2680 2039 2747 πρωτεῖα

456 2765 551 2817 καὶ
580 2764 678 2826 τὰς
704 2766 959 2836 ἀπαρχὰς
986 2763 1081 2817 τοῦ
1115 2765 1471 2833 εὐαγγελικοῦ
1498 2766 1853 2837 κηρύγματος
1886 2769 2040 2840 πρώ-

454 2871 569 2918 τοις
596 2856 778 2919 αῦτοῖς
804 2857 1095 2927 ἀπονεῖμαι
1119 2856 1206 2909 διὰ
1233 2855 1331 2919 τὰς
1354 2857 1490 2927 πρὸς
1514 2859 1639 2921 τοὺς
1666 2858 1845 2912 αὐτῶν
1871 2861 2040 2915 πατέ-

457 2964 558 3017 ρας
612 2948 966 3017 ἐπαγγελίας,
1003 2948 1070 3000 δι’
1120 2948 1187 3011 ἃς
1221 2951 1315 3003 καὶ
1341 2951 1501 3013 αὐτὸς
1528 2951 1556 3002 6
1587 2949 1776 3022 Σωτὴρ
1801 2951 2039 3023 πρώτοις

452 3041 636 3105 αὐτοῖς
712 3040 1096 3113 εὐηγγελίζετο
1166 3044 1576 3114 μαρτυρόμενος
1656 3046 1753 3098 καὶ
1824 3045 2032 3113 λέγων·
2064 3078 2111 3138 c

459 3152 476 3182 ι
516 3131 633 3186 Ούκ
658 3130 820 3204 ἦλθον
857 3135 905 3186 εί
942 3133 1016 3205 μὴ
1046 3135 1145 3211 ζείς
1193 3135 1262 3188 τὰ
1306 3136 1556 3207 πρόϐατα
1602 3135 1671 3189 τὰ
1720 3136 2037 3190 ἀπολωλότα

450 3222 601 3277 οἴκου
632 3224 867 3296 Ἰσραήλ.
883 3244 902 3276 ι
934 3226 1047 3278 Καὶ
1068 3229 1181 3289 τοῖς
1204 3226 1524 3291 ἀποστόλοις
1538 3227 1594 3280 δὲ
1618 3229 1781 3281 αὑτοῦ
1800 3227 2035 3299 πρώτοις

450 3315 635 3378 αὐτοῖς
678 3316 974 3386 κηρύσσειν
1019 3315 1081 3369 τὸ
1138 3318 1469 3386 Εὑαγγέλιον
1510 3321 1742 3391 παρῄνει
1779 3322 2031 3392 φάσκων·

455 3425 474 3456 ε
509 3408 601 3470 Είς
625 3407 744 3460 ὁδὸν
768 3408 939 3462 ἐθνῶν
965 3408 1038 3480 μὴ
1067 3408 1356 3481 ἀπέλθητε,
1393 3411 1487 3464 καὶ
1517 3414 1596 3476 εἰς
1643 3412 1794 3466 πόλιν
1850 3416 2036 3485 Σαμα-

453 3499 649 3570 ρειτῶν
684 3500 759 3570 μὴ
812 3499 1092 3572 εἰσέλθητε
1114 3519 1126 3531 ’
1158 3502 1455 3573 πορεύεσθε
1488 3503 1545 3556 δὲ
1573 3504 1772 3574 μᾶλλον
1802 3506 1938 3577 πρὸς
1964 3506 2034 3562 τά

450 3591 695 3661 πρόϐατα
721 3592 791 3645 τὰ
822 3591 1140 3646 ἀπολωλότα
1166 3593 1313 3646 οίκου
1377 3593 1613 3667 Ἰσραήλ.
1658 3616 1676 3648 ι
1721 3593 1854 3650 Εἶτα
1914 3599 2031 3669 μετ’

448 3684 687 3746 ἐκείνους
729 3684 1059 3754 προσέταττε
1103 3688 1214 3750 τοῖς
1257 3685 1451 3740 ἑαυτοῦ
1499 3687 1769 3759 μαθηταῖς
1801 3690 2034 3760 εὐαγγε-

446 3774 689 3839 λίζεσθαι
720 3775 901 3829 πάντα
928 3775 997 3829 τὰ
1023 3775 1148 3849 ἔθνη
1177 3779 1235 3830 ἐν
1271 3776 1351 3848 τῷ
1380 3778 1605 3849 ὀνόματι
1627 3780 1812 3834 αὐτοῦ.
1844 3780 2033 3848 Οὕτως

447 3863 544 3921 οὖν
563 3867 656 3920 καὶ
686 3868 780 3921 ἐπὶ
802 3868 897 3921 τοῦ
928 3870 1195 3940 παρόντος
1222 3871 1251 3922 6
1281 3869 1390 3923 τῶν
1418 3871 1553 3924 ὅλων
1578 3871 1709 3935 Θεὸς
1728 3874 2032 3945 ἐνοικήσειν

448 3962 506 4013 ἐν
535 3958 612 4031 τῷ
647 3960 786 4031 ἁγίῳ
815 3960 1005 4025 αὑτοῦ,
1038 3964 1095 4014 ἐν
1115 3961 1264 4033 αὐτῷ
1295 3980 1355 4016 τε
1382 3963 1477 4017 καὶ
1504 3963 1570 4017 δι’
1594 3965 1755 4018 αὐτοῦ
1778 3964 2031 4037 λαλήσειν

448 4050 761 4123 ἀνθρώποις
820 4053 1167 4117 θεσπίζεται·
1224 4057 1320 4108 καὶ
1365 4056 1440 4119 ώς
1485 4056 1619 4126 ὁμοῦ
1655 4060 1750 4111 καὶ
1795 4059 1937 4111 κατὰ
1970 4058 2031 4112 τὸ

445 4143 576 4195 αὐτὸ
604 4144 695 4197 τὸν
738 4143 977 4216 Ἐφραῒμ
1003 4146 1099 4199 καὶ
1127 4145 1219 4199 τὸν
1254 4146 1556 4217 Μανασσῆν
1582 4149 1676 4201 καὶ
1703 4148 1794 4201 τὸν
1833 4149 2030 4203 Ἰούδαν

443 4235 770 4302 είσδέξεταιο
832 4238 883 4289 οἳ
942 4237 1109 4290 πάλαι
1165 4238 1263 4307 μὲν
1308 4233 1449 4309 ἦσαν
1508 4238 1812 4303 διεστῶτες,
1862 4240 1951 4293 ὅτε
2000 4243 2029 4294 6

447 4328 549 4398 μὲν
582 4328 782 4393 Ἰούδας
810 4328 1124 4382 ἐϐασίλευεν
1148 4330 1205 4382 ἐν
1239 4329 1612 4401 Ἰερουσαλὴμ,
1630 4332 1659 4383 6
1681 4331 1736 4383 δὲ
1768 4330 2023 4403 Ἐφραῒμ,

2148 1942 2245 1993 vit.
2286 1939 2471 2006 Quare
2502 1938 2767 2003 Sichima,
2799 1940 3023 2008 Galaad,
3056 1942 3345 1997 Manassen
3369 1983 3383 2008 ,
3430 1941 3687 2011 Ephraim
3708 1983 3724 2009 ,

2145 2035 2379 2101 Judam,
2419 2035 2612 2099 Moab,
2667 2037 2958 2090 ldumzeam
2986 2076 3002 2101 ,
3053 2044 3108 2090 et
3161 2037 3494 2106 alienigenas
3537 2051 3726 2091 omnes

2146 2128 2505 2191 enumeravit,
2523 2128 2689 2183 simili
2723 2127 3006 2182 vocatione
3036 2135 3207 2181 totum
3232 2144 3401 2197 genus
3426 2128 3723 2181 humanum

2145 2235 2297 2289 azque
2319 2219 2613 2289 dignatus;
2652 2220 2746 2275 sed
2778 2221 2990 2289 priores
3017 2222 3106 2289 qui
3136 2236 3199 2274 ex
3224 2220 3390 2274 Israel
3424 2227 3581 2273 erant
3611 2235 3727 2279 meo

2145 2311 2397 2365 moravit.
2438 2311 2692 2381 Oportuit
2731 2312 2879 2365 enim
2916 2311 3187 2381 primitias
3212 2310 3536 2379 evangelica:
3586 2326 3725 2380 prae-

2144 2403 2436 2458 dicationis
2466 2403 2601 2473 ipsis
2630 2402 2909 2472 impertire
2932 2441 2948 2467 ,
3001 2401 3072 2458 ob
3129 2401 3522 2472 promissiones
3553 2402 3725 2471 patri-

2142 2484 2245 2549 bus
2275 2509 2466 2549 eorum
2502 2492 2712 2557 factas,
2776 2508 3009 2563 quarum
3068 2508 3234 2547 causa
3284 2492 3532 2546 Salvator
3588 2492 3725 2561 ipsis

2144 2586 2422 2656 prioribus
2464 2584 2816 2656 Evangelium
2848 2584 3195 2653 praedicabat,
3225 2584 3338 2637 haec
3365 2582 3721 2638 testiﬁcatus:

2147 2694 2166 2726 ‹
2178 2674 2297 2729 Νοη
2312 2676 2433 2730 veni
2450 2675 2555 2729 nisi
2573 2676 2638 2728 ad
2653 2689 2781 2728 oves
2800 2690 2917 2743 quae
2935 2674 3211 2743 perierunt
3228 2675 3424 2727 domus
3438 2673 3600 2727 lsrael
3618 2673 3684 2725 ".
3698 2693 3719 2727 ι

2140 2764 2423 2836 Apostolis
2454 2781 2673 2836 quoque
2702 2767 2818 2820 suis
2841 2766 3209 2835 praecipiebat,
3230 2775 3287 2818 ut
3324 2764 3460 2833 ipsis
3487 2766 3723 2835 primum

2140 2857 2495 2928 Evangelium
2518 2856 2877 2926 praedicarent
2910 2856 3138 2910 dicens:
3177 2874 3196 2907 ι
3229 2854 3287 2909 ln
3309 2857 3453 2910 viam
3479 2857 3722 2927 gentium

2141 2964 2211 3003 ne
2242 2948 2511 3011 abieritis,
2548 2955 2603 3002 et
2640 2946 2697 3000 in
2729 2947 3003 3001 civitatem
3034 2945 3505 3000 Samaritanorum
3539 2964 3607 3001 ne
3640 2949 3724 3001 in-

2141 3040 2419 3096 traveritis
2441 3058 2455 3106 ;
2488 3040 2583 3095 sed
2602 3040 2675 3095 ite
2703 3040 2886 3109 potius
2904 3039 2972 3093 ad
2991 3055 3142 3102 oves,
3160 3055 3282 3109 quae
3304 3041 3605 3110 perierunt,
3625 3039 3725 3093 do-

2142 3150 2265 3189 mus
2282 3132 2526 3189 Israel".
2555 3151 2573 3184 ι
2594 3131 2904 3187 Secundum
2928 3131 3050 3185 illos
3062 3138 3241 3186 autem
3256 3130 3556 3199 jubetdisci
3566 3132 3722 3201 pulos

2140 3240 2271 3282 suos
2304 3223 2658 3294 Evangelium
2703 3223 3002 3294 praedicare
3054 3223 3309 3277 omnibus
3369 3223 3623 3293 gentibus
3666 3224 3722 3277 in

2138 3315 2360 3369 nomine
2387 3330 2508 3369 suo.
2538 3314 2629 3368 Sic
2654 3314 2856 3384 ergoin
2889 3313 3146 3384 praesenti
3169 3314 3551 3368 universorum
3578 3312 3723 3369 Deus

2139 3405 2196 3459 in
2229 3405 2431 3460 Sancto
2452 3421 2552 3461 suo
2585 3404 2957 3459 habitaturum
2989 3420 3069 3471 se,
3103 3412 3265 3474 atque
3294 3404 3349 3457 in
3384 3404 3503 3475 ipso
3542 3415 3595 3458 et
3624 3420 3672 3475 pi
3694 3419 3723 3459 r

2137 3497 2319 3567 ipsum
2350 3497 2662 3552 locuturum
2691 3512 2811 3552 esse
2834 3496 3149 3550 hominibus
3168 3497 3493 3550 vaticinatur
3517 3514 3529 3549 :
3561 3504 3615 3550 et
3644 3497 3722 3550 ait

2138 3601 2198 3642 se
2242 3585 2407 3641 simul
2439 3586 2752 3655 pariterque
2778 3584 3061 3653 Ephraim,
3093 3583 3380 3639 Manassen
3427 3592 3480 3639 et
3520 3584 3719 3639 Judam

2139 3685 2498 3748 excepturum
2537 3692 2698 3743 esse;
2735 3677 2827 3747 qui
2873 3677 3002 3731 olim
3033 3678 3251 3746 quidem
3303 3677 3485 3733 dissiti
3517 3687 3673 3733 erant
3700 3717 3717 3741 ,

2135 3770 2358 3841 quando
2384 3768 2523 3823 Juda
2546 3769 2808 3841 regnabat
2829 3769 2883 3823 in
2912 3768 3239 3834 Jerusalem,
3262 3768 3519 3838 Ephraim
3545 3770 3599 3823 in
3633 3767 3721 3823 Si-

2136 3862 2334 3917 chimis
2366 3870 2421 3915 et
2444 3861 2714 3924 Samaria,
2738 3859 3019 3915 Manasses
3049 3876 3176 3915 vero
3205 3861 3486 3916 habitabat
3524 3862 3580 3915 in
3607 3859 3717 3915 Gao

2135 3955 2277 4011 laad.
2315 3952 2388 4011 Ut
2418 3956 2571 4009 nullo
2614 3955 2783 4025 igitur
2814 3954 3043 4009 ulterius
3078 3952 3395 4009 discrimine
3452 3954 3719 4011 interces-

2135 4064 2287 4113 suro,
2317 4048 2578 4117 nullaque
2609 4048 2749 4101 inter
2779 4061 2874 4101 eos
2905 4046 3272 4117 discrepantia
3312 4045 3530 4113 futura,
3567 4047 3718 4117 ipsus

2133 4141 2347 4211 priores
2412 4140 2681 4206 advocat;
2740 4138 2937 4193 deinde
2991 4137 3299 4204 Moabitas,
3352 4139 3716 4202 Ammonitas,

2134 4233 2425 4300 ldumaaos,
2458 4244 2800 4302 caeterosque
2834 4234 3084 4287 homines
3118 4247 3309 4287 omnes
3330 4271 3344 4296 ,
3401 4233 3716 4287 universum

2133 4328 2321 4381 orbem
2351 4326 2677 4380 incolentes.
2710 4324 2786 4377 Ex
2826 4324 3056 4379 historia
3095 4339 3257 4393 porro
3300 4322 3717 4393 Evangeliorum

443 4422 502 4472 ἐν
533 4419 779 4491 Σικίμοις
813 4421 905 4473 καὶ
933 4420 1240 4491 Σαμαρείᾳ,
1277 4422 1306 4473 6
1348 4422 1406 4474 δὲ
1431 4422 1727 4492 Μανασσῆς
1757 4421 1892 4491 ᾤκει
1924 4424 2023 4495 τὴν

2143 4418 2363 4482 ξίιίεοοε,
2403 4432 2512 4487 quo
2540 4419 2801 4488 tempore]
2824 4414 3059 4470 Sanctus
3092 4414 3181 4469 Dei
3231 4418 3287 4468 in
3334 4414 3589 4470 Sichimis
3623 4430 3718 4485 pe-

443 4512 672 4565 Γαλαάδ.
722 4513 808 4575 Ὠς
840 4512 1036 4582 μηκέτι
1064 4513 1245 4565 τοίνυν
1269 4510 1597 4583 άφορισμοῦ,
1637 4514 1773 4583 μήτε
1801 4512 2022 4566 διαστά-

443 4619 581 4666 σεως
612 4600 779 4672 οὔσης
820 4603 877 4654 ἐν
910 4601 1112 4665 αὐτοῖς,
1141 4601 1390 4673 πρώτους
1425 4602 1623 4664 αὐτοὺς
1656 4601 1986 4655 είσκαλεῖται
2008 4620 2023 4633 θ

439 4689 559 4747 εἶτα
592 4693 889 4756 Μωαϐίτας
922 4692 1017 4746 καὶ
1060 4693 1416 4764 Ἀμμανίτας,
1462 4692 1790 4763 Ἰδουμαίους
1825 4710 1885 4746 τε
1932 4694 2026 4747 καί⁵

439 4787 568 4849 τοὺς
598 4785 817 4850 λοιποὺς
847 4786 1096 4849 ἅπαντας
1128 4785 1448 4857 ἀνθρώπους
1478 4786 1602 4849 τοὺς
1630 4785 1748 4839 καθ’
1773 4786 1900 4855 ὅλης
1926 4788 2026 4858 τῆς

441 4876 764 4946 οἰκουμένης
788 4874 1090 4939 οἰκοῦντας.
1125 4874 1361 4938 Γνώσεις
1388 4876 1432 4928 δ’
1462 4874 1528 4928 ἂν
1559 4878 1623 4929 ἐκ
1648 4876 1747 4947 τῆς
1786 4879 2027 4948 ἱστορίας

439 4965 549 5018 τῶν
577 4968 946 5037 Εὑαγγελίων,
980 4969 1128 5032 ὅπως
1168 4965 1291 5021 καθ’
1317 4965 1409 5028 οὓς
1441 4968 1663 5037 χρόνους
1693 4971 1720 5022 6
1754 4968 1906 5037 ἆγιος
1928 4968 2022 5021 τοῦ

438 5057 574 5111 Θεοῦ
606 5059 701 5113 καὶ
736 5064 847 5124 τοῖς
882 5061 1129 5131 Σικίμοις
1184 5060 1465 5132 ἐπεδήμει,
1498 5062 1592 5114 καὶ
1649 5063 1789 5133 αὐτῇ
1838 5064 2023 5132 Σαμα-

2132 4509 2539 4580 regrinabatur,
2574 4516 2628 4563 et
2648 4510 2705 4562 in
2726 4510 2845 4579 ipsa
2875 4508 3141 4569 Samaria,
3166 4523 3379 4562 necnon
3402 4507 3457 4561 in
3493 4505 3717 4561 Jerusa-

2131 4602 2258 4668 lem,
2290 4602 2544 4656 lsraelcm
2594 4611 2709 4655 tum
2763 4602 3115 4671 conjunctum
3146 4600 3351 4665 fuisse,
3400 4600 3715 4668 nullamque

2131 4694 2514 4749 intercessisse
2543 4693 2900 4759 divisionem;
2937 4695 3017 4749 sic
3040 4701 3093 4748 et
3126 4694 3403 4762 apostolos
3438 4706 3568 4747 suos
3602 4693 3715 4761 pri-

2132 4803 2221 4840 mo
2282 4787 2347 4840 ad
2398 4802 2529 4841 oves
2562 4800 2684 4855 quae
2737 4786 3011 4856 perierant
3063 4784 3260 4839 domus
3308 4783 3475 4838 lsrael
3523 4784 3710 4847 misit;

2134 4887 2322 4950 postea
2352 4886 2554 4944 autem,
2592 4878 2787 4931 iisdem
2823 4893 2957 4932 usus
2983 4892 3084 4931 ceu
3114 4877 3535 4939 calceamentis,
3585 4876 3712 4929 uni-

2130 4984 2351 5023 versum
2381 4967 2668 5023 hominum
2711 4983 2884 5040 genus
2937 4968 3165 5024 salutari
3222 4967 3398 5039 gratia
3458 4967 3712 5040 dignatus

2129 5066 2233 5113 ρει.

443 5153 587 5223 ρείᾳ,
614 5156 680 5224 τῇ
710 5170 769 5205 τε
808 5153 1181 5226 Ἰερουσαλὴμ,
1209 5153 1488 5223 ἡνωμένου
1544 5154 1664 5207 τότε
1698 5155 1792 5207 τοῦ
1829 5154 2065 5225 Ἰσραὴλ,
2125 5153 2220 5205 καὶ
2271 5151 2541 5222 μηδεμιᾶς
2572 5149 2741 5221 οὔσης
2774 5151 2832 5203 ἐν
2866 5149 3013 5221 αύτῷ
3046 5150 3414 5213 διαστάσεως·
3463 5148 3606 5203 οὕτω
3653 5148 3709 5202 δὲ

440 5245 694 5311 καὶτοὺς
746 5246 941 5299 ἐαυτοῦ
968 5245 1297 5308 ἀποστόλους
1325 5247 1461 5317 πρὸς
1494 5248 1562 5301 τὰ
1602 5247 1850 5319 πρόϐατα
1882 5246 2196 5299 ἀπολωλότα
2245 5244 2392 5297 οἴκου
2447 5243 2661 5315 Ἰσραὴλ
2715 5244 2774 5297 ὲν
2843 5243 3078 5315 πρώτοις
3144 5243 3507 5314 διεπέμπετο·
3574 5244 3712 5314 μετά

438 5335 495 5387 δὲ
516 5335 707 5401 ταῦτα,
723 5340 835 5401 τοῖς
851 5339 1034 5402 αὐτοῖς
1068 5337 1257 5410 ὥσπερ
1285 5340 1452 5411 ὑποδὴ
1463 5359 1593 5411 μασι
1627 5340 1927 5412 χρώμενος,
1946 5339 2007 5392 τὸ
2024 5339 2239 5393 πάντων
2255 5337 2560 5411 ἀνθρώπων
2587 5339 2743 5408 γένος
2772 5338 2869 5408 τῆς
2900 5337 3168 5407 σωτηρίου
3187 5337 3444 5408 κατηξίου
3468 5336 3709 5409 χάριτος.

520 5449 538 5481 ι
576 5432 672 5494 Τίς
703 5431 901 5496 ἀπάξει
937 5450 1004 5498 με
1025 5436 1106 5497 εἰς
1134 5435 1286 5488 πόλιν
1314 5436 1609 5507 περιοχῆς;
1644 5436 1677 5507 ἢ
1713 5436 1798 5498 τίς
1829 5436 2026 5507 ὁδηγή-

2209 5433 2378 5491 Vsns.
2415 5437 2504 5491 11.
2564 5454 2583 5487 ι
2616 5434 2749 5501 Quis
2777 5436 3009 5491 abducet
3039 5450 3125 5488 me
3151 5435 3205 5487 in
3228 5434 3502 5487 civitatem
3532 5434 3710 5486 muni-

440 5539 524 5575 σει
560 5540 628 5592 με
660 5523 765 5587 ἕως
796 5525 894 5594 τῆς
953 5524 1285 5597 Ἰδουμαίας;
1322 5527 1457 5598 Οὐχὶ
1502 5529 1566 5580 σὺ
1621 5528 1650 5579 6
1694 5526 1824 5590 Θεὸς
1856 5529 1884 5580 6
1917 5529 2025 5580 ἀπ-

2143 5528 2287 5582 Lam?
2320 5536 2414 5582 aut
2460 5528 2586 5599 quis
2627 5528 2858 5585 deducet
2919 5544 3005 5583 me
3053 5542 3228 5597 usque
3268 5527 3322 5581 in
3381 5520 3711 5581 ldumacami

515 5635 559 5665 "
598 5633 793 5692 Matth.
832 5652 924 5701 xv,
957 5637 1050 5692 ει.
1126 5639 1170 5671 ³⁷
1205 5635 1398 5692 Matth.
1437 5656 1491 5704 Χ,
1530 5638 1653 5706 5,6.

513 5747 562 5818 (ι
575 5769 589 5815 ι
625 5746 743 5817 Τὴν
774 5750 994 5822 Σίκυμα
1016 5751 1112 5806 καὶ
1141 5752 1246 5807 τὸν
1272 5752 1538 5808 Γαλαὰδ.
1577 5754 1739 5813 Forte
1772 5744 1837 5811 τὰ
1864 5757 1922 5811 Σ.
1955 5772 2008 5811 κ.
2046 5756 2141 5829 τὴν
2167 5755 2225 5810 Γ.
2248 5752 2407 5810 Enn.
