4142 6388
469 334 566 390 371

1175 323 1444 384 EUSEBII
1479 320 1964 379 CESARIENSIS
1996 320 2148 376 OPP.
2191 318 2374 375 PARS
2404 316 2499 373 Ill.
2538 344 2617 362 -—.
2649 310 3064 369 EXEGETICA.

3634 306 3741 363 572

470 451 662 506 Nonne
691 455 770 513 tu,
800 446 963 510 Deus,
995 446 1087 515 qui
1122 442 1372 513 repulisti
1408 441 1545 496 nos?
1572 446 1760 495 etnon
1787 437 1965 493 exibis
1995 437 2042 491 in

2158 436 2429 505 ασάμενος
2453 431 2635 503 ἡμᾶς
2669 430 2762 482 καὶ
2795 428 2896 481 οὐκ
2933 423 3191 497 ἐξελεύσῃ
3212 425 3270 478 ἐν
3302 428 3420 488 ταῖς
3449 422 3740 494 δυνάμεσιν

468 540 769 597 virtutibus
837 537 1127 592 nostris?»
1193 536 1370 605 Supra
1420 534 1696 588 dictorum
1767 531 2052 586 sententia:

470 636 734 690 insistens
793 630 1092 700 Propheta,
1130 643 1297 701 supra
1355 626 1576 681 modum
1632 625 1866 678 miratur
1917 623 2050 678 illud

468 724 857 792 inexspectata:
918 718 1352 789 alienigenarum
1410 716 1656 787 gentium
1733 714 2052 767 mutationis

468 813 797 884 prodigium.
855 810 1062 865 Deinde
1117 825 1244 863 cum
1290 808 1519 863 dixisset
1560 806 1727 871 Deus,
1782 804 1885 859 «In
1934 805 2054 859 ldu-

466 921 656 960 maaam
710 904 1001 960 extendam
1042 903 1475 956 calceamentum
1517 915 1723 963 meum,
1755 918 1774 952 ι
1836 899 2049 953 dictum

467 996 781 1065 hujusmodi
810 995 1137 1054 admiratur.
1171 1008 1357 1050 secum
1388 1002 1653 1063 reputans
1687 1007 1758 1046 an
1806 1005 2050 1061 unquam

467 1091 586 1158 ipse
639 1087 785 1144 Deus
833 1089 1207 1143 calceamento
1269 1102 1428 1151 usus,
1484 1100 1894 1141 conscensurus
1954 1084 2048 1147 sit,

463 1196 577 1238 non
606 1182 661 1236 in
688 1179 1012 1247 Jerusalem,
1046 1193 1225 1249 neque
1274 1179 1330 1232 in
1364 1176 1694 1239 Samariam,
1756 1191 1937 1247 neque
1993 1176 2047 1229 in

463 1275 630 1328 aliam
678 1272 900 1328 lsraelis
944 1273 1249 1334 civitatem,
1303 1269 1401 1326 sed
1450 1270 1505 1323 in
1546 1269 1885 1340 alienigenas
1924 1266 2050 1323 ldu-

461 1380 654 1421 magos.
686 1364 869 1431 Quare
899 1365 1089 1419 beatos
1120 1363 1245 1416 illos
1270 1361 1555 1433 praedicat,
1592 1363 1657 1415 ad
1690 1376 1833 1431 quos
1868 1374 2053 1415 acces-

462 1472 630 1513 surus
686 1456 833 1512 Deus
880 1464 1020 1521 erat,
1077 1454 1493 1524 orationemque
1543 1454 1767 1518 emittit,
1825 1461 1889 1508 ut
1931 1454 2049 1524 ipse

462 1561 679 1618 quoque
724 1546 837 1601 haec
881 1547 1069 1603 videre
1118 1547 1321 1617 dignus
1367 1546 1665 1600 habeatur:
1713 1553 2049 1615 quapropter

460 1638 632 1692 dicit:
686 1657 705 1689 ι
733 1637 869 1704 Quis
904 1638 1139 1692 abducet
1172 1653 1259 1692 me
1306 1638 1363 1691 in
1410 1636 1687 1690 civitatem
1732 1634 2047 1688 munitam?

460 1738 554 1784 aut
579 1729 704 1800 quis
748 1729 981 1784 deducet
1010 1744 1097 1784 me
1131 1742 1308 1798 usque
1344 1729 1401 1781 in
1430 1724 1767 1780 ldumaaam?
1794 1745 1812 1776 ι
1847 1724 2047 1780 Preca-

2155 526 2350 598 ήμῶν;
2394 544 2413 575 ›
2461 522 2792 592 Ἐπιστήσας
2839 521 2905 591 τῇ
2949 518 3057 572 τῶν
3092 515 3496 588 προλεχθέντων
3537 516 3741 590 διανοίᾳ

2151 620 2181 671 6
2211 618 2524 688 Προφήτης,
2574 610 3078 683 ὑπερεκπλήττεται
3110 609 3169 661 τὸ
3198 607 3381 679 θαῦμα
3416 609 3515 678 τῆς
3565 626 3741 682 παρα.

2151 709 2305 775 δόξου
2350 706 2459 760 τῶν
2512 702 2825 773 ἀλλοφύλων
2877 700 3046 755 ἐθνῶν
3095 699 3415 771 μεταϐολῆς.
3463 696 3597 753 Εἶτα
3646 700 3739 754 τοῦ

2152 800 2287 854 Θεοῦ
2337 797 2640 871 εἰρηκότος,
2695 813 2715 848 ι
2784 795 2908 848 Ἐπὶ
2949 794 3048 865 τὴν
3084 792 3391 864 Ἰδουμαίαν
3434 793 3638 845 ἐκτενῶ
3678 793 3741 847 τὸ

2154 893 2409 963 ὑπόδημα
2443 909 2567 964 μου,
2602 911 2622 943 ι
2675 890 2769 944 τὸν
2815 889 2970 958 λόγον
3016 886 3415 957 ἀποθαυμάζει,
3460 888 3508 939 εἰ
3558 886 3739 956 μέλλοι

2154 986 2286 1040 ποτὲ
2315 984 2447 1047 Θεὸς
2475 984 2661 1047 αὑτὸς,
2692 982 3001 1052 ὑποδήματι
3045 979 3409 1051 χρησάμενος,
3438 976 3739 1031 ἐπιϐαίνειν

2152 1081 2212 1133 ού
2241 1081 2307 1149 τῇ
2347 1077 2724 1148 Ἰερουσαλὴμ,
2759 1073 2880 1127 οὐδὲ
2907 1074 2975 1143 τῇ
3001 1071 3303 1143 Σαμαρείᾳ,
3329 1069 3449 1123 οὑδὲ
3480 1068 3612 1140 ἄλλῃ
3632 1070 3739 1121 τινὶ

2151 1168 2217 1236 τῇ
2273 1163 2366 1217 τοῦ
2421 1163 2660 1236 Ἰσραὴλ,
2715 1160 2852 1217 ἀλλά
2896 1161 3005 1213 τῶν
3052 1159 3365 1228 ἀλλοφύλων
3402 1158 3735 1229 Ἰδουμαίων.

2152 1259 2244 1311 Διὸ
2277 1258 2569 1329 μακαρίζει
2606 1257 2703 1327 μὲν
2736 1254 2975 1318 τούτους,
3009 1248 3089 1317 οἷς
3116 1253 3475 1325 ἐπιδημήσειν
3505 1251 3737 1323 ήμελλεν

2152 1352 2181 1402 6
2210 1349 2342 1412 Θεός
2360 1366 2373 1378 ·
2411 1348 2577 1419 εὐχὴν
2599 1347 2657 1400 δὲ
2689 1346 2897 1399 τίθεται
2932 1344 3335 1414 καταξιωθῆναι
3362 1361 3491 1397 ποτε
3516 1345 3610 1399 καὶ
3637 1346 3736 1397 αὑ-

2150 1443 2240 1495 τὸν
2269 1443 2369 1513 τῆς
2396 1441 2601 1494 τούτων
2642 1438 2771 1503 θέας
2794 1458 2806 1469 ·
2839 1438 2918 1491 διό
2954 1454 3117 1508 φησι·
3151 1457 3170 1489 ι
3208 1435 3305 1501 Τίς
3328 1437 3528 1504 ἀπάξει
3563 1454 3632 1508 με
3658 1439 3738 1501 είς

2151 1533 2309 1588 πόλιν
2354 1532 2715 1604 περιοχῆςςῆ
2763 1532 2848 1595 τίς
2881 1531 3136 1602 ὁδηγήσει
3171 1547 3237 1601 με
3282 1529 3388 1592 ’ἐως
3430 1529 3531 1599 τῆς
3571 1528 3735 1581 Ἰδου-

2155 1625 2358 1696 μαίας;
2395 1645 2412 1676 ι
2464 1623 2675 1693 Ηὺχετο
2728 1623 2836 1695 γὰρ
2882 1623 3216 1695 ὁδηγηθῆναι
3269 1623 3364 1675 καὶ
3414 1624 3738 1693 παρατεῖναι

2120 1697 2276 1778 ’τοὺς
2305 1716 2405 1785 τῆς
2434 1713 2577 1786 ζωῆς
2602 1712 2766 1767 αὑτοῦ
2798 1713 3024 1784 χρόνους
3050 1714 3143 1766 ἐπὶ
3171 1713 3261 1766 τὸν
3291 1712 3479 1785 καιρὸν
3507 1714 3736 1776 ἐκεῖνον,

458 1825 625 1878 batur
667 1823 815 1878 enim
874 1821 1096 1885 deduci,
1147 1835 1436 1891 annosque
1500 1819 1622 1873 vita:
1662 1834 1776 1874 suae
1814 1820 2042 1889 produci

2150 1807 2271 1861 καθ’
2315 1807 2375 1861 ὃν
2401 1806 2632 1878 ἧμελλεν
2670 1810 2699 1861 6
2727 1806 2860 1870 Θεὸς
2888 1806 2981 1860 ἐπὶ
3012 1808 3112 1878 τὴν
3145 1804 3448 1876 Ἰδουμαίαν
3476 1805 3736 1859 ἐκτείνειν

461 1931 634 1985 usque
680 1913 749 1968 ad
794 1914 850 1968 id
899 1914 1185 1983 temporis,
1238 1928 1347 1983 quo
1412 1911 1558 1967 Deus
1613 1912 2045 1967 calceamentum

459 2023 621 2063 suum
650 2022 825 2076 usque
855 2007 910 2059 in
954 2006 1250 2059 ldumaeam
1279 2015 1612 2060 extensurus
1644 2013 1781 2067 erat,
1825 2010 1885 2056 ut
1914 2017 2036 2056 ma-

458 2113 626 2168 gnum
665 2097 801 2151 illud
847 2096 1179 2149 miraculum
1226 2101 1498 2158 cerneret,
1550 2092 1723 2147 Deum
1784 2091 2043 2148 videlicet

459 2190 604 2260 apud
634 2190 886 2249 homines
917 2187 1381 2259 peregrinantem,
1421 2194 1475 2240 et
1503 2187 1559 2241 in
1589 2184 1825 2241 Idumaea
1852 2184 2047 2239 ambu-

459 2285 687 2348 lantem,
744 2283 1191 2352 alienigenasque
1232 2281 1337 2351 ipsi
1384 2279 1636 2336 subditos
1685 2289 1743 2334 et
1793 2279 2039 2334 amicos:

456 2390 627 2444 quare
651 2374 727 2428 ait
754 2393 767 2428 :
815 2393 835 2426 ι
859 2373 993 2439 Quis
1016 2374 1252 2429 deducet
1283 2386 1369 2426 me
1392 2387 1567 2442 usque
1589 2373 1645 2425 in
1662 2371 1993 2426 ldumaaam?
2020 2390 2038 2422 ι

456 2468 749 2520 Civitatem
804 2480 970 2534 porro
1024 2464 1293 2518 munitam
1345 2472 1506 2519 vocat
1562 2460 1869 2517 Ecclesiam
1921 2460 2041 2527 Dei,

453 2559 711 2612 vallatam
757 2558 915 2612 ﬁrmo
942 2565 997 2612 et
1031 2556 1333 2612 fortissimo
1363 2572 1546 2620 muro,
1576 2556 1811 2612 salutari
1847 2570 2044 2625 nempe

456 2649 681 2714 virtute,
723 2664 889 2719 quam
919 2649 1088 2704 etiam
1130 2648 1318 2704 videre
1362 2648 1737 2718 clllagitabat;
1778 2649 2045 2719 quocirca

454 2741 623 2795 dixit:
678 2760 697 2793 ι
721 2740 856 2807 Quis
888 2741 1126 2796 abducet
1153 2756 1239 2796 me
1284 2741 1341 2795 in
1370 2741 1646 2796 civitatem
1682 2741 1992 2795 munitam?
2018 2760 2037 2793 ι

455 2832 771 2904 Perpendas
824 2834 1012 2901 velim,
1060 2832 1242 2903 ipsum
1273 2834 1499 2888 minime
1526 2848 1723 2904 rogare
1752 2840 1812 2887 ut
1865 2832 2043 2887 dedu-

453 2934 613 2981 catur
640 2940 817 2995 usque
852 2926 909 2979 in
942 2924 1275 2990 Jerusalem,
1326 2927 1444 2982 sive
1481 2941 1658 2996 usque
1686 2926 1755 2981 ad
1801 2924 2031 2992 Galaad,

454 3026 551 3071 aut
592 3034 768 3088 usque
824 3017 888 3072 ad
950 3017 1209 3089 Sychem,
1254 3018 1370 3074 sive
1410 3034 1587 3089 usque
1628 3018 1696 3072 ad
1752 3011 2035 3087 prraim,

453 3110 570 3164 sive
626 3124 800 3178 usque
867 3108 934 3163 ad
985 3107 1219 3176 Iudam;
1277 3110 1373 3164 sed
1440 3110 1601 3179 quasi
1656 3110 2037 3179 inexspectata
2068 3150 2111 3207 Ο

454 3201 817 3271 promissione
852 3202 1159 3270 perculsus,
1193 3202 1339 3272 quod
1367 3202 1576 3256 scilicet
1604 3203 1785 3272 perosi
1808 3216 1872 3255 ac
1901 3215 2041 3256 mm-

452 3292 543 3345 chi
594 3290 738 3346 Esau
788 3292 991 3361 posteri
1052 3298 1204 3346 tanta
1254 3292 1428 3363 gratia
1493 3291 1733 3347 donandi
1788 3291 1920 3357 sint,
1982 3298 2043 3345 ut

452 3378 597 3437 Deus
630 3382 698 3436 ad
758 3397 853 3438 eos
900 3384 1255 3450 conscendat,
1302 3390 1557 3454 precatur
1596 3383 1819 3438 dicens:
1848 3401 1869 3434 ι
1897 3382 2033 3449 Quis

452 3480 685 3536 deducet
728 3496 815 3537 me
851 3496 1025 3550 usque
1068 3481 1122 3534 in
1173 3478 1506 3534 ldumaeam?
1545 3498 1563 3530 ι
1620 3477 1699 3531 Ac
1740 3476 1887 3547 quod
1940 3477 2044 3531 mi-

452 3588 575 3628 rum
618 3588 847 3644 prorsus
888 3582 994 3637 est,
1049 3572 1194 3628 Deus
1248 3587 1359 3626 non
1416 3570 1578 3631 nudis
1640 3570 1871 3641 pedibus
1917 3585 2039 3624 am~

453 3665 742 3720 bulaturus
790 3666 1013 3730 dicitur,
1083 3665 1179 3720 sed
1236 3678 1363 3719 cum
1421 3664 1845 3731 calceamentis;
1904 3663 2039 3718 sub-

452 3756 711 3812 indicatis
768 3756 1057 3810 animabus
1123 3753 1422 3811 voluntatis
1485 3753 1607 3823 ejus
1668 3752 2039 3821 administris,

452 3862 687 3917 quarum
755 3862 944 3918 opera,
1005 3848 1294 3902 vocatione
1350 3845 1594 3916 gentium
1647 3852 1891 3914 peracta,
1945 3859 2042 3915 per

454 3938 768 3992 universam
818 3946 1045 4002 terram,
1098 3953 1253 3993 suam
1289 3937 1577 3992 constituit
1618 3936 1917 4000 civitatem,
1951 3935 2041 3989 ni-

453 4030 654 4085 mirum
690 4031 1015 4085 catholicam
1058 4029 1362 4085 Ecclesiam
1398 4044 1579 4095 suam,
1610 4043 1675 4083 ac
1720 4040 1923 4085 coetum
1953 4043 2043 4083 re-

453 4122 773 4192 ligiosorum
838 4123 1177 4178 hominum:
1232 4121 1301 4178 de
1376 4137 1484 4193 Qua
1545 4122 1766 4177 civitate
1826 4122 2038 4177 dictum

452 4215 592 4268 alias
640 4222 775 4269 est:
816 4232 835 4265 ι
875 4212 1129 4269 Gloriosa
1178 4215 1326 4270 dicta
1381 4224 1510 4270 sunt
1573 4215 1640 4270 de
1707 4223 1781 4283 te,
1841 4216 2035 4269 civitas

452 4306 549 4363 Dei
574 4307 653 4375 ’3;
682 4327 701 4359 ι
755 4316 840 4363 et:
877 4326 897 4359 ‹
927 4306 1198 4363 Fluminis
1247 4307 1487 4378 impetus
1527 4306 1808 4363 lastiﬂeant
1845 4308 2041 4362 civita-

451 4405 559 4452 tem
595 4396 693 4452 Dei
714 4399 818 4453 ".9
886 4397 1041 4453 Hanc
1069 4398 1354 4452 civitatem
1391 4399 1661 4452 munitam
1691 4413 1819 4452 cum
1850 4399 2035 4453 videre

2147 1901 2210 1953 τὸ
2240 1900 2496 1972 ὑπόδημα
2523 1899 2710 1964 αὑτοῦ,
2746 1900 2823 1964 ὡς
2860 1899 2927 1954 ἂν
2959 1898 3054 1953 ἴδοι
3097 1898 3160 1954 τὸ
3194 1904 3335 1970 μέγα
3365 1897 3563 1971 θέαμα,
3601 1898 3735 1952 Θεὸν

2148 1991 2518 2062 ἐπιδημοῦντα
2566 1991 2876 2063 ἀνθρώποις
2951 1992 3047 2044 καὶ
3105 1990 3587 2064 ἐμπεριπατοῦντα
3662 1993 3734 2063 τῇ

2162 2085 2448 2158 Ἰδουμαίᾳ,
2484 2085 2815 2156 ἀλλοφύλους
2845 2102 2905 2138 τε
2938 2084 3086 2157 αὑτῷ
3130 2085 3599 2155 ὑποτεταγμένους
3641 2085 3737 2138 καὶ

2148 2177 2526 2246 φιλιάςοντας·
2560 2178 2640 2231 διό
2681 2194 2846 2249 φησι·
2884 2196 2903 2229 ι
2954 2178 3054 2241 Τίς
3097 2177 3351 2249 ὁδηγήσει
3395 2194 3462 2248 με
3505 2178 3609 2239 ἕως
3635 2179 3737 2249 τῆς

2160 2270 2502 2342 Ἰδουμαίας;
2544 2291 2562 2322 ι
2594 2271 2755 2324 Πόλιν
2784 2270 2841 2324 δὲ
2886 2269 3149 2341 περιοχῆς
3175 2270 3332 2323 καλεί
3363 2270 3461 2342 τὴν
3508 2269 3737 2341 Ἐκκλη-

2147 2361 2267 2415 σίαν
2290 2361 2385 2415 τοῦ
2413 2360 2570 2427 Θεοῦ,
2606 2362 3132 2435 περιπεφραγμένην
3164 2362 3380 2434 στερρῷ
3405 2364 3498 2416 καὶ
3525 2362 3738 2434 ὀχυρω-

2145 2455 2293 2525 τάτῳ
2334 2455 2527 2526 τείχει,
2573 2458 2641 2527 τῇ
2696 2456 2952 2527 σωτηρίῳ
2998 2455 3245 2526 δυνάμει,
3297 2456 3365 2525 ἢν
3419 2455 3514 2511 καὶ
3562 2456 3735 2527 αὐτὴν

2149 2552 2276 2605 ἰδεῖν
2308 2551 2537 2623 ηὔχετοο
2574 2552 2655 2605 διὸ
2698 2551 2853 2620 ἔλεγε
2882 2569 2894 2582 ·
2931 2570 2950 2603 ι
2997 2553 3095 2616 Τίς
3125 2551 3326 2617 ἀπάξει
3362 2570 3429 2624 με
3457 2554 3537 2617 εἰς
3581 2553 3736 2607 πόλιν

2144 2645 2447 2717 περιοχῆς;
2480 2664 2499 2698 ›
2557 2644 2666 2698 Θέα
2710 2647 2768 2700 δὲ
2819 2648 2969 2710 ὅπως
3012 2647 3112 2699 οὑκ
3152 2645 3357 2716 ηὔξατο
3402 2645 3733 2717 ὁδηγήθῆναι

2144 2739 2249 2802 ἕως
2282 2738 2381 2810 τῆς
2418 2738 2793 2811 Ἰερουσαλὴμ,
2822 2740 2856 2810 ἢ
2903 2739 3008 2802 ἓως
3037 2738 3136 2809 τῆς
3166 2738 3398 2803 Γαλαὰδ,
3432 2738 3466 2809 ἦ
3502 2739 3606 2802 ἕως
3635 2739 3735 2809 τῆς

2144 2831 2347 2901 Συχὲμ,
2380 2830 2413 2901 ἦ
2459 2830 2565 2894 ἕως
2607 2830 2703 2884 τοῦ
2748 2831 3066 2903 Ἐφραῒμ,ἣ
3103 2831 3208 2894 ἕως
3238 2831 3332 2884 τοῦ
3367 2831 3537 2885 Ἰούδα
3560 2848 3574 2862 ·
3615 2829 3733 2885 ἀλλ’

2143 2921 2334 2994 ὥσπερ
2381 2922 2676 2992 ἐκπλαγεὶς
2717 2924 2783 2976 τὸ
2826 2922 3127 2995 παράδοξον
3154 2923 3257 2993 τῆς
3290 2923 3638 2993 ἐπαγγελίας,
3678 2926 3727 2976 εἰ

2143 3012 2235 3065 τοῦ
2270 3012 2645 3083 μεμισημένου
2675 3013 2769 3069 καὶ
2805 3013 3005 3086 πόρνου
3044 3013 3213 3067 Ἠσαῦ
3251 3013 3590 3082 οί⁹ἀπόγονοι
3621 3030 3731 3066 τοι-

2145 3104 2317 3176 αύτης
2353 3106 2474 3158 τότε
2521 3105 2803 3170 τεύξονται
2855 3107 3101 3177 χάριτος,
3133 3105 3211 3169 ὡς
3254 3106 3508 3177 ἐπιϐῆναι
3549 3108 3735 3169 αὑτοῖς

2145 3196 2237 3250 τὸν
2264 3197 2415 3262 Θεὸν,
2447 3196 2664 3269 εὔχεται
2699 3199 2872 3267 λέγων
2895 3215 2909 3229 ο
2943 3217 2963 3250 ι
2997 3199 3091 3262 Τίς
3116 3199 3374 3269 ὁδηγήσει
3406 3216 3474 3270 με
3502 3199 3607 3262 ἕως
3630 3198 3734 3267 τῆς

2157 3288 2500 3359 Ἰδουμαίας;
2548 3308 2566 3341 ι
2600 3290 2813 3361 Σφόδρα
2844 3290 2900 3344 δέ
2926 3291 3255 3360 θαυμαστῶς
3281 3293 3309 3344 6
3337 3292 3471 3354 Θεὸς
3504 3292 3736 3363 ἐμπερι-

2146 3382 2411 3454 πατήσειν
2444 3383 2505 3436 οὑ
2534 3386 2764 3455 γυμνοῖς
2805 3384 2931 3437 ποσὶ
2958 3384 3227 3448 λέλεκται,
3271 3383 3409 3438 ἀλλὰ
3440 3385 3507 3438 δι’
3534 3382 3734 3455 ὑποδη-

2148 3476 2335 3548 μάτων
2359 3492 2372 3505 ’
2400 3476 2773 3546 αἰνιττομένου
2811 3476 2907 3529 τοῦ
2942 3475 3102 3546 λόγου
3132 3474 3231 3540 τὰς
3262 3477 3601 3549 ὑπηρετικὰς
3638 3476 3737 3530 τοῦ

2148 3567 2485 3640 βουλήματος
2519 3567 2681 3621 αὑτοῦ
2711 3568 2910 3640 ψυχὰς,
2937 3568 3004 3622 δι’
3036 3562 3113 3623 ὧν
3145 3570 3244 3640 τὴν
3270 3568 3381 3622 τῶν
3404 3568 3572 3622 ἐθνῶν
3598 3568 3733 3639 κλῆ-

2148 3678 2232 3715 σιν
2260 3661 2649 3732 ποιησάμενος,
2683 3661 2956 3733 πανταχοῦ
2984 3662 3087 3732 γῆς
3119 3661 3218 3732 τὴν
3243 3660 3437 3715 ἑαυτοῦ
3475 3662 3733 3732 συνεπή-

2147 3770 2277 3806 σατο
2319 3752 2494 3818 πόλιν,
2528 3753 2673 3821 λέγω
2709 3754 2767 3807 δὲ
2809 3755 2909 3826 τὴν
2954 3755 3247 3826 καθολικὴν
3298 3753 3463 3807 αὑτοῦ
3504 3753 3736 3825 Ἐκκλη-

2146 3845 2286 3912 σίαν,
2320 3845 2416 3899 καὶ
2458 3847 2519 3898 τὸ
2551 3845 2802 3917 σύστημα
2835 3849 2933 3918 τῆς
2973 3846 3082 3901 τῶν
3115 3846 3383 3901 θεοσεόῶν
3418 3846 3693 3911 πολιτείας
3716 3862 3730 3876 ·

2145 3939 2276 4009 περὶ
2316 3932 2384 4009 ἧς
2432 3938 2646 4010 εἴρηται
2692 3937 2957 4008 ἀλλαχοῦ·
3009 3957 3028 3990 ι
3073 3938 3445 4009 Δεδοξασμένα
3496 3936 3731 4009 ἐλαλήθη

2145 4031 2275 4101 περὶ
2322 4029 2436 4095 σοῦ,
2469 4032 2503 4101 ή
2544 4030 2699 4094 πόλις
2728 4030 2822 4084 τοῦ
2864 4030 3019 4084 Θεοῦ’
3057 4050 3076 4082 ›
3117 4031 3231 4096 καὶ,
3281 4050 3299 4082 ι
3334 4030 3440 4083 Τοῦ
3486 4028 3735 4099 ποταμοῦ

2144 4122 2215 4173 τὰ
2243 4123 2541 4193 ὀρμήματα
2570 4123 2917 4194 εὐφραίνουσι
2944 4124 3043 4195 τὴν
3075 4123 3229 4177 πόλιν
3253 4122 3347 4176 τοῦ
3375 4121 3532 4177 Θεοῦ.
3575 4142 3591 4174 ι
3622 4123 3733 4176 Καὶ

2142 4213 2347 4283 ταύτην
2385 4210 2477 4267 οὖν
2510 4216 2608 4287 τὴν
2636 4216 2788 4271 πόλιν
2816 4218 2915 4287 τῆς
2948 4217 3210 4289 περιοχῆς
3237 4216 3405 4287 διψῶν
3434 4215 3732 4270 θεάσασθαι
3803 4266 3807 4269 ,

2143 4305 2172 4357 6
2210 4305 2503 4377 Προφήτης
2534 4306 2716 4375 ἐλεγε-
2757 4325 2776 4358 ι
2807 4307 2903 4370 Τίς
2935 4307 3135 4373 ἀπάξει
3169 4325 3233 4378 με
3275 4310 3356 4372 εἰς
3391 4308 3544 4362 πόλιν
3575 4324 3734 4379 περι-

2143 4396 2310 4467 οχῆς;
2336 4417 2354 4449 ι
2378 4397 2430 4467 ἢ,
2457 4416 2475 4449 ι
2509 4401 2588 4462 είς
2605 4400 2755 4453 πόλιν
2778 4400 3173 4472 πεφραγμένην
3197 4417 3210 4466 ;
3237 4419 3255 4451 ι
3284 4400 3456 4465 οὑτως
3498 4399 3606 4471 γάρ
3635 4403 3735 4472 ἡρ-

452 4497 767 4562 peroptaret
810 4489 1084 4560 Propheta
1135 4491 1401 4545 dicebat:
1451 4508 1470 4540 ‹
1519 4489 1656 4556 Quis
1687 4492 1922 4546 abducet
1951 4507 2040 4548 me

2152 4492 2419 4561 μήνευσεν
2458 4491 2486 4542 6
2535 4491 2849 4562 Σύμμαχος.
2880 4493 3052 4546 Πύλαι
3090 4493 3199 4565 γὰρ
3239 4493 3408 4564 αὐτὴν
3442 4494 3536 4546 καὶ
3571 4491 3732 4563 θύραι

451 4584 508 4638 in
539 4584 819 4637 civitatem
878 4582 1188 4636 munitam?
1226 4602 1246 4635 ι
1294 4590 1389 4637 aut
1450 4601 1469 4634 ι
1500 4584 1555 4637 in
1606 4583 1883 4638 civitatem
1931 4584 2043 4639 cir-

450 4673 834 4743 cumseptam?
871 4693 890 4726 i
942 4674 1025 4727 sic
1067 4673 1214 4728 enim
1244 4673 1637 4744 interpretatus
1678 4672 2041 4745 Symmachus

449 4776 555 4822 est.
609 4765 739 4819 Eam
778 4765 980 4837 quippe
1014 4773 1208 4837 portae,
1259 4766 1446 4834 januae
1483 4775 1539 4821 et
1591 4776 1774 4820 vectes
1825 4765 2042 4821 divina-

450 4872 575 4911 rum
633 4859 903 4912 virtutum
932 4858 1429 4923 circummuniunt,
1472 4874 1542 4913 ne
1594 4858 1830 4928 quadam
1884 4858 2042 4913 obsi-

447 4948 611 5005 dione
647 4958 948 5020 prematur.
989 4951 1173 5018 Quare
1221 4951 1289 5008 de
1347 4952 1438 5011 illa
1487 4952 1702 5007 dicebat
1730 4951 1983 5007 Salvator
2018 4973 2033 5009 :

451 5069 474 5106 ‹
500 5053 677 5124 Super
710 5052 855 5108 hanc
911 5060 1121 5123 petram
1171 5048 1456 5109 aedificabo
1490 5052 1795 5110 Ecclesiam
1827 5070 2030 5120 meam,

446 5154 504 5201 et
543 5154 715 5217 porta:
748 5145 908 5200 inferi
940 5160 1049 5200 non
1072 5146 1445 5216 praevalebunt
1484 5146 1748 5202 adversus
1774 5162 1894 5201 eam
1913 5146 1982 5201 ³⁸³.
2009 5166 2027 5198 ι

448 5238 604 5294 Hanc
655 5240 824 5310 igitur
881 5241 1311 5309 circumseptam
1362 5239 1643 5293 civitatem
1684 5239 1873 5294 videre
1935 5255 2036 5310 ge-

448 5331 622 5386 Stiens
654 5330 925 5401 Pr0pheta
955 5332 1173 5387 dicebat
1204 5351 1217 5386 :
1250 5350 1269 5379 ε
1299 5330 1454 5402 Quis}
1470 5331 1705 5387 abducet
1732 5347 1819 5386 me
1854 5331 1911 5385 in
1954 5332 2035 5384 ci-

448 5422 673 5478 vitatem
733 5426 1093 5479 munitam?)
1166 5425 1348 5495 Atque
1396 5426 1830 5494 alienigenarum
1880 5425 2033 5479 salu-

446 5522 558 5570 tem
611 5517 787 5573 oculis
839 5519 1114 5589 inspicere
1160 5527 1484 5589 peroptans,
1533 5518 1649 5572 haac
1703 5518 2030 5587 adjiciebat:

455 5621 479 5659 ι
508 5605 644 5671 Quis
678 5607 915 5663 deducet
960 5624 1045 5664 me
1071 5625 1248 5680 usque
1289 5611 1345 5664 in
1392 5609 1720 5665 Idumaeam?
1750 5629 1768 5660 ι
1828 5608 2031 5662 Deinde

2142 4580 2236 4633 καὶ
2266 4579 2454 4651 μοχλοὶ
2485 4581 2643 4635 θείων
2690 4582 2972 4654 δυνάμεων
3013 4585 3460 4657 περιφράττουσι,
3492 4584 3629 4656 πρὸς
3669 4583 3732 4637 τό

2143 4675 2216 4745 μή
2257 4690 2379 4727 τινα
2417 4675 2708 4745 ὑπομεῖναι
2742 4676 3079 4748 πολιορκίαν.
3109 4679 3201 4731 Διὸ
3237 4680 3364 4751 περί
3411 4679 3580 4750 αὑτῆς
3611 4677 3730 4731 ἕλε-

2138 4767 2289 4833 γενό
2337 4765 2563 4838 Σωτήρ·
2601 4786 2620 4819 ι
2673 4768 2796 4820 Ἐπὶ
2843 4770 2942 4840 τὴν
2988 4770 3194 4839 πέτραν
3243 4771 3584 4842 οἰκοδομήσω
3627 4786 3730 4841 μου

2135 4858 2234 4930 τὴν
2291 4860 2639 4933 Ἐκκλησίαν,
2691 4863 2785 4916 καὶ
2828 4865 2993 4918 πύλαι
3036 4865 3162 4937 ᾅδου
3211 4866 3271 4916 οὑ
3315 4864 3733 4936 κατισχύσουσιν

2137 4953 2329 5023 αὐτῆς.
2384 4974 2403 5005 ι
2449 4955 2667 5028 Ταύτην
2712 4953 2806 5011 οῦν
2856 4959 2956 5029 τὴν
3004 4958 3529 5029 περιπεφραγμένην
3575 4955 3732 5012 πάλιν

2143 5049 2425 5119 ἐπιθυμῶν
2456 5050 2585 5103 ἰδεῖν
2624 5054 2653 5105 ό
2686 5053 2979 5124 Προφήτης
3008 5052 3191 5121 ἔλεγε·
3230 5072 3247 5103 ι
3293 5053 3335 5104 Τ
3342 5052 3387 5115 ίς
3429 5051 3626 5116 ἀπάξει
3664 5069 3731 5123 με

2143 5142 2224 5204 εἰς
2257 5141 2411 5196 πόλιν
2442 5145 2739 5215 περιοχῆς;
2775 5164 2793 5196 ι
2822 5145 2932 5197 Καὶ
2955 5145 3055 5216 τὴν
3080 5146 3187 5198 τῶν
3216 5144 3527 5214 ἀλλοφύλων
3558 5161 3732 5216 σωτη-

2149 5233 2269 5305 ρίαν
2321 5237 2615 5308 εὑχόμενος
2658 5237 2959 5308 ὀφθαλμοῖς
3006 5237 3362 5309 παραλαϐεῖν,
3421 5236 3730 5308 προσετίθει

2144 5325 2351 5394 λέγων·
2405 5348 2423 5379 ι
2475 5329 2570 5393 Τίς
2615 5329 2869 5400 ὁδηγήσει
2920 5349 2988 5402 με
3033 5332 3139 5394 ἓως
3185 5331 3286 5401 τῆς
3332 5330 3671 5401 Ἰδουμαίαςῖ
3704 5348 3724 5381 ³

2144 5417 2277 5473 Εἶτα
2313 5423 2527 5495 πρῶτον
2555 5426 2648 5479 καὶ
2685 5426 2938 5498 δεύτερον
2982 5425 3173 5492 εἰπὼν,
3210 5445 3228 5478 ι
3273 5426 3405 5492 Τίς;
3446 5446 3464 5477 ι
3496 5426 3587 5479 τὸν
3631 5424 3728 5496 μό-

2143 5531 2230 5566 νον
2271 5515 2491 5570 δυνατὸν
2518 5518 2691 5572 ταῦτα
2717 5519 2989 5572 δεικνύναι
3018 5518 3305 5590 γνωρίζειν
3349 5518 3627 5589 ὁμολογεῖ·
3660 5511 3728 5587 ἦν

2141 5606 2199 5659 δὲ
2233 5601 2388 5674 οὗτος
2415 5613 2443 5664 6
2472 5612 2634 5675 Θεός·
2667 5611 2694 5665 ὃ
2720 5613 2838 5666 κατ’
2869 5610 3045 5683 ἀρχὰς
3078 5612 3177 5682 τῆς
3204 5613 3570 5683 προκειμένης
3599 5626 3729 5683 στη-

525 5788 569 5821 ²⁸
609 5786 751 5844 Psal.
789 5805 1018 5855 Lxxxw,
1056 5792 1111 5848 5.
1188 5795 1231 5827 ³³
1274 5792 1419 5851 I’sal.
1466 5811 1588 5862 XLV,
1633 5798 1683 5854 5.
1763 5797 1807 5829 ³ο
1850 5797 2042 5854 Matth.
2090 5813 2209 5862 xw,
2249 5798 2336 5858 l3.
