4142 6388
406 357 513 414 573

1543 352 2046 411 COMMENTARIA
2082 351 2149 407 IN
2186 352 2527 410 PSALMOS.

3557 358 3661 414 574

403 478 707 549 λογραφίας
738 474 940 544 ἔλεγεν·
970 492 991 526 ε
1037 472 1095 526 '0
1124 471 1276 537 Θεὸς,
1300 470 1510 525 ἀπώσω
1543 472 1689 541 ἡμᾶς
1722 470 1817 523 καὶ
1850 467 1987 523 καθ-

2093 485 2219 525 cum
2274 470 2444 527 semel
2481 475 2536 524 et
2568 468 2813 523 secundo
2843 467 3093 536 dixisset,
3113 487 3131 521 ‹
3152 469 3328 536 Quis?
3360 490 3378 523 ι
3414 486 3537 529 eum
3567 475 3662 542 qui

405 573 545 634 εἷλες
586 570 753 641 ἡμᾶς.
803 588 821 620 ι
864 567 955 621 Διὸ
1006 565 1144 638 πρὸς
1185 566 1401 635 ἐκείνην
1440 562 1537 634 τὴν
1581 560 1761 633 φωνὴν
1802 561 1988 615 ἀποδί-

404 663 569 716 δωσιν
608 659 844 714 ἐνταῦθα
870 659 968 730 τὴν
994 659 1160 729 αὐτὴν
1183 656 1419 710 διάνοιαν
1455 654 1658 723 λέγων·
1699 672 1717 704 ε
1748 652 1882 723 Οὐχὶ
1922 653 1985 706 σὺ

403 757 435 808 6
459 754 593 817 Θεὸς
639 753 669 805 6
695 751 1053 822 ἀπωσάμενος
1093 750 1271 821 ἡμᾶς
1306 768 1324 800 ι
1364 747 1461 810 Τίς
1486 745 1594 816 γὰρ
1622 744 1799 809 ἄλλος,
1831 745 1984 814 φησὶ,

405 844 629 899 δύναται
654 843 824 909 δεῖξαι
850 844 981 913 ἡμῖν
1013 840 1109 904 τὰς
1137 838 1469 908 ἐπαγγελίας
1501 838 1601 901 τὰς
1630 836 1730 899 σὰς
1762 836 1986 890 καὶτῶν

410 935 518 988 σῶν
540 935 717 1003 λόγων
748 934 816 987 τὰ
848 931 1284 1002 ἀποτελέσματα,
1319 932 1367 982 εί
1403 930 1476 1001 μὴ
1506 929 1569 982 σὺ
1601 927 1763 990 αὐτὸς
1810 930 1839 981 6
1880 928 1987 981 ἁπ-

409 1024 692 1094 ωσάμενος
725 1024 871 1095 ἡμᾶς
895 1040 909 1087 ;
936 1022 991 1092 ἢ,
1024 1020 1166 1074 κατά
1201 1018 1291 1074 τὸν
1320 1019 1635 1089 Σύμμαχον,
1665 1036 1683 1069 ι
1718 1018 1782 1070 El
1816 1017 1889 1088 μὴ
1921 1017 1985 1069 σὺ

408 1112 438 1164 6
470 1111 602 1176 Θεὸς
633 1114 661 1164 6
692 1110 1127 1182 ἀποδαλλόμενος
1151 1113 1320 1183 ἡμᾶς,
1349 1109 1442 1162 καὶ
1477 1109 1552 1180 μὴ
1587 1107 1898 1178 προσελθὼν
1930 1110 1987 1161 ἐν

407 1206 528 1266 ταῖς
576 1202 959 1275 στρατεύσεσιν
997 1203 1188 1274 ἡμῶνς
1232 1222 1251 1254 ›
1299 1200 1529 1257 ’Δπώσω
1558 1201 1665 1271 γάρ
1708 1200 1856 1270 ἡμᾶς
1897 1200 1984 1263 σὺ,

409 1296 603 1369 Κύριε,
637 1296 730 1350 καὶ
766 1295 1017 1360 καθεῖλες
1051 1297 1228 1367 ἡμᾶς’
1264 1292 1399 1348 ἀλλά
1433 1292 1527 1344 καὶ
1568 1290 1736 1344 πάλαι
1781 1288 1985 1354 εἰωθὼς

411 1386 712 1450 συνεξιέναι
755 1386 851 1439 καὶ
900 1384 1270 1456 συμπολεμεῖν
1314 1386 1437 1447 ταῖς
1488 1382 1785 1454 ἡμετέραις
1830 1381 1988 1433 δυνά-

410 1496 557 1551 μεσι,
579 1478 674 1532 νῦν
694 1480 782 1531 ὅτε
810 1478 909 1548 τὴν
937 1477 1128 1547 κλῆσιν
1151 1477 1390 1546 ἐποιήσω
1422 1475 1531 1528 τῶν
1561 1473 1750 1539 ἐθνῶν,
1783 1470 1988 1526 ἀπώσω

409 1572 558 1643 ἡμᾶς
584 1570 677 1623 καὶ
704 1569 887 1623 οὐκέτι
916 1569 1207 1640 συνεξέρχῃ
1233 1572 1352 1633 ταῖς
1379 1568 1678 1639 ἡμετέραις
1703 1566 1982 1637 δυνάμεσι.

411 1663 579 1734 ’Ἄλλη
628 1658 721 1717 οὖν
752 1664 853 1716 οὐκ
886 1662 1032 1717 ἔστιν
1080 1664 1211 1733 ἡμῖν
1237 1662 1391 1726 ἐλπὶς
1423 1662 1558 1732 πρὸς
1591 1659 1650 1712 τὸ
1691 1659 1986 1713 θεάσασθαί

405 1774 499 1812 σου
545 1755 643 1821 τὰς
687 1756 1039 1826 ἐπαγγελίας,
1086 1757 1136 1808 εί
1195 1755 1269 1826 μὴ
1319 1755 1385 1807 σὺ
1438 1753 1598 1817 αὐτὸς
1645 1751 1979 1824 βουληθείης.

2090 562 2241 617 solus
2281 561 2413 615 talia
2444 550 2745 616 ostendere
2791 561 2969 630 possit
3017 576 3352 631 cognoscere
3387 577 3446 616 se
3490 562 3665 619 confi-

2062 664 2267 721 'tetur;
2304 654 2392 708 hic
2414 667 2578 723 porro
2613 650 2759 708 Deus
2787 662 2939 719 erat;
2972 652 3117 722 quod
3154 653 3318 707 etiam
3374 654 3531 708 initio
3559 654 3666 708 hu-

2082 746 2174 816 jus
2207 745 2357 799 tituli
2408 745 2788 814 inscriptionis
2836 744 3057 799 dicebat
3089 764 3103 800 :
3140 763 3158 795 ι
3198 744 3363 807 Deus,
3410 747 3662 816 repulisti

2086 854 2188 894 nos
2215 848 2268 894 et
2294 838 2618 894 destruxisti
2648 852 2805 893 nos.»
2838 837 3020 904 Quare
3052 837 3118 892 ad
3150 838 3294 892 illam
3314 854 3501 894 vocem
3532 855 3656 909 spe-

2085 939 2265 997 ctans,
2306 929 2557 985 eamdem
2610 931 2702 986 hic
2766 929 2970 1001 profert
3030 932 3355 985 sententiam
3427 929 3656 987 dicens:

2092 1044 2110 1076 ι
2139 1024 2329 1079 Nonne
2352 1031 2437 1087 tu,
2470 1022 2640 1088 Deus,
2678 1025 2772 1093 qui
2820 1024 3071 1095 repulisti
3098 1024 3237 1079 nos?
3262 1043 3281 1076 ι
3336 1023 3471 1089 Quis
3511 1024 3658 1078 enim

2089 1117 2254 1177 alius,
2306 1118 2505 1187 inquit,
2557 1117 2826 1187 promissa
2855 1124 2969 1182 tua,
3021 1122 3077 1170 et
3117 1116 3411 1170 verborum
3439 1127 3657 1169 tuorum

2087 1208 2294 1262 exitum
2358 1208 2617 1262 exhibere
2670 1207 2829 1261 nobis
2888 1206 3085 1268 valeat,
3153 1207 3259 1260 nisi
3312 1215 3370 1260 tu
3412 1205 3528 1276 ipse
3564 1207 3658 1277 qui

2087 1298 2337 1367 repulisti
2373 1297 2519 1351 nos?
2550 1298 2686 1362 sive,
2723 1297 3026 1352 secundum
3059 1294 3467 1368 Symmachum,
3498 1314 3515 1347 ι
3539 1295 3659 1351 Nisi

2092 1399 2175 1452 tu,
2206 1389 2372 1454 Deus,
2396 1390 2489 1459 qui
2522 1390 2720 1459 abjicis
2756 1404 2878 1454 nos,
2926 1397 2980 1443 et
3010 1404 3119 1443 non
3150 1388 3367 1443 accedis
3406 1388 3474 1442 ad
3504 1404 3660 1444 exer-

2089 1483 2233 1537 citus
2268 1482 2527 1536 nostros?
2558 1502 2576 1533 ι
2654 1480 2931 1551 Siquidem
2960 1480 3212 1550 repulisti
3269 1494 3391 1546 nos,
3443 1486 3502 1533 tu
3552 1478 3660 1534 Do-

2089 1573 2260 1637 mine,
2291 1581 2345 1626 et
2376 1573 2567 1627 destru
2585 1573 2712 1628 xisti
2744 1588 2884 1627 nos:
2923 1571 3018 1627 sed
3052 1571 3145 1641 qui
3173 1571 3302 1624 olim
3337 1586 3445 1625 una
3474 1571 3663 1627 nobis--

2090 1680 2216 1719 cum
2261 1666 2435 1728 exire,
2507 1672 2724 1719 etcum
2779 1665 3113 1719 exercitibus
3166 1662 3373 1718 nostris
3421 1677 3663 1733 pugnare

2094 1756 2330 1820 solebas,
2364 1772 2513 1810 nunc
2556 1766 2679 1825 post
2710 1765 2986 1825 peractam
3020 1756 3260 1826 gentium
3293 1755 3659 1818 vocationem,

403 1847 504 1901 Σοῦ
531 1847 639 1920 γὰρ
679 1847 1023 1920 θελήσαντος,
1052 1847 1278 1901 δυνατὸν
1328 1847 1461 1916 ἡμῖν
1518 1845 1645 1907 τοὺς
1690 1844 1817 1905 σοὺς
1854 1858 1986 1911 προ-

2091 1846 2343 1916 repulisti
2376 1861 2499 1909 nos,
2561 1861 2738 1915 neque
2766 1846 2910 1899 ultra
2964 1846 3241 1915 egrederis
3289 1861 3414 1900 cum
3443 1845 3663 1900 virtuti-

402 1943 579 2012 φήτας
619 1938 1093 2010 συγκαταλεγῆναι
1123 1941 1189 2010 τῇ
1226 1936 1378 1991 πόλει
1425 1953 1519 1989 σου
1543 1938 1610 2006 τῇ
1640 1949 1982 2006 περιπεφρα-

403 2032 604 2106 γμένῃ,
640 2031 733 2085 καὶ
763 2030 1115 2104 γὸδηγηθῆναι
1144 2031 1248 2093 ἕως
1273 2028 1375 2099 τῆς
1403 2026 1812 2099 ἀποδειχθείσης
1836 2024 1985 2078 Ἰδου-

407 2143 574 2199 μαιας

481 2412 501 2445 ι
545 2392 645 2455 Δὸς
681 2392 811 2462 ἡμῖν
847 2388 1099 2461 βοήθειαν
1139 2390 1205 2443 ἐκ
1238 2387 1489 2458 θλίψεως,
1521 2388 1614 2441 καὶ
1643 2387 1846 2459 ματαία
1878 2404 1984 2441 σω-

399 2486 568 2559 τηρία
613 2482 934 2554 ἀνθρώπων.
977 2481 1065 2534 Ἐν
1113 2479 1192 2551 τῷ
1228 2480 1347 2550 Θεῷ
1394 2480 1691 2551 ποιήσομεν
1735 2479 1983 2551 δύναμιν,

412 2578 508 2631 καὶ
530 2576 691 2639 αὐτὸς
712 2572 1059 2640 ἐξουδενώσει
1083 2574 1208 2635 τοὺς
1235 2570 1512 2635 θλίϐοντας
1541 2572 1709 2641 ἡμᾶς.
1743 2590 1763 2621 ι
1792 2572 1855 2624 Οἱ
1878 2570 1986 2625 τῶν

412 2666 756 2736 ἐπαγγελιῶν
783 2662 1213 2730 καταξιωθέντες
1243 2661 1580 2715 διδάσκονται
1611 2661 1699 2715 διὰ
1721 2661 1829 2714 τῶν
1857 2679 1989 2734 προ-

403 2758 669 2830 κειμένων
701 2758 888 2829 νήφειν
923 2756 1015 2808 καὶ
1048 2753 1428 2824 ἐγρηγορέναι,
1472 2750 1987 2822 παρασκευάζεσθαι

398 2868 461 2905 τε
492 2853 572 2914 είς
619 2848 848 2919 θλίψεις,
879 2847 974 2900 καὶ
1005 2846 1073 2899 δι’
1102 2844 1278 2915 εὐχῶν
1322 2845 1497 2913 λέγειν
1524 2844 1602 2916 τῷ
1638 2845 1847 2898 ἑαυτῶν
1893 2844 1989 2914 βα-

404 2945 572 2999 σιλεῖ’
609 2962 627 2995 ι
664 2942 763 3006 Δὸς
800 2943 933 3011 ἡμῖν
964 2937 1214 3009 βοήθειαν
1253 2938 1318 2990 ἐκ
1370 2935 1638 3006 θλίψεως
1678 2956 1697 2988 ι
1753 2936 1987 3006 ματαίαν

402 3038 513 3109 γὰρ
555 3031 696 3089 εἶναι
730 3037 911 3087 πᾶσαν
941 3031 1039 3102 τὴν
1077 3029 1135 3096 ἐξ
1167 3027 1467 3100 ἀνθρώπων
1499 3028 1711 3082 ἐλπίδα.
1750 3024 1865 3081 Εἶτ’
1893 3026 1987 3079 εύ-

404 3130 627 3200 ξάμενοι
654 3124 847 3187 ταῦτα,
877 3124 977 3194 τὴν
1008 3119 1217 3190 ἀγαθὴν
1245 3118 1640 3171 ἐπιδείκνυνται
1675 3116 1985 3187 προθυμίαν

405 3221 684 3289 λέγοντες·
736 3234 754 3267 ι
801 3215 889 3267 Ἐν
928 3212 1045 3282 Θεῷ
1084 3212 1384 3282 ποιήσομεν
1420 3209 1668 3278 δύναμιν,
1697 3209 1791 3261 καὶ
1824 3207 1987 3271 αὐτὸς

401 3305 749 3376 ἐξουδενώσει
796 3305 923 3367 τοὺς
970 3301 1249 3363 θλίϐοντας
1291 3301 1456 3371 ἡμᾶς.
1501 3319 1521 3352 ι
1567 3299 1818 3362 Τοιοῦτος
1857 3296 1925 3371 ἦν
1960 3300 1989 3352 6

407 3400 620 3462 Παῦλος
651 3397 825 3465 λέγων
845 3412 858 3426 ο
914 3414 933 3445 ‹
964 3394 1148 3447 Πάντα
1185 3390 1353 3461 ίσχύω
1385 3393 1441 3443 ἐν
1481 3390 1560 3462 τῷ
1599 3390 1988 3461 ἐνδυναμοῦντί

409 3506 510 3560 με·
555 3507 576 3539 ›
643 3485 740 3541 καὶ
797 3483 991 3537 πάλιν
1059 3500 1078 3533 ι
1125 3482 1239 3535 Ούκ
1260 3479 1370 3549 ἐγὼ
1393 3480 1470 3545 δὲ,
1544 3482 1729 3551 φησὶν,
1797 3479 1912 3533 ἀλλ’
1954 3481 1988 3550 ὴ

405 3581 565 3651 χάρις
609 3581 642 3650 ἡ
675 3579 771 3632 σὺν
797 3576 941 3646 ἐμοί.
980 3593 998 3626 ι
1041 3572 1228 3626 Ταῦτα
1265 3573 1321 3625 δὲ
1349 3572 1527 3641 λέγειν
1562 3573 1902 3627 παιδεύονται
1936 3575 1987 3627 οί

406 3676 472 3726 ἐκ
513 3672 612 3741 τῆς
651 3667 955 3738 Ἰδουμαίας
985 3666 1078 3719 καὶ
1122 3666 1186 3717 ἐκ
1227 3664 1335 3717 τῶν
1367 3664 1679 3733 ἀλλοφύλων
1724 3665 1892 3719 ἐθνῶν
1920 3668 1987 3736 τῇ

406 3762 502 3818 τοῦ
530 3759 667 3815 Θεοῦ
700 3761 881 3831 χάριτι
910 3754 1391 3827 προσεληλυθότες.
1428 3757 1490 3809 El
1517 3756 1575 3809 δὲ
1606 3758 1670 3809 ἐκ
1695 3756 1988 3828 προσώπου

404 3854 501 3909 τοῦ
526 3849 864 3924 προφητικοῦ
893 3847 1053 3920 χοροῦ
1092 3846 1301 3914 λέγοιτο
1342 3846 1655 3911 καὶταῦτα,
1688 3847 1890 3918 πρέποι
1924 3845 1990 3900 ἂν

404 3947 623 4009 αὐτοὺς,
656 3939 1173 4011 ἀποκλαυσαμένους
1200 3939 1291 3993 τὸν
1321 3939 1583 4009 ἀπωσμὸν
1614 3939 1706 3991 κα)⁵
1740 3938 1837 4010 τὴν
1862 3937 1993 3993 καθ-

405 4037 615 4108 αίρεσιν
655 4034 751 4087 τοῦ
786 4032 1053 4103 προτέρου
1100 4029 1253 4095 λαοῦ,
1281 4029 1445 4100 εὐχὴν
1484 4030 1824 4101 ἀναπέμπειν
1852 4031 1991 4102 ὑπὲρ

406 4129 503 4184 τοῦ
548 4126 728 4183 κοινοῦ
770 4126 986 4180 πάντων
1015 4123 1193 4179 αὐτῶν
1237 4123 1509 4194 σώματος,
1553 4123 1648 4177 καὶ
1687 4123 1866 4192 λέγειν
1912 4122 1993 4193 τῷ

407 4220 528 4292 Θεῷ
558 4220 627 4273 τὰ
652 4218 1011 4291 προκείμενα.

473 4334 523 4388 ι.
564 4332 673 4385 ΕιΣ
702 4331 789 4383 T0
821 4328 1041 4382 ΤΕΛΟΣ
1071 4327 1163 4380 EN
1194 4326 1475 4391 ΥΜΝοιΣ,
1510 4327 1596 4379 To
1626 4327 1824 4380 ΔΑΥιΑ
1854 4326 1930 4383 Ξο.

487 4464 507 4498 ι
552 4444 905 4505 Είσάκουσον,
935 4440 964 4492 6
989 4438 1140 4504 Θεὸς,
1178 4442 1279 4512 τῆς
1321 4439 1555 4512 δεήσεώς
1592 4457 1715 4511 μου,
1760 4440 1993 4511 πρόσχες

2093 1938 2198 1992 bus
2248 1940 2478 1993 nostris.
2536 1934 2657 1990 Non
2711 1939 2817 1991 alia
2868 1937 3053 2007 itaque
3082 1937 3272 1992 subest
3319 1937 3480 1992 nobis
3534 1951 3661 2006 spes

2088 2029 2311 2083 videndi
2348 2031 2617 2099 promissa
2657 2040 2771 2094 tua,
2826 2030 2933 2084 nisi
2992 2040 3048 2084 tu
3090 2029 3208 2099 ipse
3253 2030 3511 2085 volueris.
3584 2028 3661 2085 Te

2087 2121 2292 2191 quippe
2322 2122 2559 2186 volente,
2594 2136 2891 2190 possumus
2916 2136 3016 2175 nos
3047 2122 3324 2191 propheta:
3355 2121 3437 2175 tui
3473 2122 3527 2176 in
3553 2124 3662 2175 cir—

2088 2222 2372 2281 cumsepta
2408 2213 2627 2267 civitate
2661 2220 2753 2265 tua
2805 2212 3177 2278 annumerari,
3219 2227 3281 2265 ac
3324 2211 3520 2267 deduci
3564 2226 3661 2266 us-

2090 2320 2197 2373 que
2224 2304 2561 2358 declaratam
2590 2304 2739 2357 illam
2787 2301 3096 2357 Idumaeam.

2161 2394 2329 2450 Vsus.
2360 2397 2449 2459 l3,
2482 2394 2570 2448 M.
2620 2394 2742 2447 «Da
2792 2396 2952 2449 nobis
2997 2395 3259 2449 auxilium
3308 2394 3377 2450 de
3429 2395 3661 2450 tribula-

2088 2486 2258 2548 tione,
2312 2495 2365 2541 et
2409 2500 2549 2540 vana
2600 2484 2750 2542 salus
2785 2483 3091 2540 hominum.
3146 2484 3207 2538 In
3238 2483 3347 2539 Deo
3390 2482 3657 2540 faciemus

2089 2578 2371 2641 virtutem,
2399 2586 2454 2631 et
2501 2578 2621 2647 ipse
2670 2577 2740 2630 ad
2787 2577 3018 2631 nihilum
3064 2575 3295 2631 deducet
3331 2576 3659 2630 tribulantes

2089 2685 2213 2724 nos.
2238 2690 2257 2721 ι
2317 2668 2422 2735 Qui
2454 2671 2743 2739 promissis
2775 2668 2980 2739 dignati
3034 2676 3184 2735 sunt,
3242 2669 3327 2723 his
3359 2668 3660 2723 edocentur

2092 2763 2273 2817 sobrie
2301 2762 2570 2831 agendum
2598 2770 2652 2816 et
2679 2761 3013 2831 vigilandum
3032 2776 3174 2827 esse,
3195 2768 3360 2830 atque
3376 2760 3443 2814 ad
3463 2774 3665 2814 aerum-

2091 2869 2194 2908 nas
2249 2863 2471 2924 paratos
2511 2869 2634 2909 esse
2688 2864 2959 2924 oportere,
2996 2869 3060 2908 ac
3093 2853 3277 2909 dicere
3310 2853 3422 2923 regi
3451 2868 3553 2907 suo
3607 2854 3664 2907 in

2092 2946 2451 3012 orationibus,
2501 2964 2520 2997 ι
2541 2946 2617 2998 Da
2650 2947 2810 3001 nobis
2839 2947 3101 3000 auxilium
3129 2946 3196 3001 de
3220 2946 3573 3001 tribulatione
3597 2965 3609 2999 :
3637 2965 3658 2999 ι

2089 3053 2233 3092 vana
2281 3039 2482 3108 quippe
2516 3045 2787 3108 est'spes
2829 3039 2885 3092 in
2935 3039 3157 3093 homine
3208 3038 3408 3109 posita.
3458 3037 3665 3093 Deinde

2092 3131 2209 3186 haac
2224 3132 2453 3201 precati,
2477 3131 2779 3186 alacritatis
2801 3146 2914 3185 sua:
2938 3131 3092 3202 signa
3116 3131 3359 3201 praebent
3380 3130 3662 3188 dicentes:

2097 3242 2115 3273 ι
2141 3224 2199 3277 1η
2230 3223 2339 3277 Deo
2374 3221 2637 3277 faciemus
2662 3223 2942 3285 virtutem,
2977 3232 3030 3277 et
3054 3223 3167 3291 ipse
3201 3224 3270 3276 ad
3307 3222 3541 3275 nihilum
3567 3220 3664 3276 de-

2087 3316 2249 3371 ducet
2302 3318 2631 3372 trihulantes
2690 3332 2812 3371 nos.
2842 3334 2861 3366 ι
2941 3314 3090 3370 Talis
3137 3321 3255 3370 erat
3291 3312 3524 3377 Paulus,
3568 3313 3664 3383 qui

2088 3410 2336 3464 dicebat:
2374 3430 2393 3462 ι
2434 3410 2627 3464 Omnia
2658 3424 2882 3479 possum
2940 3408 2996 3461 in
3038 3422 3104 3462 eo
3162 3408 3255 3478 qui
3305 3422 3391 3461 me
3441 3406 3663 3461 confor-

2089 3501 2317 3567 tat“;i
2375 3516 2438 3555 ac
2484 3516 2745 3566 rursum;
2803 3498 2923 3553 Non
2970 3514 3092 3570 ego,
3140 3499 3338 3569 inquit,
3398 3498 3495 3554 sed
3537 3513 3665 3569 gra-

2089 3593 2166 3647 tia
2209 3608 2330 3663 quae
2374 3600 2457 3648 est
2515 3593 2858 3648 mecum".i
2928 3591 3012 3645 Ad
3073 3590 3188 3646 haec
3248 3589 3477 3645 dicenda
3530 3603 3663 3642 eru-

2089 3685 2338 3750 diuntur,
2375 3686 2467 3754 qui
2495 3700 2561 3739 ex
2600 3684 2840 3738 ldumaaa
2869 3690 2922 3737 et
2955 3697 3021 3737 ex
3050 3681 3372 3751 alienigenis
3403 3679 3662 3750 gentibus

2091 3778 2160 3831 ad
2224 3776 2319 3830 Dei
2383 3776 2616 3845 gratiam
2671 3787 2975 3829 accessere.
3035 3771 3191 3838 Quod
3225 3772 3272 3826 si
3299 3787 3386 3835 ,ex
3430 3784 3662 3841 persona

2092 3867 2397 3940 prophetici
2430 3867 2585 3920 chori
2628 3865 2903 3926 dicantur,
2936 3878 3070 3919 sane
3112 3863 3270 3917 decet
3297 3862 3445 3932 ipsos
3477 3862 3663 3932 repul-

2094 3976 2210 4014 sam
2254 3943 2309 4014 et
2336 3961 2551 4012 ruinam
2594 3957 2796 4027 prioris
2829 3956 3014 4026 populi
3055 3955 3427 4024 deplorantes,
3458 3953 3664 4006 oratio-

2092 4066 2217 4105 nem
2262 4050 2543 4105 effundere
2570 4063 2669 4118 pro
2700 4047 2983 4102 communi
3021 4061 3123 4103 suo
3161 4060 3414 4116 corpore,
3443 4054 3507 4112 et
3546 4043 3664 4099 haec

2092 4143 2258 4197 verba
2282 4141 2393 4197 Deo
2423 4142 2689 4212 proferre.

2236 4297 2286 4351 1.
2322 4293 2388 4348 ΙΝ
2420 4293 2652 4361 FINEM,
2692 4292 2762 4347 ΙΝ
2796 4291 3080 4362 HYMNIS,
3121 4291 3371 4348 DAVIDI.
3415 4290 3528 4345 LX.

2168 4429 2337 4486 Vens.
2389 4430 2459 4494 Ξ,
2501 4430 2554 4483 5.
2606 4447 2625 4479 ‹
2678 4424 2932 4493 Exaudi,
2992 4425 3174 4489 Deus,
3232 4425 3669 4495 deprecationem

406 4541 476 4611 τῇ
508 4538 781 4609 προσευχῇ
817 4552 939 4606 μου.
988 4554 1006 4586 ›
1056 4535 1117 4588 Ol
1160 4533 1257 4604 μὲν
1292 4531 1763 4604 ἐπιγεγραμμένοι
1800 4532 1987 4603 στηλο-

2102 4539 2320 4587 meam,
2370 4520 2594 4575 intende
2635 4519 2875 4573 orationi
2918 4534 3073 4575 meai.
3110 4537 3130 4570 ι
3163 4517 3268 4583 Qui
3299 4518 3441 4571 tituli
3470 4515 3669 4571 inscri-

408 4629 650 4701 γραφίας
684 4627 880 4697 ἐφεξῆς
917 4625 1077 4678 πέντε
1111 4624 1272 4695 μέχρι
1306 4622 1400 4675 τοῦ
1430 4623 1506 4677 νθ¹
1549 4623 1700 4685 τέλος
1740 4622 1985 4693 έχουσινο

408 4722 517 4776 elo!
544 4721 598 4774 δέ
633 4720 834 4781 πάντες
857 4719 905 4770 οἱ
927 4717 1130 4785 ταύτην
1161 4714 1375 4785 ἔχοντες
1398 4714 1498 4785 τὴν
1542 4714 1868 4785 προγραφὴν
1892 4713 1952 4781 ἐξ
1971 4732 1984 4745 ο

410 4812 541 4865 οἵτε
577 4809 964 4882 προλεχθέντες
998 4806 1092 4859 καὶ
1112 4808 1141 4859 6
1169 4811 1228 4858 ιε’
1262 4806 1320 4858 ἐν
1345 4804 1422 4875 τῷ
1463 4803 1663 4876 πρώτῳ
1704 4804 1859 4875 μέρει
1890 4807 1990 4875 τῆς

413 4904 599 4978 βίϐλου
627 4902 734 4957 τῶν
764 4900 1013 4971 Ψαλμῶν
1034 4898 1305 4969 κείμενος.
1336 4899 1402 4950 Ὅ
1428 4914 1492 4966 γε
1526 4896 1631 4968 μὴν
1658 4897 1793 4968 μετὰ
1805 4900 1991 4969 χεῖρας

410 4996 580 5069 ὕμνος
607 4994 682 5049 ὢν
729 4994 823 5047 καὶ
856 4991 1018 5053 αὐτὸς
1048 4991 1128 5053 είς
1170 4988 1230 5042 τὸ
1258 4989 1411 5055 τέλος
1444 4989 1531 5042 διὰ
1575 4988 1673 5052 τὰς
1718 4990 1809 5040 ἐπὶ
1852 4989 1992 5042 τέλει

410 5088 506 5144 τοῦ
553 5088 721 5159 ῦμνου
764 5084 1068 5157 φερομένας
1108 5083 1445 5152 ἐπιχρήστας
1495 5080 1825 5149 ἐπαγγελίας
1864 5081 1993 5134 ἀνα-

410 5184 641 5252 πέμπει.
700 5180 822 5232 Εἰσὶ
873 5179 931 5231 δέ
990 5178 1189 5240 πάντες
1238 5178 1287 5229 οἱ
1345 5172 1814 5245 ἐπιγεγραμμένοι
1851 5192 1868 5223 ‹
1903 5172 1991 5225 Ἐν

412 5273 603 5343 ὕμνοις
639 5292 657 5324 ι
701 5272 895 5324 πέντεο
945 5270 1039 5324 δύο
1089 5270 1185 5341 μὲν
1230 5271 1287 5322 ἐν
1332 5267 1411 5338 τῷ
1462 5264 1665 5336 πρώτῳ
1700 5265 1853 5336 μέρει
1892 5268 1993 5335 τῆς

419 5367 623 5438 βίϐλου,
662 5365 691 5416 6
732 5365 986 5435 τέταρτος
1030 5363 1123 5417 καὶ
1166 5364 1195 5415 6
1240 5367 1312 5426 ς’.
1355 5358 1495 5411 Ἀλλ’
1536 5352 1679 5411 οὗτοι
1708 5358 1807 5428 μὲν
1851 5377 1868 5409 ‹
1907 5357 1994 5410 Ἐν

416 5460 606 5529 ὕμνοις
634 5457 838 5529 ψαλμοὶ
875 5477 893 5509 ι
925 5457 1171 5526 λέγονται
1195 5473 1209 5487 σ
1235 5456 1284 5508 οἱ
1306 5454 1362 5507 δὲ
1387 5455 1445 5505 ἐν
1473 5452 1551 5524 τῷ
1578 5452 1811 5521 δευτέρῳ
1841 5449 1997 5520 μέρει

412 5551 511 5622 τῆς
542 5542 896 5620 βίϐλουτρεῖς
929 5569 947 5600 ι
972 5549 1060 5603 Ἐν
1093 5548 1283 5618 ὕμνοις
1318 5565 1335 5597 ι
1383 5546 1777 5615 ἐπιγράφονται
1812 5542 1992 5613 μόνον,

411 5643 441 5694 6
472 5648 572 5710 νγ’,
608 5641 702 5694 καλ⁹
733 5643 762 5696 6
784 5641 876 5708 νδ’,
906 5643 1044 5696 καὶὸ
1073 5640 1213 5712 μετά
1236 5642 1441 5710 χεῖρας.
1500 5638 1560 5691 Οἱ
1590 5636 1688 5707 μὲν
1712 5631 1804 5689 οὖν
1839 5652 1857 5687 ‹
1904 5633 1994 5687 Ἐν

496 5800 533 5833 ³¹
574 5799 771 5872 Philip.
808 5815 882 5868 tv,
920 5800 1006 5857 15.
1086 5801 1129 5833 ³²
1171 5799 1189 5854 l
1227 5796 1355 5854 Cor.
1395 5813 1487 5865 xv,
1524 5796 1613 5853 10.

2096 4618 2317 4687 ptiones
2378 4614 2674 4679 dicuntur,
2738 4618 3140 4682 consequenter
3210 4608 3375 4679 positi
3438 4622 3669 4662 numero

2095 4708 2372 4778 quinque,
2413 4706 2471 4759 in
2519 4721 2608 4759 le
2667 4704 2946 4760 desinunt.
2995 4700 3136 4755 Sunt
3211 4708 3393 4755 autem
3436 4713 3663 4761 omnes,

2097 4802 2190 4871 qui
2238 4800 2556 4871 hujusmodi
2606 4797 2765 4852 titulo
2814 4795 3216 4855 inscribuntur,
3267 4805 3496 4846 numero
3526 4804 3664 4855 sex;

2098 4909 2292 4963 nempe
2337 4893 2430 4963 qui
2457 4893 2570 4961 jam
2603 4889 2891 4945 memorati
2935 4893 3102 4949 sunt,
3132 4892 3188 4939 et
3231 4883 3478 4938 decimus
3505 4883 3670 4952 quin-

2099 4998 2221 5050 tus,
2276 4986 2333 5038 in
2383 4986 2558 5054 prima
2603 4993 2756 5052 parte
2804 4981 2928 5034 libri
2965 4978 3309 5033 Psalmorum
3361 4977 3520 5031 situs.
3568 4974 3670 5028 Hic

2096 5095 2227 5134 vero
2256 5092 2417 5147 quem
2462 5077 2579 5146 jam
2627 5082 2929 5130 tractamus
2969 5072 3237 5142 hymnus,
3270 5068 3337 5122 ad
3370 5066 3529 5121 finem
3551 5106 3566 5130 ,
3599 5066 3670 5121 ob

2096 5169 2350 5242 perutilia
2382 5168 2474 5221 illa
2516 5168 2789 5237 promissa
2812 5208 2828 5232 ,
2862 5180 2983 5234 quae
3011 5164 3066 5217 in
3108 5162 3215 5217 ﬁne
3262 5160 3533 5223 feruntur,
3581 5172 3671 5211 re-

2099 5263 2284 5317 mittit.
2326 5259 2466 5315 Sunt
2496 5266 2677 5313 autem
2710 5277 2729 5309 «
2759 5258 2818 5311 In
2850 5257 3066 5327 hymnis
3100 5274 3119 5307 ›
3151 5252 3399 5321 inscripti
3428 5249 3671 5319 quinque.

2100 5366 2368 5407 numero:
2416 5365 2649 5419 quorum
2694 5349 2804 5403 duo
2845 5348 2901 5401 in
2947 5347 3120 5415 prima
3163 5350 3316 5413 parte
3353 5340 3475 5394 libri
3505 5345 3667 5403 sunt,

2097 5453 2328 5515 quartus
2350 5458 2564 5514 nempe,
2590 5451 2642 5497 et
2672 5451 2878 5496 sextus.
2911 5438 3017 5494 Sed
3042 5438 3117 5491 illi
3139 5436 3359 5507 quidem
3389 5453 3407 5486 ‹
3436 5434 3493 5488 1η
3516 5433 3671 5504 hym-

2102 5540 2191 5593 nis
2224 5538 2418 5607 psalmi
2447 5556 2465 5589 ι
2496 5535 2799 5599 dicuntur;
2848 5531 2942 5602 qui
2984 5545 3113 5585 vero
3142 5530 3198 5583 in
3240 5526 3479 5583 secunda
3519 5533 3672 5595 parte

2105 5630 2231 5686 libri
2275 5639 2444 5695 sunt,
2488 5636 2601 5684 tres
2643 5640 2907 5693 numero,
2939 5641 2958 5676 ι
2990 5622 3049 5679 ln
3081 5622 3298 5696 hymnis
3321 5639 3340 5673 ι
3371 5620 3547 5676 soltuu
3585 5616 3674 5674 iu-
