4142 6388
502 580 647 622 mus.
680 562 785 631 Qui
816 560 985 632 igitur
1015 575 1034 609 ι
1064 556 1125 610 In
1170 554 1388 626 hymnis
1412 550 1608 622 psalmi
1641 568 1661 601 ι
1686 549 1968 609 dicuntur,
2001 545 2084 599 vi-

501 657 703 712 dentur
732 666 859 708 eum
888 647 1104 704 musico
1147 645 1513 699 instrumento
1532 680 1549 707 ,
1577 637 1727 709 quod
1767 634 2085 707 psalterium

502 750 730 810 dicunt,
760 739 1106 816 pronuntiati
1151 737 1366 793 fuisse:
1410 734 1670 806 quoniam
1718 729 1814 801 qui
1866 727 2084 798 psallit,

490 840 753 910 corporis
777 876 791 900 ,
825 834 971 905 quod
1007 834 1443 887 instrumentum
1487 826 1683 880 anima:
1719 828 1838 886 est,
1870 819 2087 875 actione

502 931 728 1003 indiget.
776 927 883 995 Qui
936 934 1120 980 autem
1170 920 1363 994 hymni
1411 918 1587 975 solum
1627 917 1923 979 dicuntur,
1968 913 2085 968 sola

502 1036 635 1076 voce
681 1020 947 1091 hymnum
989 1014 1305 1077 oﬂ‘erentis,
1357 1010 1509 1065 nulla
1551 1007 1796 1063 adhibita
1837 1005 2084 1077 psalterii

505 1112 852 1185 pulsatione,
883 1109 1016 1164 dicti
1047 1114 1177 1164 sunt
1206 1124 1220 1172 ;
1250 1105 1345 1176 qui
1376 1115 1658 1158 sermones
1689 1098 1889 1154 ibidem
1921 1096 2086 1167 positi

504 1206 624 1259 sola
666 1202 865 1257 mentis
906 1198 1283 1271 speculatione
1326 1211 1467 1266 opus
1509 1193 1767 1247 habeant.
1798 1189 1964 1259 quue
1990 1188 2087 1241 de-

502 1297 677 1349 clarat
706 1308 954 1365 prmsens
984 1291 1223 1361 hymnus
1254 1286 1349 1357 qui
1394 1286 1475 1340 sic
1522 1283 1687 1337 habet
1716 1301 1729 1336 :
1758 1299 1778 1331 ‹
1808 1278 1853 1332 Α
1885 1278 2085 1331 ﬁnibus

503 1395 666 1441 terra:
706 1383 775 1437 ad
819 1390 874 1437 te
922 1379 1202 1445 clamavi;
1236 1398 1255 1427 ι
1283 1391 1394 1448 quo
1440 1373 1714 1447 signiﬁcat
1754 1370 2082 1440 Prophetam

499 1478 660 1546 quasi
686 1484 845 1531 extra
893 1472 1142 1543 corporis
1190 1470 1454 1525 ambitum
1498 1484 1529 1521 a
1577 1466 1689 1520 Deo
1722 1475 2083 1534 assumptum

500 1569 691 1625 fuisse.
721 1566 831 1623 Nec
860 1568 1053 1637 ignoro
1082 1565 1325 1634 reliquos
1352 1564 1678 1631 interpretes
1709 1558 1817 1611 alia
1845 1555 2085 1611 edidisse

481 1659 732 1716 ratione.
793 1658 896 1713 Hic
946 1665 1130 1711 autem
1184 1657 1439 1711 obsecrat
1496 1651 1665 1706 David
1717 1650 1804 1704 his
1855 1649 2080 1703 verbis:

504 1769 522 1803 ι
551 1751 797 1815 Exaudi,
827 1749 971 1805 Deus
991 1789 1006 1813 ,
1034 1747 1479 1819 deprecationem
1508 1756 1707 1797 meam.
1732 1758 1751 1792 ι
1779 1740 1913 1794 Cum
1936 1741 2082 1795 enim
2116 1780 2157 1834 Β

497 1845 713 1915 magnis
754 1843 1068 1913 divinisque
1108 1840 1272 1896 rebus
1309 1844 1504 1909 egeat,
1546 1836 1663 1889 haec
1708 1833 1973 1904 consequi
2022 1849 2081 1887 se

497 1935 762 2005 postulat.
807 1933 1017 1990 Deinde
1063 1939 1121 1987 ut
1163 1947 1223 1987 se
1264 1930 1491 2000 dignum
1519 1927 1758 1983 declaret
1786 1926 1879 1995 qui
1913 1941 2081 1981 exau-

498 2026 702 2090 diatur,
736 2025 1057 2096 subjungit:
1090 2042 1107 2074 ι
1140 2020 1366 2077 intende
1390 2018 1629 2073 orationi
1674 2033 1828 2072 meae.
1862 2037 1880 2069 ι
1914 2015 2079 2070 Suam

498 2117 646 2170 enim
676 2116 980 2172 orationem
1008 2127 1205 2183 magna
1234 2120 1288 2166 et
1315 2109 1584 2181 profunda
1612 2109 1850 2178 quadam
1879 2106 2080 2161 intelli-

498 2209 680 2278 gentia
726 2208 992 2278 repletam
1028 2221 1152 2261 esse
1190 2204 1469 2269 conﬁsus,
1519 2204 1749 2275 rogabat
1797 2199 1970 2254 Deum
2019 2208 2080 2253 ut

498 2301 800 2371 respiceret
841 2306 897 2354 et
928 2297 1096 2353 verba
1129 2310 1229 2351 sua
1259 2295 1661 2365 specularetur,
1689 2292 1836 2347 dicta
1865 2290 2081 2346 exami-

496 2398 683 2455 naret,
713 2399 899 2461 utpote
927 2388 1044 2444 suis
1071 2387 1300 2442 auribus
1346 2386 1532 2457 digna.
1580 2383 1785 2439 Deinde
1828 2398 1942 2437 rem
1986 2382 2081 2437 de-

497 2485 672 2538 clarat
698 2482 856 2554 cujus
896 2496 1066 2539 causa
1094 2480 1266 2537 Deum
1309 2479 1579 2536 orationis
1616 2494 1731 2536 suae
1773 2479 2082 2548 speculato-

498 2593 612 2631 rem
643 2577 968 2640 advocaret,
999 2591 1126 2630 cum
1157 2574 1384 2645 adjicit:
1420 2592 1438 2625 ι
1472 2576 1517 2627 Α
1561 2573 1764 2628 ﬁnibus
1809 2581 1968 2627 terra:
2013 2570 2081 2625 ad

497 2675 552 2723 te
578 2668 830 2722 clamavi.
861 2686 879 2720 ι
898 2666 965 2720 Ει
990 2669 1120 2737 quia
1147 2668 1341 2737 reliqui
1370 2669 1699 2736 interpretes
1726 2665 1889 2721 simili
1918 2664 2080 2719 modo

497 2760 841 2830 interpretati
893 2766 1057 2826 sunt,
1110 2760 1306 2829 Aquila
1358 2759 1605 2824 scilicet,
1656 2776 1674 2809 ι
1705 2758 1789 2812 Ab
1833 2765 2080 2813 extremo

496 2861 660 2907 terrae
689 2852 756 2906 ad
786 2859 839 2906 te
865 2851 1114 2906 clamabo
1139 2869 1154 2919 ;
1184 2871 1202 2904 ι
1237 2850 1601 2924 Symmachus
1631 2864 1764 2905 vero
1787 2889 1802 2914 ,
1832 2867 1851 2900 ι
1880 2849 1925 2902 Α
1959 2848 2082 2902 ﬁni-

495 2943 599 2997 bus
628 2951 790 2997 terra:
815 2950 868 2997 te
899 2942 1166 2997 invocabo
1193 2961 1209 3005 ;
1243 2963 1262 2996 ι
1289 2944 1479 3015 quinta
1519 2950 1698 2997 autem
1743 2941 1913 2996 editio
1936 2983 1952 3008 ,
1987 2960 2004 2992 ι
2036 2940 2079 2993 Α

496 3033 699 3088 ﬁnibus
742 3039 904 3087 terra:
944 3032 1013 3086 ad
1064 3041 1116 3087 te
1146 3034 1427 3101 clamabo;
1464 3054 1481 3085 ι
1510 3034 1634 3103 quis
1660 3048 1772 3087 non
1801 3032 1931 3087 dicti
1962 3047 2082 3086 sen-

498 3125 725 3178 tentiam
754 3125 951 3178 merito
979 3125 1262 3195 requirat?
1289 3124 1393 3191 Qui
1423 3126 1569 3179 enim
1599 3127 1776 3196 possit
1800 3125 2074 3195 quispiam

496 3225 675 3270 totum
731 3217 920 3271 orbem
976 3227 1431 3287 praetergressus,
1490 3232 1615 3271 eum
1680 3232 1846 3286 super
1898 3216 2077 3286 ipsum

498 3306 778 3363 Oceanum
826 3307 1138 3372 devenerit,
1192 3309 1306 3362 haec
1362 3308 1692 3363 vociferari:
1740 3327 1757 3359 ι
1792 3308 1838 3361 Α
1883 3307 2085 3363 ﬁnibus

498 3408 660 3455 terra:
684 3399 754 3453 ad
781 3408 833 3454 te
859 3400 1137 3454 clamavi?
1171 3420 1189 3453 ι
1224 3400 1293 3454 At
1320 3402 1637 3457 consideres
1668 3402 1830 3456 velim
1855 3441 1870 3464 ,
1903 3416 2085 3455 annon

500 3492 684 3548 omnis
715 3491 812 3547 Dei
842 3492 1056 3548 amicus
1086 3492 1221 3549 ﬁnes
1249 3500 1411 3549 terra:
1440 3501 1808 3563 congruenter
1832 3504 2080 3549 vocetur.

497 3582 633 3638 Nam
663 3585 945 3656 improbus
988 3587 1151 3642 homo
1197 3586 1294 3659 qui
1347 3587 1525 3642 forum
1555 3598 1609 3643 et
1641 3590 1829 3645 turbas
1850 3628 1864 3651 ,
1898 3589 2084 3643 curias

497 3686 549 3731 et
598 3676 896 3732 tribunalia
946 3679 1384 3744 circumcursat,
1423 3688 1683 3751 totusque
1716 3681 1772 3735 in
1800 3679 2082 3750 corporeis

495 3769 871 3838 voluptatibus
902 3770 1158 3827 defossus
1188 3780 1310 3838 est,
1341 3772 1465 3842 jure
1505 3774 1559 3828 in
1604 3772 1877 3844 profundo
1924 3787 2085 3829 terra;

496 3861 751 3916 habitare
783 3862 1036 3930 dicatur;
1069 3864 1163 3934 qui
1194 3879 1325 3919 vero
1353 3884 1371 3915 ι
1402 3865 1728 3920 circuierint
1760 3866 1817 3920 in
1864 3867 2081 3922 melotis

497 3962 551 4009 et
594 3955 650 4009 in
696 3956 934 4025 pellibus
972 3957 1216 4027 caprinis
1263 3964 1517 4028 egentes,
1565 3958 1901 4029 angustiati,
1944 3958 2081 4012 atill-

497 4050 572 4103 cti
603 4049 669 4112 ³³,
697 4069 717 4102 ι
742 4056 797 4103 et
827 4066 856 4103 a
884 4050 1065 4105 medio
1096 4051 1313 4105 urbium
1351 4050 1640 4122 fugerunt,
1673 4068 1737 4106 ac
1767 4053 1820 4106 in
1850 4052 2082 4109 desertis

497 4144 823 4198 commorati
866 4152 997 4199 sunt
1026 4183 1042 4209 ,
1092 4146 1150 4199 in
1200 4146 1515 4209 montibus,
1550 4146 1607 4199 in
1640 4146 1894 4201 cavernis
1938 4154 1992 4202 et
2025 4147 2080 4201 in

498 4237 863 4295 foraminibus
903 4245 1096 4303 terrae,
1142 4240 1339 4293 merito
1380 4237 1637 4293 dicantur
1678 4248 1835 4294 extra
1880 4249 2079 4294 terram

498 4345 665 4385 esse:
723 4345 791 4385 ac
838 4330 1058 4386 etiamsi
1108 4346 1220 4385 non
1276 4346 1505 4401 prorsus
1556 4340 1713 4387 erant
1765 4347 1796 4385 a
1846 4347 2079 4403 corpore

497 4418 774 4488 exempti,
807 4419 911 4473 etsi
958 4426 1116 4474 extra
1159 4420 1295 4473 illud
1342 4429 1568 4487 essent,
1614 4428 1747 4475 tunc
1788 4429 1974 4475 tamen
2020 4422 2078 4476 in

498 4508 620 4579 ipso
660 4508 938 4571 viventes,
969 4509 1173 4579 illoque
1204 4517 1262 4562 ut
1291 4510 1661 4563 instrumento
1696 4516 1945 4575 utentes,
1980 4526 2071 4566 ne-
2106 4540 2156 4600 ι)
2180 4508 2412 4573 “’“’⁶“Ϊ⁹
2445 4508 2507 4519 ⁷”
2548 4508 2562 4517 ’

499 4615 770 4628 ....--..-..
798 4600 852 4628 ιη
882 4600 1010 4628 ης...
1036 4601 1173 4628 ω...
1204 4600 1695 4628 mmmam“.-.
1723 4603 1815 4628 --.ι
1848 4606 2073 4628 --_...=_..
2185 4556 2282 4625 μὲν
2318 4575 2390 4628 μη
2426 4575 2565 4611 παντ

497 4615 772 4670 quaquam
798 4600 853 4654 in
882 4600 1010 4655 vitae
1036 4601 1177 4654 mala
1202 4600 1660 4672 demergebantur
1683 4619 1697 4669 ;
1723 4603 1815 4656 sed
1846 4606 2076 4673 carptim

496 4694 841 4750 solummodo
865 4696 1235 4749 necessarium
1268 4696 1474 4762 cibum,
1510 4704 1564 4751 et
1590 4696 1798 4766 reliqua
1826 4697 1892 4751 ad
1918 4714 2076 4754 usum

498 4789 760 4858 requisila
804 4788 1183 4858 contingentes
1228 4788 1536 4859 degebant;
1566 4788 1691 4858 jure
1731 4789 1788 4843 in
1818 4792 2078 4846 extremis

495 4888 552 4934 et
579 4882 634 4935 in
666 4880 865 4936 ﬁnibus
894 4881 1143 4950 corporis
1183 4880 1276 4937 siti
1317 4881 1681 4936 videbantur:
1730 4885 1910 4954 qualis
1956 4895 2081 4939 erat

497 4969 726 5037 Paulus,
758 4972 853 5043 qui
903 4972 1123 5027 dicebat
1174 4992 1186 5027 :
1233 4991 1254 5024 ί
1306 4975 1367 5031 1n
1398 4990 1563 5029 carne
1601 4976 1748 5030 enim
1792 4977 2076 5041 viventes,

496 5078 609 5117 non
652 5064 956 5119 secundum
998 5080 1221 5120 carnem
1266 5066 1568 5125 militamus
1609 5068 1690 5136 ³⁸;
1725 5088 1741 5117 ι
1767 5078 1852 5125 et:
1888 5088 1908 5120 ι
1942 5070 2079 5125 Cum

498 5156 723 5214 Christo
749 5160 1049 5215 cruciﬁxus
1076 5175 1199 5215 sum
1226 5178 1241 5228 ;
1274 5160 1398 5215 vivo
1427 5169 1612 5217 autem
1632 5202 1646 5229 ,
1673 5163 1787 5233 jam
1816 5181 1927 5219 non
1956 5181 2075 5236 ego,

497 5248 634 5302 vivit
661 5265 791 5305 vero
822 5250 879 5305 in
908 5267 995 5307 me
1022 5250 1279 5307 Christus
1309 5252 1376 5307 ³⁵.
1408 5271 1427 5305 ι
1457 5252 1563 5318 Qui
1592 5271 1723 5326 ergo
1748 5256 1829 5310 sic
1855 5256 2081 5313 affectus

500 5351 617 5401 est,
645 5341 771 5409 jure
800 5342 946 5396 dicat
972 5342 1115 5399 Deo:
1145 5362 1163 5394 ι
1192 5343 1419 5401 Intende
1447 5347 1684 5401 orationi
1717 5363 1868 5402 mere.
1902 5368 1919 5400 ι
1945 5348 2082 5403 Mul-

504 5441 722 5502 lamque
751 5435 804 5488 in
832 5434 1148 5505 hujusmodi
1172 5437 1284 5491 vita
1315 5438 1568 5493 ﬁduciam
1599 5440 1807 5496 habens
1828 5483 1840 5503 ,
1872 5458 2080 5513 nequa-

507 5536 669 5589 quam
718 5526 981 5580 mentitur
1024 5542 1148 5581 cum
1191 5528 1361 5583 dicit:
1392 5547 1411 5580 ‹
1438 5529 1484 5582 Α
1516 5532 1714 5587 ﬁnibus
1743 5542 1902 5588 terra:
1930 5535 1997 5590 ad
2029 5543 2083 5592 te

507 5614 758 5667 clamavi.
789 5635 807 5667 ι
835 5615 1073 5671 Causam
1107 5634 1236 5673 vero
1267 5620 1455 5691 adjicit
1500 5622 1584 5677 his
1633 5625 1817 5679 verbis
1839 5666 1852 5688 ,
1887 5644 1905 5676 ι
1943 5626 2080 5682 Dum

583 5812 629 5845 ³³
667 5812 803 5872 llcb.
846 5829 936 5887 xi,
969 5818 1055 5873 57.
1138 5822 1180 5853 ³³
1222 5823 1265 5878 ιι
1298 5823 1421 5879 Cor.
1468 5844 1528 5893 χ,
1561 5828 1612 5883 5.

1695 5829 1737 5860 ³⁸
1781 5828 1897 5884 Gal.
1938 5848 2005 5896 ιι,
2041 5834 2131 5890 20.

2185 611 2279 665 τοῦ
2310 609 2581 681 σώματος,
2624 606 2763 676 ὅπερ
2807 603 2955 656 ἐστὶν
2984 602 3215 675 ὄργανον
3258 600 3356 670 τῆς
3400 597 3597 669 ψυχῆς,
3632 614 3773 667 πρα-

2187 704 2382 774 κτικῆς
2413 700 2695 775 ἐνεργείας
2725 697 2817 753 τοῦ
2852 698 3165 769 ψάλλοντος.
3204 696 3269 749 Οἱ
3296 693 3353 748 δὲ
3395 692 3580 756 ἁπλῶς
3614 691 3774 763 ὕμνοι

2185 799 2272 852 διὰ
2297 798 2462 869 μόνης
2490 797 2674 865 φωνῆς
2700 791 2796 846 τοῦ
2826 791 2919 845 τὸν
2947 790 3115 863 ὕμνον
3139 786 3564 858 ἀναπέμψαντος
3592 783 3773 856 εἴρην-

2185 907 2296 957 ται,
2329 889 2389 941 οὐ
2442 884 3010 958 συμπαραληφθείσης
3058 881 3160 953 τῆς
3207 880 3295 934 διὰ
3326 878 3420 931 τοῦ
3469 876 3769 949 ψαλτηρίου

2187 979 2485 1052 κρούσεως,
2521 978 2600 1049 τῷ
2635 978 2802 1049 μόνης
2835 978 2933 1047 τῆς
2963 974 3105 1029 κατὰ
3143 973 3382 1027 διάνοιαν
3416 969 3646 1041 Θεωρίας
3682 969 3771 1022 δε-

2185 1070 2407 1141 δεῆσθαι
2438 1070 2564 1133 τοὺς
2588 1070 2645 1121 ἐν
2688 1069 2872 1130 αὐτοῖς
2912 1067 3125 1135 λόγους.
3155 1063 3325 1119 Τοῦτο
3350 1062 3479 1131 γοῦν
3507 1062 3773 1133 παρίστη-

2188 1178 2271 1214 σιν
2296 1164 2325 1214 ό
2357 1160 2495 1232 μετὰ
2520 1162 2705 1231 χεῖρας
2736 1158 2905 1229 ὕμνος
2935 1158 3111 1228 λέγων
3138 1174 3152 1187 ·
3192 1174 3211 1206 ι
3246 1154 3354 1209 ἀπὸ
3384 1153 3491 1207 τῶν
3522 1153 3773 1224 περάτων

2185 1252 2283 1321 τῆς
2311 1252 2413 1320 γῆς
2436 1248 2573 1321 πρὸς
2607 1249 2666 1301 σέ
2697 1248 2974 1316 ἐκέκραξα
3000 1264 3013 1277 ο
3051 1266 3070 1298 ι
3107 1246 3176 1300 δι’
3203 1239 3266 1299 οὗ
3294 1244 3547 1315 σημαίνει
3584 1241 3773 1313 ῶσπερ

2186 1343 2289 1407 ἔξω
2325 1341 2651 1413 γεγενῆσθαι
2685 1341 2785 1412 τῆς
2820 1340 2915 1394 τοῦ
2950 1340 3201 1411 σώματος
3231 1336 3619 1399 καταστάσεως
3661 1335 3775 1389 θεο-

2184 1429 2557 1501 ληπτούμενον
2588 1430 2680 1483 τὸν
2712 1431 3029 1502 Προφήτην.
3061 1430 3175 1482 Οὐκ
3207 1426 3386 1497 ἀγνοῶ
3417 1427 3472 1480 δὲ
3504 1427 3628 1489 τοὺς
3661 1426 3741 1483 λοι

2186 1525 2319 1586 ποὺς
2345 1522 2687 1594 ἐρμηνευτὰς
2719 1525 2817 1593 οὐχ
2862 1523 3067 1593 ἑτέρως
3093 1520 3468 1574 ἐκδεδωκέναι.
3514 1520 3776 1592 Παρακα-

2184 1615 2266 1668 λεί
2302 1615 2359 1667 δὲ
2390 1615 2478 1668 διὰ
2502 1614 2609 1669 τῶν
2645 1616 2782 1686 μετὰ
2823 1618 3011 1686 χεῖρας
3052 1616 3081 1667 6
3138 1613 3302 1668 Δαυῒδ
3348 1612 3552 1681 λέγων’
3593 1631 3610 1664 ι
3647 1613 3774 1665 Ela-

2186 1707 2436 1772 άκουσον,
2461 1708 2490 1758 6
2520 1706 2672 1773 Θεὸς,
2700 1708 2798 1777 τῆς
2826 1704 3064 1776 δεήσεώς
3095 1723 3220 1776 μου.
3252 1725 3270 1756 ι
3320 1704 3533 1776 Ἐνδεὴς
3567 1704 3674 1775 γὰρ
3696 1703 3773 1756 ὢν

2188 1801 2438 1872 μεγάλων
2466 1799 2630 1853 τινῶν
2666 1799 2761 1852 καὶ
2808 1798 2992 1864 θείων,
3025 1797 3231 1851 τούτων
3276 1798 3564 1867 τυγχάνειν
3597 1813 3775 1867 παρα-

2188 1893 2362 1947 καλεῖ.
2411 1887 2526 1945 Εἶθ’
2574 1891 2765 1963 ῶσπερ
2806 1889 2955 1955 ἄξιον
2989 1890 3181 1944 ἐαυτὸν
3222 1889 3317 1943 τοῦ
3358 1889 3773 1959 είσακουσθῆναι

2188 1985 2564 2057 παραστήσας,
2588 1983 2854 2051 ἐπιλέγειο
2892 2000 2911 2032 ι
2940 1980 3184 2051 Πρόσχες
3212 1983 3277 2051 τῇ
3305 1982 3580 2050 προσευχῇ
3606 1997 3728 2049 μου.
3749 1998 3768 2029 ι

2187 2075 2393 2146 Πολλῆς
2420 2074 2529 2145 γάρ
2577 2075 2671 2128 καὶ
2708 2073 2929 2143 βαθείας
2974 2072 3213 2135 διανοίας
3254 2070 3647 2144 πεπληρῶσθαι
3675 2072 3775 2124 αὐ-

2185 2165 2279 2219 τοῦ
2307 2165 2407 2235 τὴν
2446 2162 2755 2235 προσευχὴν
2799 2163 3037 2235 θαρσῶν,
3071 2162 3225 2232 ἠξίου
3266 2160 3359 2214 τόν
3400 2161 3531 2214 Θεὸν
3559 2160 3776 2214 ἐπιϐλέο

2184 2257 2304 2326 ψαι,
2332 2256 2424 2311 καὶ
2454 2258 2564 2319 τοῖς
2597 2258 2657 2309 ἐν
2688 2256 2823 2327 αὐτῇ
2859 2255 3038 2324 λόγοις
3075 2257 3403 2319 ἐνατενίσαι,
3435 2257 3529 2310 καὶ
3551 2256 3775 2326 δοκιμά-

2188 2364 2278 2401 σαι
2301 2348 2368 2402 τὰ
2396 2346 2685 2418 λεγόμενα,
2724 2347 2801 2411 ὡς
2837 2347 2903 2401 ἂν
2931 2348 3038 2401 τῶν
3066 2348 3230 2401 αὐτοῦ
3264 2348 3443 2403 ἀκοῶν
3468 2348 3613 2416 ἄξια.
3640 2345 3773 2403 Εἶτα

2188 2443 2282 2494 καὶ
2324 2440 2383 2492 τὸ
2417 2439 2578 2510 ἔργον
2623 2439 2922 2503 δείκνυσιν,
2965 2434 3029 2495 οὗ
3077 2442 3238 2513 χάριν
3275 2441 3478 2513 θεωρὸν
3519 2443 3610 2496 τὸν
3638 2443 3775 2498 Θεὸν

2185 2532 2283 2603 τῆς
2334 2532 2529 2587 ἑαυτοῦ
2584 2533 2893 2604 προσευχῆς
2952 2533 3304 2587 ἀνεκαλεῖτο·
3360 2535 3441 2589 διὸ
3494 2536 3770 2605 ἐπιλέγειο

2192 2640 2212 2672 ι
2262 2622 2394 2675 Ἀπὸ
2420 2622 2529 2678 τῶν
2575 2623 2830 2694 περάτων
2862 2622 2962 2692 τῆς
3007 2623 3111 2692 γῆς
3143 2625 3279 2695 πρὸς
3313 2624 3375 2676 σέ
3422 2626 3714 2697 ἐκέκραξα.
3749 2646 3769 2678 ι

2186 2710 2296 2763 Καὶ
2322 2712 2620 2783 ἐπειδήπερ
2653 2714 2959 2782 συμφώνως
2987 2713 3036 2765 οί
3062 2711 3239 2766 λοιποὶ
3267 2716 3598 2787 ἑρμηνευταὶ
3626 2718 3777 2771 ἐκδε-

2186 2800 2440 2866 δὼκασιν,
2471 2804 2500 2855 6
2529 2803 2627 2874 μὲν
2653 2803 2886 2867 Ἀκύλας
2917 2802 3108 2869 εἰπὼν,
3139 2824 3156 2856 ι
3186 2806 3317 2859 Ἀπὸ
3342 2808 3651 2863 τελευταίου
3677 2814 3775 2883 τῆς

2186 2893 2290 2963 γῆς
2318 2894 2454 2965 πρὸς
2488 2895 2548 2948 σὲ
2580 2894 2995 2967 ἐπικαλέσομαι·
3033 2916 3052 2948 ι
3091 2899 3119 2950 6
3148 2897 3204 2950 δὲ
3235 2898 3552 2971 Σύμμαχος,
3591 2922 3609 2953 ι
3643 2903 3774 2956 Ἀπὸ

2189 2986 2439 3056 περάτων
2480 2988 2580 3058 τῆς
2610 2989 2713 3060 γῆς
2760 2988 2818 3041 σὲ
2862 2989 3264 3061 ἐπικαλούμαι’
3313 3012 3331 3043 ι
3371 2996 3403 3064 ή
3444 2994 3501 3047 δὲ
3549 2996 3773 3068 πέμπτη

2188 3077 2417 3145 ἕκδοσις,
2459 3098 2478 3131 ι
2523 3080 2655 3133 Ἀπὸ
2694 3080 2951 3152 περάτων
2980 3082 3081 3153 τῆς
3110 3085 3214 3154 γῆς
3258 3085 3394 3157 πρὸς
3422 3088 3481 3141 σὲ
3515 3088 3775 3161 κεκράξο-

2108 3168 2149 3225 C
2188 3189 2321 3241 μαι·
2358 3191 2376 3222 ι
2408 3171 2492 3236 τίς
2515 3174 2616 3227 οὐκ
2658 3172 2724 3227 ἂν
2757 3174 2994 3243 εὐλόγως
3015 3178 3106 3229 τὸν
3131 3176 3255 3232 νοῦν
3288 3180 3388 3249 τῆς
3415 3180 3612 3247 λέξεως
3650 3183 3773 3235 ἐπι-

2190 3264 2479 3335 ζητήσειε;
2523 3266 2645 3329 Πῶς
2687 3266 2795 3340 γὰρ
2838 3269 2903 3323 ἄν
2948 3286 3031 3333 τις
3078 3270 3321 3337 δύναται,
3350 3273 3449 3345 τὴν
3480 3273 3773 3344 σύμπασαν

2191 3353 2434 3425 ὑπερϐὰς
2486 3358 2836 3428 οἰκουμένην,
2892 3361 2987 3413 καὶ
3044 3362 3184 3434 ὑπὲρ
3241 3364 3403 3419 αὐτὸν
3461 3365 3634 3420 ἐλθὼν
3684 3367 3774 3421 rev

2201 3447 2473 3514 Ὠκεανὸν,
2508 3469 2527 3501 ι
2566 3450 2698 3504 Ἀπὸ
2720 3451 2827 3506 τῶν
2852 3456 3104 3525 περάτων
3130 3458 3231 3529 τῆς
3261 3459 3365 3529 γῆς
3394 3460 3530 3533 πρὸς
3560 3463 3619 3515 σὲ
3654 3463 3775 3537 ἐκέ-

2188 3538 2387 3609 κραξα,
2424 3559 2441 3591 ι
2481 3539 2644 3612 βοᾷν;
2688 3543 2826 3596 Ἀλλ’
2859 3545 2959 3616 ὅρα
2988 3549 3036 3598 εί
3082 3547 3155 3619 μὴ
3202 3552 3308 3614 πᾶς
3338 3554 3366 3604 6
3396 3553 3474 3624 τῷ
3519 3553 3637 3625 Θεῷ
3681 3555 3773 3624 φί-

2186 3632 2276 3696 λος
2304 3633 2541 3703 εὐλόγως
2583 3635 2648 3690 ἃν
2688 3637 2756 3692 τὰ
2802 3639 3014 3710 πέρατα
3056 3642 3158 3712 τῆς
3197 3645 3301 3714 γῆς
3332 3646 3541 3718 ῥηθείη.
3578 3648 3637 3701 Ὀ
3673 3648 3772 3719 μὲν

2184 3725 2291 3798 γὰρ
2324 3726 2527 3795 φαῦλος
2560 3729 2722 3801 ἀνὴρ,
2769 3732 2975 3801 ἀγορὰς
3008 3734 3102 3788 καὶ
3147 3735 3371 3807 δήμους,
3417 3739 3773 3813 βουλευτήριά

2182 3835 2242 3871 τε
2271 3820 2365 3873 καὶ
2392 3820 2718 3894 δικαστήρια
2751 3828 3108 3899 περιτρέχων,
3134 3829 3271 3895 ὅλως
3296 3848 3358 3884 τε
3385 3836 3507 3896 ταῖς
3540 3832 3637 3887 τοῦ
3670 3832 3774 3887 σώ-

2187 3927 2355 3981 ματος
2396 3912 2752 3983 ἡδυπαθείαις
2799 3923 3322 3993 κατορωρυγμένος,
3371 3926 3429 3978 ἐν
3476 3924 3624 3997 βυθῷ
3668 3926 3771 3996 τῆς

2182 4003 2287 4074 γῆς
2310 4006 2480 4060 οἰκεῖν
2500 4006 2697 4075 λέγοιτ’
2722 4009 2787 4064 ἂν
2817 4012 3043 4077 εἰκότως
3064 4032 3076 4044 ·
3101 4016 3150 4068 οἱ
3176 4014 3233 4068 δὲ
3269 4034 3287 4068 ι
3309 4017 3685 4089 περιελθόντες
3711 4022 3772 4075 ἐν

2185 4095 2463 4167 μηλωταῖς
2510 4101 2605 4152 καὶ
2650 4102 2709 4154 ἐν
2750 4103 2981 4171 αίγίνοις
3024 4106 3309 4179 δέρμασιν,
3360 4110 3769 4181 ὑστερούμενοι,

2182 4186 2506 4258 θλιϐόμενοι,
2537 4193 2987 4265 κακουχούμενοι,
3024 4217 3043 4248 ι
3093 4198 3388 4268 φεύγοντές
3420 4218 3479 4254 τε
3523 4202 3593 4255 τὰ
3629 4204 3773 4274 μέσα

2179 4277 2285 4331 τῶν
2308 4278 2535 4346 πόλεων,
2564 4283 2660 4336 καὶ
2694 4284 2792 4348 τὰς
2823 4285 3107 4359 διατριϐὰς
3134 4289 3193 4344 ἐν
3224 4291 3481 4362 ἐρημίαις
3513 4294 3773 4364 ποιούμε-

2179 4385 2258 4421 νοι
2293 4370 2387 4423 καὶ
2420 4371 2570 4443 ὄρεσι
2601 4375 2696 4427 καὶ
2724 4376 3016 4448 σπηλαίοις
3050 4381 3144 4434 καὶ
3178 4384 3301 4446 ταῖς
3330 4383 3489 4447 ὀπαῖς
3516 4385 3614 4457 τῆς
3643 4385 3768 4456 γῆς,

2179 4464 2415 4533 εὐλόγως
2445 4466 2511 4519 ἂν
2548 4467 2785 4538 λεχθεῖεν
2818 4470 2924 4536 ἔξω
2973 4472 3268 4545 τυγχάνειν
3297 4476 3395 4549 τῆς
3422 4476 3527 4547 γῆς
3548 4494 3561 4507 °
3601 4479 3695 4532 καὶ
3720 4480 3770 4532 εί

2570 4560 2705 4624 ελῶς
2737 4557 2876 4633 ἦσαν
2921 4565 3334 4638 ἀπηλλαγμένοι
3367 4568 3461 4622 τοῦ
3499 4568 3769 4640 σώματος,

2183 4650 2288 4704 κᾶν
2316 4651 2470 4714 ἐκτὸς
2500 4648 2639 4724 ἦσαν
2673 4656 2835 4709 αὐτοῦ
2855 4673 2868 4687 ⁸
2906 4657 3000 4711 νῦν
3026 4660 3083 4713 δὲ
3116 4660 3301 4733 ἐπειδὴ
3334 4663 3390 4714 ἐν
3420 4661 3567 4733 αὐτῷ
3596 4661 3772 4731 βιοῦν-

2184 4759 2294 4805 τες,
2322 4743 2537 4814 ὀργάνῳ
2574 4762 2635 4798 τε
2680 4746 2831 4817 αὐτῷ
2876 4748 3172 4820 χρώμενοι,
3214 4752 3314 4805 οὐκ
3359 4750 3773 4816 ἐνεδαπτίζοντο

2184 4835 2297 4895 τοῖς
2323 4831 2416 4886 τοῦ
2468 4833 2584 4904 βίου
2635 4841 2850 4902 κακοῖς,
2882 4840 3187 4912 ἀκροθίνως
3229 4842 3287 4895 δὲ
3318 4843 3449 4897 αὐτὸ
3481 4844 3641 4914 μόνον
3673 4846 3773 4915 τῆς

2188 4924 2487 4992 ἀναγκαίας
2526 4928 2753 4999 τροφῆς,
2786 4931 2877 4983 καὶ
2906 4932 3017 4985 τῶν
3056 4933 3256 4987 λοιπῶν
3301 4935 3499 5006 χρειῶν
3530 4937 3771 5004 ἐφαπτό-

2192 5030 2340 5083 μενοι
2367 5014 2635 5071 διετέλουν
2654 5035 2667 5048 σ
2698 5021 2929 5087 είκότως
2960 5025 3018 5076 ἐν
3047 5023 3237 5097 ἄκροις
3266 5026 3482 5080 ἐδόκουν
3512 5023 3651 5083 εἶναι
3679 5030 3773 5082 καὶ

2189 5106 2246 5157 ἐν
2289 5107 2400 5169 τοῖς
2429 5110 2628 5178 πέρασι
2671 5111 2764 5164 τοῦ
2806 5116 3057 5185 σώματος
3082 5134 3094 5146 ·
3136 5113 3246 5181 οἷος
3275 5113 3344 5189 ἦν
3378 5119 3406 5171 ὁ
3437 5119 3650 5184 Παῦλος
3682 5119 3772 5174 λέ·-

2187 5212 2329 5264 γων·
2361 5216 2380 5249 ‹
2421 5199 2507 5253 Ἑν
2539 5204 2705 5274 σαρκὶ
2730 5204 2839 5277 γὰρ
2869 5206 3091 5275 ζῶντες,
3117 5211 3179 5263 οὐ
3214 5211 3361 5264 κατὰ
3394 5214 3573 5285 σάρκα
3605 5230 3772 5285 στρα-

2188 5289 2492 5360 τευόμεθαο
2523 5312 2543 5346 ›
2581 5296 2694 5362 καὶ,
2734 5316 2753 5349 ι
2799 5300 3020 5371 Χριστῴ
3064 5304 3515 5375 συνεσταύρωμαι
3540 5323 3553 5335 ⁸
3600 5307 3678 5371 ζῶ
3716 5307 3773 5359 δὲ

2186 5384 2370 5439 οὐκέτι
2395 5386 2523 5456 ἐγὼ,
2555 5388 2620 5460 ζῇ
2645 5391 2703 5443 δὲ
2728 5392 2786 5445 ὲν
2811 5394 2935 5463 ἐμοὶ
2968 5397 3200 5466 Χριστός
3225 5415 3238 5427 ·
3281 5418 3299 5450 ι
3338 5400 3397 5452 '0
3418 5399 3482 5471 δὴ
3508 5395 3602 5453 οὖν
3631 5398 3774 5453 οὐτω

2186 5476 2526 5549 διακείμενος
2565 5482 2801 5552 εὐλόγως
2834 5485 2901 5539 ἂν
2944 5487 3088 5542 εἴποι
3134 5489 3213 5561 τῷ
3254 5491 3411 5562 Θεῷ·
3473 5510 3491 5542 ι
3526 5492 3775 5564 Πρόσχες

2188 5568 2254 5636 τῇ
2290 5574 2562 5642 προσευχῇ
2606 5591 2732 5644 μου,
2776 5596 2794 5628 ι
2835 5579 3033 5652 πολλὴν
3061 5582 3209 5651 ἄγων
3242 5585 3555 5657 παρρησίαν
3589 5586 3682 5638 ἐπὶ
3705 5587 3771 5657 τῇ

2190 5658 2410 5732 τοιαύτῃ
2456 5663 2549 5717 τοῦ
2592 5664 2708 5735 βίου
2752 5667 2888 5742 ζωῇ·
2933 5674 3040 5727 οὐδ’
3090 5675 3156 5729 ἂν
3200 5677 3462 5745 ψεύσαιτο
3505 5678 3728 5748 φάσκων
3755 5692 3772 5709 ⁸
