4142 6388
427 345 530 401 577

1562 342 2065 401 COMMENTARIA
2096 343 2164 399 IN
2204 341 2549 401 PSALMOS.

3590 348 3695 403 578

428 484 447 517 ι
495 465 625 518 Ἀπὸ
668 463 776 517 τῶν
825 462 1077 536 περάτων
1106 464 1205 535 τῆς
1237 464 1339 535 γῆς
1379 464 1515 537 πρὸς
1544 466 1605 521 σὲ
1652 466 1947 539 ἐκέκραξα.

2082 466 2433 535 ηαιιιίοτειιιι·
2480 480 2575 521 cor
2625 480 2848 533 meum;
2881 483 2899 517 ι
2929 464 3046 520 sive
3090 464 3394 520 secundum
3448 463 3700 537 Symma-

422 556 753 628 Προστίθησι
803 557 859 610 δὲ
894 558 990 611 καὶ
1041 558 1139 628 τὴν
1184 558 1364 612 αἰτίαν
1405 559 1692 628 ἐπιλέγων,
1732 578 1751 611 ι
1797 562 1884 613 Ἐν
1928 560 2008 631 τῷ

421 648 715 719 ἀκηδιάσαι
741 648 840 719 τὴν
876 648 1102 721 καρδίαν
1134 668 1232 721 μου
1253 667 1267 681 ο
1310 670 1329 702 ι
1366 652 1400 723 ἢ
1438 670 1456 702 ι
1501 654 1591 706 Ἐν
1616 654 1693 725 τῷ
1717 655 2009 726 ἀδημονεῖν

421 741 520 811 τὴν
542 741 767 812 καρδίαν
801 760 922 812 μου,
958 763 975 793 ι
1008 744 1150 796 κατά
1178 744 1269 796 τὸν
1291 743 1603 816 Σύμμαχον.
1623 746 1847 817 Ἀκηδιᾷ
1871 746 2003 818 γὰρ,

421 831 516 881 καὶ
551 829 811 900 ἀδημονεῖ
844 832 994 883 πάσα
1029 830 1280 901 θεοφιλὴς
1311 831 1458 902 ψυχὴ
1492 831 1569 902 τῷ
1606 830 1797 902 θνητῷ
1833 831 2008 885 ἐνδια-

420 923 678 993 τρίϐουσα
713 922 838 993 βίῳ·
876 924 956 976 διὸ
992 924 1082 976 καὶ
1115 924 1284 994 φήσαι
1309 922 1394 988 ἂν,
1424 920 1609 994 οἴμαι·
1648 942 1666 975 ι
1700 924 1821 976 Ὅτι
1864 926 2003 994 ἐμα-

421 1012 625 1085 κρύνθη
656 1016 687 1085 ἡ
723 1016 987 1085 παροικία
1022 1033 1146 1085 μου.
1176 1034 1198 1066 ο
1248 1016 1357 1069 Καὶ
1388 1017 1547 1085 ἡμεῖς
1579 1016 1628 1069 οί
1661 1016 1813 1079 ὄντες
1842 1017 1900 1069 ἐν
1924 1015 2003 1086 τῷ

422 1110 608 1179 σκήνει
646 1109 971 1179 στενάζομεν
1025 1109 1369 1182 βαρούμενοι.
1404 1111 1657 1163 Ἐστενεν
1699 1106 1791 1163 οὖν
1836 1110 1933 1164 καὶ
1975 1115 2004 1167 6

421 1204 629 1266 Παῦλος
655 1204 889 1274 ἀκηδιῶν
921 1207 1011 1257 ἐπὶ
1036 1209 1101 1277 τῇ
1131 1206 1465 1277 παρεκτάσει
1496 1204 1591 1259 τοῦ
1625 1206 1819 1277 θνητοῦ
1851 1207 2000 1279 βίου’

416 1292 496 1345 διὸ
522 1294 615 1346 καὶ
640 1294 940 1366 ἀπεκλᾴετο
972 1296 1145 1365 λέγων
1170 1313 1183 1328 ⁸
1219 1317 1236 1348 ι
1270 1300 1312 1350 Τ
1318 1298 1628 1369 αλαίπωρος
1657 1298 1767 1367 ἐγὼ
1795 1300 2003 1372 ἄνθρω-

416 1403 536 1447 πος,
571 1385 655 1449 τίς
698 1404 765 1457 με
812 1386 1034 1458 ῥύσεται
1082 1390 1145 1442 ἐκ
1193 1390 1286 1442 τοῦ
1328 1390 1581 1462 σώματος
1628 1393 1722 1446 τοῦ
1769 1393 1999 1449 θανάτου

414 1474 641 1541 τούτου;
680 1494 701 1529 ι
744 1477 963 1549 Ἀκηδιᾷ
995 1478 1052 1531 δὲ
1106 1480 1201 1532 καὶ
1248 1481 1507 1553 ἀδημονεῖ
1544 1484 1638 1537 καὶ
1679 1483 1766 1538 διά
1812 1486 2000 1554 φιλαν-

417 1564 684 1636 θρωπίαν,
741 1566 801 1619 τὸ
866 1568 1071 1639 πλῆθος
1123 1570 1229 1623 τῶν
1287 1572 1677 1643 ἀπολλυμένων
1736 1575 1953 1648 θεωρῶν
1982 1594 1996 1608 ·

412 1655 597 1727 ἐπειδὴ
634 1676 652 1707 ι
691 1656 920 1711 πλατεῖα
951 1660 1046 1713 καὶ
1080 1661 1389 1733 εὐρύχωρος
1419 1665 1451 1734 ἡ
1485 1663 1603 1727 ὁδὸς
1643 1666 1677 1734 ἡ
1708 1667 2000 1733 ἀπάγουσα

412 1747 493 1809 είς
537 1748 635 1815 τὴν
682 1747 958 1803 ἀπώλειαν
984 1767 996 1780 ·
1038 1770 1057 1803 ι
1098 1751 1271 1816 οὕτως
1319 1753 1480 1808 πάλιν
1525 1756 1554 1807 6
1598 1755 1761 1819 αὐτὸς
1811 1756 1999 1810 πενθεί

2113 558 2314 625 chum,
2350 578 2368 609 ι
2398 556 2537 613 Dum
2594 557 2915 627 desperaret
2972 573 3069 613 cor
3127 573 3333 614 meum.
3368 578 3388 610 ι
3425 557 3701 613 Anxiatnr

2111 650 2257 705 enim
2288 659 2342 705 et
2371 650 2528 721 quasi
2561 649 2819 721 desperat
2864 650 3123 720 religiosa
3169 650 3425 720 quaelibet
3477 652 3694 712 anima,

2108 741 2236 797 dum
2262 744 2319 797 in
2341 743 2558 797 mortali
2584 743 2694 796 vita
2725 753 3012 796 versatur:
3059 757 3165 813 qua
3206 742 3274 796 de
3315 756 3479 797 causa
3517 742 3694 811 ipsam

2107 833 2294 889 dicere
2323 833 2581 897 arbitror,
2617 851 2634 883 ι
2664 832 2806 899 Quia
2836 833 3110 887 incolatus
3146 847 3301 886 meus
3332 833 3694 902 prolongatus

2107 930 2192 978 est
2222 923 2286 977 ³⁸.
2320 942 2338 974 ι
2370 924 2433 977 Et
2461 940 2564 980 nos
2594 940 2812 995 quoque
2834 923 2963 977 dum
2993 923 3046 976 in
3077 923 3181 976 hoc
3209 923 3568 978 tabernaculo
3597 930 3693 976 Su-

2108 1030 2228 1070 mus
2263 1013 2467 1078 alllicti,
2489 1016 2921 1087 ingemiscimus.
2957 1014 3354 1084 lngemiscebat
3384 1016 3512 1069 item
3543 1012 3691 1079 Pau-p

2108 1107 2193 1162 lus
2222 1108 2293 1162 ob
2322 1109 2571 1163 mortalis
2602 1109 2727 1162 vitm
2757 1108 3180 1161 diuturnitatem
3212 1106 3375 1161 taedio
3405 1106 3635 1161 affectus
3671 1124 3684 1160 :

2104 1215 2276 1271 quare
2323 1216 2448 1254 cum
2496 1201 2754 1270 lacrymis
2786 1200 3037 1263 diccbat,
3078 1217 3095 1250 ι
3130 1198 3323 1254 Infelix
3352 1213 3454 1269 ego
3482 1198 3684 1261 homo,

2104 1293 2231 1363 quis
2260 1308 2345 1348 me
2368 1293 2621 1347 liberabit
2646 1291 2715 1346 de
2737 1307 2970 1361 corpore
3002 1292 3196 1345 mortis
3222 1289 3388 1359 hujus
3421 1290 3502 1343 ’7?
3524 1310 3542 1342 ι
3572 1290 3688 1344 An-

2104 1381 2378 1452 gustiatur
2426 1390 2609 1435 autem
2654 1390 2708 1437 et
2749 1381 2908 1451 quasi
2953 1380 3260 1450 despondet
3302 1380 3579 1445 animum,
3613 1380 3686 1433 ob

2104 1474 2464 1529 humanitatis
2508 1489 2762 1537 sensum,
2796 1481 3002 1527 tantam
3053 1487 3286 1527 cernens
3335 1472 3683 1543 pereuntium

2103 1564 2508 1619 multitudinem
2543 1584 2556 1619 :
2606 1564 2877 1635 siquidem
2914 1583 2931 1616 (
2964 1564 3075 1617 lata
3108 1570 3161 1618 et
3192 1562 3439 1633 Spatiosa
3478 1562 3566 1617 via
3598 1568 3686 1618 est

2100 1674 2223 1727 quae
2263 1658 2417 1711 ducit
2464 1657 2531 1711 ad
2577 1657 2943 1727 perditionem
2976 1656 3041 1711 ³⁸.
3077 1674 3097 1708 ›
3134 1655 3224 1709 Sic
3269 1658 3432 1710 etiam
3474 1656 3522 1710 is
3566 1653 3686 1723 ipse

2102 1750 2307 1803 multos
2340 1750 2485 1819 luget
2516 1748 2584 1803 de
2613 1748 2816 1818 quibus
2863 1747 3081 1802 dicebat
3111 1767 3123 1803 :
3160 1766 3178 1798 ι
3211 1746 3433 1818 Lugebo
3476 1747 3681 1802 multos

411 1837 657 1905 πολλοὺς,
691 1841 816 1911 περὶ
864 1834 938 1896 ὧν
983 1842 1135 1912 ἔλεγε
1160 1861 1172 1874 ·
1237 1863 1259 1896 ‹
1304 1845 1562 1917 Πενθήσω
1613 1846 1839 1911 πολλοὺς
1890 1848 1979 1902 τῶε

2101 1856 2165 1895 ex
2214 1842 2279 1897 iis
2318 1842 2409 1911 qui
2443 1850 2569 1895 ante
2599 1847 2995 1910 peccaverunt,
3027 1849 3079 1895 et
3107 1854 3216 1893 non
3244 1845 3475 1909 egerunt
3505 1838 3683 1908 paeni-

411 1934 938 2003 προημαρτηκότων,
989 1938 1082 1990 καὶ
1148 1939 1221 2010 μὴ
1282 1942 1727 2011 μετανοησάντων
1788 1942 1882 1995 ἐπὶ
1927 1947 1994 2016 τῇ

410 2020 654 2094 ἁμαρτίᾳ
685 2025 779 2077 καὶ
816 2026 1017 2098 ἀνομίᾳ
1048 2030 1143 2081 καὶ
1177 2028 1399 2100 ἀσεϐείᾳ
1500 2030 1765 2103 ἔπραξαν.
1798 2051 1817 2085 ι
1859 2035 1917 2087 '0
1949 2035 1996 2088 δ’

409 2112 572 2175 αὐτὸς
632 2115 955 2186 ὑπεραλγῶν
1009 2120 1103 2172 καὶ
1166 2120 1533 2192 ὑπερπάσχων
1574 2125 1777 2197 ἐτέρων
1823 2125 1993 2179 ἐϐόα·

416 2222 435 2253 ι
468 2205 566 2268 Τίς
610 2206 843 2273 ἀσθενεῖ,
890 2210 985 2263 καὶ
1015 2211 1115 2263 οὐκ
1153 2211 1400 2278 ἀσθενῶ;
1433 2215 1529 2278 Τίς
1558 2216 1993 2284 σκανδαλίζεται,

407 2296 502 2348 καὶ
527 2298 626 2350 οὐκ
660 2300 770 2369 ἐγὼ
799 2301 1111 2373 πυροῦμαι;
1149 2322 1167 2354 ι
1208 2304 1441 2375 Ὁμοίως
1470 2306 1527 2359 δὲ
1561 2310 1655 2361 καὶ
1689 2310 1738 2361 oi
1775 2312 1993 2382 προφῆ-

406 2404 497 2441 ται
541 2388 632 2442 τὺν
679 2392 847 2445 πάλαι
892 2394 1231 2465 ἀπεκλᾲοντο
1266 2396 1419 2463 λαὸν,
1454 2397 1645 2470 ῶσπερ
1691 2396 1785 2455 οὖν
1827 2402 1922 2455 καὶ
1964 2404 2004 2455 6‘

406 2477 587 2530 Δαυΐδ.
629 2478 718 2530 Διὸ
752 2480 914 2545 αὐτὸς
960 2483 1058 2553 μὲν
1103 2483 1297 2552 ἔφευγε
1322 2484 1391 2538 τά
1441 2488 1579 2557 μέσα
1606 2491 1705 2561 τῆς
1739 2491 1863 2562 γῆς,
1897 2493 1991 2546 καὶ

406 2567 464 2618 ἐν
496 2564 684 2637 ἄκροις
721 2568 899 2623 αὐτῶν
927 2577 1208 2643 γινόμενος
1240 2575 1370 2628 ἐϐόα
1403 2578 1540 2649 πρὸς
1568 2579 1659 2632 τὸν
1689 2580 1849 2635 Θεόν·
1896 2585 1991 2637 ἐπὶ

403 2656 462 2747 δὲ
492 2659 557 2727 τῇ
584 2658 693 2711 τῶν
725 2659 936 2713 πολλῶν
965 2662 1057 2714 καὶ
1088 2663 1255 2717 αὑτοῦ
1297 2666 1391 2720 τοῦ
1422 2669 1597 2723 Σαοὺλ
1618 2670 1866 2744 ἀπωλείᾳ
1890 2676 1989 2747 τὴν

403 2746 578 2817 ψυχὴν
606 2749 785 2817 ἀλγῶν
819 2752 923 2804 ἀπε
931 2752 1145 2824 κλᾴετο.

480 2879 498 2911 ι
530 2862 617 2915 Ἐν
655 2864 830 2935 πέτρᾳ
868 2863 1090 2935 ῦψωσάς
1125 2885 1190 2938 με
1212 2907 1227 2932 ,
1261 2869 1339 2923 ὅτι
1368 2870 1631 2944 ἐγενήθης
1663 2873 1816 2939 ἐλπίς
1851 2893 1985 2946 μου,

402 2950 611 3023 πύργος
644 2954 824 3024 ίσχύος
852 2956 958 3009 ἀπὸ
983 2959 1275 3028 προσώπου
1301 2961 1496 3033 ἐχθροῦ
1517 2980 1530 2994 ·
1558 2982 1577 3017 ›
1612 2966 1706 3018 καὶ
1733 2965 1802 3020 τά
1833 2967 1981 3038 ἐξῆς.

402 3043 561 3097 Κατά
590 3046 688 3116 μὲν
721 3049 846 3111 τοὺς
889 3050 1308 3123 Ἑϐδομήκοντα,
1338 3054 1689 3127 εὐχαριστίαν
1741 3060 1983 3131 περιέχει

398 3134 428 3186 6
449 3132 621 3203 λόγος.
659 3136 845 3192 Ταῦτά
869 3158 987 3211 μοι,
1020 3142 1183 3213 φησὶν
1202 3182 1217 3208 ,
1244 3144 1486 3215 ὑπῆρξεν
1510 3147 1609 3200 ὅσα
1640 3150 1946 3221 προείρηκα
1964 3169 1977 3182 ·

399 3227 584 3300 ἐπειδὴ
615 3231 677 3283 σὺ
699 3232 858 3296 αὐτὸς
882 3236 909 3286 6
932 3234 1063 3298 Θεὸς
1088 3236 1299 3308 ὲπῆράς
1328 3255 1393 3308 με
1420 3242 1512 3293 καὶ
1535 3238 1757 3310 ὕψωσας
1779 3244 1983 3315 στήσας

397 3324 457 3377 ἐν
493 3326 557 3396 τῇ
592 3324 745 3396 παρά
768 3326 850 3378 σοὶ
879 3327 1057 3398 πέτρᾳ¹
1080 3367 1094 3391 ,
1141 3329 1263 3398 ἥτις
1289 3329 1434 3383 ἐστὶν
1463 3332 1491 3383 6
1518 3330 1721 3402 προϊών
1760 3349 1851 3385 σου
1879 3336 1981 3388 Λό-

396 3433 522 3486 γος·
549 3419 582 3489 ή
612 3417 785 3489 πέτρα
818 3417 924 3490 γάρ
958 3414 1025 3490 ἦν
1057 3421 1085 3472 6
1117 3420 1368 3489 Χριστός.
1421 3421 1573 3476 Ἐπεὶ
1607 3423 1783 3477 τοίνυν
1816 3426 1873 3477 ἐν
1901 3426 1979 3497 τῷ

394 3506 551 3576 Λόγῳ
580 3524 671 3559 σου
700 3508 917 3577 ῦψωσάς
937 3526 1003 3574 με
1034 3510 1127 3563 καὶ
1147 3509 1417 3582 μετέωρον
1441 3512 1719 3583 ἐποίησας,
1742 3515 1816 3578 ὡς
1847 3533 1979 3586 μηκ-

395 3597 476 3650 έτι
523 3603 795 3653 κατοικεῖν
824 3600 892 3653 τά
916 3600 1055 3671 μέσα
1086 3602 1184 3673 τῆς
1222 3602 1345 3673 γῆς,
1376 3602 1489 3655 ἀλλ’
1514 3605 1570 3657 ἐν
1596 3606 1783 3676 ἄκροις
1805 3607 1975 3677 αὐτῆς

393 3688 666 3755 γενέσθαι,
696 3690 796 3760 ήδη
826 3690 879 3743 δὲ
908 3692 1000 3745 καὶ
1023 3691 1313 3763 ὡδήγησάς
1339 3711 1426 3764 με,
1460 3694 1600 3748 ὥστε
1626 3696 1851 3767 πλησίον
1880 3714 1972 3751 σου

394 3779 627 3848 φθάσαι·
659 3781 886 3849 γέγονάς
916 3800 974 3836 τε
997 3783 1149 3847 ἐλπίς
1176 3801 1298 3855 μου,
1326 3786 1392 3857 δι’
1408 3786 1472 3858 ἢν
1491 3787 1681 3841 ἐλπίδα
1701 3789 1759 3841 ού
1780 3806 1973 3843 καται-

394 3868 788 3940 σχυνθήσομαι·
847 3871 981 3924 ἀλλά
1028 3872 1123 3925 καὶ
1197 3872 1407 3926 πολλῶν
1466 3875 1830 3944 ἐπικειμένων
1881 3893 1969 3947 μοι

388 3962 596 4031 νοητῶν
641 3961 851 4034 ἐχθρῶν
902 3964 995 4017 καὶ
1043 3964 1315 4036 πολεμίων
1357 3964 1467 4019 τῶν
1508 3966 1811 4037 ζητούντων
1870 3969 1968 4040 τὴν

388 4053 563 4125 ψυχήν
596 4071 696 4125 μου
723 4094 738 4119 ,
776 4056 895 4108 ἀντὶ
922 4057 1138 4109 πάντων
1168 4058 1487 4129 ἀπήρκεσας
1517 4060 1581 4113 σὺ
1618 4060 1797 4129 μόνος,
1833 4060 1969 4131 πύρ-

390 4161 483 4212 γος
511 4145 705 4216 ὀχυρός
740 4163 828 4215 μοι
860 4147 1147 4217 γενόμενος
1169 4188 1185 4213 ,
1240 4150 1334 4202 καὶ
1382 4151 1766 4221 περιφράττων
1807 4168 1874 4223 με
1907 4154 1965 4205 ἐν

386 4237 619 4306 ἀσφαλεῖ
639 4239 736 4310 τῆς
764 4240 912 4310 παρά
936 4239 1019 4292 σοὶ
1046 4242 1335 4312 σωτηρίας,
1353 4242 1429 4303 ὡς
1449 4242 1652 4314 μηδένα
1677 4241 1786 4295 τῶν
1814 4244 1964 4315 ἐμῶν

386 4326 593 4398 ἐχθρῶν
622 4328 1039 4399 ἐπιστρέφεσθαι
1059 4345 1073 4359 ⁸
1110 4330 1329 4395 εἰκότως
1354 4330 1559 4385 τούτων
1587 4332 1843 4386 ἀπάντων
1870 4351 1964 4387 τυ-

385 4418 526 4490 χὼν,
564 4419 647 4473 σοὶ
682 4422 807 4484 τοὺς
839 4418 1042 4491 ὕμνους
1073 4422 1412 4493 ἀναπέμπω.
1470 4424 1547 4487 ὡς
1578 4426 1833 4480 ἀπάντων
1870 4444 1960 4497 μοι

2099 1933 2324 1987 tentiam
2354 1934 2420 1987 de
2446 1939 2672 2002 peccato
2700 1942 2754 1987 et
2781 1931 3066 2001 iniquitate
3088 1938 3142 1986 et
3168 1930 3448 2000 impietate
3466 1969 3481 1995 ,
3510 1945 3679 2000 quam

2096 2032 2383 2094 gesserunt
2407 2024 2473 2077 ³⁹.
2504 2044 2522 2077 ι
2547 2024 2692 2078 Idem
2721 2038 2942 2093 quoque
2968 2039 3067 2093 pro
3097 2023 3220 2078 aliis
3251 2038 3419 2093 supra
3452 2024 3679 2079 modum

2092 2115 2286 2185 lugens
2326 2123 2378 2170 et
2424 2115 2656 2170 afﬂictus
2694 2114 3005 2169 clamabat:
3034 2135 3050 2165 ι
3079 2112 3216 2180 Quis
3253 2114 3588 2178 infirmatur,
3619 2125 3677 2171 ct

2093 2222 2194 2278 ego
2235 2222 2342 2261 non
2385 2208 2632 2262 infirmor
2660 2207 2683 2261 ’ἰ
2713 2206 2847 2272 Quis
2877 2207 3317 2271 scandalizatur,
3347 2214 3402 2262 et
3430 2222 3531 2278 ego
3562 2223 3675 2263 non

2093 2315 2225 2353 uror
2246 2300 2327 2353 δοῖ
2352 2319 2370 2352 ι
2394 2299 2657 2355 Similiter
2685 2299 2963 2369 prophetae
2989 2299 3282 2369 pristinum
3317 2300 3470 2353 illum
3505 2316 3676 2373 popuf

2092 2393 2203 2445 lum
2234 2392 2635 2463 deplorabant,
2664 2389 3131 2461 quemadmodum
3164 2398 3221 2445 et
3258 2390 3453 2445 David.
3489 2390 3674 2457 Quare

2093 2484 2210 2553 ipse
2238 2484 2461 2554 quidem
2492 2482 2560 2538 de
2587 2482 2770 2537 medio
2801 2490 2964 2536 terra:
2993 2482 3269 2552 fugiebat,
3302 2498 3367 2536 ac
3396 2484 3453 2538 in
3483 2492 3671 2539 extre-

2091 2575 2197 2629 mis
2237 2575 2359 2645 ejus
2401 2575 2653 2644 partibus
2683 2574 3021 2628 constitutus
3049 2575 3323 2628 clamabat
3360 2575 3426 2628 ad
3460 2574 3669 2639 Deum,

2090 2674 2144 2719 et
2180 2666 2247 2721 de
2282 2666 2581 2721 multorum
2622 2666 2799 2735 deque
2842 2663 3025 2721 Saulis
3066 2667 3312 2736 pernicie
3352 2667 3537 2723 animo
3585 2668 3671 2721 lu-

2087 2772 2221 2828 gens
2248 2758 2518 2829 lacrymas
2560 2756 2843 2813 fundebat.

2158 2868 2329 2926 Vens.
2362 2871 2419 2935 4,
2454 2870 2507 2925 5.
2550 2888 2567 2922 ι
2605 2870 2662 2924 in
2705 2879 2859 2941 petra
2900 2869 3154 2925 exaltasti
3184 2886 3292 2934 me,
3321 2869 3447 2941 quia
3482 2869 3665 2929 factus

2087 2976 2146 3017 es
2173 2976 2298 3031 spes
2334 2976 2476 3023 mea,
2508 2962 2679 3016 turris
2736 2960 3080 3015 fortitudinis
3124 2976 3155 3014 a
3200 2960 3339 3016 facie
3365 2962 3597 3025 inimici,
3637 2982 3658 3016 ι

2085 3060 2139 3108 et
2177 3064 2393 3107 caetera.
2448 3051 2758 3107 Secundum
2816 3051 2959 3106 LXX
2996 3052 3323 3123 lnterpretes
3362 3055 3661 3125 gratiarum

2086 3145 2354 3198 actionem
2388 3159 2568 3199 sermo
2594 3144 2993 3213 complectitur.
3031 3143 3177 3207 Haec,
3210 3146 3405 3215 inquit,
3430 3161 3551 3217 quae
3566 3161 3662 3201 ευ·-

2086 3252 2181 3306 pra
2217 3237 2349 3299 dixi,
2378 3237 2511 3291 mihi
2564 3236 2826 3304 aderant;
2857 3238 2986 3308 quia
3029 3240 3236 3307 tu'ipse
3269 3236 3411 3293 Deus
3433 3237 3659 3293 elevasti

2081 3336 2136 3385 et
2170 3328 2448 3393 exaltasti,
2482 3344 2546 3382 ac
2570 3327 2624 3382 in
2662 3336 2814 3397 petra
2860 3331 2972 3391 illa,
3005 3344 3128 3399 qua:
3160 3329 3300 3398 apud
3328 3336 3382 3383 te
3410 3336 3512 3391 est,
3544 3335 3659 3382 sta-

2079 3420 2230 3475 tuisti
2263 3435 2369 3484 me,
2402 3435 2523 3491 qua:
2542 3432 2620 3475 est
2654 3418 2885 3474 Verbum
2921 3421 3020 3476 abs
3048 3429 3101 3474 te
3135 3419 3472 3490 procedens:
3496 3438 3514 3470 ι
3548 3416 3656 3474 Pe-

2077 3523 2162 3570 tra
2204 3532 2222 3565 ι
2259 3513 2404 3568 enim
2431 3532 2449 3564 ι
2488 3518 2604 3567 erat
2633 3511 2886 3567 Christus
2922 3512 2988 3563 “.
3021 3531 3039 3563 ›
3075 3511 3212 3578 Quia
3246 3512 3411 3581 igitur
3436 3511 3491 3564 in
3523 3509 3659 3565 Ver-

2079 3604 2147 3658 bo
2179 3611 2274 3658 tuo
2302 3602 2557 3658 exaltasti
2586 3609 2640 3656 et
2675 3601 2961 3656 sublimem
2996 3599 3175 3654 fecisti
3200 3615 3325 3665 me;
3356 3600 3429 3652 ita
3463 3606 3520 3651 ut
3542 3613 3653 3653 non

2076 3696 2218 3749 ultra
2255 3695 2309 3748 in
2347 3693 2525 3747 medio
2555 3700 2714 3747 terrae
2768 3692 3025 3755 habitem,
3060 3692 3152 3746 sed
3205 3691 3260 3744 in
3290 3691 3653 3745 extremitati.

2073 3788 2178 3843 bus
2205 3787 2325 3856 ejus
2363 3785 2699 3850 consistam;
2733 3783 2954 3853 jamque
2981 3783 3256 3838 deduxisti
3291 3798 3397 3847 me,
3432 3791 3493 3835 ut
3522 3797 3651 3852 pro-

2072 3896 2137 3951 pe
2168 3888 2222 3934 te
2272 3877 2613 3942 accederem,
2648 3876 2826 3931 factus
2878 3892 2938 3931 es
2969 3892 3093 3946 spes
3153 3891 3294 3938 mea,
3328 3876 3486 3944 cujus
3530 3877 3647 3946 spei

2069 3986 2236 4028 causa
2261 3985 2372 4024 non
2403 3968 2710 4023 confundar
2742 3987 2754 4022 :
2789 3967 2884 4022 sed
2944 3967 3109 4021 etiam
3170 3967 3359 4021 multis
3389 3968 3646 4021 instanti-

2068 4064 2171 4118 bus
2203 4061 2336 4115 mihi
2388 4060 2767 4131 spiritualihus
2798 4059 3040 4114 inimicis
3088 4066 3141 4115 et
3189 4058 3464 4122 hostibus,
3496 4074 3645 4131 qua:-

2068 4153 2314 4209 rentibus
2354 4153 2592 4207 animam
2638 4165 2853 4217 meam;
2884 4150 3059 4205 instar
3091 4151 3332 4204 omnium
3369 4152 3500 4205 mihi
3538 4151 3643 4205 fui-

2066 4250 2137 4303 sti
2166 4266 2179 4302 :
2208 4253 2377 4315 tuque
2405 4244 2557 4299 solus
2585 4243 2717 4296 mihi
2740 4242 2910 4297 turris
2940 4241 3244 4297 fortissima
3276 4241 3503 4299 effectus
3531 4246 3643 4298 cir-

2064 4336 2419 4392 cummunisti
2455 4350 2562 4399 me,
2594 4343 2647 4390 et
2694 4335 2750 4387 in
2802 4332 2973 4387 tutela
3013 4333 3229 4391 salutis.
3252 4349 3374 4402 qua
3419 4335 3562 4405 apud
3587 4342 3642 4392 te

2062 4438 2164 4492 est,
2200 4427 2474 4497 posuisti;
2508 4435 2567 4478 ut
2592 4424 2803 4478 nullum
2834 4423 2946 4493 jam
2994 4423 3344 4478 inimicorum
3388 4440 3638 4480 meorum

381 4512 490 4565 τῶν
514 4512 733 4582 ἀγαθῶν
763 4514 1036 4586 γενομένῳ
1058 4516 1234 4586 αίτίῳ.
1280 4516 1425 4570 Ἀντὶ
1442 4516 1499 4570 δὲ
1521 4517 1614 4569 τοῦ
1632 4557 1647 4583 ,
1683 4536 1702 4569 ί
1744 4520 1831 4572 Ἐν
1861 4519 1959 4572 πέ-

2082 4518 2409 4573 'eformidem
2448 4535 2460 4571 :
2495 4516 2609 4571 haec
2642 4515 2828 4570 omnia
2876 4522 3093 4578 nactus,
3130 4515 3227 4569 tibi
3278 4522 3339 4568 ut
3391 4515 3636 4570 omnium

380 4622 486 4676 τρᾳ
517 4605 738 4676 ῦψωσάς
772 4624 858 4677 με,
886 4626 904 4659 ι
945 4609 1039 4661 καὶ
1069 4608 1176 4661 τῶν
1209 4608 1355 4679 ἑξῆς,
1387 4610 1416 4661 6
1447 4610 1741 4681 Σύμμαχος
1773 4612 1956 4684 ἕτερον

380 4697 629 4750 ἀπέδωκε
659 4698 781 4751 νοῦν
814 4698 982 4752 είπών
1005 4716 1018 4730 ·
1055 4719 1073 4750 ι
1102 4701 1268 4753 Ὅταν
1319 4702 1537 4772 στερεὸς
1566 4702 1955 4774 κατεπαίρεταί

382 4801 507 4853 μου,
538 4785 822 4858 όδηγήσεις
852 4805 939 4856 με.
986 4788 1203 4856 Ἐγένου
1232 4790 1339 4860 γὰρ
1360 4789 1558 4858 ἀφοϐία
1585 4808 1707 4861 μου,
1747 4792 1955 4863 πύργος

379 4874 579 4944 ὑψηλὸς
604 4877 712 4930 ἀπὸ
731 4878 1018 4947 προσώπου
1046 4879 1262 4950 ἐχθροῦ·
1288 4900 1308 4933 ι
1330 4881 1424 4934 καὶ
1447 4884 1476 4935 6
1506 4881 1736 4946 Ἀκύλας
1757 4884 1956 4953 ὁμοίως

376 4967 466 5018 τὸν
497 4968 659 5021 αὑτὸν
686 4970 934 5024 ἀπέδωκε
949 4972 1073 5025 νοῦν
1100 4974 1269 5026 εἰπών
1288 4990 1301 5003 ·
1326 4993 1344 5025 ι
1377 4974 1465 5029 Ἐν
1492 4974 1696 5047 στερεῷ
1712 4975 1953 5046 ὑψώθητι

377 5060 507 5130 παρ’
534 5062 633 5130 ἐμὲ
652 5101 667 5125 ,
698 5062 1091 5135 καθοδηγήσεις
1122 5083 1211 5137 με,
1242 5085 1261 5118 ι
1295 5067 1389 5120 καὶ
1414 5067 1483 5121 τὰ
1510 5065 1655 5136 ἑξῆς.
1701 5068 1950 5121 Διδάσκει

372 5148 430 5201 δὲ
454 5151 599 5220 ἡμᾶς
626 5152 715 5206 διά
745 5154 947 5209 τούτων
992 5158 1020 5209 6
1064 5156 1221 5225 λόγος
1255 5158 1456 5229 μηδένα
1481 5157 1588 5212 τῶν
1618 5174 1947 5230 κατεπαιρο-

377 5242 552 5312 μένων
597 5248 754 5317 ἡμῶν
797 5249 1247 5320 ἐπιστρέφεσθαι,
1300 5251 1452 5314 ὅλους
1481 5251 1537 5304 δὲ
1568 5250 1821 5320 γενέσθαι
1851 5249 1943 5304 τοῦ

372 5323 529 5400 Θεοῦ,
562 5338 648 5389 ἐπ’
680 5339 827 5409 αὐτῴ
872 5340 1016 5410 μόνῳ
1049 5341 1401 5413 θαρσοῦντας.
1466 5343 1527 5394 Ὀ
1555 5340 1683 5410 γοῦν
1714 5340 1944 5410 ἀγαθαῖς

373 5426 584 5481 ἐλπίσιν
599 5429 997 5500 ἐφωδιασμένος
1022 5471 1035 5494 ,
1063 5432 1157 5484 καὶ
1174 5432 1263 5485 τὸν
1283 5432 1414 5485 Θεὸν
1437 5432 1773 5504 κτησάμενος
1808 5433 1946 5503 πύρ-

369 5531 467 5587 γον
497 5519 695 5590 ἰσχύος,
720 5519 775 5591 ἢ,
795 5522 935 5576 κατά
956 5522 1043 5577 τὸν
1078 5522 1324 5589 Ἀκύλαν,
1354 5542 1372 5574 ι
1402 5522 1608 5595 πύργον
1628 5522 1858 5595 κράτους
1879 5539 1892 5553 ο
1920 5541 1938 5574 ι

2062 4610 2195 4664 mihi
2256 4609 2526 4664 bonorum
2574 4606 2824 4670 Auctori,
2878 4604 3111 4677 hymnos
3143 4606 3353 4659 emitto.
3404 4603 3512 4658 Pro
3542 4606 3635 4659 illo

2063 4711 2242 4755 autem
2278 4718 2290 4753 :
2327 4718 2346 4750 ι
2390 4700 2449 4751 In
2477 4705 2629 4768 petra
2659 4695 2912 4751 exaltasti
2942 4710 3049 4758 me,
3084 4713 3103 4745 ι
3130 4701 3262 4758 etc.,
3286 4693 3447 4747 aliam
3484 4692 3635 4762 Sym-

2061 4789 2289 4844 machus
2319 4788 2643 4843 sententiam
2680 4786 2873 4841 extulit
2912 4784 2998 4840 his
3031 4785 3212 4840 verbis
3240 4803 3253 4839 :
3284 4801 3302 4834 ι
3349 4783 3484 4837 Cum
3518 4784 3633 4836 for-

2058 4880 2130 4934 tis
2153 4880 2398 4949 insurget
2424 4879 2714 4933 adversum
2742 4889 2849 4938 me,
2882 4873 3121 4929 deduces
3145 4888 3250 4928 me.
3274 4870 3447 4927 Fuisti
3481 4874 3628 4927 enim

2061 4976 2328 5028 securitas
2382 4986 2523 5033 mea,
2558 4969 2731 5024 turris
2780 4969 2998 5024 excelsa
3043 4981 3074 5020 a
3130 4965 3272 5021 facie
3312 4963 3521 5019 inimici
3556 4981 3568 5017 :
3601 4984 3622 5016 ι

2056 5062 2250 5132 Aquila
2282 5063 2411 5116 item
2444 5061 2634 5115 eadem
2665 5067 2938 5116 sententia
2984 5059 3372 5126 interpretatus
3406 5064 3491 5111 est
3521 5055 3626 5111 hoc

2059 5155 2224 5209 modo
2260 5174 2272 5208 :
2304 5174 2322 5205 ι
2351 5152 2405 5207 In
2438 5153 2595 5207 ﬁrmo
2621 5153 2860 5206 exaltare
2880 5150 3021 5220 apud
3050 5165 3154 5213 me,
3184 5148 3423 5203 deduces
3446 5163 3554 5211 me,
3597 5168 3619 5200 ›

2051 5254 2161 5302 etc.
2191 5245 2287 5301 His
2312 5260 2474 5315 porro
2494 5245 2757 5300 docemur
2789 5243 3061 5296 neminem
3084 5249 3145 5295 ut
3178 5240 3621 5295 adversariorum

2052 5336 2465 5392 reformidemus
2488 5377 2502 5400 ,
2539 5334 2634 5390 sed
2679 5348 2780 5388 nos
2820 5331 2931 5387 Dm
2978 5332 3200 5402 penitus
3229 5337 3532 5396 tradamus,
3562 5335 3621 5388 in

2049 5430 2168 5499 ipso
2224 5426 2343 5483 solo
2390 5424 2746 5480 confidentes.
2791 5422 2897 5490 Qui
2929 5437 3060 5492 ergo
3092 5422 3234 5476 bona
3270 5438 3367 5492 spe
3408 5424 3621 5478 instru-

2048 5531 2206 5586 ctus,
2248 5518 2417 5575 Deum
2482 5519 2538 5573 in
2596 5520 2789 5573 turrim
2832 5516 3171 5572 fortitudinis
3230 5517 3432 5585 habet;
3471 5517 3613 5583 sive,

443 5695 489 5767 ‘f
526 5694 673 5752 Psal.
739 5714 897 5763 cxtx,
937 5700 989 5755 5.
1068 5702 1109 5733 ³⁷
1151 5700 1308 5756 Rom.
1360 5717 1473 5767 vn,
1522 5701 1613 5757 24.
1693 5703 1737 5734 ³⁸
1778 5701 1968 5757 Matth.

2082 5718 2120 5766 ι,
2168 5701 2252 5767 15.
2330 5700 2374 5733 ³³
2414 5698 2456 5753 ll
2490 5697 2619 5755 Cor.
2683 5710 2797 5761 xu,
2857 5694 2949 5750 21.
3026 5695 3073 5728 ⁸⁸
3111 5695 3154 5751 Il
3190 5695 3316 5753 Cor.
3373 5711 3460 5761 ιι,
3514 5694 3608 5751 29.

370 5765 412 5799 δ’
457 5764 479 5821 ι
510 5766 635 5823 Cor.
673 5786 735 5834 Χ,
769 5772 821 5825 4.
