4146 6390
542 404 646 462 579

1243 406 1515 463 EUSEBII
1557 404 2039 461 CESARIENSIS
2072 404 2219 460 OPP.
2264 404 2444 458 PARS
2503 403 2589 459 ΙΙΙ.
2622 434 2691 445 -—
2733 400 3148 458 EXECETICA.

3679 407 3785 463 560

531 521 834 578 secundum
864 520 1137 590 Aquilam,
1168 539 1188 572 ‹
1225 520 1420 573 turrim
1454 520 1703 585 roboris;
1737 538 1757 571 ι
1783 529 1874 573 aut
1906 533 2090 575 secun-

2204 518 2273 589 ἢ,
2313 537 2333 571 ι
2359 518 2566 588 πύργον
2596 518 2790 589 ὀχυρὸν
2814 557 2828 580 ,
2856 538 2873 569 ι
2926 519 3066 573 κατά
3115 519 3208 572 τὸν
3239 518 3533 590 Σύμμαχον
3554 538 3567 551 '
3635 523 3783 594 ἐρεῖ*

529 613 659 668 dum
718 611 1129 683 Symmachum,
1172 630 1191 663 ι
1239 612 1439 665 turrim
1495 612 1794 675 munitam;
1825 630 1843 663 ι
1890 610 1959 674 is,
2014 611 2103 663 in-

528 718 713 775 quam,
744 702 888 757 dicet
923 721 935 756 :
968 720 986 751 ι
1023 702 1346 757 lnhabitabo
1394 705 1447 757 in
1506 702 1861 757 tabernaculo
1911 711 2007 755 tuo
2052 703 2105 756 in

528 796 754 858 saecula,
785 802 1043 865 protegar
1084 797 1139 849 in
1192 796 1498 850 velamento
1556 796 1767 849 alarum
1808 804 2045 850 tuarum.
2081 814 2099 847 ι

533 884 722 955 Neque
785 888 953 953 enim,
991 886 1087 952 ait,
1129 888 1185 942 in
1239 902 1327 941 me
1388 885 1679 948 conﬁdam,
1722 884 1818 939 sed
1852 884 1907 939 in
1959 887 2108 939 vela-

530 986 715 1033 mento
739 978 949 1031 alarum
976 987 1218 1032 tuarum.
1264 976 1342 1031 Ita
1392 993 1558 1047 porro
1590 993 1789 1032 vocare
1820 976 2105 1048 Scriptura

526 1072 665 1126 solet
708 1071 941 1125 virtutes
971 1070 1064 1124 Dei
1096 1069 1453 1140 providentiae
1492 1070 1871 1134 administras,
1905 1070 2104 1141 quibus

525 1160 799 1230 obtegitur
846 1161 1135 1231 religiosus
1189 1160 1376 1223 homo,
1414 1161 1508 1229 qui
1564 1174 1595 1213 a
1653 1164 1958 1215 velamento
2009 1158 2103 1214 Dei

523 1266 802 1322 nunquam
839 1253 1067 1314 recedit,
1096 1253 1190 1307 sed
1226 1251 1369 1306 intra
1400 1252 1579 1321 ipsum
1633 1251 1688 1304 in
1718 1251 1975 1306 saeculum
2004 1252 2103 1305 ha-

523 1340 661 1397 bitat
689 1362 702 1397 :
735 1344 960 1413 jamque
1005 1343 1251 1398 Ecclesia
1281 1344 1401 1413 ejus
1436 1350 1490 1397 et
1540 1343 1739 1398 decore
1763 1344 1958 1397 domus
1984 1343 2103 1411 ejus

524 1433 746 1499 fruitur,
776 1442 834 1488 ut
863 1435 1010 1489 dicat
1035 1454 1049 1489 :
1088 1454 1105 1486 ‹
1142 1434 1389 1497 Domine,
1416 1435 1580 1488 dilexi
1628 1434 1880 1489 decorem
1906 1434 2102 1490 domus

524 1533 650 1586 tuae,
702 1534 756 1579 et
816 1527 996 1580 locum
1033 1526 1393 1581 habitationis
1427 1526 1610 1597 gloria:
1655 1533 1762 1579 tua:
1808 1526 1887 1592 ης
1922 1545 1941 1578 ι
2000 1536 2097 1579 et:

529 1634 550 1666 σ
595 1616 768 1670 Unam
797 1619 927 1688 petii
961 1635 990 1673 a
1026 1618 1278 1683 Domino,
1319 1619 1460 1673 hanc
1518 1619 1812 1688 requiram,
1847 1624 1908 1671 ut
1951 1618 2103 1672 inha-

520 1706 687 1762 bitem
719 1710 775 1763 in
809 1712 971 1764 domo
1003 1709 1220 1765 Domini
1265 1711 1521 1765 omnibus
1554 1710 1748 1765 diebus
1775 1710 1899 1764 vitae
1923 1725 2056 1764 mea;
2085 1733 2096 1765 :

522 1806 582 1851 ut
618 1799 829 1853 videam
854 1801 1191 1871 voluptatem
1225 1800 1439 1855 Domini
1466 1838 1481 1864 ,
1513 1807 1568 1854 et
1591 1799 1807 1854 visitem
1835 1800 2096 1869 templum

2214 628 2231 658 ι
2257 609 2586 680 Παροικήσω
2613 611 2670 662 ἐν
2693 609 2771 680 τῷ
2802 610 3117 681 σκηνώματί
3146 628 3239 664 σου
3271 614 3350 675 εἰς
3381 616 3509 677 τοὺς
3541 614 3743 680 αἰῶνας
3767 634 3783 648 ο

2208 699 2661 769 σκεπασθήσομαι
2694 702 2750 753 ἐν
2778 703 2843 770 τῇ
2875 701 3047 772 σκέπῃ
3075 700 3184 754 τῶν
3212 702 3500 772 πτερύγων
3532 721 3627 757 σου
3664 726 3681 757 ι
3708 708 3783 760 Οὐ

2205 792 2311 864 γὰρ
2346 794 2430 845 ἐπ’
2463 791 2682 862 ἐμαυτῷ
2707 832 2721 855 ,
2772 795 2933 862 φησὶν
2959 834 2973 857 ,
3010 794 3365 866 εὐθαρσήσω,
3418 796 3531 849 ἀλλ’
3582 800 3673 851 ἐπὶ
3716 804 3782 871 τῇ

2207 883 2383 955 σκέπῃ
2429 882 2535 935 τῶν
2588 883 2695 935 σῶν
2743 884 3047 955 πτερύγων.
3101 886 3256 940 Οὐτω
3286 888 3341 941 δὲ
3377 888 3559 941 καλεῖν
3593 891 3784 944 εἴωθεν

2204 974 2233 1024 6
2263 972 2436 1040 Λόγος
2461 972 2559 1036 τὰς
2593 974 2951 1045 προνοητικάς
2977 974 3071 1027 τοῦ
3104 975 3236 1030 Θεοῦ
3267 978 3525 1049 δυνάμεις
3547 1020 3562 1043 ,
3599 982 3688 1048 ὑφ’
3716 982 3784 1045 ἀς

2206 1065 2532 1128 σκεπάζεται
2582 1068 2609 1119 6
2641 1065 2926 1136 θεοφιλὴς,
2985 1068 3250 1137 μηδέποτε
3280 1070 3380 1139 τῆς
3414 1071 3620 1140 σκέπης
3651 1073 3785 1126 ἀνα-

2204 1154 2393 1223 χωρῶν
2426 1155 2520 1207 τοῦ
2552 1154 2707 1219 Θεοῦ,
2742 1155 2876 1208 ἀλλά
2906 1156 2971 1208 δι’
3001 1157 3195 1221 αἰῶνος
3232 1158 3379 1214 ἔνδον
3412 1164 3469 1217 ἐν
3488 1166 3624 1237 αὐτῇ
3651 1184 3785 1220 κατ-

2202 1245 2393 1298 οικῶν·
2423 1246 2517 1298 καί
2545 1246 2642 1317 ήδη
2690 1248 2787 1316 μὲν
2812 1246 3097 1301 ἀπολαύων
3141 1249 3240 1319 τῆς
3268 1252 3591 1324 Ἐκκλησίας
3617 1258 3781 1311 αὐτοῦ

2203 1336 2297 1389 καὶ
2341 1335 2442 1405 τῆς
2474 1337 2804 1407 εὐπρεπείας
2836 1337 2926 1391 τοῦ
2956 1340 3104 1392 οἴκου
3134 1341 3328 1407 αὐτοῦ,
3380 1344 3520 1398 ὥστε
3568 1348 3777 1417 λέγειν·
3828 1380 3833 1383 ι

2208 1446 2225 1477 ι
2252 1427 2443 1498 Κύριε,
2462 1428 2719 1499 ήγάπησα
2743 1429 3076 1500 εὐπρέπειαν
3094 1431 3243 1485 οῐκου
3275 1450 3369 1487 σου
3414 1456 3433 1487 ι
3466 1439 3558 1491 καὶ
3589 1440 3783 1495 «τόπον

2202 1520 2556 1590 σκηνώματος
2588 1522 2686 1592 τῆς
2711 1520 2869 1593 δόξης
2900 1539 3022 1575 σουο
3048 1541 3066 1573 ι
3102 1524 3225 1589 καὶ,
3263 1546 3280 1577 ι
3310 1529 3457 1582 Μίαν
3490 1530 3782 1605 ᾐτησάμην

2201 1612 2352 1684 παρά
2379 1613 2583 1684 Κυρίου
2605 1652 2619 1677 ,
2669 1613 2872 1685 ταύτην
2902 1614 3154 1685 ζητήσω,
3192 1616 3272 1671 ,τὸ
3322 1623 3596 1673 κατοικεῖν
3626 1640 3692 1691 με
3722 1626 3782 1675 ἐν

2198 1704 2331 1775 οτκῳ
2362 1704 2566 1776 Κυρίου
2601 1705 2781 1769 πάσας
2813 1707 2911 1770 τὰς
2942 1707 3154 1778 ἡμέρας
3184 1710 3283 1779 τῆς
3311 1708 3458 1781 ζωῆς
3495 1730 3596 1783 μου
3616 1730 3631 1743 ’
3682 1713 3781 1767 τοῦ

2205 1794 2429 1866 θεωρεῖν
2458 1814 2524 1866 με
2554 1797 2652 1865 τὴν
2672 1798 3009 1867 τερπνότητα
3029 1798 3123 1851 τοῦ
3145 1801 3351 1871 Κυρίου
3369 1842 3385 1864 ,
3426 1806 3519 1857 καὶ
3558 1807 3782 1860 ἐπισκέ-

519 1889 641 1957 ejus
668 1890 731 1944 ".
774 1910 792 1943 ι
820 1890 977 1957 Quod
1018 1894 1063 1947 si
1096 1893 1507 1947 tabernaculum
1559 1899 1644 1946 est
1673 1892 1916 1955 caeleste,
1951 1892 2090 1962 quod

2199 1887 2426 1941 πτεσθαι
2454 1887 2544 1940 τὸν
2576 1888 2701 1940 ναὸν
2727 1887 2911 1945 αὐτοῦ.
2938 1908 2957 1940 ι
2991 1890 3053 1942 Εἰ
3085 1891 3142 1943 δέ
3170 1892 3285 1944 ἐστι
3330 1894 3423 1946 καὶ
3456 1896 3780 1968 ἐπουράνιος

521 1978 638 2033 ﬁxtt
698 1978 981 2044 Dominus,
1032 1997 1141 2036 non
1206 1982 1391 2045 homo,
1424 1982 1492 2036 ad
1546 1980 1705 2050 cujus
1756 1982 2092 2051 ‘exemplum,

514 2068 709 2137 jussus
738 2070 951 2143 Moyses
986 2073 1133 2129 aliud
1164 2074 1466 2128 fabricatus
1519 2082 1627 2139 est,
1675 2074 1743 2129 ad
1776 2072 1910 2128 illud
1966 2088 2098 2129 sane

518 2162 938 2218 tabernaculum
998 2166 1311 2229 remittens,
1344 2166 1546 2221 dixerit
1579 2185 1592 2221 :
1627 2185 1647 2218 ι
1684 2166 2006 2222 lnhabitabo
2040 2167 2097 2219 in

517 2253 881 2311 tabernaculo
920 2267 1015 2311 tuo
1046 2258 1099 2311 in
1131 2258 1350 2313 saecula.
1390 2277 1408 2310 ι
1438 2256 1624 2313 Talem
1654 2259 1799 2314 enim
1822 2258 2096 2329 perfectus

519 2344 686 2401 homo
716 2350 1139 2418 promissionem
1192 2349 1422 2419 accepit,
1455 2350 1682 2405 minime
1725 2361 1977 2421 spectans
2032 2366 2095 2406 ea

521 2452 646 2507 quae
674 2439 779 2493 sub
819 2447 1176 2510 conspectum
1207 2441 1431 2505 cadunt,
1463 2440 1559 2496 sed
1605 2456 1727 2512 qua:
1774 2456 1886 2496 non
1908 2442 2097 2497 viden-

518 2534 629 2580 tur.
658 2526 794 2581 Nam
831 2544 952 2600 quae
982 2528 1260 2593 videntur,
1295 2537 1687 2599 temporanea;
1723 2545 1845 2602 quae
1869 2546 1980 2587 non
2014 2532 2097 2585 vi-

518 2619 739 2682 dentur,
758 2629 960 2675 aeterna
989 2629 1137 2676 sunt.

588 2709 758 2765 Vens.
791 2712 844 2765 6.
893 2728 912 2761 ‹
952 2710 1223 2777 Quoniam
1260 2721 1339 2777 tu,
1377 2711 1540 2777 Deus,
1582 2712 1857 2769 exaudisti
1889 2715 2091 2769 oratio-

517 2816 617 2857 nes
646 2818 821 2865 meas,
855 2802 1056 2857 dedisti
1092 2802 1466 2857 hereditatem
1524 2803 1844 2859 timentibus
1893 2819 2093 2859 nomen

515 2900 727 2949 tuum.»
753 2892 809 2949 Si
841 2895 1080 2965 vulgaris
1105 2895 1351 2965 quaedam
1376 2897 1549 2951 oratio
1571 2903 1715 2951 esset
1744 2910 1827 2961 ea,
1847 2912 1966 2967 qua:
1980 2897 2093 2967 jam

519 2999 551 3038 ι
582 2984 784 3041 Davide
806 2987 1006 3042 emissa
1034 2995 1137 3051 est,
1171 3003 1279 3042 non
1314 3003 1539 3043 necesse
1565 3002 1698 3043 sane
1744 2987 1941 3043 fuisset
1974 3004 2092 3043 eam

519 3076 576 3132 in
611 3078 751 3133 libro
784 3078 1129 3135 Psalmorum
1179 3081 1369 3150 reponi
1395 3099 1410 3135 :
1436 3081 1733 3135 verisimile
1783 3082 1984 3151 quippe
2011 3090 2096 3135 est

516 3182 642 3221 eum
681 3178 966 3223 sexcentas
1008 3169 1145 3224 alias
1183 3170 1459 3223 orationes
1500 3168 1567 3222 ad
1605 3170 1770 3224 Deum
1806 3169 2092 3236 ell‘udisse;

2200 1979 2401 2050 σκηνὴ,
2449 1981 2514 2050 ἢν
2558 1977 2756 2049 ἔπηξεν
2780 1981 2808 2032 6
2836 1979 3037 2051 Κύριος
3057 2022 3071 2043 ,
3105 1985 3200 2037 καὶ
3232 1985 3333 2037 οὐκ
3357 1986 3644 2058 ἄνθρωπος
3663 2028 3678 2051 ,
3710 1986 3782 2060 ἦς

2198 2071 2296 2140 τὴν
2322 2070 2507 2123 εἰκόνα
2534 2069 2775 2139 Μωῡσῆς
2804 2072 3166 2143 προσταχθεὶς
3200 2076 3404 2140 ἐποίει,
3453 2079 3533 2141 εἱς
3562 2080 3781 2150 ἐκείνην

2195 2161 2535 2230 ἀναπέμπων
2566 2159 2664 2231 τὴν
2697 2160 2900 2231 σκηνὴν
2924 2200 2939 2224 ,
2982 2162 3127 2215 εἴποι
3160 2163 3227 2217 ἂν
3253 2166 3344 2218 τό·
3405 2185 3425 2217 ι
3449 2166 3779 2241 Παροικήσω

2195 2254 2253 2306 ἐν
2280 2254 2356 2325 τῷ
2380 2252 2696 2325 σκηνώματί
2726 2271 2819 2307 σου
2843 2256 2923 2317 εἰς
2946 2256 3073 2318 τοὺς
3099 2255 3319 2320 αἰῶνας.
3348 2278 3367 2310 ι
3425 2260 3644 2331 Ταύτην
3668 2263 3778 2332 γὰρ

2197 2348 2389 2419 εἴληφε
2421 2348 2517 2419 τὴν
2546 2348 2874 2416 ἐπαγγελίαν
2902 2351 2931 2402 6
2961 2350 3193 2416 τέλειος,
3224 2352 3285 2403 οὐ
3318 2353 3535 2407 σκοπῶν
3562 2354 3631 2407 τὰ
3660 2352 3780 2423 βλε-

2196 2442 2427 2511 πόμενα,
2455 2439 2590 2493 ἀλλὰ
2615 2440 2685 2493 τὰ
2713 2442 2786 2512 μὴ
2829 2441 3165 2514 βλεπόμενον
3216 2443 3285 2497 τὰ
3316 2444 3425 2516 γὰρ
3468 2445 3778 2517 βλεπόμενα

2196 2531 2511 2603 πρόσκαιρα
2531 2572 2546 2597 ,
2576 2531 2645 2585 τά
2674 2532 2731 2585 δὲ
2766 2533 2840 2604 μὴ
2870 2533 3176 2605 βλεπόμενα
3206 2535 3417 2591 αἰώνια.

2267 2725 2285 2758 ι
2300 2707 2419 2760 Ὀτι
2442 2709 2528 2769 σὺ,
2545 2710 2573 2760 6
2592 2707 2743 2772 Θεὸς,
2765 2710 3086 2780 εἰσήκουσας
3110 2710 3218 2764 τῶν
3233 2711 3405 2782 εὐχῶν
3430 2731 3551 2783 μου,
3570 2714 3776 2777 ἔδωκας

2194 2796 2551 2868 κληρονομίαν
2582 2803 2694 2863 τοῖς
2723 2799 3074 2870 φοϐουμένοις
3102 2801 3163 2854 τὸ
3193 2802 3364 2873 ὄνομά
3390 2820 3502 2856 σου.
3531 2823 3550 2855 ι
3589 2806 3650 2858 Εἰ
3676 2806 3777 2876 μὲν

2192 2889 2319 2961 ψιλή
2344 2908 2427 2953 τις
2455 2886 2522 2961 ἦν
2546 2893 2821 2963 προσευχὴ
2854 2893 2957 2945 ὑπὸ
2988 2893 3080 2946 τοῦ
3112 2894 3275 2947 Δαυῒδ
3297 2896 3713 2965 ἀναπεμφθεῖσα
3739 2899 3773 2969 ἡ

2196 2979 2332 3050 μετά
2357 2982 2543 3051 χεῖρας
2565 3021 2579 3043 ,
2610 2980 2757 3033 οὐδὲν
2780 2977 2847 3052 ἦν
2873 2983 3167 3051 ἀναγκαῖον
3196 2985 3367 3057 αὐτὴν
3396 2986 3774 3057 ἀναληφθῆναι

2192 3073 2259 3141 τῇ
2296 3070 2460 3141 βίϐλῳ
2490 3071 2599 3125 τῶν
2632 3072 2894 3143 Ψαλμῶν·
2944 3076 3089 3139 εἰκὸς
3124 3076 3230 3147 7&9
3258 3077 3415 3129 αὐτὸν
3444 3078 3537 3132 καὶ⁵
3573 3080 3773 3149 μυρίας

2196 3161 2361 3225 ἄλλας
2387 3162 2551 3233 εὐχὰς
2585 3164 2717 3233 πρὸς
2750 3165 2840 3217 τὸν
2872 3165 3002 3217 Θεὸν
3050 3167 3406 3237 πεποιῆσθαιο
3457 3168 3646 3240 ὥσπερ
3679 3167 3772 3223 οὖν

515 3259 975 3329 quemadmodum
1004 3276 1107 3317 nos
1128 3277 1345 3330 quoque
1374 3260 1619 3331 quotidie
1640 3262 1917 3331 variisque
1951 3271 2087 3316 tem-

2192 3254 2283 3305 καὶ
2309 3256 2467 3324 ἡμεῖς
2517 3256 2600 3323 ἐφ’
2645 3256 2880 3326 ἑκάστης
2923 3258 3163 3329 ἡμέρας,
3214 3260 3307 3313 καὶ
3354 3262 3497 3315 κατά
3543 3265 3773 3333 καιροὺς

513 3350 743 3422 poribus
773 3366 1093 3419 precamur;
1126 3358 1181 3405 at
1223 3352 1351 3421 quia
1378 3353 1697 3422 plerumque
1728 3354 1858 3408 dum
1892 3369 2086 3422 preca-

513 3450 691 3506 retur,
736 3451 830 3497 aut
880 3444 1123 3513 psalmos
1150 3444 1740 3514 pulsarel,hymnosve
1793 3446 2083 3509 emitteret,

514 3533 836 3604 prophetica
879 3534 1081 3588 virtute
1135 3533 1481 3602 replebatur;
1512 3534 1705 3588 merito
1732 3534 1844 3602 jam
1878 3549 1988 3588 non
2031 3541 2088 3587 ut

512 3624 770 3693 Vulgares
799 3625 1101 3687 orationes,
1135 3624 1230 3679 sed
1260 3633 1318 3678 ut
1351 3640 1634 3680 sermones
1668 3627 1760 3679 alii
1784 3628 2087 3696 prophetici

514 3715 632 3771 haec
661 3716 1129 3786 obsignabantur;
1160 3732 1333 3786 eaque
1364 3718 1420 3771 in
1442 3717 1641 3772 divinis
1676 3717 1830 3773 libris
1858 3734 2088 3788 repone-

512 3807 669 3872 bant,
704 3808 799 3876 qui
826 3808 1181 3862 discretionis
1231 3809 1521 3877 spirituum
1578 3809 1805 3877 gratiam
1863 3824 2087 3879 accepe-

512 3906 659 3952 rant.
722 3899 815 3953 Sic
872 3913 1002 3969 ergo
1055 3906 1176 3968 post
1210 3898 1468 3968 praedicta
1513 3898 1699 3963 verba,
1764 3898 2086 3953 intermedio

513 3988 916 4059 diapsalmate,
977 3988 1248 4060 Propheta
1306 3989 1482 4045 sancti
1541 3988 1780 4059 Spiritus
1834 3990 2085 4061 illapsum

512 4081 975 4145 animadvertens,
1039 4082 1283 4151 adeoque
1340 4081 1664 4148 illustratus,
1714 4096 1839 4136 cum
1899 4089 2087 4137 nosset

510 4172 849 4244 praemissam
872 4174 940 4225 ab
974 4188 1034 4227 se
1053 4174 1355 4227 orationem
1390 4188 1420 4225 a
1460 4171 1571 4227 Deo
1595 4174 1908 4228 exauditam
1939 4189 2083 4240 esse,

382 4267 392 4279 ‘
506 4266 623 4336 jam
652 4266 1010 4319 mutationem
1045 4264 1314 4319 sermonis
1346 4264 1572 4320 inducit.
1597 4263 1959 4330 Quamobrem
1990 4280 2086 4319 su-

512 4356 699 4426 perius
723 4355 940 4425 quidem
970 4355 1051 4409 sic
1077 4355 1404 4423 precabatur
1446 4373 1459 4409 :
1496 4374 1515 4406 ι
1548 4355 1777 4418 Exaudi,
1812 4355 2085 4420 Deus,de-

510 4449 878 4519 precationem
909 4461 1122 4515 meam;
1162 4468 1180 4500 ι
1220 4448 1310 4502 hic
1341 4463 1469 4503 vero
1499 4457 1622 4518 post
1665 4448 1966 4517 diapsalma
1999 4446 2083 4500 di-

2191 3342 2377 3396 ἄλλοτε
2410 3343 2599 3407 ἀλλους
2630 3345 2899 3416 εὐχόμεθα
2929 3347 3216 3419 διαφόρους
3236 3367 3247 3378 ·
3273 3352 3394 3403 ἐπεὶ
3422 3351 3479 3404 δὲ
3510 3351 3773 3415 πολλάκις

2189 3433 2247 3485 ἐν
2269 3432 2417 3504 αὐτῷ
2440 3434 2517 3504 τῷ
2534 3436 2956 3506 προσεύχεσθαι,
3010 3438 3041 3508 ἢ
3066 3440 3187 3502 τοὺς
3207 3440 3453 3511 ψαλμοὺς
3474 3444 3771 3515 ἀνακρούε-

2194 3525 2336 3588 σθαι,
2368 3526 2399 3597 ἥ
2429 3528 2554 3588 τοὺς
2584 3526 2785 3597 ὕμνους
2816 3529 3182 3601 ἀναπέμπειν,
3224 3535 3567 3604 πῳφητικῆς
3599 3536 3771 3607 ἐπλη-

2197 3617 2351 3689 ροῦτο
2373 3618 2649 3689 δυνάμεως
2671 3636 2684 3649 ’
2709 3621 2930 3685 εἰκότως
2950 3623 3126 3675 οὐκέθ’
3148 3623 3223 3687 ὡς
3248 3624 3408 3693 ψιλὰς
3434 3629 3764 3697 προσευχὰς,

2189 3708 2378 3771 ἀλλ’ὡς
2406 3708 2594 3770 ἄλλους
2621 3711 2809 3778 λόγους
2838 3716 3204 3783 προφητικοὺς
3236 3717 3669 3786 ἐπεσημαίνοντο
3698 3720 3769 3773 τὰ

2187 3799 2483 3869 λεγόμενα,
2511 3802 2604 3854 καὶ
2633 3805 2752 3865 ταῖς
2778 3802 2946 3867 θείαις
2975 3803 3175 3872 βίϐλοις
3202 3806 3594 3874 ἐγκατέταττον
3626 3811 3675 3862 οἱ
3707 3811 3768 3863 τὸ

2189 3890 2433 3962 χάρισμα
2476 3892 2575 3961 τῆς
2604 3892 2921 3964 διακρίσεως
2960 3895 3066 3949 τῶν
3112 3898 3434 3966 πνευμάτων
3460 3900 3762 3969 εἰληφότες.

2189 3982 2373 4046 Οὕτως
2392 3978 2483 4036 οὖν
2506 3983 2599 4035 καὶ
2628 3984 2858 4038 ἐνταῦθα
2886 3986 3022 4056 μετὰ
3044 3987 3112 4040 τὰ
3133 3988 3517 4059 προλεχθὲντα,
3541 3991 3767 4061 διαψάλ-

2192 4090 2361 4143 ματος
2404 4073 2607 4146 μεταξὺ
2655 4077 3105 4147 παρεντεθέντος,
3176 4081 3475 4154 μεταϐολὴν
3528 4087 3764 4139 ποιεῖται

2188 4164 2282 4218 τοῦ
2303 4165 2459 4233 λόγου
2480 4168 2507 4219 6
2530 4168 2837 4239 Προφήτης,
2859 4169 3174 4240 αἰσθόμενος
3196 4172 3295 4242 τῆς
3314 4174 3407 4227 τοῦ
3429 4174 3584 4243 ἁγίου
3601 4176 3767 4229 Πνεύ-

2190 4275 2357 4329 ματος
2389 4260 2623 4327 ἀφίξεως
2646 4300 2661 4325 ,
2720 4262 3008 4329 φωτισθείς
3036 4280 3095 4315 τε
3126 4264 3216 4317 ὐπ’
3250 4264 3412 4318 αὐτοῦ
3443 4267 3534 4320 καὶ
3580 4270 3762 4337 γνοὺς,

2184 4349 2265 4401 ὄτι
2291 4349 2358 4401 τά
2381 4351 2477 4420 τῆς
2500 4350 2890 4422 προλεχθείσης
2916 4353 3064 4425 αὐτῷ
3090 4354 3323 4425 δεήσεως
3345 4358 3583 4427 ἐπηκόου
3607 4358 3765 4430 ἔτυχε

2184 4438 2278 4492 τοῦ
2307 4438 2462 4492 Θεοῦ.
2498 4440 2587 4492 Διὸ
2610 4440 2865 4511 ἀνωτέρω
2896 4441 2994 4511 μὲν
3028 4442 3317 4513 εὐχόμενος
3354 4445 3536 4514 ἔλεγε·
3581 4466 3599 4498 ι
3634 4447 3763 4499 Εἰσ-

510 4539 587 4592 cit
649 4556 663 4592 :
723 4557 742 4589 ‹
788 4536 1058 4604 Quoniam
1109 4548 1203 4604 tu,
1252 4539 1435 4604 Deus,
1482 4538 1751 4594 exaudisti
1806 4539 2082 4593 orationes

2192 4529 2433 4591 ἀκουσον,
2453 4530 2480 4580 6
2501 4528 2653 4592 Θεὸς,
2677 4528 2776 4599 τῆς
2804 4529 3040 4600 δεήσεώς
3075 4549 3195 4603 μου·
3225 4552 3242 4583 ι
3279 4534 3509 4588 ἐνταῦθα
3536 4535 3592 4589 δὲ
3625 4539 3765 4607 μετά

508 4646 661 4686 meas
679 4630 781 4683 ⁸⁸.»
802 4629 992 4685 Viden’
1031 4646 1141 4701 quo
1169 4639 1327 4701 pacto
1359 4646 1419 4686 se
1460 4630 1774 4685 exauditum
1805 4644 1927 4684 esse
1956 4643 2082 4683 sen-

2192 4621 2243 4675 τὸ
2264 4620 2537 4692 διάψαλμα
2562 4621 2780 4691 φάσκειο
2804 4641 2822 4673 ι
2837 4623 2955 4676 Ὅτι
2984 4600 3122 4687 66,6
3141 4625 3292 4691 Θεὸς,
3308 4600 3637 4697 εἰσήκουσας
3654 4630 3766 4682 τῶν

509 4724 713 4779 tiehat?
739 4722 803 4776 Et
836 4722 968 4776 illud
996 4729 1114 4777 erat
1142 4738 1239 4792 per
1292 4721 1489 4777 Isaiam
1548 4720 1869 4791 prophetam
1899 4718 2081 4787 dignis

508 4812 824 4869 hominibus
856 4812 1185 4881 promissum
1212 4825 1241 4864 a
1272 4810 1381 4866 Deo
1411 4829 1423 4865 :
1456 4828 1474 4861 ‹
1503 4808 1697 4863 Adhuc
1728 4816 1781 4862 te
1822 4808 2080 4876 loquente

507 4904 686 4958 dicam
722 4922 735 4957 :
763 4901 903 4958 Ecce
924 4902 1117 4957 adsum
1150 4901 1216 4954 δ’.
1244 4921 1263 4953 ι
1298 4899 1434 4954 Nam
1463 4900 1642 4954 adhuc
1670 4899 1924 4968 loquente
1946 4895 2079 4950 Pro-

507 4995 690 5065 pheta,
727 5002 917 5050 astans
960 4993 1198 5064 Spiritus
1239 4992 1511 5048 indicebat
1540 4992 1644 5062 ipsi
1674 4990 1985 5046 exauditum
2019 5004 2077 5044 se

506 5099 651 5141 esse.
688 5084 869 5150 Quare
917 5084 995 5139 ait
1026 5103 1039 5139 τ
1073 5103 1091 5135 ι
1140 5083 1408 5150 Quoniam
1463 5110 1543 5148 ιι.,
1593 5097 1758 5147 υευε,
1806 5080 2077 5136 exaudisti

506 5180 785 5235 orationes
841 5192 1012 5233 meas.
1057 5195 1075 5228 ι
1133 5175 1446 5246 Eademque
1492 5175 1791 5231 secundum
1840 5174 2078 5242 reliquos

506 5270 840 5341 interpretes
882 5269 1152 5324 sententia
1206 5268 1518 5323 declaratur
1554 5284 1568 5320 :
1604 5280 1731 5319 nam
1778 5264 2078 5319 secundum

505 5359 760 5427 Aquilam
799 5357 1003 5412 dicitur
1065 5374 1081 5412 :
1140 5375 1161 5408 ι
1208 5354 1477 5422 Quoniam
1527 5360 1609 5417 tu,
1669 5351 1837 5416 Deus,
1876 5350 2079 5404 audisti

504 5451 785 5504 orationes
834 5463 1016 5514 meas;
1056 5468 1075 5499 ι
1110 5448 1413 5503 secundum
1452 5461 1584 5502 vero
1633 5443 2022 5516 Symmachum
2059 5462 2071 5497 :

508 5552 528 5585 ε
566 5534 648 5588 Tu
677 5536 844 5596 enim,
876 5534 1041 5599 Deus,
1067 5536 1337 5591 exaudisti
1370 5551 1560 5604 preces
1582 5548 1754 5589 meas.
1795 5551 1816 5585 ›
1866 5531 2070 5600 Adjicit

503 5626 743 5680 deinde:
783 5645 810 5684 σ.
840 5624 1043 5680 Dedisti
1092 5626 1459 5682 hereditatem
1499 5625 1819 5681 timentibus
1866 5638 2066 5678 nomen

578 5802 623 5834 δ’
661 5801 807 5860 Psal.
844 5820 969 5870 xxv,
1001 5805 1055 5861 8.
1132 5806 1178 5837 “
1215 5804 1361 5860 Psal.
1398 5820 1554 5870 xxvr,
1588 5805 1643 5861 ι.

2186 4713 2360 4783 εὐχῶν
2398 4730 2516 4782 μου.
2544 4732 2564 4765 ι
2647 4714 2810 4784 Ὁρᾷς
2840 4714 2987 4777 ὅπως
3019 4714 3313 4786 συνῄσθετο
3347 4718 3722 4782 εἰσακουσθείς
3748 4738 3763 4782 ;

2185 4804 2279 4856 καὶ
2305 4802 2448 4855 τοῦτ’
2473 4798 2542 4874 ἦν
2569 4802 2629 4855 τὸ
2650 4801 2737 4855 διά
2766 4802 2860 4855 τοῦ
2890 4805 3168 4875 προφήτου
3207 4805 3428 4859 Ἡσαΐου
3456 4810 3567 4870 τοῖς
3590 4808 3764 4874 ἀξίοις

2185 4894 2589 4966 ἐπηγγελμένον
2621 4893 2726 4947 ὑπὸ
2749 4893 2841 4947 τοῦ
2870 4894 3117 4962 λέγοντος
3140 4895 3273 4949 Θεοῦ
3293 4914 3307 4927 ο
3350 4916 3368 4949 ι
3395 4899 3516 4951 Ἔτι
3541 4898 3765 4952 λαλοῦν-

2172 4986 2263 5048 τός
2295 5002 2387 5038 σου
2434 4985 2560 5057 ἐρῶ·
2607 4985 2737 5039 Ἰδοὺ
2764 4986 3014 5057 πάρειμι·
3048 5006 3067 5038 ι
3121 4987 3201 5040 ἐτι
3230 4989 3339 5061 γὰρ
3386 4989 3761 5061 φθεγγομένου

2172 5075 2265 5129 τοῦ
2314 5077 2598 5147 Προφήτου
2622 5119 2637 5144 ,
2678 5078 2738 5131 τὸ
2768 5078 2991 5149 Πνεῦμα
3023 5080 3247 5133 ἐπιστὰν
3275 5078 3337 5133 τὸ
3376 5081 3531 5149 ἆγιον
3569 5082 3761 5151 ἐδήλου

2173 5167 2342 5239 αὐτῷ,
2370 5168 2445 5231 ὡς
2466 5169 2571 5241 ἄρα
2598 5167 2973 5232 εἰσακουσθεὶς
2999 5170 3103 5239 εἴη.
3130 5169 3221 5223 Διό
3252 5187 3417 5241 φησιν
3437 5189 3451 5201 ο
3483 5172 3637 5224 σ”ὓτι
3668 5173 3758 5238 σύ,

2174 5261 2203 5313 6
2227 5260 2378 5323 Θεὸς,
2405 5261 2735 5331 εἰσήκουσας
2760 5259 2868 5312 τῶν
2894 5260 3068 5331 εὐχῶν
3099 5279 3224 5332 μου.
3249 5280 3268 5313 ι
3319 5262 3432 5317 Καὶ
3461 5262 3606 5317 κατὰ
3631 5265 3759 5327 τοὺς

2181 5350 2397 5412 λοιποὺς
2424 5350 2481 5402 δὲ
2524 5348 2864 5420 ἐρμηνευτάς
2887 5352 2919 5419 ή
2957 5349 3097 5422 αὑτὴ
3151 5350 3481 5422 παρίσταται
3508 5351 3718 5405 διάνοια
3741 5369 3755 5380 '

2180 5440 2301 5493 ἐπεὶ
2330 5440 2469 5493 κατά
2514 5439 2605 5493 τὸν
2665 5440 2893 5494 Ἀκύλαν
2924 5440 3171 5512 εἴρηται·
3210 5462 3229 5493 ι
3260 5444 3379 5495 Ὀτι
3415 5445 3481 5497 σὺ
3502 5484 3517 5508 ,
3557 5436 3603 5495 ὧ
3632 5443 3755 5507 Θιέ,

2175 5531 2410 5601 ήκουσας
2433 5531 2539 5584 τῶν
2558 5530 2732 5601 εὐχῶν
2758 5550 2858 5602 μου
2874 5548 2886 5562 ·
2916 5552 2935 5585 ι
2959 5532 3172 5587 κατάδὲ
3188 5534 3279 5587 τὸν
3296 5533 3611 5605 Σύμμαχον·
3639 5552 3657 5585 ι
3683 5534 3755 5586 Σὺ

2172 5622 2302 5694 7&9,
2328 5626 2357 5676 6
2386 5622 2537 5686 Θεὸς,
2568 5625 2895 5694 εἰσήκουσας
2922 5624 3030 5679 τῶν
3059 5626 3376 5696 προσευχῶν
3425 5643 3549 5696 μου.
3578 5645 3596 5678 ι
3643 5620 3761 5679 Εἶτ’

1720 5806 1766 5837 ’δ
1805 5804 1953 5863 Psal.
1989 5822 2086 5870 ιι,
2119 5801 2173 5858 6.
2250 5802 2293 5833 "
2336 5800 2438 5857 lsa.
2476 5817 2633 5869 Lvm,
2662 5802 2722 5857 ‘9.
