4146 6390
369 390 471 445 581

1520 384 2031 443 COMMENTARIA
2069 383 2137 440 IN
2175 383 2515 441 PSALMOS.

3535 388 3642 444 582

372 500 644 570 έπ.λέγει·
707 520 725 553 ι
755 500 1002 564 Ἕδωκας
1044 499 1407 572 κληρονομίαν
1452 502 1565 564 τοῖς
1606 499 1959 571 φοϐουμένοις

2064 506 2239 553 tuum.
2276 517 2296 550 ι
2339 498 2423 554 Me
2453 499 2654 569 quippe
2691 498 2805 568 jam
2826 498 3098 557 exaudisti
3137 517 3149 553 :
3184 513 3248 554 ac
3279 498 3420 555 bene
3450 503 3576 555 novi
3611 519 3643 558 a

376 597 429 651 τὸ
483 596 657 666 ὄνομα
680 612 791 648 σου.
820 614 837 645 ι
905 593 1069 664 Ἐμοῦ
1108 594 1205 665 μὲν
1238 593 1347 666 γὰρ
1406 594 1543 656 τέως
1590 594 1949 663 είσήκουσας’

371 688 542 758 ἔγνων
570 688 625 741 δὲ
657 686 758 739 ὑπὸ
789 686 883 739 τοῦ
911 686 1004 739 σοῦ
1032 685 1348 756 [Ινεύματος
1381 684 1668 755 φωτισθεὶς
1692 725 1706 748 ,
1740 686 1823 738 ὅτι
1856 684 1955 736 οὐκ

371 784 492 853 ἐμοὶ
513 782 678 852 μόνῳ,
697 780 832 834 ἀλλὰ
853 780 944 834 καὶ
960 781 1091 833 πᾶσι
1108 782 1219 843 τοῖς
1236 779 1399 848 φοόου
1408 779 1586 849 μένοις
1601 779 1660 831 τὸ
1676 778 1845 848 ὄνομά
1862 796 1953 830 σου

369 876 581 946 καρπὸν
596 874 742 940 ἄξιον
757 873 850 926 τοῦ
874 872 966 925 σοῦ
985 873 1148 941 φόϐου
1164 871 1377 935 δώσεις,
1396 871 1493 942 τὴν
1510 870 1609 942 κλη
1620 870 1872 941 ρονομίαν
1889 872 1955 939 ἣν

370 966 681 1039 ὲπηγγείλω
701 966 902 1027 αὐτοῖς.
939 964 1228 1036 Ἀορίστως
1246 963 1302 1016 δὲ
1318 961 1507 1027 εἰπὼν,
1532 982 1550 1013 ι
1571 965 1683 1025 τοῖς
1698 961 1860 1030 φοὸου
1870 961 1958 1032 μέ-

369 1077 481 1123 νοις
508 1059 571 1112 τὸ
589 1058 759 1128 ὄνομά
779 1075 872 1110 σου
892 1097 906 1121 ,
946 1078 965 1109 ›
989 1057 1209 1127 ἦπλωσε
1231 1057 1329 1129 τὴν
1351 1057 1508 1126 χάριν
1532 1056 1624 1108 ἐπὶ
1648 1055 1857 1117 πάντας
1871 1056 1958 1108 ἁν-

373 1148 644 1221 θρώπους.
668 1150 743 1202 Οὐ
766 1149 872 1219 γὰρ
896 1147 973 1219 τῷ
1001 1149 1217 1219 Ἰσραὴλ
1237 1148 1572 1218 ἐπήγγελται
1587 1147 1685 1218 τὴν
1708 1147 1809 1217 κλη
1820 1164 1958 1217 ρονο-

376 1241 505 1310 μίαν
521 1279 536 1303 ,
550 1238 669 1291 οὐδὲ
687 1238 764 1309 τῷ
793 1239 1057 1292 Ἰουδαίων
1075 1239 1215 1292 ἔθνει
1234 1239 1391 1309 μόνον
1408 1277 1422 1302 ,
1442 1238 1577 1291 ἀλλὰ
1596 1239 1688 1292 καὶ
1703 1240 1957 1302 πᾶσιτοῖς

374 1332 726 1402 φοϐουμένοις
755 1330 816 1384 τὸ
846 1332 1014 1401 ὄνομα
1045 1331 1227 1385 αὐτοῦ.
1282 1350 1300 1381 ι
1323 1330 1561 1401 Ἰουδαίῳ
1589 1349 1650 1384 τε
1674 1330 1906 1401 πρῶτον,
1932 1349 1950 1380 ι

373 1426 538 1496 φησὶν
554 1427 581 1479 6
610 1424 929 1488 Ἀπόστολος
950 1464 964 1487 ,
992 1443 1011 1476 ι
1037 1425 1129 1478 καὶ
1160 1424 1397 1494 Ἕλληνι.
1423 1442 1442 1475 ι
1468 1423 1734 1487 Πολλάκις
1755 1422 1810 1475 δὲ
1826 1425 1957 1493 ἡμῖν

372 1520 769 1581 ἀποδέδεικται,
799 1518 874 1581 ὡς
904 1518 1113 1581 πάντας
1128 1519 1255 1581 τοὺς
1275 1517 1331 1583 ἐξ
1352 1515 1520 1570 ἐθνῶν
1540 1515 1618 1586 τῷ
1643 1515 1762 1585 Θεῷ
1784 1533 1955 1586 προσ-

379 1614 576 1675 ιόντας,
597 1611 965 1679 φοϐουμένους
1001 1610 1092 1663 τὸν
1120 1609 1324 1681 Κύριον
1357 1608 1543 1663 καλεῖν
1570 1607 1757 1661 εἴωθεν
1792 1608 1820 1659 ὁ
1853 1607 1957 1660 Λό-

375 1725 491 1776 γος.
520 1706 744 1769 Τούτοις
765 1702 858 1760 οὖν
889 1706 1091 1769 αὐτοῖς,
1117 1706 1302 1775 φησιν,
1326 1704 1532 1767 ἔδωκας
1557 1704 1919 1775 κληρονομίαν
1939 1720 1951 1732 ·

376 1799 471 1853 καὶ
491 1797 649 1851 ποίαν
671 1798 770 1850 οὐκ
788 1795 959 1857 εἶπεν,
983 1799 1115 1867 ἡμῖν
1144 1798 1200 1850 δὲ
1221 1796 1606 1849 καταλέλοιπεν
1636 1796 1840 1865 ζητεῖν.
1867 1794 1957 1864 Τῷ
1990 1844 2031 1902 Β

423 1884 1103 1902 .τ.......
1367 1885 1929 1902 ηιμ...

380 1889 480 1960 μὲν
511 1884 604 1942 οὖν
656 1887 873 1959 Ἰσραὴλ
916 1887 1013 1958 τὴν
1047 1888 1275 1959 ῥέουσαν
1314 1886 1437 1957 μέλι
1479 1886 1574 1940 καὶ
1605 1885 1744 1954 γάλα
1786 1886 1958 1955 ἐπήγ-

376 1982 564 2051 γελται
602 1980 690 2035 διὰ
749 1979 1046 2043 Μωῦσέως·
1082 1980 1193 2042 τοῖς
1241 1977 1299 2031 δὲ
1357 1977 1711 2048 φοϐουμένοις
1766 1977 1957 2031 ὁποίαν

378 2053 548 2126 εδῶκε
577 2070 963 2143 κληρονομίαν,
988 2070 1137 2123 εἴασε
1175 2069 1477 2141 ζητεῖσθαι.
1508 2070 1777 2140 Εὐρήσεις
1809 2068 1867 2121 δὲ
1900 2071 1959 2122 ἐν

377 2167 489 2229 τοῖς
512 2164 609 2219 τοῦ
640 2165 892 2235 Σωτῆρος
919 2164 1076 2235 ήμῶν
1108 2164 1480 2234 μακαρισμοίς
1510 2160 1739 2233 ταύτην,
1776 2162 1835 2214 ὲν
1877 2159 1959 2225 οἷς

376 2256 626 2327 εἴρηταιο
682 2274 701 2305 ι
741 2253 1016 2325 Μακάριοι
1050 2253 1100 2305 οἱ
1156 2254 1360 2323 πτωχοὶ
1399 2251 1477 2322 τῷ
1528 2251 1831 2322 πνεύματι,
1876 2252 1958 2304 ὅτι

375 2349 555 2402 αὐτῶν
586 2350 735 2401 ἐστιν
765 2350 797 2416 ή
846 2346 1093 2416 βασιλεία
1135 2345 1243 2399 τῶν
1281 2344 1558 2416 οὐρανῶν⁸
1598 2364 1616 2399 ι
1660 2344 1755 2398 καὶ
1796 2343 1959 2399 πάλιν

374 2438 521 2509 ἔχεις
565 2437 660 2492 τοῦ
701 2438 954 2507 Σωτῆρος
991 2436 1147 2508 ήμῶν
1193 2436 1548 2505 ἐπαγγελίαν,
1572 2437 1641 2490 δι’
1670 2431 1737 2507 ἦς
1781 2453 1917 2507 φησι
1940 2452 1954 2465 ·

382 2549 402 2582 ι
438 2530 549 2585 Καὶ
578 2531 636 2583 έν
664 2528 742 2599 τῷ
773 2528 928 2581 αίῶνι
953 2527 1127 2597 τούτῳ
1153 2528 1555 2583 πολυπλασίονα
1578 2528 1830 2600 λήψεται,
1863 2526 1958 2580 καὶ

374 2625 435 2679 έν
478 2622 557 2696 τῷ
584 2622 828 2695 μέλλοντι
871 2621 1017 2694 ζωὴν
1062 2620 1280 2675 αἰώνιον
1312 2622 1730 2693 κληρονομήσει.
1786 2640 1804 2672 ι
1849 2618 1958 2673 Καὶ

374 2716 579 2787 ταύτης
628 2717 791 2770 ἓνεκα
836 2715 936 2785 τῆς
965 2714 1325 2787 κληρονομίας
1371 2717 1400 2768 6
1443 2714 1691 2784 πέμπτος
1746 2712 1958 2782 ψαλμὸς

375 2808 780 2880 δπεγέγραπτο,
816 2825 835 2858 t
874 2808 967 2869 Είς
990 2806 1244 2870 τὸτέλος,
1277 2807 1416 2877 ὑπὲρ
1451 2807 1551 2876 τῆς
1589 2805 1963 2877 κληρονομού-

378 2917 478 2971 σης
501 2917 515 2931 ’
556 2919 576 2952 ι
612 2902 705 2953 καὶ
736 2900 794 2953 ὲν
827 2898 904 2970 τῷ
947 2905 1007 2952 ιε’
1036 2899 1091 2951 δὲ
1132 2897 1332 2969 ψαλμῷ
1374 2900 1407 2969 ή
1440 2899 1579 2969 αὐτὴ
1625 2897 1961 2969 κληρονομία

376 2991 631 3064 ἐδηλοῦτο
658 2992 799 3046 κατὰ
828 2992 889 3045 τὸ
914 3032 928 3055 ,
967 3010 987 3044 ι
1024 2990 1229 3062 Κύριος
1261 2993 1294 3062 ή
1353 2991 1510 3062 μερὶς
1556 2990 1655 3061 τῆς
1701 2991 1961 3062 κληρονο-

380 3086 508 3156 μίας
540 3104 640 3158 μου
675 3086 769 3140 καὶ
795 3085 890 3139 τοῦ
917 3085 1177 3157 ποτηρίου
1207 3102 1326 3156 μου,
1357 3084 1421 3137 σὺ
1454 3080 1506 3136 εἴ
1528 3084 1555 3136 6
1578 3082 1963 3137 άποκαθιστῶν

374 3180 475 3252 τὴν
516 3181 882 3252 κληρονομίαν
919 3198 1018 3251 μου
1063 3180 1205 3251 ὲμοί.
1248 3178 1357 3233 Καὶ
1405 3178 1515 3250 γὰρ
1546 3181 1580 3248 ἡ
1628 3178 1963 3250 κληρονομία

381 3290 483 3344 μου
508 3274 777 3344 κρατίστη
813 3273 903 3343 μοί
933 3274 1101 3327 ἐστιν.
1152 3292 1170 3323 ι

452 3384 472 3418 ι
523 3364 764 3436 Ἡμέρας
793 3364 877 3434 ἐφ’
907 3364 1120 3436 ἡμέρας
1155 3363 1418 3434 βασιλέως
1470 3362 1836 3435 προσθήσεις⁹
1890 3361 1961 3416 τὰ

378 3455 472 3528 έτη
505 3455 674 3510 αὐτοῦ
713 3455 817 3518 ἓως
844 3454 1056 3527 ἡμέρας
1084 3454 1275 3522 γενεᾶς
1304 3453 1397 3505 καὶ
1426 3454 1620 3521 γενεᾶς
1649 3451 1817 3505 αὐτοῦ
1845 3451 1962 3504 δια-

382 3552 533 3619 μενεῖ
564 3550 646 3611 είς
686 3547 779 3601 τὸν
808 3547 977 3600 αἰῶνα
1024 3545 1253 3600 ἐνώπιον
1285 3544 1377 3598 τοῦ
1423 3544 1580 3598 Θεοῦ.
1631 3545 1818 3607 Ἔλεος
1868 3545 1961 3597 καὶ

378 3641 637 3711 ἀλήθειαν
676 3641 761 3704 τίς
809 3639 1103 3711 ὲκζητήσει
1130 3638 1331 3704 aii-:06;
1378 3657 1396 3689 ι
1437 3636 1742 3709 Προειπὼν,
1775 3656 1793 3687 ι
1838 3638 1960 3690 Ὅτι

382 3736 470 3799 σὺ,
497 3734 526 3787 6
554 3732 706 3800 Θεὸς,
731 3733 1053 3805 εἰσήκουσας
1086 3730 1193 3783 τῶν
1218 3729 1391 3801 εὐχῶν
1425 3747 1526 3800 μου
1549 3770 1563 3794 ,
1597 3749 1614 3780 ι
1651 3728 1771 3782 καθ’
1798 3729 1965 3800 ὑπερ-

380 3826 542 3880 ϐατὸν
597 3825 799 3895 συνῆψε
831 3824 924 3888 τὸ,
974 3844 991 3874 ι
1033 3823 1274 3895 Ἡμέρας
1308 3825 1392 3892 ἐφ’
1432 3821 1650 3892 ἡμέρας
1695 3820 1961 3891 βασιλέως

380 3918 730 3990 προσθήσεις.
758 3937 776 3969 ι
802 3918 1133 3971 Είσάκουσον
1156 3917 1285 3986 γάρ,
1322 3916 1476 3986 φησι,
1510 3914 1619 3966 τῶν
1641 3913 1815 3983 εὐχῶν
1839 3930 1960 3982 μου,

380 4010 596 4082 ἡμέρας
637 4011 724 4080 ἐφ’
764 4009 980 4081 ἡμέρας
1025 4026 1113 4079 μοι
1159 4007 1526 4078 προσέθηκας.
1565 4006 1663 4059 Διὰ
1707 4005 1872 4076 μέσου
1907 4004 1964 4056 δὲ

382 4104 646 4176 ἐνεϐλήθη
676 4106 710 4175 ή
733 4102 989 4176 περὶτῶν
1032 4100 1381 4172 φοϐουμένων
1415 4100 1477 4152 τὸ
1516 4099 1686 4171 ὄνομα
1717 4098 1812 4151 τοῦ
1853 4099 1965 4150 Κυ-

384 4196 503 4268 ρίου
534 4198 723 4267 μνήμη
744 4212 757 4225 °
794 4195 980 4265 ἐπειδὴ
1007 4194 1102 4246 καὶ
1135 4194 1317 4255 αὐτοῖς
1343 4191 1678 4263 ἐπήγγελται
1707 4190 1805 4258 τὴν
1832 4189 1964 4260 κλη-

384 4286 642 4360 ρονομίαν
663 4288 697 4358 ή
721 4286 1045 4359 προφητεία.
1066 4281 1176 4338 Ἦν
1198 4285 1303 4355 δὲή
1326 4285 1663 4357 κληρονομία
1690 4285 1722 4354 ἡ
1748 4282 1965 4344 αἰώνιος

384 4381 528 4453 ζωὴ,
564 4382 632 4452 ἢν
671 4382 699 4433 ὁ
729 4381 887 4449 λόγος
922 4379 1177 4449 σημαίνει
1224 4378 1483 4447 φάσκων*
1528 4395 1547 4428 ι
1594 4375 1837 4447 Ἡμέρας
1879 4372 1965 4443 ἐφ’

382 4473 599 4544 ἡμέρας
631 4470 890 4541 βασιλέως
913 4470 1259 4541 προσθήσεις.
1299 4488 1317 4520 ι
1347 4469 1574 4537 Μεγάλα
1602 4468 1779 4520 τοίνυν
1806 4466 1962 4530 εὐξα-

2060 588 2266 660 Spiritu
2300 600 2393 646 tuo
2451 592 2783 656 illustratus,
2819 609 2931 647 non
2982 592 3113 645 mihi
3166 592 3290 655 soli,
3325 592 3419 647 sed
3477 594 3642 648 etiam

2058 682 2316 737 omnibus
2342 682 2663 739 timentibus
2690 699 2891 739 nomen
2924 691 3105 747 tuum,
3136 690 3191 737 te
3222 682 3446 752 dignum
3477 684 3643 738 timo-

2056 789 2118 827 re
2167 782 2260 827 tuo
2312 773 2549 829 fructum
2586 775 2841 830 daturum
2874 792 3020 838 esse,
3058 776 3273 831 scilicet
3319 791 3439 830 eam
3475 791 3641 846 quam

2056 863 2332 931 pollicitus
2377 864 2512 933 ipsis
2534 880 2615 927 es,
2654 865 3046 919 hatreditatem.
3081 864 3218 919 Cum
3256 872 3436 919 autem
3464 864 3642 919 indis-

2058 955 2391 1008 criminatim
2438 955 2679 1022 dixerit,
2727 975 2746 1007 ι
2785 957 3109 1011 timentibus
3145 972 3345 1010 nomen
3399 966 3574 1020 tuum,
3615 974 3635 1007 ι

2058 1049 2113 1103 in
2140 1064 2330 1103 omnes
2361 1049 2612 1104 homines
2663 1050 2895 1119 gratiam
2943 1048 3208 1104 extendit.
3255 1047 3441 1118 Neque
3493 1049 3639 1103 enim

2058 1143 2272 1209 lsraeli,
2327 1158 2506 1212 neque
2551 1140 2782 1196 Judaico
2835 1142 3035 1212 populo
3085 1148 3300 1194 tantum
3354 1139 3644 1197 haeredita—

2057 1242 2167 1289 tem
2220 1235 2497 1304 pollicitus
2536 1242 2652 1299 est,
2688 1234 2782 1289 sed
2812 1234 2977 1288 etiam
3030 1232 3289 1287 omnibus
3318 1230 3643 1285 timentibus

2057 1342 2258 1380 nomen
2290 1342 2473 1381 suum.
2514 1346 2533 1378 ι
2572 1325 2760 1381 Judaeo
2788 1326 3045 1396 primum,
3078 1343 3096 1377 ι
3122 1325 3301 1395 inquit
3322 1323 3639 1393 Apostolus,

2065 1438 2083 1469 ι
2123 1426 2171 1473 et
2220 1417 2409 1473 Graeco
2432 1418 2500 1471 ⁸⁸.
2538 1438 2555 1469 ι
2590 1417 2707 1472 Jam
2762 1418 3086 1487 plerumque
3125 1417 3561 1471 demonstratum
3608 1428 3641 1467 a

2059 1511 2220 1565 nobis
2267 1520 2368 1576 est,
2409 1506 2751 1579 Scripturam
2786 1524 2995 1579 _omnes
3028 1508 3124 1578 qui
3181 1524 3247 1563 ex
3278 1507 3533 1577 gentibus
3573 1506 3640 1560 ad

2061 1600 2230 1655 Deum
2267 1601 2557 1667 accedunt,
2581 1576 2838 1655 timentés
2872 1599 3166 1653 Dominum
3197 1614 3393 1652 vocare
3442 1598 3639 1652 solere.

2060 1684 2156 1740 His
2186 1687 2371 1756 itaque
2405 1687 2562 1756 ipsis,
2597 1687 2693 1749 ait,
2725 1684 2924 1740 dedisti
2944 1683 3319 1739 haereditatem
3342 1701 3354 1737 :
3380 1683 3594 1754 qualem
3624 1722 3639 1744 ,

2059 1791 2170 1829 non
2232 1776 2510 1846 explicat,
2571 1776 2667 1831 sed
2734 1774 3121 1845 inquirendum
3172 1774 3335 1829 nobis
3398 1775 3640 1843 reliquit.

2063 1866 2248 1922 lsraeli
2276 1867 2463 1937 itaque
2497 1875 2703 1923 terram
2732 1867 3002 1922 'ﬂuentem
3038 1866 3146 1921 mel
3182 1874 3236 1921 et
3264 1867 3349 1920 lac
3373 1882 3470 1937 per
3494 1866 3643 1939 Moy-

2062 1974 2158 2014 sen
2204 1957 2487 2028 promisit;
2519 1958 2841 2014 timentibus
2870 1967 3053 2013 autem
3080 1973 3244 2028 quam
3280 1957 3373 2013 det
3408 1959 3644 2015 haeredi-

2061 2058 2248 2116 tatem,
2283 2049 2639 2121 quaerendum
2669 2051 2914 2122 reliquit.
2937 2053 3071 2107 Eam
3101 2066 3231 2107 vero
3253 2051 3309 2106 in
3340 2050 3644 2108 Salvatoris

2061 2144 2236 2200 nostri
2254 2143 2688 2199 beatitudinibus
2705 2143 3100 2214 deprehendas,
3114 2144 3207 2199 ubi
3222 2144 3425 2199 dicitur
3445 2163 3456 2196 :
3477 2163 3495 2195 ‹
3515 2143 3647 2199 Bea-

2063 2237 2099 2291 ti
2138 2252 2408 2307 pauperes
2437 2236 2656 2306 spiritu,
2681 2236 2943 2308 quoniam
2973 2237 3219 2307 ipsorum
3273 2243 3359 2292 est
3413 2251 3642 2307 regnum

2060 2330 2328 2384 caelorum
2352 2329 2395 2360 ⁸⁷
2422 2346 2436 2395 ;
2464 2348 2483 2380 ι
2520 2343 2583 2383 ac
2617 2344 2839 2383 rursum
2876 2326 3178 2383 Salvatoris
3203 2327 3379 2382 nostri
3404 2328 3645 2397 promis-

2061 2437 2181 2477 sum
2204 2420 2395 2484 habes,
2432 2435 2542 2490 quo
2567 2421 2643 2474 ait
2677 2440 2689 2475 :
2726 2440 2744 2470 ι
2785 2417 2852 2474 Ει
2874 2420 2931 2474 in
2955 2420 3059 2475 hoc
3087 2420 3288 2476 saculo
3318 2421 3490 2474 multo
3521 2420 3644 2488 plu-

2060 2528 2122 2567 ra
2144 2512 2393 2582 recipiet,
2421 2518 2475 2566 et
2528 2511 2582 2565 in
2633 2510 2819 2565 futuro
2868 2513 3036 2564 vitam
3078 2518 3336 2564 aeternam
3392 2509 3644 2578 posside-

2060 2602 2140 2657 bit
2168 2602 2235 2655 ⁸⁸.
2277 2620 2297 2652 ι
2332 2599 2510 2671 Hujus
2537 2600 2873 2656 hzereditatis
2946 2614 3115 2653 causa
3148 2599 3376 2669 quintus
3396 2598 3643 2669 psalmus

2062 2693 2364 2762 inscriptus
2398 2699 2483 2748 est
2513 2712 2526 2746 :
2569 2710 2588 2742 ι
2638 2691 2695 2746 In
2731 2691 2914 2755 ﬁnem,
2946 2706 3046 2761 pro
3093 2706 3156 2745 ea
3200 2705 3322 2761 quae
3355 2689 3646 2744 hzeredita-

2061 2791 2171 2839 tem
2204 2784 2444 2852 accipit;
2482 2802 2500 2833 ι
2528 2790 2584 2837 et
2614 2782 2671 2836 in
2720 2780 2934 2835 decimo
2978 2781 3172 2850 quinto
3209 2780 3424 2849 psalmo
3454 2780 3647 2835 eadem

2063 2878 2182 2949 ipsa
2218 2856 2509 2932 haereditas
2558 2874 2872 2929 declaratur
2929 2874 3033 2927 hoc
3085 2873 3277 2927 dicto:
3324 2890 3345 2923 ι
3385 2871 3648 2927 Dominus

2063 2986 2193 3042 pars
2221 2968 2558 3024 baereditatis
2598 2982 2731 3023 meae
2772 2975 2826 3022 et
2859 2967 3047 3022 calicis
3068 2966 3173 3021 mei
3208 2984 3221 3020 :
3255 2975 3312 3019 tu
3341 2980 3401 3020 es
3429 2963 3524 3035 qui
3556 2979 3646 3017 re-

2065 3066 2262 3121 stitues
2297 3062 2667 3117 hatreditatem
2709 3075 2887 3115 meam
2922 3059 3077 3113 mihi.
3104 3058 3319 3115 Etenim
3351 3058 3647 3115 haereditas

2065 3174 2187 3214 mea
2212 3157 2481 3229 praeclara
2505 3162 2591 3210 est
2623 3152 2759 3207 mihi
2789 3151 2856 3205 δ’.
2903 3170 2922 3203 ›

2133 3350 2301 3406 Vsus.
2331 3348 2383 3413 7,
2409 3347 2464 3403 8.
2491 3364 2510 3397 ι
2546 3344 2672 3400 Dies
2713 3358 2877 3413 super
2900 3340 3019 3396 dies
3048 3340 3193 3410 regis
3222 3337 3472 3408 adjicies,
3518 3338 3648 3393 anni

2064 3444 2184 3515 ejus
2220 3456 2393 3512 usque
2448 3441 2504 3494 in
2553 3438 2697 3491 diem
2750 3433 3120 3506 generationis
3158 3439 3212 3486 et
3276 3430 3649 3500 generationis

2064 3537 2184 3605 ejus
2223 3530 2624 3603 permanebunt
2663 3528 2717 3581 in
2774 3534 3039 3581 aeternum
3076 3526 3132 3578 in
3183 3530 3487 3593 conspectu
3527 3519 3645 3573 Dei.

2066 3624 2499 3683 Misericordiam
2534 3629 2589 3677 et
2637 3618 2923 3675 veritatem
2960 3618 3078 3687 ejus
3127 3616 3252 3685 quis
3300 3612 3589 3683 requiret?
3623 3632 3644 3664 ι

2064 3720 2201 3775 Cum
2237 3726 2396 3773 antea
2435 3715 2688 3775 dixisset,
2726 3730 2745 3763 ι
2789 3710 3063 3776 Quoniam
3117 3716 3208 3772 tu,
3262 3708 3425 3771 Deus,
3479 3720 3650 3760 exau-

2065 3811 2193 3866 disti
2221 3811 2499 3864 orationes
2531 3821 2703 3869 meas,
2736 3823 2754 3855 ι
2790 3818 2888 3873 per
2914 3800 3414 3872 transgressionem
3449 3796 3651 3867 adjecit

2067 3900 2225 3963 illud,
2274 3918 2296 3952 ι
2338 3897 2467 3952 Dies
2510 3910 2677 3965 super
2723 3892 2839 3947 dies
2888 3892 3034 3961 regis
3072 3889 3317 3959 adjicies.
3360 3907 3379 3940 ι
3413 3884 3649 3948 Exaudi,

2066 3995 2266 4064 inquit,
2302 3993 2583 4047 orationes
2634 4004 2810 4054 meas,
2862 3988 2979 4042 dies
3025 3999 3191 4054 super
3237 3983 3352 4038 dies
3381 3980 3513 4063 mihi
3558 3979 3653 4035 ad-

2062 4087 2248 4158 jecisti
2280 4105 2296 4153 ;
2335 4086 2390 4139 in
2426 4083 2608 4139 medio
2654 4090 2834 4136 autem
2870 4077 3194 4146 interposita
3226 4083 3311 4129 est
3337 4072 3650 4127 timentium

2066 4196 2269 4236 nomen
2322 4178 2537 4233 Domini
2588 4176 2816 4240 mentio,
2852 4173 2981 4244 quia
3016 4169 3301 4242 prophetia
3346 4168 3485 4237 ipsis
3514 4180 3655 4236 quo-

2068 4290 2175 4346 que
2204 4272 2580 4328 baereditatem
2631 4268 2906 4339 promisit.
2963 4263 3268 4319 Haereditas
3322 4269 3506 4315 autem
3557 4260 3651 4313 illa

2068 4371 2271 4418 aeterna
2308 4363 2418 4415 vita
2452 4366 2588 4422 erat,
2624 4372 2744 4427 quae
2766 4355 2853 4411 bis
2886 4351 3250 4422 signiﬁcatur,
3283 4366 3300 4398 ι
3331 4346 3457 4401 Dies
3487 4359 3653 4415 super

2071 4457 2189 4511 dies
2222 4454 2367 4524 regis
2402 4451 2649 4521 adjicies.
2685 4468 2703 4501 ›
2743 4447 2937 4517 Magna
2966 4445 3151 4514 itaque
3200 4438 3501 4511 postulanti
3537 4436 3652 4508 regi

567 4536 645 4632 τῶ
676 4558 882 4632 βασιλεῖ
922 4536 1084 4612 Δαυῖδ
1108 4536 1450 4629 *ἐπήγγελται
1500 4559 1528 4609 6
1562 4556 1694 4618 Θεὸς
1739 4554 1827 4607 διὰ
1868 4553 1962 4606 τοῦ

2074 4548 2289 4613 Davidi,
2326 4547 2618 4618 pollicetur
2650 4541 2795 4597 Deus
2842 4554 2941 4611 per
2982 4536 3244 4608 Spiritum
3281 4540 3558 4632 sanctum,

384 4650 703 4724 Πνεύματος
729 4650 942 4722 ἡμέρας
974 4650 1059 4718 ἐφ’
1088 4648 1306 4720 ἡμέρας
1349 4646 1710 4719 προσθήσειν,
1751 4645 1846 4699 καὶ
1897 4644 1964 4698 τὰ

385 4745 483 4819 ἐτη
510 4744 678 4801 αὐτοῦ
718 4743 826 4807 ἕως
867 4743 1083 4815 ἡμέρας
1129 4742 1323 4810 γενεᾶς
1360 4739 1455 4793 καὶ
1479 4740 1691 4808 γενεᾶς.
1747 4739 1964 4806 Ταύτην

385 4839 499 4910 γάρ
529 4835 679 4907 αὐτῷ
696 4835 794 4907 τὴν
828 4834 1193 4907 κληρονομίαν
1220 4830 1581 4901 ἐπηγγείλατο
1601 4848 1613 4859 ν
1649 4831 1677 4883 ὃ
1696 4829 1760 4901 δὴ
1792 4831 1884 4883 καὶ
1908 4833 1966 4883 ὲν

385 4928 468 4999 τῷ
495 4934 545 4982 κ’
563 4925 817 5000 δηλοῦται
837 4925 1059 4997 ψαλμῷ,
1087 4927 1145 4978 ὲν
1166 4920 1210 4993 ᾧ
1239 4924 1451 4994 εἴρηται
1474 4939 1487 4951 ο
1529 4941 1548 4973 ι
1587 4921 1781 4993 Κύριε,
1814 4924 1873 4975 ὲν
1899 4924 1965 4992 τῇ

387 5019 616 5093 δυνάμει
646 5036 741 5074 σου
768 5018 1202 5091 εὐφρανθήσεται
1248 5018 1277 5069 6
1317 5013 1588 5085 βασιλεύς.
1625 5013 1735 5084 Τὴν
1782 5011 1970 5065 ὲπιθυ-

393 5112 523 5184 μίαν
548 5111 649 5183 τῆς
679 5108 908 5181 καρδίας
939 5106 1102 5162 αὐτού
1145 5106 1350 5170 ἔδωκας
1389 5103 1538 5173 αὐτῷ
1560 5118 1574 5133 ·
1611 5121 1629 5154 ›
1679 5102 1771 5154 καὶ
1801 5100 1927 5171 ἑξῆς
1952 5118 1965 5131 θ

396 5222 417 5256 ι
455 5201 609 5275 Ζωὴν
656 5202 896 5274 ᾐτήσατό
951 5217 1031 5265 σε,
1068 5199 1161 5252 καὶ
1212 5198 1420 5260 ἔδωκας
1471 5192 1617 5264 αὐτῷ
1654 5194 1971 5264 μακρότητα

391 5294 617 5369 ἡμερῶν
646 5295 724 5359 είς
747 5293 921 5349 αἰῶνα
936 5292 1031 5347 καὶ
1051 5293 1131 5355 είς
1148 5290 1319 5345 αίῶνα
1332 5288 1544 5350 αἰῶνος.
1568 5305 1586 5338 ι
1619 5284 1836 5356 Ἐπειδὴ
1863 5283 1971 5355 γὰρ

390 5386 501 5447 τῶν
528 5387 795 5460 οὐρανίων
821 5383 1187 5459 ὀριγνώμενος
1206 5423 1221 5447 ,
1255 5382 1350 5436 καὶ
1383 5380 1493 5434 τῶν
1527 5379 1676 5450 παρὰ
1725 5378 1806 5430 σοὶ
1838 5377 1973 5445 ἀγα-

393 5479 505 5534 θῶν
543 5478 907 5550 ἐπιθυμήσεις,
940 5476 1162 5548 ηὔξατο·
1197 5476 1523 5545 εἰσήκουσας
1556 5469 1720 5524 αὐτοῦ
1746 5510 1760 5531 ,
1805 5469 1970 5539 φησι,

2074 4639 2193 4695 dies
2225 4651 2390 4706 super
2431 4633 2551 4688 dies
2582 4630 2690 4702 ipsi
2732 4630 3095 4700 adjecturum,
3130 4634 3184 4680 et
3218 4636 3394 4677 annos
3443 4620 3564 4689 ejus
3596 4619 3652 4671 in

2072 4731 2217 4786 diem
2252 4723 2623 4799 generationis
2651 4730 2706 4777 et
2738 4716 3129 4792 generationis.
3171 4712 3327 4767 Hanc
3370 4709 3513 4765 enim
3546 4707 3652 4777 ipsi

2074 4798 2330 4891 promisit
2378 4817 2791 4872 hereditatem:
2826 4810 2975 4881 quod
3003 4815 3057 4863 et
3091 4807 3148 4861 in
3175 4820 3247 4859 xx
3306 4802 3520 4873 psalmo
3557 4798 3654 4891 de-

2076 4889 2321 4969 claratur
2354 4910 2443 4964 his
2474 4906 2696 4962 verbis:
2735 4922 2754 4955 ι
2801 4902 3048 4963 Domine,
3091 4899 3147 4952 in
3185 4896 3389 4951 virtute
3438 4900 3530 4946 tua
3560 4889 3653 4942 lae-

2074 5005 2284 5059 tabitur
2305 5018 2423 5056 rex.
2457 4996 2797 5053 Desiderium
2823 4991 3008 5050 cordis
3030 4990 3151 5059 ejus
3172 4984 3414 5041 tribuisti
3442 4983 3492 5038 ei
3515 4981 3595 5046 ";
3624 5000 3643 5031 ι
3706 5016 3712 5027 ,

2076 5104 2131 5153 et
2160 5102 2350 5168 postea
2378 5112 2392 5147 :
2433 5110 2452 5143 ι
2488 5088 2668 5143 Vitam
2700 5086 2856 5157 petiit
2885 5100 2913 5138 a
2944 5092 3019 5147 te,
3064 5088 3119 5136 et
3153 5075 3393 5134 tribuisti
3442 5073 3493 5129 ei
3525 5073 3650 5126 lon-

2074 5167 2377 5261 gitudinem
2409 5182 2618 5237 dierum
2661 5180 2716 5233 in
2765 5176 3025 5233 saeculum
3059 5178 3114 5227 et
3156 5170 3212 5225 in
3245 5167 3505 5261 sacculum
3551 5177 3653 5218 saa-

2073 5257 2186 5335 culi
2214 5280 2284 5332 δ’.
2332 5294 2354 5328 ι
2414 5273 2555 5340 Quia
2615 5271 2760 5326 enim
2816 5265 3125 5322 cmlestium
3173 5257 3540 5332 percupidus,
3599 5262 3655 5308 et

2075 5374 2218 5427 bona
2251 5382 2373 5438 quae
2419 5379 2590 5436 penes
2642 5370 2696 5416 te
2741 5367 2872 5416 sunt
2925 5355 3359 5424 concupiscens,
3398 5358 3654 5422 precatus

2076 5471 2201 5529 est;
2251 5458 2523 5516 exaudisti
2576 5460 2729 5520 eum,
2775 5449 2976 5521 inquit,
3024 5457 3079 5503 et
3133 5462 3259 5502 cum
3310 5444 3654 5507 exaudisses,

390 5571 491 5628 καὶ
519 5536 922 5635 εἰσακούσαςίί
1088 5536 1382 5635 ἐπιθυμίαν
1419 5565 1518 5633 τῆς
1548 5559 1775 5631 καρδίας
1810 5536 1962 5612 αὐτοί

2084 5574 2102 5606 ι
2143 5554 2473 5609 desiderium
2501 5548 2687 5603 cordis
2717 5536 2839 5615 ejus
2884 5542 3126 5597 tribuisti
3173 5540 3245 5601 ei,
3280 5547 3335 5593 et
3375 5537 3657 5591 voluntate
3724 5620 3727 5623 δ

394 5664 600 5727 εδωκας
626 5661 793 5734 αὐτῷ,
824 5628 917 5715 καὶ
1065 5628 1281 5727 θέλησιν
1302 5655 1410 5707 τῶν
1430 5628 1651 5725 χειλέων
1687 5649 1850 5706 αὐτοῦ
1876 5650 1962 5703 οὐ)

2077 5646 2347 5701 labiorum
2379 5643 2499 5713 ejus
2532 5657 2644 5696 non
2673 5636 2943 5693 fraudasti
2972 5649 3116 5691 eum.
3162 5651 3181 5685 ι
3225 5630 3357 5697 Qua:
3388 5628 3481 5683 illa
3523 5641 3657 5681 cun-

469 5845 518 5879 “
558 5843 717 5901 Rom.
752 5861 811 5911 ιι,
855 5844 941 5899 10.
1018 5844 1058 5875 ’⁸⁷
1105 5840 1291 5895 Matth.
1332 5856 1381 5903 γ,
1415 5838 1465 5892 5.
1545 5835 1590 5868 ⁸⁸
1630 5830 1819 5888 Matth.
1857 5847 1947 5886 xu‘

2064 5829 2105 5883 θ.
2182 5826 2227 5859 ⁵⁸
2267 5824 2412 5881 Psal.
2448 5840 2538 5891 xv,
2571 5821 2625 5890 5,
2666 5819 2721 5877 6.
2796 5817 2847 5853 ⁸⁸
2880 5813 3170 5879 Psal.‘n,
3201 5811 3255 5866 2.
3334 5809 3377 5844 ³⁸
3420 5806 3554 5865 ibid.
3591 5802 3655 5868 ε.
