4142 6388
479 391 588 448 58$

1196 391 1464 447 EL'SEDH
1502 389 1993 447 CALSARIENSIS
2024 387 2177 443 OPP.
2210 389 2392 446 PARS
2421 392 2512 448 Ill.
2536 391 3038 451 -—EXEGETICA.

3656 401 3761 457 584

479 513 817 584 cupiscentia
848 512 989 583 ejus,
1019 527 1142 583 qua:
1172 513 1367 583 petitio
1396 512 1665 568 labiorum
1696 513 1817 584 ejus
1840 512 1931 576 sit,
1967 510 2064 567 sub

2173 512 2480 585 ἐστέρησας
2506 515 2685 569 αὐτόν.
2732 536 2750 568 ι
2790 517 2886 580 Τίς
2918 518 2974 569 δὲ
3001 513 3069 588 ἦν
3096 521 3128 589 ή
3158 519 3424 591 ἐπιθυμία
3460 522 3645 586 αὑτοῦ,
3664 524 3759 577 καὶ

480 606 597 661 haec
630 606 788 661 docet
816 606 901 661 his
939 606 1165 661 verbis:
1205 624 1224 656 ι
1276 604 1453 660 Vitam
1494 606 1651 676 petiit
1689 620 1719 659 a
1767 613 1845 669 te,
1878 614 1934 661 et
1961 604 2068 659 tri-

478 697 649 754 buisti
708 696 755 752 ei
807 696 1203 768 longitudinem
1253 696 1466 752 dierum
1518 699 1573 751 in
1612 698 1876 752 saeculum
1924 699 2067 752 etin

480 790 744 846 saeculum
781 790 989 845 szeculi.
1024 809 1042 841 ι
1082 786 1138 843 lu
1169 790 1425 860 praesenti
1471 790 1640 860 igitur
1681 790 1873 845 eodem
1905 790 2070 844 modo

478 894 736 955 precatus
769 880 941 937 David
970 890 1075 942 est.
1107 890 1161 937 ct
1204 898 1396 953 preces
1425 882 1546 952 ejus
1585 882 1853 937 exauditae
1895 891 2021 936 sunt
2051 902 2063 937 :

478 976 771 1031 exauditus
800 976 942 1029 hanc
973 984 1307 1029 consecutus
1344 983 1427 1030 est
1463 976 1883 1045 promissionem
1904 1016 1918 1041 ,
1960 990 2068 1045 qua

481 1072 721 1127 dicitur:
767 1090 785 1124 ι
842 1071 967 1127 Dies
1017 1086 1184 1141 super
1237 1070 1355 1125 dics
1408 1072 1551 1139 regis
1600 1070 1851 1140 adjicies,
1894 1085 2067 1123 annos

484 1167 604 1238 ejus
637 1182 811 1237 usque
845 1166 901 1219 in
938 1165 1082 1220 diem
1112 1166 1483 1235 generationis
1507 1175 1556 1219 et
1579 1164 1952 1234 generationis
1981 1182 1994 1225 ;
2045 1184 2062 1216 ι

484 1262 622 1324 sive,
660 1259 966 1315 secundum
1001 1259 1417 1331 Symmachum,
1457 1276 1474 1307 ι
1522 1258 1640 1312 dies
1687 1256 1883 1311 diebus
1922 1257 2068 1327 regis

479 1353 729 1422 adjieies,
765 1368 941 1407 annos
991 1352 1112 1421 ejus
1153 1353 1207 1406 in
1261 1360 1525 1421 quantum
1558 1350 1839 1421 generatio
1884 1356 1939 1403 et
1976 1366 2069 1419 ge-

478 1444 736 1499 neratio:
788 1443 1062 1498 habitabit
1097 1444 1153 1496 in
1193 1452 1460 1497 a‘ternum
1496 1442 1550 1494 in
1584 1448 1886 1512 conspectu
1918 1439 2012 1494 Dei
2051 1460 2064 1494 :

478 1533 863 1588 misericordia
886 1544 940 1588 et
966 1535 1169 1589 veritas
1204 1534 1631 1589 circummuniet
1664 1534 1901 1603 ipsum.»
1936 1530 2066 1585 Haec

482 1626 669 1677 omnia
722 1624 1061 1695 adipiscetur
1099 1626 1192 1695 qui
1227 1625 1412 1679 dicere
1458 1624 1637 1693 potuit
1671 1643 1683 1677 :
1728 1642 1745 1674 ι
1792 1625 1836 1677 Α
1868 1624 2069 1679 ﬁnibus

485 1723 647 1770 terrm
664 1716 731 1770 ad
761 1724 813 1771 te
848 1717 1103 1781 clamavi,
1147 1716 1275 1771 dum
1324 1717 1644 1771 anviaretur
1681 1730 1780 1769 cor
1827 1730 2062 1770 meum.»

484 1807 623 1862 Nam
641 1809 955 1876 hujusmodi
981 1808 1257 1879 profectus
1285 1811 1619 1879 condignum
1650 1807 1886 1863 fructum
1925 1810 2071 1863 acci-

2174 604 2259 668 τίς
2282 605 2315 674 ή
2341 605 2555 675 αἴτησις
2580 608 2691 660 τῶν
2725 608 2948 678 χειλέων
2996 610 3160 663 αὐτοῦ
3183 651 3197 674 ,
3236 612 3475 666 διδάσκει
3504 614 3630 685 ἑξῆς
3668 615 3759 669 λέ-

2174 715 2318 767 γων’
2361 717 2380 749 ι
2418 700 2571 770 Ζωὴν
2600 701 2839 771 ῂτήσατό
2876 718 2955 765 σε,
2992 704 3088 756 καὶ
3126 704 3335 767 ἔδωκας
3368 706 3518 776 αύτῷ
3548 708 3758 779 μακρό-

2174 808 2314 862 τητα
2343 791 2565 863 ἡμερῶν
2599 794 2679 855 είς
2716 792 2887 846 αἰῶνα
2914 794 3008 847 καὶ
3035 796 3115 858 είς
3149 794 3323 847 αἰῶνα
3354 796 3448 849 τοῦ
3479 798 3693 861 αἰῶνος.
3736 820 3754 850 ι

2176 885 2284 936 Καὶ
2304 885 2398 937 ἐπὶ
2425 882 2520 937 τοῦ
2555 884 2821 956 παρόντος
2866 885 3045 939 τοίνυν
3091 888 3491 958 παραπλησίως
3533 889 3762 953 ἐκείνοις

2173 976 2375 1047 ηῦξατο
2399 977 2584 1040 Δαυῒδ,
2629 978 2723 1030 καὶ
2749 979 3045 1048 εὐξάμενος
3094 980 3419 1051 εἰσηκούσθη
3442 997 3455 1009 ·
3506 982 3759 1034 εἰσακου-

2178 1070 2324 1134 σθείς
2348 1088 2405 1123 τε
2432 1070 2637 1142 ταύτης
2662 1071 2816 1141 ἔτυχε
2844 1072 2942 1143 τῆς
2963 1072 3315 1141 ἐπαγγελίας,
3341 1074 3408 1126 δι’
3431 1068 3499 1145 ἦς
3519 1073 3755 1145 εἴρηται·

2182 1181 2199 1213 ι
2246 1163 2492 1234 Ἡμέρας
2517 1164 2601 1232 ἐφ’
2632 1164 2849 1235 ἡμέρας
2876 1163 3142 1234 βασιλέως
3175 1165 3531 1237 προσθήσεις·
3567 1166 3637 1219 τὰ
3661 1167 3755 1240 ἔτη

2175 1253 2339 1306 αὑτοῦ
2365 1254 2469 1317 ἕως
2493 1254 2707 1325 ἡμέρας
2730 1256 2924 1322 γενεᾶς
2958 1256 3052 1309 καὶ
3080 1258 3299 1324 γενεᾶς·
3336 1277 3355 1310 ι
3391 1258 3450 1328 ἦ,
3486 1259 3625 1312 κατά
3665 1260 3759 1312 τὸν

2174 1346 2505 1417 Σύμμαχον’
2561 1365 2578 1397 ι
2632 1347 2874 1418 Ἡμέρας
2922 1351 3041 1411 ταῖς
3076 1348 3309 1420 ἡμέραις
3349 1350 3445 1403 τοῦ
3494 1350 3759 1421 βασιλέως

2176 1438 2526 1509 προσθήσεις,
2560 1438 2875 1522 ἐτησαύτοῦ,
2927 1442 3013 1510 ἐφ’
3056 1442 3179 1495 ὅσον
3228 1442 3391 1510 γενεά
3419 1443 3512 1496 καὶ
3559 1444 3755 1512 γενεά·

2175 1529 2384 1599 οἰκήσει
2412 1529 2646 1591 αίωνίως
2668 1528 2978 1600 ἔμπροσθεν
3008 1530 3104 1583 τοῦ
3135 1531 3270 1585 Θεοῦ
3296 1548 3309 1561 ·
3342 1532 3489 1597 ἔλεος
3514 1535 3609 1589 καὶ
3628 1535 3761 1608 ἀλή-

2176 1618 2295 1672 θεια
2325 1619 2650 1689 περιφράξει
2676 1619 2857 1672 αὐτόν.
2905 1638 2923 1672 ι
2962 1619 3179 1675 Τούτων
3213 1622 3271 1674 δὲ
3316 1624 3535 1677 πάντων
3573 1625 3760 1690 τεύξε-

2174 1728 2265 1764 ται
2297 1713 2326 1764 ὁ
2354 1710 2602 1781 δυνηθεὶς
2629 1712 2832 1764 εἰπεῖν’
2864 1730 2883 1763 ι
2926 1710 3058 1765 Ἀπὸ
3080 1712 3187 1767 τῶν
3220 1714 3508 1786 πτερύγων
3528 1718 3626 1788 τῆς
3655 1719 3757 1789 γῆς

2177 1802 2316 1873 πρὸς
2330 1802 2391 1855 σὲ
2411 1803 2689 1874 ἐκέκραξα
2715 1806 2772 1857 ἐν
2800 1802 2877 1874 τῷ
2891 1804 3185 1875 ἀκηδιᾶσαι
3206 1805 3301 1877 τὴν
3332 1807 3559 1877 καρδίαν
3595 1826 3751 1881 μου.»

487 1904 621 1974 pict,
642 1904 805 1957 vitam
821 1911 1101 1957 mtcrnam.
1122 1902 1257 1956 Cum
1281 1903 1484 1956 dicitur
1500 1911 1703 1963 autem,
1732 1923 1749 1953 ι
1775 1902 1919 1957 Anni
1948 1903 2064 1973 ejus

2177 1898 2287 1968 Τῆς
2320 1896 2431 1967 γὰρ
2450 1895 2707 1967 τοιαύτης
2736 1897 3019 1968 προκοπῆς
3040 1899 3250 1970 καρπὸν
3289 1899 3509 1965 ἐπάξιον
3529 1902 3757 1975 λήψεται

485 2012 663 2068 usque
690 1997 744 2049 in
777 1994 921 2049 diem
950 1996 1321 2065 generationis
1344 2004 1399 2050 et
1430 1996 1868 2067 generationis,»
1898 1995 2070 2067 signi-

483 2088 683 2143 ﬁcatur
732 2087 991 2141 Davidem
1032 2104 1141 2141 non
1176 2087 1350 2142 solum
1381 2095 1629 2158 tempore
1655 2088 1777 2142 vita:
1808 2104 1921 2143 sua:
1952 2104 2066 2143 me-

483 2181 809 2237 morandum
842 2196 985 2243 esse,
1016 2180 1110 2235 sed
1129 2195 1224 2249 per
1243 2180 1489 2250 singulas
1514 2181 1895 2249 generationes
1916 2197 1931 2247 ;
1952 2182 2069 2236 sive

484 2290 581 2344 per
599 2275 735 2329 duas
762 2273 1138 2344 generationes
1158 2312 1173 2336 ,
1216 2272 1373 2343 queis
1413 2272 1794 2327 subindicatur
1830 2274 2068 2344 p0pulus

484 2380 552 2419 ex
584 2364 1031 2427 circumcisione,
1059 2372 1113 2418 et
1145 2362 1393 2418 Ecclesia
1424 2379 1490 2417 ex
1534 2363 1811 2433 gentibus.
1850 2362 2069 2429 Quanto

485 2453 656 2524 igitur
687 2461 935 2523 tempore
969 2454 1146 2523 prima
1200 2453 1293 2507 illa
1346 2454 1625 2523 generatio
1674 2453 1891 2509 divinas
1940 2454 2069 2525 legit

487 2547 823 2619 Scripturas,
858 2546 1118 2602 Davidem
1152 2547 1209 2602 in
1243 2546 1507 2601 memoria
1545 2547 1785 2614 retinet;
1824 2549 2068 2602 secunda

482 2657 614 2697 vero
662 2641 962 2713 generatio,
1008 2656 1130 2711 quae
1177 2640 1353 2695 electa
1393 2656 1463 2695 ex
1507 2640 1766 2696 omnibus
1813 2641 2069 2712 gentibus

489 2742 597 2798 est,
630 2734 882 2789 similiter
908 2749 1187 2805 nunquam
1224 2732 1385 2789 ﬁnem
1416 2733 1547 2788 facit
1569 2732 1826 2789 Davidem
1861 2750 2069 2790 memo-

487 2828 666 2890 randi,
699 2828 828 2898 quia
865 2828 985 2897 ejus
1028 2829 1081 2882 in
1119 2845 1215 2885 ore
1246 2838 1499 2886 versatur
1529 2834 1668 2890 liber
1696 2837 2067 2907 generationis

485 2919 617 2977 Jesu
646 2922 854 2977 Christi
895 2922 989 2975 ﬁlii
1022 2921 1210 2977 David.
1245 2923 1301 2978 ld
1340 2924 1527 2996 itaque
1570 2928 1951 2985 subindicatur
1980 2929 2067 2988 his

484 3014 693 3079 verbis,
733 3032 752 3066 ι
798 3012 940 3069 Anni
973 3015 1093 3087 ejus
1124 3032 1298 3087 usque
1327 3018 1383 3072 in
1415 3019 1558 3073 diem
1605 3022 1977 3091 generationis
2012 3034 2067 3079 et

487 3098 883 3175 gen'erationis.
938 3125 957 3158 ι
1018 3105 1086 3160 Ει
1138 3107 1280 3162 hanc
1329 3110 1549 3179 quidem
1597 3126 1765 3181 penes
1815 3112 2066 3171 homines

484 3198 904 3253 diuturnitatem
931 3199 1219 3254 obtinebit.
1246 3199 1402 3270 Apud
1434 3200 1603 3256 Deum
1632 3211 1835 3271 autem,
1863 3204 2060 3276 inquit,

485 3306 767 3361 nunquam
806 3291 1049 3361 peribit;
1085 3291 1183 3348 sed
1228 3292 1599 3349 immortalem
1652 3302 1816 3366 atque
1846 3296 1903 3350 in
1942 3298 2069 3353 inﬁ-

485 3380 663 3434 nitum
714 3380 1007 3436 durantem
1055 3391 1252 3437 nactus
1295 3384 1486 3448 vitam,
1546 3403 1565 3436 ι
1607 3387 1953 3455 permanebit
2008 3390 2066 3443 in

483 3482 751 3528 mternum
791 3473 847 3527 in
880 3480 1182 3543 conspectu
1224 3471 1343 3529 Dei.
1382 3492 1401 3525 ι
1437 3473 1721 3541 Quomodo
1750 3487 1931 3532 autem
1961 3477 2067 3532 du-

486 3582 611 3622 rare
642 3566 819 3636 possit
848 3573 903 3622 et
954 3565 1051 3621 Dei
1101 3566 1225 3621 vitae
1268 3566 1541 3636 coaequari
1595 3567 1880 3621 hominum
1936 3569 2066 3637 vita,

486 3656 591 3711 sub
624 3657 738 3711 haec
767 3655 927 3711 docet
952 3656 1038 3712 his
1066 3657 1250 3713 verbis
1280 3676 1293 3712 :
1329 3676 1348 3712 ‹
1382 3656 1813 3713 Misericordiam
1844 3668 1899 3714 et
1924 3661 2068 3714 veri-

486 3757 655 3803 tatem
685 3750 806 3819 ejus
822 3750 948 3820 quis
982 3750 1271 3821 requiret?
1297 3770 1314 3803 ι
1349 3748 1506 3817 Quod
1529 3752 1774 3822 apertius
1797 3752 2068 3821 interpre-

488 3848 636 3896 tatus
686 3841 1051 3912 Symmachus
1111 3848 1197 3897 est
1243 3840 1473 3898 dicens:
1522 3859 1542 3895 ι
1591 3842 1964 3900 Misericordia
2012 3854 2067 3901 et

486 3933 692 3988 veritas
745 3930 1173 3988 circummuniet
1210 3934 1431 4004 ipsum;
1473 3954 1490 3986 ι
1553 3937 1805 3993 similiter
1844 3938 2062 4010 Aquila,

492 4044 511 4077 ι
553 4024 926 4080 Misericordia
974 4034 1028 4081 et
1079 4026 1284 4083 veritas
1334 4029 1631 4084 servabunt
1662 4045 1808 4085 eum.
1867 4050 1886 4083 ι
1939 4030 2065 4087 Haec

484 4118 622 4187 ipsis
655 4117 1088 4174 immortalitatis
1117 4132 1306 4185 causa,
1334 4135 1531 4190 nempe
1560 4120 1655 4175 Dei
1690 4121 2063 4176 misericordia

487 4216 543 4263 et
568 4208 770 4263 veritas
797 4228 810 4263 :
840 4224 1075 4278 quarum
1099 4224 1330 4267 consors
1359 4212 1650 4283 religiosus
1671 4213 1850 4285 quivis
1876 4214 2060 4277 homo,

484 4298 647 4368 quasi
698 4298 812 4352 sale
838 4298 1115 4365 conditus,
1151 4300 1207 4353 in
1239 4307 1500 4357 aeternam
1535 4303 1701 4356 vitam
1733 4304 2060 4359 servabitur.

483 4390 671 4462 Neque
704 4392 851 4447 enim
880 4392 1025 4463 quod
1068 4394 1264 4448 similis
1308 4393 1421 4451 Deo
1453 4396 1755 4450 secundum
1807 4398 2065 4453 substan-

487 4483 619 4537 tiam
644 4484 735 4549 sit,
770 4484 891 4539 ideo
923 4484 1176 4541 similiter
1208 4486 1353 4541 vivet
1384 4504 1398 4553 ;
1441 4488 1538 4541 sed
1588 4489 1715 4558 quia
1772 4504 1804 4543 a
1847 4491 2065 4547 miseri:-

485 4574 674 4629 cordia
711 4574 801 4629 Dei
834 4582 888 4629 et
916 4589 947 4628 a
982 4575 1211 4631 veritate
1244 4576 1366 4647 ejus
1400 4590 1775 4634 conservatur.

560 4751 725 4807 Vsus.
768 4752 821 4809 9.
858 4770 876 4803 ‹
923 4750 1015 4809 Sic
1066 4755 1337 4825 psalmum
1397 4755 1577 4811 dicam
1606 4759 1814 4814 nomini
1865 4767 1959 4815 tuo
2005 4761 2062 4816 in

486 4846 748 4900 sazculum
800 4846 1005 4912 szeculi,
1043 4856 1101 4900 ut
1134 4847 1355 4901 reddam
1412 4857 1537 4901 vota
1583 4864 1703 4903 mea
1753 4851 1820 4905 de
1863 4851 1952 4907 die
2005 4853 2061 4907 in

481 4939 649 4994 diem.
693 4959 709 4989 ι
744 4938 867 4994 Haec
896 4955 1022 4995 cum
1057 4938 1293 5010 Spiritus
1336 4949 1563 4997 sanctus
1612 4942 1834 5001 Davidis
1870 4947 2062 5001 animae

485 5031 836 5103 inspirasset,
871 5033 1028 5103 quasi
1060 5048 1092 5086 a
1121 5033 1386 5102 magistro
1420 5034 1500 5089 sic
1531 5035 1781 5099 edoctus,
1808 5035 1915 5092 ﬁde
1944 5053 2061 5093 ser-

487 5139 704 5179 monem
756 5125 1008 5196 obsignat
1052 5124 1166 5179 haec
1201 5125 1545 5181 vociferans:
1589 5144 1608 5178 ι
1669 5125 1760 5183 Sic
1788 5128 2058 5198 psalmum

483 5215 661 5269 dicam
716 5218 923 5270 nomini
955 5224 1049 5270 tuo
1086 5217 1142 5271 in
1176 5219 1434 5272 saeculum
1471 5220 1675 5276 saeculi.
1721 5242 1740 5274 ι
1771 5221 1881 5277 Nec
1928 5223 2062 5277 sim-

483 5309 700 5379 pliciter
727 5310 825 5372 ait,
860 5329 879 5360 r
923 5309 1159 5365 Psallam
1188 5312 1395 5367 nomini
1443 5320 1537 5367 tuo
1570 5314 1625 5367 in
1676 5315 1933 5369 saeculum
1968 5331 2060 5371 sae-

486 5395 617 5457 culi,
648 5413 666 5444 ι
703 5396 800 5449 sed
832 5395 1014 5451 addita
1050 5414 1202 5464 voce,
1236 5420 1255 5451 ι
1296 5398 1406 5456 Sic.
1445 5422 1463 5454 ι
1491 5400 1583 5456 Sic
1612 5406 1924 5472 quomodo?
1952 5405 2060 5459 nisi

488 5496 549 5541 ut
597 5486 836 5557 Spiritus
893 5504 1118 5550 sanctus
1177 5496 1364 5551 docuit
1414 5500 1667 5568 superius
1716 5500 1801 5555 his
1853 5501 2057 5567 verbis,

493 5598 515 5626 ι
554 5580 923 5639 Misericordia
969 5593 1023 5639 et
1071 5588 1273 5642 veritas
1312 5590 1737 5647 circummuniet
1784 5594 1984 5663 ipsum.
2035 5615 2054 5648 ι

494 5670 589 5723 Sic
620 5674 764 5725 enim
796 5676 1169 5731 misericordia
1209 5686 1302 5734 tua
1335 5687 1388 5735 et
1418 5684 1646 5737 veritate
1693 5692 1787 5737 tua
1822 5686 2060 5741 circum—

497 5764 739 5820 munitus
770 5774 824 5821 et
856 5777 1129 5832 servatus,
1174 5772 1403 5840 psallam
1438 5777 1647 5831 nomini
1676 5784 1773 5832 tuo
1801 5779 1857 5832 in
1886 5793 2061 5835 sacu-

499 5852 609 5905 luin
638 5854 843 5907 saeculi.
874 5853 1103 5910 Conﬁdo
1136 5858 1281 5914 cnim
1314 5860 1692 5918 misericordia
1723 5870 1778 5919 et
1829 5864 2059 5920 veritate

2174 1988 2274 2058 τὴν
2304 1986 2519 2041 αίώνιον
2537 1988 2700 2058 ζωήν.
2733 1988 2963 2065 Φάσκων
2990 1990 3047 2043 δὲ
3069 1992 3096 2042 ὀ
3120 1989 3294 2058 λόγος,
3317 2009 3337 2042 ‹
3362 1991 3443 2045 Τά
3470 1992 3563 2064 ἐτη
3591 1994 3755 2046 αὑτοῦ
3784 2002 3789 2005 “

2174 2080 2277 2141 ἕως
2336 2078 2550 2149 ἡμέρας
2596 2081 2790 2147 γενεᾶς
2821 2080 2914 2133 καὶ
2937 2083 3150 2149 γενεᾶς,
3191 2101 3211 2134 ι
3246 2082 3521 2153 σημαίνει,
3545 2084 3621 2148 ὠς
3648 2085 3756 2157 ἄρα

2176 2170 2324 2224 ἔσται
2356 2173 2384 2223 ὁ
2415 2170 2576 2224 Δαυῒδ
2594 2172 3065 2243 μνημονευόμενος
3086 2174 3147 2225 ού
3180 2173 3301 2227 καθ’
3334 2174 3395 2229 ὃν
3426 2176 3585 2247 μόνον
3610 2177 3756 2232 ἐὸίου

2175 2262 2388 2334 χρόνον,
2419 2261 2557 2315 ἀλλά
2597 2265 2693 2316 καὶ
2720 2264 2839 2316 καθ’
2867 2264 3107 2337 ἐκάστην
3134 2266 3329 2335 γενεάν
3349 2306 3363 2330 ,
3394 2267 3425 2337 ῆ
3480 2268 3623 2322 κατά
3663 2269 3758 2323 δύο

2175 2354 2327 2418 τινὰς
2352 2355 2575 2423 γενεὰς,
2610 2357 2980 2428 αίνιττομένου
3014 2357 3108 2410 τοῦ
3148 2359 3307 2427 λόγου
3351 2360 3441 2413 τόν
3470 2377 3530 2413 τε
3564 2361 3627 2414 ἐκ
3659 2378 3759 2413 πε·

2180 2447 2410 2518 ριτομῆς
2460 2448 2586 2503 λαὸν
2621 2449 2715 2502 καὶ
2746 2450 2845 2521 τὴν
2888 2449 2946 2516 ἐξ
3003 2450 3172 2505 ἐθνῶν
3235 2452 3581 2523 Ἐκκλησίαν.
3641 2454 3757 2521 Ἐφ’

2176 2542 2299 2593 ὅσον
2330 2540 2462 2608 γοῦν
2490 2540 2679 2611 χρόνον
2707 2544 2740 2611 ή
2769 2541 2985 2613 γενεάή
3012 2541 3202 2615 πρώτη
3232 2546 3344 2607 τοῖς
3379 2544 3541 2608 θείοις
3564 2545 3757 2613 ἐντυγ-

2176 2634 2327 2704 χάνει
2352 2633 2664 2705 γράμμασι,
2695 2635 2849 2705 φέρει
2881 2634 2971 2688 διὰ
3005 2636 3222 2706 μνήμης
3245 2636 3337 2690 τὸν
3361 2638 3523 2691 Δαυῖδ
3545 2654 3559 2668 ο
3588 2639 3682 2691 καὶ
3719 2642 3754 2709 ή

2175 2723 2401 2794 δευτέρα
2451 2724 2509 2776 δὲ
2539 2724 2703 2792 γενεὰ
2740 2726 2774 2796 ή
2813 2726 2910 2796 τῆς
2951 2724 3012 2790 ἐξ
3042 2726 3297 2781 ἀπάντων
3326 2727 3493 2781 ἐθνῶν
3525 2730 3756 2801 ἐκλογῆς

2175 2816 2437 2879 ὡσαύτως
2468 2815 2563 2869 τοῦ
2604 2816 2767 2871 Δαυῒδ
2798 2816 2993 2871 οὔποτε
3019 2818 3282 2873 διαλείπει
3318 2821 3752 2891 μνημονεύουσα,

2174 2905 2263 2959 διὰ
2308 2906 2368 2959 τὸ
2401 2906 2586 2979 φέρειν
2639 2908 2743 2961 ἀνά
2777 2908 2953 2978 στόμα
2991 2908 3087 2980 τὴν
3133 2908 3312 2979 βίϐλον
3342 2912 3441 2983 τῆς
3487 2913 3756 2982 γενέσεως

2189 3000 2362 3072 Ἰησοῦ
2401 3001 2636 3073 Χριστοῦ
2687 3000 2781 3055 τοῦ
2833 3001 2947 3055 υίοῦ
2982 3003 3161 3056 Δαυΐδ.
3199 3003 3367 3058 Τοῦτο
3397 3001 3491 3060 οὖν
3534 3007 3754 3077 ᾐνίξατο

2173 3099 2353 3166 φήσας
2375 3097 2405 3149 ὁ
2433 3095 2590 3165 λόγος
2604 3111 2619 3127 ·
2645 3116 2663 3148 ι
2684 3096 2765 3150 Τά
2785 3097 2878 3168 ἔτη
2901 3098 3065 3151 αὑτοῦ
3088 3098 3193 3162 ἕως
3214 3098 3426 3171 ἡμέρας
3440 3104 3632 3169 γενεᾶς
3657 3105 3752 3157 καὶ

2171 3192 2385 3257 γενεᾶς.
2413 3208 2431 3241 ι
2468 3190 2576 3244 Καὶ
2603 3191 2660 3244 ἐν
2690 3191 2787 3261 μὲν
2826 3189 3132 3263 ἀνθρώποις
3148 3192 3351 3264 ταύτης
3376 3193 3624 3258 τεύξεται
3652 3198 3751 3267 τῆς

2174 3283 2515 3353 μακρότητπ
2533 3300 2547 3313 ·
2579 3285 2729 3355 παρά
2755 3284 2812 3337 δὲ
2837 3284 2988 3355 αὐτῷ
3026 3284 3103 3355 τῷ
3131 3285 3251 3355 Θεῷ
3285 3285 3479 3340 οὔποτε
3500 3326 3514 3350 ,
3563 3290 3749 3358 φησὶν,

2170 3376 2449 3430 ἀπολεῖται
2468 3391 2482 3405 ·
2508 3377 2777 3431 ἀθανάτου
2804 3377 2862 3431 δὲ
2898 3379 2991 3431 καὶ
3025 3380 3107 3441 είς
3139 3378 3367 3449 ἄπειρον
3418 3380 3749 3454 διαρκούσης

2171 3468 2317 3539 ζωῆς
2354 3469 2565 3539 τυχὼν,
2608 3489 2627 3521 ι
2666 3470 2913 3541 διαμενεῖ
2956 3472 3036 3534 είς
3068 3470 3160 3523 τὸν
3197 3471 3369 3525 αίῶνα
3397 3472 3625 3527 ἐνώπιον
3653 3475 3748 3528 τοῦ

2167 3560 2325 3614 Θεοῦ.
2369 3580 2387 3612 ο
2427 3562 2553 3625 Πῶς
2582 3561 2637 3614 δὲ
2660 3561 2901 3631 διαρκεῖν
2929 3564 3022 3617 καὶ
3061 3567 3126 3635 τῇ
3164 3564 3257 3618 τοῦ
3288 3564 3426 3618 Θεοῦ
3470 3565 3581 3637 ζωῇ
3615 3584 3752 3637 συμ-

2169 3654 2621 3725 παρεκτείνεσθαι
2654 3653 2940 3726 ἀνθρώπου
2966 3655 3127 3723 φύσις
3154 3657 3239 3709 οἵα
3265 3674 3325 3710 τε
3353 3657 3417 3710 ἂν
3451 3658 3534 3730 εἴη
3557 3698 3572 3721 ,
3606 3658 3751 3712 διδά-

2172 3761 2292 3798 σκει
2318 3744 2443 3815 ἐξῆς
2474 3744 2731 3813 φάσκωνο
2769 3765 2787 3797 ι
2832 3746 3019 3810 Ἔλεος
3052 3748 3144 3800 καὶ
3176 3748 3432 3820 ἀλήθειαν
3456 3749 3540 3813 τίς
3580 3748 3747 3818 ἐκζηε-

2166 3838 2321 3908 τήσει
2349 3835 2549 3901 αὑτοῦ;
2576 3856 2594 3887 ι
2624 3838 2800 3908 Ὅπερ
2827 3839 3158 3910 σαφέστερον
3185 3842 3528 3911 ἡρμήνευσεν
3547 3844 3577 3895 ὁ
3602 3840 3749 3912 Σύμ-

2171 3947 2343 4000 μαχος
2398 3931 2597 3983 εἰπών’
2666 3949 2684 3981 ι
2745 3931 2933 3995 ’Ἔλεος
2993 3934 3088 3985 καὶ
3140 3932 3365 4004 ἀλήθεια
3421 3932 3746 4006 περιφράξει

2168 4022 2329 4075 αὐτόν
2355 4037 2367 4050 ·
2411 4041 2429 4073 ι
2468 4023 2561 4076 καὶ
2590 4024 2619 4076 ὁ
2654 4022 2886 4087 Ἀκύλας
2924 4025 3158 4094 ὁμοίως,
3195 4043 3213 4077 t
3261 4026 3449 4089 Ἔλεος
3490 4028 3585 4080 καὶ
3610 4027 3744 4098 ἀλή-

2168 4113 2289 4167 θεια
2316 4113 2732 4185 διατηρήσουσιν
2757 4116 2940 4168 αὐτόν.
2991 4136 3008 4167 ι
3040 4117 3227 4171 Ταῦτα
3256 4118 3363 4189 γὰρ
3408 4118 3509 4188 τῆς
3546 4118 3747 4172 ἀθανα-

2169 4207 2290 4270 σίας
2318 4207 2468 4277 αύτῷ
2518 4207 2669 4259 ἔσται
2719 4207 2889 4268 αίτια,
2923 4207 2983 4259 τὸ
3007 4207 3101 4259 τοῦ
3130 4207 3264 4260 Θεοῦ
3299 4208 3446 4272 ἔλεος
3476 4210 3570 4263 καὶ
3608 4209 3745 4280 ἀλή-

2166 4296 2286 4352 θεια
2305 4315 2318 4327 ·
2343 4290 2417 4349 ὧν
2447 4297 2876 4368 μεταλαμϐάνων
2906 4300 3015 4361 πᾶς
3041 4298 3069 4349 ὁ
3094 4296 3347 4369 θεοφιλὴς
3371 4339 3385 4362 ,
3422 4300 3611 4372 ὥσπερ
3636 4302 3746 4355 ἀπὸ

2166 4388 2309 4442 ἀλῶν
2343 4388 2654 4459 ἀλιζόμενος
2679 4428 2694 4453 ,
2730 4388 3133 4460 φυλαχθήσεται
3184 4392 3263 4453 είς
3314 4391 3531 4446 αἰώνιον
3575 4392 3741 4464 ζωήν.

2169 4481 2245 4533 Οὐ
2291 4481 2400 4551 γὰρ
2449 4481 2514 4550 δὴ
2564 4481 2770 4551 ὁμοίως
2824 4481 2903 4553 τῷ
2926 4483 3046 4555 Θεῷ
3080 4485 3340 4554 πεφυκὼς
3384 4486 3483 4557 τὴν
3531 4486 3740 4551 οὐσίαν,

2092 4584 2138 4640 ι)
2166 4572 2366 4643 ὁμοίως
2399 4572 2546 4642 αὐτῷ
2574 4573 2816 4645 ζήσεται,
2846 4574 2961 4627 ἀλλ’
2993 4576 3099 4629 ὑπὸ
3138 4576 3229 4629 τοῦ
3265 4576 3445 4641 ἐλέους
3474 4575 3567 4631 τοῦ
3606 4576 3741 4630 Θεοῦ

2166 4668 2259 4720 καὶ
2288 4666 2393 4718 ὑπὸ
2422 4667 2519 4736 τῆς
2550 4666 2805 4737 ἀληθείας
2834 4668 3000 4721 αὐτοῦ
3027 4669 3499 4740 διακρατούμενος.

2238 4776 2255 4808 ι
2291 4758 2477 4821 Οὕτως
2502 4757 2658 4827 ψαλῶ
2677 4758 2755 4829 τῷ
2779 4760 3005 4829 ὀνόματί
3042 4778 3137 4814 σου
3191 4763 3271 4826 είς
3309 4761 3400 4814 τὸν
3441 4761 3613 4815 αίῶνα
3646 4760 3739 4814 τοῦ

2162 4851 2373 4915 αἰῶνος,
2400 4849 2495 4903 τοῦ
2526 4851 2815 4905 ἀποδοῦναί
2847 4870 2915 4923 με
2952 4852 3050 4916 τὰς
3085 4853 3250 4922 εὐχάς
3291 4871 3393 4924 μου
3437 4854 3649 4926 ήμέραν
3680 4851 3740 4918 ἐξ

2162 4942 2392 5012 ἡμέρας.
2436 4962 2455 4995 ι
2485 4942 2670 4995 Ταῦτα
2704 4942 2798 4996 τοῦ
2829 4944 2983 5011 ἁγίου
3012 4945 3331 5015 Πνεύματος
3358 4948 3425 5017 τῇ
3457 4946 3551 4999 τοῦ
3579 4944 3741 4998 Δαυῖδ

2163 5036 2546 5106 ὑφηγήσαντος
2581 5036 2751 5108 ψυχῇ,
2785 5036 2971 5107 μαθὼν
2999 5038 3187 5110 ὥσπερ
3220 5039 3372 5110 παρά
3413 5038 3737 5093 διδασκάλου

2162 5128 2229 5180 τὰ
2254 5125 2529 5196 λεχθέντα,
2552 5126 3007 5198 ἐπισφραγίζεται
3030 5132 3096 5199 τῇ
3124 5128 3302 5181 πίστει
3324 5127 3415 5181 τὸν
3435 5128 3590 5197 λόγον
3613 5129 3740 5181 ἀνα-

2162 5217 2354 5285 φωνῶν
2387 5218 2481 5270 καὶ
2505 5217 2709 5286 λέγων·
2748 5237 2767 5269 ι
2810 5219 2965 5273 Οὕτω
2992 5219 3144 5289 ψαλῶ
3176 5220 3253 5291 τῷ
3275 5221 3498 5290 ὀνόματί
3536 5237 3628 5273 σου
3659 5223 3739 5284 είς

2161 5309 2254 5362 τὸν
2283 5308 2453 5364 αίῶνα
2478 5309 2571 5363 τοῦ
2598 5310 2792 5373 αἰῶνος
2811 5329 2824 5341 ·
2854 5330 2871 5363 ι
2892 5314 2989 5383 οὐχ
3008 5312 3195 5375 ἁπλῶς
3218 5313 3295 5378 δὲ,
3317 5331 3336 5364 ι
3361 5312 3554 5378 Ψαλῶ,
3579 5312 3733 5381 φησὶ,

2160 5403 2240 5474 τῷ
2265 5403 2489 5473 ὀνόματί
2538 5419 2632 5456 σου
2681 5406 2761 5466 είς
2812 5404 2906 5457 τὸν
2933 5394 3106 5459 αἰῶνα
3150 5404 3246 5457 τοῦ
3274 5403 3504 5469 αίῶνος,
3543 5422 3563 5456 ι
3600 5402 3736 5457 ἀλλὰ

2165 5495 2301 5565 μετά
2335 5492 2651 5565 προσθήκης
2683 5492 2806 5563 τῆς,
2848 5512 2867 5543 ι
2904 5492 3077 5547 Οὕτω.
3124 5514 3143 5546 ι
3170 5494 3295 5557 Πῶς
3326 5493 3381 5545 δὲ
3414 5492 3588 5557 οὕτως
3619 5490 3734 5545 ἀλλ’

2162 5589 2237 5652 ὡς
2263 5588 2575 5658 προεδίδαξε
2596 5588 2655 5640 τὺ
2682 5587 2908 5658 Πνεῦμα
2933 5589 2994 5642 τὸ
3037 5588 3190 5656 ἅγιον
3229 5589 3407 5658 φῆσαν
3432 5604 3445 5619 ⁸
3488 5606 3508 5639 ι
3545 5587 3729 5651 Ἔλεος

2161 5678 2502 5749 καὶάλήθεια
2534 5679 2859 5751 περιφράξει
2886 5680 3067 5732 αὐτόν.
3110 5699 3127 5730 ι
3156 5680 3312 5732 Οὕτω
3354 5680 3463 5749 γὰρ
3494 5680 3600 5732 ὑπὸ
3635 5678 3731 5731 τοῦ

2157 5770 2254 5823 σοῦ
2281 5770 2460 5835 ἐλέους
2488 5771 2582 5824 καὶ
2607 5771 2710 5824 ὑπὸ
2742 5772 2838 5841 τῆς
2866 5770 2966 5840 σῆς
2996 5770 3251 5843 ἀληθείας
3294 5770 3731 5842 περιφραττόμε-

2159 5882 2248 5928 νος
2281 5864 2373 5917 καὶ
2401 5863 2841 5935 διατηρούμενος,
2873 5862 3029 5933 ψαλῶ
3059 5862 3138 5934 τῷ
3165 5861 3387 5935 ὀνόματί
3418 5879 3512 5916 σου
3536 5864 3616 5926 είς
3640 5861 3730 5915 τὸν
