4146 6390
428 314 536 380 53$
1558 305 2076 376 nonsummum
2119 308 2184 378 IN
2223 311 2564 380 P‘sawos.
3595 329 3701 385 586

426 435 601 488 αἰῶνα
619 431 713 488 τοῦ
738 435 952 498 αἰῶνος.
984 434 1308 506 Τεθάρσηκα
1339 436 1445 508 γὰρ
1476 437 1622 508 ζωῆς
1653 441 1873 494 αἰωνίου
1894 441 2018 495 τεύ-
2046 466 2063 518 λ

2064 463 2089 520 λ
2123 453 2233 508 tua,
2272 459 2378 500 non
2412 460 2531 498 mea
2562 443 2786 508 virtute,
2822 459 2908 499 me
2940 423 3106 500 vitam
3162 453 3442 511 aeternam,
3498 457 3552 503 ct
3584 466 3701 506 eam

427 528 613 593 ξεσθαι
637 528 733 581 καὶ
754 527 1056 592 ἀθανασίας
1091 530 1190 598 τῆς
1212 530 1363 600 παρᾶ
1392 531 1474 582 σοὶ
1505 530 1592 584 διὰ
1621 532 1713 584 τὸν
1751 533 1843 585 σὺν
1865 533 2013 586 ἔλεον

2122 550 2244 604 quae
2265 537 2408 607 apud
2437 544 2494 591 te
2515 543 2600 590 est
2622 535 3086 591 immortalitatem
3117 536 3462 608 adepturum.
3501 559 3519 590 ι
3561 539 3652 597 Sic
3681 564 3699 595 ι

424 617 520 676 κᾶὶ
545 621 634 676 διὰ
665 621 766 693 τὴν
796 621 896 692 σὴν
935 621 1214 692 ἀλήθειαν,
1241 620 1354 673 ἀλλ’
1378 622 1440 674 ού
1468 621 1556 674 διὰ
1580 622 1678 685 τὰς
1709 624 1850 694 ἐμὰς
1882 625 2010 695 ἀρε-

2121 622 2306 692 itaque
2341 641 2362 675 ι
2401 624 2630 694 psallam
2663 623 2869 678 nomini
2901 637 2996 679 tuo
3026 627 3080 681 in
3109 627 3371 682 saxulum
3400 632 3606 692 seculi,
3648 641 3705 686 ut

419 713 540 777 τ’άς.
585 733 603 764 ι
641 713 828 776 Οὕτως
883 708 978 766 οὖν
1029 713 1187 782 ψαλῶ
1233 713 1313 784 τῷ
1361 714 1586 784 ὀνόματί
1647 733 1744 768 σου
1791 717 1873 780 εἰς
1920 717 2012 769 τὸν

2122 714 2346 769 reddam
2379 723 2504 771 vota
2533 731 2653 771 mea
2676 716 2742 771 de
2771 716 2860 772 die
2889 717 2944 772 in
2974 719 3116 773 diem
3142 737 3156 784 ;
3197 740 3217 772 ι
3253 720 3370 776 sive
3399 725 3701 778 secundum

419 804 593 857 αἰῶνα
629 803 726 857 τοῦ
755 804 972 868 αἰῶνος,
999 803 1094 858 τοῦ
1127 805 1419 860 ἀποδοῦναί
1456 823 1524 876 με
1551 805 1652 870 τὰς
1695 807 1860 878 εὐχάς
1906 825 2009 877 μου

2124 804 2533 876 Symmachum,
2589 825 2609 859 ι
2669 805 2924 864 Rcddcns
2971 817 3094 864 vota
3134 825 3254 865 mea
3305 813 3539 883 singulis
3589 815 3704 868 die-

419 896 636 969 ήμέραν
665 898 724 964 ἐξ
747 898 962 969 ἡμέρας
981 913 994 928 ⁸
1029 917 1048 949 ι
1083 898 1117 969 ἢ
1147 897 1290 952 κατά
1306 898 1398 952 τὸν
1427 897 1744 970 Σύμμαχον,
1787 919 1806 950 ι
1843 899 2006 952 Ἀπο-

2119 897 2246 954 bus.
2282 917 2302 950 δ
2356 896 2644 968 Nunquam
2700 913 2834 954 sane
2890 901 3138 955 desinam
3187 903 3479 972 promissis
3530 910 3698 964 stare.

417 987 596 1052 διδοὺς
624 987 725 1051 τὰς
752 987 918 1058 εὐχάς
953 1003 1055 1058 μου
1083 987 1204 1041 καθ’
1226 989 1466 1058 ἑκάστην
1506 989 1740 1061 ἡμέραν.
1790 1009 1809 1041 ι
1845 989 2013 1042 Οὐδε-

2117 990 2276 1062 quasi
2324 990 2604 1060 perpetuis
2649 991 2895 1062 mihique
2947 983 3282 1050 salutaribus
3328 994 3550 1051 debitis.
3604 993 3700 1048 Illa

418 1079 640 1132 πώποτε
694 1078 803 1151 γὰρ
845 1079 1212 1150 ἀπολείψομαι
1264 1079 1358 1133 τοῦ
1413 1080 1489 1151 μὴ
1542 1079 1855 1134 ἀποδιδόναι
1914 1080 2011 1144 τὰς

2116 1083 2263 1138 enim
2289 1083 2374 1137 vel
2403 1098 2500 1153 per
2526 1081 2740 1136 inﬁnita
2784 1084 2984 1138 saecula
3033 1075 3263 1142 reddere
3310 1086 3694 1156 perseverabo.

419 1171 560 1242 ὲμὰς
592 1171 946 1240 ἐπαγγελίας,
980 1171 1170 1244 ῶσπερ
1194 1171 1420 1240 ὀφειλάς
1441 1172 1712 1244 διηνεκεῖς
1760 1171 1856 1226 καὶ
1885 1171 2010 1242 ἐμοὶ

2118 1171 2400 1244 Siquidem
2433 1187 2543 1226 non
2587 1172 2821 1236 otiosus,
2863 1187 2971 1228 non
3019 1187 3187 1243 opere
3231 1179 3440 1229 vacuus
3492 1175 3546 1228 in
3603 1174 3696 1228 illa

418 1263 742 1334 σωτηρίους.
780 1263 996 1328 Ταύτας
1024 1264 1133 1337 γὰρ
1159 1264 1451 1318 διατελέσω
1491 1265 1586 1318 καὶ
1610 1265 1692 1327 εἰς
1736 1264 1828 1318 τὸν
1851 1264 2008 1318 ἀπει-

2113 1277 2319 1320 teterna
2346 1263 2456 1317 vita
2490 1277 2627 1330 ero;
2659 1261 2756 1317 sed
2785 1265 3178 1332 congruentem
3207 1262 3558 1334 debitamque
3587 1261 3698 1317 Deo

417 1373 511 1426 ρον
536 1355 708 1409 αἰῶνα
739 1356 1043 1420 ἀποδιδούς.
1079 1358 1215 1411 Οὐδὲ
1246 1358 1355 1429 γὰρ
1384 1357 1554 1429 ἀργὸς
1585 1358 1680 1412 καὶ
1724 1357 2006 1428 ἄπρακτος

2115 1355 2190 1409 ibi
2243 1368 2466 1425 operam
2515 1353 2807 1424 prazstabo.
2866 1352 2993 1408 Haec
3041 1339 3242 1425 quippe
3280 1361 3367 1410 est
3417 1356 3602 1410 debita
3646 1365 3699 1409 ct

414 1445 611 1517 ἔσομαι
635 1446 757 1501 κατ’
791 1448 1007 1519 ἐκείνην
1035 1449 1133 1520 τὴν
1165 1449 1384 1503 αἰώνιον
1418 1449 1600 1522 ζωὴν,
1631 1449 1732 1521 τὴν
1771 1437 1828 1502 δὲ
1871 1447 2005 1519 πρέ-

1771 1437 1828 1502 δέ
1871 1447 2005 1519 πρέ-
2110 1444 2216 1516 ipsi
2247 1459 2560 1515 congruens
2587 1454 2850 1514 perpetua
2885 1446 3186 1516 gratiarum
3217 1448 3378 1501 actio.

413 1554 622 1592 πουσαν
669 1540 766 1592 καὶ
805 1540 1164 1614 ὀφειλομένην
1213 1541 1500 1606 ἀποδιδοὺς
1531 1541 1611 1612 τῷ
1666 1540 1786 1611 Θεῷ
1833 1540 1996 1594 κάκεῖ
2031 1537 2232 1610 πρᾶξιν
2267 1535 2582 1590 διατελέσω.
2617 1535 2768 1608 Αὕτη
2811 1536 2868 1590 δέ
2939 1540 3088 1594 ἐστιν
3126 1539 3159 1609 ἡ
3233 1538 3560 1610 ὀφειλομένη
3603 1539 3698 1594 καὶ

410 1628 563 1700 αὐτῷ
588 1629 871 1702 πρέπουσα
893 1633 1146 1704 διηνεκὴς
1177 1634 1500 1705 εὐχαριστία
1530 1635 1628 1706 (1).

409 1733 523 1802 Em
571 1747 660 1800 T0
698 1749 953 1814 τΕΑοΣ,
1004 1750 1189 1803 ΥΠΕΡ
1239 1751 1523 1806 ransom
1574 1751 1867 1806 ΨΑΛΜΟΣ
1922 1749 2046 1820 Tol

1969 1750 2008 1820 ῼ
2044 1756 2082 1808 Β
2180 1744 2259 1816 ιι.
2319 1741 2387 1796 IN
2441 1727 3222 1820 FINEMuPnoﬁngrrnuit
3276 1730 3606 1803 PsaLn’Us

1030 1821 1228 1874 ΔΑΥιΔ
1268 1823 1389 1875 EA’.
1981 1809 1994 1820 '
2180 1809 2200 1816 “

1981 1809 1994 1820 ’
2180 1809 2200 1816 “
2703 1809 2914 1866 DAVID
2966 1811 3102 1868 LXI.

487 1951 508 1984 ι
549 1933 685 2004 Οὐχὶ
711 1933 790 2005 τῷ
830 1934 951 2006 Θεῷ
975 1935 1382 2006 ὑποταγήσεται
1416 1937 1449 2006 ἡ
1498 1935 1643 2008 ψυχή
1681 1951 1820 2006 μους
1870 1937 2003 2007 παρ’

2177 1928 2344 1985 Vens.
2383 1929 2439 1991 2,
2471 1929 2523 1983 5.
2590 1947 2610 1980 ι
2650 1927 2843 1983 Nonne
2895 1927 3007 1983 Deo
3060 1919 3308 2000 subjecta
3353 1931 3460 1986 erit
3508 1932 3692 1987 anima

406 2018 556 2090 αὐτῷ
597 2021 708 2092 γάρ
736 2022 798 2074 τὸ
832 2023 1107 2094 Σωτήριόν
1151 2041 1272 2094 μου.
1315 2043 1335 2076 ι
1377 2025 1434 2077 '0
1490 2024 1591 2095 μὲν
1639 2024 2004 2096 προκείμενος

2105 2023 2269 2078 mea?
2292 2021 2362 2076 ab
2391 2023 2512 2092 ipso
2541 2021 2688 2076 enim
2720 2019 2982 2076 Salutare
3019 2026 3222 2076 m’eum.
3267 2040 3286 2074 ο
3319 2021 3419 2076 Hic
3447 2024 3689 2093 psalmus

403 2110 620 2182 ψαλμδς
649 2111 867 2184 εἴρηται
902 2113 1002 2185 μὲν
1025 2113 1104 2185 τῷ
1132 2114 1319 2178 Δαυῒδ,
1350 2115 1636 2188 πρόκειται
1660 2115 1719 2169 δὲ
1759 2117 1824 2186 τῇ
1875 2116 1999 2169 ἐπι-

2104 2114 2296 2169 Davidi
2329 2114 2550 2185 quidem
2595 2113 2775 2170 dictus
2807 2123 2913 2177 est,
2947 2113 3297 2184 inscriptioni
3327 2129 3492 2184 porro
3531 2115 3690 2169 addi-

323 2251 329 2257 .
404 2205 631 2274 γραφῇ,
665 2219 690 2258 ι
739 2205 882 2276 ὑπὲρ
948 2205 1218 2276 Ἰδιθούμ·
1261 2226 1280 2259 ι
1323 2206 1665 2269 διδάσκοντος
1696 2207 1848 2277 ἡμᾶς
1903 2223 1960 2258 το

2102 2215 2213 2269 tur,
2255 2225 2274 2258 ι
2314 2222 2414 2277 pro
2448 2205 2708 2260 ldilhum.
2747 2225 2765 2258 ι
2802 2190 3014 2272 Quibus
3064 2207 3382 2270 ed'Ocemur,
3426 2205 3687 2261 Davidem

404 2293 587 2362 λόγου,
611 2295 688 2360 ὡς
721 2297 829 2367 ἄρα
853 2299 882 2350 ὁ
911 2297 1094 2359 Δαυῒδ,
1138 2298 1277 2371 ὑπὲρ
1305 2297 1402 2352 τοῦ
1460 2297 1697 2368 Ἰδιθοὺμ
1730 2297 1998 2365 συντάξας

2098 2315 2226 2353 cum
2261 2314 2362 2370 pro
2388 2298 2623 2354 ldithum
2656 2300 2928 2369 psalmum
2977 2297 3324 2363 adornasset,
3375 2300 3481 2370 ipsi
3515 2299 3686 2355 tradi--

403 2386 495 2439 τὸν
516 2386 753 2458 ψαλμὸν.
789 2389 1107 2460 παρέδωκεν
1132 2373 1280 2461 αύτῷ
1304 2391 1555 2462 μελετᾷν,
1587 2391 1683 2444 καὶ
1705 2391 1826 2444 ἀντὶ
1853 2392 1997 2460 ἐπῳ-

2097 2391 2248 2446 disse
2277 2391 2346 2446 ad
2377 2389 2749 2446 meditandum
2781 2409 2795 2457 ;
2831 2398 2892 2444 ut
2921 2405 3009 2454 eo,
3037 2386 3320 2446 accidente
3351 2393 3683 2456 calamitate,

396 2477 497 2549 δῆς
537 2478 772 2550 χρῆσθαι
793 2483 874 2544 εἰς
897 2480 1218 2552 θεραπείαν,
1247 2484 1538 2554 συμφορᾶς
1570 2500 1716 2547 τινος
1764 2484 1996 2554 έπισυμέ-

2097 2481 2260 2554 quasi
2312 2482 2724 2538 incantamento
2780 2491 3033 2538 uteretur
3079 2482 3147 2537 ad
3205 2483 3496 2538 medelam.
3553 2484 3683 2542 Item

403 2570 579 2643 δάσης
607 2572 774 2644 αὐτῷ.
820 2575 929 2627 Καὶ
961 2575 989 2626 ὁ
1013 2576 1055 2628 λ’
1085 2575 1142 2630 δὲ
1175 2577 1268 2628 καὶ
1305 2581 1354 2646 η’
1377 2575 1762 2649 ἐπεγέγραπτο
1785 2616 1820 2640 ,κ
1847 2595 1864 2627 ι
1899 2577 1994 2640 Et;

2098 2575 2626 2646 xxxvminscriptus
2647 2580 2732 2628 est
2764 2593 2777 2629 :
2815 2591 2834 2625 ι
2861 2573 2918 2627 ln
2945 2573 3127 2636 ﬁnem,
3153 2573 3259 2644 ipsi
3280 2573 3685 2642 ldithum,can-

399 2661 462 2714 τὸ
490 2663 662 2728 τέλος,
693 2665 771 2736 τῷ
816 2665 1071 2738 Ἰδιθοὺμ,
1095 2666 1208 2739 ᾠδὴ
1259 2667 1357 2720 τοῦ
1392 2667 1584 2721 Δαυῖδ·
1633 2688 1652 2720 ι
1702 2669 1763 2721 ἐν
1897 2668 1994 2722 καὶ

2095 2666 2267 2720 ticum
2298 2665 2537 2721 Davidis.
2573 2685 2592 2718 ι
2626 2667 2685 2718 in
2715 2681 2824 2736 quo
2854 2665 3107 2720 similiter
3151 2664 3321 2718 David
3372 2665 3680 2721 doctrinam

399 2756 548 2828 αὐτῷ
571 2757 774 2827 ὁμοίως
796 2758 1148 2812 διδασκαλίαν
1181 2760 1470 2833 παρεδίδου
1500 2763 1529 2815 ὀ
1561 2759 1723 2814 Δαυῖδ
1747 2761 1824 2832 τῷ
1868 2762 1988 2815 Ἰδι-

2094 2759 2200 2829 ipsi
2217 2757 2453 2812 ldithum
2483 2759 2538 2813 in
2567 2758 2684 2828 pari
2726 2772 2934 2822 rerum,
2962 2754 3024 2811 u't
3071 2755 3327 2822 arbitror,
3368 2757 3685 2814 conditione.

398 2846 544 2922 θοὺμ
570 2849 656 2903 διὰ
685 2850 784 2922 τὴν
811 2852 1003 2923 αὐτὴν,
1047 2847 1201 2922 οἶμαι
1227 2892 1243 2918 ,
1293 2854 1655 2909 κατάστασιν.
1723 2855 1989 2910 Ἐνταῦθα

2089 2851 2337 2907 tradidit.
2362 2851 2497 2907 Nam
2526 2851 2615 2907 hic
2646 2850 2851 2905 dicitur
2877 2870 2890 2906 :
2929 2869 2948 2902 ι
2984 2848 3103 2904 Non
3143 2852 3403 2906 movebor
3423 2853 3681 2923 amplius.

400 2937 504 3010 μὲν
535 2939 645 3012 γὰρ
695 2940 979 2996 λέλεκταιο
1017 2961 1038 2995 ι
1069 2944 1145 2997 Οὐ
1203 2945 1279 3015 μὴ
1332 2944 1588 2998 σαλευθῶ
1631 2946 1724 2999 ἐπὶ
1779 2945 1984 3000 πλεῖον.

2091 2943 2393 3015 Quousque
2421 2944 2636 3001 irruitis
2664 2945 2720 2998 in
2751 2944 3027 2998 hominem
3055 2943 3410 2999 ?interﬁcitis
3439 2947 3680 3001 universi

402 3033 549 3096 Ἕως
586 3033 716 3086 πότε
739 3033 1048 3088 ἐπιτίθεσθε
1076 3038 1164 3090 ἐπ’
1196 3036 1502 3108 ἄνθρωπον,
1535 3037 1824 3108 φονεύεσθε
1851 3040 1987 3094 πάν-

2087 3049 2210 3090 vos.
2249 3053 2268 3086 ι
2305 3032 2362 3088 1η
2397 3049 2607 3088 xxxvnt
2659 3044 2840 3088 autem
2873 3052 2886 3088 :
2941 3051 2960 3084 ι
3017 3033 3152 3087 Cum
3185 3034 3513 3090 consisteret
3554 3051 3682 3107 pec-

395 3141 487 3187 τες
515 3125 712 3195 ὑμεῖςς
762 3146 780 3178 ι
820 3128 878 3179 ὲν
922 3127 981 3180 δὲ
1019 3127 1098 3200 τῷ
1127 3129 1207 3199 λη’
1229 3148 1241 3159 ·
1283 3149 1302 3180 ι
1346 3131 1434 3183 Ἐν
1483 3129 1563 3202 τῷ
1600 3131 1862 3202 συστῆναι
1893 3133 2032 3196 τὸν(

2046 3138 2058 3198 ζ
2088 3135 2246 3182 calor
2268 3127 2560 3184 adversum
2594 3143 2703 3196 me,
2738 3126 2988 3182 obmutui
3017 3134 3072 3180 et
3104 3126 3424 3183 humiliatus
3461 3143 3606 3194 smn,
3628 3138 3683 3183 et

393 3215 718 3285 ἁμαρτωλὸν
743 3218 986 3272 ἐναντίον
1009 3236 1132 3290 μου,
1151 3219 1451 3292 ὲκωφώθην
1471 3221 1565 3276 καὶ
1585 3222 1982 3296 ἐταπεινώθην,

2091 3217 2219 3273 silui
2254 3233 2286 3272 a
2315 3217 2499 3281 bonis,
2521 3226 2578 3273 et
2602 3217 2762 3272 dolor
2807 3232 2963 3273 meus
3002 3224 3301 3272 renovatus
3332 3227 3417 3273 est
3441 3217 3531 3284 ";
3573 3239 3592 3272 ι
3627 3229 3681 3275 et

394 3306 488 3358 καὶ
511 3306 745 3378 ὲσίγησα
781 3307 841 3373 ἐξ
874 3309 1116 3378 ἀγαθῶν,
1155 3312 1334 3365 καὶτὸ
1367 3312 1595 3384 ἄλγημά
1633 3331 1734 3384 μου
1767 3316 1986 3372 ἁνεκαι-

2089 3325 2337 3373 rursum,
2376 3327 2396 3360 ι
2435 3309 2518 3365 Ab
2546 3309 2808 3364 omnibus
2839 3298 3225 3378 iniquitatibus
3249 3309 3390 3364 meis
3412 3325 3546 3364 erue
3570 3326 3677 3374 me,

391 3397 551 3470 νίσθη
579 3415 594 3428 ο
629 3419 648 3450 ›
681 3400 775 3454 καὶ
800 3401 963 3456 πάλιν
985 3415 1000 3434 "
1032 3422 1052 3454 ‹
1097 3404 1230 3458 Ἀπὸ
1258 3404 1449 3459 πασῶν
1473 3407 1583 3460 τῶν
1610 3408 1853 3478 ἀνομιῶν
1881 3426 1982 3480 μου

2087 3402 2446 3473 opprobrium
2470 3402 2754 3474 insipienti
2789 3401 2994 3458 dedisti
3027 3417 3114 3456 me
3133 3401 3202 3456 δ’.
3239 3421 3258 3453 ι
3288 3402 3675 3472 Animadverte

394 3491 555 3561 ῥῦσαί
584 3510 652 3564 με
672 3510 687 3523 θ
712 3493 914 3559 ὄνειδος
945 3496 1139 3568 ἄφρονι
1161 3497 1370 3562 ἔδωκάς
1398 3517 1488 3570 με.
1523 3519 1541 3551 ι
1573 3501 1686 3556 Καὶ
1733 3501 1828 3556 θέα
1860 3505 1985 3558 τίνα

2089 3509 2277 3564 porro,
2317 3510 2428 3565 quo
2462 3503 2624 3564 pacto
2656 3493 2714 3548 in
2756 3499 2991 3563 utroque
3021 3508 3082 3547 se
3112 3493 3168 3546 in
3201 3494 3506 3550 tentatione
3535 3509 3673 3548 con-

389 3583 593 3655 τρόπον
618 3585 874 3656 ἐμφαίνει
905 3587 972 3641 δι’
995 3588 1324 3660 ἀμφοτέρων
1346 3590 1405 3643 ὲν
1425 3591 1716 3664 πειρασμῷ
1737 3611 1842 3646 τινι
1902 3594 1985 3661 ἐξ·

2087 3588 2340 3642 stitutum
2375 3597 2430 3644 et
2459 3587 2645 3658 gravia
2675 3601 2898 3657 passum
2933 3584 3204 3657 signiﬁcet
3233 3604 3248 3652 ;
3275 3602 3382 3657 qua
3408 3587 3478 3642 de
3505 3603 3673 3643 causa

387 3677 624 3748 ητάσθαι
654 3678 749 3733 καὶ
775 3679 926 3733 δεινά
965 3680 1291 3735 πεπονθέναι
1314 3697 1330 3712 ο
1354 3682 1437 3736 διὸ
1480 3682 1687 3748 ταύτας
1729 3687 1982 3756 προσίετο

2085 3679 2252 3736 hasce
2280 3680 2510 3750 protulit
2548 3693 2733 3734 voces.
2766 3677 2834 3730 1h.
2880 3678 2935 3732 in
2980 3678 3237 3748 praesenti
3269 3677 3488 3750 quidem
3523 3681 3674 3749 psal-

388 3769 489 3833 τὰς
510 3771 713 3840 φωνάς.
739 3773 848 3826 Καὶ
876 3774 933 3825 ἐν
957 3774 1056 3843 μὲν
1076 3773 1153 3843 τῷ
1173 3773 1312 3844 μετὰ
1339 3778 1529 3847 χεῖρας
1551 3775 1751 3848 ψαλμῷ
1774 3777 1981 3851 προϊών

2083 3789 2176 3827 mo
2230 3771 2492 3842 deinceps
2527 3773 2646 3827 ait:
2678 3790 2697 3822 ι
2757 3769 3148 3826 Verumtamen
3183 3772 3308 3826 vani
3350 3771 3444 3826 ﬁlii
3493 3772 3671 3828 homi-

389 3879 523 3933 φησι
548 3879 562 3894 ο
605 3882 623 3914 ι
662 3864 810 3935 Πλὴν
844 3866 1063 3935 μάταιοι
1095 3867 1145 3918 οἱ
1180 3867 1289 3920 υίοὶ
1326 3868 1436 3921 τῶν
1473 3867 1812 3939 ἀνθρώπων,
1840 3869 1979 3940 ψευ-

2083 3879 2239 3926 num,
2275 3865 2567 3917 mendaces
2599 3861 2694 3915 ﬁlii
2730 3861 3014 3916 hominum
3053 3861 3108 3914 in
3136 3861 3379 3926 stateris,
3431 3871 3491 3916 ut
3528 3863 3669 3932 inju-

386 3951 496 4016 δεῖς
526 3954 632 4006 υἱοὶ
661 3953 770 4008 τῶν
797 3955 1100 4027 ἀνθρώπων
1129 3959 1187 4011 ἐν
1213 3956 1417 4026 ζυγοῖς,
1445 3956 1539 4012 τοῦ
1576 3958 1831 4031 ἀδικῆσαι
1875 3963 1976 4015 αύ-

2081 3955 2221 4009 rianr
2257 3953 2462 4010 faciant
2493 3955 2597 4025 ipsi
2628 3954 2696 4008 de
2735 3953 2978 4008 vanitate
3025 3951 3082 4006 in
3115 3953 3392 4022 idipsum:
3435 3974 3453 4006 ι
3491 3956 3545 4008 in
3573 3956 3668 4009 illo

385 4047 471 4099 τοὶ
503 4050 568 4101 ὲκ
601 4048 965 4119 ματαιότητος
990 4051 1082 4103 ἐπὶ
1115 4050 1176 4103 τὸ
1205 4051 1336 4105 αὑτό
1359 4070 1373 4084 ο
1415 4071 1434 4103 ι
1469 4053 1565 4106 καὶ
1591 4054 1652 4105 ἐν
1687 4054 1884 4123 ἐκείνῳ
1918 4053 1977 4106 δὲ

2080 4054 2262 4102 autem
2288 4047 2542 4102 similiter
2568 4045 2894 4102 dicebatur:
2935 4063 2956 4096 ι
2992 4042 3378 4100 Verumtamen
3412 4047 3667 4102 universa

383 4139 590 4210 ὁμοίως
641 4141 862 4211 εἴρητοο
922 4160 940 4192 ι
977 4140 1128 4212 Πλὴν
1181 4141 1251 4194 τά
1311 4143 1605 4214 σύμπαντα
1655 4147 1974 4216 ματαιότης,

2081 4140 2318 4204 vanitas,
2349 4141 2531 4195 omnis
2565 4141 2730 4195 homo
2756 4141 2945 4196 vivens
2965 4141 3013 4172 "'
3041 4159 3056 4196 :
3100 4161 3118 4192 ι
3157 4156 3221 4196 ac
3251 4141 3469 4206 iterum,
3505 4161 3523 4194 ι
3562 4141 3669 4197 Ve-

384 4233 498 4295 πᾶς
525 4232 814 4304 ἄνθρωπος
848 4232 957 4298 ζῶν
981 4253 997 4269 ο
1029 4235 1123 4288 καὶ
1151 4235 1316 4288 πάλιν
1341 4251 1353 4264 ’
1397 4254 1416 4279 ε
1457 4237 1603 4308 Πλὴν
1642 4237 1820 4308 μάτην
1867 4241 1977 4302 mi;

2080 4238 2393 4285 rumtamen
2433 4247 2571 4286 vane
2625 4232 2807 4286 omnis
2857 4231 3020 4287 homo
3045 4233 3128 4300 ⁸⁵;
3171 4252 3190 4285 ι
3248 4249 3371 4302 quae
3424 4234 3479 4287 in
3517 4235 3665 4314 nullo

382 4323 702 4394 ἄνθρωπος·
759 4345 778 4377 ι
845 4325 990 4399 ἆπερ
1020 4327 1172 4381 οὐδὲν
1211 4327 1278 4382 ἂν
1305 4327 1556 4400 διαφέροι
1595 4329 1722 4382 τοῦ·
1755 4348 1772 4380 ι
1829 4329 1975 4400 Πλὴν

2077 4324 2333 4380 diﬂ'erant
2360 4324 2430 4378 ab
2463 4324 2654 4378 hisce:
2699 4344 2717 4374 ι
2760 4322 3152 4380 Verumtamen
3181 4326 3305 4379 vani
3356 4324 3450 4378 lilii
3490 4325 3667 4380 homi-

388 4418 608 4490 μάταιοι
637 4421 686 4472 οί
715 4421 820 4474 υἱοὶ
846 4421 956 4475 τῶν
984 4421 1309 4493 ἀνθρώπων,
1341 4422 1496 4476 αὐτοὶ
1521 4424 1586 4475 ἐκ
1613 4423 1975 4492 ματαιότητος
2007 4478 2025 4493 ,

2029 4482 2046 4493 _
2079 4433 2232 4478 num,
2272 4415 2379 4486 ipsi
2428 4431 2494 4469 ex
2534 4415 2778 4469 vanitate
2829 4415 2884 4468 in
2935 4413 3197 4485 idipsum.
3235 4433 3253 4466 ι
3306 4415 3389 4468 Ad
3441 4415 3556 4469 haec
3609 4415 3664 4471 in

383 4478 478 4565 ἐπὶ
509 4511 572 4564 τὸ
599 4511 753 4564 αὐτό.
797 4530 816 4564 ι
851 4513 974 4566 Ἔτι
1003 4478 1142 4583 πρδς
1173 4478 1385 4577 τούτοις
1423 4514 1480 4566 ὲν
1521 4478 1626 4584 τῷ.
1649 4513 1730 4585 λη’
1786 4478 1971 4584 εὕροις
2004 4478 2020 4535 Ι

2025 4482 2050 4533 )
2077 4524 2287 4564 xxxvm
2341 4508 2547 4563 dictum
2600 4507 2978 4578 deprehendas
3024 4527 3036 4562 :
3108 4526 3127 4558 ι
3165 4505 3554 4563 Verumtamen
3609 4509 3662 4563 in

381 4603 452 4658 ἂν
480 4603 772 4676 εἰρημένον
801 4603 864 4657 τό
885 4621 898 4634 ·
938 4620 960 4655 ι
991 4605 1258 4672 Μέντοιγε
1294 4605 1353 4658 ὲν
1386 4604 1556 4658 εἰκόνι
1587 4605 1968 4676 διαπορεύεται

2079 4601 2316 4672 imagine
2347 4603 2646 4674 pertransit
2684 4602 2867 4656 homo.
2900 4599 3290 4656 Verumtamen
3341 4615 3479 4654 vane
3529 4615 3663 4654 con-

379 4696 687 4769 ἆνθρωπος.
744 4696 891 4768 Πλὴν
941 4696 1118 4769 μάτην
1171 4698 1552 4769 ταράσσονται.
1611 4698 1965 4770 Θησαυρίζει,

2079 4695 2395 4750 turbantur.
2427 4693 2811 4757 Thesaurizat,
2843 4701 2897 4747 et
2931 4692 3144 4764 ignorat
3174 4691 3260 4744 cui
3305 4691 3660 4760 congregabit

379 4789 477 4842 καὶ
505 4782 566 4841 οὔ
623 4787 882 4857 γινώσκει
930 4786 1036 4840 τίνι
1062 4787 1282 4854 συνάξει
1323 4787 1485 4840 αὑτά.
1525 4805 1544 4837 ι
1585 4786 1862 4856 Σύμφωνα
1908 4787 1966 4841 δὲ

2075 4800 2140 4838 ea
2165 4785 2309 4850 ⁵⁶;-›
2343 4785 2545 4854 quibus
2575 4799 2819 4839 consona
2873 4784 3076 4837 fuerint
3128 4782 3244 4838 baro
3293 4783 3350 4834 in
3398 4781 3657 4850 praesenti

375 4878 589 4942 τούτοις
612 4877 699 4949 εἴη
723 4877 790 4931 ἂν
819 4878 914 4930 καὶ
949 4877 1017 4930 τὰ.
1047 4877 1185 4949 μετὰ
1211 4880 1400 4948 χεῖρας
1437 4876 1708 4945 λεγόμενα
1753 4877 1812 4929 ἐν
1845 4876 1966 4929 τού-

2073 4876 2259 4930 dicta:
2299 4895 2318 4927 ι
2375 4875 2552 4930 Nolite
2608 4891 2830 4944 sperare
2886 4877 2938 4928 in
2968 4875 3276 4944 iniquitate,
3322 4881 3376 4928 et
3409 4874 3658 4942 rapinam

374 4988 520 5034 τοιςο
553 4990 572 5021 ι
610 4971 699 5042 Μὴ
746 4970 995 5035 ἐλπίζετε
1036 4969 1129 5022 ἐπὶ
1167 4969 1400 5030 ἀδικίαν,
1445 4969 1539 5022 καὶ
1563 4970 1657 5021 ἐπὶ
1693 4967 1966 5039 ἅρπαγμα

2074 4965 2250 5019 nolite
2293 4967 2690 5035 concupiscere
2719 4983 2731 5019 :
2765 4965 2970 5019 divitiae
2999 4965 3044 5018 si
3076 4963 3318 5026 allluant,
3353 4964 3521 5018 nolite
3559 4979 3656 5018 cor

376 5062 454 5134 μὴ
475 5062 784 5117 ὲπιποθεῖτε
806 5079 820 5092 ο
855 5060 1086 5123 πλοῦτος
1116 5060 1211 5114 ὲάν
1244 5061 1366 5134 ῥέῃ,
1405 5061 1481 5133 μὴ
1508 5058 1864 5132 προστίθεσθε
1895 5062 1961 5130 τῇ

2073 5069 2368 5122 apponere.
2411 5075 2428 5105 ι
2459 5053 2616 5120 Quod
2654 5055 2698 5108 si
2732 5061 2790 5107 tu
2827 5069 2923 5124 per
2951 5053 3122 5114 otium
3150 5053 3297 5106 dicta
3330 5053 3383 5106 in
3416 5060 3653 5122 utraque

371 5153 593 5224 καρδία.
630 5173 650 5203 ι
683 5153 794 5206 Καὶ
827 5152 892 5206 σὺ
918 5150 962 5203 δ’
995 5149 1085 5211 ἂν,
1130 5150 1223 5202 ἐπὶ
1269 5149 1466 5220 σχολῆς
1508 5150 1574 5201 ὲκ
1611 5147 1958 5220 παραλλήλου

2072 5146 2285 5217 psalmo
2317 5147 2492 5224 posita
2533 5147 2822 5200 adversum
2857 5144 3180 5206 contuleris,
3229 5144 3478 5198 eamdem
3528 5160 3652 5209 5pc-

371 5243 470 5306 τάς
501 5245 559 5296 ἐν
583 5243 914 5313 ἀμφοτέροις
946 5244 1062 5303 τοῖς
1099 5239 1389 5310 δηλωθείσι
1419 5239 1654 5310 ψαλμοῖς
1694 5239 1953 5309 ἐγκειμέ-

2065 5246 2218 5293 ctare
2262 5239 2589 5293 sententiam
2639 5235 3040 5307 deprehendes.
3097 5233 3264 5286 David
3313 5233 3496 5303 itaque
3547 5236 3646 5304 ipsi

370 5351 468 5395 νας
494 5334 666 5400 λέξεις
695 5333 964 5405 παραθεὶς
980 5333 1260 5404 ἀλλήλαις,
1286 5332 1468 5404 εὕροις
1494 5331 1558 5386 ἂν
1584 5333 1713 5402 μιᾶς
1732 5332 1826 5384 καὶ
1855 5331 1955 5400 τῆς

2063 5331 2297 5385 ldithum
2325 5331 2608 5384 accidente
2627 5329 2946 5389 tentatione,
2967 5338 3019 5381 et
3036 5325 3269 5381 fortasse
3300 5327 3478 5396 lapsu,
3509 5327 3649 5380 hanc

441 5488 488 5521 ⁵¹
526 5487 673 5544 Psal.
708 5506 938 5550 xxxvm,
976 5491 1033 5553 2,
1066 5488 1120 5542 5.
1199 5487 1244 5519 ⁵³
1280 5488 1411 5544 ibid.
1449 5489 1503 5542 9.
1578 5489 1625 5520 ⁵⁸
1667 5487 1796 5541 ibid.
1830 5486 1882 5540 6.
1959 5487 2005 5518 ⁵³
2046 5486 2078 5540 il

1118 5530 1120 5540 .
1199 5487 1244 5519 ⁵³
1280 5488 1411 5544 ibid.
1449 5489 1503 5542 9.
1578 5489 1625 5520 ⁵⁸
1667 5487 1796 5541 ibid.
1830 5486 1882 5540 6.
1959 5487 2005 5518 ⁵³
2046 5485 2179 5542 ibid.
2216 5485 2305 5542 12.
2386 5485 2432 5516 ⁵⁸
2469 5483 2603 5539 ibid.
2641 5483 2755 5539 7—9.

453 5672 532 5743 (l)
570 5671 704 5726 Post
724 5671 839 5725 hac
873 5671 1124 5742 sequitur
1163 5670 1446 5740 catalogus
1477 5670 1760 5743 titulorum
1791 5667 2010 5743 Eusebii
2035 5667 2102 5743 Lin
2141 5669 2393 5743 undecim
2436 5667 3000 5743 sequentcspsalmos
3049 5669 3152 5722 hoc
3188 5669 3322 5743 ritu.
3374 5647 3642 5743 Σχολικιῖρ

384 5733 698 5814 ἐξηγήσεων
725 5746 802 5803 είς
827 5733 1448 5810 τοὺξὺποτεταγμένους
1488 5741 1755 5810 ψαλμοὺς,
1797 5742 1874 5802 εἰς
1905 5740 1996 5790 τὸν
2029 5737 2130 5803 ξα’,
2173 5741 2230 5791 ὲν
2269 5733 2313 5806 ᾧ
2346 5740 2461 5791 ἐστὶ
2497 5733 2818 5790 διδασκαλία
2843 5739 3236 5809 θεραπευτικὴ,
3279 5748 3333 5791 ct
3387 5733 3468 5793 sic
3496 5746 3597 5791 tztt.
3624 5738 3642 5790 i

379 5811 672 5883 cultisque,
700 5831 872 5882 usque
906 5815 970 5865 ad
1008 5819 1105 5879 οα¹,
1125 5821 1184 5864 ut
1215 5814 1369 5864 inrtio
1399 5812 1529 5864 editi
1556 5821 1704 5873 sunt,
1730 5811 2044 5862 allen-untur.

670 5908 937 5966 ΡΑΤιιοι..
977 5909 1095 5966 Gn.
1143 5905 1380 5964 XXI“.

3282 5895 3355 5953 19
