  <div class='ocr_page' id='page_1' title='image "/cluster/home/n/w/nwhite01/storage/ocr_20150623/23/nnc1.0046978313/319.png"; bbox 0 0 4142 6388; ppageno 0'>
   <div class='ocr_carea' id='block_1_1' title="bbox 474 384 577 440">
    <p class='ocr_par' dir='ltr' id='par_1_1' title="bbox 474 384 577 440">
     <span class='ocr_line' id='line_1_1' title="bbox 474 384 577 440; baseline -0.039 0"><span class='ocrx_word' id='word_1_1' title='bbox 474 384 577 440; x_wconf 67' lang='grc' dir='ltr'><strong>58Ἶ</strong></span> 
     </span>
    </p>
   </div>
   <div class='ocr_carea' id='block_1_2' title="bbox 1188 377 2050 437">
    <p class='ocr_par' dir='ltr' id='par_1_2' title="bbox 1188 377 2050 436">
     <span class='ocr_line' id='line_1_2' title="bbox 1188 377 2050 436; baseline 0.005 -4"><span class='ocrx_word' id='word_1_2' title='bbox 1188 377 1461 433; x_wconf 68' lang='grc' dir='ltr'>ΕυδΕιιιι</span> <span class='ocrx_word' id='word_1_3' title='bbox 1498 377 1987 436; x_wconf 68' lang='grc' dir='ltr'><strong>(ἷίΕδΑΙὶΙΕΝδΙΞ</strong></span> <span class='ocrx_word' id='word_1_4' title='bbox 2027 377 2050 435; x_wconf 77' lang='grc' dir='ltr'><strong>ί</strong></span> 
     </span>
    </p>
   </div>
   <div class='ocr_carea' id='block_1_3' title="bbox 2154 377 3069 437">
    <p class='ocr_par' dir='ltr' id='par_1_3' title="bbox 2154 377 3069 437">
     <span class='ocr_line' id='line_1_3' title="bbox 2154 377 3069 437; baseline -0.002 -3"><span class='ocrx_word' id='word_1_5' title='bbox 2154 389 2177 434; x_wconf 64' lang='grc'><strong>⁵.</strong></span> <span class='ocrx_word' id='word_1_6' title='bbox 2209 378 2390 434; x_wconf 73' lang='lat' dir='ltr'><strong>PARS</strong></span> <span class='ocrx_word' id='word_1_7' title='bbox 2430 379 2516 434; x_wconf 92' lang='lat' dir='ltr'><strong>Ill.</strong></span> <span class='ocrx_word' id='word_1_8' title='bbox 2558 410 2626 419; x_wconf 94' lang='lat'><strong>-—</strong></span> <span class='ocrx_word' id='word_1_9' title='bbox 2651 377 3069 437; x_wconf 72' lang='lat' dir='ltr'><strong>EXEGETICA.</strong></span> 
     </span>
    </p>
   </div>
   <div class='ocr_carea' id='block_1_4' title="bbox 3651 385 3758 444">
    <p class='ocr_par' dir='ltr' id='par_1_4' title="bbox 3651 385 3758 444">
     <span class='ocr_line' id='line_1_4' title="bbox 3651 385 3758 444; baseline 0.037 -4"><span class='ocrx_word' id='word_1_10' title='bbox 3651 385 3758 444; x_wconf 82' lang='lat'><strong>588</strong></span> 
     </span>
    </p>
   </div>
   <div class='ocr_carea' id='block_1_5' title="bbox 472 495 2050 572">
    <p class='ocr_par' dir='ltr' id='par_1_5' title="bbox 472 496 2050 567">
     <span class='ocr_line' id='line_1_5' title="bbox 472 496 2050 567; baseline -0.003 -11"><span class='ocrx_word' id='word_1_11' title='bbox 472 501 781 557; x_wconf 85' lang='lat' dir='ltr'><strong>doctrinam</strong></span> <span class='ocrx_word' id='word_1_12' title='bbox 820 496 1046 553; x_wconf 74' lang='lat' dir='ltr'><strong>medela:</strong></span> <span class='ocrx_word' id='word_1_13' title='bbox 1078 504 1444 567; x_wconf 77' lang='lat' dir='ltr'><strong>opportunam</strong></span> <span class='ocrx_word' id='word_1_14' title='bbox 1479 496 1779 553; x_wconf 89' lang='lat' dir='ltr'><strong>tradidisse</strong></span> <span class='ocrx_word' id='word_1_15' title='bbox 1809 498 2050 565; x_wconf 80' lang='lat' dir='ltr'><strong>videtur;</strong></span> 
     </span>
    </p>
   </div>
   <div class='ocr_carea' id='block_1_6' title="bbox 2154 495 3758 572">
    <p class='ocr_par' dir='ltr' id='par_1_6' title="bbox 2165 495 3758 572">
     <span class='ocr_line' id='line_1_6' title="bbox 2165 495 3758 572; baseline 0.003 -22"><span class='ocrx_word' id='word_1_16' title='bbox 2165 497 2335 568; x_wconf 85' lang='grc' dir='ltr'>αὑτῆς</span> <span class='ocrx_word' id='word_1_17' title='bbox 2380 495 2642 567; x_wconf 79' lang='grc' dir='ltr'><strong>ἐχομένας</strong></span> <span class='ocrx_word' id='word_1_18' title='bbox 2687 495 2946 559; x_wconf 85' lang='grc' dir='ltr'>διανοίας.</span> <span class='ocrx_word' id='word_1_19' title='bbox 2996 495 3053 548; x_wconf 83' lang='lat'><strong>&#39;0</strong></span> <span class='ocrx_word' id='word_1_20' title='bbox 3083 496 3262 550; x_wconf 80' lang='grc' dir='ltr'>τοίνυν</span> <span class='ocrx_word' id='word_1_21' title='bbox 3291 496 3455 550; x_wconf 84' lang='grc' dir='ltr'>Δαυῖδ</span> <span class='ocrx_word' id='word_1_22' title='bbox 3482 496 3625 553; x_wconf 74' lang='grc' dir='ltr'>ἔοικε</span> <span class='ocrx_word' id='word_1_23' title='bbox 3675 500 3758 572; x_wconf 78' lang='grc' dir='ltr'>τῷ</span> 
     </span>
    </p>
   </div>
   <div class='ocr_carea' id='block_1_7' title="bbox 470 586 2054 659">
    <p class='ocr_par' dir='ltr' id='par_1_7' title="bbox 470 586 2054 659">
     <span class='ocr_line' id='line_1_7' title="bbox 470 586 2054 659; baseline -0.003 -13"><span class='ocrx_word' id='word_1_24' title='bbox 470 601 530 647; x_wconf 85' lang='grc' dir='ltr'><strong>ιιι</strong></span> <span class='ocrx_word' id='word_1_25' title='bbox 557 605 681 648; x_wconf 86' lang='lat' dir='ltr'><strong>sese</strong></span> <span class='ocrx_word' id='word_1_26' title='bbox 711 588 1003 659; x_wconf 85' lang='lat' dir='ltr'><strong>reciperet,</strong></span> <span class='ocrx_word' id='word_1_27' title='bbox 1033 595 1086 642; x_wconf 92' lang='lat' dir='ltr'><strong>et</strong></span> <span class='ocrx_word' id='word_1_28' title='bbox 1136 601 1167 641; x_wconf 89' lang='lat' dir='ltr'><strong>a</strong></span> <span class='ocrx_word' id='word_1_29' title='bbox 1200 586 1360 658; x_wconf 91' lang='lat' dir='ltr'><strong>lapsu</strong></span> <span class='ocrx_word' id='word_1_30' title='bbox 1399 595 1706 642; x_wconf 83' lang='lat' dir='ltr'><strong>revocaret.</strong></span> <span class='ocrx_word' id='word_1_31' title='bbox 1756 586 1815 641; x_wconf 90' lang='lat' dir='ltr'><strong>In</strong></span> <span class='ocrx_word' id='word_1_32' title='bbox 1847 604 2054 642; x_wconf 74' lang='lat' dir='ltr'><strong>xxxvnt</strong></span> 
     </span>
    </p>
   </div>
   <div class='ocr_carea' id='block_1_8' title="bbox 465 679 2058 754">
    <p class='ocr_par' dir='ltr' id='par_1_8' title="bbox 465 679 2058 754">
     <span class='ocr_line' id='line_1_8' title="bbox 465 679 2058 754; baseline -0.001 -15"><span class='ocrx_word' id='word_1_33' title='bbox 465 683 688 754; x_wconf 82' lang='lat' dir='ltr'><strong>quidem</strong></span> <span class='ocrx_word' id='word_1_34' title='bbox 725 681 906 752; x_wconf 88' lang='lat' dir='ltr'><strong>ipsum</strong></span> <span class='ocrx_word' id='word_1_35' title='bbox 939 679 1287 745; x_wconf 79' lang='lat' dir='ltr'><strong>instituebat,</strong></span> <span class='ocrx_word' id='word_1_36' title='bbox 1319 688 1380 734; x_wconf 89' lang='lat' dir='ltr'><strong>ut</strong></span> <span class='ocrx_word' id='word_1_37' title='bbox 1409 694 1534 736; x_wconf 88' lang='lat' dir='ltr'><strong>sese</strong></span> <span class='ocrx_word' id='word_1_38' title='bbox 1561 679 1966 744; x_wconf 85' lang='lat' dir='ltr'><strong>cohortaretur,</strong></span> <span class='ocrx_word' id='word_1_39' title='bbox 1994 697 2058 737; x_wconf 89' lang='lat' dir='ltr'><strong>ac</strong></span> 
     </span>
    </p>
   </div>
   <div class='ocr_carea' id='block_1_9' title="bbox 466 770 2058 844">
    <p class='ocr_par' dir='ltr' id='par_1_9' title="bbox 466 770 2058 844">
     <span class='ocr_line' id='line_1_9' title="bbox 466 770 2058 844; baseline -0.004 -13"><span class='ocrx_word' id='word_1_40' title='bbox 466 790 656 832; x_wconf 81' lang='lat' dir='ltr'><strong>secum</strong></span> <span class='ocrx_word' id='word_1_41' title='bbox 685 772 964 844; x_wconf 86' lang='lat' dir='ltr'><strong>colloquia</strong></span> <span class='ocrx_word' id='word_1_42' title='bbox 1003 771 1260 827; x_wconf 87' lang='lat' dir='ltr'><strong>misceret</strong></span> <span class='ocrx_word' id='word_1_43' title='bbox 1295 770 1657 842; x_wconf 88' lang='lat' dir='ltr'><strong>diceretque:</strong></span> <span class='ocrx_word' id='word_1_44' title='bbox 1702 790 1720 822; x_wconf 76' lang='grc' dir='ltr'><strong>ι</strong></span> <span class='ocrx_word' id='word_1_45' title='bbox 1761 770 1879 825; x_wconf 77' lang='lat' dir='ltr'><strong>Dixi</strong></span> <span class='ocrx_word' id='word_1_46' title='bbox 1912 770 2058 826; x_wconf 87' lang='lat' dir='ltr'><strong>:Cu-</strong></span> 
     </span>
    </p>
   </div>
   <div class='ocr_carea' id='block_1_10' title="bbox 465 861 2056 934">
    <p class='ocr_par' dir='ltr' id='par_1_10' title="bbox 465 861 2056 934">
     <span class='ocr_line' id='line_1_10' title="bbox 465 861 2056 934; baseline -0.003 -13"><span class='ocrx_word' id='word_1_47' title='bbox 465 864 704 921; x_wconf 84' lang='lat' dir='ltr'><strong>stodiam</strong></span> <span class='ocrx_word' id='word_1_48' title='bbox 757 864 879 919; x_wconf 87' lang='lat' dir='ltr'><strong>vias</strong></span> <span class='ocrx_word' id='word_1_49' title='bbox 925 878 1098 927; x_wconf 89' lang='lat' dir='ltr'><strong>meas,</strong></span> <span class='ocrx_word' id='word_1_50' title='bbox 1131 870 1192 918; x_wconf 87' lang='lat' dir='ltr'><strong>ut</strong></span> <span class='ocrx_word' id='word_1_51' title='bbox 1242 878 1352 918; x_wconf 90' lang='lat' dir='ltr'><strong>non</strong></span> <span class='ocrx_word' id='word_1_52' title='bbox 1403 861 1721 934; x_wconf 88' lang='lat' dir='ltr'><strong>delinquam</strong></span> <span class='ocrx_word' id='word_1_53' title='bbox 1766 863 1820 918; x_wconf 92' lang='lat' dir='ltr'><strong>in</strong></span> <span class='ocrx_word' id='word_1_54' title='bbox 1873 863 2056 934; x_wconf 76' lang='lat' dir='ltr'><strong>lingua</strong></span> 
     </span>
    </p>
   </div>
   <div class='ocr_carea' id='block_1_11' title="bbox 465 954 2059 1019">
    <p class='ocr_par' dir='ltr' id='par_1_11' title="bbox 465 954 2059 1019">
     <span class='ocr_line' id='line_1_11' title="bbox 465 954 2059 1019; baseline -0.003 -7"><span class='ocrx_word' id='word_1_55' title='bbox 465 974 611 1012; x_wconf 84' lang='lat' dir='ltr'><strong>mea.</strong></span> <span class='ocrx_word' id='word_1_56' title='bbox 660 955 828 1014; x_wconf 89' lang='lat' dir='ltr'><strong>Posui</strong></span> <span class='ocrx_word' id='word_1_57' title='bbox 877 956 958 1011; x_wconf 92' lang='lat' dir='ltr'><strong>ori</strong></span> <span class='ocrx_word' id='word_1_58' title='bbox 996 970 1120 1012; x_wconf 89' lang='lat' dir='ltr'><strong>meo</strong></span> <span class='ocrx_word' id='word_1_59' title='bbox 1172 954 1506 1019; x_wconf 86' lang='lat' dir='ltr'><strong>custodiam,</strong></span> <span class='ocrx_word' id='word_1_60' title='bbox 1554 971 1680 1010; x_wconf 91' lang='lat' dir='ltr'><strong>cum</strong></span> <span class='ocrx_word' id='word_1_61' title='bbox 1731 955 2059 1011; x_wconf 86' lang='lat' dir='ltr'><strong>consisteret</strong></span> 
     </span>
    </p>
   </div>
   <div class='ocr_carea' id='block_1_12' title="bbox 463 1046 2055 1120">
    <p class='ocr_par' dir='ltr' id='par_1_12' title="bbox 463 1046 2055 1120">
     <span class='ocr_line' id='line_1_12' title="bbox 463 1046 2055 1120; baseline -0.001 -18"><span class='ocrx_word' id='word_1_62' title='bbox 463 1055 725 1120; x_wconf 85' lang='lat' dir='ltr'><strong>peccator</strong></span> <span class='ocrx_word' id='word_1_63' title='bbox 760 1047 1055 1103; x_wconf 88' lang='lat' dir='ltr'><strong>adversum</strong></span> <span class='ocrx_word' id='word_1_64' title='bbox 1088 1063 1194 1110; x_wconf 89' lang='lat' dir='ltr'><strong>me,</strong></span> <span class='ocrx_word' id='word_1_65' title='bbox 1224 1046 1474 1102; x_wconf 90' lang='lat' dir='ltr'><strong>obmutui</strong></span> <span class='ocrx_word' id='word_1_66' title='bbox 1507 1055 1559 1102; x_wconf 91' lang='lat' dir='ltr'><strong>et</strong></span> <span class='ocrx_word' id='word_1_67' title='bbox 1590 1047 1912 1101; x_wconf 85' lang='lat' dir='ltr'><strong>humiliatus</strong></span> <span class='ocrx_word' id='word_1_68' title='bbox 1935 1063 2055 1100; x_wconf 86' lang='lat' dir='ltr'><strong>sum</strong></span> 
     </span>
    </p>
   </div>
   <div class='ocr_carea' id='block_1_13' title="bbox 461 1123 2050 1205">
    <p class='ocr_par' dir='ltr' id='par_1_13' title="bbox 461 1123 2050 1205">
     <span class='ocr_line' id='line_1_13' title="bbox 461 1123 2050 1205; baseline -0.004 -9"><span class='ocrx_word' id='word_1_69' title='bbox 461 1148 519 1196; x_wconf 84' lang='lat' dir='ltr'><strong>et</strong></span> <span class='ocrx_word' id='word_1_70' title='bbox 555 1140 682 1198; x_wconf 92' lang='lat' dir='ltr'><strong>silui</strong></span> <span class='ocrx_word' id='word_1_71' title='bbox 711 1153 742 1193; x_wconf 86' lang='lat' dir='ltr'><strong>a</strong></span> <span class='ocrx_word' id='word_1_72' title='bbox 775 1138 960 1205; x_wconf 83' lang='lat' dir='ltr'><strong>bonis,</strong></span> <span class='ocrx_word' id='word_1_73' title='bbox 1001 1146 1057 1194; x_wconf 91' lang='lat' dir='ltr'><strong>et</strong></span> <span class='ocrx_word' id='word_1_74' title='bbox 1089 1123 1246 1193; x_wconf 77' lang='lat' dir='ltr'><strong>dolor</strong></span> <span class='ocrx_word' id='word_1_75' title='bbox 1281 1153 1439 1193; x_wconf 89' lang='lat' dir='ltr'><strong>meus</strong></span> <span class='ocrx_word' id='word_1_76' title='bbox 1483 1147 1782 1194; x_wconf 79' lang='lat' dir='ltr'><strong>renovatus</strong></span> <span class='ocrx_word' id='word_1_77' title='bbox 1815 1146 1901 1194; x_wconf 86' lang='lat' dir='ltr'><strong>est</strong></span> <span class='ocrx_word' id='word_1_78' title='bbox 1924 1139 1992 1201; x_wconf 87' lang='grc'><strong>⁸⁷,</strong></span> <span class='ocrx_word' id='word_1_79' title='bbox 2031 1157 2050 1190; x_wconf 71' lang='grc' dir='ltr'><strong>ι</strong></span> 
     </span>
    </p>
   </div>
   <div class='ocr_carea' id='block_1_14' title="bbox 463 1227 2056 1302">
    <p class='ocr_par' dir='ltr' id='par_1_14' title="bbox 463 1227 2056 1302">
     <span class='ocr_line' id='line_1_14' title="bbox 463 1227 2056 1302; baseline -0.001 -17"><span class='ocrx_word' id='word_1_80' title='bbox 463 1243 521 1286; x_wconf 90' lang='lat' dir='ltr'><strong>et</strong></span> <span class='ocrx_word' id='word_1_81' title='bbox 560 1239 779 1287; x_wconf 71' lang='lat' dir='ltr'><strong>caetera.</strong></span> <span class='ocrx_word' id='word_1_82' title='bbox 813 1228 872 1284; x_wconf 91' lang='lat' dir='ltr'><strong>ln</strong></span> <span class='ocrx_word' id='word_1_83' title='bbox 905 1229 1107 1302; x_wconf 91' lang='lat' dir='ltr'><strong>quibus</strong></span> <span class='ocrx_word' id='word_1_84' title='bbox 1136 1228 1291 1283; x_wconf 88' lang='lat' dir='ltr'><strong>adest</strong></span> <span class='ocrx_word' id='word_1_85' title='bbox 1322 1237 1377 1283; x_wconf 93' lang='lat' dir='ltr'><strong>et</strong></span> <span class='ocrx_word' id='word_1_86' title='bbox 1409 1227 1542 1283; x_wconf 87' lang='lat' dir='ltr'><strong>illud</strong></span> <span class='ocrx_word' id='word_1_87' title='bbox 1574 1248 1586 1282; x_wconf 94' lang='lat'><strong>:</strong></span> <span class='ocrx_word' id='word_1_88' title='bbox 1631 1248 1649 1281; x_wconf 80' lang='grc' dir='ltr'><strong>ι</strong></span> <span class='ocrx_word' id='word_1_89' title='bbox 1687 1229 1769 1283; x_wconf 82' lang='lat' dir='ltr'><strong>Ab</strong></span> <span class='ocrx_word' id='word_1_90' title='bbox 1799 1229 2056 1284; x_wconf 87' lang='lat' dir='ltr'><strong>onmibus</strong></span> 
     </span>
    </p>
   </div>
   <div class='ocr_carea' id='block_1_15' title="bbox 461 1321 2053 1396">
    <p class='ocr_par' dir='ltr' id='par_1_15' title="bbox 461 1321 2053 1396">
     <span class='ocr_line' id='line_1_15' title="bbox 461 1321 2053 1396; baseline -0.004 -15"><span class='ocrx_word' id='word_1_91' title='bbox 461 1324 852 1396; x_wconf 85' lang='lat' dir='ltr'><strong>iniquitatibus</strong></span> <span class='ocrx_word' id='word_1_92' title='bbox 883 1324 1022 1380; x_wconf 89' lang='lat' dir='ltr'><strong>meis</strong></span> <span class='ocrx_word' id='word_1_93' title='bbox 1056 1322 1207 1394; x_wconf 88' lang='lat' dir='ltr'><strong>eripe</strong></span> <span class='ocrx_word' id='word_1_94' title='bbox 1236 1337 1343 1386; x_wconf 91' lang='lat' dir='ltr'><strong>me,</strong></span> <span class='ocrx_word' id='word_1_95' title='bbox 1377 1322 1734 1392; x_wconf 83' lang='lat' dir='ltr'><strong>opprobrium</strong></span> <span class='ocrx_word' id='word_1_96' title='bbox 1772 1321 2053 1392; x_wconf 89' lang='lat' dir='ltr'><strong>insipienti</strong></span> 
     </span>
    </p>
   </div>
   <div class='ocr_carea' id='block_1_16' title="bbox 461 1416 2056 1485">
    <p class='ocr_par' dir='ltr' id='par_1_16' title="bbox 461 1416 2056 1485">
     <span class='ocr_line' id='line_1_16' title="bbox 461 1416 2056 1485; baseline -0.004 -11"><span class='ocrx_word' id='word_1_97' title='bbox 461 1417 664 1475; x_wconf 89' lang='lat' dir='ltr'><strong>dedisti</strong></span> <span class='ocrx_word' id='word_1_98' title='bbox 694 1434 802 1474; x_wconf 90' lang='lat' dir='ltr'><strong>me.</strong></span> <span class='ocrx_word' id='word_1_99' title='bbox 835 1416 1102 1473; x_wconf 87' lang='lat' dir='ltr'><strong>Obmutui</strong></span> <span class='ocrx_word' id='word_1_100' title='bbox 1132 1423 1188 1470; x_wconf 89' lang='lat' dir='ltr'><strong>ct</strong></span> <span class='ocrx_word' id='word_1_101' title='bbox 1221 1431 1332 1469; x_wconf 89' lang='lat' dir='ltr'><strong>non</strong></span> <span class='ocrx_word' id='word_1_102' title='bbox 1362 1417 1555 1485; x_wconf 89' lang='lat' dir='ltr'><strong>aperui</strong></span> <span class='ocrx_word' id='word_1_103' title='bbox 1589 1431 1653 1471; x_wconf 93' lang='lat' dir='ltr'><strong>os</strong></span> <span class='ocrx_word' id='word_1_104' title='bbox 1681 1431 1884 1478; x_wconf 90' lang='lat' dir='ltr'><strong>meum,</strong></span> <span class='ocrx_word' id='word_1_105' title='bbox 1916 1429 2056 1485; x_wconf 83' lang='lat' dir='ltr'><strong>quo-</strong></span> 
     </span>
    </p>
   </div>
   <div class='ocr_carea' id='block_1_17' title="bbox 462 1509 2055 1578">
    <p class='ocr_par' dir='ltr' id='par_1_17' title="bbox 462 1509 2055 1578">
     <span class='ocr_line' id='line_1_17' title="bbox 462 1509 2055 1578; baseline -0.003 -11"><span class='ocrx_word' id='word_1_106' title='bbox 462 1512 611 1568; x_wconf 84' lang='lat' dir='ltr'><strong>niam</strong></span> <span class='ocrx_word' id='word_1_107' title='bbox 643 1518 701 1566; x_wconf 93' lang='lat' dir='ltr'><strong>tu</strong></span> <span class='ocrx_word' id='word_1_108' title='bbox 733 1510 915 1567; x_wconf 81' lang='lat' dir='ltr'><strong>fecisti</strong></span> <span class='ocrx_word' id='word_1_109' title='bbox 939 1511 1024 1576; x_wconf 81' lang='grc'><strong>⁸⁸;</strong></span> <span class='ocrx_word' id='word_1_110' title='bbox 1064 1529 1083 1562; x_wconf 72' lang='grc' dir='ltr'><strong>ι</strong></span> <span class='ocrx_word' id='word_1_111' title='bbox 1117 1525 1182 1564; x_wconf 90' lang='lat' dir='ltr'><strong>ac</strong></span> <span class='ocrx_word' id='word_1_112' title='bbox 1210 1524 1408 1564; x_wconf 82' lang='lat' dir='ltr'><strong>rursus</strong></span> <span class='ocrx_word' id='word_1_113' title='bbox 1436 1528 1447 1562; x_wconf 93' lang='lat'><strong>:</strong></span> <span class='ocrx_word' id='word_1_114' title='bbox 1484 1526 1502 1558; x_wconf 76' lang='grc' dir='ltr'><strong>ι</strong></span> <span class='ocrx_word' id='word_1_115' title='bbox 1536 1509 1740 1562; x_wconf 83' lang='lat' dir='ltr'><strong>Amove</strong></span> <span class='ocrx_word' id='word_1_116' title='bbox 1766 1523 1795 1561; x_wconf 91' lang='lat' dir='ltr'><strong>a</strong></span> <span class='ocrx_word' id='word_1_117' title='bbox 1829 1523 1914 1562; x_wconf 91' lang='lat' dir='ltr'><strong>me</strong></span> <span class='ocrx_word' id='word_1_118' title='bbox 1946 1509 2055 1578; x_wconf 85' lang='lat' dir='ltr'><strong>pla-</strong></span> 
     </span>
    </p>
   </div>
   <div class='ocr_carea' id='block_1_18' title="bbox 461 1597 2048 1676">
    <p class='ocr_par' dir='ltr' id='par_1_18' title="bbox 461 1597 2048 1676">
     <span class='ocr_line' id='line_1_18' title="bbox 461 1597 2048 1676; baseline -0.006 -16"><span class='ocrx_word' id='word_1_119' title='bbox 461 1619 562 1676; x_wconf 77' lang='lat' dir='ltr'><strong>gas</strong></span> <span class='ocrx_word' id='word_1_120' title='bbox 596 1614 741 1660; x_wconf 89' lang='lat' dir='ltr'><strong>tuas.</strong></span> <span class='ocrx_word' id='word_1_121' title='bbox 779 1603 826 1657; x_wconf 81' lang='grc' dir='ltr'><strong>Δ</strong></span> <span class='ocrx_word' id='word_1_122' title='bbox 863 1601 1188 1658; x_wconf 82' lang='lat' dir='ltr'><strong>fortitudine</strong></span> <span class='ocrx_word' id='word_1_123' title='bbox 1216 1615 1413 1655; x_wconf 87' lang='lat' dir='ltr'><strong>manus</strong></span> <span class='ocrx_word' id='word_1_124' title='bbox 1440 1609 1548 1654; x_wconf 66' lang='lat' dir='ltr'><strong>tuae</strong></span> <span class='ocrx_word' id='word_1_125' title='bbox 1577 1614 1680 1669; x_wconf 81' lang='lat' dir='ltr'><strong>ego</strong></span> <span class='ocrx_word' id='word_1_126' title='bbox 1713 1597 1887 1653; x_wconf 72' lang='lat' dir='ltr'><strong>deieci</strong></span> <span class='ocrx_word' id='word_1_127' title='bbox 1910 1599 1978 1652; x_wconf 83' lang='lat'><strong>&quot;.</strong></span> <span class='ocrx_word' id='word_1_128' title='bbox 2027 1617 2048 1650; x_wconf 84' lang='grc'><strong><em>›</em></strong></span> 
     </span>
    </p>
   </div>
   <div class='ocr_carea' id='block_1_19' title="bbox 461 1692 2052 1753">
    <p class='ocr_par' dir='ltr' id='par_1_19' title="bbox 461 1692 2052 1753">
     <span class='ocr_line' id='line_1_19' title="bbox 461 1692 2052 1753; baseline -0.001 -3"><span class='ocrx_word' id='word_1_129' title='bbox 461 1697 591 1753; x_wconf 66' lang='lat' dir='ltr'><strong>llaec</strong></span> <span class='ocrx_word' id='word_1_130' title='bbox 635 1707 691 1753; x_wconf 92' lang='lat' dir='ltr'><strong>et</strong></span> <span class='ocrx_word' id='word_1_131' title='bbox 733 1697 938 1752; x_wconf 88' lang='lat' dir='ltr'><strong>similia</strong></span> <span class='ocrx_word' id='word_1_132' title='bbox 984 1704 1046 1750; x_wconf 94' lang='lat' dir='ltr'><strong>ut</strong></span> <span class='ocrx_word' id='word_1_133' title='bbox 1082 1694 1291 1750; x_wconf 87' lang='lat' dir='ltr'><strong>diceret</strong></span> <span class='ocrx_word' id='word_1_134' title='bbox 1339 1709 1403 1749; x_wconf 91' lang='lat' dir='ltr'><strong>ac</strong></span> <span class='ocrx_word' id='word_1_135' title='bbox 1445 1693 1557 1748; x_wconf 88' lang='lat' dir='ltr'><strong>Deo</strong></span> <span class='ocrx_word' id='word_1_136' title='bbox 1606 1692 1746 1746; x_wconf 87' lang='lat' dir='ltr'><strong>tales</strong></span> <span class='ocrx_word' id='word_1_137' title='bbox 1773 1693 2052 1748; x_wconf 87' lang='lat' dir='ltr'><strong>orationes</strong></span> 
     </span>
    </p>
   </div>
   <div class='ocr_carea' id='block_1_20' title="bbox 459 1784 2048 1861">
    <p class='ocr_par' dir='ltr' id='par_1_20' title="bbox 459 1784 2048 1861">
     <span class='ocr_line' id='line_1_20' title="bbox 459 1784 2048 1861; baseline -0.006 -12"><span class='ocrx_word' id='word_1_138' title='bbox 459 1792 756 1856; x_wconf 84' lang='lat' dir='ltr'><strong>emitteret,</strong></span> <span class='ocrx_word' id='word_1_139' title='bbox 812 1793 866 1846; x_wconf 91' lang='lat' dir='ltr'><strong>in</strong></span> <span class='ocrx_word' id='word_1_140' title='bbox 914 1791 1008 1845; x_wconf 87' lang='lat' dir='ltr'><strong>illo</strong></span> <span class='ocrx_word' id='word_1_141' title='bbox 1062 1791 1276 1861; x_wconf 87' lang='lat' dir='ltr'><strong>psalmo</strong></span> <span class='ocrx_word' id='word_1_142' title='bbox 1321 1787 1715 1844; x_wconf 88' lang='lat' dir='ltr'><strong>instituebatur</strong></span> <span class='ocrx_word' id='word_1_143' title='bbox 1769 1784 2048 1852; x_wconf 88' lang='lat' dir='ltr'><strong>ldithum;</strong></span> 
     </span>
    </p>
   </div>
   <div class='ocr_carea' id='block_1_21' title="bbox 2179 588 3758 662">
    <p class='ocr_par' dir='ltr' id='par_1_21' title="bbox 2179 588 3758 662">
     <span class='ocr_line' id='line_1_21' title="bbox 2179 588 3758 662; baseline 0.003 -19"><span class='ocrx_word' id='word_1_144' title='bbox 2179 589 2416 660; x_wconf 78' lang='grc' dir='ltr'>Ἰδιθοὺμ</span> <span class='ocrx_word' id='word_1_145' title='bbox 2463 588 2758 660; x_wconf 81' lang='grc' dir='ltr'><strong>πειρασμῷ</strong></span> <span class='ocrx_word' id='word_1_146' title='bbox 2815 606 2922 643; x_wconf 89' lang='grc' dir='ltr'>τινι</span> <span class='ocrx_word' id='word_1_147' title='bbox 2958 591 3289 654; x_wconf 79' lang='grc' dir='ltr'><strong>πεπτωκότι,</strong></span> <span class='ocrx_word' id='word_1_148' title='bbox 3319 591 3462 662; x_wconf 81' lang='grc' dir='ltr'>τάχα</span> <span class='ocrx_word' id='word_1_149' title='bbox 3517 610 3618 646; x_wconf 80' lang='grc' dir='ltr'><strong>που</strong></span> <span class='ocrx_word' id='word_1_150' title='bbox 3664 596 3758 649; x_wconf 73' lang='grc' dir='ltr'>καὶ</span> 
     </span>
    </p>
   </div>
   <div class='ocr_carea' id='block_1_22' title="bbox 2165 681 3760 757">
    <p class='ocr_par' dir='ltr' id='par_1_22' title="bbox 2165 681 3760 757">
     <span class='ocr_line' id='line_1_22' title="bbox 2165 681 3760 757; baseline 0.003 -21"><span class='ocrx_word' id='word_1_151' title='bbox 2165 682 2512 754; x_wconf 84' lang='grc' dir='ltr'>όλισθήματι,</span> <span class='ocrx_word' id='word_1_152' title='bbox 2539 681 2889 736; x_wconf 79' lang='grc' dir='ltr'>διδασκαλίαν</span> <span class='ocrx_word' id='word_1_153' title='bbox 2938 681 3340 756; x_wconf 75' lang='grc' dir='ltr'>θεραπευτικήν</span> <span class='ocrx_word' id='word_1_154' title='bbox 3378 685 3760 757; x_wconf 74' lang='grc' dir='ltr'>παραδεδωκέ-</span> 
     </span>
    </p>
   </div>
   <div class='ocr_carea' id='block_1_23' title="bbox 2165 773 3758 846">
    <p class='ocr_par' dir='ltr' id='par_1_23' title="bbox 2165 773 3758 846">
     <span class='ocr_line' id='line_1_23' title="bbox 2165 773 3758 846; baseline 0.001 -19"><span class='ocrx_word' id='word_1_155' title='bbox 2165 791 2290 828; x_wconf 89' lang='grc' dir='ltr'>ναι·</span> <span class='ocrx_word' id='word_1_156' title='bbox 2339 774 2488 838; x_wconf 85' lang='grc' dir='ltr'>ὅπως</span> <span class='ocrx_word' id='word_1_157' title='bbox 2539 774 2606 827; x_wconf 83' lang='grc' dir='ltr'><strong>ἀν</strong></span> <span class='ocrx_word' id='word_1_158' title='bbox 2638 773 2792 827; x_wconf 80' lang='grc' dir='ltr'>λάϐοι</span> <span class='ocrx_word' id='word_1_159' title='bbox 2826 773 3054 838; x_wconf 75' lang='grc' dir='ltr'>ἑαυτὸν,</span> <span class='ocrx_word' id='word_1_160' title='bbox 3106 775 3201 828; x_wconf 76' lang='grc' dir='ltr'>καὶ</span> <span class='ocrx_word' id='word_1_161' title='bbox 3249 775 3608 846; x_wconf 85' lang='grc' dir='ltr'>ἀνακτήσοιτο</span> <span class='ocrx_word' id='word_1_162' title='bbox 3662 777 3758 829; x_wconf 80' lang='grc' dir='ltr'>τοῦ</span> 
     </span>
    </p>
   </div>
   <div class='ocr_carea' id='block_1_24' title="bbox 2166 865 3758 938">
    <p class='ocr_par' dir='ltr' id='par_1_24' title="bbox 2166 865 3758 938">
     <span class='ocr_line' id='line_1_24' title="bbox 2166 865 3758 938; baseline 0.001 -19"><span class='ocrx_word' id='word_1_163' title='bbox 2166 866 2475 938; x_wconf 79' lang='grc' dir='ltr'>συμϐάντος</span> <span class='ocrx_word' id='word_1_164' title='bbox 2505 865 2654 936; x_wconf 85' lang='grc' dir='ltr'><strong>αὑτῷ</strong></span> <span class='ocrx_word' id='word_1_165' title='bbox 2679 866 3041 937; x_wconf 89' lang='grc' dir='ltr'>πταίσματος.</span> <span class='ocrx_word' id='word_1_166' title='bbox 3079 867 3356 920; x_wconf 78' lang='grc' dir='ltr'><strong>Ἐδίδασκε</strong></span> <span class='ocrx_word' id='word_1_167' title='bbox 3407 867 3539 936; x_wconf 86' lang='grc' dir='ltr'>γοῦν</span> <span class='ocrx_word' id='word_1_168' title='bbox 3590 867 3758 921; x_wconf 78' lang='grc' dir='ltr'>αὑτὸν</span> 
     </span>
    </p>
   </div>
   <div class='ocr_carea' id='block_1_25' title="bbox 2164 957 3759 1032">
    <p class='ocr_par' dir='ltr' id='par_1_25' title="bbox 2164 957 3759 1032">
     <span class='ocr_line' id='line_1_25' title="bbox 2164 957 3759 1032; baseline 0.002 -21"><span class='ocrx_word' id='word_1_169' title='bbox 2164 959 2223 1011; x_wconf 84' lang='grc' dir='ltr'>ὲν</span> <span class='ocrx_word' id='word_1_170' title='bbox 2253 960 2351 1030; x_wconf 84' lang='grc' dir='ltr'>μὲν</span> <span class='ocrx_word' id='word_1_171' title='bbox 2378 957 2457 1029; x_wconf 78' lang='grc' dir='ltr'>τῷ</span> <span class='ocrx_word' id='word_1_172' title='bbox 2484 958 2564 1028; x_wconf 88' lang='grc' dir='ltr'>λη’</span> <span class='ocrx_word' id='word_1_173' title='bbox 2592 957 2772 1029; x_wconf 83' lang='grc' dir='ltr'>ἑαυτῷ</span> <span class='ocrx_word' id='word_1_174' title='bbox 2799 962 3103 1030; x_wconf 75' lang='grc' dir='ltr'>παραινεῖν,</span> <span class='ocrx_word' id='word_1_175' title='bbox 3130 959 3223 1012; x_wconf 74' lang='grc' dir='ltr'>καὶ</span> <span class='ocrx_word' id='word_1_176' title='bbox 3255 959 3390 1032; x_wconf 74' lang='grc' dir='ltr'>πρὸς</span> <span class='ocrx_word' id='word_1_177' title='bbox 3421 960 3614 1013; x_wconf 75' lang='grc' dir='ltr'>ἑαυτὸν</span> <span class='ocrx_word' id='word_1_178' title='bbox 3645 960 3759 1015; x_wconf 80' lang='grc' dir='ltr'>δια-</span> 
     </span>
    </p>
   </div>
   <div class='ocr_carea' id='block_1_26' title="bbox 2164 1049 3756 1126">
    <p class='ocr_par' dir='ltr' id='par_1_26' title="bbox 2164 1049 3756 1126">
     <span class='ocr_line' id='line_1_26' title="bbox 2164 1049 3756 1126; baseline 0.003 -22"><span class='ocrx_word' id='word_1_179' title='bbox 2164 1051 2417 1121; x_wconf 83' lang='grc' dir='ltr'>λέγεσθαι</span> <span class='ocrx_word' id='word_1_180' title='bbox 2446 1053 2540 1106; x_wconf 73' lang='grc' dir='ltr'>καὶ</span> <span class='ocrx_word' id='word_1_181' title='bbox 2569 1053 2752 1122; x_wconf 87' lang='grc' dir='ltr'>λέγειν</span> <span class='ocrx_word' id='word_1_182' title='bbox 2775 1071 2788 1085; x_wconf 85' lang='lat'><strong>&#39;</strong></span> <span class='ocrx_word' id='word_1_183' title='bbox 2825 1071 2844 1104; x_wconf 79' lang='grc' dir='ltr'><strong>ι</strong></span> <span class='ocrx_word' id='word_1_184' title='bbox 2870 1049 3013 1106; x_wconf 82' lang='grc' dir='ltr'>Εἷπα</span> <span class='ocrx_word' id='word_1_185' title='bbox 3031 1068 3046 1082; x_wconf 87' lang='grc'><strong>·</strong></span> <span class='ocrx_word' id='word_1_186' title='bbox 3069 1052 3295 1120; x_wconf 80' lang='grc' dir='ltr'>Φυλάξω</span> <span class='ocrx_word' id='word_1_187' title='bbox 3322 1054 3422 1117; x_wconf 76' lang='grc' dir='ltr'><strong>τὰς</strong></span> <span class='ocrx_word' id='word_1_188' title='bbox 3447 1054 3602 1120; x_wconf 78' lang='grc' dir='ltr'>ὁδούς</span> <span class='ocrx_word' id='word_1_189' title='bbox 3632 1073 3756 1126; x_wconf 86' lang='grc' dir='ltr'>μου,</span> 
     </span>
    </p>
   </div>
   <div class='ocr_carea' id='block_1_27' title="bbox 2163 1145 3758 1219">
    <p class='ocr_par' dir='ltr' id='par_1_27' title="bbox 2163 1145 3758 1219">
     <span class='ocr_line' id='line_1_27' title="bbox 2163 1145 3758 1219; baseline 0.001 -20"><span class='ocrx_word' id='word_1_190' title='bbox 2163 1145 2258 1200; x_wconf 89' lang='grc' dir='ltr'><strong>τοῦ</strong></span> <span class='ocrx_word' id='word_1_191' title='bbox 2297 1146 2372 1218; x_wconf 81' lang='grc' dir='ltr'>μὴ</span> <span class='ocrx_word' id='word_1_192' title='bbox 2396 1146 2730 1218; x_wconf 81' lang='grc' dir='ltr'>ἁμαρτάνειν</span> <span class='ocrx_word' id='word_1_193' title='bbox 2753 1147 2812 1200; x_wconf 84' lang='grc' dir='ltr'>ὲν</span> <span class='ocrx_word' id='word_1_194' title='bbox 2847 1146 3069 1219; x_wconf 78' lang='grc' dir='ltr'>γλώσσῃ</span> <span class='ocrx_word' id='word_1_195' title='bbox 3103 1163 3226 1216; x_wconf 87' lang='grc' dir='ltr'>μου.</span> <span class='ocrx_word' id='word_1_196' title='bbox 3272 1145 3504 1218; x_wconf 75' lang='grc' dir='ltr'>Ἐθέμην</span> <span class='ocrx_word' id='word_1_197' title='bbox 3533 1147 3611 1218; x_wconf 81' lang='grc' dir='ltr'><strong>τῷ</strong></span> <span class='ocrx_word' id='word_1_198' title='bbox 3637 1148 3758 1202; x_wconf 84' lang='grc' dir='ltr'>στό-</span> 
     </span>
    </p>
   </div>
   <div class='ocr_carea' id='block_1_28' title="bbox 2165 1239 3757 1312">
    <p class='ocr_par' dir='ltr' id='par_1_28' title="bbox 2165 1239 3757 1312">
     <span class='ocr_line' id='line_1_28' title="bbox 2165 1239 3757 1312; baseline 0.001 -19"><span class='ocrx_word' id='word_1_199' title='bbox 2165 1241 2298 1311; x_wconf 89' lang='grc' dir='ltr'>ματί</span> <span class='ocrx_word' id='word_1_200' title='bbox 2327 1258 2428 1310; x_wconf 90' lang='grc' dir='ltr'><strong>μου</strong></span> <span class='ocrx_word' id='word_1_201' title='bbox 2473 1239 2720 1310; x_wconf 84' lang='grc' dir='ltr'>φυλακὴν</span> <span class='ocrx_word' id='word_1_202' title='bbox 2742 1280 2757 1304; x_wconf 93' lang='grc'><strong>,</strong></span> <span class='ocrx_word' id='word_1_203' title='bbox 2793 1241 2852 1292; x_wconf 79' lang='grc' dir='ltr'>ἐν</span> <span class='ocrx_word' id='word_1_204' title='bbox 2874 1239 2952 1311; x_wconf 82' lang='grc' dir='ltr'><strong>τῷ</strong></span> <span class='ocrx_word' id='word_1_205' title='bbox 2983 1239 3244 1310; x_wconf 79' lang='grc' dir='ltr'>συστῆναι</span> <span class='ocrx_word' id='word_1_206' title='bbox 3296 1239 3387 1293; x_wconf 79' lang='grc' dir='ltr'>τὸν</span> <span class='ocrx_word' id='word_1_207' title='bbox 3430 1241 3757 1312; x_wconf 78' lang='grc' dir='ltr'>ἁμαρτωλὸν</span> 
     </span>
    </p>
   </div>
   <div class='ocr_carea' id='block_1_29' title="bbox 2163 1327 3757 1402">
    <p class='ocr_par' dir='ltr' id='par_1_29' title="bbox 2163 1327 3757 1402">
     <span class='ocr_line' id='line_1_29' title="bbox 2163 1327 3757 1402; baseline 0 -18"><span class='ocrx_word' id='word_1_208' title='bbox 2163 1331 2394 1385; x_wconf 76' lang='grc' dir='ltr'>ἐνώπιόν</span> <span class='ocrx_word' id='word_1_209' title='bbox 2437 1348 2561 1402; x_wconf 89' lang='grc' dir='ltr'>μου.</span> <span class='ocrx_word' id='word_1_210' title='bbox 2581 1330 2931 1402; x_wconf 82' lang='grc' dir='ltr'>Ἐκωφὼθην,</span> <span class='ocrx_word' id='word_1_211' title='bbox 2962 1330 3056 1384; x_wconf 69' lang='grc' dir='ltr'>καὶ</span> <span class='ocrx_word' id='word_1_212' title='bbox 3092 1327 3485 1400; x_wconf 81' lang='grc' dir='ltr'>ὲταπεινώθην,</span> <span class='ocrx_word' id='word_1_213' title='bbox 3513 1331 3608 1383; x_wconf 80' lang='grc' dir='ltr'><strong>καὶ</strong></span> <span class='ocrx_word' id='word_1_214' title='bbox 3644 1331 3757 1384; x_wconf 83' lang='grc' dir='ltr'>ὲσί-</span> 
     </span>
    </p>
   </div>
   <div class='ocr_carea' id='block_1_30' title="bbox 2163 1421 3750 1496">
    <p class='ocr_par' dir='ltr' id='par_1_30' title="bbox 2163 1421 3750 1496">
     <span class='ocr_line' id='line_1_30' title="bbox 2163 1421 3750 1496; baseline -0.004 -18"><span class='ocrx_word' id='word_1_215' title='bbox 2163 1440 2310 1496; x_wconf 85' lang='grc' dir='ltr'>γησα</span> <span class='ocrx_word' id='word_1_216' title='bbox 2339 1422 2397 1491; x_wconf 81' lang='grc' dir='ltr'><strong>ἐξ</strong></span> <span class='ocrx_word' id='word_1_217' title='bbox 2429 1421 2651 1492; x_wconf 84' lang='grc' dir='ltr'>ἀγαθῶν</span> <span class='ocrx_word' id='word_1_218' title='bbox 2671 1464 2685 1486; x_wconf 90' lang='grc'><strong>,</strong></span> <span class='ocrx_word' id='word_1_219' title='bbox 2721 1423 2817 1476; x_wconf 72' lang='grc' dir='ltr'>καὶ</span> <span class='ocrx_word' id='word_1_220' title='bbox 2857 1423 2918 1476; x_wconf 85' lang='grc' dir='ltr'>τὸ</span> <span class='ocrx_word' id='word_1_221' title='bbox 2941 1422 3165 1495; x_wconf 81' lang='grc' dir='ltr'>ἄλγημά</span> <span class='ocrx_word' id='word_1_222' title='bbox 3199 1439 3300 1494; x_wconf 87' lang='grc' dir='ltr'><strong>μου</strong></span> <span class='ocrx_word' id='word_1_223' title='bbox 3330 1423 3702 1494; x_wconf 84' lang='grc' dir='ltr'>ἁνεκαινίσθη,</span> <span class='ocrx_word' id='word_1_224' title='bbox 3730 1443 3750 1472; x_wconf 74' lang='grc' dir='ltr'><strong>ι</strong></span> 
     </span>
    </p>
   </div>
   <div class='ocr_carea' id='block_1_31' title="bbox 2162 1508 3756 1584">
    <p class='ocr_par' dir='ltr' id='par_1_31' title="bbox 2162 1508 3756 1584">
     <span class='ocr_line' id='line_1_31' title="bbox 2162 1508 3756 1584; baseline -0.001 -16"><span class='ocrx_word' id='word_1_225' title='bbox 2162 1515 2257 1569; x_wconf 73' lang='grc' dir='ltr'>καὶ</span> <span class='ocrx_word' id='word_1_226' title='bbox 2283 1515 2351 1568; x_wconf 87' lang='grc' dir='ltr'><strong>τὰ</strong></span> <span class='ocrx_word' id='word_1_227' title='bbox 2381 1514 2592 1578; x_wconf 83' lang='grc' dir='ltr'>τούτοις</span> <span class='ocrx_word' id='word_1_228' title='bbox 2607 1514 2758 1584; x_wconf 79' lang='grc' dir='ltr'><strong>ἑξῆς.</strong></span> <span class='ocrx_word' id='word_1_229' title='bbox 2830 1514 2920 1568; x_wconf 86' lang='grc' dir='ltr'>Ἐν</span> <span class='ocrx_word' id='word_1_230' title='bbox 2953 1508 3034 1578; x_wconf 78' lang='grc' dir='ltr'><strong>οἷς</strong></span> <span class='ocrx_word' id='word_1_231' title='bbox 3068 1509 3135 1584; x_wconf 76' lang='grc' dir='ltr'>ἦν</span> <span class='ocrx_word' id='word_1_232' title='bbox 3165 1513 3261 1567; x_wconf 78' lang='grc' dir='ltr'>καὶ</span> <span class='ocrx_word' id='word_1_233' title='bbox 3298 1512 3386 1577; x_wconf 83' lang='grc' dir='ltr'>τὸ,</span> <span class='ocrx_word' id='word_1_234' title='bbox 3422 1532 3441 1564; x_wconf 78' lang='lat' dir='ltr'><strong>t</strong></span> <span class='ocrx_word' id='word_1_235' title='bbox 3484 1513 3619 1567; x_wconf 77' lang='grc' dir='ltr'><strong>Ἀπὸ</strong></span> <span class='ocrx_word' id='word_1_236' title='bbox 3645 1531 3756 1567; x_wconf 88' lang='grc' dir='ltr'>πα-</span> 
     </span>
    </p>
   </div>
   <div class='ocr_carea' id='block_1_32' title="bbox 2162 1605 3759 1678">
    <p class='ocr_par' dir='ltr' id='par_1_32' title="bbox 2162 1605 3759 1678">
     <span class='ocr_line' id='line_1_32' title="bbox 2162 1605 3759 1678; baseline 0 -19"><span class='ocrx_word' id='word_1_237' title='bbox 2162 1606 2272 1660; x_wconf 91' lang='grc' dir='ltr'><strong>σῶν</strong></span> <span class='ocrx_word' id='word_1_238' title='bbox 2291 1606 2401 1661; x_wconf 90' lang='grc' dir='ltr'><strong>τῶν</strong></span> <span class='ocrx_word' id='word_1_239' title='bbox 2432 1606 2674 1678; x_wconf 81' lang='grc' dir='ltr'>ἀνομιῶν</span> <span class='ocrx_word' id='word_1_240' title='bbox 2701 1623 2803 1678; x_wconf 88' lang='grc' dir='ltr'><strong>μου</strong></span> <span class='ocrx_word' id='word_1_241' title='bbox 2841 1605 3001 1678; x_wconf 76' lang='grc' dir='ltr'>ῥῦσαί</span> <span class='ocrx_word' id='word_1_242' title='bbox 3041 1623 3108 1678; x_wconf 90' lang='grc' dir='ltr'><strong>με</strong></span> <span class='ocrx_word' id='word_1_243' title='bbox 3133 1623 3146 1636; x_wconf 87' lang='grc'><strong>·</strong></span> <span class='ocrx_word' id='word_1_244' title='bbox 3182 1606 3384 1670; x_wconf 75' lang='grc' dir='ltr'>ὄνειδος</span> <span class='ocrx_word' id='word_1_245' title='bbox 3413 1605 3609 1677; x_wconf 78' lang='grc' dir='ltr'>ἄφρονι</span> <span class='ocrx_word' id='word_1_246' title='bbox 3635 1607 3759 1660; x_wconf 76' lang='grc' dir='ltr'>ἑδω-</span> 
     </span>
    </p>
   </div>
   <div class='ocr_carea' id='block_1_33' title="bbox 2159 1699 3755 1773">
    <p class='ocr_par' dir='ltr' id='par_1_33' title="bbox 2159 1699 3755 1773">
     <span class='ocr_line' id='line_1_33' title="bbox 2159 1699 3755 1773; baseline -0.001 -19"><span class='ocrx_word' id='word_1_247' title='bbox 2159 1701 2264 1765; x_wconf 84' lang='grc' dir='ltr'><strong>κάς</strong></span> <span class='ocrx_word' id='word_1_248' title='bbox 2305 1717 2393 1772; x_wconf 86' lang='grc' dir='ltr'>με.</span> <span class='ocrx_word' id='word_1_249' title='bbox 2434 1699 2767 1773; x_wconf 83' lang='grc' dir='ltr'>Ἐκωφώθην</span> <span class='ocrx_word' id='word_1_250' title='bbox 2805 1699 2902 1754; x_wconf 72' lang='grc' dir='ltr'><strong>καὶ</strong></span> <span class='ocrx_word' id='word_1_251' title='bbox 2942 1701 3044 1753; x_wconf 89' lang='grc' dir='ltr'><strong>οὑκ</strong></span> <span class='ocrx_word' id='word_1_252' title='bbox 3072 1699 3263 1770; x_wconf 76' lang='grc' dir='ltr'>ἦνοιξα</span> <span class='ocrx_word' id='word_1_253' title='bbox 3301 1699 3363 1753; x_wconf 82' lang='grc' dir='ltr'>τὸ</span> <span class='ocrx_word' id='word_1_254' title='bbox 3407 1699 3583 1771; x_wconf 85' lang='grc' dir='ltr'>στόμα</span> <span class='ocrx_word' id='word_1_255' title='bbox 3629 1718 3755 1772; x_wconf 84' lang='grc' dir='ltr'>μου,</span> 
     </span>
    </p>
   </div>
   <div class='ocr_carea' id='block_1_34' title="bbox 2159 1790 3755 1862">
    <p class='ocr_par' dir='ltr' id='par_1_34' title="bbox 2159 1790 3755 1862">
     <span class='ocr_line' id='line_1_34' title="bbox 2159 1790 3755 1862; baseline -0.001 -17"><span class='ocrx_word' id='word_1_256' title='bbox 2159 1792 2242 1846; x_wconf 86' lang='grc' dir='ltr'>ὃτι</span> <span class='ocrx_word' id='word_1_257' title='bbox 2278 1792 2341 1844; x_wconf 86' lang='grc' dir='ltr'>σὺ</span> <span class='ocrx_word' id='word_1_258' title='bbox 2387 1791 2682 1862; x_wconf 79' lang='grc' dir='ltr'>ἐποίησας·</span> <span class='ocrx_word' id='word_1_259' title='bbox 2723 1809 2742 1844; x_wconf 77' lang='grc' dir='ltr'><strong>ι</strong></span> <span class='ocrx_word' id='word_1_260' title='bbox 2785 1791 2883 1844; x_wconf 74' lang='grc' dir='ltr'>καὶ</span> <span class='ocrx_word' id='word_1_261' title='bbox 2933 1790 3134 1845; x_wconf 79' lang='grc' dir='ltr'>πάλιν·</span> <span class='ocrx_word' id='word_1_262' title='bbox 3193 1809 3211 1841; x_wconf 77' lang='grc' dir='ltr'><strong>ι</strong></span> <span class='ocrx_word' id='word_1_263' title='bbox 3287 1791 3616 1860; x_wconf 79' lang='grc' dir='ltr'>Ἀπόστητον</span> <span class='ocrx_word' id='word_1_264' title='bbox 3658 1792 3755 1845; x_wconf 80' lang='grc' dir='ltr'>ἀπ’</span> 
     </span>
    </p>
   </div>
   <div class='ocr_carea' id='block_1_35' title="bbox 459 1872 2050 1954">
    <p class='ocr_par' dir='ltr' id='par_1_35' title="bbox 459 1877 2050 1943">
     <span class='ocr_line' id='line_1_35' title="bbox 459 1877 2050 1943; baseline -0.006 0"><span class='ocrx_word' id='word_1_265' title='bbox 459 1888 516 1943; x_wconf 91' lang='lat' dir='ltr'><strong>in</strong></span> <span class='ocrx_word' id='word_1_266' title='bbox 548 1887 653 1942; x_wconf 89' lang='lat' dir='ltr'><strong>hoc</strong></span> <span class='ocrx_word' id='word_1_267' title='bbox 688 1894 871 1942; x_wconf 85' lang='lat' dir='ltr'><strong>autem</strong></span> <span class='ocrx_word' id='word_1_268' title='bbox 903 1885 1159 1940; x_wconf 88' lang='lat' dir='ltr'><strong>similiter</strong></span> <span class='ocrx_word' id='word_1_269' title='bbox 1188 1882 1366 1938; x_wconf 90' lang='lat' dir='ltr'><strong>eidem</strong></span> <span class='ocrx_word' id='word_1_270' title='bbox 1397 1883 1519 1937; x_wconf 90' lang='lat' dir='ltr'><strong>viro</strong></span> <span class='ocrx_word' id='word_1_271' title='bbox 1547 1889 1741 1936; x_wconf 87' lang='lat' dir='ltr'><strong>auctor</strong></span> <span class='ocrx_word' id='word_1_272' title='bbox 1773 1887 1857 1935; x_wconf 91' lang='lat' dir='ltr'><strong>est</strong></span> <span class='ocrx_word' id='word_1_273' title='bbox 1883 1877 2050 1934; x_wconf 84' lang='lat' dir='ltr'><strong>David</strong></span> 
     </span>
    </p>
   </div>
   <div class='ocr_carea' id='block_1_36' title="bbox 2154 1872 3756 1954">
    <p class='ocr_par' dir='ltr' id='par_1_36' title="bbox 2158 1872 3756 1954">
     <span class='ocr_line' id='line_1_36' title="bbox 2158 1872 3756 1954; baseline -0.001 -19"><span class='ocrx_word' id='word_1_274' title='bbox 2158 1872 2295 1954; x_wconf 80' lang='grc' dir='ltr'>ἐμοῦ</span> <span class='ocrx_word' id='word_1_275' title='bbox 2325 1882 2424 1946; x_wconf 81' lang='grc' dir='ltr'><strong>τάς</strong></span> <span class='ocrx_word' id='word_1_276' title='bbox 2457 1880 2729 1953; x_wconf 84' lang='grc' dir='ltr'>μάστιγάς</span> <span class='ocrx_word' id='word_1_277' title='bbox 2762 1897 2877 1935; x_wconf 89' lang='grc' dir='ltr'>σου.</span> <span class='ocrx_word' id='word_1_278' title='bbox 2919 1879 3054 1934; x_wconf 81' lang='grc' dir='ltr'><strong>Ἀπὸ</strong></span> <span class='ocrx_word' id='word_1_279' title='bbox 3077 1881 3178 1952; x_wconf 86' lang='grc' dir='ltr'>τῆς</span> <span class='ocrx_word' id='word_1_280' title='bbox 3210 1880 3392 1952; x_wconf 78' lang='grc' dir='ltr'>ἰσχύος</span> <span class='ocrx_word' id='word_1_281' title='bbox 3426 1883 3527 1952; x_wconf 81' lang='grc' dir='ltr'>τῆς</span> <span class='ocrx_word' id='word_1_282' title='bbox 3573 1881 3756 1952; x_wconf 89' lang='grc' dir='ltr'>χειρός</span> 
     </span>
    </p>
   </div>
   <div class='ocr_carea' id='block_1_37' title="bbox 459 1971 2053 2050">
    <p class='ocr_par' dir='ltr' id='par_1_37' title="bbox 459 1971 2053 2050">
     <span class='ocr_line' id='line_1_37' title="bbox 459 1971 2053 2050; baseline -0.004 -18"><span class='ocrx_word' id='word_1_283' title='bbox 459 1989 521 2034; x_wconf 85' lang='grc' dir='ltr'><strong>ιιι</strong></span> <span class='ocrx_word' id='word_1_284' title='bbox 556 1977 830 2050; x_wconf 88' lang='lat' dir='ltr'><strong>colloquia</strong></span> <span class='ocrx_word' id='word_1_285' title='bbox 866 1980 1053 2033; x_wconf 84' lang='lat' dir='ltr'><strong>secum</strong></span> <span class='ocrx_word' id='word_1_286' title='bbox 1089 1976 1322 2031; x_wconf 90' lang='lat' dir='ltr'><strong>misceat</strong></span> <span class='ocrx_word' id='word_1_287' title='bbox 1348 1990 1413 2029; x_wconf 90' lang='lat' dir='ltr'><strong>ac</strong></span> <span class='ocrx_word' id='word_1_288' title='bbox 1441 1974 1628 2029; x_wconf 88' lang='lat' dir='ltr'><strong>dicat:</strong></span> <span class='ocrx_word' id='word_1_289' title='bbox 1667 1993 1684 2024; x_wconf 80' lang='grc' dir='ltr'><strong>ι</strong></span> <span class='ocrx_word' id='word_1_290' title='bbox 1718 1971 1913 2028; x_wconf 85' lang='lat' dir='ltr'><strong>Nonne</strong></span> <span class='ocrx_word' id='word_1_291' title='bbox 1941 1971 2053 2027; x_wconf 87' lang='lat' dir='ltr'><strong>Deo</strong></span> 
     </span>
    </p>
   </div>
   <div class='ocr_carea' id='block_1_38' title="bbox 459 2053 2054 2140">
    <p class='ocr_par' dir='ltr' id='par_1_38' title="bbox 459 2053 2054 2140">
     <span class='ocr_line' id='line_1_38' title="bbox 459 2053 2054 2140; baseline -0.003 -14"><span class='ocrx_word' id='word_1_292' title='bbox 459 2071 714 2140; x_wconf 74' lang='lat' dir='ltr'><strong>subjecta</strong></span> <span class='ocrx_word' id='word_1_293' title='bbox 743 2072 849 2125; x_wconf 89' lang='lat' dir='ltr'><strong>erit</strong></span> <span class='ocrx_word' id='word_1_294' title='bbox 881 2070 1064 2125; x_wconf 85' lang='lat' dir='ltr'><strong>anima</strong></span> <span class='ocrx_word' id='word_1_295' title='bbox 1096 2085 1215 2124; x_wconf 85' lang='lat' dir='ltr'><strong>mea</strong></span> <span class='ocrx_word' id='word_1_296' title='bbox 1265 2087 1278 2123; x_wconf 92' lang='lat'><strong>:</strong></span> <span class='ocrx_word' id='word_1_297' title='bbox 1317 2066 1389 2123; x_wconf 89' lang='lat' dir='ltr'><strong>ab</strong></span> <span class='ocrx_word' id='word_1_298' title='bbox 1443 2053 1564 2137; x_wconf 85' lang='lat' dir='ltr'><strong>ipso</strong></span> <span class='ocrx_word' id='word_1_299' title='bbox 1615 2067 1760 2122; x_wconf 90' lang='lat' dir='ltr'><strong>enim</strong></span> <span class='ocrx_word' id='word_1_300' title='bbox 1811 2065 2054 2121; x_wconf 86' lang='lat' dir='ltr'><strong>salutare</strong></span> 
     </span>
    </p>
   </div>
   <div class='ocr_carea' id='block_1_39' title="bbox 458 2158 2048 2234">
    <p class='ocr_par' dir='ltr' id='par_1_39' title="bbox 458 2158 2048 2234">
     <span class='ocr_line' id='line_1_39' title="bbox 458 2158 2048 2234; baseline -0.004 -17"><span class='ocrx_word' id='word_1_301' title='bbox 458 2178 640 2217; x_wconf 77' lang='lat' dir='ltr'><strong>ineunt</strong></span> <span class='ocrx_word' id='word_1_302' title='bbox 664 2162 688 2217; x_wconf 90' lang='lat'><strong>?</strong></span> <span class='ocrx_word' id='word_1_303' title='bbox 723 2182 743 2214; x_wconf 76' lang='grc' dir='ltr'><strong>ιι</strong></span> <span class='ocrx_word' id='word_1_304' title='bbox 768 2163 936 2229; x_wconf 85' lang='lat' dir='ltr'><strong>Queis</strong></span> <span class='ocrx_word' id='word_1_305' title='bbox 964 2161 1239 2234; x_wconf 77' lang='lat' dir='ltr'><strong>significat</strong></span> <span class='ocrx_word' id='word_1_306' title='bbox 1265 2176 1325 2217; x_wconf 89' lang='lat' dir='ltr'><strong>se</strong></span> <span class='ocrx_word' id='word_1_307' title='bbox 1344 2159 1652 2227; x_wconf 88' lang='lat' dir='ltr'><strong>vacillassc,</strong></span> <span class='ocrx_word' id='word_1_308' title='bbox 1676 2174 1740 2214; x_wconf 87' lang='lat' dir='ltr'><strong>ac</strong></span> <span class='ocrx_word' id='word_1_309' title='bbox 1756 2158 2048 2229; x_wconf 85' lang='lat' dir='ltr'><strong>quamdam</strong></span> 
     </span>
    </p>
   </div>
   <div class='ocr_carea' id='block_1_40' title="bbox 457 2248 2054 2324">
    <p class='ocr_par' dir='ltr' id='par_1_40' title="bbox 457 2248 2054 2324">
     <span class='ocr_line' id='line_1_40' title="bbox 457 2248 2054 2324; baseline -0.003 -18"><span class='ocrx_word' id='word_1_310' title='bbox 457 2253 931 2322; x_wconf 87' lang='lat' dir='ltr'><strong>perturbationem</strong></span> <span class='ocrx_word' id='word_1_311' title='bbox 989 2253 1187 2307; x_wconf 64' lang='lat' dir='ltr'><strong>anima:</strong></span> <span class='ocrx_word' id='word_1_312' title='bbox 1236 2267 1462 2324; x_wconf 88' lang='lat' dir='ltr'><strong>passum</strong></span> <span class='ocrx_word' id='word_1_313' title='bbox 1509 2265 1651 2306; x_wconf 86' lang='lat' dir='ltr'><strong>esse.</strong></span> <span class='ocrx_word' id='word_1_314' title='bbox 1693 2248 1833 2316; x_wconf 88' lang='lat' dir='ltr'><strong>Quia</strong></span> <span class='ocrx_word' id='word_1_315' title='bbox 1883 2250 2054 2320; x_wconf 83' lang='lat' dir='ltr'><strong>igitur</strong></span> 
     </span>
    </p>
   </div>
   <div class='ocr_carea' id='block_1_41' title="bbox 460 2341 2051 2418">
    <p class='ocr_par' dir='ltr' id='par_1_41' title="bbox 460 2341 2051 2418">
     <span class='ocr_line' id='line_1_41' title="bbox 460 2341 2051 2418; baseline -0.003 -17"><span class='ocrx_word' id='word_1_316' title='bbox 460 2347 847 2418; x_wconf 80' lang='lat' dir='ltr'><strong>ingruentibus</strong></span> <span class='ocrx_word' id='word_1_317' title='bbox 883 2347 1253 2402; x_wconf 89' lang='lat' dir='ltr'><strong>tentatoribus</strong></span> <span class='ocrx_word' id='word_1_318' title='bbox 1301 2345 1575 2400; x_wconf 90' lang='lat' dir='ltr'><strong>tantillum</strong></span> <span class='ocrx_word' id='word_1_319' title='bbox 1623 2344 1804 2398; x_wconf 89' lang='lat' dir='ltr'><strong>animo</strong></span> <span class='ocrx_word' id='word_1_320' title='bbox 1844 2341 2051 2397; x_wconf 84' lang='lat' dir='ltr'><strong>fractus</strong></span> 
     </span>
    </p>
   </div>
   <div class='ocr_carea' id='block_1_42' title="bbox 458 2429 2049 2505">
    <p class='ocr_par' dir='ltr' id='par_1_42' title="bbox 458 2429 2049 2505">
     <span class='ocr_line' id='line_1_42' title="bbox 458 2429 2049 2505; baseline -0.004 -13"><span class='ocrx_word' id='word_1_321' title='bbox 458 2447 560 2501; x_wconf 83' lang='lat' dir='ltr'><strong>est,</strong></span> <span class='ocrx_word' id='word_1_322' title='bbox 587 2437 640 2492; x_wconf 89' lang='lat' dir='ltr'><strong>id</strong></span> <span class='ocrx_word' id='word_1_323' title='bbox 670 2435 1139 2502; x_wconf 75' lang='lat' dir='ltr'><strong>animadvertetis,</strong></span> <span class='ocrx_word' id='word_1_324' title='bbox 1172 2451 1282 2491; x_wconf 87' lang='lat' dir='ltr'><strong>non</strong></span> <span class='ocrx_word' id='word_1_325' title='bbox 1308 2444 1366 2490; x_wconf 93' lang='lat' dir='ltr'><strong>ut</strong></span> <span class='ocrx_word' id='word_1_326' title='bbox 1389 2435 1481 2490; x_wconf 89' lang='lat' dir='ltr'><strong>ille</strong></span> <span class='ocrx_word' id='word_1_327' title='bbox 1507 2433 1600 2505; x_wconf 89' lang='lat' dir='ltr'><strong>qui</strong></span> <span class='ocrx_word' id='word_1_328' title='bbox 1629 2432 1868 2496; x_wconf 88' lang='lat' dir='ltr'><strong>dicebat,</strong></span> <span class='ocrx_word' id='word_1_329' title='bbox 1896 2451 1913 2484; x_wconf 78' lang='grc' dir='ltr'><strong>ι</strong></span> <span class='ocrx_word' id='word_1_330' title='bbox 1947 2429 2049 2487; x_wconf 78' lang='lat' dir='ltr'><strong>Mei</strong></span> 
     </span>
    </p>
   </div>
   <div class='ocr_carea' id='block_1_43' title="bbox 461 2527 2052 2602">
    <p class='ocr_par' dir='ltr' id='par_1_43' title="bbox 461 2527 2052 2602">
     <span class='ocr_line' id='line_1_43' title="bbox 461 2527 2052 2602; baseline -0.004 -17"><span class='ocrx_word' id='word_1_331' title='bbox 461 2541 642 2587; x_wconf 86' lang='lat' dir='ltr'><strong>autem</strong></span> <span class='ocrx_word' id='word_1_332' title='bbox 675 2546 815 2601; x_wconf 91' lang='lat' dir='ltr'><strong>pene</strong></span> <span class='ocrx_word' id='word_1_333' title='bbox 845 2531 978 2585; x_wconf 88' lang='lat' dir='ltr'><strong>moti</strong></span> <span class='ocrx_word' id='word_1_334' title='bbox 1009 2538 1137 2586; x_wconf 94' lang='lat' dir='ltr'><strong>sunt</strong></span> <span class='ocrx_word' id='word_1_335' title='bbox 1168 2529 1334 2602; x_wconf 89' lang='lat' dir='ltr'><strong>pedes</strong></span> <span class='ocrx_word' id='word_1_336' title='bbox 1359 2529 1404 2564; x_wconf 73' lang='grc' dir='ltr'><strong>θ’</strong></span> <span class='ocrx_word' id='word_1_337' title='bbox 1431 2546 1448 2596; x_wconf 89' lang='lat'><strong>;</strong></span> <span class='ocrx_word' id='word_1_338' title='bbox 1492 2547 1512 2581; x_wconf 85' lang='grc'><strong>›</strong></span> <span class='ocrx_word' id='word_1_339' title='bbox 1551 2527 1646 2582; x_wconf 90' lang='lat' dir='ltr'><strong>sed</strong></span> <span class='ocrx_word' id='word_1_340' title='bbox 1687 2533 1748 2581; x_wconf 92' lang='lat' dir='ltr'><strong>ut</strong></span> <span class='ocrx_word' id='word_1_341' title='bbox 1777 2540 1904 2581; x_wconf 89' lang='lat' dir='ltr'><strong>vere</strong></span> <span class='ocrx_word' id='word_1_342' title='bbox 1935 2540 2052 2580; x_wconf 87' lang='lat' dir='ltr'><strong>mo-</strong></span> 
     </span>
    </p>
   </div>
   <div class='ocr_carea' id='block_1_44' title="bbox 458 2617 2050 2688">
    <p class='ocr_par' dir='ltr' id='par_1_44' title="bbox 458 2617 2050 2688">
     <span class='ocr_line' id='line_1_44' title="bbox 458 2617 2050 2688; baseline -0.003 -11"><span class='ocrx_word' id='word_1_343' title='bbox 458 2631 574 2688; x_wconf 82' lang='lat' dir='ltr'><strong>tus,</strong></span> <span class='ocrx_word' id='word_1_344' title='bbox 613 2624 930 2679; x_wconf 82' lang='lat' dir='ltr'><strong>necessario</strong></span> <span class='ocrx_word' id='word_1_345' title='bbox 964 2623 1033 2679; x_wconf 90' lang='lat' dir='ltr'><strong>ad</strong></span> <span class='ocrx_word' id='word_1_346' title='bbox 1060 2623 1178 2678; x_wconf 71' lang='lat' dir='ltr'><strong>lucc</strong></span> <span class='ocrx_word' id='word_1_347' title='bbox 1221 2619 1454 2677; x_wconf 89' lang='lat' dir='ltr'><strong>dicenda</strong></span> <span class='ocrx_word' id='word_1_348' title='bbox 1483 2619 1827 2675; x_wconf 90' lang='lat' dir='ltr'><strong>instituitur:</strong></span> <span class='ocrx_word' id='word_1_349' title='bbox 1865 2635 1886 2669; x_wconf 77' lang='grc' dir='ltr'><strong>ι</strong></span> <span class='ocrx_word' id='word_1_350' title='bbox 1929 2617 2050 2673; x_wconf 86' lang='grc' dir='ltr'>Νοιι</span> 
     </span>
    </p>
   </div>
   <div class='ocr_carea' id='block_1_45' title="bbox 457 2699 2050 2778">
    <p class='ocr_par' dir='ltr' id='par_1_45' title="bbox 457 2699 2050 2778">
     <span class='ocr_line' id='line_1_45' title="bbox 457 2699 2050 2778; baseline -0.004 -16"><span class='ocrx_word' id='word_1_351' title='bbox 457 2708 720 2764; x_wconf 79' lang='lat' dir='ltr'><strong>tnovebor</strong></span> <span class='ocrx_word' id='word_1_352' title='bbox 749 2707 985 2778; x_wconf 86' lang='lat' dir='ltr'><strong>amplius</strong></span> <span class='ocrx_word' id='word_1_353' title='bbox 1012 2725 1027 2774; x_wconf 91' lang='lat'><strong>;</strong></span> <span class='ocrx_word' id='word_1_354' title='bbox 1058 2726 1077 2759; x_wconf 74' lang='grc' dir='ltr'><strong>ι</strong></span> <span class='ocrx_word' id='word_1_355' title='bbox 1103 2707 1218 2762; x_wconf 84' lang='lat' dir='ltr'><strong>sive</strong></span> <span class='ocrx_word' id='word_1_356' title='bbox 1243 2705 1549 2762; x_wconf 89' lang='lat' dir='ltr'><strong>secundum</strong></span> <span class='ocrx_word' id='word_1_357' title='bbox 1573 2702 1848 2772; x_wconf 82' lang='lat' dir='ltr'><strong>Aquilam,</strong></span> <span class='ocrx_word' id='word_1_358' title='bbox 1877 2719 1896 2752; x_wconf 79' lang='grc' dir='ltr'><strong>ι</strong></span> <span class='ocrx_word' id='word_1_359' title='bbox 1926 2699 2050 2755; x_wconf 85' lang='lat' dir='ltr'><strong>Fal-</strong></span> 
     </span>
    </p>
   </div>
   <div class='ocr_carea' id='block_1_46' title="bbox 459 2795 2048 2867">
    <p class='ocr_par' dir='ltr' id='par_1_46' title="bbox 459 2795 2048 2867">
     <span class='ocr_line' id='line_1_46' title="bbox 459 2795 2048 2867; baseline -0.001 -16"><span class='ocrx_word' id='word_1_360' title='bbox 459 2800 542 2852; x_wconf 85' lang='lat' dir='ltr'><strong>lar</strong></span> <span class='ocrx_word' id='word_1_361' title='bbox 573 2800 804 2854; x_wconf 89' lang='lat' dir='ltr'><strong>multum</strong></span> <span class='ocrx_word' id='word_1_362' title='bbox 830 2815 846 2866; x_wconf 91' lang='lat'><strong>;</strong></span> <span class='ocrx_word' id='word_1_363' title='bbox 907 2817 926 2851; x_wconf 74' lang='grc' dir='ltr'><strong>ι</strong></span> <span class='ocrx_word' id='word_1_364' title='bbox 970 2797 1272 2853; x_wconf 90' lang='lat' dir='ltr'><strong>secundum</strong></span> <span class='ocrx_word' id='word_1_365' title='bbox 1305 2796 1552 2867; x_wconf 88' lang='lat' dir='ltr'><strong>quintam</strong></span> <span class='ocrx_word' id='word_1_366' title='bbox 1584 2795 1879 2851; x_wconf 90' lang='lat' dir='ltr'><strong>editionem</strong></span> <span class='ocrx_word' id='word_1_367' title='bbox 1907 2795 2048 2850; x_wconf 81' lang='lat' dir='ltr'><strong>dici-</strong></span> 
     </span>
    </p>
   </div>
   <div class='ocr_carea' id='block_1_47' title="bbox 459 2885 2050 2959">
    <p class='ocr_par' dir='ltr' id='par_1_47' title="bbox 459 2885 2050 2959">
     <span class='ocr_line' id='line_1_47' title="bbox 459 2885 2050 2959; baseline -0.003 -15"><span class='ocrx_word' id='word_1_368' title='bbox 459 2898 548 2944; x_wconf 87' lang='lat' dir='ltr'><strong>tur</strong></span> <span class='ocrx_word' id='word_1_369' title='bbox 579 2891 769 2954; x_wconf 90' lang='lat' dir='ltr'><strong>etiam,</strong></span> <span class='ocrx_word' id='word_1_370' title='bbox 824 2909 842 2941; x_wconf 78' lang='grc' dir='ltr'><strong>ι</strong></span> <span class='ocrx_word' id='word_1_371' title='bbox 901 2888 1024 2944; x_wconf 86' lang='lat' dir='ltr'><strong>Non</strong></span> <span class='ocrx_word' id='word_1_372' title='bbox 1074 2888 1341 2944; x_wconf 87' lang='lat' dir='ltr'><strong>movebor</strong></span> <span class='ocrx_word' id='word_1_373' title='bbox 1373 2887 1629 2959; x_wconf 89' lang='lat' dir='ltr'><strong>amplius.</strong></span> <span class='ocrx_word' id='word_1_374' title='bbox 1693 2905 1710 2938; x_wconf 78' lang='grc' dir='ltr'><strong>ι</strong></span> <span class='ocrx_word' id='word_1_375' title='bbox 1768 2885 2050 2942; x_wconf 88' lang='lat' dir='ltr'><strong>Consonat</strong></span> 
     </span>
    </p>
   </div>
   <div class='ocr_carea' id='block_1_48' title="bbox 457 2979 2049 3052">
    <p class='ocr_par' dir='ltr' id='par_1_48' title="bbox 457 2979 2049 3052">
     <span class='ocr_line' id='line_1_48' title="bbox 457 2979 2049 3052; baseline -0.002 -16"><span class='ocrx_word' id='word_1_376' title='bbox 457 2991 641 3037; x_wconf 85' lang='lat' dir='ltr'><strong>autem</strong></span> <span class='ocrx_word' id='word_1_377' title='bbox 677 2983 940 3038; x_wconf 81' lang='lat' dir='ltr'><strong>doetrime</strong></span> <span class='ocrx_word' id='word_1_378' title='bbox 990 2981 1282 3052; x_wconf 67' lang='lat' dir='ltr'><strong>prazsentis</strong></span> <span class='ocrx_word' id='word_1_379' title='bbox 1317 2979 1588 3036; x_wconf 86' lang='lat' dir='ltr'><strong>sententia</strong></span> <span class='ocrx_word' id='word_1_380' title='bbox 1620 2979 1919 3050; x_wconf 71' lang='lat' dir='ltr'><strong>prophetia:</strong></span> <span class='ocrx_word' id='word_1_381' title='bbox 1963 2979 2049 3034; x_wconf 91' lang='lat' dir='ltr'><strong>di-</strong></span> 
     </span>
    </p>
   </div>
   <div class='ocr_carea' id='block_1_49' title="bbox 457 3072 2048 3147">
    <p class='ocr_par' dir='ltr' id='par_1_49' title="bbox 457 3072 2048 3147">
     <span class='ocr_line' id='line_1_49' title="bbox 457 3072 2048 3147; baseline -0.003 -16"><span class='ocrx_word' id='word_1_382' title='bbox 457 3075 603 3131; x_wconf 90' lang='lat' dir='ltr'><strong>centi</strong></span> <span class='ocrx_word' id='word_1_383' title='bbox 634 3095 646 3130; x_wconf 89' lang='lat'><strong>:</strong></span> <span class='ocrx_word' id='word_1_384' title='bbox 686 3095 704 3128; x_wconf 80' lang='lat' dir='ltr'><strong>t</strong></span> <span class='ocrx_word' id='word_1_385' title='bbox 743 3074 837 3131; x_wconf 74' lang='lat' dir='ltr'><strong>Vae</strong></span> <span class='ocrx_word' id='word_1_386' title='bbox 862 3078 954 3147; x_wconf 90' lang='lat' dir='ltr'><strong>qui</strong></span> <span class='ocrx_word' id='word_1_387' title='bbox 985 3075 1286 3132; x_wconf 86' lang='lat' dir='ltr'><strong>detrahunt</strong></span> <span class='ocrx_word' id='word_1_388' title='bbox 1315 3081 1544 3146; x_wconf 88' lang='lat' dir='ltr'><strong>peccata</strong></span> <span class='ocrx_word' id='word_1_389' title='bbox 1573 3081 1632 3127; x_wconf 92' lang='lat' dir='ltr'><strong>ut</strong></span> <span class='ocrx_word' id='word_1_390' title='bbox 1662 3072 1907 3128; x_wconf 81' lang='lat' dir='ltr'><strong>funiculo</strong></span> <span class='ocrx_word' id='word_1_391' title='bbox 1928 3072 2048 3127; x_wconf 90' lang='lat' dir='ltr'><strong>lon-</strong></span> 
     </span>
    </p>
   </div>
   <div class='ocr_carea' id='block_1_50' title="bbox 455 3163 2041 3239">
    <p class='ocr_par' dir='ltr' id='par_1_50' title="bbox 455 3163 2041 3239">
     <span class='ocr_line' id='line_1_50' title="bbox 455 3163 2041 3239; baseline -0.003 -18"><span class='ocrx_word' id='word_1_392' title='bbox 455 3182 547 3239; x_wconf 72' lang='lat' dir='ltr'><strong>go,</strong></span> <span class='ocrx_word' id='word_1_393' title='bbox 577 3177 631 3224; x_wconf 88' lang='lat' dir='ltr'><strong>et</strong></span> <span class='ocrx_word' id='word_1_394' title='bbox 656 3168 816 3238; x_wconf 85' lang='lat' dir='ltr'><strong>quasi</strong></span> <span class='ocrx_word' id='word_1_395' title='bbox 852 3167 1081 3239; x_wconf 88' lang='lat' dir='ltr'><strong>plaustri</strong></span> <span class='ocrx_word' id='word_1_396' title='bbox 1123 3167 1244 3221; x_wconf 86' lang='lat' dir='ltr'><strong>loro</strong></span> <span class='ocrx_word' id='word_1_397' title='bbox 1273 3165 1510 3232; x_wconf 73' lang='lat' dir='ltr'><strong>buculze,</strong></span> <span class='ocrx_word' id='word_1_398' title='bbox 1547 3163 1866 3236; x_wconf 87' lang='lat' dir='ltr'><strong>iniquitates</strong></span> <span class='ocrx_word' id='word_1_399' title='bbox 1893 3164 1972 3229; x_wconf 86' lang='grc'><strong>⁶¹;</strong></span> <span class='ocrx_word' id='word_1_400' title='bbox 2021 3183 2041 3216; x_wconf 74' lang='grc' dir='ltr'><strong>ι</strong></span> 
     </span>
    </p>
   </div>
   <div class='ocr_carea' id='block_1_51' title="bbox 2162 1971 3758 2044">
    <p class='ocr_par' dir='ltr' id='par_1_51' title="bbox 2162 1971 3758 2044">
     <span class='ocr_line' id='line_1_51' title="bbox 2162 1971 3758 2044; baseline -0.003 -14"><span class='ocrx_word' id='word_1_401' title='bbox 2162 1993 2256 2030; x_wconf 90' lang='grc' dir='ltr'><strong>σου</strong></span> <span class='ocrx_word' id='word_1_402' title='bbox 2273 1971 2667 2044; x_wconf 82' lang='grc' dir='ltr'>ὲγὼὲξέλιπον.</span> <span class='ocrx_word' id='word_1_403' title='bbox 2701 1993 2720 2026; x_wconf 74' lang='grc' dir='ltr'><strong>ι</strong></span> <span class='ocrx_word' id='word_1_404' title='bbox 2749 1972 2936 2027; x_wconf 88' lang='grc' dir='ltr'>Ταῦτα</span> <span class='ocrx_word' id='word_1_405' title='bbox 2969 1973 3065 2026; x_wconf 72' lang='grc' dir='ltr'>καὶ</span> <span class='ocrx_word' id='word_1_406' title='bbox 3085 1973 3153 2026; x_wconf 78' lang='grc' dir='ltr'>τὰ</span> <span class='ocrx_word' id='word_1_407' title='bbox 3183 1971 3411 2027; x_wconf 88' lang='grc' dir='ltr'>τοιαῦτα</span> <span class='ocrx_word' id='word_1_408' title='bbox 3443 1972 3758 2026; x_wconf 81' lang='grc' dir='ltr'>ὲδιδάσκετο</span> 
     </span>
    </p>
   </div>
   <div class='ocr_carea' id='block_1_52' title="bbox 2159 2065 3755 2138">
    <p class='ocr_par' dir='ltr' id='par_1_52' title="bbox 2159 2065 3755 2138">
     <span class='ocr_line' id='line_1_52' title="bbox 2159 2065 3755 2138; baseline 0 -18"><span class='ocrx_word' id='word_1_409' title='bbox 2159 2068 2338 2134; x_wconf 86' lang='grc' dir='ltr'>λέγειν</span> <span class='ocrx_word' id='word_1_410' title='bbox 2391 2069 2485 2121; x_wconf 68' lang='grc' dir='ltr'>καὶ</span> <span class='ocrx_word' id='word_1_411' title='bbox 2531 2066 2612 2137; x_wconf 79' lang='grc' dir='ltr'>τῷ</span> <span class='ocrx_word' id='word_1_412' title='bbox 2661 2066 2782 2138; x_wconf 88' lang='grc' dir='ltr'><strong>Θεῷ</strong></span> <span class='ocrx_word' id='word_1_413' title='bbox 2819 2065 3075 2131; x_wconf 80' lang='grc' dir='ltr'>τοιαύτας</span> <span class='ocrx_word' id='word_1_414' title='bbox 3119 2065 3286 2136; x_wconf 86' lang='grc' dir='ltr'>εὑχὰς</span> <span class='ocrx_word' id='word_1_415' title='bbox 3331 2067 3684 2138; x_wconf 81' lang='grc' dir='ltr'>ἀναπέμπειν</span> <span class='ocrx_word' id='word_1_416' title='bbox 3725 2067 3755 2120; x_wconf 88' lang='lat'><strong>6</strong></span> 
     </span>
    </p>
   </div>
   <div class='ocr_carea' id='block_1_53' title="bbox 2171 2157 3752 2230">
    <p class='ocr_par' dir='ltr' id='par_1_53' title="bbox 2171 2157 3752 2230">
     <span class='ocr_line' id='line_1_53' title="bbox 2171 2157 3752 2230; baseline 0 -18"><span class='ocrx_word' id='word_1_417' title='bbox 2171 2158 2403 2230; x_wconf 81' lang='grc' dir='ltr'>Ἰδιθοὺμ</span> <span class='ocrx_word' id='word_1_418' title='bbox 2430 2161 2492 2212; x_wconf 81' lang='grc' dir='ltr'>ἐν</span> <span class='ocrx_word' id='word_1_419' title='bbox 2521 2159 2716 2230; x_wconf 82' lang='grc' dir='ltr'>ἐκείνῳ</span> <span class='ocrx_word' id='word_1_420' title='bbox 2743 2176 2756 2188; x_wconf 74' lang='grc' dir='ltr'><strong>ο</strong></span> <span class='ocrx_word' id='word_1_421' title='bbox 2793 2158 2888 2212; x_wconf 72' lang='grc' dir='ltr'>καὶ</span> <span class='ocrx_word' id='word_1_422' title='bbox 2918 2159 2974 2211; x_wconf 79' lang='grc' dir='ltr'>ὲν</span> <span class='ocrx_word' id='word_1_423' title='bbox 2997 2157 3077 2228; x_wconf 82' lang='grc' dir='ltr'><strong>τῷ</strong></span> <span class='ocrx_word' id='word_1_424' title='bbox 3114 2158 3252 2228; x_wconf 89' lang='grc' dir='ltr'><strong>μετὰ</strong></span> <span class='ocrx_word' id='word_1_425' title='bbox 3279 2161 3467 2230; x_wconf 84' lang='grc' dir='ltr'>χεῖρας</span> <span class='ocrx_word' id='word_1_426' title='bbox 3489 2159 3546 2212; x_wconf 78' lang='grc' dir='ltr'>δὲ</span> <span class='ocrx_word' id='word_1_427' title='bbox 3579 2158 3752 2213; x_wconf 86' lang='grc' dir='ltr'>ὡσαύ-</span> 
     </span>
    </p>
   </div>
   <div class='ocr_carea' id='block_1_54' title="bbox 2156 2250 3756 2324">
    <p class='ocr_par' dir='ltr' id='par_1_54' title="bbox 2156 2250 3756 2324">
     <span class='ocr_line' id='line_1_54' title="bbox 2156 2250 3756 2324; baseline -0.001 -17"><span class='ocrx_word' id='word_1_428' title='bbox 2156 2271 2266 2318; x_wconf 89' lang='grc' dir='ltr'><strong>τως</strong></span> <span class='ocrx_word' id='word_1_429' title='bbox 2291 2254 2382 2307; x_wconf 83' lang='grc' dir='ltr'>τὸν</span> <span class='ocrx_word' id='word_1_430' title='bbox 2411 2253 2577 2306; x_wconf 87' lang='grc' dir='ltr'>αὑτὸν</span> <span class='ocrx_word' id='word_1_431' title='bbox 2602 2252 2770 2323; x_wconf 84' lang='grc' dir='ltr'>ἄνδρα</span> <span class='ocrx_word' id='word_1_432' title='bbox 2791 2254 2819 2306; x_wconf 92' lang='lat'><strong>6</strong></span> <span class='ocrx_word' id='word_1_433' title='bbox 2843 2251 3009 2306; x_wconf 82' lang='grc' dir='ltr'><strong>Δαυῖδ</strong></span> <span class='ocrx_word' id='word_1_434' title='bbox 3027 2250 3268 2306; x_wconf 85' lang='grc' dir='ltr'>διδάσκει</span> <span class='ocrx_word' id='word_1_435' title='bbox 3292 2251 3471 2323; x_wconf 85' lang='grc' dir='ltr'>ἐαυτῴ</span> <span class='ocrx_word' id='word_1_436' title='bbox 3500 2252 3756 2324; x_wconf 87' lang='grc' dir='ltr'>προσδια-</span> 
     </span>
    </p>
   </div>
   <div class='ocr_carea' id='block_1_55' title="bbox 2157 2343 3753 2416">
    <p class='ocr_par' dir='ltr' id='par_1_55' title="bbox 2157 2343 3753 2416">
     <span class='ocr_line' id='line_1_55' title="bbox 2157 2343 3753 2416; baseline -0.002 -17"><span class='ocrx_word' id='word_1_437' title='bbox 2157 2345 2412 2416; x_wconf 82' lang='grc' dir='ltr'>λέγεσθαι</span> <span class='ocrx_word' id='word_1_438' title='bbox 2449 2347 2543 2400; x_wconf 77' lang='grc' dir='ltr'>καὶ</span> <span class='ocrx_word' id='word_1_439' title='bbox 2575 2344 2786 2414; x_wconf 82' lang='grc' dir='ltr'>λέγειν’</span> <span class='ocrx_word' id='word_1_440' title='bbox 2821 2363 2840 2396; x_wconf 80' lang='grc' dir='ltr'><strong>ι</strong></span> <span class='ocrx_word' id='word_1_441' title='bbox 2895 2345 3035 2416; x_wconf 74' lang='grc' dir='ltr'><strong>υὺχὶ</strong></span> <span class='ocrx_word' id='word_1_442' title='bbox 3072 2343 3151 2415; x_wconf 82' lang='grc' dir='ltr'><strong>τῷ</strong></span> <span class='ocrx_word' id='word_1_443' title='bbox 3188 2344 3311 2416; x_wconf 85' lang='grc' dir='ltr'><strong>Θεῷ</strong></span> <span class='ocrx_word' id='word_1_444' title='bbox 3344 2345 3753 2416; x_wconf 76' lang='grc' dir='ltr'>ὑποταγήσεται</span> 
     </span>
    </p>
   </div>
   <div class='ocr_carea' id='block_1_56' title="bbox 2157 2436 3748 2514">
    <p class='ocr_par' dir='ltr' id='par_1_56' title="bbox 2157 2436 3748 2514">
     <span class='ocr_line' id='line_1_56' title="bbox 2157 2436 3748 2514; baseline -0.014 -4"><span class='ocrx_word' id='word_1_445' title='bbox 2157 2443 2191 2514; x_wconf 74' lang='grc' dir='ltr'>ἡ</span> <span class='ocrx_word' id='word_1_446' title='bbox 2237 2440 2384 2512; x_wconf 70' lang='grc' dir='ltr'>ψυχή</span> <span class='ocrx_word' id='word_1_447' title='bbox 2439 2455 2580 2512; x_wconf 84' lang='grc' dir='ltr'>μου;</span> <span class='ocrx_word' id='word_1_448' title='bbox 2621 2442 2754 2513; x_wconf 84' lang='grc' dir='ltr'>παρ’</span> <span class='ocrx_word' id='word_1_449' title='bbox 2787 2436 2952 2492; x_wconf 80' lang='grc' dir='ltr'>αὑτοῦ</span> <span class='ocrx_word' id='word_1_450' title='bbox 3007 2437 3116 2510; x_wconf 86' lang='grc' dir='ltr'>γὰρ</span> <span class='ocrx_word' id='word_1_451' title='bbox 3163 2438 3224 2490; x_wconf 86' lang='grc' dir='ltr'>τὸ</span> <span class='ocrx_word' id='word_1_452' title='bbox 3270 2437 3535 2509; x_wconf 85' lang='grc' dir='ltr'>σωτήριόν</span> <span class='ocrx_word' id='word_1_453' title='bbox 3572 2453 3694 2507; x_wconf 91' lang='grc' dir='ltr'>μου.</span> <span class='ocrx_word' id='word_1_454' title='bbox 3727 2455 3748 2487; x_wconf 74' lang='grc' dir='ltr'><strong>ι</strong></span> 
     </span>
    </p>
   </div>
   <div class='ocr_carea' id='block_1_57' title="bbox 2157 2527 3751 2602">
    <p class='ocr_par' dir='ltr' id='par_1_57' title="bbox 2157 2527 3751 2602">
     <span class='ocr_line' id='line_1_57' title="bbox 2157 2527 3751 2602; baseline -0.001 -19"><span class='ocrx_word' id='word_1_455' title='bbox 2157 2531 2420 2602; x_wconf 85' lang='grc' dir='ltr'>Σημαίνει</span> <span class='ocrx_word' id='word_1_456' title='bbox 2471 2528 2830 2584; x_wconf 90' lang='grc' dir='ltr'>σεσαλεῦσθαι</span> <span class='ocrx_word' id='word_1_457' title='bbox 2880 2529 3072 2593; x_wconf 83' lang='grc' dir='ltr'>αὑτὸν,</span> <span class='ocrx_word' id='word_1_458' title='bbox 3112 2527 3210 2582; x_wconf 88' lang='grc' dir='ltr'><strong>καί</strong></span> <span class='ocrx_word' id='word_1_459' title='bbox 3243 2545 3368 2583; x_wconf 90' lang='grc' dir='ltr'>τινα</span> <span class='ocrx_word' id='word_1_460' title='bbox 3389 2528 3635 2601; x_wconf 83' lang='grc' dir='ltr'>ταραχήν</span> <span class='ocrx_word' id='word_1_461' title='bbox 3681 2530 3751 2599; x_wconf 81' lang='grc' dir='ltr'>τῇ</span> 
     </span>
    </p>
   </div>
   <div class='ocr_carea' id='block_1_58' title="bbox 2155 2619 3752 2693">
    <p class='ocr_par' dir='ltr' id='par_1_58' title="bbox 2155 2619 3752 2693">
     <span class='ocr_line' id='line_1_58' title="bbox 2155 2619 3752 2693; baseline -0.001 -19"><span class='ocrx_word' id='word_1_462' title='bbox 2155 2620 2300 2693; x_wconf 79' lang='grc' dir='ltr'>ψυχῇ</span> <span class='ocrx_word' id='word_1_463' title='bbox 2339 2619 2688 2675; x_wconf 90' lang='grc' dir='ltr'>πεπονθέναι.</span> <span class='ocrx_word' id='word_1_464' title='bbox 2754 2621 2906 2675; x_wconf 72' lang='grc' dir='ltr'>Ἐπεὶ</span> <span class='ocrx_word' id='word_1_465' title='bbox 2953 2621 3133 2674; x_wconf 79' lang='grc' dir='ltr'>τοίνυν</span> <span class='ocrx_word' id='word_1_466' title='bbox 3158 2659 3172 2682; x_wconf 93' lang='grc'><strong>,</strong></span> <span class='ocrx_word' id='word_1_467' title='bbox 3218 2619 3327 2673; x_wconf 90' lang='grc' dir='ltr'><strong>τῶν</strong></span> <span class='ocrx_word' id='word_1_468' title='bbox 3383 2620 3752 2692; x_wconf 73' lang='grc' dir='ltr'>πειραζόντων</span> 
     </span>
    </p>
   </div>
   <div class='ocr_carea' id='block_1_59' title="bbox 2156 2711 3754 2784">
    <p class='ocr_par' dir='ltr' id='par_1_59' title="bbox 2156 2711 3754 2784">
     <span class='ocr_line' id='line_1_59' title="bbox 2156 2711 3754 2784; baseline 0 -20"><span class='ocrx_word' id='word_1_469' title='bbox 2156 2711 2492 2784; x_wconf 81' lang='grc' dir='ltr'>ἐπιθεμένων</span> <span class='ocrx_word' id='word_1_470' title='bbox 2517 2711 2686 2783; x_wconf 83' lang='grc' dir='ltr'>--αὑτῷ</span> <span class='ocrx_word' id='word_1_471' title='bbox 2708 2753 2723 2776; x_wconf 94' lang='grc'><strong>,</strong></span> <span class='ocrx_word' id='word_1_472' title='bbox 2760 2712 2950 2783; x_wconf 85' lang='grc' dir='ltr'>γέγονέ</span> <span class='ocrx_word' id='word_1_473' title='bbox 2984 2730 3069 2777; x_wconf 87' lang='grc' dir='ltr'><strong>τις</strong></span> <span class='ocrx_word' id='word_1_474' title='bbox 3102 2711 3252 2784; x_wconf 85' lang='grc' dir='ltr'>αὑτῷ</span> <span class='ocrx_word' id='word_1_475' title='bbox 3286 2712 3472 2767; x_wconf 84' lang='grc' dir='ltr'>ἀτονία</span> <span class='ocrx_word' id='word_1_476' title='bbox 3493 2752 3507 2774; x_wconf 93' lang='grc'><strong>,</strong></span> <span class='ocrx_word' id='word_1_477' title='bbox 3554 2711 3754 2784; x_wconf 73' lang='grc' dir='ltr'>ᾔσθετό</span> 
     </span>
    </p>
   </div>
   <div class='ocr_carea' id='block_1_60' title="bbox 2154 2801 3751 2876">
    <p class='ocr_par' dir='ltr' id='par_1_60' title="bbox 2154 2801 3751 2876">
     <span class='ocr_line' id='line_1_60' title="bbox 2154 2801 3751 2876; baseline -0.003 -19"><span class='ocrx_word' id='word_1_478' title='bbox 2154 2819 2214 2857; x_wconf 92' lang='grc' dir='ltr'><strong>τε</strong></span> <span class='ocrx_word' id='word_1_479' title='bbox 2251 2801 2446 2856; x_wconf 81' lang='grc' dir='ltr'>ἑαυτοῦ</span> <span class='ocrx_word' id='word_1_480' title='bbox 2490 2803 2554 2857; x_wconf 92' lang='grc' dir='ltr'><strong>οὑ</strong></span> <span class='ocrx_word' id='word_1_481' title='bbox 2582 2805 2728 2858; x_wconf 91' lang='grc' dir='ltr'><strong>κατὰ</strong></span> <span class='ocrx_word' id='word_1_482' title='bbox 2759 2803 2851 2857; x_wconf 82' lang='grc' dir='ltr'>τὸν</span> <span class='ocrx_word' id='word_1_483' title='bbox 2879 2803 3173 2876; x_wconf 81' lang='grc' dir='ltr'>εἰρηκότα·</span> <span class='ocrx_word' id='word_1_484' title='bbox 3216 2820 3234 2854; x_wconf 83' lang='grc' dir='ltr'><strong>ι</strong></span> <span class='ocrx_word' id='word_1_485' title='bbox 3292 2801 3457 2873; x_wconf 85' lang='grc' dir='ltr'>Ἐμοῦ</span> <span class='ocrx_word' id='word_1_486' title='bbox 3505 2801 3561 2856; x_wconf 83' lang='grc' dir='ltr'>δὲ</span> <span class='ocrx_word' id='word_1_487' title='bbox 3598 2801 3751 2872; x_wconf 85' lang='grc' dir='ltr'><strong>παρά</strong></span> 
     </span>
    </p>
   </div>
   <div class='ocr_carea' id='block_1_61' title="bbox 2159 2891 3750 2966">
    <p class='ocr_par' dir='ltr' id='par_1_61' title="bbox 2159 2891 3750 2966">
     <span class='ocr_line' id='line_1_61' title="bbox 2159 2891 3750 2966; baseline -0.001 -19"><span class='ocrx_word' id='word_1_488' title='bbox 2159 2893 2355 2966; x_wconf 84' lang='grc' dir='ltr'>μικρὸν</span> <span class='ocrx_word' id='word_1_489' title='bbox 2383 2892 2761 2966; x_wconf 80' lang='grc' dir='ltr'>ὲσαλεύθησαν</span> <span class='ocrx_word' id='word_1_490' title='bbox 2793 2893 2844 2948; x_wconf 85' lang='grc' dir='ltr'>οἱ</span> <span class='ocrx_word' id='word_1_491' title='bbox 2879 2893 3038 2957; x_wconf 81' lang='grc' dir='ltr'>πόδες</span> <span class='ocrx_word' id='word_1_492' title='bbox 3061 2932 3075 2958; x_wconf 94' lang='grc'><strong>,</strong></span> <span class='ocrx_word' id='word_1_493' title='bbox 3113 2912 3131 2944; x_wconf 75' lang='grc' dir='ltr'><strong>ι</strong></span> <span class='ocrx_word' id='word_1_494' title='bbox 3191 2892 3328 2946; x_wconf 90' lang='grc' dir='ltr'><strong>ἁλλὰ</strong></span> <span class='ocrx_word' id='word_1_495' title='bbox 3382 2892 3478 2946; x_wconf 77' lang='grc' dir='ltr'>καὶ</span> <span class='ocrx_word' id='word_1_496' title='bbox 3533 2891 3750 2962; x_wconf 82' lang='grc' dir='ltr'>ἀληθῶς</span> 
     </span>
    </p>
   </div>
   <div class='ocr_carea' id='block_1_62' title="bbox 2156 2984 3750 3058">
    <p class='ocr_par' dir='ltr' id='par_1_62' title="bbox 2156 2984 3750 3058">
     <span class='ocr_line' id='line_1_62' title="bbox 2156 2984 3750 3058; baseline -0.001 -18"><span class='ocrx_word' id='word_1_497' title='bbox 2156 2984 2508 3051; x_wconf 87' lang='grc' dir='ltr'>σαλευθέντος</span> <span class='ocrx_word' id='word_1_498' title='bbox 2529 3003 2542 3016; x_wconf 74' lang='grc' dir='ltr'><strong>ο</strong></span> <span class='ocrx_word' id='word_1_499' title='bbox 2577 2986 2897 3056; x_wconf 80' lang='grc' dir='ltr'>ἀναγκαίως</span> <span class='ocrx_word' id='word_1_500' title='bbox 2917 2984 3230 3040; x_wconf 89' lang='grc' dir='ltr'>διδάσκεται</span> <span class='ocrx_word' id='word_1_501' title='bbox 3255 2985 3435 3055; x_wconf 89' lang='grc' dir='ltr'>λέγειν</span> <span class='ocrx_word' id='word_1_502' title='bbox 3459 3002 3473 3014; x_wconf 89' lang='grc'><strong>·</strong></span> <span class='ocrx_word' id='word_1_503' title='bbox 3517 3004 3535 3037; x_wconf 79' lang='grc' dir='ltr'><strong>ι</strong></span> <span class='ocrx_word' id='word_1_504' title='bbox 3567 2986 3642 3038; x_wconf 89' lang='grc' dir='ltr'><strong>υὺ</strong></span> <span class='ocrx_word' id='word_1_505' title='bbox 3672 2986 3750 3058; x_wconf 81' lang='grc' dir='ltr'>μὴ</span> 
     </span>
    </p>
   </div>
   <div class='ocr_carea' id='block_1_63' title="bbox 2156 3072 3752 3146">
    <p class='ocr_par' dir='ltr' id='par_1_63' title="bbox 2156 3072 3752 3146">
     <span class='ocr_line' id='line_1_63' title="bbox 2156 3072 3752 3146; baseline 0.001 -20"><span class='ocrx_word' id='word_1_506' title='bbox 2156 3072 2402 3128; x_wconf 85' lang='grc' dir='ltr'>σαλευθῶ</span> <span class='ocrx_word' id='word_1_507' title='bbox 2427 3075 2521 3127; x_wconf 79' lang='grc' dir='ltr'><strong>ἐπὶ</strong></span> <span class='ocrx_word' id='word_1_508' title='bbox 2551 3074 2734 3130; x_wconf 86' lang='grc' dir='ltr'>πλεῖον</span> <span class='ocrx_word' id='word_1_509' title='bbox 2757 3090 2770 3103; x_wconf 93' lang='grc'><strong>·</strong></span> <span class='ocrx_word' id='word_1_510' title='bbox 2809 3093 2828 3126; x_wconf 74' lang='grc' dir='ltr'><strong>ι</strong></span> <span class='ocrx_word' id='word_1_511' title='bbox 2862 3074 2896 3146; x_wconf 77' lang='grc' dir='ltr'><strong>ἢ</strong></span> <span class='ocrx_word' id='word_1_512' title='bbox 2931 3075 3076 3130; x_wconf 84' lang='grc' dir='ltr'><strong>κατὰ</strong></span> <span class='ocrx_word' id='word_1_513' title='bbox 3108 3075 3197 3128; x_wconf 82' lang='grc' dir='ltr'>τὸν</span> <span class='ocrx_word' id='word_1_514' title='bbox 3249 3075 3526 3130; x_wconf 82' lang='grc' dir='ltr'>’Λκύλαν·-</span> <span class='ocrx_word' id='word_1_515' title='bbox 3549 3093 3567 3126; x_wconf 80' lang='grc' dir='ltr'><strong>ι</strong></span> <span class='ocrx_word' id='word_1_516' title='bbox 3607 3076 3752 3145; x_wconf 75' lang='grc' dir='ltr'>Σφα-</span> 
     </span>
    </p>
   </div>
   <div class='ocr_carea' id='block_1_64' title="bbox 2154 3164 3751 3240">
    <p class='ocr_par' dir='ltr' id='par_1_64' title="bbox 2154 3164 3751 3240">
     <span class='ocr_line' id='line_1_64' title="bbox 2154 3164 3751 3240; baseline 0.004 -24"><span class='ocrx_word' id='word_1_517' title='bbox 2154 3164 2387 3237; x_wconf 89' lang='grc' dir='ltr'>λήσομαι</span> <span class='ocrx_word' id='word_1_518' title='bbox 2411 3165 2618 3238; x_wconf 89' lang='grc' dir='ltr'>πολλήν</span> <span class='ocrx_word' id='word_1_519' title='bbox 2642 3184 2653 3196; x_wconf 93' lang='grc'><strong>·</strong></span> <span class='ocrx_word' id='word_1_520' title='bbox 2689 3185 2707 3217; x_wconf 75' lang='grc' dir='ltr'><strong>ι</strong></span> <span class='ocrx_word' id='word_1_521' title='bbox 2737 3167 2832 3221; x_wconf 77' lang='grc' dir='ltr'>καὶ</span> <span class='ocrx_word' id='word_1_522' title='bbox 2857 3167 2999 3222; x_wconf 85' lang='grc' dir='ltr'><strong>κατὰ</strong></span> <span class='ocrx_word' id='word_1_523' title='bbox 3030 3167 3129 3239; x_wconf 85' lang='grc' dir='ltr'>τὴν</span> <span class='ocrx_word' id='word_1_524' title='bbox 3162 3169 3422 3240; x_wconf 77' lang='grc' dir='ltr'>πέμπτην</span> <span class='ocrx_word' id='word_1_525' title='bbox 3445 3167 3503 3221; x_wconf 81' lang='grc' dir='ltr'>δὲ</span> <span class='ocrx_word' id='word_1_526' title='bbox 3541 3167 3751 3222; x_wconf 77' lang='grc' dir='ltr'>ἔκδυσιν</span> 
     </span>
    </p>
   </div>
   <div class='ocr_carea' id='block_1_65' title="bbox 457 3255 2050 3331">
    <p class='ocr_par' dir='ltr' id='par_1_65' title="bbox 457 3255 2049 3328">
     <span class='ocr_line' id='line_1_65' title="bbox 457 3255 2049 3328; baseline -0.003 -17"><span class='ocrx_word' id='word_1_527' title='bbox 457 3267 626 3328; x_wconf 82' lang='lat' dir='ltr'><strong>atque</strong></span> <span class='ocrx_word' id='word_1_528' title='bbox 675 3258 752 3312; x_wconf 90' lang='lat' dir='ltr'><strong>illi</strong></span> <span class='ocrx_word' id='word_1_529' title='bbox 781 3277 793 3314; x_wconf 90' lang='lat'><strong>:</strong></span> <span class='ocrx_word' id='word_1_530' title='bbox 834 3276 852 3309; x_wconf 82' lang='lat' dir='ltr'><strong>t</strong></span> <span class='ocrx_word' id='word_1_531' title='bbox 912 3255 1171 3328; x_wconf 78' lang='lat' dir='ltr'><strong>Nunquid</strong></span> <span class='ocrx_word' id='word_1_532' title='bbox 1203 3256 1298 3328; x_wconf 86' lang='lat' dir='ltr'><strong>qui</strong></span> <span class='ocrx_word' id='word_1_533' title='bbox 1328 3256 1497 3320; x_wconf 88' lang='lat' dir='ltr'><strong>cadit,</strong></span> <span class='ocrx_word' id='word_1_534' title='bbox 1551 3268 1664 3310; x_wconf 92' lang='lat' dir='ltr'><strong>non</strong></span> <span class='ocrx_word' id='word_1_535' title='bbox 1693 3261 1964 3325; x_wconf 81' lang='lat' dir='ltr'><strong>resurget,</strong></span> <span class='ocrx_word' id='word_1_536' title='bbox 1993 3261 2049 3307; x_wconf 87' lang='lat' dir='ltr'><strong>et</strong></span> 
     </span>
    </p>
   </div>
   <div class='ocr_carea' id='block_1_66' title="bbox 2154 3255 3749 3331">
    <p class='ocr_par' dir='ltr' id='par_1_66' title="bbox 2154 3256 3749 3331">
     <span class='ocr_line' id='line_1_66' title="bbox 2154 3256 3749 3331; baseline 0.003 -21"><span class='ocrx_word' id='word_1_537' title='bbox 2154 3256 2399 3330; x_wconf 80' lang='grc' dir='ltr'>εἴρηται·</span> <span class='ocrx_word' id='word_1_538' title='bbox 2435 3277 2454 3311; x_wconf 83' lang='grc' dir='ltr'><strong>ι</strong></span> <span class='ocrx_word' id='word_1_539' title='bbox 2493 3260 2570 3313; x_wconf 88' lang='grc' dir='ltr'><strong>Οὑ</strong></span> <span class='ocrx_word' id='word_1_540' title='bbox 2607 3259 2684 3331; x_wconf 80' lang='grc' dir='ltr'><strong>μή</strong></span> <span class='ocrx_word' id='word_1_541' title='bbox 2717 3258 2964 3312; x_wconf 86' lang='grc' dir='ltr'>σαλευθῶ</span> <span class='ocrx_word' id='word_1_542' title='bbox 2999 3261 3094 3314; x_wconf 75' lang='grc' dir='ltr'><strong>ἐπὶ</strong></span> <span class='ocrx_word' id='word_1_543' title='bbox 3144 3261 3350 3314; x_wconf 87' lang='grc' dir='ltr'>πλεῖον.</span> <span class='ocrx_word' id='word_1_544' title='bbox 3397 3279 3416 3313; x_wconf 74' lang='grc' dir='ltr'><strong>ι</strong></span> <span class='ocrx_word' id='word_1_545' title='bbox 3447 3259 3749 3331; x_wconf 86' lang='grc' dir='ltr'>Σὺμφωνος</span> 
     </span>
    </p>
   </div>
   <div class='ocr_carea' id='block_1_67' title="bbox 457 3345 2046 3419">
    <p class='ocr_par' dir='ltr' id='par_1_67' title="bbox 457 3345 2046 3419">
     <span class='ocr_line' id='line_1_67' title="bbox 457 3345 2046 3419; baseline -0.003 -15"><span class='ocrx_word' id='word_1_546' title='bbox 457 3350 553 3419; x_wconf 82' lang='lat' dir='ltr'><strong>qui</strong></span> <span class='ocrx_word' id='word_1_547' title='bbox 581 3351 851 3406; x_wconf 84' lang='lat' dir='ltr'><strong>avertitur</strong></span> <span class='ocrx_word' id='word_1_548' title='bbox 882 3363 993 3404; x_wconf 87' lang='lat' dir='ltr'><strong>non</strong></span> <span class='ocrx_word' id='word_1_549' title='bbox 1021 3347 1370 3404; x_wconf 85' lang='lat' dir='ltr'><strong>revertetur?</strong></span> <span class='ocrx_word' id='word_1_550' title='bbox 1390 3345 1574 3414; x_wconf 82' lang='lat' dir='ltr'><strong>Quare</strong></span> <span class='ocrx_word' id='word_1_551' title='bbox 1595 3347 1864 3402; x_wconf 88' lang='lat' dir='ltr'><strong>avertitur</strong></span> <span class='ocrx_word' id='word_1_552' title='bbox 1891 3361 2046 3401; x_wconf 88' lang='lat' dir='ltr'><strong>aver-</strong></span> 
     </span>
    </p>
   </div>
   <div class='ocr_carea' id='block_1_68' title="bbox 455 3434 2047 3516">
    <p class='ocr_par' dir='ltr' id='par_1_68' title="bbox 455 3434 2047 3516">
     <span class='ocr_line' id='line_1_68' title="bbox 455 3434 2047 3516; baseline -0.004 -20"><span class='ocrx_word' id='word_1_553' title='bbox 455 3441 613 3496; x_wconf 85' lang='lat' dir='ltr'><strong>sione</strong></span> <span class='ocrx_word' id='word_1_554' title='bbox 661 3439 1161 3516; x_wconf 74' lang='lat' dir='ltr'><strong>impudcnti2dicit</strong></span> <span class='ocrx_word' id='word_1_555' title='bbox 1213 3437 1478 3494; x_wconf 89' lang='lat' dir='ltr'><strong>Dominus</strong></span> <span class='ocrx_word' id='word_1_556' title='bbox 1502 3438 1570 3492; x_wconf 76' lang='lat'><strong>°&#39;.</strong></span> <span class='ocrx_word' id='word_1_557' title='bbox 1607 3455 1627 3489; x_wconf 81' lang='grc' dir='ltr'><strong>ι</strong></span> <span class='ocrx_word' id='word_1_558' title='bbox 1673 3434 1802 3494; x_wconf 67' lang='grc' dir='ltr'><strong>Ηωο</strong></span> <span class='ocrx_word' id='word_1_559' title='bbox 1844 3435 2047 3506; x_wconf 89' lang='lat' dir='ltr'><strong>quippe</strong></span> 
     </span>
    </p>
   </div>
   <div class='ocr_carea' id='block_1_69' title="bbox 460 3527 2045 3602">
    <p class='ocr_par' dir='ltr' id='par_1_69' title="bbox 460 3527 2045 3602">
     <span class='ocr_line' id='line_1_69' title="bbox 460 3527 2045 3602; baseline -0.003 -14"><span class='ocrx_word' id='word_1_560' title='bbox 460 3532 649 3589; x_wconf 87' lang='lat' dir='ltr'><strong>omnia</strong></span> <span class='ocrx_word' id='word_1_561' title='bbox 679 3532 883 3588; x_wconf 88' lang='lat' dir='ltr'><strong>docent</strong></span> <span class='ocrx_word' id='word_1_562' title='bbox 910 3547 1038 3587; x_wconf 88' lang='lat' dir='ltr'><strong>eum</strong></span> <span class='ocrx_word' id='word_1_563' title='bbox 1071 3530 1165 3602; x_wconf 91' lang='lat' dir='ltr'><strong>qui</strong></span> <span class='ocrx_word' id='word_1_564' title='bbox 1204 3529 1377 3586; x_wconf 87' lang='lat' dir='ltr'><strong>semel</strong></span> <span class='ocrx_word' id='word_1_565' title='bbox 1403 3531 1592 3601; x_wconf 90' lang='lat' dir='ltr'><strong>lapsus</strong></span> <span class='ocrx_word' id='word_1_566' title='bbox 1620 3529 1712 3594; x_wconf 91' lang='lat' dir='ltr'><strong>sit,</strong></span> <span class='ocrx_word' id='word_1_567' title='bbox 1744 3536 1806 3584; x_wconf 90' lang='lat' dir='ltr'><strong>ut</strong></span> <span class='ocrx_word' id='word_1_568' title='bbox 1832 3527 1884 3582; x_wconf 91' lang='lat' dir='ltr'><strong>in</strong></span> <span class='ocrx_word' id='word_1_569' title='bbox 1914 3543 2045 3598; x_wconf 89' lang='lat' dir='ltr'><strong>pec-</strong></span> 
     </span>
    </p>
   </div>
   <div class='ocr_carea' id='block_1_70' title="bbox 454 3621 2047 3695">
    <p class='ocr_par' dir='ltr' id='par_1_70' title="bbox 454 3621 2047 3695">
     <span class='ocr_line' id='line_1_70' title="bbox 454 3621 2047 3695; baseline -0.005 -11"><span class='ocrx_word' id='word_1_570' title='bbox 454 3635 582 3685; x_wconf 87' lang='lat' dir='ltr'><strong>cato</strong></span> <span class='ocrx_word' id='word_1_571' title='bbox 611 3642 723 3683; x_wconf 87' lang='lat' dir='ltr'><strong>non</strong></span> <span class='ocrx_word' id='word_1_572' title='bbox 764 3633 1008 3695; x_wconf 88' lang='lat' dir='ltr'><strong>maneat,</strong></span> <span class='ocrx_word' id='word_1_573' title='bbox 1053 3641 1232 3695; x_wconf 89' lang='lat' dir='ltr'><strong>neque</strong></span> <span class='ocrx_word' id='word_1_574' title='bbox 1259 3621 1601 3694; x_wconf 88' lang='lat' dir='ltr'><strong>despondeat</strong></span> <span class='ocrx_word' id='word_1_575' title='bbox 1643 3621 1912 3686; x_wconf 89' lang='lat' dir='ltr'><strong>animum,</strong></span> <span class='ocrx_word' id='word_1_576' title='bbox 1950 3635 2047 3676; x_wconf 68' lang='lat' dir='ltr'><strong>ne»</strong></span> 
     </span>
    </p>
   </div>
   <div class='ocr_carea' id='block_1_71' title="bbox 455 3713 2040 3793">
    <p class='ocr_par' dir='ltr' id='par_1_71' title="bbox 455 3713 2040 3793">
     <span class='ocr_line' id='line_1_71' title="bbox 455 3713 2040 3793; baseline -0.007 -16"><span class='ocrx_word' id='word_1_577' title='bbox 455 3735 564 3793; x_wconf 88' lang='lat' dir='ltr'><strong>que</strong></span> <span class='ocrx_word' id='word_1_578' title='bbox 618 3717 942 3775; x_wconf 86' lang='lat' dir='ltr'><strong>tentationis</strong></span> <span class='ocrx_word' id='word_1_579' title='bbox 995 3717 1168 3772; x_wconf 78' lang='lat' dir='ltr'><strong>ﬂuxui</strong></span> <span class='ocrx_word' id='word_1_580' title='bbox 1229 3731 1353 3772; x_wconf 90' lang='lat' dir='ltr'><strong>sese</strong></span> <span class='ocrx_word' id='word_1_581' title='bbox 1407 3715 1720 3772; x_wconf 88' lang='lat' dir='ltr'><strong>dedititium</strong></span> <span class='ocrx_word' id='word_1_582' title='bbox 1781 3713 2040 3786; x_wconf 66' lang='lat' dir='ltr'><strong>praebeat.</strong></span> 
     </span>
    </p>
   </div>
   <div class='ocr_carea' id='block_1_72' title="bbox 455 3804 2042 3880">
    <p class='ocr_par' dir='ltr' id='par_1_72' title="bbox 455 3804 2042 3880">
     <span class='ocr_line' id='line_1_72' title="bbox 455 3804 2042 3880; baseline -0.005 -14"><span class='ocrx_word' id='word_1_583' title='bbox 455 3812 638 3880; x_wconf 86' lang='lat' dir='ltr'><strong>Quare</strong></span> <span class='ocrx_word' id='word_1_584' title='bbox 661 3809 982 3867; x_wconf 89' lang='lat' dir='ltr'><strong>necessario</strong></span> <span class='ocrx_word' id='word_1_585' title='bbox 1011 3808 1276 3864; x_wconf 92' lang='lat' dir='ltr'><strong>edocetur</strong></span> <span class='ocrx_word' id='word_1_586' title='bbox 1298 3805 1534 3863; x_wconf 88' lang='lat' dir='ltr'><strong>lditbum</strong></span> <span class='ocrx_word' id='word_1_587' title='bbox 1564 3805 1633 3862; x_wconf 89' lang='lat' dir='ltr'><strong>ad</strong></span> <span class='ocrx_word' id='word_1_588' title='bbox 1665 3805 1748 3862; x_wconf 88' lang='lat' dir='ltr'><strong>sui</strong></span> <span class='ocrx_word' id='word_1_589' title='bbox 1775 3804 2042 3861; x_wconf 89' lang='lat' dir='ltr'><strong>medelam</strong></span> 
     </span>
    </p>
   </div>
   <div class='ocr_carea' id='block_1_73' title="bbox 454 3896 2044 3977">
    <p class='ocr_par' dir='ltr' id='par_1_73' title="bbox 454 3896 2044 3977">
     <span class='ocr_line' id='line_1_73' title="bbox 454 3896 2044 3977; baseline -0.006 -16"><span class='ocrx_word' id='word_1_590' title='bbox 454 3906 571 3962; x_wconf 72' lang='lat' dir='ltr'><strong>haec</strong></span> <span class='ocrx_word' id='word_1_591' title='bbox 601 3905 888 3977; x_wconf 79' lang='lat' dir='ltr'><strong>proferre:</strong></span> <span class='ocrx_word' id='word_1_592' title='bbox 927 3910 1093 3976; x_wconf 88' lang='lat' dir='ltr'><strong>atque</strong></span> <span class='ocrx_word' id='word_1_593' title='bbox 1140 3902 1320 3974; x_wconf 92' lang='lat' dir='ltr'><strong>primo</strong></span> <span class='ocrx_word' id='word_1_594' title='bbox 1367 3900 1437 3956; x_wconf 90' lang='lat' dir='ltr'><strong>ad</strong></span> <span class='ocrx_word' id='word_1_595' title='bbox 1477 3914 1738 3972; x_wconf 76' lang='lat' dir='ltr'><strong>magnum</strong></span> <span class='ocrx_word' id='word_1_596' title='bbox 1786 3896 2044 3954; x_wconf 87' lang='lat' dir='ltr'><strong>Servato-</strong></span> 
     </span>
    </p>
   </div>
   <div class='ocr_carea' id='block_1_74' title="bbox 453 3988 2045 4065">
    <p class='ocr_par' dir='ltr' id='par_1_74' title="bbox 453 3988 2045 4065">
     <span class='ocr_line' id='line_1_74' title="bbox 453 3988 2045 4065; baseline -0.004 -13"><span class='ocrx_word' id='word_1_597' title='bbox 453 4013 571 4054; x_wconf 87' lang='lat' dir='ltr'><strong>rem</strong></span> <span class='ocrx_word' id='word_1_598' title='bbox 600 4006 655 4053; x_wconf 91' lang='lat' dir='ltr'><strong>et</strong></span> <span class='ocrx_word' id='word_1_599' title='bbox 695 3998 1006 4053; x_wconf 88' lang='lat' dir='ltr'><strong>animarum</strong></span> <span class='ocrx_word' id='word_1_600' title='bbox 1037 3995 1312 4051; x_wconf 90' lang='lat' dir='ltr'><strong>medicum</strong></span> <span class='ocrx_word' id='word_1_601' title='bbox 1364 3991 1701 4065; x_wconf 83' lang='lat' dir='ltr'><strong>confugere;</strong></span> <span class='ocrx_word' id='word_1_602' title='bbox 1737 3988 2045 4060; x_wconf 89' lang='lat' dir='ltr'><strong>deindeque</strong></span> 
     </span>
    </p>
   </div>
   <div class='ocr_carea' id='block_1_75' title="bbox 454 4080 2046 4155">
    <p class='ocr_par' dir='ltr' id='par_1_75' title="bbox 454 4080 2046 4155">
     <span class='ocr_line' id='line_1_75' title="bbox 454 4080 2046 4155; baseline -0.006 -11"><span class='ocrx_word' id='word_1_603' title='bbox 454 4091 694 4145; x_wconf 85' lang='lat' dir='ltr'><strong>animam</strong></span> <span class='ocrx_word' id='word_1_604' title='bbox 725 4104 883 4144; x_wconf 90' lang='lat' dir='ltr'><strong>suam</strong></span> <span class='ocrx_word' id='word_1_605' title='bbox 915 4104 1027 4143; x_wconf 90' lang='lat' dir='ltr'><strong>non</strong></span> <span class='ocrx_word' id='word_1_606' title='bbox 1059 4085 1398 4150; x_wconf 86' lang='lat' dir='ltr'><strong>hominibus,</strong></span> <span class='ocrx_word' id='word_1_607' title='bbox 1432 4099 1611 4155; x_wconf 89' lang='lat' dir='ltr'><strong>neque</strong></span> <span class='ocrx_word' id='word_1_608' title='bbox 1657 4080 1924 4138; x_wconf 86' lang='lat' dir='ltr'><strong>terrorem</strong></span> <span class='ocrx_word' id='word_1_609' title='bbox 1959 4080 2046 4135; x_wconf 74' lang='lat' dir='ltr'><strong>in-</strong></span> 
     </span>
    </p>
   </div>
   <div class='ocr_carea' id='block_1_76' title="bbox 452 4173 2040 4250">
    <p class='ocr_par' dir='ltr' id='par_1_76' title="bbox 452 4173 2040 4250">
     <span class='ocr_line' id='line_1_76' title="bbox 452 4173 2040 4250; baseline -0.007 -12"><span class='ocrx_word' id='word_1_610' title='bbox 452 4181 791 4238; x_wconf 88' lang='lat' dir='ltr'><strong>cutientibus</strong></span> <span class='ocrx_word' id='word_1_611' title='bbox 821 4180 1134 4250; x_wconf 89' lang='lat' dir='ltr'><strong>subjicere;</strong></span> <span class='ocrx_word' id='word_1_612' title='bbox 1169 4179 1266 4235; x_wconf 91' lang='lat' dir='ltr'><strong>sed</strong></span> <span class='ocrx_word' id='word_1_613' title='bbox 1299 4193 1470 4233; x_wconf 90' lang='lat' dir='ltr'><strong>unum</strong></span> <span class='ocrx_word' id='word_1_614' title='bbox 1503 4190 1764 4248; x_wconf 77' lang='lat' dir='ltr'><strong>magnum</strong></span> <span class='ocrx_word' id='word_1_615' title='bbox 1797 4173 2040 4244; x_wconf 76' lang='lat' dir='ltr'><strong>iudicem</strong></span> 
     </span>
    </p>
   </div>
   <div class='ocr_carea' id='block_1_77' title="bbox 450 4266 2038 4343">
    <p class='ocr_par' dir='ltr' id='par_1_77' title="bbox 450 4266 2038 4343">
     <span class='ocr_line' id='line_1_77' title="bbox 450 4266 2038 4343; baseline -0.008 -11"><span class='ocrx_word' id='word_1_616' title='bbox 450 4283 509 4332; x_wconf 89' lang='lat' dir='ltr'><strong>et</strong></span> <span class='ocrx_word' id='word_1_617' title='bbox 553 4273 724 4330; x_wconf 86' lang='lat' dir='ltr'><strong>Deum</strong></span> <span class='ocrx_word' id='word_1_618' title='bbox 772 4273 843 4329; x_wconf 93' lang='lat' dir='ltr'><strong>ob</strong></span> <span class='ocrx_word' id='word_1_619' title='bbox 889 4273 1080 4328; x_wconf 91' lang='lat' dir='ltr'><strong>oculos</strong></span> <span class='ocrx_word' id='word_1_620' title='bbox 1119 4286 1343 4343; x_wconf 88' lang='lat' dir='ltr'><strong>ponere,</strong></span> <span class='ocrx_word' id='word_1_621' title='bbox 1392 4270 1609 4341; x_wconf 87' lang='lat' dir='ltr'><strong>ipsique</strong></span> <span class='ocrx_word' id='word_1_622' title='bbox 1657 4267 1760 4325; x_wconf 91' lang='lat' dir='ltr'><strong>soli</strong></span> <span class='ocrx_word' id='word_1_623' title='bbox 1798 4266 2038 4322; x_wconf 86' lang='lat' dir='ltr'><strong>animam</strong></span> 
     </span>
    </p>
   </div>
   <div class='ocr_carea' id='block_1_78' title="bbox 453 4359 2031 4438">
    <p class='ocr_par' dir='ltr' id='par_1_78' title="bbox 453 4359 2031 4438">
     <span class='ocr_line' id='line_1_78' title="bbox 453 4359 2031 4438; baseline -0.008 -14"><span class='ocrx_word' id='word_1_624' title='bbox 453 4366 728 4438; x_wconf 82' lang='lat' dir='ltr'><strong>subjicere</strong></span> <span class='ocrx_word' id='word_1_625' title='bbox 756 4380 937 4430; x_wconf 88' lang='lat' dir='ltr'><strong>suam,</strong></span> <span class='ocrx_word' id='word_1_626' title='bbox 969 4365 1311 4434; x_wconf 88' lang='lat' dir='ltr'><strong>liberamque</strong></span> <span class='ocrx_word' id='word_1_627' title='bbox 1341 4362 1518 4433; x_wconf 88' lang='lat' dir='ltr'><strong>ipsam</strong></span> <span class='ocrx_word' id='word_1_628' title='bbox 1569 4359 1638 4416; x_wconf 89' lang='lat' dir='ltr'><strong>ab</strong></span> <span class='ocrx_word' id='word_1_629' title='bbox 1667 4359 1819 4416; x_wconf 88' lang='lat' dir='ltr'><strong>omni</strong></span> <span class='ocrx_word' id='word_1_630' title='bbox 1852 4366 2031 4414; x_wconf 81' lang='lat' dir='ltr'><strong>extra-</strong></span> 
     </span>
    </p>
   </div>
   <div class='ocr_carea' id='block_1_79' title="bbox 450 4450 2040 4525">
    <p class='ocr_par' dir='ltr' id='par_1_79' title="bbox 450 4450 2040 4525">
     <span class='ocr_line' id='line_1_79' title="bbox 450 4450 2040 4525; baseline -0.007 -8"><span class='ocrx_word' id='word_1_631' title='bbox 450 4475 557 4517; x_wconf 85' lang='lat' dir='ltr'><strong>nec</strong></span> <span class='ocrx_word' id='word_1_632' title='bbox 586 4469 736 4516; x_wconf 88' lang='lat' dir='ltr'><strong>metu</strong></span> <span class='ocrx_word' id='word_1_633' title='bbox 769 4467 1034 4515; x_wconf 84' lang='lat' dir='ltr'><strong>statuere.</strong></span> <span class='ocrx_word' id='word_1_634' title='bbox 1078 4456 1446 4525; x_wconf 85' lang='lat' dir='ltr'><strong>Quamobrem</strong></span> <span class='ocrx_word' id='word_1_635' title='bbox 1479 4454 1556 4509; x_wconf 88' lang='lat' dir='ltr'><strong>ait</strong></span> <span class='ocrx_word' id='word_1_636' title='bbox 1583 4473 1595 4509; x_wconf 90' lang='lat'><strong>:</strong></span> <span class='ocrx_word' id='word_1_637' title='bbox 1645 4471 1665 4505; x_wconf 78' lang='grc' dir='ltr'><strong>ι</strong></span> <span class='ocrx_word' id='word_1_638' title='bbox 1703 4453 1898 4508; x_wconf 82' lang='lat' dir='ltr'><strong>Nonne</strong></span> <span class='ocrx_word' id='word_1_639' title='bbox 1929 4450 2040 4506; x_wconf 90' lang='lat' dir='ltr'><strong>Deo</strong></span> 
     </span>
    </p>
   </div>
   <div class='ocr_carea' id='block_1_80' title="bbox 2147 3348 3748 3424">
    <p class='ocr_par' dir='ltr' id='par_1_80' title="bbox 2147 3348 3748 3424">
     <span class='ocr_line' id='line_1_80' title="bbox 2147 3348 3748 3424; baseline 0.002 -22"><span class='ocrx_word' id='word_1_640' title='bbox 2147 3348 2192 3402; x_wconf 84' lang='grc' dir='ltr'>δ’</span> <span class='ocrx_word' id='word_1_641' title='bbox 2226 3348 2294 3404; x_wconf 85' lang='grc' dir='ltr'>ἂν</span> <span class='ocrx_word' id='word_1_642' title='bbox 2338 3349 2425 3422; x_wconf 81' lang='grc' dir='ltr'>εἴη</span> <span class='ocrx_word' id='word_1_643' title='bbox 2457 3351 2487 3403; x_wconf 95' lang='lat'><strong>6</strong></span> <span class='ocrx_word' id='word_1_644' title='bbox 2533 3349 2660 3414; x_wconf 91' lang='grc' dir='ltr'>νοῦς</span> <span class='ocrx_word' id='word_1_645' title='bbox 2700 3351 2802 3419; x_wconf 86' lang='grc' dir='ltr'>τῆς</span> <span class='ocrx_word' id='word_1_646' title='bbox 2855 3351 3228 3424; x_wconf 83' lang='grc' dir='ltr'>προκειμένης</span> <span class='ocrx_word' id='word_1_647' title='bbox 3275 3351 3625 3416; x_wconf 86' lang='grc' dir='ltr'>διδασκαλίας</span> <span class='ocrx_word' id='word_1_648' title='bbox 3679 3356 3748 3424; x_wconf 79' lang='grc' dir='ltr'><strong>τῇ</strong></span> 
     </span>
    </p>
   </div>
   <div class='ocr_carea' id='block_1_81' title="bbox 2148 3441 3751 3516">
    <p class='ocr_par' dir='ltr' id='par_1_81' title="bbox 2148 3441 3751 3516">
     <span class='ocr_line' id='line_1_81' title="bbox 2148 3441 3751 3516; baseline 0.002 -21"><span class='ocrx_word' id='word_1_649' title='bbox 2148 3441 2432 3514; x_wconf 80' lang='grc' dir='ltr'>φασκούσῃ</span> <span class='ocrx_word' id='word_1_650' title='bbox 2485 3444 2824 3516; x_wconf 78' lang='grc' dir='ltr'>προφητείᾳ·</span> <span class='ocrx_word' id='word_1_651' title='bbox 2871 3462 2890 3496; x_wconf 79' lang='grc' dir='ltr'><strong>ι</strong></span> <span class='ocrx_word' id='word_1_652' title='bbox 2933 3443 3072 3497; x_wconf 70' lang='grc' dir='ltr'><strong>Οὐαὶ</strong></span> <span class='ocrx_word' id='word_1_653' title='bbox 3129 3445 3179 3499; x_wconf 83' lang='grc' dir='ltr'>οἱ</span> <span class='ocrx_word' id='word_1_654' title='bbox 3221 3444 3592 3516; x_wconf 77' lang='grc' dir='ltr'>ἐπισπώμενοι</span> <span class='ocrx_word' id='word_1_655' title='bbox 3649 3447 3751 3509; x_wconf 85' lang='grc' dir='ltr'><strong>τάς</strong></span> 
     </span>
    </p>
   </div>
   <div class='ocr_carea' id='block_1_82' title="bbox 2148 3532 3747 3610">
    <p class='ocr_par' dir='ltr' id='par_1_82' title="bbox 2148 3532 3747 3610">
     <span class='ocr_line' id='line_1_82' title="bbox 2148 3532 3747 3610; baseline 0.001 -24"><span class='ocrx_word' id='word_1_656' title='bbox 2148 3532 2423 3604; x_wconf 85' lang='grc' dir='ltr'>ἁμαρτίας</span> <span class='ocrx_word' id='word_1_657' title='bbox 2450 3533 2526 3598; x_wconf 86' lang='grc' dir='ltr'>ὡς</span> <span class='ocrx_word' id='word_1_658' title='bbox 2561 3536 2784 3608; x_wconf 86' lang='grc' dir='ltr'>σχοινίῳ</span> <span class='ocrx_word' id='word_1_659' title='bbox 2842 3535 3063 3610; x_wconf 83' lang='grc' dir='ltr'>μακρῷ,</span> <span class='ocrx_word' id='word_1_660' title='bbox 3100 3535 3195 3590; x_wconf 68' lang='grc' dir='ltr'>καὶ</span> <span class='ocrx_word' id='word_1_661' title='bbox 3232 3536 3308 3601; x_wconf 81' lang='grc' dir='ltr'>ὼς</span> <span class='ocrx_word' id='word_1_662' title='bbox 3341 3535 3509 3606; x_wconf 78' lang='grc' dir='ltr'>ζυγοῦ</span> <span class='ocrx_word' id='word_1_663' title='bbox 3564 3537 3747 3608; x_wconf 78' lang='grc' dir='ltr'>ἱμάντι</span> 
     </span>
    </p>
   </div>
   <div class='ocr_carea' id='block_1_83' title="bbox 2145 3623 3747 3700">
    <p class='ocr_par' dir='ltr' id='par_1_83' title="bbox 2145 3623 3747 3700">
     <span class='ocr_line' id='line_1_83' title="bbox 2145 3623 3747 3700; baseline 0.002 -22"><span class='ocrx_word' id='word_1_664' title='bbox 2145 3623 2430 3696; x_wconf 80' lang='grc' dir='ltr'>δαμάλεως</span> <span class='ocrx_word' id='word_1_665' title='bbox 2484 3625 2585 3691; x_wconf 82' lang='grc' dir='ltr'>τὰς</span> <span class='ocrx_word' id='word_1_666' title='bbox 2629 3628 2859 3699; x_wconf 86' lang='grc' dir='ltr'>ἀνομίας</span> <span class='ocrx_word' id='word_1_667' title='bbox 2884 3647 2898 3662; x_wconf 82' lang='grc' dir='ltr'><strong>ο</strong></span> <span class='ocrx_word' id='word_1_668' title='bbox 2941 3647 2961 3680; x_wconf 74' lang='grc' dir='ltr'><strong>ι</strong></span> <span class='ocrx_word' id='word_1_669' title='bbox 2995 3627 3090 3682; x_wconf 72' lang='grc' dir='ltr'>καὶ</span> <span class='ocrx_word' id='word_1_670' title='bbox 3123 3627 3202 3698; x_wconf 83' lang='grc' dir='ltr'>τῷ</span> <span class='ocrx_word' id='word_1_671' title='bbox 3234 3668 3248 3692; x_wconf 97' lang='grc'><strong>,</strong></span> <span class='ocrx_word' id='word_1_672' title='bbox 3292 3647 3310 3679; x_wconf 80' lang='grc' dir='ltr'><strong>ι</strong></span> <span class='ocrx_word' id='word_1_673' title='bbox 3358 3628 3451 3700; x_wconf 86' lang='grc' dir='ltr'><strong>Μὴ</strong></span> <span class='ocrx_word' id='word_1_674' title='bbox 3481 3628 3511 3680; x_wconf 98' lang='lat'><strong>6</strong></span> <span class='ocrx_word' id='word_1_675' title='bbox 3533 3629 3747 3682; x_wconf 84' lang='grc' dir='ltr'>πίπτων</span> 
     </span>
    </p>
   </div>
   <div class='ocr_carea' id='block_1_84' title="bbox 2145 3715 3744 3790">
    <p class='ocr_par' dir='ltr' id='par_1_84' title="bbox 2145 3715 3744 3790">
     <span class='ocr_line' id='line_1_84' title="bbox 2145 3715 3744 3790; baseline 0.001 -21"><span class='ocrx_word' id='word_1_676' title='bbox 2145 3715 2247 3770; x_wconf 87' lang='grc' dir='ltr'><strong>οὑκ</strong></span> <span class='ocrx_word' id='word_1_677' title='bbox 2288 3716 2574 3772; x_wconf 89' lang='grc' dir='ltr'>ἀνίσταται</span> <span class='ocrx_word' id='word_1_678' title='bbox 2595 3755 2610 3781; x_wconf 89' lang='grc'><strong>,</strong></span> <span class='ocrx_word' id='word_1_679' title='bbox 2645 3717 2742 3772; x_wconf 73' lang='grc' dir='ltr'>καὶ</span> <span class='ocrx_word' id='word_1_680' title='bbox 2777 3719 2807 3771; x_wconf 91' lang='grc' dir='ltr'>ὁ</span> <span class='ocrx_word' id='word_1_681' title='bbox 2838 3718 3203 3789; x_wconf 77' lang='grc' dir='ltr'>ἀποστρέφων</span> <span class='ocrx_word' id='word_1_682' title='bbox 3251 3718 3352 3772; x_wconf 84' lang='grc' dir='ltr'><strong>οὑκ</strong></span> <span class='ocrx_word' id='word_1_683' title='bbox 3379 3717 3744 3790; x_wconf 74' lang='grc' dir='ltr'>ἁναστρέφεις</span> 
     </span>
    </p>
   </div>
   <div class='ocr_carea' id='block_1_85' title="bbox 2153 3807 3748 3882">
    <p class='ocr_par' dir='ltr' id='par_1_85' title="bbox 2153 3807 3748 3882">
     <span class='ocr_line' id='line_1_85' title="bbox 2153 3807 3748 3882; baseline 0.001 -22"><span class='ocrx_word' id='word_1_684' title='bbox 2153 3807 2272 3861; x_wconf 84' lang='grc' dir='ltr'>Ἵνα</span> <span class='ocrx_word' id='word_1_685' title='bbox 2297 3807 2350 3862; x_wconf 89' lang='grc' dir='ltr'><strong>τί</strong></span> <span class='ocrx_word' id='word_1_686' title='bbox 2384 3808 2792 3880; x_wconf 83' lang='grc' dir='ltr'>ἀποστρέφεται</span> <span class='ocrx_word' id='word_1_687' title='bbox 2824 3810 3180 3882; x_wconf 82' lang='grc' dir='ltr'>ἀποστροφήν</span> <span class='ocrx_word' id='word_1_688' title='bbox 3214 3810 3429 3881; x_wconf 83' lang='grc' dir='ltr'>ἀναιδῆ,</span> <span class='ocrx_word' id='word_1_689' title='bbox 3463 3809 3612 3880; x_wconf 86' lang='grc' dir='ltr'>λέγει</span> <span class='ocrx_word' id='word_1_690' title='bbox 3634 3808 3748 3864; x_wconf 83' lang='grc' dir='ltr'><strong>Κύ-</strong></span> 
     </span>
    </p>
   </div>
   <div class='ocr_carea' id='block_1_86' title="bbox 2148 3902 3746 3976">
    <p class='ocr_par' dir='ltr' id='par_1_86' title="bbox 2148 3902 3746 3976">
     <span class='ocr_line' id='line_1_86' title="bbox 2148 3902 3746 3976; baseline 0.003 -23"><span class='ocrx_word' id='word_1_691' title='bbox 2148 3917 2304 3972; x_wconf 89' lang='grc' dir='ltr'>ριος;</span> <span class='ocrx_word' id='word_1_692' title='bbox 2343 3921 2363 3954; x_wconf 75' lang='grc' dir='ltr'><strong>ι</strong></span> <span class='ocrx_word' id='word_1_693' title='bbox 2400 3902 2589 3958; x_wconf 85' lang='grc' dir='ltr'>Πάντα</span> <span class='ocrx_word' id='word_1_694' title='bbox 2618 3902 2728 3975; x_wconf 84' lang='grc' dir='ltr'>γὰρ</span> <span class='ocrx_word' id='word_1_695' title='bbox 2749 3903 2922 3958; x_wconf 86' lang='grc' dir='ltr'>ταῦτα</span> <span class='ocrx_word' id='word_1_696' title='bbox 2949 3903 3193 3958; x_wconf 88' lang='grc' dir='ltr'>διδάσκει</span> <span class='ocrx_word' id='word_1_697' title='bbox 3236 3904 3328 3958; x_wconf 84' lang='grc' dir='ltr'>τὸν</span> <span class='ocrx_word' id='word_1_698' title='bbox 3367 3903 3513 3972; x_wconf 66' lang='lat' dir='ltr'><strong>ama</strong></span> <span class='ocrx_word' id='word_1_699' title='bbox 3559 3906 3746 3976; x_wconf 82' lang='grc' dir='ltr'>ἡμαρ-</span> 
     </span>
    </p>
   </div>
   <div class='ocr_carea' id='block_1_87' title="bbox 2143 3995 3748 4070">
    <p class='ocr_par' dir='ltr' id='par_1_87' title="bbox 2143 3995 3748 4070">
     <span class='ocr_line' id='line_1_87' title="bbox 2143 3995 3748 4070; baseline 0.001 -22"><span class='ocrx_word' id='word_1_700' title='bbox 2143 3995 2350 4066; x_wconf 89' lang='grc' dir='ltr'>τηκότα</span> <span class='ocrx_word' id='word_1_701' title='bbox 2379 3995 2455 4067; x_wconf 85' lang='grc' dir='ltr'>μὴ</span> <span class='ocrx_word' id='word_1_702' title='bbox 2488 3996 2829 4068; x_wconf 89' lang='grc' dir='ltr'>παραμένειν</span> <span class='ocrx_word' id='word_1_703' title='bbox 2861 3996 2942 4068; x_wconf 86' lang='grc' dir='ltr'><strong>τῷ</strong></span> <span class='ocrx_word' id='word_1_704' title='bbox 2976 3999 3383 4070; x_wconf 90' lang='grc' dir='ltr'>ἁμαρτήματι,</span> <span class='ocrx_word' id='word_1_705' title='bbox 3438 3997 3576 4070; x_wconf 82' lang='grc' dir='ltr'>μηδὲ</span> <span class='ocrx_word' id='word_1_706' title='bbox 3609 3999 3748 4051; x_wconf 76' lang='grc' dir='ltr'>ἀπο-</span> 
     </span>
    </p>
   </div>
   <div class='ocr_carea' id='block_1_88' title="bbox 2143 4086 3748 4163">
    <p class='ocr_par' dir='ltr' id='par_1_88' title="bbox 2143 4086 3748 4163">
     <span class='ocr_line' id='line_1_88' title="bbox 2143 4086 3748 4163; baseline 0.001 -22"><span class='ocrx_word' id='word_1_707' title='bbox 2143 4086 2436 4157; x_wconf 84' lang='grc' dir='ltr'>γινώσκειν</span> <span class='ocrx_word' id='word_1_708' title='bbox 2458 4087 2673 4153; x_wconf 79' lang='grc' dir='ltr'>ὲαυτὸν,</span> <span class='ocrx_word' id='word_1_709' title='bbox 2706 4089 2840 4161; x_wconf 76' lang='grc' dir='ltr'>μηδὲ</span> <span class='ocrx_word' id='word_1_710' title='bbox 2873 4089 3088 4143; x_wconf 76' lang='grc' dir='ltr'>ἔκδοτον</span> <span class='ocrx_word' id='word_1_711' title='bbox 3113 4089 3375 4163; x_wconf 85' lang='grc' dir='ltr'>παρέχειν</span> <span class='ocrx_word' id='word_1_712' title='bbox 3398 4088 3476 4160; x_wconf 82' lang='grc' dir='ltr'>τῷ</span> <span class='ocrx_word' id='word_1_713' title='bbox 3503 4088 3600 4142; x_wconf 91' lang='grc' dir='ltr'><strong>τοῦ</strong></span> <span class='ocrx_word' id='word_1_714' title='bbox 3627 4106 3748 4142; x_wconf 80' lang='grc' dir='ltr'>πει-</span> 
     </span>
    </p>
   </div>
   <div class='ocr_carea' id='block_1_89' title="bbox 2147 4175 3750 4250">
    <p class='ocr_par' dir='ltr' id='par_1_89' title="bbox 2147 4175 3750 4250">
     <span class='ocr_line' id='line_1_89' title="bbox 2147 4175 3750 4250; baseline 0.001 -19"><span class='ocrx_word' id='word_1_715' title='bbox 2147 4176 2406 4250; x_wconf 83' lang='grc' dir='ltr'>ρατηρίου</span> <span class='ocrx_word' id='word_1_716' title='bbox 2436 4175 2689 4248; x_wconf 78' lang='grc' dir='ltr'>ῥεύματι.</span> <span class='ocrx_word' id='word_1_717' title='bbox 2727 4176 2820 4231; x_wconf 87' lang='grc' dir='ltr'><strong>Διὸ</strong></span> <span class='ocrx_word' id='word_1_718' title='bbox 2846 4178 3164 4247; x_wconf 86' lang='grc' dir='ltr'>ἀναγκαίως</span> <span class='ocrx_word' id='word_1_719' title='bbox 3207 4179 3522 4234; x_wconf 87' lang='grc' dir='ltr'>διδάσκεται</span> <span class='ocrx_word' id='word_1_720' title='bbox 3553 4179 3582 4230; x_wconf 92' lang='lat'><strong>6</strong></span> <span class='ocrx_word' id='word_1_721' title='bbox 3628 4177 3750 4232; x_wconf 85' lang='grc' dir='ltr'>ἰδι-</span> 
     </span>
    </p>
   </div>
   <div class='ocr_carea' id='block_1_90' title="bbox 2143 4269 3747 4344">
    <p class='ocr_par' dir='ltr' id='par_1_90' title="bbox 2143 4269 3747 4344">
     <span class='ocr_line' id='line_1_90' title="bbox 2143 4269 3747 4344; baseline 0.001 -20"><span class='ocrx_word' id='word_1_722' title='bbox 2143 4269 2284 4342; x_wconf 79' lang='grc' dir='ltr'><strong>θοὺμ</strong></span> <span class='ocrx_word' id='word_1_723' title='bbox 2314 4269 2539 4338; x_wconf 71' lang='grc' dir='ltr'>ἐπᾴδειν</span> <span class='ocrx_word' id='word_1_724' title='bbox 2574 4269 2776 4341; x_wconf 79' lang='grc' dir='ltr'>ἑαυτῷ,</span> <span class='ocrx_word' id='word_1_725' title='bbox 2815 4271 2914 4325; x_wconf 74' lang='grc' dir='ltr'>καὶ</span> <span class='ocrx_word' id='word_1_726' title='bbox 2940 4271 3007 4325; x_wconf 78' lang='grc' dir='ltr'><strong>τά</strong></span> <span class='ocrx_word' id='word_1_727' title='bbox 3036 4271 3379 4344; x_wconf 86' lang='grc' dir='ltr'>προκείμενα</span> <span class='ocrx_word' id='word_1_728' title='bbox 3403 4270 3585 4341; x_wconf 86' lang='grc' dir='ltr'>λέγειν</span> <span class='ocrx_word' id='word_1_729' title='bbox 3609 4288 3623 4301; x_wconf 91' lang='grc'><strong>·</strong></span> <span class='ocrx_word' id='word_1_730' title='bbox 3652 4271 3747 4325; x_wconf 81' lang='grc' dir='ltr'>καὶ</span> 
     </span>
    </p>
   </div>
   <div class='ocr_carea' id='block_1_91' title="bbox 2143 4361 3746 4436">
    <p class='ocr_par' dir='ltr' id='par_1_91' title="bbox 2143 4361 3746 4436">
     <span class='ocr_line' id='line_1_91' title="bbox 2143 4361 3746 4436; baseline 0.002 -21"><span class='ocrx_word' id='word_1_731' title='bbox 2143 4361 2360 4434; x_wconf 87' lang='grc' dir='ltr'>πρῶτον</span> <span class='ocrx_word' id='word_1_732' title='bbox 2397 4361 2496 4432; x_wconf 84' lang='grc' dir='ltr'>μὲν</span> <span class='ocrx_word' id='word_1_733' title='bbox 2532 4362 2626 4416; x_wconf 77' lang='grc' dir='ltr'><strong>ἐπὶ</strong></span> <span class='ocrx_word' id='word_1_734' title='bbox 2671 4361 2764 4417; x_wconf 86' lang='grc' dir='ltr'>τὸν</span> <span class='ocrx_word' id='word_1_735' title='bbox 2805 4363 2980 4434; x_wconf 86' lang='grc' dir='ltr'>μέγαν</span> <span class='ocrx_word' id='word_1_736' title='bbox 3007 4364 3237 4436; x_wconf 77' lang='grc' dir='ltr'>Σωτῆρα</span> <span class='ocrx_word' id='word_1_737' title='bbox 3272 4363 3367 4418; x_wconf 85' lang='grc' dir='ltr'><strong>καὶ</strong></span> <span class='ocrx_word' id='word_1_738' title='bbox 3412 4363 3521 4417; x_wconf 88' lang='grc' dir='ltr'><strong>τῶν</strong></span> <span class='ocrx_word' id='word_1_739' title='bbox 3557 4362 3746 4434; x_wconf 71' lang='grc' dir='ltr'>ψυχῶν</span> 
     </span>
    </p>
   </div>
   <div class='ocr_carea' id='block_1_92' title="bbox 2145 4453 3742 4529">
    <p class='ocr_par' dir='ltr' id='par_1_92' title="bbox 2145 4453 3742 4529">
     <span class='ocr_line' id='line_1_92' title="bbox 2145 4453 3742 4529; baseline 0.001 -22"><span class='ocrx_word' id='word_1_740' title='bbox 2145 4454 2328 4527; x_wconf 78' lang='grc' dir='ltr'>ἰατρὸν</span> <span class='ocrx_word' id='word_1_741' title='bbox 2366 4453 2768 4524; x_wconf 81' lang='grc' dir='ltr'>καταφεύγειν’</span> <span class='ocrx_word' id='word_1_742' title='bbox 2806 4455 2999 4510; x_wconf 81' lang='grc' dir='ltr'>ἔπειτα</span> <span class='ocrx_word' id='word_1_743' title='bbox 3033 4456 3357 4512; x_wconf 85' lang='grc' dir='ltr'>ὑποτάττειν</span> <span class='ocrx_word' id='word_1_744' title='bbox 3400 4456 3500 4529; x_wconf 82' lang='grc' dir='ltr'><strong>τήν</strong></span> <span class='ocrx_word' id='word_1_745' title='bbox 3545 4455 3742 4510; x_wconf 79' lang='grc' dir='ltr'>ἑαυτοῦ</span> 
     </span>
    </p>
   </div>
   <div class='ocr_carea' id='block_1_93' title="bbox 451 4541 2050 4623">
    <p class='ocr_par' dir='ltr' id='par_1_93' title="bbox 451 4544 2036 4623">
     <span class='ocr_line' id='line_1_93' title="bbox 451 4544 2036 4623; baseline -0.011 -13"><span class='ocrx_word' id='word_1_746' title='bbox 451 4553 699 4623; x_wconf 88' lang='lat' dir='ltr'><strong>subjecta</strong></span> <span class='ocrx_word' id='word_1_747' title='bbox 730 4551 837 4608; x_wconf 89' lang='lat' dir='ltr'><strong>erit</strong></span> <span class='ocrx_word' id='word_1_748' title='bbox 893 4550 1078 4605; x_wconf 84' lang='lat' dir='ltr'><strong>anima</strong></span> <span class='ocrx_word' id='word_1_749' title='bbox 1117 4549 1285 4605; x_wconf 85' lang='lat' dir='ltr'><strong>mea?</strong></span> <span class='ocrx_word' id='word_1_750' title='bbox 1317 4568 1334 4601; x_wconf 80' lang='grc' dir='ltr'><strong>ι</strong></span> <span class='ocrx_word' id='word_1_751' title='bbox 1372 4558 1427 4603; x_wconf 90' lang='lat' dir='ltr'><strong>et</strong></span> <span class='ocrx_word' id='word_1_752' title='bbox 1450 4555 1668 4603; x_wconf 67' lang='lat' dir='ltr'><strong>caetera.</strong></span> <span class='ocrx_word' id='word_1_753' title='bbox 1694 4544 1797 4599; x_wconf 83' lang='lat' dir='ltr'><strong>Hic</strong></span> <span class='ocrx_word' id='word_1_754' title='bbox 1817 4558 2036 4599; x_wconf 87' lang='lat' dir='ltr'><strong>rursum</strong></span> 
     </span>
    </p>
   </div>
   <div class='ocr_carea' id='block_1_94' title="bbox 2154 4541 3746 4623">
    <p class='ocr_par' dir='ltr' id='par_1_94' title="bbox 2154 4541 3746 4618">
     <span class='ocr_line' id='line_1_94' title="bbox 2154 4541 3746 4618; baseline 0.004 -24"><span class='ocrx_word' id='word_1_755' title='bbox 2154 4541 2342 4614; x_wconf 62' lang='grc' dir='ltr'>ξιυχήν,</span> <span class='ocrx_word' id='word_1_756' title='bbox 2365 4542 2563 4614; x_wconf 83' lang='grc' dir='ltr'>μηκέτι</span> <span class='ocrx_word' id='word_1_757' title='bbox 2593 4544 2924 4616; x_wconf 83' lang='grc' dir='ltr'>ἀνθρώποις,</span> <span class='ocrx_word' id='word_1_758' title='bbox 2961 4547 3096 4618; x_wconf 76' lang='grc' dir='ltr'>μηδὲ</span> <span class='ocrx_word' id='word_1_759' title='bbox 3121 4550 3233 4612; x_wconf 82' lang='grc' dir='ltr'>τοῖς</span> <span class='ocrx_word' id='word_1_760' title='bbox 3265 4546 3588 4618; x_wconf 75' lang='grc' dir='ltr'>ὲκφοϐοῦσιν</span> <span class='ocrx_word' id='word_1_761' title='bbox 3608 4565 3621 4577; x_wconf 93' lang='grc'><strong>·</strong></span> <span class='ocrx_word' id='word_1_762' title='bbox 3649 4547 3746 4600; x_wconf 78' lang='grc' dir='ltr'>ἕνα</span> 
     </span>
    </p>
   </div>
   <div class='ocr_carea' id='block_1_95' title="bbox 449 4609 2050 4713">
    <p class='ocr_par' dir='ltr' id='par_1_95' title="bbox 449 4635 2035 4711">
     <span class='ocr_line' id='line_1_95' title="bbox 449 4635 2035 4711; baseline -0.008 -7"><span class='ocrx_word' id='word_1_763' title='bbox 449 4647 694 4705; x_wconf 84' lang='lat' dir='ltr'><strong>salutare</strong></span> <span class='ocrx_word' id='word_1_764' title='bbox 740 4644 1011 4700; x_wconf 87' lang='lat' dir='ltr'><strong>llebraica</strong></span> <span class='ocrx_word' id='word_1_765' title='bbox 1061 4658 1219 4706; x_wconf 88' lang='lat' dir='ltr'><strong>voce,</strong></span> <span class='ocrx_word' id='word_1_766' title='bbox 1273 4649 1328 4697; x_wconf 89' lang='lat' dir='ltr'><strong>et</strong></span> <span class='ocrx_word' id='word_1_767' title='bbox 1376 4638 1674 4711; x_wconf 90' lang='lat' dir='ltr'><strong>ipsissimis</strong></span> <span class='ocrx_word' id='word_1_768' title='bbox 1724 4635 2035 4700; x_wconf 85' lang='lat' dir='ltr'><strong>elementis,</strong></span> 
     </span>
    </p>
   </div>
   <div class='ocr_carea' id='block_1_96' title="bbox 2154 4609 3740 4713">
    <p class='ocr_par' dir='ltr' id='par_1_96' title="bbox 2154 4609 3740 4713">
     <span class='ocr_line' id='line_1_96' title="bbox 2154 4609 3740 4713; baseline 0.004 -25"><span class='ocrx_word' id='word_1_769' title='bbox 2154 4609 2199 4688; x_wconf 60' lang='lat' dir='ltr'><strong>is</strong></span> <span class='ocrx_word' id='word_1_770' title='bbox 2409 4609 2515 4708; x_wconf 81' lang='grc' dir='ltr'>πρὸ</span> <span class='ocrx_word' id='word_1_771' title='bbox 2539 4609 2836 4708; x_wconf 74' lang='grc' dir='ltr'>ὀφθαλμῶν</span> <span class='ocrx_word' id='word_1_772' title='bbox 2863 4609 3090 4711; x_wconf 71' lang='grc' dir='ltr'>θέμενον</span> <span class='ocrx_word' id='word_1_773' title='bbox 3118 4609 3225 4694; x_wconf 26' lang='grc' dir='ltr'><strong>τὸν-</strong></span> <span class='ocrx_word' id='word_1_774' title='bbox 3255 4609 3430 4713; x_wconf 70' lang='grc' dir='ltr'>μέγαν</span> <span class='ocrx_word' id='word_1_775' title='bbox 3459 4639 3654 4712; x_wconf 82' lang='grc' dir='ltr'>κριτήν</span> <span class='ocrx_word' id='word_1_776' title='bbox 3683 4657 3740 4694; x_wconf 87' lang='grc' dir='ltr'><strong>τε</strong></span> 
     </span>
    </p>
   </div>
   <div class='ocr_carea' id='block_1_97' title="bbox 449 4729 1811 4810">
    <p class='ocr_par' dir='ltr' id='par_1_97' title="bbox 449 4729 1811 4810">
     <span class='ocr_line' id='line_1_97' title="bbox 449 4729 1811 4810; baseline -0.007 -18"><span class='ocrx_word' id='word_1_777' title='bbox 449 4739 608 4810; x_wconf 90' lang='lat' dir='ltr'><strong>queis</strong></span> <span class='ocrx_word' id='word_1_778' title='bbox 639 4737 900 4794; x_wconf 71' lang='lat' dir='ltr'><strong>salutaris</strong></span> <span class='ocrx_word' id='word_1_779' title='bbox 929 4735 1104 4791; x_wconf 90' lang='lat' dir='ltr'><strong>nostri</strong></span> <span class='ocrx_word' id='word_1_780' title='bbox 1136 4733 1269 4790; x_wconf 88' lang='lat' dir='ltr'><strong>Jesu</strong></span> <span class='ocrx_word' id='word_1_781' title='bbox 1299 4747 1498 4788; x_wconf 90' lang='lat' dir='ltr'><strong>nomen</strong></span> <span class='ocrx_word' id='word_1_782' title='bbox 1529 4729 1811 4785; x_wconf 89' lang='lat' dir='ltr'><strong>scribitur.</strong></span> 
     </span>
    </p>
   </div>
   <div class='ocr_carea' id='block_1_98' title="bbox 2145 4727 3739 4804">
    <p class='ocr_par' dir='ltr' id='par_1_98' title="bbox 2145 4727 3739 4804">
     <span class='ocr_line' id='line_1_98' title="bbox 2145 4727 3739 4804; baseline 0.001 -22"><span class='ocrx_word' id='word_1_783' title='bbox 2145 4728 2240 4782; x_wconf 82' lang='grc' dir='ltr'>καὶ</span> <span class='ocrx_word' id='word_1_784' title='bbox 2275 4727 2429 4791; x_wconf 81' lang='grc' dir='ltr'>Θεὸν,</span> <span class='ocrx_word' id='word_1_785' title='bbox 2462 4727 2614 4801; x_wconf 89' lang='grc' dir='ltr'><strong>αὑτῷ</strong></span> <span class='ocrx_word' id='word_1_786' title='bbox 2654 4731 2802 4802; x_wconf 85' lang='grc' dir='ltr'>μόνῳ</span> <span class='ocrx_word' id='word_1_787' title='bbox 2841 4730 2939 4802; x_wconf 83' lang='grc' dir='ltr'><strong>τὴν</strong></span> <span class='ocrx_word' id='word_1_788' title='bbox 2970 4731 3164 4787; x_wconf 81' lang='grc' dir='ltr'>ἑαυτοῦ</span> <span class='ocrx_word' id='word_1_789' title='bbox 3187 4731 3365 4804; x_wconf 77' lang='grc' dir='ltr'>ψυχὴν</span> <span class='ocrx_word' id='word_1_790' title='bbox 3396 4732 3739 4794; x_wconf 78' lang='grc' dir='ltr'>ὑποτάττειν,</span> 
     </span>
    </p>
   </div>
   <div class='ocr_carea' id='block_1_99' title="bbox 450 4819 3735 4902">
    <p class='ocr_par' dir='ltr' id='par_1_99' title="bbox 450 4819 3735 4902">
     <span class='ocr_line' id='line_1_99' title="bbox 450 4819 3735 4902; baseline -0.004 -16"><span class='ocrx_word' id='word_1_791' title='bbox 450 4829 769 4902; x_wconf 69' lang='grc' dir='ltr'>ιλευθεροῦν</span> <span class='ocrx_word' id='word_1_792' title='bbox 813 4846 874 4884; x_wconf 88' lang='grc' dir='ltr'><strong>τε</strong></span> <span class='ocrx_word' id='word_1_793' title='bbox 922 4827 1090 4900; x_wconf 82' lang='grc' dir='ltr'>αὑτήν</span> <span class='ocrx_word' id='word_1_794' title='bbox 1139 4826 1340 4890; x_wconf 82' lang='grc' dir='ltr'>παντὸς</span> <span class='ocrx_word' id='word_1_795' title='bbox 1375 4822 1658 4895; x_wconf 86' lang='grc' dir='ltr'>ἀλλοτρίου</span> <span class='ocrx_word' id='word_1_796' title='bbox 1717 4820 1904 4892; x_wconf 78' lang='grc' dir='ltr'>φόϐου.</span> <span class='ocrx_word' id='word_1_797' title='bbox 1941 4819 2034 4873; x_wconf 87' lang='grc' dir='ltr'>Διό</span> <span class='ocrx_word' id='word_1_798' title='bbox 2071 4835 2236 4890; x_wconf 89' lang='grc' dir='ltr'>φησιν</span> <span class='ocrx_word' id='word_1_799' title='bbox 2261 4838 2275 4852; x_wconf 87' lang='grc'><strong>·</strong></span> <span class='ocrx_word' id='word_1_800' title='bbox 2315 4839 2334 4873; x_wconf 86' lang='lat' dir='ltr'><strong>t</strong></span> <span class='ocrx_word' id='word_1_801' title='bbox 2373 4821 2507 4891; x_wconf 73' lang='grc' dir='ltr'><strong>Οὐχὶ</strong></span> <span class='ocrx_word' id='word_1_802' title='bbox 2541 4821 2620 4894; x_wconf 80' lang='grc' dir='ltr'><strong>τῷ</strong></span> <span class='ocrx_word' id='word_1_803' title='bbox 2645 4821 2764 4892; x_wconf 85' lang='grc' dir='ltr'><strong>Θεῷ</strong></span> <span class='ocrx_word' id='word_1_804' title='bbox 2793 4823 3202 4896; x_wconf 85' lang='grc' dir='ltr'>ὑποταγήσεται</span> <span class='ocrx_word' id='word_1_805' title='bbox 3236 4827 3269 4895; x_wconf 86' lang='grc' dir='ltr'><strong>ἡ</strong></span> <span class='ocrx_word' id='word_1_806' title='bbox 3296 4824 3444 4898; x_wconf 80' lang='grc' dir='ltr'>ψυχή</span> <span class='ocrx_word' id='word_1_807' title='bbox 3513 4839 3650 4896; x_wconf 87' lang='grc' dir='ltr'>μου;</span> <span class='ocrx_word' id='word_1_808' title='bbox 3715 4843 3735 4874; x_wconf 75' lang='grc' dir='ltr'><strong>ι</strong></span> 
     </span>
    </p>
   </div>
   <div class='ocr_carea' id='block_1_100' title="bbox 448 4911 3742 4994">
    <p class='ocr_par' dir='ltr' id='par_1_100' title="bbox 448 4911 3742 4994">
     <span class='ocr_line' id='line_1_100' title="bbox 448 4911 3742 4994; baseline -0.002 -17"><span class='ocrx_word' id='word_1_809' title='bbox 448 4922 545 4978; x_wconf 70' lang='grc' dir='ltr'>καὶ</span> <span class='ocrx_word' id='word_1_810' title='bbox 562 4922 633 4976; x_wconf 86' lang='grc' dir='ltr'><strong>τὰ</strong></span> <span class='ocrx_word' id='word_1_811' title='bbox 661 4923 806 4994; x_wconf 76' lang='grc' dir='ltr'><strong>ἑξῆς.</strong></span> <span class='ocrx_word' id='word_1_812' title='bbox 826 4920 996 4981; x_wconf 87' lang='grc' dir='ltr'>Πάλιν</span> <span class='ocrx_word' id='word_1_813' title='bbox 1015 4921 1071 4974; x_wconf 85' lang='grc' dir='ltr'>δὲ</span> <span class='ocrx_word' id='word_1_814' title='bbox 1092 4919 1370 4974; x_wconf 84' lang='grc' dir='ltr'>κάνταῦθα</span> <span class='ocrx_word' id='word_1_815' title='bbox 1386 4918 1448 4972; x_wconf 84' lang='grc' dir='ltr'>τὸ</span> <span class='ocrx_word' id='word_1_816' title='bbox 1474 4917 1741 4988; x_wconf 78' lang='grc' dir='ltr'>σωτήρων</span> <span class='ocrx_word' id='word_1_817' title='bbox 1769 4914 2034 4986; x_wconf 72' lang='grc' dir='ltr'>Ἐὂραῖκῇ</span> <span class='ocrx_word' id='word_1_818' title='bbox 2073 4915 2225 4984; x_wconf 86' lang='grc' dir='ltr'>φωνῇ</span> <span class='ocrx_word' id='word_1_819' title='bbox 2263 4911 2354 4966; x_wconf 82' lang='grc' dir='ltr'><strong>διὰ</strong></span> <span class='ocrx_word' id='word_1_820' title='bbox 2383 4913 2495 4967; x_wconf 88' lang='grc' dir='ltr'><strong>τῶν</strong></span> <span class='ocrx_word' id='word_1_821' title='bbox 2534 4915 2715 4968; x_wconf 81' lang='grc' dir='ltr'>αὑτῶν</span> <span class='ocrx_word' id='word_1_822' title='bbox 2749 4917 3052 4988; x_wconf 85' lang='grc' dir='ltr'>στοιχείων,</span> <span class='ocrx_word' id='word_1_823' title='bbox 3119 4917 3189 4971; x_wconf 79' lang='grc' dir='ltr'><strong>δι’</strong></span> <span class='ocrx_word' id='word_1_824' title='bbox 3259 4911 3335 4972; x_wconf 85' lang='grc' dir='ltr'>ὧν</span> <span class='ocrx_word' id='word_1_825' title='bbox 3373 4916 3649 4991; x_wconf 84' lang='grc' dir='ltr'>γράφεται</span> <span class='ocrx_word' id='word_1_826' title='bbox 3681 4917 3742 4971; x_wconf 80' lang='grc' dir='ltr'>τὸ</span> 
     </span>
    </p>
   </div>
   <div class='ocr_carea' id='block_1_101' title="bbox 445 5009 1751 5090">
    <p class='ocr_par' dir='ltr' id='par_1_101' title="bbox 445 5009 1751 5090">
     <span class='ocr_line' id='line_1_101' title="bbox 445 5009 1751 5090; baseline -0.005 -21"><span class='ocrx_word' id='word_1_827' title='bbox 445 5015 541 5070; x_wconf 88' lang='grc' dir='ltr'><strong>τοῦ</strong></span> <span class='ocrx_word' id='word_1_828' title='bbox 575 5015 847 5090; x_wconf 87' lang='grc' dir='ltr'>σωτηρίου</span> <span class='ocrx_word' id='word_1_829' title='bbox 875 5013 1033 5087; x_wconf 84' lang='grc' dir='ltr'>ήμῶν</span> <span class='ocrx_word' id='word_1_830' title='bbox 1078 5013 1255 5085; x_wconf 80' lang='grc' dir='ltr'>Ἰησοῦ</span> <span class='ocrx_word' id='word_1_831' title='bbox 1281 5013 1473 5083; x_wconf 82' lang='grc' dir='ltr'>ὄνομα,</span> <span class='ocrx_word' id='word_1_832' title='bbox 1503 5009 1751 5081; x_wconf 89' lang='grc' dir='ltr'>φέρεται.</span> 
     </span>
    </p>
   </div>
   <div class='ocr_carea' id='block_1_102' title="bbox 517 5119 2029 5202">
    <p class='ocr_par' dir='ltr' id='par_1_102' title="bbox 517 5119 2029 5202">
     <span class='ocr_line' id='line_1_102' title="bbox 517 5119 2029 5202; baseline -0.007 -18"><span class='ocrx_word' id='word_1_833' title='bbox 517 5129 645 5186; x_wconf 61' lang='lat' dir='ltr'><strong>llaec</strong></span> <span class='ocrx_word' id='word_1_834' title='bbox 685 5129 875 5202; x_wconf 80' lang='lat' dir='ltr'><strong>legens</strong></span> <span class='ocrx_word' id='word_1_835' title='bbox 920 5128 1192 5200; x_wconf 87' lang='lat' dir='ltr'><strong>quispiam</strong></span> <span class='ocrx_word' id='word_1_836' title='bbox 1233 5135 1541 5199; x_wconf 90' lang='lat' dir='ltr'><strong>opportune</strong></span> <span class='ocrx_word' id='word_1_837' title='bbox 1588 5133 1841 5196; x_wconf 69' lang='lat' dir='ltr'><strong>quaerat:</strong></span> <span class='ocrx_word' id='word_1_838' title='bbox 1884 5119 2029 5188; x_wconf 77' lang='lat' dir='ltr'><strong>Quid</strong></span> 
     </span>
    </p>
   </div>
   <div class='ocr_carea' id='block_1_103' title="bbox 446 5212 2031 5291">
    <p class='ocr_par' dir='ltr' id='par_1_103' title="bbox 446 5212 2031 5291">
     <span class='ocr_line' id='line_1_103' title="bbox 446 5212 2031 5291; baseline -0.007 -12"><span class='ocrx_word' id='word_1_839' title='bbox 446 5238 627 5279; x_wconf 67' lang='lat' dir='ltr'><strong>causa</strong></span> <span class='ocrx_word' id='word_1_840' title='bbox 653 5219 916 5291; x_wconf 75' lang='lat' dir='ltr'><strong>estquod</strong></span> <span class='ocrx_word' id='word_1_841' title='bbox 946 5235 1072 5276; x_wconf 90' lang='lat' dir='ltr'><strong>cum</strong></span> <span class='ocrx_word' id='word_1_842' title='bbox 1115 5218 1224 5275; x_wconf 92' lang='lat' dir='ltr'><strong>duo</strong></span> <span class='ocrx_word' id='word_1_843' title='bbox 1279 5226 1492 5274; x_wconf 90' lang='lat' dir='ltr'><strong>tantum</strong></span> <span class='ocrx_word' id='word_1_844' title='bbox 1548 5217 1662 5274; x_wconf 92' lang='lat' dir='ltr'><strong>sint</strong></span> <span class='ocrx_word' id='word_1_845' title='bbox 1697 5236 1714 5266; x_wconf 79' lang='grc' dir='ltr'><strong>ι</strong></span> <span class='ocrx_word' id='word_1_846' title='bbox 1775 5231 1876 5286; x_wconf 90' lang='lat' dir='ltr'><strong>pro</strong></span> <span class='ocrx_word' id='word_1_847' title='bbox 1923 5212 2031 5268; x_wconf 86' lang='lat' dir='ltr'><strong>ldi-</strong></span> 
     </span>
    </p>
   </div>
   <div class='ocr_carea' id='block_1_104' title="bbox 445 5309 2025 5384">
    <p class='ocr_par' dir='ltr' id='par_1_104' title="bbox 445 5309 2025 5384">
     <span class='ocr_line' id='line_1_104' title="bbox 445 5309 2025 5384; baseline -0.008 -13"><span class='ocrx_word' id='word_1_848' title='bbox 445 5317 623 5380; x_wconf 90' lang='lat' dir='ltr'><strong>thum,</strong></span> <span class='ocrx_word' id='word_1_849' title='bbox 663 5334 682 5368; x_wconf 76' lang='grc' dir='ltr'><strong>ι</strong></span> <span class='ocrx_word' id='word_1_850' title='bbox 718 5315 805 5371; x_wconf 88' lang='lat' dir='ltr'><strong>vel</strong></span> <span class='ocrx_word' id='word_1_851' title='bbox 835 5313 1142 5371; x_wconf 86' lang='lat' dir='ltr'><strong>secundum</strong></span> <span class='ocrx_word' id='word_1_852' title='bbox 1177 5312 1452 5384; x_wconf 79' lang='lat' dir='ltr'><strong>Aquilam,</strong></span> <span class='ocrx_word' id='word_1_853' title='bbox 1507 5331 1526 5363; x_wconf 81' lang='grc' dir='ltr'><strong>ι</strong></span> <span class='ocrx_word' id='word_1_854' title='bbox 1589 5310 1659 5366; x_wconf 92' lang='lat' dir='ltr'><strong>de</strong></span> <span class='ocrx_word' id='word_1_855' title='bbox 1702 5309 1963 5373; x_wconf 84' lang='lat' dir='ltr'><strong>lditltum,</strong></span> <span class='ocrx_word' id='word_1_856' title='bbox 2006 5325 2025 5358; x_wconf 77' lang='grc' dir='ltr'><strong>ι</strong></span> 
     </span>
    </p>
   </div>
   <div class='ocr_carea' id='block_1_105' title="bbox 448 5398 2032 5476">
    <p class='ocr_par' dir='ltr' id='par_1_105' title="bbox 448 5398 2032 5476">
     <span class='ocr_line' id='line_1_105' title="bbox 448 5398 2032 5476; baseline -0.005 -16"><span class='ocrx_word' id='word_1_857' title='bbox 448 5406 722 5476; x_wconf 87' lang='lat' dir='ltr'><strong>inscripti,</strong></span> <span class='ocrx_word' id='word_1_858' title='bbox 752 5406 791 5460; x_wconf 88' lang='lat' dir='ltr'><strong>ii</strong></span> <span class='ocrx_word' id='word_1_859' title='bbox 823 5416 1002 5459; x_wconf 87' lang='lat' dir='ltr'><strong>tamen</strong></span> <span class='ocrx_word' id='word_1_860' title='bbox 1037 5420 1144 5459; x_wconf 92' lang='lat' dir='ltr'><strong>non</strong></span> <span class='ocrx_word' id='word_1_861' title='bbox 1177 5411 1598 5474; x_wconf 84' lang='lat' dir='ltr'><strong>consequenter,</strong></span> <span class='ocrx_word' id='word_1_862' title='bbox 1631 5400 1726 5456; x_wconf 92' lang='lat' dir='ltr'><strong>sed</strong></span> <span class='ocrx_word' id='word_1_863' title='bbox 1761 5401 1922 5468; x_wconf 76' lang='lat' dir='ltr'><strong>longo</strong></span> <span class='ocrx_word' id='word_1_864' title='bbox 1947 5398 2032 5453; x_wconf 81' lang='lat' dir='ltr'><strong>in-</strong></span> 
     </span>
    </p>
   </div>
   <div class='ocr_carea' id='block_1_106' title="bbox 446 5494 2027 5567">
    <p class='ocr_par' dir='ltr' id='par_1_106' title="bbox 446 5494 2027 5567">
     <span class='ocr_line' id='line_1_106' title="bbox 446 5494 2027 5567; baseline -0.007 -15"><span class='ocrx_word' id='word_1_865' title='bbox 446 5500 676 5554; x_wconf 80' lang='lat' dir='ltr'><strong>tervallo</strong></span> <span class='ocrx_word' id='word_1_866' title='bbox 709 5496 893 5554; x_wconf 83' lang='lat' dir='ltr'><strong>dissiti</strong></span> <span class='ocrx_word' id='word_1_867' title='bbox 915 5496 1136 5567; x_wconf 83' lang='lat' dir='ltr'><strong>jaceant</strong></span> <span class='ocrx_word' id='word_1_868' title='bbox 1169 5495 1268 5567; x_wconf 92' lang='lat' dir='ltr'><strong>(l).</strong></span> <span class='ocrx_word' id='word_1_869' title='bbox 1299 5494 1478 5566; x_wconf 85' lang='lat' dir='ltr'><strong>Hujus</strong></span> <span class='ocrx_word' id='word_1_870' title='bbox 1513 5494 1592 5550; x_wconf 87' lang='lat' dir='ltr'><strong>rei</strong></span> <span class='ocrx_word' id='word_1_871' title='bbox 1625 5507 1872 5559; x_wconf 86' lang='lat' dir='ltr'><strong>causam,</strong></span> <span class='ocrx_word' id='word_1_872' title='bbox 1903 5504 2027 5544; x_wconf 88' lang='lat' dir='ltr'><strong>cum</strong></span> 
     </span>
    </p>
   </div>
   <div class='ocr_carea' id='block_1_107' title="bbox 517 5697 2710 5773">
    <p class='ocr_par' dir='ltr' id='par_1_107' title="bbox 517 5697 2710 5773">
     <span class='ocr_line' id='line_1_107' title="bbox 517 5697 2710 5773; baseline 0.004 -19"><span class='ocrx_word' id='word_1_873' title='bbox 517 5698 561 5731; x_wconf 87' lang='grc'><strong>³⁷</strong></span> <span class='ocrx_word' id='word_1_874' title='bbox 603 5697 749 5755; x_wconf 73' lang='lat' dir='ltr'><strong>Psal.</strong></span> <span class='ocrx_word' id='word_1_875' title='bbox 784 5715 1013 5755; x_wconf 80' lang='lat' dir='ltr'><strong>xxxvnr.</strong></span> <span class='ocrx_word' id='word_1_876' title='bbox 1043 5700 1163 5757; x_wconf 73' lang='lat'><strong>2-3.</strong></span> <span class='ocrx_word' id='word_1_877' title='bbox 1239 5702 1433 5758; x_wconf 71' lang='lat' dir='ltr'><strong>&quot;ibid.</strong></span> <span class='ocrx_word' id='word_1_878' title='bbox 1454 5702 1509 5768; x_wconf 90' lang='lat'><strong>9,</strong></span> <span class='ocrx_word' id='word_1_879' title='bbox 1535 5703 1619 5757; x_wconf 80' lang='grc' dir='ltr'><strong>ιθ.</strong></span> <span class='ocrx_word' id='word_1_880' title='bbox 1695 5703 1740 5735; x_wconf 82' lang='lat'>”</span> <span class='ocrx_word' id='word_1_881' title='bbox 1762 5702 1892 5758; x_wconf 88' lang='lat' dir='ltr'><strong>ibid.</strong></span> <span class='ocrx_word' id='word_1_882' title='bbox 1924 5703 2011 5759; x_wconf 84' lang='lat' dir='ltr'><strong>ll.</strong></span> <span class='ocrx_word' id='word_1_883' title='bbox 2046 5703 2109 5758; x_wconf 75' lang='lat' dir='ltr'><strong>l2</strong></span> <span class='ocrx_word' id='word_1_884' title='bbox 2208 5703 2414 5762; x_wconf 69' lang='lat' dir='ltr'><strong>“Psat.</strong></span> <span class='ocrx_word' id='word_1_885' title='bbox 2451 5721 2620 5773; x_wconf 79' lang='lat' dir='ltr'><strong>Lxxn,</strong></span> <span class='ocrx_word' id='word_1_886' title='bbox 2656 5706 2710 5763; x_wconf 66' lang='grc' dir='ltr'><strong>Ξ.</strong></span> 
     </span>
    </p>
   </div>
   <div class='ocr_carea' id='block_1_108' title="bbox 2205 5116 3742 5194">
    <p class='ocr_par' dir='ltr' id='par_1_108' title="bbox 2205 5116 3742 5194">
     <span class='ocr_line' id='line_1_108' title="bbox 2205 5116 3742 5194; baseline 0.007 -24"><span class='ocrx_word' id='word_1_887' title='bbox 2205 5116 2461 5187; x_wconf 85' lang='grc' dir='ltr'>Εὑλόγως</span> <span class='ocrx_word' id='word_1_888' title='bbox 2499 5117 2557 5172; x_wconf 90' lang='grc' dir='ltr'><strong>δέ</strong></span> <span class='ocrx_word' id='word_1_889' title='bbox 2583 5137 2669 5184; x_wconf 92' lang='grc' dir='ltr'><strong>τις</strong></span> <span class='ocrx_word' id='word_1_890' title='bbox 2709 5119 2964 5193; x_wconf 84' lang='grc' dir='ltr'>ζητήσειε</span> <span class='ocrx_word' id='word_1_891' title='bbox 3001 5122 3213 5187; x_wconf 84' lang='grc' dir='ltr'>τούτοις</span> <span class='ocrx_word' id='word_1_892' title='bbox 3247 5124 3632 5194; x_wconf 76' lang='grc' dir='ltr'>ἐντυγχάνων·</span> <span class='ocrx_word' id='word_1_893' title='bbox 3676 5126 3742 5180; x_wconf 86' lang='grc' dir='ltr'><strong>Τί</strong></span> 
     </span>
    </p>
   </div>
   <div class='ocr_carea' id='block_1_109' title="bbox 2133 5206 3738 5288">
    <p class='ocr_par' dir='ltr' id='par_1_109' title="bbox 2133 5206 3738 5288">
     <span class='ocr_line' id='line_1_109' title="bbox 2133 5206 3738 5288; baseline 0.006 -27"><span class='ocrx_word' id='word_1_894' title='bbox 2133 5206 2335 5279; x_wconf 87' lang='grc' dir='ltr'>δήποτε</span> <span class='ocrx_word' id='word_1_895' title='bbox 2368 5209 2546 5278; x_wconf 92' lang='grc' dir='ltr'>μόνων</span> <span class='ocrx_word' id='word_1_896' title='bbox 2579 5209 2674 5264; x_wconf 86' lang='grc' dir='ltr'><strong>δύο</strong></span> <span class='ocrx_word' id='word_1_897' title='bbox 2700 5209 2869 5266; x_wconf 76' lang='grc' dir='ltr'>ὄντων</span> <span class='ocrx_word' id='word_1_898' title='bbox 2901 5211 3010 5267; x_wconf 90' lang='grc' dir='ltr'><strong>τῶν</strong></span> <span class='ocrx_word' id='word_1_899' title='bbox 3042 5231 3061 5265; x_wconf 84' lang='lat' dir='ltr'><strong>t</strong></span> <span class='ocrx_word' id='word_1_900' title='bbox 3087 5213 3233 5285; x_wconf 82' lang='grc' dir='ltr'>ὑπὲρ</span> <span class='ocrx_word' id='word_1_901' title='bbox 3263 5214 3360 5268; x_wconf 90' lang='grc' dir='ltr'><strong>τοῦ</strong></span> <span class='ocrx_word' id='word_1_902' title='bbox 3385 5215 3676 5288; x_wconf 75' lang='grc' dir='ltr'>’Ῑδιθοὺμ,ο</span> <span class='ocrx_word' id='word_1_903' title='bbox 3705 5216 3738 5288; x_wconf 72' lang='grc' dir='ltr'><strong>ἢ</strong></span> 
     </span>
    </p>
   </div>
   <div class='ocr_carea' id='block_1_110' title="bbox 2140 5302 3737 5381">
    <p class='ocr_par' dir='ltr' id='par_1_110' title="bbox 2140 5302 3737 5381">
     <span class='ocr_line' id='line_1_110' title="bbox 2140 5302 3737 5381; baseline 0.005 -28"><span class='ocrx_word' id='word_1_904' title='bbox 2140 5321 2158 5353; x_wconf 77' lang='grc' dir='ltr'><strong>ι</strong></span> <span class='ocrx_word' id='word_1_905' title='bbox 2184 5302 2315 5374; x_wconf 73' lang='grc' dir='ltr'>περὶ</span> <span class='ocrx_word' id='word_1_906' title='bbox 2354 5302 2451 5356; x_wconf 87' lang='grc' dir='ltr'>τοῦ</span> <span class='ocrx_word' id='word_1_907' title='bbox 2509 5303 2743 5376; x_wconf 84' lang='grc' dir='ltr'>Ἰδιθοὺμ</span> <span class='ocrx_word' id='word_1_908' title='bbox 2773 5325 2792 5359; x_wconf 71' lang='grc' dir='ltr'><strong>ι</strong></span> <span class='ocrx_word' id='word_1_909' title='bbox 2821 5305 2966 5360; x_wconf 86' lang='grc' dir='ltr'><strong>κατὰ</strong></span> <span class='ocrx_word' id='word_1_910' title='bbox 2995 5307 3088 5361; x_wconf 75' lang='grc' dir='ltr'><strong>τὸν</strong></span> <span class='ocrx_word' id='word_1_911' title='bbox 3126 5307 3360 5362; x_wconf 83' lang='grc' dir='ltr'>Ἀκύλαν</span> <span class='ocrx_word' id='word_1_912' title='bbox 3393 5309 3702 5381; x_wconf 77' lang='grc' dir='ltr'>εἰρημένων</span> <span class='ocrx_word' id='word_1_913' title='bbox 3721 5347 3737 5372; x_wconf 94' lang='grc'><strong>,</strong></span> 
     </span>
    </p>
   </div>
   <div class='ocr_carea' id='block_1_111' title="bbox 2133 5394 3735 5477">
    <p class='ocr_par' dir='ltr' id='par_1_111' title="bbox 2133 5394 3735 5477">
     <span class='ocr_line' id='line_1_111' title="bbox 2133 5394 3735 5477; baseline 0.006 -29"><span class='ocrx_word' id='word_1_914' title='bbox 2133 5394 2244 5448; x_wconf 77' lang='grc' dir='ltr'>οὔτ’</span> <span class='ocrx_word' id='word_1_915' title='bbox 2277 5395 2477 5468; x_wconf 78' lang='grc' dir='ltr'>ἑφεξῆς</span> <span class='ocrx_word' id='word_1_916' title='bbox 2509 5397 2762 5468; x_wconf 85' lang='grc' dir='ltr'>ἀλλήλοις</span> <span class='ocrx_word' id='word_1_917' title='bbox 2796 5402 3007 5455; x_wconf 89' lang='grc' dir='ltr'>κεῖνται</span> <span class='ocrx_word' id='word_1_918' title='bbox 3057 5400 3400 5474; x_wconf 87' lang='grc' dir='ltr'>ἀμφότεροι,</span> <span class='ocrx_word' id='word_1_919' title='bbox 3439 5403 3655 5477; x_wconf 80' lang='grc' dir='ltr'>μακρὰν</span> <span class='ocrx_word' id='word_1_920' title='bbox 3688 5401 3735 5457; x_wconf 75' lang='grc' dir='ltr'>δ’</span> 
     </span>
    </p>
   </div>
   <div class='ocr_carea' id='block_1_112' title="bbox 2137 5489 3736 5564">
    <p class='ocr_par' dir='ltr' id='par_1_112' title="bbox 2137 5489 3736 5564">
     <span class='ocr_line' id='line_1_112' title="bbox 2137 5489 3736 5564; baseline 0.006 -24"><span class='ocrx_word' id='word_1_921' title='bbox 2137 5489 2610 5559; x_wconf 78' lang='grc' dir='ltr'>ἀπεσχοινισμένοι</span> <span class='ocrx_word' id='word_1_922' title='bbox 2633 5491 2985 5562; x_wconf 87' lang='grc' dir='ltr'>τυγχάνουσι.</span> <span class='ocrx_word' id='word_1_923' title='bbox 3013 5493 3126 5564; x_wconf 69' lang='grc' dir='ltr'>Τήν</span> <span class='ocrx_word' id='word_1_924' title='bbox 3155 5493 3214 5547; x_wconf 88' lang='grc' dir='ltr'>δὲ</span> <span class='ocrx_word' id='word_1_925' title='bbox 3237 5492 3446 5548; x_wconf 90' lang='grc' dir='ltr'>τούτων</span> <span class='ocrx_word' id='word_1_926' title='bbox 3470 5494 3649 5550; x_wconf 85' lang='grc' dir='ltr'>αἰτίαν</span> <span class='ocrx_word' id='word_1_927' title='bbox 3676 5495 3736 5550; x_wconf 81' lang='grc' dir='ltr'>ἐν</span> 
     </span>
    </p>
   </div>
   <div class='ocr_carea' id='block_1_113' title="bbox 2789 5706 3731 5776">
    <p class='ocr_par' dir='ltr' id='par_1_113' title="bbox 2789 5706 3731 5776">
     <span class='ocr_line' id='line_1_113' title="bbox 2789 5706 3731 5776; baseline 0.001 -14"><span class='ocrx_word' id='word_1_928' title='bbox 2789 5707 2958 5765; x_wconf 81' lang='lat' dir='ltr'><strong>“lsa.</strong></span> <span class='ocrx_word' id='word_1_929' title='bbox 2990 5726 3044 5776; x_wconf 92' lang='lat' dir='ltr'><strong>v,</strong></span> <span class='ocrx_word' id='word_1_930' title='bbox 3085 5709 3168 5765; x_wconf 88' lang='lat' dir='ltr'><strong>l8.</strong></span> <span class='ocrx_word' id='word_1_931' title='bbox 3248 5707 3420 5767; x_wconf 77' lang='lat' dir='ltr'><strong>“Jer.</strong></span> <span class='ocrx_word' id='word_1_932' title='bbox 3459 5706 3731 5776; x_wconf 69' lang='lat' dir='ltr'><strong>vm,l,5.</strong></span> 
     </span>
    </p>
   </div>
   <div class='ocr_carea' id='block_1_114' title="bbox 517 5851 2184 5934">
    <p class='ocr_par' dir='ltr' id='par_1_114' title="bbox 517 5851 2184 5934">
     <span class='ocr_line' id='line_1_114' title="bbox 517 5851 2184 5934; baseline 0.002 -22"><span class='ocrx_word' id='word_1_933' title='bbox 517 5856 595 5923; x_wconf 89' lang='lat' dir='ltr'><strong>(l)</strong></span> <span class='ocrx_word' id='word_1_934' title='bbox 631 5851 756 5912; x_wconf 68' lang='lat' dir='ltr'><strong>llaec</strong></span> <span class='ocrx_word' id='word_1_935' title='bbox 780 5857 1058 5914; x_wconf 85' lang='lat' dir='ltr'><strong>enarratio</strong></span> <span class='ocrx_word' id='word_1_936' title='bbox 1082 5873 1148 5913; x_wconf 74' lang='lat' dir='ltr'><strong>ex</strong></span> <span class='ocrx_word' id='word_1_937' title='bbox 1180 5859 1462 5916; x_wconf 80' lang='lat' dir='ltr'><strong>tricesimo</strong></span> <span class='ocrx_word' id='word_1_938' title='bbox 1493 5868 1690 5916; x_wconf 87' lang='lat' dir='ltr'><strong>octavo</strong></span> <span class='ocrx_word' id='word_1_939' title='bbox 1718 5861 1930 5934; x_wconf 86' lang='lat' dir='ltr'><strong>psalmo</strong></span> <span class='ocrx_word' id='word_1_940' title='bbox 1955 5860 2184 5916; x_wconf 78' lang='lat' dir='ltr'><strong>excidit.</strong></span> 
     </span>
    </p>
   </div>
  </div>
