4146 6390
442 473 544 528 589

1561 465 2062 522 COMMENTARIA
2091 466 2156 518 IN
2187 466 2528 524 PSALMOS.

3592 473 3696 527 590

441 596 552 657 τοῖς
598 589 903 664 εἰρημένοις
930 590 1057 661 ἡμῖν
1083 590 1162 653 εἰς
1199 589 1289 643 τὸν
1311 588 1416 660 λη’,
1445 593 1858 662 γραμματικαῖ;
1891 591 2019 642 ἀπο-

2128 588 2193 642 de
2219 604 2426 642 xxxvui
2456 585 3119 657 ageretur,grammaticis
3137 585 3700 645 demonstrationibus

437 684 638 751 δείξεσι
671 684 1118 754 παρεστήσαμεν.
1159 683 1317 736 Ἀλλὰ
1352 683 1443 734 καὶ
1476 683 1560 745 τίς
1584 677 1652 753 ἦν
1695 684 1723 734 6
1763 681 2020 752 1650069.,

439 776 539 846 ήδη
568 774 829 845 πρότερον
863 775 920 825 ἐν
955 773 1102 844 αὐτῷ
1133 773 1324 844 ἐκείνῳ
1348 773 1749 844 δεδηλώκαμεν,
1790 775 1886 844 τὴν
1916 775 2025 827 ἀπὸ

437 865 546 919 τῶν
581 865 1074 935 Παραλειπομένων
1111 865 1348 936 ἱστορίαν
1383 865 1747 938 παραθέμενοι
1769 883 1782 895 ο
1835 867 1900 918 δι’
1955 862 2023 937 ἧς

440 957 711 1010 ἐδείκνυτο
741 951 821 1020 εἷς
843 957 948 1010 τῶν
978 956 1381 1026 ἐκλελεγμένων
1403 959 1481 1020 είς
1502 957 1562 1010 τὸ
1591 959 1757 1011 αίνεῖν
1781 959 1868 1011 τὸν
1891 958 2022 1010 Θεὸν

441 1048 702 1118 γεγονώς.
750 1048 1062 1120 Γέγραπται
1109 1049 1269 1117 γοῦν·
1313 1067 1332 1099 ι
1380 1049 1490 1102 Καὶ
1541 1049 1859 1103 κατέλειπον
1907 1049 2024 1102 ἐκεῖ

435 1141 679 1194 ἐναντίον
695 1141 792 1210 τῆς
811 1139 1041 1194 κιϐωτοῦ
1069 1141 1168 1210 τῆς
1190 1139 1465 1213 Διαθήκης
1491 1143 1698 1214 Κυρίου
1724 1143 1816 1196 τὸν
1848 1144 1902 1195 Ἀ
1913 1142 2020 1212 σὰφ

439 1235 530 1287 καὶ
558 1235 682 1296 τοὺς
703 1232 961 1301 ἀδελφοὺς
986 1232 1150 1287 αὐτοῦ
1171 1234 1517 1305 λειτουργοὺς
1547 1234 1784 1288 ἐναντίον
1805 1235 1902 1305 τῆς
1933 1253 2019 1287 κι-

433 1323 633 1376 ϐωτοῦ.
662 1343 680 1373 ι
700 1324 810 1376 Καὶ
840 1321 966 1391 ἐξῆς
997 1323 1231 1394 εἴρηται*
1264 1342 1282 1374 ι
1310 1324 1487 1394 Αῐμὰν
1513 1325 1608 1377 καὶ
1649 1325 1904 1395 Ἱδιθοὺμ,
1927 1326 2020 1378 καὶ

437 1415 487 1467 οἱ
513 1414 688 1467 λοιποὶ
708 1414 1020 1483 ἐκλεγέντες
1047 1417 1132 1468 ἐπ’
1158 1415 1421 1487 ὀνόματος
1454 1416 1550 1470 τοῦ
1577 1419 1746 1471 αίνεῖν
1779 1417 1872 1470 cev
1903 1417 2017 1470 Κύ-

436 1525 590 1580 ριον,
641 1508 723 1560 ὃτι
772 1509 852 1570 εἰς
893 1507 1066 1562 αἰῶνα
1098 1507 1161 1560 τὸ
1212 1508 1359 1572 ἔλεος
1386 1508 1550 1562 αὑτοῦ
1572 1526 1584 1538 ·
1631 1529 1650 1560 ι
1695 1510 1790 1563 καὶ
1818 1511 1977 1562 πάλιν
2003 1528 2015 1540 ι

440 1620 462 1651 ε
503 1600 638 1653 Μετ’
660 1599 839 1652 αὐτῶν
867 1600 1046 1671 Λίμὰν
1080 1600 1172 1653 καὶ
1211 1601 1466 1673 Ἰδιθοὺμ,
1498 1602 1797 1671 σάλπιγγες
1833 1620 1891 1655 τε
1923 1604 2018 1656 καὶ

435 1690 689 1760 κύμϐαλα
723 1689 816 1743 τοῦ
851 1691 1149 1758 ἀναφωνεῖν
1173 1730 1187 1754 ,
1214 1692 1307 1744 καὶ
1339 1690 1545 1761 ὄργανα
1586 1691 1694 1744 τῶν
1739 1692 1891 1762 ᾠδῶν
1924 1692 2017 1746 τοῦ

434 1785 592 1848 Θεοῦ,
629 1764 743 1837 υἱοὶ.
771 1782 1005 1854 ’ἰδιθοῦμ
1033 1785 1111 1847 είς
1129 1784 1227 1856 τὴν
1257 1782 1432 1854 πύλην
1450 1799 1463 1812 ·
1493 1802 1511 1834 ι
1544 1785 1637 1836 καὶ
1654 1780 1808 1847 αὖθις
1829 1802 1842 1816 ο
1864 1805 1884 1835 ι
1908 1785 2018 1838 Καὶ

431 1874 662 1945 ἔστησεν
681 1875 710 1927 6
740 1872 992 1943 βασιλεὺς
1021 1873 1182 1926 Δαυῒδ
1215 1873 1310 1926 καὶ
1349 1875 1397 1926 οἱ
1428 1873 1688 1946 ἄρχοντες
1725 1876 1823 1946 τῆς
1855 1875 2014 1929 δυνά-

2129 681 2308 734 allatis
2334 678 2747 749 descripsimus.
2783 675 2888 730 Sed
2915 678 3079 732 etiam
3106 681 3231 751 quis
3262 693 3407 737 esset
3436 681 3696 746 ldithum,

2121 771 2234 840 jam
2275 772 2463 827 eodem
2497 772 2551 826 in
2583 774 2793 843 psalmo
2819 772 3242 840 declaravimus,
3266 775 3428 828 allata
3463 777 3529 830 ad
3559 777 3700 832 hanc

2126 879 2238 917 rem
2291 861 2747 933 Paralipomenon
2802 863 3076 930 historia;
3135 879 3242 933 qua
3293 864 3701 920 demonstratur

2125 968 2248 1006 eum
2282 968 2312 1007 e
2343 969 2573 1007 numero
2602 952 2934 1007 delectorum
2973 953 3040 1006 ad
3069 952 3237 1009 Deum
3268 955 3520 1011 laudibus
3556 959 3691 1012 cele-

2126 1042 2397 1097 brandum
2434 1042 2626 1098 fuisse.
2682 1043 2959 1112 Scriptum
3003 1044 3186 1113 itaque
3217 1053 3344 1099 est:
3401 1065 3418 1096 ι
3459 1045 3524 1098 Ει
3571 1048 3693 1102 reli-

2123 1142 2361 1202 querunt
2399 1133 2472 1189 ibi
2503 1149 2686 1188 coram
2719 1149 2845 1189 arca
2894 1133 3232 1189 Testamenti
3265 1135 3473 1190 Domini
3515 1137 3699 1208 Asaph

2122 1233 2176 1279 et
2195 1224 2391 1281 fratres
2410 1227 2550 1295 ejus,
2568 1237 2624 1281 ut
2642 1227 3022 1282 ministrarent
3040 1228 3095 1281 in
3114 1241 3408 1298 conspectu
3430 1232 3648 1298 arcae“;
3672 1250 3692 1283 ι

2122 1333 2186 1372 ac
2219 1318 2477 1387 deinceps
2503 1317 2705 1372 dicitur
2734 1311 2754 1372 ε’
2777 1337 2796 1369 ε
2837 1317 3035 1374 Ᾰῖηιιιη
3059 1327 3117 1374 et
3150 1318 3382 1375 ldithum
3411 1330 3464 1377 et
3501 1324 3698 1394 reliqui

2121 1425 2187 1464 ex
2232 1409 2452 1464 nomine
2478 1409 2634 1463 electi
2685 1408 2754 1463 ad
2787 1410 3117 1465 laudandum
3172 1408 3506 1465 Dominum:
3563 1429 3700 1482 quo-

2121 1502 2266 1554 niam
2301 1502 2353 1555 in
2383 1511 2646 1557 aeternum
2681 1501 3060 1558 misericordia
3092 1501 3213 1570 ejus
3233 1501 3278 1532 “
3298 1519 3343 1569 ;ο
3367 1517 3429 1556 ac
3447 1520 3695 1558 rursum:

2127 1612 2145 1643 ε
2184 1593 2320 1648 Cum
2353 1595 2488 1664 ipsis
2515 1594 2714 1650 Eman
2737 1603 2790 1649 et
2814 1593 3067 1656 ldithum,
3105 1593 3247 1648 tubae
3273 1604 3324 1648 et
3353 1595 3598 1664 cymbala
3630 1597 3698 1650 ad

2121 1685 2472 1755 pulsandum,
2520 1694 2573 1741 et
2608 1687 2968 1740 instrumenta
3020 1684 3362 1738 canticorum
3421 1684 3556 1740 Dei:
3601 1687 3698 1740 filii

2121 1774 2353 1830 ldithum
2398 1777 2452 1830 in
2496 1785 2650 1846 porta
2675 1777 2757 1842 ⁶⁸;
2789 1796 2807 1827 ι
2839 1791 2900 1828 ac
2938 1775 3176 1830 iterum:
3217 1794 3237 1826 ‹
3276 1775 3341 1829 Et
3365 1777 3554 1831 statuit
3604 1793 3700 1834 rex

2124 1867 2289 1921 David
2332 1876 2389 1923 et
2434 1868 2710 1938 principes
2761 1868 3036 1922 exercitus
3083 1870 3151 1922 ad
3207 1869 3514 1923 ministeria
3559 1868 3701 1926 ﬁlios

439 1984 583 2038 μεως
614 1968 692 2030 είς
726 1965 791 2018 τὰ
818 1965 956 2038 ἔργα
976 1966 1103 2028 τοὺς
1135 1967 1283 2027 υίοὺς
1336 1966 1508 2035 Ἀσὰφ
1555 1967 1650 2019 καὶ
1682 1967 1881 2037 Αἱμαν,
1926 1966 2018 2019 καὶ

2122 1960 2300 2028 Asaph
2334 1967 2388 2014 et
2431 1959 2630 2013 Eman
2667 1968 2722 2014 et
2757 1958 3017 2022 ldithum,
3070 1961 3437 2015 vociferantes
3487 1961 3698 2033 Cinyra,

360 2102 370 2108 .
447 2057 702 2128 Ἰδιθοὺμ,
730 2059 858 2120 τοὺς
890 2055 1406 2126 ἀποφθεγγομένους
1457 2058 1516 2108 ἐν
1555 2056 1753 2127 κινύρᾳ
1817 2057 1910 2109 καὶ¹
1964 2058 2021 2108 ἐν

433 2149 660 2212 νάϐλαις
707 2150 803 2202 καὶ
849 2150 907 2203 ἐν
962 2150 1287 2218 τυμπάνοις.
1332 2167 1349 2198 ι
1411 2148 1556 2200 Ἀντὶ
1583 2148 1640 2200 δὲ
1666 2147 1794 2212 τοῦ,
1847 2166 1866 2196 ι
1897 2149 2024 2210 τοὺς

433 2241 971 2311 ἀποφθεγγομένους,
1007 2259 1024 2291 ι
1067 2241 1095 2291 ὁ
1137 2241 1234 2310 μὲν
1280 2239 1548 2304 Ἀκύλας,
1591 2259 1609 2290 ‹
1655 2240 1763 2292 τῶν
1807 2257 2014 2311 προφη-

432 2332 564 2395 τῶν,
608 2353 626 2383 ι
663 2335 692 2386 6
735 2333 793 2386 δὲ
823 2332 1114 2402 Σύμμαχος
1143 2372 1156 2395 ,
1182 2351 1199 2381 ι
1243 2331 1349 2384 τῶν
1391 2330 1886 2402 προφητευσάντων
1926 2330 2015 2383 διὰ

432 2423 622 2496 λύρας,
646 2444 663 2474 ι
695 2422 972 2488 ἐξέδωκεν⁸
995 2422 1134 2475 ὥστε
1163 2423 1448 2493 προφήτας
1471 2421 1576 2494 χρὴ
1592 2420 1832 2492 νομίζειν
1856 2439 2016 2490 γεγο-

432 2517 580 2572 νέναι
605 2517 730 2579 τοὺς
743 2514 1120 2586 δηλουμένους.
1140 2515 1249 2567 Καὶ
1271 2510 1425 2579 αὖθις
1441 2515 1569 2584 ἑξῆς
1590 2514 1802 2586 εἴρηται
1818 2514 1894 2584 τῷ
1911 2515 2021 2567 ’Ῑδιι

436 2607 597 2676 θούμο
621 2624 640 2656 ι
663 2605 781 2659 Υἱοὶ
809 2605 1061 2674 Ἰδιθοὺμ,
1090 2603 1367 2668 Γοδολείας
1392 2605 1485 2658 καὶ
1503 2605 1693 2675 Σουρεὶ
1711 2604 2017 2669 καὶΑίείας,

434 2698 530 2751 καὶ
552 2697 790 2759 Σεδείας,
809 2695 904 2749 καὶ
919 2694 1168 2759 Ματθίας
1189 2735 1204 2758 ,
1232 2694 1294 2760 ἐξ
1331 2694 1467 2766 μετὰ
1493 2699 1584 2749 τὸν
1607 2696 1821 2767 πατέρα
1844 2697 2021 2750 αὐτῶν

448 2787 683 2858 Ἰδιθοὺμ
715 2789 772 2841 ἐν
801 2786 1048 2857 κινύραις
1077 2786 1520 2857 ἀνακρουόμενοι.
1558 2805 1576 2838 ι
1628 2787 1772 2840 Ἀντὶ
1814 2787 1871 2839 δὲ
1901 2787 2017 2851 τοῦ,

441 2896 463 2930 σ
500 2882 559 2933 ἐν
597 2879 847 2952 κινύραις
879 2880 1340 2951 ἀνακρουόμενοι,
1382 2899 1399 2929 ι
1459 2879 1622 2933 πάλιν
1674 2883 1703 2933 6
1755 2879 2018 2944 Ἀκύλας,

437 2991 462 3022 ‹
492 2971 692 3043 κιθάρᾳ
726 2971 1081 3042 προφητεύων
1107 2988 1119 3000 ·
1152 2991 1170 3022 ι
1211 2973 1239 3024 ὁ
1271 2971 1327 3024 δὲ
1361 2970 1675 3042 Σύμμαχος,
1705 2990 1724 3021 ‹
1746 2969 1835 3023 διὰ
1853 2970 2020 3042 λύρας

433 3063 530 3116 τοῦ
554 3062 1012 3134 προφητεύοντος,
1058 3083 1074 3114 9
1108 3057 1388 3130 ἐξέδωκεν.
1441 3063 1650 3116 Οὐκοῦν
1697 3063 1790 3116 καὶ
1821 3065 1849 3116 6
1900 3064 2019 3117 Ἰδι-

429 3153 579 3225 ﬂebit
606 3149 686 3217 εἷς
713 3150 782 3225 ἦν
804 3154 911 3208 τῶν
945 3154 1395 3226 προφητευόντων
1425 3154 1514 3207 διὰ
1543 3154 1714 3226 λύρας
1737 3170 1752 3184 ⁸
1805 3154 1884 3208 διὸ
1926 3155 2020 3208 καὶ

430 3245 660 3308 εἰκότως
706 3245 850 3299 εἴποι
879 3245 944 3299 ἄν
976 3262 1078 3308 τις,
1125 3245 1375 3298 ἐντεῦθεν
1419 3245 1774 3316 ὁρμώμενος,
1815 3246 1887 3317 μὴ
1927 3246 2017 3300 τὸν

431 3337 598 3392 Δαυῒδ
631 3337 886 3402 συντάξαι
924 3337 1015 3390 τὸν
1038 3337 1272 3408 ψαλμὸν,
1309 3338 1404 3391 καὶ
1428 3337 1720 3392 δεδωκέναι
1769 3338 1848 3409 τῷ
1893 3338 2013 3392 ἰδι-

433 3426 595 3500 θοὺμ,
633 3429 767 3501 μηδὲ
792 3430 884 3482 τὸν
937 3429 1170 3500 Ἰδιθοὺμ
1198 3430 1655 3484 ὑποπεπτωκέναι
1699 3429 1778 3501 τῷ
1821 3447 2013 3502 πειρα-

432 3521 580 3593 σμῷ,
613 3523 707 3575 καὶ
740 3520 1033 3594 θεραπείας
1065 3523 1343 3594 δεδεῆσθαι
1367 3523 1466 3593 τῆς
1505 3523 1654 3597 παρὰ
1689 3523 1782 3577 τοῦ
1830 3523 2010 3577 Δαυῖδ.

433 3611 586 3682 Μηδὲ
606 3610 714 3684 γὰρ
741 3612 837 3682 τὴν
864 3613 1086 3683 Γραφὴν
1113 3612 1357 3665 ὑπαίτιὸν
1391 3628 1496 3665 που
1524 3613 1616 3666 τὸν
1644 3612 1876 3683 Ίδιθοὺμ
1904 3613 2016 3665 είσ-

434 3704 590 3770 άγειν
614 3719 628 3733 ·
681 3701 795 3754 ἀλλ’
843 3701 1078 3772 ἔμπαλιν
1123 3701 1321 3772 μᾶλλον
1386 3701 1478 3755 τὸν
1529 3701 1693 3755 Δαυῒδ
1725 3699 2016 3775 πειρασμῷ

431 3793 915 3866 περιπεπτωκέναι
941 3795 1234 3848 διδάσκειν.
1278 3794 1368 3848 Διὸ
1415 3796 1510 3849 καὶ
1553 3795 1724 3865 φῆσαι
1761 3795 1827 3849 ἂν
1876 3796 2018 3849 εἰκό-

430 3901 561 3950 τως,
591 3886 874 3958 προφήτην
897 3883 1024 3938 ὄντα
1062 3885 1153 3938 τὸν
1195 3885 1451 3956 Ἰδτθοὺμ,
1499 3887 1624 3950 τοὺς
1663 3886 1722 3938 ἐν
1778 3887 2017 3956 ἀμφοτέ-

435 3993 550 4048 ροις
594 3979 706 4040 τοῖς
743 3976 1134 4048 προδηλωθεῖσι
1171 3977 1406 4049 ψαλμοῖς
1462 3977 1656 4047 λόγους
1710 3977 2012 4043 συντάξαι,

430 4065 527 4120 καὶ
570 4063 650 4134 τῷ
697 4063 858 4117 Δαυῖδ
889 4065 1347 4137 παραδεδωκέναι,
1394 4067 1469 4132 ὡς
1503 4066 1570 4122 ἂν
1615 4067 1876 4137 ὠφελοῖτο
1922 4069 2016 4121 καὶ

433 4154 788 4226 θεραπεύοιτο
821 4155 881 4221 ἐξ
910 4156 1088 4210 αὐτῶν
1135 4159 1228 4211 ἐπὶ
1273 4161 1388 4224 τοῖς
1430 4159 1579 4230 αὐτῷ
1619 4159 2012 4232 συμϐεϐηκόσι.

429 4249 592 4302 Δοκεῖ
622 4247 678 4300 δέ
712 4265 827 4312 πως
852 4248 1024 4321 ταύτῃ
1066 4253 1132 4322 τῇ
1160 4251 1369 4322 διανοίᾳ
1423 4250 1825 4322 συμϐάλλεσθαι
1865 4252 1958 4304 καὶ
1985 4251 2015 4303 6

432 4339 746 4414 Σύμμαχος,
795 4345 894 4414 τὴν
936 4342 1260 4414 προγραφὴν
1299 4341 1486 4397 τοῦτον
1537 4343 1879 4416 ἑρμηνεύσας
1923 4344 2016 4399 τὸν

431 4429 664 4500 τρόπον·
705 4449 725 4482 ι
771 4432 1064 4494 Ἐπινίκιος
1100 4432 1188 4485 διὰ
1236 4430 1468 4503 Ἰδιθοὺμ
1494 4432 1604 4504 ᾠδὴ
1634 4435 1714 4497 είς
1764 4434 1949 4488 Δαυῖδ.
1990 4451 2010 4486 ι

432 4522 546 4575 Καὶ
582 4524 792 4593 μήποτε
822 4523 959 4594 μετὰ
984 4524 1046 4576 τὸ
1070 4525 1295 4596 σφάλμα
1315 4527 1376 4578 τὸ
1416 4525 1726 4598 ἐπισυμϐὰν
1753 4526 1829 4596 τῷ
1854 4524 2018 4579 Δαυῖδ

432 4613 526 4665 ἐπὶ
545 4616 610 4684 τῇ
636 4613 730 4666 τοῦ
753 4615 948 4686 Οὐρίου
976 4617 1215 4684 γυναικὶ,
1246 4617 1441 4688 μηκέτι
1463 4619 1576 4671 οῖου
1599 4635 1659 4672 τε
1685 4617 1852 4672 αὑτοῦ
1878 4617 2020 4671 κατὰ
2052 4645 2096 4699 D

432 4703 496 4757 τὸ
521 4705 747 4759 παλαιὸν
778 4708 1158 4780 προφητεύειν,
1188 4709 1397 4762 πολλῶν
1435 4710 1491 4763 δὲ
1531 4710 1853 4782 πειρασμῶν
1883 4711 2021 4764 ἐπα-

433 4796 774 4866 νισταμένων
809 4797 958 4868 αὐτῷ
982 4798 1072 4852 καὶ
1102 4799 1396 4872 συμφορῶν
1432 4800 1748 4872 ἐπαλλήλων
1769 4841 1784 4865 ,
1831 4803 1860 4854 6
1906 4802 2022 4855 Ἰδι-

2123 2053 2303 2108 nablis
2331 2059 2385 2107 et
2426 2053 2694 2124 cymbalis
2717 2054 2783 2106 ⁸⁸.
2829 2073 2848 2104 ι
2884 2052 2992 2106 Pro
3041 2053 3136 2106 illo
3173 2061 3375 2114 autem,
3415 2071 3432 2103 ι
3489 2053 3698 2110 vocife-

2123 2154 2336 2210 rantes,
2375 2164 2394 2196 ι
2434 2145 2652 2215 Aquila,
2689 2163 2709 2196 ι
2749 2147 3064 2216 prophetas.
3103 2163 3122 2197 ι
3159 2143 3517 2216 Symmachus
3545 2160 3696 2212 vero,

2128 2255 2146 2287 ι
2191 2237 2579 2307 prophetautes
2609 2237 2748 2308 lyra,
2787 2256 2806 2288 ι
2844 2237 3175 2303 ediderunt;
3213 2239 3284 2290 ita
3311 2244 3368 2291 ut
3412 2239 3698 2294 memorati

2121 2329 2225 2383 viri
2278 2331 2554 2400 propheta
2593 2329 2884 2400 reputandi
2939 2331 3066 2384 sint.
3123 2327 3473 2400 Rursumque
3525 2329 3699 2386 fertur

2124 2419 2189 2473 de
2224 2417 2460 2473 ldithum
2494 2438 2506 2473 :
2536 2439 2553 2471 ι
2582 2419 2705 2474 Filii
2738 2418 2995 2482 ldithum,
3026 2420 3306 2484 Godolias,
3348 2420 3499 2484 Suri.
3527 2421 3696 2479 jEeas

2125 2502 2329 2563 Sédeas
2360 2519 2414 2564 et
2437 2509 2710 2572 lllatthias,
2749 2526 2841 2565 sex
2867 2517 2990 2580 post
3017 2517 3225 2580 patrem
3257 2528 3415 2566 suum
3441 2514 3695 2580 ldithum,

2121 2599 2326 2670 cinyris
2357 2609 2776 2671 concrepantes.
2829 2619 2847 2652 ι
2881 2598 2986 2654 Pro
3038 2600 3132 2657 illo
3175 2610 3376 2669 autem,
3424 2621 3443 2653 ι
3493 2603 3699 2675 cinyris

2122 2701 2540 2764 concrepantes,
2582 2713 2600 2744 ι
2640 2693 2836 2762 Aquila
2867 2709 3109 2760 rursum,
3143 2713 3161 2744 ‹
3208 2695 3416 2748 cithara
3463 2697 3698 2766 prophe-

2120 2790 2282 2848 taus;
2341 2803 2359 2836 ι
2415 2783 2776 2855 Symmachus
2828 2799 2976 2848 vero,
3019 2803 3037 2835 ι
3091 2785 3205 2856 lyra
3238 2787 3634 2857 prophetantis,
3673 2807 3691 2840 ι

2120 2873 2313 2928 edidit.
2343 2871 2577 2928 ldithum
2624 2889 2756 2944 ergo
2785 2890 2816 2930 e
2845 2891 3074 2930 numero
3110 2877 3548 2945 prephetantium
3583 2879 3698 2950 lyra

2121 2964 2263 3033 fuit;
2317 2968 2673 3038 quamobrem
2726 2968 2850 3038 jure
2901 2969 3063 3038 quis,
3123 2969 3250 3024 hinc
3315 2981 3695 3039 argumentum

2121 3067 2427 3123 mutuatus,
2464 3058 2684 3122 dixerit,
2715 3058 2973 3115 Davidem
3010 3076 3111 3115 nec
3143 3063 3518 3132 composuisse.
3548 3064 3697 3134 psal-

2120 3165 2291 3213 mum,
2324 3165 2426 3206 nec
2455 3151 2560 3221 ipsi
2601 3151 2836 3205 ldithum
2870 3152 3204 3207 tradidisse:
3242 3169 3420 3224 neque
3461 3153 3696 3209 ldithum

2121 3243 2176 3296 in
2208 3243 2562 3298 ten-tationem
2597 3243 2902 3314 delapsum,
2935 3254 2995 3299 ut
3027 3247 3290 3302 medelam
3324 3261 3355 3300 a
3377 3246 3579 3300 Davide
3608 3262 3698 3300 ac-

2120 3334 2327 3404 ciperet
2401 3349 2541 3404 opus
2606 3335 2888 3391 habuisse.
2944 3335 3130 3408 Neque
3193 3340 3338 3393 enim
3409 3337 3696 3409 Scriptura

2122 3425 2334 3494 uspiam
2377 3425 2554 3495 ipsum
2590 3424 2828 3480 ldithum
2865 3441 3018 3481 reum
3073 3427 3319 3496 inducit;
3372 3429 3482 3482 imo
3516 3431 3697 3499 potius

2122 3515 2378 3571 Davidem
2432 3516 2488 3570 in
2518 3521 2875 3574 tentationem
2914 3521 3125 3590 lapsum
3157 3536 3279 3576 esse
3306 3520 3484 3576 docet.
3517 3521 3698 3588 Quare

2122 3618 2489 3680 congruenter
2518 3612 2756 3673 dicatur,
2791 3613 2968 3682 ipsum
3022 3611 3282 3675 ldithum,
3333 3619 3519 3683 utpote
3566 3631 3696 3684 pro-

2120 3700 2360 3770 phetam,
2392 3711 2725 3758 memoratos
2763 3703 2903 3758 duos
2936 3704 3177 3774 psalmos
3209 3705 3604 3774 composuisse,
3643 3715 3697 3760 et

2121 3788 2310 3845 Davidi
2337 3791 2653 3855 tradidisse,
2688 3802 2745 3848 ut
2775 3810 2840 3849 ex
2868 3794 2940 3850 iis
2972 3797 3259 3863 utilitatem
3301 3811 3362 3849 ac
3393 3797 3694 3851 remedium

2123 3882 2180 3937 in
2215 3883 2593 3939 accidentibus
2625 3885 2783 3941 malis
2817 3887 3142 3956 perciperet.
3178 3885 3312 3940 lluic
3357 3902 3520 3957 porro
3573 3903 3698 3943 sen-

2120 3974 2306 4028 tentiae
2343 3974 2594 4029 conferre
2640 3974 3002 4047 Symmachus
3056 3977 3293 4040 videtur,
3346 3979 3438 4049 qui
3479 3980 3694 4034 titulum

2121 4067 2223 4120 hac
2251 4067 2463 4122 ratione
2506 4068 2896 4139 interpretatus
2943 4078 3068 4125 est:
3129 4089 3149 4121 ι
3211 4069 3567 4142 Triumphale
3601 4087 3699 4143 per

2121 4155 2382 4220 ldithum,
2427 4161 2702 4214 canticum
2757 4163 2810 4214 in
2851 4160 3129 4215 Davidem.
3172 4181 3192 4214 ι
3223 4161 3362 4217 Num
3408 4165 3546 4217 forte
3576 4170 3698 4232 post

2121 4250 2586 4322 lapsumtDavidis
2615 4268 2742 4324 erga
2791 4251 2934 4308 Uria:
2981 4270 3230 4318 uxorem,
3279 4271 3402 4309 cum
3453 4254 3694 4310 nondum

2122 4350 2310 4411 posset
2338 4343 2578 4413 pristino
2609 4360 2762 4399 more
2811 4345 3161 4415 prophetare,
3198 4347 3490 4417 multaeque
3521 4354 3698 4400 tenta-

2123 4434 2324 4497 tiones,
2344 4435 2794 4505 calamitatesque
2810 4435 3124 4505 frequentes
3145 4435 3434 4499 instarent,
3463 4433 3697 4489 ldithum

2124 4525 2332 4596 Spiritu
2379 4535 2575 4581 sancto
2609 4527 2820 4580 amatus
2853 4527 2952 4581 hos
2992 4527 3060 4580 ab
3110 4541 3170 4581 se
3199 4528 3532 4596 compositos
3582 4543 3698 4581 ser-

2124 4633 2337 4680 mones,
2365 4617 2522 4688 quasi
2562 4618 2803 4672 remedia
2849 4617 2916 4670 ad
2951 4616 3216 4672 medelam
3255 4618 3449 4670 anima:
3483 4623 3694 4686 parata.

2124 4710 2226 4779 ipsi
2251 4711 2499 4770 tradidit,
2530 4717 2590 4763 ut
2618 4725 2809 4763 eorum
2834 4709 3084 4763 doctrina
3115 4706 3700 4776 solatium’aeeiperct?

2122 4798 2269 4856 Sane
2295 4817 2417 4854 cum
2449 4801 2515 4855 ad
2547 4816 2789 4872 praesens
2816 4809 3194 4868 argumentum
3227 4797 3364 4852 duas
3395 4795 3698 4851 sententias

435 4883 596 4956 θοὺμ,
650 4887 929 4959 Πνεύματι
973 4888 1111 4960 ἁγίῳ
1143 4889 1407 4954 συντάξας
1447 4891 1577 4956 τοὺς
1620 4893 2015 4964 προκειμένους

2122 4894 2423 4964 legentibus
2457 4893 2802 4947 attulerimus
2830 4929 2845 4956 ,
2884 4898 3063 4945 utram
3097 4891 3267 4944 velint
3295 4889 3570 4958 amplectl,
3602 4902 3699 4957 per

432 4974 647 5044 λόγους,
691 4977 878 5051 ὥσπερ
930 4981 1052 5034 τινὰ
1087 4982 1355 5052 φάρμακα
1415 4982 1595 5054 ψυχῆς
1645 4983 2018 5056 θεραπευτικὰ

2119 5000 2221 5038 nos
2258 4984 2462 5036 licebit.

437 5069 742 5125 ἐπιδίδωσιν
789 5072 968 5143 αὐτῷ,
997 5074 1076 5136 είς
1105 5075 1166 5128 τὸ
1197 5075 1638 5147 παραμυθεῖσθαι
1692 5078 1757 5131 ἐκ
1801 5077 1900 5147 τῆς
1951 5079 2010 5130 ἐν
2047 5078 2230 5140 αὐτοῖς
2265 5075 2651 5140 διδασκαλίας;
2690 5076 2801 5128 Καὶ
2841 5073 2905 5146 δὴ
2946 5073 3097 5127 δυσὶν
3157 5071 3406 5140 ἐκδοχαῖς
3473 5067 3699 5122 ἐπιϐάλ-

436 5159 619 5226 λοντες
654 5167 734 5228 είς
761 5166 828 5220 τὰ
854 5167 1188 5240 προκείμενα
1233 5171 1346 5233 τοῖς
1395 5171 1778 5242 ἐντυγχάνουσι
1796 5212 1811 5236 ,
1857 5171 2090 5244 θατέρας
2111 5171 2289 5227 αὐτῶν
2313 5171 2412 5241 τὴν
2445 5172 2656 5242 αἵρεσιν
2683 5170 3102 5240 καταλείψομεν.

515 5297 534 5332 ‹
549 5279 690 5343 Ἕως
716 5280 844 5333 πότε
863 5282 1166 5337 ἐπιτίθεσθε
1186 5286 1271 5338 ἐπ’
1291 5285 1597 5357 ἄνθρωπον,
1616 5287 1867 5356 φονεύετε
1885 5287 2020 5341 πάν-

433 5384 527 5430 τες
547 5370 704 5439 ὑμεῖς
728 5387 742 5434 ;
765 5371 839 5434 ὠς
853 5372 1018 5443 τοίχῳ
1037 5376 1338 5447 κεκλιμένῳ
1356 5376 1451 5429 καὶ
1472 5376 1712 5448 φραγμῷ
1732 5377 1980 5448 ὠσμένῳ.
1996 5397 2014 5428 ι

450 5459 732 5530 Ἐμφαίνει
753 5461 842 5516 διὰ
873 5465 1074 5517 τούτων
1106 5466 1178 5537 μὴ
1208 5467 1306 5522 ἕνα
1345 5469 1504 5539 μόνον
1545 5469 1848 5539 πειρασμὸν
1889 5470 2020 5522 ὑπο-

440 5553 804 5622 μεμενηκέναι
832 5557 860 5609 ὁ
891 5556 1074 5621 Δαυῒδ,
1104 5559 1226 5630 μηδ’
1259 5559 1449 5631 ῶσπερ
1477 5561 1603 5630 μίαν
1630 5559 1846 5632 πληγὴν
1881 5560 2021 5632 εἱλη-

437 5641 595 5712 φέναι
634 5645 740 5699 ὑπὸ
763 5645 871 5699 τῶν
897 5648 1234 5705 ἀντιπάλωνο
1270 5651 1422 5715 ὡςδὲ
1457 5652 1549 5704 ἐπὶ
1595 5651 1792 5722 μακρῷ
1842 5651 2018 5721 χρόνῳ

437 5737 794 5808 τυπτόμενος,
833 5740 927 5792 καὶ
953 5742 1235 5814 καρτερῶς
1275 5743 1560 5813 ὑπομένων
1607 5744 1705 5806 τὰς
1751 5744 2022 5814 ἐπαγομέ-

512 5894 559 5926 ⁶³
598 5892 616 5947 l
653 5892 835 5953 Paral.
872 5912 997 5964 xvi,
1029 5897 1118 5953 57.
1196 5897 1240 5930 “
1281 5897 1408 5952 ibid.
1445 5899 1534 5953 41.

2197 5285 2365 5341 Vnus.
2402 5287 2455 5351 4,
2488 5287 2542 5340 5.
2581 5304 2600 5337 ‹
2641 5284 2937 5354 Quousque
2964 5285 3175 5338 irruitis
3203 5283 3257 5336 in
3289 5280 3587 5343 hominem,
3618 5281 3702 5334 in-

2127 5379 2380 5434 terficitis
2421 5379 2661 5433 universi
2705 5393 2803 5431 vos
2829 5416 2844 5440 ,
2881 5385 3139 5447 tanquam
3190 5375 3384 5446 parieti
3435 5375 3702 5428 inclinan

2125 5480 2179 5526 et
2215 5472 2468 5525 maceriae
2497 5469 2755 5538 depulsae.
2810 5487 2830 5520 ι
2864 5467 2956 5522 llis
3005 5467 3247 5521 declarat
3290 5465 3456 5519 David
3493 5480 3551 5519 se
3591 5480 3698 5518 non

2126 5577 2290 5615 unam
2321 5576 2640 5632 perpessum
2696 5560 3071 5618 tentationem.
3113 5573 3291 5628 neque
3343 5572 3453 5611 uno
3500 5556 3569 5610 ab
3598 5555 3696 5610 ad-

2124 5653 2384 5707 1rersariis
2433 5653 2582 5708 velut
2610 5656 2837 5706 vulnere
2886 5649 3247 5711 confossum,
3298 5649 3390 5703 sed
3440 5647 3700 5702 diuturno

2100 5751 2369 5813 tempore
2401 5758 2724 5813 percussum
2753 5783 2768 5810 ,
2810 5757 2873 5798 ac
2921 5741 3157 5798 inﬂictas
3205 5743 3393 5811 plagas
3432 5751 3703 5817 patienter

1613 5900 1655 5930 “
1687 5899 1814 5953 ihid.
1849 5897 1936 5952 42.
2016 5900 2059 5929 ⁵⁵
2093 5899 2110 5950 1
2144 5898 2320 5950 Paral.
2362 5915 2482 5960 xxv,
2522 5897 2569 5951 Ι.
