4142 6388
449 405 540 459 Sili
1145 408 1231 464 E‘U
1242 403 1414 461 SE8“
1452 403 1935 460 (Z/ESARIENSIS
1973 405 2016 458 0

2124 454 2125 457 η
2172 407 2351 462 PARS
2386 404 2472 461 Ill.
2514 438 2581 445 —-
2620 405 3029 463 EXEGETICA.

444 524 701 579 ferentem
732 563 744 583 ,

446 632 464 665 ι
506 614 803 683 Quousque
830 615 1042 667 irruitis
1067 614 1121 668 in
1148 613 1423 667 hominem
1450 614 1473 665 ἲ
1506 631 1523 663 ι
1552 612 1686 673 sive.
1714 612 2014 667 secundum

442 706 714 775 Aquilam,
754 724 772 754 ι
810 705 1109 774 Quousque
1129 703 1551 759 insidiantini?»
1576 703 1681 766 vel,
1717 705 2015 759 secundum

441 799 852 869 Symmachum,
893 818 911 849 ι
953 797 1254 867 Quousque
1282 799 1337 851 in
1364 812 1561 850 vanum
1592 796 1957 853 laborabitis?
1984 817 2009 848 -ι

439 888 646 941 Exinde
680 888 1064 943 insidiatorum
1112 902 1349 958 arguens
1398 888 1762 957 propositum,
1800 886 2011 943 infert‘:

443 997 462 1030 ι
520 980 836 1036 lnterﬁcitis
878 981 1122 1038 universi
1179 997 1297 1037 vos.
1362 1000 1380 1034 ι
1437 981 1753 1047 Homicida},
1816 981 2014 1052 inquit,

437 1074 572 1127 estis
605 1092 617 1128 :
658 1090 834 1145 neque
870 1082 1062 1129 contra
1092 1074 1351 1128 athletam
1387 1075 1543 1145 quasi
1583 1074 1882 1130 adversarii
1905 1084 2017 1129 sta-

439 1166 635 1219 tariam
683 1182 921 1237 pugnam
991 1167 1060 1219 ad
1118 1167 1565 1222 exercitationem
1636 1164 2012 1230 committitis;

439 1257 532 1310 sed
575 1260 861 1314 occidendi
895 1259 1079 1314 studio
1113 1258 1168 1313 in
1214 1275 1300 1313 me
1348 1259 1581 1321 irruitis,
1616 1266 1671 1314 et
1702 1264 1761 1312 ut
1813 1256 2018 1313 auxilio

440 1366 695 1417 vacuum,
740 1359 801 1403 ut
836 1366 1052 1403 murum
1099 1349 1211 1419 jam
1258 1349 1577 1403 inclinatum
1622 1356 1679 1404 et
1728 1348 2017 1403 maceriem

438 1446 747 1515 depulsam,
778 1444 1157 1515 aggredimini.
1183 1443 1318 1497 Nam
1352 1446 1510 1513 quasi
1534 1442 1753 1498 nemine
1780 1442 2019 1497 circum-

437 1539 677 1591 vallante
705 1548 797 1590 aut
844 1537 1147 1602 muniente,
1200 1537 1545 1606 animamque
1574 1550 1750 1590 meam
1782 1541 2015 1599 tutante,

438 1632 513 1685 ita
550 1632 782 1685 irruitis.
819 1632 1121 1701 Quousque
1153 1630 1319 1701 igitur
1345 1630 1462 1685 haec
1483 1629 1685 1684 frustra
1714 1628 2017 1692 tentabitis,

438 1739 617 1793 neque
642 1724 956 1785 cessabitis,
992 1725 1243 1778 scientes
1261 1722 1539 1777 invenisse
1569 1736 1658 1776 me
1681 1720 2015 1790 praesidium,

438 1814 725 1869 custodem
787 1830 850 1868 ac
912 1814 1294 1869 servatorem?
1345 1804 1525 1879 Quare
1582 1811 1810 1867 ﬁdenter
1857 1811 2015 1866 dixi:

3596 411 3704 467 592

819 524 1091 579 caedentes
1158 522 1359 577 talibus
1420 522 1581 576 dictis
1650 522 2013 591 compellare:

2124 540 2219 585 νας
2252 520 2401 592 αὐτῷ
2430 520 2663 591 πληγὰς.
2709 521 2938 589 φάσκειν
2976 523 3087 584 τοῖς
3138 521 3450 574 τύπτουσιψ
3487 539 3506 573 ι
3557 523 3702 587 Ἕως

2125 614 2257 667 πότε
2281 612 2587 666 ἐπιτίθεσθε
2615 612 2701 665 ἐπ’
2726 612 3045 683 ἄνθρωπον;
3092 632 3109 662 ι
3144 614 3175 682 ἢ
3212 615 3350 667 κατὰ
3388 613 3476 667 τὸν
3539 615 3699 668 ’Δκύ-

2122 705 2249 759 λαν·
2276 722 2294 755 ι
2327 706 2472 768 Ἕως
2508 704 2651 767 τίνος
2677 703 3092 769 ἐπιϐουλεύετες
3126 724 3143 755 ι
3188 705 3386 775 ἢκατέι
3429 706 3520 759 τὸν
3559 707 3702 778 Σύμ-

2126 813 2296 867 μαχον
2320 813 2332 826 ·
2359 797 2535 858 (Ἕως
2561 794 2704 856 τίνος
2735 795 3195 866 ματαιοπονήσετε
3218 812 3265 860 ς»
3294 792 3428 849 Εἶτα
3461 795 3556 867 τὴν
3579 814 3703 869 προ·

2124 890 2336 959 αἰρεσιν
2373 886 2479 941 τῶν
2508 884 2964 939 ἐπιϐουλευόντων
3012 885 3160 957 αύτῷ
3200 886 3489 957 διελέγχων
3528 888 3660 957 φησί
3684 901 3699 915 ⁸

2128 998 2147 1030 ι
2180 978 2436 1032 Φονεύετε
2470 976 2671 1039 πάντες
2694 977 2872 1046 ὑμεῖς.
2907 995 2926 1028 ι
2956 978 3214 1031 Φονευταὶ
3234 978 3342 1050 γάρ
3363 981 3507 1043 ἐστε,
3547 978 3698 1047 φησί·

2126 1072 2219 1125 καὶ
2250 1072 2347 1143 οὐχ
2380 1070 2570 1145 ὥσπερ
2591 1073 2988 1142 ἀνταγωνισταὶ
3017 1071 3150 1141 πρὸς
3174 1070 3408 1142 ἀθλητὴν
3428 1072 3702 1142 ἱστάμενοι

2128 1163 2288 1235 μέχρι
2320 1164 2622 1235 γυμνασίου
2653 1164 2921 1219 ποιεῖσθαι
2937 1165 3037 1237 τὴν
3062 1163 3293 1235 ἅμιλλαν
3312 1180 3327 1193 ·
3350 1162 3485 1216 ἀλλὰ
3508 1164 3699 1234 φονικῇ

2125 1257 2447 1327 προαιρέσει
2476 1256 2781 1310 ἐπιτίθεσθέ
2810 1275 2919 1327 μοι,
2952 1256 3045 1309 καὶ
3080 1254 3387 1308 ἐπιτίθεσθε
3415 1254 3490 1317 ὡς
3534 1254 3701 1326 ἀϐοη-

2125 1347 2290 1418 θήτῳ,
2328 1347 2421 1399 καὶ
2445 1346 2522 1409 ὡς
2555 1347 2652 1418 ἤδη
2686 1348 2992 1419 κεκλιμένῳ
3020 1346 3182 1418 τοίχῳ
3210 1346 3304 1399 καὶ
3361 1344 3600 1418 φραγμῷ
3630 1345 3703 1397 ὼ-

2126 1437 2328 1509 σμένῳ.
2371 1438 2458 1502 Ὠς
2480 1438 2589 1509 γὰρ
2617 1439 2841 1511 μηδενὸς
2864 1438 3324 1511 περιφράττοντος
3371 1438 3505 1509 μηδὲ
3544 1455 3699 1508 περι-

2125 1531 2450 1603 τειχίζοντος
2472 1532 2568 1585 καὶ
2598 1530 2695 1602 τὴν
2728 1530 2866 1602 ἐμὴν
2888 1528 3255 1603 φρουροῦντος
3287 1528 3497 1600 ψυχὴν,
3529 1526 3702 1590 οὕτως

2124 1622 2452 1678 ἐπιτίθεσθε.
2497 1625 2641 1687 Ἕως
2671 1619 2762 1676 οὖν
2819 1624 2949 1675 πότε
2990 1622 3163 1676 ταῦτα
3215 1621 3701 1693 ματαιοπονήσετε,

2126 1718 2220 1769 καὶ
2251 1716 2371 1787 ούχὶ
2401 1716 2675 1770 παύσεσθε
2724 1716 2930 1779 λοιπὸν,
2993 1715 3234 1784 γνόντες,
3287 1715 3369 1768 ὅτι
3402 1705 3559 1785 εὗρον
3603 1713 3705 1783 τὴν

2126 1809 2362 1879 ἐμαυτοῦ
2398 1810 2663 1881 φυλακὴν,
2692 1810 2788 1862 καὶ
2828 1808 2918 1862 τὸν
2941 1807 3180 1881 ἐμαυτοῦ
3215 1808 3452 1879 φρουρὸν
3481 1807 3576 1861 καὶ
3600 1807 3707 1859 Σω-

445 1924 463 1955 ι
502 1906 694 1959 Nonne
740 1906 850 1960 Deo
884 1906 1134 1974 subjecta
1180 1905 1287 1959 erit
1334 1905 1517 1958 anima
1567 1903 1732 1958 mea?
1775 1904 1845 1957 ab
1902 1904 2021 1980 ipso

2124 1900 2299 1971 τῆρα;
2348 1901 2438 1954 Διὸ
2467 1901 2745 1972 ἐθάρσησα
2792 1902 2958 1971 φάναι
2985 1917 2999 1929 ·
3040 1920 3058 1951 ι
3093 1901 3226 1972 Οὐχὶ
3250 1900 3329 1971 τῷ
3357 1898 3475 1971 Θεῷ
3507 1900 3706 1952 ὑποτα-

440 1999 586 2050 enim
619 1999 855 2052 salutare
887 2012 1091 2052 meum.
1122 1995 1259 2050 Nam
1294 2003 1349 2050 et
1410 1995 1527 2064 ipse
1581 1993 1727 2050 Deus
1774 2010 1930 2051 meus
1968 2003 2023 2050 et

442 2087 697 2141 Salvator
759 2102 955 2149 meus,
1014 2093 1302 2156 susceptor
1356 2101 1537 2149 meus,
1597 2101 1709 2141 non
1764 2086 2024 2141 movebor

443 2181 698 2249 amplius.
728 2178 1123 2233 Verumtamen
1167 2176 1405 2247 pretium
1435 2192 1614 2231 meum
1648 2177 2025 2249 cogitaverunt

441 2269 728 2337 repellere,
764 2277 1135 2323 cucurrerunt
1188 2266 1246 2321 in
1291 2267 1403 2328 siti,
1456 2281 1553 2322 ore
1601 2282 1703 2324 suo
1736 2268 2026 2324 benedice-

440 2360 607 2424 bant,
668 2367 722 2415 et
768 2360 935 2414 corde
991 2374 1094 2413 suo
1150 2356 1567 2413 maledicebant.
1632 2357 1959 2430 Diapsalma.
2001 2381 2019 2412 ι

441 2450 631 2504 Priora
679 2450 901 2521 quidem
934 2449 1050 2503 sive
1085 2446 1255 2503 David
1287 2447 1406 2504 sive
1452 2448 1688 2504 ldithum
1740 2465 1863 2506 sese
1891 2452 2026 2506 alle-

441 2557 621 2611 quens
654 2542 824 2608 dixit;
853 2539 1095 2596 secunda
1124 2537 1379 2594 inimicos
1403 2540 1739 2610 compellans
1764 2544 2022 2612 protulit;

443 2634 607 2689 tertia
639 2649 706 2688 ex
735 2631 1032 2705 propositis
1075 2630 1256 2685 verbis
1302 2646 1405 2685 nos
1433 2631 1665 2688 edocent
1697 2647 1807 2703 quo
1836 2634 2026 2690 consi-

442 2726 517 2779 lio
566 2724 799 2780 insidias
848 2724 953 2795 ipsi
1004 2723 1255 2794 pararint
1305 2723 1706 2792 conjuratores.
1754 2724 2025 2792 Quocirca

440 2816 617 2869 dicit:
659 2834 677 2867 ‹
720 2814 1110 2870 Verumtamen
1146 2816 1383 2886 pretium
1431 2832 1614 2872 meum
1647 2817 2028 2887 cogitaverunt

443 2908 729 2981 repellere.
790 2925 809 2957 ι
849 2906 1045 2961 Omnia
1080 2908 1283 2977 quippe
1313 2923 1504 2963 eorum
1532 2908 1835 2973 molimina,
1866 2924 2027 2964 omne

445 2998 763 3061 consilium,
816 3012 926 3052 non
973 2998 1084 3051 alio
1137 3000 1478 3069 spectabant,
1509 3014 1673 3070 quam
1718 3009 1779 3055 ut
1827 3016 1912 3055 me
1958 3001 2028 3056 ab

449 3091 656 3144 honore
696 3105 805 3159 quo
835 3090 980 3160 apud
1015 3089 1182 3144 Deum
1214 3090 1516 3161 gaudebam
1566 3091 1942 3157 deturbarent,
1974 3104 2028 3148 et

443 3182 678 3251 pristina
718 3197 837 3237 mea
867 3182 1041 3253 gloria
1070 3185 1392 3254 spoliarent.
1428 3184 1568 3240 Hinc
1610 3186 1842 3241 consilio
1890 3186 2025 3241 inito

442 3283 501 3328 ut
526 3274 788 3328 honorem
812 3289 876 3329 ac
901 3276 1137 3346 pretium
1164 3277 1297 3331 mihi
1326 3276 1629 3342 auferrent,
1658 3288 2025 3334 cucurrerunt

443 3368 498 3420 in
532 3366 645 3431 siti,
678 3381 852 3422 meam
883 3381 1111 3423 cernere
1143 3368 1443 3438 perniciem
1481 3370 1755 3427 sitientes.
1791 3370 1899 3427 Pro
1931 3373 2026 3427 illo

443 3464 649 3522 autem,
676 3476 695 3509 ι
720 3457 775 3511 in
796 3458 910 3523 siti,
938 3477 958 3510 ι
985 3459 1237 3530 Aquila,t
1258 3460 1317 3515 in
1338 3460 1592 3525 fallacia;
1619 3480 1638 3514 ι
1664 3461 2028 3534 Symmachus

436 3549 685 3613 vero,cin
703 3550 1022 3619 mendacio;
1048 3570 1066 3603 ι
1090 3554 1280 3622 quinta
1296 3553 1484 3613 editio.
1509 3572 1527 3605 ι
1542 3554 1595 3608 in
1615 3553 1785 3621 falso;
1812 3572 1828 3606 ι
1850 3554 2027 3611 etalia

442 3638 573 3693 item
602 3638 789 3703 editio,
815 3658 833 3687 σ
860 3640 913 3695 in
946 3641 1095 3707 dolo,
1126 3662 1143 3694 ι
1182 3644 1525 3715 interpretati
1546 3652 1699 3701 sunt.
1717 3643 2027 3701 Verisimile

440 3731 625 3801 itaque
655 3744 742 3787 est
770 3734 826 3787 in
852 3744 1045 3789 nostra
1067 3751 1288 3807 quoque
1328 3737 1562 3791 lectione
1585 3738 1822 3807 positum
1846 3738 2026 3810 primo

442 3822 635 3889 fuisse,
659 3844 677 3875 ι
702 3824 757 3879 in
775 3826 1080 3887 mendacio,
1096 3846 1114 3878 ι
1139 3828 1213 3881 ita
1232 3835 1291 3881 ut
1306 3826 1634 3893 diceretum
1659 3837 2026 3885 cucurrerunt

442 3918 498 3972 in
531 3918 816 3973 mendacio
845 3938 860 3985 ;
910 3938 929 3972 ι
966 3919 1020 3975 id
1044 3928 1150 3986 est,
1173 3920 1384 3976 inimici
1417 3929 1472 3976 ct
1506 3922 1859 3978 insidiatores
1895 3926 2023 3987 mei,

440 4024 553 4064 non
583 4010 725 4065 duce
766 4011 1018 4078 veritate,
1061 4011 1158 4067 sed
1200 4027 1327 4066 cum
1370 4027 1493 4067 sese
1550 4021 1694 4068 totos
1739 4014 2026 4070 mendacio

440 4099 821 4167 tradidissent,
855 4118 1082 4157 cursum
1118 4111 1173 4158 et
1230 4104 1472 4159 studium
1503 4120 1665 4160 suum
1697 4116 1887 4162 contra
1938 4122 2027 4163 me

438 4193 799 4248 direxerunt:
864 4194 962 4250 sed
1034 4195 1393 4265 sequentibus
1456 4198 1796 4267 temporibus
1867 4199 2024 4270 lapsu

436 4284 723 4356 graphice,
750 4301 849 4355 pro
881 4286 1059 4351 illo,év
1081 4286 1285 4356 ψεύδει,
1306 4288 1360 4342 id
1408 4296 1494 4344 est
1528 4308 1547 4340 ι
1580 4291 1635 4345 in
1666 4291 1969 4359 mendacio,
1999 4310 2018 4343 ι

438 4377 497 4428 ἐν
523 4373 687 4445 δίψει,
720 4375 773 4429 id
802 4384 887 4431 est
922 4394 940 4427 ι
978 4376 1033 4431 in
1070 4377 1163 4431 siti
1201 4395 1219 4429 ι
1249 4378 1488 4447 positum
1515 4379 1707 4436 fuisse.
1740 4381 2024 4447 Quomodo

438 4474 621 4519 autem
684 4464 1030 4521 insidiatores
1100 4468 1177 4521 illi
1244 4479 1534 4524 currerent
1596 4470 1654 4525 in
1705 4472 2015 4539 mendacio,

2123 1990 2350 2061 γήσεται
2382 1994 2415 2062 ἡ
2450 1991 2595 2061 ψυχή
2632 2009 2773 2063 μου;
2827 1993 2957 2063 παρ’
3004 1989 3168 2043 αὑτοῦ
3201 1989 3310 2062 γὰρ
3340 1990 3401 2043 τὸ
3439 1988 3705 2061 σωτήριόν

2128 2100 2250 2153 μου.
2282 2084 2391 2138 Καὶ
2416 2084 2524 2156 γὰρ
2552 2084 2714 2147 αὐτὸς
2741 2083 2875 2147 Θεός
2902 2101 3005 2155 μου
3040 2084 3134 2137 καὶ
3161 2084 3353 2153 Σωτήρ
3384 2099 3509 2153 μου,
3559 2082 3707 2134 ἀντι-

2124 2176 2350 2249 λήπτωρ
2396 2193 2517 2247 μου,
2565 2178 2626 2229 ού
2654 2177 2734 2249 μὴ
2791 2176 3038 2231 σαλευθῶ
3070 2178 3164 2230 ἐπὶ
3190 2176 3394 2231 πλεῖον.
3434 2174 3580 2246 Πλὴν
3606 2174 3704 2245 τὴν

2123 2270 2291 2340 τιμήν
2327 2286 2428 2340 μου
2467 2268 2855 2323 ἐϐουλεύσαντο
2894 2268 3250 2333 ἀπώσασθαι,
3274 2268 3509 2341 ἔδραμον
3541 2269 3599 2320 ἐν
3631 2266 3707 2319 δί-

2123 2362 2243 2433 ψει·
2281 2362 2360 2434 τῷ
2390 2367 2614 2433 στόματι
2648 2361 2828 2415 αὐτῶν
2851 2361 3125 2430 εύλόγουν,
3165 2362 3259 2413 καὶ
3288 2363 3353 2432 τῇ
3384 2359 3580 2432 καρδίᾳ
3611 2359 3707 2411 αύ-

2124 2453 2232 2507 τῶν
2260 2452 2597 2524 κατηρῶντο.
2639 2450 2950 2522 Διάψαλμα.
2995 2470 3013 2503 ι
3052 2450 3133 2504 Τὰ
3184 2452 3281 2523 μὲν
3312 2450 3504 2522 πρῶτα
3545 2449 3706 2513 αὐτὸς

2126 2544 2303 2615 ἐαυτῷ
2332 2546 2449 2616 ἦτοι
2475 2543 2713 2613 Δαυῒδ,ἣ
2756 2543 2991 2614 Ἰδιθοὺμ
3022 2542 3346 2597 διείλεκταν
3394 2542 3465 2596 τὰ
3496 2543 3551 2596 δὲ
3582 2542 3705 2595 δεύ-

2125 2653 2260 2706 τερα
2292 2635 2427 2708 πρὸς
2453 2636 2580 2699 τοὺς
2601 2633 2827 2705 ἐχθροὺς
2856 2633 3204 2686 ἀπετείνατο·
3235 2633 3304 2688 τὰ
3336 2633 3393 2687 δέ
3433 2633 3591 2706 τρίτα
3620 2631 3707 2686 διὰ

2124 2727 2232 2781 τῶν
2261 2727 2637 2799 προκειμένων
2666 2727 2813 2797 ἡμᾶς
2840 2724 3101 2788 διδάσκει,
3122 2724 3305 2779 τίποτε
3335 2724 3708 2796 βουλευόμενοι

2125 2823 2172 2875 οἱ
2207 2820 2651 2884 ἐπιϐουλεύοντες
2676 2819 2826 2891 αὐτῷ
2850 2820 2949 2891 τὴν
2975 2818 3267 2891 ἐπιϐουλὴν
3282 2814 3705 2881 κατεσκεύαζον.

2126 2913 2217 2968 Διό
2247 2928 2408 2985 φησι’
2450 2932 2469 2963 ι
2504 2912 2651 2983 Πλὴν
2678 2911 2775 2983 τὴν
2807 2913 2971 2983 τιμήν
3000 2929 3106 2983 μου
3140 2910 3527 2965 ἐϐουλεύσαντο
3557 2910 3709 2963 ἀπώ-

2129 3004 2407 3060 σασθαι...
2455 3005 2521 3057 Ἦ
2554 3005 2662 3075 γὰρ
2689 3005 2840 3057 πᾶσα
2884 3003 3078 3074 σκέψις
3124 3002 3305 3056 αὐτῶν
3341 3003 3435 3056 καὶ
3474 3003 3508 3073 ἡ
3548 3000 3708 3073 βουλὴ

2126 3097 2276 3153 οὐδὲν
2300 3098 2507 3170 ἕτερον,
2544 3097 2728 3169 φησὶν,
2767 3098 2801 3167 ἢ
2839 3096 3166 3151 καταϐαλεῖν
3197 3114 3265 3166 με
3310 3096 3412 3165 τῆς
3455 3094 3604 3168 παρὰ
3632 3095 3710 3165 τῷ

2053 3237 2094 3293 C
2127 3188 2247 3260 Θεῷ
2271 3189 2457 3261 τιμῆς,
2485 3189 2580 3243 καὶ
2604 3189 2889 3260 γυμνῶσαι
2914 3189 3014 3259 τῆς
3039 3188 3197 3260 δόξης
3228 3183 3297 3262 ἦς
3333 3186 3475 3258 εἶχον
3512 3188 3710 3259 πρότε-

2132 3296 2221 3349 ρον
2247 3277 2595 3343 ἐσπούδαζον.
2624 3274 2757 3333 Εἶτα
2788 3278 3208 3349 βουλευσάμενοι
3248 3278 3452 3349 ταύτην
3488 3295 3589 3348 μου
3610 3276 3709 3349 τὴν

2124 3369 2291 3442 τιμὴν
2337 3369 2627 3441 περιελεῖν,
2682 3370 2916 3443 ἔδραμον
2954 3372 3014 3424 ἐν
3054 3370 3196 3441 δίψει
3241 3370 3338 3442 τὴν
3382 3370 3523 3441 ἐμὴν
3553 3368 3709 3424 ἀπώ-

2124 3460 2275 3514 λειαν
2315 3460 2613 3515 θεάσασθαι
2649 3460 2930 3530 διψῶντες.
2987 3461 3132 3514 Ἀντὶ
3157 3460 3213 3514 δὲ
3243 3460 3360 3523 τοῦ,
3395 3479 3414 3511 ε
3442 3463 3499 3515 ἐν
3541 3460 3709 3531 δίψει,

2126 3557 2184 3609 ἐν
2215 3554 2601 3627 διαψεύσματι,
2640 3574 2658 3606 ι
2695 3558 2724 3609 ὁ
2769 3555 3028 3619 ’Δκύλαςο
3063 3556 3091 3609 ὁ
3135 3554 3192 3609 δέ
3222 3554 3535 3625 Σύμμαχος,
3589 3572 3609 3605 ι
3649 3554 3709 3606 ἐν

2125 3647 2402 3719 ψεύσματι
2422 3664 2436 3677 ο
2482 3657 2513 3698 »⁸
2535 3649 2569 3719 ἡ
2600 3648 2658 3701 δὲ
2689 3646 2915 3719 πέμπτη
2946 3646 3179 3710 ἕκδοσις,
3207 3664 3225 3697 ι
3252 3648 3309 3698 ἐν
3331 3645 3548 3715 ψεύδει·
3576 3664 3594 3697 ι
3616 3644 3710 3698 καὶ

2128 3740 2290 3794 πάλιν
2324 3741 2487 3812 ἑτέρα
2524 3740 2735 3805 ἐκδοσις
2758 3780 2772 3803 ,
2807 3759 2825 3792 ι
2856 3742 2912 3794 ὲν
2942 3740 3099 3811 δόλῳ,
3139 3758 3158 3790 ›
3202 3739 3574 3811 ἡρμήνευσαν.
3614 3738 3707 3790 El-

2126 3833 2222 3896 κὸς
2251 3828 2344 3887 οῦν
2374 3834 2467 3887 καὶ
2498 3835 2556 3887 ἐν
2580 3836 2647 3906 τῇ
2672 3833 2794 3887 καθ’
2827 3834 2974 3905 ἡμᾶς
2997 3832 3302 3901 ἀναγνώσει
3340 3831 3553 3885 κεῖσθαι
3609 3830 3709 3902 μὲν

2126 3925 2392 3998 πρότερον
2442 3924 2504 3978 τὸ
2533 3967 2548 3991 ,
2587 3944 2605 3977 ‹
2646 3928 2703 3979 ἐν
2731 3924 2961 3996 ψεύδει,
3007 3944 3024 3976 ι
3069 3925 3135 3977 ἵν’
3269 3923 3332 3976 τὸ
3378 3923 3704 3994 λεγόμενον·

2132 4036 2150 4069 ι
2196 4017 2466 4090 Ἕδραμον
2492 4019 2550 4071 ἐν
2583 4017 2796 4087 ψεύδει’
2839 4037 2856 4069 ›
2896 4017 3173 4071 τουτέστιν
3194 4019 3242 4071 οἱ
3271 4016 3455 4089 ἐχθροί
3490 4033 3591 4087 μου
3614 4015 3709 4068 καὶ

2126 4110 2176 4162 οἱ
2204 4109 2669 4175 ἐπιϐουλεύοντες,
2706 4110 2768 4163 οὐ
2793 4110 2889 4163 σὺν
2912 4109 3139 4181 ἀληθείᾳ
3166 4110 3255 4162 τὸν
3283 4110 3402 4163 κατ’
3428 4106 3563 4179 ἐμοῦ
3584 4107 3708 4179 δρό-

2129 4219 2228 4273 μον
2258 4203 2351 4256 καί
2385 4202 2485 4274 τὴν
2518 4204 2641 4255 κατ’
2675 4201 2811 4273 ἐμοῦ
2852 4201 3085 4273 σπουδὴν
3121 4199 3432 4262 ἐποιοῦντο,
3468 4200 3619 4264 ὅλους
3649 4198 3709 4254 δε

2126 4291 2325 4356 αὐτοὺς
2352 4291 2430 4363 τῷ
2462 4292 2644 4362 ψεύδει
2689 4292 3021 4365 παραδόντες
3040 4310 3053 4322 ·
3093 4292 3318 4363 σφάλμα
3356 4292 3413 4346 δὲ
3437 4294 3709 4364 γραφικδν

2127 4382 2408 4452 γεγονέναι
2434 4385 2492 4436 ἐν
2521 4386 2632 4447 τοῖς
2666 4384 2804 4454 μετὰ
2839 4382 3010 4437 ταῦτα
3046 4384 3243 4455 συνέϐη
3280 4384 3492 4455 χρόνοις
3514 4424 3529 4447 ,
3567 4383 3707 4438 ὥστε

2127 4474 2249 4527 ἀντὶ
2277 4472 2392 4537 τοῦ,
2430 4490 2451 4523 ι
2480 4475 2538 4526 ἐν
2571 4474 2775 4544 ψεύδει,
2808 4475 2867 4527 ἐν
2917 4474 3060 4544 δίψει
3102 4496 3121 4526 ι
3172 4476 3467 4547 γραφῆναι.
3502 4475 3626 4539 Πῶς
3651 4474 3707 4528 δέ

439 4557 545 4613 sub
580 4558 694 4613 haec
726 4559 964 4628 explicat
996 4559 1224 4615 dicens:
1277 4580 1297 4612 ι
1337 4562 1443 4617 Ore
1476 4577 1578 4617 suo
1625 4563 2021 4621 benedicebant

2125 4563 2444 4635 ψευδόμενοι
2480 4565 2529 4617 οἱ
2566 4564 3006 4630 ἐπιϐουλεύοντες
3044 4566 3276 4639 ἔδραμον
3303 4606 3317 4629 ,
3363 4566 3708 4639 διερμηνεύει

437 4657 496 4706 et
528 4650 694 4706 corde
739 4667 840 4706 suo
871 4652 1288 4709 maledicebant.
1336 4672 1354 4705 ι
1404 4652 1539 4708 Cum
1588 4653 1803 4711 fallacia
1839 4660 2021 4713 molli-

439 4740 545 4797 bus
590 4743 891 4798 utebantur
931 4745 1115 4810 dictis,
1153 4752 1211 4798 ut
1262 4759 1349 4800 me
1401 4744 1711 4802 inescarent
1737 4756 1792 4803 et
1839 4751 1909 4805 ab
1932 4752 2022 4805 illa

438 4847 564 4888 cum
600 4832 706 4889 Deo
754 4835 992 4891 statione
1039 4837 1435 4895 deturbarent:
1488 4855 1658 4909 quare
1702 4841 2024 4899 benedicere

440 4924 768 4981 videbantur
797 4927 851 4980 in
890 4926 1048 4991 facie,
1096 4945 1291 4999 meque
1322 4930 1546 4985 laudare
1592 4940 1645 4986 et
1674 4934 1977 5002 approbare
2006 4954 2022 5001 ;

440 5016 537 5072 sed
567 5032 724 5073 mens
750 5034 941 5074 eorum
983 5022 1133 5076 intus
1162 5022 1645 5078 maledictionibus
1693 5026 2021 5095 replebatur,

438 5109 598 5177 queis
627 5125 714 5163 me
748 5110 958 5165 honore
1002 5112 1278 5182 depellere
1320 5120 1375 5168 et
1423 5114 1476 5167 in
1506 5116 1854 5172 maledictum
1888 5119 2023 5188 deji—

438 5215 565 5255 cere
592 5204 934 5272 satagebant.
968 5202 1065 5260 llis
1099 5213 1279 5260 autem
1312 5204 1595 5270 docemur,
1626 5217 1894 5279 quotquot
1930 5211 2021 5265 Dei

442 5294 755 5350 hominibus
788 5296 1139 5363 insidiantur,
1176 5298 1311 5352 nihil
1343 5300 1489 5352 aliud
1523 5315 1739 5368 curare,
1770 5320 1935 5374 quam
1965 5314 2023 5359 ut

441 5384 591 5453 ipsos
622 5401 710 5450 eo,
743 5387 836 5457 qui
867 5389 1012 5459 apud
1049 5388 1218 5445 Deum
1245 5400 1351 5455 est,
1384 5391 1593 5449 honore
1620 5406 1844 5449 exuant.

513 5634 680 5692 Vens.
714 5637 829 5693 6-9
914 5657 932 5689 ι
966 5638 1357 5700 Verumtamen
1414 5644 1525 5701 Deo
1580 5648 1826 5718 subjecta
1877 5659 2017 5718 esto,

439 5728 623 5781 anima
658 5743 799 5792 mea,
835 5731 1096 5799 quoniam
1128 5733 1196 5787 ab
1232 5736 1353 5806 ipso
1396 5739 1658 5808 patientia
1695 5756 1832 5794 mea.
1884 5741 2015 5797 Nam

443 5821 559 5890 ipse
585 5818 727 5879 Deus
755 5838 906 5879 meus
939 5832 991 5881 et
1025 5822 1276 5882 Salvator
1297 5845 1451 5889 meus
1478 5852 1491 5888 :
1518 5844 1804 5905 susceptor
1867 5856 2019 5895 meus

2126 4657 2298 4726 λέγων
2322 4656 2451 4727 ἑξῆς
2475 4674 2489 4686 ·
2532 4674 2551 4707 ‹
2590 4656 2681 4727 Τῷ
2716 4657 2943 4727 στόματι
2974 4657 3153 4711 αὐτῶν
3183 4658 3439 4727 εύλόγουν
3463 4697 3478 4723 ,
3510 4659 3603 4712 καὶ
3637 4662 3705 4730 τῇ

2126 4745 2325 4818 καρδίᾳ
2352 4745 2533 4800 αὐτῶν
2561 4745 2895 4817 κατηρῶντο.
2939 4765 2957 4797 ι
3005 4745 3345 4811 ’Λπατῶντες
3370 4745 3502 4816 γὰρ,
3528 4744 3706 4813 λόγοις

2124 4837 2380 4907 γλυκέσιν
2410 4836 2649 4909 ἐχρῶντο
2678 4836 2815 4908 πρὸς
2844 4837 2902 4889 τὸ
2925 4835 3258 4890 καθελκῦσαί
3295 4854 3361 4906 με
3396 4836 3491 4890 καὶ
3534 4854 3705 4889 κατα-

2125 4930 2306 4983 ϐαλεῖν
2340 4929 2441 4999 τῆς
2474 4927 2626 5000 παρὰ
2646 4928 2724 4999 τῷ
2750 4928 2869 4999 Θεῷ
2900 4928 3142 4993 στάσεως
3162 4946 3174 4958 ο
3211 4930 3291 4982 διὸ
3324 4929 3566 4998 εὐλογεῖν
3586 4929 3705 4983 ἐδό-

2125 5039 2252 5075 κουν
2294 5022 2387 5075 καὶ
2410 5022 2651 5075 ἐπαινεῖν
2675 5039 2764 5093 με,
2781 5021 2875 5074 καὶ
2905 5021 3263 5092 ἀποδέχεσθαι
3290 5024 3370 5087 είς
3392 5023 3703 5095 πρόσωπον·

2123 5112 2191 5165 τὰ
2215 5112 2274 5166 δὲ
2293 5113 2393 5183 τῆς
2425 5110 2663 5175 διανοίας
2685 5111 2864 5165 αὐτῶν
2889 5111 3217 5183 πεπλήρωτο
3246 5114 3523 5185 καταρῶν,
3541 5113 3608 5167 δι’
3633 5108 3711 5167 ὧν

2123 5202 2222 5273 τὴν
2247 5201 2412 5271 τιμήν
2444 5219 2543 5271 μου
2574 5200 2964 5255 ἐϐουλεύσαντο
2985 5196 3331 5267 ἀπώσασθαι,
3355 5204 3449 5257 καὶ
3483 5204 3706 5275 ,κατάρᾳ

2127 5309 2193 5361 με
2239 5293 2552 5348 ὑποϐαλεῖν.
2594 5291 2968 5365 Διδασκόμεθα
3015 5294 3072 5348 δὲ
3129 5294 3218 5350 διὰ
3248 5294 3454 5350 τούτων
3506 5298 3589 5350 ὅτι
3641 5297 3703 5367 δὴ

2124 5385 2322 5449 πάντες
2341 5387 2390 5438 οἱ
2430 5390 2543 5450 τοῖς
2580 5385 2675 5439 τοῦ
2722 5386 2858 5439 Θεοῦ
2898 5386 3210 5458 ἀνθρώποις
3266 5388 3703 5451 ἐπιϐουλεύοντες

2122 5474 2273 5528 οὐδὲν
2295 5476 2479 5546 ἕτερον
2513 5476 2907 5542 σπουδάζουσιν
2936 5478 2969 5548 ἦ
2994 5477 3092 5548 τῆς
3121 5478 3272 5550 παρὰ
3296 5477 3374 5549 τῷ
3396 5479 3514 5550 Θεῷ
3538 5481 3704 5551 τιμὴς

2124 5564 2406 5635 γυμνῶσαι
2435 5568 2645 5629 αύτούς.

2203 5676 2219 5707 ι
2261 5657 2407 5729 Πλὴν
2440 5657 2517 5728 τῷ
2552 5658 2669 5729 Θεῷ
2705 5660 3029 5733 ὑποτάγηθι,
3057 5664 3089 5733 ἠ
3122 5663 3267 5735 ψυχή
3309 5681 3431 5733 μου,
3460 5664 3541 5718 ὅτι
3574 5664 3705 5734 παρ’

2125 5748 2285 5803 αὐτοῦ
2312 5752 2342 5821 ἡ
2374 5750 2616 5824 ὑπομονὴ
2654 5770 2777 5822 μου.
2828 5754 2938 5806 Καὶ
2978 5754 3084 5825 γὰρ
3126 5756 3288 5819 αὐτὸς
3324 5756 3457 5820 Θεός
3483 5773 3585 5827 μου
3611 5757 3704 5810 καὶ

2128 5842 2313 5914 Σωτήρ
2345 5860 2445 5914 μου
2466 5885 2480 5909 ,
2514 5844 2857 5917 ἀντιλήπτωρ
2876 5862 3001 5916 μου,
3023 5847 3084 5899 οὑ
3110 5847 3185 5920 μὴ
3215 5848 3648 5917 μεταναστεύσω.
3677 5867 3697 5901 ι
