  <div class='ocr_page' id='page_1' title='image "/cluster/home/n/w/nwhite01/storage/ocr_20150623/23/nnc1.0046978313/322.png"; bbox 0 0 4146 6390; ppageno 0'>
   <div class='ocr_carea' id='block_1_1' title="bbox 496 282 3775 350">
    <p class='ocr_par' dir='ltr' id='par_1_1' title="bbox 496 282 3775 350">
     <span class='ocr_line' id='line_1_1' title="bbox 496 282 3775 350; baseline 0.004 -14"><span class='ocrx_word' id='word_1_1' title='bbox 496 282 604 337; x_wconf 78' lang='lat'><strong>595</strong></span> <span class='ocrx_word' id='word_1_2' title='bbox 1354 322 1361 327; x_wconf 63' lang='grc' dir='ltr'><strong>ε</strong></span> <span class='ocrx_word' id='word_1_3' title='bbox 1641 289 2147 346; x_wconf 71' lang='lat' dir='ltr'><strong>COMMENTARIA</strong></span> <span class='ocrx_word' id='word_1_4' title='bbox 2186 289 2257 346; x_wconf 72' lang='lat' dir='ltr'><strong>IN</strong></span> <span class='ocrx_word' id='word_1_5' title='bbox 2291 290 2633 350; x_wconf 77' lang='lat' dir='ltr'><strong>PSALMOS.</strong></span> <span class='ocrx_word' id='word_1_6' title='bbox 3672 295 3775 350; x_wconf 62' lang='lat'><strong>595</strong></span> 
     </span>
    </p>
   </div>
   <div class='ocr_carea' id='block_1_2' title="bbox 511 398 2085 487">
    <p class='ocr_par' dir='ltr' id='par_1_2' title="bbox 511 403 2085 487">
     <span class='ocr_line' id='line_1_2' title="bbox 511 403 2085 487; baseline 0.008 -33"><span class='ocrx_word' id='word_1_7' title='bbox 511 403 838 475; x_wconf 80' lang='grc' dir='ltr'>Ἀρχόμενος</span> <span class='ocrx_word' id='word_1_8' title='bbox 864 406 962 476; x_wconf 79' lang='grc' dir='ltr'><strong>μὲν</strong></span> <span class='ocrx_word' id='word_1_9' title='bbox 993 407 1193 476; x_wconf 71' lang='grc' dir='ltr'>ἔλεγεν·</span> <span class='ocrx_word' id='word_1_10' title='bbox 1227 428 1245 460; x_wconf 86' lang='lat'><strong>1</strong></span> <span class='ocrx_word' id='word_1_11' title='bbox 1274 410 1408 480; x_wconf 66' lang='grc' dir='ltr'>Οὐχὶ</span> <span class='ocrx_word' id='word_1_12' title='bbox 1430 412 1506 481; x_wconf 83' lang='grc' dir='ltr'><strong>τῷ</strong></span> <span class='ocrx_word' id='word_1_13' title='bbox 1536 411 1654 482; x_wconf 81' lang='grc' dir='ltr'><strong>Θεῷ</strong></span> <span class='ocrx_word' id='word_1_14' title='bbox 1681 412 2085 487; x_wconf 80' lang='grc' dir='ltr'><strong>ὑποταγήσεται</strong></span> 
     </span>
    </p>
   </div>
   <div class='ocr_carea' id='block_1_3' title="bbox 2187 398 3773 487">
    <p class='ocr_par' dir='ltr' id='par_1_3' title="bbox 2191 398 3773 487">
     <span class='ocr_line' id='line_1_3' title="bbox 2191 398 3773 487; baseline -0.001 -17"><span class='ocrx_word' id='word_1_15' title='bbox 2191 431 2299 470; x_wconf 88' lang='lat' dir='ltr'><strong>non</strong></span> <span class='ocrx_word' id='word_1_16' title='bbox 2329 415 2627 487; x_wconf 88' lang='lat' dir='ltr'><strong>emigrabo.</strong></span> <span class='ocrx_word' id='word_1_17' title='bbox 2670 434 2687 466; x_wconf 75' lang='grc' dir='ltr'><strong>ι</strong></span> <span class='ocrx_word' id='word_1_18' title='bbox 2724 413 2882 469; x_wconf 73' lang='lat' dir='ltr'><strong>Pnitio</strong></span> <span class='ocrx_word' id='word_1_19' title='bbox 2925 412 3144 484; x_wconf 81' lang='lat' dir='ltr'><strong>quidem</strong></span> <span class='ocrx_word' id='word_1_20' title='bbox 3186 428 3251 475; x_wconf 88' lang='lat' dir='ltr'><strong>ac</strong></span> <span class='ocrx_word' id='word_1_21' title='bbox 3292 413 3339 470; x_wconf 88' lang='lat' dir='ltr'><strong>si</strong></span> <span class='ocrx_word' id='word_1_22' title='bbox 3389 413 3571 469; x_wconf 87' lang='lat' dir='ltr'><strong>adhuc</strong></span> <span class='ocrx_word' id='word_1_23' title='bbox 3600 398 3773 471; x_wconf 82' lang='lat' dir='ltr'><strong>ambi-</strong></span> 
     </span>
    </p>
   </div>
   <div class='ocr_carea' id='block_1_4' title="bbox 497 495 2085 578">
    <p class='ocr_par' dir='ltr' id='par_1_4' title="bbox 497 495 2085 572">
     <span class='ocr_line' id='line_1_4' title="bbox 497 495 2085 572; baseline 0.01 -26"><span class='ocrx_word' id='word_1_24' title='bbox 497 498 528 565; x_wconf 80' lang='grc' dir='ltr'>ἡ</span> <span class='ocrx_word' id='word_1_25' title='bbox 555 495 706 565; x_wconf 74' lang='grc' dir='ltr'>ψυχή</span> <span class='ocrx_word' id='word_1_26' title='bbox 742 515 875 568; x_wconf 75' lang='grc' dir='ltr'>μους</span> <span class='ocrx_word' id='word_1_27' title='bbox 913 519 928 549; x_wconf 77' lang='grc' dir='ltr'><strong>ι</strong></span> <span class='ocrx_word' id='word_1_28' title='bbox 958 499 1147 572; x_wconf 82' lang='grc' dir='ltr'>ὥσπερ</span> <span class='ocrx_word' id='word_1_29' title='bbox 1176 503 1450 567; x_wconf 80' lang='grc' dir='ltr'>ἐνδυὰζων</span> <span class='ocrx_word' id='word_1_30' title='bbox 1474 503 1572 557; x_wconf 79' lang='grc' dir='ltr'>ἔτι·</span> <span class='ocrx_word' id='word_1_31' title='bbox 1598 506 1838 560; x_wconf 80' lang='grc' dir='ltr'>ἐνταῦθα·</span> <span class='ocrx_word' id='word_1_32' title='bbox 1865 508 1923 561; x_wconf 85' lang='grc' dir='ltr'><strong>δέ</strong></span> <span class='ocrx_word' id='word_1_33' title='bbox 1954 509 2085 561; x_wconf 88' lang='grc' dir='ltr'>ἁπο-</span> 
     </span>
    </p>
   </div>
   <div class='ocr_carea' id='block_1_5' title="bbox 2187 495 3774 578">
    <p class='ocr_par' dir='ltr' id='par_1_5' title="bbox 2190 503 3774 578">
     <span class='ocr_line' id='line_1_5' title="bbox 2190 503 3774 578; baseline -0.001 -17"><span class='ocrx_word' id='word_1_34' title='bbox 2190 516 2341 578; x_wconf 88' lang='lat' dir='ltr'><strong>geret</strong></span> <span class='ocrx_word' id='word_1_35' title='bbox 2377 506 2593 561; x_wconf 90' lang='lat' dir='ltr'><strong>dicebat</strong></span> <span class='ocrx_word' id='word_1_36' title='bbox 2630 526 2643 559; x_wconf 91' lang='lat'>:</span> <span class='ocrx_word' id='word_1_37' title='bbox 2684 525 2701 556; x_wconf 93' lang='lat'><strong>1</strong></span> <span class='ocrx_word' id='word_1_38' title='bbox 2745 504 2938 559; x_wconf 86' lang='lat' dir='ltr'><strong>Nonne</strong></span> <span class='ocrx_word' id='word_1_39' title='bbox 2978 504 3087 560; x_wconf 86' lang='lat' dir='ltr'><strong>Deo</strong></span> <span class='ocrx_word' id='word_1_40' title='bbox 3130 503 3377 572; x_wconf 89' lang='lat' dir='ltr'><strong>subjecta</strong></span> <span class='ocrx_word' id='word_1_41' title='bbox 3429 504 3535 559; x_wconf 88' lang='lat' dir='ltr'><strong>erit</strong></span> <span class='ocrx_word' id='word_1_42' title='bbox 3590 505 3774 560; x_wconf 84' lang='lat' dir='ltr'><strong>anima</strong></span> 
     </span>
    </p>
   </div>
   <div class='ocr_carea' id='block_1_6' title="bbox 497 592 2085 670">
    <p class='ocr_par' dir='ltr' id='par_1_6' title="bbox 497 592 2085 670">
     <span class='ocr_line' id='line_1_6' title="bbox 497 592 2085 670; baseline 0.006 -28"><span class='ocrx_word' id='word_1_43' title='bbox 497 592 765 658; x_wconf 77' lang='grc' dir='ltr'>φατικῶς,</span> <span class='ocrx_word' id='word_1_44' title='bbox 810 592 1128 662; x_wconf 77' lang='grc' dir='ltr'>βεϐαιωθεὶς</span> <span class='ocrx_word' id='word_1_45' title='bbox 1166 596 1230 647; x_wconf 88' lang='grc' dir='ltr'><strong>ἐκ</strong></span> <span class='ocrx_word' id='word_1_46' title='bbox 1272 596 1380 649; x_wconf 85' lang='grc' dir='ltr'><strong>τῶν</strong></span> <span class='ocrx_word' id='word_1_47' title='bbox 1425 597 1752 668; x_wconf 73' lang='grc' dir='ltr'><strong>εἰρημένων,</strong></span> <span class='ocrx_word' id='word_1_48' title='bbox 1793 602 1859 670; x_wconf 82' lang='grc' dir='ltr'>τῇ</span> <span class='ocrx_word' id='word_1_49' title='bbox 1894 600 2085 653; x_wconf 73' lang='grc' dir='ltr'>ἑαυτοῦ</span> 
     </span>
    </p>
   </div>
   <div class='ocr_carea' id='block_1_7' title="bbox 2187 592 3772 670">
    <p class='ocr_par' dir='ltr' id='par_1_7' title="bbox 2192 597 3772 666">
     <span class='ocr_line' id='line_1_7' title="bbox 2192 597 3772 666; baseline -0.001 -15"><span class='ocrx_word' id='word_1_50' title='bbox 2192 614 2311 653; x_wconf 88' lang='lat' dir='ltr'><strong>mea</strong></span> <span class='ocrx_word' id='word_1_51' title='bbox 2331 598 2363 653; x_wconf 23' lang='lat' dir='ltr'><strong>?A</strong></span> <span class='ocrx_word' id='word_1_52' title='bbox 2388 618 2411 650; x_wconf 65' lang='grc' dir='ltr'><strong>ι</strong></span> <span class='ocrx_word' id='word_1_53' title='bbox 2452 597 2550 653; x_wconf 86' lang='lat' dir='ltr'><strong>Hic</strong></span> <span class='ocrx_word' id='word_1_54' title='bbox 2578 613 2728 659; x_wconf 91' lang='lat' dir='ltr'><strong>vero,</strong></span> <span class='ocrx_word' id='word_1_55' title='bbox 2760 613 2824 653; x_wconf 76' lang='lat' dir='ltr'><strong>ex</strong></span> <span class='ocrx_word' id='word_1_56' title='bbox 2874 597 2944 652; x_wconf 89' lang='lat' dir='ltr'><strong>iis</strong></span> <span class='ocrx_word' id='word_1_57' title='bbox 2988 612 3110 666; x_wconf 69' lang='lat' dir='ltr'><strong>quae</strong></span> <span class='ocrx_word' id='word_1_58' title='bbox 3153 598 3349 651; x_wconf 69' lang='lat' dir='ltr'><strong>anima:</strong></span> <span class='ocrx_word' id='word_1_59' title='bbox 3389 612 3503 652; x_wconf 73' lang='lat' dir='ltr'><strong>sua:</strong></span> <span class='ocrx_word' id='word_1_60' title='bbox 3528 598 3772 652; x_wconf 88' lang='lat' dir='ltr'><strong>revelata</strong></span> 
     </span>
    </p>
   </div>
   <div class='ocr_carea' id='block_1_8' title="bbox 495 682 2088 764">
    <p class='ocr_par' dir='ltr' id='par_1_8' title="bbox 495 682 2088 764">
     <span class='ocr_line' id='line_1_8' title="bbox 495 682 2088 764; baseline 0.008 -29"><span class='ocrx_word' id='word_1_61' title='bbox 495 682 640 753; x_wconf 72' lang='grc' dir='ltr'>ψυχῇ</span> <span class='ocrx_word' id='word_1_62' title='bbox 678 686 993 756; x_wconf 83' lang='grc' dir='ltr'>ἐπιθαρσῶν</span> <span class='ocrx_word' id='word_1_63' title='bbox 1030 688 1493 761; x_wconf 56' lang='grc' dir='ltr'>παρακελεύεταμ·</span> <span class='ocrx_word' id='word_1_64' title='bbox 1537 690 1617 744; x_wconf 88' lang='grc' dir='ltr'><strong>διό</strong></span> <span class='ocrx_word' id='word_1_65' title='bbox 1658 709 1789 763; x_wconf 67' lang='grc' dir='ltr'>φησι</span> <span class='ocrx_word' id='word_1_66' title='bbox 1822 694 1957 764; x_wconf 90' lang='grc' dir='ltr'>πρὸς</span> <span class='ocrx_word' id='word_1_67' title='bbox 1991 695 2088 747; x_wconf 84' lang='grc' dir='ltr'>αὑ-</span> 
     </span>
    </p>
   </div>
   <div class='ocr_carea' id='block_1_9' title="bbox 501 776 2087 857">
    <p class='ocr_par' dir='ltr' id='par_1_9' title="bbox 501 776 2087 857">
     <span class='ocr_line' id='line_1_9' title="bbox 501 776 2087 857; baseline 0.007 -30"><span class='ocrx_word' id='word_1_68' title='bbox 501 776 617 845; x_wconf 72' lang='grc' dir='ltr'>τήν*</span> <span class='ocrx_word' id='word_1_69' title='bbox 659 796 678 827; x_wconf 95' lang='lat'><strong>1</strong></span> <span class='ocrx_word' id='word_1_70' title='bbox 710 777 857 849; x_wconf 80' lang='grc' dir='ltr'>Πλὴν</span> <span class='ocrx_word' id='word_1_71' title='bbox 895 778 974 849; x_wconf 85' lang='grc' dir='ltr'><strong>τῷ</strong></span> <span class='ocrx_word' id='word_1_72' title='bbox 1002 779 1122 851; x_wconf 88' lang='grc' dir='ltr'><strong>Θεῷ</strong></span> <span class='ocrx_word' id='word_1_73' title='bbox 1158 782 1482 854; x_wconf 78' lang='grc' dir='ltr'>ύποτάγηθι,</span> <span class='ocrx_word' id='word_1_74' title='bbox 1518 786 1551 854; x_wconf 86' lang='grc' dir='ltr'><strong>ἡ</strong></span> <span class='ocrx_word' id='word_1_75' title='bbox 1582 785 1727 857; x_wconf 73' lang='grc' dir='ltr'>ψυχή</span> <span class='ocrx_word' id='word_1_76' title='bbox 1766 803 1887 856; x_wconf 88' lang='grc' dir='ltr'>μου.</span> <span class='ocrx_word' id='word_1_77' title='bbox 1924 805 1943 838; x_wconf 73' lang='grc' dir='ltr'><strong>ι</strong></span> <span class='ocrx_word' id='word_1_78' title='bbox 1978 788 2087 840; x_wconf 75' lang='grc' dir='ltr'>Καὶ</span> 
     </span>
    </p>
   </div>
   <div class='ocr_carea' id='block_1_10' title="bbox 495 869 2086 949">
    <p class='ocr_par' dir='ltr' id='par_1_10' title="bbox 495 869 2086 949">
     <span class='ocr_line' id='line_1_10' title="bbox 495 869 2086 949; baseline 0.004 -26"><span class='ocrx_word' id='word_1_79' title='bbox 495 869 760 941; x_wconf 84' lang='grc' dir='ltr'><strong>ἀνωτέρω</strong></span> <span class='ocrx_word' id='word_1_80' title='bbox 807 871 905 941; x_wconf 84' lang='grc' dir='ltr'>μὲν</span> <span class='ocrx_word' id='word_1_81' title='bbox 939 871 1111 940; x_wconf 60' lang='grc' dir='ltr'>ἔλεγε</span> <span class='ocrx_word' id='word_1_82' title='bbox 1151 893 1167 922; x_wconf 99' lang='lat'><strong>1</strong></span> <span class='ocrx_word' id='word_1_83' title='bbox 1207 874 1343 945; x_wconf 84' lang='grc' dir='ltr'>Παρ“</span> <span class='ocrx_word' id='word_1_84' title='bbox 1372 874 1536 929; x_wconf 75' lang='grc' dir='ltr'>αὐτοῦ</span> <span class='ocrx_word' id='word_1_85' title='bbox 1579 876 1689 947; x_wconf 77' lang='grc' dir='ltr'><strong>γάρ</strong></span> <span class='ocrx_word' id='word_1_86' title='bbox 1730 878 1792 930; x_wconf 88' lang='grc' dir='ltr'><strong>τὸ</strong></span> <span class='ocrx_word' id='word_1_87' title='bbox 1822 878 2086 949; x_wconf 75' lang='grc' dir='ltr'>σωτήριόν</span> 
     </span>
    </p>
   </div>
   <div class='ocr_carea' id='block_1_11' title="bbox 502 963 2081 1043">
    <p class='ocr_par' dir='ltr' id='par_1_11' title="bbox 502 963 2081 1043">
     <span class='ocr_line' id='line_1_11' title="bbox 502 963 2081 1043; baseline 0.005 -28"><span class='ocrx_word' id='word_1_88' title='bbox 502 980 627 1030; x_wconf 87' lang='grc' dir='ltr'>μου·</span> <span class='ocrx_word' id='word_1_89' title='bbox 659 981 678 1015; x_wconf 71' lang='grc' dir='ltr'>υ</span> <span class='ocrx_word' id='word_1_90' title='bbox 704 963 936 1017; x_wconf 83' lang='grc' dir='ltr'>ἐνταῦθα</span> <span class='ocrx_word' id='word_1_91' title='bbox 952 964 1029 1017; x_wconf 78' lang='grc' dir='ltr'>δέ’</span> <span class='ocrx_word' id='word_1_92' title='bbox 1058 984 1075 1014; x_wconf 96' lang='lat'><strong>1</strong></span> <span class='ocrx_word' id='word_1_93' title='bbox 1104 966 1225 1019; x_wconf 86' lang='grc' dir='ltr'>’Ότι</span> <span class='ocrx_word' id='word_1_94' title='bbox 1250 969 1378 1038; x_wconf 83' lang='grc' dir='ltr'>παρ’</span> <span class='ocrx_word' id='word_1_95' title='bbox 1401 968 1562 1021; x_wconf 79' lang='grc' dir='ltr'>αὑτοῦ</span> <span class='ocrx_word' id='word_1_96' title='bbox 1590 970 1622 1040; x_wconf 81' lang='grc' dir='ltr'>ἡ</span> <span class='ocrx_word' id='word_1_97' title='bbox 1648 970 1891 1043; x_wconf 82' lang='grc' dir='ltr'>ὑπομονή</span> <span class='ocrx_word' id='word_1_98' title='bbox 1917 988 2037 1041; x_wconf 90' lang='grc' dir='ltr'>μου.</span> <span class='ocrx_word' id='word_1_99' title='bbox 2063 992 2081 1023; x_wconf 76' lang='grc' dir='ltr'><strong>ι</strong></span> 
     </span>
    </p>
   </div>
   <div class='ocr_carea' id='block_1_12' title="bbox 502 1054 2087 1133">
    <p class='ocr_par' dir='ltr' id='par_1_12' title="bbox 502 1054 2087 1133">
     <span class='ocr_line' id='line_1_12' title="bbox 502 1054 2087 1133; baseline 0.005 -26"><span class='ocrx_word' id='word_1_100' title='bbox 502 1055 728 1126; x_wconf 85' lang='grc' dir='ltr'><strong>Ὅμοιον</strong></span> <span class='ocrx_word' id='word_1_101' title='bbox 756 1054 799 1108; x_wconf 88' lang='grc' dir='ltr'>δ’</span> <span class='ocrx_word' id='word_1_102' title='bbox 835 1054 901 1108; x_wconf 82' lang='grc' dir='ltr'>ἂν</span> <span class='ocrx_word' id='word_1_103' title='bbox 927 1055 1011 1127; x_wconf 72' lang='grc' dir='ltr'>εἴη</span> <span class='ocrx_word' id='word_1_104' title='bbox 1052 1055 1209 1110; x_wconf 77' lang='grc' dir='ltr'>τοῦτο</span> <span class='ocrx_word' id='word_1_105' title='bbox 1245 1057 1323 1129; x_wconf 88' lang='grc' dir='ltr'><strong>τῷ</strong></span> <span class='ocrx_word' id='word_1_106' title='bbox 1359 1060 1612 1129; x_wconf 70' lang='grc' dir='ltr'>φήσαντι*</span> <span class='ocrx_word' id='word_1_107' title='bbox 1655 1082 1672 1112; x_wconf 93' lang='lat'><strong>1</strong></span> <span class='ocrx_word' id='word_1_108' title='bbox 1704 1063 1889 1115; x_wconf 86' lang='grc' dir='ltr'>Πάντα</span> <span class='ocrx_word' id='word_1_109' title='bbox 1920 1062 2087 1133; x_wconf 76' lang='grc' dir='ltr'>ἰσχύω</span> 
     </span>
    </p>
   </div>
   <div class='ocr_carea' id='block_1_13' title="bbox 497 1147 2088 1225">
    <p class='ocr_par' dir='ltr' id='par_1_13' title="bbox 497 1147 2088 1225">
     <span class='ocr_line' id='line_1_13' title="bbox 497 1147 2088 1225; baseline 0.005 -24"><span class='ocrx_word' id='word_1_110' title='bbox 497 1150 559 1202; x_wconf 91' lang='grc' dir='ltr'><strong>ἐν</strong></span> <span class='ocrx_word' id='word_1_111' title='bbox 596 1147 676 1218; x_wconf 88' lang='grc' dir='ltr'><strong>τῷ</strong></span> <span class='ocrx_word' id='word_1_112' title='bbox 712 1148 1100 1219; x_wconf 75' lang='grc' dir='ltr'><strong>ἐνδυναμοῦντί</strong></span> <span class='ocrx_word' id='word_1_113' title='bbox 1141 1166 1229 1219; x_wconf 87' lang='grc' dir='ltr'><strong>με.</strong></span> <span class='ocrx_word' id='word_1_114' title='bbox 1266 1170 1285 1202; x_wconf 73' lang='grc' dir='ltr'><strong>ι</strong></span> <span class='ocrx_word' id='word_1_115' title='bbox 1330 1153 1405 1203; x_wconf 83' lang='grc' dir='ltr'><strong>Οὐ</strong></span> <span class='ocrx_word' id='word_1_116' title='bbox 1433 1152 1541 1225; x_wconf 77' lang='grc' dir='ltr'><strong>γὰρ</strong></span> <span class='ocrx_word' id='word_1_117' title='bbox 1571 1156 1703 1224; x_wconf 79' lang='grc' dir='ltr'>παρ’</span> <span class='ocrx_word' id='word_1_118' title='bbox 1729 1155 1977 1225; x_wconf 77' lang='grc' dir='ltr'>ἐμαυτοῦ</span> <span class='ocrx_word' id='word_1_119' title='bbox 1998 1156 2088 1209; x_wconf 84' lang='grc' dir='ltr'>κέ-</span> 
     </span>
    </p>
   </div>
   <div class='ocr_carea' id='block_1_14' title="bbox 500 1237 2082 1314">
    <p class='ocr_par' dir='ltr' id='par_1_14' title="bbox 500 1237 2082 1314">
     <span class='ocr_line' id='line_1_14' title="bbox 500 1237 2082 1314; baseline 0.004 -24"><span class='ocrx_word' id='word_1_120' title='bbox 500 1256 602 1309; x_wconf 87' lang='grc' dir='ltr'><strong>κτη</strong></span> <span class='ocrx_word' id='word_1_121' title='bbox 613 1256 709 1308; x_wconf 89' lang='grc' dir='ltr'><strong>μαι</strong></span> <span class='ocrx_word' id='word_1_122' title='bbox 735 1237 835 1309; x_wconf 84' lang='grc' dir='ltr'>τὴν</span> <span class='ocrx_word' id='word_1_123' title='bbox 865 1240 1040 1309; x_wconf 78' lang='grc' dir='ltr'>ίσχὺν,</span> <span class='ocrx_word' id='word_1_124' title='bbox 1067 1239 1206 1293; x_wconf 77' lang='grc' dir='ltr'>ἀλλὰ</span> <span class='ocrx_word' id='word_1_125' title='bbox 1240 1242 1391 1313; x_wconf 79' lang='grc' dir='ltr'>παρὰ</span> <span class='ocrx_word' id='word_1_126' title='bbox 1417 1242 1511 1294; x_wconf 81' lang='grc' dir='ltr'>τοῦ</span> <span class='ocrx_word' id='word_1_127' title='bbox 1547 1244 1970 1314; x_wconf 77' lang='grc' dir='ltr'>ἐνδυναμοῦντός</span> <span class='ocrx_word' id='word_1_128' title='bbox 1996 1262 2082 1313; x_wconf 77' lang='grc' dir='ltr'>με’</span> 
     </span>
    </p>
   </div>
   <div class='ocr_carea' id='block_1_15' title="bbox 500 1330 2082 1407">
    <p class='ocr_par' dir='ltr' id='par_1_15' title="bbox 500 1330 2082 1407">
     <span class='ocr_line' id='line_1_15' title="bbox 500 1330 2082 1407; baseline 0.004 -24"><span class='ocrx_word' id='word_1_129' title='bbox 500 1332 594 1383; x_wconf 72' lang='grc' dir='ltr'><strong>καὶ</strong></span> <span class='ocrx_word' id='word_1_130' title='bbox 616 1330 925 1396; x_wconf 11' lang='grc' dir='ltr'>ἐνταῦθα,ςι</span> <span class='ocrx_word' id='word_1_131' title='bbox 964 1332 1026 1383; x_wconf 84' lang='grc' dir='ltr'><strong>Ἦ</strong></span> <span class='ocrx_word' id='word_1_132' title='bbox 1050 1332 1296 1403; x_wconf 77' lang='grc' dir='ltr'>ὑπομονὴ</span> <span class='ocrx_word' id='word_1_133' title='bbox 1325 1352 1425 1403; x_wconf 87' lang='grc' dir='ltr'><strong>μου</strong></span> <span class='ocrx_word' id='word_1_134' title='bbox 1458 1355 1475 1385; x_wconf 74' lang='grc' dir='ltr'><strong>ι</strong></span> <span class='ocrx_word' id='word_1_135' title='bbox 1502 1336 1602 1388; x_wconf 73' lang='grc' dir='ltr'><strong>οὐκ</strong></span> <span class='ocrx_word' id='word_1_136' title='bbox 1627 1337 1685 1402; x_wconf 77' lang='grc' dir='ltr'><strong>ἐξ</strong></span> <span class='ocrx_word' id='word_1_137' title='bbox 1710 1338 1869 1407; x_wconf 82' lang='grc' dir='ltr'>ἐμῆς,</span> <span class='ocrx_word' id='word_1_138' title='bbox 1899 1338 2082 1407; x_wconf 75' lang='grc' dir='ltr'>φησὶν,</span> 
     </span>
    </p>
   </div>
   <div class='ocr_carea' id='block_1_16' title="bbox 498 1425 2088 1505">
    <p class='ocr_par' dir='ltr' id='par_1_16' title="bbox 498 1425 2088 1505">
     <span class='ocr_line' id='line_1_16' title="bbox 498 1425 2088 1505; baseline -0.009 -8"><span class='ocrx_word' id='word_1_139' title='bbox 498 1425 701 1496; x_wconf 82' lang='grc' dir='ltr'><strong>ἀρετῆς</strong></span> <span class='ocrx_word' id='word_1_140' title='bbox 751 1426 847 1479; x_wconf 74' lang='grc' dir='ltr'>καὶ</span> <span class='ocrx_word' id='word_1_141' title='bbox 891 1426 1173 1497; x_wconf 83' lang='grc' dir='ltr'>δυνάμεως</span> <span class='ocrx_word' id='word_1_142' title='bbox 1224 1428 1577 1499; x_wconf 76' lang='grc' dir='ltr'>συνέστηκεν,</span> <span class='ocrx_word' id='word_1_143' title='bbox 1624 1431 1758 1485; x_wconf 78' lang='grc' dir='ltr'>ἀλλὰ</span> <span class='ocrx_word' id='word_1_144' title='bbox 1795 1432 1946 1505; x_wconf 78' lang='grc' dir='ltr'>παρὰ</span> <span class='ocrx_word' id='word_1_145' title='bbox 1986 1433 2088 1504; x_wconf 83' lang='grc' dir='ltr'>τῆς</span> 
     </span>
    </p>
   </div>
   <div class='ocr_carea' id='block_1_17' title="bbox 499 1518 2086 1595">
    <p class='ocr_par' dir='ltr' id='par_1_17' title="bbox 499 1518 2086 1595">
     <span class='ocr_line' id='line_1_17' title="bbox 499 1518 2086 1595; baseline 0.004 -25"><span class='ocrx_word' id='word_1_146' title='bbox 499 1518 663 1571; x_wconf 76' lang='grc' dir='ltr'>αὑτοῦ</span> <span class='ocrx_word' id='word_1_147' title='bbox 698 1518 937 1592; x_wconf 87' lang='grc' dir='ltr'>χάριτος·</span> <span class='ocrx_word' id='word_1_148' title='bbox 976 1538 993 1570; x_wconf 93' lang='lat'><strong>1</strong></span> <span class='ocrx_word' id='word_1_149' title='bbox 1030 1521 1141 1573; x_wconf 79' lang='grc' dir='ltr'><strong>Καὶ</strong></span> <span class='ocrx_word' id='word_1_150' title='bbox 1167 1519 1277 1591; x_wconf 74' lang='grc' dir='ltr'><strong>γὰρ</strong></span> <span class='ocrx_word' id='word_1_151' title='bbox 1296 1521 1458 1585; x_wconf 85' lang='grc' dir='ltr'>αὐτὸς</span> <span class='ocrx_word' id='word_1_152' title='bbox 1482 1521 1614 1586; x_wconf 86' lang='grc' dir='ltr'>Θεός</span> <span class='ocrx_word' id='word_1_153' title='bbox 1644 1541 1746 1594; x_wconf 91' lang='grc' dir='ltr'><strong>μου</strong></span> <span class='ocrx_word' id='word_1_154' title='bbox 1773 1524 1867 1577; x_wconf 76' lang='grc' dir='ltr'>καὶ</span> <span class='ocrx_word' id='word_1_155' title='bbox 1896 1525 2086 1595; x_wconf 85' lang='grc' dir='ltr'>Σωτήρ</span> 
     </span>
    </p>
   </div>
   <div class='ocr_carea' id='block_1_18' title="bbox 503 1611 2085 1689">
    <p class='ocr_par' dir='ltr' id='par_1_18' title="bbox 503 1611 2085 1689">
     <span class='ocr_line' id='line_1_18' title="bbox 503 1611 2085 1689; baseline 0.006 -27"><span class='ocrx_word' id='word_1_156' title='bbox 503 1627 623 1680; x_wconf 86' lang='grc' dir='ltr'>μου·</span> <span class='ocrx_word' id='word_1_157' title='bbox 664 1630 683 1661; x_wconf 75' lang='grc' dir='ltr'><strong>ι</strong></span> <span class='ocrx_word' id='word_1_158' title='bbox 717 1611 909 1682; x_wconf 84' lang='grc' dir='ltr'>διόπερ</span> <span class='ocrx_word' id='word_1_159' title='bbox 931 1612 1013 1675; x_wconf 76' lang='grc' dir='ltr'><strong>ὡς</strong></span> <span class='ocrx_word' id='word_1_160' title='bbox 1046 1611 1179 1675; x_wconf 85' lang='grc' dir='ltr'>Θεός</span> <span class='ocrx_word' id='word_1_161' title='bbox 1217 1630 1315 1682; x_wconf 90' lang='grc' dir='ltr'><strong>μου</strong></span> <span class='ocrx_word' id='word_1_162' title='bbox 1352 1614 1445 1668; x_wconf 75' lang='grc' dir='ltr'><strong>καὶ</strong></span> <span class='ocrx_word' id='word_1_163' title='bbox 1489 1616 1680 1687; x_wconf 59' lang='grc' dir='ltr'>ἃυτήρ</span> <span class='ocrx_word' id='word_1_164' title='bbox 1719 1634 1818 1687; x_wconf 86' lang='grc' dir='ltr'><strong>μου</strong></span> <span class='ocrx_word' id='word_1_165' title='bbox 1858 1619 2085 1689; x_wconf 81' lang='grc' dir='ltr'><strong>παρέχει</strong></span> 
     </span>
    </p>
   </div>
   <div class='ocr_carea' id='block_1_19' title="bbox 502 1702 2085 1781">
    <p class='ocr_par' dir='ltr' id='par_1_19' title="bbox 502 1702 2085 1781">
     <span class='ocr_line' id='line_1_19' title="bbox 502 1702 2085 1781; baseline 0.008 -26"><span class='ocrx_word' id='word_1_166' title='bbox 502 1720 593 1774; x_wconf 78' lang='grc' dir='ltr'><strong>μοι</strong></span> <span class='ocrx_word' id='word_1_167' title='bbox 624 1704 723 1775; x_wconf 80' lang='grc' dir='ltr'>τὴν</span> <span class='ocrx_word' id='word_1_168' title='bbox 752 1704 1055 1776; x_wconf 80' lang='grc' dir='ltr'>ὑπομονήν.</span> <span class='ocrx_word' id='word_1_169' title='bbox 1083 1702 1196 1759; x_wconf 74' lang='grc' dir='ltr'><strong>Εἶτ’</strong></span> <span class='ocrx_word' id='word_1_170' title='bbox 1226 1708 1483 1779; x_wconf 83' lang='grc' dir='ltr'>ἀνωτέρω</span> <span class='ocrx_word' id='word_1_171' title='bbox 1516 1710 1616 1780; x_wconf 90' lang='grc' dir='ltr'><strong>μέν</strong></span> <span class='ocrx_word' id='word_1_172' title='bbox 1649 1709 1792 1781; x_wconf 82' lang='grc' dir='ltr'>ἔχεις</span> <span class='ocrx_word' id='word_1_173' title='bbox 1814 1711 1896 1775; x_wconf 85' lang='grc' dir='ltr'><strong>τὸ,</strong></span> <span class='ocrx_word' id='word_1_174' title='bbox 1930 1732 1947 1763; x_wconf 94' lang='lat'><strong>1</strong></span> <span class='ocrx_word' id='word_1_175' title='bbox 1978 1715 2085 1767; x_wconf 73' lang='grc' dir='ltr'>Καὶ</span> 
     </span>
    </p>
   </div>
   <div class='ocr_carea' id='block_1_20' title="bbox 2191 689 3769 759">
    <p class='ocr_par' dir='ltr' id='par_1_20' title="bbox 2191 689 3769 759">
     <span class='ocr_line' id='line_1_20' title="bbox 2191 689 3769 759; baseline 0.001 -17"><span class='ocrx_word' id='word_1_176' title='bbox 2191 689 2411 743; x_wconf 76' lang='lat' dir='ltr'><strong>fuerant</strong></span> <span class='ocrx_word' id='word_1_177' title='bbox 2448 690 2723 751; x_wconf 83' lang='lat' dir='ltr'><strong>ﬁrmatus,</strong></span> <span class='ocrx_word' id='word_1_178' title='bbox 2778 690 3029 744; x_wconf 89' lang='lat' dir='ltr'><strong>absolute</strong></span> <span class='ocrx_word' id='word_1_179' title='bbox 3073 704 3137 742; x_wconf 89' lang='lat' dir='ltr'><strong>ac</strong></span> <span class='ocrx_word' id='word_1_180' title='bbox 3183 689 3413 743; x_wconf 87' lang='lat' dir='ltr'><strong>lidenter</strong></span> <span class='ocrx_word' id='word_1_181' title='bbox 3471 689 3769 759; x_wconf 57' lang='lat' dir='ltr'><strong>priecipit:</strong></span> 
     </span>
    </p>
   </div>
   <div class='ocr_carea' id='block_1_21' title="bbox 2190 780 3774 853">
    <p class='ocr_par' dir='ltr' id='par_1_21' title="bbox 2190 780 3774 853">
     <span class='ocr_line' id='line_1_21' title="bbox 2190 780 3774 853; baseline 0 -18"><span class='ocrx_word' id='word_1_182' title='bbox 2190 796 2362 851; x_wconf 90' lang='lat' dir='ltr'><strong>quare</strong></span> <span class='ocrx_word' id='word_1_183' title='bbox 2387 782 2467 838; x_wconf 90' lang='lat' dir='ltr'><strong>sic</strong></span> <span class='ocrx_word' id='word_1_184' title='bbox 2495 797 2615 837; x_wconf 83' lang='lat' dir='ltr'><strong>eain</strong></span> <span class='ocrx_word' id='word_1_185' title='bbox 2648 783 2971 853; x_wconf 76' lang='lat' dir='ltr'><strong>alloquitur,</strong></span> <span class='ocrx_word' id='word_1_186' title='bbox 3010 800 3029 831; x_wconf 90' lang='lat'><strong>1</strong></span> <span class='ocrx_word' id='word_1_187' title='bbox 3074 780 3468 835; x_wconf 75' lang='lat' dir='ltr'><strong>Verumtamen</strong></span> <span class='ocrx_word' id='word_1_188' title='bbox 3505 781 3616 836; x_wconf 92' lang='lat' dir='ltr'><strong>Deo</strong></span> <span class='ocrx_word' id='word_1_189' title='bbox 3643 782 3774 837; x_wconf 84' lang='lat' dir='ltr'><strong>sub-</strong></span> 
     </span>
    </p>
   </div>
   <div class='ocr_carea' id='block_1_22' title="bbox 2185 870 3774 941">
    <p class='ocr_par' dir='ltr' id='par_1_22' title="bbox 2185 870 3774 941">
     <span class='ocr_line' id='line_1_22' title="bbox 2185 870 3774 941; baseline -0.001 -14"><span class='ocrx_word' id='word_1_190' title='bbox 2185 874 2329 941; x_wconf 84' lang='lat' dir='ltr'><strong>jecta</strong></span> <span class='ocrx_word' id='word_1_191' title='bbox 2354 882 2495 939; x_wconf 88' lang='lat' dir='ltr'><strong>esto,</strong></span> <span class='ocrx_word' id='word_1_192' title='bbox 2516 874 2696 927; x_wconf 89' lang='lat' dir='ltr'><strong>anima</strong></span> <span class='ocrx_word' id='word_1_193' title='bbox 2721 889 2863 928; x_wconf 91' lang='lat' dir='ltr'><strong>mea.</strong></span> <span class='ocrx_word' id='word_1_194' title='bbox 2902 891 2920 924; x_wconf 74' lang='grc' dir='ltr'><strong>ι</strong></span> <span class='ocrx_word' id='word_1_195' title='bbox 2960 872 3037 926; x_wconf 90' lang='lat' dir='ltr'><strong>Ac</strong></span> <span class='ocrx_word' id='word_1_196' title='bbox 3077 871 3332 941; x_wconf 86' lang='lat' dir='ltr'><strong>superius</strong></span> <span class='ocrx_word' id='word_1_197' title='bbox 3357 872 3569 926; x_wconf 75' lang='lat' dir='ltr'><strong>dixerat</strong></span> <span class='ocrx_word' id='word_1_198' title='bbox 3598 891 3610 925; x_wconf 88' lang='lat'><strong>:</strong></span> <span class='ocrx_word' id='word_1_199' title='bbox 3640 892 3656 922; x_wconf 88' lang='lat'><strong>1</strong></span> <span class='ocrx_word' id='word_1_200' title='bbox 3689 870 3774 926; x_wconf 98' lang='lat' dir='ltr'><strong>Ab</strong></span> 
     </span>
    </p>
   </div>
   <div class='ocr_carea' id='block_1_23' title="bbox 2189 963 3768 1034">
    <p class='ocr_par' dir='ltr' id='par_1_23' title="bbox 2189 963 3768 1034">
     <span class='ocr_line' id='line_1_23' title="bbox 2189 963 3768 1034; baseline 0.001 -17"><span class='ocrx_word' id='word_1_201' title='bbox 2189 965 2311 1034; x_wconf 89' lang='lat' dir='ltr'><strong>ipso</strong></span> <span class='ocrx_word' id='word_1_202' title='bbox 2348 965 2496 1020; x_wconf 91' lang='lat' dir='ltr'><strong>enim</strong></span> <span class='ocrx_word' id='word_1_203' title='bbox 2525 966 2763 1020; x_wconf 89' lang='lat' dir='ltr'><strong>salutare</strong></span> <span class='ocrx_word' id='word_1_204' title='bbox 2795 980 3010 1031; x_wconf 80' lang='lat' dir='ltr'><strong>meum;</strong></span> <span class='ocrx_word' id='word_1_205' title='bbox 3054 985 3072 1017; x_wconf 85' lang='grc'><strong>›</strong></span> <span class='ocrx_word' id='word_1_206' title='bbox 3114 965 3201 1019; x_wconf 88' lang='lat' dir='ltr'><strong>hic</strong></span> <span class='ocrx_word' id='word_1_207' title='bbox 3251 979 3400 1026; x_wconf 90' lang='lat' dir='ltr'><strong>vero,</strong></span> <span class='ocrx_word' id='word_1_208' title='bbox 3438 983 3456 1015; x_wconf 95' lang='lat'><strong>1</strong></span> <span class='ocrx_word' id='word_1_209' title='bbox 3497 963 3768 1030; x_wconf 80' lang='lat' dir='ltr'><strong>Quoniam</strong></span> 
     </span>
    </p>
   </div>
   <div class='ocr_carea' id='block_1_24' title="bbox 2190 1056 3771 1128">
    <p class='ocr_par' dir='ltr' id='par_1_24' title="bbox 2190 1056 3771 1128">
     <span class='ocr_line' id='line_1_24' title="bbox 2190 1056 3771 1128; baseline -0.001 -17"><span class='ocrx_word' id='word_1_210' title='bbox 2190 1058 2259 1111; x_wconf 90' lang='lat' dir='ltr'><strong>ab</strong></span> <span class='ocrx_word' id='word_1_211' title='bbox 2292 1058 2411 1128; x_wconf 89' lang='lat' dir='ltr'><strong>ipso</strong></span> <span class='ocrx_word' id='word_1_212' title='bbox 2441 1058 2709 1128; x_wconf 84' lang='lat' dir='ltr'><strong>patientia</strong></span> <span class='ocrx_word' id='word_1_213' title='bbox 2737 1072 2878 1113; x_wconf 88' lang='lat' dir='ltr'><strong>mea.</strong></span> <span class='ocrx_word' id='word_1_214' title='bbox 2913 1077 2932 1110; x_wconf 74' lang='grc' dir='ltr'><strong>ι</strong></span> <span class='ocrx_word' id='word_1_215' title='bbox 2968 1056 3161 1111; x_wconf 89' lang='lat' dir='ltr'><strong>Simile</strong></span> <span class='ocrx_word' id='word_1_216' title='bbox 3189 1066 3371 1113; x_wconf 88' lang='lat' dir='ltr'><strong>autem</strong></span> <span class='ocrx_word' id='word_1_217' title='bbox 3416 1057 3469 1111; x_wconf 91' lang='lat' dir='ltr'><strong>id</strong></span> <span class='ocrx_word' id='word_1_218' title='bbox 3501 1057 3666 1111; x_wconf 84' lang='lat' dir='ltr'><strong>fuerit</strong></span> <span class='ocrx_word' id='word_1_219' title='bbox 3686 1056 3771 1111; x_wconf 82' lang='lat' dir='ltr'><strong>di-</strong></span> 
     </span>
    </p>
   </div>
   <div class='ocr_carea' id='block_1_25' title="bbox 2189 1150 3770 1222">
    <p class='ocr_par' dir='ltr' id='par_1_25' title="bbox 2189 1150 3770 1222">
     <span class='ocr_line' id='line_1_25' title="bbox 2189 1150 3770 1222; baseline 0.001 -17"><span class='ocrx_word' id='word_1_220' title='bbox 2189 1159 2280 1205; x_wconf 91' lang='lat' dir='ltr'><strong>cto</strong></span> <span class='ocrx_word' id='word_1_221' title='bbox 2321 1151 2635 1222; x_wconf 74' lang='lat' dir='ltr'><strong>huiusmodi</strong></span> <span class='ocrx_word' id='word_1_222' title='bbox 2676 1171 2688 1206; x_wconf 93' lang='lat'>:</span> <span class='ocrx_word' id='word_1_223' title='bbox 2729 1171 2747 1202; x_wconf 93' lang='lat'><strong>1</strong></span> <span class='ocrx_word' id='word_1_224' title='bbox 2796 1150 2992 1206; x_wconf 90' lang='lat' dir='ltr'><strong>Omnia</strong></span> <span class='ocrx_word' id='word_1_225' title='bbox 3050 1168 3271 1221; x_wconf 88' lang='lat' dir='ltr'><strong>possum</strong></span> <span class='ocrx_word' id='word_1_226' title='bbox 3326 1152 3378 1205; x_wconf 91' lang='lat' dir='ltr'><strong>in</strong></span> <span class='ocrx_word' id='word_1_227' title='bbox 3430 1166 3496 1206; x_wconf 92' lang='lat' dir='ltr'><strong>eo</strong></span> <span class='ocrx_word' id='word_1_228' title='bbox 3540 1152 3633 1221; x_wconf 90' lang='lat' dir='ltr'><strong>qui</strong></span> <span class='ocrx_word' id='word_1_229' title='bbox 3684 1167 3770 1206; x_wconf 81' lang='lat' dir='ltr'><strong>me</strong></span> 
     </span>
    </p>
   </div>
   <div class='ocr_carea' id='block_1_26' title="bbox 2189 1242 3767 1313">
    <p class='ocr_par' dir='ltr' id='par_1_26' title="bbox 2189 1242 3767 1313">
     <span class='ocr_line' id='line_1_26' title="bbox 2189 1242 3767 1313; baseline -0.001 -16"><span class='ocrx_word' id='word_1_230' title='bbox 2189 1243 2467 1299; x_wconf 82' lang='lat' dir='ltr'><strong>confortat</strong></span> <span class='ocrx_word' id='word_1_231' title='bbox 2495 1243 2561 1298; x_wconf 80' lang='lat'><strong>°&quot;.</strong></span> <span class='ocrx_word' id='word_1_232' title='bbox 2612 1264 2631 1296; x_wconf 73' lang='grc' dir='ltr'><strong>ι</strong></span> <span class='ocrx_word' id='word_1_233' title='bbox 2685 1242 2806 1299; x_wconf 85' lang='lat' dir='ltr'><strong>Non</strong></span> <span class='ocrx_word' id='word_1_234' title='bbox 2843 1246 2987 1301; x_wconf 88' lang='lat' dir='ltr'><strong>enim</strong></span> <span class='ocrx_word' id='word_1_235' title='bbox 3038 1260 3069 1297; x_wconf 89' lang='lat' dir='ltr'><strong>a</strong></span> <span class='ocrx_word' id='word_1_236' title='bbox 3121 1244 3332 1313; x_wconf 90' lang='lat' dir='ltr'><strong>meipso</strong></span> <span class='ocrx_word' id='word_1_237' title='bbox 3397 1243 3767 1298; x_wconf 78' lang='lat' dir='ltr'><strong>fortitudinem</strong></span> 
     </span>
    </p>
   </div>
   <div class='ocr_carea' id='block_1_27' title="bbox 2188 1335 3771 1406">
    <p class='ocr_par' dir='ltr' id='par_1_27' title="bbox 2188 1335 3771 1406">
     <span class='ocr_line' id='line_1_27' title="bbox 2188 1335 3771 1406; baseline -0.002 -15"><span class='ocrx_word' id='word_1_238' title='bbox 2188 1338 2444 1405; x_wconf 84' lang='lat' dir='ltr'><strong>obtineo,</strong></span> <span class='ocrx_word' id='word_1_239' title='bbox 2477 1337 2571 1393; x_wconf 90' lang='lat' dir='ltr'><strong>sed</strong></span> <span class='ocrx_word' id='word_1_240' title='bbox 2621 1337 2693 1392; x_wconf 91' lang='lat' dir='ltr'><strong>ab</strong></span> <span class='ocrx_word' id='word_1_241' title='bbox 2723 1352 2792 1393; x_wconf 91' lang='lat' dir='ltr'><strong>eo</strong></span> <span class='ocrx_word' id='word_1_242' title='bbox 2828 1336 2921 1406; x_wconf 88' lang='lat' dir='ltr'><strong>qui</strong></span> <span class='ocrx_word' id='word_1_243' title='bbox 2959 1353 3047 1392; x_wconf 90' lang='lat' dir='ltr'><strong>me</strong></span> <span class='ocrx_word' id='word_1_244' title='bbox 3084 1335 3380 1398; x_wconf 84' lang='lat' dir='ltr'><strong>confortat,</strong></span> <span class='ocrx_word' id='word_1_245' title='bbox 3415 1345 3471 1391; x_wconf 85' lang='lat' dir='ltr'><strong>et</strong></span> <span class='ocrx_word' id='word_1_246' title='bbox 3518 1336 3606 1389; x_wconf 92' lang='lat' dir='ltr'><strong>hic</strong></span> <span class='ocrx_word' id='word_1_247' title='bbox 3650 1335 3726 1388; x_wconf 91' lang='lat' dir='ltr'><strong>ait</strong></span> <span class='ocrx_word' id='word_1_248' title='bbox 3755 1356 3771 1389; x_wconf 84' lang='grc'>;</span> 
     </span>
    </p>
   </div>
   <div class='ocr_carea' id='block_1_28' title="bbox 2193 1430 3775 1500">
    <p class='ocr_par' dir='ltr' id='par_1_28' title="bbox 2193 1430 3775 1500">
     <span class='ocr_line' id='line_1_28' title="bbox 2193 1430 3775 1500; baseline -0.001 -19"><span class='ocrx_word' id='word_1_249' title='bbox 2193 1448 2211 1481; x_wconf 94' lang='lat'><strong>1</strong></span> <span class='ocrx_word' id='word_1_250' title='bbox 2250 1430 2510 1500; x_wconf 84' lang='lat' dir='ltr'><strong>patientia</strong></span> <span class='ocrx_word' id='word_1_251' title='bbox 2552 1445 2671 1485; x_wconf 89' lang='lat' dir='ltr'><strong>mea</strong></span> <span class='ocrx_word' id='word_1_252' title='bbox 2720 1450 2737 1483; x_wconf 78' lang='grc' dir='ltr'><strong>ι</strong></span> <span class='ocrx_word' id='word_1_253' title='bbox 2774 1446 2881 1485; x_wconf 90' lang='lat' dir='ltr'><strong>non</strong></span> <span class='ocrx_word' id='word_1_254' title='bbox 2907 1446 2971 1485; x_wconf 85' lang='lat' dir='ltr'><strong>ex</strong></span> <span class='ocrx_word' id='word_1_255' title='bbox 3002 1430 3203 1484; x_wconf 90' lang='lat' dir='ltr'><strong>virtute</strong></span> <span class='ocrx_word' id='word_1_256' title='bbox 3248 1438 3302 1484; x_wconf 90' lang='lat' dir='ltr'><strong>et</strong></span> <span class='ocrx_word' id='word_1_257' title='bbox 3339 1438 3607 1500; x_wconf 86' lang='lat' dir='ltr'><strong>potestate</strong></span> <span class='ocrx_word' id='word_1_258' title='bbox 3650 1443 3775 1481; x_wconf 78' lang='lat' dir='ltr'><strong>mea</strong></span> 
     </span>
    </p>
   </div>
   <div class='ocr_carea' id='block_1_29' title="bbox 2187 1517 3775 1592">
    <p class='ocr_par' dir='ltr' id='par_1_29' title="bbox 2187 1517 3775 1592">
     <span class='ocr_line' id='line_1_29' title="bbox 2187 1517 3775 1592; baseline -0.003 -17"><span class='ocrx_word' id='word_1_259' title='bbox 2187 1530 2435 1589; x_wconf 82' lang='lat' dir='ltr'><strong>constat,</strong></span> <span class='ocrx_word' id='word_1_260' title='bbox 2467 1522 2563 1578; x_wconf 86' lang='lat' dir='ltr'><strong>sed</strong></span> <span class='ocrx_word' id='word_1_261' title='bbox 2597 1521 2666 1576; x_wconf 90' lang='lat' dir='ltr'><strong>ab</strong></span> <span class='ocrx_word' id='word_1_262' title='bbox 2697 1521 2819 1590; x_wconf 87' lang='lat' dir='ltr'><strong>ejus</strong></span> <span class='ocrx_word' id='word_1_263' title='bbox 2860 1522 3036 1592; x_wconf 89' lang='lat' dir='ltr'><strong>gratia</strong></span> <span class='ocrx_word' id='word_1_264' title='bbox 3072 1520 3252 1591; x_wconf 90' lang='lat' dir='ltr'><strong>prodit</strong></span> <span class='ocrx_word' id='word_1_265' title='bbox 3281 1539 3293 1574; x_wconf 90' lang='lat'><strong>:</strong></span> <span class='ocrx_word' id='word_1_266' title='bbox 3327 1538 3344 1570; x_wconf 94' lang='lat'><strong>1</strong></span> <span class='ocrx_word' id='word_1_267' title='bbox 3384 1518 3521 1573; x_wconf 88' lang='lat' dir='ltr'><strong>Nam</strong></span> <span class='ocrx_word' id='word_1_268' title='bbox 3550 1526 3605 1573; x_wconf 88' lang='lat' dir='ltr'><strong>et</strong></span> <span class='ocrx_word' id='word_1_269' title='bbox 3655 1517 3775 1587; x_wconf 82' lang='lat' dir='ltr'><strong>ipse</strong></span> 
     </span>
    </p>
   </div>
   <div class='ocr_carea' id='block_1_30' title="bbox 2190 1612 3775 1682">
    <p class='ocr_par' dir='ltr' id='par_1_30' title="bbox 2190 1612 3775 1682">
     <span class='ocr_line' id='line_1_30' title="bbox 2190 1612 3775 1682; baseline -0.001 -17"><span class='ocrx_word' id='word_1_270' title='bbox 2190 1612 2334 1670; x_wconf 84' lang='lat' dir='ltr'><strong>Deus</strong></span> <span class='ocrx_word' id='word_1_271' title='bbox 2392 1629 2549 1668; x_wconf 88' lang='lat' dir='ltr'><strong>meus</strong></span> <span class='ocrx_word' id='word_1_272' title='bbox 2607 1620 2663 1668; x_wconf 89' lang='lat' dir='ltr'><strong>et</strong></span> <span class='ocrx_word' id='word_1_273' title='bbox 2722 1612 2977 1667; x_wconf 80' lang='lat' dir='ltr'><strong>Salvator</strong></span> <span class='ocrx_word' id='word_1_274' title='bbox 3036 1628 3226 1679; x_wconf 89' lang='lat' dir='ltr'><strong>meus;</strong></span> <span class='ocrx_word' id='word_1_275' title='bbox 3271 1631 3289 1664; x_wconf 77' lang='grc' dir='ltr'><strong>ι</strong></span> <span class='ocrx_word' id='word_1_276' title='bbox 3344 1618 3680 1682; x_wconf 83' lang='lat' dir='ltr'><strong>quapmpter</strong></span> <span class='ocrx_word' id='word_1_277' title='bbox 3714 1620 3775 1663; x_wconf 89' lang='lat' dir='ltr'><strong>ut</strong></span> 
     </span>
    </p>
   </div>
   <div class='ocr_carea' id='block_1_31' title="bbox 2191 1702 3775 1772">
    <p class='ocr_par' dir='ltr' id='par_1_31' title="bbox 2191 1702 3775 1772">
     <span class='ocr_line' id='line_1_31' title="bbox 2191 1702 3775 1772; baseline -0.001 -16"><span class='ocrx_word' id='word_1_278' title='bbox 2191 1702 2335 1759; x_wconf 88' lang='lat' dir='ltr'><strong>Deus</strong></span> <span class='ocrx_word' id='word_1_279' title='bbox 2367 1719 2520 1759; x_wconf 89' lang='lat' dir='ltr'><strong>meus</strong></span> <span class='ocrx_word' id='word_1_280' title='bbox 2550 1713 2605 1759; x_wconf 90' lang='lat' dir='ltr'><strong>et</strong></span> <span class='ocrx_word' id='word_1_281' title='bbox 2636 1704 2890 1760; x_wconf 87' lang='lat' dir='ltr'><strong>Salvator</strong></span> <span class='ocrx_word' id='word_1_282' title='bbox 2918 1719 3073 1759; x_wconf 90' lang='lat' dir='ltr'><strong>meus</strong></span> <span class='ocrx_word' id='word_1_283' title='bbox 3106 1703 3423 1771; x_wconf 83' lang='lat' dir='ltr'><strong>patientiam</strong></span> <span class='ocrx_word' id='word_1_284' title='bbox 3467 1702 3600 1757; x_wconf 86' lang='lat' dir='ltr'><strong>mihi</strong></span> <span class='ocrx_word' id='word_1_285' title='bbox 3644 1718 3775 1772; x_wconf 91' lang='lat' dir='ltr'><strong>sup-</strong></span> 
     </span>
    </p>
   </div>
   <div class='ocr_carea' id='block_1_32' title="bbox 497 1788 2085 1876">
    <p class='ocr_par' dir='ltr' id='par_1_32' title="bbox 497 1795 2083 1876">
     <span class='ocr_line' id='line_1_32' title="bbox 497 1795 2083 1876; baseline 0.006 -28"><span class='ocrx_word' id='word_1_286' title='bbox 497 1795 608 1868; x_wconf 83' lang='grc' dir='ltr'>γὰρ</span> <span class='ocrx_word' id='word_1_287' title='bbox 630 1796 792 1861; x_wconf 78' lang='grc' dir='ltr'>αὐτὸς</span> <span class='ocrx_word' id='word_1_288' title='bbox 813 1796 945 1861; x_wconf 86' lang='grc' dir='ltr'>Θεός</span> <span class='ocrx_word' id='word_1_289' title='bbox 973 1815 1075 1868; x_wconf 89' lang='grc' dir='ltr'><strong>μου</strong></span> <span class='ocrx_word' id='word_1_290' title='bbox 1103 1799 1197 1851; x_wconf 75' lang='grc' dir='ltr'><strong>καὶ</strong></span> <span class='ocrx_word' id='word_1_291' title='bbox 1224 1800 1375 1871; x_wconf 84' lang='grc' dir='ltr'>Σωτή</span> <span class='ocrx_word' id='word_1_292' title='bbox 1384 1819 1415 1871; x_wconf 92' lang='grc' dir='ltr'><strong>ρ</strong></span> <span class='ocrx_word' id='word_1_293' title='bbox 1437 1818 1561 1871; x_wconf 91' lang='grc' dir='ltr'>μου,</span> <span class='ocrx_word' id='word_1_294' title='bbox 1588 1803 1947 1875; x_wconf 82' lang='grc' dir='ltr'>ἀντιλήπτωρ</span> <span class='ocrx_word' id='word_1_295' title='bbox 1960 1823 2083 1876; x_wconf 90' lang='grc' dir='ltr'>μου,</span> 
     </span>
    </p>
   </div>
   <div class='ocr_carea' id='block_1_33' title="bbox 2187 1788 3775 1876">
    <p class='ocr_par' dir='ltr' id='par_1_33' title="bbox 2188 1792 3775 1865">
     <span class='ocr_line' id='line_1_33' title="bbox 2188 1792 3775 1865; baseline -0.001 -17"><span class='ocrx_word' id='word_1_296' title='bbox 2188 1793 2413 1865; x_wconf 89' lang='lat' dir='ltr'><strong>peditat.</strong></span> <span class='ocrx_word' id='word_1_297' title='bbox 2450 1792 2803 1865; x_wconf 80' lang='lat' dir='ltr'><strong>Rursumque</strong></span> <span class='ocrx_word' id='word_1_298' title='bbox 2846 1796 3106 1864; x_wconf 87' lang='lat' dir='ltr'><strong>superius</strong></span> <span class='ocrx_word' id='word_1_299' title='bbox 3160 1795 3292 1851; x_wconf 91' lang='lat' dir='ltr'><strong>illud</strong></span> <span class='ocrx_word' id='word_1_300' title='bbox 3328 1795 3497 1850; x_wconf 89' lang='lat' dir='ltr'><strong>habes</strong></span> <span class='ocrx_word' id='word_1_301' title='bbox 3526 1834 3541 1858; x_wconf 95' lang='lat'><strong>,</strong></span> <span class='ocrx_word' id='word_1_302' title='bbox 3582 1812 3601 1844; x_wconf 94' lang='lat'><strong>1</strong></span> <span class='ocrx_word' id='word_1_303' title='bbox 3637 1793 3775 1847; x_wconf 86' lang='lat' dir='ltr'><strong>Nam</strong></span> 
     </span>
    </p>
   </div>
   <div class='ocr_carea' id='block_1_34' title="bbox 496 1887 2087 1963">
    <p class='ocr_par' dir='ltr' id='par_1_34' title="bbox 496 1887 2087 1963">
     <span class='ocr_line' id='line_1_34' title="bbox 496 1887 2087 1963; baseline 0.007 -23"><span class='ocrx_word' id='word_1_304' title='bbox 496 1889 560 1941; x_wconf 87' lang='grc' dir='ltr'><strong>οὐ</strong></span> <span class='ocrx_word' id='word_1_305' title='bbox 597 1887 670 1961; x_wconf 80' lang='grc' dir='ltr'>μὴ</span> <span class='ocrx_word' id='word_1_306' title='bbox 706 1890 1148 1958; x_wconf 88' lang='grc' dir='ltr'>μεταναστεύσω·</span> <span class='ocrx_word' id='word_1_307' title='bbox 1185 1911 1203 1943; x_wconf 84' lang='grc'><strong>›</strong></span> <span class='ocrx_word' id='word_1_308' title='bbox 1240 1892 1272 1963; x_wconf 83' lang='grc' dir='ltr'><strong>ἢ</strong></span> <span class='ocrx_word' id='word_1_309' title='bbox 1312 1893 1452 1946; x_wconf 71' lang='grc' dir='ltr'>κατὰ</span> <span class='ocrx_word' id='word_1_310' title='bbox 1491 1893 1583 1948; x_wconf 87' lang='grc' dir='ltr'><strong>τὸν</strong></span> <span class='ocrx_word' id='word_1_311' title='bbox 1625 1895 1856 1950; x_wconf 84' lang='grc' dir='ltr'>Ἀκύλαν</span> <span class='ocrx_word' id='word_1_312' title='bbox 1880 1899 2087 1952; x_wconf 76' lang='grc' dir='ltr'>καὶτὸν</span> 
     </span>
    </p>
   </div>
   <div class='ocr_carea' id='block_1_35' title="bbox 496 1979 2086 2059">
    <p class='ocr_par' dir='ltr' id='par_1_35' title="bbox 496 1979 2086 2059">
     <span class='ocr_line' id='line_1_35' title="bbox 496 1979 2086 2059; baseline 0.008 -28"><span class='ocrx_word' id='word_1_313' title='bbox 496 1979 811 2051; x_wconf 78' lang='grc' dir='ltr'>Σύμμαχον,</span> <span class='ocrx_word' id='word_1_314' title='bbox 837 2002 855 2032; x_wconf 98' lang='lat'><strong>1</strong></span> <span class='ocrx_word' id='word_1_315' title='bbox 891 1982 950 2034; x_wconf 83' lang='lat'>06</span> <span class='ocrx_word' id='word_1_316' title='bbox 982 1982 1348 2055; x_wconf 72' lang='grc' dir='ltr'>σφα-λήσομαι.</span> <span class='ocrx_word' id='word_1_317' title='bbox 1377 2005 1396 2037; x_wconf 72' lang='grc' dir='ltr'><strong>ι</strong></span> <span class='ocrx_word' id='word_1_318' title='bbox 1433 1986 1610 2058; x_wconf 82' lang='grc' dir='ltr'>Πολλὴ</span> <span class='ocrx_word' id='word_1_319' title='bbox 1643 1988 1699 2040; x_wconf 81' lang='grc' dir='ltr'><strong>δὲ</strong></span> <span class='ocrx_word' id='word_1_320' title='bbox 1733 1987 1963 2059; x_wconf 71' lang='grc' dir='ltr'>διαφορά</span> <span class='ocrx_word' id='word_1_321' title='bbox 1994 1990 2086 2043; x_wconf 80' lang='grc' dir='ltr'>τοῦ</span> 
     </span>
    </p>
   </div>
   <div class='ocr_carea' id='block_1_36' title="bbox 498 2074 2085 2147">
    <p class='ocr_par' dir='ltr' id='par_1_36' title="bbox 498 2074 2085 2147">
     <span class='ocr_line' id='line_1_36' title="bbox 498 2074 2085 2147; baseline 0.005 -21"><span class='ocrx_word' id='word_1_322' title='bbox 498 2074 821 2142; x_wconf 85' lang='grc' dir='ltr'>φάσκοντος,</span> <span class='ocrx_word' id='word_1_323' title='bbox 851 2093 869 2125; x_wconf 92' lang='lat'><strong>1</strong></span> <span class='ocrx_word' id='word_1_324' title='bbox 896 2076 957 2128; x_wconf 78' lang='grc' dir='ltr'><strong>ού</strong></span> <span class='ocrx_word' id='word_1_325' title='bbox 988 2076 1061 2147; x_wconf 86' lang='grc' dir='ltr'>μὴ</span> <span class='ocrx_word' id='word_1_326' title='bbox 1086 2077 1329 2131; x_wconf 82' lang='grc' dir='ltr'>σαλευθῶ</span> <span class='ocrx_word' id='word_1_327' title='bbox 1354 2080 1447 2132; x_wconf 74' lang='grc' dir='ltr'><strong>ἐπὶ</strong></span> <span class='ocrx_word' id='word_1_328' title='bbox 1471 2080 1671 2147; x_wconf 82' lang='grc' dir='ltr'>πλεῖον,</span> <span class='ocrx_word' id='word_1_329' title='bbox 1705 2101 1723 2133; x_wconf 75' lang='grc' dir='ltr'><strong>ι</strong></span> <span class='ocrx_word' id='word_1_330' title='bbox 1759 2082 1853 2135; x_wconf 73' lang='grc' dir='ltr'><strong>καὶ</strong></span> <span class='ocrx_word' id='word_1_331' title='bbox 1876 2082 1969 2135; x_wconf 78' lang='grc' dir='ltr'>τοῦ</span> <span class='ocrx_word' id='word_1_332' title='bbox 1998 2082 2054 2136; x_wconf 89' lang='grc' dir='ltr'><strong>λέ</strong></span> <span class='ocrx_word' id='word_1_333' title='bbox 2073 2112 2085 2123; x_wconf 85' lang='grc'><strong>-</strong></span> 
     </span>
    </p>
   </div>
   <div class='ocr_carea' id='block_1_37' title="bbox 495 2168 2080 2243">
    <p class='ocr_par' dir='ltr' id='par_1_37' title="bbox 495 2168 2080 2243">
     <span class='ocr_line' id='line_1_37' title="bbox 495 2168 2080 2243; baseline 0.005 -25"><span class='ocrx_word' id='word_1_334' title='bbox 495 2182 706 2234; x_wconf 86' lang='grc' dir='ltr'>γοντος,</span> <span class='ocrx_word' id='word_1_335' title='bbox 742 2187 760 2218; x_wconf 94' lang='lat'><strong>1</strong></span> <span class='ocrx_word' id='word_1_336' title='bbox 788 2168 849 2220; x_wconf 82' lang='grc' dir='ltr'><strong>ού</strong></span> <span class='ocrx_word' id='word_1_337' title='bbox 880 2168 1252 2240; x_wconf 78' lang='grc' dir='ltr'>σφαλήσομαι,</span> <span class='ocrx_word' id='word_1_338' title='bbox 1275 2191 1293 2221; x_wconf 85' lang='grc'><strong>›</strong></span> <span class='ocrx_word' id='word_1_339' title='bbox 1320 2173 1432 2236; x_wconf 75' lang='grc' dir='ltr'>καὶ,</span> <span class='ocrx_word' id='word_1_340' title='bbox 1458 2190 1477 2223; x_wconf 90' lang='lat'><strong>1</strong></span> <span class='ocrx_word' id='word_1_341' title='bbox 1500 2173 1558 2225; x_wconf 84' lang='grc' dir='ltr'><strong>οὐ</strong></span> <span class='ocrx_word' id='word_1_342' title='bbox 1592 2173 2029 2243; x_wconf 85' lang='grc' dir='ltr'>μεταναστεύσω.</span> <span class='ocrx_word' id='word_1_343' title='bbox 2062 2196 2080 2226; x_wconf 70' lang='grc' dir='ltr'><strong>ι</strong></span> 
     </span>
    </p>
   </div>
   <div class='ocr_carea' id='block_1_38' title="bbox 496 2258 2083 2335">
    <p class='ocr_par' dir='ltr' id='par_1_38' title="bbox 496 2258 2083 2335">
     <span class='ocr_line' id='line_1_38' title="bbox 496 2258 2083 2335; baseline 0.004 -25"><span class='ocrx_word' id='word_1_344' title='bbox 496 2258 572 2310; x_wconf 87' lang='grc' dir='ltr'>Τὸ</span> <span class='ocrx_word' id='word_1_345' title='bbox 616 2259 713 2328; x_wconf 85' lang='grc' dir='ltr'><strong>μὲν</strong></span> <span class='ocrx_word' id='word_1_346' title='bbox 758 2258 867 2330; x_wconf 81' lang='grc' dir='ltr'>γὰρ</span> <span class='ocrx_word' id='word_1_347' title='bbox 912 2259 1102 2330; x_wconf 78' lang='grc' dir='ltr'>ἐδήλου</span> <span class='ocrx_word' id='word_1_348' title='bbox 1150 2262 1475 2317; x_wconf 77' lang='grc' dir='ltr'>σαλεύεσθαι</span> <span class='ocrx_word' id='word_1_349' title='bbox 1529 2264 1652 2335; x_wconf 75' lang='grc' dir='ltr'>μὲν,</span> <span class='ocrx_word' id='word_1_350' title='bbox 1700 2265 1816 2319; x_wconf 80' lang='grc' dir='ltr'>ἀλλ’</span> <span class='ocrx_word' id='word_1_351' title='bbox 1846 2266 1945 2319; x_wconf 85' lang='grc' dir='ltr'><strong>ούκ</strong></span> <span class='ocrx_word' id='word_1_352' title='bbox 1995 2267 2083 2318; x_wconf 70' lang='grc' dir='ltr'>ἐπὶ</span> 
     </span>
    </p>
   </div>
   <div class='ocr_carea' id='block_1_39' title="bbox 499 2350 2085 2430">
    <p class='ocr_par' dir='ltr' id='par_1_39' title="bbox 499 2350 2085 2430">
     <span class='ocr_line' id='line_1_39' title="bbox 499 2350 2085 2430; baseline 0.006 -27"><span class='ocrx_word' id='word_1_353' title='bbox 499 2350 701 2404; x_wconf 83' lang='grc' dir='ltr'>πλεῖον·</span> <span class='ocrx_word' id='word_1_354' title='bbox 725 2350 962 2406; x_wconf 82' lang='grc' dir='ltr'>ἐνταῦθα</span> <span class='ocrx_word' id='word_1_355' title='bbox 991 2353 1046 2405; x_wconf 81' lang='grc' dir='ltr'>δὲ</span> <span class='ocrx_word' id='word_1_356' title='bbox 1081 2352 1311 2425; x_wconf 76' lang='grc' dir='ltr'>ἄρνησίς</span> <span class='ocrx_word' id='word_1_357' title='bbox 1345 2357 1461 2409; x_wconf 87' lang='grc' dir='ltr'>ἐστι</span> <span class='ocrx_word' id='word_1_358' title='bbox 1497 2356 1767 2430; x_wconf 80' lang='grc' dir='ltr'>παντελὴς</span> <span class='ocrx_word' id='word_1_359' title='bbox 1796 2357 1890 2410; x_wconf 82' lang='grc' dir='ltr'>τοῦ</span> <span class='ocrx_word' id='word_1_360' title='bbox 1928 2359 2085 2412; x_wconf 88' lang='grc' dir='ltr'>πταί-</span> 
     </span>
    </p>
   </div>
   <div class='ocr_carea' id='block_1_40' title="bbox 497 2442 2085 2535">
    <p class='ocr_par' dir='ltr' id='par_1_40' title="bbox 497 2442 2085 2535">
     <span class='ocr_line' id='line_1_40' title="bbox 497 2442 2085 2535; baseline 0.006 -42"><span class='ocrx_word' id='word_1_361' title='bbox 497 2457 726 2512; x_wconf 87' lang='grc' dir='ltr'>σματος.</span> <span class='ocrx_word' id='word_1_362' title='bbox 762 2462 780 2494; x_wconf 95' lang='lat'><strong>1</strong></span> <span class='ocrx_word' id='word_1_363' title='bbox 825 2443 949 2495; x_wconf 76' lang='grc' dir='ltr'><strong>Ἐπὶ</strong></span> <span class='ocrx_word' id='word_1_364' title='bbox 974 2442 1053 2514; x_wconf 83' lang='grc' dir='ltr'><strong>τῷ</strong></span> <span class='ocrx_word' id='word_1_365' title='bbox 1076 2445 1194 2516; x_wconf 86' lang='grc' dir='ltr'><strong>Θεῷ</strong></span> <span class='ocrx_word' id='word_1_366' title='bbox 1228 2446 1291 2499; x_wconf 84' lang='grc' dir='ltr'><strong>τὸ</strong></span> <span class='ocrx_word' id='word_1_367' title='bbox 1319 2448 1586 2519; x_wconf 80' lang='grc' dir='ltr'>σωτήριόν</span> <span class='ocrx_word' id='word_1_368' title='bbox 1620 2466 1722 2535; x_wconf 74' lang='grc' dir='ltr'><strong>μου</strong></span> <span class='ocrx_word' id='word_1_369' title='bbox 1763 2448 1856 2502; x_wconf 85' lang='grc' dir='ltr'><strong>καὶ</strong></span> <span class='ocrx_word' id='word_1_370' title='bbox 1893 2450 1926 2519; x_wconf 86' lang='grc' dir='ltr'>ἡ</span> <span class='ocrx_word' id='word_1_371' title='bbox 1959 2448 2085 2515; x_wconf 69' lang='grc' dir='ltr'>δόξα</span> 
     </span>
    </p>
   </div>
   <div class='ocr_carea' id='block_1_41' title="bbox 501 2532 2086 2611">
    <p class='ocr_par' dir='ltr' id='par_1_41' title="bbox 501 2532 2086 2611">
     <span class='ocr_line' id='line_1_41' title="bbox 501 2532 2086 2611; baseline 0.005 -26"><span class='ocrx_word' id='word_1_372' title='bbox 501 2549 624 2602; x_wconf 88' lang='grc' dir='ltr'>μου,</span> <span class='ocrx_word' id='word_1_373' title='bbox 661 2532 793 2596; x_wconf 88' lang='grc' dir='ltr'>Θεὸς</span> <span class='ocrx_word' id='word_1_374' title='bbox 812 2534 909 2603; x_wconf 81' lang='grc' dir='ltr'>τῆς</span> <span class='ocrx_word' id='word_1_375' title='bbox 942 2535 1193 2605; x_wconf 80' lang='grc' dir='ltr'>βοηθείας</span> <span class='ocrx_word' id='word_1_376' title='bbox 1224 2554 1347 2607; x_wconf 89' lang='grc' dir='ltr'>μου,</span> <span class='ocrx_word' id='word_1_377' title='bbox 1380 2539 1473 2591; x_wconf 75' lang='grc' dir='ltr'><strong>καὶ</strong></span> <span class='ocrx_word' id='word_1_378' title='bbox 1508 2540 1540 2609; x_wconf 83' lang='grc' dir='ltr'>ἡ</span> <span class='ocrx_word' id='word_1_379' title='bbox 1568 2532 1723 2605; x_wconf 81' lang='grc' dir='ltr'>ἐλπίς</span> <span class='ocrx_word' id='word_1_380' title='bbox 1760 2558 1859 2611; x_wconf 92' lang='grc' dir='ltr'><strong>μου</strong></span> <span class='ocrx_word' id='word_1_381' title='bbox 1894 2541 1987 2595; x_wconf 73' lang='grc' dir='ltr'>ἐπὶ</span> <span class='ocrx_word' id='word_1_382' title='bbox 2006 2540 2086 2611; x_wconf 88' lang='grc' dir='ltr'><strong>τῷ</strong></span> 
     </span>
    </p>
   </div>
   <div class='ocr_carea' id='block_1_42' title="bbox 495 2625 2083 2709">
    <p class='ocr_par' dir='ltr' id='par_1_42' title="bbox 495 2625 2083 2709">
     <span class='ocr_line' id='line_1_42' title="bbox 495 2625 2083 2709; baseline 0.007 -31"><span class='ocrx_word' id='word_1_383' title='bbox 495 2625 635 2695; x_wconf 85' lang='grc' dir='ltr'>Θεῷ.</span> <span class='ocrx_word' id='word_1_384' title='bbox 670 2646 689 2678; x_wconf 70' lang='grc' dir='ltr'><strong>ι</strong></span> <span class='ocrx_word' id='word_1_385' title='bbox 742 2628 851 2680; x_wconf 80' lang='grc' dir='ltr'><strong>Καὶ</strong></span> <span class='ocrx_word' id='word_1_386' title='bbox 899 2628 1131 2682; x_wconf 81' lang='grc' dir='ltr'>ἐνταῦθα</span> <span class='ocrx_word' id='word_1_387' title='bbox 1168 2631 1228 2684; x_wconf 87' lang='grc' dir='ltr'><strong>τὸ</strong></span> <span class='ocrx_word' id='word_1_388' title='bbox 1266 2650 1285 2682; x_wconf 92' lang='lat'><strong>1</strong></span> <span class='ocrx_word' id='word_1_389' title='bbox 1327 2634 1600 2704; x_wconf 84' lang='grc' dir='ltr'>Σωτήριον</span> <span class='ocrx_word' id='word_1_390' title='bbox 1640 2652 1658 2685; x_wconf 76' lang='grc' dir='ltr'><strong>ι</strong></span> <span class='ocrx_word' id='word_1_391' title='bbox 1698 2635 1727 2687; x_wconf 98' lang='lat'><strong>6</strong></span> <span class='ocrx_word' id='word_1_392' title='bbox 1771 2634 1978 2706; x_wconf 81' lang='grc' dir='ltr'>Ἰησοῦς</span> <span class='ocrx_word' id='word_1_393' title='bbox 2016 2640 2083 2709; x_wconf 83' lang='grc' dir='ltr'>τῇ</span> 
     </span>
    </p>
   </div>
   <div class='ocr_carea' id='block_1_43' title="bbox 508 2718 2084 2800">
    <p class='ocr_par' dir='ltr' id='par_1_43' title="bbox 508 2718 2084 2800">
     <span class='ocr_line' id='line_1_43' title="bbox 508 2718 2084 2800; baseline 0.008 -30"><span class='ocrx_word' id='word_1_394' title='bbox 508 2718 767 2791; x_wconf 80' lang='grc' dir='ltr'><strong>Ἐὅραῖκῇ</strong></span> <span class='ocrx_word' id='word_1_395' title='bbox 803 2724 952 2793; x_wconf 83' lang='grc' dir='ltr'><strong>φωνῇ</strong></span> <span class='ocrx_word' id='word_1_396' title='bbox 978 2720 1312 2792; x_wconf 82' lang='grc' dir='ltr'>ὠνόμασται,</span> <span class='ocrx_word' id='word_1_397' title='bbox 1344 2725 1438 2777; x_wconf 70' lang='grc' dir='ltr'>καὶ</span> <span class='ocrx_word' id='word_1_398' title='bbox 1468 2728 1582 2789; x_wconf 86' lang='grc' dir='ltr'>τοῖς</span> <span class='ocrx_word' id='word_1_399' title='bbox 1612 2728 1953 2800; x_wconf 80' lang='grc' dir='ltr'>χαρακτῆρσι</span> <span class='ocrx_word' id='word_1_400' title='bbox 1972 2732 2084 2793; x_wconf 89' lang='grc' dir='ltr'>τοῖς</span> 
     </span>
    </p>
   </div>
   <div class='ocr_carea' id='block_1_44' title="bbox 494 2810 2085 2889">
    <p class='ocr_par' dir='ltr' id='par_1_44' title="bbox 494 2810 2085 2889">
     <span class='ocr_line' id='line_1_44' title="bbox 494 2810 2085 2889; baseline 0.01 -28"><span class='ocrx_word' id='word_1_401' title='bbox 494 2810 681 2874; x_wconf 78' lang='grc' dir='ltr'>αὐτοῖς</span> <span class='ocrx_word' id='word_1_402' title='bbox 725 2812 1118 2883; x_wconf 88' lang='grc' dir='ltr'>ἐγγέγραπται.</span> <span class='ocrx_word' id='word_1_403' title='bbox 1170 2815 1382 2889; x_wconf 82' lang='grc' dir='ltr'>Ὥσπερ</span> <span class='ocrx_word' id='word_1_404' title='bbox 1423 2817 1479 2871; x_wconf 81' lang='grc' dir='ltr'><strong>δέ</strong></span> <span class='ocrx_word' id='word_1_405' title='bbox 1524 2820 1553 2871; x_wconf 90' lang='lat'><strong>6</strong></span> <span class='ocrx_word' id='word_1_406' title='bbox 1583 2820 1724 2886; x_wconf 88' lang='grc' dir='ltr'>θεῖος</span> <span class='ocrx_word' id='word_1_407' title='bbox 1763 2822 2085 2887; x_wconf 88' lang='grc' dir='ltr'>Ἀπόστολος</span> 
     </span>
    </p>
   </div>
   <div class='ocr_carea' id='block_1_45' title="bbox 495 2901 2083 2985">
    <p class='ocr_par' dir='ltr' id='par_1_45' title="bbox 495 2901 2083 2985">
     <span class='ocr_line' id='line_1_45' title="bbox 495 2901 2083 2985; baseline 0.009 -32"><span class='ocrx_word' id='word_1_408' title='bbox 495 2902 626 2974; x_wconf 82' lang='grc' dir='ltr'>περὶ</span> <span class='ocrx_word' id='word_1_409' title='bbox 660 2901 757 2955; x_wconf 81' lang='grc' dir='ltr'>τοῦ</span> <span class='ocrx_word' id='word_1_410' title='bbox 792 2904 1045 2976; x_wconf 79' lang='grc' dir='ltr'>Σωτῆρος</span> <span class='ocrx_word' id='word_1_411' title='bbox 1079 2906 1238 2977; x_wconf 79' lang='grc' dir='ltr'>ἡμῶν</span> <span class='ocrx_word' id='word_1_412' title='bbox 1280 2907 1457 2977; x_wconf 85' lang='grc' dir='ltr'>λέγων</span> <span class='ocrx_word' id='word_1_413' title='bbox 1504 2910 1733 2985; x_wconf 68' lang='grc' dir='ltr'>ἔγραφε·</span> <span class='ocrx_word' id='word_1_414' title='bbox 1773 2933 1791 2965; x_wconf 94' lang='lat'><strong>1</strong></span> <span class='ocrx_word' id='word_1_415' title='bbox 1832 2914 2083 2969; x_wconf 82' lang='grc' dir='ltr'>Δικαιού-</span> 
     </span>
    </p>
   </div>
   <div class='ocr_carea' id='block_1_46' title="bbox 499 2994 2084 3080">
    <p class='ocr_par' dir='ltr' id='par_1_46' title="bbox 499 2994 2084 3080">
     <span class='ocr_line' id='line_1_46' title="bbox 499 2994 2084 3080; baseline 0.01 -35"><span class='ocrx_word' id='word_1_416' title='bbox 499 3010 651 3064; x_wconf 90' lang='grc' dir='ltr'>μενοι</span> <span class='ocrx_word' id='word_1_417' title='bbox 677 2994 887 3067; x_wconf 87' lang='grc' dir='ltr'>δωρεὰν</span> <span class='ocrx_word' id='word_1_418' title='bbox 914 2999 979 3067; x_wconf 79' lang='grc' dir='ltr'>τῇ</span> <span class='ocrx_word' id='word_1_419' title='bbox 1005 2997 1171 3051; x_wconf 80' lang='grc' dir='ltr'>αὐτοῦ</span> <span class='ocrx_word' id='word_1_420' title='bbox 1201 3000 1383 3071; x_wconf 85' lang='grc' dir='ltr'>χάριτι</span> <span class='ocrx_word' id='word_1_421' title='bbox 1407 3001 1495 3055; x_wconf 82' lang='grc' dir='ltr'>διὰ</span> <span class='ocrx_word' id='word_1_422' title='bbox 1525 3004 1625 3074; x_wconf 82' lang='grc' dir='ltr'>τῆς</span> <span class='ocrx_word' id='word_1_423' title='bbox 1653 3005 2084 3080; x_wconf 83' lang='grc' dir='ltr'>ἀπολυτρώσεως</span> 
     </span>
    </p>
   </div>
   <div class='ocr_carea' id='block_1_47' title="bbox 492 3085 2155 3188">
    <p class='ocr_par' dir='ltr' id='par_1_47' title="bbox 492 3085 2155 3188">
     <span class='ocr_line' id='line_1_47' title="bbox 492 3085 2155 3188; baseline 0.011 -52"><span class='ocrx_word' id='word_1_424' title='bbox 492 3085 594 3188; x_wconf 56' lang='grc' dir='ltr'>τῆς</span> <span class='ocrx_word' id='word_1_425' title='bbox 622 3086 681 3188; x_wconf 72' lang='grc' dir='ltr'><strong>ἐν</strong></span> <span class='ocrx_word' id='word_1_426' title='bbox 704 3086 924 3188; x_wconf 75' lang='grc' dir='ltr'>Χριστῷ</span> <span class='ocrx_word' id='word_1_427' title='bbox 960 3088 1153 3188; x_wconf 67' lang='grc' dir='ltr'>Ἰησού·</span> <span class='ocrx_word' id='word_1_428' title='bbox 1182 3090 1242 3188; x_wconf 67' lang='grc' dir='ltr'>ὃν</span> <span class='ocrx_word' id='word_1_429' title='bbox 1266 3094 1526 3164; x_wconf 82' lang='grc' dir='ltr'>προέθετο</span> <span class='ocrx_word' id='word_1_430' title='bbox 1558 3098 1586 3149; x_wconf 92' lang='lat'><strong>6</strong></span> <span class='ocrx_word' id='word_1_431' title='bbox 1612 3096 1745 3162; x_wconf 86' lang='grc' dir='ltr'>Θεὸς</span> <span class='ocrx_word' id='word_1_432' title='bbox 1774 3098 2095 3173; x_wconf 65' lang='grc' dir='ltr'>ἱλαστήριον</span> <span class='ocrx_word' id='word_1_433' title='bbox 2112 3130 2155 3188; x_wconf 74' lang='lat' dir='ltr'><strong><em>C</em></strong></span> 
     </span>
    </p>
   </div>
   <div class='ocr_carea' id='block_1_48' title="bbox 492 3176 2085 3254">
    <p class='ocr_par' dir='ltr' id='par_1_48' title="bbox 492 3176 2085 3254">
     <span class='ocr_line' id='line_1_48' title="bbox 492 3176 2085 3254; baseline 0.013 -26"><span class='ocrx_word' id='word_1_434' title='bbox 492 3176 581 3230; x_wconf 77' lang='grc' dir='ltr'>διὰ</span> <span class='ocrx_word' id='word_1_435' title='bbox 607 3177 843 3242; x_wconf 81' lang='grc' dir='ltr'>πίστεως</span> <span class='ocrx_word' id='word_1_436' title='bbox 876 3180 934 3234; x_wconf 86' lang='grc' dir='ltr'><strong>ἐν</strong></span> <span class='ocrx_word' id='word_1_437' title='bbox 966 3180 1044 3251; x_wconf 84' lang='grc' dir='ltr'><strong>τῷ</strong></span> <span class='ocrx_word' id='word_1_438' title='bbox 1077 3182 1243 3236; x_wconf 82' lang='grc' dir='ltr'>αὑτοῦ</span> <span class='ocrx_word' id='word_1_439' title='bbox 1270 3184 1482 3254; x_wconf 81' lang='grc' dir='ltr'>αἵματι·</span> <span class='ocrx_word' id='word_1_440' title='bbox 1524 3206 1541 3237; x_wconf 74' lang='grc' dir='ltr'><strong>ι</strong></span> <span class='ocrx_word' id='word_1_441' title='bbox 1571 3189 1665 3241; x_wconf 76' lang='grc' dir='ltr'><strong>καὶ</strong></span> <span class='ocrx_word' id='word_1_442' title='bbox 1690 3188 1871 3243; x_wconf 88' lang='grc' dir='ltr'>πάλιν·</span> <span class='ocrx_word' id='word_1_443' title='bbox 1901 3210 1919 3241; x_wconf 94' lang='lat'><strong>1</strong></span> <span class='ocrx_word' id='word_1_444' title='bbox 1960 3192 2085 3247; x_wconf 84' lang='grc' dir='ltr'>Ἐάν</span> 
     </span>
    </p>
   </div>
   <div class='ocr_carea' id='block_1_49' title="bbox 492 3268 2085 3353">
    <p class='ocr_par' dir='ltr' id='par_1_49' title="bbox 492 3268 2085 3353">
     <span class='ocr_line' id='line_1_49' title="bbox 492 3268 2085 3353; baseline 0.009 -33"><span class='ocrx_word' id='word_1_445' title='bbox 492 3284 578 3331; x_wconf 66' lang='grc' dir='ltr'><strong>τις</strong></span> <span class='ocrx_word' id='word_1_446' title='bbox 611 3268 859 3344; x_wconf 80' lang='grc' dir='ltr'>ἁμάρτῃ,</span> <span class='ocrx_word' id='word_1_447' title='bbox 894 3271 1244 3343; x_wconf 80' lang='grc' dir='ltr'>παράκλητον</span> <span class='ocrx_word' id='word_1_448' title='bbox 1272 3273 1470 3345; x_wconf 80' lang='grc' dir='ltr'>ἔχομεν</span> <span class='ocrx_word' id='word_1_449' title='bbox 1500 3277 1635 3349; x_wconf 83' lang='grc' dir='ltr'>πρὸς</span> <span class='ocrx_word' id='word_1_450' title='bbox 1664 3277 1754 3331; x_wconf 87' lang='grc' dir='ltr'><strong>τὸν</strong></span> <span class='ocrx_word' id='word_1_451' title='bbox 1788 3279 1941 3345; x_wconf 79' lang='grc' dir='ltr'>Θεὸν,</span> <span class='ocrx_word' id='word_1_452' title='bbox 1980 3281 2085 3353; x_wconf 82' lang='grc' dir='ltr'><strong>Ἰη-</strong></span> 
     </span>
    </p>
   </div>
   <div class='ocr_carea' id='block_1_50' title="bbox 496 3359 2086 3443">
    <p class='ocr_par' dir='ltr' id='par_1_50' title="bbox 496 3359 2086 3443">
     <span class='ocr_line' id='line_1_50' title="bbox 496 3359 2086 3443; baseline 0.009 -33"><span class='ocrx_word' id='word_1_453' title='bbox 496 3359 623 3412; x_wconf 78' lang='grc' dir='ltr'>σοῦν</span> <span class='ocrx_word' id='word_1_454' title='bbox 657 3361 893 3432; x_wconf 84' lang='grc' dir='ltr'>Χριστὸν</span> <span class='ocrx_word' id='word_1_455' title='bbox 925 3363 1153 3417; x_wconf 84' lang='grc' dir='ltr'>δίκαιον·</span> <span class='ocrx_word' id='word_1_456' title='bbox 1191 3365 1283 3418; x_wconf 74' lang='grc' dir='ltr'>καὶ</span> <span class='ocrx_word' id='word_1_457' title='bbox 1315 3366 1475 3431; x_wconf 83' lang='grc' dir='ltr'>αὐτός</span> <span class='ocrx_word' id='word_1_458' title='bbox 1502 3368 1649 3420; x_wconf 89' lang='grc' dir='ltr'>ἐστιν</span> <span class='ocrx_word' id='word_1_459' title='bbox 1689 3367 1913 3440; x_wconf 79' lang='grc' dir='ltr'>ίλασμὸς</span> <span class='ocrx_word' id='word_1_460' title='bbox 1946 3370 2086 3443; x_wconf 69' lang='grc' dir='ltr'>ὑπὲρ</span> 
     </span>
    </p>
   </div>
   <div class='ocr_carea' id='block_1_51' title="bbox 492 3450 2084 3530">
    <p class='ocr_par' dir='ltr' id='par_1_51' title="bbox 492 3450 2084 3530">
     <span class='ocr_line' id='line_1_51' title="bbox 492 3450 2084 3530; baseline 0.007 -26"><span class='ocrx_word' id='word_1_461' title='bbox 492 3450 602 3505; x_wconf 72' lang='grc' dir='ltr'><strong>τῶν</strong></span> <span class='ocrx_word' id='word_1_462' title='bbox 622 3452 907 3526; x_wconf 74' lang='grc' dir='ltr'>ἁμαρτιῶν</span> <span class='ocrx_word' id='word_1_463' title='bbox 930 3455 1105 3527; x_wconf 74' lang='grc' dir='ltr'><strong>ὴμῶνο</strong></span> <span class='ocrx_word' id='word_1_464' title='bbox 1142 3476 1160 3509; x_wconf 77' lang='grc' dir='ltr'><strong>ι</strong></span> <span class='ocrx_word' id='word_1_465' title='bbox 1192 3457 1282 3510; x_wconf 91' lang='grc' dir='ltr'><strong>τὸν</strong></span> <span class='ocrx_word' id='word_1_466' title='bbox 1315 3458 1476 3511; x_wconf 83' lang='grc' dir='ltr'>αὑτὸν</span> <span class='ocrx_word' id='word_1_467' title='bbox 1502 3460 1703 3530; x_wconf 87' lang='grc' dir='ltr'>τρόπον</span> <span class='ocrx_word' id='word_1_468' title='bbox 1737 3460 1832 3514; x_wconf 72' lang='grc' dir='ltr'><strong>καὶ</strong></span> <span class='ocrx_word' id='word_1_469' title='bbox 1855 3461 2084 3515; x_wconf 71' lang='grc' dir='ltr'>ἐνταῦθα</span> 
     </span>
    </p>
   </div>
   <div class='ocr_carea' id='block_1_52' title="bbox 493 3541 2082 3624">
    <p class='ocr_par' dir='ltr' id='par_1_52' title="bbox 493 3541 2082 3624">
     <span class='ocr_line' id='line_1_52' title="bbox 493 3541 2082 3624; baseline 0.007 -29"><span class='ocrx_word' id='word_1_470' title='bbox 493 3541 763 3597; x_wconf 76' lang='grc' dir='ltr'>λέλεκταιο</span> <span class='ocrx_word' id='word_1_471' title='bbox 814 3546 936 3599; x_wconf 77' lang='grc' dir='ltr'>Ἐπὶ</span> <span class='ocrx_word' id='word_1_472' title='bbox 974 3546 1052 3618; x_wconf 85' lang='grc' dir='ltr'><strong>τῷ</strong></span> <span class='ocrx_word' id='word_1_473' title='bbox 1100 3548 1220 3621; x_wconf 81' lang='grc' dir='ltr'><strong>Θεῷ</strong></span> <span class='ocrx_word' id='word_1_474' title='bbox 1268 3548 1330 3602; x_wconf 89' lang='grc' dir='ltr'><strong>τὸ</strong></span> <span class='ocrx_word' id='word_1_475' title='bbox 1361 3550 1628 3621; x_wconf 83' lang='grc' dir='ltr'>σωτήριόν</span> <span class='ocrx_word' id='word_1_476' title='bbox 1662 3568 1764 3622; x_wconf 91' lang='grc' dir='ltr'><strong>μου</strong></span> <span class='ocrx_word' id='word_1_477' title='bbox 1788 3554 1932 3624; x_wconf 76' lang='grc' dir='ltr'>καὶὴ</span> <span class='ocrx_word' id='word_1_478' title='bbox 1959 3552 2082 3619; x_wconf 82' lang='grc' dir='ltr'>δόξα</span> 
     </span>
    </p>
   </div>
   <div class='ocr_carea' id='block_1_53' title="bbox 497 3637 2086 3714">
    <p class='ocr_par' dir='ltr' id='par_1_53' title="bbox 497 3637 2086 3714">
     <span class='ocr_line' id='line_1_53' title="bbox 497 3637 2086 3714; baseline 0.006 -27"><span class='ocrx_word' id='word_1_479' title='bbox 497 3652 624 3705; x_wconf 90' lang='grc' dir='ltr'>μου,</span> <span class='ocrx_word' id='word_1_480' title='bbox 657 3637 752 3689; x_wconf 72' lang='grc' dir='ltr'>καὶ</span> <span class='ocrx_word' id='word_1_481' title='bbox 778 3639 809 3708; x_wconf 85' lang='grc' dir='ltr'><strong>ή</strong></span> <span class='ocrx_word' id='word_1_482' title='bbox 846 3637 1071 3709; x_wconf 82' lang='grc' dir='ltr'>βοήθειά</span> <span class='ocrx_word' id='word_1_483' title='bbox 1105 3658 1207 3711; x_wconf 92' lang='grc' dir='ltr'><strong>μου</strong></span> <span class='ocrx_word' id='word_1_484' title='bbox 1236 3641 1330 3694; x_wconf 70' lang='grc' dir='ltr'><strong>καὶ¹</strong></span> <span class='ocrx_word' id='word_1_485' title='bbox 1359 3643 1392 3712; x_wconf 81' lang='grc' dir='ltr'>ἡ</span> <span class='ocrx_word' id='word_1_486' title='bbox 1417 3641 1573 3706; x_wconf 87' lang='grc' dir='ltr'>ἐλπίς</span> <span class='ocrx_word' id='word_1_487' title='bbox 1602 3660 1727 3714; x_wconf 93' lang='grc' dir='ltr'>μου.</span> <span class='ocrx_word' id='word_1_488' title='bbox 1773 3644 1862 3708; x_wconf 85' lang='grc' dir='ltr'>Ὣς</span> <span class='ocrx_word' id='word_1_489' title='bbox 1890 3645 1938 3697; x_wconf 85' lang='grc' dir='ltr'><strong>εί</strong></span> <span class='ocrx_word' id='word_1_490' title='bbox 1966 3644 2086 3697; x_wconf 88' lang='grc' dir='ltr'>λευ-</span> 
     </span>
    </p>
   </div>
   <div class='ocr_carea' id='block_1_54' title="bbox 494 3730 2084 3808">
    <p class='ocr_par' dir='ltr' id='par_1_54' title="bbox 494 3730 2084 3808">
     <span class='ocr_line' id='line_1_54' title="bbox 494 3730 2084 3808; baseline 0.006 -25"><span class='ocrx_word' id='word_1_491' title='bbox 494 3730 720 3803; x_wconf 86' lang='grc' dir='ltr'>κότερον</span> <span class='ocrx_word' id='word_1_492' title='bbox 750 3731 812 3784; x_wconf 91' lang='grc' dir='ltr'><strong>τὸ</strong></span> <span class='ocrx_word' id='word_1_493' title='bbox 852 3733 1253 3805; x_wconf 87' lang='grc' dir='ltr'>σημαινόμενον</span> <span class='ocrx_word' id='word_1_494' title='bbox 1284 3736 1392 3788; x_wconf 88' lang='grc' dir='ltr'>ὰπὸ</span> <span class='ocrx_word' id='word_1_495' title='bbox 1423 3736 1525 3806; x_wconf 80' lang='grc' dir='ltr'>τῆς</span> <span class='ocrx_word' id='word_1_496' title='bbox 1567 3737 1864 3808; x_wconf 78' lang='grc' dir='ltr'>Ἐϐραῖκῆς</span> <span class='ocrx_word' id='word_1_497' title='bbox 1901 3738 2084 3808; x_wconf 75' lang='grc' dir='ltr'>φωνῆς</span> 
     </span>
    </p>
   </div>
   <div class='ocr_carea' id='block_1_55' title="bbox 491 3824 2085 3901">
    <p class='ocr_par' dir='ltr' id='par_1_55' title="bbox 491 3824 2085 3901">
     <span class='ocr_line' id='line_1_55' title="bbox 491 3824 2085 3901; baseline 0.003 -22"><span class='ocrx_word' id='word_1_498' title='bbox 491 3824 700 3879; x_wconf 76' lang='grc' dir='ltr'>’τέθειτο</span> <span class='ocrx_word' id='word_1_499' title='bbox 732 3825 790 3878; x_wconf 89' lang='grc' dir='ltr'><strong>ἐν</strong></span> <span class='ocrx_word' id='word_1_500' title='bbox 818 3827 883 3896; x_wconf 82' lang='grc' dir='ltr'><strong>τῇ</strong></span> <span class='ocrx_word' id='word_1_501' title='bbox 920 3826 1206 3897; x_wconf 72' lang='grc' dir='ltr'>ἑρμηνείᾳ,</span> <span class='ocrx_word' id='word_1_502' title='bbox 1237 3826 1411 3891; x_wconf 83' lang='grc' dir='ltr'>οὓτως</span> <span class='ocrx_word' id='word_1_503' title='bbox 1445 3827 1513 3881; x_wconf 85' lang='grc' dir='ltr'><strong>ἂν</strong></span> <span class='ocrx_word' id='word_1_504' title='bbox 1543 3832 1838 3901; x_wconf 78' lang='grc' dir='ltr'>περιεῖχεν·</span> <span class='ocrx_word' id='word_1_505' title='bbox 1879 3829 2085 3901; x_wconf 71' lang='grc' dir='ltr'>Ἰησοῦς</span> 
     </span>
    </p>
   </div>
   <div class='ocr_carea' id='block_1_56' title="bbox 490 3915 2085 3990">
    <p class='ocr_par' dir='ltr' id='par_1_56' title="bbox 490 3915 2085 3990">
     <span class='ocr_line' id='line_1_56' title="bbox 490 3915 2085 3990; baseline 0.004 -23"><span class='ocrx_word' id='word_1_506' title='bbox 490 3915 552 3968; x_wconf 87' lang='grc' dir='ltr'><strong>τὸ</strong></span> <span class='ocrx_word' id='word_1_507' title='bbox 592 3915 859 3987; x_wconf 80' lang='grc' dir='ltr'>σωτήριόν</span> <span class='ocrx_word' id='word_1_508' title='bbox 906 3934 1006 3987; x_wconf 88' lang='grc' dir='ltr'><strong>μου</strong></span> <span class='ocrx_word' id='word_1_509' title='bbox 1042 3918 1099 3970; x_wconf 83' lang='grc' dir='ltr'><strong>ἐν</strong></span> <span class='ocrx_word' id='word_1_510' title='bbox 1130 3917 1208 3989; x_wconf 86' lang='grc' dir='ltr'><strong>τῷ</strong></span> <span class='ocrx_word' id='word_1_511' title='bbox 1393 3920 1700 3990; x_wconf 83' lang='grc' dir='ltr'>τυγχάνων,</span> <span class='ocrx_word' id='word_1_512' title='bbox 1738 3921 1834 3974; x_wconf 71' lang='grc' dir='ltr'><strong>καὶ</strong></span> <span class='ocrx_word' id='word_1_513' title='bbox 1877 3924 1934 3974; x_wconf 84' lang='grc' dir='ltr'><strong>ἐν</strong></span> <span class='ocrx_word' id='word_1_514' title='bbox 1972 3923 2085 3985; x_wconf 78' lang='grc' dir='ltr'>τοῖς</span> 
     </span>
    </p>
   </div>
   <div class='ocr_carea' id='block_1_57' title="bbox 494 4006 2086 4084">
    <p class='ocr_par' dir='ltr' id='par_1_57' title="bbox 494 4006 2086 4084">
     <span class='ocr_line' id='line_1_57' title="bbox 494 4006 2086 4084; baseline 0.006 -26"><span class='ocrx_word' id='word_1_515' title='bbox 494 4006 714 4072; x_wconf 87' lang='grc' dir='ltr'>κόλποις</span> <span class='ocrx_word' id='word_1_516' title='bbox 746 4007 842 4061; x_wconf 82' lang='grc' dir='ltr'><strong>τοῦ</strong></span> <span class='ocrx_word' id='word_1_517' title='bbox 872 4009 1107 4080; x_wconf 85' lang='grc' dir='ltr'>Πατρὸς,</span> <span class='ocrx_word' id='word_1_518' title='bbox 1156 4008 1317 4074; x_wconf 81' lang='grc' dir='ltr'>αὑτός</span> <span class='ocrx_word' id='word_1_519' title='bbox 1351 4012 1500 4064; x_wconf 89' lang='grc' dir='ltr'>ἐστιν</span> <span class='ocrx_word' id='word_1_520' title='bbox 1546 4013 1579 4083; x_wconf 80' lang='grc' dir='ltr'>ἡ</span> <span class='ocrx_word' id='word_1_521' title='bbox 1621 4012 1750 4078; x_wconf 83' lang='grc' dir='ltr'>δόξα</span> <span class='ocrx_word' id='word_1_522' title='bbox 1790 4030 1891 4084; x_wconf 91' lang='grc' dir='ltr'><strong>μου</strong></span> <span class='ocrx_word' id='word_1_523' title='bbox 1932 4015 2026 4067; x_wconf 74' lang='grc' dir='ltr'><strong>καὶ</strong></span> <span class='ocrx_word' id='word_1_524' title='bbox 2057 4016 2086 4067; x_wconf 91' lang='lat'><strong>6</strong></span> 
     </span>
    </p>
   </div>
   <div class='ocr_carea' id='block_1_58' title="bbox 493 4099 2084 4175">
    <p class='ocr_par' dir='ltr' id='par_1_58' title="bbox 493 4099 2084 4175">
     <span class='ocr_line' id='line_1_58' title="bbox 493 4099 2084 4175; baseline 0.004 -24"><span class='ocrx_word' id='word_1_525' title='bbox 493 4099 670 4168; x_wconf 77' lang='grc' dir='ltr'>φύλαξ</span> <span class='ocrx_word' id='word_1_526' title='bbox 700 4118 823 4170; x_wconf 85' lang='grc' dir='ltr'>μου,</span> <span class='ocrx_word' id='word_1_527' title='bbox 851 4101 945 4153; x_wconf 74' lang='grc' dir='ltr'><strong>καὶ</strong></span> <span class='ocrx_word' id='word_1_528' title='bbox 970 4104 997 4154; x_wconf 88' lang='grc' dir='ltr'>ὁ</span> <span class='ocrx_word' id='word_1_529' title='bbox 1022 4101 1154 4165; x_wconf 82' lang='grc' dir='ltr'>Θεὸς</span> <span class='ocrx_word' id='word_1_530' title='bbox 1181 4102 1282 4171; x_wconf 78' lang='grc' dir='ltr'>τῆς</span> <span class='ocrx_word' id='word_1_531' title='bbox 1316 4101 1565 4173; x_wconf 80' lang='grc' dir='ltr'>βοηθείας</span> <span class='ocrx_word' id='word_1_532' title='bbox 1602 4121 1725 4174; x_wconf 91' lang='grc' dir='ltr'>μου,</span> <span class='ocrx_word' id='word_1_533' title='bbox 1758 4105 1905 4175; x_wconf 79' lang='grc' dir='ltr'><strong>καὶὴ</strong></span> <span class='ocrx_word' id='word_1_534' title='bbox 1931 4105 2084 4169; x_wconf 84' lang='grc' dir='ltr'>ἐλπίς</span> 
     </span>
    </p>
   </div>
   <div class='ocr_carea' id='block_1_59' title="bbox 496 4192 2085 4267">
    <p class='ocr_par' dir='ltr' id='par_1_59' title="bbox 496 4192 2085 4267">
     <span class='ocr_line' id='line_1_59' title="bbox 496 4192 2085 4267; baseline 0.004 -23"><span class='ocrx_word' id='word_1_535' title='bbox 496 4207 601 4262; x_wconf 84' lang='grc' dir='ltr'><strong>μου</strong></span> <span class='ocrx_word' id='word_1_536' title='bbox 628 4193 662 4262; x_wconf 81' lang='grc' dir='ltr'><strong>ὴ</strong></span> <span class='ocrx_word' id='word_1_537' title='bbox 697 4192 756 4244; x_wconf 91' lang='grc' dir='ltr'><strong>ἐν</strong></span> <span class='ocrx_word' id='word_1_538' title='bbox 788 4193 867 4264; x_wconf 86' lang='grc' dir='ltr'><strong>τῷ</strong></span> <span class='ocrx_word' id='word_1_539' title='bbox 902 4192 1039 4264; x_wconf 85' lang='grc' dir='ltr'>Θεῷ.</span> <span class='ocrx_word' id='word_1_540' title='bbox 1072 4194 1261 4248; x_wconf 79' lang='grc' dir='ltr'>Ταῦτα</span> <span class='ocrx_word' id='word_1_541' title='bbox 1293 4194 1402 4267; x_wconf 85' lang='grc' dir='ltr'>γὰρ</span> <span class='ocrx_word' id='word_1_542' title='bbox 1428 4195 1607 4249; x_wconf 88' lang='grc' dir='ltr'>πάντα</span> <span class='ocrx_word' id='word_1_543' title='bbox 1636 4198 1663 4249; x_wconf 92' lang='lat'><strong>6</strong></span> <span class='ocrx_word' id='word_1_544' title='bbox 1690 4196 1783 4249; x_wconf 79' lang='grc' dir='ltr'>τοῦ</span> <span class='ocrx_word' id='word_1_545' title='bbox 1811 4196 2085 4250; x_wconf 63' lang='grc' dir='ltr'>ΘεούΛό-</span> 
     </span>
    </p>
   </div>
   <div class='ocr_carea' id='block_1_60' title="bbox 493 4285 2085 4351">
    <p class='ocr_par' dir='ltr' id='par_1_60' title="bbox 493 4285 2085 4351">
     <span class='ocr_line' id='line_1_60' title="bbox 493 4285 2085 4351; baseline 0.005 -16"><span class='ocrx_word' id='word_1_546' title='bbox 493 4299 589 4351; x_wconf 89' lang='grc' dir='ltr'><strong>γος</strong></span> <span class='ocrx_word' id='word_1_547' title='bbox 614 4285 732 4337; x_wconf 72' lang='grc' dir='ltr'>ἐστὶ</span> <span class='ocrx_word' id='word_1_548' title='bbox 770 4288 884 4348; x_wconf 90' lang='grc' dir='ltr'>τοῖς</span> <span class='ocrx_word' id='word_1_549' title='bbox 921 4287 1001 4348; x_wconf 89' lang='grc' dir='ltr'><strong>είς</strong></span> <span class='ocrx_word' id='word_1_550' title='bbox 1034 4286 1197 4340; x_wconf 81' lang='grc' dir='ltr'>αὐτὸν</span> <span class='ocrx_word' id='word_1_551' title='bbox 1238 4286 1535 4351; x_wconf 75' lang='grc' dir='ltr'>ἐλπίζουσι.</span> <span class='ocrx_word' id='word_1_552' title='bbox 1578 4288 1670 4341; x_wconf 86' lang='grc' dir='ltr'>Διὸ</span> <span class='ocrx_word' id='word_1_553' title='bbox 1704 4290 1798 4343; x_wconf 72' lang='grc' dir='ltr'><strong>καὶ</strong></span> <span class='ocrx_word' id='word_1_554' title='bbox 1829 4291 1971 4344; x_wconf 85' lang='grc' dir='ltr'><strong>κατὰ</strong></span> <span class='ocrx_word' id='word_1_555' title='bbox 1995 4291 2085 4345; x_wconf 78' lang='grc' dir='ltr'><strong>τὸν</strong></span> 
     </span>
    </p>
   </div>
   <div class='ocr_carea' id='block_1_61' title="bbox 456 4375 2084 4453">
    <p class='ocr_par' dir='ltr' id='par_1_61' title="bbox 456 4375 2084 4453">
     <span class='ocr_line' id='line_1_61' title="bbox 456 4375 2084 4453; baseline 0.004 -25"><span class='ocrx_word' id='word_1_556' title='bbox 456 4408 480 4453; x_wconf 64' lang='grc'><strong>-,</strong></span> <span class='ocrx_word' id='word_1_557' title='bbox 504 4375 738 4431; x_wconf 81' lang='grc' dir='ltr'>Ἀκύλαν</span> <span class='ocrx_word' id='word_1_558' title='bbox 770 4376 1003 4447; x_wconf 77' lang='grc' dir='ltr'>εἴρηται·</span> <span class='ocrx_word' id='word_1_559' title='bbox 1037 4397 1054 4429; x_wconf 88' lang='lat'><strong>1</strong></span> <span class='ocrx_word' id='word_1_560' title='bbox 1100 4379 1223 4431; x_wconf 80' lang='grc' dir='ltr'>Ἐπὶ</span> <span class='ocrx_word' id='word_1_561' title='bbox 1248 4378 1368 4449; x_wconf 86' lang='grc' dir='ltr'><strong>Θεῷ</strong></span> <span class='ocrx_word' id='word_1_562' title='bbox 1400 4381 1666 4453; x_wconf 86' lang='grc' dir='ltr'>σωτήριόν</span> <span class='ocrx_word' id='word_1_563' title='bbox 1703 4398 1806 4452; x_wconf 89' lang='grc' dir='ltr'><strong>μου</strong></span> <span class='ocrx_word' id='word_1_564' title='bbox 1840 4383 1935 4435; x_wconf 74' lang='grc' dir='ltr'>καὶ</span> <span class='ocrx_word' id='word_1_565' title='bbox 1957 4381 2084 4449; x_wconf 79' lang='grc' dir='ltr'>δόξα</span> 
     </span>
    </p>
   </div>
   <div class='ocr_carea' id='block_1_62' title="bbox 2188 1887 3777 1958">
    <p class='ocr_par' dir='ltr' id='par_1_62' title="bbox 2188 1887 3777 1958">
     <span class='ocr_line' id='line_1_62' title="bbox 2188 1887 3777 1958; baseline -0.003 -15"><span class='ocrx_word' id='word_1_566' title='bbox 2188 1894 2243 1943; x_wconf 89' lang='lat' dir='ltr'><strong>et</strong></span> <span class='ocrx_word' id='word_1_567' title='bbox 2289 1887 2408 1958; x_wconf 88' lang='lat' dir='ltr'><strong>ipse</strong></span> <span class='ocrx_word' id='word_1_568' title='bbox 2436 1887 2586 1944; x_wconf 89' lang='lat' dir='ltr'><strong>Deus</strong></span> <span class='ocrx_word' id='word_1_569' title='bbox 2628 1904 2785 1944; x_wconf 87' lang='lat' dir='ltr'><strong>meus</strong></span> <span class='ocrx_word' id='word_1_570' title='bbox 2838 1896 2895 1944; x_wconf 84' lang='lat' dir='ltr'><strong>et</strong></span> <span class='ocrx_word' id='word_1_571' title='bbox 2956 1888 3213 1943; x_wconf 79' lang='lat' dir='ltr'><strong>Salvator</strong></span> <span class='ocrx_word' id='word_1_572' title='bbox 3261 1904 3439 1952; x_wconf 89' lang='lat' dir='ltr'><strong>meus,</strong></span> <span class='ocrx_word' id='word_1_573' title='bbox 3487 1894 3777 1957; x_wconf 84' lang='lat' dir='ltr'><strong>susceptor</strong></span> 
     </span>
    </p>
   </div>
   <div class='ocr_carea' id='block_1_63' title="bbox 2189 1980 3774 2051">
    <p class='ocr_par' dir='ltr' id='par_1_63' title="bbox 2189 1980 3774 2051">
     <span class='ocr_line' id='line_1_63' title="bbox 2189 1980 3774 2051; baseline -0.001 -18"><span class='ocrx_word' id='word_1_574' title='bbox 2189 1995 2365 2046; x_wconf 90' lang='lat' dir='ltr'><strong>meus,</strong></span> <span class='ocrx_word' id='word_1_575' title='bbox 2398 1995 2507 2035; x_wconf 91' lang='lat' dir='ltr'><strong>non</strong></span> <span class='ocrx_word' id='word_1_576' title='bbox 2536 1980 2858 2051; x_wconf 82' lang='lat' dir='ltr'><strong>emigrabo;</strong></span> <span class='ocrx_word' id='word_1_577' title='bbox 2889 2001 2906 2032; x_wconf 78' lang='grc' dir='ltr'><strong>ι</strong></span> <span class='ocrx_word' id='word_1_578' title='bbox 2930 1982 3072 2044; x_wconf 89' lang='lat' dir='ltr'><strong>sive,</strong></span> <span class='ocrx_word' id='word_1_579' title='bbox 3104 1980 3405 2035; x_wconf 87' lang='lat' dir='ltr'><strong>secundum</strong></span> <span class='ocrx_word' id='word_1_580' title='bbox 3438 1980 3687 2050; x_wconf 80' lang='lat' dir='ltr'><strong>Aquilam</strong></span> <span class='ocrx_word' id='word_1_581' title='bbox 3719 1987 3774 2033; x_wconf 91' lang='lat' dir='ltr'><strong>et</strong></span> 
     </span>
    </p>
   </div>
   <div class='ocr_carea' id='block_1_64' title="bbox 2191 2070 3774 2144">
    <p class='ocr_par' dir='ltr' id='par_1_64' title="bbox 2191 2070 3774 2144">
     <span class='ocr_line' id='line_1_64' title="bbox 2191 2070 3774 2144; baseline -0.001 -16"><span class='ocrx_word' id='word_1_582' title='bbox 2191 2072 2601 2144; x_wconf 77' lang='lat' dir='ltr'><strong>Symmachum,</strong></span> <span class='ocrx_word' id='word_1_583' title='bbox 2654 2093 2673 2125; x_wconf 96' lang='lat'><strong>1</strong></span> <span class='ocrx_word' id='word_1_584' title='bbox 2710 2089 2817 2128; x_wconf 90' lang='lat' dir='ltr'><strong>non</strong></span> <span class='ocrx_word' id='word_1_585' title='bbox 2871 2074 3047 2128; x_wconf 82' lang='lat' dir='ltr'><strong>fallar.</strong></span> <span class='ocrx_word' id='word_1_586' title='bbox 3084 2093 3102 2123; x_wconf 75' lang='grc' dir='ltr'><strong>ι</strong></span> <span class='ocrx_word' id='word_1_587' title='bbox 3143 2072 3375 2126; x_wconf 77' lang='lat' dir='ltr'><strong>Multum</strong></span> <span class='ocrx_word' id='word_1_588' title='bbox 3400 2072 3630 2127; x_wconf 87' lang='lat' dir='ltr'><strong>interest</strong></span> <span class='ocrx_word' id='word_1_589' title='bbox 3658 2070 3774 2127; x_wconf 74' lang='lat' dir='ltr'><strong>dis-</strong></span> 
     </span>
    </p>
   </div>
   <div class='ocr_carea' id='block_1_65' title="bbox 2188 2163 3757 2231">
    <p class='ocr_par' dir='ltr' id='par_1_65' title="bbox 2188 2163 3757 2231">
     <span class='ocr_line' id='line_1_65' title="bbox 2188 2163 3757 2231; baseline -0.004 -12"><span class='ocrx_word' id='word_1_590' title='bbox 2188 2166 2437 2220; x_wconf 88' lang='lat' dir='ltr'><strong>criminis</strong></span> <span class='ocrx_word' id='word_1_591' title='bbox 2489 2165 2630 2221; x_wconf 89' lang='lat' dir='ltr'><strong>inter</strong></span> <span class='ocrx_word' id='word_1_592' title='bbox 2680 2165 2835 2230; x_wconf 92' lang='lat' dir='ltr'><strong>illud,</strong></span> <span class='ocrx_word' id='word_1_593' title='bbox 2895 2186 2913 2217; x_wconf 92' lang='lat'><strong>1</strong></span> <span class='ocrx_word' id='word_1_594' title='bbox 2953 2180 3060 2219; x_wconf 92' lang='lat' dir='ltr'><strong>non</strong></span> <span class='ocrx_word' id='word_1_595' title='bbox 3113 2164 3374 2218; x_wconf 89' lang='lat' dir='ltr'><strong>movebor</strong></span> <span class='ocrx_word' id='word_1_596' title='bbox 3438 2163 3700 2231; x_wconf 77' lang='lat' dir='ltr'><strong>amplius,</strong></span> <span class='ocrx_word' id='word_1_597' title='bbox 3738 2181 3757 2211; x_wconf 77' lang='grc' dir='ltr'><strong>ι</strong></span> 
     </span>
    </p>
   </div>
   <div class='ocr_carea' id='block_1_66' title="bbox 2187 2253 3767 2326">
    <p class='ocr_par' dir='ltr' id='par_1_66' title="bbox 2187 2253 3767 2326">
     <span class='ocr_line' id='line_1_66' title="bbox 2187 2253 3767 2326; baseline -0.003 -13"><span class='ocrx_word' id='word_1_598' title='bbox 2187 2266 2240 2313; x_wconf 88' lang='lat' dir='ltr'><strong>et</strong></span> <span class='ocrx_word' id='word_1_599' title='bbox 2283 2258 2439 2325; x_wconf 89' lang='lat' dir='ltr'><strong>illud,</strong></span> <span class='ocrx_word' id='word_1_600' title='bbox 2495 2276 2514 2309; x_wconf 89' lang='lat'><strong>1</strong></span> <span class='ocrx_word' id='word_1_601' title='bbox 2548 2273 2658 2313; x_wconf 94' lang='lat' dir='ltr'><strong>non</strong></span> <span class='ocrx_word' id='word_1_602' title='bbox 2691 2257 2869 2321; x_wconf 78' lang='lat' dir='ltr'><strong>fallar,</strong></span> <span class='ocrx_word' id='word_1_603' title='bbox 2902 2278 2920 2308; x_wconf 71' lang='grc' dir='ltr'><strong>ι</strong></span> <span class='ocrx_word' id='word_1_604' title='bbox 2948 2265 3002 2311; x_wconf 89' lang='lat' dir='ltr'><strong>et</strong></span> <span class='ocrx_word' id='word_1_605' title='bbox 3031 2275 3047 2307; x_wconf 92' lang='lat'><strong>1</strong></span> <span class='ocrx_word' id='word_1_606' title='bbox 3091 2271 3201 2311; x_wconf 93' lang='lat' dir='ltr'><strong>non</strong></span> <span class='ocrx_word' id='word_1_607' title='bbox 3236 2255 3539 2326; x_wconf 81' lang='lat' dir='ltr'><strong>emigrabo.</strong></span> <span class='ocrx_word' id='word_1_608' title='bbox 3577 2274 3595 2306; x_wconf 74' lang='grc' dir='ltr'><strong>ι</strong></span> <span class='ocrx_word' id='word_1_609' title='bbox 3631 2253 3767 2308; x_wconf 81' lang='lat' dir='ltr'><strong>Nam</strong></span> 
     </span>
    </p>
   </div>
   <div class='ocr_carea' id='block_1_67' title="bbox 2188 2345 3772 2418">
    <p class='ocr_par' dir='ltr' id='par_1_67' title="bbox 2188 2345 3772 2418">
     <span class='ocr_line' id='line_1_67' title="bbox 2188 2345 3772 2418; baseline 0.001 -18"><span class='ocrx_word' id='word_1_610' title='bbox 2188 2346 2321 2401; x_wconf 89' lang='lat' dir='ltr'><strong>illud</strong></span> <span class='ocrx_word' id='word_1_611' title='bbox 2362 2345 2583 2418; x_wconf 87' lang='lat' dir='ltr'><strong>quidem</strong></span> <span class='ocrx_word' id='word_1_612' title='bbox 2622 2346 2903 2401; x_wconf 84' lang='lat' dir='ltr'><strong>indicabat</strong></span> <span class='ocrx_word' id='word_1_613' title='bbox 2951 2347 3156 2400; x_wconf 78' lang='lat' dir='ltr'><strong>moveri</strong></span> <span class='ocrx_word' id='word_1_614' title='bbox 3190 2345 3411 2416; x_wconf 87' lang='lat' dir='ltr'><strong>quidem</strong></span> <span class='ocrx_word' id='word_1_615' title='bbox 3443 2345 3644 2415; x_wconf 90' lang='lat' dir='ltr'><strong>ipsum,</strong></span> <span class='ocrx_word' id='word_1_616' title='bbox 3677 2346 3772 2401; x_wconf 77' lang='lat' dir='ltr'><strong>sed</strong></span> 
     </span>
    </p>
   </div>
   <div class='ocr_carea' id='block_1_68' title="bbox 2187 2434 3767 2507">
    <p class='ocr_par' dir='ltr' id='par_1_68' title="bbox 2187 2434 3767 2507">
     <span class='ocr_line' id='line_1_68' title="bbox 2187 2434 3767 2507; baseline -0.004 -15"><span class='ocrx_word' id='word_1_617' title='bbox 2187 2455 2297 2493; x_wconf 89' lang='lat' dir='ltr'><strong>non</strong></span> <span class='ocrx_word' id='word_1_618' title='bbox 2338 2440 2601 2506; x_wconf 88' lang='lat' dir='ltr'><strong>multum;</strong></span> <span class='ocrx_word' id='word_1_619' title='bbox 2657 2447 2713 2493; x_wconf 89' lang='lat' dir='ltr'><strong>at</strong></span> <span class='ocrx_word' id='word_1_620' title='bbox 2752 2438 2841 2492; x_wconf 90' lang='lat' dir='ltr'><strong>hic</strong></span> <span class='ocrx_word' id='word_1_621' title='bbox 2873 2438 3125 2507; x_wconf 72' lang='lat' dir='ltr'><strong>cujusvis</strong></span> <span class='ocrx_word' id='word_1_622' title='bbox 3172 2436 3359 2507; x_wconf 90' lang='lat' dir='ltr'><strong>lapsus</strong></span> <span class='ocrx_word' id='word_1_623' title='bbox 3408 2434 3629 2506; x_wconf 85' lang='lat' dir='ltr'><strong>negatio</strong></span> <span class='ocrx_word' id='word_1_624' title='bbox 3661 2442 3767 2490; x_wconf 84' lang='lat' dir='ltr'><strong>est.</strong></span> 
     </span>
    </p>
   </div>
   <div class='ocr_carea' id='block_1_69' title="bbox 2194 2527 3774 2600">
    <p class='ocr_par' dir='ltr' id='par_1_69' title="bbox 2194 2527 3774 2600">
     <span class='ocr_line' id='line_1_69' title="bbox 2194 2527 3774 2600; baseline -0.002 -16"><span class='ocrx_word' id='word_1_625' title='bbox 2194 2554 2211 2584; x_wconf 92' lang='lat'><strong>1</strong></span> <span class='ocrx_word' id='word_1_626' title='bbox 2246 2532 2302 2587; x_wconf 87' lang='lat' dir='ltr'><strong>In</strong></span> <span class='ocrx_word' id='word_1_627' title='bbox 2335 2531 2447 2588; x_wconf 85' lang='lat' dir='ltr'><strong>Deo</strong></span> <span class='ocrx_word' id='word_1_628' title='bbox 2474 2532 2716 2588; x_wconf 89' lang='lat' dir='ltr'><strong>salutare</strong></span> <span class='ocrx_word' id='word_1_629' title='bbox 2758 2546 2939 2585; x_wconf 87' lang='lat' dir='ltr'><strong>meum</strong></span> <span class='ocrx_word' id='word_1_630' title='bbox 2975 2539 3030 2585; x_wconf 88' lang='lat' dir='ltr'><strong>et</strong></span> <span class='ocrx_word' id='word_1_631' title='bbox 3063 2529 3233 2600; x_wconf 81' lang='lat' dir='ltr'><strong>gloria</strong></span> <span class='ocrx_word' id='word_1_632' title='bbox 3260 2545 3401 2596; x_wconf 89' lang='lat' dir='ltr'><strong>mea,</strong></span> <span class='ocrx_word' id='word_1_633' title='bbox 3435 2527 3579 2583; x_wconf 74' lang='lat' dir='ltr'><strong>Deus</strong></span> <span class='ocrx_word' id='word_1_634' title='bbox 3617 2527 3774 2581; x_wconf 81' lang='lat' dir='ltr'><strong>auxi-</strong></span> 
     </span>
    </p>
   </div>
   <div class='ocr_carea' id='block_1_70' title="bbox 2187 2614 3775 2693">
    <p class='ocr_par' dir='ltr' id='par_1_70' title="bbox 2187 2614 3775 2693">
     <span class='ocr_line' id='line_1_70' title="bbox 2187 2614 3775 2693; baseline -0.003 -15"><span class='ocrx_word' id='word_1_635' title='bbox 2187 2625 2245 2679; x_wconf 91' lang='lat' dir='ltr'><strong>lii</strong></span> <span class='ocrx_word' id='word_1_636' title='bbox 2274 2625 2405 2686; x_wconf 92' lang='lat' dir='ltr'><strong>mei,</strong></span> <span class='ocrx_word' id='word_1_637' title='bbox 2434 2632 2491 2679; x_wconf 90' lang='lat' dir='ltr'><strong>et</strong></span> <span class='ocrx_word' id='word_1_638' title='bbox 2524 2637 2652 2693; x_wconf 83' lang='lat' dir='ltr'><strong>spes</strong></span> <span class='ocrx_word' id='word_1_639' title='bbox 2681 2637 2801 2677; x_wconf 91' lang='lat' dir='ltr'><strong>mea</strong></span> <span class='ocrx_word' id='word_1_640' title='bbox 2832 2622 2885 2675; x_wconf 92' lang='lat' dir='ltr'><strong>in</strong></span> <span class='ocrx_word' id='word_1_641' title='bbox 2916 2621 3025 2677; x_wconf 88' lang='lat' dir='ltr'><strong>Deo</strong></span> <span class='ocrx_word' id='word_1_642' title='bbox 3047 2629 3151 2677; x_wconf 84' lang='lat' dir='ltr'><strong>est.</strong></span> <span class='ocrx_word' id='word_1_643' title='bbox 3187 2640 3206 2673; x_wconf 72' lang='grc' dir='ltr'><strong>ι</strong></span> <span class='ocrx_word' id='word_1_644' title='bbox 3243 2619 3343 2675; x_wconf 83' lang='lat' dir='ltr'><strong>llic</strong></span> <span class='ocrx_word' id='word_1_645' title='bbox 3379 2614 3597 2691; x_wconf 85' lang='lat' dir='ltr'><strong>quoque</strong></span> <span class='ocrx_word' id='word_1_646' title='bbox 3632 2639 3651 2671; x_wconf 97' lang='lat'><strong>1</strong></span> <span class='ocrx_word' id='word_1_647' title='bbox 3687 2637 3775 2676; x_wconf 85' lang='lat' dir='ltr'><strong>sa-</strong></span> 
     </span>
    </p>
   </div>
   <div class='ocr_carea' id='block_1_71' title="bbox 2187 2713 3773 2785">
    <p class='ocr_par' dir='ltr' id='par_1_71' title="bbox 2187 2713 3773 2785">
     <span class='ocr_line' id='line_1_71' title="bbox 2187 2713 3773 2785; baseline -0.001 -15"><span class='ocrx_word' id='word_1_648' title='bbox 2187 2717 2363 2772; x_wconf 88' lang='lat' dir='ltr'><strong>lutare</strong></span> <span class='ocrx_word' id='word_1_649' title='bbox 2402 2734 2421 2768; x_wconf 75' lang='grc' dir='ltr'><strong>ι</strong></span> <span class='ocrx_word' id='word_1_650' title='bbox 2462 2713 2730 2772; x_wconf 86' lang='lat' dir='ltr'><strong>Hebraica</strong></span> <span class='ocrx_word' id='word_1_651' title='bbox 2760 2714 2944 2785; x_wconf 81' lang='lat' dir='ltr'><strong>lingua</strong></span> <span class='ocrx_word' id='word_1_652' title='bbox 2980 2713 3145 2768; x_wconf 70' lang='lat' dir='ltr'><strong>Jesus</strong></span> <span class='ocrx_word' id='word_1_653' title='bbox 3188 2713 3391 2776; x_wconf 86' lang='lat' dir='ltr'><strong>dictus,</strong></span> <span class='ocrx_word' id='word_1_654' title='bbox 3437 2725 3601 2783; x_wconf 85' lang='lat' dir='ltr'><strong>atque</strong></span> <span class='ocrx_word' id='word_1_655' title='bbox 3639 2713 3773 2782; x_wconf 82' lang='lat' dir='ltr'><strong>ipsis</strong></span> 
     </span>
    </p>
   </div>
   <div class='ocr_carea' id='block_1_72' title="bbox 2187 2803 3773 2876">
    <p class='ocr_par' dir='ltr' id='par_1_72' title="bbox 2187 2803 3773 2876">
     <span class='ocr_line' id='line_1_72' title="bbox 2187 2803 3773 2876; baseline -0.003 -13"><span class='ocrx_word' id='word_1_656' title='bbox 2187 2807 2598 2864; x_wconf 85' lang='lat' dir='ltr'><strong>characteribus</strong></span> <span class='ocrx_word' id='word_1_657' title='bbox 2620 2806 2932 2876; x_wconf 86' lang='lat' dir='ltr'><strong>descriptus</strong></span> <span class='ocrx_word' id='word_1_658' title='bbox 2955 2815 3061 2861; x_wconf 89' lang='lat' dir='ltr'><strong>est.</strong></span> <span class='ocrx_word' id='word_1_659' title='bbox 3092 2803 3563 2871; x_wconf 86' lang='lat' dir='ltr'><strong>Quemadmodum</strong></span> <span class='ocrx_word' id='word_1_660' title='bbox 3591 2812 3773 2859; x_wconf 76' lang='lat' dir='ltr'><strong>autem</strong></span> 
     </span>
    </p>
   </div>
   <div class='ocr_carea' id='block_1_73' title="bbox 2186 2898 3775 2972">
    <p class='ocr_par' dir='ltr' id='par_1_73' title="bbox 2186 2898 3775 2972">
     <span class='ocr_line' id='line_1_73' title="bbox 2186 2898 3775 2972; baseline -0.005 -15"><span class='ocrx_word' id='word_1_661' title='bbox 2186 2901 2407 2958; x_wconf 89' lang='lat' dir='ltr'><strong>divinus</strong></span> <span class='ocrx_word' id='word_1_662' title='bbox 2450 2901 2752 2972; x_wconf 82' lang='lat' dir='ltr'><strong>Apostolus</strong></span> <span class='ocrx_word' id='word_1_663' title='bbox 2786 2900 2855 2956; x_wconf 86' lang='lat' dir='ltr'><strong>de</strong></span> <span class='ocrx_word' id='word_1_664' title='bbox 2901 2898 3188 2954; x_wconf 88' lang='lat' dir='ltr'><strong>Salvatore</strong></span> <span class='ocrx_word' id='word_1_665' title='bbox 3218 2906 3417 2955; x_wconf 89' lang='lat' dir='ltr'><strong>nostro</strong></span> <span class='ocrx_word' id='word_1_666' title='bbox 3470 2898 3587 2953; x_wconf 70' lang='lat' dir='ltr'><strong>haec</strong></span> <span class='ocrx_word' id='word_1_667' title='bbox 3635 2898 3775 2952; x_wconf 85' lang='lat' dir='ltr'><strong>scri-</strong></span> 
     </span>
    </p>
   </div>
   <div class='ocr_carea' id='block_1_74' title="bbox 2186 2990 3765 3065">
    <p class='ocr_par' dir='ltr' id='par_1_74' title="bbox 2186 2990 3765 3065">
     <span class='ocr_line' id='line_1_74' title="bbox 2186 2990 3765 3065; baseline -0.004 -17"><span class='ocrx_word' id='word_1_668' title='bbox 2186 2992 2297 3065; x_wconf 87' lang='lat' dir='ltr'><strong>psit</strong></span> <span class='ocrx_word' id='word_1_669' title='bbox 2335 3011 2348 3047; x_wconf 90' lang='lat'>:</span> <span class='ocrx_word' id='word_1_670' title='bbox 2388 3012 2406 3044; x_wconf 93' lang='lat'><strong>1</strong></span> <span class='ocrx_word' id='word_1_671' title='bbox 2445 2990 2737 3048; x_wconf 77' lang='lat' dir='ltr'><strong>Justilieati</strong></span> <span class='ocrx_word' id='word_1_672' title='bbox 2792 2992 2965 3062; x_wconf 78' lang='lat' dir='ltr'><strong>gratis</strong></span> <span class='ocrx_word' id='word_1_673' title='bbox 3019 3006 3119 3061; x_wconf 89' lang='lat' dir='ltr'><strong>per</strong></span> <span class='ocrx_word' id='word_1_674' title='bbox 3161 2991 3391 3061; x_wconf 84' lang='lat' dir='ltr'><strong>gratiam</strong></span> <span class='ocrx_word' id='word_1_675' title='bbox 3442 2991 3636 3061; x_wconf 90' lang='lat' dir='ltr'><strong>ipsius,</strong></span> <span class='ocrx_word' id='word_1_676' title='bbox 3682 3006 3765 3059; x_wconf 74' lang='lat' dir='ltr'><strong>per</strong></span> 
     </span>
    </p>
   </div>
   <div class='ocr_carea' id='block_1_75' title="bbox 2188 3083 3778 3154">
    <p class='ocr_par' dir='ltr' id='par_1_75' title="bbox 2188 3083 3778 3154">
     <span class='ocr_line' id='line_1_75' title="bbox 2188 3083 3778 3154; baseline -0.003 -16"><span class='ocrx_word' id='word_1_677' title='bbox 2188 3083 2615 3154; x_wconf 89' lang='lat' dir='ltr'><strong>redemptionem</strong></span> <span class='ocrx_word' id='word_1_678' title='bbox 2650 3098 2772 3154; x_wconf 83' lang='lat' dir='ltr'><strong>quae</strong></span> <span class='ocrx_word' id='word_1_679' title='bbox 2797 3092 2883 3139; x_wconf 90' lang='lat' dir='ltr'><strong>est</strong></span> <span class='ocrx_word' id='word_1_680' title='bbox 2918 3084 2972 3138; x_wconf 91' lang='lat' dir='ltr'><strong>in</strong></span> <span class='ocrx_word' id='word_1_681' title='bbox 2999 3083 3221 3139; x_wconf 82' lang='lat' dir='ltr'><strong>Christo</strong></span> <span class='ocrx_word' id='word_1_682' title='bbox 3245 3083 3374 3139; x_wconf 74' lang='lat' dir='ltr'><strong>.lesu</strong></span> <span class='ocrx_word' id='word_1_683' title='bbox 3406 3103 3419 3138; x_wconf 77' lang='grc' dir='ltr'>ε</span> <span class='ocrx_word' id='word_1_684' title='bbox 3454 3098 3613 3153; x_wconf 91' lang='lat' dir='ltr'><strong>quem</strong></span> <span class='ocrx_word' id='word_1_685' title='bbox 3650 3097 3778 3152; x_wconf 84' lang='lat' dir='ltr'><strong>pro-</strong></span> 
     </span>
    </p>
   </div>
   <div class='ocr_carea' id='block_1_76' title="bbox 2190 3174 3779 3245">
    <p class='ocr_par' dir='ltr' id='par_1_76' title="bbox 2190 3174 3779 3245">
     <span class='ocr_line' id='line_1_76' title="bbox 2190 3174 3779 3245; baseline -0.002 -15"><span class='ocrx_word' id='word_1_686' title='bbox 2190 3176 2372 3245; x_wconf 90' lang='lat' dir='ltr'><strong>posuit</strong></span> <span class='ocrx_word' id='word_1_687' title='bbox 2412 3174 2555 3229; x_wconf 90' lang='lat' dir='ltr'><strong>Deus</strong></span> <span class='ocrx_word' id='word_1_688' title='bbox 2588 3175 3032 3245; x_wconf 88' lang='lat' dir='ltr'><strong>propitiationem</strong></span> <span class='ocrx_word' id='word_1_689' title='bbox 3068 3190 3161 3245; x_wconf 88' lang='lat' dir='ltr'><strong>per</strong></span> <span class='ocrx_word' id='word_1_690' title='bbox 3208 3176 3369 3231; x_wconf 84' lang='lat' dir='ltr'><strong>ﬁdem</strong></span> <span class='ocrx_word' id='word_1_691' title='bbox 3414 3176 3469 3229; x_wconf 91' lang='lat' dir='ltr'><strong>in</strong></span> <span class='ocrx_word' id='word_1_692' title='bbox 3510 3175 3779 3245; x_wconf 83' lang='lat' dir='ltr'><strong>sanguine</strong></span> 
     </span>
    </p>
   </div>
   <div class='ocr_carea' id='block_1_77' title="bbox 2190 3266 3778 3338">
    <p class='ocr_par' dir='ltr' id='par_1_77' title="bbox 2190 3266 3778 3338">
     <span class='ocr_line' id='line_1_77' title="bbox 2190 3266 3778 3338; baseline -0.001 -17"><span class='ocrx_word' id='word_1_693' title='bbox 2190 3268 2363 3337; x_wconf 91' lang='lat' dir='ltr'><strong>ipsius</strong></span> <span class='ocrx_word' id='word_1_694' title='bbox 2396 3267 2464 3335; x_wconf 63' lang='lat'><strong>‘3;</strong></span> <span class='ocrx_word' id='word_1_695' title='bbox 2503 3286 2521 3319; x_wconf 73' lang='grc' dir='ltr'><strong>ι</strong></span> <span class='ocrx_word' id='word_1_696' title='bbox 2559 3281 2623 3322; x_wconf 91' lang='lat' dir='ltr'><strong>ac</strong></span> <span class='ocrx_word' id='word_1_697' title='bbox 2668 3283 2887 3323; x_wconf 88' lang='lat' dir='ltr'><strong>rursum</strong></span> <span class='ocrx_word' id='word_1_698' title='bbox 2922 3286 2935 3322; x_wconf 91' lang='lat'><strong>:</strong></span> <span class='ocrx_word' id='word_1_699' title='bbox 2974 3286 2993 3321; x_wconf 92' lang='lat'><strong>1</strong></span> <span class='ocrx_word' id='word_1_700' title='bbox 3033 3267 3091 3321; x_wconf 90' lang='lat' dir='ltr'><strong>Si</strong></span> <span class='ocrx_word' id='word_1_701' title='bbox 3126 3268 3253 3338; x_wconf 84' lang='lat' dir='ltr'><strong>quis</strong></span> <span class='ocrx_word' id='word_1_702' title='bbox 3298 3267 3627 3338; x_wconf 84' lang='lat' dir='ltr'><strong>peccaverit,</strong></span> <span class='ocrx_word' id='word_1_703' title='bbox 3679 3266 3778 3319; x_wconf 87' lang='lat' dir='ltr'><strong>ad-</strong></span> 
     </span>
    </p>
   </div>
   <div class='ocr_carea' id='block_1_78' title="bbox 2188 3358 3773 3431">
    <p class='ocr_par' dir='ltr' id='par_1_78' title="bbox 2188 3358 3773 3431">
     <span class='ocr_line' id='line_1_78' title="bbox 2188 3358 3773 3431; baseline -0.001 -19"><span class='ocrx_word' id='word_1_704' title='bbox 2188 3367 2442 3415; x_wconf 90' lang='lat' dir='ltr'><strong>vocatum</strong></span> <span class='ocrx_word' id='word_1_705' title='bbox 2477 3360 2745 3417; x_wconf 86' lang='lat' dir='ltr'><strong>habemus</strong></span> <span class='ocrx_word' id='word_1_706' title='bbox 2794 3359 2939 3431; x_wconf 89' lang='lat' dir='ltr'><strong>apud</strong></span> <span class='ocrx_word' id='word_1_707' title='bbox 2990 3359 3183 3424; x_wconf 89' lang='lat' dir='ltr'><strong>Deum,</strong></span> <span class='ocrx_word' id='word_1_708' title='bbox 3248 3358 3437 3415; x_wconf 87' lang='lat' dir='ltr'><strong>Jesum</strong></span> <span class='ocrx_word' id='word_1_709' title='bbox 3492 3358 3773 3415; x_wconf 81' lang='lat' dir='ltr'><strong>Christum</strong></span> 
     </span>
    </p>
   </div>
   <div class='ocr_carea' id='block_1_79' title="bbox 2183 3452 3775 3523">
    <p class='ocr_par' dir='ltr' id='par_1_79' title="bbox 2183 3452 3775 3523">
     <span class='ocr_line' id='line_1_79' title="bbox 2183 3452 3775 3523; baseline 0 -17"><span class='ocrx_word' id='word_1_710' title='bbox 2183 3452 2417 3521; x_wconf 86' lang='lat' dir='ltr'><strong>justum,</strong></span> <span class='ocrx_word' id='word_1_711' title='bbox 2473 3460 2525 3508; x_wconf 91' lang='lat' dir='ltr'><strong>et</strong></span> <span class='ocrx_word' id='word_1_712' title='bbox 2574 3453 2693 3523; x_wconf 88' lang='lat' dir='ltr'><strong>ipse</strong></span> <span class='ocrx_word' id='word_1_713' title='bbox 2741 3462 2825 3508; x_wconf 89' lang='lat' dir='ltr'><strong>est</strong></span> <span class='ocrx_word' id='word_1_714' title='bbox 2872 3452 3190 3523; x_wconf 85' lang='lat' dir='ltr'><strong>propitiatio</strong></span> <span class='ocrx_word' id='word_1_715' title='bbox 3236 3468 3334 3523; x_wconf 89' lang='lat' dir='ltr'><strong>pro</strong></span> <span class='ocrx_word' id='word_1_716' title='bbox 3378 3453 3621 3523; x_wconf 86' lang='lat' dir='ltr'><strong>peccatis</strong></span> <span class='ocrx_word' id='word_1_717' title='bbox 3672 3466 3775 3507; x_wconf 92' lang='lat' dir='ltr'><strong>no-</strong></span> 
     </span>
    </p>
   </div>
   <div class='ocr_carea' id='block_1_80' title="bbox 2187 3542 3777 3610">
    <p class='ocr_par' dir='ltr' id='par_1_80' title="bbox 2187 3542 3777 3610">
     <span class='ocr_line' id='line_1_80' title="bbox 2187 3542 3777 3610; baseline 0.001 -14"><span class='ocrx_word' id='word_1_718' title='bbox 2187 3543 2316 3597; x_wconf 87' lang='lat' dir='ltr'><strong>stris</strong></span> <span class='ocrx_word' id='word_1_719' title='bbox 2344 3543 2413 3609; x_wconf 78' lang='lat'><strong>“,</strong></span> <span class='ocrx_word' id='word_1_720' title='bbox 2456 3562 2475 3594; x_wconf 77' lang='grc' dir='ltr'><strong>ι</strong></span> <span class='ocrx_word' id='word_1_721' title='bbox 2508 3542 2590 3599; x_wconf 85' lang='lat' dir='ltr'><strong>sic</strong></span> <span class='ocrx_word' id='word_1_722' title='bbox 2619 3552 2673 3597; x_wconf 88' lang='lat' dir='ltr'><strong>et</strong></span> <span class='ocrx_word' id='word_1_723' title='bbox 2706 3543 2812 3598; x_wconf 93' lang='lat' dir='ltr'><strong>hoc</strong></span> <span class='ocrx_word' id='word_1_724' title='bbox 2858 3543 2979 3598; x_wconf 85' lang='lat' dir='ltr'><strong>loco</strong></span> <span class='ocrx_word' id='word_1_725' title='bbox 3027 3542 3254 3610; x_wconf 86' lang='lat' dir='ltr'><strong>dicitur,</strong></span> <span class='ocrx_word' id='word_1_726' title='bbox 3299 3542 3355 3597; x_wconf 92' lang='lat' dir='ltr'><strong>ln</strong></span> <span class='ocrx_word' id='word_1_727' title='bbox 3398 3542 3509 3597; x_wconf 87' lang='lat' dir='ltr'><strong>Deo</strong></span> <span class='ocrx_word' id='word_1_728' title='bbox 3535 3543 3777 3597; x_wconf 87' lang='lat' dir='ltr'><strong>salutare</strong></span> 
     </span>
    </p>
   </div>
   <div class='ocr_carea' id='block_1_81' title="bbox 2186 3635 3775 3708">
    <p class='ocr_par' dir='ltr' id='par_1_81' title="bbox 2186 3635 3775 3708">
     <span class='ocr_line' id='line_1_81' title="bbox 2186 3635 3775 3708; baseline -0.001 -17"><span class='ocrx_word' id='word_1_729' title='bbox 2186 3651 2368 3692; x_wconf 90' lang='lat' dir='ltr'><strong>meum</strong></span> <span class='ocrx_word' id='word_1_730' title='bbox 2412 3644 2467 3692; x_wconf 92' lang='lat' dir='ltr'><strong>et</strong></span> <span class='ocrx_word' id='word_1_731' title='bbox 2506 3636 2680 3708; x_wconf 82' lang='lat' dir='ltr'><strong>gloria</strong></span> <span class='ocrx_word' id='word_1_732' title='bbox 2726 3650 2868 3701; x_wconf 88' lang='lat' dir='ltr'><strong>mea,</strong></span> <span class='ocrx_word' id='word_1_733' title='bbox 2916 3643 2977 3691; x_wconf 86' lang='lat' dir='ltr'><strong>et</strong></span> <span class='ocrx_word' id='word_1_734' title='bbox 3015 3635 3279 3689; x_wconf 82' lang='lat' dir='ltr'><strong>auxilium</strong></span> <span class='ocrx_word' id='word_1_735' title='bbox 3335 3650 3515 3688; x_wconf 88' lang='lat' dir='ltr'><strong>meum</strong></span> <span class='ocrx_word' id='word_1_736' title='bbox 3562 3645 3615 3689; x_wconf 88' lang='lat' dir='ltr'><strong>et</strong></span> <span class='ocrx_word' id='word_1_737' title='bbox 3651 3650 3775 3703; x_wconf 85' lang='lat' dir='ltr'><strong>spes</strong></span> 
     </span>
    </p>
   </div>
   <div class='ocr_carea' id='block_1_82' title="bbox 2186 3726 3776 3797">
    <p class='ocr_par' dir='ltr' id='par_1_82' title="bbox 2186 3726 3776 3797">
     <span class='ocr_line' id='line_1_82' title="bbox 2186 3726 3776 3797; baseline 0.001 -16"><span class='ocrx_word' id='word_1_738' title='bbox 2186 3743 2328 3783; x_wconf 72' lang='lat' dir='ltr'><strong>nisa.</strong></span> <span class='ocrx_word' id='word_1_739' title='bbox 2390 3727 2467 3781; x_wconf 92' lang='lat' dir='ltr'><strong>Ita</strong></span> <span class='ocrx_word' id='word_1_740' title='bbox 2511 3738 2569 3781; x_wconf 91' lang='lat' dir='ltr'><strong>ut</strong></span> <span class='ocrx_word' id='word_1_741' title='bbox 2600 3727 2647 3783; x_wconf 90' lang='lat' dir='ltr'><strong>si</strong></span> <span class='ocrx_word' id='word_1_742' title='bbox 2687 3726 3136 3782; x_wconf 69' lang='lat' dir='ltr'><strong>Hebraiezevocis</strong></span> <span class='ocrx_word' id='word_1_743' title='bbox 3169 3726 3538 3797; x_wconf 78' lang='lat' dir='ltr'><strong>signiﬁcatum</strong></span> <span class='ocrx_word' id='word_1_744' title='bbox 3569 3726 3776 3782; x_wconf 87' lang='lat' dir='ltr'><strong>clarius</strong></span> 
     </span>
    </p>
   </div>
   <div class='ocr_carea' id='block_1_83' title="bbox 2187 3818 3770 3890">
    <p class='ocr_par' dir='ltr' id='par_1_83' title="bbox 2187 3818 3770 3890">
     <span class='ocr_line' id='line_1_83' title="bbox 2187 3818 3770 3890; baseline -0.001 -17"><span class='ocrx_word' id='word_1_745' title='bbox 2187 3820 2243 3874; x_wconf 89' lang='lat' dir='ltr'><strong>in</strong></span> <span class='ocrx_word' id='word_1_746' title='bbox 2291 3820 2743 3889; x_wconf 80' lang='lat' dir='ltr'><strong>interpretatione</strong></span> <span class='ocrx_word' id='word_1_747' title='bbox 2794 3820 3033 3890; x_wconf 90' lang='lat' dir='ltr'><strong>positum</strong></span> <span class='ocrx_word' id='word_1_748' title='bbox 3088 3818 3302 3883; x_wconf 81' lang='lat' dir='ltr'><strong>fuisset,</strong></span> <span class='ocrx_word' id='word_1_749' title='bbox 3363 3820 3444 3873; x_wconf 89' lang='lat' dir='ltr'><strong>sic</strong></span> <span class='ocrx_word' id='word_1_750' title='bbox 3498 3818 3770 3873; x_wconf 85' lang='lat' dir='ltr'><strong>haberet:</strong></span> 
     </span>
    </p>
   </div>
   <div class='ocr_carea' id='block_1_84' title="bbox 2184 3908 3773 3972">
    <p class='ocr_par' dir='ltr' id='par_1_84' title="bbox 2184 3908 3773 3972">
     <span class='ocr_line' id='line_1_84' title="bbox 2184 3908 3773 3972; baseline -0.003 -7"><span class='ocrx_word' id='word_1_751' title='bbox 2184 3909 2345 3965; x_wconf 83' lang='lat' dir='ltr'><strong>Jesus</strong></span> <span class='ocrx_word' id='word_1_752' title='bbox 2378 3911 2619 3967; x_wconf 87' lang='lat' dir='ltr'><strong>salutare</strong></span> <span class='ocrx_word' id='word_1_753' title='bbox 2653 3926 2834 3965; x_wconf 86' lang='lat' dir='ltr'><strong>meum</strong></span> <span class='ocrx_word' id='word_1_754' title='bbox 2857 3910 2915 3964; x_wconf 90' lang='lat' dir='ltr'><strong>in</strong></span> <span class='ocrx_word' id='word_1_755' title='bbox 2960 3908 3073 3964; x_wconf 91' lang='lat' dir='ltr'><strong>Deo</strong></span> <span class='ocrx_word' id='word_1_756' title='bbox 3108 3910 3401 3972; x_wconf 79' lang='lat' dir='ltr'><strong>exsistens,</strong></span> <span class='ocrx_word' id='word_1_757' title='bbox 3444 3917 3498 3963; x_wconf 91' lang='lat' dir='ltr'><strong>et</strong></span> <span class='ocrx_word' id='word_1_758' title='bbox 3542 3909 3595 3961; x_wconf 90' lang='lat' dir='ltr'><strong>in</strong></span> <span class='ocrx_word' id='word_1_759' title='bbox 3647 3908 3773 3961; x_wconf 87' lang='lat' dir='ltr'><strong>sinu</strong></span> 
     </span>
    </p>
   </div>
   <div class='ocr_carea' id='block_1_85' title="bbox 2186 4002 3775 4076">
    <p class='ocr_par' dir='ltr' id='par_1_85' title="bbox 2186 4002 3775 4076">
     <span class='ocr_line' id='line_1_85' title="bbox 2186 4002 3775 4076; baseline -0.003 -17"><span class='ocrx_word' id='word_1_760' title='bbox 2186 4004 2388 4067; x_wconf 81' lang='lat' dir='ltr'><strong>Patris,</strong></span> <span class='ocrx_word' id='word_1_761' title='bbox 2434 4006 2553 4076; x_wconf 89' lang='lat' dir='ltr'><strong>ipse</strong></span> <span class='ocrx_word' id='word_1_762' title='bbox 2580 4014 2666 4060; x_wconf 91' lang='lat' dir='ltr'><strong>est</strong></span> <span class='ocrx_word' id='word_1_763' title='bbox 2700 4006 2872 4075; x_wconf 89' lang='lat' dir='ltr'><strong>gloria</strong></span> <span class='ocrx_word' id='word_1_764' title='bbox 2922 4020 3063 4065; x_wconf 84' lang='lat' dir='ltr'><strong>mea,</strong></span> <span class='ocrx_word' id='word_1_765' title='bbox 3108 4013 3295 4058; x_wconf 85' lang='lat' dir='ltr'><strong>custos</strong></span> <span class='ocrx_word' id='word_1_766' title='bbox 3340 4020 3514 4065; x_wconf 87' lang='lat' dir='ltr'><strong>meus,</strong></span> <span class='ocrx_word' id='word_1_767' title='bbox 3545 4012 3598 4056; x_wconf 89' lang='lat' dir='ltr'><strong>et</strong></span> <span class='ocrx_word' id='word_1_768' title='bbox 3632 4002 3775 4056; x_wconf 81' lang='lat' dir='ltr'><strong>Deus</strong></span> 
     </span>
    </p>
   </div>
   <div class='ocr_carea' id='block_1_86' title="bbox 2187 4093 3777 4169">
    <p class='ocr_par' dir='ltr' id='par_1_86' title="bbox 2187 4093 3777 4169">
     <span class='ocr_line' id='line_1_86' title="bbox 2187 4093 3777 4169; baseline -0.003 -16"><span class='ocrx_word' id='word_1_769' title='bbox 2187 4099 2375 4154; x_wconf 79' lang='lat' dir='ltr'><strong>auxilii</strong></span> <span class='ocrx_word' id='word_1_770' title='bbox 2406 4100 2512 4155; x_wconf 87' lang='lat' dir='ltr'><strong>mei</strong></span> <span class='ocrx_word' id='word_1_771' title='bbox 2548 4108 2602 4153; x_wconf 84' lang='lat' dir='ltr'><strong>et</strong></span> <span class='ocrx_word' id='word_1_772' title='bbox 2634 4113 2761 4169; x_wconf 83' lang='lat' dir='ltr'><strong>spes</strong></span> <span class='ocrx_word' id='word_1_773' title='bbox 2806 4112 2949 4161; x_wconf 91' lang='lat' dir='ltr'><strong>mea,</strong></span> <span class='ocrx_word' id='word_1_774' title='bbox 2980 4112 3103 4166; x_wconf 74' lang='lat' dir='ltr'><strong>qua:</strong></span> <span class='ocrx_word' id='word_1_775' title='bbox 3133 4097 3187 4150; x_wconf 93' lang='lat' dir='ltr'><strong>in</strong></span> <span class='ocrx_word' id='word_1_776' title='bbox 3233 4095 3344 4149; x_wconf 87' lang='lat' dir='ltr'><strong>Deo</strong></span> <span class='ocrx_word' id='word_1_777' title='bbox 3376 4104 3478 4150; x_wconf 89' lang='lat' dir='ltr'><strong>est.</strong></span> <span class='ocrx_word' id='word_1_778' title='bbox 3511 4094 3646 4148; x_wconf 86' lang='lat' dir='ltr'><strong>Nam</strong></span> <span class='ocrx_word' id='word_1_779' title='bbox 3677 4093 3777 4149; x_wconf 82' lang='lat' dir='ltr'><strong>Dei</strong></span> 
     </span>
    </p>
   </div>
   <div class='ocr_carea' id='block_1_87' title="bbox 2189 4186 3771 4256">
    <p class='ocr_par' dir='ltr' id='par_1_87' title="bbox 2189 4186 3771 4256">
     <span class='ocr_line' id='line_1_87' title="bbox 2189 4186 3771 4256; baseline -0.003 -13"><span class='ocrx_word' id='word_1_780' title='bbox 2189 4190 2425 4245; x_wconf 75' lang='lat' dir='ltr'><strong>Verbum</strong></span> <span class='ocrx_word' id='word_1_781' title='bbox 2454 4189 2651 4244; x_wconf 89' lang='lat' dir='ltr'><strong>horum</strong></span> <span class='ocrx_word' id='word_1_782' title='bbox 2684 4189 2930 4243; x_wconf 91' lang='lat' dir='ltr'><strong>omnium</strong></span> <span class='ocrx_word' id='word_1_783' title='bbox 2964 4188 3085 4243; x_wconf 92' lang='lat' dir='ltr'><strong>loco</strong></span> <span class='ocrx_word' id='word_1_784' title='bbox 3108 4195 3192 4242; x_wconf 84' lang='lat' dir='ltr'><strong>est</strong></span> <span class='ocrx_word' id='word_1_785' title='bbox 3221 4186 3573 4256; x_wconf 86' lang='lat' dir='ltr'><strong>sperantibus</strong></span> <span class='ocrx_word' id='word_1_786' title='bbox 3606 4187 3659 4239; x_wconf 94' lang='lat' dir='ltr'><strong>in</strong></span> <span class='ocrx_word' id='word_1_787' title='bbox 3690 4201 3771 4240; x_wconf 89' lang='lat' dir='ltr'><strong>se.</strong></span> 
     </span>
    </p>
   </div>
   <div class='ocr_carea' id='block_1_88' title="bbox 2186 4278 3781 4351">
    <p class='ocr_par' dir='ltr' id='par_1_88' title="bbox 2186 4278 3781 4351">
     <span class='ocr_line' id='line_1_88' title="bbox 2186 4278 3781 4351; baseline -0.001 -16"><span class='ocrx_word' id='word_1_788' title='bbox 2186 4282 2368 4349; x_wconf 83' lang='lat' dir='ltr'><strong>Quare</strong></span> <span class='ocrx_word' id='word_1_789' title='bbox 2389 4290 2445 4337; x_wconf 91' lang='lat' dir='ltr'><strong>et</strong></span> <span class='ocrx_word' id='word_1_790' title='bbox 2481 4281 2786 4337; x_wconf 90' lang='lat' dir='ltr'><strong>secundum</strong></span> <span class='ocrx_word' id='word_1_791' title='bbox 2813 4280 3065 4351; x_wconf 84' lang='lat' dir='ltr'><strong>Aquilam</strong></span> <span class='ocrx_word' id='word_1_792' title='bbox 3097 4281 3315 4334; x_wconf 86' lang='lat' dir='ltr'><strong>dictum.</strong></span> <span class='ocrx_word' id='word_1_793' title='bbox 3338 4287 3423 4334; x_wconf 90' lang='lat' dir='ltr'><strong>est</strong></span> <span class='ocrx_word' id='word_1_794' title='bbox 3457 4299 3469 4334; x_wconf 89' lang='lat'><strong>:</strong></span> <span class='ocrx_word' id='word_1_795' title='bbox 3509 4299 3527 4331; x_wconf 95' lang='lat'><strong>1</strong></span> <span class='ocrx_word' id='word_1_796' title='bbox 3569 4278 3628 4333; x_wconf 86' lang='grc' dir='ltr'>ιη</span> <span class='ocrx_word' id='word_1_797' title='bbox 3662 4278 3781 4333; x_wconf 90' lang='lat' dir='ltr'><strong>Deo</strong></span> 
     </span>
    </p>
   </div>
   <div class='ocr_carea' id='block_1_89' title="bbox 2189 4369 3779 4441">
    <p class='ocr_par' dir='ltr' id='par_1_89' title="bbox 2189 4369 3779 4441">
     <span class='ocr_line' id='line_1_89' title="bbox 2189 4369 3779 4441; baseline -0.004 -12"><span class='ocrx_word' id='word_1_798' title='bbox 2189 4376 2429 4430; x_wconf 89' lang='lat' dir='ltr'><strong>salutare</strong></span> <span class='ocrx_word' id='word_1_799' title='bbox 2470 4389 2675 4436; x_wconf 89' lang='lat' dir='ltr'><strong>meum,</strong></span> <span class='ocrx_word' id='word_1_800' title='bbox 2709 4379 2764 4426; x_wconf 90' lang='lat' dir='ltr'><strong>et</strong></span> <span class='ocrx_word' id='word_1_801' title='bbox 2803 4372 2979 4441; x_wconf 79' lang='lat' dir='ltr'><strong>gloria</strong></span> <span class='ocrx_word' id='word_1_802' title='bbox 3021 4386 3162 4437; x_wconf 90' lang='lat' dir='ltr'><strong>mea,</strong></span> <span class='ocrx_word' id='word_1_803' title='bbox 3209 4372 3399 4425; x_wconf 85' lang='lat' dir='ltr'><strong>lirmus</strong></span> <span class='ocrx_word' id='word_1_804' title='bbox 3438 4369 3779 4426; x_wconf 82' lang='lat' dir='ltr'><strong>fortitudini-</strong></span> 
     </span>
    </p>
   </div>
   <div class='ocr_carea' id='block_1_90' title="bbox 470 4461 2085 4545">
    <p class='ocr_par' dir='ltr' id='par_1_90' title="bbox 470 4461 2081 4545">
     <span class='ocr_line' id='line_1_90' title="bbox 470 4461 2081 4545; baseline 0.004 -25"><span class='ocrx_word' id='word_1_805' title='bbox 470 4461 633 4539; x_wconf 75' lang='grc' dir='ltr'>⁶μου,·</span> <span class='ocrx_word' id='word_1_806' title='bbox 665 4469 885 4540; x_wconf 87' lang='grc' dir='ltr'>στερεὸς</span> <span class='ocrx_word' id='word_1_807' title='bbox 923 4469 1157 4541; x_wconf 83' lang='grc' dir='ltr'>κράτους</span> <span class='ocrx_word' id='word_1_808' title='bbox 1202 4487 1326 4539; x_wconf 84' lang='grc' dir='ltr'>μου,</span> <span class='ocrx_word' id='word_1_809' title='bbox 1368 4470 1524 4534; x_wconf 83' lang='grc' dir='ltr'>ἐλπίς</span> <span class='ocrx_word' id='word_1_810' title='bbox 1567 4490 1670 4542; x_wconf 84' lang='grc' dir='ltr'><strong>μου</strong></span> <span class='ocrx_word' id='word_1_811' title='bbox 1698 4474 1757 4526; x_wconf 89' lang='grc' dir='ltr'><strong>ἐν</strong></span> <span class='ocrx_word' id='word_1_812' title='bbox 1787 4472 1926 4545; x_wconf 84' lang='grc' dir='ltr'>Θεῷ.</span> <span class='ocrx_word' id='word_1_813' title='bbox 1967 4473 2081 4526; x_wconf 86' lang='grc' dir='ltr'><strong>Ἐλ-</strong></span> 
     </span>
    </p>
   </div>
   <div class='ocr_carea' id='block_1_91' title="bbox 2187 4461 3774 4545">
    <p class='ocr_par' dir='ltr' id='par_1_91' title="bbox 2187 4464 3774 4537">
     <span class='ocr_line' id='line_1_91' title="bbox 2187 4464 3774 4537; baseline -0.003 -14"><span class='ocrx_word' id='word_1_814' title='bbox 2187 4483 2342 4531; x_wconf 67' lang='lat' dir='ltr'><strong>meae,</strong></span> <span class='ocrx_word' id='word_1_815' title='bbox 2375 4482 2502 4537; x_wconf 87' lang='lat' dir='ltr'><strong>spes</strong></span> <span class='ocrx_word' id='word_1_816' title='bbox 2530 4481 2650 4521; x_wconf 84' lang='lat' dir='ltr'><strong>mea</strong></span> <span class='ocrx_word' id='word_1_817' title='bbox 2684 4465 2738 4519; x_wconf 90' lang='lat' dir='ltr'><strong>in</strong></span> <span class='ocrx_word' id='word_1_818' title='bbox 2776 4464 2906 4520; x_wconf 87' lang='lat' dir='ltr'><strong>Deo.</strong></span> <span class='ocrx_word' id='word_1_819' title='bbox 2945 4464 3173 4535; x_wconf 88' lang='lat' dir='ltr'><strong>Sperate</strong></span> <span class='ocrx_word' id='word_1_820' title='bbox 3211 4464 3264 4517; x_wconf 94' lang='lat' dir='ltr'><strong>in</strong></span> <span class='ocrx_word' id='word_1_821' title='bbox 3295 4478 3359 4519; x_wconf 89' lang='lat' dir='ltr'><strong>eo</strong></span> <span class='ocrx_word' id='word_1_822' title='bbox 3389 4464 3568 4518; x_wconf 90' lang='lat' dir='ltr'><strong>omnis</strong></span> <span class='ocrx_word' id='word_1_823' title='bbox 3610 4479 3774 4534; x_wconf 81' lang='lat' dir='ltr'><strong>syna-</strong></span> 
     </span>
    </p>
   </div>
   <div class='ocr_carea' id='block_1_92' title="bbox 492 4553 2085 4634">
    <p class='ocr_par' dir='ltr' id='par_1_92' title="bbox 492 4556 2083 4634">
     <span class='ocr_line' id='line_1_92' title="bbox 492 4556 2083 4634; baseline 0.004 -25"><span class='ocrx_word' id='word_1_824' title='bbox 492 4556 689 4611; x_wconf 86' lang='grc' dir='ltr'>πίσατε</span> <span class='ocrx_word' id='word_1_825' title='bbox 745 4560 832 4611; x_wconf 85' lang='grc' dir='ltr'>ἐπ’</span> <span class='ocrx_word' id='word_1_826' title='bbox 872 4560 1056 4626; x_wconf 79' lang='grc' dir='ltr'>αὑτὸν,</span> <span class='ocrx_word' id='word_1_827' title='bbox 1122 4561 1271 4613; x_wconf 82' lang='grc' dir='ltr'>πᾶσα</span> <span class='ocrx_word' id='word_1_828' title='bbox 1306 4562 1598 4634; x_wconf 85' lang='grc' dir='ltr'>συναγωγὴ</span> <span class='ocrx_word' id='word_1_829' title='bbox 1646 4561 1810 4619; x_wconf 83' lang='grc' dir='ltr'>λαῶν·</span> <span class='ocrx_word' id='word_1_830' title='bbox 1855 4564 2083 4634; x_wconf 77' lang='grc' dir='ltr'>ἐκχέατε</span> 
     </span>
    </p>
   </div>
   <div class='ocr_carea' id='block_1_93' title="bbox 2187 4553 3779 4634">
    <p class='ocr_par' dir='ltr' id='par_1_93' title="bbox 2187 4553 3779 4631">
     <span class='ocr_line' id='line_1_93' title="bbox 2187 4553 3779 4631; baseline -0.001 -20"><span class='ocrx_word' id='word_1_831' title='bbox 2187 4574 2320 4631; x_wconf 80' lang='lat' dir='ltr'><strong>goga</strong></span> <span class='ocrx_word' id='word_1_832' title='bbox 2368 4558 2693 4627; x_wconf 78' lang='lat' dir='ltr'><strong>populorum</strong></span> <span class='ocrx_word' id='word_1_833' title='bbox 2742 4574 2755 4609; x_wconf 86' lang='lat'><strong>:</strong></span> <span class='ocrx_word' id='word_1_834' title='bbox 2799 4555 3061 4610; x_wconf 74' lang='lat' dir='ltr'><strong>effundite</strong></span> <span class='ocrx_word' id='word_1_835' title='bbox 3114 4569 3300 4607; x_wconf 88' lang='lat' dir='ltr'><strong>coram</strong></span> <span class='ocrx_word' id='word_1_836' title='bbox 3344 4554 3437 4607; x_wconf 91' lang='lat' dir='ltr'><strong>illo</strong></span> <span class='ocrx_word' id='word_1_837' title='bbox 3471 4553 3637 4609; x_wconf 89' lang='lat' dir='ltr'><strong>corda</strong></span> <span class='ocrx_word' id='word_1_838' title='bbox 3683 4569 3779 4609; x_wconf 85' lang='lat' dir='ltr'><strong>vc-</strong></span> 
     </span>
    </p>
   </div>
   <div class='ocr_carea' id='block_1_94' title="bbox 493 4643 2085 4727">
    <p class='ocr_par' dir='ltr' id='par_1_94' title="bbox 493 4648 2084 4727">
     <span class='ocr_line' id='line_1_94' title="bbox 493 4648 2084 4727; baseline 0.005 -26"><span class='ocrx_word' id='word_1_839' title='bbox 493 4648 725 4703; x_wconf 84' lang='grc' dir='ltr'>ἐνώπιον</span> <span class='ocrx_word' id='word_1_840' title='bbox 769 4650 934 4705; x_wconf 79' lang='grc' dir='ltr'>αὐτοῦ</span> <span class='ocrx_word' id='word_1_841' title='bbox 976 4652 1074 4715; x_wconf 82' lang='grc' dir='ltr'><strong>τὰς</strong></span> <span class='ocrx_word' id='word_1_842' title='bbox 1118 4652 1347 4724; x_wconf 85' lang='grc' dir='ltr'>καρδίας</span> <span class='ocrx_word' id='word_1_843' title='bbox 1391 4654 1565 4725; x_wconf 83' lang='grc' dir='ltr'>ὑμῶν.</span> <span class='ocrx_word' id='word_1_844' title='bbox 1623 4656 1682 4709; x_wconf 89' lang='lat' dir='ltr'><strong>&#39;U</strong></span> <span class='ocrx_word' id='word_1_845' title='bbox 1720 4655 1854 4720; x_wconf 85' lang='grc' dir='ltr'>Θεὸς</span> <span class='ocrx_word' id='word_1_846' title='bbox 1890 4656 2084 4727; x_wconf 76' lang='grc' dir='ltr'>βοηθὸς</span> 
     </span>
    </p>
   </div>
   <div class='ocr_carea' id='block_1_95' title="bbox 2187 4643 3772 4727">
    <p class='ocr_par' dir='ltr' id='par_1_95' title="bbox 2187 4643 3772 4717">
     <span class='ocr_line' id='line_1_95' title="bbox 2187 4643 3772 4717; baseline -0.004 -12"><span class='ocrx_word' id='word_1_847' title='bbox 2187 4658 2320 4705; x_wconf 87' lang='lat' dir='ltr'><strong>stra.</strong></span> <span class='ocrx_word' id='word_1_848' title='bbox 2352 4648 2497 4703; x_wconf 81' lang='lat' dir='ltr'><strong>Deus</strong></span> <span class='ocrx_word' id='word_1_849' title='bbox 2536 4646 2758 4717; x_wconf 90' lang='lat' dir='ltr'><strong>adjutor</strong></span> <span class='ocrx_word' id='word_1_850' title='bbox 2789 4654 2998 4703; x_wconf 88' lang='lat' dir='ltr'><strong>noster.</strong></span> <span class='ocrx_word' id='word_1_851' title='bbox 3028 4644 3362 4715; x_wconf 86' lang='lat' dir='ltr'><strong>Diapsalma.</strong></span> <span class='ocrx_word' id='word_1_852' title='bbox 3414 4664 3433 4695; x_wconf 75' lang='grc' dir='ltr'><strong>ι</strong></span> <span class='ocrx_word' id='word_1_853' title='bbox 3473 4643 3772 4714; x_wconf 89' lang='lat' dir='ltr'><strong>Postquam</strong></span> 
     </span>
    </p>
   </div>
   <div class='ocr_carea' id='block_1_96' title="bbox 493 4736 2085 4821">
    <p class='ocr_par' dir='ltr' id='par_1_96' title="bbox 493 4742 2081 4821">
     <span class='ocr_line' id='line_1_96' title="bbox 493 4742 2081 4821; baseline 0.006 -28"><span class='ocrx_word' id='word_1_854' title='bbox 493 4742 672 4813; x_wconf 76' lang='grc' dir='ltr'>ἡμῶν.</span> <span class='ocrx_word' id='word_1_855' title='bbox 730 4743 1039 4815; x_wconf 80' lang='grc' dir='ltr'>Διάψαλμα.</span> <span class='ocrx_word' id='word_1_856' title='bbox 1094 4766 1113 4797; x_wconf 71' lang='grc' dir='ltr'><strong>ι</strong></span> <span class='ocrx_word' id='word_1_857' title='bbox 1173 4748 1567 4819; x_wconf 80' lang='grc' dir='ltr'>Μνημονεύσας</span> <span class='ocrx_word' id='word_1_858' title='bbox 1628 4749 1722 4802; x_wconf 81' lang='grc' dir='ltr'>τοῦ</span> <span class='ocrx_word' id='word_1_859' title='bbox 1782 4749 2081 4821; x_wconf 80' lang='grc' dir='ltr'>Σωτηρίου,</span> 
     </span>
    </p>
   </div>
   <div class='ocr_carea' id='block_1_97' title="bbox 2187 4736 3773 4821">
    <p class='ocr_par' dir='ltr' id='par_1_97' title="bbox 2187 4736 3773 4810">
     <span class='ocr_line' id='line_1_97' title="bbox 2187 4736 3773 4810; baseline -0.003 -14"><span class='ocrx_word' id='word_1_860' title='bbox 2187 4742 2430 4796; x_wconf 84' lang='lat' dir='ltr'><strong>salutare</strong></span> <span class='ocrx_word' id='word_1_861' title='bbox 2462 4740 2807 4802; x_wconf 81' lang='lat' dir='ltr'><strong>memoravit,</strong></span> <span class='ocrx_word' id='word_1_862' title='bbox 2848 4738 3071 4810; x_wconf 77' lang='lat' dir='ltr'><strong>agnovit</strong></span> <span class='ocrx_word' id='word_1_863' title='bbox 3099 4753 3209 4792; x_wconf 91' lang='lat' dir='ltr'><strong>non</strong></span> <span class='ocrx_word' id='word_1_864' title='bbox 3239 4738 3417 4793; x_wconf 89' lang='lat' dir='ltr'><strong>solum</strong></span> <span class='ocrx_word' id='word_1_865' title='bbox 3451 4737 3554 4791; x_wconf 84' lang='lat' dir='ltr'><strong>sibi</strong></span> <span class='ocrx_word' id='word_1_866' title='bbox 3587 4736 3773 4791; x_wconf 82' lang='lat' dir='ltr'><strong>mede-</strong></span> 
     </span>
    </p>
   </div>
   <div class='ocr_carea' id='block_1_98' title="bbox 494 4827 2085 4912">
    <p class='ocr_par' dir='ltr' id='par_1_98' title="bbox 494 4835 2077 4912">
     <span class='ocr_line' id='line_1_98' title="bbox 494 4835 2077 4912; baseline 0.005 -24"><span class='ocrx_word' id='word_1_867' title='bbox 494 4835 750 4901; x_wconf 81' lang='grc' dir='ltr'>συνεῑδεν,</span> <span class='ocrx_word' id='word_1_868' title='bbox 802 4836 884 4889; x_wconf 87' lang='grc' dir='ltr'>ὄτι</span> <span class='ocrx_word' id='word_1_869' title='bbox 934 4837 994 4890; x_wconf 82' lang='grc' dir='ltr'><strong>οὐ</strong></span> <span class='ocrx_word' id='word_1_870' title='bbox 1046 4839 1205 4910; x_wconf 82' lang='grc' dir='ltr'>μόνον</span> <span class='ocrx_word' id='word_1_871' title='bbox 1250 4840 1418 4894; x_wconf 82' lang='grc' dir='ltr'>αὐτοῦ</span> <span class='ocrx_word' id='word_1_872' title='bbox 1464 4841 1859 4912; x_wconf 86' lang='grc' dir='ltr'>θεραπευτικὸν</span> <span class='ocrx_word' id='word_1_873' title='bbox 1906 4843 2077 4908; x_wconf 68' lang='grc' dir='ltr'>ἔσται,</span> 
     </span>
    </p>
   </div>
   <div class='ocr_carea' id='block_1_99' title="bbox 2187 4827 3766 4912">
    <p class='ocr_par' dir='ltr' id='par_1_99' title="bbox 2188 4827 3766 4895">
     <span class='ocr_line' id='line_1_99' title="bbox 2188 4827 3766 4895; baseline -0.002 -9"><span class='ocrx_word' id='word_1_874' title='bbox 2188 4834 2295 4887; x_wconf 90' lang='lat' dir='ltr'><strong>lam</strong></span> <span class='ocrx_word' id='word_1_875' title='bbox 2327 4834 2645 4895; x_wconf 87' lang='lat' dir='ltr'><strong>allaturum,</strong></span> <span class='ocrx_word' id='word_1_876' title='bbox 2671 4832 2765 4887; x_wconf 86' lang='lat' dir='ltr'><strong>sed</strong></span> <span class='ocrx_word' id='word_1_877' title='bbox 2794 4845 3088 4886; x_wconf 87' lang='lat' dir='ltr'><strong>commune</strong></span> <span class='ocrx_word' id='word_1_878' title='bbox 3111 4830 3315 4884; x_wconf 86' lang='lat' dir='ltr'><strong>bonum</strong></span> <span class='ocrx_word' id='word_1_879' title='bbox 3341 4827 3585 4881; x_wconf 80' lang='lat' dir='ltr'><strong>futurum</strong></span> <span class='ocrx_word' id='word_1_880' title='bbox 3611 4843 3766 4883; x_wconf 88' lang='lat' dir='ltr'><strong>esse:</strong></span> 
     </span>
    </p>
   </div>
   <div class='ocr_carea' id='block_1_100' title="bbox 493 4924 2085 5007">
    <p class='ocr_par' dir='ltr' id='par_1_100' title="bbox 493 4927 2082 5007">
     <span class='ocr_line' id='line_1_100' title="bbox 493 4927 2082 5007; baseline 0.004 -26"><span class='ocrx_word' id='word_1_881' title='bbox 493 4927 671 4983; x_wconf 87' lang='grc' dir='ltr'>κοινὸν</span> <span class='ocrx_word' id='word_1_882' title='bbox 704 4928 763 4982; x_wconf 86' lang='grc' dir='ltr'>δὲ</span> <span class='ocrx_word' id='word_1_883' title='bbox 793 4931 1085 5001; x_wconf 83' lang='grc' dir='ltr'>γενήσεται</span> <span class='ocrx_word' id='word_1_884' title='bbox 1124 4933 1358 5001; x_wconf 86' lang='grc' dir='ltr'>ἀγαθόν·</span> <span class='ocrx_word' id='word_1_885' title='bbox 1400 4934 1482 4989; x_wconf 87' lang='grc' dir='ltr'><strong>διὸ</strong></span> <span class='ocrx_word' id='word_1_886' title='bbox 1523 4936 1613 4988; x_wconf 76' lang='grc' dir='ltr'>ἐπ’</span> <span class='ocrx_word' id='word_1_887' title='bbox 1654 4937 1785 4991; x_wconf 79' lang='grc' dir='ltr'>αὐτὸ</span> <span class='ocrx_word' id='word_1_888' title='bbox 1819 4936 2082 5007; x_wconf 80' lang='grc' dir='ltr'>συγκαλεῖ</span> 
     </span>
    </p>
   </div>
   <div class='ocr_carea' id='block_1_101' title="bbox 2187 4924 3775 5007">
    <p class='ocr_par' dir='ltr' id='par_1_101' title="bbox 2187 4924 3775 4994">
     <span class='ocr_line' id='line_1_101' title="bbox 2187 4924 3775 4994; baseline -0.004 -15"><span class='ocrx_word' id='word_1_889' title='bbox 2187 4939 2358 4994; x_wconf 87' lang='lat' dir='ltr'><strong>quare</strong></span> <span class='ocrx_word' id='word_1_890' title='bbox 2398 4924 2465 4978; x_wconf 90' lang='lat' dir='ltr'><strong>ad</strong></span> <span class='ocrx_word' id='word_1_891' title='bbox 2516 4925 2695 4994; x_wconf 88' lang='lat' dir='ltr'><strong>ipsum</strong></span> <span class='ocrx_word' id='word_1_892' title='bbox 2734 4939 2929 4979; x_wconf 91' lang='lat' dir='ltr'><strong>omnes</strong></span> <span class='ocrx_word' id='word_1_893' title='bbox 2966 4929 3194 4983; x_wconf 87' lang='lat' dir='ltr'><strong>evocat,</strong></span> <span class='ocrx_word' id='word_1_894' title='bbox 3245 4935 3548 4988; x_wconf 88' lang='lat' dir='ltr'><strong>eversoque</strong></span> <span class='ocrx_word' id='word_1_895' title='bbox 3587 4935 3775 4973; x_wconf 81' lang='lat' dir='ltr'><strong>amore</strong></span> 
     </span>
    </p>
   </div>
   <div class='ocr_carea' id='block_1_102' title="bbox 489 5020 2079 5097">
    <p class='ocr_par' dir='ltr' id='par_1_102' title="bbox 489 5020 2079 5097">
     <span class='ocr_line' id='line_1_102' title="bbox 489 5020 2079 5097; baseline 0.006 -25"><span class='ocrx_word' id='word_1_896' title='bbox 489 5021 616 5084; x_wconf 82' lang='grc' dir='ltr'>τοὺς</span> <span class='ocrx_word' id='word_1_897' title='bbox 642 5020 870 5085; x_wconf 86' lang='grc' dir='ltr'>πάντας,</span> <span class='ocrx_word' id='word_1_898' title='bbox 896 5021 1181 5091; x_wconf 78' lang='grc' dir='ltr'>φιλαυτίαν</span> <span class='ocrx_word' id='word_1_899' title='bbox 1207 5026 1305 5096; x_wconf 83' lang='grc' dir='ltr'><strong>μὲν</strong></span> <span class='ocrx_word' id='word_1_900' title='bbox 1325 5025 1746 5097; x_wconf 81' lang='grc' dir='ltr'>ἐκτρεπόμενος,</span> <span class='ocrx_word' id='word_1_901' title='bbox 1777 5027 2079 5097; x_wconf 80' lang='grc' dir='ltr'>φιλανθρω-</span> 
     </span>
    </p>
   </div>
   <div class='ocr_carea' id='block_1_103' title="bbox 493 5110 2074 5188">
    <p class='ocr_par' dir='ltr' id='par_1_103' title="bbox 493 5110 2074 5188">
     <span class='ocr_line' id='line_1_103' title="bbox 493 5110 2074 5188; baseline 0.003 -24"><span class='ocrx_word' id='word_1_902' title='bbox 493 5111 623 5165; x_wconf 85' lang='grc' dir='ltr'>πίαν</span> <span class='ocrx_word' id='word_1_903' title='bbox 656 5110 714 5163; x_wconf 84' lang='grc' dir='ltr'>δὲ</span> <span class='ocrx_word' id='word_1_904' title='bbox 742 5111 837 5164; x_wconf 76' lang='grc' dir='ltr'>καὶ</span> <span class='ocrx_word' id='word_1_905' title='bbox 870 5111 969 5183; x_wconf 80' lang='grc' dir='ltr'>τὴν</span> <span class='ocrx_word' id='word_1_906' title='bbox 1003 5114 1141 5185; x_wconf 85' lang='grc' dir='ltr'>πρὸς</span> <span class='ocrx_word' id='word_1_907' title='bbox 1172 5116 1300 5179; x_wconf 77' lang='grc' dir='ltr'>τοὺς</span> <span class='ocrx_word' id='word_1_908' title='bbox 1339 5116 1509 5180; x_wconf 84' lang='grc' dir='ltr'>πέλας</span> <span class='ocrx_word' id='word_1_909' title='bbox 1550 5116 1773 5188; x_wconf 83' lang='grc' dir='ltr'>ἀγάπην</span> <span class='ocrx_word' id='word_1_910' title='bbox 1802 5115 2074 5171; x_wconf 84' lang='grc' dir='ltr'>ἐνδεικνύ-</span> 
     </span>
    </p>
   </div>
   <div class='ocr_carea' id='block_1_104' title="bbox 494 5203 2076 5281">
    <p class='ocr_par' dir='ltr' id='par_1_104' title="bbox 494 5203 2076 5281">
     <span class='ocr_line' id='line_1_104' title="bbox 494 5203 2076 5281; baseline 0.006 -26"><span class='ocrx_word' id='word_1_911' title='bbox 494 5220 674 5275; x_wconf 83' lang='grc' dir='ltr'>μενος.</span> <span class='ocrx_word' id='word_1_912' title='bbox 714 5203 1113 5276; x_wconf 77' lang='grc' dir='ltr'>Προσκαλεῐται</span> <span class='ocrx_word' id='word_1_913' title='bbox 1140 5207 1321 5261; x_wconf 85' lang='grc' dir='ltr'>τοίνυν</span> <span class='ocrx_word' id='word_1_914' title='bbox 1349 5208 1422 5272; x_wconf 79' lang='grc' dir='ltr'>ὡς</span> <span class='ocrx_word' id='word_1_915' title='bbox 1450 5209 1545 5263; x_wconf 74' lang='grc' dir='ltr'><strong>ἐπὶ</strong></span> <span class='ocrx_word' id='word_1_916' title='bbox 1577 5210 1843 5281; x_wconf 82' lang='grc' dir='ltr'>σωτήριον</span> <span class='ocrx_word' id='word_1_917' title='bbox 1880 5209 2076 5281; x_wconf 80' lang='grc' dir='ltr'>λιμένα</span> 
     </span>
    </p>
   </div>
   <div class='ocr_carea' id='block_1_105' title="bbox 489 5294 2076 5372">
    <p class='ocr_par' dir='ltr' id='par_1_105' title="bbox 489 5294 2076 5372">
     <span class='ocr_line' id='line_1_105' title="bbox 489 5294 2076 5372; baseline 0.003 -23"><span class='ocrx_word' id='word_1_918' title='bbox 489 5294 735 5364; x_wconf 74' lang='grc' dir='ltr'>φάσκωψ</span> <span class='ocrx_word' id='word_1_919' title='bbox 789 5315 809 5346; x_wconf 94' lang='lat'><strong>1</strong></span> <span class='ocrx_word' id='word_1_920' title='bbox 859 5296 1144 5350; x_wconf 86' lang='grc' dir='ltr'>Ἐλπίσατε</span> <span class='ocrx_word' id='word_1_921' title='bbox 1195 5298 1283 5352; x_wconf 85' lang='grc' dir='ltr'>ἐπ’</span> <span class='ocrx_word' id='word_1_922' title='bbox 1342 5299 1527 5365; x_wconf 80' lang='grc' dir='ltr'>αὐτὸν,</span> <span class='ocrx_word' id='word_1_923' title='bbox 1590 5301 1740 5353; x_wconf 77' lang='grc' dir='ltr'>πᾶσα</span> <span class='ocrx_word' id='word_1_924' title='bbox 1785 5299 2076 5372; x_wconf 83' lang='grc' dir='ltr'>συναγωγὴ</span> 
     </span>
    </p>
   </div>
   <div class='ocr_carea' id='block_1_106' title="bbox 486 5385 2077 5463">
    <p class='ocr_par' dir='ltr' id='par_1_106' title="bbox 486 5385 2077 5463">
     <span class='ocr_line' id='line_1_106' title="bbox 486 5385 2077 5463; baseline 0.005 -26"><span class='ocrx_word' id='word_1_925' title='bbox 486 5385 655 5439; x_wconf 79' lang='grc' dir='ltr'>λαῶν’</span> <span class='ocrx_word' id='word_1_926' title='bbox 691 5404 711 5438; x_wconf 73' lang='grc' dir='ltr'><strong>ι</strong></span> <span class='ocrx_word' id='word_1_927' title='bbox 748 5386 783 5457; x_wconf 78' lang='grc' dir='ltr'>ἢ</span> <span class='ocrx_word' id='word_1_928' title='bbox 818 5387 957 5441; x_wconf 71' lang='grc' dir='ltr'>κατὰ</span> <span class='ocrx_word' id='word_1_929' title='bbox 983 5387 1076 5442; x_wconf 87' lang='grc' dir='ltr'><strong>τὸν</strong></span> <span class='ocrx_word' id='word_1_930' title='bbox 1115 5389 1366 5455; x_wconf 78' lang='grc' dir='ltr'>Ἀκύλαν,</span> <span class='ocrx_word' id='word_1_931' title='bbox 1394 5409 1413 5442; x_wconf 93' lang='lat'><strong>1</strong></span> <span class='ocrx_word' id='word_1_932' title='bbox 1457 5392 1821 5463; x_wconf 83' lang='grc' dir='ltr'>Ἀμεριμνᾶτε</span> <span class='ocrx_word' id='word_1_933' title='bbox 1849 5392 1907 5443; x_wconf 89' lang='grc' dir='ltr'><strong>ἐν</strong></span> <span class='ocrx_word' id='word_1_934' title='bbox 1928 5391 2077 5462; x_wconf 85' lang='grc' dir='ltr'>αὐτῷ</span> 
     </span>
    </p>
   </div>
   <div class='ocr_carea' id='block_1_107' title="bbox 486 5478 2077 5555">
    <p class='ocr_par' dir='ltr' id='par_1_107' title="bbox 486 5478 2077 5555">
     <span class='ocr_line' id='line_1_107' title="bbox 486 5478 2077 5555; baseline 0.005 -26"><span class='ocrx_word' id='word_1_935' title='bbox 486 5479 545 5530; x_wconf 81' lang='grc' dir='ltr'><strong>ἐν</strong></span> <span class='ocrx_word' id='word_1_936' title='bbox 583 5478 748 5531; x_wconf 73' lang='grc' dir='ltr'>παντὶ</span> <span class='ocrx_word' id='word_1_937' title='bbox 777 5479 976 5551; x_wconf 85' lang='grc' dir='ltr'>καιρῷ,</span> <span class='ocrx_word' id='word_1_938' title='bbox 1005 5480 1151 5544; x_wconf 86' lang='grc' dir='ltr'>λαός.</span> <span class='ocrx_word' id='word_1_939' title='bbox 1189 5501 1208 5533; x_wconf 75' lang='grc' dir='ltr'><strong>ι</strong></span> <span class='ocrx_word' id='word_1_940' title='bbox 1250 5480 1694 5555; x_wconf 83' lang='grc' dir='ltr'>Ἀμεριμνῶντας</span> <span class='ocrx_word' id='word_1_941' title='bbox 1722 5483 1779 5537; x_wconf 81' lang='grc' dir='ltr'><strong>δὲ</strong></span> <span class='ocrx_word' id='word_1_942' title='bbox 1826 5485 1885 5537; x_wconf 88' lang='grc' dir='ltr'><strong>ἐν</strong></span> <span class='ocrx_word' id='word_1_943' title='bbox 1927 5485 2077 5555; x_wconf 81' lang='grc' dir='ltr'>αὐτῷ</span> 
     </span>
    </p>
   </div>
   <div class='ocr_carea' id='block_1_108' title="bbox 486 5569 2077 5648">
    <p class='ocr_par' dir='ltr' id='par_1_108' title="bbox 486 5569 2077 5648">
     <span class='ocr_line' id='line_1_108' title="bbox 486 5569 2077 5648; baseline 0.005 -26"><span class='ocrx_word' id='word_1_944' title='bbox 486 5571 581 5623; x_wconf 75' lang='grc' dir='ltr'><strong>καὶ</strong></span> <span class='ocrx_word' id='word_1_945' title='bbox 628 5569 967 5641; x_wconf 73' lang='grc' dir='ltr'>ἐλπίζοντας,</span> <span class='ocrx_word' id='word_1_946' title='bbox 1017 5573 1283 5641; x_wconf 78' lang='grc' dir='ltr'>ἐξαπλοῦν</span> <span class='ocrx_word' id='word_1_947' title='bbox 1318 5579 1585 5648; x_wconf 83' lang='grc' dir='ltr'>προσήκει</span> <span class='ocrx_word' id='word_1_948' title='bbox 1618 5576 1745 5640; x_wconf 78' lang='grc' dir='ltr'>τοὺς</span> <span class='ocrx_word' id='word_1_949' title='bbox 1782 5576 2077 5646; x_wconf 84' lang='grc' dir='ltr'>λογισμοὺς</span> 
     </span>
    </p>
   </div>
   <div class='ocr_carea' id='block_1_109' title="bbox 558 5745 1773 5821">
    <p class='ocr_par' dir='ltr' id='par_1_109' title="bbox 558 5745 1773 5821">
     <span class='ocr_line' id='line_1_109' title="bbox 558 5745 1773 5821; baseline 0.003 -19"><span class='ocrx_word' id='word_1_950' title='bbox 558 5748 609 5778; x_wconf 64' lang='grc'><strong>⁵⁷·</strong></span> <span class='ocrx_word' id='word_1_951' title='bbox 648 5745 879 5818; x_wconf 69' lang='lat' dir='ltr'><strong>Philipp.</strong></span> <span class='ocrx_word' id='word_1_952' title='bbox 916 5764 987 5816; x_wconf 74' lang='grc' dir='ltr'><strong>ιν,</strong></span> <span class='ocrx_word' id='word_1_953' title='bbox 1030 5751 1109 5806; x_wconf 76' lang='lat' dir='ltr'><strong>lii.</strong></span> <span class='ocrx_word' id='word_1_954' title='bbox 1192 5753 1233 5783; x_wconf 57' lang='lat'><strong>‘3‘</strong></span> <span class='ocrx_word' id='word_1_955' title='bbox 1274 5752 1429 5808; x_wconf 79' lang='lat' dir='ltr'><strong>Ilum.</strong></span> <span class='ocrx_word' id='word_1_956' title='bbox 1472 5770 1552 5821; x_wconf 87' lang='grc' dir='ltr'>ιιι,</span> <span class='ocrx_word' id='word_1_957' title='bbox 1587 5754 1654 5808; x_wconf 68' lang='grc'>24</span> <span class='ocrx_word' id='word_1_958' title='bbox 1686 5754 1773 5809; x_wconf 68' lang='lat'><strong>2&#39;}.</strong></span> 
     </span>
    </p>
   </div>
   <div class='ocr_carea' id='block_1_110' title="bbox 2186 5012 3767 5086">
    <p class='ocr_par' dir='ltr' id='par_1_110' title="bbox 2186 5012 3767 5086">
     <span class='ocr_line' id='line_1_110' title="bbox 2186 5012 3767 5086; baseline -0.004 -17"><span class='ocrx_word' id='word_1_959' title='bbox 2186 5016 2429 5086; x_wconf 90' lang='lat' dir='ltr'><strong>proprio,</strong></span> <span class='ocrx_word' id='word_1_960' title='bbox 2464 5017 2861 5071; x_wconf 89' lang='lat' dir='ltr'><strong>humanitatem</strong></span> <span class='ocrx_word' id='word_1_961' title='bbox 2894 5023 2950 5070; x_wconf 93' lang='lat' dir='ltr'><strong>et</strong></span> <span class='ocrx_word' id='word_1_962' title='bbox 2998 5013 3372 5083; x_wconf 78' lang='lat' dir='ltr'><strong>proximorum</strong></span> <span class='ocrx_word' id='word_1_963' title='bbox 3419 5012 3767 5066; x_wconf 80' lang='lat' dir='ltr'><strong>dilectionem</strong></span> 
     </span>
    </p>
   </div>
   <div class='ocr_carea' id='block_1_111' title="bbox 2183 5104 3761 5179">
    <p class='ocr_par' dir='ltr' id='par_1_111' title="bbox 2183 5104 3761 5179">
     <span class='ocr_line' id='line_1_111' title="bbox 2183 5104 3761 5179; baseline -0.004 -17"><span class='ocrx_word' id='word_1_964' title='bbox 2183 5109 2423 5163; x_wconf 75' lang='lat' dir='ltr'><strong>exhibet.</strong></span> <span class='ocrx_word' id='word_1_965' title='bbox 2457 5108 2626 5174; x_wconf 86' lang='lat' dir='ltr'><strong>Quasi</strong></span> <span class='ocrx_word' id='word_1_966' title='bbox 2675 5122 2807 5179; x_wconf 89' lang='lat' dir='ltr'><strong>ergo</strong></span> <span class='ocrx_word' id='word_1_967' title='bbox 2838 5106 2907 5161; x_wconf 86' lang='lat' dir='ltr'><strong>ad</strong></span> <span class='ocrx_word' id='word_1_968' title='bbox 2953 5107 3244 5161; x_wconf 88' lang='lat' dir='ltr'><strong>salutarem</strong></span> <span class='ocrx_word' id='word_1_969' title='bbox 3307 5113 3525 5175; x_wconf 86' lang='lat' dir='ltr'><strong>portum</strong></span> <span class='ocrx_word' id='word_1_970' title='bbox 3578 5104 3761 5158; x_wconf 81' lang='lat' dir='ltr'><strong>invitat</strong></span> 
     </span>
    </p>
   </div>
   <div class='ocr_carea' id='block_1_112' title="bbox 2184 5198 3753 5270">
    <p class='ocr_par' dir='ltr' id='par_1_112' title="bbox 2184 5198 3753 5270">
     <span class='ocr_line' id='line_1_112' title="bbox 2184 5198 3753 5270; baseline -0.003 -16"><span class='ocrx_word' id='word_1_971' title='bbox 2184 5200 2272 5255; x_wconf 89' lang='lat' dir='ltr'><strong>his</strong></span> <span class='ocrx_word' id='word_1_972' title='bbox 2300 5200 2483 5256; x_wconf 86' lang='lat' dir='ltr'><strong>verbis</strong></span> <span class='ocrx_word' id='word_1_973' title='bbox 2519 5220 2532 5255; x_wconf 92' lang='lat'>:</span> <span class='ocrx_word' id='word_1_974' title='bbox 2568 5219 2587 5252; x_wconf 94' lang='lat'><strong>1</strong></span> <span class='ocrx_word' id='word_1_975' title='bbox 2612 5198 2839 5270; x_wconf 90' lang='lat' dir='ltr'><strong>Sperate</strong></span> <span class='ocrx_word' id='word_1_976' title='bbox 2873 5198 2927 5252; x_wconf 91' lang='lat' dir='ltr'><strong>in</strong></span> <span class='ocrx_word' id='word_1_977' title='bbox 2959 5213 3045 5257; x_wconf 90' lang='lat' dir='ltr'><strong>eo,</strong></span> <span class='ocrx_word' id='word_1_978' title='bbox 3076 5198 3257 5252; x_wconf 90' lang='lat' dir='ltr'><strong>omnis</strong></span> <span class='ocrx_word' id='word_1_979' title='bbox 3282 5198 3632 5266; x_wconf 77' lang='lat' dir='ltr'><strong>congregatio</strong></span> <span class='ocrx_word' id='word_1_980' title='bbox 3667 5211 3753 5265; x_wconf 74' lang='lat' dir='ltr'><strong>po«</strong></span> 
     </span>
    </p>
   </div>
   <div class='ocr_carea' id='block_1_113' title="bbox 2186 5288 3764 5363">
    <p class='ocr_par' dir='ltr' id='par_1_113' title="bbox 2186 5288 3764 5363">
     <span class='ocr_line' id='line_1_113' title="bbox 2186 5288 3764 5363; baseline -0.001 -17"><span class='ocrx_word' id='word_1_981' title='bbox 2186 5293 2459 5363; x_wconf 86' lang='lat' dir='ltr'><strong>pulorum,</strong></span> <span class='ocrx_word' id='word_1_982' title='bbox 2496 5312 2514 5345; x_wconf 73' lang='grc' dir='ltr'><strong>ι</strong></span> <span class='ocrx_word' id='word_1_983' title='bbox 2548 5294 2682 5357; x_wconf 88' lang='lat' dir='ltr'><strong>sive,</strong></span> <span class='ocrx_word' id='word_1_984' title='bbox 2702 5292 3004 5348; x_wconf 86' lang='lat' dir='ltr'><strong>secundum</strong></span> <span class='ocrx_word' id='word_1_985' title='bbox 3030 5290 3304 5360; x_wconf 88' lang='lat' dir='ltr'><strong>Aquilam.</strong></span> <span class='ocrx_word' id='word_1_986' title='bbox 3338 5308 3356 5339; x_wconf 94' lang='lat'><strong>1</strong></span> <span class='ocrx_word' id='word_1_987' title='bbox 3390 5288 3593 5343; x_wconf 83' lang='lat' dir='ltr'><strong>Securc</strong></span> <span class='ocrx_word' id='word_1_988' title='bbox 3626 5290 3764 5359; x_wconf 69' lang='lat' dir='ltr'><strong>agite</strong></span> 
     </span>
    </p>
   </div>
   <div class='ocr_carea' id='block_1_114' title="bbox 2185 5380 3771 5458">
    <p class='ocr_par' dir='ltr' id='par_1_114' title="bbox 2185 5380 3771 5458">
     <span class='ocr_line' id='line_1_114' title="bbox 2185 5380 3771 5458; baseline -0.005 -17"><span class='ocrx_word' id='word_1_989' title='bbox 2185 5389 2241 5442; x_wconf 92' lang='lat' dir='ltr'><strong>in</strong></span> <span class='ocrx_word' id='word_1_990' title='bbox 2282 5388 2425 5458; x_wconf 88' lang='lat' dir='ltr'><strong>ipso,</strong></span> <span class='ocrx_word' id='word_1_991' title='bbox 2457 5386 2606 5440; x_wconf 86' lang='lat' dir='ltr'><strong>omni</strong></span> <span class='ocrx_word' id='word_1_992' title='bbox 2648 5394 2914 5455; x_wconf 86' lang='lat' dir='ltr'><strong>tempore,</strong></span> <span class='ocrx_word' id='word_1_993' title='bbox 2975 5384 3229 5454; x_wconf 90' lang='lat' dir='ltr'><strong>populus.</strong></span> <span class='ocrx_word' id='word_1_994' title='bbox 3276 5401 3294 5433; x_wconf 74' lang='grc' dir='ltr'><strong>ι</strong></span> <span class='ocrx_word' id='word_1_995' title='bbox 3338 5380 3543 5435; x_wconf 79' lang='lat' dir='ltr'><strong>Sec-ure</strong></span> <span class='ocrx_word' id='word_1_996' title='bbox 3606 5395 3771 5449; x_wconf 75' lang='lat' dir='ltr'><strong>porro</strong></span> 
     </span>
    </p>
   </div>
   <div class='ocr_carea' id='block_1_115' title="bbox 2185 5474 3769 5552">
    <p class='ocr_par' dir='ltr' id='par_1_115' title="bbox 2185 5474 3769 5552">
     <span class='ocr_line' id='line_1_115' title="bbox 2185 5474 3769 5552; baseline -0.004 -16"><span class='ocrx_word' id='word_1_997' title='bbox 2185 5490 2407 5552; x_wconf 88' lang='lat' dir='ltr'><strong>agentes</strong></span> <span class='ocrx_word' id='word_1_998' title='bbox 2445 5496 2509 5535; x_wconf 90' lang='lat' dir='ltr'><strong>ac</strong></span> <span class='ocrx_word' id='word_1_999' title='bbox 2543 5492 2828 5551; x_wconf 81' lang='lat' dir='ltr'><strong>sperantes</strong></span> <span class='ocrx_word' id='word_1_1000' title='bbox 2862 5479 2916 5533; x_wconf 91' lang='lat' dir='ltr'><strong>in</strong></span> <span class='ocrx_word' id='word_1_1001' title='bbox 2960 5478 3078 5548; x_wconf 89' lang='lat' dir='ltr'><strong>ipso</strong></span> <span class='ocrx_word' id='word_1_1002' title='bbox 3129 5492 3225 5547; x_wconf 92' lang='lat' dir='ltr'><strong>par</strong></span> <span class='ocrx_word' id='word_1_1003' title='bbox 3263 5488 3347 5531; x_wconf 87' lang='lat' dir='ltr'><strong>est</strong></span> <span class='ocrx_word' id='word_1_1004' title='bbox 3406 5474 3769 5545; x_wconf 80' lang='lat' dir='ltr'><strong>cogitationes</strong></span> 
     </span>
    </p>
   </div>
   <div class='ocr_carea' id='block_1_116' title="bbox 2187 5566 3766 5647">
    <p class='ocr_par' dir='ltr' id='par_1_116' title="bbox 2187 5566 3766 5647">
     <span class='ocr_line' id='line_1_116' title="bbox 2187 5566 3766 5647; baseline -0.006 -17"><span class='ocrx_word' id='word_1_1005' title='bbox 2187 5576 2292 5647; x_wconf 89' lang='lat' dir='ltr'><strong>ipsi</strong></span> <span class='ocrx_word' id='word_1_1006' title='bbox 2323 5576 2559 5647; x_wconf 70' lang='lat' dir='ltr'><strong>aperire,</strong></span> <span class='ocrx_word' id='word_1_1007' title='bbox 2594 5582 2648 5630; x_wconf 85' lang='lat' dir='ltr'><strong>et</strong></span> <span class='ocrx_word' id='word_1_1008' title='bbox 2678 5573 2873 5628; x_wconf 68' lang='lat' dir='ltr'><strong>animm</strong></span> <span class='ocrx_word' id='word_1_1009' title='bbox 2900 5573 3121 5627; x_wconf 84' lang='lat' dir='ltr'><strong>morbos</strong></span> <span class='ocrx_word' id='word_1_1010' title='bbox 3153 5581 3411 5640; x_wconf 78' lang='lat' dir='ltr'><strong>tanquam</strong></span> <span class='ocrx_word' id='word_1_1011' title='bbox 3442 5566 3654 5624; x_wconf 84' lang='lat' dir='ltr'><strong>medico</strong></span> <span class='ocrx_word' id='word_1_1012' title='bbox 3678 5583 3766 5638; x_wconf 64' lang='grc' dir='ltr'>ρας</span> 
     </span>
    </p>
   </div>
   <div class='ocr_carea' id='block_1_117' title="bbox 1855 5753 2353 5823">
    <p class='ocr_par' dir='ltr' id='par_1_117' title="bbox 1855 5753 2353 5823">
     <span class='ocr_line' id='line_1_117' title="bbox 1855 5753 2353 5823; baseline 0.004 -14"><span class='ocrx_word' id='word_1_1013' title='bbox 1855 5757 1896 5785; x_wconf 67' lang='grc'><strong>¹⁵⁹</strong></span> <span class='ocrx_word' id='word_1_1014' title='bbox 1929 5753 2123 5809; x_wconf 81' lang='lat' dir='ltr'><strong>lJoan.</strong></span> <span class='ocrx_word' id='word_1_1015' title='bbox 2164 5771 2225 5823; x_wconf 85' lang='lat' dir='ltr'><strong>II,</strong></span> <span class='ocrx_word' id='word_1_1016' title='bbox 2265 5754 2353 5811; x_wconf 67' lang='grc' dir='ltr'>ις.</span> 
     </span>
    </p>
   </div>
  </div>
