4146 6390
441 324 545 382 595

1122 319 1208 375 ΕΗ
1219 318 1393 375 SEBII
1426 314 1911 373 CESARIENSIS
1941 312 1994 369 Ο]

2137 312 2319 369 PARS
2359 315 2448 369 ιιι.
2494 345 2561 354 -
2602 296 3033 365 ΕχΕοΕτιοΑ.’

3583 304 3686 363 596

364 501 376 512 _
436 414 694 491 teiacere.
728 434 1110 500 Quamobrem
1149 434 1430 503 subiungit
1472 450 1486 486 :
1527 451 1545 483 ι
1604 429 1878 486 Eﬂ‘undite
1920 444 1994 483 co

2115 430 2340 501 καὶτῆς
2374 429 2552 499 ψυχῆς
2585 424 2934 496 ἀπογυμνοῦν
2981 424 3130 494 αύτῷ
3172 424 3362 494 ὥσπερ
3406 421 3575 492 ἰατρῷ
3619 425 3688 476 τά

434 542 550 583 ram
586 528 679 582 ilio
708 527 874 582 corda
901 536 1101 582 vestra.
1148 526 1290 582 Deus
1331 525 1549 593 adjutor
1593 534 1799 579 noster.
1841 542 1860 575 ι
1899 521 2010 575 Ad-

430 619 690 685 jutorem,
728 617 937 686 inquit,
989 617 1252 672 habentes
1310 616 1447 669 nihil
1514 615 1857 678 subducatis,
1907 628 2009 668 nec

431 708 712 777 quidpiam
752 709 806 762 in
840 716 1020 763 mente
1053 708 1368 772 occultetis,
1400 706 1494 761 sed
1518 706 1777 776 expansis
1815 706 2010 759 anima:

431 798 813 867 receptaculis,
853 798 1206 854 absconditas
1235 797 1310 852 ibi
1338 797 1699 867 cogitationes
1730 798 1964 852 revelate
1990 816 2003 851 :

433 887 667 958 ipsique,
702 897 891 960 utpote
928 890 1021 960 qui
1062 889 1246 945 omnia
1286 904 1482 944 curare
1512 889 1707 959 possit.
1742 902 1841 943 vos
1874 903 2008 942 con-

431 979 662 1035 credite.

508 1175 673 1233 Vens.
722 1178 809 1232 10.
869 1198 886 1230 ι
929 1176 1319 1234 Verumtamen
1373 1180 1498 1233 vani
1551 1180 1647 1234 ﬁlii
1698 1179 2004 1245 hominum,

430 1269 723 1325 mendaces
752 1268 844 1323 lilii
874 1270 1153 1325 hominum
1183 1271 1237 1324 in
1271 1271 1511 1336 stateris,
1545 1280 1605 1325 ut
1634 1271 1888 1342 iniuriam
1925 1270 2005 1325 fa-

430 1360 579 1414 ciant
640 1360 744 1431 ipsi
787 1377 852 1415 ex
895 1365 1136 1417 vanitate
1186 1363 1239 1417 in
1294 1363 1553 1433 idipsum.
1591 1382 1609 1415 ι
1664 1364 1722 1418 1η
1794 1379 2002 1417 xxxvm

430 1462 649 1517 quoque
670 1447 952 1503 dicebatur
977 1468 989 1504 :
1023 1468 1041 1499 ι
1073 1449 1458 1507 Verumtamen
1489 1453 1741 1508 universa
1768 1454 2001 1519 vanitas,

429 1540 610 1595 omnis
637 1540 799 1595 homo
826 1540 1015 1597 vivens
1044 1543 1123 1608 ’°;
1164 1562 1183 1594 ι
1236 1558 1301 1597 ac
1338 1559 1558 1600 rursum
1602 1562 1616 1598 :
1663 1563 1682 1595 ι
1714 1542 2002 1599 Verumta-

430 1645 557 1685 men
604 1644 744 1686 vane
796 1632 1195 1686 conturbantur
1224 1634 1305 1699 7‘;
1345 1653 1363 1686 ι
1396 1642 1449 1689 et
1482 1654 1494 1688 :
1556 1652 1574 1686 ι
1612 1634 2001 1691 Verumtamen

430 1719 486 1773 in
514 1720 749 1791 imagine
777 1723 1075 1791 pertransit
1116 1722 1277 1777 homo
1308 1724 1373 1778 ".
1416 1743 1435 1775 ι
1472 1723 1571 1778 Hic
1599 1739 1817 1795 quoque
1850 1725 2002 1779 simi-

429 1813 502 1865 lia
544 1812 803 1868 dicmtur
854 1834 866 1868 :
911 1816 1068 1885 queis
1116 1816 1411 1871 edocemur
1456 1818 1511 1871 in
1556 1832 1666 1871 uno
1710 1816 2001 1873 Servatore

430 1920 580 1981 spem
612 1920 835 1975 ponere,
869 1906 1154 1975 ipsumque
1183 1906 1342 1961 nobis
1371 1906 1674 1977 adjutorem
1699 1909 1999 1974 ascribere,

428 1997 869 2067 quandoquidem
900 2013 1090 2054 omnes
1120 1997 1216 2053 lilii
1256 1999 1561 2063 hominum,
1601 2002 1817 2057 etiamsi
1852 2003 2002 2073 prin-

429 2088 580 2157 cipes
624 2089 915 2143 videantur
964 2104 1107 2153 esse,
1140 2091 1392 2160 quamvis
1427 2092 1659 2145 multum
1713 2094 1771 2147 in
1800 2094 2002 2148 mundo

427 2178 662 2240 valeant,
697 2178 823 2233 vani
858 2186 1013 2246 sunt;
1061 2180 1195 2246 sive,
1240 2180 1543 2235 secundum
1590 2181 1998 2253 Symmachum,

435 2286 454 2319 ι
495 2284 687 2339 vapor,
728 2289 747 2323 ι
806 2269 955 2325 brevi
1009 2270 1177 2325 futuri
1218 2289 1237 2322 ι
1276 2279 1531 2342 tanquam
1585 2275 1787 2342 pulvis,
1840 2291 2000 2345 quem

428 2359 646 2429 projicit
682 2368 877 2416 ventus
926 2376 955 2414 a
991 2361 1127 2416 facie
1180 2369 1339 2417 terrae
1369 2364 1433 2415 ⁷³.
1477 2383 1496 2415 ι
1549 2362 1688 2419 Hinc
1742 2364 2000 2419 Salomon

427 2450 601 2519 patris
631 2465 731 2503 usu
761 2458 815 2505 et
840 2453 1108 2521 exemplo,
1143 2472 1162 2504 ι
1205 2452 1431 2509 Vanitas
1456 2455 1782 2519 vanitatum,
1816 2458 1999 2511 omnia

425 2537 639 2592 vanitas
664 2537 728 2604 ⁷⁸,
761 2557 779 2589 ι
807 2547 859 2594 et
882 2542 1077 2594 similia
1098 2542 1336 2611 scripsit.
1363 2543 1650 2601 Mendaces
1677 2562 1841 2616 porro
1863 2548 2001 2602 duo-

425 2628 529 2684 bus
574 2630 755 2685 modis
804 2639 931 2685 sunt
963 2631 1058 2685 lilii
1093 2633 1404 2702 hominum;
1443 2636 1620 2691 altero
1647 2638 1775 2707 quia
1808 2639 1998 2708 procul

427 2733 457 2774 a
488 2721 713 2774 veritate
744 2721 1061 2778 aberrantes
1113 2723 1248 2779 falsa
1284 2726 1619 2795 loquuntur;
1652 2729 1825 2783 altero
1871 2730 1998 2798 quia

424 2808 711 2864 fraudibus
766 2811 1175 2881 mendaciisque
1212 2815 1465 2871 credulos
1506 2817 1612 2871 sibi
1657 2817 1715 2871 in
1754 2833 1997 2873 errorem

424 2900 723 2955 deducunt.
750 2900 930 2967 Quare
954 2902 1154 2958 talibus
1183 2920 1305 2960 sese
1330 2906 1555 2962 credere
1590 2923 1699 2963 non
1732 2910 1950 2980 expedit
1979 2930 1991 2964 :

421 2992 642 3045 mentiri
686 2993 887 3062 quippe
933 2994 1133 3059 solent,
1167 3012 1343 3065 neque
1374 3005 1458 3053 est
1490 3000 1545 3053 in
1582 3000 1716 3069 ipsis
1750 3001 1992 3067 veritas;

422 3079 519 3135 sed
550 3081 713 3134 etiam
745 3089 960 3137 staterae
981 3085 1175 3139 anima:
1204 3085 1445 3155 ipsorum
1487 3088 1623 3142 nihil
1656 3089 1889 3158 justum,
1915 3106 1992 3145 aa-

421 3170 640 3240 quabile
672 3172 807 3225 nihil
838 3173 1068 3237 habent;
1098 3176 1190 3230 sed
1216 3190 1339 3229 cum
1366 3178 1473 3233 alio
1497 3178 1851 3245 inclinentur,
1879 3182 1990 3251 juri

420 3260 695 3311 contraria
734 3270 1019 3331 peragunt.
1052 3261 1147 3317 liis
1200 3280 1332 3336 ergo
1382 3266 1588 3337 iniquis
1625 3270 1846 3325 stateris
1876 3272 1992 3328 suis

420 3349 715 3404 vanitatem
748 3351 1174 3419 administrant,
1224 3358 1511 3413 veritatem
1553 3360 1780 3430 ejusque
1820 3361 1989 3418 Deum

420 3440 653 3497 aversati
698 3460 711 3495 :
756 3458 924 3512 quare
954 3460 1063 3500 non
1094 3449 1349 3502 convenit
1377 3465 1435 3504 se
1461 3452 1596 3520 ipsis
1626 3453 1989 3522 concredere;

420 3530 518 3585 sed
567 3546 691 3586 eum
728 3534 928 3599 solum,
988 3536 1083 3605 qui
1136 3535 1387 3593 Salvator
1416 3540 1641 3608 dicitur,
1687 3544 1990 3614 adjutorem

423 3623 720 3681 ascribere.

491 3730 657 3792 Vnus.
692 3737 782 3792 il.
820 3757 841 3791 ι
876 3738 1055 3797 Nolite
1077 3752 1303 3814 sperare
1332 3745 1389 3800 in
1424 3747 1732 3818 iniquitate,
1768 3760 1822 3807 et
1846 3753 1994 3821 rapi-

416 3841 544 3885 nam
575 3830 744 3886 nolite
775 3834 1168 3904 concupiscere
1194 3854 1209 3903 ;
1240 3836 1445 3893 divitiae
1475 3841 1521 3895 si
1548 3841 1791 3907 aﬂluant,
1820 3845 1991 3900 nolite

416 3933 514 3973 cor
553 3935 846 3992 apponere.
898 3944 915 3976 ›
980 3924 1040 3980 In
1091 3944 1303 3985 xxxvm
1366 3946 1584 4002 quoque
1649 3935 1860 4004 psalmo
1910 3936 1993 3990 af-

417 4011 548 4067 tinia
584 4013 739 4070 hisce
792 4015 1053 4072 dicuntur
1112 4038 1125 4074 :
1187 4040 1205 4073 ι
1240 4018 1632 4079 Verumtamen
1672 4040 1810 4081 vane
1855 4041 1991 4081 con--

413 4105 728 4165 turbantur.
793 4109 1197 4179 Thesaurizat,
1240 4120 1298 4169 et
1353 4116 1569 4186 ignorat
1620 4118 1711 4171 cui
1759 4132 1991 4190 congre-

414 4198 562 4268 gabit
591 4201 738 4254 ea".
779 4220 799 4255 ι
833 4201 972 4269 Quia
1014 4204 1181 4275 igitur
1206 4206 1301 4276 qui
1327 4207 1619 4265 thesauros
1651 4209 1704 4263 in
1723 4216 1871 4265 terra
1902 4225 1989 4266 re-

413 4287 623 4352 condit,
654 4295 708 4343 et
736 4294 1004 4361 pecunias
1035 4294 1236 4351 multas
1270 4296 1502 4368 colligit,
1534 4299 1589 4354 in
1620 4314 1823 4354 vanum
1853 4314 1989 4355 con-

412 4389 631 4449 gregat;
663 4396 839 4451 neque
882 4383 1027 4437 enim
1070 4384 1141 4440 iis
1188 4386 1303 4456 ipse
1335 4403 1564 4458 prorsus
1595 4388 1828 4455 fruetur,
1858 4406 1984 4446 cum

2112 522 2282 593 πάθη.
2314 524 2405 576 Διὸ
2436 522 2709 590 ἐπιλέγει·
2758 539 2777 570 ι
2825 517 3080 588 Ἐκχέατε
3130 514 3359 570 ἐνώπιον
3393 514 3557 568 αὑτοῦ
3590 516 3689 577 τὰς

2110 614 2337 685 καρδίας
2381 613 2556 684 ὑμῶν.
2629 613 2686 665 Ὀ
2731 610 2863 674 Θεὸς
2918 608 3109 680 βοηθὸς
3152 606 3332 679 ἡμῶν.
3364 624 3383 658 ι
3433 606 3687 674 Ἔχοντες

2108 701 2237 771 γάρ,
2278 701 2432 772 φησι,
2463 701 2675 771 βοηθὸν,
2715 700 2878 792 μηδὲν
2920 698 3329 761 ὑποστέλλεσθε,
3370 696 3503 792 μηδέ
3542 712 3593 747 τι

2108 795 2229 855 ταῖς
2256 792 2519 856 διανοίαις
2547 783 3133 862 ὑμῶν’ύιτοκρύπτετε,
3161 786 3603 846 ἀναπετάσαντες
3632 783 3688 836 δὲ

2107 881 2176 934 τά
2198 884 2423 952 ταμιεῖα
2471 881 2571 951 τῆς
2612 881 2809 951 ψυχῆς,
2852 880 2975 943 τοὺς
3009 879 3067 931 ἐν
3098 879 3237 948 αὐτῇ
3277 874 3688 947 κρυπτομένους

2108 971 2399 1043 λογισμοὺς
2426 972 2858 1041 ἀνακαλύπτετε,
2888 972 2964 1034 ὡς
2992 967 3057 1023 ἂν
3090 968 3235 1041 μόνῳ
3259 965 3450 1036 ἀγαθῷ
3474 966 3567 1017 καὶ
3599 963 3687 1016 δυ-

2108 1066 2253 1137 νατῷ
2277 1066 2346 1120 τὰ
2366 1067 2543 1121 πάντα
2574 1065 2756 1120 ἰᾶσθαι
2784 1065 3009 1128 ἑαυτοὺς
3032 1061 3469 1135 ἐμπιστεύοντεςη

2180 1199 2201 1231 ι
2242 1180 2387 1251 Πλὴν
2426 1181 2645 1251 μάταιοι
2675 1180 2725 1233 οἱ
2759 1179 2865 1232 υἱοὶ
2897 1178 3005 1231 τῶν
3034 1174 3357 1246 ἀνθρώπων,
3389 1173 3603 1243 ψευδεῖς
3635 1171 3686 1225 οἱ

2106 1274 2213 1325 υἱοὶ
2251 1272 2359 1325 τῶν
2390 1271 2692 1343 ἀνθρώπων
2729 1274 2787 1323 ἐν
2822 1271 2992 1343 ζυγῷ,
3028 1269 3119 1322 τοῦ
3150 1268 3406 1335 ἀδικῆσαι
3435 1267 3589 1320 αὐτοὶ
3622 1266 3688 1317 ἐκ

2110 1364 2466 1435 ματαιότητος
2498 1364 2590 1416 ἐπὶ
2633 1364 2695 1417 τὸ
2737 1364 2887 1416 αύτό.
2922 1382 2940 1414 ι
2986 1364 3098 1415 Καὶ
3132 1363 3189 1414 ἐν
3218 1361 3297 1431 τῷ
3332 1360 3414 1431 λη’
3445 1358 3682 1426 ἐλέγετο·

2111 1472 2128 1504 ι
2162 1455 2306 1525 Πλὴν
2333 1455 2402 1507 τά
2430 1454 2721 1525 σύμπαντα
2743 1454 3059 1524 ματαιότης,
3078 1454 3185 1516 πᾶς
3204 1451 3300 1507 άνθ
3308 1467 3488 1523 ρωπος
3511 1449 3638 1514 ζῶν.
3660 1468 3683 1501 ι

2104 1549 2212 1601 Καὶ
2244 1548 2425 1601 πάλιν·
2467 1567 2484 1599 ι
2511 1547 2656 1617 Πλὴν
2689 1547 2865 1617 μάτην
2886 1546 3266 1616 ταράσσονται·
3293 1562 3311 1595 ι
3344 1544 3457 1607 καὶ,
3492 1561 3510 1593 ι
3544 1541 3686 1597 Μέν-

2103 1656 2250 1707 τοιγε
2284 1641 2342 1691 ἐν
2375 1639 2543 1691 εἰκόνι
2571 1638 2949 1709 διαπορεύεται
2982 1636 3286 1709 ἄνθρωπος.
3332 1655 3350 1686 ι
3388 1633 3685 1689 Κάνταῦθα

2107 1727 2411 1799 συμφώνως
2458 1728 2685 1789 ἐκείνοις
2727 1727 2973 1780 λέλεκται
3017 1725 3086 1777 τά
3120 1725 3475 1796 προκείμενα·
3511 1724 3578 1776 δι’
3610 1716 3685 1777 ὧν

2104 1818 2469 1890 διδασκόμεθα
2502 1820 2593 1871 ἐπὶ
2625 1820 2782 1889 μόνον
2811 1818 2903 1871 τὸν
2935 1818 3163 1887 Σωτῆρα
3204 1815 3465 1878 ἐλπίζειν,
3494 1816 3687 1869 κάκεῖ-

2107 1930 2195 1965 νον
2229 1912 2421 1982 βοηθὸν
2455 1909 2871 1980 ἐπιγράφεσθαι·
2907 1908 3093 1979 ἐπειδὴ
3130 1908 3327 1969 πάντες
3356 1908 3402 1958 οἱ
3438 1907 3543 1958 υἱοὶ
3578 1904 3684 1957 τῶν

2105 2003 2428 2075 ἀνθρώπων,
2478 2003 2581 2055 κᾶν
2628 2002 2885 2072 ἄρχοντες
2932 1994 3069 2051 εἶναι
3112 1999 3338 2061 δοκοῖεν,
3378 1996 3479 2049 κᾶν
3514 1995 3687 2048 πολλὰ

2104 2096 2390 2166 δυνάμενοι
2424 2094 2565 2147 κατά
2589 2094 2681 2147 τὸν
2718 2093 2853 2163 βίον,
2897 2092 3134 2162 μάταιοι·
3168 2090 3201 2161 ἢ
3236 2089 3378 2142 κατά
3411 2090 3500 2142 τὸν
3535 2089 3685 2160 Σύμ-

2108 2205 2299 2257 μαχον,
2339 2206 2356 2237 ι
2386 2185 2577 2256 ἀτμὸς,
2614 2204 2632 2236 ›
2666 2184 2781 2254 μετ’
2805 2182 2983 2250 ὀλίγον
3016 2184 3262 2252 ἐσόμενοι
3296 2199 3313 2230 ι
3348 2181 3479 2233 ὡσεὶ
3502 2179 3679 2250 χνοῦς,

2103 2282 2161 2334 ὃν
2196 2280 2444 2350 ὲκρίπτει
2486 2278 2684 2346 ἄνεμος
2720 2275 2826 2327 ἀπὸ
2867 2272 3163 2344 προσώπου
3209 2273 3307 2341 τῆς
3340 2272 3461 2341 γῆς.
3498 2290 3515 2322 ι
3568 2272 3681 2326 Ἐν-

2102 2370 2294 2423 τεῦθεν
2322 2370 2352 2423 δ
2385 2365 2635 2435 Σολομὼν
2666 2362 2967 2432 ὠφεληθεὶς
2992 2364 3083 2415 τὸν
3118 2362 3350 2432 πατέρα,
3389 2380 3407 2411 ι
3439 2360 3681 2414 Ματαιό-

2102 2478 2202 2529 της
2237 2459 2635 2530 ματαιοτήτων,
2684 2456 2752 2508 τὰ
2799 2455 2976 2507 πάντα
3026 2454 3344 2525 ματαιότης,
3384 2473 3402 2504 ι
3447 2456 3541 2506 καὶ
3582 2455 3679 2507 ὅσα

2100 2552 2323 2604 τοιαῦτα
2356 2551 2580 2621 ἔγραφε.
2614 2548 2845 2611 Ψευδεῖς
2870 2547 2927 2600 δέ
2963 2548 3069 2599 εἰσι
3102 2547 3243 2600 κατά
3265 2547 3357 2599 δύο
3378 2548 3609 2618 τρόπους
3632 2548 3684 2599 οε

2101 2644 2207 2695 υἱοὶ
2235 2643 2342 2695 τῶν
2374 2641 2693 2713 ἀνθρώπων”
2718 2639 2839 2692 καθ’
2867 2639 2962 2692 ἕνα
2992 2640 3089 2709 μὲν
3111 2638 3561 2708 ψευδολογοῦντες
3587 2640 3681 2692 καὶ

2104 2735 2323 2807 μακράν
2365 2736 2466 2805 τῆς
2507 2734 2762 2806 ἀληθείας
2809 2734 3232 2805 ἀπερριμμένοι·
3276 2732 3419 2785 κατά
3456 2732 3681 2804 θάτερον

2099 2828 2155 2880 δὲ
2180 2827 2417 2890 ἀπάταις
2444 2828 2539 2880 καὶ
2571 2824 2946 2895 ψευδολογίαις
2971 2824 3283 2887 πλανῶντες
3304 2826 3431 2888 τοὺς
3460 2823 3680 2877 πιστεύ-

2097 2936 2256 2985 οντας
2290 2921 2491 2983 αὐτοῖς.
2525 2919 2617 2971 Διὸ
2642 2919 2702 2971 ού
2728 2920 2993 2989 προσήκει
3022 2920 3132 2981 τοῖς
3156 2917 3417 2979 τοιούτοις
3452 2918 3681 2981 ἑαυτοὺς

2098 3012 2381 3066 ἐκδιδόναι·
2423 3012 2713 3081 ψεύδεσθαι
2744 3011 2853 3079 γὰρ
2887 3010 3129 3075 εἰώθασι,
3173 3010 3266 3063 καὶ
3308 3011 3409 3063 οὑκ
3443 3010 3588 3062 ἔστιν
3619 3012 3685 3063 ἐν

2098 3106 2283 3167 αὐτοῖς
2330 3103 2578 3175 ἀλήθεια·
2626 3102 2765 3157 ἀλλά
2809 3104 2902 3155 καὶ
2947 3102 3099 3170 ζυγοὶ
3144 3101 3243 3171 τῆς
3284 3101 3463 3155 αὐτῶν
3497 3101 3678 3172 ψυχῆς

2097 3195 2248 3248 οὐδὲν
2276 3195 2483 3249 δίκαιον
2509 3194 2629 3248 οὐδὲ
2662 3194 2950 3266 ἰσόρροπον
2993 3194 3357 3265 περιέχουσιν·
3401 3192 3679 3263 ἐτεροκλι-

2096 3289 2205 3351 νεῖς
2237 3286 2293 3339 δὲ
2312 3286 2484 3349 ὄντες,
2511 3284 2768 3339 τάναντία
2788 3285 2865 3355 τῷ
2884 3284 3075 3355 δικαίῳ
3105 3284 3422 3356 πράττουσι.
3455 3283 3677 3347 Τούτοις

2093 3372 2186 3430 οὖν
2230 3379 2342 3439 τοῖς
2390 3375 2597 3439 ἀδίκοις
2626 3374 2805 3429 αὐτῶν
2832 3374 3015 3444 ζυγοῖς
3044 3375 3142 3447 τὴν
3175 3375 3507 3446 ματαιότητα
3528 3391 3679 3445 περι-

2095 3468 2305 3533 έπουσι,
2336 3469 2435 3540 τὴν
2467 3468 2722 3540 ἀλήθειαν
2760 3470 2853 3521 καὶ
2887 3469 2979 3521 τὸν
3020 3468 3221 3539 ταύτης
3247 3469 3378 3523 Θεὸν
3407 3470 3679 3539 ἀποστρε-

2100 3562 2340 3632 φόμενοι·
2374 3560 2455 3613 διὸ
2482 3561 2542 3613 ού
2579 3562 2846 3631 προσήκει
2885 3560 3067 3623 αὐτοῖς
3099 3561 3469 3631 ἐμπιστεύειν·
3512 3562 3672 3632 μόνον

2092 3653 2150 3705 δὲ
2178 3653 2271 3706 τὸν
2298 3651 2555 3723 λεχθέντα
2587 3652 2816 3723 Σωτῆρα
2850 3652 3039 3723 βοηθὸν
3074 3653 3491 3724 ἐπιγράφεσθαι.

2168 3783 2186 3816 ι
2218 3764 2310 3835 Μὴ
2354 3763 2603 3828 ἐλπίζετε
2650 3766 2741 3817 ἐπὶ
2781 3765 3018 3829 ἀδικίαν,
3057 3766 3151 3819 καὶ
3179 3766 3273 3818 ἐπὶ
3301 3767 3570 3838 ἅρπαγμα
3597 3765 3677 3838 μὴ

2092 3854 2434 3908 ἐπιποθεῖτε·
2476 3853 2703 3917 πλοῦτος
2737 3853 2831 3907 ἐὰν
2865 3854 2984 3926 ῥέῃ,
3030 3855 3104 3927 μὴ
3142 3855 3497 3925 προστίθεσθε
3538 3874 3674 3928 καρ-

2092 3946 2202 4015 δία.
2248 3967 2266 3998 ι
2322 3948 2433 4000 Καὶ
2477 3949 2535 4001 ἐν
2584 3946 2662 4017 τῷ
2709 3946 2791 4017 λη’
2843 3946 3117 4015 συγγενῶς
3165 3947 3375 4011 τούτοις
3430 3948 3667 4017 ἐλέγετο·

2099 4054 2117 4087 ι
2154 4035 2301 4107 Πλὴν
2337 4038 2512 4109 μάτην
2544 4037 2928 4109 ταράσσονται.
2967 4037 3320 4109 Θησαυρίζει,
3366 4040 3458 4093 καὶ
3491 4041 3552 4093 οὐ
3581 4058 3671 4109 γι-

2092 4127 2290 4182 νώσκει
2314 4129 2421 4183 τίνι
2451 4128 2665 4195 συνάξει
2699 4128 2855 4182 αὑτά.
2889 4149 2906 4181 ι
2955 4130 3107 4183 Ἐπεὶ
3141 4132 3319 4186 τοίνυν
3349 4135 3376 4185 ὁ
3405 4132 3670 4205 θησαυρί-

2091 4219 2322 4284 ζων-ἐπὶ
2363 4220 2462 4290 τῆς
2498 4221 2623 4290 γῆς,
2664 4222 2759 4274 καὶ
2793 4222 2961 4275 πολλὰ
2992 4222 3248 4292 χρήματα
3280 4225 3547 4293 συνάγων,
3590 4228 3671 4292 εις

2094 4311 2322 4383 μάταιον
2356 4313 2596 4380 συνάγει·
2632 4312 2755 4365 οῦτε
2785 4312 2894 4385 γὰρ
2934 4314 2991 4380 ἐξ
3031 4314 3268 4379 ἅπαντος
3304 4317 3467 4381 αὐτὸς
3491 4319 3675 4372 αὐτῶν

2090 4402 2409 4469 ἀπολαύσει,
2444 4404 2698 4477 πταρμοῦ
2736 4405 2920 4476 τάχιον
2950 4407 3043 4461 τοῦ
3090 4407 3205 4478 βίου
3253 4408 3669 4480 μεθιστάμενος,

412 4475 850 4528 sternutamento
903 4474 1075 4531 citius
1120 4492 1186 4531 ex
1235 4476 1340 4533 hac
1386 4479 1497 4533 vita
1530 4479 1861 4538 auferendus
1888 4485 1981 4547 sit,

2099 4493 2215 4548 οῦτε
2245 4497 2427 4549 ὁποῖον
2461 4474 2570 4562 ἕξει
2601 4474 2844 4568 διάδοχον
2876 4474 3119 4571 ἀκριϐῶς
3152 4474 3461 4555 πέπεισται·
3488 4474 3548 4556 ’τί
3577 4474 3670 4557 καὶ

411 4574 591 4629 neque
622 4562 792 4631 probe
822 4566 961 4620 sciat
982 4568 1076 4637 qui
1109 4568 1214 4639 ipsi
1257 4570 1431 4626 haeres
1460 4570 1679 4627 futurus
1706 4573 1778 4628 sit
1804 4592 1817 4628 :
1851 4574 1984 4644 quid

408 4662 550 4705 vane
581 4656 945 4713 conturbatur
980 4660 1004 4713 ἲ
1031 4658 1185 4715 Multi
1209 4661 1413 4732 itaque,
1439 4665 1553 4719 sive
1577 4679 1800 4734 prOpem
1814 4665 1982 4720 odum

408 4757 624 4809 omnes,
654 4762 777 4803 sese
804 4749 1159 4822 deceperunt,
1198 4769 1324 4810 cum
1359 4756 1487 4812 ﬁliis
1538 4763 1594 4810 et
1635 4758 1982 4816 charioribus

411 4834 606 4890 amicis
639 4852 699 4893 se
728 4838 952 4897 divitias
999 4845 1295 4903 relicturos
1334 4854 1653 4917 sperarent;
1692 4849 1789 4905 sed
1835 4849 1982 4919 quoa

409 4922 659 4979 futurum
689 4936 836 4985 esset
863 4930 1212 5003 ignorabant,
1242 4937 1682 5010 aberrabantque
1712 4954 1743 4994 a
1791 4955 1979 5010 scopo.

408 5011 445 5069 ii
471 5015 718 5085 profecto
739 5034 879 5079 vane
911 5025 1205 5081 turbantur
1227 5028 1358 5087 dum
1393 5032 1683 5087 thesauros
1711 5032 1982 5098 condunt,

2092 4583 2401 4655 θορυϐεῖται
2428 4587 2604 4656 μάτην
2624 4604 2637 4652 ;
2665 4587 2855 4641 Πολλοὶ
2878 4589 3008 4657 γοῦν
3029 4590 3060 4660 ἢ
3080 4592 3172 4644 καὶ
3193 4592 3377 4661 σχεδὸν
3397 4595 3446 4646 οί
3470 4594 3667 4657 πάντες

2093 4678 2234 4745 σφᾶς
2267 4679 2463 4743 αὐτοὺς
2493 4681 2803 4751 ἠπάτησαν,
2838 4684 2973 4746 υίοῖς
3017 4683 3115 4754 μὲν
3147 4686 3241 4738 καὶ
3273 4686 3547 4756 φιλτάτοις
3575 4689 3675 4741 τὸν

2089 4767 2267 4821 αὐτῶν
2313 4768 2543 4822 πλοῦτον
2585 4772 2900 4826 καταλιπεῖν
2944 4776 3431 4848 προσδοκήσαντες,
3464 4781 3664 4852 ἀγνοή-

2090 4876 2284 4923 σαντες
2325 4861 2382 4914 δὲ
2419 4862 2481 4915 τὸ
2518 4863 2709 4933 μέλλον
2741 4866 2835 4919 καὶ
2882 4867 3281 4939 ἀστοχήσαντες
3312 4872 3404 4924 τοῦ
3436 4874 3659 4927 σκοποῦ.

2087 4952 2281 5023 Μάτην
2319 4947 2413 5007 οὖν
2446 4954 2803 5026 ταράττονται
2841 4958 3056 5030 ἀληθῶς
3087 4960 3527 5034 θησαυρίζοντες,
3569 4969 3658 5019 καὶ

2083 5043 2145 5095 ού
2176 5042 2546 5113 γινώσκοντες
2570 5047 2653 5110 τίς
2695 5049 2912 5114 συνάξει
2952 5052 3110 5106 αὒτά.
3156 5054 3246 5107 Διὸ
3286 5059 3551 5127 προσήκει
3587 5060 3649 5128 μθ

405 5107 727 5180 ignorantes
773 5116 901 5185 quis
936 5122 1293 5192 congregabit
1337 5138 1456 5180 eos.
1500 5122 1682 5190 Quare
1724 5128 1985 5183 convenit

2099 5107 2324 5198 ιλπίζειν
2362 5110 2455 5190 ἐπὶ
2488 5107 2701 5193 ἀδικίαν
2744 5107 2935 5194 κα).-τά
2962 5143 3021 5209 ἐξ
3055 5143 3267 5209 ἀδικίας
3301 5107 3628 5217 τέοριξέεᾷέιῖέ

404 5216 514 5255 non
548 5216 773 5272 sperare
815 5208 872 5261 in
918 5208 1284 5280 iniquitatem,
1336 5220 1391 5269 et
1438 5208 1637 5271 iures
1690 5216 1982 5286 iniquitate

2099 5221 2223 5293 suos
2249 5222 2475 5288 πλοῦτος
2503 5225 2596 5278 ἐὰν
2627 5228 2722 5299 ῥέῃ
2751 5208 3060 5303 ποταμηὸίη
3092 5208 3407 5305 φερόμενος,
3434 5208 3596 5306 ἐτέαίρ

403 5300 627 5363 partas;
660 5310 839 5365 neque
886 5299 934 5354 si
988 5301 1193 5358 divitia:
1238 5301 1482 5361 ﬂuminis
1527 5306 1705 5362 instar
1734 5308 1978 5375 aiﬂuant,

2083 5315 2225 5368 σθαι.
2260 5316 2324 5368 Εἰ
2348 5316 2405 5369 δέ
2436 5320 2703 5389 προσήκει
2731 5324 2826 5376 καὶ
2864 5322 2952 5377 διὰ
2998 5326 3228 5388 πλούτου
3274 5328 3405 5380 ποτὲ
3449 5330 3613 5397 ἀγαίνςν

403 5380 527 5437 ideo
547 5385 706 5454 erigi.
741 5386 899 5453 Quod
933 5391 979 5446 si
1011 5394 1232 5462 quando
1259 5395 1329 5450 de
1359 5396 1567 5454 divitiis
1596 5399 1796 5454 bonam
1827 5417 1979 5472 spem

2099 5422 2203 5459 τινα
2242 5380 2558 5478 πορίζεσθαι
2601 5380 2811 5473 ἐλπίδα,
2855 5380 3048 5485 δικαίῷ
3074 5418 3409 5489 χρησάμενοι
3442 5380 3653 5491 πλούτῳ

386 5486 677 5530 νευιηοτεθ
712 5492 773 5533 re
807 5479 994 5546 fuerit,
1048 5484 1116 5540 de
1166 5487 1397 5550 divitiis,
1445 5490 1692 5560 inquam,
1723 5508 1793 5548 ex
1820 5509 1977 5564 aaquo

2099 5496 2155 5567 ῖῷ
2177 5499 2242 5551 ἐκ
2270 5498 2404 5551 Θεοῦ
2443 5499 2698 5565 πολλάκις
2731 5479 3233 5578 παρεχομένιμί-κάὶ
3260 5479 3444 5578 ζυγοῖς
3478 5479 3653 5583 ὀρθοῖς

404 5571 460 5618 et
487 5564 632 5617 bono
676 5570 848 5635 partis
877 5587 909 5626 a
942 5572 1161 5645 Deoque
1190 5580 1474 5649 praebitis;
1528 5583 1620 5651 iis,
1669 5583 1840 5641 heus!
1876 5601 1972 5644 vos

2099 5564 2177 5641 ιαὶ
2207 5589 2552 5653 ίσοστασίοις,
2573 5564 3363 5669 δεξιαῖςξῶοῦτοιίχρήσασθε
3400 5564 3653 5672 πράξεσᾷ

474 5724 528 5756 ἰα
562 5724 707 5787 Psal.
742 5745 973 5795 xxxviii,
1004 5731 1057 5786 ϐ.

1139 5735 1177 5766 ⁷¹
1224 5734 1354 5791 ibid.
1394 5737 1475 5793 19..
1554 5740 1597 5771 ⁷²
1640 5738 1770 5794 ibid.
1809 5739 1861 5798 Ἰ.
1940 5742 1983 5774 ⁷³
2022 5740 2167 5800 Psai.
2205 5757 2251 5809 ι,
2290 5741 2342 5799 4.
2420 5743 2467 5777 ⁷⁸
2510 5741 2687 5801 Ecclc.
2724 5762 2773 5813 ι,
2816 5744 2873 5805 2.

2954 5750 3001 5781 ⁷³
3043 5750 3193 5809 Psal.
3225 5768 3467 5823 xxxvtu,
3498 5755 3548 5811 Ἰ.
