4142 6388
463 245 563 299 597

1596 242 2095 298 COMMENTARM
2139 242 2203 297 IN
2242 243 2585 299 PSALMUS.

3632 244 3737 304 598

460 356 881 431 θησαυρίζοντες
929 359 1141 422 ἑαυτοῖς
1190 358 1499 429 θησαυροὺς
1547 358 1605 410 ἓν
1645 357 1914 429 οὐρανοῖς,
1958 359 2029 410 κα

2156 372 2278 412 cum
2299 357 2450 426 justa
2477 364 2684 413 statera
2724 363 2779 411 et
2806 356 3023 413 bilance
3059 358 3125 413 ad
3157 358 3302 413 bona
3336 374 3503 431 opera
3547 362 3736 415 utimi—

462 451 776 524 σπείροντες
796 453 852 504 ὲν
875 452 1147 520 εὐλογίαις
1168 450 1309 504 κατὰ
1332 450 1390 503 τὸ
1409 449 1751 521 λελεγμένον·
1774 467 1794 500 ι
1830 449 2048 521 Ἐσκόρο

457 561 637 608 πισεν,
677 542 844 597 ἔδωκε
884 547 995 607 τοῖς
1031 544 1247 614 πένησι,
1282 546 1314 615 ἡ
1347 543 1669 612 δικαιοσύνη
1697 541 1863 595 αὑτοῦ
1897 540 2046 611 μένει

454 639 538 702 είς
563 637 655 691 τὸν
685 637 876 691 αίῶνα.
913 657 930 688 ι
964 637 1111 709 Αὕτη
1141 637 1250 710 γὰρ
1289 637 1424 708 μόνη
1452 636 1607 711 ἐλπὶς
1642 634 1841 706 ἀγαθή·
1871 632 2048 697 ἄλλως

454 733 512 787 δὲ
550 733 818 805 προσήκει
852 731 925 803 μὴ
958 731 1196 796 ἐλπίζειν
1230 731 1322 784 ἐπὶ
1355 731 1588 794 ἀδικίαν,
1625 729 1761 801 μηδὲ
1803 729 1896 781 ἐπὶ
1934 729 2046 790 τοῖς

455 825 518 892 ἐξ
557 826 813 898 ἁρπαγῆς
860 824 956 877 καὶ
1002 822 1314 891 πλεονεξίας
1368 822 1758 892 συναγομένοις
1798 820 2044 891 χρήμασι

456 919 601 989 μέγα
622 920 859 989 φρονεῖν·
888 916 1023 971 ἀλλά
1051 917 1145 969 καὶ
1167 917 1215 968 εί
1241 915 1479 986 συμὸαίη
1516 914 1649 967 ποτε
1677 914 1886 984 εὐροεῖν
1913 914 2044 983 ἡμῖν

452 1012 523 1064 τά
558 1011 880 1081 πράγματα,
931 1010 1024 1062 καὶ
1067 1004 1361 1071 ἀκωλύτως
1405 1006 1664 1079 φέρεσθαι
1707 1004 2045 1075 πανταχόθεν

450 1102 544 1155 τὸν
584 1101 816 1156 πλοῦτον
850 1101 1094 1173 ποταμοῦ
1130 1101 1289 1172 δίκην
1322 1101 1533 1171 ῥέοντα,
1565 1101 1661 1154 καὶ
1697 1100 1823 1153 ὅθεν
1850 1101 1950 1156 οὐκ
1977 1100 2044 1155 ἄν

451 1212 537 1258 τις
570 1195 871 1266 ἀδικήσειε,
893 1196 1031 1267 φορᾷ
1052 1212 1157 1247 τινι
1182 1193 1429 1265 ἀδοκήτῳ
1452 1195 1774 1266 φερόμενον,
1805 1195 1880 1266 μὴ
1908 1195 2044 1248 πάν-

451 1305 560 1351 τως
586 1289 650 1341 ὲκ
670 1286 805 1341 Θεοῦ
823 1286 983 1340 τοῦτο
1003 1286 1249 1354 γίνεσθαι
1270 1288 1363 1340 καὶ
1380 1286 1589 1356 νόμιζε,
1613 1286 1748 1357 μηδὲ
1771 1285 2041 1359 μακάριζε

452 1381 678 1435 σεαυτὸν
710 1380 1073 1452 ἀπατώμενος
1116 1383 1181 1452 τῇ
1215 1379 1424 1451 διανοίᾳ
1464 1380 1559 1433 καὶ
1612 1379 2042 1451 προστιθέμενος

446 1478 523 1541 ὡς
536 1475 727 1547 ἀγαθῷ
742 1475 820 1547 τῷ
851 1476 1341 1546 πλούτιρ.Γίνωσκε
1369 1475 1445 1539 δὲ,
1477 1475 1558 1528 ὃτι
1577 1475 1812 1545 ῥευστῆς
1836 1473 1913 1527 ὢν
1941 1471 2045 1544 φύ-

450 1587 608 1634 σεως,
627 1569 817 1641 ῶσπερ
838 1570 976 1640 ῥέων
1007 1568 1250 1639 φέρεται,
1269 1568 1410 1621 οὕτω
1424 1569 1515 1621 καὶ
1533 1568 1785 1640 ἀπορρεῖ·
1812 1566 1964 1619 οὐδὲν
1984 1565 2041 1619 δὲ

449 1659 665 1729 βέϐαιον
691 1659 812 1712 οὐδὲ
849 1660 1075 1731 στερρὸν
1117 1659 1210 1711 καί
1238 1656 1480 1726 ἀσφαλὲς
1509 1656 1865 1729 κεκτημένος.
1895 1657 2040 1709 Θαυ-

2151 453 2231 514 ui,
2260 452 2702 506 thesaurizautes
2730 449 2889 506 vobis
2921 451 3216 507 thesauros
3254 450 3307 505 in
3342 452 3523 516 cmlis,
3566 460 3619 507 et
3648 468 3737 506 so-

2150 545 2424 600 miuautes
2460 545 2513 599 in
2548 544 3050 610 benedictionibus,
3089 555 3149 598 ut
3184 543 3391 598 dictum
3417 550 3503 599 est
3540 562 3552 598 :
3587 563 3606 595 ‹
3641 543 3734 597 Di-

2150 639 2372 709 spersit,
2407 639 2557 694 dedit
2593 639 2953 709 pauperibus,
3003 637 3220 707 justitia
3270 638 3394 709 ejus
3439 645 3627 693 manet
3678 637 3736 693 in

2150 732 2411 786 saeculum
2436 732 2502 785 π.
2547 751 2565 785 ι
2602 731 2731 786 Haec
2778 731 2895 786 sola
2944 731 3086 785 bona
3118 746 3246 802 spes
3277 738 3399 798 est;
3430 730 3570 787 alias
3604 744 3736 785 vero

2148 841 2257 879 nou
2292 826 2554 881 convenit
2575 840 2798 896 sperare
2821 826 2876 880 in
2910 825 3217 895 iniquitate,
3263 838 3440 893 neque
3471 823 3539 878 de
3589 821 3733 876 divi-

2146 917 2238 973 tiis
2285 932 2353 973 ex
2388 918 2579 987 rapina
2617 924 2672 973 et
2701 918 2931 972 avaritia
2982 916 3231 971 collectis
3268 916 3439 970 altum
3491 928 3726 986 sapere;

2148 1009 2258 1064 imo
2284 1009 2330 1064 si
2367 1010 2589 1080 quando
2630 1010 2926 1081 contigerit
2958 1024 3049 1064 res
3091 1016 3312 1065 nostras
3343 1022 3606 1079 prospere
3636 1022 3729 1064 ce-

2144 1102 2296 1167 dere,
2329 1116 2395 1158 ac
2426 1102 2650 1157 divitias
2693 1100 2937 1157 ﬂuminis
2986 1102 3163 1155 instar
3208 1100 3558 1162 accedentes,
3607 1099 3727 1156 sine

2147 1193 2315 1249 ullius
2345 1192 2568 1263 injuria,
2595 1192 2976 1262 inexspectato
3005 1191 3242 1263 quodam
3270 1190 3418 1245 ﬂuxu
3450 1191 3518 1245 ad
3556 1199 3607 1246 te
3628 1191 3725 1246 de-

2145 1285 2314 1353 ferri;
2349 1301 2418 1342 ne
2463 1302 2531 1342 ex
2577 1284 2689 1341 Deo
2731 1285 2788 1340 id
2829 1286 3119 1356 provenire
3168 1284 3484 1355 putaveris;
3546 1299 3724 1354 neque

2144 1380 2286 1447 ideo,
2323 1380 2657 1451 cogitatione
2697 1380 2981 1450 deceptus,
3027 1379 3344 1448 divitiisque
3371 1377 3530 1448 quasi
3564 1378 3725 1434 bonis

2142 1474 2376 1538 luerens,
2427 1481 2483 1529 te
2535 1475 2755 1529 beatum
2808 1472 3215 1544 praedicaveris.
3266 1472 3527 1543 Scitoque
3575 1473 3722 1535 illas,

2143 1568 2323 1624 fluida:
2369 1576 2581 1623 naturae
2628 1583 2753 1622 cum
2804 1568 2938 1630 sint,
2995 1575 3055 1621 ut
3090 1566 3240 1621 ﬂuxu
3288 1565 3562 1630 feruntur,
3602 1567 3721 1636 pari

2140 1662 2305 1716 modo
2351 1660 2609 1725 deﬂuere,
2659 1669 2821 1730 teque
2868 1660 3001 1714 nihil
3038 1659 3277 1727 firmum,
3326 1661 3542 1721 stabile,
3590 1660 3723 1714 soli-

452 1752 673 1823 μαστῶς
704 1751 760 1805 δὲ
791 1752 869 1823 τῷ
892 1752 995 1821 τῆς
1020 1752 1150 1823 ῥοῆς
1181 1752 1408 1822 ὀνόματι
1433 1750 1720 1820 κέχρηται,
1759 1769 1778 1802 ι
1806 1749 2029 1813 Πλοῦτος

2141 1752 2341 1807 dumve
2382 1752 2683 1822 possidere:
2733 1751 2929 1806 Mirum
2975 1760 3157 1807 autem
3200 1753 3256 1806 in
3287 1752 3509 1806 modum
3542 1750 3723 1808 ﬂuxus

447 1843 542 1897 ἐὰν
579 1844 701 1917 ῥέῃ,
727 1863 744 1895 ι
782 1844 983 1914 φήσας·
1007 1843 1147 1897 κατὰ
1174 1844 1232 1896 δὲ
1264 1844 1357 1895 τὸν
1390 1841 1704 1913 Σύμμαχον·
1730 1861 1747 1893 ι
1781 1840 2037 1907 Πλοῦτος,

447 1938 635 2006 φησιν,
688 1934 783 1989 ὲάν
827 1939 1174 2007 καρποφορῇ,
1222 1936 1295 2005 μή
1327 1936 1556 1987 τάσσετε
1591 1935 1689 2004 τὴν
1728 1933 1972 2006 καρδίαν.
2014 1954 2034 1986 ι

460 2030 599 2082 Ἀλλ’
627 2030 721 2083 ἐπὶ
749 2030 869 2082 τίνα
885 2030 963 2081 δεῖ
984 2030 1204 2082 τάσσειν
1231 2027 1330 2099 τὴν
1359 2026 1587 2097 καρδίαν
1616 2026 1709 2079 καὶ
1734 2026 1842 2079 τίνι
1866 2042 2037 2097 προσ-

445 2122 713 2185 τίθεσθαι,
762 2121 978 2193 είρηται
1024 2120 1285 2183 πολλάκις
1329 2123 1387 2173 ὲν
1434 2119 1530 2189 τῷ,
1572 2138 1589 2168 ι
1625 2118 1761 2189 Οὐχὶ
1812 2117 1890 2188 τῷ
1919 2116 2038 2188 Θεῴ

448 2214 859 2284 ὑποταγήσεται
887 2214 920 2284 ή
948 2212 1092 2282 ψυχή
1132 2226 1265 2281 μου;
1306 2229 1323 2261 ι
1360 2211 1454 2262 καὶ
1494 2208 1656 2262 πάλιν
1683 2226 1695 2239 ·
1738 2227 1757 2260 ι
1789 2207 1934 2279 Πλὴν
1957 2207 2038 2278 τῷ

444 2305 565 2375 Θεῷ
597 2303 899 2375 ὐτιοτάγηθι
927 2303 1125 2374 ἡψυχή
1159 2320 1259 2373 μου
1289 2318 1303 2333 ·
1330 2301 1491 2363 αὐτὸς
1513 2301 1622 2371 γὰρ
1651 2299 1786 2361 Θεός
1810 2316 1911 2369 μου
1941 2299 2036 2352 καὶ

446 2391 639 2463 Σωτήρ
668 2408 770 2462 μου
806 2392 900 2443 xa‘t
932 2392 1277 2462 ἀντιλήπτωρ
1311 2405 1434 2460 μου·
1479 2410 1497 2440 ι
1533 2389 1648 2453 καὶ,
1683 2408 1702 2439 ι
1750 2388 2034 2442 Ἐλπίσατε

444 2483 537 2534 ἐπ’
570 2483 754 2546 αὑτὸν,
786 2485 935 2536 πᾶσα
979 2481 1271 2552 συναγωγὴ
1309 2481 1458 2534 λαοῦ.
1495 2501 1512 2532 ι
1552 2480 1782 2546 Οὐκοῦν,
1817 2480 2035 2551 ἔχοντες

444 2572 537 2624 τὸν
570 2572 743 2643 μέγαν
776 2572 1007 2625 πλοῦτον
1052 2574 1146 2626 καὶ
1190 2573 1282 2626 τὸν
1326 2571 1579 2643 ἀληθινὸν
1620 2571 1912 2643 θησαυρὸν,
1957 2572 2032 2644 μὴ

443 2663 754 2734 ἐλπίσωμεν
799 2664 892 2717 ἐπὶ
935 2663 1011 2734 τῷ
1053 2664 1267 2734 ματαίῳ
1333 2666 1427 2718 καὶ
1473 2664 1683 2736 ρευστῴ
1734 2666 1829 2719 καὶ
1863 2664 2034 2736 ἀδίκῳ

446 2750 682 2822 πλούτῳ·
718 2752 937 2821 μάταιοι
969 2752 1077 2823 γάρ
1099 2752 1314 2823 ἀληθῶς
1344 2753 1546 2817 πάντες
1573 2755 1624 2807 οί
1653 2754 1762 2808 υἱοὶ
1795 2753 1902 2808 τῶν
1936 2756 2033 2812 ἁν-

444 2844 682 2920 θρώπων
706 2848 758 2900 ot
784 2849 876 2901 ἐπὶ
896 2848 1071 2919 τούτῳ
1098 2848 1438 2914 πεποιθότες.

521 3049 541 3082 ι
574 3030 756 3098 ’Ᾱπαξ
787 3030 1046 3102 ἐλάλησεν
1084 3033 1113 3085 6
1150 3033 1304 3097 Θεὸς,
1342 3032 1437 3086 δύο
1468 3034 1642 3088 ταῦτα
1676 3036 1907 3106 ηκουσα·
1945 3036 2030 3090 ὅτι

2143 1842 2363 1896 nomine
2395 1848 2480 1897 est
2516 1858 2653 1897 usus
2694 1861 2706 1895 :
2746 1860 2765 1893 ι
2810 1840 3022 1896 Divitiae
3070 1842 3116 1897 si
3149 1842 3395 1903 afﬂuant,
3448 1860 3467 1894 ι
3508 1841 3720 1911 inquit;

2140 1936 2247 2006 vel,
2281 1935 2583 1990 secundum
2621 1932 3037 2006 Symmachum,
3073 1953 3091 1985 ι
3134 1934 3349 1988 Divitiae
3385 1933 3432 1989 si
3478 1932 3720 1987 fructum

2139 2004 2375 2100 pariant,
2419 2027 2615 2097 inquit,
2674 2043 2744 2082 ne
2782 2027 3038 2097 apponite
3080 2042 3196 2081 cor.
3224 2046 3241 2078 ι
3295 2026 3526 2081 Cuinam
3589 2038 3721 2081 vero

2138 2136 2235 2175 eor
2283 2120 2539 2173 ordinare
2599 2128 2653 2172 ct
2709 2134 2983 2189 apponere
3032 2134 3171 2188 opus
3231 2120 3337 2180 sit,
3398 2118 3722 2188 plerumque

2138 2212 2343 2267 dictum
2389 2219 2475 2266 est
2510 2212 2563 2264 in
2596 2210 2710 2275 illo,
2746 2231 2763 2261 ι
2788 2210 2977 2265 Nonne
2994 2210 3105 2266 Deo
3129 2211 3375 2278 subjecta
3401 2210 3504 2263 erit
3534 2210 3718 2263 anima

2137 2302 2299 2356 mea?
2339 2320 2357 2353 ι
2390 2316 2454 2355 ac
2501 2316 2720 2356 rursum
2760 2319 2773 2354 :
2828 2317 2845 2350 ι
2891 2299 3278 2355 Verumtamen
3326 2299 3437 2353 Deo
3468 2298 3726 2367 subjecta

2135 2401 2276 2459 esto,
2307 2393 2488 2447 anima
2525 2408 2643 2447 mea
2679 2412 2691 2447 :
2721 2394 2836 2462 ipse
2862 2394 3008 2446 enim
3031 2392 3174 2448 Deus
3195 2408 3350 2448 meus
3370 2400 3427 2447 et
3462 2391 3718 2446 Salvator

2136 2499 2292 2539 meus
2341 2492 2396 2539 et
2438 2492 2727 2554 susceptor
2774 2500 2963 2551 meus,
3027 2505 3045 2536 ι
3087 2490 3165 2548 et,
3223 2503 3243 2535 ι
3302 2482 3532 2555 Sperate
3561 2484 3617 2537 in
3648 2498 3729 2538 eoi

2134 2578 2316 2632 omnis
2357 2577 2719 2648 congregatio
2762 2578 2969 2647 populi.
3029 2596 3048 2628 ι
3087 2576 3226 2631 Cum
3270 2577 3455 2646 itaque
3485 2591 3723 2647 magnas.

2134 2671 2354 2726 divitias
2380 2685 2682 2742 verumque
2712 2671 3032 2725 thesaurum
3056 2670 3421 2734 obtineamus,
3458 2684 3527 2724 ne
3561 2684 3713 2738 spem

2134 2778 2407 2835 ponamus
2439 2764 2496 2817 in
2544 2763 2724 2827 vanis,
2769 2762 2932 2819 ﬂuxis
2981 2770 3037 2817 et
3080 2762 3285 2831 iniquis
3319 2760 3545 2815 divitiis.
3577 2758 3714 2813 Nam

2136 2856 2260 2911 vani
2292 2870 2421 2912 vere
2447 2862 2578 2911 sunt
2600 2870 2795 2911 omnes
2829 2854 2926 2909 filii
2959 2853 3264 2918 hominum,
3283 2851 3376 2922 qui
3406 2851 3558 2907 hisce
3588 2866 3717 2905 con-

2134 2947 2373 3093 Μξέζε.
2408 3037 2497 3103 12,
2532 3038 2620 3093 15.
2676 3055 2694 3087 ι
2755 3036 2935 3093 Semel
2985 3036 3202 3093 locutus
3255 3045 3342 3091 est
3388 3032 3554 3097 Deus,
3600 3034 3723 3088 duo

439 3124 503 3176 τὸ
537 3125 736 3195 κράτος
769 3123 862 3176 τοῦ
897 3124 1053 3189 Θεοῦ,
1089 3126 1185 3178 καὶ
1214 3126 1319 3185 σοὶ,
1352 3125 1546 3197 Κύριε,
1572 3127 1633 3179 τὸ
1658 3126 1824 3190 ἕλεος·
1854 3128 1936 3180 ὅτι
1963 3129 2028 3183 σὺ

2132 3131 2249 3185 haec
2279 3098 2495 3192 audivi,
2519 3129 2649 3201 quia
2679 3134 2925 3198 potestas
2955 3127 3050 3183 Dei
3086 3135 3191 3193 est,
3225 3135 3281 3183 et
3314 3127 3433 3190 tibi,
3462 3126 3721 3190 Domine,

440 3215 748 3279 ἀποδώσεις
790 3216 1003 3285 ἑκάστῳ
1038 3217 1181 3270 κατὰ
1218 3217 1286 3270 τὰ
1325 3217 1463 3289 ἔργα
1495 3219 1678 3274 αὐτοῦ.
1722 3238 1740 3271 ι
1777 3220 2031 3273 Τοσαῦτα

442 3309 849 3381 προπαιδεύσας
884 3313 913 3362 6
944 3311 1125 3380 λόγος,
1164 3311 1473 3374 ἀκολούθως
1514 3312 1613 3382 τῆς
1657 3311 1752 3365 τοῦ
1784 3312 1919 3366 Θεοῦ
1951 3314 2029 3366 διο

439 3402 785 3473 καιοκρισίας
806 3404 1236 3474 ὑπομιμνήσκει·
1264 3403 1339 3466 ὡς
1367 3404 1454 3468 ἂν,
1477 3404 1681 3477 ταύτην
1703 3406 1807 3477 πρὸ
1829 3406 2027 3477 ὀφθαλ-

441 3495 560 3566 μῶν
589 3495 827 3564 θέμενοι,
862 3498 998 3568 μήτε
1036 3500 1101 3568 τῇ
1139 3499 1325 3570 ἀδικία
1359 3501 1495 3571 μήτε
1528 3504 1640 3564 τοῖς
1674 3501 2024 3573 άρπάγμασι,

441 3590 579 3660 μήτε
608 3589 687 3660 τῷ
724 3592 1044 3664 προσκαίρῳ
1070 3593 1163 3645 καὶ
1194 3591 1380 3663 τυφλῷ
1412 3593 1626 3663 πλούτῳ
1649 3595 1874 3658 ἑαυτοὺς
1907 3595 2027 3648 ἐπι-

435 3682 687 3753 δίδωμεν.
719 3685 793 3737 Οὐ
818 3685 925 3755 γὰρ
947 3685 1097 3750 ἅπαξ
1122 3686 1280 3757 μόνον
1312 3687 1438 3759 περὶ
1459 3688 1557 3757 τῆς
1579 3688 1811 3759 κρίσεως
1842 3690 1871 3740 6
1893 3687 2025 3752 Θεὸς

436 3773 787 3839 διεστείλατο,
828 3776 965 3830 ἀλλὰ
1005 3779 1100 3831 καὶ
1137 3777 1408 3852 δεύτερον.
1453 3780 1562 3832 Καὶ
1603 3778 1796 3843 ταῦτα,
1837 3781 2020 3851 φησὶν,

436 3866 600 3929 αὐτὸς
625 3865 737 3935 ἐγὼ
768 3868 975 3938 ἥκουσα
1006 3869 1268 3940 ἀκριϐῶς,
1296 3872 1390 3925 τὸν
1425 3871 1548 3926 νοῦν
1583 3873 1882 3943 ἐπιστήσας
1910 3875 2021 3936 τοῖς

434 3959 556 4012 δυσὶ
590 3959 800 4023 τούτοις
834 3961 1309 4033 παραγγέλμασιν.
1348 3964 1530 4029 Ἃπαξ
1565 3964 1673 4037 γάρ
1707 3964 1967 4036 ἐλάλησεν
1993 3967 2024 4018 6

434 4047 586 4113 Θεὸς,
622 4050 737 4103 ἀλλ’
775 4051 886 4119 ἐγὼ
914 4051 1008 4103 δύο
1046 4052 1217 4106 ταῦτα
1259 4054 1484 4125 ἥκουσα·
1514 4036 1742 4129 ὲλάλήσε
1781 4056 1889 4128 γὰρ
1920 4058 2014 4111 καὶ

432 4141 519 4194 διὰ
547 4142 864 4213 προφητῶν,
911 4144 1139 4215 ὲλάλησε
1182 4146 1276 4198 καὶ
1317 4145 1404 4199 διὰ
1434 4147 1766 4201 ἀποστόλων·
1800 4148 1894 4202 καὶ
1927 4149 2018 4202 τὸν

431 4233 529 4285 ἕνα
558 4232 716 4301 λόγον
746 4235 838 4287 τὸν
873 4234 1023 4300 ἆπαξ
1058 4237 1162 4290 ὑπὸ
1195 4236 1289 4291 τοῦ
1318 4237 1454 4291 Θεοῦ
1485 4240 1773 4312 ὁρισθέντα
1804 4241 1895 4294 καὶ
1931 4241 2021 4296 διὰ

434 4324 672 4389 παλαιᾶς
701 4326 975 4399 Διαθήκης
1009 4329 1102 4382 καὶ
1129 4330 1217 4383 διὰ
1237 4332 1337 4399 τῆς
1359 4333 1552 4403 καινῆς
1584 4334 1813 4404 ἤκουσα.
1840 4334 1932 4398 Τίς
1960 4334 2029 4391 δὲ.

2129 3223 2508 3280 misericordia
2569 3242 2581 3276 :
2644 3222 2775 3292 quia
2838 3230 2897 3277 tu
2949 3220 3150 3276 reddes
3205 3221 3503 3289 unicuique
3551 3219 3711 3288 juxta

2128 3329 2294 3385 opera
2325 3328 2446 3370 sua.
2493 3333 2511 3364 ι
2558 3312 2695 3367 Cum
2743 3319 2897 3365 tanta
2932 3310 3001 3365 ad
3031 3321 3275 3365 nostram
3308 3311 3706 3365 institutionem

2131 3406 2415 3477 praemissa
2444 3405 2704 3469 fuissent,
2734 3411 3139 3474 consequenter
3156 3404 3225 3459 de
3253 3403 3406 3473 justo
3443 3402 3536 3458 Dei
3567 3401 3707 3472 judi-

2126 3498 2216 3553 cio
2242 3499 2408 3553 verba
2441 3496 2591 3563 facit,
2637 3507 2696 3551 ut
2723 3495 2857 3550 illud
2890 3511 3000 3566 pra:
3033 3495 3210 3550 oculis
3254 3503 3579 3556 statuentes,
3611 3508 3709 3547 ne-

2124 3604 2234 3659 que
2281 3589 2588 3659 injustitiae,
2627 3604 2802 3660 neque
2832 3588 3064 3658 rapinis,
3114 3601 3294 3655 neque
3335 3584 3724 3655 temporaneis.

2130 3683 2399 3753 caecisque
2422 3681 2632 3736 divitiis
2666 3696 2775 3737 nos
2804 3680 3093 3736 dedamus.
3122 3676 3311 3750 Neque
3358 3678 3504 3734 enim
3534 3678 3704 3734 semel

2127 3786 2340 3831 tantum
2368 3777 2436 3833 de
2470 3776 2678 3846 judicio
2717 3775 2862 3829 Deus
2894 3783 3162 3846 praecepta
3194 3773 3382 3840 dedit,
3409 3772 3505 3828 sed
3535 3771 3704 3828 etiam

2125 3869 2409 3924 secundo:
2444 3867 2513 3921 Et
2548 3868 2663 3922 haec
2707 3881 2810 3938 ego
2850 3866 3043 3922 sedulo
3090 3864 3298 3927 audivi,
3347 3865 3547 3934 inquit,
3584 3862 3705 3917 ani-

2124 3976 2325 4032 moque
2392 3962 2509 4016 haec
2574 3962 2685 4015 duo
2748 3967 3021 4030 praecepta
3089 3956 3459 4014 consideravi.
3522 3952 3713 4010 Semel

2122 4054 2325 4124 quippe
2348 4052 2505 4107 Deus
2525 4051 2743 4107 locutus
2771 4060 2890 4117 est;
2932 4051 3026 4106 sed
3053 4065 3154 4120 ego
3182 4051 3296 4105 haec
3324 4048 3434 4103 duo
3465 4047 3648 4102 audivi
3684 4066 3707 4101 ε

2123 4144 2346 4200 locutus
2405 4158 2643 4215 namque
2686 4152 2773 4199 est
2823 4158 2919 4213 per
2963 4144 3290 4213 prephetas,
3334 4144 3552 4198 locutus
3605 4154 3705 4209 per

2123 4238 2403 4308 apostolos
2439 4256 2452 4291 :
2486 4244 2653 4307 atque
2709 4250 3019 4293 sermonem
3070 4236 3224 4290 illum
3284 4252 3457 4291 unum
3508 4237 3709 4301 semel,

2121 4344 2247 4383 cum
2281 4344 2378 4398 per
2411 4326 2584 4383 Vetus
2632 4335 2748 4381 tum
2796 4342 2895 4397 per
2944 4325 3155 4382 Novum
3208 4325 3621 4383 Testamentum
3669 4344 3702 4384 a

431 4411 497 4487 ἦν
530 4412 704 4482 οὗτος,
736 4418 850 4471 ἀλλ’
887 4438 905 4470 ι
947 4420 1072 4473 Ὅτι
1117 4421 1179 4474 τὸ
1211 4423 1413 4497 κράτος
1457 4424 1550 4477 τοῦ
1598 4424 1734 4478 Θεοῦ
1779 4427 1871 4479 καὶ
1910 4425 2015 4490 σοὶ,

2131 4417 2234 4473 Deo
2265 4418 2700 4489 pronuntiatum,
2721 4416 2925 4472 audivi.
2947 4415 3084 4483 Quis
3106 4417 3196 4472 ille
3218 4424 3361 4481 erat,
3394 4417 3500 4473 nisi
3525 4434 3557 4468 ιη
3572 4417 3702 4489 quia

433 4509 625 4580 Κύριε,
658 4510 720 4563 τὸ
750 4512 917 4577 ἕλεος,
961 4533 979 4564 ι
1018 4515 1133 4577 καὶ,
1174 4533 1191 4565 ι
1233 4516 1355 4568 ’Ότι
1385 4519 1449 4569 σὺ
1476 4516 1775 4583 ἀποδώσεις
1804 4518 2019 4589 ἑκάστῳ

428 4600 572 4653 κατὰ
609 4601 679 4655 τὰ
711 4602 847 4675 ἔργα
877 4604 1080 4668 αὐτοῦς
1111 4625 1129 4656 ι
1163 4606 1351 4670 Ἔλεος
1377 4607 1455 4673 δὲ,
1489 4607 1644 4679 φησι,
1677 4611 1772 4662 καὶ
1794 4609 2013 4681 κράτος·

430 4692 489 4745 τὸ
533 4695 630 4766 μὲν
665 4696 866 4768 κράτος
909 4698 1045 4770 πρὸς
1090 4699 1151 4752 τὸ
1193 4701 1551 4774 τιμωρεῖσθαι
1595 4703 1689 4755 καὶ
1726 4705 2018 4757 ταπεινοῦν

434 4788 557 4850 τοὺς
606 4788 971 4859 ἀφηνιῶντας,
1019 4790 1081 4844 τὸ
1109 4791 1166 4847 δὲ
1212 4791 1359 4857 ἔλεος
1402 4794 1539 4865 πρὸς
1570 4794 1631 4847 τὸ
1664 4794 1857 4860 σώζειν
1889 4796 2016 4860 τοὺς

432 4879 509 4940 εἰς
537 4880 700 4931 αὐτὸν
724 4880 1043 4949 ήλπικότας.
1078 4901 1097 4933 ι
1136 4884 1244 4937 Ἴδε
1276 4880 1369 4938 οὖν
1394 4888 1737 4958 χρηστότητα
1768 4889 1862 4941 καὶ
1881 4889 2016 4943 ἀπο-

436 4971 644 5040 τομίαν,
676 4991 695 5024 ι
733 4972 897 5042 φησὶν
925 4976 952 5027 6
988 4976 1329 5040 Ἀπόστολος·
1355 4979 1448 5031 ἐπὶ
1471 4978 1571 5050 μὲν
1596 4980 1721 5044 τοὺς
1750 4982 2013 5044 πεσόντας

429 5061 735 5133 ἀποτομίαν
766 5065 853 5119 διὰ
884 5066 978 5119 τοῦ
1015 5068 1270 5139 κράτους,
1302 5071 1393 5123 ἐπὶ
1428 5070 1485 5124 δὲ
1515 5071 1575 5124 σὲ
1598 5073 1900 5144 χρηστότης
1925 5071 2013 5128 διὰ

429 5152 523 5207 τοῦ
546 5154 748 5220 ἐλέους.
774 5157 938 5212 Ταῦτ’
960 5160 1152 5225 εἰπὼν,
1177 5162 1373 5216 ἄνωητὸ
1396 5164 1687 5236 πρόσωπον
1706 5168 2008 5234 ἀνατείνας,

432 5246 871 5318 προσφθέγγεται
902 5251 979 5322 τῷ
1010 5253 1128 5325 Θεῴ
1152 5254 1355 5323 λέγων·
1396 5275 1415 5308 ι
1458 5257 1577 5310 Ὅτι
1618 5259 1682 5311 σὺ
1712 5260 2011 5324 ἀποδώσεις

432 5337 644 5410 ἑκάστῳ
665 5342 807 5396 κατὰ
828 5342 895 5396 τὰ
935 5344 1072 5415 ἔργα
1110 5346 1295 5401 αὐτοῦ.
1328 5368 1348 5399 ι
1387 5350 1497 5403 Καὶ
1528 5353 1557 5404 6
1601 5352 1831 5418 Ἀκύλας
1861 5353 1919 5407 δὲ
1942 5353 2013 5408 τὰ

435 5430 769 5501 προκείμενα
804 5432 993 5487 τοῦτον
1026 5437 1337 5508 ἡρμήνευσε
1358 5440 1449 5493 τὸν
1472 5442 1692 5511 τρόπον·
1725 5463 1743 5496 ι
1785 5445 2011 5518 Ἐλάλη-

433 5535 525 5572 σεν
562 5522 590 5574 6
617 5521 769 5588 Θεὸς,
802 5526 896 5578 καὶ
928 5526 1177 5599 δεύτερον
1205 5530 1505 5601 ἐπήκουσα·
1543 5536 1623 5589 ὅτι
1662 5539 1698 5598 ἡ
1731 5539 1882 5607 ἕσχὺς
1915 5541 2009 5594 105

508 5697 551 5727 ”
590 5695 731 5752 [ἔδοι.
769 5717 851 5755 cx:
878 5703 981 5767 ,.9.
1060 5705 1100 5737 ⁷⁷
1148 5703 1301 5761 Boni.
1342 5723 1414 5772 χι,
1451 5708 1539 5765 ‘22.

2122 4516 2370 4580 potestas
2402 4507 2497 4563 Dei
2524 4514 2630 4573 est,
2682 4515 2738 4561 et
2768 4506 2888 4572 tibi,
2923 4505 3173 4573 Domine,
3208 4508 3631 4574 misericordia;
3674 4526 3694 4559 ι

2118 4608 2197 4666 et,
2234 4620 2254 4652 ι
2292 4600 2423 4672 quia
2452 4607 2513 4654 tu
2555 4597 2760 4655 reddes
2778 4599 3077 4670 unicuique
3103 4600 3261 4670 juxta
3289 4615 3459 4670 opera
3489 4599 3634 4656 sua?
3674 4618 3708 4655 »ν

2121 4692 2522 4758 Misericordia,
2560 4694 2657 4759 ait,
2687 4699 2742 4746 et
2798 4700 3081 4762 potestas;
3136 4701 3384 4763 potestas
3434 4693 3505 4748 ad
3558 4694 3699 4750 ulci-

2120 4793 2385 4849 scendum
2419 4801 2474 4847 et
2501 4793 2902 4848 bumiliandum
2934 4790 3168 4847 eﬂrenes
3198 4788 3484 4855 homines;
3516 4788 3699 4844 mise-

2118 4886 2353 4941 ricordia
2384 4886 2451 4940 ad
2470 4886 2652 4941 salvos
2683 4884 2968 4940 faciendos
2999 4893 3284 4956 sperantes
3306 4883 3364 4937 in
3393 4897 3472 4959 se.
3504 4898 3523 4931 ι
3557 4878 3694 4935 Vide

2116 4992 2249 5047 ergo
2313 4978 2614 5033 bonitatem
2669 4988 2725 5033 et
2788 4977 3137 5033 severitatem
3188 4973 3283 5030 Dei
3316 4974 3386 5038 τ’,
3448 4991 3467 5023 ι
3516 4971 3697 5041 inquit

2116 5071 2417 5141 Apostolus
2455 5090 2467 5125 :
2504 5073 2854 5127 severitatem
2903 5070 2958 5124 in
3011 5070 3195 5140 lapsos
3246 5082 3343 5138 per
3369 5073 3695 5137 potestatem

2114 5179 2270 5219 suam
2299 5182 2313 5231 ;
2342 5179 2471 5234 erga
2523 5171 2577 5218 te
2625 5179 2758 5219 vero
2784 5164 3081 5218 bonitatem
3109 5177 3206 5233 per
3230 5159 3690 5217 misericordiam.

2113 5254 2415 5327 Postquam
2451 5257 2562 5310 hanc
2588 5256 2825 5321 dixerat,
2848 5264 3034 5310 erecto
3069 5270 3292 5310 sursum
3323 5253 3476 5308 vultu
3522 5252 3692 5308 Deum

2112 5351 2196 5406 sic
2225 5351 2523 5422 alloquitur
2559 5370 2571 5405 :
2614 5371 2631 5402 ι
2670 5351 2809 5418 Quia
2846 5357 2905 5403 tu
2960 5351 3154 5405 reddes
3206 5349 3504 5418 unicuique
3529 5347 3687 5417 juxta

2112 5460 2279 5516 opera
2335 5460 2453 5500 sua.
2505 5463 2523 5495 ι
2585 5443 2778 5515 Aquila
2827 5444 2993 5498 etiam
3039 5443 3152 5496 haec
3186 5444 3267 5497 sic
3301 5442 3710 5511 interpretatus.

2111 5546 2196 5591 cst.
2228 5558 2239 5593 :
2289 5559 2307 5591 ι
2348 5539 2587 5594 Locutus
2617 5545 2709 5594 est
2755 5536 2918 5603 Deus,
2950 5544 3002 5591 et
3031 5534 3273 5593 secundo
3305 5535 3510 5599 audivi,
3558 5534 3701 5605 quia.
