4142 6388
403 343 508 401 599

1080 339 1351 399 EUSEBII
1373 342 1864 401 CAESARIENSIS
1903 343 2056 401 OPP.
2094 344 2279 400 PARS
2317 344 2407 400 111.
2438 375 2510 387 ---
2538 342 2951 403 EXEGETICA.

3565 344 3671 401 800

404 461 671 516 fortitudo
726 458 843 523 Dei,
896 469 951 516 et
1000 461 1124 524 tibi,
1162 460 1412 527 Domine,
1461 461 1863 516 misericordia.
1900 459 1982 515 Tu

2095 462 2249 528 Θεοῦ,
2286 464 2378 517 καὶ
2403 462 2505 526 σοὶ,
2540 463 2809 526 Δέσποτα,
2839 462 2899 515 τὺ
2924 460 3087 524 ἕλεος.
3125 460 3196 513 Σὺ
3223 459 3280 513 δὲ
3308 458 3503 523 ἀπόδος
3531 461 3660 513 κατέ

400 570 532 610 vero
554 553 719 609 redde
740 554 971 624 singulis
997 553 1131 610 viris
1160 552 1462 609 secundum
1496 568 1663 624 opera
1693 570 1812 611 sua.
1854 576 1873 606 ι

402 692 456 750 1.
481 690 813 747 PSALMUS
844 690 1099 751 DAVlDl,
1125 689 1271 745 CUM
1305 690 1527 745 ESSET
1562 691 1627 745 IN
1660 690 1982 747 DESERTO

908 763 984 835 (l)
1012 760 1282 817 JUDIEIE
1323 760 1483 817 LXII.

473 873 644 931 Vsus.
679 875 736 939 2,
765 876 819 931 5.
868 894 886 927 ‹
917 874 1063 933 Deus
1090 875 1234 931 Deus
1257 891 1438 938 meus,
1467 877 1535 932 ad
1570 884 1625 933 te
1652 876 1721 933 de
1758 877 1881 933 luce
1910 878 1986 932 vi-

399 967 530 1039 gilo.
566 987 584 1019 ι
625 968 762 1022 Cum
798 968 1012 1039 fugeret
1042 967 1238 1033 David,
1268 969 1509 1024 accessit
1534 969 1609 1023 ad
1631 969 1983 1025 Achimelech

403 1059 783 1126 sacerdotem;
822 1060 951 1114 hinc
982 1058 1050 1113 ad
1070 1058 1258 1115 Achus
1282 1074 1466 1129 regem
1496 1057 1671 1127 Geth;
1705 1059 1833 1115 inde
1855 1076 1985 1116 vero

400 1152 456 1205 in
483 1150 770 1223 Massepha
794 1151 973 1207 Moab.
1011 1152 1128 1208 Gad
1163 1161 1347 1212 autem
1391 1154 1681 1224 prOpheta,
1739 1157 1833 1224 qui
1882 1154 1986 1209 ad-

400 1252 545 1308 erat,
582 1252 777 1299 auctor
811 1252 897 1300 est
937 1245 1041 1315 ipsi
1088 1254 1147 1300 ut
1186 1262 1255 1301 ne
1294 1247 1437 1301 ultra
1489 1246 1635 1316 apud
1680 1247 1985 1319 allophylos

401 1354 589 1392 moras
616 1338 817 1392 trahat.
843 1337 1027 1404 Quare
1051 1339 1180 1395 inde
1213 1339 1524 1410 profectus,
1559 1340 1614 1393 in
1645 1339 1987 1395 desertoJu-

402 1431 530 1485 diem
554 1430 786 1494 habitat,
821 1429 889 1485 de
918 1446 1029 1499 quo
1069 1437 1318 1501 tempore
1359 1431 1475 1486 haec
1510 1431 1986 1503 Scripturaenar—

403 1530 492 1576 rat
524 1542 537 1576 :
576 1541 594 1573 ‹
639 1522 707 1576 Et
740 1523 1062 1579 morabatur
1107 1522 1279 1579 David
1332 1527 1388 1579 in
1422 1524 1643 1580 deserto
1674 1523 1983 1584 Masseneth

402 1616 459 1669 in
496 1616 769 1685 angustis,
821 1622 875 1671 et
906 1614 1067 1671 sedes
1101 1616 1339 1673 habebat
1368 1616 1424 1671 in
1452 1616 1672 1673 deserto
1713 1618 1770 1672 in
1799 1628 1987 1673 monte

402 1707 563 1778 Ziph.
598 1706 665 1760 Et
698 1708 977 1777 quaerebat
1024 1723 1152 1763 eum
1193 1707 1326 1763 Saul
1372 1710 1631 1765 omnibus
1680 1710 1898 1773 diebus,
1932 1718 1987 1765 et

401 1816 512 1854 non
548 1799 777 1855 tradidit
814 1814 938 1855 eum
970 1799 1238 1856 Dominus
1289 1801 1347 1855 in
1380 1817 1578 1857 manus
1608 1802 1731 1871 ejus
1758 1804 1828 1857 ⁷⁸.
1864 1822 1883 1855 ι
1926 1802 1984 1857 1ιι
2023 1838 2061 1893 Β

401 1893 508 1947 hoc
539 1908 725 1948 rerum
778 1900 947 1961 statu,
977 1894 1127 1948 hunc
1174 1894 1449 1964 psalmum
1480 1893 1735 1959 adornat,
1796 1904 1987 1951 notato

402 2000 498 2053 per
524 1983 741 2037 titulum
771 1990 1040 2054 tempore.
1073 1984 1254 2051 Quare
1290 1986 1499 2041 dictum
1528 1993 1633 2049 est,
1673 2006 1691 2038 ι
1734 1985 1988 2045 Psahnus

401 2075 616 2139 Davidi,
648 2091 775 2130 cum
810 2085 961 2132 esset
984 2075 1042 2131 in
1071 2076 1291 2132 deserto
1311 2076 1535 2133 Iudaeae.
1585 2097 1604 2131 ι
1649 2076 1693 2131 Ε
1724 2094 1783 2133 re
1803 2086 1987 2134 autem

401 2167 569 2223 fuerit
598 2168 688 2221 hic
714 2184 933 2226 rursum
958 2168 1277 2235 observare,
1309 2186 1425 2225 non.
1452 2185 1524 2227 ex
1556 2170 1707 2227 serie
1740 2171 1987 2226 historia:

401 2269 461 2315 et
513 2269 846 2330 temporum,
900 2260 1152 2317 ordinem
1204 2262 1543 2333 psalmorum
1601 2263 1985 2329 constitutum,

402 2353 500 2408 sed
554 2354 713 2409 valde
757 2353 1020 2423 permista
1056 2361 1310 2425 tempora
1358 2370 1504 2411 esse.
1566 2354 1704 2411 Nam
1756 2357 1989 2413 historia

402 2446 580 2516 primo
611 2453 885 2513 recenset,
919 2445 1143 2503 Saulem
1176 2448 1405 2505 nuntios
1428 2448 1650 2506 misisse
1680 2450 1735 2504 in
1763 2450 1989 2505 domum

405 2537 597 2602 David,
642 2539 737 2611 qui
784 2538 1165 2596 interﬁcerent
1201 2556 1351 2606 eum,
1384 2550 1439 2597 et
1470 2540 1704 2598 Melchol
1758 2558 1986 2598 uxorem

401 2630 525 2700 ejus
577 2631 868 2687 demisisse
921 2646 1047 2687 eum
1097 2648 1196 2703 per
1250 2631 1590 2703 fenestram;
1640 2633 1987 2690 Psalmorum

403 2738 536 2807 vero
570 2726 847 2796 scriptura
878 2740 1000 2781 eam
1033 2741 1149 2781 rem
1182 2726 1239 2781 in
1271 2741 1403 2783 LVIII
1457 2736 1747 2784 memorat.
1782 2726 1991 2784 Deinde

404 2816 639 2872 historia
671 2817 972 2889 Scriptura:
1000 2828 1193 2874 narrat
1223 2820 1446 2875 venisse
1471 2819 1733 2877 Davidem
1761 2822 1817 2876 in
1838 2819 1989 2876 Noba

404 2909 473 2963 ad
512 2910 866 2967 Achimelech
895 2913 1279 2978 sacerdotem;
1340 2911 1438 2967 sed
1468 2910 1816 2968 Psalmorum
1853 2913 1992 2968 liber

403 3002 548 3057 hanc
579 3018 693 3057 rem
722 3013 932 3074 gestam
967 3004 1222 3058 meminit
1262 3003 1319 3057 in
1364 3019 1544 3058 χχχιιι
1574 3005 1804 3072 psalmo.
1842 3004 1989 3060 Rur—

405 3110 641 3165 sumque
671 3099 948 3167 scriptura
995 3096 1309 3167 Regnorum
1336 3095 1456 3149 ait:
1489 3114 1507 3147 ι
1548 3095 1615 3150 Et
1646 3096 1785 3151 abiit
1820 3096 1989 3151 David

2088 556 2255 627 ἄνδρα
2288 556 2503 626 ἑκάστῳ
2537 554 2677 610 κατά
2709 554 2780 608 τά
2811 554 2948 627 ἔργα
2970 554 3157 609 αὐτοῦ.
3187 572 3206 605 ι

2086 697 2377 752 ΨΑΛΜΟΣ
2426 696 2514 748 ΤΩ
2547 694 2763 759 ῐΔΑΥΙΔ
2815 694 2906 747 ΕΝ
2944 695 3031 759 Ἰᾭ
3073 693 3256 746 ΕΙΝΛΙ
3309 690 3540 743 ΑΥΤΟΝ
3583 690 3665 742 ΕΝ

2353 768 2448 841 Τῌ
2485 767 2724 837 ΕΡΗΜῼ
2760 767 2895 819 ΤΗΣ
2932 763 3249 818 ιυΥΑΑιΑΣ
3285 763 3381 814 EB’

2163 900 2181 929 ι
2224 882 2283 934 Ὀ
2310 880 2443 946 Θεὸς
2473 883 2501 934 6
2530 880 2665 943 Θεός
2700 896 2823 950 μου,
2856 878 2993 949 πρὸς
3028 878 3087 929 σέ
3115 873 3372 949 όρθρίζω.
3400 893 3419 926 ι
3449 872 3672 941 Φεύγων

2085 977 2115 1027 6
2142 973 2304 1028 Δαυῒδ
2328 973 2687 1045 παραγίνεται
2720 972 2858 1044 πρὸς
2893 970 3184 1042 Ἀχιμέλεχ
3206 970 3298 1022 τὸν
3327 968 3496 1038 ἱερέα’
3522 965 3672 1019 ἔνθεν

2087 1064 2225 1136 πρὸς
2257 1064 2447 1135 Ἀχοῦς
2474 1064 2566 1118 τὸν
2600 1064 2827 1135 βασιλέα
2847 1062 2970 1125 Γέθ,
3000 1060 3254 1114 κάκεῖθεν
3287 1061 3375 1121 είς·
3396 1059 3673 1127 Μάσσηφα

2085 1156 2184 1227 τῆς
2212 1157 2406 1211 Μωάϐ.
2436 1156 2619 1211 Συνὼν
2643 1156 2700 1210 δὲ
2730 1154 2879 1226 αὐτῷ
2901 1154 3008 1207 Γὰδ
3030 1156 3058 1207 ὁ
3083 1154 3392 1224 προφήτης,
3420 1151 3674 1221 παραινεί

2090 1249 2165 1321 μὴ
2194 1248 2467 1303 ποιεῖσθαι
2493 1248 2649 1320 παρά
2668 1250 2778 1312 τοῖς
2799 1246 3117 1317 ἀλλοφύλοις
3134 1246 3233 1310 τὰς
3254 1242 3555 1315 διατριϐάς.
3586 1240 3676 1293 Διὸ

2091 1340 2367 1412 μεταστὰς
2398 1340 2670 1405 ἐντεῦθεν,
2700 1341 2801 1413 τὴν
2828 1339 3065 1412 ἐρημίαν
3087 1338 3188 1408 τῆς
3226 1336 3485 1398 Ἰουδαίας
3513 1336 3671 1387 οἰκεί-

2086 1434 2174 1487 ὃτε
2226 1433 2322 1486 καὶ
2373 1434 2576 1505 ιστορεῖ
2623 1432 2860 1502 λέγουσα
2905 1435 2939 1503 ή
2984 1432 3209 1503 Γραφής
3266 1447 3285 1479 ι
3314 1427 3423 1480 Kal.
3453 1426 3671 1479 ἐκάθισε

2087 1526 2249 1581 Δαυῖδ
2286 1530 2344 1582 ὲν
2382 1529 2451 1598 τῇ
2496 1527 2688 1599 ἐρήμῳ
2719 1526 3003 1579 Μασσενέθ
3056 1526 3115 1579 ἐν
3158 1527 3272 1587 τοῖς
3307 1524 3539 1584 στενοῖς’
3584 1519 3663 1573 κα“

2088 1620 2325 1692 ἐκάθητο
2369 1621 2427 1673 ἐν
2456 1619 2535 1691 τῷ
2567 1620 2683 1691 ὄρει
2714 1621 2772 1672 ἐν
2814 1621 2882 1690 τῇ
2918 1620 3111 1690 ἐρήμῳ
3142 1616 3296 1685 Ζείφ.
3343 1616 3452 1668 Καὶ
3496 1614 3671 1684 ἐζήτει

2090 1713 2254 1767 αὑτὸν
2294 1713 2469 1766 Σαοὺλ
2510 1712 2689 1776 πάσας
2720 1711 2820 1775 τὰς
2856 1710 3091 1783 ἡμέρας,
3135 1709 3230 1762 καὶ
3267 1708 3328 1761 ού
3365 1705 3676 1778 παρέδωκεν

2090 1806 2253 1861 αὑτὸν
2285 1806 2490 1878 Κύριος
2520 1808 2601 1871 εἰς
2626 1806 2724 1869 τὰς
2747 1808 2936 1879 χεῖρας
2962 1803 3149 1858 αὐτοῦ.
3178 1822 3196 1854 ι
3238 1803 3325 1855 Ἐν
3347 1800 3557 1862 τούτοις
3581 1797 3677 1862 ὢν,

2090 1902 2182 1955 τὸν
2212 1900 2581 1973 προκείμενον
2606 1899 2821 1970 ψαλμὸν
2857 1898 3169 1960 συντάττει,
3222 1895 3313 1947 τὸν
3359 1892 3549 1963 καιρὸν
3594 1889 3679 1943 διὰ

2089 1995 2189 2065 τῆς
2222 1993 2547 2066 προγραφῆς
2578 1993 2847 2064 σημήνας.
2884 1990 2976 2044 Διὸ
3015 1990 3249 2061 εἴρηται,
3288 2005 3309 2039 ο
3340 1984 3572 2055 Ψαλμδς
3604 1982 3680 2053 τῷ

2091 2087 2275 2151 Δαυῒδ,
2306 2090 2363 2141 ἐν
2387 2086 2466 2158 τῷ
2492 2082 2633 2140 εἶναι
2659 2086 2821 2140 αὐτὸν
2847 2087 2904 2138 ἐν
2925 2086 2989 2155 τῇ
3020 2084 3214 2154 ἐρήμῳ
3234 2081 3333 2151 τῆς
3365 2076 3677 2139 Ἰουδαίας.»

2092 2182 2326 2250 Εῠλογον
2368 2180 2426 2235 δὲ
2458 2179 2695 2234 ἐνταῦθα
2727 2179 3054 2250 γενομένους
3090 2171 3539 2245 ἐπισημήνασθαι
3580 2167 3682 2221 πά-

2091 2274 2194 2338 λιν,
2224 2274 2315 2327 ὅτις
2332 2272 2407 2344 μὴ
2434 2271 2577 2325 κατά
2606 2270 2930 2324 ἀκολουθίαν
2957 2266 3069 2321 τῶν
3094 2268 3193 2337 τῆς
3218 2264 3456 2335 ἱστορίας
3479 2261 3682 2334 χρόνων

2092 2369 2126 2439 ἡ
2159 2365 2267 2419 τῶν
2300 2364 2532 2437 ψαλμῶν
2568 2364 2853 2433 σύγκειται
2880 2361 3053 2425 τάξιςο
3087 2358 3413 2429 ἐνήλλακται
3441 2354 3497 2407 δὲ
3530 2349 3685 2423 παρὰ

2092 2458 2229 2512 πολὺ
2267 2460 2382 2520 τοῖς
2420 2457 2653 2528 χρόνοις.
2694 2454 2905 2507 Αὐτίκα
2930 2452 3063 2522 γοῦν
3089 2454 3122 2521 ἡ
3154 2450 3251 2521 μέν
3284 2446 3496 2518 ἱστορία
3533 2443 3684 2517 πρώ-

2092 2569 2193 2624 την
2242 2551 2493 2622 περιέχει
2532 2548 2632 2619 τὴν
2665 2548 2916 2617 διήγησιν
2947 2543 3068 2598 καθ’
3094 2543 3161 2613 ἣν
3194 2538 3480 2595 ἀπέστειλε
3513 2536 3684 2591 Σαοὺλ

2093 2642 2359 2711 ἀγγέλους
2388 2642 2468 2704 είς
2496 2640 2589 2693 τὸν
2628 2633 2777 2691 οἷκον
2810 2636 2994 2699 Δαυῖδ,
3035 2631 3467 2691 τοῦθανατῶσαι
3500 2628 3681 2681 αὐτόν·

2092 2738 2174 2791 ὃτι
2202 2735 2415 2806 Μελχὺλ
2436 2737 2469 2805 ἠ
2505 2732 2643 2804 γυνὴ
2672 2730 2837 2785 αὑτοῦ
2872 2730 3112 2801 καθῆκεν
3148 2727 3311 2781 αὐτὸν
3341 2725 3430 2778 διὰ
3458 2723 3555 2794 τῆς
3588 2721 3683 2775 θυ-

2096 2828 2271 2900 ρίδος·
2309 2829 2343 2898 ἡ
2377 2827 2434 2880 δὲ
2475 2826 2585 2879 τῶν
2638 2823 2870 2895 ψαλμῶν
2916 2822 3105 2894 γραφὴ
3155 2821 3213 2873 ἐν
3248 2818 3325 2889 τῷ
3358 2824 3438 2889 νη¹
3480 2813 3686 2884 ταύτης

2097 2920 2370 2990 μέμνηται
2403 2918 2503 2987 τῆς
2536 2915 2809 2989 πράξεως.
2842 2912 2954 2969 Εἶθ’
2989 2914 3119 2985 ἑξῆς
3152 2916 3186 2985 ή
3226 2912 3326 2984 μὲν
3358 2908 3548 2981 Γραφὴ
3575 2907 3688 2965 τῶν

2097 3012 2348 3085 ἱστοριῶν
2379 3012 2641 3072 διδάσκει,
2686 3010 2762 3074 ὡς
2813 3009 3035 3081 ἔρχεται
3067 3005 3230 3060 Δαυῒδ
3257 3006 3337 3067 είς
3371 3001 3520 3055 Νοϐᾶ
3549 2999 3684 3069 πρὸς

2105 3105 2395 3177 Ἀχιμέλεχ
2422 3104 2511 3157 τὸν
2539 3103 2706 3174 ἱερέα’
2730 3104 2764 3174 ἠ
2791 3102 2849 3155 δέ
2879 3100 3059 3171 βίϐλος
3079 3099 3188 3152 τῶν
3216 3093 3462 3166 Ψαλμῶν
3482 3091 3685 3162 ταύτης

405 3186 556 3247 inde.
584 3196 640 3243 et
671 3189 843 3253 venit,
868 3197 923 3244 et
956 3189 1204 3245 salvatus
1260 3194 1346 3243 est
1396 3185 1452 3240 in
1501 3188 1766 3256 spelunca
1821 3186 1990 3243 Odol-

2101 3198 2374 3269 μέμνηται
2402 3196 2504 3265 τῆς
2536 3193 2790 3265 πράξεως
2823 3196 2881 3247 ἐν
2910 3191 2989 3263 τῷ
3018 3186 3345 3260 λγἠψαλμῷ.
3380 3184 3490 3239 Kal.
3512 3182 3692 3277 statim

404 3281 515 3334 lam
550 3281 626 3345 7°;
667 3300 693 3332 ι.
726 3281 867 3337 liber.
900 3290 1086 3337 autem
1117 3280 1465 3337 Psalmorum
1501 3280 1670 3350 hujus
1698 3281 1906 3351 negotii
1933 3279 1988 3334 in

406 3389 492 3426 LVI
550 3373 885 3428 mentionem
943 3373 1093 3429 facit.
1140 3371 1255 3429 Sub
1312 3373 1429 3429 haec
1471 3373 1671 3428 iterum
1715 3374 1993 3444 scriptura

407 3467 723 3538 Regnorum
759 3466 903 3523 Doec
926 3473 1225 3531 memorat,
1257 3480 1367 3536 quo
1391 3474 1552 3536 pacto
1574 3465 1790 3520 scilicet
1822 3465 1992 3519 Achi-

407 3561 617 3616 melech
674 3560 1020 3616 sacerdotem
1053 3560 1198 3630 apud
1232 3558 1453 3615 Saulem
1485 3559 1856 3616 calumniatus
1884 3558 1992 3626 sit;

407 3660 463 3708 at
492 3652 838 3708 Psalmorum
864 3653 1004 3708 liber
1034 3652 1089 3706 iu
1125 3667 1178 3706 LI
1200 3652 1305 3708 hoc
1333 3661 1551 3722 tempus
1574 3660 1991 3707 commemorat.

405 3746 603 3817 Agnita
628 3761 793 3817 porro
822 3745 993 3801 David
1047 3746 1220 3817 ipsius
1248 3744 1394 3801 Doec
1438 3744 1739 3808 calumnia,
1774 3743 1914 3814 fugit
1942 3754 1997 3800 et

409 3840 467 3895 in
501 3840 779 3897 desertum
810 3838 1013 3896 Iudaeae
1051 3856 1112 3896 se
1143 3839 1399 3903 contulit,
1428 3854 1541 3911 quo
1563 3846 1813 3910 tempore
1850 3838 1997 3893 hunc

408 3948 571 4001 quem
610 3940 911 3987 tractamus
940 3932 1213 4003 psalmum
1244 3931 1555 3987 adornavit.
1604 3930 1673 3985 Et
1721 3930 1995 4001 scriptura

408 4024 631 4092 quidem
693 4022 1009 4093 Regnorum
1064 4032 1190 4094 post
1246 4023 1552 4094 praesentis,
1621 4022 1836 4078 scilicet
1880 4037 1995 4077 Lxu

410 4113 610 4183 psalmi
652 4120 891 4183 tempus,
933 4113 1184 4184 quaedam
1217 4120 1373 4184 gesta
1408 4121 1829 4177 commemorat,
1858 4128 1911 4166 v.
1940 4127 1993 4180 g.

410 4214 471 4260 ut
502 4204 706 4275 Ziphaai
738 4204 910 4259 David
942 4206 1086 4275 apud
1112 4203 1334 4261 Saulem
1369 4204 1691 4260 calumniati
1729 4211 1896 4269 sunt;
1929 4202 1997 4258 de

408 4298 611 4369 quibus
645 4295 988 4351 Psalmorum
1020 4296 1179 4360 liber,
1213 4295 1268 4350 in
1294 4312 1411 4361 Lm,
1448 4296 1781 4352 mentionem
1809 4295 1994 4359 habet,

408 4390 569 4459 cujus
606 4389 799 4445 titulus
823 4396 910 4443 est
950 4408 964 4443 :
1002 4407 1021 4439 ι
1060 4388 1117 4442 In
1170 4387 1359 4454 ﬁnem,
1396 4390 1453 4444 in
1485 4389 1727 4461 hymnis,
1779 4389 1997 4445 intelle-

407 4489 533 4536 ctus
561 4479 756 4542 David,
792 4494 919 4533 cum
949 4479 1237 4534 venissent
1272 4478 1500 4548 Ziphazi,
1535 4486 1593 4534 et
1618 4478 1893 4535 dixissent
1927 4478 1997 4533 ad

2095 3292 2129 3362 ή
2167 3290 2264 3361 μὲν
2302 3287 2495 3359 γραφὴ
2522 3286 2629 3340 τῶν
2670 3284 2966 3339 Βασιλειῶν
2998 3299 3157 3353 φησι·
3195 3279 3361 3332 rKal
3394 3275 3689 3345 ἀπηλλάγη

2095 3380 2260 3433 Δαυῒδ
2275 3379 2544 3442 ἐντεῦθεν,
2565 3378 2660 3432 καὶ
2689 3376 2935 3448 ἔρχεται,
2966 3376 3062 3427 καὶ
3088 3370 3320 3441 διεσώθη
3356 3371 3436 3433 είς
3459 3368 3520 3421 τὸ
3548 3367 3688 3436 σπή-

2095 3472 2245 3525 λαιον
2276 3470 2339 3523 τὸ
2370 3469 2654 3540 Ὀδολλάμ’
2688 3488 2706 3520 ι
2742 3471 2775 3539 ἡ
2806 3468 2863 3521 δὲ
2899 3466 3076 3537 βίϐλος
3105 3463 3214 3517 τῶν
3242 3460 3488 3532 Ψαλμῶν
3522 3460 3579 3512 ἐν
3608 3456 3696 3528 τῷΔ

2096 3570 2183 3629 νς¹
2221 3562 2505 3634 μέμνηται,
2530 3562 2629 3633 τῆς
2672 3560 2902 3625 τάξεως.
2950 3558 3061 3613 Καὶ
3091 3553 3247 3619 αὖθις
3286 3553 3425 3625 μετά
3453 3552 3625 3607 ταῦτα
3650 3552 3685 3622 ἡ

2102 3656 2200 3727 μὲν
2232 3655 2421 3727 γραφὴ
2454 3654 2564 3708 τῶν
2608 3653 2904 3707 Βασιλειῶν
2945 3650 3039 3705 τοῦ
3082 3650 3242 3721 Δωὴκ
3284 3648 3580 3720 μέμνηται,
3612 3644 3689 3708 ὡς

2097 3747 2424 3817 διαϐέϐληκε
2456 3746 2534 3817 τῷ
2573 3745 2745 3799 Σαοὺλ
2781 3745 2872 3799 τὸν
2916 3742 3066 3815 ἱερέα
3112 3740 3418 3811 Ἀχιμέλεχ·
3458 3738 3575 3810 ἠδὲ
3610 3736 3691 3807 βίω

2099 3841 2224 3904 ϐλος
2250 3840 2359 3893 τῶν
2380 3838 2628 3909 Ψαλμῶν
2659 3838 2717 3891 ἐν
2742 3836 2820 3907 τῷ
2846 3842 2926 3890 va’
2943 3835 3132 3909 τοῦτον
3165 3831 3420 3903 σημαίνει
3448 3830 3540 3883 τὸν
3567 3827 3692 3900 χρό-

2099 3950 2209 3987 νον.
2235 3932 2404 3995 Γνοὺς
2430 3930 2497 3983 δὲ
2516 3932 2544 3983 ό
2567 3928 2855 4000 Δαυῖδτὴν
2878 3927 2972 3981 τοῦ
3003 3926 3173 3997 Δωὴκ
3192 3922 3466 3994 διαϐολὴν,
3498 3920 3690 3990 φεύγει

2100 4023 2195 4077 καὶ⁵
2244 4022 2607 4094 παραγίνεται
2649 4022 2729 4084 εἰς
2768 4020 2869 4092 τήν
2912 4018 3117 4090 ἔρημον
3141 4019 3241 4087 τῆς
3288 4014 3568 4077 Ἰουδαίας,
3601 4015 3692 4066 ὅτε

2099 4117 2195 4170 καὶ
2239 4114 2522 4169 συντάττει
2560 4114 2654 4167 τὸν
2701 4114 2841 4184 μετά
2884 4114 3073 4183 χεῖρας
3112 4108 3347 4180 ψαλμόν.
3384 4106 3558 4175 Καὶή
3595 4104 3693 4175 μὲν

2099 4207 2288 4280 γραφὴ
2314 4207 2423 4261 τῶν
2448 4205 2745 4265 Βασιλειῶν
2779 4204 2925 4276 μετὰ
2944 4202 3035 4256 τὸν
3069 4202 3258 4275 χρόνον
3292 4198 3387 4252 τοῦ
3424 4196 3561 4269 μετά
3582 4197 3695 4266 χεῖ-

2102 4317 2202 4372 ρας
2230 4298 2468 4371 ψαλμοῦ,
2501 4298 2648 4367 λέγω
2672 4297 2728 4351 δὲ
2762 4297 2856 4350 τοῦ
2889 4296 2989 4363 ξϐν,
3014 4292 3267 4367 πράξεών
3294 4309 3456 4346 τινων
3486 4290 3694 4361 μέμνη-

2099 4407 2211 4452 ται,
2235 4389 2311 4453 ὡς
2340 4391 2388 4442 oi
2417 4389 2629 4458 Ζιφαῐοι
2650 4385 2994 4440 διαϐάλλουσι
3022 4383 3100 4455 τῷ
3127 4382 3301 4437 Σαοὺλ
3325 4381 3419 4435 τὸν
3449 4378 3629 4433 Δαυῖδ’
3659 4378 3693 4448 ἡ

2100 4480 2158 4533 δέ
2188 4478 2369 4550 βίϐλος
2394 4479 2504 4533 τῶν
2518 4478 2766 4549 Ψαλμῶν
2787 4476 2994 4529 τούτων
3022 4475 3295 4546 μέμνηται
3318 4474 3374 4526 ἐν
3400 4470 3477 4541 τῷ
3507 4476 3607 4539 νγ’,
3635 4469 3695 4533 ὃς

411 4573 567 4638 Saul,
603 4572 743 4628 Ecce
780 4570 953 4626 David
992 4571 1361 4628 absconditus
1412 4578 1503 4628 est
1525 4572 1679 4642 apud.
1705 4588 1830 4629 nos.
1873 4592 1892 4624 ι
1927 4572 1991 4627 Et

2102 4571 2491 4642 ἐπιγράφεται,
2523 4589 2545 4625 ι
2580 4571 2676 4634 Είς
2708 4569 2770 4623 τὸ
2803 4568 2954 4632 τέλος
2986 4568 3043 4620 ἐν
3078 4565 3289 4637 ὕμνοις,
3323 4562 3592 4625 συνέσεως
3617 4558 3695 4630 τῷ

410 4682 479 4720 ιν
509 4665 809 4735 inscriptus
849 4671 975 4719 est:
1013 4682 1032 4715 ι
1071 4663 1636 4731 Quandotenuerunt
1665 4680 1791 4719 eum
1836 4665 1991 4719 Allo-

407 4758 557 4829 phyli
592 4757 646 4812 in
679 4757 843 4813 Getb.
874 4776 893 4807 ι
921 4756 1060 4811 Illud
1083 4766 1266 4811 autem
1298 4755 1613 4826 Regnorum
1638 4758 1916 4829 scriptura
1934 4758 1991 4814 in

410 4860 689 4923 postrema
722 4851 968 4907 historiae
993 4858 1149 4922 parte
1199 4850 1434 4919 reponit.
1462 4848 1665 4906 Viden"
1690 4856 1800 4921 quo
1831 4859 1995 4921 pacto

409 4946 589 5017 prima
618 4952 918 5015 postrema,
951 4955 1005 5000 et
1039 4951 1319 5015 postrema
1344 4943 1520 5012 prima
1546 4944 1997 5001 constituantur?

408 5036 567 5101 Quod
618 5036 666 5090 si
714 5037 1019 5092 secundum
1065 5043 1375 5105 temporum
1405 5037 1605 5092 seriem
1630 5037 1825 5109 digesti
1863 5038 1998 5095 fuis-

407 5137 553 5191 sent,
582 5129 793 5199 primus
822 5128 1146 5185 statuendus
1162 5137 1280 5184 erat
1300 5144 1454 5195 Lvm,
1488 5131 1765 5187 secundus
1797 5148 1997 5197 χχχιιι,

409 5222 610 5302 tertius
651 5221 852 5277 deinde
889 5237 1002 5285 va,
1061 5231 1294 5292 quartus
1341 5236 1419 5285 LI,
1479 5229 1534 5276 et
1593 5232 1998 5293 consequenter

409 5313 636 5381 quintus
670 5330 805 5379 Lxu,
829 5324 1019 5371 sextus
1046 5330 1165 5377 LIII,
1195 5329 1259 5370 ac
1286 5322 1603 5384 postremus
1625 5316 1871 5371 omnium
1907 5333 1993 5371 Lv.

410 5406 543 5461 Post
572 5415 805 5463 mortem
838 5424 967 5463 vero
1000 5406 1187 5462 Saulis
1216 5408 1453 5477 primum
1494 5409 1685 5479 psallit
1715 5424 1829 5472 LIX.
1866 5425 1993 5465 cum

410 5499 687 5567 percussit
713 5498 852 5553 Joab
878 5499 1077 5553 vallem
1112 5496 1449 5562 Salinarum,
1487 5499 1743 5569 cepitque
1794 5499 1996 5555 duode-

409 5590 517 5649 cim
553 5592 721 5644 millia
750 5592 1045 5653 hominum
1069 5591 1469 5661 Moabitarum;
1506 5610 1526 5643 ι
1562 5608 1592 5646 ι
1620 5608 1748 5647 vero
1772 5601 1982 5663 postea,

486 5746 531 5775 ⁷⁸
570 5743 750 5812 chg.
791 5760 958 5810 χχιιι,
999 5747 1179 5802 ΗΑΒ.
1256 5749 1300 5781 ⁷⁸
1342 5749 1360 5802 l
1397 5748 1527 5820 Reg.
1564 5763 1713 5814 χχιι,
1751 5751 1799 5803 l.

487 5837 563 5907 (ι)
606 5836 779 5891 Graec.
815 5844 868 5893 ct
892 5836 1363 5913 Vulg.i_l.duma°a'.

2102 4664 2288 4732 Δαυῒδ,
2334 4666 2395 4719 ἐν
2442 4664 2520 4736 τῷ
2562 4663 2735 4717 ἐλθεῖν
2778 4662 2907 4726 τοὺς
2956 4660 3236 4730 Ζιφαίους,
3279 4658 3373 4711 καὶ
3410 4657 3585 4709 εἰπεῖν
3617 4652 3695 4724 τῷ

2101 4758 2292 4813 Σαούλ·
2341 4757 2469 4812 Ἰδοὺ
2504 4757 2666 4811 Δαυῒδ
2694 4756 3003 4827 κέκρυπται
3037 4754 3165 4825 παρ’
3191 4753 3346 4822 ἡμῖν.
3388 4768 3406 4801 ι
3436 4749 3546 4801 Καὶ
3572 4748 3601 4800 6
3621 4752 3694 4799 νε¹

2103 4851 2528 4923 ἐπιγέγραπται·
2565 4869 2585 4902 ι
2627 4851 2758 4903 Ὅτε
2791 4849 3103 4920 ἐκράτησαν
3131 4843 3293 4898 αὑτὸν
3323 4844 3371 4895 οἱ
3406 4838 3692 4908 ἀλλόφυλοι

2103 4946 2161 5000 ὲν
2180 4944 2334 4998 rso.)
2364 4942 2537 4997 Τοῦτο
2560 4944 2617 4997 δὲ
2647 4942 2805 5014 ήτῶν
2822 4938 3121 4993 Βασιλειῶν
3150 4935 3337 5008 γραφὴ
3364 4936 3421 4986 ἐν
3448 4930 3694 5001 ὑστέροις

2102 5035 2286 5107 τίθησι
2313 5036 2415 5105 τῆς
2450 5034 2717 5107 ἱστορίας.
2759 5033 2923 5105 Ὁρᾷς
2963 5033 3111 5094 ὅπως
3139 5028 3209 5082 τὰ
3240 5028 3441 5099 πρῶτα
3467 5023 3692 5095 ὕστερα,

2104 5131 2199 5184 καὶ
2231 5129 2302 5183 τά
2334 5128 2539 5201 ὕστερα
2570 5128 2763 5201 πρῶτα
2793 5126 3089 5193 τέτακταις
3115 5125 3191 5188 ὡς
3219 5125 3267 5176 εἰ
3296 5120 3440 5176 κατά
3465 5118 3693 5191 ἀκολου-

2104 5223 2226 5279 θίαν
2252 5223 2361 5277 τῶν
2387 5224 2597 5296 χρόνων
2628 5223 2858 5289 τέθειτο,
2905 5221 3122 5293 πρῶτος
3164 5220 3230 5273 ἂν
3270 5217 3501 5271 τέτακτο
3528 5217 3557 5268 ό
3588 5220 3692 5285 νην,

2102 5318 2232 5389 ἐξῆς
2267 5316 2441 5387 τούτῳ
2476 5318 2504 5370 ό
2527 5316 2631 5386 λγ’,
2666 5316 2761 5370 καὶ
2788 5315 2972 5389 τρίτος
3006 5314 3102 5367 καὶ
3128 5312 3267 5384 μετὰ
3294 5309 3499 5363 τούτων
3526 5310 3554 5360 ό
3581 5306 3692 5371 νς’,

2101 5409 2197 5463 καὶ
2219 5409 2431 5472 τούτοις
2462 5408 2722 5480 τέταρτος
2746 5410 2773 5461 ὁ
2796 5414 2898 5473 να’,
2934 5403 3033 5460 εἶτ’
3057 5403 3367 5465 ἀκολούθως
3390 5400 3641 5472 πέμπτος
3668 5400 3696 5452 6

2100 5502 2201 5569 ξδ’,
2233 5503 2330 5557 καὶ
2366 5503 2523 5567 ἕκτος
2551 5504 2580 5555 ὁ
2605 5509 2706 5573 νγ’,
2738 5503 2833 5557 καὶ
2870 5502 3009 5574 μετὰ
3038 5502 3248 5563 πάντας
3276 5496 3503 5559 τούτους
3534 5494 3563 5547 ὁ
3598 5500 3693 5548 γε’.

2094 5594 2257 5661 Μετὰ,
2288 5596 2346 5650 δὲ
2385 5596 2478 5651 τὸν
2521 5595 2750 5652 θάνατον
2795 5596 2891 5651 τοῦ
2930 5595 3106 5651 Σαοὺλ
3140 5592 3355 5665 πρῶτον
3389 5589 3580 5660 ψάλλει
3603 5586 3695 5652 τὸν
