4142 6388
376 364 473 420 θυι

1497 358 2003 416 COMMENTARIA
2041 361 2108 417 IN
2142 360 2481 417 PSALMOS.

3534 363 3648 417 602·

374 482 472 545 νθ⁹,
503 480 663 552 ἡνίκα
694 479 965 545 ἐπάταξεν
1012 478 1167 532 Ἰωάὅ
1197 478 1295 550 τὴν
1326 478 1585 548 φάραγγα
1614 478 1723 531 τῶν
1760 479 1944 543 Ἀλῶν,

2062 500 2081 533 ι
2116 481 2338 551 quando
2367 480 2517 535 venit
2561 481 2627 534 ad
2665 481 2841 550 ipsum
2896 480 3110 537 Natlian
3144 483 3433 555 prepbeta,
3486 497 3637 554 post-

372 573 469 627 καὶ
511 572 851 643 ὑποχειρίους
894 567 1004 624 εἷλε
1054 572 1177 634 τοὺς
1221 570 1397 625 Μωάΰ
1446 569 1511 622 ιϐ’
1552 570 1814 641 χιλιάδας.
1851 571 1954 623 Τὸν

371 665 428 717 δὲ
449 671 493 719 ν’
512 682 526 694 ο
557 664 692 735 μετά
718 663 911 729 ταῦτα,
942 664 1031 716 ὅτε
1055 659 1185 733 ἦλθε
1214 663 1351 735 πρὸς
1377 664 1541 717 αὐτὸν
1566 663 1752 718 Ναθάν
1778 665 1806 716 6
1828 681 1956 735 προ-

372 734 767 827 φὴτηςνρἠίκαθ
790 755 883 809 καὶ
915 754 1135 825 εἰσῆλθε
1178 734 1315 826 πρὸς
1358 754 1659 825 Βηθσαϐεέ.
1701 750 1834 808 Εἶτα
1860 734 1953 807 τὸν

368 846 551 914 τρίτον
597 844 895 906 συντάττει,
942 843 1029 896 ὅτε
1066 842 1461 915 ἀπεδίδρασκεν
1508 843 1616 896 ἀπὸ
1658 842 1951 915 προσώπου

383 934 735 1005 ’Λὸεσσαλὼμ
774 933 867 989 τοῦ
902 934 1016 987 υἱοῦ
1059 932 1244 987 αὐτοῦ·
1278 935 1372 987 καλ⁸
1413 933 1553 1005 μετά
1593 935 1765 988 ταῦτα
1795 935 1885 988 τὸν
1908 935 1952 1000 ζ’

369 1028 510 1097 ὑπὲρ
538 1028 646 1081 τῶν
668 1027 840 1096 λόγων
874 1028 1044 1080 Χουσὶ
1074 1025 1192 1079 υἱοῦ
1231 1027 1470 1097 Ἰεμινεί.
1504 1026 1600 1090 Τίς
1628 1022 1723 1080 οῦν
1755 1028 1855 1080 οὐκ
1884 1028 1951 1081 ἂν

366 1120 466 1189 τὴν
491 1117 695 1173 τούτων
725 1118 1010 1190 ζητήσειεν
1043 1118 1258 1183 αὶτίαν;
1296 1119 1371 1171 Οῦ
1410 1118 1519 1190 γὰρ
1552 1119 1667 1190 ἔχει
1704 1119 1859 1188 λόγον
1888 1119 1949 1172 τὸ

368 1212 445 1282 μὴ
475 1211 565 1265 διά
590 1229 742 1275 τινας
776 1211 1079 1279 ἀναγκαίας
1106 1210 1390 1274 ὑποθέσεις
1424 1210 1595 1265 ταῦτα
1620 1211 1812 1285 τοῦτον
1840 1212 1952 1271 δια-

362 1303 621 1373 τετάχθαι
666 1303 756 1357 τὸν
791 1304 1013 1375 τρόπον.
1055 1303 1247 1366 Ἀλλος
1280 1303 1378 1374 μὲν
1406 1299 1498 1357 οὖν
1528 1305 1652 1367 τοὺς
1684 1305 1951 1375 ἀριθμοὺς

360 1396 563 1460 αὐτοὺς
594 1396 836 1466 οἰήσεται
871 1396 1014 1466 ἐχειν
1050 1396 1174 1448 τινὰ
1206 1395 1452 1466 δύναμιν·
1490 1395 1569 1449 διὸ
1601 1397 1951 1467 καταλλήλως

361 1488 582 1557 ἑκάστῳ
622 1487 840 1558 ἀριθμῷ
868 1488 1211 1559 ἐφηρμόσθαι
1244 1488 1341 1559 τὴν
1376 1488 1611 1543 διάνοιαν
1639 1489 1746 1541 τῶν
1779 1492 1948 1561 ἐμφε-
1994 1526 1997 1529 -

364 1578 608 1647 ρομένων
628 1576 820 1645 λόγων
853 1572 962 1630 οἷον
987 1577 1063 1640 ὡς
1101 1577 1195 1630 ἐπὶ
1234 1577 1678 1648 παραδείγματος
1706 1579 1733 1630 6
1761 1586 1803 1631 ν’
1832 1580 1952 1652 ἀρις

361 1668 500 1743 θμὸς
539 1669 629 1722 τὸν
656 1669 784 1741 περὶ
806 1668 1051 1737 ἀφέσεως
1085 1669 1496 1740 ἁμαρτημάτων
1526 1668 1681 1737 λόγον
1707 1671 1947 1741 περιέχει

358 1760 447 1812 διὰ
473 1763 572 1831 τὴν
595 1761 653 1813 ἐν
678 1759 757 1831 τῷ
780 1760 931 1831 νόμῳ
952 1759 1258 1831 φερομένην
1282 1762 1853 1833 πεντηκονταετερίδα,
1880 1765 1947 1834 ἢν

374 1852 684 1923 Ἰωϐηλαῖον
717 1851 904 1915 παῖδες
952 1851 1221 1922 Ἐϐραίων
1255 1850 1502 1913 ἐκάλουν,
1537 1852 1594 1904 ἐν
1724 1854 1945 1924 ἀφέσεις

358 1944 457 1997 καὶ
491 1946 865 2016 συγχωρήσεις
897 1945 1147 2013 ἐγένοντο
1178 1948 1289 2008 τοῖς
1314 1947 1754 2017 χρεωφειλέταις,
1792 1948 1944 2000 ἐλευ-

359 2034 519 2106 θερία
549 2053 610 2088 τε
640 2035 902 2100 οἰκέταις,
950 2038 1045 2089 καὶ
1090 2036 1225 2090 ἀλλα
1261 2039 1381 2091 τινὰ
1421 2039 1645 2092 τοιαῦτα
1687 2040 1946 2111 πράττειν

358 2124 769 2196 νενομοθέτητο.
818 2125 1023 2180 Τούτου
1071 2127 1232 2200 χάριν
1281 2128 1379 2200 τὴν
1423 2129 1808 2202 ἐξομολόγησιν
1853 2132 1945 2184 τοῦ

359 2218 834 2290 πλημμελήματος
881 2220 1021 2290 ὑπὲρ
1080 2224 1481 2293 συγχωρήσεως
1543 2225 1638 2277 καὶ
1698 2224 1945 2292 ἀφέσεως

360 2311 647 2382 ἁμαρτιῶν
666 2311 744 2382 τῷ
768 2319 812 2365 ν’
830 2312 1028 2384 ψαλμῷ
1056 2314 1388 2386 ἐφήρμοσεν.
1418 2315 1607 2380 Οὕτως
1628 2313 1720 2371 οῦν
1744 2318 1836 2371 καὶ
1860 2320 1944 2388 ἐφ’

360 2404 577 2476 ἑκάστῳ
607 2404 806 2475 ψαλμῷ
845 2405 988 2458 κατά
1028 2424 1180 2470 τινας
1220 2406 1413 2474 λόγους
1455 2410 1521 2478 τῇ
1556 2407 1664 2459 τῶν
1698 2408 1945 2479 ἀριθμῶν

358 2495 587 2566 δυνάμει
620 2496 719 2560 τὰς
755 2498 963 2561 οἰκείας
993 2498 1233 2561 διανοίας
1277 2499 1419 2551 εἴποι
1466 2498 1533 2552 ἂν
1578 2499 1941 2571 ἐφηρμόσθαι.

373 2587 511 2639 Ἀλλ’
538 2590 565 2641 ό
590 2588 764 2643 ταῦτα
796 2589 968 2659 λέγων
991 2589 1051 2642 οὔ
1082 2609 1171 2661 μοι
1197 2591 1347 2645 δοκεῖ
1374 2592 1664 2661 τυγχάνειν
1692 2592 1786 2645 τοῦ
1822 2610 1946 2645 σκο-

362 2679 487 2732 ποῦ·
520 2680 738 2752 πρῶτον
784 2683 881 2753 μὲν
920 2683 1002 2735 ὅτι
1042 2684 1162 2737 οὐδὲ
1210 2684 1347 2747 ὅλως
1390 2685 1620 2756 ἀριθμός
1664 2704 1747 2750 τις
1791 2688 1848 2739 ἐν
1876 2689 1942 2758 τῇ

374 2773 637 2844 Ἐδραῖκῇ
675 2774 840 2846 βίϐλῳ
876 2776 982 2829 τῶν
1014 2776 1259 2847 Ψαλμῶν
1289 2777 1533 2848 φέρεται·
1580 2777 1709 2831 ἀνευ
1754 2778 1811 2831 δὲ
1847 2779 1945 2849 τῆς

360 2864 453 2917 τοῦ
485 2865 720 2936 ἀριθμοῦ
752 2868 1070 2939 προσθήκης
1093 2870 1502 2941 ἀνεγράφησαν·
1532 2867 1631 2923 εἷθ’
1651 2872 1732 2924 ὅτι
1760 2870 1947 2941 διαφό-

364 2976 474 3030 ρως
502 2962 548 3012 οἱ
571 2960 667 3030 μὲν
692 2962 799 3014 εἰσὶ
828 2964 1186 3034 συνημμένοι,
1221 2967 1269 3017 οἱ
1290 2965 1345 3017 δὲ
1372 2965 1709 3037 διῃρημένοι.
1736 2966 1946 3019 Αὐτίκα

361 3049 493 3117 γοῦν
527 3052 555 3105 6
596 3048 827 3123 πρῶτος
848 3054 944 3107 καὶ
978 3055 1006 3106 6
1049 3054 1301 3127 δεύτερος
1336 3056 1479 3113 κατά
1508 3055 1608 3127 τὴν
1636 3057 1812 3128 ἀρχὴν
1843 3057 1943 3127 τῆς

2055 590 2220 644 quam
2261 575 2548 643 ingressus
2573 584 2657 629 est
2688 577 2754 629 ad
2791 575 3081 631 Bersabee.
3121 597 3139 629 ι
3177 577 3382 632 Deinde
3408 580 3632 632 tertium

2055 664 2385 732 composuit,
2446 682 2465 715 ‹
2520 680 2643 718 cum
2697 665 2910 734 aufugit
2949 681 2979 719 a
3034 664 3173 721 faeie
3222 666 3481 721 Absalom
3539 668 3634 721 lilii

2055 756 2183 821 sui;
2226 776 2243 807 ι
2285 758 2389 811 sub
2420 757 2534 811 hmc
2571 758 2859 826 septimum
2909 778 2927 808 ι
2979 773 3078 827 pro
3108 759 3291 814 verbis
3331 758 3500 813 CllllSi
3539 759 3635 812 ﬁlii

2052 848 2274 903 Jemini.
2308 868 2327 900 ι
2354 848 2491 914 Quis
2524 850 2719 903 borum
2750 864 2975 903 causam
3011 867 3123 904 non
3153 851 3477 921 perquirat?
3512 850 3631 905 Non

2052 941 2198 995 enim
2233 941 2434 995 rationi
2473 949 2906 995 consentaneum
2930 951 3099 1005 esset,
3126 943 3245 997 sine
3280 943 3389 996 ulla
3441 958 3635 997 neces-

2054 1030 2200 1086 saria
2231 1047 2399 1087 causa
2424 1033 2538 1088 haec
2565 1033 2661 1086 tali
2692 1033 2856 1087 modo
2876 1032 3130 1088 ordinata
3153 1034 3345 1090 fuisse.
3382 1034 3500 1089 Erit
3530 1034 3635 1089 l‘or-

2053 1131 2202 1179 tasse
2225 1124 2318 1193 qui
2347 1140 2607 1180 numeros
2632 1126 2781 1195 ipsos
2815 1126 2924 1181 vim
2960 1127 3200 1197 aliquam
3229 1128 3431 1183 habere
3454 1137 3630 1198 putet;

2052 1217 2287 1287 ideoque
2321 1218 2555 1288 singulis
2587 1219 2835 1273 numeris
2865 1229 3261 1289 congruentem
3299 1221 3476 1291 aptari
3508 1238 3632 1277 ver—

1990 1354 1997 1362 .
2051 1307 2246 1362 borum
2298 1308 2665 1373 sententiam;
2716 1310 2953 1380 exempli
2990 1326 3181 1375 causa,
3218 1314 3631 1384 quinquagena-

2050 1401 2167 1456 rius
2220 1416 2484 1455 numerus
2537 1401 2884 1457 remissionis
2947 1411 3298 1474 peccatorum
3360 1406 3628 1461 rationem

2049 1491 2316 1555 continet,
2343 1491 2415 1545 ob
2438 1490 2958 1561 quinquagesimum
3002 1494 3153 1548 illum
3193 1510 3396 1550 annum
3428 1496 3483 1551 in
3514 1498 3633 1568 lege

2048 1590 2441 1646 memoratum,
2475 1583 2761 1653 jubilaeum
2793 1585 2862 1640 ab
2896 1584 3143 1642 Hebraais
3160 1588 3348 1642 vocari
3377 1590 3626 1654 solitum,

2048 1692 2157 1745 quo
2182 1674 2537 1732 remissiones
2563 1677 3062 1748 concessionesque
3080 1678 3426 1736 debitoribus
3448 1691 3626 1745 erant,

2052 1769 2273 1823 libertas
2304 1766 2550 1829 famulis,
2583 1775 2638 1823 et
2667 1769 2867 1823 similia
2892 1771 3141 1839 quaedam
3164 1772 3251 1842 agi
3283 1772 3399 1843 lege
3420 1773 3631 1827 constir

2050 1868 2226 1913 tutum
2254 1867 2395 1914 erat.
2429 1857 2603 1927 Cujus
2644 1858 2722 1913 rei
2749 1859 2924 1929 gratia
2955 1859 3363 1915 confessionem
3403 1861 3635 1917 sceleris

2049 1966 2148 2021 pro
2199 1951 2358 2006 venia
2413 1957 2469 2005 et
2516 1950 2844 2007 remissione
2895 1960 3250 2021 peccatorum
3296 1952 3632 2023 quinquage-

2048 2045 2188 2098 simo
2210 2042 2424 2111 psalmo
2454 2042 2747 2111 aptaverit.
2802 2040 2895 2097 Sic
2940 2042 3111 2113 igitur
3157 2042 3247 2097 ille
3280 2043 3513 2113 singulis
3570 2044 3628 2097 in

2050 2136 2298 2206 psalmis.
2329 2134 2631 2189 secundum
2659 2134 2928 2205 quasdam
2973 2136 3240 2202 rationes,
3272 2152 3626 2191 numerorum

2049 2229 2239 2281 virtuti
2267 2226 2599 2282 sententiam
2648 2228 2925 2298 prepriam
2964 2227 3370 2281 accommodari
3401 2228 3623 2284 dixerit.

2046 2323 2115 2374 At
2165 2321 2257 2389 qui
2311 2323 2439 2376 talia
2471 2322 2641 2385 dicat,
2683 2336 2795 2375 non
2830 2320 3047 2374 videtur
3083 2320 3215 2374 mihi
3265 2334 3493 2390 scopum
3542 2328 3628 2375 at"

2047 2413 2255 2482 tingere
2288 2432 2301 2467 :
2337 2415 2515 2484 primo
2534 2413 2756 2485 quidem
2786 2412 2933 2483 quod
2964 2412 3151 2467 nullus
3180 2413 3406 2467 omnino
3431 2428 3626 2467 nume-

2048 2519 2144 2558 rus
2184 2506 2238 2559 in
2270 2505 2541 2560 llebraico
2591 2505 2937 2560 Psalmorum
2987 2504 3130 2559 libro
3182 2504 3419 2572 feratur;
3453 2505 3549 2560 sed
3588 2504 3637 2559 ii.

2047 2600 2203 2653 nullo
2225 2599 2415 2654 addito
2447 2614 2679 2654 numero
2704 2597 3119 2653 inscribantnr:
3152 2597 3352 2653 deinde
3380 2586 3509 2670 quia
3541 2598 3627 2653 di-

2046 2707 2204 2747 verso
2235 2691 2400 2746 modo
2441 2691 2519 2745 illi
2568 2690 2655 2746 vel
2703 2688 2964 2760 disiuncti
3000 2691 3084 2745 vel
3135 2690 3418 2759 conjuncti
3474 2698 3623 2746 sunt.
3656 2732 3669 2751 .

2046 2782 2182 2837 Nam
2208 2784 2293 2839 vel
2318 2784 2389 2838 ab
2416 2783 2534 2853 ipso
2570 2782 2729 2837 initio
2768 2783 2983 2853 primus
3010 2789 3065 2836 et
3109 2782 3387 2837 secundus
3423 2782 3479 2837 in
3528 2780 3629 2838 He-

2047 2873 2239 2927 braico
2260 2873 2562 2941 exemplari
2598 2871 2841 2942 copulati
2872 2879 3003 2927 sunt
3036 2890 3049 2926 :
3086 2887 3421 2941 rursumque
3446 2886 3628 2926 nonus

2046 2964 2140 3033 qui
2183 2964 2514 3034 conjunctus
2558 2964 2613 3017 in
2646 2972 2862 3030 nostro,
2892 2963 2946 3017 in
2988 2961 3260 3018 llebraico
3310 2962 3522 3019 divisus
3571 2963 3641 3018 in,

2047 3052 2186 3107 duos
2237 3060 2341 3106 est.
2398 3050 2681 3121 Totusque
2714 3050 3063 3107 Psalmorum
3113 3053 3273 3115 liber,
3325 3061 3385 3107 ut
3418 3052 3626 3107 dictum

363 3143 547 3213 βίϐλου
571 3144 907 3215 συνημμένοι
929 3147 1035 3199 είσὶ
1065 3148 1207 3202 κατά
1228 3148 1290 3200 τὸ
1323 3148 1628 3220 Ἐϐραῖκόν.·
1661 3149 1754 3202 καὶ
1781 3149 1943 3203 πάλιν

2049 3141 2326 3210 superius,
2378 3142 2431 3195 in
2465 3142 2709 3211 quinque
2739 3151 2926 3213 partes
2957 3142 3288 3198 distributus
3336 3153 3442 3199 est.
3497 3145 3645 3211 Quae

359 3237 388 3287 6
417 3236 462 3287 θ’
492 3238 837 3308 συνημμένος
869 3239 998 3309 παρ’
1025 3240 1156 3309 ἡμῖν
1191 3241 1248 3293 ἐν
1274 3238 1353 3310 τῷ
1391 3240 1664 3312 Ἐϐραῖκῷ
1688 3241 1940 3313 διῄρηται

358 3332 439 3393 εἰς
458 3330 568 3384 δύο.
593 3333 701 3386 Καὶ
728 3334 878 3387 πᾶσα
900 3332 956 3385 δὲ
982 3334 1014 3403 ἡ
1038 3332 1146 3385 τῶν
1164 3333 1409 3404 Ψαλμῶν
1436 3334 1613 3403 βίϐλος
1637 3336 1715 3396 είς
1741 3335 1881 3405 μέρη
1901 3340 1940 3387 ε’

357 3422 633 3494 διῄρηται,
676 3424 858 3487 καθὼς
903 3425 1004 3495 ἤδη
1056 3425 1321 3495 πρότερον
1364 3424 1601 3496 εἴρηται.
1640 3418 1739 3477 Ὦν
1769 3424 1940 3489 οὕτως

359 3512 613 3581 ἐχόντων,
675 3513 927 3583 σχολάζοι
974 3513 1039 3566 ἂν
1092 3516 1125 3585 ὴ
1172 3514 1531 3587 προλεχθεῖσα
1561 3513 1669 3568 τῶν
1694 3515 1940 3586 ἀριθμῶν

360 3603 581 3674 θεωρία.
617 3605 776 3656 Ποῖον
807 3604 863 3657 δὲ
896 3605 990 3665 καὶ
1023 3604 1178 3672 λόγον
1221 3606 1364 3658 εἴποι
1397 3606 1462 3659 ἄν
1495 3623 1579 3668 τις
1621 3604 1787 3675 ἔχειν,
1821 3607 1941 3676 φέρ’

360 3698 555 3761 εἰπεῖν,
588 3696 680 3749 τοῦ
704 3696 840 3767 μετά
868 3700 1055 3767 χεῖρας
1075 3696 1310 3767 ψαλμοῦ,
1342 3697 1486 3766 λέγω
1517 3697 1571 3750 δέ
1603 3697 1696 3750 τοῦ
1724 3697 1821 3761 ξϐν,
1843 3696 1941 3768 τὴν

357 3787 593 3840 διάνοιαν
618 3789 752 3858 πρὸς
772 3788 863 3841 τὸν
884 3788 1084 3841 τοιόνδε
1110 3788 1343 3859 ἀριθμὸν
1366 3788 1750 3859 ἐφαρμόττειν,
1780 3787 1941 3859 ἢτῶν

357 3880 443 3948 ἐφ’
472 3879 688 3950 ἑκάστῳ
729 3879 837 3933 τῶν
879 3886 955 3951 ρν¹
1002 3878 1251 3951 ἀριθμῶν
1285 3880 1415 3932 ἴδιον
1448 3880 1789 3950 ἀφοριείσθαι
1818 3878 1941 3933 νοῦν

358 3975 705 4044 προσήκοντα
749 3972 827 4044 τῷ
867 3972 1075 4044 τοιῷδε,
1112 3974 1147 4045 ἢ
1180 3973 1256 4044 τῷ
1285 3971 1471 4043 τοιῷδε
1507 3972 1762 4044 ἀριθμῷς
1805 3972 1940 4026 ἀλλά

356 4065 529 4120 ταῦτα
585 4066 683 4137 μὲν
735 4068 841 4137 ὅπη
893 4084 978 4130 τις
1034 4065 1206 4119 ἐθέλοι
1250 4065 1661 4136 παραδεχέσθω.
1711 4064 1852 4134 Ἐγὼ
1884 4066 1941 4119 δὲ

355 4158 598 4229 ἡγοῦμαι
641 4159 740 4229 τῆς
790 4157 899 4211 τῶν
956 4159 1424 4229 ἐγγεγραμμένων
1472 4158 1710 4223 διανοίας
1756 4159 1941 4213 ἕνεκεν

358 4250 557 4322 ἐφεξῆς
585 4251 829 4321 ἀλλήλων
859 4252 986 4314 τοὺς
1014 4250 1262 4322 ψαλμοὺς
1298 4251 1511 4305 κεῖσθαι
1542 4252 1682 4305 κατά
1713 4253 1774 4304 τὸ
1794 4253 1943 4306 πλεῖ-

358 4357 502 4407 στον,
526 4343 697 4405 οὕτως
726 4344 783 4395 ἐν
808 4342 1024 4403 πολλοῖς
1046 4344 1387 4414 ἐπιτηρήσας
1410 4344 1504 4396 καὶ
1527 4343 1721 4415 εὐρώνσ
1745 4343 1825 4396 διὸ
1848 4345 1943 4397 καὶ

360 4433 629 4504 συνῆφθαι
654 4434 853 4496 αὐτοὺς
874 4434 1074 4487 ὡσανεὶ
1095 4435 1415 4502 συγγένειαν
1442 4434 1665 4505 ἔχοντας
1690 4435 1785 4489 καὶ
1810 4436 1942 4488 ἀκο-

2049 3251 2173 3288 eum
2228 3236 2302 3289 ita
2332 3250 2391 3290 se
2416 3235 2677 3302 habeant,
2711 3244 2869 3290 vacet
2903 3235 3150 3304 profecto
3190 3236 3513 3306 inutilisque
3555 3237 3629 3292 sit

2051 3327 2307 3396 praedicta
2336 3342 2694 3382 numerorum
2742 3328 3134 3382 consideratio.
3168 3326 3372 3396 Ecqua,
3408 3330 3625 3393 amabo,

2050 3419 2191 3472 ratio
2245 3417 2436 3483 fuerit,
2487 3418 2725 3488 exempli
2777 3434 2971 3483 causa,
3005 3420 3314 3489 praesentis,
3364 3420 3625 3475 nimirum

2050 3526 2159 3563 LXII
2211 3510 2408 3580 psalmi
2458 3511 2813 3576 sententiam,
2867 3525 2993 3566 cum
3025 3511 3345 3580 bujusmodi
3394 3528 3643 3567 numero»

2048 3609 2342 3671 eoaptare;
2374 3601 2461 3658 vel
2496 3602 2551 3655 in
2580 3602 2816 3671 singulis
2859 3617 2926 3655 ει.
2978 3603 3227 3657 numeris
3260 3603 3537 3672 propriam
3572 3610 3627 3657 et

2047 3703 2436 3762 congruentem
2478 3694 2574 3749 tali
2617 3694 2702 3748 vel
2731 3693 2826 3747 tali
2858 3708 3087 3749 numero
3114 3706 3351 3749 mentem
3376 3694 3624 3765 assigna-

2049 3786 2148 3840 re?
2180 3784 2287 3841 Sed
2322 3786 2440 3841 haec
2484 3786 2706 3857 quidem
2748 3786 2979 3841 arbitrio
3020 3801 3122 3841 suo
3151 3786 3334 3855 quivis
3365 3787 3623 3857 accipiat.

2049 3879 2161 3950 Ego
2184 3894 2313 3934 vero
2340 3880 2582 3934 arbitror
2624 3894 2725 3949 pro
2760 3880 3046 3934 sententiae
3088 3881 3302 3935 ratione
3347 3887 3401 3934 et
3432 3879 3621 3939 simili-
3696 3910 3699 3913 ν

2050 3973 2261 4039 tudine,
2295 3972 2539 4043 psalmos
2569 3978 2630 4026 ut
2680 3972 2978 4042 plurimum
3008 3971 3256 4042 digestos
3298 3987 3443 4035 esse,
3496 3971 3637 4042 quia

2049 4064 2152 4121 hoc
2201 4064 2257 4117 in
2302 4062 2493 4117 multis
2543 4063 2893 4118 observatum
2927 4064 3172 4132 comperi
3217 4082 3229 4117 :
3268 4062 3504 4133 ideoque
3534 4079 3624 4117 or-

2051 4158 2179 4212 dine
2200 4157 2531 4225 conjunctos
2556 4171 2680 4212 esse
2706 4157 2800 4227 qui
2831 4155 3146 4212 afﬁnitatem
3175 4165 3231 4212 et
3278 4172 3624 4228 consequen.

2047 4248 2179 4301 tiam
2204 4246 2437 4301 invicem
2479 4245 2806 4316 prazfcrrent
2839 4264 2851 4299 :
2889 4245 3128 4314 indeque
3160 4261 3271 4301 non
3298 4261 3399 4316 pro
3422 4254 3623 4317 tempo-

2047 4338 2122 4394 ris
2148 4338 2384 4401 ratione,
2422 4336 2517 4392 sed
2550 4351 2649 4407 pro
2676 4336 2950 4392 sententia
2981 4337 3035 4390 in
3070 4338 3215 4392 serie
3256 4336 3410 4393 ferri.
3458 4337 3624 4408 quue

2042 4427 2155 4497 jam
2198 4427 2459 4497 superius
2499 4434 2996 4484 commonstratum
3026 4436 3135 4494 est,
3183 4443 3307 4483 cum
3339 4444 3406 4483 ex
3437 4430 3626 4485 multis

353 4526 575 4581 λουθίαν
603 4526 738 4598 πρὸς
768 4526 1051 4597 ἀλλήλους.
1089 4527 1282 4579 Ἔνθεν
1309 4526 1382 4597 μὴ
1404 4527 1545 4579 κατὰ
1565 4528 1689 4589 τοὺς
1717 4526 1941 4597 χρόνους

2047 4519 2193 4581 aliis,
2229 4526 2342 4573 tum
2375 4519 2613 4573 maxime
2642 4534 2673 4572 a
2714 4534 2803 4572 xu
2859 4518 2927 4573 ad
2972 4520 3514 4590 quinquagesimum,
3568 4520 3623 4574 in

354 4616 714 4686 ἐμφέρεσθαι,
743 4615 878 4669 ἀλλά
910 4616 1051 4669 κατά
1076 4617 1175 4687 τὴν
1207 4618 1305 4687 τῆς
1334 4617 1571 4680 διανοίας
1594 4617 1933 4671 ἀκολουθίαν.

354 4708 638 4761 Δέδεικται
666 4708 723 4760 δὲ
756 4708 915 4762 τοῦτο
945 4710 1045 4780 ἤδη
1083 4708 1346 4780 πρότερον
1384 4710 1480 4763 καὶ
1528 4709 1635 4762 ἀπὸ
1678 4710 1937 4764 πλειόνων

359 4801 456 4870 μὲν
479 4800 704 4871 ἐτέρων,
742 4801 977 4871 μάλιστα
1007 4801 1062 4854 δὲ
1096 4800 1205 4854 ἀπὸ
1232 4799 1445 4871 τοῦ“μα’
1470 4800 1632 4872 μέχρι
1660 4800 1752 4854 τοῦ
1783 4808 1846 4869 ν’,
1880 4804 1937 4856 ἐν

353 4887 436 4956 οἷς
486 4893 882 4957 ἀποδεικτικῶς
934 4894 1371 4965 παρεστήσαμεν-
1410 4892 1539 4956 τοὺς
1600 4894 1697 4963 μὲν
1751 4896 1939 4963 ἐπιγε-

356 4986 708 5056 γραμμένους
741 4986 849 5039 τῶν
880 4986 1011 5038 υἱῶν
1042 4987 1186 5057 Κορέ
1229 4986 1430 5057 πολλὴν
1476 4985 1671 5049 σώζειν
1711 4986 1937 5040 ἀκολου-

356 5078 478 5131 θίαν
509 5078 644 5148 πρὸς
675 5078 768 5130 τὸν
801 5077 925 5131 νοῦν
956 5078 1047 5131 τὸν
1074 5078 1132 5143 ἐξ
1161 5078 1341 5132 αὐτῶν
1365 5078 1715 5151 δηλούμενον·
1741 5078 1939 5152 ἐφεξῆς

354 5171 414 5223 δὲ
436 5169 647 5232 τούτοις
681 5169 932 5241 κείμενον
964 5170 1054 5222 τὸν
1084 5170 1178 5223 τοῦ
1223 5170 1396 5240 Ἀσάφ
1422 5172 1515 5225 καὶ
1541 5171 1703 5225 πάλιν
1734 5173 1937 5226 τούτων

357 5260 710 5331 συνημμένην
737 5261 832 5313 τοῦ
859 5259 1022 5314 Δαυῖδ
1048 5260 1147 5333 τὴν
1175 5261 1560 5332 ἐξομολόγησιν
1584 5264 1683 5334 τὴν
1713 5265 1771 5316 ἐν
1791 5261 1869 5333 τῷ
1893 5262 1938 5314 ν’

356 5352 683 5425 φερομένην,
716 5352 972 5406 ἀϐίαστος)
1005 5352 1103 5423 τὴν
1146 5352 1502 5407 ἀποδοθεῖσαν
1536 5356 1667 5423 ἡμῖν
1702 5354 1934 5423 θεωρίαν

362 5446 641 5515 παρέχειν.
670 5446 785 5498 Μία
815 5446 913 5515 μὲν
946 5439 1039 5498 οὖν
1072 5443 1208 5515 αὕτη
1240 5445 1274 5516 ἡ
1309 5445 1477 5507 αίτία,
1507 5445 1582 5507 ὡς
1615 5446 1738 5515 ἐμοὶ
1767 5445 1935 5507 δοκεῖ,

353 5539 456 5607 τῆς
496 5536 816 5601 ἀκολουθίας
857 5538 1052 5607 γένοιτ’
1085 5536 1150 5591 ἂν
1176 5537 1284 5590 τῶν
1314 5537 1564 5607 ψαλμῶν·
1597 5537 1704 5608 ἔχω
1740 5537 1797 5590 δὲ
1844 5538 1938 5591 καὶ

356 5628 524 5699 ἄλλην
557 5631 750 5683 εἰπεῖν.
797 5630 873 5698 (ll
908 5628 1113 5699 Πολλῆς
1146 5627 1253 5698 γὰρ
1284 5629 1729 5700 είδωλολατρείας
1762 5647 1933 5681 κατα-

360 5718 717 5789 κρατησάσης
748 5718 842 5771 τοῦ
886 5719 1153 5773 Ἰουδαίων
1188 5718 1393 5782 ἔθνους,
1424 5719 1593 5790 λήθην
1622 5720 1818 5782 αὐτοὺς
1842 5737 1937 5771 7::—

441 5836 518 5906 (Ι)
551 5835 621 5892 lis
653 5836 763 5893 fere
794 5837 993 5893 similia
1026 5838 1077 5892 in
1113 5838 1351 5910 prologis
1376 5855 1541 5911 supra
1575 5838 1866 5897 habentur.

2043 4613 2247 4682 quibus
2270 4612 2419 4666 clare
2442 4604 2946 4681 comprObavimus,
2970 4626 3067 4667 eos
3097 4612 3190 4681 qui
3218 4612 3449 4665 ﬁliorum
3483 4610 3622 4666 Core

2044 4705 2293 4774 inscripti
2337 4713 2486 4771 sunt,
2531 4706 2757 4759 multam
2806 4706 3011 4761 habere
3034 4706 3181 4775 quod
3218 4705 3287 4759 ad
3313 4720 3535 4760 sensum
3568 4706 3635 4759 in

2044 4798 2113 4853 iis
2140 4798 2567 4869 deprehensum,
2603 4800 2747 4853 inter
2786 4815 2847 4855 se
2888 4799 3205 4853 allinitatem
3240 4817 3254 4853 :
3303 4806 3638 4869 sequentem,

2044 4907 2175 4944 vero
2205 4893 2298 4961 qui
2328 4892 2532 4961 Asaplii
2562 4900 2667 4955 est,
2712 4901 2768 4947 et
2808 4893 2875 4946 iis
2905 4893 3207 4947 subnexam
3256 4892 3312 4946 in
3346 4890 3624 4961 quinqua-

2045 4984 2255 5052 gesimo
2317 4982 2540 5038 Davidis
2591 4983 3023 5046 confessionem,
3083 4982 3331 5051 opinioni
3394 4991 3633 5047 nostrae,

2044 5075 2188 5143 quod
2218 5074 2425 5129 scilicet
2454 5076 2564 5128 vim
2600 5074 2806 5127 nullam
2840 5075 3007 5129 rebus
3049 5074 3271 5135 inferat,
3306 5075 3617 5144 astipulari.

2046 5164 2172 5220 Haec
2220 5179 2329 5219 una
2380 5179 2549 5219 causa
2609 5164 2797 5229 fuerit,
2851 5172 2912 5218 ut
2965 5165 3098 5218 milii
3128 5164 3348 5235 quidem
3380 5166 3631 5232 videtur,

2044 5272 2143 5311 cur
2177 5254 2372 5325 psalmi
2427 5269 2495 5309 eo
2546 5256 2739 5310 ordine
2787 5254 2951 5324 pesiti
2990 5254 3100 5308 sint
3158 5272 3171 5307 :
3225 5255 3388 5308 aliam
3439 5263 3621 5310 tamen

2044 5350 2288 5422 proferre
2316 5347 2640 5403 valeo.Cum
2665 5348 2837 5401 multo
2858 5346 3179 5402 idololatriw
3206 5363 3405 5413 genere
3431 5345 3624 5401 Judai-

2045 5456 2144 5495 cus
2172 5439 2405 5511 populus
2434 5437 2793 5499 detineretur,
2824 5438 2975 5505 ipsos
3008 5434 3214 5506 patrias
3246 5436 3557 5505 scripturas
3591 5453 3625 5492 c

2044 5535 2305 5589 memoria
2329 5534 2655 5588 obliterasse
2679 5539 2870 5586 narrat
2898 5530 3211 5599 Regnorum
3240 5530 3469 5584 l‘istoria
3492 5549 3507 5596 ;
3546 5530 3621 5584 ita

2047 5633 2107 5678 nt
2139 5641 2316 5695 neque
2343 5624 2594 5679 Mosaicze
2621 5622 2756 5689 legis
2788 5623 2926 5677 liber
2961 5622 3101 5675 ultra
3127 5623 3488 5691 reperiretur.
3524 5638 3620 5674 nc-

2044 5734 2148 5789 quc
2182 5726 2421 5788 paterna:
2464 5716 2684 5787 pictatis
2715 5714 2976 5771 memoria
3013 5731 3179 5785 penes
3208 5714 3334 5772 illos
3369 5728 3621 5773 θυινθυε-η
