4142 6388
437 407 542 471 ϐθδ

1107 409 1376 464 EUSEBII
1416 409 1896 466 C/ESAlllENSlS
1926 409 2077 466 ()PP.
2121 409 2300 465 PARS
2341 409 2430 466 ΙΙΙ.
2472 406 2542 451 ς
2570 407 2984 466 EXEGETICA.

3581 410 3685 465 604

437 545 546 594 tur.
591 535 682 588 Sic
733 533 916 602 itaque
950 531 1244 600 prephetas
1296 529 1628 600 impietatem
1659 545 1813 585 suam
1841 545 2004 584 coar-

2111 531 2364 602 ποιῆσθαι
2391 529 2497 583 τῶν
2524 531 2768 601 πατρίων
2795 527 3018 599 γραφῶν
3038 529 3070 598 ή
3092 525 3196 581 τῶν
3223 527 3514 584 Βασιλειῶν
3541 527 3683 582 ἱστο-

437 641 664 700 gueutes
697 623 1096 678 interficiebant
1125 641 1136 675 :
1170 622 1372 692 quibus
1410 623 1478 676 de
1507 623 1692 677 causis
1722 623 1776 675 in
1828 623 2008 692 capti-

437 723 655 776 vitatem
690 716 1037 786 Assyriorum
1065 714 1240 783 primo
1267 713 1450 768 traditi
1475 725 1622 769 sunt.
1649 714 1790 768 Nihil
1827 716 2010 784 itaque

437 816 634 869 mirum
672 819 756 864 est
815 810 868 862 in
915 809 1008 861 tali
1043 815 1345 876 temporqu
1387 807 1702 861 conditione
1735 807 2007 876 quaedam,

434 920 556 970 qua:
596 904 648 956 iu
705 902 846 954 libro
891 898 1233 953 Psalmorum
1286 899 1600 959 exstabant,
1650 898 1808 966 longo
1839 911 2012 949 anno-

437 1007 556 1041 rum
593 989 870 1041 curriculo
900 986 1174 1040 oblivione
1213 985 1523 1048 obliterata,
1569 986 1862 1040 excidisse.
1898 984 2011 1039 Sub

439 1083 552 1136 haec
586 1091 764 1134 autem
802 1080 918 1133 sive
952 1077 1174 1139 Esdras,
1211 1078 1326 1132 sive
1361 1079 1635 1147 quispiam
1693 1080 1833 1133 alius
1882 1095 2012 1149 pro—

440 1175 725 1244 phetarum
780 1171 931 1240 ipsos
987 1169 1279 1238 colligendi
1325 1185 1514 1222 curam
1548 1171 1813 1239 suscepit,
1849 1181 2012 1240 atque

439 1280 547 1318 una
575 1274 698 1318 c‘um
734 1263 856 1316 aliis
913 1260 1113 1313 librum
1169 1275 1386 1330 quoque
1422 1259 1764 1315 Psalmorum
1820 1277 2013 1316 conse-

438 1356 612 1410 cravit
642 1373 655 1408 :
687 1367 863 1420 neque
893 1350 1182 1404 confertim
1213 1366 1404 1405 omnes
1435 1354 1657 1420 reperit,
1697 1352 1792 1407 sed
1830 1352 2013 1406 diver-

440 1448 518 1503 sis
545 1445 904 1514 temporibus.
940 1441 997 1495 ln
1037 1442 1229 1512 primis
1275 1450 1454 1496 autem
1507 1444 1704 1496 locavit
1753 1459 1869 1506 eos,
1917 1444 2010 1514 qui

440 1523 601 1610 primi
640 1537 844 1590 inventi
875 1534 1092 1588 fuerant
1126 1553 1138 1586 :
1175 1534 1412 1602 hincque
1443 1533 1668 1598 factum,
1715 1542 1774 1588 ut
1828 1534 1863 1588 ii
1917 1535 2008 1604 qui

440 1629 659 1684 Davidis
684 1635 833 1690 sunt,
863 1643 968 1681 non
997 1633 1395 1694 consequenter
1425 1642 1615 1680 omnes
1645 1627 1888 1695 jaceant;
1915 1628 2010 1681 sed

438 1722 710 1780 commisti
745 1736 869 1774 cum
920 1720 987 1774 iis
1019 1719 1110 1788 qui
1153 1719 1386 1771 filiorum
1419 1718 1576 1780 Core,
1608 1718 1808 1788 Asaph,
1842 1720 2012 1773 Solo-

438 1815 639 1874 monis,
670 1811 894 1882 Moysis,
919 1809 1144 1867 Aithan.
1177 1807 1397 1872 Eman,
1433 1823 1761 1876 rursumque
1793 1809 2008 1865 Davidis

2116 623 2203 694 ρία
2231 622 2487 675 διδάσκει·
2514 621 2588 684 ὡς
2623 622 2754 692 μηδέ
2773 621 3052 690 φαίνεσθαι
3077 620 3254 690 βίϐλον
3286 620 3379 672 τοῦ
3409 621 3680 684 Μωῡσέως

2110 715 2298 784 νόμου,
2343 715 2476 786 μηδὲ
2528 717 2745 786 μνήμην
2796 718 2896 784 τῆς
2941 713 3050 766 τῶν
3105 713 3353 784 πατέρων
3403 713 3680 777 εὐσεϐείας

2113 806 2381 870 σώζεσθαι
2411 807 2540 877 παρ’
2565 807 2765 869 αὑτοῖς.
2799 805 2954 858 Οὕτω
2979 804 3107 873 γοῦν
3131 806 3221 857 καὶ
3246 806 3369 867 τοὺς
3399 805 3682 875 προφήτας

2113 898 2344 969 ἀνῄρουν
2399 897 2773 968 διελέγχοντας
2824 896 3002 950 αὐτῶν
3054 895 3152 958 τὰς
3203 895 3536 959 δυσσεϐείας,
3585 897 3681 948 καὶ

2111 989 2314 1041 τούτων
2345 987 2507 1040 ἐνεκα
2545 989 2604 1040 τὸ
2635 987 2848 1058 πρῶτον
2879 990 2946 1057 τῇ
2975 986 3082 1038 τῶν
3121 987 3416 1058 Ἀσσυρίων
3450 986 3682 1058 παρεδόο

2113 1080 2282 1150 θησαν
2323 1079 2688 1150 αἰχμαλωσίᾳ.
2725 1079 2891 1131 Οὐδὲν
2924 1076 3015 1132 οὗν
3041 1079 3348 1150 θαυμαστὸν
3375 1081 3432 1132 ἐν
3460 1079 3681 1150 τοιαύτῃ

2113 1174 2442 1226 καταστάσει
2476 1173 2705 1246 καιρῶν,
2753 1174 2847 1226 καὶ
2891 1174 2960 1227 τὰ
3002 1174 3348 1243 ἐμφερόμενα
3397 1175 3460 1243 τῇ
3516 1173 3680 1242 βίϐλῳ

2111 1264 2216 1316 τῶν
2241 1265 2483 1335 Ψαλμῶν
2516 1265 2970 1328 διαπεπτωκέναι,
2993 1265 3128 1336 λήθῃ
3164 1283 3221 1318 τε
3253 1268 3478 1335 μακροῖς
3503 1282 3681 1336 παρα-

2111 1355 2352 1409 δεδόσθαι
2387 1358 2618 1427 χρόνοις.
2655 1358 2808 1410 Μετὰ
2846 1357 2903 1410 δὲ
2935 1357 3109 1411 ταῦτα
3141 1358 3252 1410 εἴτε
3289 1357 3543 1425 Ἔσδραν,
3572 1356 3684 1409 είτε

2111 1447 2233 1500 τινὰ
2267 1448 2450 1519 ἕτερον
2483 1447 2798 1520 προφητῶν,
2845 1449 2973 1519 περὶ
3003 1449 3102 1519 τὴν
3148 1448 3466 1518 συναγωγὴν
3504 1447 3685 1501 αὐτῶν

2113 1539 2524 1600 ἐσπουδακέναι,
2560 1538 2696 1608 μετά
2732 1555 2790 1590 τε
2837 1537 2945 1591 τῶν
2987 1537 3189 1592 λοιπῶν
3228 1539 3322 1592 καὶ
3360 1538 3459 1608 τὴν
3507 1537 3686 1608 βίϐλον

2111 1627 2217 1680 τῶν
2237 1627 2482 1698 Ψαλμῶν
2507 1628 2915 1697 συναγηοχέναι,
2941 1629 3039 1681 οὐκ
3064 1627 3275 1700 ἀθρόως
3303 1627 3528 1699 εὑρόντα
3559 1628 3686 1691 τοὺς

2113 1719 2338 1783 πάντας,
2363 1719 2495 1772 ἀλλὰ
2517 1718 2657 1771 κατὰ
2678 1719 2964 1788 διαφόρους
2980 1719 3222 1789 χρόνους.
3247 1719 3616 1772 Κατατάττειν
3629 1719 3686 1773 δὲ

2113 1812 2170 1862 ἐν
2185 1809 2419 1881 πρώτοις
2448 1812 2573 1874 τοὺς
2593 1809 2838 1880 πρώτους
2855 1810 3295 1880 εὑρισκομένους·
3323 1811 3402 1863 διὸ
3421 1811 3556 1882 μηδέ
3589 1809 3687 1870 τοῦ

438 1906 496 1962 in
531 1906 670 1958 libro
697 1881 1176 1970 deprehenduntur
1195 1940 1209 1964 ,
1246 1915 1354 1953 non
1380 1900 1591 1954 ratione
1619 1903 1879 1970 temporis
1904 1919 2008 1971 quo

2113 1899 2273 1951 Δαυῖδ
2309 1899 2507 1968 ἐφεξῆς
2541 1899 2748 1952 κεῖσθαι
2779 1901 2906 1962 τοὺς
2942 1900 3168 1962 πάντας·
3205 1903 3263 1953 ἐν
3289 1900 3344 1953 δὲ
3373 1900 3451 1970 τῷ
3484 1881 3685 1970 μεταξὺ

438 1995 800 2068 pronuntiati,
838 1993 931 2047 sed
978 2007 1088 2062 quo
1133 1993 1333 2060 reperti
1375 2002 1524 2045 sunt.
1561 1991 1806 2063 Hincque
1835 1997 2011 2046 conti-

437 2089 536 2161 git,
574 2096 630 2139 ut
659 2087 751 2156 qui
807 2092 1049 2153 tempore
1099 2083 1432 2152 posteriores
1472 2092 1648 2147 erant,
1692 2085 1818 2153 quia
1852 2085 2009 2152 primi

437 2175 662 2244 reperti,
707 2173 868 2242 primi
922 2172 1150 2241 repositi
1209 2172 1356 2238 sint;
1421 2187 1484 2225 ac
1523 2173 1642 2226 vice
1697 2189 1878 2235 versa,
1914 2175 2006 2243 qui

438 2267 600 2336 primi
628 2266 865 2327 fuerant,
901 2266 1030 2334 quia
1065 2273 1188 2334 post
1220 2265 1359 2318 alios
1385 2266 1526 2318 eruti
1555 2274 1702 2327 sunt,
1739 2269 2005 2336 posterio-

437 2374 553 2413 rem
601 2358 654 2411 in
705 2358 882 2411 locum
922 2357 1033 2411 sint
1077 2357 1388 2412 conslituli.
1447 2358 1511 2410 Et
1565 2358 1684 2411 limo
1739 2359 1898 2412 nobis
1947 2359 2013 2412 de

437 2449 738 2518 quaestione
781 2448 1060 2517 proposita
1111 2448 1477 2517 conjectando
1527 2450 1672 2503 dicta
1726 2451 1857 2504 sint.
1891 2448 2012 2502 Jam

436 2553 650 2611 tempus
700 2547 805 2602 est,
848 2548 908 2594 ut
957 2543 1023 2595 ad
1077 2541 1224 2595 dicta
1273 2542 1438 2612 hujus
1490 2559 1656 2613 quem
1709 2551 2010 2598 tractamus

439 2634 632 2702 psalmi
660 2633 1005 2688 accedamus.

2113 1994 2206 2044 καὶ
2239 1990 2345 2043 τῶν
2375 1991 2504 2043 υἱῶν
2535 1991 2702 2061 Κορὲ,
2750 1992 2842 2044 καὶ
2863 2017 2866 2020 ·
2886 1991 2982 2044 τοῦ
3029 1992 3220 2060 Ἀσάφ,
3252 1993 3346 2045 καὶ
3376 1992 3689 2063 Σολομῶνος

2111 2085 2206 2138 καὶ
2230 2083 2522 2147 Μωϋσέως,
2549 2084 2714 2137 Αίθάν
2756 2102 2817 2138 τε
2864 2085 2958 2138 καὶ
3003 2071 3200 2155 Αίμὰν,
3253 2085 3346 2140 καὶ
3395 2085 3553 2139 πάλιν
3593 2086 3689 2140 τοῦ

2111 2176 2272 2230 Δαυῒδ
2304 2175 2651 2245 εὑρίσκεσθαι
2681 2177 2882 2248 ἀναμὶξ
2910 2180 2967 2231 ἐν
2991 2181 3056 2248 τῇ
3091 2178 3254 2249 βίϐλῳ
3277 2180 3688 2251 κατατεταγμέν

2111 2283 2256 2328 νους,
2290 2265 2352 2317 οὑ
2380 2263 2503 2316 καθ’
2537 2263 2632 2328 οὓς
2666 2265 2968 2337 ἐλέχθησαν
2997 2268 3242 2338 χρόνους,
3283 2268 3420 2323 ἀλλὰ
3448 2268 3568 2322 καθ’
3596 2268 3690 2332 οὒς

2111 2355 2388 2427 εὕρηνται.
2427 2354 2618 2407 Ἔνθεν
2654 2357 2924 2427 συμϐῆναι
2965 2358 3090 2420 τοὺς
3129 2361 3242 2421 τοῖς
3275 2359 3486 2430 χρόνοις
3529 2359 3688 2416 ὑστέ-

2115 2465 2239 2519 ρους
2266 2446 2513 2520 πρώτους
2535 2445 2864 2516 εὑρεθέντας
2897 2448 3272 2520 ἀναληφθῆναι
3296 2449 3564 2525 πρώτους,
3595 2451 3690 2504 καὶ

2109 2541 2235 2602 τοὺς
2253 2542 2366 2602 τοῖς
2387 2539 2598 2610 χρόνοις
2626 2541 2942 2614 προτέρους,
2977 2542 3116 2612 μετὰ
3137 2543 3308 2596 ταῦτα
3332 2544 3464 2614 εὑρη
3474 2543 3688 2613 μένους,

2108 2629 2166 2684 ἐν
2197 2630 2424 2700 δευτέρᾳ
2455 2630 2827 2700 καταταγῆναι
2855 2631 3029 2704 χώρᾳ.
3061 2634 3246 2687 Ταῦτα
3291 2635 3388 2705 μὲν
3426 2631 3517 2688 οὖν
3557 2637 3690 2705 ἡμῖν

437 2731 517 2792 είς
552 2729 649 2801 τὴν
694 2729 1054 2801 προταθεῖσαν
1099 2729 1326 2800 ζήτησιν
1375 2730 1435 2795 ἐξ
1483 2732 1709 2785 εἰκότων
1749 2729 2007 2802 εἰρήσθω.
2052 2729 2190 2799 ’Ἤδη
2221 2728 2277 2780 δὲ
2345 2727 2440 2781 καὶ
2480 2727 2590 2781 τῶν
2631 2727 3018 2798 ἐμφερομένων
3066 2727 3124 2780 ἐν
3171 2726 3248 2798 τῷ
3289 2727 3426 2798 μετὰ
3505 2730 3690 2798 χεῖρας

434 2823 634 2895 ψαλμῷ
663 2823 970 2893 ἐφάψασθαι
1003 2825 1212 2896 καιρός.

505 2913 642 2966 Cum
707 2913 823 2981 pari
877 2921 1040 2981 atque
1089 2914 1274 2969 caeteri
1323 2917 1597 2985 prophetae
1642 2918 1804 2972 modo
1836 2915 2007 2970 David

436 3013 644 3059 erraret
667 3004 721 3056 in
752 3003 1162 3069 solitudinibus,
1207 3005 1261 3058 in
1297 3009 1600 3072 montibus,
1637 3010 1690 3062 in
1728 3010 2006 3078 speluncis

2184 2907 2540 2978 Πλανώμενος
2569 2906 2732 2960 Δαυῖδ
2768 2907 2969 2978 ὁμοίως
2999 2910 3110 2970 τοῖς
3150 2906 3353 2989 λοιποῖς
3383 2911 3690 2982 προφήταις

2113 3001 2170 3052 ἐν
2203 3001 2459 3072 ἐρημίαις
2493 2999 2586 3054 καὶ
2608 3000 2780 3069 ὄρεσι,
2813 3001 2906 3052 καὶ
2928 2998 3230 3070 σπηλαίοις,
3253 3001 3348 3053 καὶ
3378 3005 3497 3066 ταῖς
3528 3004 3690 3066 ὀπαῖς

436 3103 492 3150 et
543 3095 600 3149 in
648 3094 1011 3152 foraminibus
1063 3108 1254 3164 terrae,
1315 3103 1648 3156 exercitatus
1706 3103 2006 3168 laboribus,

2111 3092 2209 3161 τῆς
2235 3093 2358 3161 γῆς,
2391 3094 2503 3154 τοῖς
2529 3108 2587 3144 τε
2624 3090 2722 3161 τῆς
2759 3090 3103 3156 ἀνεξικακίας
3132 3091 3312 3154 πόνοις
3348 3093 3689 3163 ἐγγυμναζό-

438 3203 577 3258 quos
609 3187 713 3241 sibi
741 3189 945 3243 oblivio
971 3190 1297 3259 iujuriarum
1329 3203 1636 3261 pepererat,
1675 3195 1821 3249 hunc
1863 3210 2006 3264 quo-

437 3295 544 3349 que
576 3280 840 3348 psalmum
869 3281 1087 3345 cecinit,
1108 3282 1281 3336 otium
1314 3285 1648 3349 solitudinis,
1680 3286 1875 3341 divinae
1898 3287 2009 3356 phi-

440 3371 701 3440 losophiae
733 3387 1062 3428 cousecrans
1095 3392 1108 3426 :
1140 3373 1496 3445 excitansque
1525 3391 1687 3430 suum
1741 3393 1868 3448 erga
1920 3393 2008 3433 res

433 3460 654 3514 .divinas
691 3476 950 3522 amorem.
981 3464 1272 3518 confitetur
1300 3480 1360 3520 se
1391 3467 1818 3522 immortalitatis
1843 3484 2010 3537 pocu-

439 3553 552 3608 lum
607 3553 801 3606 sitire:
837 3569 1007 3622 quare
1065 3553 1133 3607 ad
1197 3553 1363 3611 Deum
1407 3555 1481 3609 ita
1527 3558 1774 3614 clamat:
1809 3577 1828 3610 ι
1866 3559 2008 3616 Deus

441 3644 584 3704 Deus
615 3660 770 3698 meus
793 3684 810 3706 ,
842 3644 909 3698 ad
938 3653 990 3700 te
1013 3645 1080 3701 de
1113 3648 1232 3703 luce
1261 3649 1444 3720 vigilo.
1479 3647 1660 3704 Sitivit
1701 3651 1796 3705 tibi
1828 3636 2009 3706 anima

441 3749 767 3804 mea,quam
825 3735 1146 3803 simpliciter
1190 3737 1285 3792 tibi
1343 3752 1476 3791 caro
1527 3752 1665 3791 mea.
1702 3756 1721 3789 ι
1760 3736 1866 3792 Pro
1917 3739 2010 3792 illo

440 3835 645 3888 autem,
679 3845 697 3875 ι
730 3840 892 3894 quam
924 3825 1246 3896 simpliciter
1276 3828 1374 3881 tibi
1407 3842 1536 3882 caro
1571 3844 1712 3891 mea,
1739 3847 1758 3880 ›
1790 3829 2008 3900 Aquila,

445 3936 465 3970 ι
498 3932 741 3987 expansa
771 3925 857 3971 est
904 3918 999 3971 tibi
1053 3933 1182 3972 caro
1211 3934 1353 3983 mea,
1392 3937 1412 3970 ι
1462 3920 1853 3990 interpretatus
1885 3931 2008 3989 est;

442 4005 809 4078 Symmachus
840 4023 990 4072 vero,
1031 4025 1050 4058 ι
1087 4009 1430 4078 concupiscit
1465 4018 1516 4064 te
1539 4025 1668 4065 caro
1695 4026 1852 4077 mea;
1883 4030 1900 4061 ι
1937 4012 2010 4064 ita

441 4105 502 4151 ut
529 4113 638 4151 nou
673 4099 788 4153 sola
817 4099 1035 4154 Davidis
1059 4100 1240 4153 anima
1275 4101 1342 4153 ad
1380 4099 1548 4155 Deum
1573 4101 2006 4170 expanderetur,

442 4186 535 4240 sed
565 4188 939 4257 ipsa-quoque
973 4203 1102 4241 caro
1151 4197 1203 4243 et
1246 4204 1448 4259 corpus
1475 4191 1628 4259 ejus,
1664 4199 1851 4260 utpote
1890 4192 2006 4260 qui,

441 4293 564 4331 cum
595 4277 702 4330 Deo
727 4287 969 4338 vacaret,
1004 4287 1155 4333 caste
1193 4288 1245 4334 et
1288 4296 1423 4349 pure
1448 4289 1648 4351 ageret.
1680 4281 1817 4336 lllud
1855 4298 2006 4347 vero,

445 4389 464 4420 ι
509 4368 650 4423 Deus
685 4369 826 4423 Deus
859 4385 1034 4430 meus.
1069 4373 1134 4426 ad
1167 4380 1222 4426 te
1253 4371 1320 4426 de
1353 4373 1476 4427 luce
1507 4374 1692 4442 vigilo,
1729 4395 1747 4426 ι
1780 4385 2006 4429 noctur-

2116 3199 2296 3252 μενος,
2326 3183 2420 3235 καὶ
2471 3182 2560 3235 τὸν
2613 3183 2752 3253 μετὰ
2785 3185 2972 3253 χεῖρας
3002 3178 3094 3255 ᾖδε
3136 3182 3372 3254 ψαλμὸν,
3421 3187 3488 3256 τῇ
3548 3184 3691 3238 κατὰ

2111 3275 2242 3328 Θεὸν
2271 3275 2545 3338 ἀνατιθεὶς
2566 3274 2850 3346 φιλοσοφίᾳ
2877 3274 2973 3345 τήν
2994 3275 3084 3327 ἐπὶ
3115 3273 3213 3343 τῆς
3238 3276 3442 3346 ἐρήμου
3472 3277 3685 3347 σχολήν·

2112 3370 2206 3422 καλ⁵
2240 3369 2329 3422 τὸν
2363 3365 2554 3420 ἐαυτοῦ
2587 3367 2718 3436 περ)⁵
2755 3365 2825 3418 τὰ
2869 3365 2988 3420 θεῖα
3022 3365 3199 3437 ἔρωτα
3229 3366 3528 3439 διεγείρων,
3558 3371 3689 3439 ὁμο-

2110 3460 2344 3528 λογείται
2373 3459 2531 3529 διψῇν
2559 3457 2652 3511 τοῦ
2688 3457 2786 3528 τῆς
2824 3457 3130 3520 ἀθανασίας*
3156 3459 3428 3528 πόματος·
3456 3459 3534 3512 διὸ
3562 3460 3690 3515 ἐόόα

2113 3552 2249 3622 πρὸς
2293 3552 2382 3604 τὸν
2406 3550 2537 3603 Θεὸν
2565 3549 2738 3617 λέγων
2757 3563 2771 3576 ⁸
2804 3567 2822 3599 ι
2861 3549 2918 3601 ’0
2945 3547 3076 3610 Θεὸς
3109 3551 3136 3602 ό
3165 3549 3295 3611 Θεός
3322 3567 3445 3620 μου,
3477 3550 3609 3622 πρὸς
3631 3553 3690 3608 σὲ

2111 3642 2366 3715 ὀρθρίζω.
2414 3641 2662 3712 Ἐδίψησέ
2697 3657 2779 3694 σοι
2816 3642 2850 3711 ἡ
2894 3639 3040 3711 ψυχή
3079 3659 3200 3711 μου,
3239 3641 3356 3706 πῶς
3388 3643 3574 3708 ἁπλῶς
3606 3662 3689 3698 σοι

2112 3738 2144 3805 ή
2177 3734 2312 3807 σάρξ
2347 3751 2471 3806 μου.
2504 3754 2523 3786 ι
2566 3735 2710 3786 Ἀντὶ
2742 3733 2800 3786 δὲ
2832 3732 2948 3797 τοῦ,
2980 3752 2997 3784 ι
3028 3734 3142 3798 πῶς
3169 3734 3353 3799 ἁπλῶς
3389 3740 3525 3809 σοιή
3555 3737 3690 3813 σάρξ

2115 3843 2234 3898 μου,
2276 3846 2294 3878 ι
2320 3826 2357 3882 ὀ,
2383 3827 2480 3897 μὲν
2517 3824 2766 3902 Ἀκύλας,
2807 3844 2825 3876 ι
2869 3825 3104 3896 ἐπετάθη
3140 3843 3219 3879 σοι
3250 3828 3282 3897 ή
3325 3827 3459 3899 σάρξ
3510 3847 3632 3900 μου,
3664 3848 3684 3882 ι

2113 3913 2484 3989 ἡρμήνευσεν·
2521 3919 2549 3972 ὁ
2585 3917 2642 3969 δέ
2671 3915 2983 3987 Σύμμαχος,
3015 3936 3033 3967 ι
3070 3917 3360 3989 Ὶμείρεταί
3395 3937 3454 3971 σε
3491 3923 3525 3991 ἡ
3555 3919 3690 3991 σάρξ

2117 4027 2248 4081 μου·
2291 4028 2308 4060 ι
2347 4009 2486 4062 ὥστε
2537 4009 2634 4079 οὑχ
2688 4009 2722 4078 ή
2763 4008 2909 4079 ψυχὴ
2951 4009 3083 4080 μόνη
3124 4009 3217 4063 τοῦ
3241 4011 3403 4065 Δαυῗδ
3433 4013 3568 4083 πρὸς
3598 4012 3691 4065 τὸν

2109 4101 2240 4153 Θεὸν
2292 4099 2504 4164 τέτατο,
2553 4098 2689 4152 ἀλλὰ
2743 4100 2837 4150 καὶ
2879 4098 3016 4170 αὑτὴ
3062 4103 3095 4170 ὴ
3150 4101 3287 4174 σὰρξ
3315 4103 3407 4155 καὶ
3438 4102 3500 4155 τὸ
3532 4102 3690 4173 σῶμα

2110 4190 2294 4253 αὐτοῦ,
2346 4189 2664 4259 ἁγνεύοντος
2693 4188 2892 4259 δηλαδὴ
2925 4191 3019 4242 καὶ
3052 4189 3446 4261 καθαρεύοντος
3497 4191 3584 4246 διὰ
3628 4190 3691 4245 τὸ

2109 4283 2186 4354 τῷ
2230 4281 2348 4353 Θεῷ
2393 4281 2688 4352 σχολάζειν.
2739 4281 2849 4334 Καὶ
2895 4280 2955 4334 τὸ
3009 4281 3186 4349 λέγειν
3219 4281 3294 4345 δὲ,
3335 4301 3353 4334 ι
3397 4283 3456 4335 ’0
3486 4282 3620 4345 Θεὸς
3659 4283 3690 4334 ὁ

2109 4375 2240 4439 Θεός
2273 4393 2394 4446 μου,
2425 4374 2561 4447 πρὸς
2614 4373 2675 4425 σέ
2720 4371 2976 4444 ὀρθρίζω,
3006 4393 3024 4425 ι
3059 4374 3465 4444 παραστατικὸν
3493 4369 3560 4444 ἦν
3591 4373 3691 4443 τῆς

441 4476 524 4514 nae
548 4475 661 4514 sua:
691 4461 940 4529 puritatis
974 4469 1354 4532 argumentum
1378 4472 1515 4518 erat.
1554 4463 1724 4518 Nemo
1747 4467 1890 4519 enim
1910 4467 2002 4536 qui

2111 4467 2429 4538 νυκτερινῆς
2477 4464 2866 4537 καθαρότητος.
2929 4464 3114 4528 Οὐδεὶς
3191 4464 3298 4536 γὰρ
3359 4465 3416 4518 ὲν
3480 4463 3689 4528 κοίταις

440 4552 496 4606 in
526 4551 800 4606 cubilibus
828 4562 990 4622 atque
1019 4555 1376 4624 impudicitiis
1400 4557 1639 4610 animam
1669 4573 1821 4612 suam
1854 4574 2009 4613 com-

439 4645 814 4711 maculaverit,
847 4661 1187 4715 corporeque
1222 4649 1396 4716 turpis
1437 4649 1862 4720 immundusque
1894 4651 2013 4707 fue-

438 4737 531 4799 rit,
580 4737 786 4792 talibus
836 4739 1011 4807 possit
1064 4738 1142 4792 uti
1177 4741 1424 4794 vocibus.
1459 4740 1726 4796 Caeterum
1776 4758 2008 4813 magnus

439 4827 530 4881 ille
561 4827 731 4881 David
761 4827 945 4882 fidenti
974 4830 1334 4894 conscientia,
1362 4846 1468 4884 non
1495 4832 1814 4901 simpliciter
1840 4833 2008 4888 Deum

439 4920 747 4986 invocabat,
782 4921 994 4984 dicens,
1032 4938 1050 4971 ι
1083 4920 1264 4987 Deus;
1301 4941 1319 4972 δ
1354 4925 1449 4976 sed
1481 4923 1564 4976 bis
1581 4938 1702 4976 eum
1724 4924 1881 4993 quasi
1905 4923 2009 4978 sibi

438 5013 718 5078 proprium
763 5010 989 5064 ascribit
1023 5029 1038 5065 :
1075 5027 1246 5080 quare
1288 5010 1498 5080 adjicit,
1541 5031 1559 5063 ι
1597 5011 1742 5066 Deus
1775 5028 1945 5068 meus.
1985 5031 2004 5064 ι

438 5099 645 5155 Deinde
675 5101 803 5170 quia
851 5110 909 5154 ut
940 5103 1046 5156 sibi
1097 5103 1376 5172 proprium
1433 5102 1600 5157 Deum
1653 5106 2008 5173 pronuntiare

438 5207 606 5248 ausus
653 5204 792 5260 erat,
834 5196 961 5250 talis
1003 5209 1172 5250 ausus
1200 5211 1424 5250 causam
1454 5197 1650 5250 edocet
1681 5197 1767 5251 his
1801 5197 2006 5260 verbis,

443 5302 462 5334 ‹
499 5284 580 5338 Ad
622 5293 674 5340 te
703 5285 772 5341 de
843 5287 965 5342 luce
1012 5287 1195 5356 vigilo.
1237 5286 1419 5341 Sitivit
1467 5287 1564 5340 tibi
1613 5287 1793 5340 anima
1844 5302 1962 5340 mea
1991 5328 2006 5352 ,

439 5391 602 5444 quam
636 5377 958 5446 simpliciter
993 5380 1090 5432 tibi
1121 5395 1252 5432 caro
1287 5394 1425 5433 mea.
1459 5399 1478 5430 ι
1510 5377 1644 5431 Nam
1677 5379 1797 5433 ideo
1843 5378 2008 5433 Deum

441 5482 620 5520 meum
650 5471 994 5538 compellavi,
1021 5472 1148 5538 quia
1179 5472 1327 5524 nullo
1353 5478 1720 5534 terrenarum,
1766 5470 1853 5524 vel
1889 5485 2011 5539 quae

440 5559 616 5614 oculis
645 5562 959 5616 carnalibus
985 5563 1380 5632 percipiuntur,
1411 5580 1594 5619 rerum
1636 5563 1911 5618 desiderio
1939 5571 2014 5617 le-

443 5668 596 5708 neor.
633 5653 1097 5718 Quemadmodum
1120 5657 1262 5712 enim
1287 5657 1750 5737 Apostolus‘dixit
1779 5675 1790 5710 :
1824 5676 1842 5709 ι
1874 5654 2011 5709 Vivo

444 5754 647 5808 autem,
676 5745 790 5814 jam
821 5761 928 5800 non
948 5763 1068 5819 ego,
1094 5749 1225 5804 vivit
1256 5765 1381 5807 vero
1413 5750 1464 5804 in
1497 5764 1580 5805 me
1611 5749 1964 5817 Christus“;
1986 5768 2004 5800 ι

518 5856 565 5890 ⁸⁸
601 5857 714 5912 Gal.
753 5876 812 5924 ιι,
845 5861 934 5920 20.

2111 4559 2205 4611 καὶ
2256 4556 2565 4624 ἀσελγείαις
2630 4555 2876 4625 ρυπὰνας
2952 4553 3144 4606 ἑαυτοῦ
3204 4553 3300 4622 τὴν
3365 4551 3563 4622 ψυχὴν,
3596 4550 3690 4603 καὶ

2109 4649 2171 4702 τὸ
2204 4648 2365 4718 σῶμα
2402 4647 2595 4718 μιαρὸς
2642 4646 2716 4697 ὢν
2773 4646 2866 4698 καὶ
2910 4643 3254 4714 ἀκάθαρτος,
3288 4638 3398 4705 οἷός
3425 4643 3472 4695 τ’
3502 4641 3568 4695 ἂν
3601 4641 3687 4712 εἴη

2109 4737 2209 4801 τὰς
2234 4736 2488 4798 τοιαύτας
2518 4735 2837 4804 προσίεσθαι
2864 4733 3065 4801 φωνάς.
3097 4735 3240 4804 Πλὴν
3269 4735 3297 4786 ὁ
3329 4733 3502 4802 μέγας
3529 4731 3689 4785 Δαυῒδ

2111 4827 2644 4899 πεπαῤῥησιασμένῃ
2668 4826 2969 4896 συνειδήσει
2991 4827 3088 4896 οὐχ
3111 4826 3292 4889 ἁπλῶς
3313 4827 3401 4879 τὸν
3417 4825 3552 4880 θεὸν
3569 4826 3688 4878 ἀνε-

2112 4921 2348 4984 καλεῖτο,
2394 4918 2587 4986 λέγων,
2625 4936 2643 4968 ι
2687 4919 2742 4971 Ὁ
2767 4918 2927 4982 Θεός·
2971 4938 2989 4970 ι
3023 4918 3272 4988 δεύτερον
3305 4918 3361 4970 δὲ
3391 4917 3466 4980 ὡς
3495 4915 3688 4971 ἑαυτοῦ

2114 5013 2241 5064 ίδιον
2279 5011 2406 5064 ὂντα
2436 5011 2794 5080 ἐπεγράφετο·
2831 5011 2909 5064 διὸ
2937 5011 3261 5083 προστίθησι
3313 5010 3553 5080 φάσκων·
3580 5028 3598 5061 ι
3631 5010 3688 5062 Ὁ

2110 5103 2241 5165 Θεός
2267 5119 2389 5172 μου.
2442 5120 2458 5150 ι
2493 5098 2602 5154 Εἶτ’
2633 5103 2924 5173 ἐπειδήπερ
2949 5102 3141 5155 ἑαυτοῦ
3169 5103 3301 5155 Θεὸν
3328 5101 3688 5173 ἀναγορεῦσαι

2111 5193 2272 5247 αὑτὸν
2305 5193 2625 5263 τετόλμηκε,
2654 5193 2754 5262 τῆς
2788 5193 2989 5265 τόλμης
3006 5193 3102 5265 τὴν
3135 5195 3310 5248 αἰτίαν
3324 5194 3563 5247 διδάσκει
3587 5193 3689 5247 λέ-

2109 5305 2240 5356 γων,
2273 5305 2290 5336 ι
2315 5287 2456 5359 Πρὸς
2475 5286 2533 5338 σὲ
2555 5285 2806 5356 ὀρθρίζω.
2827 5286 3074 5356 Ἐδίψησὲ
3099 5302 3177 5340 σοι
3203 5289 3234 5356 ἡ
3259 5285 3402 5357 ψυχή
3431 5302 3552 5356 μου,
3571 5283 3696 5348 πῶς.

2112 5379 2297 5442 ἁπλῶς
2329 5396 2410 5432 σοι
2436 5383 2468 5449 η
2501 5379 2634 5450 σάρξ
2694 5396 2814 5449 μου.
2855 5397 2870 5428 ι
2904 5377 3003 5431 Διὰ
3048 5378 3222 5431 ταῦτα
3261 5377 3367 5448 γὰρ
3410 5377 3540 5430 Θεόν
3586 5393 3686 5446 μου

2112 5472 2425 5540 προσεῖπον,
2475 5470 2771 5539 ἐπειδήπερ
2822 5468 3032 5532 οὐδενὸς
3085 5467 3194 5520 τῶν
3244 5465 3518 5535 ἐπιγείων,
3569 5463 3686 5519 ἀλλ’

2110 5561 2231 5615 οὑδέ
2274 5561 2380 5614 τῶν
2411 5560 2707 5632 ὀφθαλμοῖς
2751 5561 2950 5631 σαρκὸς
2977 5560 3270 5632 ὁρωμένων
3308 5557 3582 5629 περιέλκει
3615 5562 3700 5627 με’,

2112 5655 2294 5720 πόθος.
2334 5657 2543 5727 Ὥσπερ
2603 5656 2661 5709 δέ
2713 5658 2742 5709 ὁ
2795 5656 3172 5719 Ἀπόστολος,‹
3198 5655 3305 5719 Ζῶ,
3349 5655 3530 5724 φησὶν,
3561 5652 3686 5705 οὑκ-

2113 5749 2189 5802 έτι
2225 5746 2358 5817 ἐγώ·
2401 5747 2466 5818 ζῇ
2506 5746 2564 5800 δὲ
2610 5750 2666 5802 ἐν
2720 5749 2840 5822 ἐμοὶ
2873 5747 3136 5818 Χριστός·
3175 5765 3191 5797 ι
3228 5746 3450 5818 τοιαύτῃ
3481 5743 3693 5816 διανοίῃ.
