4142 6388
511 413 614 470 6Ο7

1189 405 1460 465 EUSEBII
1491 404 1970 463 CASSARIENSIS
1999 403 2151 460 OPP.
2197 403 2378 459 PARS
2409 402 2498 458 ιιι.
2535 437 2602 445 -
2633 403 3046 459 EXEGETICA.

3686 399 3792 455 608

512 531 584 587 ita
615 536 676 584 ut
708 545 762 583 ιιι
797 527 982 582 multis
1009 543 1277 582 annorum
1315 524 1558 597 periodis
1584 525 1881 578 multorum
1926 524 2095 578 vitam

2220 522 2388 585 >ὁντος
2432 520 2658 592 γένηταί
2689 539 2794 585 τις,
2837 519 3026 589 ὥσπερ
3057 518 3256 582 πολλὰς
3293 516 3436 580 ζωὰς
3475 519 3532 570 ἐν
3574 516 3795 580 πολλαῖς

508 627 758 695 expleat;
794 625 897 677 hoc
931 638 1064 677 sane
1095 622 1231 676 nihil
1261 630 1368 684 est,
1407 618 1804 673 misericordia:
1835 617 1926 671 Dei
1951 631 2100 670 com-
2149 654 2154 658 -

510 726 784 789 paratum,
819 730 941 784 quae
969 715 1094 768 vita:
1123 721 1342 767 :etcrn:e
1382 720 1436 767 et
1479 711 1788 765 cwlestium
1831 709 2100 764 bonorum

509 822 678 860 causa
702 813 806 860 est.
842 803 1025 871 Quare
1061 803 1455 857 misericordiae
1490 801 1735 856 conﬁsus
1765 808 1893 864 tuae,
1931 806 2101 852 totam

514 896 654 951 hanc
687 897 875 959 vitam,
908 910 1009 950 ceu
1045 894 1291 965 quaedam
1324 894 1567 965 pretiosa
1603 893 1834 948 donaria
1864 898 1918 947 et
1963 906 2102 961 opu-

513 989 659 1041 lenta
686 987 905 1043 cimelia
945 987 1040 1040 tibi
1089 987 1472 1052 consecrabo;
1507 985 1754 1040 membra
1805 983 2018 1038 scilicet
2048 990 2102 1036 et

513 1095 714 1135 sensus
772 1095 924 1134 meos
964 1077 1274 1133 ministerio
1310 1077 1563 1132 addicam
1609 1085 1725 1132 tuo.
1757 1076 2105 1146 Quapropter

514 1172 656 1226 labia
703 1189 822 1226 mea
853 1171 989 1225 nihil
1027 1171 1174 1225 aliud
1223 1171 1574 1240 eloquentur,
1603 1170 1697 1226 sed
1735 1185 1872 1240 pura
1925 1175 2105 1223 casta-

513 1280 621 1333 que
647 1263 1041 1324 servabuntur,
1079 1271 1138 1315 ut
1163 1263 1273 1317 tuis
1303 1271 1498 1317 vacent
1529 1263 1747 1334 hymnis
1793 1269 1846 1317 et
1895 1275 2105 1316 sermo—

515 1356 700 1410 nibus.
735 1355 861 1409 Yita
892 1363 1074 1408 autem
1113 1371 1232 1408 mea
1267 1356 1363 1409 tibi
1391 1353 1764 1410 benedicendo
1796 1360 1957 1408 nocte
1990 1351 2099 1405 die-

516 1465 623 1519 que
661 1450 1182 1518 semperincumbet
1219 1467 1230 1501 :
1270 1464 1468 1502 manus
1517 1447 1768 1517 corporis
1815 1446 1944 1507 mei,
1976 1460 2107 1514 ope-

488 1603 490 1606 _
521 1555 688 1610 raque
711 1540 779 1594 iis
802 1540 970 1602 edita,
1004 1539 1057 1592 in
1095 1540 1316 1593 nomine
1341 1548 1434 1592 tuo
1484 1539 1676 1592 levabo
1735 1536 2108 1604 extollamque

520 1631 573 1684 in
613 1631 805 1695 altum,
837 1646 1006 1700 pravo
1037 1630 1233 1700 quovis
1266 1630 1512 1684 facinore
1552 1645 1719 1699 puras
1764 1627 2010 1692 eﬂ'eram,
2049 1633 2108 1679 ut

519 1721 659 1776 dicit
691 1722 914 1791 quidam
949 1741 960 1775 :
997 1741 1016 1771 «
1061 1720 1197 1773 Volo
1247 1721 1400 1775 viros
1453 1736 1637 1783 orare,
1667 1720 1912 1773 levantes
1942 1731 2108 1787 puras

520 1830 718 1868 manus
747 1814 867 1868 sine
899 1814 979 1866 ira
1007 1821 1060 1866 et
1089 1811 1492 1880 disceptatione
1509 1810 1577 1864 ³⁸.
1620 1830 1638 1861 ι
1671 1810 1764 1862 Sic
1804 1816 1985 1861 autem
2030 1807 2109 1858 la-

2208 612 2344 667 ὲτῶν
2399 614 2666 685 περιόδοις
2715 613 3089 683 κτησάμενος·
3141 609 3252 663 ἀλλ’
3284 610 3433 662 οὐδέν
3474 611 3588 662 ἐστι
3624 608 3798 663 ταῦτα

2209 706 2616 778 συγκρινόμενα
2652 705 2790 776 πρὸς
2817 705 2878 758 τὸ
2900 704 3046 768 ἔλεος
3073 703 3167 757 τοῦ
3191 701 3428 765 Θεοῦ,τὸ
3450 702 3549 773 τῆς
3577 701 3797 755 αἰωνίου

2207 801 2353 871 ζωῆς
2379 800 2473 854 καὶ
2499 800 2604 853 τῶν
2630 798 2968 870 ἐπουρανίων
2990 796 3210 865 ἀγαθῶν
3237 795 3430 849 αἴτιον.
3470 795 3670 864 Διόπερ
3704 793 3810 846 καὶ·

2206 894 2282 964 τῷ
2314 893 2390 965 σῷ
2417 894 2550 964 ἐλέῳ
2581 892 2980 965 ἐπιθαρσήσας,
3019 891 3198 944 πᾶσάν
3230 907 3331 960 μου
3373 887 3472 960 τὴν
3515 885 3800 958 παροῦσαν

2207 986 2351 1058 ζωήν
2395 1003 2477 1039 σοι
2533 985 2818 1056 ἀναθήσω,
2862 983 3052 1056 ὥσπερ
3095 981 3220 1035 τινὰ
3256 981 3412 1051 τίμια
3451 979 3801 1050 ἀναθήματα,

2206 1082 2300 1133 καὶ
2333 1079 2600 1150 πολυτελῆ
2631 1077 2892 1150 κειμήλια
2920 1076 2991 1130 τὰ
3023 1076 3156 1147 μέλη
3184 1093 3284 1146 μου
3319 1076 3413 1128 καὶ
3438 1073 3507 1126 τὰ
3541 1072 3804 1143 αἰσθητή-

2209 1190 2302 1245 ρια
2335 1175 2401 1244 τῇ
2437 1175 2501 1243 σῇ
2528 1171 2798 1243 ἀφορίσας
2822 1169 3154 1240 λειτουργίᾳ.
3179 1168 3270 1221 Διὸ
3288 1168 3356 1221 τά
3389 1167 3488 1238 μὲν
3514 1166 3666 1237 χείλη
3699 1183 3800 1236 μου

2207 1264 2360 1317 οὐδὲν
2392 1264 2577 1336 ἕτερον
2617 1263 3170 1340 λαλήσειηάγνεύσει
3208 1261 3264 1315 δὲ
3323 1262 3416 1315 καὶ
3462 1259 3677 1330 καθαρά
3710 1275 3804 1326 φυ-

2207 1354 2560 1426 λαχθήσεται,
2611 1355 2690 1416 εἰς
2724 1353 2784 1405 τὸ
2821 1351 3103 1422 σχολάζειν
3157 1353 3269 1413 τοῖς
3317 1353 3430 1412 σοῖς
3469 1348 3660 1418 ὕμνοις
3709 1349 3805 1399 καῖ⁵

2208 1447 2387 1516 λόγοις
2407 1464 2419 1476 ·
2455 1449 2487 1516 ἡ
2531 1446 2586 1498 δὲ
2623 1445 2734 1516 ζωή
2773 1463 2876 1516 μου
2903 1445 3040 1514 αὕτη
3069 1461 3132 1495 πε
3145 1444 3196 1513 pi
3219 1441 3278 1495 τὸ
3311 1441 3554 1510 εὐλογεῖν
3582 1458 3640 1493 σε
3669 1439 3806 1493 πάν-

2207 1557 2328 1592 τοτε
2379 1539 2596 1608 νύκτωρ
2650 1538 2744 1590 καὶ
2791 1537 2910 1607 μεθ’
2943 1537 3157 1607 ἡμέραν
3202 1534 3666 1606 ἀσχοληθήσεται·
3710 1533 3810 1587 καὶ

2210 1629 2308 1694 τὰς
2352 1632 2540 1702 χεῖρας
2579 1629 2636 1681 δὲ
2685 1628 2778 1681 τοῦ
2823 1627 3074 1698 σώματός
3105 1645 3231 1698 μου.
3258 1627 3355 1690 τὰς
3384 1644 3443 1679 τε
3474 1625 3563 1678 διά
3600 1625 3810 1678 τούτων

2209 1723 2638 1792 ἐπιτελουμένας
2667 1722 2915 1794 πράξεις,
2941 1724 2998 1774 ἐν
3038 1721 3114 1790 τῷ
3144 1721 3368 1790 ὀνόματί
3405 1737 3497 1772 σου
3539 1719 3657 1789 ἀρῶ
3709 1736 3807 1789 με-

2211 1815 2491 1886 τεωρίζων
2521 1817 2601 1879 εἰς
2627 1814 2778 1884 ὕψος,
2810 1815 2902 1867 καὶ
2954 1815 3035 1867 σοὶ
3077 1813 3322 1884 καθαρὰς
3355 1813 3536 1884 πάσης
3575 1811 3810 1882 παρανό-

519 1907 610 1962 hia
644 1922 763 1962 mea
793 1915 848 1960 et
881 1921 1078 1960 manus
1111 1921 1244 1958 mea).
1277 1905 1373 1958 tibi
1405 1903 1854 1965 destinabuntur,
1881 1908 1940 1955 ut
1963 1899 2106 1952 labia

2220 1927 2317 1978 μου
2355 1908 2610 1978 πράξεως
2653 1907 2964 1972 ἐπιδεικνὺς
3017 1906 3185 1970 αὐτὰς
3220 1906 3361 1958 κατὰ
3401 1907 3492 1958 τὸν
3540 1906 3806 1976 φήσαντα·

522 1999 744 2069 quidem
788 2013 818 2050 a
850 1996 1204 2068 thymiamate
1243 1995 1375 2050 boni
1418 1995 1606 2049 odoris
1649 1994 1784 2047 nihil
1811 1992 2106 2054 dilTerant,

521 2105 721 2145 manus
743 2105 874 2144 vero
899 2091 966 2144 ab
985 2089 1191 2144 eﬁicaci
1224 2097 1279 2144 et
1313 2104 1444 2144 vero
1474 2087 1748 2144 sacriﬁcio
1776 2102 1884 2141 non
1909 2085 2112 2139 discre-

522 2190 674 2252 pent,
724 2192 782 2236 ut
812 2189 1126 2252 opportune
1179 2181 1359 2236 dicam
1411 2179 1478 2234 de
1522 2179 1685 2235 labiis
1739 2179 1899 2243 meis,
1933 2194 1951 2227 ι
1990 2175 2111 2230 Fiat

521 2279 700 2332 oratio
733 2293 851 2332 mea
902 2276 1044 2331 sicut
1101 2277 1388 2331 incensum
1427 2274 1481 2328 in
1513 2281 1814 2344 conspectu
1846 2281 1941 2327 tuo
1965 2273 2039 2338 ⁸⁷;
2086 2291 2104 2323 ι

522 2373 591 2426 de
645 2371 908 2440 operibus
968 2380 1173 2431 autem,
1212 2387 1231 2420 ι
1267 2367 1516 2422 Elevatio
1545 2382 1806 2420 manuum
1863 2381 2110 2421 mearum

523 2463 858 2519 sacriﬁcium
892 2461 1269 2531 vespertinum
1295 2459 1362 2514 ⁸⁸.
1397 2478 1415 2510 ι
1442 2457 1620 2528 Atque
1644 2459 1715 2512 ita
1737 2473 1868 2512 caro
1898 2465 1953 2512 et
1987 2472 2112 2511 cor-

526 2574 628 2628 pus
669 2571 850 2610 meum
881 2556 1192 2610 ministerio
1225 2566 1320 2607 tuo
1346 2551 1708 2615 addicentur;
1746 2552 1928 2605 anima
1982 2567 2115 2607 vero

526 2665 644 2705 mea
697 2648 924 2717 majoris
974 2662 1208 2702 consors
1237 2645 1344 2700 erit
1369 2644 1590 2699 virtutis
1628 2662 1639 2696 :
1674 2659 1848 2712 quare
1903 2644 1972 2699 de
2023 2643 2115 2696 illa

525 2741 650 2794 dico
679 2757 690 2792 :
729 2755 748 2789 ι
795 2737 952 2791 Sicut
977 2736 1138 2806 adipe
1169 2743 1222 2791 et
1256 2734 1588 2806 pinguedine
1631 2735 1909 2804 repleatur
1930 2733 2114 2786 anima

523 2845 666 2886 mea.
711 2849 731 2882 ι
785 2827 974 2897 Neque
999 2829 1144 2883 enim
1203 2827 1321 2898 pari
1372 2836 1536 2898 atque
1592 2842 1795 2896 corpus
1849 2825 2066 2879 ratione
2098 2865 2112 2889 ,

525 2920 710 2973 anima
745 2919 929 2983 labiis,
963 2929 1057 2972 aut
1091 2919 1370 2982 manibus,
1397 2928 1493 2973 aut
1527 2918 1634 2971 alia
1669 2917 1924 2988 quapiam
1964 2925 2118 2987 parte

526 3011 611 3066 vel
652 3012 938 3078 membro;
972 3011 1068 3066 sed
1112 3011 1233 3081 ipsa
1261 3018 1377 3064 tota
1411 3025 1474 3064 ac
1511 3025 1608 3077 per
1654 3025 1714 3065 se
1761 3010 2119 3079 praestantior

527 3104 678 3158 omni
718 3104 993 3158 sacriﬁcio
1039 3102 1371 3166 holocausti,
1416 3101 1680 3171 omni'que
1719 3102 1946 3156 animali
1997 3103 2119 3171 pin-

527 3197 619 3267 gui
647 3196 807 3268 adipe
834 3206 888 3252 et
921 3195 1260 3265 pinguedine
1295 3193 1524 3259 referto,
1556 3195 1654 3248 tibi
1695 3193 1807 3250 Deo
1838 3194 2114 3260 oﬂ‘erctur,

528 3289 932 3359 pretiosiorque
959 3288 1154 3351 vitulo,
1184 3298 1339 3342 tauro
1376 3302 1440 3342 ac
1472 3287 1669 3358 quovis
1691 3288 1853 3341 bruto
1885 3289 2117 3341 animali

528 3381 627 3435 abs
659 3387 712 3434 te
739 3378 1105 3449 reputabitur.
1139 3379 1320 3444 Quare
1373 3378 1518 3434 hanc
1559 3379 1979 3449 pinguissimam
2021 3393 2118 3434 ac-

526 3482 851 3543 ceptamque
882 3472 980 3526 tibi
1021 3472 1281 3534 hostiam,
1311 3472 1552 3526 animam
1593 3472 1720 3526 dico
1771 3487 1974 3534 meam,
2020 3472 2118 3526 tibi

527 3566 744 3621 dicabo.
777 3564 955 3634 Atque
985 3564 1087 3618 hac
1113 3564 1179 3618 de
1203 3579 1371 3619 causa
1404 3565 1636 3633 gratiam
1675 3565 1770 3619 tibi
1809 3562 2116 3635 professus,

531 3660 692 3730 pleno
723 3673 820 3712 ore
869 3658 1114 3728 ipsisque
1167 3657 1330 3712 labiis
1375 3657 1578 3728 gaudio
1625 3657 1850 3727 repletis
1884 3666 1938 3712 te
1971 3659 2117 3713 cele-

529 3751 700 3804 brabo
735 3769 748 3805 :
789 3749 914 3804 ideo
970 3749 1050 3806 sic
1088 3750 1285 3820 loquor
1317 3768 1330 3804 :
1371 3769 1388 3802 ι
1418 3749 1485 3803 Ει
1520 3749 1680 3804 labiis
1728 3751 2128 3808 exsultationis.

528 3843 774 3897 laudabit
807 3859 870 3898 os
901 3859 1117 3910 meum;
1145 3863 1163 3895 ι
1187 3843 1324 3907 sive,
1361 3844 1663 3899 secundum
1708 3842 2119 3915 Symmachum,

535 3955 554 3984 ε
588 3935 652 3989 Et
675 3936 840 3990 labiis
859 3936 1262 3991 benedictionis
1287 3936 1589 3990 celebrabit
1624 3951 1686 3990 os
1713 3951 1916 3990 meum.
1953 3955 1972 3988 ι

528 4029 646 4083 λεσι
680 4031 855 4101 χαρᾶς
887 4030 1340 4102 πεπληρωμένοις
1370 4031 1666 4101 ἀνυμνήσω
1702 4047 1762 4082 σε
1784 4046 1799 4060 ·
1832 4029 1912 4084 διό
1944 4047 2088 4101 φημι
2108 4047 2122 4061 ·
2168 4050 2186 4082 ι
2228 4033 2339 4086 Καὶ
2365 4032 2520 4104 χείλη
2561 4033 2935 4102 ἀγαλλιάσεως
2961 4035 3165 4088 αἰνέσει
3226 4034 3288 4088 τὸ
3319 4034 3491 4106 στόμα
3525 4050 3628 4104 μου
3671 4049 3686 4065 ·

2215 2019 2233 2050 ‹
2255 1999 2524 2071 Βούλομαι
2554 2000 2680 2064 τοὺς
2698 1999 2896 2071 ἄνδρας
2911 1997 3326 2070 Δπροσεύχεσθαι
3355 1997 3676 2068 ἐπαίροντας
3697 1997 3811 2050 όσί-

2208 2109 2300 2154 ους
2329 2093 2516 2161 χεῖρας
2542 2089 2711 2161 χωρὶς
2743 2090 2911 2160 ὀργῆς
2930 2089 3024 2142 καὶ
3054 2087 3437 2159 διαλογισμῶν.
3481 2109 3498 2140 ι
3538 2087 3724 2150 Οὕτως
3756 2088 3813 2140 δὲ

2210 2182 2451 2253 τάχείλη
2485 2199 2584 2253 μου
2613 2182 2706 2235 καὶ
2737 2183 2792 2234 αἱ
2814 2183 2994 2251 χεῖρες
3036 2180 3492 2252 ἀφορισθήσονταί
3514 2197 3618 2238 σοι.
3649 2181 3724 2243 ὼς
3747 2180 3814 2232 τά

2215 2274 2315 2345 μὲν
2356 2274 2509 2345 χείλη
2553 2273 2900 2344 θυμιάματος
2928 2272 3161 2336 εὐώδους
3189 2273 3248 2326 τὸ
3278 2272 3450 2344 μηθὲν
3502 2273 3814 2345 διαφέρειν,

2213 2367 2308 2430 τὰς
2336 2367 2395 2419 δέ
2428 2368 2621 2438 χεῖρας
2653 2366 2847 2429 Θυσίας
2892 2364 3150 2435 ἐνεργοῦς
3187 2365 3282 2418 καὶ
3309 2364 3572 2435 ἀληθινῆς
3605 2364 3679 2435 μὴ
3708 2364 3833 2417 λείβ-

2214 2460 2446 2517 πεσθαι’
2501 2459 2577 2523 ὡς
2616 2461 2792 2512 εἰπεῖν
2849 2475 2917 2529 με
2972 2458 3246 2529 εὐκαίρως
3281 2457 3409 2528 περὶ
3447 2458 3544 2526 μὲν
3571 2456 3686 2509 τῶν
3713 2473 3819 2526 χει-

2213 2553 2354 2607 λέων
2387 2569 2494 2623 μου
2523 2551 2604 2618 τὸ,
2638 2571 2656 2599 ί
2697 2551 2987 2622 Γενηθήτω
3012 2552 3046 2622 ἡ
3081 2552 3356 2623 προσευχὴ
3405 2567 3506 2620 μου
3544 2549 3619 2612 ὡς
3653 2548 3825 2620 θυμί-.

2216 2665 2332 2718 αμα
2377 2645 2610 2698 ἐνώπιόν
2670 2663 2797 2698 σουο
2859 2665 2878 2696 ι
2914 2646 3042 2716 περὶ
3083 2644 3138 2697 δὲ
3167 2644 3276 2697 τῶν
3323 2642 3571 2715 πράξεών
3603 2660 3704 2714 μου
3731 2644 3818 2705 τὸ,

2222 2755 2240 2788 ι
2275 2737 2548 2808 Ἔπαρσις
2589 2735 2703 2788 τῶν
2734 2735 2934 2806 χειρῶν
2971 2752 3073 2806 μου
3113 2735 3274 2788 θυσία
3306 2735 3586 2806 ἐσπερινή.
3653 2754 3673 2788 ι
3708 2735 3820 2804 Kr,

2217 2831 2255 2898 ἡ
2288 2828 2387 2899 μὲν
2421 2827 2560 2900 σὰρξ
2603 2831 2699 2884 καὶ
2739 2829 2798 2883 τὸ
2835 2830 2994 2901 σῶμα
3028 2828 3204 2893 οὕτως
3228 2829 3620 2898 ἀνατεθήσεται
3650 2832 3714 2900 τῇ
3749 2832 3828 2899 σῇ-
3899 2811 3904 2814 ’

2217 2919 2547 2992 λειτουργίᾳ·
2565 2923 2597 2992 ἡ
2617 2922 2672 2975 δὲ
2697 2920 2843 2993 ψυχή
2871 2939 2972 2993 μου
3003 2921 3246 2986 πλείονος
3271 2921 3484 2993 μεθέξει
3505 2922 3831 2992 δυνάμεως-ο.

2217 3011 2298 3065 διὸ
2329 3013 2421 3065 καὶ
2453 3013 2582 3085 περὶ
2631 3015 2802 3085 αὐτῆς
2833 3031 2976 3084 φημι
2996 3032 3010 3046 ³
3066 3033 3083 3064 ι
3131 3014 3275 3067 Ὠσεὶ
3319 3015 3541 3078 στέατος
3575 3015 3669 3067 καί¹
3698 3014 3819 3066 πιό-

2221 3121 2384 3176 τητος
2426 3105 2770 3177 ἐμπλησθείη
2802 3108 2834 3177 ἡ
2862 3106 3005 3176 ψυχή
3045 3125 3166 3176 μου.
3205 3126 3238 3159 »ι
3259 3107 3454 3160 Οὐκέτι
3483 3106 3591 3178 γὰρ
3621 3106 3841 3176 ὁμοίως-

2218 3198 2296 3269 τῷ
2326 3199 2541 3270 σώματι
2577 3203 2672 3255 καὶ
2723 3203 2757 3272 ἡ
2794 3201 2940 3272 ψυχὴ
2985 3200 3222 3271 χείλεσιν
3267 3201 3390 3253 οὐδέ
3444 3201 3657 3270 χερσὶν,
3700 3198 3836 3258 οὐδὲ¹

2220 3292 2363 3348 κατά
2389 3309 2443 3344 τι
2481 3291 2647 3374 μέρος
2674 3292 2706 3362 ἢ
2745 3293 2907 3364 μέλος
2936 3295 3144 3365 ἕτερον,
3179 3293 3273 3364 ὅλη
3303 3291 3358 3346 δέ
3386 3291 3522 3361 αὕτη
3555 3289 3677 3344 καθ’
3699 3291 3823 3342 ἑαυ-

2216 3386 2314 3458 τὴν
2370 3387 2512 3458 ὑπὲρ
2555 3389 2734 3440 πᾶσαν
2781 3387 3073 3441 ὁλόκαυτον
3139 3386 3355 3451 Θυσίαν,
3394 3385 3490 3436 καὶ
3541 3383 3680 3454 ὑπὲρ
3716 3383 3841 3435 πᾶν.

2221 3480 2360 3545 ζῶον
2401 3481 2671 3552 εὐτραφὲς
2708 3481 2964 3551 πιότητος
2995 3481 3105 3534 καὶ·
3148 3480 3372 3542 στέατος
3405 3477 3595 3547 γέμον,
3623 3477 3704 3529 σοὶ
3745 3475 3836 3546 τῷι

2221 3573 2340 3643 Θεῷ
2362 3573 2879 3644 προσενεχθήσεται,
2904 3573 3104 3644 μόσχου
3138 3573 3240 3626 καὶ·
3258 3571 3484 3642 ταύρου,
3510 3571 3603 3624 καὶ
3626 3569 3838 3632 παντὸς

2223 3663 2421 3732 ἀλόγου
2452 3662 2590 3727 ξὼου
2620 3663 2929 3734 τιμιωτέρα
2980 3661 3133 3734 παρά
3188 3663 3271 3715 σο“ι
3321 3659 3699 3731 λελογισμένη.
3735 3659 3840 3712 Διὸ·

2225 3757 2320 3808 καὶ
2362 3756 2567 3827 ταύτην
2605 3772 2687 3808 σοι
2724 3756 2984 3826 πιοτάτην
3020 3756 3114 3808 καί
3171 3772 3255 3807 σοι
3298 3754 3576 3824 προσφιλῆ
3611 3753 3825 3814 θυσίαν,

2226 3846 2372 3915 λέγω
2395 3847 2454 3900 δέ
2494 3848 2592 3918 τὴν
2626 3846 2870 3919 ἐμαυτοῦ
2903 3847 3102 3917 ψυχὴν,
3137 3847 3412 3916 ἀναθήσω.
3457 3846 3579 3900 Ἐπὶ
3618 3843 3828 3908 τούτοις

2227 3956 2288 3992 τε
2325 3939 2558 4012 χάριτας
2588 3940 2869 4011 ὁμολογῶν
2894 3941 3000 4011 ὅλῳ
3025 3940 3101 4011 τῷ
3130 3941 3359 4010 στόματι
3387 3941 3478 3993 καὶ
3503 3940 3686 4002 αὐτοῖς
3710 3937 3844 4009 χεί-.

3739 4052 3758 4082 ι
3793 4034 3848 4105 q-

531 4124 674 4179 κατά
719 4126 810 4178 τὸν
865 4125 1190 4196 Σύμμαχον·
1229 4144 1247 4177 ι
1303 4126 1412 4179 Καὶ
1455 4125 1544 4179 διὰ
1590 4125 1813 4195 χειλέων
1864 4127 2127 4197 εὐφήμων
2169 4129 2404 4201 ὑμνήσει
2433 4129 2494 4183 τὸ
2529 4130 2704 4200 στόμα
2733 4147 2856 4200 μου.
2891 4149 2909 4182 ι

603 4238 773 4294 Vens.
831 4241 944 4294 7-9.
985 4259 1003 4293 ι
1045 4239 1102 4294 Si
1150 4255 1361 4296 memor
1415 4241 1492 4295 fui
1542 4243 1620 4296 tui
1663 4259 1827 4314 super
1889 4251 2122 4299 stratum

533 4349 742 4397 meum,
774 4334 830 4387 in
887 4335 1175 4390 matutinis
1223 4336 1531 4390 meditabar
1579 4337 1634 4390 in
1682 4345 1760 4401 te,
1784 4337 1914 4407 quia
1966 4336 2123 4393 fuisti

534 4422 755 4491 adjutor
795 4437 970 4476 meus.
1013 4421 1074 4476 Et
1107 4423 1160 4476 in
1195 4424 1504 4479 velamento
1536 4425 1748 4481 alarum
1777 4436 1994 4480 tuarum
2029 4442 2125 4481 exv

2302 4263 2321 4296 ι
2357 4246 2419 4298 Εἰ
2449 4247 2818 4319 ἐμνημόνευον
2869 4261 2962 4297 σου
3009 4242 3102 4294 ἐπὶ
3145 4242 3246 4312 τῆς
3281 4240 3571 4313 στρωμνῆς
3609 4255 3732 4309 μου,
3771 4239 3833 4291 ἐν

2225 4339 2339 4399 τοῖς
2383 4336 2602 4408 δρθροις
2640 4335 2916 4407 ἐμελέτων
2951 4335 3031 4396 εἰς
3085 4331 3166 4395 σὲ,
3195 4333 3278 4385 ὃτι
3326 4329 3594 4402 ἐγενήθης
3637 4327 3830 4399 βοηθός

2230 4446 2354 4499 μου.
2391 4429 2501 4480 Καὶ
2545 4429 2604 4481 ἐν
2651 4430 2717 4498 τῇ
2771 4426 2953 4498 σκέπῃ
2985 4423 3093 4477 τῶν
3120 4422 3408 4494 πτερύγων
3440 4438 3533 4474 σου
3573 4417 3846 4488 ἀγαλ)ιά-.

535 4513 776 4578 sultabo,
815 4512 1048 4566 adhaesit
1083 4513 1266 4568 anima
1316 4529 1434 4568 mea
1482 4524 1608 4584 post
1634 4523 1707 4582 te,
1757 4533 1843 4572 me
1879 4517 2116 4588 suscepit

2233 4536 2415 4590 σομαι,
2447 4519 2712 4590 ἐκολλήθη
2756 4521 2789 4590 ἡ
2828 4518 2974 4588 ψυχή
3010 4534 3112 4588 μου
3146 4516 3322 4569 ὀπίσω
3356 4532 3472 4578 σου,
3501 4511 3636 4584 ἐμοῦ
3661 4510 3718 4564 δέ
3746 4511 3832 4563 ἀν-

536 4606 758 4658 dextcra
801 4610 916 4657 tua.
959 4621 977 4652 ›
1015 4602 1152 4657 Cum
1197 4605 1254 4658 in
1308 4605 1528 4660 deserto
1569 4605 1771 4661 Iudaeae
1816 4615 2127 4661 versaretur

537 4695 877 4752 admirabilis
919 4697 1009 4752 ille
1041 4695 1231 4759 David,
1268 4713 1378 4751 non
1414 4698 1674 4752 animalia
1715 4699 2126 4755 immolaturmn

537 4804 618 4853 se,
649 4803 828 4858 neque
851 4789 1141 4843 brutorum
1176 4805 1461 4859 pecorum,
1507 4791 1604 4846 sed
1648 4801 1988 4850 memoratas
2031 4809 2127 4849 su-

538 4877 725 4948 perius
750 4878 1069 4940 verborum,
1102 4893 1330 4948 operum
1360 4887 1416 4934 et
1446 4879 1620 4950 ipsius
1654 4882 1853 4938 anima)
1888 4881 2124 4949 hostias,

537 4971 845 5039 pollicetur.
886 4969 1002 5023 Sub
1034 4969 1150 5024 haec
1187 4978 1369 5024 autem
1401 4987 1509 5040 qua
1539 4975 1929 5042 temperantia,
1960 4989 2136 5046 quam.

538 5065 778 5134 perfecta
827 5065 1079 5119 castitate
1133 5063 1394 5133 praaditus
1439 5072 1627 5129 esset,
1685 5065 1794 5122 Deo
1836 5066 2127 5123 declarat:

501 5197 505 5207 .
535 5172 707 5228 quare
736 5157 848 5211 ait:
877 5176 896 5208 ‹
926 5156 981 5210 Si
1012 5171 1222 5210 memor
1253 5155 1330 5209 fui
1354 5157 1433 5210 tui
1470 5173 1635 5228 super
1667 5165 1899 5212 stratum
1924 5175 2128 5224 meum,

538 5249 591 5301 in
661 5249 952 5303 matutinis
1010 5247 1319 5303 meditabar
1369 5247 1425 5302 in
1479 5255 1562 5314 te;
1604 5268 1622 5300 ι
1662 5249 1779 5305 sive
1824 5251 2134 5306 secundum

540 5338 972 5410 Symmachum,
1033 5359 1051 5391 ι
1107 5339 1451 5397 Recordatus
1522 5342 1601 5395 tui
1657 5358 1824 5412 super
1896 5350 2130 5399 stratum

541 5447 743 5496 meum,
781 5445 877 5500 per
908 5431 1152 5501 singulas
1181 5431 1466 5487 custodias
1506 5432 1812 5489 meditabar
1849 5442 1922 5492 te.
1965 5455 1984 5487 ι
2017 5435 2127 5491 Ne-

541 5539 647 5591 que
671 5521 817 5597 enim
857 5522 966 5576 alio
1002 5523 1162 5575 modo
1190 5531 1456 5592 poteram,
1486 5523 1666 5595 inquit
1687 5525 1797 5589 ,_ad
1835 5533 1887 5580 te
1913 5525 1981 5581 de
2006 5526 2130 5582 luce

544 5613 794 5682 vigilare,
826 5628 1001 5682 neque
1026 5614 1299 5682 precando
1322 5615 1527 5681 dicere,
1561 5635 1579 5667 ι
1614 5615 1758 5672 Deus
1786 5617 1928 5673 Deus
1953 5634 2128 5684 meus,

547 5707 612 5762 ad
645 5715 697 5761 te
731 5705 798 5758 de
827 5706 946 5761 luce
975 5707 1159 5778 vigilo,
1201 5728 1219 5761 ι
1249 5708 1355 5764 nisi
1393 5724 1590 5779 parum
1640 5717 1874 5768 stratum
1903 5709 2125 5770 habuis-

617 5858 663 5891 “'
704 5857 905 5918 lTim.
935 5873 996 5923 ιι,
1036 5858 1068 5913 8
1166 5860 1207 5890 ⁸⁷
1252 5858 1393 5917 Psal.
1433 5877 1566 5930 ext,
1605 5862 1656 5918 2.
1743 5865 1785 5895 ⁵⁸
1827 5865 1956 5920 ibid.

2231 4608 2490 4662 τελάϐετο
2537 4611 2569 4680 ὴ
2613 4609 2764 4676 δεξιὰ
2807 4627 2923 4664 σου.
2965 4611 3052 4663 Ἐν
3078 4612 3146 4680 τῇ
3182 4609 3374 4678 ἐρήμῳ
3416 4605 3516 4675 τῆς
3571 4599 3830 4662 Ἰουδαίας

2231 4699 2523 4772 διατρίϐων
2549 4703 2578 4754 ό
2605 4699 2909 4772 θαυμάσιος
2941 4700 3125 4765 Δαυῖδ,
3153 4699 3225 4760 οὐ,
3243 4698 3357 4763 ζῶα
3386 4697 3534 4749 θύειν
3562 4691 3831 4761 ἐπαγγέλ-

2231 4791 2402 4856 λεται,
2427 4792 2548 4845 οὐδέ
2579 4792 2678 4857 τὰς
2699 4794 2759 4860 ἐξ
2791 4794 3003 4862 ἀλόγων
3039 4793 3374 4866 θρεμμάτων
3402 4790 3612 4853 θυσίας,
3643 4786 3744 4852 τὰς
3771 4786 3853 4840 δὲτ-

2233 4883 2624 4956 προλεχθείσας
2672 4885 2762 4940 διά
2806 4886 3001 4956 λόγων.
3031 4886 3128 4946 καὶ.
3186 4884 3465 4956 πράξεων,
3498 4883 3593 4936 καὶ
3649 4877 3832 4952 ψυχῆς

2237 4978 2426 5047 αὐτῆς.
2467 4975 2576 5030 Εἶτ’
2602 4979 2696 5032 ἐπὶ
2723 4978 2935 5042 τούτοις
2962 4977 3040 5049 τῷ
3065 4977 3184 5048 Θεῷ
3216 4977 3489 5031 δείκνυσιν
3525 4975 3672 5036 ὅπως
3705 4970 3852 5025 ἀνέο-

2239 5083 2388 5120 κειτο
2440 5068 2781 5141 σωφροσύνῃ
2807 5069 2902 5127 καὶ
2951 5067 3210 5123 παντελεῖ
3252 5067 3472 5137 ἁγνεία*
3509 5063 3591 5117 διό
3631 5076 3830 5134 φησιν·

2243 5175 2262 5209 ι
2309 5159 2372 5212 Et
2416 5160 2788 5232 ἐμνημόνευόν
2825 5177 2919 5213 σου
2969 5161 3079 5213 ἐπὶ-
3112 5161 3212 5231 τῆς
3263 5159 3555 5230 στρωμνῆς
3621 5172 3745 5227 μου,
3775 5156 3853 5206 ἐν.

2237 5255 2350 5315 τοῖς
2376 5252 2472 5324 6ρο
2483 5270 2593 5324 ροις
2617 5254 2886 5325 ἐμελέτων
2909 5256 2991 5319 εἰς
3011 5255 3092 5308 σέ·
3117 5273 3134 5306 ι
3163 5254 3196 5326 ἢ
3228 5252 3479 5307 κατὰ-τὸν
3505 5249 3830 5320 Σύμμαχονο

2243 5362 2262 5395 ι
2311 5345 2886 5419 Ἀναμιμνησκόμενός
2919 5367 3012 5402 σου
3055 5349 3148 5402 ἐπὶ
3189 5347 3311 5417 τῆς»
3349 5344 3643 5415 στρωμνῆς
3701 5355 3831 5410 μου,

2237 5435 2357 5492 καθ’
2394 5436 2632 5508 ἑκάστην
2653 5439 2897 5511 φυλακὴν
2927 5439 3199 5511 ἐμελέτων
3227 5455 3306 5491 σε.
3337 5455 3356 5488 ι
3385 5437 3460 5488 Οὐ
3491 5433 3603 5506 γάρ
3636 5429 3831 5490 ἄλλως,

2239 5529 2425 5598 φησιν,
2467 5524 2579 5594 οἶός
2620 5548 2679 5584 τε
2721 5533 2869 5604 ἥμην
2897 5533 3035 5606 πρὸς
3086 5532 3148 5585 σὲ
3182 5529 3479 5604 ὀρθρίζειν,
3506 5525 3628 5581 οὐδέ
3655 5522 3851 5592 λέγειν.

2237 5623 2559 5694 εὐχόμενοςτ
2593 5642 2610 5675 ι
2645 5626 2702 5678 '0
2734 5625 2868 5691 Θεὸς
2891 5629 2920 5680 ό
2948 5627 3081 5691 Θεός
3118 5643 3243 5697 μου,
3268 5623 3406 5694 πρὸς
3430 5621 3489 5674 σὲ
3516 5615 3776 5692 ὀρθρίξων
3811 5633 3830 5667 ³

2239 5717 2285 5768 εί
2322 5716 2395 5788 μὴ
2432 5715 2676 5792 καθαρὰν
2716 5719 3032 5791 ἐκεκτήμην
3088 5719 3186 5791 τὴν
3241 5714 3566 5788 στρωμνήν.
3609 5705 3838 5781 Ἐγινώι-
