4142 6388
354 370 470 428 609

1534 361 2048 420 COMMENTARIA
2091 361 2154 416 IN
2191 361 2536 419 PSALMOS.
3550 373 3658 429 {nlo

365 505 528 543 σκετο
581 487 641 540 δέ
693 502 794 557 μου
846 486 880 556 ἡ
933 483 1246 556 καθαρότης
1285 484 1386 538 οῦκ
1418 483 1640 538 ἄλλοθεν
1667 485 1702 556 ἢ
1731 485 1842 538 ἀπὸ
1866 483 1959 537 τοῦ

2075 498 2203 540 sem.
2238 481 2476 555 Mearque
2508 483 2767 554 puritatis
2799 500 2910 542 non
2945 485 3094 542 aliud
3127 485 3320 542 aderat
3363 503 3658 560 argumen-

365 580 508 636 κατά
534 579 626 633 τὸν
658 578 856 650 ὄρθρον
886 577 954 631 τὰ
982 576 1051 630 σὰ
1087 577 1317 649 μελετᾷν
1345 577 1520 647 λόγια.
1552 576 1724 648 Δῆλον
1752 577 1862 649 γὰρ
1893 572 1962 647 ἦν

365 675 432 727 ἐκ
462 671 654 725 τούτου
687 669 809 742 μηδ’
837 669 967 724 ἄλλο
998 688 1051 724 τι
1081 669 1342 742 πράττειν
1375 688 1444 742 με
1472 670 1571 735 τὰς
1592 669 1813 732 νύκτας,
1843 669 1877 740 ἢ
1903 669 1962 722 σὲ

363 765 457 818 τὸν
481 763 615 818 Θεὸν
647 763 756 836 πρὸ
792 762 1085 835 ὀφθαλμῶν
1123 763 1288 835 ἔχειν.
1326 763 1484 817 Κατὰ
1515 763 1572 817 δέ
1609 763 1701 816 τὸν
1736 762 1964 834 Σύμμα-

365 874 460 928 χον
491 853 740 923 λέγοντα,
770 872 788 903 ι
816 853 937 907 καθ’
966 853 1204 926 ἑκάστην
1237 853 1484 925 φυλακὴν
1508 852 1779 924 ἐμελέτων
1819 869 1898 916 σε,
1939 872 1957 905 ι

365 947 463 1000 καὶ
492 945 635 999 κατά
653 944 747 998 τὸν
785 944 1018 998 Ἀκύλαν
1050 945 1320 1016 φήσαντα,
1352 963 1370 995 ι
1408 946 1466 998 ἐν
1501 943 1772 1014 φυλακαῖς
1797 943 1963 1013 φθέγ-

365 1050 534 1106 γομαι
555 1033 615 1085 ἐν
650 1033 754 1096 σοὶ,
800 1052 818 1084 ι
856 1032 1052 1104 δηλοῦν
1104 1033 1248 1087 ἔοικε
1294 1033 1394 1098 τὰς
1438 1034 1768 1107 νυκτερινὰς
1813 1033 1964 1107 ὧρας

365 1121 657 1177 ἀσκεῖσθαι
685 1124 806 1186 ταῖς
849 1122 959 1176 τῶν
1002 1121 1162 1176 θείων
1202 1123 1432 1195 Γραφῶν
1467 1124 1740 1195 μελέταις.
1765 1125 1964 1196 Διῄρη-

365 1232 456 1267 ται
511 1215 612 1285 μὲν
643 1214 754 1286 γὰρ
799 1217 828 1269 6
868 1217 977 1279 πᾶς
1020 1216 1122 1286 τῆς
1165 1217 1361 1281 νυκτὸς
1386 1217 1576 1289 χρόνος
1607 1219 1686 1282 εἰς
1717 1218 1965 1288 φυλακὰς

366 1306 656 1378 διαφόρους
673 1325 686 1338 ·
718 1306 860 1360 οῦτω
887 1307 1013 1376 γοῦν
1048 1307 1263 1380 εἴρηται
1283 1311 1340 1361 ὲν
1365 1310 1706 1379 εὐαγγελίοις
1729 1312 1965 1384 τετάρτῃ

369 1400 586 1471 φυλακῇ
631 1399 908 1471 ἐληλυθὼς
932 1403 961 1454 6
995 1400 1185 1472 Σωτὴρ
1219 1402 1356 1473 πρὸς
1394 1403 1522 1466 τοὺς
1559 1402 1827 1473 μαθητάς.
1856 1405 1965 1457 Καὶ

367 1492 604 1564 ἀλλαχοῦ
639 1493 696 1546 δὲ
726 1493 888 1556 αὐτός
915 1510 1082 1564 φησι·
1124 1515 1141 1542 ι
1181 1495 1530 1565 Γρηγορεῖτε,
1550 1496 1632 1548 ὅτι
1659 1497 1759 1548 οῦκ
1787 1495 1965 1549 οἴδατε

368 1587 502 1659 ποία
547 1588 760 1659 φυλακῇ
791 1590 818 1641 ὀ
850 1587 1059 1659 Κύριος
1111 1587 1266 1658 ὑμῶν
1311 1587 1530 1660 ἔρχεται
1555 1605 1566 1618 ⁸
1599 1607 1619 1640 ι
1653 1589 1748 1642 καὶ
1779 1589 1961 1642 πάλινο

375 1701 396 1732 ι
420 1682 627 1734 Ἐκεῖνο
656 1681 712 1734 δέ
741 1678 1063 1749 γινώσκετε,
1098 1679 1201 1742 ὅτι,
1228 1681 1278 1732 εἰ
1323 1679 1438 1751 ᾔδει
1489 1681 1518 1732 ὀ
1576 1681 1966 1752 οἰκοδεσπότης

372 1771 746 1844 ποίᾳ,φυλακῇ
775 1774 803 1825 6
837 1771 1084 1843 κλέπτης
1113 1771 1353 1844 ἔρχεται.
1388 1792 1406 1824 ι
1446 1772 1502 1825 Ὀ
1538 1771 1595 1825 δέ
1623 1790 1686 1842 γε
1714 1773 1966 1846 θεοφιλὴς

2071 586 2209 641 tum,
2241 593 2406 648 quam
2449 578 2595 648 quod
2649 578 2896 636 diluculo
2937 582 3156 651 eloquia
3209 578 3511 639 meditarer
3542 594 3656 640 tua.

2071 667 2209 723 llinc
2234 667 2380 722 enim
2410 669 2585 738 palam
2621 677 2764 733 erat,
2797 685 2885 725 me
2914 671 3064 725 aliud
3097 672 3235 726 nihil
3271 680 3438 729 noctu
3471 689 3658 746 agerc,

2070 776 2235 831 quam
2266 769 2320 816 te
2353 760 2521 816 Deum
2553 776 2666 832 pra:
2699 764 2875 818 oculis
2909 763 3137 820 habere.
3160 765 3474 822 Secundum
3500 768 3662 839 Sym-

2070 853 2328 908 machum
2372 862 2579 922 autem,
2611 854 2705 925 qui
2743 856 2824 913 sic
2858 857 3056 921 habet,
3091 875 3110 909 ε
3151 874 3251 929 per
3279 861 3527 932 singulas
3557 877 3657 916 cu-

2070 945 2280 1001 stodias
2325 945 2630 1001 meditabar
2655 954 2732 1008 te.
2775 967 2796 1001 »
2845 955 2901 1004 et
2928 949 3232 1004 secundum
3280 951 3534 1023 Aquilam
3575 953 3661 1006 di-

2073 1026 2313 1104 centem,
2349 1057 2369 1090 ς
2410 1041 2466 1094 in
2526 1039 2794 1097 custodiis
2859 1040 3056 1110 loquor
3101 1043 3154 1098 in
3210 1051 3293 1110 te,
3334 1065 3354 1098 ›
3413 1045 3658 1100 indicare

2070 1129 2362 1185 videbatur
2391 1146 2452 1186 sc
2482 1134 2777 1187 nocturnis
2809 1132 2963 1188 horis
2986 1133 3298 1189 divinarum
3340 1133 3649 1206 Scriptura~

2071 1237 2194 1276 rum
2263 1221 2608 1277 meditationi
2660 1239 2881 1280 vacare.
2931 1224 3124 1281 Noctis
3177 1227 3381 1297 quippe
3442 1236 3659 1299 tempus

2071 1321 2246 1368 totum
2297 1315 2354 1369 in
2392 1316 2571 1371 varias
2608 1317 2892 1374 custodias
2927 1318 3285 1375 distributum
3315 1329 3441 1376 cst:
3477 1321 3557 1376 sic
3605 1324 3659 1376 in

2072 1405 2367 1478 Evangelio
2399 1407 2656 1462 Salvator
2684 1417 2882 1480 quarta
2914 1413 3095 1464 noctis
3119 1413 3367 1467 custodia
3403 1413 3469 1467 ad
3500 1413 3664 1468 disci-

2074 1499 2233 1568 pulos
2269 1500 2486 1555 venisse
2526 1501 2748 1557 dicitur.
2796 1502 2942 1558 Alibi
2982 1518 3114 1558 vero
3145 1503 3264 1573 ipse
3283 1505 3419 1559 dicit
3457 1524 3470 1559 :
3507 1524 3526 1556 ‹
3563 1504 3660 1560 Vi-

2071 1591 2260 1661 gilate.
2297 1594 2426 1663 quia
2453 1593 2678 1649 nescitis
2721 1610 2827 1664 qua
2866 1595 3116 1650 custodia
3164 1595 3430 1652 Dominus
3478 1607 3663 1653 vester

2073 1683 2256 1738 veniet
2276 1684 2353 1751 “9;
2385 1703 2404 1735 ι
2463 1700 2527 1740 ac
2581 1703 2805 1742 rursum
2843 1705 2858 1741 :
2901 1707 2919 1738 ι
2960 1686 3098 1742 l-l'lud
3169 1696 3352 1743 autem
3417 1690 3614 1745 scitote
3645 1733 3660 1755 ,

2073 1774 2201 1843 quia
2233 1776 2279 1828 si
2319 1775 2485 1830 sciret
2531 1777 2930 1846 paterfamilias
2959 1794 3064 1848 qua
3088 1779 3341 1834 custodia
3391 1779 3482 1834 l'ur
3531 1797 3663 1835 ven-

373 1866 468 1920 καὶ
497 1865 574 1937 τῷ
594 1864 716 1936 Θεῷ
748 1865 1138 1935 ἀνακείμενος,
1168 1865 1722 1936 ἀναμιμνησκόμενος
1754 1867 1846 1919 ἐπὶ
1873 1867 1972 1936 τῆς

2075 1873 2235 1922 turus
2274 1869 2506 1922 esset“.
2551 1887 2570 1920 ι
2612 1867 2710 1922 Vir
2755 1884 2923 1938 porro
2975 1871 3066 1926 ille
3116 1871 3409 1942 religiosus
3453 1881 3507 1928 ct
3553 1872 3663 1930 Deo

371 1959 570 2014 ἐαυτοῦ
614 1958 911 2030 στρωμνῆς
962 1957 1056 2011 τοῦ
1091 1955 1249 2021 Θεοῦ,
1284 1958 1512 2011 ἄσπιλόν
1553 1976 1614 2011 τε
1657 1959 1825 2031 αὐτὴν
1876 1961 1971 2014 καὶ

365 2052 566 2124 -ἁγνὴν,
603 2053 696 2106 καὶ
719 2052 984 2123 ἀμίαντον
1025 2051 1330 2122 φυλάττων,
1367 2051 1491 2104 καθ’
1530 2051 1770 2124 ἑκάστην
1802 2053 1973 2122 φυλα-

367 2147 477 2218 κὴν
520 2146 622 2216 τῆς
653 2145 848 2208 νυκτὸς
893 2144 1288 2214 ἀνιστάμενος,
1326 2145 1515 2214 εὐχαῖς
1562 2148 1841 2218 προσεῖχε,
1879 2149 1972 2201 καὶ

370 2243 486 2315 τοῖς
505 2237 672 2302 θείοις
706 2239 988 2308 ἐνησκεῖτο
1017 2236 1337 2308 μαθήμασιν
1357 2253 1370 2267 ο
1401 2237 1428 2289 ὃ
1453 2237 1517 2309 δή
1546 2236 1811 2290 διδάσκων
1831 2240 1972 2293 κατὰ

371 2332 463 2388 τὸν
520 2331 816 2402 Σύμμαχον
875 2327 1061 2396 ἔλεγεν
1082 2342 1094 2355 '
1152 2346 1170 2377 ι
1238 2326 1819 2398 ’Λναμιμνησκόμενός
1877 2346 1970 2382 σου

372 2424 467 2479 ἐπὶ
517 2423 620 2494 τῆς
687 2421 978 2493 στρωμνῆς
1035 2436 1160 2491 μου,
1241 2418 1363 2472 καθ’
1425 2418 1665 2490 ἑκάστην
1724 2420 1970 2491 φυλακὴν

371 2517 668 2590 ἐμελέτων.
703 2535 723 2567 ι
751 2515 846 2578 Εἰς
866 2515 923 2567 σὲ
949 2512 1056 2585 γὰρ
1088 2512 1251 2566 αὑτὸν
1281 2511 1556 2583 ἐμελέτων
1583 2512 1674 2567 τὸν
1701 2512 1834 2566 Θεὸν
1851 2513 1973 2568 ἀντὶ

372 2609 561 2680 ,πάσης
608 2607 793 2679 βίϐλου
843 2605 935 2659 καὶ
981 2606 1222 2679 γραφῆς,
1257 2605 1370 2660 ἄνω
1435 2605 1572 2677 πρὸς
1626 2605 1686 2659 σὲ
1730 2604 1821 2659 τὸν
1849 2606 1973 2660 νοῦν

372 2700 690 2772 τεταμένος,
726 2698 966 2770 μελετῶν
1003 2715 1062 2750 τε
1095 2698 1189 2751 καὶ
1234 2698 1792 2770 ἀναμιμνησκόμενος
1832 2700 1973 2752 ὂσων

374 2792 616 2864 ἠξιώθην
646 2793 750 2846 ὑπὸ
790 2791 884 2845 σοῦ
935 2789 1289 2864 εὐεργεσιῶν,
1330 2790 1426 2843 καὶ
1474 2791 1551 2854 ὡς
1607 2791 1837 2861 γέγονάς
1870 2808 1972 2862 μου

371 2885 607 2940 πάντοτε
634 2885 847 2956 βοηθὸς,
884 2885 979 2938 καὶ
1005 2885 1071 2937 ἐκ
1098 2883 1308 2955 μυρίων
1338 2899 1406 2954 με
1437 2883 1760 2954 πειρασμῶν
1788 2883 1977 2938 διέσω-

378 2995 497 3043 σας,
533 2979 628 3032 καὶ
661 2979 736 3042 ὡς
769 2977 1054 3040 ἐκσπάσας
1103 2993 1171 3047 με
1216 2977 1337 3039 ταῖς
1372 2974 1570 3029 σαυτοῦ
1603 2975 1852 3048 πτέρυξι,
1880 2977 1976 3048 δη-

372 3069 508 3140 λαδὴ
530 3073 650 3133 ταῖς
669 3069 928 3141 δυνάμεσι
954 3069 1051 3140 τῆς
1099 3066 1299 3122 σαυτοῦ
1333 3067 1618 3138 προνοίας’
1651 3067 1809 3122 ἆτινα
1846 3069 1976 3122 ἀνα-

375 3160 800 3232 πεμπαζόμενος
854 3162 921 3266 τεῇ
957 3160 1191 3266 Λμνήμῃ,
1225 3250 1237 3266 ὶ
1259 3159 1450 3266 χαρεὶς.
1505 3157 1883 3266 ἐπληρούμην,
1939 3157 1973 3229 ἢ
2003 3209 2045 3266 C

373 3255 732 3327 ἀνηυφήμουν
763 3271 823 3307 σε
844 3253 937 3307 τὸν
954 3253 1086 3306 Θεὸν
1107 3250 1250 3304 κατὰ
1268 3251 1360 3304 τὸν
1382 3251 1680 3322 Σύμμαχον
1701 3252 1972 3322 φήσαντα,

379 3366 402 3398 ‹
437 3348 534 3400 καὶ
561 3345 897 3418 σκεπόμενος
923 3348 986 3399 ἐν
1017 3347 1138 3408 ταῖς
1178 3343 1406 3416 πτέρυξι
1432 3359 1524 3396 σου
1545 3343 1924 3414 ἀνηυφήμουν.
1951 3363 1969 3393 ι

375 3441 637 3497 Μελετῶν
669 3441 724 3495 δὲ
753 3441 823 3494 τὰ
857 3440 928 3494 σὰ
955 3439 1111 3508 λόγια
1139 3438 1261 3492 καθ’
1297 3437 1536 3508 ἑκάστην
1587 3435 1835 3508 φυλακὴν
1874 3435 1976 3506 τῆς

377 3532 594 3594 νυκτὸς,
627 3529 862 3584 κᾶπειτα
893 3528 1135 3591 ἀκούσας
1174 3526 1269 3580 τοῦ
1301 3527 1578 3598 φήσαντος
1617 3524 1762 3578 θείου
1785 3524 1970 3594 νόμουο

379 3644 401 3676 1
453 3625 659 3680 Ὀπίσω
688 3623 895 3696 Κυρίου
928 3621 1024 3674 τοῦ
1054 3620 1190 3675 Θεοῦ
1227 3638 1322 3674 σου
1355 3619 1620 3692 πορεύσῃ,
1664 3637 1683 3668 ι
1719 3616 1976 3688 καὶπρὸς

375 3718 540 3771 αυτὸν
579 3735 596 3767 ι
657 3715 958 3788 κολληθεὶς,
992 3713 1026 3785 ἢ
1061 3711 1327 3776 διατεθεὶς
1359 3711 1456 3783 τὴν
1486 3709 1664 3782 ψυχὴν
1698 3707 1975 3780 πειθήνιος

377 3811 578 3878 γέγονα
611 3807 689 3880 τῷ
734 3808 905 3880 νόμῳ,
945 3807 1066 3870 ὅλος
1112 3822 1174 3859 τε
1215 3805 1445 3876 εἰχόμην
1477 3802 1571 3856 τοῦ
1625 3801 1972 3874 πράγματος,

379 3903 560 3956 πάντα
600 3918 660 3954 τε
701 3898 1070 3971 ἡγησάμενος,
1127 3896 1331 3968 μᾶλλον
1375 3895 1432 3948 δὲ
1480 3893 1854 3964 ἀποστραφεὶς
1906 3891 1976 3944 τὰ

381 3993 521 4066 μετὰ
562 3993 656 4046 τὸν
703 3993 836 4045 Θεὸν
870 3990 1070 4053 πάντα,
1099 3987 1374 4060 ἀνώτερος
1414 3986 1507 4039 καὶ
1536 3983 1867 4056 ὑψηλότερος
1897 3982 1977 4053 τῷ

380 4086 532 4157 πόθῳ
585 4086 684 4156 τῆς
731 4084 913 4156 ψυχῆς
973 4081 1266 4152 κατέστην,
1327 4080 1424 4133 καὶ
1478 4077 1562 4131 σοὶ
1610 4075 1690 4146 τῷ
1721 4075 1841 4146 Θεῷ
1873 4092 1976 4146 μου

381 4178 682 4250 συνήφθην,
716 4177 791 4241 ὡς
819 4178 992 4229 εἰπεῖν
1026 4175 1101 4247 μὴ
1138 4173 1482 4244 ψευσάμενον
1503 4187 1518 4202 ·
1547 4189 1566 4220 ‹
1612 4167 1909 4241 Ἐκολλήθη
1939 4169 1974 4238 ή

377 4273 526 4344 ψυχή
567 4291 667 4345 μου
695 4271 872 4325 ὀπίσω
905 4287 1022 4323 σου.
1065 4288 1084 4320 ι
1117 4267 1212 4331 Εἰς
1240 4264 1512 4335 τοσαύτην
1536 4263 1594 4316 δὲ
1627 4262 1805 4333 ἤλασα
1843 4278 1979 4332 προ-

381 4365 556 4435 κοπὴν
587 4365 682 4418 καὶ
704 4365 785 4428 είς
807 4363 1062 4416 τοσοῦτον
1086 4358 1320 4431 μέγεθος
1351 4357 1553 4428 ἀρετῆς
1577 4353 1864 4426 προῆλθον,
1879 4353 1978 4406 οὐκ

381 4457 620 4531 ἐμαυτοῦ
645 4457 876 4527 δυνάμει
903 4453 1272 4527 χρησάμενος,
1299 4448 1438 4503 ἀλλὰ
1463 4449 1530 4519 τῇ
1559 4449 1624 4518 σῇ
1652 4445 1941 4516 δεσποτεία
1960 4461 1974 4471 °

2074 1961 2350 2023 addictus,
2381 1959 2473 2015 Dei
2507 1961 2560 2014 in
2595 1969 2768 2016 strato
2810 1976 2913 2016 suo
2947 1963 3294 2025 recordatus.
3336 1964 3659 2019 immacula-

2073 2060 2190 2107 tum
2227 2053 2387 2114 illud,
2432 2062 2646 2107 castum
2673 2063 2727 2108 et
2755 2054 3104 2123 impollutum
3151 2056 3518 2118 custodiebat.
3545 2060 3662 2114 sin-
3716 2035 3720 2044 ἱ

2071 2143 2216 2216 gulis
2245 2143 2428 2198 noctis
2463 2145 2732 2200 custodiis
2757 2146 3106 2216 exsurgebat,
3127 2146 3384 2217 precibus
3417 2149 3660 2202 animum

2072 2234 2417 2298 adhibebat,
2479 2233 2794 2306 divinisque
2849 2235 3163 2306 disciplinis
3231 2238 3658 2293 exercitabatur.

2074 2325 2231 2392 Quod
2287 2327 2374 2382 his
2414 2327 2728 2400 Symmachi
2763 2328 2946 2383 verbis
2989 2329 3293 2383 edocetur:
3329 2349 3347 2380 ι
3385 2327 3662 2386 Recorda-

2072 2427 2166 2474 tus
2203 2420 2280 2475 tui
2312 2435 2480 2491 super
2527 2429 2763 2476 stratum
2797 2435 3000 2484 meum,
3031 2436 3130 2491 per
3176 2422 3420 2493 singulas
3470 2432 3662 2478 custo-

2074 2513 2194 2569 dias
2216 2514 2542 2570 meditabar.
2585 2533 2603 2566 ι
2638 2514 2714 2570 Te
2757 2516 2959 2586 quippe
3006 2514 3174 2570 Deum
3204 2517 3619 2586 contemplabar
3646 2558 3660 2580 ,

2074 2620 2139 2661 ac
2187 2607 2308 2661 vice
2360 2606 2627 2662 librorum
2675 2614 2731 2660 et
2785 2607 3224 2677 scripturarum,
3258 2615 3440 2661 mente
3486 2605 3556 2660 ad
3609 2614 3664 2662 te

2073 2712 2298 2754 sursum
2348 2697 2515 2761 elata,
2549 2697 2880 2765 meditabar,
2926 2697 3252 2754 recordatus
3302 2698 3526 2769 quantis
3573 2715 3662 2755 me

2075 2790 2360 2846 beneﬁciis
2389 2791 2708 2857 ornaveris,
2745 2799 2800 2846 et
2825 2791 2970 2860 quod
3005 2790 3141 2844 mihi
3177 2806 3394 2862 semper
3419 2791 3661 2861 adjutur,

2076 2897 2109 2937 a
2169 2883 2446 2939 sexcentis
2499 2899 2587 2938 me
2629 2884 3030 2939 tentationibus
3085 2883 3382 2954 eripueris,
3447 2884 3662 2955 alisque

2073 2976 2208 3034 tuis.
2241 2974 2502 3030 nimirum
2540 2976 2898 3046 providentiae
2939 2983 3048 3030 tua:
3091 2977 3410 3043 virtutibus,
3449 2980 3662 3034 extule-

2077 3073 2156 3124 ris
2186 3087 2199 3124 :
2237 3084 2358 3138 qua:
2387 3069 2442 3122 in
2481 3067 2805 3124 memoriam
2839 3077 3113 3139 repetens,
3140 3071 3341 3140 gaudio
3369 3071 3622 3141 replebar
3643 3110 3661 3135 ,

2079 3168 2241 3231 teque
2297 3159 2467 3214 Deum
2522 3160 2866 3216 celebrabant
2920 3162 3224 3216 secundum
3267 3161 3656 3233 Symmachum

2079 3251 2173 3320 qui
2215 3250 2293 3306 sic
2317 3249 2502 3313 habet,
2541 3269 2561 3302 ι
2596 3258 2651 3305 et
2679 3257 2958 3320 protectus
2983 3251 3086 3306 alis
3115 3253 3226 3307 tuis
3248 3253 3612 3310 celebrabam.
3639 3273 3658 3304 ο

2078 3341 2310 3412 Eloquia
2363 3357 2495 3396 vero
2543 3351 2636 3396 tua
2686 3357 2785 3412 per
2849 3343 3099 3414 singulas
3143 3345 3327 3400 noctis
3383 3347 3666 3402 custodias

2078 3449 2290 3488 mecum
2336 3441 2623 3504 reputans,
2654 3435 2948 3506 auditaque
2990 3443 3118 3505 post
3159 3437 3274 3491 haac
3323 3436 3513 3491 divina
3545 3439 3665 3503 lege

2077 3542 2199 3596 quae
2226 3526 2308 3581 sic
2345 3526 2528 3590 habet,
2563 3544 2582 3576 ι
2615 3524 2747 3581 Post
2782 3525 3074 3581 Dominum
3125 3525 3295 3582 Deum
3343 3536 3494 3582 tuum
3544 3545 3667 3599 gra-

2076 3620 2285 3682 dieris;
2328 3638 2348 3672 »
2383 3619 2488 3688 ipsi
2540 3619 2786 3684 hmrens,
2827 3619 2930 3688 ipsi
2985 3619 3273 3685 addictus,
3331 3619 3665 3688 morigerum

2077 3721 2164 3762 me
2215 3689 2316 3777 le'gi
2370 3705 2600 3775 praebui,
2643 3706 2860 3778 ipsique
2898 3707 3091 3763 inhresi
3127 3715 3308 3772 totus,
3351 3709 3536 3762 omnia
3569 3726 3668 3779 pro

2078 3798 2252 3854 nihilo
2303 3798 2537 3861 habens,
2591 3797 2702 3853 imo
2754 3814 2888 3854 vero
2935 3801 3121 3853 omnia
3166 3815 3289 3870 qua:
3337 3807 3461 3869 post
3495 3799 3664 3855 Deum

2077 3899 2208 3947 sunt
2256 3901 2576 3956 aversatus,
2611 3906 2677 3946 ex
2708 3891 2880 3946 animi
2919 3891 3196 3947 desiderio
3247 3892 3539 3948 sublimior
3573 3908 3670 3948 ex-

2078 3982 2393 4052 celsiorque
2439 3979 2644 4044 factus,
2687 3980 2784 4036 tibi
2826 3979 2938 4035 Deo
2980 3996 3102 4035 meo
3135 3981 3469 4051 conjunctus
3523 3997 3668 4044 sum,

2079 4083 2139 4129 ut
2163 4089 2290 4128 vere
2324 4072 2513 4128 dicere
2536 4073 2746 4127 valeam
2781 4091 2794 4128 :
2831 4089 2851 4124 ι
2888 4071 3135 4128 Αίιὴαξείι
3169 4073 3352 4129 anima
3383 4086 3503 4126 mea
3545 4081 3670 4142 post

2078 4177 2152 4224 te.
2193 4187 2212 4221 ι
2246 4167 2328 4221 Ad
2361 4175 2576 4222 tantum
2610 4182 2742 4222 vero
2779 4164 3110 4236 proiectum,
3147 4166 3216 4220 ad
3247 4173 3462 4220 tantum
3497 4166 3671 4219 virtu-

2077 4262 2151 4316 tis
2194 4261 2474 4316 cumulum
2507 4260 2753 4330 perveni,
2788 4277 2896 4314 non
2935 4274 3054 4313 mea
3110 4265 3403 4329 potestate,
3447 4257 3544 4312 sed
3574 4266 3673 4312 tuo

2079 4353 2365 4409 dominatu
2400 4370 2414 4404 :
2449 4358 2508 4404 tu
2535 4351 2680 4406 enim
2720 4351 2837 4422 ipse
2869 4349 3253 4408 misericordia
3283 4358 3379 4402 tua
3429 4348 3481 4402 id
3537 4347 3670 4403 mihi

2079 4444 2347 4516 elargitus
2406 4458 2488 4498 es.
2543 4441 2722 4497 Meum
2762 4443 2966 4512 quippe
3012 4457 3143 4512 erga
3175 4448 3228 4496 te
3260 4453 3506 4494 amorem
3548 4452 3670 4492 cer-

383 4529 448 4606 σῦ
473 4550 582 4624 γὰρ
606 4549 768 4613 αὐτὸς
789 4547 868 4618 τῷ
898 4546 976 4618 σῷ
1009 4546 1144 4616 ἐλέῳ
1173 4542 1332 4598 τοῦτό
1371 4559 1461 4612 μοι
1488 4541 1767 4612 ἐδωρήσω.
1801 4535 1972 4608 Ὀρῶν

2083 4550 2220 4593 nens
2252 4544 2678 4608 acceptansque,
2712 4545 2938 4591 extensa
2969 4532 3194 4588 dextera
3230 4540 3324 4587 tua
3366 4546 3453 4585 me
3491 4529 3671 4585 susci-

380 4644 490 4716 γάρ
535 4661 634 4715 μου
668 4642 760 4695 τὸν
792 4640 920 4712 περὶ
950 4640 1008 4692 σὲ
1043 4637 1208 4691 πόθον
1236 4636 1332 4689 καὶ
1363 4633 1767 4704 ἀποδεξάμενος
1790 4629 1974 4691 αὐτὸν,

380 4734 726 4806 κατηξίωσας
769 4732 868 4803 τὴν
914 4729 1109 4784 σαυτοῦ
1141 4729 1320 4796 δεξιὰν
1345 4727 1596 4791 ἐκτείνας
1625 4723 1976 4779 ἐπιλαϐέσθαι

386 4846 488 4900 μου
541 4827 634 4880 καὶ
680 4823 972 4880 ἀνελκῦσαι
1007 4822 1120 4876 ἄνω
1151 4822 1290 4894 πρὸς
1313 4820 1505 4873 ἐαυτὸν
1526 4835 1540 4850 ⁸
1567 4817 1656 4871 διὰ
1677 4817 1838 4871 τοῦτο
1869 4815 1978 4888 γὰρ

379 4919 664 4992 δεδύνηται
698 4917 900 4990 ήψυχή
935 4933 1038 4987 μου
1083 4914 1188 4968 ὑπὸ
1215 4912 1308 4967 σοῦ
1347 4910 1674 4983 βοηθηθεῖσα
1708 4908 1975 4981 κολληθή-

380 5031 471 5068 ναι
511 5013 686 5067 ὀπίσω
713 5029 806 5065 σου
825 5027 839 5040 ·
877 5008 1174 5079 ἐπειδήπερ
1207 5025 1226 5058 ‹
1265 5003 1400 5076 ἐμοῦ
1428 5002 1754 5056 ἀντελάϐετο
1773 5003 1807 5072 ἡ
1825 5000 1977 5066 δεξιά

383 5121 499 5164 σου,
547 5124 565 5154 ι
595 5104 671 5158 Ού
703 5101 812 5175 γὰρ
857 5101 922 5154 ἂν
979 5099 1156 5162 ἄλλως
1203 5095 1540 5166 ἐφικνούμην
1580 5093 1676 5147 τοῦ
1717 5092 1973 5146 τοσούτου

383 5197 570 5266 ὕψους,
619 5197 668 5249 εί
703 5197 778 5268 μὴ
819 5191 1142 5250 ἀντελάϐετό
1180 5208 1282 5261 μου
1314 5192 1348 5261 ή
1379 5187 1530 5253 δεξιά
1574 5205 1690 5240 σου.
1722 5187 1975 5239 Διδάσκει

380 5289 437 5341 δὲ
480 5291 510 5342 6
537 5288 858 5350 ’Δπόστολος
879 5286 998 5349 πῶς
1034 5303 1119 5349 τις
1151 5283 1409 5336 κολλᾶται
1432 5280 1509 5352 τῷ
1534 5280 1748 5352 Κυρίῳ,
1775 5278 1971 5347 λέγων’

388 5398 407 5429 ι
456 5380 515 5434 ’0
548 5379 886 5452 κολλώμενος
909 5378 988 5449 τῷ
1018 5377 1209 5447 Κυρίῳ
1237 5375 1295 5428 ἓν
1321 5373 1542 5444 πνεῦμά
1570 5374 1745 5426 ἐστιν’
1783 5370 1859 5434 ὡς
1881 5369 1976 5424 καὶ

382 5473 412 5524 6
445 5471 785 5544 κολλώμενος
825 5475 895 5544 τῇ
935 5470 1110 5544 πόρνῃ
1142 5468 1200 5521 ἓν
1241 5467 1402 5538 σῶμά
1426 5468 1564 5519 ἐστι.
1618 5484 1635 5516 ο
1681 5463 1874 5532 Λέγων
1919 5461 1977 5514 δὲ

2087 4645 2237 4699 pere,
2267 4643 2600 4699 sursumque
2629 4628 2847 4682 trahere
2876 4625 3133 4696 dignatus
3165 4639 3264 4688 es;
3291 4621 3524 4691 ideoque
3547 4619 3668 4674 ani-

2085 4737 2173 4774 ma
2209 4737 2351 4789 mea,
2383 4731 2436 4776 te
2468 4721 2798 4791 opitulante,
2836 4718 3120 4772 adlimrere
3149 4716 3246 4770 tibi
3279 4714 3459 4785 potuit
3486 4731 3500 4767 :
3529 4726 3670 4780 quo-

2083 4813 2231 4868 niam
2272 4832 2291 4863 ‹
2333 4829 2421 4866 me
2449 4814 2694 4884 suscepit
2721 4811 2946 4866 dextera
2981 4817 3095 4864 tua.
3134 4826 3154 4860 ι
3197 4806 3316 4861 Non
3353 4805 3498 4860 enim
3544 4810 3670 4856 tan-

2083 4911 2195 4961 tam
2239 4905 2637 4960 sublimitatem
2689 4902 3021 4972 attigissem,
3068 4897 3176 4954 nisi
3208 4911 3295 4951 mc
3327 4893 3669 4964 suscepisset

2083 4998 2308 5054 dextera
2332 5005 2442 5051 tua.
2475 4995 2644 5051 Docet
2671 5011 2836 5064 porro
2869 4991 3170 5063 Apostolus
3195 5002 3304 5059 quo
3333 4992 3496 5058 pacto
3545 4985 3668 5054 quis

2082 5092 2314 5147 Domino
2363 5090 2588 5151 haereat,
2648 5089 2734 5143 his
2784 5087 3010 5142 verbis:
3052 5104 3069 5136 ι
3112 5081 3216 5149 Qui
3270 5080 3514 5134 adhaeret
3564 5076 3668 5130 Do-

2081 5185 2254 5247 mino,
2291 5198 2434 5237 unus
2465 5182 2698 5252 spiritus
2729 5187 2834 5246 est,
2870 5173 3332 5249 quemadmodum
3362 5171 3453 5242 qui
3485 5170 3666 5223 adhae-

2081 5283 2166 5333 ret
2199 5275 2498 5340 meretrici,
2527 5288 2696 5328 unum
2731 5286 2935 5342 corpus
2969 5277 3055 5325 est
3073 5267 3142 5324 ".
3180 5285 3201 5320 ι
3239 5267 3376 5321 Cum
3403 5278 3535 5333 ergo
3562 5259 3666 5315 Da-

2082 5369 2174 5425 vid
2203 5369 2436 5424 Domino
2461 5368 2692 5429 diceret,
2723 5383 2742 5416 ‹
2771 5363 3016 5418 Adhaesit
3037 5361 3220 5416 anima
3397 5363 3520 5458 post
3535 5362 3609 5418 te,
3641 5373 3660 5404 ›

2083 5462 2215 5517 hinc
2238 5476 2298 5516 se
2331 5458 2574 5514 castitati
2603 5455 2942 5528 puritatique
2973 5453 3217 5508 deditum
3249 5446 3590 5502 declarabat.

385 5566 548 5620 Aau‘l5
592 5534 670 5637 τῶ
719 5534 938 5638 κυρίξρ·
995 5534 1023 5616 «-
1056 5534 1352 5634 ’ἐκολλήθη
1385 5558 1592 5631 ήψυχή
1643 5573 1744 5628 μου
1800 5553 1974 5608 ὀπίσω
2013 5570 2130 5622 σου,
2161 5551 2321 5624 δῆλος
2369 5545 2438 5622 ἦν
2471 5549 2566 5604 καὶ
2596 5550 2660 5601 ἐκ
2700 5545 2889 5600 τούτου
2951 5541 3146 5612 ἁγνεία
3173 5542 3270 5594 καὶ
3331 5534 3668 5610 καθαρότητι

387 5659 682 5733 σχολάζων.

466 5770 485 5802 ι
513 5752 675 5806 Αὐτοὶ
705 5751 763 5805 δὲ
796 5751 876 5814 είς
908 5749 1085 5821 μάτην
1130 5745 1404 5818 ἐζήτησαν
1438 5741 1537 5813 τὴν
1562 5741 1743 5812 ψυχήν
1781 5756 1878 5811 μο-
1942 5755 1958 5790 ι

2146 5730 2313 5788 Vsus.
2343 5729 2520 5787 lO-I‘Z.
2552 5749 2570 5782 ι
2605 5726 2872 5800 lpsivero
2903 5725 2958 5780 in
2977 5737 3175 5778 vanum
3197 5720 3531 5794 quaesierunt
3545 5717 3668 5776 auia

492 5869 539 5902 "
580 5865 772 5921 Matth.
817 5880 990 5930 .xxtv,
1023 5863 1110 5918 4-2..
1188 5861 1234 5896 ⁹⁰
1275 5859 1406 5915 ibid.
1442 5857 1532 5912 45.
1610 5855 1656 5887 ³⁸
1698 5853 1717 5908 l
1753 5853 1882 5908 Cor.
1919 5864 2012 5916 vt,
2048 5846 2234 5916 16,17;
