4142 6388
470 379 570 434 611

1151 372 1421 429 EUSEBII
1452 369 1932 427 CESARIENSIS
1956 370 2111 428 OPP.
2154 369 2342 426 PARS
2384 367 2475 425 Ill.
2512 396 2581 405 —-
2620 363 3035 420 EXEGETICA.

3646 361 3751 417 612

474 508 620 549 mam
649 506 849 548 meam.
876 509 895 544 ι
936 490 1049 562 Ego
1076 490 1320 560 quidem,
1358 488 1457 555 ait,
1482 487 1579 541 tibi
1618 484 1897 541 Servatori
1941 499 2064 540 meo

2181 482 2324 552 Ἐγὼ
2360 482 2482 553 μὲν,
2512 480 2668 551 φησὶ,
2704 479 2787 531 σοὶ
2808 476 2887 547 τῷ
2917 473 3156 547 ἐμαυτοῦ
3199 472 3414 544 Σωτῆρι
3445 474 3753 545 προσεῖχον,

474 585 770 648 luerebam,
806 594 974 654 atque
1019 581 1283 653 perfugus
1309 590 1363 634 et
1400 581 1455 634 in
1497 578 1801 634 solitudine
1827 577 2055 647 degens,

477 677 573 729 tibi
608 674 849 727 animam
898 672 1227 743 copulabam
1262 685 1461 732 meam,
1496 678 1551 723 et
1586 682 1876 723 sermones
1932 673 2060 720 tuos

480 768 817 821 meditabar:
878 780 1056 836 neque
1113 764 1260 818 enim
1298 765 1654 832 insequentes
1690 774 1777 813 me
1830 757 2062 829 propul-

478 863 690 922 sabam,
726 876 903 929 neque
937 860 1126 921 etiam,
1167 856 1297 910 dum
1332 856 1430 909 tibi
1482 854 1593 908 Deo
1625 867 1899 914 vacarem,
1939 865 2063 920 pre-

476 968 571 1006 ces
606 952 902 1007 fundebant
931 959 1124 1005 contra
1158 949 1454 1010 inimicos;
1488 946 1583 1002 sed
1610 945 1708 999 tibi
1743 946 1861 1011 nni,
1895 951 1955 998 ut
1977 943 2063 997 di-

480 1055 628 1096 ctum
672 1051 779 1105 est,
817 1042 1187 1096 adhazrebam.
1228 1039 1311 1093 llli
1363 1053 1493 1093 vero
1549 1038 1758 1092 futilem
1795 1036 2060 1091 adversus

476 1136 719 1188 animam
763 1149 940 1187 meam
994 1132 1425 1188 sollicitudinem
1477 1129 1763 1199 suscipere
1800 1116 1912 1183 non
1967 1126 2064 1181 de-

477 1228 787 1281 sistebant:
824 1226 877 1278 in
917 1240 1116 1278 vanum
1149 1223 1352 1292 quippe
1384 1222 1703 1293 quaerebant
1732 1236 1875 1287 eam,
1919 1235 2060 1289 quae,

478 1322 742 1390 quoniam
806 1320 904 1372 tibi
944 1318 1209 1379 haarebat,
1247 1318 1315 1371 ab
1370 1316 1505 1386 ipsis
1556 1315 1785 1369 minime
1834 1311 2065 1384 reperiri

482 1421 730 1486 poterat:
770 1428 939 1481 quare
994 1426 1116 1481 quae
1147 1426 1205 1465 se
1244 1418 1469 1463 manent
1503 1409 1607 1479 ipsi
1654 1408 1874 1477 quidem
1905 1407 2064 1476 igno-

482 1517 627 1567 rant,
659 1505 753 1557 sed
794 1503 1034 1573 Spiritus
1060 1510 1286 1557 sanctus
1320 1500 1669 1555 vaticinatur.
1707 1498 1913 1554 Deinde
1936 1512 2066 1553 vero

481 1598 596 1650 haec
628 1596 945 1665 pr0phetice
969 1594 1302 1648 vociferatur
1328 1610 1341 1645 :
1380 1611 1399 1642 ι
1426 1590 1732 1645 lntroibunt
1753 1590 1818 1660 .in
1843 1590 2068 1645 inferio-

484 1704 541 1741 ra
571 1699 783 1742 terraz.»
840 1686 1290 1755 Quandoquidem
1317 1685 1465 1739 enim
1499 1693 1718 1739 terrena
1750 1684 2065 1753 sapiebant,

2164 576 2259 629 καὶ
2287 575 2368 628 σοὶ
2398 574 2497 645 τὴν
2530 573 2669 645 ἐμὴν
2701 571 2879 641 ψυχὴν
2918 569 3221 639 συνῆπτον,
3258 569 3371 629 τοῖς
3401 583 3461 619 τε
3490 569 3600 629 σοῖς
3631 568 3744 636 ἐμε-

2162 667 2331 721 λέτων
2367 666 2548 736 λόγοις
2571 706 2585 729 ,
2633 667 2692 718 ἐν
2743 665 2888 734 φυγῇ
2942 662 3247 731 τυγχάνων,
3280 660 3375 713 καὶ
3409 660 3469 713 ἐν
3502 660 3756 730 ἐρημίαις

2164 761 2486 832 ποιούμενος
2526 760 2624 822 τὰς
2669 757 2979 828 διατριϐάς.
3031 756 3105 808 Οὑ
3157 754 3265 825 γάρ
3303 752 3596 823 ἠμυνόμην
3633 754 3757 815 τοὺς

2124 910 2131 917 ο
2163 852 2487 915 ἐλαύνοντας
2513 868 2601 922 με,
2626 850 2739 903 ἀλλ’
2774 849 2894 901 οὐδὲ
2928 847 3009 900 σοὶ
3035 846 3112 917 τῷ
3138 844 3258 915 Θεῷ
3290 844 3564 915 σχολάζων
3596 844 3758 915 εὐχὰς

2165 952 2307 1004 κατά
2326 951 2433 1004 τῶν
2465 950 2676 1022 ἐχθρῶν
2698 949 3017 1019 ἀνέπεμπον
3038 964 3051 977 ·
3079 946 3162 999 σοὶ
3190 945 3247 999 δὲ
3280 944 3426 1015 μόνῳ
3450 945 3757 1016 προσεῖχον,

2164 1048 2241 1110 ὡς
2282 1044 2439 1116 ἔφην.
2485 1045 2548 1097 Οἱ
2578 1043 2635 1095 δὲ
2674 1044 2735 1096 οὐ
2777 1041 3045 1094 διέλειπον
3076 1038 3312 1110 ματαίαν
3347 1036 3581 1107 σπουδὴν
3616 1034 3758 1087 κατὰ

2162 1140 2263 1209 τῆς
2298 1138 2476 1208 ψυχῆς
2512 1153 2611 1207 μου
2644 1134 2992 1204 ποιούμενοι·
3029 1133 3108 1195 είς
3142 1130 3367 1201 μάταιον
3392 1128 3503 1199 γὰρ
3534 1126 3759 1195 ἐζήτουν

2164 1232 2335 1304 αὐτην
2358 1272 2372 1295 ,
2419 1230 2709 1301 ἀνεύρετον
2757 1228 2942 1290 αὐτοῖς
2974 1220 3140 1279 οὖσαν
3172 1222 3260 1275 διά
3302 1221 3363 1274 τὸ
3398 1218 3755 1287 κεκολλῆσθαι

2164 1328 2340 1379 ὀπίσω
2371 1342 2465 1377 σου
2484 1341 2498 1354 ο
2530 1324 2718 1394 διόπερ
2752 1321 2820 1375 τα
2857 1320 3223 1391 περιμένοντα
3252 1316 3451 1378 αὐτοὺς
3480 1314 3634 1366 αὐτοὶ
3665 1312 3759 1383 μὲν

2165 1421 2265 1473 οὐκ
2292 1419 2457 1482 ἴσασι,
2480 1417 2542 1470 τὸ
2570 1417 2626 1470 δέ
2653 1414 2877 1486 Πνεῦμα
2906 1413 2967 1465 τὸ
2998 1414 3150 1480 ἅγιον
3181 1407 3449 1471 θεσπίζει.
3483 1403 3596 1461 Εἶθ’
3630 1406 3759 1475 ἐξῆς

2165 1514 2376 1576 τούτοις
2404 1509 2759 1583 προφητικῶς
2796 1509 3070 1575 ἀναφωνεῖ
3105 1504 3278 1572 λέγων
3302 1520 3316 1534 ι
3361 1522 3379 1553 ι
3407 1500 3760 1554 Είσελεύσον-

2167 1626 2257 1662 ται
2287 1609 2367 1671 είς
2397 1606 2468 1659 τὰ
2502 1602 2792 1657 κατώτατα
2828 1600 2925 1670 τῆς
2952 1600 3076 1669 γῆς.
3105 1618 3123 1650 ι
3170 1595 3389 1667 Ἐπειδὴ
3422 1595 3532 1666 γὰρ
3559 1594 3627 1647 τά
3666 1594 3761 1665 τῆς

2167 1702 2270 1772 γῆς
2294 1700 2552 1772 ἐφρόνουν
2580 1697 2674 1750 καὶ
2701 1694 2809 1747 τῶν
2834 1692 2985 1746 κάτω
3010 1691 3320 1760 γεγόνασιν,
3349 1688 3574 1750 εἰκότως
3602 1686 3761 1739 τάπί-

478 1794 535 1836 et
562 1782 618 1835 in
663 1782 864 1835 inlimis
897 1781 1178 1835 constituti
1210 1787 1388 1844 erant,
1428 1778 1553 1847 jure
1585 1778 1893 1832 facinorum
1928 1793 2068 1847 pra:-

544 1876 553 1884 .
736 1878 737 1881 η
792 1876 801 1884 .
882 1881 892 1890 .
978 1872 1044 1890 ην
1078 1888 1106 1890 η
1281 1870 1385 1890 π.-
1805 1879 1844 1890 _.
1883 1870 2056 1890 ,ηιμ

2176 1813 2327 1866 χειρα
2377 1793 2658 1846 πείσονται
2717 1785 2797 1850 οἷς
2837 1786 3087 1857 ἔδρασαν.
3137 1784 3194 1837 '0
3242 1782 3340 1853 μὲν
3372 1780 3480 1852 γὰρ
3519 1779 3599 1851 τῷ
3643 1777 3763 1890 ‘85?

484 1876 593 1927 mia
636 1876 919 1943 recipient.
978 1872 1113 1926 Nam
1146 1876 1239 1940 qui
1281 1870 1392 1925 Deo
1435 1871 1769 1939 conjunetus
1797 1879 1851 1925 et
1880 1870 2063 1923 anima

484 1969 589 2037 ipsi
617 1967 1027 2036 conglutinatus
1050 1972 1156 2027 est,
1190 1963 1343 2033 regni
1366 1964 1634 2017 etelorum
1663 1978 1815 2032 spem
1846 1963 2066 2017 obtine-

485 2060 595 2125 bit;
629 2059 723 2128 qui
776 2072 909 2111 vero
962 2055 1300 2110 contrariam
1351 2055 1655 2109 decurrunt
1686 2056 1851 2121 viam,
1882 2062 1937 2109 et
1980 2056 2065 2110 in-

488 2152 611 2205 ﬁma
662 2152 903 2220 sapiunt,
954 2153 1008 2202 in
1048 2150 1225 2202 laeum
1278 2148 1415 2201 alias
1449 2157 1809 2201 memoratum
1840 2147 2063 2217 dejecti,

486 2242 793 2296 introibunt
836 2242 891 2292 in
941 2238 1205 2293 inferiora
1240 2244 1422 2291 terrae.
1496 2234 1633 2290 Dum
1683 2238 1831 2291 enim
1885 2237 2067 2305 quivis

488 2334 653 2387 homo
714 2331 1062 2401 superticiem
1116 2337 1275 2382 terrae
1323 2327 1538 2391 incolit,
1585 2328 1639 2382 in
1703 2327 2066 2383 inferioribus

487 2437 700 2481 tantum
751 2428 1001 2481 habitare
1030 2424 1253 2487 dicitur,
1304 2431 1366 2477 ut
1414 2423 1549 2476 dicit
1596 2423 1843 2493 quidam,
1883 2421 2067 2488 «Quia

487 2521 633 2576 Deus
666 2521 720 2574 in
752 2521 894 2574 caalo
926 2535 1171 2582 sursum,
1205 2526 1259 2573 et
1288 2524 1346 2571 tu
1395 2517 1452 2571 in
1484 2527 1631 2571 terra
1678 2514 1939 2571 deorsum
1960 2516 2061 2571 ".i

488 2616 621 2671 Post
657 2618 865 2669 exitum
911 2622 1091 2667 autem
1134 2629 1201 2665 ex
1244 2612 1346 2665 hac
1376 2614 1512 2673 vita,
1551 2610 1793 2679 religiosi
1844 2609 2069 2679 quidem

489 2708 741 2763 homines
780 2705 979 2759 crnlum
1020 2720 1118 2774 pro
1167 2703 1449 2757 domicilio
1495 2702 1798 2763 habebunt,
1846 2718 2070 2757 sursum

487 2802 639 2862 elati,
672 2815 735 2853 ac
787 2798 1032 2868 rapiendi
1088 2798 1141 2851 in
1180 2796 1422 2851 nubibus
1451 2796 1668 2851 obviam
1703 2794 1958 2863 Domino,
2007 2810 2071 2850 ac

487 2894 570 2949 sic
595 2906 813 2960 semper
861 2906 986 2943 cum
1019 2888 1251 2943 Domino
1277 2888 1477 2953 futuri;
1518 2890 1669 2959 impii
1702 2905 1834 2945 vero
1863 2898 1918 2945 et
1945 2905 2073 2961 pec-

488 2994 707 3039 catores
747 2985 800 3036 in
848 2982 1109 3037 inferiora
1160 2991 1317 3036 teme
1352 2982 1722 3038 descendent:
1766 2999 1888 3053 quat
1920 2998 2075 3037 com-

488 3093 806 3131 memorans
836 3076 1133 3146 Apostolus
1162 3076 1413 3145 dicebat:
1466 3095 1483 3127 ι
1510 3076 1567 3129 ln
1608 3076 1902 3130 inferiores
1944 3092 2071 3146 par-

2174 1888 2487 1957 συναφθεὶς,
2516 1885 2610 1938 καὶ
2640 1884 2737 1954 τὴν
2761 1881 2939 1951 ψυχὴν
2969 1876 3119 1947 αύτῷ
3147 1872 3593 1948 προσκολληθεὶς,
3614 1868 3762 1922 ἐλπί-

2172 1983 2267 2047 δας
2300 1981 2411 2046 ἐξει
2443 1976 2719 2050 βασιλείας
2746 1971 2993 2046 οὐρανῶν
3014 1987 3027 2001 ο
3059 1970 3108 2023 οἱ
3138 1968 3195 2022 δέ
3230 1967 3326 2039 τὴν
3356 1964 3606 2019 ἐναντίαν
3629 1962 3762 2035 δρα-

2178 2076 2370 2147 μόντες
2401 2072 2495 2126 καὶ
2536 2068 2606 2122 τὰ
2648 2067 2799 2121 κάτω
2844 2064 3249 2137 φρονήσαντες,
3293 2060 3374 2121 είς
3408 2058 3497 2110 τὸν
3527 2053 3763 2127 ἀλλαχοῦ

2174 2166 2375 2218 λάκκον
2405 2159 2790 2231 ὠνομασμένον
2822 2153 3207 2224 καταχθέντες,
3238 2152 3296 2203 ἐν
3324 2152 3436 2213 τοῖς
3466 2148 3765 2202 κατωτάτω

2174 2259 2275 2329 τῆς
2318 2257 2422 2327 γῆς
2469 2253 2797 2306 ἐλεύσονται.
2843 2248 2993 2311 Τέως
3031 2245 3129 2317 μὲν
3161 2244 3270 2314 γὰρ
3302 2244 3411 2306 πᾶς
3442 2240 3727 2312 ἄνθρωπος
3748 2279 3763 2303 ,

2174 2354 2274 2423 τὴν
2302 2349 2623 2420 ἐπιφάνειαν
2651 2345 2815 2399 οἰκῶν
2841 2342 2939 2412 τῆς
2968 2340 3074 2411 γῆς
3094 2379 3109 2404 ,
3147 2338 3217 2392 τὰ
3243 2336 3394 2390 κάτω
3434 2336 3570 2407 μόνα
3595 2334 3767 2387 οἰκεῖν

2176 2445 2393 2513 λέγεται
2423 2440 2565 2495 κατά
2593 2440 2684 2492 τὸν
2735 2437 2983 2506 φήσαντα
3008 2450 3021 2463 ο
3061 2450 3079 2483 ι
3116 2432 3241 2485 Ὅτι
3265 2430 3293 2481 6
3318 2427 3461 2491 Θεὸς.
3482 2429 3539 2481 ἐν
3568 2426 3646 2497 τῷ
3677 2426 3768 2478 οὐ-

2180 2534 2327 2607 ρανῷ
2368 2534 2481 2588 ἄνω
2509 2572 2523 2596 ,
2570 2532 2663 2584 καὶ
2707 2530 2771 2582 σὺ
2805 2530 2861 2580 ἐν
2890 2528 2957 2597 τῇ
3001 2527 3071 2595 γῇ
3110 2522 3280 2577 κάτω.
3319 2541 3337 2573 ι
3374 2520 3531 2575 Μετὰ
3567 2520 3624 2572 δὲ
3664 2518 3765 2589 τὴν

2178 2628 2389 2682 ἐνθένδε
2423 2622 2763 2693 ἀπαλλαγὴν,
2791 2622 2839 2674 οἱ
2871 2621 2967 2691 μὲν
3000 2616 3269 2687 θεοφιλεῖς
3291 2613 3521 2685 οὐρανὸν
3553 2611 3767 2677 ἕξουσιν

2178 2722 2490 2793 οἰκητήριον
2511 2761 2525 2783 ,
2569 2721 2649 2781 εἰς
2678 2716 2747 2770 τά
2772 2715 3016 2786 ἀνώτερα
3055 2709 3507 2783 μετεωρισθέντες
3539 2707 3634 2760 καὶ
3666 2706 3765 2777 ἀρ-

2180 2814 2552 2885 παγησόμενοι
2589 2812 2647 2863 ἐν
2675 2809 2925 2879 νεφέλαις
2960 2807 3039 2869 είς
3069 2804 3375 2873 ἀπάντησιν
3407 2798 3502 2853 τοῦ
3535 2797 3764 2868 Κυρίου,

2180 2909 2321 2962 οὕτω
2346 2925 2405 2961 τε
2433 2906 2663 2959 πάντοτε
2704 2904 2800 2955 σὺν
2840 2900 3032 2971 Κυρίῳ
3064 2898 3341 2968 ἐσόμενοιν
3376 2898 3423 2948 οἱ
3467 2895 3512 2947 δ’
3554 2892 3768 2953 ἀσεϐεῖς

2182 3004 2275 3056 καὶ
2308 2998 2622 3071 ἁμαρτωλοὶ
2647 2997 2726 3059 είς
2754 2995 2823 3048 τὰ
2850 2992 3143 3048 κατώτατα
3170 2991 3268 3060 τῆς
3289 2988 3394 3059 γῆς
3427 2985 3767 3056 καταϐήσον-

2181 3112 2302 3149 ται·
2347 3088 2422 3147 ὧν
2454 3088 2805 3163 μεμνημένος
2844 3088 2871 3139 6
2922 3083 3244 3147 Ἀπόστολος
3279 3081 3463 3150 ἔλεγεν
3484 3096 3497 3110 ⁸
3532 3096 3551 3130 ι
3579 3078 3672 3140 Είς
3700 3076 3768 3128 τὰ

490 3180 575 3228 tes
610 3182 771 3225 terra:
801 3173 893 3240 qui
922 3170 1228 3231 descendit,
1267 3170 1384 3239 ipse
1415 3177 1500 3225 est
1545 3170 1638 3241 qui
1681 3169 1932 3225 ascendit
1974 3186 2067 3226 su-

2176 3184 2462 3254 κατώτερα
2489 3181 2591 3250 τῆς
2615 3180 2718 3247 γῆς
2743 3181 2770 3231 6
2797 3176 3042 3239 καταϐάς
3063 3216 3077 3241 ,
3121 3172 3282 3238 αὐτός
3311 3174 3458 3225 ἐστιν
3493 3172 3521 3223 6
3563 3165 3767 3231 ἀναϐἀς

490 3279 588 3333 per
623 3279 813 3317 omnes
845 3263 1039 3325 caelos,
1082 3270 1142 3314 ut
1190 3262 1441 3329 impleret
1491 3263 1676 3315 omnia
1698 3262 1797 3314 ".i
1857 3260 2070 3315 Etenim

493 3356 756 3412 Servator
780 3367 833 3411 et
866 3356 1129 3409 Dominus
1161 3363 1345 3409 noster
1380 3371 1557 3424 usque
1590 3356 1657 3408 ad
1695 3355 1879 3409 inﬁma
1911 3362 2074 3410 terrae

488 3450 799 3513 descendit,
835 3458 898 3503 ut
933 3449 1162 3503 salutari
1199 3449 1400 3503 virtute
1434 3449 1687 3519 impleret
1718 3449 1924 3504 omnia.
1958 3448 2073 3503 Hoc

493 3543 675 3612 ipsum
719 3540 857 3595 Jobo
916 3541 1195 3611 signiﬁcat
1248 3540 1338 3595 ille
1392 3541 1485 3610 qui
1536 3540 1802 3596 Dominus
1845 3551 2074 3596 vocatur

493 3636 735 3690 dicens:
780 3655 796 3686 ι
824 3633 1035 3689 Venisti
1081 3644 1260 3689 autem
1319 3635 1377 3687 in
1428 3633 1631 3688 fontem
1679 3637 1897 3715 marist
1925 3643 1979 3690 et
2017 3635 2073 3689 in

495 3730 742 3800 vestigiis
790 3729 974 3800 abyssi
1008 3727 1325 3782 ambulasti.
1378 3729 1721 3797 Aperiuntur
1760 3736 1939 3784 autem
1974 3729 2075 3784 tibi

496 3824 695 3879 timore
741 3832 911 3891 portae
959 3822 1186 3875 mortis:
1233 3819 1449 3873 ostiarii
1507 3819 1707 3875 inferni
1741 3822 1991 3876 videntes
2025 3832 2078 3877 te

496 3916 779 3969 conterriti
842 3922 971 3968 sunt
995 3915 1062 3967 νδ.
1099 3934 1117 3965 ι
1157 3912 1261 3967 Sed
1300 3914 1389 3967 ille
1437 3913 1656 3982 quidem
1716 3914 1783 3968 ad
1834 3931 1929 3969 eos
1986 3916 2075 3984 qui

496 4007 621 4060 istic
677 4008 997 4060 habitabant
1052 4006 1357 4073 descendit,
1413 4017 1472 4061 ut
1524 4009 1740 4062 animas
1792 4008 2075 4076 justorum

497 4097 698 4151 ibidem
728 4099 940 4165 jamdiu
996 4098 1248 4152 detentas
1300 4098 1555 4153 libertate
1605 4099 1857 4154 donaret.
1917 4099 2078 4169 lmpii

497 4204 629 4242 vero
662 4191 713 4241 in
752 4188 1016 4242 inferiora
1056 4197 1217 4243 terrae
1260 4190 1482 4259 dejecti,
1533 4191 1822 4245 tradentur
1868 4192 1922 4245 in
1963 4205 2075 4244 ma-

497 4296 603 4334 nus
636 4279 826 4349 gladii.
876 4279 971 4333 Est
1000 4280 1144 4333 enim
1184 4281 1385 4334 ibidem
1411 4282 1626 4351 gladius
1661 4283 1882 4352 quidam
1931 4299 2079 4337 mor-

494 4372 591 4434 tis,
625 4387 787 4440 qui-m
834 4368 1094 4425 Servator
1149 4372 1201 4425 in
1259 4388 1354 4426 xxi
1406 4374 1617 4441 psalmo
1668 4385 1937 4429 memorat
1992 4375 2077 4431 his

495 4461 713 4515 verbis:
756 4479 773 4509 ι
811 4460 952 4514 Erue
982 4476 1008 4512 a
1049 4461 1276 4524 framea,
1315 4460 1478 4526 Deus,
1516 4463 1753 4515 animam
1791 4479 1990 4527 meam,
2026 4472 2079 4517 et

2177 3280 2434 3351 ὑπεράνω
2478 3274 2695 3326 πάντων
2738 3269 2846 3322 τῶν
2887 3266 3168 3339 οὐρανῶν,
3230 3266 3317 3318 ἵνα
3371 3261 3635 3334 πληρώσῃ
3698 3260 3767 3312 τά

2179 3373 2374 3426 πάντα.
2412 3388 2430 3420 ι
2481 3366 2593 3420 Καὶ
2642 3362 2801 3434 μέχρι
2834 3360 2943 3433 γὰρ
2984 3359 3092 3413 τῶν
3133 3356 3436 3412 κατωτάτω
3466 3355 3567 3423 τῆς
3598 3354 3699 3423 γῆς
3742 3353 3771 3405 6

2179 3465 2371 3535 Σωτὴρ
2397 3462 2490 3515 καὶ
2522 3457 2728 3530 Κύριος
2762 3454 2918 3526 ἡμῶν
2954 3452 3351 3522 καταϐέϐηκεν,
3392 3450 3479 3502 ἵνα
3506 3445 3768 3519 πληρώση

2178 3558 2247 3611 τὰ
2289 3557 2469 3609 πάντα
2515 3552 2614 3622 τῆς
2649 3547 2919 3619 σωτηρίου
2950 3545 3252 3615 δυνάμεως.
3285 3542 3455 3595 Τοῦτο
3482 3541 3538 3593 δὲ
3569 3539 3659 3592 καὶ
3692 3537 3771 3609 τῷ

2191 3648 2312 3702 Ἰὼϐ
2358 3644 2613 3718 σημαίνει
2654 3644 2681 3695 6
2726 3638 3079 3711 χρηματίζων
3120 3636 3325 3707 Κύριος
3368 3636 3425 3687 ἐν
3450 3629 3531 3695 οἷς
3569 3646 3765 3700 φησιν·

2187 3762 2205 3795 ι
2234 3739 2440 3803 τΗλθες
2471 3738 2528 3792 δὲ
2564 3736 2655 3789 ἐπὶ
2688 3734 2793 3804 γῆν
2815 3734 2831 3763 ί
2862 3730 3158 3798 θαλάσσης,
3190 3730 3247 3779 ἐν
3280 3726 3337 3780 δὲ
3375 3726 3576 3795 ἴχνεσιν
3603 3720 3770 3774 ἀϐύσ-

2180 3851 2272 3888 σου
2320 3828 2751 3903 περιεπάτησας.
2808 3822 3138 3889 Ἀνοίγονται
3180 3819 3235 3871 δέ
3286 3834 3365 3870 σοι
3406 3814 3556 3885 φόϐῳ
3604 3811 3768 3865 πύλαι

2180 3924 2444 3977 θανάτουο
2510 3916 2751 3987 πυλωροὶ
2792 3913 2848 3966 δὲ
2903 3913 3030 3983 ᾅδου
3082 3910 3281 3973 ἰδόντες
3335 3925 3394 3961 σε
3443 3904 3706 3975 ἔπτηξαν.
3745 3922 3763 3954 ι

2192 4016 2331 4068 Ἀλλ’
2354 4016 2382 4066 ό
2415 4013 2511 4085 μὲν
2536 4011 2628 4063 καὶ
2666 4008 2827 4080 μέχρι
2854 4005 2961 4057 τῶν
2996 4005 3112 4085 ἐκεῖ
3139 4000 3534 4070 καταϐέϐηκεν,
3561 3998 3647 4049 ἴνα
3670 3996 3769 4058 τὰς

2181 4108 2348 4161 πάλαι
2378 4081 2486 4158 τῶν
2518 4102 2688 4171 ἁγίων
2724 4098 2910 4153 αὐτόοι
2943 4081 3305 4166 σιένεχομένας
3342 4090 3520 4161 ψυχάς
3557 4087 3772 4141 ἐλευθε-

2185 4201 2305 4272 ρίας
2334 4196 2541 4267 ἀξιώσῃ
2559 4212 2571 4223 ·
2602 4194 2651 4247 οἱ
2675 4193 2731 4245 δὲ
2750 4190 2987 4251 ἀσεϐεῖς,
3020 4190 3100 4251 είς
3128 4186 3197 4240 τὰ
3222 4186 3510 4238 κατώτατα
3540 4181 3641 4250 τῆς
3664 4180 3769 4249 γῆς

2180 4288 2624 4359 κατενεχθέντες,
2650 4282 3118 4354 παραδοθήσονται
3142 4281 3222 4341 είς
3252 4280 3443 4348 χεῖρας
3471 4273 3763 4347 ῥομφαίας.

2185 4384 2339 4435 Ἔστι
2384 4379 2494 4448 γάρ
2540 4394 2623 4440 τις
2676 4378 2793 4428 ἐκεῖ
2845 4373 3089 4443 ῥομφαία
3124 4370 3386 4432 θανάτου,
3420 4362 3488 4439 ἦς
3516 4369 3543 4419 6
3577 4366 3769 4436 Σωτὴρ

2186 4470 2540 4545 μνημονεύων
2574 4471 2633 4521 ἐν
2667 4475 2751 4521 κα¹
2784 4466 2988 4537 ψαλμῷ
3020 4464 3204 4533 ἔλεγε⁹
3245 4482 3262 4514 ι
3287 4463 3476 4515 Ῥὖσαι
3501 4460 3607 4514 ἀπὸ
3634 4463 3770 4532 ῥομ-

493 4554 563 4608 de
592 4568 756 4605 manu
800 4553 954 4607 canis
1003 4554 1224 4605 unicam
1276 4569 1474 4608 meam.
1534 4552 1694 4607 Salva
1731 4570 1814 4607 me
1862 4570 1929 4608 ex
1977 4570 2070 4609 ΟΥΕ

2184 4565 2346 4635 φαίας
2371 4562 2468 4634 τὴν
2501 4561 2679 4631 ψυχήν
2711 4577 2833 4631 μου,
2868 4560 2963 4612 καὶ
2996 4560 3059 4611 ἐκ
3087 4556 3270 4627 χειρὸς
3301 4555 3461 4617 κυνὸς
3485 4554 3584 4625 τὴν
3619 4568 3773 4623 μονο-

497 4645 703 4703 leonis,
770 4651 823 4696 et
890 4660 918 4697 a
975 4644 1239 4697 cornibus
1285 4645 1638 4697 unicorninm
1710 4644 2077 4700 humilitatem

497 4750 675 4788 meam
695 4735 763 4787 ⁸⁵.
799 4754 816 4786 ι
860 4734 983 4788 Haec
1013 4745 1193 4789 autem
1226 4735 1410 4788 omnia
1444 4735 1510 4789 de
1540 4735 1878 4792 adversariis
1924 4746 2080 4806 pote-

496 4828 735 4882 statibus
776 4828 921 4881 dicta
954 4836 1121 4885 Lsunt.
1174 4826 1295 4879 Non
1348 4826 1496 4881 enim
1555 4827 1609 4881 in
1670 4843 1866 4882 manus
1910 4831 2075 4898 gladii

497 4926 710 4973 tantum
748 4919 994 4987 praedicti
1025 4919 1277 4973 homines
1301 4918 1609 4982 tradentur,
1647 4921 1743 4975 sed
1776 4922 1939 4975 etiam
1969 4922 2075 4976 huc

497 5010 627 5061 illuc
669 5008 1049 5062 distrahentur
1089 5024 1118 5062 a
1159 5009 1317 5063 saevis
1348 5010 1680 5079 quibusdam
1726 5012 2081 5083 versutisque

498 5104 804 5173 spiritibus,
838 5104 931 5172 qui
978 5090 1169 5172 vulpes
1208 5104 1295 5158 hic
1342 5115 1754 5176 nuncupantur,
1806 5110 1934 5178 quia
1997 5108 2083 5163 fo-

496 5212 625 5250 veas
657 5197 915 5258 subeunt,
956 5204 1011 5251 et
1066 5198 1119 5250 in
1173 5195 1377 5252 inlimis
1421 5200 1796 5268 penetralibus
1850 5202 2078 5255 latibula

494 5290 721 5342 habent.
787 5288 881 5343 lla:
913 5291 1099 5360 itaque
1141 5292 1336 5361 vulpes
1365 5286 1658 5362 impiorum
1697 5295 1910 5349 animas
1934 5296 2079 5349 istuc

495 5382 774 5451 delapsas.
810 5391 869 5437 ut
901 5385 1141 5438 oblatam
1177 5383 1441 5453 prmdam,
1474 5387 1909 5456 comprehensas
1941 5387 2080 5441 diri-

495 5475 653 5541 piunt
698 5483 864 5545 atque
914 5476 1058 5531 inter
1106 5494 1164 5533 se
1214 5479 1487 5534 dividunt.
1563 5478 1709 5535 Sane
1752 5482 1913 5534 talem
1966 5481 2081 5535 fore

498 5564 792 5632 impiorum
831 5567 989 5623 linem
1031 5567 1270 5638 Spiritus
1317 5578 1545 5625 sanctus
1594 5571 1949 5625 vaticinatur.
2006 5570 2081 5624 De

2186 4655 2319 4724 γενῆ
2371 4670 2501 4724 μου·
2536 4652 2708 4704 σῶσόν
2744 4669 2810 4721 με
2845 4652 2909 4703 ἐκ
2944 4650 3208 4719 στόματος
3246 4647 3459 4709 λέοντος
3482 4687 3495 4709 ,
3537 4646 3627 4697 καὶ
3665 4643 3773 4696 ἀπὸ

2186 4748 2433 4818 κεράτων
2467 4744 2853 4816 μονοκερώτων
2899 4742 2995 4812 τὴν
3020 4739 3345 4793 ταπείνωσίν
3377 4756 3497 4809 μου.
3534 4756 3552 4787 ι
3587 4736 3772 4790 Ταῦτα

2185 4840 2240 4892 δὲ
2274 4839 2451 4892 πάντα
2498 4837 2624 4908 περὶ
2670 4835 3062 4905 ἀντικειμένων
3091 4832 3373 4901 δυνάμεων
3417 4831 3653 4898 ἐλέγετο.
3696 4828 3770 4881 Οὐ

2189 4930 2349 5000 μόνον
2400 4930 2456 4981 δὲ
2502 4932 2580 4993 εἰς
2631 4931 2819 4999 χεῖρας
2881 4926 3149 4998 ῥομφαίας
3202 4923 3670 4995 παραδοθήσονται
3722 4921 3773 4973 οἱ

2184 5022 2590 5094 προλεχθέντες,
2615 5020 2749 5074 ἀλλὰ
2772 5021 2866 5072 καὶ
2896 5017 3394 5087 διασπασθήσονται
3422 5009 3523 5067 ὦδε
3551 5016 3774 5067 κάκεῖσε

2184 5116 2597 5188 περιελκόμενοι
2621 5114 2726 5167 ὑπὸ
2750 5113 2938 5166 δεινῶν
2962 5130 3124 5165 τινων
3152 5111 3245 5164 καὶ
3267 5109 3590 5180 πανούργων
3614 5125 3777 5161 πνευ-

2187 5211 2393 5281 μάτων,
2443 5207 2536 5269 οὓς
2568 5207 2857 5269 ἀλώπεκας
2890 5204 3147 5275 ὀνομάζει
3180 5206 3207 5257 ὁ
3244 5203 3433 5275 παρὼν
3459 5205 3617 5271 λόγος
3641 5243 3655 5266 ,
3691 5204 3778 5255 διά

2187 5300 2248 5353 τὺ
2282 5298 2702 5352 καταδεδυκέναι
2737 5297 2832 5350 καὶ
2878 5299 2990 5357 τοῖς
3026 5298 3326 5351 κατωτάτω
3370 5299 3560 5367 μυχοῖς
3592 5297 3778 5365 ἐμφω-

2188 5393 2383 5445 λεύειν.
2421 5386 2581 5445 Οὗτοι
2613 5390 2655 5442 δ’
2690 5386 2783 5443 οὖν
2818 5391 2867 5443 οἱ
2902 5389 3186 5454 ἀλώπεκες
3218 5390 3407 5461 ῶσπερ
3440 5389 3649 5459 εὕρεμα
3679 5388 3778 5450 τας

2188 5488 2305 5538 ἐκεῖ
2361 5482 2811 5547 καταπιπτούσας
2860 5483 3037 5553 ψυχὰς
3092 5485 3201 5536 τῶν
3257 5481 3471 5536 ἀσεῡῶν
3523 5480 3777 5542 λαϐόντες

2186 5575 2613 5645 διαρπάζουσιν,
2658 5575 2737 5637 είς
2781 5576 3008 5638 ἑαυτοὺς
3044 5574 3213 5638 αὑτὰς
3259 5574 3624 5647 μεριζόμενοι.
3667 5569 3780 5626 Καὶ

571 5706 617 5738 ⁸³
656 5706 816 5764 Deut.
853 5726 926 5773 tv,
964 5710 1053 5765 39.
1130 5711 1175 5742 ’³
1214 5710 1417 5781 Ephes.
1451 5729 1526 5801 iv,
1564 5712 1650 5769 10.
1728 5712 1772 5747 ⁹³
1809 5712 1912 5770 Job
1950 5732 2154 5772 xxxvm
2180 5757 2195 5782 ,
2231 5718 2321 5782 16,
2357 5718 2443 5772 17.
2521 5718 2569 5751 ’⁵
2602 5717 2748 5774 Psal.
2788 5733 2904 5785 nl,
2929 5719 3023 5787 21,
3048 5718 3138 5775 22.
3353 5748 3380 5778 ο

570 5823 651 5895 (1)
684 5824 738 5880 lu
768 5825 978 5895 Bibiiis,
1015 5830 1217 5899 πηγήν.
