4142 6388
415 398 529 459 613

1593 392 2095 452 (ΣΟΜΜΕΝΤΑΒΙΑ
2136 392 2198 447 ΙΝ
2238 386 2580 452 PSALMOS.

3585 397 3691 454 6M

416 512 529 568 τῶν
562 512 659 583 μὲν
684 510 896 567 ἀσεϐῶν
923 513 1162 567 τοιοῦτον
1195 513 1414 567 ἔσεσθαι
1446 513 1506 567 τὸ
1534 514 1759 577 τέλοςτὸ
1781 512 1993 583 Πνεῦμα

2107 511 2262 581 justo
2292 522 2496 578 autem,
2533 516 2627 585 qui
2672 520 2839 585 supra
2893 523 3194 570 memorata
3226 515 3485 586 praeclara
3522 531 3690 586 opera

416 605 477 657 1:6
508 606 662 673 ἂγιον
692 605 953 669 θεσπίζει.
984 606 1126 677 Περὶ
1159 605 1215 659 δὲ
1245 607 1339 659 τοῦ
1391 605 1601 659 δικαίου
1629 604 1723 659 τοῦ
1769 604 1838 657 τὰ
1874 622 2008 675 προ-

415 696 675 767 λεχθιέντα
700 698 1127 768 κατωρθωκότος
1160 698 1409 770 ἐπιφέρει
1440 698 1628 767 λέγον·
1673 716 1691 749 ι
1735 698 1791 750 '0
1825 697 1881 750 δέ
1915 697 2007 766 βα-

417 791 599 855 σιλεὺς
646 790 1080 861 εὐφρανθήσεται
1128 792 1220 843 ἐπὶ
1269 790 1346 860 τῷ
1388 790 1540 860 Θεῷο
1592 789 2005 859 ἐπαινεθήσεται

415 884 523 945 πᾶς
550 886 578 936 6
602 882 818 952 ὀμνύων
847 885 903 936 ἐν
929 883 1075 952 αὐτῷ
1096 900 1109 913 ο
1142 884 1223 935 ὃτι
1273 883 1550 955 ἐνεφράγη
1584 883 1757 953 στόμα
1782 881 2000 935 λαλούν-

412 993 520 1028 των
553 975 735 1029 ἄδικα.
768 995 786 1027 ›
820 976 1033 1046 Σφόδρα
1066 975 1384 1046 παραδόξως
1423 975 1658 1030 ἐνταῦθα
1691 975 1752 1027 τὸ
1784 974 1876 1027 τοῦ
1910 974 2005 1043 βα-

414 1067 605 1130 σιλέως
652 1066 900 1135 εἰσῆκται
932 1067 1131 1136 ὄνομα·
1163 1066 1325 1119 Δαυῖδ
1377 1068 1472 1136 μὲν
1506 1066 1615 1138 γὰρ
1665 1066 1880 1134 φεύγων
1913 1065 2003 1118 τὸν

414 1158 606 1221 Σαοὺλ,
638 1159 732 1209 καὶ
765 1159 863 1229 τὴν
904 1158 1107 1228 ἔρημον
1134 1159 1231 1228 τῆς
1266 1158 1529 1221 Ἰουδαίας
1565 1158 1729 1211 οἰκῶν
1759 1158 1879 1211 καθ’
1911 1157 2004 1221 οὓς

412 1250 584 1303 ταῦτα
618 1250 766 1318 ἔλεγε
801 1250 1046 1322 χρόνους,
1082 1251 1376 1313 δείκνυται,
1411 1251 1472 1304 οὐ
1512 1250 1617 1321 μὴν
1648 1252 1748 1322 ἤδη
1778 1268 1882 1303 που
1918 1249 2003 1319 βα-

415 1342 639 1395 σιλεύων
661 1360 673 1373 ·
698 1343 870 1396 Σαοὺλ
897 1343 974 1405 δὲ,
1004 1341 1223 1413 κρατῶν
1252 1341 1345 1394 τοῦ
1372 1342 1578 1405 ἔθνους,
1601 1341 1701 1410 τῆς
1726 1340 2003 1411 βασιλείας

410 1438 616 1506 ἠγεῖτο.
663 1436 823 1498 Ποῖος
873 1431 965 1488 οὖν
1011 1433 1266 1503 βασιλεὺς
1309 1433 1750 1505 εὐφρανθήσεται
1800 1433 1892 1484 ἐπὶ
1924 1431 2001 1501 τῷ

410 1526 559 1596 Θεῷ;
595 1526 733 1578 Ἀλλ’
769 1528 886 1598 ἐρεῖ
929 1543 1011 1589 τις
1059 1526 1200 1578 κατὰ
1244 1525 1553 1596 πρόγνωσιν
1583 1524 1679 1576 τοῦ
1718 1523 2002 1595 μέλλοντος

409 1617 570 1671 αὐτὸν
603 1616 960 1687 σημαίνεσθαι
988 1618 1074 1669 τὸν
1109 1617 1269 1669 Δαυῖδ
1290 1635 1301 1646 ·
1338 1616 1539 1688 ήμελλε
1562 1616 1671 1688 γὰρ
1695 1618 1817 1669 ὅσον
1848 1614 2000 1667 οὐπω

408 1709 830 1779 τελευτήσαντος
861 1708 952 1761 τοῦ
990 1708 1159 1762 Σαοὺλ
1224 1708 1526 1777 βασιλεύειν
1554 1708 1735 1771 αὐτός.
1775 1709 2001 1778 Ἕτερος

408 1797 466 1850 δέ
517 1816 648 1868 φησι
694 1800 787 1851 καὶ
825 1801 934 1851 τότ’
983 1799 1084 1868 ἤδη
1141 1798 1368 1869 βασιλέα
1404 1795 1543 1853 εἶναι
1577 1801 1773 1853 αὐτόν·
1811 1798 1997 1868 ἐπειδὴ

409 1891 665 1959 κέχριστο
697 1891 801 1943 ὐπὸ
827 1890 921 1943 τοῦ
957 1891 1210 1962 Σαμουὴλ
1235 1893 1317 1954 εἰς
1355 1891 1602 1962 βασιλέα,
1630 1892 1722 1945 καὶ
1750 1892 1898 1962 παρὰ
1921 1891 1998 1961 τῷ

407 1980 526 2051 Θεῷ
566 1980 841 2049 λελόγιστο
876 1981 974 2053 ἤδη
1016 1981 1269 2051 βασιλεύς
1294 1999 1306 2011 -
1339 1983 1398 2034 οὐ
1437 1983 1545 2054 μὴν
1573 1982 1707 2035 ἀλλά
1745 1985 1840 2036 καὶ
1870 1983 1998 2035 ἐϐα-

410 2072 583 2124 σίλευε
621 2073 715 2126 τοῦ
747 2074 997 2136 συνόντος
1035 2074 1183 2145 αὐτῷ
1238 2074 1474 2146 πλήθους
1499 2115 1513 2138 ,
1557 2069 1617 2128 οὖ
1662 2074 1931 2145 μέμνηται
1966 2076 1998 2145 ή

411 2163 643 2234 ἱστορία.
680 2164 833 2216 Ἐπεὶ
856 2164 1035 2217 τοίνυν
1067 2163 1128 2216 τὸ
1161 2164 1313 2227 τέλος
1344 2163 1452 2216 τῶν
1480 2163 1810 2217 ἐλαυνόντων
1839 2164 1999 2217 αὐτὸν

406 2256 749 2325 παρέστησεν
772 2257 801 2307 6
829 2255 1005 2323 λόγος,
1034 2254 1258 2318 εἰκότως
1288 2256 1383 2308 καὶ
1414 2234 1577 2308 αὐτοῦ
1600 2254 1674 2316 ὡς
1702 2254 1766 2306 ἂν
1798 2254 1999 2325 πολλὴν

405 2349 783 2420 ἐνδειξαμένου
823 2349 1109 2420 προκοπήν
1138 2347 1207 2400 τὰ
1237 2347 1367 2416 τέλη
1415 2346 1523 2399 τῶν
1571 2348 1748 2400 πόνων
1788 2363 2000 2417 προφη-

403 2442 639 2496 τεύεται.
672 2441 761 2493 Διὸ
794 2441 1045 2509 λέγεται·
1072 2460 1089 2491 1
1115 2442 1170 2493 'O
1200 2440 1257 2493 δὲ
1291 2438 1545 2509 βασιλεὺς
1570 2439 1998 2512 εὐφρανθήσεται

404 2536 497 2588 ἐπὶ
522 2535 599 2605 τῷ
623 2533 757 2605 Θεῷ.
779 2554 795 2584 ι
827 2534 915 2597 Ὠς
936 2535 1045 2604 γὰρ
1068 2535 1315 2601 γενναῖος
1342 2532 1436 2584 τοῦ
1458 2531 1593 2584 Θεοῦ
1621 2530 1876 2601 ἀθλητὴς,
1902 2549 1998 2601 με-

402 2629 601 2697 γάλους
645 2627 861 2696 ἀγῶνας
909 2625 1224 2690 διεξελθὼν,
1269 2625 1541 2697 βραϐείων
1584 2641 1645 2676 τε
1691 2625 1786 2676 καὶ
1838 2623 1998 2678 θείων

406 2721 681 2790 στεφάνων
711 2719 1148 2790 κατηξιωμένος,
1179 2717 1519 2790 εὐφροσύνης
1553 2716 1854 2771 ἀπολαύσει
1896 2718 1998 2787 τῆς

404 2814 533 2885 παρ’
569 2814 717 2884 αὐτῷ
745 2812 822 2883 τῷ
857 2811 1189 2882 ἁγωνοθέτῃ.
1222 2812 1431 2882 Ὥσπερ
1463 2810 1573 2881 γὰρ
1604 2813 1652 2863 oi
1679 2810 1863 2884 ἐχθροὶ
1896 2811 1993 2863 αὐ-

401 2905 495 2958 τοῦ
525 2905 676 2968 τέλος
700 2906 800 2958 οὐκ
829 2905 1003 2959 αἴσιον
1030 2904 1336 2974 εἰλήφασιν,
1369 2906 1448 2967 εἰς
1480 2904 1549 2956 τὰ
1584 2903 1875 2957 κατώτατα
1899 2902 1997 2973 τῆς

401 3000 504 3070 γῆς
539 2998 902 3063 εἰσελθόντες,
937 2998 1031 3051 καὶ
1083 2996 1486 3069 παραδοθέντες
1519 2999 1597 3059 εἰς
1631 2998 1818 3067 χεῖρας
1864 2997 1997 3066 ῥομ-

403 3091 600 3158 φαίας,
649 3090 864 3163 μερίδες
895 3107 954 3141 τε
1009 3089 1309 3143 ἀλωπέκων
1355 3087 1670 3157 γενόμενοι·
1718 3086 1754 3139 ἂ
1798 3085 1861 3156 δὴ
1903 3084 1997 3137 καὶ⁹

401 3182 703 3254 ἐπληροῦτο
744 3184 880 3254 πρὸς
910 3181 1053 3247 λέξιν
1094 3181 1237 3236 κατά
1276 3181 1372 3252 τὴν
1418 3181 1689 3252 ἱστορίαν,
1726 3180 1990 3249 ὁπηνίκα,
2023 3218 2064 3275 C

402 3272 618 3340 φεύγων
643 3274 670 3325 6
700 3271 872 3325 Σαοὺλ
899 3274 1023 3335 τοὺς
1054 3271 1367 3342 πολεμίους,
1394 3270 1787 3342 ἐκρυπτάξετο,
1813 3268 1990 3340 ζητῶν

400 3382 457 3417 τε
490 3364 639 3435 παρὰ
665 3365 758 3418 τοῦ
793 3365 927 3418 Θεοῦ
965 3364 1236 3436 βοήθειαν,
1267 3365 1365 3433 οὐχ
1410 3363 1663 3430 εὕρισκεν
1685 3380 1697 3392 ·
1731 3362 1843 3415 ἀλλ’
1871 3362 1991 3415 οὐδὲ

401 3458 748 3528 ἀποκρίσεως
782 3457 932 3520 θείας
961 3456 1207 3526 ἠξιοῦτο·
1234 3457 1309 3520 ὡς
1335 3455 1424 3508 διὰ
1459 3454 1600 3508 τοῦτ’
1633 3455 1803 3507 ἐλθεῖν
1828 3455 1992 3508 αὐτὸν

400 3550 494 3602 ἐπὶ
520 3551 618 3620 τήν
641 3548 1099 3620 ἐγγαστρίμυθον,
1126 3550 1218 3601 καὶ
1247 3547 1723 3619 πολυπραγμονεῖν
1755 3548 1821 3599 τὰ
1848 3548 1990 3617 ἀπη-

399 3642 706 3712 γορευμένα
737 3642 841 3694 ὑπὸ
869 3640 967 3693 τοῦ
1000 3641 1159 3694 Θεοῦ.
1185 3642 1317 3693 Τότε
1351 3639 1480 3708 γοῦν
1516 3638 1733 3709 ἀληθῶς
1771 3640 1989 3712 μερίδες

400 3736 698 3789 ἀλωπέκων
737 3736 1024 3803 γεγόνασιν
1057 3734 1217 3798 αὐτός
1253 3751 1309 3787 τε
1356 3733 1451 3787 καὶ
1489 3735 1537 3786 οἱ
1565 3733 1660 3785 σὺν
1694 3732 1860 3803 αὐτῷ.
1897 3732 1989 3785 Διό

402 3828 495 3879 καὶ
528 3826 977 3896 καταλειφθέντες
1005 3827 1109 3879 ὐπὸ
1139 3825 1231 3878 τοῦ
1266 3825 1401 3879 Θεοῦ
1429 3866 1442 3889 ,
1472 3829 1537 3897 τῇ
1566 3825 1673 3878 τῶν
1714 3825 1986 3895 πολεμίων

402 3918 647 3991 ῥομφαίᾳ
669 3920 1044 3992 παρεδόθησαν
1064 3919 1320 3982 πεσόντες
1342 3921 1401 3971 ἐν
1423 3918 1500 3989 τῷ
1528 3918 1986 3991 πολέμῳ.Ὤσπερ

404 4006 492 4063 οὖν
521 4011 692 4064 ταῦτα
730 4012 957 4082 μηδέπω
988 4012 1257 4081 γενόμενα
1290 4011 1431 4064 κατὰ
1461 4011 1769 4081 πρόγνωσιν
1801 4010 1986 4080 εἴρητο

402 4102 663 4173 μέλλοντα
706 4102 923 4156 ἔσεσθαι
966 4107 1077 4166 τοῖς
1125 4103 1214 4156 τὸν
1261 4103 1425 4157 Δαυῒδ
1458 4103 1803 4156 ἐλαύνουσιν
1843 4084 1985 4155 οὕτω

399 4194 492 4245 καὶ
518 4193 664 4264 αὐτῴ
690 4193 759 4246 τὰ
786 4193 938 4245 αἴσια
966 4192 1092 4263 τέλη
1115 4191 1176 4244 τὸ
1207 4192 1429 4262 Πνεῦμα
1452 4191 1512 4243 τὸ
1542 4191 1694 4259 ἆγιον
1721 4188 1982 4257 ἀνεφὼνει

395 4282 553 4350 λέγον
573 4300 585 4312 ·
622 4268 639 4333 ι
663 4284 718 4335 Ὀ
751 4283 808 4335 δὲ
840 4282 1091 4353 βασιλεὺς
1116 4281 1552 4353 εὐφρανθήσεται
1583 4281 1673 4332 ἐπὶ
1699 4279 1775 4350 τῴ
1794 4279 1930 4349 Θεῷ.
1957 4300 1976 4331 ι

410 4373 667 4437 Ἐλπίσας
700 4374 808 4444 γὰρ
852 4375 946 4426 ἐπὶ
997 4373 1086 4425 τόν
1114 4373 1246 4428 Θεὸν
1267 4416 1280 4438 ,
1334 4375 1428 4427 καὶ
1474 4374 1573 4443 τὴν
1607 4373 1770 4425 αὐτοῦ
1803 4371 1981 4443 ψυχὴν

397 4467 637 4532 συνάψας
666 4467 843 4538 αὐτῷ,
873 4466 949 4530 ὼς
973 4468 1145 4519 εἰπεῖν
1171 4505 1185 4529 ,
1227 4487 1245 4519 ‹
1285 4466 1577 4538 Ἐκολλήθη
1625 4468 1657 4537 ἡ
1696 4466 1840 4538 ψυχή
1877 4484 1978 4536 μου

2109 607 2300 673 edidit,
2356 607 2472 661 haec
2528 607 2851 679 subjungit:
2923 606 3081 662 «Rex
3138 624 3268 663 vero
3311 608 3584 662 laetabitur
3634 609 3689 663 in

2108 692 2260 748 Deo:
2305 695 2673 749 laudabuntur
2706 711 2897 751 omnes
2943 697 3037 767 qui
3077 697 3265 766 jurant
3324 698 3377 751 in
3418 713 3505 761 eo,
3560 699 3690 767 quia

2107 787 2449 841 obstructum
2479 795 2563 841 est
2604 802 2667 842 os
2701 788 3042 857 loquentium
3096 790 3339 859 iniqua.»
3390 789 3585 843 Mirum
3632 791 3688 844 in

2107 880 2328 939 modum
2366 878 2458 933 hic
2490 881 2634 950 regis
2671 896 2871 935 nomen
2914 881 3200 935 inductum
3237 889 3358 936 est:
3414 883 3685 951 siquidem

2106 972 2277 1027 David
2310 990 2457 1037 cum,
2505 984 2563 1029 ut
2589 976 3111 1041 demonstravimus,
3151 992 3261 1046 quo
3294 978 3688 1047 temporeth

2106 1065 2326 1120 dicebat
2370 1082 2399 1119 a
2443 1065 2606 1122 Saule
2658 1068 2892 1139 fugeret,
2930 1070 3321 1137 desertumque
3365 1066 3569 1123 Judaue
3602 1069 3689 1122 in-

2104 1160 2328 1225 coleret,
2365 1161 2606 1215 nondum
2643 1178 2740 1216 rex
2775 1173 2936 1228 erat,
2989 1162 3086 1216 sed
3142 1160 3274 1215 Saul
3308 1162 3456 1231 genti
3506 1162 3684 1230 impe-

2102 1268 2234 1307 rans
2277 1268 2504 1322 regnum
2540 1254 2844 1308 obtinebat.
2880 1254 3016 1320 Quis
3042 1269 3171 1322 ergo
3204 1270 3295 1306 rex
3331 1253 3605 1306 laetabitur
3628 1252 3683 1305 in

2102 1341 2249 1394 Deo?
2311 1340 2417 1394 Sed
2466 1343 2610 1397 dicet
2666 1343 2961 1412 quispiam,
3014 1359 3079 1396 ex
3114 1342 3459 1412 prtescientia
3512 1342 3683 1395 futuri

2101 1438 2279 1504 ipsum
2313 1435 2571 1491 Davidem
2610 1437 2890 1492 indicare:
2922 1438 3074 1492 brevi
3107 1452 3364 1505 namque,
3394 1447 3517 1505 post
3544 1451 3689 1490 mor-

2100 1539 2208 1583 tem
2248 1529 2450 1592 Saulis,
2485 1538 2819 1599 regnaturus
2846 1532 2960 1599 ipsc
2994 1539 3133 1586 erat.
3182 1529 3337 1583 Dicet
3368 1530 3535 1592 alius,
3567 1530 3683 1598 jam

2101 1628 2215 1674 tum
2254 1622 2512 1675 Davidem
2547 1623 2719 1677 fuisse
2761 1639 2968 1692 regem,
3011 1629 3201 1691 utpote
3253 1636 3284 1673 a
3322 1619 3582 1674 Samuete
3626 1620 3683 1673 in

2101 1731 2282 1785 regem
2320 1724 2568 1781 unCtum,
2606 1726 2770 1785 atque
2798 1724 2857 1770 ut
2908 1717 3070 1769 talem
3112 1730 3141 1767 a
3178 1714 3290 1769 Deo
3327 1721 3680 1783 reputatum;

2102 1808 2212 1861 imo
2243 1808 2407 1861 etiam
2442 1816 2573 1861 tunc
2611 1809 2873 1876 temporis
2916 1822 3178 1877 regnasse
3216 1808 3269 1859 in
3307 1814 3523 1875 gentem
3559 1819 3684 1858 sese

2103 1900 2479 1961 comitantem,
2536 1898 2697 1965 cujus
2740 1898 2992 1949 meminit
3041 1898 3291 1950 historia.
3340 1894 3482 1960 Quia
3518 1895 3683 1963 igitur

2102 1992 2505 2061 insequentium
2538 1992 2716 2061 ipsum
2758 1990 2918 2043 linem
2955 2003 3137 2042 sermo
3169 1988 3466 2041 declaraxit
3490 2029 3504 2051 ,
3539 2000 3676 2038 con-

2101 2092 2395 2154 sequenter
2438 2086 2615 2153 ipsius
2656 2097 2895 2153 quoque.
2951 2089 3141 2149 utpote
3197 2094 3395 2147 magno
3428 2076 3679 2146 profectu

2101 2178 2271 2232 aucti.
2308 2177 2557 2229 laborum
2604 2174 2765 2228 ﬁnem
2798 2172 3155 2225 vaticinatur.
3213 2168 3395 2234 Quare
3435 2168 3675 2221 dicitur:

2108 2288 2124 2318 ι
2158 2267 2271 2322 Rex
2302 2283 2432 2321 vero
2466 2266 2740 2320 laetabitur
2772 2266 2827 2318 in
2880 2263 3043 2317 Deo.»
3099 2260 3232 2314 Nam
3264 2270 3323 2313 ut
3373 2273 3678 2329 generosus

2101 2360 2192 2415 Dei
2228 2360 2453 2422 athleta,
2516 2358 2728 2431 magnis
2778 2347 2942 2410 editis
2986 2353 3403 2413 certaminibus,
3438 2350 3680 2420 praemiis

2100 2453 2411 2520 divinisque
2452 2452 2674 2505 coronis
2712 2449 2972 2509 donatus,
3008 2463 3092 2505 ea.
3131 2461 3253 2515 qua!
3286 2460 3452 2514 penes
3493 2443 3677 2510 ipsum

2100 2546 2483 2615 agonothetam
2531 2551 2636 2604 est,
2679 2543 2861 2596 laetitia
2898 2541 3135 2593 fruetur.
3206 2536 3276 2591 Ut
3328 2553 3358 2589 e
3410 2547 3681 2590 converso

2100 2638 2306 2691 inimici
2325 2637 2444 2705 ejus
2470 2652 2578 2689 non
2611 2635 2849 2688 faustum
2881 2632 3043 2686 tinem
3073 2632 3453 2687 obtinuerunt,
3478 2627 3680 2697 quippe

2098 2730 2191 2799 qui
2220 2730 2275 2782 in
2307 2728 2568 2781 inferiora
2598 2735 2760 2780 terrae
2795 2724 3055 2793 ingressi,
3089 2732 3141 2774 et
3171 2720 3355 2773 traditi
3400 2718 3455 2772 in
3479 2730 3679 2770 manus

2098 2825 2284 2895 gladii,
2318 2830 2500 2893 partes
2554 2819 2796 2888 vulpium
2844 2817 3065 2870 fuerint.
3128 2813 3260 2879 Quae
3305 2811 3372 2864 ad
3435 2810 3677 2863 litteram

2100 2918 2319 2986 impleta
2349 2928 2473 2969 esse
2508 2913 2560 2965 in
2609 2908 2841 2963 historia
2893 2915 3174 2967 narratur,
3206 2902 3427 2973 quando
3471 2903 3539 2954 ab
3573 2899 3681 2952 ini-

2098 3007 2258 3060 micis
2307 3005 2520 3073 fugiens
2555 3001 2685 3056 Saul
2728 3001 2971 3053 latebras
3000 2995 3303 3066 qurerebat,
3342 2994 3682 3063 petitamque

2099 3097 2262 3153 aDeo
2317 3113 2475 3166 opem
2520 3111 2627 3149 non
2660 3094 2918 3153 obtinuit,
2956 3105 3133 3158 neque
3178 3088 3361 3141 divino
3414 3099 3681 3153 responso

2100 3191 2358 3260 dignatus
2386 3198 2510 3255 est;
2547 3190 2621 3242 ita
2674 3199 2731 3240 ut
2776 3186 2900 3239 ideo
2951 3180 3444 3253 engastrimytham
3478 3177 3677 3237 adiret,

2098 3290 2150 3335 et
2190 3297 2221 3335 a
2253 3281 2359 3335 Deo
2396 3281 2566 3334 vetita
2599 3279 2872 3333 curiosius
2907 3274 3229 3344 inquireret.
3285 3268 3441 3321 Tunc
3484 3278 3674 3319 revera

2100 3384 2283 3444 partes
2325 3374 2569 3443 vulpium
2617 3372 2787 3433 fuere,
2824 3383 2948 3422 cum
2981 3366 3093 3426 ille,
3115 3373 3230 3418 tum
3256 3360 3487 3415 comites
3533 3357 3677 3425 ejus.

2098 3467 2279 3533 Quare
2303 3467 2400 3521 abs
2436 3465 2547 3519 Deo
2574 3462 2846 3525 derelicti,
2873 3455 3059 3530 gladio
3090 3455 3442 3511 inimicorum
3491 3449 3678 3503 traditi

2098 3565 2247 3621 sunt,
2280 3566 2334 3610 et
2368 3557 2422 3609 in
2458 3556 2600 3610 bello
2626 3553 2966 3607 ceciderunt.
3028 3548 3182 3601 Sicut
3222 3544 3387 3614 igitur
3422 3542 3513 3595 illa
3544 3554 3678 3593 non-

2096 3648 2226 3701 dum
2265 3649 2431 3710 edita,
2466 3643 2889 3714 insequentibus
2933 3639 3192 3693 Davidetn
3235 3636 3560 3697 obventura,
3608 3646 3677 3684 ex

2096 3743 2442 3812 prtescientia
2470 3738 2967 3798 renuntiabautur,
3002 3734 3077 3785 ita
3098 3738 3151 3786 et
3184 3730 3289 3798 ipsi
3318 3725 3509 3779 Davidi
3542 3737 3675 3792 pro-

2095 3849 2314 3903 sperum
2346 3832 2503 3885 ﬁnem
2544 3829 2784 3899 Spiritus
2806 3835 3031 3881 sanctus
3062 3820 3390 3891 praedicebat
3432 3815 3516 3870 his
3547 3828 3675 3867 ver-

2098 3930 2203 3992 bis,
2243 3947 2259 3978 t
2288 3926 2404 3980 ch
2433 3940 2565 3979 vero
2590 3923 2861 3976 laetabitur
2893 3920 2948 3972 in
2994 3916 3160 3971 Deo.»
3229 3913 3365 3968 Cum
3414 3907 3559 3962 enim
3615 3906 3673 3960 in

2094 4020 2204 4075 Deo
2250 4034 2400 4089 spem
2439 4015 2705 4086 posuerit,
2759 4012 2974 4082 ipsique
3023 4008 3262 4062 animam
3316 3996 3673 4068 coujunxerit

2090 4127 2269 4174 suam,
2302 4112 2374 4162 ita
2406 4117 2466 4161 ut
2500 4107 2669 4167 dicat,
2708 4124 2725 4153 ι
2752 4102 2995 4157 Adluesit
3028 4100 3211 4153 anima
3240 4109 3358 4149 mea
3393 4098 3515 4163 post
3539 4098 3612 4154 te,
3640 4106 3662 4139 ι

2092 4215 2386 4271 supernam
2415 4215 2445 4252 a
2479 4199 2587 4252 Deo
2646 4195 2888 4250 laetitiam
2946 4187 3233 4245 obtinebit.
3293 4185 3373 4237 Ac
3417 4177 3672 4271 quisquis

2092 4269 2193 4346 hac
2226 4290 2293 4345 dc
2323 4306 2382 4343 re
2406 4288 2633 4358 juravit,
2670 4293 2729 4339 ut
2764 4284 2904 4338 bene
2937 4281 3150 4351 prolato
3195 4277 3511 4346 juramento
3552 4269 3670 4321 lau-

2090 4385 2349 4447 dabitur;
2422 4381 2562 4445 sive,
2593 4376 2897 4434 secundum
2941 4373 3215 4442 Aquilam,
3284 4385 3302 4417 ι
3331 4363 3671 4419 Gloriabitur

2088 4479 2181 4551 qui
2205 4478 2353 4547 jurat
2380 4475 2433 4528 in
2469 4488 2588 4527 eo.»
2632 4470 2766 4523 Nam
2797 4466 3050 4538 quisquis
3091 4461 3223 4516 nihil
3260 4459 3540 4551 dubitans,
3578 4455 3671 4523 ju-

393 4560 567 4613 ὀπίσω
598 4578 691 4614 σου
714 4601 727 4625 ,
765 4580 783 4612 ›
824 4564 925 4633 τῆς
973 4564 1236 4618 ἀνωτάτω
1273 4560 1521 4625 τεύξεται
1573 4558 1724 4629 παρὰ
1755 4559 1833 4629 τῷ
1861 4561 1979 4631 Θεῴ

2095 4550 2336 4623 ramento
2371 4561 2743 4622 aliirmaverit,
2796 4572 2977 4627 regem
3012 4572 3040 4607 ιι
3074 4550 3352 4623 proposita
3387 4563 3484 4616 spe
3518 4561 3664 4599 nun-

393 4653 750 4724 εὐφροσύνης.
786 4656 894 4708 Καὶ
924 4658 1032 4719 πᾶς
1070 4655 1126 4708 δὲ
1152 4657 1180 4708 6
1214 4655 1307 4707 ἐπί
1352 4651 1559 4713 τούτοις
1591 4650 1758 4719 ὀμνὺς
1801 4653 1877 4714 ὡς
1919 4654 1983 4706 ἂν

393 4744 635 4816 εὐορκῶν
662 4745 1081 4817 ἐπαινεθήσεται
1102 4764 1116 4777 ·
1148 4747 1179 4818 ἦ
1212 4745 1354 4800 κατά
1387 4745 1478 4796 τὸν
1507 4739 1761 4805 Ἀκύλαν,
1800 4765 1815 4794 ι
1839 4747 1987 4798 Καυ-

393 4839 616 4907 χήσεται
644 4839 671 4890 6
696 4838 910 4909 ὀμνύων
941 4842 999 4892 ἐν
1022 4840 1190 4911 αὐτῷ.
1227 4860 1244 4891 ι
1282 4841 1339 4893 Ὀ
1366 4841 1474 4911 γὰρ
1502 4841 1575 4912 μὴ
1605 4840 1982 4913 ἀμφιϐάλλων,

392 4931 526 4984 ἀλλὰ
565 4933 658 4984 καὶ
698 4932 859 5003 ὅρκον
886 4932 1168 5005 τιθέμενος
1209 4934 1339 5005 περὶ
1370 4934 1464 4986 τοῦ
1496 4936 1702 5005 μήποτε
1736 4934 1987 4986 ἐκπεσεῖ-

393 5026 515 5078 σθαι
547 5026 637 5080 τὸν
669 5027 893 5097 βασιλέα
934 5028 1034 5098 τῆς
1062 5026 1482 5097 ἐπηγγελμένης
1508 5026 1752 5090 ἐλπίδος,
1785 5023 1985 5077 ῶσςινε)⁵

392 5120 665 5190 εὐορκῶν,
709 5121 1150 5184 ἐπαινεθήσεται.
1189 5118 1299 5171 Καὶ
1338 5117 1510 5170 ταῦτα
1543 5117 1695 5170 ἔσται
1733 5117 1861 5187 περὶ
1893 5115 1983 5168 τὸν

393 5211 613 5280 βασιλέα
630 5214 726 5266 καὶ
746 5214 873 5285 περὶ
898 5214 1073 5265 πάντα
1087 5211 1178 5264 τὸν
1205 5209 1447 5281 ὀμνύντα
1474 5210 1602 5281 περὶ
1626 5208 1847 5268 αὐτοῦ,‹
1862 5208 1982 5260 ’Ὁτι

390 5305 665 5376 ὲνεφρόιγη
695 5305 756 5358 τὸ
790 5306 968 5376 στόμα
993 5304 1298 5357 λαλούντων
1329 5302 1514 5357 ἄδικα.
1559 5321 1577 5352 ›
1619 5301 1756 5355 Καθ’
1788 5300 1981 5370 ἐτέραν

388 5394 443 5448 δὲ
470 5396 708 5450 διάνοιαν
746 5397 839 5451 τοῦ
868 5397 1077 5449 δικαίου
1122 5394 1498 5465 τελειουμένου
1534 5393 1675 5447 κατά
1714 5391 1811 5455 τὰς
1844 5392 1980 5444 ἀπο-

387 5487 632 5553 δοθείσας
661 5492 721 5542 ἐν
748 5491 915 5560 ἀρετῇ
950 5487 1235 5560 προκοπὰς
1256 5527 1271 5551 ,
1300 5487 1481 5558 χαίρει
1506 5486 1601 5539 καὶ
1629 5485 1980 5556 εὐφραίνεται

388 5580 416 5631 6
452 5581 704 5649 βασιλεὺς
729 5623 742 5645 ,
775 5586 803 5635 6
839 5581 935 5634 τοῦ
982 5580 1117 5633 Θεοῦ
1148 5580 1459 5651 Μονογενὴς
1487 5579 1614 5641 Υἱὸς
1640 5575 1979 5648 εὐχαριστῶν

387 5670 464 5741 τῷ
495 5672 687 5725 ἑαυτοῦ
723 5672 918 5743 Πατρὶ,
942 5671 1020 5742 τῷ
1050 5672 1119 5724 τὰ
1142 5671 1445 5742 τηλικαῦτα
1469 5668 1784 5739 χαρίσματα
1817 5666 1979 5719 δεδω-

389 5762 598 5833 ρημένιξ
644 5767 710 5835 τῇ
746 5763 856 5816 τῶν
893 5763 1197 5833 ἀνθρώπων
1229 5762 1385 5832 φύσε.
1425 5760 1626 5814 Τοῦτον
1662 5758 1718 5810 δὲ
1759 5756 1849 5809 τὸν
1880 5756 1976 5826 βα-

388 5875 402 5904 ι
425 5853 539 5908 ιλέα
567 5858 595 5909 ὁ
622 5858 803 5924 γνοὺς,
834 5856 926 5909 καὶ
954 5856 1137 5929 ὅρκιον
1165 5854 1330 5909 αὐτοῦ
1366 5852 1685 5923 ποιούμενος
1712 5848 1971 5918 τοῦνομα,

2088 4676 2251 4732 quam
2283 4660 2564 4727 lapsurum
2602 4667 2747 4715 esse,
2785 4656 2846 4703 ut
2901 4647 2995 4718 qui
3045 4652 3193 4699 recte
3222 4639 3513 4711 iuraverit.
3548 4637 3667 4732 laus

2085 4728 2329 4806 dabitur.
2375 4748 2440 4801 Et
2471 4747 2587 4800 haec
2630 4744 2948 4810 contingent
2980 4745 3096 4791 tum
3144 4734 3280 4804 regi,
3318 4742 3430 4785 ttuu
3475 4731 3541 4782 iis
3572 4728 3664 4797 qui

2086 4842 2153 4897 de
2192 4843 2311 4911 ipso
2356 4835 2687 4908 juraverint,
2740 4851 2758 4883 ‹
2785 4832 2917 4902 quia
2960 4829 3308 4883 obstructum
3354 4830 3437 4876 est
3483 4836 3545 4874 os
3585 4821 3666 4873 lo-

2087 4934 2373 5005 quentium
2405 4929 2617 4998 iniqua.
2643 4945 2662 4978 ›
2716 4923 3032 4979 Secundum
3070 4920 3232 4973 aliam
3276 4929 3406 4969 vero
3444 4920 3667 4967 senten-

2066 5024 2218 5083 tiam
2253 5023 2577 5092 cumjustus
2602 5020 2867 5073 virtutum
2899 5011 3148 5084 profectu
3176 5014 3370 5061 auctus
3401 5020 3664 5058 consum-

2084 5130 2299 5181 matur,
2356 5125 2487 5168 tunc
2531 5112 2731 5182 gaudet
2774 5124 2870 5162 rex
2921 5113 2977 5161 et
3023 5102 3284 5167 exsultat,
3335 5096 3664 5165 Unigenitus

2085 5210 2297 5266 scilicet
2328 5205 2424 5260 Dei
2452 5202 2647 5266 Filius,
2699 5198 2849 5252 Patri
2882 5211 2984 5251 suo
3030 5192 3238 5265 gratias
3268 5188 3534 5247 referens,
3571 5185 3663 5252 qui

2083 5300 2340 5354 humanae
2374 5303 2583 5349 natura:
2620 5298 2770 5344 tanta
2803 5288 3107 5359 gratiarum
3153 5282 3297 5336 dona
3341 5276 3662 5332 contulerii.

2084 5392 2245 5447 Hunc
2303 5403 2470 5459 porro
2518 5399 2702 5456 regem
2753 5382 2849 5453 qui
2893 5379 3129 5443 noverit,
3166 5376 3398 5442 ejusque
3444 5369 3663 5423 nomine

2080 5488 2147 5539 ad
2197 5485 2576 5554 juramentum
2608 5492 2742 5533 usus
2807 5472 2992 5535 fuerit,
3030 5472 3077 5526 is
3125 5484 3255 5524 sane
3309 5464 3456 5518 omni
3501 5458 3660 5554 laude

2082 5549 2281 5646 dignus
2318 5571 2621 5633 habeatur;
2664 5573 2853 5634 utpote
2903 5560 2995 5631 qui
3046 5554 3351 5646 edidicerit.
3389 5549 3656 5646 ejus-vir-

2080 5641 2196 5719 tute
2225 5665 2435 5734 justuut
2464 5663 2935 5718 consummatum,
2968 5659 3022 5706 et
3049 5666 3112 5704 os
3143 5644 3423 5734 quod'ibet
3449 5641 3661 5734 injusta

2082 5728 2252 5805 multa
2286 5747 2575 5819 proferens
2607 5746 2955 5799 obstructum
2987 5738 3178 5793 fuisse.
3235 5730 3462 5787 Etiamsi
3511 5728 3659 5783 enim

2081 5848 2371 5915 aliquanto
2411 5848 2665 5910 tempore
2722 5846 3046 5890 concessum
3080 5827 3263 5901 impiis
3297 5825 3419 5889 fuit,
3473 5828 3661 5876 utore
