4146 6390
445 319 560 376 (‘IS

1132 317 1402 374 EUSEBII
1442 315 1926 374 ϐίΕὸΛῙὶΙΕΝΞΙῦ
1961 319 2112 377 OPP.
2158 315 2345 376 PARS
2375 313 2468 372 IIi.
2516 343 2584 356 --
2624 309 3035 366 EXEGETIC.\.

3620 310 3724 366 διδ

445 440 654 509 ii-justa
687 435 859 492 multa
917 433 1248 506 proferrent,
1283 442 1338 490 et
1371 434 1692 506 blaspheme
1721 433 1870 490 dicta
1899 441 2032 490 eo‘n-

2139 433 2341 496 παντὸς
2372 430 2570 500 γένοιτ’
2600 427 2667 481 ἂν
2699 428 2923 480 ἐπαίνου
2959 425 3128 490 ἄξιος,
3160 425 3235 489 ὡς
3266 425 3332 478 ἂν
3369 442 3432 495 με
3443 423 3726 496 μαθηκὼςν

444 542 526 584 tra
581 529 793 598 justum
847 529 1140 601 ipsumque
1197 527 1370 583 De‘tm
1423 536 1769 600 spargerent,
1819 536 2031 598 utpote,

444 621 538 692 qui
585 620 735 673 viros
768 620 855 675 sui
906 632 1079 672 causa
1117 618 1310 684 pulsos
1345 634 1454 672 non
1497 618 1893 685 ulcisceretur;
1925 617 2034 673 illis

443 729 578 768 sane
612 729 722 767 non
771 713 1130 783 pet-mittetur
1160 722 1219 766 ut
1269 711 1337 766 ad
1373 712 1534 767 linem
1574 727 1750 782 usque
1781 711 1910 764 talia
1939 709 2036 765 de.

443 801 752 870 blatereii‘t;
811 805 909 858 sed
961 820 1025 859 os
1092 803 1324 874 impium
1353 805 1638 874 “ipsorum
1691 805 2033 866 obstruetur,

441 898 793 967 ressahitque
847 897 938 950 illa
988 905 1185 950 contra
1236 897 1356 967 pios
1402 896 1656 951 homines
1696 895 2031 966 arrogantia,

441 1003 568 1041 eum
599 989 721 1044 illos
749 997 1085 1043 memoratus
1116 988 1240 1042 linis
1280 988 1578 1058 exceperit.

2136 523 2218 576 ὅτι
2259 523 2326 592 τῇ
2373 519 2540 573 αὐτοῦ
2590 517 2819 588 δυνάμει
2867 517 2960 568 καὶ
2988 519 3016 568 ὁ
3041 516 3248 578 δίκαιος
3280 513 3565 586 ἐτελειώθη
3587 555 3602 579 ,
3636 514 3732 568 καὶ

2139 615 2248 667 πᾶν
2283 612 2456 684 στόμα
2479 611 2543 664 τό
2572 610 2740 663 πολλά
2782 608 2977 661 λαλοῦν
3007 607 3166 660 ἄδικα
3193 607 3490 676 ἐνεφρὰγη.
3523 607 3588 658 Εἰ
3621 605 3730 678 γὰρ

2138 707 2232 760 καὶ
2258 706 2329 759 τά
2365 705 2602 777 μάλιστα
2631 703 2806 774 καιρῷ
2839 719 2947 755 τινι
2983 703 3338 772 συνεχωρεῖτο
3365 701 3444 770 τῷ
3468 699 3575 752 τῶν
3600 701 3729 753 ἀσε-

2138 802 2248 854 ϐῶν
2293 799 2522 871 στόματι
2551 797 2730 851 λαλεῖν
2778 796 2939 849 ἄδικα
2975 797 3069 848 καὶ
3117 794 3605 864 καταϐλασφημεῖν
3636 791 3730 846 τοῦ

2136 893 2370 957 δικαίου,
2399 891 2495 945 καὶ
2533 891 2699 943 αὑτοῦ
2723 889 2818 943 τοῦ
2847 889 3006 952 Θεοῦ,
3047 888 3134 950 -ὼς
3167 887 3331 958 μηδὲν
3358 887 3731 958 ἐπαμύνοντος

2145 988 2261 1049 τοῖς
2289 984 2355 1038 δι’
2379 984 2541 1037 αὑτὸν
2561 982 2956 1052 ἐλαυνομένοις
2977 981 3091 1034 ἀλλ’
3114 981 3214 1033 οὐκ
3237 981 3316 1042 είς
3336 979 3487 1042 τέλος
3507 972 3731 1032 τοιαῦτα

442 1080 622 1132 λαλεῖν
657 1079 1208 1151 συγχωρηθήσονταιο
1239 1081 1585 1152 φραγήσεται
1629 1081 1688 1135 δὲ
1738 1079 1920 1136 αὐτῶν
1971 1079 2032 1133 τό
2068 1078 2264 1142 ἀσεϐὲς
2294 1078 2490 1150 στόμα,
2551 1077 2647 1129 καὶ
2673 1079 2706 1146 ἡ
2739 1076 2880 1129 κατά
2910 1076 3019 1128 τῶν
3085 1073 3349 1142 θεοφιλῶν
3383 1071 3594 1145 ἀνδρῶν
3634 1088 3729 1142 μεδ
3819 1077 3825 1083 “

442 1173 715 1243 γαλαυχία
745 1173 1114 1243 παυθήσεται,
1157 1173 1377 1227 ἐπειδὰν
1424 1171 1709 1244 καταλάϐῃ
1743 1172 1943 1236 αὐτοὺς
1972 1171 2042 1226 τά
2077 1170 2450 1244 προλεχθέντα
2486 1170 2638 1240 τέλη.

625 1289 779 1363 I.:IN
810 1287 1022 1342 FINEM
1054 1288 1628 1362 PSALhIUSﬁDAVID
1668 1288 1851 1344 LXIII.

521 1403 691 1458 Vens.
727 1403 784 1466 2,
819 1404 873 1459 5.
930 1422 948 1454 ι
975 1402 1209 1468 Exaudi,
1268 1403 1436 1469 Deus,
1487 1403 1799 1459 orationem
1832 1418 2034 1467 meam,

446 1513 573 1552 cum
631 1497 934 1568 deprecor:
985 1513 1015 1550 a
1059 1498 1256 1552 timore
1319 1497 1532 1552 inimici
1581 1499 1736 1568 eripe
1792 1497 2034 1552 animam

447 1605 678 1644 meath
742 1587 991 1644 Praesens
1023 1605 1244 1660 quoque
1274 1590 1521 1660 psalmus
1553 1589 1608 1644 in
1641 1591 1804 1645 linem
1844 1591 2035 1644 remit-

447 1683 534 1745 tit,
569 1697 680 1752 quo
708 1682 897 1736 bravia
929 1697 1185 1753 superna:
1218 1683 1555 1742 vocationis.
1583 1692 1637 1738 et
1668 1683 1902 1752 justitiae
1941 1677 2035 1738 co-

2271 1288 2378 1340 ΕῙΣ
2414 1287 2503 1340 ΤΟ
2541 1287 2762 1340 ΤΕΛΟΣ
2797 1285 3090 1339 ΨΑΛΜΟΣ
3129 1284 3217 1354 Τῼ
3253 1283 3452 1336 ΔΑΥΙΔ
3488 1280 3604 1336 ΞΡ.

2221 1420 2238 1452 ι
2269 1400 2601 1454 Εἰσάκουσον
2621 1441 2635 1464 ,
2681 1402 2710 1454 ὁ
2739 1399 2902 1466 Θεὸς,
2933 1398 3258 1472 προσευχῆς
3277 1415 3379 1468 μου
3434 1397 3491 1449 ἐν
3538 1396 3614 1466 τῷ
3645 1395 3730 1447 δέ-

2143 1495 2300 1552 εσθαί
2331 1513 2398 1567 με
2419 1536 2434 1561 ,
2460 1495 2568 1548 ἀπὸ
2597 1495 2762 1564 φόϐου
2791 1493 2987 1564 ἐχθροῦ
3011 1492 3191 1560 ἐξέλου
3219 1493 3317 1563 τὴν
3337 1491 3514 1561 ψυχήν
3547 1507 3669 1560 μου.
3707 1509 3725 1538 ι

2142 1589 2254 1643 Καὶ
2283 1590 2312 1641 ὁ
2347 1587 2538 1658 παρὼν
2562 1587 2777 1658 ψαλμὸς
2813 1588 2894 1650 εὶς
2925 1585 2987 1639 τὸ
3015 1584 3166 1648 τέλος
3207 1583 3522 1654 ἀναπέμπει
3543 1599 3555 1611 ’
3592 1584 3648 1634 ἐν

2141 1681 2212 1736 τά
2255 1681 2483 1754 βραϐεῖα
2509 1681 2608 1751 τῆς
2642 1681 2755 1735 ἀνω
2786 1680 3036 1751 κλήσεως
3059 1718 3075 1742 ,
3114 1679 3204 1732 καὶ
3234 1678 3361 1740 τοὺς
3403 1677 3502 1746 τῆς
3528 1674 3731 1728 δικαιο-

447 1791 636 1837 ronas,
666 1776 758 1845 qui
793 1776 994 1829 bonum
1043 1783 1322 1830 certamen
1368 1783 1742 1838 certaverunt,
1773 1791 1803 1829 a
1836 1790 2032 1846 magno

2144 1773 2310 1844 σύνης
2341 1773 2636 1842 στεφάνους
2659 1775 2705 1826 οἱ
2728 1773 2820 1826 τὸν
2852 1772 3040 1841 ἀγῶνα
3064 1771 3154 1824 τὸν
3185 1770 3346 1824 καλὸν
3369 1767 3733 1839 διηγωνισμέέ

446 1865 542 1918 illo
572 1865 900 1934 agonothcta
932 1865 1212 1932 accepturi
1254 1873 1404 1918 sunt.
1455 1863 1639 1929 Quare
1669 1865 1724 1918 in
1761 1865 2033 1934 principio

448 1955 667 2024 psalmi,
722 1953 930 2006 inimici
965 1963 1021 2007 et
1065 1954 1240 2023 iniqui
1275 1953 1528 2009 homines
1584 1961 1779 2009 contra
1817 1954 2032 2024 justum

448 2049 797 2116 insurgentes
825 2045 1197 2112 inducuntur;
1234 2046 1290 2100 in
1322 2046 1430 2101 fine
1459 2055 1646 2102 autem
1694 2047 1867 2102 totius
1911 2062 2032 2102 ser-

447 2141 629 2195 monis
665 2156 818 2209 spem
847 2141 1043 2194 bonam
1075 2140 1332 2210 obsignat
1377 2140 1463 2195 his
1496 2140 1702 2204 verbis,
1755 2157 1775 2192 ι
1801 2139 2034 2195 Lmtabi-

447 2234 743 2303 turjustus
775 2234 830 2286 in
865 2231 1120 2296 Domino,
1151 2241 1206 2288 et
1237 2234 1482 2302 sperabit
1526 2233 1582 2288 in
1612 2248 1704 2297 eo,
1747 2243 1803 2288 et
1841 2234 2034 2289 lauda-

448 2325 657 2379 buntur
697 2340 893 2381 omnes
941 2327 1078 2381 recti
1112 2325 1334 2380 corde.’
1380 2325 1569 2380 Talem
1627 2325 1874 2380 futurum
1907 2341 2034 2380 esse

447 2418 612 2472 finem
644 2417 805 2472 docet
835 2433 1024 2473 eorum
1059 2419 1152 2488 qui
1202 2433 1304 2488 pro
1352 2417 1569 2488 justitia
1619 2426 2031 2474 eoncertarunt.

445 2507 762 2580 Religiosus
799 2525 930 2566 vero
973 2511 1200 2574 athleta,
1239 2525 1270 2562 a
1302 2510 1583 2566 sexcentis
1622 2510 1883 2566 hostibus
1928 2511 2034 2565 ini-

446 2603 717 2672 micisque
761 2603 978 2664 animae,
1011 2617 1122 2656 non
1151 2603 1330 2658 solum
1357 2601 1690 2668 visibilibus,
1737 2601 1834 2656 sed
1867 2602 2032 2657 etiam

444 2693 678 2747 occultis
712 2693 1029 2763 impetibus,
1081 2693 1147 2746 ad
1183 2708 1352 2746 unum
1383 2690 1554 2747 Deum
1585 2690 1854 2763 confugit,
1887 2692 2032 2761 ejus.

445 2801 554 2854 que
581 2785 846 2838 auxilium
876 2785 1140 2854 postulat,
1165 2785 1282 2839 hazc
1312 2791 1524 2839 tantum
1568 2800 1676 2838 non
1712 2786 2030 2852 proferens:

449 2897 471 2929 ‹
493 2877 552 2932 Si
583 2877 729 2933 Deus
758 2893 856 2947 pro
886 2878 1065 2941 nobis,
1093 2879 1217 2948 quis
1252 2888 1446 2933 contra
1489 2880 1688 2934 nos“?
1714 2899 1732 2930 ι
1759 2879 2037 2946 Quamob-

448 2986 562 3024 rem
602 2971 858 3040 preeibus
917 2970 1011 3025 dat
1050 2985 1291 3039 operam,
1345 2971 1514 3026 Deum
1565 2971 1832 3027 invocans
1865 2979 1919 3026 et
1951 2971 2036 3025 di-

445 3078 616 3118 cens:
653 3062 926 3127 «Exaudi,
973 3063 1140 3130 Deus,
1169 3064 1475 3119 orationem
1518 3079 1720 3128 meam,
1766 3080 1891 3118 cum
1937 3064 2035 3118 de-

2139 1883 2220 1919 νοι
2283 1865 2433 1937 παρὰ
2462 1865 2556 1918 τοῦ
2590 1865 2827 1936 μεγάλου
2855 1864 3119 1934 λήψονται
3145 1861 3506 1932 ἀγωνοθέτου.
3543 1860 3632 1913 Διὸ
3663 1861 3732 1914 τά

2141 1958 2240 2030 μέν
2289 1958 2483 2030 πρῶτα
2524 1957 2618 2010 τοῦ
2662 1958 2879 2028 ψαλμοῦ
2923 1957 3152 2028 ἐχθροὺς
3183 1958 3392 2026 εἰσάγει
3437 1958 3534 2010 καὶ
3568 1973 3735 2026 πονη-

2141 2047 2470 2119 ρευομένους
2499 2048 2967 2118 ἐπανισταμένους
2997 2046 3074 2118 τῷ
3098 2047 3293 2118 δικαίῳ
3316 2064 3328 2076 ·
3359 2049 3416 2099 ἐν
3447 2047 3504 2100 δὲ
3536 2046 3612 2117 τῷ
3644 2048 3736 2100 τέ-

2136 2139 2217 2192 λει
2249 2139 2346 2192 τοῦ
2375 2139 2578 2203 παντὸς
2605 2139 2765 2208 λόγου
2795 2139 3041 2210 χρηστὰς
3070 2139 3292 2203 ἐλπίδας
3332 2139 3727 2212 ἐπισφραγίζε-

2135 2249 2228 2284 ται
2259 2230 2464 2300 λέγων·
2499 2249 2517 2281 ‹
2555 2215 3010 2301 Εύφρανθήσεται
3065 2231 3272 2295 δίκαιος
3311 2233 3369 2284 ἐν
3396 2232 3474 2302 τῷ
3507 2234 3731 2304 Κυρίῳ,

2137 2323 2232 2375 καὶ
2279 2323 2460 2376 ἐλπιεῖ
2499 2323 2586 2374 ἐπ’
2613 2322 2808 2376 αὐτόν·
2843 2322 2937 2375 καὶ
2968 2321 3419 2394 ἐπαινεθήσονται
3453 2322 3654 2385 πάντες
3683 2324 3733 2376 ot

2137 2413 2314 2478 εῦθεῖς
2343 2417 2410 2487 τῇ
2443 2414 2660 2486 καρδίᾳ.
2695 2434 2713 2464 ι
2744 2412 2985 2467 Τοιαῦτα
3023 2414 3091 2467 τὰ
3119 2415 3248 2486 τέλη
3279 2415 3388 2467 τῶν
3416 2416 3557 2487 ὑπὲρ
3582 2415 3736 2468 εὐσε-

2138 2507 2707 2578 ϐείαςὴγωνισμένων
2732 2503 2872 2561 εἶναι
2906 2507 3168 2562 διδάσκει.
3201 2508 3260 2562 Ὀ
3290 2509 3354 2576 γέ
3385 2526 3465 2561 τοι
3487 2509 3588 2579 τῆς
3613 2507 3733 2560 θεὼ

2139 2601 2354 2665 σεϐείας
2368 2600 2626 2673 ἀθλητὴς,
2649 2601 2876 2672 μυρίους
2904 2601 3044 2671 ἔχων
3067 2600 3294 2672 ἐχθροὺς
3317 2602 3413 2655 καὶ
3439 2601 3734 2672 πολεμίους

2135 2695 2239 2765 τῆς
2276 2693 2442 2747 αὑτοῦ
2467 2693 2666 2764 ψυχῆς,
2700 2693 2802 2765 οὐχ
2824 2694 3054 2764 όρατοὺς
3094 2693 3275 2764 μόνον,
3308 2693 3444 2747 ἀλλά
3473 2694 3568 2746 καὶ
3593 2695 3735 2762 ἀφα-

2138 2791 2283 2851 νεῖς,
2337 2788 2483 2859 μόνῳ
2517 2786 2856 2858 προσφεύγει
2899 2786 2977 2858 τῷ
3014 2785 3132 2856 Θεῷ
3165 2787 3260 2840 καὶ
3281 2788 3382 2857 τὴν
3411 2786 3540 2858 παρ’
3567 2785 3734 2839 αὐτοῦ

2141 2879 2393 2950 βοήθειαν
2420 2882 2598 2943 αἰτεῖ,
2633 2879 2916 2951 μονονουχὶ
2949 2879 3125 2947 λέγων
3147 2895 3158 2907 ·
3200 2898 3218 2929 ι
3251 2880 3315 2932 Εἰ
3355 2881 3384 2932 ὁ
3417 2879 3550 2942 Θεὸς
3594 2879 3737 2950 ὑπὲρ

2141 2974 2330 3045 ἡμῶν,
2374 2976 2460 3038 τίς
2515 2975 2639 3028 καθ’
2674 2974 2873 3046 ἠμὼν;
2907 2994 2924 3026 ι
2959 2975 3051 3027 Διὸ
3085 2977 3208 3036 ταῖς
3242 2974 3434 3045 εὐχαῖς
3483 2973 3736 3044 σχολάζει

2137 3065 2229 3118 τὸν
2261 3065 2394 3118 Θεὸν
2423 3063 2866 3134 ἀνακαλούμενος
2899 3064 2992 3118 καὶ
3021 3064 3224 3132 λέγων·
3266 3083 3285 3116 ι
3320 3063 3674 3126 Είσάκουσον,
3706 3067 3738 3118 ό

449 3171 664 3226 precor.
697 3175 715 3208 ι
753 3156 857 3222 Qui
889 3171 1020 3210 vero
1048 3156 1364 3226 hujusmodi
1391 3172 1500 3212 non
1531 3165 1637 3222 est,
1683 3157 1780 3212 sed
1829 3157 2031 3212 divinis

2138 3154 2304 3218 Θεὸς,
2350 3155 2660 3226 προσευχῆς
2692 3173 2795 3226 μου
2823 3156 2881 3208 ἐν
2927 3155 3005 3226 τῷ
3035 3155 3251 3209 δέεσθαί
3290 3173 3378 3226 με.
3420 3175 3439 3208 ι
3486 3157 3542 3208 Ὀ
3575 3155 3630 3208 δὲ
3661 3155 3736 3226 μὴ

447 3249 735 3318 praeceptis
782 3263 892 3302 non
943 3249 1305 3319 obtemperat,
1347 3255 1501 3304 tanta
1552 3249 1753 3304 fiducia
1801 3249 1878 3304 uti
1923 3266 2032 3304 non

447 3341 627 3394 valet:
666 3355 774 3410 qua
831 3355 1090 3395 mensura
1127 3341 1274 3395 enim
1315 3341 1596 3402 metimur,
1628 3342 1819 3396 eadem
1856 3358 2035 3397 reme-

448 3432 616 3485 tietur
645 3433 824 3486 nobis.
873 3431 1222 3502 Quapropter
1259 3433 1313 3486 in
1357 3433 1670 3489 Proverbiis
1717 3433 1832 3488 hazc
1876 3433 2036 3488 inob-

447 3526 808 3595 sequentibus
851 3524 942 3580 Dei
996 3524 1275 3595 Sapientia
1321 3525 1527 3581 edicit:
1586 3524 1771 3592 «Quia
1818 3525 2033 3592 vocavi,

444 3625 501 3671 et
529 3632 637 3670 non
685 3617 978 3680 obedistis,
1023 3616 1245 3670 extendi
1290 3630 1602 3683 sermones,
1633 3625 1688 3672 et
1717 3631 1828 3670 non
1859 3623 2036 3669 atten-

445 3712 638 3776 distis;
679 3710 774 3765 sed
810 3710 964 3764 irrita
1015 3709 1226 3764 fecistis
1277 3710 1507 3765 consilia
1553 3725 1692 3774 mea,
1748 3711 2035 3780 praeceptis

445 3812 626 3858 autem
657 3803 796 3858 meis
830 3819 938 3857 non
973 3803 1418 3873 obtemperastis.
1457 3802 1646 3873 Itaque
1679 3819 1782 3874 ego
1813 3817 2036 3873 quoque

443 3895 499 3948 in
534 3896 760 3950 interitu
795 3905 980 3950 vestro
1008 3895 1310 3951 ridebo".r
1357 3893 1471 3949 Erit
1500 3897 1645 3950 enim
1680 3903 1895 3966 tempus
1924 3910 2035 3965 quo

447 3989 780 4042 invocabitis
812 4005 920 4052 me,
972 3999 1025 4041 et
1063 4004 1166 4058 ego
1209 4003 1322 4042 non
1376 3989 1692 4043 exaudiam.
1749 3988 1807 4042 Si
1868 3989 2034 4059 igitur

443 4081 696 4134 exaudiri
734 4081 992 4135 volumus
1031 4096 1155 4134 cum
1205 4081 1529 4136 invocamus
1563 4081 1758 4145 Deum,
1792 4081 2031 4168 idipsum

443 4189 547 4229 nos
610 4174 816 4230 divinis
891 4174 1180 4244 praeceptis
1238 4175 1686 4245 obtemperantes
1737 4175 2030 4228 faciamus.

445 4265 601 4320 Tunc
634 4266 782 4319 enim
816 4267 988 4319 multa
1019 4281 1144 4319 cum
1181 4265 1382 4320 fiducia
1423 4281 1527 4321 nos
1557 4283 1776 4336 quoque
1806 4266 1918 4322 Deo
1946 4266 2034 4321 di-

443 4370 568 4410 cere
603 4357 949 4425 poterimus:
987 4373 1007 4406 ‹
1038 4355 1270 4421 Exaudi,
1306 4353 1472 4422 Deus,
1505 4357 1816 4412 orationem
1853 4373 2032 4412 meam

441 4461 566 4500 cum
598 4447 884 4515 deprecor.
914 4465 932 4497 ι
955 4445 1096 4512 Quid
1127 4453 1308 4500 autem
1337 4447 1530 4502 beatus
1558 4445 1728 4501 David
1763 4450 2031 4518 precaba—

2135 3249 2378 3313 τοιοῦτος
2399 3288 2414 3310 ,
2443 3248 2775 3320 παρακούων
2807 3249 2864 3301 δὲ
2897 3248 3006 3302 τῶν
3035 3249 3130 3301 τοῦ
3175 3248 3312 3302 Θεοῦ
3343 3249 3734 3320 παραγγελμά-

2135 3358 2264 3406 των,
2290 3342 2391 3394 οὐκ
2424 3341 2488 3393 ἂν
2515 3340 2735 3392 δύναιτο
2775 3338 3016 3410 χρῆσθαι
3045 3341 3112 3409 τῇ
3144 3338 3384 3409 τοσαύτῃ
3416 3339 3730 3410 παρρησία·

2133 3425 2178 3497 ᾧ
2200 3431 2309 3501 γὰρ
2339 3430 2521 3501 μέτρῳ
2553 3429 2862 3501 μετροῦμεν
2897 3431 3314 3501 άντιμετρεῖται
3345 3431 3498 3500 ἡμῖν.
3536 3431 3737 3500 Διόπερ

2136 3525 2193 3577 ἐν
2221 3521 2552 3592 Παροιμίαις
2593 3523 2627 3592 ἡ
2655 3520 2750 3573 τοῦ
2785 3521 2922 3574 Θεοῦ
2961 3521 3123 3591 σοφία
3154 3522 3291 3592 πρὸς
3333 3523 3458 3586 τοὺς
3489 3523 3736 3586 ἀπειθεῖς

2136 3615 2481 3667 ἀποτείνεται
2527 3613 2796 3682 λέγουσα·
2841 3633 2858 3664 ι
2903 3613 3044 3666 Ἀνθ’
3089 3607 3165 3666 ὧν
3201 3614 3452 3678 ἐκάλουν,
3505 3615 3600 3668 καὶ
3636 3617 3735 3684 οὐχ

2137 3705 2506 3776 ὑπηκούσατε,
2535 3705 2629 3758 καὶ
2659 3705 2926 3771 ἐξέτεινον
2950 3705 3164 3774 λόγους,
3190 3709 3283 3761 καὶ
3309 3707 3370 3760 ού
3395 3707 3731 3778 προσείχετε·

2136 3797 2252 3852 ἀλλ’
2296 3797 2536 3870 ἀκύρους
2589 3800 2826 3851 ἐποιεῖτε
2871 3799 2973 3862 τὰς
3021 3798 3162 3869 ἐμάς
3213 3798 3449 3869 βουλὰς,
3508 3803 3628 3863 ταῖς
3678 3799 3735 3851 δὲ

2136 3894 2298 3963 ἐμαῖς
2336 3890 2578 3955 ἐντολαῖς
2615 3891 2674 3943 ού
2727 3891 3069 3963 προσείχετε.
3115 3893 3419 3964 Τοιγαροῦν
3462 3893 3616 3962 κάγὼ
3666 3897 3733 3966 τῇ

2137 3984 2381 4055 ὑμετέρᾳ
2427 3983 2675 4054 ἀπωλείᾳ
2714 3983 3131 4056 ἐπιγελάσομαι.
3175 4005 3194 4036 ι
3248 3987 3441 4040 Ἔσται
3493 3986 3601 4056 γὰρ
3645 3987 3733 4038 ὅτε

2136 4078 2527 4132 ἐπικαλέσεσθε
2555 4097 2642 4149 με,
2669 4078 2780 4148 ἐγὼ
2812 4081 2868 4132 δέ
2894 4081 2994 4132 οὐκ
3021 4079 3431 4149 εἰσακούσομαι.
3461 4082 3523 4134 Εἰ
3553 4082 3732 4134 τοίνυν

2136 4171 2518 4224 είσακούεσθαι
2550 4171 2851 4243 βουλόμεθα
2885 4175 2942 4226 ἐν
2975 4168 3057 4236 di;
3087 4173 3319 4244 δεόμεθα
3338 4173 3432 4225 τοῦ
3459 4174 3620 4238 Θεοῦ,
3640 4177 3734 4228 καὶ

2139 4266 2294 4318 αὐτοὶ
2327 4264 2486 4317 τοῦτο
2511 4266 2841 4336 πράττωμεν
2871 4269 2984 4330 τοῖς
3017 4266 3109 4320 τοῦ
3133 4267 3269 4320 Θεοῦ
3299 4268 3735 4339 παραγγέλμασι

2137 4359 2494 4422 καταπειθεῖς
2522 4360 2854 4430 γιγνόμενοι.
2891 4361 3026 4413 Τότε
3056 4359 3167 4433 γάρ
3195 4363 3290 4414 σὺν
3320 4361 3488 4432 πολλῇ
3525 4364 3733 4434 παρρη-

2139 4453 2230 4524 σίᾳ
2249 4453 2352 4506 ’καὶ
2381 4453 2534 4505 αὐτοὶ
2568 4453 2734 4521 φάναι
2762 4453 3108 4525 δυνησόμεθα
3134 4453 3212 4524 τῷ
3234 4453 3354 4524 Θεῷ
3379 4471 3392 4484 ο
3424 4474 3440 4506 ι
3471 4455 3729 4509 Εἰσάκου-

443 4546 534 4592 tur
583 4538 768 4608 (illius
829 4553 1085 4608 namque,
1136 4547 1196 4592 ut
1237 4540 1474 4601 aestimo,
1527 4540 1694 4594 verba
1755 4548 1923 4607 sunt,
1959 4558 2028 4596 eo

2137 4563 2259 4609 σον,
2283 4548 2312 4599 ὁ
2333 4545 2466 4609 Θεὸς
2487 4587 2502 4610 ,
2530 4546 2629 4616 τῆς
2666 4547 2977 4617 προσευχῆς
3006 4565 3106 4618 μου
3146 4548 3204 4600 ἐν
3232 4547 3308 4617 τῷ
3339 4548 3551 4602 δέεσοαί
3583 4567 3669 4620 με.
3705 4569 3726 4601 ι

443 4638 688 4700 tempore
722 4630 936 4699 prolata
968 4644 1078 4699 quo
1120 4645 1148 4682 a
1184 4627 1350 4684 Saule
1379 4639 1434 4685 et
1467 4631 1768 4687 comitibus
1795 4633 1917 4700 ejus
1950 4632 2031 4687 fu-

444 4723 686 4793 giebat),
753 4730 814 4775 ut
845 4722 1031 4776 anima
1089 4722 1264 4792 ipsius
1298 4737 1328 4774 a
1366 4723 1563 4777 timore
1597 4725 1804 4778 inimici
1851 4727 2030 4794 eripe-

444 4825 615 4878 retur,
651 4830 760 4869 non
793 4822 976 4869 autem
1004 4823 1064 4869 ut
1096 4815 1356 4869 inimicos
1404 4830 1514 4869 non
1549 4817 1796 4880 haberet,
1836 4826 1931 4870 aut
1969 4826 2040 4892 ut.

443 4909 674 4962 consilia
721 4922 912 4961 eorum
957 4906 1415 4974 eliminarentur;
1475 4909 1571 4962 sed
1619 4910 1802 4962 anima
1852 4911 2028 4979 ipsius

441 5001 818 5071 imperterrita
848 5009 902 5054 et
933 4999 1206 5069 intrepida
1232 5008 1518 5066 maneret;
1557 5010 1616 5054 ut
1664 5001 2030 5070 imperturba-

441 5104 556 5148 tum
612 5107 813 5163 gerens
865 5092 1135 5154 animum,
1178 5087 1297 5160 ipse
1329 5091 1559 5161 perinde
1614 5102 1778 5163 atque
1822 5091 2027 5149 Paulus

440 5189 683 5243 diceret:
731 5205 748 5236 ι
775 5185 833 5238 In
885 5185 1144 5240 omnibus
1178 5185 1594 5239 tribulationem
1631 5186 1896 5254 patimur,
1931 5186 2030 5241 sed

438 5297 549 5335 non
585 5281 1001 5349 angnstiamur;
1036 5278 1472 5346 persecutionem
1503 5278 1764 5347 patimur,
1791 5278 1884 5334 sed
1918 5295 2032 5333 non

439 5374 914 5444 derelinquimur;
960 5372 1275 5440 dejicimur,
1331 5369 1428 5426 sed
1486 5386 1598 5425 non
1656 5371 1902 5440 perimus
1925 5371 2025 5424 ³⁸.»

440 5465 568 5521 Haec
601 5481 727 5519 cum
760 5463 871 5519 Deo
900 5464 1111 5519 diceret
1157 5461 1352 5525 David,
1401 5477 1509 5516 non
1559 5472 1680 5518 erat
1734 5463 2032 5518 beneﬁcio-

436 5570 585 5617 rum,
617 5569 739 5624 quae
777 5554 880 5608 sibi
932 5555 1142 5624 pridem
1175 5555 1377 5609 collata
1428 5553 1667 5615 fuerant,
1714 5555 2024 5610 immemor.

439 5652 621 5714 Quare
658 5650 725 5703 de
768 5650 1060 5718 praeteritis
1108 5651 1315 5719 gratias
1362 5665 1551 5720 agens,
1603 5650 1808 5704 infert:
1849 5667 1866 5698 ι
1894 5647 2023 5702 Pro-

509 5806 558 5840 ⁸⁸
589 5804 746 5860 Rom.
782 5821 905 5869 vm,
930 5804 1018 5860 51.
1096 5807 1140 5837 ³⁷
1171 5805 1332 5861 Prov.
1367 5823 1407 5871 ι,
1433 5805 1629 5860 Ξίοῖϐ.

2138 4637 2203 4690 Τί
2240 4637 2297 4690 δέ
2333 4637 2503 4690 ἐδεῖτο
2547 4640 2575 4691 ὁ
2622 4639 2892 4709 μακάριος
2920 4640 3084 4691 Δαυῖδ
3104 4657 3117 4702 ;
3154 4638 3338 4707 (αὐτοῦ
3371 4641 3480 4711 γάρ
3509 4643 3646 4693 εἰσιν
3679 4644 3729 4693 οἱ

2134 4728 2310 4797 λόγοι,
2349 4729 2425 4791 ὡς
2458 4727 2612 4800 οἶμαι
2632 4773 2646 4795 ,
2674 4729 2816 4782 κατά
2847 4731 2972 4794 τοὺς
3003 4731 3228 4802 χρόνους
3256 4732 3537 4802 εἰρημένοι
3562 4773 3575 4795 ,
3606 4732 3730 4786 καθ’

2135 4820 2228 4884 οὓς
2266 4819 2357 4875 τὸν
2396 4822 2569 4874 Σαοὺλ
2596 4822 2792 4890 ἔφευγε
2827 4825 2922 4875 καὶ
2965 4824 3090 4885 τοὺς
3121 4823 3219 4875 σὺν
3249 4824 3398 4894 αύτῷ
3425 4843 3438 4854 ·
3460 4825 3476 4893 )
3500 4825 3598 4896 τὴν
3625 4825 3730 4893 ψυ-

2139 4913 2242 4983 χὴν
2275 4914 2440 4966 αὑτοῦ
2487 4915 2748 4985 ρυσθῆναι
2779 4915 2886 4968 ἀπὸ
2918 4916 3084 4985 φόϐου
3112 4917 3310 4988 ἐχθροῦ
3332 4957 3346 4978 ,
3375 4918 3475 4970 οῦκ
3504 4917 3729 4988 ἐχθροὺς

2142 5005 2216 5075 μὴ
2243 5003 2386 5074 ἔχειν
2406 5045 2419 5068 ,
2459 5005 2578 5058 οῦδὲ
2603 5005 2701 5066 τὰς
2734 5007 2960 5060 ἐκείνων
2991 5009 3433 5079 ἀποκρουσθῆναι
3469 5010 3729 5080 προαιρέ-

2140 5112 2281 5160 σεις·
2311 5097 2409 5167 τὴν
2430 5097 2486 5149 δὲ
2517 5098 2681 5150 αὑτοῦ
2716 5099 2894 5170 ψυχὴν
2925 5099 3162 5172 ἄτρομον
3185 5102 3278 5154 καὶ
3319 5102 3611 5172 ἀπτόητον,
3633 5103 3728 5152 καὶ

2133 5187 2336 5256 ἄφοϐον
2366 5190 2762 5262 διατηρεῖσθαι,
2787 5192 2955 5256 ὅπως,
2983 5195 3041 5244 ἐν
3071 5192 3179 5257 ἕξει
3207 5193 3497 5262 γενόμενος
3527 5194 3726 5263 ἀταρα-

2136 5279 2275 5345 ξίας,
2305 5282 2440 5356 λέγῃ
2464 5285 2558 5336 καὶ
2590 5284 2751 5345 αὐτὸς
2782 5286 2986 5354 ὁμοίως
3014 5285 3213 5355 Παύλῳ
3236 5303 3282 5335 ·‹
3308 5286 3398 5338 Ἐν
3433 5285 3594 5338 παντὶ
3615 5285 3722 5336 θλι-

2133 5373 2353 5445 ϐόμενοι
2379 5417 2393 5438 ,
2422 5376 2535 5430 ἀλλ’
2568 5379 2630 5429 οὐ
2662 5377 3161 5450 στενοχωρούμενοι
3184 5396 3199 5410 ο
3233 5377 3572 5451 διωκόμενοι,
3609 5377 3717 5430 ἀλλ’

2139 5468 2240 5520 οῦκ
2280 5469 2838 5540 ἐγκαταλειπόμενοιο
2891 5470 3394 5542 καταϐαλλόμενοι,
3461 5469 3576 5524 ἀλλ’
3626 5469 3713 5522 οῦ)

2134 5557 2552 5631 ἀπολλύμενοι.»
2577 5561 2761 5628 Λέγων
2778 5562 2833 5614 δὲ
2861 5563 3033 5615 ταῦτα
3051 5563 3187 5634 πρὸς
3203 5565 3293 5616 τὸν
3320 5563 3453 5616 Θεὸν
3487 5564 3517 5615 ὁ
3542 5561 3722 5624 Δαυῖδ,

2127 5651 2226 5703 οὐκ
2289 5653 2590 5724 ἠμνημόνει
2655 5653 2764 5705 τῶν
2819 5655 2921 5724 ’ἤδη
2967 5655 3233 5727 πρότερον
3291 5658 3370 5719 εἰς
3422 5654 3587 5708 αὑτὸν
3629 5669 3716 5723 γε-

1742 5808 1787 5840 ⁰⁸
1815 5805 1859 5860 Il
1893 5806 2017 5862 Cor.
2045 5823 2118 5874 Iv,
2150 5808 2203 5872 8,
2242 5809 2294 5862 9.
