4146 6390
425 303 528 362 617

1628 317 2130 378 COMMENTARIA
2171 325 2238 381 IN
2278 328 2615 390 PSALMOS.

3573 356 3676 409 6l8

421 420 664 493 vpva
685 419 1033 494 ευεργεσιῶν.
1073 422 1164 477 Διὸ
1202 422 1541 496 εὐχαριστῶν
1571 432 1664 485 ἐπὶ
1703 437 1814 498 τοῖς
1859 453 1980 508 παρ·

2104 444 2284 498 texisti
2337 461 2422 501 me
2477 463 2508 501 a
2551 461 2824 506 conventu
2863 457 3302 529 malignantium.
3357 480 3386 517 a
3433 470 3681 526 multitu-

419 513 714 585 ιιαηκόσιν,
744 514 1004 583 ἐπιλέγει·
1037 534 1056 568 ι
1079 516 1419 584 Ἐσκέπασάς
1455 539 1522 592 με
1551 524 1660 578 ἀπὸ
1693 529 2002 599 συστροφῆς

419 606 893 677 πονηρευομένων,
916 605 1025 660 ἀπὸ
1059 607 1294 680 πλήθους
1324 612 1706 685 ἐργαζομένων
1731 619 1959 674 ἀδικίαν.
1977 641 1994 672 ι

423 694 562 767 Ἤδη
605 694 714 767 γὰρ
753 699 949 769 πεῖραν
977 697 1212 768 εἰληφὼς
1246 700 1357 754 τῶν
1393 702 1716 772 φθασάντων
1748 711 1829 773 είς
1863 711 1997 782 ἐμὲ,

417 785 615 841 οὕποτε
646 787 816 859 λήθην
843 789 1023 842 αὐτῶν
1068 793 1400 863 ποιήσασθαι
1431 795 1697 869 δύναμαι·
1730 802 1911 873 φέρων
1941 803 1997 856 δὲ

416 877 559 932 αὐτὰ
591 878 680 933 διὰ
708 879 909 943 παντὸς
942 882 1000 935 ἐν
1034 882 1259 955 μνήμῃ,
1303 887 1623 959 εὐχάριστος
1652 894 1826 946 είσαεὶ
1864 912 1997 964 τυγ-

414 971 584 1044 χάνω.
619 973 808 1044 Ὅμως
848 973 905 1027 δὲ
943 975 1039 1028 καὶ
1087 975 1184 1029 νῦν
1214 977 1315 1047 τῆς
1346 981 1519 1052 αὐτῆς
1547 982 1682 1048 ἀξιῶ
1716 986 1868 1057 παρὰ
1902 988 1996 1042 σοῦ

417 1063 668 1136 βοηθείας
699 1068 902 1136 τυχεῖν.
944 1065 1102 1120 Κατὰ
1127 1067 1184 1120 δέ
1215 1071 1342 1134 τοὺς
1373 1071 1591 1139 λοιποὺς
1623 1078 1994 1150 ἐρμηνευτὰς,

415 1158 516 1228 μία
547 1157 643 1210 καὶ
669 1160 702 1229 ἠ
735 1159 872 1230 αὐτὴ
901 1159 1243 1229 πεφύλακται
1267 1162 1362 1216 τοῦ
1389 1164 1546 1234 λόγου
1581 1167 1838 1240 ἔγκλησις
1859 1211 1874 1236 ,
1903 1174 1996 1226 καὶ

416 1249 513 1320 μία
557 1249 760 1304 διάνοια
793 1250 901 1303 τῶν
942 1252 1279 1323 εἰρημένων·
1314 1256 1393 1309 διὸ
1425 1256 1670 1312 λέλεκται
1714 1262 1856 1315 κατὰ
1905 1261 1996 1316 τὸν

414 1341 742 1413 Σύμμαχον·
780 1361 798 1394 ι
829 1343 1193 1407 Είσάκουσον,
1245 1347 1274 1398 ὁ
1318 1347 1482 1414 Θεὸς,
1525 1350 1628 1420 τῆς
1661 1352 1844 1422 φωνῆς
1892 1371 1994 1423 μου

411 1431 872 1504 προσλαλοῦντος,
906 1434 1013 1487 ἀπὸ
1046 1434 1359 1507 ἐκπλήξεως
1397 1441 1593 1514 ἐχθροῦ
1638 1444 1996 1515 περιφράξεις

407 1523 506 1596 τήν
537 1522 681 1597 ζωήν
710 1543 810 1597 μου
832 1543 846 1556 ’
879 1525 1111 1597 κρύψεις
1145 1545 1211 1599 με
1258 1531 1369 1584 ἀπὸ
1407 1533 1726 1603 συσκὲψεων
1755 1538 1992 1610 κακούρ-

405 1634 539 1686 γων,
578 1618 687 1671 ἀπὸ
717 1619 1004 1690 κυκήσεως
1033 1619 1418 1692 ἐργαζομένων
1447 1625 1681 1680 ἀδικίαν.
1713 1645 1732 1679 ›
1769 1629 1842 1681 Οὐ
1884 1629 1994 1701 γὰρ

404 1708 482 1775 ὡς
511 1713 638 1784 περὶ
672 1713 1080 1784 παρῳχηκότων
1101 1753 1115 1777 ,
1151 1714 1266 1767 ἀλλ’
1300 1716 1378 1780 ὡς
1407 1718 1536 1790 περὶ
1585 1720 1887 1791 μελλόντων
1923 1721 1992 1775 τὰ

404 1803 504 1858 ὁλα
554 1803 804 1874 εἴρηται,
851 1805 946 1859 καὶ
996 1805 1135 1858 κατὰ
1183 1808 1311 1892 τοῦς
1366 1808 1588 1873 λοιποὺς
1646 1811 1991 1883 ἐρμηνευτὰς
2020 1813 2064 1868 Β

402 1891 624 1962 ὁμοίως.

482 2027 498 2060 ι
527 2008 737 2074 Οῖτινες
765 2010 1040 2082 ἠκόνησαν
1071 2012 1146 2077 ὡς
1173 2011 1448 2086 ῥομφαίας
1477 2013 1577 2078 τὰς
1606 2013 1857 2084 γλώσσας
1890 2017 1987 2069 αύ-

401 2099 530 2164 τῶν,
558 2103 828 2157 ἐνέτειναν
854 2105 1004 2171 τόξον
1045 2109 1278 2180 πρᾶγμα
1301 2108 1516 2178 πικρόν,
1543 2108 1635 2161 τοῦ
1660 2109 1986 2176 κατατοξεῦ-

403 2209 493 2245 σαι
526 2194 584 2245 ἐν
615 2195 957 2268 ἁποκρύφοις
990 2199 1237 2270 ἄμωμον.
1281 2200 1541 2265 Ἐξάπινα
1563 2201 1988 2268 κατατοξεύσω-

402 2299 486 2336 σιν
511 2284 692 2352 αὑτὸν,
712 2287 806 2339 καὶ
831 2287 891 2340 οὐ
918 2289 1342 2361 φοϐηθήσονται.
1378 2310 1396 2341 ι
1423 2291 1485 2344 Εἰ
1521 2292 1615 2344 καὶ
1644 2293 1852 2364 προῆγε
1875 2296 1988 2357 τοῖς

399 2373 612 2445 χρόνοις
641 2379 720 2440 εἰς
740 2378 840 2448 τὴν
877 2380 1143 2450 σωτήριον
1170 2382 1464 2453 ἐπιδημίαν
1487 2383 1514 2435 ὁ
1543 2382 1726 2446 Δαυῒδ,
1749 2383 1862 2437 ἀλλ’
1885 2385 1986 2437 οὐκ

397 2467 580 2536 ἠγνόει
607 2467 673 2523 τὰ
700 2471 1028 2540 εὐαγγελικὰ
1061 2474 1360 2546 μαθήματα
1402 2475 1531 2546 θείῳ
1567 2474 1847 2547 Πνεύματι
1891 2495 1987 2546 με-

401 2562 839 2637 μαθητευμένος·
869 2567 984 2639 ᾔδει
1021 2567 1077 2622 δὲ
1119 2563 1178 2622 εὖ
1229 2567 1373 2639 μάλα
1400 2567 1461 2620 τὸ
1495 2569 1763 2640 σωτήριον
1805 2568 1984 2638 λὸγιον

394 2652 458 2706 τὸ
478 2655 655 2726 φῆσαν
673 2673 684 2684 '
719 2677 737 2709 ι
765 2658 855 2729 Μὴ
879 2659 1152 2732 φοϐηθῆτε
1179 2660 1287 2714 ἀπὸ
1319 2660 1428 2712 τῶν
1462 2660 1892 2716 ἀποκτεινόντων
1923 2664 1984 2716 τὸ

397 2746 576 2818 σῶμα,
606 2748 704 2819 τὴν
731 2749 788 2802 δὲ
821 2749 998 2822 ψυχὴν
1031 2749 1103 2822 μή
1133 2751 1448 2822 δυναμένων
1477 2752 1834 2806 ἀποκτεῖναι·
1853 2774 1871 2805 ο
1901 2754 1983 2807 διὸ

395 2837 496 2890 οὐκ
525 2839 732 2908 ἠγωνία
767 2842 1166 2912 στρατιωτικῆς
1212 2842 1572 2914 παρατάξεως
1600 2843 1829 2914 πληθὺν,
1863 2845 1983 2900 οὐδέ

396 2929 522 2994 τοὺς
547 2932 897 3002 παντευχίαις
924 2933 1018 2986 καὶ
1045 2933 1232 3005 δόρασι
1269 2935 1784 3006 παραταττομένους
1808 2953 1819 2965 ·
1847 2937 1982 2991 ἀλλὰ

391 3022 596 3077 τούτων
629 3024 727 3096 μὲν
757 3025 1111 3098 κατεφρόνει,
1143 3025 1217 3089 ὡς
1257 3025 1322 3082 ἂν
1350 3026 1442 3080 τὸν
1486 3026 1738 3081 τοσοῦτον
1789 3027 1982 3082 Γολιὰδ

393 3117 604 3188 ἀκμητὶ
636 3118 729 3171 καὶ
757 3117 1010 3189 ἀνιδρωτὶ
1035 3117 1359 3173 καταϐαλών
1381 3134 1394 3148 ⁸
1428 3119 1670 3184 ἐκείνους
1693 3118 1748 3173 δέ
1769 3119 1978 3191 ἠγωνία

2103 534 2231 589 dine
2259 539 2602 606 operantium
2633 543 3033 618 iniquitatem.»
3067 550 3202 607 Cum
3229 553 3341 624 jam
3363 558 3508 614 enim
3540 577 3678 632 pran-

2104 629 2393 684 teritorum
2453 637 2890 706 experimentum
2949 645 3220 714 ceperim,
3276 629 3554 724 nunquam
3611 673 3676 712 ea

2101 723 2352 780 oblivisci
2401 731 2638 797 possim;
2694 739 2790 788 sed
2849 749 3066 806 semper
3122 723 3422 798 memoria
3457 752 3672 815 tenens,

2100 825 2256 884 grato
2300 833 2516 890 semper
2554 823 2738 878 animo
2773 840 2916 880 sum.
2976 826 3082 883 Sed
3133 837 3317 888 tamen
3366 834 3479 904 jam
3527 837 3674 894 idem

2101 908 2200 963 abs
2250 919 2304 966 te
2350 913 2615 996 auxilium
2647 919 2884 988 postulo.
2941 919 3254 979 Secundum
3287 927 3532 999 reliquos
3572 947 3674 986 au-

2101 1006 2210 1055 tem
2251 1003 2580 1073 interpretes
2611 1021 2720 1061 una
2749 1009 3050 1081 eademque
3103 1027 3354 1071 servatur
3382 1021 3536 1076 verbi
3581 1039 3679 1078 ex-

2098 1096 2416 1164 postulatio,
2454 1115 2671 1171 unaque
2707 1105 2982 1161 sermonis
3017 1112 3322 1166 sententia:
3369 1129 3497 1168 nam
3530 1118 3676 1186 apud

2100 1184 2490 1256 Symmachum
2521 1191 2764 1247 dicitur:
2796 1212 2814 1244 ι
2839 1193 3074 1261 Exaudi,
3110 1197 3277 1267 Deus,
3324 1221 3514 1262 vocem
3565 1184 3677 1265 inci

2097 1277 2432 1344 invocantis,
2490 1296 2520 1336 a
2557 1291 2768 1340 terrore
2802 1285 3011 1343 inimici
3042 1291 3475 1354 circummunies
3504 1300 3675 1356 vitam

2097 1387 2311 1426 meam:
2355 1374 2665 1432 abscondes
2699 1393 2787 1433 me
2812 1393 2840 1432 a
2875 1382 3253 1442 moliminibus
3281 1390 3671 1461 malignorum,

2097 1479 2126 1517 a
2149 1467 2556 1535 perturbatione
2577 1473 2919 1538 cperantium
2945 1472 3311 1545 iniquitatem.
3337 1499 3355 1533 ι
3387 1481 3503 1537 Νοη
3525 1486 3672 1539 enim

2095 1557 2252 1626 quasi
2301 1559 2368 1614 de
2419 1561 2732 1631 praeteritis,
2768 1562 2864 1618 sed
2914 1567 3070 1635 quasi
3120 1569 3186 1625 de
3232 1570 3454 1642 futuris,
3488 1579 3673 1631 omnia

2095 1649 2241 1704 dicta
2273 1661 2423 1718 sunt,
2475 1668 2539 1708 ac
2586 1655 2842 1712 similiter
2889 1659 3192 1715 secundum
3223 1665 3466 1737 reliquos
3499 1669 3672 1725 inter-

2095 1750 2295 1813 pretes.

2161 2001 2326 2058 Vens.
2366 2004 2487 2061 4-7.
2530 2025 2548 2057 ι
2573 2007 2675 2074 Qui
2700 2019 3040 2065 cxacuerunt
3088 2020 3146 2067 ut
3187 2013 3427 2084 gladium
3453 2017 3670 2088 linguas

2090 2111 2242 2158 suas,
2275 2097 2630 2154 intenderunt
2675 2117 2887 2166 arcum,
2920 2121 3032 2159 rem
3086 2120 3361 2176 amaram;
3407 2118 3467 2164 ut
3500 2115 3671 2183 sagit-

2089 2195 2206 2242 tent
2236 2187 2290 2241 in
2340 2189 2575 2246 occultis
2620 2192 3054 2249 immaculatum.
3097 2196 3293 2253 Subito
3326 2203 3671 2271 sagittabunt

2088 2294 2236 2345 eum,
2261 2287 2316 2334 ct
2363 2297 2473 2336 non
2507 2281 2831 2338 timebunt.»
2887 2283 3117 2342 Etiamsi
3164 2287 3336 2344 David
3371 2294 3670 2349 salutarem

2089 2370 2381 2426 adventum
2410 2383 2659 2444 tempore
2693 2377 3055 2445 praeverterit,
3101 2381 3448 2450 evangelicas
3487 2392 3668 2439 tamen

2087 2463 2433 2535 disciplinas,
2463 2467 2727 2537 magistro
2773 2466 2980 2537 Spiritu
3031 2469 3240 2536 divino,
3275 2487 3386 2527 non
3450 2475 3671 2545 ignora-

2087 2555 2213 2622 bat;
2241 2556 2337 2612 sed
2366 2559 2611 2613 salutare
2654 2559 2790 2613 illud
2846 2560 3125 2631 eloquium
3158 2564 3331 2633 probe
3398 2576 3664 2624 noverat:

2095 2665 2112 2698 ι
2140 2645 2322 2703 Nolite
2353 2649 2546 2706 timere
2588 2651 2658 2707 ab
2708 2652 2778 2709 i-is
2827 2655 2919 2724 qui
2975 2657 3234 2710 occidunt
3289 2671 3514 2727 corpus,
3547 2661 3670 2714 ani-

2085 2754 2230 2793 mam
2263 2748 2446 2796 autem
2491 2758 2600 2798 non
2631 2752 2864 2814 possunt
2897 2747 3149 2802 occidere
3163 2747 3240 2801 "z
3295 2767 3314 2800 ι
3361 2764 3534 2818 quare
3567 2751 3669 2806 mi-

2086 2827 2262 2886 litaris
2308 2831 2445 2886 aciei
2480 2834 2914 2900 multitudinem,
2963 2852 3024 2891 ac
3059 2839 3210 2893 omni
3242 2854 3442 2910 genere
3483 2857 3670 2897 armo-

2083 2937 2207 2976 rum
2249 2922 2535 2996 hastisque
2561 2927 2866 2985 instructos
2899 2929 3152 2987 homines
3185 2947 3294 2987 non
3339 2932 3669 2989 reformida-

2084 3014 2210 3084 bat;
2241 3016 2336 3072 sed
2386 3018 2510 3074 illos
2547 3019 2793 3090 quidem,
2844 3029 3036 3092 utpote
3081 3025 3174 3095 qui
3209 3025 3330 3080 sine
3372 3025 3578 3082 sudore
3609 3036 3666 3082 et

2085 3108 2270 3165 labore
2314 3112 2608 3166 immanem
2668 3113 2821 3169 illum
2867 3114 3086 3170 Goliath
3120 3119 3533 3186 prostravisset,
3569 3123 3666 3175 de-

389 3207 484 3274 οὒς
513 3208 756 3281 ᾐνίττετο
785 3208 872 3262 διά
906 3209 1015 3263 τῶν
1049 3209 1425 3281 προκειμένων
1462 3209 1636 3278 λέγων
1657 3227 1670 3242 ’
1713 3229 1731 3260 ι
1766 3211 1976 3276 Οῖτινες

2082 3201 2383 3271 spiciebat;
2439 3219 2534 3259 eos
2583 3215 2766 3260 autem
2827 3209 3269 3277 pertimescebat,
3319 3226 3459 3280 quos
3511 3212 3664 3268 hisce

386 3301 663 3373 ἠκόνησαν
689 3302 764 3365 ὡς
789 3302 1063 3374 ῥομφαίαν
1083 3302 1182 3366 τὰς
1205 3300 1455 3372 γλώσσας
1481 3301 1682 3367 αὐτῶν,
1707 3302 1975 3358 ἐνέτειναν

387 3392 542 3459 τόξον
591 3396 822 3465 πρᾶγμα
872 3394 1090 3466 πικρόν.
1142 3413 1160 3446 ι
1222 3395 1385 3467 Ὁρᾷς
1429 3395 1622 3449 ὁποίαν
1680 3394 1974 3466 διαγράφει

388 3484 694 3538 πανοπλίαν
731 3484 975 3556 ἐχθρῶν;
1011 3485 1119 3538 Καὶ
1166 3486 1223 3539 ἐν
1254 3487 1368 3549 τοῖς
1413 3485 1720 3558 ἔμπροσθεν
1767 3486 1824 3539 δέ
1863 3487 1978 3540 ἐλέ-

386 3593 547 3645 γετο’
595 3597 612 3630 ι
652 3579 773 3631 Υἱοὶ
810 3577 1143 3649 ἀνθρώπων,
1204 3579 1254 3633 οἱ
1309 3579 1521 3642 ὀδόντες
1579 3579 1758 3633 αὐτῶν
1812 3580 1976 3634 ὅπλον

387 3671 481 3722 καὶ
531 3669 682 3742 βέλη,
741 3671 833 3724 καὶ
967 3670 1188 3739 γλῶσσα
1241 3669 1420 3725 αὐτῶν
1465 3671 1712 3743 μάχαιρα
1751 3670 1918 3736 ὁξεῖα.
1951 3692 1970 3724 ι

385 3760 570 3814 Ταῦτα
605 3761 663 3814 δὲ
695 3761 1109 3834 ἀναγέγραπται
1146 3762 1408 3835 εἰρηκὼς,
1445 3782 1463 3814 ι
1495 3764 1657 3817 ὁπότε
1685 3763 1976 3836 ἀπεδίδρα-

388 3869 516 3907 σκεν
556 3855 664 3907 ἀπὸ
710 3856 1003 3927 προσώπου
1039 3855 1212 3908 Σαοὺλ
1254 3855 1333 3918 είς
1365 3857 1424 3909 τὸ
1467 3855 1750 3927 σπήλαιον.
1789 3875 1807 3907 ι
1843 3855 1975 3909 Ἀπὺ

383 3944 492 3998 τῶν
537 3947 739 4016 ὁμοίων
798 3947 1085 4018 τοιγαροῦν
1131 3946 1303 4016 λόγων
1353 3947 1602 4017 φαίνεται
1630 3948 1658 4000 ὁ
1697 3947 1858 4012 αὐτὸς
1899 3947 1976 4002 ὢν

384 4038 594 4109 χρόνος,
622 4039 744 4091 καθ’
780 4040 838 4094 ὃν
871 4040 964 4094 καὶ
989 4039 1056 4093 τά
1085 4039 1223 4111 μετὰ
1251 4043 1438 4111 χεῖρας
1464 4041 1591 4111 περὶ⁵
1627 4040 1806 4094 αὐτῶν
1835 4040 1977 4094 ἐκεί-

383 4149 490 4184 νων
510 4131 603 4184 καὶ
624 4131 729 4187 τῶν
753 4133 983 4196 ἐκείνοις
1007 4133 1404 4205 παραπλησίων
1425 4133 1665 4189 λέλεκτο.
1699 4133 1858 4186 Ἀλλὰ
1882 4135 1974 4186 καὶ

388 4241 406 4274 ι
443 4223 530 4276 ὅτε
549 4223 833 4278 ἀπέστειλε
875 4224 1066 4290 Σαοὺλ,
1111 4225 1204 4278 καὶ
1233 4225 1465 4294 ἐφύλαξε
1499 4223 1589 4277 τὸν
1624 4219 1772 4278 οἷκον
1810 4224 1972 4277 αὑτοῦ

379 4314 474 4367 τοῦ
528 4314 837 4370 θανατῶσαι
880 4317 1067 4380 αὐτὸν,
1101 4337 1118 4368 ι
1161 4317 1287 4388 περὶ
1320 4316 1429 4370 τῶν
1470 4317 1649 4371 αὐτῶν
1690 4316 1850 4370 πάλιν
1875 4317 1974 4380 τὰς

378 4406 571 4477 ὁμοίας
607 4409 757 4478 ἠφίει
808 4407 991 4477 φωνάς
1036 4408 1244 4476 λέγων·
1288 4427 1307 4460 ι
1370 4409 1501 4462 Ἰδοὺ
1538 4408 1972 4479 ἀποφθέγξονται

2078 3294 2263 3349 verbis
2297 3303 2458 3349 antea
2513 3297 2884 3352 subindicavit
2937 3319 2950 3354 :
2991 3317 3010 3350 ι
3055 3300 3159 3366 Qui
3208 3313 3547 3358 exacuerunt
3602 3314 3663 3359 ut

2079 3387 2318 3456 gladium
2345 3387 2561 3460 linguas
2588 3405 2739 3453 suas,
2765 3391 3120 3448 intenderunt
3141 3409 3352 3460 arcum,
3383 3411 3499 3452 rem
3519 3411 3665 3450 ama-

2079 3494 2218 3534 ram.
2235 3499 2254 3532 ›
2273 3479 2467 3535 Viden'
2483 3497 2604 3552 quae
2621 3483 2896 3540 describat
2915 3485 3262 3542 inimicorum
3280 3491 3468 3543 arma?
3483 3488 3663 3560 Supra

2076 3588 2206 3627 vero
2221 3573 2504 3628 dicebatur
2525 3593 2566 3631 ;‹
2588 3573 2709 3630 Filii
2725 3576 3004 3632 hominum
3021 3579 3213 3635 dentes
3228 3595 3418 3635 eorum
3437 3597 3590 3641 arma
3608 3591 3664 3637 et

2078 3667 2310 3735 sagittae,
2343 3674 2397 3722 et
2433 3667 2617 3738 lingua
2668 3684 2858 3724 eorum
2905 3671 3118 3741 gladius
3155 3681 3349 3728 acutus
3382 3675 3421 3725 ¹.
3456 3690 3476 3726 ι
3536 3673 3662 3729 Haec

2077 3767 2261 3812 autem
2289 3759 2498 3816 dixisse
2527 3761 2813 3825 scribitur,
2858 3781 2877 3813 ι
2908 3779 3034 3817 cum
3071 3763 3280 3834 fugeret
3301 3781 3331 3818 a
3362 3764 3502 3821 facie
3528 3768 3662 3821 Sau-

2077 3851 2146 3906 lis
2172 3852 2227 3905 in
2259 3853 2580 3923 speluncam
2616 3855 2657 3908 '.
2701 3874 2718 3906 ›
2749 3854 2790 3907 Α
2823 3855 3120 3910 verborum
3144 3870 3276 3912 sane
3300 3856 3662 3913 similitudine

2077 3944 2336 3998 videntur
2355 3945 2448 3998 illa
2471 3946 2662 4001 eodem
2694 3953 2938 4016 tempore
2965 3947 3172 4018 scripta
3198 3963 3342 4014 esse,
3378 3964 3489 4018 quo
3521 3949 3660 4014 hac,

2077 4050 2198 4104 quae
2220 4035 2332 4105 jam
2354 4046 2677 4100 tractamus,
2716 4035 2783 4091 de
2813 4037 2880 4091 iis
2918 4045 2972 4092 et
3003 4037 3280 4094 similibus
3303 4038 3448 4095 dicta
3484 4038 3658 4095 fuere.

2079 4124 2185 4181 Sed
2229 4127 2394 4182 etiam
2435 4147 2454 4179 ‹
2495 4129 2716 4199 quando
2760 4129 2912 4185 misit
2961 4130 3116 4195 Saul,
3148 4137 3202 4185 et
3236 4130 3535 4190 custodivit
3561 4131 3662 4184 do-

2075 4234 2226 4272 mum
2253 4219 2394 4288 ejus,
2423 4229 2481 4273 ut
2511 4236 2635 4274 eum
2655 4221 2987 4276 interficeret
3003 4222 3045 4286 ³,
3081 4241 3098 4274 ι
3129 4223 3196 4277 de
3228 4221 3422 4278 iisdem
3460 4225 3658 4277 iterum

2076 4312 2283 4368 similes
2314 4311 2622 4381 proferebat
2656 4329 2819 4370 voces
2864 4315 3050 4369 dicens
3089 4329 3102 4366 :
3138 4333 3156 4364 ι
3197 4313 3338 4370 Ecce
3366 4317 3658 4385 loquentur

2075 4404 2130 4458 in
2162 4420 2257 4460 ore
2280 4421 2402 4469 suo,
2435 4415 2489 4460 et
2511 4406 2724 4476 gladius
2752 4407 2806 4460 in
2830 4407 3020 4462 oribus
3049 4422 3240 4462 eorum
3273 4408 3314 4461 ’⁵.
3356 4427 3376 4460 ι
3405 4407 3511 4463 Sed
3543 4408 3657 4462 haec

377 4499 438 4552 ἐν
477 4499 556 4569 τῷ
610 4501 838 4572 στόματι
886 4501 1087 4563 αὐτῶν,
1145 4502 1240 4556 καὶ
1288 4501 1532 4572 ῥομφαία
1574 4503 1630 4554 ἐν
1681 4505 1794 4565 τοῖς
1849 4501 1968 4554 στό-

2082 4498 2294 4568 quidem
2329 4499 2433 4566 ibi;
2475 4499 2529 4553 in
2559 4499 2645 4552 his
2672 4515 2798 4554 vero
2830 4499 2898 4554 de
2919 4500 3120 4570 quibus
3148 4515 3295 4554 nunc
3315 4517 3518 4563 sermo,
3550 4502 3656 4555 ini-

381 4607 546 4663 μασιν
602 4591 799 4646 αὐτῶν.
855 4612 872 4644 ι
937 4593 1073 4646 Ἀλλ’
1131 4595 1188 4646 ἐν
1241 4593 1468 4657 ἐκείνοις
1507 4593 1605 4664 μὲν
1645 4593 1798 4646 ταῦτ’
1853 4594 1966 4646 ἐλέ-

375 4698 534 4751 γετο·
595 4684 654 4736 ἐν
702 4683 758 4736 δὲ
811 4687 921 4747 τοῖς
951 4683 1089 4755 μετὰ
1118 4687 1305 4755 χεῖρας
1349 4683 1474 4746 τοὺς
1509 4683 1737 4756 ἐχθροὺς
1774 4684 1961 4748 αὑτοῦ,

374 4765 450 4825 ὧν
473 4773 582 4830 ἀπὸ
614 4773 777 4844 φόϐου
816 4775 1078 4847 ῥυσθῆναι
1101 4776 1322 4847 ηὔχετο,
1349 4776 1676 4846 ἠκονηκέναι
1705 4778 1838 4848 φησὶ
1865 4777 1962 4840 τὰς

374 4863 626 4934 γλώσσας
655 4866 836 4920 αὐτῶν
853 4867 1005 4937 δίκην
1034 4869 1306 4940 ῥομφαίας
1326 4887 1338 4899 ·
1369 4868 1562 4942 ἢκατὰ
1583 4871 1708 4933 τοὺς
1741 4870 1960 4934 λοιποὺς

374 4955 732 5027 ἐρμηνευτάς,
774 4977 792 5008 ι
832 4956 906 5021 ὡς
966 4959 1237 5030 μάχαιραν
1261 4976 1274 4989 ·
1319 4979 1338 5011 ι
1375 4959 1511 5013 ἀλλὰ
1560 4961 1654 5013 καὶ
1690 4961 1959 5014 ἐνέτειναν

371 5051 433 5102 τὸ
454 5050 604 5114 τόξον
657 5051 857 5115 αὐτῶν,
896 5052 1036 5105 κατὰ
1059 5054 1158 5123 μὲν
1192 5055 1318 5118 τοὺς
1352 5054 1754 5126 Ἐὄδομὴκοντα
1786 5056 1960 5126 ἐρμηο

369 5143 611 5207 νευτὰς,‹
646 5147 701 5197 ἐν
721 5147 1003 5216 πράγματι
1031 5146 1229 5218 πικρῷ·
1263 5167 1280 5198 ι
1302 5147 1391 5200 διὰ
1417 5145 1524 5215 γὰρ
1559 5147 1754 5217 πικροῦ
1807 5147 1952 5218 πρά-

370 5254 579 5307 γματος
617 5239 995 5305 κατατοξεύειν
1024 5241 1320 5312 ἐπειρῶντο
1345 5243 1434 5295 τὸν
1459 5243 1664 5296 δίκαιον
1689 5259 1713 5277 ἰ
1736 5240 1873 5293 κατὰ
1898 5240 1954 5292 δὲ

369 5329 457 5381 τὸν
489 5330 800 5401 Σύμμαχον,
851 5351 867 5382 ι
918 5331 1295 5404 Ἑπλήρωσαν,
1332 5334 1485 5405 φησι,
1512 5333 1570 5386 τὸ
1601 5333 1751 5396 τόξον
1779 5331 1956 5384 αὐτῶν

369 5419 512 5490 λόγῳ
571 5422 772 5492 πικρῷ.
824 5442 841 5472 ›
879 5419 1061 5476 ’Ἱὶσαν
1116 5424 1222 5497 γὰρ
1273 5426 1488 5498 ἀληθῶς
1538 5427 1744 5498 πικροὶ,
1801 5425 1956 5477 οὐδὲν

362 5511 536 5580 γλυκὺ
569 5514 933 5584 περιέχοντες,
965 5516 1012 5567 οἱ
1056 5516 1146 5568 τὸν
1198 5517 1361 5569 Δαυτδ
1402 5516 1778 5580 διαϐάλλοντες
1820 5516 1956 5587 πρὸς

359 5601 452 5653 τὸν
510 5603 714 5656 Σαούλ·
753 5599 862 5668 οἷος
916 5599 1040 5677 ἦνὸ
1078 5607 1256 5678 Δωὴκ,
1295 5609 1385 5660 καὶ
1428 5609 1475 5660 οἱ
1520 5608 1748 5680 Ζιφαῖοι,
1779 5606 1871 5660 καὶ
1902 5607 1951 5660 οἱ

2076 4590 2249 4644 micos
2280 4606 2432 4655 suos,
2471 4608 2501 4645 a
2531 4609 2764 4662 quorum
2796 4601 2942 4647 metu
2973 4594 3109 4662 eripi
3139 4593 3490 4663 precabatur,
3521 4609 3654 4648 exa-

2073 4683 2258 4738 cuisse
2289 4683 2366 4736 ait
2389 4693 2447 4736 nt
2473 4685 2712 4753 gladium
2765 4685 2982 4755 linguas
3016 4699 3166 4748 suas,
3203 4688 3318 4740 sive
3351 4683 3654 4739 secundum

2069 4775 2309 4846 reliquos
2343 4776 2693 4846 interpretes,
2726 4795 2744 4825 σ
2779 4779 2924 4832 sicut
2979 4777 3338 4843 machaeram;
3373 4797 3392 4829 ι
3428 4779 3537 4831 imo
3569 4777 3656 4832 in-

2068 4870 2363 4925 tenderunt
2396 4886 2584 4925 arcum
2605 4885 2788 4933 suum,
2816 4873 3117 4927 secundum
3140 4871 3278 4926 LXX
3299 4871 3653 4942 lnterpretes,

2067 4961 2124 5014 in
2150 4976 2208 5016 re
2235 4977 2421 5016 amara
2450 4982 2462 5016 :
2493 4978 2589 5032 per
2625 4978 2740 5017 rem
2773 4965 2976 5033 quippe
3028 4979 3268 5018 amaram
3296 4963 3506 5032 justum
3565 4978 3654 5016 sa-

2068 5053 2219 5124 gittis
2289 5053 2589 5109 confodere
2648 5055 2968 5122 tentabant;
3032 5055 3334 5110 secundum
3397 5054 3653 5124 Symma-

2061 5145 2223 5199 chum
2258 5153 2462 5208 autem,
2498 5167 2516 5197 ι
2547 5147 2932 5217 impleverunt,
2971 5146 3148 5214 inquit
3178 5185 3192 5207 ,
3232 5159 3422 5198 arcum
3481 5158 3644 5198 suum

2062 5236 2227 5290 verbo
2251 5251 2456 5291 amaro.
2500 5258 2517 5287 ι
2549 5237 2682 5291 Nam
2714 5239 2806 5308 qui
2845 5237 3099 5292 Davidem
3122 5235 3264 5306 apud
3297 5234 3516 5289 Saulem
3545 5237 3650 5287 cri.

2066 5329 2436 5398 minabantur,
2485 5345 2612 5385 vere
2662 5330 2830 5384 amari
2885 5338 3064 5386 erant.
3119 5327 3410 5383 dulcedine
3465 5325 3647 5379 allecti

2066 5421 2215 5474 nulla
2245 5439 2258 5474 :
2284 5421 2461 5490 qualis
2488 5428 2607 5475 erat
2636 5419 2800 5484 Doec,
2833 5421 3026 5491 quales
3065 5418 3272 5489 Ziphazi
3321 5427 3374 5472 et
3394 5417 3464 5471 iis
3490 5416 3646 5470 simt-

2065 5515 2160 5569 les.
2199 5512 2342 5580 Quin
2366 5522 2419 5567 et
2443 5515 2621 5583 quivis
2644 5529 2823 5569 sermo
2856 5514 3080 5580 impius,
3115 5526 3365 5577 amarus;
3400 5515 3534 5564 utet
3559 5507 3647 5562 di-

2063 5607 2244 5670 vinus,
2278 5606 2454 5661 dulcis
2483 5613 2537 5661 et
2563 5605 2750 5660 suavis
2800 5604 2983 5658 fuerit.
3016 5607 3200 5670 Quare
3254 5601 3463 5657 dictum
3515 5608 3601 5656 est
3622 5615 3640 5652 ι

431 5761 476 5792 ⁵³
508 5758 698 5814 Matth.
739 5777 794 5823 κ,
826 5760 918 5817 28.
998 5764 1014 5794 ⁸
1057 5761 1202 5819 Psal.
1228 5779 1338 5822 Lvi.
1361 5765 1416 5819 5.
1495 5765 1515 5796 '
1543 5763 1679 5821 ibid.
1718 5763 1769 5820 1.
1847 5765 1866 5797 ³
1896 5761 1980 5819 Ps:

2082 5776 2236 5821 Lvm.
2275 5763 2327 5818 l.
2404 5763 2424 5793 ⁸
2454 5761 2582 5818 ibid.
2618 5763 2670 5817 8.

679 5853 952 5915 PATROL.
999 5855 1117 5917 Gn.
1149 5858 1403 5921 XXIII.

3162 5853 3242 5912 ‘20
