4146 6390
473 332 579 387 6N

1177 332 1451 391 EUSEBH
1488 334 1971 395 CESARIENSIS
2011 336 2160 395 OPP.
2196 338 2377 396 PARS
2415 340 2505 397 Ill.
2549 373 2615 382 —
2653 340 3063 401 EXEGETICA.

3631 351 3734 409 69.0

476 472 496 505 ‹
526 451 752 510 Gustate
766 462 820 510 et
848 454 1042 523 videte,
1067 457 1324 527 quoniam
1348 459 1533 515 suavis
1552 470 1638 516 est
1666 460 1927 516 Dominus
1957 462 1997 516 ⁸.

2154 463 2361 527 τούτοις
2387 466 2776 537 παραπλήσιοι.
2820 466 2980 520 Ἀλλά
3007 467 3102 521 καὶ
3138 469 3242 533 πᾶς
3269 467 3425 534 ἄθεος
3456 469 3612 541 λόγος
3646 490 3734 525 πι-

472 542 610 601 Saevi
636 561 800 617 porro
846 562 1008 603 arcus
1040 556 1093 603 et
1146 565 1275 604 vere
1337 552 1485 605 acuti
1531 553 1697 624 gladii
1752 553 2047 624 impiorum

470 636 966 704 heterodoxorum,
1030 640 1124 710 qui
1188 641 1517 712 simplicium
1578 646 1791 699 animas
1835 646 2048 716 sagittis

472 729 759 801 impetunt,
794 732 1107 803 gladiisque
1125 733 1241 789 suis
1268 750 1363 790 eas
1408 735 1707 792 trucidant.
1760 736 2047 810 Sapientes

469 840 687 896 quoque
732 825 897 896 hujus
937 827 1144 893 saeculi,
1188 827 1388 884 fucatis
1440 838 1494 885 et
1552 832 1867 902 sophisticis
1913 848 2047 889 ver-

467 916 553 971 bis
616 923 850 981 utentes,
923 918 1123 973 multas
1194 919 1405 975 animas
1471 922 1833 978 sustulerunt.
1895 922 2046 994 Opus

471 1022 595 1079 ergo
633 1008 792 1064 nobis
845 1008 1077 1064 ferventi
1131 1009 1401 1077 oratione,
1441 1019 1494 1064 ut
1549 1013 1618 1067 ab
1667 1013 1736 1069 iis
1789 1016 2044 1071 omnibus

463 1100 780 1170 eripiamur.
816 1100 857 1155 li
912 1117 1042 1157 vero
1086 1102 1382 1175 inprimis
1412 1106 1504 1175 qui
1558 1120 1723 1175 supra
1759 1107 2043 1161 memorati

462 1206 614 1260 sunt,
646 1194 947 1263 simplicem
983 1205 1036 1249 et
1084 1196 1273 1251 rudem
1306 1198 1582 1252 hominem
1617 1199 1830 1269 sagittis
1867 1199 2041 1253 conli-

460 1300 585 1340 cere
643 1293 927 1356 satagunt;
960 1302 1130 1356 quare
1169 1285 1385 1341 dictum
1433 1296 1516 1343 est
1570 1306 1583 1320 -
1636 1308 1654 1340 ‹
1688 1287 2043 1365 lntepderunt

460 1392 671 1443 arcum,
702 1392 816 1432 rem
852 1392 1115 1443 amaram,
1155 1387 1214 1433 ut
1262 1380 1519 1447 sagittent
1552 1380 1605 1434 in
1659 1381 1893 1437 occultis
1936 1381 2041 1435 im-

459 1473 812 1527 maculatum.
844 1492 862 1525 ι
909 1471 1248 1543 lnculpatum
1286 1474 1373 1527 hic
1410 1473 1821 1529 immaculatum
1854 1487 2035 1540 vocat,

459 1564 544 1619 his
578 1562 828 1620 indicans
882 1566 1298 1635 sycophantiam
1346 1574 1539 1620 contra
1596 1582 1713 1631 eos,
1774 1568 1866 1638 qui
1899 1569 2037 1623 nihil

459 1656 673 1725 injuriae
703 1657 1037 1721 intulissent,
1078 1666 1345 1728 paratam.
1370 1656 1476 1711 Pro
1512 1657 1605 1711 illo
1634 1666 1845 1724 autem,
1878 1677 1899 1710 ‹
1934 1660 2037 1713 im-

458 1749 812 1815 maculatum,
848 1768 867 1802 ι
895 1748 1112 1818 Aquila,
1151 1767 1169 1799 ι
1208 1749 1536 1819 simplicem,
1578 1766 1595 1800 ι
1638 1750 2031 1820 interpretatus

2157 554 2288 626 κρὸς
2317 555 2381 608 ἂν
2406 554 2510 626 εἴη,
2548 555 2736 629 ῶσπερ
2762 558 2789 609 6
2823 556 2986 623 θεῖος,
3023 558 3259 629 χρηστὸς
3287 560 3379 613 καὶ
3396 560 3617 629 γλυκύς.
3642 562 3732 615 Διὸ

2156 644 2401 717 εἴρηται·
2445 666 2463 697 ε
2514 647 2811 713 Γεύσασθε,
2860 651 2953 703 καὶ
2988 649 3146 715 ἴδετε,
3175 652 3257 705 ὅτι
3286 654 3522 725 χρηστὸς
3546 657 3573 708 ὁ
3615 655 3730 708 Κύ-

2158 756 2289 809 ριος.
2328 758 2345 790 ι
2372 738 2530 792 Δεινά
2554 740 2609 793 δὲ
2638 740 2766 805 τόξα
2796 742 2886 795 καί
2916 742 3180 815 μάχαιραι
3207 744 3285 809 ὼς
3319 746 3534 816 ἀληθῶς
3560 747 3730 811 όξεῖαι

2154 834 2209 885 αί
2242 832 2349 885 τῶν
2378 830 2551 887 ἀθέων
2592 833 2934 906 ἑτεροδόξων,
2964 835 3073 889 τῶν
3106 836 3204 900 τὰς
3236 838 3527 909 ἀκεραίους
3554 839 3731 911 ψυχὰς

2154 927 2637 994 κατατοξευόντων,
2684 930 2778 982 καὶ
2832 932 2953 994 ταῖς
3028 931 3234 984 ἑαυτῶν
3292 935 3587 1005 ῥομφαίαις
3631 953 3728 988 κα-

2151 1021 2563 1089 τασφαττόντων
2615 1020 2804 1086 αὐτάς.
2858 1024 2969 1076 Καὶ
3023 1024 3073 1077 οἱ
3119 1026 3271 1094 σοφοὶ
3310 1026 3366 1079 δὲ
3413 1026 3504 1080 τοῦ
3533 1026 3728 1092 αἰῶνος

2150 1114 2359 1179 τούτου,
2382 1114 2473 1168 τὸν
2495 1114 2772 1187 ἀπατηλὸν
2822 1116 2915 1168 καὶ
2950 1117 3337 1189 σεσοφισμένον
3394 1119 3548 1188 λόγον
3590 1137 3725 1191 προσ

2150 1205 2487 1277 ϐαλλόμενοι,
2544 1207 2744 1271 πολλάς
2779 1207 2987 1261 ἀνεῖλον
3024 1209 3220 1279 ψυχάς.
3257 1210 3437 1282 Εύχῆς
3476 1210 3569 1265 οὖν
3596 1215 3727 1284 ἡμῖν

2146 1298 2227 1350 δεῖ
2263 1299 2683 1372 συντεταμένης,
2713 1301 2847 1372 πρὸς
2866 1301 2927 1353 τὸ
2950 1301 3427 1372 ρυσθῆναιτούτων
3447 1305 3722 1359 ἀπάντων.

2146 1390 2395 1443 Μάλιστα
2436 1391 2493 1444 δὲ
2535 1394 2582 1445 οἱ
2618 1393 3002 1464 προλεχθέντες
3050 1393 3140 1446 τὸν
3190 1393 3394 1448 ἁπλοῦν
3424 1396 3518 1449 καὶ
3550 1396 3725 1470 ἀφελῆ

2146 1481 2524 1547 κατατοξεύειν
2577 1484 2908 1556 πειρῶνται·
2934 1486 3014 1539 διὸ
3050 1486 3327 1539 λέλεκται·
3367 1506 3385 1538 ι
3431 1488 3724 1541 Ἐνέτειναν

2142 1572 2317 1640 τόξον,
2352 1575 2584 1646 πρᾶγμα
2616 1575 2829 1646 πικρὸν,
2862 1575 2956 1629 τοῦ
2981 1577 3375 1644 κατατοξεῦσαι
3397 1579 3454 1630 ὲν
3482 1578 3723 1651 ἀποκρύ-

2144 1682 2264 1733 φοις
2291 1664 2541 1736 ἄμωμον.
2580 1686 2597 1717 ι
2636 1669 2746 1721 Καὶ
2800 1668 2890 1721 τὸν
2926 1669 3166 1723 ἀναίτιον
3207 1670 3264 1723 δὲ
3294 1670 3521 1741 ἄμωμον
3546 1671 3721 1737 καλεῖ,

2115 1754 2239 1826 -τὴν
2286 1756 2427 1809 κατὰ
2470 1756 2577 1809 τῶν
2614 1759 2779 1828 μηδὲν
2812 1759 3147 1830 ἠδικηκότων
3188 1761 3518 1832 ὑπογράφων
3563 1780 3724 1817 συκο-

454 1849 557 1897 cst.
590 1840 725 1897 Nam
747 1843 785 1897 ii
811 1842 1115 1913 simplicem
1151 1850 1205 1896 et
1230 1844 1486 1913 nequitia:
1506 1850 1783 1912 expertem
1818 1844 2024 1915 sagittis

2138 1846 2383 1915 φαντίαν.
2433 1849 2580 1900 Ἀντὶ
2624 1849 2678 1902 δὲ
2718 1849 2833 1913 τοῦ,
2864 1870 2882 1901 ‹
2919 1851 3183 1922 ἄμωμον,
3232 1853 3454 1918 ἁπλοῦν,
3482 1874 3502 1907 ι
3544 1855 3722 1926 ἡρμή-

452 1933 746 1990 confodere
778 1935 1014 1990 maxime
1036 1942 1293 2007 satagunt
1328 1953 1340 1987 :
1377 1949 1548 2005 quare
1577 1934 1759 2000 infert,
1797 1954 1814 1986 ι
1844 1935 2037 1990 Subito

452 2028 816 2099 sagittabunt,
851 2043 977 2082 eum
1030 2034 1085 2083 et
1126 2045 1235 2084 non
1263 2027 1556 2083 timebunt.
1590 2047 1609 2080 ι
1641 2026 1776 2081 Nam
1821 2035 2036 2098 tempus

450 2121 830 2186 observantes,
894 2119 1185 2175 confertim
1220 2126 1275 2175 et
1328 2119 1678 2190 inopinanter
1714 2120 2035 2174 immacula-

449 2218 588 2279 tum,
643 2213 760 2268 sive
811 2212 1142 2282 simplicem,
1192 2220 1287 2266 aut
1343 2211 1692 2266 innocentem
1746 2211 2031 2267 invadunt.

448 2306 630 2371 Quare
659 2306 1006 2362 ad'homines
1040 2306 1108 2362 iis
1132 2305 1342 2361 similes
1370 2305 1679 2361 rescribens
1711 2305 2030 2376 Apostolus,

447 2400 565 2451 ait:
603 2416 621 2449 ι
652 2397 844 2454 Timeo
877 2407 1082 2464 autem,
1134 2414 1205 2454 ne
1255 2399 1399 2455 sicut
1446 2415 1675 2471 serpens
1721 2399 1887 2453 Evam
1942 2414 2031 2454 se-

444 2491 623 2554 duxit,
655 2491 729 2545 ita
757 2498 1182 2561 corrumpantur
1210 2506 1408 2547 sensus
1438 2492 1604 2546 vestri
1636 2499 1690 2546 et
1722 2491 1979 2546 excidant
1999 2506 2029 2544 a

444 2581 817 2652 simplicitate,
842 2597 964 2652 qua:
1011 2588 1095 2637 est
1149 2583 1204 2637 in
1234 2582 1458 2637 Christo
1489 2584 1531 2636 ε.
1570 2601 1588 2635 ι
1632 2581 1769 2635 Ειιιιι
1828 2582 2029 2652 quippe

446 2673 609 2744 cujus
663 2674 847 2728 anima
900 2673 1324 2729 circummunita
1374 2672 1561 2737 fuerit,
1623 2673 1860 2743 dejicere
1889 2689 2030 2727 nun—

442 2781 608 2836 quam
658 2766 878 2820 valeant
918 2766 954 2820 ii
1007 2767 1098 2835 qui
1137 2781 1302 2836 supra
1352 2766 1639 2821 memorati
1669 2773 1819 2829 sunt,
1874 2784 1891 2816 ι
1932 2764 2026 2834 qui

442 2866 781 2914 exacuerunt
813 2864 872 2913 ut
930 2859 1171 2930 gladium
1225 2860 1443 2930 linguas
1475 2874 1627 2925 suas,
1669 2857 2027 2913 intenderunt

442 2963 655 3011 arcum,
688 2964 808 3003 rem
841 2962 1109 3013 amaram,
1151 2955 1211 3003 ut
1242 2949 1506 3020 sagittent
1554 2949 1607 3002 in
1644 2947 1874 3003 occultis
1919 2948 2024 3001 im-

444 3040 818 3106 maculatum;
853 3058 871 3091 ι
905 3040 1041 3103 sive,
1082 3059 1100 3090 ι
1140 3049 1197 3095 ιιι
1226 3042 1483 3111 sagittent
1518 3040 1572 3095 in
1623 3039 1858 3094 occultis
1891 3038 2024 3094 sim-

442 3132 660 3201 plicem.
694 3129 898 3185 Subito
928 3132 1433 3202 sagittabunteum,
1466 3140 1521 3186 et
1546 3146 1655 3187 non
1683 3131 1969 3186 timebunt.
1999 3150 2015 3182 ι

2138 1950 2324 1987 νευσεν
2352 1936 2380 1988 6
2428 1935 2673 2000 Ἀκύλας.
2708 1938 2809 1991 Τὸν
2844 1940 2952 2010 γὰρ
2987 1940 3190 1994 ἁπλοῦν
3228 1943 3323 1996 καὶ
3356 1943 3720 2015 ἀπειρόκακον

2140 2024 2371 2095 μάλιστα
2403 2029 2782 2095 κατατοξεύειν
2809 2033 2858 2084 οἱ
2887 2031 3117 2085 τοιοῦτοι
3149 2033 3481 2105 πειρῶνται·
3503 2036 3583 2089 διὸ
3597 2038 3718 2089 ὲπι-

2134 2116 2312 2185 λέγει·
2358 2138 2376 2170 ‹
2425 2119 2682 2185 Ἐξάπινα
2742 2123 3225 2187 κατατοξεύσουσιν
3270 2126 3453 2187 αὑτὸν,
3515 2131 3608 2181 καὶ
3656 2128 3717 2182 οὐ

2136 2209 2557 2282 φοϐηθήσονται.
2589 2233 2606 2263 ι
2628 2215 3170 2286 Καιροφυλακοῦντες
3190 2216 3298 2289 γὰρ
3326 2213 3489 2283 οὗτοι,
3508 2219 3720 2291 ἀθρόως

2133 2300 2225 2352 καί
2284 2301 2704 2375 ἀπροσδοκήτως
2752 2306 3072 2375 ἐπέρχονται
3125 2307 3204 2378 τῷ
3254 2308 3504 2380 ἀμώμῳ,
3560 2310 3592 2381 ἢ
3637 2310 3716 2382 τῷ

2134 2392 2288 2463 ἁπλῷ
2313 2394 2406 2446 καὶ
2436 2395 2532 2448 ἀκε
2544 2397 2696 2466 ραίῳ.
2716 2398 2805 2450 Διὸ
2825 2400 3050 2469 γράφων
3068 2416 3168 2453 που
3192 2402 3219 2453 6
3244 2401 3562 2466 Ἀπόστολος
3579 2404 3716 2475 πρὸς

2129 2484 2256 2546 τοὺς
2287 2484 2563 2549 τοιούτους
2610 2488 2741 2557 φησί
2769 2503 2778 2514 ·
2809 2508 2825 2539 ι
2854 2488 3125 2559 Φοϐοῦμαι
3172 2492 3242 2563 μή
3273 2510 3409 2557 πως,
3442 2493 3517 2557 ὡς
3540 2496 3567 2547 ὸ
3590 2495 3716 2564 ὃφις

2130 2573 2471 2647 ἐξηπάτησεν
2502 2577 2679 2643 -Εῠαν,
2712 2580 2889 2652 φθαρῇ
2917 2583 2986 2636 τὰ
3013 2586 3257 2654 νοήματα
3286 2586 3440 2656 ὑμῶν
3475 2588 3583 2641 ἀπὸ
3613 2589 3713 2659 τῆς

2130 2664 2429 2736 ἁπλότητος
2447 2668 2549 2738 τῆς
2581 2670 2639 2721 ὲν
2673 2670 2914 2742 Χριστῷ.
2960 2691 2978 2723 ι
3010 2672 3111 2725 Τὸν
3170 2674 3278 2746 γὰρ
3327 2676 3711 2748 πεφραγμένον

2127 2756 2224 2827 τὴν
2253 2758 2429 2830 ψυχὴν
2461 2761 2560 2813 οὐκ
2594 2763 2658 2815 ἄν
2693 2780 2821 2815 ποτε
2860 2763 3107 2817 δύναιντο
3132 2765 3454 2821 καταϐαλεῖν
3491 2770 3539 2821 οἱ
3577 2786 3710 2839 προ-

2126 2846 2429 2919 λεχθέντες,
2453 2871 2470 2901 ι
2490 2852 2685 2915 οἵτινες
2713 2854 2985 2924 ἠκόνησαν
3008 2854 3084 2918 ὡς
3116 2858 3387 2927 ῥομφαίαν
3407 2859 3505 2922 τάς
3534 2859 3711 2927 γλώσ-

2128 2959 2225 3005 σας
2248 2944 2448 3007 αὐτῶν,
2484 2947 2577 2998 καὶ
2597 2945 2865 2999 ἐνέτειναν
2908 2946 3080 3013 τόξον,
3116 2953 3346 3021 πρᾶγμα
3378 2952 3592 3023 πικρὸν,
3615 2953 3709 3006 τοῦ

2124 3035 2514 3100 κατατοξεῦσαι
2563 3038 2619 3090 ὲν
2638 3038 2979 3110 ἀποκρύφοις
3023 3042 3272 3113 ἄμωμον·
3304 3064 3321 3096 ι
3354 3045 3412 3115 ἢ,
3437 3063 3454 3095 ι
3482 3046 3578 3098 τοῦ
3612 3064 3711 3100 xa-

2114 3126 2441 3191 ’τατοξεῦσαι
2474 3131 2531 3182 ἐν
2553 3130 2895 3201 ἀποκρύφοις
2925 3133 3146 3187 ἁπλοῦν.
3192 3135 3449 3200 Ἐξάπινα
3474 3156 3705 3192 κατατο-

439 3225 508 3277 At
538 3223 661 3278 vide
695 3238 806 3293 quo
834 3231 996 3293 pacto
1024 3224 1193 3289 dicat,
1224 3223 1563 3292 sagittabunt
1611 3239 1758 3286 eum,
1793 3238 1902 3276 non
1934 3237 2019 3277 me

2129 3218 2402 3285 ξεύσουσιν
2453 3222 2634 3287 αὑτὸν,
2696 3222 2791 3275 καὶ
2843 3223 2903 3275 οὐ
2947 3225 3365 3296 φοϐηθήσονται.
3412 3248 3430 3281 ›
3472 3231 3582 3283 Καὶ
3607 3232 3710 3302 ὅρα

436 3316 531 3387 qni
562 3316 689 3369 talia
718 3317 981 3386 profero;
1018 3317 1112 3373 sed
1145 3318 1473 3386 simplicem,
1507 3317 1561 3371 id
1603 3325 1687 3372 est
1744 3315 1933 3370 rudem
1965 3323 2019 3369 et

439 3411 809 3474 innocentem.
849 3418 903 3465 et
954 3411 1133 3466 adhuc
1170 3411 1483 3481 parvulum,
1517 3419 1574 3464 nt
1634 3410 1760 3480 quis
1795 3409 2016 3467 dixerit.

437 3520 501 3559 ex
536 3520 727 3559 eorum
754 3519 983 3558 numero
1012 3503 1080 3559 de
1113 3505 1314 3574 quibus
1344 3502 1606 3558 Servator
1635 3504 1753 3557 haec
1783 3502 1969 3555 docuit
2001 3516 2014 3552 :

440 3610 461 3645 ι
491 3590 569 3647 Ne
601 3594 967 3649 contemnatis
997 3608 1165 3647 unum
1213 3609 1279 3647 ex
1313 3593 1527 3663 pusillis
1560 3594 1652 3663 qui
1677 3600 1805 3648 sunt
1829 3593 1883 3646 in
1911 3591 2017 3645 Ec-

433 3685 603 3741 clesia
632 3700 751 3741 mea
780 3686 836 3752 7;
868 3706 885 3738 ι
914 3694 968 3740 et
1001 3704 1012 3738 :
1046 3705 1064 3737 ι
1112 3686 1169 3741 Si
1201 3687 1326 3756 quis
1368 3684 1822 3741 scandalizaverit
1846 3700 2015 3739 unum

432 3780 762 3850 expusillis.
815 3780 1034 3850 expedit
1064 3780 1113 3834 ei
1168 3788 1226 3834 ut
1269 3780 1623 3851 demergatur
1651 3779 1704 3832 in
1739 3793 1889 3832 mare
1915 3776 1957 3831 ⁸.
1992 3794 2010 3828 ι

374 3890 380 3895 ·
428 3869 616 3941 Neque
658 3872 803 3925 enim
859 3872 946 3925 hic
1000 3887 1255 3942 magnum
1318 3872 1594 3927 hominem
1650 3868 2015 3925 scandalizari

434 3960 1087 4026 Servatorlinducit,.sed
1125 3980 1273 4029 eum,
1330 3965 1424 4033 qui
1487 3964 1539 4017 in
1570 3962 1815 4017 Ecclesia
1852 3962 2013 4032 pusil-

434 4053 519 4107 lus
548 4054 653 4118 sit;
692 4062 749 4107 ut
774 4054 953 4109 hocin
985 4054 1105 4109 loco
1138 4055 1450 4123 simplicem
1481 4054 1637 4108 dicit.
1683 4053 1894 4108 Inimici
1922 4069 2012 4107 er-

433 4162 500 4215 go
530 4162 758 4213 magnos
789 4154 841 4201 et
872 4147 967 4217 qui
992 4146 1137 4216 apud
1182 4145 1351 4200 Deum
1385 4147 1665 4217 sapientes
1702 4154 1852 4213 sunt,
1883 4145 2015 4198 ado-

432 4238 530 4290 riri
564 4252 672 4290 non
707 4237 934 4300 audent,
979 4238 1074 4292 sed
1107 4236 1384 4307 simplices
1416 4244 1470 4290 et
1495 4236 1814 4290 innocentes
1841 4238 2014 4289 maxi-

431 4345 518 4383 me
536 4337 829 4384 venantur.
862 4329 1229 4393 Quamobrem
1261 4326 1431 4381 David
1455 4343 1580 4382 cum
1608 4327 1861 4382 inimicos
1899 4342 2012 4381 mc-

428 4428 723 4481 morasset,
785 4421 851 4474 ad
920 4436 1059 4490 quos
1122 4420 1429 4490 praesertim
1495 4420 1735 4489 irrepere
1798 4419 2013 4473 sole-ant

426 4512 745 4568 declaravit.

502 4638 521 4671 ι
564 4618 946 4676 Firmaverunt
970 4621 1074 4676 sibi
1100 4637 1407 4677 sermonem
1432 4636 1664 4691 nequam
1699 4640 1711 4674 :
1747 4636 2007 4677 narravc—
2043 4603 2083 4655 ί)

428 4722 560 4767 runt
584 4721 645 4767 ut
672 4713 1077 4769 absconderem
1127 4714 1372 4784 laqueos.
1412 4733 1429 4764 ι
1466 4712 1764 4783 Postquam
1800 4714 2010 4783 tropice

426 4806 679 4861 inimicos
720 4806 930 4876 gladios
958 4822 1090 4861 suos
1122 4822 1392 4861 exacuere
1432 4816 1486 4861 et
1520 4822 1683 4860 arens
1726 4805 2010 4860 intendere

426 4897 661 4961 dixerat,
681 4898 794 4967 jam
826 4898 1072 4967 apertius
1102 4898 1193 4968 qui
1225 4898 1295 4952 sit
1324 4898 1561 4968 gladius,
1606 4898 1788 4969 qualis
1819 4913 2006 4965 arcus,

425 4997 651 5043 enarrat
705 4988 791 5044 his
823 4989 1004 5044 verbis
1031 5007 1043 5044 :
1086 5007 1103 5039 ι
1130 4986 1521 5044 Firmaverunt
1550 4989 1661 5044 sibi
1689 5004 2006 5044 sermonem

429 5094 681 5153 quuam.
730 5100 748 5135 ι
789 5080 909 5136 Non
970 5083 1113 5137 enim
1166 5097 1477 5138 sermonem
1535 5097 1565 5135 a
1612 5082 1725 5137 Deo
1772 5082 2007 5137 mutuati

423 5180 585 5235 sunt:
618 5173 715 5230 sed
745 5185 1033 5246 postquam
1061 5174 1163 5229 sibi
1197 5175 1332 5245 ipsis
1364 5173 1754 5229 confinxerunt
1777 5181 1831 5229 et
1855 5188 2007 5229 com-

423 5268 591 5321 menti
642 5276 791 5332 sunt,
845 5268 991 5323 hunc
1022 5268 1400 5323 firmaverunt.
1439 5265 1604 5321 Tales
1654 5277 1782 5321 sunt
1841 5280 2003 5337 syco-

420 5360 660 5431 phantae,
692 5368 747 5417 et
775 5367 1045 5432 quotquot
1079 5359 1268 5419 falsas.
1303 5374 1441 5429 quas
1479 5358 1583 5413 sibi
1615 5357 2004 5411 conﬁnxerunt

422 5454 789 5508 etcommenti
823 5462 972 5517 sunt,
1040 5451 1343 5506 sententias
1394 5450 1613 5504 firmare
1658 5459 1711 5502 et
1758 5448 2006 5504 stabilire

422 5555 699 5615 satagunt.
736 5546 940 5601 Deinde
962 5561 1092 5600 vero
1111 5545 1200 5599 ubi
1218 5558 1527 5599 sermonem
1560 5544 1714 5595 illum
1744 5557 2003 5611 nequam,

418 5652 581 5707 quem
617 5639 721 5693 sibi
772 5639 1146 5704 firmaverant,
1206 5651 1430 5706 pravum
1464 5650 1585 5690 esse
1620 5634 2000 5699 adverterunt,

2124 3310 2246 3363 τίνα
2292 3312 2495 3382 τρόπον
2552 3310 3039 3377 κατατοξεύσουσιν
3068 3318 3226 3370 αὐτόν
3256 3336 3439 3389 φησιν,
3471 3321 3581 3373 ἀλλ’
3608 3322 3708 3375 οὐκ

2124 3403 2222 3472 ἐμὲ
2250 3403 2340 3456 τὸν
2371 3403 2542 3457 ταῦτα
2573 3404 2796 3473 λέγοντα
2821 3424 2833 3436 ·
2877 3407 2968 3459 τὸν
3006 3408 3063 3460 δὲ
3090 3408 3315 3472 ἁπλοῦν,
3344 3414 3589 3466 τουτέστι
3616 3416 3708 3467 τὸν

2123 3494 2297 3565 ἀφελῆ
2323 3496 2417 3548 καὶ
2444 3496 2701 3567 ἀκέραιον
2726 3539 2739 3561 ,
2776 3498 2869 3551 καὶ
2894 3499 2972 3551 ἔτι
2998 3500 3210 3571 μικρὸν,
3246 3501 3395 3564 ιῖιςᾶν
3426 3503 3572 3557 εἴποι
3600 3522 3705 3571 τις,

2125 3584 2184 3649 ἐξ
2240 3588 2466 3640 ἐκείνων
2512 3588 2644 3641 ὅντα
2673 3591 2799 3659 περὶ
2828 3583 2903 3643 ὧν
2935 3592 2963 3643 ὁ
2989 3590 3178 3663 Σωτὴρ
3210 3593 3455 3647 ἐδίδασκε
3487 3594 3660 3663 λέγων
3682 3613 3696 3628 ·

2128 3697 2145 3727 ι
2176 3677 2265 3748 Μὴ
2322 3682 2771 3751 καταφρονήσητε
2827 3681 2944 3746 ἐνὸς
2994 3683 3103 3736 τῶν
3152 3686 3362 3757 μικρῶν
3411 3688 3515 3740 τῶν
3542 3689 3600 3740 ὲν
3637 3691 3705 3761 τῇ

2136 3769 2429 3842 Ἐκκλησία
2444 3789 2565 3841 μου·
2595 3792 2612 3823 ι
2636 3774 2747 3836 καὶ,
2773 3794 2791 3824 ι
2820 3775 3006 3837 Ὅστις
3021 3775 3113 3829 ἐὰν
3142 3777 3468 3851 σκανδαλίσῃ
3484 3780 3577 3832 ’ένα
3597 3779 3709 3835 τῶν

2124 3860 2356 3932 μικρῶν,
2385 3863 2652 3935 συμφέρει
2674 3864 2822 3934 αὐτῷ
2857 3866 3114 3936 βληθῆναι
3140 3868 3220 3930 εἰς
3244 3868 3341 3939 τὴν
3364 3869 3656 3924 θάλασσαν.
3681 3889 3700 3922 ι

2122 3954 2612 4026 Σκανδαλιξόμενον
2652 3958 2759 4028 γὰρ
2794 3960 2952 4011 κάκεῖ
2978 3961 3005 4012 6
3032 3960 3220 4032 Σωτὴρ
3250 3962 3308 4013 ού
3345 3962 3515 4033 μέγαν
3554 3966 3706 4017 είσά-

2119 4062 2225 4113 γει,
2250 4048 2384 4100 ἀλλά
2409 4049 2497 4101 τὸν
2522 4051 2658 4121 ὲντῇ
2700 4051 2994 4124 Ἐκκλησία
3024 4055 3237 4125 μικρὸν,
3262 4053 3449 4127 ῶσπερ
3471 4056 3704 4111 ἐνταῦθα

2118 4136 2209 4188 τὸν
2234 4136 2457 4190 ἁπλοῦν.
2495 4140 2559 4194 Οἱ
2592 4140 2767 4195 τοίνυν
2790 4142 2973 4214 ἐχθροὶ
3004 4144 3123 4196 οὐδὲ
3152 4145 3393 4216 τολμῶσι
3427 4149 3723 4223 προσιέναι-

2118 4231 2231 4291 τοῖς
2291 4229 2567 4298 μεγάλοις,
2595 4231 2716 4284 οὐδὲ
2757 4236 2869 4295 τοῖς
2902 4234 3054 4304 παρά
3088 4234 3208 4305 Θεῷ
3244 4240 3425 4304 σοφοῖς
3449 4254 3462 4267 ·
3493 4238 3617 4300 τοὺς
3645 4237 3702 4289 δὲ

2119 4318 2326 4381 ἁπλοῦς
2357 4320 2448 4374 καῖ¹
2497 4321 2790 4391 ἀκεραίους
2826 4322 3060 4392 μάλιστα
3098 4323 3407 4395 θηρεύουσι.
3444 4327 3643 4398 Διόπερ
3672 4328 3701 4379 6

2118 4411 2301 4474 Δαυῒδ,
2354 4413 2731 4482 μνημονεύσας
2786 4414 2893 4467 τῶν
2955 4415 3186 4488 ἐχθρῶν,
3237 4418 3328 4469 καὶ
3375 4419 3503 4489 περὶ
3550 4419 3701 4480 τίνας

2122 4503 2355 4572 μάλιστα
2385 4504 2646 4559 εἱλεῖσθαι
2680 4505 2934 4559 εἰώθασιν
2966 4502 3109 4560 οὗτοι
3143 4508 3505 4580 παρέστησεν.

2191 4640 2209 4671 ι
2262 4619 2667 4691 Ἐκραταίωσαν
2723 4622 2935 4684 ἑαυτοῖς
2985 4621 3145 4690 λόγον
3194 4625 3467 4696 πονηρόν·
3511 4625 3701 4697 διηγή-

2116 4728 2276 4764 σαντο
2324 4709 2418 4764 τοῦ
2479 4711 2683 4783 κρύψαι
2743 4712 2997 4779 παγίδας.
3050 4731 3068 4763 ι
3124 4713 3412 4784 Τροπικῶς
3452 4714 3538 4768 διὰ
3592 4716 3702 4770 τῶν

2116 4803 2422 4876 ἔμπροσθεν
2471 4805 2598 4868 τοὺς
2654 4805 2751 4876 τῆς
2803 4804 2980 4876 ψυχῆς
3025 4806 3252 4878 ἐχθροὺς
3288 4808 3385 4879 τὴν
3428 4809 3699 4879 ῥομφαίαν

2114 4896 2294 4951 αὐτῶν
2324 4896 2587 4966 ἁκονῆσαι
2627 4896 2721 4949 καὶ
2749 4895 2817 4948 τά
2844 4896 2973 4964 τόξα
3005 4900 3236 4951 ἐντεῖναι
3275 4898 3574 4970 προειπὼν,
3606 4917 3699 4953 σα-

2121 4989 2379 5059 φέστερον
2400 4988 2487 5041 διὰ
2502 4988 2609 5042 τῶν
2636 4990 3008 5060 προκειμένων
3031 4990 3115 5053 τίς
3143 4986 3211 5061 ἦν
3235 4992 3267 5062 ὴ
3303 4992 3565 5061 ῥομφαία,
3606 4994 3699 5046 καὶ

2115 5080 2169 5133 τί
2195 5079 2257 5131 τὸ
2288 5078 2441 5144 τόξον
2487 5077 2811 5150 παρίστησιν
2831 5078 3032 5135 εἰπών·
3068 5099 3085 5131 ι
3128 5080 3537 5150 Ἐκραταίωσαν
3570 5083 3697 5135 ἑαυ-

2113 5175 2228 5236 τοῖς
2259 5172 2413 5240 λόγον
2436 5172 2691 5243 πονηρόν.
2737 5191 2755 5224 ι
2782 5173 2857 5225 Οὐ
2886 5173 2997 5244 γὰρ
3025 5171 3175 5243 παρά
3208 5171 3304 5225 τοῦ
3337 5172 3470 5227 Θεοῦ
3507 5173 3698 5227 λαϐόν-
3748 5188 3753 5192 '

2113 5284 2204 5329 τες
2242 5266 2419 5335 λόγον,
2481 5265 2595 5319 ἀλλ’
2635 5266 2845 5329 ἑαυτοῖς
2886 5265 3221 5337 πλασάμενοι
3261 5267 3355 5320 καὶ
3393 5267 3695 5329 συνθέντες,

2110 5359 2296 5415 τοῦτον
2351 5359 2670 5430 ἐκράτυναν.
2713 5358 2953 5412 Τοιοῦτοι
2999 5359 3056 5411 δέ
3099 5362 3233 5412 εἰσιν
3271 5360 3318 5412 οἱ
3346 5362 3693 5427 συκοφάνται,

2111 5451 2206 5503 καὶ
2239 5451 2288 5503 οἱ
2316 5450 2603 5521 κρατύνειν
2636 5452 2728 5503 καὶ
2758 5449 3006 5520 βεϐαιοῦν
3036 5451 3362 5522 πειρώμενοι
3386 5451 3451 5515 ἃς
3483 5454 3692 5512 ἑαυτοῖς

2110 5541 2575 5613 ἀνεζωγράφησαν
2622 5543 2716 5594 καὶ
2755 5541 3126 5594 ἀνεπλάσαντο
3160 5540 3517 5610 ψευδοδοξίας.
3562 5536 3689 5593 Εἶτα

2108 5633 2166 5686 δὲ
2192 5634 2282 5686 τὸν
2316 5634 2552 5704 πονηρὸν
2606 5632 2760 5701 λόγον
2790 5633 2849 5686 ὃν
2879 5635 3090 5697 ἑαυτοῖς
3115 5633 3419 5706 ὲκράτυναν
3453 5634 3689 5706 ὁρῶντες

484 5793 681 5869 ξΡςιιΙ.
728 5813 919 5861 xxxm,
949 5797 1002 5852 Ο.
1080 5798 1100 5829 ⁸
1131 5794 1173 5849 Il
1202 5796 1327 5850 Cor.
1354 5811 1433 5873 ιι,
1466 5794 1519 5850 5.
1573 5794 1615 5867 ,⁷
1644 5791 1831 5846 Matth.
1862 5805 2021 5857 xvm,

2129 5833 2137 5845 .
2211 5790 2231 5821 ε
2260 5769 2394 5845 Ibid.
2436 5788 2491 5843 6.
