4146 6390
405 424 500 478 (illi

1559 415 2062 477 COMMENTANA
2101 413 2166 469 IN
2205 411 2546 472 PSALMOS.

2848 393 2873 422 ‘
3547 412 3653 468 69.2

403 537 620 610 σαθρὸν,
665 537 726 590 οὑ
771 537 974 607 γυμνὸν
1007 533 1165 588 αὑτὸν
1195 535 1601 606 προϐάλλονται,
1643 535 1778 589 ἀλλὰ
1815 552 1972 606 περι-

2077 545 2183 584 non
2212 533 2416 587 nudum
2451 529 2756 602 proferunt,
2792 529 2887 584 sed
2913 528 3123 598 laqueis
3147 527 3490 583 extrinsecus
3512 529 3656 585 clam

402 631 683 686 ϐάλλουσιν
722 629 918 694 ἔξωθεν
961 630 1174 698 παγίσι,
1199 627 1532 698 κρύπτοντες
1557 628 1647 682 διά
1691 645 1854 682 τινων
1897 644 1978 680 σο-

401 722 685 793 φισμάτων
713 721 806 773 καὶ
850 719 1276 789 παραλογισμῶν
1312 719 1412 788 τὴν
1436 718 1578 772 κατὰ
1617 718 1726 771 τῶν
1758 717 1977 771 επιϐου-

402 811 706 884 λευομένων
737 813 1004 882 συσκευήν
1023 827 1036 842 σ
1069 811 1210 864 οὕτω
1242 810 1352 880 γὰρ
1383 808 1614 880 ἄληπτοι
1645 811 1739 863 καὶ
1766 808 1976 879 ἀθήρα-

400 921 482 957 τοι
512 902 729 955 ἔσεσθαι
755 901 1214 974 ὑπολαμϐάνουσι.
1240 901 1333 954 Διδ
1362 920 1380 953 ι
1418 896 1579 954 εἶπαν
1611 919 1628 950 ι
1657 902 1714 953 ἑν
1741 902 1971 963 ἑαυτοῖς·

405 1012 424 1046 ι
462 993 559 1057 Τίς
617 992 806 1062 ὄψεται
854 991 1090 1057 αὑτούς;
1139 1011 1158 1043 ι
1210 992 1328 1054 καὶ,
1374 1011 1392 1043 ι
1444 991 1801 1064 ἑξερεύνησαν
1852 991 1977 1044 ἀνο-

402 1086 550 1157 μίας.
567 1104 587 1137 ι
609 1084 774 1137 Οὑδὲν
791 1083 899 1154 γὰρ
920 1083 1193 1154 ὠφέλιμον
1213 1083 1320 1136 ἀπὸ
1336 1083 1427 1136 τοῦ
1459 1082 1602 1136 θείου
1621 1082 1785 1153 νόμου
1811 1081 1978 1152 ζητή-

399 1194 591 1240 σαντες
611 1172 798 1248 εὖρονο
830 1175 943 1230 ἀλλ’
968 1175 1195 1246 ἀνομίας
1225 1177 1438 1238 ἑαυτοῖς
1465 1175 1786 1244 ἐπενόησαν.
1820 1172 1977 1227 Κατά

395 1269 452 1322 δὲ
486 1269 576 1322 τὸν
629 1267 948 1339 Σύμμαχον,
990 1287 1008 1319 ι
1045 1265 1408 1338 ἑξερεύνησαν
1447 1266 1677 1336 ἀνομίας
1727 1265 1976 1336 σύμπαν-

395 1373 486 1420 τες
507 1373 522 1388 °
559 1375 579 1408 ι
615 1357 709 1409 καὶ
739 1357 832 1410 ἐπὶ
864 1355 1071 1419 τούτοις
1106 1355 1276 1408 πολλά
1309 1356 1643 1426 ζητήσαντες
1669 1356 1759 1408 καὶ
1808 1354 1976 1427 μυρία

397 1450 526 1521 παρ’
564 1451 774 1513 ἑαυτοῖς
794 1450 1199 1520 ἐπινοήσαντες,
1230 1448 1393 1519 μηδὲν
1421 1447 1476 1500 δὲ
1492 1446 1689 1517 ἀληθὲς
1710 1447 1800 1499 ἐπὶ
1831 1445 1975 1498 τέλει

395 1540 660 1611 εὑρόντες,
682 1539 945 1604 ἐξέλιπον,
979 1540 1138 1593 πλέον
1165 1540 1314 1592 οὐδὲν
1340 1539 1448 1592 ἀπὸ
1473 1538 1572 1607 τῆς
1603 1537 1803 1606 πολλῆς
1828 1537 1976 1609 ἐρεύ-

395 1649 492 1703 νης
511 1632 888 1703 οκτησάμενοι.
937 1631 1028 1684 Διὸ
1055 1630 1330 1684 λέλεκται·
1379 1649 1397 1682 ι
1449 1630 1724 1694 Ἐξέλιπον
1758 1630 1975 1701 ἑξερευέ

393 1723 592 1786 νῶντες
648 1723 1040 1796 ἑξερευνήσεις.
1074 1742 1093 1774 ι
1131 1722 1430 1784 Τοσούτους
1485 1713 1638 1786 τὶνάς
1683 1721 1974 1792 διέγραψεν

393 1819 423 1869 ὁ
457 1813 615 1868 Δαυῒδ
645 1816 772 1879 τοὺς
815 1814 1040 1885 ἐχθροὺς
1069 1813 1162 1868 καὶ
1193 1812 1502 1883 πολεμίους,
1525 1811 1583 1879 ἐξ
1607 1806 1681 1865 ὧν
1713 1811 1810 1882 τήν
1842 1813 1972 1864 ἑαυ-

2081 621 2533 693 circumsepiunt,
2571 621 3006 691 sophismatibus
3037 619 3360 690 cavillisque
3389 636 3528 690 quas
3557 636 3655 692 pa.

2081 722 2204 766 rant
2231 715 2366 784 ipsis
2413 714 2641 770 insidias
2682 712 3046 777 occultantes,
3104 713 3179 766 ita
3226 729 3286 768 se
3314 713 3433 782 capi
3467 720 3522 767 et
3556 715 3656 768 de-

2081 805 2344 874 prehendi
2376 821 2486 860 non
2517 819 2681 876 posse
2718 805 3035 875 opinantur.
3074 803 3258 871 Quare
3287 822 3306 856 ι
3338 803 3597 860 dixerunt
3632 824 3653 858 ι

2079 899 2135 952 in
2163 899 2359 969 seipsis
2393 919 2405 954 :
2434 917 2453 948 ι
2484 898 2620 965 Quis
2653 897 2860 954 videbit
2891 897 3030 952 eos?
3061 916 3080 949 ›
3119 906 3192 963 et,
3221 915 3240 948 ι
3275 897 3504 952 scrutati
3529 905 3660 953 sunt

2079 989 2420 1059 iniquitates.
2463 1009 2481 1042 ι
2518 988 2664 1043 Nihil
2700 989 2902 1058 quippe
2930 987 3184 1042 utilitatis
3216 987 3272 1041 in
3319 987 3504 1041 divina
3539 989 3659 1058 lego

2080 1079 2486 1148 perquisierunt
2515 1079 2600 1134 vel
2628 1079 2992 1144 invenerunt;
3051 1079 3147 1133 sed
3180 1078 3498 1146 iniquitates
3551 1079 3658 1134 sibi

2078 1171 2492 1240 excogitarunt;
2520 1172 2656 1236 sive,
2684 1170 2984 1226 secundum
3016 1167 3428 1240 Symmachum,
3456 1187 3475 1220 ι
3505 1184 3662 1224 scru-

2080 1263 2174 1315 tati
2206 1271 2336 1317 sunt
2363 1265 2682 1334 iniquitates
2707 1262 2953 1319 universi
2985 1277 2997 1312 :
3039 1281 3057 1313 ι
3095 1276 3160 1316 ac
3201 1275 3330 1314 cum
3373 1261 3487 1316 hac
3513 1263 3658 1316 mul-

2081 1359 2194 1405 tum
2230 1354 2704 1423 perquisivissent,
2738 1360 2791 1410 et
2831 1352 3042 1407 inﬁnita
3069 1352 3497 1422 excogitassent,
3531 1365 3658 1404 cuin

2079 1443 2214 1497 nihil
2246 1447 2358 1499 veri
2383 1445 2600 1500 tandem
2625 1446 2949 1515 reperirent,
2982 1442 3322 1509 defecerunt,
3346 1441 3485 1496 nihil
3512 1441 3660 1495 aliud

2078 1550 2144 1589 ex
2179 1543 2328 1590 tanta
2361 1537 2802 1606 perscrutatione
2837 1535 3162 1591 referentes.
3217 1533 3401 1600 Quare
3447 1532 3660 1588 dictum

2078 1633 2199 1680 est:
2234 1645 2252 1678 ι
2286 1626 2614 1684 Defecerunt
2639 1636 2951 1684 scrutantes
2969 1627 3258 1684 scrutinia.
3289 1645 3309 1679 ι
3335 1624 3661 1695 Hujusmoui

2078 1717 2267 1774 hostes
2297 1729 2352 1774 et
2385 1720 2639 1775 inimicos
2668 1719 2964 1791 descripsit
2985 1719 3179 1785 David,
3219 1734 3251 1774 e
3282 1733 3518 1790 quarunt
3549 1733 3667 1772 ma-

2078 1812 2241 1867 nibus
2273 1812 2509 1866 animam
2544 1813 2682 1882 eripi
2713 1827 2869 1866 suam
2913 1812 3242 1881 precabatur
3274 1827 3288 1862 :
3323 1817 3484 1864 erant
3512 1810 3664 1864 scili-

392 1904 488 1958 τοῦ
521 1904 698 1976 ψυχὴν
726 1903 986 1976 ρυσθῆναι
1043 1901 1261 1974 ηὔχετο,
1312 1903 1756 1975 ἑξερευνητικους
1799 1917 1972 1967 τινας,

2077 1911 2164 1960 cet
2217 1905 2254 1959 ii
2286 1911 2701 1975 perscrutantes
2733 1913 2786 1959 et
2847 1903 3230 1974 perquirentes
3289 1902 3660 1972 iniquitatem.

393 1997 488 2048 καὶ
519 1995 841 2067 ζητητικοὺς
871 1995 1117 2066 ἀνομίας.
1151 1997 1215 2049 Οἱ
1245 1995 1352 2067 γὰρ
1376 1994 1602 2047 τοιοῦτοι
1631 1991 1808 2063 ψυχῆς
1840 1993 1974 2064 ἀλη-

394 2086 504 2150 θῶς
534 2087 598 2140 ἂν
645 2082 753 2140 εῐεν
786 2087 1039 2156 φονευταί
1064 2105 1076 2116 ·
1115 2087 1194 2140 διὸ
1227 2087 1289 2159 δὴ
1329 2087 1560 2158 μάλιστα
1607 2085 1742 2139 Θεὸν
1775 2085 1974 2156 βοηθὸν

393 2180 486 2231 ἐπὶ
513 2178 621 2232 τῶν
652 2179 908 2235 τοιούτων
939 2179 1272 2243 ἀνεκαλεῖτο,
1333 2181 1458 2242 τοὺς
1493 2178 1784 2248 αἰσθητοὺς
1817 2178 1976 2230 πολε-

397 2269 552 2341 μίους
581 2270 819 2333 καὶτοὺς
836 2273 950 2333 τοῖς
985 2267 1194 2340 σώμασι
1229 2265 1744 2340 παραταττομένους
1765 2266 1853 2317 ἐπ’
1877 2265 1938 2317 ού
1954 2293 1972 2305 ο

391 2359 502 2413 δενὶ
534 2360 677 2431 λόγῳ
701 2360 1001 2430 τιθέμενος.

470 2468 489 2500 σ
530 2450 954 2522 Προσελεύσεται
985 2449 1269 2521 ἄνθρωπος
1317 2450 1374 2503 ἐν
1407 2450 1603 2522 καρδίᾳ
1638 2449 1850 2520 βαθείᾳ,
1880 2448 1974 2502 καὶ

393 2540 741 2613 ὑψωθήσεται
799 2542 828 2593 ὁ
887 2542 1037 2604 Θεός.
1073 2541 1232 2605 Βέλος
1266 2541 1496 2610 νηπίων,
1540 2561 1558 2593 ι
1597 2544 1691 2594 καὶ
1720 2541 1790 2594 τὰ
1823 2541 1970 2611 ἑξῆς.

393 2634 456 2686 Οἱ
490 2635 586 2704 μὲν
611 2635 710 2704 τῆς
747 2633 923 2705 ψυχῆς
950 2634 1214 2704 πολέμιοι,
1251 2633 1430 2702 λόγοις
1461 2637 1716 2706 πονηροῖς
1749 2635 1974 2698 ἑαυτοὺς

393 2725 848 2797 περιφράξαντες,
908 2725 1002 2778 καὶ
1029 2725 1128 2789 τάς
1157 2726 1364 2780 ἑαυτῶν
1390 2726 1766 2797 ἑγκριύψχντες
1805 2727 1973 2795 παγί-

389 2821 508 2882 δας,
534 2818 764 2889 ἀνομίας
795 2837 856 2872 τε
893 2818 1299 2891 ἐξερευνῶντες,
1353 2821 1447 2872 καὶ
1487 2818 1573 2872 διὰ
1620 2819 1825 2871 τούτων
1874 2819 1974 2882 τὰς

392 2911 600 2965 ἑαυτῶν
627 2911 896 2982 ῥομφαίας
913 2913 1299 2984 ἀκονήσαντες,
1322 2913 1415 2965 καὶ
1437 2915 1553 2974 ταῖς
1568 2909 1777 2964 ἑαυτῶν
1794 2909 1973 2978 γλώσ-

393 3019 514 3065 σαις
530 3001 860 3066 ἑντείναντες
884 3001 1033 3067 τόξα,
1063 3002 1154 3055 τὸν
1187 3002 1436 3072 ἄμωμον,
1463 3002 1496 3073 ἢ
1518 3002 1608 3055 τὸν
1645 3001 1850 3054 ἁπλοῦν
1877 3004 1974 3056 καὶ

391 3093 646 3164 ἀκέραιον
677 3094 971 3164 περιῄεσαν
999 3091 1306 3164 ζητοῦντες,
1340 3094 1486 3156 ὅπως
1518 3093 1781 3146 ἀνέλωσιν
1807 3094 1974 3146 αὑτοῦ

390 3183 490 3254 τὴν
534 3183 744 3254 ψυχήν·
791 3182 905 3237 ἀλλ’
956 3185 1159 3236 ἐκεῖνον
1214 3185 1360 3253 μὲνό
1399 3182 1529 3246 Θεὸς
1565 3182 1806 3254 ῥύσεται.
1851 3183 1972 3236 Τῶν

390 3276 499 3347 γὰρ
533 3275 746 3346 μικρῶν
779 3277 836 3328 ἑν
879 3277 946 3347 τῇ
991 3275 1288 3347 Ἐκκλησία
1317 3277 1365 3328 oi
1408 3275 1629 3344 ἄγγελοι
1659 3274 1746 3328 διὰ
1769 3275 1972 3339 παντὸς
2001 3257 2043 3315 C

388 3369 556 3440 ὁρῶσι
582 3369 645 3421 τὸ
678 3368 966 3440 πρόσωπον
1015 3367 1109 3421 τοῦ
1143 3370 1200 3420 έν
1221 3368 1468 3439 οὐρανοῖς
1522 3368 1756 3439 Πατρός.
1801 3369 1976 3438 Προσ-

389 3460 668 3513 ελεύσεται
717 3460 775 3515 δέ
834 3477 922 3524 τις
979 3461 1164 3524 αὑτοῖς
1207 3459 1516 3531 ἄνθρωπος,
1566 3461 1784 3532 ἀληθῶς
1836 3460 1976 3533 ἀνὴρ

389 3550 596 3614 τέλειος
620 3553 713 3607 καὶ
740 3553 919 3624 φορῶν
938 3553 1029 3605 τὸν
1056 3555 1176 3606 κατ’
1206 3554 1388 3608 εἰκόνα
1417 3553 1552 3607 Θεοῦ
1582 3555 1973 3624 πεποιημένον,

393 3643 472 3708 ὃς,
503 3645 560 3698 ἑν
613 3643 810 3715 καρδία
875 3643 1066 3714 βαθείᾳ.
1100 3645 1506 3716 πεφραγμένος,
1555 3646 1974 3717 ἀκατάπληκτος

392 3738 574 3800 αέτοίς
622 3735 1016 3810 παρατάξεται,
1074 3738 1281 3800 πάντας
1317 3755 1375 3790 τε
1407 3738 1607 3800 αὑτοὺς
1655 3738 1972 3800 καταλύσει,

388 3827 464 3890 ὼς
483 3827 764 3898 ὑψωθῆναι
795 3830 888 3881 καὶ
925 3828 1247 3898 δοξασθῆναι
1272 3829 1340 3881 δι’
1375 3829 1541 3882 αὑτοῦ
1564 3829 1657 3883 τὸν
1687 3829 1843 3894 Θεὸν,
1879 3831 1977 3883 καὶ

392 3919 608 3974 πάντων
629 3921 849 3973 ἐκείνων
863 3919 932 3973 τὰ
954 3920 1080 3991 βέλη
1100 3921 1418 3992 ἐλεγχθῆναι
1439 3921 1602 3975 ἄτονα
1627 3921 1720 3975 καὶ
1749 3923 1975 3993 ἀσθενῆ,

389 4012 466 4074 ὠς
494 4013 702 4083 νηπίων
758 4011 1071 4083 λογισθῆναι
1106 4011 1234 4082 βέλη
1266 4013 1365 4076 τὰς
1400 4013 1615 4085 πληγὰς
1645 4014 1845 4078 αὑτῶν,
1882 4017 1976 4077 καὶ

388 4103 489 4168 τὰς
522 4103 773 4172 γλώσσας
823 4105 1002 4158 αὑτῶν
1035 4107 1119 4158 ἐπ’
1147 4106 1345 4168 αὑτοὺς
1379 4104 1756 4177 ὲξασθενῆσαι.
1784 4107 1976 4160 Τοιοῦ-

388 4209 481 4262 τος
531 4197 640 4269 γάρ
675 4199 822 4251 ἑστιν
850 4201 878 4251 ό
911 4198 1003 4252 τοῦ
1034 4199 1168 4252 Θεοῦ
1214 4197 1518 4269 ἄνθρωπος,
1568 4201 1595 4252 ό
1625 4199 1971 4273 παραταττό-

394 4304 550 4357 μενος
578 4291 688 4351 τοῖς
720 4287 1092 4359 προλεχθεῖσιν
1135 4291 1192 4342 ἑν
1222 4289 1419 4360 καρδία
1449 4287 1666 4360 βαθείᾳ·
1711 4289 1787 4352 ὡς
1823 4288 1974 4359 δέχε-

393 4376 515 4430 σθαι
544 4379 640 4449 μὲν
671 4380 830 4432 αὑτὸν
880 4381 980 4443 τὰς
1013 4379 1225 4450 πληγὰς
1260 4381 1352 4434 καὶ
1386 4381 1452 4433 τά
1489 4380 1577 4434 διά
1620 4380 1972 4452 σοφισμάτων

391 4471 542 4541 βέλη,
575 4471 740 4543 γελᾷν
785 4473 839 4525 δὲ
874 4473 1010 4527 αὑτά
1041 4474 1132 4527 καὶ
1159 4474 1220 4526 τὸ
1257 4474 1421 4544 μηδὲν
1453 4473 1724 4544 ἡγεῖσθαι,
1757 4473 1833 4537 ὡς
1864 4473 1972 4526 ὑπὸ

388 4563 594 4634 νηπίων
621 4565 822 4618 ἀτόνων
853 4568 972 4618 κατ’
993 4565 1158 4619 αὑτοῦ
1189 4568 1538 4638 πεμπόμενα.
1577 4564 1703 4618 Εἶτα
1733 4566 1828 4619 καὶ
1850 4568 1970 4621 ἑπι-
2003 4601 2045 4654 D

387 4655 646 4726 λυόμενος
695 4657 874 4710 αὐτῶν
903 4658 972 4711 τά
1023 4659 1348 4728 σοφίσματα,
1383 4658 1481 4723 τὰς
1517 4657 1768 4726 γλώσσας
1789 4658 1970 4711 αὑτῶν

388 4752 483 4802 καὶ
524 4752 650 4813 τοὺς
688 4749 878 4818 λόγους
909 4750 1326 4814 ἑξασθενοῦντας
1380 4750 1610 4819 ἐλέγξει.
1667 4749 1868 4805 Βαθεῐα
1913 4750 1971 4802 δὲ

387 4841 588 4910 καρδία
645 4842 678 4913 ή
729 4843 801 4914 μὴ
849 4842 908 4908 ἑξ
966 4842 1230 4914 ἑπιπολῆς
1273 4841 1470 4914 ἔχουσα
1529 4841 1600 4896 τά
1645 4841 1968 4914 μαθήματα,

390 4933 524 5003 μηδὲ
557 4937 613 4987 ἑν
646 4934 723 5004 τῷ
748 4933 1066 5006 προφορικῷ
1086 4935 1229 5005 λόγῳ
1261 4934 1655 5005 σεμνυνομένη,
1683 4933 1798 4987 ἀλλ’
1821 4933 1969 4988 ἔνδον

387 5024 446 5076 ἑν
475 5025 609 5095 αὑτῇ
644 5027 769 5088 τοὺς
798 5027 897 5096 τῆς
926 5025 1160 5089 πίστεως
1209 5025 1492 5097 θεμελίους
1541 5026 1966 5098 ἑρριζωμένους.

399 5115 730 5180 ’Δκολούθως
744 5118 920 5172 τοίνυν
931 5119 1182 5186 λογικούς
1201 5135 1351 5182 τινας
1371 5118 1668 5188 πολεμίους
1682 5117 1781 5189 τήν
1796 5118 1970 5187 γλῶτ-

361 5210 490 5259 ’ταν
531 5209 919 5279 ἀκονήσαντας,
943 5210 1036 5262 καὶ
1076 5210 1204 5276 τόξα
1225 5212 1337 5273 τοῖς
1371 5209 1608 5280 χείλεσιν
1633 5209 1970 5272 ἑντείνοντας

389 5299 854 5372 ὑποστησάμενος,
914 5302 1217 5357 ἀντιτάττει
1270 5303 1453 5366 αὑτοῖς
1499 5300 1786 5372 ἄνθρωπον
1831 5300 1968 5354 Θεοῦ

389 5393 616 5464 καρδίαν
679 5393 898 5464 βαθεῖαν
953 5395 1321 5466 κεκτημένονο
1387 5393 1482 5446 καὶ
1525 5392 1616 5446 τὸν
1678 5393 1778 5463 μὲν
1834 5392 1968 5446 Θεὸν

385 5483 476 5540 διὰ
499 5486 688 5540 τούτου
715 5486 1092 5559 δοξαζόμενον,
1139 5487 1379 5550 ἑκείνους
1415 5484 1472 5538 δὲ
1502 5485 1850 5555 ἡττωμένους
1873 5485 1970 5539 καὶ

385 5579 526 5650 ἀσχη
535 5579 825 5650 μονοὖντας
836 5619 852 5634 .

460 5713 480 5746 ι
528 5694 939 5766 Ἐταράχθησαν
980 5693 1177 5758 πάντες
1197 5697 1247 5747 οἱ
1273 5693 1604 5766 θεωροῦντες
1632 5693 1846 5756 αὐτοὺς,
1875 5693 1970 5745 καὶ

387 5785 628 5858 ἑφοδήθη
658 5787 766 5848 πᾶς
801 5786 1106 5858 ἄνθρωπος.
1139 5806 1156 5838 t
1194 5786 1513 5840 Ἀκόλουθον
1545 5781 1632 5856 ἦν,
1661 5785 1770 5836 τῶν
1807 5784 1970 5854 δοκή-

390 5897 470 5934 σει
507 5879 685 5951 σοφῶν
717 5879 1134 5951 ἀνατραπέντων
1172 5880 1264 5932 καὶ
1312 5877 1419 5930 τῶν
1463 5876 1561 5949 τῆς
1585 5875 1766 5949 ψυχῆς
1805 5873 1964 5927 πολε-

2080 1992 2217 2048 Nam
2247 1995 2342 2064 qui
2371 1994 2509 2049 tales
2560 2003 2712 2057 sunt,
2748 2007 2877 2046 vere
2919 1991 3115 2045 anima
3147 1989 3528 2045 interfectores
3560 1989 3662 2042 ha-

2081 2088 2316 2142 beantur
2347 2104 2360 2138 :
2396 2102 2566 2157 quare
2591 2086 2762 2141 Deum
2794 2092 2988 2140 contra
3011 2082 3329 2154 bujusmodi
3353 2082 3541 2138 hostes
3563 2081 3664 2134 ad-

2074 2180 2315 2249 jutorem
2340 2179 2667 2244 invocabat;
2695 2193 2820 2232 cum
2845 2175 3081 2231 sensiles
3101 2176 3376 2239 inimicos,
3409 2173 3505 2245 qui
3528 2187 3665 2234 con-

2080 2278 2166 2324 tra
2193 2285 2426 2341 corpora
2462 2271 2632 2325 aciem
2655 2271 2953 2336 instruent,
2981 2267 3138 2322 nihili
3171 2266 3397 2322 faceret.

2149 2449 2319 2506 Vens.
2339 2449 2395 2512 8,
2419 2451 2472 2505 9.
2486 2469 2503 2501 ι
2525 2448 2763 2503 Accedet
2780 2449 2947 2503 homo
2971 2447 3026 2501 in
3043 2445 3208 2502 corde
3225 2445 3356 2509 alto,
3369 2453 3424 2499 et
3450 2442 3668 2499 exaltan

2077 2545 2227 2600 bitur
2241 2542 2404 2597 Deus.
2429 2541 2650 2612 Sagitta
2662 2541 3035 2611 parvulorum,
3061 2558 3078 2590 ι
3098 2547 3202 2593 etc.
3217 2535 3662 2606 lnimieiquidem

2080 2637 2276 2691 anima
2318 2635 2502 2690 verbis
2548 2649 2670 2690 sese
2700 2633 2953 2704 malignis
2995 2629 3544 2691 circummunientes,
3578 2628 3664 2681 la-

2079 2745 2252 2801 queos
2281 2745 2414 2786 suos
2463 2728 2832 2791 occultantes,
2868 2726 3190 2796 iniquitates
3220 2729 3661 2794 perscrutantes,

2079 2825 2257 2894 iisque
2281 2822 2493 2894 gladios
2535 2835 2667 2875 suos
2699 2829 3053 2885 exacuenles,
3091 2817 3400 2887 linguisque
3428 2813 3546 2869 suis
3577 2813 3667 2867 in-

2079 2916 2367 2971 tendentes
2402 2929 2588 2976 arcus,
2619 2912 3054 2974 immaculatum,
3089 2908 3393 2978 simplicem
3416 2913 3471 2961 et
3500 2907 3666 2960 inno-

2079 3015 2291 3062 centem
2325 3005 2690 3075 undequaque
2745 3003 3159 3076 perquirebant,
3193 3009 3251 3056 ut
3273 3000 3393 3070 ejus
3421 2999 3666 3052 animam

2079 3098 2474 3154 interficerent.
2507 3099 2574 3151 At
2597 3099 2750 3151 illum
2783 3095 2927 3152 Deus
2951 3096 3182 3164 eripiet;
3217 3093 3396 3164 angeli
3427 3103 3664 3161 namque

2080 3190 2405 3260 pusillorum
2440 3193 2497 3245 in
2531 3190 2778 3246 Ecclesia
2834 3204 3051 3258 semper
3080 3187 3267 3243 vident
3317 3185 3512 3240 faciem
3559 3182 3666 3236 Pa-

2080 3284 2180 3338 tris
2214 3285 2310 3354 qui
2337 3285 2393 3338 in
2417 3285 2574 3339 coelis
2605 3291 2711 3340 est.
2731 3282 3164 3338 Accedetautem
3192 3280 3355 3335 homo
3386 3277 3668 3349 quispiam

2081 3375 2151 3430 ad
2183 3391 2299 3442 eos,
2334 3377 2418 3429 vir
2448 3391 2570 3431 vere
2619 3375 2918 3446 perfectus,
2949 3388 3187 3446 eumque
3241 3371 3426 3428 ferens
3452 3371 3548 3441 qui
3595 3369 3666 3424 ad

2081 3469 2373 3540 imaginem
2408 3469 2499 3523 Dei
2534 3469 2712 3525 factus
2743 3483 2849 3534 est,
2877 3473 2970 3540 qui
3025 3470 3136 3524 alto
3165 3467 3332 3522 corde
3392 3466 3665 3529 munitus.

2081 3563 2486 3634 imperterritus
2524 3573 2716 3619 contra
2739 3581 2837 3621 eos
2892 3565 3065 3620 aciem
3109 3564 3366 3624 instruet,
3403 3561 3668 3631 ipsosque

2081 3669 2275 3709 omnes
2306 3655 2619 3724 dissipabit,
2647 3657 2719 3708 ita
2752 3662 2811 3708 ut
2861 3655 2982 3723 ejus
3007 3667 3172 3722 opera
3215 3648 3360 3708 Deus
3394 3649 3665 3704 exaltetur

2077 3752 2133 3799 et
2167 3745 2341 3815 gloria
2373 3745 2663 3808 aﬁieiatur,
2697 3761 3000 3814 eorumque
3044 3743 3290 3798 omnium
3332 3740 3546 3811 sagitta
3578 3739 3670 3794 in-

2079 3834 2252 3889 ﬁrma
2298 3835 2618 3904 debilesque
2669 3834 3120 3904 comprobentur,
3153 3847 3218 3886 ac
3273 3831 3444 3901 plaga
3470 3843 3662 3884 eorum

2078 3942 2180 3998 pro
2205 3926 2423 3998 sagittis
2447 3927 2804 3997 parvulorum
2861 3933 3208 3994 reputentur,
3235 3931 3289 3979 et
3349 3923 3546 3992 lingua
3574 3935 3664 3976 eo-

2077 4036 2203 4074 rum
2237 4021 2294 4074 in
2318 4019 2454 4090 ipsis
2477 4019 2844 4074 inﬁrmentur.
2891 4015 3216 4086 llujusmodi
3269 4014 3416 4070 enim
3445 4013 3535 4067 ille
3564 4012 3664 4065 ho-

2077 4131 2167 4168 mo
2198 4112 2290 4168 Dei
2315 4122 2422 4176 est,
2452 4112 2546 4181 qui
2569 4110 2734 4165 corde
2792 4111 2904 4164 alto
2937 4118 3132 4163 contra
3183 4115 3520 4164 memoratos
3566 4105 3662 4160 ho-

2077 4207 2253 4261 mines
2299 4206 2472 4259 aeiem
2524 4203 2769 4265 instruit,
2807 4210 2863 4256 ut
2888 4202 3077 4271 plagas
3139 4201 3279 4270 ipse,
3313 4208 3366 4254 et
3427 4200 3665 4269 sagittas

2076 4299 2510 4368 sophismatibus
2539 4305 2760 4366 paratas
2782 4297 3053 4366 excipiat;
3114 4296 3392 4365 ipsasque,
3419 4301 3608 4364 utpote
3628 4308 3664 4349 ει

2074 4391 2318 4462 parvulis
2347 4391 2584 4446 inﬁrmis
2606 4390 2862 4452 emissas,
2894 4391 3120 4444 irrideat
3143 4403 3208 4442 ac
3239 4405 3337 4458 pro
3359 4388 3531 4442 nihilo
3555 4387 3659 4440 ha-

2075 4483 2221 4537 beat.
2252 4483 2368 4537 Sub
2398 4483 2514 4538 hac
2536 4492 2828 4552 postquam
2863 4496 3052 4536 eorum
3108 4481 3447 4549 sophismata
3477 4479 3661 4533 solve-

2075 4575 2166 4638 rit,
2191 4575 2409 4644 linguas
2435 4583 2490 4630 et
2514 4589 2800 4630 sermones
2829 4589 3020 4627 eorum
3065 4572 3313 4628 inﬁrmos
3334 4572 3663 4642 comproba-

2075 4667 2177 4722 bit.
2204 4666 2314 4721 Cor
2346 4675 2528 4722 autem
2581 4667 2754 4720 altum
2801 4673 2906 4728 est,
2967 4664 3114 4734 quod
3169 4663 3490 4732 disciplinas
3546 4677 3661 4717 non

2072 4759 2255 4828 quoad
2285 4758 2629 4828 superﬁciem
2653 4766 2867 4813 tantum
2910 4757 3140 4818 obtinet,
3174 4771 3350 4824 neque
3399 4756 3451 4808 in
3484 4755 3666 4824 prela.

2072 4850 2196 4904 titio
2221 4864 2478 4904 sermone
2507 4849 2817 4918 gloriatur;
2867 4847 2959 4903 sed
2991 4845 3140 4916 quod
3193 4845 3340 4901 intus
3367 4845 3491 4898 ﬁdei
3527 4843 3658 4899 fun-

2073 4941 2334 4996 damenta
2365 4941 2611 4996 radicata
2641 4941 2827 4995 habet.
2862 4938 3278 5008 Conscquenter
3310 4937 3477 5006 igitur
3499 4947 3655 5006 post-

2073 5051 2237 5104 quam
2272 5035 2630 5089 rationabiles
2657 5031 2926 5102 quosdam
2975 5031 3230 5086 inimicos
3264 5029 3504 5098 linguam
3526 5043 3662 5082 exue

2073 5135 2320 5190 cuentes,
2347 5135 2402 5180 et
2420 5126 2576 5181 labiis
2595 5126 2701 5179 tela
2723 5125 3002 5178 vibrantes
3033 5122 3346 5186 induxerat,
3377 5120 3654 5175 hominem

2073 5221 2168 5276 Dei
2203 5221 2314 5275 alto
2347 5223 2514 5274 corde
2545 5219 2874 5273 instructum
2912 5217 3050 5288 ipsis
3076 5217 3341 5288 opponit,
3372 5214 3656 5283 Deumque

2071 5313 2191 5380 ejus
2215 5325 2381 5381 opera
2405 5309 2580 5380 gloria
2629 5308 2992 5372 celebratum,
3035 5308 3268 5378 illosque
3317 5305 3562 5375 ahjectos
3589 5319 3655 5358 ac

2072 5404 2305 5472 turpiter
2332 5409 2552 5472 agentes
2577 5399 2750 5455 eﬁ'ert.

2158 5684 2312 5738 (sris.
2343 5681 2429 5735 10.
2475 5699 2493 5731 ι
2529 5677 2851 5734 Conturbati
2877 5687 3006 5734 sunt
3039 5692 3231 5732 omnes
3263 5675 3357 5747 qui
3395 5673 3656 5730 videbant.

2071 5797 2188 5844 eos,
2223 5788 2277 5833 et
2307 5777 2488 5831 timuit
2529 5776 2712 5830 omnis
2759 5775 2944 5828 homo.
2979 5793 2996 5825 ι
3032 5771 3476 5830 Consentaneum
3507 5776 3652 5832 erat,

2071 5871 2278 5928 eversis
2330 5869 2396 5923 iis
2438 5866 2535 5938 qui
2583 5866 2687 5922 sibi
2737 5867 3015 5937 sapientes
3067 5863 3414 5928 videbantur,
3460 5857 3646 5920 inimiv
