4142 6388
445 329 551 384 635

1128 330 1401 387 EUSEBII
1438 327 1921 387 CA‘ISARIENSlS
1959 328 2108 385 OPP.
2152 329 2334 387 PARS
2367 332 2458 389 ΙΙΙ.
2497 366 2565 375 —-
2602 335 3009 392 EXEGETICA.

3613 342 3717 399 6'24

447 446 635 517 eisque
658 444 856 504 animae
875 447 943 503 ab
976 447 1199 507 homine
1226 446 1323 503 Dei
1357 448 1681 515 confutatis,
1714 463 1809 504 eos
1841 446 1935 518 qui
1968 446 2016 500 in

2128 448 2267 517 μίων
2311 450 2754 523 ἀπελεγχθέντων
2816 451 2922 506 ὑπὸ
2974 451 3069 507 τοῦ
3112 452 3398 526 ἀνθρώπου
3432 455 3524 509 τοῦ
3558 456 3716 513 Θεοῦ*

446 538 715 609 sapientia
746 537 909 609 hujus
931 540 1117 596 saeculi
1152 555 1262 595 non
1293 541 1367 595 ita
1393 540 1678 615 conspicui
1706 548 1865 596 erant
1894 555 2028 595 con-

446 631 678 685 turbari.
716 629 853 685 Nam
908 647 1033 686 cum
1091 633 1167 686 illi
1193 649 1419 704 quoque
1453 633 1507 687 in
1555 648 1786 688 numero
1836 646 2026 687 eorum

444 720 538 790 qui
596 720 726 775 victi
764 721 981 775 fuerant
1031 732 1505 793 computarentur,
1558 734 1611 780 et
1670 725 1775 795 ipsi
1810 740 2029 796 quoque

443 812 586 867 athei
623 822 675 868 et
706 812 856 884 impii
887 824 1109 882 essent;
1144 825 1402 871 cazterum
1435 824 1623 887 utpote
1655 819 1859 873 malitia
1890 817 2028 888 ipsis

442 904 681 977 impares
715 945 730 968 ,
805 905 1062 963 fortiores
1121 908 1319 977 seipsis
1385 908 1628 965 devictos
1690 918 2025 972 cernentes,

442 998 863 1053 conturbantur.
938 998 1119 1064 Quare
1188 1000 1394 1054 dictum
1437 1010 1520 1056 est
1570 1019 1581 1054 :
1632 1020 1650 1052 ι
1703 1000 2029 1056 Conturbati

443 1096 571 1145 sunt
625 1104 818 1146 omnes
870 1091 962 1160 qni
1027 1091 1285 1146 videbant
1332 1108 1451 1148 eos.
1494 1112 1511 1145 ›
1567 1093 1634 1145 At
1690 1092 1783 1148 Dei
1839 1093 2024 1157 homo,

440 1189 495 1235 et
548 1196 740 1237 omnes
799 1182 920 1250 ejus
972 1182 1157 1247 amici,
1219 1183 1309 1252 qui
1362 1198 1458 1252 per
1510 1200 1678 1238 unum
1735 1186 2024 1239 victoriam

442 1273 507 1329 de
528 1274 767 1331 inimicis
794 1276 1124 1342 retulerunt,
1155 1275 1323 1331 Deum
1346 1284 1477 1330 tunc
1502 1278 1676 1347 magis
1702 1278 2024 1342 timuerunt,

448 1383 465 1414 ι
504 1372 557 1420 et
592 1367 1059 1421 annuntiaverunt
1091 1382 1258 1438 opera
1294 1370 1409 1434 Dei,
1442 1388 1460 1422 ι
1499 1378 1553 1425 et
1599 1369 2025 1440 justificationes

440 1455 560 1525 ejus
590 1457 998 1511 intellexerunt.
1026 1454 1257 1513 Etiamsi
1286 1461 1433 1514 enim
1458 1462 1622 1515 homo
1648 1461 1945 1527 videretur,
1971 1467 2025 1515 et

441 1548 549 1603 alto
576 1547 743 1604 corde
768 1557 1058 1620 putaretur
1081 1550 1337 1606 inimicos
1360 1552 1698 1618 debellasse;
1732 1568 1760 1604 a
1784 1552 2025 1625 prndeno

442 1639 587 1694 tibus
614 1648 797 1694 tamen
843 1648 901 1693 ut
934 1640 1077 1696 Deus
1128 1651 1325 1697 auctor
1353 1644 1597 1698 victoria:
1652 1644 2024 1715 cognosceba-

439 1738 548 1785 tur.
585 1730 767 1798 Quare
795 1734 833 1787 ii
866 1748 1030 1803 Opera
1068 1733 1162 1789 Dei
1202 1737 1649 1803 annuntiabant,
1678 1747 1729 1791 et
1760 1737 2022 1809 prabelara

2129 536 2255 599 τοὺς
2309 536 2383 609 μὴ
2436 538 2578 593 οὕτω
2606 540 2814 605 δεινοὺς
2857 542 2913 594 ἐν
2962 542 3123 614 σοφίᾳ
3166 543 3261 595 τοῦ
3302 544 3496 609 αἰῶνος
3530 546 3719 603 τούτου

2128 632 2510 703 ταράττεσθαι.
2549 634 2659 705 Τῆς
2690 635 2802 707 γὰρ
2825 635 3039 706 μερίδος
3061 636 3212 699 ὄντες
3240 636 3347 689 τῶν
3370 637 3717 710 ἡττωμένων,

2129 722 2275 776 ἄθεοι
2308 724 2401 777 καὶ
2424 724 2577 777 αὐτοὶ
2598 725 2691 778 καὶ
2713 723 2991 789 δυσσεϐεῖς
3017 742 3030 755 ο
3075 724 3215 797 πλὴν
3242 726 3319 790 ὡς
3341 727 3400 779 ἐν
3428 730 3597 801 κακίᾳ
3619 730 3720 801 τῆς

2128 816 2352 869 ἐκείνων
2389 815 2693 888 δεινότητος
2734 817 3008 883 ἐλάττους,
3051 818 3288 889 ὁρῶντες
3334 822 3719 892 νενικημένους

2127 907 2253 970 τοὺς
2310 908 2519 961 ἑαυτῶν
2565 908 2824 980 βελτίους,
2860 911 3241 982 ταράττονται.
3292 912 3383 965 Διὸ
3429 913 3714 969 λέλεκταιο

2134 1017 2151 1050 ι
2203 998 2610 1074 Ἐταράχθησαν
2641 1003 2842 1067 πάντες
2870 1004 2919 1056 οἱ
2949 1002 3280 1075 Θεωροῦντες
3328 1005 3547 1071 αὐτούς.
3598 1025 3616 1058 ›
3647 1006 3714 1061 "0

2127 1108 2189 1159 γε
2226 1092 2330 1163 μὴν
2359 1091 2453 1145 τοῦ
2483 1093 2618 1146 Θεοῦ
2662 1094 2947 1166 ἄνθρωπος
2990 1095 3083 1149 καὶ¹
3118 1096 3319 1159 πάντες
3354 1098 3403 1150 oi
3436 1098 3610 1171 τούτῳ
3638 1100 3717 1170 φί-

2127 1180 2227 1244 λοι,
2268 1182 2356 1235 διά
2377 1182 2472 1235 τοῦ
2503 1183 2621 1246 ἐνὸς
2660 1184 2729 1236 τά
2774 1186 2893 1237 κατ’
2924 1184 3134 1256 ἐχθρῶν
3165 1186 3394 1257 βραϐεῖα
3425 1188 3712 1258 ἀράμενοι.

2130 1273 2392 1343 μειζόνως
2420 1274 2511 1327 τὸν
2540 1275 2671 1328 Θεὸν
2707 1276 3072 1347 ἐφοϐήθησαν,
3107 1295 3125 1327 ι
3154 1278 3247 1329 καὶ
3289 1279 3617 1349 ἀνήγγειλάν
3650 1280 3717 1334 τὰ

2127 1363 2263 1433 ἔργα
2289 1362 2382 1416 τοῦ
2412 1362 2571 1428 Θεοῦ,
2610 1384 2628 1416 ι
2655 1365 2747 1418 καὶ¹
2778 1366 2844 1418 τά
2878 1364 3223 1437 δικαιώματα
3260 1364 3424 1420 αὐτοῦ
3454 1369 3711 1439 συνῆκαν.

2125 1456 2189 1507 Ei
2220 1455 2329 1527 γὰρ
2360 1456 2455 1508 καὶ
2480 1456 2547 1509 τά
2570 1454 2805 1527 μάλιστα
2838 1458 3125 1529 ἄνθρωπος
3153 1459 3348 1524 ἐδόκει,
3390 1463 3484 1514 καὶ
3519 1463 3716 1534 καρδίᾳ

2129 1546 2320 1619 βαθείᾳ
2368 1549 2465 1620 τὴν
2510 1549 2617 1602 τῶν
2662 1550 2935 1621 πολεμίων
2983 1551 3296 1623 ἀνατροπὴν
3348 1554 3711 1624 πεποιῆσθαι,

2126 1640 2262 1694 ἀλλὰ
2314 1645 2428 1704 τοῖς
2476 1646 2715 1708 ουνετοίς
2772 1644 3119 1713 ἐγνωρίζετο,
3156 1645 3318 1707 αὐτὸς
3344 1645 3417 1699 ὣν
3453 1649 3480 1700 6
3523 1647 3654 1711 Θεὸς
3686 1650 3714 1701 6

2126 1734 2226 1803 τῆς
2252 1734 2407 1804 νίκης
2441 1735 2632 1800 αἴτιος.
2664 1737 2756 1789 Διὸ
2795 1736 2863 1788 τά
2888 1736 3022 1808 ἔργα
3045 1736 3139 1789 τοῦ
3175 1737 3311 1791 Θεοῦ
3348 1740 3710 1810 ἀπήγγελλον,

438 1824 557 1894 ejus
578 1824 633 1879 in
668 1825 948 1881 hominum
982 1826 1214 1896 gratiam
1269 1839 1427 1899 gesta
1479 1829 1727 1883 facinora
1774 1829 2016 1886 celebra-

2121 1825 2416 1895 ὑμνοῦντες
2469 1828 2635 1881 αὑτοῦ
2700 1829 2767 1882 τὰ
2820 1828 2885 1880 δι’
2929 1828 3232 1900 ἀνθρώπων
3289 1831 3709 1904 κατορθώματα.

438 1916 590 1971 bant.
632 1914 698 1971 Hi
728 1918 934 1987 itaque,
972 1925 1029 1971 ut
1060 1926 1420 1988 spectatores,
1448 1921 1516 1979 de
1563 1921 1791 1976 victoria
1824 1920 2020 1975 trium-

437 2008 684 2077 phatoris
716 2006 883 2062 Deum
915 2010 1171 2064 laudibus
1202 2010 1518 2067 efferebant.
1550 2011 1669 2080 lpse
1700 2019 1884 2066 autem
1933 2013 2021 2065 vi-

436 2108 556 2154 ctor
596 2119 615 2151 ‹
644 2101 918 2156 laetabitur
954 2102 1009 2155 in
1062 2100 1317 2169 Domino,
1368 2090 1421 2159 et
1469 2104 1712 2174 sperabit
1762 2104 1819 2158 in
1872 2119 1957 2159 eo.
1996 2123 2013 2156 ι

434 2187 621 2260 Neque
649 2192 793 2245 enim
832 2191 900 2246 de
939 2193 1123 2263 seipso
1154 2210 1413 2265 magnum
1468 2197 1689 2262 sentiet,
1742 2212 1921 2266 neque
1954 2197 2021 2252 de

435 2279 665 2334 victoria
694 2281 952 2336 efferetur
976 2322 990 2347 ,
1042 2284 1136 2339 sed
1174 2285 1361 2339 divino
1392 2287 1591 2357 gaudio
1620 2296 1675 2341 et
1700 2288 1886 2342 laetitia
1934 2304 2021 2343 re-

435 2374 691 2442 plebitur,
741 2382 929 2443 utpote
979 2376 1074 2445 qui
1102 2376 1331 2433 victoris
1363 2376 1459 2433 Dei
1516 2378 1770 2433 minister
1828 2378 2015 2435 fuerit.

434 2464 549 2520 Hoc
581 2481 746 2535 porro
770 2468 1008 2533 laetante,
1045 2483 1236 2524 omnes
1260 2470 1396 2524 recti
1429 2470 1596 2525 corde
1621 2472 2017 2537 laudabuntur,

434 2560 540 2630 ipsi
572 2575 789 2630 quoque
815 2560 980 2615 unius
1013 2576 1178 2630 opera
1207 2577 1309 2617 ceu
1342 2562 1580 2618 victores
1629 2562 1830 2618 ef'f‘eCti.
1880 2563 2017 2618 Nam

434 2662 581 2709 totus
634 2652 771 2709 ordo
830 2660 1117 2723 lotumque
1184 2669 1387 2724 corpus
1441 2665 1759 2710 sanctorum
1802 2657 2019 2712 laudem

433 2752 821 2814 consequetur,
870 2745 1020 2815 quia,
1065 2745 1372 2801 secundum
1402 2745 1460 2802 S.
1497 2749 1845 2817 Apostolum,
1907 2765 2020 2804 uno

434 2836 679 2892 membro
699 2836 926 2907 gloriam
952 2836 1242 2903 referente,
1273 2839 1461 2893 omnia
1485 2839 1730 2897 membra
1754 2841 1807 2896 in
1831 2841 2019 2912 gloriae

435 2938 645 2999 partem
680 2930 927 2984 veniunt.

470 3041 537 3095 ιΝ
577 3041 810 3107 FINEM,
853 3041 1179 3098 PSALMUS
1215 3042 1496 3099 CANTICI
1539 3044 1749 3101 DAVID
1790 3045 1974 3102 LXIV.

505 3152 672 3208 Vens.
711 3154 767 3219 2,
790 3156 847 3210 5.
881 3174 899 3206 ‹
931 3154 1007 3211 Te
1049 3156 1206 3211 decet
1235 3157 1494 3226 hymnus,
1546 3158 1710 3223 Deus,
1745 3160 1801 3214 in
1854 3157 2011 3225 Sion,
2039 3165 2084 3224 C.

432 3256 486 3300 et
516 3249 613 3301 tibi
647 3248 906 3303 reddetur
928 3256 1115 3303 votum
1146 3248 1202 3303 in
1232 3248 1559 3308 Jerusalem.
1607 3270 1626 3303 ι
1664 3251 2014 3323 Prophetiam

430 3344 815 3415 complectitur
848 3360 1038 3399 eorum
1075 3361 1196 3415 quae
1239 3346 1295 3401 in
1328 3346 1490 3402 finem
1524 3357 1785 3402 eventura
1819 3356 2011 3416 erant;

430 3443 763 3507 quapi-Opter
795 3437 1118 3492 inscribitur
1155 3455 1174 3489 ‹
1234 3436 1291 3491 In
1340 3437 1524 3491 finem.
1558 3457 1576 3489 ›
1617 3437 1877 3503 Qumnam
1913 3454 2014 3494 au-

430 3536 537 3581 tem
580 3528 670 3581 illa
705 3538 910 3593 essent,
968 3528 1166 3584 deinde
1201 3528 1377 3598 aperit
1414 3527 1502 3583 his
1545 3529 1769 3584 verbis:
1802 3549 1820 3581 ι
1855 3530 1935 3585 Ad
1961 3538 2015 3585 te

427 3623 607 3677 omnis
644 3636 774 3677 caro
815 3622 1015 3677 veniet.
1060 3642 1078 3674 ι
1114 3620 1232 3675 Νοη
1262 3621 1376 3690 jam
1424 3621 1600 3676 solum
1630 3619 1894 3678 Judaicus
1917 3637 2014 3692 po-

428 3716 611 3786 pulus,
649 3714 742 3769 sed
775 3716 955 3769 omnis
983 3730 1132 3776 caro,
1160 3714 1214 3768 id
1239 3721 1344 3778 est,
1380 3721 1554 3770 totum
1598 3713 1882 3769 hominum
1924 3731 2016 3785 ge-

427 3823 549 3861 nus.
585 3805 677 3861 Sic
710 3807 855 3861 enim
886 3807 1025 3862 solet
1061 3804 1349 3875 Scriptura
1376 3806 1629 3861 homines
1659 3820 1853 3860 omnes
1872 3806 2015 3860 indi-

426 3914 573 3962 care,
611 3899 706 3970 qui
730 3901 859 3955 olim
907 3900 1157 3954 carnales
1191 3900 1509 3971 terrenique
1539 3907 1717 3954 erant.
1750 3898 1930 3965 Quare
1958 3899 2012 3953 in

427 3992 768 4073 lege4dicitur
792 4008 803 4042 :
840 4011 857 4043 ι
895 3990 1154 4061 Corrupit
1178 3992 1359 4047 omnis
1386 4008 1516 4048 caro
1540 3993 1682 4045 viam
1710 4007 1869 4047 suam
1900 3995 1958 4059 9;
1988 4012 2006 4044 ι

426 4098 491 4136 ac
536 4099 801 4139 rursum:
850 4103 868 4135 ι
909 4082 1027 4139 Non
1074 4087 1418 4155 permanebit
1464 4088 1693 4155 spiritus
1745 4102 1902 4142 meus
1955 4086 2011 4140 in

427 4173 738 4228 hominibus
794 4174 900 4238 his,
948 4176 1077 4244 quia
1137 4192 1335 4233 carnes
1384 4185 1513 4233 sunt
1550 4178 1612 4232 ιθ.
1662 4197 1680 4229 ι
1721 4174 1833 4231 Sed
1877 4184 2011 4231 tunc

426 4269 644 4336 quidem
699 4268 880 4323 omnis
924 4283 1054 4322 caro
1117 4267 1510 4335 incusabatur;
1546 4284 1693 4323 nunc
1750 4284 1881 4323 vero
1943 4267 2011 4321 ad

426 4361 593 4415 Deum
625 4369 854 4415 ventura
889 4360 1109 4415 dicitur.
1161 4360 1527 4427 Quamobrem
1587 4364 1681 4432 qui
1725 4369 1849 4432 post
1905 4361 2012 4414 Da-

422 4454 602 4509 videm
645 4452 747 4507 fuit
778 4453 893 4509 Joel
953 4455 1253 4524 prepbeta,
1315 4454 1465 4509 omni
1531 4455 1685 4508 carni
1751 4454 2011 4525 pulcher-

425 4547 563 4598 rima
619 4546 951 4600 vaticinatur
996 4547 1187 4601 dicens
1238 4566 1249 4600 :
1302 4545 1634 4600 «Effundam
1687 4546 1754 4599 de
1809 4544 2007 4616 spiritu

423 4650 545 4692 meo
589 4652 753 4707 super
795 4653 1012 4691 onmem
1058 4652 1313 4697 carnem,
1345 4645 1399 4690 et
1448 4636 1940 4706 prophetabunt“.
1981 4655 2001 4688 ι

423 4730 663 4800 ldipsum
709 4745 926 4799 quoque
978 4729 1221 4784 declarat
1274 4728 1445 4783 Isaias
1495 4729 1684 4782 dicens
1729 4746 1743 4781 :
1794 4747 1811 4777 ι
1843 4726 2008 4783 Vide-

420 4824 499 4877 bit
548 4823 728 4878 omnis
776 4838 905 4876 caro
954 4824 1197 4876 salutare
1240 4820 1333 4876 Dei
1381 4824 1445 4874 ".
1494 4842 1511 4873 ι
1568 4820 1821 4876 Salutare
1874 4836 2007 4891 por-

421 4931 485 4967 ro
544 4913 638 4968 Dei
695 4915 762 4969 ab
803 4915 950 4967 omni
983 4930 1149 4969 carne
1191 4914 1634 4985 cognoscendum
1671 4913 1803 4982 quid
1856 4914 2006 4967 aliud

420 5005 607 5067 fuerit,
645 5021 809 5076 quam
844 5003 1101 5060 Christus
1151 5005 1267 5067 Dei,
1299 5014 1357 5059 ut
1398 5007 1725 5075 plerumque
1777 5004 2007 5059 demon-

420 5095 896 5153 stravimusHloc
930 5096 1115 5166 itaque
1170 5097 1410 5151 salutare
1461 5097 1720 5151 omnibus
1761 5096 2002 5151 homini-

420 5190 541 5250 bus,
567 5190 659 5260 qui
683 5191 811 5245 olim
835 5191 1086 5243 carnales
1113 5197 1291 5252 erant,
1334 5191 1635 5244 revelatum
1683 5190 1749 5243 iri
1781 5191 1835 5243 in
1865 5192 2005 5244 vati-

420 5280 568 5332 cinio
624 5281 966 5336 enuntiatur.
1023 5279 1155 5334 Jure
1216 5296 1346 5350 ergo
1404 5297 1645 5350 prmsens
1710 5283 1956 5351 psalmus
1990 5321 2005 5345 ,

421 5372 656 5441 idipsuni
716 5373 1068 5442 significans,
1105 5373 1527 5441 promissionem
1577 5374 1831 5442 obsignat
1878 5389 2002 5427 cum

421 5463 536 5515 ait:
577 5483 594 5514 ‹
634 5465 712 5517 Ad
739 5473 790 5517 te
820 5464 1002 5519 omnis
1035 5480 1165 5518 caro
1216 5467 1419 5519 veniet.
1459 5484 1478 5515 ι
1538 5464 1653 5520 Sub
1684 5468 1798 5519 haec
1821 5474 2004 5520 autem

420 5555 621 5609 clarius
656 5557 983 5609 sententiam
1010 5554 1163 5609 effert
1194 5570 1319 5609 cum
1351 5556 1503 5609 addit
1540 5576 1551 5609 :
1586 5577 1603 5607 ‹
1638 5556 1846 5611 Exaudi
1878 5573 2002 5621 nos,

422 5646 585 5711 Deus,
626 5649 884 5702 Sa‘lntaris
906 5656 1114 5711 noster,
1152 5663 1279 5717 spes
1299 5649 1542 5703 omnium
1588 5650 1775 5702 finium
1814 5658 1996 5712 terrze,

498 5806 517 5835 ⁹
541 5804 673 5859 Gen.
706 5820 777 5867 Vl,
808 5805 892 5858 12.
975 5807 1017 5836 ’⁸
1044 5803 1177 5861 Ibid.
1214 5808 1266 5861 5.
1348 5806 1389 5836 ¹¹
1416 5804 1555 5860 Joei.
1596 5821 1656 5871 ll,
1685 5805 1777 5861 28.

2124 1909 2281 1969 Οῦτοι
2314 1918 2410 1987 μὲν
2439 1913 2551 1983 οῦν,
2600 1917 2789 1988 ὥσπερ
2844 1917 3053 1981 θεαταὶ,
3084 1918 3174 1970 τὸν
3220 1918 3354 1973 Θεὸν
3400 1917 3712 1985 δοξάζοντες

2122 2008 2214 2060 ἐπὶ
2267 2012 2328 2080 τῇ
2380 2009 2505 2083 νίκῃ
2550 2010 2643 2063 τοῦ
2670 2010 3016 2081 νενικηκότος
3058 2010 3345 2067 διετέλουν.
3387 2012 3557 2078 Αὐτὸς
3597 2013 3651 2066 δὲ
3684 2016 3713 2067 6

2121 2101 2347 2171 νικητὴς
2381 2120 2399 2152 ι
2438 2102 2868 2173 εὐφρανθήσεται
2922 2104 3015 2156 ἐπὶ
3049 2102 3127 2173 τῷ
3162 2104 3374 2175 Κυρίῳ,
3405 2106 3498 2158 καὶ
3538 2106 3715 2159 ἐλπιεῖ

2123 2194 2208 2244 ἐπ’
2244 2192 2425 2245 αὐτόν.
2463 2213 2481 2244 ›
2515 2194 2590 2247 Οὑ
2640 2194 2750 2265 γάρ
2780 2196 2864 2264 ἐφ’
2897 2194 3073 2266 ἐαυτῷ
3106 2195 3249 2266 μέγα
3285 2198 3562 2267 φρονήσει,
3602 2197 3709 2251 οὐδ’

2121 2283 2214 2335 ἐπὶ
2239 2288 2308 2355 τῇ
2335 2284 2460 2358 νίκῃ
2491 2285 2898 2357 ἐπαρθήσεται·
2930 2288 3103 2357 χαρᾶς
3137 2286 3193 2339 δὲ
3224 2286 3373 2350 θείας
3404 2289 3497 2340 καὶ
3518 2289 3713 2360 εὐφρο-

2123 2375 2289 2447 σύνης
2338 2377 2777 2449 πληρωθήσεται,
2810 2379 2884 2443 ὡς
2914 2380 3183 2450 ὑπουργὸς
3219 2381 3312 2433 καὶ
3341 2380 3583 2444 διάκονος
3616 2379 3709 2433 τοῦ

2121 2464 2397 2519 νικοποιοῦ
2454 2466 2590 2519 Θεοῦ
2623 2466 2882 2535 γεγονώς.
2931 2468 3133 2522 Τούτου
3170 2469 3226 2521 δὲ
3258 2469 3709 2541 εὐφραινομένου.

2122 2559 2320 2621 πάντες
2352 2561 2400 2611 οἱ
2439 2559 2618 2623 εῦθεῖς
2650 2562 2714 2630 τῇ
2752 2560 2949 2632 καρδίᾳ
2985 2562 3456 2633 ἐπαινεθήσονται,
3488 2562 3576 2615 διά
3615 2559 3707 2614 τοῦ

2121 2651 2239 2714 ἐνὸς
2273 2651 2366 2704 καὶ
2405 2652 2555 2705 αὐτοὶ
2586 2651 2773 2724 ὥσπερ
2827 2655 3037 2724 θικηταὶ
3072 2654 3501 2725 ἀποδειχθέντες.
3550 2655 3708 2707 Ὄλον

2121 2743 2231 2812 γάρ
2252 2743 2312 2795 τὸ
2342 2744 2527 2813 τάγμα
2558 2747 2648 2797 καὶ
2678 2744 2738 2799 τὸ
2780 2745 2940 2816 σῶμα
2994 2746 3100 2799 τῶν
3127 2747 3297 2815 ἁγίων
3331 2748 3554 2802 ἐπαίνου
3581 2747 3705 2800 τεῦ-

2122 2830 2311 2898 ξεται’
2347 2835 2557 2906 ἐπειδὴ,
2606 2836 2966 2907 δοξαζομένου
3031 2838 3223 2910 μέλους
3266 2839 3404 2902 ἐνὸς,
3456 2839 3707 2903 συνδοξάο

2121 2924 2274 2991 ζεται
2315 2928 2490 2982 πάντα
2521 2927 2588 2981 τὰ
2625 2929 2783 3000 μέλη,
2818 2931 2958 2983 κατά
2991 2930 3081 2985 τὸν
3119 2932 3259 3002 ἱερὸν
3296 2932 3631 2986 Ἀπόστολον.

2121 3038 2230 3095 ΕΙΣ
2257 3042 2345 3094 T0
2379 3041 2626 3105 ΤΕΛΟΣ,
2664 3042 2956 3095 ΨΑΛΜΟΣ
2989 3043 3077 3113 Τῼ
3104 3044 3306 3098 ΔΑΥιΔ
3357 3045 3563 3117 tuna.
3588 3044 3703 3107 EA'.

2195 3176 2213 3208 ι
2253 3157 2346 3210 Σοὶ
2379 3158 2578 3227 πρέπει
2609 3156 2796 3227 ῦμνος,
2825 3158 2855 3209 6
2886 3156 3038 3222 Θεὸς,
3065 3159 3122 3211 ἐν
3150 3158 3308 3224 Σιὼν,
3335 3160 3430 3213 καὶ
3465 3161 3550 3214 σοὶ
3569 3162 3705 3215 ἀπο-

2117 3250 2401 3321 δοθήσεται
2428 3249 2560 3319 εὐχὴ
2589 3251 2646 3302 ἐν
2684 3248 3058 3320 Ἰερουσαλήμ.
3099 3269 3117 3302 ι
3150 3251 3496 3322 Προφητείαν
3523 3253 3706 3321 περιέ-

2118 3360 2201 3414 χει
2235 3342 2534 3412 μελλόντων
2558 3343 2637 3404 είς
2653 3341 2713 3394 τὸ
2737 3341 2889 3405 τέλος
2914 3342 3319 3412 ἀπαντήσεσθαι
3344 3346 3699 3415 πραγμάτων

2116 3434 2195 3487 διὸ
2213 3433 2634 3504 ἐπιγέγραπται·
2660 3450 2678 3482 ι
2704 3433 2797 3494 Είς
2830 3432 2891 3485 τὸ
2919 3432 3088 3495 τέλος.
3121 3452 3138 3483 ι
3162 3432 3295 3486 Τίνα
3326 3434 3383 3487 δὲ
3407 3435 3595 3500 ταῦτα,
3627 3434 3705 3490 δι-

2116 3530 2305 3583 δάσκει
2366 3529 2494 3599 ἐξῆς
2543 3528 2740 3597 λέγων,
2782 3546 2800 3578 ‹
2842 3528 2988 3599 Πρὸς
3043 3528 3103 3581 σὲ
3151 3529 3302 3583 πᾶσα
3337 3528 3472 3601 σάρξ
3505 3529 3643 3599 ἥξει,
3677 3547 3697 3580 ι

2117 3618 2313 3672 Οὐκέτι
2340 3619 2448 3689 γὰρ
2473 3618 2629 3689 μόνον
2662 3619 2724 3671 τὸ
2766 3618 3033 3672 Ἰουδαίων
3067 3619 3240 3682 ἔθνος,
3267 3619 3401 3672 ἀλλὰ
3426 3621 3519 3673 καὶ
3552 3622 3702 3673 πᾶσα

2119 3707 2273 3781 σάρξ,
2330 3708 2574 3761 τουτέστι
2626 3709 2733 3761 πᾶν
2783 3709 2940 3777 γένος
2981 3710 3304 3781 ἀνθρώπων.
3350 3711 3537 3774 Οὕτως
3595 3711 3703 3782 γάρ

2116 3801 2306 3854 εἴωθεν
2338 3801 2367 3853 6
2401 3800 2572 3868 Λόγος
2634 3800 2843 3867 πάντας
2896 3802 3218 3874 ἀνθρώπους
3272 3802 3556 3873 σημαίνειν
3576 3804 3703 3867 τοὺς

2117 3893 2285 3947 πάλαι
2335 3894 2622 3965 σαρκίνους
2662 3894 2756 3947 καὶ
2811 3894 3050 3962 γεώδεις.
3082 3895 3173 3948 Διὸ
3207 3896 3299 3948 καὶ
3345 3897 3402 3947 ἐν
3443 3894 3521 3965 τῷ
3552 3895 3701 3967 νόμῳ

2114 3987 2395 4041 λέλεκται·
2432 4006 2450 4037 ι
2480 3987 2761 4059 Διέφθειρε
2809 3988 2959 4040 πᾶσα
3009 3986 3146 4059 σὰρξ
3184 3987 3282 4058 τὴν
3304 3987 3426 4041 ὁδὸν
3446 3986 3641 4041 αὐτοῦ’
3676 4007 3695 4038 ι

2114 4080 2209 4133 καὶ
2252 4078 2411 4132 πάλιν
2439 4097 2451 4109 ’
2505 4097 2523 4128 ι
2568 4080 2641 4132 Οὐ
2683 4080 2756 4150 μὴ
2795 4079 3100 4153 καταμείνῃ
3144 4080 3206 4132 τὸ
3261 4080 3479 4150 πνεῦμά
3509 4097 3612 4150 μου
3642 4081 3703 4133 ὲν

2112 4175 2224 4235 τοῖς
2256 4171 2562 4243 ἀνθρώποις
2581 4172 2812 4235 τούτοις,
2833 4172 2922 4225 διά
2948 4173 3007 4225 τὸ
3042 4169 3181 4225 εἶναι
3211 4173 3404 4236 αὐτοὺς
3436 4174 3694 4242 σάρκας.»

2126 4244 2287 4319 Ἀλλὰ
2337 4265 2459 4317 τότε
2508 4265 2607 4334 μέν
2658 4256 2809 4317 πᾶσα
2863 4263 3001 4334 σάρξ
3054 4266 3442 4335 κατηγορεῖτοο
3488 4262 3583 4316 νῦν
3642 4264 3699 4316 δὲ

2112 4356 2264 4426 ἥξειν
2311 4357 2446 4428 πρὸς
2467 4355 2559 4408 τὸν
2592 4356 2725 4409 Θεὸν
2766 4355 3002 4422 λέγεται.
3033 4355 3125 4407 Διὸ
3148 4356 3239 4407 κα)⁵
3267 4354 3404 4423 μετά
3428 4353 3518 4407 τὸν
3539 4354 3699 4409 Δαυῒδ

2126 4448 2301 4519 Ἰωήλ,
2362 4449 2651 4519 προφήτης
2715 4447 3024 4517 γενόμενος,
3082 4444 3151 4498 τά
3202 4444 3463 4499 κάλλιστα
3519 4445 3698 4515 πάσης

2117 4541 2317 4611 σαρκὸς
2345 4539 2591 4605 θεσπίζει
2631 4539 2838 4607 λέγων·
2877 4558 2894 4590 ι
2936 4538 3143 4608 Ἐκχεῶ
3188 4538 3295 4591 ἀπὸ
3329 4537 3422 4590 τοῦ
3456 4537 3696 4608 πνεύμα-

2114 4637 2205 4700 τός
2247 4654 2346 4707 μου
2391 4637 2481 4688 ἐπὶ
2527 4637 2709 4688 πᾶσαν
2754 4634 2952 4704 σάρκα,
2995 4634 3089 4686 καὶ
3140 4632 3628 4704 προφητεύσουσιν.
3671 4650 3691 4683 ι

2128 4728 2288 4782 Ἀλλὰ
2346 4730 2441 4782 καὶ
2491 4731 2520 4781 6
2575 4728 2800 4789 Ἡσαΐας
2857 4727 3056 4779 ταύτὸν
3100 4725 3429 4797 παρίστησιν
3492 4723 3691 4777 εἰπών·

2118 4839 2138 4871 ι
2177 4819 2402 4889 Ὀψεται
2453 4820 2604 4871 πᾶσα
2644 4818 2783 4889 σάρξ
2817 4817 2879 4870 τὸ
2914 4818 3180 4889 σωτήριον
3206 4816 3299 4869 τοῦ
3342 4817 3497 4870 Θεοῦ.
3535 4836 3554 4869 ι
3585 4818 3697 4869 Σω-

2111 4917 2297 4982 τήριον
2340 4911 2396 4963 δὲ
2439 4909 2574 4963 Θεοῦ
2615 4911 2764 4982 πάσῃ
2800 4910 2964 4983 σαρκὶ
3003 4910 3450 4983 γνωσθησόμενον
3485 4912 3535 4963 τί
3567 4928 3696 4964 ποτε

2107 5000 2175 5074 ἦν
2201 5004 2329 5074 ἄρα,
2368 5002 2401 5073 ἢ
2432 5004 2461 5054 ὁ
2478 5003 2713 5072 Χριστὸς
2757 5003 2852 5055 τοῦ
2876 5003 3034 5067 Θεοῦ,
3061 5002 3244 5066 καθὼς
3266 5002 3526 5067 πολλάκις
3557 5004 3693 5056 ἁπε-

2106 5095 2394 5165 δείξαμεν;
2441 5094 2613 5148 Τοῦτο
2658 5091 2751 5148 οὖν
2791 5094 2849 5148 τὸ
2890 5096 3155 5166 σωτήριον
3184 5097 3349 5148 πᾶσιν
3388 5095 3695 5166 ἀνθρώποις

2106 5192 2217 5251 τοίς
2270 5187 2435 5240 πάλαι
2506 5189 2782 5258 σαρκίνοις
2835 5189 3391 5261 άποκαλυφθήσεσθαι
3452 5206 3693 5260 προειρη-

2106 5281 2311 5334 τεύετο.
2338 5281 2579 5343 Εἰκότως
2604 5277 2695 5333 οὖν
2725 5282 2817 5334 καὶ
2841 5282 2868 5332 6
2895 5281 3033 5351 μετὰ
3064 5285 3248 5353 χεῖρας
3269 5280 3503 5350 ψαλμὸς,
3534 5281 3691 5332 τοῦτο

2108 5372 2239 5425 αὐτὸ
2274 5373 2578 5442 σημαίνων,
2620 5372 3076 5443 ἐπισφραγίζεται
3104 5374 3203 5445 τὴν
3245 5371 3578 5441 ἐπαγγελίαν
3603 5370 3693 5425 διά

2108 5464 2201 5517 τοῦ
2227 5465 2391 5533 φάναι
2415 5480 2428 5493 ’
2477 5483 2495 5514 ‹
2525 5465 2667 5537 Πρὸς
2712 5466 2770 5517 σὲ
2802 5466 2949 5518 πᾶσα
2985 5464 3120 5537 σὰρξ
3153 5466 3293 5535 ἥξει.
3330 5486 3348 5517 ι
3385 5467 3691 5517 Ύποκατα-

2108 5556 2208 5620 6ἀς
2236 5558 2314 5624 δὲ,
2342 5558 2672 5630 σαφέστερον
2696 5558 2993 5629 ἐρμηνεύει
3021 5558 3117 5631 τὴν
3141 5559 3378 5612 διάνοιαν
3399 5557 3686 5625 ἐπιλέγων·

2114 5668 2131 5699 ι
2186 5650 2519 5707 Ἐπάκουσον
2546 5650 2726 5721 ἡμῶν,
2763 5652 2791 5703 6
2830 5649 2962 5713 Θεὸς
2988 5653 3016 5704 6
3057 5651 3237 5723 σωτὴρ
3269 5650 3446 5722 ήμῶν,
3468 5652 3503 5722 ἡ
3535 5647 3693 5712 ἐλπὶς

1861 5807 1901 5835 ³³
1928 5804 2029 5863 lsa.
2067 5820 2163 5869 ιιι,
2200 5806 2287 5863 10.
