4146 6390
410 414 516 471 625

1539 412 2046 474 COMMENTABIA
2084 413 2152 470 IN
2191 410 2530 470 PSALMOS.

3564 412 3667 467 626

407 530 625 583 πάντων
657 546 764 580 των
800 528 1048 598 περάτων
1077 529 1171 599 τῆς
1211 530 1315 600 γῆς
1364 531 1457 583 καὶ
1493 529 1600 583 τῶν
1646 532 1705 582 ἐν
1744 530 1988 601 θαλάσσῃ

2093 536 2146 583 et
2180 543 2369 583 eorum
2422 529 2513 599 qui
2548 528 2602 581 in
2650 526 2789 581 mari
2822 532 2950 581 sunt
2978 525 3141 596 longe
3174 544 3187 580 :
3229 547 3247 579 i
3278 527 3388 583 imo
3427 529 3668 597 apertius

408 620 655 693 μακράν·
698 638 715 671 ι
759 621 852 673 καὶ
886 620 965 672 ἐτι
1010 622 1340 693 σαφέστερον
1384 623 1663 691 ἐπιλέγει·
1705 640 1724 673 ι
1762 624 1869 676 Καὶ
1897 639 1990 691 φο-

404 710 734 785 ϐηθήσονται
780 715 828 766 οἱ
872 714 1250 777 κατοικοῦντες
1272 715 1341 767 τὰ
1374 715 1584 785 πέρατα
1624 714 1731 767 άπὸ
1760 715 1867 768 τῶν
1891 732 1987 785 ση-

407 806 577 877 μείων
620 820 733 857 σου.
776 823 792 853 ι
824 804 896 857 Τὸ
936 803 1046 875 γὰρ
1077 803 1380 875 φοϐηθῆναι
1409 806 1617 869 πάντας
1649 808 1774 868 τοὺς
1805 823 1991 860 κατοι-

405 893 635 958 κοῦντας
670 893 737 946 τὰ
760 893 969 964 πέρατα
988 894 1095 947 ἀπὸ
1137 894 1242 948 τῶν
1273 895 1514 966 σημείων
1553 894 1647 949 τοῦ
1675 895 1810 949 Θεοῦ
1852 897 1989 966 ἀγα-

403 984 512 1040 θῶν
542 982 609 1057 ἦν
644 989 737 1040 καὶ
766 987 958 1057 σοφίας
981 988 1157 1060 ἀρχή·
1189 988 1419 1057 ἐπείπερ
1456 1006 1474 1039 ι
1510 988 1651 1060 ἁρχὴ
1678 989 1869 1058 σοφίας
1894 990 1988 1058 φό-

404 1079 496 1145 ϐος
530 1082 755 1152 Κυρίου.
798 1101 816 1132 ι
850 1082 950 1135 Διὰ
976 1074 1054 1153 δή
1070 1082 1239 1135 ταῦτα
1270 1101 1287 1135 ι
1316 1085 1410 1147 Et;
1446 1086 1507 1136 τὸ
1535 1084 1689 1148 τέλος
1726 1104 1745 1137 ι
1788 1086 1987 1158 προγέ-

403 1189 645 1246 γραπται
667 1176 695 1227 ό
725 1173 936 1245 ψαλμός
960 1192 972 1205 ·
1008 1176 1101 1229 καὶ
1131 1176 1274 1228 ἐστιν
1294 1175 1438 1246 ᾠδῆς
1466 1176 1698 1248 ψαλμὸς,
1725 1179 1986 1232 ἐπινίκιον

404 1264 571 1336 ὕμνον
600 1268 679 1330 εἰς
712 1266 803 1319 τὸν
836 1267 1061 1337 Σωτῆρα
1087 1265 1193 1319 τῶν
1218 1266 1387 1320 ἐθνῶν
1418 1268 1708 1339 περιέχων.
1762 1269 1877 1340 Ἐφ’
1906 1266 1986 1333 οἷς

402 1356 464 1409 τὸ
498 1357 719 1428 Πνεῦμα
761 1358 823 1411 τὸ
875 1358 1031 1427 ἅγιον
1082 1359 1173 1412 τὸν
1223 1358 1314 1412 ἐπὶ
1343 1359 1558 1413 πάντων
1598 1361 1733 1414 Θεὸν
1760 1361 1987 1433 άνυμνεῖ

404 1447 642 1516 φάσκον’
684 1449 812 1501 «Σοὶ
838 1448 1035 1521 πρέπει
1064 1449 1250 1521 ὕμνος,
1284 1452 1312 1504 6
1341 1452 1493 1516 Θεὸς,
1530 1455 1589 1505 ἐν
1623 1454 1817 1509 Σιών.»
1852 1454 1985 1509 Τίνα

402 1539 512 1611 γὰρ
546 1540 713 1611 ἐχρῆν
736 1541 893 1595 ἄλλον
918 1542 1011 1594 ἐπὶ
1042 1544 1106 1613 τῇ
1136 1543 1353 1597 πάντων
1392 1544 1692 1617 ἀνθρώπιον
1741 1546 1985 1619 σωτηρίᾳ

403 1632 688 1702 ὑμνεῖσθαι
739 1633 772 1702 ἢ
805 1634 895 1686 τὸν
938 1635 1139 1698 παντὸς
1162 1633 1335 1688 αἴτιον
1363 1636 1604 1705 ἀγαθοῦ;
1635 1637 1885 1691 Διδάσκει
1927 1638 1984 1692 δὲ

401 1723 461 1775 τὸ
488 1723 619 1775 αὐτὸ
652 1724 879 1796 Πνεῦμα
929 1727 1055 1788 τοὺς
1093 1726 1416 1797 προσιόντας
1446 1726 1512 1794 ἐξ
1535 1728 1703 1782 ἐθνῶν
1734 1730 1880 1801 μόνῳ
1908 1730 1985 1802 τῷ

400 1812 519 1885 Θεῷ
548 1814 757 1883 λέγειν’
801 1835 819 1867 ι
858 1816 949 1870 Σοὶ
984 1818 1181 1889 πρέπει
1220 1819 1384 1890 ὕμνος
1407 1837 1420 1849 ·
1462 1839 1480 1871 ι
1505 1819 1579 1885 ῶς
1608 1821 1673 1875 ἂν
1706 1840 1981 1893 κατεγνω-

2092 618 2375 689 subiungit
2408 635 2421 670 :
2470 636 2487 670 ι
2522 618 2589 672 Et
2623 617 2895 671 titnebunt
2924 617 3018 687 qui
3068 616 3318 673 habitant
3346 621 3607 675 terminos
3638 636 3667 674 a

2091 712 2262 782 signis
2283 711 2416 766 tuis.
2461 730 2479 762 ι
2511 711 2652 764 Nam
2678 709 2823 779 quod
2850 723 3044 765 omnes
3072 702 3165 780 qui
3205 709 3524 766 habitabant
3556 719 3669 768 ter-

2088 805 2270 859 minos
2299 812 2459 859 terraa
2479 803 2736 857 timerent
2794 816 2822 854 a
2866 802 3039 871 signis
3068 799 3186 866 Dei,
3234 802 3286 857 id
3318 803 3584 859 bonorum
3614 813 3667 860 et

2088 896 2599 966 sapientiaainitium
2616 903 2735 950 erat
2762 910 2773 945 :
2796 892 3065 964 siquidem
3094 912 3111 944 ι
3142 894 3361 949 initium
3389 897 3669 968 sapientia:

2092 989 2255 1044 timor
2281 986 2498 1043 Domini
2523 988 2589 1043 ".
2622 1007 2640 1039 ι
2673 986 2770 1043 liis
2814 986 2881 1041 de
2930 985 3116 1042 causis
3146 1005 3164 1038 ι
3195 985 3253 1042 ln
3286 988 3447 1044 tinem
3475 1008 3492 1040 ι
3524 991 3665 1059 psal-

2089 1098 2212 1137 mus
2240 1083 2569 1137 inscribitur
2594 1098 2606 1133 :
2633 1089 2827 1152 estque
2848 1081 3093 1151 psalmus
3120 1082 3342 1145 cantici,
3373 1083 3671 1154 triumpha-

2089 1176 2192 1229 lem
2207 1175 2471 1247 hymnum
2492 1175 2545 1228 in
2567 1174 2915 1231 Servatorem
2934 1176 3177 1246 gentium
3197 1176 3585 1246 complectens.
3606 1174 3671 1230 Et

2088 1266 2158 1321 ob
2176 1282 2293 1322 eam
2318 1281 2432 1320 rem
2459 1265 2699 1336 Spiritus
2715 1274 2942 1321 sanctus
2962 1266 3154 1332 Deum,
3183 1268 3276 1337 qui
3306 1282 3472 1337 supra
3486 1269 3670 1323 omnia

2087 1364 2209 1422 est,
2243 1358 2485 1414 celebrat
2520 1357 2713 1414 dicens
2744 1378 2755 1414 :
2801 1379 2817 1411 ι
2841 1354 2918 1414 Te
2951 1360 3107 1415 decet
3137 1356 3573 1430 hymnus,Dens,
3614 1360 3670 1415 in

2090 1448 2242 1504 Sion.
2272 1469 2289 1502 ι
2314 1450 2486 1516 Quem
2506 1450 2650 1506 enim
2667 1451 2833 1504 alium
2856 1466 2954 1521 pro
2974 1452 3216 1505 omnium
3233 1451 3513 1505 hominum
3531 1452 3672 1507 salu-

2086 1548 2141 1596 te
2153 1542 2419 1597 celebrari
2435 1542 2700 1611 oportuit,
2715 1542 2822 1597 nisi
2840 1543 3021 1598 omnis
3037 1543 3164 1597 boni
3183 1540 3673 1598 auctorenﬂDocet

2087 1640 2266 1687 autem
2287 1633 2428 1689 idem
2451 1632 2689 1704 Spiritus
2704 1650 2799 1689 eos
2812 1634 2904 1704 qui
2920 1651 2983 1688 ex
3011 1635 3264 1706 gentibus
3279 1634 3543 1690 accedunt
3569 1637 3671 1693 soli

2087 1722 2195 1781 Deo
2208 1724 2387 1780 dicere
2400 1724 2597 1781 debere
2614 1745 2655 1779 τι
2669 1725 2743 1781 Te
2757 1724 2911 1783 decet
2926 1726 3179 1799 hymnus,
3196 1727 3378 1797 iquasi
3391 1742 3510 1782 sese
3520 1725 3672 1781 dam-

2090 1825 2307 1881 nantes,
2342 1816 2491 1888 quod
2513 1818 2815 1873 multorum
2884 1818 3175 1873 numinum
3207 1819 3382 1874 errori
3410 1818 3671 1873 indecen-

401 1907 564 1967 κότας
587 1907 817 1971 ἑαυτῶν,
849 1910 936 1962 ὅτε
984 1910 1058 1981 μὴ
1088 1911 1398 1982 πρέποντας
1428 1913 1632 1985 ὕμνους
1668 1916 1985 1987 ἀνέπεμπον

2092 1916 2174 1963 ter
2204 1909 2437 1980 hymnus
2465 1909 2799 1964 emisissent.
2834 1908 2999 1965 Deum
3027 1918 3205 1964 autem
3238 1908 3474 1981 hymnus
3496 1908 3669 1971 decet,

400 2001 465 2068 τῇ
503 1999 748 2071 πολυθέῳ
775 2002 975 2073 πλάνη.
1005 2002 1212 2074 Πρέπει
1241 2004 1296 2057 δέ
1334 2004 1501 2075 ὕμνος
1526 2005 1604 2077 τῷ
1625 2006 1743 2078 Θεῷ
1771 2010 1831 2061 ού
1857 2010 1984 2073 πᾶς,

400 2090 515 2143 ἀλλ’
545 2090 574 2142 6
595 2092 653 2144 ἐν
692 2091 831 2145 Σιὼν
875 2093 1354 2165 ἀναπεμπόμενος,
1395 2095 1596 2169 δηλαδὴ
1625 2098 1652 2150 6
1679 2100 1736 2151 ἐν
1763 2102 1828 2171 τῇ
1864 2102 1987 2153 Ἐκ-

401 2180 598 2251 κλησία
628 2183 816 2237 αὑτοῦ.
846 2183 984 2239 Σιὼν
1024 2187 1122 2257 μὲν
1151 2187 1258 2258 γάρ
1299 2188 1448 2241 ἐστιν
1485 2189 1711 2262 ἀληθινὴ
1752 2194 1784 2263 ή
1821 2193 1986 2245 ἐπου-

405 2274 588 2343 ράνιος
622 2275 992 2349 Ἰερουσαλὴμ,
1020 2279 1112 2331 καὶ
1139 2280 1197 2332 τὸ
1213 2278 1534 2350 ἐπουράνιον
1554 2280 1679 2353 ὅρος
1706 2284 1799 2336 τοῦ
1815 2282 1949 2337 Θεοῦ
1970 2301 1982 2314 ·

403 2367 531 2437 περὶ
565 2361 625 2421 οὕ
657 2366 922 2422 διδάσκων
967 2372 994 2423 ό
1035 2371 1356 2437 Ἀπόστολος
1376 2373 1527 2443 ἔλεγε
1551 2392 1564 2404 ·
1604 2393 1623 2425 ι
1650 2375 1989 2447 Προσεληλύ-

402 2456 533 2510 θατε
557 2456 694 2511 Σιὼν
722 2459 857 2531 ὄρει,
902 2462 994 2514 καὶ
1028 2462 1179 2516 πόλει
1208 2464 1340 2517 Θεοῦ
1376 2466 1594 2531 ζῶντος,
1641 2466 1990 2540 Ἰερουσαλὴμ

402 2549 730 2621 ἐπουρανίῳ,
789 2553 882 2605 καὶ
926 2553 1182 2625 μυριάσιν
1235 2556 1486 2625 ἀγγέλων
1533 2558 1857 2630 πανηγύρει,
1895 2560 1989 2613 καὶ

415 2639 709 2715 Ἐκκλησία
770 2647 1130 2717 πρωτοτόκων
1178 2650 1689 2723 ἀπογεγραμμένων
1728 2654 1786 2706 ἐν
1823 2654 1990 2725 ούρα-

402 2734 514 2797 νοῖς
537 2750 551 2764 ⁸
594 2753 612 2785 ι
640 2736 735 2788 καὶ
795 2738 986 2791 πάλινο
1016 2759 1034 2790 ι
1090 2741 1153 2792 Ἠ
1211 2739 1267 2793 δὲ
1297 2741 1408 2795 ἄνω
1452 2744 1805 2816 Ἰερουσαλήμ
1835 2744 1989 2798 ἐλευι

404 2822 539 2894 θέρα
576 2826 747 2888 ἐστὶν,
791 2828 912 2898 ἥτις
953 2829 1071 2882 ἐστί
1106 2832 1289 2903 μήτηρ
1315 2832 1493 2904 ήμῶν.
1540 2852 1557 2884 ι
1621 2832 1769 2906 Αὕτη
1804 2833 1870 2888 ἂν
1903 2835 1987 2907 εῐη

402 2917 436 2986 ἡ
473 2916 679 2988 ἀληθὴς
728 2920 1103 2993 Ἰερουσαλὴμ,
1139 2924 1232 2976 καὶ
1284 2927 1315 2996 ή
1363 2926 1566 2995 κυρίως
1615 2925 1991 2997 άναδειχθεῖσα

404 3006 562 3073 Σιὼν,
592 3011 677 3078 ἐφ’
710 3005 778 3081 ἧς
810 3012 903 3065 καί
952 3012 1257 3083 βασιλεύειν
1310 3017 1556 3071 λέλεκται
1598 3021 1627 3072 ό
1674 3019 1865 3090 Σωτὴρ
1898 3018 1991 3072 καὶ

401 3099 606 3171 Κύριος
648 3103 829 3173 ήμῶν,
866 3103 1058 3177 ῶσπερ
1108 3102 1200 3161 οὗν
1234 3107 1474 3163 διδάσκει
1515 3108 1688 3178 λέγων
1717 3110 1878 3173 αὐτὸς
1932 3111 1991 3164 ἐν

401 3190 448 3244 6’
479 3193 714 3266 ψαλμῷ·
748 3214 767 3247 ι
812 3196 952 3265 Ἐγὼ
985 3198 1042 3251 δέ
1067 3200 1407 3272 κατεστάθην
1448 3200 1702 3271 βασιλεὺς
1729 3202 1822 3255 ἐπὶ
1850 3200 1990 3254 Σιὼν

400 3280 526 3356 ὕρος
536 3285 597 3339 τὸ
632 3287 785 3355 ἅγιον
813 3288 997 3343 αὐτοῦ.
1014 3308 1030 3341 ι
1053 3291 1116 3344 Ἡ
1142 3291 1279 3362 αὐτὴ
1298 3292 1341 3345 δ’
1369 3291 1433 3346 ἂν
1456 3294 1538 3365 εἴη
1559 3296 1590 3363 ἡ
1611 3292 1992 3361 καταγγελλο-

405 3379 541 3451 μένη
600 3384 713 3445 τοῖς
740 3382 803 3434 τὸ
854 3383 1197 3451 Εὕαγγέλιονν
1228 3385 1694 3457 παραδεχομένοις
1747 3387 1990 3457 βασιλεία

398 3470 664 3541 οὐρανῶν.
723 3474 901 3527 Είκὼν
963 3475 1005 3528 δ’
1056 3477 1271 3550 ἐκείνης
1322 3480 1354 3549 ή
1403 3479 1496 3532 ἐπὶ
1531 3480 1633 3549 γῆς
1678 3480 1874 3548 γένοιτ’
1924 3480 1991 3533 ἂν

412 3560 709 3634 Ἐκκλησία
729 3581 741 3593 ·
774 3564 1079 3636 ὁμωνύμως
1110 3568 1203 3620 καὶ
1235 3568 1373 3640 αὐτὴ
1400 3566 1708 3639 καλουμένη
1738 3569 1865 3621 ποτέ
1894 3570 1989 3638 μὲν

400 3655 577 3719 Σιὼν,
632 3655 762 3708 ποτὲ
808 3655 866 3709 δὲ
922 3658 1315 3729 Ἰερουσαλὴμ,
1375 3661 1470 3712 καὶ
1514 3659 1699 3713 ἄλλοτε
1747 3659 1990 3732 θυγάτηρ

400 3745 559 3809 Σιὼν,
606 3746 639 3816 ἢ
687 3746 934 3819 θυγάτηρ
974 3748 1347 3822 Ἰερουσαλήμ.
1388 3751 1543 3805 Οὕτω
1575 3752 1705 3821 γοῦν
1735 3754 1905 3825 αὐτὴν
1940 3755 1989 3806 οἱ

401 3838 678 3907 προφῆται
742 3838 1091 3906 θεσπίζοντες
1136 3843 1485 3914 ἀνηγόρευον.
1532 3845 1591 3897 '0
1618 3844 1798 3898 τοίνυν
1821 3844 1991 3916 ὕμνος

400 3932 429 3983 6
457 3932 515 3983 ἐν
549 3934 613 4002 τῇ
652 3930 811 3996 Σιὼν,
854 3934 973 4004 ἤτοι
1023 3937 1086 4005 τῇ
1129 3937 1455 4007 ἐπουρανίῳ,
1488 3936 1520 4006 ἢ
1550 3939 1644 3990 καὶ
1671 3940 1734 4008 τῇ
1763 3938 1856 3991 ἐπὶ
1885 3938 1991 4009 γῆς

415 4022 713 4096 Ἐκκλησία
742 4024 836 4077 τοῦ
872 4025 1007 4078 Θεοῦ
1065 4027 1342 4098 ᾁδόμενος,
1381 4029 1581 4100 πρέποι
1612 4028 1677 4082 ἂν
1715 4031 1873 4100 μόνος
1914 4030 1991 4101 τῷ

406 4115 730 4186 ὑμνουμένῳ
750 4116 887 4187 Θεῷ.
911 4118 1068 4171 Πᾶσα
1091 4119 1147 4172 δέ
1173 4122 1204 4191 ἡ
1230 4122 1385 4183 ἐκτὸς
1406 4121 1503 4192 τῆς
1548 4120 1871 4192 Ἐκκλησίας
1896 4122 1989 4175 τοῦ

400 4210 536 4264 Θεοῦ
591 4211 856 4285 λεγομένη
923 4213 1189 4282 θεολογία,
1243 4215 1349 4268 εἴτε
1383 4214 1534 4284 παρὰ
1572 4219 1684 4278 τοῖς
1726 4214 1991 4285 Ἐλλήνων

403 4304 606 4372 σοφοῖς,
660 4306 766 4357 εἴτε
802 4305 951 4375 παρὰ
991 4310 1103 4369 τοῖς
1134 4305 1313 4370 ἀθέοις
1357 4306 1702 4378 ἐτεροδόξοις,
1736 4307 1991 4379 ἀπρεπὴς

403 4396 469 4449 ἂν
513 4395 619 4467 εἴη.
684 4396 804 4449 Τῶν
855 4396 973 4467 γάρ
1017 4400 1148 4471 παρ’
1182 4398 1406 4470 Ἕλλησι
1464 4398 1644 4468 σοφῶν
1678 4401 1727 4452 οἱ
1767 4400 1865 4469 μ,ἐν
1909 4401 1988 4463 εἰς

401 4486 670 4558 ἀθεότητα
709 4488 948 4557 παντελῆ
984 4488 1504 4552 καταπεπτώκασιν,
1531 4491 1579 4542 οἱ
1612 4490 1669 4543 δέ
1702 4490 1801 4561 τὴν
1828 4488 1990 4543 πολύ-

2090 2017 2197 2055 non
2223 2001 2425 2073 quivis,
2457 2002 2551 2057 sed
2576 2003 2669 2072 qui
2688 2004 2740 2056 in
2766 2001 2921 2065 Sion,
2953 2002 3205 2056 videlicet
3226 2001 3319 2072 qui
3354 2000 3411 2055 in
3428 1999 3671 2056 Ecclesia

2088 2094 2210 2162 ejus
2262 2094 2551 2148 emittitur.
2594 2092 2727 2146 Nam
2759 2108 2885 2148 vera
2948 2091 3079 2147 Sion
3114 2101 3200 2147 est
3248 2092 3488 2147 caelestis
3517 2089 3675 2145 Jeru-

2089 2185 2283 2249 salem,
2337 2193 2393 2240 et
2450 2185 2695 2240 caelestis
2751 2200 2911 2239 mons
2947 2183 3086 2238 Dei:
3149 2184 3216 2237 de
3247 2200 3355 2253 quo
3381 2183 3674 2253 Apostolus

2089 2276 2207 2329 haec
2243 2274 2437 2329 docuit
2471 2295 2482 2329 :
2523 2292 2541 2325 ι
2580 2272 2914 2329 Accessistis
2942 2271 3009 2327 ad
3060 2272 3191 2327 Sion
3221 2283 3481 2338 montem,
3519 2280 3575 2328 et
3595 2272 3675 2327 ci-

2088 2366 2311 2421 vitatem
2336 2365 2432 2421 Dei
2454 2366 2714 2430 viventis,
2763 2364 3069 2421 Jerusalem
3118 2364 3420 2428 cmlestem,
3455 2373 3508 2419 et
3532 2364 3676 2417 mul-

2089 2465 2269 2514 torum
2309 2459 2541 2513 millium
2595 2459 2913 2530 angelorum
2967 2455 3351 2525 frequentiam,
3385 2464 3440 2510 et
3490 2453 3677 2511 Eccle-

2090 2550 2226 2605 siam
2259 2552 2681 2621 primitivorum,
2712 2551 2805 2621 qui
2839 2550 3137 2620 conscripti
3155 2557 3281 2604 sunt
3308 2548 3361 2602 in
3390 2548 3669 2615 ccelis“;i

2091 2658 2156 2699 ac
2184 2660 2439 2699 rursum:
2479 2665 2496 2696 ι
2534 2647 2629 2700 Illa
2675 2656 2858 2701 autem
2893 2662 3015 2716 qum
3049 2662 3270 2702 sursum
3319 2653 3404 2700 est
3450 2642 3674 2699 Jerusa-

2091 2736 2217 2803 lem,
2252 2736 2422 2791 libera
2480 2744 2584 2801 est,
2632 2752 2755 2806 qua!
2808 2742 2892 2790 est
2942 2745 3118 2791 mater
3170 2744 3356 2789 nostra
3396 2735 3459 2786 η.
3492 2753 3509 2786 i
3549 2731 3675 2786 llaec

2092 2844 2224 2885 sane
2251 2828 2414 2885 fuerit
2451 2845 2581 2884 vera
2612 2827 2941 2895 Jerusalem,
2997 2839 3051 2885 et
3117 2846 3238 2900 quae
3268 2830 3487 2899 proprie
3543 2828 3673 2883 Sion

2091 2921 2453 2991 comprobata
2475 2929 2579 2982 est,
2619 2924 2672 2974 in
2700 2934 2806 2990 qua
2836 2934 3066 2991 regnare
3102 2920 3305 2975 dicitur
3341 2918 3595 2974 Salvator
3622 2926 3677 2975 et

2092 3013 2358 3070 Dominus
2390 3025 2599 3080 noster,
2632 3022 2689 3068 ut
2722 3014 2838 3084 ipse
2859 3014 3021 3069 docet
3054 3013 3110 3068 in
3151 3013 3397 3069 secundo
3427 3013 3672 3083 psalmo:

2098 3107 2266 3178 «Ego
2329 3115 2512 3160 autem
2579 3107 2919 3163 constitutus
2988 3121 3111 3163 sum
3174 3122 3268 3161 rex
3328 3122 3493 3176 super
3542 3104 3675 3161 Sion

2094 3209 2332 3255 montem
2360 3206 2613 3254 sanctum
2642 3198 2765 3268 ejus
2808 3200 2872 3251 ".
2919 3218 2936 3251 ι
2972 3197 3031 3253 ld
3088 3198 3266 3269 ipsum
3298 3207 3479 3253 autem
3512 3196 3676 3253 fuerit

2094 3307 2324 3363 regnum
2355 3292 2645 3354 caelorum,
2672 3290 2819 3361 quod
2873 3290 3274 3360 accipientibus
3320 3287 3671 3357 Evangelium

2094 3385 2474 3439 annuntiatur.
2508 3384 2691 3452 imago
2714 3382 3060 3437 antemillins
3089 3380 3255 3437 fuerit
3277 3380 3523 3436 Ecclesia
3557 3396 3677 3452 qua:

2094 3482 2148 3532 in
2185 3488 2332 3532 terra
2362 3481 2447 3541 est
2486 3490 2499 3525 :
2535 3488 2655 3544 quae
2690 3474 2809 3543 pari
2840 3472 3063 3527 nomine
3109 3471 3271 3526 modo
3306 3469 3461 3534 Sion,
3512 3468 3675 3525 modo

2092 3570 2420 3632 Jerusalem,
2457 3566 2754 3637 aliquando
2789 3564 2899 3619 [ilia
2932 3563 3089 3626 Sion,
3120 3562 3413 3633 aliquando
3447 3561 3556 3615 ﬁlia
3588 3559 3677 3617 Je-

2094 3664 2335 3720 rusalem
2357 3661 2650 3715 vocitatur.
2693 3657 2787 3711 Sic
2811 3658 2996 3728 itaque
3027 3656 3177 3709 illam
3216 3654 3492 3725 prophetae
3525 3652 3679 3706 vati-

2092 3757 2343 3811 cinantes
2386 3750 2751 3822 appellabant.
2785 3748 3033 3819 Hymnus
3082 3747 3248 3817 igitur
3298 3746 3390 3815 qui
3429 3746 3484 3799 in
3519 3742 3676 3809 Sion,

2092 3847 2187 3903 illa
2224 3846 2436 3899 scilicet
2480 3843 2713 3904 caelesti,
2766 3840 2881 3895 sive
2928 3840 2981 3891 in
3024 3836 3271 3892 Ecclesia
3305 3834 3400 3889 Dei
3450 3848 3572 3905 qua:
3620 3833 3677 3888 in

2093 3946 2241 3991 terra
2264 3945 2368 3999 est,
2397 3934 2638 3998 canitur,
2672 3932 2824 3987 solus
2850 3918 3184 3983 celebrando
3228 3924 3334 3979 Deo
3365 3922 3673 3979 conveniat.

2097 4028 2288 4083 Omnis
2306 4040 2437 4080 vero
2489 4040 2613 4094 quae
2645 4032 2800 4078 extra
2824 4020 3128 4074 Ecclesiam
3170 4017 3262 4071 Dei
3286 4015 3561 4084 theologia
3591 4013 3675 4068 di-

2094 4119 2267 4182 citur,
2311 4115 2426 4171 sive
2481 4113 2625 4183 apud
2669 4110 2985 4165 Graecorum
3019 4107 3318 4177 sapientes,
3370 4105 3487 4159 sive
3534 4102 3674 4172 apud

2096 4209 2294 4279 impios
2339 4207 2703 4261 heterodoxos
2737 4243 2751 4267 ,
2807 4201 3068 4256 indecens
3117 4198 3223 4253 dici
3285 4196 3481 4267 possit.
3538 4194 3676 4248 Nam

2094 4301 2271 4356 Graeci
2307 4298 2723 4370 sapientes,,alii
2748 4296 2803 4349 in
2834 4295 3041 4358 nullius
3077 4291 3173 4346 Dei
3204 4295 3410 4345 cultum
3459 4289 3678 4359 penitus

2094 4394 2231 4463 lapsi
2266 4399 2425 4458 sunt;
2464 4391 2555 4444 alii
2584 4389 2884 4443 multorum
2938 4384 3228 4439 numinum
3260 4397 3504 4438 errorem
3533 4380 3679 4435 cele-

2094 4482 2343 4537 brarunt.
2380 4479 2533 4548 lmpii
2561 4486 2743 4532 autem
2776 4474 3017 4530 lneretici
3045 4514 3060 4538 ,
3094 4474 3183 4527 alii
3209 4473 3445 4543 plurima
3463 4478 3515 4525 et
3544 4486 3678 4526 con-

403 4579 521 4632 θεον
576 4549 785 4650 πλάνην
827 4549 1147 4651 ἐσέμνυναν.
1186 4582 1306 4634 Τῶν
1337 4580 1394 4635 δὲ
1427 4549 1602 4635 ἀθέων
1647 4549 1985 4653 αἱρέσιωτῶν

2097 4572 2265 4625 traria
2297 4570 2568 4642 principia
2597 4566 3043 4631 constituerunt;
3075 4564 3167 4617 alii
3198 4562 3379 4635 pravis
3409 4549 3678 4630 malisque

400 4672 451 4724 οι
477 4671 575 4742 μὲν
610 4671 864 4734 πλείστας
898 4672 991 4725 καὶ
1018 4672 1266 4736 ἐναντίας
1293 4673 1467 4743 ἀρχάς
1498 4674 1893 4745 ὑπεστήσαντο,
1936 4674 1985 4726 ci

399 4765 456 4818 δὲ
486 4767 750 4837 πονηραῖς
784 4767 878 4819 καὶ
924 4764 1155 4835 φαύλαις
1187 4765 1449 4835 δυνάμεσι
1497 4765 1595 4836 τὴν
1640 4765 1733 4818 τοῦ
1786 4765 1986 4829 παντὸς

400 4857 664 4928 διοίκησιν
684 4858 1114 4911 ἀνατεθείκασιν.
1140 4859 1279 4927 Ἤδη
1303 4858 1359 4911 δὲ
1390 4860 1483 4911 καὶ
1504 4858 1682 4911 αὐτῶν
1718 4858 1987 4912 Ἰουδαίων

402 4949 611 5013 παῖδες,
648 4948 1116 5021 ἀνθρωπόμορφον
1151 4951 1242 5003 καὶ
1271 4948 1676 5021 ἁνθρωποπαθῆ
1706 4949 1797 5003 τὸν
1831 4949 1985 5013 Θεὸν,

398 5041 478 5111 τῷ
512 5042 585 5113 μὴ
616 5045 755 5096 νοεῖν
791 5041 888 5105 τὰς
916 5041 1163 5113 Γραφὰς,
1194 5043 1505 5111 εἰσάγοντες
1531 5059 1544 5071 ·
1581 5040 1716 5095 ἀλλὰ
1746 5042 1839 5095 καὶ
1890 5059 1991 5111 μυ-

405 5132 494 5202 ρία
520 5130 722 5185 ἕκτοπα
742 5134 836 5185 καὶ
865 5132 1095 5185 ταπεινὰ
1134 5132 1576 5203 μυθολογοῦντες,
1607 5131 1821 5205 μακρὰν
1857 5132 1992 5184 ἀπο-

400 5223 723 5276 πεπτώκασι
764 5224 859 5277 τοῦ
900 5225 1203 5296 πρέποντος
1235 5223 1424 5294 ὕμνου.
1461 5223 1629 5277 Μόνοι
1657 5222 1712 5275 δὲ
1733 5225 1781 5277 οἱ
1816 5225 1873 5275 ἐν
1921 5225 1986 5292 τῇ

413 5316 709 5388 Ἐκκλησία
738 5317 830 5370 τοῦ
865 5315 1001 5370 Θεοῦ
1037 5318 1126 5370 τὸν
1157 5318 1437 5387 πρέποντα
1463 5315 1632 5387 ὕμνον
1667 5316 1796 5387 παρ’
1823 5316 1987 5370 αὑτοῦ

398 5406 770 5479 δεδιδαγμένοι
815 5408 909 5461 τοῦ
944 5408 1198 5479 Σωτῆρος
1231 5408 1480 5476 ἐπαξίως·
1501 5408 1591 5461 τὸν
1618 5408 1836 5480 Πατέρα
1873 5407 1989 5462 θεο-

398 5498 646 5567 λογοῦσιν
667 5518 679 5530 ·
710 5500 738 5553 ὂ
763 5501 825 5573 δὴ
846 5502 1144 5575 παρίστησι
1161 5500 1248 5553 διὰ
1274 5502 1372 5571 τῆς
1398 5498 1534 5571 μετὰ
1556 5502 1744 5572 χεῖρας
1766 5503 1990 5568 φάσκων

398 5592 561 5663 ὼδῆς·
595 5613 611 5643 ι
642 5594 732 5646 Σοὶ
757 5594 955 5665 πρέπει
985 5596 1170 5666 ὕμνος,
1206 5598 1233 5648 6
1264 5594 1417 5657 Θεὸς,
1447 5596 1504 5646 ἐν
1538 5592 1695 5645 Σιών.
1736 5611 1753 5643 ι
1798 5592 1993 5664 Ἀπρε-

402 5681 511 5753 πῆς
534 5682 589 5735 δὲ
615 5683 784 5754 ὕμνος
810 5684 1025 5755 λεχθείη
1054 5684 1117 5738 ἂν
1139 5686 1166 5736 6
1198 5684 1416 5753 δαίμοσι
1442 5684 1697 5753 πονηροῖς
1722 5682 1814 5734 καὶ
1838 5680 1991 5732 πνεύ-

474 5862 519 5893 ⁸⁵
547 5861 695 5919 Psal.
727 5879 812 5926 cx,
845 5864 930 5917 10.
1052 5864 1093 5893 ¹⁸
1122 5860 1287 5917 llebr.
1336 5878 1434 5927 xu,
1471 5858 1557 5914 ,2.

2096 4662 2394 4717 virtutibus
2459 4662 2704 4715 universi
2752 4656 3283 4713 administrationem
3348 4653 3674 4722 ascripsere.

2094 4754 2215 4808 Jam
2278 4769 2407 4809 vero
2470 4754 2576 4822 ipsi
2620 4750 2817 4813 Iudici,
2873 4750 3169 4802 humanam
3212 4747 3439 4800 formam
3482 4746 3677 4797 huma-

2096 4862 2307 4918 nosque
2341 4846 2589 4910 allectus,
2644 4843 2791 4914 quod
2829 4841 3142 4911 Scripturas
3201 4855 3308 4894 non
3346 4838 3675 4907 intelligunt,

2098 4938 2209 4995 Deo
2256 4939 2525 5009 attingunt
2559 4956 2570 4989 :
2607 4936 2717 4989 imo
2748 4950 2878 4989 vero
2904 4933 3116 4987 inﬁnita
3171 4930 3412 4986 absurda
3435 4929 3678 4998 abjecta-

2093 5048 2200 5102 que
2254 5030 2583 5091 fabulantes,
2625 5027 2693 5081 ab
2749 5027 2954 5096 hymno
2987 5026 3081 5095 qui
3116 5025 3308 5079 deceat
3354 5023 3515 5092 longe
3556 5036 3681 5090 pro-

2091 5124 2229 5193 lapsi
2247 5128 2397 5177 sunt.
2420 5121 2462 5175 Ii
2495 5135 2623 5174 vero
2663 5118 2765 5172 soli
2798 5118 2891 5187 qui
2919 5121 2973 5170 in
2992 5115 3238 5171 Ecclesia
3270 5114 3366 5169 Dei
3395 5116 3677 5168 decentem

2092 5217 2354 5287 hymnum
2384 5215 2453 5268 ab
2485 5215 2604 5283 ipso
2633 5209 2926 5266 Servatore
2954 5208 3136 5263 edocti
3171 5216 3319 5271 sunt,
3353 5206 3677 5275 condignam

2100 5310 2451 5377 divinanique
2477 5306 2543 5360 dc
2576 5303 2737 5357 Patre
2773 5302 3081 5356 doctrinam
3114 5298 3385 5364 ellerunt;
3423 5295 3569 5363 quod
3622 5296 3677 5348 in

2098 5401 2353 5472 praesenti
2401 5398 2617 5453 cantico
2653 5395 2964 5450 declaratur
2989 5392 3075 5446 his
3106 5391 3330 5445 verbis:
3366 5409 3383 5439 ι
3428 5386 3503 5441 Te
3523 5387 3681 5441 decet

2098 5496 2358 5566 hymnus,
2392 5491 2553 5556 Deus,
2582 5494 2638 5546 in
2679 5490 2830 5545 Sion.
2862 5508 2880 5540 ι
2922 5487 3185 5542 lndecens
3219 5497 3384 5557 porro
3439 5484 3679 5555 hymnus

2099 5586 2337 5650 dicatur,
2363 5587 2455 5656 qui
2492 5583 2746 5655 malignis
2779 5579 3122 5634 daemonibus
3143 5576 3483 5648 impurisque
3510 5573 3678 5643 spiri-

2098 5680 2245 5734 tibus
2274 5678 2571 5733 emittitur:
2599 5675 2857 5731 indecens
2889 5673 3014 5727 item
3033 5671 3123 5742 qui
3154 5670 3276 5735 soli,
3319 5669 3481 5734 lunai,
3512 5663 3678 5721 astris

1639 5862 1679 5891 ¹³
1714 5858 1891 5914 Galat.
1932 5875 2006 5923 iv,
2039 5858 2131 5912 26.
2214 5858 2257 5888 ”
2290 5856 2436 5911 Psal.
2473 5871 2532 5919 ll,
2567 5852 2621 5907 6.
