4142 6388
481 368 587 423 617

1143 366 1411 424 EUSEBII
1452 368 1934 426 CESAIHENSIS
1966 370 2116 427 OPP.
2153 371 2337 427 PARS
2377 370 2462 427 Ill.
2503 402 2573 415 —
2610 369 3017 426 EXEGETICA.

3617 371 3720 425 628

474 480 796 550 ceterisque
821 480 1006 536 mundi
1045 482 1294 551 partibus
1322 483 1391 537 ab
1450 483 1518 539 iis
1548 484 1786 550 canitur,
1815 485 1909 554 qui
1954 498 2044 539 ea-

2153 503 2317 557 μασιν
2350 485 2683 556 ἀκαθάρτοις
2708 484 3161 553 ἀναπεμπόμενος
3184 499 3197 511 ο
3234 479 3485 553 ἀπρεπὴς
3510 480 3565 533 δέ
3604 482 3720 534 ἐστι

474 574 597 630 dem
622 571 763 625 inter
784 570 915 627 deos
948 580 1333 627 annumerant.
1388 572 1571 644 Longe
1593 574 1807 645 turpior
1837 590 1965 630 vero
1991 585 2041 629 et

475 661 767 717 admodum
803 660 1096 717 indecorus
1130 671 1233 727 est,
1292 663 1386 732 qui
1438 665 1667 733 impuris
1714 663 2043 734 lascivisquc

473 754 704 811 canticis
738 754 803 810 de
834 756 1117 812 amatoriis
1154 756 1382 812 deorum
1415 741 1664 814 historiis
1693 758 2039 829 contingitur.

474 844 635 903 Solus
652 858 832 903 autem
881 850 1167 919 speciosus
1217 865 1282 903 ac
1321 849 1523 907 decens
1571 852 1807 923 hymnus
1836 852 1925 907 ille
1960 851 2044 905 di-

472 949 647 1007 catur,
665 942 759 1010 qui
776 941 875 997 soli
889 942 1194 1004 Conditori,
1212 940 1403 1011 Opiﬁci
1426 957 1489 996 ac
1506 940 1641 1013 Regi
1667 943 2042 998 universorum

470 1033 760 1095 emittitur,
793 1033 1058 1088 cuietiam
1081 1043 1205 1087 vola
1259 1033 1509 1096 reddere,
1542 1041 1704 1103 atque
1731 1034 1783 1089 id
1810 1051 1917 1089 non
1948 1051 2044 1089 ex-

470 1131 554 1178 tra
590 1122 891 1178 Ecclesiam
945 1124 1067 1194 ejus
1120 1134 1383 1195 praestare
1432 1126 1708 1178 convenit.
1748 1125 1928 1191 Quare
1957 1141 2045 1179 se-

468 1214 707 1268 cundum
742 1213 884 1269 LXX
934 1214 1262 1283 luterpretes
1292 1213 1536 1269 dicitur:
1580 1233 1599 1266 ‹
1637 1214 1700 1269 Ει
1731 1216 1821 1270 tibi
1857 1216 2045 1270 redde-

468 1313 558 1360 tur
595 1314 780 1360 votum
810 1306 863 1359 in
891 1304 1216 1385 Jerusalem.
1258 1326 1275 1358 ι
1317 1304 1515 1365 Votum
1558 1314 1739 1361 autem
1772 1307 1910 1361 solet
1958 1306 2043 1360 di-

467 1398 593 1452 vina
630 1396 913 1467 Scriptura
942 1414 1138 1454 vocare
1200 1398 1648 1467 promissionem,
1704 1413 1867 1468 quam
1917 1398 2043 1468 quis

468 1487 579 1542 Deo
603 1487 833 1552 dederit,
858 1489 1077 1557 quando
1115 1488 1325 1544 scilicet
1388 1489 1714 1559 resipiscere
1769 1490 2045 1559 vitamque

468 1594 624 1633 suam
678 1578 875 1633 divina:
911 1580 1269 1651 philosophiae
1324 1580 1602 1644 addicere,
1651 1579 1764 1635 sive
1795 1580 1956 1635 etiam
1978 1596 2044 1635 ex

466 1673 626 1727 bonis
654 1672 769 1727 suis
787 1672 1065 1744 quidpiam
1094 1686 1448 1736 consecrare,
1483 1672 1596 1726 sive
1634 1671 1781 1725 aliud
1813 1671 2044 1741 quodvis

468 1763 799 1833 promissum
851 1764 995 1825 vitae,
1040 1778 1161 1833 qua;
1218 1761 1520 1818 secundum
1569 1760 1737 1815 Deum
1772 1770 1874 1824 est,
1921 1777 2047 1816 con-

468 1863 791 1923 sentaneum
845 1870 909 1909 ac
960 1855 1188 1923 probum
1236 1853 1400 1909 edere
1438 1853 1808 1909 constituerit.
1863 1850 2043 1916 Quare
2077 1832 2117 1887 Β

467 1942 676 1998 dictum
704 1944 901 1998 alicubi
941 1944 1041 1997 fuit
1077 1961 1088 1995 :
1128 1962 1145 1995 ι
1191 1943 1247 1998 Si
1278 1955 1462 1999 votum
1498 1944 1715 2007 feceris,
1755 1958 1824 1997 ne
1861 1940 2044 1995 tardes

465 2035 693 2092 reddere
726 2052 738 2087 :
776 2038 971 2091 melius
1002 2037 1203 2107 quippe
1220 2044 1305 2092 est
1338 2054 1444 2092 non
1476 2052 1691 2100 vovere,
1727 2050 1890 2106 quam
1948 2049 2046 2087 vo-

465 2144 593 2184 vere
623 2137 677 2183 et
724 2145 833 2183 non
874 2128 1099 2184 reddere
1138 2130 1200 2183 ¹⁷.
1240 2148 1259 2181 ι
1314 2127 1479 2183 Decet
1533 2129 1699 2198 igitur
1749 2128 1805 2180 in
1852 2127 2044 2196 primis

463 2220 848 2276 universorum
896 2218 1155 2289 Opiﬁcem
1188 2226 1243 2274 et
1280 2218 1624 2277 Servatorem
1651 2219 1869 2289 hymnis
1899 2218 2043 2273 cele-

465 2309 667 2374 brare;
698 2309 895 2364 deinde
918 2323 1048 2362 vero
1078 2308 1279 2363 divinis
1318 2309 1469 2365 hisce
1519 2308 1772 2363 laudibus
1807 2323 2043 2363 consen-

464 2407 623 2454 tanea
649 2415 812 2471 opera
859 2402 1044 2467 edere,
1076 2403 1329 2471 bonaque
1381 2400 1653 2470 promissa
1704 2399 1854 2453 dare.
1888 2398 2046 2455 Post-

464 2507 628 2560 quam
655 2508 784 2547 vcro
815 2503 867 2547 et
898 2495 1156 2569 hymnum
1211 2502 1266 2549 et
1315 2500 1437 2547 vota
1468 2492 1572 2562 ipsi
1621 2490 2040 2555 reddiderimus,

464 2591 599 2637 tunc
655 2599 779 2637 cum
835 2600 897 2638 ea
928 2600 1049 2654 qum
1103 2599 1269 2661 penes
1301 2599 1401 2637 nos
1433 2592 1561 2637 sunt
1616 2581 2041 2651 impleverimus,

464 2675 693 2731 ﬁdenter
721 2692 976 2746 agemus;
1007 2678 1082 2731 ita
1104 2686 1161 2731 ut
1192 2676 1440 2735 dicamus
1474 2694 1586 2729 ;-‹
1600 2674 1807 2728 Exaudi
1838 2676 2043 2729 oratio-

464 2783 610 2822 nem.
652 2788 669 2819 ι
700 2768 798 2821 Hic
846 2784 1009 2838 porro
1070 2777 1325 2823 accurate
1369 2768 1674 2839 προσευχῆς
1720 2781 1830 2820 non
1882 2766 2043 2837 εὐχῆς

463 2860 697 2926 dictum;
731 2876 855 2915 nam
896 2862 1028 2931 εὐχή
1068 2860 1488 2931 promissionem
1532 2861 1801 2932 signiﬁcat
1825 2905 1839 2928 ,
1876 2877 2045 2931 προσ⁶

465 2952 598 3022 ευχή
652 2967 779 3006 vero
810 2953 1264 3021 supplicationem
1290 2967 1352 3005 ac
1380 2951 1843 3027 deprecationem,
1880 2965 2041 3019 quam

467 3042 705 3113 Spiritus
760 3053 987 3099 sanctus
1043 3060 1143 3115 pro
1187 3045 1345 3099 nobis
1401 3045 1615 3106 edebat,
1650 3051 2041 3114 congruentem

462 3136 904 3205 deprecationem
957 3136 1067 3192 Deo
1124 3137 1362 3193 oﬁ‘erens
1409 3152 1471 3191 ac
1513 3136 1744 3191 dicens:
1786 3154 1803 3185 ε
1828 3134 2039 3189 Exaudi

462 3228 837 3287 orationem.)
869 3230 1241 3296 Quorumnam
1301 3232 1606 3285 oralionem
1655 3228 2040 3285 exaudias‘Hd

461 3321 660 3378 deinde
692 3322 954 3385 declarat,
1018 3324 1260 3395 gentium
1324 3324 1666 3378 vocationem
1712 3322 2040 3386 vaticinans,

461 3412 591 3467 dum
612 3416 687 3468 ait
716 3431 728 3466 :
760 3433 779 3466 ι
817 3415 896 3469 Ad
920 3424 971 3470 te
998 3417 1177 3471 omnis
1202 3431 1334 3470 caro
1365 3416 1564 3471 veniet.
1597 3435 1615 3467 ι
1647 3413 1885 3490 Spiritus
1914 3430 2044 3470 vero

462 3513 687 3561 sanctus
718 3521 818 3582 pro
846 3507 993 3561 omni
1018 3523 1183 3562 carne
1234 3508 1581 3578 precabatur,
1614 3516 1673 3561 ut
1702 3508 1880 3565 omnis
1913 3524 2044 3563 caro

462 3605 749 3667 postquam
786 3598 852 3654 ad
890 3598 1057 3652 Deum
1086 3615 1353 3655 conversa
1411 3599 1597 3664 fuerit,
1641 3601 1930 3671 ipsumque
1959 3600 2044 3653 in:

459 3688 759 3751 vocaverit,
811 3690 1104 3759 propitium
1142 3691 1292 3745 illum
1350 3692 1614 3746 inveniat.
1676 3690 2039 3757 Quamobrem

462 3797 571 3833 non
630 3781 824 3840 dixit;
879 3781 1135 3836 «Exaudi
1191 3783 1499 3839 orationem
1561 3797 1772 3849 meam;
1805 3802 1823 3833 ι
1893 3784 1986 3837 sed
2026 3802 2055 3843 τ,

468 3892 486 3923 ι
520 3873 729 3928 Exaudi
758 3875 1085 3938 orationem,
1121 3875 1185 3929 ad
1215 3888 1266 3929 te
1308 3877 1489 3931 omnis
1519 3892 1647 3931 caro
1676 3877 1889 3943 veniet;
1932 3896 1949 3927 ι
1978 3891 2041 3929 ac

461 3967 507 4019 si
560 3967 763 4021 clarius
820 3968 1095 4027 dixisset:
1131 3967 1269 4033 Quia
1334 3967 1578 4022 futurum
1605 3977 1689 4024 est
1747 3976 1806 4023 ut
1861 3968 2041 4022 omnis

458 4073 610 4120 caro,
660 4066 715 4112 et
747 4068 921 4113 totum
952 4075 1125 4129 genus
1175 4060 1472 4113 humanum
1502 4075 1531 4112 a
1563 4060 1856 4113 multorum
1910 4060 2041 4114 deo-

460 4164 582 4201 rum
606 4164 793 4204 errore
828 4152 1066 4213 secedat,
1096 4158 1149 4203 et
1172 4152 1236 4203 ad
1285 4159 1336 4207 te
1400 4152 1576 4205 solum
1628 4167 1817 4216 verum
1870 4150 2039 4205 Deum

461 4249 836 4301 convertatur,
865 4241 1095 4311 hymnos
1124 4250 1285 4296 canat
1320 4242 1440 4306 tibi,
1488 4252 1613 4295 vota
1647 4242 1858 4307 reddat,
1915 4257 2040 4296 ora-

461 4332 641 4385 tiones
659 4342 709 4385 et
741 4334 1167 4407 Supplicationes
1193 4333 1458 4398 eﬁundat,
1507 4334 1704 4389 exaudi
1735 4335 2040 4390 orationem

460 4439 676 4481 COI‘llﬂ-‘l.

538 4511 702 4567 Vens.
734 4512 787 4566 ι.
829 4531 847 4563 ι
891 4512 1059 4567 Verba
1086 4514 1400 4584 iniquorum
1454 4516 1856 4587 prmvaluernnt
1878 4532 2041 4586 super
2073 4521 2116 4575 D

463 4621 587 4669 nos,
647 4613 701 4660 ct
763 4607 1136 4676 impietatibus
1196 4609 1401 4662 nostris
1450 4618 1507 4662 tu
1566 4609 2035 4679 propitiaberis.'i

458 4699 874 4767 Cousequenter
898 4698 1215 4763 admodum,
1241 4710 1530 4770 postquam
1586 4704 1653 4756 de
1693 4702 1844 4756 omni
1874 4717 2040 4758 carne

458 4791 696 4851 dixerat,
732 4790 847 4844 haec
904 4791 1109 4855 intulit,
1166 4808 1288 4862 qua:
1330 4797 1509 4849 omnis
1544 4795 1815 4864 prtedictze
1857 4795 2042 4851 carnis

461 4880 866 4934 confessionem
920 4882 1379 4950 complectuntur.
1432 4882 1618 4953 Itaque
1656 4891 1923 4954 quotquot
1974 4900 2039 4939 ex

460 4971 716 5024 munibus
754 4970 1030 5039 gentibus.
1081 4986 1199 5040 quae
1230 4972 1357 5025 olim
1391 4973 1640 5026 carnales
1673 4980 1850 5035 erant,
1889 4986 1918 5024 a
1951 4988 2042 5026 su-

457 5062 783 5131 perstitione
819 5061 1048 5131 gradum
1070 5072 1421 5126 revocarunt,
1446 5078 1471 5116 a
1494 5062 1701 5134 Spiritu
1730 5062 1917 5117 divino
1944 5066 2042 5117 do-

458 5162 655 5207 centur
688 5154 936 5207 conﬁteri
988 5156 1210 5222 quantis
1262 5156 1392 5209 olim
1430 5156 1501 5215 in,
1534 5156 1692 5210 malis
1733 5156 2041 5225 complicati

460 5240 687 5301 fuerint,
721 5252 883 5312 atque
920 5244 1172 5312 proprias
1225 5244 1555 5315 itupietates.
1588 5260 2039 5301 commemorare.

460 5331 642 5397 Quare
670 5334 775 5385 ait:
813 5352 831 5383 ι
866 5332 1040 5387 Verba
1073 5335 1383 5405 iniquorum
1433 5339 1834 5406 prmvaluerunt
1877 5353 2041 5407 snpcr

460 5438 584 5487 nos,
609 5424 1053 5494 etimpietatibus
1097 5429 1300 5483 nostris
1325 5437 1380 5481 tu
1423 5430 1830 5499 propitiaberis.
1863 5449 1881 5481 ι
1917 5428 2041 5484 llaec

460 5530 595 5569 sane
649 5516 808 5584 quasi
862 5533 927 5570 ex
981 5532 1213 5587 per50na
1261 5500 1457 5573 omnis.
1497 5530 1808 5574 memorata:
1857 5520 2040 5573 carnis

458 5604 619 5664 valde
649 5616 1047 5674 consequenter
1069 5608 1214 5663 dicta
1269 5611 1491 5667 fuerint.
1516 5611 1653 5678 Quia
1699 5625 1829 5666 vero
1865 5610 2039 5671 canti-

538 5782 578 5820 ⁸³
606 5780 781 5840 Eccle.
814 5800 863 5849 v,
893 5784 944 5847 5,
988 5788 1041 5839 4.

2147 578 2288 631 καὶὸ
2322 578 2457 647 ἡλίῳ
2492 578 2584 629 καὶ
2610 574 2804 646 σελήνῃ
2840 575 2932 626 καὶ
2982 574 3198 644 ἄστροις
3226 574 3319 624 καὶ
3358 575 3469 634 τοῖς
3517 571 3721 634 λοιποῖς

2144 667 2241 721 τοῦ
2294 668 2499 738 κόσμου
2552 667 2776 737 μέρεσιν
2835 665 2940 718 ὑπὸ
2974 664 3083 718 τῶν
3125 663 3299 717 ταῦτα
3334 662 3721 716 θεοποιούντων

2146 757 2425 827 ᾁδόμενος.
2470 758 2579 809 Kai
2606 758 2685 809 ἔτι
2715 756 2911 826 μᾶλλον
2942 755 3167 825 αἰσχίων
3198 754 3292 807 καὶ
3314 754 3722 825 ἀπρεπέστατος

2145 853 2173 903 ὁ
2229 852 2295 904 δι’
2355 850 2595 922 αἰσχρῶν
2640 850 2733 904 καὶ
2781 848 3093 903 ἀκολάστων
3126 847 3385 917 ᾀσμάτων
3435 849 3546 909 τοῖς
3593 844 3722 917 περὶ

2147 945 2284 997 θεῶν
2335 946 2617 1016 ἐρωτικοῖς
2646 944 2979 1012 διηγήμασιν
3027 939 3517 1009 ἀναπλαττόμενος.
3549 938 3721 1000 Μόνος

2145 1037 2190 1089 δ’
2219 1038 2427 1098 ἐκεῖνος
2474 1036 2673 1106 ὡραῖος
2700 1032 2913 1105 λεχθείη
2940 1030 3005 1084 ἂν
3054 1031 3146 1083 καὶ
3173 1028 3449 1100 εὐπρεπὴς
3478 1027 3665 1098 ὕμνος,
3693 1028 3721 1079 ὁ

2145 1128 2221 1198 τῷ
2242 1128 2388 1198 μόνῳ
2407 1128 2609 1199 Ποιητῇ
2632 1128 2723 1183 καὶ
2743 1122 3073 1195 Δημιουργῷ
3101 1122 3194 1175 καὶ
3218 1120 3434 1174 Βασιλεῖ
3457 1121 3563 1172 τῶν
3587 1119 3721 1172 ὅλων

2145 1217 2262 1287 Θεῷ
2321 1217 2796 1287 ἀναπεμπόμενος,
2848 1210 2891 1282 ᾧ
2935 1215 3029 1267 καὶ
3073 1213 3172 1276 τὰς
3204 1212 3368 1282 εὐχάς
3417 1211 3721 1263 ἀποδιδόναι

2146 1311 2433 1382 προσήκει,
2462 1310 2557 1361 καὶ
2582 1307 2739 1360 τοῦτο
2773 1310 2941 1363 ποιεῖν
2978 1306 3051 1376 μὴ
3094 1304 3249 1367 ἐκτὸς
3280 1304 3378 1373 τῆς
3402 1302 3719 1374 Ἐκκλησίας

2146 1401 2333 1455 αὑτοῦ.
2366 1401 2456 1453 Διὸ
2488 1399 2733 1453 λέλεκται
2771 1398 2911 1452 κατά
2941 1399 3065 1461 τοὺς
3105 1396 3531 1467 Ἑϐδομήκοντα·
3566 1413 3583 1445 ι
3616 1395 3719 1447 Καὶ

2149 1494 2233 1545 σοὶ
2280 1494 2670 1563 ἀποδοθήσεται
2721 1491 2852 1561 εὐχὴ
2891 1493 2949 1543 ἐν
3000 1491 3371 1561 Ἰερουσαλήμ.
3409 1510 3427 1541 ι
3464 1490 3640 1559 Εὑχὴν
3666 1489 3719 1541 δέ

2149 1586 2374 1657 σύνηθες
2412 1587 2476 1655 τῇ
2526 1584 2646 1655 θείᾳ
2686 1584 2876 1654 Γραφῇ
2924 1583 3106 1636 καλεῖν
3142 1582 3241 1653 τὴν
3271 1580 3623 1649 ἐπαγγελίαν,
3657 1580 3720 1649 ῆν

2146 1679 2209 1741 ἂν
2234 1678 2638 1746 ἐπαγγέλληταί
2672 1693 2754 1737 τις
2800 1675 2877 1745 τῷ
2909 1674 3047 1744 Θεῷ,
3078 1674 3195 1743 ἤτοι
3228 1689 3522 1742 σωφρονειν
3559 1673 3720 1737 ταξά-

2151 1785 2309 1838 μενος
2360 1769 2453 1821 καὶ
2486 1767 2574 1820 τὸν
2622 1764 2817 1819 ἐαυτοῦ
2851 1764 2963 1835 βίον
3005 1763 3279 1823 ἀναθεῖναι
3309 1765 3378 1832 τῇ
3415 1762 3557 1815 κατὰ
3591 1762 3723 1813 Θεὸν

2146 1860 2454 1929 ιριλοσοφίᾳ,
2500 1858 2533 1929 ἢ
2566 1858 2673 1910 τῶν
2717 1856 3011 1927 κτημάτων
3048 1854 3352 1925 ἀφιερῶσαί
3392 1872 3462 1916 τι,
3493 1855 3525 1925 ἢ
3560 1854 3709 1918 τάξα-

2148 1952 2271 2005 σθαὶ
2317 1969 2436 2003 τινα
2482 1950 2684 2020 σεμνὴν
2714 1948 3045 2017 ἐπαγγελίαν
3089 1946 3403 2016 πρέπουσαν
3584 1947 3721 1999 κατά

2144 2043 2276 2097 Θεὸν
2312 2044 2432 2114 βίῳ.
2458 2043 2548 2095 Διὸ
2576 2041 2824 2095 λέλεκταί
2862 2059 2996 2094 που·
3024 2060 3041 2091 ι
3089 2040 3211 2092 Ἐὰν
3256 2038 3386 2110 εὔξῃ
3420 2039 3602 2109 εὐχὴν,
3648 2040 3722 2110 μὴ

2146 2137 2400 2209 χρονίσῃς
2443 2134 2768 2188 ἀπώοιῖνςιι⁸
2802 2133 3007 2201 ἀγαθὸν
3048 2132 3107 2185 τὸ
3151 2133 3225 2203 μὴ
3273 2130 3547 2195 εὔξασθαι,
3589 2131 3623 2200 ἢ
3662 2130 3720 2183 τὸ

2146 2227 2404 2294 εὖξασθαι
2426 2229 2519 2280 καὶ
2543 2228 2616 2297 μὴ
2628 2226 2934 2280 ἀποδοῦναι.
2950 2244 2967 2276 ι
2992 2224 3198 2295 Πρέπει
3215 2222 3390 2275 τοίνυν
3411 2222 3601 2293 πρῶτα
3623 2222 3719 2291 μὲν

2145 2319 2381 2384 ἐπαξίως
2413 2321 2501 2371 τὸν
2519 2319 2625 2370 τῶν
2650 2317 2784 2370 ὅλων
2808 2315 3042 2386 Ποιητὴν
3058 2316 3152 2368 καὶ
3180 2315 3403 2385 Σωτῆρα
3429 2314 3683 2384 ἀνυμνεῖν
3702 2331 3714 2342 ·

2146 2410 2336 2463 ἔπειτα
2364 2410 2431 2463 δι’
2460 2409 2635 2479 ἔργων
2670 2407 2936 2461 ἀκόλουθα
2984 2407 3242 2478 πράττειν
3276 2408 3338 2473 τῇ
3388 2402 3632 2473 θεολογίᾳ
3664 2403 3722 2455 ἐν

2146 2502 2377 2571 ἀγαθαῖς
2428 2500 2803 2569 ἐπαγγελίαις.
2860 2499 3109 2552 Ἐπειδὰν
3162 2499 3216 2550 δέ
3271 2498 3365 2552 καὶ
3410 2497 3501 2549 τὸν
3554 2495 3723 2564 ὕμνον

2144 2596 2461 2667 πρεπόντως
2492 2596 2585 2649 καὶ
2606 2594 2703 2656 τὰς
2729 2592 2890 2663 εὐχὰς
2904 2590 3188 2660 ἀποδῶμεν
3216 2588 3384 2657 αὐτῷ,
3406 2586 3719 2657 τηνικαῦτα,

2144 2688 2218 2750 ὡς
2262 2686 2328 2740 ἂν
2383 2686 2449 2739 τά
2508 2685 2636 2756 παρ’
2674 2684 2879 2737 ἑαυτῶν
2929 2682 3368 2753 πεπληρωκότες,
3414 2678 3722 2753 παρρησίας

2147 2779 2478 2850 μεθέξομεν·
2515 2779 2653 2831 ὣστε
2682 2778 2857 2846 λέγειν
2878 2794 2891 2806 ⁸
2934 2797 2951 2827 ι
2982 2776 3314 2828 Εἰσάκουσον
3344 2772 3669 2848 προσευχῆς.
3696 2790 3715 2821 ι

2158 2870 2425 2944 Ἀκριόῶς
2482 2870 2526 2923 δ’
2582 2869 2815 2922 ἐνταῦθα
2867 2866 3210 2939 προσευχῆς,
3260 2863 3499 2916 ἀλλὀὐκ
3557 2860 3722 2931 εὐχῆς

2145 2964 2359 3035 εἴρηται
2380 2980 2393 2992 ·
2431 2964 2464 3033 ἡ
2496 2964 2592 3033 μὲν
2620 2961 2728 3033 γὰρ
2772 2960 3102 3027 ἐπαγγελίαν
3137 2956 3325 3026 ἐδήλου
3348 2973 3360 2985 ·
3396 2958 3427 3021 ἡ
3465 2955 3533 3015 δὲ,
3556 2968 3721 3024 προσ-

2144 3055 2277 3127 ευχὴ
2313 3055 2494 3126 δέησιν
2538 3055 2629 3109 καὶ
2680 3054 2988 3124 ἱκετηρίαν,
3018 3051 3082 3120 ἣν
3131 3050 3192 3102 τὸ
3225 3047 3448 3117 Πνεῦμα
3475 3046 3532 3098 τὸ
3569 3046 3722 3113 ἆγιον

2068 3166 2114 3226 C
2146 3150 2285 3221 ὑπὲρ
2317 3149 2476 3219 ἡμῶν
2529 3148 2801 3209 ἐποιεῖτο,
2847 3143 3158 3215 πρέπουσαν
3200 3138 3478 3210 ἱκετηρίαν
3521 3153 3722 3207 προσα-

2147 3242 2317 3311 γαγὸν
2345 3240 2422 3311 τῷ
2448 3239 2565 3310 Θεῷ
2600 3239 2692 3291 καὶ
2720 3237 2901 3304 λέγον·
2936 3253 2952 3284 ‹
2994 3232 3322 3285 Εἱσάκουσον
3352 3227 3723 3301 προσευχῆς.›

2146 3335 2319 3387 Τίνων
2350 3334 2405 3387 δέ
2440 3330 2748 3404 προσευχῆς
2799 3328 3155 3389 εἰσάκουσον;
3199 3322 3530 3395 Παρίστησιν
3572 3319 3717 3393 ὲξῆς.

2144 3426 2251 3479 τῶν
2286 3426 2452 3478 ἐθνῶν
2499 3424 2597 3493 τὴν
2636 3421 2827 3491 κλῆσιν
2878 3416 3162 3481 θεσπίζονο
3206 3416 3284 3469 διό
3318 3431 3449 3487 φησι
3476 3430 3487 3441 ·
3527 3432 3544 3463 ι
3581 3410 3723 3490 Πρὸς

2146 3516 2206 3567 σέ
2234 3517 2381 3567 πᾶσα
2409 3511 2547 3584 σὰρξ
2589 3511 2727 3581 ἥξει.
2770 3530 2786 3561 ι
2837 3507 3209 3579 ’Υπερηύχετο
3228 3506 3283 3559 δέ
3315 3506 3373 3557 τὸ
3416 3503 3636 3573 Πνεῦμα
3662 3502 3721 3553 τὸ

2145 3607 2299 3674 ἆγιον
2348 3606 2530 3674 πάσης
2575 3602 2775 3674 σαρκὸς
2803 3641 2818 3665 ,
2875 3600 2940 3652 ἵν’
2984 3597 3538 3667 ἐπειδὰνέπιστραφῇ
3576 3595 3724 3646 πᾶσα

2145 3697 2280 3769 σὰρξ
2310 3698 2442 3768 πρὸς
2468 3695 2559 3749 τὸν
2581 3695 2732 3756 Θεὸν,
2760 3695 2851 3746 καὶ
2866 3690 3189 3758 ἐπικαλῆται
3217 3688 3397 3752 αὑτὸν,
3430 3686 3579 3756 τύχοι
3626 3686 3727 3743 αὑ,-

2142 3789 2235 3842 τοῦ
2278 3787 2535 3858 ἐπηκόου.
2573 3786 2662 3839 Διὸ
2712 3785 2812 3838 οὐκ
2839 3778 3019 3835 εἶπεν
3058 3800 3078 3830 ι
3116 3779 3444 3832 Είσάκουσον
3472 3777 3567 3847 τῆς
3585 3776 3723 3846 ἐμῆς

2144 3880 2469 3953 προσευχῆς·
2509 3900 2526 3930 ι
2552 3879 2663 3931 ἀλλ’
2688 3897 2701 3909 ·
2733 3896 2750 3927 ι
2786 3875 3114 3935 Εἰσάκουσον
3141 3870 3470 3943 προσευχῆς,
3500 3870 3635 3940 πρὸς
3662 3868 3724 3929 σὲ.

2143 3975 2293 4033 πᾶσα
2325 3972 2461 4044 σὰρξ
2486 3971 2606 4041 ἥξει
2627 3987 2639 3999 ·
2674 3989 2691 4022 ι
2727 3968 2861 4020 ὼσεὶ
2898 3966 3227 4036 σαφέστερον
3251 3962 3433 4030 ἔλεγεν
3454 3978 3466 3991 ο
3506 3958 3722 4029 Ἐπειδὴ

2146 4065 2328 4137 μέλλει
2355 4067 2503 4117 πᾶσα
2539 4062 2673 4134 σὰρξ
2719 4062 2814 4115 καὶ
2854 4060 2960 4111 πᾶν
2991 4057 3147 4127 γένος
3182 4053 3482 4127 ἀνθρώπων
3507 4054 3723 4122 ἀναχωη

2146 4160 2257 4226 ρεῖν
2286 4157 2382 4226 μέν
2413 4156 2510 4225 τῆς
2538 4152 2799 4207 πολυθέου
2834 4151 3062 4222 πλάνης,
3090 4146 3433 4217 ἐπιστρέφειν
3456 4144 3511 4197 δὲ
3543 4144 3633 4195 ἐπὶ
3664 4143 3733 4208 σέ,

2142 4224 2232 4299 τὸν
2269 4224 2428 4317 μόνον
2468 4224 2725 4315 ἀληθινὸν
2767 4243 2921 4307 Θεὸν,
2959 4241 3160 4312 ὕμνους
3185 4239 3243 4291 τέ
3268 4255 3347 4291 σοι
3378 4236 3721 4307 ἀναπέμπειν

2143 4338 2237 4391 καὶ
2280 4335 2444 4407 εὐχάς
2491 4334 2814 4395 ἀποδιδόναι,
2875 4331 3269 4405 προσευχάςξτε
3313 4330 3407 4382 καὶ
3440 4325 3732 4399 ἱκετηρίας,

2145 4426 2434 4485 ποιεῖσθαι,
2462 4426 2777 4479 εἰσάκουσον
2808 4422 2905 4492 τῆς
2944 4422 3121 4474 αὐτῶν
3147 4419 3472 4491 προσευχῆς.

2221 4537 2240 4568 ι
2279 4517 2437 4586 Λόγοι
2482 4516 2699 4586 ἀνόμων
2738 4514 3230 4587 ὑπερεδυνάμωσαν
3267 4513 3432 4582 ἡμᾶς,
3464 4510 3557 4562 καὶ
3601 4511 3733 4583 ταῖς.

2145 4608 2421 4672 ἀσεϐείαις
2453 4608 2611 4679 ἡμῶν
2638 4609 2699 4660 σὺ
2733 4608 2911 4680 ἱλάσῃ.
2951 4628 2968 4657 ι
3006 4605 3214 4675 Σφόδρα
3246 4602 3549 4664 ἀκολούθως
3586 4600 3721 4671 μετά

2143 4699 2212 4752 τὰ
2273 4700 2401 4770 περὶ
2443 4698 2623 4768 πάσης
2652 4698 2855 4770 σαρκὸς
2905 4695 3222 4766 λελεγμένα,
3272 4694 3623 4763 ἐπενήνεκται
3652 4690 3736 4756 ei

2148 4791 2487 4862 προκείμενα
2521 4790 2619 4859 τῆς
2658 4787 3054 4860 ὠνομασμένης
3082 4786 3261 4856 πάσης
3304 4785 3503 4855 σαρκὸς
3534 4783 3741 4853 ἐξομοι,

2145 4884 2369 4953 λόγησιν
2403 4883 2742 4955 περιέχοντα.
2785 4883 2848 4934 Οἱ
2874 4881 3002 4950 γοῦν
3032 4879 3092 4944 ἐξ
3136 4880 3387 4932 ἀπάντων
3419 4877 3527 4930 τῶν
3554 4876 3735 4937 ἐθνῶν,

2143 4972 2252 5025 τῶν
2279 4972 2444 5025 πάλαι
2507 4972 2774 5041 σαρκίνων
2814 4972 2910 5040 τῆς
2958 4969 3344 5039 δεισιδαίμονος
3372 4968 3577 5039 πλάνης
3604 4970 3735 5031 ἐπιέΔ

2147 5062 2475 5133 στρέψαντες
2538 5064 2876 5119 διδάσκονται
2919 5062 3024 5114 ὑπὸ
3072 5061 3166 5113 τοῦ
3212 5060 3355 5113 θείου
3411 5059 3735 5134 Πνεύματος.

2143 5154 2423 5225 ὁμολογεῖν
2469 5158 2525 5206 ἐν
2573 5156 2778 5217 ὁποίοις
2827 5154 2954 5207 ποτέ
2993 5155 3179 5215 κακοῖς
3210 5153 3488 5221 γεγόνασι,
3519 5151 3624 5204 τῶν
3665 5167 3737 5215 τε,

2143 5248 2360 5299 οἰκείων
2400 5247 2763 5317 ἀσεϐημάτων
2799 5247 3173 5318 μνημονεύειν.
3206 5246 3296 5297 Διό
3330 5261 3495 5315 φησι·
3517 5264 3533 5293 ι
3560 5243 3721 5310 Λόγοι

2144 5338 2362 5409 ἀνόμων
2420 5338 2917 5409 ὑπερεδυνάμωσαν
2947 5339 3114 5407 ἡμᾶς,
3162 5337 3255 5389 καὶ
3282 5339 3403 5398 ταῖς
3448 5334 3723 5396 ἀσεϐείαις

2143 5430 2300 5500 ἡμῶν
2329 5432 2392 5483 σὺ
2426 5429 2602 5500 ἱλάσῃ.
2636 5450 2653 5479 ›
2685 5431 2867 5483 Ταῦτα
2904 5431 3001 5503 μέν
3026 5425 3117 5482 οὖν
3139 5429 3403 5498 λεγόμενα
3425 5428 3488 5479 ἐκ
3511 5424 3725 5496 προσώ-

2145 5539 2247 5573 που
2272 5522 2368 5591 τῆς
2408 5521 2765 5591 ἀποδοθείσης
2820 5523 2997 5591 πάσης
3034 5521 3233 5591 σαρκὸς
3273 5518 3471 5588 πολλὴν
3506 5517 3569 5570 ἂν
3613 5516 3723 5586 ἔχοι

2143 5612 2481 5666 ἀκολουθίαν.
2501 5613 2649 5666 Ἑπεὶ
2671 5612 2725 5666 δὲ
2749 5632 2767 5665 ι
2794 5614 2886 5666 τοῦ
2916 5611 3100 5665 Δαυῖδι
3131 5612 3526 5683 ἐπιγέγραπται
3553 5611 3583 5662 ὖ
3615 5608 3739 5687 ᾠδὴν
