4142 6388
432 397 539 454 629

1571 394 2073 450 CORMENTARIA
2112 395 2177 449 IN
2218 394 2553 451 PSALMOS.

3586 395 3692 450 630

433 506 527 560 τοῦ
560 506 794 578 ψαλμοῦ,
824 506 1104 578 ζητήσειεν
1123 508 1187 565 ἀν
1216 524 1319 571 τις,
1359 508 1486 561 πότε
1521 508 1609 562 τὸν
1643 508 1805 564 Δαυῒδ
1838 509 2017 580 ἢτοὺς

2126 523 2242 561 cum
2271 509 2485 578 psalmi,
2520 527 2537 558 ι
2581 506 2797 561 Davidis
2834 525 2851 551 ι
2880 504 3198 575 inscriptum
3223 514 3340 571 est;
3387 516 3692 574 opportune

437 598 533 652 σὺν
593 598 740 669 αὐτῷ
784 599 929 669 λόγοι
974 600 1190 671 ἀνόμων
1244 600 1771 671 ὑπερεδυνάμωσαν·
1810 600 2013 671 ἦκατά

434 690 525 742 τὸν
574 688 885 760 Σύμμαχον,
927 708 945 740 ι
980 689 1507 743 κατεδυνάστευσαν·
1543 710 1559 741 ι
1606 692 1763 754 ποίας
1800 691 1857 743 δὲ
1918 692 2012 745 καὶ

433 782 687 845 ἀσεϐείας
718 784 985 854 ἐκτήσατο
1004 784 1031 835 6
1056 783 1306 846 τοσοῦτος
1338 782 1429 836 τοῦ
1461 782 1594 835 Θεοῦ
1615 784 1899 855 προφήτης
1918 784 2014 836 καὶ

434 876 482 929 oi
515 876 610 928 σὺν
627 876 794 946 αὐτῷ,
819 877 1069 948 ἐπείπερ,
1092 895 1109 927 t
1131 876 1229 939 τὰς
1257 876 1506 939 ἀσεϐείας
1526 876 1681 947 ήμῶν
1712 878 1774 931 σὺ
1797 877 1973 947 ἱλάσῃ,
1990 897 2007 927 ι

436 968 617 1038 φησίν.
650 966 809 1021 Ἀλλά
857 968 987 1039 γὰρ,
1038 968 1113 1030 ώς
1177 966 1616 1039 ἀποδεδώκαμεν,
1663 969 2013 1040 προφητικῶς

434 1058 494 1111 τὸ
523 1058 746 1129 Πνεῦμα
778 1060 838 1112 τὸ
867 1059 1042 1135 ἂγιον,
1078 1059 1179 1129 τῆς
1206 1058 1316 1112 τῶν
1346 1059 1515 1114 ἐθνῶν
1538 1060 1778 1132 κλήσεως
1809 1078 2014 1132 μνημο-

433 1150 651 1214 νεῦσαν,
712 1152 806 1205 καὶ
856 1152 1055 1222 φῆσαν’
1099 1172 1116 1203 ι
1154 1152 1297 1225 Πρὸς
1334 1153 1391 1206 σὲ
1436 1156 1585 1208 πᾶσα
1628 1154 1764 1225 σὰρξ
1794 1154 1945 1224 ἥξει,
1991 1175 2009 1207 ι

437 1244 745 1307 ἀκολούθως
794 1246 893 1315 τὴν
944 1244 1330 1315 ἐξομολόγησιν
1372 1245 1551 1299 αὐτῶν
1596 1245 1905 1317 διαγράφει,
1956 1246 2016 1310 ἐξ

436 1336 615 1389 αὐτῶν
660 1334 952 1405 προσώπου
1021 1335 1257 1404 φάσκον
1313 1353 1330 1387 ι
1380 1335 1543 1403 Λόγοι
1587 1335 1802 1405 ἀνόμων
1849 1337 2016 1408 ὑπερ-

436 1427 789 1498 εδυνάμωσαν
817 1427 982 1497 ἡμᾶς,
1022 1445 1040 1478 ι
1072 1426 1319 1478 τουτέστι
1361 1427 1643 1498 κρείττους
1673 1427 1829 1497 ήμῶν
1860 1428 2017 1496 γεγό-

437 1536 559 1571 νασι
592 1518 685 1570 καὶ
716 1515 1072 1588 δυνατώτεροι
1117 1518 1271 1590 ήμῶν
1320 1520 1370 1571 οἱ
1420 1518 1529 1570 τῶν
1574 1519 1791 1589 ἀνόμων
1844 1518 2012 1587 λόγοι.

444 1608 665 1678 Ἀνομοι
696 1606 754 1660 δὲ
784 1606 983 1669 πάντες
1006 1602 1144 1676 ἦσαν
1185 1607 1232 1658 οἱ
1260 1606 1466 1676 πρῶτοι
1497 1607 1896 1679 συστησάμενοι
1920 1609 2021 1681 τήν

438 1700 543 1754 τῶν
571 1698 801 1752 εἱδώλων
835 1698 1110 1751 θεοποιίαν
1132 1716 1144 1728 ·
1186 1698 1336 1768 λόγοι
1364 1717 1424 1752 τε
1464 1700 1642 1754 αὐτῶν
1671 1703 1719 1754 οί
1747 1701 1835 1754 διὰ
1858 1719 2016 1772 ποιη-

433 1790 542 1843 τῶν
560 1790 653 1844 καὶ
685 1789 793 1843 τῶν
827 1789 1004 1857 σοφῶν
1029 1788 1121 1842 τοῦ
1153 1790 1348 1854 αἰῶνος
1367 1791 1554 1845 τούτου
1582 1792 1710 1863 περὶ
1734 1794 1831 1864 τῆς
1858 1792 2017 1846 πολυ-

2118 610 2393 670 quaeratur
2418 600 2763 670 quandonam
2787 600 2838 652 in
2869 598 3121 653 Davrdem
3143 607 3235 651 aut
3262 612 3391 652 suos
3412 598 3574 652 verba
3591 599 3695 651 ini-

2120 710 2350 764 quorum
2371 696 2800 764 prazvaluerunt;
2827 693 2941 749 sive
2960 691 3258 747 secundum
3284 690 3691 762 Symmachum,

2127 802 2144 834 ι
2176 782 2435 837 dominati
2469 792 2596 838 sunt
2631 798 2643 832 :
2693 803 2710 835 ι
2746 782 2903 851 queis
2961 796 3093 836 vero
3143 782 3521 851 impietatibus
3566 798 3691 837 cum

2121 882 2306 930 tantus
2359 875 2449 929 ille
2503 873 2597 929 Dei
2653 876 2938 945 propheta,
3000 882 3115 927 tum
3154 875 3289 929 socii
3316 875 3437 945 ejus
3482 876 3690 930 addicti

2122 965 2344 1029 fuerint,
2372 966 2639 1037 siquidem
2668 966 2767 1030 ait,
2799 985 2816 1017 ι
2856 966 3223 1035 impietatibus
3254 970 3456 1022 nostris
3486 976 3542 1022 tu
3564 983 3691 1037 pro-

2127 1056 2428 1127 pitiaberis.
2475 1076 2493 1108 »
2530 1054 2753 1118 Verum,
2784 1056 2861 1110 uti
2891 1056 3001 1124 jam
3032 1055 3373 1120 tradidimus,
3407 1074 3530 1112 cum
3567 1058 3691 1127 Spi-

2123 1151 2263 1204 ritus
2295 1157 2521 1204 sanctus
2551 1147 2793 1218 gentium
2825 1149 3169 1202 vocationem
3195 1149 3508 1219 prophetice
3536 1165 3692 1217 com-

2122 1249 2383 1296 memoret
2414 1255 2477 1293 ac
2520 1240 2707 1293 dicat:
2745 1258 2764 1289 ι
2798 1238 2877 1291 Ad
2909 1247 2963 1294 te
3020 1239 3199 1295 omnis
3241 1255 3372 1294 caro
3431 1240 3645 1304 veniet,
3668 1258 3687 1291 ι

2122 1346 2309 1386 earum
2341 1328 2743 1384 confessionem
2786 1327 3490 1397 consequenterdescribit,
3526 1342 3590 1381 ac
3625 1341 3693 1382 ex

2122 1434 2562 1489 earumpersona
2580 1419 2751 1473 dicit:
2785 1438 2802 1470 ι
2850 1416 3352 1488 Verbainiquorun:
3390 1418 3691 1487 praevaluis-

2124 1521 2253 1567 runt
2299 1526 2612 1582 supernos,
2662 1530 2680 1562 ι
2716 1511 2766 1565 id
2794 1518 2898 1575 est,
2955 1510 3141 1564 verba
3175 1509 3486 1579 iniquorum
3532 1524 3693 1579 supe-

2125 1604 2272 1657 riora
2307 1618 2369 1657 ac
2404 1602 2712 1672 potentiora
2775 1602 2980 1657 nostris
3028 1600 3267 1656 fuerunt.
3309 1600 3487 1670 Iniqui
3514 1607 3692 1653 autem

2127 1696 2297 1762 fuere,
2338 1695 2430 1764 qui
2468 1694 2625 1764 primi
2680 1694 2825 1748 idola
2893 1694 3033 1746 inter
3081 1692 3211 1747 deos
3262 1698 3689 1761 compularunt:

2125 1789 2289 1843 verba
2319 1802 2482 1856 porro
2516 1802 2701 1841 eorum
2728 1794 2877 1851 sunt,
2915 1801 3036 1855 qua:
3063 1803 3088 1835 ιι
3125 1784 3297 1854 poetis
3330 1792 3383 1838 et
3428 1783 3689 1853 sapienti-

436 1881 559 1934 θέου
593 1882 803 1952 πλάνης
837 1884 894 1935 ἐν
925 1883 1323 1954 συγγράμμασι
1346 1882 1831 1955 καταϐεϐλημένοι.
1881 1886 2018 1938 Ἀλλ’

2126 1882 2225 1935 bus
2254 1879 2416 1949 hujus
2477 1879 2661 1933 szeculi
2717 1879 2784 1931 de
2831 1878 3123 1930 multorum
3176 1875 3460 1929 numinum
3508 1890 3694 1930 errore

431 1967 579 2027 οῦτοι
642 1974 740 2043 μὲν
794 1993 811 2025 ι
877 1974 1379 2028 κατεδυνάστευσαν
1433 1974 1624 2045 ήμῶν,
1679 1996 1697 2025 ι
1735 1975 1874 2029 κατά
1927 1977 2019 2032 τὸν

437 2063 762 2136 Σύμμαχον·
821 2066 884 2118 σὺ
948 2066 994 2119 δ’
1045 2066 1144 2137 οὐχ
1193 2066 1477 2137 ὑπερεῖδες
1534 2068 1703 2137 ἡμᾶς,
1735 2068 2013 2121 Δέσποτα·

438 2154 606 2209 ἱλάσω
635 2155 690 2208 δὲ
726 2155 822 2219 τὰς
866 2155 1122 2219 ἀσεϐείας
1167 2155 1344 2227 ήμῶν,
1382 2157 1746 2228 καταπέμψας
1774 2160 1905 2230 ἡμῖν
1929 2158 2018 2211 τὸν

436 2247 684 2316 ἱλασμὸν,
718 2247 785 2300 δι’
814 2240 875 2299 οῦ
906 2247 1174 2311 κατέστης
1206 2250 1338 2317 ἡμῖν
1380 2248 1559 2312 ἵλεως,
1595 2249 1835 2320 ὑπερϐὰς
1865 2251 2018 2321 ἡμῶν

434 2340 533 2401 τὰς
569 2337 845 2402 ἀσεϐείας.
867 2337 962 2401 Τίς
984 2337 1039 2389 δέ
1064 2340 1211 2390 ἐστιν
1238 2340 1267 2390 ό
1301 2337 1547 2408 ἱλασμὸς,
1577 2339 1813 2393 διδάσκει
1847 2339 2018 2409 λέγων

434 2432 464 2484 6
495 2429 813 2492 Ἀπόστολος
842 2429 967 2500 περὶ
988 2429 1079 2481 τοῦ
1098 2428 1346 2500 Σωτῆρος
1368 2448 1379 2460 ·
1408 2449 1425 2480 ‹
1445 2432 1538 2484 Ὀν
1566 2433 1821 2502 προέθετο
1841 2436 1867 2486 6
1889 2434 2019 2499 Θεὸς

436 2522 749 2594 ἱλαστήριον
805 2522 893 2575 διὰ
951 2522 1187 2585 πίστεως
1221 2524 1278 2575 ἐν
1311 2522 1389 2592 τῷ
1417 2522 1578 2576 αὐτοῦ
1626 2525 1847 2595 αἴματι’
1884 2546 1901 2578 ι
1928 2528 2021 2581 καὶ

438 2614 630 2668 πάλινο
674 2632 691 2664 ι
733 2612 902 2676 Αὐτὸς
950 2613 1171 2684 ἱλασμός
1223 2616 1369 2666 ἐστιν
1401 2615 1540 2685 ὑπὲρ
1588 2615 1694 2669 τῶν
1735 2617 2019 2689 ἁμαρτιῶν

434 2704 594 2776 ήμῶν
619 2722 631 2735 ·
662 2705 761 2775 οὐχ
799 2704 935 2774 ὑπὲρ
966 2704 1075 2756 τῶν
1124 2704 1405 2776 ἡμετέρων
1440 2704 1495 2758 δὲ
1530 2706 1709 2775 μόνον,
1760 2708 1892 2761 ἀλλά
1931 2710 2020 2762 καὶ

436 2797 579 2867 ὑπὲρ
605 2796 726 2851 ὅλου
762 2794 855 2848 τοῦ
885 2796 1109 2866 κόσμου.
1146 2816 1163 2847 ι

517 3013 535 3046 ι
583 2993 868 3065 Μακάριος
904 2992 962 3046 ὃν
990 2992 1215 3057 ἐξελέξω
1252 2995 1343 3047 καὶ
1375 2994 1732 3072 προσελάϐου,
1766 2998 2021 3068 κατοική-

439 3104 522 3140 σει
564 3088 620 3139 ἐν
654 3088 773 3147 ταῖς
813 3086 1003 3149 αὐλαῖς
1044 3103 1156 3138 σου.
1189 3105 1204 3135 ι
1254 3087 1317 3138 Οἱ
1344 3084 1403 3149 ἐξ
1432 3087 1688 3140 ἁπάντων
1714 3088 1820 3141 τῶν
1854 3090 2020 3144 ἐθνῶν

439 3177 901 3250 ἐπιστρέψαντες,
945 3177 1043 3241 τὰς
1075 3177 1283 3230 ἑαυτῶν
1328 3178 1582 3243 ἀσεϐείας
1626 3180 2022 3254 ἐξομολογησά-

438 3288 616 3341 μενοι,
654 3273 747 3324 καὶ
775 3272 850 3335 ὡς
880 3270 1294 3342 κατηξιώθησαν
1325 3271 1416 3324 τοῦ
1459 3272 1707 3345 ἱλασμοῦ,
1745 3277 2023 3348 προκοπὴν

440 3363 853 3427 ἐπιδείκνυνται,
902 3364 993 3417 καὶ
1036 3363 1215 3434 ψυχῆς
1256 3363 1525 3433 ὠφέλειαν
1569 3366 1789 3439 πολλὴν,
1826 3369 2024 3436 γνῶσιν

432 3455 787 3527 ἀνειληφέναι
826 3457 1167 3520 διδάσκοντες
1204 3458 1296 3511 τοῦ
1328 3459 1542 3529 άληθῶς
1578 3462 1868 3532 μακαρίου.
1919 3464 2025 3517 Πά-

440 3547 531 3600 λαι
576 3550 674 3619 μὲν
712 3550 819 3620 γὰρ
857 3549 948 3602 τὸν
991 3550 1184 3621 θνητὸν
1235 3551 1348 3621 βίον
1404 3553 1497 3605 καὶ
1543 3553 1641 3623 τὴν
1696 3554 2026 3626 πρόσκαιρον

444 3638 589 3709 ζωὴν
636 3641 802 3711 μόνην
832 3640 1047 3705 εἰδότες,
1104 3642 1321 3707 πάντως
1373 3662 1474 3697 που
1527 3644 1862 3716 ἐμακάριζον
1902 3648 2027 3710 τοὺς

440 3731 645 3802 ταύτης
696 3732 1087 3796 ἀπολαύοντας,
1130 3734 1282 3798 τέλος
1327 3735 1521 3807 ἡδονήν
1561 3736 1889 3808 ὁριζόμενοι,
1934 3740 2028 3791 καὶ

440 3821 738 3887 πλούτους,
793 3824 885 3877 καὶ
930 3824 1029 3895 τὴν
1068 3825 1125 3876 ἐν
1179 3824 1391 3896 σώματι
1434 3828 1674 3898 τρυφήν’
1727 3828 1821 3881 νῦν
1860 3829 1903 3882 δ’
1940 3829 2026 3881 ὅτε

441 3914 775 3983 τετυχήκασι
815 3913 907 3966 τοῦ
958 3914 1208 3984 ἱλασμοῦ,
1256 3916 1350 3968 καὶ
1395 3915 1493 3979 τάς
1528 3916 1736 3972 ἐαυτῶν
1774 3918 2027 3981 ἀσεϐείας

443 4004 894 4077 ἀπεκαθήραντο,
943 4006 1144 4075 γνῶσιν
1189 4007 1513 4078 ἀνειλήφασι
1553 4008 1646 4061 τοῦ
1678 4008 1892 4079 ἀληθῶς
1930 4027 2029 4080 μα-

442 4096 633 4168 καρίου
656 4114 667 4125 ·
714 4098 805 4150 καὶ
831 4098 1017 4152 τοῦτον
1044 4095 1183 4153 εἶναί
1223 4116 1355 4168 φασι
1386 4100 1477 4153 τὸν
1508 4099 1614 4153 ὑπὸ
1649 4100 1783 4153 Θεοῦ
1812 4100 2028 4169 ἐκλεγό-

444 4205 605 4259 μενον
636 4188 845 4258 καὶτῆς
880 4189 971 4241 ὑπ’
1005 4189 1167 4242 αὐτοῦ
1200 4189 1558 4261 προσλήψεως
1588 4190 2023 4261 κατηξιωμένον’

441 4277 524 4331 διό
563 4296 723 4348 φασν
778 4280 983 4343 Πάντες
1025 4282 1187 4351 ήμεῖς
1219 4282 1318 4351 τῆς
1362 4281 1605 4352 κλήσεως
1647 4282 2027 4352 κατηξιώμεθα

442 4374 494 4427 οἱ
542 4374 706 4427 πάλαι
756 4374 907 4437 ὄντες
966 4375 1129 4446 σάρξ·
1181 4375 1294 4429 ἀλλ’
1354 4377 1529 4447 ἴσμεν,
1582 4377 1663 4429 ὅτι
1706 4378 1888 4431 πολλοὶ
1930 4378 2029 4449 μὲν

443 4464 677 4536 κλητοὶ,
724 4467 893 4535 ὀλίγοι
944 4468 999 4521 δὲ
1051 4469 1314 4523 ἐκλεκτοί.
1389 4469 1628 4534 Εἰκότως
1689 4468 1780 4524 οὖν
1834 4471 1909 4535 ώς
1963 4470 2027 4524 ἂν

2122 1973 2341 2041 scriptis
2364 1972 2689 2040 consignata
2712 1979 2859 2024 sunt.
2894 1968 2999 2023 Sed
3036 1969 3071 2021 ii
3120 1966 3335 2037 quidem
3381 1984 3399 2016 ι
3429 1966 3691 2022 dominati

2122 2070 2251 2119 sunt
2280 2063 2479 2125 nobis,.
2508 2082 2526 2112 ι
2557 2062 2854 2116 secundum
2893 2060 3313 2132 Symmachum;
3353 2068 3409 2113 tu
3436 2075 3564 2115 vero
3588 2076 3694 2114 non

2121 2155 2417 2226 despexisti
2449 2170 2568 2217 nos,
2607 2153 2857 2217 Domine,
2893 2153 2985 2207 sed
3020 2154 3346 2222 propitiatus
3400 2152 3696 2221 impietati-

2122 2248 2224 2302 bus
2255 2247 2483 2309 nostris,
2520 2246 2719 2300 misisti
2747 2245 3189 2315 propitiationem
3228 2244 3407 2308 nobis,
3439 2260 3545 2315 qua
3595 2245 3695 2298 im-

2123 2340 2354 2410 pietates
2410 2348 2835 2409 przctergttcssus
2890 2347 3125 2399 nostras,
3180 2337 3423 2407 placatus
3450 2337 3692 2391 evasisti.

2123 2432 2254 2498 Quze
2272 2447 2434 2501 porro
2464 2431 2535 2484 sit
2570 2431 2673 2484 illa.
2716 2428 3049 2500 pr0pitiatio,
3110 2428 3269 2481 docet
3308 2428 3599 2497 Apostolus
3631 2428 3697 2482 de

2126 2524 2417 2579 Servatore
2475 2526 2698 2578 dicens:
2741 2543 2758 2574 ι
2799 2522 2969 2589 Quem
3010 2521 3293 2591 proposuit
3340 2520 3483 2575 Deus
3518 2520 3697 2589 propi-

2126 2620 2404 2674 tiationem
2437 2635 2532 2689 per
2561 2618 2720 2672 fidem
2752 2616 2804 2669 in
2832 2617 3093 2684 sanguine
3116 2613 3287 2683 ipsius
3317 2612 3388 2677 ¹⁸;
3434 2630 3451 2663 ι
3486 2626 3546 2665 ac
3574 2626 3695 2665 rur-

2124 2728 2243 2768 sum
2273 2731 2285 2766 :
2328 2730 2344 2762 ι
2380 2711 2495 2782 Ipse
2532 2708 2845 2781 propitiatio
2871 2711 2971 2762 ‘est
3006 2722 3102 2776 pro
3159 2704 3395 2774 peccatis
3443 2704 3647 2759 nostris
3681 2721 3693 2754 :

2124 2821 2232 2859 non
2284 2820 2381 2875 pro
2443 2804 2647 2859 nostris
2698 2810 2875 2858 autem
2930 2810 3163 2865 tantum,
3233 2800 3325 2855 sed
3376 2814 3475 2870 pro
3531 2799 3699 2854 totius

2125 2897 2313 2951 mundi
2350 2898 2409 2948 ¹⁹.
2448 2916 2465 2948 ι

2198 3009 2362 3066 Vitas.
2402 3012 2519 3066 5-9.
2576 3009 2824 3067 iBeatus
2859 3024 3021 3080 quem
3062 3008 3270 3080 elegisti
3318 3018 3371 3063 et
3401 3006 3701 3077 assumpsi-

2126 3105 2217 3167 sti,
2270 3104 2598 3159 inhabitabit
2644 3105 2698 3157 in
2749 3103 2904 3158 atriis
2949 3104 3078 3158 tuis.
3122 3122 3138 3153 ι
3197 3101 3299 3167 Qui
3335 3117 3402 3157 ex
3446 3100 3699 3155 omnibus

2050 3222 2090 3276 ρ
2120 3199 2384 3278 gentibus
2410 3198 2661 3253 conversi
2686 3207 2835 3259 sunt,
2863 3195 3173 3265 impietates
3193 3192 3432 3248 confessi
3466 3208 3616 3254 suas,
3640 3200 3702 3245 ut

2129 3287 2522 3359 pr0pitiatione
2556 3285 2785 3355 dignati,
2819 3283 3123 3354 profectum
3165 3281 3465 3349 animmque
3496 3278 3703 3332 utilita-

2126 3388 2234 3436 tem
2280 3381 2535 3440 multam,
2580 3378 2728 3433 illius
2759 3378 3005 3445 quivere
3047 3374 3242 3428 beatus
3281 3381 3361 3427 est
3394 3372 3584 3426 notitia
3618 3369 3702 3424 in-

2128 3470 2346 3532 structi,
2403 3468 2689 3523 exhibent.
2754 3463 2896 3520 Olim
2945 3480 3181 3533 namque
3235 3478 3359 3518 cum
3415 3463 3700 3517 mortalem

2129 3571 2342 3617 tantum
2398 3574 2453 3616 et
2507 3568 2913 3627 temporaneam
2970 3558 3134 3611 vitam
3197 3565 3443 3619 nossent,
3493 3553 3585 3622 qui
3640 3568 3705 3607 ea

2131 3654 2444 3709 fruerentur
2499 3651 2687 3705 beatos
2734 3647 2960 3702 omnino
3015 3645 3407 3717 praadicabant,
3462 3643 3705 3712 volupta-

2131 3756 2259 3809 tem,
2293 3744 2538 3807 divitias,
2573 3741 2822 3810 corporis
2853 3738 3077 3793 delicias
3102 3752 3202 3807 pro
3232 3735 3337 3790 fine
3364 3734 3707 3789 constituen-

2130 3847 2232 3893 tes.
2282 3837 2441 3891 Nunc
2472 3851 2602 3890 vero
2632 3832 3076 3903 pr0pitiationem
3118 3829 3287 3892 nacti,
3336 3826 3706 3895 depositisque

2131 3929 2429 3999 impietatis
2466 3926 2748 3990 sordibus,
2799 3923 2952 3977 illius
2988 3921 3082 3991 qui
3114 3937 3241 3975 vere
3272 3920 3465 3973 beatus
3502 3925 3588 3972 est
3619 3930 3709 3971 ce-

2129 4021 2428 4091 gnitionem
2462 4018 2647 4089 adepti
2679 4023 2841 4079 sunt,
2867 4015 3123 4083 huncque
3147 4027 3271 4067 esse
3302 4011 3513 4071 dicunt,
3544 4020 3705 4079 quem

2132 4113 2276 4167 Deus
2296 4126 2579 4167 assumere
2600 4118 2654 4163 et
2678 4106 3161 4178 eligeretdignatus
3185 4111 3268 4158 est
3290 4122 3302 4157 :
3324 4117 3494 4172 quare
3518 4102 3701 4155 aiunv:
3746 4152 3749 4153 ν

2132 4206 2241 4260 Nos
2276 4218 2467 4258 omnes
2497 4202 2782 4257 vocatione
2800 4198 2958 4269 digni
2995 4196 3172 4251 habiti
3205 4211 3419 4261 sumus,
3455 4194 3545 4265 qui
3576 4193 3705 4247 olim

2130 4311 2261 4351 caro
2294 4310 2513 4350 eramus
2545 4310 2559 4346 :
2586 4292 2701 4347 sed,
2729 4291 2936 4346 scimus
2982 4290 3184 4343 multos
3213 4295 3460 4351 vocatos,
3503 4300 3708 4356 paucos
3734 4316 3737 4319 -

2130 4388 2339 4442 electos
2367 4401 2491 4440 esse
2516 4404 2529 4438 :
2554 4383 2677 4455 jure
2710 4383 2874 4452 igitur
2894 4382 3148 4441 electum,
3180 4387 3368 4449 utpote
3400 4380 3492 4448 qui
3522 4393 3708 4447 perra-

2134 4492 2237 4531 rus.
2265 4475 2607 4541 sit,,beatum
2639 4472 3023 4542 praedicamus.
3057 4470 3192 4535 Quis
3226 4471 3315 4523 ille
3337 4478 3441 4532 est,
3473 4467 3581 4522 nisi
3612 4467 3704 4536 qui

442 4557 671 4610 σπάνιον
719 4559 1093 4631 μακαρίζομεν
1142 4561 1232 4614 τὸν
1282 4561 1557 4617 ἐκλεκτὸνμ
1622 4562 1715 4626 Τίς
1770 4563 1827 4615 δέ
1884 4565 2021 4616 ἐστιν

2136 4584 2217 4629 ex.
2234 4567 2425 4622 multis
2458 4572 2779 4635 segregatus
2821 4574 2873 4618 et
2904 4579 2933 4616 a
2969 4561 3079 4617 Deo
3106 4571 3421 4631 assumptus
3452 4559 3573 4614 est?
3607 4558 3709 4613 Ec-

443 4643 598 4713 οῦτος
643 4649 820 4723 ἀλλ’ἢ
877 4653 905 4703 ό
959 4652 1275 4725 ἀφορισθεὶς
1327 4653 1436 4705 τῶν
1485 4653 1693 4706 πολλῶν
1740 4655 1835 4706 καὶ
1895 4655 2023 4708 ἀνα-

441 4738 669 4812 ληφθεὶς
712 4742 815 4795 ὑπὸ
862 4742 956 4796 τοῦ
993 4744 1161 4809 Θεοῦ;
1213 4745 1323 4797 Καὶ
1375 4745 1493 4808 πῶς
1521 4745 1629 4815 γὰρ
1674 4746 1734 4796 ού
1763 4746 2029 4817 μακάριος

442 4832 657 4905 ἀληθῶς
723 4836 752 4887 6
783 4834 1044 4900 τοιοῦτος,
1095 4836 1277 4901 ὁπότε,
1318 4837 1427 4889 τῶν
1460 4837 1553 4893 δύο
1589 4836 1796 4889 τούτων
1829 4837 2026 4909 τυχὼν,

442 4924 587 4993 λέγω
616 4925 673 4977 δὲ
699 4926 799 4996 τῆς
827 4927 1057 4997 ἐκλογῆς
1096 4928 1189 4980 καὶ
1219 4928 1319 4998 τῆς
1344 4927 1438 4981 τοῦ
1470 4928 1605 4981 Θεοῦ
1648 4927 2023 5000 προσλήψεως,

445 5015 632 5086 ἐτέρου
679 5017 985 5087 κρείττονος
1020 5018 1524 5091 καταξιωθήσεται;
1574 5023 1891 5092 κατοικήσει
1921 5021 2029 5093 γὰρ

445 5108 503 5159 ἐν
547 5110 666 5171 ταῖς
714 5109 903 5172 αὐλαῖς
952 5110 1046 5164 τοῦ
1075 5111 1229 5164 Θεοῦ.
1290 5111 1399 5165 Καὶ
1449 5112 1652 5184 ταύτην
1697 5113 1882 5167 λοιπὸν
1931 5113 2029 5185 τὴν

448 5200 616 5271 μονήν
676 5201 851 5277 εὑρὼν
902 5204 998 5257 καὶ
1054 5205 1153 5275 τὴν
1215 5206 1565 5271 ἀνάπαυλαν,
1619 5207 1851 5261 ἐνταῦθα
1902 5226 2029 5278 στη-

450 5291 763 5365 ριχθήσεται
794 5311 807 5323 ·
868 5295 927 5347 τὸ
972 5295 1122 5360 τέλος
1165 5298 1369 5365 ἀγαθὸν
1418 5299 1574 5352 τοῦτο
1621 5299 1928 5364 ἀπολαύων,
1968 5292 2029 5351 οῦ

442 5389 627 5459 τυχεῖν
656 5387 749 5439 καὶ
780 5386 936 5450 ἄλλος
962 5386 1167 5461 ηὔχετο
1208 5391 1494 5462 προφήτης
1534 5393 1562 5445 6
1596 5391 1764 5445 εἰπών
1786 5410 1797 5422 ι
1838 5412 1854 5442 ι
1882 5394 2029 5445 Ἐπι-

444 5476 613 5535 τῖοθεῖ¹
648 5477 742 5533 καὶ
785 5478 1026 5532 ἐκλείπει
1063 5481 1096 5552 ἡ
1132 5478 1277 5552 ψυχή
1327 5499 1428 5552 μου
1472 5485 1550 5546 εἱς
1589 5484 1688 5546 τὰς
1729 5484 1894 5548 αὐλὰς
1932 5482 2025 5537 τοῦ

443 5570 674 5639 Κυρίου.
704 5592 722 5622 ι
758 5572 924 5627 Αύλαὶ
952 5574 1009 5627 δὲ
1036 5574 1131 5626 τοῦ
1163 5575 1368 5645 Κυρίου
1399 5576 1535 5628 εἰσὶν
1572 5579 1626 5629 αἱ
1656 5578 1776 5629 κατ’
1800 5577 2027 5649 οὐρανὸν

448 5664 629 5739 μοναὶ,
656 5667 780 5736 περὶ
806 5660 879 5718 ὧν
904 5668 1114 5739 εἴρηται
1137 5669 1193 5720 ὲν
1214 5667 1548 5738 Εὑαγγελίῳ·
1588 5687 1605 5719 ι
1638 5667 1837 5720 Πολλαὶ
1868 5670 2027 5739 μοναὶ

524 5841 565 5872 ¹⁸
595 5837 753 5898 Rom.
788 5859 872 5911 ιιι,
909 5841 1002 5899 25.

1109 5846 1152 5877 ¹⁹
1182 5842 1200 5897 l
1232 5841 1389 5899 Joan.
1424 5859 1487 5913 ιι,
1510 5843 1566 5898 2.
1642 5845 1687 5877 '°
1716 5842 1839 5900 Psal
1903 5860 2136 5909 Lxxxur,
2174 5844 2228 5901 5.

2131 4661 2366 4729 quinon
2392 4672 2521 4711 vere
2555 4656 2750 4711 beatus
2791 4656 2860 4709 sit
2889 4655 2981 4723 qui
3015 4652 3330 4722 hujusmodi
3359 4659 3464 4713 est,
3490 4649 3710 4718 quando

2129 4750 2239 4802 duo
2278 4749 2391 4802 lucc
2435 4762 2465 4799 a
2502 4745 2611 4799 Deo
2656 4753 3008 4810 consecutus,
3040 4743 3361 4797 electionem
3412 4738 3623 4792 svilicet
3655 4745 3710 4791 et

2130 4840 2585 4911 assumptionem,
2620 4839 2727 4892 alio
2776 4837 3151 4907 praestantiore
3185 4831 3534 4903 dignabitur?
3582 4845 3709 4885 nam

2130 4932 2463 4986 inhabitabit
2494 4932 2548 4984 in
2583 4931 2739 4984 atriis
2770 4928 2887 4983 Dei.
2935 4927 3000 4981 Et
3029 4927 3131 4980 hac
3162 4926 3381 4980 inventa
3428 4923 3711 4977 mansione

2129 5034 2183 5081 et
2215 5027 2419 5095 quiete,
2444 5024 2569 5078 istic
2598 5020 3034 5083 confirmabitur,
3066 5020 3280 5086 fineque
3310 5016 3453 5069 bono
3476 5014 3709 5074 fruetur,

2134 5134 2295 5189 quem
2367 5116 2616 5170 nancisci
2681 5114 2910 5183 rogabat
2967 5113 3108 5167 alius
3154 5109 3419 5180 propheta
3473 5107 3706 5161 dicens:

2136 5229 2153 5260 ι
2191 5209 2543 5278 Concupiseit
2578 5214 2632 5261 et
2678 5206 2866 5261 deﬁcit
2908 5204 3090 5258 anima
3142 5216 3262 5256 mea
3314 5201 3369 5254 in
3423 5200 3561 5253 atria
3607 5198 3713 5252 Do-

2131 5300 2267 5355 mini
2299 5300 2369 5354 '°.
2405 5319 2423 5350 ι
2460 5298 2613 5352 Atria
2660 5312 2790 5352 vero
2839 5295 3053 5349 Domini
3096 5301 3222 5349 sunt
3255 5293 3508 5348 caelestes
3558 5306 3713 5344 man-

2138 5394 2344 5453 siones,
2401 5393 2469 5447 de
2518 5392 2719 5462 quibus
2770 5391 2972 5445 dicitur
3004 5389 3058 5441 in
3111 5386 3405 5457 Evangelio
3438 5402 3450 5437 :
3488 5401 3506 5434 ι
3558 5382 3711 5453 Apud

2136 5484 2355 5538 Patrem
2393 5485 2708 5539 mansiones
2758 5483 2943 5536 multa:
2966 5480 3035 5535 ³¹.
3068 5499 3087 5532 ι
3124 5478 3175 5533 Is
3208 5479 3389 5546 itaque
3434 5491 3501 5529 ex
3539 5473 3713 5544 genti-

2134 5576 2259 5638 bus,
2288 5576 2383 5645 qui
2431 5576 2561 5629 olim
2602 5590 2732 5628 caro
2774 5582 2911 5636 erat,
2967 5573 3062 5628 sed
3102 5571 3212 5641 jam
3253 5576 3518 5630 mutatus,
3549 5565 3714 5619 homo

2138 5666 2233 5721 Dei
2271 5669 2499 5722 ellectus
2524 5674 2629 5730 cst,
2656 5682 2776 5719 eum
2802 5664 2892 5735 qui
2923 5669 3242 5733 segregatus
3276 5667 3330 5715 et
3361 5659 3473 5730 jam
3504 5656 3714 5717 electus

2312 5847 2351 5883 ”
2382 5843 2540 5903 Joan.
2576 5860 2687 5908 xiv,
2717 5843 2772 5905 ε’..
