4142 6388
462 447 561 502 051

1135 441 1402 498 EUSEBII
1435 439 1912 498 CESARIENSIS
1943 439 2095 496 ()PP.
2131 436 2312 494 PARS
2352 437 2440 494 ill.
2480 469 2553 480 —
2592 435 3000 492 EXEGETICA.

3609 435 3713 491 632

463 569 549 616 est
583 561 797 616 beatum
829 557 1119 628 praedicat;
1158 566 1344 629 utpote
1354 559 1463 629 ,qui
1513 574 1544 613 a
1586 558 1696 613 Deo
1719 566 2036 629 assumptus

2149 557 2291 630 παρὰ
2325 555 2401 627 τῷ
2421 556 2617 627 Πατρί.
2651 576 2668 607 ι
2723 557 2781 610 Ὀ
2815 556 2992 609 τοίνυν
3024 553 3083 619 ἐξ
3110 553 3277 607 ἐθνῶν
3303 552 3468 608 πάλαι
3501 555 3598 626 μὲν
3638 554 3713 608 ὣν

463 662 519 710 'et
568 655 624 710 in
677 654 812 708 atria
862 651 1105 706 ctelestis
1151 649 1453 707 Jerusalem
1502 651 1803 707 translatus
1849 651 2033 706 fuerit.

469 764 488 798 ι
521 745 868 816 Replebimur
913 746 969 800 in
1017 744 1176 800 bonis
1232 743 1428 799 domus
1474 750 1618 798 tuae:
1653 751 1903 799 sanctum
1953 751 2037 797 est

464 838 724 908 templum
781 844 960 903 tuum,
1010 836 1262 890 mirabile
1307 836 1362 889 ir.
1390 834 1625 904 luatitia.
1663 854 1681 887 ι
1718 835 1820 901 Qui
1870 850 2037 904 supra

461 927 750 984 memorati
779 939 927 994 sunt,
965 929 1108 984 bona
1140 926 1408 992 cmlestia,
1450 927 1608 998 queis
1638 927 1931 996 praedictus
1953 926 2038 981 vir

464 1024 657 1076 beatus
702 1022 900 1092 dignus
948 1023 1170 1078 habitus
1204 1028 1308 1086 est,
1365 1020 1628 1090 consequi
1663 1028 2035 1090 peroptantes,

462 1116 614 1168 aiunt
641 1135 655 1168 :
688 1135 705 1166 ι
735 1114 1085 1184 Replebimur
1116 1114 1171 1167 in
1204 1114 1365 1168 bonis
1395 1111 1592 1166 domus
1629 1119 1750 1166 tuae.
1805 1131 1822 1161 ι
1860 1111 2038 1166 Coele-

461 1213 602 1259 stem
641 1205 788 1259 enim
819 1206 967 1259 illam
996 1203 1090 1260 Dei
1123 1204 1370 1266 domum,
1412 1202 1572 1271 cujus
1604 1201 1658 1254 in
1692 1202 1846 1256 atriis
1871 1201 1918 1255 is
1944 1201 2037 1270 qui

456 1297 570 1365 jam
619 1297 826 1352 electus
869 1296 971 1350 fuit
1032 1297 1363 1352 constitutus
1424 1303 1528 1357 est,
1587 1295 1756 1364 probe
1812 1305 2036 1349 norunt.

461 1389 828 1456 Quamobrem
861 1395 1176 1460 precantur,
1204 1403 1263 1442 se
1289 1401 1510 1457 quoque
1543 1394 1855 1455 opportuno
1895 1395 2036 1441 tem-

461 1497 594 1552 pore
637 1482 882 1538 ccelestia
929 1482 1020 1535 illa
1061 1481 1203 1536 bona
1248 1471 1538 1550 conSequi.
1564 1478 1721 1544 Quod
1761 1478 1809 1532 si
1842 1478 2040 1533 domus

462 1572 558 1627 Dei
590 1574 834 1629 Ecclesia
863 1574 983 1643 ejus
1012 1574 1083 1628 sil.
1116 1571 1418 1628 secundum
1443 1571 1791 1642 Apostolum,
1815 1571 1906 1640 qui
1931 1569 2033 1623 ait:

468 1687 487 1716 ι
522 1665 590 1720 Ut
629 1667 774 1721 scias
809 1667 1086 1739 quomodo
1113 1676 1362 1734 oporteat
1404 1671 1455 1720 te
1493 1666 1546 1718 in
1577 1665 1742 1719 domo
1775 1663 1868 1717 Dei
1916 1678 2040 1717 con-

460 1745 695 1824 versari,
722 1774 844 1828 qua:
876 1765 961 1813 est
995 1757 1240 1811 Ecclesia
1275 1756 1369 1812 Dei
1414 1757 1546 1820 vivi,
1583 1757 1841 1810 columna
1871 1763 1925 1810 et
1951 1753 2040 1807 ﬁr-

465 1855 800 1903 mamentum
847 1849 1097 1902 veritatis
1123 1849 1204 1915 ";
1239 1867 1257 1900 ι
1284 1847 1410 1917 jure
1451 1848 1641 1902 dicunt
1669 1867 1682 1902 :
1714 1846 1914 1901 Beatus
1948 1846 2039 1900 ille

2141 648 2299 720 σὰρξ,
2339 646 2657 719 μεταϐαλὼν
2687 648 2744 701 δὲ
2783 647 2876 700 καὶ
2915 647 3206 717 γενόμενος
3243 645 3376 699 Θεοῦ
3407 645 3710 716 ἄνθρωπος,

2142 740 2433 812 μακαρίζει
2477 741 2570 793 τὸν
2616 740 2892 811 ἐξαίρετον
2940 739 3034 791 καὶ
3079 738 3180 809 ἤδη
3221 737 3503 792 ἐκλεκτόν·
3543 739 3618 803 ὡς
3650 739 3714 793 ἂν

2139 829 2552 904 προσληφθέντα
2591 833 2696 885 ὑπὸ
2739 831 2832 884 τοῦ
2866 829 3002 884 Θεοῦ
3041 832 3134 884 καὶ
3179 829 3601 903 παραληφθέντα
3637 835 3716 898 είς

2138 924 2237 988 τὰς
2283 925 2451 989 αὐλὰς
2485 925 2587 995 τῆς
2626 925 2948 994 ἐπουρανίου
2991 923 3364 995 Ἰερουσαλήμ.
3406 943 3424 974 ι
3465 923 3714 995 Πλησθη-

2141 1015 2347 1086 σόμεθα
2380 1017 2438 1070 ἐν
2460 1019 2572 1079 τοῖς
2603 1015 2830 1084 ἀγαθοῖς
2867 1014 2963 1067 τοῦ
2995 1013 3145 1067 οῐκου
3176 1031 3268 1067 σου
3290 1033 3302 1045 ·
3355 1013 3507 1083 ἅγιος
3538 1019 3566 1069 ὁ
3593 1016 3716 1078 ναός

2142 1121 2272 1170 σου,
2324 1105 2634 1176 θαυμαστὸς
2680 1106 2736 1157 ἐν
2775 1103 3108 1175 δικαιοσύνῃ.
3138 1123 3156 1154 ι
3202 1105 3265 1157 Οἱ
3310 1105 3712 1178 προλεχθέντες,

2138 1201 2320 1267 τυχεῖν
2353 1197 2637 1268 εὐχόμενοι
2670 1195 2763 1248 καὶ
2785 1194 2940 1248 αὐτοὶ
2980 1195 3088 1249 τῶν
3118 1197 3453 1268 ἐπουρανίων
3480 1195 3714 1266 ἀγαθῶν,

2139 1285 2219 1344 ὧν
2252 1288 2477 1359 ἠξίωται
2513 1292 2540 1342 6
2569 1288 2968 1360 προειρημένος
3000 1290 3287 1359 μακάριος,
3318 1290 3480 1359 φασίν
3500 1307 3512 1319 ·
3554 1289 3718 1361 «Πλη-

2143 1378 2455 1451 σθησόμεθα
2487 1379 2544 1431 tv
2571 1381 2683 1442 τοῖς
2718 1377 2944 1447 ἀγαθοῖς
2973 1378 3067 1431 τοῦ
3095 1379 3247 1431 οἴκου
3285 1395 3398 1432 σου.
3437 1399 3456 1432 ι
3511 1380 3718 1449 Ἔγνω-

2143 1489 2241 1524 σαν
2273 1471 2383 1541 γάρ
2431 1469 2521 1522 τὸν
2564 1464 2712 1521 οἶκον
2753 1467 2848 1521 τοῦ
2877 1468 3012 1523 Θεοῦ
3064 1468 3153 1521 τὸν
3193 1469 3529 1540 ἐπουράνιον,
3563 1464 3622 1524 οὗ
3663 1471 3717 1523 tv

2139 1564 2260 1625 ταῖς
2294 1561 2486 1624 αὐλαῖς
2521 1561 2550 1612 6
2593 1559 2694 1631 ἥδη
2727 1560 2986 1624 ἐκλεκτὸς
3025 1559 3440 1614 κατατέτακται.
3487 1561 3576 1614 Διὸ
3612 1563 3719 1615 ἱκε-

2140 1649 2358 1703 τεύουσι
2409 1647 2587 1720 καιρῷ
2622 1663 2755 1701 ποτε
2801 1649 2898 1704 καὶ
2929 1649 3082 1702 αὐτοὶ
3121 1652 3300 1719 τυχεῖν
3343 1650 3452 1703 τῶν
3491 1653 3719 1723 ἐπουρα-

2142 1743 2272 1796 νίων
2332 1739 2570 1808 ἀγαθῶν.
2629 1739 2696 1793 Et
2744 1738 2800 1791 δὲ
2853 1740 2947 1792 καὶ
2992 1735 3138 1804 οἶκος
3177 1738 3311 1792 Θεοῦ
3362 1742 3394 1810 ἡ
3432 1740 3720 1812 Ἐκκλησία

2142 1831 2307 1888 αὐτοῦ
2355 1835 2470 1886 ἑστι
2521 1830 2662 1884 κατά
2706 1831 2797 1884 τὸν
2851 1831 3170 1886 Ἀπόστολον
3218 1834 3498 1902 φήσαντα·
3551 1855 3568 1885 ι
3606 1835 3721 1889 Ἵνα.

458 1943 572 2012 jam
623 1952 772 1997 tuam
817 1951 1152 1999 consecutus
1201 1953 1286 1999 est
1327 1945 1686 2010 electionem;
1732 1958 1831 1997 nos
1883 1953 2034 2007 Vero,

2149 1925 2255 1996 ἴδῃς
2283 1925 2400 1988 πῶς
2435 1923 2515 1976 δεῖ
2543 1925 2600 1977 ἐν
2633 1925 2766 1994 οἴκῳ
2783 1922 2915 1976 Θεοῦ
2946 1925 3400 1996 ἀναστρέφεσθαι,
3433 1924 3553 1997 ἥτις
3579 1928 3720 1980 ἐστὶν

462 2036 556 2104 qui
589 2035 828 2090 nondum
856 2037 993 2091 tales
1015 2052 1228 2098 sumus,
1261 2035 1356 2090 sed
1386 2036 1563 2090 adhuc
1593 2036 1768 2089 induti
1799 2032 2036 2106 [carne],

463 2128 763 2196 gaudemus
795 2129 952 2198 fquod
998 2129 1108 2197 jam
1146 2129 1236 2183 hic
1285 2129 1591 2190 constituti,
1645 2129 1802 2182 bonis
1842 2128 2040 2184 domus

462 2227 570 2273 tuae
600 2219 867 2285 fruamur,
915 2220 1115 2275 divinis
1144 2221 1356 2275 scilicet
1400 2221 1771 2284 sermonibus,
1819 2221 2038 2290 sapien-

462 2313 552 2366 tiae
591 2313 920 2383 disciplinis,
969 2324 1021 2368 et
1057 2313 1238 2369 sancti
1289 2310 1528 2384 Spiritus
1583 2314 2036 2378 charismatibus,

439 2405 621 2472 queis
651 2403 849 2461 domus
880 2406 974 2461 Dei
1005 2415 1302 2462 exornatur
1335 2427 1345 2460 :
1385 2425 1404 2456 (
1437 2405 1543 2460 Alii
1571 2407 1712 2461 enim
1739 2423 1834 2476 per
1865 2405 2040 2477 Spiri-

461 2509 577 2552 tum
622 2496 783 2553 datur
827 2514 1008 2554 sermo
1057 2499 1363 2569 sapientiae,
1418 2498 1509 2552 alii
1558 2514 1742 2554 sermo
1776 2498 2038 2565 scientiae,

463 2594 556 2646 alii
587 2592 720 2648 ﬁdes
760 2593 815 2646 in
857 2593 1048 2648 eodem
1081 2591 1310 2663 Spiritu,
1355 2593 1448 2646 alii
1483 2592 1626 2647 dona
1664 2595 2036 2659 curationum,

464 2687 553 2740 alii
587 2701 784 2755 genera
808 2686 1119 2756 linguarum
1143 2684 1213 2750 ’³,
1253 2705 1270 2736 ι
1299 2691 1353 2739 et
1384 2683 1490 2737 alia
1512 2701 1632 2754 quae
1657 2686 1874 2742 divinus
1896 2687 2040 2755 Apo-

463 2779 638 2832 stolus
690 2779 1052 2832 enumeravit.
1113 2775 1229 2831 Hoc
1282 2793 1342 2832 se
1391 2777 1577 2848 itaque
1638 2789 1901 2848 apparatu
1956 2779 2040 2832 in-

465 2875 686 2923 struunt
716 2869 810 2938 qui
843 2869 1070 2922 meliora
1094 2869 1515 2937 concupiscunt.
1548 2865 1751 2922 Deinde
1782 2869 1908 2938 quia
1943 2869 2041 2924 do-

464 2977 589 3016 mus
627 2960 720 3016 Dei
763 2961 1092 3015 mentionem
1139 2960 1410 3023 fecerunt,
1460 2969 1868 3030 consequenter
1917 2962 2044 3018 edo-

466 3062 592 3107 cent
617 3067 868 3122 quaenam
894 3053 987 3107 illa
1021 3053 1094 3108 sit
1122 3052 1410 3108 dicentes:
1444 3071 1463 3104 ι
1497 3052 1759 3108 Sanctum
1791 3063 1873 3110 est
1901 3062 2041 3108 tem-

464 3146 614 3216 plum
661 3153 838 3209 tuum,
885 3143 1139 3199 mirabile
1181 3145 1236 3198 in
1273 3144 1505 3214 justitia.
1541 3165 1559 3197 ι
1597 3143 1722 3200 Haec
1748 3149 1891 3201 enim
1944 3147 2041 3202 do-

455 3251 589 3290 mus
638 3234 734 3290 Dei
785 3243 923 3298 erat,
967 3244 1218 3290 sanctum
1255 3236 1518 3306 templum
1564 3237 1706 3310 ejus.
1754 3236 2039 3308 Templum

2159 2015 2455 2087 Ἐκκλησία
2498 2014 2634 2067 Θεοῦ
2674 2015 2894 2078 ζῶντος,
2940 2014 3128 2080 στῦλος
3170 2018 3264 2070 καὶ
3310 2016 3586 2089 ἑδραίωμα
3624 2017 3722 2088 τῆς

2145 2107 2480 2180 ἀληθείας-ι
2538 2107 2764 2172 εἰκότως
2811 2110 3002 2176 φασὶν,
3062 2110 3143 2162 ὅτι
3209 2109 3266 2164 Ὀ
3313 2111 3408 2180 μὲν
3458 2109 3723 2182 μακάριος

2145 2201 2246 2273 ἤδη
2304 2201 2405 2272 τῆς
2453 2201 2605 2273 παρά
2659 2202 2741 2255 σοὶ
2791 2202 3092 2273 τετύχηκεν
3143 2201 3408 2273 ἐκλογῆς·
3459 2205 3620 2274 ἡμεῖς
3669 2201 3723 2256 δὲ

2145 2296 2195 2346 οἱ
2223 2295 2448 2366 μηδέπω
2474 2294 2725 2359 τοιοῦτοι,
2757 2295 2837 2349 ἔτι
2865 2296 2922 2348 δὲ
2951 2313 3017 2348 πε
3028 2294 3402 2366 ρι6ε6λημένοι
3427 2294 3723 2366 ἀγαπῶμεν

2146 2386 2396 2441 ἐντεῦθεν
2445 2389 2544 2460 ἤδη
2574 2391 2685 2441 τῶν
2727 2389 2784 2442 ἐν
2829 2388 2909 2458 τῷ
2948 2389 3080 2460 οἴκῳ
3121 2405 3213 2441 σου
3243 2387 3461 2456 ἀγαθῶν
3490 2387 3723 2443 ἀπολαύ-

2147 2496 2330 2544 οντες,
2385 2481 2560 2549 λόγων
2620 2480 2821 2552 δηλαδὴ
2869 2479 3029 2532 θείων
3078 2481 3172 2533 καὶ
3225 2480 3333 2532 τῶν
3377 2481 3474 2552 τῆς
3535 2481 3725 2549 σοφίας

2151 2571 2490 2643 μαθημάτων
2527 2589 2585 2624 τε
2618 2571 2713 2624 καὶ
2755 2572 3110 2641 χαρισμάτων
3149 2571 3244 2623 τοῦ
3287 2571 3439 2639 ἁγίου
3473 2571 3724 2642 Πνεῦμα-

2146 2680 2270 2726 τος,
2305 2657 2386 2726 οἷς
2411 2663 2753 2734 κεκόσμηται
2795 2663 2824 2714 6
2852 2657 3000 2724 οἶκος
3035 2660 3128 2714 τοῦ
3160 2660 3325 2714 Θεοῦ·
3364 2655 3463 2732 «ᾯ
3496 2661 3592 2732 μὲν
3618 2662 3725 2735 γάρ

2146 2754 2236 2808 διὰ
2274 2753 2367 2806 τοῦ
2418 2755 2732 2824 Πνεύματος
2785 2753 2981 2806 δίδοται
3027 2753 3185 2822 λόγος
3240 2753 3452 2822 σοφίας,
3483 2752 3624 2824 ἄλλῳ
3669 2753 3725 2807 δὲ

2147 2847 2302 2915 λόγος
2340 2845 2626 2915 γνώσεως,
2667 2846 2839 2918 ἑτέρῳ
2866 2846 2922 2899 δὲ
2956 2846 3139 2910 πίστις
3177 2849 3233 2900 tv
3264 2845 3340 2916 τῷ
3368 2845 3516 2916 αὑτῷ
3557 2844 3728 2898 Ilvati-

2151 2958 2314 3012 ματι·
2376 2940 2519 3011 ἄλλῳ
2569 2941 2882 3011 χαρίσματα
2942 2939 3219 3009 ἰαμάτων,
3271 2939 3441 3009 ἑτέρῳ
3487 2938 3544 2990 δὲ
3595 2938 3724 3008 γένη

2147 3033 2429 3102 γλωσσῶν,
2463 3053 2482 3085 ι
2512 3033 2604 3086 καὶ
2635 3034 2732 3086 ὅσα
2759 3032 2893 3086 ἄλλα
2926 3031 3208 3098 κατέλεξεν
3234 3033 3262 3084 6
3293 3031 3434 3094 θεῖος
3475 3031 3728 3084 Ἀπόστο-

2147 3125 2256 3188 λος.
2323 3124 2409 3176 Ἑν
2455 3124 2663 3187 τούτοις
2715 3119 2807 3176 οὖν
2853 3123 3080 3188 ἑαυτοὺς
3122 3121 3627 3193 παρασκευάζουσιν
3678 3125 3725 3175 οἱ

2149 3220 2254 3273 τῶν
2302 3218 2626 3290 κρειττόνων
2671 3217 2969 3287 ἐφιέμενοι.
3023 3215 3138 3269 Εἶτ’
3185 3214 3370 3285 ἐπειδὴ
3415 3215 3542 3285 περὶ
3581 3216 3726 3268 οἴκου

466 3333 650 3380 autem
700 3334 951 3380 sanctum
992 3325 1085 3381 Dei
1135 3326 1433 3397 intelligas,
1486 3342 1596 3380 non
1645 3343 1928 3383 murorum
1960 3337 2042 3384 te-

2149 3309 2277 3362 Θεοῦ
2304 3307 2716 3379 ἐμνημόνευσαν
2737 3347 2750 3371 ,
2783 3305 3090 3370 ἀκολούθως
3127 3308 3307 3370 όποῖος
3344 3299 3498 3368 οὗτος
3529 3305 3728 3375 τυγχά-

466 3425 796 3488 etorumque
829 3417 1114 3482 fabricam,
1154 3419 1250 3474 sed
1282 3419 1416 3473 illud
1444 3419 1590 3490 quod
1613 3421 1727 3488 jam
1765 3436 1830 3476 ex
1854 3423 2044 3477 electis

467 3513 759 3568 animabus
804 3513 1181 3568 constituitur.
1232 3510 1442 3576 Sancti,
1490 3511 1700 3581 lapides
1741 3514 1848 3568 vivi
1885 3523 2042 3580 sunt;

467 3609 798 3678 domumque
824 3605 1172 3676 spiritualem
1203 3602 1270 3658 ad
1301 3615 1552 3660 sanctum
1585 3605 1914 3660 sacrificium
1943 3606 2044 3660 de-

468 3702 752 3765 stinatam,
785 3706 990 3754 emtum
1021 3697 1404 3768 religiosorum
1435 3697 1718 3751 hominum
1745 3713 1868 3752 esse
1893 3711 2047 3751 sacer

467 3793 762 3863 Apostolus
813 3789 1002 3844 docuit
1037 3789 1124 3844 his
1168 3789 1389 3843 verbis:
1422 3808 1440 3839 ι
1480 3787 1592 3842 Vos
1633 3798 1812 3843 autem
1857 3803 2047 3843 omnes

467 3884 664 3937 domus
697 3881 792 3936 Dei
827 3881 987 3944 estis,
1029 3891 1083 3935 et
1127 3879 1366 3950 Spiritus
1405 3878 1501 3935 Dei
1534 3880 1745 3934 habitat
1783 3880 1839 3934 in
1866 3880 2042 3935 vobis.

470 3970 528 4025 Si
567 3971 692 4041 quis
744 3971 1005 4038 templum
1057 3957 1153 4024 Dei
1198 3970 1508 4035 violaverit,
1564 3970 1844 4041 disperdet
1894 3970 2048 4024 illum

467 4063 634 4118 Deus.
665 4060 950 4132 Templum
993 4062 1139 4116 enim
1172 4060 1267 4116 Dei
1311 4065 1560 4116 sanctum
1593 4070 1697 4125 est,
1731 4061 1877 4131 ‘quod
1917 4062 2049 4116 estis

468 4171 568 4209 vos
595 4153 662 4206 ".
696 4173 715 4205 ›
755 4151 880 4207 Ησεο
912 4160 1094 4206 autern
1145 4167 1269 4206 cum
1308 4152 1468 4217 dixit,
1502 4151 1681 4206 aiiinia
1711 4153 1925 4207 locutus
1966 4160 2050 4205 est

469 4244 636 4298 dictis
667 4243 1027 4313 praesentibus
1064 4262 1075 4294 :
1106 4261 1123 4293 ι
1155 4242 1419 4298 Sanctum
1450 4243 1534 4298 est
1577 4244 1838 4313 templum
1871 4251 2046 4306 tuum,

440 4337 722 4392 vntirabile
756 4337 808 4390 in
831 4335 1063 4405 justitia.
1101 4357 1117 4387 ι
1157 4334 1310 4390 Sicut
1337 4337 1482 4390 enim
1531 4337 1873 4392 sensibilium
1915 4345 2050 4390 tem-

470 4431 686 4500 piorum
742 4437 1023 4483 structura
1075 4429 1129 4482 in
1176 4429 1536 4484 admiratione
1581 4430 1898 4499 plerumque
1934 4437 2048 4493 est,

470 4523 617 4592 quod
651 4538 718 4576 ca
743 4522 991 4577 studiosa
1025 4521 1283 4575 varietate
1325 4519 1662 4574 exwdiﬁeata
1697 4509 1841 4584 sint;
1886 4521 2050 4573 aurea

470 4617 670 4686 quippe
700 4618 844 4669 tecta
896 4625 950 4668 et
979 4613 1305 4684 anaglyphis
1335 4621 1526 4666 ornata
1569 4615 1900 4668 concinnant
1941 4613 2052 4666 ele-

469 4711 666 4780 gantiae
703 4709 1012 4771 studentes,
1037 4706 1307 4760 columnis
1334 4715 1499 4775 atque
1521 4705 1888 4760 marmoribus
1916 4703 2048 4758 tedi-

471 4803 594 4857 iicia
649 4799 1181 4857 exornantzeodem
1235 4799 1397 4852 modo
1440 4798 1701 4867 templum
1758 4795 1850 4851 Dei
1906 4797 2052 4866 quod

474 4906 728 4951 sanctum
771 4903 857 4949 est
889 4893 963 4964 (et
1014 4893 1120 4946 boe
1160 4908 1292 4946 sane
1333 4892 1436 4960 ipsi
1469 4891 1704 4961 primum
1751 4901 1804 4944 et
1831 4890 2051 4960 quidem

472 4987 904 5059 pulcherrimum
935 4983 1141 5038 bonum
1185 4984 1389 5051 adest),
1425 4990 1656 5037 externo
1705 4989 1902 5034 ornatu
1943 4983 2053 5035 cir-

473 5078 815 5148 cumfui‘get,
867 5075 1120 5130 videlicet
1181 5074 1446 5142 sapientia
1499 5073 1592 5126 illa
1644 5071 1734 5126 Dei
1789 5073 2052 5127 varietate

473 5174 757 5234 distincta,
799 5167 1014 5238 justitia
1063 5175 1116 5222 et
1173 5166 1404 5234 reliquis
1456 5165 1772 5227 virtutibus,
1821 5163 2057 5234 Spiritus

475 5266 602 5327 item
652 5265 827 5318 sancti
859 5262 1021 5316 donis
1048 5261 1198 5314 varie
1234 5260 1591 5322 illustratum,
1641 5259 1715 5310 ita
1764 5266 1822 5310 ut
1853 5259 1906 5310 in
1941 5266 2057 5310 stu-

476 5371 665 5427 porem
718 5363 773 5408 et
826 5351 1242 5406 admirationem
1300 5367 1359 5404 se
1406 5351 1842 5418 contemplantes
1891 5348 2059 5416 conji-

477 5451 608 5504 ciat.
650 5444 1016 5513 Quamobrem
1048 5444 1140 5512 qui
1182 5453 1238 5496 ut
1283 5443 1336 5495 in
1368 5460 1434 5494 eo
1473 5442 1635 5496 Sedes
1679 5441 1943 5494 baberent
1973 5441 2054 5493 di-

476 5543 566 5614 gni
597 5539 769 5595 habiti
809 5537 963 5600 sunt,
999 5537 1104 5590 laeti
1137 5535 1324 5589 dicunt
1356 5556 1367 5589 :
1406 5555 1422 5585 ι
1459 5531 1814 5604 ηρυίευίηιιιι·
1864 5535 1918 5586 in
1963 5534 2056 5585 bo-

479 5636 566 5689 nis
621 5633 818 5686 domus
875 5639 982 5683 tua}
1027 5647 1039 5681 :
1089 5637 1342 5682 sanctum
1406 5636 1492 5681 est
1540 5627 1803 5695 templum
1861 5635 2052 5688 tttum,

480 5725 727 5780 mirabile
773 5723 828 5776 in
875 5722 1111 5791 justitia.
1148 5742 1165 5770 ι
1202 5718 1474 5775 Observes
1517 5734 1682 5788 porro
1735 5717 1894 5770 velim
1945 5717 2057 5769 haec

2147 3419 2224 3454 νει
2265 3401 2572 3453 διδάσκουσι
2606 3399 2893 3468 λέγοντες·
2937 3417 2955 3450 ι
2989 3399 3180 3466 ’Ἄγιος
3217 3399 3246 3450 6
3282 3399 3408 3462 ναός
3439 3416 3554 3462 σου,
3595 3397 3725 3450 θαυ-

2152 3495 2352 3564 μαστὸς
2387 3495 2445 3546 ἐν
2491 3491 2823 3564 δικαιοσύνῃ.
2851 3511 2868 3545 ι
2925 3484 3095 3554 Οὗτος
3132 3491 3242 3562 γὰρ
3285 3487 3353 3563 ἦν
3393 3494 3422 3544 6
3449 3487 3597 3553 οἶκος
3632 3490 3728 3544 τοῦ

2147 3586 2303 3649 Θεοῦ,
2345 3587 2372 3638 6
2402 3586 2555 3655 ἅγιος
2603 3585 2769 3639 αὐτοῦ
2811 3585 2963 3649 νεώς.
3005 3585 3160 3638 Νεὼν
3194 3585 3250 3639 δὲ
3281 3586 3442 3640 ἄκουε
3471 3583 3566 3637 τοῦ
3594 3583 3727 3637 Θεοῦ

2149 3679 2301 3747 ἅγιον
2342 3678 2402 3730 οὐ
2433 3677 2625 3746 τοίχων
2655 3677 2753 3729 καὶ·
2782 3678 2992 3748 ὀρόφων
3027 3676 3450 3748 οἰκοδομήματα,
3480 3675 3612 3729 ἀλλά
3640 3675 3729 3729 τὸν

2147 3771 2210 3823 ἐκ
2269 3769 2455 3840 ψυχῶν
2494 3767 2766 3822 ἐκλεκτῶν
2816 3769 3124 3823 συνεστῶτα
3163 3769 3284 3840 ἤδη.
3341 3769 3492 3821 Λίθοι
3533 3767 3730 3834 ζῶντες

2147 3864 2194 3915 οἱ
2228 3862 2391 3930 ἆγιοι,
2417 3862 2513 3915 ’καὶ
2547 3858 2694 3924 οἶκος
2722 3862 3090 3932 πνευματικὸς
3125 3865 3204 3926 είς
3250 3861 3548 3933 ἱεράτευμα
3577 3861 3729 3929 ἅγιον

2145 3956 2206 4008 τὸ
2235 3954 2487 4025 σύστημα
2524 3953 2630 4006 τῶν
2665 3953 2931 4006 Θεοσεϐῶν
2965 3950 3101 4031 εἶναι
3145 3957 3173 4008 6
3220 3955 3364 4028 ἱερὸς
3412 3954 3730 4018 Ἀπόστολος

2148 4047 2383 4111 ἐδίδαξεν
2420 4046 2618 4100 εἰπών·
2659 4068 2677 4098 ‹
2714 4047 2902 4118 Ὑμεῖς
2934 4047 2988 4100 δὲ
3018 4049 3216 4112 πάντες
3246 4044 3392 4112 οἶκος
3423 4048 3555 4100 Θεοῦ
3587 4051 3730 4113 ἐστε,

2149 4140 2240 4191 καὶ
2280 4139 2340 4191 τὸ
2368 4139 2594 4210 Πνεῦμα
2638 4138 2731 4192 τοῦ
2772 4139 2906 4192 Θεοῦ
2953 4140 3092 4192 οἰκεῖ
3133 4141 3190 4192 ἐν
3228 4140 3375 4210 ὑμῖν·
3423 4139 3476 4192 εῖ
3510 4157 3595 4203 τις
3640 4139 3729 4192 τὸν

2149 4231 2274 4282 ναὸν
2312 4229 2405 4284 τοῦ
2441 4230 2574 4284 Θεοῦ
2605 4230 2836 4302 φθείρει,
2873 4231 3061 4302 φθερεῖ
3093 4229 3281 4283 τοῦτον
3313 4232 3341 4283 6
3370 4230 3500 4294 Θεός
3521 4247 3535 4262 ·
3573 4233 3602 4285 6
3626 4229 3736 4302 γὰρ

2149 4322 2276 4383 ναὸς
2321 4320 2414 4373 τοῦ
2461 4319 2596 4374 Θεοῦ
2653 4320 2806 4390 ἅγιός
2861 4325 3028 4386 ἐστιν,
3076 4322 3272 4384 οἵτινές
3319 4323 3441 4374 ἐστε
3488 4323 3666 4390 ὑμεῖς..
3709 4340 3729 4370 ι

2151 4412 2320 4464 Τοῦτο
2357 4412 2414 4466 δὲ
2456 4413 2650 4477 εξπὼν,
2701 4413 2910 4484 συνῳδὰ
2959 4413 3036 4484 τῷ
3073 4411 3211 4484 μετὰ
3255 4416 3442 4483 χεῖρας
3488 4411 3734 4464 ἐδίδασκε

2150 4504 2292 4574 λόγῳ
2343 4504 2634 4572 φάσκοντι·
2673 4525 2690 4556 ι
2726 4506 2913 4574 ’Ἄγιος
2961 4509 2988 4558 6
3022 4506 3147 4568 ναός
3173 4521 3290 4569 σου,
3333 4504 3642 4574 θαυμαστὸς
3677 4505 3741 4556 tv

2156 4596 2489 4668 δικαιοσύνῃ.
2529 4617 2547 4648 ι
2599 4599 2688 4660 Ὠς
2716 4597 2824 4671 γὰρ
2846 4599 2953 4650 τῶν
2984 4597 3254 4668 αἰσθητῶν
3282 4597 3424 4658 ναῶν
3463 4597 3732 4668 θαυμάζε-

2156 4707 2246 4742 ται
2278 4690 2536 4754 πολλάκις
2568 4693 2601 4761 ἡ
2628 4690 2936 4761 κατασκευὴ
2963 4691 3050 4744 διὰ
3076 4690 3362 4759 φιλοκάλου
3393 4688 3736 4754 πολυτελείας

2158 4786 2423 4857 γενομένη
2441 4803 2454 4815 ·
2481 4787 2794 4857 χρυσόροφα
2819 4785 2947 4853 γοῦν
2970 4787 3060 4838 καὶ⁵
3087 4783 3355 4854 διάγλυφα
3375 4784 3740 4847 τεκταίνουσι,

2166 4878 2603 4947 φιλοκαλοῦντες,
2651 4879 2752 4951 ῦλῃ
2794 4895 2851 4930 τε
2898 4879 3090 4933 κιόνων
3139 4879 3232 4930 καὶ
3291 4878 3595 4949 μαρμάρων
3638 4893 3740 4928 κα-

2159 4973 2494 5043 τακοσμοῦσι
2535 4973 2634 5036 τὰς
2678 4973 2999 5043 οἰκοδομάς·
3045 4973 3136 5024 τὸν
3165 4971 3326 5024 αὐτὸν
3357 4971 3552 5040 τρόπον
3587 4971 3615 5022 6
3642 4966 3733 5020 τοῦ

2155 5057 2293 5118 ’Θεοῦ
2337 5064 2473 5127 νεὼς
2521 5064 2674 5133 ἅγιος
2710 5064 2805 5127 ὢν,
2859 5065 2953 5117 καὶ
2998 5063 3155 5116 τοῦτο
3203 5061 3418 5134 πρῶτον
3455 5059 3736 5114 κάλλιστον

2163 5157 2363 5224 ἀγαθὸν
2387 5155 2743 5227 κεκτημένος,
2767 5155 2855 5208 τὸν
2879 5155 3074 5218 ἔξωθεν
3101 5151 3486 5225 περιϐέϐληται
3513 5150 3732 5220 κόσμον,

2162 5249 2528 5319 πολυποικίλῳ
2575 5249 2735 5319 σοφία
2784 5247 2954 5312 Θεοῦ,
3009 5245 3322 5318 δικαιοσύνῃ
3371 5262 3427 5298 τε
3481 5244 3574 5296 καὶ
3617 5245 3735 5306 sai;

2160 5342 2370 5403 λοιπαῖς
2421 5341 2661 5412 ἀρεταῖς,
2703 5341 2814 5401 τοῖς
2859 5355 2915 5390 τε
2954 5337 3047 5390 τοῦ
3089 5337 3242 5404 ἁγίου
3291 5335 3604 5405 Πνεύματος
3638 5349 3736 5402 χα-

2165 5436 2389 5508 ρίσμασι
2433 5432 2888 5502 πεποικιλμένος,
2944 5432 3019 5494 ὡς
3049 5431 3306 5502 ἔκπληξιν
3358 5425 3600 5500 ἐμποιεῖν
3643 5423 3731 5479 καὶ

2161 5529 2346 5599 θαῦμα
2377 5527 2635 5598 παρέχειν
2663 5527 2774 5588 τοῖς
2800 5525 3016 5594 δρῶσιν.
3055 5523 3214 5575 Ὅθεν
3247 5523 3295 5574 οἱ
3325 5519 3740 5588 καταξιούμενοι.

2161 5622 2263 5690 τῆς
2289 5623 2345 5674 ἐν
2377 5619 2524 5689 αὐτῷ
2551 5618 2834 5689 διατριϐῆς
2871 5615 3148 5686 χαίροντές
3180 5632 3307 5683 φασι
3328 5632 3339 5642 ο
3379 5634 3395 5662 ι
3427 5606 3726 5681 Πλησθησζ-

2169 5715 2307 5784 μεθα
2355 5715 2412 5764 ἐν
2456 5716 2565 5775 τοῖς
2618 5711 2841 5778 ἀγαθοῖς
2881 5708 2972 5762 τοῦ
3012 5710 3160 5761 οἴκου
3207 5723 3326 5759 σου·
3365 5706 3515 5774 ἅγιος
3552 5705 3581 5755 6
3612 5699 3734 5763 ναός

552 5885 596 5914 ⁸³
637 5881 814 5936 ITint.
851 5896 934 5944 ιιι,
971 5881 1050 5934 15.
1130 5881 1172 5915 ’³
1211 5877 1227 5931 l
1261 5877 1387 5931 Cor.
1416 5892 1512 5941 xu,
1545 5877 1597 5941 8,
1631 5877 1682 5929 9.
1764 5877 1808 5908 ³³·
1843 5874 2014 5928 ltIor.
2059 5887 2141 5936 ιιι,
2187 5870 2270 5937 i6,
2310 5870 2390 5922 ίῖ.
