4146 6390
434 410 536 465 653

1547 404 2049 463 COMMENTARIA
2089 403 2154 457 IN
2194 403 2532 460 PSALMOS.

3575 407 3677 463 654

434 542 546 585 σου,
570 520 875 591 θαυμαστὸς
898 521 955 571 ἐν
982 517 1347 590 δικαιοσύνῃ.»
1378 518 1546 588 Τήρει
1572 517 1625 570 δὲ
1654 519 1801 577 ὅπως
1833 515 2001 568 ταῦτα

2112 513 2329 571 Davidis
2377 525 2620 585 tempore
2657 516 2805 571 dicta
2849 517 3039 583 fuisse,
3096 534 3206 588 quo
3252 521 3512 590 templum
3546 523 3679 590 illud

433 614 572 667 κατά
618 615 744 674 τοὺς
778 611 1004 680 χρόνους
1047 609 1263 678 ἐλέγετο
1303 608 1396 661 τοῦ
1442 608 1631 673 Δαυῒδ,
1669 608 1790 661 καθ’
1838 607 1932 670 οὓς
1976 610 2005 659 6

432 705 690 773 αἰσθητὸς
722 703 823 755 6:6
842 701 1149 771 Σολομῶνος
1177 700 1386 753 οὐδέπω
1414 700 1817 753 κατεσκεύαστο
1846 698 2001 761 νεὼςο

430 795 734 857 δεικνύντος
782 795 1023 864 ἐναργῶς
1054 793 1146 844 τοῦ
1196 792 1375 859 λόγου,
1424 793 1505 845 ὅτι
1544 794 1572 843 6
1623 790 1836 861 ἀληθῶς
1882 790 2006 853 ναὸς

430 890 523 942 τοῦ
553 888 688 941 Θεοῦ
731 888 827 957 οὐχ
857 890 883 939 6
923 890 985 939 ἐκ
1011 887 1171 938 λίθων
1205 886 1426 956 ἀψύχων
1465 885 1881 956 ᾠκοδομημένος
1916 881 2003 954 ἦν,

432 983 545 1035 ἀλλ’
575 985 603 1035 6
628 980 908 1042 ἀποδοοεὶς
943 982 1073 1049 ἡμῖν
1107 980 1247 1031 κατά
1277 978 1374 1049 τὴν
1404 978 1765 1048 ἀποστολικὴν
1803 995 2009 1048 μαρτυ-

434 1072 575 1142 ρίαν.
641 1070 748 1122 Kal.
789 1068 962 1128 ἄλλως
1012 1070 1068 1121 δὲ
1116 1068 1235 1121 καθ’
1277 1068 1467 1137 ἑτέραν
1522 1068 1766 1138 ἐκδοχὴν,
1820 1066 2006 1137 ἐπειδὴ

433 1164 686 1234 ἀνωτέρω
713 1164 736 1214 ἐ
746 1161 1054 1233 μακάρισαν
1078 1161 1168 1213 τὸν
1200 1161 1491 1228 ἐκλεγέντα
1516 1161 1610 1213 καὶ
1636 1159 2009 1230 ἀναληφθέντα

432 1255 536 1307 ὐπὸ
571 1254 665 1307 τοῦ
698 1252 832 1306 Θεοῦ
854 1294 867 1316 ,
916 1254 1315 1321 κατοικήσαντά
1347 1270 1405 1305 τε
1439 1253 1537 1324 ήδη
1577 1256 1634 1305 ἐν
1669 1256 1788 1315 ταῖς
1822 1252 2009 1314 αὐλαῖς

431 1345 597 1398 αὐτοῦ
642 1348 762 1408 ταῖς
817 1343 1193 1414 ἐπουρανίοις,
1251 1344 1473 1406 εἰκότως
1524 1345 1620 1397 καλ⁸
1676 1344 1831 1397 αὐτοὶ
1874 1343 2007 1405 τέως

434 1438 688 1509 μένοντες
718 1438 925 1509 κλητοὶ,
959 1438 1239 1507 εὐχόμενοι
1268 1436 1323 1489 δέ
1348 1438 1594 1491 ἐκλεκτοὶ
1623 1437 1878 1506 γενέσθαι
1912 1438 2009 1489 καὶ

430 1527 537 1579 τῶν
561 1527 741 1580 αὐτῶν
765 1528 1100 1597 ἐπουρανίων
1128 1527 1303 1597 μονῶν
1332 1528 1755 1598 καταξιωθῆναι,
1793 1528 2009 1590 ἐλπίδας

430 1620 641 1686 ἀγαθὰς
684 1621 897 1682 ἑαυτοῖς
954 1620 1392 1689 ὑπογράφουσιν,
1443 1621 1771 1684 ἱκετεύοντες
1828 1623 2011 1690 τυχεῖν

428 1710 521 1763 τοῦ
545 1710 707 1764 αὐτοῦ
732 1711 1051 1783 ἐπουρανίου
1081 1713 1229 1765 οἴκου
1258 1715 1351 1765 καὶ
1372 1713 1479 1764 τῶν
1506 1714 1563 1765 ἐν
1583 1713 1731 1784 αὐτῷ
1763 1713 2006 1781 ἀγαθῶν.

430 1799 545 1856 Εἶθ’
575 1804 650 1866 ὡς
707 1803 1087 1875 μεμαθηκότες
1123 1806 1303 1868 ὁποῖός
1334 1809 1478 1858 ἐστιν
1510 1808 1538 1858 6
1567 1808 1885 1878 ἐπουράνιος
1915 1808 2013 1860 τοῦ

430 1894 567 1946 Θεοῦ
606 1891 772 1957 οἶκος,
810 1896 1171 1966 ἐρμηνεύουσι
1205 1897 1302 1967 τὴν
1340 1898 1539 1969 ἀρετὴν
1574 1899 1736 1950 αὐτοῦ
1776 1900 2009 1967 φάσκον-

429 1997 520 2043 τες
541 1998 552 2010 ·
600 2000 617 2031 ι
636 1982 820 2050 Ἀγιος
852 1984 880 2034 6
916 1984 1039 2046 ναός
1066 2001 1180 2047 σου,
1208 1985 1515 2055 θαυμαστὸς
1545 1989 1601 2039 ἐν
1633 1988 2002 2061 δικαιοσύνῃ.»

428 2071 572 2134 Ναὸς
611 2072 667 2124 δέ
708 2075 1029 2143 ἐπουράνιος
1069 2077 1163 2129 καὶ
1206 2078 1421 2149 ἀληθῶς
1458 2080 1677 2144 ἐπάξιος
1717 2081 1811 2134 τοῦ
1849 2082 2007 2144 Θεοῦ,

429 2162 489 2215 ἐν
520 2155 563 2229 ᾧ
591 2165 859 2218 κατοικῶν
900 2168 1194 2220 ἐπινοεῖται
1240 2169 1268 2220 6
1309 2169 1415 2221 τῶν
1457 2171 1594 2223 ὅλων
1627 2172 1787 2237 Θεὸς,
1824 2173 1907 2236 τίς
1945 2172 2009 2227 ἄν

428 2253 654 2322 γένοιτο,
691 2257 723 2326 ἢ
757 2258 785 2309 6
822 2259 1112 2329 μονογενὴς
1144 2258 1306 2313 αὐτοῦ
1340 2260 1531 2329 Λόγος,
1558 2263 1638 2325 εἱς
1666 2262 1723 2317 ὃν
1754 2262 2009 2335 εὐδόκησε

429 2346 538 2397 πᾶν
586 2346 645 2399 τὸ
683 2348 957 2419 πλήρωμα
1002 2352 1099 2420 τῆς
1141 2351 1389 2421 θεότητος
1431 2355 1789 2423 κατοικῆσαι;
1844 2351 2011 2419 οὗτος

427 2430 519 2489 οῦν
550 2437 768 2507 ἀληθῶς
802 2440 1109 2508 θαυμαστός
1155 2443 1301 2493 ἐστιν
1340 2444 1396 2496 ἐν
1423 2443 1737 2515 δικαιοσύνῃ
1763 2463 1774 2474 ·
1822 2447 2009 2517 ἐπειδὴ

427 2528 648 2597 γέγονεν
682 2533 809 2601 ἡμῖν
840 2534 1001 2596 αὐτὸς
1046 2535 1205 2603 σοφία
1233 2537 1339 2588 ἀπὸ
1371 2537 1462 2589 τοῦ
1491 2537 1646 2602 Θεοῦ,
1695 2538 2007 2609 δικαιοσύνη

425 2634 487 2672 τε
519 2621 611 2673 καὶ
649 2623 918 2693 ἁγιασμὸς
947 2627 1040 2679 καὶ
1073 2628 1468 2698 ἀπολύτρωτις.

503 2732 522 2763 ι
547 2714 876 2768 Ἐπάκουσον
907 2717 1082 2786 ἡμῶν,
1118 2720 1143 2770 6
1168 2720 1297 2783 Θεὸς
1329 2723 1355 2772 6
1383 2721 1573 2791 Σωτὴρ
1598 2722 1774 2791 ἡμῶν,
1803 2725 1834 2793 ή
1861 2722 2014 2785 ἐλπὶς

430 2803 647 2858 πάντων
675 2806 783 2861 τῶν
815 2809 1065 2877 περάτων
1108 2811 1205 2881 τῆς
1234 2812 1357 2881 γῆς,
1410 2813 1505 2865 καὶ
1530 2813 1638 2865 τῶν
1677 2816 1736 2866 ἐν
1768 2814 2012 2888 θαλάσσῃ

432 2897 669 2967 μακράν.
711 2918 729 2949 ι
804 2900 860 2951 '0
924 2901 1023 2970 μὲν
1077 2901 1140 2971 δὴ
1184 2902 1574 2973 ἐκλελεγμένος
1621 2907 1724 2959 ὑπὸ
1773 2906 1865 2959 σοῦ
1921 2911 2015 2961 καὶ

429 2986 761 3057 ἀναληφθεὶς
786 2991 866 3052 εἱς
889 2991 978 3043 τὸν
1004 2993 1325 3062 ἐπουράνιον
1355 2996 1479 3048 ναὸν
1505 2998 1773 3067 μακάριος
1801 2999 2014 3068 ἀληθῶς

428 3080 521 3132 καὶ
564 3082 959 3151 τρισμακάριος
979 3100 991 3112 ·
1019 3085 1180 3152 ἡμεῖς
1208 3086 1264 3137 δέ
1287 3088 1342 3138 ἐν
1364 3088 1714 3156 ἐπαγγελίαις
1729 3091 1879 3155 ὄντες
1906 3093 2014 3146 τῶν

2107 609 2367 663 sensibile
2417 624 2447 663 a
2490 609 2780 665 Salomone
2821 611 3064 663 nomium
3118 612 3417 667 excitatum
3462 613 3677 669 fuerat:

2107 699 2295 767 sicque
2328 700 2478 753 clare
2507 699 2758 763 docetur,
2802 717 2990 755 verum
3033 701 3124 756 Dei
3153 705 3440 773 templum,
3472 721 3583 759 non
3611 706 3680 760 il-

2107 792 2199 845 lud
2260 806 2382 845 esse
2429 792 2665 861 quodex
2722 794 3037 849 inanimatis
3082 796 3355 866 lapidibus
3409 807 3680 853 structum

2106 890 2253 946 erat,
2290 884 2384 937 sed
2414 883 2561 950 quod
2592 900 2658 938 ex
2701 886 3008 954 apostolico
3041 888 3357 942 testimonio
3383 890 3685 959 designavi-

2107 988 2251 1028 mus.
2290 973 2602 1029 Secundum
2635 977 2797 1028 aliam
2832 993 2963 1030 vero
2990 978 3526 1045 interpretationem,
3555 981 3685 1049 quia

2107 1067 2339 1120 electum
2384 1076 2436 1120 et
2468 1076 2811 1135 assumptum
2848 1084 2877 1121 a
2920 1067 3050 1131 Deo,
3086 1070 3179 1137 qui
3208 1068 3318 1137 jam
3347 1072 3400 1123 in
3445 1072 3688 1125 caelesti-

2109 1157 2212 1211 bus
2240 1157 2360 1226 ejus
2384 1157 2540 1210 atriis
2562 1157 2794 1219 habitat,
2828 1158 3045 1212 beatum
3071 1160 3537 1229 prmdicaveruut;
3565 1162 3689 1229 jure

2110 1246 2287 1315 etipsi
2320 1246 2416 1315 qui
2446 1246 2626 1299 vocati
2673 1257 3017 1315 permanent,
3056 1257 3219 1317 atque
3257 1251 3413 1303 electi
3448 1266 3593 1309 esse,
3636 1260 3690 1305 et

2110 1338 2428 1391 coelestibus
2476 1338 2864 1393 mansionibus
2906 1337 3099 1392 donari
3137 1348 3447 1409 peroptant.
3488 1342 3687 1394 bonam

2112 1429 2215 1482 sibi
2274 1444 2425 1497 spem
2476 1428 2784 1495 ascribunt,
2824 1429 3073 1483 eamdem
3127 1431 3349 1483 domum
3409 1433 3688 1485 cmlestem

2112 1521 2338 1590 ejusque
2390 1522 2530 1575 bona
2581 1524 2846 1591 consequi
2895 1528 3175 1592 rogantes.
3224 1522 3449 1587 Deinde,
3502 1532 3692 1591 utpote

2111 1612 2204 1681 qui
2247 1612 2571 1667 edidicerint
2608 1616 2788 1683 qualis
2822 1614 2913 1667 illa
2948 1614 3191 1668 cmlestis
3225 1614 3317 1668 Dei
3358 1616 3552 1669 domus
3598 1616 3688 1678 sit,

2112 1704 2231 1772 ejus
2268 1705 2525 1758 virtutem
2579 1714 2701 1775 post
2748 1706 3024 1775 explicant
3059 1707 3345 1760 dicentes:
3378 1725 3396 1754 σ
3431 1707 3689 1760 Sanctum

2112 1802 2197 1848 est
2225 1796 2486 1865 templum
2516 1805 2696 1860 tuum,
2724 1798 2975 1850 mirabile
3006 1797 3058 1849 in
3090 1797 3327 1866 justitia.
3362 1816 3380 1849 ι
3408 1797 3691 1867 Templum

2113 1899 2291 1941 autem
2330 1890 2552 1942 cieleste
2578 1904 2641 1942 ac
2670 1904 2796 1943 vere
2824 1887 2934 1943 Deo
2954 1888 3179 1957 dignum
3216 1891 3270 1942 in
3307 1906 3417 1959 quo
3446 1890 3693 1945 habitare

2109 1980 2495 2034 universorum
2546 1979 2691 2035 Deus
2740 1980 3087 2049 intelligitur,
3142 1981 3271 2050 quid
3324 1982 3470 2035 aliud
3506 1982 3689 2047 fuerit,

2110 2080 2274 2134 quam
2329 2064 2673 2134 unigenitum
2725 2065 2847 2134 ejus
2888 2063 3149 2128 Verbum,
3185 2066 3239 2118 in
3284 2080 3394 2136 quo
3430 2067 3691 2135 placitum

2110 2157 2194 2204 est
2224 2166 2440 2204 omnem
2484 2152 2882 2221 plenitudinem
2927 2152 3145 2207 deitatis
3190 2153 3536 2209 inhabitare?
3581 2155 3694 2209 Hoc

2112 2241 2296 2312 itaque
2326 2259 2453 2299 vere
2506 2245 2759 2299 mirabile
2808 2254 2892 2300 est
2927 2246 2981 2297 in
3015 2244 3268 2312 justitia;
3318 2255 3505 2315 utpote
3546 2243 3691 2313 quod

2112 2332 2315 2387 factum
2350 2335 2419 2389 sit
2448 2336 2609 2391 nobis
2646 2337 2917 2406 sapientia
2953 2354 2983 2392 ιι
3010 2338 3141 2403 Deo,
3167 2337 3405 2407 justitia,
3450 2335 3695 2393 sanctiﬁ-

2113 2426 2255 2479 catio
2286 2434 2339 2480 et
2372 2428 2696 2498 redemptio.

2190 2735 2208 2768 ι
2231 2717 2435 2771 Exaudi
2464 2733 2583 2782 nos,
2612 2719 2751 2775 Dens
2783 2720 3033 2775 Salvator
3061 2729 3266 2790 noster,
3303 2739 3427 2794 spes
3450 2728 3695 2782 omnium

2117 2807 2309 2861 ﬁnium
2343 2820 2521 2871 terrae,
2572 2816 2625 2862 et
2657 2825 2843 2863 eorum
2889 2814 2980 2881 qui
3015 2814 3068 2866 in
3108 2816 3244 2867 mari
3292 2825 3423 2869 sunt
3460 2817 3635 2888 longe.
3668 2838 3687 2871 ι

2115 2898 2217 2966 Qui
2249 2900 2342 2953 abs
2375 2909 2426 2954 te
2455 2901 2684 2962 electus,
2718 2908 2771 2955 et
2806 2902 2857 2954 in
2896 2904 3121 2957 celeste
3148 2905 3279 2957 illud
3316 2907 3577 2975 templum
3603 2924 3695 2961 as—

2116 2999 2369 3061 sumptus
2397 2999 2502 3056 est,
2538 3007 2665 3046 vere
2700 2992 2893 3047 beatus
2924 3004 2976 3047 et
3007 3002 3089 3049 ter
3114 2996 3307 3052 beatus
3336 3016 3347 3050 :
3382 3013 3485 3052 nos
3513 3007 3694 3054 autem

2116 3086 2207 3153 qui
2243 3085 2296 3136 in
2330 3083 2712 3153 praedictorum
2758 3084 3026 3139 bonorum
3057 3089 3517 3156 promissionibus
3548 3100 3600 3145 et
3639 3092 3694 3146 in

427 3170 827 3241 προλεχθέντων
840 3174 1076 3241 ἀγαθῶν,
1093 3176 1270 3230 ἐλπίσι
1288 3194 1347 3230 τε
1362 3179 1461 3249 άνη
1470 3197 1570 3249 ρτη
1578 3181 1726 3250 μένοι
1736 3224 1748 3246 ,
1764 3183 1864 3254 ἤδη
1888 3185 2009 3237 ποτὲ

2120 3192 2216 3246 spe
2260 3192 2567 3239 versamur,
2594 3177 2703 3246 jam
2751 3178 2863 3233 haec
2904 3180 3021 3249 ipsa
3074 3184 3333 3251 consequi
3368 3198 3693 3252 precamur:

429 3262 633 3315 τούτων
654 3268 835 3335 τυχεῖν
865 3268 1154 3337 εὐχόμεθα·
1176 3269 1254 3322 διὸ
1286 3272 1708 3343 παρακαλοῦμεν
1737 3275 2013 3344 λέγοντες·

433 3372 452 3405 ι
477 3356 809 3410 Ἐπάκουσον
840 3361 872 3427 ή
884 3359 1019 3428 μῶν,
1049 3363 1077 3413 6
1105 3361 1236 3424 Θεὸς
1259 3364 1285 3415 6
1316 3364 1506 3435 Σωτὴρ
1526 3369 1557 3436 ἡ
1569 3366 1702 3436 μῶν·
1741 3388 1759 3419 ι
1781 3371 2018 3424 ἐπακού-

429 3448 612 3511 σαςδέ,
634 3450 933 3521 μακαρίους
948 3452 1199 3519 γενέσθαι
1214 3455 1570 3521 καταξίωσον,
1586 3461 1679 3513 καὶ
1698 3462 1843 3531 ἡμᾶς
1860 3480 2021 3534 προσ⁶

426 3535 743 3606 λαϐόμενος,
762 3540 856 3591 καὶ
874 3540 1231 3612 ἐκλεξάμενος
1253 3545 1345 3597 καὶ
1361 3547 1677 3613 κατοικίσας
1704 3551 1761 3601 ἐν
1774 3555 1893 3615 ταῖς
1918 3555 2017 3607 αὐ-

426 3626 548 3689 λαῖς
579 3644 673 3679 σου
696 3646 709 3658 ο
748 3629 811 3682 ἵν’
843 3630 961 3682 ἐκεῖ
989 3632 1271 3703 γενόμενοι
1302 3634 1631 3709 πλησθῶμεν
1661 3640 1767 3694 τῶν
1800 3643 2019 3710 ἀγαθῶν

427 3717 523 3770 τοῦ
555 3720 704 3772 οἴκου
742 3737 857 3779 σου,
886 3723 1090 3791 Ἀγαθά
1119 3725 1173 3777 δὲ
1201 3726 1294 3778 τοῦ
1318 3728 1640 3799 ἐπουρανίου
1669 3732 1841 3796 οἴκου,
1861 3735 2019 3788 ὁποῖα

427 3806 493 3860 ἄν
531 3826 612 3871 τις
644 3811 908 3879 νοήσειεν,
950 3812 981 3882 ἢ
1015 3808 1102 3865 οἷα
1145 3816 1173 3866 6
1203 3814 1341 3879 θεῖος
1357 3818 1677 3882 Ἀπόστολος
1723 3821 2015 3893 διέγραψεν

429 3898 626 3951 εἰπών·
662 3920 679 3949 ι
710 3902 775 3953 ’Ἀ
807 3902 1083 3973 ὀφθαλμὸς
1117 3906 1215 3957 οὐκ
1242 3904 1401 3973 εἶδεν,
1436 3909 1529 3961 καὶ
1555 3906 1645 3973 οῦς
1672 3912 1770 3965 οὐκ
1795 3915 2009 3984 ἤκουσε,

428 3990 523 4043 καὶ
567 3992 660 4044 ἐπὶ
706 3994 931 4064 καρδίαν
971 3996 1259 4067 ἀνθρώπου
1304 4002 1403 4053 οὐκ
1430 4004 1617 4073 ἀνέϐη,
1652 4006 1686 4057 ἃ
1716 4008 2009 4078 ἡτοίμασεν

426 4081 610 4145 όΘεὸς
650 4086 763 4146 τοῖς
804 4086 1091 4153 ἀγαπῶσιν
1144 4091 1337 4157 αὐτόν;
1373 4113 1390 4143 ι
1461 4095 1795 4152 Ἐπάκουσον
1834 4099 2010 4155 τοίνυν

428 4173 585 4243 ἡμῶν
604 4213 618 4237 ,
656 4176 689 4227 6
716 4175 846 4240 Θεὸς
867 4180 893 4230 6
918 4179 1110 4250 Σωτὴρ
1140 4184 1171 4251 ἡ
1181 4181 1296 4251 μῶν
1316 4225 1329 4247 ,
1372 4186 1469 4237 καὶ.
1508 4188 1823 4253 ἐπακούσας
1878 4208 2009 4243 κατ-

426 4261 655 4326 αξίωσον
715 4267 807 4319 καὶ
872 4270 1019 4338 ἡμᾶς
1075 4272 1182 4323 τῶν
1234 4276 1454 4343 ἀγαθῶν
1537 4280 1632 4332 τοῦ
1690 4281 1838 4335 οἴκου
1895 4301 2007 4337 σου.

427 4354 610 4409 Ταῦτα
652 4358 992 4414 διδάσκονται
1055 4363 1235 4431 λέγειν
1280 4370 1327 4419 οἱ
1374 4370 1538 4423 πάλαι
1584 4372 1736 4437 ὄντες
1788 4376 2008 4446 σάρκες,

424 4448 525 4517 τῆς
572 4449 628 4502 δὲ
680 4451 773 4504 τοῦ
822 4453 956 4506 Θεοῦ
1012 4456 1255 4527 κλήσεως
1298 4460 1715 4533 κατηξιωμένοι.
1782 4468 2007 4520 Ἐπικα-

2124 3282 2293 3337 quare
2317 3268 2401 3323 his
2425 3268 2607 3323 Verbis
2635 3284 2924 3339 rogamus:
2966 3290 2983 3321 ι
3018 3270 3225 3327 Exaudi
3250 3290 3371 3334 nos,
3404 3274 3547 3330 Deus
3577 3274 3698 3329 Sal-

2120 3370 2277 3414 vator
2311 3366 2500 3415 noster
2535 3379 2549 3414 :
2586 3374 2604 3411 ›
2640 3369 2933 3431 postquam
2982 3370 3161 3417 autem
3191 3366 3521 3433 exaudieris,
3560 3383 3696 3423 con-

2122 3453 2256 3507 cede
2280 3454 2441 3507 etiam
2467 3452 2627 3507 nobis
2659 3461 2717 3505 ut
2752 3455 2891 3507 beati
2924 3453 3241 3518 efﬁciamur,
3275 3459 3366 3527 qui
3396 3473 3498 3513 nos
3537 3469 3697 3515 antea

2120 3555 2432 3616 assumptos
2468 3554 2523 3601 et
2551 3546 2755 3602 electos
2788 3547 3034 3602 habitare
3060 3548 3236 3604 fecisti
3272 3550 3322 3603 in
3353 3552 3508 3606 atriis
3542 3554 3692 3619 tuis;

2120 3649 2179 3692 ut
2209 3640 2279 3693 ibi
2311 3639 2591 3693 constituti
2625 3638 2948 3708 impleamur
2979 3640 3136 3694 bonis
3159 3641 3354 3695 domus
3386 3650 3509 3695 ture.
3547 3638 3695 3697 Bona

2119 3742 2246 3784 vero
2280 3730 2521 3785 cielestis
2559 3728 2754 3783 domus
2783 3744 3031 3798 quamam
3082 3746 3202 3785 esse
3245 3733 3546 3799 putaveris,
3587 3734 3693 3788 nisi

2118 3838 2238 3892 quae
2269 3822 2560 3891 Apostolus
2604 3821 2690 3877 his
2735 3822 2917 3876 verbis
2960 3822 3255 3892 descripsit
3288 3842 3299 3876 :
3338 3842 3355 3873 ι
3396 3822 3527 3888 Quae
3569 3838 3697 3878 ocu-

2120 3915 2205 3968 lus
2236 3930 2341 3967 non
2374 3912 2528 3979 vidit,
2565 3929 2665 3969 nec
2709 3914 2860 3968 auris
2892 3914 3120 3977 audivit,
3154 3931 3250 3969 nec
3285 3919 3339 3969 in
3377 3931 3475 3968 cor
3517 3915 3695 3969 Immi-

2118 4007 2205 4061 nis
2267 4006 2543 4070 ascendit,
2594 4021 2714 4075 qua:
2758 4009 3087 4076 przeparavit
3142 4006 3285 4062 Deus
3334 4006 3691 4077 diligentibus

2117 4113 2175 4152 se
2195 4098 2275 4150 ‘5?
2306 4118 2323 4149 ι
2359 4096 2565 4151 Exaudi
2612 4098 2794 4167 itaque
2825 4112 2946 4161 nos,
2995 4097 3136 4153 Deus
3190 4098 3440 4153 Salvator
3481 4106 3688 4164 noster,

2115 4196 2169 4245 et
2202 4199 2488 4260 postquam
2536 4192 2869 4254 exaudieris,
2919 4204 3022 4245 nos
3052 4192 3213 4246 bonis
3250 4191 3446 4246 domus
3472 4199 3579 4245 tuae
3617 4190 3694 4245 di-

2114 4294 2297 4351 gnare.
2336 4280 2459 4335 Haec
2485 4282 2668 4337 dicere
2709 4286 3035 4345 edocentur,
3079 4267 3328 4352 quicum
3380 4282 3509 4335 olim
3560 4297 3692 4336 caro

2112 4380 2317 4435 essent,
2352 4373 2445 4427 Dei
2488 4375 2774 4428 vocatione
2818 4373 3006 4427 donati
3053 4378 3200 4427 sunt.
3233 4371 3553 4441 Opportune
3593 4388 3691 4425 au-

2112 4470 2220 4516 tem
2247 4464 2395 4518 hisce
2426 4464 2606 4518 verbis
2641 4464 2993 4517 Servatnrem
3028 4463 3286 4516 invocant
3322 4478 3503 4528 suum,
3529 4478 3689 4532 quem

364 4578 365 4589 η
425 4537 641 4593 λοῦνται
677 4542 734 4594 δέ
769 4545 1040 4616 εὐκαίρως
1062 4548 1119 4598 ἐν
1148 4549 1358 4613 τούτοις
1388 4552 1479 4604 τὸν
1523 4555 1730 4609 ἑαυτῶν
1761 4557 2009 4631 Σωτῆρα,

2119 4554 2373 4623 superius
2418 4554 2863 4623 propitiationem
2914 4554 3345 4624 appellaverunt,
3385 4568 3508 4606 cum
3549 4552 3694 4607 dice-

426 4628 487 4683 ὃν
521 4632 613 4684 καὶ
640 4633 896 4706 ἀνωτέρω
937 4636 1163 4707 ἱλασμὸν
1211 4640 1503 4711 ὠνόμασαν
1532 4648 1773 4712 εἰπόντες
1793 4688 1807 4713 ,
1866 4668 1883 4701 ι
1904 4628 2012 4703 καὶ

424 4720 527 4784 τὰς
566 4723 794 4794 ἀνομίας
821 4727 975 4797 ἡμῶν
1044 4731 1106 4783 σὺ
1142 4731 1317 4805 ἱλάσῃ.
1365 4755 1382 4785 ι
1410 4737 1519 4789 Καὶ
1562 4738 1799 4792 ἐνταῦθα
1830 4741 1886 4793 δέ
1922 4742 2011 4795 τὸν

426 4814 652 4887 Σωτῆρα
702 4819 735 4887 ἡ
775 4819 1036 4893 Ἐὄραῖκὴ
1095 4824 1282 4896 Γραφῆ
1330 4828 1538 4892 τούτοις
1585 4831 1855 4902 ἐγγράφει
1901 4838 2011 4898 τοῖς

426 4908 803 4981 χαρακτῆρσι,
847 4912 913 4964 δι’
945 4907 1019 4966 ὧν
1062 4917 1153 4969 καὶ
1187 4918 1215 4969 6
1258 4920 1527 4990 ἡμέτερος
1560 4923 1749 4995 Σωτὴρ
1801 4926 2005 4995 Ἰησοῦς

426 4998 715 5067 γράφεται.
779 5003 977 5057 Τοῦτον
1034 5006 1090 5059 δέ
1146 5009 1307 5063 αὐτὸν
1357 5011 1448 5064 τὸν
1493 5014 1721 5085 Σωτῆρα
1771 5018 1864 5069 καὶ
1914 5017 2005 5071 τὸν

431 5087 674 5160 ἱλασμὸν,
713 5111 730 5143 ι
766 5093 955 5148 ἐλπίδα
984 5098 1199 5152 πάντων
1229 5101 1337 5154 τῶν
1370 5106 1619 5174 περάτων
1645 5107 1743 5177 τῆς
1776 5110 1878 5179 γῆς
1912 5111 2004 5162 καὶ

425 5180 535 5234 τῶν
576 5184 633 5236 ἐν
677 5183 919 5260 θαλάσσῃ
978 5191 1196 5263 μακρὰν
1236 5211 1254 5244 ›
1309 5194 1685 5265 ὀνομάζουσιν,
1747 5198 2004 5270 ἄντικρυς

427 5272 799 5364 παριστῶντες
843 5279 1010 5348 μηδὲν
1040 5281 1212 5336 ταῦτα
1256 5285 1391 5354 πρὸς
1440 5288 1760 5353 Ἰουδαίους·
1808 5291 1867 5343 οὐ
1897 5292 2005 5364 γὰρ

431 5362 610 5430 μόνοις
640 5364 821 5432 αὐτοῖς
842 5409 856 5431 ,
892 5371 1025 5423 πᾶσι
1053 5371 1109 5423 δέ
1141 5376 1253 5438 τοῖς
1286 5376 1461 5431 ἔθνεσι
1503 5380 1602 5451 τὴν
1630 5380 1724 5433 τοῦ
1754 5378 2007 5453 Σωτῆρος

427 5451 600 5546 χάριν
624 5456 1087 5527 εὐαγγελίζεσθαι,
1124 5460 1204 5528 οἷς
1234 5466 1455 5539 γνώμην
1487 5471 1618 5523 Θεοῦ
1654 5475 1747 5526 καὶ
1780 5451 2005 5546 ἐπιστή-

432 5561 538 5638 μην
584 5545 954 5612 θεσπίζουσιν⁸
1004 5554 1079 5618 ὡς
1127 5560 1322 5628 μηκέτι
1360 5562 1458 5625 τάς
1498 5563 1718 5629 ἐλπίδας
1764 5545 2003 5638 άναρτᾷν

431 5636 523 5689 ἐπὶ
561 5639 685 5701 τοὺς
718 5641 883 5695 πάλαι
913 5643 1297 5718 νομιζομένους
1336 5654 1514 5711 αὐτῶν
1547 5656 1722 5725 θεοὺς,
1759 5659 1871 5713 ἀλλ’
1910 5661 2001 5713 ἐπὶ

501 5814 548 5843 ³⁵
578 5812 736 5869 lCnr.
770 5833 827 5880 ιι,
864 5820 913 5873 ο.

2114 4655 2256 4712 rent,
2299 4668 2317 4699 ι
2346 4658 2397 4702 et
2439 4648 2814 4718 impietatibus
2866 4648 3074 4701 nostris
3120 4654 3177 4700 tu
3222 4646 3629 4716 propitiaberis.
3664 4663 3683 4696 ι

2111 4740 2212 4795 llic
2251 4756 2467 4810 quoque
2511 4739 2782 4793 Hebraica
2835 4740 3117 4809 Scriptura
3170 4738 3505 4792 Salvatorem
3555 4735 3690 4806 ipsis

2111 4834 2521 4888 characteribus
2560 4832 2750 4896 eﬂ'ert,
2805 4834 2960 4901 queis
3010 4831 3260 4886 Salvator
3308 4842 3497 4885 noster
3526 4831 3695 4884 Jesus

2112 4929 2391 4982 scribitur.
2435 4927 2696 4982 Eumdem
2743 4940 2909 4995 porro
2944 4925 3289 4979 Servatorem
3333 4931 3386 4978 et
3420 4922 3684 4993 propitia-

2110 5018 2313 5071 tionem
2354 5018 2429 5071 ita
2466 5033 2682 5087 quoque
2713 5024 2933 5080 vocant,
2972 5035 2989 5066 ι
3026 5013 3185 5085 Spem
3217 5015 3458 5067 omnium
3492 5013 3689 5066 finium

2109 5120 2270 5166 terrae
2311 5116 2364 5165 et
2410 5126 2596 5165 eorum
2628 5111 2722 5178 qui
2769 5111 2823 5161 in
2875 5109 3013 5161 mari
3070 5116 3197 5162 sunt
3243 5108 3421 5175 longe,
3454 5124 3472 5157 ι
3503 5105 3680 5174 palam

2108 5204 2451 5258 declarantes
2500 5202 2613 5255 hare
2646 5201 2783 5255 nihil
2818 5200 2884 5255 ad
2918 5199 3136 5255 Judtcos
3168 5201 3478 5269 pertinere:
3508 5213 3687 5267 neque

2111 5295 2255 5349 enim
2305 5294 2439 5364 ipsis
2490 5302 2727 5355 tantum,
2779 5292 2875 5346 sed
2917 5292 3077 5346 etiam
3131 5290 3387 5345 omnibus
3428 5290 3684 5360 gentibus

2114 5386 2418 5442 Servatoris
2462 5386 2715 5454 gratiam,
2775 5392 2835 5438 ut
2876 5394 2929 5439 et
2985 5383 3231 5437 notitiam
3286 5382 3683 5451 scientiamque

2109 5477 2202 5532 Dei
2237 5475 2662 5531 annuntiandam
2696 5475 3085 5536 vaticinantur,
3125 5473 3194 5526 ita
3234 5481 3291 5526 ut
3315 5488 3421 5526 non
3456 5473 3595 5526 ultra
3624 5474 3683 5527 in

2108 5569 2224 5623 suis
2257 5569 2385 5623 olim
2412 5567 2625 5622 vocatis
2656 5567 2785 5630 diis,
2834 5565 2930 5621 sed
2957 5566 3012 5619 in
3040 5580 3107 5620 eo
3144 5566 3262 5621 solo
3291 5566 3382 5634 qui
3422 5563 3679 5619 Servatur

2105 5675 2296 5717 eorum
2351 5660 2574 5715 enectus
2620 5666 2725 5727 est,
2769 5673 2919 5730 spem
2973 5664 3255 5727 reponant.
3312 5656 3678 5728 «Praeparatis
