4146 6390
502 377 608 434 935

1180 372 1444 429 EUSEBII
1483 370 1957 429 CESARIENSIS
1991 368 2142 424 OPP.
2186 367 2365 421 PARS
2404 367 2579 423 lll.—
2614 368 3023 426 EXEGETICA.

3656 374 3755 429 638

504 506 719 551 montes
771 497 824 549 in
880 494 1077 549 virtute
1120 510 1239 551 sua.
1271 495 1552 549 aceinctus
1604 494 1869 564 potentia.
1905 511 1922 543 ι
1978 489 2081 545 Pro

2190 488 2349 559 μόνον
2396 490 2489 545 τὸν
2533 491 2712 545 αὐτῶν
2747 494 3035 563 γενόμενον
3079 495 3323 566 Σωτῆρα.
3376 514 3394 547 ι
3426 495 3758 568 Ἐτοιμάζων

505 587 620 649 illo,
662 606 679 637 ι
715 602 1026 656 pra-parans
1070 595 1305 649 montes,
1339 606 1357 637 ι
1398 586 1781 657 Symmachus,
1839 604 1857 634 ι
1895 584 2081 637 funda-

503 681 574 732 sti
617 687 849 740 montes,
881 698 899 728 ι
952 679 1340 747 interpretatus
1378 686 1484 731 est.
1532 676 1631 730 Hic
1679 693 1841 745 porro
1895 677 2080 730 divina

501 770 570 824 de
605 770 894 824 Servatore
919 770 1169 823 doctrina
1201 769 1504 823 inducenda
1537 776 1640 824 est.
1681 768 1760 821 Tu
1792 769 1960 831 enim,
1995 769 2081 821 in-

503 863 641 931 quit,
675 878 735 916 es
771 878 898 931 spes
928 862 1171 915 omnium
1216 862 1402 915 [inium
1456 869 1636 924 teme,
1671 862 1763 930 qui
1798 868 1850 915 et
1883 861 1997 914 hzec
2029 868 2081 914 ct

502 954 591 1007 illa
631 955 830 1007 virtute
879 961 970 1006 tua
1024 969 1217 1022 magna
1268 952 1584 1007 condidisti.
1637 952 1819 1005 Primo
1861 954 2078 1021 quidem

502 1044 827 1112 praeparasti
858 1051 1070 1097 montes
1111 1044 1163 1095 in
1200 1044 1406 1097 virtute
1433 1051 1543 1103 tua,
1584 1043 1865 1097 accinctus
1892 1054 2079 1113 poten-

501 1135 615 1187 tia:
643 1133 837 1188 deinde
887 1135 1231 1187 conturbasti
1273 1134 1606 1203 profundum
1659 1136 1861 1197 maris,
1906 1143 1959 1189 et
2000 1152 2079 1190 so-

501 1241 631 1281 num
667 1224 930 1279 ﬂuctuum
962 1226 1083 1294 ejus
1115 1226 1376 1295 mitigasti
1406 1246 1418 1279 :
1450 1234 1639 1295 postea
1686 1242 1781 1296 per
1811 1229 1924 1282 haec
1958 1245 2082 1283 con-

501 1316 739 1370 turbasti
771 1324 983 1385 gentes.
1017 1315 1114 1370 llis
1139 1331 1269 1371 vero
1299 1317 1470 1385 gestis
1506 1333 1758 1387 magnam
1792 1321 2079 1374 utilitatem

503 1418 867 1477 perceperunt
898 1408 989 1477 qui
1038 1408 1285 1462 habitant
1315 1410 1599 1463 terminos.
1637 1409 1713 1463 Te
1758 1413 1957 1481 quippe
1992 1430 2083 1469 no-

503 1509 723 1567 verunt,
770 1510 824 1555 et
855 1502 1154 1557 timuerunt
1198 1518 1229 1556 a
1274 1504 1445 1574 signis
1486 1505 1618 1566 tuis,
1672 1505 1745 1557 ita
1777 1515 1834 1557 ut
1875 1506 2080 1558 nullam

508 1592 737 1647 ulterius
767 1601 963 1661 praeter
997 1602 1049 1647 te
1080 1608 1231 1663 spem
1265 1594 1336 1648 ob
1361 1595 1549 1649 oculos
1578 1605 1863 1665 ponerent.
1903 1595 2082 1660 Quare

506 1699 675 1753 supra
716 1684 921 1737 dictum
957 1692 1081 1739 est:
1118 1703 1137 1736 ι
1178 1684 1313 1755 Spes
1337 1688 1581 1740 omnium
1614 1687 1801 1740 ﬁnium
1842 1696 2017 1741 terrae.
2057 1707 2074 1738 ι

503 1773 546 1829 li
577 1776 722 1830 enim
759 1777 852 1845 qui
885 1777 1147 1833 terminos
1192 1787 1351 1832 terrae
1402 1778 1655 1831 incolunt
1706 1779 1795 1832 hic
1830 1795 2079 1849 praenun-

503 1865 673 1918 tiatur
707 1864 948 1920 futurum
980 1883 1101 1922 esse
1128 1876 1184 1920 ut
1208 1869 1437 1923 timeant
1472 1868 1638 1923 Deum
1670 1884 1699 1921 a
1738 1869 1910 1939 signis
1936 1870 2077 1940 ejus,

505 1964 564 2011 ut
605 1957 810 2012 dicitur
838 1976 850 2011 :
892 1977 910 2009 ‹
940 1958 1003 2012 Et
1033 1960 1301 2014 timebunt
1331 1960 1423 2029 qui
1477 1961 1726 2015 habitant
1758 1964 2023 2017 terminos
2051 1977 2080 2016 a

507 2052 678 2121 signis
713 2052 841 2105 tuis.
872 2068 890 2102 ›
918 2049 1177 2116 Quaenam
1212 2051 1366 2120 signa
1395 2051 1487 2105 illa
1515 2059 1691 2114 erant,
1717 2067 1837 2121 quae
1863 2067 1986 2105 cum
2011 2051 2083 2104 vi-

505 2146 689 2199 derent
719 2144 814 2213 qui
847 2143 1166 2197 habitabant
1194 2143 1460 2197 terminos
1490 2143 1789 2197 timuerunt
1819 2142 1986 2199 Deum
2026 2144 2080 2198 in

502 2236 791 2305 ipsumque
835 2245 1149 2304 sperarunt,
1192 2235 1451 2303 superius
1496 2234 1681 2289 docuit
1729 2235 1813 2291 bis
1854 2236 2077 2291 verbis:

510 2348 529 2381 ι
562 2329 882 2398 Prreparans
914 2338 1128 2384 montes
1178 2330 1231 2382 in
1265 2329 1463 2383 virtute
1513 2345 1633 2393 sua,
1671 2332 1952 2384 accinctus
1990 2344 2082 2398 po-

502 2422 697 2483 tentia,
725 2420 816 2490 qui
848 2420 1151 2475 conturbas
1183 2419 1511 2490 profundum
1534 2421 1723 2485 maris,
1756 2437 1948 2476 sonum
1980 2422 2081 2475 ﬂu-

504 2523 689 2567 ctuum
716 2514 858 2583 ejus.
893 2533 910 2565 ι
941 2512 1075 2579 Quis
1107 2514 1448 2568 sustinebit?
1483 2533 1499 2564 ι
1532 2513 1919 2568 Turbabuntur
1945 2531 2078 2585 gen-

507 2614 611 2660 tes.
644 2623 663 2657 ι
696 2604 818 2659 Haec
847 2604 1093 2659 videntes
1135 2604 1227 2674 qui
1280 2604 1529 2658 habitant
1570 2606 1854 2671 terminos,
1886 2606 2081 2660 timue-

508 2703 639 2751 runt
685 2712 713 2750 a
770 2697 944 2766 signis
978 2697 1117 2765 ejus.
1178 2694 1273 2751 His
1318 2712 1483 2765 porro
1536 2698 1875 2768 signiﬁcatur
1919 2699 2082 2767 spiri-

505 2799 659 2844 tuum
698 2791 1082 2860 malignorum,
1132 2789 1223 2859 qui
1267 2791 1394 2844 olim
1444 2800 1636 2845 contra
1668 2790 1764 2845 Dei
1795 2792 2079 2845 scientiam

505 2880 876 2948 erigebantur,
940 2878 1175 2947 abjectio
1233 2889 1285 2931 et
1343 2877 1615 2948 depulsio,
1667 2895 1734 2934 ac
1795 2880 2079 2934 diabolicae

507 2971 643 3025 aciei
688 2970 893 3033 clades,
945 2972 1360 3041 principatuum
1394 2972 1669 3039 videlicet,
1724 2981 2079 3042 potestatum,

506 3073 779 3122 rectorum
831 3065 1014 3118 mundi
1071 3075 1124 3119 et
1184 3065 1558 3135 spiritualium
1620 3066 1879 3137 nequitia.-
1915 3085 1927 3119 :
1960 3080 2081 3135 qua:

2183 583 2282 653 ὅρη
2319 586 2374 637 ἐν
2402 587 2467 655 τῇ
2502 586 2645 656 ισχύῖ
2673 587 2857 651 αὐτοῦ,
2880 588 3311 660 περιεζωσμένος
3338 592 3395 642 ἐν
3417 591 3751 644 δυναστεία..

2195 676 2341 729 Ἀντὶ
2375 678 2489 742 τοῦ,
2528 698 2545 729 i
2577 680 2882 749 ἐτοιμάζων
2910 681 3033 751 ὅρη,
3061 683 3302 754 ἦδρασας
3335 683 3457 755 ὅρη,
3493 702 3510 735 ι
3558 687 3586 737 6
3616 682 3758 754 Σύμ-

2189 788 2360 841 μαχος
2393 772 2751 841 ήρμήνευσεν.
2796 773 3013 838 Ἐπάξει
3045 775 3099 828 δέ
3127 780 3155 829 6
3185 776 3340 843 λόγος
3368 777 3466 839 τὰς
3496 776 3623 848 περὶ
3662 777 3756 830 τοῦ

2188 860 2572 932 προλεχθέντος
2601 864 2850 933 Σωτῆρος
2882 863 3181 933 θεολογίας.
3213 867 3283 917 Σὺ
3317 866 3424 935 γάρ
3455 862 3523 928 εἷ,
3568 866 3752 936 φησὶν,

2181 959 2214 1026 ή
2250 956 2403 1020 ἐλπὶς
2446 958 2664 1011 πάντων
2702 957 2809 1010 τῶν
2850 960 3099 1029 περάτων
3141 959 3241 1027 τῆς
3282 959 3383 1029 γῆς
3428 962 3456 1013 6
3490 960 3614 1013 τάδε
3662 963 3754 1013 καὶ

2184 1047 2309 1101 τάδε
2341 1051 2405 1119 τῇ
2445 1049 2641 1102 σαυτοῦ
2670 1050 2895 1119 δυνάμει
2920 1050 3383 1121 μεγαλουργήσας.
3410 1052 3628 1123 Πρῶτον
3659 1054 3756 1123 μὲν

2181 1140 2481 1210 ἡτοίμασας
2507 1139 2606 1211 ὅρη
2634 1142 2691 1193 ἐν
2722 1143 2786 1211 τῇ
2824 1139 2965 1209 ἰσχύϊ
2997 1157 3089 1191 σου
3122 1140 3564 1213 περιζωσάμενος
3596 1143 3725 1197 δυνα

2186 1228 2399 1282 στείαν·
2445 1225 2563 1282 εἶτα
2610 1230 2975 1302 συνετάραξας
3015 1231 3075 1284 τὸ
3115 1232 3275 1295 κύτος
3320 1234 3418 1303 τῆς
3460 1232 3753 1303 θαλάσσης,

2184 1321 2277 1373 καὶ
2305 1321 2414 1373 τῶν
2444 1322 2700 1391 κυμάτων
2726 1324 2892 1392 αὐτῆς
2922 1323 2981 1376 τὸ
3008 1319 3140 1393 ἦχος
3173 1324 3447 1395 ὲπράῦνας
3466 1343 3477 1354 ·
3526 1322 3642 1378 εἷτα
3669 1326 3755 1379 διά

2181 1413 2385 1465 τούτων
2436 1414 2703 1484 ἐτάραξας
2755 1414 2901 1485 ἔθνη.
2957 1415 3171 1468 Τούτων
3222 1416 3277 1469 δὲ
3324 1417 3647 1489 γενομένων,
3688 1419 3757 1471 τὰ

2188 1502 2397 1571 μεγάλα
2450 1501 2805 1573 ὠφελήθησαν
2861 1505 2911 1555 οἱ
2967 1504 3344 1569 κατοικοῦντες
3397 1506 3465 1560 τά
3527 1507 3754 1579 πέρατα.

2188 1596 2472 1663 Ἐγνωσαν
2501 1595 2609 1665 γάρ
2636 1612 2715 1658 σε,
2743 1596 2836 1649 καὶ
2868 1596 3209 1667 ἐφοϐήθησαν
3239 1598 3346 1652 ἀπὸ
3379 1599 3485 1650 τῶν
3516 1600 3757 1670 σημείων

2191 1704 2281 1739 σου
2317 1727 2330 1749 ,
2381 1687 2457 1749 ὼς
2508 1687 2707 1757 μηκέτι
2763 1688 2947 1740 λοιπὸν
3002 1688 3167 1759 ἀλλην
3226 1689 3348 1742 τινὰ
3400 1689 3590 1743 ἐλπίδα
3652 1691 3757 1760 πρὸ

2184 1778 2477 1848 ὀφθαλμῶν
2536 1778 2779 1831 τίθεσθαι
2831 1779 2863 1849 ἦ
2919 1780 2998 1832 σέ.
3059 1780 3149 1833 Διὸ
3204 1781 3460 1852 ἀνωτέρω
3508 1780 3753 1848 ἐλέγετο’

2192 1891 2210 1921 ι
2250 1871 2311 1923 Ἥ
2350 1872 2502 1935 ἐλπὶς
2541 1873 2754 1925 πάντων
2793 1872 2902 1925 τῶν
2948 1875 3196 1944 περάτων
3250 1874 3346 1944 τῆς
3380 1875 3499 1945 γῆς.
3533 1894 3550 1926 ι
3597 1868 3758 1928 Οὗτοι

2185 1964 2292 2035 γὰρ
2326 1966 2375 2017 oi
2405 1964 2472 2017 τὰ
2505 1966 2716 2035 πέρατα
2744 1964 2843 2034 τῆς
2872 1966 2972 2035 γῆς
2998 1964 3272 2029 οἰκοῦντες
3306 1968 3363 2019 ἐν
3390 1970 3502 2030 τοῖς
3540 1985 3760 2038 προκει-

2188 2057 2371 2128 μένοις
2424 2057 2828 2127 φοϐηθήσεσθαι
2882 2058 2973 2111 τὸν
3021 2058 3153 2111 Θεὸν
3205 2059 3313 2112 άπὸ
3359 2060 3468 2112 τῶν
3520 2060 3759 2130 σημείων

2185 2148 2349 2202 αὑτοῦ
2386 2148 2729 2213 θεσπίζονται
2776 2149 2881 2202 ὑπὸ
2920 2149 3013 2203 τοῦ
3056 2152 3325 2220 φήσαντος
3356 2151 3565 2219 λογίου’
3605 2171 3623 2203 ι
3652 2152 3761 2205 Καὶ

2183 2240 2579 2310 φοϐηθήσονται
2627 2242 2675 2293 οἱ
2724 2241 3101 2305 κατοικοῦντες
3141 2243 3208 2295 τὰ
3248 2245 3459 2315 πέρατα
3498 2245 3605 2298 ἀπὸ
3651 2245 3769 2298 τῶν

2185 2332 2427 2401 σημείων
2463 2349 2577 2386 σου.
2615 2353 2632 2383 ι
2674 2334 2809 2387 Ποῖα
2839 2334 2893 2386 δὲ
2929 2330 2996 2403 ἦν
3023 2335 3090 2387 τὰ
3138 2340 3355 2405 σημεῖα,
3390 2337 3532 2407 άπερ
3565 2336 3763 2391 θεασά-

2187 2442 2336 2490 μενοι
2389 2426 2437 2477 οἱ
2486 2426 2865 2489 κατοικοῦντες
2923 2427 2991 2478 τά
3029 2427 3240 2499 πέρατα
3282 2428 3626 2500 ἐφοϐήθησαν
3668 2431 3758 2482 τὸν

2181 2516 2311 2568 Θεὸν
2356 2517 2451 2569 καὶ
2498 2519 2577 2579 είς
2636 2518 2797 2571 αὐτὸν
2846 2517 3113 2589 ήλπισαν,
3165 2520 3508 2590 προεδίδαξεν
3557 2520 3753 2573 εἰπών·

2187 2628 2204 2658 ι
2230 2608 2561 2679 Ἐτοιμάζων
2602 2608 2703 2679 ὅρη
2734 2610 2790 2661 ἐν
2823 2612 2887 2680 τῇ
2926 2610 3069 2679 ἰσχύϊ
3097 2609 3260 2663 αὗτοῦ
3280 2650 3294 2673 ,
3326 2608 3758 2681 περιεζωσμένος

2182 2704 2238 2755 ἐν
2266 2700 2570 2772 δυναστείᾳ,
2599 2702 2626 2753 6
2658 2701 3041 2772 συνταράσσων
3067 2701 3131 2754 τὸ
3150 2701 3312 2765 κύτος
3340 2702 3438 2773 τῆς
3464 2701 3755 2771 θαλάσσης,

2181 2797 2345 2866 ἤχους
2398 2796 2656 2864 κυμάτων
2695 2797 2883 2865 αὐτῆς.
2923 2816 2939 2847 ι
2998 2797 3094 2860 Τίς
3148 2798 3539 2868 ὑποστήσεταις
3598 2814 3616 2847 ι
3650 2797 3760 2849 Τα-

2186 2886 2543 2957 ραχθήσονται
2570 2887 2715 2957 ἔθνη.
2751 2907 2769 2938 ι
2808 2888 2990 2941 Ταῦτα
3024 2888 3350 2959 θεασάμενοι
3380 2888 3761 2942 οίκατοικοῦν-

2180 2997 2270 3042 τες
2295 2978 2361 3031 τά
2385 2980 2614 3050 πέρατα,
2654 2982 2997 3053 ἐφοϐήθησαν
3024 2982 3131 3035 ἀπὸ
3156 2983 3261 3035 τῶν
3299 2983 3543 3053 σημείων
3573 2980 3754 3034 αὑτοῦ.

2183 3072 2445 3145 Δηλοῦται
2485 3075 2541 3127 δὲ
2582 3075 2668 3128 διά
2709 3074 2913 3127 τούτων
2958 3078 2988 3143 ή
3025 3074 3131 3127 τῶν
3166 3074 3333 3127 πάλαι
3378 3073 3757 3145 ἐπαιρομένων

506 3157 725 3226 quidem
752 3156 882 3209 olim
916 3156 1168 3227 gentibus
1203 3166 1407 3211 terram
1441 3158 1808 3212 incolentibus
1841 3156 2079 3211 domina-

2186 3164 2322 3217 κατὰ
2380 3166 2477 3235 τῆς
2523 3165 2775 3233 γνώσεως
2820 3166 2913 3218 τοῦ
2951 3164 3086 3218 Θεοῦ
3133 3163 3383 3235 πονηρῶν
3439 3164 3760 3233 πνευμάτων

508 3250 724 3313 bantur,
778 3259 831 3304 et
876 3250 1127 3304 humanae
1178 3248 1303 3303 vita}
1356 3264 1507 3304 mare
1551 3250 1979 3304 commiscebant
2025 3260 2080 3303 et

506 3340 931 3404 conturbabant,
960 3341 1034 3393 ita
1077 3348 1136 3395 ut
1184 3340 1411 3396 deorum
1453 3340 1791 3411 religionem,
1825 3341 2078 3395 omnibus

506 3432 820 3487 universum
875 3432 1024 3487 orbis
1074 3432 1405 3486 elementum
1454 3432 1821 3487 incolentibus
1871 3432 2079 3486 emitte-

506 3532 647 3581 rent.
686 3522 879 3577 Omnia
920 3538 1049 3578 vero
1084 3540 1180 3594 per
1213 3525 1516 3579 salutarem
1553 3523 1644 3578 Dei
1689 3523 1978 3579 adventum
2013 3524 2079 3579 de

507 3618 687 3673 medio
736 3616 950 3672 sublata
1003 3624 1055 3670 et
1097 3632 1287 3671 eversa
1338 3623 1489 3670 sunt.
1538 3614 1633 3670 llis
1691 3615 1891 3669 similia
1940 3616 2079 3670 alius

505 3724 722 3779 quoque
774 3708 1034 3777 propheta
1091 3707 1242 3763 hisce
1288 3707 1468 3762 verbis
1512 3706 1840 3760 vaticinatur
1881 3726 1892 3761 :
1935 3726 1952 3757 ι
1979 3706 2080 3761 Au-

508 3800 663 3864 dite,
716 3800 900 3869 populi
946 3814 1177 3861 omnes,
1237 3799 1331 3867 qui
1385 3799 1646 3854 habitatis
1705 3800 1757 3853 in
1810 3800 1925 3869 ipsa
1972 3817 1985 3853 :
2028 3806 2081 3854 et

506 3894 612 3947 erit
669 3891 810 3946 Deus
868 3891 1021 3946 vobis
1085 3894 1141 3945 in
1197 3892 1617 3955 testimonium,
1672 3892 1953 3948 vDominus
2012 3892 2080 3947 de

506 3983 668 4038 domo
694 3994 883 4039 sancta
915 4000 1033 4040 sua.
1061 3984 1199 4049 Quia
1228 3998 1356 4039 ecce
1384 3983 1667 4047 Dominus,
1698 3983 1961 4039 Dominus
1991 3983 2081 4038 de—

508 4078 735 4133 scendet
779 4078 846 4133 de
882 4080 1004 4132 loco
1051 4093 1172 4141 suo,
1217 4085 1271 4133 et
1306 4077 1641 4132 conscendet-
1667 4092 1830 4146 super
1865 4076 2077 4131 excelsa

509 4177 688 4223 teme.
736 4168 801 4221 Et
834 4177 1077 4223 conteret
1118 4175 1335 4222 montes
1366 4166 1560 4221 subtus
1608 4182 1687 4230 se,
1724 4175 1778 4220 et
1814 4166 1984 4221 valles
2014 4166 2080 4218 li-

510 4268 772 4329 quescent
832 4261 978 4314 sicut
1028 4275 1151 4314 cera
1214 4275 1245 4313 a
1297 4259 1433 4314 facie
1497 4260 1639 4329 ignis
1693 4268 1913 4329 propter
1980 4260 2081 4313 im-

511 4352 768 4419 pietatem
804 4348 974 4404 Jaeob
1007 4367 1018 4401 :
1057 4350 1171 4404 luec
1200 4351 1383 4404 omnia
1430 4357 1485 4404 et
1534 4356 1757 4419 propter
1796 4358 2079 4418 peccatum

511 4440 709 4494 dormis
742 4437 994 4493 Israel".
1036 4459 1054 4491 ι
1095 4441 1154 4493 In
1189 4454 1301 4493 xvu
1360 4440 1486 4493 item
1536 4439 1767 4508 psalmo,
1803 4438 1894 4507 qui
1933 4439 2084 4507 ejus—

2186 3257 2511 3320 ταπείνωσις
2546 3258 2639 3310 καὶ
2679 3257 3052 3328 ήκαθαίρεσις
3093 3258 3191 3326 τῆς
3231 3256 3541 3326 διαϐολικῆς
3586 3273 3761 3326 παρα-

2185 3344 2423 3409 τάξεως,
2461 3346 2641 3417 ἀρχῶν
2689 3347 2889 3418 δηλαδὴ
2940 3348 3030 3400 καὶ
3082 3346 3357 3411 ἐξουσιῶν,
3411 3346 3503 3400 καὶ
3563 3363 3763 3417 κοσμο-

2187 3438 2467 3509 κρατόρων
2506 3440 2599 3491 καὶ
2652 3439 3033 3509 πνευματικῶν
3094 3440 3193 3508 τῆς
3250 3440 3541 3509 πονηρίας·
3604 3437 3761 3491 ἅτινα

2188 3530 2354 3583 πάλαι
2392 3530 2490 3601 μὲν
2517 3531 2841 3601 κατεκράτει
2871 3530 2979 3585 τῶν
3009 3532 3100 3583 ἐπὶ
3126 3532 3225 3600 γῆς
3250 3531 3538 3583 οἰκούντων
3568 3529 3757 3593 ἐθνῶν,

2188 3621 2458 3675 συνεκύκα
2530 3640 2588 3675 τε
2654 3623 2746 3674 καὶ
2815 3624 3175 3694 συνετάραττε
3231 3624 3331 3692 τὴν
3390 3620 3489 3673 ’τοῦ
3550 3618 3760 3691 ἀνθρω-

2189 3710 2341 3763 πείου
2391 3710 2507 3779 βίου
2567 3710 2862 3776 θάλασσαν,
2905 3712 2979 3776 ὡς
3027 3713 3162 3765 θεῶν
3206 3710 3363 3777 δόξαν
3414 3710 3761 3764 ἀποστέλλειν

2190 3802 2337 3871 παρὰ
2361 3803 2493 3855 πᾶσι
2537 3806 2647 3865 τοῖς
2669 3803 2727 3854 τὸ
2750 3803 2848 3872 τῆς
2886 3803 2988 3873 γῆς
3026 3803 3232 3855 οἰκοῦσι
3262 3805 3539 3872 στοιχεῖον.
3574 3800 3759 3871 Καθῄ-

2180 3908 2348 3961 γρηται
2394 3892 2451 3944 δὲ
2514 3893 2689 3945 πάντα
2748 3893 2841 3945 καὶ
2903 3892 3310 3963 ἀνατέτραπται
3359 3892 3450 3944 διὰ
3506 3891 3604 3959 τῆς
3654 3906 3762 3942 σω-

2184 3984 2374 4053 τηρίου
2428 3981 2761 4049 θεοφανείας.
2816 3981 2895 4034 Τὰ
2934 3983 3094 4052 ὅμοια
3140 3982 3197 4034 δέ
3242 3981 3447 4043 τούτοις
3479 3981 3572 4033 καὶ
3606 3980 3763 4042 ἄλλος

2188 4075 2471 4144 προφήτης
2505 4067 2605 4127 ὦδε
2659 4072 2903 4137 θεσπίζει
2948 4072 3155 4141 λέγων·
3216 4091 3234 4123 α
3274 4072 3596 4133 Ἀκούσατε,
3645 4072 3765 4123 λαοὶ

2189 4165 2385 4227 πάντες
2423 4166 2473 4216 οἱ
2505 4165 2882 4228 κατοικοῦντες
2929 4167 2984 4217 ἐν
3017 4166 3151 4236 αὐτῇ
3177 4183 3189 4194 ·
3241 4166 3334 4219 καὶ
3374 4165 3524 4218 ἔσται
3564 4166 3593 4217 6
3632 4165 3763 4229 Θεὸς

2189 4257 2319 4324 ὑμῖν
2363 4258 2441 4319 είς
2487 4256 2806 4327 μαρτύριον,
2852 4256 3057 4326 Κύριος
3096 4255 3155 4320 ἐξ
3201 4256 3350 4308 οἴκου
3394 4255 3548 4324 ἁγίου
3578 4255 3759 4309 αὑτοῦ.

2190 4349 2333 4401 Διότι
2371 4348 2475 4402 ἰδοὺ
2502 4350 2707 4419 Κύριος
2742 4349 3106 4418 καταϐήσεται
3148 4352 3210 4402 ἐκ
3243 4349 3335 4401 τοῦ
3369 4349 3532 4402 τόπου
3563 4347 3760 4401 αὑτοῦ·

2192 4441 2283 4493 καὶ
2302 4440 2643 4512 ἐπιϐήσεται,
2676 4440 2880 4511 Κύριος
2905 4441 2996 4493 ἐπὶ
3026 4440 3090 4493 τά
3116 4440 3221 4510 ὕψη
3244 4440 3344 4509 τῆς
3360 4441 3478 4511 γῆς.
3522 4440 3630 4492 Καὶ
3644 4457 3765 4491 συν-

511 4533 636 4587 dem
682 4531 894 4587 Domini
940 4532 1265 4588 descensum
1317 4547 1381 4587 ex
1429 4532 1583 4585 caelis
1611 4532 1663 4584 in
1690 4539 1896 4585 terram
1931 4547 2081 4585 com-

2189 4531 2504 4603 τριϐήσεται
2523 4531 2592 4584 τά
2607 4532 2706 4603 ὅρη
2723 4532 3071 4586 ὑποκάτωθεν
3092 4531 3257 4586 αὐτοῦ
3278 4549 3289 4561 ο
3319 4533 3413 4584 καὶ
3440 4532 3495 4585 at
3523 4531 3765 4593 κοιλάδες

515 4624 796 4696 plectitur,
822 4624 1029 4677 dictum
1055 4633 1138 4677 est
1172 4638 1183 4673 :
1227 4642 1245 4674 ‹
1287 4622 1346 4675 Ει
1375 4629 1648 4675 commota
1680 4630 1763 4677 est
1797 4630 1850 4677 et
1876 4629 2085 4677 contre-

518 4719 658 4773 muit
689 4725 855 4779 terra,
882 4715 1236 4769 fundamenta
1280 4716 1543 4769 montium
1580 4715 1908 4769 conturbata
1958 4722 2085 4768 sunt

512 4820 570 4865 et
601 4818 869 4864 commota
920 4815 1068 4870 sunt,
1109 4808 1365 4878 quoniam
1417 4808 1592 4863 iratus
1638 4815 1720 4863 est
1770 4807 1851 4862 eis
1903 4806 2086 4860 Domi-

509 4904 698 4961 nus".
738 4922 755 4955 ι
790 4900 886 4955 llis
921 4917 1085 4971 porro
1140 4900 1438 4955 descensus
1478 4900 1713 4959 Domini,
1756 4900 1807 4954 id
1864 4907 1947 4954 est
1989 4899 2085 4953 Dei

520 5000 701 5055 νει-οι,
734 4992 1110 5062 signiﬁcatur;
1148 4990 1454 5060 deindeque
1498 4991 1838 5044 occultarum
1866 5000 1918 5045 et
1950 4991 2088 5068 invi—

517 5084 760 5141 sibilium
814 5089 1169 5152 potestatum,
1202 5096 1322 5151 qua:
1352 5081 1480 5134 olim
1523 5080 1578 5133 in
1630 5081 1861 5135 sublime
1913 5082 2087 5150 erige-

516 5177 737 5232 bantur.
770 5183 823 5228 ct
847 5175 915 5227 ab
940 5174 1195 5228 omnibus
1232 5175 1483 5243 gentibus
1527 5174 1870 5236 colebantur,
1902 5174 2083 5234 ruina,

515 5268 749 5336 abjectio
782 5274 835 5321 et
865 5266 1174 5335 dissipatio,
1204 5281 1325 5334 quae
1367 5265 1421 5319 in
1454 5265 1572 5334 ejus
1593 5266 1658 5319 ad
1689 5266 1949 5320 homines
1993 5265 2087 5319 de-

517 5374 715 5411 scensu
741 5357 987 5427 contigit.
1016 5355 1195 5422 Quare
1226 5357 1277 5410 in
1305 5357 1557 5426 prassenti
1597 5358 1798 5411 dicitur
1831 5373 1844 5408 :
1887 5377 1906 5407 ι
1945 5356 2090 5410 Praa-

518 5465 719 5519 parans
759 5457 970 5505 montes
1024 5451 1077 5503 in
1131 5449 1334 5503 virtute
1384 5464 1504 5513 sua,
1559 5450 1841 5504 accinctus
1894 5456 2086 5519 poten-

523 5539 619 5592 tia.
658 5559 676 5591 ι
709 5539 956 5594 Potentia
989 5541 1132 5593 enim
1180 5539 1486 5602 accinctus,
1520 5537 1839 5595 fortitudine
1880 5539 2090 5593 scilicet

520 5644 642 5691 sua,
693 5630 984 5699 praedictos
1036 5638 1248 5684 montes
1298 5630 1540 5684 nondum
1592 5629 1809 5700 quidem
1861 5644 2090 5702 prorsus

593 5803 637 5835 “
674 5801 835 5859 Micb.
872 5819 910 5871 ι,
942 5805 1058 5859 2-4.
1136 5808 1177 5846 ιτ
1202 5804 1346 5863 Psal.
1373 5821 1508 5874 xvu,
1539 5803 1595 5861 8.

2185 4625 2515 4696 τακήσονται
2556 4626 2630 4687 ὡς
2662 4624 2831 4695 κηρὸς
2867 4625 2974 4677 ἀπὸ
3000 4623 3290 4695 προσώπου
3341 4622 3507 4693 πυρὸς
3538 4624 3603 4675 δι’
3637 4622 3767 4676 ἀσέ-

2186 4719 2334 4771 ϐειαν
2384 4716 2606 4771 Ἰακώϐ’
2645 4717 2814 4771 ταῦτα
2855 4716 3030 4770 πάντα
3068 4716 3162 4769 καὶ
3202 4716 3267 4768 δι’
3312 4715 3585 4785 ἁμαρτίαν
3614 4714 3765 4766 οἴκου

2199 4809 2433 4882 Ἰσραήλ.
2477 4831 2494 4861 ι
2520 4810 2679 4863 Ἀλλὰ
2708 4810 2800 4863 καὶ
2835 4811 2891 4862 ἐν
2918 4808 2995 4879 τῷ
3026 4807 3090 4871 ιζ’
3115 4806 3334 4878 ψαλμῷ,
3380 4806 3476 4877 τὴν
3518 4805 3575 4869 ἐξ
3604 4806 3771 4876 ούρα-

2186 4900 2292 4954 νῶν
2321 4902 2413 4954 ἐπὶ
2434 4901 2537 4970 γ’ής
2562 4901 2858 4953 κατάϐασιν
2882 4900 2975 4952 τοῦ
3003 4897 3165 4951 αὐτοῦ
3198 4896 3400 4968 Κυρίου
3438 4896 3766 4967 περιέχοντι.

2186 4990 2466 5044 λέλεκταιο
2502 5009 2519 5039 ι
2563 4991 2669 5042 Καὶ
2714 4988 2975 5057 ἐσαλεύθη
3015 4988 3109 5039 καὶ
3157 4986 3413 5055 ἔντρομος
3457 4983 3682 5055 ἐγενήθη
3734 4984 3768 5053 ἠ

2188 5077 2295 5147 γῆ,
2342 5077 2437 5130 καὶ
2481 5077 2549 5129 τά
2600 5076 2823 5147 θεμέλια
2870 5075 2977 5128 τῶν
3027 5076 3196 5145 ὀρέων
3242 5073 3619 5145 ἐταράχθησαν
3672 5073 3772 5124 καὶ

2188 5170 2577 5241 ἐσαλεύθησαν,
2605 5170 2684 5222 ὅτι
2717 5168 2960 5239 ὠργίσθη
2991 5168 3171 5230 αὐτοῖς
3200 5169 3228 5220 6
3258 5166 3480 5237 Κύριος.
3513 5185 3531 5217 ι
3562 5165 3775 5236 Σημαίέ

2189 5280 2336 5315 νεται
2362 5262 2417 5315 δὲ
2452 5261 2538 5315 διὰ
2578 5261 2781 5313 τούτων
2812 5259 3034 5323 κάθοδος
3063 5257 3154 5311 τοῦ
3186 5258 3413 5328 Κυρίου,
3436 5256 3636 5325 δηλαδὴ
3670 5254 3770 5307 τοῦ

2190 5354 2323 5408 Θεοῦ
2356 5355 2529 5422 Λόγου
2550 5371 2563 5384 ’
2593 5351 2689 5406 εἶτ’
2725 5354 2816 5406 ἐπὶ
2844 5354 2909 5421 τῇ
2947 5353 3026 5414 είς
3070 5349 3387 5421 ἀνθρώπους
3432 5347 3642 5415 rae/16(3)
3673 5346 3775 5399 αὐθ-

2191 5448 2282 5501 τοῦ
2318 5448 2423 5500 τῶν
2462 5445 2680 5515 ἀφανῶν
2732 5446 2825 5498 καὶ
2858 5444 3102 5515 ἀοράτων
3136 5442 3415 5511 δυνάμεων
3450 5439 3557 5491 τῶν
3599 5438 3775 5493 πάλαι

2191 5542 2270 5602 εἰς
2299 5539 2430 5608 ὕψος
2460 5538 2803 5608 ἐπηρμένων,
2838 5536 2929 5588 καὶ
2968 5534 3116 5605 παρὰ
3158 5536 3286 5586 πᾶσι
3316 5537 3425 5594 τοῖς
3469 5530 3642 5584 ἔθνεσι
3681 5546 3777 5581 τε».

2194 5630 2511 5703 τιμημένων
2533 5630 2848 5700 καθαίρεσις
2870 5627 2963 5683 καὶ
2986 5626 3309 5689 ταπείνωσις
3328 5620 3789 5691 καὶσκεδασμῶ..
