4142 6388
423 380 530 437 657

1545 377 2052 437 COMMENTARIA
2090 381 2158 436 ΙΝ
2199 382 2540 443 PSALMOS.

3569 390 3674 445 63.38

417 497 510 550 Διὸ
563 493 659 548 καὶ
701 494 758 546 ἐν
791 494 902 555 τοῖς
934 491 1070 562 μετά
1107 493 1293 563 χεῖρας
1336 494 1580 562 εἴρηται·
1611 512 1628 543 ι
1672 493 1999 564 Ἐτοιμάζων

2104 496 2346 560 sustulit,
2372 497 2466 552 sed
2491 497 2816 567 prmparavit
2843 505 2898 552 et
2942 497 3009 552 ad
3051 498 3386 570 supplicium
3433 498 3678 556 destina—

417 587 520 660 ὅρη
551 589 608 638 ἐν
637 589 702 656 τῇ
731 584 873 654 ῑσχύῐ
901 583 1087 647 αὐτοῦ,
1117 584 1552 656 περιεζωσμένος
1566 587 1623 637 ἐν
1637 586 1941 658 δυναστείᾳ.
1981 605 1998 636 ι

419 677 717 746 Δυναστείᾳ
740 676 848 746 γὰρ
888 674 1346 745 περιεζωσμένος,
1389 677 1456 745 τῇ
1507 673 1670 729 αὐτοῦ
1721 675 1890 744 ίσχύῖ,
1936 676 2006 732 τά

417 769 786 841 προλεχθέντα
818 768 920 840 ὅρη
949 768 1099 820 οῠπω
1132 767 1228 838 μὲν
1263 769 1340 829 εἰς
1373 767 1434 823 τὸ
1483 767 1744 830 παντελὲς
1788 766 1992 820 ἀπώλε-

416 878 540 914 σεν·
575 861 840 930 ἡτοίμασε
887 859 944 912 δὲ
977 861 1055 922 εἰς
1093 858 1358 930 τιμωρίαν
1392 859 1526 922 τέως
1562 857 1828 930 ἀφορίσας
1864 859 2006 912 αὐτὰ

417 954 512 1005 καὶ
546 953 862 1022 ἀποστήσας
894 951 992 1021 τῆς
1026 952 1167 1004 κατά
1199 950 1304 1004 τῶν
1329 951 1629 1022 ἀνθρώπων
1658 951 2001 1023 τυραννίδοςθ

415 1045 552 1098 ἀλλά
575 1047 669 1098 καὶ
699 1045 758 1098 τὸ
792 1043 952 1106 κύτος
978 1044 1078 1114 τῆς
1100 1043 1372 1113 θαλάσσης
1399 1046 1464 1114 τῇ
1496 1043 1686 1102 ἐαυτοῦ
1719 1044 2004 1115 δυναστείᾳ

417 1139 750 1191 κατέπαυσε.
803 1137 893 1188 Διὸ
939 1135 1217 1189 λέλεκται⁰
1256 1153 1274 1185 ι
1312 1136 1702 1206 Συνταράσσων
1748 1136 1807 1188 τὸ
1841 1135 2002 1200 κύτος

412 1231 513 1301 τῆς
545 1229 846 1298 θαλάσσης,
869 1229 1030 1298 ἡχους
1052 1228 1308 1298 κυμάτων
1344 1227 1534 1298 αὐτῆς.
1569 1247 1586 1278 ι
1632 1228 1774 1286 Ἀντὶ
1800 1227 1854 1280 δὲ
1887 1226 2001 1289 τοῦ,

421 1341 440 1372 ο
465 1325 492 1375 6
517 1321 921 1392 συνταράσσων,
948 1339 965 1371 ι
987 1322 1014 1372 6
1035 1319 1131 1390 μὲν
1148 1319 1432 1383 Ἀκύλαςμ
1459 1317 1851 1372 καταστέλλων·
1877 1338 1893 1368 ι
1910 1318 2004 1370 ὁδε

413 1413 728 1476 Θεοδοτίων,
758 1431 784 1464 ι
809 1411 1208 1482 καταπραΰνων
1228 1452 1242 1476 ,
1278 1430 1298 1463 ι
1327 1413 1421 1464 καὶ
1451 1413 1484 1481 ἡ
1515 1412 1736 1483 πέμπτη
1772 1411 2001 1475 ἔκδοσις,

421 1526 440 1558 ‹
469 1507 497 1558 ὁ
515 1503 938 1576 καταπραΰνων,
974 1524 992 1556 ι
1015 1504 1386 1575 ἡρμήνευσαν.
1405 1504 1564 1572 Λέγει
1592 1503 1634 1556 δ’
1661 1500 1755 1557 οὖν
1785 1506 1813 1556 ὁ
1847 1503 2004 1555 Ἀκύ-

412 1601 538 1666 λας·
580 1622 599 1654 ι
637 1601 1028 1663 Καταστέλλων
1063 1596 1195 1679 ἦχον
1241 1599 1536 1670 θαλάσσης,
1566 1600 1790 1671 θόρυϐον
1827 1600 2004 1671 κυμά-

411 1712 521 1748 των
551 1695 721 1765 αὐτῆς
759 1694 853 1747 καὶ
895 1693 1048 1767 ὄχλον
1091 1692 1292 1762 φυλῶν.
1344 1711 1362 1744 ι
1392 1692 1600 1756 Ὥσπερ
1627 1691 1733 1764 γάρ
1765 1691 1832 1748 τὰ
1867 1709 1998 1764 προ-

411 1785 672 1856 λεχθὲντα
701 1784 800 1854 ὅρη
846 1785 926 1846 είς
977 1782 1073 1854 τὴν
1121 1784 1416 1853 μέλλουσαν
1471 1782 1610 1839 αὐτὰ
1648 1783 2000 1854 διαλήψεσθαί

2104 590 2202 652 vit,
2231 597 2286 644 et
2315 605 2343 642 a
2375 590 2666 660 tyrannide
2721 605 2885 660 quam
2946 591 3002 645 in
3061 592 3313 647 homines
3353 596 3676 649 exercebant

2105 682 2337 736 semovit
2364 700 2377 736 :
2412 683 2521 735 imo
2547 683 2712 738 etiam
2751 682 3082 753 profundum
3115 683 3282 739 maris
3310 686 3548 754 potentia
3581 701 3677 740 sua

2106 773 2336 829 sedavit.
2374 771 2718 844 Quapropter
2770 775 2974 829 dicitur
3030 794 3042 830 :
3089 795 3107 827 ι
3150 773 3500 831 Conturbans
3551 792 3677 846 pro-

2105 864 2335 919 fundum
2394 867 2588 932 maris,
2641 881 2842 921 sonum
2901 866 3164 921 ﬂuctuum
3219 869 3360 938 ejus.
3396 888 3414 919 ι
3451 867 3557 923 Pro
3587 868 3677 922 illo

2105 967 2286 1012 autem
2312 997 2327 1021 ,
2369 977 2386 1008 ι
2422 959 2798 1022 conturbatis,
2847 978 2864 1012 ι
2903 957 3120 1030 Aquila,
3158 978 3182 1009 «-
3215 961 3616 1030 comprimens;
3651 982 3674 1015 ι

2107 1049 2431 1113 Theodotio,
2471 1070 2489 1102 ‹
2533 1052 2824 1120 mitigans;
2859 1072 2878 1103 ι
2907 1054 3099 1122 quinta
3134 1053 3259 1107 item
3288 1053 3478 1115 editio,
3521 1072 3539 1103 ι
3577 1053 3677 1105 ιιιὶ-

2105 1143 2322 1211 ligans,
2364 1163 2382 1195 ι
2437 1144 2779 1213 interpretati
2829 1153 2985 1199 sunt.
3038 1146 3125 1198 Ait
3193 1145 3357 1215 igitur
3421 1146 3615 1215 Aquila
3659 1161 3672 1196 :

2111 1255 2128 1285 ‹
2169 1236 2552 1305 Comprimens
2609 1252 2805 1291 sonum
2852 1238 3041 1300 maris,
3081 1238 3371 1291 tumultum
3415 1237 3675 1291 ﬂuctuum

2104 1324 2245 1393 ejus,
2269 1334 2324 1379 et
2357 1326 2572 1380 turbam
2616 1327 2923 1382 nationum.
2967 1347 2984 1380 ι
3020 1326 3488 1395 Quemadmodum
3531 1331 3674 1382 enim

2102 1415 2391 1485 praedictos
2451 1426 2666 1472 montes
2727 1417 2794 1471 ad
2851 1417 3093 1473 futurum
3149 1419 3287 1488 ipsis
3333 1419 3674 1474 inferendum

2104 1509 2433 1580 supplicium
2478 1512 2826 1580 praeparavit,
2863 1511 2939 1565 ita
2998 1527 3217 1582 quoque
3265 1527 3458 1566 sonum
3508 1513 3676 1568 maris

2101 1612 2155 1657 et
2184 1604 2477 1656 tumultum
2531 1603 2796 1658 ﬂuctuum
2854 1605 2975 1672 ejus
3009 1606 3356 1675 compressit.
3391 1604 3674 1670 Quodnam

2103 1693 2233 1748 illud
2267 1710 2436 1756 mare,
2463 1697 2587 1765 quis
2607 1712 2776 1752 sonus
2803 1697 2942 1765 ejus,
2967 1698 3091 1766 quis
3117 1697 3382 1751 tumultus
3416 1695 3674 1751 ﬂuctuum

2102 1785 2223 1852 ejus
2275 1786 2369 1848 sit,
2425 1787 2529 1840 sub
2589 1789 2703 1841 haec
2752 1787 2997 1841 declarat
3030 1786 3228 1856 Aquila
3282 1785 3521 1840 dicens:
3559 1802 3578 1835 ι
3613 1783 3677 1836 Et

409 1876 682 1948 τιμωρίαν
709 1875 1026 1946 ἡτοίμασεν,
1083 1875 1225 1928 οὕτω
1253 1875 1564 1929 κατέστειλε
1607 1875 1696 1928 τὸν
1734 1872 1865 1949 ἦχον
1899 1875 1993 1931 θα-

2102 1877 2312 1930 turbam
2366 1879 2671 1935 nationum.
2718 1900 2735 1931 ι
2787 1878 3068 1948 Siquidem
3122 1878 3293 1931 multa
3330 1877 3458 1931 olim
3517 1875 3673 1931 turba

409 1970 617 2039 λάσσης
646 1969 739 2022 καὶ
775 1968 865 2020 τὸν
907 1965 1132 2036 θόρυϐον
1174 1967 1282 2020 τῶν
1309 1967 1570 2038 κυμάτων
1602 1967 1790 2036 αὐτῆς.
1823 1968 1918 2032 Τίς
1943 1967 1998 2021 δὲ

410 2064 445 2132 ἡ
475 2061 858 2128 θάλασσα,,καὶ
891 2060 1132 2124 ποταπὸς
1164 2062 1193 2114 6
1229 2056 1362 2132 ἦχος
1386 2061 1578 2132 αὐτῆς,
1617 2060 1712 2114 καὶ
1737 2061 1821 2123 τίς
1850 2063 1877 2118 6
1907 2059 1996 2112 Οό-

416 2151 576 2224 ρυϐος
604 2152 711 2206 τῶν
750 2152 1007 2222 κυμάτων
1035 2152 1226 2221 αὐτῆς,
1258 2134 1384 2225 ἑξῆς
1417 2151 1673 2218 διασαφεῖ
1708 2152 1735 2203 6
1773 2149 1999 2212 Ἀκύλας

414 2242 614 2297 εἰπών·
654 2263 673 2294 ‹
707 2245 815 2296 Καὶ
862 2243 1016 2314 ὄχλον
1063 2242 1265 2311 φυλῶν.
1321 2261 1340 2293 ι
1386 2243 1444 2294 'U
1477 2242 1584 2314 γὰρ
1629 2241 1793 2305 πολὺς
1846 2241 1998 2314 ὄχλος

411 2333 520 2386 τῶν
559 2333 726 2388 πάλαι
778 2334 966 2397 ἐθνῶν,
1010 2334 1105 2387 καὶ
1147 2332 1254 2386 τῶν
1284 2332 1423 2385 κατὰ
1460 2333 1566 2384 πᾶν
1596 2332 1750 2400 γένος
1787 2331 1997 2403 ἀνθρώ-

413 2443 532 2479 πων
562 2425 744 2496 φυλῶν
776 2422 866 2498 ἦν,
899 2428 988 2479 ὅτε
1020 2425 1171 2497 κῦμα
1208 2424 1302 2477 τοῦ
1345 2423 1453 2476 τῶν
1509 2423 1808 2494 ἀνθρώπων
1851 2423 1995 2493 βίου.

412 2523 510 2573 καὶ
539 2519 820 2591 ἡτοιαύτη
852 2519 945 2573 τού
971 2518 1166 2591 θνητοῦ
1209 2518 1322 2590 βίου
1352 2517 1594 2571 θάλασσα
1621 2519 1718 2588 τῆς
1763 2517 1872 2569 τῶν
1904 2519 1998 2570 ἀν-

412 2611 646 2684 θρώπων
694 2612 890 2676 κακίας
944 2611 1369 2683 πεπληρωμένη,
1400 2609 1566 2662 πολὺν
1599 2608 1824 2680 θόρυϐον
1862 2605 1996 2679 εἶχε,

415 2700 589 2774 μέγαν
631 2697 853 2771 τεῆχον
885 2699 1300 2764 ἐξαπέστελλενσ
1355 2699 1448 2752 ἅτε
1489 2699 1583 2752 τὸν
1626 2697 1894 2769 δράκοντα
1925 2699 2002 2750 οἰ-

411 2791 610 2850 κοῦντα
631 2793 687 2844 ἐν
722 2793 858 2862 αὐτῇ
896 2791 1227 2862 κεκτημένη,
1274 2791 1401 2860 περὶ
1436 2785 1494 2844 οὗ
1518 2790 1798 2843 λέλεκται·
1836 2808 1852 2838 ι
1876 2789 2001 2841 Ἐπ-

413 2883 532 2950 άξει
565 2884 770 2955 Κύριος
801 2885 828 2937 6
859 2884 989 2948 Θεὸς
1015 2883 1111 2954 τὴν
1156 2882 1426 2954 μάχαιραν
1471 2884 1561 2936 ἐπὶ
1592 2883 1682 2935 τὸν
1709 2880 1996 2952 δράκοντα,

411 2977 533 3044 ὅφιν
565 2977 655 3029 τὸν
701 2975 932 3039 σκολιόν,
969 2975 1064 3032 καὶ
1097 2974 1275 3028 ἀνελεῖ
1317 2975 1407 3028 τὸν
1435 2975 1699 3046 δράκοντα
1733 2975 1822 3027 τὸν
1846 2976 1903 3027 ἐν
1932 2977 1997 3050 τῇ

413 3069 690 3143 θαλάσσῃ·
726 3089 744 3120 ι
781 3069 876 3121 καὶ
923 3066 1154 3137 ἀλλαχοῦ
1199 3066 1474 3138 προειπὼν
1509 3069 1536 3121 6
1573 3067 1760 3136 λόγος·
1799 3086 1817 3118 ι
1852 3066 1998 3138 Αὕτη

410 3164 446 3234 ἡ
503 3161 745 3218 Θάλασσα
792 3163 826 3231 ἡ
874 3159 1082 3231 μεγάλη
1117 3161 1209 3212 καὶ
1271 3158 1605 3229 εὐρύχωρος,
1660 3178 1677 3209 ι
1723 3157 1995 3227 ἐπιλέγειο

417 3273 436 3304 ι
488 3254 634 3306 Ἐκεῖ
659 3252 873 3330 δράκων
895 3246 1066 3315 οὗτος,
1093 3251 1151 3304 ὃν
1181 3250 1422 3314 ἔπλασας
1454 3251 1743 3330 ἐμπαίζειν
1770 3250 1938 3320 αὐτῷ.
1976 3269 1994 3302 ι

425 3347 584 3400 Ἀλλὰ
609 3323 719 3417 γὰρ
736 3344 945 3418 ἀθρόως
967 3345 1061 3397 καὶ
1082 3343 1170 3397 τὸν
1190 3343 1457 3414 δράκοντα
1474 3344 1565 3404 καὶ
1585 3323 1688 3415 την.
1707 3343 1997 3407 θάλασσαν,

412 3439 508 3497 καὶ
526 3437 621 3500 τὸν,
643 3435 752 3490 τῶν
771 3436 1028 3506 κυμάτων
1060 3435 1225 3505 αὐτῆς
1244 3429 1397 3505 ἦχον,
1419 3437 1452 3505 ἡ
1480 3433 1632 3497 ἐλπὶς
1661 3418 1884 3488 πάντων,
1894 3432 2002 3486 τῶν

414 3531 666 3602 περάτων
695 3530 792 3597 τῆς
826 3529 948 3599 γῆς,
988 3529 1312 3596 ἐπιφανεῖσα
1335 3526 1660 3596 ἀνθρώποις,
1690 3525 2000 3579 κατέστειλε

413 3623 508 3677 καὶ
536 3621 899 3691 κατεπράὓνε,
927 3619 1016 3672 τόν
1035 3637 1092 3672 τε
1118 3619 1274 3690 ὄχλον.
1293 3617 1602 3686 τῶνφυλῶν
1628 3617 1835 3671 ἔσϐεσε.
1863 3617 1999 3670 Τού-

415 3729 522 3772 των
549 3713 603 3766 δὲ
633 3712 961 3782 γενομένων,
986 3711 1111 3780 ἐξῆς
1137 3713 1228 3771 καὶ
1252 3709 1559 3772 ἀκολούθως
1585 3709 1814 3781 εἴρηται·
1841 3727 1859 3758 ι
1885 3710 1993 3762 Καὶ

415 3802 828 3881 φοϐηθήσονται,
867 3803 924 3855 οί
960 3802 1338 3865 κατοικοῦντες
1388 3801 1455 3854 τὰ
1499 3800 1712 3873 πέρατα
1743 3799 1852 3854 ἀπὸ
1891 3799 2000 3853 τῶν

415 3897 658 3968 σημείων
689 3913 802 3948 σου.
844 3914 860 3944 ι
908 3895 1091 3948 Ἱκανὰ
1121 3896 1230 3963 γὰρ
1268 3890 1336 3964 ἦν
1387 3894 1452 3946 τὰ
1498 3892 1861 3964 προλεχθέντα
1905 3909 2000 3963 ση-

417 3991 564 4060 μεῖα,
589 3987 689 4058 ὄρη
714 3985 1112 4056 ταπεινούμενα
1141 3985 1234 4038 καὶ
1257 3983 1530 4056 θαλάσσης
1555 3979 1688 4054 ἦχος
1714 3982 2001 4037 καταστελ-

413 4077 658 4148 λόμενος,
686 4075 912 4148 θόρυϐός
936 4093 996 4129 τε
1027 4075 1285 4145 κυμάτων
1314 4074 1509 4145 μηκέτι
1545 4073 1828 4145 ταράττων
1857 4073 1998 4127 κατὰ

412 4171 473 4222 τὸ
503 4167 728 4221 παλαιὸν
748 4207 763 4231 ,
793 4167 927 4220 ἀλλὰ
955 4167 1047 4221 καὶ
1073 4165 1226 4236 ὄχλος
1256 4164 1442 4232 φυλῶν
1469 4164 1560 4216 καὶ
1589 4163 1748 4226 αὐτὸς
1776 4162 1997 4215 σϐεννύ-

419 4277 597 4330 μενος.
630 4257 790 4328 φόϐον
822 4258 1118 4327 ἐμποιῆσαι
1161 4259 1274 4318 τοῖς
1319 4254 1628 4308 κατοικοῦσι
1659 4253 1728 4306 τὰ
1757 4253 1992 4325 πέρατα·

415 4353 488 4417 ὡς
546 4352 740 4423 μηκέτι
781 4349 850 4404 τὰ
893 4349 1257 4420 προλεχθέντα
1306 4349 1483 4401 πάντα
1536 4346 1833 4416 φοϐεῖσθαι,
1882 4346 1994 4399 ἀλλ’

414 4442 510 4497 ἕνα
546 4444 704 4515 μόνον
733 4444 823 4497 τὸν
867 4441 1082 4495 πάντων
1115 4440 1337 4493 ἐκείνων
1368 4439 1592 4510 νικητήν
1614 4456 1626 4468 ·
1659 4438 1838 4492 ὅντινα
1885 4437 1994 4490 λοι-

2098 1970 2339 2039 gentium
2397 1979 2451 2023 et
2477 1973 2763 2026 nationum
2798 1972 2967 2025 totius
3002 1971 3225 2024 humani
3267 1969 3482 2039 generis
3513 1976 3671 2023 erat:

2101 2062 2330 2131 hujusce
2377 2071 2558 2118 autem
2606 2064 2856 2119 mortalis
2900 2065 3023 2117 vitae
3053 2063 3248 2116 ﬂuctus
3276 2069 3331 2116 et
3361 2075 3528 2123 mare,
3561 2075 3676 2112 ma-

2099 2153 2214 2206 litia
2272 2155 2561 2224 repletum,
2623 2155 2921 2209 tumultum
2983 2167 3238 2224 magnum
3296 2150 3590 2208 excitabat,
3621 2157 3676 2204 et

2100 2246 2373 2316 ingentem
2425 2247 2711 2301 emittebat
2763 2247 3256 2313 sonitum;utpote
3284 2243 3429 2312 quod
3476 2243 3674 2296 draco-

2099 2355 2222 2393 nem
2259 2339 2314 2392 in
2365 2337 2546 2392 medio
2577 2337 2660 2392 sui
2708 2337 3047 2392 habitantem
3098 2342 3422 2396 contineret,
3452 2335 3519 2390 de
3565 2350 3675 2404 quo

2099 2432 2306 2485 dictum
2359 2437 2498 2484 est:
2549 2449 2566 2481 ε
2607 2429 2833 2485 lnducet
2886 2429 3154 2484 Dominus
3234 2427 3379 2484 Deus
3431 2425 3672 2499 gladium

2100 2536 2265 2590 super
2294 2518 2614 2583 draconem,
2655 2527 2965 2590 serpentem
3015 2527 3345 2583 tortuosum,
3377 2527 3432 2574 et
3462 2518 3673 2574 occidet

2100 2614 2397 2668 draconem
2447 2613 2539 2681 qui
2572 2621 2656 2666 est
2688 2612 2742 2665 in
2772 2610 2912 2665 mari
2930 2610 2997 2664 ".
3037 2630 3056 2663 ι
3084 2609 3149 2665 Et
3195 2610 3328 2664 alibi
3381 2618 3672 2678 postquam

2100 2706 2329 2761 dixisset
2363 2722 2377 2759 :
2409 2725 2426 2757 ‹
2460 2704 2572 2759 Hoc
2616 2720 2766 2758 mare
2816 2719 3070 2773 magnum
3109 2712 3163 2758 et
3219 2704 3520 2773 spatiosum
3539 2703 3607 2767 ὀ,
3647 2718 3666 2750 δ

2101 2799 2329 2854 subdit:
2375 2817 2391 2848 ι
2431 2797 2547 2851 Illic
2604 2796 2773 2850 draco
2819 2797 2925 2850 iste
2969 2811 3129 2866 quem
3178 2795 3424 2850 formasti
3450 2795 3515 2849 ad
3549 2794 3674 2847 illu-

2100 2890 2338 2945 d‘endum
2371 2889 2419 2945 ei
2443 2889 2511 2943 ³ο.
2548 2908 2566 2940 ι
2600 2887 2712 2941 lmo
2760 2887 3048 2942 confertim
3091 2887 3408 2950 draconem,
3440 2901 3589 2939 mare
3618 2891 3677 2938 ct

2102 2998 2297 3037 sonum
2331 2981 2594 3035 ﬂuctuum
2627 2979 2747 3048 ejus
2800 2979 3131 3049 compressit
3185 2986 3238 3032 et
3299 2977 3507 3034 sedavit
3548 2993 3670 3046 spe:

2103 3074 2193 3128 illa
2228 3075 2469 3128 omnium
2509 3073 2695 3126 ﬁnium
2731 3078 2910 3135 terra,
2943 3088 3064 3141 quae
3097 3071 3411 3126 hominibus
3440 3070 3666 3132 aﬂ'ulsit,

2101 3175 2156 3222 et
2201 3167 2414 3226 turbam
2452 3167 2734 3220 nationum
2766 3165 3046 3221 exstinxit.
3080 3162 3174 3218 His
3210 3163 3446 3233 peractis
3480 3177 3674 3217 conse-

2103 3267 2334 3329 quenter
2381 3258 2772 3328 subjungitur:
2818 3277 2836 3308 ς
2881 3255 2948 3309 Et
2974 3256 3244 3310 timebunt
3289 3253 3385 3324 qui
3429 3254 3674 3308 habitant

2102 3350 2370 3410 terminos
2419 3363 2448 3402 a
2500 3349 2672 3419 signis
2746 3348 2879 3402 tuis.
2921 3366 2938 3398 ι
2969 3345 3106 3400 Nam
3167 3345 3426 3414 praedicta
3494 3345 3672 3414 signa,

2101 3457 2297 3512 nempe
2353 3447 2569 3495 montes
2600 3439 2868 3510 depressi,
2913 3453 3082 3493 sonus
3113 3437 3281 3492 maris
3309 3435 3551 3498 sedatus,
3590 3444 3675 3488 tu-

2102 3535 2304 3588 multus
2351 3532 2638 3596 ﬂuctuum,
2688 3547 2798 3585 non
2845 3539 2902 3584 ut
2952 3531 3081 3584 olim
3117 3529 3481 3599 perturbans;
3515 3529 3673 3582 turba

2101 3626 2228 3680 item
2275 3626 2558 3678 nationum
2609 3624 2902 3683 exstincta,
2929 3629 3086 3676 erant
3131 3621 3197 3674 ad
3232 3627 3495 3674 terrorem
3522 3619 3676 3673 habi-

2099 3716 2347 3770 tantibus
2397 3715 2663 3769 terminos
2712 3712 3088 3766 incutiendum
3136 3711 3301 3777 satis;
3337 3709 3408 3762 ila
3451 3715 3510 3762 ut
3566 3723 3674 3762 non

2100 3807 2204 3862 ista
2230 3807 2346 3876 jam
2389 3813 2709 3866 memorata,
2747 3805 2839 3860 sed
2887 3819 3054 3857 unum
3101 3817 3289 3856 eorum
3321 3801 3563 3854 omnium
3596 3799 3677 3853 vi-

2099 3905 2331 3961 ctorem,
2379 3897 2520 3951 ultra
2573 3896 2999 3951 reformidarent
3033 3913 3046 3947 :
3079 3909 3241 3963 quem
3318 3893 3533 3946 demum
3583 3906 3676 3944 co-

2098 3995 2425 4058 gnoscentes
2468 4001 2531 4039 ae
2564 3986 2842 4049 timentes,
2879 3985 3269 4039 beatitudinem
3326 3983 3406 4038 sic
3451 3996 3679 4051 expres-

2099 4093 2214 4132 sam
2253 4084 2663 4146 consequuntur
2701 4096 2712 4130 :
2757 4095 2774 4128 ι
2813 4075 2962 4130 Beati
2996 4091 3188 4130 omnes
3223 4074 3310 4143 qui
3343 4073 3534 4128 timent
3566 4072 3674 4126 Do-

2108 4169 2315 4223 minum
2339 4170 2404 4223 ³¹.
2458 4188 2476 4220 ι
2516 4167 2749 4234 Quinam
2797 4183 2928 4222 vero
2961 4169 3070 4221 sint
3124 4167 3242 4230 illi,
3297 4167 3446 4220 hisce
3499 4166 3676 4220 verbis

2096 4260 2355 4314 edocetur
2391 4275 2403 4310 :
2443 4278 2461 4311 ι
2497 4259 2560 4312 Ει
2610 4259 2880 4313 timebunt
2915 4260 3006 4330 qui
3046 4259 3295 4312 habitant
3345 4255 3607 4311 terminos
3645 4271 3674 4308 a

2098 4351 2269 4421 signis
2327 4353 2458 4407 tuis.
2499 4371 2518 4402 ι
2553 4351 2842 4406 Terminos
2887 4359 3066 4406 autem
3124 4350 3435 4405 inhabitare
3480 4349 3678 4403 dicun-

2096 4450 2186 4496 tur
2217 4457 2323 4496 non
2367 4458 2590 4512 prorsus
2617 4444 2650 4496 ii
2683 4444 2774 4512 qui
2803 4451 3048 4497 extrema
3080 4451 3240 4497 terrae
3267 4441 3546 4503 incolunt,
3581 4439 3677 4494 sed

417 4535 516 4588 rr’w
546 4537 760 4604 γνόντες
808 4535 903 4588 καὶ
947 4531 1288 4602 φοϐούμενοι,
1332 4531 1423 4585 τοῦ
1473 4531 1768 4600 φάσκοντος
1817 4548 1996 4602 μακα-

2102 4537 2193 4604 qui
2239 4551 2346 4589 una
2405 4550 2530 4589 cum
2591 4535 2762 4589 Paulo
2810 4535 2995 4590 dicere
3036 4543 3268 4606 possunt
3304 4555 3316 4588 :
3359 4552 3377 4584 ‹
3421 4531 3482 4586 In
3513 4546 3677 4586 carne

419 4626 615 4698 ρισμοΰ
647 4626 1005 4697 τυγχάνουσι-
1044 4645 1062 4676 ι
1097 4626 1370 4697 Μακάριοι
1411 4626 1608 4688 πάντες
1647 4626 1696 4678 οἰ
1732 4625 2000 4696 φοϐούμε-

417 4736 497 4771 νοι
523 4719 614 4771 τὸν
639 4718 859 4788 Κύριον.
902 4739 920 4770 ι
953 4719 1112 4790 Τίνες,
1133 4719 1175 4771 δ’
1210 4717 1275 4771 ἂν
1307 4715 1413 4774 εἷεν
1435 4711 1599 4780 οὗτοι,
1625 4717 1684 4770 τὸ
1717 4717 1890 4788 παρὸν
1913 4716 1997 4770 λό-

417 4814 534 4874 γιον
558 4807 796 4867 διδάσκει
825 4807 1063 4875 φάσκον·
1097 4827 1115 4859 ι
1150 4809 1258 4867 Καὶ
1297 4807 1692 4880 φοϐηθήσονται
1729 4809 1776 4861 oi
1820 4825 2000 4861 κατοι-

417 4896 640 4960 κοῦντες
670 4898 735 4950 τά
762 4897 973 4968 πέρατα
1001 4897 1107 4950 ἀπὸ
1147 4899 1252 4950 τῶν
1306 4897 1544 4968 σημείων
1595 4915 1707 4951 σου.
1743 4917 1762 4949 ι
1798 4900 1998 4952 Κατοι-

419 4992 535 5041 κεῖν
563 4988 618 5041 δὲ
651 4988 896 5058 λέγονται
943 4989 1010 5042 τὰ
1056 4989 1266 5060 πέρατα
1295 4990 1353 5042 οὐ
1385 4991 1600 5053 πάντως
1634 4989 1808 5053 οί·τάς
1837 4992 2002 5061 ἐσχα-

419 5081 540 5144 τιάς
580 5081 679 5151 τῆς
727 5083 831 5152 γῆς
881 5082 1174 5146 οἰκοῦντες,
1223 5083 1335 5136 ἀλλ’
1379 5085 1429 5137 οἱ
1479 5081 1765 5154 δυνάμενοι
1804 5083 2004 5154 ὁμοίως

422 5174 620 5245 Παύλῳ
671 5175 878 5244 λέγειν·
917 5195 934 5226 ‹
989 5177 1078 5229 Ἐν
1125 5177 1286 5245 σαρκὶ
1333 5176 1441 5246 γὰρ
1494 5176 1713 5241 ζῶντες,
1759 5178 1817 5230 ού
1864 5175 2005 5230 κατὰ

422 5270 602 5340 σάρκα
655 5269 1092 5340 στρατευόμεθα·
1134 5290 1151 5320 ι
1182 5271 1296 5322 καί·
1340 5289 1358 5320 ι
1404 5270 1488 5322 Ζῶ
1533 5270 1589 5322 δέ
1635 5270 1820 5323 οὐκέτι
1875 5270 2005 5337 ἐγὼ,

423 5360 489 5431 ζῇ
526 5361 581 5413 δὲ
626 5363 683 5414 ἐν
727 5361 851 5431 ἐμοὶ
899 5362 1149 5432 Χριστός.
1195 5381 1212 5412 ι
1251 5355 1409 5414 Οὗτοι
1443 5362 1570 5432 γὰρ,
1603 5361 1726 5414 οὔτε
1768 5361 2009 5433 ἐμϐαθύ-

425 5470 613 5516 ναντες
639 5457 750 5514 τοῖς
773 5453 1132 5525 ἀνθρωπίνοις
1157 5453 1492 5524 πράγμασιν,
1517 5453 1638 5506 οὔτε
1663 5455 1835 5527 πάντη
1857 5454 2012 5517 ἐκτὸς

424 5546 579 5608 ὄντες
615 5546 815 5610 αὐτῶν,
841 5548 1028 5619 ὥσπερ
1057 5551 1114 5601 ἐν
1157 5549 1391 5620 μεθορίῳ
1429 5549 1847 5620 καθεστήκασιν,
1871 5549 2013 5618 ἀμφὶ

2097 4627 2360 4692 viventes,
2383 4642 2492 4680 non
2518 4627 2819 4682 secundum
2854 4643 3076 4681 carnem
3108 4626 3408 4679 militamus
3432 4625 3498 4688 ³²,
3535 4642 3554 4675 ι
3582 4630 3633 4676 et
3659 4636 3672 4672 :

2103 4737 2122 4768 α
2159 4716 2292 4772 Vivo
2321 4725 2506 4772 autem
2539 4718 2654 4786 jam
2685 4733 2791 4771 non
2823 4734 2946 4787 ego,
2983 4717 3114 4771 vivit
3157 4732 3289 4771 vero
3320 4715 3373 4769 in
3408 4731 3493 4769 me
3526 4713 3678 4768 Chri-

2096 4809 2270 4864 tus”.
2306 4828 2324 4860 ι
2362 4808 2424 4862 lli
2456 4809 2602 4863 enim
2662 4809 2922 4864 humanis
2969 4826 3076 4863 non
3137 4824 3259 4864 sese
3312 4807 3544 4876 negotiis
3576 4806 3678 4859 im-

2098 4907 2429 4971 mergentes,
2461 4917 2640 4970 neque
2677 4909 2872 4960 tamen.
2928 4902 2995 4955 iis
3053 4916 3174 4955 sese
3206 4915 3433 4970 prorsus
3470 4897 3677 4953 subdu-

2099 5003 2305 5057 centes,
2331 4993 2487 5067 quasi
2548 4993 2602 5046 in
2663 4991 2866 5045 ﬁnibus
2911 4991 3242 5054 consistunt,
3277 4997 3331 5045 et
3378 4990 3523 5043 circa
3554 4989 3676 5043 vitae

2102 5088 2352 5142 humanae
2383 5085 2648 5140 terminos
2683 5095 2993 5139 versantur.
3018 5083 3120 5150 Qui
3149 5099 3282 5138 sane
3313 5084 3483 5137 multo
3510 5097 3675 5136 sensu

2105 5177 2336 5248 praediti,
2397 5176 2712 5246 conspectis
2775 5175 3081 5230 Servatoris
3131 5176 3306 5230 nostri
3369 5174 3560 5244 signis,
3608 5173 3676 5227 ad

2107 5269 2436 5340 principium
2511 5269 2814 5338 sapientiae,
2856 5267 3106 5322 timorem
3164 5265 3254 5321 Dei
3311 5274 3676 5326 assumentes,

2109 5363 2464 5418 devenerunt.
2499 5361 2633 5428 Quis
2679 5377 2809 5417 vero
2840 5376 3053 5425 eorum,
3087 5361 3178 5430 qui
3214 5360 3379 5414 variis
3413 5359 3675 5426 tempori-

2109 5457 2211 5510 bus
2245 5457 2533 5524 imperium
2582 5462 2827 5514 tenuere.
2852 5454 3244 5508 sublimitatem
3271 5459 3322 5506 et
3357 5451 3593 5506 insultas
3621 5451 3680 5507 in

2113 5545 2411 5601 Eeclesiam
2457 5545 2550 5600 Dei
2584 5546 2959 5616 conspicatus,
2992 5544 3116 5613 quis
3165 5543 3454 5611 impiorum
3503 5541 3676 5596 homi.

424 5634 495 5688 τὰ
547 5637 759 5706 πέρατα
794 5637 891 5707 τῆς
932 5636 1278 5708 ἀνθρωπίνης
1307 5635 1450 5707 ζωῆς
1492 5636 1910 5706 πολιτευόμενοι.
1952 5640 1990 5689 0

2112 5655 2240 5692 num
2301 5638 2710 5708 persecutiones
2752 5647 2804 5692 et
2857 5636 3033 5691 minas
3089 5635 3342 5698 intuitus,
3374 5649 3482 5688 non
3534 5633 3687 5693 dicat

496 5810 543 5854 Ῥ
574 5809 678 5877 lsa.
718 5829 888 5878 xxvii,
931 5813 980 5868 1.
1061 5816 1100 5846 ’9
1136 5812 1276 5869 I‘sal.
1314 5829 1431 5881 cm,
1463 5811 1552 5868 εδ.
1637 5813 1680 5846 ³ο
1711 5810 1956 5878 ιδίαεδ.

2109 5814 2252 5877 l‘sal.
2285 5831 2486 5881 cum,
2527 5815 2591 5874 l.
2656 5813 2698 5845 ³²
2733 5812 2774 5872 ιι
2803 5812 3010 5879 Conx,
3053 5813 3107 5869 5.
3187 5810 3373 5869 “Gal.
3404 5828 3462 5876 ιι,
3489 5811 3580 5899 29,
