4142 6388
453 367 558 423 639
1179 368 1450 424 EUSEBII
1489 365 1976 446 (ΣᾹΞΒΑΒᾸΕΝΞΙΒ

2112 371 2164 426 Ρ.
2202 372 2382 428 PARS
2421 372 2508 429 Ill.
2549 404 2619 414 —
2656 370 3068 427 EXEGETlC-A.
3630 369 3733 425 640

454 496 674 540 montes
716 485 1009 547 exaltatos.
1041 501 1194 540 mare
1245 498 1580 543 concussum
1632 487 1825 552 fuisse,
1853 499 1908 545 et
1950 505 2010 546 SO

2112 491 2230 564 δὴ,
2283 492 2488 563 πολλῆς
2527 490 2830 562 αἰσθήσεως
2867 489 3245 560 μετασχόντες,
3283 488 3350 542 τὰ
3395 490 3595 558 σημεῖα
3635 488 3730 542 τοῦ

457 592 588 630 num
628 575 892 630 ﬂuctuum
923 591 1046 632 esse
1096 578 1420 648 impiorum‘
1448 589 1503 634 et
1553 581 1842 636 atheorum
1898 582 2010 639 blas

2145 579 2397 650 Σωτῆρος
2462 577 2620 649 ήμῶν
2667 577 3013 646 θεασάμενοι,
3074 579 3124 628 ot
3178 578 3235 630 ἑν
3285 577 3426 648 ἀρχῇ
3477 577 3730 645 γεγόνασι

454 669 648 739 phema
683 668 866 722 dieta?
888 668 1022 734 Quae
1053 684 1185 724 sane
1217 673 1404 725 omnia
1449 672 1541 727 ille
1595 675 1843 728 omnium
1885 682 2010 730 terr:

2146 671 2359 740 σοφίας,
2389 670 2480 723 τὸν
2513 669 2676 738 φόϐον
2707 668 2800 722 τοῦ
2841 667 2978 721 Θεοῦ
3032 667 3401 740 ἀνειληφότες.
3445 668 3539 731 Τίς
3571 668 3626 721 δὲ
3661 668 3730 722 τὰ

453 763 814 814 terminorum
853 758 1136 826 Servatur,
1163 763 1249 815 vel
1298 764 1418 817 solo
1463 775 1595 818 nutu
1632 766 1686 819 in
1716 766 1918 821 virtute
1945 783 2007 821 su

2147 761 2413 830 ὑψώματα
2437 758 2546 811 τῶν
2579 757 2719 812 κατὰ
2745 759 2971 830 χρόνους
3002 757 3277 829 ἀρχόντων
3318 759 3412 812 καὶ
3453 756 3551 821 τὰς
3589 759 3729 812 κατὰ

451 854 758 920 deprimere
789 855 1113 922 consuevit;
1144 856 1216 909 ita
1249 864 1307 910 ut
1351 857 1443 926 qui
1503 859 1717 912 ruinam
1771 869 1822 914 et
1870 875 2001 929 pern

2151 853 2236 922 ..ἧς
2278 849 2600 920 Ἐκκλησίας
2656 848 2750 902 τοῦ
2806 848 2941 902 Θεοῦ
3000 849 3432 915 ἐπαναστάσεις,
3494 849 3619 913 τούς
3669 866 3727 904 τε

450 940 588 992 ciem
622 957 810 994 eorum
862 943 1216 1012 conspiciunt
1259 946 1588 1012 turbentur;
1627 947 1720 1000 alii
1755 963 1886 1002 vero
1918 948 2010 1002 hin

2141 943 2414 1015 διωγμοὺς
2443 943 2536 996 καὶ
2569 941 2666 1005 τὰς
2693 941 2920 1004 ἀπειλὰς
2943 941 3051 995 τῶν
3079 942 3289 996 ἀσεϐῶν
3312 943 3520 1013 ἀνδρῶν
3542 942 3728 998 τεθεα-

448 1035 742 1088 utilitatem
802 1037 1219 1101 nanciscantur,
1283 1037 1489 1108 Deique
1538 1040 1791 1094 timorem
1878 1056 2010 1096 assu

2147 1035 2322 1108 μένος,
2357 1037 2457 1089 οὐκ
2479 1035 2545 1088 ἂν
2569 1035 2711 1087 εἴποι
2736 1034 2836 1105 ὅρη
2865 1029 3003 1087 εἶναι
3026 1033 3303 1105 ὑψούμενα
3325 1034 3420 1087 καὶ
3452 1033 3727 1088 θάλασσαν

448 1134 618 1187 maut,
656 1128 947 1196 impiorum
995 1132 1294 1198 perniciem
1351 1131 1550 1186 divinae
1601 1131 1904 1190 Salvatoris
1939 1150 2010 1205 po

2141 1125 2358 1197 ἀληθῶς
2387 1124 2777 1196 κυμαίνουσαν,
2801 1120 2935 1196 ἦχόν
2971 1141 3028 1177 τε
3063 1124 3322 1196 κυμάτων
3343 1124 3441 1188 τὰς
3469 1124 3576 1178 τῶν
3600 1126 3727 1178 ἀσε-

447 1220 662 1273 testatis
695 1221 850 1289 signa
876 1223 1167 1291 perspicua
1197 1238 1321 1278 esse
1350 1225 1696 1280 confitentes.

2140 1217 2249 1270 ϐῶν
2296 1217 2388 1270 καὶ
2434 1216 2608 1270 ἀθέων
2657 1215 3039 1288 βλασφημίας;
3097 1217 3165 1269 Ἃ
3223 1215 3288 1288 δὴ
3334 1217 3511 1270 πάντα
3557 1217 3615 1270 ὲν
3654 1218 3721 1288 τῇ

446 1312 594 1384 ίσχύῖ
661 1315 824 1368 αὐτοῦ
855 1319 883 1369 ό
915 1319 1106 1391 Σωτὴρ
1145 1319 1360 1372 πάντων
1394 1319 1501 1372 τῶν
1546 1322 1798 1392 περάτων
1841 1322 1938 1392 τῆς
1970 1320 2072 1389 γῆς
2114 1317 2210 1387 μιᾷ
2257 1315 2394 1384 ῥοπῇ
2436 1311 2722 1366 ταπεινοῦν
2771 1312 2994 1366 εἴωθεν·
3040 1312 3126 1418 ὡς.
3159 1313 3288 1376 τοὺς
3312 1313 3586 1418 [δρῶντας
3625 1313 3722 1418 τὴν

445 1407 650 1462 πτῶσιν
679 1409 854 1462 αὐτῶν
890 1411 980 1464 καὶ
1025 1414 1122 1481 τὴν
1170 1413 1444 1466 ἀπώλειαν
1479 1415 1875 1485 ταράττεσθαι·
1909 1416 2034 1478 τοὺς
2071 1413 2126 1465 δὲ
2160 1407 2487 1479 ὠφελεῖσθαι
2529 1409 2620 1461 καὶ
2653 1407 2816 1477 φόϐον
2847 1407 3248 1479 ἀναλαμϐάνειν
3307 1407 3462 1476 Θεοῦ,
3523 1411 3724 1481 σημεῖα

441 1501 649 1573 ἐναργῆ
677 1505 774 1576 τῆς
811 1507 903 1559 τοῦ
943 1509 1194 1580 Σωτῆρος
1236 1509 1418 1562 ἐνθέου
1457 1509 1742 1581 δυνάμεως
1786 1512 1884 1583 τὴν
1925 1509 2035 1564 τῶν
2072 1505 2284 1564 ἀσεϐῶν
2310 1503 2624 1575 καθαίρεσιν
2656 1499 2794 1558 εἶναι
2821 1502 3230 1574 ὁμολογοῦντας.

520 1617 683 1674 Vens.
725 1620 810 1686 l0,
837 1622 920 1675 ll.
967 1641 985 1674 ι
1025 1622 1215 1680 Exitus
1249 1625 1504 1679 matutini
1531 1632 1586 1680 et
1607 1641 1848 1697 vesperae
1881 1626 2029 1682 dele-

441 1715 735 1768 ctationes.
762 1711 1008 1770 Visitasti
1039 1724 1239 1771 terram
1263 1729 1315 1773 et
1338 1719 1618 1774 inebriasti
1644 1736 1784 1775 eam.
1818 1739 1836 1771 ι
1860 1720 1940 1773 Ad
1965 1735 2028 1775 ea

2213 1642 2231 1674 ι
2279 1621 2522 1686 Ἐξόδους
2545 1619 2757 1692 πρώτας
2785 1619 2874 1672 καὶ
2899 1617 3134 1689 ἑσπέρας
3159 1617 3402 1688 τέρψεις·
3438 1617 3724 1686 ἐπεσκέψω

2134 1716 2232 1786 τὴν
2262 1716 2364 1786 γῆν
2405 1713 2500 1767 καὶ
2543 1713 2816 1784 ἑμέθυσας
2845 1712 3036 1781 αὑτήν.
3083 1731 3100 1762 ι
3149 1710 3293 1781 Πρὸς
3339 1713 3451 1773 τοῖς
3482 1709 3725 1782 κατειλε-

442 1821 563 1874 quae
594 1807 743 1874 prius
775 1817 1094 1862 enumerata
1147 1817 1298 1873 sunt,
1336 1813 1438 1864 alia
1490 1812 1614 1868 item
1653 1815 1804 1882 signa
1855 1813 2010 1866 virtu

2134 1810 2356 1880 γμένοις
2395 1809 2488 1861 καὶ
2521 1808 2655 1862 ἄλλα
2683 1810 2882 1877 σημεῖα
2909 1808 3004 1878 τῆς
3034 1806 3128 1860 τοῦ
3166 1807 3417 1878 Σωτῆρος
3444 1806 3726 1876 δυνάμεως

442 1898 514 1952 tis
547 1895 855 1953 Servaloris
880 1901 1125 1954 declarat
1159 1903 1244 1956 his
1280 1904 1463 1959 verbis
1500 1924 1512 1958 :
1554 1925 1571 1957 ι
1615 1905 1806 1960 Exitus
1851 1913 2028 1959 matu-

440 1988 542 2042 tini
599 1996 652 2043 et
683 2006 924 2059 vesperae
980 1991 1392 2049 delectationes.
1432 2016 1449 2046 ι
1482 1995 1589 2050 Pro
1627 2015 1736 2066 quo
1778 1997 2029 2070 Symma-

437 2080 577 2135 chus
614 2099 626 2134 :
667 2100 685 2130 ι
718 2080 1051 2152 Progressus
1099 2083 1326 2139 diluculi
1354 2094 1409 2141 et
1461 2086 1648 2159 hymni
1709 2105 1972 2160 veSperae.
2001 2108 2020 2142 ι

441 2166 619 2225 Unum
659 2174 858 2242 quippe
905 2174 1010 2228 hoc
1063 2177 1472 2244 maximumque
1515 2182 1730 2250 signant
1761 2189 1845 2236 est
1877 2183 2026 2237 salu-

437 2263 575 2317 taris
605 2265 846 2332 virtutis,
876 2267 1022 2336 quod
1065 2277 1356 2339 postquam
1404 2287 1573 2341 supra
1621 2272 1768 2327 dicta
1800 2271 2026 2346 depres-

437 2367 606 2418 serat,
636 2357 816 2413 exitus
843 2361 1099 2414 matutini
1130 2371 1184 2417 et
1217 2362 1617 2420 delectationes
1662 2382 1906 2436 vespera:
1926 2367 2026 2422 ho-

434 2442 678 2498 minibus
708 2448 1086 2517 constituerit;
1122 2454 1256 2514 sive,
1279 2453 1584 2509 secundum
1607 2452 2021 2526 Symmachum,

440 2552 460 2586 ι
501 2535 758 2606 hymnos,
817 2558 834 2589 ι
877 2548 993 2604 aut,
1051 2543 1353 2599 secundum
1387 2547 1664 2617 Aquilam,
1694 2568 1713 2599 ι
1752 2549 1964 2606 laudes.
1998 2571 2016 2602 ι

432 2623 569 2681 Nam
602 2628 748 2698 quod
781 2647 876 2701 per
919 2633 1241 2689 universum
1293 2637 1484 2692 orbem
1530 2640 1583 2692 in
1639 2641 1891 2696 ecclesiis
1926 2640 2021 2697 Dei

434 2719 491 2772 in
549 2723 821 2776 matutino
891 2725 1025 2781 solis
1095 2729 1268 2792 exitu,
1325 2738 1379 2783 et
1447 2734 1774 2801 vespertinis
1843 2735 2017 2798 horis,

435 2811 643 2883 hymni,
695 2815 886 2871 laudes
937 2826 991 2872 et
1054 2819 1254 2876 divina:
1305 2839 1434 2878 vere
1463 2826 1857 2883 delectationes
1911 2826 2019 2883 Dee

434 2904 864 2972 constituantur,
901 2907 955 2961 id
991 2925 1123 2966 sane
1170 2911 1264 2968 Dei
1307 2916 1529 2972 virtutis
1576 2933 1686 2972 non
1742 2921 2016 2975 modicum

434 2993 649 3064 signum
711 3005 816 3054 est.
852 2998 946 3054 Dei
999 3019 1131 3058 vero
1181 3005 1582 3066 delectationes
1644 3021 1773 3066 sunt
1830 3013 2016 3084 hymni

434 3085 937 3156 ubique-terrarum
968 3093 1024 3147 in
1061 3093 1305 3152 Ecclesia
1340 3101 1463 3169 ejus
1497 3104 1787 3160 matutinis
1835 3117 1888 3161 et
1925 3124 2016 3162 ve-

432 3178 695 3248 spertinis
724 3181 874 3238 horis
906 3185 1116 3241 emissi.
1143 3187 1323 3254 Quare
1370 3191 1580 3248 dictum
1629 3204 1715 3250 est
1761 3197 1963 3253 alicubi
1999 3217 2010 3249 :

437 3290 457 3324 (
489 3269 739 3330 Jucunda
768 3277 839 3332 sit
866 3278 913 3332 ei
965 3279 1084 3336 laus
1121 3299 1242 3338 mea
1269 3285 1348 3352 “;
1389 3306 1407 3338 ι
1446 3303 1510 3343 ac
1537 3304 1798 3344 rursum:
1838 3309 1856 3343 ι
1897 3293 2018 3348 Ele-

431 3369 580 3421 vatio
603 3383 861 3423 manuum
889 3389 1133 3428 mearum
1153 3378 1486 3434 sacrificium
1511 3383 1884 3452 vespertinum
1901 3385 1965 3453 ’5;
1993 3405 2012 3438 ι

432 3463 486 3512 et
518 3477 531 3511 :
567 3477 585 3510 ι
629 3456 749 3514 Fiat
770 3464 946 3519 oratio
975 3480 1095 3522 mea
1127 3469 1272 3522 sicut
1298 3471 1586 3526 incensum
1626 3474 1682 3527 in
1715 3486 2015 3547 conspectu

432 3551 606 3606 tuo".
637 3571 656 3604 ι
691 3555 828 3624 Ipsa:
854 3556 1039 3627 itaque
1066 3559 1460 3619 delectationes
1511 3563 1824 3621 Servatoris
1861 3570 2015 3637 signa

433 3651 583 3698 sunt.
616 3645 699 3699 Ad
754 3645 868 3701 haec
917 3649 1065 3704 aliud
1123 3652 1422 3706 maximum
1480 3656 1696 3725 signum
1746 3666 2015 3712 memorat

431 3733 624 3791 dicens
663 3756 675 3792 :
716 3755 733 3788 ι
776 3737 1026 3795 Visitasti
1079 3749 1306 3806 terram,
1340 3753 1394 3799 et
1458 3746 1745 3803 inebriasli
1801 3765 1940 3804 eam.
1987 3769 2005 3801 ι

431 3824 501 3882 Ut
524 3829 667 3882 enim
696 3845 900 3901 aegrum
934 3833 1182 3888 medicus
1215 3835 1438 3904 inspicit
1473 3854 1537 3893 ac
1564 3840 1769 3904 visitat,
1806 3843 2010 3898 morbi-

430 3934 536 3987 que
558 3935 744 3973 curam
779 3922 936 3990 gerit,
964 3924 1259 3998 omniaque
1289 3927 1358 3980 ad
1396 3928 1661 3982 medelam
1697 3938 1750 3985 et
1776 3933 2007 3987 salutem

429 4020 738 4081 Opportuna
766 4015 1012 4082 conlert;
1037 4018 1229 4074 eodem
1262 4021 1424 4076 modo
1452 4029 1508 4076 tu
1535 4021 1792 4079 Servator
1823 4034 2010 4082 noster

429 4110 484 4155 et
515 4117 639 4171 Spes
676 4107 919 4159 omnium
976 4108 1162 4162 linium
1217 4116 1399 4174 terrae,
1441 4115 1724 4168 accinctus
1767 4117 2008 4185 potentia

431 4193 648 4249 virtutis
683 4205 807 4257 tum,
843 4199 958 4254 haec
987 4201 1170 4255 omnia
1211 4213 1471 4272 operatus
1514 4223 1574 4262 es
1611 4226 1624 4262 :
1663 4209 2007 4266 adversarias

428 4291 727 4350 potestates
755 4286 821 4340 de
855 4289 1038 4343 medio
1067 4292 1366 4358 sustulisti,
1398 4296 1700 4353 matutinas
1741 4301 2008 4370 vesperti-

424 4385 634 4442 nasque
661 4374 1053 4433 delectationes
1083 4379 1136 4432 in
1188 4386 1334 4435 terra
1375 4387 1716 4442 constituisti
1753 4408 1764 4442 :
1798 4397 1852 4444 et
1889 4390 2007 4444 haec

422 4463 673 4530 ell'ecisti,
699 4467 951 4523 homines
991 4471 1304 4529 visitatione
1330 4474 1588 4546 dignatus
1624 4486 1740 4544 tua,
1775 4496 1882 4550 qua
1915 4483 2002 4541 in—

2133 1902 2368 1973 παρίστη
2399 1901 2602 1969 λέγων·
2641 1920 2658 1951 ι
2708 1899 2948 1966 Ἐξόδους
2980 1900 3189 1971 πρωίας
3221 1899 3312 1951 καὶ
3339 1899 3576 1971 ἑσπέρας
3603 1898 3734 1970 τέρ-Δ

2128 1993 2276 2063 ψεις·
2317 2013 2334 2045 ι
2369 1993 2482 2047 ἀνθ’
2519 1985 2578 2046 οὗ
2611 1995 2638 2046 ό
2677 1991 2971 2063 Σύμμαχος
3000 1995 3335 2064 ἡρμήνευσε·
3376 2011 3395 2042 ‹
3436 1991 3547 2055 Τὰς
3587 2008 3721 2064 προ-

2130 2084 2369 2148 ελεύσεις
2398 2083 2490 2138 τοῦ
2533 2083 2729 2155 ὄρθρου
2776 2084 2869 2139 καὶ
2924 2085 3024 2154 τῆς
3074 2083 3314 2156 ἑσπέρας
3357 2084 3455 2148 τὰς
3499 2084 3724 2156 ὑμνολο-

2128 2177 2273 2245 γίας.
2305 2196 2323 2227 ι
2365 2177 2459 2228 ’Ἑν
2491 2175 2597 2246 γὰρ
2625 2175 2900 2228 καὶτοῦτο
2937 2175 3189 2247 μέγιστον
3217 2178 3442 2246 σημεῖον
3463 2175 3721 2247 τυγχάνει

2126 2268 2224 2338 τῆς
2277 2267 2543 2338 σωτηρίου
2591 2267 2895 2338 δυνάμεως,
2945 2267 3006 2320 τὸ
3061 2267 3199 2338 μετά
3239 2268 3338 2339 τὴν
3392 2268 3721 2322 ταπείνωσιν

2125 2357 2231 2411 τῶν
2267 2357 2678 2430 προλεχθέντων
2701 2358 3074 2430 συστήσασθαι
3097 2361 3154 2412 ὲν
3181 2358 3487 2430 ἀνθρώποις
3509 2357 3720 2424 ἐξόδους

2126 2451 2336 2522 πρωίας
2370 2450 2464 2503 καὶ
2499 2450 2738 2522 ἑσπέρας
2769 2449 3016 2522 τέρψεις·
3045 2450 3078 2521 ἦ
3107 2449 3248 2503 κατὰ
3272 2449 3363 2503 τὸν
3399 2449 3716 2520 Σύμμαχον,

2130 2559 2148 2590 ι
2179 2539 2523 2611 ὑμνολογίας,
2549 2559 2566 2591 ι
2589 2541 2642 2612 ἢ,
2665 2542 2805 2595 κατά
2825 2543 2916 2596 τὸν
2950 2541 3201 2606 Ἀκύλαν,
3227 2561 3244 2592 ι
3277 2543 3662 2613 αἱνοποιήσεις.
3692 2561 3710 2594 ι

2123 2632 2197 2684 Τὸ
2220 2633 2328 2705 γάρ
2367 2633 2486 2686 καθ’
2510 2634 2635 2705 ὅλης
2669 2634 2768 2705 τῆς
2797 2634 3122 2705 οἰκουμένης
3156 2636 3213 2687 ἐν
3250 2637 3370 2697 ταῖς
3399 2633 3716 2705 ἐκκλησίαις

2121 2725 2214 2778 τοῦ
2244 2709 2551 2780 Θεοῦ-κατά
2583 2727 2683 2790 τὰς
2724 2727 2967 2798 πρωῖνάς
3003 2727 3096 2780 τοῦ
3129 2727 3278 2799 ήλίου
3304 2727 3533 2793 ἐξόδους,
3571 2730 3714 2787 κατά

2120 2834 2179 2870 τε
2212 2819 2310 2882 τὰς
2335 2821 2626 2890 ἑσπερινάς
2652 2820 2799 2892 ὥρας
2842 2819 3164 2892 ὑμνολογίας
3190 2823 3282 2875 καὶ
3324 2823 3710 2893 αίνοποιήσεις,

2121 2911 2216 2963 καὶ
2244 2910 2393 2976 θείας
2426 2911 2641 2983 άληθῶς
2678 2911 2896 2982 τέρψεις
2947 2911 3026 2983 τῷ
3072 2911 3189 2982 Θεῷ
3231 2911 3620 2984 συστήσασθαι,
3651 2911 3712 2966 οὐ

2117 3002 2178 3054 τὸ
2208 3002 2367 3073 τυχὸν
2409 2998 2476 3074 ἦν
2513 3002 2648 3056 Θεοῦ
2691 3002 2896 3074 ἀρετῆς
2944 3005 3189 3072 σημεῖον.
3229 3001 3364 3056 Θεοῦ
3400 2999 3456 3055 δὲ
3490 3001 3711 3073 τέρψεις

2117 3099 2166 3149 οἱ
2196 3095 2472 3167 πανταχοῦ
2499 3096 2598 3164 τῆς
2622 3096 2725 3167 γῆς
2749 3096 2806 3147 ὲν
2840 3096 2904 3165 τῇ
2944 3092 3240 3164 Ἐκκλησία
3266 3092 3432 3147 αὑτοῦ
3467 3094 3713 3165 ἀναπεμ-

2044 3208 2088 3265 C
2121 3188 2346 3259 πόμενοι
2384 3186 2526 3240 κατὰ
2558 3189 2683 3250 τοὺς
2715 3185 2996 3258 ὸρθρινοὺς
3027 3187 3117 3239 καὶ
3159 3185 3302 3238 κατὰ
3330 3187 3456 3249 τοὺς
3487 3187 3710 3256 ἑσπερι-

2119 3279 2241 3341 νοὺς
2273 3278 2499 3348 καιροὺς
2551 3276 2710 3348 ὕμνοι
2747 3276 3093 3346 τυγχάνουσι.
3149 3276 3238 3328 Διὸ
3276 3275 3526 3329 λέλεκταί
3567 3293 3666 3331 που
3693 3293 3723 3306 '-

2125 3386 2144 3419 ‹
2188 3368 2468 3439 Ἢδυνθείη
2524 3367 2672 3438 αὐτῷ
2725 3369 2758 3439 ἡ
2825 3366 3030 3430 αἴνεσίς
3085 3384 3217 3437 μου·
3277 3387 3295 3418 ι
3345 3369 3441 3421 καὶ
3515 3367 3703 3422 πάλιν·

2124 3479 2140 3510 ι
2181 3460 2448 3530 Ἕπαρσις
2493 3458 2600 3512 τῶν
2634 3457 2834 3530 χειρῶν
2874 3475 2977 3528 μου
3013 3457 3173 3512 θυσία
3207 3459 3499 3532 ἑσπερινή·
3540 3477 3558 3510 ι
3590 3457 3704 3512 καί·

2123 3570 2141 3603 ι
2173 3551 2462 3622 Γενηθήτω
2507 3553 2540 3622 ἡ
2595 3552 2870 3622 προσευχὴ
2921 3567 3022 3621 μου
3067 3551 3142 3616 ὡς
3182 3551 3433 3622 θυμίαμα
3480 3549 3706 3604 ἐνώπιόν

2117 3661 2230 3699 σου.
2270 3663 2288 3694 ι
2316 3644 2425 3696 Καὶ
2458 3635 2617 3696 αὗται
2663 3637 2756 3696 οὖν
2801 3645 2855 3696 αἱ
2902 3642 3120 3714 τέρψεις
3151 3645 3350 3714 σημεῖα
3382 3642 3706 3713 τυγχάνουσι

2112 3735 2214 3788 τοῦ·
2239 3735 2511 3806 Σωτῆρος.
2556 3736 2665 3788 Καὶ
2707 3733 2833 3788 ἄλλο
2860 3734 2915 3788 δὲ
2949 3734 3085 3806 πρὸς
3116 3733 3323 3798 τούτοις
3357 3737 3578 3806 σημεῖον
3604 3735 3703 3807 μέ-

2112 3843 2296 3896 γιστον
2323 3825 2744 3896 καταριθμεῖται
2771 3825 2898 3896 ἑξῆς
2936 3825 3136 3895 λέγων·
3176 3845 3194 3876 ι
3250 3825 3565 3897 Ἐπεσκέψω
3606 3826 3703 3898 τὴν

2111 3920 2234 3990 γῆν,
2280 3919 2374 3972 καὶ
2409 3918 2680 3989 ἑμέθυσας
2721 3919 2910 3987 αὑτήν.
2949 3936 2966 3968 ι
3015 3918 3102 3982 Ὠς
3159 3918 3268 3988 γὰρ
3317 3919 3573 3972 νοσοῦντα
3623 3920 3703 3972 ια..

2107 4011 2237 4082 τρὸς
2265 4011 2439 4083 ἐφορᾷ
2469 4012 2563 4064 καὶ
2591 4011 2999 4075 ἑπισκέπτεται,
3041 4011 3354 4082 ἐπιμέλειαν
3383 4013 3701 4082 ποιούμενος

2108 4099 2202 4153 τοῦ
2237 4099 2462 4165 πάθους,
2507 4101 2684 4154 πάντα
2714 4117 2772 4152 τε
2816 4098 2884 4152 τὰ
2930 4100 3064 4171 πρὸς
3113 4100 3255 4154 ἴασιν
3295 4101 3389 4154 καὶ
3429 4102 3700 4173 σωτηρίαν

2111 4192 2464 4246 συντελοῦντα
2501 4191 2969 4264 συμϐαλλόμενος·
3016 4193 3107 4246 τὸν
3156 4193 3317 4248 αὐτὸν
3357 4195 3555 4266 τρόπον
3604 4194 3698 4247 καὶ

2110 4287 2173 4340 σὺ
2215 4288 2243 4338 ὁ
2290 4286 2482 4356 Σωτὴρ
2521 4286 2696 4356 ἡμῶν,
2749 4287 2781 4357 ἡ
2837 4286 2992 4348 ἐλπὶς
3038 4285 3254 4338 πάντων
3294 4285 3402 4338 τῶν
3447 4287 3697 4356 περάτων

2107 4377 2202 4447 τῆς
2247 4376 2372 4446 γῆς,
2417 4374 2863 4449 περιζωσάμενος
2905 4375 3222 4430 δυναστείαν
3266 4377 3332 4448 τῇ
3383 4377 3527 4447 ίσχύῖ
3580 4394 3708 4441 σου,

2105 4464 2279 4520 ταῦτα
2323 4469 2500 4522 πάντα
2538 4469 2808 4540 εἰργάσω·
2841 4467 2938 4532 τὰς
2968 4469 3065 4539 μὲν
3099 4468 3482 4539 ἀντικειμένας
3510 4468 3694 4521 καθεῖ-

423 4554 575 4610 ﬁnita
628 4558 764 4628 ipsis
834 4559 976 4614 bona
1036 4565 1237 4618 collata
1321 4577 1472 4633 sunt,
1534 4571 1607 4624 ita
1659 4579 1720 4624 ut
1777 4577 1999 4643 optimis

2112 4559 2196 4622 λες
2237 4557 2515 4629 δυνάμεις,
2575 4561 2884 4631 συνεστήσω
2921 4560 2976 4612 δὲ
3025 4559 3118 4612 ἐπὶ
3161 4561 3263 4631 γῆς
3315 4559 3558 4630 πρωῖνὰς
3600 4559 3691 4611 καὶ

421 4644 532 4698 illis
575 4649 686 4701 tuis
736 4649 1060 4706 muneribus
1120 4656 1464 4724 replerentur
1485 4667 1542 4714 et
1574 4660 1997 4731 inebriarentur,

419 4746 583 4808 atque
613 4739 811 4796 divites
838 4743 1133 4800 evaderent
1185 4751 1491 4805 secundum
1551 4752 1871 4823 Apostolum
1907 4761 2001 4828 qui

418 4829 494 4882 ait
528 4847 539 4881 :
575 4849 592 4879 ε
634 4829 689 4884 1η
719 4833 868 4886 omni
923 4834 1123 4891 divites
1173 4836 1305 4893 facti
1348 4842 1483 4896 estis
1515 4842 1568 4896 in
1601 4843 1738 4914 ipso,
1769 4846 1822 4900 in
1851 4851 2002 4902 omni

415 4915 582 4968 verbo
601 4925 655 4970 et
685 4918 739 4970 in
775 4920 924 4974 omni
957 4922 1189 4976 scientia
1216 4924 1282 4990 ‘7;
1323 4944 1342 4976 ι
1378 4927 1494 4982 sive
1517 4930 1818 4985 secundum
1845 4931 2004 5004 Sym-

415 5005 673 5060 machum
710 5027 722 5062 :
763 5028 782 5060 ι
822 5008 1124 5067 Fructuum
1151 5015 1403 5073 ubertate
1461 5020 1663 5078 ditabis
1722 5024 1919 5093 ipsam.
1976 5045 1995 5077 ι

414 5094 701 5163 Quomodo
760 5101 1121 5161 inebriaverit
1175 5116 1404 5175 terram,
1440 5115 1717 5183 quomodo
1757 5117 2002 5187 locuple-

411 5191 612 5244 taverit
657 5201 712 5248 et
757 5193 1037 5252 fructuum
1101 5201 1355 5258 ubertate
1400 5207 1716 5276 repleverit,
1751 5210 1856 5264 sub
1883 5210 1998 5265 haec

415 5279 659 5339 declarat
724 5287 914 5345 dicens
965 5308 977 5342 :
1035 5312 1054 5345 ‹
1106 5293 1339 5352 Flumen
1403 5297 1502 5354 Dei
1567 5303 1837 5372 repletum
1915 5313 1999 5360 est

412 5373 594 5464 aquis.
638 5394 658 5427 ι
695 5374 831 5432 Nam
883 5389 1033 5437 tuum
1089 5388 1266 5441 sancti
1305 5385 1544 5458 Spiritus
1597 5391 1819 5458 ﬂumen,
1847 5397 1992 5464 quod

414 5475 483 5515 ex
529 5461 679 5520 fonte
724 5472 957 5526 scaturit
1007 5483 1122 5540 tuo,
1148 5485 1309 5534 terra;
1350 5481 1756 5540 habitatoribus
1793 5461 1993 5558 elargi-

413 5562 522 5618 tus,
579 5565 745 5628 atque
799 5564 1180 5624 rationabilem
1237 5573 1691 5647 spiritualemque
1745 5580 1990 5649 ipsorum

412 5660 625 5716 agrum,
669 5651 762 5721 qui
812 5661 958 5711 terra
985 5670 1233 5728 vocatur,
1271 5680 1472 5737 magno
1507 5667 1786 5725 inundans
1818 5669 1989 5738 ﬂuxu,

2104 4648 2398 4720 ἑσπερινὰς
2436 4649 2685 4721 τέρψεις·
2725 4650 2818 4703 καὶ
2858 4649 3006 4703 ταῦτ’
3040 4649 3298 4721 ἔπραξας,
3349 4647 3692 4714 καταξιώσας

2101 4745 2199 4814 τῆς
2249 4742 2474 4796 σεαυτοῦ
2525 4745 2832 4815 ἐπισκοπῆς
2876 4744 3002 4807 τοὺς
3048 4743 3140 4797 ἑπὶ
3189 4746 3294 4815 γῆς
3347 4742 3688 4813 ἀνθρώπους,

2101 4838 2164 4890 δι’
2197 4832 2264 4909 ἧς
2297 4838 2466 4908 μυρία
2501 4838 2681 4900 αὐτοῖς
2722 4837 2900 4906 ἀγαθὰ
2941 4837 3270 4910 δεδώρηται·
3301 4836 3375 4901 ὡς
3406 4835 3690 4909 πληρῶσαι

2103 4930 2298 4993 αὐτοὺς
2344 4931 2436 4982 καί
2484 4930 2717 5002 μεθῦσαι
2780 4933 2899 4994 ταῖς
2945 4929 3178 4998 ἀγαθαῖς
3230 4947 3323 4982 σου
3369 4930 3684 5004 χορηγίαις,

2104 5025 2385 5078 πλουτίσαι
2413 5043 2470 5078 τε
2505 5027 2700 5089 αὐτοὺς
2739 5025 2878 5079 κατά
2919 5025 3011 5078 τὸν
3057 5024 3375 5078 Ἀπόστολον
3405 5025 3680 5095 φήσαντα·

2103 5135 2121 5168 ‹
2179 5118 2265 5170 Ἐν
2307 5119 2470 5172 παντὶ¹
2502 5117 2885 5188 ἐπλουτίσθητε
2931 5119 2988 5170 ἑν
3030 5117 3196 5188 αὐτῷ,
3233 5119 3289 5170 ἐν
3331 5119 3493 5171 παντὶ
3544 5117 3685 5188 λόγῳ

2097 5210 2190 5264 καὶ
2216 5210 2366 5283 πάσῃ
2395 5210 2624 5279 γνώσει·
2667 5231 2685 5262 ι
2722 5210 2755 5282 ἦ
2788 5209 2930 5264 κατά
2968 5211 3059 5264 τὸν
3088 5210 3385 5281 Σύμμαχον
3411 5211 3678 5280 φήσαντα·

2103 5321 2120 5352 ι
2155 5302 2508 5375 Πολυκαρπίᾳ
2556 5302 2862 5366 πλουτίσεις
2894 5302 3082 5373 αὐτήν.
3122 5322 3142 5354 ι
3177 5301 3301 5365 Πῶς
3346 5301 3402 5355 δὲ
3449 5299 3680 5372 ἑμέθυσε

2098 5396 2197 5467 τὴν
2231 5396 2358 5466 γῆν,
2398 5397 2492 5450 καὶ
2531 5397 2648 5462 πῶς
2686 5397 2967 5452 ὲπλούτισε
3015 5397 3107 5450 καὶ
3151 5396 3466 5468 ἐπλήρωσεν
3514 5393 3680 5465 αὐτὴν

2101 5488 2500 5562 πολυκαρπίας,
2540 5491 2798 5560 διασαφεῖ
2844 5491 3016 5561 λέγων
3063 5491 3222 5563 ἑξῆς·
3271 5510 3290 5543 ι
3334 5492 3392 5545 '0
3441 5506 3686 5560 ποταμός

2099 5580 2193 5633 τοῦ
2227 5582 2360 5636 Θεοῦ
2391 5583 2683 5656 ἐπληρώθη
2731 5583 2954 5638 ὑδάτων.
2999 5604 3016 5635 ι
3043 5584 3145 5637 Τὸν
3175 5583 3282 5656 γὰρ
3321 5582 3549 5636 σεαυτοῦ
3584 5599 3682 5634 πο-

2099 5673 2273 5743 ταμὸν
2325 5674 2415 5726 τοῦ
2476 5674 2631 5743 ἁγίου
2697 5676 3032 5748 Πνεύματος,
3081 5676 3171 5730 τὸν
3216 5675 3322 5731 ἀπὸ
3366 5673 3475 5745 τῆς·
3503 5675 3560 5728 ὲν
3599 5672 3682 5727 65‘.

486 5801 530 5833 “
555 5801 701 5862 Psal.
738 5821 916 5880 CXLVI,
959 5812 1008 5867 l.
1089 5816 1130 5850 ³⁵
1158 5815 1302 5876 Psal.
1339 5836 1462 5890 CXL,
1487 5822 1542 5878 2.
1621 5825 1665 5857 ³⁸
1693 5824 1825 5880 ibid.
1898 5803 1946 5860 ’³⁷
1977 5825 2152 5901 lCor.
2194 5844 2230 5895 I,
2265 5829 2316 5884 5.
