4142 6388
423 328 524 389 6H

1561 336 2071 398 COMMENTARIA
2109 339 2178 396 ΙΝ
2217 339 2561 398 PSALMOS.

3601 347 3719 405 δη

428 450 613 525 πηγῆς
643 448 1155 526 ἀναὸλυσταίνοντα,
1192 453 1306 516 τοῖς
1346 452 1436 506 ἐπί
1472 452 1576 524 γῆς
1606 451 1814 506 οἰκοῦσι
1844 453 2012 525 δωρη-

2124 453 2519 526 sapientiaeque
2565 455 2861 512 imbribus
2917 455 3220 524 inebrians,
3271 476 3290 510 ε
3337 458 3716 530 multiplicasti

429 543 682 612 σάμενος,
717 543 818 616 τὴν
839 543 1064 615 λογικὴν
1108 545 1201 599 καὶ
1249 545 1441 619 νοεράν
1484 546 1664 602 αὐτῶν
1700 547 1882 620 χώραν
1910 549 2016 620 γῆν

422 637 849 710 ὀνομαζομένην,
880 637 1058 710 πολλῷ
1086 639 1164 710 τῷ
1190 640 1421 712 ῥεύματι
1448 642 1813 707 κατακλύσας,
1848 643 2015 714 μεθύ-

428 747 527 794 σας
556 731 669 794 τοῖς
697 731 794 801 τῆς
823 730 1012 798 σοφίας
1037 731 1410 803 ὀμϐρήμασιν,
1442 751 1462 784 ι
1498 733 1804 805 ἐπλήθυνάς
1832 752 1892 788 τε
1920 735 2013 789 τοῦ

425 821 709 874 πλουτίσαι
735 821 908 892 αὐτὴν
951 841 970 874 ι
999 825 1113 885 τοῖς
1146 823 1240 877 τοῦ
1273 824 1430 892 ἁγίου
1473 825 1790 896 Πνεύματος
1829 826 2017 896 διαφό-

426 930 539 984 ροις
573 913 894 985 χαρίσμασι.
941 911 1144 967 Τούτου
1176 915 1233 968 δὲ
1265 934 1282 965 ι
1313 914 1407 968 τοῦ
1443 916 1688 988 ποταμοῦ
1734 916 1802 970 τὰ
1844 919 2018 990 ὁρμή-

428 1024 573 1076 ματα
601 1005 951 1078 εὐφραίνουσι
971 1005 1072 1077 τὴν
1097 1006 1252 1061 πόλιν
1277 1006 1372 1060 τοῦ
1401 1007 1558 1062 Θεοῦ.
1593 1028 1612 1061 ι
1640 1009 1752 1062 Καὶ
1775 1012 1802 1062 ὁ
1824 1009 2016 1081 Σωτὴρ

422 1101 479 1154 δὲ
511 1101 637 1172 περὶ
672 1099 765 1154 τοῦ
799 1098 962 1153 αὑτοῦ
1004 1100 1247 1155 ἐδίδασκε
1279 1101 1452 1170 λέγων
1473 1119 1486 1132 ·
1528 1121 1547 1153 ι
1590 1104 1684 1166 Ὃς
1725 1103 1790 1158 ἆν
1825 1103 1922 1175 πίῃ
1953 1105 2017 1157 ἐκ

421 1190 516 1244 τοῦ
546 1186 846 1255 ὑδατος,οῦ
882 1190 992 1260 ἐγὼ
1037 1191 1193 1246 δώσω
1232 1192 1400 1264 αὑτῷ,
1433 1195 1667 1265 ποταμοὶ
1688 1195 1754 1248 ἐκ
1777 1197 1878 1266 τῆς
1905 1212 2017 1248 κοι-

422 1283 542 1348 λίας
583 1283 747 1338 αὑτοῦ
795 1283 1078 1356 ῥεύσουσιν
1122 1283 1310 1350 ὕδατος
1353 1285 1578 1351 ζῶντος,
1607 1286 1902 1357 ἁλλομένου
1937 1289 2016 1350 εἰς

421 1373 566 1445 ζωὴν
599 1373 833 1428 αἰώνιον.
863 1374 1106 1429 Τοῦτοδέ
1132 1375 1284 1444 ἐλεγε
1313 1377 1440 1448 περὶ
1467 1376 1562 1429 τοῦ
1589 1376 1929 1448 Πνεύματος,
1952 1371 2014 1430 οὗ

422 1467 656 1538 ἤμελλον
695 1467 994 1539 λαμϐάνειν
1042 1469 1093 1520 οἱ
1143 1468 1491 1532 πιστεύοντες
1519 1470 1600 1532 είς
1630 1469 1812 1522 αὑτόν.
1854 1491 1871 1520 ι
1912 1460 2018 1522 Οὗ-

418 1577 509 1623 τος
533 1555 624 1614 οὖν
650 1561 678 1613 ὁ
717 1560 960 1630 ποταμὸς
998 1561 1092 1614 τοῦ
1121 1560 1255 1613 Θεοῦ
1292 1560 1586 1632 ἐπληρώθη
1615 1561 1821 1615 ὑδάτων
1839 1579 1852 1590 ο
1885 1560 2016 1615 ὥστ’

422 1651 488 1705 ἂν
523 1653 694 1704 εἰπεῖν
715 1669 728 1682 ο
769 1671 787 1702 ι
841 1653 935 1704 Ἐκ
968 1650 1062 1704 τοῦ
1098 1651 1465 1724 πληρώματος
1498 1653 1662 1707 αὑτοῦ
1690 1656 1849 1725 ἡμεῖς
1880 1654 2016 1707 πάν-

419 1760 511 1807 τες
535 1743 820 1814 ἐλάϐομεν.
855 1765 872 1796 ι
899 1744 1118 1798 Πολλῶν
1140 1745 1196 1798 δὲ
1224 1746 1430 1799 ὑδάτων
1467 1749 1495 1798 ὁ
1534 1748 1779 1818 ποταμὸς
1810 1745 2016 1820 πεπλή-

2125 546 2459 615 locupletare
2489 562 2608 601 eam
2643 567 2662 600 ι
2699 550 2872 603 variis
2913 549 3156 620 Spiritus
3201 551 3378 603 sancti
3419 551 3717 605 charisma-

2124 636 2292 692 tibus.
2351 635 2526 706 Hujus
2576 652 2740 708 porro
2785 657 2803 688 ‹
2844 637 3088 695 ﬂuminis
3137 640 3383 710 impetus
3442 641 3718 698 laetiﬁcant

2126 728 2405 782 civitatem
2454 728 2571 784 Dei.
2607 749 2626 781 ι
2657 728 2913 784 Salvator
2956 731 3084 786 item
3141 731 3210 786 de
3258 733 3446 788 eadem
3500 734 3612 804 ipsa
3657 752 3721 791 re

2125 821 2244 876 hac
2289 821 2482 875 docuit
2516 838 2528 872 :
2569 839 2587 872 ι
2629 820 2684 875 Si
2717 823 2842 892 quis
2866 823 3069 877 biberit
3097 840 3165 879 ex
3208 839 3370 894 aqua.
3404 842 3566 896 quam
3614 844 3719 897 ego

2125 911 2267 967 dabo
2296 911 2367 975 ei,
2393 910 2618 966 ﬂumina
2661 912 2730 966 de
2760 921 2948 968 ventre
2981 915 3101 983 ejus
3152 914 3320 970 ﬂuent
3367 933 3522 986 aquse
3555 919 3711 983 vivae,

2125 1001 2374 1058 salientis
2407 1002 2462 1056 in
2502 1005 2667 1056 vitam
2706 1010 2986 1058 aeternam.
3029 1004 3143 1059 Hoc
3187 1014 3368 1060 autem
3399 1009 3614 1062 dicebat
3647 1009 3715 1064 de

2127 1091 2355 1163 Spiritu,
2378 1109 2536 1163 quem
2570 1096 2850 1165 accepturi
2879 1105 3035 1151 erant
3066 1097 3422 1153 credentesin
3453 1102 3697 1155 eumi’m

2123 1183 2238 1240 Hoc
2267 1186 2451 1255 itaque
2485 1184 2686 1240 ﬂumen
2739 1187 2834 1241 Dei
2876 1190 3141 1258 repletum
3191 1197 3276 1245 est
3325 1191 3518 1260 aquis;
3547 1193 3619 1245 ita
3653 1200 3713 1246 ut

2123 1275 2310 1330 dicant
2347 1292 2361 1328 :
2398 1295 2414 1326 ι
2460 1275 2535 1329 Ex
2571 1277 2913 1347 plenitudine
2956 1280 3077 1348 ejus
3128 1296 3230 1334 nos
3277 1296 3469 1336 omnes
3499 1284 3716 1354 accepi-

2126 1382 2250 1422 mus
2275 1366 2342 1420 '9.
2387 1386 2405 1418 ›
2445 1366 2631 1422 Multis
2661 1377 2842 1424 autem
2872 1371 3033 1440 aquis
3066 1372 3333 1440 repletum
3370 1371 3570 1429 ﬂumen
3592 1382 3710 1440 est,

2123 1459 2384 1528 quoniam
2413 1461 2505 1528 qui
2544 1475 2611 1513 eo
2637 1467 2920 1530 petantur,
2954 1461 3094 1515 inter
3118 1476 3176 1516 se
3223 1462 3521 1518 dissimiles
3563 1474 3710 1518 sunt.

2123 1549 2259 1604 Cum
2293 1549 2498 1605 diversi
2543 1566 2708 1621 porro
2756 1553 2868 1606 sint
2915 1553 3136 1608 ordines
3189 1569 3404 1621 eorum,
3441 1556 3534 1626 qui
3588 1557 3715 1627 ejus

2123 1651 2412 1698 consortes
2437 1652 2587 1710 sunt,
2608 1645 2734 1713 jure
2768 1647 3002 1716 singulis
3045 1649 3403 1716 congruentia
3436 1651 3711 1719 praebens,

2123 1736 2317 1792 multis
2361 1737 2520 1806 aquis
2557 1739 2822 1806 repletum
2858 1754 2982 1793 esse
3030 1738 3234 1793 dicitur
3267 1756 3279 1790 :
3320 1756 3552 1810 quarum
3586 1757 3712 1812 par-

422 1851 610 1906 ρωται,
643 1835 729 1888 διὰ
772 1836 832 1889 τὸ
876 1836 948 1907 μὴ
992 1836 1211 1907 ὁμοίους
1249 1835 1388 1891 εἶναι
1427 1840 1553 1902 τοὺς
1581 1839 1638 1905 ἐξ
1667 1840 1833 1892 αὑτοῦ
1864 1857 2012 1892 ποτι-

2121 1829 2293 1897 ticeps
2341 1829 2688 1884 rationabilis
2723 1844 2878 1898 ager,
2911 1839 3280 1900 congruentes
3312 1831 3544 1901 singulis
3569 1846 3712 1900 prae-

421 1925 700 1999 ζομένους.
753 1930 1034 2001 Διαφόρων
1078 1929 1134 1983 δὲ
1163 1929 1340 1984 όντων
1373 1933 1670 2002 ταγμάτων
1701 1933 1808 1986 τῶν
1845 1951 2014 2005 μετα-

419 2019 803 2090 λαμϐανόντων
855 2019 1042 2086 αὑτοῦ,
1098 2021 1324 2086 εἰκότως
1370 2022 1586 2092 ἑκάστῳ
1639 2025 1896 2096 παρέχων
1949 2027 2016 2081 τὰ

421 2111 727 2184 πρόσφορα,
757 2111 964 2164 πολλῶν
1004 2113 1214 2166 ὑδάτων
1249 2113 1640 2186 πεπληρῶσθαι
1667 2115 1916 2184 λέγεται·
1940 2110 2015 2171 ὧν

422 2202 799 2274 μεταλαϐοῦσα
843 2205 876 2274 ή
927 2203 1118 2275 λογικὴ
1153 2203 1327 2276 χώρα,
1373 2204 1471 2268 τὰς
1511 2206 1850 2276 ἐπιτηδείους
1888 2209 2017 2262 ἐκά-

423 2312 532 2365 στῳ
562 2295 744 2348 δίδωσι
771 2295 996 2367 τροφὰς,
1030 2297 1124 2349 καὶ
1157 2297 1283 2361 τοὺς
1317 2297 1578 2361 ὲπαξίους
1622 2297 1719 2351 τοῦ
1757 2300 2011 2354 τοσούτου

420 2385 664 2458 ποταμοῦ
703 2387 966 2458 καρπούς.
1015 2388 1105 2440 Διὺ
1147 2387 1434 2441 λέλεκται·
1473 2407 1492 2440 ι
1544 2390 1878 2460 Ἠτοίμασας
1916 2393 2014 2463 τὴν

418 2480 628 2552 τροφὴν
661 2479 873 2544 αὑτῶν,
921 2481 1003 2535 ὅτι
1058 2481 1296 2554 ούτωςή
1348 2483 1652 2554 ὲτοιμασία.
1706 2505 1723 2536 ι
1754 2486 1910 2540 Κατά
1957 2487 2014 2540 δὲ

420 2568 517 2622 τὸν¹
580 2570 895 2641 Σύμμαχον
933 2591 953 2624 ι
988 2573 1438 2644 Τελεσφορήσεις,
1486 2575 1638 2644 φησί,
1683 2573 1782 2645 τὴν
1843 2593 2013 2648 σπερ-

423 2663 625 2734 ματίαν
649 2663 839 2735 αὑτῆς,
867 2664 947 2717 δτι
987 2664 1162 2730 οὑτως
1200 2665 1444 2737 ήδρασας
1494 2666 1684 2736 αὑτὴν,
1717 2686 1735 2718 ι
1773 2667 2015 2739 δηλονότι

420 2752 520 2825 τὴν
562 2755 702 2825 γῆν,
753 2775 772 2806 ι
826 2757 920 2809 καὶ
952 2755 1224 2827 ἐμέθυσας
1275 2757 1483 2828 αὐτὴν,
1543 2758 1848 2830 ἐπλήθυνας
1919 2758 2014 2812 τοῦ

422 2847 705 2901 πλουτίσαι
743 2849 931 2921 αὑτήν.
973 2867 992 2901 ι
1034 2849 1123 2920 Τῷ
1161 2845 1254 2902 οὖν
1279 2850 1508 2921 ποταμῷ
1536 2850 1613 2921 τῷ
1647 2851 1725 2922 σῷ
1757 2852 2014 2920 τελεσφο-

424 2939 611 3010 ρήσεις
633 2939 731 3010 τὴν
757 2941 1102 3013 σπερματίαν
1127 2940 1318 3012 αὐτῆς,
1348 2943 1592 2995 τουτέστι
1619 2943 1687 2997 τὰ
1726 2944 2016 3014 σπέρματα

420 3031 478 3084 ἐν
511 3033 650 3103 αὑτῇ
680 3031 1091 3104 καταϐληθέντα
1140 3034 1203 3087 σὺ
1245 3035 1407 3098 αὐτὸς
1437 3035 1524 3089 διὰ
1557 3034 1651 3089 τοῦ
1688 3036 1886 3090 σαυτοῦ
1921 3055 2017 3090 πο-

417 3123 596 3195 ταμοῦ
623 3123 1086 3197 τεὴσφορηθῆναι
1119 3129 1384 3200 ποιήσεις,
1417 3128 1491 3193 ὡς
1521 3129 1760 3193 τελείους
1786 3129 2017 3183 ἀποδοῦ-

2117 1920 2208 1973 bet
2241 1933 2420 1984 escas,
2456 1929 2620 1990 atque
2651 1922 2958 1990 condignns
2993 1923 3127 1976 tanti
3173 1921 3417 1976 ﬂuminis
3469 1922 3712 1980 fructus.

2117 2011 2302 2078 Quare
2338 2013 2544 2068 dictum
2596 2021 2681 2068 est
2716 2029 2730 2064 :
2769 2032 2787 2063 c
2827 2013 3039 2068 Parasti
3071 2014 3253 2068 cibum
3297 2016 3539 2080 illorum,
3571 2032 3710 2086 quo-

2118 2103 2263 2156 niam
2289 2105 2364 2158 ita
2393 2114 2478 2159 est
2505 2105 2848 2174 praeparatio.
2891 2124 2910 2155 ›
2947 2104 3258 2160 Secundum
3319 2105 3731 2178 Symmachum'

2115 2209 2248 2248 vero
2281 2213 2295 2249 ε
2337 2213 2356 2245 ‹
2391 2193 2748 2250 Fructiﬁcare
2772 2195 2940 2250 facies
2962 2210 3148 2250 semen
3170 2196 3310 2266 ejus,
3344 2197 3604 2267 quoniam
3630 2197 3711 2250 ita-

2117 2283 2359 2340 fun‘dasti
2385 2302 2528 2353 eam,
2562 2306 2580 2339 ι
2607 2285 2864 2341 videlicet
2889 2294 3114 2353 terram,
3141 2305 3160 2338 ι
3185 2281 3536 2342 etinebriasti
3559 2302 3711 2351 eam,

2123 2378 2500 2448 multiplicasti
2561 2378 2900 2448 locupletare
2958 2390 3106 2433 eam.
3149 2398 3168 2431 ι
3223 2378 3476 2434 Flumine
3522 2380 3713 2450 itaque

2117 2477 2211 2524 tuo
2241 2470 2478 2525 fructum
2510 2486 2700 2541 parere
2739 2471 2911 2526 facies
2969 2472 3165 2526 semini
3201 2472 3345 2540 ejus,
3369 2473 3423 2527 id
3455 2479 3561 2537 est,
3617 2488 3708 2528 se-

2117 2563 2266 2616 mina
2307 2563 2452 2618 istuc
2495 2563 2768 2633 conjecta,
2804 2571 2865 2616 tu
2924 2562 3064 2632 ipse,
3100 2571 3307 2633 tuoque
3342 2562 3568 2618 ﬂumine
3589 2562 3714 2617 fru-

2116 2663 2264 2708 ctum
2288 2669 2478 2724 parere
2512 2653 2700 2721 facies,
2739 2655 2813 2708 ita
2838 2661 2899 2707 ut
2919 2653 3195 2724 perfectas
3227 2655 3407 2724 spicas
3434 2656 3699 2724 praebeat.

2121 2746 2211 2801 Sic
2245 2747 2549 2803 secundum
2608 2747 2965 2816 Evangelium
3014 2747 3119 2800 alia
3161 2753 3309 2800 terra
3340 2747 3702 2812 tricesimum,

2118 2839 2223 2893 alia
2255 2839 2684 2908 sexagesimum,
2715 2837 3082 2893 centesimum
3131 2837 3238 2890 alia
3263 2838 3546 2907 proferet:
3579 2853 3710 2892 nam

2119 2933 2175 2988 in
2203 2930 2506 2987 Salvatoris
2530 2931 2794 3002 parabola
2834 2931 3019 2984 anima
3065 2929 3306 2984 hominis
3361 2939 3504 2984 terra
3539 2945 3704 2985 voca-

2121 3033 2228 3079 tur.
2277 3042 2296 3076 (
2336 3022 2506 3078 Rivos
2583 3023 2703 3092 ejus
2765 3021 3011 3086 inebria,
3075 3021 3379 3090 multiplica
3427 3023 3706 3092 genimina

2119 3115 2239 3183 ejus
2293 3135 2304 3170 :
2351 3117 2408 3169 in
2462 3110 2762 3169 stillicidiis
2812 3112 2934 3181 ejus
2992 3111 3267 3166 laetabitur
3323 3113 3704 3183 germinans.)

419 3179 508 3270 ναὶ
557 3219 683 3280 τοὺς
719 3179 940 3288 «illis.
981 3179 1137 3272 ὸιτω
1165 3179 2010 3294 7.3;augescens;',

2118 3179 2418 3278 Postquam
2444 3206 2802 3278 pr0pbeticus
2832 3179 3015 3259 sermo
3063 3205 3219 3274 signa
3256 3203 3475 3259 virtutis
3509 3203 3708 3259 Serva-

423 3307 522 3378 μὲν
549 3310 766 3379 ποιήσει
793 3308 914 3380 λ’,ή
949 3309 1004 3362 δὲ
1034 3309 1097 3375 ξ’,
1131 3312 1164 3381 ή
1195 3310 1252 3364 δὲ
1287 3317 1354 3383 ρ’,
1389 3312 1490 3383 τῆς
1526 3310 1876 3387 ἀνθρωπίνης
1913 3313 2015 3384 ψυ-

419 3397 520 3469 χῆς
547 3402 652 3470 γῆς
692 3399 1120 3472 ὀνομαζομένης,
1156 3403 1249 3456 καὶ
1283 3403 1426 3457 κατὰ
1467 3404 1567 3475 τὴν
1611 3405 1876 3476 σωτήριον
1910 3421 2016 3458 πα-

423 3489 685 3563 ραϐολήνο
727 3511 746 3544 ‹
794 3494 934 3556 Τοὺς
978 3493 1221 3559 αὔλακας
1275 3495 1446 3566 αὐτῆς
1501 3495 1765 3567 μέθυσον·
1810 3497 2012 3568 πλήθυι-

418 3597 507 3634 νον
540 3581 607 3635 τά
635 3585 948 3655 γεννήματα
1001 3585 1204 3656 αὑτῆς·
1263 3587 1322 3639 ἐν
1373 3589 1492 3649 ταῖς
1541 3587 1797 3654 σταγόσιν
1842 3587 2014 3659 αὐτῆς

419 3674 850 3748 εὐφρανθήσεται
877 3677 1263 3732 ἀνατέλλουσα.
1306 3698 1324 3729 ›
1352 3675 1648 3743 Διεξελθὼν
1673 3681 1701 3732 ὁ
1741 3696 2013 3754 προφήτι-

418 3765 513 3830 κὺς
545 3766 701 3836 λόγος
740 3767 810 3822 τά
849 3773 1046 3840 σημεῖα
1079 3771 1178 3840 τῆς
1221 3769 1315 3823 τοῦ
1351 3769 1604 3842 Σωτῆρος
1655 3772 1876 3844 ἀρετῆς,
1919 3774 2013 3825 καὶ

417 3860 483 3929 τῇ
526 3860 620 3914 τοῦ
666 3861 981 3932 Πνεύματος
1027 3861 1334 3933 προγνώσει
1378 3863 1448 3917 τά
1493 3864 1746 3934 ἐσόμενα,
1792 3864 1867 3929 ὡς
1911 3865 2012 3936 ἤδη

416 3951 485 4005 δι’
519 3953 696 4026 ἔργων
749 3956 1108 4026 κεχωρηκότα
1153 3955 1506 4028 τεθεαμένοςο
1565 3958 1714 4020 ὅπως
1769 3958 1868 4027 μὲν
1905 3958 2013 4011 τῶν

418 4047 806 4117 ἀντικειμένων
838 4047 1148 4121 ἀνατροπὴν
1181 4049 1496 4119 εἰργάσατο,
1523 4049 1672 4113 ὅπως
1704 4050 1760 4104 δὲ
1784 4051 2014 4104 ἐπεσκέ-

416 4141 556 4210 ψατο
586 4140 686 4210 τὴν
724 4141 828 4212 γῆν
854 4141 947 4193 καὶ⁸
972 4140 1236 4211 ἐμέθυσεν
1277 4141 1466 4212 αὐτὴν,
1507 4142 1602 4195 καὶ
1634 4141 1709 4206 ὡς
1740 4141 2010 4214 ἐπλήθυνε

415 4233 510 4288 τοῦ
551 4233 833 4286 πλουτίσαι
874 4233 1064 4305 αὐτὴν,
1110 4232 1493 4305 πληρωθέντος
1525 4233 1734 4288 ὑδάτων
1781 4234 1875 4288 τοῦ
1909 4253 2009 4289 πο-

414 4325 592 4398 ταμοῦ
629 4325 724 4379 τοῦ
752 4324 908 4379 Θεοῦ.
955 4323 1138 4378 Ταῦτα
1183 4325 1466 4390 θεσπίσας,
1503 4327 1598 4380 καὶ
1647 4326 1724 4391 ὡς
1767 4327 1867 4399 ήδη
1905 4327 2010 4398 πρὸ

415 4417 708 4490 ὀφθαλμῶν
733 4417 988 4491 ὁρώμενα
1021 4418 1376 4488 θεασάμενος,
1407 4419 1492 4472 ἐπ’
1523 4417 1689 4490 εὐχὴν
1725 4419 2003 4492 τρέπεται,

416 4513 512 4566 καὶ
542 4511 633 4566 τὸν
664 4511 794 4565 Θεὸν
822 4510 1052 4563 ἱκετεύει
1088 4510 1262 4579 λέγων
1281 4527 1294 4540 ·
1334 4529 1352 4560 ι
1391 4509 1531 4573 Τοὺς
1563 4510 1807 4574 αὔλακας
1838 4511 2008 4581 αὐτῆς

420 4602 670 4673 μέθυσον,
703 4604 800 4658 καὶ
837 4602 1107 4674 πλήθυνον
1149 4603 1220 4656 τὰ
1260 4604 1577 4675 γεννήματα
1615 4603 1804 4674 αὑτῆς.
1846 4624 1864 4656 ι
1898 4602 2008 4656 Λύ-

414 4693 578 4756 λακες
604 4694 660 4748 δὲ
689 4693 868 4764 ψυχῆς
895 4679 1004 4747 εἷεν
1051 4692 1118 4747 ἂν
1154 4695 1203 4746 οἰ
1253 4694 1394 4747 κατά
1435 4693 1632 4764 βάθους
1662 4694 1830 4764 αὐτῆς
1861 4693 2006 4764 λογι-

418 4787 564 4857 σμοὶ,
597 4787 690 4840 καὶ
716 4787 815 4858 τῆς
844 4786 1198 4856 συνειδήσεως
1227 4785 1399 4856 αὐτῆς
1438 4787 1471 4857 ἡ
1500 4785 1729 4857 κρύφιος
1757 4787 1850 4839 καὶ
1880 4789 2006 4852 τοὺς

416 4879 642 4942 πολλοὺς
685 4879 1019 4933 λανθάνουσα
1062 4878 1310 4950 δύναμις,
1346 4878 1412 4948 ἣν
1455 4881 1483 4932 ό
1529 4877 1623 4930 τοῦ
1672 4878 1806 4931 Θεοῦ
1849 4879 2006 4947 λόγος

416 4973 645 5045 ἀρότρου
700 4973 856 5046 δίκην
908 4973 1224 5044 ἀνατέμνων
1275 4973 1370 5025 καὶ
1428 4971 1808 5043 μεταϐάλλων,
1863 4972 2007 5026 λεῖον

413 5067 808 5140 ἀπεργάζεται·
871 5065 1137 5138 περιελών
1186 5081 1244 5116 τε
1291 5064 1389 5128 τὰς
1438 5063 1710 5129 ἀκάνθας,
1764 5065 1860 5118 καί⁷
1906 5065 2004 5136 τὴν

415 5161 676 5233 περιττήν
704 5159 854 5231 ὓλην,
896 5155 1136 5226 ἐντίθησι
1173 5155 1240 5210 τά
1280 5153 1471 5210 ἐαυτοῦ
1522 5155 1812 5226 σπέρματα
1840 5172 1853 5184 °
1891 5151 2007 5208 εἶτα

413 5258 525 5318 τοῖς
555 5254 792 5321 λογικοῖς
817 5251 1052 5321 νάμασιν
1081 5248 1344 5321 ἀρδεύων,
1384 5246 1645 5320 μεθύσκει
1678 5247 1866 5318 αὑτήν.
1916 5245 2006 5298 Διὸ

413 5345 693 5398 λέλεκταιο
735 5365 752 5396 ι
795 5344 934 5406 Τοὺς
962 5341 1202 5404 αὔλακας
1232 5340 1403 5409 αὑτῆς
1443 5339 1696 5410 μέθυσον,
1734 5338 1827 5390 καὶ
1869 5337 2006 5408 πλή-

416 5437 573 5490 θυνον
615 5436 684 5490 τὰ
739 5437 1053 5507 γεννήματα
1094 5433 1282 5504 αὐτῆς,
1322 5452 1340 5483 ι
1370 5427 1504 5485 Εἶτα
1549 5432 1668 5485 ἀντὶ
1700 5430 1816 5485 τοῦ·
1847 5448 1864 5481 ‹
1917 5431 2004 5482 Ἐν

412 5531 531 5590 ταῖς
567 5526 819 5594 σταγόσιν
856 5524 1029 5594 αὑτῆς
1069 5521 1497 5594 εὐφρανθήσεται
1535 5519 1931 5574 ἀνατέλλουσα·
1977 5539 1994 5570 ι

414 5618 555 5672 κατὰ
583 5619 672 5673 τὸν
707 5617 1020 5688 Σύμμαχον·
1055 5634 1072 5666 ‹
1113 5615 1244 5676 Ταῖς
1289 5612 1520 5682 ψεκάσιν
1572 5612 1743 5682 αὐτῆς
1790 5610 2000 5682 χαυνώ-

489 5798 535 5828 ³³
559 5797 715 5850 Jonn.
744 5809 845 5863 vn,
870 5794 958 5861 58,
988 5792 1076 5848 59.
1156 5788 1394 5847 ³⁹ινςῐοιιῐι.
1426 5805 1468 5853 ι,
1501 5784 1593 5844 l6.

2119 3301 2258 3355 toris
2282 3299 2582 3362 recensuit,
2616 3305 2671 3353 et
2695 3313 2760 3352 ex
2807 3295 3156 3366 prtescientia
3205 3293 3444 3365 Spiritus
3494 3295 3709 3358 futura,

2117 3397 2178 3444 ut
2200 3392 2317 3460 jam
2349 3403 2515 3458 opere
2543 3387 2838 3456 completa,
2878 3384 3157 3454 praevidit;
3183 3385 3462 3454 quomodo
3489 3383 3706 3438 scilicet

2117 3482 2468 3537 adversarios
2499 3477 2882 3550 prostraverit,
2909 3475 3186 3546 quomodo
3216 3484 3417 3529 terram
3446 3474 3708 3529 visitave-

2115 3577 2188 3631 rit
2215 3585 2268 3631 et
2293 3575 2666 3638 inebriaverit,
2705 3585 2816 3642 quo
2847 3577 3010 3640 pacto
3057 3565 3511 3638 multiplicaverit
3547 3566 3703 3620 locu-

2116 3669 2324 3739 pletare
2341 3683 2482 3731 eam,
2515 3665 2741 3720 ﬂumine
2769 3663 2866 3718 Dei
2910 3661 3070 3731 aquis
3101 3661 3328 3730 repleto.
3363 3658 3490 3713 Htec
3511 3657 3712 3712 vatici-

2115 3770 2301 3824 natus,
2327 3769 2381 3815 et
2409 3759 2571 3830 quasi
2601 3773 2715 3828 pra:
2762 3756 2940 3812 oculis
2992 3753 3219 3807 haberet
3271 3752 3707 3820 contemplatus,

2116 3853 2184 3907 ad
2215 3867 2409 3922 preces
2437 3850 2694 3913 vertitur,
2729 3847 2952 3917 Deoque
3008 3845 3285 3915 supplicat
3337 3842 3425 3898 his
3467 3841 3654 3896 verbis
3682 3858 3705 3896 τ

2121 3965 2139 3997 ι
2177 3944 2345 3999 Divos
2374 3944 2496 4012 ejus
2535 3940 2775 4004 inebria,
2818 3939 3123 4009 multiplica
3165 3935 3446 4007 genimina
3492 3933 3634 4003 ejus.
3675 3952 3699 3986 ι

2114 4035 2236 4089 Rivi
2268 4033 2466 4088 animae
2492 4031 2742 4103 ejusdem
2768 4029 3056 4101 profunda:
3077 4026 3438 4098 cogitationes
3471 4024 3700 4090 fuerint,

2112 4139 2166 4186 et
2213 4127 2539 4184 abscondita
2589 4125 2890 4194 multisque
2941 4123 3119 4176 latens
3190 4118 3548 4176 conscientia
3594 4117 3705 4181 vis,

2112 4238 2276 4294 quam
2335 4220 2432 4276 Dei
2475 4218 2704 4274 verbum
2750 4231 2853 4270 ceu
2897 4222 3144 4269 aratrum
3184 4212 3406 4268 sulcans
3428 4217 3481 4264 et
3501 4210 3704 4264 immu-

2113 4331 2258 4382 tans,
2281 4319 2502 4390 planam
2528 4315 2696 4372 eﬂicit
2724 4333 2738 4369 :
2773 4314 3057 4384 Spinisque
3080 4326 3142 4365 ac
3167 4307 3446 4380 superﬂua
3474 4306 3705 4360 materia

2113 4411 2332 4477 amotis,
2368 4409 2580 4465 semina
2631 4421 2730 4463 sua
2787 4406 2980 4461 inserit
3011 4419 3025 4455 :
3059 4401 3367 4470 deindeque
3398 4397 3702 4452 rationabi-

2115 4503 2257 4558 libus
2289 4499 2512 4555 ﬂuentis
2559 4498 2820 4568 irrigans,
2869 4495 3045 4565 ipsam
3102 4490 3359 4546 inebriat.
3403 4487 3583 4554 Quare
3615 4486 3704 4540 dio

2041 4574 2084 4629 D
2115 4603 2264 4651 ctum
2302 4601 2387 4648 est
2429 4611 2442 4646 :
2483 4609 2502 4642 ι
2540 4589 2712 4645 Rivos
2755 4589 2876 4658 ejus
2929 4584 3162 4644 inebria,
3193 4580 3500 4649 multiplica
3546 4576 3703 4646 geni-

2114 4687 2264 4742 mina
2298 4685 2440 4756 ejus.
2479 4703 2498 4736 ι
2537 4681 2737 4738 Postea
2771 4695 2903 4734 vero
2933 4677 3082 4732 illius
3109 4675 3232 4728 loco
3267 4691 3279 4726 :
3322 4690 3340 4722 ί
3380 4669 3438 4722 ln
3485 4667 3701 4723 stillici-

2113 4778 2223 4833 diis
2281 4779 2403 4847 ejus
2459 4774 2730 4830 lmtabitur
2773 4769 3110 4841 germinans,
3152 4783 3170 4816 ι
3216 4759 3579 4833 Symmachus
3617 4757 3700 4812 sic

2112 4871 2278 4926 habet
2299 4889 2310 4924 :
2339 4887 2357 4920 ‹
2385 4867 2561 4922 Stillis
2577 4866 2698 4935 ejus
2721 4862 2971 4919 emollies
2991 4861 3164 4930 ipsam
3188 4866 3241 4910 et
3259 4867 3479 4925 germen
3495 4851 3638 4919 ejus.
3673 4867 3694 4901 ι

2113 4963 2181 5018 Εῑ
2232 4962 2347 5016 haec
2396 4960 2581 5015 omnia
2627 4953 2906 5012 visitantis
2959 4947 3263 5005 Ecclesiam
3325 4958 3482 5000 suam
3540 4943 3694 5012 signa

2111 5063 2242 5112 sunt
2279 5074 2291 5108 :
2327 5069 2448 5123 qua:
2481 5065 2614 5106 sane
2657 5047 2788 5102 olim
2851 5041 3237 5115 praenuntiata,
3261 5051 3372 5090 non
3397 5034 3505 5088 alio
3533 5033 3694 5086 modo

2110 5160 2273 5216 quam
2325 5159 2422 5215 per
2453 5140 2764 5196 Servatoris
2818 5134 2995 5190 nostri
3080 5131 3374 5185 adventum
3423 5125 3692 5193 completa

2110 5245 2239 5293 sunt
2275 5256 2287 5291 :
2323 5251 2418 5306 per
2443 5248 2604 5303 quem
2649 5231 2740 5300 qui
2769 5230 2890 5297 ejus
2935 5225 3112 5296 gratia
3151 5219 3361 5290 dignati
3401 5223 3549 5277 sunt,
3584 5231 3691 5266 me—

2109 5331 2264 5386 lestia
2291 5327 2500 5385 semina
2529 5325 2584 5378 in
2615 5320 2904 5377 animabus
2941 5317 3058 5372 suis
3111 5311 3466 5382 excipientes,
3497 5307 3686 5361 uberes

2109 5425 2324 5479 fructus
2369 5418 2695 5491 proferunt;
2751 5412 2842 5467 alii
2907 5422 3104 5478 nempe
3155 5403 3541 5463 centesimum,
3601 5395 3694 5499 alii

2109 5514 2538 5585 sexagesimum,
2573 5509 2663 5562 alii
2720 5506 3081 5559 tricesimum.
3136 5494 3398 5585 Quisquis
3449 5503 3578 5545 vero
3635 5494 3692 5585 in

2109 5605 2204 5663 Dei
2234 5576 2481 5662 Ecclesia
2529 5602 2778 5658 diversos
2829 5607 3023 5651 eorum
3071 5588 3164 5662 qui
3193 5587 3249 5642 in
3271 5583 3494 5641 Christo
3526 5576 3695 5651 proﬁ-
