4142 6388
408 394 514 449 643
1108 390 1378 447 EUSEBII
1417 386 1897 446 CASSARIENSIS
1936 386 2085 442 OPP.
2124 385 2305 443 PARS
2337 385 2424 443 ΙΙΙ.
2468 417 2540 429 -
2576 386 2988 442 EXEGETICA.
3583 389 3687 445 ειι

407 517 562 569 ciunt
584 511 802 567 ordines
826 510 1117 582 conspicit,
1151 512 1198 567 is
1231 526 1421 567 eorum
1455 525 1576 579 qua:
1628 508 1685 563 in
1724 509 1979 563 vaticinia

2090 526 2205 572 σεις
2238 509 2406 580 αὐτὴν
2436 510 2529 562 καὶ
2571 509 2632 561 τὸ
2681 509 2967 580 βλάστημα
3015 510 3205 581 αὐτῆς,
3242 531 3259 563 ι
3289 510 3525 583 εἴρηται.
3577 516 3688 568 Καὶ

410 603 661 659 feruntur
688 604 987 657 ubertatem
1026 602 1193 671 probe
1237 612 1551 672 cognoscet.

2094 601 2269 654 πάντα
2307 601 2363 653 δὲ
2390 600 2561 653 ταῦτα
2598 604 2796 671 σημεῖα
2838 603 3092 671 τυγχάνει
3118 603 3210 656 τοῦ
3244 605 3686 676 ἐπισκεψαμένου

406 698 502 768 τὴν
548 696 868 766 Ἐκκλησίαν
925 692 1118 747 αὐτοῦ·
1173 692 1208 747 ἃ
1256 694 1318 764 δὴ
1373 693 1539 745 πάλαι
1587 691 1955 766 προλεχθέντα
1992 692 2301 755 οὐδ’ἇλλως
2339 695 2419 755 εἰς
2459 692 2595 763 ἔργα
2648 692 3028 763 κεχώρηκενῆ
3077 695 3163 747 διὰ
3210 695 3308 765 τῆς
3340 695 3434 749 τοῦ
3503 698 3687 768 Σωτῆ-

409 805 501 861 ρος
547 787 701 858 ήμῶν
737 786 1089 856 ἐπιφανείας·
1135 786 1200 838 δι’
1242 783 1311 857 ἦς
1358 788 1406 838 οἱ
1458 786 1856 856 κατηξιωμένοι
1902 785 2005 854 τῆς
2044 785 2209 837 αὑτοῦ
2239 786 2481 857 χάριτος,
2518 786 2585 837 τά
2618 784 2674 851 ἐξ
2715 786 2959 855 οὐρανῶν
2990 786 3281 858 σπέρματα
3350 791 3466 852 ταῖς
3506 790 3687 841 αὐτῶν

405 881 603 952 ψυχαῖς
650 880 1076 949 ἀποδεξάμενοι,
1129 882 1374 952 καρποὺς
1428 881 1673 945 εὐθαλεῖς
1727 881 2089 952 παρέχουσιν·
2128 882 2175 933 οἱ
2246 882 2343 951 μὲν
2376 888 2425 955 ρ(
2482 880 2794 945 ποιοῦντες,
2840 883 2887 932 οἱ
2922 882 2978 935 δὲ
3025 882 3086 947 ξ’,
3127 884 3175 936 οἱ
3200 882 3255 935 δὲ
3289 884 3351 936 λ’.
3388 883 3561 954 Ὀρῶν
3628 884 3686 937 δέ

404 988 488 1033 τις
522 974 579 1023 ἐν
624 973 688 1040 τῇ
735 971 1029 1041 Ἐκκλησία
1068 971 1161 1023 τοῦ
1201 970 1336 1024 Θεοῦ
1402 971 1468 1024 τά
1514 972 1748 1045 διάφορα
1795 972 2053 1042 τάγματα
2118 972 2226 1025 τῶν
2283 976 2340 1025 ὲν
2398 972 2617 1045 Χριστῷ
2665 972 3115 1043 προκοπτόντων,
3178 974 3273 1045 τὴν
3331 965 3686 1047 παγκαρπίαν

404 1064 606 1118 εἴσεται
633 1063 741 1115 τῶν
763 1063 849 1115 διὰ
872 1064 971 1133 τῆς
1000 1064 1367 1134 προκειμένης
1389 1064 1725 1135 προφητείας
1755 1064 2183 1136 θεσπιζομένων.

477 1182 642 1241 Vens.
668 1186 854 1250 1Ξ,14.
881 1209 898 1239 ι
924 1188 1218 1245 Benedices
1242 1204 1460 1243 coronte
1477 1189 1605 1242 anni
1630 1188 1985 1258 benignitatis

403 1282 528 1337 tum,
554 1286 606 1330 et
630 1281 807 1349 campi
840 1280 916 1333 tui
969 1281 1328 1349 replebuntur
1362 1281 1633 1335 ubertate.
1680 1301 1697 1332 ›
1743 1279 1884 1346 Quia
1917 1282 1983 1336 ad

404 1369 811 1438 praedicandum
850 1386 1055 1425 annum
1112 1370 1204 1425 Dei
1255 1371 1672 1441 acceptabilem,
1726 1379 1780 1424 et
1838 1372 1982 1426 diem

404 1459 801 1521 retributionis,
846 1460 1063 1515 venisse
1102 1458 1363 1515 Servator
1403 1460 1629 1525 dicitur,
1676 1463 1981 1515 secundum

406 1547 745 1618 Scripturam
771 1568 833 1604 ex
860 1552 980 1619 ejus
1004 1568 1238 1621 persona
1264 1553 1344 1607 sic
1378 1553 1690 1621 loquentem
1714 1569 1726 1602 :
1762 1572 1778 1603 ι
1810 1551 1982 1621 Spiri-

402 1650 492 1698 tus
512 1642 721 1696 Domini
749 1659 913 1712 super
942 1661 1047 1707 me,
1073 1660 1137 1697 eo
1162 1644 1307 1713 quod
1332 1645 1551 1698 unxerit
1589 1660 1673 1698 me
1708 1664 1720 1697 :
1752 1659 1985 1713 evange-

404 1734 572 1788 lizare
597 1735 929 1803 pauperibus
960 1734 1108 1789 misit
1150 1752 1270 1802 me;
1301 1735 1599 1805 praedicare
1639 1735 1869 1804 captivis
1900 1734 1986 1799 .di-

2166 1208 2184 1239 ‹
2232 1187 2567 1259 Εὐλογήσεις
2593 1187 2681 1239 τὸν
2712 1187 2973 1254 στέφανον
3012 1187 3106 1239 τοῦ
3142 1187 3388 1240 ἐνιαυτοῦ
3421 1188 3517 1258 τῆς
3547 1207 3685 1260 χρη-

2088 1278 2343 1347 στότητός
2382 1294 2496 1340 σου,
2529 1277 2623 1329 καὶ
2654 1277 2720 1328 τὰ
2753 1276 2911 1328 πεδία
2959 1293 3055 1329 σου
3089 1276 3460 1348 πλησθήσεται
3491 1280 3684 1350 πιότης

2085 1387 2193 1432 τος.
2244 1388 2262 1421 ι
2302 1369 2518 1440 Ἐπειδὴ
2549 1367 2782 1438 κηρῦξαι
2831 1368 3075 1420 ἐνιαυτὸν
3112 1368 3319 1439 Κυρίου
3348 1368 3556 1434 δεκτὸν,
3588 1371 3686 1423 καὶ

2083 1461 2296 1531 ἡμέραν
2344 1460 2752 1522 ἀνταποδόσεως
2794 1458 3111 1531 ἐληλυθέναι
3156 1459 3370 1527 λέγεται
3404 1461 3433 1512 6
3467 1462 3683 1533 Σωτὴρ,

2086 1551 2226 1603 κατὰ
2263 1550 2362 1621 τὴν
2420 1553 2732 1618 φάσκουσαν
2773 1550 2830 1616 ἐξ
2877 1550 3040 1603 αὑτοῦ
3093 1550 3387 1620 προσώπου
3422 1551 3679 1623 Γραφήν·

2089 1661 2106 1690 ι
2142 1639 2365 1709 Πνεῦμα
2415 1640 2621 1710 Κυρίου
2669 1641 2753 1691 ἐπ’
2800 1641 2920 1710 ἐμὲ,
2975 1633 3035 1692 οὗ
3089 1641 3295 1693 εἵνεκεν
3339 1640 3522 1712 ἔχρισέ
3573 1659 3679 1712 με·

2083 1733 2539 1801 εὐαγγελίσασθαι
2606 1736 2839 1803 πτωχοῖς
2904 1733 3213 1785 ἀπέσταλκέ
3280 1750 3379 1803 με·
3447 1733 3683 1803 κηρῦξαι

404 1826 746 1889 missionem,
780 1834 833 1880 et
888 1831 1048 1880 caecis
1097 1827 1249 1882 visus
1295 1828 1733 1894 restitutionem;
1784 1843 1979 1882 vocare

2089 1822 2455 1893 αἰχμαλώτοις
2487 1824 2680 1892 ἄφεσιν
2711 1825 2805 1876 καὶ
2846 1824 3065 1893 τυφλοῖς
3094 1823 3386 1893 ἀνάϐλεψιν
3408 1841 3421 1853 ·
3452 1825 3681 1877 καλέσαι

403 1932 605 1971 ι.ιιιιιιιιι
656 1916 869 1973 Domini
929 1920 1339 1988 acceptabilem,
1380 1928 1433 1975 et
1475 1920 1618 1974 diem
1664 1920 1983 1975 retributio-

402 2010 575 2076 nis“;
592 2034 607 2059 ι
626 2012 749 2080 jure
767 2012 855 2065 hic
875 2012 1251 2067 retributionis
1271 2012 1411 2068 diem
1434 2013 1659 2066 indicat.
1683 2012 1777 2068 Est
1798 2023 1983 2067 autem

390 2103 491 2154 illa
532 2103 771 2174 futurum
830 2106 1111 2169 sarculum,
1143 2106 1289 2173 quod
1339 2113 1463 2175 post
1507 2106 1799 2181 prasentis
1852 2120 1984 2160 con-

400 2202 818 2253 summationem
844 2198 1042 2250 veniet.
1074 2195 1231 2249 Illum
1254 2198 1439 2267 itaque
1467 2214 1676 2252 annum
1701 2199 1863 2268 quasi
1887 2214 1982 2252 co-

400 2302 533 2340 rona
575 2289 844 2358 novisque
885 2304 949 2343 ac
988 2290 1257 2358 speciosis
1283 2290 1531 2353 ﬂoribus,
1569 2292 1743 2360 quiin
1771 2307 1836 2346 eo
1860 2307 1982 2346 ver-

400 2379 569 2433 saturi
618 2388 766 2439 sunt,
814 2380 1148 2443 ornandum,
1206 2397 1389 2434 sermo
1432 2398 1676 2451 praesens
1714 2385 1980 2437 vaticina-

400 2478 487 2521 tur
534 2469 720 2524 dieens
757 2486 769 2521 :
814 2488 832 2521 ι
871 2470 1170 2526 Benedices
1218 2488 1436 2527 coronae
1463 2476 1591 2527 anni
1626 2474 1980 2544 benignitatis

400 2574 525 2619 tuae.
558 2585 575 2617 ι
599 2565 730 2619 Nam
766 2566 853 2621 ille
885 2567 1055 2621 futuri
1087 2569 1272 2624 saeculi
1299 2586 1497 2633 annus,
1535 2586 1659 2624 cum
1697 2573 1766 2625 sit
1801 2588 1980 2627 annus

400 2658 750 2727 benignitatis
785 2659 900 2722 Dei,
936 2663 1275 2716 benedictam
1308 2678 1568 2717 coronam
1615 2664 1855 2728 habebit,
1894 2674 1979 2718 t0-

399 2757 511 2803 tum
534 2767 726 2820 nempe
745 2764 1059 2806 sanctorum
1087 2756 1337 2808 chorum.
1366 2754 1539 2819 Quam
1566 2771 1828 2809 coronam
1853 2773 1978 2811 cum

398 2842 757 2905 benedixerit,
795 2846 1033 2913 imponet
1058 2846 1157 2899 sibi
1191 2844 1446 2900 Christus
1472 2846 1587 2905 Dei.
1611 2863 1801 2901 eorum
1834 2849 1981 2913 agri-

398 2938 628 2991 culturae
658 2936 887 2993 ﬂoribus
920 2939 1233 2993 decoratus.
1279 2937 1385 2993 Sed
1419 2939 1586 2994 etiam
1621 2940 1737 3009 ipse
1760 2956 1979 2995 eorum-

398 3030 519 3083 dem
550 3042 753 3082 corona
778 3029 881 3083 erit
930 3030 1233 3083 secundum
1276 3031 1475 3083 lsaiam
1507 3030 1585 3084 sic
1624 3032 1933 3099 loquentem
1961 3050 1972 3083 :

404 3135 423 3166 ι
467 3115 532 3171 Et
561 3119 664 3171 erit
697 3116 963 3171 Dominus
1019 3118 1260 3171 Sabaoth
1309 3133 1514 3172 corona
1557 3120 1763 3189 gloriae.
1823 3118 1979 3173 Tunc

2088 1916 2329 1969 ἐνιαυτὸν
2353 1916 2560 1986 Κυρίου
2580 1916 2787 1980 δεκτδν,
2824 1918 2916 1970 καὶ
2942 1916 3159 1987 ἡμέραν
3183 1916 3591 1979 ἀνταποδόσεως
3610 1935 3622 1947 ·
3655 1938 3674 1969 ι

2085 2011 2309 2074 εἰκότως
2348 2011 2441 2064 καὶ
2471 2010 2703 2065 ἐνταῦθα
2730 2011 2825 2080 τὴν
2852 2011 3063 2082 ἡμέραν
3094 2011 3351 2080 σημαίνει
3393 2010 3491 2081 τῆς
3519 2014 3685 2065 ἀνταο

2086 2105 2375 2167 ποδόσεως.
2404 2104 2560 2156 Ἐστι
2586 2104 2642 2156 δὲ
2668 2103 2805 2175 αῦτη
2831 2108 2857 2156 6
2882 2104 3090 2174 μέλλων
3125 2104 3516 2174 ἐπιστήσεσθαι
3548 2102 3683 2157 αἰὼν

2088 2196 2225 2265 μετὰ
2262 2195 2361 2267 τὴν
2400 2194 2495 2249 τοῦ
2536 2196 2831 2259 ἐνεστῶτος
2876 2196 3205 2248 συντέλειαν.
3245 2196 3478 2249 Ἐκεῖνον
3502 2195 3683 2248 τοίνυν

2082 2289 2173 2341 τὸν
2208 2290 2451 2343 ἐνιαυτὸν
2476 2288 2664 2359 ὥσπερ
2698 2288 2947 2359 στεφάνῳ
2986 2288 3431 2360 κοσμηθήσεσθαι
3455 2288 3542 2343 διὰ
3572 2287 3683 2340 τῶν

2084 2380 2291 2449 νεαρῶν
2327 2382 2418 2433 καὶ
2463 2380 2682 2450 ὡραίων
2732 2379 2909 2432 ἀνθῶν
2943 2380 3049 2433 τῶν
3088 2381 3387 2451 μελλόντων
3431 2382 3486 2433 ἐν
3530 2378 3685 2450 αὐτῷ

2084 2471 2502 2537 πολιτεύεσθαι,
2560 2472 2621 2523 τὸ
2676 2471 2846 2543 παρὸν
2901 2471 3145 2535 θεσπίζει
3202 2473 3381 2540 λόγιον
3438 2473 3675 2539 φάσκον·

2088 2583 2105 2613 ‹
2150 2563 2477 2635 Εὑλογήσεις
2504 2564 2595 2616 τὸν
2627 2564 2888 2633 στέφανον
2927 2565 3020 2616 τοῦ
3052 2564 3299 2619 ἐνιαυτοῦ
3322 2565 3419 2635 τῆς
3447 2564 3681 2635 χρηστός

2082 2660 2242 2729 τητός
2283 2676 2397 2711 σου.
2444 2678 2461 2709 ι
2510 2659 2567 2712 Ὀ
2600 2658 2709 2730 γὰρ
2744 2658 2987 2721 ἐνιαυτὸς
3033 2661 3238 2721 ἐκεῖνος
3274 2661 3301 2710 6
3334 2658 3426 2710 τοῦ
3460 2657 3685 2730 μέλλονο

2080 2768 2171 2814 τος
2196 2750 2411 2813 αἰῶνος,
2446 2751 2813 2822 χρηστότητος
2845 2750 2920 2803 ὢν
2954 2750 3110 2815 Θεοῦ,
3147 2751 3407 2820 στέφανον
3441 2750 3551 2814 ’ἐξει
3580 2751 3671 2818 ηὑ-

2080 2842 2415 2911 λογημένον,
2474 2843 2764 2911 σύμπαντα
2832 2843 2988 2914 χορὸν
3038 2843 3145 2895 τῶν
3210 2844 3399 2911 ἁγίων.
3457 2844 3684 2897 Ὄντινα

2084 2937 2372 3003 στέφανον,
2426 2935 2759 3005 εὐλογήσας,
2807 2935 3163 3006 περιθήσεται
3217 2938 3245 2989 6
3299 2938 3535 3007 Χριστος
3582 2935 3680 2989 τοῦ

2082 3025 2237 3084 θεοῦ,
2264 3029 2374 3089 τοῖς
2400 3026 2496 3094 τῆς
2525 3024 2703 3077 αὐτῶν
2725 3025 2999 3096 γεωργίας
3028 3026 3244 3079 ἄνθεσιν
3284 3027 3675 3098 ὡραῖζόμενοςο

2094 3118 2252 3169 Ἀλλὰ
2275 3119 2368 3169 καὶ
2392 3117 2553 3179 αὐτὸς
2591 3116 2771 3169 αὐτῶν
2794 3115 3083 3186 γενήσεται
3123 3118 3386 3187 στέφανος
3417 3120 3559 3174 κατὰ
3586 3120 3681 3173 τὸν

398 3210 578 3279 campi
610 3209 703 3264 Dei
742 3211 1102 3280 replebuntur
1127 3210 1399 3274 ubertate,
1435 3220 1490 3265 et
1527 3218 1742 3267 montes
1774 3210 1975 3266 deserti

2094 3208 2319 3261 Ἡσαΐαν
2345 3210 2619 3277 φήσαντα·
2648 3228 2664 3258 ι
2691 3209 2799 3260 Καὶ
2835 3210 2983 3262 ἔσται
3016 3210 3218 3279 Κύριος
3247 3210 3475 3264 Σαϐαὼθ
3501 3214 3529 3264 ὁ
3561 3212 3683 3264 στέ-

398 3310 527 3355 tnnc
563 3302 917 3371 pinguescent
942 3302 1009 3356 δι.
1054 3322 1073 3354 ι
1107 3304 1188 3356 Ad
1229 3303 1343 3357 hare
1387 3305 1554 3359 etiam
1589 3312 1719 3357 tunc
1752 3322 1769 3354 ι
1807 3305 1975 3359 colles

396 3393 759 3447 exsultatione
778 3396 1151 3465 accingentur.
1180 3415 1198 3447 ›
1226 3394 1430 3451 Praeter
1446 3397 1561 3451 haec
1585 3405 1768 3450 autem
1790 3396 1975 3449 omnia

396 3483 597 3537 arietes
655 3484 838 3537 ovium
896 3484 1121 3554 proprio
1191 3485 1392 3541 vellere
1464 3486 1777 3540 induentur.
1851 3485 1977 3540 llam

396 3590 562 3645 porro
590 3576 880 3645 intelliges,
911 3576 957 3630 si
981 3592 1168 3631 eorum
1195 3578 1288 3646 qui
1321 3577 1551 3632 salutem
1580 3578 1979 3632 nanciscuntur

396 3662 716 3717 discrimina
769 3674 949 3717 tecum
1003 3676 1244 3735 reputes.
1305 3665 1549 3732 Quorum
1608 3667 1702 3723 alii
1755 3667 1976 3737 quidem

394 3755 801 3822 comparatione
836 3759 1278 3824 prmstantiorum
1310 3758 1468 3827 quasi
1502 3757 1763 3813 inferiore
1804 3757 1976 3837 gradu

396 3844 521 3897 vitm
552 3844 888 3909 incedentes,
926 3847 1216 3917 allegorice
1269 3850 1449 3918 campi
1482 3847 1575 3903 Dei
1614 3849 1863 3904 ubertate
1893 3867 1978 3904 re-

398 3934 524 4003 pleti
571 3936 747 3988 vocati
790 3944 947 4002 sunt;
992 3952 1163 4007 quare
1205 3938 1414 3992 dictum
1468 3946 1592 3993 est:
1626 3958 1643 3990 ι
1676 3939 1866 4009 Campi
1899 3941 1977 3993 tui

397 4027 748 4095 replebuntur
777 4030 1060 4095 ubertate;
1102 4049 1121 4081 ι
1160 4032 1251 4085 alii
1287 4047 1413 4085 vero
1440 4033 1609 4085 variis
1653 4033 1767 4101 jam
1800 4034 1975 4087 virtu-

396 4116 543 4171 tibus
574 4116 852 4181 ﬂorentes,
877 4128 1090 4173 montes
1115 4119 1369 4175 Ecclesia:
1395 4122 1551 4191 prius
1574 4121 1806 4177 deserta:
1832 4139 1974 4177 nun-

396 4210 576 4279 cnpati
607 4218 753 4263 sunt.
783 4208 886 4276 Qui
913 4220 966 4265 et
998 4212 1099 4282 ipsi
1132 4213 1364 4266 ubertim
1388 4214 1597 4283 irrigati
1625 4232 1653 4265 a
1678 4226 1979 4269 memorato

397 4300 639 4363 ﬂumine,
661 4302 988 4371 pinguedine
1009 4305 1253 4373 replendi
1269 4305 1529 4359 dicuntur
1546 4323 1559 4366 ;
1579 4305 1673 4360 sed
1691 4307 1857 4359 etiam
1876 4307 1980 4359 co!-

398 4391 476 4445 les
496 4390 562 4443 iis
580 4407 793 4461 quoque
811 4393 1179 4454 sublimiores,
1203 4395 1280 4448 sic
1297 4394 1506 4465 tropice
1520 4396 1718 4456 vocati,
1737 4396 1979 4449 exsulta-

395 4482 543 4535 tione
560 4482 935 4551 accingentur.
956 4482 1020 4535 Et
1043 4484 1095 4536 hi
1113 4484 1331 4553 quidem
1352 4493 1464 4540 tres
1481 4486 1702 4539 ordines
1722 4486 1775 4539 in
1796 4487 1978 4540 futuro

2082 3318 2245 3367 φανός
2268 3301 2362 3370 τῆς
2390 3300 2565 3368 δόξης.
2602 3301 2733 3352 Τότε
2764 3301 2819 3352 δὲ
2852 3303 2944 3355 καὶ
2974 3303 3041 3353 τό.
3064 3303 3221 3357 πῶία
3253 3303 3347 3357 τοῦ
3383 3304 3518 3358 Θεοῦ
3553 3304 3683 3374 πλη⁹

2083 3391 2338 3461 σθήσεται
2373 3392 2647 3461 πιότητος,
2694 3394 2787 3445 καὶ
2827 3392 2895 3446 τὰ
2928 3393 3060 3466 ὄρεα
3096 3395 3153 3447 δὲ
3189 3398 3288 3466 τῆς
3323 3396 3533 3467 ἐρήμου
3556 3397 3679 3449 τότε

2080 3483 2454 3553 πιανθήσεται.
2472 3503 2487 3533 ι
2503 3484 2621 3535 Ἔτι
2649 3483 2755 3554 μὴν
2776 3486 2868 3538 καὶ
2890 3504 2907 3534 ‹
2931 3487 2979 3541 οἱ
3006 3486 3181 3554 βουνοὶ
3208 3506 3225 3537 ι
3244 3486 3400 3539 τότε(
3428 3486 3683 3555 ἀγαλλία-

2082 3593 2165 3629 σιν
2201 3573 2616 3646 περιζώσονται.
2645 3594 2662 3625 ›
2686 3577 2795 3631 Καὶ
2825 3576 2961 3646 πρὸς
2985 3577 3195 3640 τούτοις
3226 3577 3429 3632 ἅπασιν
3453 3580 3502 3630 oi
3534 3580 3683 3651 κριοὶ

2080 3668 2188 3721 τῶν
2223 3667 2513 3737 προϐάτων
2539 3669 2665 3730 τοὺς
2684 3667 2847 3731 ἰδίους
2874 3669 3183 3722 ἐνδύσονται
3204 3670 3421 3734 πόκους.
3446 3672 3680 3743 Νοήσεις

2079 3760 2134 3813 δὲ
2168 3760 2355 3823 ταῦτα,
2380 3760 2475 3830 τὴν
2509 3760 2771 3831 διαφορὰν
2816 3762 3147 3832 ὑποθέμενος
3175 3764 3352 3834 ἐαυτῷ
3376 3764 3485 3818 τῶν
3511 3766 3683 3828 σωζο-

2084 3854 2281 3924 μένων·
2316 3847 2390 3907 ὧν
2420 3857 2467 3906 οἱ
2496 3854 2614 3922 μὲν,
2648 3854 2722 3916 ὼς
2777 3858 2836 3908 ἐν
2864 3855 3165 3926 παραθέσει
3212 3856 3321 3910 τῶν
3357 3858 3685 3929 κρειττόνων

2080 3945 2170 3996 τὸν
2224 3944 2337 4014 βίον
2379 3946 2823 4019 ὑποϐεϐηκότες,
2885 3948 3230 4019 ἀλληγορικῷ
3286 3950 3471 4022 τρόπῳ
3520 3950 3683 4003 πεδία

2080 4033 2214 4086 Θεοῦ
2244 4036 2765 4108 προσηγορεύθησαν
2797 4039 3051 4109 πιότητος
3085 4039 3454 4111 πληρούμενα·
3487 4040 3569 4093 διὸ
3595 4041 3682 4093 λέ-

2079 4126 2287 4179 λεκται·
2325 4146 2342 4177 ‹
2364 4128 2442 4179 Τά
2468 4130 2625 4184 πεδία
2653 4147 2745 4183 σου
2781 4130 3152 4201 πλησθήσεται
3186 4133 3494 4203 πιότητος)
3528 4132 3580 4184 οἱ
3621 4132 3681 4185 δὲ

2080 4219 2179 4289 ήδη
2216 4222 2272 4271 ἐν
2297 4220 2571 4292 διαφόροις
2608 4223 2832 4295 ἀρεταῖς
2889 4222 3178 4287 ἀνθοῦντες
3206 4225 3338 4296 ὄρεα
3392 4226 3493 4296 τῆς
3551 4228 3682 4297 πρὶν

2081 4312 2286 4382 ἐρήμου
2321 4313 2644 4384 Ἐκκλησίας
2673 4315 3088 4385 ὠνομάσθησαν·
3109 4318 3178 4381 οἳ,
3216 4318 3308 4371 καὶ
3340 4319 3496 4371 αὐτοὶ
3520 4318 3685 4373 πλου-

2084 4404 2214 4467 σίως
2244 4406 2529 4477 ἀρδόμενοι
2565 4409 2628 4459 ἐκ
2663 4408 2755 4462 τοῦ
2785 4408 3115 4478 δηλωθέντος
3146 4412 3416 4482 ποταμοῦ,
3453 4412 3683 4483 πιανθή-

2085 4498 2270 4549 σεσθαι
2317 4497 2583 4566 λέγονται·
2621 4499 2755 4554 ἀλλὰ
2813 4501 2907 4555 καὶ
2939 4502 2987 4551 οἱ
3020 4500 3099 4553 ἔτι
3123 4501 3327 4554 τούτων
3357 4502 3684 4574 ὑψηλότεροι

396 4574 748 4645 benignitatis
766 4574 857 4627 Dei
876 4590 1020 4629 anno
1038 4575 1429 4631 beatitudinem
1446 4585 1879 4647 consequentur:
1898 4578 1979 4645 qu}

2097 4586 2275 4654 βουνοί.
2301 4587 2577 4656 τροπικῶς
2611 4589 2934 4659 καλούμενοι
2984 4591 3304 4658 ἀγαλλίασιν
3352 4593 3682 4663 περιζῶσονο

398 4664 630 4719 fortasse
656 4681 721 4720 ex
748 4680 935 4719 eorum
964 4682 1191 4720 numero
1212 4682 1237 4721 s
1258 4675 1373 4730 unt,
1394 4667 1486 4736 qui
1511 4666 1749 4720 fructum
1778 4667 1980 4729 ferunt,

398 4758 489 4811 alii
514 4759 897 4820 centesimum,
936 4758 1025 4810 alii
1051 4757 1476 4825 sexagesimum,
1499 4759 1590 4811 alii
1619 4760 1984 4816 tricesimum.

396 4847 500 4915 Qui
524 4864 649 4902 vero
670 4864 858 4902 eorum
885 4847 1122 4919 priefecti
1150 4848 1316 4902 futuri
1340 4860 1488 4915 sunt,
1516 4852 1791 4922 principes
1809 4868 1871 4906 ac
1894 4854 1992 4907 du-

396 4958 487 4996 ces
504 4942 723 5011 quidam
746 4942 1009 5011 ipsorum,
1037 4944 1472 5011 praecellentibus
1493 4945 1789 5001 virtutibus
1824 4960 1986 4999 exor-

396 5034 675 5089 nabuntur
690 5052 705 5100 ;
721 5048 887 5104 quare
903 5031 1105 5087 dicitur
1125 5052 1167 5087 ει
1195 5033 1514 5091 lndutisunt
1530 5036 1728 5090 arietes
1747 5036 1951 5098 ovium,
1966 5055 1984 5088 ›

398 5143 463 5180 ac
497 5127 543 5181 si
581 5127 807 5190 diceret,
859 5128 1217 5183 «induentur.
1268 5149 1286 5181 ι
1329 5130 1543 5186 Arietes
1586 5140 1766 5185 autem
1803 5132 1985 5185 ovium

400 5218 671 5290 principes
689 5234 751 5272 ac
766 5218 932 5274 duces
950 5228 1372 5275 memoratorum
1388 5223 1666 5275 hominum
1687 5222 1980 5292 intelligas.

399 5310 493 5378 qui
528 5311 701 5363 induti
734 5320 882 5374 sunt,
917 5312 1024 5366 imo
1048 5314 1228 5382 potius
1254 5314 1568 5367 induentur.
1589 5312 1727 5378 Quid
1754 5314 1983 5367 induen-

403 5410 489 5452 tur
510 5401 859 5472 cogitandum
885 5403 1043 5457 nobis
1071 5404 1293 5470 reliquit
1322 5423 1335 5469 ;
1379 5404 1473 5458 sed
1504 5404 1609 5458 tale
1640 5404 1798 5458 nobis
1822 5404 1980 5458 indu-

400 5497 641 5545 mentum
658 5491 896 5544 declarat
912 5492 1131 5547 divinus
1149 5493 1443 5562 Apostolus
1460 5493 1647 5547 dicens
1674 5511 1686 5547 :
1713 5512 1729 5544 ‹
1751 5491 1977 5563 Oportet

403 5579 756 5647 corruptibile
771 5580 869 5633 hoc
894 5580 1117 5637 induere
1140 5582 1603 5655 incorruptionem
1618 5583 1694 5649 ";
1734 5604 1750 5635 ι
1782 5600 1845 5638 ac
1864 5601 1975 5638 rur-

405 5686 551 5725 sum:
578 5690 594 5719 ι
618 5669 692 5723 Eo
711 5672 854 5741 quod
876 5674 1127 5728 nolumus
1144 5676 1459 5744 exspoliari.
1476 5675 1568 5732 sed
1590 5678 1970 5747 supervestiri,

476 5827 521 5860 δ’
550 5828 652 5883 lsa.
685 5844 796 5893 ut,
832 5829 882 5884 ί.
961 5831 1001 5861 δ’
1038 5832 1140 5885 lsa.
1175 5847 1363 5901 xxvul,
1404 5832 1456 5889 5.

1559 5834 1602 5864 "
1639 5831 1657 5886 Ι
1686 5834 1807 5889 Cor.
1842 5850 1928 5901 xv,
1961 5833 2048 5889 53.

2086 4691 2195 4726 ται.
2231 4676 2339 4727 Καὶ
2364 4676 2492 4740 τρία
2518 4678 2616 4746 μὲν
2666 4679 2839 4732 ταῦτα
2858 4679 3113 4749 τάγματα
3138 4683 3279 4735 κατά
3305 4683 3395 4735 τὸν
3420 4684 3684 4753 μέλλοντα.

2089 4767 2335 4819 ἐνιαυτὸν
2385 4766 2487 4836 τῆς
2530 4771 2895 4840 χρηστότητος
2957 4773 3051 4825 τοῦ
3106 4773 3240 4825 Θεοῦ
3282 4774 3531 4839 τεύξεται
3583 4775 3683 4844 τῆς

2095 4858 2518 4929 μακαριότητος·
2546 4862 2686 4930 τάχα
2722 4879 2822 4914 που
2857 4862 2915 4926 ἐξ
2943 4864 3166 4918 ἐκείνων
3190 4864 3361 4929 ὄντες,
3388 4860 3461 4917 ὧν
3488 4868 3535 4919 οἱ
3586 4866 3683 4937 μὲν

2092 4946 2310 4998 ἐποίουν
2338 4954 2403 5017 ρ’,
2423 4950 2471 5000 οἱ
2502 4948 2559 5004 δὲ
2579 4948 2640 5013 ξ’,
2660 4954 2706 5003 οἰ
2735 4953 2790 5004 δὲ
2808 4953 2870 5005 λ’.
2885 4956 2945 5006 Οἱ
2975 4954 3030 5007 δὲ
3047 4954 3252 5008 τούτων
3266 4958 3686 5027 ἐπιστησόμενω

2093 5036 2353 5106 ἄρχοντές
2395 5055 2541 5101 τινες
2596 5040 2689 5092 καὶ
2723 5041 2990 5112 ἡγεμόνες
3022 5042 3167 5105 τινὲς
3200 5044 3401 5106 αὐτῶν,
3434 5046 3490 5097 ἐν
3522 5046 3682 5099 δυνά-

2099 5145 2254 5197 μεσιν
2282 5127 2581 5203 ἐξαιρέτοις
2624 5132 3082 5203 κοσμηθήσονται·
3112 5135 3194 5188 διὸ
3212 5135 3482 5189 λέλεκται·
3521 5158 3539 5187 ι
3579 5139 3681 5191 Ἐν-

2094 5219 2347 5272 εδὺσαντο
2376 5222 2424 5272 οἱ
2455 5223 2599 5292 κριοὶ
2620 5223 2729 5275 τῶν
2765 5225 3105 5295 προϐάτων-ι
3137 5227 3256 5280 ἀντὶ
3288 5228 3402 5280 τοῦ·
3437 5249 3453 5279 ι
3501 5230 3683 5282 Ἐνδύ-

2095 5330 2329 5365 σονται.»
2366 5315 2571 5383 Κριους
2626 5316 2683 5369 δὲ
2734 5318 3022 5389 προϐάτων
3073 5321 3199 5383 τοὺς
3242 5320 3511 5391 ἄρχοντας
3563 5324 3686 5385 τοὺς

2088 5406 2426 5477 ἡγουμένους
2452 5407 2560 5462 τῶν
2587 5410 2994 5481 προλεχθέντων
3025 5414 3258 5483 νοήσεις,
3281 5414 3475 5477 οἵτινες
3506 5413 3685 5466 ἐνεδύ-

2090 5499 2313 5569 σαντοῆ
2349 5499 2675 5570 καὶμᾶλλον
2740 5503 3067 5557 ἐνδύσονται.
3123 5502 3186 5556 Τί
3234 5505 3293 5558 δέ
3351 5505 3683 5567 ἐνδύσονται,

2084 5588 2213 5657 ἡμῖν
2256 5590 2645 5647 καταλέλοιπεν
2677 5595 2836 5645 νοεῖν·
2872 5592 3110 5647 διδάσκει
3158 5593 3298 5647 δὲτὸ
3325 5595 3534 5665 ενδυμα.
3558 5594 3678 5647 τού-

2079 5696 2187 5735 των
2220 5682 2248 5733 6
2281 5680 2422 5746 Θεῖος
2455 5684 2777 5749 Ἀπόστολος
2809 5685 2998 5755 λέγων·
3024 5689 3145 5740 «Δεῖ
3170 5688 3229 5740 τὸ
3261 5687 3502 5759 φθαρτὸν
3527 5685 3684 5745 τοῦτο
