4142 6388
406 359 512 418 645

1547 360 2059 422 COMMENTARIA
2098 366 2162 422 ΙΝ
2204 366 2550 438 PSALMOS.

3590 373 3696 427 646

403 473 724 531 ἐνδύσασθαι
773 473 1100 548 ἀφθαρσίαν·
1131 496 1148 528 ι
1185 477 1276 531 καὶ
1302 478 1481 532 πάλιν·
1507 499 1525 532 ι
1557 480 1671 550 Ἐφ’
1696 475 1740 550 ᾧ
1764 483 1823 534 ού
1851 481 1972 535 θέλο

2075 535 2079 546 _
2111 491 2169 536 ut
2192 483 2554 539 absorbeatur
2574 483 2718 556 quod
2740 485 2971 540 mortale
2986 480 3069 541 est
3087 500 3116 538 a
3133 483 3328 543 vita".
3358 508 3376 539 ι
3394 484 3696 542 lnduentur

407 585 505 639 μεν
520 566 844 622 ἐνδύσασθαι
877 568 953 640 (1)
972 569 1116 634 ,ἀλλ’
1139 573 1556 641 ἐπενδύσασθαι,
1585 575 1672 628 ἵνα
1701 578 1986 650 καταποθῇ

401 661 462 713 τὸ
492 659 684 730 θνητὸν
745 661 850 720 ὑπὸ
891 661 992 732 τῆς
1053 663 1217 736 ζωῆς.
1252 684 1270 717 ι
1338 666 1676 722 Ἐνδύσονται
1726 671 1910 724 τοίνυν
1939 673 1988 724 oi

401 751 544 823 κριοὶ
565 751 626 804 τὸ
653 752 934 824 ἐμπρέπον
958 754 1140 820 αὐτοῖς
1177 756 1295 810 ἐνδυ
1305 775 1399 829 μα,
1425 759 1516 812 τοῦ
1543 760 1782 834 φθαρτοῦ
1810 763 1990 835 σώμα-

399 856 491 903 τος
523 839 706 904 αὐτοῖς
754 841 1183 911 μεταϐάλλοντος
1226 849 1306 911 είς
1349 849 1684 921 ἀφθαρσίαν,
1744 854 1839 908 καὶ
1893 855 1984 909 τοῦ

401 929 594 1002 θνητοῦ
624 935 704 996 είς
736 931 1052 989 ἀθανασίαν.
1117 937 1274 993 Οὕτω
1328 941 1457 1009 γοῦν
1505 944 1648 998 κατὰ
1695 945 1757 998 τὸ
1805 949 1978 1018 παράο

397 1023 598 1096 δειγμα
620 1026 712 1078 καὶ
743 1028 791 1079 οἱ
813 1028 957 1099 κριοὶ
985 1029 1196 1085 οἴκοθεν
1224 1033 1521 1102 ἐπάγονται
1544 1036 1608 1090 τὸ
1633 1037 1858 1110 ἔνδυμα,
1890 1041 1986 1095 τοῦ

401 1114 650 1187 σώματος
712 1119 895 1183 αὐτοῖς
950 1125 1422 1196 καρποφοροῦντος
1473 1129 1566 1181 τὸν
1601 1129 1788 1185 πόκον.
1827 1133 1987 1186 Ἀλλά

397 1205 493 1259 καὶ
521 1208 683 1261 αὐτὸν
712 1209 1020 1264 ἐνδύσονται
1053 1213 1144 1266 τὸν
1175 1215 1379 1289 Κύριον
1401 1219 1558 1290 ἡμῶν
1602 1222 1812 1292 Ἰησοῦν
1847 1224 1980 1295 Χρι-

398 1299 542 1366 στὸν,
567 1300 629 1353 τὸ
657 1301 935 1376 ἐξαίρετον
962 1304 1166 1377 ἔνδυμα
1195 1308 1253 1361 τὸ
1283 1309 1398 1378 φῶς
1416 1312 1515 1382 τῆς
1536 1311 1788 1384 θεότητος
1821 1317 1985 1370 αὐτοῦ

397 1392 867 1464 περιϐαλούμενοι.
903 1397 1022 1450 Ἔτι
1069 1399 1167 1469 μέν
1222 1401 1316 1453 καὶ
1353 1419 1374 1452 ‹
1413 1405 1468 1456 αἱ
1511 1403 1758 1470 κοιλάδες
1790 1425 1808 1458 ι
1862 1409 1984 1461 τότε

400 1502 419 1534 ι
465 1484 795 1557 πληθυνοῦσι
842 1489 1004 1542 σῖτον.
1033 1508 1051 1541 ι
1088 1491 1235 1544 Ἔδει
1263 1492 1372 1565 γὰρ
1404 1495 1538 1564 μηδέ
1569 1496 1676 1549 τῶν
1725 1497 1986 1553 κοιλάδων

394 1577 800 1650 ἀμνημονῆσαι·
834 1581 1092 1653 ἀνωτέρω
1117 1582 1216 1652 μὲν
1248 1585 1356 1659 γὰρ
1382 1586 1632 1652 πεδιάδες
1662 1587 1986 1662 ὠνομάσθη-

397 1687 496 1724 σαν
523 1671 615 1724 καὶ⁸
634 1671 764 1743 ϐρεα
796 1673 1006 1744 ἐρήμου
1037 1675 1133 1728 καὶ
1161 1675 1360 1746 βουνοί.
1415 1678 1634 1752 Ἐπειδὴ
1669 1681 1725 1734 δέ
1753 1684 1859 1735 εἰσι
1889 1684 1985 1736 καὶ

394 1760 546 1831 παρά
566 1759 636 1814 τὰ
657 1761 920 1832 λεχθέντα
947 1763 1205 1836 τάγματα
1239 1766 1386 1820 ἄλλοι
1416 1769 1561 1832 τινὲς
1585 1771 1980 1844 ταπεινότεροι,

2094 579 2274 650 itaque
2301 581 2500 635 arietes
2523 582 2844 650 congruenti
2871 582 2971 635 sibi
2994 582 3340 644 vestimento.
3357 589 3564 637 mutato
3581 598 3678 638 cor

2092 671 2335 742 ruptibili
2363 686 2592 742 corpore
2614 671 2666 725 in
2691 672 3182 743 incorruptionem,
3202 682 3257 729 et
3280 675 3499 731 mortali
3524 675 3578 729 in
3598 676 3692 730 im-

2091 760 2597 821 mortalitatem.Sic
2616 763 2798 831 itaque
2818 763 3118 818 secundum
3139 767 3372 835 exempli
3396 768 3688 831 rationem,

2089 852 2291 908 arietes
2318 854 2701 908 vestimentum
2722 853 2824 906 sibi
2843 854 3172 922 producunt,
3197 871 3426 926 corpore
3451 858 3570 927 ipso
3587 859 3689 913 vel-

2089 945 2175 998 lus
2197 945 2499 1000 emittente.
2529 947 2642 1000 lmo
2664 961 2793 999 vero
2824 946 3002 1016 ipsum
3027 944 3314 1001 Dominum
3330 959 3577 1003 nostrum
3597 947 3690 1003 Je-

2091 1051 2208 1091 sum
2227 1035 2509 1090 Christum
2543 1037 2771 1091 induent
2797 1038 3253 1108 praestantissimo
3281 1039 3374 1094 illo
3397 1040 3690 1097 indumen-

2089 1138 2164 1193 to,
2194 1130 2316 1185 luce
2333 1146 2530 1201 nempe
2546 1131 2766 1186 deitatis
2787 1133 3076 1187 vestiendi.
3101 1133 3182 1188 Ad
3207 1133 3324 1188 haec
3355 1145 3535 1191 autem
3557 1145 3688 1192 tunc

2094 1242 2112 1273 ι
2137 1223 2310 1278 valles
2331 1224 2688 1278 abundabunt
2713 1223 3006 1279 frumento.
3031 1244 3049 1277 ι
3075 1223 3180 1278 Par
3211 1227 3411 1297 quippe
3438 1228 3540 1283 fuit
3567 1230 3686 1283 val-

2088 1314 2167 1369 les
2189 1329 2297 1368 non
2321 1315 2539 1369 silentio
2555 1315 2865 1384 praeterire;
2889 1331 3012 1368 nam
3035 1317 3287 1385 superius
3307 1320 3508 1389 campi,
3528 1335 3687 1374 mon-

2087 1413 2171 1461 tes
2186 1405 2408 1471 deserti,
2426 1413 2478 1460 et
2492 1406 2660 1461 colles
2695 1408 2957 1460 nominati
2973 1414 3117 1461 sunt.
3142 1407 3279 1472 Quia
3301 1425 3430 1464 vero
3448 1412 3537 1465 alii
3556 1419 3686 1467 sunt

2093 1498 2414 1552 memoratis
2440 1498 2727 1554 ordinibus
2761 1498 3002 1565 viliores,
3028 1515 3204 1569 neque
3227 1509 3407 1556 tamen
3429 1518 3493 1557 ex
3514 1519 3684 1574 regno

2087 1587 2360 1657 ejiciendi,
2395 1588 2521 1643 licet
2549 1590 2822 1658 praedictis
2841 1591 3163 1659 comparati,
3180 1594 3353 1662 parvi,
3372 1595 3574 1663 pusilli,
3592 1611 3682 1663 ac,

2088 1689 2151 1734 ut
2194 1680 2268 1733 ita
2297 1681 2497 1744 dicam,
2529 1683 2792 1752 postremi
2826 1682 3131 1737 habeantur
3159 1700 3174 1748 ;
3234 1701 3459 1741 necesse
3492 1687 3591 1741 fuit
3618 1699 3680 1742 ut

2093 1788 2271 1842 neque
2311 1789 2503 1827 eorum
2534 1774 2739 1827 mentio
2767 1775 3170 1843 praeteriretur;
3208 1779 3303 1832 sed
3333 1795 3428 1834 eos
3457 1796 3679 1852 quoque

393 1855 489 1908 καὶ
521 1855 621 1908 οὐκ
642 1856 937 1928 ἀπόϐλητοι
969 1858 1066 1930 μὲν
1086 1858 1184 1929 τῆς
1208 1859 1504 1930 βασιλείας,
1537 1863 1675 1934 πλὴν
1695 1865 1769 1928 ὡς
1793 1869 1849 1919 ἐν
1878 1884 1972 1920 πα-

2085 1876 2475 1932 congruentem
2520 1862 2759 1916 fructum
2805 1863 3014 1918 laturos
3056 1879 3179 1918 esse
3227 1863 3543 1919 declaratur
3590 1867 3680 1923 his

395 1945 613 2018 ραθέσει
665 1947 773 2002 τῶν
836 1948 1240 2021 προλεχθέντων
1302 1956 1528 2026 σμικροὶ
1575 1956 1670 2009 καὶ
1723 1957 1979 2028 βραχεῖς,

391 2037 609 2096 πάντων
628 2057 689 2093 τε
709 2041 785 2105 ὡς
816 2040 882 2094 ἂν
903 2040 1048 2096 εἴποι
1075 2061 1178 2107 τις,
1233 2043 1470 2115 ἔσχατοι·
1521 2048 1835 2116 ἀναγκαίως
1865 2051 1982 2104 οὐδὲ

389 2131 594 2185 τούτων
624 2133 868 2205 παρῆλθε
898 2135 997 2206 τὴν
1041 2136 1263 2207 μνήμην
1305 2139 1333 2190 6
1385 2138 1560 2208 λόγος·
1592 2140 1728 2194 ἀλλὰ
1755 2142 1848 2194 καὶ
1887 2144 1985 2196 αύ-

388 2226 514 2288 τοὺς
535 2226 757 2297 ’καρπὸν
783 2227 948 2281 οἴσειν
982 2227 1072 2280 τὸν
1104 2229 1464 2284 ἐπιϐάλλοντα
1490 2231 1733 2285 διδάσκει
1786 2233 1979 2303 λέγων·

394 2333 411 2364 ι
439 2315 549 2368 Καὶ
578 2318 633 2369 αἱ
661 2317 905 2381 κοιλάδες
928 2318 1259 2388 πληθυνοῦσι
1285 2323 1430 2374 σῖτον
1456 2341 1474 2373 ι
1507 2324 1901 2394 προφέρουσαι,
1921 2325 1977 2396 ἦ,

394 2426 412 2456 ι
438 2407 537 2477 τὴν
566 2408 823 2480 τροφὴν,ι
853 2394 996 2464 κατά
1016 2411 1110 2464 τὸν
1143 2411 1460 2484 Σύμμαχον.
1498 2433 1514 2466 ε
1545 2394 1973 2486 Κεκράξονταιᾼ

387 2497 452 2550 Τί
471 2497 526 2552 δὲ
550 2499 932 2571 κεκράξονται,
965 2504 1257 2575 ἐρμηνεύει
1287 2507 1413 2578 ἐξῆς
1468 2506 1661 2576 λέγων·
1687 2529 1704 2561 ι
1734 2511 1844 2564 Καὶ
1871 2513 1979 2583 γὰρ

387 2589 772 2662 ὑμνήσουσινσι
821 2595 952 2648 ὡσεὶ
988 2597 1320 2669 σαφέστερον
1376 2602 1608 2673 εἰρήκει·
1639 2603 1701 2656 Et
1727 2604 1835 2676 γὰρ
1867 2622 1979 2657 κοι-

385 2681 542 2747 λάδες
576 2685 952 2756 τυγχάνουσιν,
987 2689 1136 2759 ὅμως
1189 2690 1234 2744 δ’
1268 2686 1361 2744 οὖν
1407 2693 1708 2764 ὑμνήσουσι
1761 2696 1850 2749 τὸν
1886 2699 1978 2750 καὶ

385 2773 569 2836 αὐτοῖς
600 2775 708 2828 τῶν
729 2777 949 2846 ἀγαθῶν
973 2780 1235 2854 πάροχον.
1278 2782 1576 2852 Ὑμνοῦσαι
1608 2785 1663 2838 δὲ
1686 2787 1977 2858 κεκράξον-

383 2877 496 2927 ται,
528 2867 811 2939 παρρησίᾳ
835 2867 1114 2941 χρώμεναι
1143 2871 1240 2924 καὶ
1280 2871 1376 2943 βοῇ
1411 2874 1640 2945 μεγάλῃ.
1669 2875 1880 2929 Βοῶσαι
1919 2878 1974 2930 δὲ

385 2958 598 3027 κραυγῇ
631 2957 726 3010 καὶ
759 2959 1022 3029 ὑμνοῦσαι
1055 2960 1213 3025 ποίας
1247 2964 1576 3034 προήσονται
1601 2965 1804 3033 φωνὰς,
1828 2967 1976 3037 ἦτὰς

383 3044 442 3097 ἐν
472 3046 614 3118 ἀρχῇ
668 3050 869 3114 παντὸς
915 3050 1130 3122 ψαλμοῦ
1193 3054 1523 3124 φερομένας·
1585 3057 1719 3108 «Σοὶ
1773 3059 1972 3129 πρέπει

384 3136 571 3210 ὕμνος,
599 3142 627 3192 6
657 3140 808 3210 Θεὸς,
837 3144 896 3196 ἐν
945 3143 1138 3209 Σιὼν,ι
1189 3145 1489 3215 λέγουσαι;
1526 3150 1864 3219 Ἀναγκαίως
1916 3151 1972 3204 δὲ

382 3227 667 3300 πρόκειται
693 3232 756 3284 τό
790 3247 803 3262 ·
841 3253 858 3285 ί
886 3234 1280 3306 Κεκράξονται,
1327 3237 1423 3289 καὶ
1473 3239 1582 3308 γὰρ
1611 3240 1963 3311 ὑμ·.ιήσουσι,ι

381 3323 642 3396 περὶτῶν
667 3327 948 3392 κοιλάδων,
984 3331 1018 3400 ἢ
1077 3331 1172 3384 καὶ
1206 3332 1335 3404 περὶ
1396 3333 1506 3385 τῶν
1563 3335 1971 3406 προλεχθέντων

380 3416 659 3481 ἁπάντων,
687 3419 762 3484 ὡς
789 3421 856 3475 ἂν
882 3423 1170 3494 μάθοιμεν,
1213 3425 1294 3478 ὅτι
1321 3425 1396 3496 μὴ
1427 3428 1554 3498 περὶ
1580 3427 1852 3500 αἰσθητῶν
1879 3431 1972 3483 καὶ

382 3510 709 3574 σωματικῶν
755 3513 937 3567 τόπων
984 3517 1014 3568 6
1064 3515 1219 3584 λόγος
1276 3513 1446 3570 ταῦτα
1487 3519 1747 3573 διδάσκει·
1793 3522 1970 3575 καίτοι

377 3603 474 3656 καὶ
504 3605 633 3675 περὶ
661 3604 864 3659 τούτων
914 3606 1060 3671 εἰκὸς
1090 3603 1158 3678 ἦν
1190 3608 1259 3662 τὰ
1304 3609 1676 3681 προλεχθέντα
1713 3611 1969 3682 λέγεσθαι

377 3693 617 3764 νομίζειν
645 3697 738 3749 ἐπὶ
763 3699 873 3762 τοῖς
900 3697 1177 3771 αἰσθητοῖς
1197 3699 1293 3753 τοῦ
1311 3700 1445 3755 Θεοῦ
1467 3703 1813 3777 δωρήμασιν,
1840 3706 1968 3760 ὥστ’

378 3780 514 3838 εἶναι
543 3787 956 3860 εύχαριστήριον
987 3788 1178 3861 ὕμνον,
1223 3790 1298 3854 ὡς
1328 3792 1464 3865 πρὸς
1497 3794 1595 3862 τὴν
1625 3795 1788 3859 λέξιν,
1827 3785 1968 3866 ὑπὲρ

374 3877 483 3932 τῶν
511 3881 634 3932 κατ’
665 3879 782 3943 ἐτος
808 3881 1117 3954 ἀνθρώποις
1147 3884 1568 3956 χορηγουμένων
1598 3886 1689 3940 τὸν
1723 3890 1966 3959 παρόντα

375 3969 551 4039 λόγον.
579 3971 716 4025 Καθ’
757 3973 987 4028 ἕκαστον
1052 3975 1184 4045 γοῦν
1217 3978 1463 4031 ἐνιαυτὸν
1508 3979 1540 4032 6
1585 3979 2007 4052 φιλάνθρωπος,

374 4063 467 4115 καὶ
495 4064 696 4128 παντὸς
718 4065 922 4134 ἀγαθοῦ
957 4067 1122 4139 δοτὴρ
1149 4068 1301 4133 Θεὸς,
1352 4071 1819 4142 ἐπισκεπτόμενος
1867 4071 1966 4143 τὴν

373 4155 498 4226 γῆν,
537 4156 796 4227 μεθύσκει
828 4157 1017 4230 αὐτὴν,
1054 4159 1229 4232 ἄρδων
1261 4163 1373 4226 τοῖς
1409 4163 1691 4234 συνήθεσιν
1716 4163 1960 4235 ὄμϐροις,

372 4247 572 4322 πληροῖ
608 4267 666 4303 τε
700 4250 869 4320 αὐτῆς
896 4253 1021 4315 τοὺς
1048 4251 1292 4317 αὔλακας
1322 4255 1438 4316 ταῖς
1466 4253 1576 4308 τῶν
1601 4255 1772 4308 ὑετῶν
1801 4273 1964 4326 χορη-

370 4339 538 4409 γίαις.
569 4341 651 4396 Τά
676 4359 736 4396 τε
762 4345 1076 4416 γεννήματα
1110 4345 1279 4415 αὐτῆς
1317 4345 1601 4418 πληθύνων
1650 4348 1952 4418 εύλογήσει.

382 4431 448 4484 'H
502 4431 559 4485 δὲ
598 4433 970 4506 εὐφραίνεται,
1025 4434 1479 4508 νεαροποιηθεῖσά
1539 4454 1598 4489 τε
1649 4438 1952 4492 ἀνατέλλει.

372 4523 623 4577 Κᾶπειτα
653 4523 1001 4596 πληρουμένη
1047 4526 1320 4579 παντοίων
1373 4527 1621 4598 καρπῶν,
1675 4528 1958 4600 σπορίμων
1992 4565 2037 4622 D

369 4628 427 4664 τε
463 4613 557 4666 καὶ
616 4614 930 4687 ἀκροδρύων
978 4615 1358 4686 στεφανοῦται,
1407 4619 1482 4682 ὼς
1526 4620 1600 4689 μὴ
1635 4618 1700 4672 ἂν
1731 4619 1958 4690 ὀκνῆσαι

369 4705 510 4758 κατὰ
539 4706 633 4760 τὸν
654 4707 745 4760 τοῦ
769 4707 926 4780 ἔαρος
957 4707 1146 4780 καιρὸν
1186 4710 1595 4781 ἐστεφανῶσθαι
1637 4710 1816 4781 λέγειν
1855 4715 1956 4766 αύ-

368 4795 487 4865 τὴν,
518 4797 587 4850 τά
612 4815 674 4850 τε
711 4798 869 4852 πεδία
899 4800 1233 4872 πληθύεσθαι
1285 4803 1558 4874 πιότητος·
1593 4806 1687 4857 κοιλ⁵
1723 4806 1830 4876 μὴν
1863 4807 1955 4859 καὶ

367 4887 436 4940 τὰ
465 4888 596 4960 ὄρεα
627 4892 723 4961 τῆς
752 4893 960 4964 ἐρήμου
992 4894 1194 4958 ἀνθεῖν,
1226 4896 1322 4949 καὶ
1365 4898 1492 4960 τοὺς
1529 4896 1750 4968 βουνοὺς
1781 4899 1952 4967 ἀγαλ-

366 4981 543 5036 λίασιν
583 4981 1039 5056 περιζώννυσθαι·
1101 4987 1236 5040 ἀλλά
1283 4989 1376 5041 καὶ
1441 4990 1568 5052 τοὺς
1607 4990 1796 5060 κριοὺς
1843 4991 1952 5044 τῶν

367 5073 654 5144 προϐάτων
677 5078 790 5139 τοῖς
816 5076 1027 5130 ἑαυτῶν
1072 5079 1262 5142 πόκοις
1324 5077 1748 5143 ἐνδιδύσκεσθαι,
1786 5065 1955 5146 αὐτάς

364 5175 425 5211 τε
455 5160 552 5224 τὰς
581 5161 832 5226 κοιλάδας
863 5163 1046 5238 χώρας
1095 5166 1356 5230 πολλάκις
1401 5167 1739 5240 πληροῦσθαι
1783 5170 1951 5234 σίτου,

365 5253 462 5305 καὶ
492 5257 772 5326 μονονουχὶ
799 5255 877 5327 τῷ
901 5256 1047 5330 ἔργῳ
1108 5258 1238 5330 βοᾷν
1263 5261 1358 5314 καὶ
1389 5262 1481 5315 τὸν
1529 5261 1662 5316 Θεὸν
1682 5261 1949 5330 δοξάζειν.

365 5343 552 5398 Ταῦτα
571 5345 627 5398 δὲ
649 5349 698 5400 εί
720 5349 815 5401 καὶ
837 5349 918 5402 ὅτι
940 5349 1175 5421 μάλιστα
1194 5353 1469 5424 αἰσθητῶς
1501 5354 1803 5426 πληροῦται
1827 5356 1952 5409 καθ’

363 5437 592 5490 ἕκαστον
613 5437 750 5504 ἔτος,
785 5440 898 5493 ἀλλ’
923 5443 955 5512 ή
989 5442 1301 5516 σύμφρασις
1322 5444 1422 5515 τῆς
1435 5445 1530 5499 τοῦ
1560 5447 1759 5511 παντὸς
1792 5446 1949 5515 λόγου

363 5527 684 5594 ἀκολουθίας
707 5531 798 5584 ἐπὶ
829 5533 927 5604 τὴν
961 5533 1194 5607 θεωρίαν
1223 5536 1370 5608 ἡμᾶς
1396 5537 1798 5609 ἀναπέμπουσα
1828 5539 1955 5592 ἀπο-

360 5617 651 5675 δέδεικται.
691 5622 859 5694 Ὀμοῦ
883 5625 946 5696 δή
978 5621 1070 5680 οὖν
1107 5626 1176 5681 τὰ
1200 5627 1567 5701 προλεχθέντα
1585 5631 1782 5696 πάντα,
1809 5631 1953 5700 λέγω

433 5754 480 5786 ⁸³
513 5756 553 5810 ll
587 5758 715 5816 Cor.
746 5777 800 5824 v,
828 5774 882 5816 4.

433 5851 508 5924 (.l)
547 5853 708 5916 Forte
742 5855 1089 5914 ἐκδύσασθαι.

2087 1955 2270 2010 verbis
2306 1971 2318 2004 :
2357 1973 2375 2005 ι
2415 1953 2481 2007 Ει
2511 1954 2678 2010 valles
2725 1955 3082 2009 abundabunt
3127 1955 3424 2019 frumento,
3466 1977 3484 2009 ι
3527 1959 3675 2027 quod

2083 2049 2383 2118 proferent,
2413 2047 2528 2102 sive
2567 2066 2583 2097 ε
2625 2063 2828 2110 escam,
2868 2067 2885 2099 ι
2926 2050 3225 2103 secundum
3261 2047 3673 2121 Symmachum.
3785 2043 3791 2049 ’

2088 2159 2106 2190 ι
2149 2139 2497 2194 Clamabunt.
2533 2160 2550 2191 ι
2584 2140 2726 2206 Quid
2781 2150 2961 2195 autem
3019 2141 3357 2202 clamabunt,
3415 2143 3518 2196 sub
3557 2142 3677 2197 haec

2081 2234 2320 2303 explicat
2361 2232 2554 2287 dicens
2591 2252 2604 2288 :
2636 2251 2654 2283 ι
2697 2233 2910 2288 Etenim
2952 2233 3214 2304 hymnum
3247 2234 3466 2302 dicent;
3534 2252 3552 2285 ι
3609 2250 3674 2288 ac

2081 2325 2127 2380 si
2161 2325 2404 2394 apertius
2438 2325 2672 2380 dixisset
2718 2345 2731 2379 :
2781 2324 3010 2379 Etiamsi
3044 2325 3214 2380 valles
3245 2325 3375 2391 sint,
3430 2334 3670 2380 attamen

2082 2419 2271 2471 talium
2303 2418 2407 2472 sibi
2439 2418 2707 2471 bonorum
2732 2418 2944 2471 auctori
2974 2418 3234 2489 hymnum
3265 2417 3466 2472 dicent.
3503 2417 3670 2490 Iiym-

2080 2524 2210 2562 num
2236 2524 2367 2563 vero
2403 2508 2651 2563 dicentes
2685 2508 3024 2585 clamabunt,
3069 2508 3270 2562 ﬁducia
3319 2509 3671 2579 clamoreque

2081 2615 2279 2670 magno
2335 2610 2572 2654 utentes.
2627 2599 2944 2654 Clamantes
2997 2606 3179 2655 autem
3219 2614 3354 2654 voce
3388 2614 3584 2670 magna
3614 2609 3668 2655 et

2081 2692 2342 2761 hymnum
2395 2693 2640 2747 dicentes
2679 2708 2817 2761 quas
2865 2706 3030 2746 voces
3083 2692 3358 2756 emittent,
3419 2693 3525 2746 nisi
3570 2707 3666 2747 eas

2078 2800 2199 2854 quae
2227 2784 2576 2838 initiototius
2610 2785 2804 2854 psalmi
2831 2782 3082 2839 feruntur
3119 2801 3133 2838 :
3171 2801 3189 2833 ι
3221 2782 3299 2836 Te
3329 2784 3486 2838 decet
3508 2784 3667 2854 hym-

2078 2893 2204 2939 nus,
2229 2875 2394 2939 Deus,
2426 2875 2479 2928 in
2510 2873 2687 2930 Sion?
2720 2893 2736 2926 )
2765 2873 3094 2929 Necessario
3112 2883 3293 2928 autem
3313 2874 3468 2936 illud,
3507 2893 3526 2925 ‹
3560 2875 3668 2929 cla-

2077 2970 2325 3033 mahunt,
2367 2967 2567 3020 etenim
2602 2970 2863 3037 hymnum
2895 2965 3101 3028 dicent,
3140 2983 3158 3016 ι
3197 2967 3512 3021 enuntiatur
3551 2975 3665 3020 tam

2075 3057 2143 3112 de
2170 3058 2404 3111 vallibus
2443 3071 2606 3126 quam
2651 3056 2719 3110 de
2755 3057 3073 3111 memoratis
3117 3058 3398 3124 omnibus,
3437 3065 3496 3109 ut
3544 3058 3664 3111 edi-

2077 3163 2317 3211 scamus,
2353 3147 2468 3201 haec
2499 3163 2607 3200 non
2639 3146 2706 3200 de
2737 3146 3093 3201 sensibilibus
3132 3156 3185 3200 et
3216 3148 3495 3216 corporeis
3527 3147 3663 3201 locis

2075 3237 2311 3295 doceri:
2353 3238 2575 3292 tametsi
2633 3238 2894 3308 praedicta
2955 3239 3120 3292 verba
3181 3239 3249 3292 de
3307 3239 3662 3294 sensibilibus

2072 3344 2289 3398 quoque
2325 3329 2420 3384 Dei
2456 3329 2616 3384 donis
2651 3329 2799 3382 dicta
2848 3336 3041 3398 putare
3081 3344 3178 3398 par
3220 3337 3326 3393 cst,
3378 3333 3452 3382 ita
3484 3337 3542 3382 ut
3590 3330 3662 3384 sit

2073 3421 2309 3492 hymnus
2369 3421 2423 3473 in
2465 3421 2765 3490 gratiarum
2817 3420 3088 3473 actionem
3137 3435 3234 3489 pro
3270 3420 3358 3484 iis,
3409 3420 3456 3474 si
3495 3421 3660 3474 verba

2070 3521 2408 3583 spectentur,
2443 3529 2563 3582 qua
2596 3512 2890 3583 quotannis
2939 3527 2969 3565 a
3019 3511 3128 3566 Deo
3178 3512 3496 3568 hominibus
3529 3512 3662 3566 sub-

2071 3605 2477 3660 ministrantur.
2514 3603 2760 3675 Singulis
2813 3605 2999 3672 itaque
3031 3606 3191 3660 annis
3243 3605 3523 3660 hominum
3570 3605 3661 3658 ille

2070 3707 2281 3751 amator
2326 3697 2661 3767 largitorque
2699 3695 2967 3748 bonorum
3001 3694 3248 3747 omnium
3303 3696 3465 3756 Deus,
3522 3693 3647 3747 visi-

2067 3796 2446 3852 tans.terram,
2481 3787 2718 3841 inebriat
2757 3800 2876 3840 eam
2906 3786 3196 3854 solitisque
3226 3785 3497 3839 imbribus
3532 3784 3660 3837 irri-

2067 3888 2178 3951 gat,
2213 3882 2360 3934 rivos
2394 3880 2515 3949 ejus
2556 3879 2754 3949 pluviis
2801 3886 3013 3932 tumere
3061 3886 3346 3948 procurat,
3380 3876 3654 3946 genimina

2065 3971 2185 4040 ejus
2227 3969 2596 4038 multiplicans
2627 3968 2922 4022 benedicit.
2967 3969 3062 4022 Illa
3091 3983 3221 4022 vero
3251 3968 3372 4021 laeta
3403 3976 3458 4022 et
3492 3981 3656 4020 reno-

2064 4069 2191 4115 vata
2232 4061 2428 4115 iterum
2459 4059 2772 4114 elﬂorescit.
2803 4058 3008 4114 Deinde
3041 4059 3311 4114 fructibus
3350 4059 3532 4115 omnis
3560 4074 3656 4129 ge-

2065 4153 2213 4207 neris
2237 4152 2465 4215 referla,
2502 4152 2778 4222 segetibus
2813 4158 2866 4205 ct
2906 4151 3084 4220 pomis
3123 4157 3440 4214 coronatur,
3487 4159 3547 4203 ut
3585 4166 3656 4204 ne

2063 4246 2245 4314 pigeat
2299 4259 2418 4298 eam
2487 4259 2657 4298 verno
2714 4253 2960 4314 tempore
3016 4252 3334 4297 coronatam
3408 4243 3652 4298 dicere:

2064 4336 2242 4407 campi
2282 4337 2564 4406 replentur
2606 4336 2894 4401 ubertate;
2939 4336 3074 4404 quin
3127 4335 3293 4388 etiam
3341 4341 3396 4388 et
3439 4341 3653 4388 montes

2063 4428 2264 4484 deserti
2287 4428 2659 4492 cillorescunt,
2688 4437 2741 4482 et
2775 4428 2942 4481 colles
2966 4427 3333 4480 exsultatione
3353 4427 3656 4497 accingun-

2065 4529 2156 4575 tur
2192 4540 2204 4575 :
2233 4523 2433 4578 arietes
2467 4523 2652 4576 ovium
2685 4521 2979 4575 velleribus
3012 4520 3129 4574 suis
3159 4521 3494 4587 vestiuntur;
3519 4520 3653 4589 ipsae

2065 4616 2344 4671 convalles
2391 4617 2713 4686 plerumque
2752 4614 3028 4668 frumento
3071 4613 3376 4676 abundant,
3422 4621 3473 4666 et
3514 4611 3650 4680 ipsis

2065 4706 2326 4776 operibus
2351 4716 2561 4762 tantum
2591 4722 2697 4761 non
2722 4707 2960 4760 clamant
2986 4705 3268 4774 Deumque
3296 4704 3549 4758 laudibus
3578 4704 3653 4756 ef-

2062 4809 2265 4864 ferunt.
2299 4803 2425 4858 llzec
2449 4817 2613 4872 porro
2640 4801 2856 4856 etiamsi
2879 4799 3177 4870 quotannis
3209 4797 3455 4852 sensibili
3487 4797 3651 4850 modo

2060 4895 2391 4966 impleantur
2408 4932 2422 4954 ,
2442 4906 2506 4944 ex
2531 4889 2673 4945 serie
2695 4897 2874 4942 tamen
2897 4889 3230 4942 narrationis
3248 4897 3648 4941 commonstra-

2060 4997 2178 5042 tum
2227 4993 2332 5049 est,
2363 4983 2553 5038 eadem
2585 4996 2688 5036 nos
2719 4981 2790 5035 ad
2838 4981 3357 5050 contemplationem
3393 4994 3645 5034 evocare.

2059 5077 2428 5132 Nihilominus
2485 5081 2784 5129 memorata
2839 5073 3044 5136 omnia,
3105 5072 3364 5126 nimirum
3443 5073 3644 5140 campi,

2058 5178 2275 5226 montes
2300 5167 2527 5229 deserti,
2558 5166 2729 5221 colles
2755 5173 2810 5219 et
2841 5165 3043 5218 arietes
3072 5164 3276 5226 ovium,
3303 5170 3468 5231 atque
3502 5163 3646 5216 insu-

2058 5278 2155 5332 per
2179 5263 2332 5332 prius
2358 5258 2642 5328 explicata:
2675 5255 2975 5318 convalles,
2995 5261 3111 5307 tum
3132 5253 3434 5308 secundum
3459 5250 3644 5306 datam

2059 5351 2586 5423 interpretationem,
2615 5351 2732 5400 tum
2774 5347 2937 5400 obvio
2991 5361 3156 5400 sensu
3203 5352 3448 5413 accepta,
3479 5358 3643 5397 unam

2058 5462 2272 5510 vocem,
2309 5441 2708 5511 melodiamque
2737 5453 3036 5495 consonam
3071 5439 3183 5495 Deo
3213 5440 3482 5494 emissura
3521 5452 3645 5491 esse

2060 5540 2338 5594 dicuntur.
2368 5536 2549 5602 Quare
2580 5533 2634 5587 in
2671 5533 2926 5588 omnibus
2959 5533 3074 5588 hinc
3112 5532 3385 5604 intelligas
3417 5549 3431 5586 :
3465 5549 3484 5584 ι
3519 5529 3643 5586 ωας-

2061 5629 2290 5686 mabunt
2321 5636 2374 5685 et
2405 5627 2670 5700 hymnum
2711 5623 2914 5679 dicent.
2951 5643 2972 5678 ›
