4142 6388
452 301 553 356 647
1148 296 1414 354 EL'SEBII
1448 291 1926 350 C.£S.\RIENSIS
1964 291 2112 350 OPP.
2154 290 2337 348 PARS
2375 289 2464 346 Ill.
2505 323 2577 335 -—
2614 290 3028 350 EXEGETICA.
3610 300 3711 359 648

447 420 504 476 δὲ
543 418 610 474 τά
636 418 790 473 πεδία
824 417 920 472 καὶ
944 416 1009 471 τά
1032 416 1164 489 δρεα
1187 419 1285 488 τῆς
1313 418 1542 490 ἐρήμου,
1572 417 1628 469 οἵ
1655 433 1714 468 τε
1744 416 1924 486 βουνοὶ
1945 418 2039 472 καὶ
2077 419 2124 469 οἱ
2157 417 2303 488 κριοὶ
2343 417 2453 470 τῶν
2499 417 2810 488 προϐάτων,
2839 419 2935 472 καὶ
2985 417 3121 487 πρὸς
3168 419 3380 484 τούτοις
3410 421 3466 475 αί
3523 422 3715 477 ἀποδο-

449 514 625 569 θεῖσαι
683 511 928 574 κοιλάδες
975 509 1116 564 κατά
1170 511 1268 580 τὴν
1321 511 1676 562 ἀποδοθεῖσαν
1723 511 2040 580 ἑρμηνείαν,
2081 509 2224 562 κατά
2249 527 2307 562 τε
2369 510 2464 582 τὴν
2503 511 2794 584 πρόχειρον
2823 512 3084 576 διάνοιαν,
3133 513 3264 583 μίαν
3332 517 3564 586 ἀφήσειν
3600 536 3715 586 φω-

445 607 541 679 νὴν
571 608 662 660 καὶ
685 605 746 658 σύ
757 622 969 674 μφωνον
995 603 1266 674 μελῳδίαν
1297 603 1372 673 τῷ
1401 603 1518 674 Θεῷ
1547 604 1812 674 εἴρηνται.
1857 603 1946 656 Διὸ
1966 604 2104 657 κατά
2131 605 2348 658 πάντων
2383 605 2589 677 ἀκούσῃ
2618 606 2699 658 τό·
2729 625 2746 656 ι
2783 607 3156 678 Κεκράξονται
3178 609 3270 661 καὶ
3299 610 3647 680 ὑμνήσουσιν.
3689 632 3708 665 ι

571 719 618 770 1.
663 716 727 769 IN
763 713 998 778 FIXEM,
1043 712 1394 768 CANTICUM
1435 713 1708 769 PSALMI.
1751 713 1913 767 LXV.

519 809 683 864 Vens.
727 809 780 864 2.
821 828 838 857 ι
877 807 1115 862 Jubilate
1163 808 1293 870 Deo,
1328 809 1508 862 omnis
1569 816 1748 870 terra,
1813 809 2028 877 psallite

448 903 655 955 nomini
697 901 837 968 ejus,
871 899 997 952 date
1025 897 1255 968 gloriam
1306 898 1453 950 laudi
1496 899 1638 966 ejus.
1682 919 1698 950 ι
1743 897 2026 966 Evangeli-

445 1009 544 1048 cus
578 993 663 1045 hic
700 993 825 1045 item
860 993 1104 1059 psalmus
1139 1000 1221 1044 cst
1268 1008 1279 1042 :
1338 1006 1462 1042 nam
1498 992 1739 1059 gentium
1781 991 2026 1045 vocalio-

445 1103 566 1141 nem
600 1087 1006 1154 complectitur.
1052 1081 1240 1152 Neque
1269 1084 1416 1136 enim
1463 1098 1530 1136 eo
1564 1098 1672 1151 quo
1729 1083 2028 1136 cauebatur

448 1189 691 1245 tempore
735 1178 894 1230 tinem
936 1186 1340 1229 CODSL‘CIHUI‘US
1378 1185 1516 1235 erat.
1555 1174 1647 1229 sed
1674 1176 1727 1229 in
1769 1191 2028 1230 consum-

450 1271 693 1323 matione
749 1269 1094 1323 saeculorum.
1135 1267 1315 1331 Quare
1357 1274 1780 1321 memoratarum
1837 1267 1905 1319 ibi
1949 1282 2028 1320 re-

442 1377 564 1414 rum
599 1360 937 1430 prOphetiam
979 1359 1043 1413 ad
1091 1359 1250 1412 ﬁnem
1301 1359 1544 1412 remittit.
1599 1359 1800 1428 Estque
1832 1373 2026 1412 rursus

443 1454 717 1507 canticum
745 1451 975 1520 psalmi;
1008 1451 1143 1512 sive,
1178 1457 1338 1518 prout
1367 1450 1419 1502 in
1454 1449 1782 1520 prmcedenti
1817 1449 2026 1518 psalmo

445 1543 784 1607 inscriLitur,
832 1560 849 1591 ι
891 1540 1141 1595 Psalmus
1200 1541 1422 1594 cantici.
1454 1562 1472 1592 ›
1535 1540 1772 1611 Spiritus
1827 1541 2028 1610 quippe

443 1644 669 1690 sanctus
694 1651 786 1703 per
812 1634 1183 1703 propheticam
1208 1633 1468 1696 animam,
1491 1649 1611 1702 quae
1641 1650 1698 1687 se
1726 1645 2024 1703 receperat,

441 1742 565 1780 cum
596 1726 778 1778 uetitia
813 1724 978 1776 multa
1016 1723 1247 1776 canebat
1280 1722 1675 1792 psallebatque,
1714 1739 1813 1792 pro
1866 1723 2025 1778 bonis

440 1821 496 1876 in
530 1822 793 1875 vaticinio
840 1835 941 1873 suo
990 1819 1334 1872 annuntiatis
1385 1837 1396 1871 :
1441 1835 1674 1888 quorum
1711 1833 1876 1872 causa
1909 1833 2026 1871 om-

440 1915 601 1968 nibus
635 1914 888 1983 gentibus
919 1913 1210 1966 salutarem
1244 1911 1474 1980 gratiam
1507 1911 1846 1981 suscepturis
1877 1926 2025 1982 quze-

440 2008 562 2059 dam
597 2006 801 2076 agenda
822 2007 1083 2074 praecipit,
1109 2020 1229 2073 quae
1251 2019 1351 2058 nos
1374 2005 1622 2073 exsequi,
1647 2005 1712 2057 ad
1734 2020 1872 2072 quos
1892 2019 2022 2073 prte-

438 2113 621 2152 nussze
654 2111 814 2149 voces
858 2103 1129 2165 spectant,
1188 2096 1562 2149 necessarium
1606 2102 1712 2147 est.
1768 2093 2021 2162 Praecipit

439 2189 622 2259 itaque
656 2189 803 2242 omni
833 2196 1011 2252 terrai,
1049 2187 1101 2240 id
1135 2197 1239 2251 est,
1279 2188 1536 2242 omnibus
1582 2197 1742 2240 terra:
1781 2187 2021 2240 elemen-

437 2289 550 2333 tum
589 2280 975 2342 inCnIentibus,
1008 2295 1078 2332 ne
1112 2295 1230 2333 sese
1257 2279 1457 2349 Moysis
1485 2277 1758 2330 mandatis
1790 2285 1843 2331 et
1868 2277 2020 2346 gravi

437 2369 730 2438 legisjugo
760 2368 1096 2435 subjiciam;
1143 2369 1236 2423 sed
1280 2384 1344 2421 ea
1395 2368 1593 2430 solum,
1627 2383 1747 2437 qua:
1787 2367 1839 2419 in
1883 2381 2022 2435 pra:-

417 2463 575 2534 _senti
603 2463 812 2531 psalmo
837 2462 1125 2530 jubentur,
1161 2469 1456 2531 peragant;
1492 2470 1547 2516 et
1586 2463 1762 2531 primo
1797 2462 2018 2530 quidem

437 2555 546 2609 Deo
581 2555 816 2624 jubilent
846 2572 860 2618 ;
892 2555 1157 2618 secundo,
1199 2557 1436 2624 psallant
1486 2554 1696 2608 nomini
1733 2553 1886 2622 ejus;
1915 2563 2024 2606 ter-

438 2645 533 2707 tio,
559 2647 688 2698 dent
716 2645 944 2714 gloriam
993 2647 1141 2702 laudi
1189 2647 1344 2715 ejus;
1377 2654 1599 2714 quarto,
1645 2645 1830 2700 dicant
1864 2644 1974 2698 Deo
2005 2664 2018 2698 :

442 2755 460 2786 ε
501 2736 674 2802 Quam
705 2737 970 2792 terribilia
1003 2747 1131 2792 sunt
1159 2753 1324 2806 opera
1366 2738 1492 2790 tua!
1527 2755 1544 2786 ι
1570 2743 1657 2789 et:
1695 2753 1712 2784 ι
1750 2733 1805 2787 1η
1831 2735 2018 2794 multj-

440 2829 628 2883 tudine
677 2830 896 2884 virtutis
945 2839 1049 2884 tua:
1099 2831 1432 2884 mentientur
1465 2828 1564 2882 tibi
1623 2828 1829 2881 inimici
1862 2829 1961 2880 tui.
1997 2847 2015 2880 ι

438 2917 680 2971 Primum
715 2919 897 2988 itaque
934 2937 1026 2990 per
1052 2922 1336 2975 scientiam
1360 2930 1414 2976 et
1438 2935 1619 2974 veram
1651 2919 2018 2988 cognitionem

437 3023 804 3076 exsequemur
840 3008 948 3063 Deo
989 3009 1315 3078 jubilantes,
1354 3009 1586 3062 militum
1636 3008 1810 3062 instar
1840 3007 1932 3076 qui
1967 3007 2021 3062 in

439 3099 596 3154 bellis
639 3101 943 3154 acclamant
975 3109 1028 3154 et
1073 3101 1329 3169 jubilant,
1373 3099 1578 3170 quique
1615 3100 1766 3152 vocis
1818 3100 2025 3170 magni-

439 3191 627 3245 tudine
659 3208 777 3246 sese
809 3193 1079 3246 terribiles
1105 3203 1158 3244 et
1191 3191 1566 3246 formidabiles
1598 3190 1835 3244 inimicis
1861 3189 2021 3245 exhi-

435 3286 582 3339 bent.
617 3286 884 3350 Quoniam
921 3301 1051 3353 ergo
1101 3283 1360 3338 Servator
1399 3291 1588 3337 noster
1629 3282 1883 3336 inimicos
1921 3296 2021 3334 no-

2331 715 2439 770 ΕΙΣ
2465 717 2550 770 ΤΟ
2577 718 2817 782 ΤΕΛΟΣ,
2851 719 2980 788 ῼΔΗ
3008 718 3319 775 ΨΑΛΜΟΥ.
3354 723 3473 776 EE’.

2209 823 2228 856 ι
2267 805 2592 870 Ἀλαλάξατε
2627 806 2702 876 τῷ
2765 808 2884 878 Θεῷ
2918 812 3122 881 πᾶσαὴ
3172 812 3264 881 γῆ,
3315 813 3519 881 ψάλατε
3545 814 3607 885 δὴ
3637 815 3715 884 τῷ

2129 896 2350 967 ὀνόματι
2382 900 2567 963 αὑτοῦ,
2596 900 2712 952 δότε
2741 900 2898 964 δόξαν
2960 903 3162 955 αἰνέσει
3216 906 3437 958 αὑτοῦ.»
3471 908 3699 974 Εὑαγγεο

2129 988 2279 1052 λικὸς
2303 991 2536 1061 ὑπάρχει
2565 994 2657 1048 καὶ
2704 996 2733 1046 ὁ
2776 993 2966 1064 παρὼν
3009 995 3246 1064 ψαλμὸς,
3276 997 3375 1066 τὴν
3399 997 3504 1050 τῷν
3544 998 3710 1052 ἐθνῶν

2130 1082 2396 1152 περιέχων
2432 1084 2641 1154 κλῆσιν.
2680 1085 2918 1154 Ἥμελλε
2956 1086 3011 1138 δὲ
3050 1085 3157 1156 ἄρα
3189 1087 3248 1137 οὑ
3284 1086 3404 1138 καθ’
3435 1087 3527 1149 οὓς
3558 1087 3708 1156 ᾔδετο

2127 1173 2352 1244 χρόνους
2397 1176 2583 1238 τέλους
2625 1178 2932 1247 τυγχάνειν,
2974 1178 3086 1230 ἀλλ’
3121 1179 3234 1230 ’ἐπὶ
3286 1179 3560 1249 συντελείᾳ
3606 1179 3712 1232 τῷν

2129 1263 2359 1320 αἰώνων.
2397 1266 2488 1318 Διὸ
2512 1267 2827 1337 ἀναπέμπει
2856 1268 2954 1339 τὴν
3001 1267 3106 1320 τῶν
3129 1267 3469 1337 δηλουμένων
3499 1287 3708 1340 προφη-

2125 1354 2278 1408 τείαν
2301 1358 2378 1419 είς
2406 1356 2466 1408 τὸ
2515 1357 2684 1420 τέλος.
2722 1361 2876 1412 Ἔστι
2907 1360 2962 1412 δὲ
2994 1361 3105 1430 ᾠδὴ
3133 1361 3346 1430 ψαλμοῦ
3369 1361 3622 1431 ἔμπαλιν·
3677 1363 3710 1435 ἢ

2128 1447 2267 1499 κατὰ
2290 1448 2379 1501 τὸν
2408 1448 2509 1519 πρὸ
2526 1450 2710 1514 αὑτοῦ,
2728 1451 2802 1514 ὠς
2821 1453 3251 1523 ἐπεγέγραπτο,ι
3267 1453 3490 1523 Ψαλμὸς
3511 1453 3652 1524 ᾠδῆς
3685 1474 3706 1507 ι

2126 1533 2260 1609 τῌδε
2283 1539 2391 1609 γάρ
2425 1541 2520 1594 καὶ
2550 1541 2745 1610 ἔψαλλε
2774 1543 2833 1596 τὸ
2867 1543 3090 1613 Πνεῦμα
3118 1543 3177 1595 τὺ
3220 1544 3374 1613 ἅγιον
3409 1547 3505 1598 σὺν
3544 1546 3710 1619 πολλῇ

2127 1632 2270 1702 χαρᾷ
2297 1631 2386 1684 διὰ
2416 1632 2514 1701 τῆς
2546 1634 2952 1705 ὑποδεξαμένης
2985 1635 3116 1689 αὑτὸ
3168 1637 3512 1708 προφητικῆς
3535 1637 3714 1710 ψυχῆς

2127 1722 2220 1776 ἐττῖ⁹
2252 1726 2362 1785 τοῖς
2395 1723 2461 1775 δι’
2480 1724 2646 1776 αὑτοῦ
2679 1725 3092 1796 θεσπιζομένοις
3127 1727 3373 1794 ἀγαθοῖς,
3401 1730 3484 1797 ἐφ’
3513 1725 3595 1793 οἷς
3619 1731 3713 1783 καὶ

2126 1816 2260 1868 πᾶσι
2295 1817 2404 1877 τοῖς
2464 1814 2640 1867 ἔθνεσι
2671 1819 2782 1880 τοίς
2834 1818 2933 1889 τὴν
2966 1819 3230 1894 σωτήριον
3275 1820 3435 1890 χάριν
3465 1821 3714 1887 ὑποδεξο-

2129 1904 2310 1974 μένοις
2340 1905 2774 1976 παρακελεύεται
2800 1909 3057 1978 πράττειν
3088 1909 3228 1973 τινὰ,
3255 1909 3395 1981 ἀπερ
3421 1912 3712 1978 ἀναγκαῖον

2125 1997 2390 2051 ἐπιτελεῖν
2421 2000 2591 2069 ἡμᾶς,
2621 1995 2702 2063 οἷς
2747 1999 2916 2054 ταῦτα
2950 2006 3403 2072 προανειρωνείτο.
3440 2004 3714 2068 Προστατ-

2124 2106 2204 2141 τει
2240 2088 2417 2141 τοίνυν
2473 2091 2620 2161 πάσῃ
2653 2094 2718 2161 τῇ
2777 2094 2868 2162 γῇ,
2917 2094 3163 2145 τουτέστι
3214 2096 3327 2156 τοῖς
3383 2094 3444 2146 τὸ
3478 2095 3577 2163 τῆς
3610 2097 3712 2165 γῆς

2126 2184 2385 2250 στοιχεῖον
2407 2181 2645 2234 οἰκοῦσιν
2664 2185 2853 2248 ἅπασι,
2877 2185 2950 2254 μὴ
2973 2187 3085 2247 τοῖς
3097 2186 3374 2248 Μωὺσέως
3401 2187 3714 2256 παραγγέλ-

2126 2288 2259 2342 μασι
2295 2273 2386 2325 καὶ
2422 2273 2498 2342 τῷ
2531 2273 2689 2344 βαρεῖ
2712 2273 2861 2344 ζυγῷ
2884 2275 2978 2327 τοῦ
3018 2275 3183 2346 νόμου
3219 2278 3443 2340 ἑαυτοὺς
3476 2279 3711 2330 ὑποτάτ-

2122 2387 2256 2422 τειν·
2293 2370 2427 2441 μόνα
2461 2370 2612 2423 δὲτά
2661 2371 2750 2426 διὰ
2796 2372 2905 2425 τῶν
2955 2371 3095 2441 μετά
3151 2375 3340 2444 χεῖρας
3379 2372 3710 2442 κελευόμενα

2124 2467 2314 2516 ποιεῖν·
2359 2465 2451 2516 καὶ
2490 2463 2702 2532 πρῶτον
2737 2465 2835 2534 μὲν
2866 2462 3154 2527 ἀλαλάζειν
3189 2465 3266 2536 τῷ
3293 2464 3431 2535 Θεῷ,
3458 2465 3710 2536 δεύτερον

2121 2555 2341 2624 ψάλλειν
2368 2556 2446 2625 τῷ
2481 2556 2707 2626 ὀνόματι
2754 2554 2943 2619 αὑτοῦ,
2977 2556 3160 2627 τρίτον
3212 2557 3368 2622 δόξαν
3397 2556 3595 2609 διδόναι
3641 2557 3709 2627 τῇ

2122 2647 2327 2700 αἰνέσει
2354 2645 2538 2700 αὑτοῦ·
2564 2648 2823 2719 τέταρτον
2852 2647 3030 2715 λέγειν
3054 2647 3131 2717 τῷ
3153 2647 3292 2717 Θεῷ·
3328 2666 3346 2697 ι
3385 2648 3469 2710 Ὠς
3506 2645 3712 2716 φοϐερά

2121 2739 2190 2792 τά
2218 2738 2354 2810 ἔργα
2379 2756 2525 2792 σουοι
2555 2739 2668 2794 καί·
2731 2758 2747 2788 ι
2789 2740 2874 2791 Ἐν
2927 2738 3006 2810 τῷ
3034 2738 3232 2810 πλήθει
3285 2739 3383 2808 τῆς
3429 2734 3711 2807 δυνάμεώς

2125 2841 2217 2876 σου
2253 2823 2543 2895 ψεύσονταί
2576 2844 2634 2879 σε
2674 2828 2720 2880 οἱ
2745 2826 2928 2898 ἐχθροί
2965 2844 3113 2882 σευ.»
3172 2827 3244 2879 Τὸ
3309 2827 3406 2896 μὲν
3437 2824 3530 2879 οὑν
3561 2825 3713 2896 πρῶ.

2123 2934 2211 2970 τον
2242 2917 2633 2988 δι’ἐπιστήμης
2661 2919 2754 2970 καὶ
2778 2917 3031 2986 γνώσεως
3052 2917 3284 2986 ἀληθοῦς
3309 2917 3712 2987 ἐπιτελέσωμεν

2123 3010 2483 3075 ἀλαλάζοντες
2511 3011 2589 3081 τῷ
2642 3010 2780 3080 Θεῷ,
2832 3011 2988 3080 δίκην
3021 3010 3130 3064 τῶν
3183 3011 3240 3062 ὲν
3296 3008 3550 3079 πολέμοις
3583 3011 3713 3062 ἀνα-

2125 3104 2444 3172 φωνούντων
2481 3105 2573 3157 καὶ
2629 3103 3008 3168 ἀλαλαζόντων
3044 3102 3417 3174 στρατιωτῶν,
3449 3104 3500 3155 οἲ
3523 3105 3588 3172 τῇ
3624 3101 3714 3154 δυ-

2122 3195 2285 3267 νάμει
2308 3197 2406 3268 τῆς
2439 3197 2620 3266 φωνῆς
2649 3195 3130 3268 καταπληκτικοὺς
3159 3197 3252 3248 καὶ
3281 3195 3545 3266 φοϐεροὺς
3581 3196 3711 3248 ἐαυ-

2122 3289 2249 3350 τοὺς
2270 3291 2381 3350 τοῖς
2415 3287 2696 3358 πολεμίοις
2750 3288 3128 3357 ἐμφαίνουσιν.
3166 3286 3318 3338 Ἐπεὶ
3376 3286 3554 3339 τοίνυν
3586 3284 3712 3350 τοὺς

435 3385 601 3436 stros.
639 3377 730 3446 qui
783 3377 912 3429 olim
953 3377 1164 3430 animas
1208 3382 1428 3430 nostras
1459 3375 1513 3428 in
1573 3373 1872 3428 multorum
1916 3388 2019 3428 nu-

2125 3382 2425 3453 ἡμετέρους
2458 3382 2704 3453 ἐχθροὺς,
2733 3382 2861 3444 τοὺς
2896 3380 3064 3433 πάλαι
3108 3383 3208 3449 τὴν
3238 3377 3413 3448 ψυχὴν
3443 3377 3600 3448 ἡμῶν
3632 3379 3712 3442 είς

437 3470 642 3523 mimun
692 3485 933 3523 errorem
994 3469 1237 3538 captivas
1296 3474 1542 3537 egerant,
1593 3467 1902 3536 propellens
1953 3480 2017 3518 ac

346 3614 354 3622 ,
431 3575 779 3630 oppugnaris,
812 3576 913 3615 nos
939 3576 1132 3614 omnes
1165 3559 1365 3614 milites
1399 3574 1529 3613 suos
1556 3559 1722 3611 armis
1752 3556 2017 3611 adversus

431 3651 652 3706 eosdem
685 3652 950 3718 instruit;
977 3651 1102 3720 jure
1133 3652 1388 3721 precibus
1419 3650 1486 3703 ad
1521 3647 1688 3703 Deum
1714 3648 1902 3702 eﬂ‘usis
1928 3647 2018 3716 ju-

433 3742 625 3806 bilare,
659 3759 721 3798 ac
751 3743 1040 3811 gemitibus
1079 3741 1538 3796 inenarrabilibus
1568 3739 1811 3794 victoriae
1849 3738 2014 3807 Regis

431 3834 605 3887 nostri
638 3849 860 3902 operam
902 3834 1035 3887 dare
1067 3833 1348 3901 jubemur.
1393 3830 1657 3885 Jubilatio
1696 3838 1876 3882 autem
1920 3845 2016 3899 per

431 3926 728 3988 orationes,
785 3941 880 3995 per
927 3925 1278 3994 theologiam,
1331 3940 1427 3994 per
1472 3940 1663 3978 sanam
1712 3931 1765 3978 et
1809 3925 2013 3977 claram

433 4015 800 4084 cognitionem
843 4016 1130 4078 emittitur,
1177 4015 1416 4083 itemque
1458 4029 1555 4084 per
1599 4013 1890 4082 spirituale
1923 4028 2015 4066 sa-

431 4105 756 4164 cerdmium,
784 4105 930 4174 quod
960 4094 1259 4174 gratiarum
1284 4104 1616 4163 actionibus,
1651 4103 1706 4155 in
1737 4100 2013 4172 mysteriis

433 4194 568 4249 Novi
588 4193 944 4258 Testamenti,
970 4211 1062 4264 per
1082 4195 1391 4249 universam
1406 4203 1606 4249 terram
1627 4195 2011 4264 persolvimus,

432 4286 656 4357 quando
698 4287 1092 4341 immolationis
1121 4287 1257 4356 Agni
1291 4285 1386 4341 Dei
1438 4287 2014 4341 commemorationem

436 4387 680 4450 agentes.
716 4379 858 4432 hanc
889 4379 1179 4448 implenius
1216 4379 1554 4447 prophetiam
1588 4398 1600 4432 :
1637 4399 1656 4430 ‹
1687 4379 1928 4432 Circuivi
1960 4385 2014 4431 et

436 4469 710 4523 immolavi
743 4470 796 4522 in
837 4470 1196 4523 tabernaculo
1226 4469 1346 4538 ejus
1377 4470 1610 4524 hostiam
1638 4470 1816 4524 laudis
1846 4478 1901 4524 et
1924 4471 2015 4538 ju-

433 4559 715 4617 lilatiouis
745 4560 812 4616 “.
851 4580 869 4612 ›
918 4560 1097 4626 Quare
1135 4561 1189 4614 in
1228 4562 1334 4614 alio
1361 4561 1581 4630 eloquio
1613 4561 1806 4614 horum
1837 4561 2018 4615 erudi-

435 4660 525 4708 tus
556 4653 810 4723 populus,
835 4653 1027 4707 beatus
1055 4654 1385 4724 praadicatur
1407 4653 1492 4708 his
1525 4654 1706 4707 verbis
1731 4672 1742 4705 :
1766 4672 1785 4704 ς
1817 4653 2014 4709 Beatus

2123 3476 2220 3545 τὴν
2244 3474 2504 3528 πολύθεον
2556 3475 2764 3544 πλάνην
2820 3473 3291 3545 ᾐχμαλωτικότας,
3339 3470 3574 3524 ἐλαύνων
3618 3471 3713 3524 καὶ

2121 3565 2376 3636 πολεμῶν
2401 3567 2428 3618 ὁ
2457 3565 2646 3636 Σωτὴρ
2676 3564 2854 3634 ἡμῶν,
2915 3564 3009 3616 καὶ
3033 3562 3241 3624 πάντας
3289 3561 3435 3632 ἡμᾶς
3456 3561 3584 3621 τοὺς
3613 3561 3714 3612 αὑ-

2119 3657 2213 3709 τοῦ
2238 3656 2577 3727 στρατιώτας
2617 3657 2736 3709 κατ’
2767 3654 2945 3708 αὐτῶν
2971 3652 3207 3716 ὁπλίζει,
3241 3653 3464 3714 εἰκότως
3487 3649 3574 3702 διὰ
3604 3649 3712 3702 τῶν

2120 3747 2258 3820 πρὸς
2290 3749 2379 3800 τὸν
2401 3749 2532 3802 Θεὸν
2571 3749 2744 3818 εὐχῶν
2797 3747 3086 3810 ἀλαλάζειν
3143 3743 3494 3815 κελευόμεθα·
3527 3759 3716 3796 στενα-

2118 3843 2279 3910 γμοῖς
2337 3858 2395 3893 τε
2442 3840 2728 3910 ἀλαλήτοις
2766 3839 3139 3910 συμπράττειν
3188 3840 3252 3908 τῇ
3279 3837 3401 3907 νίκῃ
3430 3836 3523 3889 τοῦ
3552 3835 3716 3889 Βασι-

2117 3931 2253 3995 λέως
2282 3931 2457 4002 ἡμῶν.
2487 3931 2698 3984 Γίνεται
2717 3931 2774 3982 δέ
2803 3932 2832 3984 ὁ
2858 3929 3172 3999 ἀλαλαγμὸς
3196 3927 3261 3980 δι’
3279 3926 3476 3995 εὐχῶν,
3504 3925 3712 3992 γίνεται

2119 4023 2211 4076 καὶ
2233 4022 2321 4076 διὰ
2356 4021 2653 4090 θεολογίας,
2677 4018 2886 4088 γίνεται
2922 4018 2978 4071 δὲ
3011 4019 3106 4072 καὶ
3158 4017 3224 4068 δι’
3256 4015 3444 4084 ὑγιοῦς
3492 4015 3585 4068 καὶ
3629 4030 3716 4064 τε-

2117 4113 2472 4186 τρανωμένης
2501 4111 2776 4180 γνώσεως,
2809 4111 3015 4178 γίνεται
3042 4109 3135 4163 καὶ
3165 4107 3253 4161 διὰ
3275 4107 3372 4178 τῆς
3409 4121 3712 4174 πνευματι-

2118 4206 2219 4276 κῆς
2257 4204 2590 4275 ἱερουργίας,
2643 4204 2709 4273 ἣν
2775 4203 2831 4253 ἐν
2865 4204 2986 4265 ταῖς
3043 4199 3419 4270 εὐχαριστίαις
3452 4195 3595 4249 κατά
3647 4193 3714 4248 τά

2123 4295 2395 4364 μυστήρια
2417 4293 2516 4362 τῆς
2540 4291 2750 4360 Καινῆς
2778 4289 3052 4360 Διαθηκης
3087 4288 3206 4342 καθ’
3241 4287 3368 4356 ὅλης
3413 4285 3512 4355 τῆς
3533 4288 3712 4338 οἰκου-

2123 4385 2289 4455 μένης
2321 4382 2696 4453 ἐπιτελοῦμεν,
2745 4382 3000 4452 ὁπηνίκα,
3027 4380 3126 4449 τῆς
3159 4378 3348 4441 Ουσίας
3377 4377 3471 4429 τοῦ
3515 4375 3713 4446 Ἀμνοῦ

2116 4475 2210 4528 τοῦ
2240 4476 2378 4528 Θεοῦ
2403 4475 2502 4546 τὴν
2530 4475 2835 4545 ἀνάμνησιν
2871 4473 3206 4543 ποιούμενοι,
3246 4471 3343 4542 τὴν
3379 4469 3714 4540 προφητείαν

2118 4566 2433 4638 πληροῦμεν
2466 4567 2563 4637 τὴν
2611 4567 2945 4634 φάσκουσαν·
2991 4584 3008 4614 ι
3034 4563 3350 4616 Ἐκύκλωσα
3402 4562 3497 4615 καὶ
3538 4560 3704 4614 ἔθυσα

2118 4660 2175 4710 ἐν
2200 4661 2265 4729 τῇ
2303 4661 2472 4729 σκηνῇ
2500 4656 2663 4710 αὑτοῦ
2697 4657 2887 4710 θυσίαν
2910 4655 3170 4718 αἰνέσεως
3218 4653 3311 4706 καὶ
3343 4648 3708 4721 ἀλαλαγμοῦ.»

435 4746 667 4814 populus
692 4746 784 4815 qui
831 4747 934 4799 scil
964 4746 1347 4813 jubilationem
1373 4745 1440 4800 ⁸⁵.
1479 4765 1497 4796 ι
1535 4744 1649 4798 Hoc
1684 4745 1869 4815 itaque
1901 4748 2010 4818 pri-

2123 4750 2210 4802 Διὸ
2243 4750 2335 4802 καὶ
2367 4750 2552 4820 ἓτερον
2591 4749 2768 4817 λόγιον
2800 4749 2891 4801 τὸν
2943 4747 3148 4800 τούτων
3201 4745 3541 4812 ἐπιστήμονα
3587 4739 3714 4793 λαὸν

436 4853 606 4900 mum,
652 4839 1048 4893 utnecessario
1095 4838 1486 4906 prazstandum,
1523 4853 1714 4892 omnes
1769 4839 2018 4896 homines

437 4927 673 5000 Spiritus
697 4939 919 4986 sam-tus
949 4947 1107 5001 agere
1129 4929 1281 4999 jubet
1304 4930 1494 4984 dicens
1527 4947 1539 4983 :
1572 4951 1589 4980 ‹
1617 4929 1853 4984 Jubilate
1883 4929 2016 4996 Deo,

436 5023 616 5076 oumis
653 5033 818 5076 terra.
855 5041 874 5072 ι
913 5022 1187 5087 Secundo,
1220 5022 1453 5092 psallere
1485 5022 1692 5076 nomini
1731 5022 1851 5091 ejus
1881 5037 2018 5091 prae—

436 5114 588 5181 cipit.
651 5114 795 5182 quod
842 5129 872 5166 a
923 5114 1084 5168 nobis
1127 5113 1384 5168 omnibus
1438 5115 1492 5167 in
1544 5113 1680 5167 locis
1729 5114 2012 5168 observari

437 5213 758 5258 consuetum
793 5214 895 5259 est.
921 5204 1054 5258 Nam
1089 5206 1141 5258 in
1177 5208 1434 5261 omnibus
1467 5204 1562 5258 Dei
1595 5205 1846 5260 ecclesiis
1874 5203 2018 5274 apud

437 5304 624 5363 gentes
669 5297 1008 5359 constitutis,
1051 5297 1166 5351 lucc
1204 5299 1323 5368 ipsa
1364 5296 1634 5350 modulari
1669 5303 1723 5350 et
1761 5297 2014 5366 psallere,

439 5400 548 5437 non
589 5385 791 5440 Grmcis
818 5395 1050 5450 tantum,
1087 5389 1182 5443 sed
1213 5391 1376 5443 etiam
1402 5389 1651 5445 barbaris
1682 5389 2014 5458 praecipitur.

439 5476 587 5531 Alias
639 5495 891 5548 quoque,
948 5482 1219 5551 allegoriae
1252 5485 1393 5548 ritu,
1446 5497 1649 5550 corpus
1697 5481 2018 5547 humanum,

441 5568 584 5634 quod
619 5586 715 5624 ceu
750 5572 1175 5628 instrumei‘itum
1209 5576 1405 5628 anima:
1441 5575 1702 5627 traditum
1731 5581 1834 5638 est,
1871 5575 2019 5642 psal-

441 5658 638 5712 teriam
697 5663 882 5716 vocari
933 5665 1073 5718 solet
1117 5683 1128 5718 :
1171 5681 1279 5735 quo
1311 5680 1436 5719 cum
1495 5665 1747 5734 pulsatur
1789 5664 2018 5718 interior

545 5782 594 5813 “
617 5779 762 5838 l’sal.
804 5796 952 5848 ιινι,
982 5782 1036 5838 6.
1115 5783 1159 5817 δ’
1189 5783 1334 5840 Psal.
1373 5799 1637 5846 Lxxxvm,
1684 5782 1770 5836 l6.

2130 4841 2424 4914 μακαρίζει
2483 4841 2713 4911 φάσκονο
2758 4859 2775 4891 ‹
2804 4839 3090 4910 Μακάριος
3117 4839 3146 4890 ὁ
3175 4836 3304 4898 λαὸς
3353 4836 3380 4886 ὁ
3431 4830 3715 4900 γινώσκων

2125 4931 2492 5002 ἀλαλαγμὸν.»
2554 4930 2726 4983 Τοῦτο
2779 4930 2844 4998 δὴ
2901 4924 2993 4981 οὖν
3051 4925 3267 4997 πρῶτον
3313 4920 3627 4988 ἀναγκαίως
3657 4915 3717 4969 τὸ

2124 5025 2460 5096 προφητικὸν
2491 5023 2714 5093 Πνεῦμα
2743 5024 2907 5076 πᾶσιν
2940 5019 3249 5092 ἀνθρώποις
3306 5016 3568 5088 πράττειν
3601 5011 3717 5064 δια-

2123 5116 2398 5170 κελεύεται
2429 5115 2652 5184 φάσκονο
2681 5135 2698 5165 ι
2724 5113 3051 5178 Ἀλαλάξατε
3078 5112 3156 5183 τῷ
3184 5109 3326 5179 Θεῷ,
3347 5110 3499 5161 πᾶσα
3531 5105 3672 5172 ἡγῇ.
3694 5126 3708 5151 ι

2121 5206 2255 5263 Εἶτα
2282 5208 2540 5278 δεύτερον
2573 5207 2795 5277 ψάλλειν
2821 5206 2898 5277 τῷ
2923 5207 3147 5277 ὀνόματι
3177 5201 3342 5256 αὑτοῦ
3366 5198 3710 5270 προστάττει·

2121 5303 2148 5354 ὃ
2179 5301 2273 5355 καὶ
2302 5301 2433 5354 αὑτὸ
2469 5299 2611 5352 κατὰ
2642 5301 2818 5353 πάντα
2844 5299 3009 5352 τόπον
3039 5297 3227 5350 εἴωθεν
3263 5293 3351 5360 ὑφ’
3386 5289 3544 5360 ἡμῶν
3593 5290 3706 5340 ἐπι-

2120 5393 2408 5445 τελεῖσθαι.
2453 5391 2604 5443 Ἐπεὶ
2653 5391 2794 5443 κατά
2849 5392 3030 5443 πᾶσαν
3094 5377 3388 5456 ἐκκλησίαν
3437 5381 3531 5434 τοῦ
3579 5377 3714 5430 Θεοῦ

2121 5486 2219 5556 τὴν
2270 5488 2326 5538 ἐν
2388 5488 2499 5547 τοῖς
2558 5483 2767 5537 ἔθνεσιν
2840 5483 3164 5554 ἱδρυμένην,
3220 5478 3358 5532 αὑτὰ
3411 5476 3474 5544 ἰὴ
3542 5469 3715 5524 ταῦτα

2129 5576 2479 5647 μελῳδεῖσθαι
2514 5575 2607 5628 καὶ
2639 5575 2953 5645 ψάλλεσθαι,
2976 5577 3075 5644 οὑχ
3101 5573 3325 5642 Ἕλλησι
3359 5570 3560 5641 μόνοις,
3581 5560 3716 5617 ἀλλὰ

2125 5669 2216 5722 καὶ
2253 5669 2544 5739 βαρϐάροις
2602 5668 2984 5738 παραδέδοται.
3037 5666 3144 5720 Καὶ
3197 5665 3369 5726 άλλως
3415 5660 3492 5726 δὲ,
3525 5657 3715 5726 ’δόμοις
