4142 6388
428 370 534 427 649

1562 374 2067 433 COMMENTARIA
2109 377 2174 431 IN
2214 378 2557 435 PSALMOS.

3588 385 3695 442 650

425 488 775 559 ἀλληγορίας,
812 490 871 543 τὸ
906 490 1064 563 σῶμα
1089 492 1150 545 τὸ
1172 491 1527 564 ἀνθρώπειον,
1562 495 1750 566 ὥσπερ
1784 497 2009 566 ὄργανον

2114 497 2298 559 homo.
2332 498 2575 553 membra
2605 505 2659 551 et
2688 512 2883 553 sensus
2905 512 3024 567 ejus
3043 498 3181 556 scite
3206 498 3313 571 legi
3344 499 3440 558 Dei
3462 503 3695 571 psallere

422 583 491 652 τῇ
523 580 668 651 ψυχῇ
702 580 1004 652 δεδομένον,
1056 584 1354 655 ψαλτήριον
1406 584 1596 639 εἴωθεν
1630 586 2009 657 ὀνομάζεσθαι·

325 705 329 713 ι
422 674 490 726 δι’
519 665 580 725 οῦ
615 674 643 725 ὁ
668 673 797 725 εἴσω
826 673 1132 745 ἄνθρωπος,
1152 676 1608 746 ἀνακρουόμενος,
1638 679 2016 748 ἐπιστημόνως

421 770 492 823 τὰ
524 768 661 839 μέλη
694 770 787 822 καὶ
809 769 877 822 τά
910 769 1243 843 αἰσθητήρια
1268 772 1347 842 τῷ
1368 773 1517 843 νόμῳ
1536 771 1629 825 τοῦ
1649 771 1784 824 Θεοῦ
1818 772 2014 840 λέγοιτ’

422 861 488 916 ἂν
517 862 743 925 έίκότως
766 861 1008 930 ψάλλειν.
1046 863 1126 917 Ti
1150 864 1248 935 μέν
1282 861 1374 918 οῦν
1404 866 1501 936 τῆς
1526 863 1778 933 γνώσεως
1810 866 1902 919 καὶ
1928 867 2017 919 διὰ

423 952 517 1006 τοῦ
550 953 866 1025 ἀλαλαγμοῦ
898 957 1036 1027 αὐτὴ
1066 956 1188 1009 καθ’
1224 957 1424 1027 ἑαυτὴν
1454 960 1486 1029 ή
1529 957 1674 1029 ψυχὴ
1709 958 2012 1030 κατώρθου·

422 1046 501 1099 διὸ
534 1047 684 1117 αὐτῷ
712 1047 789 1117 τῷ
822 1048 942 1118 Θεῷ
973 1049 1228 1119 amase-
1250 1050 1319 1103 τὰ
1347 1051 1403 1104 δέ
1425 1050 1519 1104 τοῦ
1551 1051 1773 1120 ψάλλειν
1801 1052 1889 1106 διὰ
1918 1054 2017 1124 τῆς

422 1140 518 1193 τοῦ
552 1140 804 1211 σώματος
828 1141 1026 1211 ήθικῆς
1043 1144 1133 1195 καὶ
1158 1143 1467 1213 πρακτικῆς
1490 1144 1757 1214 κινήσεως
1784 1146 2013 1217 ἐνεργεῖ·

422 1234 504 1287 διὸ
531 1233 801 1287 λέλεκται·
836 1252 855 1285 ι
893 1233 981 1303 Τῷ
1005 1235 1227 1305 ὀνόματι
1281 1234 1467 1289 αὐτοῦ.
1512 1255 1529 1287 ι
1569 1236 1856 1308 Εὐφημίαν
1909 1238 2016 1310 γὰρ

422 1326 501 1397 τῷ
532 1326 625 1378 τοῦ
655 1325 790 1378 Θεοῦ
815 1326 1038 1395 ὀνόματι
1074 1328 1229 1397 φέροι
1283 1327 1350 1381 ἂν
1402 1329 1435 1398 ἡ
1478 1326 1569 1380 διὰ
1626 1328 1735 1381 τῶν
1766 1329 2018 1401 πράξεων

422 1422 536 1482 τοῖς
571 1418 786 1482 πολλοῖς
818 1417 1169 1489 θεωρουμένη
1199 1419 1557 1491 κατόρθωσις.
1595 1421 1704 1474 Καὶ
1728 1421 1911 1493 τρίτον
1938 1423 2014 1487 δὲ,

424 1511 752 1583 πρόσταγμα
778 1512 941 1564 πᾶσιν
975 1512 1105 1582 ἡμῖν
1132 1514 1246 1575 τοῖς
1292 1512 1349 1578 ἐξ
1382 1511 1551 1565 ἐθνῶν
1584 1514 1674 1565 τὸν
1710 1513 1841 1567 Θεὸν
1892 1516 2019 1566 ἐπε-

421 1605 659 1671 γνωκόσι
713 1605 1111 1676 παρήγγελται,
1146 1606 1207 1657 τὸ
1253 1605 1475 1659 κελεῦον
1515 1606 1716 1660 διδόναι
1768 1607 1925 1672 δόξαν
1955 1609 2015 1659 οὐ

422 1696 500 1766 τῷ
526 1696 665 1767 Θεῷ,
698 1698 939 1768 ἀπήρκει
971 1696 1080 1768 γὰρ
1107 1696 1395 1761 ἀλαλάζειν
1440 1698 1607 1769 αὐτῷ’
1646 1698 1759 1752 ἀλλ’
1789 1700 1907 1752 οὐδὲ
1940 1699 2016 1769 τῷ

422 1788 645 1860 ὀνόματι
677 1788 866 1851 αὐτοῦ,
890 1788 1064 1859 τούτῳ
1116 1788 1225 1861 γὰρ
1257 1789 1481 1858 ψάλλειν
1520 1790 1905 1862 ὲκελευόμεθα·
1945 1794 2013 1861 τῇ

2112 592 2237 659 jure
2266 591 2545 645 dicantur.
2572 588 2704 656 Quae
2732 589 2899 660 igitur
2928 589 2993 644 ad
3022 592 3386 662 cognitionem
3421 595 3696 663 pertinent

2118 683 2299 737 anima
2352 684 2405 737 in
2463 683 2640 753 seipsa
2688 698 2785 753 per
2833 683 3213 753 jubilationem
3270 689 3695 757 exsequebatur,

2118 772 2475 841 quamobrem
2508 772 2613 842 ipsi
2645 771 2755 827 Deo
2776 771 3077 840 jubilabat;
3112 788 3207 842 per
3240 786 3567 833 consuetum
3598 796 3697 835 au-

2116 862 2226 918 tem
2251 864 2468 935 corpori
2496 863 2688 935 agendi
2717 873 2924 918 motum
2951 865 3217 935 psallendi
3250 868 3417 923 ritum
3439 885 3700 941 exseque-

2118 957 2322 1011 batur:
2355 972 2524 1026 quare
2553 956 2753 1011 dicitur
2808 976 2821 1012 :
2876 974 2894 1008 ι
2952 956 3169 1013 Nomini
3212 961 3351 1029 ejus.
3401 982 3420 1014 ι
3458 961 3698 1019 Laudem

2119 1050 2324 1118 quippe
2368 1049 2576 1103 nomini
2631 1048 2725 1103 Dei
2760 1050 3056 1105 conciliant
3103 1062 3251 1108 recte
3299 1053 3464 1121 facta,
3510 1073 3632 1128 quas
3665 1072 3697 1111 a

2121 1140 2307 1193 multis
2336 1140 2775 1209 conspiciuntur.
2809 1138 3014 1206 Tertio,
3040 1142 3357 1198 mandatum
3391 1148 3550 1204 nobis
3576 1164 3700 1202 om-

2120 1229 2307 1294 nibus,
2341 1229 2437 1299 qui
2467 1244 2533 1283 ex
2565 1229 2822 1299 gentibus
2853 1228 2920 1282 ad
2958 1228 3050 1284 Dei
3093 1232 3459 1301 cognitionem
3510 1250 3700 1291 acces-

2121 1324 2329 1386 simus,
2369 1323 2629 1375 traditum
2679 1332 2785 1385 est,
2836 1336 2944 1392 quo
2987 1322 3245 1391 juhemur
3284 1326 3513 1395 gloriam
3545 1328 3698 1393 dare,

2120 1425 2231 1463 non
2267 1408 2377 1465 Deo
2398 1449 2411 1474 ,
2439 1410 2572 1465 satis
2604 1410 2748 1464 enim
2779 1417 2898 1465 erat
2922 1411 3159 1481 juhilare
3182 1414 3317 1484 ipsi;
3344 1432 3453 1470 non
3488 1421 3698 1474 nomini

2120 1502 2260 1570 ejus,
2293 1501 2419 1556 huic
2453 1504 2597 1557 enim
2640 1503 2874 1570 psallere
2914 1504 3205 1573 jubemur,
3234 1507 3330 1561 sed
3383 1509 3529 1563 laudi
3555 1513 3698 1579 ejus.

2120 1591 2431 1649 Laudantes
2470 1595 2617 1649 enim
2648 1596 2826 1663 ipsum
2862 1611 2959 1665 par
2990 1603 3074 1650 est
3109 1612 3215 1651 non
3265 1598 3566 1665 humiliter,
3599 1618 3702 1658 nec

2121 1686 2239 1740 sine
2264 1684 2438 1754 gloria
2465 1684 2520 1737 id
2553 1700 2731 1754 agere,
2764 1684 2859 1740 sed
2886 1701 3082 1756 magno
3117 1702 3242 1741 cum
3275 1688 3483 1745 honore
3511 1700 3564 1746 et
3584 1692 3703 1762 glo-

2122 1778 2224 1831 ria.
2267 1777 2548 1848 Siquidem
2604 1789 2799 1849 praeter
2848 1780 3219 1850 cognitionem
3265 1781 3360 1838 Dei
3414 1784 3470 1838 in
3519 1796 3702 1840 mente

423 1880 479 1933 δὲ
506 1848 709 1934 ἀίνέσει
739 1848 925 1934 αὐτοῦ.
952 1848 1245 1945 Λίνοῦντας
1272 1848 1385 1953 γὰρ
1438 1882 1600 1936 αὐτὸν
1645 1848 1910 1954 προῡσήκει
1941 1848 2009 1954 μῆ

2118 1870 2373 1933 deﬁxam,
2400 1886 2523 1941 quae
2553 1848 2651 1941 per
2679 1848 3107 1927 instrumentum
3130 1874 3461 1940 celebratur,
3494 1891 3592 1947 par
3616 1884 3700 1932 est

422 1972 715 2037 ταπεινῶς,
751 1974 884 2043 μηδέ
915 1972 1118 2037 ἀδόξως
1150 1975 1341 2037 αἰνεῖν,
1391 1974 1488 2027 σύν
1550 1974 1719 2046 πολλῇ
1769 1976 1827 2029 δέ
1881 1978 2013 2047 τιμῇ

423 2065 518 2119 καὶ
544 2064 690 2137 δόξῃ.
727 2064 872 2136 Πρὸς
901 2064 1011 2136 γὰρ
1038 2066 1104 2135 τῇ
1140 2064 1279 2117 κατὰ
1307 2064 1546 2118 διάνοιαν
1576 2066 1867 2139 ἐρρωμένη
1887 2066 2015 2137 περὶ

422 2160 557 2213 Θεοῦ
592 2158 791 2228 γνώσει
825 2159 890 2212 δι’
924 2159 1159 2231 ὀργάνου
1191 2158 1606 2233 κατορθουμένῃ
1631 2160 2015 2231 προσήκεικαὶ

421 2248 510 2304 διὰ
535 2248 707 2317 λόγων
731 2248 890 2302 θείων
919 2251 1102 2313 αἴνους
1132 2250 1226 2302 καὶ
1267 2248 1470 2321 ὐμνους
1498 2250 1625 2314 τοὺς
1659 2252 1740 2315 εἰς
1770 2250 1863 2305 τὸν
1883 2251 2015 2305 Θεὸν

424 2344 783 2415 περιεχόντων
840 2346 938 2399 σὺν
972 2344 1229 2416 εὐλαϐείᾳ
1282 2345 1377 2398 καὶ
1438 2343 1722 2415 σεϐασμίῳ
1772 2346 1905 2415 τιμῇ
1953 2345 2014 2397 τὸ

424 2435 639 2506 πρῶτον
667 2436 1020 2508 ἀποπληροῦν
1055 2438 1405 2509 πρόσταγμα.
1432 2437 1523 2489 Διὸ
1550 2436 1816 2490 λέλεκται·
1844 2454 1862 2487 ι
1886 2437 2013 2490 Δότε

421 2527 578 2592 δόξαν
594 2527 797 2581 αἰνέσει
818 2526 1005 2580 αὐτοῦ·
1049 2547 1067 2580 ι
1093 2528 1126 2598 ἢ
1151 2528 1290 2581 κατὰ
1312 2528 1402 2580 τὸν
1432 2525 1688 2593 Ἀκύλαν,
1726 2545 1745 2578 ‹
1771 2528 1899 2580 Δότε
1932 2527 2016 2579 δό-

423 2620 521 2686 ξαν
557 2621 789 2692 ὑμνήσει
820 2618 1039 2672 αὐτοῦ’»
1060 2620 1094 2690 ἢ
1125 2620 1267 2673 κατὰ
1294 2620 1385 2672 τὸν
1413 2619 1728 2690 Σύμμαχον,
1765 2639 1783 2671 ‹
1805 2619 2013 2685 Τάξατε

422 2714 504 2774 εἰς
534 2712 699 2783 τιμὴν
732 2712 823 2765 τὸν
856 2710 1025 2783 ὐμνον
1073 2711 1296 2766 αὐτοῦ.»
1347 2712 1470 2764 Ἔτι
1530 2711 1670 2782 πρὸς
1713 2712 1924 2776 τούτοις
1955 2712 2015 2765 τὸ

423 2803 648 2875 Πνεῦμα
681 2804 742 2856 τὸ
772 2802 1111 2875 προφητικὸν
1172 2803 1605 2875 παρακελεύεται
1659 2805 1828 2858 πᾶσιν
1882 2806 2014 2875 ἡμῖν

421 2896 848 2969 τεθεωρημένως
876 2884 1223 2961 ἐνοιτενίζζεινΔ
1254 2898 1367 2960 τοῖς
1398 2896 1580 2969 ἔργοις
1611 2896 1706 2950 τοῦ
1730 2895 1887 2961 Θεοῦ,
1920 2897 2014 2950 καὶ

421 2989 515 3043 τὸν
537 2990 661 3044 νοῦν
690 2991 936 3060 ἐφιστᾷν,
964 2991 1113 3052 ὅπως
1162 2989 1328 3059 φόϐου
1386 2990 1479 3042 καί
1525 2988 1839 3061 ἐκπλήξεως
1869 2990 2015 3063 γέμῃ

420 3081 490 3135 τὰ
521 3083 619 3152 τῆς
671 3084 864 3151 σοφίας
916 3080 1078 3135 αὐτοῦ
1116 3081 1630 3153 μεγαλουργήματα.
1672 3100 1691 3132 ‹
1734 3082 1827 3134 Ἐκ
1853 3082 2013 3153 μεγέ-

422 3173 548 3237 (cu;
576 3172 683 3244 γὰρ
732 3172 824 3226 καὶ
882 3172 1146 3242 καλλονῆς
1196 3172 1508 3243 κτισμάτων
1567 3171 1841 3242 ἀναλόγως
1868 3174 1895 3225 ό
1928 3190 2014 3242 γε·
2041 3209 2083 3267 C

421 3265 733 3337 νεσιουργὸς
759 3264 1062 3334 θεωρεῖται·
1106 3284 1125 3315 ι
1148 3266 1273 3319 καί·
1300 3285 1317 3315 ι
1351 3264 1429 3318 Τὰ
1457 3264 1663 3339 ἀόρατα
1692 3264 1856 3318 αὐτοῦ
1902 3266 2010 3319 ἀπὸ

421 3356 651 3419 δ’τίσεως
680 3356 886 3427 κόσμου
919 3358 1032 3419 τοῖς
1081 3359 1347 3429 ποιήμασι
1383 3357 1649 3428 νοούμενα
1688 3357 2004 3429 καθορᾶται·

418 3447 455 3518 ἥ
483 3463 543 3501 τε
570 3447 737 3510 ἀΐδιος
772 3446 936 3499 αὐτοῦ
981 3446 1212 3518 δύναμις
1258 3448 1352 3500 καὶ
1410 3448 1645 3521 θειότης.
1670 3468 1688 3501 ι
1720 3448 1888 3503 Ταῦτ’
1914 3446 2009 3503 οῦν

419 3537 785 3610 θεωροῦντας,
827 3539 1372 3611 ὑπερεκπλήττεσθαι
1428 3540 1527 3606 δεῖ,
1585 3543 1680 3595 καὶ
1718 3542 1895 3612 λέγειν
1930 3542 2009 3614 τῷ

418 3631 560 3702 Θεῷ*
600 3651 619 3684 ι
655 3632 743 3696 Ὦς
772 3632 981 3705 φοϐερά
1015 3634 1083 3685 τὰ
1109 3631 1246 3705 ἔργα
1269 3650 1417 3687 σου.»
1452 3633 1738 3705 Ἀλλ’ἠμῖν
1774 3635 1873 3705 μὲν
1896 3637 2009 3700 τοῖς

418 3724 525 3777 ὑπὸ
554 3724 648 3777 σοῦ
688 3724 1122 3795 πεφωτισμένοις
1153 3724 1419 3795 ἔγνωσται
1440 3727 1532 3779 καὶ
1557 3726 1913 3797 κατείληπται
1939 3727 2007 3781 τὰ
2040 3792 2047 3800 ι

417 3814 555 3887 ἔργα
589 3832 681 3868 σου
710 3816 838 3869 ὄντα
868 3815 1094 3887 φοϐερά·
1131 3817 1180 3869 οί
1210 3816 1265 3869 δὲ
1291 3816 1476 3890 ἐχθροί
1508 3834 1601 3870 σου
1626 3820 1681 3870 ἐν
1702 3818 1878 3889 σκότῳ
1910 3836 2008 3872 κα-

416 3908 774 3980 λινδούμενοι,
812 3909 915 3963 κᾶν
949 3909 1177 3963 ἐθέλωσί
1213 3928 1343 3963 ποτε
1377 3911 1633 3983 περὶτῶν
1668 3913 1774 3967 σῶν
1829 3912 2005 3985 ἔργων

415 4001 689 4066 διεξιέναι,
724 4003 817 4055 καὶ
843 4002 1034 4071 λόγους
1058 4003 1133 4066 ὡς
1164 3998 1272 4055 οἷόν
1304 4021 1363 4055 τε
1390 4005 1649 4073 φυσικοὺς
1677 4004 2003 4070 ἀποδιδόναι,

419 4094 636 4166 μακρὰν
673 4096 1043 4149 ἀποπίπτουσι
1063 4095 1156 4147 τοῦ
1184 4094 1417 4166 πλήθους
1440 4097 1540 4167 τῆς
1576 4097 1675 4168 σῆς
1701 4097 2001 4169 δυνάμεως,

414 4184 579 4241 οὐδὲν
602 4188 753 4257 ὐγιὲς
786 4188 905 4241 οὐδέ
942 4187 1141 4258 ἀληθὲς
1171 4187 1385 4258 ἔχοντες
1431 4189 1629 4258 λέγειν.
1662 4191 1753 4243 Διό
1802 4208 1998 4262 φαμενο

421 4296 441 4328 ι
464 4280 551 4331 Ἐν
585 4278 662 4350 τῷ
693 4280 889 4351 πλήθει
918 4281 1017 4351 τῆς
1047 4280 1328 4351 δυνάμεώς
1387 4298 1480 4335 σου
1525 4280 1816 4351 ψεύσονται
1861 4299 1921 4335 σε
1954 4285 2002 4336 οί

414 4371 601 4441 ἐχθροί
637 4389 751 4425 σου.
790 4374 948 4425 Πᾶσα
1000 4374 1033 4443 ἡ
1068 4374 1141 4444 γῆ
1205 4375 1739 4446 προσκυνησάτωσάν
1795 4391 1874 4428 σοι
1909 4376 2002 4428 καὶ

412 4462 741 4531 ψαλάτωσάν
776 4481 879 4528 σοι,
915 4464 1242 4534 ψαλάτωσαν
1274 4465 1350 4537 τῷ
1374 4466 1597 4536 ὀνόματί
1629 4484 1742 4520 σου.
1767 4468 2002 4537 Διάψαλ-

2117 1964 2281 2018 etiam
2343 1962 2547 2018 divinis
2593 1964 2941 2019 sermonibus
2979 1965 3167 2021 laudes
3218 1976 3273 2023 et
3324 1968 3556 2040 hymnos
3605 1969 3697 2025 Dei

2117 2054 2605 2124 complectentibus
2633 2072 2756 2110 cum
2781 2056 2980 2126 pietate
2998 2073 3061 2112 ac
3080 2060 3428 2115 veneratione
3463 2061 3697 2131 primum

2117 2156 2449 2217 praeceptum
2473 2148 2717 2217 implere.
2747 2147 2928 2215 Quare
2959 2149 3166 2204 dictum
3195 2158 3280 2207 est
3315 2170 3327 2206 :
3361 2170 3379 2203 ι
3420 2151 3552 2208 Date
3577 2154 3696 2224 glo-

2118 2239 2254 2291 riam
2280 2239 2429 2294 laudi
2457 2241 2610 2309 ejus;
2656 2260 2676 2293 ι
2718 2243 2824 2309 vel,
2853 2243 3156 2297 secundum
3182 2243 3434 2315 Aquilam
3459 2263 3471 2298 :
3519 2264 3536 2297 ι
3565 2245 3696 2301 Date

2116 2329 2344 2398 gloriam
2364 2329 2582 2401 hymnis
2597 2330 2717 2400 ejus
2737 2351 2752 2397 ς
2779 2351 2797 2383 ι
2820 2333 2926 2397 vel,
2951 2333 3253 2388 secundum
3272 2333 3658 2405 Symmachum
3679 2352 3693 2388 :

2122 2440 2139 2471 ι
2173 2422 2505 2479 Constituite
2536 2424 2591 2478 in
2623 2424 2886 2479 honorem
2916 2425 3182 2496 hymnum
3217 2427 3359 2498 ejus.
3402 2448 3421 2481 ι
3452 2429 3533 2483 Ad
3580 2430 3694 2485 haec

2116 2530 2244 2569 vero
2273 2515 2514 2585 Spiritus
2541 2517 2895 2587 propheticus
2922 2518 3080 2588 jubet
3113 2534 3215 2574 nos
3248 2534 3441 2578 omnes
3487 2529 3694 2578 attento

2118 2609 2300 2663 animo
2328 2624 2495 2679 opera
2526 2609 2620 2665 Dei
2655 2611 3027 2677 considerare,
3059 2619 3222 2683 atque
3250 2622 3432 2670 mente
3462 2630 3692 2685 perpen-

2115 2699 2264 2764 dere,
2296 2716 2407 2770 quo
2442 2708 2601 2771 pacto
2630 2717 2827 2773 magna
2849 2703 3134 2774 sapientiae
3162 2705 3310 2763 illius
3334 2721 3500 2779 opera
3536 2710 3683 2765 timo

2118 2804 2229 2843 rem
2266 2800 2653 2861 stuporemque
2684 2791 2943 2847 inferant.
2984 2811 3003 2845 ι
3036 2792 3172 2848 Nam
3212 2810 3280 2851 ex
3323 2798 3693 2869 magnitudine

2114 2894 2167 2937 et
2208 2883 2617 2952 pulchritudine
2656 2892 3041 2941 creaturarum
3078 2891 3435 2959 proportione
3458 2893 3692 2962 quadam

2115 2973 2296 3043 Opifex
2338 2975 2664 3047 intelligitur
2701 2977 2783 3044 ‘°;
2825 2998 2844 3031 ι
2880 2986 2979 3034 et:
3017 2999 3039 3032 ι
3089 2979 3392 3038 Invisibilia
3437 2986 3610 3056 ipsius
3663 3002 3692 3040 a

2115 3073 2372 3121 creatura
2415 3069 2626 3133 mundi,
2672 3084 2770 3140 per
2799 3085 2864 3125 ea
2890 3086 3012 3142 qua:
3036 3071 3181 3129 facta
3210 3083 3360 3141 sunt,
3391 3076 3692 3145 intellecta,

2116 3160 2553 3229 conspiciuntur,
2610 3162 2943 3233 sempiterna
2991 3182 3211 3238 quoque
3267 3168 3389 3239 ejus
3430 3169 3607 3227 virtus
3640 3179 3692 3227 et

2114 3250 2376 3307 divinitas
2396 3251 2463 3308 ⁸⁷.
2500 3271 2519 3306 ι
2538 3252 2679 3335 ΔΗιιιιι
2703 3259 3156 3329 contemplantes,
3181 3269 3406 3333 stupore
3431 3263 3569 3319 allici
3595 3280 3690 3335 par

2111 3350 2214 3407 est,
2255 3357 2321 3398 ac
2346 3332 2667 3401 diccreADco
2698 3363 2711 3399 :
2744 3366 2762 3399 ι
2800 3349 2974 3415 Quam
3006 3332 3285 3407 terribilia,
3301 3368 3467 3424 opera
3497 3332 3623 3409 tua!
3667 3374 3688 3409 ι

2114 3432 2219 3490 Sed
2252 3449 2283 3489 a
2314 3437 2473 3493 nobis
2503 3438 2725 3509 quidem
2758 3441 2857 3497 abs
2891 3450 2944 3499 te
2982 3444 3306 3502 illuminatis
3335 3448 3692 3519 cognoscitur

2109 3535 2165 3583 et
2191 3529 2675 3598 comprehenditur
2695 3548 2863 3603 opera
2886 3542 2977 3589 tua
3008 3537 3275 3592 terribilia
3309 3553 3450 3595 esse.
3478 3538 3689 3596 Inimici

2110 3635 2241 3675 vero
2271 3622 2348 3676 tui
2386 3623 2441 3676 in
2477 3625 2716 3681 tenebris
2744 3628 2997 3693 volutati,
3037 3630 3253 3687 etiamsi
3296 3647 3688 3703 nonnunquam

2108 3714 2277 3769 velint
2305 3715 2374 3770 de
2411 3718 2672 3787 operibus
2716 3720 2832 3775 tuis
2864 3721 3028 3776 verba
3059 3721 3258 3789 facere,
3300 3725 3689 3796 naturalesque

2108 3821 2390 3863 sermones
2427 3824 2529 3879 pro
2562 3809 2825 3866 facultate
2879 3820 3082 3877 texere,
3133 3813 3293 3886 longe
3344 3816 3603 3871 aberrant
3658 3832 3686 3870 a

2107 3898 2483 3969 magnitudine
2512 3902 2736 3959 virtutis
2782 3911 2912 3971 tuae,
2957 3906 3203 3977 nihilque
3243 3922 3461 3975 sanum,
3496 3925 3683 3967 verum

2104 3991 2241 4046 nihil
2270 3992 2463 4049 efferre
2500 3996 2699 4051 valent.
2742 3994 2927 4063 Quare
2967 3998 3203 4056 dicimus
3238 4019 3253 4057 :
3289 4019 3307 4052 ε
3347 4001 3403 4055 In
3434 4003 3681 4058 multitu-

2105 4084 2233 4140 dine
2262 4086 2480 4141 virtutis
2504 4094 2614 4143 tua:
2644 4090 2979 4145 mentiantur
2998 4093 3098 4147 tibi
3131 4093 3341 4148 inimici
3366 4095 3468 4150 tui.
3496 4094 3682 4151 Omnis

2103 4182 2248 4231 terra
2274 4176 2463 4233 adoret
2488 4188 2557 4243 te,
2581 4188 2636 4236 et
2659 4182 2856 4251 psallat
2875 4184 2994 4249 tibi,
3020 4184 3290 4255 psalmum
3309 4185 3455 4241 dicat
3478 4188 3689 4243 nomini

2104 4277 2218 4325 tuo.
2274 4270 2600 4340 Diapsalma.
2634 4292 2652 4324 ι
2709 4273 2901 4330 Priora
2958 4278 3178 4347 quidem
3219 4287 3491 4352 praecepta
3538 4282 3689 4335 omni

2104 4367 2281 4424 terrae,
2314 4363 2567 4419 videlicet
2609 4368 2867 4423 omnibus
2903 4370 3178 4439 gentibus,
3228 4373 3547 4442 prophetice
3577 4383 3690 4428 tra-

2098 4452 2215 4507 dita
2247 4452 2482 4509 fuerant.
2506 4456 2646 4522 Quia
2677 4473 2827 4525 vero,
2852 4469 2911 4515 ut
2941 4462 3057 4517 haec
3085 4478 3251 4533 opere
3272 4465 3535 4535 compleri
3559 4481 3688 4536 pos-

415 4572 546 4625 μα.»
591 4554 671 4607 Τά
696 4556 793 4626 μέν
823 4556 1013 4626 πρῶτα
1044 4556 1479 4627 παραγγέλματα
1509 4553 1578 4628 ἦν
1632 4557 1783 4631 πάσῃ
1903 4560 1995 4629 γῇ,

2110 4554 2244 4611 sent,
2263 4546 2511 4603 oratione
2528 4564 2667 4620 opus
2690 4561 2824 4615 erat,
2853 4551 3091 4623 Spiritus
3112 4556 3331 4612 divinus
3354 4564 3478 4626 post
3501 4558 3684 4626 priora

409 4646 613 4719 δηλαδὴ
640 4650 775 4702 πᾶσι
803 4652 915 4711 τοῖς
949 4649 1147 4713 ἔθνεσι,
1168 4649 1519 4721 προφητικῶς
1551 4650 1995 4722 παρηγγελμένα·

412 4742 535 4793 ἐπεὶ
565 4741 620 4793 δέ
642 4742 807 4812 εὐχῆς
864 4737 933 4812 ἦν
991 4742 1149 4812 χρεία
1185 4745 1264 4805 εἰς
1292 4742 1353 4796 τὸ
1395 4742 1687 4813 δυνηθῆναι
1718 4743 1784 4796 δι’
1824 4743 1999 4815 ἔργων

410 4831 582 4884 ταῦτα
613 4833 881 4903 χωρῆσαι,
916 4833 1228 4900 ἀναγκαίως
1255 4834 1315 4885 τὸ
1349 4833 1491 4887 θεῖον
1516 4833 1741 4905 Πνεῦμα
1772 4834 1909 4904 μετὰ
1930 4835 1998 4889 τὰ

410 4912 605 4990 πρῶτα
635 4922 770 4992 πρὸς
804 4923 963 4975 αὐτὸν
995 4925 1308 4996 ἐπιστρέφει
1343 4926 1431 4977 τὸν
1480 4925 1632 4990 Θεὸν,
1665 4926 1829 4997 εὐχὴν
1857 4927 1999 4997 ὑπὲρ

411 5013 592 5083 πάσης
612 5013 712 5083 τῆς
740 5014 845 5083 γῆς
895 5015 1236 5085 ἀναπέμπον.
1290 5017 1380 5070 Διό
1433 5033 1585 5087 φησι*
1625 5037 1642 5069 ι
1674 5019 1832 5071 Πᾶσα
1861 5020 1893 5089 ἡ
1926 5021 1998 5090 γῆ

410 5107 945 5176 προσκυνησάτωσάν
982 5124 1063 5160 σοι
1096 5109 1189 5161 καὶ
1243 5108 1568 5177 ψαλάτωσάν
1609 5128 1711 5174 σοι,
1747 5110 1998 5181 ψαλάτω-

412 5214 511 5249 σαν
542 5197 620 5268 τῷ
642 5198 864 5268 ὀνόματί
888 5215 1036 5252 σου.)
1088 5199 1231 5251 Ἀντί
1263 5200 1318 5252 δὲ
1380 5199 1493 5253 τοῦ’
1530 5221 1547 5250 ‹
1590 5202 1745 5254 Πᾶσα
1781 5203 1812 5271 ή
1845 5203 1936 5272 γῆ,
1975 5221 1992 5252 ι

407 5292 435 5343 ὁ
471 5283 767 5360 Σύμμαχος
802 5292 1131 5362 σαφέστερον
1162 5292 1503 5363 ἡρμήνευσεν
1524 5294 1713 5346 εἰπών’
1747 5312 1764 5343 ‹
1790 5294 1996 5357 Πάντες

408 5383 457 5433 οἰ
494 5381 584 5432 ἐπὶ
609 5381 767 5451 γῆς’)
806 5381 1122 5452 λευκότερον
1171 5382 1439 5453 δηλώσας,
1486 5385 1565 5437 ὅτι
1608 5383 1679 5456 μὴ
1723 5385 1995 5447 Ἰουδαίοις

406 5472 469 5528 τὸ
494 5473 861 5544 παράγγελμα
893 5473 1089 5535 δέδοτο,
1149 5473 1285 5526 ἀλλὰ
1327 5476 1457 5527 πᾶσι
1486 5478 1602 5538 τοῖς
1639 5475 1731 5527 ἐπὶ
1764 5475 1866 5545 γῆς
1898 5476 1991 5528 ἀν-

407 5562 665 5633 θρώποις.
699 5563 975 5631 Μεγίστης
998 5563 1104 5634 γὰρ
1126 5563 1333 5616 ἐδέοντο
1359 5565 1541 5635 εὐχῆς,
1567 5565 1642 5626 ὡς
1666 5564 1731 5617 ἂν
1769 5564 1993 5634 δυνάμει

406 5652 541 5708 Θεοῦ
568 5652 869 5723 παράδοξος
902 5653 1111 5721 γένοιτό
1145 5670 1227 5716 τις
1254 5654 1311 5705 ἐν
1336 5654 1518 5718 αὐτοῖς
1554 5653 1823 5726 μεταϐολὴ
1855 5652 1993 5724 πρὸς

478 5837 524 5869 ⁸⁸
550 5836 677 5910 Sap.
714 5854 835 5903 xm,
998 5839 1039 5869 ⁸⁷
1064 5838 1221 5895 Rom.
1259 5855 1296 5901 ι,
1330 5840 1422 5893 20.

724 5940 995 6000 Ρηιιοι..
1029 5938 1147 6001 Gn.
1182 5936 1419 6000 XXIII.

2103 4637 2596 4701 illa,-necessario
2647 4642 2714 4696 ad
2763 4642 2931 4698 Deum
2973 4646 3222 4711 vertitur,
3270 4647 3683 4715 orationemque

2102 4744 2201 4800 pro
2227 4732 2483 4787 universa
2520 4743 2663 4787 terra
2693 4735 2912 4790 emittit.
2943 4736 3311 4802 Quamobrem
3344 4740 3419 4792 ait
3453 4759 3466 4793 :
3504 4757 3522 4789 ‹
3562 4737 3685 4793 Om-

2100 4823 2187 4877 nis
2220 4830 2362 4876 terra
2396 4824 2588 4879 adoret
2620 4834 2693 4889 te,
2727 4835 2781 4881 et
2810 4829 3009 4897 psallat
3058 4830 3181 4894 tibi,
3217 4830 3487 4899 psalmum
3534 4830 3683 4885 dicat

2100 4914 2307 4968 nomini
2343 4923 2458 4970 tuo.
2485 4937 2503 4969 ι
2527 4916 2634 4972 Pro
2666 4920 2759 4973 illo
2784 4929 3001 4975 autem:
3046 4939 3065 4973 ι
3098 4923 3291 4978 Omnis
3314 4931 3483 4987 terra,
3523 4944 3541 4976 ι
3569 4926 3682 4979 cla-
3768 4912 3773 4917 ⁷

2099 5007 2215 5061 rius
2241 5006 2602 5078 Symmachus
2627 5012 3019 5081 interpretatur
3041 5014 3228 5071 dicens
3263 5036 3274 5069 :
3309 5034 3326 5066 ι
3355 5017 3559 5074 Omnes
3586 5020 3680 5089 qui

2098 5095 2152 5148 in
2189 5104 2335 5150 terra
2368 5108 2516 5163 sunt,
2544 5120 2562 5151 ι
2592 5104 2833 5171 apertius
2862 5104 3172 5173 declarans,
3200 5122 3308 5160 non
3339 5105 3680 5165 Judaeis‘tra-

2095 5186 2269 5241 ditum
2313 5197 2642 5259 praeceptum
2688 5208 2831 5256 esse,
2870 5194 2965 5249 sed
3016 5196 3270 5252 omnibus
3302 5198 3395 5266 qui
3446 5198 3499 5252 in
3533 5207 3677 5256 terra

2096 5287 2225 5333 sunt
2264 5278 2597 5337 hominibus.
2654 5282 2917 5340 Precibus
2960 5301 3196 5357 namque
3246 5289 3481 5344 maxime
3537 5307 3676 5360 opus

2094 5385 2233 5439 erat,
2270 5382 2331 5427 ut
2372 5392 2438 5429 ex
2489 5374 2585 5429 Dei
2642 5385 2931 5446 potestate,
2992 5381 3365 5448 inexspectata
3422 5382 3674 5450 quaedam

2094 5466 2327 5521 mutatio
2352 5466 2486 5537 ipsis
2517 5467 2818 5530 accederet,
2862 5477 2921 5522 ut
2968 5485 3035 5524 ne
3066 5470 3207 5523 ultra
3239 5472 3537 5526 multorum
3582 5488 3675 5528 nu-

2093 5560 2303 5615 minum
2334 5562 2506 5616 errori
2536 5564 2720 5617 animo
2745 5563 3119 5628 adhtererent;
3148 5563 3243 5619 sed
3268 5580 3435 5620 unum
3476 5566 3669 5632 Deum,

2093 5653 2270 5708 solum
2299 5655 2637 5711 adorandum
2682 5670 2874 5714 reaose
2896 5658 3139 5713 colerent
3174 5666 3227 5713 et
3248 5657 3559 5719 adorarent.
3588 5666 3673 5714 at-

3312 5926 3389 5992 21
