4146 6390
501 324 603 386 651
1084 370 1087 375 -
1230 331 1500 388 EUSEBII
1542 331 2021 389 C/ESARIENSIS
2058 334 2210 392 OPP.
2250 334 2431 392 PARS
2467 336 2557 393 Ill.
2597 367 2664 379 —
2704 337 3107 395 EXEGETICA.
3649 338 3751 391 652

498 457 605 513 quc
640 448 969 512 praeceptum
1014 440 1330 511 huiusmodi
1359 441 1715 499 observarent
1747 462 1759 498 :
1803 462 1819 496 ι
1860 444 2055 500 ΡεεΙΙίιι

2152 506 2154 513 _
2184 446 2242 500 τὸ
2268 448 2463 518 μηκέτι
2498 449 2595 519 μὲν
2644 451 2709 519 τῇ
2749 449 2996 521 πολυθέῳ
3028 450 3315 522 προσέχειν
3363 450 3559 522 πλάνῃ,
3597 452 3756 522 μόνον

500 536 710 591 nomini
748 536 889 602 eius.
930 553 949 586 ι
994 532 1065 589 Ut
1102 535 1291 604 itaque
1341 534 1455 588 haec
1496 535 1772 601 eveniant,
1832 534 2055 605 Spiritui

2177 538 2232 591 δὲ
2267 538 2444 593 σέϐειν
2465 539 2521 592 δν
2553 539 2634 592 δεῖ
2661 541 2754 593 καὶ
2812 545 3153 611 προσκυνεῖν,
3206 542 3297 594 τὸν
3322 542 3419 595 ἕνα
3458 542 3553 595 καὶ
3598 544 3756 613 μόνον

499 642 720 685 sanctus
754 630 825 683 ita
860 633 1154 698 precatur:
1185 642 1205 677 ι
1244 623 1435 682 Omnis
1473 632 1619 680 terra
1670 626 1861 682 adoret
1912 636 1966 683 te
2018 640 2055 683 ei

2178 631 2270 684 καὶ
2305 632 2679 702 προσκυνητὸν
2740 632 2891 698 Θεὸν,
2924 631 3188 685 ἐπιτελεῖν
3219 650 3279 686 τε
3329 634 3392 686 τὸ
3428 634 3758 705 πρόσταγμα

497 722 695 792 psallat
725 720 846 784 tibi,
881 718 1152 791 psalmum
1181 718 1323 774 dicat
1362 718 1571 772 nomini
1606 726 1721 774 tuo.
1765 739 1783 771 ι

2176 720 2242 773 δι’
2264 716 2325 775 οὗ
2355 721 2587 790 ἐλέγετο·
2620 741 2637 773 ι
2663 723 2885 776 Ψάλατε
2905 723 2975 794 δὴ
3000 723 3076 795 τῷ
3118 724 3336 795 ὀνόματι
3370 726 3555 780 αὐτοῦ.
3598 746 3616 777 i
3661 726 3756 780 "lv’

496 814 589 869 οὖν
631 816 802 869 ταῦτα
860 815 1107 886 γένηται,
1169 812 1386 885 εὔχεται
1418 813 1479 867 τὸ
1536 814 1762 886 Πνεῦμα
1811 815 1872 867 τὸ
1923 814 2074 883 ἀγιον
2111 815 2298 884 λέγον·
2350 837 2366 867 σ
2400 818 2616 889 nam
2665 818 2737 888 γῆ
2788 819 3319 890 προσκυνησάτωσαν
3354 837 3435 873 σοι
3496 820 3591 874 καὶ
3646 820 3753 890 ψα-

495 907 740 962 λάτωσάν
768 923 869 970 σοι,
894 904 1217 976 ψαλάτωσαν
1246 904 1323 976 τῷ
1350 905 1573 977 ὀνόματί
1596 921 1708 958 σου.
1738 925 1758 959 ι

566 1027 734 1083 Vens.
762 1027 814 1092 Ei,
852 1025 905 1081 6.
948 1043 967 1077 ι
994 1024 1190 1082 Venite
1219 1033 1274 1080 et
1301 1024 1479 1079 videte
1500 1039 1665 1094 opera
1705 1023 1822 1088 Dei,
1856 1024 2043 1080 terribi

2247 1042 2267 1075 ι
2308 1020 2472 1076 Δεῦτε
2506 1021 2600 1074 καὶ
2638 1019 2775 1074 ἴδετε
2828 1018 2897 1073 τά
2930 1018 3063 1092 ἔργα
3102 1018 3195 1074 τοῦ
3232 1018 3389 1086 Θερῦ,
3421 1018 3651 1091 φοϐερὸς
3698 1022 3754 1074 έν

494 1121 561 1178 lis
582 1122 638 1175 in
662 1118 909 1175 consiliis
932 1132 1099 1188 super
1120 1116 1262 1172 ﬂlios
1293 1115 1597 1170 hominum.
1630 1134 1649 1166 ι
1680 1112 1749 1170 Ut
1777 1114 1934 1185 longe
1962 1114 2055 1169 ἀιδι

2173 1114 2387 1187 βουλαῖς
2415 1112 2568 1186 παρά
2601 1114 2729 1176 τοὺς
2757 1114 2905 1177 υἱοὺς
2937 1112 3046 1165 τῶν
3094 1109 3416 1182 ἀνθρώπων.
3445 1132 3463 1163 ι
3520 1112 3608 1175 Ὠς
3649 1129 3754 1182 μα·-

496 1213 619 1270 sitis
668 1212 737 1266 iis
772 1212 866 1281 qui
898 1210 1160 1265 invocant
1186 1223 1386 1263 nomen
1419 1206 1532 1271 Dei,
1566 1216 1624 1263 ut
1654 1208 1881 1278 propius
1913 1223 2055 1263 acce«

2171 1206 2308 1279 κράν
2359 1205 2694 1277 ἀφεστηκόσι
2741 1207 2853 1268 τοῖς
2901 1204 3255 1275 καλουμένοις
3287 1204 3345 1256 τὸ
3398 1203 3538 1256 θεῖον
3583 1204 3753 1274 ὄνομα

494 1306 627 1361 dant
653 1303 898 1375 praecipit
928 1302 1154 1357 dicens:
1180 1319 1198 1353 ι
1229 1298 1443 1355 Venite.
1480 1317 1499 1351 ι
1532 1298 1691 1366 Quod
1720 1300 1902 1371 ipsum
1932 1300 2055 1356 divi‘

2170 1299 2395 1371 πλησίον
2419 1298 2675 1370 ἔρχεσθαι
2704 1299 3029 1370 προστάττει
3059 1297 3216 1367 λέγον
3235 1314 3249 1327 ·
3290 1316 3309 1348 ι
3329 1296 3512 1349 Δεῦτε.
3539 1316 3557 1348 i
3582 1297 3754 1350 Τοῦτο

493 1414 599 1453 nus
642 1394 936 1465 Apostolus
985 1393 1285 1449 declaravit
1318 1394 1404 1451 his
1426 1394 1648 1449 verbis:
1682 1412 1700 1444 ι
1736 1394 1799 1446 Et
1839 1394 2055 1449 venien

2168 1391 2225 1445 δὲ
2263 1393 2290 1444 6
2323 1390 2463 1454 θεῖος
2511 1390 2831 1453 ’Δπόστολος
2858 1390 3095 1460 παρίστη
3138 1386 3306 1442 εἰπών
3326 1405 3339 1418 ·
3389 1407 3407 1439 ι
3439 1388 3552 1441 Καὶ
3582 1388 3753 1443 ἐλθὼν

495 1486 846 1545 annuntiavit
887 1500 1076 1556 pacem
1126 1486 1282 1541 vobis
1321 1486 1415 1556 qui
1450 1486 1610 1557 longe
1643 1485 1847 1549 fuistis,
1882 1493 1937 1541 et
1968 1501 2055 1556 pa-

2169 1482 2560 1554 εὐηγγελίσατο
2587 1482 2814 1554 εἰρήνην
2847 1482 2974 1552 ὑμῖν
2999 1483 3111 1544 τοῖς
3147 1479 3384 1551 μακρὰν,
3414 1481 3507 1533 ml.
3529 1482 3752 1553 εἰρήνην

493 1594 611 1635 cem
663 1577 731 1634 iis
774 1577 867 1649 qui
920 1591 1087 1647 prope
1108 1576 1177 1628 ⁸⁸.
1211 1594 1229 1627 ι
1275 1574 1480 1633 Omnes
1528 1591 1694 1648 porro
1735 1590 1834 1647 per
1874 1576 2055 1631 orbem

2168 1578 2280 1639 τοῖς
2329 1574 2515 1643 ἐγγύς.
2558 1592 2577 1626 ι
2631 1573 2802 1628 Καλεῖ
2835 1572 2892 1625 δὲ
2935 1575 2964 1626 6
3014 1571 3169 1640 λόγος
3206 1572 3275 1625 τὰ
3312 1571 3431 1625 καθ’
3476 1571 3608 1644 ὅλης
3653 1574 3751 1644 τῆς

492 1675 683 1741 gentes
741 1667 808 1722 ad
852 1666 947 1722 Del
1000 1666 1277 1734 notitiam,
1329 1675 1384 1722 et
1432 1666 1501 1722 ad
1547 1665 2055 1737 contemplationem

2170 1665 2493 1738 οἰκουμένης
2537 1664 2665 1736 ἔθνη
2714 1664 2808 1718 ἐπὶ
2836 1666 2935 1735 τὴν
2982 1663 3073 1716 τοῦ
3109 1662 3246 1717 Θεοῦ
3280 1662 3516 1732 γνῶσιν,
3553 1664 3645 1717 ὲπί
3688 1681 3749 1718 τε

494 1781 718 1838 operum
754 1766 875 1837 ejus
921 1781 1102 1823 sermo
1130 1777 1340 1823 evocat.
1370 1765 1505 1821 Nam
1538 1764 1729 1837 procul
1762 1763 1872 1821 Deo
1913 1766 2055 1836 posi-

2169 1758 2269 1831 τήν
2303 1757 2537 1830 θεωρίαν
2584 1757 2693 1810 τῶν
2746 1756 2922 1825 ἔργων
2952 1753 3139 1810 αὐτοῦ.
3193 1754 3426 1825 Μακράν
3454 1754 3564 1827 γάρ
3612 1755 3747 1823 ἀφε-

491 1868 581 1923 taa,
624 1874 803 1929 neque
848 1859 1126 1925 videbant,
1170 1873 1349 1929 neque
1380 1864 1666 1914 noverant.
1696 1855 2055 1924 Quamobrem

2168 1848 2346 1903 στῶτα
2369 1848 2465 1903 τοῦ
2485 1848 2619 1903 Θεοῦ
2649 1847 2773 1901 οὔτε
2802 1846 2969 1918 ἐώρα,
2999 1846 3123 1900 οὔτε
3151 1847 3432 1916 ἐγίνωσκε.
3463 1847 3553 1900 Διό
3581 1863 3714 1919 φησι
3734 1864 3745 1877 ·

492 1952 608 2006 ait:
639 1969 659 2003 ι
692 1950 883 2007 Venite
915 1956 972 2006 et
998 1949 1181 2006 videte
1210 1964 1376 2021 opera
1410 1949 1503 2006 Dei
1534 1967 1548 2005 :
1584 1969 1604 2001 ι
1644 1948 1713 2005 de
1741 1950 1943 2021 quibus
1972 1965 2067 2006 su-

492 2059 589 2115 pra
615 2044 820 2099 dictum
848 2050 934 2099 est
959 2060 972 2097 :
1004 2059 1023 2091 ο
1060 2041 1237 2098 Dicite
1273 2042 1380 2099 Deo
1406 2061 1417 2096 :
1445 2042 1620 2109 Quam
1651 2042 1917 2098 terribilia
1941 2053 2067 2099 sunt

458 2132 463 2137 ’
490 2148 657 2190 onera
688 2134 813 2188 tua!
844 2151 863 2185 ι
892 2132 1001 2189 Sed
1029 2132 1159 2187 olim
1190 2132 1409 2204 quidem
1446 2132 1794 2203 praecipiebat
1833 2132 2018 2189 dicere
2048 2151 2060 2188 :

496 2243 516 2275 ε
546 2223 719 2291 Quam
754 2223 1019 2278 terribilia
1052 2231 1182 2279 sunt
1224 2238 1387 2293 opera
1438 2226 1562 2277 tua!
1598 2244 1616 2275 ι
1653 2223 1922 2290 Quoniam
1968 2241 2066 2280 au-

492 2324 600 2370 tem
629 2316 925 2371 verisimile
950 2322 1071 2370 erat
1100 2330 1217 2379 eos,
1253 2317 1442 2385 procul
1475 2318 1707 2386 positos,
1741 2332 1861 2388 quae
1880 2325 2066 2373 essent

492 2422 658 2478 opera
703 2406 795 2463 Dei
840 2406 1113 2479 ignorare,
1149 2405 1239 2460 hic
1276 2415 1682 2477 consequenter
1722 2408 1943 2465 eosdem
1984 2410 2065 2466 sic

492 2498 825 2569 alloquitur:
856 2515 873 2548 ι
906 2495 1099 2553 Venite
1126 2504 1180 2552 et
1208 2498 1386 2553 videte
1417 2513 1581 2569 opera
1611 2496 1727 2553 Dei.
1761 2518 1780 2551 ι
1813 2497 1952 2555 Cum
1976 2514 2065 2555 au-

493 2594 604 2640 tem
638 2599 700 2639 ea
734 2583 1004 2643 videritis,
1035 2581 1315 2647 ediscetis,
1358 2598 1483 2638 eum
1518 2583 1820 2640 terribilem
1851 2599 1972 2641 esse
2005 2584 2063 2640 in

493 2675 738 2731 consiliis
762 2689 863 2745 pro
894 2673 1020 2728 ﬂliis
1058 2672 1359 2728 hominum.
1386 2672 1591 2729 Horum
1622 2676 1948 2731 sententiam
1982 2676 2064 2731 sic

492 2766 696 2822 clarius
731 2766 1118 2837 interpretatur
1154 2764 1517 2837 Symmachus
1543 2764 1736 2821 dicens
1776 2785 1791 2821 :
1821 2784 1839 2818 ι
1870 2765 2064 2822 Venite

491 2867 548 2914 et
586 2858 767 2914 videte
807 2873 970 2928 opera
1005 2856 1123 2923 Dei,
1172 2859 1448 2914 terribiles
1491 2858 1924 2915 machinationes
1965 2876 2063 2931 pro

497 2952 622 3007 ﬁliis
650 2951 952 3005 hominum.
987 2968 1007 3002 ι
1045 2948 1239 3005 Omnia
1265 2951 1470 3023 quippe
1499 2966 1598 3022 pro
1625 2953 1801 3008 salute
1828 2953 2062 3007 ﬁliorum

494 3043 774 3098 hominum
822 3041 1165 3099 machinatus
1197 3050 1303 3099 est.
1348 3040 1463 3097 Sub
1497 3042 1611 3098 haec
1664 3044 1824 3099 docet
1855 3051 2061 3115 quanta

2170 1958 2189 1991 ι
2225 1939 2389 1994 Δεῦτε
2425 1940 2521 1993 ml.
2560 1938 2699 1993 ἰδετε
2754 1936 2823 1990 τά
2873 1936 3011 2008 ἔργα
3059 1936 3153 1990 τοῦ
3205 1936 3378 1990 Θεοῦ·
3415 1955 3434 1989 ι
3490 1936 3619 2009 περὶ
3673 1929 3749 1990 ὧν

2163 2031 2420 2102 ἀνωτέρω
2451 2030 2699 2099 ἐλέγετο·
2748 2048 2767 2081 ι
2794 2029 3001 2083 Εἴπατε
3042 2027 3120 2099 τῷ
3150 2027 3298 2102 Θεῷ·
3318 2029 3403 2092 Ὠς
3430 2027 3641 2099 φοϐερά
3678 2030 3747 2082 τά

2162 2123 2301 2193 ἔργα
2332 2122 2460 2177 σουί
2498 2140 2518 2175 ι
2580 2118 2742 2174 Ἀλλά
2796 2119 2962 2175 πάλαι
3006 2119 3105 2192 μὲν
3152 2120 3485 2192 προσέταττε
3530 2119 3745 2190 λέγειν·

2168 2233 2187 2266 ι
2234 2215 2323 2279 Ὠς
2372 2211 2579 2285 φοϐερά
2620 2211 2689 2265 τά
2731 2211 2868 2284 ἔργα
2917 2213 3041 2265 σουῑ
3083 2212 3341 2284 »Ἐπειδὴ
3384 2212 3441 2265 δὲ
3483 2213 3631 2277 εἰκὸς
3678 2209 3746 2285 ἦν

2162 2306 2374 2374 ἀγνοεῖν
2402 2305 2527 2368 τοὺς
2568 2303 2783 2375 μακρὰν
2805 2302 3127 2373 ἀφεστῶτας
3144 2302 3267 2356 τίνα
3290 2298 3358 2374 ἦν
3383 2302 3453 2356 τὰ
3483 2302 3621 2375 ἔργα
3650 2288 3745 2357 τοῦ

2162 2394 2320 2457 Θεοῦ,
2351 2392 2660 2457 ἀκολούθως
2685 2393 2921 2447 ἐνταῦθα
2952 2392 3088 2464 πρὸς
3126 2395 3254 2457 τοὺς
3283 2393 3480 2457 αὐτοὺς
3513 2394 3741 2463 φάσκει·

2168 2508 2186 2542 ι
2218 2488 2382 2542 Δεῦτε
2414 2489 2510 2543 ml.
2552 2487 2690 2541 ῐδετε
2736 2486 2804 2541 τὰ
2850 2486 2988 2559 ἔργα
3029 2486 3124 2540 τοῦ
3180 2485 3346 2539 Θεοῦ·
3386 2506 3404 2539 ι
3447 2487 3646 2551 ἰδόντες
3686 2487 3743 2541 Et

2159 2580 2333 2636 ταῦτα
2368 2580 2697 2654 μαθήσεσθε,
2728 2582 2810 2635 ὅτι
2840 2580 3066 2650 φοϐερός
3104 2581 3248 2634 ἐστιν
3276 2582 3332 2634 ὲν
3363 2579 3575 2650 βουλαῖς
3605 2582 3743 2654 ὑπὲρ

2159 2676 2286 2739 τοὺς
2300 2675 2450 2738 υἱοὺς
2480 2674 2590 2727 τῶν
2615 2672 2938 2746 ἀνθρώπων.
2978 2673 3331 2744 Τρανώτερον
3366 2675 3464 2745 τὴν
3501 2674 3741 2727 διάνοιαν

2161 2768 2442 2822 ἀπέδωκεν
2475 2769 2504 2821 6
2552 2767 2848 2837 Σύμμαχος
2898 2764 3069 2819 εἰπών
3092 2782 3104 2796 ·
3152 2786 3170 2818 ι
3210 2766 3431 2819 Ἐλθετε
3466 2768 3560 2820 καί⁵
3606 2767 3741 2820 ἴδετε

2162 2858 2390 2930 πράξεις
2436 2858 2530 2912 τοῦ
2572 2858 2729 2922 Θεοῦ,
2776 2858 2984 2930 φοϐερά
3015 2861 3379 2931 μηχανήματα
3431 2861 3572 2932 ὑπὲρ
3612 2862 3740 2914 υἰῶν

2162 2950 2483 3023 ἀνθρώπων.
2510 2971 2528 3003 ι
2565 2951 2751 3005 Πάντα
2790 2950 2899 3021 γάρ
2952 2951 3091 3023 ὑπὲρ
3134 2954 3408 3023 σωτηρίας
3452 2952 3559 3006 τῶν
3613 2954 3739 3006 υἱῶν

2161 3043 2270 3098 τῶν
2335 3042 2637 3114 ἀνθρώπων
2695 3045 3097 3115 ἐμηχανήσατο.
3158 3041 3290 3099 Εἶτα
3348 3045 3589 3100 διδάσκει
3642 3047 3738 3099 ὅσα

491 3131 633 3204 apud
664 3132 919 3203 antiquos
948 3132 1071 3189 illos
1102 3133 1245 3189 Deus
1274 3132 1471 3190 fecisse
1496 3144 1767 3190 narretur.
1798 3133 2055 3201 Quaenam

2164 3135 2428 3208 πρότερον
2452 3135 2600 3207 παρά
2620 3138 2731 3198 τοῖς
2758 3136 3003 3198 παλαιοῖς
3028 3136 3343 3207 πεποιηκὼς
3374 3138 3403 3190 6
3432 3136 3563 3201 Θεὸς
3599 3140 3736 3195 ἱστο-

488 3240 619 3280 vero
659 3224 750 3279 illa
808 3226 953 3291 sint,
1013 3232 1200 3297 postea
1265 3225 1734 3313 (ἰθύει-εἰει,ρυί
1788 3227 2055 3282 convertit

2167 3228 2357 3296 ρείται.
2386 3225 2515 3280 Τίνα
2540 3225 2596 3279 δὲ
2615 3226 2805 3290 ταῦτα,
2835 3225 3075 3294 ἐπιλέγει
3099 3226 3225 3297 ἑξῆς
3244 3244 3258 3258 ·
3292 3246 3311 3278 ι
3351 3228 3409 3282 Ὁ
3436 3230 3736 3301 μεταστρέ-

488 3330 639 3371 mare
670 3317 725 3370 in
772 3316 1016 3386 aridam;
1050 3318 1103 3372 in
1136 3316 1357 3373 ﬂumine
1404 3318 1811 3389 pertransibunt
1845 3318 1983 3389 pede
2035 3338 2054 3371 ι

2163 3334 2278 3385 φων
2324 3317 2423 3387 τὴν
2474 3316 2750 3371 θάλασσαν
2794 3320 2873 3381 εἰς
2916 3317 3085 3389 ξηράν
3111 3334 3123 3345 ·
3161 3318 3219 3371 ὲν
3254 3320 3485 3392 ποταμῷ
3535 3321 3734 3375 διελεύ-

489 3406 799 3464 Secundum
826 3407 1212 3480 Symmachum
1237 3420 1414 3465 autem
1438 3428 1451 3465 :
1477 3429 1496 3461 ‹
1526 3410 1831 3474 Convertit,
1858 3411 2057 3480 inquit,

487 3520 639 3560 mare
689 3506 743 3560 in
797 3504 1039 3572 aridam;
1092 3504 1316 3559 ﬂuvium
1367 3506 1803 3577 pertransierunt
1847 3505 2000 3576 pede.
2035 3525 2054 3557 ι

486 3597 611 3653 Haec
658 3614 824 3669 porro
872 3599 927 3653 in
971 3598 1199 3655 historia
1251 3597 1549 3670 Scriptura:
1604 3598 1856 3653 feruntur
1894 3618 1906 3653 :
1939 3614 2060 3669 quae

482 3691 758 3762 gentibus,
787 3697 973 3760 utpote
1000 3688 1401 3761 ignorantibus,
1446 3690 1761 3746 necessario
1787 3703 2058 3744 enarran-

483 3789 595 3844 tur,
642 3790 700 3835 ut
732 3780 1002 3845 ediscant,
1030 3796 1153 3836 eum
1196 3782 1291 3852 qui
1342 3781 1470 3836 olim
1515 3783 1747 3852 populus
1782 3781 1875 3836 Dei
1915 3792 2053 3845 erat,

484 3874 538 3927 in
570 3875 829 3928 servitute
859 3871 1240 3944 Egyptiorum
1273 3872 1565 3943 aliquando
1589 3874 1778 3940 fuisse,
1814 3884 1868 3929 et
1890 3873 2056 3945 Egy—

484 3964 675 4034 ptiacze
707 3965 1028 4019 idololatriae
1078 3963 1421 4034 subjectum;
1458 3964 1555 4020 sed
1601 3964 1769 4020 Deum
1815 3980 1916 4033 pro
1946 3966 2054 4021 illis

483 4071 677 4123 magna
712 4062 767 4110 et
809 4055 1076 4111 terribilia
1108 4056 1367 4121 edidisse,
1400 4055 1666 4113 divinitus
1704 4058 1917 4113 scilicet
1951 4058 2055 4112 im-

483 4147 670 4203 missis
710 4148 883 4218 plagis
913 4146 1198 4219 Egyptios
1244 4150 1585 4214 verberasse,
1632 4150 1921 4221 ipsumque
1957 4166 2053 4220 po-

484 4239 671 4306 pulum
703 4253 733 4290 a
760 4237 881 4293 dira
905 4241 1167 4296 servitute
1191 4240 1475 4297 liberasse.
1505 4241 1629 4296 Hmc
1662 4246 1861 4313 quippe
1896 4250 2053 4298 erant

482 4327 752 4382 terribilia
783 4328 879 4384 Dei
902 4343 1097 4399 opera°
1127 4346 1306 4401 neque
1336 4339 1545 4387 tantum
1577 4348 1639 4387 ea
1664 4332 1737 4387 ibi
1762 4332 1929 4396 edita,
1954 4334 2049 4389 sed

482 4418 645 4470 etiam
680 4418 737 4473 in
766 4418 906 4473 mari
938 4415 1124 4475 Rubro
1150 4438 1163 4474 :
1190 4435 1299 4490 quo
1330 4420 1385 4474 in
1417 4421 1625 4475 aridam
1656 4430 1885 4485 mutato,
1917 4438 2049 4479 suos

479 4507 700 4577 quidem
733 4510 954 4580 eripuit,
998 4511 1196 4582 impios
1228 4527 1359 4568 vero
1397 4513 1451 4567 in
1502 4512 1829 4582 profundum
1862 4516 2045 4584 perni-

481 4600 585 4654 ciei
614 4601 871 4669 coniecit.
912 4600 1039 4661 Haec
1071 4602 1274 4667 edocti,
1301 4602 1464 4659 heus!
1498 4620 1614 4669 vos,
1653 4606 1849 4675 inquit,
1882 4606 2051 4660 conii-

478 4691 611 4757 dite,
653 4708 719 4748 ac
764 4693 972 4750 credite
1013 4710 1138 4750 eum
1181 4696 1277 4767 qui
1327 4697 1457 4749 talia
1512 4711 1612 4767 pro
1660 4697 1900 4768 antiquis
1942 4699 2050 4755 illis

477 4793 733 4854 Operatus
763 4792 869 4848 est,
900 4800 1009 4839 non
1050 4787 1311 4856 imparem
1346 4785 1588 4841 futurum
1620 4787 1689 4842 ad
1721 4788 1919 4843 similia
1951 4804 2050 4859 pro

363 4868 377 4884 ⁸
478 4874 635 4927 vobis
667 4875 894 4945 agenda.
924 4873 1104 4941 Quare
1140 4896 1158 4928 ι
1189 4877 1367 4934 venite
1393 4886 1448 4933 et
1475 4878 1653 4934 videte
1681 4894 1845 4949 opera
1878 4880 1993 4946 Dei,
2025 4902 2043 4933 ι

478 4980 642 5034 quam
696 4966 960 5022 terribilis
1012 4968 1083 5022 sit
1116 4987 1134 5019 ι
1166 4969 1221 5022 in
1272 4969 1521 5026 consiliis
1559 4986 1657 5041 pro
1707 4972 1832 5027 ﬁliis
1874 4972 2049 5026 homi-

477 5070 631 5109 num.
666 5075 683 5104 ι
718 5055 998 5111 Convertit
1027 5058 1191 5128 igitur
1227 5075 1377 5115 mare
1406 5061 1460 5114 in
1489 5059 1696 5116 aridam
1722 5080 1738 5129 ;
1766 5071 1820 5117 et
1848 5065 1903 5116 in
1926 5060 2049 5115 Jor-

476 5146 619 5202 dane
658 5146 824 5202 ﬂuvio
857 5149 963 5203 alia
1004 5150 1249 5219 quzedam
1282 5152 1547 5207 terribilia
1584 5168 1751 5225 opera
1795 5154 2048 5225 designa-

477 5237 578 5299 vit,
627 5239 846 5308 quando
889 5238 1129 5296 demisso
1179 5240 1402 5298 ﬂumine
1445 5244 1676 5314 pedibus
1717 5246 2047 5314 pertransis-

478 5338 630 5393 runt,
658 5331 749 5400 qui
778 5346 847 5385 ex
887 5332 1105 5387 deserto
1133 5333 1200 5387 ad
1234 5333 1395 5390 istam
1424 5344 1627 5390 terram
1676 5345 2043 5391 accesserant.

477 5422 617 5488 lpsis
664 5423 829 5491 igitur
856 5422 1159 5494 iisdemque
1203 5427 1591 5483 calceamentis
1640 5429 1747 5491 usi,
1790 5428 2046 5485 conﬁdite

479 5512 654 5579 ipsum
687 5512 853 5568 Deum
886 5516 1198 5585 spirituales
1223 5516 1529 5591 Aegyptios,
1554 5521 1829 5576 deemones
1851 5536 2046 5590 nempe

477 5603 764 5674 malignos,
816 5607 909 5676 qui
953 5607 1109 5679 olim_
1133 5610 1348 5668 animas
1386 5620 1599 5668 vestras
1633 5614 1686 5667 in
1725 5614 2043 5669 servitutem

546 5775 591 5806 “
615 5774 813 5847 Ephes.
845 5797 903 5846 ιι,
937 5781 1025 5840 Π.

2162 3424 2344 3462 σονται
2378 3408 2520 3464 ποδί.
2558 3428 2577 3463 ι
2630 3409 2790 3465 Κατὰ
2830 3410 2888 3463 δὲ
2912 3411 3002 3463 τὸν
3030 3411 3343 3482 Σύμμαχον·
3392 3432 3409 3462 ι
3437 3413 3736 3481 Μετέϐαλε,

2158 3502 2315 3572 φησὶ,
2362 3502 2461 3574 τήν
2507 3501 2781 3557 θάλασσαν
2821 3505 2901 3567 εἰς
2960 3503 3159 3576 ξηράν·
3205 3504 3449 3576 ποταμὸν
3484 3505 3737 3578 διέϐησαν

2160 3594 2301 3648 ποδί.
2326 3613 2344 3647 i
2383 3593 2567 3648 Ταῦτα
2588 3594 2645 3648 δὲ
2679 3595 2901 3665 φέρεται
2929 3598 2986 3649 ὲν
3018 3599 3084 3668 τῇ
3116 3596 3215 3668 τῆς
3244 3598 3485 3669 ἱστορίας
3513 3603 3698 3672 γραφῇ
3722 3619 3735 3631 ·

2158 3686 2193 3741 ἃ
2226 3686 2289 3758 δὴ
2314 3688 2629 3755 ἀναγκαίως
2660 3688 2736 3751 ὡς
2776 3688 2850 3759 μὴ
2873 3689 3037 3742 εἰδόσι
3075 3691 3186 3753 τοῖς
3224 3689 3431 3744 ἔθνεσιν
3462 3691 3734 3761 ἀπαγγέλ-

2102 3766 2109 3775 ’
2158 3779 2330 3842 λεται,
2359 3778 2435 3842 ὡς
2455 3779 2519 3832 ἂν
2553 3779 2798 3850 μάθοιεν,
2819 3781 2901 3833 ὅτι
2932 3781 3027 3833 καὶ
3047 3782 3074 3835 6
3102 3781 3268 3834 πάλαι
3316 3780 3414 3835 τοῦ
3448 3781 3583 3835 Θεοῦ
3610 3782 3735 3848 λαὸς

2155 3868 2224 3943 ἦν
2253 3890 2383 3926 ποτε
2418 3873 2734 3941 Αἰγυπτίοις
2759 3872 3174 3944 δεδουλωμένος,
3197 3873 3293 3927 καὶ⁸
3326 3875 3393 3945 τῇ
3430 3873 3605 3945 πλάνῃ
3636 3874 3734 3945 τῆς

2155 3962 2535 4032 Αἰγυπτιακῆς
2559 3962 2999 4035 εἰδωλολατρείας
3026 3964 3338 4035 ῦπηγμένος
3357 3981 3370 3995 ·
3402 3963 3518 4017 ἀλλ’
3546 3964 3732 4036 εἰργα-

2158 4070 2279 4106 σται
2301 4052 2444 4124 ὑπὲρ
2474 4053 2652 4107 αὐτῶν
2675 4056 2703 4107 ό
2725 4053 2856 4117 Θεὸς
2888 4053 3099 4123 μεγάλα
3127 4056 3221 4108 καί⁵
3249 4054 3477 4126 φοϐερὰ,
3502 4054 3737 4126 πληγαῖς

2160 4146 2258 4217 μὲν
2286 4148 2413 4210 τοὺς
2442 4148 2773 4215 Αἰγυπτίους
2802 4146 3084 4219 θεηλάτοις
3119 4148 3404 4219 μαστίξας,
3449 4148 3647 4212 αὐτοὺς
3679 4148 3739 4202 δὲ

2150 4238 2251 4309 τῆς
2299 4240 2502 4311 πικρᾶς
2556 4239 2797 4303 δουλείας
2848 4240 3236 4312 ἐλευθερώσας.
3284 4241 3471 4295 Ταῦτα
3516 4242 3627 4314 γάρ
3666 4240 3736 4313 ἦν

2150 4330 2217 4383 τά
2250 4330 2457 4402 φοϐερὰ
2487 4330 2581 4385 τοῦ
2602 4331 2738 4384 Θεοῦ
2771 4332 2926 4404 ἔργα,
2950 4333 3011 4386 οὐ
3037 4334 3194 4404 μόνα,
3220 4333 3355 4387 ἀλλὰ
3378 4334 3473 4388 καὶ
3512 4336 3605 4388 ἐπὶ
3636 4335 3737 4406 τῆς

2151 4421 2426 4493 θαλάσσης
2453 4422 2553 4493 τῆς
2604 4424 2902 4496 Ἐρυθρᾶς·
2940 4426 3005 4497 ἢν
3038 4427 3117 4489 εἰς
3167 4425 3337 4497 ξηράν
3389 4426 3734 4498 μεταϐαλὼν,

2082 4495 2122 4549 D
2151 4514 2376 4568 διέσωσε
2424 4515 2524 4586 μὲν
2574 4516 2700 4579 τοὺς
2733 4495 3002 4582 οἰκείους,
3036 4519 3164 4582 τοὺς
3322 4495 3539 4584 ἀσεϐεῖς
3585 4520 3734 4593 βυθῷ

2150 4610 2464 4681 παρέδωκεν
2518 4611 2819 4677 ἀπωλείας.
2878 4614 3064 4668 Ταῦτα
3109 4614 3165 4669 δὲ
3233 4617 3596 4686 μανθάνοντες
3624 4657 3639 4681 ,
3686 4611 3735 4670 ὦ

2148 4695 2315 4769 οῦτοι,
2346 4705 2500 4775 φησὶ,
2526 4704 2799 4778 θαρσεῖτε,
2835 4708 3197 4771 πιστεύοντες,
3232 4710 3313 4762 ὃτι
3339 4712 3368 4764 ὁ
3394 4709 3462 4764 τὰ
3494 4711 3733 4767 τοσαῦτα

2148 4796 2525 4865 ἐργασάμενος
2564 4797 2657 4850 ἐπὶ
2694 4797 2802 4852 τῶν
2849 4798 3092 4851 παλαιῶν
3145 4799 3244 4851 οὐκ
3296 4799 3617 4873 ἀδυνατήσει
3662 4801 3732 4855 τά

2148 4886 2310 4956 ὅμοια
2340 4889 2437 4942 καὶ
2469 4890 2552 4959 ἐφ’
2588 4888 2742 4960 ὑμῶν
2772 4889 3244 4962 καταπράξασθαι.
3265 4890 3355 4943 Διὸ
3392 4910 3411 4942 ι
3446 4890 3601 4944 δεῦτε
3634 4910 3732 4947 και

2151 4975 2288 5028 ἴδετε
2316 4976 2385 5029 τά
2415 4977 2550 5049 ἔργα
2571 4978 2665 5032 τοῦ
2689 4979 2848 5044 Θεοῦ,
2876 4999 2893 5031 ›
2928 4981 3002 5043 ὡς
3034 4981 3262 5051 φοϐερός
3284 4981 3431 5034 ἐστιν
3467 4999 3485 5033 ι
3514 4982 3570 5034 ὲν
3603 4981 3730 5051 βου-

2148 5066 2268 5132 λαῖς
2300 5068 2441 5139 ὑπὲρ
2470 5069 2597 5133 τοὺς
2630 5070 2779 5134 υἱοὺς
2836 5069 2943 5124 τῶν
2975 5069 3299 5141 ἀνθρώπων.
3327 5089 3344 5121 ι
3378 5069 3729 5141 Μετέστρειςνε

2147 5159 2277 5227 γοῦν
2314 5159 2413 5231 τὴν
2447 5160 2720 5216 θάλασσαν
2751 5164 2831 5224 εἰς
2852 5162 3023 5233 ξηράν
3042 5181 3055 5193 ο
3086 5164 3180 5217 καὶ
3202 5164 3293 5216 ἐπὶ
3318 5162 3412 5217 τοῦ
3459 5163 3726 5234 Ἰορδάνου

2146 5253 2202 5306 δὲ
2232 5252 2477 5324 ποταμοῦ
2516 5253 2652 5308 ἄλλα
2691 5254 2814 5308 τινά
2866 5254 3073 5326 φοϐερά
3113 5253 3365 5325 θαύματα
3406 5254 3723 5324 εἰργάσατο,

2146 5348 2234 5402 ὅτε
2267 5347 2479 5420 διῆλθον
2513 5350 2627 5412 τοῖς
2664 5350 2851 5414 ποσὶν,
2886 5348 3281 5413 ὑποσταλέντος
3310 5348 3407 5403 τοῦ
3450 5347 3721 5420 ποταμοῦ,

2145 5441 2195 5491 οἰ
2227 5439 2334 5492 ἀπὸ
2381 5439 2481 5510 τῆς
2531 5441 2735 5511 ἐρήμου
2788 5440 3076 5512 παριόντες
3120 5440 3215 5492 ἐπὶ
3254 5440 3408 5511 τήνδε
3459 5439 3556 5510 τὴν
3593 5439 3719 5509 γῆν.

2147 5529 2367 5591 Τούτοις
2398 5527 2463 5599 δὴ
2510 5523 2602 5581 οὖν
2637 5529 2820 5592 αὐτοῖς
2854 5528 3158 5600 ὑποδήμασι
3198 5529 3560 5601 χρησάμενοι,
3590 5528 3723 5600 θαρ-

2148 5621 2310 5685 σεῖτε,
2341 5618 2420 5683 ὼς
2462 5621 2556 5674 καὶ
2602 5621 2725 5686 τοὺς
2774 5622 3070 5694 ὑμετέρους
3117 5622 3339 5692 νοητοὺς
3365 5621 3719 5691 Αἰγυπτίους,
