4142 6388
472 404 578 461 653

1607 413 2114 471 COMMENTARIA
2152 415 2220 472 IN
2259 416 2600 474 PSALMOS.

3611 421 3713 478 654

470 517 729 589 δαίμονας
762 522 1072 593 πονηροὺς,
1104 524 1232 588 τοὺς
1280 525 1443 579 πάλαι
1496 529 2017 585 καταδυναστεύοντο

2122 558 2137 593 ι
2166 531 2507 605 redigebant,
2543 534 2919 605 expulsurum.
2956 535 3185 593 Etiamsi
3219 554 3368 596 mare
3399 541 3536 597 illud
3565 542 3742 599 homi-

468 608 576 664 τῶν
619 609 901 684 ὑμετέρων
932 612 1141 683 ψυχῶν,
1170 614 1435 670 ἀπελάσει
1471 620 1501 670 6
1532 619 1695 684 αὐτὸς
1742 622 1893 685 Θεὸς.
1940 620 2059 676 Κᾶν

465 701 709 776 κυμαίνῃ
744 701 802 755 δὲ
837 705 871 776 ή
913 704 1024 757 τῶν
1067 706 1375 777 ἀνθρώπων
1409 708 1687 776 θάλασσα,
1735 714 1839 768 κᾶν
1873 716 1902 767 6
1947 713 2058 767 τῶν

2163 640 2295 679 num
2329 623 2586 682 ﬂuctibus
2611 627 2962 695 intumescat,
2987 630 3206 686 etiamsi
3238 633 3524 689 atheorum
3553 643 3609 691 et
3639 637 3746 692 im-

2160 715 2379 782 piorum
2429 732 2604 788 genus
2640 716 2842 776 ﬂuctus
2890 727 2946 776 et
2993 722 3239 792 pericula
3268 723 3425 781 vobis
3477 728 3737 793 suscitet;

463 793 641 849 ἀθέων
700 796 797 849 καὶ
849 798 1065 854 ἀσεϐῶν
1120 799 1234 871 βίος
1291 801 1568 868 κλύδωνας
1623 806 1720 859 καὶ
1781 807 2017 861 κινδύνου

2159 805 2418 861 conﬁdite
2448 814 2653 874 tamen,
2700 824 2826 864 cum
2857 815 3163 883 exemplum
3195 813 3350 870 vobis
3378 819 3739 888 conspicuum

461 885 653 960 ἐγείρῃ
685 887 809 941 καθ’
842 890 998 960 ὑμῶν
1023 908 1037 921 ο
1073 890 1324 965 θαρσεῖτε
1364 895 1542 966 ὑμεῖς,
1579 898 1807 971 ἐναργὲς
1839 898 2055 971 ἔχοντες

461 977 771 1050 ὑπόδειγμα
788 980 887 1053 τὴν
910 982 1078 1038 πάλαι
1102 989 1433 1056 στραφεῖσαν
1467 988 1741 1045 Θάλασσαν
1756 993 1836 1056 είς
1858 992 2049 1065 ξηράν.

459 1068 647 1135 Ούτως
688 1071 797 1145 γάρ
824 1076 919 1128 καὶ
977 1077 1104 1148 ὑμῖν
1135 1078 1311 1152 ὁμαλή
1341 1098 1424 1144 τις
1471 1080 1659 1148 ἐσται,
1710 1085 1805 1137 καὶ
1837 1085 2053 1157 ἀπαρα-

458 1160 766 1234 πόδιστοςή
799 1164 909 1217 ἀπὸ
943 1166 1043 1238 τῆς
1088 1166 1298 1239 πλάνης
1328 1170 1466 1241 πρὸς
1494 1170 1592 1244 τὴν
1635 1172 1894 1245 ἀλήθειαν
1931 1176 2048 1230 διά-

455 1252 633 1320 ϐασις.
667 1256 731 1309 El
771 1256 829 1311 δὲ
864 1258 959 1313 καὶ¹
991 1260 1238 1331 ποταμόν
1267 1278 1396 1315 ποτε
1437 1262 1531 1317 τὸν
1567 1264 1838 1339 Ἰορδάνην
1868 1285 2047 1340 παρα-

456 1344 621 1413 δόξως
658 1347 871 1421 διῆλθον
904 1351 954 1403 οί
1008 1351 1251 1418 παλαιοὶ,
1283 1354 1417 1409 ἀλλὰ
1450 1357 1547 1411 καὶ
1593 1359 1751 1430 ὑμεῖς
1797 1361 2047 1417 ἐντεῦθεν

453 1437 550 1511 ἤδη
584 1439 1032 1510 εὐαγγελίζεσθε,
1069 1445 1453 1515 γινώσκοντες,
1492 1450 1575 1504 ὅτι
1611 1452 1773 1524 ἡμεῖς
1809 1455 1963 1510 αὐτοὶ
1996 1460 2043 1511 oi

2156 898 2440 966 oﬂ'eratur,
2472 915 2626 956 mare
2649 902 2862 958 scilicet
2887 905 3017 958 olim
3051 921 3272 963 versum
3300 908 3357 963 in
3390 910 3619 967 aridam.
3645 911 3737 968 Sic

2156 994 2356 1065 quippe
2383 994 2541 1051 vobis
2566 996 2877 1067 expeditus,
2916 1014 2980 1053 ac
3026 1000 3177 1056 nullo
3209 1001 3367 1058 obice
3403 1004 3737 1063 interclusus

2152 1084 2257 1138 erit
2279 1086 2348 1140 ab
2382 1100 2569 1141 errore
2610 1085 2676 1141 ad
2715 1089 2998 1144 veritatem
3029 1093 3317 1150 transitus.
3350 1093 3507 1162 Quod
3541 1099 3586 1153 si
3614 1096 3737 1154 Jor-

2152 1175 2347 1232 danem
2369 1177 2594 1234 ﬂuvium
2624 1181 2834 1251 antiqui
2867 1181 2944 1235 illi
2968 1183 3345 1255 inexspectato
3368 1188 3530 1245 modo
3551 1196 3734 1246 trans-

2149 1269 2367 1337 ierunt;
2424 1278 2480 1324 at
2520 1286 2618 1327 vos
2669 1288 2889 1344 quoque
2937 1273 3043 1331 b'oc
3085 1279 3337 1348 exemplo
3379 1278 3731 1353 Evangelium

2148 1362 2408 1433 excipite,
2441 1362 2682 1419 scientes
2709 1366 2857 1436 quod
2887 1373 3001 1421 tum
3046 1382 3148 1423 nos
3182 1367 3287 1439 ipsi
3326 1371 3421 1441 qui
3452 1370 3568 1426 haec
3594 1370 3725 1427 dici--

2146 1467 2292 1519 mus,
2320 1462 2437 1508 tum
2469 1470 2568 1511 vos
2590 1458 2683 1526 qui
2710 1457 2936 1522 auditis,
2975 1478 2993 1511 ι
3020 1458 3097 1513 ibi
3128 1459 3437 1515 laetabimur
3465 1461 3521 1515 in
3539 1461 3680 1533 ipso.
3704 1479 3725 1514 ι

454 1530 622 1585 ταῦτα
650 1531 901 1602 λέγοντες
931 1536 1027 1589 καὶ
1049 1537 1207 1609 ὑμεῖς
1228 1539 1279 1592 οἱ
1301 1540 1594 1607 ἀκούοντες
1625 1562 1645 1596 ι
1672 1545 1787 1599 ἐκεῖ
1808 1548 2016 1621 εὐφραν

2146 1544 2245 1608 lbi,
2287 1545 2515 1631 scilicet,
2542 1547 2597 1601 in
2630 1557 2934 1604 memorato
2962 1547 3152 1605 ﬂuvio.
3189 1550 3306 1607 Erit
3334 1530 3578 1623 tempus,
3600 1558 3727 1619 erit,

452 1620 728 1693 θησόμεθα
761 1626 821 1679 ἐν
848 1627 1018 1699 αὐτῷ.
1076 1650 1095 1681 ι
1134 1631 1299 1696 Ἐκεῖ,
1321 1633 1522 1706 δηλαδὴ
1555 1636 1613 1691 ἐν
1633 1636 1712 1708 τῷ
1748 1640 2017 1711 μνησθέντ

2144 1636 2392 1706 inquam,
2432 1620 2543 1708 qu'o
2570 1653 2670 1693 ceu
2702 1637 2771 1693 ad
2816 1640 3126 1695 convivium
3171 1620 3499 1713 apparantes
3547 1659 3626 1709 se,
3660 1644 3729 1699 ad

453 1714 697 1786 ποταμῷ.
742 1717 938 1772 Ἔσται
976 1718 1107 1792 γὰρ,
1138 1719 1295 1775 ἔσται
1323 1724 1535 1795 καιρὸς,
1572 1725 1698 1779 καθ’
1734 1726 1814 1794 ὃν,
1851 1728 2017 1805 ὥσπει

2142 1729 2419 1786 lavacrum
2453 1732 2884 1803 regenerationis
2923 1733 3207 1797 accedent,
3245 1734 3312 1789 ad
3354 1736 3638 1806 mysticam
3669 1737 3728 1793 in

450 1808 528 1869 είς
556 1808 857 1879 συμπόσιον
900 1813 1479 1887 παρασκευαζόμενοι,
1517 1818 1611 1872 ἐπὶ
1654 1818 1882 1894 λουτροῦ
1933 1843 2017 1878 πα·

2138 1818 2381 1877 Jordane
2420 1820 2588 1875 ﬂuvio
2627 1821 2994 1893 peragendam
3027 1822 3275 1877 sordium
3320 1827 3721 1896 purgationem,

448 1897 787 1968 λιγγενεσίας
819 1903 1223 1976 ἀπαντήσουσιν
1268 1909 1350 1973 είς
1401 1910 1500 1981 τὴν
1552 1912 1611 1965 ἐν
1656 1912 1734 1984 τῷ
1789 1887 2017 1991 Ἰορδάνῃ

2139 1911 2233 1981 qui
2263 1912 2332 1967 ab
2375 1887 2697 1984 Egyptiaco
2730 1887 2919 1967 errore
2961 1912 3176 1968 liberati
3224 1887 3373 1969 sunt.
3420 1887 3517 1973 Dis
3550 1887 3719 1987 porro
3791 1914 3796 1919 ’

447 1991 677 2064 ποταμῷ
706 1996 977 2068 μυστικήν
1008 1997 1386 2071 ἀποκάθαρσιν
1424 2001 1474 2055 οἱ
1509 2004 1610 2075 τῆς
1653 2006 2017 2081 Αἰγυπτιακῆς

2139 2004 2483 2075 signiﬁcatur
2512 2004 2794 2059 lavacrum
2834 2005 3287 2077 regenerationis,
3324 2007 3471 2078 quod
3499 2010 3569 2065 ab
3596 2009 3723 2064 Jor-

447 2082 888 2158 ελευθερούμενοι
934 2089 1161 2161 πλάνης.
1218 2093 1482 2165 Σημαίνει
1528 2095 1586 2150 δὲ
1634 2098 1725 2153 διὰ
1768 2099 2017 2155 τούτων(

2136 2098 2277 2153 dane
2325 2096 2490 2155 ﬂuvio
2557 2100 2780 2171 incepit,
2842 2114 2967 2153 cum
3018 2097 3258 2155 Joannes
3318 2100 3562 2172 Baptista
3623 2101 3724 2158 Ju-

444 2175 595 2245 λόγος
616 2176 678 2232 τὸ
711 2177 936 2254 λουτρὸν
966 2182 1063 2254 τῆς
1096 2183 1541 2254 παλιγγενεσίας,
1586 2189 1893 2263 ἀρξάμενον
1925 2193 2017 2247 ἀπί

2134 2180 2305 2246 deam
2337 2199 2707 2263 percurreret,
2736 2192 3042 2263 praedicans
3080 2192 3414 2262 baptismum
3444 2195 3717 2264 paeniten-

446 2268 530 2324 τοῦ
560 2272 822 2343 Ἰορδάνου
843 2276 1112 2347 ποταμοῦ,
1136 2277 1376 2349 ὁπηνίκα
1398 2282 1425 2333 6
1447 2280 1756 2355 Βαπτιστὴς
1782 2285 2017 2359 Ἰωάννης

2133 2281 2243 2347 tiae,
2278 2297 2580 2354 omnesque
2607 2298 2734 2339 cum
2764 2282 2988 2340 Graecos
3021 2292 3137 2339 tum
3167 2283 3387 2341 Iudaeos
3408 2286 3718 2342 admitteret

441 2363 494 2418 ἐν
530 2366 595 2435 τῇ
630 2366 825 2438 ἐρήμῳ
864 2369 961 2438 τῆς
1019 2368 1279 2436 Ἰουδαίας
1320 2372 1559 2445 παρῄει,
1591 2377 1884 2448 κηρύσσων
1930 2378 2029 2450 βά-

442 2470 645 2527 πτισμα
678 2461 989 2528 μετανοίας,
1020 2464 1278 2534 προσίετό
1303 2483 1364 2519 τε
1392 2464 1601 2530 πάντας
1631 2468 1901 2540 Ἕλληνας
1934 2472 2030 2525 καὶ

448 2545 735 2614 Ἰουδαίους
752 2550 848 2604 ἐπὶ
872 2553 970 2624 τὴν
993 2554 1383 2628 ἐξομολόγησιν
1401 2557 1510 2612 τῶν
1526 2562 1992 2633 παραπτωμάτων
2010 2580 2023 2592 ·

440 2639 521 2692 5τε
553 2640 649 2693 καὶ
700 2640 862 2706 αὐτὸς
888 2644 917 2697 6
966 2645 1158 2719 Σωτὴρ
1205 2648 1302 2701 καὶ
1344 2647 1552 2720 Κύριος
1596 2650 1753 2722 ήμῶν
1797 2654 2027 2719 ἐπιστὰς

441 2728 523 2784 τὸν
553 2732 716 2787 αὑτὸν
750 2734 1057 2807 κατηξίωσε
1081 2739 1327 2811 ποταμὸν
1357 2740 1457 2812 τῆς
1483 2739 1670 2814 θεῖκῆς
1695 2742 1862 2798 αὐτοῦ
1899 2746 2023 2799 ἐπι-

436 2822 668 2890 σάσεως.
712 2828 803 2882 Διδ
835 2831 895 2883 ἐν
932 2834 1048 2896 τοῖς
1090 2834 1473 2906 προκειμένοις
1497 2834 1780 2892 λέλεκται·
1817 2857 1836 2891 ι
1878 2838 2026 2893 Ἐκεῖ

434 2919 922 2993 εὐφρανθησόμεθα
954 2924 1014 2978 ἐν
1044 2925 1215 2998 αὐτῷ.
1266 2945 1286 2978 ι
1324 2927 1517 2983 Ἔνθεν
1544 2929 1770 2995 εἰκότως
1796 2930 1859 2984 τὸ
1890 2933 2023 2987 αὐτὸ

435 3013 770 3083 προφητικὸν
800 3015 1016 3088 πνεῦμα
1052 3016 1143 3072 διὰ
1175 3019 1398 3074 Ἡσαΐου
1425 3019 1526 3093 τὴν
1552 3021 1757 3094 ἔρημον
1790 3024 2021 3095 εὐαγγε-

2131 2376 2201 2432 ad
2251 2376 2659 2433 confessionem
2719 2376 3240 2434 delictorum:cum
3288 2381 3408 2450 ipse
3459 2378 3719 2436 Servator

2130 2476 2184 2524 et
2216 2466 2480 2524 Dominus
2500 2475 2689 2524 noster
2712 2476 2921 2536 astans,
2947 2468 3127 2539 ipsum
3156 2468 3382 2525 ﬂuvium
3405 2470 3593 2526 divino
3614 2488 3718 2529 suo

2129 2559 2278 2615 aditu
2326 2558 2588 2631 dignatus
2615 2566 2721 2615 est.
2765 2557 3113 2631 Quapropter
3142 2574 3310 2631 supra
3332 2560 3541 2616 dictum
3580 2570 3664 2618 est
3695 2581 3710 2618 :

2132 2670 2151 2702 ι
2183 2650 2261 2705 lbi
2298 2651 2609 2707 laetabimur
2641 2651 2697 2706 in
2745 2652 2883 2722 ipso.
2919 2669 2938 2703 ι
2974 2649 3133 2708 Unde
3172 2658 3228 2707 et
3263 2652 3462 2708 merito
3494 2654 3713 2725 quidem

2127 2744 2270 2799 idem
2309 2743 2665 2815 propheticus
2704 2742 2954 2814 spiritus,
3003 2743 3096 2799 ubi
3140 2742 3359 2800 deserto
3388 2759 3486 2817 per
3513 2730 3712 2801 lSaiam

2125 2834 2303 2890 fausta
2341 2834 2650 2899 denuntiat,
2686 2835 2862 2905 ipsius
2908 2832 3167 2892 Iordanis
3199 2835 3532 2892 mentionem
3578 2835 3711 2893 facit

2122 2928 2312 2984 dicens
2337 2947 2350 2983 :
2380 2946 2399 2979 ι
2430 2926 2661 2992 Laetare,
2693 2927 2972 2984 desertum
3016 2929 3248 2997 sitiens;
3278 2927 3376 2985 sed
3409 2929 3578 2984 etiam
3606 2946 3703 2986 ex-

2121 3021 2287 3075 sultet
2333 3020 2594 3088 solitudo,
2629 3028 2685 3076 et
2723 3019 2914 3076 ﬂoreat
2954 3022 3117 3091 quasi
3165 3021 3342 3076 lilium
3371 3040 3383 3075 :
3418 3028 3473 3077 et
3495 3020 3709 3078 eﬂlore-

431 3102 709 3175 λιζόμενον
733 3107 827 3160 καὶ
855 3108 1022 3161 αὐτοῦ
1056 3111 1279 3182 μνήμην
1303 3113 1595 3185 πεποίηται
1622 3114 1719 3169 τοῦ
1753 3116 2017 3189 Ἰορδάνου

2122 3123 2278 3168 scent
2300 3120 2355 3169 et
2378 3112 2734 3169 exsultabunt
2750 3112 2969 3169 deserta
2990 3111 3269 3168 Jordanis.
3287 3112 3709 3179 Confortamini,

431 3194 585 3287 κέγον
606 3213 619 3226 ·
658 3214 675 3245 ι
707 3198 1080 3272 Εὐφράνθητι,
1110 3200 1317 3275 ἔρημος
1355 3203 1584 3275 διψῶσα·
1609 3205 1726 3261 ἀλλ’
1760 3207 2017 3277 ἀγαλλιά-

2122 3222 2321 3263 manus
2365 3207 2611 3262 remissae
2652 3214 2707 3262 et
2759 3222 2937 3277 genua
2967 3205 3275 3273 dissoluta;
3322 3205 3707 3272 consolamini,

430 3285 540 3340 σθω
565 3287 788 3361 ἔρημος,
806 3291 897 3345 καὶ
919 3293 1152 3349 ἀνθείτω
1168 3295 1243 3361 ὡς
1271 3295 1475 3369 κρίνον·
1506 3299 1599 3351 καὶ
1621 3298 1906 3372 ἐξανθήσει
1925 3302 2017 3356 καὶ

2131 3300 2223 3371 qui
2261 3308 2440 3355 mente
2468 3298 2848 3370 pusillanimes
2883 3299 3042 3355 estis.
3083 3297 3508 3366 Confortamini,
3540 3300 3739 3355 nolite

429 3379 812 3450 άγσλλιάσεται
831 3384 899 3438 τὰ
914 3385 1096 3459 ἔρημα
1110 3388 1202 3443 τοῦ
1219 3389 1506 3463 Ἰορδάνου.
1526 3390 1799 3462 ’ἰσχύσατε
1809 3432 1823 3459 ,
1840 3397 2017 3468 χεῖρες

2131 3392 2345 3447 timere.
2386 3390 2530 3448 Ecce
2569 3389 2716 3447 Deus
2746 3398 2936 3447 noster
2967 3390 3241 3461 judicium
3272 3390 3526 3445 retribuit
3551 3409 3565 3445 :
3592 3390 3707 3459 ipse

427 3473 725 3545 ἀνειμέναι,
758 3478 851 3533 καὶ
872 3479 1073 3549 γόνατα
1112 3481 1565 3554 παραλελυμένα·
1597 3486 2017 3557 παρακαλέσατε

2127 3485 2309 3543 veniet
2340 3492 2395 3540 et
2423 3483 2654 3539 salvabit
2682 3498 2803 3539 nos.
2840 3481 2996 3538 Tunc
3024 3482 3340 3554 aperientur
3365 3481 3511 3537 oculi
3537 3498 3706 3536 caeco-

425 3566 473 3621 οί
489 3567 797 3641 ὁλιγόψυχοι
817 3573 883 3643 τῇ
901 3571 1129 3644 διανοίᾳ.
1147 3570 1446 3643 Ἰσχύσατε,
1469 3576 1544 3648 μὴ
1558 3577 1827 3646 φοϐεῖσθε.
1848 3580 1976 3635 Ἰδοὺ
1988 3580 2017 3632 6

2125 3592 2270 3642 rum,
2306 3583 2361 3632 et
2392 3590 2557 3632 aures
2577 3573 2869 3631 surdorum
2900 3574 3145 3629 audient.
3183 3570 3339 3627 Tunc
3366 3572 3526 3627 saliet
3545 3573 3704 3642 quasi

424 3658 553 3723 Θεὸς
570 3660 726 3733 ήμῶν
748 3661 928 3733 κρίσιν
944 3663 1404 3721 ἀνταποδέδωκεν·
1428 3669 1590 3734 αὐτὸς
1608 3670 1728 3743 ἥξει
1744 3672 1837 3727 καὶ
1850 3671 2016 3732 σώσει

423 3754 589 3825 ἡμᾶς.
619 3755 753 3808 Τότε
782 3755 1194 3827 ἀνοιχθήσονται
1220 3757 1489 3831 ὀφθαλμοὶ
1521 3761 1759 3832 τυφλῶν,
1784 3765 1878 3819 καὶ
1900 3759 2013 3820 ὦτα

423 3844 620 3914 κωφῶν
647 3846 991 3902 ἀκούσονται.
1023 3849 1157 3903 Τότε
1186 3851 1393 3905 ἁλεῖται
1418 3851 1495 3917 ὡς
1522 3853 1719 3923 ἔλαφος
1762 3857 1792 3910 6
1816 3857 2008 3928 χωλὸς,

421 3940 515 3992 καὶ
542 3939 714 4011 τρανὴ
746 3938 901 3993 ἔσται
935 3939 1159 4009 γλῶσσα
1199 3942 1504 4014 μογιλάλων
1530 3960 1543 3974 ·
1576 3945 1659 3999 ὄτι
1690 3946 1903 4020 ἐρράγη
1950 3950 2009 4001 ἐν

418 4033 483 4102 τῇ
512 4032 703 4104 ἐρήμῳ
727 4031 870 4102 ὓδωρ
891 4072 904 4095 ,
938 4036 1033 4088 καὶ
1061 4034 1280 4108 φάραγξ
1308 4037 1366 4090 ἐν
1390 4038 1460 4109 γῇ
1490 4036 1720 4112 διψώσῃ.
1746 4059 1764 4090 ι
1791 4040 2008 4113 Ταύτην

416 4123 754 4181 διαλέλεκται
798 4129 891 4182 ἐπὶ
921 4127 1015 4182 τοῦ
1056 4129 1355 4201 παρόντος*
1396 4150 1416 4183 ι
1456 4132 1604 4184 Ἐκεῖ
1634 4133 2007 4205 εὐφρανθησὸ-

419 4218 559 4288 μεθα
591 4220 649 4272 ἐν
679 4219 828 4291 αὐτῷ
848 4237 861 4251 ’
897 4240 916 4274 ι
949 4220 985 4275 ἃ
1015 4221 1081 4292 δὴ
1110 4222 1417 4294 ἐπληροῦτο
1449 4222 1593 4278 κατὰ
1623 4224 1724 4296 τὴν
1758 4224 1853 4279 τοῦ
1895 4227 2005 4280 Σω-

414 4311 582 4384 τῆρος
614 4310 771 4384 ήμῶν
804 4314 885 4377 εἰς
905 4312 1224 4386 ἀνθρώπους
1255 4313 1593 4385 θεοφάνειαν.
1631 4316 1824 4371 Ἔνθεν
1862 4317 2003 4371 εἰκό-

414 4418 522 4465 τως
546 4402 576 4455 ὀ
613 4401 805 4474 παρὼν
837 4402 1054 4473 ψαλμὸς
1089 4402 1261 4457 ἅπασι
1292 4407 1410 4468 τοῖς
1441 4404 1621 4459 ἔθνεσι
1661 4406 2001 4477 προσφωνῶν

413 4496 567 4566 ἔλεγε
587 4514 600 4527 ’
635 4516 662 4549 ι
690 4496 856 4550 Δεῦτε
909 4497 1002 4551 καὶ
1046 4495 1183 4550 ἴδετε
1213 4497 1283 4551 τὰ
1333 4499 1470 4571 ἔργα
1517 4498 1612 4553 τοῦ
1644 4498 1779 4554 Θεοῦ
1800 4517 1812 4529 ·
1846 4520 1865 4552 ι
1906 4501 2000 4555 καὶ

2123 3679 2319 3721 cervus
2346 3664 2597 3727 claudus,
2631 3672 2687 3717 et
2719 3664 2904 3735 lingua
2936 3662 3353 3718 balbutientium
3384 3661 3535 3716 clara
3560 3662 3661 3716 erit
3687 3679 3701 3715 :

2120 3756 2252 3828 quia
2285 3765 2480 3827 erupta
2512 3766 2596 3812 est
2635 3755 2691 3809 in
2713 3754 2931 3812 deserto
2954 3769 3116 3824 aqua,
3148 3763 3203 3809 et
3232 3761 3447 3808 torrens
3474 3752 3530 3807 in
3556 3761 3703 3807 terra

2121 3848 2328 3904 sitienti
2353 3847 2419 3900 ιθ.
2461 3867 2481 3900 ι
2514 3845 2590 3902 De
2618 3846 2721 3901 hoc
2751 3846 2995 3917 loquitur
3028 3845 3083 3899 in
3115 3845 3368 3915 praesenti
3395 3859 3410 3896 :
3444 3864 3462 3896 ‹
3493 3844 3573 3900 lbi
3611 3846 3701 3899 la:-

2118 3939 2359 3995 tabimur
2388 3938 2444 3993 in
2475 3937 2615 4009 ipso.
2651 3956 2669 3989 ι
2709 3936 2843 4003 Quae
2874 3937 2929 3990 in
2964 3934 3152 3990 divino
3185 3933 3496 3990 Servatoris
3520 3936 3695 3991 nostri

2116 4031 2186 4087 ad
2228 4030 2479 4088 homines
2530 4028 2769 4085 adventu
2826 4027 3048 4098 impleta
3095 4035 3246 4082 sunt.
3282 4025 3440 4081 Unde
3490 4028 3697 4083 merito

2114 4138 2356 4195 prasens
2384 4104 2630 4194 psalmus
2650 4136 2842 4176 omnes
2863 4128 3052 4191 gentes
3074 4120 3415 4190 compellans
3440 4118 3652 4175 dicebat
3680 4138 3694 4177 :

2118 4233 2137 4266 ι
2168 4213 2360 4271 Venite
2399 4222 2455 4271 et
2489 4214 2672 4270 videte
2715 4228 2884 4284 opera
2917 4211 3046 4279 Dei;
3080 4231 3098 4263 ι
3132 4227 3198 4267 ac
3246 4227 3469 4268 rursum
3499 4231 3513 4268 :
3551 4232 3570 4265 ι
3601 4211 3697 4266 Βι-

2110 4310 2220 4366 cite
2267 4308 2378 4365 Deo
2419 4307 2640 4375 :Quam
2691 4305 2957 4363 terribilia
2988 4304 3135 4360 ‘sunt
3186 4319 3353 4375 opera
3409 4307 3533 4360 tua!
3568 4325 3587 4359 ι
3632 4304 3696 4361 Et

2108 4401 2267 4456 valde
2299 4408 2702 4471 consequenter
2731 4408 3023 4471 postquam
3050 4398 3298 4454 dixerat:
3335 4416 3354 4450 ι
3387 4398 3467 4454 lbi
3499 4398 3696 4453 laetabi-

2108 4509 2233 4548 mur
2275 4495 2330 4549 in
2366 4494 2508 4565 ipso,
2541 4514 2560 4547 ι
2598 4492 2802 4549 infert:
2842 4511 2861 4546 ι
2896 4491 3000 4559 Qui
3030 4492 3347 4548 dominatur
3395 4491 3453 4546 in
3496 4491 3697 4546 virtute

414 4590 605 4645 πάλιν⁸
639 4609 658 4641 ι
689 4589 895 4643 Εἴπατε
917 4589 996 4662 τῷ
1024 4589 1171 4661 Θεῷο
1216 4590 1303 4655 Ὠς
1329 4591 1538 4663 φοϐερὰ
1564 4592 1638 4646 τὰ
1659 4590 1796 4665 ἔργα
1821 4595 1946 4647 σουε
1976 4614 1994 4644 ι

2122 4587 2324 4644 saeculo.
2360 4606 2378 4638 ι
2435 4585 2494 4639 Id
2532 4600 2754 4656 quoque
2803 4599 2971 4654 porro
3001 4584 3296 4654 intelligas,
3346 4581 3693 4639 Servatorem

411 4683 627 4757 Σφόδρα
647 4682 704 4737 δὲ
731 4681 1040 4747 ἀκολούθως
1058 4682 1227 4736 εἰπών
1246 4700 1258 4713 ·
1291 4702 1309 4735 ‹
1346 4684 1494 4737 Ἐκεῖ
1513 4683 2000 4757 εὐφρανθησόμεθα

411 4779 473 4831 ἐν
506 4775 673 4847 αὐτῷ,
705 4795 722 4827 ι
763 4776 1016 4848 ἐπιφέρει
1037 4793 1050 4806 ο
1076 4795 1094 4827 ι
1127 4775 1208 4847 Tt;
1270 4774 1586 4840 δεσπόζοντι
1635 4777 1695 4830 ἐν
1741 4778 1809 4847 τῇ
1842 4776 2001 4829 δυνα-

414 4870 569 4940 στείᾳ
627 4867 796 4923 αὐτοῦ
829 4868 923 4924 τοῦ
975 4868 1191 4933 αἰῶνος.
1239 4887 1257 4920 ι
1296 4869 1531 4940 Νοήσεις
1584 4867 1640 4921 δὲ
1695 4869 1789 4922 καὶ
1844 4867 2002 4922 τοῦτο

412 4960 579 5016 αὑτοῦ
611 4959 862 5029 λέγοντος
891 4960 1105 5014 ἀκούων
1142 4959 1238 5013 τοῦ
1286 4961 1566 5033 Σωτῆροςο
1601 4980 1619 5011 ι
1664 4959 1851 5030 Ἐδόθη
1909 4978 1999 5030 μοι

409 5055 561 5111 πᾶσα
584 5051 801 5119 ἐξουσία
824 5054 882 5106 ἐν
904 5050 1121 5124 οὐρανῷ
1141 5052 1236 5105 καὶ
1260 5052 1354 5105 ἐπὶ
1379 5052 1480 5122 τῆς
1502 5052 1605 5122 γῆς
1626 5068 1637 5081 ·
1674 5050 1998 5123 πορεύοντες

414 5145 791 5218 μαθητεύσατε
820 5146 1000 5201 πάντα
1030 5145 1099 5200 τὰ
1154 5145 1279 5217 ἔθνη
1322 5147 1380 5199 ἐν
1422 5145 1500 5217 τῷ
1549 5144 1774 5216 ὀνόματί
1817 5162 1937 5214 μου.
1972 5163 1991 5196 ι

411 5238 504 5292 Διὸ
535 5236 678 5317 κατὰ
703 5237 802 5310 μὲν
820 5238 911 5292 τὸν
928 5236 1160 5291 Ἀκύλαν
1188 5237 1402 5309 εἴρηται
1426 5254 1438 5267 ·
1470 5256 1488 5289 ι
1514 5235 1605 5307 Τῷ
1631 5234 1996 5301 ὲξουσιάζοντι

411 5330 471 5385 ἐν
494 5332 562 5403 τῇ
596 5331 883 5402 δυναστείᾳ
932 5329 1098 5385 αὐτοῦ
1138 5330 1204 5383 δι’
1237 5330 1452 5395 αἰῶνος.
1504 5349 1522 5380 ι
1573 5329 1681 5383 Καὶ
1720 5329 1895 5393 ἄλλως
1939 5328 1997 5382 δὲ

409 5421 900 5495 εὐφρανθησόμεθα
943 5425 1001 5478 ἐν
1032 5422 1182 5495 αὐτῴ
1232 5421 1340 5476 τῶν
1382 5420 1797 5493 προειρημένων
1828 5437 1996 5474 κατα-

412 5514 715 5580 ξιωθέντες.
745 5516 885 5569 Πότε
912 5515 970 5568 δὲ
1012 5513 1532 5588 εὐφρανθησόμεθα,
1566 5513 1679 5567 ἀλλ’
1715 5511 1935 5567 ἐπειδὰν
1967 5514 1996 5565 6

414 5609 626 5682 μέλλων
672 5611 871 5681 ἐπιστῇ
924 5610 1097 5675 αἰὼν,
1145 5603 1207 5662 οῦ
1256 5608 1351 5679 τὴν
1396 5607 1712 5661 δεσποτείαν
1750 5606 1847 5660 καὶ
1896 5606 1995 5677 τὴν

411 5704 658 5772 ἐξουσίαν
689 5704 796 5757 οὐδ’
825 5703 1011 5775 ἕτερος
1039 5702 1169 5770 ἕξει,
1198 5703 1229 5773 ή
1264 5701 1425 5773 μόνος
1450 5700 1612 5764 αὐτὸς
1646 5702 1673 5753 6
1708 5701 1807 5765 τὴν
1836 5699 1996 5753 δυνα-

483 5880 658 5937 "lsa.
691 5897 854 5944 xxxv,
885 5881 907 5934 1
947 5881 1001 5936 6.
1079 5882 1125 5913 ⁸⁸
1151 5878 1339 5935 Matth.
1378 5894 1571 5942 xxvru,
1612 5878 1700 5941 18,
1736 5877 1811 5934 l9.

2107 4678 2334 4734 audiens
2360 4677 2633 4732 dicentem
2665 4694 2677 4729 :
2719 4693 2738 4726 ι
2769 4672 2903 4727 Data
2947 4682 3032 4729 est
3066 4671 3200 4726 mihi
3233 4671 3417 4727 omnis
3445 4678 3693 4741 potestas

2104 4772 2159 4827 in
2190 4768 2330 4826 caelo
2359 4779 2414 4824 et
2439 4770 2497 4823 in
2529 4776 2697 4823 terra.
2725 4765 2934 4822 Euntes
2964 4764 3156 4821 docete
3196 4778 3389 4819 omnes
3418 4769 3609 4834 gentos
3636 4763 3689 4815 in

2103 4864 2326 4920 nomine
2372 4877 2497 4916 meo
2521 4860 2589 4914 '°.
2623 4880 2643 4913 ι
2678 4859 2863 4926 Quare
2912 4857 3217 4914 secundum
3260 4854 3515 4926 Aquilam
3547 4854 3686 4908 dici.

2102 4966 2229 5011 tur:
2261 4975 2278 5007 ι
2311 4954 2417 5021 Qui
2451 4961 2773 5024 potestatem
2805 4951 2970 5006 habet
3010 4950 3066 5005 in
3090 4949 3293 5004 virtute
3323 4962 3422 5002 sua
3455 4962 3552 5016 per
3582 4962 3687 5001 sae-

2101 5051 2307 5105 culum.
2337 5067 2356 5099 ι
2401 5048 2553 5101 Alias
2587 5060 2805 5116 quoque
2832 5043 3138 5098 laetabimur
3178 5041 3233 5095 in
3268 5041 3408 5111 ipso,
3439 5039 3551 5109 jam
3584 5056 3684 5092 me-

2100 5141 2327 5197 moratis
2377 5139 2542 5195 bonis
2589 5136 2797 5193 donati.
2848 5134 3210 5202 Quandonam
3260 5132 3683 5194 exsultabimus,

2098 5228 2205 5285 nisi
2231 5244 2355 5284 cum
2388 5227 2631 5283 futurum
2674 5211 2937 5280 saeculum
2971 5222 3275 5288 advenerit,
3324 5222 3485 5292 cujus
3516 5221 3686 5276 domi-

2100 5329 2288 5377 natum
2343 5329 2399 5377 et
2445 5328 2770 5393 potestatem
2820 5318 3005 5374 nullus
3050 5316 3192 5372 alius
3246 5315 3535 5383 obtinebit,
3573 5316 3679 5369 nisi

2098 5416 2190 5472 ille
2214 5414 2310 5486 qui
2339 5415 2679 5471 dominatum
2705 5412 2927 5483 aPatre
2961 5412 3210 5482 accepit?
3255 5410 3412 5466 Nunc
3448 5409 3593 5466 enim
3626 5410 3681 5463 in

2100 5509 2351 5579 praesenti
2390 5509 2592 5565 saeculo
2625 5507 2968 5579 principatus
2995 5513 3124 5562 sunt
3162 5503 3343 5569 multi,
3378 5510 3682 5575 potestates

2097 5610 2152 5657 et
2196 5601 2624 5667 dominationes,
2673 5600 2980 5671 spiritualia
3028 5598 3286 5669 nequitiae
3334 5603 3390 5652 et
3436 5604 3680 5653 rectores

2099 5692 2306 5746 mundi.
2356 5689 2511 5745 Tunc
2570 5706 2723 5756 vero,
2766 5699 3061 5761 postquam
3115 5688 3406 5745 sustulerit
3461 5700 3681 5743 omnem
