4142 6388
431 395 539 452 655

1141 390 1413 448 EUSEBll
1453 389 1932 449 CAESARIENSIS
1971 391 2122 448 OPP.
2164 390 2346 448 PARS
2386 390 2477 446 lll.
2507 417 2577 432 --
2602 387 3015 447 EXEGETICA.

3610 394 3717 449 656

436 512 822 582 principatum,
872 516 1197 579 potestatem
1249 517 1304 565 et
1348 509 1629 574 virtutem,
1684 509 1803 580 ipse
1860 510 2011 565 solus

2136 511 2300 563 ιτείαν
2346 511 2496 582 παρά
2528 510 2622 563 τοῦ
2654 509 2868 581 Πατρὸς
2919 508 3191 580 είληφώς;
3232 510 3347 562 Νυν
3378 510 3477 580 μὲν
3506 509 3615 582 γὰρ
3659 513 3718 565 ἐν

436 604 722 673 imperium
762 601 1030 656 obtinebit
1081 601 1137 654 in
1187 602 1449 656 saeculum
1494 602 1650 667 illud,
1684 602 1740 656 in
1774 617 1885 672 quo
1928 602 2019 657 lte-

436 696 611 749 titiam
647 693 807 749 nobis
830 693 921 747 hic
955 708 1137 748 sermo
1169 693 1482 763 pollicetur.

2128 602 2206 673 τῷ
2240 604 2468 675 παρόντι
2510 604 2668 657 αἰῶνι
2714 604 2880 673 ἀρχαὶ
2919 602 3147 667 πολλαὶ,
3193 603 3285 655 καὶ
3339 602 3579 669 ἐξουσίαι
3626 606 3721 657 καὶ

2127 695 2485 767 κυριότητες,
2534 696 2628 748 καὶ
2660 693 3011 765 πνευματικά
3063 694 3328 766 πονηρίας
3374 694 3470 746 καὶ
3514 711 3719 765 κοσμο-

435 791 732 863 κράτορεςο
768 790 889 843 τότε
911 790 987 854 δὲ,
1020 790 1109 842 ὅτε
1174 791 1501 859 καταργήσῃ
1536 790 1716 842 πᾶσαν
1751 788 1928 860 ἀρχὴν
1990 790 2085 844 καὶ
2125 790 2375 855 ἐξουσίαν
2430 792 2525 846 καὶ
2575 790 2835 862 δύναμιν,
2887 790 3047 862 μόνος
3099 791 3262 854 αὐτὸς
3294 790 3587 863 ὲξουσιάσῃ
3623 791 3717 844 τοῦ

436 887 650 951 αἰῶνος,
682 888 741 941 ἐν
770 878 814 954 ᾧ
851 886 1246 955 ἐπαγγέλλεται
1287 889 1415 957 ήμῖν
1449 890 1477 939 ὁ
1505 886 1694 957 παρὼν
1727 886 1885 957 λόγος
1925 887 2023 957 τὴν
2065 887 2423 959 εὐφροσύνην.

507 1000 675 1057 Vens.
710 1002 825 1058 7-9.
873 1021 891 1052 ι
924 1000 1079 1057 Oculi
1109 1002 1229 1071 ejus
1266 1018 1434 1073 super
1461 1011 1650 1073 gentes
1684 1003 2019 1073 respiciunt:

438 1096 533 1166 qui
579 1103 904 1165 exasperant
940 1110 1050 1149 non
1080 1095 1394 1149 exaltentur
1433 1094 1486 1149 in
1524 1096 1857 1165 semetipsis.
1900 1094 2026 1150 Dia-

437 1190 670 1260 psalma.
699 1208 718 1239 »
745 1188 884 1244 Cum
919 1190 1175 1258 superius
1197 1191 1441 1259 gentium
1469 1189 1810 1243 vocationem
1845 1189 2030 1243 adum—

436 1280 641 1342 braret,
689 1280 1001 1334 universam
1048 1289 1248 1336 terram
1294 1282 1601 1336 evocabat:
1631 1297 1808 1351 neque
1846 1291 2027 1335 tamen

438 1382 628 1444 gentes
663 1374 868 1428 diserte
910 1375 1272 1429 memoravit:
1303 1390 1450 1428 nunc
1499 1390 1630 1429 vero
1685 1375 2030 1445 apertissime

438 1466 695 1530 easdem,
763 1481 975 1521 necnon
1034 1467 1129 1521 Dei
1182 1467 1690 1523 reconciliationem
1750 1470 2019 1524 meminit.

439 1558 573 1612 Nam
605 1557 672 1612 de
704 1559 1085 1628 peccatoribus
1108 1558 1328 1627 quidem
1365 1558 1572 1613 dictum
1604 1567 1687 1615 est
1722 1578 1736 1615 :
1781 1577 1798 1609 ι
1829 1557 2028 1614 Averte

442 1652 633 1707 faciem
689 1660 839 1706 tuam
896 1668 927 1705 a
990 1651 1231 1721 peccatis
1286 1654 1526 1718 meis“;
1565 1671 1584 1703 ›
1641 1667 1704 1706 ac
1760 1667 2024 1707 rursum:

445 1764 463 1796 ι
500 1745 681 1811 Quare
736 1745 930 1800 faciem
984 1753 1156 1807 tuam,
1228 1753 1281 1799 et
1329 1744 1609 1799 dexteram
1665 1751 1816 1800 tuam
1873 1760 2029 1799 aver-

441 1842 512 1896 tis
530 1841 614 1893 "?
645 1859 661 1890 ι
703 1849 751 1893 et
792 1840 1029 1892 iterum:
1064 1855 1082 1889 ι
1114 1837 1377 1892 Avertisti
1417 1845 1599 1891 autem
1636 1836 1834 1891 faciem
1873 1844 2025 1890 tuam

440 1948 471 1985 a
504 1947 609 1995 me,
658 1938 710 1986 et
752 1929 927 1985 factus
978 1944 1099 1984 sum
1147 1928 1514 1983 conturbatus
1536 1928 1604 1982 ⁸³.
1644 1948 1660 1979 ι
1700 1927 1773 1982 De
1796 1928 1864 1983 iis
1897 1943 2028 1982 vero

440 2025 533 2094 qui
568 2024 711 2079 bona
766 2038 861 2093 spe
910 2020 1167 2077 instructi
1225 2030 1354 2075 sunt
1401 2021 1611 2074 dictum
1665 2030 1788 2075 est:
1822 2041 1839 2071 ‹
1872 2021 2029 2075 Oculi

442 2115 656 2170 Domini
703 2129 867 2184 super
894 2112 1098 2183 justos,
1146 2120 1199 2165 et
1240 2125 1403 2166 aures
1452 2111 1572 2180 ejus
1611 2111 1664 2164 in
1706 2126 1896 2181 preces
1942 2125 2033 2164 eo-

442 2222 562 2262 rum
585 2207 666 2275 ";
704 2226 722 2258 ι
758 2214 813 2261 et
855 2220 1078 2261 rursum
1108 2221 1120 2257 :
1156 2222 1173 2254 ι
1210 2203 1367 2257 Oculi
1417 2204 1496 2257 tui
1531 2203 1753 2258 videant
1795 2203 2028 2272 aequita-

443 2299 629 2365 tes“;
663 2317 681 2350 ι
731 2304 785 2353 et
832 2298 1031 2351 iterum
1074 2313 1088 2349 ι
1136 2314 1153 2346 ι
1188 2294 1448 2365 Signetur
1494 2310 1660 2364 super
1707 2308 1810 2348 nos
1848 2294 2029 2347 lumen

445 2392 624 2445 vuttus
658 2391 760 2455 tui,
806 2387 1035 2442 Domine
1056 2386 1121 2440 ".
1160 2405 1178 2437 ι
1220 2386 1425 2457 Magna:
1473 2387 1641 2456 igitur
1683 2386 2029 2456 pollicitatio-

445 2497 541 2537 nes
572 2480 825 2554 gentibus
866 2480 919 2533 in
948 2479 1207 2548 praesenti
1237 2478 1377 2532 datae
1410 2486 1557 2533 sunt.
1590 2476 1708 2537 Jam
1734 2478 1877 2531 oculi
1910 2476 2029 2546 ejus

445 2591 608 2644 super
652 2580 840 2644 gentes
886 2572 1211 2641 respiciunt.
1258 2570 1436 2640 Atque
1482 2568 1888 2624 animadvertas
1937 2584 2031 2621 ve-

443 2663 539 2715 lim
593 2662 650 2715 in
686 2661 838 2716 hisce
873 2675 1145 2730 nusquam
1180 2657 1492 2714 Iudaeorum
1549 2660 1880 2715 mentionem
1930 2660 2029 2713 ha-

445 2755 594 2821 beri;
645 2754 741 2809 sed
777 2770 871 2825 per
903 2763 1075 2807 totum
1128 2754 1401 2823 psalmum
1452 2753 1593 2807 bona
1639 2752 1896 2822 gentibus
1934 2768 2032 2806 an-

445 2848 710 2902 nuntiari.
758 2845 1142 2901 Perhumanus
1182 2860 1315 2916 ergo
1344 2845 1435 2899 ille
1469 2845 1714 2915 gentium
1771 2843 2032 2899 Servator

446 2938 639 2992 oculos
682 2952 834 3000 suos,
873 2936 1084 2991 scilicet
1121 2934 1449 3005 inspiciendi
1483 2935 1733 2998 virtutes,
1771 2937 2032 3005 expandit

447 3032 503 3085 in
532 3044 725 3085 omnes
754 3036 966 3101 gentes.
1000 3027 1165 3083 Lucis
1209 3036 1392 3081 autem
1424 3025 1563 3080 radii
1596 3042 1661 3081 ex
1708 3027 1883 3081 oculis
1911 3028 2031 3097 ejus

446 3121 656 3186 emissi,
703 3122 919 3176 animas
979 3121 1064 3176 sui
1123 3133 1356 3190 capaces
1411 3118 1711 3174 illustrant.
1760 3117 2029 3184 Quoniam

2198 1026 2217 1057 ‹
2258 1007 2321 1060 Οἱ
2351 1006 2622 1077 ὀφθαλμοὶ
2660 1006 2826 1060 αὐτοῦ
2857 1006 2952 1059 ἐπὶ
2982 1006 3050 1059 τὰ
3076 1005 3202 1078 ἔθνη
3237 1006 3641 1068 ἐπιϐλέπουσιν,
3664 1008 3716 1059 οἱ

2125 1100 2657 1170 παραπικραίνοντες
2676 1098 2750 1170 μὴ
2764 1098 3118 1169 ὑψούσθωσαν
3141 1102 3199 1153 ἐν
3226 1101 3459 1164 ἑαυτοῖς.
3479 1101 3717 1171 Διάῲαλ-

2129 1209 2224 1261 μα.
2250 1191 2374 1245 »Διά
2402 1191 2510 1245 τῶν
2528 1193 2552 1244 ἐ
2561 1190 2839 1263 μπροσθεν
2854 1192 3301 1263 ἐπεσκιασμένως
3312 1193 3411 1264 τὴν
3424 1192 3531 1248 τῶν
3545 1192 3717 1246 ἐθνῶν

2128 1283 2316 1353 κλῆσιν
2350 1283 2729 1354 αἰνιξάμενος,
2766 1286 2947 1338 πᾶσαν
2976 1285 3072 1356 τὴν
3103 1285 3204 1356 γῆν
3245 1286 3459 1339 ἐκάλειο
3491 1286 3553 1339 οὐ
3610 1286 3717 1357 μὴν

2130 1375 2316 1445 σαφῶς
2347 1375 2415 1429 τὰ
2438 1376 2565 1444 ἔθνη
2587 1394 2598 1405 ·
2629 1378 2746 1430 νυνὶ
2768 1377 2825 1430 δὲ
2847 1377 3148 1430 λευκότατα
3172 1377 3281 1431 τῶν
3304 1377 3473 1432 ἐθνῶν
3510 1378 3575 1448 μέ
3585 1396 3717 1450 μνη-

2122 1483 2211 1520 ται
2239 1468 2333 1519 καὶ
2370 1466 2470 1537 τῆς
2509 1466 2602 1519 τοῦ
2626 1466 2760 1519 Θεοῦ
2783 1466 3095 1537 διαλλαγῆς.
3140 1466 3264 1519 Ἐπὶ
3289 1467 3387 1536 μὲν
3439 1465 3547 1536 γὰρ
3605 1465 3717 1518 τῶν

2127 1558 2544 1630 ἁμαρτανόντων
2572 1557 2818 1628 εἴρηταιο
2855 1574 2873 1607 ι
2913 1556 3279 1626 Ἀπόστρεψον
3322 1555 3384 1608 τὸ
3424 1556 3717 1627 πρόσωπόν

2129 1669 2221 1704 σου
2268 1651 2377 1704 ἀπὸ
2408 1652 2517 1703 τῶν
2552 1651 2836 1722 ἁμαρτιῶν
2872 1666 3000 1721 μου·
3038 1668 3055 1701 ι
3092 1649 3187 1701 καὶ
3217 1648 3409 1702 πάλιν·
3464 1667 3482 1699 ι
3518 1649 3635 1701 Ἵνα
3662 1649 3716 1701 τί

2128 1742 2491 1814 ἀποστρέφεις
2521 1743 2579 1795 τὸ
2610 1742 2900 1813 πρόσωπόν
2938 1759 3030 1794 σου
3073 1741 3167 1793 καὶ
3196 1740 3294 1812 τήν
3328 1738 3507 1804 δεξιάν
3537 1756 3661 1800 σου;
3692 1760 3710 1789 ι

2130 1837 2223 1888 καὶ
2248 1834 2407 1887 πάλιν
2428 1851 2441 1863 ·
2478 1853 2495 1884 ι
2540 1833 2911 1905 Ἀπέστρεψας
2941 1833 2997 1886 δέ
3027 1832 3088 1885 τὸ
3120 1831 3412 1903 πρόσωπόν
3458 1847 3549 1883 σου
3571 1871 3585 1895 ,
3622 1830 3718 1884 καὶ

2132 1928 2395 2000 ἐγενήθην
2428 1926 2849 1998 τεταραγμένος.
2876 1946 2893 1977 ι
2942 1925 3067 1978 Ἐπὶ
3098 1925 3155 1978 δὲ
3192 1924 3301 1978 τῶν
3331 1923 3538 1992 ἀγαθὰς
3565 1923 3717 1977 ἐλπί-

2131 2023 2225 2084 δας
2274 2023 2507 2092 ἐχόντων
2566 2020 2853 2073 λέλεκται·
2911 2039 2927 2071 ι
2979 2019 3278 2089 Ὀφθαλμοὶ
3341 2017 3544 2089 Κυρίου
3624 2018 3717 2069 ἐπὶ

2131 2108 2395 2171 δικαίους,
2455 2108 2549 2160 καὶ
2601 2102 2714 2161 ὦτα
2764 2107 2929 2161 αὐτοῦ
2981 2108 3060 2171 είς
3102 2108 3287 2179 δέησιν
3318 2106 3531 2159 αὐτῶν·
3565 2125 3585 2157 ›
3623 2106 3719 2159 καὶ

2132 2200 2321 2255 πάλιν
2354 2220 2371 2252 ι
2398 2202 2461 2254 Οἱ
2481 2200 2749 2271 ὀφθαλμοί
2787 2218 2880 2253 σου
2912 2201 3169 2253 ίδέτωσαν
3206 2199 3505 2268 εύθύτητας
3526 2215 3539 2227 ·
3574 2217 3591 2249 ι
3623 2197 3719 2250 καὶ

2131 2287 2321 2355 αὖθιςσ
2357 2310 2375 2342 ‹
2408 2278 2779 2361 Σημέιωθήτω
2822 2292 2907 2360 ἐφ’
2952 2292 3098 2362 ἡμᾶς
3141 2290 3200 2342 τὸ
3246 2289 3358 2358 φῶς
3401 2288 3494 2341 τοῦ
3544 2305 3718 2359 προσ-

2130 2383 2280 2437 ώπου
2327 2401 2441 2450 σου,
2475 2383 2669 2455 Κύριε.
2697 2404 2714 2434 ι
2755 2383 3005 2452 Μεγάλαι
3048 2382 3227 2436 τοίνυν
3277 2382 3596 2451 ἐπαγγελίαι
3627 2382 3719 2435 διὰ

2130 2478 2238 2533 τῶν
2274 2477 2649 2549 προκειμένων
2684 2481 2793 2541 τοῖς
2821 2478 2997 2530 ἔθνεσι
3026 2478 3296 2531 δέδονται·
3326 2477 3429 2549 ήδη
3450 2476 3719 2547 ὀφθαλμοὶ

2132 2570 2297 2624 αὑτοῦ
2324 2573 2415 2625 ἐπὶ
2448 2572 2515 2625 τὰ
2549 2571 2677 2642 ἔθνη
2708 2571 3081 2625 ὲπιϐλέπουσι.
3116 2572 3224 2624 Καὶ
3257 2570 3354 2624 θέα
3384 2573 3532 2633 ὅπως
3560 2568 3718 2622 ούδα-

2137 2663 2238 2734 μοῦ
2282 2663 2390 2716 τῶν
2421 2662 2798 2735 προκειμένων
2837 2662 3107 2716 Ἰουδαίων
3154 2662 3460 2733 μέμνηται,
3492 2661 3559 2714 δι’
3596 2660 3716 2713 ὅλου

2132 2753 2187 2805 δὲ
2215 2756 2325 2817 τοῖς
2357 2752 2533 2806 ἔθνεσι
2564 2752 2630 2806 τὰ
2662 2752 2871 2824 χρηστὰ
2901 2751 3334 2820 εὐαγγελίζεται.
3380 2751 3437 2804 Ὀ
3484 2749 3581 2821 μὲν
3624 2745 3717 2803 οὖν

2133 2845 2513 2916 φιλάνθρωπος
2538 2845 2646 2898 τῶν
2678 2844 2848 2898 ἐθνῶν
2889 2844 3081 2917 Σωτὴρ
3110 2846 3235 2908 τοὺς
3266 2844 3578 2915 ὀφθαλμοὺς
3618 2846 3718 2898 αύ-

2132 2935 2224 2987 τοῦ
2246 2975 2260 2997 ,
2297 2935 2396 2998 τάς
2425 2935 2788 2999 ἐπισκοπικάς
2832 2935 3032 3007 δηλαδὴ
3074 2936 3333 3007 δυνάμεις
3358 2976 3371 3000 ,
3405 2935 3719 3008 ἐξήπλωσεν

2135 3028 2227 3079 ἐπὶ
2255 3028 2435 3081 πάντα
2468 3027 2535 3081 τὰ
2563 3027 2711 3098 ἔθνη.
2736 3028 2917 3092 Φωτὸς
2943 3028 3001 3081 δὲ
3044 3030 3262 3092 ἀκτῖνες
3291 3030 3354 3081 ἐκ
3383 3029 3491 3083 τῶν
3522 3029 3721 3098 ὀφθαλ-

2137 3115 2253 3186 μῶν
2286 3117 2450 3169 αὐτοῦ
2484 3117 2832 3187 πεμπόμεναι
2866 3117 2963 3181 τὰς
2989 3119 3303 3190 χωρητικάς
3335 3119 3515 3173 αὐτῶν
3541 3119 3720 3191 ψυχὰς

448 3228 579 3268 vero
612 3212 857 3266 futurum
903 3217 1020 3265 erat
1058 3219 1119 3264 ut
1160 3224 1270 3263 non
1320 3223 1513 3263 omnes
1545 3209 1776 3279 gratiam
1822 3210 2031 3278 recipe-

2136 3208 2603 3280 καταλάμπουσιν.
2624 3211 2774 3263 Ἐπεὶ
2796 3210 2852 3262 δὲ
2874 3210 3106 3282 ἤμελλον
3131 3212 3205 3282 μὴ
3224 3212 3424 3276 πάντες
3442 3213 3540 3284 τὴν
3564 3214 3723 3285 χάριν

447 3314 591 3371 rent,
623 3305 715 3361 sed
749 3313 955 3359 tantam
999 3303 1120 3372 ejus
1143 3317 1269 3373 erga
1300 3301 1550 3356 homines
1580 3301 1926 3356 clementiam
1958 3302 2029 3355 ir-

447 3400 680 3453 ritarent
708 3406 761 3452 et
784 3402 1196 3466 exasperarent,
1228 3394 1373 3465 quod
1404 3395 1606 3449 donum
1638 3409 1749 3448 non
1778 3394 2034 3449 admitte-

448 3494 604 3553 rent;
634 3488 758 3559 jure
793 3487 1012 3542 additur
1041 3505 1054 3541 :
1086 3506 1106 3537 ‹
1138 3485 1242 3552 Qui
1274 3492 1601 3555 exasperant
1643 3500 1753 3540 non
1790 3485 2035 3540 exalten-

452 3590 544 3656 tur
566 3581 623 3635 in
658 3580 991 3651 semetipsis.
1027 3599 1046 3633 ›
1090 3579 1186 3635 His
1208 3595 1374 3650 porro
1403 3577 1679 3650 signiﬁcat
1701 3593 1795 3634 eos
1820 3593 1884 3631 ex
1911 3594 2036 3648 gen-

446 3674 618 3740 tibus,
659 3672 753 3743 qui
801 3672 1137 3743 immorigeri
1184 3680 1241 3729 et
1281 3672 1708 3742 inobsequentes
1738 3669 2035 3740 Evangelia

448 3777 596 3823 sunt.
651 3766 835 3833 Quare
892 3766 1035 3836 apud
1093 3765 1483 3838 Symmachum
1538 3764 1741 3819 dicitur
1775 3782 1789 3818 :
1824 3782 1841 3815 ι
1874 3763 2032 3817 Oculi

449 3863 572 3933 ejus
601 3870 791 3933 gentes
839 3860 1178 3930 inspiciunt;
1227 3860 1650 3929 inobsequentes
1689 3872 1758 3913 ne
1793 3859 2036 3913 exaltent

448 3954 797 4023 semetipsos.
841 3973 859 4005 ι
898 3953 1019 4006 Alio
1055 3952 1181 4007 item
1237 3967 1403 4007 sensu
1435 3951 1639 4006 indicat
1678 3966 1773 4007 eos
1826 3966 1890 4006 ex
1938 3951 2037 4005 cir-

450 4043 811 4106 cumcisione,
841 4042 933 4111 qui
967 4042 1199 4110 gratiam
1230 4047 1702 4110 contempserunt,
1753 4048 1808 4095 et
1846 4040 2037 4095 Serva-

450 4135 590 4189 toris
638 4135 983 4188 vocationem
1026 4132 1182 4186 nihili
1242 4132 1511 4187 fecerunt.
1555 4134 1737 4199 Quare
1796 4132 2035 4202 Spiritus

455 4234 680 4281 sanctus
744 4241 840 4295 per
894 4224 1089 4281 Isaiam
1145 4224 1211 4278 ad
1267 4240 1363 4279 eos
1428 4225 1730 4295 respiciens
1778 4224 2032 4280 dicebat:

458 4335 475 4364 ι
506 4316 652 4370 Aure
691 4316 954 4379 audiatis,
990 4323 1045 4369 et
1088 4329 1156 4369 ne
1187 4315 1540 4384 intelligatis;
1594 4321 1648 4369 et
1679 4314 1925 4371 videntes
1958 4316 2039 4369 vi-

455 4407 654 4470 deatis,
693 4415 747 4462 ct
773 4421 841 4462 ne
878 4409 1067 4464 sciatis
1090 4408 1156 4459 ⁵⁷.
1194 4426 1212 4459 ι
1246 4406 1437 4462 Merito
1477 4408 1643 4477 igitur
1676 4407 1821 4463 viros
1854 4410 2031 4461 incre-

458 4515 593 4569 pans
618 4514 865 4569 ‘przesens
914 4512 1118 4562 sermo,
1154 4505 1343 4569 utpote
1388 4498 1506 4551 sine
1538 4512 1705 4551 causa
1751 4497 1819 4551 de
1862 4507 2041 4550 atavo-

2137 3301 2516 3373 ὑποδέχεσθαι,
2555 3302 2908 3374 παροργίζειν
2936 3303 2993 3356 δὲ
3035 3302 3095 3356 τὸ
3133 3304 3257 3356 ὅσον
3288 3306 3372 3357 ἐπ’
3416 3305 3599 3368 αὐτοῖς
3630 3308 3722 3359 καὶ

2136 3395 2600 3466 παραπικραίνειν
2627 3394 2724 3465 τὴν
2768 3396 3036 3468 τοσαύτην
3081 3395 3509 3467 φιλανθρωπίαν,
3547 3397 3634 3450 διὰ
3662 3398 3722 3450 τὸ

2139 3486 2214 3557 μὴ
2266 3486 2667 3557 παραδέχεσθαι
2716 3487 2777 3541 τὸ
2805 3488 3007 3560 δῶρον,
3058 3490 3282 3554 είκότως
3341 3491 3719 3546 ἐπιλέλεκται’

2143 3596 2161 3626 ι
2190 3578 2251 3629 Οἱ
2280 3579 2815 3648 παραπικραίνοντες
2852 3580 2926 3651 μὴ
2952 3580 3309 3650 ὑψούσθωσαν
3340 3583 3398 3636 ὲν
3435 3584 3667 3647 ἑαυτοῖς.
3699 3604 3718 3636 ι

2138 3667 2397 3738 Σημαίνει
2436 3668 2492 3721 δὲ
2539 3670 2627 3723 διὰ
2680 3671 2886 3725 τούτων
2933 3673 3027 3725 καὶ
3070 3674 3194 3737 τοὺς
3243 3675 3300 3728 ἐν
3357 3677 3468 3738 τοῖς
3513 3674 3726 3729 ἔθνεσιν

2139 3758 2383 3822 ἀπειθεῖς
2413 3759 2505 3813 καὶ
2529 3761 2936 3826 ἀνυποτάκτους
2964 3762 3042 3833 τῷ
3077 3764 3420 3836 εὐαγγελικῷ
3443 3766 3605 3837 λόγῳ.
3634 3767 3727 3819 Διὸ

2137 3850 2383 3904 λέλεκται
2425 3853 2577 3925 παρὰ
2618 3853 2697 3925 τῷ
2738 3856 3021 3926 Συμμὰχῳ
3046 3872 3059 3885 ”
3105 3872 3126 3908 ι
3162 3858 3225 3908 Οἱ
3260 3856 3529 3929 ὀφθαλμοὶ
3559 3859 3725 3913 αὑτοῦ

2137 3944 2205 3997 τὰ
2260 3944 2386 4016 ἔθνη
2455 3947 2908 4000 ἐπισκοπεύουσι·
2957 3950 3005 4000 οἱ
3060 3948 3307 4013 ἀπειθεῖς
3357 3950 3434 4022 μὴ
3480 3951 3726 4022 ὑψούτω-

2140 4053 2237 4089 σαν
2288 4036 2533 4100 ἑαυτούς.
2558 4058 2575 4089 ι
2622 4038 2883 4109 Σημαίνει
2922 4039 2977 4092 δέ
3014 4042 3111 4093 καὶ
3153 4040 3329 4104 ἄλλως
3360 4043 3488 4106 τοὺς
3531 4044 3596 4095 ἐκ
3629 4061 3728 4096 πε-

2142 4131 2369 4202 ριτομῆς
2401 4130 2775 4202 ἀθετήσαντας
2802 4131 2899 4203 τὴν
2922 4132 3081 4204 χάριν
3104 4134 3197 4186 καὶ
3222 4134 3322 4205 τὴν
3354 4134 3448 4187 τοῦ
3474 4135 3728 4211 Σωτῆρος

2140 4220 2333 4290 κλῆσιν
2355 4221 2878 4292 ὑπερφρονήσαντας
2897 4237 2911 4251 ο
2936 4221 3015 4273 διὸ
3040 4223 3176 4293 πρὸς
3200 4224 3397 4288 αὐτοὺς
3420 4225 3481 4278 τὸ
3505 4226 3729 4296 Πνεῦμα

2138 4314 2200 4366 τὸ
2234 4314 2386 4381 ἆγιον
2420 4314 2513 4367 καὶ
2539 4312 2627 4367 διὰ
2672 4315 2889 4369 Ἡσαΐου
2923 4315 3237 4371 ἀπετείνετο
3268 4318 3447 4388 φῆσαν
3469 4336 3482 4348 ·
3517 4337 3534 4369 ι
3567 4320 3729 4390 Ἀκοῇ

2140 4406 2431 4477 ἀκούσητε,
2466 4407 2561 4460 καὶ
2585 4407 2645 4459 οὐ
2676 4407 2749 4478 μὴ
2785 4408 3001 4479 συνῆτε,
3036 4410 3130 4463 καὶ
3153 4409 3438 4477 βλέποντες
3473 4411 3727 4483 βλέψητε,

2142 4498 2237 4550 καὶ
2265 4497 2325 4549 ού
2365 4498 2439 4569 μὴ
2471 4497 2643 4567 ἴδητε.
2668 4512 2697 4549 ⁷)
2734 4500 2977 4562 Εἰκότως
3024 4500 3315 4571 τοιγαροῦν
3350 4503 3730 4573 έπιρῤαπίζων

457 4605 579 4644 rum
612 4589 873 4660 dignitate
918 4589 1158 4653 inﬂatos,
1215 4597 1269 4644 et
1319 4588 1388 4643 de
1428 4589 1836 4659 progenitorum
1865 4590 2033 4658 gloria

2143 4591 2340 4653 αὐτοὺς
2371 4593 2400 4644 ό
2430 4590 2623 4660 παρὼν
2665 4591 2843 4661 λόγος,
2874 4594 2995 4665 εἰκῆ
3041 4593 3437 4664 φυσιουμένους
3480 4595 3577 4647 ἐπὶ
3618 4598 3730 4659 τοῖς

455 4684 623 4737 altum
657 4683 954 4752 sapientes,
978 4682 1113 4736 dicit
1142 4702 1153 4735 :
1188 4700 1206 4731 ι
1237 4680 1343 4748 Qui
1384 4689 1713 4751 exasperant
1741 4697 1852 4735 nou
1896 4682 2039 4735 exal-

456 4784 642 4831 tentur
673 4776 727 4829 in
763 4774 1089 4843 semetipsis.
1125 4793 1142 4825 »
1166 4773 1345 4829 Heus!
1381 4789 1498 4838 vos,
1536 4775 1735 4842 inquit,
1769 4775 2038 4843 superbiae

457 4876 511 4923 et
543 4884 683 4923 vano
713 4868 915 4921 tumori
962 4874 1149 4923 vestro
1178 4866 1338 4921 finem
1387 4868 1532 4933 date,
1590 4868 1829 4922 scientes
1869 4866 2038 4921 Deum

459 4976 568 5014 non
611 4961 807 5031 magis,
839 4975 1007 5031 quam
1049 4960 1277 5030 reliquis
1309 4959 1585 5030 gentibus,
1630 4960 1787 5015 vobis
1823 4963 2041 5029 prospi-

459 5065 604 5106 cere.
640 5050 796 5105 Oculi
827 5068 959 5122 ergo
998 5052 1147 5107 illius
1184 5052 1452 5105 lustrandi
1480 5052 1532 5105 vi
1559 5050 1795 5121 praaditi,
1834 5054 2046 5107 univer-

462 5158 648 5197 sorum
678 5144 961 5199 hominum
996 5146 1395 5215 providentiam
1425 5154 1696 5215 gerentes,
1729 5160 1894 5215 super
1922 5160 2048 5215 gen-

464 5244 546 5291 tes
582 5238 901 5308 respiciunt.
939 5235 1081 5302 Quid
1126 5238 1293 5307 igitur
1328 5251 1447 5300 vos,
1492 5250 1555 5290 ac
1584 5236 1631 5289 si
1663 5238 2045 5305 praestantiora

465 5331 778 5395 ohtincatis,
797 5331 1110 5386 exaltamini
1133 5331 1186 5383 in
1207 5330 1636 5398 vobismetipsis,
1656 5344 1780 5385 eum
1806 5331 2042 5385 maxime

465 5421 568 5475 viri
612 5430 1003 5490 cxaspera‘ntes
1051 5422 1212 5477 sitis?
1245 5420 1403 5487 Quod
1454 5431 1638 5475 autem
1675 5422 1825 5492 ipsos
1861 5438 2042 5477 sermo

467 5513 793 5580 subindicet,
825 5523 1012 5585 aperte
1042 5515 1283 5568 declarat
1316 5514 1556 5584 Spiritus
1582 5531 1679 5586 per
1704 5514 2043 5571 Ezechielem

467 5604 698 5659 dicens:
731 5624 749 5654 ‹
781 5603 883 5659 Fili
928 5606 1185 5671 hominis,
1228 5607 1439 5660 mittam
1475 5613 1528 5662 te
1560 5621 1660 5676 ego
1705 5606 1773 5660 ad
1819 5607 2039 5661 domum

541 5761 583 5791 ⁵¹
620 5760 763 5818 Psal.
798 5764 957 5829 1.,H.

470 5832 515 5865 ⁸⁷
544 5832 646 5887 lsa.
677 5851 751 5898 vr,
781 5834 833 5888 9.

1033 5764 1079 5797 ⁸³
1102 5762 1535 5831 Psal.x1.m,‘24.
1615 5768 1659 5799 ⁸³
1690 5766 1835 5823 Psal.
1872 5785 2018 5831 xxrx,
2043 5769 2093 5821 8.

2147 4682 2454 4755 προγόνοις,
2492 4685 2587 4737 καὶ
2614 4686 2759 4755 μέγα
2788 4685 3119 4756 φρονοῦντας
3155 4687 3247 4739 ἐπὶ
3276 4691 3342 4759 τῇ
3374 4687 3484 4740 τῶν
3516 4705 3731 4759 προπα-

2143 4775 2317 4846 τόρων
2347 4775 2729 4847 εὐδοκιμήσει,
2784 4778 2983 4848 φησίν·
3032 4797 3051 4830 ι
3091 4781 3153 4833 Οἱ
3202 4779 3733 4851 παραπικραίνοντες

2151 4869 2226 4939 μὴ
2262 4867 2615 4939 ὐψούσθωσαν
2652 4871 2709 4923 ἐν
2764 4871 2995 4934 ἑαυτοῖς.
3028 4890 3046 4923 ι
3080 4871 3373 4926 Παύσασθε
3406 4872 3543 4944 γὰρ,
3577 4872 3730 4941 φησι,

2150 4957 2561 5030 βρενθυνόμενοι
2591 4959 2682 5012 καὶ¹
2716 4961 2835 5031 εἰκῆ
2866 4961 3033 5029 τυφού
3042 4978 3213 5032 μενοι,
3234 4955 3278 5014 ὦ
3301 4956 3466 5023 οῦτοι,
3489 4962 3730 5031 γνόντες,

2146 5052 2229 5104 ὅτι
2275 5052 2337 5105 ού
2375 5051 2575 5122 μᾶλλον
2609 5052 2739 5123 ὑμῖν
2790 5053 3072 5106 ἐπιϐλέπει
3097 5057 3126 5108 ό
3162 5055 3292 5118 Θεὸς
3322 5054 3354 5125 ἣ
3389 5057 3499 5117 τοῖς
3528 5056 3732 5120 λοιποῖς

2147 5143 2378 5197 ἔθνεσιν.
2420 5145 2483 5196 Οἱ
2527 5143 2657 5213 γοῦν
2692 5144 2789 5215 τῆς
2822 5146 3186 5216 ἐπισκοπικῆς
3235 5147 3400 5200 αὐτοῦ
3453 5146 3732 5218 δυνάμεως

2150 5235 2417 5306 ὀφθαλμοὶ
2443 5275 2458 5296 ,
2507 5234 2727 5289 πάντων
2761 5236 3062 5309 ἀνθρώπων
3095 5238 3353 5309 πρόνοιαν
3386 5237 3695 5309 ποιούμενοι
3715 5279 3730 5302 ,

2153 5330 2246 5381 ἐπὶ
2300 5328 2368 5382 τὰ
2421 5328 2549 5400 ἔθνη
2591 5329 2966 5383 ἐπιϐλέπουσι.
3010 5331 3074 5383 Τί
3107 5327 3198 5387 οὖν
3235 5334 3421 5404 ὑμεῖς,
3451 5332 3638 5403 ὥσπερ
3679 5347 3733 5383 τι

2152 5421 2429 5491 ἐξαίρετον
2460 5423 2809 5493 κεκτημένοι,
2835 5423 3068 5493 ὑψοῦσθε
3102 5426 3158 5477 ἐν
3188 5426 3418 5492 ἑαυτοῖς,
3448 5424 3733 5479 καὶταῦτα

2152 5513 2343 5585 ἄνδρες
2376 5514 2528 5577 ὄντες
2586 5515 2672 5567 ἀεὶ
2701 5517 3266 5587 παραπικραίνοντες;
3302 5519 3421 5570 Ὅτι
3447 5518 3503 5570 δὲ
3538 5518 3732 5579 αὐτοὺς

2152 5607 2495 5661 αἰνίττεταιὸ
2529 5608 2706 5677 λόγος,
2746 5608 2933 5678 σαφῶς
2972 5611 3270 5682 παρίστησι
3294 5611 3354 5663 τὸ
3384 5610 3605 5682 Πνεῦμα
3647 5608 3735 5663 διὰ

2172 5766 2216 5795 5"
2250 5765 2393 5821 Ρδξὶ.
2433 5782 2627 5829 xxxm,
2654 5765 2737 5820 l6.
2806 5766 2852 5797 ⁵⁵
2884 5765 3027 5820 Psal.
3065 5783 3172 5832 xvi,
3197 5766 3249 5821 2.
3334 5773 3377 5802 ⁵⁸
3404 5772 3547 5827 Psal.
3581 5791 3655 5834 iv.
3684 5774 3715 5829 7
