4142 6388
432 388 539 445 657

1545 401 2052 460 COMMENTARIA
2092 404 2163 460 IN
2198 405 2539 463 PSALMOS.

3593 409 3697 464 638

444 505 707 582 Ίεζεκιὴλ
732 508 919 580 λέγον·
949 532 967 565 ι
994 514 1090 568 Υἱὲ
1114 516 1423 588 ἀνθρώπου,
1451 520 1793 588 ἐξαποστελῶ
1825 542 1883 578 σε
1910 524 2019 594 ἐγὼ

2126 526 2313 587 Israel,
2341 526 2406 581 ad
2434 534 2844 597 exasperantes,
2870 526 2963 597 qui
2991 535 3455 597 exasperaverunt
3481 540 3567 581 me
3595 526 3698 596 ipsi

432 598 571 669 πρὸς
618 600 709 655 τὸν
761 597 909 656 οἷκον
972 605 1219 679 Ἰσραὴλ,
1270 612 1396 675 τοὺς
1444 615 2017 686 παραπικραίνοντας,

431 691 630 757 οἵτινες
660 697 1082 768 παρεπίκραναν
1105 718 1172 771 με
1203 703 1355 757 αὐτοὶ
1390 707 1484 758 καὶ
1512 708 1559 759 οἱ
1586 707 1821 780 πατέρες
1841 707 2019 762 αὐτῶν

431 782 537 847 ἕως
581 785 681 857 τῆς
724 793 964 861 σήμερον
1010 793 1254 865 ἡμέρας·
1303 816 1321 847 ι
1363 799 1457 851 καὶ
1493 798 1647 869 ἑξῆς·
1695 820 1713 852 ι
1747 800 1872 855 Ἐἀν
1913 801 2020 873 ἄρα

431 875 768 946 ἀκούσωσιν,
804 881 837 951 ἢ
873 884 1215 955 πτοηθῶσιν,
1264 888 1399 943 διότι
1440 887 1587 956 οἶκος
1642 910 2019 965 παραπικραι-

433 968 631 1023 νόντων
656 973 774 1026 ὲστί
794 991 807 1003 ·
843 998 860 1027 ι
895 977 988 1029 καὶ
1022 977 1213 1032 πάλιν
1244 1000 1262 1031 ι
1292 982 1401 1035 Καὶ
1431 983 1651 1055 λαλήσω
1673 986 1800 1049 τοὺς
1827 985 2018 1055 λόγους

435 1080 538 1133 μου
568 1065 707 1136 πρὸς
737 1067 954 1134 αὐτοὺς,
993 1070 1088 1123 ἐὰν
1120 1073 1227 1142 ἄρα
1255 1074 1590 1143 ἀκούσωσιν,
1620 1077 1654 1148 ἢ
1688 1078 2014 1150 πτοηθῶσιν,

428 1156 513 1208 ὅτι
555 1152 701 1221 οἶκος
739 1164 1292 1233 παραπικραινόντων
1342 1167 1478 1220 ὲστί.
1529 1187 1547 1218 ι
1599 1169 1708 1221 Καὶ
1743 1171 1800 1222 ὲν
1852 1176 1921 1242 ρε⁹
1962 1170 2018 1223 δὲ

429 1247 630 1320 ψαλμῷ
680 1249 955 1306 λέλεκταιο
1004 1274 1022 1306 ι
1059 1256 1181 1309 ’Ότι
1222 1260 1641 1332 παρεπίκραναν
1685 1262 1745 1315 τὸ
1801 1262 2017 1334 πνεῦμα

432 1342 629 1395 αὐτοῦ’
663 1362 681 1394 ι
723 1344 818 1397 καὶ
865 1345 1027 1400 πάλιν
1050 1365 1062 1377 ⁸
1100 1366 1119 1400 ι
1151 1349 1448 1414 Πλεονάκις
1483 1353 1749 1424 ἐρρύσατο
1783 1355 2010 1419 αὐτούς’

432 1434 587 1486 αὐτοὶ
619 1435 675 1488 δὲ
709 1439 1124 1509 παρεπίκραναν
1168 1441 1328 1495 αὐτὸν
1359 1445 1415 1497 ὲν
1448 1447 1514 1515 τῇ
1555 1444 1715 1517 βουλῇ
1757 1446 1958 1500 αὐτῶν.
1992 1467 2010 1498 ι

431 1526 538 1580 Ναὶ
581 1527 686 1599 μὴν
733 1530 826 1583 καὶ
854 1532 1097 1603 Μωῦσῆς
1124 1535 1221 1605 τὴν
1247 1536 1469 1607 πικρίαν
1502 1537 1683 1591 αὐτῶν
1723 1538 2015 1611 παρίστησι

430 1619 635 1688 λέγων·
697 1641 714 1671 ε
754 1622 847 1675 Ἐκ
896 1623 1005 1695 γὰρ
1078 1626 1326 1696 ἀμπέλου
1372 1629 1619 1700 Σοδόμων
1678 1633 1710 1700 ἡ
1773 1630 2016 1701 ἄμπελος

430 1712 632 1778 αὐτῶν,
668 1714 762 1768 καὶ
796 1718 829 1787 ἡ
858 1715 1128 1787 κληματὶς
1160 1720 1341 1773 αὐτῶν
1379 1723 1444 1774 ὲκ
1473 1722 1788 1794 Γομόρραςο
1827 1725 1860 1794 ὴ
1890 1740 2016 1776 στα-

430 1803 569 1875 φυλὴ
600 1804 778 1858 αὐτῶν
814 1806 1058 1879 σταφυλὴ
1093 1808 1277 1879 χολῆς,
1307 1809 1501 1882 βότρυς
1526 1813 1750 1883 πικρίας
1776 1812 2009 1868 αὐτῶν.»

430 1897 540 1950 Καὶ
589 1899 646 1951 ὲν
680 1899 756 1970 τῷ
808 1900 1050 1972 Ἱερεμίᾳ
1096 1901 1154 1954 δὲ
1187 1903 1402 1975 εἴρηται
1442 1905 1579 1976 πρὸς
1626 1906 1752 1969 τοὺς
1791 1905 2016 1969 αὐτούς’
2055 1896 2095 1950 Β

434 2008 452 2039 ‹
480 1988 604 2053 Πῶς
634 1991 878 2062 ἐστράφη
905 1995 986 2057 είς
1012 1994 1239 2066 πικρίαν
1268 1997 1302 2067 ἡ
1337 1996 1579 2067 ἄμπελος
1609 1997 1642 2068 ἡ
1675 1997 1933 2068 ἀλλοτρία
1958 2014 1971 2063 ;
1996 2016 2013 2047 ι

432 2084 669 2147 Εἰκότως
704 2085 881 2139 τοίνυν
914 2088 1008 2141 καὶ
1042 2087 1280 2142 ἐνταῦθα
1320 2088 1855 2161 παραπικραίνοντες
1885 2089 2020 2144 ὠνο-

432 2176 737 2247 μάσθησαν.
793 2178 888 2231 Ἐκ
944 2172 1291 2252 παραλλήλου
1344 2180 1401 2233 δὲ
1472 2179 1852 2252 μνημονεύσας
1912 2179 2022 2234 τῶν

430 2267 599 2324 ὲθνῶν
628 2269 723 2323 καὶ
752 2270 850 2341 τῆς
886 2271 1092 2326 τούτων
1125 2274 1400 2345 σωτηρίας
1431 2276 1460 2327 ὁ
1514 2273 1689 2342 λόγος,
1722 2272 2022 2344 παράθεσιν

429 2359 535 2411 τῶν
573 2360 638 2412 ὲκ
668 2361 972 2432 περιτομῆς
1018 2363 1315 2434 πεποίηται
1350 2362 1519 2416 εἰπών
1542 2380 1554 2392 ·
1596 2382 1615 2413 ‹
1657 2364 1719 2416 Οἱ
1750 2362 2021 2433 ὀφθαλμοὶ

429 2452 593 2505 αὐτοῦ
614 2452 709 2506 ἐπὶ
730 2452 797 2506 τά
822 2452 950 2526 ἔθνη
978 2453 1361 2509 ἐπιϐλέπουσιν
1380 2497 1393 2518 ,
1416 2456 1465 2508 οἱ
1489 2456 2021 2526 παραπικραίνοντες

434 2545 507 2615 μὴ
539 2544 892 2614 ὑψούσθωσαν
918 2546 976 2599 ἐν
999 2546 1232 2611 ἑαυτοῖς.
1262 2546 1569 2615 Εὑλογεῖτε,
1598 2546 1749 2619 ἔθνη,
1774 2547 1866 2600 τὸν
1889 2546 2022 2600 Θεὸν

432 2635 610 2706 ἡμῶν,
645 2637 738 2689 καὶ
779 2636 1101 2690 ἀκουτίσατε
1141 2639 1239 2708 τὴν
1272 2638 1453 2709 φωνὴν
1485 2638 1586 2709 τῆς
1618 2638 1878 2701 αἰνέσεως
1927 2638 2024 2691 αύ-

432 2726 548 2782 τοῦ.
583 2748 601 2780 ι
640 2728 1010 2798 Εὐαγγελικὸν
1050 2726 1190 2784 εἶναι
1220 2731 1312 2785 τὸν
1349 2731 1558 2802 ψαλμὸν
1588 2731 1680 2785 καὶ
1726 2731 2022 2803 ἀρχόμενοι

430 2820 525 2874 τοῦ
554 2821 711 2890 λόγου
739 2824 1124 2895 τετηρήκαμεν
1147 2841 1159 2852 ·
1193 2823 1221 2876 ὃ
1244 2825 1337 2877 καὶ
1363 2824 1430 2877 δι’
1452 2823 1575 2877 ὅλου
1603 2823 1698 2878 τοῦ
1726 2823 1898 2892 ὕφους
1926 2824 2024 2895 τῆς

434 2914 773 2985 προφητείας
826 2915 1180 2988 παρίσταται.
1239 2915 1455 2969 Ἐκάλει
1493 2917 1590 2987 μὲν
1632 2916 1740 2988 γὰρ
1790 2918 1846 2969 ὲν
1879 2916 2020 2987 ἀρχῇ

433 3008 614 3059 πᾶσαν
642 3006 739 3078 τὴν
768 3007 870 3076 γῆν
893 3023 905 3036 ·
937 3004 1056 3061 εἶτα
1083 3009 1139 3061 ἐν
1170 3007 1248 3081 τῷ
1292 3006 1495 3078 μεταξὺ
1537 3007 1756 3061 πλείονα
1784 3007 2019 3072 διδάξας,

434 3099 768 3171 σαφέστερον
800 3100 926 3169 περὶ
958 3100 1068 3154 τῶν
1102 3099 1269 3153 ὲθνῶν
1300 3103 1534 3153 ποιεῖται
1565 3099 1898 3171 προφητείαν
1931 3100 2018 3152 λέ-

432 3207 543 3259 γων
561 3208 574 3220 ·
606 3210 624 3241 ‹
649 3192 710 3244 Ol
732 3189 1002 3262 ὀφθαλμοὶ⁵
1028 3190 1193 3244 αὐτοῦ
1222 3193 1315 3245 ἐπὶ
1336 3192 1402 3246 τὰ
1430 3192 1555 3263 ἔθνη
1580 3190 2015 3244 ἐπιϐλέπουσιν.»

432 3283 588 3338 Μετὰ
615 3284 679 3356 δὴ
701 3259 792 3337 οὖν
942 3284 1147 3337 τούτων
1176 3284 1523 3339 διδασκαλίαν
1544 3259 1860 3349 *ἀκολούθως
1887 3286 2020 3337 πᾶσι
2052 3259 2093 3317 C

430 3378 543 3438 τοῖς
573 3374 814 3441 ἔθνεσιν,
853 3374 930 3439 ὡς
975 3374 1039 3427 ἂν
1072 3374 1445 3446 ὠφελημένοις
1493 3377 1559 3428 ὲκ
1591 3375 1686 3428 τοῦ
1734 3392 2023 3447 προμεμα-

433 3466 659 3539 θηκέναι
706 3468 776 3521 τά
822 3467 1190 3539 προλεχθέντα
1220 3508 1233 3532 ,
1298 3467 1539 3537 εὐλογεῖν
1588 3466 1695 3520 τῶν
1750 3465 2023 3521 τοσούτων

434 3560 730 3631 θαυμάτων
756 3562 863 3614 τῶν
892 3578 953 3613 τε
999 3559 1248 3632 φοϐερῶν
1279 3559 1458 3631 ἔργων
1498 3560 1727 3631 ποιητὴν
1774 3576 2018 3631 παρακε-

432 3652 647 3707 λεύεται
668 3653 842 3723 λέγων
863 3671 875 3683 ·
912 3673 929 3705 ι
960 3654 1267 3723 Εὑλογεῖτε,
1300 3652 1426 3724 ἔθνη
1447 3691 1461 3716 ,
1497 3652 1588 3705 τὸν
1621 3652 1754 3705 Θεὸν
1782 3651 2017 3722 ἡμῶν..)

434 3747 525 3817 Μὴ
553 3746 663 3818 γὰρ
692 3748 819 3809 τοὺς
852 3748 1172 3819 ὑμετέρους,
1194 3747 1358 3819 φησὶ,
1390 3746 1517 3810 τοὺς
1552 3746 1720 3800 πάλαι
1743 3746 2022 3815 πεπλανη-

436 3838 612 3909 μένως
636 3837 1024 3910 νομιζομένους
1054 3839 1239 3902 θεοὺς,
1269 3838 1403 3892 ἀλλά
1428 3837 1517 3891 τὸν
1552 3837 1838 3909 ἡμέτερον,
1873 3837 1934 3890 ὃν
1963 3838 2026 3889 ὲκ

434 3931 685 4003 πατέρων
729 3935 891 4004 ἡμεῖς
918 3932 1374 4004 ὲπεγραψάμεθα,
1406 3930 1595 3985 τοῦτον
1630 3931 1846 3999 γνόντες
1885 3925 2023 3981 εἶναι

433 4020 523 4075 τὸν
571 4022 824 4093 ἀληθινὸν
855 4023 1008 4078 Θεόν.
1057 4024 1172 4077 Νῦν
1197 4023 1349 4093 γοῦν,
1381 4026 1430 4076 εἰ
1477 4024 1572 4077 καὶ
1618 4022 1693 4094 μὴ
1739 4023 2024 4094 πρότερον,

434 4116 529 4169 καὶ
580 4117 740 4188 ὑμεῖς
792 4116 1086 4187 εὐλογεῖτε.
1139 4116 1530 4189 Εὑφημοῦντες
1578 4116 1633 4169 δὲ
1683 4116 1867 4180 αὐτὸν,
1932 4115 2026 4168 καὶ

432 4207 784 4277 εὐλογοῦντες
822 4209 898 4273 ὼς
940 4210 1099 4281 μόνον
1134 4210 1386 4281 ἀληθινὸν
1431 4209 1526 4262 καὶ
1562 4208 1739 4263 κοινὸν
1770 4208 2026 4262 ἁπάντων

433 4297 591 4369 ἡμῶν
622 4316 682 4351 τε
726 4299 819 4353 καὶ
846 4299 1001 4370 ὑμῶν
1033 4299 1167 4354 Θεὸν
1193 4342 1208 4367 ,
1246 4301 1321 4371 μὴ
1370 4298 1800 4369 σεσιωπημένως
1824 4338 1838 4364 ,
1891 4297 2028 4368 μηδὲ

433 4390 648 4462 ἡρεμέᾳ
679 4392 796 4461 (sic)
842 4394 909 4463 τῇ
944 4395 1093 4464 φωνῇ
1149 4391 1309 4446 τοῦτο
1363 4391 1668 4463 πράττετε·
1706 4390 1803 4443 σὺν
1854 4388 2023 4459 πολλῇ

434 4482 489 4534 δὲ
521 4484 807 4556 παρρησίᾳ
859 4485 953 4538 καὶ
992 4484 1226 4556 θάρσει,
1267 4488 1470 4555 φωναῖς
1508 4501 1567 4537 τε
1616 4484 1877 4552 γεγωνοῖς
1930 4481 2025 4534 καὶ

433 4577 584 4646 βοαῖς
627 4577 905 4667 χρήσασθε
956 4578 1252 4649 μεγάλαις’
1307 4578 1386 4641 ὡς
1427 4577 1522 4631 καὶ
1564 4579 1678 4640 τοῖς
1722 4575 2022 4647 ἀλλοτρίοις
2057 4617 2099 4672 D

433 4669 729 4723 ἀκούεσθαι
783 4666 882 4742 τὴν
933 4672 1402 4743 ἀναπεμπομένην
1462 4672 1541 4733 εἰς
1574 4669 1706 4723 Θεὸν
1738 4670 1826 4737 ὑφ’
1870 4667 2023 4738 ὑμῶν

432 4762 635 4815 αἴνεσιν
654 4779 667 4791 ·
698 4761 726 4815 ὃ
750 4761 813 4834 δὴ
853 4764 945 4816 καὶ
971 4765 998 4817 ὁ
1030 4763 1221 4835 Σωτὴρ
1260 4763 1448 4834 ἐδήλου
1494 4762 1697 4831 λέγων’
1730 4780 1747 4812 ι
1796 4763 1860 4814 ’Ὀ
1882 4760 2025 4829 λέγω

432 4855 559 4928 ὑμῖν
587 4857 646 4909 ἐν
665 4858 731 4926 τῇ
758 4856 950 4928 σκοτίᾳ
973 4856 1163 4910 εἴπατε
1188 4858 1245 4908 ἐν
1268 4857 1345 4928 τῷ
1372 4856 1656 4926 φωτ“ι,“καὶ
1683 4854 1711 4908 ὃ
1741 4855 1820 4918 εἰς
1849 4852 1910 4907 τὸ
1933 4848 2025 4915 οῦς

430 4947 682 5013 ἀκούετε,
710 4948 1017 5020 κηρύσσετε
1041 4951 1134 5003 ἐπὶ
1155 4949 1266 5003 τῶν
1301 4950 1587 5021 δωμάτων.
1625 4968 1643 5000 ι
1683 4948 1900 5018 Ταύτης
1929 4942 2023 4999 οὖν

428 5035 612 5108 ἔχεται
645 5042 745 5109 τῆς
777 5039 1017 5103 διανοίας
1047 5040 1108 5093 τὸ
1146 5040 1354 5109 φάσκον
1404 5040 1614 5109 λόγιον·
1665 5060 1683 5092 ι
1718 5040 1831 5092 Καὶ
1857 5040 2018 5092 ἀκου-

429 5129 616 5182 τίσατε
648 5130 749 5201 τὴν
782 5130 964 5201 φωνὴν
989 5130 1089 5200 τῆς
1115 5131 1373 5194 αἰνέσεως
1405 5130 1602 5184 αὐτοῦ’
1643 5150 1662 5181 ›
1697 5130 1730 5200 ἢ
1767 5122 2024 5183 κατάτὸν

2120 625 2174 673 et
2208 630 2387 689 patres
2418 619 2661 689 ipsorum
2706 634 2883 689 usque
2911 619 2976 673 ad
3027 627 3348 689 praesentem
3386 620 3525 675 diem
3545 619 3592 651 "‘
3623 638 3637 674 :
3674 638 3692 671 ι

2119 719 2173 764 et
2216 721 2401 781 postea
2430 730 2442 765 :
2472 732 2490 763 ι
2523 712 2579 766 Si
2605 711 2745 767 forte
2791 714 3016 767 audiam
3039 721 3095 767 et
3135 711 3537 774 deterreantur,
3569 713 3698 781 quia

2119 801 2315 858 domus
2355 805 2797 873 exasperantium
2830 815 2914 859 est
2935 805 3017 871 '9;
3055 825 3072 855 ι
3107 812 3161 859 et
3200 808 3438 859 iterum:
3474 823 3492 853 ι
3523 803 3589 856 Ει
3621 804 3701 856 lo-

2120 910 2260 965 quar
2306 911 2590 952 sermones
2624 912 2777 953 meos
2822 898 2889 952 ad
2926 898 3071 963 illos,
3114 899 3161 953 si
3210 897 3349 953 ferte
3393 897 3618 952 audiant
3648 903 3703 950 et

2119 985 2520 1052 deterreantur,
2572 988 2702 1059 quia
2739 988 2936 1043 domus
2992 988 3432 1057 exasperandum
3477 993 3561 1041 est
3583 985 3652 1041 ⁶⁰.
3680 1003 3699 1036 ι

2118 1078 2184 1132 Et
2217 1079 2269 1132 in
2302 1094 2368 1134 cv
2389 1081 2600 1151 psalmo
2634 1080 2840 1135 dictum
2872 1088 2996 1136 est:
3028 1099 3046 1131 ‹
3077 1079 3215 1146 Quia
3237 1080 3705 1134 exacerbaverunt

2119 1170 2376 1240 spiritum
2424 1171 2546 1241 ejus
2569 1173 2646 1234 ⁶¹;
2682 1191 2700 1223 ι
2761 1186 2825 1226 ac
2879 1186 3100 1226 rursum
3141 1189 3154 1224 :
3198 1189 3216 1221 ‹
3250 1168 3405 1240 Saepe
3452 1167 3705 1222 liberavit

2117 1278 2232 1317 eos.
2280 1262 2389 1334 Ipsi
2447 1272 2632 1317 autem
2683 1262 3155 1318 exacerbaveruut
3209 1276 3335 1315 eum
3376 1261 3432 1313 in
3473 1258 3707 1314 consilio

2120 1368 2221 1408 suo
2251 1354 2319 1409 5’.
2352 1374 2369 1404 ι
2419 1355 2534 1408 Imo
2565 1354 2730 1409 etiam
2756 1352 2973 1423 Moyses
3008 1352 3363 1408 acerbitatem
3392 1366 3583 1406 eorum
3610 1351 3707 1405 de-

2119 1446 2292 1500 clarat
2334 1447 2420 1501 bis
2463 1448 2683 1504 verbis:
2717 1465 2735 1497 ι
2768 1446 2904 1501 Nam
2929 1463 2994 1501 ex
3028 1447 3187 1501 vinea
3223 1444 3586 1499 Sodomorum
3634 1443 3708 1499 vi-

2120 1555 2222 1593 nea
2269 1556 2483 1605 eorum,
2538 1547 2594 1595 et
2626 1540 2835 1609 palmes
2876 1555 3065 1595 eorum
3107 1555 3178 1593 ex
3221 1537 3548 1593 Gomorrha.
3591 1534 3707 1592 Uva

2117 1648 2308 1687 eorum
2341 1649 2447 1687 uva
2481 1631 2647 1694 fellis,
2683 1633 2878 1687 botrus
2919 1632 3237 1686 acerbitatis
3270 1645 3461 1686 eorum
3487 1629 3552 1685 ⁸⁸.
3595 1649 3613 1681 ι
3648 1632 3705 1683 In

2117 1725 2354 1781 Jeremia
2386 1733 2568 1781 autem
2604 1727 2671 1779 ad
2695 1724 2915 1780 eosdem
2946 1725 3151 1779 dicitur
3177 1743 3189 1777 :
3224 1742 3241 1774 ι
3274 1721 3561 1789 Quomodo
3584 1738 3711 1776 con-

2117 1834 2277 1874 versa
2329 1826 2416 1873 est
2448 1819 2502 1871 in
2554 1815 2981 1871 amaritudinem
3022 1815 3150 1869 vitis
3198 1815 3376 1869 aliena
3403 1812 3489 1867 6"?
3520 1833 3538 1866 ι
3577 1811 3710 1869 Jure

2124 1911 2288 1980 igitur
2359 1910 2450 1964 hic
2520 1924 2741 1979 quoque
2791 1914 3185 1978 exasperantes
3233 1913 3519 1961 vocantur.
3570 1904 3710 1960 Dum

2124 2010 2307 2056 autem
2326 2018 2392 2057 ex
2419 2001 2650 2056 adverso
2674 2000 2914 2070 gentium
2940 2007 2995 2053 et
3025 1998 3222 2053 salutis
3252 2012 3441 2053 eorum
3470 1997 3709 2052 mentio-

2123 2109 2247 2149 nem
2283 2109 2463 2148 sermo
2494 2091 2647 2157 facit,
2683 2090 3146 2159 comparationem
3193 2087 3427 2149 inducit,
3467 2103 3590 2142 cum
3642 2088 3711 2142 iis

2123 2185 2217 2255 qui
2241 2199 2308 2238 ex
2338 2182 2761 2238 circumcisione
2793 2187 2944 2245 sunt,
2975 2180 3165 2235 dicens
3193 2197 3205 2233 :
3238 2197 3256 2231 ι
3288 2176 3441 2234 Oculi
3459 2181 3580 2248 ejus
3614 2194 3710 2233 su-

2124 2291 2219 2346 per
2249 2282 2437 2346 gentes
2470 2274 2792 2345 respiciunt,
2825 2272 2919 2343 qui
2948 2281 3278 2343 exasperant
3305 2286 3417 2326 non
3456 2272 3702 2326 exalten-

2123 2376 2215 2421 tur
2264 2367 2319 2421 in
2370 2367 2702 2436 semetipsis.
2751 2364 3090 2430 Benedicite,
3138 2370 3350 2435 gentes,
3407 2362 3575 2419 Deum
3616 2380 3711 2419 no-

2125 2469 2324 2523 strum,
2354 2466 2409 2514 et
2430 2458 2671 2512 auditam
2704 2455 2868 2511 facite
2891 2471 3079 2511 vocem
3104 2457 3281 2511 laudis
3306 2457 3447 2526 ejus.
3482 2474 3500 2507 ι
3531 2455 3711 2510 Evan-

2124 2550 2359 2620 gelicum
2393 2564 2514 2605 esse
2546 2547 2816 2618 psalmum
2848 2547 2959 2616 jam
3011 2547 3115 2601 sub
3155 2546 3369 2601 initium
3394 2546 3711 2601 observavi-

2123 2658 2283 2697 mus:
2311 2640 2459 2712 quod
2489 2643 2655 2696 etiam
2686 2655 2752 2694 ex
2786 2646 2899 2693 tota
2940 2639 3243 2710 prophetiae
3285 2639 3425 2694 serie
3452 2653 3708 2706 compro-

2125 2737 2306 2791 batur.
2357 2734 2493 2789 Nam
2548 2733 2704 2787 initio
2754 2746 2971 2787 omnem
3036 2740 3238 2787 terram
3291 2732 3653 2801 compellabat
3694 2748 3705 2782 ε

2124 2829 2430 2899 deindeque
2460 2827 2617 2898 plura
2662 2826 2891 2892 docens,
2929 2825 3137 2880 clarius
3170 2824 3237 2880 de
3266 2825 3519 2897 gentibus
3567 2825 3723 2878 vati-

2125 2924 2345 2979 cinatur
2390 2920 2625 2975 dicens:
2666 2938 2684 2970 ‹
2718 2918 2876 2974 Oculi
2916 2919 3036 2989 ejus
3085 2934 3250 2989 super
3301 2925 3491 2988 gentes
3532 2918 3711 2985 respi—

2125 3018 2301 3073 ciunt.
2335 3034 2353 3067 ι
2394 3013 2527 3071 Post
2571 3013 2891 3083 bujusmodi
2948 3012 3133 3082 itaque
3180 3011 3485 3065 doctrinam
3523 3024 3713 3064 001156-

2125 3117 2359 3179 quenter
2397 3107 2658 3162 omnibus
2707 3105 2989 3177 gentibus,
3024 3111 3213 3172 utpote
3237 3117 3359 3172 qua:
3392 3114 3558 3170 supra
3596 3114 3713 3154 me—
3796 3160 3799 3163 _

2127 3211 2340 3256 morata
2377 3199 2748 3257 edidicerunt.
2779 3204 2834 3251 et
2869 3196 2997 3248 hinc
3039 3194 3331 3247 utilitatem
3361 3200 3536 3246 nactae
3560 3202 3712 3265 sunt,

2127 3294 2373 3365 praecipit
2402 3300 2460 3345 ut
2484 3298 2564 3344 tot
2592 3289 2982 3344 miraculorum
3012 3286 3450 3354 terribilinmque
3483 3298 3711 3353 operum

2128 3386 2393 3440 artiﬁcem
2434 3382 2779 3438 benedicant.
2845 3400 2863 3429 ι
2898 3379 3229 3444 Benedicite,
3279 3377 3479 3447 inquit,
3522 3388 3712 3448 gentes

2127 3476 2298 3533 Deum
2338 3482 2607 3530 nostrum.
2646 3494 2664 3525 ι
2698 3471 2816 3526 Νοιι
2849 3471 3134 3541 pristinos,
3167 3471 3263 3533 ait,
3295 3477 3535 3532 vestros,
3573 3483 3714 3537 quos

2127 3568 2261 3623 deos
2288 3582 2412 3622 esse
2438 3571 2690 3620 errantes
2722 3562 3039 3634 putabatis;
3086 3561 3182 3617 sed
3226 3567 3504 3623 nostrum,
3545 3574 3712 3627 quem

2127 3662 2197 3715 ab
2225 3660 2341 3716 avis
2377 3674 2552 3729 usque
2592 3657 2799 3713 nostris
2828 3654 3001 3710 Deum
3051 3653 3433 3722 ascripsimus,
3474 3652 3714 3706 scientes

2129 3752 2277 3806 hunc
2320 3766 2509 3805 verum
2552 3764 2674 3804 esse
2722 3747 2915 3801 Deum.
2969 3744 3126 3798 Nunc
3152 3744 3337 3813 igitur,
3397 3742 3614 3796 etiamsi
3660 3742 3713 3796 id

2128 3846 2285 3916 prius
2310 3859 2417 3898 non
2453 3841 2716 3904 feceritis,
2746 3856 2842 3894 vos
2866 3854 3085 3908 quoque
3120 3835 3445 3892 benedieite.
3478 3833 3714 3889 Benedi-

2129 3946 2316 3992 centes
2348 3942 2529 3989 autem
2555 3942 2609 3989 et
2645 3932 2935 3987 laudantes
2967 3932 3118 3985 illum
3153 3938 3211 3983 ut
3241 3928 3417 3983 solum
3442 3942 3629 3981 verum
3662 3935 3716 3982 et

2129 4040 2479 4082 communem
2528 4027 2774 4077 omnium
2820 4029 2932 4074 tam
2977 4028 3229 4073 nostrum
3264 4031 3428 4087 quam
3471 4019 3715 4070 vestrum

2129 4118 2323 4181 Deum,
2374 4131 2443 4171 ne
2488 4116 2680 4179 tacite,
2722 4129 2831 4168 neu
2860 4112 3103 4167 demissa
3143 4124 3278 4163 voce
3316 4108 3370 4162 id
3413 4107 3586 4178 agite;
3620 4106 3717 4161 sed

2129 4225 2255 4265 cum
2306 4207 2477 4261 multa
2524 4206 2723 4260 ﬁducia
2769 4211 2824 4259 et
2874 4202 3227 4263 conﬁdentia,
3272 4200 3382 4253 alta
3415 4213 3549 4252 voce
3599 4211 3716 4249 ηιθ-

2127 4301 2360 4371 gnisque
2410 4295 2745 4350 clamoribus
2778 4291 3068 4359 'utimini,
3123 4300 3183 4344 ut
3242 4290 3433 4344 laudes
3483 4302 3512 4341 a
3564 4285 3719 4342 vobis

2129 4390 2243 4443 Deo
2291 4388 2508 4444 emissae
2559 4386 2725 4441 etiam
2763 4385 2833 4440 ab
2880 4384 3157 4439 extraneis
3206 4382 3522 4445 audiantur,
3567 4377 3717 4449 quod

2129 4483 2294 4538 etiam
2358 4478 2616 4534 Servator
2684 4477 2772 4532 his
2830 4477 3013 4531 verbis
3078 4473 3434 4529 declarabat:
3507 4491 3525 4521 ι
3557 4468 3719 4537 Quod

2130 4575 2255 4630 dico
2303 4572 2461 4627 vobis
2498 4572 2554 4626 in
2582 4569 2849 4636 tenebris,
2892 4568 3059 4622 dicite
3100 4567 3155 4619 in
3195 4565 3424 4628 lumine,
3473 4563 3720 4633 etquod

2132 4669 2188 4721 in
2226 4681 2359 4721 aure
2407 4665 2631 4723 auditis,
2686 4661 2980 4734 prazdieate
3025 4674 3189 4728 super
3232 4665 3378 4712 tecta
3401 4658 3465 4708 “5.
3499 4675 3517 4707 ι
3581 4654 3719 4709 Iluic

2134 4761 2301 4831 igitur
2357 4758 2648 4814 sententiae
2714 4753 2872 4810 aliine
2928 4752 3035 4805 hoc
3096 4751 3304 4806 dictum
3378 4758 3463 4803 est
3517 4767 3530 4802 :
3592 4768 3611 4799 ι
3655 4746 3719 4799 Et

2133 4852 2375 4907 auditam
2429 4850 2593 4904 facile
2641 4862 2827 4901 vocem
2864 4845 3044 4899 laudis
3074 4844 3229 4912 ejus;
3276 4861 3295 4893 ι
3340 4843 3475 4904 sive,
3514 4854 3716 4894 secun—

2132 4947 2262 5002 dum
2297 4942 2688 5013 Symmachum
2728 4958 2740 4992 :
2780 4957 2798 4989 ‹
2830 4938 3083 4991 Auditam
3118 4934 3282 4988 facite
3310 4947 3498 4986 vocem
3530 4931 3720 5002 hymni

2131 5040 2269 5108 ejus.
2314 5056 2332 5086 ι
2375 5034 2560 5088 Mirari
2596 5047 2762 5103 porro
2787 5031 2938 5085 subit
2970 5029 3063 5098 qui
3115 5026 3374 5096 impletus
3406 5024 3497 5077 hic
3537 5038 3719 5078 sermo

2132 5126 2320 5187 fuerit,
2347 5122 2566 5193 quando
2596 5136 2692 5191 per
2728 5121 3046 5174 universum
3080 5117 3290 5178 orbem,
3320 5116 3375 5169 in
3395 5115 3592 5170 mediis
3624 5131 3719 5168 ur-

2138 5220 2317 5279 bibus,
2356 5216 2410 5269 in
2436 5215 2604 5278 vicis,
2638 5214 2693 5266 in
2737 5213 2884 5284 agris
2932 5226 3029 5280 per
3076 5209 3363 5265 universas
3408 5206 3501 5262 Dei
3533 5206 3723 5261 Eccle-

2140 5312 2274 5377 sias,
2306 5308 2517 5364 Christi
2547 5306 2737 5377 populi
2779 5320 2847 5359 ex
2890 5302 3169 5358 universis
3203 5300 3457 5371 gentibus
3498 5298 3718 5363 delecti,

2142 5403 2378 5474 hymnos
2397 5412 2453 5453 et
2486 5398 2751 5468 psalmos,
2788 5410 2897 5449 non
2924 5394 3118 5465 patriis
3154 5393 3263 5448 diis
3285 5431 3301 5454 ,
3345 5406 3453 5446 non
3491 5388 3586 5444 Dei
3618 5388 3726 5442 ini-

2141 5495 2301 5549 micis
2322 5491 2701 5557 dmmonibus;
2733 5488 2829 5544 sed
2857 5488 2952 5541 uni
2991 5485 3102 5541 Deo
3149 5503 3180 5539 a
3214 5483 3496 5555 prophetis
3531 5481 3725 5554 praedi-

2145 5596 2290 5654 cato,
2320 5587 2429 5640 alta
2462 5585 2721 5641 emittunt
2752 5597 2905 5646 voce,
2936 5581 3010 5634 ita
3051 5588 3111 5636 nt
3138 5578 3488 5650 psallentium
3506 5591 3611 5632 vox
3638 5591 3725 5662 vel

432 5221 747 5292 Σύμμαχοψ
774 5242 792 5272 ‹
818 5221 1171 5287 Ἐξάκουστον
1195 5226 1397 5275 ποιεῖτε
1413 5222 1511 5295 τὴν
1529 5223 1711 5294 φωνὴν
1737 5222 1830 5275 τοῦ
1854 5220 2027 5292 ὕμνου

432 5314 618 5367 αὑτοῦ.
646 5333 665 5365 ι
700 5314 991 5385 Θαυμάσαι
1015 5314 1073 5367 δὲ
1103 5314 1217 5367 ἐστι
1252 5314 1346 5368 τοῦ
1376 5315 1534 5384 λόγου
1564 5316 1624 5368 τὸ
1653 5315 2025 5385 ἀποτέλεσμα,

432 5405 520 5459 ὅτε
569 5407 689 5461 καθ’
718 5407 845 5478 ὅλης
896 5409 997 5479 τῆς
1027 5406 1332 5478 ἀνθρώπων
1356 5408 1704 5480 οἰκουμένης,
1740 5409 1797 5460 ὲν
1835 5406 2033 5477 μέσαις

430 5504 553 5563 ταῖς
597 5501 805 5565 πόλεσι,
841 5501 899 5555 ἐν
940 5518 999 5553 τε
1052 5500 1268 5571 κώμαις
1308 5501 1402 5554 καὶ
1433 5499 1640 5572 χώραις
1672 5498 1814 5553 κατά
1852 5499 2033 5562 πάσας

429 5593 531 5657 τάς
555 5594 881 5666 Ἐκκλησίας
904 5594 997 5649 τοῦ
1013 5594 1172 5659 Θεοῦ,
1192 5596 1242 5647 οἱ
1264 5593 1356 5647 τοῦ
1374 5592 1613 5666 Χριστοῦ
1630 5593 1751 5646 λαοὶ
1776 5592 1834 5659 ἐξ
1858 5593 2036 5646 ἀπάν-

505 5777 552 5809 ⁸⁸
575 5775 771 5833 Ezech.
807 5793 869 5840 It,
898 5777 955 5833 '5.
1029 5777 1074 5809 ⁸³
1104 5774 1238 5831 Ibid.
1282 5775 1335 5831 5.
1414 5776 1458 5806 ⁸⁸
1485 5774 1623 5830 Ibid.
1674 5772 1723 5827 7.
1802 5775 1843 5806 °‘
1873 5773 2019 5830 Psal.

2126 5791 2160 5840 ι,
2197 5772 2288 5827 55.
2363 5770 2409 5803 ⁶¹
2441 5767 2577 5825 Ibid.
2634 5765 2722 5822 45.
2803 5765 2847 5798 ⁸³
2876 5762 3035 5820 Deut.
3076 5777 3253 5827 χχχιι,
3278 5758 3368 5817 52.
3448 5760 3491 5792 ⁸⁸
3521 5757 3729 5818 tierent.

438 5864 505 5904 Il.
532 5850 623 5903 2t.
702 5850 746 5880 ⁸⁸
777 5848 966 5905 Matth.
1004 5865 1057 5914 χ,
1079 5847 1168 5901 27.
