2073 3195
223 164 272 192 559

590 164 728 193 LUSEBII
746 163 989 193 CAESAI‘HENSIS
1005 165 1079 198 OPP.
1101 165 1192 193 PARS
1211 166 1257 193 ιιι.
1276 180 1313 186 -—
1327 164 1535 193 EXEGE’I’ICA.

1803 165 1854 193 660

222 224 255 253 ab
277 223 312 253 iis
331 224 379 259 qui
401 223 468 252 l'oris
487 224 643 252 consistunt
667 225 814 259 audiatur;
830 229 860 252 ut
887 233 1007 260 praesens

1061 234 1112 252 των
1144 226 1199 252 τῶν
1230 224 1315 253 ἐθνῶν
1346 224 1559 260 συνειλεγμένοι,
1586 224 1650 255 τοὺς
1677 222 1778 259 ὕμνους
1809 225 1853 252 καὶ

222 278 312 299 sermo
335 277 417 306 Opere
441 270 634 305 compleatur:
655 280 663 295 ι
683 270 860 303 Benedicite,
889 275 984 307 gentes
999 291 1007 304 ,

222 315 306 344 Deum
326 321 472 349 nostrum,
493 320 521 344 et
540 316 661 343 auditam
692 316 774 344 facite
801 324 896 345 vocem
921 317 1010 345 laudis

221 362 288 397 ejus.
310 371 319 387 ι
334 361 452 389 Additur
463 365 558 397 postea
573 371 579 389 :
597 370 606 387 ι
622 361 673 395 Qui
684 362 775 397 posuit
790 362 909 389 animam
921 370 1010 390 meam

221 407 251 434 ad
281 407 384 439 vitam.
402 410 429 435 et
454 414 509 435 non
533 406 608 435 dedit
634 408 663 434 in
689 407 901 436 commotionem
927 408 1010 443 pedes

220 459 303 480 meos.
327 462 337 478 ι
357 451 411 480 Pro
428 452 476 483 illo
490 456 595 484 autem,
614 462 623 478 ι
643 453 765 480 animam
777 461 878 486 meam,
890 453 1009 482 animam

220 503 354 532 nostram,
377 508 386 525 ι
410 498 509 533 reliqui
540 506 637 527 omnes
661 499 826 534 interpretes
845 499 1008 528 ediderunt:

220 550 250 570 ac
267 551 377 571 rursum
392 551 442 579 pro
454 543 510 577 illo,
530 552 539 570 ι
560 543 644 579 pedes
660 552 748 578 meos,
773 545 858 580 pedes
867 550 978 574 nostros
998 555 1007 573 ι

220 590 283 617 item
297 597 393 617 omnes
410 590 580 625 interpretati
599 595 673 618 sunt.
689 590 749 618 Non
766 595 888 624 tantum,
905 591 1009 627 inquit,

220 641 269 669 pro
284 634 406 669 antiquis
423 635 478 662 illis
500 635 546 663 Dei
574 636 715 671 operibus,
730 644 792 672 quae
816 645 900 673 supra
916 637 1011 666 decla-

220 684 280 708 rata
297 685 374 713 sunt,
393 681 524 717 hymnum
545 681 598 716 ipsi
616 687 642 710 et
659 683 755 711 laudes
768 685 900 717 emittite;
917 684 965 712 sed
975 685 1012 713 ob

220 726 352 754 beneﬁcia
378 727 459 755 nobis
481 727 559 762 ipsis,
575 728 623 764 qui
644 729 710 756 talia
734 729 883 765 loquimur,
901 731 1009 759 collata.

220 771 444 808 Quandoquidem
464 774 537 801 enim
554 775 638 809 pedes
655 779 776 808 nostros,
795 776 875 804 valde
896 785 1011 805 curren-

220 820 273 849 trs,
297 822 392 854 utpote
409 818 456 854 qui
477 820 556 848 vobis
583 821 713 849 omnibus
736 823 864 858 gentibus
890 824 1012 853 salutare

221 863 396 900 Evangelium
426 865 620 901 pmdicemus,
647 867 824 902 confortavit,
843 874 871 897 et
894 870 922 897 in
948 871 1012 898 vitae

1061 272 1111 304 τὰς
1137 272 1308 308 ψαλμῳδίας,
1323 272 1372 298 οὐκ
1395 272 1439 297 ἐπὶ
1455 272 1510 302 τοῖς
1536 270 1672 305 πατρῴοις
1696 270 1776 302 θεοῖς,
1796 271 1853 297 οὐδὲ

1061 319 1118 351 τοῖς
1145 318 1290 354 σωμάχοις
1315 318 1434 353 δαίμοσι,
1453 318 1524 353 μόνῳ
1535 317 1562 343 δὲ
1575 316 1612 351 τῷ
1626 316 1700 351 παρὰ
1717 317 1773 348 τοῖς
1792 325 1852 350 προ-

1062 366 1162 401 φήταις
1193 365 1394 399 θεολογουμένῳ
1421 364 1490 398 μετά
1515 364 1635 399 μεγάλης
1664 362 1853 397 ἀναπέμπουσι

1063 412 1139 447 βοῆς,
1150 411 1188 443 ὡς
1203 412 1318 443 καὶτοῖς
1332 411 1409 442 ἐκτὸς
1423 411 1535 437 ἑστῶσιν
1549 410 1709 443 ἐξάκουστον
1722 406 1856 435 εἶναιτῶν

1060 457 1216 493 ψαλλόντων
1240 458 1289 493 τὴν
1315 458 1422 493 φωνήν·
1441 458 1514 492 ἔργῳ
1530 456 1716 491 πληρουμένου
1744 455 1789 481 τοῦ
1805 455 1857 490 φά-

1063 512 1173 535 σκοντος
1189 504 1307 531 ἐνταῦθα
1324 504 1428 537 λογίου·
1447 514 1454 528 ι
1473 503 1626 536 Εὑλογεῖτε,
1643 502 1717 537 ἔθνη,
1729 502 1775 528 τὸν
1790 502 1857 528 Θεὸν

1062 549 1152 585 ἡμῶν,
1168 549 1215 576 καὶ
1232 549 1392 575 ἁκουτίσατε
1415 549 1464 583 τὴν
1489 548 1580 582 φωνὴν
1597 547 1645 582 τῆς
1666 547 1795 577 αἰνέσεως
1809 546 1857 573 αὑ-

1061 594 1119 622 τοῦ.
1136 604 1145 621 ι
1164 593 1222 622 Εἶθ’
1237 595 1300 630 ἑξῆς
1315 595 1461 629 συνῆπται·
1484 603 1492 619 ι
1509 593 1562 619 Τοῦ
1578 593 1691 627 θεμένου
1706 592 1754 627 τὴν
1768 593 1857 627 ψυχήν

1063 649 1115 676 μου
1136 641 1176 673 εἰς
1202 640 1285 676 ζωὴν,
1300 641 1347 667 καὶ
1366 640 1403 675 μὴ
1417 640 1507 671 δόντος
1529 641 1568 671 εἰς
1588 639 1666 665 σάλον
1690 639 1751 670 τοὺς
1774 638 1856 669 πόδας

1064 695 1141 723 μου.»
1151 686 1224 713 Ἀντὶ
1235 687 1263 712 δὲ
1275 686 1333 717 τοῦ,
1346 696 1354 711 ι
1365 687 1414 721 τὴν
1421 686 1510 721 ψυχήν
1521 685 1638 721 μου,τὴν
1649 684 1736 720 ψυχὴν
1750 685 1837 719 ἡμῶν,
1845 694 1853 709 ι

1061 732 1086 757 οἱ
1100 731 1188 758 λοιποὶ
1203 732 1304 762 πάντες
1321 731 1486 766 ἐρμηνευταὶ
1503 730 1681 756 ὲκδεδιῖ›κασι”
1712 730 1759 756 καὶ
1776 730 1856 756 πά)ιν

1062 778 1132 809 ἀντὶ,
1152 787 1161 803 ι
1171 778 1235 809 τοὺς
1246 777 1327 808 πόδας
1337 786 1398 812 μοι),
1416 778 1478 808 τοὺς
1493 776 1575 808 πόδας
1593 776 1681 811 ἡμῶν,
1693 785 1701 800 ι
1721 776 1821 810 ὁμοίως
1833 777 1857 801 οἱ

1063 824 1163 856 πάντες
1181 825 1370 859 ήρμήνευσαν.
1388 823 1433 859 Μὴ
1448 823 1502 858 γὰρ
1519 824 1564 849 ἐπὶ
1578 824 1633 854 τοῖς
1652 822 1787 854 παλαιοῖς,
1803 830 1857 857 φη-

1064 871 1102 902 σὶ,
1118 871 1209 907 μόνοις
1226 870 1317 905 ἔργοις
1331 870 1378 896 τοῦ
1393 869 1471 901 Θεοῦ,
1486 869 1502 895 ἃ
1513 869 1556 895 διὰ
1566 869 1619 894 τῶν
1632 868 1785 904 ἔμπροσθεν
1798 868 1858 903 e611-

219 909 339 942 delluxu,
368 911 463 939 obices
485 918 627 946 amovens,
656 914 776 942 servavit
805 915 1010 951 inconcussos;

1063 917 1151 949 λοῦτο,
1171 916 1217 943 τὸν
1232 916 1315 951 ὕμνον
1327 916 1401 951 αύτῷ
1415 915 1461 941 καὶ
1476 915 1525 946 τὰς
1540 915 1655 946 αἰνέσεις
1671 914 1856 949 ἀναπέμπετε’

220 956 369 992 multisque
387 957 488 986 anima!
514 963 616 987 nostra
638 959 846 995 insidiantibus,
867 963 927 997 ipse
950 963 1011 998 ejus

221 1005 347 1030 servator
363 1006 391 1031 et
401 1009 496 1034 custos
513 1004 565 1032 fuit
579 1013 586 1032 :
604 1013 701 1033 eorum
727 1006 820 1042 itaque
836 1008 923 1043 gratia
941 1017 950 1034 ι
964 1008 1012 1036 be-

219 1047 346 1080 nedicite,
359 1053 465 1084 gentes,
480 1049 567 1078 Deum
582 1055 721 1087 nostrum,
734 1057 763 1081 et
781 1053 903 1082 auditam
929 1054 1011 1090 facite

219 1100 312 1121 vocem
327 1094 415 1124 laudis
430 1095 502 1131 ejus.
522 1106 532 1123 ι
548 1096 612 1126 Hac
628 1105 712 1133 porro
726 1107 760 1127 ex
774 1108 894 1135 persona
907 1109 1012 1137 praeco-

218 1148 284 1169 num
310 1141 449 1178 Evangelii
472 1143 619 1173 manifeste
641 1146 772 1181 praedicta
790 1152 865 1181 sunt,
892 1156 1010 1184 quorum

219 1196 329 1216 cursum
342 1189 497 1225 pedumque
513 1190 642 1219 virtutem
661 1192 757 1226 Isaias,
770 1193 825 1222 imo
837 1195 928 1229 potius
947 1195 1010 1231 Spi-

219 1236 289 1262 ritus
314 1239 428 1263 sanctus
456 1243 505 1271 per
530 1236 620 1272 ipsum
643 1238 800 1271 declarans,
831 1240 1012 1269 mirabundus

219 1280 389 1307 acclamabat
407 1290 414 1308 :
433 1290 442 1307 ι
461 1280 549 1314 Quam
572 1283 688 1318 speciosi
716 1284 800 1319 pedes
821 1286 1012 1322 evangelizan-

219 1326 286 1353 tium
310 1325 392 1359 bona,
405 1321 653 1362 evangelizantium
671 1337 766 1365 pacem
779 1331 821 1358 “l
839 1341 848 1357 ι
874 1321 1010 1365 Quoniam

219 1372 303 1407 igitur
324 1372 419 1400 multis
445 1373 586 1403 laboribus
598 1375 746 1410 perfuncti,
760 1381 789 1404 et
808 1377 843 1405 ab
860 1378 1011 1407 incredulis

219 1417 346 1453 gentibus
367 1420 540 1448 vexationem
554 1440 562 1453 ,
586 1422 707 1454 vincula,
729 1431 857 1452 carceres
881 1429 909 1452 et
931 1432 1012 1454 omne

220 1463 382 1491 insidiarum
404 1473 491 1500 genus
510 1468 644 1502 perpessi,
674 1468 861 1498 immutabiles
883 1478 1011 1506 permau-

220 1517 294 1542 sere;
310 1509 374 1545 jure
387 1517 451 1538 eum
465 1512 513 1546 qui
533 1512 601 1547 ipsis
622 1513 695 1542 vires
715 1514 869 1548 addiderat,
887 1516 934 1551 qui
952 1518 1011 1544 ani-

219 1562 291 1582 mam
305 1555 427 1591 ipsorum
441 1557 475 1585 ad
490 1558 573 1585 vitam
594 1560 774 1593 custodierat,
791 1566 821 1588 ut
835 1570 870 1589 ne
894 1562 921 1590 in
946 1571 1010 1598 pec-

219 1601 273 1629 cati
288 1606 405 1630 mortem
421 1603 577 1638 laberetur;
594 1605 639 1641 qui
656 1606 740 1641 pedes
753 1607 847 1635 tlrmos
857 1612 1008 1639 statuerat.

220 1656 253 1676 ne
267 1650 491 1683 commotionem,
507 1659 560 1679 neu
576 1651 682 1688 lapsum
705 1653 748 1680 vel
764 1652 872 1681 ruinam
888 1658 1014 1689 pateren-

220 1699 275 1727 tur,
291 1702 387 1723 omnes
412 1701 508 1731 gentes
527 1697 690 1726 benedicere
705 1698 815 1734 jubent,
839 1702 867 1728 et
889 1700 1012 1728 auditam

220 1740 310 1768 facere
328 1749 422 1769 vocem
444 1742 533 1771 laudis
548 1743 629 1778 ejus;
645 1752 700 1772 non
716 1748 821 1772 tantum
839 1753 889 1781 pro
902 1746 1012 1774 mirabi-

219 1787 293 1815 libus
322 1788 549 1824 terribilibusﬂue
573 1790 628 1818 illis
652 1791 776 1827 antiquis
798 1792 948 1828 operibus;
963 1793 1012 1820 sed

218 1834 301 1861 etiam
315 1842 365 1870 pro
383 1837 541 1865 recentibus
556 1837 713 1870 beneﬁciis,
731 1838 811 1873 queis
830 1838 951 1867 animam
965 1847 1012 1866 eo-

221 1889 280 1908 rum
293 1882 341 1917 qui
354 1882 418 1910 talia
435 1884 614 1919 loquerentur
635 1884 670 1912 ad
689 1886 774 1912 vitam
792 1886 904 1921 posuit,
923 1893 1012 1921 neque

218 1927 291 1955 dedit
302 1928 329 1955 in
346 1929 557 1957 commotionem
570 1929 655 1965 pedes
666 1930 798 1965 ipsorum.
810 1930 902 1964 Quare
912 1938 1012 1959 secun-

218 1972 283 1999 dum
298 1971 492 2008 Symmachum
508 1974 650 2009 pluraliter
663 1974 766 2003 dicitur
779 1984 786 2003 :
805 1985 815 2001 ‹
827 1975 880 2010 Qui
897 1976 1011 2004 ordina-

219 2019 258 2045 vit
280 2020 398 2047 animam
417 2025 542 2049 nostram
564 2021 599 2049 ad
626 2021 723 2056 vitam,
749 2027 778 2050 et
797 2030 853 2050 non
865 2022 941 2051 dedit
957 2023 1012 2051 labi

219 2065 302 2099 pedes
319 2070 439 2094 nostros.
462 2077 472 2093 ι

1062 963 1130 991 ἀλλά
1146 963 1193 991 καὶ
1208 963 1252 989 διὰ
1266 964 1314 994 τὰς
1330 963 1369 993 εἰς
1386 963 1461 997 ἡμᾶς
1478 962 1576 993 αὐτοὺς
1590 962 1653 992 τοὺς
1667 961 1753 987 ταῦτα
1763 961 1857 995 λέγον-

1061 1017 1111 1041 τας
1127 1009 1296 1044 εὐεργεσίας.
1307 1007 1416 1042 Ἐπειδὴ
1438 1007 1492 1041 γὰρ
1507 1007 1570 1037 τοὺς
1585 1006 1735 1041 ἡμετέρους
1762 1005 1856 1037 πόδας,

1061 1054 1147 1082 πολλὰ
1162 1055 1327 1091 δραμόντας,
1344 1053 1414 1080 ὥστε
1428 1055 1509 1080 πᾶσιν
1520 1053 1583 1087 ὑμῖν
1600 1054 1655 1083 τοῖς
1671 1052 1758 1078 ἔθνεσι
1770 1051 1857 1087 κηρύ-

1062 1099 1106 1132 ξαι
1118 1099 1149 1126 τὸ
1163 1100 1296 1134 σωτήριον
1313 1098 1489 1132 Εὑαγγὲλιον,
1502 1097 1686 1132 ὲδυνάμωσεν,
1699 1096 1814 1130 ὲφύλαξέ
1827 1105 1856 1122 τε

1061 1144 1258 1181 ἁδιατρέπτους
1276 1146 1304 1171 έν
1319 1146 1374 1175 τοῖς
1397 1144 1444 1170 τοῦ
1464 1143 1520 1179 βίου
1539 1143 1657 1178 ῥεύμασι
1681 1142 1715 1168 τά
1731 1141 1857 1177 ἐμποδὼν

1062 1191 1211 1227 κωλύματα
1232 1190 1378 1225 περιελών
1403 1190 1508 1216 πολλῶν
1530 1198 1559 1215 τε
1575 1190 1606 1224 τῇ
1620 1189 1692 1224 ψυχῇ
1706 1188 1785 1223 ἡμῶν
1800 1190 1857 1214 ἐπι-

1061 1237 1254 1269 ϐουλευόντων,
1265 1237 1346 1268 αὐτὸς
1357 1236 1460 1271 ταύτης
1476 1235 1567 1271 σωτὴρ
1582 1235 1628 1261 καὶ
1640 1234 1726 1269 φύλαξ
1739 1234 1855 1268 ἐγένετο·

1061 1282 1218 1310 καὶτούτων
1244 1282 1332 1308 αὐτῶν
1351 1282 1431 1308 ἕνεκα
1451 1291 1459 1306 ι
1486 1281 1632 1314 εὐλογεῖτε,
1650 1280 1776 1316 ἔθνη.τὸν
1791 1280 1855 1307 Θεὸν

1061 1329 1150 1365 ἡμῶν,
1165 1329 1213 1356 καὶ
1237 1329 1398 1356 ἀκουτίσατε
1420 1328 1469 1363 τὴν
1495 1327 1586 1361 φωνὴν
1603 1327 1652 1361 τῆς
1666 1326 1796 1357 αἰνέσεως
1812 1326 1854 1352 αὺ-

1061 1374 1119 1402 τοῦ.
1137 1384 1146 1401 ι
1163 1374 1255 1402 Ταῦτα
1268 1374 1296 1400 δὲ
1310 1374 1439 1409 ἄντικρυς
1451 1374 1482 1399 ὲκ
1498 1372 1645 1408 προσώπου
1659 1372 1712 1398 τῶν
1728 1371 1854 1407 κηρύκων

1061 1422 1108 1449 τοῦ
1123 1421 1289 1456 Εὐαγγελίου
1314 1421 1541 1455 προανεφωνεῖτο,
1555 1416 1592 1445 ὧν
1617 1418 1664 1444 τὸν
1689 1418 1789 1453 δρόμον
1810 1418 1853 1445 κατ

1061 1467 1116 1494 τῶν
1129 1467 1217 1494 ποδῶν
1228 1467 1277 1502 τὴν
1288 1466 1389 1502 ἀρετὴν
1410 1466 1536 1497 Ἡσαΐας,
1553 1464 1653 1500 μᾶλλον
1664 1465 1691 1490 δὲ
1703 1464 1732 1490 τὸ
1746 1464 1853 1499 Πνεῦμα

1061 1514 1092 1540 τὸ
1106 1513 1184 1548 ἅγιον
1197 1512 1230 1539 δι’
1242 1513 1325 1538 αὑτοῦ
1342 1512 1536 1547 ἀποθαυμάζον
1549 1511 1613 1537 ἐϐόα
1623 1520 1629 1525 -
1645 1520 1653 1536 ι
1666 1510 1709 1541 Ὠς
1721 1510 1817 1545 ὡραῖοι
1832 1510 1853 1535 oi

1063 1560 1144 1592 πόδες
1161 1560 1216 1587 τῶν
1235 1559 1486 1594 εὐαγγελιζομένων
1501 1556 1601 1591 ἀγαθὰ,
1619 1556 1672 1582 τῶν
1686 1554 1847 1590 εὐαγγελιζο

1064 1606 1152 1643 μένων
1170 1607 1297 1643 εἰρήνηνῑ
1319 1617 1327 1631 ι
1348 1606 1424 1632 Ἐπει
1448 1604 1548 1635 τοίνυν,
1566 1603 1651 1630 πολλά
1674 1602 1852 1637 κεκμηκότες.

1063 1655 1111 1681 καὶ
1130 1654 1193 1686 τοὺς
1210 1654 1242 1680 ὲκ
1267 1653 1321 1679 τῶν
1337 1653 1459 1679 ἀπίστων
1476 1651 1560 1677 ἐθνῶν
1582 1649 1717 1684 διωγμοὺς
1743 1647 1848 1683 ὑπομει

1061 1709 1166 1733 ναντες,
1178 1700 1266 1735 δεσμά
1282 1709 1311 1726 τε
1332 1700 1378 1725 καὶ
1399 1697 1522 1733 φυλακὰς
1536 1697 1582 1723 καὶ
1596 1696 1726 1726 παντοίας
1745 1694 1841 1721 ὲπιόου

1061 1746 1119 1778 λὰς,
1137 1745 1311 1780 ἀδιάτρεπτοι
1327 1745 1511 1779 μεμενήκασιν
1523 1752 1530 1758 ·
1544 1742 1657 1773 εἰκότως
1670 1740 1716 1767 τὸν
1732 1738 1852 1774 δυναμώ-

1062 1800 1148 1818 σαντα
1157 1792 1266 1822 αὐτοὺς,
1278 1791 1324 1817 καὶ
1336 1790 1385 1825 τὴν
1400 1791 1448 1824 μὲν
1458 1790 1547 1824 ψυχὴν
1560 1790 1598 1821 εἰς
1609 1788 1680 1824 ζωὴν
1692 1788 1853 1823 φυλάξαντα.

1061 1837 1099 1868 ὡς
1125 1835 1162 1871 μὴ
1187 1837 1313 1862 ἐκπεσεῖν
1338 1835 1423 1869 αὐτὴν
1437 1835 1477 1866 εἰς
1493 1834 1538 1860 τὸν
1559 1834 1607 1869 τῆς
1623 1834 1759 1869 ἁμαρτίας
1775 1832 1852 1859 θάνα-

1060 1891 1116 1915 τον,
1136 1882 1200 1914 τοὺς
1215 1882 1243 1908 δὲ
1260 1882 1343 1912 πόδας
1363 1881 1452 1908 αὖτῶν
1475 1881 1605 1915 στερροὺς
1628 1879 1854 1915 ἀπεργασάμενον

1061 1928 1129 1964 πρὸς
1144 1928 1175 1955 τὸ
1191 1928 1228 1963 μὴ
1243 1927 1322 1954 σάλον
1338 1928 1492 1962 ὑπομεῖναι,
1513 1927 1579 1961 μηδὲ
1602 1926 1708 1952 ὄλισθον
1722 1926 1769 1951 καὶ
1785 1925 1854 1951 πτὼ-

1062 1983 1114 2007 σιν,
1127 1974 1247 2008 εὐλογεῖν
1265 1975 1332 2000 πᾶσι
1349 1975 1405 2004 τοῖς
1426 1974 1514 1999 Ξονεσι
1537 1972 1780 2008 παρακελεύονται,
1796 1971 1853 2003 ἐξά-

1061 2021 1174 2048 κουστόν
1194 2029 1226 2055 γε
1242 2022 1337 2046 ’ποιεῖν
1364 2020 1411 2054 τὴν
1438 2020 1529 2054 φωνὴν
1546 2019 1596 2053 τῆς
1613 2019 1742 2049 αἰνέσεως
1763 2017 1855 2049 αὐτοῦ,

1061 2068 1111 2094 οὐκ
1131 2066 1179 2094 ἐπὶ
1204 2067 1295 2102 μόνοις
1320 2068 1375 2098 τοῖς
1401 2066 1526 2097 παλαιοῖς
1539 2065 1621 2092 αὑτοῦ
1635 2064 1796 2100 παραδόξοις
1811 2065 1860 2092 καὶ

218 2115 344 2150 φοϐεροῖς
355 2115 456 2151 ἔργοις,
473 2115 541 2142 ἀλλά
553 2116 600 2143 καὶ
616 2116 662 2142 ἐπὶ
676 2117 733 2148 τοῖς
747 2116 818 2147 νέοις
829 2116 954 2151 ἀγαθοῖς,
969 2116 1012 2151 ἐφ’
1031 2112 1072 2147 οἷς
1103 2115 1152 2150 τὴν
1169 2113 1257 2149 ψυχὴν
1288 2113 1344 2140 τῶν
1359 2111 1447 2139 ταῦτα
1459 2112 1591 2147 λεγόντων
1613 2111 1691 2138 ἐθετο
1711 2113 1751 2143 εἰς
1774 2111 1858 2147 ζωὴν,

220 2164 257 2199 μὴ
278 2164 340 2195 δοὺς
365 2164 405 2195 εις
430 2163 509 2191 σάλον
541 2164 605 2196 τοὺς
637 2164 720 2196 πόδας
735 2164 834 2191 αὐτῶν.
852 2164 898 2191 Διὸ
914 2163 985 2192 κατά
998 2163 1044 2191 τὸν
1063 2163 1211 2198 Σύμμαχον
1225 2160 1415 2197 πληθυντικῶς
1432 2160 1551 2195 εἴρηται·
1573 2169 1583 2185 ‹
1597 2159 1651 2186 Τοῦ
1666 2159 1797 2193 τάξαντος
1808 2159 1860 2194 τὴν

218 2209 306 2246 ψυχὴν
322 2209 401 2244 ἡμῶν
415 2210 455 2241 εις
468 2208 551 2245 ζωὴν,
566 2211 613 2237 καὶ
628 2211 665 2247 μὴ
681 2210 772 2242 δόντος
796 2211 930 2246 σφαλῆναι
945 2211 1009 2242 τοὺς
1029 2210 1112 2241 πόδας
1126 2207 1214 2244 ἡμῶν.

254 2265 338 2294 Vens.
355 2266 451 2293 10-15.
469 2276 478 2293 ι
493 2267 628 2300 Quoniam
643 2268 765 2303 probasti
780 2275 840 2302 nos,
854 2267 936 2302 Deus,
949 2269 1010 2304 igne

1101 2277 1109 2292 ι
1118 2267 1178 2292 ’Ὁτι
1189 2265 1353 2300 ἐδοκίμασας
1362 2263 1446 2299 ἡμᾶς,
1457 2263 1471 2289 ὁ
1481 2262 1557 2294 Θεὸς,
1566 2261 1713 2297 ὲπύρωσας
1724 2260 1808 2296 ἡμᾶς,
1819 2259 1858 2292 ὡς

218 2320 270 2341 nos
292 2312 456 2341 examinain
470 2333 478 2344 .
495 2314 567 2341 sicut
584 2314 758 2342 examinatur
772 2317 927 2349 argentum.
948 2324 957 2340 ι
978 2314 1011 2341 Ει

218 2359 277 2386 haec
291 2363 492 2394 consequenter
507 2360 540 2387 ad
555 2361 699 2396 superiora
714 2360 787 2388 dicta
804 2365 878 2388 sunt.
895 2360 1010 2396 Oporte-

217 2405 265 2433 bat
277 2405 350 2434 enim
366 2405 475 2433 edoceri
493 2413 544 2433 nos
558 2412 614 2441 quo
634 2411 715 2441 pacto
742 2407 815 2435 Deus
834 2407 958 2442 posuerit
975 2407 1009 2435 ad

218 2451 300 2479 vitam
317 2451 435 2478 animam
447 2459 542 2480 eorum
558 2453 604 2487 qui
617 2453 674 2480 haec
686 2453 819 2485 dicerent,
833 2456 860 2480 et
872 2452 1010 2488 quomodo

218 2498 301 2534 pedes
316 2506 411 2526 eorum
438 2505 492 2525 non
516 2498 624 2526 dederit
646 2499 674 2526 in
699 2499 923 2527 commotionem.
940 2498 1009 2526 Nam

218 2545 284 2580 quid
301 2544 481 2576 admiserant.
498 2549 528 2572 ut
546 2553 601 2573 non
616 2553 743 2581 corpore,
764 2545 812 2574 sed
829 2546 919 2573 anima
934 2546 1009 2581 peri-

218 2591 272 2619 turi
286 2595 394 2624 cssent,
406 2594 435 2618 et
450 2599 503 2626 qua
520 2591 554 2619 de
570 2599 655 2619 causa
669 2592 696 2619 in
711 2595 818 2619 tantum
836 2591 950 2627 periculi
962 2591 1010 2619 dc-

218 2642 359 2670 venerant,
382 2642 412 2665 ut
432 2638 516 2673 pedes
535 2646 631 2666 eorum
652 2638 845 2666 commovendi
860 2641 965 2669 essent,
983 2637 1010 2665 id

218 2684 376 2719 singulatim
399 2689 541 2717 enarrant,
565 2693 618 2713 una
640 2685 695 2713 Deo
716 2685 819 2721 gratias
834 2688 957 2720 agentes,
980 2688 1008 2711 et

219 2736 312 2756 eorum
330 2737 392 2765 quae
410 2731 486 2765 passi
509 2731 617 2759 fuerant
633 2731 758 2758 notitiam
771 2731 935 2770 praebentes.
947 2729 1007 2756 Pri-

219 2780 263 2807 mo
275 2773 359 2808 igitur
372 2775 458 2811 aiunt,
474 2786 483 2802 ι
496 2776 620 2804 Probasti
633 2785 695 2810 nos,
711 2776 793 2805 Deus.
807 2786 817 2803 ι
830 2775 1009 2812 thuomodo

220 2818 365 2852 probasti?
383 2820 413 2847 Id
427 2822 564 2856 explicant
580 2823 701 2851 dicentes
719 2833 725 2850 :
746 2833 754 2849 ι
776 2823 838 2859 Igne
868 2830 920 2851 nos
945 2829 1010 2851 exa—

259 2894 280 2911 "
295 2895 346 2923 lsa.
362 2904 411 2925 ιιι.
428 2898 456 2926 7.

1065 2313 1198 2349 πυροῦται
1211 2311 1242 2338 τὸ
1259 2310 1401 2347 ἀργύριον.
1418 2320 1428 2335 ι
1446 2310 1501 2337 Καὶ
1516 2309 1603 2336 ταῦτα
1617 2306 1771 2339 ἀκολούθως
1782 2307 1857 2343 εἰρη-

1063 2369 1107 2387 ται
1119 2361 1173 2391 τοῖς
1184 2356 1347 2394 ἔμπροσθεν.
1356 2356 1455 2393 Ἐχρῆν
1468 2355 1523 2391 γὰρ
1535 2356 1608 2391 ἡμᾶς
1619 2354 1785 2389 διδαχθῆναι,
1798 2352 1857 2385 πῶς

1061 2407 1075 2433 ὁ
1088 2405 1154 2436 Θεὸς
1168 2404 1218 2440 τὴν
1233 2403 1322 2439 ψυχὴν
1338 2402 1414 2429 ἔθετο
1425 2403 1465 2433 εἰς
1478 2401 1551 2438 ζωὴν
1568 2401 1622 2428 τῶν
1636 2400 1723 2428 ταῦτα
1738 2399 1858 2434 φασκόν-

1061 2462 1125 2485 των,
1142 2453 1188 2479 καὶ
1201 2451 1259 2483 πῶς
1269 2451 1331 2483 τοὺς
1343 2450 1426 2481 πόδας
1438 2448 1528 2476 αὐτῶν
1542 2449 1572 2475 οὐ
1589 2447 1747 2484 παρέδωκεν
1761 2447 1801 2478 εἰς
1812 2446 1857 2473 cd-

1063 2501 1118 2527 λυν.
1135 2500 1167 2526 Τί
1180 2499 1235 2535 γὰρ
1249 2498 1382 2529 παθόντες
1399 2497 1516 2533 ἤμελλον
1530 2497 1561 2523 οὺ
1577 2496 1609 2523 τὸ
1628 2496 1718 2532 σῶμα,
1732 2494 1791 2522 ἀλλ¹
1805 2495 1855 2521 αὐ-

1063 2547 1111 2583 τὴν
1124 2547 1173 2581 τὴν
1189 2545 1277 2581 ψυχὴν
1289 2543 1448 2574 ἀπολλύναι,
1464 2543 1536 2575 τίνος
1553 2542 1582 2569 δὲ
1598 2542 1745 2578 γενομένου
1757 2542 1797 2573 εἱς
1809 2550 1855 2568 το-

1061 2594 1155 2620 σοῦτον
1172 2592 1277 2628 ἡλασαν
1290 2590 1425 2622 κινδύνου,
1439 2589 1477 2622 ὡς
1499 2590 1562 2621 τοὺς
1579 2589 1662 2621 πόδας
1687 2588 1794 2624 μέλλειν
1808 2596 1855 2615 σα-

1059 2638 1196 2668 λεύεσθαι,
1222 2637 1292 2664 κατὰ
1316 2636 1398 2672 μέρος
1420 2634 1613 2671 διεξέρχονται,
1629 2633 1855 2670 εὐχαριστοῦντες

1062 2684 1120 2720 ἅμα
1133 2682 1172 2718 τῶ
1188 2682 1257 2717 Θεῷ,
1272 2681 1319 2708 καὶ
1334 2680 1508 2707 διδασκαλίαν
1525 2680 1683 2716 ποιούμενοι
1696 2677 1735 2707 ὦν
1748 2680 1855 2714 ὑπομε-

1064 2730 1206 2766 μενήκααι.
1225 2725 1389 2763 Πριῖιτονοῦν
1405 2734 1501 2762 φασιν·
1520 2736 1529 2752 ί
1541 2726 1721 2762 Ἐδοκίμασας
1740 2726 1825 2761 ὑμᾶς,
1840 2726 1855 2752 ό

1062 2775 1138 2808 Θεός.
1159 2785 1167 2800 ν
1185 2774 1240 2801 Καὶ
1265 2772 1324 2805 πῶς
1343 2773 1523 2808 ὲδοκὶμασας;
1543 2772 1738 2808 Ἐρμηνεύουσι
1759 2771 1855 2806 λέγον-

1062 2831 1122 2854 τες·
1142 2831 1150 2847 ι
1163 2819 1322 2856 Ἔπύρωσας
1336 2820 1420 2855 ἡμᾶς,
1436 2819 1473 2851 ὡς
1489 2818 1620 2854 πυροῦται
1635 2818 1665 2846 τὸ
1681 2817 1822 2854 ἀργύριον.
1841 2826 1851 2843 ι
