4142 6388
467 381 564 436 631

1561 367 2062 423 COMMENTARIA
2106 368 2170 422 IN
2209 364 2550 422 PSALMOS.

3625 353 3733 411 66'!

464 486 640 539 Φωναὶ
685 484 741 536 δὲ
781 478 960 547 αῦται,
987 486 1063 548 ὼς
1096 484 1252 553 ἔφην,
1291 484 1601 539 ἀποστόλων
1653 487 1745 540 καὶ
1792 486 2043 558 μαθητῶν

2153 485 2377 542 minasti
2430 485 2571 539 sicut
2624 482 2972 538 examinatur
3033 483 3339 550 argentum.
3378 495 3396 528 ι
3450 473 3544 530 Ha:
3601 476 3731 545 ipsa:

464 581 555 633 καὶ
603 578 1007 647 εύαγγελιστῶν
1047 579 1374 649 τυγχάνουσι
1425 578 1519 631 τοῦ
1570 580 1841 650 Σωτῆρος,
1867 573 1940 632 ὧν
1972 581 2050 644 είς

463 675 644 726 πᾶσαν
675 674 774 742 τὴν
803 673 907 744 γῆν
935 671 1156 744 ἐξῆλθεν
1186 673 1214 724 6
1241 671 1497 740 φθόγγος,
1522 672 1618 725 καὶ
1646 675 1726 735 είς
1746 672 1816 726 τά
1839 673 2053 745 πέρατα

461 768 558 834 τῆς
591 765 914 836 οἰκουμένης
942 764 1010 818 τὰ
1038 765 1279 835 ῥήματα.
1313 760 1436 818 Εϊεν
1463 765 1506 819 δ’
1532 764 1598 819 ἂν
1625 765 1848 819 καὶτῶν
1877 764 2048 833 ἁγίων

461 857 554 910 τοῦ
590 856 724 910 Θεοῦ
764 856 1076 929 μαρτύρων,
1111 856 1159 909 οἳ
1205 857 1346 911 κατὰ
1391 856 1622 929 μίμησιν
1664 857 1774 910 τῶν
1819 856 2050 928 πρώτων

461 950 553 1002 τοῦ
589 950 836 1021 Σωτῆρος
885 947 1043 1020 ἡμῶν
1072 947 1329 1020 κηρύκων
1352 948 1421 1002 τὰ
1463 949 1554 1002 ίσα
1596 948 1960 1003 πεπόνθασινο
1992 951 2050 1001 ἐν

460 1036 541 1103 οἷς
586 1041 712 1105 τοὺς
757 1040 900 1111 ὑπὲρ
931 1040 1240 1103 θεοσεϐείας
1273 1040 1467 1104 ἄθλους
1492 1041 1852 1112 ἠγωνίσαντο.
1883 1041 2050 1094 Φασὶν

460 1128 554 1186 οὖν
582 1131 974 1203 ἑρμηνεύοντες
1008 1133 1103 1185 καὶ
1128 1131 1538 1200 διασαφοῦντες,
1574 1133 1721 1197 ὅπως
1748 1132 1844 1204 τὴν
1875 1132 2051 1202 ψυχὴν

461 1222 640 1276 αὐτῶν
675 1222 828 1277 ἔθετο
859 1224 940 1286 είς
967 1223 1132 1294 ζωὴν,
1160 1223 1255 1276 καὶ
1286 1223 1436 1287 ὅπως
1479 1225 1606 1287 τοὺς
1654 1225 1822 1288 πόδας
1870 1224 2051 1277 αὐτῶν

457 1316 559 1368 οὐκ
611 1315 808 1368 ἔδωκεν
855 1317 935 1378 είς
985 1315 1174 1368 σάλονο
1224 1316 1379 1370 (Ὅτι
1430 1316 1761 1388 ἐδοκίμασας
1808 1319 1978 1388 ἡμᾶς,
2023 1320 2052 1371 6

459 1407 607 1472 Θεὸς,
639 1408 715 1471 ὡς
739 1407 1080 1478 ποροῦταιτὸ
1108 1407 1387 1479 ἀργύριον.
1416 1427 1432 1459 ι
1453 1409 1671 1480 Ἐπειδὴ
1686 1410 1794 1482 γὰρ
1821 1410 2052 1482 ἀπείρα-

461 1516 585 1563 στος
615 1499 755 1570 ἀνὴρ
795 1498 1075 1568 ἀδόκιμος,
1107 1500 1328 1564 εἰκότως
1360 1500 1719 1571 ἐγγυμνάςων
1768 1503 1880 1566 τοῖς
1927 1518 2050 1554 πει-

460 1592 690 1661 ρασμοῖς
734 1589 1068 1661 παραδίδωσι
1121 1593 1246 1654 τοὺς
1294 1590 1528 1654 οἰκείους
1558 1593 1586 1644 ὁ
1616 1590 1779 1654 Θεός·
1819 1591 1918 1662 οὐχ
1966 1592 2052 1645 ἵνα

458 1681 623 1744 αὐτὸς
653 1679 766 1752 γνῷ
793 1681 965 1734 ὁποῖοί
997 1681 1142 1745 τινές
1173 1683 1331 1746 εἰσιν,
1367 1682 1481 1736 ἀλλ’
1513 1683 1621 1747 ἵνα,
1657 1683 1815 1737 αὐτοὶ
1867 1701 2051 1756 πυρω-

458 1772 642 1836 θέντες
669 1773 1040 1846 λαμπρότεροι
1065 1775 1157 1827 καὶ
1182 1773 1559 1847 καθαρώτεροι
1588 1776 2046 1829 ἀποτελεσθῶσιν.

2152 587 2304 643 sunt,
2330 586 2391 633 ut
2431 577 2544 649 jam
2595 577 2732 640 dixi,
2779 575 3178 647 apostolorum,
3239 569 3636 642 discipulorum
3678 577 3732 623 et

2149 672 2612 743 evangelistarum
2643 670 2946 726 Salvatoris
2972 682 3162 733 voces,
3185 680 3421 737 quorum
3455 680 3626 721 sonus
3676 663 3729 717 in

2149 781 2366 822 omnem
2401 773 2606 820 terram
2637 764 2825 829 exivit,
2858 770 2913 818 et
2935 763 2992 817 in
3036 760 3174 816 ﬁnes
3197 759 3349 815 orbis
3374 766 3535 814 terra:
3567 757 3729 812 verba

2149 870 2361 911 eorum.
2399 848 2628 909 Fuerint
2665 867 2884 922 quoque
2917 860 3233 906 sanctorum
3271 847 3367 904 Dei
3402 856 3726 919 martyrum,

2148 948 2243 1018 qui
2278 947 2345 1002 ad
2379 947 2735 1001 imitationem
2772 946 3013 1015 priorum
3046 943 3352 998 Servatoris
3382 957 3727 1012 pmconum,

2150 1041 2303 1111 paria
2345 1039 2589 1110 perpessi
2622 1045 2773 1102 sunt,
2808 1051 2933 1091 cum
2960 1051 3061 1105 pro
3091 1035 3272 1090 divina
3307 1034 3570 1104 religione
3611 1048 3730 1087 cer-

2151 1131 2360 1185 tamina
2391 1130 2699 1187 subierunt.
2737 1127 2906 1183 Aiunt
2937 1128 3136 1198 itaque,
3170 1127 3506 1198 explicantes
3534 1142 3599 1182 ac
3629 1127 3728 1182 de-

2151 1223 2428 1278 clarantes
2457 1236 2570 1292 quo
2611 1227 2774 1291 pacto
2800 1220 3039 1274 animam
3093 1234 3246 1276 suam
3283 1219 3528 1290 posuerit
3553 1219 3623 1274 ad
3651 1219 3730 1272 vi.

2153 1325 2286 1381 tam,
2308 1325 2362 1373 et
2377 1315 2652 1386 quomodo
2671 1329 2782 1370 non
2808 1312 3019 1369 dederit
3049 1312 3105 1366 in
3129 1311 3550 1367 commotionem
3567 1311 3731 1382 pedes

2152 1425 2283 1466 suos
2318 1428 2330 1464 :
2370 1427 2388 1461 ι
2428 1408 2698 1474 Quoniam
2728 1405 2975 1478 probasti
3015 1420 3140 1470 nos,
3176 1402 3341 1470 Deus,
3362 1410 3422 1458 ut
3450 1403 3575 1473 igne
3601 1417 3730 1456 exa-

2153 1503 2392 1557 minatur
2425 1507 2737 1571 argentum.
2775 1518 2792 1551 ι
2833 1497 2973 1565 Quia
3002 1497 3150 1553 enim
3185 1496 3437 1566 quisquis
3465 1509 3574 1548 non
3602 1509 3730 1563 pro-

2153 1595 2316 1650 batur
2342 1593 2614 1663 inglorius
2645 1599 2753 1656 est,
2778 1591 2902 1662 jure
2928 1589 3071 1646 Deus
3097 1588 3393 1644 familiares
3421 1601 3553 1643 suos
3571 1601 3729 1642 exer-

2152 1702 2308 1751 cens,
2362 1684 2761 1740 tentationibus
2791 1682 3002 1749 tradit;
3033 1695 3142 1735 non
3177 1685 3238 1735 ut
3273 1685 3572 1750 cognoscat
3616 1677 3732 1748 ipse

2152 1778 2378 1849 quinam
2414 1777 2492 1831 illi
2523 1776 2655 1840 sint,
2686 1775 2782 1831 sed
2808 1783 2868 1829 ut
2897 1775 3000 1844 ipsi
3024 1774 3146 1844 igne
3174 1771 3510 1837 examinati,
3545 1771 3729 1841 splen-

459 1865 668 1936 Ὥσπερ
702 1865 810 1936 γάρ
839 1866 898 1917 ἐν
927 1866 1153 1938 ἀργύρῳ
1179 1866 1441 1931 πολλάκις
1472 1868 1782 1940 εὑρίσκεται
1803 1867 1934 1932 ὕλης
1955 1869 2042 1922 ἀλ-

2149 1871 2395 1926 didiores
2427 1885 2490 1923 ac
2517 1868 2778 1940 puriores
2797 1867 3046 1924 evadant.
3078 1864 3550 1935 Quemadmodum
3580 1864 3729 1919 enim

457 1957 673 2029 λοτρίας
703 1958 902 2029 μίγμα,
927 1958 954 2010 ὃ
975 1959 1112 2022 τέως
1139 1959 1238 2030 μὲν
1263 1959 1518 2014 λανθάνει
1548 1961 1654 2032 πρὸ
1674 1961 1774 2032 τῆς
1794 1961 2045 2031 χωνείας,

456 2049 513 2102 ἐν
535 2049 591 2102 δὲ
623 2053 688 2120 τῇ
716 2049 958 2120 πυρώσει
991 2051 1330 2122 διελέγχεται
1364 2055 1458 2107 καὶ
1488 2053 1826 2125 διακρίνεται
1847 2072 1859 2086 ·
1897 2053 2047 2124 μένει

456 2157 514 2194 τε
564 2140 748 2194 λοιπὸν
796 2143 959 2205 αὐτὸς
1013 2143 1253 2215 καθαρὸς
1295 2145 1323 2196 6
1361 2146 1623 2217 ἄργυρος,
1657 2144 1920 2216 κρείττων
1953 2145 2048 2197 καὶ

456 2233 834 2305 λαμπρότερος
861 2234 1102 2302 γεγονὼς
1139 2238 1204 2288 ἐκ
1245 2237 1348 2307 τῆς
1381 2237 1703 2309 καθάρσεως
1723 2253 1737 2268 ο
1765 2237 1857 2290 τὸν
1885 2237 2045 2291 αὑτὸν

455 2325 656 2394 τρόπον
687 2326 781 2378 καὶ
806 2326 856 2377 οἱ
883 2325 977 2378 τοῦ
1005 2326 1140 2380 Θεοῦ
1173 2327 1384 2399 ἄνδρες,
1412 2329 1536 2382 ὅσον
1561 2328 1841 2399 ἀλλότριον
1879 2328 1938 2380 ἐν
1978 2329 2044 2398 τῇ

455 2415 666 2469 ἑαυτῶν
712 2416 857 2488 ψυχῇ
907 2418 971 2469 ἐκ
1015 2417 1115 2487 τῆς
1171 2420 1300 2490 περὶ
1347 2419 1447 2490 τὴν
1498 2420 1678 2491 σάρκα
1727 2418 2046 2490 συμπλοκῆς

455 2508 865 2577 ἐφειλκύσαντο,
890 2507 1049 2562 τοῦτο
1076 2513 1186 2564 πᾶν
1215 2511 1274 2564 ἐν
1300 2513 1415 2574 τοῖς
1444 2511 1793 2582 πειρασμοῖς,
1819 2511 2046 2574 καὶτοῖς

455 2602 574 2652 κατ’
612 2600 792 2654 αὐτῶν
827 2602 1280 2673 ἐπανισταμένοις
1327 2602 1588 2674 διωγμοῖς
1619 2601 2044 2674 ἀπορύπτονται,

457 2688 580 2760 (sic)
614 2689 949 2761 πυρούμενοι
995 2693 1088 2744 καὶ
1131 2692 1516 2764 καθαιρόμενοι
1559 2694 1648 2747 διὰ
1693 2694 1795 2763 τῆς
1834 2693 2044 2747 τοιᾶσδε

455 2782 702 2850 χωνείας,
736 2783 812 2846 ὡς
841 2785 1021 2836 πᾶσαν
1054 2784 1351 2840 ἀποϐαλεῖν
1395 2785 1672 2858 ἁμαρτίας
1697 2786 1912 2857 κηλίδα,
1951 2787 2047 2856 ῆν-

454 2872 574 2924 τινά
617 2890 767 2936 ποτε,
796 2874 873 2936 ὡς
905 2874 1202 2946 ἄνθρωποι,
1235 2875 1292 2929 ἐν
1329 2893 1470 2930 τισιν
1506 2877 1854 2948 ἐλαττώμασι
1894 2877 2047 2947 γενό-

459 2979 607 3032 μενοι
655 2968 1118 3037 προσεκτήσαντο.
1139 2969 1261 3020 Ἐπὶ
1293 2968 1501 3034 τούτοις
1543 2965 1637 3024 οὖν
1665 2970 2047 3042 εὐχαριστοῦν-

454 3072 564 3120 τες,
591 3059 781 3125 φασίν·
821 3061 975 3114 (Ὅτι
1014 3061 1345 3132 ἐδοκίμασας
1375 3062 1544 3133 ἡμᾶς,
1580 3063 1609 3114 ὁ
1651 3062 1804 3128 Θεὸς,
1833 3063 2047 3134 ἐπύρω-

457 3166 555 3213 σας
583 3153 728 3222 ἡμᾶς
754 3152 829 3216 ὡς
861 3153 1128 3225 πυροῦται
1157 3153 1219 3207 τὸ
1247 3153 1530 3224 ἀργύριον.
1563 3173 1580 3204 ι
1606 3154 1683 3206 Οὐ
1708 3153 1815 3224 γὰρ
1843 3153 1919 3215 ὡς
1946 3172 2045 3208 κα-

454 3241 654 3314 λάμην,
705 3244 814 3298 οὐδ’
849 3246 924 3310 ὼς
971 3247 1182 3318 χόρτον,
1225 3246 1334 3299 οὐδ’
1360 3245 1436 3310 ὡς
1483 3246 1675 3318 ἑτέραν
1717 3245 2045 3320 εὔθραυστον

456 3335 587 3407 ὓλην
622 3336 911 3409 ἐπύρωσας
941 3341 1110 3410 ἡμᾶς,
1144 3339 1259 3393 ἀλλ’
1287 3340 1362 3403 ὡς
1388 3339 1671 3411 ἀργύριον,
1708 3339 1768 3392 τὸ
1797 3338 1907 3392 ἀπὸ
1944 3339 2046 3410 τῆς

455 3428 756 3498 πυρώσεως
785 3429 1173 3501 καθαρώτερον
1203 3431 1546 3502 γιγνόμενον.
1591 3432 1717 3495 Πῶς
1743 3431 1800 3485 δὲ
1826 3431 2044 3504 ἐπυρώ-

453 3521 625 3590 θησαν
672 3521 1008 3593 ὑφηγοῦνται
1059 3523 1347 3593 λέγοντεςο
1382 3542 1400 3575 ι
1440 3524 1748 3596 Είσήγαγες
1787 3527 1936 3596 ἡμᾶς
1963 3527 2044 3589 εἰς

451 3609 548 3683 τὴν
589 3612 811 3682 παγίδα·
859 3631 878 3665 ι
930 3614 1070 3667 κατά
1117 3614 1174 3668 δὲ
1217 3614 1310 3667 τὸν
1347 3614 1579 3670 Ἀκύλαν
1603 3656 1619 3680 ,
1679 3636 1696 3666 ι
1734 3616 2042 3687 Εἰσήγαγες
2089 3631 2096 3638 ‘

451 3705 622 3775 ἡμᾶς,
657 3705 843 3773 φασιν,
877 3705 934 3758 ἐν
961 3705 1278 3777 ὀχυρώματι
1300 3725 1314 3738 ·
1348 3726 1367 3759 ι
1405 3706 1547 3761 κατὰ
1590 3706 1648 3760 δὲ
1687 3707 1780 3761 τὸν
1815 3706 2044 3777 Σύμμαη

454 3807 546 3859 χον
566 3830 580 3854 ,
621 3809 637 3842 ι
670 3793 976 3862 Είσήγαγες
1006 3796 1154 3864 ἡμᾶς
1188 3795 1338 3860 ἐντὸς
1367 3796 1716 3868 πολιορκίας·
1761 3816 1779 3848 ι
1818 3797 1960 3851 κατὰ
1984 3795 2042 3849 δέ

454 3882 554 3952 τὴν
600 3882 858 3956 πέμπτην
901 3883 1142 3940 ἔκδοσινο
1177 3907 1195 3938 ι
1229 3889 1540 3959 Είσήγαγες
1574 3891 1724 3960 ἡμᾶς
1759 3892 1838 3952 είς
1863 3906 2043 3960 περιθ-

413 4016 419 4023 .
453 3975 574 4044 χήν.
607 3993 626 4025 ›
662 3975 824 4046 Δηλοῖ
843 3976 894 4028 δὲ
924 3975 1013 4029 διὰ
1038 3978 1242 4033 τούτων
1271 3982 1298 4032 6
1321 3980 1475 4050 λόγος
1503 3981 1727 4053 εἱρκτάς
1759 3983 1852 4035 καὶ
1879 3985 2041 4052 φυλα-

453 4065 554 4130 κὰς
601 4068 697 4121 καὶ
743 4067 1112 4141 δεσμωτήρια,
1145 4073 1202 4124 ἐν
1233 4068 1313 4136 οἷς
1348 4073 1454 4145 πρὸ
1479 4073 1572 4127 τοῦ
1605 4073 1836 4128 θανάτου
1867 4076 2038 4129 κατά-

453 4158 688 4212 κλειστοι
721 4160 997 4230 γίγνονται
1030 4166 1078 4216 οἱ
1122 4165 1216 4218 τοῦ
1255 4165 1729 4239 Θεοῦμάρτυρες·
1763 4168 1799 4222 ἃ.
1841 4169 1905 4239 δὴ
1935 4187 2039 4223 πα-

451 4251 561 4314 γίδι
590 4252 785 4320 ἔοικεν,
813 4256 942 4308 είσω
961 4256 1133 4327 αὐτῆς
1161 4259 1508 4332 ἀπολαϐούση
1532 4261 1592 4313 τὸ
1615 4260 2033 4332 τεθηρευμένον.

453 4342 670 4414 Ταύτης
700 4344 757 4398 δὲ
786 4348 883 4418 τῆς
911 4350 1135 4418 παγίδος
1162 4350 1465 4421 μέμνηνται
1485 4352 1579 4404 καὶ
1603 4352 1838 4423 ἀλλαχοῦ
1865 4355 1914 4406 οί
1935 4355 2035 4407 αύ-

450 4436 534 4489 το)⁵
575 4437 903 4506 φάσκοντεςο
943 4459 962 4490 ι
987 4441 1049 4493 Ἡ
1079 4440 1225 4513 ψυχὴ
1253 4441 1411 4513 ἡμῶν
1450 4444 1525 4506 ὼς
1558 4444 1835 4515 στρουθίον
1875 4445 2035 4518 ἐρρύ-

2151 1963 2205 2016 in
2251 1969 2476 2032 argento
2527 1961 2719 2016 alienae
2764 1958 3009 2013 materiae
3051 1959 3374 2028 plerumque
3418 1955 3730 2010 commistio

2149 2057 2441 2128 reperitur,
2470 2069 2593 2126 quae
2621 2068 2754 2109 sane
2793 2053 2925 2107 latet
2953 2058 3246 2122 antequam
3278 2051 3333 2105 in
3367 2050 3727 2105 conﬂaturam

2148 2155 2484 2218 reponatur;
2515 2146 2647 2202 dum
2679 2153 2861 2200 autem
2888 2144 3013 2216 igne
3043 2143 3333 2206 conﬂatur,
3363 2149 3495 2196 tunc
3524 2142 3732 2197 discer-

2148 2243 2300 2297 nitur
2331 2248 2387 2296 et
2410 2240 2711 2312 probatur;
2750 2237 3041 2308 ipsumque
3072 2244 3360 2307 argentum
3386 2235 3606 2291 tandem
3629 2250 3728 2306 pu-

2146 2335 2290 2399 rius,
2324 2332 2673 2404 praestantius
2702 2346 2767 2386 ac
2805 2330 3147 2400 splendidius
3183 2345 3249 2384 ex
3283 2329 3609 2400 purgatione
3637 2344 3727 2385 re-

2147 2435 2332 2483 manet
2373 2444 2387 2480 :
2422 2425 2503 2481 sic
2529 2433 2585 2480 et
2615 2425 2720 2478 viri
2753 2423 2889 2489 Dei,
2923 2424 2970 2478 si
2999 2423 3128 2492 quid
3162 2423 3401 2477 alienum
3450 2421 3506 2475 in
3547 2419 3728 2474 anima

2148 2532 2250 2574 sua
2304 2533 2374 2575 ex
2424 2518 2611 2572 carnis
2659 2515 3048 2571 commistione
3113 2513 3523 2572 contraxerint.
3591 2511 3728 2566 illud

2146 2626 2309 2667 omne
2345 2611 2402 2665 in
2425 2610 2824 2666 tentationibus
2861 2618 2917 2666 et
2955 2607 3292 2664 instantibus
3325 2605 3727 2678 persecutioni-

2146 2704 2250 2759 bus
2271 2704 2616 2774 abstergunt,
2649 2704 2771 2774 igne
2797 2702 3092 2758 examinati
3122 2708 3180 2756 et
3207 2715 3306 2770 per
3334 2699 3500 2754 talem
3523 2697 3729 2753 conﬂa-

2146 2804 2328 2851 turam
2366 2798 2603 2869 purgati,
2637 2797 2712 2851 ita
2744 2803 2804 2850 ut
2843 2809 3061 2850 omnem
3109 2791 3320 2864 peccati
3346 2791 3524 2846 labem
3555 2790 3727 2862 depo—

2147 2897 2305 2952 nant,
2329 2905 2495 2960 quam
2522 2889 2840 2960 aliquando,
2871 2894 3059 2958 utpote
3085 2885 3358 2949 homines,
3395 2884 3449 2938 in
3476 2884 3725 2954 quaedam

2148 2981 2286 3054 lapsi
2329 2981 2547 3044 delicta,
2591 2980 2951 3035 admiserant.
3003 2977 3078 3036 De
3139 2978 3226 3032 his
3280 2977 3464 3046 itaque
3517 2975 3727 3046 gratias

2148 3083 2394 3145 agentes,
2426 3073 2618 3128 dicunt
2649 3091 2663 3128 :
2706 3092 2725 3124 ι
2761 3071 3034 3138 Quoniam
3067 3069 3316 3142 probasti
3347 3083 3449 3123 nos
3476 3107 3492 3130 ,
3539 3067 3683 3124 Deus
3710 3085 3724 3132 ;

2151 3165 2275 3234 igne
2308 3179 2412 3220 nos
2437 3162 2758 3219 examinasti
2787 3163 2929 3218 sicut
2969 3161 3317 3217 examinatur
3345 3171 3652 3232 argentum.
3702 3178 3721 3210 ι

2147 3253 2268 3308 Non
2291 3253 2438 3308 enim
2469 3260 2529 3308 ut
2559 3252 2768 3322 paleam
2790 3260 2845 3306 et
2868 3249 3076 3310 fenum,
3113 3264 3291 3319 neque
3323 3255 3381 3302 ut
3411 3249 3573 3302 aliam
3609 3247 3724 3301 fra-

2146 3346 2312 3418 gilem
2343 3345 2633 3402 materiam
2678 3359 2781 3402 nos
2827 3345 2954 3414 igne
2977 3342 3305 3399 examinasti
3333 3358 3346 3408 ;
3376 3341 3473 3398 sed
3531 3349 3589 3396 ut
3637 3354 3726 3394 ar-

2148 3445 2393 3510 gentum,
2426 3439 2571 3509 quod
2604 3437 2673 3494 ab
2699 3438 2823 3510 igne
2854 3437 3048 3508 purius
3077 3437 3281 3492 evadit.
3308 3433 3594 3503 Quomodo
3627 3449 3724 3488 au-

2146 3540 2256 3587 tem
2305 3534 2430 3603 igne
2479 3532 2779 3588 examinati
2817 3532 3042 3592 fuerint,
3077 3531 3164 3586 his
3203 3530 3385 3585 verbis
3417 3538 3722 3584 enarrant:

2151 3643 2169 3674 ε
2208 3623 2478 3679 lnduxisti
2508 3640 2610 3680 nos
2644 3624 2700 3679 in
2733 3625 2988 3695 laqueum
3016 3641 3030 3690 ;
3079 3643 3098 3675 ι
3135 3620 3438 3678 secundum
3465 3621 3722 3691 Aquilam

2147 3733 2273 3773 vero
2307 3736 2320 3771 :
2356 3736 2375 3769 ι
2411 3716 2680 3772 lnduxisti
2723 3732 2850 3782 nos,
2894 3718 3071 3782 aiunt,
3111 3717 3165 3771 in
3209 3714 3652 3780 munimentum;
3699 3733 3720 3766 ι

2144 3809 2445 3864 secundum
2470 3824 2602 3864 vero
2633 3808 3022 3880 Symmachum
3054 3827 3068 3864 :
3105 3827 3125 3860 ι
3156 3806 3427 3862 lnduxisti
3455 3821 3556 3862 nos
3578 3807 3724 3860 intra

2142 3900 2526 3969 obsidionem;
2559 3919 2578 3953 ι
2613 3900 2915 3955 secundum
2941 3901 3190 3971 quintam
3206 3899 3540 3954 editionem:
3577 3916 3597 3950 ι
3635 3895 3724 3952 ln-

2142 3993 2349 4048 duxisti
2381 4009 2484 4049 nos
2516 3994 2572 4048 in
2603 3993 2984 4048 munitionem.
3023 4011 3042 4044 »
3077 3991 3177 4047 His
3200 4005 3365 4062 porro
3397 3991 3724 4061 signiticano

2141 4095 2230 4139 tur
2258 4086 2567 4156 ergastula,
2597 4085 2892 4147 custodiae,
2921 4100 3174 4140 carceres
3223 4085 3278 4138 in
3319 4083 3522 4148 quibus
3568 4090 3723 4136 ante-

2139 4192 2303 4246 quam
2341 4178 2503 4233 morti
2532 4177 2840 4240 tradantur,
2873 4175 3122 4230 conclusi
3158 4175 3365 4245 degunt
3394 4173 3490 4230 Dei
3514 4183 3721 4244 marty-

2142 4284 2228 4324 res
2262 4288 2276 4322 :
2311 4283 2433 4338 qua:
2461 4283 2594 4324 sane
2621 4269 2799 4338 laquei
2836 4269 3035 4324 similia
3071 4276 3223 4332 sunt,
3271 4283 3382 4338 quo
3430 4267 3727 4321 venatione

2138 4367 2294 4429 capta
2319 4359 2654 4417 detinentur.
2685 4360 2926 4431 Hujusce
2961 4362 3141 4432 laquei
3188 4361 3518 4416 mentionem
3558 4360 3720 4414 iidem

2138 4455 2266 4509 alibi
2299 4455 2507 4510 iaciunt
2529 4454 2777 4510 dicentes
2809 4473 2822 4510 :
2863 4474 2880 4506 ι
2917 4455 3113 4509 Anima
3139 4463 3330 4510 nostra
3361 4453 3504 4509 sicut
3533 4466 3723 4522 passer

453 4530 554 4602 σθη
586 4547 651 4586 εκ
676 4533 774 4602 τῆς
808 4535 1034 4602 παγίδος
1061 4535 1169 4588 τῶν
1198 4535 1538 4607 θηρευόντων
1557 4553 1571 4567 ⁸
1620 4538 1653 4608 ἡ
1703 4539 1872 4606 παγὶς
1919 4555 2036 4592 συν-

2144 4553 2324 4616 erepta
2353 4554 2439 4603 est
2465 4545 2533 4601 de
2562 4547 2759 4617 iaqueo
2788 4548 3104 4602 venantium
3143 4567 3155 4602 :
3192 4548 3421 4614 laqueus
3449 4546 3726 4600 contritus

450 4624 638 4695 ετρίϐη
669 4627 763 4678 καὶ
793 4627 953 4697 ἡμεῖς
983 4627 1348 4699 ἐρῤύσθημεν.
1387 4647 1404 4679 ι
1443 4627 1664 4698 Πρῶτον
1693 4629 1790 4698 μὲν
1841 4625 1934 4682 οὖν
1957 4630 2036 4692 είς

449 4715 546 4785 τὴν
576 4717 781 4785 παγίδα
811 4719 860 4770 οἱ
892 4718 1224 4790 πυρούμενοι
1253 4719 1587 4788 εἰσάγονται,
1615 4721 1647 4792 ἢ
1676 4722 1757 4784 εἰς
1799 4721 1860 4774 τὸ
1905 4721 2034 4792 ὀχύ-

456 4824 634 4877 ρωμα,
718 4811 798 4873 είς
819 4809 915 4881 τὴν
945 4811 1227 4882 περιοχὴν,
1259 4811 1290 4880 ἢ
1323 4813 1403 4874 εἰς
1423 4813 1522 4882 τὴν
1549 4812 1862 4885 πολιορκίαν
1881 4832 1893 4843 ·
1915 4809 2034 4867 εἶτα

449 4897 700 4970 δεύτερον
725 4897 887 4953 ἆθλον
919 4899 1294 4968 ἀγωνίζονται,
1325 4901 1383 4954 ὃν
1397 4901 1721 4971 διασαφοῦσι
1749 4904 1997 4973 λέγοντες
2016 4924 2028 4935 ·

455 4990 651 5044 «Ἔθου
686 4991 893 5061 θλίψεις
936 4995 1029 5046 ἐπὶ¹
1069 4995 1161 5047 τὸν
1199 4993 1366 5047 νῶτον
1398 4995 1574 5065 ἡμῶν.
1609 5015 1626 5046 ι
1669 4997 1824 5051 Κατά
1853 4997 1909 5051 δὲ
1941 4998 2033 5052 τὸν

461 5081 692 5136 Ἀκύλαν
709 5085 871 5152 φασίν
887 5102 900 5115 ·
925 5104 944 5135 ι
958 5086 1200 5156 Ἕθηκας
1221 5088 1448 5158 τρισμὸν
1470 5089 1527 5140 ἐν
1550 5089 1626 5160 τῷ
1647 5089 1800 5160 νώτῳ
1815 5091 1990 5161 ἡμῶνι
2008 5113 2025 5142 ι

451 5172 592 5225 κατά
623 5173 679 5225 δέ
706 5175 796 5228 τὸν
828 5175 1143 5246 Σύμμαχον
1180 5196 1197 5228 ‹
1215 5178 1458 5250 Ἕθηκας
1487 5179 1756 5232 κύκλωσιν
1780 5184 1844 5253 τῇ
1869 5182 2030 5252 ὀσφύϊ

449 5263 627 5330 ἡμῶν.
659 5286 678 5318 ι
709 5266 939 5337 Δηλοῦσι
963 5267 1021 5320 δὲ
1043 5268 1130 5321 διά
1155 5268 1356 5322 τούτων
1376 5269 1476 5333 τὰς
1498 5272 1637 5324 κατά
1657 5271 1750 5325 τοῦ
1779 5273 2028 5345 σώματος

452 5354 684 5424 πληγὰς,
717 5358 784 5422 ἃς
815 5359 1002 5431 ἐδήλου
1036 5361 1365 5433 σαφέστερον
1401 5364 1430 5414 6
1467 5365 1788 5430 Ἀπόστολος
1813 5368 1986 5435 λέγων
2010 5386 2026 5399 ο

455 5463 473 5494 ι
507 5445 641 5516 Τρὶς
681 5449 1060 5520 ἐρῤαϐδίσθην,
1090 5451 1236 5516 ama
1276 5453 1586 5526 ἐλιθάσθην,
1621 5458 1725 5510 ὑπὸ
1761 5459 2028 5514 Ἰουδαίων

446 5542 858 5611 τεσσαράκοντα
887 5543 1038 5614 παρά
1063 5545 1192 5615 μίαν
1221 5545 1431 5598 ἔλαϐον.
1465 5567 1482 5597 ι
1517 5548 1670 5601 Μετά
1705 5549 1760 5602 δὲ
1798 5549 1897 5615 τὰς
1924 5555 2037 5624 είρ⁴

447 5629 586 5694 κτὰς
616 5633 710 5684 καὶ
740 5633 837 5697 τάς
880 5635 1022 5688 κατά
1069 5636 1176 5690 τῶν
1222 5636 1406 5690 νώτων
1436 5638 1468 5708 ἢ
1504 5639 1646 5692 κατά
1675 5641 1783 5696 τῶν
1814 5643 2029 5712 όσφύων

549 5811 591 5843 ⁸⁷
621 5809 766 5869 Psal.
801 5831 989 5882 cxxnl,
1021 5818 1070 5875 7.
1149 5819 1192 5850 ⁸⁸
1233 5818 1274 5874 ll
1307 5819 1436 5878 Cor.
1470 5839 1545 5888 χι,
1583 5824 1674 5880 25.

2140 4647 2245 4701 est,
2277 4643 2333 4690 et
2362 4652 2464 4692 nos
2495 4637 2709 4691 liberati
2744 4653 2936 4693 sumus
2961 4639 3029 4694 ⁸⁷.
3075 4657 3093 4690 ι
3129 4619 3317 4692 Ρτὶιῖῖο
3349 4637 3568 4706 quidem
3623 4637 3718 4704 qui

2139 4728 2263 4797 igne
2293 4729 2703 4794 examinantur,
2747 4730 2803 4783 in
2854 4730 3108 4800 laqueum
3146 4729 3483 4784 inducuntur
3516 4728 3632 4783 sive
3661 4729 3720 4782 in

2136 4821 2475 4890 praesidium,
2529 4824 2583 4876 in
2633 4823 2997 4877 munitionem
3056 4832 3149 4876 aut
3209 4824 3264 4876 in
3326 4822 3713 4886 obsidionem;

2137 4914 2380 4968 secundo
2410 4923 2686 4970 certamen
2715 4917 2953 4984 obeunt;
2982 4919 3126 4988 quod
3156 4917 3467 4987 signiﬁcant
3498 4917 3582 4970 his
3607 4931 3718 4970 ver-

2134 5005 2222 5060 bis
2260 5024 2272 5058 :
2311 5023 2329 5057 ι
2368 5006 2611 5062 Posuisti
2663 5008 3049 5064 tribulationes
3095 5011 3147 5063 in
3202 5009 3369 5062 dorso
3432 5020 3662 5075 nostro;
3693 5029 3711 5060 ι

2134 5098 2438 5153 secundum
2471 5099 2724 5170 Aquilam
2755 5116 2888 5154 vero
2916 5101 3142 5155 dicunt:
3181 5121 3198 5152 ι
3233 5100 3472 5156 Posuisti
3505 5101 3715 5155 contri-

2133 5189 2337 5245 tionem
2367 5192 2425 5246 in
2455 5191 2622 5248 dorso
2641 5202 2867 5259 nostro;
2902 5213 2920 5245 ι
2957 5193 3258 5248 secundum
3283 5193 3672 5263 Symmachum
3698 5215 3709 5250 :

2137 5303 2156 5335 ι
2191 5282 2436 5339 Posuisti
2469 5285 2736 5339 circulum
2772 5285 2974 5339 lumbis
3016 5285 3241 5339 nostris.
3284 5306 3302 5335 ι
3341 5284 3438 5340 His
3463 5301 3592 5339 vero
3621 5286 3716 5339 de-

2132 5377 2347 5431 clarant
2375 5375 2611 5433 inﬂictas
2648 5377 2862 5446 corpori
2889 5376 3097 5445 plagas,
3120 5392 3258 5445 quas
3290 5376 3533 5446 apertius
3550 5392 3712 5430 enar-

2131 5470 2276 5523 ravit
2326 5468 2623 5539 Apostolus
2669 5470 2858 5525 dicens
2891 5489 2904 5522 :
2944 5489 2961 5520 ι
2995 5469 3102 5522 Ter
3132 5469 3304 5539 virgis
3339 5483 3514 5524 caesus
3563 5483 3707 5531 sum,

2133 5561 2304 5616 semel
2331 5561 2605 5630 lapidatus
2637 5577 2781 5621 sum,
2827 5576 2857 5614 a
2902 5559 3105 5616 Iudaeis
3163 5561 3545 5631 quadragenas
3608 5577 3713 5614 una

2132 5653 2318 5710 minus
2349 5653 2618 5711 accepi“.
2657 5673 2676 5706 ι
2712 5653 2842 5709 Post
2866 5669 3137 5719 carceres,
3169 5664 3292 5724 post
3322 5656 3508 5726 plagas
3550 5655 3717 5712 dorso
