4142 6388
426 360 531 421 665

1147 364 1420 424 EUSEBII
1454 368 1939 427 CAESARIENSIS
1971 372 2123 429 OPP.
2166 372 2348 429 PARS
2386 375 2551 429 lll.-—
2586 362 3002 432 EXEGETFCA.

3578 380 3684 435 661

424 498 518 543 aut
582 488 780 543 lumbis
832 484 1083 543 in‘cussas
1137 489 1253 543 haec
1322 488 1532 543 addunt
1570 510 1581 544 :
1622 509 1639 541 ‹
1681 490 1994 562 Imposuisti

2105 495 2337 566 πληγάςο
2375 515 2392 545 ι
2417 494 2775 558 Ἐπεϐίϐασας
2808 493 3125 567 ἀνθρώπους
3157 494 3249 547 ἐπὶ
3308 497 3404 560 τὰς
3446 500 3687 567 κεφαλὰς

424 580 674 635 homines
710 595 876 649 super
897 581 1075 649 capita
1098 591 1308 635 nostra.
1349 600 1368 631 ι
1418 580 1544 635 Haec
1588 589 1768 636 autem
1796 582 1999 637 intelli-

420 689 536 742 ges,
568 686 692 724 cum
726 671 914 726 videas
942 671 1132 727 atheos
1163 682 1217 727 et
1248 672 1449 742 impios
1474 674 1622 729 viros
1659 677 2002 744 persecutio-

420 781 549 818 num
588 772 833 833 tempore
860 765 1209 835 insurgentes
1236 780 1299 819 ac
1340 775 1534 820 contra
1558 766 1759 820 divinaa‘
1783 767 1998 838 religio-

417 856 505 910 nis
535 857 767 913 athletas
794 873 916 913 sese
939 858 1299 924 extollentes;
1334 859 1437 914 hos
1473 874 1603 914 vero
1656 860 1903 930 abiectos
1936 875 2000 916 ac

416 948 573 1002 vultu
624 949 867 1004 demisso
910 950 982 1004 ob
1020 950 1340 1020 blasphema
1385 951 1531 1006 dicta
1582 958 1636 1006 et
1673 952 1997 1022 iactantiam

418 1040 723 1094 atheorum.
756 1039 821 1094 Et
850 1056 981 1095 vero
1011 1042 1337 1112 plerumque
1385 1044 1471 1097 vel
1515 1044 1757 1113 pupillas
1804 1046 1997 1100 oculo-

414 1146 535 1183 rum
568 1131 950 1194 verberabant,
979 1132 1109 1186 dum
1144 1133 1321 1201 capita
1352 1133 1681 1187 athletarum
1704 1131 1798 1189 Dei
1822 1135 1995 1205 plagis

414 1222 706 1277 caederent.
736 1221 841 1277 Sed
872 1222 989 1278 hinc
1021 1225 1208 1278 omnia
1228 1264 1241 1286 ,
1272 1224 1428 1278 aiunt
1471 1223 1567 1279 Dei
1613 1233 1903 1297 martyres,
1936 1233 1994 1280 tu

412 1314 594 1378 nobis,
627 1313 793 1378 Deus,
831 1315 1099 1370 induxisti
1134 1335 1146 1369 :
1182 1332 1281 1370 nec
1326 1323 1511 1371 tamen
1544 1325 1596 1371 te
1625 1316 1839 1373 volente
1865 1318 1997 1388 quid

415 1406 595 1461 simile
620 1406 676 1460 in
710 1422 814 1462 nos
843 1407 1134 1463 admittere
1167 1408 1285 1463 ausi
1320 1417 1470 1473 sunt,
1507 1410 1600 1465 sed
1628 1411 1995 1480 permittente.

416 1496 598 1562 Quare
636 1496 716 1553 sic
755 1510 878 1553 eum
911 1499 1308 1569 alloquuntur:
1347 1519 1366 1551 ι
1397 1499 1665 1556 lnduxisti
1698 1516 1800 1555 nos
1833 1501 1888 1555 in
1918 1502 1998 1555 la-

413 1605 635 1659 queum.
680 1609 698 1642 ι
731 1589 814 1643 Tu
850 1592 995 1645 enim
1048 1607 1149 1647 nos
1195 1607 1416 1648 carcere
1457 1593 1693 1648 detineri
1736 1594 1994 1657 curabas,

414 1684 542 1751 quia
574 1680 626 1734 id
674 1680 789 1736 fieri
822 1683 1202 1752 permittebas.
1244 1685 1324 1738 Tu
1355 1700 1576 1754 quoque
1622 1685 1868 1754 ponebas
1899 1687 1997 1739 tri-

413 1772 723 1829 bulationes
759 1774 815 1828 in
847 1773 1014 1830 dorso
1044 1784 1258 1831 nostro.
1295 1775 1482 1847 Neque
1522 1778 1668 1832 enim
1714 1778 1768 1833 id
1803 1778 1998 1833 adver-

413 1881 533 1920 sum
570 1880 673 1920 nos
712 1866 833 1920 ausi
878 1875 1086 1929 essent,
1131 1867 1178 1921 si
1230 1882 1333 1923 nos
1370 1882 1534 1922 manu
1574 1875 1867 1938 protegens
1902 1879 1996 1925 tua

410 1958 791 2014 custodiisses.
843 1956 926 2013 Tu
973 1973 1104 2013 vero
1146 1960 1337 2014 atheos
1379 1960 1633 2015 homines
1679 1962 1995 2032 imposuisti

411 2060 579 2113 super
614 2047 794 2116 capita
840 2056 1055 2103 nostra.
1080 2049 1162 2103 Ad
1190 2049 1308 2104 haec
1349 2058 1532 2104 autem
1583 2053 1638 2105 in
1688 2061 1995 2108 extremum

412 2135 686 2189 malorum
717 2136 1079 2205 devenimus;
1115 2154 1243 2193 nam
1274 2141 1364 2194 alii
1396 2140 1619 2212 quidem
1663 2142 1775 2213 igni
1808 2143 1997 2198 traditi

409 2233 640 2281 mortem
690 2228 1105 2296 sustinuerunt;
1143 2230 1237 2284 alii
1286 2232 1342 2285 in
1371 2248 1511 2303 aqua
1541 2235 1799 2289 exstincti
1844 2244 1989 2291 sunt.

410 2316 637 2373 Ferrum
680 2320 904 2390 quippe,
933 2328 986 2376 et
1030 2321 1177 2378 ferro
1220 2324 1371 2378 illata
1422 2328 1713 2397 supplicia,
1776 2330 1997 2401 aliaque

409 2411 603 2466 mortis
632 2426 852 2481 genera,
878 2428 1000 2482 qua
1018 2416 1255 2469 maxima
1279 2432 1409 2486 pars
1432 2427 1682 2474 nostrum
1707 2422 1992 2487 sustinuit,

409 2516 508 2570 pro
544 2502 717 2557 nihilo
741 2513 1066 2575 reputantur
1091 2518 1159 2562 ex
1184 2507 1519 2564 deteriorum
1549 2515 1990 2583 comparatione.

410 2594 774 2659 Quamobrem
802 2597 918 2652 haec
947 2599 1169 2668 quidem
1205 2608 1471 2658 tacemus.
1512 2603 1652 2670 Quia
1683 2621 1816 2661 vero
1852 2607 1995 2663 inter

411 2688 642 2751 atrocia,
694 2689 832 2743 nihil
866 2690 1149 2747 crudelius
1186 2708 1321 2749 nece
1358 2710 1454 2764 per
1502 2696 1680 2765 ignem
1712 2704 1766 2753 et
1796 2713 1994 2768 aquam

412 2779 559 2831 illata
581 2780 951 2846 existimatur,
980 2781 1096 2837 haec
1134 2798 1236 2839 nos
1266 2801 1558 2855 perpessos
1581 2788 1837 2844 dicimus.
1857 2788 1993 2844 Nam

411 2873 503 2925 alii
535 2881 784 2928 nostrum
820 2876 876 2929 in
900 2878 1039 2930 mari
1065 2884 1119 2932 et
1146 2878 1201 2931 in
1227 2877 1544 2935 fluminibus
1562 2881 1800 2938 demersi
1822 2894 1950 2938 sunt
1975 2903 1989 2951 ;

412 2965 506 3018 alii
537 2966 681 3036 ignis
709 2968 1042 3038 supplicium
1066 2970 1308 3025 luerunt.
1352 2969 1451 3027 His
1486 2975 1656 3029 tantis
1708 2976 1992 3045 suppliciis

412 3059 658 3127 probasti
692 3075 813 3126 nos,
842 3059 1009 3127 Deus,
1039 3062 1126 3118 his
1154 3064 1416 3120 omnibus
1460 3066 1584 3136 igne
1624 3082 1725 3123 nos
1785 3071 1993 3124 exami-

412 3153 554 3206 nasti
585 3152 731 3208 sicut
762 3154 1112 3210 examinatur
1150 3166 1455 3228 argentum.

484 3326 593 3383 Sed
632 3345 759 3384 cum
802 3331 920 3386 haec
962 3333 1227 3388 omniain
1261 3351 1363 3392 nos
1393 3336 1730 3403 induxisses,
1774 3349 1830 3394 tu
1877 3342 1993 3410 ipse

411 3436 632 3476 rursum
663 3422 903 3477 eduxisti
934 3438 1035 3476 nos
1071 3424 1125 3476 in
1150 3424 1521 3494 refrigerium.
1562 3426 1680 3482 Non
1716 3432 1861 3483 enim
1893 3444 1992 3483 no-

410 3523 586 3570 strum
619 3524 737 3569 erat
766 3515 895 3568 talia
926 3516 1201 3571 sustinere
1221 3524 1275 3571 et
1304 3518 1435 3570 talia
1476 3518 1734 3589 effugere,
1782 3520 1877 3575 sed
1912 3521 1992 3574 tui

410 3606 593 3677 magni
628 3604 970 3673 Servatoris;
1001 3606 1146 3663 sicut
1176 3608 1323 3663 enim
1358 3609 1624 3665 induxisti
1661 3625 1765 3665 nos
1807 3612 1862 3663 in
1913 3611 1993 3663 la-

410 3713 635 3768 queum,
666 3700 746 3753 sic
777 3698 1016 3753 eduxisti
1051 3702 1107 3754 in
1135 3700 1506 3769 refrigerium.
1533 3701 1989 3773 Quandoquidem

411 3805 520 3844 non
548 3790 847 3859 permisisti
874 3798 932 3844 ut
956 3790 1138 3845 tristia
1158 3791 1248 3844 illa
1269 3791 1362 3845 diu
1384 3800 1788 3861 permanerent,
1817 3808 1995 3863 neque

412 3882 467 3934 in
516 3881 793 3935 inﬁnitum
833 3882 1241 3937 tribulationem
1275 3884 1616 3953 protraxisti,
1644 3900 1820 3954 neque
1870 3900 1996 3955 per-

412 3975 613 4030 misisti
647 3983 705 4028 ut
732 3975 995 4029 diuturno
1020 3986 1267 4047 tempore
1312 3976 1564 4032 homines
1598 3964 1872 4046 capitibus
1910 3980 1996 4029 in-

413 4077 623 4124 starent
683 4068 928 4135 nostris;
960 4084 1138 4138 neque
1178 4069 1233 4122 in
1278 4070 1456 4139 ignem
1506 4070 1741 4139 conjecti
1781 4070 1874 4125 diu
1918 4070 1994 4124 ibi

413 4158 639 4221 versati,
674 4174 852 4228 neque
880 4159 936 4213 in
959 4174 1156 4228 aquam
1198 4159 1397 4228 dejecti
1445 4161 1692 4231 absorpti
1741 4160 1990 4228 fuimus;

414 4248 512 4303 sed
541 4263 660 4302 eam
690 4250 1147 4320 pertransivimus
1179 4268 1193 4303 :
1222 4266 1393 4320 quare
1422 4251 1627 4306 dicitur
1660 4274 1671 4306 :
1717 4271 1733 4303 ι
1768 4251 1996 4308 Transi-

416 4338 594 4392 vimus
628 4352 725 4407 per
759 4338 961 4408 ignem,
995 4348 1050 4393 et
1072 4337 1405 4409 profundum
1449 4356 1717 4410 aquarum
1773 4352 1997 4411 praeter-

414 4430 590 4500 gressi
614 4446 844 4496 sumus;
886 4450 904 4481 ι
942 4430 1067 4484 ideo
1105 4430 1343 4493 dicitur,
1385 4452 1401 4482 ι
1442 4448 1539 4501 per
1570 4448 1789 4501 aquam.
1840 4452 1857 4483 ›
1900 4431 1995 4489 His

2104 586 2277 655 ἡμῶν.
2313 606 2331 637 ι
2363 588 2472 639 Καὶ
2495 586 2652 640 τοῦτο
2699 586 2756 639 δὲ
2809 588 3043 657 νοήσεις,
3072 588 3212 658 ὁρῶν
3245 589 3384 642 κατὰ
3422 592 3547 654 τοὺς
3578 593 3686 647 τῶν

2102 674 2357 746 διωγμῶν
2380 678 2607 749 καιροὺς
2634 676 3067 746 ἐπεμϐαίνοντας
3092 679 3215 741 τοὺς
3241 678 3433 742 ἀθέους
3455 682 3549 733 καὶ
3568 684 3688 736 ἀσε-

2103 768 2218 831 ϐεῖς
2240 769 2437 839 ἄνδρας
2467 769 2561 821 καὶ
2593 768 3095 839 κατεπαιρομένους
3119 771 3225 824 τῶν
3248 772 3345 842 τῆς
3374 772 3686 840 θεοσεϐείας

2100 857 2369 928 ἀθλητῶν,
2407 860 2533 920 τοὺς
2577 858 2634 910 δὲ
2684 860 3140 929 ταπεινουμένους
3178 862 3270 913 καὶ
3303 861 3373 913 τὰ
3418 862 3686 932 πρόσωπα

2102 950 2564 1020 συνεσταλμένους
2598 950 2692 1002 ἐπὶ
2736 953 2854 1013 ταῖς
2885 950 2994 1003 τῶν
3023 951 3196 1004 ἀθέων
3230 952 3597 1024 βλασφημίαις
3626 973 3683 1008 τε

2101 1040 2194 1091 καὶ
2230 1040 2794 1110 μεγαλαυχίαις.Ἤδη
2828 1041 2884 1093 δὲ
2918 1040 3177 1105 πολλάκις
3220 1044 3312 1096 καὶ
3351 1045 3491 1097 κατὰ
3518 1046 3684 1117 κόρης

2102 1130 2304 1199 έτυψαν
2332 1130 2583 1195 παίοντες
2629 1131 2865 1203 πληγαῖς
2890 1134 2988 1197 τὰς
3016 1134 3124 1187 τῶν
3149 1135 3396 1206 ἀθλητῶν
3424 1136 3517 1190 τοῦ
3546 1138 3682 1191 Θεοῦ

2100 1225 2360 1291 κεφαλάς.
2382 1224 2542 1277 Ἀλλὰ
2570 1224 2741 1277 ταῦτα
2763 1226 3149 1295 πάντα,φασὶν
3182 1230 3229 1279 oi
3259 1228 3352 1281 τοῦ
3386 1229 3520 1282 Θεοῦ
3549 1229 3686 1302 μάρ-

2098 1331 2282 1385 τυρες,
2319 1317 2383 1368 σὺ
2410 1317 2541 1386 ἡμῖν
2571 1317 2868 1387 ἐπήγαγες,
2898 1320 2926 1369 ό
2954 1318 3105 1382 Θεός.
3133 1318 3224 1390 Μὴ
3253 1318 3360 1390 γάρ
3389 1338 3481 1373 σου
3510 1320 3687 1390 βουλο-

2103 1405 2287 1473 μένου,
2315 1406 2416 1459 οὑκ
2441 1406 2506 1461 ἄν
2546 1424 2597 1459 τι
2622 1408 2861 1462 τοιοῦτον
2893 1410 3011 1463 καθ’
3036 1410 3192 1481 ἡμῶν
3219 1412 3480 1482 ἐτολμᾶτο
3505 1431 3518 1443 ·
3552 1430 3685 1483 συγ-

2101 1496 2403 1569 χωροῦντος
2450 1498 2506 1551 δέ
2555 1515 2670 1563 σου,
2701 1500 2850 1554 ταῦτ’
2883 1502 3110 1570 ἐγίνετο.
3142 1504 3233 1556 Διό
3266 1521 3397 1572 φασι
3424 1506 3559 1576 πρὸς
3591 1507 3688 1559 αὑ-

2098 1589 2189 1643 τόν
2209 1607 2220 1617 ·
2249 1608 2266 1640 ι
2293 1590 2603 1660 Είσήγαγες
2632 1592 2780 1662 ἡμᾶς
2804 1594 2884 1655 εἰς
2904 1592 3003 1663 τὴν
3032 1594 3252 1663 παγίδα.
3274 1614 3291 1646 ι
3322 1596 3393 1648 Σὺ
3412 1597 3520 1667 γὰρ
3541 1593 3687 1668 ἦσθα

2098 1680 2127 1731 ό
2148 1678 2571 1744 κατακλείστους
2596 1683 2742 1752 ἡμᾶς
2774 1683 2964 1750 ποιῶν,
2998 1686 3296 1757 συγχωρῶν
3322 1687 3378 1740 δὲ
3407 1689 3580 1742 ταῦτα
3603 1689 3687 1759 γίι

2101 1769 2309 1822 νεσθαι.
2346 1769 2457 1821 Καὶ
2493 1770 2555 1822 σὺ
2585 1769 2709 1823 ἔθου
2744 1771 2951 1841 θλίψεις
2978 1774 3071 1826 ἐπὶ
3102 1775 3192 1829 τὸν
3219 1775 3386 1830 νῶτον
3411 1778 3591 1848 ήμῶν.
3610 1778 3687 1833 Οὐ

2032 1844 2071 1899 Β
2099 1860 2207 1932 γὰρ
2228 1860 2293 1914 ἂν
2313 1859 2487 1913 ταῦτα
2508 1860 2628 1913 καθ’
2650 1860 2808 1932 ἡμῶν
2835 1862 3119 1932 ἐτολμᾶτο,
3144 1866 3192 1916 εἰ
3215 1866 3279 1933 τῇ
3312 1844 3509 1918 σαυτοῦ
3538 1867 3687 1937 χειρὶ

2101 1951 2381 2013 σκεπάσας
2411 1950 2730 2019 ἐφύλαττες.
2758 1952 2829 2005 Σὺ
2868 1952 2925 2004 δέ
2955 1953 3049 2007 καὶ
3084 1954 3210 2015 τοὺς
3242 1953 3434 2017 ἀθέους
3476 1954 3686 2026 ἀνθρώ-

2100 2055 2232 2101 πους
2252 2038 2586 2102 ἐπεϐίϐασας
2613 2040 2704 2092 ἐπὶ
2724 2039 2823 2102 τὰς
2848 2040 3091 2109 κεφαλὰς
3113 2040 3437 2114 ἡμῶν.Ἤδη
3464 2044 3519 2095 δέ
3549 2045 3683 2115 πρὸς

2096 2128 2307 2192 τούτοις
2354 2131 2434 2192 είς
2486 2129 2689 2201 ἔσχατα
2742 2133 2929 2185 κακῶν
2960 2133 3216 2205 ἤλθομεν,
3247 2136 3296 2187 οί
3334 2136 3431 2205 μὲν
3476 2136 3564 2189 τὸν
3596 2136 3684 2191 διὰ

2099 2220 2271 2291 πυρὸς
2321 2222 2714 2291 ὑπομείναντες
2760 2224 3008 2287 θάνατον,
3039 2228 3086 2279 οἱ
3135 2226 3192 2278 δὲ
3233 2227 3323 2279 τὸν
3367 2227 3434 2279 δι’
3471 2227 3681 2292 ὓδατος.

2096 2313 2322 2385 Σίδηρος
2363 2315 2462 2386 μὲν
2494 2315 2602 2386 γὰρ
2635 2318 2729 2369 καὶ
2760 2318 2815 2369 αἱ
2859 2317 2949 2370 διὰ
2997 2318 3215 2389 σιδήρου
3247 2319 3517 2384 κολάσεις,
3550 2320 3603 2373 οἴ
3623 2337 3682 2375 τε

2096 2404 2242 2458 ἄλλοι
2281 2405 2521 2469 θάνατοι,
2553 2405 2647 2469 οὒς
2677 2409 2726 2460 οἱ
2754 2406 2972 2471 πλείους
3002 2411 3033 2478 ἡ
3045 2408 3160 2478 μῶν
3207 2410 3678 2482 ύπομεμενήκασι,

2095 2502 2156 2552 τὸ
2190 2499 2357 2570 μηθὲν
2384 2499 2753 2571 ἐνομίσθησαν
2791 2500 3093 2571 παραθέσει
3140 2500 3248 2554 τῶν
3288 2502 3561 2573 χειρόνων.
3591 2502 3681 2555 Διὸ

2094 2594 2278 2645 ἐκεῖνα
2310 2590 2410 2662 μὲν
2442 2593 2865 2663 σεσιωπήκαμεν
2886 2610 2898 2622 ο
2927 2594 3049 2646 ἐπεὶ
3070 2593 3149 2657 δὲ,
3177 2594 3252 2656 ὼς
3282 2595 3339 2645 ἐν
3360 2594 3573 2657 δεινοῖς,
3599 2594 3684 2646 οὐ·

2094 2684 2183 2737 δέν
2214 2686 2393 2755 χεῖρον
2423 2683 2518 2736 τοῦ
2560 2683 2650 2737 διὰ
2690 2686 2860 2756 πυρὸς
2889 2684 3121 2738 θανάτου
3148 2686 3241 2738 καὶ
3266 2684 3361 2737 τοῦ
3400 2685 3466 2738 δι’
3493 2685 3684 2749 ὕδατος

2094 2777 2440 2847 νενόμισται,
2472 2775 2643 2830 ταῦτα
2686 2778 2743 2831 δὲ
2793 2779 2932 2831 αὑτά
2972 2796 3149 2848 φαμεν
3182 2780 3679 2850 ὑπομεμενηκέναι.

2097 2869 2255 2931 Τινὲς
2293 2869 2390 2939 μὲν
2423 2868 2532 2940 γὰρ
2561 2868 2718 2939 ὴμῶν
2752 2868 3073 2940 ὑποϐρύχιοι
3103 2867 3339 2941 θαλάττῃ
3388 2870 3479 2922 καὶ
3516 2887 3682 2923 ποτα-

2097 2965 2215 3032 μοῖς
2238 2962 2614 3033 παρεδόθησαν
2635 2977 2647 2989 ’
2678 2964 2727 3015 οί
2752 2962 2809 3016 δέ
2830 2963 2929 3032 τὴν
2948 2962 3035 3016 διὰ
3062 2964 3229 3035 πυρὸς
3253 2963 3679 3034 τιμωρίαν,ὑπέ-

2096 3068 2316 3123 στησαν.
2348 3050 2447 3104 Διὰ
2468 3051 2735 3105 τοσούτων
2762 3047 2855 3105 οὖν
2901 3052 3229 3123 ἐδοκίμασας
3259 3056 3426 3124 ἡμᾶς,
3460 3056 3488 3106 ὁ
3520 3053 3675 3117 Θεὸς,

2096 3146 2190 3198 καὶ
2221 3144 2310 3198 διὰ
2341 3144 2543 3197 τούτων
2578 3145 2832 3200 ἁπάντων
2866 3144 3157 3215 ἐπύρωσας
3190 3147 3354 3216 ἡμᾶς,
3376 3145 3450 3208 ὡς
3478 3144 3680 3216 πυροῦ-

2097 3254 2187 3288 ται
2210 3236 2269 3289 τὸ
2298 3236 2582 3306 ἀργύριον.

2180 3326 2339 3379 Ἀλλὰ
2364 3326 2539 3380 ταῦτα
2563 3327 2740 3381 πάντα
2769 3326 3063 3395 ἐπαγαγὼν
3097 3330 3247 3398 ἡμῖν,
3282 3327 3439 3380 πάλιν
3474 3328 3538 3380 σὺ
3581 3328 3679 3381 αὐ-

2094 3417 2184 3481 τὸς
2207 3417 2473 3490 ἐξήγαγες
2506 3420 2651 3489 ἡμᾶς
2673 3422 2752 3483 εἰς
2777 3420 3076 3490 ἀναψυχήν.
3109 3421 3181 3472 Οὑ
3210 3419 3315 3489 γὰρ
3351 3419 3504 3489 ήμῶν
3530 3415 3597 3491 ἦν
3621 3418 3681 3471 τὸ

2097 3515 2386 3585 ὑπομεῖναι
2432 3516 2528 3568 καὶ
2559 3515 2842 3582 διαφυγεῖν
2876 3513 2943 3566 τά
2975 3511 3232 3577 τοσαῦτα,
3269 3511 3401 3564 ἀλλὰ
3452 3510 3544 3563 σοῦ
3590 3510 3681 3564 τοῦ

2100 3606 2334 3676 μεγάλου
2370 3607 2619 3677 Σωτῆρος
2639 3621 2652 3634 ·
2683 3605 2757 3668 ὡς
2780 3604 2889 3675 γὰρ
2913 3604 3203 3674 εἰσήγαγες
3228 3605 3306 3665 εἰς
3335 3602 3679 3673 τὴνηπαγῐδα,

2095 3699 2238 3753 οὔτω
2283 3700 2375 3753 καὶ
2412 3698 2681 3768 ἐξήγαγες
2724 3697 2801 3757 εἰς
2829 3694 3128 3765 ἀναψυχήν.
3148 3691 3364 3763 Ἐπειδὴ
3397 3692 3471 3763 μὴ
3501 3692 3682 3762 παρά-

2101 3809 2237 3862 μονα
2288 3790 2474 3853 εἴασας
2526 3789 2681 3859 ἡμῶν
2719 3788 2787 3840 τὰ
2818 3786 3138 3857 σκυθρωπὰ,
3169 3786 3302 3855 μηδέ
3347 3786 3424 3846 εἰς
3456 3785 3681 3855 ἄπειρον

2096 3883 2420 3954 παρέτεινας
2449 3882 2547 3952 τὴν
2583 3880 2780 3949 θλίψιν,
2817 3879 2949 3949 μηδέ
2982 3881 3059 3940 εἰς
3096 3877 3302 3948 μακρὸν
3336 3876 3523 3946 χρόνον
3555 3892 3680 3928 συν-

2096 3974 2379 4046 εχὼρησας
2403 3974 2656 4045 ἐπιϐῆναι
2679 3972 2775 4025 ἀνθ
2786 3971 2996 4043 ρώπους
3021 3971 3112 4022 ἐπὶ
3130 3970 3227 4032 τὰς
3246 3968 3485 4038 κεφαλὰς
3504 3967 3679 4039 ἡμῶν⁹

2096 4066 2211 4118 ἀλλ’
2237 4065 2358 4118 οὑδέ
2401 4066 2458 4116 ἐν
2488 4064 2568 4134 τῷ
2609 4064 2742 4133 πυρὶ
2774 4062 3057 4132 γενόμενοι
3086 4061 3537 4131 ἐνυπεμείναμεν,
3563 4058 3682 4111 οὐδὲ

2097 4161 2155 4212 ἐν
2187 4158 2263 4228 τῷ
2291 4157 2441 4211 ῦδατι
2468 4156 2831 4227 ἐμϐληθέντες
2858 4154 3131 4224 κατεπόθη
3143 4170 3266 4224 μεψ
3305 4153 3399 4205 καὶ
3447 4152 3603 4205 τοῦτο
3624 4151 3681 4205 δὲ

2096 4251 2413 4321 διήλθομεν’
2452 4249 2531 4301 διὸ
2564 4248 2813 4307 λέλεκται
2833 4263 2845 4276 °
2884 4265 2902 4297 ι
2935 4245 3231 4315 Διήλθομεν
3263 4245 3351 4298 διὰ
3374 4245 3565 4316 πυρὸς,
3589 4245 3684 4297 καὶ

2097 4342 2189 4394 τὸν
2237 4342 2395 4412 βυθὸν
2439 4341 2546 4394 τῶν
2588 4342 2794 4395 ὑδάτων
2843 4340 3220 4413 διεξήλθομεν⁸
3256 4358 3273 4390 ι
3309 4340 3388 4392 διὸ
3415 4339 3530 4403 καὶ,
3570 4357 3588 4389 ι
3616 4338 3683 4391 δι’

2102 4434 2312 4499 ὓδατος,
2348 4454 2366 4487 ι
2418 4435 2648 4505 εἴρηται.
2694 4435 2803 4487 Καὶ
2833 4434 2896 4503 δὴ
2924 4435 3016 4485 ἐπὶ
3038 4432 3248 4494 τούτοις
3282 4432 3481 4486 ἆπασιν
3516 4432 3685 4499 ἐγγυ-

415 4525 671 4578 omnibus
699 4538 801 4580 nos
838 4524 1105 4594 probasti,
1146 4535 1472 4595 sumptoque
1496 4526 1769 4594 patientia:
1796 4534 1850 4581 et
1876 4542 1994 4596 per-

2110 4530 2319 4600 μνάσας
2352 4531 2499 4599 ἡμᾶς
2530 4530 2623 4581 καὶ
2651 4529 2750 4598 τῆς
2775 4528 3051 4597 ὑπομονῆς
3075 4529 3107 4597 ή
3118 4526 3231 4595 μῶν
3253 4525 3347 4579 καὶ
3369 4525 3465 4594 τῆς
3492 4541 3687 4595 καρτε-

415 4616 738 4672 severantiaa
768 4626 974 4671 nostra:
1000 4617 1396 4686 experimento,
1429 4619 1670 4673 eduxisti
1705 4636 1806 4674 nos
1828 4620 1884 4674 in
1909 4637 1997 4675 re-

416 4707 736 4779 frigerium:
768 4707 902 4771 sive,
932 4709 1236 4763 secundum
1262 4708 1674 4779 Symmachum,
1716 4732 1734 4763 ι
1778 4713 1833 4767 in
1869 4714 1994 4769 lati-

415 4801 683 4855 tudinem.
729 4820 748 4853 ι
786 4799 903 4855 Hoc
928 4810 1106 4856 autem
1136 4801 1358 4857 diverso
1382 4802 1544 4856 modo
1576 4803 1857 4873 impletum
1887 4814 1991 4862 est.

415 4890 549 4945 Nam
574 4906 700 4946 cum
728 4907 899 4945 unum
928 4892 1000 4947 sit
1029 4892 1415 4963 religiosorum
1445 4893 1731 4955 hominum
1760 4912 1994 4967 corpus;

414 4994 470 5040 et
495 4985 585 5039 alii
613 4983 836 5054 quidem
864 4984 981 5039 haec
1006 4986 1157 5054 passi
1200 4985 1332 5051 sint,
1371 4986 1464 5039 alii
1496 4988 1827 5056 supplicium
1878 4990 1990 5045 lue-

416 5080 544 5143 rint,
580 5079 673 5133 alii
703 5080 880 5133 solum
911 5080 1116 5133 mulcta
1137 5081 1405 5134 bonorum
1441 5083 1726 5137 exercitati
1755 5082 1994 5161 fuerint;

414 5173 505 5226 alii
544 5172 669 5242 fuga
722 5179 778 5225 et
833 5186 1058 5227 secessu
1092 5170 1444 5227 familiariqu
1503 5174 1715 5243 probati
1770 5174 1993 5241 fuerint,

416 5280 524 5318 non
564 5264 656 5319 diu
687 5272 876 5334 postea
909 5264 1155 5319 omnium
1197 5264 1322 5319 linis
1365 5266 1619 5320 omnibus
1660 5266 1873 5322 faustus
1901 5282 1995 5321 oc-

414 5356 611 5410 currit.
643 5353 780 5409 Nam
804 5354 898 5409 Dei
958 5365 1226 5425 martyres
1267 5364 1442 5411 morte
1484 5359 1871 5419 consummati,
1903 5374 1996 5412 ve-

416 5462 539 5500 rum
594 5446 937 5518 refrigerium
990 5449 1358 5510 invenerunt,
1405 5456 1464 5502 ut
1507 5449 1688 5505 dicere
1741 5450 1994 5505 valeant:

422 5557 442 5589 ι
475 5538 824 5603 Convertere,
848 5540 1028 5594 anima
1048 5555 1190 5605 mea,
1211 5541 1263 5594 in
1284 5542 1526 5609 requiem
1548 5550 1717 5606 tuam,
1743 5543 1869 5611 quia
1894 5542 1999 5596 Do-

416 5614 601 5685 minus
622 5630 891 5685 benefecit
915 5633 1035 5693 tibi.
1054 5633 1312 5700 quoniam
1340 5633 1538 5699 eripuit
1561 5634 1796 5687 animam
1824 5650 1999 5689 meam

416 5719 487 5777 de
523 5730 698 5774 morte
721 5720 788 5784 θ’,
839 5740 856 5770 ›
897 5731 1005 5774 etc.
1040 5720 1165 5777 Haec
1190 5723 1391 5793 quippe
1415 5721 1589 5776 afﬁnia
1639 5724 1999 5792 prmscntibus

491 5837 537 5869 “
566 5835 710 5891 Psal.
744 5849 890 5892 εχιτ.
917 5836 966 5893 7.
1001 5835 1057 5889 8.

2111 4622 2229 4693 ρίας
2254 4622 2350 4691 τὴν
2377 4621 2602 4691 δοκιμὴν
2623 4620 2802 4673 λαϐὼν
2824 4620 3087 4691 ἐξήγαγες
3111 4618 3257 4686 ἡμᾶς
3280 4618 3357 4678 είς
3378 4615 3679 4685 ἀναψυχήν·

2105 4713 2137 4783 ἢ
2176 4713 2318 4766 κατὰ
2341 4712 2431 4765 τὸν
2461 4712 2777 4783 Σύμμαχον,
2813 4730 2830 4762 ι
2857 4714 2935 4774 εἰς
2962 4708 3324 4779 εὐρυχωρίαν.
3348 4728 3365 4757 ι
3392 4707 3499 4759 Καὶ
3530 4706 3687 4758 τοῦτο

2106 4806 2161 4859 δὲ
2195 4805 2496 4877 ἐπληροῦτο
2517 4804 2791 4875 διαφόρως
2809 4820 2822 4833 ο
2856 4803 2974 4866 ἐνὸς
3002 4802 3110 4871 γὰρ
3141 4802 3290 4863 ὄντος
3314 4798 3407 4852 τοῦ
3440 4799 3546 4851 τῶν
3566 4799 3687 4871 ’θεο-

2107 4898 2278 4950 σεϐῶν
2321 4898 2590 4969 σώματος,
2621 4897 2715 4951 καὶ
2748 4896 2855 4950 τῶν
2886 4896 2984 4965 μὲν
3018 4894 3146 4947 τάδε
3184 4892 3548 4955 πεπονθότων,
3578 4888 3685 4943 τῶν

2105 4991 2162 5043 δέ
2190 4990 2600 5059 ὑπομεινάντων
2628 4989 2919 5059 τιμωρίαν,
2955 4986 3063 5039 τῶν
3095 4985 3151 5037 δὲ
3177 4987 3244 5056 τῇ
3275 4984 3380 5037 τῶν
3408 4983 3682 5055 ὑπαρχόν-

2105 5100 2213 5134 των
2250 5080 2422 5153 ζημίᾳ
2470 5081 2607 5154 μόνῃ
2654 5079 3108 5151 δοκιμασθέντων,
3139 5077 3246 5130 τῶν
3291 5078 3347 5130 δὲ
3390 5077 3473 5130 διὰ
3508 5078 3685 5148 φυγῆς

2106 5174 2200 5224 καὶ
2228 5172 2325 5242 τῆς
2359 5173 2466 5226 τῶν
2493 5173 2709 5225 οἰκείων
2746 5171 3140 5241 ἀναχωρήσεως
3180 5170 3682 5241 ἐγγυμνασθέντων,

2105 5266 2205 5318 οὑκ
2250 5269 2330 5328 εἰς
2375 5265 2583 5336 μακρὸν
2627 5265 2689 5317 τὸ
2733 5263 2947 5317 πάντων
2985 5263 3136 5326 τέλος
3168 5265 3282 5326 τοῖς
3317 5264 3480 5315 πᾶσιν
3512 5260 3685 5314 αἴσιον

2107 5356 2344 5428 ἀπήντα.
2375 5359 2438 5410 Οἱ
2473 5358 2569 5427 μὲν
2597 5357 2705 5427 γὰρ
2738 5356 2830 5409 τοῦ
2866 5354 3001 5408 Θεοῦ
3040 5355 3314 5427 μάρτυρες
3347 5354 3433 5407 διὰ
3465 5354 3558 5406 τοῦ
3589 5352 3684 5405 θα-

2106 5450 2267 5502 νάτου
2302 5449 2697 5513 τελειωθέντες,
2728 5448 2825 5519 τὴν
2854 5446 3069 5518 άληθῶς
3110 5447 3389 5517 ἀναψυχὴν
3432 5446 3681 5517 εῦραντο,

2073 5544 2181 5606 ,ὡς
2222 5542 2481 5596 δύνασθαι
2518 5542 2712 5610 φάναι·
2750 5562 2768 5592 ι
2792 5540 3168 5611 Ἐπίστρεψον,
3205 5541 3237 5609 ἡ
3271 5539 3415 5608 ψυχή
3452 5554 3575 5608 μου,
3606 5537 3683 5597 εἰς

2105 5635 2204 5704 τὴν
2256 5632 2559 5688 άνάπαυσίν
2611 5650 2727 5696 σου,
2759 5633 2840 5685 ὅτι
2882 5631 3083 5702 Κύριος
3124 5629 3459 5701 εύηργέτησέ
3484 5645 3576 5680 σε’
3604 5629 3686 5681 ὄτι

2107 5726 2348 5792 ἐξείλατο
2394 5725 2488 5779 τ’ὶτν
2533 5725 2708 5797 ψυχήν
2755 5742 2855 5796 μου
2896 5727 2958 5779 ἐκ
2994 5724 3240 5787 θανάτου,
3274 5744 3291 5775 ι
3324 5724 3416 5776 καὶ
3438 5721 3507 5775 τά
3536 5719 3682 5792 ἑξῆς.
