4142 6388
526 352 632 409 665

1632 354 2138 411 COMMENTARIA
2178 353 2244 408 ΙΝ
2283 353 2625 410 PSALMl)S.

3692 359 3797 416 666

537 470 767 540 Ἀδελφα
800 488 907 543 γαρ
945 486 1009 525 αν
1044 472 1130 543 εἴη
1172 472 1344 526 ταῦτα
1369 489 1478 525 των
1502 471 1589 526 διὰ
1614 472 1723 526 τῶν
1757 473 1897 543 μετὰ
1924 477 2081 547 χεῖρα

2217 479 2379 526 sunt:
2408 491 2426 521 ι
2464 470 2568 537 Qui
2607 476 2789 540 posuit
2816 468 3055 523 animam
3082 484 3259 524 meam
3292 468 3358 525 ad
3387 469 3575 534 vitam,
3606 478 3658 525 et
3687 486 3795 525 non

522 564 873 631 φασκόντων
909 584 927 616 ι
959 564 1065 617 Τοῦ
1096 565 1321 636 θεμένου
1352 566 1449 637 τὴν
1477 567 1656 637 ψυχήν
1694 583 1795 638 μου
1830 568 1909 631 είς
1941 566 2106 638 ζωὴν,

522 651 618 705 καί
653 652 726 725 μὴ
767 654 948 718 δόντος
982 656 1061 717 είς
1092 654 1257 707 σάλον
1304 656 1431 718 τοὺς
1462 654 1627 717 πόδας
1655 672 1753 725 μου
1775 671 1787 683 ·
1831 673 1849 705 ι
1881 654 1976 707 καὶ
2008 654 2112 707 πά-

521 744 605 799 λιν
624 762 638 776 ·
672 765 691 796 ε
719 747 829 800 Καὶ
862 745 1129 816 ἐξήγαγες
1160 747 1308 817 ἡμᾶς
1337 748 1415 809 είς
1440 746 1741 817 ἀναψυχήν.
1769 747 1831 799 Oi
1860 745 1917 799 δέ
1950 746 2006 799 ἐν
2032 744 2110 815 τῷ

500 839 624 911 ’βίῳ
674 839 1078 910 πεφυλαγμένοι
1131 840 1223 893 καὶ
1271 840 1370 912 τὴν
1413 838 1505 893 τοῦ
1551 837 1789 909 διωγμοῦ
1834 837 2109 908 πυρκαϊὰν

520 930 953 985 ἀποσϐεσθεῖσαν
992 930 1334 1001 τεθεαμένοι,
1369 931 1425 983 ἐν
1469 931 1662 1001 είρήνῃ
1711 928 1911 999 φαιδρᾷ
1939 943 2108 980 κατα-

522 1025 766 1089 στάντες,
792 1024 894 1093 τῆς
933 1023 1215 1093 ἀναψυχῆς
1256 1022 1469 1092 ἔτυχον,
1495 1022 1589 1074 καὶ
1613 1023 1692 1083 εἰς
1720 1019 1891 1072 εῦδιον
1915 1017 2107 1087 λιμένα

518 1117 979 1187 καταντήσαντες,
1013 1115 1107 1168 καὶ
1142 1115 1238 1185 τῆς
1278 1115 1415 1185 μετά
1445 1114 1539 1167 τοῦ
1563 1111 1804 1183 διωγμοῦ
1833 1111 2102 1182 εὐφροσύ-

517 1225 615 1278 νης
645 1207 1068 1269 ἀπολαύσαντες.
1104 1208 1336 1275 Νοήσεις
1365 1206 1420 1259 δέ
1451 1207 1597 1269 ὅπως
1627 1206 1838 1277 εἴρηται
1870 1203 2103 1257 ἐνταῦθα

520 1301 595 1353 τόο
616 1319 634 1350 ι
659 1300 1023 1363 Ἐπεϐίὸασας
1046 1299 1364 1371 ἀνθρώπους
1386 1300 1480 1352 ἐπὶ
1505 1298 1602 1362 τάς
1625 1298 1867 1367 κεφαλὰς
1885 1298 2063 1369 ἡμῶν,
2079 1317 2095 1347 ι

517 1394 783 1465 παραθεὶς
817 1394 877 1446 τὸ
907 1393 964 1445 ἐν
999 1392 1170 1464 ἑτέρῳ
1202 1378 1516 1463 εἰρημένον·
1566 1410 1583 1441 ι
1614 1392 1727 1443 Καὶ
1772 1389 1867 1443 νῦν
1918 1390 2099 1458 ὓψωσε

516 1485 759 1556 κεφαλήν
796 1502 896 1555 μου
933 1485 1026 1536 ἐπὶ
1064 1483 1293 1554 ἐχθρούς
1329 1500 1449 1554 μου.
1471 1482 1788 1536 Ἐκύκλωσα
1816 1483 1909 1535 καὶ
1934 1482 2100 1535 ἔθυσα

513 1579 570 1630 ἐν
597 1581 663 1648 τῇ
691 1580 861 1648 σκηνῇ
896 1594 988 1629 σου
1024 1576 1214 1630 θυσίαν
1240 1576 1581 1647 ἀλαλαγμοῦ.
1614 1576 1854 1646 »Ὥσπερ
1872 1574 1981 1646 γὰρ
2007 1593 2101 1628 κα-

512 1670 578 1724 τά
624 1670 749 1732 τοὺς
796 1668 903 1721 τῶν
953 1667 1208 1739 διωγμῶν
1252 1669 1477 1740 καιροὺς
1510 1667 1861 1738 ἐπανίστησιν
1906 1669 1934 1719 ὁ
1967 1668 2099 1732 Θεὸς

510 1762 830 1835 ἀνθρώπους
859 1764 951 1816 ἐπὶ
968 1763 1066 1828 τάς
1088 1762 1327 1833 κεφαλάς
1349 1763 1381 1833 ἡ
1390 1761 1526 1833 μῶν,
1549 1760 1692 1814 οὕτω
1727 1760 1866 1831 μετὰ
1905 1760 2092 1824 ταῦτα,

2204 565 2364 619 dedit
2423 565 2478 618 in
2539 564 2970 621 commotionem
3030 562 3197 633 pedes
3262 578 3473 631 meos;
3518 583 3535 615 ι
3582 580 3646 618 ac
3673 581 3797 618 rur-

2213 672 2333 712 sum
2374 675 2387 710 :
2431 674 2449 707 ι
2488 656 2551 708 Et
2577 654 2816 710 eduxisti
2846 669 2949 709 nos
2980 655 3033 708 in
3071 655 3441 726 refrigerium.
3484 675 3502 707 ι
3547 655 3650 722 Qui
3698 670 3797 708 au-

2210 756 2319 803 tem
2359 750 2689 817 superstites
2713 747 2916 801 servati
2957 756 3106 811 sunt,
3140 748 3577 818 restinctumque
3608 763 3797 819 perse-

2210 841 2450 896 cutionis
2481 839 2796 894 incendium
2821 839 3099 903 viderunt,
3126 841 3180 893 in
3209 840 3452 910 jucunda
3484 857 3619 911 pace
3660 857 3794 896 con-

2210 932 2412 999 stituti,
2458 930 2808 1000 refrigerium
2856 930 3006 983 nacti
3044 939 3195 993 sunt,
3234 941 3288 986 et
3336 932 3390 985 in
3433 933 3793 1002 tranquillum

2207 1031 2428 1093 portum
2470 1022 2729 1092 ingressi,
2758 1031 2881 1093 post
2920 1022 3361 1093 persecutionem
3414 1023 3601 1077 laetitia
3643 1023 3793 1078 frue-

2206 1116 2426 1169 bantur.
2473 1113 2616 1170 Sane
2662 1116 2937 1185 intelligas
2996 1130 3103 1184 qna
3156 1117 3369 1169 ratione
3412 1115 3501 1169 hic
3535 1116 3787 1170 dicatur:

2210 1224 2229 1256 ι
2264 1206 2581 1275 lmposuisti
2617 1206 2867 1261 homines
2895 1222 3063 1276 super
3087 1206 3267 1275 capita
3303 1215 3514 1270 nostra,
3550 1227 3567 1258 ι
3599 1206 3643 1261 si
3675 1206 3791 1261 haac

2202 1297 2457 1354 conferas
2493 1314 2619 1353 cum
2650 1300 2754 1353 hoe
2784 1300 3015 1354 alterius
3046 1299 3241 1369 psalmi
3278 1299 3427 1353 dicto
3458 1317 3472 1352 :
3509 1317 3528 1349 ι
3556 1297 3620 1351 Ει
3642 1314 3790 1352 nunc

2201 1392 2464 1446 exaltavit
2485 1399 2648 1461 caput
2678 1407 2858 1447 meum
2885 1406 3050 1460 super
3073 1392 3328 1445 inimicos
3360 1406 3532 1445 meos.
3550 1389 3789 1444 Circuivi

2200 1490 2253 1536 et
2283 1482 2561 1536 immolavi
2619 1482 2676 1536 in
2724 1482 3084 1535 tabernaculo
3115 1491 3210 1536 tuo
3240 1480 3480 1535 hostiam
3509 1480 3791 1549 jubilatio-

2201 1567 2372 1623 nis".
2414 1588 2432 1621 ι
2486 1568 2963 1634 Quemadmodum
3006 1571 3151 1624 enim
3200 1570 3603 1641 persecutionis
3645 1579 3787 1625 tem-

2200 1677 2332 1731 pore
2357 1663 2591 1733 imponit
2620 1662 2765 1718 Deus
2793 1663 3045 1719 homines
3076 1680 3242 1732 super
3267 1664 3447 1734 capita
3470 1671 3677 1728 nostra,
3711 1664 3786 1718 ita

2205 1764 2493 1825 postquam
2521 1755 2710 1810 eduxit
2740 1771 2842 1812 nos
2874 1757 2929 1809 in
2962 1756 3339 1827 refrigerium,
3375 1757 3580 1811 exaltat
3606 1758 3787 1826 capita

508 1858 597 1911 ὅτε
627 1857 894 1928 ἐξήγαγεν
923 1857 1070 1926 ἡμᾶς
1112 1856 1193 1918 εἰς
1235 1853 1539 1924 ἀναψυχὴν,
1571 1852 1697 1922 ὑψοῖ
1723 1850 1824 1915 τὰς
1858 1850 2086 1920 κεφαλὰς

2200 1856 2390 1900 nostra
2443 1862 2609 1915 super
2658 1847 2914 1903 inimicos
2961 1856 3203 1903 nostros.
3254 1845 3423 1917 quue
3468 1847 3788 1919 prophetice

508 1950 663 2020 ἡμῶν
686 1950 781 2003 ἐπὶ
808 1949 933 2011 τοὺς
962 1947 1189 2019 ἐχθροὺς
1212 1949 1245 2018 ἡ
1256 1947 1390 2017 μῶν.
1419 1947 1529 1999 Καὶ
1560 1943 1718 1999 τοῦτο
1747 1944 2098 2017 προφητικῶς

506 2043 696 2114 ἐδήλου
723 2046 751 2097 ό
773 2044 977 2114 φήσας·
1022 2061 1040 2093 ι
1068 2042 1180 2095 Καὶ
1208 2041 1302 2095 νῦν
1334 2040 1517 2112 ὖψωσε
1567 2040 1810 2111 κεφαλήν
1859 2056 1959 2109 μου
2003 2038 2097 2091 ἐπὶ

506 2135 732 2206 ἐχθρούς
769 2152 890 2207 μου.
923 2133 1320 2204 Είσελεύσομαι
1353 2135 1432 2196 είς
1458 2132 1552 2186 τὸν
1583 2127 1732 2186 οἶκόν
1768 2149 1860 2185 σου
1888 2133 1945 2185 ἐν
1980 2131 2096 2185 ὁλο-

505 2226 883 2298 καυτώμασιν.
924 2246 941 2278 ι
980 2228 1041 2279 υἱ
1081 2226 1179 2297 μὲν
1208 2226 1316 2297 γὰρ
1350 2226 1494 2293 ἅγιοι
1516 2224 1609 2277 τοῦ
1640 2224 1775 2278 Θεοῦ
1822 2225 2096 2297 μάρτυρες

506 2319 645 2390 μετὰ
676 2319 803 2381 τοὺς
831 2317 1098 2390 μεγάλους
1127 2316 1338 2379 ἄθλους,
1370 2316 1464 2380 οὓς
1489 2317 1965 2387 ὑπομεμενήκασι,
2007 2315 2094 2368 διὰ

504 2410 678 2481 πυρὸς
729 2410 822 2462 καὶ
867 2408 1056 2471 ὓδατος
1081 2406 1400 2471 διελθόντες,
1428 2408 1508 2471 εἰς
1533 2405 1811 2477 ἀναψυχὴν
1849 2404 2091 2477 παρελή-

505 2500 738 2571 φθησαν.
776 2495 909 2553 Εἶτα
938 2498 1028 2553 τὸν
1052 2498 1373 2570 ἐπουράνιον
1402 2495 1495 2549 τοῦ
1523 2495 1657 2549 Θεοῦ
1681 2491 1828 2548 οἷκον
1847 2493 1938 2547 τὸν
1969 2493 2095 2565 ἀλη-

504 2588 667 2653 θινὸν,
693 2589 1074 2653 ἀπολαϐόντες,
1126 2588 1325 2657 φασίν·
1386 2606 1404 2637 ι
1442 2585 1833 2655 Είσελεύσομαι
1880 2585 1961 2648 εἰς
2000 2584 2091 2637 τὸν

502 2676 650 2734 οἶκόν
683 2699 774 2735 σου
816 2684 873 2735 ἐν
918 2681 1354 2751 ὀλοκαυτώμασι.
1384 2698 1402 2730 ι
1423 2679 1511 2742 Ὠς
1535 2677 1645 2748 γὰρ
1673 2676 1762 2730 διὰ
1794 2676 1964 2747 πυρὸς
1997 2677 2091 2729 καὶ

502 2772 693 2838 Εδατος
727 2774 1042 2838 διελθόντες,
1070 2773 1138 2827 τὰ
1183 2772 1388 2825 ἑαυτῶν
1432 2769 1877 2841 ὁλοκαυτώματα,
1913 2771 1970 2821 ἐν
2008 2766 2089 2832 οἷς

499 2865 908 2936 ἐμαρτύρησαν,
939 2865 1092 2937 δίκην
1130 2863 1320 2927 θυσίας
1362 2862 1440 2933 τῷ
1485 2861 1692 2914 ἑαυτῶν
1718 2860 2088 2932 προσφέρουσι

498 2955 638 3026 Θεῷ,
678 2956 845 3027 πολλῇ
878 2956 1161 3028 παρρησίᾳ
1192 2954 1465 3026 χρώμενοι
1502 2956 1585 3022 ἐφ’
1608 2948 1697 3016 αἷς
1730 2951 1963 3023 ηὔξαντο
1998 2952 2089 3004 εὐ-

501 3048 643 3115 χαῖς.
662 3044 904 3111 Ηῦξαντο
932 3046 989 3099 δέ
1019 3044 1409 3113 ἀγωνίσασθαι,
1426 3044 1517 3096 καὶ
1538 3042 1742 3114 ταύτην
1763 3043 2086 3113 ἐποιήσαντο

497 3138 594 3205 τὴν
641 3137 995 3206 ἐπαγγελίαν,
1026 3137 1088 3191 τὸ
1128 3138 1291 3209 μέχρι
1340 3136 1572 3189 θανάτου
1623 3135 1765 3207 ὑπὲρ
1804 3134 2085 3198 εὐσεϐείας

494 3232 743 3304 ἀθλῆσαι.
775 3234 861 3297 Ὠς
880 3229 973 3287 οῦν
999 3231 1422 3305 κατωρθωκότες
1455 3230 1597 3302 άπερ
1622 3228 1878 3300 ηθξαντο,
1899 3228 2081 3298 φασίν·
2113 3224 2156 3281 C

569 3363 589 3397 ι
613 3345 902 3400 Ἀποδὼσω
926 3346 1118 3410 σοιτάς
1134 3345 1298 3416 εὐχάς
1327 3363 1449 3416 μου,
1475 3344 1539 3406 ἃς
1556 3342 1813 3396 διέστειλε
1838 3342 1906 3396 τὰ
1928 3342 2080 3413 χείλη

497 3456 633 3510 μου·
671 3441 764 3492 καὶ
796 3439 1023 3511 ἐλάλησε
1056 3438 1117 3492 τὸ
1152 3439 1326 3509 στόμα
1362 3456 1463 3510 μου
1500 3441 1555 3491 ἐν
1588 3439 1653 3508 τῇ
1689 3436 1866 3505 θλίψει
1907 3453 2025 3507 μου.
2058 3456 2076 3486 ι

493 3530 633 3582 Κατ’
666 3529 835 3592 αὐτὰς
866 3530 975 3599 γὰρ
1005 3529 1103 3590 τὰς
1136 3528 1342 3598 θλίψεις
1363 3568 1376 3592 ,
1412 3529 1542 3600 περὶ
1571 3520 1644 3582 ιῖιν
1680 3526 1936 3598 ἀνωτέρω
1970 3526 2083 3578 ἔλε-

490 3636 585 3687 γον
608 3637 621 3650 ·
662 3640 680 3672 ι
704 3622 869 3674 Ἔθου
900 3621 1105 3692 θλίψεις
1137 3621 1229 3673 ἐπὶ
1262 3620 1353 3674 τὸν
1376 3620 1544 3673 νῶτον
1565 3619 1741 3691 ἡμῶν,
1770 3639 1787 3671 ι
1822 3618 1921 3690 τὴν
1947 3618 2083 3689 πρὸς

490 3711 580 3765 τὸν
600 3713 732 3767 Θεὸν
755 3713 975 3784 ἀγάπην
996 3714 1205 3766 τελείαν
1228 3714 1322 3767 καὶ
1342 3713 1535 3784 όλόκλη
1544 3730 1635 3783 ρον
1657 3711 2079 3782 ἐνδεικνύμενοι,

492 3805 654 3875 εὐχάς
679 3806 916 3859 ἐτίθεντο
946 3805 1038 3859 καὶ
1068 3805 1398 3873 ἐπαγγελίας
1424 3804 1702 3857 ἐποιοῦντο
1731 3804 1891 3875 μέχρι
1913 3803 2079 3856 θανά-

492 3915 580 3951 του
614 3898 870 3967 ἐνστῆναι
892 3938 905 3961 ,
941 3898 1220 3968 μονονουχὶ
1252 3898 1452 3968 ὁμοίως
1480 3897 1556 3967 τῷ
1580 3895 1775 3966 Παύλῳ
1794 3897 2043 3965 λέγοντες
2061 3913 2075 3925 υ

496 4011 513 4041 ι
536 3990 631 4055 Τίς
669 3993 816 4063 ἡμᾶς
844 3993 1067 4063 χωρίσει
1102 3993 1208 4045 ἀπὸ
1238 3994 1335 4063 τῆς
1370 3993 1589 4062 ἀγάπης
1616 3989 1710 4044 τοῦ
1745 3990 1918 4052 Θεοῦ;
1962 3989 2076 4042 θλίσ-

489 4084 600 4153 ψις,
632 4083 663 4155 ἢ
700 4084 1049 4155 στενοχωρία,
1082 4085 1115 4156 ἢ
1151 4085 1410 4154 διωγμὸς,
1444 4085 1476 4156 ἢ
1509 4084 1685 4154 λιμὸς,
1715 4082 1748 4153 ἢ
1780 4082 2074 4154 γυμνότης,

488 4176 521 4248 ἢ
553 4177 848 4241 κίνδυνος;›
875 4177 987 4229 καίο
1015 4177 1351 4248 «Πέπεισμαι
1380 4179 1510 4248 γὰρ,
1543 4178 1623 4230 ὅτι
1674 4176 1797 4229 οὔτε
1826 4175 2074 4239 θάνατος,

487 4267 610 4322 οὔτε
637 4269 771 4340 ζωὴ,
805 4268 927 4322 οὔτε
961 4269 1265 4335 ἐνεστῶτα,
1301 4270 1424 4323 οὔτε
1458 4271 1715 4341 μέλλοντα
1741 4311 1754 4333 ,
1788 4270 2075 4339 δυνήσεται

486 4364 633 4434 ἡμᾶς
658 4362 888 4433 χωρίσαι
920 4362 1027 4414 ἀπὸ
1060 4362 1159 4433 τῆς
1190 4362 1411 4433 ἀγάπης
1444 4362 1537 4415 τοῦ
1571 4362 1704 4415 Θεοῦ
1732 4361 1831 4430 τῆς
1855 4363 1912 4414 ἐν
1941 4360 2075 4430 Χρι-

486 4451 595 4523 στῷ
634 4450 828 4521 Ἰησοῦ.
862 4471 879 4503 ι
906 4452 1120 4516 Ταύτας
1149 4450 1241 4507 οὖν
1262 4472 1392 4524 φησι
1419 4453 1518 4517 τὰς
1543 4455 1705 4525 εὐχὰς
1732 4453 2071 4506 ἀποδεδωκέ-

484 4560 571 4596 ναι
602 4541 679 4612 τῷ
694 4542 834 4612 Θεῷ,
862 4542 927 4607 ἃς
956 4543 1213 4597 διέστειλε
1234 4544 1301 4597 τὰ
1320 4544 1470 4615 χείλη
1494 4544 1692 4608 αὐτῶν,
1726 4545 1820 4597 καὶ
1842 4542 2071 4615 ἐλάλησε

2199 1935 2513 1990 declarabat
2559 1936 2653 2006 qui
2700 1936 2838 1991 dixit
2877 1955 2889 1989 :
2932 1954 2950 1987 ι
2994 1938 3060 1990 Et
3104 1953 3253 1991 nunc
3308 1937 3570 1991 exaltavit
3620 1946 3786 2007 caput

2200 2044 2381 2082 meum
2437 2044 2603 2099 super
2650 2030 2907 2084 inimicos
2956 2046 3132 2086 meos.
3182 2028 3426 2085 lntroibo
3464 2032 3518 2083 in
3561 2030 3784 2084 domum

2198 2128 2348 2173 tuam
2395 2120 2452 2173 in
2494 2121 2854 2176 holocaustis.
2893 2140 2911 2172 ι
2950 2118 3087 2173 Nam
3150 2122 3327 2175 sancti
3372 2120 3467 2177 Dei
3513 2129 3784 2193 martyres

2198 2220 2321 2281 post
2373 2227 2593 2283 magna,
2650 2228 2772 2283 quae
2829 2213 3238 2278 sustinuerunt,
3298 2213 3633 2275 certamina,
3683 2228 3784 2283 per

2196 2306 2377 2376 ignem
2423 2312 2477 2361 et
2530 2320 2730 2376 aquam
2778 2310 3148 2378 transgressi,
3200 2310 3256 2361 in
3302 2307 3651 2378 refrigerium
3692 2322 3782 2362 re-

2194 2399 2339 2467 cepti
2382 2406 2532 2454 sunt.
2568 2397 2775 2455 Deinde
2815 2400 2986 2470 petita
3030 2401 3122 2454 illa
3164 2400 3376 2455 cmlesti
3416 2415 3479 2453 ac
3510 2416 3639 2455 vera
3681 2398 3780 2455 Dei

2194 2489 2379 2555 domo,
2414 2492 2568 2545 aiunt
2603 2511 2614 2545 :
2656 2511 2674 2542 ι
2710 2491 3027 2547 lntroiboin
3061 2492 3284 2547 domum
3322 2500 3473 2546 tuam
3517 2492 3573 2546 in
3621 2492 3779 2546 holo-

2192 2583 2420 2638 caustis.
2461 2601 2482 2633 ι
2540 2581 2739 2654 Utpote
2787 2584 2934 2638 enim
2979 2585 3073 2654 qui
3123 2599 3221 2656 per
3278 2586 3456 2655 ignem
3488 2591 3542 2637 et
3582 2599 3778 2655 aquam

2192 2665 2537 2737 transierint,
2570 2672 2892 2729 holocausta
2928 2689 3049 2740 sua,
3076 2675 3233 2745 queis
3268 2675 3593 2745 martyrium
3625 2676 3777 2744 passi

2191 2770 2320 2818 sunt
2369 2764 2542 2817 instar
2581 2764 2774 2820 hostiae
2816 2767 2928 2820 Deo
2959 2782 3061 2823 suo
3082 2766 3341 2831 offerunt,
3376 2767 3549 2821 multa
3597 2767 3681 2821 usi
3720 2769 3778 2821 in

2190 2855 2445 2924 precibus
2474 2853 2775 2911 fundendis
2811 2857 3029 2913 fiducia.
3063 2858 3309 2914 Orabant
3346 2860 3547 2930 quippe
3573 2868 3632 2913 ut
3654 2876 3777 2915 cer-

2190 2946 2396 2999 tamina
2432 2947 2655 3013 inirent,
2684 2948 2788 3002 hac
2828 2950 2954 3003 data
2979 2952 3373 3021 promissione,
3417 2967 3477 3007 se
3503 2967 3677 3021 usque
3706 2953 3775 3005 ad

2187 3047 2419 3094 mortem
2456 3054 2555 3110 pro
2585 3041 2787 3110 pietate
2818 3049 3148 3099 certaturos.
3186 3042 3387 3114 Utpote
3415 3060 3546 3100 vero
3564 3061 3624 3100 re
3640 3046 3778 3101 bene

2186 3142 2339 3201 gesta
2371 3147 2470 3202 pro
2502 3149 2609 3203 qua
2635 3136 2842 3204 precati
2873 3134 3113 3201 fuerant,
3141 3136 3366 3192 dicunt:

2258 3337 2427 3396 Vens.
2466 3340 2552 3405 M,
2597 3341 2683 3395 15.
2715 3359 2734 3391 ι
2770 3339 3014 3396 Reddam
3046 3341 3146 3395 tibi
3178 3349 3305 3397 vota
3326 3357 3468 3407 mea,
3499 3359 3620 3413 qua:
3654 3344 3773 3400 dis-

2185 3432 2466 3486 tinxerunt
2506 3433 2655 3486 labia
2698 3449 2853 3487 mea:
2886 3441 2941 3489 et
2980 3433 3227 3487 locutum
3258 3441 3343 3489 est
3393 3450 3457 3489 os
3507 3450 3690 3488 meum
3715 3436 3773 3489 in

2186 3523 2539 3578 tribulatione
2588 3540 2763 3579 mea.»
2808 3524 2865 3578 ln
2920 3525 3058 3595 ipsis
3117 3539 3357 3593 namque
3404 3525 3773 3579 tribulationi-

2184 3612 2309 3677 bus,
2345 3614 2411 3668 de
2433 3614 2634 3683 quibus
2668 3630 2835 3684 supra
2870 3616 3131 3670 dicebant
3159 3636 3169 3668 :
3210 3635 3229 3665 ι
3262 3614 3505 3675 Posuisti
3538 3617 3773 3671 tribula-

2184 3706 2362 3760 tiones
2418 3708 2471 3760 in
2529 3709 2697 3762 dorso
2750 3716 2999 3771 nostro,»
3059 3707 3359 3777 perfectam
3391 3720 3447 3763 et
3493 3710 3766 3779 integram

2181 3814 2309 3869 erga
2344 3798 2511 3853 Deum
2540 3800 2867 3855 charitatem
2902 3801 3250 3867 exhibentes,
3285 3816 3476 3871 preces
3522 3802 3770 3858 effunde—

2183 3900 2315 3953 bant
2351 3912 2405 3952 et
2434 3899 2707 3967 promissa
2738 3899 2965 3960 dabant,
3002 3914 3060 3953 se
3091 3898 3159 3951 ad
3189 3906 3419 3952 mortem
3450 3914 3625 3967 usque
3653 3914 3772 3968 perv

2182 3998 2558 4057 severaturos,
2610 4000 2823 4046 tantum
2894 4008 3003 4047 non
3055 3994 3303 4049 dicentes
3372 4010 3497 4047 cum
3560 3993 3766 4050 Paulo:

2187 4103 2203 4134 ‹
2229 4082 2365 4149 Quis
2387 4100 2490 4138 nos
2525 4086 2804 4155 separabit
2834 4101 2861 4138 a
2896 4086 3168 4141 charitate
3204 4086 3335 4141 Dei?
3357 4087 3663 4150 tribulatio,
3699 4103 3770 4141 an

2180 4176 2457 4246 angustia,
2488 4193 2555 4230 an
2587 4179 2921 4246 persecutio,
2959 4194 3030 4231 an
3078 4179 3275 4243 fames,
3311 4195 3380 4240 an
3415 4178 3661 4241 nuditas,
3696 4193 3767 4231 an

2178 4269 2485 4338 perieulum
2508 4270 2595 4322 7‘?
2622 4288 2641 4320 ι
2680 4278 2767 4324 et:
2802 4289 2819 4320 (
2844 4270 3041 4325 Certus
3074 4287 3195 4327 sum
3220 4273 3388 4336 enim,
3424 4272 3569 4341 quod
3592 4286 3768 4340 neque

2178 4375 2350 4423 mors,
2393 4374 2572 4430 neque
2602 4360 2736 4425 vita,
2770 4378 2949 4430 neque
2996 4364 3309 4431 praasentia,
3347 4378 3526 4432 neque
3576 4361 3766 4414 futura

2179 4458 2436 4519 poterunt
2465 4467 2565 4507 nos
2596 4468 2855 4522 separare
2884 4470 2911 4505 a
2946 4453 3219 4508 charitate
3245 4452 3363 4517 Dei,
3413 4468 3535 4523 quae
3578 4459 3664 4507 est
3708 4452 3764 4505 in

2174 4544 2398 4599 Christo
2426 4543 2618 4600 Jesu”
2641 4565 2686 4600 .›
2726 4546 2852 4601 Haec
2887 4562 2946 4602 se
2969 4555 3093 4601 vota
3130 4547 3239 4601 Deo
3292 4546 3601 4601 reddidisse
3658 4544 3759 4609 ait,

483 4634 543 4686 τὸ
573 4634 746 4705 στόμα
776 4634 957 4688 αὐτῶν
990 4636 1048 4688 ἐν
1076 4638 1142 4707 τῇ
1175 4636 1349 4706 θλίψει
1383 4637 1581 4689 αὐτῶν.
1615 4636 1724 4689 Καὶ
1752 4634 1976 4688 τοιαῦτά
2005 4651 2069 4703 γε

2189 4653 2301 4706 quae
2332 4637 2708 4691 distinxerunt
2736 4638 2882 4692 labia
2922 4655 3045 4701 sua,
3079 4646 3132 4692 et
3180 4640 3422 4693 locutum
3451 4645 3537 4693 est
3568 4652 3630 4690 os
3659 4650 3757 4689 eo-

481 4721 548 4796 ἧν
577 4746 594 4777 ‹
617 4725 686 4779 τά
710 4726 1139 4798 ὁλοκαυτώματα
1158 4750 1175 4778 ι
1206 4729 1385 4781 αὐτῶν
1411 4747 1429 4778 ι
1457 4727 1863 4798 μεμυαλωμένα
1886 4747 1903 4777 ι
1939 4728 2066 4797 άλη-

482 4818 610 4881 θῶς.
670 4818 737 4870 Αἱ
788 4816 918 4886 γοῦν
964 4817 1134 4888 ψυχαὶ
1178 4819 1355 4871 αὐτῶν
1380 4859 1394 4881 ,
1432 4809 1694 4889 φέρουσαι
1729 4818 1789 4870 τὸ
1823 4820 1941 4869 πῖον
1976 4818 2068 4869 καὶ

478 4909 702 4963 δυνατὸν
754 4911 851 4980 τῆς
903 4909 1139 4974 πίστεως
1165 4950 1180 4974 ,
1230 4906 1382 4963 εἶπον
1428 4910 1494 4962 ἂν
1537 4910 1597 4962 τὸ
1634 4911 1692 4961 ἐν
1724 4909 1894 4980 ἑτέρῳ
1921 4908 2070 4961 λελε-

479 5002 712 5072 γμένον’
752 5021 770 5054 ι
800 5003 946 5056 Ὠσεὶ
980 5003 1201 5067 στέατος
1254 5004 1348 5056 καὶ
1377 5002 1628 5072 πιότητος
1658 5001 2000 5074 ἐμπλησθείη
2035 5003 2069 5071 ή

478 5093 624 5166 ψυχή
669 5112 803 5164 μου,
838 5096 933 5148 καὶ
972 5095 1125 5166 χείλη
1161 5095 1533 5164 ἀγαλλιάσεως
1561 5096 1764 5149 αἰνέσει
1803 5095 1863 5148 τὺ
1892 5096 2067 5166 στόμα

482 5199 603 5252 μου.
632 5202 650 5233 ›
681 5182 836 5236 Οὕτω
866 5182 995 5251 γοῦν
1029 5203 1047 5234 ‹
1074 5184 1480 5256 μεμυαλωμένα
1501 5206 1519 5238 ι
1547 5186 1764 5255 λέγεται
1788 5186 1855 5239 τὰ
1880 5187 2071 5258 εὐτρα-

479 5272 554 5342 φῆ
585 5276 679 5327 καὶ
704 5275 864 5327 πίονα
887 5277 980 5329 καὶ
1007 5277 1234 5348 λιπαρά.
1255 5276 1515 5331 Τοιαῦται
1538 5277 1595 5330 δὲ
1616 5277 1979 5348 τυγχάνουσιν
2010 5279 2065 5331 αἱ

426 5432 429 5433 ν
478 5364 586 5417 τῶν
617 5366 863 5437 ἀθλητῶν
895 5369 989 5422 τοῦ
1021 5370 1155 5422 Θεοῦ
1188 5371 1385 5442 ψυχαὶ,
1417 5372 1482 5423 ἐκ
1514 5371 1622 5424 τῶν
1658 5371 1817 5425 θείων
1849 5373 1942 5425 καὶ
1980 5371 2066 5424 λο-

477 5455 648 5522 γικῶν
674 5458 890 5527 τροφῶν
927 5478 945 5510 ι
971 5461 1398 5532 μιμυαλωμέναι
1418 5503 1433 5522 ,
1462 5480 1479 5512 ι
1518 5462 1611 5515 καὶ
1642 5462 1804 5533 μηδὲν
1838 5462 2065 5514 ὑποκεί-

480 5565 640 5619 μενον
666 5549 904 5621 ἔχουσαι,
935 5554 1069 5625 μηδὲ
1095 5555 1335 5618 ἀσθενές
1368 5556 1448 5609 διό
1478 5574 1659 5625 φασιν·
1692 5576 1709 5607 ι
1734 5554 2067 5610 Ὀλοκαυτῶ-

485 5656 633 5707 ματα
687 5642 1093 5715 μεμυαλωμένα
1125 5645 1325 5698 ἀνοίσω
1348 5664 1444 5699 σοι·
1468 5646 1603 5717 μετά
1639 5646 2000 5717 θυμιάματος.
2039 5666 2058 5697 ›

2175 4744 2297 4783 rum
2336 4730 2391 4783 in
2424 4730 2781 4785 tribulatione
2816 4733 3082 4801 ipsorum.
3127 4731 3192 4783 Et
3225 4732 3340 4785 haec
3387 4747 3516 4786 vere
3567 4747 3759 4787 eorum

2183 4839 2200 4870 ι
2242 4820 2563 4875 holocausta
2620 4822 2938 4877 medullata.
2976 4842 2993 4872 ι
3038 4823 3247 4876 Animae
3282 4824 3467 4891 itaque
3512 4823 3759 4892 ipsorum

2179 4911 2396 4980 adipem
2442 4926 2507 4964 ac
2558 4912 2818 4967 virtutem
2870 4912 2995 4967 lidei
3036 4912 3296 4978 ferentes,
3342 4912 3478 4965 illud
3517 4912 3759 4967 dixerint

2180 5006 2289 5059 alio
2329 5008 2384 5059 in
2423 5007 2637 5075 psalmo
2680 5008 2955 5077 positum:
2996 5006 3187 5061 «Sicut
3236 5006 3394 5075 adipe
3425 4994 3500 5060 et‘
3528 5007 3758 5078 pingue-

2174 5096 2301 5150 dine
2350 5097 2631 5166 repleatur
2664 5099 2849 5152 anima
2880 5114 3021 5163 mea,
3075 5107 3130 5154 et
3180 5098 3341 5152 labiis
3371 5099 3757 5154 exsultationis

2170 5172 2414 5241 laudabit
2458 5204 2521 5242 os
2552 5190 2842 5244 meum".:
2893 5190 2985 5244 Sic
3012 5205 3142 5261 ergo
3173 5189 3565 5254 crassitudine,
3596 5191 3756 5260 adipe

2170 5288 2223 5332 et
2263 5279 2593 5349 pinguedine
2636 5281 2861 5347 referta,
2914 5301 2931 5332 ι
2955 5283 3251 5336 medullata
3278 5301 3296 5333 ›
3332 5282 3612 5337 dicuntur.
3649 5282 3755 5336 Ta-

2171 5372 2249 5425 les
2302 5387 2467 5440 porro
2516 5380 2646 5426 sunt
2694 5374 3027 5445 athletarum
3064 5373 3155 5429 Dei
3205 5373 3423 5438 animae,
3468 5374 3671 5429 divinis
3697 5382 3753 5429 et

2166 5465 2588 5520 rationabilihus
2635 5467 2775 5522 cibis
2810 5488 2828 5517 ι
2856 5467 3187 5531 medullatae,
3226 5486 3245 5518 ι
3286 5467 3420 5520 nihil
3450 5467 3746 5537 abiectum,

2165 5556 2444 5610 infirmum
2495 5558 2633 5612 nihil
2675 5559 2941 5614 habentes
2985 5578 2997 5613 :
3052 5574 3226 5629 quare
3281 5558 3510 5615 dicunt:
3538 5558 3748 5613 «Holo-

2168 5658 2360 5704 causta
2396 5651 2693 5706 medullata
2747 5652 2971 5710 offeram
3017 5652 3122 5708 tibi
3153 5668 3279 5711 cum
3312 5654 3593 5711 incenso.»
3651 5650 3744 5707 ln-

549 5796 596 5828 ⁷ο
625 5797 772 5853 Psal.
813 5815 962 5867 xxvn,
991 5800 1043 5856 6.
1120 5802 1159 5832 ⁷¹
1194 5799 1353 5856 Rom.
1389 5818 1506 5869 vin,
1539 5801 1625 5858 35.
1706 5804 1751 5836 τ’
1784 5802 1923 5859 lbid.
1960 5803 2049 5858 '58.

2198 5801 2340 5857 Psal.
2371 5817 2509 5869 un,
2536 5804 2590 5857 6.
