4146 6390
425 373 532 433 6'67

1119 379 1388 436 EUSEBII
1421 376 1908 436 CzESARIENSIS
1946 375 2098 434 OPP.
2135 377 2314 433 PARS
2342 378 2430 436 ΙΙΙ.
2479 410 2548 419 -
2578 378 2986 434 EXEGETICA.

3604 378 3708 433 668

425 520 511 560 cet
535 519 656 561 sum
698 519 829 558 vero
862 501 992 556 illud
1037 500 1313 571 intelligas
1369 514 1436 553 ex
1473 499 1577 553 hoc
1608 498 1796 552 dicto:
1846 516 1864 549 ι
1894 496 2008 551 Fiat

2118 497 2350 567 Νοήσεις
2372 497 2428 549 δὲ
2453 497 2548 550 καὶ
2577 497 2638 548 τὸ
2671 495 2923 566 θυμίαμα
2946 494 3054 547 ἀπὸ
3079 493 3177 563 τῆς
3202 491 3466 564 λεγούσης
3487 494 3669 563 φωνῆς
3688 512 3704 526 ο

427 597 608 649 oratio
659 610 780 648 mea
833 594 980 649 sicut
1026 595 1317 646 incensum
1365 588 1425 644 in
1464 597 1764 659 conspectu
1798 587 2009 644 tuo".i

430 687 523 741 liae
555 687 723 756 igitur
751 685 968 747 animm,
1022 681 1298 753 spirituali
1347 682 1473 751 igne
1532 686 1800 750 purgatae,
1859 679 2015 734 holo-

425 787 620 834 causta
678 777 872 833 fuere:
925 775 1040 830 sive
1088 771 1442 829 sacerdotum
1485 771 1664 827 instar
1714 771 1847 841 ipsa!
1888 785 2014 826 cor-

427 891 558 945 pora
593 887 716 936 sua,
766 877 957 940 utpote
989 867 1114 937 igne
1140 870 1550 926 consummata,
1584 863 1641 917 in
1689 862 2013 918 holocausta

423 968 766 1021 obtulerunt.
821 962 1114 1017 Orationes
1145 966 1329 1013 autem
1362 957 1611 1026 ipsarum
1645 956 2008 1026 thymiamata

429 1059 658 1112 fuerint.
717 1055 990 1122 Quoniam
1050 1067 1182 1106 vero
1234 1050 1458 1113 arietes,
1514 1049 1681 1104 boves
1723 1059 1779 1104 et
1828 1048 2014 1102 hircos

423 1150 708 1202 oblaturas
750 1163 809 1201 se
844 1145 1198 1214 pollicentur,
1228 1149 1408 1196 tecum
1445 1148 1668 1209 reputes
1699 1139 1862 1194 velim
1889 1140 2005 1193 haec

423 1240 542 1306 ipsa
611 1252 675 1290 ex
738 1235 1114 1305 apostolorum
1179 1229 1492 1285 Servatoris
1565 1244 1803 1299 persona
1863 1229 2012 1285 dicta

421 1331 614 1392 fuisse,
651 1341 860 1398 perque
897 1327 1107 1389 hircos,
1141 1325 1310 1378 boves
1379 1330 1436 1377 et
1498 1323 1700 1378 arietes
1737 1337 1857 1383 eos.
1915 1323 2009 1392 qui

421 1439 526 1477 suo
579 1420 956 1491 apostolorum
1013 1417 1182 1472 ductu
1227 1415 1470 1480 fuerunt,
1524 1415 1821 1484 intelligas.
1874 1412 2009 1468 Nam

422 1516 602 1583 primo
632 1513 737 1583 ipsi
775 1519 1048 1582 martyres
1102 1508 1198 1563 Dei
1246 1508 1436 1574 fuere;
1493 1508 1692 1562 deinde
1725 1508 1869 1563 alios
1924 1509 2008 1564 sui

423 1599 672 1654 iuiinitos
730 1599 1042 1653 imitatores
1091 1604 1146 1652 et
1200 1598 1430 1652 aemulos
1479 1597 1818 1662 excitarunt,
1869 1611 2009 1666 quos

422 1694 581 1764 quasi
614 1695 887 1748 culturam
914 1707 1071 1748 suam
1103 1691 1216 1746 Deo
1245 1691 1503 1748 offerunt.
1539 1691 1755 1747 Arietes
1778 1692 2007 1757 dixeris,

426 1785 704 1854 principes
750 1782 1147 1845 Ecclesiarum,
1192 1784 1260 1838 de
1313 1783 1518 1852 quibus
1561 1781 1619 1836 in
1676 1780 2008 1852 praecedenti

2125 609 2143 642 ι
2171 590 2504 660 Γενηθήτωή
2526 592 2803 660 προσευχή
2833 607 2934 660 μου
2955 590 3030 652 ὡς
3045 587 3291 658 θυμίαμα
3308 584 3539 638 ἐνώπιόν
3555 604 3667 639 σου.
3683 605 3700 636 ι

2116 678 2284 737 Αῦται
2312 682 2410 753 μὲν
2433 679 2526 735 οὖν
2548 683 2604 736 αί
2633 681 2823 752 ψυχαὶ,
2855 681 2931 752 τῷ
2958 678 3310 750 πνευματικῷ
3333 679 3468 752 πυρὶ
3493 679 3703 750 καθαρ-

2117 775 2336 837 θεῖσαι,
2386 773 2815 845 ὁλοκαυτώματα
2855 774 3180 843 γεγόνασιν,
3227 772 3260 844 ἢ
3304 772 3459 844 δίκην
3494 772 3706 844 ἱερείων

2115 858 2276 918 αὗται
2293 865 2359 918 τά
2377 864 2585 918 ἑαυτῶν
2610 864 2851 935 ὀνόματα
2868 864 2966 933 (1),
2991 862 3067 926 ώς
3089 862 3156 916 ἂν
3175 862 3261 916 διὰ
3291 861 3462 934 πυρὸς
3487 862 3705 915 τελειω-

2117 957 2298 1020 θέντα,
2324 957 2753 1028 ὁλοκαυτώματα
2782 955 3244 1027 προσηνέγκαντο.
3290 955 3354 1007 Αἱ
3383 954 3439 1007 δὲ
3469 971 3704 1025 προσευ-

2116 1051 2208 1121 χαὶ
2235 1050 2416 1104 αὐτῶν
2443 1048 2551 1104 εἷεν
2581 1050 2647 1104 ἂν
2671 1050 2737 1102 τὰ
2760 1049 3100 1120 θυμιάματα.
3149 1049 3302 1102 Ἐπεὶ
3323 1048 3380 1102 δέ
3401 1051 3588 1120 κριοὺς
3609 1051 3705 1103 καὶ

2117 1144 2244 1213 βόας
2282 1143 2421 1214 μετὰ
2459 1144 2710 1215 χιμάρων
2747 1143 2980 1195 ἀνοίσειν
3001 1141 3442 1210 ἐπαγγέλλονται,
3478 1143 3707 1213 ἐπιστή-

2115 1253 2230 1298 σεις
2268 1236 2418 1298 ὅπως
2448 1236 2665 1306 εἴρηται
2698 1236 2792 1288 καί
2818 1234 2991 1288 ταῦτα
3015 1235 3079 1287 ἐκ
3114 1233 3405 1305 προσώπου
3436 1235 3542 1288 τῶν
3565 1235 3702 1287 ἁπο-

2115 1323 2318 1376 στόλων
2343 1323 2437 1377 τοῦ
2483 1323 2733 1396 Σωτῆρος
2759 1364 2774 1387 ,
2821 1323 2946 1386 τοὺς
2989 1323 3080 1376 ὑπ’
3106 1323 3284 1376 αὐτῶν
3323 1324 3704 1395 προηγμένους

2113 1417 2381 1488 χιμάρους
2415 1417 2511 1470 καὶ
2558 1417 2688 1487 βόας
2722 1418 2815 1470 καὶ
2858 1419 3044 1488 κριοὺς
3087 1418 3306 1488 νοήσας.
3359 1416 3570 1488 Πρῶτοι
3605 1417 3706 1488 μὲν

2112 1513 2221 1582 γὰρ
2255 1513 2529 1582 μάρτυρες
2559 1512 2713 1564 αὐτοὶ
2748 1511 2840 1564 τοῦ
2870 1510 3006 1564 Θεοῦ
3039 1512 3328 1580 γεγόνασιν
3348 1528 3360 1542 ·
3387 1507 3506 1564 εἶτα
3533 1528 3704 1583 μιμη-

2111 1607 2210 1669 τὰς
2244 1605 2454 1658 ἑαυτῶν
2475 1605 2570 1658 καὶ
2593 1603 2841 1674 ζηλωτὰς
2870 1605 3094 1675 μυρίους
3121 1604 3312 1666 ἄλλους
3343 1606 3707 1675 κατεστήσαν-

2111 1714 2172 1749 το
2194 1737 2207 1759 ,
2241 1696 2333 1760 οὒς
2362 1696 2552 1768 ὥσπερ
2583 1698 2759 1749 οἰκεῖα
2785 1696 3026 1768 γεώργια
3053 1695 3130 1766 τῷ
3162 1696 3281 1767 Θεῷ
3312 1696 3702 1766 προσφέρουσι.

2113 1789 2316 1860 Κριοὺς
2347 1788 2444 1858 μὲν
2475 1789 2600 1850 τοὺς
2635 1788 2903 1857 ἄρχοντας
2934 1785 3040 1838 τῶν
3069 1785 3425 1856 Ἐκκλησιῶν,
3471 1785 3597 1855 περὶ
3628 1778 3704 1837 ὧν

426 1879 636 1947 psalmo
657 1877 972 1931 dicebatur:
1015 1894 1032 1925 ι
1065 1875 1240 1929 luduti
1275 1882 1406 1930 sunt
1444 1875 1648 1929 arietes
1682 1874 1867 1928 ovium
1885 1874 2003 1928 ":n

2115 1881 2205 1934 καὶ
2236 1882 2293 1933 ἐν
2317 1879 2396 1950 τῷ
2429 1878 2534 1950 πρὸ
2570 1878 2762 1932 τούτου
2795 1877 2993 1948 ψαλμῷ
3026 1878 3242 1945 ἐλέγετο
3263 1895 3278 1910 ο
3318 1897 3335 1928 ι
3359 1877 3706 1930 Ἐνεδύσαντο

423 1984 563 2037 quos
597 1968 744 2022 velut
778 1982 1004 2037 gregum
1035 1965 1206 2020 duces
1236 1967 1337 2035 ipsi
1365 1966 1809 2031 constituerunt;
1843 1965 2012 2019 bores

422 2070 628 2123 autem,
675 2060 888 2114 animas
929 2060 983 2113 in
1025 2059 1291 2113 armentis
1325 2057 1588 2113 Ecclesia:
1631 2058 2009 2125 constitutas;

421 2153 626 2207 etenim
662 2171 680 2202 ι
707 2151 787 2206 Au
822 2151 891 2206 de
939 2151 1136 2214 bobus,
1175 2151 1372 2219 inquit.
1426 2165 1560 2205 cura
1612 2157 1697 2204 est
1727 2148 1837 2204 Deo
1882 2149 2006 2203 "in

423 2246 521 2299 sed
559 2246 624 2300 tle
660 2245 822 2299 nobis
870 2261 1100 2314 prorsus
1144 2244 1406 2313 loquitur.
1460 2242 1610 2297 Hirci
1651 2257 1780 2298 vero
1808 2242 2012 2298 fuerint

424 2340 459 2392 ii
503 2340 596 2409 qui
627 2354 816 2393 recens
846 2337 984 2400 nati,
1009 2346 1062 2392 et
1099 2337 1358 2406 procellae
1401 2349 1652 2406 tempore
1709 2337 1818 2390 orti
1873 2336 2007 2392 sint.

423 2431 605 2496 Quare
634 2430 939 2486 secundum
967 2431 1213 2499 reliquos
1235 2429 1592 2498 interpretes,
1624 2448 1642 2478 ι
1667 2437 1721 2483 et
1746 2429 2004 2495 deserti,»

423 2532 612 2592 utpote
659 2524 752 2594 qui
805 2524 1251 2594 persecutionem
1321 2522 1638 2591 ell'ugeriut,
1713 2530 2005 2576 vocantur.

424 2617 492 2671 Et
520 2619 620 2672 hos
667 2619 853 2688 itaque
886 2616 1046 2687 quasi
1076 2616 1322 2670 novellos
1351 2622 1406 2670 et
1453 2615 1522 2669 ab
1570 2630 1629 2669 se
1669 2614 1867 2669 ductos
1900 2613 2010 2669 Deo

423 2710 680 2776 offerunt,
715 2692 1018 2777 gloriantes
1050 2708 1252 2778 singuli
1281 2706 1348 2761 de
1379 2707 1447 2760 iis
1466 2720 1609 2776 quos
1631 2707 2002 2760 adduxerunt.

424 2801 550 2855 llaec
585 2803 769 2871 itaque
800 2817 830 2855 a
860 2801 1023 2855 nobis
1055 2801 1221 2855 modo
1259 2799 1560 2870 spirituali,
1604 2808 1658 2854 et
1691 2798 2005 2852 divinarum

425 2892 842 2963 Scripturarum
889 2892 1180 2962 promissis
1224 2898 1622 2956 consentanea,
1656 2891 2006 2945 considerata

425 2992 577 3038 sunt.
638 2983 704 3036 Et
754 2997 888 3037 sane
935 2997 1031 3051 par
1073 2989 1158 3038 est
1216 2981 1335 3036 haec
1375 2996 1498 3051 quae
1542 2979 1659 3049 jam
1701 2987 2006 3035 tractamus

426 3077 587 3130 verba
634 3075 716 3130 sic
745 3075 1071 3146 intelligere,
1107 3074 1289 3144 potius
1318 3087 1484 3142 quam
1527 3071 1853 3126 Judaaorum
1889 3072 2007 3126 ine-

425 3181 546 3244 ptas
588 3173 713 3228 illas
742 3170 958 3226 fabulas
981 3171 1371 3233 'admittamus,
1402 3169 1574 3224 Deum
1606 3166 1821 3223 scilicet
1850 3165 2006 3219 holo—

425 3265 657 3328 caustis,
713 3264 1092 3335 thymiamatis
1166 3278 1390 3318 sensum
1466 3259 1836 3323 moventibus,
1913 3265 2008 3312 aut

425 3357 683 3419 arietum,
741 3355 907 3411 boum
961 3362 1016 3410 et
1069 3355 1352 3409 hircorum
1402 3353 1673 3424 sanguine
1723 3351 2006 3406 delectari.

424 3447 556 3514 Quae
587 3461 720 3502 sane
753 3446 939 3501 omnia
985 3462 1083 3516 per
1131 3447 1457 3518 prophetam
1511 3447 1629 3517 ipse
1674 3447 1817 3504 Deus
1844 3463 2008 3518 repu-

424 3541 534 3595 diat
564 3539 649 3594 his
699 3539 922 3595 verbis:
962 3558 981 3590 ι
1006 3538 1148 3605 Quid
1183 3541 1314 3594 mihi
1351 3539 1761 3595 multitudinem
1795 3539 2008 3595 sacriﬁ-

423 3634 634 3688 ciorum
661 3640 992 3696 vestrorum,
1021 3632 1153 3687 dicit
1189 3632 1492 3688 Dominus:
1526 3634 1722 3702 plenus
1751 3648 1873 3688 sum
1908 3633 2012 3686 ho-

423 3724 686 3778 locaustis
727 3723 989 3785 arietum,
1037 3731 1094 3778 et
1153 3723 1370 3793 adipem
1427 3738 1718 3794 agnorum,
1783 3724 2009 3794 sangui-

421 3830 654 3885 nemque
704 3827 988 3870 taurorum
1035 3824 1090 3870 et
1133 3815 1419 3872 hircorum
1469 3816 1616 3870 nolo.
1679 3814 1816 3882 Quis
1861 3816 2008 3870 enim

425 3912 542 3966 lmc
582 3913 888 3981 requisivit.
919 3911 988 3967 de
1039 3913 1294 3968 manibus
1348 3915 1553 3969 vestris
1577 3914 1620 3945 ⁷⁷
1650 3914 1669 3966 ?
1697 3933 1715 3965 ι
1770 3913 1837 3966 Ει
1871 3914 2010 3970 alias

427 4006 543 4058 [nec
575 4006 857 4058 contraria
899 4005 1106 4061 fuerint
1151 4007 1219 4059 iis
1255 4021 1380 4076 quae
1423 4007 1579 4076 prius
1623 4007 1834 4076 psalmo
1882 4022 2012 4059 xux

424 4099 570 4150 dicta
615 4105 763 4160 sunt,
800 4099 892 4151 ubi
946 4114 1013 4153 ex
1053 4113 1288 4168 persona
1344 4097 1434 4152 Dei
1500 4097 1708 4152 fertur:
1756 4115 1776 4148 ι
1804 4095 1922 4150 Non
1955 4097 2010 4150 in

426 4190 716 4245 sacrificiis
746 4191 855 4246 tuis
887 4207 1113 4261 arguam
1148 4200 1203 4246 te
1225 4193 1312 4254 7";
1347 4210 1365 4242 ι
1405 4199 1492 4246 et:
1535 4211 1553 4242 ι
1586 4190 1704 4245 Νοιι
1745 4191 2011 4260 accipiam

424 4279 494 4331 de
524 4281 688 4332 domo
719 4288 812 4334 tua
848 4281 1071 4346 vitulos,
1120 4297 1299 4352 neque
1329 4282 1398 4336 de
1437 4283 1698 4352 gregibus
1741 4283 1850 4337 tuis
1891 4281 2010 4334 hir-

426 4388 542 4425 ρος.
585 4371 854 4437 Quoniam
880 4389 1013 4429 mea:
1039 4383 1168 4429 sunt
1200 4391 1392 4430 omnes
1423 4374 1552 4430 ferae
1601 4376 1887 4435 silvarum,
1919 4373 2011 4442 ju-

427 4471 610 4516 menta
646 4463 700 4517 in
735 4464 1016 4520 montibus
1069 4474 1122 4520 et
1155 4465 1417 4532 boves";
1455 4484 1474 4517 ι
1513 4465 1616 4520 sub
1649 4465 1766 4519 haec
1793 4472 2008 4519 autem:

2114 1974 2163 2026 οί
2187 1973 2334 2043 κριοὶ
2347 1971 2455 2025 τῶν
2474 1971 2761 2042 προϐάτων
2779 1988 2792 2001 ⁸
2817 1991 2835 2025 ι
2858 1970 2949 2034 οὒς
2971 1971 3159 2042 ὥσπερ
3181 1970 3444 2041 ποιμνίων
3462 1969 3703 2040 ἡγουμέ-

2113 2083 2234 2129 νους
2264 2065 2418 2119 αὐτοὶ
2447 2064 2789 2134 κατέστησαν
2817 2081 2829 2094 ·
2886 2065 3014 2135 βόας
3039 2063 3096 2117 δὲ
3139 2063 3236 2126 τὰς
3280 2064 3336 2115 ἐν
3370 2066 3435 2134 τῇ
3477 2062 3676 2133 Ἐκκλη

2115 2158 2204 2229 σία
2230 2157 2636 2228 ἀγελαζομένας
2655 2157 2831 2227 ψυχάς
2852 2174 2865 2188 ·
2901 2176 2919 2208 ι
2940 2157 3029 2228 Μὴ
3057 2157 3164 2229 γάρ
3209 2158 3316 2210 τῶν
3354 2156 3519 2227 βοῶν,
3548 2155 3702 2224 φησὶ,

2115 2250 2266 2321 μέλει
2313 2249 2393 2321 τῷ
2435 2249 2590 2320 Θεῷ;
2626 2270 2643 2299 ι
2682 2250 2715 2321 ἢ
2750 2249 2816 2302 δι’
2849 2251 2995 2319 ἡμᾶς
3026 2249 3243 2312 πάντως
3271 2250 3450 2318 λέγει·
3479 2249 3706 2332 χίμαροι

2109 2340 2167 2394 δὲ
2200 2343 2248 2394 οἱ
2276 2343 2583 2413 άρτιγενεῖς
2613 2341 2708 2394 καὶ
2739 2340 2817 2411 τῷ
2846 2339 3022 2411 καιρῷ
3051 2339 3144 2392 τοῦ
3175 2339 3440 2410 χειμῶνος
3471 2357 3703 2410 γεγενη-

2113 2433 2262 2504 μένοι
2313 2429 2423 2486 εἷεν
2469 2433 2535 2488 ἄν
2635 2433 2727 2486 Διὸ
2758 2434 2899 2486 κατὰ
2929 2435 3055 2496 τοὺς
3086 2433 3306 2497 λοιποὺς
3339 2433 3702 2504 ἐρμηνευτὰς,

2115 2543 2133 2575 ι
2159 2526 2254 2579 καὶ
2269 2525 2467 2598 ἔρημοι
2486 2566 2501 2590 ,
2526 2545 2545 2578 ι
2570 2525 2646 2588 ώς
2667 2525 2756 2578 τὸν
2775 2525 2868 2578 τοῦ
2885 2525 3124 2595 διωγμοῦ
3145 2525 3332 2596 καιρὸν
3349 2526 3701 2594 ἐκφυγόντες,

2107 2619 2528 2692 ὠνομάσθησαν.
2563 2621 2675 2674 Καὶ
2700 2618 2923 2681 τούτους
2948 2616 3236 2690 τοιγαροῦν
3262 2617 3337 2682 ώς
3363 2618 3429 2672 ἂν
3450 2616 3700 2685 νεογνοὺς

2109 2712 2201 2765 καὶ
2249 2712 2341 2765 ὑπ’
2373 2711 2554 2765 αὐτῶν
2581 2711 2963 2784 προηγμένους
3010 2708 3087 2778 τῷ
3130 2709 3249 2780 Θεῷ
3302 2708 3668 2779 προσάγουσιν

2107 2804 2339 2868 ἕκαστος
2381 2805 2466 2873 ἐφ’
2501 2798 2584 2868 οἷς
2626 2803 2974 2875 προηγάγετο
3023 2801 3439 2873 σεμνυνόμενος.
3517 2800 3702 2854 Ταῦτα

2111 2898 2212 2969 μὲν
2237 2893 2330 2950 οῦν
2353 2895 2741 2967 πνευματικῶς
2766 2895 2860 2949 καὶ
2883 2896 3202 2966 πρεπόντως
3225 2897 3288 2964 τῇ
3316 2893 3425 2947 τῶν
3447 2895 3607 2946 θεοπν
3617 2893 3704 2946 εύ-

2110 3008 2248 3044 στων
2263 2988 2492 3061 Γραφῶν
2515 2987 2820 3059 ἐπαγγελίᾳ
2842 2987 3177 3058 τεθεώρηται
3199 2989 3351 3058 ἡμῖν.
3374 2989 3481 3040 Καὶ
3503 2988 3704 3059 πρέπει

2107 3099 2169 3152 γε
2199 3083 2368 3145 ὅντως
2399 3081 2618 3135 ἀκούειν
2645 3081 2754 3133 τῶν
2783 3081 3182 3152 προκειμένων,
3209 3080 3242 3150 ἣ
3271 3079 3412 3132 κατὰ
3436 3078 3535 3142 τὰς
3571 3080 3703 3133 Ἰου-

2109 3174 2275 3227 δαίων
2295 3173 2555 3236 ταπεινὰς
2590 3173 2916 3242 μυθολογίας
2937 3171 3351 3241 ὁλοκαυτώμασι
3380 3173 3590 3242 χαίρειν
3611 3173 3702 3224 τὸν

2111 3268 2264 3331 Θεὸν,
2297 3268 2330 3339 ἢ
2363 3265 2703 3337 θυμιάμασιν
2733 3265 3031 3336 αἰσθητοῖς,
3061 3265 3094 3336 ἢ
3130 3265 3299 3335 κριῶν
3326 3265 3418 3317 καὶ
3447 3264 3585 3335 βοῶν
3609 3265 3703 3318 καὶ

2111 3356 2364 3428 χιμάρων
2395 3357 2623 3428 αἴμασιν
2659 3354 3048 3408 ὑπονοούντων.
3094 3356 3159 3405 ’Ἀ
3186 3354 3250 3424 δὴ
3282 3353 3462 3408 πάντα
3493 3355 3582 3408 διὰ
3603 3352 3703 3408 τοῦ

2111 3447 2393 3517 προφήτου
2425 3447 2588 3508 αὐτὸς
2619 3447 2648 3499 ὁ
2674 3445 2806 3508 Θεὸς
2842 3445 3192 3512 παραιτεῖται
3225 3443 3397 3512 λέγων
3417 3458 3431 3472 '
3483 3461 3502 3494 ι
3524 3442 3589 3496 Τί
3614 3460 3705 3513 μοι

2111 3537 2318 3609 πλῆθος
2336 3537 2444 3592 τῶν
2477 3538 2681 3593 θυσιῶν
2705 3538 2893 3609 ὑμῶν;
2927 3537 3073 3606 λέγει
3093 3537 3326 3610 Κύριος·
3356 3535 3568 3608 πλήρης
3589 3535 3706 3606 είμὶ

2109 3631 2580 3702 ὁλοκαυτωμάτων
2608 3631 2808 3700 κριῶν,
2841 3634 2933 3686 καὶ
2968 3632 3133 3702 στέαρ
3164 3629 3343 3702 ἀρνῶν
3367 3630 3461 3683 καὶ
3493 3629 3707 3699 αἵματα

2110 3723 2328 3795 ταύρων
2357 3724 2452 3778 καὶ
2478 3724 2696 3796 τράγων
2719 3725 2778 3777 οὐ
2814 3723 3094 3794 βούλομαι.
3146 3721 3379 3794 Τίς.γὰρ
3410 3717 3706 3790 ἐξεζήτησε

2113 3817 2281 3871 ταῦτα
2298 3820 2362 3872 ἐκ
2382 3818 2488 3871 τῶν
2513 3817 2712 3889 χειρῶν
2736 3817 2890 3888 ὑμῶν
2911 3835 2956 3881 ;›
2979 3818 3088 3871 Καὶ
3113 3816 3288 3879 άλλως
3310 3819 3359 3884 γ’
3377 3815 3442 3869 ἂν
3469 3817 3553 3885 εἴη
3575 3814 3708 3867 ταῦ-

2111 3928 2180 3963 τα
2208 3910 2430 3964 ἐναντία
2458 3914 2570 3972 τοῖς
2603 3908 2914 3980 ἔμπροσθεν
2947 3909 3090 3962 κατὰ
3116 3909 3206 3962 τὸν
3245 3908 3339 3980 μθ¹
3372 3908 3583 3978 ψαλμὸν
3617 3906 3704 3959 λε-

2112 4000 2414 4070 λεγμένοις,
2438 4003 2495 4054 ἐν
2518 3995 2598 4064 οἷς
2619 4001 2684 4053 ἐκ
2704 4000 2997 4070 προσώπου
3022 4000 3113 4054 τοῦ
3133 3999 3269 4052 Θεοῦ
3294 4000 3535 4068 ἐλέγετο·
3559 4000 3704 4054 «Οὐκ

2113 4092 2206 4144 ἐπὶ
2233 4095 2352 4155 ταῖς
2386 4091 2598 4154 θυσίαις
2621 4109 2715 4146 σου
2749 4092 2952 4161 ἐλέγξω
2978 4108 3070 4144 σε’
3100 4111 3118 4143 ι
3151 4093 3279 4145 καί·
3313 4111 3330 4142 ι
3356 4093 3430 4144 Οὐ
3464 4091 3705 4162 λήψομαι

2113 4186 2176 4237 ἐκ
2207 4183 2300 4236 τοῦ
2332 4183 2480 4237 οἴκου
2508 4201 2600 4237 σου
2629 4185 2895 4256 μόσχους,
2928 4185 3048 4237 οὐδὲ
3077 4185 3142 4238 ἐκ
3174 4185 3281 4237 τῶν
3306 4184 3569 4254 ποιμνίων
3610 4200 3703 4237 σου

2114 4275 2410 4347 χιμάρους
2443 4277 2524 4329 ὅτι
2559 4277 2668 4347 ἐμά
2694 4278 2812 4329 ἐστι
2843 4276 3022 4329 πάντα
3057 4275 3126 4329 τὰ
3159 4275 3324 4346 θηρία
3348 4274 3442 4328 τοῦ
3471 4273 3702 4347 δρυμοῦ,

2117 4369 2287 4440 κτήνη
2318 4370 2376 4421 ἐν
2402 4371 2514 4431 τοῖς
2543 4369 2694 4439 ὄρεσι
2727 4368 2823 4422 καὶ
2852 4369 3003 4438 βόες·
3027 4387 3045 4420 ι
3103 4368 3196 4421 καὶ
3228 4367 3355 4438 ἐξῆς
3379 4383 3393 4396 ο
3433 4385 3452 4418 ι
3474 4367 3566 4436 Μὴ
3602 4366 3707 4435 φά-

2114 4478 2282 4532 γομαι
2309 4460 2446 4531 κρέα
2467 4460 2701 4531 ταύρων,
2727 4461 2760 4532 ἢ
2785 4459 2923 4532 αἷμα
2946 4461 3114 4532 κριῶν
3141 4461 3368 4531 πίομαι;
3395 4479 3411 4512 ι
3447 4460 3570 4524 Πῶς
3594 4458 3705 4530 γὰρ

433 4575 451 4607 ι
489 4555 744 4626 Nunquid
778 4557 1120 4611 manducabo
1149 4573 1346 4612 carnes
1381 4566 1690 4620 taurorum,
1743 4565 1838 4609 aut
1882 4571 2008 4610 san-

2116 4551 2343 4614 ὲκείνοις
2374 4551 2639 4622 σύμφωνα
2677 4551 2743 4605 ἂν
2773 4553 2860 4622 εἰή
2885 4554 2954 4605 τὰ
2979 4554 3053 4616 ώς
3083 4554 3211 4623 περὶ
3238 4552 3707 4622 ὁλοκαυτωμάτων

426 4646 643 4715 guinem
670 4645 948 4699 hircorum
967 4647 1265 4715 potabo”?
1289 4667 1307 4699 ›
1338 4647 1441 4713 Qui
1473 4646 1620 4700 enim
1666 4645 1775 4700 illis
1810 4660 2008 4700 conso-

2115 4644 2210 4695 καὶ
2237 4642 2408 4713 κριῶν
2433 4644 2527 4695 καὶ
2552 4643 2689 4714 βοῶν
2721 4648 2814 4697 καὶ
2837 4646 3086 4715 χιμάρων
3105 4645 3341 4700 ἐνταῦθα
3367 4645 3695 4715 λελεγμένα;

425 4745 557 4790 nent
597 4753 721 4807 quae
750 4737 816 4792 de
842 4737 1200 4801 holocaustis,
1231 4741 1518 4799 arietibus,
1548 4738 1726 4794 bobus
1750 4745 1804 4792 et
1836 4737 2006 4793 hircis

427 4825 516 4879 hic
559 4827 895 4881 traduntur?
935 4826 1000 4880 Et
1029 4843 1162 4883 sane
1211 4831 1327 4898 ipse
1365 4828 1532 4882 David
1581 4829 1837 4898 superius
1868 4844 1998 4882 cou-

426 4919 629 4972 litendo
660 4920 874 4974 dixerat
897 4940 910 4976 :
948 4939 966 4970 ι
993 4921 1264 4987 Quoniam
1290 4922 1334 4975 si
1359 4922 1630 4976 voluisses
1654 4921 2008 4984 sacrificium,

425 5010 702 5066 dedissem
731 5013 944 5081 utique,
974 5013 1314 5068 holocaustis
1357 5028 1467 5067 non
1494 5013 1915 5067 delectaberiss'
1943 5030 1958 5079 ;
1986 5032 2002 5063 ι

424 5112 479 5158 et
512 5104 566 5157 in
598 5105 706 5158 alio
747 5105 944 5159 iterum
971 5125 983 5159 :
1026 5123 1044 5156 ι
1073 5104 1423 5160 Sacrificiqu
1455 5114 1510 5162 et
1541 5107 1880 5161 oblationem
1917 5122 2009 5160 no-

423 5193 600 5257 luisti,
635 5210 839 5265 corpus
869 5202 1053 5248 autem
1107 5197 1312 5266 aptasti
1361 5197 1518 5252 mihi.
1574 5195 1906 5253 llolocausta
1953 5207 2008 5252 et

423 5301 526 5355 pro
557 5294 785 5355 peccato
831 5302 942 5341 non
973 5296 1126 5356 grata
1162 5289 1402 5343 habuisti
1428 5291 1527 5342 θ’.»

498 5375 664 5433 Vsus.
691 5377 878 5433 16-20.
919 5397 937 5430 ι
971 5377 1185 5443 Venite,
1228 5381 1414 5434 audite
1440 5391 1494 5435 et
1527 5383 1786 5445 narrabo,
1815 5397 2010 5436 omnes

425 5468 522 5535 qui
551 5470 757 5524 timetis
789 5470 980 5535 Deum,
1008 5479 1213 5540 quanta
1242 5455 1369 5526 fecit
1395 5473 1589 5527 animae
1621 5489 1804 5528 meae.»
1840 5472 2006 5527 [idem

428 5560 691 5629 superius
753 5561 1037 5617 dicebant:
1083 5561 1320 5618 «Venite
1367 5573 1423 5619 et
1479 5565 1658 5620 videte
1695 5579 1861 5634 opera
1887 5564 2006 5627 Dei,

2115 4736 2224 4788 Καὶ
2261 4735 2365 4805 μὴν
2398 4734 2560 4798 αὐτὸς
2598 4737 2626 4788 ὁ
2654 4737 2818 4790 Δαυῖδ
2845 4738 2930 4790 διὰ
2972 4737 3079 4789 τῶν
3115 4737 3426 4807 ἔμπροσθεν
3451 4736 3702 4806 ἐξομολο-

2112 4829 2376 4897 γούμενος
2403 4825 2588 4895 ἔλεγεν
2612 4844 2623 4856 ·
2668 4847 2687 4880 ι
2715 4830 2855 4893 "Ott,
2888 4833 2936 4883 εἰ
2967 4830 3235 4902 ἠθέλησας
3266 4830 3453 4884 θυσίαν
3479 4870 3494 4894 ,
3528 4829 3705 4883 ἔδωκα

2118 4921 2218 4984 ἂν,
2253 4908 2683 4995 ὁλοκαυτώματα
2727 4924 2827 4976 οὐκ
2870 4924 3206 4994 εὐδοκήσεις.
3235 4943 3254 4974 ι
3313 4923 3422 4976 Καὶ
3452 4922 3612 4975 πάλιν
3647 4924 3705 4975 ἐν

2118 5015 2203 5066 έτέ
2215 5033 2290 5086 ρῳ
2309 5033 2322 5047 ο
2357 5037 2375 5068 ‹
2399 5015 2601 5078 Θυσίαν
2621 5016 2714 5068 καὶ
2742 5014 3059 5086 προσφορὰν
3086 5016 3187 5069 οῦκ
3213 5014 3474 5084 ἐθέλησας
3491 5055 3505 5077 ,
3545 5014 3704 5084 σῶμα

2116 5108 2171 5160 δὲ
2200 5109 2512 5180 κατηρτίσω
2543 5127 2651 5181 μοι.
2698 5106 3150 5178 ὐλοκαυτώματα
3169 5107 3262 5158 καὶ
3282 5106 3410 5177 περὶ
3428 5107 3704 5177 ἁμαρτίας

2117 5203 2216 5254 οὐκ
2248 5202 2576 5272 ηὑδόκησας.
2622 5222 2640 5254 ι

2192 5376 2406 5439 «Δεῦτε,
2429 5375 2720 5444 ἀκούσατε,
2738 5375 3198 5446 καὶδιηγησομαι,
3215 5374 3416 5435 πάντες
3436 5373 3487 5425 οἱ
3511 5369 3704 5440 φοϐού-

2121 5485 2270 5539 μενοι
2291 5469 2381 5522 τὸν
2411 5469 2563 5534 Θεὸν,
2598 5471 2698 5522 ὅσα
2732 5469 2957 5538 ἐποίησε
2990 5470 3056 5538 τῇ
3080 5467 3224 5537 ψυχῇ
3254 5483 3375 5536 μου.
3403 5485 3421 5515 ι
3457 5465 3519 5517 Οἱ
3550 5462 3705 5515 αὐτοὶ

2118 5563 2212 5614 καὶ
2241 5563 2299 5617 ἐν
2326 5566 2438 5627 τοῖς
2471 5562 2779 5635 ἔμπροσθεν
2811 5562 2993 5631 ἔλεγον
3013 5579 3026 5590 ·
3091 5578 3111 5612 ι
3141 5558 3305 5611 Δεῦτε
3336 5558 3430 5611 καὶ
3464 5556 3601 5610 ἴδετε
3634 5554 3704 5608 τὰ

500 5696 554 5778 ’.ξ
577 5694 746 5778 .lfsal;
766 5713 893 5778 exc,
924 5702 982 5778 ἒ.
1025 5701 1071 5778 ’ξ’
1097 5699 1248 5778 Psai:
1273 5701 1545 5778 urvum:
1620 5698 1708 5753 "l
1737 5701 1864 5778 Cor.
1893 5716 1969 5767 Ix,
2002 5705 2008 5750 τ

2135 5703 2178 5734 ⁷⁷
2208 5702 2311 5759 lsa.
2348 5721 2391 5770 1,
2418 5705 2504 5769 11,
2544 5707 2628 5759 12.
2704 5705 2747 5736 ⁷⁸
2779 5702 2922 5759 Psal.
2957 5717 3118 5766 XLIX,
3158 5699 3212 5756 8.
3285 5699 3331 5732 "
3367 5697 3504 5778 ibidt
3529 5696 3699 5762 9,10.

433 5766 479 5798 ⁸⁸
521 5768 650 5821 ibid.
689 5770 771 5822 15.
848 5771 890 5803 δι
924 5770 1064 5824 Psal.
1101 5786 1153 5830 L.
1189 5771 1272 5825 18.
1346 5773 1388 5804 ⁸²
1413 5769 1556 5827 Psal.
1601 5787 1786 5837 χχχιιι,
1823 5771 1853 5823 7

510 5861 583 5932 (1)
611 5861 920 5933 cheudum
958 5861 1203 5935 σώματα.
