  <div class='ocr_page' id='page_1' title='image "/cluster/home/n/w/nwhite01/storage/ocr_20150623/23/nnc1.0046978313/360.png"; bbox 0 0 4142 6388; ppageno 0'>
   <div class='ocr_carea' id='block_1_1' title="bbox 481 403 588 461">
    <p class='ocr_par' dir='ltr' id='par_1_1' title="bbox 481 403 588 461">
     <span class='ocr_line' id='line_1_1' title="bbox 481 403 588 461; baseline 0 -1"><span class='ocrx_word' id='word_1_1' title='bbox 481 403 588 461; x_wconf 75' lang='grc'>669</span> 
     </span>
    </p>
   </div>
   <div class='ocr_carea' id='block_1_2' title="bbox 1583 400 2580 461">
    <p class='ocr_par' dir='ltr' id='par_1_2' title="bbox 1583 400 2580 461">
     <span class='ocr_line' id='line_1_2' title="bbox 1583 400 2580 461; baseline 0.004 -4"><span class='ocrx_word' id='word_1_2' title='bbox 1583 400 2093 460; x_wconf 75' lang='lat' dir='ltr'>COMMENTARIA</span> <span class='ocrx_word' id='word_1_3' title='bbox 2130 400 2202 458; x_wconf 80' lang='lat' dir='ltr'>IN</span> <span class='ocrx_word' id='word_1_4' title='bbox 2242 401 2580 461; x_wconf 68' lang='lat' dir='ltr'>PSALMOS.</span> 
     </span>
    </p>
   </div>
   <div class='ocr_carea' id='block_1_3' title="bbox 3657 409 3761 465">
    <p class='ocr_par' dir='ltr' id='par_1_3' title="bbox 3657 409 3761 465">
     <span class='ocr_line' id='line_1_3' title="bbox 3657 409 3761 465; baseline -0.019 0"><span class='ocrx_word' id='word_1_5' title='bbox 3657 409 3761 465; x_wconf 71' lang='grc' dir='ltr'>(ιτα</span> 
     </span>
    </p>
   </div>
   <div class='ocr_carea' id='block_1_4' title="bbox 474 516 2076 601">
    <p class='ocr_par' dir='ltr' id='par_1_4' title="bbox 474 516 2076 601">
     <span class='ocr_line' id='line_1_4' title="bbox 474 516 2076 601; baseline -0.006 -21"><span class='ocrx_word' id='word_1_6' title='bbox 474 526 613 601; x_wconf 75' lang='grc' dir='ltr'>ἔργα</span> <span class='ocrx_word' id='word_1_7' title='bbox 644 523 739 578; x_wconf 89' lang='grc' dir='ltr'>τοῦ</span> <span class='ocrx_word' id='word_1_8' title='bbox 766 521 902 579; x_wconf 92' lang='grc' dir='ltr'>Θεοῦ</span> <span class='ocrx_word' id='word_1_9' title='bbox 924 564 939 588; x_wconf 91' lang='grc'>,</span> <span class='ocrx_word' id='word_1_10' title='bbox 993 521 1224 595; x_wconf 69' lang='grc' dir='ltr'>φοϐερὸς</span> <span class='ocrx_word' id='word_1_11' title='bbox 1255 522 1315 575; x_wconf 88' lang='grc' dir='ltr'>ἐν</span> <span class='ocrx_word' id='word_1_12' title='bbox 1348 520 1565 592; x_wconf 79' lang='grc' dir='ltr'>βουλαῖς</span> <span class='ocrx_word' id='word_1_13' title='bbox 1601 519 1742 590; x_wconf 79' lang='grc' dir='ltr'>ὑπὲρ</span> <span class='ocrx_word' id='word_1_14' title='bbox 1769 519 1897 583; x_wconf 78' lang='grc' dir='ltr'>τοὺς</span> <span class='ocrx_word' id='word_1_15' title='bbox 1929 516 2076 581; x_wconf 78' lang='grc' dir='ltr'>υἱοὺς</span> 
     </span>
    </p>
   </div>
   <div class='ocr_carea' id='block_1_5' title="bbox 2177 516 3764 601">
    <p class='ocr_par' dir='ltr' id='par_1_5' title="bbox 2184 516 3764 591">
     <span class='ocr_line' id='line_1_5' title="bbox 2184 516 3764 591; baseline 0.002 -18"><span class='ocrx_word' id='word_1_16' title='bbox 2184 517 2453 575; x_wconf 93' lang='lat' dir='ltr'><strong>terribilis</strong></span> <span class='ocrx_word' id='word_1_17' title='bbox 2488 518 2545 574; x_wconf 92' lang='lat' dir='ltr'><strong>in</strong></span> <span class='ocrx_word' id='word_1_18' title='bbox 2594 520 2848 576; x_wconf 77' lang='lat' dir='ltr'><strong>consiliis</strong></span> <span class='ocrx_word' id='word_1_19' title='bbox 2903 532 3072 591; x_wconf 70' lang='lat' dir='ltr'><strong>super</strong></span> <span class='ocrx_word' id='word_1_20' title='bbox 3116 516 3259 574; x_wconf 78' lang='lat' dir='ltr'><strong>ﬁlios</strong></span> <span class='ocrx_word' id='word_1_21' title='bbox 3300 518 3636 574; x_wconf 85' lang='lat' dir='ltr'><strong>hominum.»</strong></span> <span class='ocrx_word' id='word_1_22' title='bbox 3696 518 3764 576; x_wconf 79' lang='grc' dir='ltr'><strong>Ει</strong></span> 
     </span>
    </p>
   </div>
   <div class='ocr_carea' id='block_1_6' title="bbox 476 610 2064 692">
    <p class='ocr_par' dir='ltr' id='par_1_6' title="bbox 476 610 2064 692">
     <span class='ocr_line' id='line_1_6' title="bbox 476 610 2064 692; baseline -0.007 -18"><span class='ocrx_word' id='word_1_23' title='bbox 476 620 583 674; x_wconf 85' lang='grc' dir='ltr'>τῶν</span> <span class='ocrx_word' id='word_1_24' title='bbox 599 617 902 692; x_wconf 86' lang='grc' dir='ltr'>ἀνθρώπων</span> <span class='ocrx_word' id='word_1_25' title='bbox 919 634 933 648; x_wconf 88' lang='grc'><strong>·</strong></span> <span class='ocrx_word' id='word_1_26' title='bbox 948 636 965 667; x_wconf 81' lang='grc' dir='ltr'>ι</span> <span class='ocrx_word' id='word_1_27' title='bbox 987 617 1082 670; x_wconf 70' lang='grc' dir='ltr'>καὶ</span> <span class='ocrx_word' id='word_1_28' title='bbox 1105 614 1483 685; x_wconf 56' lang='grc' dir='ltr'>ταῦταβλεγον</span> <span class='ocrx_word' id='word_1_29' title='bbox 1496 616 1609 677; x_wconf 84' lang='grc' dir='ltr'>τοῖς</span> <span class='ocrx_word' id='word_1_30' title='bbox 1625 613 1823 666; x_wconf 76' lang='grc' dir='ltr'>ἔθνεσι.</span> <span class='ocrx_word' id='word_1_31' title='bbox 1843 612 1953 666; x_wconf 78' lang='grc' dir='ltr'>Καὶ</span> <span class='ocrx_word' id='word_1_32' title='bbox 1967 610 2064 664; x_wconf 94' lang='grc' dir='ltr'>νῦν</span> 
     </span>
    </p>
   </div>
   <div class='ocr_carea' id='block_1_7' title="bbox 476 704 2063 777">
    <p class='ocr_par' dir='ltr' id='par_1_7' title="bbox 476 704 2063 777">
     <span class='ocr_line' id='line_1_7' title="bbox 476 704 2063 777; baseline -0.009 -10"><span class='ocrx_word' id='word_1_33' title='bbox 476 708 570 767; x_wconf 81' lang='grc' dir='ltr'>οὖν</span> <span class='ocrx_word' id='word_1_34' title='bbox 584 712 810 766; x_wconf 77' lang='grc' dir='ltr'>πάλινοοί</span> <span class='ocrx_word' id='word_1_35' title='bbox 826 711 981 764; x_wconf 74' lang='grc' dir='ltr'>αὐτοὶ</span> <span class='ocrx_word' id='word_1_36' title='bbox 997 709 1181 773; x_wconf 77' lang='grc' dir='ltr'>αὐτοῖς</span> <span class='ocrx_word' id='word_1_37' title='bbox 1196 709 1309 771; x_wconf 85' lang='grc' dir='ltr'>τοῖς</span> <span class='ocrx_word' id='word_1_38' title='bbox 1337 704 1659 777; x_wconf 85' lang='grc' dir='ltr'>προσφωνοῦ</span> <span class='ocrx_word' id='word_1_39' title='bbox 1666 722 1716 759; x_wconf 91' lang='grc' dir='ltr'>σι</span> <span class='ocrx_word' id='word_1_40' title='bbox 1733 705 2033 773; x_wconf 80' lang='grc' dir='ltr'>φάσκοντες</span> <span class='ocrx_word' id='word_1_41' title='bbox 2050 719 2063 733; x_wconf 79' lang='grc' dir='ltr'><strong>ο</strong></span> 
     </span>
    </p>
   </div>
   <div class='ocr_carea' id='block_1_8' title="bbox 482 796 2066 871">
    <p class='ocr_par' dir='ltr' id='par_1_8' title="bbox 482 796 2066 871">
     <span class='ocr_line' id='line_1_8' title="bbox 482 796 2066 871; baseline -0.004 -15"><span class='ocrx_word' id='word_1_42' title='bbox 482 823 502 856; x_wconf 80' lang='grc' dir='ltr'>ι</span> <span class='ocrx_word' id='word_1_43' title='bbox 521 802 685 857; x_wconf 83' lang='grc' dir='ltr'>Δεῦτε</span> <span class='ocrx_word' id='word_1_44' title='bbox 717 802 812 857; x_wconf 80' lang='grc' dir='ltr'>καὶ</span> <span class='ocrx_word' id='word_1_45' title='bbox 838 802 1130 859; x_wconf 88' lang='grc' dir='ltr'>ἀκούσατε.</span> <span class='ocrx_word' id='word_1_46' title='bbox 1152 801 1247 854; x_wconf 79' lang='grc' dir='ltr'>καὶ</span> <span class='ocrx_word' id='word_1_47' title='bbox 1272 799 1625 871; x_wconf 85' lang='grc' dir='ltr'>διηγήσομαι.</span> <span class='ocrx_word' id='word_1_48' title='bbox 1655 819 1674 850; x_wconf 80' lang='grc' dir='ltr'>ι</span> <span class='ocrx_word' id='word_1_49' title='bbox 1695 797 1924 860; x_wconf 82' lang='grc' dir='ltr'>Τίνεςδέ</span> <span class='ocrx_word' id='word_1_50' title='bbox 1943 796 2066 851; x_wconf 89' lang='grc' dir='ltr'>δεῦ-</span> 
     </span>
    </p>
   </div>
   <div class='ocr_carea' id='block_1_9' title="bbox 477 890 2062 965">
    <p class='ocr_par' dir='ltr' id='par_1_9' title="bbox 477 890 2062 965">
     <span class='ocr_line' id='line_1_9' title="bbox 477 890 2062 965; baseline -0.006 -14"><span class='ocrx_word' id='word_1_51' title='bbox 477 915 534 951; x_wconf 86' lang='grc' dir='ltr'>τε</span> <span class='ocrx_word' id='word_1_52' title='bbox 556 915 570 963; x_wconf 86' lang='grc'>;</span> <span class='ocrx_word' id='word_1_53' title='bbox 606 896 848 964; x_wconf 86' lang='grc' dir='ltr'>ἐπιλέγει</span> <span class='ocrx_word' id='word_1_54' title='bbox 876 893 1027 965; x_wconf 74' lang='grc' dir='ltr'>ἑξῆς·</span> <span class='ocrx_word' id='word_1_55' title='bbox 1059 913 1078 946; x_wconf 78' lang='grc' dir='ltr'>ι</span> <span class='ocrx_word' id='word_1_56' title='bbox 1100 894 1310 956; x_wconf 85' lang='grc' dir='ltr'>Πάντες</span> <span class='ocrx_word' id='word_1_57' title='bbox 1337 894 1387 945; x_wconf 75' lang='lat' dir='ltr'><strong>oi</strong></span> <span class='ocrx_word' id='word_1_58' title='bbox 1408 891 1730 962; x_wconf 88' lang='grc' dir='ltr'>φοϐούμενοι</span> <span class='ocrx_word' id='word_1_59' title='bbox 1754 890 1844 945; x_wconf 88' lang='grc' dir='ltr'>τὸν</span> <span class='ocrx_word' id='word_1_60' title='bbox 1865 890 2062 943; x_wconf 75' lang='grc' dir='ltr'>Θεόνοι</span> 
     </span>
    </p>
   </div>
   <div class='ocr_carea' id='block_1_10' title="bbox 478 981 2067 1061">
    <p class='ocr_par' dir='ltr' id='par_1_10' title="bbox 478 981 2067 1061">
     <span class='ocr_line' id='line_1_10' title="bbox 478 981 2067 1061; baseline -0.007 -16"><span class='ocrx_word' id='word_1_61' title='bbox 478 991 569 1055; x_wconf 82' lang='grc' dir='ltr'>οὓς</span> <span class='ocrx_word' id='word_1_62' title='bbox 598 989 856 1061; x_wconf 78' lang='grc' dir='ltr'>ἀνωτέρω</span> <span class='ocrx_word' id='word_1_63' title='bbox 883 986 1013 1043; x_wconf 83' lang='grc' dir='ltr'>ποτὲ</span> <span class='ocrx_word' id='word_1_64' title='bbox 1042 985 1141 1059; x_wconf 82' lang='grc' dir='ltr'>μὲν</span> <span class='ocrx_word' id='word_1_65' title='bbox 1161 985 1343 1039; x_wconf 81' lang='grc' dir='ltr'>πᾶσαν</span> <span class='ocrx_word' id='word_1_66' title='bbox 1364 985 1462 1056; x_wconf 81' lang='grc' dir='ltr'>τὴν</span> <span class='ocrx_word' id='word_1_67' title='bbox 1484 984 1589 1055; x_wconf 91' lang='grc' dir='ltr'>γῆν</span> <span class='ocrx_word' id='word_1_68' title='bbox 1609 981 1911 1055; x_wconf 82' lang='grc' dir='ltr'>ὠνόμαζον,</span> <span class='ocrx_word' id='word_1_69' title='bbox 1935 982 2067 1035; x_wconf 81' lang='grc' dir='ltr'>ποτὲ</span> 
     </span>
    </p>
   </div>
   <div class='ocr_carea' id='block_1_11' title="bbox 478 1074 2065 1153">
    <p class='ocr_par' dir='ltr' id='par_1_11' title="bbox 478 1074 2065 1153">
     <span class='ocr_line' id='line_1_11' title="bbox 478 1074 2065 1153; baseline -0.008 -14"><span class='ocrx_word' id='word_1_70' title='bbox 478 1086 533 1139; x_wconf 84' lang='grc' dir='ltr'>δὲ</span> <span class='ocrx_word' id='word_1_71' title='bbox 580 1084 761 1138; x_wconf 86' lang='grc' dir='ltr'>πάντα</span> <span class='ocrx_word' id='word_1_72' title='bbox 788 1082 857 1136; x_wconf 90' lang='grc' dir='ltr'>τά</span> <span class='ocrx_word' id='word_1_73' title='bbox 888 1081 1032 1153; x_wconf 80' lang='grc' dir='ltr'>ἔθνη.</span> <span class='ocrx_word' id='word_1_74' title='bbox 1079 1081 1215 1145; x_wconf 82' lang='grc' dir='ltr'>Τοὺς</span> <span class='ocrx_word' id='word_1_75' title='bbox 1277 1078 1471 1142; x_wconf 78' lang='grc' dir='ltr'>αὐτοὺς</span> <span class='ocrx_word' id='word_1_76' title='bbox 1519 1075 1627 1150; x_wconf 82' lang='grc' dir='ltr'>γὰρ</span> <span class='ocrx_word' id='word_1_77' title='bbox 1660 1077 1754 1129; x_wconf 78' lang='grc' dir='ltr'>καὶ</span> <span class='ocrx_word' id='word_1_78' title='bbox 1817 1076 1911 1128; x_wconf 75' lang='grc' dir='ltr'>ἐπὶ</span> <span class='ocrx_word' id='word_1_79' title='bbox 1971 1074 2065 1127; x_wconf 89' lang='grc' dir='ltr'>τοῦ</span> 
     </span>
    </p>
   </div>
   <div class='ocr_carea' id='block_1_12' title="bbox 478 1165 2063 1250">
    <p class='ocr_par' dir='ltr' id='par_1_12' title="bbox 478 1165 2063 1250">
     <span class='ocr_line' id='line_1_12' title="bbox 478 1165 2063 1250; baseline -0.008 -18"><span class='ocrx_word' id='word_1_80' title='bbox 478 1178 744 1250; x_wconf 86' lang='grc' dir='ltr'>παρόντος</span> <span class='ocrx_word' id='word_1_81' title='bbox 778 1173 997 1247; x_wconf 89' lang='grc' dir='ltr'>δηλοῦσι</span> <span class='ocrx_word' id='word_1_82' title='bbox 1014 1172 1178 1243; x_wconf 80' lang='grc' dir='ltr'>φοϐου</span> <span class='ocrx_word' id='word_1_83' title='bbox 1186 1172 1377 1243; x_wconf 81' lang='grc' dir='ltr'>μένους</span> <span class='ocrx_word' id='word_1_84' title='bbox 1391 1171 1481 1224; x_wconf 88' lang='grc' dir='ltr'>τὸν</span> <span class='ocrx_word' id='word_1_85' title='bbox 1497 1169 1628 1222; x_wconf 84' lang='grc' dir='ltr'>Θεὸν</span> <span class='ocrx_word' id='word_1_86' title='bbox 1642 1165 2063 1232; x_wconf 77' lang='grc' dir='ltr'>ἀποκαλοῦντες.</span> 
     </span>
    </p>
   </div>
   <div class='ocr_carea' id='block_1_13' title="bbox 479 1258 2068 1336">
    <p class='ocr_par' dir='ltr' id='par_1_13' title="bbox 479 1258 2068 1336">
     <span class='ocr_line' id='line_1_13' title="bbox 479 1258 2068 1336; baseline -0.008 -13"><span class='ocrx_word' id='word_1_87' title='bbox 479 1260 746 1331; x_wconf 78' lang='grc' dir='ltr'>Πολλάκις</span> <span class='ocrx_word' id='word_1_88' title='bbox 771 1267 829 1321; x_wconf 82' lang='grc' dir='ltr'>δὲ</span> <span class='ocrx_word' id='word_1_89' title='bbox 857 1268 951 1320; x_wconf 75' lang='grc' dir='ltr'>καὶ</span> <span class='ocrx_word' id='word_1_90' title='bbox 979 1268 1037 1319; x_wconf 83' lang='grc' dir='ltr'>ἐν</span> <span class='ocrx_word' id='word_1_91' title='bbox 1070 1265 1276 1336; x_wconf 79' lang='grc' dir='ltr'>ἑτέροις</span> <span class='ocrx_word' id='word_1_92' title='bbox 1308 1262 1670 1333; x_wconf 79' lang='grc' dir='ltr'>ἀπεδείξαμεν</span> <span class='ocrx_word' id='word_1_93' title='bbox 1694 1301 1709 1325; x_wconf 85' lang='grc'>,</span> <span class='ocrx_word' id='word_1_94' title='bbox 1740 1262 1815 1324; x_wconf 89' lang='grc' dir='ltr'>ὼς</span> <span class='ocrx_word' id='word_1_95' title='bbox 1848 1261 1973 1323; x_wconf 76' lang='grc' dir='ltr'>τοὺς</span> <span class='ocrx_word' id='word_1_96' title='bbox 2007 1258 2068 1324; x_wconf 84' lang='grc' dir='ltr'>ὲξ</span> 
     </span>
    </p>
   </div>
   <div class='ocr_carea' id='block_1_14' title="bbox 480 1350 2065 1425">
    <p class='ocr_par' dir='ltr' id='par_1_14' title="bbox 480 1350 2065 1425">
     <span class='ocr_line' id='line_1_14' title="bbox 480 1350 2065 1425; baseline -0.009 -9"><span class='ocrx_word' id='word_1_97' title='bbox 480 1362 650 1416; x_wconf 88' lang='grc' dir='ltr'>ἐθνῶν</span> <span class='ocrx_word' id='word_1_98' title='bbox 696 1357 1084 1420; x_wconf 86' lang='grc' dir='ltr'>θεοσεϐοῦντας</span> <span class='ocrx_word' id='word_1_99' title='bbox 1129 1354 1498 1425; x_wconf 86' lang='grc' dir='ltr'>φοϐουμένους</span> <span class='ocrx_word' id='word_1_100' title='bbox 1527 1352 1619 1406; x_wconf 85' lang='grc' dir='ltr'>τὸν</span> <span class='ocrx_word' id='word_1_101' title='bbox 1649 1350 1853 1424; x_wconf 84' lang='grc' dir='ltr'>Κύριον</span> <span class='ocrx_word' id='word_1_102' title='bbox 1880 1350 2065 1404; x_wconf 81' lang='grc' dir='ltr'>καλεῖν</span> 
     </span>
    </p>
   </div>
   <div class='ocr_carea' id='block_1_15' title="bbox 480 1443 2067 1519">
    <p class='ocr_par' dir='ltr' id='par_1_15' title="bbox 480 1443 2067 1519">
     <span class='ocr_line' id='line_1_15' title="bbox 480 1443 2067 1519; baseline -0.008 -12"><span class='ocrx_word' id='word_1_103' title='bbox 480 1452 668 1507; x_wconf 78' lang='grc' dir='ltr'>εἴωθεν</span> <span class='ocrx_word' id='word_1_104' title='bbox 689 1454 717 1506; x_wconf 88' lang='grc' dir='ltr'>ὁ</span> <span class='ocrx_word' id='word_1_105' title='bbox 738 1451 925 1519; x_wconf 87' lang='grc' dir='ltr'>Λόγος.</span> <span class='ocrx_word' id='word_1_106' title='bbox 946 1450 1101 1503; x_wconf 73' lang='grc' dir='ltr'>Ἐπεὶ</span> <span class='ocrx_word' id='word_1_107' title='bbox 1121 1449 1301 1502; x_wconf 81' lang='grc' dir='ltr'>τοίνυν</span> <span class='ocrx_word' id='word_1_108' title='bbox 1325 1446 1515 1519; x_wconf 84' lang='grc' dir='ltr'>μνείας</span> <span class='ocrx_word' id='word_1_109' title='bbox 1532 1445 1702 1498; x_wconf 80' lang='grc' dir='ltr'>δεῖται</span> <span class='ocrx_word' id='word_1_110' title='bbox 1720 1443 1783 1497; x_wconf 90' lang='grc' dir='ltr'>τὸ</span> <span class='ocrx_word' id='word_1_111' title='bbox 1806 1443 2067 1514; x_wconf 86' lang='grc' dir='ltr'>κήρυγμα</span> 
     </span>
    </p>
   </div>
   <div class='ocr_carea' id='block_1_16' title="bbox 480 1532 2068 1608">
    <p class='ocr_par' dir='ltr' id='par_1_16' title="bbox 480 1532 2068 1608">
     <span class='ocr_line' id='line_1_16' title="bbox 480 1532 2068 1608; baseline -0.009 -10"><span class='ocrx_word' id='word_1_112' title='bbox 480 1544 539 1598; x_wconf 89' lang='grc' dir='ltr'>τὸ</span> <span class='ocrx_word' id='word_1_113' title='bbox 566 1541 942 1606; x_wconf 88' lang='grc' dir='ltr'>ἀποστολικὸν,</span> <span class='ocrx_word' id='word_1_114' title='bbox 977 1538 1292 1608; x_wconf 80' lang='grc' dir='ltr'>ἀναγκαίως</span> <span class='ocrx_word' id='word_1_115' title='bbox 1319 1534 1744 1605; x_wconf 74' lang='grc' dir='ltr'>ἐπαγγέλλονται</span> <span class='ocrx_word' id='word_1_116' title='bbox 1770 1532 1869 1605; x_wconf 79' lang='grc' dir='ltr'>τὴν</span> <span class='ocrx_word' id='word_1_117' title='bbox 1893 1533 2068 1603; x_wconf 77' lang='grc' dir='ltr'>ἑρμη-</span> 
     </span>
    </p>
   </div>
   <div class='ocr_carea' id='block_1_17' title="bbox 480 1623 2069 1706">
    <p class='ocr_par' dir='ltr' id='par_1_17' title="bbox 480 1623 2069 1706">
     <span class='ocr_line' id='line_1_17' title="bbox 480 1623 2069 1706; baseline -0.007 -18"><span class='ocrx_word' id='word_1_118' title='bbox 480 1635 627 1688; x_wconf 91' lang='grc' dir='ltr'>νείαν</span> <span class='ocrx_word' id='word_1_119' title='bbox 649 1631 988 1706; x_wconf 85' lang='grc' dir='ltr'>παραδώσειν</span> <span class='ocrx_word' id='word_1_120' title='bbox 1007 1633 1120 1694; x_wconf 83' lang='grc' dir='ltr'>τοῖς</span> <span class='ocrx_word' id='word_1_121' title='bbox 1137 1629 1315 1683; x_wconf 74' lang='grc' dir='ltr'>ἔθνεσι</span> <span class='ocrx_word' id='word_1_122' title='bbox 1335 1628 1584 1697; x_wconf 87' lang='grc' dir='ltr'>λέγοντες</span> <span class='ocrx_word' id='word_1_123' title='bbox 1602 1643 1615 1657; x_wconf 88' lang='grc'><strong>·</strong></span> <span class='ocrx_word' id='word_1_124' title='bbox 1646 1644 1667 1677; x_wconf 77' lang='grc' dir='ltr'>ι</span> <span class='ocrx_word' id='word_1_125' title='bbox 1688 1624 1853 1678; x_wconf 82' lang='grc' dir='ltr'>Δεῦτε</span> <span class='ocrx_word' id='word_1_126' title='bbox 1873 1663 1887 1688; x_wconf 91' lang='grc'>,</span> <span class='ocrx_word' id='word_1_127' title='bbox 1910 1623 2069 1679; x_wconf 90' lang='grc' dir='ltr'>ἀκού-</span> 
     </span>
    </p>
   </div>
   <div class='ocr_carea' id='block_1_18' title="bbox 482 1716 2067 1796">
    <p class='ocr_par' dir='ltr' id='par_1_18' title="bbox 482 1716 2067 1796">
     <span class='ocr_line' id='line_1_18' title="bbox 482 1716 2067 1796; baseline -0.006 -17"><span class='ocrx_word' id='word_1_128' title='bbox 482 1742 634 1791; x_wconf 90' lang='grc' dir='ltr'>σατε,</span> <span class='ocrx_word' id='word_1_129' title='bbox 666 1726 759 1779; x_wconf 74' lang='grc' dir='ltr'>καὶ</span> <span class='ocrx_word' id='word_1_130' title='bbox 785 1724 1114 1796; x_wconf 87' lang='grc' dir='ltr'>διηγήσομαι</span> <span class='ocrx_word' id='word_1_131' title='bbox 1136 1738 1150 1753; x_wconf 77' lang='grc' dir='ltr'><strong><em>ο</em></strong></span> <span class='ocrx_word' id='word_1_132' title='bbox 1177 1740 1195 1772; x_wconf 83' lang='grc' dir='ltr'>ι</span> <span class='ocrx_word' id='word_1_133' title='bbox 1228 1721 1459 1791; x_wconf 76' lang='grc' dir='ltr'>Λέγουσι</span> <span class='ocrx_word' id='word_1_134' title='bbox 1484 1718 1542 1772; x_wconf 87' lang='grc' dir='ltr'>δὲ</span> <span class='ocrx_word' id='word_1_135' title='bbox 1568 1718 1739 1773; x_wconf 90' lang='grc' dir='ltr'>ταῦτα</span> <span class='ocrx_word' id='word_1_136' title='bbox 1762 1717 1837 1781; x_wconf 86' lang='grc' dir='ltr'>ὼς</span> <span class='ocrx_word' id='word_1_137' title='bbox 1864 1716 1922 1783; x_wconf 80' lang='grc' dir='ltr'>ἐξ</span> <span class='ocrx_word' id='word_1_138' title='bbox 1948 1716 2067 1781; x_wconf 85' lang='grc' dir='ltr'>ἑνὸς</span> 
     </span>
    </p>
   </div>
   <div class='ocr_carea' id='block_1_19' title="bbox 483 1808 2069 1885">
    <p class='ocr_par' dir='ltr' id='par_1_19' title="bbox 483 1808 2069 1885">
     <span class='ocr_line' id='line_1_19' title="bbox 483 1808 2069 1885; baseline -0.004 -18"><span class='ocrx_word' id='word_1_139' title='bbox 483 1813 747 1885; x_wconf 86' lang='grc' dir='ltr'>στόματος</span> <span class='ocrx_word' id='word_1_140' title='bbox 783 1811 872 1867; x_wconf 92' lang='grc' dir='ltr'>διά</span> <span class='ocrx_word' id='word_1_141' title='bbox 903 1812 1003 1884; x_wconf 78' lang='grc' dir='ltr'>τὴν</span> <span class='ocrx_word' id='word_1_142' title='bbox 1029 1811 1309 1865; x_wconf 87' lang='grc' dir='ltr'>τελείωσιν</span> <span class='ocrx_word' id='word_1_143' title='bbox 1333 1827 1346 1840; x_wconf 89' lang='grc'><strong>·</strong></span> <span class='ocrx_word' id='word_1_144' title='bbox 1379 1812 1427 1864; x_wconf 89' lang='grc' dir='ltr'>οἰ</span> <span class='ocrx_word' id='word_1_145' title='bbox 1457 1808 1567 1880; x_wconf 90' lang='grc' dir='ltr'>γάρ</span> <span class='ocrx_word' id='word_1_146' title='bbox 1597 1810 1797 1873; x_wconf 91' lang='grc' dir='ltr'>πάντες</span> <span class='ocrx_word' id='word_1_147' title='bbox 1820 1808 1880 1862; x_wconf 81' lang='grc' dir='ltr'>ἒν</span> <span class='ocrx_word' id='word_1_148' title='bbox 1910 1809 2069 1878; x_wconf 88' lang='grc' dir='ltr'>γεγό-</span> 
     </span>
    </p>
   </div>
   <div class='ocr_carea' id='block_1_20' title="bbox 481 1892 2144 1974">
    <p class='ocr_par' dir='ltr' id='par_1_20' title="bbox 481 1892 2144 1974">
     <span class='ocr_line' id='line_1_20' title="bbox 481 1892 2144 1974; baseline -0.006 -14"><span class='ocrx_word' id='word_1_149' title='bbox 481 1925 604 1962; x_wconf 88' lang='grc' dir='ltr'>νασι</span> <span class='ocrx_word' id='word_1_150' title='bbox 638 1904 1015 1968; x_wconf 83' lang='grc' dir='ltr'>τελειωθέντες</span> <span class='ocrx_word' id='word_1_151' title='bbox 1042 1906 1101 1957; x_wconf 85' lang='grc' dir='ltr'>ἐν</span> <span class='ocrx_word' id='word_1_152' title='bbox 1130 1901 1340 1974; x_wconf 84' lang='grc' dir='ltr'>Κυρίῳ.</span> <span class='ocrx_word' id='word_1_153' title='bbox 1386 1902 1498 1956; x_wconf 72' lang='grc' dir='ltr'>Καὶ</span> <span class='ocrx_word' id='word_1_154' title='bbox 1528 1901 1701 1954; x_wconf 89' lang='grc' dir='ltr'>ταῦτα</span> <span class='ocrx_word' id='word_1_155' title='bbox 1733 1899 1980 1966; x_wconf 79' lang='grc' dir='ltr'>θεσπίζει</span> <span class='ocrx_word' id='word_1_156' title='bbox 2008 1901 2070 1954; x_wconf 88' lang='grc' dir='ltr'>τὸ</span> <span class='ocrx_word' id='word_1_157' title='bbox 2099 1892 2144 1948; x_wconf 88' lang='grc' dir='ltr'>Β</span> 
     </span>
    </p>
   </div>
   <div class='ocr_carea' id='block_1_21' title="bbox 483 1990 2069 2068">
    <p class='ocr_par' dir='ltr' id='par_1_21' title="bbox 483 1990 2069 2068">
     <span class='ocr_line' id='line_1_21' title="bbox 483 1990 2069 2068; baseline -0.005 -17"><span class='ocrx_word' id='word_1_158' title='bbox 483 1993 706 2068; x_wconf 86' lang='grc' dir='ltr'>Πνεῦμα</span> <span class='ocrx_word' id='word_1_159' title='bbox 723 1996 783 2050; x_wconf 89' lang='grc' dir='ltr'>τὸ</span> <span class='ocrx_word' id='word_1_160' title='bbox 803 1995 957 2064; x_wconf 84' lang='grc' dir='ltr'>ἀγιον</span> <span class='ocrx_word' id='word_1_161' title='bbox 972 1994 1050 2058; x_wconf 85' lang='grc' dir='ltr'>ὡς</span> <span class='ocrx_word' id='word_1_162' title='bbox 1069 1993 1128 2059; x_wconf 81' lang='grc' dir='ltr'>ἐξ</span> <span class='ocrx_word' id='word_1_163' title='bbox 1147 1993 1264 2058; x_wconf 78' lang='grc' dir='ltr'>ἑνὸς</span> <span class='ocrx_word' id='word_1_164' title='bbox 1281 1991 1443 2065; x_wconf 89' lang='grc' dir='ltr'>χοροῦ</span> <span class='ocrx_word' id='word_1_165' title='bbox 1464 1990 1557 2044; x_wconf 89' lang='grc' dir='ltr'>τοῦ</span> <span class='ocrx_word' id='word_1_166' title='bbox 1580 1990 1938 2045; x_wconf 90' lang='grc' dir='ltr'>ἀποστολικοῦ</span> <span class='ocrx_word' id='word_1_167' title='bbox 1956 1993 2069 2054; x_wconf 83' lang='grc' dir='ltr'>τοῖς</span> 
     </span>
    </p>
   </div>
   <div class='ocr_carea' id='block_1_22' title="bbox 480 2082 2068 2161">
    <p class='ocr_par' dir='ltr' id='par_1_22' title="bbox 480 2082 2068 2161">
     <span class='ocr_line' id='line_1_22' title="bbox 480 2082 2068 2161; baseline -0.006 -17"><span class='ocrx_word' id='word_1_168' title='bbox 480 2093 657 2145; x_wconf 80' lang='grc' dir='ltr'>ἔθνεσι</span> <span class='ocrx_word' id='word_1_169' title='bbox 689 2086 1068 2161; x_wconf 82' lang='grc' dir='ltr'>προσφωνοῦν,</span> <span class='ocrx_word' id='word_1_170' title='bbox 1100 2084 1565 2156; x_wconf 85' lang='grc' dir='ltr'>ἐπαγγελλόμενόν</span> <span class='ocrx_word' id='word_1_171' title='bbox 1589 2100 1649 2137; x_wconf 92' lang='grc' dir='ltr'>τε</span> <span class='ocrx_word' id='word_1_172' title='bbox 1670 2082 2068 2154; x_wconf 87' lang='grc' dir='ltr'>διερμηνεύειν,</span> 
     </span>
    </p>
   </div>
   <div class='ocr_carea' id='block_1_23' title="bbox 481 2171 2070 2253">
    <p class='ocr_par' dir='ltr' id='par_1_23' title="bbox 481 2171 2070 2253">
     <span class='ocr_line' id='line_1_23' title="bbox 481 2171 2070 2253; baseline -0.004 -17"><span class='ocrx_word' id='word_1_173' title='bbox 481 2184 580 2236; x_wconf 83' lang='grc' dir='ltr'>ὅσα</span> <span class='ocrx_word' id='word_1_174' title='bbox 607 2182 863 2253; x_wconf 81' lang='grc' dir='ltr'>ἐποίησεν</span> <span class='ocrx_word' id='word_1_175' title='bbox 890 2181 919 2233; x_wconf 88' lang='grc' dir='ltr'><strong>ὁ</strong></span> <span class='ocrx_word' id='word_1_176' title='bbox 952 2179 1085 2242; x_wconf 84' lang='grc' dir='ltr'>Θεὸς</span> <span class='ocrx_word' id='word_1_177' title='bbox 1112 2180 1181 2250; x_wconf 77' lang='grc' dir='ltr'>τῇ</span> <span class='ocrx_word' id='word_1_178' title='bbox 1209 2177 1355 2249; x_wconf 80' lang='grc' dir='ltr'>ψυχῇ</span> <span class='ocrx_word' id='word_1_179' title='bbox 1385 2175 1585 2231; x_wconf 80' lang='grc' dir='ltr'>αὐτῶν.</span> <span class='ocrx_word' id='word_1_180' title='bbox 1642 2175 1818 2229; x_wconf 81' lang='grc' dir='ltr'>Πάλαι</span> <span class='ocrx_word' id='word_1_181' title='bbox 1854 2176 1953 2246; x_wconf 88' lang='grc' dir='ltr'>μὲν</span> <span class='ocrx_word' id='word_1_182' title='bbox 1978 2171 2070 2229; x_wconf 82' lang='grc' dir='ltr'>οὖν</span> 
     </span>
    </p>
   </div>
   <div class='ocr_carea' id='block_1_24' title="bbox 482 2264 2069 2343">
    <p class='ocr_par' dir='ltr' id='par_1_24' title="bbox 482 2264 2069 2343">
     <span class='ocr_line' id='line_1_24' title="bbox 482 2264 2069 2343; baseline -0.006 -16"><span class='ocrx_word' id='word_1_183' title='bbox 482 2274 666 2343; x_wconf 74' lang='grc' dir='ltr'>ἔλεγον</span> <span class='ocrx_word' id='word_1_184' title='bbox 684 2290 699 2302; x_wconf 89' lang='grc'><strong>·</strong></span> <span class='ocrx_word' id='word_1_185' title='bbox 737 2292 755 2321; x_wconf 78' lang='grc' dir='ltr'>σ</span> <span class='ocrx_word' id='word_1_186' title='bbox 781 2270 943 2324; x_wconf 89' lang='grc' dir='ltr'>Δεῦτε</span> <span class='ocrx_word' id='word_1_187' title='bbox 968 2270 1064 2323; x_wconf 74' lang='grc' dir='ltr'>καὶ</span> <span class='ocrx_word' id='word_1_188' title='bbox 1092 2268 1229 2322; x_wconf 84' lang='grc' dir='ltr'>ῐδετε</span> <span class='ocrx_word' id='word_1_189' title='bbox 1251 2267 1320 2321; x_wconf 88' lang='grc' dir='ltr'>τά</span> <span class='ocrx_word' id='word_1_190' title='bbox 1347 2266 1482 2339; x_wconf 79' lang='grc' dir='ltr'>ἔργα</span> <span class='ocrx_word' id='word_1_191' title='bbox 1508 2264 1602 2319; x_wconf 86' lang='grc' dir='ltr'>τοῦ</span> <span class='ocrx_word' id='word_1_192' title='bbox 1628 2265 1785 2330; x_wconf 92' lang='grc' dir='ltr'>Θεοῦ,</span> <span class='ocrx_word' id='word_1_193' title='bbox 1812 2266 1889 2329; x_wconf 85' lang='grc' dir='ltr'>ὡς</span> <span class='ocrx_word' id='word_1_194' title='bbox 1914 2265 2069 2336; x_wconf 82' lang='grc' dir='ltr'>μετέ-</span> 
     </span>
    </p>
   </div>
   <div class='ocr_carea' id='block_1_25' title="bbox 482 2358 2072 2438">
    <p class='ocr_par' dir='ltr' id='par_1_25' title="bbox 482 2358 2072 2438">
     <span class='ocr_line' id='line_1_25' title="bbox 482 2358 2072 2438; baseline -0.005 -18"><span class='ocrx_word' id='word_1_195' title='bbox 482 2366 682 2438; x_wconf 82' lang='grc' dir='ltr'>στρεψέ</span> <span class='ocrx_word' id='word_1_196' title='bbox 712 2381 843 2418; x_wconf 85' lang='grc' dir='ltr'>ποτε</span> <span class='ocrx_word' id='word_1_197' title='bbox 863 2364 962 2435; x_wconf 84' lang='grc' dir='ltr'>τὴν</span> <span class='ocrx_word' id='word_1_198' title='bbox 985 2361 1261 2416; x_wconf 89' lang='grc' dir='ltr'>θάλασσαν</span> <span class='ocrx_word' id='word_1_199' title='bbox 1281 2363 1362 2423; x_wconf 83' lang='grc' dir='ltr'>είς</span> <span class='ocrx_word' id='word_1_200' title='bbox 1387 2359 1577 2431; x_wconf 83' lang='grc' dir='ltr'>ξηράν,</span> <span class='ocrx_word' id='word_1_201' title='bbox 1604 2358 1700 2413; x_wconf 71' lang='grc' dir='ltr'>καὶ</span> <span class='ocrx_word' id='word_1_202' title='bbox 1721 2359 1797 2423; x_wconf 83' lang='grc' dir='ltr'>ὡς</span> <span class='ocrx_word' id='word_1_203' title='bbox 1820 2361 1878 2413; x_wconf 86' lang='grc' dir='ltr'>ἐν</span> <span class='ocrx_word' id='word_1_204' title='bbox 1908 2377 2072 2413; x_wconf 86' lang='grc' dir='ltr'>ποτα-</span> 
     </span>
    </p>
   </div>
   <div class='ocr_carea' id='block_1_26' title="bbox 486 2449 2071 2530">
    <p class='ocr_par' dir='ltr' id='par_1_26' title="bbox 486 2449 2071 2530">
     <span class='ocr_line' id='line_1_26' title="bbox 486 2449 2071 2530; baseline -0.006 -18"><span class='ocrx_word' id='word_1_205' title='bbox 486 2457 572 2530; x_wconf 80' lang='grc' dir='ltr'>μῷ</span> <span class='ocrx_word' id='word_1_206' title='bbox 597 2457 807 2528; x_wconf 81' lang='grc' dir='ltr'>διῆλθον</span> <span class='ocrx_word' id='word_1_207' title='bbox 838 2453 979 2508; x_wconf 88' lang='grc' dir='ltr'>ποδί.</span> <span class='ocrx_word' id='word_1_208' title='bbox 996 2472 1015 2505; x_wconf 79' lang='grc' dir='ltr'>ι</span> <span class='ocrx_word' id='word_1_209' title='bbox 1053 2451 1260 2506; x_wconf 75' lang='grc' dir='ltr'>Νυνὶδὲ</span> <span class='ocrx_word' id='word_1_210' title='bbox 1282 2451 1466 2505; x_wconf 86' lang='grc' dir='ltr'>οὐκέτι</span> <span class='ocrx_word' id='word_1_211' title='bbox 1487 2449 1559 2503; x_wconf 90' lang='grc' dir='ltr'>τά</span> <span class='ocrx_word' id='word_1_212' title='bbox 1586 2449 1819 2512; x_wconf 88' lang='grc' dir='ltr'>παλαιά,</span> <span class='ocrx_word' id='word_1_213' title='bbox 1845 2449 1981 2503; x_wconf 79' lang='grc' dir='ltr'>ἀλλὰ</span> <span class='ocrx_word' id='word_1_214' title='bbox 2002 2451 2071 2503; x_wconf 91' lang='grc' dir='ltr'>τά</span> 
     </span>
    </p>
   </div>
   <div class='ocr_carea' id='block_1_27' title="bbox 482 2542 2074 2623">
    <p class='ocr_par' dir='ltr' id='par_1_27' title="bbox 482 2542 2074 2623">
     <span class='ocr_line' id='line_1_27' title="bbox 482 2542 2074 2623; baseline -0.006 -18"><span class='ocrx_word' id='word_1_215' title='bbox 482 2553 582 2623; x_wconf 88' lang='grc' dir='ltr'>τῆς</span> <span class='ocrx_word' id='word_1_216' title='bbox 611 2551 739 2615; x_wconf 88' lang='grc' dir='ltr'>νέας</span> <span class='ocrx_word' id='word_1_217' title='bbox 764 2550 859 2604; x_wconf 75' lang='grc' dir='ltr'>καὶ</span> <span class='ocrx_word' id='word_1_218' title='bbox 880 2548 1073 2618; x_wconf 85' lang='grc' dir='ltr'>καινῆς</span> <span class='ocrx_word' id='word_1_219' title='bbox 1102 2546 1343 2618; x_wconf 85' lang='grc' dir='ltr'>ἱστορίας</span> <span class='ocrx_word' id='word_1_220' title='bbox 1366 2542 1803 2617; x_wconf 85' lang='grc' dir='ltr'>παραδεδώκασι,</span> <span class='ocrx_word' id='word_1_221' title='bbox 1830 2544 1928 2608; x_wconf 87' lang='grc' dir='ltr'>τάς</span> <span class='ocrx_word' id='word_1_222' title='bbox 1947 2544 2074 2597; x_wconf 80' lang='grc' dir='ltr'>ἑαυ-</span> 
     </span>
    </p>
   </div>
   <div class='ocr_carea' id='block_1_28' title="bbox 484 2636 2074 2715">
    <p class='ocr_par' dir='ltr' id='par_1_28' title="bbox 484 2636 2074 2715">
     <span class='ocr_line' id='line_1_28' title="bbox 484 2636 2074 2715; baseline -0.006 -17"><span class='ocrx_word' id='word_1_223' title='bbox 484 2643 592 2698; x_wconf 92' lang='grc' dir='ltr'>τῶν</span> <span class='ocrx_word' id='word_1_224' title='bbox 641 2640 869 2715; x_wconf 81' lang='grc' dir='ltr'>πράξεις</span> <span class='ocrx_word' id='word_1_225' title='bbox 913 2639 1283 2711; x_wconf 77' lang='grc' dir='ltr'>ὑφηγούμενοι</span> <span class='ocrx_word' id='word_1_226' title='bbox 1305 2680 1319 2703; x_wconf 92' lang='grc'>,</span> <span class='ocrx_word' id='word_1_227' title='bbox 1372 2639 1468 2692; x_wconf 79' lang='grc' dir='ltr'>καὶ</span> <span class='ocrx_word' id='word_1_228' title='bbox 1499 2636 1599 2701; x_wconf 88' lang='grc' dir='ltr'>τάς</span> <span class='ocrx_word' id='word_1_229' title='bbox 1624 2640 1705 2699; x_wconf 86' lang='grc' dir='ltr'>είς</span> <span class='ocrx_word' id='word_1_230' title='bbox 1736 2637 1935 2700; x_wconf 80' lang='grc' dir='ltr'>αὐτοὺς</span> <span class='ocrx_word' id='word_1_231' title='bbox 1967 2636 2074 2689; x_wconf 84' lang='grc' dir='ltr'>ὑπὸ</span> 
     </span>
    </p>
   </div>
   <div class='ocr_carea' id='block_1_29' title="bbox 484 2730 2073 2806">
    <p class='ocr_par' dir='ltr' id='par_1_29' title="bbox 484 2730 2073 2806">
     <span class='ocr_line' id='line_1_29' title="bbox 484 2730 2073 2806; baseline -0.005 -16"><span class='ocrx_word' id='word_1_232' title='bbox 484 2736 577 2790; x_wconf 90' lang='grc' dir='ltr'>τοῦ</span> <span class='ocrx_word' id='word_1_233' title='bbox 607 2734 742 2790; x_wconf 85' lang='grc' dir='ltr'>Θεοῦ</span> <span class='ocrx_word' id='word_1_234' title='bbox 769 2734 1067 2806; x_wconf 85' lang='grc' dir='ltr'>γενομένας</span> <span class='ocrx_word' id='word_1_235' title='bbox 1096 2730 1435 2803; x_wconf 78' lang='grc' dir='ltr'>εὐεργεσίας.</span> <span class='ocrx_word' id='word_1_236' title='bbox 1487 2730 1581 2783; x_wconf 90' lang='grc' dir='ltr'>Διό</span> <span class='ocrx_word' id='word_1_237' title='bbox 1613 2746 1779 2799; x_wconf 87' lang='grc' dir='ltr'>φασιν</span> <span class='ocrx_word' id='word_1_238' title='bbox 1802 2746 1816 2759; x_wconf 74' lang='grc' dir='ltr'><strong><em>ο</em></strong></span> <span class='ocrx_word' id='word_1_239' title='bbox 1884 2748 1904 2781; x_wconf 77' lang='grc' dir='ltr'>ι</span> <span class='ocrx_word' id='word_1_240' title='bbox 1933 2730 2073 2783; x_wconf 87' lang='grc' dir='ltr'>Ὅσα</span> 
     </span>
    </p>
   </div>
   <div class='ocr_carea' id='block_1_30' title="bbox 484 2819 2073 2901">
    <p class='ocr_par' dir='ltr' id='par_1_30' title="bbox 484 2819 2073 2901">
     <span class='ocr_line' id='line_1_30' title="bbox 484 2819 2073 2901; baseline -0.006 -18"><span class='ocrx_word' id='word_1_241' title='bbox 484 2831 709 2901; x_wconf 82' lang='grc' dir='ltr'>ἐποίησε</span> <span class='ocrx_word' id='word_1_242' title='bbox 743 2830 811 2900; x_wconf 81' lang='grc' dir='ltr'>τῇ</span> <span class='ocrx_word' id='word_1_243' title='bbox 837 2827 984 2898; x_wconf 76' lang='grc' dir='ltr'>ψυχῇ</span> <span class='ocrx_word' id='word_1_244' title='bbox 1017 2842 1181 2897; x_wconf 80' lang='grc' dir='ltr'>μουί</span> <span class='ocrx_word' id='word_1_245' title='bbox 1215 2819 1335 2877; x_wconf 78' lang='grc' dir='ltr'>εἶτα</span> <span class='ocrx_word' id='word_1_246' title='bbox 1368 2822 1680 2895; x_wconf 86' lang='grc' dir='ltr'>διηγοῦνται</span> <span class='ocrx_word' id='word_1_247' title='bbox 1704 2821 1802 2892; x_wconf 82' lang='grc' dir='ltr'>τὴν</span> <span class='ocrx_word' id='word_1_248' title='bbox 1832 2822 2073 2890; x_wconf 86' lang='grc' dir='ltr'>ἐπαγγε-</span> 
     </span>
    </p>
   </div>
   <div class='ocr_carea' id='block_1_31' title="bbox 484 2913 2071 2992">
    <p class='ocr_par' dir='ltr' id='par_1_31' title="bbox 484 2913 2071 2992">
     <span class='ocr_line' id='line_1_31' title="bbox 484 2913 2071 2992; baseline -0.006 -17"><span class='ocrx_word' id='word_1_249' title='bbox 484 2921 605 2976; x_wconf 90' lang='grc' dir='ltr'>λίαν</span> <span class='ocrx_word' id='word_1_250' title='bbox 631 2920 983 2992; x_wconf 85' lang='grc' dir='ltr'>πληροῦντες.</span> <span class='ocrx_word' id='word_1_251' title='bbox 1032 2918 1139 2981; x_wconf 72' lang='grc' dir='ltr'>Τίς,</span> <span class='ocrx_word' id='word_1_252' title='bbox 1160 2916 1217 2970; x_wconf 78' lang='grc' dir='ltr'>δὲ</span> <span class='ocrx_word' id='word_1_253' title='bbox 1248 2918 1282 2986; x_wconf 82' lang='grc' dir='ltr'><strong>ἡ</strong></span> <span class='ocrx_word' id='word_1_254' title='bbox 1313 2915 1593 2987; x_wconf 86' lang='grc' dir='ltr'>διήγησις;</span> <span class='ocrx_word' id='word_1_255' title='bbox 1648 2934 1669 2966; x_wconf 76' lang='grc' dir='ltr'>ι</span> <span class='ocrx_word' id='word_1_256' title='bbox 1710 2913 1857 2985; x_wconf 87' lang='grc' dir='ltr'>Πρὸς</span> <span class='ocrx_word' id='word_1_257' title='bbox 1889 2913 2071 2977; x_wconf 82' lang='grc' dir='ltr'>αὐτὸν,</span> 
     </span>
    </p>
   </div>
   <div class='ocr_carea' id='block_1_32' title="bbox 485 3002 2075 3085">
    <p class='ocr_par' dir='ltr' id='par_1_32' title="bbox 485 3002 2075 3085">
     <span class='ocr_line' id='line_1_32' title="bbox 485 3002 2075 3085; baseline -0.005 -18"><span class='ocrx_word' id='word_1_258' title='bbox 485 3015 619 3085; x_wconf 69' lang='grc' dir='ltr'>φησι</span> <span class='ocrx_word' id='word_1_259' title='bbox 644 3054 659 3078; x_wconf 97' lang='grc'>,</span> <span class='ocrx_word' id='word_1_260' title='bbox 701 3010 780 3083; x_wconf 87' lang='grc' dir='ltr'>τῷ</span> <span class='ocrx_word' id='word_1_261' title='bbox 819 3010 1045 3081; x_wconf 88' lang='grc' dir='ltr'>στόματί</span> <span class='ocrx_word' id='word_1_262' title='bbox 1100 3025 1201 3080; x_wconf 89' lang='grc' dir='ltr'>μου</span> <span class='ocrx_word' id='word_1_263' title='bbox 1254 3002 1525 3079; x_wconf 80' lang='grc' dir='ltr'>ἐκέκραξα</span> <span class='ocrx_word' id='word_1_264' title='bbox 1548 3045 1564 3074; x_wconf 89' lang='grc'>,</span> <span class='ocrx_word' id='word_1_265' title='bbox 1625 3006 1721 3059; x_wconf 73' lang='grc' dir='ltr'>καὶ</span> <span class='ocrx_word' id='word_1_266' title='bbox 1751 3004 1943 3075; x_wconf 75' lang='grc' dir='ltr'>ῦψωσα</span> <span class='ocrx_word' id='word_1_267' title='bbox 1969 3004 2075 3059; x_wconf 80' lang='grc' dir='ltr'>ὑπὸ</span> 
     </span>
    </p>
   </div>
   <div class='ocr_carea' id='block_1_33' title="bbox 485 3098 2076 3178">
    <p class='ocr_par' dir='ltr' id='par_1_33' title="bbox 485 3098 2076 3178">
     <span class='ocr_line' id='line_1_33' title="bbox 485 3098 2076 3178; baseline -0.006 -19"><span class='ocrx_word' id='word_1_268' title='bbox 485 3107 584 3178; x_wconf 75' lang='grc' dir='ltr'>τὴν</span> <span class='ocrx_word' id='word_1_269' title='bbox 607 3103 860 3174; x_wconf 85' lang='grc' dir='ltr'>γλῶσσάν</span> <span class='ocrx_word' id='word_1_270' title='bbox 884 3120 1005 3173; x_wconf 88' lang='grc' dir='ltr'>μου.</span> <span class='ocrx_word' id='word_1_271' title='bbox 1036 3121 1054 3153; x_wconf 80' lang='grc' dir='ltr'>ι</span> <span class='ocrx_word' id='word_1_272' title='bbox 1102 3099 1321 3171; x_wconf 80' lang='grc' dir='ltr'>Ἐπειδὴ</span> <span class='ocrx_word' id='word_1_273' title='bbox 1343 3098 1452 3170; x_wconf 88' lang='grc' dir='ltr'>γάρ</span> <span class='ocrx_word' id='word_1_274' title='bbox 1478 3098 1576 3161; x_wconf 82' lang='grc' dir='ltr'>τάς</span> <span class='ocrx_word' id='word_1_275' title='bbox 1596 3100 1675 3163; x_wconf 76' lang='grc' dir='ltr'>είς</span> <span class='ocrx_word' id='word_1_276' title='bbox 1702 3099 1900 3161; x_wconf 84' lang='grc' dir='ltr'>αὐτοὺς</span> <span class='ocrx_word' id='word_1_277' title='bbox 1918 3098 2076 3169; x_wconf 73' lang='grc' dir='ltr'>εὐερ·</span> 
     </span>
    </p>
   </div>
   <div class='ocr_carea' id='block_1_34' title="bbox 487 3184 2142 3289">
    <p class='ocr_par' dir='ltr' id='par_1_34' title="bbox 487 3184 2142 3289">
     <span class='ocr_line' id='line_1_34' title="bbox 487 3184 2142 3289; baseline -0.006 -38"><span class='ocrx_word' id='word_1_278' title='bbox 487 3197 674 3268; x_wconf 84' lang='grc' dir='ltr'>γεσίας</span> <span class='ocrx_word' id='word_1_279' title='bbox 716 3194 809 3249; x_wconf 90' lang='grc' dir='ltr'>τοῦ</span> <span class='ocrx_word' id='word_1_280' title='bbox 842 3192 979 3248; x_wconf 85' lang='grc' dir='ltr'>Θεοῦ</span> <span class='ocrx_word' id='word_1_281' title='bbox 1011 3192 1492 3265; x_wconf 87' lang='grc' dir='ltr'>κατηριθμήσαντο</span> <span class='ocrx_word' id='word_1_282' title='bbox 1516 3233 1530 3258; x_wconf 88' lang='grc'>,</span> <span class='ocrx_word' id='word_1_283' title='bbox 1563 3184 1647 3254; x_wconf 84' lang='grc' dir='ltr'>ὡς’</span> <span class='ocrx_word' id='word_1_284' title='bbox 1683 3188 2068 3261; x_wconf 80' lang='grc' dir='ltr'>ὲπυρώθησαν,</span> <span class='ocrx_word' id='word_1_285' title='bbox 2099 3232 2142 3289; x_wconf 79' lang='lat' dir='ltr'><strong>C</strong></span> 
     </span>
    </p>
   </div>
   <div class='ocr_carea' id='block_1_35' title="bbox 486 3280 2075 3360">
    <p class='ocr_par' dir='ltr' id='par_1_35' title="bbox 486 3280 2075 3360">
     <span class='ocr_line' id='line_1_35' title="bbox 486 3280 2075 3360; baseline -0.008 -16"><span class='ocrx_word' id='word_1_286' title='bbox 486 3290 562 3356; x_wconf 79' lang='grc' dir='ltr'>ὡς</span> <span class='ocrx_word' id='word_1_287' title='bbox 587 3288 1022 3360; x_wconf 84' lang='grc' dir='ltr'>ἐδοκιμάσθησαν</span> <span class='ocrx_word' id='word_1_288' title='bbox 1043 3325 1058 3348; x_wconf 92' lang='grc'>,</span> <span class='ocrx_word' id='word_1_289' title='bbox 1090 3285 1167 3348; x_wconf 84' lang='grc' dir='ltr'>ὡς</span> <span class='ocrx_word' id='word_1_290' title='bbox 1192 3282 1439 3356; x_wconf 80' lang='grc' dir='ltr'>εἰσῆλθον</span> <span class='ocrx_word' id='word_1_291' title='bbox 1462 3283 1543 3347; x_wconf 77' lang='grc' dir='ltr'>εἰς</span> <span class='ocrx_word' id='word_1_292' title='bbox 1574 3281 1675 3346; x_wconf 80' lang='grc' dir='ltr'>τὰς</span> <span class='ocrx_word' id='word_1_293' title='bbox 1708 3281 1917 3351; x_wconf 81' lang='grc' dir='ltr'>θλίψεις</span> <span class='ocrx_word' id='word_1_294' title='bbox 1934 3321 1950 3345; x_wconf 91' lang='grc'>,</span> <span class='ocrx_word' id='word_1_295' title='bbox 1997 3280 2075 3344; x_wconf 88' lang='grc' dir='ltr'>ώς</span> 
     </span>
    </p>
   </div>
   <div class='ocr_carea' id='block_1_36' title="bbox 487 3371 2078 3453">
    <p class='ocr_par' dir='ltr' id='par_1_36' title="bbox 487 3371 2078 3453">
     <span class='ocr_line' id='line_1_36' title="bbox 487 3371 2078 3453; baseline -0.007 -17"><span class='ocrx_word' id='word_1_296' title='bbox 487 3381 808 3453; x_wconf 78' lang='grc' dir='ltr'>ὑπέμειναν,</span> <span class='ocrx_word' id='word_1_297' title='bbox 833 3378 910 3443; x_wconf 84' lang='grc' dir='ltr'>ώς</span> <span class='ocrx_word' id='word_1_298' title='bbox 930 3377 1144 3449; x_wconf 84' lang='grc' dir='ltr'>διῆλθον</span> <span class='ocrx_word' id='word_1_299' title='bbox 1162 3377 1252 3431; x_wconf 90' lang='grc' dir='ltr'>διά</span> <span class='ocrx_word' id='word_1_300' title='bbox 1275 3376 1448 3448; x_wconf 85' lang='grc' dir='ltr'>πυρὸς</span> <span class='ocrx_word' id='word_1_301' title='bbox 1470 3375 1563 3429; x_wconf 79' lang='grc' dir='ltr'>καὶ</span> <span class='ocrx_word' id='word_1_302' title='bbox 1586 3374 1799 3439; x_wconf 79' lang='grc' dir='ltr'>ὓδατος,</span> <span class='ocrx_word' id='word_1_303' title='bbox 1820 3374 1896 3438; x_wconf 88' lang='grc' dir='ltr'>ώς</span> <span class='ocrx_word' id='word_1_304' title='bbox 1921 3371 2078 3444; x_wconf 80' lang='grc' dir='ltr'>ἐξῆλ-</span> 
     </span>
    </p>
   </div>
   <div class='ocr_carea' id='block_1_37' title="bbox 488 3469 2073 3545">
    <p class='ocr_par' dir='ltr' id='par_1_37' title="bbox 488 3469 2073 3545">
     <span class='ocr_line' id='line_1_37' title="bbox 488 3469 2073 3545; baseline -0.007 -14"><span class='ocrx_word' id='word_1_305' title='bbox 488 3477 579 3532; x_wconf 86' lang='grc' dir='ltr'>θον</span> <span class='ocrx_word' id='word_1_306' title='bbox 602 3477 681 3540; x_wconf 82' lang='grc' dir='ltr'>είς</span> <span class='ocrx_word' id='word_1_307' title='bbox 704 3472 986 3545; x_wconf 71' lang='grc' dir='ltr'>ἀναψυχήν</span> <span class='ocrx_word' id='word_1_308' title='bbox 1003 3489 1017 3501; x_wconf 89' lang='grc'><strong>·</strong></span> <span class='ocrx_word' id='word_1_309' title='bbox 1046 3472 1128 3526; x_wconf 85' lang='grc' dir='ltr'>ὅτι</span> <span class='ocrx_word' id='word_1_310' title='bbox 1158 3471 1232 3541; x_wconf 87' lang='grc' dir='ltr'>μὴ</span> <span class='ocrx_word' id='word_1_311' title='bbox 1262 3469 1448 3541; x_wconf 83' lang='grc' dir='ltr'>ἀργῶς</span> <span class='ocrx_word' id='word_1_312' title='bbox 1470 3469 1643 3523; x_wconf 89' lang='grc' dir='ltr'>ταῦτα</span> <span class='ocrx_word' id='word_1_313' title='bbox 1666 3469 1849 3533; x_wconf 84' lang='grc' dir='ltr'>αὐτοῖς</span> <span class='ocrx_word' id='word_1_314' title='bbox 1874 3469 2073 3531; x_wconf 86' lang='grc' dir='ltr'>πάντα,</span> 
     </span>
    </p>
   </div>
   <div class='ocr_carea' id='block_1_38' title="bbox 490 3559 2078 3641">
    <p class='ocr_par' dir='ltr' id='par_1_38' title="bbox 490 3559 2078 3641">
     <span class='ocr_line' id='line_1_38' title="bbox 490 3559 2078 3641; baseline -0.006 -18"><span class='ocrx_word' id='word_1_315' title='bbox 490 3572 522 3641; x_wconf 78' lang='grc' dir='ltr'>ἡ</span> <span class='ocrx_word' id='word_1_316' title='bbox 553 3569 672 3622; x_wconf 87' lang='grc' dir='ltr'>θεία</span> <span class='ocrx_word' id='word_1_317' title='bbox 696 3567 994 3639; x_wconf 84' lang='grc' dir='ltr'>δεδώρηται</span> <span class='ocrx_word' id='word_1_318' title='bbox 1023 3566 1183 3637; x_wconf 81' lang='grc' dir='ltr'>χάρις</span> <span class='ocrx_word' id='word_1_319' title='bbox 1206 3581 1219 3594; x_wconf 84' lang='grc'><em>’</em></span> <span class='ocrx_word' id='word_1_320' title='bbox 1254 3562 1391 3617; x_wconf 90' lang='grc' dir='ltr'>ἀλλά</span> <span class='ocrx_word' id='word_1_321' title='bbox 1421 3562 1532 3634; x_wconf 86' lang='grc' dir='ltr'>γὰρ</span> <span class='ocrx_word' id='word_1_322' title='bbox 1556 3562 1736 3616; x_wconf 78' lang='grc' dir='ltr'>αὐτῶν</span> <span class='ocrx_word' id='word_1_323' title='bbox 1763 3561 1832 3622; x_wconf 85' lang='grc' dir='ltr'>τά</span> <span class='ocrx_word' id='word_1_324' title='bbox 1867 3559 2078 3631; x_wconf 87' lang='grc' dir='ltr'>μεγάλα</span> 
     </span>
    </p>
   </div>
   <div class='ocr_carea' id='block_1_39' title="bbox 490 3651 2077 3732">
    <p class='ocr_par' dir='ltr' id='par_1_39' title="bbox 490 3651 2077 3732">
     <span class='ocr_line' id='line_1_39' title="bbox 490 3651 2077 3732; baseline -0.006 -19"><span class='ocrx_word' id='word_1_325' title='bbox 490 3659 946 3732; x_wconf 84' lang='grc' dir='ltr'>συμϐαλλομένων</span> <span class='ocrx_word' id='word_1_326' title='bbox 962 3660 1043 3721; x_wconf 83' lang='grc' dir='ltr'>είς</span> <span class='ocrx_word' id='word_1_327' title='bbox 1056 3658 1117 3710; x_wconf 92' lang='grc' dir='ltr'>τὸ</span> <span class='ocrx_word' id='word_1_328' title='bbox 1137 3655 1435 3727; x_wconf 88' lang='grc' dir='ltr'>μαρτύριον</span> <span class='ocrx_word' id='word_1_329' title='bbox 1454 3654 1795 3709; x_wconf 87' lang='grc' dir='ltr'>διδάσκουσιν</span> <span class='ocrx_word' id='word_1_330' title='bbox 1813 3651 2077 3720; x_wconf 88' lang='grc' dir='ltr'>ἀναγκαί-</span> 
     </span>
    </p>
   </div>
   <div class='ocr_carea' id='block_1_40' title="bbox 492 3742 2077 3824">
    <p class='ocr_par' dir='ltr' id='par_1_40' title="bbox 492 3742 2077 3824">
     <span class='ocr_line' id='line_1_40' title="bbox 492 3742 2077 3824; baseline -0.008 -16"><span class='ocrx_word' id='word_1_331' title='bbox 492 3771 583 3817; x_wconf 75' lang='grc' dir='ltr'>ως.</span> <span class='ocrx_word' id='word_1_332' title='bbox 612 3751 837 3824; x_wconf 88' lang='grc' dir='ltr'>Πρῶτον</span> <span class='ocrx_word' id='word_1_333' title='bbox 876 3750 977 3823; x_wconf 83' lang='grc' dir='ltr'>μὲν</span> <span class='ocrx_word' id='word_1_334' title='bbox 1006 3750 1149 3821; x_wconf 85' lang='grc' dir='ltr'>γὰρ,</span> <span class='ocrx_word' id='word_1_335' title='bbox 1185 3747 1372 3818; x_wconf 78' lang='grc' dir='ltr'>φασὶν,</span> <span class='ocrx_word' id='word_1_336' title='bbox 1405 3746 1662 3800; x_wconf 81' lang='grc' dir='ltr'>οὐδέποτε</span> <span class='ocrx_word' id='word_1_337' title='bbox 1692 3742 2077 3815; x_wconf 87' lang='grc' dir='ltr'>ἀνεχωροῦμεν</span> 
     </span>
    </p>
   </div>
   <div class='ocr_carea' id='block_1_41' title="bbox 491 3836 2074 3917">
    <p class='ocr_par' dir='ltr' id='par_1_41' title="bbox 491 3836 2074 3917">
     <span class='ocr_line' id='line_1_41' title="bbox 491 3836 2074 3917; baseline -0.008 -17"><span class='ocrx_word' id='word_1_338' title='bbox 491 3846 776 3917; x_wconf 86' lang='grc' dir='ltr'>εὐχόμενοι</span> <span class='ocrx_word' id='word_1_339' title='bbox 810 3845 906 3897; x_wconf 73' lang='grc' dir='ltr'>καὶ</span> <span class='ocrx_word' id='word_1_340' title='bbox 941 3841 1173 3913; x_wconf 88' lang='grc' dir='ltr'>βοῶντες</span> <span class='ocrx_word' id='word_1_341' title='bbox 1198 3841 1338 3911; x_wconf 80' lang='grc' dir='ltr'>πρὸς</span> <span class='ocrx_word' id='word_1_342' title='bbox 1363 3838 1545 3892; x_wconf 82' lang='grc' dir='ltr'>αὐτόν.</span> <span class='ocrx_word' id='word_1_343' title='bbox 1618 3838 1894 3908; x_wconf 83' lang='grc' dir='ltr'>Ἐϐοώμεν</span> <span class='ocrx_word' id='word_1_344' title='bbox 1925 3838 1983 3890; x_wconf 83' lang='grc' dir='ltr'>δὲ</span> <span class='ocrx_word' id='word_1_345' title='bbox 2013 3836 2074 3889; x_wconf 87' lang='grc' dir='ltr'>ού</span> 
     </span>
    </p>
   </div>
   <div class='ocr_carea' id='block_1_42' title="bbox 492 3929 2071 4011">
    <p class='ocr_par' dir='ltr' id='par_1_42' title="bbox 492 3929 2071 4011">
     <span class='ocr_line' id='line_1_42' title="bbox 492 3929 2071 4011; baseline -0.008 -19"><span class='ocrx_word' id='word_1_346' title='bbox 492 3940 706 4011; x_wconf 81' lang='grc' dir='ltr'>κραυγῇ</span> <span class='ocrx_word' id='word_1_347' title='bbox 736 3936 832 3990; x_wconf 78' lang='grc' dir='ltr'>καὶ</span> <span class='ocrx_word' id='word_1_348' title='bbox 856 3936 1008 4005; x_wconf 85' lang='grc' dir='ltr'>φωνῇ</span> <span class='ocrx_word' id='word_1_349' title='bbox 1041 3931 1288 4002; x_wconf 83' lang='grc' dir='ltr'>γεγωνῷ,</span> <span class='ocrx_word' id='word_1_350' title='bbox 1325 3930 1439 3985; x_wconf 86' lang='grc' dir='ltr'>ἀλλ’</span> <span class='ocrx_word' id='word_1_351' title='bbox 1474 3950 1491 3981; x_wconf 77' lang='grc' dir='ltr'>ι</span> <span class='ocrx_word' id='word_1_352' title='bbox 1518 3929 1624 3982; x_wconf 84' lang='grc' dir='ltr'>ὑπὸ</span> <span class='ocrx_word' id='word_1_353' title='bbox 1651 3929 1747 4001; x_wconf 80' lang='grc' dir='ltr'>τὴν</span> <span class='ocrx_word' id='word_1_354' title='bbox 1775 3929 2027 3997; x_wconf 91' lang='grc' dir='ltr'>γλῶσσαν</span> <span class='ocrx_word' id='word_1_355' title='bbox 2053 3947 2071 3979; x_wconf 92' lang='lat'>»</span> 
     </span>
    </p>
   </div>
   <div class='ocr_carea' id='block_1_43' title="bbox 492 4020 2077 4097">
    <p class='ocr_par' dir='ltr' id='par_1_43' title="bbox 492 4020 2077 4097">
     <span class='ocr_line' id='line_1_43' title="bbox 492 4020 2077 4097; baseline -0.005 -16"><span class='ocrx_word' id='word_1_356' title='bbox 492 4028 623 4085; x_wconf 72' lang='grc' dir='ltr'>εἵσω</span> <span class='ocrx_word' id='word_1_357' title='bbox 647 4027 960 4097; x_wconf 87' lang='grc' dir='ltr'>συνέχοντες</span> <span class='ocrx_word' id='word_1_358' title='bbox 982 4023 1161 4079; x_wconf 78' lang='grc' dir='ltr'>αὐτῶν</span> <span class='ocrx_word' id='word_1_359' title='bbox 1182 4022 1281 4086; x_wconf 75' lang='grc' dir='ltr'>τὰς</span> <span class='ocrx_word' id='word_1_360' title='bbox 1309 4021 1460 4093; x_wconf 86' lang='grc' dir='ltr'>βοάς·</span> <span class='ocrx_word' id='word_1_361' title='bbox 1488 4021 1709 4092; x_wconf 75' lang='grc' dir='ltr'>ᾔδειμεν</span> <span class='ocrx_word' id='word_1_362' title='bbox 1728 4021 1855 4093; x_wconf 82' lang='grc' dir='ltr'>γὰρ,</span> <span class='ocrx_word' id='word_1_363' title='bbox 1880 4022 1963 4074; x_wconf 88' lang='grc' dir='ltr'>ὅτι</span> <span class='ocrx_word' id='word_1_364' title='bbox 1983 4020 2077 4073; x_wconf 78' lang='grc' dir='ltr'>καὶ</span> 
     </span>
    </p>
   </div>
   <div class='ocr_carea' id='block_1_44' title="bbox 494 4110 2076 4183">
    <p class='ocr_par' dir='ltr' id='par_1_44' title="bbox 494 4110 2076 4183">
     <span class='ocr_line' id='line_1_44' title="bbox 494 4110 2076 4183; baseline -0.005 -12"><span class='ocrx_word' id='word_1_365' title='bbox 494 4117 823 4171; x_wconf 85' lang='grc' dir='ltr'>σιωπώντων</span> <span class='ocrx_word' id='word_1_366' title='bbox 850 4112 1037 4168; x_wconf 85' lang='grc' dir='ltr'>ἀκούει</span> <span class='ocrx_word' id='word_1_367' title='bbox 1065 4114 1094 4166; x_wconf 88' lang='grc' dir='ltr'>ὁ</span> <span class='ocrx_word' id='word_1_368' title='bbox 1117 4112 1273 4176; x_wconf 83' lang='grc' dir='ltr'>Θεὸς,</span> <span class='ocrx_word' id='word_1_369' title='bbox 1298 4111 1389 4165; x_wconf 90' lang='grc' dir='ltr'>καί</span> <span class='ocrx_word' id='word_1_370' title='bbox 1416 4113 1521 4164; x_wconf 89' lang='grc' dir='ltr'>είσι</span> <span class='ocrx_word' id='word_1_371' title='bbox 1548 4111 1792 4183; x_wconf 74' lang='grc' dir='ltr'>κραυγαὶ</span> <span class='ocrx_word' id='word_1_372' title='bbox 1816 4111 1995 4182; x_wconf 82' lang='grc' dir='ltr'>ψυχῆς</span> <span class='ocrx_word' id='word_1_373' title='bbox 2015 4110 2076 4165; x_wconf 89' lang='grc' dir='ltr'>οὐ</span> 
     </span>
    </p>
   </div>
   <div class='ocr_carea' id='block_1_45' title="bbox 495 4205 2079 4281">
    <p class='ocr_par' dir='ltr' id='par_1_45' title="bbox 495 4205 2079 4281">
     <span class='ocr_line' id='line_1_45' title="bbox 495 4205 2079 4281; baseline -0.004 -16"><span class='ocrx_word' id='word_1_374' title='bbox 495 4211 580 4266; x_wconf 75' lang='grc' dir='ltr'>5ιά</span> <span class='ocrx_word' id='word_1_375' title='bbox 610 4209 853 4281; x_wconf 85' lang='grc' dir='ltr'>γλώττης</span> <span class='ocrx_word' id='word_1_376' title='bbox 886 4206 1293 4280; x_wconf 77' lang='grc' dir='ltr'>προφερόμεναι</span> <span class='ocrx_word' id='word_1_377' title='bbox 1312 4247 1326 4270; x_wconf 91' lang='grc'>,</span> <span class='ocrx_word' id='word_1_378' title='bbox 1358 4207 1582 4279; x_wconf 75' lang='grc' dir='ltr'>ἀρρήτῳ</span> <span class='ocrx_word' id='word_1_379' title='bbox 1605 4206 1662 4259; x_wconf 80' lang='grc' dir='ltr'>δὲ</span> <span class='ocrx_word' id='word_1_380' title='bbox 1688 4205 1917 4277; x_wconf 82' lang='grc' dir='ltr'>δυνάμει</span> <span class='ocrx_word' id='word_1_381' title='bbox 1943 4205 2079 4277; x_wconf 85' lang='grc' dir='ltr'>πρὸς</span> 
     </span>
    </p>
   </div>
   <div class='ocr_carea' id='block_1_46' title="bbox 498 4297 2080 4371">
    <p class='ocr_par' dir='ltr' id='par_1_46' title="bbox 498 4297 2080 4371">
     <span class='ocr_line' id='line_1_46' title="bbox 498 4297 2080 4371; baseline -0.003 -15"><span class='ocrx_word' id='word_1_382' title='bbox 498 4302 584 4356; x_wconf 82' lang='grc' dir='ltr'>τὸν</span> <span class='ocrx_word' id='word_1_383' title='bbox 603 4303 736 4357; x_wconf 89' lang='grc' dir='ltr'>Θεὸν</span> <span class='ocrx_word' id='word_1_384' title='bbox 763 4299 1243 4371; x_wconf 86' lang='grc' dir='ltr'>ἀναπεμπόμεναι.</span> <span class='ocrx_word' id='word_1_385' title='bbox 1281 4298 1392 4352; x_wconf 74' lang='grc' dir='ltr'>Καὶ</span> <span class='ocrx_word' id='word_1_386' title='bbox 1416 4297 1575 4352; x_wconf 90' lang='grc' dir='ltr'>τοῦτό</span> <span class='ocrx_word' id='word_1_387' title='bbox 1604 4300 1750 4352; x_wconf 86' lang='grc' dir='ltr'>ἐστιν</span> <span class='ocrx_word' id='word_1_388' title='bbox 1777 4298 1807 4352; x_wconf 80' lang='grc' dir='ltr'><strong>ὃ</strong></span> <span class='ocrx_word' id='word_1_389' title='bbox 1839 4297 2080 4364; x_wconf 77' lang='grc' dir='ltr'>ἐδίδαξεν</span> 
     </span>
    </p>
   </div>
   <div class='ocr_carea' id='block_1_47' title="bbox 496 4376 2080 4468">
    <p class='ocr_par' dir='ltr' id='par_1_47' title="bbox 496 4376 2080 4468">
     <span class='ocr_line' id='line_1_47' title="bbox 496 4376 2080 4468; baseline -0.006 -17"><span class='ocrx_word' id='word_1_390' title='bbox 496 4398 523 4451; x_wconf 73' lang='lat'><em>5</em></span> <span class='ocrx_word' id='word_1_391' title='bbox 539 4395 727 4468; x_wconf 83' lang='grc' dir='ltr'>Σωτὴρ</span> <span class='ocrx_word' id='word_1_392' title='bbox 749 4393 918 4447; x_wconf 89' lang='grc' dir='ltr'>είπών</span> <span class='ocrx_word' id='word_1_393' title='bbox 935 4411 949 4425; x_wconf 78' lang='grc' dir='ltr'><strong>ο</strong></span> <span class='ocrx_word' id='word_1_394' title='bbox 974 4412 991 4444; x_wconf 82' lang='grc' dir='ltr'>ι</span> <span class='ocrx_word' id='word_1_395' title='bbox 1003 4376 1225 4446; x_wconf 77' lang='grc' dir='ltr'>Εἰσελθε</span> <span class='ocrx_word' id='word_1_396' title='bbox 1253 4391 1333 4454; x_wconf 82' lang='grc' dir='ltr'>εἰς</span> <span class='ocrx_word' id='word_1_397' title='bbox 1347 4390 1408 4444; x_wconf 87' lang='grc' dir='ltr'>τὸ</span> <span class='ocrx_word' id='word_1_398' title='bbox 1426 4390 1671 4461; x_wconf 88' lang='grc' dir='ltr'>ταμιεῖόν</span> <span class='ocrx_word' id='word_1_399' title='bbox 1688 4408 1804 4454; x_wconf 89' lang='grc' dir='ltr'>σου,</span> <span class='ocrx_word' id='word_1_400' title='bbox 1822 4390 1917 4444; x_wconf 75' lang='grc' dir='ltr'>καὶ</span> <span class='ocrx_word' id='word_1_401' title='bbox 1936 4389 2080 4443; x_wconf 85' lang='grc' dir='ltr'>κλεῖ-</span> 
     </span>
    </p>
   </div>
   <div class='ocr_carea' id='block_1_48' title="bbox 498 4479 2078 4558">
    <p class='ocr_par' dir='ltr' id='par_1_48' title="bbox 498 4479 2078 4558">
     <span class='ocr_line' id='line_1_48' title="bbox 498 4479 2078 4558; baseline -0.005 -18"><span class='ocrx_word' id='word_1_402' title='bbox 498 4503 587 4541; x_wconf 78' lang='grc' dir='ltr'>σον</span> <span class='ocrx_word' id='word_1_403' title='bbox 608 4486 707 4558; x_wconf 83' lang='grc' dir='ltr'>τὴν</span> <span class='ocrx_word' id='word_1_404' title='bbox 736 4485 907 4555; x_wconf 83' lang='grc' dir='ltr'>θύραν</span> <span class='ocrx_word' id='word_1_405' title='bbox 937 4499 1031 4536; x_wconf 92' lang='grc' dir='ltr'>σου</span> <span class='ocrx_word' id='word_1_406' title='bbox 1050 4524 1064 4549; x_wconf 96' lang='grc'>,</span> <span class='ocrx_word' id='word_1_407' title='bbox 1096 4482 1192 4536; x_wconf 79' lang='grc' dir='ltr'>καὶ</span> <span class='ocrx_word' id='word_1_408' title='bbox 1224 4479 1520 4553; x_wconf 78' lang='grc' dir='ltr'>πρόσευξαι</span> <span class='ocrx_word' id='word_1_409' title='bbox 1546 4497 1560 4512; x_wconf 80' lang='grc' dir='ltr'><strong>ο</strong></span> <span class='ocrx_word' id='word_1_410' title='bbox 1586 4480 1683 4535; x_wconf 79' lang='grc' dir='ltr'>καὶ</span> <span class='ocrx_word' id='word_1_411' title='bbox 1713 4481 1743 4533; x_wconf 87' lang='grc' dir='ltr'><strong>ὁ</strong></span> <span class='ocrx_word' id='word_1_412' title='bbox 1770 4481 1958 4551; x_wconf 80' lang='grc' dir='ltr'>Πατήρ</span> <span class='ocrx_word' id='word_1_413' title='bbox 1983 4497 2078 4534; x_wconf 91' lang='grc' dir='ltr'>σου</span> 
     </span>
    </p>
   </div>
   <div class='ocr_carea' id='block_1_49' title="bbox 2178 607 3759 681">
    <p class='ocr_par' dir='ltr' id='par_1_49' title="bbox 2178 607 3759 681">
     <span class='ocr_line' id='line_1_49' title="bbox 2178 607 3759 681; baseline 0.003 -21"><span class='ocrx_word' id='word_1_414' title='bbox 2178 607 2267 664; x_wconf 87' lang='lat' dir='ltr'><strong>his</strong></span> <span class='ocrx_word' id='word_1_415' title='bbox 2294 618 2488 680; x_wconf 90' lang='lat' dir='ltr'><strong>gentes</strong></span> <span class='ocrx_word' id='word_1_416' title='bbox 2521 610 2963 681; x_wconf 81' lang='lat' dir='ltr'><strong>alloquebantur.</strong></span> <span class='ocrx_word' id='word_1_417' title='bbox 3010 607 3171 665; x_wconf 80' lang='lat' dir='ltr'><strong>Nunc</strong></span> <span class='ocrx_word' id='word_1_418' title='bbox 3200 607 3372 680; x_wconf 82' lang='lat' dir='ltr'><strong>igitur</strong></span> <span class='ocrx_word' id='word_1_419' title='bbox 3400 609 3505 679; x_wconf 84' lang='lat' dir='ltr'><strong>ipsi</strong></span> <span class='ocrx_word' id='word_1_420' title='bbox 3538 608 3759 665; x_wconf 86' lang='lat' dir='ltr'><strong>eosdem</strong></span> 
     </span>
    </p>
   </div>
   <div class='ocr_carea' id='block_1_50' title="bbox 2176 699 3761 771">
    <p class='ocr_par' dir='ltr' id='par_1_50' title="bbox 2176 699 3761 771">
     <span class='ocr_line' id='line_1_50' title="bbox 2176 699 3761 771; baseline 0.001 -16"><span class='ocrx_word' id='word_1_421' title='bbox 2176 701 2511 771; x_wconf 69' lang='lat' dir='ltr'>compellant</span> <span class='ocrx_word' id='word_1_422' title='bbox 2544 701 2630 758; x_wconf 89' lang='lat' dir='ltr'>bis</span> <span class='ocrx_word' id='word_1_423' title='bbox 2653 702 2833 758; x_wconf 83' lang='lat' dir='ltr'>verbis</span> <span class='ocrx_word' id='word_1_424' title='bbox 2864 720 2879 756; x_wconf 89' lang='lat'><strong>:</strong></span> <span class='ocrx_word' id='word_1_425' title='bbox 2915 721 2935 754; x_wconf 83' lang='grc' dir='ltr'>ι</span> <span class='ocrx_word' id='word_1_426' title='bbox 2958 699 3178 766; x_wconf 77' lang='lat' dir='ltr'><strong>Venite,</strong></span> <span class='ocrx_word' id='word_1_427' title='bbox 3194 708 3252 757; x_wconf 90' lang='lat' dir='ltr'><strong>et</strong></span> <span class='ocrx_word' id='word_1_428' title='bbox 3303 699 3509 765; x_wconf 88' lang='lat' dir='ltr'><strong>audite,</strong></span> <span class='ocrx_word' id='word_1_429' title='bbox 3544 710 3599 756; x_wconf 88' lang='lat' dir='ltr'>et</span> <span class='ocrx_word' id='word_1_430' title='bbox 3630 716 3761 757; x_wconf 77' lang='lat' dir='ltr'><strong>nar-</strong></span> 
     </span>
    </p>
   </div>
   <div class='ocr_carea' id='block_1_51' title="bbox 2177 791 3762 859">
    <p class='ocr_par' dir='ltr' id='par_1_51' title="bbox 2177 791 3762 859">
     <span class='ocr_line' id='line_1_51' title="bbox 2177 791 3762 859; baseline 0.003 -14"><span class='ocrx_word' id='word_1_431' title='bbox 2177 792 2333 846; x_wconf 85' lang='lat' dir='ltr'><strong>rabo.</strong></span> <span class='ocrx_word' id='word_1_432' title='bbox 2368 812 2388 845; x_wconf 88' lang='lat'>»</span> <span class='ocrx_word' id='word_1_433' title='bbox 2433 792 2690 859; x_wconf 83' lang='lat' dir='ltr'><strong>Quinam,</strong></span> <span class='ocrx_word' id='word_1_434' title='bbox 2724 794 2945 850; x_wconf 79' lang='lat' dir='ltr'><strong>venite?</strong></span> <span class='ocrx_word' id='word_1_435' title='bbox 2998 793 3197 851; x_wconf 89' lang='lat' dir='ltr'><strong>deinde</strong></span> <span class='ocrx_word' id='word_1_436' title='bbox 3261 793 3426 850; x_wconf 79' lang='lat' dir='ltr'><strong>infert</strong></span> <span class='ocrx_word' id='word_1_437' title='bbox 3460 812 3475 849; x_wconf 93' lang='lat'>:</span> <span class='ocrx_word' id='word_1_438' title='bbox 3509 811 3529 845; x_wconf 77' lang='lat'><strong>¢</strong></span> <span class='ocrx_word' id='word_1_439' title='bbox 3554 791 3762 849; x_wconf 83' lang='lat' dir='ltr'><strong>Omnes</strong></span> 
     </span>
    </p>
   </div>
   <div class='ocr_carea' id='block_1_52' title="bbox 2176 883 3761 959">
    <p class='ocr_par' dir='ltr' id='par_1_52' title="bbox 2176 883 3761 959">
     <span class='ocr_line' id='line_1_52' title="bbox 2176 883 3761 959; baseline 0.003 -22"><span class='ocrx_word' id='word_1_440' title='bbox 2176 883 2276 955; x_wconf 88' lang='lat' dir='ltr'>qui</span> <span class='ocrx_word' id='word_1_441' title='bbox 2306 884 2513 939; x_wconf 75' lang='lat' dir='ltr'>timetis</span> <span class='ocrx_word' id='word_1_442' title='bbox 2541 884 2740 941; x_wconf 89' lang='lat' dir='ltr'><strong>Deum:</strong></span> <span class='ocrx_word' id='word_1_443' title='bbox 2778 906 2797 938; x_wconf 90' lang='lat'>»</span> <span class='ocrx_word' id='word_1_444' title='bbox 2830 902 2973 957; x_wconf 92' lang='lat' dir='ltr'><strong>quos</strong></span> <span class='ocrx_word' id='word_1_445' title='bbox 3002 902 3172 959; x_wconf 86' lang='lat' dir='ltr'><strong>supra</strong></span> <span class='ocrx_word' id='word_1_446' title='bbox 3200 886 3364 942; x_wconf 92' lang='lat' dir='ltr'><strong>modo</strong></span> <span class='ocrx_word' id='word_1_447' title='bbox 3396 901 3613 942; x_wconf 89' lang='lat' dir='ltr'><strong>omnem</strong></span> <span class='ocrx_word' id='word_1_448' title='bbox 3645 897 3761 943; x_wconf 91' lang='lat' dir='ltr'><strong>ter-</strong></span> 
     </span>
    </p>
   </div>
   <div class='ocr_carea' id='block_1_53' title="bbox 2179 979 3758 1051">
    <p class='ocr_par' dir='ltr' id='par_1_53' title="bbox 2179 979 3758 1051">
     <span class='ocr_line' id='line_1_53' title="bbox 2179 979 3758 1051; baseline 0.003 -22"><span class='ocrx_word' id='word_1_449' title='bbox 2179 990 2297 1030; x_wconf 88' lang='lat' dir='ltr'>ram</span> <span class='ocrx_word' id='word_1_450' title='bbox 2334 989 2812 1048; x_wconf 89' lang='lat' dir='ltr'><strong>nuncupaverant,</strong></span> <span class='ocrx_word' id='word_1_451' title='bbox 2844 980 3008 1034; x_wconf 90' lang='lat' dir='ltr'><strong>modo</strong></span> <span class='ocrx_word' id='word_1_452' title='bbox 3034 992 3228 1035; x_wconf 86' lang='lat' dir='ltr'><strong>omnes</strong></span> <span class='ocrx_word' id='word_1_453' title='bbox 3258 986 3471 1051; x_wconf 88' lang='lat' dir='ltr'><strong>gentes.</strong></span> <span class='ocrx_word' id='word_1_454' title='bbox 3521 979 3758 1036; x_wconf 87' lang='lat' dir='ltr'><strong>Eosdem</strong></span> 
     </span>
    </p>
   </div>
   <div class='ocr_carea' id='block_1_54' title="bbox 2177 1069 3759 1141">
    <p class='ocr_par' dir='ltr' id='par_1_54' title="bbox 2177 1069 3759 1141">
     <span class='ocr_line' id='line_1_54' title="bbox 2177 1069 3759 1141; baseline 0.003 -20"><span class='ocrx_word' id='word_1_455' title='bbox 2177 1069 2325 1122; x_wconf 89' lang='lat' dir='ltr'><strong>enim</strong></span> <span class='ocrx_word' id='word_1_456' title='bbox 2376 1069 2431 1123; x_wconf 91' lang='lat' dir='ltr'><strong>in</strong></span> <span class='ocrx_word' id='word_1_457' title='bbox 2481 1071 2741 1141; x_wconf 64' lang='lat' dir='ltr'><strong>praesenti</strong></span> <span class='ocrx_word' id='word_1_458' title='bbox 2772 1070 3079 1135; x_wconf 88' lang='lat' dir='ltr'><strong>declarant,</strong></span> <span class='ocrx_word' id='word_1_459' title='bbox 3128 1088 3253 1127; x_wconf 88' lang='lat' dir='ltr'>cum</span> <span class='ocrx_word' id='word_1_460' title='bbox 3289 1072 3545 1128; x_wconf 85' lang='lat' dir='ltr'><strong>timentes</strong></span> <span class='ocrx_word' id='word_1_461' title='bbox 3588 1071 3759 1127; x_wconf 91' lang='lat' dir='ltr'><strong>Deum</strong></span> 
     </span>
    </p>
   </div>
   <div class='ocr_carea' id='block_1_55' title="bbox 2177 1162 3756 1235">
    <p class='ocr_par' dir='ltr' id='par_1_55' title="bbox 2177 1162 3756 1235">
     <span class='ocr_line' id='line_1_55' title="bbox 2177 1162 3756 1235; baseline 0.004 -20"><span class='ocrx_word' id='word_1_462' title='bbox 2177 1163 2526 1233; x_wconf 79' lang='lat' dir='ltr'><strong>compellant.</strong></span> <span class='ocrx_word' id='word_1_463' title='bbox 2579 1162 2911 1235; x_wconf 88' lang='lat' dir='ltr'><strong>Plerumque</strong></span> <span class='ocrx_word' id='word_1_464' title='bbox 2945 1166 3005 1220; x_wconf 88' lang='lat' dir='ltr'>in</span> <span class='ocrx_word' id='word_1_465' title='bbox 3035 1165 3160 1220; x_wconf 88' lang='lat' dir='ltr'><strong>aliis</strong></span> <span class='ocrx_word' id='word_1_466' title='bbox 3180 1167 3756 1231; x_wconf 84' lang='lat' dir='ltr'><strong>commonstravimus,</strong></span> 
     </span>
    </p>
   </div>
   <div class='ocr_carea' id='block_1_56' title="bbox 2174 1254 3757 1328">
    <p class='ocr_par' dir='ltr' id='par_1_56' title="bbox 2174 1254 3757 1328">
     <span class='ocr_line' id='line_1_56' title="bbox 2174 1254 3757 1328; baseline 0.004 -21"><span class='ocrx_word' id='word_1_467' title='bbox 2174 1268 2271 1308; x_wconf 90' lang='lat' dir='ltr'>eos</span> <span class='ocrx_word' id='word_1_468' title='bbox 2292 1269 2359 1308; x_wconf 85' lang='lat' dir='ltr'><strong>ex</strong></span> <span class='ocrx_word' id='word_1_469' title='bbox 2390 1254 2648 1325; x_wconf 76' lang='lat' dir='ltr'>gentibus</span> <span class='ocrx_word' id='word_1_470' title='bbox 2668 1257 2764 1327; x_wconf 91' lang='lat' dir='ltr'><strong>qui</strong></span> <span class='ocrx_word' id='word_1_471' title='bbox 2790 1257 2937 1327; x_wconf 83' lang='lat' dir='ltr'><strong>piam</strong></span> <span class='ocrx_word' id='word_1_472' title='bbox 2967 1257 3158 1313; x_wconf 90' lang='lat' dir='ltr'><strong>colunt</strong></span> <span class='ocrx_word' id='word_1_473' title='bbox 3186 1257 3527 1328; x_wconf 76' lang='lat' dir='ltr'><strong>religionem,</strong></span> <span class='ocrx_word' id='word_1_474' title='bbox 3560 1258 3757 1314; x_wconf 89' lang='lat' dir='ltr'><strong>timen-</strong></span> 
     </span>
    </p>
   </div>
   <div class='ocr_carea' id='block_1_57' title="bbox 2175 1345 3759 1421">
    <p class='ocr_par' dir='ltr' id='par_1_57' title="bbox 2175 1345 3759 1421">
     <span class='ocr_line' id='line_1_57' title="bbox 2175 1345 3759 1421; baseline 0.003 -19"><span class='ocrx_word' id='word_1_475' title='bbox 2175 1353 2260 1402; x_wconf 89' lang='lat' dir='ltr'>tes</span> <span class='ocrx_word' id='word_1_476' title='bbox 2293 1345 2585 1403; x_wconf 92' lang='lat' dir='ltr'><strong>Dominum</strong></span> <span class='ocrx_word' id='word_1_477' title='bbox 2643 1349 2983 1421; x_wconf 90' lang='lat' dir='ltr'><strong>Scripturam</strong></span> <span class='ocrx_word' id='word_1_478' title='bbox 3038 1350 3313 1421; x_wconf 89' lang='lat' dir='ltr'><strong>appellare</strong></span> <span class='ocrx_word' id='word_1_479' title='bbox 3368 1351 3565 1406; x_wconf 90' lang='lat' dir='ltr'><strong>solere.</strong></span> <span class='ocrx_word' id='word_1_480' title='bbox 3619 1349 3759 1418; x_wconf 86' lang='lat' dir='ltr'><strong>Quo-</strong></span> 
     </span>
    </p>
   </div>
   <div class='ocr_carea' id='block_1_58' title="bbox 2175 1440 3760 1514">
    <p class='ocr_par' dir='ltr' id='par_1_58' title="bbox 2175 1440 3760 1514">
     <span class='ocr_line' id='line_1_58' title="bbox 2175 1440 3760 1514; baseline 0.002 -20"><span class='ocrx_word' id='word_1_481' title='bbox 2175 1440 2325 1494; x_wconf 89' lang='lat' dir='ltr'><strong>niam</strong></span> <span class='ocrx_word' id='word_1_482' title='bbox 2388 1440 2559 1511; x_wconf 89' lang='lat' dir='ltr'><strong>igitur</strong></span> <span class='ocrx_word' id='word_1_483' title='bbox 2621 1444 2942 1512; x_wconf 65' lang='lat' dir='ltr'><strong>praedicatio</strong></span> <span class='ocrx_word' id='word_1_484' title='bbox 2995 1444 3310 1514; x_wconf 87' lang='lat' dir='ltr'><strong>evangelica</strong></span> <span class='ocrx_word' id='word_1_485' title='bbox 3359 1444 3760 1499; x_wconf 86' lang='lat' dir='ltr'><strong>commentario</strong></span> 
     </span>
    </p>
   </div>
   <div class='ocr_carea' id='block_1_59' title="bbox 2174 1532 3755 1603">
    <p class='ocr_par' dir='ltr' id='par_1_59' title="bbox 2174 1532 3755 1603">
     <span class='ocr_line' id='line_1_59' title="bbox 2174 1532 3755 1603; baseline 0.003 -19"><span class='ocrx_word' id='word_1_486' title='bbox 2174 1539 2317 1601; x_wconf 84' lang='lat' dir='ltr'><strong>eget,</strong></span> <span class='ocrx_word' id='word_1_487' title='bbox 2365 1546 2425 1586; x_wconf 92' lang='lat' dir='ltr'>se</span> <span class='ocrx_word' id='word_1_488' title='bbox 2459 1532 2580 1602; x_wconf 84' lang='lat' dir='ltr'><strong>ejus</strong></span> <span class='ocrx_word' id='word_1_489' title='bbox 2616 1534 3130 1603; x_wconf 79' lang='lat' dir='ltr'><strong>interpretationem</strong></span> <span class='ocrx_word' id='word_1_490' title='bbox 3181 1532 3482 1588; x_wconf 84' lang='lat' dir='ltr'><strong>tradituros</strong></span> <span class='ocrx_word' id='word_1_491' title='bbox 3508 1548 3755 1589; x_wconf 84' lang='lat' dir='ltr'><strong>necessa-</strong></span> 
     </span>
    </p>
   </div>
   <div class='ocr_carea' id='block_1_60' title="bbox 2174 1625 3755 1698">
    <p class='ocr_par' dir='ltr' id='par_1_60' title="bbox 2174 1625 3755 1698">
     <span class='ocr_line' id='line_1_60' title="bbox 2174 1625 3755 1698; baseline 0.002 -20"><span class='ocrx_word' id='word_1_492' title='bbox 2174 1625 2261 1679; x_wconf 92' lang='lat' dir='ltr'>rio</span> <span class='ocrx_word' id='word_1_493' title='bbox 2311 1626 2568 1697; x_wconf 78' lang='lat' dir='ltr'><strong>gentibus</strong></span> <span class='ocrx_word' id='word_1_494' title='bbox 2624 1628 2976 1698; x_wconf 89' lang='lat' dir='ltr'><strong>pollicentur,</strong></span> <span class='ocrx_word' id='word_1_495' title='bbox 3011 1627 3262 1683; x_wconf 83' lang='lat' dir='ltr'><strong>dicentes</strong></span> <span class='ocrx_word' id='word_1_496' title='bbox 3297 1646 3311 1682; x_wconf 89' lang='lat'><strong>:</strong></span> <span class='ocrx_word' id='word_1_497' title='bbox 3345 1645 3363 1678; x_wconf 79' lang='grc' dir='ltr'>ι</span> <span class='ocrx_word' id='word_1_498' title='bbox 3394 1625 3605 1692; x_wconf 83' lang='lat' dir='ltr'><strong>Venite,</strong></span> <span class='ocrx_word' id='word_1_499' title='bbox 3652 1642 3755 1681; x_wconf 89' lang='lat' dir='ltr'><strong>an-</strong></span> 
     </span>
    </p>
   </div>
   <div class='ocr_carea' id='block_1_61' title="bbox 2174 1717 3760 1790">
    <p class='ocr_par' dir='ltr' id='par_1_61' title="bbox 2174 1717 3760 1790">
     <span class='ocr_line' id='line_1_61' title="bbox 2174 1717 3760 1790; baseline 0 -17"><span class='ocrx_word' id='word_1_500' title='bbox 2174 1717 2307 1781; x_wconf 88' lang='lat' dir='ltr'><strong>dite,</strong></span> <span class='ocrx_word' id='word_1_501' title='bbox 2344 1726 2399 1773; x_wconf 91' lang='lat' dir='ltr'>et</span> <span class='ocrx_word' id='word_1_502' title='bbox 2446 1720 2742 1773; x_wconf 89' lang='lat' dir='ltr'><strong>narrabo.»</strong></span> <span class='ocrx_word' id='word_1_503' title='bbox 2786 1718 2912 1774; x_wconf 65' lang='lat' dir='ltr'><strong>Haec</strong></span> <span class='ocrx_word' id='word_1_504' title='bbox 2935 1734 3104 1789; x_wconf 92' lang='lat' dir='ltr'><strong>porro</strong></span> <span class='ocrx_word' id='word_1_505' title='bbox 3160 1719 3320 1790; x_wconf 88' lang='lat' dir='ltr'><strong>quasi</strong></span> <span class='ocrx_word' id='word_1_506' title='bbox 3374 1735 3443 1774; x_wconf 80' lang='lat' dir='ltr'>ex</span> <span class='ocrx_word' id='word_1_507' title='bbox 3490 1734 3603 1775; x_wconf 91' lang='lat' dir='ltr'>uno</span> <span class='ocrx_word' id='word_1_508' title='bbox 3660 1734 3760 1773; x_wconf 88' lang='lat' dir='ltr'>ore</span> 
     </span>
    </p>
   </div>
   <div class='ocr_carea' id='block_1_62' title="bbox 2175 1810 3760 1883">
    <p class='ocr_par' dir='ltr' id='par_1_62' title="bbox 2175 1810 3760 1883">
     <span class='ocr_line' id='line_1_62' title="bbox 2175 1810 3760 1883; baseline 0 -18"><span class='ocrx_word' id='word_1_509' title='bbox 2175 1810 2465 1882; x_wconf 81' lang='lat' dir='ltr'><strong>proferunt</strong></span> <span class='ocrx_word' id='word_1_510' title='bbox 2489 1819 2716 1883; x_wconf 89' lang='lat' dir='ltr'><strong>propter</strong></span> <span class='ocrx_word' id='word_1_511' title='bbox 2730 1812 3262 1868; x_wconf 88' lang='lat' dir='ltr'><strong>consummationem</strong></span> <span class='ocrx_word' id='word_1_512' title='bbox 3286 1831 3299 1867; x_wconf 93' lang='lat'>:</span> <span class='ocrx_word' id='word_1_513' title='bbox 3329 1827 3524 1868; x_wconf 89' lang='lat' dir='ltr'><strong>omnes</strong></span> <span class='ocrx_word' id='word_1_514' title='bbox 3551 1810 3760 1882; x_wconf 85' lang='lat' dir='ltr'><strong>quippe</strong></span> 
     </span>
    </p>
   </div>
   <div class='ocr_carea' id='block_1_63' title="bbox 2173 1901 3758 1960">
    <p class='ocr_par' dir='ltr' id='par_1_63' title="bbox 2173 1901 3758 1960">
     <span class='ocr_line' id='line_1_63' title="bbox 2173 1901 3758 1960; baseline -0.001 -3"><span class='ocrx_word' id='word_1_515' title='bbox 2173 1903 2228 1957; x_wconf 91' lang='lat' dir='ltr'>in</span> <span class='ocrx_word' id='word_1_516' title='bbox 2255 1903 2484 1959; x_wconf 88' lang='lat' dir='ltr'><strong>Christo</strong></span> <span class='ocrx_word' id='word_1_517' title='bbox 2511 1904 2883 1959; x_wconf 89' lang='lat' dir='ltr'><strong>consummati</strong></span> <span class='ocrx_word' id='word_1_518' title='bbox 2912 1919 3083 1958; x_wconf 88' lang='lat' dir='ltr'><strong>unum</strong></span> <span class='ocrx_word' id='word_1_519' title='bbox 3131 1902 3311 1959; x_wconf 74' lang='lat' dir='ltr'><strong>effecti</strong></span> <span class='ocrx_word' id='word_1_520' title='bbox 3345 1911 3498 1960; x_wconf 92' lang='lat' dir='ltr'><strong>sunt.</strong></span> <span class='ocrx_word' id='word_1_521' title='bbox 3556 1901 3623 1956; x_wconf 85' lang='lat' dir='ltr'>Et</span> <span class='ocrx_word' id='word_1_522' title='bbox 3651 1902 3758 1957; x_wconf 92' lang='lat' dir='ltr'><strong>hoc</strong></span> 
     </span>
    </p>
   </div>
   <div class='ocr_carea' id='block_1_64' title="bbox 2175 1994 3758 2067">
    <p class='ocr_par' dir='ltr' id='par_1_64' title="bbox 2175 1994 3758 2067">
     <span class='ocr_line' id='line_1_64' title="bbox 2175 1994 3758 2067; baseline -0.001 -17"><span class='ocrx_word' id='word_1_523' title='bbox 2175 1994 2416 2067; x_wconf 82' lang='lat' dir='ltr'><strong>Spiritus</strong></span> <span class='ocrx_word' id='word_1_524' title='bbox 2469 2002 2697 2052; x_wconf 87' lang='lat' dir='ltr'><strong>sanctus</strong></span> <span class='ocrx_word' id='word_1_525' title='bbox 2734 1996 2894 2067; x_wconf 86' lang='lat' dir='ltr'><strong>quasi</strong></span> <span class='ocrx_word' id='word_1_526' title='bbox 2944 2011 3011 2051; x_wconf 79' lang='lat' dir='ltr'><strong>ex</strong></span> <span class='ocrx_word' id='word_1_527' title='bbox 3068 2010 3179 2051; x_wconf 90' lang='lat' dir='ltr'><strong>uno</strong></span> <span class='ocrx_word' id='word_1_528' title='bbox 3225 1997 3534 2067; x_wconf 90' lang='lat' dir='ltr'><strong>apostolico</strong></span> <span class='ocrx_word' id='word_1_529' title='bbox 3585 1996 3758 2050; x_wconf 88' lang='lat' dir='ltr'><strong>choro</strong></span> 
     </span>
    </p>
   </div>
   <div class='ocr_carea' id='block_1_65' title="bbox 2172 2086 3760 2159">
    <p class='ocr_par' dir='ltr' id='par_1_65' title="bbox 2172 2086 3760 2159">
     <span class='ocr_line' id='line_1_65' title="bbox 2172 2086 3760 2159; baseline 0.001 -19"><span class='ocrx_word' id='word_1_530' title='bbox 2172 2086 2429 2157; x_wconf 88' lang='lat' dir='ltr'><strong>gentibus</strong></span> <span class='ocrx_word' id='word_1_531' title='bbox 2454 2087 2689 2159; x_wconf 90' lang='lat' dir='ltr'><strong>loquens</strong></span> <span class='ocrx_word' id='word_1_532' title='bbox 2717 2087 3097 2155; x_wconf 81' lang='lat' dir='ltr'><strong>vaticinatur;</strong></span> <span class='ocrx_word' id='word_1_533' title='bbox 3145 2102 3210 2143; x_wconf 87' lang='lat' dir='ltr'>ac</span> <span class='ocrx_word' id='word_1_534' title='bbox 3242 2088 3532 2159; x_wconf 90' lang='lat' dir='ltr'><strong>pollicetur</strong></span> <span class='ocrx_word' id='word_1_535' title='bbox 3561 2102 3623 2143; x_wconf 82' lang='lat' dir='ltr'>se</span> <span class='ocrx_word' id='word_1_536' title='bbox 3661 2087 3760 2142; x_wconf 88' lang='lat' dir='ltr'><strong>de-</strong></span> 
     </span>
    </p>
   </div>
   <div class='ocr_carea' id='block_1_66' title="bbox 2174 2179 3755 2251">
    <p class='ocr_par' dir='ltr' id='par_1_66' title="bbox 2174 2179 3755 2251">
     <span class='ocr_line' id='line_1_66' title="bbox 2174 2179 3755 2251; baseline 0.001 -18"><span class='ocrx_word' id='word_1_537' title='bbox 2174 2179 2514 2234; x_wconf 84' lang='lat' dir='ltr'><strong>claratnrnm</strong></span> <span class='ocrx_word' id='word_1_538' title='bbox 2563 2187 2773 2251; x_wconf 89' lang='lat' dir='ltr'><strong>quanta</strong></span> <span class='ocrx_word' id='word_1_539' title='bbox 2827 2180 3020 2236; x_wconf 81' lang='lat' dir='ltr'><strong>fecerit</strong></span> <span class='ocrx_word' id='word_1_540' title='bbox 3062 2179 3208 2236; x_wconf 83' lang='lat' dir='ltr'><strong>Deus</strong></span> <span class='ocrx_word' id='word_1_541' title='bbox 3248 2180 3447 2235; x_wconf 65' lang='lat' dir='ltr'><strong>anima:</strong></span> <span class='ocrx_word' id='word_1_542' title='bbox 3486 2180 3755 2250; x_wconf 88' lang='lat' dir='ltr'><strong>ipsorum.</strong></span> 
     </span>
    </p>
   </div>
   <div class='ocr_carea' id='block_1_67' title="bbox 2172 2268 3759 2340">
    <p class='ocr_par' dir='ltr' id='par_1_67' title="bbox 2172 2268 3759 2340">
     <span class='ocr_line' id='line_1_67' title="bbox 2172 2268 3759 2340; baseline 0 -16"><span class='ocrx_word' id='word_1_543' title='bbox 2172 2268 2314 2324; x_wconf 91' lang='lat' dir='ltr'><strong>Olim</strong></span> <span class='ocrx_word' id='word_1_544' title='bbox 2344 2270 2571 2340; x_wconf 86' lang='lat' dir='ltr'><strong>quidem</strong></span> <span class='ocrx_word' id='word_1_545' title='bbox 2602 2286 2615 2322; x_wconf 92' lang='lat'>:</span> <span class='ocrx_word' id='word_1_546' title='bbox 2651 2269 2929 2335; x_wconf 89' lang='lat' dir='ltr'><strong>dicebant,</strong></span> <span class='ocrx_word' id='word_1_547' title='bbox 2972 2288 2989 2320; x_wconf 80' lang='grc' dir='ltr'>ι</span> <span class='ocrx_word' id='word_1_548' title='bbox 3015 2268 3212 2326; x_wconf 80' lang='lat' dir='ltr'><strong>Venite</strong></span> <span class='ocrx_word' id='word_1_549' title='bbox 3243 2278 3299 2325; x_wconf 91' lang='lat' dir='ltr'>et</span> <span class='ocrx_word' id='word_1_550' title='bbox 3354 2271 3536 2326; x_wconf 79' lang='lat' dir='ltr'><strong>videte</strong></span> <span class='ocrx_word' id='word_1_551' title='bbox 3591 2285 3759 2340; x_wconf 88' lang='lat' dir='ltr'><strong>opera</strong></span> 
     </span>
    </p>
   </div>
   <div class='ocr_carea' id='block_1_68' title="bbox 2176 2362 3761 2433">
    <p class='ocr_par' dir='ltr' id='par_1_68' title="bbox 2176 2362 3761 2433">
     <span class='ocr_line' id='line_1_68' title="bbox 2176 2362 3761 2433; baseline 0 -18"><span class='ocrx_word' id='word_1_552' title='bbox 2176 2362 2291 2426; x_wconf 86' lang='lat' dir='ltr'><strong>Dei,</strong></span> <span class='ocrx_word' id='word_1_553' title='bbox 2323 2364 2417 2433; x_wconf 92' lang='lat' dir='ltr'><strong>qui</strong></span> <span class='ocrx_word' id='word_1_554' title='bbox 2456 2362 2755 2433; x_wconf 88' lang='lat' dir='ltr'><strong>aliquando</strong></span> <span class='ocrx_word' id='word_1_555' title='bbox 2806 2364 3077 2417; x_wconf 83' lang='lat' dir='ltr'><strong>convertit</strong></span> <span class='ocrx_word' id='word_1_556' title='bbox 3118 2379 3271 2419; x_wconf 87' lang='lat' dir='ltr'><strong>mare</strong></span> <span class='ocrx_word' id='word_1_557' title='bbox 3308 2363 3365 2417; x_wconf 93' lang='lat' dir='ltr'>in</span> <span class='ocrx_word' id='word_1_558' title='bbox 3412 2363 3646 2426; x_wconf 86' lang='lat' dir='ltr'><strong>aridam,</strong></span> <span class='ocrx_word' id='word_1_559' title='bbox 3704 2370 3761 2418; x_wconf 91' lang='lat' dir='ltr'><strong>et</strong></span> 
     </span>
    </p>
   </div>
   <div class='ocr_carea' id='block_1_69' title="bbox 2174 2438 3761 2528">
    <p class='ocr_par' dir='ltr' id='par_1_69' title="bbox 2174 2438 3761 2528">
     <span class='ocr_line' id='line_1_69' title="bbox 2174 2438 3761 2528; baseline 0 -17"><span class='ocrx_word' id='word_1_560' title='bbox 2174 2459 2231 2512; x_wconf 90' lang='lat' dir='ltr'><strong>in</strong></span> <span class='ocrx_word' id='word_1_561' title='bbox 2261 2457 2485 2513; x_wconf 82' lang='lat' dir='ltr'><strong>ﬂumine</strong></span> <span class='ocrx_word' id='word_1_562' title='bbox 2516 2458 2960 2528; x_wconf 82' lang='lat' dir='ltr'><strong>pertransierunt</strong></span> <span class='ocrx_word' id='word_1_563' title='bbox 2981 2458 3137 2528; x_wconf 91' lang='lat' dir='ltr'><strong>pede.</strong></span> <span class='ocrx_word' id='word_1_564' title='bbox 3192 2477 3212 2511; x_wconf 92' lang='lat'>»</span> <span class='ocrx_word' id='word_1_565' title='bbox 3238 2456 3396 2513; x_wconf 84' lang='lat' dir='ltr'><strong>Nunc</strong></span> <span class='ocrx_word' id='word_1_566' title='bbox 3431 2438 3614 2512; x_wconf 83' lang='lat' dir='ltr'><strong>autem</strong></span> <span class='ocrx_word' id='word_1_567' title='bbox 3650 2471 3761 2511; x_wconf 83' lang='lat' dir='ltr'><strong>non</strong></span> 
     </span>
    </p>
   </div>
   <div class='ocr_carea' id='block_1_70' title="bbox 2174 2549 3758 2621">
    <p class='ocr_par' dir='ltr' id='par_1_70' title="bbox 2174 2549 3758 2621">
     <span class='ocr_line' id='line_1_70' title="bbox 2174 2549 3758 2621; baseline -0.001 -17"><span class='ocrx_word' id='word_1_568' title='bbox 2174 2558 2357 2605; x_wconf 86' lang='lat' dir='ltr'><strong>vetera</strong></span> <span class='ocrx_word' id='word_1_569' title='bbox 2382 2549 2639 2617; x_wconf 90' lang='lat' dir='ltr'><strong>ulterius,</strong></span> <span class='ocrx_word' id='word_1_570' title='bbox 2671 2551 2767 2607; x_wconf 86' lang='lat' dir='ltr'>sed</span> <span class='ocrx_word' id='word_1_571' title='bbox 2811 2566 2875 2607; x_wconf 91' lang='lat' dir='ltr'>ea</span> <span class='ocrx_word' id='word_1_572' title='bbox 2906 2566 3030 2621; x_wconf 65' lang='lat' dir='ltr'><strong>qua:</strong></span> <span class='ocrx_word' id='word_1_573' title='bbox 3057 2564 3255 2605; x_wconf 90' lang='lat' dir='ltr'><strong>novam</strong></span> <span class='ocrx_word' id='word_1_574' title='bbox 3293 2558 3545 2619; x_wconf 89' lang='lat' dir='ltr'><strong>spectant</strong></span> <span class='ocrx_word' id='word_1_575' title='bbox 3583 2549 3758 2604; x_wconf 87' lang='lat' dir='ltr'><strong>histo-</strong></span> 
     </span>
    </p>
   </div>
   <div class='ocr_carea' id='block_1_71' title="bbox 2174 2639 3763 2714">
    <p class='ocr_par' dir='ltr' id='par_1_71' title="bbox 2174 2639 3763 2714">
     <span class='ocr_line' id='line_1_71' title="bbox 2174 2639 3763 2714; baseline -0.003 -16"><span class='ocrx_word' id='word_1_576' title='bbox 2174 2644 2315 2698; x_wconf 88' lang='lat' dir='ltr'><strong>riam</strong></span> <span class='ocrx_word' id='word_1_577' title='bbox 2362 2642 2609 2708; x_wconf 87' lang='lat' dir='ltr'><strong>tradunt,</strong></span> <span class='ocrx_word' id='word_1_578' title='bbox 2652 2651 2805 2714; x_wconf 88' lang='lat' dir='ltr'><strong>gesta</strong></span> <span class='ocrx_word' id='word_1_579' title='bbox 2839 2658 2961 2708; x_wconf 89' lang='lat' dir='ltr'><strong>sua,</strong></span> <span class='ocrx_word' id='word_1_580' title='bbox 3012 2657 3231 2697; x_wconf 90' lang='lat' dir='ltr'><strong>necnon</strong></span> <span class='ocrx_word' id='word_1_581' title='bbox 3275 2655 3305 2694; x_wconf 91' lang='lat' dir='ltr'><strong>a</strong></span> <span class='ocrx_word' id='word_1_582' title='bbox 3337 2639 3450 2696; x_wconf 91' lang='lat' dir='ltr'><strong>Deo</strong></span> <span class='ocrx_word' id='word_1_583' title='bbox 3502 2640 3608 2695; x_wconf 88' lang='lat' dir='ltr'><strong>sibi</strong></span> <span class='ocrx_word' id='word_1_584' title='bbox 3646 2640 3763 2695; x_wconf 87' lang='lat' dir='ltr'><strong>eol-</strong></span> 
     </span>
    </p>
   </div>
   <div class='ocr_carea' id='block_1_72' title="bbox 2176 2728 3763 2799">
    <p class='ocr_par' dir='ltr' id='par_1_72' title="bbox 2176 2728 3763 2799">
     <span class='ocr_line' id='line_1_72' title="bbox 2176 2728 3763 2799; baseline -0.001 -13"><span class='ocrx_word' id='word_1_585' title='bbox 2176 2733 2284 2786; x_wconf 89' lang='lat' dir='ltr'><strong>lata</strong></span> <span class='ocrx_word' id='word_1_586' title='bbox 2348 2731 2614 2788; x_wconf 83' lang='lat' dir='ltr'><strong>beneficia</strong></span> <span class='ocrx_word' id='word_1_587' title='bbox 2651 2740 2965 2788; x_wconf 88' lang='lat' dir='ltr'><strong>narrantes.</strong></span> <span class='ocrx_word' id='word_1_588' title='bbox 2990 2730 3173 2799; x_wconf 85' lang='lat' dir='ltr'><strong>Quare</strong></span> <span class='ocrx_word' id='word_1_589' title='bbox 3206 2731 3399 2785; x_wconf 91' lang='lat' dir='ltr'><strong>dicunt</strong></span> <span class='ocrx_word' id='word_1_590' title='bbox 3431 2746 3446 2784; x_wconf 91' lang='lat'><strong>:</strong></span> <span class='ocrx_word' id='word_1_591' title='bbox 3494 2748 3513 2781; x_wconf 78' lang='grc' dir='ltr'>ι</span> <span class='ocrx_word' id='word_1_592' title='bbox 3543 2728 3763 2796; x_wconf 84' lang='lat' dir='ltr'><strong>Quanta</strong></span> 
     </span>
    </p>
   </div>
   <div class='ocr_carea' id='block_1_73' title="bbox 2176 2822 3763 2894">
    <p class='ocr_par' dir='ltr' id='par_1_73' title="bbox 2176 2822 3763 2894">
     <span class='ocr_line' id='line_1_73' title="bbox 2176 2822 3763 2894; baseline -0.001 -16"><span class='ocrx_word' id='word_1_593' title='bbox 2176 2824 2307 2880; x_wconf 86' lang='lat' dir='ltr'><strong>fecit</strong></span> <span class='ocrx_word' id='word_1_594' title='bbox 2335 2824 2533 2878; x_wconf 68' lang='lat' dir='ltr'><strong>animae</strong></span> <span class='ocrx_word' id='word_1_595' title='bbox 2568 2837 2734 2891; x_wconf 69' lang='lat' dir='ltr'><strong>meae;</strong></span> <span class='ocrx_word' id='word_1_596' title='bbox 2758 2844 2777 2876; x_wconf 89' lang='lat'>»</span> <span class='ocrx_word' id='word_1_597' title='bbox 2812 2823 3012 2879; x_wconf 90' lang='lat' dir='ltr'><strong>deinde</strong></span> <span class='ocrx_word' id='word_1_598' title='bbox 3044 2822 3336 2894; x_wconf 85' lang='lat' dir='ltr'><strong>promissis</strong></span> <span class='ocrx_word' id='word_1_599' title='bbox 3362 2830 3599 2879; x_wconf 87' lang='lat' dir='ltr'><strong>stantes</strong></span> <span class='ocrx_word' id='word_1_600' title='bbox 3636 2835 3763 2877; x_wconf 84' lang='lat' dir='ltr'><strong>nar-</strong></span> 
     </span>
    </p>
   </div>
   <div class='ocr_carea' id='block_1_74' title="bbox 2174 2916 3761 2987">
    <p class='ocr_par' dir='ltr' id='par_1_74' title="bbox 2174 2916 3761 2987">
     <span class='ocr_line' id='line_1_74' title="bbox 2174 2916 3761 2987; baseline -0.001 -15"><span class='ocrx_word' id='word_1_601' title='bbox 2174 2918 2442 2973; x_wconf 90' lang='lat' dir='ltr'><strong>rationem</strong></span> <span class='ocrx_word' id='word_1_602' title='bbox 2464 2916 2777 2974; x_wconf 91' lang='lat' dir='ltr'><strong>ordinntur.</strong></span> <span class='ocrx_word' id='word_1_603' title='bbox 2801 2918 2934 2985; x_wconf 60' lang='lat' dir='ltr'><strong>Quae</strong></span> <span class='ocrx_word' id='word_1_604' title='bbox 2960 2917 3206 2973; x_wconf 85' lang='lat' dir='ltr'><strong>narratio</strong></span> <span class='ocrx_word' id='word_1_605' title='bbox 3234 2917 3365 2971; x_wconf 84' lang='lat' dir='ltr'><strong>illa?</strong></span> <span class='ocrx_word' id='word_1_606' title='bbox 3408 2935 3426 2967; x_wconf 76' lang='grc' dir='ltr'><strong>ε</strong></span> <span class='ocrx_word' id='word_1_607' title='bbox 3447 2916 3529 2971; x_wconf 85' lang='lat' dir='ltr'><strong>Ad</strong></span> <span class='ocrx_word' id='word_1_608' title='bbox 3557 2916 3761 2987; x_wconf 85' lang='lat' dir='ltr'><strong>ipsum.</strong></span> 
     </span>
    </p>
   </div>
   <div class='ocr_carea' id='block_1_75' title="bbox 2176 3007 3764 3079">
    <p class='ocr_par' dir='ltr' id='par_1_75' title="bbox 2176 3007 3764 3079">
     <span class='ocr_line' id='line_1_75' title="bbox 2176 3007 3764 3079; baseline 0.001 -18"><span class='ocrx_word' id='word_1_609' title='bbox 2176 3008 2375 3078; x_wconf 87' lang='lat' dir='ltr'><strong>inquit,</strong></span> <span class='ocrx_word' id='word_1_610' title='bbox 2444 3023 2541 3064; x_wconf 90' lang='lat' dir='ltr'>ore</span> <span class='ocrx_word' id='word_1_611' title='bbox 2569 3024 2691 3064; x_wconf 84' lang='lat' dir='ltr'>meo</span> <span class='ocrx_word' id='word_1_612' title='bbox 2721 3008 2976 3073; x_wconf 81' lang='lat' dir='ltr'><strong>clamavi,</strong></span> <span class='ocrx_word' id='word_1_613' title='bbox 3015 3017 3071 3064; x_wconf 91' lang='lat' dir='ltr'>et</span> <span class='ocrx_word' id='word_1_614' title='bbox 3132 3009 3368 3064; x_wconf 78' lang='lat' dir='ltr'><strong>exaltavi</strong></span> <span class='ocrx_word' id='word_1_615' title='bbox 3424 3007 3529 3063; x_wconf 90' lang='lat' dir='ltr'>sub</span> <span class='ocrx_word' id='word_1_616' title='bbox 3578 3008 3764 3079; x_wconf 85' lang='lat' dir='ltr'><strong>lingua</strong></span> 
     </span>
    </p>
   </div>
   <div class='ocr_carea' id='block_1_76' title="bbox 2178 3096 3764 3169">
    <p class='ocr_par' dir='ltr' id='par_1_76' title="bbox 2178 3096 3764 3169">
     <span class='ocr_line' id='line_1_76' title="bbox 2178 3096 3764 3169; baseline 0.001 -16"><span class='ocrx_word' id='word_1_617' title='bbox 2178 3113 2354 3154; x_wconf 90' lang='lat' dir='ltr'><strong>mea.»</strong></span> <span class='ocrx_word' id='word_1_618' title='bbox 2398 3096 2534 3153; x_wconf 75' lang='lat' dir='ltr'>Nam</span> <span class='ocrx_word' id='word_1_619' title='bbox 2571 3099 2703 3169; x_wconf 91' lang='lat' dir='ltr'><strong>quia</strong></span> <span class='ocrx_word' id='word_1_620' title='bbox 2743 3098 2839 3155; x_wconf 87' lang='lat' dir='ltr'><strong>Dei</strong></span> <span class='ocrx_word' id='word_1_621' title='bbox 2870 3114 3003 3169; x_wconf 90' lang='lat' dir='ltr'><strong>erga</strong></span> <span class='ocrx_word' id='word_1_622' title='bbox 3047 3115 3106 3155; x_wconf 92' lang='lat' dir='ltr'>se</span> <span class='ocrx_word' id='word_1_623' title='bbox 3149 3099 3414 3154; x_wconf 83' lang='lat' dir='ltr'><strong>beneficia</strong></span> <span class='ocrx_word' id='word_1_624' title='bbox 3470 3113 3764 3155; x_wconf 88' lang='lat' dir='ltr'><strong>recensue-</strong></span> 
     </span>
    </p>
   </div>
   <div class='ocr_carea' id='block_1_77' title="bbox 2176 3190 3763 3263">
    <p class='ocr_par' dir='ltr' id='par_1_77' title="bbox 2176 3190 3763 3263">
     <span class='ocr_line' id='line_1_77' title="bbox 2176 3190 3763 3263; baseline 0 -18"><span class='ocrx_word' id='word_1_625' title='bbox 2176 3201 2325 3257; x_wconf 87' lang='lat' dir='ltr'><strong>runt,</strong></span> <span class='ocrx_word' id='word_1_626' title='bbox 2380 3191 2661 3262; x_wconf 89' lang='lat' dir='ltr'><strong>quomodo</strong></span> <span class='ocrx_word' id='word_1_627' title='bbox 2702 3192 2916 3247; x_wconf 87' lang='lat' dir='ltr'><strong>scilicet</strong></span> <span class='ocrx_word' id='word_1_628' title='bbox 2964 3192 3090 3263; x_wconf 90' lang='lat' dir='ltr'><strong>igne</strong></span> <span class='ocrx_word' id='word_1_629' title='bbox 3118 3191 3414 3246; x_wconf 66' lang='lat' dir='ltr'><strong>ekaminati</strong></span> <span class='ocrx_word' id='word_1_630' title='bbox 3458 3199 3515 3245; x_wconf 90' lang='lat' dir='ltr'>et</span> <span class='ocrx_word' id='word_1_631' title='bbox 3547 3190 3763 3261; x_wconf 87' lang='lat' dir='ltr'><strong>probati</strong></span> 
     </span>
    </p>
   </div>
   <div class='ocr_carea' id='block_1_78' title="bbox 2179 3283 3764 3355">
    <p class='ocr_par' dir='ltr' id='par_1_78' title="bbox 2179 3283 3764 3355">
     <span class='ocr_line' id='line_1_78' title="bbox 2179 3283 3764 3355; baseline 0 -18"><span class='ocrx_word' id='word_1_632' title='bbox 2179 3285 2311 3348; x_wconf 86' lang='lat' dir='ltr'><strong>sint,</strong></span> <span class='ocrx_word' id='word_1_633' title='bbox 2341 3284 2617 3355; x_wconf 89' lang='lat' dir='ltr'><strong>quomodo</strong></span> <span class='ocrx_word' id='word_1_634' title='bbox 2644 3285 2697 3340; x_wconf 91' lang='lat' dir='ltr'><strong>in</strong></span> <span class='ocrx_word' id='word_1_635' title='bbox 2728 3284 2994 3340; x_wconf 65' lang='lat' dir='ltr'><strong>aerumnis</strong></span> <span class='ocrx_word' id='word_1_636' title='bbox 3043 3284 3209 3355; x_wconf 88' lang='lat' dir='ltr'><strong>positi</strong></span> <span class='ocrx_word' id='word_1_637' title='bbox 3248 3298 3345 3338; x_wconf 86' lang='lat' dir='ltr'>eas</span> <span class='ocrx_word' id='word_1_638' title='bbox 3374 3283 3764 3350; x_wconf 87' lang='lat' dir='ltr'><strong>sustinuerint,</strong></span> 
     </span>
    </p>
   </div>
   <div class='ocr_carea' id='block_1_79' title="bbox 2175 3376 3765 3449">
    <p class='ocr_par' dir='ltr' id='par_1_79' title="bbox 2175 3376 3765 3449">
     <span class='ocr_line' id='line_1_79' title="bbox 2175 3376 3765 3449; baseline -0.001 -17"><span class='ocrx_word' id='word_1_639' title='bbox 2175 3394 2286 3449; x_wconf 92' lang='lat' dir='ltr'>quo</span> <span class='ocrx_word' id='word_1_640' title='bbox 2319 3385 2480 3449; x_wconf 92' lang='lat' dir='ltr'><strong>pacto</strong></span> <span class='ocrx_word' id='word_1_641' title='bbox 2510 3378 2840 3434; x_wconf 87' lang='lat' dir='ltr'><strong>transierint</strong></span> <span class='ocrx_word' id='word_1_642' title='bbox 2863 3392 2961 3448; x_wconf 89' lang='lat' dir='ltr'>per</span> <span class='ocrx_word' id='word_1_643' title='bbox 3008 3377 3189 3448; x_wconf 90' lang='lat' dir='ltr'><strong>ignem</strong></span> <span class='ocrx_word' id='word_1_644' title='bbox 3220 3386 3277 3431; x_wconf 92' lang='lat' dir='ltr'>et</span> <span class='ocrx_word' id='word_1_645' title='bbox 3322 3392 3543 3447; x_wconf 90' lang='lat' dir='ltr'><strong>aquam,</strong></span> <span class='ocrx_word' id='word_1_646' title='bbox 3590 3386 3645 3431; x_wconf 90' lang='lat' dir='ltr'><strong>et</strong></span> <span class='ocrx_word' id='word_1_647' title='bbox 3678 3376 3765 3430; x_wconf 88' lang='lat' dir='ltr'><strong>in-</strong></span> 
     </span>
    </p>
   </div>
   <div class='ocr_carea' id='block_1_80' title="bbox 2175 3467 3766 3542">
    <p class='ocr_par' dir='ltr' id='par_1_80' title="bbox 2175 3467 3766 3542">
     <span class='ocr_line' id='line_1_80' title="bbox 2175 3467 3766 3542; baseline -0.002 -18"><span class='ocrx_word' id='word_1_648' title='bbox 2175 3473 2355 3542; x_wconf 85' lang='lat' dir='ltr'><strong>gressi</strong></span> <span class='ocrx_word' id='word_1_649' title='bbox 2388 3471 2503 3527; x_wconf 91' lang='lat' dir='ltr'><strong>sint</strong></span> <span class='ocrx_word' id='word_1_650' title='bbox 2533 3471 2591 3525; x_wconf 90' lang='lat' dir='ltr'><strong>in</strong></span> <span class='ocrx_word' id='word_1_651' title='bbox 2648 3469 3038 3541; x_wconf 85' lang='lat' dir='ltr'><strong>refrigerium;</strong></span> <span class='ocrx_word' id='word_1_652' title='bbox 3070 3468 3219 3541; x_wconf 89' lang='lat' dir='ltr'><strong>quod</strong></span> <span class='ocrx_word' id='word_1_653' title='bbox 3253 3483 3364 3524; x_wconf 87' lang='lat' dir='ltr'><strong>non</strong></span> <span class='ocrx_word' id='word_1_654' title='bbox 3415 3469 3532 3523; x_wconf 63' lang='lat' dir='ltr'><strong>haec</strong></span> <span class='ocrx_word' id='word_1_655' title='bbox 3576 3467 3766 3522; x_wconf 86' lang='lat' dir='ltr'><strong>omnia</strong></span> 
     </span>
    </p>
   </div>
   <div class='ocr_carea' id='block_1_81' title="bbox 2176 3560 3766 3632">
    <p class='ocr_par' dir='ltr' id='par_1_81' title="bbox 2176 3560 3766 3632">
     <span class='ocr_line' id='line_1_81' title="bbox 2176 3560 3766 3632; baseline -0.002 -13"><span class='ocrx_word' id='word_1_656' title='bbox 2176 3564 2284 3621; x_wconf 89' lang='lat' dir='ltr'><strong>sibi</strong></span> <span class='ocrx_word' id='word_1_657' title='bbox 2323 3563 2528 3619; x_wconf 86' lang='lat' dir='ltr'><strong>frustra</strong></span> <span class='ocrx_word' id='word_1_658' title='bbox 2584 3560 2773 3617; x_wconf 91' lang='lat' dir='ltr'><strong>divina</strong></span> <span class='ocrx_word' id='word_1_659' title='bbox 2808 3562 2984 3632; x_wconf 86' lang='lat' dir='ltr'><strong>gratia</strong></span> <span class='ocrx_word' id='word_1_660' title='bbox 3031 3561 3366 3626; x_wconf 87' lang='lat' dir='ltr'><strong>contulerit;</strong></span> <span class='ocrx_word' id='word_1_661' title='bbox 3421 3560 3519 3616; x_wconf 88' lang='lat' dir='ltr'>sed</span> <span class='ocrx_word' id='word_1_662' title='bbox 3573 3560 3766 3616; x_wconf 67' lang='lat' dir='ltr'><strong>isthaac</strong></span> 
     </span>
    </p>
   </div>
   <div class='ocr_carea' id='block_1_82' title="bbox 2177 3653 3767 3727">
    <p class='ocr_par' dir='ltr' id='par_1_82' title="bbox 2177 3653 3767 3727">
     <span class='ocr_line' id='line_1_82' title="bbox 2177 3653 3767 3727; baseline -0.003 -16"><span class='ocrx_word' id='word_1_663' title='bbox 2177 3656 2281 3711; x_wconf 87' lang='lat' dir='ltr'><strong>sibi</strong></span> <span class='ocrx_word' id='word_1_664' title='bbox 2320 3656 2559 3711; x_wconf 82' lang='lat' dir='ltr'><strong>maxime</strong></span> <span class='ocrx_word' id='word_1_665' title='bbox 2587 3655 2656 3710; x_wconf 84' lang='lat' dir='ltr'>ad</span> <span class='ocrx_word' id='word_1_666' title='bbox 2702 3656 3026 3727; x_wconf 87' lang='lat' dir='ltr'><strong>martyrium</strong></span> <span class='ocrx_word' id='word_1_667' title='bbox 3077 3653 3412 3725; x_wconf 89' lang='lat' dir='ltr'><strong>profuerint,</strong></span> <span class='ocrx_word' id='word_1_668' title='bbox 3451 3654 3767 3709; x_wconf 86' lang='lat' dir='ltr'><strong>necessario</strong></span> 
     </span>
    </p>
   </div>
   <div class='ocr_carea' id='block_1_83' title="bbox 2175 3744 3765 3817">
    <p class='ocr_par' dir='ltr' id='par_1_83' title="bbox 2175 3744 3765 3817">
     <span class='ocr_line' id='line_1_83' title="bbox 2175 3744 3765 3817; baseline -0.004 -13"><span class='ocrx_word' id='word_1_669' title='bbox 2175 3748 2427 3804; x_wconf 88' lang='lat' dir='ltr'><strong>edocent.</strong></span> <span class='ocrx_word' id='word_1_670' title='bbox 2469 3746 2660 3802; x_wconf 90' lang='lat' dir='ltr'><strong>Primo</strong></span> <span class='ocrx_word' id='word_1_671' title='bbox 2720 3746 2965 3817; x_wconf 89' lang='lat' dir='ltr'><strong>quidem,</strong></span> <span class='ocrx_word' id='word_1_672' title='bbox 3022 3747 3199 3809; x_wconf 88' lang='lat' dir='ltr'><strong>aiunt,</strong></span> <span class='ocrx_word' id='word_1_673' title='bbox 3258 3760 3542 3815; x_wconf 88' lang='lat' dir='ltr'><strong>nunquam</strong></span> <span class='ocrx_word' id='word_1_674' title='bbox 3598 3744 3765 3799; x_wconf 80' lang='lat' dir='ltr'><strong>finem</strong></span> 
     </span>
    </p>
   </div>
   <div class='ocr_carea' id='block_1_84' title="bbox 2175 3835 3765 3910">
    <p class='ocr_par' dir='ltr' id='par_1_84' title="bbox 2175 3835 3765 3910">
     <span class='ocr_line' id='line_1_84' title="bbox 2175 3835 3765 3910; baseline -0.003 -15"><span class='ocrx_word' id='word_1_675' title='bbox 2175 3840 2436 3910; x_wconf 86' lang='lat' dir='ltr'><strong>precandi</strong></span> <span class='ocrx_word' id='word_1_676' title='bbox 2472 3841 2654 3910; x_wconf 89' lang='lat' dir='ltr'><strong>ipsum</strong></span> <span class='ocrx_word' id='word_1_677' title='bbox 2686 3849 2741 3895; x_wconf 91' lang='lat' dir='ltr'>et</span> <span class='ocrx_word' id='word_1_678' title='bbox 2761 3838 3036 3894; x_wconf 89' lang='lat' dir='ltr'><strong>clamandi</strong></span> <span class='ocrx_word' id='word_1_679' title='bbox 3071 3837 3323 3893; x_wconf 89' lang='lat' dir='ltr'><strong>fecimus.</strong></span> <span class='ocrx_word' id='word_1_680' title='bbox 3356 3835 3544 3907; x_wconf 89' lang='lat' dir='ltr'><strong>Neque</strong></span> <span class='ocrx_word' id='word_1_681' title='bbox 3582 3846 3765 3892; x_wconf 89' lang='lat' dir='ltr'><strong>tamen</strong></span> 
     </span>
    </p>
   </div>
   <div class='ocr_carea' id='block_1_85' title="bbox 2177 3926 3759 3997">
    <p class='ocr_par' dir='ltr' id='par_1_85' title="bbox 2177 3926 3759 3997">
     <span class='ocr_line' id='line_1_85' title="bbox 2177 3926 3759 3997; baseline -0.003 -14"><span class='ocrx_word' id='word_1_682' title='bbox 2177 3930 2288 3983; x_wconf 89' lang='lat' dir='ltr'><strong>alta</strong></span> <span class='ocrx_word' id='word_1_683' title='bbox 2318 3936 2373 3984; x_wconf 92' lang='lat' dir='ltr'>et</span> <span class='ocrx_word' id='word_1_684' title='bbox 2404 3944 2607 3984; x_wconf 90' lang='lat' dir='ltr'><strong>sonora</strong></span> <span class='ocrx_word' id='word_1_685' title='bbox 2625 3942 2763 3984; x_wconf 83' lang='lat' dir='ltr'><strong>voce</strong></span> <span class='ocrx_word' id='word_1_686' title='bbox 2784 3927 3182 3990; x_wconf 88' lang='lat' dir='ltr'><strong>clamabamus,</strong></span> <span class='ocrx_word' id='word_1_687' title='bbox 3203 3926 3300 3983; x_wconf 85' lang='lat' dir='ltr'>sed</span> <span class='ocrx_word' id='word_1_688' title='bbox 3337 3944 3359 3977; x_wconf 77' lang='grc' dir='ltr'>ι</span> <span class='ocrx_word' id='word_1_689' title='bbox 3386 3927 3490 3981; x_wconf 88' lang='lat' dir='ltr'>sub</span> <span class='ocrx_word' id='word_1_690' title='bbox 3516 3926 3759 3997; x_wconf 90' lang='lat' dir='ltr'><strong>lingua,»</strong></span> 
     </span>
    </p>
   </div>
   <div class='ocr_carea' id='block_1_86' title="bbox 2179 4009 3766 4094">
    <p class='ocr_par' dir='ltr' id='par_1_86' title="bbox 2179 4009 3766 4094">
     <span class='ocr_line' id='line_1_86' title="bbox 2179 4009 3766 4094; baseline -0.003 -12"><span class='ocrx_word' id='word_1_691' title='bbox 2179 4028 2329 4083; x_wconf 90' lang='lat' dir='ltr'><strong>int-us</strong></span> <span class='ocrx_word' id='word_1_692' title='bbox 2370 4029 2645 4084; x_wconf 86' lang='lat' dir='ltr'><strong>clamores</strong></span> <span class='ocrx_word' id='word_1_693' title='bbox 2677 4034 2905 4081; x_wconf 88' lang='lat' dir='ltr'><strong>nostros</strong></span> <span class='ocrx_word' id='word_1_694' title='bbox 2934 4023 3382 4094; x_wconf 88' lang='lat' dir='ltr'><strong>comprimentes.</strong></span> <span class='ocrx_word' id='word_1_695' title='bbox 3422 4009 3766 4077; x_wconf 70' lang='lat' dir='ltr'><strong>Noveramus</strong></span> 
     </span>
    </p>
   </div>
   <div class='ocr_carea' id='block_1_87' title="bbox 2177 4116 3768 4193">
    <p class='ocr_par' dir='ltr' id='par_1_87' title="bbox 2177 4116 3768 4193">
     <span class='ocr_line' id='line_1_87' title="bbox 2177 4116 3768 4193; baseline -0.006 -16"><span class='ocrx_word' id='word_1_696' title='bbox 2177 4124 2385 4193; x_wconf 81' lang='lat' dir='ltr'><strong>quippe</strong></span> <span class='ocrx_word' id='word_1_697' title='bbox 2417 4120 2586 4176; x_wconf 89' lang='lat' dir='ltr'><strong>Deum</strong></span> <span class='ocrx_word' id='word_1_698' title='bbox 2620 4120 2707 4175; x_wconf 89' lang='lat' dir='ltr'>vel</span> <span class='ocrx_word' id='word_1_699' title='bbox 2760 4125 3011 4173; x_wconf 90' lang='lat' dir='ltr'><strong>tacentes</strong></span> <span class='ocrx_word' id='word_1_700' title='bbox 3061 4117 3277 4182; x_wconf 92' lang='lat' dir='ltr'><strong>audire,</strong></span> <span class='ocrx_word' id='word_1_701' title='bbox 3306 4126 3543 4187; x_wconf 83' lang='lat' dir='ltr'><strong>esseque</strong></span> <span class='ocrx_word' id='word_1_702' title='bbox 3565 4116 3768 4170; x_wconf 89' lang='lat' dir='ltr'><strong>clamo-</strong></span> 
     </span>
    </p>
   </div>
   <div class='ocr_carea' id='block_1_88' title="bbox 2177 4210 3767 4287">
    <p class='ocr_par' dir='ltr' id='par_1_88' title="bbox 2177 4210 3767 4287">
     <span class='ocr_line' id='line_1_88' title="bbox 2177 4210 3767 4287; baseline -0.004 -15"><span class='ocrx_word' id='word_1_703' title='bbox 2177 4233 2270 4272; x_wconf 86' lang='lat' dir='ltr'>res</span> <span class='ocrx_word' id='word_1_704' title='bbox 2301 4232 2412 4271; x_wconf 90' lang='lat' dir='ltr'>non</span> <span class='ocrx_word' id='word_1_705' title='bbox 2464 4214 2653 4287; x_wconf 89' lang='lat' dir='ltr'><strong>lingua</strong></span> <span class='ocrx_word' id='word_1_706' title='bbox 2702 4215 2801 4272; x_wconf 91' lang='lat' dir='ltr'>sed</span> <span class='ocrx_word' id='word_1_707' title='bbox 2851 4222 3038 4269; x_wconf 90' lang='lat' dir='ltr'><strong>mente</strong></span> <span class='ocrx_word' id='word_1_708' title='bbox 3095 4212 3364 4283; x_wconf 89' lang='lat' dir='ltr'><strong>prolatos,</strong></span> <span class='ocrx_word' id='word_1_709' title='bbox 3403 4228 3469 4265; x_wconf 91' lang='lat' dir='ltr'>ac</span> <span class='ocrx_word' id='word_1_710' title='bbox 3503 4210 3767 4267; x_wconf 78' lang='lat' dir='ltr'><strong>ineffabili</strong></span> 
     </span>
    </p>
   </div>
   <div class='ocr_carea' id='block_1_89' title="bbox 2180 4303 3771 4377">
    <p class='ocr_par' dir='ltr' id='par_1_89' title="bbox 2180 4303 3771 4377">
     <span class='ocr_line' id='line_1_89' title="bbox 2180 4303 3771 4377; baseline -0.004 -13"><span class='ocrx_word' id='word_1_711' title='bbox 2180 4310 2390 4365; x_wconf 86' lang='lat' dir='ltr'><strong>virtute</strong></span> <span class='ocrx_word' id='word_1_712' title='bbox 2440 4310 2510 4364; x_wconf 90' lang='lat' dir='ltr'>ad</span> <span class='ocrx_word' id='word_1_713' title='bbox 2560 4308 2731 4365; x_wconf 91' lang='lat' dir='ltr'><strong>Deum</strong></span> <span class='ocrx_word' id='word_1_714' title='bbox 2781 4307 3041 4364; x_wconf 87' lang='lat' dir='ltr'><strong>emissos.</strong></span> <span class='ocrx_word' id='word_1_715' title='bbox 3104 4306 3461 4377; x_wconf 89' lang='lat' dir='ltr'><strong>ldipsumque</strong></span> <span class='ocrx_word' id='word_1_716' title='bbox 3489 4320 3519 4359; x_wconf 87' lang='lat' dir='ltr'>a</span> <span class='ocrx_word' id='word_1_717' title='bbox 3567 4303 3771 4360; x_wconf 87' lang='lat' dir='ltr'><strong>Serva-</strong></span> 
     </span>
    </p>
   </div>
   <div class='ocr_carea' id='block_1_90' title="bbox 2179 4397 3767 4461">
    <p class='ocr_par' dir='ltr' id='par_1_90' title="bbox 2179 4397 3767 4461">
     <span class='ocr_line' id='line_1_90' title="bbox 2179 4397 3767 4461; baseline -0.007 0"><span class='ocrx_word' id='word_1_718' title='bbox 2179 4412 2300 4461; x_wconf 89' lang='lat' dir='ltr'><strong>tore</strong></span> <span class='ocrx_word' id='word_1_719' title='bbox 2370 4404 2602 4461; x_wconf 87' lang='lat' dir='ltr'><strong>docetur</strong></span> <span class='ocrx_word' id='word_1_720' title='bbox 2652 4403 2741 4459; x_wconf 88' lang='lat' dir='ltr'>his</span> <span class='ocrx_word' id='word_1_721' title='bbox 2799 4401 3025 4458; x_wconf 89' lang='lat' dir='ltr'><strong>verbis:</strong></span> <span class='ocrx_word' id='word_1_722' title='bbox 3080 4398 3274 4453; x_wconf 69' lang='lat' dir='ltr'><strong>«Intra</strong></span> <span class='ocrx_word' id='word_1_723' title='bbox 3337 4397 3395 4452; x_wconf 90' lang='lat' dir='ltr'>in</span> <span class='ocrx_word' id='word_1_724' title='bbox 3450 4397 3767 4453; x_wconf 89' lang='lat' dir='ltr'><strong>cubiculum</strong></span> 
     </span>
    </p>
   </div>
   <div class='ocr_carea' id='block_1_91' title="bbox 2182 4488 3770 4567">
    <p class='ocr_par' dir='ltr' id='par_1_91' title="bbox 2182 4488 3770 4567">
     <span class='ocr_line' id='line_1_91' title="bbox 2182 4488 3770 4567; baseline -0.007 -15"><span class='ocrx_word' id='word_1_725' title='bbox 2182 4506 2364 4567; x_wconf 88' lang='lat' dir='ltr'><strong>tuum,</strong></span> <span class='ocrx_word' id='word_1_726' title='bbox 2395 4506 2450 4552; x_wconf 90' lang='lat' dir='ltr'>et</span> <span class='ocrx_word' id='word_1_727' title='bbox 2485 4496 2677 4551; x_wconf 89' lang='lat' dir='ltr'><strong>clauso</strong></span> <span class='ocrx_word' id='word_1_728' title='bbox 2720 4493 2867 4549; x_wconf 88' lang='lat' dir='ltr'><strong>ostio</strong></span> <span class='ocrx_word' id='word_1_729' title='bbox 2894 4506 3027 4547; x_wconf 91' lang='lat' dir='ltr'><strong>ora:</strong></span> <span class='ocrx_word' id='word_1_730' title='bbox 3063 4497 3119 4547; x_wconf 90' lang='lat' dir='ltr'><strong>et</strong></span> <span class='ocrx_word' id='word_1_731' title='bbox 3149 4489 3312 4545; x_wconf 86' lang='lat' dir='ltr'><strong>Pater</strong></span> <span class='ocrx_word' id='word_1_732' title='bbox 3339 4495 3470 4544; x_wconf 93' lang='lat' dir='ltr'><strong>tuus</strong></span> <span class='ocrx_word' id='word_1_733' title='bbox 3498 4489 3591 4558; x_wconf 91' lang='lat' dir='ltr'><strong>qui</strong></span> <span class='ocrx_word' id='word_1_734' title='bbox 3619 4488 3770 4543; x_wconf 87' lang='lat' dir='ltr'><strong>videt</strong></span> 
     </span>
    </p>
   </div>
   <div class='ocr_carea' id='block_1_92' title="bbox 500 4567 2076 4654">
    <p class='ocr_par' dir='ltr' id='par_1_92' title="bbox 500 4567 2075 4648">
     <span class='ocr_line' id='line_1_92' title="bbox 500 4567 2075 4648; baseline -0.004 -16"><span class='ocrx_word' id='word_1_735' title='bbox 500 4580 521 4632; x_wconf 77' lang='grc'><strong>5</strong></span> <span class='ocrx_word' id='word_1_736' title='bbox 552 4577 763 4648; x_wconf 86' lang='grc' dir='ltr'>βλέπων</span> <span class='ocrx_word' id='word_1_737' title='bbox 792 4578 850 4629; x_wconf 86' lang='grc' dir='ltr'>ὲν</span> <span class='ocrx_word' id='word_1_738' title='bbox 880 4574 961 4646; x_wconf 82' lang='grc' dir='ltr'>τῷ</span> <span class='ocrx_word' id='word_1_739' title='bbox 985 4573 1211 4646; x_wconf 88' lang='grc' dir='ltr'>κρυπτῷ</span> <span class='ocrx_word' id='word_1_740' title='bbox 1243 4573 1513 4629; x_wconf 84' lang='grc' dir='ltr'>ἀποδώσει</span> <span class='ocrx_word' id='word_1_741' title='bbox 1539 4589 1642 4627; x_wconf 90' lang='grc' dir='ltr'>σοι.</span> <span class='ocrx_word' id='word_1_742' title='bbox 1673 4592 1691 4625; x_wconf 84' lang='grc' dir='ltr'>ι</span> <span class='ocrx_word' id='word_1_743' title='bbox 1768 4572 1955 4636; x_wconf 79' lang='grc' dir='ltr'>Οὕτως</span> <span class='ocrx_word' id='word_1_744' title='bbox 1981 4567 2075 4626; x_wconf 78' lang='grc' dir='ltr'>οὖν</span> 
     </span>
    </p>
   </div>
   <div class='ocr_carea' id='block_1_93' title="bbox 2177 4567 3770 4654">
    <p class='ocr_par' dir='ltr' id='par_1_93' title="bbox 2178 4581 3770 4654">
     <span class='ocr_line' id='line_1_93' title="bbox 2178 4581 3770 4654; baseline -0.007 -8"><span class='ocrx_word' id='word_1_745' title='bbox 2178 4592 2233 4646; x_wconf 90' lang='lat' dir='ltr'>in</span> <span class='ocrx_word' id='word_1_746' title='bbox 2259 4590 2606 4653; x_wconf 89' lang='lat' dir='ltr'><strong>abscondito,</strong></span> <span class='ocrx_word' id='word_1_747' title='bbox 2643 4587 2838 4643; x_wconf 91' lang='lat' dir='ltr'><strong>reddet</strong></span> <span class='ocrx_word' id='word_1_748' title='bbox 2862 4585 2961 4640; x_wconf 89' lang='lat' dir='ltr'><strong>tibi</strong></span> <span class='ocrx_word' id='word_1_749' title='bbox 2977 4584 3044 4639; x_wconf 81' lang='grc'>⁸³.</span> <span class='ocrx_word' id='word_1_750' title='bbox 3076 4603 3095 4636; x_wconf 92' lang='lat'>»</span> <span class='ocrx_word' id='word_1_751' title='bbox 3125 4582 3401 4654; x_wconf 84' lang='lat' dir='ltr'><strong>Sicigitur</strong></span> <span class='ocrx_word' id='word_1_752' title='bbox 3426 4581 3519 4636; x_wconf 86' lang='lat' dir='ltr'>hic</span> <span class='ocrx_word' id='word_1_753' title='bbox 3535 4582 3770 4652; x_wconf 91' lang='lat' dir='ltr'><strong>loquun-</strong></span> 
     </span>
    </p>
   </div>
   <div class='ocr_carea' id='block_1_94' title="bbox 498 4663 2077 4737">
    <p class='ocr_par' dir='ltr' id='par_1_94' title="bbox 498 4663 2077 4737">
     <span class='ocr_line' id='line_1_94' title="bbox 498 4663 2077 4737; baseline -0.004 -14"><span class='ocrx_word' id='word_1_754' title='bbox 498 4671 589 4723; x_wconf 75' lang='grc' dir='ltr'>καὶ</span> <span class='ocrx_word' id='word_1_755' title='bbox 617 4668 850 4723; x_wconf 89' lang='grc' dir='ltr'>ἐνταῦθά</span> <span class='ocrx_word' id='word_1_756' title='bbox 874 4683 1071 4736; x_wconf 85' lang='grc' dir='ltr'>φασιν,</span> <span class='ocrx_word' id='word_1_757' title='bbox 1095 4667 1177 4720; x_wconf 83' lang='grc' dir='ltr'>ὅτι</span> <span class='ocrx_word' id='word_1_758' title='bbox 1212 4684 1229 4717; x_wconf 82' lang='grc' dir='ltr'>ι</span> <span class='ocrx_word' id='word_1_759' title='bbox 1250 4665 1395 4737; x_wconf 82' lang='grc' dir='ltr'>Πρὸς</span> <span class='ocrx_word' id='word_1_760' title='bbox 1422 4664 1583 4720; x_wconf 81' lang='grc' dir='ltr'>αὑτὸν</span> <span class='ocrx_word' id='word_1_761' title='bbox 1607 4663 1685 4735; x_wconf 86' lang='grc' dir='ltr'>τῷ</span> <span class='ocrx_word' id='word_1_762' title='bbox 1714 4664 1941 4736; x_wconf 90' lang='grc' dir='ltr'>στόματί</span> <span class='ocrx_word' id='word_1_763' title='bbox 1976 4681 2077 4735; x_wconf 86' lang='grc' dir='ltr'>μου</span> 
     </span>
    </p>
   </div>
   <div class='ocr_carea' id='block_1_95' title="bbox 497 4757 2079 4834">
    <p class='ocr_par' dir='ltr' id='par_1_95' title="bbox 497 4757 2079 4834">
     <span class='ocr_line' id='line_1_95' title="bbox 497 4757 2079 4834; baseline -0.002 -21"><span class='ocrx_word' id='word_1_764' title='bbox 497 4761 769 4834; x_wconf 73' lang='grc' dir='ltr'>ἐκέκραξα</span> <span class='ocrx_word' id='word_1_765' title='bbox 794 4761 891 4815; x_wconf 73' lang='grc' dir='ltr'>καὶ</span> <span class='ocrx_word' id='word_1_766' title='bbox 915 4759 1108 4830; x_wconf 79' lang='grc' dir='ltr'>ῦψωσα</span> <span class='ocrx_word' id='word_1_767' title='bbox 1138 4758 1244 4812; x_wconf 81' lang='grc' dir='ltr'>ὑπὸ</span> <span class='ocrx_word' id='word_1_768' title='bbox 1265 4758 1364 4829; x_wconf 81' lang='grc' dir='ltr'>τὴν</span> <span class='ocrx_word' id='word_1_769' title='bbox 1385 4758 1636 4827; x_wconf 86' lang='grc' dir='ltr'>γλῶσσάν</span> <span class='ocrx_word' id='word_1_770' title='bbox 1662 4774 1785 4828; x_wconf 76' lang='grc' dir='ltr'>μουο</span> <span class='ocrx_word' id='word_1_771' title='bbox 1813 4776 1831 4809; x_wconf 83' lang='grc' dir='ltr'>ι</span> <span class='ocrx_word' id='word_1_772' title='bbox 1861 4757 2002 4812; x_wconf 90' lang='grc' dir='ltr'>κατά</span> <span class='ocrx_word' id='word_1_773' title='bbox 2022 4758 2079 4811; x_wconf 84' lang='grc' dir='ltr'>δὲ</span> 
     </span>
    </p>
   </div>
   <div class='ocr_carea' id='block_1_96' title="bbox 496 4850 2079 4925">
    <p class='ocr_par' dir='ltr' id='par_1_96' title="bbox 496 4850 2079 4925">
     <span class='ocr_line' id='line_1_96' title="bbox 496 4850 2079 4925; baseline -0.003 -18"><span class='ocrx_word' id='word_1_774' title='bbox 496 4854 587 4907; x_wconf 86' lang='grc' dir='ltr'>τὸν</span> <span class='ocrx_word' id='word_1_775' title='bbox 617 4854 932 4925; x_wconf 85' lang='grc' dir='ltr'>Σύμμαχον,</span> <span class='ocrx_word' id='word_1_776' title='bbox 962 4872 981 4905; x_wconf 77' lang='grc' dir='ltr'>ι</span> <span class='ocrx_word' id='word_1_777' title='bbox 1002 4851 1173 4905; x_wconf 83' lang='grc' dir='ltr'>Αὐτὸν</span> <span class='ocrx_word' id='word_1_778' title='bbox 1191 4853 1404 4922; x_wconf 70' lang='grc' dir='ltr'>,1φασὶ,</span> <span class='ocrx_word' id='word_1_779' title='bbox 1442 4850 1521 4922; x_wconf 84' lang='grc' dir='ltr'>τῷ</span> <span class='ocrx_word' id='word_1_780' title='bbox 1551 4850 1779 4922; x_wconf 87' lang='grc' dir='ltr'>στόματί</span> <span class='ocrx_word' id='word_1_781' title='bbox 1817 4866 1918 4921; x_wconf 92' lang='grc' dir='ltr'>μου</span> <span class='ocrx_word' id='word_1_782' title='bbox 1948 4852 2079 4903; x_wconf 83' lang='grc' dir='ltr'>ἐπε-</span> 
     </span>
    </p>
   </div>
   <div class='ocr_carea' id='block_1_97' title="bbox 496 4943 2074 5019">
    <p class='ocr_par' dir='ltr' id='par_1_97' title="bbox 496 4943 2074 5019">
     <span class='ocr_line' id='line_1_97' title="bbox 496 4943 2074 5019; baseline -0.004 -17"><span class='ocrx_word' id='word_1_783' title='bbox 496 4947 832 5019; x_wconf 86' lang='grc' dir='ltr'>καλεσάμην,</span> <span class='ocrx_word' id='word_1_784' title='bbox 882 4946 976 5000; x_wconf 78' lang='grc' dir='ltr'>καὶ</span> <span class='ocrx_word' id='word_1_785' title='bbox 1002 4945 1190 5017; x_wconf 79' lang='grc' dir='ltr'>ὑψώθη</span> <span class='ocrx_word' id='word_1_786' title='bbox 1223 4945 1565 5016; x_wconf 87' lang='grc' dir='ltr'>παραχρῆμα</span> <span class='ocrx_word' id='word_1_787' title='bbox 1597 4946 1631 5015; x_wconf 84' lang='grc' dir='ltr'><strong>ἡ</strong></span> <span class='ocrx_word' id='word_1_788' title='bbox 1664 4943 1887 5012; x_wconf 86' lang='grc' dir='ltr'>γλῶσσά</span> <span class='ocrx_word' id='word_1_789' title='bbox 1918 4960 2074 5014; x_wconf 77' lang='grc' dir='ltr'>μου.»</span> 
     </span>
    </p>
   </div>
   <div class='ocr_carea' id='block_1_98' title="bbox 507 5035 2082 5109">
    <p class='ocr_par' dir='ltr' id='par_1_98' title="bbox 507 5035 2082 5109">
     <span class='ocr_line' id='line_1_98' title="bbox 507 5035 2082 5109; baseline -0.003 -16"><span class='ocrx_word' id='word_1_790' title='bbox 507 5039 644 5093; x_wconf 83' lang='grc' dir='ltr'>Ἀλλ’</span> <span class='ocrx_word' id='word_1_791' title='bbox 666 5040 728 5093; x_wconf 84' lang='grc' dir='ltr'>οὐ</span> <span class='ocrx_word' id='word_1_792' title='bbox 758 5040 917 5109; x_wconf 91' lang='grc' dir='ltr'>μόνον</span> <span class='ocrx_word' id='word_1_793' title='bbox 942 5041 1064 5103; x_wconf 88' lang='grc' dir='ltr'>ταῖς</span> <span class='ocrx_word' id='word_1_794' title='bbox 1082 5038 1268 5108; x_wconf 83' lang='grc' dir='ltr'>εὐχαῖς</span> <span class='ocrx_word' id='word_1_795' title='bbox 1291 5036 1655 5108; x_wconf 76' lang='grc' dir='ltr'>ἐσχολάζομεν</span> <span class='ocrx_word' id='word_1_796' title='bbox 1675 5037 1770 5090; x_wconf 76' lang='grc' dir='ltr'>καὶ</span> <span class='ocrx_word' id='word_1_797' title='bbox 1794 5039 1915 5099; x_wconf 83' lang='grc' dir='ltr'>ταῖς</span> <span class='ocrx_word' id='word_1_798' title='bbox 1944 5035 2082 5108; x_wconf 86' lang='grc' dir='ltr'>πρὸς</span> 
     </span>
    </p>
   </div>
   <div class='ocr_carea' id='block_1_99' title="bbox 494 5131 2083 5205">
    <p class='ocr_par' dir='ltr' id='par_1_99' title="bbox 494 5131 2083 5205">
     <span class='ocr_line' id='line_1_99' title="bbox 494 5131 2083 5205; baseline -0.003 -18"><span class='ocrx_word' id='word_1_799' title='bbox 494 5133 584 5187; x_wconf 82' lang='grc' dir='ltr'>τὸν</span> <span class='ocrx_word' id='word_1_800' title='bbox 611 5133 743 5187; x_wconf 90' lang='grc' dir='ltr'>Θεὸν</span> <span class='ocrx_word' id='word_1_801' title='bbox 772 5133 990 5205; x_wconf 85' lang='grc' dir='ltr'>δεήσεσι</span> <span class='ocrx_word' id='word_1_802' title='bbox 1020 5132 1116 5187; x_wconf 75' lang='grc' dir='ltr'>καὶ</span> <span class='ocrx_word' id='word_1_803' title='bbox 1148 5132 1448 5203; x_wconf 79' lang='grc' dir='ltr'>ἱκετηρίαις</span> <span class='ocrx_word' id='word_1_804' title='bbox 1468 5146 1480 5159; x_wconf 82' lang='grc'><strong>“</strong></span> <span class='ocrx_word' id='word_1_805' title='bbox 1507 5131 1643 5185; x_wconf 89' lang='grc' dir='ltr'>ἀλλά</span> <span class='ocrx_word' id='word_1_806' title='bbox 1668 5131 1763 5185; x_wconf 75' lang='grc' dir='ltr'>καὶ</span> <span class='ocrx_word' id='word_1_807' title='bbox 1786 5132 1966 5203; x_wconf 83' lang='grc' dir='ltr'>ἔργοις</span> <span class='ocrx_word' id='word_1_808' title='bbox 1987 5131 2083 5183; x_wconf 85' lang='grc' dir='ltr'>αύ-</span> 
     </span>
    </p>
   </div>
   <div class='ocr_carea' id='block_1_100' title="bbox 495 5222 2083 5298">
    <p class='ocr_par' dir='ltr' id='par_1_100' title="bbox 495 5222 2083 5298">
     <span class='ocr_line' id='line_1_100' title="bbox 495 5222 2083 5298; baseline -0.003 -18"><span class='ocrx_word' id='word_1_809' title='bbox 495 5231 605 5290; x_wconf 79' lang='grc' dir='ltr'>τοῖς</span> <span class='ocrx_word' id='word_1_810' title='bbox 631 5226 1091 5298; x_wconf 83' lang='grc' dir='ltr'>ἀπεστρεφόμεθα</span> <span class='ocrx_word' id='word_1_811' title='bbox 1123 5226 1219 5296; x_wconf 82' lang='grc' dir='ltr'>μὲν</span> <span class='ocrx_word' id='word_1_812' title='bbox 1250 5227 1430 5279; x_wconf 84' lang='grc' dir='ltr'>πᾶσαν</span> <span class='ocrx_word' id='word_1_813' title='bbox 1457 5224 1692 5289; x_wconf 87' lang='grc' dir='ltr'>ἀδικίαν,</span> <span class='ocrx_word' id='word_1_814' title='bbox 1715 5224 1791 5288; x_wconf 87' lang='grc' dir='ltr'>ὡς</span> <span class='ocrx_word' id='word_1_815' title='bbox 1819 5222 1953 5294; x_wconf 85' lang='grc' dir='ltr'>μηδὲ</span> <span class='ocrx_word' id='word_1_816' title='bbox 1983 5225 2083 5293; x_wconf 82' lang='grc' dir='ltr'>ἐμ-</span> 
     </span>
    </p>
   </div>
   <div class='ocr_carea' id='block_1_101' title="bbox 496 5313 2084 5389">
    <p class='ocr_par' dir='ltr' id='par_1_101' title="bbox 496 5313 2084 5389">
     <span class='ocr_line' id='line_1_101' title="bbox 496 5313 2084 5389; baseline -0.002 -20"><span class='ocrx_word' id='word_1_817' title='bbox 496 5317 715 5370; x_wconf 89' lang='grc' dir='ltr'>ϐλέπειν</span> <span class='ocrx_word' id='word_1_818' title='bbox 737 5318 874 5389; x_wconf 78' lang='grc' dir='ltr'>αὐτῇ</span> <span class='ocrx_word' id='word_1_819' title='bbox 894 5316 1118 5381; x_wconf 85' lang='grc' dir='ltr'>ἐθέλειν,</span> <span class='ocrx_word' id='word_1_820' title='bbox 1142 5316 1175 5387; x_wconf 83' lang='grc' dir='ltr'>ἢ</span> <span class='ocrx_word' id='word_1_821' title='bbox 1197 5317 1290 5371; x_wconf 62' lang='grc' dir='ltr'>καὶ⁹</span> <span class='ocrx_word' id='word_1_822' title='bbox 1312 5315 1389 5387; x_wconf 83' lang='grc' dir='ltr'>τῷ</span> <span class='ocrx_word' id='word_1_823' title='bbox 1412 5316 1488 5387; x_wconf 82' lang='grc' dir='ltr'>νῷ</span> <span class='ocrx_word' id='word_1_824' title='bbox 1514 5314 1864 5386; x_wconf 79' lang='grc' dir='ltr'>ἐνθυμεῖσθαί</span> <span class='ocrx_word' id='word_1_825' title='bbox 1887 5332 1941 5367; x_wconf 91' lang='grc' dir='ltr'>τι</span> <span class='ocrx_word' id='word_1_826' title='bbox 1969 5313 2084 5367; x_wconf 75' lang='grc' dir='ltr'>ἀδι-</span> 
     </span>
    </p>
   </div>
   <div class='ocr_carea' id='block_1_102' title="bbox 495 5404 2082 5482">
    <p class='ocr_par' dir='ltr' id='par_1_102' title="bbox 495 5404 2082 5482">
     <span class='ocr_line' id='line_1_102' title="bbox 495 5404 2082 5482; baseline 0 -22"><span class='ocrx_word' id='word_1_827' title='bbox 495 5424 609 5461; x_wconf 88' lang='grc' dir='ltr'>κον.</span> <span class='ocrx_word' id='word_1_828' title='bbox 644 5408 707 5461; x_wconf 80' lang='grc' dir='ltr'><strong>Εἰ</strong></span> <span class='ocrx_word' id='word_1_829' title='bbox 729 5409 835 5482; x_wconf 87' lang='grc' dir='ltr'>γάρ</span> <span class='ocrx_word' id='word_1_830' title='bbox 863 5424 915 5461; x_wconf 90' lang='grc' dir='ltr'>τι</span> <span class='ocrx_word' id='word_1_831' title='bbox 934 5408 1173 5462; x_wconf 90' lang='grc' dir='ltr'>τοιοῦτον</span> <span class='ocrx_word' id='word_1_832' title='bbox 1200 5406 1539 5478; x_wconf 82' lang='grc' dir='ltr'>ἐνενοοῦμεν,</span> <span class='ocrx_word' id='word_1_833' title='bbox 1567 5406 1676 5461; x_wconf 80' lang='grc' dir='ltr'>οὐδ’</span> <span class='ocrx_word' id='word_1_834' title='bbox 1702 5404 2082 5460; x_wconf 83' lang='grc' dir='ltr'>είσακούεσθαι</span> 
     </span>
    </p>
   </div>
   <div class='ocr_carea' id='block_1_103' title="bbox 495 5494 2084 5571">
    <p class='ocr_par' dir='ltr' id='par_1_103' title="bbox 495 5494 2084 5571">
     <span class='ocr_line' id='line_1_103' title="bbox 495 5494 2084 5571; baseline -0.002 -19"><span class='ocrx_word' id='word_1_835' title='bbox 495 5498 635 5563; x_wconf 81' lang='grc' dir='ltr'>ἄξιοι</span> <span class='ocrx_word' id='word_1_836' title='bbox 661 5497 727 5552; x_wconf 86' lang='grc' dir='ltr'>ἂν</span> <span class='ocrx_word' id='word_1_837' title='bbox 758 5494 920 5571; x_wconf 85' lang='grc' dir='ltr'>ἦμεν·</span> <span class='ocrx_word' id='word_1_838' title='bbox 950 5498 1033 5552; x_wconf 88' lang='grc' dir='ltr'>διό</span> <span class='ocrx_word' id='word_1_839' title='bbox 1058 5515 1221 5568; x_wconf 88' lang='grc' dir='ltr'>φασιν</span> <span class='ocrx_word' id='word_1_840' title='bbox 1240 5515 1254 5529; x_wconf 75' lang='grc' dir='ltr'><strong>ο</strong></span> <span class='ocrx_word' id='word_1_841' title='bbox 1318 5518 1336 5550; x_wconf 82' lang='grc' dir='ltr'>ι</span> <span class='ocrx_word' id='word_1_842' title='bbox 1374 5498 1610 5552; x_wconf 86' lang='grc' dir='ltr'>Ἀδικίαν</span> <span class='ocrx_word' id='word_1_843' title='bbox 1639 5498 1687 5551; x_wconf 83' lang='grc' dir='ltr'>εἰ</span> <span class='ocrx_word' id='word_1_844' title='bbox 1721 5495 1993 5567; x_wconf 84' lang='grc' dir='ltr'>ἐθεώρουν</span> <span class='ocrx_word' id='word_1_845' title='bbox 2024 5496 2084 5549; x_wconf 80' lang='grc' dir='ltr'>ἐν</span> 
     </span>
    </p>
   </div>
   <div class='ocr_carea' id='block_1_104' title="bbox 496 5586 2084 5663">
    <p class='ocr_par' dir='ltr' id='par_1_104' title="bbox 496 5586 2084 5663">
     <span class='ocr_line' id='line_1_104' title="bbox 496 5586 2084 5663; baseline -0.001 -20"><span class='ocrx_word' id='word_1_846' title='bbox 496 5590 694 5662; x_wconf 79' lang='grc' dir='ltr'>καρδίᾳ</span> <span class='ocrx_word' id='word_1_847' title='bbox 722 5608 822 5661; x_wconf 87' lang='grc' dir='ltr'>μου</span> <span class='ocrx_word' id='word_1_848' title='bbox 843 5630 857 5655; x_wconf 86' lang='grc'>,</span> <span class='ocrx_word' id='word_1_849' title='bbox 895 5591 969 5663; x_wconf 83' lang='grc' dir='ltr'>μὴ</span> <span class='ocrx_word' id='word_1_850' title='bbox 999 5589 1369 5646; x_wconf 86' lang='grc' dir='ltr'>είσακουσάτω</span> <span class='ocrx_word' id='word_1_851' title='bbox 1403 5589 1623 5661; x_wconf 86' lang='grc' dir='ltr'>Κύριος.</span> <span class='ocrx_word' id='word_1_852' title='bbox 1652 5609 1670 5640; x_wconf 83' lang='grc' dir='ltr'>ι</span> <span class='ocrx_word' id='word_1_853' title='bbox 1719 5588 1873 5641; x_wconf 75' lang='grc' dir='ltr'>Ἐπεὶ</span> <span class='ocrx_word' id='word_1_854' title='bbox 1906 5586 2084 5641; x_wconf 86' lang='grc' dir='ltr'>τοίνυν</span> 
     </span>
    </p>
   </div>
   <div class='ocr_carea' id='block_1_105' title="bbox 497 5680 2082 5756">
    <p class='ocr_par' dir='ltr' id='par_1_105' title="bbox 497 5680 2082 5756">
     <span class='ocr_line' id='line_1_105' title="bbox 497 5680 2082 5756; baseline -0.001 -18"><span class='ocrx_word' id='word_1_855' title='bbox 497 5684 595 5738; x_wconf 80' lang='grc' dir='ltr'>καὶ</span> <span class='ocrx_word' id='word_1_856' title='bbox 618 5683 718 5755; x_wconf 80' lang='grc' dir='ltr'>τὴν</span> <span class='ocrx_word' id='word_1_857' title='bbox 745 5683 985 5739; x_wconf 86' lang='grc' dir='ltr'>διάνοιαν</span> <span class='ocrx_word' id='word_1_858' title='bbox 1016 5683 1272 5756; x_wconf 89' lang='grc' dir='ltr'>τοιαύτην</span> <span class='ocrx_word' id='word_1_859' title='bbox 1302 5680 1413 5755; x_wconf 71' lang='grc' dir='ltr'>εἶχε</span> <span class='ocrx_word' id='word_1_860' title='bbox 1440 5684 1533 5737; x_wconf 70' lang='grc' dir='ltr'>καὶ</span> <span class='ocrx_word' id='word_1_861' title='bbox 1578 5683 1677 5749; x_wconf 85' lang='grc' dir='ltr'>τάς</span> <span class='ocrx_word' id='word_1_862' title='bbox 1710 5683 1874 5755; x_wconf 79' lang='grc' dir='ltr'>εὐχὰς</span> <span class='ocrx_word' id='word_1_863' title='bbox 1897 5682 2082 5738; x_wconf 87' lang='grc' dir='ltr'>τοιαύ-</span> 
     </span>
    </p>
   </div>
   <div class='ocr_carea' id='block_1_106' title="bbox 569 5866 1028 5932">
    <p class='ocr_par' dir='ltr' id='par_1_106' title="bbox 569 5866 1028 5932">
     <span class='ocr_line' id='line_1_106' title="bbox 569 5866 1028 5932; baseline 0 -11"><span class='ocrx_word' id='word_1_864' title='bbox 569 5866 619 5907; x_wconf 82' lang='grc'>⁸³</span> <span class='ocrx_word' id='word_1_865' title='bbox 652 5866 841 5923; x_wconf 75' lang='lat' dir='ltr'><strong>Matth.</strong></span> <span class='ocrx_word' id='word_1_866' title='bbox 878 5883 951 5932; x_wconf 77' lang='grc' dir='ltr'>γι,</span> <span class='ocrx_word' id='word_1_867' title='bbox 977 5866 1028 5922; x_wconf 87' lang='grc'>6.</span> 
     </span>
    </p>
   </div>
   <div class='ocr_carea' id='block_1_107' title="bbox 2104 5794 2173 5807">
    <p class='ocr_par' dir='ltr' id='par_1_107' title="bbox 2104 5794 2173 5807">
     <span class='ocr_line' id='line_1_107' title="bbox 2104 5794 2173 5807; baseline 0 -4"><span class='ocrx_word' id='word_1_868' title='bbox 2104 5794 2173 5807; x_wconf 59' lang='grc' dir='ltr'>σε...</span> 
     </span>
    </p>
   </div>
   <div class='ocr_carea' id='block_1_108' title="bbox 2184 4673 3769 4753">
    <p class='ocr_par' dir='ltr' id='par_1_108' title="bbox 2184 4673 3769 4753">
     <span class='ocr_line' id='line_1_108' title="bbox 2184 4673 3769 4753; baseline -0.008 -14"><span class='ocrx_word' id='word_1_869' title='bbox 2184 4694 2274 4740; x_wconf 90' lang='lat' dir='ltr'>tur</span> <span class='ocrx_word' id='word_1_870' title='bbox 2316 4703 2329 4739; x_wconf 90' lang='lat'><strong>:</strong></span> <span class='ocrx_word' id='word_1_871' title='bbox 2385 4701 2404 4734; x_wconf 78' lang='grc' dir='ltr'>ι</span> <span class='ocrx_word' id='word_1_872' title='bbox 2430 4682 2510 4737; x_wconf 76' lang='lat' dir='ltr'><strong>Ad</strong></span> <span class='ocrx_word' id='word_1_873' title='bbox 2547 4684 2725 4753; x_wconf 89' lang='lat' dir='ltr'><strong>ipsum</strong></span> <span class='ocrx_word' id='word_1_874' title='bbox 2755 4694 2851 4735; x_wconf 91' lang='lat' dir='ltr'>ore</span> <span class='ocrx_word' id='word_1_875' title='bbox 2894 4692 3017 4733; x_wconf 91' lang='lat' dir='ltr'>meo</span> <span class='ocrx_word' id='word_1_876' title='bbox 3061 4676 3293 4731; x_wconf 86' lang='lat' dir='ltr'><strong>clamavi</strong></span> <span class='ocrx_word' id='word_1_877' title='bbox 3320 4681 3375 4730; x_wconf 91' lang='lat' dir='ltr'><strong>et</strong></span> <span class='ocrx_word' id='word_1_878' title='bbox 3401 4674 3635 4730; x_wconf 78' lang='lat' dir='ltr'><strong>exaltavi</strong></span> <span class='ocrx_word' id='word_1_879' title='bbox 3665 4673 3769 4729; x_wconf 88' lang='lat' dir='ltr'>sub</span> 
     </span>
    </p>
   </div>
   <div class='ocr_carea' id='block_1_109' title="bbox 2183 4765 3769 4849">
    <p class='ocr_par' dir='ltr' id='par_1_109' title="bbox 2183 4765 3769 4849">
     <span class='ocr_line' id='line_1_109' title="bbox 2183 4765 3769 4849; baseline -0.009 -17"><span class='ocrx_word' id='word_1_880' title='bbox 2183 4778 2367 4849; x_wconf 88' lang='lat' dir='ltr'><strong>lingua</strong></span> <span class='ocrx_word' id='word_1_881' title='bbox 2411 4790 2569 4843; x_wconf 88' lang='lat' dir='ltr'><strong>mea;</strong></span> <span class='ocrx_word' id='word_1_882' title='bbox 2622 4794 2640 4826; x_wconf 92' lang='lat'>»</span> <span class='ocrx_word' id='word_1_883' title='bbox 2668 4770 2969 4830; x_wconf 89' lang='lat' dir='ltr'><strong>secundum</strong></span> <span class='ocrx_word' id='word_1_884' title='bbox 3005 4768 3395 4841; x_wconf 86' lang='lat' dir='ltr'><strong>Symmachum</strong></span> <span class='ocrx_word' id='word_1_885' title='bbox 3418 4781 3551 4821; x_wconf 90' lang='lat' dir='ltr'><strong>vero</strong></span> <span class='ocrx_word' id='word_1_886' title='bbox 3580 4784 3594 4820; x_wconf 91' lang='lat'>:</span> <span class='ocrx_word' id='word_1_887' title='bbox 3634 4784 3653 4816; x_wconf 79' lang='grc' dir='ltr'>ι</span> <span class='ocrx_word' id='word_1_888' title='bbox 3682 4765 3769 4836; x_wconf 82' lang='lat' dir='ltr'>lp-</span> 
     </span>
    </p>
   </div>
   <div class='ocr_carea' id='block_1_110' title="bbox 2184 4857 3771 4935">
    <p class='ocr_par' dir='ltr' id='par_1_110' title="bbox 2184 4857 3771 4935">
     <span class='ocr_line' id='line_1_110' title="bbox 2184 4857 3771 4935; baseline -0.009 -8"><span class='ocrx_word' id='word_1_889' title='bbox 2184 4888 2330 4935; x_wconf 90' lang='lat' dir='ltr'><strong>sum,</strong></span> <span class='ocrx_word' id='word_1_890' title='bbox 2382 4871 2570 4934; x_wconf 89' lang='lat' dir='ltr'><strong>aiunt,</strong></span> <span class='ocrx_word' id='word_1_891' title='bbox 2616 4882 2715 4923; x_wconf 92' lang='lat' dir='ltr'><strong>ore</strong></span> <span class='ocrx_word' id='word_1_892' title='bbox 2769 4879 2893 4920; x_wconf 91' lang='lat' dir='ltr'>meo</span> <span class='ocrx_word' id='word_1_893' title='bbox 2946 4860 3231 4924; x_wconf 87' lang='lat' dir='ltr'><strong>invocavi,</strong></span> <span class='ocrx_word' id='word_1_894' title='bbox 3274 4867 3330 4915; x_wconf 91' lang='lat' dir='ltr'>et</span> <span class='ocrx_word' id='word_1_895' title='bbox 3398 4857 3637 4913; x_wconf 79' lang='lat' dir='ltr'><strong>exaltata</strong></span> <span class='ocrx_word' id='word_1_896' title='bbox 3683 4864 3771 4912; x_wconf 82' lang='lat' dir='ltr'>est</span> 
     </span>
    </p>
   </div>
   <div class='ocr_carea' id='block_1_111' title="bbox 2185 4950 3770 5019">
    <p class='ocr_par' dir='ltr' id='par_1_111' title="bbox 2185 4950 3770 5019">
     <span class='ocr_line' id='line_1_111' title="bbox 2185 4950 3770 5019; baseline -0.011 0"><span class='ocrx_word' id='word_1_897' title='bbox 2185 4962 2479 5019; x_wconf 90' lang='lat' dir='ltr'><strong>confestim</strong></span> <span class='ocrx_word' id='word_1_898' title='bbox 2520 4961 2705 5015; x_wconf 90' lang='lat' dir='ltr'><strong>anima</strong></span> <span class='ocrx_word' id='word_1_899' title='bbox 2757 4972 2937 5012; x_wconf 92' lang='lat' dir='ltr'><strong>mea.»</strong></span> <span class='ocrx_word' id='word_1_900' title='bbox 2993 4953 3106 5009; x_wconf 90' lang='lat' dir='ltr'><strong>Sed</strong></span> <span class='ocrx_word' id='word_1_901' title='bbox 3152 4968 3266 5007; x_wconf 91' lang='lat' dir='ltr'><strong>non</strong></span> <span class='ocrx_word' id='word_1_902' title='bbox 3300 4957 3514 5005; x_wconf 85' lang='lat' dir='ltr'><strong>tantum</strong></span> <span class='ocrx_word' id='word_1_903' title='bbox 3561 4950 3770 5003; x_wconf 84' lang='lat' dir='ltr'><strong>oratio-</strong></span> 
     </span>
    </p>
   </div>
   <div class='ocr_carea' id='block_1_112' title="bbox 2184 5038 3768 5123">
    <p class='ocr_par' dir='ltr' id='par_1_112' title="bbox 2184 5038 3768 5123">
     <span class='ocr_line' id='line_1_112' title="bbox 2184 5038 3768 5123; baseline -0.012 -12"><span class='ocrx_word' id='word_1_904' title='bbox 2184 5057 2372 5117; x_wconf 89' lang='lat' dir='ltr'><strong>nibus,</strong></span> <span class='ocrx_word' id='word_1_905' title='bbox 2455 5050 2715 5123; x_wconf 87' lang='lat' dir='ltr'><strong>precibus</strong></span> <span class='ocrx_word' id='word_1_906' title='bbox 2773 5056 2829 5103; x_wconf 91' lang='lat' dir='ltr'><strong>et</strong></span> <span class='ocrx_word' id='word_1_907' title='bbox 2888 5042 3388 5117; x_wconf 85' lang='lat' dir='ltr'><strong>supplicationibus</strong></span> <span class='ocrx_word' id='word_1_908' title='bbox 3464 5039 3535 5095; x_wconf 91' lang='lat' dir='ltr'>ad</span> <span class='ocrx_word' id='word_1_909' title='bbox 3594 5038 3768 5094; x_wconf 90' lang='lat' dir='ltr'><strong>Deum</strong></span> 
     </span>
    </p>
   </div>
   <div class='ocr_carea' id='block_1_113' title="bbox 2182 5130 3768 5207">
    <p class='ocr_par' dir='ltr' id='par_1_113' title="bbox 2182 5130 3768 5207">
     <span class='ocr_line' id='line_1_113' title="bbox 2182 5130 3768 5207; baseline -0.012 -6"><span class='ocrx_word' id='word_1_910' title='bbox 2182 5144 2403 5201; x_wconf 89' lang='lat' dir='ltr'><strong>emissis</strong></span> <span class='ocrx_word' id='word_1_911' title='bbox 2427 5142 2776 5206; x_wconf 87' lang='lat' dir='ltr'><strong>vacavimus;</strong></span> <span class='ocrx_word' id='word_1_912' title='bbox 2808 5137 2909 5195; x_wconf 88' lang='lat' dir='ltr'>sed</span> <span class='ocrx_word' id='word_1_913' title='bbox 2938 5135 3075 5207; x_wconf 88' lang='lat' dir='ltr'><strong>ipsis</strong></span> <span class='ocrx_word' id='word_1_914' title='bbox 3121 5133 3385 5205; x_wconf 87' lang='lat' dir='ltr'><strong>operibus</strong></span> <span class='ocrx_word' id='word_1_915' title='bbox 3423 5130 3768 5201; x_wconf 89' lang='lat' dir='ltr'><strong>iniquitatem</strong></span> 
     </span>
    </p>
   </div>
   <div class='ocr_carea' id='block_1_114' title="bbox 2184 5219 3767 5299">
    <p class='ocr_par' dir='ltr' id='par_1_114' title="bbox 2184 5219 3767 5299">
     <span class='ocr_line' id='line_1_114' title="bbox 2184 5219 3767 5299; baseline -0.013 -7"><span class='ocrx_word' id='word_1_916' title='bbox 2184 5251 2401 5292; x_wconf 85' lang='lat' dir='ltr'><strong>omnem</strong></span> <span class='ocrx_word' id='word_1_917' title='bbox 2433 5233 2681 5289; x_wconf 85' lang='lat' dir='ltr'><strong>aversati.</strong></span> <span class='ocrx_word' id='word_1_918' title='bbox 2704 5245 2931 5299; x_wconf 87' lang='lat' dir='ltr'><strong>sumus;</strong></span> <span class='ocrx_word' id='word_1_919' title='bbox 2973 5228 3047 5282; x_wconf 90' lang='lat' dir='ltr'><strong>ita</strong></span> <span class='ocrx_word' id='word_1_920' title='bbox 3102 5232 3165 5281; x_wconf 90' lang='lat' dir='ltr'>nt</span> <span class='ocrx_word' id='word_1_921' title='bbox 3209 5240 3278 5279; x_wconf 89' lang='lat' dir='ltr'>ne</span> <span class='ocrx_word' id='word_1_922' title='bbox 3323 5222 3544 5293; x_wconf 89' lang='lat' dir='ltr'><strong>quidem</strong></span> <span class='ocrx_word' id='word_1_923' title='bbox 3586 5219 3767 5290; x_wconf 91' lang='lat' dir='ltr'><strong>respi-</strong></span> 
     </span>
    </p>
   </div>
   <div class='ocr_carea' id='block_1_115' title="bbox 2184 5313 3767 5388">
    <p class='ocr_par' dir='ltr' id='par_1_115' title="bbox 2184 5313 3767 5388">
     <span class='ocr_line' id='line_1_115' title="bbox 2184 5313 3767 5388; baseline -0.011 -4"><span class='ocrx_word' id='word_1_924' title='bbox 2184 5345 2310 5385; x_wconf 89' lang='lat' dir='ltr'><strong>cere</strong></span> <span class='ocrx_word' id='word_1_925' title='bbox 2361 5328 2511 5381; x_wconf 90' lang='lat' dir='ltr'><strong>illam</strong></span> <span class='ocrx_word' id='word_1_926' title='bbox 2553 5324 2915 5386; x_wconf 89' lang='lat' dir='ltr'><strong>voluerimus,</strong></span> <span class='ocrx_word' id='word_1_927' title='bbox 2950 5327 3045 5375; x_wconf 87' lang='lat' dir='ltr'><strong>aut</strong></span> <span class='ocrx_word' id='word_1_928' title='bbox 3088 5317 3370 5388; x_wconf 90' lang='lat' dir='ltr'><strong>quidpiam</strong></span> <span class='ocrx_word' id='word_1_929' title='bbox 3402 5316 3652 5385; x_wconf 78' lang='lat' dir='ltr'><strong>iniquum</strong></span> <span class='ocrx_word' id='word_1_930' title='bbox 3682 5313 3767 5369; x_wconf 82' lang='lat' dir='ltr'>vel</span> 
     </span>
    </p>
   </div>
   <div class='ocr_carea' id='block_1_116' title="bbox 2187 5409 3766 5490">
    <p class='ocr_par' dir='ltr' id='par_1_116' title="bbox 2187 5409 3766 5490">
     <span class='ocr_line' id='line_1_116' title="bbox 2187 5409 3766 5490; baseline -0.01 -12"><span class='ocrx_word' id='word_1_931' title='bbox 2187 5424 2372 5478; x_wconf 87' lang='lat' dir='ltr'><strong>animo</strong></span> <span class='ocrx_word' id='word_1_932' title='bbox 2400 5420 2668 5490; x_wconf 86' lang='lat' dir='ltr'><strong>cogitare.</strong></span> <span class='ocrx_word' id='word_1_933' title='bbox 2708 5414 2842 5469; x_wconf 87' lang='lat' dir='ltr'><strong>Nam</strong></span> <span class='ocrx_word' id='word_1_934' title='bbox 2880 5415 2925 5470; x_wconf 92' lang='lat' dir='ltr'>si</span> <span class='ocrx_word' id='word_1_935' title='bbox 2954 5412 3092 5484; x_wconf 88' lang='lat' dir='ltr'><strong>quid</strong></span> <span class='ocrx_word' id='word_1_936' title='bbox 3123 5411 3303 5466; x_wconf 89' lang='lat' dir='ltr'><strong>simile</strong></span> <span class='ocrx_word' id='word_1_937' title='bbox 3341 5409 3766 5479; x_wconf 85' lang='lat' dir='ltr'><strong>cogitassemus,</strong></span> 
     </span>
    </p>
   </div>
   <div class='ocr_carea' id='block_1_117' title="bbox 2191 5500 3768 5584">
    <p class='ocr_par' dir='ltr' id='par_1_117' title="bbox 2191 5500 3768 5584">
     <span class='ocr_line' id='line_1_117' title="bbox 2191 5500 3768 5584; baseline -0.011 -13"><span class='ocrx_word' id='word_1_938' title='bbox 2191 5532 2303 5572; x_wconf 86' lang='lat' dir='ltr'><strong>non</strong></span> <span class='ocrx_word' id='word_1_939' title='bbox 2335 5513 2486 5584; x_wconf 84' lang='lat' dir='ltr'><strong>digni</strong></span> <span class='ocrx_word' id='word_1_940' title='bbox 2530 5526 2751 5567; x_wconf 88' lang='lat' dir='ltr'><strong>eramus</strong></span> <span class='ocrx_word' id='word_1_941' title='bbox 2797 5507 2891 5579; x_wconf 93' lang='lat' dir='ltr'><strong>qui</strong></span> <span class='ocrx_word' id='word_1_942' title='bbox 2938 5504 3349 5563; x_wconf 78' lang='lat' dir='ltr'><strong>exaudiremur.</strong></span> <span class='ocrx_word' id='word_1_943' title='bbox 3402 5500 3768 5569; x_wconf 84' lang='lat' dir='ltr'><strong>Quamobrem</strong></span> 
     </span>
    </p>
   </div>
   <div class='ocr_carea' id='block_1_118' title="bbox 2187 5595 3775 5677">
    <p class='ocr_par' dir='ltr' id='par_1_118' title="bbox 2187 5595 3775 5677">
     <span class='ocr_line' id='line_1_118' title="bbox 2187 5595 3775 5677; baseline -0.012 -13"><span class='ocrx_word' id='word_1_944' title='bbox 2187 5610 2383 5664; x_wconf 88' lang='lat' dir='ltr'><strong>aiunt:</strong></span> <span class='ocrx_word' id='word_1_945' title='bbox 2423 5627 2440 5659; x_wconf 73' lang='grc' dir='ltr'>ι</span> <span class='ocrx_word' id='word_1_946' title='bbox 2470 5604 2816 5677; x_wconf 90' lang='lat' dir='ltr'><strong>lniquitatem</strong></span> <span class='ocrx_word' id='word_1_947' title='bbox 2851 5604 2898 5659; x_wconf 91' lang='lat' dir='ltr'>si</span> <span class='ocrx_word' id='word_1_948' title='bbox 2942 5601 3129 5673; x_wconf 81' lang='lat' dir='ltr'><strong>aspexi</strong></span> <span class='ocrx_word' id='word_1_949' title='bbox 3165 5600 3221 5654; x_wconf 92' lang='lat' dir='ltr'><strong>in</strong></span> <span class='ocrx_word' id='word_1_950' title='bbox 3268 5595 3435 5653; x_wconf 89' lang='lat' dir='ltr'><strong>corde</strong></span> <span class='ocrx_word' id='word_1_951' title='bbox 3475 5609 3620 5657; x_wconf 77' lang='lat' dir='ltr'><strong>meo,</strong></span> <span class='ocrx_word' id='word_1_952' title='bbox 3656 5606 3775 5676; x_wconf 65' lang='lat' dir='ltr'>non</span> 
     </span>
    </p>
   </div>
   <div class='ocr_carea' id='block_1_119' title="bbox 2187 5681 3771 5766">
    <p class='ocr_par' dir='ltr' id='par_1_119' title="bbox 2187 5681 3771 5766">
     <span class='ocr_line' id='line_1_119' title="bbox 2187 5681 3771 5766; baseline -0.013 -7"><span class='ocrx_word' id='word_1_953' title='bbox 2187 5702 2449 5760; x_wconf 85' lang='lat' dir='ltr'><strong>exaudiat</strong></span> <span class='ocrx_word' id='word_1_954' title='bbox 2476 5699 2801 5755; x_wconf 64' lang='lat' dir='ltr'><strong>Dominus.»</strong></span> <span class='ocrx_word' id='word_1_955' title='bbox 2860 5694 3001 5763; x_wconf 80' lang='lat' dir='ltr'><strong>Quia</strong></span> <span class='ocrx_word' id='word_1_956' title='bbox 3034 5709 3168 5766; x_wconf 88' lang='lat' dir='ltr'><strong>ergo</strong></span> <span class='ocrx_word' id='word_1_957' title='bbox 3211 5690 3309 5748; x_wconf 90' lang='lat' dir='ltr'><strong>tali</strong></span> <span class='ocrx_word' id='word_1_958' title='bbox 3344 5694 3526 5747; x_wconf 90' lang='lat' dir='ltr'><strong>mente</strong></span> <span class='ocrx_word' id='word_1_959' title='bbox 3568 5681 3771 5759; x_wconf 66' lang='lat' dir='ltr'><strong>pradi-</strong></span> 
     </span>
    </p>
   </div>
  </div>
