4142 6388
373 387 469 442 671

1035 384 1306 441 EUSEBII
1347 384 1834 441 CASSARIENSIS
1876 385 2034 442 OPP.
2082 385 2270 444 PARS
2305 385 2394 443 ill.
2426 418 2491 430 —
2532 384 2944 442 EXEGETICA.

3532 382 3636 435 672

372 516 463 561 tus
493 505 630 560 tales
667 503 949 560 orationes
987 502 1268 573 fundebat,
1299 504 1423 575 jure
1476 506 1609 560 dicit
1641 525 1659 556 ι
1690 504 1940 576 Propter.

2052 524 2151 570 τας
2186 506 2527 579 ἀνέπεμπεν,
2584 506 2807 569 εἰκότως
2839 504 2997 576 φησί·
3037 522 3056 554 ι
3080 502 3179 556 Διά
3205 499 3362 556 τοῦτο
3386 500 3638 572 εἰσήκου-

374 614 434 653 ea
474 598 750 652 exaudivit
800 596 966 663 Deus,
1013 606 1067 652 et
1114 599 1349 653 attendit
1380 598 1501 652 voci
1540 598 1949 667 deprecationis

373 706 557 745 meae.»
617 688 683 741 Et
720 689 833 743 haec
884 690 939 743 in
973 706 1142 746 causa
1178 698 1334 745 erant
1385 705 1485 744 cur
1539 690 1683 745 Deus
1715 697 1839 760 post
1869 698 1950 743 tot

370 780 723 844 tentationes,
758 780 1011 836 eduxerit
1042 798 1144 836 nos
1180 784 1234 835 in
1270 780 1639 851 refrigerium.
1678 780 1786 834 Pro
1824 781 1948 851 qui-

370 874 469 926 bus
498 871 755 926 omnibus
783 872 1027 927 debitum
1061 874 1362 943 gratiarum
1416 874 1655 929 actionis
1681 873 1949 946 hymnum

370 961 481 1015 Deo
512 962 854 1027 emittentes,
894 971 1070 1016 totum
1121 979 1433 1019 sermonem
1480 964 1586 1018 hoc
1633 980 1734 1019 ceu
1770 964 1952 1034 sigillo

367 1054 745 1109 concludunt:
802 1075 820 1106 ‹
848 1055 1182 1112 Benedictus
1228 1056 1394 1122 Deus,
1450 1058 1544 1128 qui
1587 1073 1697 1112 non
1744 1057 1951 1111 amovit

366 1149 671 1203 orationem
711 1166 885 1204 meam
918 1157 972 1204 et
1032 1151 1471 1206 misericordiam
1524 1166 1680 1206 suam
1722 1165 1752 1204 a
1803 1166 1943 1205 me.»

366 1243 491 1298 Haec
519 1258 685 1312 porro
729 1245 914 1296 omnia
941 1243 1145 1297 chorus
1174 1245 1512 1313 apostolicus
1542 1260 1610 1298 ex
1638 1244 1801 1298 unius
1827 1258 1950 1311 per-

364 1351 521 1400 sona,
550 1336 1017 1398 benedictionem,
1063 1334 1283 1389 laudem
1339 1343 1392 1390 et
1450 1318 1751 1406 gratiarum
1780 1334 1950 1388 actio-

363 1440 483 1479 nem
517 1440 617 1494 pro
664 1425 924 1479 omnibus
972 1440 1139 1494 supra
1190 1426 1508 1480 memoratis
1544 1423 1655 1479 Deo
1688 1423 1946 1491 offerens,

362 1524 487 1588 post
518 1526 599 1572 tot
628 1519 874 1586 prolatos
906 1533 1192 1574 sermones
1222 1518 1559 1589 obsignavit.

362 1632 413 1684 1.
466 1630 535 1685 IN
576 1630 798 1685 FINEM
848 1630 915 1684 IN
1280 1631 1608 1688 PSALMUS
1639 1630 1939 1687 CANTICI.

430 1816 600 1871 Vens.
630 1816 684 1879 2,
719 1817 773 1873 5.
816 1837 834 1868 ‹
854 1815 1000 1872 Deus
1034 1817 1364 1872 misereatur
1382 1817 1555 1871 nostri
1580 1826 1633 1871 et
1662 1816 1948 1871 benedicat

2055 615 2144 650 σεν
2171 599 2198 649 6
2231 598 2360 662 Θεὸς
2390 598 2483 651 καὶ
2516 596 2787 670 προσέσχε
2809 598 2874 665 τῇ
2905 596 3055 665 φωνῇ
3082 593 3182 663 τῆς
3204 590 3441 664 δεήσεώς
3468 609 3587 663 μου.
3610 608 3632 642 »

2058 691 2170 744 Καὶ
2188 689 2360 744 ταῦτα
2391 685 2457 761 ἦν
2490 688 2559 743 τὰ
2592 689 2743 743 αἴτια
2772 688 2838 741 δι’
2862 688 2898 742 ἀ
2923 686 3190 758 ἐξήγαγεν
3222 686 3371 755 ἡμᾶς
3399 687 3480 748 εἰς
3504 685 3637 737 ἀνα-

2050 783 2226 854 ψυχὴν
2249 783 2386 854 μετά
2405 784 2530 846 τοὺς
2548 781 2836 845 τοσούτους
2858 778 3215 851 πειρασμούς.
3256 778 3370 847 Ἐφ’
3390 772 3471 841 οἷς
3494 776 3636 831 ᾶπα-

2052 894 2105 929 σι
2135 876 2225 929 τὸν
2255 874 2599 946 ὀφειλόμενον
2628 874 3045 946 εὐχαριστήριον
3090 871 3254 942 ὕμνον
3282 871 3634 941 ἀναπέμπον-

2050 986 2141 1032 τες
2172 967 2250 1038 τῷ
2280 967 2417 1038 Θεῷ,
2448 967 2867 1038 ὲπισφράγισμα
2896 964 2991 1017 τοῦ
3022 964 3218 1027 παντὸς
3245 962 3526 1016 ποιοῦνται
3549 961 3635 1014 λό-

2052 1077 2149 1128 γου
2181 1061 2481 1129 φάσκοντες
2502 1077 2514 1089 ·
2546 1079 2564 1111 ι
2588 1059 2893 1131 Εὐλογητὸς
2917 1060 2945 1111 ὁ
2976 1057 3128 1121 Θεὸς,
3158 1056 3217 1119 ὃς
3241 1056 3341 1108 οὐκ
3367 1055 3634 1126 ἀπέστρε-

2050 1153 2117 1223 ψε
2142 1153 2238 1224 τὴν
2265 1153 2572 1225 προσευχήν
2600 1170 2720 1224 μου,
2773 1152 2865 1205 καὶ
2888 1151 2947 1204 τὸ
2970 1150 3114 1214 ἕλεος
3139 1149 3303 1204 αὐτοῦ
3324 1151 3419 1203 ἀπ’
3441 1147 3628 1218 ἐμοῦ.»

2050 1246 2232 1300 Ταῦτα
2257 1246 2322 1299 δὲ
2340 1247 2515 1300 πάντα
2546 1248 2574 1298 6
2602 1246 2762 1317 χορὸς
2792 1246 2822 1297 6
2852 1243 3207 1307 ἀποστολικὸς
3228 1242 3287 1308 ἐξ
3311 1242 3429 1305 ἐνὸς
3461 1257 3633 1312 προσ-

2051 1340 2199 1393 ώπου
2244 1339 2383 1410 μετὰ
2420 1340 2627 1401 πάντας
2677 1340 2801 1401 τοὺς
2854 1336 3247 1408 προλεχθέντας
3296 1336 3486 1404 λόγους
3535 1335 3634 1386 ἐπ·

2050 1433 2439 1502 εσφραγίσατο,
2470 1430 2717 1498 εὐλογίαν
2743 1430 2836 1483 καὶ
2858 1428 3161 1497 δοξολογίαν
3178 1428 3270 1480 καὶ
3287 1426 3635 1498 εὐχαριστίαν

2051 1525 2145 1577 ἐπὶ
2180 1525 2312 1576 πᾶσι
2353 1526 2465 1585 τοῖς
2499 1521 2871 1593 προλεχθεῖσιν
2906 1520 3247 1591 ἀναπέμπων
3280 1519 3358 1589 τῷ
3382 1517 3522 1589 Θεῷ.

2051 1636 2100 1689 1.
2142 1633 2251 1686 ΕΙΣ
2286 1634 2372 1686 ΤΟ
2401 1633 2624 1687 ΤΕΛΟΣ
2665 1633 2757 1686 ΕΝ
2782 1629 3058 1769 ἐὲξΝΟΙΣ
3098 1628 3391 1682 ΨΑΛΜΟΣ
3429 1626 3629 1697 ῼΛΗΣ.

2125 1839 2143 1870 ι
2167 1819 2223 1873 Ὀ
2246 1818 2376 1882 Θεὸς
2397 1820 2732 1890 οἰκτειρήσω.
2753 1819 2897 1887 ἡμᾶς
2912 1815 3004 1869 καὶ
3024 1816 3218 1886 εὐλογή
3228 1832 3315 1867 σαι
3330 1815 3497 1885 ἡμᾶς,
3515 1816 3631 1867 ἐπι-

360 1910 541 1972 nobis,
559 1910 830 1964 illuminet
845 1911 1050 1963 vultum
1066 1926 1222 1965 suum
1239 1925 1537 1978 supernos,
1552 1917 1605 1964 et
1621 1910 1940 1964 misereatur

2052 1911 2213 1979 φάναι
2236 1911 2295 1963 τὸ
2318 1888 2605 1982 πρόσωπον
2625 1888 2788 1961 αὐτοῦ
2808 1909 2890 1975 ἐφ’
2907 1908 3055 1977 ἡμᾶς
3072 1907 3165 1959 καὶ
3181 1904 3401 1976 ὲλεήσαι
3426 1905 3591 1975 ἡμᾶς.
3607 1923 3625 1953 »

358 2000 590 2054 nostri.»
634 1999 885 2055 Praesens
914 2016 1133 2071 quoque
1150 2001 1415 2070 psalmus,
1441 2000 1789 2070 evangelicus
1817 2015 1941 2054 cum

357 2092 453 2157 sit,
504 2091 682 2147 eidem
729 2107 793 2147 ac
841 2092 1158 2165 praecedens
1197 2095 1366 2148 haeret
1415 2092 1733 2157 sententiae;
1770 2106 1943 2161 quare

363 2185 479 2239 «ad
534 2185 743 2240 ﬁnem»
782 2193 837 2238 et
888 2186 1007 2255 ipse
1064 2186 1329 2251 remittit,
1389 2193 1554 2254 atque
1620 2184 1943 2238 «canticum

266 2320 275 2329 .
356 2275 593 2343 psalmi»
628 2274 986 2341 inscribitur;
1020 2277 1148 2345 quia
1180 2276 1271 2330 ille
1294 2290 1515 2346 quoque
1542 2275 1787 2345 psalmus
1818 2288 1944 2329 can-

355 2366 449 2420 tici
482 2381 605 2421 esse
634 2367 944 2422 dicebatur.
990 2365 1253 2422 Fortasse
1281 2382 1414 2421 vero
1456 2365 1580 2422 ideo
1621 2376 1816 2422 neuter
1845 2381 1941 2421 eo-

355 2473 479 2511 rum
508 2458 669 2527 cujus
726 2459 840 2513 sint
892 2475 1178 2514 sermones
1216 2461 1268 2512 in
1304 2460 1464 2513 titulo
1496 2459 1762 2523 declarat,
1794 2457 1942 2529 quod

355 2549 713 2605 manifestum
767 2551 840 2604 sit
883 2565 1135 2619 qumnam
1171 2566 1420 2620 personae
1470 2551 1525 2605 in
1582 2558 1816 2620 utroque
1861 2551 1945 2602 lo-

353 2649 589 2711 quentes
618 2641 973 2697 inducantur.
1000 2642 1212 2697 Etenim
1236 2643 1479 2712 gentium
1507 2657 1809 2712 prmcones,
1828 2641 1943 2697 sive

353 2734 591 2802 apostoli
644 2732 956 2790 Servatoris
1000 2736 1200 2797 nostri,
1264 2736 1322 2788 in
1366 2742 1600 2805 utroque
1648 2751 1943 2790 assumun-

361 2833 476 2875 tur.
537 2822 640 2888 Qui
675 2826 859 2877 statim
894 2825 961 2878 ab
983 2826 1213 2879 exordio
1243 2826 1297 2879 in
1326 2827 1579 2895 praesenti
1610 2827 1822 2896 psalmo
1843 2841 1943 2880 nec

355 2915 575 2969 occulte
609 2916 915 2969 acclamant
947 2917 1000 2970 in
1031 2926 1175 2970 terra
1207 2924 1261 2971 et
1304 2918 1358 2971 in
1406 2919 1662 2973 omnibus
1688 2918 1942 2987 gentibus

355 3007 597 3061 salutare
656 3006 775 3072 Dei,
832 3017 888 3062 et
955 3009 1102 3061 viam
1164 3008 1285 3077 ejus
1334 3010 1595 3079 cognosci
1629 3017 1938 3078 precantes,

353 3094 549 3149 deinde
573 3096 761 3151 aiunt:
800 3114 818 3147 ι
843 3096 1224 3151 Couﬁteantur
1251 3098 1349 3151 tibi
1376 3099 1585 3167 populi,
1618 3096 1782 3160 Deus,
1812 3114 1943 3153 con-

355 3185 613 3241 fiteantur
642 3188 741 3240 tibi
796 3189 982 3258 populi
1012 3204 1230 3244 omnes.
1277 3188 1555 3243 Laetentur
1580 3200 1633 3245 et
1664 3192 1940 3246 exsultent

353 3286 600 3350 gentes.»
644 3279 817 3345 Quem
852 3296 1162 3336 sermonem
1196 3281 1440 3336 secundo
1473 3282 1539 3336 ad
1572 3282 1817 3336 vaticinii
1847 3283 1939 3336 lir-
1966 3256 2007 3314 (ἶ

351 3372 597 3428 mitatem
654 3381 933 3443 repetunt.
977 3373 1196 3430 Chorus
1226 3375 1392 3446 igitur
1432 3376 1791 3444 apostolicus,
1843 3378 1937 3446 qui

352 3466 506 3537 prius
533 3466 774 3522 dixerat:
804 3486 820 3517 ι
868 3465 1105 3522 Juhilate
1150 3467 1281 3531 Deo,
1320 3468 1501 3522 omnis
1546 3468 1787 3533 terra“;
1817 3488 1834 3519 »
1883 3476 1938 3524 et

355 3576 613 3615 rursum:
658 3579 676 3611 ι
705 3559 898 3615 Omnis
930 3568 1075 3615 terra
1108 3561 1300 3616 adoret
1348 3568 1400 3615 te
1415 3561 1494 3629 3";
1522 3580 1540 3612 »
1580 3561 1932 3631 iterumque:

358 3669 377 3702 ‹
405 3650 741 3717 Benedicite,
776 3663 989 3723 gentes,
1022 3652 1192 3708 Deum
1242 3662 1495 3708 nostrum
1518 3654 1595 3721 ⁸ος
1626 3673 1643 3705 »
1689 3655 1743 3707 in
1790 3671 1936 3724 prae-

347 3744 491 3799 senti
541 3744 755 3817 psalmo
790 3746 1069 3807 similiter,
1113 3746 1555 3801 animadvertens
1592 3763 1792 3817 magno
1829 3747 1933 3801 sibi

345 3851 488 3905 opus
535 3852 661 3892 esse
721 3837 788 3892 ad
851 3836 1094 3893 faustum
1147 3839 1477 3909 evangelicae
1527 3839 1936 3910 praedicationis

346 3929 553 4001 exitum
592 3927 683 3983 Dei
718 3928 945 3993 auxilio,
984 3928 1142 3999 quasi
1185 3930 1290 3983 sibi
1342 3930 1646 3985 accinendo
1692 3930 1772 3985 sic
1806 3946 1934 4000 pre-

347 4027 536 4073 catur:
577 4038 595 4070 ι
619 4021 763 4074 Deus
792 4022 1118 4075 misereatur
1150 4022 1326 4075 nostri
1359 4029 1413 4076 et
1433 4023 1721 4077 benedicat
1752 4023 1934 4086 nobis,

348 4110 622 4165 illuminet
656 4113 869 4165 vultum
911 4129 1073 4168 suum
1109 4130 1276 4184 super
1317 4130 1442 4178 nos,
1500 4124 1554 4170 et
1604 4116 1935 4169 misereatur

349 4203 582 4256 nostri.»
663 4203 774 4259 Nos
821 4206 1024 4275 quippe
1082 4206 1221 4259 nihil
1280 4206 1520 4261 dicimus
1580 4222 1727 4270 esse,
1796 4205 1934 4258 nihil

348 4308 513 4362 posse
544 4294 797 4361 fatemur,
833 4312 960 4350 cum
994 4297 1435 4362 viles_homines,
1479 4298 1778 4367 simplices,
1809 4312 1937 4366 pau-

348 4402 507 4457 peres
534 4397 589 4441 et
604 4389 887 4442 hominum
918 4391 1181 4459 postremi
1215 4391 1409 4445 simus.
1442 4390 1563 4459 Ipse
1593 4406 1722 4445 vero
1756 4390 1925 4453 Deus,

2045 2003 2155 2055 Kal.
2186 2005 2213 2055 6
2244 2001 2432 2073 παρὼν
2457 2000 2667 2070 ψαλμὸς
2695 1998 3049 2067 εὐαγγελικὸς
3072 1996 3169 2062 ὣν,
3202 1997 3299 2067 τῆς
3326 1996 3493 2066 αὐτῆς
3515 1994 3633 2066 ἕχε-

2044 2112 2132 2146 ται
2164 2091 2241 2163 τῷ
2271 2092 2376 2163 πρὸ
2405 2091 2568 2145 αὐτοῦ
2602 2090 2842 2152 διανοίας
2862 2108 2873 2120 ο
2918 2088 3106 2159 διόπερ
3159 2107 3176 2139 ι
3201 2088 3281 2151 είς
3322 2087 3382 2139 τὸ
3433 2086 3583 2147 τέλος
3605 2102 3625 2135 »

2043 2184 2400 2254 παραπέμπει
2429 2183 2524 2234 καὶ
2550 2180 2711 2243 αὐτὸς
2737 2221 2750 2244 ,
2789 2199 2806 2230 ι
2826 2178 2936 2250 ᾠδή
2965 2198 2984 2230 »
3023 2195 3082 2231 τε
3115 2196 3131 2229 ι
3155 2176 3401 2248 ψαλμοῦ»
3443 2177 3631 2245 ἐπιγέ-

2043 2292 2289 2347 γραπται
2314 2288 2327 2302 ⁶
2361 2274 2482 2327 ἐπεὶ
2511 2274 2759 2335 κάκεῖνος
2783 2271 2997 2342 ψαλμὸς
3025 2271 3166 2341 ᾠδῆς
3210 2270 3425 2339 ἐλέγετε
3468 2266 3627 2324 εἶναι.

2041 2368 2270 2437 Μήποτε
2308 2367 2365 2419 δὲ
2399 2367 2459 2419 τὸ
2493 2366 2638 2428 τίνος
2671 2360 2776 2417 εἶεν
2799 2364 2946 2433 λόγοι
2973 2364 3254 2436 οὐδέτερος
3276 2362 3453 2417 αὐτῶν
3475 2365 3532 2416 ἐν
3559 2366 3627 2436 τῇ

2043 2462 2335 2531 προγραφῇ
2368 2459 2660 2529 παρίστησι
2688 2458 2775 2510 διὰ
2799 2458 2859 2510 τὸ
2892 2456 3121 2528 ἐναργὲς
3148 2456 3254 2508 τῶν
3279 2454 3629 2526 προφητικῶς

2041 2554 2383 2623 εἰσηγμένων
2432 2554 2491 2605 ὲν
2524 2552 2707 2614 αὐτοῖς
2740 2548 3063 2621 προσώπων.
3130 2550 3193 2603 Οἱ
3227 2549 3468 2620 κήρυκες
3501 2547 3631 2617 γοῦν

2040 2643 2148 2697 τῶν
2174 2643 2343 2697 ἐθνῶν
2361 2683 2376 2709 ,
2411 2644 2460 2697 οἱ
2489 2644 2774 2697 ἀπόστολοι
2802 2642 3003 2715 δηλαδὴ
3036 2643 3129 2695 τοῦ
3165 2643 3420 2713 Σωτῆρος
3449 2641 3627 2712 ήμῶν,

2040 2739 2097 2790 ὲν
2133 2738 2378 2809 ἐκατέρῳ
2410 2737 2853 2809 παρελήφθησαν.
2887 2736 3095 2789 Αὐτίκα
3126 2735 3256 2802 γοῦν
3288 2736 3380 2787 καὶ
3412 2734 3498 2787 διά
3522 2733 3629 2788 τῶν

2041 2830 2416 2901 προκειμένων
2446 2829 2774 2893 ἀκαλύπτως
2808 2828 3109 2882 ἀναϐοῶσιν
3147 2831 3203 2881 ἐν
3236 2831 3300 2899 τῇ
3336 2830 3407 2899 γῇ
3445 2828 3540 2881 καὶ
3571 2828 3631 2881 ἐν

2042 2923 2176 2974 πᾶσι
2196 2925 2307 2985 τοῖς
2332 2922 2506 2975 ἔθνεσι
2525 2923 2586 2975 τό
2606 2940 2663 2974 τε
2689 2923 2955 2993 σωτήριον
2975 2920 3068 2974 τοῦ
3086 2920 3219 2973 Θεοῦ
3240 2961 3254 2984 ,
3278 2921 3372 2974 καὶ
3392 2921 3491 2991 τὴν
3511 2920 3628 2973 ὁδὸν

2042 3012 2204 3066 αὐτοῦ
2234 3012 2541 3084 γνωσθῆναι
2565 3013 2843 3083 εὐχόμενοι
2864 3030 2879 3045 ο
2903 3010 3003 3067 εἷθ’
3025 3012 3181 3081 ἑξῆς
3223 3032 3240 3064 ι
3277 3011 3631 3084 Ἐξομολογη-

2044 3106 2328 3160 σάσθωσάν
2358 3125 2438 3160 σοι
2468 3107 2586 3160 λαοὶ
2606 3148 2619 3171 ,
2667 3110 2695 3161 6
2726 3107 2858 3170 Θεὸς
2879 3147 2891 3169 ,
2929 3106 3516 3177 ἐξομολογησάσθωσάν
3548 3124 3628 3159 σοι

2041 3198 2159 3253 λαοὶ
2214 3200 2432 3263 πάντες.
2511 3199 2987 3272 Εὐφρανθήτωσαν
3039 3200 3131 3252 καὶ
3182 3198 3630 3267 ἀγαλλιάσθωσαν

2040 3293 2187 3362 ἔθνη.
2206 3312 2222 3343 »
2257 3291 2366 3344 Καὶ
2392 3285 2546 3355 αὖθις
2580 3291 2894 3362 δευτεροῦσι
2924 3291 3015 3343 τὸν
3044 3289 3200 3357 λόγον
3231 3290 3311 3352 είς
3342 3288 3629 3359 βεϐαίωσιν

2039 3383 2145 3435 τῶν
2176 3380 2605 3452 θεσπιζομένων.
2653 3382 2710 3434 '0
2739 3380 2898 3451 χορὸς
2931 3380 3108 3433 τοίνυν
3142 3381 3170 3431 6
3198 3378 3574 3443 ἀποστολικὸς,
3604 3379 3629 3432 5

2038 3474 2125 3527 διά
2146 3473 2253 3527 τῶν
2274 3473 2582 3544 ἔμπροσθεν
2601 3470 2855 3543 εἰρηκώς·
2881 3490 2898 3521 ι
2923 3468 3248 3534 Ἀλαλάξατε
3266 3468 3343 3539 τῷ
3360 3469 3499 3539 Θεῷ,
3526 3470 3630 3523 πᾶ-

2040 3568 2153 3636 σαή
2171 3566 2243 3635 γῆ
2260 3583 2273 3596 ο
2290 3584 2308 3617 »
2337 3565 2431 3618 καὶ
2452 3560 2608 3627 αὖθις
2625 3581 2638 3594 '
2665 3584 2681 3614 ι
2707 3564 2910 3632 Πᾶσαή
2932 3563 3004 3632 γῆ
3023 3562 3557 3632 προσκυνησάτωσαν
3572 3578 3621 3613 ο)

2038 3658 2132 3711 καὶ
2158 3657 2337 3710 πάλιψ
2369 3676 2386 3707 ι
2413 3656 2725 3724 Εὐλογεῖτε,
2748 3654 2896 3726 ἔθνη,
2918 3654 3007 3706 τὸν
3032 3654 3162 3706 Θεὸν
3190 3652 3347 3723 ήμῶν
3367 3671 3379 3683 ·
3411 3672 3427 3703 »
3454 3654 3548 3707 καὶ
3571 3655 3629 3707 ὲν

2037 3747 2113 3819 τῷ
2145 3748 2282 3819 μετά
2311 3750 2497 3819 χεῖρας
2527 3748 2745 3818 ὁμοίως,
2771 3746 2933 3817 ὁρῶν,
2952 3746 3032 3798 ὅτι
3062 3744 3263 3814 πολλῆς
3294 3744 3464 3797 δεῖται
3502 3762 3630 3797 συν-

2038 3841 2225 3913 εργίας
2255 3841 2387 3893 Θεοῦ
2423 3842 2502 3905 εἰς
2545 3840 2880 3912 κατόρθωσιν
2922 3837 3013 3891 τοῦ
3065 3837 3417 3906 εὐαγγελικοῦ
3455 3837 3627 3909 κηρύ-

2037 3949 2267 4000 γματος,
2286 3931 2474 4003 ῶσπερ
2498 3932 2814 4002 κατεπᾴδων
2838 3929 3011 4001 ἐαυτῷ
3032 3930 3098 3983 δι’
3121 3929 3285 3999 εὐχῆς
3309 3946 3470 3999 φησιν
3487 3947 3499 3959 °
3530 3950 3548 3981 ι
3571 3931 3629 3981 Ὁ

2035 4024 2166 4086 Θεὸς
2187 4026 2527 4096 οἰκτειρήσαι
2550 4026 2697 4094 ἡμᾶς
2720 4025 2813 4076 καὶ
2842 4023 3131 4093 εὐλογήσαι
3160 4024 3337 4092 ἡμᾶς,
3366 4021 3627 4090 ὲπιφάναι

2036 4114 2096 4166 τὸ
2130 4113 2421 4184 πρόσωπον
2449 4114 2614 4167 αὐτοῦ
2661 4115 2746 4182 ἐφ’
2778 4115 2927 4183 ήμᾶς
2951 4154 2966 4177 ,
2999 4114 3093 4165 καὶ
3140 4113 3358 4183 ὲλεήσαι
3412 4113 3577 4182 ήμᾶς.
3602 4131 3620 4162 »

2049 4205 2238 4275 Ἡμεῖς
2273 4205 2372 4275 μὲν
2404 4204 2513 4275 γάρ
2543 4206 2766 4267 ἑαυτοὺς
2807 4205 2869 4257 τὸ
2906 4204 3074 4275 μηθὲν
3115 4200 3253 4257 εἶναί
3286 4221 3496 4274 φαμεν,
3534 4205 3629 4257 καὶ

2036 4297 2097 4350 τὸ
2135 4298 2300 4368 μηδὲν
2325 4297 2582 4352 δύνασθαι
2608 4297 3011 4368 ὁμολογοῦμεν,
3046 4297 3280 4361 εὐτελεῖς
3331 4298 3483 4360 ὅντες
3531 4299 3627 4351 καὶ

2041 4389 2248 4443 ίδιῶται
2272 4431 2286 4455 ,
2319 4389 2553 4460 πένητές
2578 4407 2638 4443 τε
2674 4390 2768 4443 καὶ
2801 4390 3018 4443 πάντων
3046 4390 3262 4460 ἔσχατοι
3289 4390 3383 4443 ἀνθ
3395 4389 3589 4461 ρώπων
3608 4408 3622 4420 ⁸

347 4482 441 4553 qui
479 4498 579 4536 nos
610 4483 663 4534 in
696 4482 889 4536 salutis
920 4483 1161 4551 gentium
1192 4482 1475 4538 ministros
1507 4482 1732 4551 adlegit,
1759 4483 1934 4550 primo

2042 4482 2198 4545 αὐτὸς
2218 4482 2273 4534 δὲ
2292 4483 2321 4534 6
2336 4481 2466 4545 Θεὸς
2488 4481 2771 4553 βουληθεὶς
2796 4484 2941 4553 ἡμᾶς
2959 4483 3237 4553 ὑπηρέτας
3256 4482 3507 4551 γενέσθαι
3528 4484 3627 4552 τῆς

347 4574 567 4643 quidem
620 4573 950 4627 misereatur
983 4573 1180 4634 nostri,
1221 4582 1422 4627 nostrae
1454 4573 1667 4629 scilicet
1696 4572 1931 4625 inﬁrmi-

2042 4574 2144 4626 τῶν
2164 4573 2332 4627 ἐθνῶν
2357 4575 2649 4647 σωτηρίας,
2675 4574 2893 4646 πρῶτον
2923 4575 3019 4645 μὲν
3042 4576 3433 4645 οἰκτειρήσειεν
3458 4576 3623 4645 ήμᾶς,

346 4666 477 4720 tatis
532 4664 1394 4731 commiserationemoveatur;
1447 4663 1645 4717 deinde
1716 4663 1927 4733 aliquid

2042 4659 2216 4716 οἶκτον
2245 4662 2401 4734 ήμῶν
2431 4662 2609 4715 λαϐὼν
2636 4664 2735 4735 τῆς
2762 4664 3045 4730 ἀσθενείας
3068 4683 3080 4694 ·
3136 4662 3252 4717 εἶτα
3282 4665 3543 4737 προσθείη
3572 4683 3626 4719 τι

349 4758 572 4826 adjiciat
600 4757 746 4827 quod
776 4757 1094 4813 confortare
1136 4758 1341 4822 valeat;
1384 4757 1440 4812 id
1471 4765 1574 4817 est,
1621 4764 1679 4810 ut
1710 4757 1931 4811 benedi-

2042 4754 2099 4805 τὸ
2125 4753 2421 4825 δυνάμενον
2449 4756 2595 4825 ἡμᾶς
2616 4755 2932 4825 δυναμῶσαι
2957 4772 2970 4786 ο
3019 4754 3178 4808 τοῦτο
3207 4757 3263 4810 δὲ
3285 4753 3351 4828 ἦν
3380 4758 3440 4810 τὸ
3472 4757 3623 4812 εὐλο-

348 4858 437 4903 cat
465 4849 646 4912 nobis,
680 4849 1064 4904 benedictione
1095 4864 1228 4904 sane
1272 4848 1577 4918 spirituali;
1633 4863 1743 4918 quo
1781 4848 1930 4904 illius

2042 4846 2203 4917 γῆσαι
2235 4848 2414 4917 ἡμᾶς’
2468 4847 2688 4918 εὐλογίᾳ
2715 4847 2778 4919 δὴ
2811 4852 3149 4920 πνευματικῇ
3177 4889 3191 4913 ,
3228 4850 3302 4913 ὡς
3330 4850 3394 4903 ἂν
3424 4851 3518 4903 καὶ
3546 4853 3626 4914 εἰς

347 4944 519 5013 gratia
572 4943 625 4996 in
655 4957 756 4997 nos
786 4942 1099 5011 impleatur,
1131 4948 1191 4994 ut
1221 4956 1317 5010 par
1348 4948 1451 5004 est,
1486 4940 1802 5010 bujusmodi
1834 4941 1930 4996 be-

2042 4940 2189 5010 ήμᾶς
2225 4939 2540 5011 πληρωθείη
2596 4941 2918 5012 πρεπόντως
2946 4945 3012 5013 τῇ
3046 4942 3209 4995 αὐτοῦ
3241 4942 3423 5013 χάριτι
3455 4945 3487 5013 ή
3526 4943 3627 5012 φά-

346 5036 623 5096 ncdictio:
693 5053 711 5085 ι
736 5034 998 5101 Crescite,
1036 5043 1090 5090 et
1122 5032 1590 5103 multiplicamini,
1638 5043 1691 5089 et
1725 5034 1931 5103 replete

346 5134 573 5191 terram,
597 5134 652 5181 et
676 5127 1033 5181 dominamini
1064 5128 1326 5182 illiuss’.»
1373 5124 1499 5180 Haec
1524 5126 1670 5180 enim
1703 5142 1732 5179 a
1768 5126 1927 5195 prin~

348 5220 490 5289 cipio
522 5220 577 5273 in
605 5219 796 5274 mundi
838 5229 1029 5274 exortu
1066 5220 1212 5275 dicta
1262 5228 1425 5275 sunt:
1457 5235 1579 5289 quae
1611 5217 1784 5273 Judaei
1817 5234 1925 5273 non

348 5314 455 5366 alio
494 5328 660 5382 quam
717 5328 985 5383 corporeo
1032 5328 1209 5377 more,
1264 5328 1362 5383 per
1410 5311 1925 5381 multiplicationem

346 5403 570 5473 impleta
618 5412 835 5474 putant.
875 5402 987 5459 Nos
1032 5412 1213 5459 autem
1263 5404 1419 5474 gnari
1473 5404 1669 5457 animae
1709 5418 1928 5473 quoque

344 5498 557 5568 prolem
592 5513 718 5551 esse
794 5505 959 5565 atque
1005 5496 1311 5566 discipulos
1361 5512 1483 5552 esse
1536 5496 1927 5565 magistrorum

349 5587 511 5649 filios,
553 5586 868 5654 bujusmodi
910 5587 1351 5643 benedictionem
1402 5586 1668 5656 consequi
1730 5600 1927 5655 preca—

355 5694 499 5742 mur,
532 5688 589 5733 ut
630 5694 947 5735 crescamus
998 5692 1054 5735 et
1108 5680 1539 5750 multiplicemur
1577 5677 1929 5732 multitudine

390 5822 466 5893 6“
491 5858 636 5915 Psal.
664 5874 787 5921 va,
818 5860 867 5916 ι.
945 5860 989 5894 ει
1015 5860 1145 5916 ibid.
1189 5862 1235 5915 ι.

2042 5046 2246 5083 σκουσα
2301 5030 2518 5099 εὐλογία
2543 5044 2557 5058 °
2612 5050 2629 5082 ‹
2659 5030 2961 5095 Αὐξάνεσθε
2986 5034 3079 5087 καὶ
3124 5033 3492 5105 πληθύνεσθε,
3533 5034 3625 5086 καὶ

2040 5122 2362 5194 πληρώσατε
2382 5124 2479 5195 τὴν
2504 5124 2626 5194 γῆν,
2654 5125 2746 5177 καὶ
2772 5127 3236 5197 κατακυριεύσατε
3262 5128 3448 5198 αὐτῆς.
3465 5126 3625 5179 »Ταῦ-

2036 5232 2102 5267 τα
2135 5216 2234 5285 μὲν
2255 5216 2363 5288 γὰρ
2387 5216 2480 5269 καὶ
2504 5217 2671 5270 πάλαι
2692 5218 2810 5286 κατ’
2838 5218 3011 5289 ἀρχὰς
3032 5220 3125 5271 ἐπὶ
3148 5220 3243 5289 τῆς
3269 5218 3624 5289 κοσμοποιίας

2035 5306 2222 5378 εἴρητο
2241 5325 2253 5337 ·
2291 5308 2552 5380 ἐνομίσθη
2584 5327 2644 5363 τε
2684 5311 2957 5374 Ἰουδαίοις
2983 5312 3083 5364 οὐκ
3116 5310 3289 5373 ἄλλως
3318 5310 3351 5380 ἢ
3382 5327 3623 5379 σωματι-

2036 5398 2148 5463 κῶς
2178 5399 2352 5470 μόνως
2377 5401 2466 5454 διὰ
2496 5402 2596 5472 τῆς
2622 5403 2971 5466 πολυτελείας
3002 5402 3360 5474 πληροῦσθαι.
3434 5403 3621 5472 Ἡμεῖς

2034 5490 2114 5554 δὲ,
2148 5491 2367 5557 εἰδότες,
2394 5492 2469 5556 ὡς
2489 5492 2603 5548 ἔστι
2632 5496 2726 5548 καὶ
2752 5495 2930 5565 ψυχῆς
2956 5495 3176 5563 ἔκγονα,
3201 5492 3535 5547 διδασκάλων
3560 5506 3620 5543 τε

2038 5582 2224 5646 παῖδες
2262 5586 2309 5637 οἱ
2348 5585 2774 5657 μαθητευόμενοι
2799 5627 2813 5651 ,
2855 5586 3110 5657 τοιαύτης
3155 5585 3409 5656 ἀξιοῦμεν
3438 5585 3619 5654 τυχεῖν

2038 5674 2285 5744 εὐλογίας
2306 5717 2319 5743 ,
2336 5677 2412 5741 ὡς
2436 5677 2502 5733 ἂν
2524 5679 2782 5753 αὐξηθείη
2792 5698 2888 5753 μεν
2912 5679 3007 5734 καὶ
3030 5678 3360 5751 πληθυνθείη
3370 5695 3467 5750 μεν
3484 5676 3619 5748 πλή-

1395 5860 1438 5891 ⁸6
1468 5858 1598 5914 ibid.
1625 5858 1679 5914 8.
1756 5858 1803 5899 ⁸⁷
1832 5857 1967 5913 Gen.
2003 5874 2041 5924 ι,
2077 5856 2172 5912 Q8.
