4146 6390
482 369 587 423 675

1592 362 2103 419 LOMMENTABIA
2145 362 2212 418 IN
2250 361 2595 419 PSALMOS.

3655 364 3755 422 6'74

483 488 564 541 θει
587 484 696 539 τῶν
720 491 1174 555 μαθητευομενων
1193 523 1208 547 ,
1236 481 1463 553 μυριάσι
1485 500 1544 535 τε
1565 482 1673 536 τῶν
1694 483 1761 537 δι’
1784 484 1941 556 ἡμῶν
1970 500 2065 537 σω-

2179 482 2597 552 discipulorum,
2615 490 2779 552 atque
2795 480 3009 534 inﬁnito
3029 495 3219 536 eorum
3239 481 3331 551 qui
3357 495 3453 551 per
3484 494 3585 535 nos
3610 482 3759 536 salu—

479 577 722 647 ζομένων
743 616 757 638 ,
786 574 862 637 ὡς
888 574 953 626 ἂν
989 575 1163 625 εἰπεῖν
1182 588 1194 602 ·
1242 591 1259 622 ι
1285 572 1593 643 Εὐλογητὸς
1631 575 1659 625 6
1686 573 1819 636 Θεὸς
1852 576 1880 626 6
1918 573 2069 627 εὐλο-

478 669 656 738 γήσας
679 667 824 737 ήμᾶς
846 666 900 716 ὲν
919 664 1067 734 πάσῃ
1097 662 1315 733 εὐλογίᾳ
1329 664 1672 732 πνευματικῇ
1697 664 1751 714 ὲν
1767 664 1879 725 τοῖς
1909 665 2071 715 ἐπου-

482 759 687 831 ρανίοις
718 760 775 812 ὲν
809 754 1049 827 Χριστῷ.
1085 773 1102 805 ι
1133 754 1319 817 Οῦτως
1362 751 1453 807 οὖν
1495 755 1522 806 6
1554 754 1686 818 Θεὸς
1732 757 2068 826 οίκτειρήσαι

480 854 626 923 ἡμᾶς
671 851 958 922 πρότερον,
999 846 1097 904 εἶτ’
1142 849 1491 919 οἱκτειρήσας
1544 848 1844 920 εὐλογήσαι
1896 836 2065 919 ἡμᾶς.

480 941 653 995 Τοῦτο
682 942 738 995 δὲ
770 942 870 994 οὐκ
901 941 1074 1004 ἄλλως
1097 940 1270 1004 ἔσται,
1299 942 1346 993 εί
1383 940 1456 1011 μὴ
1484 940 1744 1009 ὲπιφάναι
1797 940 1857 993 τὸ
1903 941 2069 1013 πρόσ-

487 1052 629 1087 ωπον
662 1034 826 1087 αὐτοῦ
849 1035 933 1103 ἐφ’
966 1035 1132 1104 ἡμᾶς,
1160 1032 1297 1085 ὥστε
1327 1032 1421 1085 καὶ
1449 1035 1596 1103 ἡμᾶς
1622 1035 1796 1086 εἰπεῖν
1816 1050 1828 1063 ·
1872 1054 1889 1083 ι
1916 1035 2070 1104 Ἑση-

489 1126 689 1197 μειώθη
721 1128 967 1198 ἐφ’ήμᾶς
987 1126 1048 1179 τὸ
1078 1125 1192 1195 φῶς
1222 1123 1315 1177 τοῦ
1345 1125 1637 1197 προσώπου
1673 1143 1790 1190 σου,
1820 1125 2015 1197 Κύριε.
2044 1144 2061 1175 ι

490 1219 555 1274 [ὸ
599 1218 656 1271 δὲ
701 1218 1083 1286 ἐπιλεγόμενον
1123 1216 1269 1281 ἐξῆς,
1304 1235 1321 1262 ι
1353 1217 1445 1268 καὶ
1482 1216 1703 1286 ὲλεήσαι
1744 1218 1912 1286 ἡμᾶς,
1943 1235 1959 1267 ι
1995 1215 2067 1287 μὴ

489 1311 731 1381 κείμενον
779 1313 911 1381 μήτε
954 1312 1011 1363 ἐν
1054 1309 1133 1380 τῷ
1180 1310 1473 1381 Ἐϐραῖκῴ,
1523 1311 1661 1380 μήτε
1712 1310 1769 1362 ἐν
1811 1313 1923 1372 τοῖς
1960 1309 2067 1362 λοι-

488 1406 602 1467 ποῖς
654 1406 1038 1475 ὲρμηνευταῖς,
1100 1404 1415 1472 ἀναγκαίως
1470 1404 1778 1457 ὼϐέλισται.
1836 1402 1956 1456 Τῶν
2010 1403 2067 1456 δὲ

486 1496 887 1567 προλεχθέντων
934 1496 1204 1566 εὐχόμεθα
1243 1500 1443 1567 τυχεῖν,
1490 1498 1574 1548 ἵνα
1617 1495 1932 1567 δυνηθῶμεν
1969 1496 2067 1566 τὴν

486 1588 597 1641 δδὸν
642 1587 806 1641 αὐτοῦ
836 1589 1083 1659 γνωστὴν
1116 1590 1341 1658 ποιῆσαι
1371 1591 1427 1641 ὲν
1456 1590 1604 1659 πάσῃ
1644 1592 1708 1659 τῇ
1738 1592 1829 1659 γῇ.
1862 1589 1952 1641 Διὸ
1980 1590 2067 1641 λέ-

484 1684 695 1733 λεκται·
737 1700 753 1731 ι
790 1680 896 1733 Τοῦ
934 1681 1135 1750 γνῶναι
1169 1684 1227 1735 ὲν
1266 1684 1332 1752 τῇ
1371 1684 1441 1752 γῇ
1473 1681 1570 1752 τὴν
1599 1681 1717 1735 ὁδόν
1752 1698 1866 1735 σου.
1907 1702 1923 1732 ι
1972 1683 2065 1745 Τίς

484 1774 534 1829 δὲ
577 1777 609 1845 ἡ
643 1775 713 1845 γῆ
743 1775 835 1829 καὶ
865 1775 945 1839 τίς
979 1778 1011 1847 ἡ
1047 1777 1164 1840 όδὸς
1194 1776 1286 1829 τοῦ
1320 1774 1492 1839 Θεοῦ;
1524 1776 1598 1846 Γῆ
1650 1774 1749 1845 μὲν
1776 1776 1978 1838 πάντες
2015 1777 2065 1828 oi

2174 582 2282 626 tem
2315 573 2642 635 obtinebunt
2673 586 2925 635 numero,
2950 579 3007 625 ut
3034 571 3283 627 dicamus
3311 591 3321 625 :
3378 591 3396 623 ί
3428 572 3758 627 Benedictus

2173 664 2316 719 Deus
2330 665 2714 735 quibenedixit
2733 680 2833 721 nos
2852 666 2906 718 in
2926 665 3074 719 omni
3094 663 3474 718 benedictione
3487 664 3756 733 spirituali

2172 758 2228 811 in
2255 758 2574 812 caelestibus
2608 756 2665 811 in
2709 757 3045 812 Christo“.i
3075 756 3166 810 Sic
3194 773 3324 827 ergo
3344 756 3487 813 Deus
3519 757 3755 827 primum

2171 850 2708 917 misereaturnostri,
2733 850 2928 905 deinde
2955 850 3215 905 misertus
3247 850 3537 904 benedicat
3570 850 3754 905 nobis.

2170 942 2228 996 ld
2258 958 2423 1011 porro
2451 958 2798 1013 nequaquam
2829 942 3064 1008 eveniet,
3106 943 3212 997 nisi
3246 943 3516 998 illuminet
3543 944 3753 997 vultum

2171 1049 2329 1088 suum
2359 1050 2523 1105 super
2554 1050 2691 1090 nos:
2731 1035 2805 1087 ita
2837 1042 2896 1087 ut
2920 1044 2974 1088 et
3022 1050 3123 1089 nos
3153 1034 3405 1089 dicamus
3436 1053 3448 1088 :
3493 1052 3511 1084 ι
3557 1033 3741 1104 Signa-

2171 1137 2282 1181 tum
2314 1136 2400 1182 est
2431 1143 2596 1197 super
2645 1144 2749 1183 nos
2796 1129 2982 1183 lumen
3032 1128 3212 1184 vultus
3239 1128 3339 1190 tui,
3387 1126 3697 1182 Domine”.
3730 1146 3749 1177 ι

2169 1216 2325 1282 Quod
2385 1219 2638 1287 sequitur
2688 1232 2884 1287 porro,
2926 1237 2943 1269 ι
2989 1226 3043 1273 et
3096 1220 3424 1273 misereatur
3470 1228 3674 1282 nostri,
3728 1238 3747 1269 ι

2168 1326 2293 1365 cum
2319 1326 2495 1381 neque
2522 1311 2577 1364 in
2603 1310 2892 1373 llcbraico,
2925 1326 3103 1381 neque
3146 1311 3200 1364 in
3239 1311 3462 1381 reliquis
3489 1311 3739 1380 interpre-

2168 1402 2315 1456 tibus
2345 1402 2575 1471 legatur,
2593 1401 2771 1466 obelo,
2804 1409 2865 1455 ut
2891 1392 3318 1457 consentaneum
3348 1409 3488 1465 erat,
3508 1409 3752 1455 notatum

2167 1500 2270 1547 est.
2304 1491 2431 1546 Ideo
2458 1503 2637 1548 autem
2661 1492 2774 1561 jam
2812 1501 3110 1548 memorata
3139 1493 3358 1562 assequi
3393 1508 3671 1562 rogamus,
3699 1500 3752 1547 ut

2170 1586 2309 1639 viam
2333 1586 2453 1654 ejus
2486 1588 2539 1639 in
2567 1586 2821 1640 universa
2858 1594 3004 1639 terra
3031 1598 3215 1641 notam
3252 1587 3429 1642 facere
3454 1587 3751 1641 valeamus.

2167 1676 2351 1743 Quare
2396 1678 2641 1732 dicitur:
2685 1697 2702 1729 ι
2753 1677 2822 1732 Ut
2858 1694 3256 1749 cognoscamus
3308 1680 3365 1733 in
3417 1688 3563 1734 terra
3611 1680 3752 1733 viam

2166 1781 2338 1824 tuam.
2373 1790 2391 1822 ι
2432 1770 2693 1836 Quaznam
2724 1778 2872 1825 terra
2904 1770 3048 1824 illa?
3098 1786 3219 1840 qua:
3272 1771 3356 1825 via
3404 1769 3536 1825 Dei?
3586 1768 3751 1825 Terre

486 1867 576 1936 τήν
604 1865 710 1935 γῆν
737 1865 1010 1929 οἰκοῦντες
1039 1866 1315 1937 ἄνθρωποι
1345 1866 1439 1919 καὶ
1474 1865 1652 1919 πάντα
1683 1865 1753 1918 τά
1787 1866 1908 1919 καθ’
1939 1866 2065 1937 ὅλης

2171 1864 2431 1917 nimirum
2483 1872 2612 1918 sunt
2650 1879 2843 1919 omnes
2876 1864 3126 1918 homines
3158 1871 3360 1919 terram
3411 1863 3714 1918 incolentes

486 1957 577 2028 τῆς
608 1957 932 2028 οἰκουμένης
968 1957 1095 2027 ἔθνη
1118 1975 1133 1989 ·
1176 1958 1294 2022 όδὸς
1331 1958 1386 2011 δὲ
1423 1958 1517 2011 τοῦ
1560 1955 1695 2010 Θεοῦ
1735 1958 1763 2009 6
1810 1957 2066 2027 θεοσεϐὴς

481 2048 625 2119 βίος·
662 2043 723 2102 οὐ
751 2049 811 2102 τὸ
839 2049 992 2112 τέλος
1018 2051 1154 2120 πρὸς
1193 2050 1356 2103 αὐτὸν
1388 2050 1510 2118 ἄγει
1552 2049 1643 2102 τὸν
1670 2049 1825 2114 Θεὸν,
1862 2048 1936 2111 ὡς
1975 2050 2067 2101 ἐπὶ

481 2142 812 2213 μητρόπολιν
842 2142 1081 2210 ἀγαθῶν.
1118 2143 1229 2197 Καὶ
1260 2143 1421 2206 αὐτὸς
1453 2142 1510 2195 δὲ
1554 2144 1582 2196 6
1617 2143 1882 2215 σωτήριος
1912 2142 2067 2209 λόγος

480 2231 563 2301 εἴη
594 2230 659 2284 ἂν
694 2231 811 2294 ὁδὸς
844 2229 939 2283 τοῦ
972 2230 1128 2284 Θεοῦ.
1174 2231 1265 2284 Διὸ
1308 2230 1435 2302 ὲξῆς
1469 2231 1660 2301 ῶσπερ
1696 2231 2066 2301 διερμηνεύων

479 2320 573 2392 τὴν
605 2322 847 2376 διάνοιαν
874 2322 1154 2390 ἐπιλέγει·
1197 2341 1214 2373 ι
1262 2323 1350 2377 Ἐν
1374 2324 1507 2375 πᾶσι
1533 2325 1643 2386 τοῖς
1673 2321 1851 2375 ἔθνεσι
1884 2322 1945 2375 τὸ
1970 2340 2068 2375 σω-

478 2414 661 2484 τήριόν
701 2431 815 2469 σου.
852 2433 870 2465 ι
904 2415 1090 2478 Ὅπως
1139 2409 1232 2467 οὖν
1268 2413 1585 2485 δυνηθῶμεν
1617 2416 1674 2467 ὲν
1706 2415 1855 2487 πάσῃ
1886 2417 1951 2485 τῇ
1993 2416 2062 2485 γῇ

477 2507 571 2558 καὶ
604 2508 664 2559 ὲν
704 2508 837 2560 πᾶσι
885 2509 997 2570 τοῖς
1046 2506 1224 2560 ἔθνεσι
1269 2510 1381 2570 τοῖς
1428 2508 1527 2578 τὴν
1576 2509 1677 2579 γῆν
1710 2506 1920 2560 οἰκοῦσι
1966 2508 2067 2579 τὴν

475 2599 593 2652 ὁδόν
629 2616 721 2654 σου
749 2601 845 2653 καὶ
867 2599 928 2653 τὸ
954 2600 1223 2672 σωτήριόν
1252 2617 1369 2665 σου,
1400 2601 1596 2654 ταύτὸν
1622 2601 1730 2671 γάρ
1755 2602 1891 2665 ἐστι,
1926 2618 2067 2668 γνω-

478 2691 603 2744 στὸν
631 2692 876 2762 ποιῆσαι,
904 2692 1249 2763 οἰκτείρησον
1278 2692 1448 2763 ἡμᾶς,
1470 2695 1499 2745 6
1531 2693 1683 2758 Θεὸς,
1713 2693 1807 2745 καὶ
1838 2692 2064 2763 εὐλόγη-

477 2798 571 2836 σον
604 2786 771 2855 ήμᾶς,
819 2786 910 2837 καὶ
950 2784 1012 2837 τὸ
1042 2784 1331 2855 πρόσωπόν
1362 2802 1453 2838 σου
1488 2785 1749 2853 ἐπίφανον
1786 2786 1870 2853 ἐφ’
1896 2786 2063 2855 ἡμᾶς,

478 2873 566 2927 ἵνα
600 2874 977 2946 πληρωθέντες
1008 2877 1183 2946 φωτὸς
1212 2879 1275 2929 ἐκ
1306 2876 1399 2931 τοῦ
1428 2876 1719 2947 προσώπου
1746 2892 1865 2940 σου,
1898 2893 2066 2929 κατα-

475 2965 777 3038 λάμψωμεν
810 2968 1018 3032 πάντας
1047 2967 1387 3040 ἀνθρώπους,
1417 2968 1480 3020 Εἰ
1509 2966 1617 3037 γάρ
1645 2968 1718 3039 μὴ
1751 2966 1904 3021 ταῦθ’
1936 2969 2066 3039 ἡμῖν

476 3058 790 3131 ὑπάρξειεν,
823 3060 973 3113 οὐδέν
996 3063 1161 3131 ἐσμεν
1190 3063 1351 3132 ἡμεῖς
1383 3060 1521 3133 πρὸς
1550 3061 1649 3131 τὴν
1685 3060 1779 3114 τοῦ
1808 3060 2066 3132 τηλικού-

475 3168 568 3205 του
605 3152 927 3225 πράγματος
958 3153 1318 3225 κατόρθωσιν.

2170 1963 2224 2009 et
2249 1962 2437 2024 gentes
2467 1955 2784 2008 universum
2820 1954 3008 2007 orbem
3043 1962 3407 2024 occupantes;
3442 1954 3528 2008 via
3572 1962 3749 2009 autem

2170 2043 2285 2109 Dei,
2309 2056 2392 2101 est
2422 2046 2679 2115 religiosa
2704 2045 2836 2111 vita,
2863 2046 3023 2115 cujus
3074 2044 3199 2100 ﬁnis
3234 2047 3300 2100 ad
3327 2046 3509 2115 ipsum
3546 2045 3716 2099 Deum
3737 2101 3749 2109 ,

2167 2157 2267 2197 ceu
2316 2141 2383 2196 ad
2438 2140 2730 2211 quamdam
2784 2141 3055 2196 bonorum
3114 2140 3457 2209 metropolim
3511 2138 3750 2194 deducit.

2167 2233 2397 2303 Ipseque
2425 2232 2685 2289 salutaris
2712 2248 2893 2287 sermo
2915 2233 3001 2285 via
3032 2230 3128 2285 Dei
3158 2232 3343 2286 fuerit.
3386 2231 3751 2298 Quamobrem

2168 2326 2271 2380 sub
2317 2325 2433 2379 hzec
2482 2326 2630 2379 velut
2670 2325 2997 2379 sententiam
3047 2324 3328 2394 explicans
3359 2323 3590 2393 adjicit:
3634 2342 3652 2375 ι
3694 2323 3752 2378 In
3816 2346 3827 2357 ο

2167 2418 2425 2471 omnibus
2468 2416 2722 2487 gentibus
2770 2417 3013 2471 salutare
3042 2424 3218 2469 tuum.
3254 2435 3272 2468 ι
3330 2414 3401 2470 Ut
3442 2416 3625 2485 itaque
3658 2432 3748 2471 va-

2167 2510 2377 2565 leamus
2400 2510 2455 2562 in
2486 2509 2634 2563 omni
2660 2516 2805 2563 terra
2832 2520 2885 2563 et
2906 2509 2961 2562 in
2989 2508 3245 2563 omnibus
3269 2508 3525 2578 gentibus
3552 2518 3752 2566 terram

2167 2602 2537 2656 incolentibus
2562 2601 2706 2654 viam
2734 2609 2885 2655 tuam
2908 2608 2961 2655 et
2984 2600 3226 2656 salutare
3252 2609 3427 2664 tuum,
3456 2614 3582 2654 nam
3610 2600 3753 2655 idem

2167 2694 2345 2766 ipsum
2386 2701 2493 2759 est,
2529 2702 2719 2748 notum
2758 2692 2958 2755 facere,
2996 2694 3257 2749 miserere
3282 2691 3663 2757 nostri,Deus,
3699 2700 3754 2747 et

2166 2788 2397 2844 benedic
2449 2787 2644 2851 nobis,
2690 2788 3007 2857 vultumque
3060 2795 3217 2840 tuum
3282 2786 3526 2840 illumina
3588 2800 3754 2856 super

2166 2898 2298 2949 nos;
2333 2890 2393 2935 ut
2430 2882 2637 2936 lumine
2669 2882 2854 2936 vultus
2893 2881 2971 2935 tui
3003 2882 3192 2951 repleti
3219 2920 3233 2944 ,
3285 2896 3477 2935 omnes
3505 2880 3755 2936 homines

2165 2973 2528 3030 illustremus.
2562 2975 2777 3030 Atenim
2823 2976 2928 3030 nisi
2960 2975 3073 3029 haec
3108 2975 3267 3031 nobis
3300 2974 3598 3039 adfuerint,
3617 2976 3753 3030 nihil

2167 3067 2234 3122 ad
2260 3075 2470 3122 tantam
2498 3083 2617 3123 rem
2643 3066 3031 3139 perﬁciendam
3067 3083 3275 3125 sumus.

554 3284 572 3316 ι
618 3264 1236 3338 Ἐξομολογησάσθωσέιν
1283 3283 1364 3319 σοι
1395 3265 1535 3329 λαοὶ,
1571 3266 1600 3317 6
1631 3264 1783 3329 Θεὸς,
1810 3263 2062 3335 ἐξομολο-

2233 3268 2401 3325 Vens.
2426 3270 2537 3325 4-8.
2571 3288 2589 3321 ι
2627 3270 3005 3327 Conﬁteantur
3033 3270 3131 3324 tibi
3154 3270 3361 3340 populi,
3389 3268 3558 3332 Deus,
3582 3268 3754 3323 conﬁ-

475 3359 837 3429 γησάσθωσάν
877 3377 957 3412 σοι
987 3359 1108 3413 λαοῖ⁹
1141 3360 1361 3423 πάντες.
1395 3357 1890 3429 Εὐφρανθήτωσαν.
1924 3376 1943 3407 ι
1982 3358 2064 3409 Τὰ

481 3451 580 3522 μὲν
610 3451 799 3523 πρῶτα
829 3454 1037 3515 ἑαυτοῖς
1060 3450 1366 3523 ὲπηύξαντο
1386 3453 1435 3503 οἱ
1462 3450 1571 3503 τῶν
1599 3449 1768 3503 ὲθνῶν
1792 3450 2057 3520 κήρυκες·

476 3542 547 3596 τὰ
572 3543 629 3596 δὲ
662 3544 998 3614 προκείμενα
1024 3546 1137 3606 τοῖς
1166 3544 1226 3597 τὸ
1254 3543 1322 3595 δι’
1356 3542 1535 3595 αὐτῶν
1576 3541 1839 3612 κήρυγμα
1882 3557 2063 3612 παρα-

477 3633 811 3705 δεξαμένοις.
856 3636 967 3688 Καὶ
994 3635 1059 3706 δὴ
1089 3636 1185 3689 καὶ
1213 3634 1430 3706 πρῶτον
1465 3634 1564 3705 μὲν
1604 3634 1787 3695 αὐτοῖς
1816 3631 2065 3703 ἐξομολο-

476 3730 689 3798 γήσεως
718 3728 997 3798 ὲνδοθῆναι
1027 3728 1213 3801 χώραν
1240 3726 1513 3799 εὔχονται,
1545 3727 1696 3789 ὅπως
1724 3724 1794 3777 τὰ
1824 3725 2065 3797 πρότερα

478 3819 687 3872 ἑαυτῶν
736 3820 1190 3892 πλημμελήματα
1238 3821 1333 3874 καὶ
1382 3819 1480 3882 τὰς
1540 3819 1598 3871 ὲν
1651 3816 2064 3889 είδωλολατρεία

477 3907 796 3974 δυσσεϐείας
837 3911 1263 3982 ἀπορῤύψωνται
1310 3910 1399 3964 διὰ
1442 3910 1541 3979 τῆς
1593 3908 2059 3982 ὲξομολογήσεως·

477 4002 729 4075 δεύτερον
759 4004 1131 4076 καθαρθέντας
1163 4005 1360 4068 αὐτοὺς
1389 4006 1571 4074 τυχεῖν
1606 4006 1947 4076 εὐφροσύνης
1973 4006 2066 4057 καὶ⁴

479 4095 851 4163 ἀγαλλιάσεως
876 4096 977 4165 τῆς
1011 4096 1162 4167 παρὰ
1191 4096 1267 4167 τῶ
1297 4096 1416 4167 Θεῴ
1454 4096 1775 4150 ἱκετεύουσι.
1799 4096 1889 4149 Διὸ
1914 4096 2066 4168 πρῶ-

478 4204 567 4239 τον
594 4187 753 4255 φασίν
772 4204 786 4218 '
827 4206 847 4238 ε
890 4185 1510 4258 Ἐξομολογησάσθωσάν
1533 4203 1617 4239 σοι
1645 4187 1785 4253 λαοὶ,
1808 4190 1836 4240 6
1862 4188 2012 4251 Θεός.
2042 4205 2060 4238 ι

493 4279 631 4339 Ἀλλ’
664 4279 786 4332 ἐπεὶ
820 4280 1100 4332 συνέϐαινε
1134 4281 1300 4351 μήπω
1327 4282 1566 4332 συνεῖναι
1590 4281 1740 4350 ἡμᾶς
1774 4280 1959 4343 ποίους
1987 4280 2066 4332 εξ-

480 4373 683 4444 ρήκασι
729 4371 925 4437 λαούς’
975 4372 1099 4424 ἐπεὶ
1133 4373 1229 4424 καὶ
1264 4371 1326 4424 τὸ
1371 4371 1640 4424 Ἰουδαίων
1686 4370 1837 4433 ἔθνος
1878 4370 2065 4442 ἀθροί-

479 4481 664 4534 σματα
695 4464 790 4516 καὶ⁹
822 4463 986 4527 λαοὺς
1031 4462 1326 4534 ἐκέκτητο·
1361 4463 1693 4530 ἀναγκαίως,
1729 4462 1814 4515 ἵνα
1858 4463 2064 4532 νοήσω-

2165 3364 2383 3412 teantur
2400 3358 2498 3413 tibi
2517 3360 2703 3429 populi
2723 3375 2932 3415 omnes.
2954 3358 3247 3414 Lzetentur.
3283 3380 3301 3411 ι
3323 3358 3515 3413 Priora
3531 3360 3753 3429 quidem

2165 3451 2268 3506 sibi
2288 3467 2566 3521 prmcones
2597 3454 2839 3523 gentium
2860 3454 3241 3522 postularunt;
3264 3452 3376 3507 hac
3399 3468 3528 3507 vero
3558 3453 3627 3506 iis
3656 3450 3752 3520 qui

2164 3542 2608 3610 praedicationem
2636 3558 2792 3598 suam
2819 3550 3173 3612 exceperunt.
3191 3541 3254 3596 Et
3270 3543 3598 3612 primoipsis
3620 3558 3755 3596 con-

2164 3633 2422 3691 fessionis
2452 3637 2633 3691 locum
2653 3636 2769 3691 dari
2791 3644 3105 3706 precantur,
3139 3644 3199 3690 ut
3228 3653 3326 3707 per
3350 3636 3754 3691 confessionem

2165 3728 2396 3797 pristina
2445 3726 2641 3781 delicta
2684 3737 2739 3782 et
2779 3728 3097 3783 idololatria:
3152 3728 3482 3798 impietatem
3543 3728 3756 3783 abster-

2164 3826 2314 3889 gant.
2356 3816 2611 3873 Secundo
2641 3827 2834 3890 rogant
2864 3827 2922 3873 ut
2953 3821 3165 3889 purgati
3199 3820 3440 3876 la~titiam
3476 3830 3529 3875 et
3569 3822 3755 3875 exsul-

2166 3910 2429 3965 tationem
2468 3924 2498 3963 a
2546 3908 2656 3965 Deo
2718 3919 3148 3981 consequantur.
3200 3910 3380 3977 Quare
3439 3913 3614 3982 primo
3669 3914 3756 3967 dl-

2166 4013 2297 4057 cunt
2353 4022 2367 4057 :
2413 4023 2431 4054 ‹
2468 4002 2845 4058 Conﬁteantur
2910 4004 3007 4058 tibi
3074 4005 3290 4075 populi,
3361 4004 3524 4060 Deus.
3577 4025 3594 4058 ι
3644 4006 3754 4062 Sed

2165 4096 2292 4165 quia
2329 4097 2571 4151 nondum
2606 4096 2766 4151 nobis
2790 4104 2983 4149 notum
3014 4108 3153 4160 erat,
3184 4098 3279 4167 qui
3311 4098 3498 4167 populi
3541 4096 3749 4153 indica-

2165 4197 2398 4255 rentur;
2440 4204 2566 4243 nam
2618 4190 2737 4260 ipsa
2770 4204 2991 4259 quoque
3036 4188 3262 4244 Judaiea
3296 4205 3429 4260 gens
3477 4199 3655 4245 caelus
3698 4197 3754 4245 et

2166 4280 2395 4349 populos
2421 4279 2647 4345 habuit;
2680 4285 2739 4331 ut
2773 4279 3015 4333 sciamus
3039 4278 3239 4347 quibus
3269 4278 3334 4333 de
3371 4279 3588 4349 populis
3624 4296 3756 4350 aga-

2166 4379 2279 4435 tur,
2309 4372 2627 4425 necessario
2656 4376 2932 4439 repetunt,
2963 4378 3309 4438 mentemque
3364 4386 3521 4425 suam
3571 4371 3756 4426 decla-

2166 4472 2291 4519 rant
2326 4464 2412 4519 his
2434 4463 2656 4517 verbis:
2706 4480 2724 4513 ‹
2762 4460 3257 4515 Conﬁteanturtibi
3284 4464 3468 4533 populi
3496 4478 3706 4519 omnes.
3730 4484 3749 4517 ι

481 4573 581 4625 μεν
608 4556 775 4607 ποίων
788 4554 1197 4625 ἐμνημόνευσαν
1226 4553 1392 4617 λαῶν,
1418 4553 1728 4625 δευτεροῦσι
1746 4553 2065 4626 τρανοῦντες

2171 4556 2311 4610 Num
2349 4556 2487 4610 forte
2540 4570 2636 4625 per
2667 4554 2877 4624 priores
2934 4554 3096 4618 illos,
3160 4552 3474 4609 Iudaeorum
3523 4557 3756 4625 populos

476 4646 574 4715 τὴν
621 4645 858 4698 διάνοιαν
898 4648 956 4699 ὲν
998 4646 1075 4716 τῷ
1116 4645 1294 4715 λέγειν
1317 4662 1328 4673 ’
1372 4666 1389 4696 ι
1448 4646 2065 4715 Ἐξομολογησάσθωσάν

481 4754 564 4790 σοι
584 4737 704 4789 λαοὶ
721 4738 940 4801 πάντες.
982 4757 1000 4789 ι
1036 4739 1261 4809 Μήποτε
1290 4738 1347 4791 δὲ
1379 4738 1465 4793 διὰ
1496 4739 1602 4791 τῶν
1632 4738 1913 4810 προτέρων
1940 4738 2065 4801 τοὺς

483 4828 634 4899 παρὰ
676 4829 949 4892 Ἰουδαίοις
976 4828 1139 4893 λαοὺς
1166 4830 1515 4895 αἰνίττονται,
1542 4829 1682 4901 ὑπὲρ
1711 4827 1890 4882 αὐτῶν
1920 4827 2065 4899 πρῶ-

482 4935 572 4972 τον
602 4920 702 4991 τὴν
741 4922 906 4992 εὐχὴν
947 4922 1390 4992 ἀναπέμψαντες,
1433 4922 1522 4976 διά
1558 4922 1616 4975 δὲ
1657 4921 1765 4975 τῶν
1797 4920 2064 4992 δευτέρων

482 5009 609 5072 τοὺς
641 5010 700 5077 ἐξ
744 5010 914 5063 ἐθνῶν
953 5011 1149 5077 λαούς;
1179 5013 1357 5083 Ὅπερ
1398 5013 1486 5066 ἵνα
1525 5011 1801 5083 γνώριμον
1839 5012 2065 5079 γένηται

482 5102 596 5163 τοῖς
629 5102 1035 5172 ἐντυγχάνουσι,
1071 5104 1326 5172 διασαφεῖ
1354 5102 1578 5172 φάσκων
1608 5105 1636 5156 6
1666 5102 1825 5171 λόγος
1847 5118 1862 5133 ⁸
1903 5121 1920 5150 ‹
1957 5102 2063 5153 Εὐ-

491 5190 882 5262 φρανθήτωσαν
910 5195 1005 5246 καὶ
1032 5194 1483 5262 ἀγαλλιάσθωσαν
1516 5195 1662 5265 ἔθνη.
1704 5214 1723 5246 ι
1761 5193 1977 5264 Ἐπειδὴ
2006 5192 2066 5245 δὲ

492 5280 567 5345 δὶς
614 5282 694 5347 τὸ,
749 5303 767 5333 ‹
822 5284 1410 5357 ἐξομολογησάσθωσάν
1462 5303 1564 5351 σοι,
1620 5305 1638 5337 ι
1695 5287 1929 5357 εἴρηται,
1968 5286 2068 5352 ὅρα

491 5375 701 5444 μήποτε
735 5376 795 5429 τὸ
828 5378 926 5448 μὲν
956 5377 1173 5449 πρῶτον
1205 5378 1390 5449 ἐδήλου
1430 5378 1540 5432 τῶν
1574 5376 1854 5449 προτέρων
1886 5378 2070 5446 ἁμαρ-

489 5464 745 5533 τημάτων
784 5468 882 5537 τὴν
908 5467 1215 5538 ὁμολογίαν,
1249 5468 1310 5521 τὸ
1349 5469 1405 5521 δὲ
1432 5469 1703 5540 δεύτερον,
1746 5468 1845 5537 τὴν
1871 5468 1957 5535 ἐφ’
1990 5462 2071 5531 οἷς

489 5554 677 5626 ἔτυχον
704 5559 927 5627 ἀγαθοῖς
959 5562 1327 5633 εὐχαριστίαν.
1368 5563 1718 5633 Λαμϐἁνεται
1751 5561 1861 5633 γὰρ
1893 5564 1925 5631 ἡ
1955 5561 2069 5627 ἐξο-

494 5649 780 5720 μολόγησις
818 5653 910 5706 καὶ
938 5654 1031 5706 ἐπὶ
1061 5654 1430 5725 εὐχαριστίας.
1471 5654 1626 5707 Οὕτω
1657 5654 1786 5723 γοῦν
1818 5656 1846 5707 6
1878 5654 2069 5724 Σωτὴρ

573 5808 611 5841 ³⁸
634 5810 829 5881 Ephes.
865 5828 901 5876 I,
924 5812 977 5868 5.
1054 5812 1099 5845 ⁸⁸
1120 5810 1266 5870 Psal.
1299 5830 1370 5879 Iv,
1401 5814 1451 5868 7.
1567 5814 1612 5845 9°
1634 5812 1823 5867 Matth.
1859 5828 1934 5875 χι,
1971 5812 2059 5866 9.5.

2173 4646 2539 4708 subindicant,
2599 4659 2699 4715 pro
2750 4645 2965 4715 illisque
3015 4645 3320 4700 orationem
3368 4645 3545 4716 primo
3598 4648 3759 4700 emit-

2171 4746 2326 4805 tunt;
2366 4754 2462 4808 per
2490 4736 2764 4792 secundos
2793 4744 2996 4800 autem,
3024 4736 3265 4806 gentium
3303 4736 3569 4806 populos?
3599 4735 3755 4801 Quod

2170 4838 2230 4881 ut
2264 4826 2565 4896 legentibus
2620 4826 2842 4894 planum
2892 4824 3004 4887 ﬁat,
3044 4824 3129 4878 his
3174 4823 3354 4877 verbis
3391 4821 3705 4878 declaratur
3738 4838 3753 4874 :

2177 4938 2196 4969 ‹
2245 4918 2521 4973 ιωιθηιυτ
2551 4925 2605 4972 et
2628 4916 2903 4972 exsultent
2923 4923 3132 4986 gentes.
3174 4934 3191 4966 ι
3219 4914 3488 4981 Quoniam
3519 4929 3648 4969 vero
3670 4914 3757 4969 bis

2172 5010 2328 5075 illud,
2365 5028 2385 5061 ι
2430 5008 2795 5063 conﬁteantur
2824 5008 2958 5071 tibi,
2999 5026 3018 5059 ι
3058 5008 3265 5061 dictum
3311 5017 3422 5072 est»;
3478 5002 3755 5075 perpende

2172 5118 2303 5157 num
2344 5101 2579 5172 primum
2610 5100 2967 5171 pristinorum
2996 5098 3317 5153 delictorum
3349 5096 3755 5151 confessionem

2174 5190 2474 5262 signiﬁcet;
2514 5190 2813 5245 secundum
2848 5204 2995 5250 vero,
3033 5188 3335 5258 gratiarum
3393 5203 3493 5257 pro
3538 5186 3753 5243 collatis

2173 5285 2333 5341 bonis
2365 5284 2656 5338 actionem.
2676 5281 2813 5335 Nam
2838 5280 3112 5335 confessio
3141 5280 3305 5334 etiam
3333 5296 3431 5350 pro
3452 5279 3752 5350 gratiarum

2176 5378 2390 5432 actione
2438 5382 2757 5445 usurpatur.
2793 5373 2884 5427 Sic
2914 5374 3057 5428 enim
3097 5372 3354 5427 Servator
3383 5372 3590 5441 gratias
3641 5371 3752 5440 agit

2177 5471 2410 5526 dicens:
2456 5489 2475 5521 σ
2524 5468 2801 5523 Conﬁteor
2858 5467 2993 5531 tibi,
3039 5464 3222 5528 Pater,
3269 5462 3496 5519 Domine
3539 5464 3659 5518 coeli
3695 5470 3751 5517 et

2174 5571 2335 5619 terra:
2362 5564 2428 5615 ⁹⁰.
2471 5582 2489 5614 ι
2523 5560 2656 5616 Post
2683 5561 2912 5631 primam
2947 5574 3077 5613 vero
3125 5568 3178 5613 et
3207 5559 3503 5612 secundam
3535 5555 3753 5611 confes-

2177 5654 2407 5717 sionem,
2438 5651 2549 5722 jam
2575 5650 2736 5706 tertio
2767 5665 2864 5720 pro
2904 5649 3156 5709 gentibus
3194 5647 3302 5704 illis
3330 5647 3597 5704 confessis
3628 5658 3755 5718 pre-
