4142 6388
353 361 460 416 675

1047 353 1315 411 EUSEBII
1355 348 1840 410 CAESARIENSIS
1879 348 1959 403 ΟΡ

2070 347 2253 405 PARS
2284 345 2375 402 Ill.
2414 377 2481 387 --
2512 342 2927 399 EXEGETICA.

3532 335 3635 391 676

350 497 565 542 cantur.
624 482 837 550 Quibus
895 480 1116 535 verbis?
1164 497 1183 530 ε
1242 476 1520 533 Laatentur
1573 483 1628 530 et
1673 473 1947 529 exsultent

2062 470 2370 542 ηὐχαρίστει
2396 466 2571 537 λέγων
2590 482 2603 496 '
2643 484 2661 517 ι
2685 458 3146 533 Ἐξομολογοῦμαί
3169 476 3272 521 σοι,
3304 456 3505 527 Πάτερ,
3530 454 3635 509 Κύ-

350 587 561 653 gentes.
604 596 624 629 ι
657 574 774 641 Qua
806 588 936 628 vero
979 573 1048 628 de
1084 586 1253 626 causa
1280 613 1294 637 ,
1326 569 1525 624 deinde
1552 568 1714 623 docet
1755 570 1837 622 sic
1872 566 1952 619 lo-

351 689 567 745 quens:
605 688 625 722 ι
663 668 933 735 Quoniam
959 666 1233 738 iudicabis
1252 665 1485 736 populos
1506 664 1561 717 in
1597 662 1895 733 aequitate;
1927 680 1945 713 ι

351 761 587 835 populos
645 765 826 813 autem
857 772 969 811 non
1017 757 1268 828 aliquos,
1332 755 1456 809 aliis
1517 752 1806 816 dimissis;
1853 750 1951 807 sed

352 869 568 917 omnes,
600 859 661 905 ut
688 849 1128 905 demonstratum
1176 846 1431 919 superius
1476 854 1603 902 est:
1647 845 1743 915 qui
1795 845 1951 916 gnari

353 947 581 1015 insuper
614 957 675 998 se
703 941 802 999 abs
840 950 894 997 te
920 942 1143 996 ductum
1177 941 1282 1005 iri,
1333 951 1392 994 ut
1417 939 1563 994 viam
1590 939 1694 993 sibi
1723 953 1753 992 a
1793 938 1953 993 nobis

354 1037 651 1093 indicatam
684 1034 1096 1106 perambulent,
1125 1033 1249 1102 jure
1282 1031 1471 1085 latitia
1497 1036 1552 1084 et
1585 1029 1955 1085 exsultatione

355 1127 732 1199 replebuntur.
770 1122 879 1177 Pro
908 1123 998 1176 illo
1030 1130 1235 1182 autem,
1267 1137 1286 1170 ι
1319 1125 1373 1173 et
1396 1117 1695 1181 exsultent,
1736 1135 1754 1168 ι
1782 1115 1954 1186 Aqui-

356 1215 427 1276 la,
459 1230 479 1262 ι
510 1216 565 1265 et
595 1207 953 1277 laudabunt;
979 1226 999 1258 ι
1036 1204 1398 1276 Symmachus
1428 1218 1579 1267 vero,
1610 1222 1629 1255 ‹
1689 1211 1744 1257 et
1788 1202 1956 1256 bene-

354 1303 559 1365 dicant,
590 1323 609 1356 ι
646 1300 991 1373 interpretati
1049 1306 1201 1355 sunt.
1248 1316 1267 1350 ‹
1304 1296 1681 1352 Conﬁteantur
1707 1296 1808 1350 tibi
1858 1310 1955 1365 po-

356 1398 491 1467 puli,
520 1395 685 1459 Deus,
717 1396 1092 1451 conliteantur
1122 1391 1217 1447 tibi
1276 1390 1466 1461 populi
1523 1402 1716 1443 omnes
1758 1406 1772 1441 :
1806 1394 1955 1441 terra

355 1489 505 1545 dedit
534 1489 772 1545 fructum
797 1502 980 1543 suum.
1017 1506 1036 1538 »
1074 1485 1150 1540 De
1193 1484 1354 1539 bonis
1388 1481 1676 1553 promissis
1706 1480 1816 1534 tuis
1861 1479 1955 1534 lae-

357 1583 636 1637 tabundus
662 1581 899 1652 Spiritus
939 1590 1187 1644 sanctus,
1217 1576 1411 1632 iisdem
1452 1574 1682 1629 vocibus
1729 1571 1954 1637 insistit,

357 1675 517 1744 quasi
546 1675 615 1730 de
664 1675 943 1729 communi
1003 1672 1383 1726 universorum
1443 1667 1726 1723 hominum
1780 1666 1957 1720 salute

358 1763 683 1821 delectatus.
714 1763 896 1829 Quare
942 1763 1028 1818 bis
1063 1772 1214 1816 terve
1264 1760 1537 1825 resumit,
1570 1774 1746 1828 neque
1777 1758 1895 1811 vult
1926 1771 1957 1810 a

2057 580 2139 636 ριε
2162 562 2256 615 τοῦ
2290 559 2521 632 οὐρανοῦ
2548 558 2643 611 καί
2672 558 2772 628 τῆς
2803 555 2926 625 γῆς.
2963 572 2981 604 ι
3020 550 3177 607 Μετὰ
3206 550 3262 603 δὲ
3287 550 3387 622 τὴν
3415 547 3639 620 πρώτην

2053 657 2148 710 καὶ
2194 653 2452 724 δευτέραν
2504 648 2893 720 ἐξομολόγησιν
2937 644 3261 716 ὲπεύχονται
3302 643 3417 706 τοῖς
3463 639 3637 695 ἔθνεσι

2053 751 2165 812 τοῖς
2211 734 2884 817 ἐξομολογησαμένοις’τὰ
2932 737 3114 809 τρίτα.
3150 735 3284 789 Τίνα
3324 734 3382 788 δὲ
3428 730 3637 799 ταῦτα;

2060 862 2078 893 ι
2124 837 2599 910 Εὐφρανθήτωσαν
2632 835 2727 887 καὶ
2774 830 3227 902 ἀγαλλιάσθωσαν
3272 827 3418 898 ἔθνη.
3465 845 3485 879 ι
3527 826 3635 878 Καὶ

2052 932 2141 987 διὰ
2186 931 2348 984 ποίαν
2387 928 2587 991 αἰτίαν,
2617 926 2744 998 ἐξῆς
2778 924 3018 979 διδάσκει
3054 921 3251 989 λέγων·
3290 938 3309 971 ι
3346 919 3470 971 Ὅτι
3515 934 3637 989 κρι-
3694 916 3701 920 ’

2054 1025 2163 1088 νεῖς
2195 1022 2358 1085 λαοὺς
2402 1023 2459 1074 ἐν
2508 1018 2786 1090 εὐθύτητι,
2828 1036 2845 1068 ι
2892 1017 2987 1070 καὶ
3034 1014 3115 1067 ὅτι
3156 1011 3339 1075 λαοὺς,
3381 1011 3441 1063 οὐ
3486 1009 3639 1073 τινας

2058 1113 2178 1184 μὲν,
2211 1110 2363 1175 τινὰς
2389 1110 2446 1164 δὲ
2484 1108 2580 1163 ob:
2624 1108 2761 1162 άλλά
2807 1108 3017 1168 πάντας
3046 1103 3188 1158 κατά
3219 1102 3285 1155 τὰ
3332 1099 3640 1171 ἔμπροσθεν

2053 1202 2415 1275 δεδηλωμένα.
2457 1202 2578 1253 Ἔτι
2626 1200 2684 1253 δέ
2711 1199 2931 1268 γνόντα,
2973 1196 3055 1250 ὅτι
3093 1193 3487 1265 όδηγηθήσεται
3533 1190 3639 1245 ὑπὸ

2057 1294 2152 1350 σοῦ
2193 1295 2331 1366 πρὸς
2374 1293 2436 1348 τὸ
2479 1291 2695 1363 βαδίσαι
2720 1291 2820 1363 τὴν
2861 1289 2979 1343 ὁδὸν
3012 1288 3114 1359 τὴν
3141 1287 3231 1357 ὐφ’
3265 1284 3423 1357 ἡμῶν
3455 1285 3636 1348 αὐτοῖς

2056 1387 2491 1461 γνωριζομένην,
2520 1386 2744 1449 εἰκότως
2771 1373 3111 1454 εὐφροσύνης
3143 1381 3235 1434 καὶ
3266 1378 3636 1448 ἀγαλλιάσεως

2056 1476 2447 1548 πλησθήσεται.
2493 1476 2637 1528 Ἀντί⁵
2679 1474 2735 1527 δὲ
2785 1472 2903 1536 τοῦ,
2937 1491 2955 1523 ι
2993 1473 3086 1525 καὶ
3116 1469 3584 1541 ἀγαλλιάσθωσαν,
3613 1491 3631 1521 ι

2063 1588 2081 1620 ι
2107 1570 2197 1622 καὶ
2231 1570 2532 1623 αἰνέσουσιν
2572 1587 2591 1619 ι
2627 1568 2656 1619 ὁ
2700 1564 2932 1627 ’Δκύλας
2952 1580 2967 1594 θ
3000 1566 3029 1617 ό
3058 1562 3114 1616 δέ
3147 1562 3463 1635 Σύμμαχος,
3494 1580 3512 1613 ι
3546 1560 3642 1615 καὶ

2059 1659 2498 1731 εὐφημείτωσαν,
2526 1677 2544 1708 ι
2580 1657 2951 1729 ήρμήνευσαν.
2982 1673 3000 1706 ι
3025 1652 3641 1725 Ἐξομολογησὰσθωσάν

2061 1772 2143 1807 σοι
2176 1753 2317 1817 λαοὶ,
2352 1753 2381 1806 ό
2411 1751 2563 1815 Θεὸς,
2601 1748 3198 1821 ἐξομολογησάσθωσάν
3240 1764 3323 1801 σοι
3360 1746 3477 1801 λαοὶ
3504 1748 3642 1801 πάν-

359 1856 590 1911 salutari
637 1866 693 1910 et
737 1856 1052 1926 evangelico
1105 1853 1323 1908 cantico
1380 1851 1655 1907 secedere.
1717 1848 1954 1904 Rursum

2062 1862 2169 1912 τεςο
2212 1844 2285 1915 γῆ
2312 1844 2497 1898 ιὲδωκε
2528 1844 2621 1897 τὸν
2649 1842 2862 1913 καρπὸν
2904 1840 3095 1912 αὐτῆς.
3128 1859 3146 1892 ι
3190 1841 3311 1894 Ἐπὶ
3354 1842 3473 1903 ταῖς
3506 1857 3640 1911 χρη-

360 1946 547 2017 itaque
570 1948 646 2001 ait
677 1963 690 1999 :
724 1967 742 1999 ι
766 1945 1146 2001 Conﬁteantur
1172 1946 1270 2000 tibi
1301 1943 1506 2015 populi,
1540 1942 1702 1998 Deus.
1744 1961 1763 1994 ι
1792 1940 1953 2008 Quod

360 2054 493 2095 sane
526 2039 823 2093 maximum
851 2045 972 2094 erat
1006 2038 1357 2102 miraculum,
1378 2037 1506 2107 quia
1527 2035 1700 2091 Judaei
1732 2035 1954 2106 quidem

361 2128 745 2184 universorum
776 2129 873 2185 Dei
909 2130 1117 2185 cultum
1147 2144 1178 2183 a
1206 2130 1457 2200 patribus
1478 2128 1680 2192 edocti,
1708 2128 1763 2181 in
1785 2126 1957 2181 idolo-

362 2221 537 2277 latria:
576 2237 824 2278 errorem
859 2222 1179 2293 frequenter
1219 2221 1578 2292 proruebant.
1617 2219 1813 2293 Populi
1854 2235 1955 2275 au-

360 2321 471 2369 tem
507 2329 605 2385 per
644 2316 836 2371 orbem
865 2315 1135 2379 universi,
1159 2315 1255 2385 qui
1284 2330 1316 2368 a
1341 2314 1528 2370 multis
1551 2322 1700 2370 retro
1739 2315 1957 2370 saeculis

360 2406 537 2461 errori
562 2405 733 2461 dediti
764 2413 945 2469 erant,
975 2421 1222 2477 eousque
1269 2420 1453 2461 mores
1483 2404 1873 2472 immutabunt,
1899 2414 1959 2458 ut

361 2513 474 2553 non
506 2500 684 2554 solum
711 2507 765 2555 te
786 2499 1030 2553 omnium
1062 2498 1232 2554 Deum
1268 2504 1601 2569 agnoscant;
1654 2496 1752 2554 sed
1791 2497 1956 2550 etiam

361 2591 614 2647 ediscant
646 2592 749 2647 tibi
780 2593 987 2663 duplici
1033 2592 1146 2664 jam
1198 2591 1404 2647 tradito
1449 2606 1602 2647 more
1656 2592 1904 2647 confiteri
1940 2611 1954 2647 :

363 2684 510 2754 quod
542 2692 604 2739 ut
642 2688 861 2741 eveniat
894 2686 1007 2754 jam
1036 2684 1359 2740 vaticinium
1413 2693 1663 2751 matura;
1703 2691 1765 2738 ut
1800 2690 1958 2739 aeter-

362 2788 563 2828 narum
624 2775 1055 2844 promissionum
1104 2773 1304 2829 oculati
1359 2780 1532 2830 testes
1581 2773 1775 2829 simus.
1832 2772 1959 2827 Hac

364 2878 533 2934 porro
556 2864 639 2918 sic
669 2863 987 2935 accipienda
1021 2871 1173 2926 sunt,
1199 2870 1258 2917 ut
1296 2864 1514 2933 possint
1552 2875 1620 2919 ex
1662 2865 1959 2935 propheta.

366 2971 493 3010 rum
526 2970 761 3026 persona
786 2956 892 3009 dici
921 2973 937 3021 ;
973 2956 1044 3009 ita
1073 2960 1132 3008 ut
1156 2969 1279 3024 quae
1308 2960 1438 3009 ante
1469 2953 1776 3025 diapsalma
1805 2959 1955 3017 sunt,

367 3047 741 3117 apostolorum
768 3058 1016 3116 personae
1043 3044 1413 3109 conveniant;
1444 3056 1567 3114 quae
1603 3057 1733 3098 vero
1765 3057 1960 3099 secun-

366 3138 498 3193 dum
533 3137 837 3209 diapsalma
869 3143 1171 3208 ponuntur,
1209 3136 1601 3206 prophetarum
1636 3135 1830 3198 choro,
1863 3135 1957 3204 qui

366 3248 431 3289 ea
460 3247 576 3303 quae
600 3247 702 3286 nos
742 3229 1010 3295 videmus,
1056 3229 1162 3300 ipsi
1189 3243 1407 3299 quoque
1439 3227 1761 3297 conspicere
1808 3225 1961 3297 nagi-

366 3327 582 3385 tabant,
607 3330 662 3378 et
691 3332 873 3377 tamen
902 3337 1014 3377 non
1040 3320 1297 3376 viderunt
1322 3319 1624 3375 secundum
1661 3318 1960 3375 Salvatoris

366 3426 558 3467 vocem
590 3412 660 3465 ⁹¹.
716 3410 921 3466 Deinde
987 3409 1225 3465 dicitur:
1273 3427 1293 3461 ι
1336 3407 1506 3464 Terra
1538 3409 1688 3465 dedit
1724 3409 1961 3465 fructum

364 3518 563 3570 suum;
594 3523 612 3555 ι
643 3504 779 3567 sive,
809 3501 1112 3559 secundum
1139 3501 1530 3573 Symmachum
1557 3520 1572 3556 :
1610 3519 1630 3553 ι
1664 3500 1835 3557 Terra
1863 3500 1962 3556 da-

367 3594 447 3650 bit
479 3603 802 3665 proventum
849 3608 1033 3649 suum.
1092 3613 1111 3645 ι
1149 3591 1289 3649 Vere
1346 3608 1585 3664 namque
1625 3592 1838 3649 fructus
1876 3609 1964 3650 se-

365 3684 612 3740 cundum
666 3692 829 3741 terra:
875 3691 1126 3740 naturam
1175 3690 1301 3747 est,
1363 3699 1529 3741 nosse
1580 3686 1962 3741 universorum

368 3776 563 3843 Deum,
588 3793 795 3849 eosque
822 3778 980 3848 queis
1018 3778 1074 3832 in
1110 3777 1197 3831 illa
1226 3777 1476 3833 habitare
1502 3792 1825 3835 concessum
1855 3785 1962 3842 est,

366 3870 584 3927 debitas
643 3871 752 3942 ipsi
799 3870 1179 3927 confessiones
1237 3880 1293 3925 et
1357 3870 1660 3941 gratiarum
1718 3869 1966 3923 actiones

367 3963 642 4019 emittere.
678 3962 814 4018 Nam
846 3979 911 4020 ea
940 3963 1009 4019 de
1035 3970 1388 4019 causaterm
1423 3963 1753 4019 elementum
1773 3961 1968 4017 condi-

370 4075 485 4122 tum
509 4072 616 4130 est,
645 4073 706 4120 ut
727 4065 822 4137 qui
849 4065 904 4119 in
942 4065 1034 4119 illa
1064 4071 1420 4120 versarentur
1443 4107 1459 4130 ,
1496 4064 1717 4135 pietatis
1753 4062 1966 4119 fructus

370 4158 713 4232 proferrent;
757 4156 853 4212 sed
883 4157 955 4211 ob
982 4156 1146 4226 primi
1190 4155 1431 4210 hominis
1458 4154 1964 4226 praevaricationem

371 4251 580 4308 dictum
617 4257 744 4306 est:
787 4267 807 4300 ι
845 4247 1127 4303 Maledicta
1166 4256 1314 4303 terra
1352 4248 1409 4303 in
1448 4248 1711 4318 operibus
1742 4247 1874 4302 tuis.
1907 4246 1964 4300 In

373 4342 563 4397 dolore
585 4338 841 4396 eomedes
887 4339 1059 4409 ipsam
1114 4339 1371 4394 omnibus
1402 4337 1599 4393 diebus
1656 4336 1781 4392 vitae
1837 4344 1963 4391 tunc.

372 4432 574 4505 Spinas
606 4438 662 4488 et
690 4430 927 4486 tribulos
954 4430 1284 4502 gerniiuabit
1304 4430 1406 4484 tibi
1440 4431 1509 4483 θ’.
1548 4449 1567 4481 ι
1606 4430 1676 4483 At
1707 4443 1816 4483 non
1850 4435 1968 4482 erat

2059 1941 2210 2003 σταῖς
2263 1936 2358 1991 καὶ
2407 1934 2640 2006 ἀγαθαῖς
2684 1934 3045 2003 ἐπαγγελίαις
3096 1933 3521 2005 εὐφραινόμενον
3580 1930 3642 1986 τὸ

2057 2031 2284 2103 Πνεῦμα
2322 2028 2384 2083 τὸ
2429 2028 2607 2097 ἆγιον,
2653 2029 2771 2090 ταῖς
2814 2027 3007 2089 αὐταῖς
3037 2024 3362 2097 ἐνδιατρίϐει
3415 2026 3640 2095 φωναῖς,

2055 2124 2247 2197 ὥσπερ
2279 2120 2561 2195 ἐντρυφῶν
2588 2122 2657 2192 τῇ
2690 2122 2845 2191 κοινῇ
2880 2118 3098 2173 πάντων
3130 2116 3434 2190 ἀνθρώπων
3466 2134 3644 2188 σωτη-

2059 2219 2172 2292 ρία.
2206 2217 2298 2270 Διὸ
2332 2211 2779 2285 ἐπαναλαμϐάνει
2810 2212 3063 2285 δεύτερον
3094 2211 3190 2265 καὶ
3221 2210 3425 2283 τρίτον,
3458 2208 3555 2263 καὶ
3582 2208 3645 2263 οὐ

2059 2309 2309 2380 βούλεται
2355 2307 2661 2378 ἀναχωρεῖν
2691 2304 2787 2359 τοῦ
2837 2304 3108 2377 σωτηρίου
3158 2303 3254 2357 καὶ
3288 2299 3645 2371 εὐαγγελικοῦ

2057 2400 2318 2473 ᾄσματος.
2362 2399 2533 2454 Πάλιν
2578 2393 2671 2452 οὖν
2721 2412 2905 2470 φησιν’
2962 2415 2980 2446 ι
3030 2392 3647 2466 Ἐξομολογησάσθωσάν

2059 2511 2141 2547 σοι
2182 2493 2319 2560 λαοί,
2358 2496 2387 2547 ό
2432 2493 2584 2557 Θεός.
2626 2510 2646 2545 ι
2691 2492 2757 2544 Ὀ
2799 2489 2863 2561 δὴ
2908 2489 3164 2561 μέγιστον
3204 2482 3272 2558 ἦν
3307 2486 3520 2556 θαῦμα,
3562 2486 3643 2537 ὅτι

2070 2584 2311 2639 Ἰουδαῖοι
2340 2585 2459 2656 μὲν,
2500 2585 2565 2638 ἐκ
2592 2582 2845 2654 πατέρων
2876 2581 2968 2633 τὸν
2995 2579 3105 2634 τῶν
3133 2578 3269 2633 ὅλων
3297 2577 3430 2631 Θεὸν
3462 2576 3638 2630 σέϐειν

2056 2676 2444 2748 δεδιδαγμένοι,
2478 2675 2718 2746 συνεχῶς
2749 2672 3230 2746 ἐξετραχηλίζοντο
3260 2672 3353 2725 ἐπὶ
3384 2669 3484 2741 τὴν
3513 2668 3647 2722 πλά-

2057 2788 2155 2843 νην
2184 2771 2286 2841 τῆς
2308 2768 2752 2841 εἰδωλολατρείας
2773 2784 2788 2800 ⁸
2820 2767 2940 2821 λαοί⁵
2962 2767 3021 2821 δὲ
3054 2766 3253 2829 πάντες
3277 2765 3327 2817 οἱ
3370 2763 3490 2818 καθ’
3518 2762 3647 2833 ὅλης

2055 2864 2157 2938 τῆς
2191 2863 2515 2934 οἰκουμένης
2540 2863 2606 2916 ἐκ
2635 2861 2733 2915 τοῦ
2770 2860 2986 2933 μακροῦ
3014 2859 3211 2922 αἰῶνος
3241 2855 3644 2927 πεπλανημένοι

2058 2959 2140 3020 εἰς
2181 2953 2453 3026 τοσαύτην
2490 2954 2682 3024 ἥξουσι
2731 2952 3055 3025 μεταϐολὴν,
3094 2950 3170 3015 ὡς
3207 2950 3282 3022 μὴ
3322 2949 3482 3021 μόνον
3523 2950 3644 3002 ἐπιο

2061 3048 2263 3120 γνῶναί
2287 3066 2348 3102 σε
2374 3046 2467 3102 τὸν
2497 3048 2589 3101 ἐπὶ
2623 3048 2841 3101 πάντων
2862 3045 3019 3110 Θεὸν,
3048 3044 3187 3099 ἀλλὰ
3214 3045 3309 3098 καὶ
3334 3044 3645 3115 ἐπιστήμην

2061 3139 2349 3195 ἀναλαϐεῖν
2384 3136 2480 3191 τοῦ
2527 3136 2966 3209 ἐξομολογεῖσθαί
3012 3154 3094 3190 σοι
3141 3135 3284 3190 κατὰ
3306 3136 3418 3189 τὸν
3454 3135 3648 3189 ἀποδο-

2064 3230 2224 3285 θέντα
2263 3230 2443 3284 διττὸν
2478 3229 2711 3297 τρόπον’
2760 3228 2898 3301 ὅπερ
2951 3229 3038 3282 ἵνα
3086 3227 3310 3298 γένηται
3349 3225 3452 3297 ἠδη
3492 3223 3644 3290 ποτὲ,

2061 3324 2289 3394 τάχυνον
2312 3321 2382 3377 τὰ
2409 3322 2512 3394 τῆς
2542 3321 2900 3394 προφητείας,
2928 3321 3016 3375 ἵνα
3064 3321 3331 3376 αὐτόπται
3371 3318 3481 3371 τῶν
3517 3320 3651 3373 αἰω-

2062 3415 2191 3469 νίων
2222 3414 2564 3484 ἐπαγγελιῶν
2596 3414 2913 3486 γενοίμεθα.
2960 3413 3278 3469 Ἀκουστέον
3307 3412 3362 3466 δὲ
3389 3411 3497 3465 τῶν
3522 3427 3651 3482 προ-

2062 3506 2330 3578 κειμένων
2363 3506 2439 3570 ὼς
2477 3506 2792 3577 δυναμένων
2817 3507 2912 3560 καὶ
2946 3507 3011 3559 ἐκ
3047 3503 3339 3577 προσώπου
3383 3501 3491 3555 τῶν
3517 3518 3650 3571 προ-

2064 3598 2249 3671 φητῶν
2273 3598 2556 3668 λέγεσθαι·
2590 3598 2719 3653 ὥστ’
2761 3593 2903 3652 εἶναι
2930 3598 2998 3652 τὰ
3028 3597 3127 3669 μέν
3148 3596 3255 3668 πρὸ
3289 3594 3383 3649 τοῦ
3424 3592 3650 3663 διαψάλ-

2068 3709 2254 3764 ματος,
2292 3691 2601 3763 ἁρμόζοντα
2642 3691 2721 3763 τῷ
2751 3689 3027 3763 προσώπῳ
3060 3689 3169 3743 τῶν
3213 3686 3545 3751 ἀποστόλων,
3581 3684 3649 3738 τὰ

2063 3788 2121 3841 δὲ
2154 3786 2291 3858 μετά
2315 3786 2377 3839 τὸ
2401 3784 2700 3857 διάψαλμα,
2728 3784 2807 3855 τῷ
2836 3783 2983 3857 χορῷ
3014 3784 3123 3839 τῶν
3153 3784 3471 3856 προφητῶν,
3510 3782 3648 3835 οἵτι-

2064 3899 2154 3945 νες
2177 3880 2485 3952 ἐπεθύμουν
2522 3880 2649 3933 ἰδεῖν
2672 3879 2709 3934 ἃ.
2737 3881 2896 3950 ἡμεῖς
2936 3878 3229 3949 βλέπομεν,
3256 3877 3351 3931 καί
3383 3877 3482 3930 οὐκ
3511 3875 3648 3930 εἶδον

2066 3972 2207 4027 κατά
2239 3972 2339 4044 τὴν
2380 3954 2647 4044 σωτήριον
2697 3971 2900 4043 φωνήν.
2942 3969 3100 4041 Ἑξῆς
3137 3969 3350 4033 τούτοις
3396 3968 3646 4041 εἴρηταιο

2072 4086 2089 4117 ι
2121 4067 2197 4137 Γῆ
2225 4066 2393 4121 ἔδωκε
2417 4064 2509 4119 τὸν
2536 4063 2745 4135 καρπὸν
2773 4063 2941 4134 αὐτῆς
2961 4080 2974 4094 ·
3010 4082 3029 4115 ι
3068 4061 3101 4133 ἢ
3134 4060 3278 4116 κατὰ
3305 4061 3398 4115 τὸν
3427 4062 3653 4133 Σύμμα-

2065 4175 2193 4228 χον·
2236 4179 2255 4211 ι
2304 4158 2383 4229 Γῆ
2417 4157 2577 4211 δώσει
2610 4155 2709 4227 τὴν
2748 4154 2922 4225 φοράν
2973 4153 3161 4224 αὐτῆς.
3200 4173 3219 4205 ι
3269 4152 3499 4224 Καρπὸς
3540 4152 3651 4223 γάρ

2065 4249 2141 4312 ὡς
2172 4248 2389 4319 ἀληθῶς
2416 4250 2444 4302 ό
2478 4247 2621 4301 κατά
2664 4245 2824 4316 φύσιν
2849 4244 2952 4317 τῆς
2992 4245 3097 4314 γῆς
3130 4247 3246 4299 ἐστι
3273 4244 3335 4299 τὸ
3362 4242 3651 4315 γνωρίζειν

2064 4340 2156 4393 τὸν
2187 4340 2281 4391 ἐπὶ
2304 4339 2523 4393 πάντων
2546 4336 2699 4401 Θεὸν,
2729 4337 2824 4390 καὶ
2843 4335 2944 4400 τὰς
2976 4336 3332 4407 ὀφειλομένας
3358 4335 3508 4407 αὐτῷ
3537 4336 3652 4402 ἐξο-

2071 4432 2393 4504 μολογήσεις
2434 4432 2529 4485 καὶ
2561 4428 2909 4503 εὐχαριστίας
2956 4429 3299 4499 ἀναπέμπειν
3324 4430 3450 4492 τούς
3484 4429 3651 4481 οἰκεῖν

372 4524 465 4582 hic
495 4523 709 4578 fructus
730 4529 889 4576 terra:
910 4521 1214 4577 secundum
1241 4530 1532 4585 naturam;
1564 4519 1661 4576 sed
1678 4519 1959 4591 praedictio

2067 4525 2239 4596 αὐτὴν
2268 4523 2688 4594 ἐπιτραπέντας.
2726 4523 2849 4576 Ἐπὶ
2875 4521 3034 4575 τοῦτο
3064 4522 3161 4593 μὲν
3187 4521 3295 4593 γὰρ
3317 4520 3649 4576 κατεσκεύα-

373 4617 600 4673 malitiae
667 4629 789 4686 quae
836 4622 1036 4685 praeter
1093 4623 1345 4669 naturam
1403 4613 1463 4668 in
1517 4627 1582 4667 ea
1624 4612 1963 4683 pullulatura

372 4714 515 4763 erat.
568 4705 705 4761 Nam
745 4717 945 4777 praeter
976 4716 1228 4760 naturam
1268 4705 1441 4776 spinae
1484 4712 1538 4760 et
1568 4704 1755 4760 tribuli
1788 4704 1967 4759 oborti

374 4806 506 4856 sunt
530 4808 760 4869 propter
789 4798 1295 4869 przevaricationem
1329 4812 1440 4851 non
1468 4797 1648 4852 solum
1672 4796 1833 4868 primi
1868 4796 1966 4851 ho-

374 4889 558 4946 minis.
585 4890 679 4945 sed
708 4890 872 4945 etiam
893 4905 1082 4945 eorum
1114 4889 1208 4960 qui
1246 4899 1370 4959 post
1397 4889 1550 4943 illum
1602 4889 1660 4944 in
1706 4888 1965 4959 impieta-

375 4998 486 5047 tem
516 4992 755 5063 prolapsi
789 4999 940 5047 sunt.
967 4991 1105 5058 Quia
1161 4993 1218 5046 in
1271 4992 1542 5062 principio
1574 4990 1795 5061 quando
1829 4990 1969 5045 dixit

377 5082 562 5138 Deus:
604 5102 624 5135 ι
659 5083 942 5138 Germinet
967 5091 1113 5139 terra
1144 5083 1369 5138 herbam
1394 5081 1540 5147 feni,
1599 5082 1966 5137 seminantem

377 5188 589 5238 semen,
622 5174 924 5229 secundum
953 5189 1127 5245 genus
1150 5182 1205 5228 et
1232 5171 1669 5237 similitudinem,
1687 5179 1741 5228 et
1757 5172 1964 5244 lignum

379 5263 722 5321 frtictiferum
779 5265 963 5321 ferens
1015 5265 1273 5330 fructum,
1307 5265 1467 5335 cujus
1500 5280 1688 5321 semen
1739 5264 1796 5319 in
1847 5264 1967 5334 ipso

380 5358 454 5412 sit
484 5356 785 5411 secundum
831 5372 1003 5428 genus
1047 5373 1215 5429 super
1245 5367 1447 5414 terram
1479 5357 1555 5426 ⁹³;
1618 5375 1640 5410 ι
1696 5371 1965 5426 nusquam

380 5448 588 5503 mentio
620 5448 900 5519 spinarum
951 5465 1016 5506 ac
1055 5451 1382 5507 tribulorum
1410 5457 1525 5517 est;
1585 5464 1766 5519 neque
1819 5455 1966 5502 terra

383 5545 572 5601 isthiec
606 5547 985 5618 produxisset,
1021 5549 1128 5605 nisi
1178 5548 1492 5604 hominibus
1536 5546 1967 5617 inobsequentia:

384 5651 680 5709 subsecuta
704 5654 839 5709 ultio
866 5662 1031 5711 esset.
1061 5654 1119 5709 In
1152 5654 1373 5709 malitiae
1393 5669 1546 5725 ergo,
1570 5668 1692 5724 qua:
1719 5652 1963 5706 homini-

458 5826 656 5883 "Luc.
696 5846 748 5893 ι,
787 5830 876 5884 24.
954 5830 1157 5887 "Gen.
1192 5848 1275 5899 ιιι,
1312 5832 1398 5889 17.
1514 5831 1562 5865 ⁸⁸
1585 5829 1722 5887 Gen.
1775 5845 1815 5894 ι,
1871 5830 1962 5885 il.

2072 4634 2194 4671 σται
2235 4616 2297 4670 τὸ
2327 4617 2427 4688 τῆς
2457 4617 2560 4689 γῆς
2594 4619 2873 4687 στοιχεῖον,
2920 4616 3013 4669 ἐπὶ
3042 4614 3102 4669 τὸ
3132 4616 3258 4679 τοὺς
3296 4617 3354 4669 ἐν
3385 4617 3521 4686 αὐτῇ
3551 4614 3651 4679 τὰς

2068 4706 2353 4779 διατριϐὰς
2399 4709 2756 4781 ποιουμένους
2801 4707 3083 4772 εὐσεϐείας
3129 4708 3458 4781 προσφέρειν
3513 4724 3651 4779 καρ-

2070 4800 2206 4864 πούς
2228 4815 2241 4829 ·
2270 4799 2359 4854 διά
2381 4799 2439 4853 δὲ
2473 4801 2573 4873 τὴν
2600 4799 2696 4855 τοῦ
2727 4799 2945 4873 πρώτου
2979 4800 3170 4870 ἀνδρὸς
3192 4800 3503 4872 παράϐασιν
3532 4800 3650 4853 ἐλέ-

2068 4890 2174 4963 χθη
2200 4908 2214 4920 ⁶
2253 4911 2272 4944 ι
2312 4892 2744 4965 Ἐπικατάρατος
2775 4894 2808 4964 ἠ
2838 4892 2913 4963 γῆ
2945 4894 3003 4945 ἐν
3034 4894 3144 4957 τοῖς
3180 4891 3362 4963 ἔργοις
3403 4908 3516 4947 σου.
3562 4892 3652 4946 Ἐν

2069 4983 2266 5048 λύπαις
2316 4984 2467 5059 φάγῃ
2516 4984 2686 5056 αὐτὴν
2735 4985 2917 5049 πάσας
2953 4985 3053 5048 τὰς
3101 4984 3313 5054 ἡμέρας
3352 4983 3454 5054 τῆς
3504 4982 3653 5055 ζωῆς

2071 5092 2167 5128 σου
2186 5092 2199 5104 ·
2230 5075 2473 5139 ἀκάνθας
2497 5076 2591 5129 καὶ
2614 5075 2900 5148 τριϐόλους
2922 5076 3168 5130 ἀνατελεῖ
3194 5093 3296 5131 σοι.
3330 5093 3349 5127 ι
3384 5076 3523 5130 Ἀλλ’
3550 5076 3650 5129 οὐκ

2066 5162 2135 5237 ἦν
2162 5163 2316 5231 οὗτος
2344 5170 2372 5221 ό
2414 5168 2556 5222 κατά
2600 5168 2763 5237 φύσιν
2795 5170 3006 5242 καρπὸς
3044 5168 3145 5240 τῆς
3175 5169 3311 5240 γῆς’
3346 5168 3650 5241 πρόρρησις

2068 5260 2126 5313 δὲ
2153 5260 2255 5331 τῆς
2291 5260 2589 5332 μελλούσης
2618 5261 2774 5330 φύειν
2801 5264 2858 5315 ἐν
2887 5263 3024 5334 αὐτῇ
3059 5262 3209 5334 παρά
3243 5261 3403 5331 φύσιν
3429 5261 3646 5325 κακίας.

2069 5351 2228 5424 Παρὰ
2258 5352 2418 5422 φύσιν
2442 5353 2553 5425 γάρ
2581 5354 2638 5408 αἰ
2665 5354 2899 5409 ἄκανθαι
2930 5356 3024 5409 καί
3055 5354 3291 5427 τρίϐολοι
3310 5352 3399 5409 διὰ
3420 5353 3518 5425 τὴν
3540 5371 3646 5408 πα-

2070 5444 2299 5518 ράϐασιν
2332 5447 2634 5501 ὑποστᾶσαι
2663 5449 2725 5501 οὐ
2761 5448 2921 5519 μόνον
2962 5449 3057 5503 τοῦ
3088 5448 3304 5521 πρώτου
3337 5448 3647 5521 ἀνθρώπου,

2068 5538 2203 5593 ἀλλὰ
2234 5542 2328 5593 καὶ
2351 5540 2464 5593 τῶν
2497 5542 2613 5611 μετ’
2640 5540 2802 5595 αὐτὸν
2830 5541 3180 5613 ἠσεϐηκότων
3198 5559 3213 5572 θ
3248 5543 3373 5595 ἐπεὶ
3398 5541 3519 5594 κατ’
3548 5541 3649 5610 ἀρ-

2069 5631 2189 5702 χὰς,
2222 5631 2309 5685 ὅτε
2359 5627 2512 5686 εἴπεν
2541 5635 2570 5686 ό
2613 5633 2772 5698 Θεός·
2805 5653 2823 5686 ι
2860 5633 3277 5707 Βλαστησάτωή
3306 5633 3378 5705 γῆ
3420 5632 3651 5705 βοτάνην
