4142 6388
441 316 548 373 677

1575 315 2082 373 COMMENTARIA
2125 317 2187 371 IN
2232 317 2570 376 PSALMOS.

3621 312 3726 381 673

439 433 659 504 χόρτου·
694 429 916 503 σπεῖρον
951 427 1174 502 σπέρμα
1201 428 1343 484 κατά
1376 428 1534 500 γένος
1568 431 1662 485 καὶ
1695 431 1817 485 καθ’
1851 432 2025 503 ὁμοιὸ-

2133 432 2238 487 bus
2281 443 2471 504 postea
2521 434 2784 500 inhaesit,
2839 435 3129 506 imaginem
3157 476 3172 500 ,
3215 437 3387 507 spinae
3434 444 3488 493 et
3538 441 3726 495 tribuli

436 542 595 597 τητα,
635 523 732 577 καὶ
784 521 938 588 ξύλον
1002 523 1283 594 κάρπιμον
1331 523 1521 577 ποιοῦν
1571 523 1804 596 καρπὸν,
1854 520 1915 578 οὗ
1963 525 2024 577 τὸ

437 617 664 687 σπέρμα
696 614 860 668 αὑτοῦ
901 615 960 667 ἐν
1004 614 1153 686 αὺτῷ
1185 614 1328 668 κατὰ
1371 614 1527 683 γένος
1557 615 1651 668 ἐπὶ
1681 614 1785 685 τῆς
1819 615 1923 686 γῆς
1945 634 1958 648 ·
2001 635 2019 668 ι

435 705 644 776 οὐδαμῆ
681 705 866 776 μνήμη
901 704 1124 774 γέγονεν
1156 704 1407 758 ἀκανθῶν
1434 704 1555 757 οὐδὲ
1586 704 1852 776 τριϐόλων
1877 722 1889 735 ·
1916 706 2023 759 οὐδ’

438 795 505 850 ἂν
539 795 703 864 ἐφυσε
733 794 906 847 ταῦτα
934 796 968 865 ἡ
992 794 1086 864 γῆ,
1116 797 1164 847 εἰ
1193 795 1267 866 μὴ
1295 793 1362 847 τά
1384 795 1482 864 τῆς
1518 795 1805 867 παρακοῆς
1830 797 2027 866 ἐπηκο·

437 886 699 958 λούθησεν
727 885 1021 958 ἀνθρώπῳ.
1052 886 1164 957 Τῆς
1207 886 1337 954 γοῦν
1371 885 1596 955 ὓστερον
1641 887 2024 958 ἐπισυμϐάσης

439 977 746 1050 ἀνθρώποις
773 977 970 1039 κακίας
1013 977 1219 1040 εἰκόνες
1247 976 1491 1048 ἐφύησαν
1519 978 1752 1033 ἄκανθαι
1781 978 1874 1031 καὶ
1905 977 2023 1047 τρί-

438 1068 605 1121 ϐολοι.
637 1066 800 1120 Ὅθεν
833 1065 921 1119 ἵνα
963 1065 1135 1120 ταῦτα
1181 1066 1470 1136 ἀπόληται,
1519 1068 1630 1139 πῦρ
1661 1064 1791 1140 ἦλθε
1846 1067 2025 1138 βαλεῖν

438 1155 533 1222 ἐπί
574 1153 672 1226 τὴν
702 1153 805 1222 γῆν
845 1154 874 1205 6
912 1154 1122 1224 Σωτήρ.
1172 1156 1281 1208 Καὶ
1313 1155 1377 1226 δὴ
1418 1156 1512 1209 τοῦ
1559 1158 1829 1229 σωτηρίου
1864 1158 2024 1226 λόγου

436 1249 592 1319 δίκην
621 1247 791 1318 πυρὸς
831 1247 929 1312 τάς
955 1248 1195 1312 ἀκάνθας
1229 1250 1322 1302 καὶ
1359 1252 1486 1314 τοὺς
1514 1251 1796 1323 τριϐόλους
1831 1252 2027 1321 ἀφανί-

434 1339 638 1404 ζοντος,
667 1339 922 1393 νεωθεῖσα
954 1341 1051 1411 τῆς
1078 1341 1330 1412 κακίαςή
1362 1341 1530 1413 ψυχὴ,
1559 1341 1650 1394 τὸν
1681 1342 2025 1414 προσήκοντα

433 1433 572 1503 αὐτῇ
603 1433 698 1485 καὶ
722 1432 1056 1503 κατάλληλον
1089 1432 1300 1502 καρπὸν
1339 1433 1647 1486 ἀποδίδωσι.
1686 1434 1884 1505 Διόπερ
1906 1434 2026 1488 λαοὶ

437 1527 538 1596 μὲν
588 1527 790 1590 πάντες
841 1525 1328 1598 ἐξομολογοῦνται·
1375 1527 1500 1598 ἔθνη
1549 1527 1605 1580 δὲ
1654 1528 1748 1580 ἐπὶ
1778 1528 1877 1599 τῆς
1922 1528 2024 1598 γῆς

432 1618 773 1691 όδηγοῦνται.
810 1619 1033 1682 Τούτοις
1062 1636 1123 1671 τε
1165 1618 1494 1683 ἀκολούθως,
1527 1620 1883 1691 ἐπενήνεκται
1923 1620 1984 1673 τό
2007 1637 2021 1650 θ

440 1730 460 1763 ε
492 1712 566 1784 Γῆ
599 1711 767 1766 ἔδωκε
808 1712 901 1766 τὸν
940 1711 1154 1784 καρπὸν
1197 1711 1388 1783 αὐτῆς.
1450 1711 1759 1783 Εύλογήσαι
1804 1713 1954 1783 ἡμᾶς
1995 1714 2024 1766 6

433 1802 585 1868 Θεὸς,
635 1805 665 1856 ό
695 1803 828 1868 Θεὸς
867 1804 1048 1876 ἡμῶν,
1094 1804 1392 1875 εὐλογῆσαι
1430 1805 1578 1876 ἡμᾶς
1624 1805 1654 1857 6
1701 1803 1855 1868 Θεός.
1908 1805 2021 1858 Καὶ
2054 1792 2096 1848 Β

432 1895 829 1967 φοϐηθήτωσαν
880 1896 1043 1949 αὐτὸν
1094 1897 1270 1951 πάντα
1315 1897 1385 1950 τά
1431 1897 1647 1968 πέρατα
1689 1898 1790 1970 τῆς
1822 1897 1944 1968 γῆς.
1995 1916 2015 1950 ›

433 1988 556 2040 Εἴτε
585 1989 634 2040 οἱ
665 1987 952 2042 ἀπόστολοι
982 1988 1076 2041 τοῦ
1102 1988 1354 2060 Σωτῆρος
1383 1990 1416 2060 η
1427 1989 1563 2059 μῶν,
1585 1991 1694 2043 εἴτε
1723 1990 1770 2043 οἰ
1802 1989 2022 2044 παλαιοὶ

430 2077 525 2131 τοῦ
557 2078 692 2132 Θεοῦ
750 2081 1028 2152 προφῆται
1058 2080 1324 2152 (ἐκατέρῳ
1364 2081 1474 2152 γάρ
1504 2081 1746 2152 τάγματι
1780 2082 2024 2154 ἐφαρμό-

432 2171 513 2234 ζει
539 2171 608 2224 τά
639 2171 966 2242 λεγόμενα),
1001 2171 1249 2243 εῦχονται
1295 2173 1395 2244 τῆς
1425 2174 1582 2245 παρά
1628 2173 1722 2226 τοῦ
1755 2174 1889 2227 Θεοῦ
1925 2175 2020 2228 εύ-

429 2260 616 2331 λογίας
655 2265 859 2333 τυχεῖν,
899 2258 968 2336 ἦς
998 2265 1091 2316 καὶ
1123 2262 1385 2335 ἀνωτέρω
1427 2264 1527 2336 τὴν
1561 2264 1800 2319 διάνοιαν
1848 2282 2020 2338 παρε-

431 2355 733 2425 στήσαμεν,
786 2355 1096 2420 δεικνύντες
1149 2357 1298 2420 ὅπως
1341 2356 1424 2421 τὸ,
1487 2375 1506 2407 ‹
1565 2357 1874 2422 Αύξάνεσθε
1927 2359 2023 2412 καὶ

429 2449 767 2520 πληθύνεσθε
801 2450 898 2503 καὶ
943 2447 1271 2522 πληρώσατε
1315 2448 1416 2519 τὴν
1465 2449 1593 2518 γῆν,
1641 2450 1736 2502 καὶ
1775 2467 2023 2503 κατακυ-

441 2541 688 2613 ριεύσατε
729 2542 922 2613 αὐτῆς,
959 2562 978 2593 ι
1018 2543 1110 2596 ἐπὶ
1143 2541 1346 2595 τούτων
1378 2541 1684 2612 ἐπληροῦτο
1717 2560 2022 2614 πνευματι-

440 2634 573 2698 κῶς.
602 2636 840 2702 Πάρεστι
873 2635 1002 2704 γοῦν
1035 2635 1181 2707 ἔργῳ
1208 2635 1565 2706 παραλαϐεῖν,
1593 2636 1667 2700 ὠς
1694 2638 1726 2707 ἡ
1762 2636 2025 2708 σύμπασα

438 2727 510 2798 γῆ
545 2728 640 2797 τῆς
675 2726 897 2780 ἐκείνων
936 2727 1185 2797 διαδοχῆς
1219 2725 1532 2799 ἐπληρώθη.
1566 2729 1635 2780 Αἵ
1660 2745 1719 2780 τε
1749 2728 1873 2782 καθ’
1897 2728 2025 2798 ὅλης

431 2818 530 2888 τῆς
560 2819 881 2890 οἰκουμένης
909 2818 1204 2889 ἱδρυθεῖσαι
1231 2818 1325 2872 τοῦ
1353 2820 1604 2891 Σωτῆρος
1621 2820 1776 2892 ἡμῶν
1793 2820 2019 2891 Ἐκκλη-

433 2910 566 2975 σίαι,
595 2912 691 2964 καὶ
722 2913 770 2965 οἰ
805 2912 924 2965 καθ’
960 2914 1198 2983 ἑκάστην
1235 2914 1557 2986 μυρίανδροι
1584 2913 1703 2966 λαοί⁸
1733 2914 1834 2983 τῆς
1866 2914 2022 2968 εὐλο-

430 3004 555 3072 γίας
604 3005 785 3058 αὐτῶν
833 3007 1158 3076 ἐμφαίνουσι
1191 3006 1260 3060 τὰ
1292 3005 1734 3076 ἀποτελέσματα.
1773 3006 2022 3076 Πρεπόν-

2128 526 2340 580 suborti
2394 534 2545 585 sunt.
2605 529 3016 596 Quamobrem,
3072 537 3132 582 ut
3183 529 3298 584 haec
3368 530 3724 600 dispeream,

2127 615 2306 683 ignem
2347 615 2401 669 in
2432 625 2638 671 terram
2687 617 2918 672 missum
2957 617 3214 672 Servator
3260 619 3429 672 venit.
3479 617 3546 673 Et
3594 636 3728 674 sane

2128 708 2355 763 salutari
2399 710 2568 763 verbo
2601 710 2744 780 ignis
2780 710 2955 765 instar
2983 711 3172 779 spinas
3208 719 3261 765 et
3294 713 3530 768 tribulos
3561 714 3726 768 absu-

2129 808 2308 853 mente
2331 839 2346 861 ,
2396 808 2660 855 renovata
2691 803 2873 855 anima
2903 803 3168 855 malitiam
3220 819 3432 860 exuens
3457 845 3473 869 .
3523 821 3726 861 conve-

2126 891 2364 944 nientem
2393 892 2495 946 sibi
2521 900 2572 946 et
2601 903 3031 948 consentaneum
3060 893 3299 948 fructum
3318 894 3548 965 profert.
3577 895 3725 963 Qua-

2128 991 2351 1052 pr0pter
2391 985 2579 1054 populi
2625 999 2819 1040 omnes
2854 987 3224 1053 conlitentur;
3260 997 3449 1058 gentes
3484 1004 3616 1043 vero
3667 990 3725 1044 in

2128 1087 2270 1131 terra
2295 1077 2629 1149 diriguntur.
2662 1079 2744 1133 Ad
2771 1079 2885 1133 haec
2916 1087 3096 1133 autem
3126 1091 3526 1150 consequenter
3550 1081 3725 1137 infer-

2126 1169 2416 1223 tnrillud:
2462 1188 2480 1221 ι
2524 1170 2696 1224 Terra
2727 1170 2876 1225 dedit
2926 1169 3164 1224 fructum
3211 1187 3392 1226 suum.
3428 1172 3724 1231 Benedicat

2125 1277 2228 1316 nos
2259 1261 2424 1326 Deus,
2465 1260 2610 1318 Deus
2639 1271 2849 1326 noster,
2880 1260 3168 1316 benedicat
3199 1278 3301 1319 nos
3335 1263 3499 1326 Deus,
3528 1272 3582 1318 et
3609 1280 3724 1318 me-

2125 1361 2284 1408 tuant
2307 1370 2431 1409 eum
2459 1369 2654 1411 omnes
2681 1356 2819 1413 ﬁnes
2857 1363 3038 1411 terrae.
3083 1376 3100 1408 ι
3140 1355 3267 1412 Sive
3309 1357 3539 1426 apostoli
3589 1357 3725 1412 Ser-

2125 1446 2334 1501 vatoris
2363 1448 2572 1511 nostri,
2603 1448 2719 1502 sive
2762 1447 2931 1518 prisci
2986 1441 3064 1501 illi
3103 1446 3198 1502 Dei
3246 1448 3523 1518 pr0pheta3
3574 1449 3724 1518 (nam

2126 1540 2346 1609 utrique
2402 1541 2584 1596 erdini
2637 1541 2752 1596 haec
2803 1542 2952 1596 dicta
3003 1542 3365 1613 competunt),
3422 1541 3514 1597 Dei
3558 1542 3727 1596 bene-

2126 1628 2423 1686 dictionem
2461 1634 2728 1704 consequi
2782 1641 3110 1704 precantur,
3161 1634 3322 1704 cujus
3355 1645 3589 1689 mentem
3628 1649 3726 1688 su-

2125 1737 2224 1794 pra
2250 1724 2676 1792 declaravimus,
2711 1742 2837 1781 cum
2876 1727 3035 1791 illud.
3073 1746 3092 1778 ε
3135 1726 3390 1782 Crsecite
3427 1735 3482 1781 et
3533 1719 3724 1781 multi;

2125 1815 2405 1886 plicamini
2427 1826 2481 1873 et
2503 1820 2707 1890 replete
2733 1829 2956 1884 terram,
2975 1828 3030 1874 et
3049 1819 3410 1874 dominamini
3439 1819 3588 1876 illius
3602 1819 3669 1883 ⁸⁵,
3695 1837 3717 1872 ο

2125 1907 2182 1961 in
2238 1909 2372 1978 ipsis
2411 1910 2775 1980 spiritualiter
2803 1911 3137 1981 completum
3174 1927 3298 1967 esse
3337 1911 3718 1981 probaremus.

2125 2003 2278 2060 Licet
2319 2001 2490 2072 igitur
2526 2004 2612 2057 vel
2643 2018 2710 2058 ex
2741 2002 2912 2074 gestis
2937 2002 3104 2057 rebus
3137 2001 3462 2071 intelligere,
3497 2002 3721 2056 univer-

2127 2115 2244 2155 sam
2272 2106 2476 2153 terram
2507 2110 2700 2152 eorum
2741 2095 3098 2150 successione
3141 2094 3405 2164 repletam
3441 2108 3585 2149 esse.
3617 2093 3724 2148 Ec-

2125 2191 2309 2246 clesiae
2359 2200 2602 2259 namQue
2667 2185 2982 2243 Servatoris
3037 2185 3214 2240 nOStri
3275 2201 3373 2256 per
3409 2186 3722 2241 universam

2126 2287 2331 2338 terr‘am
2364 2281 2622 2348 fundata,
2652 2287 2707 2336 et
2743 2279 3016 2334 innumeri
3073 2294 3171 2349 per
3223 2278 3473 2348 singulas
3528 2293 3720 2333 earum

2126 2375 2348 2445 populi,
2395 2372 2831 2428 benedictionem
2886 2371 3130 2440 ipsorum
3181 2369 3509 2439 completam
3561 2368 3722 2422 exhi-

2127 2469 2279 2522 bent.
2312 2465 2454 2537 lpsis
2480 2480 2646 2535 porro
2683 2463 2942 2520 convenit
2965 2460 3120 2525 illud,
3157 2481 3174 2512 ‹
3204 2461 3350 2516 Deus
3373 2468 3583 2523 noster,
3615 2479 3634 2511 ι
3666 2460 3723 2515 in

2127 2560 2231 2614 hoc
2259 2561 2408 2615 dicto
2436 2571 2780 2629 expressum,
2820 2574 2838 2607 ι
2873 2553 3168 2610 Benedicat
3216 2568 3319 2608 nos
3365 2551 3542 2614 Deus,
3577 2550 3724 2607 Deus

2127 2653 2345 2711 noster;
2387 2662 2406 2696 ι
2435 2649 2623 2712 utpote
2645 2640 2738 2713 qui
2781 2650 3063 2710 paternam
3097 2637 3190 2693 Dei
3226 2637 3313 2691 sui
3352 2637 3724 2708 cognitionem

2126 2736 2430 2790 obtineant.
2462 2732 2666 2787 Verum
2714 2730 2912 2784 deinde
2955 2729 3092 2784 illud
3147 2728 3454 2798 adjiciunt:
3493 2745 3511 2776 ι
3553 2725 3725 2780 Bene-

2126 2829 2276 2881 dicat
2303 2841 2403 2881 nos
2427 2824 2611 2890 Deus;
2645 2842 2664 2876 ι
2699 2833 2886 2893 utpote
2917 2822 3010 2892 qui
3041 2837 3150 2876 non
3185 2822 3430 2891 ipsorum
3470 2825 3720 2885 tantum,

2118 2919 2222 2976 sed
2249 2919 2414 2974 etiam
2436 2931 2628 2972 eorum
2654 2917 2924 2978 omnium,
2957 2916 3051 2984 qui
3107 2929 3204 2983 per
3228 2928 3324 2968 eos
3361 2911 3593 2967 salutem
3621 2926 3723 2963 na-

2127 3011 2267 3067 cturi
2299 3019 2449 3073 sunt,
2477 3007 2623 3063 Deus
2674 3008 2766 3062 sit.
2801 3005 2933 3061 Post
2963 3007 3078 3059 haac
3109 3005 3294 3060 omnia
3340 3014 3521 3058 autem
3553 3003 3725 3057 totius

428 3114 536 3162 τως
571 3097 626 3150 δὲ
660 3099 843 3163 αὐτοῖς
869 3100 948 3162 τὸ,
985 3118 1004 3151 ι
1051 3101 1110 3154 '0
1133 3099 1265 3164 Θεὸς
1302 3101 1481 3171 ἡμῶν,
1521 3119 1540 3152 ι
1581 3101 1638 3152 ἐν
1665 3098 1764 3169 τῷ,
1800 3117 1819 3150 r
1855 3100 2023 3153 Εὐλο-

2129 3102 2425 3174 propbetite
2483 3101 2945 3169 complementum
3004 3098 3300 3168 obsignant
3351 3097 3438 3151 bis
3495 3097 3721 3152 verbis:

428 3193 594 3262 γήσαι
629 3194 777 3263 ἡμᾶς
809 3193 837 3244 6
878 3193 1032 3257 Θεὸς,
1063 3195 1091 3246 6
1123 3193 1255 3256 Θεὸς
1284 3194 1472 3265 ἡμῶν
1513 3212 1530 3244 ι
1564 3193 1640 3256 ώς
1682 3191 1747 3246 ἂν
1785 3192 2017 3264 πάτριον

430 3284 755 3355 κεκτημένοι
777 3284 837 3338 τὸ
856 3285 950 3341 τοῦ
985 3285 1120 3338 Θεοῦ
1153 3285 1332 3338 αὐτῶν
1361 3284 1670 3357 γνώρισμα.
1713 3284 1853 3338 Ἀλλ’
1892 3283 2018 3354 ἑξῆς

430 3375 888 3430 ἐπισυνάπτουσιν
924 3377 1194 3449 ἀορίστως
1227 3377 1481 3445 λέγοντες
1521 3377 1603 3438 τὸ,
1643 3395 1660 3427 ι
1707 3375 2017 3447 Εὐλογήσαι

430 3465 577 3534 ἡμᾶς
608 3467 636 3516 6
664 3465 796 3528 Θεός
818 3483 831 3495 ’
872 3485 890 3517 ι
936 3466 1008 3530 ὡς
1049 3466 1246 3538 μηκέτι
1277 3466 1454 3537 μόνων
1492 3465 1671 3518 αὐτῶν
1690 3506 1705 3528 ,
1754 3464 1892 3518 ἀλλά
1922 3464 2020 3518 καὶ

431 3555 651 3607 πάντων
691 3555 798 3608 τῶν
832 3555 898 3608 δι’
929 3558 1109 3610 αὐτῶν
1135 3556 1531 3628 σωθησομένων
1557 3555 1688 3608 Θεὸν
1718 3555 1865 3609 ὅντα.
1907 3555 2018 3608 Καὶ

433 3643 572 3714 μετά
616 3645 794 3698 πάντα
836 3646 896 3699 τὸ
945 3648 1320 3720 συμπέρασμα
1360 3647 1462 3718 τῆς
1509 3647 1637 3718 ὅλης
1681 3647 2019 3719 προφητείας

429 3737 920 3807 ἐπισφραγίζονται
951 3740 1232 3809 λέγοντες·
1286 3760 1304 3791 ‹
1346 3741 1456 3795 Καὶ
1496 3739 1891 3812 φοϐηθήτωσαν
1925 3742 2021 3792 αύ-

428 3826 522 3880 τὸν
551 3829 730 3882 πάντα
753 3830 820 3883 τά
853 3833 1065 3901 πέρατα
1097 3833 1194 3900 τῆς
1220 3832 1347 3903 γῆς.
1385 3852 1403 3885 ι
1447 3831 1666 3904 Ἐπειδὴ
1696 3831 1803 3905 γὰρ
1839 3851 1856 3883 ί
1876 3832 2020 3903 ἀρχὴ

432 3925 625 3991 σοφίας
671 3924 835 3992 φόϐος
875 3927 1105 3998 Κυρίου,
1157 3947 1176 3978 ι
1221 3925 1543 3995 ἀναγκαίως
1568 3925 1757 3996 ὥσπερ
1788 3927 2020 3992 εἰσαγω-

431 4014 532 4085 γὴν
562 4016 662 4087 τῆς
698 4016 1007 4082 θεοσεϐείας
1051 4018 1142 4073 τὸν
1190 4019 1354 4088 φόϐον
1393 4019 1487 4072 τοῦ
1529 4018 1668 4072 Θεοῦ
1702 4018 2019 4088 ἐγγενέσθαι

431 4108 598 4160 πᾶσιν
624 4107 933 4180 ἀνθρώποις
979 4113 1092 4175 τοῖς
1135 4113 1230 4165 καὶ
1283 4112 1443 4184 μέχρι
1475 4111 1584 4165 τῶν
1632 4111 1880 4182 ἐσχάτων
1919 4110 2021 4180 τῆς

435 4200 537 4270 γῆς
573 4202 813 4257 οἰκοῦσιν
855 4203 1180 4275 ἐπεύχονται
1203 4223 1217 4234 ’
1251 4204 1279 4257 ὃ
1320 4204 1384 4276 δὴ
1426 4205 1522 4258 καὶ
1549 4202 1854 4275 ἐπληροῦτο
1885 4202 2023 4273 μετὰ

2127 3214 2144 3247 ι
2190 3195 2254 3248 Ει
2283 3200 2531 3249 metuant
2551 3208 2675 3248 eum
2705 3206 2897 3246 omnes
2924 3192 3061 3246 ﬁnes
3093 3201 3271 3244 terras.
3313 3209 3331 3241 ι
3360 3188 3720 3259 Quandoqui-

2120 3288 2243 3342 dem
2283 3286 2429 3341 enim
2475 3303 2493 3336 ι
2533 3285 2750 3338 initium
2791 3284 3074 3354 sapientiae
3110 3284 3276 3337 timor
3304 3281 3524 3336 Domini
3576 3282 3645 3344 ³³,
3697 3300 3716 3331 ι

2125 3380 2438 3436 necessario
2466 3385 2786 3449 precantur,
2821 3385 2883 3431 ut
2913 3377 3113 3439 timor,
3176 3375 3334 3445 quasi
3379 3374 3620 3429 initiatio
3655 3373 3724 3428 ad

2122 3473 2265 3543 piam
2294 3472 2635 3542 religionem,
2681 3469 2941 3524 omnibus
2973 3467 3311 3532 hominibus,
3338 3465 3502 3522 etiam
3535 3474 3722 3521 extre-

2124 3582 2211 3620 ma
2235 3574 2395 3621 terrae
2429 3563 2834 3626 incolentibus,
2886 3563 3187 3632 ingeratur.
3221 3559 3380 3625 Quod
3424 3565 3547 3629 post
3581 3557 3728 3611 divi-

2126 3673 2257 3713 num
2318 3655 2622 3710 Salvatoris
2673 3655 2847 3709 nostri
2903 3652 3197 3707 adventum
3263 3653 3546 3721 impletum
3585 3657 3719 3706 est:

2128 3763 2253 3821 post
2282 3751 2436 3804 illum
2466 3751 2613 3804 enim
2637 3748 2694 3801 in
2711 3762 2929 3801 omnem
2960 3755 3163 3800 terram
3192 3745 3362 3799 exivit
3387 3759 3557 3799 sonus
3591 3758 3718 3812 apo-

2129 3844 2400 3899 stolorum
2432 3841 2574 3911 ejus,
2607 3848 2662 3896 et
2691 3840 2747 3893 in
2776 3839 2912 3893 ﬁnes
2940 3838 3092 3892 orbis
3115 3845 3275 3891 terra:
3299 3836 3460 3889 verba
3505 3849 3720 3889 eorum.

2127 3935 2204 3990 De
2259 3935 2347 3989 his
2399 3947 2621 4003 quoque
2665 3941 2828 3986 terra:
2859 3930 3061 3985 ﬁnibus
3099 3928 3355 3997 superius
3390 3926 3719 3980 dicebatur:

2133 4046 2150 4078 ε
2195 4025 2406 4081 Exaudi
2438 4041 2560 4090 nos,
2589 4024 2734 4080 Deus
2764 4025 3018 4078 Salvator
3052 4031 3262 4086 noster,
3299 4035 3426 4090 spes
3473 4020 3721 4073 omnium

2129 4119 2322 4173 ﬁnium
2351 4127 2512 4174 terra:
2536 4159 2552 4186 ,
2583 4125 2638 4172 et
2656 4132 2846 4172 eorum
2871 4117 2965 4187 qui
2990 4116 3046 4170 in
3073 4115 3210 4168 mari
3235 4121 3365 4168 sunt
3404 4114 3562 4181 longe
3589 4111 3655 4162 ⁸⁸.
3696 4128 3719 4162 ι

430 4294 530 4366 τὴν
571 4296 666 4349 τοῦ
699 4298 951 4370 Σωτῆρος
995 4269 1170 4370 τῆμῶν
1207 4269 1550 4368 θεοφάνειαν,
1582 4269 1705 4371 μεθξ
1747 4299 1814 4367 ἢν
1858 4269 1938 4360 εἰς
1973 4299 2152 4351 πᾶσαν
2191 4299 2290 4369 τὴν
2352 4297 2457 4368 γῆν
2521 4294 2747 4366 ἐξῆλθεν
2779 4296 2810 4348 6
2842 4269 3220 4364 φθόγγοςτῶν
3260 4289 3573 4346 ἀποστόλων
3627 4288 3726 4341 αύ-

429 4386 547 4450 τοῦ,
589 4388 682 4440 καὶ
723 4389 803 4451 εἰς
843 4387 911 4440 τά
943 4387 1157 4461 πέρατα
1187 4389 1286 4459 τῆς
1324 4389 1651 4461 οἰκουμένης
1689 4388 1762 4441 τά
1793 4389 2013 4460 ῥήματα
2051 4387 2251 4440 αὐτῶν.
2279 4388 2415 4458 Περί
2435 4386 2640 4440 τούτων
2665 4386 2722 4439 δέ
2755 4386 2863 4440 τῶν
2890 4385 3142 4458 περάτων
3181 4383 3282 4453 τῆς
3325 4383 3427 4453 γῆς
3481 4379 3576 4434 καὶ
3638 4378 3726 4430 διὰ

429 4481 535 4533 τῶν
561 4476 870 4550 ἔμπροσθεν
899 4479 1116 4547 ἐλέγετο
1141 4496 1154 4508 ·
1196 4499 1214 4530 ι
1269 4479 1605 4533 Ἐπάκουσον
1635 4477 1817 4551 ἡμῶν,
1849 4480 1878 4530 ό
1901 4476 2034 4540 Θεὸς
2072 4477 2102 4532 6,
2137 4476 2340 4550 ιΣωτὴρ
2384 4476 2563 4548 ἡμῶν,
2608 4477 2643 4547 ἡ
2708 4475 2863 4538 ἐλπὶς
2911 4474 3130 4528 πάντων
3159 4472 3268 4526 τῶν
3315 4472 3567 4542 περάτων
3625 4468 3725 4538 τῆς

428 4572 531 4642 γῆς
559 4573 653 4623 καὶ
680 4569 789 4622 τῶν
814 4572 871 4622 ἐν
916 4570 1161 4642 θαλάσσῃ
1194 4570 1433 4640 μακράν.

482 4663 590 4715 Et:
613 4664 700 4716 T0
725 4662 945 4716 TEAOE
970 4664 1056 4733 To
1078 4641 1277 4716 ΔΑΥΙΔ
1308 4661 1602 4715 “mox
1631 4661 1807 4733 ῼΔΗΣ
1837 4659 1958 4714 ΞΖ’.

2126 4654 2165 4708 .I
2205 4649 2271 4706 ιΝ
2298 4646 2508 4704 FINEM
2531 4644 2784 4712 DAVlDl,
2830 4641 3154 4700 PSALMUS
3181 4641 3472 4698 CANTICI.
3511 4643 3720 4698 LXVII.

503 4798 521 4828 ι
570 4778 881 4848 Ἀναστήτω
927 4779 955 4831 6
999 4776 1167 4843 Θεὸς,
1202 4777 1295 4830 καὶ
1326 4776 1908 4848 διασκορπισθητωσαν
1964 4776 2014 4827 οἱ

2196 4764 2363 4819 Vens.
2388 4762 2507 4816 2—4.
2529 4780 2546 4814 ι
2581 4760 2856 4830 Exsurgat
2874 4757 3038 4823 Dens,
3064 4769 3118 4813 et
3145 4757 3482 4827 dissipentur
3515 4757 3729 4836 inimici

429 4870 613 4942 ἐχθροί
653 4871 842 4937 αὐτοῦ,
883 4870 978 4924 καὶ¹
1007 4871 1332 4940 φυγέτωσαν
1375 4869 1484 4924 ἀπὸ
1521 4867 1813 4940 προσώπου
1848 4866 2015 4922 αὑτοῦ

2129 4860 2274 4929 ejus,
2308 4865 2364 4911 et
2391 4856 2604 4927 fugiant
2629 4855 2722 4924 qui
2750 4852 2979 4907 oderunt
3006 4867 3130 4907 eum
3153 4866 3182 4904 a
3203 4850 3344 4906 facie
3369 4851 3510 4920 ejus.
3537 4870 3556 4903 ι
3587 4852 3727 4906 Tres

425 4963 479 5016 οἰ
513 4962 797 5034 μισοῦντες
827 4963 1007 5016 αὐτόν.
1054 4983 1073 5015 ›
1122 4964 1186 5018 Ol
1233 4963 1332 5035 μὲν
1365 4962 1472 5034 πρὸ
1514 4961 1608 5015 τοῦ
1655 4961 1792 5034 μετὰ
1829 4962 2016 5032 χεῖρας

2126 4951 2322 5022 psalmi
2354 4957 2481 5003 ante
2503 4957 2826 5017 praesentem
2845 4951 3249 5014 consequenter
3271 4943 3460 5013 positi,
3479 4943 3728 5009 vocatio-;

426 5032 574 5127 τρεῖς
597 5054 794 5126 ἐφεξῆς
828 5055 926 5127 τὴν
952 5055 1145 5125 κλῆσιν
1166 5032 1276 5108 τών
1316 5032 1484 5109 ἐθνών
1519 5032 1867 5126 προεφώνουν
1891 5069 1905 5083 ·
1942 5045 2018 5105 ὧν

2126 5059 2249 5098 nem
2265 5042 2507 5113 gentium
2529 5040 2973 5111 praenuntiabant
2991 5056 3003 5091 :
3020 5037 3264 5106 equibus
3287 5051 3409 5088 wa
3429 5052 3446 5084 ι
3471 5032 3727 5089 Psalmus

427 5151 456 5202 6
482 5150 578 5221 μὲν
611 5149 680 5214 ξδ’
705 5169 722 5200 ‹
755 5149 982 5221 Ψαλμὸς
1005 5148 1149 5219 ᾠδῆς
1183 5167 1202 5199 ι
1233 5149 1618 5218 ἐπεγέγραπτο
1646 5165 1664 5198 ι
1688 5145 1778 5217 Τῷ
1799 5144 1978 5200 Δαυΐδ·
1998 5163 2015 5195 ι

2128 5138 2331 5192 cantici
2359 5135 2557 5190 Davidi
2589 5154 2609 5188 ι
2632 5135 2929 5204 inscriptus
2958 5139 3106 5197 erat;
3128 5143 3366 5199 sequens
3387 5144 3537 5191 vero,
3557 5127 3728 5182 «Can-

427 5244 456 5295 6
485 5218 531 5295 6’
560 5242 824 5312 ἐπόμενος
857 5218 896 5292 «⁷
928 5218 1053 5312 nail
1093 5239 1340 5311 ψαλμοῦ·
1395 5260 1413 5292 ι
1445 5240 1474 5292 6
1523 5239 1578 5291 δὲ
1637 5239 1819 5311 τρίτος
1869 5256 1887 5288 ‹
1934 5237 2022 5289 Ἐν

2126 5235 2290 5285 ticum
2311 5231 2541 5300 psalmi;
2580 5248 2597 5280 ι
2616 5228 2812 5282 tertius
2833 5244 2849 5276 ι
2878 5224 2935 5280 In
2948 5223 3166 5295 hymnis
3181 5221 3428 5291 psalmus
3447 5218 3670 5272 cantici.
3699 5238 3719 5269 ι

429 5332 618 5406 ὕμνοις
660 5310 873 5406 ᾧαλμὸς
920 5310 1158 5406 ᾠδῆς.»
1212 5310 1456 5398 Εἰκότως
1505 5310 1792 5405 τοιγαροῦν
1844 5331 1939 5384 καί¹
1993 5332 2022 5382 ὁ

2126 5324 2149 5380 J
2159 5341 2251 5380 ure
2266 5325 2447 5393 itaque
2465 5336 2708 5392 praesens
2728 5319 2972 5391 psalmus
2984 5329 3108 5370 cum
3121 5312 3468 5384 evangelicus
3485 5310 3612 5365 item
3626 5310 3721 5373 sit,

431 5402 572 5497 μετὰ
603 5402 811 5499 χεῖρας,
845 5402 1197 5496 εὐαγγελικὸς
1221 5426 1299 5482 ὢν
1327 5428 1419 5480 καί
1445 5426 1628 5490 αὐτὸς,
1667 5402 1762 5478 καὶ
1798 5424 1858 5477 οὐ
1890 5423 2019 5494 περὶ

2127 5433 2188 5470 ac
2206 5431 2316 5470 non
2351 5413 2527 5471 solum
2542 5413 2609 5467 de
2625 5409 2910 5464 vocatione
2925 5407 3191 5478 gentium,
3224 5403 3318 5458 sed
3343 5404 3506 5457 etiam
3521 5402 3589 5456 de
3603 5402 3726 5471 ipso

429 5494 530 5591 τῆς
574 5494 821 5593 κλήσεως
854 5494 970 5574 τῶν
1000 5494 1171 5574 ἐθνῶν
1220 5519 1402 5590 μόνον,
1442 5517 1578 5572 ἀλλά
1619 5517 1715 5570 καὶ
1752 5515 1882 5588 περὶ
1921 5513 2016 5566 τοῦ

2129 5507 2416 5562 Servalore
2446 5503 2785 5576 prophetiam
2805 5502 3104 5563 contineat,
3134 5517 3152 5549 ι
3188 5497 3241 5550 in
3269 5497 3428 5549 linem
3457 5494 3670 5558 Davidi,
3697 5512 3720 5544 ›

431 5587 685 5684 Σωτῆρος
711 5611 876 5666 αὐτοῦ
907 5587 1247 5683 προφητείαν
1280 5609 1569 5680 περιέχων,
1607 5626 1624 5660 ι
1664 5609 1742 5670 εἰς
1774 5605 1836 5658 τὸ
1866 5604 2018 5668 τέλος

2128 5617 2288 5672 atque
2328 5620 2344 5651 ι
2385 5599 2628 5671 psalmus
2671 5595 2928 5659 cantici,»
2967 5591 3196 5665 perinde
3258 5599 3423 5662 atque
3473 5587 3697 5659 superio

507 5768 710 5827 “Gen.
757 5786 794 5836 ι,
841 5772 932 5827 28.
1010 5771 1058 5803 "
1085 5771 1228 5826 Psal.
1262 5787 1352 5837 cx,
1396 5770 1481 5824 10.
1590 5765 1804 5823 “Psal.
1850 5779 1998 5828 Luv,
2032 5762 2082 5816 6.
