4142 6388
422 314 528 370 679

1147 309 1417 365 EUSEBII
1456 308 1938 365 CESARIENSIS
1974 311 2124 366 OPP.
2170 312 2353 368 PARS
2386 314 2455 370 Il.
2491 344 2557 354 —-
2600 314 3012 369 EXEGETIL‘A.

3587 319 3693 374 680

415 450 529 499 res,
556 433 853 503 inscriptus
873 439 978 489 est.
1002 430 1105 486 Par
1120 439 1237 486 erat
1262 432 1407 485 enim
1426 447 1706 487 sermones
1733 432 1999 486 honorum

2107 433 2183 502 τῷ
2210 435 2372 487 Δαυῖδ
2396 456 2413 485 ι
2440 434 2860 505 ἐπιγέγραπται,
2888 434 2982 489 καὶ
3007 452 3025 483 ε
3052 433 3263 504 ψαλμὸς
3291 418 3463 505 ᾦδῆς»
3494 437 3693 505 ὁμοίως

416 531 689 599 promissa
716 530 1138 598 complectentes
1164 567 1178 591 ,
1234 544 1343 581 non
1381 528 1543 581 modo
1599 528 1871 596 psalmos,
1907 527 2002 581 sed

419 637 530 678 una
559 623 799 694 psalmos
821 621 1043 685 cantici,
1068 628 1122 675 et
1147 620 1361 675 cantica
1386 620 1583 690 psalmi
1606 621 1814 682 vocari,
1841 628 2004 689 atque

425 734 445 768 ι
488 717 541 769 in
578 715 736 769 ﬁnem
770 734 787 765 ι
821 715 1130 778 remittere;
1163 713 1291 782 quia
1315 728 1378 767 ea
1409 728 1529 782 quae
1573 713 1630 767 in
1681 713 1879 766 horum
1908 728 2002 766 va-

420 810 625 863 ticiniis
663 807 937 867 feruntur,
965 806 1242 861 diuturnis
1267 814 1389 875 post
1419 806 1761 875 temporibus
1792 806 1848 859 in
1870 820 2004 859 con-

419 900 783 955 summatione
812 899 999 954 saeculi
1029 897 1357 966 perﬁcienda
1406 904 1583 951 erant.
1642 895 1741 950 llic
1786 912 2003 966 quoque

420 990 660 1059 psalmus
692 1004 722 1042 a
752 986 960 1059 Spiritu
995 986 1318 1057 prophetico
1356 1001 1422 1039 ex
1456 1000 1689 1054 persona
1716 987 2000 1056 apostolo-

416 1098 536 1135 rum
571 1081 958 1150 pronuntiatus
989 1086 1093 1133 est.
1132 1078 1285 1131 Sicut
1323 1092 1453 1146 ergo
1485 1078 1536 1131 in
1569 1078 2002 1147 praecedentibus

414 1175 666 1236 orabant,
701 1172 865 1226 Deum
893 1171 996 1225 sibi
1029 1170 1094 1223 ad
1147 1169 1515 1237 evangelicain
1556 1168 2000 1237 praedicationem

415 1266 720 1335 adjutorem
748 1270 1042 1318 evocantes
1069 1280 1084 1328 ;
1118 1261 1305 1315 eodem
1333 1276 1550 1330 quoque
1584 1261 1746 1315 modo
1778 1260 1832 1314 in
1866 1276 2003 1330 pra:-

416 1357 559 1412 senti
596 1356 825 1411 ulterius
877 1352 1152 1424 progressi
1191 1352 1383 1406 dicunt
1416 1370 1428 1405 :
1474 1371 1491 1402 σ
1538 1352 1866 1407 Benedictus
1899 1352 2003 1406 Do-

416 1448 599 1502 minus
637 1446 878 1517 quotidie
917 1463 931 1511 ;
969 1460 1291 1514 prosperum
1337 1446 1439 1498 iter
1465 1443 1627 1499 faciet
1662 1446 1821 1500 nobis
1862 1446 2002 1499 Deus

416 1539 737 1594 salutarium
767 1548 1076 1593 nostrorum
1107 1555 1116 1588 :
1160 1555 1177 1586 ι
1205 1538 1473 1589 ctiterum
1504 1555 1516 1589 :
1549 1554 1567 1586 ι
1598 1535 1997 1603 Mauda,Deus,

421 1631 608 1684 virtuti
630 1640 755 1693 tuae,
787 1630 1049 1684 conﬁrma
1086 1630 1210 1692 hoc,
1241 1626 1385 1681 Deus
1406 1666 1420 1690 ,
1472 1627 1617 1697 quod
1654 1638 1911 1697 operatus
1942 1643 2002 1682 es

420 1720 473 1774 in
511 1722 686 1776 nobis.
738 1740 754 1771 ›
812 1719 977 1775 Vides
1033 1720 1177 1775 enim
1230 1718 1503 1788 quomodo
1557 1729 1883 1788 precentur,
1942 1727 2001 1773 ut

2104 528 2216 585 τοῖς
2249 528 2355 597 πρὸ
2398 526 2583 579 αὑτοῦ.
2618 526 2764 579 Ἔδει
2793 527 2903 597 γὰρ
2936 526 3062 588 τοὺς
3114 527 3221 579 τῶν
3252 526 3471 594 ἀγαθῶν
3520 532 3693 599 ἐπαγ-

2104 620 2385 687 γελτικοὺς
2431 620 2621 689 λόγους
2671 620 2744 691 μὴ
2783 621 2941 690 μόνον
2977 619 3245 688 ψαλμοὺς,
3287 620 3400 673 ἀλλ’
3430 623 3564 691 όμοῦ
3598 625 3694 677 καὶ

2106 710 2245 761 κατὰ
2276 708 2333 761 τὸ
2362 710 2491 761 αὐτὸ
2518 709 2768 779 ψαλμοὺς
2797 708 2951 779 ᾠδῶν
2996 712 3089 762 καὶ
3132 710 3277 780 ᾠδάς
3307 710 3538 782 ψαλμῶν
3576 714 3694 766 όνο-

2108 800 2372 870 μάζεσθαι
2393 802 2485 854 καὶ
2508 821 2524 851 ι
2549 803 2627 863 εἰς
2668 801 2727 853 τὸ
2760 801 2909 865 τέλος
2934 821 2950 853 ι
2976 803 3319 872 ἀναπέμπειν
3338 822 3349 831 ·
3387 804 3462 865 ὡς
3498 804 3563 857 ἂν
3591 823 3694 874 μα-

2105 897 2255 965 κροῖς
2295 892 2518 963 ὕστερον
2545 892 2758 963 χρόνοις
2788 894 2880 945 ἐπὶ
2915 893 3195 963 συντελείᾳ
3220 894 3315 946 τοῦ
3345 896 3537 959 αἰῶνος
3564 897 3692 966 μελ-

2104 985 2301 1055 λόντων
2332 982 2669 1054 πληροῦσθαι
2692 983 2800 1036 τῶν
2830 984 2885 1035 ἐν
2913 984 3096 1045 αὐτοῖς
3130 982 3556 1054 θεσπιζομένων.
3588 986 3690 1038 Λέ-

2104 1078 2291 1129 λεκται
2319 1077 2375 1129 δὲ
2412 1078 2505 1129 καὶ
2543 1076 2702 1139 αὐτὸς
2744 1077 2845 1129 ὑπὸ
2882 1076 2977 1129 τοῦ
3007 1078 3345 1147 προφητικοῦ
3374 1079 3687 1148 Πνεύματος

2103 1172 2167 1223 ὲκ
2217 1172 2509 1243 προσώπου
2556 1172 2665 1225 τῶν
2712 1172 3046 1224 ἀποστόλων.
3082 1172 3292 1242 ’Ὠσπερ
3321 1168 3413 1225 οῦν
3451 1172 3539 1225 διὰ
3579 1172 3689 1225 τῶν

2104 1265 2411 1337 ἔμπροσθεν
2462 1264 2763 1335 ἐπηύχοντο
2820 1266 3033 1325 ἑαυτοῖς
3085 1264 3513 1335 ἀνακαλούμενοι
3556 1265 3691 1317 Θεὸν

2106 1358 2363 1428 συνεργὸν
2388 1359 2467 1420 εἰς
2494 1357 2553 1409 τὸ
2578 1356 2927 1425 εὐαγγελικὸν
2962 1358 3245 1427 κήρυγμα,
3273 1357 3363 1409 τὸν
3390 1356 3550 1410 αὐτὸν
3572 1356 3691 1428 τρό-

2104 1467 2201 1501 πον
2228 1450 2321 1502 καῖ
2348 1449 2405 1500 ὲν
2437 1451 2547 1511 τοῖς
2577 1448 2961 1519 προκειμένοις
2986 1451 3033 1500 οἱ
3067 1449 3221 1501 αὐτοὶ
3256 1448 3552 1519 προῖόντες,
3586 1468 3689 1518 φα-

2105 1543 2215 1594 σίν·
2250 1560 2267 1591 ι
2295 1540 2595 1609 Εὐλογητὸς
2634 1540 2836 1610 Κύριος
2870 1539 3081 1610 ἡμέραν
3110 1540 3231 1591 καθ’
3262 1539 3472 1610 ἡμέραν
3495 1556 3508 1569 ⁸
3548 1557 3686 1593 κατ-

2101 1632 2351 1686 ευοδώσει
2383 1635 2513 1702 ἡμῖν
2561 1634 2588 1684 ό
2644 1633 2775 1695 Θεὸς
2820 1631 2927 1683 τῶν
2982 1630 3263 1701 σωτηρίων
3304 1630 3496 1701 ἡμῶνο
3533 1651 3550 1681 ι
3594 1632 3688 1683 καὶ

2104 1723 2294 1778 πάλιν·
2329 1744 2345 1774 ι
2386 1724 2681 1787 Ἔντειλαι,
2712 1726 2738 1775 ό
2764 1723 2915 1786 Θεὸς,
2956 1724 3055 1793 τὴν
3084 1722 3314 1793 δύναμίν
3358 1740 3449 1775 σου
3474 1739 3485 1753 ⁸
3529 1723 3687 1776 δυνά-

419 1814 563 1870 Deus
586 1816 687 1870 sibi
714 1830 1031 1884 prosperum
1063 1818 1165 1870 iter
1192 1823 1367 1884 paret,
1394 1830 1562 1884 seque
1609 1813 1913 1879 conﬁrmet,
1943 1824 1999 1869 ut

2107 1833 2305 1886 μωσον,
2345 1818 2373 1869 ὁ
2418 1814 2569 1878 Θεὸς,
2607 1817 2763 1867 τοῦτο
2806 1815 2834 1866 ὃ
2874 1791 3231 1885 κατειργάσω
3265 1818 3417 1885 ἡμῖν.
3456 1835 3473 1866 ι
3524 1817 3686 1887 Ὁρᾷς

418 1907 695 1978 Evangelii
723 1923 946 1961 cursum
996 1909 1114 1961 sine
1145 1908 1304 1962 obice
1354 1906 1657 1977 perﬁciant.
1713 1906 2002 1978 Evangeli~

415 2014 539 2054 eam
570 2000 696 2053 item
727 1999 1166 2069 praedicationem
1217 2007 1402 2068 aperte
1449 2006 1759 2052 memorant
1813 2000 2002 2055 dicen-

417 2100 537 2148 tes:
574 2110 592 2142 ί
628 2091 890 2144 Dominus
925 2090 1074 2144 dabit
1097 2090 1321 2144 verbum
1369 2089 1873 2159 evangelizantibus
1898 2093 2003 2145 vir-

420 2192 539 2239 tute
567 2184 756 2237 multa.
794 2202 811 2233 ι
852 2182 965 2236 lmo
990 2183 1320 2251 quibusnam
1350 2183 1706 2255 Evangelium
1738 2184 2002 2251 praedica-

415 2276 526 2331 turi
550 2283 734 2329 essent
756 2274 1128 2328 vaticinantur
1157 2275 1242 2329 his
1270 2275 1452 2330 verbis
1480 2294 1494 2329 :
1524 2293 1542 2326 ι
1580 2274 1809 2329 Venient
1841 2275 2002 2345 legati

415 2382 485 2421 ex
521 2365 777 2436 Egypto,
803 2364 1083 2435 Ethiopia
1111 2366 1348 2435 porriget
1372 2382 1592 2420 manum
1625 2382 1781 2422 suam
1819 2366 1949 2421 Deo.
1977 2385 1997 2419 ι

417 2459 575 2513 Clare
612 2459 756 2512 enim
792 2458 944 2512 hisce
977 2458 1157 2513 verbis
1194 2456 1468 2527 Aﬂgyptiis
1502 2455 1859 2528 Evangelium
1903 2475 2002 2512 an-

419 2551 709 2612 nuntiant,
766 2549 1085 2604 idololatras
1148 2550 1596 2605 subindicantes:
1646 2567 1713 2604 ex
1768 2550 2002 2621 Eg-ypto

420 2657 655 2712 namque
681 2640 992 2695 idololatria
1015 2648 1196 2693 ortum
1214 2642 1445 2710 accepit.
1463 2640 1772 2706 Quinetiam
1788 2641 2002 2694 .tthio-

418 2735 563 2803 piam
592 2731 702 2787 Deo
729 2747 947 2786 manum
980 2732 1255 2803 porrigere
1299 2748 1455 2786 suam
1500 2732 1724 2794 dicunt,
1759 2740 1999 2786 extrema

419 2837 579 2882 terra:
606 2825 999 2896 signiﬁcantes.
1033 2824 1238 2880 Deinde
1269 2839 1395 2879 vero
1429 2825 1613 2878 omnia
1643 2839 1812 2895 regna
1840 2832 2001 2877 teme

2104 1908 2211 1977 γάρ
2240 1908 2387 1970 ὅπως
2422 1907 2855 1976 κατευοδωθῆναι
2885 1906 2989 1960 ὑπὸ
3018 1907 3111 1958 τοῦ
3143 1906 3277 1959 Θεοῦ
3315 1910 3406 1960 καὶ
3433 1908 3685 1979 δυναμω-

2104 2000 2260 2070 θῆναι
2301 2000 2381 2063 εἰς
2411 1999 2472 2051 τὸ
2512 1998 2805 2060 ἀκωλύτως
2836 1998 2926 2050 τὸν
2971 1998 3168 2069 δρόμον
3214 1999 3306 2051 τοῦ
3350 2001 3685 2067 Εὐαγγελίου

2102 2091 2382 2143 τελειῶσαι
2426 2090 2694 2161 εῦχονται.
2747 2090 3069 2160 Μέμνηνται
3114 2090 3171 2143 δὲ
3218 2090 3404 2160 σαφῶς
3449 2094 3542 2144 καὶ
3588 2091 3683 2143 τοῦ

2103 2183 2457 2252 εύαγγελικοῦ
2502 2181 2857 2253 κηρύγματος
2890 2182 3182 2250 -λέγοντεςο
3236 2203 3253 2233 ι
3282 2182 3485 2254 Κύριος
3525 2184 3683 2236 δώσει

2107 2277 2255 2348 ῥῆμα
2292 2278 2403 2338 τοῖς
2445 2274 2952 2344 εύαγγελιζομένοις
2978 2274 3206 2345 δυνάμει
3241 2275 3447 2347 πολλῇ-
3489 2296 3507 2327 ι
3550 2276 3683 2330 ἀλλά

2104 2369 2197 2421 καὶ
2223 2368 2362 2420 τίσιν
2393 2367 2623 2437 ἤμελλον
2650 2366 2937 2438 κηρύττειν
2961 2367 3019 2420 τὸ
3046 2368 3377 2437 Εὐαγγέλιον
3401 2368 3684 2432 θεσπίζου-

2106 2477 2188 2511 σιν
2216 2461 2271 2512 ὲν
2304 2454 2385 2521 οἷς
2424 2476 2591 2527 φασιν
2611 2477 2623 2489 ο
2664 2478 2681 2509 ι
2723 2457 2949 2521 Ἢξουσι
2980 2459 3237 2529 πρέσϐεις
3280 2460 3338 2523 ἐξ
3369 2460 3643 2527 Αἰγύπτου
3664 2474 3681 2492 ⁸

2102 2550 2357 2604 Αἰθιοπία
2398 2551 2703 2621 προφθάσει
2731 2553 2890 2621 χεῖρα
2931 2551 3100 2621 αὐτῆς
3126 2552 3204 2622 τῷ
3246 2552 3385 2622 Θεῷ.
3425 2572 3442 2603 ι
3492 2553 3683 2621 Σαφῶς

2103 2644 2209 2715 γὰρ
2236 2644 2324 2696 διὰ
2369 2642 2573 2696 τούτων
2617 2644 2895 2710 Αἴγυπτον
2929 2643 3394 2711 εὐαγγελίζονται,
3443 2646 3570 2708 τοὺς
3603 2648 3681 2697 εἰ-

2101 2736 2442 2807 δωλολάτραις
2474 2736 2837 2805 αἰνιττόμενοι
2862 2752 2876 2766 ·
2914 2736 3035 2788 ἐπεὶ
3075 2736 3133 2802 ἐξ
3169 2736 3444 2805 Αἰγύπτου
3486 2738 3684 2807 κατήρ-

2104 2828 2231 2892 ξατο
2267 2832 2299 2900 ή
2331 2828 2761 2901 εἰδωλολατρεία.
2800 2827 2958 2880 Ἀλλά
2989 2831 3080 2882 καὶ
3098 2830 3195 2901 τὴν
3236 2831 3516 2884 Αἰθιοπίαν
3552 2849 3684 2902 προ-

418 2916 707 2972 conlertim
740 2918 1026 2979 advocant,
1075 2916 1286 2985 hocque
1338 2916 1445 2969 ritu
1478 2916 1766 2971 universas
1815 2924 1999 2986 gentes

2104 2920 2306 2988 φθάσαι
2348 2925 2504 2993 χεῖρα
2546 2923 2716 2989 αὐτῆς
2758 2921 2835 2991 τῷ
2881 2922 3000 2991 Θεῷ
3044 2941 3193 2991 φασι,
3243 2924 3311 2977 τά
3353 2923 3556 2994 ἔσχατα
3584 2923 3682 2991 τῆς

420 3010 749 3082 signiﬁcant.
780 3010 851 3066 Ut
892 3019 1072 3065 autem
1116 3025 1179 3065 ea
1208 3026 1327 3081 quae
1371 3012 1426 3064 in
1456 3010 1717 3064 vaticinio
1743 3009 1999 3064 fereban-

2102 3009 2423 3081 οἰκουμένης
2462 3011 2768 3082 δηλοῦντες.
2813 3010 2927 3065 Εἴθ’
2968 3013 3096 3081 ἑξῆς
3131 3014 3229 3077 τὰς
3268 3014 3543 3083 βασιλείας
3585 3015 3683 3085 τῆς

418 3112 531 3168 tur,
564 3119 713 3158 nunc
737 3104 957 3158 tandem
990 3117 1154 3173 Opere
1174 3102 1583 3169 perﬁcerentur,
1604 3103 1661 3155 in
1693 3102 1814 3172 ipso
1845 3104 1996 3171 prin-

2104 3100 2205 3169 γῆς
2237 3101 2415 3166 πάσας
2457 3102 2668 3173 ἀθρόως
2698 3104 3047 3171 συγκαλοῦσι,
3086 3104 3193 3156 τῶν
3223 3106 3392 3159 ἐθνῶν
3428 3107 3683 3160 ἀπάντων

417 3198 563 3269 cipio
593 3195 830 3268 Spiritus
861 3206 1085 3252 sanctus
1128 3210 1223 3266 per
1273 3195 1526 3250 Davidem
1568 3211 1756 3266 preces
1800 3196 1999 3251 emitiit

2102 3190 2288 3245 τοῦτον
2323 3196 2734 3263 σημαινομένων
2765 3196 2853 3247 τὸν
2880 3195 3098 3266 τρόπον.
3135 3197 3252 3248 Ἵνα
3279 3198 3335 3249 δὲ
3367 3199 3434 3251 τά
3461 3199 3551 3252 διά
3575 3200 3683 3253 τῶν

416 3289 608 3345 dicens
630 3310 643 3344 :
667 3308 685 3340 ‹
715 3289 984 3359 Exsurgat
1006 3289 1149 3345 Deus
1171 3294 1225 3342 et
1246 3288 1581 3358 dissipentur
1598 3288 1804 3342 inimici
1822 3290 1957 3358 ejus.
1976 3310 1994 3340 ι

418 3380 714 3450 Pergraves
736 3381 879 3435 enim
907 3381 1109 3433 inimici
1134 3378 1227 3433 Dei
1249 3379 1361 3447 jam
1388 3380 1517 3433 olim
1548 3380 1605 3433 in
1634 3394 1826 3434 omnes
1842 3389 2000 3434 terrae

418 3474 752 3529 habitatores
773 3474 1117 3544 tyrannidem
1156 3472 1506 3538 exercebant,
1542 3473 1762 3543 maligni
1810 3472 2001 3527 videli-

416 3577 504 3620 cet
532 3565 807 3620 daamones
832 3604 847 3629 ,
889 3566 982 3634 qui
1027 3563 1391 3633 multiplicum
1437 3562 1723 3615 numinum
1757 3577 1997 3617 errorem

416 3658 473 3712 in
508 3660 823 3713 universum
855 3658 1041 3711 orbem
1090 3656 1439 3711 induxerant.
1470 3654 1639 3710 Nemo
1677 3670 1840 3724 porro
1882 3665 1999 3709 erat

414 3750 510 3819 qui
541 3750 682 3803 mala
706 3750 1057 3820 propelleret,
1101 3763 1212 3802 non
1246 3747 1331 3807 vi:
1376 3747 1616 3816 sapiens,
1654 3763 1761 3801 non
1788 3747 1995 3815 justus.

417 3858 527 3897 non
556 3842 837 3911 propheta,
863 3842 973 3896 imo
1007 3857 1108 3896 nec
1142 3840 1415 3911 quispiam
1449 3855 1515 3894 ex
1544 3839 1753 3908 angelis
1790 3848 1842 3894 et
1873 3855 1999 3893 san-

418 3936 524 3990 ctis
552 3935 862 4005 spiritibus,
898 3935 1015 3989 sive
1041 3950 1109 3988 ex
1140 3932 1461 3988 coelestibus
1495 3931 1803 4000 divinisque
1827 3926 1998 3983 virtu;

419 4029 588 4083 tibus.
650 4028 994 4097 Quapropter
1023 4026 1188 4081 Deum
1221 4032 1376 4096 rogat
1427 4037 1485 4079 ut
1534 4033 1815 4095 exsurgat,
1848 4032 1902 4077 et
1934 4040 2000 4079 ex

418 4122 571 4190 regio
601 4121 797 4174 throno
848 4136 950 4174 suo
995 4121 1281 4174 excitetur.
1339 4116 1474 4170 Nam
1520 4118 1613 4171 Dei
1660 4119 1998 4187 providentia

421 4219 556 4266 tunc
592 4227 831 4273 cessare,
869 4226 1063 4264 vacare
1096 4218 1149 4263 et
1174 4225 1272 4264 ceu
1297 4210 1581 4278 quiescere
1612 4207 1835 4271 dicitur,
1874 4224 1998 4262 cum

420 4320 485 4359 ex
516 4304 724 4359 divitiis
751 4302 1031 4364 bonitatis,
1079 4310 1133 4355 et
1163 4317 1229 4355 ex
1272 4301 1534 4371 patientia
1565 4300 2001 4370 longanimitate»

421 4412 529 4466 que
555 4410 653 4450 sua
685 4402 975 4464 peccantes
996 4400 1050 4447 et
1077 4408 1204 4463 erga
1233 4408 1291 4447 se
1320 4393 1484 4462 impie
1516 4400 1738 4461 agentes
1771 4393 1996 4456 tolerat;

2101 3282 2272 3348 λόγων
2316 3287 2761 3356 προφητευόμενα
2802 3286 2901 3357 ήδη
2944 3288 3075 3339 ποτὲ
3122 3287 3214 3338 καὶ
3259 3288 3324 3339 δι’
3358 3290 3533 3357 ἔργων
3577 3312 3685 3362 χω-

2103 3378 2265 3449 ρήσῃ,
2297 3377 2594 3447 ἀρχόμενον
2627 3377 2687 3429 τὸ
2720 3378 2939 3447 Πνεῦμα
2970 3379 3030 3431 τὸ
3070 3381 3426 3450 προφητικὸν,
3457 3382 3546 3435 δια
3584 3385 3680 3437 τοῦ

2100 3469 2263 3521 Δαυῒδ
2287 3469 2449 3538 εὐχὴν
2478 3469 2959 3539 ἀναπέμπει).έγον
2985 3490 2997 3501 ·
3024 3491 3042 3522 ‹
3074 3474 3379 3543 ’Δναστήτω
3400 3474 3427 3525 ό
3449 3473 3679 3543 Κύριος,

2101 3562 2192 3613 καὶ
2212 3560 2786 3632 διασκορπισθήτωσαν
2808 3564 2857 3614 οἰ
2886 3564 3071 3634 ἐχθροὶ
3103 3562 3287 3617 αὑτοῦ.
3332 3583 3349 3615 ι
3376 3565 3544 3617 Δεινοὶ
3568 3564 3679 3636 γὰρ

2100 3655 2283 3725 ἐχθροὶ
2318 3653 2412 3706 τοῦ
2443 3652 2577 3705 Θεοῦ
2610 3654 3040 3725 κατετυράννουν
3078 3654 3243 3708 πάλαι
3276 3656 3535 3727 πρότερον
3567 3655 3676 3707 τῶν

2100 3748 2192 3798 ἐπὶ
2212 3745 2313 3815 γῆς
2328 3744 2601 3809 ἀπάντων,
2626 3747 2673 3797 οἰ
2692 3744 2787 3816 τὴν
2806 3746 3063 3799 πολύθεον
3080 3748 3287 3818 πλάνην
3305 3746 3425 3800 καθ’
3441 3747 3566 3818 ὅλης
3580 3748 3677 3819 τῆς

2099 3836 2421 3906 οἰκουμένης
2463 3838 2861 3907 συστησάμενοι
2915 3840 3140 3909 πονηροὶ
3178 3839 3448 3909 δαίμονες.
3493 3840 3679 3903 Οὐδείς

2100 3945 2159 3980 τε
2194 3924 2259 4001 ἦν
2287 3928 2589 3999 ὲπαμύνων
2610 3932 2722 3993 τοῖς
2755 3932 2964 3993 κακοῖς,
3015 3932 3076 3982 οὐ
3124 3932 3285 4000 σοφὸς
3318 3933 3475 4005 ἀνὴρ,
3508 3933 3568 3985 οὐ
3603 3933 3683 3985 δί-

2101 4038 2273 4085 καιος,
2321 4022 2381 4074 ού
2417 4023 2720 4093 προφήτης·
2768 4022 2881 4076 ἀλλ’
2912 4022 3033 4075 οὐδὲ
3075 4023 3318 4091 ἀγγέλων
3351 4024 3491 4094 τιςῆ
3523 4043 3685 4078 πνευ-

2104 4112 2286 4181 μάτων
2326 4112 2519 4180 ἁγίων,
2556 4113 2588 4184 ἢ
2623 4113 2731 4164 τῶν
2766 4115 2886 4166 κατ’
2920 4113 3150 4183 οὐρανὸν
3183 4114 3343 4166 θείων
3376 4114 3678 4186 δυνάμεων.

2100 4203 2191 4255 Διὸ
2219 4203 2280 4273 δὴ
2312 4204 2473 4257 αὑτὸν
2502 4204 2796 4274 ἀναστῆναι
2830 4205 2920 4260 τὸν
2957 4205 3111 4269 Θεὸν,
3153 4207 3244 4258 καὶ
3278 4206 3370 4258 τοῦ
3405 4207 3681 4276 βασιλικοῦ

2099 4294 2440 4364 διεγερθῆναι
2494 4296 2685 4366 θρόνου
2747 4296 3074 4367 παρακαλεῖ.
3133 4299 3386 4368 Ἠρεμεῖν
3444 4300 3541 4368 μὲν
3591 4301 3684 4353 καὶ

2100 4387 2390 4458 ἡσυχάζειν
2419 4390 2511 4443 καὶ
2542 4388 2731 4461 ὥσπερ
2761 4391 3185 4444 διαναπαύεσθαι
3212 4393 3277 4445 τὰ
3305 4394 3403 4462 τῆς
3430 4393 3523 4447 τοῦ
3550 4394 3682 4448 Θεοῦ

422 4485 631 4540 moveri
673 4492 853 4537 autem
884 4490 937 4535 et
971 4483 1197 4536 excitari
1245 4482 1466 4545 dicitur,
1511 4497 1635 4535 cum
1680 4490 1992 4552 peccatores

2102 4482 2348 4551 προνοίας
2382 4481 2615 4549 λέγεται,
2654 4485 2873 4538 ἐπειδὰν
2906 4483 2982 4555 τῷ
3012 4484 3224 4555 πλούτῳ
3256 4486 3354 4555 τῆς
3387 4487 3682 4558 χρηστότη-

422 4592 714 4648 aggressus
744 4575 1043 4630 ulciscitur.
1092 4573 1163 4629 Ut
1195 4575 1360 4645 igitur
1391 4575 1676 4629 memorati
1712 4575 1899 4627 hostes
1934 4574 1993 4625 ﬁ-

424 4684 546 4721 nem
586 4668 827 4722 facerent
857 4666 1176 4721 dominandi
1207 4665 1553 4731 hominibus,
1586 4665 1694 4720 Deo
1726 4666 1996 4735 supplicat

426 4766 487 4812 ut
512 4767 772 4829 exsurgat
817 4771 1049 4826 seseque
1077 4756 1317 4809 concitet
1349 4754 1417 4809 ad
1467 4756 1756 4819 ultionem,
1810 4762 1869 4808 ut
1903 4754 1994 4823 qui

426 4851 557 4906 olim
584 4852 639 4904 in
673 4866 841 4904 unum
885 4847 1201 4919 congregati
1250 4854 1428 4908 erant,
1458 4854 1514 4901 et
1542 4846 1845 4918 improbam
1879 4862 1997 4899 mn-

424 4947 524 4999 tuo
553 4941 903 4998 concordiam
938 4941 1196 5004 inierant,
1230 4954 1349 4993 eam
1383 4938 1592 4993 scilicet
1619 4955 1739 5009 quae
1768 4938 1998 4993 diaboli-

428 5048 550 5087 cam
588 5031 952 5086 idololatriam
988 5030 1306 5099 spectabat,
1361 5027 1757 5097 dissiparentur
1808 5031 1999 5098 procul

429 5124 683 5193 dispersi.
738 5122 780 5176 li
826 5138 955 5177 vero
1006 5122 1213 5175 inimici
1248 5120 1343 5175 Dei
1382 5128 1557 5181 erant,
1612 5136 1845 5190 eumque
1872 5121 1994 5175 ode-

430 5221 573 5274 rant,
604 5217 698 5284 qui
726 5229 907 5269 aerem
933 5223 1091 5267 terra:
1113 5214 1441 5268 eminentem
1476 5212 1776 5281 replebant,
1818 5220 1871 5267 et
1900 5213 2000 5266 im-

430 5305 759 5373 probitatem
793 5307 939 5361 illam
972 5308 1291 5377 multiplicis
1313 5306 1516 5361 erroris
1541 5304 1818 5368 fovebant,
1850 5307 1998 5375 impii

434 5411 628 5466 nempe
657 5396 877 5465 quidam
911 5405 965 5452 et
991 5399 1135 5453 athei
1169 5399 1463 5452 daemones.
1497 5395 1599 5461 Qui
1624 5395 1735 5450 Deo
1759 5397 1843 5449 vel
1877 5405 1999 5449 tan-

434 5491 547 5536 tum
580 5497 956 5543 commovente
986 5504 1063 5551 se,
1096 5497 1147 5543 et
1173 5489 1238 5541 ad
1259 5487 1565 5541 facinorum
1594 5486 1849 5540 ultionem
1883 5502 2003 5541 sese

433 5576 725 5643 excitante,
748 5579 923 5643 primo
954 5580 1168 5648 quidem
1198 5579 1448 5649 dissipati
1470 5586 1524 5632 et
1550 5579 1639 5632 alii
1664 5579 1849 5646 procul
1881 5578 2002 5631 aliis

435 5663 689 5733 dispersi,
721 5666 915 5722 deinde
943 5669 997 5721 in
1018 5668 1198 5737 fugam
1224 5671 1365 5724 versi
1392 5676 1556 5733 sunt,
1590 5684 1653 5722 ac
1677 5676 1863 5738 postea
1896 5670 2003 5723 sic-

438 5763 495 5809 ut
523 5754 707 5810 deﬁcit
745 5757 927 5815 fumus
959 5758 1307 5826 defecerunt,
1332 5767 1387 5816 et
1422 5760 1569 5817 sicut
1594 5760 1850 5818 liauescit
1877 5777 2001 5815 cera

2094 4591 2183 4635 τος
2211 4574 2374 4626 αὑτοῦ
2405 4576 2495 4626 καὶ
2530 4578 2595 4645 τῇ
2635 4577 2985 4647 μακροθυμίᾳ
3019 4578 3159 4649 φέρῃ
3192 4578 3318 4639 τοὺς
3344 4579 3683 4648 ἁμαρτάνον-

2095 4682 2190 4727 τας
2236 4666 2330 4717 καὶ
2370 4667 2450 4727 εἰς
2479 4667 2638 4719 αὐτὸν
2667 4668 3017 4731 ἀσεϐοῦντας
3056 4669 3116 4721 τὸ
3166 4669 3223 4721 δὲ
3276 4670 3540 4723 κινεῖσθαι
3593 4672 3683 4723 καὶ

2094 4755 2486 4821 διανίστασθαι,
2532 4758 2749 4811 ἐπειδὰν
2788 4758 2886 4821 τὰς
2944 4760 3252 4829 ἐκδικήσεις
3279 4760 3503 4830 ποιῆσαι
3526 4760 3683 4824 ἐπεξ-

2100 4845 2193 4897 ιὼν
2237 4848 2348 4908 τοῖς
2384 4846 2808 4917 ἁμαρτάνουσιν.
2864 4850 2959 4901 Ἷν“
2994 4846 3085 4902 οῦν
3122 4850 3222 4920 ἤδη
3256 4850 3386 4901 ποτε
3436 4850 3683 4902 παύσων-

2095 4954 2184 4989 ται
2230 4940 2347 5000 ταῖς
2380 4939 2521 4992 κατά
2562 4940 2669 4992 τῶν
2720 4940 3021 5013 ἀνθρώπων
3075 4942 3414 5004 δυναστείαις
3458 4943 3507 4993 οἱ
3556 4959 3683 5012 προ-

2097 5029 2373 5099 λεχθέντες
2407 5032 2614 5104 ἐχθροὶ,
2649 5034 2998 5105 διαναστῆναι
3037 5035 3127 5088 τὸν
3178 5036 3309 5088 Θεὸν
3358 5034 3453 5088 καὶ
3494 5034 3673 5100 διεγεῖ-

2100 5139 2189 5193 ραι
2235 5122 2425 5176 έαυτὸν
2476 5125 2557 5187 εἰς
2607 5125 2881 5197 ἐκδίκησιν
2923 5126 3175 5191 ἱκετεύει,
3216 5128 3363 5190 ὅπως
3419 5129 3467 5179 οἱ
3518 5125 3681 5177 πάλαι

2100 5212 2241 5265 κατὰ
2266 5214 2326 5266 τὸ
2351 5214 2483 5267 αὐτὸ
2515 5218 2840 5287 συνηγμένοι
2869 5219 2959 5271 καὶ
2986 5217 3160 5289 κακὴν
3196 5218 3515 5288 συμφωνίαν
3552 5214 3681 5285 πρὸς

2101 5303 2359 5374 ἀλλήλους
2414 5304 2664 5375 θέμενοι,
2737 5308 2833 5378 τὴν
2884 5310 2982 5379 τῆς
3034 5309 3353 5379 δαιμονικῆς
3402 5306 3667 5359 εἰδωλολαι

2100 5396 2285 5466 τρείας
2310 5437 2323 5459 ,
2366 5396 2790 5452 διασκεδασθῶσι
2848 5400 3066 5471 μακρὰν
3104 5400 3344 5471 ἀλλήλων
3379 5400 3679 5468 γενόμενοι.

2116 5488 2327 5557 Ἐχθροί
2357 5488 2412 5540 δὲ
2462 5489 2554 5542 τοῦ
2610 5490 2744 5543 Θεοῦ
2792 5494 2885 5544 καὶ
2916 5494 3198 5563 μισοῦντες
3247 5491 3408 5545 αὐτὸν
3436 5486 3601 5561 ἦσαν,
3634 5488 3679 5539 οὗ

2104 5580 2191 5631 τὸν
2227 5581 2365 5651 ὑπὲρ
2416 5582 2517 5651 γῆς
2554 5583 2689 5655 ἀέρα
2736 5585 3071 5655 πληροῦντες
3118 5586 3212 5638 καὶ
3243 5586 3340 5655 τὴν
3376 5586 3433 5636 ὲν
3480 5580 3662 5652 ἀνθρώ

2106 5688 2225 5734 ποις
2255 5674 2564 5745 πολυπλανῆ
2606 5677 2803 5730 κακίαν
2847 5678 3195 5747 ἐνεργοῦντες
3239 5676 3517 5739 δυσσεϐεῖς
3542 5691 3678 5727 τινες

2108 5764 2199 5815 καὶ
2242 5764 2390 5819 ἄθεοι
2432 5767 2699 5838 δαίμονες·
2738 5770 2807 5833 οἳ,
2849 5770 3157 5841 κινηθέντος
3186 5770 3351 5825 αὐτοῦ
3404 5770 3561 5841 μόνον
3592 5762 3674 5818 τοῖ
