4146 6390
445 319 541 376 68!

1564 311 2070 369 COMMENTARIA
2109 312 2176 369 lN
2213 309 2557 368 I’SALMOS.

3601 315 3713 371 682

443 435 601 502 Θεοῦ,
632 436 728 492 καὶ
753 436 846 490 ἐπὶ
876 437 975 507 τὴν
1012 436 1117 490 τῶν
1158 434 1545 509 πραττομένων
1600 435 1878 507 ἐκδίκησιν
1904 437 2026 489 ἐαυ-

2130 450 2165 489 a
2198 433 2336 490 facie
2365 434 2527 505 ignis,
2573 431 2655 488 sic
2687 440 2741 488 et
2783 432 2861 488 illi
2911 433 3139 504 perituri
3194 440 3371 490 erant.
3427 433 3713 501 Quomodo

442 530 533 582 τὸν
566 528 951 600 διεγείραντος,
993 527 1210 600 πρῶτον
1255 527 1353 598 μέν
1391 528 1776 599 ἐσκορπίζοντο
1810 528 2030 598 μακρὰν

443 620 688 692 ἀλλήλων
730 618 1259 689 διασκεδαννύμενοι,
1309 615 1404 672 εἴτ’
1457 617 1696 690 ἐχρῶντο
1730 621 1895 690 φυγῇ·
1937 619 2032 671 καὶ

446 712 585 781 μετά
629 709 801 764 ταῦτα
856 708 931 773 ὡς
986 709 1228 763 ἐκλείπει
1271 710 1477 772 καπνὸς
1515 709 1777 775 ἐξέλιπον,
1813 709 1907 762 καὶ
1955 709 2032 770 ὡς
2070 776 2072 778 τ

420 806 669 874 γτήκεται
694 800 860 872 κηρὸς
891 799 1000 853 ἀπὸ
1030 800 1322 872 προσώπου
1370 800 1558 871 π’.)ρὸς,
1590 799 1764 862 οὕτως
1797 798 2030 870 ἤμελλον

445 893 800 948 ἀπόλλυσθαι.
849 893 1080 964 Νοήσεις
1132 892 1188 946 δὲ
1238 893 1388 955 ὅπως
1424 892 1500 956 ώς
1543 892 1782 944 ἐκλείπει
1827 889 2032 954 καπνὸς

444 986 690 1052 ἐξέλιπον
720 988 768 1038 οἱ
791 985 973 1056 ἐχθροὶ
1003 983 1190 1046 αὑτοῦ,
1227 985 1525 1055 ἐπιστήσας
1571 983 1648 1048 ὡς
1688 983 1749 1036 τὸ
1785 982 1884 1052 μὲν
1926 999 2030 1036 πα·-

443 1079 592 1134 λαιὸν
643 1078 1172 1150 μετεσχηματίζοντο
1213 1079 1294 1142 είς
1345 1077 1610 1144 ἀγγέλους
1644 1075 1840 1144 φωτὸς,
1869 1074 2030 1136 αὐτὸς

443 1171 501 1224 δέ
528 1174 556 1225 6
583 1170 826 1234 διάϐολος
873 1170 966 1223 καὶ
1011 1171 1058 1223 οἱ
1101 1169 1335 1223 διάκονοι
1358 1168 1523 1222 αὐτοῦ
1570 1167 1708 1220 κατὰ
1741 1167 1831 1220 τὸν
1878 1165 2032 1218 Ἀπό-

445 1260 650 1324 στολον,
699 1262 758 1324 ὃς
795 1277 975 1331 φησιν*
1018 1278 1037 1310 ι
1068 1259 1238 1322 Λύτὸς
1283 1259 1392 1330 γὰρ
1423 1259 1450 1310 ὀ
1484 1257 1726 1319 Σατανᾶς
1758 1272 2032 1326 μετασχη-

446 1353 731 1425 ματίζεται
762 1355 840 1416 είς
869 1351 1096 1420 ἄγγελον
1130 1350 1324 1420 φωτός.
1361 1371 1378 1401 ι
1408 1350 1482 1402 Οὐ
1518 1349 1662 1420 μέγα
1701 1344 1795 1402 οὖν
1841 1349 1889 1400 εί
1936 1347 2031 1400 καὶ

441 1447 496 1498 οἱ
524 1445 759 1500 διάκονοι
794 1443 960 1498 αὑτοῦ
1017 1442 1582 1516 μετασχηματίζονται
1638 1442 1718 1504 είς
1769 1439 2030 1508 ἀγγέλους

441 1537 806 1606 δικαιοσύνης,
835 1535 1267 1606 ἐχρησμοδότουν
1306 1550 1366 1586 τε
1399 1533 1518 1597 τότε
1553 1531 1695 1585 κατά
1731 1531 1905 1584 πάντα
1936 1527 2028 1581 τό·

443 1645 564 1692 πον,
593 1628 848 1698 μαντείας
877 1628 968 1681 καὶ
993 1626 1289 1698 θεραπείας
1310 1623 1795 1694 ἐπαγγελλόμενοι,
1813 1621 1888 1686 ὡς
1906 1621 2031 1684 τοὺς

440 1716 836 1788 δεισιδαίμονας
886 1716 1032 1769 θύειν
1083 1717 1264 1778 αὐτοῖς
1310 1714 1429 1769 καθ’
1477 1711 1782 1784 ὑπερϐολὴν
1835 1712 2031 1783 μανίας

2133 537 2314 584 autem
2339 528 2482 583 sicut
2500 525 2687 581 deﬁcit
2707 525 2890 582 fumus
2912 526 3214 582 defecerint
3239 528 3541 584 adversarii
3567 531 3710 600 ejus,

2133 619 2429 690 intelliges,
2462 619 2509 673 si
2565 616 2972 672 animadvertas
3021 632 3128 687 qua
3174 619 3386 675 ratione
3417 619 3548 675 olim
3599 621 3717 693 ipse

2132 713 2386 769 diabolus
2423 719 2479 767 et
2517 711 2758 767 ministri
2796 711 2918 781 ejus
2955 713 3486 770 transformarentur
3524 715 3577 770 in
3620 731 3720 769 an-

2133 805 2284 876 gelos
2323 802 2486 865 lucis,
2529 801 2834 857 secundum
2872 803 3216 872 Apostolum,
3257 805 3352 874 qui
3388 804 3464 859 ait
3497 823 3511 858 :
3558 825 3576 857 (
3600 805 3721 876 Ipse

2129 897 2276 952 enim
2318 896 2552 950 Satanas
2590 894 3016 950 transformatur
3053 896 3110 950 in
3139 897 3390 966 angelum
3430 898 3570 954 lucis
3600 899 3666 950 ³⁷.
3693 917 3713 950 ι

2130 985 2250 1040 Non
2281 1001 2536 1055 magnum
2563 985 2748 1055 itaque
2768 984 3047 1054 quidpiam
3071 985 3118 1040 si
3140 985 3376 1040 ministri
3399 988 3519 1054 ejus
3539 993 3720 1043 trans-

2133 1076 2506 1132 formarentur
2538 1078 2588 1130 in
2621 1076 2845 1146 angelos
2880 1077 3128 1146 justitiae,
3160 1092 3259 1132 nec
3287 1077 3333 1132 si
3368 1085 3500 1133 tunc
3539 1079 3720 1134 omni-

2132 1169 2236 1225 bus
2262 1169 2321 1223 in
2348 1170 2487 1223 locis
2514 1170 2737 1222 oracula
2776 1168 3038 1234 ederent,
3081 1169 3342 1224 vaticinia
3391 1177 3446 1224 et
3479 1172 3723 1225 curatio-

2131 1281 2231 1321 nes
2281 1265 2640 1336 pollicentes;
2683 1262 2758 1317 ita
2807 1270 2863 1316 ut
2921 1263 3292 1333 superstitiosi
3333 1263 3586 1320 homines
3622 1279 3721 1334 per

2132 1369 2402 1410 summam
2434 1354 2707 1408 insaniam
2742 1353 2828 1407 vel
2858 1353 2964 1408 sibi
2998 1354 3324 1410 charissima
3357 1355 3492 1424 ipsis
3520 1355 3719 1410 immo-

2131 1448 2328 1502 larent.
2358 1444 2518 1501 Nunc
2541 1459 2674 1500 vero
2712 1458 2902 1499 eorum
2935 1443 3181 1498 omnium
3212 1445 3372 1499 ruina
3405 1451 3459 1498 et
3483 1445 3722 1500 desertio

2131 1540 2396 1612 contigit,
2446 1539 2524 1594 ita
2571 1544 2633 1592 ut
2679 1553 2750 1594 ne
2788 1538 2874 1593 vel
2902 1553 3092 1593 eorum
3127 1538 3387 1592 memoria
3417 1538 3660 1609 supersit
3703 1559 3717 1594 :

2130 1633 2517 1702 exstinctaque
2555 1630 2802 1702 ipsorum
2848 1631 2974 1702 igne
3004 1629 3326 1685 defecerunt
3363 1631 3506 1686 sicut
3539 1631 3723 1686 deﬁcit

2133 1727 2338 1782 fumus.
2383 1724 2566 1792 Quare
2593 1723 2704 1777 alio
2742 1723 2799 1778 in
2839 1723 2961 1777 loco
2997 1721 3200 1777 dicitur
3232 1741 3246 1778 :
3284 1741 3303 1774 ι
3337 1723 3600 1779 Ascendit
3636 1724 3723 1779 fu-

443 1807 538 1861 καὶ
584 1806 652 1859 τὰ.
700 1805 907 1859 ἑαυτῶν
940 1805 1190 1874 φίλτατα.
1241 1801 1378 1855 Νυνὶ
1423 1800 1480 1852 δὲ
1540 1799 1762 1852 ἐκείνων
1809 1797 2023 1851 πάντων

2129 1833 2250 1873 mus
2285 1817 2340 1871 in
2382 1816 2462 1870 ira
2501 1815 2621 1886 ejus
2651 1815 2718 1869 ³⁸.
2759 1835 2778 1866 ι
2821 1813 2955 1868 Nam
2987 1814 3069 1868 ira
3110 1813 3206 1869 Dei
3239 1813 3506 1870 invadens
3544 1815 3718 1886 ipsos.

439 1900 746 1971 ἁφανισμὸς
772 1899 866 1952 καὶ
903 1898 1108 1969 ἐρημία
1135 1897 1378 1965 γέγονεν,
1399 1895 1475 1958 ὼς
1509 1892 1641 1966 μηδὲ
1673 1891 1893 1962 μνήμην
1929 1890 2027 1941 αύ-

441 1989 551 2041 τῶν
609 1987 973 2042 ἐπιλιπὲσθαι⁹
1007 1987 1252 2053 ἐξέλιπον
1303 1985 1359 2038 δὲ
1413 1983 1488 2048 ὡς
1540 1981 1781 2036 ἐκλείπει
1825 1979 2033 2042 καπνὸς

442 2078 873 2142 ἀποτϐεσθέντος
901 2077 1079 2131 αὐτῶν
1111 2076 1206 2130 τοῦ
1237 2075 1430 2148 πυρός’
1466 2074 1545 2127 διὸ
1575 2074 1668 2127 καὶ
1693 2070 1924 2142 ἀλλαχοῦ
1957 2069 2035 2122 εί-

443 2191 625 2247 ρηται·
688 2193 707 2225 ‹
754 2171 946 2243 Ἀνέϐη
993 2171 1199 2233 καπνὸς
1249 2172 1305 2221 ἐν
1337 2169 1474 2239 ὀργῇ
1518 2165 1703 2219 αὑτοῦ.
1742 2184 1760 2216 ι
1832 2165 1894 2216 Ἡ
1923 2163 2032 2235 γὰρ

441 2267 535 2320 τοῦ
569 2264 704 2319 Θεοῦ
736 2263 875 2336 ὀργὴ
902 2261 1111 2324 τούτοις
1140 2261 1322 2322 αὐτοῖς
1356 2257 1680 2320 ἐπελθοῦσα,
1710 2256 1772 2310 τὸ
1804 2255 1915 2326 πῦρ
1944 2256 2034 2309 αύ-

442 2359 551 2413 τῶν
573 2351 640 2426 ’ᾧ
672 2355 1006 2426 κατέφλεγον
1043 2353 1140 2417 τὰς
1178 2351 1285 2404 τῶν
1323 2349 1622 2422 ἀνθρώπων
1667 2347 1846 2418 ψυχὰς
1897 2363 2028 2400 κατ-

442 2452 682 2504 ἐσϐεσεψ
704 2444 763 2503 οῦ
787 2447 1124 2510 σϐεσθέντος,
1145 2445 1316 2515 ἀνέϐη
1341 2445 1561 2508 καπνός.
1581 2442 1741 2496 Ἀλλὰ
1761 2443 1855 2496 καὶ
1879 2435 2032 2505 οὗτος

440 2541 470 2592 ὃ
489 2542 693 2605 καπνὸς
717 2539 908 2612 μηκέθ’
926 2537 1339 2607 ὑποκαιόμενος,
1364 2535 1497 2608 μηδὲ
1519 2535 1656 2605 ἔχων
1675 2534 1869 2590 ὁπόθεν
1907 2533 2033 2588 ὑπο-

446 2638 568 2707 στῆ,
592 2636 848 2689 ἐκλείπει.
869 2636 1038 2700 Ἐπεὶ,
1063 2634 1120 2687 δὲ
1143 2636 1169 2686 6
1192 2626 1323 2696 Θεὸς
1347 2631 1462 2701 φῶς
1489 2633 1627 2694 ἐστι,
1649 2631 1742 2684 καὶ
1765 2630 1950 2683 σκοτία
1972 2631 2030 2683 ἐν

440 2727 594 2799 αὐτῷ
617 2729 718 2780 ούκ
753 2726 897 2779 ἔστιν
925 2725 1172 2796 οὐδεμία,
1203 2725 1360 2778 τοῦτο
1384 2723 1445 2776 τὸ
1474 2721 1590 2792 φῶς
1617 2725 1730 2786 τοῖς
1767 2720 1914 2792 αὑτῷ
1946 2720 2033 2790 φί-

443 2820 555 2884 λοις
589 2820 780 2890 σοφίας
817 2820 911 2874 καὶ
947 2818 1221 2888 γνώσεως,
1247 2818 1342 2872 καὶ
1382 2815 1640 2888 ἀληθείας
1663 2813 2032 2887 μαρμαρυγὰς

442 2914 741 2985 ἐκπέμπει,
765 2913 841 2976 ὡς
859 2912 1023 2982 φάναι
1051 2911 1267 2974 αὐτοὺς,
1295 2929 1314 2962 ι
1336 2908 1676 2982 Ἐσημειώθη
1697 2908 1780 2976 ἐφ’
1805 2909 1949 2979 ἡμᾶς
1973 2908 2034 2962 τὸ

444 3006 559 3072 φῶς
587 3005 680 3059 τοῦ
715 3004 1006 3076 προσώπου
1036 3020 1151 3064 σου,
1187 3001 1377 3073 Κύριε.
1417 3019 1434 3052 ι
1471 3001 1596 3062 Τοῖς
1629 2997 1686 3051 δὲ
1723 2997 2032 3068 προλεχθεῖ-

439 3113 528 3150 σιν
561 3095 776 3167 ἐχθροῖς
805 3094 968 3147 αὐτοῦ
997 3092 1109 3164 πῦρ
1149 3089 1488 3158 καταφλέγον
1520 3089 1786 3157 γίγνεται.
1833 3086 1924 3140 Διὸ
1947 3085 2033 3138 λέ-

441 3189 706 3242 λεκταιέν
728 3187 955 3258 ἑτέροις·
997 3205 1014 3236 ι
1045 3183 1164 3256 Πῦρ
1195 3181 1424 3236 ἐνώπιον
1466 3179 1628 3234 αὐτοῦ
1664 3178 2020 3250 καυθήσεται,

445 3281 538 3333 καὶ
552 3279 735 3349 κύκλῳ
753 3277 918 3332 αὐτοῦ
937 3275 1188 3344 καταιγὶς
1216 3273 1438 3343 σφοδρά·
1456 3291 1473 3322 ι
1495 3271 1608 3336 καὶ,
1620 3291 1636 3320 ‹
1649 3269 1768 3341 Πῦρ
1784 3269 2022 3322 ἐναντίον

444 3372 608 3426 αὑτοῦ
643 3372 995 3442 καυθήσεται,
1032 3369 1127 3422 καὶ
1152 3367 1364 3436 φλογιεῖ
1395 3365 1602 3427 πάντας
1639 3363 1766 3426 τοὺς
1795 3360 2022 3432 ἐχθροὺς

444 3463 630 3518 αὑτοῦ.
665 3483 683 3517 ι
729 3465 840 3517 Καὶ
878 3465 935 3516 ἐν
966 3461 1045 3533 τῷ
1081 3460 1217 3531 μετὰ
1244 3462 1432 3530 χεῖρας
1464 3458 1514 3510 οἱ
1549 3455 1733 3527 ἐχθροὶ
1761 3455 1820 3508 οὐ
1865 3453 2022 3524 μόνον

443 3555 716 3611 ἐκλείπειν
740 3554 815 3618 ὡς
839 3553 1064 3617 καπνὸς,
1090 3551 1225 3606 ἀλλά
1254 3550 1346 3604 καὶ
1373 3549 1448 3613 ὡς
1472 3551 1696 3620 τήκεται
1726 3547 1896 3620 κηρὸς
1916 3545 2024 3599 ἀπὸ

444 3645 736 3721 προσώπου
762 3645 955 3716 πυρὸς,
980 3643 1151 3708 οῦτως
1190 3641 1516 3714 ἐκτήκεσθαι
1547 3640 1825 3712 εἴρηνται’
1872 3638 2022 3691 ἐπει-

441 3742 616 3812 δήπερ
645 3737 800 3792 αύτοὶ
841 3737 1068 3800 ἑαυτοὺς
1097 3735 1323 3807 ἐχθροὺς
1348 3733 1441 3787 τοῦ
1477 3731 1612 3785 Θεοῦ
1639 3731 2018 3802 πεποιήκασιν.

451 3835 512 3885 ‘0
555 3832 663 3904 γὰρ
701 3831 832 3893 Θεὸς
867 3830 1057 3899 ἀγαπᾷ
1088 3827 1154 3880 τά
1190 3827 1318 3880 ὄντα
1351 3825 1550 3891 πάντα,
1595 3825 1688 3878 καὶ
1719 3823 1871 3876 οὐδὲν
1906 3822 2024 3893 βδε-

441 3925 698 3980 λύσσεται
727 3918 800 3977 ὧν
825 3923 1098 3994 ἐποίησενο
1127 3920 1248 3974 οὐδὲ
1268 3920 1376 3992 γὰρ
1408 3917 1580 3990 μισῶν
1607 3934 1662 3969 τι
1685 3915 2022 3971 κατεσκεύα-

441 4017 524 4084 ζε·
561 4017 642 4072 διὸ
680 4017 890 4080 ούδενὸς
915 4016 1108 4087 ἐχθρὸς
1131 4014 1314 4078 αὐτός.
1339 4014 1401 4066 Οἱ
1426 4012 1484 4065 δέ
1506 4010 1873 4084 μακρύνοντες
1897 4011 2022 4063 έαυ-

439 4113 566 4176 τοὺς
597 4110 690 4164 ἀπ’
725 4109 912 4173 αὐτοῦ,
955 4110 1048 4162 καὶ
1095 4106 1540 4180 ἐχθροποιοῦντες
1583 4104 1840 4167 ἑαυτοὺς,
1897 4104 2020 4155 ἐπι-

444 4205 684 4260 σπῶνται
720 4205 818 4277 τήν
845 4202 1141 4258 ἀπώλειαν·
1185 4203 1261 4265 ὡς
1298 4199 1572 4270 λέγεσθαι·
1625 4217 1644 4250 ι
1679 4199 1798 4252 Ὅτι
1838 4197 1945 4252 ίδοὺ
1969 4197 2020 4250 ot

444 4298 811 4371 μακρύνοντες
837 4296 1062 4359 ἑαυτοὺς
1083 4295 1191 4350 ἀπὸ
1213 4293 1306 4347 σοῦ
1331 4290 1674 4346 ἀπολοῦνται.
1706 4309 1725 4342 ι
1771 4289 1926 4343 υῦτω
1961 4288 2019 4341 δέ

440 4390 535 4444 καὶ
569 4387 782 4460 μισοῦσι
825 4387 918 4440 τὸν
959 4385 1091 4439 Θεὸν
1131 4387 1180 4438 οί
1226 4383 1297 4436 τὰ
1328 4383 1420 4436 ὑπ’
1468 4380 1632 4434 αὐτοῦ
1670 4378 2020 4450 μεμισημένα

442 4478 794 4550 πράττοντες.
825 4474 1010 4529 Ταῦτα
1052 4477 1149 4545 μὲν
1179 4469 1272 4526 οῦν
1312 4471 1433 4526 καθ’
1467 4471 1562 4523 ἐνα
1601 4469 1837 4540 λελέχθω
1892 4469 2017 4539 τρό-

2133 1910 2312 1981 ignem
2343 1909 2609 1980 ipsorum,
2633 1923 2744 1978 quo
2773 1907 2986 1964 animas
3017 1907 3302 1963 hominum
3331 1909 3717 1974 incendebant,

2130 2002 2388 2058 restinxit
2417 2021 2430 2056 :
2461 2015 2570 2071 quo
2600 2000 2888 2067 restincto,
2930 2000 3180 2056 ascendit
3220 2001 3425 2059 fumus.
3467 2001 3574 2058 Sed
3601 2001 3721 2073 ipse

2131 2093 2318 2150 fumus
2371 2109 2496 2148 cum
2546 2093 2688 2164 ignis
2727 2107 2840 2147 non
2891 2092 3090 2156 subsit,
3134 2107 3236 2147 nec
3277 2093 3478 2149 habeat
3515 2095 3570 2149 in
3611 2110 3721 2167 quo

2133 2186 2422 2250 subsistat,
2463 2185 2668 2241 deﬁcit.
2731 2183 2872 2252 Quia
2917 2199 3048 2240 vero
3087 2183 3232 2241 Deus
3265 2185 3360 2240 lux
3388 2193 3492 2254 est,
3543 2195 3600 2242 et
3636 2194 3720 2243 te—

2130 2277 2316 2333 nebrae
2354 2277 2412 2331 in
2437 2291 2503 2332 eo
2531 2292 2642 2332 non
2684 2283 2814 2332 sunt
2857 2275 3003 2340 ullae,
3039 2275 3158 2331 hac
3206 2275 3301 2330 lux
3351 2276 3545 2334 amicis
3601 2277 3720 2334 suis

2136 2369 2437 2440 sapientiae,
2493 2366 2736 2423 scientiae
2783 2375 2839 2423 et
2880 2367 3130 2422 veritatis
3165 2367 3351 2424 radios
3388 2369 3607 2434 emittit,
3645 2370 3720 2424 ita

2131 2470 2193 2516 ut
2217 2461 2402 2517 dicant
2431 2479 2445 2515 :
2489 2478 2506 2512 ι
2538 2460 2825 2530 Signatum
2868 2471 2954 2515 est
2998 2475 3165 2529 super
3193 2476 3296 2516 nos
3323 2461 3507 2517 lumen
3535 2462 3722 2520 vultus

2131 2555 2234 2617 tui,
2269 2552 2500 2608 Domine
2523 2551 2605 2618 9’;
2637 2571 2657 2604 ι
2691 2551 2932 2607 inimicis
2964 2558 3146 2605 autem
3182 2551 3300 2607 suis
3322 2568 3486 2622 supra
3512 2567 3723 2610 memo-

2130 2649 2267 2703 ratis
2296 2646 2438 2718 ignis
2468 2659 2799 2701 consumens
2823 2652 2929 2700 est.
2981 2643 3164 2710 Quare
3187 2645 3316 2698 alibi
3345 2645 3551 2700 dictum
3583 2653 3669 2701 est
3702 2665 3717 2702 :

2136 2757 2157 2792 ‹
2195 2738 2340 2808 Ignis
2368 2738 2423 2791 in
2447 2745 2750 2806 conspectu
2787 2735 2909 2806 ejus
2942 2734 3284 2800 exardescet,
3312 2743 3367 2790 et
3397 2736 3454 2790 in
3483 2737 3720 2792 circuitu

2132 2831 2252 2900 ejus
2292 2835 2588 2898 tempestas
2616 2827 2796 2882 valida
2821 2827 2876 2893 ¹;
2924 2845 2944 2878 ι
2978 2833 3033 2882 et
3062 2845 3078 2882 :
3110 2845 3128 2877 ‹
3159 2824 3304 2897 Ignis
3341 2827 3397 2880 in
3421 2833 3720 2896 conspectu

2133 2925 2254 2994 ejus
2313 2920 2653 2986 exardescet,
2688 2929 2742 2976 et
2793 2918 3152 2974 inﬁammabit
3208 2933 3400 2973 omnes
3458 2918 3714 2972 inimicos

2129 3011 2254 3079 ejus
2274 3012 2350 3066 ¹.›
2394 3010 2454 3064 ln
2493 3010 2748 3080 praesenti
2777 3023 2996 3079 quoque
3018 3007 3230 3062 inimici
3263 3007 3383 3078 ejus
3407 3023 3518 3063 non
3558 3007 3720 3063 modo

2137 3111 2195 3157 ut
2225 3103 2408 3158 fumus
2435 3101 2690 3165 deﬁcere,
2716 3099 2811 3156 sed
2843 3099 2988 3155 sicut
3010 3099 3130 3154 ﬁuit
3159 3115 3286 3155 cera
3315 3115 3348 3154 a
3383 3099 3520 3156 facie
3553 3100 3717 3171 ignis,

2132 3194 2207 3249 ita
2235 3202 2289 3250 et
2332 3195 2438 3265 ipsi
2484 3194 2794 3264 liquescere
2823 3193 3104 3248 dicuntur.
3162 3191 3433 3258 Quoniam
3465 3193 3567 3262 ipsi
3597 3208 3720 3248 sese

2130 3286 2385 3341 inimicos
2410 3283 2507 3340 Dei
2537 3285 2963 3340 constituerunt.
3030 3281 3177 3337 Deus
3206 3285 3353 3338 enim
3386 3285 3569 3338 omnia
3597 3299 3720 3354 quae

2129 3386 2258 3432 sunt
2297 3385 2476 3443 amat,
2521 3386 2578 3434 et
2620 3377 2758 3432 nihil
2797 3375 2913 3432 odit
2958 3389 3150 3430 eorum
3178 3390 3302 3446 qua:
3341 3372 3468 3430 fecit
3497 3393 3512 3430 :
3541 3391 3719 3446 neque

2128 3470 2274 3527 enim
2317 3469 2523 3541 aliquid
2570 3467 2818 3524 condidit
2851 3466 3000 3537 quod
3029 3466 3232 3522 odisset
3259 3485 3275 3533 ;
3309 3482 3484 3537 quare
3513 3467 3719 3524 nullius

2130 3559 2391 3615 inimicus
2424 3559 2542 3628 ipse
2567 3566 2672 3614 est.
2747 3556 2853 3624 Qui
2881 3571 3011 3612 vero
3038 3570 3158 3611 sese
3191 3554 3260 3609 ab
3289 3555 3407 3625 ipso
3445 3555 3604 3625 longe
3630 3571 3720 3610 re-

2128 3662 2369 3718 movent,
2413 3652 2697 3722 ipsiusque
2729 3665 2788 3705 se
2826 3649 3080 3704 inimicos
3108 3645 3371 3712 eﬂiciunt,
3415 3647 3717 3719 perniciem

2129 3744 2234 3799 sibi
2258 3744 2562 3808 attrahunt,
2597 3743 2672 3796 ita
2703 3750 2764 3796 ut
2789 3741 3006 3796 dicatur
3040 3757 3055 3794 :
3097 3738 3267 3805 «Quia
3284 3754 3414 3795 ecce
3443 3739 3536 3810 qui
3562 3740 3717 3794 elon-

2127 3845 2258 3908 gant
2289 3851 2348 3891 se
2385 3850 2416 3888 a
2458 3841 2532 3898 te,
2565 3833 2881 3904 peribunt”.
2912 3850 2932 3884 ι
2966 3831 3057 3885 Sic
3088 3837 3271 3884 autem
3298 3839 3352 3886 et
3383 3829 3551 3886 Deum
3581 3828 3718 3885 ode-

2127 3936 2279 3994 runt,
2331 3927 2426 3997 qui
2470 3941 2669 3997 perosa
2709 3924 2812 3995 ipsi
2845 3929 3184 3994 perpetrant.
3237 3921 3365 3977 Haec
3405 3922 3572 3993 igitur
3602 3935 3715 3979 uno

2128 4022 2291 4077 modo
2342 4021 2490 4075 dicta
2539 4018 2762 4074 fuerint.
2822 4018 2962 4074 Cum
3011 4031 3178 4089 porro
3205 4015 3387 4070 omnis
3429 4015 3715 4085 prephetia

2125 4113 2441 4184 evangelica
2465 4111 2560 4178 sit,
2600 4111 2923 4166 consideres
2949 4110 3115 4166 velim
3140 4124 3272 4164 num
3305 4107 3421 4162 hinc
3450 4107 3517 4162 ad
3544 4105 3717 4160 Deum

2125 4203 2366 4259 Verbum
2396 4201 2727 4266 referantur,
2767 4200 2916 4272 quod
2959 4200 3178 4271 quidem
3221 4198 3351 4253 olim
3399 4198 3454 4252 in
3488 4205 3719 4268 paterno

2127 4297 2253 4353 sinu
2297 4293 2679 4366 requiescebat
2727 4311 2742 4348 :
2794 4311 2812 4346 ι
2841 4292 2902 4348 ln
2952 4291 3224 4363 principio
3263 4312 3283 4345 ι
3333 4291 3482 4348 enim
3539 4307 3560 4341 ‹
3595 4279 3736 4366 erat},

2131 4357 2394 4452 Verbum:
2423 4393 2478 4442 et
2505 4383 2744 4440 Verbum
2772 4391 2894 4439 erat
2942 4357 3088 4453 apud
3118 4357 3312 4448 Deum,
3343 4388 3398 4438 et
3427 4378 3572 4435 Deus
3597 4357 3730 4434 erat.

2127 4477 2369 4534 Verbum
2398 4479 2440 4528 ⁵.
2482 4494 2502 4527 ι
2543 4474 2609 4528 Et
2660 4496 2674 4531 :
2727 4495 2745 4526 ι
2777 4473 2894 4530 Hoc
2953 4483 3075 4529 erat
3127 4475 3185 4529 in
3241 4473 3512 4544 principio
3570 4470 3716 4542 apud

442 4587 564 4624 πον.
611 4568 765 4622 Ἐπεὶ
813 4567 869 4622 δὲ
916 4570 950 4638 ἡ
992 4567 1140 4620 πᾶσα
1183 4564 1488 4637 προφητεία
1520 4562 1847 4633 εὐαγγελικὴ
1893 4579 2022 4631 τυγ-

2129 4569 2295 4624 Deum
2321 4569 2363 4633 ⁵,
2386 4587 2408 4618 ι
2438 4569 2618 4637 ipsum
2644 4575 2762 4621 erat
2785 4564 3108 4637 Unigenitus
3135 4563 3252 4629 Dei,
3280 4564 3372 4633 qui
3394 4570 3480 4618 est
3507 4562 3562 4616 in
3588 4562 3717 4617 sinu

439 4664 614 4735 χάνει,
648 4661 745 4714 θέα
786 4663 992 4732 μήποτε
1021 4658 1194 4712 ταῦτα
1226 4659 1306 4721 είς
1343 4657 1434 4711 τὸν
1459 4657 1590 4710 Θεὸν
1620 4657 1792 4724 Λόγον
1818 4655 2017 4725 ἀναφέ-

443 4771 615 4826 ρεται,
645 4754 703 4819 ὃς
733 4749 802 4825 ἦν
835 4752 934 4823 μὲν
981 4750 1147 4804 πάλαι
1187 4751 1245 4804 ἐν
1282 4751 1394 4812 τοῖς
1423 4748 1644 4811 κόλποις
1673 4746 2020 4817 ἀναπαυόμε-

440 4864 530 4909 νος
556 4845 648 4899 τοῦ
669 4844 902 4918 Πατρός·
944 4862 964 4894 ‹
1001 4843 1090 4896 Ἐν
1122 4843 1295 4913 ἀρχῇ»
1326 4841 1432 4911 γὰρ
1465 4836 1564 4912 «ἦν
1587 4841 1614 4894 6
1645 4840 1835 4909 Λόγος·
1869 4839 1963 4894 καὶ
1994 4839 2024 4890 6

438 4939 612 5006 Λόγος
639 4932 707 5008 ἦν
738 4935 871 5008 πρὸς
901 4935 989 4988 τὸν
1026 4934 1178 4996 Θεὸν,
1207 4933 1300 4986 καὶ
1327 4932 1458 4994 Θεὸς
1484 4927 1552 5002 ἦν
1583 4935 1611 4986 6
1641 4932 1863 5000 Λόγος.»
1890 4931 2016 4985 Καί·

444 5021 642 5092 ιυῦτος
666 5025 734 5100 ἦν
764 5029 821 5080 ἐν
846 5028 988 5098 ἀρχῇ
1026 5025 1162 5098 πρὸς
1182 5024 1272 5078 τὸν
1305 5023 1456 5088 Θεὸν,
1494 5043 1513 5077 ι
1556 5024 1718 5087 αὐτὸς
1749 5019 1817 5094 ἦν
1845 5025 1873 5076 6
1900 5025 2017 5078 Mo-

439 5116 662 5187 νογενὴς
706 5115 799 5170 τοῦ
844 5113 979 5169 Θεοῦ
1017 5114 1048 5166 ὁ
1079 5112 1154 5167 ὢν
1181 5114 1261 5176 είς
1297 5113 1389 5166 τὸν
1427 5112 1625 5167 κόλπον
1653 5112 1748 5166 τοῦ
1783 5114 2014 5186 Πατρός.

448 5209 600 5264 Ἐπεί
633 5208 690 5262 δὲ
720 5209 933 5280 μορφὴν
959 5205 1147 5260 δούλου
1170 5203 1369 5268 λαϐὼν,
1396 5205 1490 5258 καὶ
1515 5206 1752 5277 σχήματι
1776 5203 2019 5277 εὑρεθεὶς

439 5303 512 5366 ὼς
544 5300 850 5373 ἄνθρωπος,
874 5299 1236 5352 ἐταπείνωσεν
1259 5297 1450 5351 ἐαυτὸν
1486 5298 1646 5370 μέχρι
1681 5297 1933 5358 θανάτου,
1959 5296 2020 5349 τὸ

440 5396 663 5466 Πνεῦμα
692 5395 754 5448 τὸ
793 5397 946 5463 ἅγιον
983 5393 1207 5457 εἰκότως
1237 5391 1335 5464 τὴν
1376 5390 1670 5446 ἀνάστασιν
1715 5390 1880 5444 αὐτοῦ
1934 5390 2021 5444 θε-

439 5487 620 5553 σπίζει
647 5489 823 5557 λέγονο
844 5505 862 5538 t
887 5487 1197 5558 Ἀναστήτω
1221 5487 1251 5538 6
1284 5485 1437 5549 Θεὸς,
1473 5484 1567 5538 καὶ
1594 5482 2019 5555 διασκορπισθή-

507 5670 551 5701 ⁹⁷
576 5667 620 5722 ll
657 5667 784 5723 Cor.
812 5682 894 5735 ιι,
931 5667 1018 5722 Η.
1095 5668 1141 5700 ³⁸
1165 5666 1312 5723 Psal.
1346 5681 1483 5733 ml,
1523 5665 1576 5722 9.
1654 5663 1866 5722 "Psal.
1911 5680 1987 5732 tv,
2021 5663 2026 5681 '

2153 5662 2340 5719 ’Psal.
2387 5681 2536 5726 ms,
2573 5665 2626 5721 5.

437 5738 526 5795 27.
601 5740 622 5771 ⁸
651 5737 811 5793 Joan.
843 5739 964 5803 1,1.
1043 5741 1064 5773 ⁸
1089 5737 1222 5792 ibid.
1253 5739 1309 5792 2.

757 5835 1023 5895 Ρλτιιοι..
1086 5835 1204 5897 Gn.
1259 5830 1498 5891 XXIII.

2125 4660 2326 4716 Patris.
2392 4659 2533 4727 Quia
2568 4673 2700 4714 vero
2733 4657 2964 4713 formam
2997 4657 3143 4714 servi
3175 4656 3488 4727 accipiens,
3524 4661 3578 4709 et
3611 4653 3716 4707 ha-

2127 4755 2245 4809 bitu
2273 4753 2528 4809 inventus
2547 4759 2608 4807 ut
2632 4753 2817 4817 homo,
2831 4749 3507 4819 humiliavitsemetipsum
3538 4761 3715 4817 usque

2129 4845 2196 4900 ad
2221 4853 2488 4911 mortem;
2517 4844 2642 4915 jure
2672 4842 2912 4914 Spiritus
2942 4851 3168 4898 sanctus
3199 4840 3320 4909 ejus
3347 4837 3712 4894 resurrectio-

2127 4953 2252 4993 nem
2301 4936 2632 4992 vaticinatur
2679 4935 2893 4999 dicens,
2935 4951 2955 4985 ‹
2994 4933 3266 5004 Exsurgat
3291 4930 3437 4987 Deus
3465 4937 3523 4984 et
3546 4927 3714 4983 dissi-

2125 5030 2324 5095 pentur
2371 5023 2580 5077 inimici
2614 5039 2627 5076 :
2671 5039 2690 5075 ι
2731 5021 2824 5078 ubi
2870 5037 2971 5092 per
3014 5021 3184 5084 illud,
3241 5037 3261 5072 ι
3296 5017 3477 5081 Deus,
3509 5035 3529 5069 ι
3567 5015 3711 5072 Deus

2125 5113 2364 5170 Verbum
2395 5113 2735 5185 intelligitur.
2783 5113 2894 5168 Aut
2935 5110 3112 5166 oratio
3151 5111 3244 5165 illa
3265 5110 3333 5167 de
3361 5107 3583 5165 Christo
3603 5107 3711 5161 hoc

2126 5207 2355 5279 profert,
2415 5223 2433 5257 ι
2471 5205 2780 5278 Exsurgat,
2813 5225 2832 5258 ι
2868 5214 2924 5262 et
2979 5207 3048 5261 ad
3097 5203 3482 5260 universorum
3536 5198 3710 5255 Deum

2126 5299 2425 5365 emittitur;
2478 5299 2555 5352 ita
2607 5305 2670 5354 ut
2716 5298 2886 5364 illud,
2929 5318 2949 5351 ι
2982 5298 3148 5363 Deus,
3183 5316 3202 5350 ι
3242 5296 3325 5353 sic
3358 5292 3657 5364 accipiatur
3690 5307 3706 5344 :

2127 5390 2172 5445 O
2205 5391 2371 5452 Deus.
2406 5397 2670 5460 exsurgat
2696 5388 2951 5447 Christus
2979 5397 3130 5456 tuus,
3159 5398 3214 5445 et
3235 5387 3569 5456 dissipentur
3599 5382 3707 5440 ini-

2127 5483 2422 5554 mici-ejus.
2485 5482 2812 5556 Congregati
2863 5497 3098 5554 namque
3150 5487 3280 5538 sunt
3333 5477 3540 5533 inimici
3585 5475 3710 5546 ejus

2731 5667 2750 5697 '
2779 5662 2927 5718 Psal.
2979 5678 3126 5727 πίονι,
3174 5663 3228 5716 5.
3306 5660 3494 5716 'Psal.
3530 5667 3706 5726 unt,

3195 5819 3273 5879 εξ
