  <div class='ocr_page' id='page_1' title='image "/cluster/home/n/w/nwhite01/storage/ocr_20150623/23/nnc1.0046978313/367.png"; bbox 0 0 4146 6390; ppageno 0'>
   <div class='ocr_carea' id='block_1_1' title="bbox 431 303 536 358">
    <p class='ocr_par' dir='ltr' id='par_1_1' title="bbox 431 303 536 358">
     <span class='ocr_line' id='line_1_1' title="bbox 431 303 536 358; baseline 0 0"><span class='ocrx_word' id='word_1_1' title='bbox 431 303 536 358; x_wconf 80' lang='lat'>683</span> 
     </span>
    </p>
   </div>
   <div class='ocr_carea' id='block_1_2' title="bbox 1114 299 3018 362">
    <p class='ocr_par' dir='ltr' id='par_1_2' title="bbox 1114 299 3018 362">
     <span class='ocr_line' id='line_1_2' title="bbox 1114 299 3018 362; baseline -0.003 -3"><span class='ocrx_word' id='word_1_2' title='bbox 1114 303 1387 362; x_wconf 78' lang='lat' dir='ltr'>EUSEBII</span> <span class='ocrx_word' id='word_1_3' title='bbox 1430 301 1920 360; x_wconf 62' lang='lat' dir='ltr'>CESARIENSIS</span> <span class='ocrx_word' id='word_1_4' title='bbox 1959 300 2113 357; x_wconf 84' lang='lat' dir='ltr'><strong>DPP.</strong></span> <span class='ocrx_word' id='word_1_5' title='bbox 2153 299 2334 357; x_wconf 84' lang='lat' dir='ltr'><strong>PARS</strong></span> <span class='ocrx_word' id='word_1_6' title='bbox 2372 300 2456 355; x_wconf 88' lang='lat' dir='ltr'><strong>Ill.</strong></span> <span class='ocrx_word' id='word_1_7' title='bbox 2499 332 2569 344; x_wconf 89' lang='lat'><strong>—</strong></span> <span class='ocrx_word' id='word_1_8' title='bbox 2606 300 3018 358; x_wconf 78' lang='lat' dir='ltr'>EXEGETICA.</span> 
     </span>
    </p>
   </div>
   <div class='ocr_carea' id='block_1_3' title="bbox 3600 306 3705 361">
    <p class='ocr_par' dir='ltr' id='par_1_3' title="bbox 3600 306 3705 361">
     <span class='ocr_line' id='line_1_3' title="bbox 3600 306 3705 361; baseline 0 -1"><span class='ocrx_word' id='word_1_9' title='bbox 3600 306 3705 361; x_wconf 63' lang='lat'>68‘</span> 
     </span>
    </p>
   </div>
   <div class='ocr_carea' id='block_1_4' title="bbox 434 413 2002 491">
    <p class='ocr_par' dir='ltr' id='par_1_4' title="bbox 434 417 2002 491">
     <span class='ocr_line' id='line_1_4' title="bbox 434 417 2002 491; baseline -0.004 -17"><span class='ocrx_word' id='word_1_10' title='bbox 434 431 676 491; x_wconf 86' lang='lat' dir='ltr'><strong>tempore</strong></span> <span class='ocrx_word' id='word_1_11' title='bbox 728 420 1002 491; x_wconf 83' lang='lat' dir='ltr'>passionis</span> <span class='ocrx_word' id='word_1_12' title='bbox 1059 420 1264 490; x_wconf 87' lang='lat' dir='ltr'>ipsius,</span> <span class='ocrx_word' id='word_1_13' title='bbox 1321 418 1542 489; x_wconf 83' lang='lat' dir='ltr'><strong>quando</strong></span> <span class='ocrx_word' id='word_1_14' title='bbox 1611 438 1629 469; x_wconf 74' lang='grc' dir='ltr'>ι</span> <span class='ocrx_word' id='word_1_15' title='bbox 1672 417 2002 473; x_wconf 78' lang='lat' dir='ltr'><strong>fremuerunt</strong></span> 
     </span>
    </p>
   </div>
   <div class='ocr_carea' id='block_1_5' title="bbox 2103 413 3706 491">
    <p class='ocr_par' dir='ltr' id='par_1_5' title="bbox 2114 413 3706 487">
     <span class='ocr_line' id='line_1_5' title="bbox 2114 413 3706 487; baseline 0.004 -21"><span class='ocrx_word' id='word_1_16' title='bbox 2114 430 2296 468; x_wconf 89' lang='grc' dir='ltr'>τωσαν</span> <span class='ocrx_word' id='word_1_17' title='bbox 2319 415 2368 466; x_wconf 90' lang='grc' dir='ltr'>οί</span> <span class='ocrx_word' id='word_1_18' title='bbox 2397 414 2579 487; x_wconf 74' lang='grc' dir='ltr'>ἐχθροὶ</span> <span class='ocrx_word' id='word_1_19' title='bbox 2605 413 2788 468; x_wconf 71' lang='grc' dir='ltr'>αὑτοῦ*</span> <span class='ocrx_word' id='word_1_20' title='bbox 2805 434 2823 467; x_wconf 74' lang='grc' dir='ltr'>ι</span> <span class='ocrx_word' id='word_1_21' title='bbox 2857 414 2991 467; x_wconf 90' lang='grc' dir='ltr'>Θεοῦ</span> <span class='ocrx_word' id='word_1_22' title='bbox 3016 423 3306 486; x_wconf 72' lang='grc' dir='ltr'>νοουμένου</span> <span class='ocrx_word' id='word_1_23' title='bbox 3329 416 3421 470; x_wconf 90' lang='grc' dir='ltr'>τοῦ</span> <span class='ocrx_word' id='word_1_24' title='bbox 3442 416 3576 471; x_wconf 83' lang='grc' dir='ltr'>Θεοῦ</span> <span class='ocrx_word' id='word_1_25' title='bbox 3600 419 3706 473; x_wconf 79' lang='grc' dir='ltr'>Λό-</span> 
     </span>
    </p>
   </div>
   <div class='ocr_carea' id='block_1_6' title="bbox 429 510 2011 583">
    <p class='ocr_par' dir='ltr' id='par_1_6' title="bbox 429 510 2011 583">
     <span class='ocr_line' id='line_1_6' title="bbox 429 510 2011 583; baseline -0.003 -17"><span class='ocrx_word' id='word_1_26' title='bbox 429 520 640 581; x_wconf 87' lang='lat' dir='ltr'><strong>gentes,</strong></span> <span class='ocrx_word' id='word_1_27' title='bbox 688 522 741 567; x_wconf 92' lang='lat' dir='ltr'>et</span> <span class='ocrx_word' id='word_1_28' title='bbox 786 512 971 583; x_wconf 81' lang='lat' dir='ltr'>populi</span> <span class='ocrx_word' id='word_1_29' title='bbox 1003 511 1246 566; x_wconf 88' lang='lat' dir='ltr'><strong>meditati</strong></span> <span class='ocrx_word' id='word_1_30' title='bbox 1283 520 1411 565; x_wconf 92' lang='lat' dir='ltr'><strong>sunt</strong></span> <span class='ocrx_word' id='word_1_31' title='bbox 1447 510 1651 565; x_wconf 90' lang='lat' dir='ltr'><strong>inania.</strong></span> <span class='ocrx_word' id='word_1_32' title='bbox 1704 510 2011 564; x_wconf 83' lang='lat' dir='ltr'><strong>Astiterunt</strong></span> 
     </span>
    </p>
   </div>
   <div class='ocr_carea' id='block_1_7' title="bbox 427 600 2009 673">
    <p class='ocr_par' dir='ltr' id='par_1_7' title="bbox 427 600 2009 673">
     <span class='ocr_line' id='line_1_7' title="bbox 427 600 2009 673; baseline -0.001 -19"><span class='ocrx_word' id='word_1_33' title='bbox 427 617 604 671; x_wconf 76' lang='lat' dir='ltr'><strong>reges,</strong></span> <span class='ocrx_word' id='word_1_34' title='bbox 640 609 694 657; x_wconf 90' lang='lat' dir='ltr'>et</span> <span class='ocrx_word' id='word_1_35' title='bbox 743 602 1019 673; x_wconf 87' lang='lat' dir='ltr'><strong>principes</strong></span> <span class='ocrx_word' id='word_1_36' title='bbox 1049 609 1422 656; x_wconf 88' lang='lat' dir='ltr'><strong>convenerunt</strong></span> <span class='ocrx_word' id='word_1_37' title='bbox 1453 601 1509 655; x_wconf 92' lang='lat' dir='ltr'>in</span> <span class='ocrx_word' id='word_1_38' title='bbox 1539 616 1710 654; x_wconf 90' lang='lat' dir='ltr'><strong>unum</strong></span> <span class='ocrx_word' id='word_1_39' title='bbox 1745 600 2009 654; x_wconf 84' lang='lat' dir='ltr'><strong>adversus</strong></span> 
     </span>
    </p>
   </div>
   <div class='ocr_carea' id='block_1_8' title="bbox 427 688 2009 760">
    <p class='ocr_par' dir='ltr' id='par_1_8' title="bbox 427 688 2009 760">
     <span class='ocr_line' id='line_1_8' title="bbox 427 688 2009 760; baseline -0.001 -17"><span class='ocrx_word' id='word_1_40' title='bbox 427 689 715 745; x_wconf 90' lang='lat' dir='ltr'><strong>Dominum</strong></span> <span class='ocrx_word' id='word_1_41' title='bbox 733 699 788 747; x_wconf 89' lang='lat' dir='ltr'>et</span> <span class='ocrx_word' id='word_1_42' title='bbox 806 690 1070 747; x_wconf 82' lang='lat' dir='ltr'><strong>adversus</strong></span> <span class='ocrx_word' id='word_1_43' title='bbox 1094 691 1375 746; x_wconf 76' lang='lat' dir='ltr'>Christum</span> <span class='ocrx_word' id='word_1_44' title='bbox 1406 690 1526 760; x_wconf 86' lang='lat' dir='ltr'>ejus</span> <span class='ocrx_word' id='word_1_45' title='bbox 1542 690 1582 746; x_wconf 83' lang='lat'><strong>&#39;.</strong></span> <span class='ocrx_word' id='word_1_46' title='bbox 1598 709 1615 741; x_wconf 74' lang='grc' dir='ltr'>ι</span> <span class='ocrx_word' id='word_1_47' title='bbox 1640 688 1817 745; x_wconf 83' lang='lat' dir='ltr'><strong>Hosce</strong></span> <span class='ocrx_word' id='word_1_48' title='bbox 1844 702 2009 759; x_wconf 88' lang='lat' dir='ltr'><strong>porro</strong></span> 
     </span>
    </p>
   </div>
   <div class='ocr_carea' id='block_1_9' title="bbox 426 778 2005 849">
    <p class='ocr_par' dir='ltr' id='par_1_9' title="bbox 426 778 2005 849">
     <span class='ocr_line' id='line_1_9' title="bbox 426 778 2005 849; baseline -0.001 -16"><span class='ocrx_word' id='word_1_49' title='bbox 426 797 616 837; x_wconf 88' lang='lat' dir='ltr'><strong>omnes</strong></span> <span class='ocrx_word' id='word_1_50' title='bbox 653 782 985 837; x_wconf 85' lang='lat' dir='ltr'>resurrectio</span> <span class='ocrx_word' id='word_1_51' title='bbox 1031 780 1237 836; x_wconf 83' lang='lat' dir='ltr'><strong>ChriSti</strong></span> <span class='ocrx_word' id='word_1_52' title='bbox 1287 796 1354 835; x_wconf 81' lang='lat' dir='ltr'><strong>ex</strong></span> <span class='ocrx_word' id='word_1_53' title='bbox 1407 780 1639 834; x_wconf 86' lang='lat' dir='ltr'><strong>mortuis</strong></span> <span class='ocrx_word' id='word_1_54' title='bbox 1668 778 1956 849; x_wconf 85' lang='lat' dir='ltr'><strong>dissipavit</strong></span> <span class='ocrx_word' id='word_1_55' title='bbox 1993 798 2005 832; x_wconf 88' lang='lat'><strong>:</strong></span> 
     </span>
    </p>
   </div>
   <div class='ocr_carea' id='block_1_10' title="bbox 426 866 2011 942">
    <p class='ocr_par' dir='ltr' id='par_1_10' title="bbox 426 866 2011 942">
     <span class='ocr_line' id='line_1_10' title="bbox 426 866 2011 942; baseline -0.003 -17"><span class='ocrx_word' id='word_1_56' title='bbox 426 882 664 942; x_wconf 89' lang='lat' dir='ltr'><strong>tuncque</strong></span> <span class='ocrx_word' id='word_1_57' title='bbox 712 870 1033 927; x_wconf 81' lang='lat' dir='ltr'><strong>defecerunt</strong></span> <span class='ocrx_word' id='word_1_58' title='bbox 1067 880 1126 924; x_wconf 93' lang='lat' dir='ltr'>ut</span> <span class='ocrx_word' id='word_1_59' title='bbox 1157 870 1342 925; x_wconf 88' lang='lat' dir='ltr'><strong>delicit</strong></span> <span class='ocrx_word' id='word_1_60' title='bbox 1373 869 1579 933; x_wconf 83' lang='lat' dir='ltr'><strong>fumus,</strong></span> <span class='ocrx_word' id='word_1_61' title='bbox 1612 876 1667 923; x_wconf 91' lang='lat' dir='ltr'>et</span> <span class='ocrx_word' id='word_1_62' title='bbox 1698 869 1840 924; x_wconf 89' lang='lat' dir='ltr'><strong>sicut</strong></span> <span class='ocrx_word' id='word_1_63' title='bbox 1893 866 2011 922; x_wconf 76' lang='lat' dir='ltr'><strong>fluit</strong></span> 
     </span>
    </p>
   </div>
   <div class='ocr_carea' id='block_1_11' title="bbox 424 959 2011 1036">
    <p class='ocr_par' dir='ltr' id='par_1_11' title="bbox 424 959 2011 1036">
     <span class='ocr_line' id='line_1_11' title="bbox 424 959 2011 1036; baseline -0.002 -19"><span class='ocrx_word' id='word_1_64' title='bbox 424 979 552 1019; x_wconf 85' lang='lat' dir='ltr'><strong>cera</strong></span> <span class='ocrx_word' id='word_1_65' title='bbox 585 979 616 1017; x_wconf 90' lang='lat' dir='ltr'>a</span> <span class='ocrx_word' id='word_1_66' title='bbox 653 962 792 1019; x_wconf 83' lang='lat' dir='ltr'><strong>facie</strong></span> <span class='ocrx_word' id='word_1_67' title='bbox 842 963 1001 1036; x_wconf 82' lang='lat' dir='ltr'><strong>ignis.</strong></span> <span class='ocrx_word' id='word_1_68' title='bbox 1074 961 1231 1017; x_wconf 78' lang='lat' dir='ltr'><strong>Hunc</strong></span> <span class='ocrx_word' id='word_1_69' title='bbox 1265 978 1400 1018; x_wconf 84' lang='lat' dir='ltr'><strong>sane</strong></span> <span class='ocrx_word' id='word_1_70' title='bbox 1422 962 1702 1017; x_wconf 86' lang='lat' dir='ltr'><strong>Christum</strong></span> <span class='ocrx_word' id='word_1_71' title='bbox 1743 960 1835 1015; x_wconf 89' lang='lat' dir='ltr'><strong>Dei</strong></span> <span class='ocrx_word' id='word_1_72' title='bbox 1883 959 2011 1014; x_wconf 92' lang='lat' dir='ltr'><strong>odio</strong></span> 
     </span>
    </p>
   </div>
   <div class='ocr_carea' id='block_1_12' title="bbox 424 1049 2012 1121">
    <p class='ocr_par' dir='ltr' id='par_1_12' title="bbox 424 1049 2012 1121">
     <span class='ocr_line' id='line_1_12' title="bbox 424 1049 2012 1121; baseline -0.003 -14"><span class='ocrx_word' id='word_1_73' title='bbox 424 1053 756 1117; x_wconf 87' lang='lat' dir='ltr'><strong>habuerunt,</strong></span> <span class='ocrx_word' id='word_1_74' title='bbox 809 1068 872 1107; x_wconf 89' lang='lat' dir='ltr'>ac</span> <span class='ocrx_word' id='word_1_75' title='bbox 917 1052 1216 1107; x_wconf 88' lang='lat' dir='ltr'><strong>etiamnum</strong></span> <span class='ocrx_word' id='word_1_76' title='bbox 1264 1051 1520 1115; x_wconf 91' lang='lat' dir='ltr'><strong>oderunt,</strong></span> <span class='ocrx_word' id='word_1_77' title='bbox 1556 1052 1649 1121; x_wconf 86' lang='lat' dir='ltr'>qui</span> <span class='ocrx_word' id='word_1_78' title='bbox 1699 1049 2012 1119; x_wconf 81' lang='lat' dir='ltr'><strong>frequenter</strong></span> 
     </span>
    </p>
   </div>
   <div class='ocr_carea' id='block_1_13' title="bbox 424 1143 2009 1218">
    <p class='ocr_par' dir='ltr' id='par_1_13' title="bbox 424 1143 2009 1218">
     <span class='ocr_line' id='line_1_13' title="bbox 424 1143 2009 1218; baseline -0.003 -18"><span class='ocrx_word' id='word_1_79' title='bbox 424 1148 590 1218; x_wconf 87' lang='lat' dir='ltr'><strong>impia</strong></span> <span class='ocrx_word' id='word_1_80' title='bbox 621 1146 789 1212; x_wconf 90' lang='lat' dir='ltr'><strong>dicta,</strong></span> <span class='ocrx_word' id='word_1_81' title='bbox 811 1146 1059 1201; x_wconf 89' lang='lat' dir='ltr'><strong>convicia</strong></span> <span class='ocrx_word' id='word_1_82' title='bbox 1089 1156 1143 1201; x_wconf 93' lang='lat' dir='ltr'>et</span> <span class='ocrx_word' id='word_1_83' title='bbox 1162 1146 1478 1216; x_wconf 89' lang='lat' dir='ltr'><strong>blasphema</strong></span> <span class='ocrx_word' id='word_1_84' title='bbox 1508 1146 1673 1199; x_wconf 87' lang='lat' dir='ltr'><strong>verba</strong></span> <span class='ocrx_word' id='word_1_85' title='bbox 1702 1143 2009 1214; x_wconf 86' lang='lat' dir='ltr'><strong>proferunt,</strong></span> 
     </span>
    </p>
   </div>
   <div class='ocr_carea' id='block_1_14' title="bbox 423 1238 2013 1311">
    <p class='ocr_par' dir='ltr' id='par_1_14' title="bbox 423 1238 2013 1311">
     <span class='ocr_line' id='line_1_14' title="bbox 423 1238 2013 1311; baseline 0 -20"><span class='ocrx_word' id='word_1_86' title='bbox 423 1239 545 1309; x_wconf 87' lang='lat' dir='ltr'><strong>ejus</strong></span> <span class='ocrx_word' id='word_1_87' title='bbox 569 1238 870 1295; x_wconf 87' lang='lat' dir='ltr'><strong>Ecclesiam</strong></span> <span class='ocrx_word' id='word_1_88' title='bbox 901 1248 1219 1310; x_wconf 87' lang='lat' dir='ltr'><strong>oppugnant</strong></span> <span class='ocrx_word' id='word_1_89' title='bbox 1247 1254 1311 1293; x_wconf 90' lang='lat' dir='ltr'>ac</span> <span class='ocrx_word' id='word_1_90' title='bbox 1343 1238 1648 1293; x_wconf 89' lang='lat' dir='ltr'><strong>doctrinam</strong></span> <span class='ocrx_word' id='word_1_91' title='bbox 1673 1238 2013 1311; x_wconf 83' lang='lat' dir='ltr'><strong>calumnian-</strong></span> 
     </span>
    </p>
   </div>
   <div class='ocr_carea' id='block_1_15' title="bbox 425 1329 2009 1401">
    <p class='ocr_par' dir='ltr' id='par_1_15' title="bbox 425 1329 2009 1401">
     <span class='ocr_line' id='line_1_15' title="bbox 425 1329 2009 1401; baseline -0.001 -18"><span class='ocrx_word' id='word_1_92' title='bbox 425 1339 536 1388; x_wconf 89' lang='lat' dir='ltr'><strong>tur.</strong></span> <span class='ocrx_word' id='word_1_93' title='bbox 567 1330 700 1385; x_wconf 87' lang='lat' dir='ltr'>Nam</span> <span class='ocrx_word' id='word_1_94' title='bbox 732 1332 868 1387; x_wconf 91' lang='lat' dir='ltr'><strong>alias</strong></span> <span class='ocrx_word' id='word_1_95' title='bbox 893 1332 1074 1387; x_wconf 88' lang='lat' dir='ltr'><strong>nullos</strong></span> <span class='ocrx_word' id='word_1_96' title='bbox 1112 1329 1355 1401; x_wconf 88' lang='lat' dir='ltr'><strong>reperire</strong></span> <span class='ocrx_word' id='word_1_97' title='bbox 1386 1339 1471 1385; x_wconf 92' lang='lat' dir='ltr'>est</span> <span class='ocrx_word' id='word_1_98' title='bbox 1498 1331 1591 1400; x_wconf 90' lang='lat' dir='ltr'>qui</span> <span class='ocrx_word' id='word_1_99' title='bbox 1627 1330 2009 1385; x_wconf 90' lang='lat' dir='ltr'><strong>universorum</strong></span> 
     </span>
    </p>
   </div>
   <div class='ocr_carea' id='block_1_16' title="bbox 426 1421 2008 1492">
    <p class='ocr_par' dir='ltr' id='par_1_16' title="bbox 426 1421 2008 1492">
     <span class='ocr_line' id='line_1_16' title="bbox 426 1421 2008 1492; baseline 0.001 -18"><span class='ocrx_word' id='word_1_100' title='bbox 426 1421 595 1477; x_wconf 89' lang='lat' dir='ltr'><strong>Deum</strong></span> <span class='ocrx_word' id='word_1_101' title='bbox 628 1422 881 1489; x_wconf 81' lang='lat' dir='ltr'><strong>oderint;</strong></span> <span class='ocrx_word' id='word_1_102' title='bbox 913 1438 1092 1492; x_wconf 88' lang='lat' dir='ltr'><strong>neque</strong></span> <span class='ocrx_word' id='word_1_103' title='bbox 1124 1422 1269 1477; x_wconf 90' lang='lat' dir='ltr'><strong>enim</strong></span> <span class='ocrx_word' id='word_1_104' title='bbox 1302 1421 1406 1492; x_wconf 90' lang='lat' dir='ltr'><strong>ipsi</strong></span> <span class='ocrx_word' id='word_1_105' title='bbox 1439 1421 1585 1476; x_wconf 89' lang='lat' dir='ltr'><strong>athei</strong></span> <span class='ocrx_word' id='word_1_106' title='bbox 1614 1429 1667 1476; x_wconf 92' lang='lat' dir='ltr'>et</span> <span class='ocrx_word' id='word_1_107' title='bbox 1693 1422 1877 1492; x_wconf 89' lang='lat' dir='ltr'><strong>impii,</strong></span> <span class='ocrx_word' id='word_1_108' title='bbox 1910 1436 2008 1476; x_wconf 89' lang='lat' dir='ltr'><strong>ne-</strong></span> 
     </span>
    </p>
   </div>
   <div class='ocr_carea' id='block_1_17' title="bbox 425 1513 2013 1585">
    <p class='ocr_par' dir='ltr' id='par_1_17' title="bbox 425 1513 2013 1585">
     <span class='ocr_line' id='line_1_17' title="bbox 425 1513 2013 1585; baseline 0 -18"><span class='ocrx_word' id='word_1_109' title='bbox 425 1530 531 1583; x_wconf 89' lang='lat' dir='ltr'>que</span> <span class='ocrx_word' id='word_1_110' title='bbox 564 1515 787 1584; x_wconf 80' lang='lat' dir='ltr'><strong>maligni</strong></span> <span class='ocrx_word' id='word_1_111' title='bbox 813 1515 1107 1580; x_wconf 67' lang='lat' dir='ltr'><strong>daemones,</strong></span> <span class='ocrx_word' id='word_1_112' title='bbox 1152 1529 1329 1584; x_wconf 89' lang='lat' dir='ltr'><strong>neque</strong></span> <span class='ocrx_word' id='word_1_113' title='bbox 1360 1514 1560 1585; x_wconf 89' lang='lat' dir='ltr'><strong>impuri</strong></span> <span class='ocrx_word' id='word_1_114' title='bbox 1593 1514 1818 1584; x_wconf 90' lang='lat' dir='ltr'><strong>spiritus</strong></span> <span class='ocrx_word' id='word_1_115' title='bbox 1848 1513 1903 1567; x_wconf 90' lang='lat' dir='ltr'>id</span> <span class='ocrx_word' id='word_1_116' title='bbox 1928 1513 2013 1568; x_wconf 90' lang='lat' dir='ltr'><strong>di-</strong></span> 
     </span>
    </p>
   </div>
   <div class='ocr_carea' id='block_1_18' title="bbox 425 1603 2010 1675">
    <p class='ocr_par' dir='ltr' id='par_1_18' title="bbox 425 1603 2010 1675">
     <span class='ocr_line' id='line_1_18' title="bbox 425 1603 2010 1675; baseline 0.002 -18"><span class='ocrx_word' id='word_1_117' title='bbox 425 1604 625 1659; x_wconf 84' lang='lat' dir='ltr'><strong>xerint.</strong></span> <span class='ocrx_word' id='word_1_118' title='bbox 660 1605 728 1657; x_wconf 80' lang='lat' dir='ltr'><strong>At</strong></span> <span class='ocrx_word' id='word_1_119' title='bbox 754 1604 1033 1661; x_wconf 84' lang='lat' dir='ltr'><strong>Christum</strong></span> <span class='ocrx_word' id='word_1_120' title='bbox 1066 1604 1161 1660; x_wconf 89' lang='lat' dir='ltr'><strong>Dei</strong></span> <span class='ocrx_word' id='word_1_121' title='bbox 1191 1620 1249 1659; x_wconf 91' lang='lat' dir='ltr'>se</span> <span class='ocrx_word' id='word_1_122' title='bbox 1272 1603 1398 1658; x_wconf 91' lang='lat' dir='ltr'><strong>odio</strong></span> <span class='ocrx_word' id='word_1_123' title='bbox 1430 1604 1632 1659; x_wconf 88' lang='lat' dir='ltr'><strong>habere</strong></span> <span class='ocrx_word' id='word_1_124' title='bbox 1662 1612 1847 1675; x_wconf 91' lang='lat' dir='ltr'><strong>aperte</strong></span> <span class='ocrx_word' id='word_1_125' title='bbox 1881 1620 2010 1675; x_wconf 91' lang='lat' dir='ltr'><strong>pro-</strong></span> 
     </span>
    </p>
   </div>
   <div class='ocr_carea' id='block_1_19' title="bbox 429 1696 2009 1769">
    <p class='ocr_par' dir='ltr' id='par_1_19' title="bbox 429 1696 2009 1769">
     <span class='ocr_line' id='line_1_19' title="bbox 429 1696 2009 1769; baseline 0.001 -19"><span class='ocrx_word' id='word_1_126' title='bbox 429 1696 672 1761; x_wconf 82' lang='lat' dir='ltr'><strong>ﬁtentur,</strong></span> <span class='ocrx_word' id='word_1_127' title='bbox 724 1696 903 1767; x_wconf 88' lang='lat' dir='ltr'><strong>primo</strong></span> <span class='ocrx_word' id='word_1_128' title='bbox 954 1696 991 1749; x_wconf 92' lang='lat' dir='ltr'>ii</span> <span class='ocrx_word' id='word_1_129' title='bbox 1043 1696 1110 1751; x_wconf 93' lang='lat' dir='ltr'>de</span> <span class='ocrx_word' id='word_1_130' title='bbox 1144 1697 1344 1767; x_wconf 90' lang='lat' dir='ltr'><strong>quibus</strong></span> <span class='ocrx_word' id='word_1_131' title='bbox 1370 1698 1485 1767; x_wconf 90' lang='lat' dir='ltr'><strong>ipse</strong></span> <span class='ocrx_word' id='word_1_132' title='bbox 1521 1714 1616 1769; x_wconf 91' lang='lat' dir='ltr'>per</span> <span class='ocrx_word' id='word_1_133' title='bbox 1667 1697 2009 1769; x_wconf 86' lang='lat' dir='ltr'><strong>prophetiam</strong></span> 
     </span>
    </p>
   </div>
   <div class='ocr_carea' id='block_1_20' title="bbox 425 1786 2011 1860">
    <p class='ocr_par' dir='ltr' id='par_1_20' title="bbox 425 1786 2011 1860">
     <span class='ocr_line' id='line_1_20' title="bbox 425 1786 2011 1860; baseline 0.001 -17"><span class='ocrx_word' id='word_1_134' title='bbox 425 1789 500 1843; x_wconf 89' lang='lat' dir='ltr'>ita</span> <span class='ocrx_word' id='word_1_135' title='bbox 532 1788 677 1843; x_wconf 84' lang='lat' dir='ltr'><strong>fatur</strong></span> <span class='ocrx_word' id='word_1_136' title='bbox 721 1809 732 1843; x_wconf 95' lang='lat'>:</span> <span class='ocrx_word' id='word_1_137' title='bbox 791 1807 809 1840; x_wconf 76' lang='grc' dir='ltr'>ι</span> <span class='ocrx_word' id='word_1_138' title='bbox 862 1786 1050 1843; x_wconf 85' lang='lat' dir='ltr'><strong>Locuti</strong></span> <span class='ocrx_word' id='word_1_139' title='bbox 1096 1797 1224 1843; x_wconf 91' lang='lat' dir='ltr'><strong>sunt</strong></span> <span class='ocrx_word' id='word_1_140' title='bbox 1260 1790 1546 1845; x_wconf 89' lang='lat' dir='ltr'><strong>adversum</strong></span> <span class='ocrx_word' id='word_1_141' title='bbox 1574 1806 1660 1847; x_wconf 91' lang='lat' dir='ltr'>me</span> <span class='ocrx_word' id='word_1_142' title='bbox 1699 1793 1881 1860; x_wconf 84' lang='lat' dir='ltr'><strong>lingua</strong></span> <span class='ocrx_word' id='word_1_143' title='bbox 1912 1789 2011 1844; x_wconf 86' lang='lat' dir='ltr'><strong>do-</strong></span> 
     </span>
    </p>
   </div>
   <div class='ocr_carea' id='block_1_21' title="bbox 424 1873 2005 1945">
    <p class='ocr_par' dir='ltr' id='par_1_21' title="bbox 424 1873 2005 1945">
     <span class='ocr_line' id='line_1_21' title="bbox 424 1873 2005 1945; baseline -0.001 -12"><span class='ocrx_word' id='word_1_144' title='bbox 424 1880 538 1933; x_wconf 90' lang='lat' dir='ltr'><strong>losa</strong></span> <span class='ocrx_word' id='word_1_145' title='bbox 557 1919 572 1945; x_wconf 94' lang='lat'>,</span> <span class='ocrx_word' id='word_1_146' title='bbox 606 1888 659 1933; x_wconf 83' lang='lat' dir='ltr'>et</span> <span class='ocrx_word' id='word_1_147' title='bbox 688 1878 1034 1933; x_wconf 81' lang='lat' dir='ltr'><strong>sermonibus</strong></span> <span class='ocrx_word' id='word_1_148' title='bbox 1063 1873 1173 1930; x_wconf 90' lang='lat' dir='ltr'><strong>odii</strong></span> <span class='ocrx_word' id='word_1_149' title='bbox 1201 1873 1674 1934; x_wconf 85' lang='lat' dir='ltr'><strong>circumdederunt</strong></span> <span class='ocrx_word' id='word_1_150' title='bbox 1704 1891 1810 1943; x_wconf 91' lang='lat' dir='ltr'>me,</span> <span class='ocrx_word' id='word_1_151' title='bbox 1828 1884 1883 1932; x_wconf 86' lang='lat' dir='ltr'>et</span> <span class='ocrx_word' id='word_1_152' title='bbox 1914 1892 2005 1933; x_wconf 81' lang='lat' dir='ltr'>ex-</span> 
     </span>
    </p>
   </div>
   <div class='ocr_carea' id='block_1_22' title="bbox 424 1968 2006 2041">
    <p class='ocr_par' dir='ltr' id='par_1_22' title="bbox 424 1968 2006 2041">
     <span class='ocr_line' id='line_1_22' title="bbox 424 1968 2006 2041; baseline 0 -17"><span class='ocrx_word' id='word_1_153' title='bbox 424 1976 801 2040; x_wconf 86' lang='lat' dir='ltr'><strong>pugnaverunt</strong></span> <span class='ocrx_word' id='word_1_154' title='bbox 828 1984 914 2024; x_wconf 90' lang='lat' dir='ltr'>me</span> <span class='ocrx_word' id='word_1_155' title='bbox 939 1969 1128 2040; x_wconf 80' lang='lat' dir='ltr'><strong>gratis.</strong></span> <span class='ocrx_word' id='word_1_156' title='bbox 1160 1968 1266 2024; x_wconf 89' lang='lat' dir='ltr'><strong>Pro</strong></span> <span class='ocrx_word' id='word_1_157' title='bbox 1288 1985 1354 2025; x_wconf 92' lang='lat' dir='ltr'>eo</span> <span class='ocrx_word' id='word_1_158' title='bbox 1379 1978 1436 2025; x_wconf 91' lang='lat' dir='ltr'>ut</span> <span class='ocrx_word' id='word_1_159' title='bbox 1458 1986 1545 2026; x_wconf 90' lang='lat' dir='ltr'>me</span> <span class='ocrx_word' id='word_1_160' title='bbox 1566 1970 1875 2041; x_wconf 89' lang='lat' dir='ltr'><strong>diligerent,</strong></span> <span class='ocrx_word' id='word_1_161' title='bbox 1907 1969 2006 2025; x_wconf 92' lang='lat' dir='ltr'><strong>de-</strong></span> 
     </span>
    </p>
   </div>
   <div class='ocr_carea' id='block_1_23' title="bbox 422 2062 2007 2133">
    <p class='ocr_par' dir='ltr' id='par_1_23' title="bbox 422 2062 2007 2133">
     <span class='ocr_line' id='line_1_23' title="bbox 422 2062 2007 2133; baseline 0.001 -19"><span class='ocrx_word' id='word_1_162' title='bbox 422 2062 712 2117; x_wconf 86' lang='lat' dir='ltr'><strong>trahebant</strong></span> <span class='ocrx_word' id='word_1_163' title='bbox 757 2062 911 2116; x_wconf 89' lang='lat' dir='ltr'><strong>mihi.</strong></span> <span class='ocrx_word' id='word_1_164' title='bbox 974 2062 1038 2115; x_wconf 85' lang='lat' dir='ltr'><strong>Et</strong></span> <span class='ocrx_word' id='word_1_165' title='bbox 1087 2072 1390 2133; x_wconf 86' lang='lat' dir='ltr'><strong>posuerunt</strong></span> <span class='ocrx_word' id='word_1_166' title='bbox 1422 2063 1709 2118; x_wconf 89' lang='lat' dir='ltr'><strong>adversum</strong></span> <span class='ocrx_word' id='word_1_167' title='bbox 1746 2078 1831 2118; x_wconf 90' lang='lat' dir='ltr'>me</span> <span class='ocrx_word' id='word_1_168' title='bbox 1863 2063 2007 2117; x_wconf 88' lang='lat' dir='ltr'><strong>mala</strong></span> 
     </span>
    </p>
   </div>
   <div class='ocr_carea' id='block_1_24' title="bbox 422 2154 2007 2227">
    <p class='ocr_par' dir='ltr' id='par_1_24' title="bbox 422 2154 2007 2227">
     <span class='ocr_line' id='line_1_24' title="bbox 422 2154 2007 2227; baseline 0.003 -19"><span class='ocrx_word' id='word_1_169' title='bbox 422 2170 522 2225; x_wconf 90' lang='lat' dir='ltr'>pro</span> <span class='ocrx_word' id='word_1_170' title='bbox 550 2154 730 2219; x_wconf 88' lang='lat' dir='ltr'><strong>bonis,</strong></span> <span class='ocrx_word' id='word_1_171' title='bbox 774 2161 828 2209; x_wconf 91' lang='lat' dir='ltr'>et</span> <span class='ocrx_word' id='word_1_172' title='bbox 858 2154 1042 2209; x_wconf 91' lang='lat' dir='ltr'><strong>odium</strong></span> <span class='ocrx_word' id='word_1_173' title='bbox 1070 2172 1169 2227; x_wconf 89' lang='lat' dir='ltr'>pro</span> <span class='ocrx_word' id='word_1_174' title='bbox 1202 2156 1493 2211; x_wconf 81' lang='lat' dir='ltr'><strong>dilectione</strong></span> <span class='ocrx_word' id='word_1_175' title='bbox 1524 2157 1718 2223; x_wconf 79' lang='lat' dir='ltr'><strong>mea&#39;;</strong></span> <span class='ocrx_word' id='word_1_176' title='bbox 1758 2174 1775 2206; x_wconf 70' lang='grc' dir='ltr'>ι</span> <span class='ocrx_word' id='word_1_177' title='bbox 1812 2155 2007 2211; x_wconf 86' lang='lat' dir='ltr'><strong>deinde</strong></span> 
     </span>
    </p>
   </div>
   <div class='ocr_carea' id='block_1_25' title="bbox 420 2244 2003 2319">
    <p class='ocr_par' dir='ltr' id='par_1_25' title="bbox 420 2244 2003 2319">
     <span class='ocr_line' id='line_1_25' title="bbox 420 2244 2003 2319; baseline 0.003 -21"><span class='ocrx_word' id='word_1_178' title='bbox 420 2244 515 2315; x_wconf 89' lang='lat' dir='ltr'>qui</span> <span class='ocrx_word' id='word_1_179' title='bbox 548 2252 672 2315; x_wconf 84' lang='lat' dir='ltr'><strong>post</strong></span> <span class='ocrx_word' id='word_1_180' title='bbox 701 2245 825 2301; x_wconf 92' lang='lat' dir='ltr'><strong>illos</strong></span> <span class='ocrx_word' id='word_1_181' title='bbox 855 2246 1019 2301; x_wconf 89' lang='lat' dir='ltr'><strong>etiam</strong></span> <span class='ocrx_word' id='word_1_182' title='bbox 1054 2263 1202 2301; x_wconf 92' lang='lat' dir='ltr'><strong>nunc</strong></span> <span class='ocrx_word' id='word_1_183' title='bbox 1236 2247 1292 2301; x_wconf 92' lang='lat' dir='ltr'>in</span> <span class='ocrx_word' id='word_1_184' title='bbox 1336 2247 1515 2318; x_wconf 88' lang='lat' dir='ltr'><strong>ipsum</strong></span> <span class='ocrx_word' id='word_1_185' title='bbox 1556 2248 1870 2319; x_wconf 85' lang='lat' dir='ltr'><strong>blasphema</strong></span> <span class='ocrx_word' id='word_1_186' title='bbox 1914 2248 2003 2302; x_wconf 87' lang='lat' dir='ltr'><strong>di-</strong></span> 
     </span>
    </p>
   </div>
   <div class='ocr_carea' id='block_1_26' title="bbox 423 2336 2005 2410">
    <p class='ocr_par' dir='ltr' id='par_1_26' title="bbox 423 2336 2005 2410">
     <span class='ocr_line' id='line_1_26' title="bbox 423 2336 2005 2410; baseline 0.004 -20"><span class='ocrx_word' id='word_1_187' title='bbox 423 2344 512 2391; x_wconf 88' lang='lat' dir='ltr'>cta</span> <span class='ocrx_word' id='word_1_188' title='bbox 559 2336 864 2407; x_wconf 82' lang='lat' dir='ltr'><strong>proferunt.</strong></span> <span class='ocrx_word' id='word_1_189' title='bbox 924 2336 1191 2393; x_wconf 60' lang='lat' dir='ltr'><strong>Caeterum</strong></span> <span class='ocrx_word' id='word_1_190' title='bbox 1239 2353 1429 2392; x_wconf 88' lang='lat' dir='ltr'><strong>omnes</strong></span> <span class='ocrx_word' id='word_1_191' title='bbox 1483 2338 1689 2393; x_wconf 90' lang='lat' dir='ltr'><strong>inimici</strong></span> <span class='ocrx_word' id='word_1_192' title='bbox 1741 2340 1894 2410; x_wconf 86' lang='lat' dir='ltr'><strong>ejus,</strong></span> <span class='ocrx_word' id='word_1_193' title='bbox 1950 2348 2005 2396; x_wconf 84' lang='lat' dir='ltr'>et</span> 
     </span>
    </p>
   </div>
   <div class='ocr_carea' id='block_1_27' title="bbox 419 2428 2002 2501">
    <p class='ocr_par' dir='ltr' id='par_1_27' title="bbox 419 2428 2002 2501">
     <span class='ocr_line' id='line_1_27' title="bbox 419 2428 2002 2501; baseline 0.003 -20"><span class='ocrx_word' id='word_1_194' title='bbox 419 2428 514 2498; x_wconf 92' lang='lat' dir='ltr'>qui</span> <span class='ocrx_word' id='word_1_195' title='bbox 576 2429 809 2483; x_wconf 89' lang='lat' dir='ltr'><strong>oderunt</strong></span> <span class='ocrx_word' id='word_1_196' title='bbox 869 2443 993 2483; x_wconf 91' lang='lat' dir='ltr'>eum</span> <span class='ocrx_word' id='word_1_197' title='bbox 1055 2429 1306 2499; x_wconf 90' lang='lat' dir='ltr'><strong>dissipati</strong></span> <span class='ocrx_word' id='word_1_198' title='bbox 1366 2438 1494 2485; x_wconf 92' lang='lat' dir='ltr'><strong>sunt</strong></span> <span class='ocrx_word' id='word_1_199' title='bbox 1560 2437 1614 2485; x_wconf 89' lang='lat' dir='ltr'>et</span> <span class='ocrx_word' id='word_1_200' title='bbox 1676 2430 1931 2501; x_wconf 81' lang='lat' dir='ltr'><strong>fugerunt</strong></span> <span class='ocrx_word' id='word_1_201' title='bbox 1970 2447 2002 2486; x_wconf 87' lang='lat' dir='ltr'>a</span> 
     </span>
    </p>
   </div>
   <div class='ocr_carea' id='block_1_28' title="bbox 421 2520 2000 2593">
    <p class='ocr_par' dir='ltr' id='par_1_28' title="bbox 421 2520 2000 2593">
     <span class='ocr_line' id='line_1_28' title="bbox 421 2520 2000 2593; baseline 0.003 -18"><span class='ocrx_word' id='word_1_202' title='bbox 421 2520 566 2577; x_wconf 83' lang='lat' dir='ltr'><strong>facie</strong></span> <span class='ocrx_word' id='word_1_203' title='bbox 611 2522 833 2577; x_wconf 80' lang='lat' dir='ltr'><strong>virtutis</strong></span> <span class='ocrx_word' id='word_1_204' title='bbox 863 2523 1005 2593; x_wconf 86' lang='lat' dir='ltr'><strong>ejus,</strong></span> <span class='ocrx_word' id='word_1_205' title='bbox 1052 2522 1475 2593; x_wconf 79' lang='lat' dir='ltr'><strong>defeceruntque</strong></span> <span class='ocrx_word' id='word_1_206' title='bbox 1525 2522 1666 2577; x_wconf 90' lang='lat' dir='ltr'><strong>sicut</strong></span> <span class='ocrx_word' id='word_1_207' title='bbox 1698 2522 1879 2579; x_wconf 84' lang='lat' dir='ltr'><strong>delicit</strong></span> <span class='ocrx_word' id='word_1_208' title='bbox 1912 2524 2000 2579; x_wconf 81' lang='lat' dir='ltr'><strong>fu-</strong></span> 
     </span>
    </p>
   </div>
   <div class='ocr_carea' id='block_1_29' title="bbox 421 2613 2001 2688">
    <p class='ocr_par' dir='ltr' id='par_1_29' title="bbox 421 2613 2001 2688">
     <span class='ocr_line' id='line_1_29' title="bbox 421 2613 2001 2688; baseline 0.004 -22"><span class='ocrx_word' id='word_1_209' title='bbox 421 2628 582 2681; x_wconf 90' lang='lat' dir='ltr'><strong>mus,</strong></span> <span class='ocrx_word' id='word_1_210' title='bbox 617 2622 671 2670; x_wconf 92' lang='lat' dir='ltr'>et</span> <span class='ocrx_word' id='word_1_211' title='bbox 714 2615 857 2670; x_wconf 89' lang='lat' dir='ltr'><strong>sicut</strong></span> <span class='ocrx_word' id='word_1_212' title='bbox 890 2614 1011 2670; x_wconf 74' lang='lat' dir='ltr'><strong>{luit</strong></span> <span class='ocrx_word' id='word_1_213' title='bbox 1041 2630 1166 2670; x_wconf 87' lang='lat' dir='ltr'><strong>cera</strong></span> <span class='ocrx_word' id='word_1_214' title='bbox 1213 2629 1243 2668; x_wconf 89' lang='lat' dir='ltr'>a</span> <span class='ocrx_word' id='word_1_215' title='bbox 1291 2613 1431 2670; x_wconf 83' lang='lat' dir='ltr'><strong>facie</strong></span> <span class='ocrx_word' id='word_1_216' title='bbox 1464 2615 1628 2687; x_wconf 88' lang='lat' dir='ltr'><strong>ignis.</strong></span> <span class='ocrx_word' id='word_1_217' title='bbox 1682 2614 1856 2671; x_wconf 88' lang='lat' dir='ltr'><strong>Nemo</strong></span> <span class='ocrx_word' id='word_1_218' title='bbox 1898 2618 2001 2688; x_wconf 87' lang='lat' dir='ltr'><strong>igi-</strong></span> 
     </span>
    </p>
   </div>
   <div class='ocr_carea' id='block_1_30' title="bbox 420 2709 1999 2780">
    <p class='ocr_par' dir='ltr' id='par_1_30' title="bbox 420 2709 1999 2780">
     <span class='ocr_line' id='line_1_30' title="bbox 420 2709 1999 2780; baseline 0.003 -18"><span class='ocrx_word' id='word_1_219' title='bbox 420 2716 513 2763; x_wconf 79' lang='lat' dir='ltr'>tur</span> <span class='ocrx_word' id='word_1_220' title='bbox 536 2724 602 2763; x_wconf 81' lang='lat' dir='ltr'><strong>ex</strong></span> <span class='ocrx_word' id='word_1_221' title='bbox 636 2710 947 2765; x_wconf 89' lang='lat' dir='ltr'><strong>odientibus</strong></span> <span class='ocrx_word' id='word_1_222' title='bbox 977 2725 1101 2765; x_wconf 90' lang='lat' dir='ltr'>eum</span> <span class='ocrx_word' id='word_1_223' title='bbox 1136 2709 1359 2780; x_wconf 88' lang='lat' dir='ltr'><strong>impune</strong></span> <span class='ocrx_word' id='word_1_224' title='bbox 1387 2726 1631 2780; x_wconf 91' lang='lat' dir='ltr'><strong>unquam</strong></span> <span class='ocrx_word' id='word_1_225' title='bbox 1663 2720 1731 2767; x_wconf 71' lang='lat' dir='ltr'>ex</span> <span class='ocrx_word' id='word_1_226' title='bbox 1761 2712 1862 2766; x_wconf 85' lang='lat' dir='ltr'>hac</span> <span class='ocrx_word' id='word_1_227' title='bbox 1886 2713 1999 2767; x_wconf 89' lang='lat' dir='ltr'><strong>vita</strong></span> 
     </span>
    </p>
   </div>
   <div class='ocr_carea' id='block_1_31' title="bbox 420 2798 1994 2872">
    <p class='ocr_par' dir='ltr' id='par_1_31' title="bbox 420 2798 1994 2872">
     <span class='ocr_line' id='line_1_31' title="bbox 420 2798 1994 2872; baseline 0.005 -20"><span class='ocrx_word' id='word_1_228' title='bbox 420 2798 694 2871; x_wconf 87' lang='lat' dir='ltr'><strong>migravit.</strong></span> <span class='ocrx_word' id='word_1_229' title='bbox 723 2800 827 2857; x_wconf 87' lang='lat' dir='ltr'><strong>Sed</strong></span> <span class='ocrx_word' id='word_1_230' title='bbox 860 2802 1024 2857; x_wconf 89' lang='lat' dir='ltr'><strong>etiam</strong></span> <span class='ocrx_word' id='word_1_231' title='bbox 1057 2803 1331 2872; x_wconf 86' lang='lat' dir='ltr'><strong>principes</strong></span> <span class='ocrx_word' id='word_1_232' title='bbox 1367 2803 1734 2869; x_wconf 90' lang='lat' dir='ltr'><strong>sacerdotum,</strong></span> <span class='ocrx_word' id='word_1_233' title='bbox 1769 2801 1994 2871; x_wconf 75' lang='lat' dir='ltr'><strong>Scribae,</strong></span> 
     </span>
    </p>
   </div>
   <div class='ocr_carea' id='block_1_32' title="bbox 418 2891 1996 2967">
    <p class='ocr_par' dir='ltr' id='par_1_32' title="bbox 418 2891 1996 2967">
     <span class='ocr_line' id='line_1_32' title="bbox 418 2891 1996 2967; baseline 0.004 -21"><span class='ocrx_word' id='word_1_234' title='bbox 418 2891 685 2949; x_wconf 75' lang='lat' dir='ltr'><strong>Pharisaei</strong></span> <span class='ocrx_word' id='word_1_235' title='bbox 718 2902 772 2950; x_wconf 92' lang='lat' dir='ltr'>et</span> <span class='ocrx_word' id='word_1_236' title='bbox 803 2893 1112 2959; x_wconf 65' lang='lat' dir='ltr'><strong>Sadducaai,</strong></span> <span class='ocrx_word' id='word_1_237' title='bbox 1145 2896 1238 2965; x_wconf 91' lang='lat' dir='ltr'>qui</span> <span class='ocrx_word' id='word_1_238' title='bbox 1264 2895 1493 2951; x_wconf 86' lang='lat' dir='ltr'><strong>insidias</strong></span> <span class='ocrx_word' id='word_1_239' title='bbox 1532 2896 1661 2950; x_wconf 89' lang='lat' dir='ltr'><strong>olim</strong></span> <span class='ocrx_word' id='word_1_240' title='bbox 1698 2897 1802 2966; x_wconf 91' lang='lat' dir='ltr'><strong>ipsi</strong></span> <span class='ocrx_word' id='word_1_241' title='bbox 1836 2913 1996 2967; x_wconf 86' lang='lat' dir='ltr'><strong>para-</strong></span> 
     </span>
    </p>
   </div>
   <div class='ocr_carea' id='block_1_33' title="bbox 420 2982 1995 3055">
    <p class='ocr_par' dir='ltr' id='par_1_33' title="bbox 420 2982 1995 3055">
     <span class='ocr_line' id='line_1_33' title="bbox 420 2982 1995 3055; baseline 0.004 -19"><span class='ocrx_word' id='word_1_242' title='bbox 420 2990 572 3050; x_wconf 90' lang='lat' dir='ltr'><strong>runt,</strong></span> <span class='ocrx_word' id='word_1_243' title='bbox 606 2984 681 3037; x_wconf 91' lang='lat' dir='ltr'>ita</span> <span class='ocrx_word' id='word_1_244' title='bbox 710 2982 1051 3049; x_wconf 85' lang='lat' dir='ltr'><strong>defecerunt,</strong></span> <span class='ocrx_word' id='word_1_245' title='bbox 1077 2993 1136 3037; x_wconf 92' lang='lat' dir='ltr'>ut</span> <span class='ocrx_word' id='word_1_246' title='bbox 1170 2999 1351 3055; x_wconf 90' lang='lat' dir='ltr'><strong>neque</strong></span> <span class='ocrx_word' id='word_1_247' title='bbox 1400 2985 1664 3039; x_wconf 90' lang='lat' dir='ltr'><strong>memoria</strong></span> <span class='ocrx_word' id='word_1_248' title='bbox 1700 3000 1891 3040; x_wconf 89' lang='lat' dir='ltr'><strong>eorum</strong></span> <span class='ocrx_word' id='word_1_249' title='bbox 1925 2988 1995 3043; x_wconf 91' lang='lat' dir='ltr'>ad</span> 
     </span>
    </p>
   </div>
   <div class='ocr_carea' id='block_1_34' title="bbox 421 3075 1990 3146">
    <p class='ocr_par' dir='ltr' id='par_1_34' title="bbox 421 3075 1990 3146">
     <span class='ocr_line' id='line_1_34' title="bbox 421 3075 1990 3146; baseline 0.002 -16"><span class='ocrx_word' id='word_1_250' title='bbox 421 3076 522 3134; x_wconf 78' lang='lat' dir='ltr'>hoc</span> <span class='ocrx_word' id='word_1_251' title='bbox 544 3090 718 3146; x_wconf 91' lang='lat' dir='ltr'><strong>usque</strong></span> <span class='ocrx_word' id='word_1_252' title='bbox 743 3082 980 3145; x_wconf 90' lang='lat' dir='ltr'><strong>tempus,</strong></span> <span class='ocrx_word' id='word_1_253' title='bbox 1017 3091 1195 3146; x_wconf 91' lang='lat' dir='ltr'><strong>neque</strong></span> <span class='ocrx_word' id='word_1_254' title='bbox 1225 3090 1424 3131; x_wconf 90' lang='lat' dir='ltr'><strong>nomen</strong></span> <span class='ocrx_word' id='word_1_255' title='bbox 1447 3076 1593 3146; x_wconf 91' lang='lat' dir='ltr'><strong>apud</strong></span> <span class='ocrx_word' id='word_1_256' title='bbox 1626 3075 1845 3133; x_wconf 61' lang='lat' dir='ltr'><strong>Judaos</strong></span> <span class='ocrx_word' id='word_1_257' title='bbox 1873 3094 1990 3135; x_wconf 87' lang='lat' dir='ltr'><strong>ser-</strong></span> 
     </span>
    </p>
   </div>
   <div class='ocr_carea' id='block_1_35' title="bbox 417 3166 1998 3241">
    <p class='ocr_par' dir='ltr' id='par_1_35' title="bbox 417 3166 1998 3241">
     <span class='ocr_line' id='line_1_35' title="bbox 417 3166 1998 3241; baseline 0.003 -21"><span class='ocrx_word' id='word_1_258' title='bbox 417 3173 595 3222; x_wconf 86' lang='lat' dir='ltr'><strong>vetur.</strong></span> <span class='ocrx_word' id='word_1_259' title='bbox 635 3166 791 3223; x_wconf 92' lang='lat' dir='ltr'><strong>Tunc</strong></span> <span class='ocrx_word' id='word_1_260' title='bbox 819 3177 933 3222; x_wconf 92' lang='lat' dir='ltr'><strong>tota</strong></span> <span class='ocrx_word' id='word_1_261' title='bbox 961 3182 1152 3223; x_wconf 91' lang='lat' dir='ltr'><strong>eorum</strong></span> <span class='ocrx_word' id='word_1_262' title='bbox 1199 3168 1350 3223; x_wconf 87' lang='lat' dir='ltr'><strong>natio</strong></span> <span class='ocrx_word' id='word_1_263' title='bbox 1394 3169 1451 3223; x_wconf 94' lang='lat' dir='ltr'>in</span> <span class='ocrx_word' id='word_1_264' title='bbox 1485 3184 1676 3225; x_wconf 89' lang='lat' dir='ltr'><strong>omnes</strong></span> <span class='ocrx_word' id='word_1_265' title='bbox 1707 3178 1894 3241; x_wconf 87' lang='lat' dir='ltr'><strong>gentes</strong></span> <span class='ocrx_word' id='word_1_266' title='bbox 1922 3171 1998 3225; x_wconf 89' lang='lat' dir='ltr'><strong>di-</strong></span> 
     </span>
    </p>
   </div>
   <div class='ocr_carea' id='block_1_36' title="bbox 420 3260 1997 3332">
    <p class='ocr_par' dir='ltr' id='par_1_36' title="bbox 420 3260 1997 3332">
     <span class='ocr_line' id='line_1_36' title="bbox 420 3260 1997 3332; baseline 0.001 -16"><span class='ocrx_word' id='word_1_267' title='bbox 420 3275 610 3331; x_wconf 87' lang='lat' dir='ltr'><strong>spersa</strong></span> <span class='ocrx_word' id='word_1_268' title='bbox 645 3260 1025 3332; x_wconf 89' lang='lat' dir='ltr'><strong>dissipataque</strong></span> <span class='ocrx_word' id='word_1_269' title='bbox 1062 3268 1166 3317; x_wconf 93' lang='lat' dir='ltr'><strong>est.</strong></span> <span class='ocrx_word' id='word_1_270' title='bbox 1200 3260 1625 3332; x_wconf 80' lang='lat' dir='ltr'><strong>insequentibus</strong></span> <span class='ocrx_word' id='word_1_271' title='bbox 1683 3278 1813 3319; x_wconf 89' lang='lat' dir='ltr'><strong>vero</strong></span> <span class='ocrx_word' id='word_1_272' title='bbox 1858 3270 1997 3319; x_wconf 87' lang='lat' dir='ltr'><strong>tem-</strong></span> 
     </span>
    </p>
   </div>
   <div class='ocr_carea' id='block_1_37' title="bbox 418 3353 1998 3427">
    <p class='ocr_par' dir='ltr' id='par_1_37' title="bbox 418 3353 1998 3427">
     <span class='ocr_line' id='line_1_37' title="bbox 418 3353 1998 3427; baseline 0.003 -22"><span class='ocrx_word' id='word_1_273' title='bbox 418 3353 645 3423; x_wconf 89' lang='lat' dir='ltr'><strong>poribus</strong></span> <span class='ocrx_word' id='word_1_274' title='bbox 669 3361 938 3424; x_wconf 91' lang='lat' dir='ltr'><strong>quotquot</strong></span> <span class='ocrx_word' id='word_1_275' title='bbox 970 3353 1277 3410; x_wconf 90' lang='lat' dir='ltr'><strong>Ecclesiam</strong></span> <span class='ocrx_word' id='word_1_276' title='bbox 1323 3355 1444 3425; x_wconf 86' lang='lat' dir='ltr'><strong>ejus</strong></span> <span class='ocrx_word' id='word_1_277' title='bbox 1482 3363 1888 3427; x_wconf 83' lang='lat' dir='ltr'><strong>oppugnarunt,</strong></span> <span class='ocrx_word' id='word_1_278' title='bbox 1923 3356 1998 3411; x_wconf 82' lang='lat' dir='ltr'><strong>si-</strong></span> 
     </span>
    </p>
   </div>
   <div class='ocr_carea' id='block_1_38' title="bbox 418 3443 1999 3516">
    <p class='ocr_par' dir='ltr' id='par_1_38' title="bbox 418 3443 1999 3516">
     <span class='ocr_line' id='line_1_38' title="bbox 418 3443 1999 3516; baseline 0.003 -20"><span class='ocrx_word' id='word_1_279' title='bbox 418 3443 622 3499; x_wconf 90' lang='lat' dir='ltr'><strong>militer</strong></span> <span class='ocrx_word' id='word_1_280' title='bbox 643 3452 697 3500; x_wconf 92' lang='lat' dir='ltr'>et</span> <span class='ocrx_word' id='word_1_281' title='bbox 730 3444 833 3516; x_wconf 90' lang='lat' dir='ltr'><strong>ipsi</strong></span> <span class='ocrx_word' id='word_1_282' title='bbox 865 3444 1183 3501; x_wconf 82' lang='lat' dir='ltr'><strong>defecerunt</strong></span> <span class='ocrx_word' id='word_1_283' title='bbox 1206 3445 1348 3501; x_wconf 88' lang='lat' dir='ltr'><strong>sicut</strong></span> <span class='ocrx_word' id='word_1_284' title='bbox 1372 3445 1554 3501; x_wconf 79' lang='lat' dir='ltr'><strong>deﬁcit</strong></span> <span class='ocrx_word' id='word_1_285' title='bbox 1576 3446 1778 3511; x_wconf 82' lang='lat' dir='ltr'><strong>fumus,</strong></span> <span class='ocrx_word' id='word_1_286' title='bbox 1806 3454 1861 3501; x_wconf 90' lang='lat' dir='ltr'>et</span> <span class='ocrx_word' id='word_1_287' title='bbox 1894 3447 1999 3501; x_wconf 91' lang='lat' dir='ltr'><strong>sic-</strong></span> 
     </span>
    </p>
   </div>
   <div class='ocr_carea' id='block_1_39' title="bbox 417 3524 1995 3609">
    <p class='ocr_par' dir='ltr' id='par_1_39' title="bbox 417 3524 1995 3609">
     <span class='ocr_line' id='line_1_39' title="bbox 417 3524 1995 3609; baseline 0.005 -22"><span class='ocrx_word' id='word_1_288' title='bbox 417 3544 479 3588; x_wconf 87' lang='lat' dir='ltr'>ut</span> <span class='ocrx_word' id='word_1_289' title='bbox 511 3534 628 3590; x_wconf 83' lang='lat' dir='ltr'><strong>ﬂuit</strong></span> <span class='ocrx_word' id='word_1_290' title='bbox 659 3551 785 3590; x_wconf 91' lang='lat' dir='ltr'><strong>cera</strong></span> <span class='ocrx_word' id='word_1_291' title='bbox 828 3552 858 3591; x_wconf 90' lang='lat' dir='ltr'>a</span> <span class='ocrx_word' id='word_1_292' title='bbox 913 3534 1053 3593; x_wconf 81' lang='lat' dir='ltr'><strong>facie</strong></span> <span class='ocrx_word' id='word_1_293' title='bbox 1086 3537 1248 3608; x_wconf 89' lang='lat' dir='ltr'><strong>ignis.</strong></span> <span class='ocrx_word' id='word_1_294' title='bbox 1286 3537 1500 3592; x_wconf 87' lang='lat' dir='ltr'><strong>Inimici</strong></span> <span class='ocrx_word' id='word_1_295' title='bbox 1539 3553 1672 3609; x_wconf 88' lang='lat' dir='ltr'><strong>ergo</strong></span> <span class='ocrx_word' id='word_1_296' title='bbox 1702 3524 1909 3594; x_wconf 76' lang='lat' dir='ltr'><strong>ChriSti</strong></span> <span class='ocrx_word' id='word_1_297' title='bbox 1941 3547 1995 3595; x_wconf 89' lang='lat' dir='ltr'>et</span> 
     </span>
    </p>
   </div>
   <div class='ocr_carea' id='block_1_40' title="bbox 417 3626 1996 3698">
    <p class='ocr_par' dir='ltr' id='par_1_40' title="bbox 417 3626 1996 3698">
     <span class='ocr_line' id='line_1_40' title="bbox 417 3626 1996 3698; baseline 0.001 -18"><span class='ocrx_word' id='word_1_298' title='bbox 417 3626 512 3698; x_wconf 91' lang='lat' dir='ltr'>qui</span> <span class='ocrx_word' id='word_1_299' title='bbox 548 3626 783 3682; x_wconf 90' lang='lat' dir='ltr'><strong>oderunt</strong></span> <span class='ocrx_word' id='word_1_300' title='bbox 807 3643 932 3682; x_wconf 91' lang='lat' dir='ltr'>eum</span> <span class='ocrx_word' id='word_1_301' title='bbox 960 3628 1089 3683; x_wconf 88' lang='lat' dir='ltr'><strong>talia</strong></span> <span class='ocrx_word' id='word_1_302' title='bbox 1118 3627 1267 3698; x_wconf 89' lang='lat' dir='ltr'><strong>passi</strong></span> <span class='ocrx_word' id='word_1_303' title='bbox 1316 3635 1480 3695; x_wconf 89' lang='lat' dir='ltr'><strong>sunt;</strong></span> <span class='ocrx_word' id='word_1_304' title='bbox 1536 3628 1879 3697; x_wconf 84' lang='lat' dir='ltr'><strong>maximeque</strong></span> <span class='ocrx_word' id='word_1_305' title='bbox 1909 3628 1996 3682; x_wconf 92' lang='lat' dir='ltr'><strong>in-</strong></span> 
     </span>
    </p>
   </div>
   <div class='ocr_carea' id='block_1_41' title="bbox 416 3718 1993 3789">
    <p class='ocr_par' dir='ltr' id='par_1_41' title="bbox 416 3718 1993 3789">
     <span class='ocr_line' id='line_1_41' title="bbox 416 3718 1993 3789; baseline 0.001 -16"><span class='ocrx_word' id='word_1_306' title='bbox 416 3719 661 3775; x_wconf 82' lang='lat' dir='ltr'><strong>visibiles</strong></span> <span class='ocrx_word' id='word_1_307' title='bbox 693 3726 747 3773; x_wconf 91' lang='lat' dir='ltr'>et</span> <span class='ocrx_word' id='word_1_308' title='bbox 773 3718 975 3773; x_wconf 87' lang='lat' dir='ltr'><strong>occulti</strong></span> <span class='ocrx_word' id='word_1_309' title='bbox 1012 3718 1242 3782; x_wconf 92' lang='lat' dir='ltr'><strong>inimici,</strong></span> <span class='ocrx_word' id='word_1_310' title='bbox 1291 3718 1516 3789; x_wconf 89' lang='lat' dir='ltr'><strong>maligni</strong></span> <span class='ocrx_word' id='word_1_311' title='bbox 1547 3734 1742 3789; x_wconf 88' lang='lat' dir='ltr'><strong>nempe</strong></span> <span class='ocrx_word' id='word_1_312' title='bbox 1791 3719 1993 3774; x_wconf 77' lang='lat' dir='ltr'><strong>daemo-</strong></span> 
     </span>
    </p>
   </div>
   <div class='ocr_carea' id='block_1_42' title="bbox 416 3810 1995 3882">
    <p class='ocr_par' dir='ltr' id='par_1_42' title="bbox 416 3810 1995 3882">
     <span class='ocr_line' id='line_1_42' title="bbox 416 3810 1995 3882; baseline 0.001 -18"><span class='ocrx_word' id='word_1_313' title='bbox 416 3825 516 3865; x_wconf 90' lang='lat' dir='ltr'>nes</span> <span class='ocrx_word' id='word_1_314' title='bbox 539 3818 593 3865; x_wconf 88' lang='lat' dir='ltr'>et</span> <span class='ocrx_word' id='word_1_315' title='bbox 619 3810 847 3882; x_wconf 86' lang='lat' dir='ltr'><strong>spiritus</strong></span> <span class='ocrx_word' id='word_1_316' title='bbox 874 3826 1132 3881; x_wconf 88' lang='lat' dir='ltr'><strong>nequam,</strong></span> <span class='ocrx_word' id='word_1_317' title='bbox 1162 3810 1257 3880; x_wconf 91' lang='lat' dir='ltr'>qui</span> <span class='ocrx_word' id='word_1_318' title='bbox 1288 3810 1418 3865; x_wconf 92' lang='lat' dir='ltr'><strong>olim</strong></span> <span class='ocrx_word' id='word_1_319' title='bbox 1461 3810 1761 3864; x_wconf 88' lang='lat' dir='ltr'><strong>multorum</strong></span> <span class='ocrx_word' id='word_1_320' title='bbox 1810 3812 1995 3866; x_wconf 91' lang='lat' dir='ltr'><strong>numi-</strong></span> 
     </span>
    </p>
   </div>
   <div class='ocr_carea' id='block_1_43' title="bbox 416 3901 1995 3973">
    <p class='ocr_par' dir='ltr' id='par_1_43' title="bbox 416 3901 1995 3973">
     <span class='ocr_line' id='line_1_43' title="bbox 416 3901 1995 3973; baseline 0.001 -16"><span class='ocrx_word' id='word_1_321' title='bbox 416 3918 549 3957; x_wconf 90' lang='lat' dir='ltr'>num</span> <span class='ocrx_word' id='word_1_322' title='bbox 582 3903 790 3958; x_wconf 89' lang='lat' dir='ltr'><strong>erroris</strong></span> <span class='ocrx_word' id='word_1_323' title='bbox 813 3912 1070 3957; x_wconf 86' lang='lat' dir='ltr'><strong>auctores</strong></span> <span class='ocrx_word' id='word_1_324' title='bbox 1103 3909 1262 3957; x_wconf 90' lang='lat' dir='ltr'><strong>erant</strong></span> <span class='ocrx_word' id='word_1_325' title='bbox 1296 3920 1308 3956; x_wconf 89' lang='lat'><strong>:</strong></span> <span class='ocrx_word' id='word_1_326' title='bbox 1342 3901 1436 3972; x_wconf 91' lang='lat' dir='ltr'>qui</span> <span class='ocrx_word' id='word_1_327' title='bbox 1470 3911 1594 3973; x_wconf 89' lang='lat' dir='ltr'><strong>post</strong></span> <span class='ocrx_word' id='word_1_328' title='bbox 1629 3903 1995 3958; x_wconf 87' lang='lat' dir='ltr'><strong>resurrectio-</strong></span> 
     </span>
    </p>
   </div>
   <div class='ocr_carea' id='block_1_44' title="bbox 416 3994 1996 4066">
    <p class='ocr_par' dir='ltr' id='par_1_44' title="bbox 416 3994 1996 4066">
     <span class='ocr_line' id='line_1_44' title="bbox 416 3994 1996 4066; baseline 0.003 -19"><span class='ocrx_word' id='word_1_329' title='bbox 416 4008 541 4047; x_wconf 87' lang='lat' dir='ltr'>nem</span> <span class='ocrx_word' id='word_1_330' title='bbox 577 4008 645 4048; x_wconf 81' lang='lat' dir='ltr'>ex</span> <span class='ocrx_word' id='word_1_331' title='bbox 691 3994 924 4049; x_wconf 86' lang='lat' dir='ltr'><strong>mortuis</strong></span> <span class='ocrx_word' id='word_1_332' title='bbox 956 3995 1204 4064; x_wconf 89' lang='lat' dir='ltr'><strong>penitus&#39;</strong></span> <span class='ocrx_word' id='word_1_333' title='bbox 1229 3995 1484 4064; x_wconf 87' lang='lat' dir='ltr'><strong>dissipati</strong></span> <span class='ocrx_word' id='word_1_334' title='bbox 1533 4002 1684 4050; x_wconf 89' lang='lat' dir='ltr'><strong>sunt.</strong></span> <span class='ocrx_word' id='word_1_335' title='bbox 1719 3994 1996 4066; x_wconf 88' lang='lat' dir='ltr'><strong>lidemque</strong></span> 
     </span>
    </p>
   </div>
   <div class='ocr_carea' id='block_1_45' title="bbox 416 4084 1995 4156">
    <p class='ocr_par' dir='ltr' id='par_1_45' title="bbox 416 4084 1995 4156">
     <span class='ocr_line' id='line_1_45' title="bbox 416 4084 1995 4156; baseline 0.003 -19"><span class='ocrx_word' id='word_1_336' title='bbox 416 4084 521 4153; x_wconf 85' lang='lat' dir='ltr'><strong>ipsi</strong></span> <span class='ocrx_word' id='word_1_337' title='bbox 545 4084 915 4154; x_wconf 87' lang='lat' dir='ltr'><strong>liquescentes</strong></span> <span class='ocrx_word' id='word_1_338' title='bbox 943 4088 1089 4141; x_wconf 91' lang='lat' dir='ltr'><strong>sicut</strong></span> <span class='ocrx_word' id='word_1_339' title='bbox 1116 4100 1242 4141; x_wconf 87' lang='lat' dir='ltr'><strong>cera</strong></span> <span class='ocrx_word' id='word_1_340' title='bbox 1262 4100 1290 4141; x_wconf 87' lang='lat' dir='ltr'>a</span> <span class='ocrx_word' id='word_1_341' title='bbox 1313 4085 1452 4142; x_wconf 85' lang='lat' dir='ltr'><strong>facie</strong></span> <span class='ocrx_word' id='word_1_342' title='bbox 1481 4086 1648 4156; x_wconf 91' lang='lat' dir='ltr'><strong>ignis,</strong></span> <span class='ocrx_word' id='word_1_343' title='bbox 1682 4087 1995 4142; x_wconf 89' lang='lat' dir='ltr'><strong>clamabant</strong></span> 
     </span>
    </p>
   </div>
   <div class='ocr_carea' id='block_1_46' title="bbox 415 4177 1993 4250">
    <p class='ocr_par' dir='ltr' id='par_1_46' title="bbox 415 4177 1993 4250">
     <span class='ocr_line' id='line_1_46' title="bbox 415 4177 1993 4250; baseline 0.003 -18"><span class='ocrx_word' id='word_1_344' title='bbox 415 4178 662 4232; x_wconf 84' lang='lat' dir='ltr'><strong>dicentes</strong></span> <span class='ocrx_word' id='word_1_345' title='bbox 704 4197 717 4232; x_wconf 91' lang='lat'><strong>:</strong></span> <span class='ocrx_word' id='word_1_346' title='bbox 776 4197 794 4228; x_wconf 79' lang='grc' dir='ltr'>ι</span> <span class='ocrx_word' id='word_1_347' title='bbox 828 4177 980 4243; x_wconf 89' lang='lat' dir='ltr'><strong>Sine,</strong></span> <span class='ocrx_word' id='word_1_348' title='bbox 1009 4179 1141 4250; x_wconf 93' lang='lat' dir='ltr'><strong>quid</strong></span> <span class='ocrx_word' id='word_1_349' title='bbox 1179 4180 1338 4235; x_wconf 90' lang='lat' dir='ltr'><strong>nobis</strong></span> <span class='ocrx_word' id='word_1_350' title='bbox 1371 4187 1427 4236; x_wconf 92' lang='lat' dir='ltr'>et</span> <span class='ocrx_word' id='word_1_351' title='bbox 1454 4180 1575 4244; x_wconf 88' lang='lat' dir='ltr'><strong>tibi,</strong></span> <span class='ocrx_word' id='word_1_352' title='bbox 1600 4179 1703 4234; x_wconf 90' lang='lat' dir='ltr'><strong>Fili</strong></span> <span class='ocrx_word' id='word_1_353' title='bbox 1738 4179 1870 4235; x_wconf 87' lang='lat' dir='ltr'><strong>Dei?</strong></span> <span class='ocrx_word' id='word_1_354' title='bbox 1899 4197 1993 4237; x_wconf 89' lang='lat' dir='ltr'><strong>ve-</strong></span> 
     </span>
    </p>
   </div>
   <div class='ocr_carea' id='block_1_47' title="bbox 414 4267 1995 4343">
    <p class='ocr_par' dir='ltr' id='par_1_47' title="bbox 414 4267 1995 4343">
     <span class='ocr_line' id='line_1_47' title="bbox 414 4267 1995 4343; baseline 0.002 -21"><span class='ocrx_word' id='word_1_355' title='bbox 414 4267 549 4323; x_wconf 89' lang='lat' dir='ltr'><strong>nisti</strong></span> <span class='ocrx_word' id='word_1_356' title='bbox 575 4277 699 4323; x_wconf 89' lang='lat' dir='ltr'><strong>ante</strong></span> <span class='ocrx_word' id='word_1_357' title='bbox 726 4276 942 4339; x_wconf 89' lang='lat' dir='ltr'><strong>tempus</strong></span> <span class='ocrx_word' id='word_1_358' title='bbox 970 4278 1229 4341; x_wconf 88' lang='lat' dir='ltr'><strong>torquere</strong></span> <span class='ocrx_word' id='word_1_359' title='bbox 1259 4286 1362 4327; x_wconf 90' lang='lat' dir='ltr'>nos</span> <span class='ocrx_word' id='word_1_360' title='bbox 1378 4273 1420 4329; x_wconf 81' lang='grc'>⁸.</span> <span class='ocrx_word' id='word_1_361' title='bbox 1455 4290 1474 4324; x_wconf 84' lang='grc'><strong>›</strong></span> <span class='ocrx_word' id='word_1_362' title='bbox 1508 4269 1645 4324; x_wconf 89' lang='lat' dir='ltr'><strong>Nam</strong></span> <span class='ocrx_word' id='word_1_363' title='bbox 1669 4272 1889 4327; x_wconf 87' lang='lat' dir='ltr'><strong>deitatis</strong></span> <span class='ocrx_word' id='word_1_364' title='bbox 1913 4272 1995 4343; x_wconf 89' lang='lat' dir='ltr'><strong>ip-</strong></span> 
     </span>
    </p>
   </div>
   <div class='ocr_carea' id='block_1_48' title="bbox 415 4361 1994 4428">
    <p class='ocr_par' dir='ltr' id='par_1_48' title="bbox 415 4361 1994 4428">
     <span class='ocr_line' id='line_1_48' title="bbox 415 4361 1994 4428; baseline 0.002 -12"><span class='ocrx_word' id='word_1_365' title='bbox 415 4361 534 4416; x_wconf 88' lang='lat' dir='ltr'><strong>sius</strong></span> <span class='ocrx_word' id='word_1_366' title='bbox 576 4361 881 4417; x_wconf 86' lang='lat' dir='ltr'><strong>invisibiles</strong></span> <span class='ocrx_word' id='word_1_367' title='bbox 911 4371 967 4417; x_wconf 91' lang='lat' dir='ltr'>et</span> <span class='ocrx_word' id='word_1_368' title='bbox 1000 4364 1203 4417; x_wconf 85' lang='lat' dir='ltr'><strong>occulti</strong></span> <span class='ocrx_word' id='word_1_369' title='bbox 1235 4362 1397 4428; x_wconf 91' lang='lat' dir='ltr'><strong>radii,</strong></span> <span class='ocrx_word' id='word_1_370' title='bbox 1437 4372 1712 4418; x_wconf 88' lang='lat' dir='ltr'><strong>tormenta</strong></span> <span class='ocrx_word' id='word_1_371' title='bbox 1743 4364 1994 4419; x_wconf 85' lang='lat' dir='ltr'><strong>dolores-</strong></span> 
     </span>
    </p>
   </div>
   <div class='ocr_carea' id='block_1_49' title="bbox 2115 506 3703 581">
    <p class='ocr_par' dir='ltr' id='par_1_49' title="bbox 2115 506 3703 581">
     <span class='ocr_line' id='line_1_49' title="bbox 2115 506 3703 581; baseline 0.003 -22"><span class='ocrx_word' id='word_1_372' title='bbox 2115 524 2233 575; x_wconf 91' lang='grc' dir='ltr'>γου.</span> <span class='ocrx_word' id='word_1_373' title='bbox 2257 506 2329 559; x_wconf 83' lang='grc' dir='ltr'>’Ἡ</span> <span class='ocrx_word' id='word_1_374' title='bbox 2356 508 2455 579; x_wconf 85' lang='grc' dir='ltr'>τῆς</span> <span class='ocrx_word' id='word_1_375' title='bbox 2483 507 2650 577; x_wconf 83' lang='grc' dir='ltr'>εὐχῆς</span> <span class='ocrx_word' id='word_1_376' title='bbox 2685 508 2813 577; x_wconf 74' lang='grc' dir='ltr'>περὶ</span> <span class='ocrx_word' id='word_1_377' title='bbox 2843 507 2942 579; x_wconf 86' lang='grc' dir='ltr'>μὲν</span> <span class='ocrx_word' id='word_1_378' title='bbox 2967 506 3062 560; x_wconf 92' lang='grc' dir='ltr'>τοῦ</span> <span class='ocrx_word' id='word_1_379' title='bbox 3089 508 3324 578; x_wconf 80' lang='grc' dir='ltr'>Χριστοῦ</span> <span class='ocrx_word' id='word_1_380' title='bbox 3349 509 3610 581; x_wconf 78' lang='grc' dir='ltr'>λεγούσης</span> <span class='ocrx_word' id='word_1_381' title='bbox 3622 510 3703 574; x_wconf 85' lang='grc' dir='ltr'>τὸ,</span> 
     </span>
    </p>
   </div>
   <div class='ocr_carea' id='block_1_50' title="bbox 2120 598 3707 671">
    <p class='ocr_par' dir='ltr' id='par_1_50' title="bbox 2120 598 3707 671">
     <span class='ocr_line' id='line_1_50' title="bbox 2120 598 3707 671; baseline 0 -19"><span class='ocrx_word' id='word_1_382' title='bbox 2120 618 2139 652; x_wconf 74' lang='grc' dir='ltr'>ί</span> <span class='ocrx_word' id='word_1_383' title='bbox 2164 600 2470 670; x_wconf 83' lang='grc' dir='ltr'>Ἀναστήτω</span> <span class='ocrx_word' id='word_1_384' title='bbox 2489 639 2503 663; x_wconf 92' lang='grc'>,</span> <span class='ocrx_word' id='word_1_385' title='bbox 2528 618 2545 649; x_wconf 71' lang='grc' dir='ltr'>ι</span> <span class='ocrx_word' id='word_1_386' title='bbox 2568 599 2701 670; x_wconf 88' lang='grc' dir='ltr'>πρὸς</span> <span class='ocrx_word' id='word_1_387' title='bbox 2712 598 2769 652; x_wconf 86' lang='grc' dir='ltr'>δὲ</span> <span class='ocrx_word' id='word_1_388' title='bbox 2786 599 2876 651; x_wconf 85' lang='grc' dir='ltr'>τὸν</span> <span class='ocrx_word' id='word_1_389' title='bbox 2893 598 3026 651; x_wconf 84' lang='grc' dir='ltr'>Θεὸν</span> <span class='ocrx_word' id='word_1_390' title='bbox 3042 598 3148 651; x_wconf 88' lang='grc' dir='ltr'>τῶν</span> <span class='ocrx_word' id='word_1_391' title='bbox 3165 598 3300 652; x_wconf 85' lang='grc' dir='ltr'>ὅλων</span> <span class='ocrx_word' id='word_1_392' title='bbox 3313 600 3486 652; x_wconf 85' lang='grc' dir='ltr'>ἀναπε</span> <span class='ocrx_word' id='word_1_393' title='bbox 3495 599 3707 671; x_wconf 84' lang='grc' dir='ltr'>μπομέ-</span> 
     </span>
    </p>
   </div>
   <div class='ocr_carea' id='block_1_51' title="bbox 2115 684 3705 765">
    <p class='ocr_par' dir='ltr' id='par_1_51' title="bbox 2115 684 3705 765">
     <span class='ocr_line' id='line_1_51' title="bbox 2115 684 3705 765; baseline -0.009 -8"><span class='ocrx_word' id='word_1_394' title='bbox 2115 709 2232 762; x_wconf 85' lang='grc' dir='ltr'>νης·</span> <span class='ocrx_word' id='word_1_395' title='bbox 2254 686 2362 765; x_wconf 81' lang='grc' dir='ltr'>ἵν’ᾗ</span> <span class='ocrx_word' id='word_1_396' title='bbox 2376 692 2457 756; x_wconf 91' lang='grc' dir='ltr'>τὸ,</span> <span class='ocrx_word' id='word_1_397' title='bbox 2475 711 2493 741; x_wconf 75' lang='grc' dir='ltr'>ι</span> <span class='ocrx_word' id='word_1_398' title='bbox 2514 692 2541 743; x_wconf 90' lang='grc' dir='ltr'>ό</span> <span class='ocrx_word' id='word_1_399' title='bbox 2559 691 2711 755; x_wconf 85' lang='grc' dir='ltr'>Θεὸς,</span> <span class='ocrx_word' id='word_1_400' title='bbox 2727 710 2744 741; x_wconf 71' lang='grc' dir='ltr'>ι</span> <span class='ocrx_word' id='word_1_401' title='bbox 2765 690 3009 755; x_wconf 77' lang='grc' dir='ltr'>ἀντὶτοῦ,</span> <span class='ocrx_word' id='word_1_402' title='bbox 3032 684 3209 753; x_wconf 81' lang='grc' dir='ltr'>ὦΘεέ,</span> <span class='ocrx_word' id='word_1_403' title='bbox 3228 692 3552 762; x_wconf 80' lang='grc' dir='ltr'>ἀναστήτωό</span> <span class='ocrx_word' id='word_1_404' title='bbox 3568 694 3705 763; x_wconf 85' lang='grc' dir='ltr'>Χρι-</span> 
     </span>
    </p>
   </div>
   <div class='ocr_carea' id='block_1_52' title="bbox 2118 783 3706 855">
    <p class='ocr_par' dir='ltr' id='par_1_52' title="bbox 2118 783 3706 855">
     <span class='ocr_line' id='line_1_52' title="bbox 2118 783 3706 855; baseline 0.001 -19"><span class='ocrx_word' id='word_1_405' title='bbox 2118 784 2240 847; x_wconf 88' lang='grc' dir='ltr'>στός</span> <span class='ocrx_word' id='word_1_406' title='bbox 2252 801 2367 848; x_wconf 92' lang='grc' dir='ltr'>σου,</span> <span class='ocrx_word' id='word_1_407' title='bbox 2381 784 2475 838; x_wconf 73' lang='grc' dir='ltr'>καὶ</span> <span class='ocrx_word' id='word_1_408' title='bbox 2490 783 3066 854; x_wconf 89' lang='grc' dir='ltr'>διασκορπισθήτωσαν</span> <span class='ocrx_word' id='word_1_409' title='bbox 3095 784 3143 835; x_wconf 86' lang='grc' dir='ltr'>οἱ</span> <span class='ocrx_word' id='word_1_410' title='bbox 3162 783 3344 855; x_wconf 69' lang='grc' dir='ltr'>ἐχθροὶ</span> <span class='ocrx_word' id='word_1_411' title='bbox 3360 783 3548 836; x_wconf 83' lang='grc' dir='ltr'>αὐτοῦ.</span> <span class='ocrx_word' id='word_1_412' title='bbox 3575 785 3706 837; x_wconf 74' lang='grc' dir='ltr'>Συνο</span> 
     </span>
    </p>
   </div>
   <div class='ocr_carea' id='block_1_53' title="bbox 2113 875 3704 949">
    <p class='ocr_par' dir='ltr' id='par_1_53' title="bbox 2113 875 3704 949">
     <span class='ocr_line' id='line_1_53' title="bbox 2113 875 3704 949; baseline 0 -19"><span class='ocrx_word' id='word_1_413' title='bbox 2113 877 2356 949; x_wconf 84' lang='grc' dir='ltr'>ήχθησαν</span> <span class='ocrx_word' id='word_1_414' title='bbox 2396 878 2492 947; x_wconf 82' lang='grc' dir='ltr'>μὲν</span> <span class='ocrx_word' id='word_1_415' title='bbox 2508 876 2616 948; x_wconf 88' lang='grc' dir='ltr'>γάρ</span> <span class='ocrx_word' id='word_1_416' title='bbox 2647 879 2693 929; x_wconf 85' lang='grc' dir='ltr'>οί</span> <span class='ocrx_word' id='word_1_417' title='bbox 2716 875 2901 946; x_wconf 75' lang='grc' dir='ltr'>ἐχθροὶ</span> <span class='ocrx_word' id='word_1_418' title='bbox 2917 875 3081 929; x_wconf 79' lang='grc' dir='ltr'>αὐτοῦ</span> <span class='ocrx_word' id='word_1_419' title='bbox 3112 876 3251 929; x_wconf 85' lang='grc' dir='ltr'>κατὰ</span> <span class='ocrx_word' id='word_1_420' title='bbox 3265 877 3353 929; x_wconf 80' lang='grc' dir='ltr'>τὸν</span> <span class='ocrx_word' id='word_1_421' title='bbox 3371 876 3464 929; x_wconf 90' lang='grc' dir='ltr'>τοῦ</span> <span class='ocrx_word' id='word_1_422' title='bbox 3500 876 3704 941; x_wconf 83' lang='grc' dir='ltr'>πάθους</span> 
     </span>
    </p>
   </div>
   <div class='ocr_carea' id='block_1_54' title="bbox 2113 962 3704 1035">
    <p class='ocr_par' dir='ltr' id='par_1_54' title="bbox 2113 962 3704 1035">
     <span class='ocr_line' id='line_1_54' title="bbox 2113 962 3704 1035; baseline 0.003 -21"><span class='ocrx_word' id='word_1_423' title='bbox 2113 962 2279 1015; x_wconf 86' lang='grc' dir='ltr'>αὐτοῦ</span> <span class='ocrx_word' id='word_1_424' title='bbox 2299 963 2508 1033; x_wconf 82' lang='grc' dir='ltr'>καιρὸν,</span> <span class='ocrx_word' id='word_1_425' title='bbox 2540 963 2777 1035; x_wconf 82' lang='grc' dir='ltr'>ὁπηνίκα</span> <span class='ocrx_word' id='word_1_426' title='bbox 2795 983 2812 1014; x_wconf 73' lang='grc' dir='ltr'>ι</span> <span class='ocrx_word' id='word_1_427' title='bbox 2842 962 3118 1033; x_wconf 76' lang='grc' dir='ltr'>ἐφρύαξαν</span> <span class='ocrx_word' id='word_1_428' title='bbox 3152 964 3300 1035; x_wconf 81' lang='grc' dir='ltr'>ἔθνη,</span> <span class='ocrx_word' id='word_1_429' title='bbox 3319 965 3413 1017; x_wconf 78' lang='grc' dir='ltr'>καὶ</span> <span class='ocrx_word' id='word_1_430' title='bbox 3441 964 3559 1017; x_wconf 72' lang='grc' dir='ltr'>λαοὶ</span> <span class='ocrx_word' id='word_1_431' title='bbox 3578 967 3704 1035; x_wconf 83' lang='grc' dir='ltr'>ἐμε-</span> 
     </span>
    </p>
   </div>
   <div class='ocr_carea' id='block_1_55' title="bbox 2112 1050 3703 1126">
    <p class='ocr_par' dir='ltr' id='par_1_55' title="bbox 2112 1050 3703 1126">
     <span class='ocr_line' id='line_1_55' title="bbox 2112 1050 3703 1126; baseline 0.004 -23"><span class='ocrx_word' id='word_1_432' title='bbox 2112 1050 2346 1122; x_wconf 82' lang='grc' dir='ltr'>λέτησαν</span> <span class='ocrx_word' id='word_1_433' title='bbox 2372 1052 2523 1105; x_wconf 89' lang='grc' dir='ltr'>κενά.</span> <span class='ocrx_word' id='word_1_434' title='bbox 2544 1052 2900 1122; x_wconf 87' lang='grc' dir='ltr'>Παρέστησαν</span> <span class='ocrx_word' id='word_1_435' title='bbox 2916 1056 2963 1105; x_wconf 78' lang='grc' dir='ltr'>οἱ</span> <span class='ocrx_word' id='word_1_436' title='bbox 2994 1052 3230 1123; x_wconf 83' lang='grc' dir='ltr'>βασιλεῖς</span> <span class='ocrx_word' id='word_1_437' title='bbox 3255 1056 3349 1108; x_wconf 90' lang='lat' dir='ltr'>ml</span> <span class='ocrx_word' id='word_1_438' title='bbox 3366 1058 3415 1108; x_wconf 83' lang='grc' dir='ltr'>οἱ</span> <span class='ocrx_word' id='word_1_439' title='bbox 3443 1057 3703 1126; x_wconf 81' lang='grc' dir='ltr'>ἄρχοντες</span> 
     </span>
    </p>
   </div>
   <div class='ocr_carea' id='block_1_56' title="bbox 2116 1142 3701 1218">
    <p class='ocr_par' dir='ltr' id='par_1_56' title="bbox 2116 1142 3701 1218">
     <span class='ocr_line' id='line_1_56' title="bbox 2116 1142 3701 1218; baseline 0.004 -23"><span class='ocrx_word' id='word_1_440' title='bbox 2116 1142 2458 1214; x_wconf 82' lang='grc' dir='ltr'>συνήχθησαν</span> <span class='ocrx_word' id='word_1_441' title='bbox 2474 1144 2565 1197; x_wconf 74' lang='grc' dir='ltr'>ἐπὶ</span> <span class='ocrx_word' id='word_1_442' title='bbox 2584 1144 2646 1197; x_wconf 88' lang='grc' dir='ltr'>τὸ</span> <span class='ocrx_word' id='word_1_443' title='bbox 2672 1145 2802 1197; x_wconf 81' lang='grc' dir='ltr'>αὐτὸ</span> <span class='ocrx_word' id='word_1_444' title='bbox 2821 1145 2963 1199; x_wconf 88' lang='grc' dir='ltr'>κατά</span> <span class='ocrx_word' id='word_1_445' title='bbox 2991 1145 3084 1199; x_wconf 91' lang='grc' dir='ltr'>τοῦ</span> <span class='ocrx_word' id='word_1_446' title='bbox 3104 1147 3309 1218; x_wconf 84' lang='grc' dir='ltr'>Κυρίου</span> <span class='ocrx_word' id='word_1_447' title='bbox 3336 1152 3430 1200; x_wconf 88' lang='lat' dir='ltr'>ml</span> <span class='ocrx_word' id='word_1_448' title='bbox 3444 1147 3583 1201; x_wconf 88' lang='grc' dir='ltr'>κατά</span> <span class='ocrx_word' id='word_1_449' title='bbox 3606 1148 3701 1201; x_wconf 86' lang='grc' dir='ltr'>τοῦ</span> 
     </span>
    </p>
   </div>
   <div class='ocr_carea' id='block_1_57' title="bbox 2114 1235 3702 1311">
    <p class='ocr_par' dir='ltr' id='par_1_57' title="bbox 2114 1235 3702 1311">
     <span class='ocr_line' id='line_1_57' title="bbox 2114 1235 3702 1311; baseline 0.004 -24"><span class='ocrx_word' id='word_1_450' title='bbox 2114 1235 2351 1306; x_wconf 81' lang='grc' dir='ltr'>Χριστοῦ</span> <span class='ocrx_word' id='word_1_451' title='bbox 2368 1236 2552 1290; x_wconf 87' lang='grc' dir='ltr'>αὐτοῦ.</span> <span class='ocrx_word' id='word_1_452' title='bbox 2570 1255 2587 1287; x_wconf 72' lang='grc' dir='ltr'>ι</span> <span class='ocrx_word' id='word_1_453' title='bbox 2610 1236 2833 1290; x_wconf 87' lang='grc' dir='ltr'>Πάντων</span> <span class='ocrx_word' id='word_1_454' title='bbox 2851 1239 2907 1291; x_wconf 81' lang='grc' dir='ltr'>δὲ</span> <span class='ocrx_word' id='word_1_455' title='bbox 2921 1238 3126 1292; x_wconf 88' lang='grc' dir='ltr'>τούτων</span> <span class='ocrx_word' id='word_1_456' title='bbox 3142 1239 3570 1310; x_wconf 89' lang='grc' dir='ltr'>διασκορπισμὸν</span> <span class='ocrx_word' id='word_1_457' title='bbox 3586 1242 3617 1311; x_wconf 83' lang='grc' dir='ltr'>ἡ</span> <span class='ocrx_word' id='word_1_458' title='bbox 3635 1242 3702 1293; x_wconf 83' lang='grc' dir='ltr'>ἐκ</span> 
     </span>
    </p>
   </div>
   <div class='ocr_carea' id='block_1_58' title="bbox 2113 1328 3702 1403">
    <p class='ocr_par' dir='ltr' id='par_1_58' title="bbox 2113 1328 3702 1403">
     <span class='ocr_line' id='line_1_58' title="bbox 2113 1328 3702 1403; baseline 0.004 -22"><span class='ocrx_word' id='word_1_459' title='bbox 2113 1328 2321 1401; x_wconf 87' lang='grc' dir='ltr'>νεκρῶν</span> <span class='ocrx_word' id='word_1_460' title='bbox 2339 1329 2632 1392; x_wconf 87' lang='grc' dir='ltr'>ἀνάστασις</span> <span class='ocrx_word' id='word_1_461' title='bbox 2647 1329 2737 1382; x_wconf 88' lang='grc' dir='ltr'>τοῦ</span> <span class='ocrx_word' id='word_1_462' title='bbox 2752 1329 2989 1401; x_wconf 87' lang='grc' dir='ltr'>Χριστοῦ</span> <span class='ocrx_word' id='word_1_463' title='bbox 3016 1332 3436 1403; x_wconf 65' lang='grc' dir='ltr'>κατειργάσατω</span> <span class='ocrx_word' id='word_1_464' title='bbox 3454 1332 3702 1398; x_wconf 82' lang='grc' dir='ltr'>ἐξέλιπόν</span> 
     </span>
    </p>
   </div>
   <div class='ocr_carea' id='block_1_59' title="bbox 2111 1421 3703 1497">
    <p class='ocr_par' dir='ltr' id='par_1_59' title="bbox 2111 1421 3703 1497">
     <span class='ocr_line' id='line_1_59' title="bbox 2111 1421 3703 1497; baseline 0.003 -23"><span class='ocrx_word' id='word_1_465' title='bbox 2111 1422 2255 1485; x_wconf 85' lang='grc' dir='ltr'>τεώς</span> <span class='ocrx_word' id='word_1_466' title='bbox 2267 1421 2506 1474; x_wconf 79' lang='grc' dir='ltr'>ἐκλείπει</span> <span class='ocrx_word' id='word_1_467' title='bbox 2522 1422 2747 1487; x_wconf 87' lang='grc' dir='ltr'>καπνὸς,</span> <span class='ocrx_word' id='word_1_468' title='bbox 2763 1423 2854 1475; x_wconf 90' lang='lat' dir='ltr'>ml</span> <span class='ocrx_word' id='word_1_469' title='bbox 2870 1423 2945 1486; x_wconf 85' lang='grc' dir='ltr'>ὠς</span> <span class='ocrx_word' id='word_1_470' title='bbox 2965 1425 3193 1494; x_wconf 85' lang='grc' dir='ltr'>τήκεται</span> <span class='ocrx_word' id='word_1_471' title='bbox 3215 1442 3281 1494; x_wconf 88' lang='grc' dir='ltr'>κη</span> <span class='ocrx_word' id='word_1_472' title='bbox 3293 1424 3383 1495; x_wconf 88' lang='grc' dir='ltr'>ρὸς</span> <span class='ocrx_word' id='word_1_473' title='bbox 3405 1425 3513 1478; x_wconf 82' lang='grc' dir='ltr'>ἀπὸ</span> <span class='ocrx_word' id='word_1_474' title='bbox 3530 1442 3703 1497; x_wconf 87' lang='grc' dir='ltr'>προσ-</span> 
     </span>
    </p>
   </div>
   <div class='ocr_carea' id='block_1_60' title="bbox 2113 1513 3697 1587">
    <p class='ocr_par' dir='ltr' id='par_1_60' title="bbox 2113 1513 3697 1587">
     <span class='ocr_line' id='line_1_60' title="bbox 2113 1513 3697 1587; baseline 0.003 -20"><span class='ocrx_word' id='word_1_475' title='bbox 2113 1513 2263 1567; x_wconf 89' lang='grc' dir='ltr'>ώπου</span> <span class='ocrx_word' id='word_1_476' title='bbox 2299 1516 2491 1587; x_wconf 87' lang='grc' dir='ltr'>πυρός.</span> <span class='ocrx_word' id='word_1_477' title='bbox 2524 1517 2635 1569; x_wconf 84' lang='lat' dir='ltr'>Kal</span> <span class='ocrx_word' id='word_1_478' title='bbox 2676 1515 2863 1569; x_wconf 87' lang='grc' dir='ltr'>τοῦτόν</span> <span class='ocrx_word' id='word_1_479' title='bbox 2896 1534 2959 1585; x_wconf 90' lang='grc' dir='ltr'>γε</span> <span class='ocrx_word' id='word_1_480' title='bbox 3005 1517 3100 1569; x_wconf 91' lang='grc' dir='ltr'>τὸν</span> <span class='ocrx_word' id='word_1_481' title='bbox 3161 1517 3393 1587; x_wconf 82' lang='grc' dir='ltr'>Χριστὸν</span> <span class='ocrx_word' id='word_1_482' title='bbox 3434 1516 3528 1571; x_wconf 90' lang='grc' dir='ltr'>τοῦ</span> <span class='ocrx_word' id='word_1_483' title='bbox 3560 1518 3697 1572; x_wconf 87' lang='grc' dir='ltr'>Θεοῦ</span> 
     </span>
    </p>
   </div>
   <div class='ocr_carea' id='block_1_61' title="bbox 2114 1606 3696 1681">
    <p class='ocr_par' dir='ltr' id='par_1_61' title="bbox 2114 1606 3696 1681">
     <span class='ocr_line' id='line_1_61' title="bbox 2114 1606 3696 1681; baseline 0.004 -22"><span class='ocrx_word' id='word_1_484' title='bbox 2114 1606 2400 1678; x_wconf 90' lang='grc' dir='ltr'>ἐμίσησαν,</span> <span class='ocrx_word' id='word_1_485' title='bbox 2434 1608 2653 1678; x_wconf 88' lang='grc' dir='ltr'>μισοῦσί</span> <span class='ocrx_word' id='word_1_486' title='bbox 2690 1625 2748 1660; x_wconf 92' lang='grc' dir='ltr'>τε</span> <span class='ocrx_word' id='word_1_487' title='bbox 2782 1609 2947 1661; x_wconf 88' lang='grc' dir='ltr'>είσέτι</span> <span class='ocrx_word' id='word_1_488' title='bbox 2977 1611 3070 1663; x_wconf 89' lang='lat' dir='ltr'>ml</span> <span class='ocrx_word' id='word_1_489' title='bbox 3100 1609 3217 1675; x_wconf 91' lang='grc' dir='ltr'>νῦν,</span> <span class='ocrx_word' id='word_1_490' title='bbox 3247 1611 3295 1662; x_wconf 82' lang='grc' dir='ltr'>οἱ</span> <span class='ocrx_word' id='word_1_491' title='bbox 3330 1610 3568 1681; x_wconf 89' lang='grc' dir='ltr'>συνεχῶς</span> <span class='ocrx_word' id='word_1_492' title='bbox 3594 1612 3696 1665; x_wconf 80' lang='grc' dir='ltr'>αύ-</span> 
     </span>
    </p>
   </div>
   <div class='ocr_carea' id='block_1_62' title="bbox 2113 1698 3698 1775">
    <p class='ocr_par' dir='ltr' id='par_1_62' title="bbox 2113 1698 3698 1775">
     <span class='ocr_line' id='line_1_62' title="bbox 2113 1698 3698 1775; baseline 0.004 -24"><span class='ocrx_word' id='word_1_493' title='bbox 2113 1699 2202 1751; x_wconf 87' lang='grc' dir='ltr'>τὸν</span> <span class='ocrx_word' id='word_1_494' title='bbox 2237 1698 2415 1763; x_wconf 81' lang='grc' dir='ltr'>ἀθέοις</span> <span class='ocrx_word' id='word_1_495' title='bbox 2446 1700 2624 1767; x_wconf 86' lang='grc' dir='ltr'>λόγοις</span> <span class='ocrx_word' id='word_1_496' title='bbox 2658 1700 2751 1753; x_wconf 92' lang='lat' dir='ltr'>ml</span> <span class='ocrx_word' id='word_1_497' title='bbox 2790 1700 3076 1771; x_wconf 87' lang='grc' dir='ltr'>λοιδορίαις</span> <span class='ocrx_word' id='word_1_498' title='bbox 3107 1701 3572 1772; x_wconf 69' lang='grc' dir='ltr'>βλασφημοῦντες,</span> <span class='ocrx_word' id='word_1_499' title='bbox 3598 1704 3698 1775; x_wconf 82' lang='grc' dir='ltr'>τήν</span> 
     </span>
    </p>
   </div>
   <div class='ocr_carea' id='block_1_63' title="bbox 2040 1770 3696 1865">
    <p class='ocr_par' dir='ltr' id='par_1_63' title="bbox 2040 1770 3696 1865">
     <span class='ocr_line' id='line_1_63' title="bbox 2040 1770 3696 1865; baseline 0.005 -24"><span class='ocrx_word' id='word_1_500' title='bbox 2040 1770 2083 1827; x_wconf 77' lang='grc' dir='ltr'><strong>Β</strong></span> <span class='ocrx_word' id='word_1_501' title='bbox 2110 1807 2169 1843; x_wconf 92' lang='grc' dir='ltr'>τε</span> <span class='ocrx_word' id='word_1_502' title='bbox 2213 1789 2538 1861; x_wconf 85' lang='grc' dir='ltr'>Ἐκκλησίαν</span> <span class='ocrx_word' id='word_1_503' title='bbox 2569 1790 2731 1844; x_wconf 79' lang='grc' dir='ltr'>αὑτοῦ</span> <span class='ocrx_word' id='word_1_504' title='bbox 2766 1770 3150 1863; x_wconf 83' lang='grc' dir='ltr'>πολεμοῦντες,</span> <span class='ocrx_word' id='word_1_505' title='bbox 3195 1770 3415 1865; x_wconf 97' lang='lat' dir='ltr'>ml</span> <span class='ocrx_word' id='word_1_506' title='bbox 3446 1770 3696 1849; x_wconf 79' lang='grc' dir='ltr'>διδασκά-</span> 
     </span>
    </p>
   </div>
   <div class='ocr_carea' id='block_1_64' title="bbox 2110 1880 3695 1956">
    <p class='ocr_par' dir='ltr' id='par_1_64' title="bbox 2110 1880 3695 1956">
     <span class='ocr_line' id='line_1_64' title="bbox 2110 1880 3695 1956; baseline 0.005 -23"><span class='ocrx_word' id='word_1_507' title='bbox 2110 1880 2229 1935; x_wconf 88' lang='grc' dir='ltr'>λίαν</span> <span class='ocrx_word' id='word_1_508' title='bbox 2252 1881 2644 1947; x_wconf 87' lang='grc' dir='ltr'>διαϐάλλοντες.</span> <span class='ocrx_word' id='word_1_509' title='bbox 2697 1884 2905 1947; x_wconf 83' lang='grc' dir='ltr'>Ἀλλως</span> <span class='ocrx_word' id='word_1_510' title='bbox 2937 1884 3045 1956; x_wconf 84' lang='grc' dir='ltr'>γάρ</span> <span class='ocrx_word' id='word_1_511' title='bbox 3073 1884 3164 1938; x_wconf 91' lang='grc' dir='ltr'>τὸν</span> <span class='ocrx_word' id='word_1_512' title='bbox 3197 1888 3289 1939; x_wconf 82' lang='grc' dir='ltr'>ἐπὶ</span> <span class='ocrx_word' id='word_1_513' title='bbox 3313 1886 3530 1941; x_wconf 82' lang='grc' dir='ltr'>πάντων</span> <span class='ocrx_word' id='word_1_514' title='bbox 3561 1887 3695 1941; x_wconf 82' lang='grc' dir='ltr'>Θεὸν</span> 
     </span>
    </p>
   </div>
   <div class='ocr_carea' id='block_1_65' title="bbox 2109 1967 3693 2048">
    <p class='ocr_par' dir='ltr' id='par_1_65' title="bbox 2109 1967 3693 2048">
     <span class='ocr_line' id='line_1_65' title="bbox 2109 1967 3693 2048; baseline 0.008 -29"><span class='ocrx_word' id='word_1_515' title='bbox 2109 1967 2209 2023; x_wconf 81' lang='grc' dir='ltr'>οὐκ</span> <span class='ocrx_word' id='word_1_516' title='bbox 2256 1967 2322 2022; x_wconf 82' lang='grc' dir='ltr'>ἂν</span> <span class='ocrx_word' id='word_1_517' title='bbox 2382 1970 2531 2041; x_wconf 74' lang='grc' dir='ltr'>εὖροι</span> <span class='ocrx_word' id='word_1_518' title='bbox 2584 1972 2877 2041; x_wconf 85' lang='grc' dir='ltr'>μισοῦντάς</span> <span class='ocrx_word' id='word_1_519' title='bbox 2920 1990 3094 2037; x_wconf 74' lang='grc' dir='ltr'>τιναςο</span> <span class='ocrx_word' id='word_1_520' title='bbox 3138 1976 3258 2029; x_wconf 76' lang='grc' dir='ltr'>οὐδὲ</span> <span class='ocrx_word' id='word_1_521' title='bbox 3296 1978 3402 2048; x_wconf 79' lang='grc' dir='ltr'>γὰρ</span> <span class='ocrx_word' id='word_1_522' title='bbox 3448 1979 3600 2031; x_wconf 77' lang='grc' dir='ltr'>αὐτοὶ</span> <span class='ocrx_word' id='word_1_523' title='bbox 3642 1978 3693 2032; x_wconf 78' lang='grc' dir='ltr'>οῖ</span> 
     </span>
    </p>
   </div>
   <div class='ocr_carea' id='block_1_66' title="bbox 2108 2061 3691 2141">
    <p class='ocr_par' dir='ltr' id='par_1_66' title="bbox 2108 2061 3691 2141">
     <span class='ocr_line' id='line_1_66' title="bbox 2108 2061 3691 2141; baseline 0.007 -27"><span class='ocrx_word' id='word_1_524' title='bbox 2108 2061 2254 2115; x_wconf 81' lang='grc' dir='ltr'>ἄθεοι</span> <span class='ocrx_word' id='word_1_525' title='bbox 2290 2063 2384 2116; x_wconf 78' lang='grc' dir='ltr'>καὶ</span> <span class='ocrx_word' id='word_1_526' title='bbox 2415 2064 2714 2128; x_wconf 85' lang='grc' dir='ltr'>δυσσεϐεῖς·</span> <span class='ocrx_word' id='word_1_527' title='bbox 2766 2065 2880 2118; x_wconf 90' lang='grc' dir='ltr'>ἀλλ’</span> <span class='ocrx_word' id='word_1_528' title='bbox 2928 2067 3048 2120; x_wconf 84' lang='grc' dir='ltr'>οὐδέ</span> <span class='ocrx_word' id='word_1_529' title='bbox 3077 2070 3125 2121; x_wconf 79' lang='grc' dir='ltr'>οἱ</span> <span class='ocrx_word' id='word_1_530' title='bbox 3157 2070 3381 2140; x_wconf 74' lang='grc' dir='ltr'>πονηροὶ</span> <span class='ocrx_word' id='word_1_531' title='bbox 3418 2070 3691 2141; x_wconf 85' lang='grc' dir='ltr'>δαίμονες,</span> 
     </span>
    </p>
   </div>
   <div class='ocr_carea' id='block_1_67' title="bbox 2107 2151 3692 2225">
    <p class='ocr_par' dir='ltr' id='par_1_67' title="bbox 2107 2151 3692 2225">
     <span class='ocr_line' id='line_1_67' title="bbox 2107 2151 3692 2225; baseline 0.006 -23"><span class='ocrx_word' id='word_1_532' title='bbox 2107 2151 2227 2203; x_wconf 81' lang='grc' dir='ltr'>οὐδὲ</span> <span class='ocrx_word' id='word_1_533' title='bbox 2251 2151 2318 2204; x_wconf 85' lang='grc' dir='ltr'>τὰ</span> <span class='ocrx_word' id='word_1_534' title='bbox 2349 2152 2636 2224; x_wconf 86' lang='grc' dir='ltr'>ἀκάθαρτα</span> <span class='ocrx_word' id='word_1_535' title='bbox 2666 2154 2953 2225; x_wconf 88' lang='grc' dir='ltr'>πνεύματα</span> <span class='ocrx_word' id='word_1_536' title='bbox 2980 2155 3125 2208; x_wconf 83' lang='grc' dir='ltr'>τοῦτ’</span> <span class='ocrx_word' id='word_1_537' title='bbox 3154 2156 3219 2210; x_wconf 84' lang='grc' dir='ltr'>ἂν</span> <span class='ocrx_word' id='word_1_538' title='bbox 3250 2157 3473 2211; x_wconf 72' lang='grc' dir='ltr'>εἴποιεν.</span> <span class='ocrx_word' id='word_1_539' title='bbox 3504 2158 3607 2211; x_wconf 88' lang='grc' dir='ltr'>Τὸν</span> <span class='ocrx_word' id='word_1_540' title='bbox 3632 2157 3692 2211; x_wconf 80' lang='grc' dir='ltr'>δὲ</span> 
     </span>
    </p>
   </div>
   <div class='ocr_carea' id='block_1_68' title="bbox 2106 2243 3694 2319">
    <p class='ocr_par' dir='ltr' id='par_1_68' title="bbox 2106 2243 3694 2319">
     <span class='ocr_line' id='line_1_68' title="bbox 2106 2243 3694 2319; baseline 0.004 -24"><span class='ocrx_word' id='word_1_541' title='bbox 2106 2243 2338 2315; x_wconf 88' lang='grc' dir='ltr'>Χριστὸν</span> <span class='ocrx_word' id='word_1_542' title='bbox 2367 2243 2458 2296; x_wconf 86' lang='grc' dir='ltr'>τοῦ</span> <span class='ocrx_word' id='word_1_543' title='bbox 2502 2243 2636 2297; x_wconf 90' lang='grc' dir='ltr'>Θεοῦ</span> <span class='ocrx_word' id='word_1_544' title='bbox 2675 2244 3124 2317; x_wconf 80' lang='grc' dir='ltr'>ὁμολογουμένως</span> <span class='ocrx_word' id='word_1_545' title='bbox 3150 2248 3440 2318; x_wconf 70' lang='grc' dir='ltr'>ἐμίσησαν*</span> <span class='ocrx_word' id='word_1_546' title='bbox 3487 2248 3694 2319; x_wconf 84' lang='grc' dir='ltr'>πρῶτοι</span> 
     </span>
    </p>
   </div>
   <div class='ocr_carea' id='block_1_69' title="bbox 2110 2329 3689 2411">
    <p class='ocr_par' dir='ltr' id='par_1_69' title="bbox 2110 2329 3689 2411">
     <span class='ocr_line' id='line_1_69' title="bbox 2110 2329 3689 2411; baseline 0.003 -24"><span class='ocrx_word' id='word_1_547' title='bbox 2110 2335 2206 2405; x_wconf 85' lang='grc' dir='ltr'>μὲν</span> <span class='ocrx_word' id='word_1_548' title='bbox 2258 2336 2474 2399; x_wconf 83' lang='grc' dir='ltr'>ἐκεῖνοι,</span> <span class='ocrx_word' id='word_1_549' title='bbox 2502 2337 2631 2407; x_wconf 75' lang='grc' dir='ltr'>περὶ</span> <span class='ocrx_word' id='word_1_550' title='bbox 2660 2329 2735 2389; x_wconf 85' lang='grc' dir='ltr'>ὧν</span> <span class='ocrx_word' id='word_1_551' title='bbox 2759 2337 2920 2400; x_wconf 78' lang='grc' dir='ltr'>αὐτὸς</span> <span class='ocrx_word' id='word_1_552' title='bbox 2947 2336 3035 2389; x_wconf 90' lang='grc' dir='ltr'>διά</span> <span class='ocrx_word' id='word_1_553' title='bbox 3064 2339 3164 2409; x_wconf 83' lang='grc' dir='ltr'>τῆς</span> <span class='ocrx_word' id='word_1_554' title='bbox 3191 2338 3528 2411; x_wconf 82' lang='grc' dir='ltr'>προφητείας</span> <span class='ocrx_word' id='word_1_555' title='bbox 3554 2338 3689 2408; x_wconf 75' lang='grc' dir='ltr'>ἔφα-</span> 
     </span>
    </p>
   </div>
   <div class='ocr_carea' id='block_1_70' title="bbox 2107 2427 3694 2503">
    <p class='ocr_par' dir='ltr' id='par_1_70' title="bbox 2107 2427 3694 2503">
     <span class='ocr_line' id='line_1_70' title="bbox 2107 2427 3694 2503; baseline 0.003 -24"><span class='ocrx_word' id='word_1_556' title='bbox 2107 2444 2253 2479; x_wconf 72' lang='grc' dir='ltr'>σκενο</span> <span class='ocrx_word' id='word_1_557' title='bbox 2307 2446 2325 2479; x_wconf 84' lang='grc'><strong><em>‹</em></strong></span> <span class='ocrx_word' id='word_1_558' title='bbox 2376 2427 2672 2498; x_wconf 88' lang='grc' dir='ltr'>Ἐλάλησαν</span> <span class='ocrx_word' id='word_1_559' title='bbox 2705 2429 2824 2481; x_wconf 89' lang='grc' dir='ltr'>κατ’</span> <span class='ocrx_word' id='word_1_560' title='bbox 2859 2428 2993 2499; x_wconf 88' lang='grc' dir='ltr'>ἐμοῦ</span> <span class='ocrx_word' id='word_1_561' title='bbox 3024 2429 3242 2503; x_wconf 83' lang='grc' dir='ltr'>γλώσσῃ</span> <span class='ocrx_word' id='word_1_562' title='bbox 3279 2429 3446 2502; x_wconf 74' lang='grc' dir='ltr'>δολία,</span> <span class='ocrx_word' id='word_1_563' title='bbox 3480 2431 3572 2483; x_wconf 89' lang='lat' dir='ltr'>ml</span> <span class='ocrx_word' id='word_1_564' title='bbox 3612 2429 3694 2484; x_wconf 81' lang='grc' dir='ltr'>λό-</span> 
     </span>
    </p>
   </div>
   <div class='ocr_carea' id='block_1_71' title="bbox 2104 2519 3687 2592">
    <p class='ocr_par' dir='ltr' id='par_1_71' title="bbox 2104 2519 3687 2592">
     <span class='ocr_line' id='line_1_71' title="bbox 2104 2519 3687 2592; baseline 0.004 -22"><span class='ocrx_word' id='word_1_565' title='bbox 2104 2536 2220 2587; x_wconf 88' lang='grc' dir='ltr'>γοις</span> <span class='ocrx_word' id='word_1_566' title='bbox 2244 2519 2432 2590; x_wconf 87' lang='grc' dir='ltr'>μίσους</span> <span class='ocrx_word' id='word_1_567' title='bbox 2448 2519 2764 2574; x_wconf 85' lang='grc' dir='ltr'>ἐκύκλωσάν</span> <span class='ocrx_word' id='word_1_568' title='bbox 2785 2538 2871 2591; x_wconf 91' lang='grc' dir='ltr'>με,</span> <span class='ocrx_word' id='word_1_569' title='bbox 2892 2521 2986 2572; x_wconf 91' lang='lat' dir='ltr'>ml</span> <span class='ocrx_word' id='word_1_570' title='bbox 3004 2521 3348 2592; x_wconf 89' lang='grc' dir='ltr'>ἐπολέμησάν</span> <span class='ocrx_word' id='word_1_571' title='bbox 3368 2538 3433 2591; x_wconf 89' lang='grc' dir='ltr'>με</span> <span class='ocrx_word' id='word_1_572' title='bbox 3457 2521 3687 2592; x_wconf 83' lang='grc' dir='ltr'>δωρεάν.</span> 
     </span>
    </p>
   </div>
   <div class='ocr_carea' id='block_1_72' title="bbox 2116 2610 3688 2684">
    <p class='ocr_par' dir='ltr' id='par_1_72' title="bbox 2116 2610 3688 2684">
     <span class='ocr_line' id='line_1_72' title="bbox 2116 2610 3688 2684; baseline 0.003 -22"><span class='ocrx_word' id='word_1_573' title='bbox 2116 2610 2259 2664; x_wconf 74' lang='grc' dir='ltr'>Ἀντῖ</span> <span class='ocrx_word' id='word_1_574' title='bbox 2284 2610 2379 2663; x_wconf 90' lang='grc' dir='ltr'>τοῦ</span> <span class='ocrx_word' id='word_1_575' title='bbox 2413 2612 2632 2683; x_wconf 80' lang='grc' dir='ltr'>ἀγαπᾷν</span> <span class='ocrx_word' id='word_1_576' title='bbox 2652 2630 2717 2683; x_wconf 91' lang='grc' dir='ltr'>με</span> <span class='ocrx_word' id='word_1_577' title='bbox 2746 2612 3080 2666; x_wconf 86' lang='grc' dir='ltr'>ἐνδιέϐαλλόν</span> <span class='ocrx_word' id='word_1_578' title='bbox 3117 2631 3203 2684; x_wconf 84' lang='grc' dir='ltr'>με.</span> <span class='ocrx_word' id='word_1_579' title='bbox 3234 2614 3345 2667; x_wconf 87' lang='lat' dir='ltr'>Kal</span> <span class='ocrx_word' id='word_1_580' title='bbox 3358 2613 3538 2667; x_wconf 75' lang='grc' dir='ltr'>ἔθεντο</span> <span class='ocrx_word' id='word_1_581' title='bbox 3566 2616 3688 2667; x_wconf 87' lang='grc' dir='ltr'>κατ’</span> 
     </span>
    </p>
   </div>
   <div class='ocr_carea' id='block_1_73' title="bbox 2100 2701 3689 2777">
    <p class='ocr_par' dir='ltr' id='par_1_73' title="bbox 2100 2701 3689 2777">
     <span class='ocr_line' id='line_1_73' title="bbox 2100 2701 3689 2777; baseline 0.003 -23"><span class='ocrx_word' id='word_1_582' title='bbox 2100 2701 2235 2772; x_wconf 90' lang='grc' dir='ltr'>ἐμοῦ</span> <span class='ocrx_word' id='word_1_583' title='bbox 2251 2703 2395 2756; x_wconf 89' lang='grc' dir='ltr'>κακά</span> <span class='ocrx_word' id='word_1_584' title='bbox 2423 2704 2542 2757; x_wconf 70' lang='grc' dir='ltr'>ἀντὶ</span> <span class='ocrx_word' id='word_1_585' title='bbox 2556 2704 2795 2772; x_wconf 87' lang='grc' dir='ltr'>ἀγαθῶν,</span> <span class='ocrx_word' id='word_1_586' title='bbox 2817 2708 2908 2758; x_wconf 88' lang='lat' dir='ltr'>ml</span> <span class='ocrx_word' id='word_1_587' title='bbox 2927 2709 3079 2775; x_wconf 85' lang='grc' dir='ltr'>μῖσος</span> <span class='ocrx_word' id='word_1_588' title='bbox 3092 2705 3211 2758; x_wconf 82' lang='grc' dir='ltr'>ἀντὶ</span> <span class='ocrx_word' id='word_1_589' title='bbox 3236 2706 3334 2777; x_wconf 84' lang='grc' dir='ltr'>τῆς</span> <span class='ocrx_word' id='word_1_590' title='bbox 3355 2705 3689 2777; x_wconf 88' lang='grc' dir='ltr'>ἀγαπήσεώς</span> 
     </span>
    </p>
   </div>
   <div class='ocr_carea' id='block_1_74' title="bbox 2105 2796 3688 2868">
    <p class='ocr_par' dir='ltr' id='par_1_74' title="bbox 2105 2796 3688 2868">
     <span class='ocr_line' id='line_1_74' title="bbox 2105 2796 3688 2868; baseline 0.001 -21"><span class='ocrx_word' id='word_1_591' title='bbox 2105 2813 2223 2865; x_wconf 91' lang='grc' dir='ltr'>μου·</span> <span class='ocrx_word' id='word_1_592' title='bbox 2256 2815 2273 2845; x_wconf 82' lang='grc'><strong>›</strong></span> <span class='ocrx_word' id='word_1_593' title='bbox 2321 2796 2509 2849; x_wconf 77' lang='grc' dir='ltr'>ἔπειτα</span> <span class='ocrx_word' id='word_1_594' title='bbox 2556 2797 2649 2849; x_wconf 82' lang='grc' dir='ltr'>καὶ</span> <span class='ocrx_word' id='word_1_595' title='bbox 2689 2798 2738 2849; x_wconf 77' lang='grc' dir='ltr'>οἱ</span> <span class='ocrx_word' id='word_1_596' title='bbox 2774 2798 2889 2868; x_wconf 80' lang='grc' dir='ltr'>μετ’</span> <span class='ocrx_word' id='word_1_597' title='bbox 2920 2799 3159 2860; x_wconf 81' lang='grc' dir='ltr'>ἐκείνους</span> <span class='ocrx_word' id='word_1_598' title='bbox 3199 2799 3365 2852; x_wconf 75' lang='grc' dir='ltr'>εἰσέτι</span> <span class='ocrx_word' id='word_1_599' title='bbox 3395 2798 3491 2852; x_wconf 91' lang='grc' dir='ltr'>νῦν</span> <span class='ocrx_word' id='word_1_600' title='bbox 3524 2798 3688 2851; x_wconf 85' lang='grc' dir='ltr'>αὑτὸν</span> 
     </span>
    </p>
   </div>
   <div class='ocr_carea' id='block_1_75' title="bbox 2102 2885 3688 2960">
    <p class='ocr_par' dir='ltr' id='par_1_75' title="bbox 2102 2885 3688 2960">
     <span class='ocr_line' id='line_1_75' title="bbox 2102 2885 3688 2960; baseline 0.001 -21"><span class='ocrx_word' id='word_1_601' title='bbox 2102 2885 2563 2958; x_wconf 87' lang='grc' dir='ltr'>βλασφημοῦντες.</span> <span class='ocrx_word' id='word_1_602' title='bbox 2611 2887 2757 2958; x_wconf 86' lang='grc' dir='ltr'>Πλὴν</span> <span class='ocrx_word' id='word_1_603' title='bbox 2809 2888 3008 2951; x_wconf 86' lang='grc' dir='ltr'>πάντες</span> <span class='ocrx_word' id='word_1_604' title='bbox 3051 2890 3098 2940; x_wconf 87' lang='grc' dir='ltr'>οί</span> <span class='ocrx_word' id='word_1_605' title='bbox 3135 2888 3319 2960; x_wconf 59' lang='grc' dir='ltr'>ἐχθροὶ⁷</span> <span class='ocrx_word' id='word_1_606' title='bbox 3364 2886 3550 2951; x_wconf 77' lang='grc' dir='ltr'>αὑτοῦ,</span> <span class='ocrx_word' id='word_1_607' title='bbox 3592 2888 3688 2943; x_wconf 72' lang='grc' dir='ltr'>καὶ</span> 
     </span>
    </p>
   </div>
   <div class='ocr_carea' id='block_1_76' title="bbox 2104 2979 3688 3052">
    <p class='ocr_par' dir='ltr' id='par_1_76' title="bbox 2104 2979 3688 3052">
     <span class='ocr_line' id='line_1_76' title="bbox 2104 2979 3688 3052; baseline 0 -19"><span class='ocrx_word' id='word_1_608' title='bbox 2104 2983 2153 3033; x_wconf 90' lang='grc' dir='ltr'>οἱ</span> <span class='ocrx_word' id='word_1_609' title='bbox 2187 2980 2471 3052; x_wconf 88' lang='grc' dir='ltr'>μισοῦντες</span> <span class='ocrx_word' id='word_1_610' title='bbox 2502 2980 2663 3034; x_wconf 79' lang='grc' dir='ltr'>αὑτὸν</span> <span class='ocrx_word' id='word_1_611' title='bbox 2693 2980 3183 3052; x_wconf 85' lang='grc' dir='ltr'>διεσκορπίσθησαν</span> <span class='ocrx_word' id='word_1_612' title='bbox 3222 2980 3315 3034; x_wconf 91' lang='lat' dir='ltr'>ml</span> <span class='ocrx_word' id='word_1_613' title='bbox 3348 2979 3688 3049; x_wconf 86' lang='grc' dir='ltr'>πεφεύγασιν</span> 
     </span>
    </p>
   </div>
   <div class='ocr_carea' id='block_1_77' title="bbox 2098 3070 3685 3146">
    <p class='ocr_par' dir='ltr' id='par_1_77' title="bbox 2098 3070 3685 3146">
     <span class='ocr_line' id='line_1_77' title="bbox 2098 3070 3685 3146; baseline -0.001 -19"><span class='ocrx_word' id='word_1_614' title='bbox 2098 3074 2209 3127; x_wconf 93' lang='grc' dir='ltr'>ἀπὸ</span> <span class='ocrx_word' id='word_1_615' title='bbox 2240 3072 2531 3146; x_wconf 83' lang='grc' dir='ltr'>προσώπου</span> <span class='ocrx_word' id='word_1_616' title='bbox 2579 3073 2681 3143; x_wconf 84' lang='grc' dir='ltr'>τῆς</span> <span class='ocrx_word' id='word_1_617' title='bbox 2722 3072 3002 3143; x_wconf 89' lang='grc' dir='ltr'>δυνάμεως</span> <span class='ocrx_word' id='word_1_618' title='bbox 3052 3071 3236 3125; x_wconf 83' lang='grc' dir='ltr'>αὑτοῦ.</span> <span class='ocrx_word' id='word_1_619' title='bbox 3302 3070 3578 3138; x_wconf 81' lang='grc' dir='ltr'>Ἐξέλιπόν</span> <span class='ocrx_word' id='word_1_620' title='bbox 3621 3088 3685 3125; x_wconf 85' lang='grc' dir='ltr'>τε</span> 
     </span>
    </p>
   </div>
   <div class='ocr_carea' id='block_1_78' title="bbox 2098 3163 3682 3235">
    <p class='ocr_par' dir='ltr' id='par_1_78' title="bbox 2098 3163 3682 3235">
     <span class='ocr_line' id='line_1_78' title="bbox 2098 3163 3682 3235; baseline -0.001 -17"><span class='ocrx_word' id='word_1_621' title='bbox 2098 3166 2174 3229; x_wconf 86' lang='grc' dir='ltr'>ὡς</span> <span class='ocrx_word' id='word_1_622' title='bbox 2213 3165 2449 3219; x_wconf 82' lang='grc' dir='ltr'>ἐκλείπει</span> <span class='ocrx_word' id='word_1_623' title='bbox 2481 3165 2686 3228; x_wconf 88' lang='grc' dir='ltr'>καπνὸς</span> <span class='ocrx_word' id='word_1_624' title='bbox 2715 3166 2807 3218; x_wconf 90' lang='lat' dir='ltr'>ml</span> <span class='ocrx_word' id='word_1_625' title='bbox 2829 3164 2904 3227; x_wconf 88' lang='grc' dir='ltr'>ὠς</span> <span class='ocrx_word' id='word_1_626' title='bbox 2940 3166 3163 3235; x_wconf 84' lang='grc' dir='ltr'>τήκεται</span> <span class='ocrx_word' id='word_1_627' title='bbox 3194 3164 3362 3235; x_wconf 90' lang='grc' dir='ltr'>κηρὸς</span> <span class='ocrx_word' id='word_1_628' title='bbox 3384 3163 3491 3217; x_wconf 77' lang='grc' dir='ltr'>ἀπὸ</span> <span class='ocrx_word' id='word_1_629' title='bbox 3512 3180 3682 3235; x_wconf 84' lang='grc' dir='ltr'>προσ-</span> 
     </span>
    </p>
   </div>
   <div class='ocr_carea' id='block_1_79' title="bbox 2097 3255 3685 3330">
    <p class='ocr_par' dir='ltr' id='par_1_79' title="bbox 2097 3255 3685 3330">
     <span class='ocr_line' id='line_1_79' title="bbox 2097 3255 3685 3330; baseline -0.001 -17"><span class='ocrx_word' id='word_1_630' title='bbox 2097 3258 2248 3313; x_wconf 91' lang='grc' dir='ltr'>ώπου</span> <span class='ocrx_word' id='word_1_631' title='bbox 2298 3259 2491 3330; x_wconf 84' lang='grc' dir='ltr'>πυρός.</span> <span class='ocrx_word' id='word_1_632' title='bbox 2552 3258 2759 3311; x_wconf 81' lang='grc' dir='ltr'>Αὐτίκα</span> <span class='ocrx_word' id='word_1_633' title='bbox 2804 3258 2934 3327; x_wconf 91' lang='grc' dir='ltr'>γοῦν</span> <span class='ocrx_word' id='word_1_634' title='bbox 2994 3257 3169 3319; x_wconf 71' lang='grc' dir='ltr'>οὐδεὶς</span> <span class='ocrx_word' id='word_1_635' title='bbox 3201 3255 3418 3310; x_wconf 87' lang='grc' dir='ltr'>πώποτε</span> <span class='ocrx_word' id='word_1_636' title='bbox 3444 3256 3553 3311; x_wconf 87' lang='grc' dir='ltr'>τῶν</span> <span class='ocrx_word' id='word_1_637' title='bbox 3588 3273 3685 3327; x_wconf 84' lang='grc' dir='ltr'>με·</span> 
     </span>
    </p>
   </div>
   <div class='ocr_carea' id='block_1_80' title="bbox 2101 3350 3685 3425">
    <p class='ocr_par' dir='ltr' id='par_1_80' title="bbox 2101 3350 3685 3425">
     <span class='ocr_line' id='line_1_80' title="bbox 2101 3350 3685 3425; baseline 0.001 -20"><span class='ocrx_word' id='word_1_638' title='bbox 2101 3354 2407 3424; x_wconf 88' lang='grc' dir='ltr'>μισηκότων</span> <span class='ocrx_word' id='word_1_639' title='bbox 2434 3355 2595 3407; x_wconf 87' lang='grc' dir='ltr'>αὑτὸν</span> <span class='ocrx_word' id='word_1_640' title='bbox 2623 3352 2966 3425; x_wconf 83' lang='grc' dir='ltr'>ἀτιμώρητος</span> <span class='ocrx_word' id='word_1_641' title='bbox 2997 3350 3240 3423; x_wconf 80' lang='grc' dir='ltr'>διεξῆλθε</span> <span class='ocrx_word' id='word_1_642' title='bbox 3270 3352 3362 3405; x_wconf 89' lang='grc' dir='ltr'>τὸν</span> <span class='ocrx_word' id='word_1_643' title='bbox 3387 3351 3522 3423; x_wconf 82' lang='grc' dir='ltr'>βίον’</span> <span class='ocrx_word' id='word_1_644' title='bbox 3545 3352 3685 3407; x_wconf 86' lang='grc' dir='ltr'>ἀλλά</span> 
     </span>
    </p>
   </div>
   <div class='ocr_carea' id='block_1_81' title="bbox 2097 3442 3683 3517">
    <p class='ocr_par' dir='ltr' id='par_1_81' title="bbox 2097 3442 3683 3517">
     <span class='ocr_line' id='line_1_81' title="bbox 2097 3442 3683 3517; baseline 0 -22"><span class='ocrx_word' id='word_1_645' title='bbox 2097 3443 2192 3495; x_wconf 80' lang='grc' dir='ltr'>καὶ</span> <span class='ocrx_word' id='word_1_646' title='bbox 2223 3444 2272 3495; x_wconf 79' lang='grc' dir='ltr'>οἱ</span> <span class='ocrx_word' id='word_1_647' title='bbox 2310 3444 2475 3498; x_wconf 88' lang='grc' dir='ltr'>πάλαι</span> <span class='ocrx_word' id='word_1_648' title='bbox 2531 3446 2631 3517; x_wconf 77' lang='grc' dir='ltr'>τὴν</span> <span class='ocrx_word' id='word_1_649' title='bbox 2668 3445 2958 3516; x_wconf 80' lang='grc' dir='ltr'>ἐπιϐουλὴν</span> <span class='ocrx_word' id='word_1_650' title='bbox 3009 3442 3158 3514; x_wconf 82' lang='grc' dir='ltr'>αὐτῷ</span> <span class='ocrx_word' id='word_1_651' title='bbox 3189 3442 3550 3511; x_wconf 88' lang='grc' dir='ltr'>τυρεύσαντες</span> <span class='ocrx_word' id='word_1_652' title='bbox 3577 3443 3683 3516; x_wconf 87' lang='grc' dir='ltr'>ἀρ-</span> 
     </span>
    </p>
   </div>
   <div class='ocr_carea' id='block_1_82' title="bbox 2097 3534 3683 3609">
    <p class='ocr_par' dir='ltr' id='par_1_82' title="bbox 2097 3534 3683 3609">
     <span class='ocr_line' id='line_1_82' title="bbox 2097 3534 3683 3609; baseline 0.001 -23"><span class='ocrx_word' id='word_1_653' title='bbox 2097 3538 2300 3606; x_wconf 92' lang='grc' dir='ltr'>χιερεῖς</span> <span class='ocrx_word' id='word_1_654' title='bbox 2324 3537 2419 3589; x_wconf 89' lang='lat' dir='ltr'>ml</span> <span class='ocrx_word' id='word_1_655' title='bbox 2452 3542 2818 3609; x_wconf 86' lang='grc' dir='ltr'>γραμματεῖς,</span> <span class='ocrx_word' id='word_1_656' title='bbox 2852 3539 3135 3609; x_wconf 82' lang='grc' dir='ltr'>Φαρισαῖοι</span> <span class='ocrx_word' id='word_1_657' title='bbox 3191 3535 3286 3588; x_wconf 89' lang='lat' dir='ltr'>ml</span> <span class='ocrx_word' id='word_1_658' title='bbox 3332 3534 3683 3588; x_wconf 81' lang='grc' dir='ltr'>Σαδδουκαῖοι</span> 
     </span>
    </p>
   </div>
   <div class='ocr_carea' id='block_1_83' title="bbox 2095 3624 3681 3701">
    <p class='ocr_par' dir='ltr' id='par_1_83' title="bbox 2095 3624 3681 3701">
     <span class='ocr_line' id='line_1_83' title="bbox 2095 3624 3681 3701; baseline 0 -21"><span class='ocrx_word' id='word_1_659' title='bbox 2095 3628 2268 3691; x_wconf 68' lang='grc' dir='ltr'>οὕτως</span> <span class='ocrx_word' id='word_1_660' title='bbox 2292 3629 2555 3695; x_wconf 80' lang='grc' dir='ltr'>ἐξέλιπον,</span> <span class='ocrx_word' id='word_1_661' title='bbox 2606 3629 2681 3693; x_wconf 81' lang='grc' dir='ltr'>ὡς</span> <span class='ocrx_word' id='word_1_662' title='bbox 2720 3630 2851 3701; x_wconf 88' lang='grc' dir='ltr'>μηδὲ</span> <span class='ocrx_word' id='word_1_663' title='bbox 2890 3630 3111 3700; x_wconf 77' lang='grc' dir='ltr'>μνήμην</span> <span class='ocrx_word' id='word_1_664' title='bbox 3143 3624 3319 3680; x_wconf 78' lang='grc' dir='ltr'>αὐτῶν</span> <span class='ocrx_word' id='word_1_665' title='bbox 3370 3624 3536 3678; x_wconf 74' lang='grc' dir='ltr'>εἰσέτι</span> <span class='ocrx_word' id='word_1_666' title='bbox 3580 3624 3681 3680; x_wconf 84' lang='grc' dir='ltr'>νῦν</span> 
     </span>
    </p>
   </div>
   <div class='ocr_carea' id='block_1_84' title="bbox 2100 3716 3680 3793">
    <p class='ocr_par' dir='ltr' id='par_1_84' title="bbox 2100 3716 3680 3793">
     <span class='ocr_line' id='line_1_84' title="bbox 2100 3716 3680 3793; baseline -0.001 -22"><span class='ocrx_word' id='word_1_667' title='bbox 2100 3719 2220 3789; x_wconf 85' lang='grc' dir='ltr'>μηδ’</span> <span class='ocrx_word' id='word_1_668' title='bbox 2239 3719 2409 3791; x_wconf 77' lang='grc' dir='ltr'>ὄνομα</span> <span class='ocrx_word' id='word_1_669' title='bbox 2431 3720 2582 3793; x_wconf 88' lang='grc' dir='ltr'>παρά</span> <span class='ocrx_word' id='word_1_670' title='bbox 2615 3720 2887 3783; x_wconf 85' lang='grc' dir='ltr'>Ἰουδαίοις</span> <span class='ocrx_word' id='word_1_671' title='bbox 2916 3718 3199 3783; x_wconf 77' lang='grc' dir='ltr'>σώζεσθαι.</span> <span class='ocrx_word' id='word_1_672' title='bbox 3233 3716 3364 3770; x_wconf 83' lang='grc' dir='ltr'>Τότε</span> <span class='ocrx_word' id='word_1_673' title='bbox 3393 3718 3503 3770; x_wconf 76' lang='grc' dir='ltr'>πᾶν</span> <span class='ocrx_word' id='word_1_674' title='bbox 3522 3716 3680 3783; x_wconf 73' lang='grc' dir='ltr'>ἔθνος</span> 
     </span>
    </p>
   </div>
   <div class='ocr_carea' id='block_1_85' title="bbox 2096 3808 3677 3884">
    <p class='ocr_par' dir='ltr' id='par_1_85' title="bbox 2096 3808 3677 3884">
     <span class='ocr_line' id='line_1_85' title="bbox 2096 3808 3677 3884; baseline -0.002 -20"><span class='ocrx_word' id='word_1_675' title='bbox 2096 3811 2274 3865; x_wconf 74' lang='grc' dir='ltr'>αὐτῶν</span> <span class='ocrx_word' id='word_1_676' title='bbox 2342 3812 2736 3884; x_wconf 90' lang='grc' dir='ltr'>διασκεδασμὸν</span> <span class='ocrx_word' id='word_1_677' title='bbox 2793 3814 2886 3866; x_wconf 88' lang='lat' dir='ltr'>ml</span> <span class='ocrx_word' id='word_1_678' title='bbox 2937 3809 3360 3883; x_wconf 88' lang='grc' dir='ltr'>διασκορπισμὸν</span> <span class='ocrx_word' id='word_1_679' title='bbox 3413 3808 3677 3879; x_wconf 83' lang='grc' dir='ltr'>ὑπέμεινε</span> 
     </span>
    </p>
   </div>
   <div class='ocr_carea' id='block_1_86' title="bbox 2095 3900 3680 3977">
    <p class='ocr_par' dir='ltr' id='par_1_86' title="bbox 2095 3900 3680 3977">
     <span class='ocr_line' id='line_1_86' title="bbox 2095 3900 3680 3977; baseline -0.001 -21"><span class='ocrx_word' id='word_1_680' title='bbox 2095 3906 2174 3968; x_wconf 82' lang='grc' dir='ltr'>είς</span> <span class='ocrx_word' id='word_1_681' title='bbox 2202 3904 2379 3959; x_wconf 88' lang='grc' dir='ltr'>πάντα</span> <span class='ocrx_word' id='word_1_682' title='bbox 2400 3904 2468 3958; x_wconf 84' lang='grc' dir='ltr'>τὰ</span> <span class='ocrx_word' id='word_1_683' title='bbox 2488 3905 2636 3977; x_wconf 75' lang='grc' dir='ltr'>έθνηο</span> <span class='ocrx_word' id='word_1_684' title='bbox 2664 3905 2757 3959; x_wconf 81' lang='grc' dir='ltr'>καὶ</span> <span class='ocrx_word' id='word_1_685' title='bbox 2789 3908 2846 3959; x_wconf 85' lang='grc' dir='ltr'>ἐν</span> <span class='ocrx_word' id='word_1_686' title='bbox 2880 3908 2992 3969; x_wconf 88' lang='grc' dir='ltr'>τοῖς</span> <span class='ocrx_word' id='word_1_687' title='bbox 3012 3904 3148 3976; x_wconf 87' lang='grc' dir='ltr'>μετά</span> <span class='ocrx_word' id='word_1_688' title='bbox 3174 3901 3341 3957; x_wconf 88' lang='grc' dir='ltr'>ταῦτα</span> <span class='ocrx_word' id='word_1_689' title='bbox 3369 3900 3426 3954; x_wconf 83' lang='grc' dir='ltr'>δέ</span> <span class='ocrx_word' id='word_1_690' title='bbox 3459 3902 3680 3973; x_wconf 84' lang='grc' dir='ltr'>χρόνοις</span> 
     </span>
    </p>
   </div>
   <div class='ocr_carea' id='block_1_87' title="bbox 2097 3995 3678 4070">
    <p class='ocr_par' dir='ltr' id='par_1_87' title="bbox 2097 3995 3678 4070">
     <span class='ocr_line' id='line_1_87' title="bbox 2097 3995 3678 4070; baseline -0.001 -19"><span class='ocrx_word' id='word_1_691' title='bbox 2097 3997 2298 4062; x_wconf 83' lang='grc' dir='ltr'>πάντες</span> <span class='ocrx_word' id='word_1_692' title='bbox 2327 3999 2441 4052; x_wconf 84' lang='grc' dir='ltr'>ὅσοι</span> <span class='ocrx_word' id='word_1_693' title='bbox 2473 3998 2570 4070; x_wconf 82' lang='grc' dir='ltr'>τὴν</span> <span class='ocrx_word' id='word_1_694' title='bbox 2618 3998 2943 4070; x_wconf 84' lang='grc' dir='ltr'>Ἐκκλησίαν</span> <span class='ocrx_word' id='word_1_695' title='bbox 2994 3996 3158 4053; x_wconf 83' lang='grc' dir='ltr'>αὑτοῦ</span> <span class='ocrx_word' id='word_1_696' title='bbox 3206 3995 3678 4067; x_wconf 85' lang='grc' dir='ltr'>πεπολεμήκασιν,</span> 
     </span>
    </p>
   </div>
   <div class='ocr_carea' id='block_1_88' title="bbox 2094 4086 3681 4163">
    <p class='ocr_par' dir='ltr' id='par_1_88' title="bbox 2094 4086 3681 4163">
     <span class='ocr_line' id='line_1_88' title="bbox 2094 4086 3681 4163; baseline -0.001 -21"><span class='ocrx_word' id='word_1_697' title='bbox 2094 4089 2295 4163; x_wconf 86' lang='grc' dir='ltr'>ὁμοίως</span> <span class='ocrx_word' id='word_1_698' title='bbox 2318 4090 2561 4157; x_wconf 81' lang='grc' dir='ltr'>ἐξέλιπον</span> <span class='ocrx_word' id='word_1_699' title='bbox 2594 4091 2687 4144; x_wconf 89' lang='lat' dir='ltr'>ml</span> <span class='ocrx_word' id='word_1_700' title='bbox 2722 4091 2877 4144; x_wconf 78' lang='grc' dir='ltr'>αὐτοὶ</span> <span class='ocrx_word' id='word_1_701' title='bbox 2921 4091 2997 4154; x_wconf 86' lang='grc' dir='ltr'>ὡς</span> <span class='ocrx_word' id='word_1_702' title='bbox 3038 4089 3276 4142; x_wconf 84' lang='grc' dir='ltr'>ἐκλείπει</span> <span class='ocrx_word' id='word_1_703' title='bbox 3328 4087 3534 4151; x_wconf 85' lang='grc' dir='ltr'>καπνὸς</span> <span class='ocrx_word' id='word_1_704' title='bbox 3582 4086 3681 4141; x_wconf 73' lang='grc' dir='ltr'>καὶ</span> 
     </span>
    </p>
   </div>
   <div class='ocr_carea' id='block_1_89' title="bbox 2095 4175 3679 4254">
    <p class='ocr_par' dir='ltr' id='par_1_89' title="bbox 2095 4175 3679 4254">
     <span class='ocr_line' id='line_1_89' title="bbox 2095 4175 3679 4254; baseline -0.001 -19"><span class='ocrx_word' id='word_1_705' title='bbox 2095 4182 2171 4246; x_wconf 84' lang='grc' dir='ltr'>ὡς</span> <span class='ocrx_word' id='word_1_706' title='bbox 2196 4185 2419 4252; x_wconf 87' lang='grc' dir='ltr'>τήκεται</span> <span class='ocrx_word' id='word_1_707' title='bbox 2483 4182 2651 4254; x_wconf 89' lang='grc' dir='ltr'>κηρὸς</span> <span class='ocrx_word' id='word_1_708' title='bbox 2683 4182 2791 4236; x_wconf 88' lang='grc' dir='ltr'>ἀπὸ</span> <span class='ocrx_word' id='word_1_709' title='bbox 2821 4180 3111 4254; x_wconf 83' lang='grc' dir='ltr'>προσώπου</span> <span class='ocrx_word' id='word_1_710' title='bbox 3359 4180 3423 4233; x_wconf 79' lang='grc' dir='ltr'>Οἱ</span> <span class='ocrx_word' id='word_1_711' title='bbox 3457 4178 3556 4250; x_wconf 83' lang='grc' dir='ltr'>μὲν</span> <span class='ocrx_word' id='word_1_712' title='bbox 3583 4175 3679 4233; x_wconf 84' lang='grc' dir='ltr'>οῦν</span> 
     </span>
    </p>
   </div>
   <div class='ocr_carea' id='block_1_90' title="bbox 2096 4268 3677 4347">
    <p class='ocr_par' dir='ltr' id='par_1_90' title="bbox 2096 4268 3677 4347">
     <span class='ocr_line' id='line_1_90' title="bbox 2096 4268 3677 4347; baseline -0.002 -20"><span class='ocrx_word' id='word_1_713' title='bbox 2096 4273 2279 4347; x_wconf 80' lang='grc' dir='ltr'>ἐχθροὶ</span> <span class='ocrx_word' id='word_1_714' title='bbox 2306 4273 2399 4328; x_wconf 88' lang='grc' dir='ltr'>τοῦ</span> <span class='ocrx_word' id='word_1_715' title='bbox 2420 4272 2658 4346; x_wconf 86' lang='grc' dir='ltr'>Χριστοῦ</span> <span class='ocrx_word' id='word_1_716' title='bbox 2708 4275 2804 4328; x_wconf 88' lang='lat' dir='ltr'>ml</span> <span class='ocrx_word' id='word_1_717' title='bbox 2857 4276 2905 4328; x_wconf 89' lang='grc' dir='ltr'>οί</span> <span class='ocrx_word' id='word_1_718' title='bbox 2961 4272 3241 4345; x_wconf 90' lang='grc' dir='ltr'>μισοῦντες</span> <span class='ocrx_word' id='word_1_719' title='bbox 3260 4271 3423 4325; x_wconf 82' lang='grc' dir='ltr'>αὐτὸν</span> <span class='ocrx_word' id='word_1_720' title='bbox 3448 4268 3677 4325; x_wconf 84' lang='grc' dir='ltr'>τοιαῦτα</span> 
     </span>
    </p>
   </div>
   <div class='ocr_carea' id='block_1_91' title="bbox 2097 4362 3678 4434">
    <p class='ocr_par' dir='ltr' id='par_1_91' title="bbox 2097 4362 3678 4434">
     <span class='ocr_line' id='line_1_91' title="bbox 2097 4362 3678 4434; baseline -0.002 -18"><span class='ocrx_word' id='word_1_721' title='bbox 2097 4363 2419 4429; x_wconf 77' lang='grc' dir='ltr'>πεπόνθασι,</span> <span class='ocrx_word' id='word_1_722' title='bbox 2449 4365 2544 4419; x_wconf 77' lang='lat' dir='ltr'><strong>xal</strong></span> <span class='ocrx_word' id='word_1_723' title='bbox 2569 4363 2649 4416; x_wconf 74' lang='grc' dir='ltr'>ἔτι</span> <span class='ocrx_word' id='word_1_724' title='bbox 2687 4363 2886 4434; x_wconf 82' lang='grc' dir='ltr'>μᾶλλον</span> <span class='ocrx_word' id='word_1_725' title='bbox 2909 4364 2956 4416; x_wconf 81' lang='grc' dir='ltr'>οἱ</span> <span class='ocrx_word' id='word_1_726' title='bbox 2979 4362 3201 4434; x_wconf 86' lang='grc' dir='ltr'>ἀόρατοι</span> <span class='ocrx_word' id='word_1_727' title='bbox 3222 4362 3317 4415; x_wconf 76' lang='grc' dir='ltr'>καὶ</span> <span class='ocrx_word' id='word_1_728' title='bbox 3343 4362 3569 4429; x_wconf 82' lang='grc' dir='ltr'>ἀφανεῖς</span> <span class='ocrx_word' id='word_1_729' title='bbox 3593 4362 3678 4431; x_wconf 82' lang='grc' dir='ltr'>ἐχ-</span> 
     </span>
    </p>
   </div>
   <div class='ocr_carea' id='block_1_92' title="bbox 413 4446 2002 4532">
    <p class='ocr_par' dir='ltr' id='par_1_92' title="bbox 413 4452 1993 4525">
     <span class='ocr_line' id='line_1_92' title="bbox 413 4452 1993 4525; baseline 0.003 -19"><span class='ocrx_word' id='word_1_730' title='bbox 413 4469 520 4525; x_wconf 90' lang='lat' dir='ltr'>que</span> <span class='ocrx_word' id='word_1_731' title='bbox 574 4452 706 4507; x_wconf 90' lang='lat' dir='ltr'><strong>talia</strong></span> <span class='ocrx_word' id='word_1_732' title='bbox 773 4453 1086 4508; x_wconf 87' lang='lat' dir='ltr'><strong>dicentibus</strong></span> <span class='ocrx_word' id='word_1_733' title='bbox 1147 4454 1493 4510; x_wconf 79' lang='lat' dir='ltr'><strong>invexerunt.</strong></span> <span class='ocrx_word' id='word_1_734' title='bbox 1556 4453 1757 4510; x_wconf 79' lang='lat' dir='ltr'><strong>Dexter</strong></span> <span class='ocrx_word' id='word_1_735' title='bbox 1828 4470 1993 4525; x_wconf 88' lang='lat' dir='ltr'><strong>porro</strong></span> 
     </span>
    </p>
   </div>
   <div class='ocr_carea' id='block_1_93' title="bbox 2103 4446 3677 4532">
    <p class='ocr_par' dir='ltr' id='par_1_93' title="bbox 2103 4446 3677 4529">
     <span class='ocr_line' id='line_1_93' title="bbox 2103 4446 3677 4529; baseline -0.003 -17"><span class='ocrx_word' id='word_1_736' title='bbox 2103 4458 2235 4529; x_wconf 75' lang='lat' dir='ltr'><strong>Bpol,</strong></span> <span class='ocrx_word' id='word_1_737' title='bbox 2261 4459 2485 4529; x_wconf 78' lang='grc' dir='ltr'>πονηροὶ</span> <span class='ocrx_word' id='word_1_738' title='bbox 2508 4458 2758 4529; x_wconf 90' lang='grc' dir='ltr'>δαίμονες</span> <span class='ocrx_word' id='word_1_739' title='bbox 2780 4458 2872 4512; x_wconf 88' lang='lat' dir='ltr'>ml</span> <span class='ocrx_word' id='word_1_740' title='bbox 2901 4456 3150 4529; x_wconf 86' lang='grc' dir='ltr'>μοχθηρά</span> <span class='ocrx_word' id='word_1_741' title='bbox 3180 4453 3494 4526; x_wconf 53' lang='grc' dir='ltr'>πνεύματα,</span> <span class='ocrx_word' id='word_1_742' title='bbox 3509 4452 3580 4506; x_wconf 88' lang='grc' dir='ltr'>δι’</span> <span class='ocrx_word' id='word_1_743' title='bbox 3597 4446 3677 4508; x_wconf 80' lang='grc' dir='ltr'>ὧν</span> 
     </span>
    </p>
   </div>
   <div class='ocr_carea' id='block_1_94' title="bbox 415 4543 1988 4617">
    <p class='ocr_par' dir='ltr' id='par_1_94' title="bbox 415 4543 1988 4617">
     <span class='ocr_line' id='line_1_94' title="bbox 415 4543 1988 4617; baseline 0.002 -18"><span class='ocrx_word' id='word_1_744' title='bbox 415 4545 718 4599; x_wconf 87' lang='lat' dir='ltr'><strong>amicorum</strong></span> <span class='ocrx_word' id='word_1_745' title='bbox 748 4543 843 4600; x_wconf 88' lang='lat' dir='ltr'>Dei</span> <span class='ocrx_word' id='word_1_746' title='bbox 866 4546 1004 4599; x_wconf 92' lang='lat' dir='ltr'><strong>ordo</strong></span> <span class='ocrx_word' id='word_1_747' title='bbox 1032 4546 1234 4617; x_wconf 91' lang='lat' dir='ltr'><strong>quibus</strong></span> <span class='ocrx_word' id='word_1_748' title='bbox 1264 4547 1321 4602; x_wconf 89' lang='lat' dir='ltr'>in</span> <span class='ocrx_word' id='word_1_749' title='bbox 1343 4545 1656 4602; x_wconf 88' lang='lat' dir='ltr'><strong>Servatoris</strong></span> <span class='ocrx_word' id='word_1_750' title='bbox 1691 4547 1865 4601; x_wconf 88' lang='lat' dir='ltr'><strong>nostri</strong></span> <span class='ocrx_word' id='word_1_751' title='bbox 1900 4562 1988 4602; x_wconf 88' lang='lat' dir='ltr'><strong>re-</strong></span> 
     </span>
    </p>
   </div>
   <div class='ocr_carea' id='block_1_95' title="bbox 415 4637 1991 4709">
    <p class='ocr_par' dir='ltr' id='par_1_95' title="bbox 415 4637 1991 4709">
     <span class='ocr_line' id='line_1_95' title="bbox 415 4637 1991 4709; baseline 0.001 -16"><span class='ocrx_word' id='word_1_752' title='bbox 415 4639 761 4693; x_wconf 90' lang='lat' dir='ltr'><strong>surrectione</strong></span> <span class='ocrx_word' id='word_1_753' title='bbox 794 4637 1070 4693; x_wconf 80' lang='lat' dir='ltr'><strong>frueretur</strong></span> <span class='ocrx_word' id='word_1_754' title='bbox 1109 4639 1289 4702; x_wconf 86' lang='lat' dir='ltr'><strong>bonis,</strong></span> <span class='ocrx_word' id='word_1_755' title='bbox 1340 4639 1601 4709; x_wconf 89' lang='lat' dir='ltr'><strong>deinceps</strong></span> <span class='ocrx_word' id='word_1_756' title='bbox 1649 4637 1807 4693; x_wconf 90' lang='lat' dir='ltr'><strong>docet</strong></span> <span class='ocrx_word' id='word_1_757' title='bbox 1860 4654 1991 4709; x_wconf 87' lang='lat' dir='ltr'><strong>pro-</strong></span> 
     </span>
    </p>
   </div>
   <div class='ocr_carea' id='block_1_96' title="bbox 415 4728 1990 4798">
    <p class='ocr_par' dir='ltr' id='par_1_96' title="bbox 415 4728 1990 4798">
     <span class='ocr_line' id='line_1_96' title="bbox 415 4728 1990 4798; baseline 0.001 -17"><span class='ocrx_word' id='word_1_758' title='bbox 415 4729 599 4798; x_wconf 90' lang='lat' dir='ltr'><strong>phetia</strong></span> <span class='ocrx_word' id='word_1_759' title='bbox 621 4744 743 4796; x_wconf 68' lang='lat' dir='ltr'><strong>qua:</strong></span> <span class='ocrx_word' id='word_1_760' title='bbox 773 4729 850 4781; x_wconf 90' lang='lat' dir='ltr'>ait</span> <span class='ocrx_word' id='word_1_761' title='bbox 884 4748 897 4783; x_wconf 92' lang='lat'>:</span> <span class='ocrx_word' id='word_1_762' title='bbox 938 4747 956 4779; x_wconf 78' lang='grc' dir='ltr'>ι</span> <span class='ocrx_word' id='word_1_763' title='bbox 992 4728 1058 4781; x_wconf 84' lang='lat' dir='ltr'><strong>Et</strong></span> <span class='ocrx_word' id='word_1_764' title='bbox 1076 4728 1211 4797; x_wconf 92' lang='lat' dir='ltr'><strong>justi</strong></span> <span class='ocrx_word' id='word_1_765' title='bbox 1246 4730 1497 4783; x_wconf 62' lang='lat' dir='ltr'><strong>laetentur</strong></span> <span class='ocrx_word' id='word_1_766' title='bbox 1529 4735 1583 4783; x_wconf 89' lang='lat' dir='ltr'>et</span> <span class='ocrx_word' id='word_1_767' title='bbox 1622 4729 1896 4783; x_wconf 83' lang='lat' dir='ltr'><strong>exsultent</strong></span> <span class='ocrx_word' id='word_1_768' title='bbox 1934 4730 1990 4783; x_wconf 88' lang='lat' dir='ltr'>in</span> 
     </span>
    </p>
   </div>
   <div class='ocr_carea' id='block_1_97' title="bbox 413 4820 1994 4901">
    <p class='ocr_par' dir='ltr' id='par_1_97' title="bbox 413 4820 1994 4901">
     <span class='ocr_line' id='line_1_97' title="bbox 413 4820 1994 4901; baseline 0.001 -27"><span class='ocrx_word' id='word_1_769' title='bbox 413 4830 711 4891; x_wconf 89' lang='lat' dir='ltr'><strong>conspectu</strong></span> <span class='ocrx_word' id='word_1_770' title='bbox 760 4820 875 4885; x_wconf 87' lang='lat' dir='ltr'><strong>Dei,</strong></span> <span class='ocrx_word' id='word_1_771' title='bbox 907 4822 1246 4877; x_wconf 90' lang='lat' dir='ltr'><strong>delectentur</strong></span> <span class='ocrx_word' id='word_1_772' title='bbox 1273 4822 1329 4876; x_wconf 91' lang='lat' dir='ltr'>in</span> <span class='ocrx_word' id='word_1_773' title='bbox 1360 4821 1567 4876; x_wconf 78' lang='lat' dir='ltr'><strong>laetitia.</strong></span> <span class='ocrx_word' id='word_1_774' title='bbox 1615 4840 1633 4873; x_wconf 74' lang='grc' dir='ltr'>ι</span> <span class='ocrx_word' id='word_1_775' title='bbox 1669 4820 1811 4887; x_wconf 85' lang='lat' dir='ltr'><strong>Quid</strong></span> <span class='ocrx_word' id='word_1_776' title='bbox 1854 4820 1994 4901; x_wconf 67' lang='lat' dir='ltr'><strong>illud</strong></span> 
     </span>
    </p>
   </div>
   <div class='ocr_carea' id='block_1_98' title="bbox 412 4914 1989 4984">
    <p class='ocr_par' dir='ltr' id='par_1_98' title="bbox 412 4914 1989 4984">
     <span class='ocr_line' id='line_1_98' title="bbox 412 4914 1989 4984; baseline 0 -15"><span class='ocrx_word' id='word_1_777' title='bbox 412 4915 507 4977; x_wconf 85' lang='lat' dir='ltr'><strong>sit,</strong></span> <span class='ocrx_word' id='word_1_778' title='bbox 533 4930 644 4973; x_wconf 90' lang='lat' dir='ltr'>non</span> <span class='ocrx_word' id='word_1_779' title='bbox 676 4914 1006 4984; x_wconf 88' lang='lat' dir='ltr'><strong>simpliciter</strong></span> <span class='ocrx_word' id='word_1_780' title='bbox 1036 4915 1211 4969; x_wconf 73' lang='lat' dir='ltr'><strong>laetari</strong></span> <span class='ocrx_word' id='word_1_781' title='bbox 1238 4921 1293 4970; x_wconf 84' lang='lat' dir='ltr'>et</span> <span class='ocrx_word' id='word_1_782' title='bbox 1321 4915 1624 4979; x_wconf 78' lang='lat' dir='ltr'><strong>exsultare,</strong></span> <span class='ocrx_word' id='word_1_783' title='bbox 1651 4914 1748 4970; x_wconf 86' lang='lat' dir='ltr'>sed</span> <span class='ocrx_word' id='word_1_784' title='bbox 1772 4915 1827 4968; x_wconf 93' lang='lat' dir='ltr'>in</span> <span class='ocrx_word' id='word_1_785' title='bbox 1855 4929 1989 4969; x_wconf 88' lang='lat' dir='ltr'><strong>con-</strong></span> 
     </span>
    </p>
   </div>
   <div class='ocr_carea' id='block_1_99' title="bbox 386 5006 1990 5079">
    <p class='ocr_par' dir='ltr' id='par_1_99' title="bbox 386 5006 1990 5079">
     <span class='ocr_line' id='line_1_99' title="bbox 386 5006 1990 5079; baseline 0.002 -18"><span class='ocrx_word' id='word_1_786' title='bbox 386 5016 604 5078; x_wconf 55' lang='lat' dir='ltr'><strong>.spectu</strong></span> <span class='ocrx_word' id='word_1_787' title='bbox 658 5007 755 5063; x_wconf 91' lang='lat' dir='ltr'>Dei</span> <span class='ocrx_word' id='word_1_788' title='bbox 810 5016 865 5062; x_wconf 94' lang='lat' dir='ltr'>et</span> <span class='ocrx_word' id='word_1_789' title='bbox 914 5007 1057 5077; x_wconf 87' lang='lat' dir='ltr'><strong>apud</strong></span> <span class='ocrx_word' id='word_1_790' title='bbox 1105 5006 1276 5063; x_wconf 91' lang='lat' dir='ltr'><strong>Deum</strong></span> <span class='ocrx_word' id='word_1_791' title='bbox 1315 5008 1399 5063; x_wconf 89' lang='lat' dir='ltr'>his</span> <span class='ocrx_word' id='word_1_792' title='bbox 1420 5006 1651 5077; x_wconf 83' lang='lat' dir='ltr'><strong>perfrui,</strong></span> <span class='ocrx_word' id='word_1_793' title='bbox 1695 5007 1990 5079; x_wconf 84' lang='lat' dir='ltr'><strong>divinaque</strong></span> 
     </span>
    </p>
   </div>
   <div class='ocr_carea' id='block_1_100' title="bbox 409 5100 1989 5171">
    <p class='ocr_par' dir='ltr' id='par_1_100' title="bbox 409 5100 1989 5171">
     <span class='ocr_line' id='line_1_100' title="bbox 409 5100 1989 5171; baseline 0.003 -20"><span class='ocrx_word' id='word_1_794' title='bbox 409 5101 688 5170; x_wconf 84' lang='lat' dir='ltr'><strong>voluptate</strong></span> <span class='ocrx_word' id='word_1_795' title='bbox 726 5100 1000 5171; x_wconf 88' lang='lat' dir='ltr'><strong>gaudere,</strong></span> <span class='ocrx_word' id='word_1_796' title='bbox 1046 5117 1158 5155; x_wconf 88' lang='lat' dir='ltr'>non</span> <span class='ocrx_word' id='word_1_797' title='bbox 1185 5104 1383 5171; x_wconf 68' lang='lat' dir='ltr'><strong>{potest</strong></span> <span class='ocrx_word' id='word_1_798' title='bbox 1437 5116 1536 5171; x_wconf 90' lang='lat' dir='ltr'>pro</span> <span class='ocrx_word' id='word_1_799' title='bbox 1582 5101 1778 5154; x_wconf 85' lang='lat' dir='ltr'><strong>merito</strong></span> <span class='ocrx_word' id='word_1_800' title='bbox 1826 5116 1989 5156; x_wconf 86' lang='lat' dir='ltr'><strong>enar-</strong></span> 
     </span>
    </p>
   </div>
   <div class='ocr_carea' id='block_1_101' title="bbox 408 5208 545 5249">
    <p class='ocr_par' dir='ltr' id='par_1_101' title="bbox 408 5208 545 5249">
     <span class='ocr_line' id='line_1_101' title="bbox 408 5208 545 5249; baseline 0.029 -4"><span class='ocrx_word' id='word_1_801' title='bbox 408 5208 545 5249; x_wconf 78' lang='lat' dir='ltr'><strong>rari.</strong></span> 
     </span>
    </p>
   </div>
   <div class='ocr_carea' id='block_1_102' title="bbox 2096 4540 3676 4622">
    <p class='ocr_par' dir='ltr' id='par_1_102' title="bbox 2096 4540 3676 4622">
     <span class='ocr_line' id='line_1_102' title="bbox 2096 4540 3676 4622; baseline -0.003 -19"><span class='ocrx_word' id='word_1_802' title='bbox 2096 4550 2166 4603; x_wconf 90' lang='grc' dir='ltr'>τά</span> <span class='ocrx_word' id='word_1_803' title='bbox 2200 4550 2299 4621; x_wconf 82' lang='grc' dir='ltr'>τῆς</span> <span class='ocrx_word' id='word_1_804' title='bbox 2326 4550 2587 4603; x_wconf 85' lang='grc' dir='ltr'>πολυθέου</span> <span class='ocrx_word' id='word_1_805' title='bbox 2622 4550 2828 4622; x_wconf 88' lang='grc' dir='ltr'>πλάνης</span> <span class='ocrx_word' id='word_1_806' title='bbox 2855 4552 3137 4622; x_wconf 85' lang='grc' dir='ltr'>ἐνηργεῖτο</span> <span class='ocrx_word' id='word_1_807' title='bbox 3157 4548 3343 4603; x_wconf 87' lang='grc' dir='ltr'>πάλαι·</span> <span class='ocrx_word' id='word_1_808' title='bbox 3383 4540 3459 4601; x_wconf 85' lang='grc' dir='ltr'>ὧν</span> <span class='ocrx_word' id='word_1_809' title='bbox 3481 4561 3676 4599; x_wconf 75' lang='grc' dir='ltr'>παντεο</span> 
     </span>
    </p>
   </div>
   <div class='ocr_carea' id='block_1_103' title="bbox 2096 4640 3677 4716">
    <p class='ocr_par' dir='ltr' id='par_1_103' title="bbox 2096 4640 3677 4716">
     <span class='ocr_line' id='line_1_103' title="bbox 2096 4640 3677 4716; baseline -0.001 -22"><span class='ocrx_word' id='word_1_810' title='bbox 2096 4641 2195 4713; x_wconf 78' lang='grc' dir='ltr'>λὴς</span> <span class='ocrx_word' id='word_1_811' title='bbox 2219 4642 2647 4714; x_wconf 81' lang='grc' dir='ltr'>διασκορπισμὸς</span> <span class='ocrx_word' id='word_1_812' title='bbox 2678 4643 2817 4713; x_wconf 90' lang='grc' dir='ltr'>μετά</span> <span class='ocrx_word' id='word_1_813' title='bbox 2864 4643 2964 4713; x_wconf 86' lang='grc' dir='ltr'>τὴν</span> <span class='ocrx_word' id='word_1_814' title='bbox 3012 4644 3076 4696; x_wconf 86' lang='grc' dir='ltr'>ἐκ</span> <span class='ocrx_word' id='word_1_815' title='bbox 3121 4640 3330 4716; x_wconf 85' lang='grc' dir='ltr'>νεκρῶν</span> <span class='ocrx_word' id='word_1_816' title='bbox 3379 4641 3677 4697; x_wconf 85' lang='grc' dir='ltr'>ἀνάστασιν</span> 
     </span>
    </p>
   </div>
   <div class='ocr_carea' id='block_1_104' title="bbox 2097 4730 3673 4805">
    <p class='ocr_par' dir='ltr' id='par_1_104' title="bbox 2097 4730 3673 4805">
     <span class='ocr_line' id='line_1_104' title="bbox 2097 4730 3673 4805; baseline -0.002 -18"><span class='ocrx_word' id='word_1_817' title='bbox 2097 4735 2358 4804; x_wconf 86' lang='grc' dir='ltr'>γέγονεν·</span> <span class='ocrx_word' id='word_1_818' title='bbox 2430 4736 2478 4787; x_wconf 86' lang='grc' dir='ltr'>οί</span> <span class='ocrx_word' id='word_1_819' title='bbox 2532 4734 2577 4787; x_wconf 77' lang='grc' dir='ltr'>δ’</span> <span class='ocrx_word' id='word_1_820' title='bbox 2632 4735 2813 4799; x_wconf 77' lang='grc' dir='ltr'>αὐτοὶ,</span> <span class='ocrx_word' id='word_1_821' title='bbox 2871 4735 3159 4805; x_wconf 88' lang='grc' dir='ltr'>τηκόμενοι</span> <span class='ocrx_word' id='word_1_822' title='bbox 3225 4734 3302 4797; x_wconf 87' lang='grc' dir='ltr'>ὡς</span> <span class='ocrx_word' id='word_1_823' title='bbox 3349 4732 3517 4804; x_wconf 83' lang='grc' dir='ltr'>κηρὸς</span> <span class='ocrx_word' id='word_1_824' title='bbox 3556 4730 3673 4785; x_wconf 72' lang='grc' dir='ltr'>’ἀπὸ</span> 
     </span>
    </p>
   </div>
   <div class='ocr_carea' id='block_1_105' title="bbox 2099 4824 3673 4898">
    <p class='ocr_par' dir='ltr' id='par_1_105' title="bbox 2099 4824 3673 4898">
     <span class='ocr_line' id='line_1_105' title="bbox 2099 4824 3673 4898; baseline -0.001 -20"><span class='ocrx_word' id='word_1_825' title='bbox 2099 4826 2393 4898; x_wconf 87' lang='grc' dir='ltr'>προσώπου</span> <span class='ocrx_word' id='word_1_826' title='bbox 2458 4826 2647 4898; x_wconf 87' lang='grc' dir='ltr'>πυρὸς,</span> <span class='ocrx_word' id='word_1_827' title='bbox 2691 4826 2862 4879; x_wconf 87' lang='grc' dir='ltr'>ἐϐόων</span> <span class='ocrx_word' id='word_1_828' title='bbox 2916 4826 3182 4895; x_wconf 87' lang='grc' dir='ltr'>λέγοντες·</span> <span class='ocrx_word' id='word_1_829' title='bbox 3215 4844 3235 4877; x_wconf 73' lang='grc' dir='ltr'>ι</span> <span class='ocrx_word' id='word_1_830' title='bbox 3272 4825 3394 4879; x_wconf 74' lang='grc' dir='ltr'>Ἐαο</span> <span class='ocrx_word' id='word_1_831' title='bbox 3429 4824 3483 4878; x_wconf 84' lang='grc' dir='ltr'>τί</span> <span class='ocrx_word' id='word_1_832' title='bbox 3535 4824 3673 4894; x_wconf 71' lang='grc' dir='ltr'>ἡμῖν</span> 
     </span>
    </p>
   </div>
   <div class='ocr_carea' id='block_1_106' title="bbox 2100 4908 3673 4991">
    <p class='ocr_par' dir='ltr' id='par_1_106' title="bbox 2100 4908 3673 4991">
     <span class='ocr_line' id='line_1_106' title="bbox 2100 4908 3673 4991; baseline -0.002 -19"><span class='ocrx_word' id='word_1_833' title='bbox 2100 4920 2193 4972; x_wconf 82' lang='lat' dir='ltr'>ml</span> <span class='ocrx_word' id='word_1_834' title='bbox 2226 4920 2332 4983; x_wconf 78' lang='grc' dir='ltr'>σοῖ,</span> <span class='ocrx_word' id='word_1_835' title='bbox 2397 4918 2493 4973; x_wconf 85' lang='grc' dir='ltr'>Υίὲ</span> <span class='ocrx_word' id='word_1_836' title='bbox 2539 4920 2703 4985; x_wconf 91' lang='grc' dir='ltr'>Θεοῦ;</span> <span class='ocrx_word' id='word_1_837' title='bbox 2760 4916 2964 4983; x_wconf 84' lang='grc' dir='ltr'>Ἦλθες</span> <span class='ocrx_word' id='word_1_838' title='bbox 3037 4918 3144 4991; x_wconf 85' lang='grc' dir='ltr'>πρὸ</span> <span class='ocrx_word' id='word_1_839' title='bbox 3198 4916 3388 4989; x_wconf 87' lang='grc' dir='ltr'>καιροῦ</span> <span class='ocrx_word' id='word_1_840' title='bbox 3451 4908 3673 4987; x_wconf 63' lang='grc' dir='ltr'>βασανίέ-</span> 
     </span>
    </p>
   </div>
   <div class='ocr_carea' id='block_1_107' title="bbox 2099 5004 3673 5083">
    <p class='ocr_par' dir='ltr' id='par_1_107' title="bbox 2099 5004 3673 5083">
     <span class='ocr_line' id='line_1_107' title="bbox 2099 5004 3673 5083; baseline -0.004 -19"><span class='ocrx_word' id='word_1_841' title='bbox 2099 5029 2188 5065; x_wconf 91' lang='grc' dir='ltr'>σαι</span> <span class='ocrx_word' id='word_1_842' title='bbox 2218 5013 2419 5082; x_wconf 77' lang='grc' dir='ltr'>ἡμᾶς.»</span> <span class='ocrx_word' id='word_1_843' title='bbox 2455 5013 2521 5065; x_wconf 83' lang='grc' dir='ltr'><strong>Αἱ</strong></span> <span class='ocrx_word' id='word_1_844' title='bbox 2554 5012 2662 5083; x_wconf 87' lang='grc' dir='ltr'>γὰρ</span> <span class='ocrx_word' id='word_1_845' title='bbox 2687 5011 2786 5083; x_wconf 85' lang='grc' dir='ltr'>τῆς</span> <span class='ocrx_word' id='word_1_846' title='bbox 2831 5010 3081 5081; x_wconf 85' lang='grc' dir='ltr'>θεότητος</span> <span class='ocrx_word' id='word_1_847' title='bbox 3126 5009 3289 5065; x_wconf 84' lang='grc' dir='ltr'>αὐτοῦ</span> <span class='ocrx_word' id='word_1_848' title='bbox 3320 5008 3543 5079; x_wconf 87' lang='grc' dir='ltr'>ἀόρατοι</span> <span class='ocrx_word' id='word_1_849' title='bbox 3577 5004 3673 5060; x_wconf 80' lang='lat' dir='ltr'>ml</span> 
     </span>
    </p>
   </div>
   <div class='ocr_carea' id='block_1_108' title="bbox 2096 5097 3669 5173">
    <p class='ocr_par' dir='ltr' id='par_1_108' title="bbox 2096 5097 3669 5173">
     <span class='ocr_line' id='line_1_108' title="bbox 2096 5097 3669 5173; baseline -0.002 -19"><span class='ocrx_word' id='word_1_850' title='bbox 2096 5103 2321 5171; x_wconf 85' lang='grc' dir='ltr'>ἀφανεῖς</span> <span class='ocrx_word' id='word_1_851' title='bbox 2352 5104 2587 5169; x_wconf 88' lang='grc' dir='ltr'>ἀκτῖνες,</span> <span class='ocrx_word' id='word_1_852' title='bbox 2622 5102 2882 5173; x_wconf 84' lang='grc' dir='ltr'>βασάνους</span> <span class='ocrx_word' id='word_1_853' title='bbox 2906 5104 3000 5156; x_wconf 89' lang='lat' dir='ltr'>ml</span> <span class='ocrx_word' id='word_1_854' title='bbox 3024 5101 3321 5173; x_wconf 86' lang='grc' dir='ltr'>ἀλγηδόνας</span> <span class='ocrx_word' id='word_1_855' title='bbox 3361 5101 3476 5163; x_wconf 84' lang='grc' dir='ltr'>τοῖς</span> <span class='ocrx_word' id='word_1_856' title='bbox 3495 5097 3669 5154; x_wconf 83' lang='grc' dir='ltr'>ταῦτα</span> 
     </span>
    </p>
   </div>
   <div class='ocr_carea' id='block_1_109' title="bbox 2097 5186 3668 5267">
    <p class='ocr_par' dir='ltr' id='par_1_109' title="bbox 2097 5186 3668 5267">
     <span class='ocr_line' id='line_1_109' title="bbox 2097 5186 3668 5267; baseline -0.004 -19"><span class='ocrx_word' id='word_1_857' title='bbox 2097 5194 2314 5263; x_wconf 82' lang='grc' dir='ltr'>λέγουσι</span> <span class='ocrx_word' id='word_1_858' title='bbox 2341 5198 2617 5267; x_wconf 86' lang='grc' dir='ltr'>παρεῖχον.</span> <span class='ocrx_word' id='word_1_859' title='bbox 2680 5195 2753 5248; x_wconf 87' lang='grc' dir='ltr'>Τὸ</span> <span class='ocrx_word' id='word_1_860' title='bbox 2784 5194 2840 5248; x_wconf 90' lang='grc' dir='ltr'>δέ</span> <span class='ocrx_word' id='word_1_861' title='bbox 2873 5212 2937 5264; x_wconf 92' lang='grc' dir='ltr'>γε</span> <span class='ocrx_word' id='word_1_862' title='bbox 2984 5193 3157 5258; x_wconf 85' lang='grc' dir='ltr'>δεξιὸν</span> <span class='ocrx_word' id='word_1_863' title='bbox 3200 5192 3309 5247; x_wconf 87' lang='grc' dir='ltr'>τῶν</span> <span class='ocrx_word' id='word_1_864' title='bbox 3356 5190 3526 5262; x_wconf 84' lang='grc' dir='ltr'>φίλων</span> <span class='ocrx_word' id='word_1_865' title='bbox 3571 5186 3668 5243; x_wconf 78' lang='grc' dir='ltr'>τοῦ</span> 
     </span>
    </p>
   </div>
   <div class='ocr_carea' id='block_1_110' title="bbox 408 5283 3666 5362">
    <p class='ocr_par' dir='ltr' id='par_1_110' title="bbox 408 5283 3666 5362">
     <span class='ocr_line' id='line_1_110' title="bbox 408 5283 3666 5362; baseline -0.001 -22"><span class='ocrx_word' id='word_1_866' title='bbox 408 5289 543 5341; x_wconf 85' lang='grc' dir='ltr'>Θεοῦ</span> <span class='ocrx_word' id='word_1_867' title='bbox 567 5289 751 5361; x_wconf 88' lang='grc' dir='ltr'>τάγμα</span> <span class='ocrx_word' id='word_1_868' title='bbox 773 5289 974 5343; x_wconf 81' lang='grc' dir='ltr'>ὁποίων</span> <span class='ocrx_word' id='word_1_869' title='bbox 996 5288 1268 5342; x_wconf 88' lang='grc' dir='ltr'>ἀπέλαυεν</span> <span class='ocrx_word' id='word_1_870' title='bbox 1329 5289 1549 5359; x_wconf 89' lang='grc' dir='ltr'>ἀγαθῶν</span> <span class='ocrx_word' id='word_1_871' title='bbox 1578 5292 1636 5342; x_wconf 89' lang='grc' dir='ltr'>ἐν</span> <span class='ocrx_word' id='word_1_872' title='bbox 1697 5291 1760 5361; x_wconf 77' lang='grc' dir='ltr'>τῇ</span> <span class='ocrx_word' id='word_1_873' title='bbox 1793 5286 1887 5342; x_wconf 87' lang='grc' dir='ltr'>τοῦ</span> <span class='ocrx_word' id='word_1_874' title='bbox 1934 5289 2190 5361; x_wconf 86' lang='grc' dir='ltr'>Σωτῆρος</span> <span class='ocrx_word' id='word_1_875' title='bbox 2250 5291 2407 5362; x_wconf 87' lang='grc' dir='ltr'>ήμῶν</span> <span class='ocrx_word' id='word_1_876' title='bbox 2456 5291 2769 5355; x_wconf 78' lang='grc' dir='ltr'>ἀναστάσει,</span> <span class='ocrx_word' id='word_1_877' title='bbox 2833 5290 2959 5362; x_wconf 83' lang='grc' dir='ltr'>ἐξῆς</span> <span class='ocrx_word' id='word_1_878' title='bbox 2986 5290 3224 5345; x_wconf 77' lang='grc' dir='ltr'>διδάσκει</span> <span class='ocrx_word' id='word_1_879' title='bbox 3266 5291 3301 5359; x_wconf 85' lang='grc' dir='ltr'>ή</span> <span class='ocrx_word' id='word_1_880' title='bbox 3363 5283 3666 5359; x_wconf 76' lang='grc' dir='ltr'>προφητεία</span> 
     </span>
    </p>
   </div>
   <div class='ocr_carea' id='block_1_111' title="bbox 410 5381 3664 5475">
    <p class='ocr_par' dir='ltr' id='par_1_111' title="bbox 410 5381 3664 5475">
     <span class='ocr_line' id='line_1_111' title="bbox 410 5381 3664 5475; baseline 0 -40"><span class='ocrx_word' id='word_1_881' title='bbox 410 5382 659 5451; x_wconf 81' lang='grc' dir='ltr'>λέγουσα’</span> <span class='ocrx_word' id='word_1_882' title='bbox 703 5405 721 5435; x_wconf 74' lang='grc' dir='ltr'>ε</span> <span class='ocrx_word' id='word_1_883' title='bbox 770 5385 877 5441; x_wconf 86' lang='lat' dir='ltr'>Kal</span> <span class='ocrx_word' id='word_1_884' title='bbox 914 5386 962 5437; x_wconf 83' lang='grc' dir='ltr'>οῖ</span> <span class='ocrx_word' id='word_1_885' title='bbox 998 5384 1195 5437; x_wconf 90' lang='grc' dir='ltr'>δίκαιοι</span> <span class='ocrx_word' id='word_1_886' title='bbox 1243 5385 1725 5456; x_wconf 81' lang='grc' dir='ltr'>εὐφρανθήτωσαν,</span> <span class='ocrx_word' id='word_1_887' title='bbox 1775 5384 2222 5453; x_wconf 86' lang='grc' dir='ltr'>ἀγαλλιάσθωσαν</span> <span class='ocrx_word' id='word_1_888' title='bbox 2284 5386 2513 5441; x_wconf 86' lang='grc' dir='ltr'>ἐνώπιον</span> <span class='ocrx_word' id='word_1_889' title='bbox 2573 5386 2667 5441; x_wconf 89' lang='grc' dir='ltr'>τοῦ</span> <span class='ocrx_word' id='word_1_890' title='bbox 2712 5387 2867 5453; x_wconf 88' lang='grc' dir='ltr'>Θεοῦ,</span> <span class='ocrx_word' id='word_1_891' title='bbox 2915 5387 3303 5475; x_wconf 64' lang='grc' dir='ltr'>τερφθήτιοσαν</span> <span class='ocrx_word' id='word_1_892' title='bbox 3349 5383 3409 5437; x_wconf 83' lang='grc' dir='ltr'>ἐν</span> <span class='ocrx_word' id='word_1_893' title='bbox 3464 5381 3664 5454; x_wconf 82' lang='grc' dir='ltr'>εὐφρο-</span> 
     </span>
    </p>
   </div>
   <div class='ocr_carea' id='block_1_112' title="bbox 412 5475 3665 5553">
    <p class='ocr_par' dir='ltr' id='par_1_112' title="bbox 412 5475 3665 5553">
     <span class='ocr_line' id='line_1_112' title="bbox 412 5475 3665 5553; baseline 0.001 -25"><span class='ocrx_word' id='word_1_894' title='bbox 412 5478 599 5549; x_wconf 78' lang='grc' dir='ltr'>σύνῃ.»</span> <span class='ocrx_word' id='word_1_895' title='bbox 639 5480 848 5532; x_wconf 85' lang='grc' dir='ltr'>Ὀποῖον</span> <span class='ocrx_word' id='word_1_896' title='bbox 877 5480 933 5532; x_wconf 89' lang='grc' dir='ltr'>δέ</span> <span class='ocrx_word' id='word_1_897' title='bbox 972 5481 1088 5532; x_wconf 87' lang='grc' dir='ltr'>ἐστι</span> <span class='ocrx_word' id='word_1_898' title='bbox 1120 5479 1183 5533; x_wconf 88' lang='grc' dir='ltr'>τὸ</span> <span class='ocrx_word' id='word_1_899' title='bbox 1236 5480 1311 5551; x_wconf 79' lang='grc' dir='ltr'>μὴ</span> <span class='ocrx_word' id='word_1_900' title='bbox 1370 5480 1556 5544; x_wconf 89' lang='grc' dir='ltr'>ἀπλῶς</span> <span class='ocrx_word' id='word_1_901' title='bbox 1606 5478 1993 5550; x_wconf 79' lang='grc' dir='ltr'>εὐφραίνεσθαι</span> <span class='ocrx_word' id='word_1_902' title='bbox 2031 5480 2126 5533; x_wconf 89' lang='lat' dir='ltr'>ml</span> <span class='ocrx_word' id='word_1_903' title='bbox 2189 5480 2471 5553; x_wconf 83' lang='grc' dir='ltr'>ἀγαλλιᾷν,</span> <span class='ocrx_word' id='word_1_904' title='bbox 2505 5482 2619 5535; x_wconf 87' lang='grc' dir='ltr'>ἀλλ’</span> <span class='ocrx_word' id='word_1_905' title='bbox 2654 5480 2884 5537; x_wconf 86' lang='grc' dir='ltr'>ἐνώπιον</span> <span class='ocrx_word' id='word_1_906' title='bbox 2938 5481 3031 5536; x_wconf 93' lang='grc' dir='ltr'>τοῦ</span> <span class='ocrx_word' id='word_1_907' title='bbox 3068 5479 3203 5536; x_wconf 89' lang='grc' dir='ltr'>Θεοῦ</span> <span class='ocrx_word' id='word_1_908' title='bbox 3239 5481 3333 5535; x_wconf 77' lang='grc' dir='ltr'>καὶ</span> <span class='ocrx_word' id='word_1_909' title='bbox 3378 5475 3544 5551; x_wconf 82' lang='grc' dir='ltr'>’παρά</span> <span class='ocrx_word' id='word_1_910' title='bbox 3585 5475 3665 5548; x_wconf 80' lang='grc' dir='ltr'>τῷ</span> 
     </span>
    </p>
   </div>
   <div class='ocr_carea' id='block_1_113' title="bbox 411 5572 2991 5650">
    <p class='ocr_par' dir='ltr' id='par_1_113' title="bbox 411 5572 2991 5650">
     <span class='ocr_line' id='line_1_113' title="bbox 411 5572 2991 5650; baseline 0.003 -27"><span class='ocrx_word' id='word_1_911' title='bbox 411 5572 529 5643; x_wconf 84' lang='grc' dir='ltr'>Θεῷ</span> <span class='ocrx_word' id='word_1_912' title='bbox 555 5574 753 5629; x_wconf 90' lang='grc' dir='ltr'>τούτων</span> <span class='ocrx_word' id='word_1_913' title='bbox 774 5576 1083 5642; x_wconf 85' lang='grc' dir='ltr'>ἀπολαύειν,</span> <span class='ocrx_word' id='word_1_914' title='bbox 1124 5576 1283 5648; x_wconf 78' lang='grc' dir='ltr'>ἡδονῇ</span> <span class='ocrx_word' id='word_1_915' title='bbox 1307 5593 1365 5629; x_wconf 91' lang='grc' dir='ltr'>τε</span> <span class='ocrx_word' id='word_1_916' title='bbox 1392 5576 1511 5647; x_wconf 84' lang='grc' dir='ltr'>θείᾳ</span> <span class='ocrx_word' id='word_1_917' title='bbox 1544 5577 1834 5650; x_wconf 83' lang='grc' dir='ltr'>ἐντρυφᾷν,</span> <span class='ocrx_word' id='word_1_918' title='bbox 1877 5576 1976 5628; x_wconf 80' lang='grc' dir='ltr'>οὐκ</span> <span class='ocrx_word' id='word_1_919' title='bbox 2014 5575 2157 5629; x_wconf 81' lang='grc' dir='ltr'>ἐστιν</span> <span class='ocrx_word' id='word_1_920' title='bbox 2181 5578 2417 5645; x_wconf 79' lang='grc' dir='ltr'>ἐπαξίως</span> <span class='ocrx_word' id='word_1_921' title='bbox 2440 5578 2581 5649; x_wconf 85' lang='grc' dir='ltr'>λόγῳ</span> <span class='ocrx_word' id='word_1_922' title='bbox 2611 5576 2991 5650; x_wconf 87' lang='grc' dir='ltr'>διηγήσασθαι.</span> 
     </span>
    </p>
   </div>
   <div class='ocr_carea' id='block_1_114' title="bbox 497 5748 2082 5828">
    <p class='ocr_par' dir='ltr' id='par_1_114' title="bbox 497 5748 2082 5828">
     <span class='ocr_line' id='line_1_114' title="bbox 497 5748 2082 5828; baseline 0.013 -28"><span class='ocrx_word' id='word_1_923' title='bbox 497 5748 669 5808; x_wconf 67' lang='lat' dir='ltr'><strong>“Psal.</strong></span> <span class='ocrx_word' id='word_1_924' title='bbox 691 5765 751 5820; x_wconf 86' lang='grc' dir='ltr'>ιι,</span> <span class='ocrx_word' id='word_1_925' title='bbox 784 5755 835 5816; x_wconf 80' lang='grc'>1,</span> <span class='ocrx_word' id='word_1_926' title='bbox 866 5757 919 5813; x_wconf 74' lang='lat'><strong>2.</strong></span> <span class='ocrx_word' id='word_1_927' title='bbox 996 5760 1014 5789; x_wconf 89' lang='lat'>&quot;</span> <span class='ocrx_word' id='word_1_928' title='bbox 1042 5755 1186 5813; x_wconf 89' lang='lat' dir='ltr'><strong>Psal.</strong></span> <span class='ocrx_word' id='word_1_929' title='bbox 1218 5773 1368 5825; x_wconf 86' lang='lat' dir='ltr'><strong>cvm,</strong></span> <span class='ocrx_word' id='word_1_930' title='bbox 1388 5758 1503 5814; x_wconf 76' lang='lat'>3-5.</span> <span class='ocrx_word' id='word_1_931' title='bbox 1581 5762 1601 5793; x_wconf 83' lang='grc'>⁸</span> <span class='ocrx_word' id='word_1_932' title='bbox 1628 5759 1815 5815; x_wconf 83' lang='lat' dir='ltr'><strong>Matth.</strong></span> <span class='ocrx_word' id='word_1_933' title='bbox 1843 5776 1962 5828; x_wconf 78' lang='lat' dir='ltr'><strong>vni,</strong></span> <span class='ocrx_word' id='word_1_934' title='bbox 1990 5759 2082 5819; x_wconf 71' lang='lat'>29.</span> 
     </span>
    </p>
   </div>
  </div>
