  <div class='ocr_page' id='page_1' title='image "/cluster/home/n/w/nwhite01/storage/ocr_20150623/23/nnc1.0046978313/368.png"; bbox 0 0 4146 6390; ppageno 0'>
   <div class='ocr_carea' id='block_1_1' title="bbox 468 371 576 433">
    <p class='ocr_par' dir='ltr' id='par_1_1' title="bbox 468 371 576 433">
     <span class='ocr_line' id='line_1_1' title="bbox 468 371 576 433; baseline 0.009 -3"><span class='ocrx_word' id='word_1_1' title='bbox 468 371 576 433; x_wconf 79' lang='lat'><strong>685</strong></span> 
     </span>
    </p>
   </div>
   <div class='ocr_carea' id='block_1_2' title="bbox 1583 366 2580 429">
    <p class='ocr_par' dir='ltr' id='par_1_2' title="bbox 1583 366 2580 429">
     <span class='ocr_line' id='line_1_2' title="bbox 1583 366 2580 429; baseline -0.001 -2"><span class='ocrx_word' id='word_1_2' title='bbox 1583 366 2095 427; x_wconf 74' lang='lat' dir='ltr'><strong>&#39;COMM‘ENTARIA</strong></span> <span class='ocrx_word' id='word_1_3' title='bbox 2135 367 2203 422; x_wconf 83' lang='lat' dir='ltr'><strong>IN</strong></span> <span class='ocrx_word' id='word_1_4' title='bbox 2241 368 2580 429; x_wconf 80' lang='lat' dir='ltr'><strong>PSALMOS.</strong></span> 
     </span>
    </p>
   </div>
   <div class='ocr_carea' id='block_1_3' title="bbox 3629 379 3736 436">
    <p class='ocr_par' dir='ltr' id='par_1_3' title="bbox 3629 379 3736 436">
     <span class='ocr_line' id='line_1_3' title="bbox 3629 379 3736 436; baseline 0.009 -1"><span class='ocrx_word' id='word_1_5' title='bbox 3629 379 3736 436; x_wconf 78' lang='lat'><strong>686</strong></span> 
     </span>
    </p>
   </div>
   <div class='ocr_carea' id='block_1_4' title="bbox 548 484 2059 562">
    <p class='ocr_par' dir='ltr' id='par_1_4' title="bbox 548 485 2059 559">
     <span class='ocr_line' id='line_1_4' title="bbox 548 485 2059 559; baseline -0.001 -19"><span class='ocrx_word' id='word_1_6' title='bbox 548 505 567 540; x_wconf 72' lang='grc' dir='ltr'><strong>σ</strong></span> <span class='ocrx_word' id='word_1_7' title='bbox 602 486 801 559; x_wconf 78' lang='grc' dir='ltr'>’ᾼσατε</span> <span class='ocrx_word' id='word_1_8' title='bbox 836 485 914 558; x_wconf 88' lang='grc' dir='ltr'><strong>τῷ</strong></span> <span class='ocrx_word' id='word_1_9' title='bbox 969 487 1108 558; x_wconf 84' lang='grc' dir='ltr'>Θεῷ,</span> <span class='ocrx_word' id='word_1_10' title='bbox 1134 486 1340 556; x_wconf 76' lang='grc' dir='ltr'>ψάλατε</span> <span class='ocrx_word' id='word_1_11' title='bbox 1365 487 1440 558; x_wconf 88' lang='grc' dir='ltr'><strong>τῷ</strong></span> <span class='ocrx_word' id='word_1_12' title='bbox 1474 488 1695 558; x_wconf 78' lang='grc' dir='ltr'>ὀνόματι</span> <span class='ocrx_word' id='word_1_13' title='bbox 1731 487 1915 541; x_wconf 81' lang='grc' dir='ltr'>αὐτοῦ·</span> <span class='ocrx_word' id='word_1_14' title='bbox 1946 488 2059 541; x_wconf 73' lang='lat'><strong>660-</strong></span> 
     </span>
    </p>
   </div>
   <div class='ocr_carea' id='block_1_5' title="bbox 2160 484 3742 562">
    <p class='ocr_par' dir='ltr' id='par_1_5' title="bbox 2234 484 3742 562">
     <span class='ocr_line' id='line_1_5' title="bbox 2234 484 3742 562; baseline 0.005 -24"><span class='ocrx_word' id='word_1_15' title='bbox 2234 484 2400 543; x_wconf 77' lang='lat' dir='ltr'><strong>Vens.</strong></span> <span class='ocrx_word' id='word_1_16' title='bbox 2430 488 2483 553; x_wconf 83' lang='lat'><strong>5,</strong></span> <span class='ocrx_word' id='word_1_17' title='bbox 2522 487 2578 543; x_wconf 86' lang='lat'><strong>6.</strong></span> <span class='ocrx_word' id='word_1_18' title='bbox 2626 506 2645 540; x_wconf 88' lang='grc'><strong><em>‹</em></strong></span> <span class='ocrx_word' id='word_1_19' title='bbox 2687 486 2917 545; x_wconf 90' lang='lat' dir='ltr'><strong>Cantate</strong></span> <span class='ocrx_word' id='word_1_20' title='bbox 2962 488 3093 558; x_wconf 90' lang='lat' dir='ltr'><strong>Deo,</strong></span> <span class='ocrx_word' id='word_1_21' title='bbox 3129 490 3404 562; x_wconf 84' lang='lat' dir='ltr'><strong>psalmum</strong></span> <span class='ocrx_word' id='word_1_22' title='bbox 3436 490 3605 547; x_wconf 90' lang='lat' dir='ltr'><strong>dicite</strong></span> <span class='ocrx_word' id='word_1_23' title='bbox 3643 508 3742 546; x_wconf 54' lang='lat' dir='ltr'><strong>no-</strong></span> 
     </span>
    </p>
   </div>
   <div class='ocr_carea' id='block_1_6' title="bbox 481 579 2059 652">
    <p class='ocr_par' dir='ltr' id='par_1_6' title="bbox 481 579 2059 652">
     <span class='ocr_line' id='line_1_6' title="bbox 481 579 2059 652; baseline 0 -19"><span class='ocrx_word' id='word_1_24' title='bbox 481 582 735 652; x_wconf 82' lang='grc' dir='ltr'>ποιήσατε</span> <span class='ocrx_word' id='word_1_25' title='bbox 768 579 845 651; x_wconf 85' lang='grc' dir='ltr'><strong>τῷ</strong></span> <span class='ocrx_word' id='word_1_26' title='bbox 867 580 1217 652; x_wconf 87' lang='grc' dir='ltr'>ἐπιϐεϐηκότι</span> <span class='ocrx_word' id='word_1_27' title='bbox 1240 581 1332 633; x_wconf 77' lang='grc' dir='ltr'><strong>ἐπὶ</strong></span> <span class='ocrx_word' id='word_1_28' title='bbox 1369 580 1640 651; x_wconf 79' lang='grc' dir='ltr'>δυσμῶν.)</span> <span class='ocrx_word' id='word_1_29' title='bbox 1674 581 1776 634; x_wconf 79' lang='grc' dir='ltr'>Τὸν</span> <span class='ocrx_word' id='word_1_30' title='bbox 1807 582 1905 652; x_wconf 80' lang='grc' dir='ltr'><strong>μὲν</strong></span> <span class='ocrx_word' id='word_1_31' title='bbox 1932 582 2059 652; x_wconf 79' lang='grc' dir='ltr'>περὶ</span> 
     </span>
    </p>
   </div>
   <div class='ocr_carea' id='block_1_7' title="bbox 477 673 2060 745">
    <p class='ocr_par' dir='ltr' id='par_1_7' title="bbox 477 673 2060 745">
     <span class='ocr_line' id='line_1_7' title="bbox 477 673 2060 745; baseline -0.001 -18"><span class='ocrx_word' id='word_1_32' title='bbox 477 673 581 727; x_wconf 88' lang='grc' dir='ltr'><strong>τῶν</strong></span> <span class='ocrx_word' id='word_1_33' title='bbox 610 673 819 745; x_wconf 78' lang='grc' dir='ltr'>ἐχθρῶν</span> <span class='ocrx_word' id='word_1_34' title='bbox 853 674 945 727; x_wconf 68' lang='grc' dir='ltr'><strong>κα)⁵</strong></span> <span class='ocrx_word' id='word_1_35' title='bbox 1003 675 1305 744; x_wconf 81' lang='grc' dir='ltr'><strong>μισούντων</strong></span> <span class='ocrx_word' id='word_1_36' title='bbox 1336 675 1426 727; x_wconf 85' lang='grc' dir='ltr'><strong>τὸν</strong></span> <span class='ocrx_word' id='word_1_37' title='bbox 1459 674 1592 727; x_wconf 84' lang='grc' dir='ltr'>Θεὸν</span> <span class='ocrx_word' id='word_1_38' title='bbox 1629 674 1786 742; x_wconf 88' lang='grc' dir='ltr'>λόγον</span> <span class='ocrx_word' id='word_1_39' title='bbox 1813 674 1900 727; x_wconf 78' lang='grc' dir='ltr'>διὰ</span> <span class='ocrx_word' id='word_1_40' title='bbox 1931 674 2060 745; x_wconf 80' lang='grc' dir='ltr'>βρα-</span> 
     </span>
    </p>
   </div>
   <div class='ocr_carea' id='block_1_8' title="bbox 475 766 2059 837">
    <p class='ocr_par' dir='ltr' id='par_1_8' title="bbox 475 766 2059 837">
     <span class='ocr_line' id='line_1_8' title="bbox 475 766 2059 837; baseline 0.001 -20"><span class='ocrx_word' id='word_1_41' title='bbox 475 767 610 836; x_wconf 76' lang='grc' dir='ltr'>χέων</span> <span class='ocrx_word' id='word_1_42' title='bbox 645 766 988 836; x_wconf 81' lang='grc' dir='ltr'>ἐπετέμετοή</span> <span class='ocrx_word' id='word_1_43' title='bbox 1009 766 1330 837; x_wconf 81' lang='grc' dir='ltr'>προφητεία·</span> <span class='ocrx_word' id='word_1_44' title='bbox 1359 766 1448 819; x_wconf 85' lang='grc' dir='ltr'><strong>τὸν</strong></span> <span class='ocrx_word' id='word_1_45' title='bbox 1472 766 1528 818; x_wconf 81' lang='grc' dir='ltr'><strong>δὲ</strong></span> <span class='ocrx_word' id='word_1_46' title='bbox 1558 766 1812 837; x_wconf 71' lang='grc' dir='ltr'>περὶτῶν</span> <span class='ocrx_word' id='word_1_47' title='bbox 1836 766 2059 819; x_wconf 84' lang='grc' dir='ltr'>δικαίων</span> 
     </span>
    </p>
   </div>
   <div class='ocr_carea' id='block_1_9' title="bbox 474 856 2059 931">
    <p class='ocr_par' dir='ltr' id='par_1_9' title="bbox 474 856 2059 931">
     <span class='ocr_line' id='line_1_9' title="bbox 474 856 2059 931; baseline 0.001 -22"><span class='ocrx_word' id='word_1_48' title='bbox 474 856 717 923; x_wconf 80' lang='grc' dir='ltr'>ὲξαπλοῖ,</span> <span class='ocrx_word' id='word_1_49' title='bbox 747 858 1157 929; x_wconf 86' lang='grc' dir='ltr'>ἐνδιατρίϐουσα</span> <span class='ocrx_word' id='word_1_50' title='bbox 1181 861 1246 929; x_wconf 81' lang='grc' dir='ltr'>τῇ</span> <span class='ocrx_word' id='word_1_51' title='bbox 1280 859 1409 930; x_wconf 78' lang='grc' dir='ltr'>περὶ</span> <span class='ocrx_word' id='word_1_52' title='bbox 1460 858 1640 911; x_wconf 79' lang='grc' dir='ltr'>αὐτῶν</span> <span class='ocrx_word' id='word_1_53' title='bbox 1678 860 1885 931; x_wconf 78' lang='grc' dir='ltr'>μνήμῃ.</span> <span class='ocrx_word' id='word_1_54' title='bbox 1946 858 2059 911; x_wconf 77' lang='grc' dir='ltr'>Καὶ</span> 
     </span>
    </p>
   </div>
   <div class='ocr_carea' id='block_1_10' title="bbox 474 948 2060 1021">
    <p class='ocr_par' dir='ltr' id='par_1_10' title="bbox 474 948 2060 1021">
     <span class='ocr_line' id='line_1_10' title="bbox 474 948 2060 1021; baseline -0.002 -20"><span class='ocrx_word' id='word_1_55' title='bbox 474 948 537 1021; x_wconf 86' lang='grc' dir='ltr'><strong>δὴ</strong></span> <span class='ocrx_word' id='word_1_56' title='bbox 572 951 632 1003; x_wconf 64' lang='grc' dir='ltr'>τὸ</span> <span class='ocrx_word' id='word_1_57' title='bbox 682 948 907 1019; x_wconf 79' lang='grc' dir='ltr'>Πνεῦμα</span> <span class='ocrx_word' id='word_1_58' title='bbox 937 950 997 1002; x_wconf 85' lang='grc' dir='ltr'><strong>τὸ</strong></span> <span class='ocrx_word' id='word_1_59' title='bbox 1021 948 1173 1017; x_wconf 83' lang='grc' dir='ltr'>ἆγιον</span> <span class='ocrx_word' id='word_1_60' title='bbox 1204 949 1639 1021; x_wconf 80' lang='grc' dir='ltr'>παρακελεύεται</span> <span class='ocrx_word' id='word_1_61' title='bbox 1686 952 1797 1012; x_wconf 86' lang='grc' dir='ltr'>τοῖς</span> <span class='ocrx_word' id='word_1_62' title='bbox 1830 948 2060 1011; x_wconf 87' lang='grc' dir='ltr'>δικαίοις</span> 
     </span>
    </p>
   </div>
   <div class='ocr_carea' id='block_1_11' title="bbox 474 1040 2059 1113">
    <p class='ocr_par' dir='ltr' id='par_1_11' title="bbox 474 1040 2059 1113">
     <span class='ocr_line' id='line_1_11' title="bbox 474 1040 2059 1113; baseline -0.001 -18"><span class='ocrx_word' id='word_1_63' title='bbox 474 1041 621 1112; x_wconf 79' lang='grc' dir='ltr'>ᾄδειν</span> <span class='ocrx_word' id='word_1_64' title='bbox 652 1043 745 1097; x_wconf 71' lang='grc' dir='ltr'><strong>καὶ</strong></span> <span class='ocrx_word' id='word_1_65' title='bbox 774 1043 995 1113; x_wconf 67' lang='grc' dir='ltr'>ψάλλειν</span> <span class='ocrx_word' id='word_1_66' title='bbox 1026 1041 1104 1113; x_wconf 84' lang='grc' dir='ltr'><strong>τῷ</strong></span> <span class='ocrx_word' id='word_1_67' title='bbox 1135 1042 1275 1113; x_wconf 89' lang='grc' dir='ltr'>Θεῷ,</span> <span class='ocrx_word' id='word_1_68' title='bbox 1332 1044 1409 1106; x_wconf 88' lang='grc' dir='ltr'>ὼς</span> <span class='ocrx_word' id='word_1_69' title='bbox 1453 1042 1518 1095; x_wconf 86' lang='grc' dir='ltr'>ἂν</span> <span class='ocrx_word' id='word_1_70' title='bbox 1553 1042 1640 1095; x_wconf 89' lang='grc' dir='ltr'><strong>διά</strong></span> <span class='ocrx_word' id='word_1_71' title='bbox 1670 1042 1874 1095; x_wconf 88' lang='grc' dir='ltr'>τούτων</span> <span class='ocrx_word' id='word_1_72' title='bbox 1933 1040 2059 1111; x_wconf 80' lang='grc' dir='ltr'><strong>μὲλ-</strong></span> 
     </span>
    </p>
   </div>
   <div class='ocr_carea' id='block_1_12' title="bbox 474 1134 2058 1205">
    <p class='ocr_par' dir='ltr' id='par_1_12' title="bbox 474 1134 2058 1205">
     <span class='ocr_line' id='line_1_12' title="bbox 474 1134 2058 1205; baseline -0.001 -17"><span class='ocrx_word' id='word_1_73' title='bbox 474 1134 656 1188; x_wconf 87' lang='grc' dir='ltr'>λουσιν</span> <span class='ocrx_word' id='word_1_74' title='bbox 678 1134 968 1189; x_wconf 77' lang='grc' dir='ltr'>ἀπολαύειν</span> <span class='ocrx_word' id='word_1_75' title='bbox 995 1136 1095 1205; x_wconf 88' lang='grc' dir='ltr'><strong>τῆς</strong></span> <span class='ocrx_word' id='word_1_76' title='bbox 1128 1134 1279 1197; x_wconf 81' lang='grc' dir='ltr'>θείας</span> <span class='ocrx_word' id='word_1_77' title='bbox 1309 1134 1647 1205; x_wconf 73' lang='grc' dir='ltr'>εὐφροσύνης</span> <span class='ocrx_word' id='word_1_78' title='bbox 1672 1136 1769 1187; x_wconf 78' lang='grc' dir='ltr'><strong>καὶ</strong></span> <span class='ocrx_word' id='word_1_79' title='bbox 1794 1135 1892 1204; x_wconf 88' lang='grc' dir='ltr'><strong>τῆς</strong></span> <span class='ocrx_word' id='word_1_80' title='bbox 1925 1151 2058 1205; x_wconf 85' lang='grc' dir='ltr'>προ-</span> 
     </span>
    </p>
   </div>
   <div class='ocr_carea' id='block_1_13' title="bbox 474 1226 2058 1300">
    <p class='ocr_par' dir='ltr' id='par_1_13' title="bbox 474 1226 2058 1300">
     <span class='ocr_line' id='line_1_13' title="bbox 474 1226 2058 1300; baseline -0.001 -20"><span class='ocrx_word' id='word_1_81' title='bbox 474 1226 760 1299; x_wconf 81' lang='grc' dir='ltr'>λεχθείσης</span> <span class='ocrx_word' id='word_1_82' title='bbox 790 1228 1074 1300; x_wconf 82' lang='grc' dir='ltr'>τερπωλῆς</span> <span class='ocrx_word' id='word_1_83' title='bbox 1101 1228 1193 1281; x_wconf 62' lang='grc' dir='ltr'><strong>καλ¹</strong></span> <span class='ocrx_word' id='word_1_84' title='bbox 1248 1227 1641 1296; x_wconf 83' lang='grc' dir='ltr'>ἀγαλλιάσεως.</span> <span class='ocrx_word' id='word_1_85' title='bbox 1673 1228 1782 1280; x_wconf 74' lang='grc' dir='ltr'>Καὶ</span> <span class='ocrx_word' id='word_1_86' title='bbox 1826 1227 2058 1298; x_wconf 83' lang='grc' dir='ltr'>ἐπείπερ</span> 
     </span>
    </p>
   </div>
   <div class='ocr_carea' id='block_1_14' title="bbox 475 1318 2059 1391">
    <p class='ocr_par' dir='ltr' id='par_1_14' title="bbox 475 1318 2059 1391">
     <span class='ocr_line' id='line_1_14' title="bbox 475 1318 2059 1391; baseline 0 -19"><span class='ocrx_word' id='word_1_87' title='bbox 475 1319 585 1373; x_wconf 85' lang='grc' dir='ltr'><strong>τῶν</strong></span> <span class='ocrx_word' id='word_1_88' title='bbox 610 1319 704 1373; x_wconf 89' lang='grc' dir='ltr'><strong>δύο</strong></span> <span class='ocrx_word' id='word_1_89' title='bbox 739 1319 962 1384; x_wconf 87' lang='grc' dir='ltr'>τούτων,</span> <span class='ocrx_word' id='word_1_90' title='bbox 1021 1320 1163 1388; x_wconf 79' lang='grc' dir='ltr'>λέγω</span> <span class='ocrx_word' id='word_1_91' title='bbox 1212 1320 1269 1373; x_wconf 85' lang='grc' dir='ltr'><strong>δὲ</strong></span> <span class='ocrx_word' id='word_1_92' title='bbox 1301 1318 1393 1373; x_wconf 87' lang='grc' dir='ltr'><strong>τοῦ</strong></span> <span class='ocrx_word' id='word_1_93' title='bbox 1429 1320 1575 1391; x_wconf 85' lang='grc' dir='ltr'>ᾅδειν</span> <span class='ocrx_word' id='word_1_94' title='bbox 1604 1320 1698 1373; x_wconf 79' lang='grc' dir='ltr'><strong>καὶ</strong></span> <span class='ocrx_word' id='word_1_95' title='bbox 1728 1320 1970 1389; x_wconf 76' lang='grc' dir='ltr'>ψάλλειν,</span> <span class='ocrx_word' id='word_1_96' title='bbox 1998 1320 2059 1373; x_wconf 82' lang='grc' dir='ltr'><strong>τὸ</strong></span> 
     </span>
    </p>
   </div>
   <div class='ocr_carea' id='block_1_15' title="bbox 481 1404 2057 1481">
    <p class='ocr_par' dir='ltr' id='par_1_15' title="bbox 481 1404 2057 1481">
     <span class='ocr_line' id='line_1_15' title="bbox 481 1404 2057 1481; baseline 0 -20"><span class='ocrx_word' id='word_1_97' title='bbox 481 1409 580 1481; x_wconf 82' lang='grc' dir='ltr'><strong>μὲν</strong></span> <span class='ocrx_word' id='word_1_98' title='bbox 614 1412 859 1481; x_wconf 84' lang='grc' dir='ltr'>κρεῖττον</span> <span class='ocrx_word' id='word_1_99' title='bbox 889 1404 956 1479; x_wconf 78' lang='grc' dir='ltr'>ἦν</span> <span class='ocrx_word' id='word_1_100' title='bbox 986 1407 1046 1460; x_wconf 81' lang='grc' dir='ltr'><strong>τὸ</strong></span> <span class='ocrx_word' id='word_1_101' title='bbox 1102 1408 1268 1480; x_wconf 81' lang='grc' dir='ltr'>ᾅδειν,</span> <span class='ocrx_word' id='word_1_102' title='bbox 1315 1408 1376 1460; x_wconf 79' lang='grc' dir='ltr'>τὸ</span> <span class='ocrx_word' id='word_1_103' title='bbox 1413 1409 1470 1461; x_wconf 86' lang='grc' dir='ltr'><strong>δέ</strong></span> <span class='ocrx_word' id='word_1_104' title='bbox 1508 1408 1847 1480; x_wconf 83' lang='grc' dir='ltr'>ὑποϐεϐηκὸς</span> <span class='ocrx_word' id='word_1_105' title='bbox 1881 1409 1940 1462; x_wconf 84' lang='grc' dir='ltr'><strong>τὸ</strong></span> <span class='ocrx_word' id='word_1_106' title='bbox 1991 1409 2057 1461; x_wconf 79' lang='grc' dir='ltr'>δι’</span> 
     </span>
    </p>
   </div>
   <div class='ocr_carea' id='block_1_16' title="bbox 475 1500 2058 1573">
    <p class='ocr_par' dir='ltr' id='par_1_16' title="bbox 475 1500 2058 1573">
     <span class='ocr_line' id='line_1_16' title="bbox 475 1500 2058 1573; baseline 0.001 -20"><span class='ocrx_word' id='word_1_107' title='bbox 475 1501 710 1573; x_wconf 80' lang='grc' dir='ltr'>ὀργάνου</span> <span class='ocrx_word' id='word_1_108' title='bbox 744 1500 1164 1571; x_wconf 83' lang='grc' dir='ltr'>ἀνακρούεσθαι,</span> <span class='ocrx_word' id='word_1_109' title='bbox 1214 1500 1437 1564; x_wconf 85' lang='grc' dir='ltr'>εἰκότως</span> <span class='ocrx_word' id='word_1_110' title='bbox 1465 1501 1525 1554; x_wconf 72' lang='grc' dir='ltr'><strong>τὸ</strong></span> <span class='ocrx_word' id='word_1_111' title='bbox 1560 1501 1660 1571; x_wconf 84' lang='grc' dir='ltr'><strong>μὲν</strong></span> <span class='ocrx_word' id='word_1_112' title='bbox 1693 1505 1939 1573; x_wconf 86' lang='grc' dir='ltr'>κρεῖττον</span> <span class='ocrx_word' id='word_1_113' title='bbox 1969 1503 2058 1556; x_wconf 89' lang='grc' dir='ltr'>ἀν-</span> 
     </span>
    </p>
   </div>
   <div class='ocr_carea' id='block_1_17' title="bbox 474 1592 2059 1666">
    <p class='ocr_par' dir='ltr' id='par_1_17' title="bbox 474 1592 2059 1666">
     <span class='ocr_line' id='line_1_17' title="bbox 474 1592 2059 1666; baseline 0.002 -20"><span class='ocrx_word' id='word_1_114' title='bbox 474 1593 642 1664; x_wconf 82' lang='grc' dir='ltr'>έθηκε</span> <span class='ocrx_word' id='word_1_115' title='bbox 667 1592 744 1662; x_wconf 88' lang='grc' dir='ltr'><strong>τῷ</strong></span> <span class='ocrx_word' id='word_1_116' title='bbox 770 1592 906 1663; x_wconf 86' lang='grc' dir='ltr'>Θεῷ,</span> <span class='ocrx_word' id='word_1_117' title='bbox 940 1592 1000 1645; x_wconf 82' lang='grc' dir='ltr'>τὸ</span> <span class='ocrx_word' id='word_1_118' title='bbox 1017 1593 1073 1645; x_wconf 81' lang='grc' dir='ltr'>δὲ</span> <span class='ocrx_word' id='word_1_119' title='bbox 1102 1593 1191 1648; x_wconf 83' lang='grc' dir='ltr'>διὰ</span> <span class='ocrx_word' id='word_1_120' title='bbox 1215 1592 1309 1646; x_wconf 89' lang='grc' dir='ltr'><strong>τοῦ</strong></span> <span class='ocrx_word' id='word_1_121' title='bbox 1330 1594 1563 1665; x_wconf 83' lang='grc' dir='ltr'>ὀργάνου</span> <span class='ocrx_word' id='word_1_122' title='bbox 1581 1595 1824 1666; x_wconf 79' lang='grc' dir='ltr'>ἐνεργεῖν</span> <span class='ocrx_word' id='word_1_123' title='bbox 1850 1594 1928 1666; x_wconf 86' lang='grc' dir='ltr'><strong>τῷ</strong></span> <span class='ocrx_word' id='word_1_124' title='bbox 1943 1596 2059 1649; x_wconf 85' lang='grc' dir='ltr'><strong>ὀνό-</strong></span> 
     </span>
    </p>
   </div>
   <div class='ocr_carea' id='block_1_18' title="bbox 481 1687 2057 1761">
    <p class='ocr_par' dir='ltr' id='par_1_18' title="bbox 481 1687 2057 1761">
     <span class='ocr_line' id='line_1_18' title="bbox 481 1687 2057 1761; baseline 0 -20"><span class='ocrx_word' id='word_1_125' title='bbox 481 1705 611 1758; x_wconf 88' lang='grc' dir='ltr'>ματι</span> <span class='ocrx_word' id='word_1_126' title='bbox 646 1687 830 1743; x_wconf 76' lang='grc' dir='ltr'>αὑτοῦ.</span> <span class='ocrx_word' id='word_1_127' title='bbox 881 1709 901 1739; x_wconf 83' lang='grc'>‹</span> <span class='ocrx_word' id='word_1_128' title='bbox 929 1689 1130 1760; x_wconf 81' lang='grc' dir='ltr'>ᾏσατε</span> <span class='ocrx_word' id='word_1_129' title='bbox 1158 1707 1175 1739; x_wconf 72' lang='grc' dir='ltr'><strong>ι</strong></span> <span class='ocrx_word' id='word_1_130' title='bbox 1239 1688 1369 1761; x_wconf 82' lang='grc' dir='ltr'>γὰρ,</span> <span class='ocrx_word' id='word_1_131' title='bbox 1406 1688 1559 1759; x_wconf 69' lang='grc' dir='ltr'>φησὶ,</span> <span class='ocrx_word' id='word_1_132' title='bbox 1628 1708 1645 1740; x_wconf 76' lang='grc' dir='ltr'><strong>ι</strong></span> <span class='ocrx_word' id='word_1_133' title='bbox 1682 1687 1760 1760; x_wconf 88' lang='grc' dir='ltr'><strong>τῷ</strong></span> <span class='ocrx_word' id='word_1_134' title='bbox 1790 1688 1928 1760; x_wconf 83' lang='grc' dir='ltr'>Θεῷ,</span> <span class='ocrx_word' id='word_1_135' title='bbox 1963 1690 2057 1743; x_wconf 74' lang='grc' dir='ltr'><strong>καὶ</strong></span> 
     </span>
    </p>
   </div>
   <div class='ocr_carea' id='block_1_19' title="bbox 475 1778 2055 1853">
    <p class='ocr_par' dir='ltr' id='par_1_19' title="bbox 475 1778 2055 1853">
     <span class='ocr_line' id='line_1_19' title="bbox 475 1778 2055 1853; baseline 0.001 -21"><span class='ocrx_word' id='word_1_136' title='bbox 475 1779 683 1849; x_wconf 68' lang='grc' dir='ltr'>ψάλατε</span> <span class='ocrx_word' id='word_1_137' title='bbox 716 1779 793 1849; x_wconf 87' lang='grc' dir='ltr'><strong>τῷ</strong></span> <span class='ocrx_word' id='word_1_138' title='bbox 835 1778 1058 1851; x_wconf 84' lang='grc' dir='ltr'>ὀνόματι</span> <span class='ocrx_word' id='word_1_139' title='bbox 1108 1779 1329 1834; x_wconf 76' lang='grc' dir='ltr'>αὐτοῦ.»</span> <span class='ocrx_word' id='word_1_140' title='bbox 1369 1781 1518 1852; x_wconf 80' lang='grc' dir='ltr'><strong>Ι’ᾼδει</strong></span> <span class='ocrx_word' id='word_1_141' title='bbox 1568 1781 1624 1834; x_wconf 84' lang='grc' dir='ltr'>δὲ</span> <span class='ocrx_word' id='word_1_142' title='bbox 1665 1781 1742 1853; x_wconf 84' lang='grc' dir='ltr'><strong>τῷ</strong></span> <span class='ocrx_word' id='word_1_143' title='bbox 1795 1781 1914 1852; x_wconf 87' lang='grc' dir='ltr'><strong>Θεῷ</strong></span> <span class='ocrx_word' id='word_1_144' title='bbox 1939 1782 2055 1837; x_wconf 86' lang='grc' dir='ltr'>ὁδι’</span> 
     </span>
    </p>
   </div>
   <div class='ocr_carea' id='block_1_20' title="bbox 474 1872 2063 1947">
    <p class='ocr_par' dir='ltr' id='par_1_20' title="bbox 474 1872 2063 1947">
     <span class='ocr_line' id='line_1_20' title="bbox 474 1872 2063 1947; baseline 0.003 -23"><span class='ocrx_word' id='word_1_145' title='bbox 474 1872 647 1941; x_wconf 81' lang='grc' dir='ltr'>ὑγιῶν</span> <span class='ocrx_word' id='word_1_146' title='bbox 677 1873 961 1943; x_wconf 84' lang='grc' dir='ltr'>δογμάτων</span> <span class='ocrx_word' id='word_1_147' title='bbox 990 1873 1088 1944; x_wconf 82' lang='grc' dir='ltr'>τὴν</span> <span class='ocrx_word' id='word_1_148' title='bbox 1120 1872 1297 1945; x_wconf 77' lang='grc' dir='ltr'>ψυχὴν</span> <span class='ocrx_word' id='word_1_149' title='bbox 1338 1876 1769 1947; x_wconf 82' lang='grc' dir='ltr'>πεπαιδευμένος</span> <span class='ocrx_word' id='word_1_150' title='bbox 1826 1876 1922 1929; x_wconf 78' lang='grc' dir='ltr'><strong>καὶ</strong></span> <span class='ocrx_word' id='word_1_151' title='bbox 1964 1876 2063 1939; x_wconf 82' lang='grc' dir='ltr'><strong>τὰς</strong></span> 
     </span>
    </p>
   </div>
   <div class='ocr_carea' id='block_1_21' title="bbox 474 1965 2064 2039">
    <p class='ocr_par' dir='ltr' id='par_1_21' title="bbox 474 1965 2064 2039">
     <span class='ocr_line' id='line_1_21' title="bbox 474 1965 2064 2039; baseline 0.001 -21"><span class='ocrx_word' id='word_1_152' title='bbox 474 1966 794 2038; x_wconf 78' lang='grc' dir='ltr'>πρεπούσας</span> <span class='ocrx_word' id='word_1_153' title='bbox 818 1966 964 2036; x_wconf 84' lang='grc' dir='ltr'>αύτῷ</span> <span class='ocrx_word' id='word_1_154' title='bbox 992 1965 1270 2035; x_wconf 84' lang='grc' dir='ltr'>θεολογίας</span> <span class='ocrx_word' id='word_1_155' title='bbox 1290 1969 1355 2021; x_wconf 80' lang='grc' dir='ltr'><strong>ἐκ</strong></span> <span class='ocrx_word' id='word_1_156' title='bbox 1385 1968 1621 2033; x_wconf 85' lang='grc' dir='ltr'>διανοίας</span> <span class='ocrx_word' id='word_1_157' title='bbox 1645 1967 2064 2039; x_wconf 81' lang='grc' dir='ltr'>κεκαθαρμένης</span> 
     </span>
    </p>
   </div>
   <div class='ocr_carea' id='block_1_22' title="bbox 471 2055 2063 2128">
    <p class='ocr_par' dir='ltr' id='par_1_22' title="bbox 471 2055 2063 2128">
     <span class='ocr_line' id='line_1_22' title="bbox 471 2055 2063 2128; baseline 0.001 -18"><span class='ocrx_word' id='word_1_158' title='bbox 471 2056 833 2126; x_wconf 77' lang='grc' dir='ltr'>ἀναπέμπων·</span> <span class='ocrx_word' id='word_1_159' title='bbox 876 2055 1066 2125; x_wconf 71' lang='grc' dir='ltr'>ψάλλει</span> <span class='ocrx_word' id='word_1_160' title='bbox 1099 2058 1155 2110; x_wconf 87' lang='grc' dir='ltr'>δὲ</span> <span class='ocrx_word' id='word_1_161' title='bbox 1187 2056 1265 2128; x_wconf 84' lang='grc' dir='ltr'><strong>τῷ</strong></span> <span class='ocrx_word' id='word_1_162' title='bbox 1302 2058 1525 2128; x_wconf 88' lang='grc' dir='ltr'>ὀνόματι</span> <span class='ocrx_word' id='word_1_163' title='bbox 1560 2058 1749 2123; x_wconf 85' lang='grc' dir='ltr'>αὐτοῦ,</span> <span class='ocrx_word' id='word_1_164' title='bbox 1783 2060 1811 2111; x_wconf 89' lang='grc' dir='ltr'>ὁ</span> <span class='ocrx_word' id='word_1_165' title='bbox 1843 2058 1929 2112; x_wconf 81' lang='grc' dir='ltr'><strong>διά</strong></span> <span class='ocrx_word' id='word_1_166' title='bbox 1954 2058 2063 2112; x_wconf 90' lang='grc' dir='ltr'><strong>τῶν</strong></span> 
     </span>
    </p>
   </div>
   <div class='ocr_carea' id='block_1_23' title="bbox 469 2147 2062 2222">
    <p class='ocr_par' dir='ltr' id='par_1_23' title="bbox 469 2147 2062 2222">
     <span class='ocr_line' id='line_1_23' title="bbox 469 2147 2062 2222; baseline 0.003 -21"><span class='ocrx_word' id='word_1_167' title='bbox 469 2147 567 2201; x_wconf 77' lang='grc' dir='ltr'><strong>τοῦ</strong></span> <span class='ocrx_word' id='word_1_168' title='bbox 618 2149 865 2219; x_wconf 82' lang='grc' dir='ltr'>σώματος</span> <span class='ocrx_word' id='word_1_169' title='bbox 898 2151 1165 2221; x_wconf 84' lang='grc' dir='ltr'>κινήσεων</span> <span class='ocrx_word' id='word_1_170' title='bbox 1193 2151 1288 2204; x_wconf 71' lang='grc' dir='ltr'><strong>καὶ</strong></span> <span class='ocrx_word' id='word_1_171' title='bbox 1315 2150 1403 2203; x_wconf 78' lang='grc' dir='ltr'><strong>διὰ</strong></span> <span class='ocrx_word' id='word_1_172' title='bbox 1440 2151 1540 2220; x_wconf 85' lang='grc' dir='ltr'><strong>τῆς</strong></span> <span class='ocrx_word' id='word_1_173' title='bbox 1560 2149 1670 2203; x_wconf 90' lang='grc' dir='ltr'><strong>τῶν</strong></span> <span class='ocrx_word' id='word_1_174' title='bbox 1690 2150 2062 2222; x_wconf 79' lang='grc' dir='ltr'>αἰσθητηρίων</span> 
     </span>
    </p>
   </div>
   <div class='ocr_carea' id='block_1_24' title="bbox 476 2238 2061 2313">
    <p class='ocr_par' dir='ltr' id='par_1_24' title="bbox 476 2238 2061 2313">
     <span class='ocr_line' id='line_1_24' title="bbox 476 2238 2061 2313; baseline 0.002 -23"><span class='ocrx_word' id='word_1_175' title='bbox 476 2239 758 2309; x_wconf 86' lang='grc' dir='ltr'>ἐνεργείας</span> <span class='ocrx_word' id='word_1_176' title='bbox 777 2238 1001 2293; x_wconf 84' lang='grc' dir='ltr'>τοιαῦτα</span> <span class='ocrx_word' id='word_1_177' title='bbox 1027 2241 1301 2313; x_wconf 86' lang='grc' dir='ltr'>πράττων,</span> <span class='ocrx_word' id='word_1_178' title='bbox 1332 2241 1408 2304; x_wconf 85' lang='grc' dir='ltr'>ὡς</span> <span class='ocrx_word' id='word_1_179' title='bbox 1435 2240 1750 2307; x_wconf 78' lang='grc' dir='ltr'>δοξάζεσθαι</span> <span class='ocrx_word' id='word_1_180' title='bbox 1796 2240 1865 2293; x_wconf 87' lang='grc' dir='ltr'>δι’</span> <span class='ocrx_word' id='word_1_181' title='bbox 1894 2240 2061 2294; x_wconf 82' lang='grc' dir='ltr'>αὐτοῦ</span> 
     </span>
    </p>
   </div>
   <div class='ocr_carea' id='block_1_25' title="bbox 476 2329 2061 2406">
    <p class='ocr_par' dir='ltr' id='par_1_25' title="bbox 476 2329 2061 2406">
     <span class='ocr_line' id='line_1_25' title="bbox 476 2329 2061 2406; baseline 0.004 -24"><span class='ocrx_word' id='word_1_182' title='bbox 476 2329 627 2401; x_wconf 82' lang='grc' dir='ltr'>παρὰ</span> <span class='ocrx_word' id='word_1_183' title='bbox 646 2333 758 2394; x_wconf 86' lang='grc' dir='ltr'>τοῖς</span> <span class='ocrx_word' id='word_1_184' title='bbox 778 2331 945 2403; x_wconf 83' lang='grc' dir='ltr'>ὁρῶσι</span> <span class='ocrx_word' id='word_1_185' title='bbox 971 2332 1029 2384; x_wconf 80' lang='grc' dir='ltr'><strong>τὸ</strong></span> <span class='ocrx_word' id='word_1_186' title='bbox 1050 2333 1219 2404; x_wconf 82' lang='grc' dir='ltr'>ὄνομα</span> <span class='ocrx_word' id='word_1_187' title='bbox 1244 2332 1336 2387; x_wconf 87' lang='grc' dir='ltr'><strong>τοῦ</strong></span> <span class='ocrx_word' id='word_1_188' title='bbox 1363 2333 1519 2387; x_wconf 90' lang='grc' dir='ltr'>Θεοῦ.</span> <span class='ocrx_word' id='word_1_189' title='bbox 1582 2333 1768 2388; x_wconf 87' lang='grc' dir='ltr'>Ταῦτα</span> <span class='ocrx_word' id='word_1_190' title='bbox 1822 2335 1920 2406; x_wconf 82' lang='grc' dir='ltr'><strong>μὲν</strong></span> <span class='ocrx_word' id='word_1_191' title='bbox 1969 2330 2061 2388; x_wconf 79' lang='grc' dir='ltr'><strong>οὖν</strong></span> 
     </span>
    </p>
   </div>
   <div class='ocr_carea' id='block_1_26' title="bbox 475 2421 2063 2498">
    <p class='ocr_par' dir='ltr' id='par_1_26' title="bbox 475 2421 2063 2498">
     <span class='ocr_line' id='line_1_26' title="bbox 475 2421 2063 2498; baseline 0.004 -24"><span class='ocrx_word' id='word_1_192' title='bbox 475 2421 668 2491; x_wconf 84' lang='grc' dir='ltr'>πρῶτα</span> <span class='ocrx_word' id='word_1_193' title='bbox 701 2424 1135 2494; x_wconf 79' lang='grc' dir='ltr'>παρακελεύεται</span> <span class='ocrx_word' id='word_1_194' title='bbox 1179 2424 1258 2495; x_wconf 85' lang='grc' dir='ltr'><strong>τῷ</strong></span> <span class='ocrx_word' id='word_1_195' title='bbox 1304 2425 1412 2479; x_wconf 85' lang='grc' dir='ltr'><strong>τῶν</strong></span> <span class='ocrx_word' id='word_1_196' title='bbox 1458 2425 1684 2479; x_wconf 87' lang='grc' dir='ltr'>δικαίων</span> <span class='ocrx_word' id='word_1_197' title='bbox 1714 2426 1860 2497; x_wconf 87' lang='grc' dir='ltr'>χορῷ</span> <span class='ocrx_word' id='word_1_198' title='bbox 1890 2427 2063 2498; x_wconf 86' lang='grc' dir='ltr'>πράτ-</span> 
     </span>
    </p>
   </div>
   <div class='ocr_carea' id='block_1_27' title="bbox 473 2514 2063 2591">
    <p class='ocr_par' dir='ltr' id='par_1_27' title="bbox 473 2514 2063 2591">
     <span class='ocr_line' id='line_1_27' title="bbox 473 2514 2063 2591; baseline 0.004 -25"><span class='ocrx_word' id='word_1_199' title='bbox 473 2530 586 2567; x_wconf 86' lang='grc' dir='ltr'>τειν</span> <span class='ocrx_word' id='word_1_200' title='bbox 607 2516 635 2567; x_wconf 87' lang='grc' dir='ltr'>ὁ</span> <span class='ocrx_word' id='word_1_201' title='bbox 666 2514 841 2583; x_wconf 82' lang='grc' dir='ltr'>λόγος·</span> <span class='ocrx_word' id='word_1_202' title='bbox 883 2514 1011 2586; x_wconf 75' lang='grc' dir='ltr'>ἑξῆς</span> <span class='ocrx_word' id='word_1_203' title='bbox 1042 2517 1097 2570; x_wconf 81' lang='grc' dir='ltr'><strong>δὲ</strong></span> <span class='ocrx_word' id='word_1_204' title='bbox 1117 2517 1347 2588; x_wconf 83' lang='grc' dir='ltr'>πρᾶγμά</span> <span class='ocrx_word' id='word_1_205' title='bbox 1377 2535 1428 2570; x_wconf 88' lang='grc' dir='ltr'><strong>τι</strong></span> <span class='ocrx_word' id='word_1_206' title='bbox 1454 2521 1626 2571; x_wconf 88' lang='grc' dir='ltr'>ποιεῖν</span> <span class='ocrx_word' id='word_1_207' title='bbox 1646 2518 1853 2590; x_wconf 80' lang='grc' dir='ltr'>ἑτέροις</span> <span class='ocrx_word' id='word_1_208' title='bbox 1878 2521 2063 2591; x_wconf 79' lang='grc' dir='ltr'>χρήσι-</span> 
     </span>
    </p>
   </div>
   <div class='ocr_carea' id='block_1_28' title="bbox 479 2608 2060 2682">
    <p class='ocr_par' dir='ltr' id='par_1_28' title="bbox 479 2608 2060 2682">
     <span class='ocr_line' id='line_1_28' title="bbox 479 2608 2060 2682; baseline 0.003 -22"><span class='ocrx_word' id='word_1_209' title='bbox 479 2625 576 2675; x_wconf 88' lang='grc' dir='ltr'><strong>μον</strong></span> <span class='ocrx_word' id='word_1_210' title='bbox 606 2608 953 2679; x_wconf 88' lang='grc' dir='ltr'>προστάττει.</span> <span class='ocrx_word' id='word_1_211' title='bbox 984 2611 1100 2664; x_wconf 90' lang='grc' dir='ltr'>Ἵνα</span> <span class='ocrx_word' id='word_1_212' title='bbox 1155 2613 1264 2682; x_wconf 83' lang='grc' dir='ltr'><strong>γὰρ</strong></span> <span class='ocrx_word' id='word_1_213' title='bbox 1318 2611 1481 2682; x_wconf 80' lang='grc' dir='ltr'>ἐπιϐῇ</span> <span class='ocrx_word' id='word_1_214' title='bbox 1510 2613 1538 2664; x_wconf 81' lang='grc' dir='ltr'>ὁ</span> <span class='ocrx_word' id='word_1_215' title='bbox 1565 2611 1697 2675; x_wconf 85' lang='grc' dir='ltr'>Θεὸς</span> <span class='ocrx_word' id='word_1_216' title='bbox 1719 2611 1796 2681; x_wconf 84' lang='grc' dir='ltr'><strong>τῷ</strong></span> <span class='ocrx_word' id='word_1_217' title='bbox 1823 2612 1930 2664; x_wconf 89' lang='grc' dir='ltr'><strong>τῶν</strong></span> <span class='ocrx_word' id='word_1_218' title='bbox 1965 2612 2060 2666; x_wconf 86' lang='grc' dir='ltr'>ἀν-</span> 
     </span>
    </p>
   </div>
   <div class='ocr_carea' id='block_1_29' title="bbox 474 2695 2058 2773">
    <p class='ocr_par' dir='ltr' id='par_1_29' title="bbox 474 2695 2058 2773">
     <span class='ocr_line' id='line_1_29' title="bbox 474 2695 2058 2773; baseline 0.003 -25"><span class='ocrx_word' id='word_1_219' title='bbox 474 2695 707 2767; x_wconf 87' lang='grc' dir='ltr'>θρώπων</span> <span class='ocrx_word' id='word_1_220' title='bbox 743 2696 864 2768; x_wconf 84' lang='grc' dir='ltr'>βίῳ,</span> <span class='ocrx_word' id='word_1_221' title='bbox 900 2699 994 2751; x_wconf 72' lang='grc' dir='ltr'><strong>καὶ</strong></span> <span class='ocrx_word' id='word_1_222' title='bbox 1012 2699 1162 2763; x_wconf 81' lang='grc' dir='ltr'>ὅπως</span> <span class='ocrx_word' id='word_1_223' title='bbox 1195 2701 1623 2773; x_wconf 80' lang='grc' dir='ltr'>ἐμπεριπατήσῃ</span> <span class='ocrx_word' id='word_1_224' title='bbox 1665 2702 1777 2763; x_wconf 85' lang='grc' dir='ltr'>τοῖς</span> <span class='ocrx_word' id='word_1_225' title='bbox 1815 2702 1907 2753; x_wconf 71' lang='grc' dir='ltr'>ἐπὶ</span> <span class='ocrx_word' id='word_1_226' title='bbox 1934 2702 2058 2772; x_wconf 88' lang='grc' dir='ltr'>γῆς,</span> 
     </span>
    </p>
   </div>
   <div class='ocr_carea' id='block_1_30' title="bbox 473 2789 2062 2866">
    <p class='ocr_par' dir='ltr' id='par_1_30' title="bbox 473 2789 2062 2866">
     <span class='ocr_line' id='line_1_30' title="bbox 473 2789 2062 2866; baseline 0.003 -24"><span class='ocrx_word' id='word_1_227' title='bbox 473 2789 571 2860; x_wconf 78' lang='grc' dir='ltr'>τὴν</span> <span class='ocrx_word' id='word_1_228' title='bbox 597 2790 713 2843; x_wconf 83' lang='grc' dir='ltr'>ὁδὸν</span> <span class='ocrx_word' id='word_1_229' title='bbox 744 2790 893 2861; x_wconf 79' lang='grc' dir='ltr'>αὐτῷ</span> <span class='ocrx_word' id='word_1_230' title='bbox 925 2791 1074 2845; x_wconf 85' lang='grc' dir='ltr'>λείαν</span> <span class='ocrx_word' id='word_1_231' title='bbox 1119 2794 1212 2846; x_wconf 77' lang='grc' dir='ltr'><strong>καὶ</strong></span> <span class='ocrx_word' id='word_1_232' title='bbox 1256 2793 1462 2865; x_wconf 87' lang='grc' dir='ltr'>ὁμαλὴν</span> <span class='ocrx_word' id='word_1_233' title='bbox 1509 2793 1919 2866; x_wconf 77' lang='grc' dir='ltr'>ἀπεργάζεσθαι</span> <span class='ocrx_word' id='word_1_234' title='bbox 1946 2795 2062 2847; x_wconf 91' lang='grc' dir='ltr'>δια-</span> 
     </span>
    </p>
   </div>
   <div class='ocr_carea' id='block_1_31' title="bbox 473 2883 2061 2958">
    <p class='ocr_par' dir='ltr' id='par_1_31' title="bbox 473 2883 2061 2958">
     <span class='ocr_line' id='line_1_31' title="bbox 473 2883 2061 2958; baseline 0.002 -22"><span class='ocrx_word' id='word_1_235' title='bbox 473 2883 753 2937; x_wconf 84' lang='grc' dir='ltr'>κελεύεται</span> <span class='ocrx_word' id='word_1_236' title='bbox 776 2885 1019 2953; x_wconf 76' lang='grc' dir='ltr'>φάσκων·</span> <span class='ocrx_word' id='word_1_237' title='bbox 1055 2904 1074 2936; x_wconf 86' lang='grc'><strong><em>‹</em></strong></span> <span class='ocrx_word' id='word_1_238' title='bbox 1099 2886 1505 2958; x_wconf 81' lang='grc' dir='ltr'>Ὀδοποιήσατε·</span> <span class='ocrx_word' id='word_1_239' title='bbox 1522 2906 1538 2938; x_wconf 75' lang='grc' dir='ltr'><strong>ι</strong></span> <span class='ocrx_word' id='word_1_240' title='bbox 1574 2886 1608 2957; x_wconf 81' lang='grc' dir='ltr'>ἢ</span> <span class='ocrx_word' id='word_1_241' title='bbox 1637 2886 1779 2941; x_wconf 77' lang='grc' dir='ltr'>κατὰ</span> <span class='ocrx_word' id='word_1_242' title='bbox 1804 2886 1897 2939; x_wconf 83' lang='grc' dir='ltr'><strong>τὸν</strong></span> <span class='ocrx_word' id='word_1_243' title='bbox 1915 2886 2061 2957; x_wconf 90' lang='grc' dir='ltr'>Σύμ-</span> 
     </span>
    </p>
   </div>
   <div class='ocr_carea' id='block_1_32' title="bbox 476 2977 2057 3050">
    <p class='ocr_par' dir='ltr' id='par_1_32' title="bbox 476 2977 2057 3050">
     <span class='ocr_line' id='line_1_32' title="bbox 476 2977 2057 3050; baseline 0.004 -23"><span class='ocrx_word' id='word_1_244' title='bbox 476 2992 668 3047; x_wconf 89' lang='grc' dir='ltr'>μαχον,</span> <span class='ocrx_word' id='word_1_245' title='bbox 737 2995 755 3027; x_wconf 78' lang='grc' dir='ltr'>ί</span> <span class='ocrx_word' id='word_1_246' title='bbox 788 2977 1246 3050; x_wconf 78' lang='grc' dir='ltr'>Καταστρώσατεο</span> <span class='ocrx_word' id='word_1_247' title='bbox 1276 2998 1294 3030; x_wconf 77' lang='grc' dir='ltr'><strong>ι</strong></span> <span class='ocrx_word' id='word_1_248' title='bbox 1347 2979 1489 3033; x_wconf 85' lang='grc' dir='ltr'>κατὰ</span> <span class='ocrx_word' id='word_1_249' title='bbox 1540 2980 1597 3033; x_wconf 87' lang='grc' dir='ltr'><strong>δέ</strong></span> <span class='ocrx_word' id='word_1_250' title='bbox 1651 2980 1743 3034; x_wconf 86' lang='grc' dir='ltr'><strong>τὸν</strong></span> <span class='ocrx_word' id='word_1_251' title='bbox 1808 2980 2057 3043; x_wconf 85' lang='grc' dir='ltr'>Ἀκύλαν,</span> 
     </span>
    </p>
   </div>
   <div class='ocr_carea' id='block_1_33' title="bbox 480 3069 2056 3143">
    <p class='ocr_par' dir='ltr' id='par_1_33' title="bbox 480 3069 2056 3143">
     <span class='ocr_line' id='line_1_33' title="bbox 480 3069 2056 3143; baseline 0.003 -23"><span class='ocrx_word' id='word_1_252' title='bbox 480 3087 498 3119; x_wconf 73' lang='grc' dir='ltr'><strong>ι</strong></span> <span class='ocrx_word' id='word_1_253' title='bbox 536 3069 1083 3136; x_wconf 81' lang='grc' dir='ltr'>Ἀποσκολοπίσατε,›</span> <span class='ocrx_word' id='word_1_254' title='bbox 1118 3072 1364 3126; x_wconf 81' lang='grc' dir='ltr'>τουτέστι</span> <span class='ocrx_word' id='word_1_255' title='bbox 1417 3074 1525 3126; x_wconf 81' lang='grc' dir='ltr'>πᾶν</span> <span class='ocrx_word' id='word_1_256' title='bbox 1556 3073 1765 3127; x_wconf 78' lang='grc' dir='ltr'>σκολιὸν</span> <span class='ocrx_word' id='word_1_257' title='bbox 1807 3073 2056 3143; x_wconf 82' lang='grc' dir='ltr'>ἀφέλετε,</span> 
     </span>
    </p>
   </div>
   <div class='ocr_carea' id='block_1_34' title="bbox 2093 1852 2136 1908">
    <p class='ocr_par' dir='ltr' id='par_1_34' title="bbox 2093 1852 2136 1908">
     <span class='ocr_line' id='line_1_34' title="bbox 2093 1852 2136 1908; baseline 0 0"><span class='ocrx_word' id='word_1_258' title='bbox 2093 1852 2136 1908; x_wconf 90' lang='grc' dir='ltr'>Β</span> 
     </span>
    </p>
   </div>
   <div class='ocr_carea' id='block_1_35' title="bbox 472 3162 2127 3254">
    <p class='ocr_par' dir='ltr' id='par_1_35' title="bbox 472 3162 2127 3254">
     <span class='ocr_line' id='line_1_35' title="bbox 472 3162 2127 3254; baseline 0.004 -41"><span class='ocrx_word' id='word_1_259' title='bbox 472 3162 568 3214; x_wconf 72' lang='grc' dir='ltr'><strong>καὶ</strong></span> <span class='ocrx_word' id='word_1_260' title='bbox 598 3164 704 3216; x_wconf 82' lang='grc' dir='ltr'><strong>πᾶν</strong></span> <span class='ocrx_word' id='word_1_261' title='bbox 734 3165 906 3235; x_wconf 83' lang='grc' dir='ltr'>τραχὺ</span> <span class='ocrx_word' id='word_1_262' title='bbox 942 3164 1387 3239; x_wconf 85' lang='grc' dir='ltr'>καταστρώσατε,</span> <span class='ocrx_word' id='word_1_263' title='bbox 1416 3166 1491 3230; x_wconf 83' lang='grc' dir='ltr'><strong>ὡς</strong></span> <span class='ocrx_word' id='word_1_264' title='bbox 1508 3164 1574 3219; x_wconf 85' lang='grc' dir='ltr'><strong>ἂν</strong></span> <span class='ocrx_word' id='word_1_265' title='bbox 1600 3165 1810 3235; x_wconf 82' lang='grc' dir='ltr'>γένοιτο</span> <span class='ocrx_word' id='word_1_266' title='bbox 1831 3165 1948 3219; x_wconf 83' lang='grc' dir='ltr'>λεία</span> <span class='ocrx_word' id='word_1_267' title='bbox 1963 3165 2057 3219; x_wconf 82' lang='grc' dir='ltr'><strong>καὶ</strong></span> <span class='ocrx_word' id='word_1_268' title='bbox 2084 3197 2127 3254; x_wconf 75' lang='lat' dir='ltr'><strong><em>C</em></strong></span> 
     </span>
    </p>
   </div>
   <div class='ocr_carea' id='block_1_36' title="bbox 472 3255 2059 3331">
    <p class='ocr_par' dir='ltr' id='par_1_36' title="bbox 472 3255 2059 3331">
     <span class='ocr_line' id='line_1_36' title="bbox 472 3255 2059 3331; baseline 0.003 -23"><span class='ocrx_word' id='word_1_269' title='bbox 472 3255 648 3327; x_wconf 63' lang='grc' dir='ltr'>ὁμαλὴ</span> <span class='ocrx_word' id='word_1_270' title='bbox 678 3256 773 3309; x_wconf 88' lang='grc' dir='ltr'><strong>τοῦ</strong></span> <span class='ocrx_word' id='word_1_271' title='bbox 805 3256 939 3309; x_wconf 85' lang='grc' dir='ltr'>Θεοῦ</span> <span class='ocrx_word' id='word_1_272' title='bbox 970 3260 1003 3328; x_wconf 87' lang='grc' dir='ltr'>ἡ</span> <span class='ocrx_word' id='word_1_273' title='bbox 1055 3258 1135 3321; x_wconf 83' lang='grc' dir='ltr'><strong>είς</strong></span> <span class='ocrx_word' id='word_1_274' title='bbox 1178 3257 1500 3328; x_wconf 86' lang='grc' dir='ltr'>ἀνθρώπους</span> <span class='ocrx_word' id='word_1_275' title='bbox 1555 3259 1772 3331; x_wconf 81' lang='grc' dir='ltr'>πορεία.</span> <span class='ocrx_word' id='word_1_276' title='bbox 1804 3259 1974 3313; x_wconf 86' lang='grc' dir='ltr'>Τοῦτο</span> <span class='ocrx_word' id='word_1_277' title='bbox 2001 3260 2059 3313; x_wconf 89' lang='grc' dir='ltr'><strong>δέ</strong></span> 
     </span>
    </p>
   </div>
   <div class='ocr_carea' id='block_1_37' title="bbox 473 3347 2062 3422">
    <p class='ocr_par' dir='ltr' id='par_1_37' title="bbox 473 3347 2062 3422">
     <span class='ocr_line' id='line_1_37' title="bbox 473 3347 2062 3422; baseline 0.002 -22"><span class='ocrx_word' id='word_1_278' title='bbox 473 3347 567 3400; x_wconf 72' lang='grc' dir='ltr'><strong>καὶ</strong></span> <span class='ocrx_word' id='word_1_279' title='bbox 604 3348 832 3412; x_wconf 80' lang='grc' dir='ltr'>Ἡσαΐας</span> <span class='ocrx_word' id='word_1_280' title='bbox 880 3349 1069 3419; x_wconf 86' lang='grc' dir='ltr'>ἐδήλου</span> <span class='ocrx_word' id='word_1_281' title='bbox 1111 3349 1305 3418; x_wconf 81' lang='grc' dir='ltr'>λέγων·</span> <span class='ocrx_word' id='word_1_282' title='bbox 1361 3370 1380 3401; x_wconf 72' lang='grc' dir='ltr'><strong>ι</strong></span> <span class='ocrx_word' id='word_1_283' title='bbox 1417 3351 1772 3422; x_wconf 84' lang='grc' dir='ltr'>Ἑτοιμάσατε</span> <span class='ocrx_word' id='word_1_284' title='bbox 1822 3350 1920 3422; x_wconf 80' lang='grc' dir='ltr'>τὴν</span> <span class='ocrx_word' id='word_1_285' title='bbox 1946 3350 2062 3405; x_wconf 82' lang='grc' dir='ltr'>ὁδὸν</span> 
     </span>
    </p>
   </div>
   <div class='ocr_carea' id='block_1_38' title="bbox 472 3440 2062 3516">
    <p class='ocr_par' dir='ltr' id='par_1_38' title="bbox 472 3440 2062 3516">
     <span class='ocr_line' id='line_1_38' title="bbox 472 3440 2062 3516; baseline 0.003 -23"><span class='ocrx_word' id='word_1_286' title='bbox 472 3440 700 3513; x_wconf 86' lang='grc' dir='ltr'>Κυρίου,</span> <span class='ocrx_word' id='word_1_287' title='bbox 738 3442 953 3507; x_wconf 78' lang='grc' dir='ltr'>εὐθείας</span> <span class='ocrx_word' id='word_1_288' title='bbox 1006 3446 1207 3497; x_wconf 84' lang='grc' dir='ltr'>ποιεῖτε</span> <span class='ocrx_word' id='word_1_289' title='bbox 1262 3444 1360 3508; x_wconf 81' lang='grc' dir='ltr'><strong>τάς</strong></span> <span class='ocrx_word' id='word_1_290' title='bbox 1392 3444 1612 3516; x_wconf 89' lang='grc' dir='ltr'>τρίϐους</span> <span class='ocrx_word' id='word_1_291' title='bbox 1661 3443 1849 3499; x_wconf 83' lang='grc' dir='ltr'>αὑτοῦ.</span> <span class='ocrx_word' id='word_1_292' title='bbox 1905 3446 2062 3499; x_wconf 81' lang='grc' dir='ltr'>Πᾶσα</span> 
     </span>
    </p>
   </div>
   <div class='ocr_carea' id='block_1_39' title="bbox 473 3534 2062 3611">
    <p class='ocr_par' dir='ltr' id='par_1_39' title="bbox 473 3534 2062 3611">
     <span class='ocr_line' id='line_1_39' title="bbox 473 3534 2062 3611; baseline 0.002 -23"><span class='ocrx_word' id='word_1_293' title='bbox 473 3534 691 3605; x_wconf 77' lang='grc' dir='ltr'>φάραγξ</span> <span class='ocrx_word' id='word_1_294' title='bbox 745 3534 1187 3608; x_wconf 83' lang='grc' dir='ltr'>πληρωθήσεται,</span> <span class='ocrx_word' id='word_1_295' title='bbox 1233 3539 1327 3590; x_wconf 56' lang='grc' dir='ltr'><strong>καὶ⁹</strong></span> <span class='ocrx_word' id='word_1_296' title='bbox 1387 3539 1495 3591; x_wconf 80' lang='grc' dir='ltr'>πᾶν</span> <span class='ocrx_word' id='word_1_297' title='bbox 1540 3537 1664 3611; x_wconf 64' lang='grc' dir='ltr'>ὅρος</span> <span class='ocrx_word' id='word_1_298' title='bbox 1727 3539 1820 3592; x_wconf 75' lang='grc' dir='ltr'><strong>καὶ</strong></span> <span class='ocrx_word' id='word_1_299' title='bbox 1875 3537 2062 3609; x_wconf 85' lang='grc' dir='ltr'>βουνὸς</span> 
     </span>
    </p>
   </div>
   <div class='ocr_carea' id='block_1_40' title="bbox 471 3628 2058 3699">
    <p class='ocr_par' dir='ltr' id='par_1_40' title="bbox 471 3628 2058 3699">
     <span class='ocr_line' id='line_1_40' title="bbox 471 3628 2058 3699; baseline 0.002 -18"><span class='ocrx_word' id='word_1_300' title='bbox 471 3628 964 3699; x_wconf 70' lang='grc' dir='ltr'>ταπεινωθήσεται.</span> <span class='ocrx_word' id='word_1_301' title='bbox 1023 3631 1135 3683; x_wconf 77' lang='grc' dir='ltr'>Καὶ</span> <span class='ocrx_word' id='word_1_302' title='bbox 1173 3629 1326 3684; x_wconf 82' lang='grc' dir='ltr'>ἔσται</span> <span class='ocrx_word' id='word_1_303' title='bbox 1359 3629 1429 3684; x_wconf 85' lang='grc' dir='ltr'>τὰ</span> <span class='ocrx_word' id='word_1_304' title='bbox 1474 3629 1663 3685; x_wconf 86' lang='grc' dir='ltr'>σκολιά</span> <span class='ocrx_word' id='word_1_305' title='bbox 1704 3632 1786 3694; x_wconf 82' lang='grc' dir='ltr'>εἰς</span> <span class='ocrx_word' id='word_1_306' title='bbox 1823 3631 2058 3698; x_wconf 86' lang='grc' dir='ltr'>εὐθεῖαν,</span> 
     </span>
    </p>
   </div>
   <div class='ocr_carea' id='block_1_41' title="bbox 473 3722 2060 3794">
    <p class='ocr_par' dir='ltr' id='par_1_41' title="bbox 473 3722 2060 3794">
     <span class='ocr_line' id='line_1_41' title="bbox 473 3722 2060 3794; baseline 0.003 -21"><span class='ocrx_word' id='word_1_307' title='bbox 473 3722 634 3792; x_wconf 73' lang='grc' dir='ltr'>καὶὴ</span> <span class='ocrx_word' id='word_1_308' title='bbox 683 3725 912 3793; x_wconf 85' lang='grc' dir='ltr'>τραχεῖα</span> <span class='ocrx_word' id='word_1_309' title='bbox 976 3724 1056 3787; x_wconf 85' lang='grc' dir='ltr'><strong>είς</strong></span> <span class='ocrx_word' id='word_1_310' title='bbox 1111 3723 1263 3786; x_wconf 83' lang='grc' dir='ltr'>ὁδοὺς</span> <span class='ocrx_word' id='word_1_311' title='bbox 1317 3724 1485 3788; x_wconf 85' lang='grc' dir='ltr'>λείας,</span> <span class='ocrx_word' id='word_1_312' title='bbox 1531 3724 1624 3777; x_wconf 76' lang='grc' dir='ltr'><strong>καὶ</strong></span> <span class='ocrx_word' id='word_1_313' title='bbox 1669 3722 1861 3794; x_wconf 72' lang='grc' dir='ltr'>ὄψεται</span> <span class='ocrx_word' id='word_1_314' title='bbox 1911 3727 2060 3778; x_wconf 82' lang='grc' dir='ltr'>πᾶσα</span> 
     </span>
    </p>
   </div>
   <div class='ocr_carea' id='block_1_42' title="bbox 476 3814 2058 3890">
    <p class='ocr_par' dir='ltr' id='par_1_42' title="bbox 476 3814 2058 3890">
     <span class='ocr_line' id='line_1_42' title="bbox 476 3814 2058 3890; baseline 0.003 -24"><span class='ocrx_word' id='word_1_315' title='bbox 476 3814 612 3885; x_wconf 80' lang='grc' dir='ltr'>σὰρξ</span> <span class='ocrx_word' id='word_1_316' title='bbox 640 3814 700 3867; x_wconf 86' lang='grc' dir='ltr'><strong>τὸ</strong></span> <span class='ocrx_word' id='word_1_317' title='bbox 736 3817 1002 3890; x_wconf 84' lang='grc' dir='ltr'>σωτήριον</span> <span class='ocrx_word' id='word_1_318' title='bbox 1030 3816 1124 3870; x_wconf 87' lang='grc' dir='ltr'><strong>τοῦ</strong></span> <span class='ocrx_word' id='word_1_319' title='bbox 1154 3817 1342 3870; x_wconf 77' lang='grc' dir='ltr'>Θεοῦ.»</span> <span class='ocrx_word' id='word_1_320' title='bbox 1387 3817 1649 3870; x_wconf 88' lang='grc' dir='ltr'>Ἐνταῦθα</span> <span class='ocrx_word' id='word_1_321' title='bbox 1670 3816 1727 3869; x_wconf 86' lang='grc' dir='ltr'>δὲ</span> <span class='ocrx_word' id='word_1_322' title='bbox 1771 3818 1830 3870; x_wconf 85' lang='grc' dir='ltr'><strong>οὐ</strong></span> <span class='ocrx_word' id='word_1_323' title='bbox 1863 3817 2058 3890; x_wconf 90' lang='grc' dir='ltr'>πρότε-</span> 
     </span>
    </p>
   </div>
   <div class='ocr_carea' id='block_1_43' title="bbox 478 3903 2059 3979">
    <p class='ocr_par' dir='ltr' id='par_1_43' title="bbox 478 3903 2059 3979">
     <span class='ocr_line' id='line_1_43' title="bbox 478 3903 2059 3979; baseline 0.004 -25"><span class='ocrx_word' id='word_1_324' title='bbox 478 3919 567 3973; x_wconf 90' lang='grc' dir='ltr'><strong>ρον</strong></span> <span class='ocrx_word' id='word_1_325' title='bbox 599 3903 859 3958; x_wconf 81' lang='grc' dir='ltr'>ὄδοποιείν</span> <span class='ocrx_word' id='word_1_326' title='bbox 912 3905 1122 3959; x_wconf 88' lang='grc' dir='ltr'>κελεύει</span> <span class='ocrx_word' id='word_1_327' title='bbox 1186 3906 1220 3978; x_wconf 84' lang='grc' dir='ltr'>ἢ</span> <span class='ocrx_word' id='word_1_328' title='bbox 1278 3907 1493 3978; x_wconf 90' lang='grc' dir='ltr'>πρῶτον</span> <span class='ocrx_word' id='word_1_329' title='bbox 1542 3908 1741 3971; x_wconf 77' lang='grc' dir='ltr'>αὐτοὺς</span> <span class='ocrx_word' id='word_1_330' title='bbox 1787 3907 2059 3979; x_wconf 85' lang='grc' dir='ltr'>μαθόντας</span> 
     </span>
    </p>
   </div>
   <div class='ocr_carea' id='block_1_44' title="bbox 473 3996 2057 4072">
    <p class='ocr_par' dir='ltr' id='par_1_44' title="bbox 473 3996 2057 4072">
     <span class='ocr_line' id='line_1_44' title="bbox 473 3996 2057 4072; baseline 0.003 -23"><span class='ocrx_word' id='word_1_331' title='bbox 473 3997 621 4058; x_wconf 84' lang='grc' dir='ltr'>ὅπως</span> <span class='ocrx_word' id='word_1_332' title='bbox 653 3997 759 4067; x_wconf 77' lang='grc' dir='ltr'><strong>χρὴ</strong></span> <span class='ocrx_word' id='word_1_333' title='bbox 786 3996 929 4069; x_wconf 79' lang='grc' dir='ltr'>ᾄδειν</span> <span class='ocrx_word' id='word_1_334' title='bbox 967 3997 1043 4069; x_wconf 86' lang='grc' dir='ltr'><strong>τῷ</strong></span> <span class='ocrx_word' id='word_1_335' title='bbox 1091 3997 1209 4069; x_wconf 82' lang='grc' dir='ltr'><strong>Θεῷ</strong></span> <span class='ocrx_word' id='word_1_336' title='bbox 1241 4000 1335 4052; x_wconf 73' lang='grc' dir='ltr'><strong>καὶ</strong></span> <span class='ocrx_word' id='word_1_337' title='bbox 1391 4000 1540 4062; x_wconf 86' lang='grc' dir='ltr'>ὅπως</span> <span class='ocrx_word' id='word_1_338' title='bbox 1574 4000 1797 4071; x_wconf 73' lang='grc' dir='ltr'>ψάλλειν</span> <span class='ocrx_word' id='word_1_339' title='bbox 1838 4000 1915 4072; x_wconf 84' lang='grc' dir='ltr'><strong>τῷ</strong></span> <span class='ocrx_word' id='word_1_340' title='bbox 1939 4002 2057 4054; x_wconf 84' lang='grc' dir='ltr'><strong>ὀνό-</strong></span> 
     </span>
    </p>
   </div>
   <div class='ocr_carea' id='block_1_45' title="bbox 477 4088 2059 4166">
    <p class='ocr_par' dir='ltr' id='par_1_45' title="bbox 477 4088 2059 4166">
     <span class='ocr_line' id='line_1_45' title="bbox 477 4088 2059 4166; baseline 0.004 -25"><span class='ocrx_word' id='word_1_341' title='bbox 477 4106 607 4160; x_wconf 89' lang='grc' dir='ltr'>ματι</span> <span class='ocrx_word' id='word_1_342' title='bbox 626 4088 807 4144; x_wconf 78' lang='grc' dir='ltr'>αὐτοῦ.</span> <span class='ocrx_word' id='word_1_343' title='bbox 838 4090 1021 4144; x_wconf 87' lang='grc' dir='ltr'>Ταῦτα</span> <span class='ocrx_word' id='word_1_344' title='bbox 1050 4090 1160 4164; x_wconf 84' lang='grc' dir='ltr'>γὰρ</span> <span class='ocrx_word' id='word_1_345' title='bbox 1188 4092 1566 4163; x_wconf 86' lang='grc' dir='ltr'>προμαθόντας</span> <span class='ocrx_word' id='word_1_346' title='bbox 1607 4095 1701 4148; x_wconf 73' lang='grc' dir='ltr'><strong>καὶ</strong></span> <span class='ocrx_word' id='word_1_347' title='bbox 1733 4094 1915 4166; x_wconf 74' lang='grc' dir='ltr'>ἔργοις</span> <span class='ocrx_word' id='word_1_348' title='bbox 1939 4097 2059 4147; x_wconf 87' lang='grc' dir='ltr'>ἐπι-</span> 
     </span>
    </p>
   </div>
   <div class='ocr_carea' id='block_1_46' title="bbox 473 4181 2058 4254">
    <p class='ocr_par' dir='ltr' id='par_1_46' title="bbox 473 4181 2058 4254">
     <span class='ocr_line' id='line_1_46' title="bbox 473 4181 2058 4254; baseline 0.005 -21"><span class='ocrx_word' id='word_1_349' title='bbox 473 4181 815 4246; x_wconf 82' lang='grc' dir='ltr'>τελέσαντας,</span> <span class='ocrx_word' id='word_1_350' title='bbox 866 4183 991 4254; x_wconf 80' lang='grc' dir='ltr'>ἑξῆς</span> <span class='ocrx_word' id='word_1_351' title='bbox 1037 4182 1283 4253; x_wconf 85' lang='grc' dir='ltr'>βούλεται</span> <span class='ocrx_word' id='word_1_352' title='bbox 1330 4185 1612 4249; x_wconf 87' lang='grc' dir='ltr'>ὁδοποιεῖν,</span> <span class='ocrx_word' id='word_1_353' title='bbox 1667 4186 1912 4241; x_wconf 85' lang='grc' dir='ltr'>τουτέστι</span> <span class='ocrx_word' id='word_1_354' title='bbox 1958 4187 2058 4251; x_wconf 81' lang='grc' dir='ltr'>τὰς</span> 
     </span>
    </p>
   </div>
   <div class='ocr_carea' id='block_1_47' title="bbox 472 4273 2058 4353">
    <p class='ocr_par' dir='ltr' id='par_1_47' title="bbox 472 4273 2058 4353">
     <span class='ocr_line' id='line_1_47' title="bbox 472 4273 2058 4353; baseline 0.006 -28"><span class='ocrx_word' id='word_1_355' title='bbox 472 4273 629 4345; x_wconf 84' lang='grc' dir='ltr'><strong>παρά</strong></span> <span class='ocrx_word' id='word_1_356' title='bbox 660 4275 765 4328; x_wconf 87' lang='grc' dir='ltr'><strong>τῶν</strong></span> <span class='ocrx_word' id='word_1_357' title='bbox 797 4275 1097 4347; x_wconf 84' lang='grc' dir='ltr'>ἀνθρώπων</span> <span class='ocrx_word' id='word_1_358' title='bbox 1116 4276 1292 4349; x_wconf 75' lang='grc' dir='ltr'>ψυχὰς</span> <span class='ocrx_word' id='word_1_359' title='bbox 1324 4279 1784 4349; x_wconf 78' lang='grc' dir='ltr'>παρασκευάζειν,</span> <span class='ocrx_word' id='word_1_360' title='bbox 1810 4280 2058 4353; x_wconf 89' lang='grc' dir='ltr'>καθαράς</span> 
     </span>
    </p>
   </div>
   <div class='ocr_carea' id='block_1_48' title="bbox 471 4366 2059 4443">
    <p class='ocr_par' dir='ltr' id='par_1_48' title="bbox 471 4366 2059 4443">
     <span class='ocr_line' id='line_1_48' title="bbox 471 4366 2059 4443; baseline 0.003 -24"><span class='ocrx_word' id='word_1_361' title='bbox 471 4383 532 4419; x_wconf 89' lang='grc' dir='ltr'><strong>τε</strong></span> <span class='ocrx_word' id='word_1_362' title='bbox 566 4366 660 4419; x_wconf 71' lang='grc' dir='ltr'>καὶ</span> <span class='ocrx_word' id='word_1_363' title='bbox 692 4367 943 4437; x_wconf 76' lang='grc' dir='ltr'>ἑτοίμους</span> <span class='ocrx_word' id='word_1_364' title='bbox 973 4368 1143 4431; x_wconf 79' lang='grc' dir='ltr'>αὑτάς</span> <span class='ocrx_word' id='word_1_365' title='bbox 1188 4369 1594 4441; x_wconf 80' lang='grc' dir='ltr'>ἀπεργάζεσθαι</span> <span class='ocrx_word' id='word_1_366' title='bbox 1622 4372 1702 4434; x_wconf 87' lang='grc' dir='ltr'><strong>είς</strong></span> <span class='ocrx_word' id='word_1_367' title='bbox 1743 4371 1843 4441; x_wconf 85' lang='grc' dir='ltr'><strong>τὴν</strong></span> <span class='ocrx_word' id='word_1_368' title='bbox 1872 4372 2059 4443; x_wconf 84' lang='grc' dir='ltr'>ἐπιδη-</span> 
     </span>
    </p>
   </div>
   <div class='ocr_carea' id='block_1_49' title="bbox 475 4458 2057 4533">
    <p class='ocr_par' dir='ltr' id='par_1_49' title="bbox 475 4458 2057 4533">
     <span class='ocr_line' id='line_1_49' title="bbox 475 4458 2057 4533; baseline 0.003 -22"><span class='ocrx_word' id='word_1_369' title='bbox 475 4458 605 4531; x_wconf 76' lang='grc' dir='ltr'>μίαν</span> <span class='ocrx_word' id='word_1_370' title='bbox 637 4458 728 4512; x_wconf 90' lang='grc' dir='ltr'><strong>τοῦ</strong></span> <span class='ocrx_word' id='word_1_371' title='bbox 752 4459 1186 4530; x_wconf 79' lang='grc' dir='ltr'>προδηλωθέντος</span> <span class='ocrx_word' id='word_1_372' title='bbox 1215 4458 1370 4514; x_wconf 84' lang='grc' dir='ltr'>Θεοῦ.</span> <span class='ocrx_word' id='word_1_373' title='bbox 1398 4460 1489 4513; x_wconf 89' lang='grc' dir='ltr'><strong>Διό</strong></span> <span class='ocrx_word' id='word_1_374' title='bbox 1510 4478 1692 4532; x_wconf 80' lang='grc' dir='ltr'>φησιν·</span> <span class='ocrx_word' id='word_1_375' title='bbox 1724 4479 1742 4513; x_wconf 78' lang='lat' dir='ltr'><strong>t</strong></span> <span class='ocrx_word' id='word_1_376' title='bbox 1780 4462 2057 4533; x_wconf 83' lang='grc' dir='ltr'>Ὀδοποιή-</span> 
     </span>
    </p>
   </div>
   <div class='ocr_carea' id='block_1_50' title="bbox 2168 577 3743 653">
    <p class='ocr_par' dir='ltr' id='par_1_50' title="bbox 2168 577 3743 653">
     <span class='ocr_line' id='line_1_50' title="bbox 2168 577 3743 653; baseline 0.004 -23"><span class='ocrx_word' id='word_1_377' title='bbox 2168 577 2304 632; x_wconf 92' lang='lat' dir='ltr'><strong>mini</strong></span> <span class='ocrx_word' id='word_1_378' title='bbox 2348 579 2488 647; x_wconf 84' lang='lat' dir='ltr'><strong>ejus,</strong></span> <span class='ocrx_word' id='word_1_379' title='bbox 2519 578 2623 633; x_wconf 89' lang='lat' dir='ltr'><strong>iter</strong></span> <span class='ocrx_word' id='word_1_380' title='bbox 2651 578 2815 634; x_wconf 79' lang='lat' dir='ltr'><strong>facite</strong></span> <span class='ocrx_word' id='word_1_381' title='bbox 2841 582 2914 645; x_wconf 92' lang='lat' dir='ltr'><strong>ei,</strong></span> <span class='ocrx_word' id='word_1_382' title='bbox 2947 582 3041 651; x_wconf 89' lang='lat' dir='ltr'><strong>qui</strong></span> <span class='ocrx_word' id='word_1_383' title='bbox 3086 582 3339 637; x_wconf 85' lang='lat' dir='ltr'><strong>ascendit</strong></span> <span class='ocrx_word' id='word_1_384' title='bbox 3387 599 3552 653; x_wconf 87' lang='lat' dir='ltr'><strong>super</strong></span> <span class='ocrx_word' id='word_1_385' title='bbox 3581 598 3743 637; x_wconf 80' lang='lat' dir='ltr'><strong>occa-</strong></span> 
     </span>
    </p>
   </div>
   <div class='ocr_carea' id='block_1_51' title="bbox 2168 669 3747 731">
    <p class='ocr_par' dir='ltr' id='par_1_51' title="bbox 2168 669 3747 731">
     <span class='ocr_line' id='line_1_51' title="bbox 2168 669 3747 731; baseline 0.003 -7"><span class='ocrx_word' id='word_1_386' title='bbox 2168 686 2310 724; x_wconf 90' lang='lat' dir='ltr'><strong>sum.</strong></span> <span class='ocrx_word' id='word_1_387' title='bbox 2352 691 2371 722; x_wconf 75' lang='grc' dir='ltr'><strong>ι</strong></span> <span class='ocrx_word' id='word_1_388' title='bbox 2405 669 2723 727; x_wconf 83' lang='lat' dir='ltr'><strong>Sermonem</strong></span> <span class='ocrx_word' id='word_1_389' title='bbox 2751 672 2819 726; x_wconf 91' lang='lat' dir='ltr'><strong>de</strong></span> <span class='ocrx_word' id='word_1_390' title='bbox 2842 672 3080 728; x_wconf 90' lang='lat' dir='ltr'><strong>inimicis</strong></span> <span class='ocrx_word' id='word_1_391' title='bbox 3103 682 3159 729; x_wconf 85' lang='lat' dir='ltr'><strong>et</strong></span> <span class='ocrx_word' id='word_1_392' title='bbox 3185 676 3443 729; x_wconf 84' lang='lat' dir='ltr'><strong>osoribus</strong></span> <span class='ocrx_word' id='word_1_393' title='bbox 3473 675 3568 731; x_wconf 89' lang='lat' dir='ltr'><strong>Dei</strong></span> <span class='ocrx_word' id='word_1_394' title='bbox 3610 673 3747 729; x_wconf 82' lang='lat' dir='ltr'><strong>Ver-</strong></span> 
     </span>
    </p>
   </div>
   <div class='ocr_carea' id='block_1_52' title="bbox 2169 762 3743 834">
    <p class='ocr_par' dir='ltr' id='par_1_52' title="bbox 2169 762 3743 834">
     <span class='ocr_line' id='line_1_52' title="bbox 2169 762 3743 834; baseline 0.002 -17"><span class='ocrx_word' id='word_1_395' title='bbox 2169 762 2220 817; x_wconf 90' lang='lat' dir='ltr'><strong>bi</strong></span> <span class='ocrx_word' id='word_1_396' title='bbox 2273 764 2600 833; x_wconf 87' lang='lat' dir='ltr'><strong>compendio</strong></span> <span class='ocrx_word' id='word_1_397' title='bbox 2630 764 2864 818; x_wconf 91' lang='lat' dir='ltr'><strong>absolvit</strong></span> <span class='ocrx_word' id='word_1_398' title='bbox 2886 764 3207 833; x_wconf 71' lang='lat' dir='ltr'><strong>prophetia;</strong></span> <span class='ocrx_word' id='word_1_399' title='bbox 3243 765 3315 819; x_wconf 89' lang='lat' dir='ltr'><strong>de</strong></span> <span class='ocrx_word' id='word_1_400' title='bbox 3342 765 3511 834; x_wconf 90' lang='lat' dir='ltr'><strong>justis</strong></span> <span class='ocrx_word' id='word_1_401' title='bbox 3559 772 3743 820; x_wconf 84' lang='lat' dir='ltr'><strong>autem</strong></span> 
     </span>
    </p>
   </div>
   <div class='ocr_carea' id='block_1_53' title="bbox 2166 856 3746 927">
    <p class='ocr_par' dir='ltr' id='par_1_53' title="bbox 2166 856 3746 927">
     <span class='ocr_line' id='line_1_53' title="bbox 2166 856 3746 927; baseline 0.002 -19"><span class='ocrx_word' id='word_1_402' title='bbox 2166 856 2345 911; x_wconf 80' lang='lat' dir='ltr'><strong>fusius</strong></span> <span class='ocrx_word' id='word_1_403' title='bbox 2368 857 2499 926; x_wconf 82' lang='lat' dir='ltr'><strong>agit,</strong></span> <span class='ocrx_word' id='word_1_404' title='bbox 2530 871 2830 927; x_wconf 87' lang='lat' dir='ltr'><strong>eorumque</strong></span> <span class='ocrx_word' id='word_1_405' title='bbox 2856 858 3374 912; x_wconf 80' lang='lat' dir='ltr'><strong>commemorationi</strong></span> <span class='ocrx_word' id='word_1_406' title='bbox 3405 858 3633 913; x_wconf 78' lang='lat' dir='ltr'><strong>insistit.</strong></span> <span class='ocrx_word' id='word_1_407' title='bbox 3678 858 3746 912; x_wconf 83' lang='lat' dir='ltr'><strong>Et</strong></span> 
     </span>
    </p>
   </div>
   <div class='ocr_carea' id='block_1_54' title="bbox 2167 945 3743 1020">
    <p class='ocr_par' dir='ltr' id='par_1_54' title="bbox 2167 945 3743 1020">
     <span class='ocr_line' id='line_1_54' title="bbox 2167 945 3743 1020; baseline 0.002 -19"><span class='ocrx_word' id='word_1_408' title='bbox 2167 962 2298 1001; x_wconf 89' lang='lat' dir='ltr'><strong>sane</strong></span> <span class='ocrx_word' id='word_1_409' title='bbox 2323 945 2563 1017; x_wconf 85' lang='lat' dir='ltr'><strong>Spiritus</strong></span> <span class='ocrx_word' id='word_1_410' title='bbox 2587 957 2815 1004; x_wconf 89' lang='lat' dir='ltr'><strong>sanctus</strong></span> <span class='ocrx_word' id='word_1_411' title='bbox 2836 949 2994 1019; x_wconf 87' lang='lat' dir='ltr'><strong>jubet</strong></span> <span class='ocrx_word' id='word_1_412' title='bbox 3019 950 3203 1019; x_wconf 90' lang='lat' dir='ltr'><strong>justos</strong></span> <span class='ocrx_word' id='word_1_413' title='bbox 3230 959 3454 1005; x_wconf 87' lang='lat' dir='ltr'><strong>cantare</strong></span> <span class='ocrx_word' id='word_1_414' title='bbox 3488 961 3543 1005; x_wconf 93' lang='lat' dir='ltr'><strong>et</strong></span> <span class='ocrx_word' id='word_1_415' title='bbox 3590 952 3743 1020; x_wconf 85' lang='lat' dir='ltr'><strong>psal-</strong></span> 
     </span>
    </p>
   </div>
   <div class='ocr_carea' id='block_1_55' title="bbox 2166 1035 3743 1108">
    <p class='ocr_par' dir='ltr' id='par_1_55' title="bbox 2166 1035 3743 1108">
     <span class='ocr_line' id='line_1_55' title="bbox 2166 1035 3743 1108; baseline 0.004 -19"><span class='ocrx_word' id='word_1_416' title='bbox 2166 1036 2277 1091; x_wconf 85' lang='lat' dir='ltr'><strong>lere</strong></span> <span class='ocrx_word' id='word_1_417' title='bbox 2312 1035 2454 1103; x_wconf 90' lang='lat' dir='ltr'><strong>Deo;</strong></span> <span class='ocrx_word' id='word_1_418' title='bbox 2476 1046 2667 1108; x_wconf 85' lang='lat' dir='ltr'><strong>utpote</strong></span> <span class='ocrx_word' id='word_1_419' title='bbox 2694 1040 2787 1108; x_wconf 88' lang='lat' dir='ltr'><strong>qui</strong></span> <span class='ocrx_word' id='word_1_420' title='bbox 2807 1039 2893 1094; x_wconf 92' lang='lat' dir='ltr'><strong>his</strong></span> <span class='ocrx_word' id='word_1_421' title='bbox 2914 1050 3197 1104; x_wconf 86' lang='lat' dir='ltr'><strong>vacantes,</strong></span> <span class='ocrx_word' id='word_1_422' title='bbox 3227 1040 3466 1095; x_wconf 80' lang='lat' dir='ltr'><strong>divinam</strong></span> <span class='ocrx_word' id='word_1_423' title='bbox 3497 1041 3743 1095; x_wconf 60' lang='lat' dir='ltr'><strong>laetitiam</strong></span> 
     </span>
    </p>
   </div>
   <div class='ocr_carea' id='block_1_56' title="bbox 2165 1131 3745 1202">
    <p class='ocr_par' dir='ltr' id='par_1_56' title="bbox 2165 1131 3745 1202">
     <span class='ocr_line' id='line_1_56' title="bbox 2165 1131 3745 1202; baseline 0.004 -19"><span class='ocrx_word' id='word_1_424' title='bbox 2165 1139 2635 1202; x_wconf 88' lang='lat' dir='ltr'><strong>memoratamque</strong></span> <span class='ocrx_word' id='word_1_425' title='bbox 2658 1131 3078 1187; x_wconf 85' lang='lat' dir='ltr'><strong>delectationem</strong></span> <span class='ocrx_word' id='word_1_426' title='bbox 3109 1142 3163 1188; x_wconf 90' lang='lat' dir='ltr'><strong>et</strong></span> <span class='ocrx_word' id='word_1_427' title='bbox 3198 1135 3621 1190; x_wconf 75' lang='lat' dir='ltr'><strong>exsultationem</strong></span> <span class='ocrx_word' id='word_1_428' title='bbox 3644 1150 3745 1189; x_wconf 91' lang='lat' dir='ltr'><strong>na-</strong></span> 
     </span>
    </p>
   </div>
   <div class='ocr_carea' id='block_1_57' title="bbox 2166 1222 3744 1290">
    <p class='ocr_par' dir='ltr' id='par_1_57' title="bbox 2166 1222 3744 1290">
     <span class='ocr_line' id='line_1_57' title="bbox 2166 1222 3744 1290; baseline 0.006 -16"><span class='ocrx_word' id='word_1_429' title='bbox 2166 1222 2309 1276; x_wconf 91' lang='lat' dir='ltr'><strong>cturi</strong></span> <span class='ocrx_word' id='word_1_430' title='bbox 2338 1222 2469 1276; x_wconf 85' lang='lat' dir='ltr'><strong>sint.</strong></span> <span class='ocrx_word' id='word_1_431' title='bbox 2507 1222 2646 1289; x_wconf 86' lang='lat' dir='ltr'><strong>Quia</strong></span> <span class='ocrx_word' id='word_1_432' title='bbox 2680 1240 2809 1280; x_wconf 86' lang='lat' dir='ltr'><strong>vero</strong></span> <span class='ocrx_word' id='word_1_433' title='bbox 2845 1241 2914 1280; x_wconf 77' lang='lat' dir='ltr'><strong>ex</strong></span> <span class='ocrx_word' id='word_1_434' title='bbox 2958 1225 3045 1280; x_wconf 89' lang='lat' dir='ltr'><strong>bis</strong></span> <span class='ocrx_word' id='word_1_435' title='bbox 3094 1226 3332 1290; x_wconf 89' lang='lat' dir='ltr'><strong>duobus,</strong></span> <span class='ocrx_word' id='word_1_436' title='bbox 3384 1227 3645 1283; x_wconf 90' lang='lat' dir='ltr'><strong>nimirum</strong></span> <span class='ocrx_word' id='word_1_437' title='bbox 3675 1244 3744 1285; x_wconf 80' lang='lat' dir='ltr'><strong>ex</strong></span> 
     </span>
    </p>
   </div>
   <div class='ocr_carea' id='block_1_58' title="bbox 2165 1319 3742 1389">
    <p class='ocr_par' dir='ltr' id='par_1_58' title="bbox 2165 1319 3742 1389">
     <span class='ocr_line' id='line_1_58' title="bbox 2165 1319 3742 1389; baseline 0.005 -22"><span class='ocrx_word' id='word_1_438' title='bbox 2165 1322 2333 1368; x_wconf 91' lang='lat' dir='ltr'><strong>cantu</strong></span> <span class='ocrx_word' id='word_1_439' title='bbox 2365 1324 2419 1369; x_wconf 91' lang='lat' dir='ltr'><strong>et</strong></span> <span class='ocrx_word' id='word_1_440' title='bbox 2467 1332 2535 1371; x_wconf 79' lang='lat' dir='ltr'><strong>ex</strong></span> <span class='ocrx_word' id='word_1_441' title='bbox 2587 1319 2913 1388; x_wconf 89' lang='lat' dir='ltr'><strong>psalmodia,</strong></span> <span class='ocrx_word' id='word_1_442' title='bbox 2972 1320 3340 1389; x_wconf 84' lang='lat' dir='ltr'><strong>praestabilior</strong></span> <span class='ocrx_word' id='word_1_443' title='bbox 3373 1332 3567 1377; x_wconf 87' lang='lat' dir='ltr'><strong>cantus</strong></span> <span class='ocrx_word' id='word_1_444' title='bbox 3601 1330 3742 1387; x_wconf 87' lang='lat' dir='ltr'><strong>erat,</strong></span> 
     </span>
    </p>
   </div>
   <div class='ocr_carea' id='block_1_59' title="bbox 2167 1405 3746 1483">
    <p class='ocr_par' dir='ltr' id='par_1_59' title="bbox 2167 1405 3746 1483">
     <span class='ocr_line' id='line_1_59' title="bbox 2167 1405 3746 1483; baseline 0.007 -25"><span class='ocrx_word' id='word_1_445' title='bbox 2167 1414 2331 1476; x_wconf 75' lang='lat' dir='ltr'><strong>atque</strong></span> <span class='ocrx_word' id='word_1_446' title='bbox 2359 1405 2591 1461; x_wconf 85' lang='lat' dir='ltr'><strong>inferior</strong></span> <span class='ocrx_word' id='word_1_447' title='bbox 2624 1405 2730 1478; x_wconf 90' lang='lat' dir='ltr'><strong>ipsi</strong></span> <span class='ocrx_word' id='word_1_448' title='bbox 2752 1416 2871 1463; x_wconf 87' lang='lat' dir='ltr'><strong>erat</strong></span> <span class='ocrx_word' id='word_1_449' title='bbox 2903 1410 3259 1464; x_wconf 87' lang='lat' dir='ltr'><strong>instrumenti</strong></span> <span class='ocrx_word' id='word_1_450' title='bbox 3310 1412 3581 1481; x_wconf 88' lang='lat' dir='ltr'><strong>pulsatio;</strong></span> <span class='ocrx_word' id='word_1_451' title='bbox 3620 1413 3746 1483; x_wconf 89' lang='lat' dir='ltr'><strong>jure</strong></span> 
     </span>
    </p>
   </div>
   <div class='ocr_carea' id='block_1_60' title="bbox 2165 1499 3746 1571">
    <p class='ocr_par' dir='ltr' id='par_1_60' title="bbox 2165 1499 3746 1571">
     <span class='ocr_line' id='line_1_60' title="bbox 2165 1499 3746 1571; baseline 0.006 -19"><span class='ocrx_word' id='word_1_452' title='bbox 2165 1499 2309 1570; x_wconf 88' lang='lat' dir='ltr'><strong>quod</strong></span> <span class='ocrx_word' id='word_1_453' title='bbox 2346 1504 2702 1571; x_wconf 71' lang='lat' dir='ltr'><strong>prazstantius</strong></span> <span class='ocrx_word' id='word_1_454' title='bbox 2761 1513 2880 1559; x_wconf 90' lang='lat' dir='ltr'><strong>erat</strong></span> <span class='ocrx_word' id='word_1_455' title='bbox 2936 1503 3048 1560; x_wconf 93' lang='lat' dir='ltr'><strong>Deo</strong></span> <span class='ocrx_word' id='word_1_456' title='bbox 3104 1504 3335 1571; x_wconf 83' lang='lat' dir='ltr'><strong>addixit,</strong></span> <span class='ocrx_word' id='word_1_457' title='bbox 3393 1506 3746 1563; x_wconf 87' lang='lat' dir='ltr'><strong>instrumenti</strong></span> 
     </span>
    </p>
   </div>
   <div class='ocr_carea' id='block_1_61' title="bbox 2165 1594 3747 1670">
    <p class='ocr_par' dir='ltr' id='par_1_61' title="bbox 2165 1594 3747 1670">
     <span class='ocr_line' id='line_1_61' title="bbox 2165 1594 3747 1670; baseline 0.007 -26"><span class='ocrx_word' id='word_1_458' title='bbox 2165 1607 2297 1646; x_wconf 89' lang='lat' dir='ltr'><strong>vero</strong></span> <span class='ocrx_word' id='word_1_459' title='bbox 2326 1594 2597 1648; x_wconf 84' lang='lat' dir='ltr'><strong>actionem</strong></span> <span class='ocrx_word' id='word_1_460' title='bbox 2634 1595 2845 1650; x_wconf 89' lang='lat' dir='ltr'><strong>nomini</strong></span> <span class='ocrx_word' id='word_1_461' title='bbox 2873 1597 3016 1667; x_wconf 87' lang='lat' dir='ltr'><strong>ejus.</strong></span> <span class='ocrx_word' id='word_1_462' title='bbox 3050 1597 3192 1653; x_wconf 86' lang='lat' dir='ltr'><strong>Nam</strong></span> <span class='ocrx_word' id='word_1_463' title='bbox 3228 1598 3428 1670; x_wconf 88' lang='lat' dir='ltr'><strong>inquit,</strong></span> <span class='ocrx_word' id='word_1_464' title='bbox 3464 1618 3482 1651; x_wconf 86' lang='grc'>‹</span> <span class='ocrx_word' id='word_1_465' title='bbox 3527 1609 3747 1656; x_wconf 89' lang='lat' dir='ltr'><strong>cantate</strong></span> 
     </span>
    </p>
   </div>
   <div class='ocr_carea' id='block_1_62' title="bbox 2165 1680 3747 1760">
    <p class='ocr_par' dir='ltr' id='par_1_62' title="bbox 2165 1680 3747 1760">
     <span class='ocr_line' id='line_1_62' title="bbox 2165 1680 3747 1760; baseline 0.008 -27"><span class='ocrx_word' id='word_1_466' title='bbox 2165 1680 2298 1747; x_wconf 90' lang='lat' dir='ltr'><strong>Deo,</strong></span> <span class='ocrx_word' id='word_1_467' title='bbox 2329 1691 2383 1738; x_wconf 93' lang='lat' dir='ltr'><strong>et</strong></span> <span class='ocrx_word' id='word_1_468' title='bbox 2412 1686 2683 1754; x_wconf 88' lang='lat' dir='ltr'><strong>psalmum</strong></span> <span class='ocrx_word' id='word_1_469' title='bbox 2712 1686 2880 1742; x_wconf 86' lang='lat' dir='ltr'><strong>dicite</strong></span> <span class='ocrx_word' id='word_1_470' title='bbox 2920 1690 3130 1743; x_wconf 91' lang='lat' dir='ltr'><strong>nomini</strong></span> <span class='ocrx_word' id='word_1_471' title='bbox 3163 1690 3304 1760; x_wconf 89' lang='lat' dir='ltr'><strong>ejus.</strong></span> <span class='ocrx_word' id='word_1_472' title='bbox 3361 1709 3381 1743; x_wconf 73' lang='grc' dir='ltr'><strong>ι</strong></span> <span class='ocrx_word' id='word_1_473' title='bbox 3425 1690 3536 1746; x_wconf 89' lang='lat' dir='ltr'><strong>Deo</strong></span> <span class='ocrx_word' id='word_1_474' title='bbox 3562 1702 3747 1748; x_wconf 87' lang='lat' dir='ltr'><strong>autem</strong></span> 
     </span>
    </p>
   </div>
   <div class='ocr_carea' id='block_1_63' title="bbox 2164 1777 3746 1849">
    <p class='ocr_par' dir='ltr' id='par_1_63' title="bbox 2164 1777 3746 1849">
     <span class='ocr_line' id='line_1_63' title="bbox 2164 1777 3746 1849; baseline 0.006 -21"><span class='ocrx_word' id='word_1_475' title='bbox 2164 1784 2369 1841; x_wconf 87' lang='lat' dir='ltr'><strong>cantat,</strong></span> <span class='ocrx_word' id='word_1_476' title='bbox 2402 1777 2561 1845; x_wconf 86' lang='lat' dir='ltr'><strong>cujus</strong></span> <span class='ocrx_word' id='word_1_477' title='bbox 2593 1779 2776 1833; x_wconf 90' lang='lat' dir='ltr'><strong>anima</strong></span> <span class='ocrx_word' id='word_1_478' title='bbox 2807 1796 2943 1835; x_wconf 89' lang='lat' dir='ltr'><strong>sana</strong></span> <span class='ocrx_word' id='word_1_479' title='bbox 2973 1781 3225 1836; x_wconf 87' lang='lat' dir='ltr'><strong>doctrina</strong></span> <span class='ocrx_word' id='word_1_480' title='bbox 3254 1783 3509 1839; x_wconf 85' lang='lat' dir='ltr'><strong>instituta</strong></span> <span class='ocrx_word' id='word_1_481' title='bbox 3550 1793 3656 1849; x_wconf 90' lang='lat' dir='ltr'><strong>est,</strong></span> <span class='ocrx_word' id='word_1_482' title='bbox 3689 1793 3746 1840; x_wconf 91' lang='lat' dir='ltr'><strong>et</strong></span> 
     </span>
    </p>
   </div>
   <div class='ocr_carea' id='block_1_64' title="bbox 2165 1869 3745 1945">
    <p class='ocr_par' dir='ltr' id='par_1_64' title="bbox 2165 1869 3745 1945">
     <span class='ocr_line' id='line_1_64' title="bbox 2165 1869 3745 1945; baseline 0.007 -25"><span class='ocrx_word' id='word_1_483' title='bbox 2165 1870 2523 1938; x_wconf 81' lang='lat' dir='ltr'><strong>congruentia</strong></span> <span class='ocrx_word' id='word_1_484' title='bbox 2566 1869 2861 1943; x_wconf 85' lang='lat' dir='ltr'><strong>divinaque</strong></span> <span class='ocrx_word' id='word_1_485' title='bbox 2912 1872 3081 1927; x_wconf 87' lang='lat' dir='ltr'><strong>verba</strong></span> <span class='ocrx_word' id='word_1_486' title='bbox 3128 1889 3193 1929; x_wconf 84' lang='lat' dir='ltr'><strong>ex</strong></span> <span class='ocrx_word' id='word_1_487' title='bbox 3236 1891 3373 1945; x_wconf 91' lang='lat' dir='ltr'><strong>pura</strong></span> <span class='ocrx_word' id='word_1_488' title='bbox 3403 1877 3745 1932; x_wconf 89' lang='lat' dir='ltr'><strong>conscientia</strong></span> 
     </span>
    </p>
   </div>
   <div class='ocr_carea' id='block_1_65' title="bbox 2166 1962 3745 2040">
    <p class='ocr_par' dir='ltr' id='par_1_65' title="bbox 2166 1962 3745 2040">
     <span class='ocr_line' id='line_1_65' title="bbox 2166 1962 3745 2040; baseline 0.006 -26"><span class='ocrx_word' id='word_1_489' title='bbox 2166 1962 2271 2030; x_wconf 85' lang='lat' dir='ltr'><strong>ipsi</strong></span> <span class='ocrx_word' id='word_1_490' title='bbox 2296 1963 2655 2031; x_wconf 84' lang='lat' dir='ltr'><strong>transmittit;</strong></span> <span class='ocrx_word' id='word_1_491' title='bbox 2692 1964 2879 2033; x_wconf 90' lang='lat' dir='ltr'><strong>psallit</strong></span> <span class='ocrx_word' id='word_1_492' title='bbox 2906 1980 3039 2019; x_wconf 83' lang='lat' dir='ltr'><strong>vero</strong></span> <span class='ocrx_word' id='word_1_493' title='bbox 3066 1967 3278 2021; x_wconf 88' lang='lat' dir='ltr'><strong>nomini</strong></span> <span class='ocrx_word' id='word_1_494' title='bbox 3299 1968 3442 2036; x_wconf 90' lang='lat' dir='ltr'><strong>ejus,</strong></span> <span class='ocrx_word' id='word_1_495' title='bbox 3492 1969 3585 2040; x_wconf 89' lang='lat' dir='ltr'><strong>qui</strong></span> <span class='ocrx_word' id='word_1_496' title='bbox 3616 1984 3745 2024; x_wconf 90' lang='lat' dir='ltr'><strong>cor-</strong></span> 
     </span>
    </p>
   </div>
   <div class='ocr_carea' id='block_1_66' title="bbox 2165 2052 3742 2129">
    <p class='ocr_par' dir='ltr' id='par_1_66' title="bbox 2165 2052 3742 2129">
     <span class='ocr_line' id='line_1_66' title="bbox 2165 2052 3742 2129; baseline 0.005 -22"><span class='ocrx_word' id='word_1_497' title='bbox 2165 2053 2347 2120; x_wconf 85' lang='lat' dir='ltr'><strong>poreis</strong></span> <span class='ocrx_word' id='word_1_498' title='bbox 2379 2052 2620 2109; x_wconf 86' lang='lat' dir='ltr'><strong>motibus</strong></span> <span class='ocrx_word' id='word_1_499' title='bbox 2660 2064 2713 2108; x_wconf 88' lang='lat' dir='ltr'><strong>et</strong></span> <span class='ocrx_word' id='word_1_500' title='bbox 2764 2055 3011 2111; x_wconf 86' lang='lat' dir='ltr'><strong>sensibili</strong></span> <span class='ocrx_word' id='word_1_501' title='bbox 3076 2059 3293 2113; x_wconf 88' lang='lat' dir='ltr'><strong>actione</strong></span> <span class='ocrx_word' id='word_1_502' title='bbox 3334 2060 3463 2115; x_wconf 90' lang='lat' dir='ltr'><strong>talia</strong></span> <span class='ocrx_word' id='word_1_503' title='bbox 3497 2062 3742 2129; x_wconf 81' lang='lat' dir='ltr'><strong>exhibet,</strong></span> 
     </span>
    </p>
   </div>
   <div class='ocr_carea' id='block_1_67' title="bbox 2163 2146 3744 2221">
    <p class='ocr_par' dir='ltr' id='par_1_67' title="bbox 2163 2146 3744 2221">
     <span class='ocr_line' id='line_1_67' title="bbox 2163 2146 3744 2221; baseline 0.007 -24"><span class='ocrx_word' id='word_1_504' title='bbox 2163 2159 2284 2214; x_wconf 68' lang='lat' dir='ltr'><strong>quae</strong></span> <span class='ocrx_word' id='word_1_505' title='bbox 2316 2153 2655 2215; x_wconf 89' lang='lat' dir='ltr'><strong>spectatores</strong></span> <span class='ocrx_word' id='word_1_506' title='bbox 2677 2146 2746 2200; x_wconf 90' lang='lat' dir='ltr'><strong>ad</strong></span> <span class='ocrx_word' id='word_1_507' title='bbox 2771 2163 2971 2203; x_wconf 90' lang='lat' dir='ltr'><strong>nomen</strong></span> <span class='ocrx_word' id='word_1_508' title='bbox 3001 2148 3098 2205; x_wconf 86' lang='lat' dir='ltr'><strong>Dei</strong></span> <span class='ocrx_word' id='word_1_509' title='bbox 3139 2151 3316 2221; x_wconf 82' lang='lat' dir='ltr'><strong>gloria</strong></span> <span class='ocrx_word' id='word_1_510' title='bbox 3351 2153 3744 2209; x_wconf 81' lang='lat' dir='ltr'><strong>celebrandum</strong></span> 
     </span>
    </p>
   </div>
   <div class='ocr_carea' id='block_1_68' title="bbox 2164 2236 3744 2313">
    <p class='ocr_par' dir='ltr' id='par_1_68' title="bbox 2164 2236 3744 2313">
     <span class='ocr_line' id='line_1_68' title="bbox 2164 2236 3744 2313; baseline 0.007 -23"><span class='ocrx_word' id='word_1_511' title='bbox 2164 2236 2447 2293; x_wconf 88' lang='lat' dir='ltr'><strong>inducant.</strong></span> <span class='ocrx_word' id='word_1_512' title='bbox 2473 2237 2601 2293; x_wconf 73' lang='lat' dir='ltr'><strong>Htec</strong></span> <span class='ocrx_word' id='word_1_513' title='bbox 2629 2238 2796 2309; x_wconf 83' lang='lat' dir='ltr'><strong>igitur</strong></span> <span class='ocrx_word' id='word_1_514' title='bbox 2821 2241 2998 2310; x_wconf 88' lang='lat' dir='ltr'><strong>primo</strong></span> <span class='ocrx_word' id='word_1_515' title='bbox 3019 2240 3249 2310; x_wconf 89' lang='lat' dir='ltr'><strong>jubetur</strong></span> <span class='ocrx_word' id='word_1_516' title='bbox 3288 2243 3567 2313; x_wconf 89' lang='lat' dir='ltr'><strong>justorum</strong></span> <span class='ocrx_word' id='word_1_517' title='bbox 3608 2246 3744 2301; x_wconf 88' lang='lat' dir='ltr'><strong>cbo-</strong></span> 
     </span>
    </p>
   </div>
   <div class='ocr_carea' id='block_1_69' title="bbox 2164 2331 3746 2408">
    <p class='ocr_par' dir='ltr' id='par_1_69' title="bbox 2164 2331 3746 2408">
     <span class='ocr_line' id='line_1_69' title="bbox 2164 2331 3746 2408; baseline 0.007 -26"><span class='ocrx_word' id='word_1_518' title='bbox 2164 2344 2259 2384; x_wconf 89' lang='lat' dir='ltr'><strong>rus</strong></span> <span class='ocrx_word' id='word_1_519' title='bbox 2288 2346 2584 2401; x_wconf 84' lang='lat' dir='ltr'><strong>peragere;</strong></span> <span class='ocrx_word' id='word_1_520' title='bbox 2615 2331 2818 2388; x_wconf 90' lang='lat' dir='ltr'><strong>deinde</strong></span> <span class='ocrx_word' id='word_1_521' title='bbox 2839 2348 2968 2388; x_wconf 83' lang='lat' dir='ltr'><strong>vero</strong></span> <span class='ocrx_word' id='word_1_522' title='bbox 2990 2333 3165 2389; x_wconf 89' lang='lat' dir='ltr'><strong>eidem</strong></span> <span class='ocrx_word' id='word_1_523' title='bbox 3185 2336 3501 2406; x_wconf 69' lang='lat' dir='ltr'><strong>praecipitur</strong></span> <span class='ocrx_word' id='word_1_524' title='bbox 3526 2345 3585 2392; x_wconf 89' lang='lat' dir='ltr'><strong>ut</strong></span> <span class='ocrx_word' id='word_1_525' title='bbox 3606 2353 3746 2408; x_wconf 91' lang='lat' dir='ltr'><strong>opus</strong></span> 
     </span>
    </p>
   </div>
   <div class='ocr_carea' id='block_1_70' title="bbox 2163 2420 3749 2501">
    <p class='ocr_par' dir='ltr' id='par_1_70' title="bbox 2163 2420 3749 2501">
     <span class='ocr_line' id='line_1_70' title="bbox 2163 2420 3749 2501; baseline 0.008 -29"><span class='ocrx_word' id='word_1_526' title='bbox 2163 2420 2285 2475; x_wconf 91' lang='lat' dir='ltr'><strong>aliis</strong></span> <span class='ocrx_word' id='word_1_527' title='bbox 2312 2422 2443 2475; x_wconf 89' lang='lat' dir='ltr'><strong>utile</strong></span> <span class='ocrx_word' id='word_1_528' title='bbox 2477 2422 2745 2491; x_wconf 84' lang='lat' dir='ltr'><strong>perﬁciat.</strong></span> <span class='ocrx_word' id='word_1_529' title='bbox 2783 2422 2919 2479; x_wconf 88' lang='lat' dir='ltr'><strong>Nam</strong></span> <span class='ocrx_word' id='word_1_530' title='bbox 2952 2432 3011 2478; x_wconf 83' lang='lat' dir='ltr'><strong>ut</strong></span> <span class='ocrx_word' id='word_1_531' title='bbox 3055 2425 3200 2482; x_wconf 86' lang='lat' dir='ltr'><strong>Deus</strong></span> <span class='ocrx_word' id='word_1_532' title='bbox 3232 2427 3301 2481; x_wconf 91' lang='lat' dir='ltr'><strong>ad</strong></span> <span class='ocrx_word' id='word_1_533' title='bbox 3328 2426 3613 2483; x_wconf 89' lang='lat' dir='ltr'><strong>hominum</strong></span> <span class='ocrx_word' id='word_1_534' title='bbox 3654 2446 3749 2501; x_wconf 85' lang='lat' dir='ltr'><strong>ge-</strong></span> 
     </span>
    </p>
   </div>
   <div class='ocr_carea' id='block_1_71' title="bbox 2161 2514 3745 2591">
    <p class='ocr_par' dir='ltr' id='par_1_71' title="bbox 2161 2514 3745 2591">
     <span class='ocr_line' id='line_1_71' title="bbox 2161 2514 3745 2591; baseline 0.006 -24"><span class='ocrx_word' id='word_1_535' title='bbox 2161 2528 2268 2568; x_wconf 80' lang='lat' dir='ltr'><strong>nus</strong></span> <span class='ocrx_word' id='word_1_536' title='bbox 2294 2514 2541 2575; x_wconf 82' lang='lat' dir='ltr'><strong>accedat,</strong></span> <span class='ocrx_word' id='word_1_537' title='bbox 2571 2522 2771 2570; x_wconf 90' lang='lat' dir='ltr'><strong>etcum</strong></span> <span class='ocrx_word' id='word_1_538' title='bbox 2810 2516 3101 2588; x_wconf 85' lang='lat' dir='ltr'><strong>terrigenis</strong></span> <span class='ocrx_word' id='word_1_539' title='bbox 3135 2520 3500 2589; x_wconf 90' lang='lat' dir='ltr'><strong>perambulet,</strong></span> <span class='ocrx_word' id='word_1_540' title='bbox 3546 2525 3745 2591; x_wconf 66' lang='lat' dir='ltr'><strong>praeci-</strong></span> 
     </span>
    </p>
   </div>
   <div class='ocr_carea' id='block_1_72' title="bbox 2162 2607 3747 2683">
    <p class='ocr_par' dir='ltr' id='par_1_72' title="bbox 2162 2607 3747 2683">
     <span class='ocr_line' id='line_1_72' title="bbox 2162 2607 3747 2683; baseline 0.007 -25"><span class='ocrx_word' id='word_1_541' title='bbox 2162 2607 2241 2676; x_wconf 92' lang='lat' dir='ltr'><strong>pit</strong></span> <span class='ocrx_word' id='word_1_542' title='bbox 2274 2614 2333 2661; x_wconf 89' lang='lat' dir='ltr'><strong>ut</strong></span> <span class='ocrx_word' id='word_1_543' title='bbox 2361 2607 2507 2663; x_wconf 87' lang='lat' dir='ltr'><strong>viam</strong></span> <span class='ocrx_word' id='word_1_544' title='bbox 2544 2608 2760 2663; x_wconf 83' lang='lat' dir='ltr'><strong>facilem</strong></span> <span class='ocrx_word' id='word_1_545' title='bbox 2786 2617 2949 2679; x_wconf 87' lang='lat' dir='ltr'><strong>atque</strong></span> <span class='ocrx_word' id='word_1_546' title='bbox 2980 2612 3200 2681; x_wconf 78' lang='lat' dir='ltr'><strong>planam</strong></span> <span class='ocrx_word' id='word_1_547' title='bbox 3234 2613 3339 2683; x_wconf 86' lang='lat' dir='ltr'><strong>ipsi</strong></span> <span class='ocrx_word' id='word_1_548' title='bbox 3368 2614 3637 2679; x_wconf 88' lang='lat' dir='ltr'><strong>muniant,</strong></span> <span class='ocrx_word' id='word_1_549' title='bbox 3662 2614 3747 2669; x_wconf 87' lang='lat' dir='ltr'><strong>di—</strong></span> 
     </span>
    </p>
   </div>
   <div class='ocr_carea' id='block_1_73' title="bbox 2160 2700 3743 2776">
    <p class='ocr_par' dir='ltr' id='par_1_73' title="bbox 2160 2700 3743 2776">
     <span class='ocr_line' id='line_1_73' title="bbox 2160 2700 3743 2776; baseline 0.006 -24"><span class='ocrx_word' id='word_1_550' title='bbox 2160 2714 2293 2754; x_wconf 91' lang='lat' dir='ltr'><strong>cens</strong></span> <span class='ocrx_word' id='word_1_551' title='bbox 2327 2717 2342 2755; x_wconf 88' lang='lat'><strong>:</strong></span> <span class='ocrx_word' id='word_1_552' title='bbox 2381 2716 2400 2748; x_wconf 75' lang='grc' dir='ltr'><strong><em>σ</em></strong></span> <span class='ocrx_word' id='word_1_553' title='bbox 2442 2700 2552 2754; x_wconf 85' lang='lat' dir='ltr'><strong>lter</strong></span> <span class='ocrx_word' id='word_1_554' title='bbox 2576 2700 2770 2767; x_wconf 81' lang='lat' dir='ltr'><strong>facite;</strong></span> <span class='ocrx_word' id='word_1_555' title='bbox 2804 2720 2824 2753; x_wconf 70' lang='grc' dir='ltr'><strong>ι</strong></span> <span class='ocrx_word' id='word_1_556' title='bbox 2861 2702 2976 2759; x_wconf 84' lang='lat' dir='ltr'><strong>sive</strong></span> <span class='ocrx_word' id='word_1_557' title='bbox 3006 2703 3309 2758; x_wconf 85' lang='lat' dir='ltr'><strong>secundum</strong></span> <span class='ocrx_word' id='word_1_558' title='bbox 3332 2703 3743 2776; x_wconf 86' lang='lat' dir='ltr'><strong>Symmachum,</strong></span> 
     </span>
    </p>
   </div>
   <div class='ocr_carea' id='block_1_74' title="bbox 2167 2789 3745 2866">
    <p class='ocr_par' dir='ltr' id='par_1_74' title="bbox 2167 2789 3745 2866">
     <span class='ocr_line' id='line_1_74' title="bbox 2167 2789 3745 2866; baseline 0.008 -25"><span class='ocrx_word' id='word_1_559' title='bbox 2167 2808 2185 2841; x_wconf 77' lang='grc' dir='ltr'><strong>ι</strong></span> <span class='ocrx_word' id='word_1_560' title='bbox 2219 2789 2492 2859; x_wconf 87' lang='lat' dir='ltr'><strong>Sternite;</strong></span> <span class='ocrx_word' id='word_1_561' title='bbox 2518 2812 2539 2844; x_wconf 71' lang='grc' dir='ltr'><strong>ι</strong></span> <span class='ocrx_word' id='word_1_562' title='bbox 2578 2792 2881 2848; x_wconf 90' lang='lat' dir='ltr'><strong>secundum</strong></span> <span class='ocrx_word' id='word_1_563' title='bbox 2909 2793 3163 2866; x_wconf 87' lang='lat' dir='ltr'><strong>Aqui-lam</strong></span> <span class='ocrx_word' id='word_1_564' title='bbox 3193 2812 3341 2861; x_wconf 89' lang='lat' dir='ltr'><strong>vero,</strong></span> <span class='ocrx_word' id='word_1_565' title='bbox 3373 2814 3391 2847; x_wconf 74' lang='grc' dir='ltr'><strong>ι</strong></span> <span class='ocrx_word' id='word_1_566' title='bbox 3427 2796 3474 2850; x_wconf 82' lang='grc' dir='ltr'><strong>Α</strong></span> <span class='ocrx_word' id='word_1_567' title='bbox 3503 2799 3745 2854; x_wconf 86' lang='lat' dir='ltr'><strong>surculis</strong></span> 
     </span>
    </p>
   </div>
   <div class='ocr_carea' id='block_1_75' title="bbox 2160 2886 3747 2959">
    <p class='ocr_par' dir='ltr' id='par_1_75' title="bbox 2160 2886 3747 2959">
     <span class='ocr_line' id='line_1_75' title="bbox 2160 2886 3747 2959; baseline 0.003 -19"><span class='ocrx_word' id='word_1_568' title='bbox 2160 2886 2445 2950; x_wconf 86' lang='lat' dir='ltr'><strong>mundate,</strong></span> <span class='ocrx_word' id='word_1_569' title='bbox 2477 2906 2496 2938; x_wconf 74' lang='grc' dir='ltr'><strong>ι</strong></span> <span class='ocrx_word' id='word_1_570' title='bbox 2535 2886 2588 2940; x_wconf 73' lang='grc' dir='ltr'>ἰίὶ</span> <span class='ocrx_word' id='word_1_571' title='bbox 2612 2893 2717 2952; x_wconf 87' lang='lat' dir='ltr'><strong>est,</strong></span> <span class='ocrx_word' id='word_1_572' title='bbox 2745 2902 2910 2942; x_wconf 91' lang='lat' dir='ltr'><strong>omne</strong></span> <span class='ocrx_word' id='word_1_573' title='bbox 2938 2893 3248 2942; x_wconf 89' lang='lat' dir='ltr'><strong>tortuosum</strong></span> <span class='ocrx_word' id='word_1_574' title='bbox 3273 2886 3576 2953; x_wconf 82' lang='lat' dir='ltr'><strong>auferte,et</strong></span> <span class='ocrx_word' id='word_1_575' title='bbox 3599 2889 3747 2959; x_wconf 88' lang='lat' dir='ltr'><strong>quod</strong></span> 
     </span>
    </p>
   </div>
   <div class='ocr_carea' id='block_1_76' title="bbox 2161 2977 3747 3051">
    <p class='ocr_par' dir='ltr' id='par_1_76' title="bbox 2161 2977 3747 3051">
     <span class='ocr_line' id='line_1_76' title="bbox 2161 2977 3747 3051; baseline 0.002 -19"><span class='ocrx_word' id='word_1_576' title='bbox 2161 2993 2416 3048; x_wconf 86' lang='lat' dir='ltr'><strong>asperum</strong></span> <span class='ocrx_word' id='word_1_577' title='bbox 2448 2985 2554 3042; x_wconf 85' lang='lat' dir='ltr'><strong>est,</strong></span> <span class='ocrx_word' id='word_1_578' title='bbox 2592 2978 2841 3043; x_wconf 87' lang='lat' dir='ltr'><strong>sternite,</strong></span> <span class='ocrx_word' id='word_1_579' title='bbox 2873 2985 2933 3032; x_wconf 93' lang='lat' dir='ltr'><strong>ut</strong></span> <span class='ocrx_word' id='word_1_580' title='bbox 2964 2979 3070 3032; x_wconf 89' lang='lat' dir='ltr'><strong>iter</strong></span> <span class='ocrx_word' id='word_1_581' title='bbox 3105 2977 3201 3034; x_wconf 92' lang='lat' dir='ltr'><strong>Dei</strong></span> <span class='ocrx_word' id='word_1_582' title='bbox 3232 2979 3300 3033; x_wconf 90' lang='lat' dir='ltr'><strong>ad</strong></span> <span class='ocrx_word' id='word_1_583' title='bbox 3330 2978 3581 3036; x_wconf 90' lang='lat' dir='ltr'><strong>homines</strong></span> <span class='ocrx_word' id='word_1_584' title='bbox 3629 2981 3747 3051; x_wconf 84' lang='lat' dir='ltr'><strong>pla-</strong></span> 
     </span>
    </p>
   </div>
   <div class='ocr_carea' id='block_1_77' title="bbox 2160 3069 3747 3141">
    <p class='ocr_par' dir='ltr' id='par_1_77' title="bbox 2160 3069 3747 3141">
     <span class='ocr_line' id='line_1_77' title="bbox 2160 3069 3747 3141; baseline 0.002 -17"><span class='ocrx_word' id='word_1_585' title='bbox 2160 3086 2292 3125; x_wconf 90' lang='lat' dir='ltr'><strong>num</strong></span> <span class='ocrx_word' id='word_1_586' title='bbox 2321 3069 2593 3141; x_wconf 82' lang='lat' dir='ltr'><strong>facileque</strong></span> <span class='ocrx_word' id='word_1_587' title='bbox 2644 3072 2859 3126; x_wconf 87' lang='lat' dir='ltr'><strong>evadat.</strong></span> <span class='ocrx_word' id='word_1_588' title='bbox 2904 3069 3147 3141; x_wconf 85' lang='lat' dir='ltr'><strong>ldipsu-m</strong></span> <span class='ocrx_word' id='word_1_589' title='bbox 3183 3072 3264 3127; x_wconf 91' lang='lat' dir='ltr'><strong>sic</strong></span> <span class='ocrx_word' id='word_1_590' title='bbox 3295 3071 3465 3129; x_wconf 83' lang='lat' dir='ltr'><strong>Isaias</strong></span> <span class='ocrx_word' id='word_1_591' title='bbox 3498 3073 3747 3128; x_wconf 89' lang='lat' dir='ltr'><strong>declara-</strong></span> 
     </span>
    </p>
   </div>
   <div class='ocr_carea' id='block_1_78' title="bbox 2162 3161 3746 3230">
    <p class='ocr_par' dir='ltr' id='par_1_78' title="bbox 2162 3161 3746 3230">
     <span class='ocr_line' id='line_1_78' title="bbox 2162 3161 3746 3230; baseline 0.004 -15"><span class='ocrx_word' id='word_1_592' title='bbox 2162 3163 2277 3216; x_wconf 74' lang='lat' dir='ltr'><strong>vit’</strong></span> <span class='ocrx_word' id='word_1_593' title='bbox 2310 3182 2322 3216; x_wconf 91' lang='lat'><strong>:</strong></span> <span class='ocrx_word' id='word_1_594' title='bbox 2359 3182 2379 3215; x_wconf 74' lang='grc' dir='ltr'><strong>ι</strong></span> <span class='ocrx_word' id='word_1_595' title='bbox 2420 3161 2618 3217; x_wconf 89' lang='lat' dir='ltr'><strong>Parate</strong></span> <span class='ocrx_word' id='word_1_596' title='bbox 2647 3163 2793 3217; x_wconf 86' lang='lat' dir='ltr'><strong>viam</strong></span> <span class='ocrx_word' id='word_1_597' title='bbox 2820 3162 3061 3230; x_wconf 88' lang='lat' dir='ltr'><strong>Domini,</strong></span> <span class='ocrx_word' id='word_1_598' title='bbox 3096 3171 3278 3219; x_wconf 89' lang='lat' dir='ltr'><strong>rectas</strong></span> <span class='ocrx_word' id='word_1_599' title='bbox 3304 3163 3468 3220; x_wconf 79' lang='lat' dir='ltr'><strong>facite</strong></span> <span class='ocrx_word' id='word_1_600' title='bbox 3519 3167 3746 3222; x_wconf 78' lang='lat' dir='ltr'><strong>semitas</strong></span> 
     </span>
    </p>
   </div>
   <div class='ocr_carea' id='block_1_79' title="bbox 2162 3253 3750 3326">
    <p class='ocr_par' dir='ltr' id='par_1_79' title="bbox 2162 3253 3750 3326">
     <span class='ocr_line' id='line_1_79' title="bbox 2162 3253 3750 3326; baseline 0.003 -17"><span class='ocrx_word' id='word_1_601' title='bbox 2162 3255 2300 3325; x_wconf 82' lang='lat' dir='ltr'><strong>ejus.</strong></span> <span class='ocrx_word' id='word_1_602' title='bbox 2340 3253 2532 3311; x_wconf 88' lang='lat' dir='ltr'><strong>Omnis</strong></span> <span class='ocrx_word' id='word_1_603' title='bbox 2557 3256 2717 3312; x_wconf 87' lang='lat' dir='ltr'><strong>vallis</strong></span> <span class='ocrx_word' id='word_1_604' title='bbox 2758 3256 3095 3326; x_wconf 87' lang='lat' dir='ltr'><strong>implebitur,</strong></span> <span class='ocrx_word' id='word_1_605' title='bbox 3139 3264 3195 3312; x_wconf 88' lang='lat' dir='ltr'><strong>et</strong></span> <span class='ocrx_word' id='word_1_606' title='bbox 3239 3257 3420 3313; x_wconf 90' lang='lat' dir='ltr'><strong>omnis</strong></span> <span class='ocrx_word' id='word_1_607' title='bbox 3476 3273 3635 3313; x_wconf 90' lang='lat' dir='ltr'><strong>mons</strong></span> <span class='ocrx_word' id='word_1_608' title='bbox 3692 3268 3750 3313; x_wconf 91' lang='lat' dir='ltr'><strong>et</strong></span> 
     </span>
    </p>
   </div>
   <div class='ocr_carea' id='block_1_80' title="bbox 2162 3347 3748 3408">
    <p class='ocr_par' dir='ltr' id='par_1_80' title="bbox 2162 3347 3748 3408">
     <span class='ocr_line' id='line_1_80' title="bbox 2162 3347 3748 3408; baseline 0.004 -7"><span class='ocrx_word' id='word_1_609' title='bbox 2162 3349 2319 3404; x_wconf 86' lang='lat' dir='ltr'><strong>collis</strong></span> <span class='ocrx_word' id='word_1_610' title='bbox 2366 3349 2769 3405; x_wconf 86' lang='lat' dir='ltr'><strong>humiliabitur.</strong></span> <span class='ocrx_word' id='word_1_611' title='bbox 2809 3347 2877 3403; x_wconf 91' lang='lat' dir='ltr'><strong>Et</strong></span> <span class='ocrx_word' id='word_1_612' title='bbox 2912 3360 3075 3405; x_wconf 89' lang='lat' dir='ltr'><strong>erunt</strong></span> <span class='ocrx_word' id='word_1_613' title='bbox 3104 3357 3357 3407; x_wconf 82' lang='lat' dir='ltr'><strong>tortuosa</strong></span> <span class='ocrx_word' id='word_1_614' title='bbox 3398 3351 3454 3404; x_wconf 92' lang='lat' dir='ltr'><strong>in</strong></span> <span class='ocrx_word' id='word_1_615' title='bbox 3482 3351 3627 3406; x_wconf 90' lang='lat' dir='ltr'><strong>viam</strong></span> <span class='ocrx_word' id='word_1_616' title='bbox 3658 3369 3748 3408; x_wconf 81' lang='lat' dir='ltr'><strong>re-</strong></span> 
     </span>
    </p>
   </div>
   <div class='ocr_carea' id='block_1_81' title="bbox 2162 3443 3746 3513">
    <p class='ocr_par' dir='ltr' id='par_1_81' title="bbox 2162 3443 3746 3513">
     <span class='ocr_line' id='line_1_81' title="bbox 2162 3443 3746 3513; baseline 0.004 -18"><span class='ocrx_word' id='word_1_617' title='bbox 2162 3451 2331 3504; x_wconf 89' lang='lat' dir='ltr'><strong>ctam,</strong></span> <span class='ocrx_word' id='word_1_618' title='bbox 2361 3448 2416 3495; x_wconf 91' lang='lat' dir='ltr'><strong>et</strong></span> <span class='ocrx_word' id='word_1_619' title='bbox 2443 3458 2638 3513; x_wconf 88' lang='lat' dir='ltr'><strong>aspera</strong></span> <span class='ocrx_word' id='word_1_620' title='bbox 2666 3443 2721 3497; x_wconf 91' lang='lat' dir='ltr'><strong>in</strong></span> <span class='ocrx_word' id='word_1_621' title='bbox 2744 3443 2863 3499; x_wconf 82' lang='lat' dir='ltr'><strong>vias</strong></span> <span class='ocrx_word' id='word_1_622' title='bbox 2910 3444 3125 3513; x_wconf 89' lang='lat' dir='ltr'><strong>planas.</strong></span> <span class='ocrx_word' id='word_1_623' title='bbox 3190 3443 3258 3497; x_wconf 86' lang='lat' dir='ltr'><strong>Et</strong></span> <span class='ocrx_word' id='word_1_624' title='bbox 3308 3446 3517 3501; x_wconf 85' lang='lat' dir='ltr'><strong>videbit</strong></span> <span class='ocrx_word' id='word_1_625' title='bbox 3564 3446 3746 3501; x_wconf 88' lang='lat' dir='ltr'><strong>omnis</strong></span> 
     </span>
    </p>
   </div>
   <div class='ocr_carea' id='block_1_82' title="bbox 2161 3535 3747 3607">
    <p class='ocr_par' dir='ltr' id='par_1_82' title="bbox 2161 3535 3747 3607">
     <span class='ocr_line' id='line_1_82' title="bbox 2161 3535 3747 3607; baseline 0.003 -19"><span class='ocrx_word' id='word_1_626' title='bbox 2161 3549 2303 3589; x_wconf 87' lang='lat' dir='ltr'><strong>caro.</strong></span> <span class='ocrx_word' id='word_1_627' title='bbox 2318 3535 2561 3590; x_wconf 89' lang='lat' dir='ltr'><strong>salutare</strong></span> <span class='ocrx_word' id='word_1_628' title='bbox 2589 3535 2704 3591; x_wconf 89' lang='lat' dir='ltr'><strong>Dei.</strong></span> <span class='ocrx_word' id='word_1_629' title='bbox 2742 3556 2760 3588; x_wconf 74' lang='grc' dir='ltr'><strong>ι</strong></span> <span class='ocrx_word' id='word_1_630' title='bbox 2799 3535 2900 3591; x_wconf 86' lang='lat' dir='ltr'><strong>Hic</strong></span> <span class='ocrx_word' id='word_1_631' title='bbox 2919 3552 3049 3592; x_wconf 88' lang='lat' dir='ltr'><strong>vero</strong></span> <span class='ocrx_word' id='word_1_632' title='bbox 3077 3552 3188 3591; x_wconf 89' lang='lat' dir='ltr'><strong>non</strong></span> <span class='ocrx_word' id='word_1_633' title='bbox 3214 3538 3369 3607; x_wconf 90' lang='lat' dir='ltr'><strong>prius</strong></span> <span class='ocrx_word' id='word_1_634' title='bbox 3419 3542 3525 3594; x_wconf 89' lang='lat' dir='ltr'><strong>iter</strong></span> <span class='ocrx_word' id='word_1_635' title='bbox 3565 3539 3747 3593; x_wconf 81' lang='lat' dir='ltr'><strong>facere</strong></span> 
     </span>
    </p>
   </div>
   <div class='ocr_carea' id='block_1_83' title="bbox 2156 3625 3745 3701">
    <p class='ocr_par' dir='ltr' id='par_1_83' title="bbox 2156 3625 3745 3701">
     <span class='ocr_line' id='line_1_83' title="bbox 2156 3625 3745 3701; baseline 0.003 -22"><span class='ocrx_word' id='word_1_636' title='bbox 2156 3625 2335 3695; x_wconf 90' lang='lat' dir='ltr'><strong>jubet,</strong></span> <span class='ocrx_word' id='word_1_637' title='bbox 2392 3643 2559 3697; x_wconf 90' lang='lat' dir='ltr'><strong>quam</strong></span> <span class='ocrx_word' id='word_1_638' title='bbox 2611 3627 2938 3683; x_wconf 80' lang='lat' dir='ltr'><strong>edidicerint</strong></span> <span class='ocrx_word' id='word_1_639' title='bbox 2997 3628 3093 3698; x_wconf 92' lang='lat' dir='ltr'><strong>qui</strong></span> <span class='ocrx_word' id='word_1_640' title='bbox 3150 3630 3457 3684; x_wconf 84' lang='lat' dir='ltr'><strong>canendum</strong></span> <span class='ocrx_word' id='word_1_641' title='bbox 3493 3638 3745 3701; x_wconf 89' lang='lat' dir='ltr'><strong>oporteat</strong></span> 
     </span>
    </p>
   </div>
   <div class='ocr_carea' id='block_1_84' title="bbox 2161 3716 3741 3789">
    <p class='ocr_par' dir='ltr' id='par_1_84' title="bbox 2161 3716 3741 3789">
     <span class='ocr_line' id='line_1_84' title="bbox 2161 3716 3741 3789; baseline 0.003 -18"><span class='ocrx_word' id='word_1_642' title='bbox 2161 3716 2272 3772; x_wconf 84' lang='lat' dir='ltr'><strong>Deo</strong></span> <span class='ocrx_word' id='word_1_643' title='bbox 2331 3726 2386 3772; x_wconf 90' lang='lat' dir='ltr'><strong>et</strong></span> <span class='ocrx_word' id='word_1_644' title='bbox 2439 3718 2788 3788; x_wconf 89' lang='lat' dir='ltr'><strong>psallendum</strong></span> <span class='ocrx_word' id='word_1_645' title='bbox 2835 3719 3048 3773; x_wconf 90' lang='lat' dir='ltr'><strong>nomini</strong></span> <span class='ocrx_word' id='word_1_646' title='bbox 3104 3720 3247 3789; x_wconf 88' lang='lat' dir='ltr'><strong>ejus.</strong></span> <span class='ocrx_word' id='word_1_647' title='bbox 3306 3719 3404 3777; x_wconf 84' lang='lat' dir='ltr'><strong>His</strong></span> <span class='ocrx_word' id='word_1_648' title='bbox 3439 3722 3741 3783; x_wconf 82' lang='lat' dir='ltr'><strong>institutos,</strong></span> 
     </span>
    </p>
   </div>
   <div class='ocr_carea' id='block_1_85' title="bbox 2159 3812 3744 3883">
    <p class='ocr_par' dir='ltr' id='par_1_85' title="bbox 2159 3812 3744 3883">
     <span class='ocr_line' id='line_1_85' title="bbox 2159 3812 3744 3883; baseline 0.003 -18"><span class='ocrx_word' id='word_1_649' title='bbox 2159 3818 2453 3882; x_wconf 90' lang='lat' dir='ltr'><strong>postquam</strong></span> <span class='ocrx_word' id='word_1_650' title='bbox 2485 3812 2539 3866; x_wconf 93' lang='lat' dir='ltr'><strong>id</strong></span> <span class='ocrx_word' id='word_1_651' title='bbox 2569 3812 2749 3881; x_wconf 88' lang='lat' dir='ltr'><strong>reipsa</strong></span> <span class='ocrx_word' id='word_1_652' title='bbox 2783 3812 3160 3883; x_wconf 65' lang='lat' dir='ltr'><strong>prmstiterint,</strong></span> <span class='ocrx_word' id='word_1_653' title='bbox 3198 3813 3303 3868; x_wconf 91' lang='lat' dir='ltr'><strong>iter</strong></span> <span class='ocrx_word' id='word_1_654' title='bbox 3335 3812 3533 3869; x_wconf 90' lang='lat' dir='ltr'><strong>deinde</strong></span> <span class='ocrx_word' id='word_1_655' title='bbox 3563 3813 3744 3870; x_wconf 81' lang='lat' dir='ltr'><strong>facere</strong></span> 
     </span>
    </p>
   </div>
   <div class='ocr_carea' id='block_1_86' title="bbox 2159 3903 3742 3977">
    <p class='ocr_par' dir='ltr' id='par_1_86' title="bbox 2159 3903 3742 3977">
     <span class='ocr_line' id='line_1_86' title="bbox 2159 3903 3742 3977; baseline 0.003 -20"><span class='ocrx_word' id='word_1_656' title='bbox 2159 3903 2426 3974; x_wconf 70' lang='lat' dir='ltr'><strong>przecipit,</strong></span> <span class='ocrx_word' id='word_1_657' title='bbox 2469 3903 2524 3958; x_wconf 88' lang='lat' dir='ltr'><strong>id</strong></span> <span class='ocrx_word' id='word_1_658' title='bbox 2557 3913 2663 3968; x_wconf 90' lang='lat' dir='ltr'><strong>est,</strong></span> <span class='ocrx_word' id='word_1_659' title='bbox 2694 3904 2967 3959; x_wconf 89' lang='lat' dir='ltr'><strong>humanas</strong></span> <span class='ocrx_word' id='word_1_660' title='bbox 3002 3905 3213 3960; x_wconf 87' lang='lat' dir='ltr'><strong>animas</strong></span> <span class='ocrx_word' id='word_1_661' title='bbox 3264 3921 3596 3976; x_wconf 64' lang='lat' dir='ltr'><strong>praeparare,</strong></span> <span class='ocrx_word' id='word_1_662' title='bbox 3640 3924 3742 3977; x_wconf 87' lang='lat' dir='ltr'><strong>pu-</strong></span> 
     </span>
    </p>
   </div>
   <div class='ocr_carea' id='block_1_87' title="bbox 2158 3994 3741 4067">
    <p class='ocr_par' dir='ltr' id='par_1_87' title="bbox 2158 3994 3741 4067">
     <span class='ocr_line' id='line_1_87' title="bbox 2158 3994 3741 4067; baseline 0.003 -18"><span class='ocrx_word' id='word_1_663' title='bbox 2158 4012 2358 4067; x_wconf 90' lang='lat' dir='ltr'><strong>rasque</strong></span> <span class='ocrx_word' id='word_1_664' title='bbox 2388 3996 2510 4050; x_wconf 90' lang='lat' dir='ltr'><strong>illas</strong></span> <span class='ocrx_word' id='word_1_665' title='bbox 2545 4002 2599 4051; x_wconf 91' lang='lat' dir='ltr'><strong>et</strong></span> <span class='ocrx_word' id='word_1_666' title='bbox 2629 3995 2696 4050; x_wconf 87' lang='lat' dir='ltr'><strong>ad</strong></span> <span class='ocrx_word' id='word_1_667' title='bbox 2722 3996 2896 4066; x_wconf 90' lang='lat' dir='ltr'><strong>ipsius</strong></span> <span class='ocrx_word' id='word_1_668' title='bbox 2928 3994 3022 4050; x_wconf 90' lang='lat' dir='ltr'><strong>Dei</strong></span> <span class='ocrx_word' id='word_1_669' title='bbox 3050 3996 3343 4052; x_wconf 88' lang='lat' dir='ltr'><strong>adventum</strong></span> <span class='ocrx_word' id='word_1_670' title='bbox 3379 4004 3598 4067; x_wconf 88' lang='lat' dir='ltr'><strong>paratas</strong></span> <span class='ocrx_word' id='word_1_671' title='bbox 3628 3998 3741 4052; x_wconf 78' lang='lat' dir='ltr'><strong>elﬁ-</strong></span> 
     </span>
    </p>
   </div>
   <div class='ocr_carea' id='block_1_88' title="bbox 2125 4087 3739 4159">
    <p class='ocr_par' dir='ltr' id='par_1_88' title="bbox 2125 4087 3739 4159">
     <span class='ocr_line' id='line_1_88' title="bbox 2125 4087 3739 4159; baseline 0 -16"><span class='ocrx_word' id='word_1_672' title='bbox 2125 4147 2128 4151; x_wconf 60' lang='grc'><strong>,</strong></span> <span class='ocrx_word' id='word_1_673' title='bbox 2158 4104 2304 4143; x_wconf 88' lang='lat' dir='ltr'><strong>cere.</strong></span> <span class='ocrx_word' id='word_1_674' title='bbox 2334 4087 2701 4154; x_wconf 86' lang='lat' dir='ltr'><strong>Quamobrem</strong></span> <span class='ocrx_word' id='word_1_675' title='bbox 2734 4087 2813 4141; x_wconf 90' lang='lat' dir='ltr'><strong>ait</strong></span> <span class='ocrx_word' id='word_1_676' title='bbox 2849 4107 2863 4141; x_wconf 88' lang='lat'><strong>:</strong></span> <span class='ocrx_word' id='word_1_677' title='bbox 2902 4106 2921 4137; x_wconf 74' lang='grc' dir='ltr'><strong>ι</strong></span> <span class='ocrx_word' id='word_1_678' title='bbox 2963 4087 3069 4143; x_wconf 92' lang='lat' dir='ltr'><strong>lter</strong></span> <span class='ocrx_word' id='word_1_679' title='bbox 3093 4088 3256 4144; x_wconf 81' lang='lat' dir='ltr'><strong>facite</strong></span> <span class='ocrx_word' id='word_1_680' title='bbox 3286 4089 3339 4143; x_wconf 91' lang='lat' dir='ltr'><strong>ei</strong></span> <span class='ocrx_word' id='word_1_681' title='bbox 3359 4089 3453 4159; x_wconf 89' lang='lat' dir='ltr'><strong>qui</strong></span> <span class='ocrx_word' id='word_1_682' title='bbox 3492 4090 3739 4145; x_wconf 87' lang='lat' dir='ltr'><strong>ascendit</strong></span> 
     </span>
    </p>
   </div>
   <div class='ocr_carea' id='block_1_89' title="bbox 2160 4178 3740 4251">
    <p class='ocr_par' dir='ltr' id='par_1_89' title="bbox 2160 4178 3740 4251">
     <span class='ocr_line' id='line_1_89' title="bbox 2160 4178 3740 4251; baseline 0.001 -16"><span class='ocrx_word' id='word_1_683' title='bbox 2160 4195 2329 4250; x_wconf 88' lang='lat' dir='ltr'><strong>super</strong></span> <span class='ocrx_word' id='word_1_684' title='bbox 2353 4195 2635 4243; x_wconf 90' lang='lat' dir='ltr'><strong>occasum,</strong></span> <span class='ocrx_word' id='word_1_685' title='bbox 2668 4178 2939 4234; x_wconf 92' lang='lat' dir='ltr'><strong>Dominus</strong></span> <span class='ocrx_word' id='word_1_686' title='bbox 2962 4195 3162 4234; x_wconf 88' lang='lat' dir='ltr'><strong>nomen</strong></span> <span class='ocrx_word' id='word_1_687' title='bbox 3200 4180 3300 4234; x_wconf 89' lang='lat' dir='ltr'><strong>illi.</strong></span> <span class='ocrx_word' id='word_1_688' title='bbox 3351 4199 3369 4231; x_wconf 74' lang='grc' dir='ltr'><strong>ι</strong></span> <span class='ocrx_word' id='word_1_689' title='bbox 3422 4179 3521 4235; x_wconf 83' lang='lat' dir='ltr'><strong>Hie</strong></span> <span class='ocrx_word' id='word_1_690' title='bbox 3574 4197 3740 4251; x_wconf 80' lang='lat' dir='ltr'><strong>porro</strong></span> 
     </span>
    </p>
   </div>
   <div class='ocr_carea' id='block_1_90' title="bbox 2160 4268 3742 4326">
    <p class='ocr_par' dir='ltr' id='par_1_90' title="bbox 2160 4268 3742 4326">
     <span class='ocr_line' id='line_1_90' title="bbox 2160 4268 3742 4326; baseline 0.003 -5"><span class='ocrx_word' id='word_1_691' title='bbox 2160 4268 2450 4323; x_wconf 88' lang='lat' dir='ltr'><strong>Dominum</strong></span> <span class='ocrx_word' id='word_1_692' title='bbox 2485 4284 2625 4323; x_wconf 86' lang='lat' dir='ltr'><strong>nova</strong></span> <span class='ocrx_word' id='word_1_693' title='bbox 2671 4285 2807 4324; x_wconf 87' lang='lat' dir='ltr'><strong>voce</strong></span> <span class='ocrx_word' id='word_1_694' title='bbox 2855 4269 3159 4324; x_wconf 87' lang='lat' dir='ltr'><strong>secundum</strong></span> <span class='ocrx_word' id='word_1_695' title='bbox 3193 4268 3519 4325; x_wconf 85' lang='lat' dir='ltr'><strong>Hebraicam</strong></span> <span class='ocrx_word' id='word_1_696' title='bbox 3551 4272 3742 4326; x_wconf 86' lang='lat' dir='ltr'><strong>lectio-</strong></span> 
     </span>
    </p>
   </div>
   <div class='ocr_carea' id='block_1_91' title="bbox 2156 4362 3736 4433">
    <p class='ocr_par' dir='ltr' id='par_1_91' title="bbox 2156 4362 3736 4433">
     <span class='ocr_line' id='line_1_91' title="bbox 2156 4362 3736 4433; baseline 0.003 -19"><span class='ocrx_word' id='word_1_697' title='bbox 2156 4376 2280 4416; x_wconf 92' lang='lat' dir='ltr'><strong>nem</strong></span> <span class='ocrx_word' id='word_1_698' title='bbox 2311 4362 2583 4430; x_wconf 82' lang='lat' dir='ltr'><strong>expressit</strong></span> <span class='ocrx_word' id='word_1_699' title='bbox 2649 4377 2665 4417; x_wconf 90' lang='lat'>:</span> <span class='ocrx_word' id='word_1_700' title='bbox 2727 4362 2909 4431; x_wconf 91' lang='lat' dir='ltr'><strong>ipsum</strong></span> <span class='ocrx_word' id='word_1_701' title='bbox 2940 4362 3163 4433; x_wconf 91' lang='lat' dir='ltr'><strong>quippe,</strong></span> <span class='ocrx_word' id='word_1_702' title='bbox 3220 4364 3296 4430; x_wconf 73' lang='lat' dir='ltr'><strong>ia,</strong></span> <span class='ocrx_word' id='word_1_703' title='bbox 3346 4365 3736 4433; x_wconf 88' lang='lat' dir='ltr'><strong>nuncupavit:</strong></span> 
     </span>
    </p>
   </div>
   <div class='ocr_carea' id='block_1_92' title="bbox 2157 4451 3740 4525">
    <p class='ocr_par' dir='ltr' id='par_1_92' title="bbox 2157 4451 3740 4525">
     <span class='ocr_line' id='line_1_92' title="bbox 2157 4451 3740 4525; baseline 0.003 -20"><span class='ocrx_word' id='word_1_704' title='bbox 2157 4468 2327 4523; x_wconf 88' lang='lat' dir='ltr'><strong>quare</strong></span> <span class='ocrx_word' id='word_1_705' title='bbox 2359 4451 2746 4525; x_wconf 80' lang='lat' dir='ltr'><strong>Symmachus,</strong></span> <span class='ocrx_word' id='word_1_706' title='bbox 2786 4471 2804 4504; x_wconf 84' lang='grc'>‹</span> <span class='ocrx_word' id='word_1_707' title='bbox 2846 4453 2947 4509; x_wconf 88' lang='lat' dir='ltr'><strong>Per</strong></span> <span class='ocrx_word' id='word_1_708' title='bbox 2979 4455 3036 4507; x_wconf 81' lang='lat' dir='ltr'><strong>ia</strong></span> <span class='ocrx_word' id='word_1_709' title='bbox 3063 4455 3387 4511; x_wconf 87' lang='lat' dir='ltr'><strong>vocabulum</strong></span> <span class='ocrx_word' id='word_1_710' title='bbox 3417 4456 3561 4524; x_wconf 89' lang='lat' dir='ltr'><strong>ejus,</strong></span> <span class='ocrx_word' id='word_1_711' title='bbox 3605 4476 3625 4508; x_wconf 74' lang='grc' dir='ltr'><strong>ι</strong></span> <span class='ocrx_word' id='word_1_712' title='bbox 3655 4457 3740 4510; x_wconf 84' lang='lat' dir='ltr'><strong>in-</strong></span> 
     </span>
    </p>
   </div>
   <div class='ocr_carea' id='block_1_93' title="bbox 474 4544 2059 4622">
    <p class='ocr_par' dir='ltr' id='par_1_93' title="bbox 474 4548 2053 4622">
     <span class='ocr_line' id='line_1_93' title="bbox 474 4548 2053 4622; baseline 0.001 -19"><span class='ocrx_word' id='word_1_713' title='bbox 474 4566 606 4603; x_wconf 86' lang='grc' dir='ltr'>σατε</span> <span class='ocrx_word' id='word_1_714' title='bbox 659 4548 736 4619; x_wconf 89' lang='grc' dir='ltr'><strong>τῷ</strong></span> <span class='ocrx_word' id='word_1_715' title='bbox 774 4549 1124 4620; x_wconf 85' lang='grc' dir='ltr'>ἐπιϐεϐηκότι</span> <span class='ocrx_word' id='word_1_716' title='bbox 1179 4549 1271 4601; x_wconf 70' lang='grc' dir='ltr'><strong>ἐπὶ</strong></span> <span class='ocrx_word' id='word_1_717' title='bbox 1327 4548 1566 4620; x_wconf 86' lang='grc' dir='ltr'>δυσμῶν,</span> <span class='ocrx_word' id='word_1_718' title='bbox 1634 4550 1836 4621; x_wconf 84' lang='grc' dir='ltr'>Κύριος</span> <span class='ocrx_word' id='word_1_719' title='bbox 1882 4551 2053 4622; x_wconf 80' lang='grc' dir='ltr'>ὄνομα</span> 
     </span>
    </p>
   </div>
   <div class='ocr_carea' id='block_1_94' title="bbox 2160 4544 3736 4622">
    <p class='ocr_par' dir='ltr' id='par_1_94' title="bbox 2160 4544 3736 4616">
     <span class='ocr_line' id='line_1_94' title="bbox 2160 4544 3736 4616; baseline 0.003 -19"><span class='ocrx_word' id='word_1_720' title='bbox 2160 4552 2493 4615; x_wconf 88' lang='lat' dir='ltr'><strong>terpretatus</strong></span> <span class='ocrx_word' id='word_1_721' title='bbox 2522 4552 2608 4600; x_wconf 90' lang='lat' dir='ltr'><strong>est</strong></span> <span class='ocrx_word' id='word_1_722' title='bbox 2644 4564 2656 4598; x_wconf 93' lang='lat'>:</span> <span class='ocrx_word' id='word_1_723' title='bbox 2693 4545 2885 4616; x_wconf 83' lang='lat' dir='ltr'><strong>quinta</strong></span> <span class='ocrx_word' id='word_1_724' title='bbox 2914 4560 3046 4599; x_wconf 89' lang='lat' dir='ltr'><strong>vero</strong></span> <span class='ocrx_word' id='word_1_725' title='bbox 3079 4545 3270 4611; x_wconf 88' lang='lat' dir='ltr'><strong>editio,</strong></span> <span class='ocrx_word' id='word_1_726' title='bbox 3306 4564 3325 4597; x_wconf 72' lang='grc' dir='ltr'><strong>ε</strong></span> <span class='ocrx_word' id='word_1_727' title='bbox 3358 4544 3415 4600; x_wconf 93' lang='lat' dir='ltr'><strong>ln</strong></span> <span class='ocrx_word' id='word_1_728' title='bbox 3449 4548 3504 4600; x_wconf 80' lang='lat' dir='ltr'><strong>ia</strong></span> <span class='ocrx_word' id='word_1_729' title='bbox 3537 4562 3736 4602; x_wconf 88' lang='lat' dir='ltr'><strong>nomen</strong></span> 
     </span>
    </p>
   </div>
   <div class='ocr_carea' id='block_1_95' title="bbox 473 4641 2053 4715">
    <p class='ocr_par' dir='ltr' id='par_1_95' title="bbox 473 4641 2053 4715">
     <span class='ocr_line' id='line_1_95' title="bbox 473 4641 2053 4715; baseline 0 -19"><span class='ocrx_word' id='word_1_730' title='bbox 473 4641 677 4712; x_wconf 73' lang='grc' dir='ltr'>αὐτῷ.»</span> <span class='ocrx_word' id='word_1_731' title='bbox 712 4642 965 4714; x_wconf 82' lang='grc' dir='ltr'>Κέκληκε</span> <span class='ocrx_word' id='word_1_732' title='bbox 1016 4643 1072 4696; x_wconf 83' lang='grc' dir='ltr'><strong>δὲ</strong></span> <span class='ocrx_word' id='word_1_733' title='bbox 1110 4643 1201 4695; x_wconf 85' lang='grc' dir='ltr'><strong>τὸν</strong></span> <span class='ocrx_word' id='word_1_734' title='bbox 1253 4642 1457 4715; x_wconf 86' lang='grc' dir='ltr'>Κύριον</span> <span class='ocrx_word' id='word_1_735' title='bbox 1506 4642 1735 4696; x_wconf 82' lang='grc' dir='ltr'>ἐνταῦθα</span> <span class='ocrx_word' id='word_1_736' title='bbox 1763 4644 2053 4715; x_wconf 76' lang='grc' dir='ltr'>καινοτέρα</span> 
     </span>
    </p>
   </div>
   <div class='ocr_carea' id='block_1_96' title="bbox 474 4734 2054 4809">
    <p class='ocr_par' dir='ltr' id='par_1_96' title="bbox 474 4734 2054 4809">
     <span class='ocr_line' id='line_1_96' title="bbox 474 4734 2054 4809; baseline 0.001 -20"><span class='ocrx_word' id='word_1_737' title='bbox 474 4738 624 4807; x_wconf 78' lang='grc' dir='ltr'>φωνῇ</span> <span class='ocrx_word' id='word_1_738' title='bbox 686 4734 827 4789; x_wconf 81' lang='grc' dir='ltr'>κατὰ</span> <span class='ocrx_word' id='word_1_739' title='bbox 892 4737 992 4809; x_wconf 80' lang='grc' dir='ltr'>τὴν</span> <span class='ocrx_word' id='word_1_740' title='bbox 1047 4737 1341 4809; x_wconf 79' lang='grc' dir='ltr'>Ἐϐραῖκὴν</span> <span class='ocrx_word' id='word_1_741' title='bbox 1399 4735 1561 4801; x_wconf 77' lang='grc' dir='ltr'>λέξιν·</span> <span class='ocrx_word' id='word_1_742' title='bbox 1616 4737 1677 4790; x_wconf 80' lang='grc' dir='ltr'>ἴα</span> <span class='ocrx_word' id='word_1_743' title='bbox 1727 4736 1837 4809; x_wconf 84' lang='grc' dir='ltr'><strong>γὰρ</strong></span> <span class='ocrx_word' id='word_1_744' title='bbox 1893 4738 2054 4791; x_wconf 82' lang='grc' dir='ltr'>αὑτὸν</span> 
     </span>
    </p>
   </div>
   <div class='ocr_carea' id='block_1_97' title="bbox 470 4826 2054 4901">
    <p class='ocr_par' dir='ltr' id='par_1_97' title="bbox 470 4826 2054 4901">
     <span class='ocr_line' id='line_1_97' title="bbox 470 4826 2054 4901; baseline 0 -20"><span class='ocrx_word' id='word_1_745' title='bbox 470 4826 774 4899; x_wconf 77' lang='grc' dir='ltr'>ὠνόμασεν·</span> <span class='ocrx_word' id='word_1_746' title='bbox 805 4829 925 4883; x_wconf 86' lang='grc' dir='ltr'>ὅθεν</span> <span class='ocrx_word' id='word_1_747' title='bbox 947 4832 976 4884; x_wconf 86' lang='grc' dir='ltr'>ὁ</span> <span class='ocrx_word' id='word_1_748' title='bbox 1004 4829 1318 4901; x_wconf 87' lang='grc' dir='ltr'>Σύμμαχος,</span> <span class='ocrx_word' id='word_1_749' title='bbox 1375 4848 1394 4879; x_wconf 84' lang='grc'><em>‹</em></span> <span class='ocrx_word' id='word_1_750' title='bbox 1422 4830 1520 4884; x_wconf 82' lang='grc' dir='ltr'>Διά</span> <span class='ocrx_word' id='word_1_751' title='bbox 1552 4828 1645 4883; x_wconf 84' lang='grc' dir='ltr'><strong>τοῦ</strong></span> <span class='ocrx_word' id='word_1_752' title='bbox 1682 4831 1743 4883; x_wconf 81' lang='lat' dir='ltr'><strong>la</strong></span> <span class='ocrx_word' id='word_1_753' title='bbox 1788 4832 1821 4901; x_wconf 80' lang='grc' dir='ltr'><strong>ἡ</strong></span> <span class='ocrx_word' id='word_1_754' title='bbox 1858 4830 2054 4900; x_wconf 86' lang='grc' dir='ltr'>ὀνομα-</span> 
     </span>
    </p>
   </div>
   <div class='ocr_carea' id='block_1_98' title="bbox 473 4920 2053 4993">
    <p class='ocr_par' dir='ltr' id='par_1_98' title="bbox 473 4920 2053 4993">
     <span class='ocr_line' id='line_1_98' title="bbox 473 4920 2053 4993; baseline 0.001 -21"><span class='ocrx_word' id='word_1_755' title='bbox 473 4920 565 4973; x_wconf 86' lang='grc' dir='ltr'><strong>σία</strong></span> <span class='ocrx_word' id='word_1_756' title='bbox 594 4920 811 4985; x_wconf 74' lang='grc' dir='ltr'>αύτοῦ,ι</span> <span class='ocrx_word' id='word_1_757' title='bbox 844 4922 1206 4993; x_wconf 77' lang='grc' dir='ltr'>ἡρμήνευσεν·</span> <span class='ocrx_word' id='word_1_758' title='bbox 1239 4921 1350 4993; x_wconf 81' lang='grc' dir='ltr'><strong>ἡδὲ</strong></span> <span class='ocrx_word' id='word_1_759' title='bbox 1383 4922 1610 4993; x_wconf 79' lang='grc' dir='ltr'>πέμπτη</span> <span class='ocrx_word' id='word_1_760' title='bbox 1641 4922 1872 4985; x_wconf 77' lang='grc' dir='ltr'>ἐκδοσις,</span> <span class='ocrx_word' id='word_1_761' title='bbox 1905 4940 1923 4973; x_wconf 75' lang='grc' dir='ltr'><strong>ι</strong></span> <span class='ocrx_word' id='word_1_762' title='bbox 1965 4922 2053 4974; x_wconf 85' lang='grc' dir='ltr'>Ἐν</span> 
     </span>
    </p>
   </div>
   <div class='ocr_carea' id='block_1_99' title="bbox 469 5012 2050 5087">
    <p class='ocr_par' dir='ltr' id='par_1_99' title="bbox 469 5012 2050 5087">
     <span class='ocr_line' id='line_1_99' title="bbox 469 5012 2050 5087; baseline 0.002 -24"><span class='ocrx_word' id='word_1_763' title='bbox 469 5012 549 5083; x_wconf 81' lang='grc' dir='ltr'><strong>τῷ</strong></span> <span class='ocrx_word' id='word_1_764' title='bbox 575 5015 635 5066; x_wconf 82' lang='lat' dir='ltr'><strong>Ia</strong></span> <span class='ocrx_word' id='word_1_765' title='bbox 662 5013 723 5066; x_wconf 85' lang='grc' dir='ltr'>τὸ</span> <span class='ocrx_word' id='word_1_766' title='bbox 772 5014 945 5086; x_wconf 76' lang='grc' dir='ltr'>ὄνομα</span> <span class='ocrx_word' id='word_1_767' title='bbox 1002 5014 1220 5068; x_wconf 76' lang='grc' dir='ltr'>αὐτοῦ.)</span> <span class='ocrx_word' id='word_1_768' title='bbox 1257 5015 1503 5087; x_wconf 82' lang='grc' dir='ltr'>ᾘνίξατο</span> <span class='ocrx_word' id='word_1_769' title='bbox 1545 5015 1602 5068; x_wconf 86' lang='grc' dir='ltr'><strong>δέ</strong></span> <span class='ocrx_word' id='word_1_770' title='bbox 1644 5014 1705 5067; x_wconf 81' lang='grc' dir='ltr'><strong>τὸ</strong></span> <span class='ocrx_word' id='word_1_771' title='bbox 1755 5014 1925 5085; x_wconf 77' lang='grc' dir='ltr'>ὄνομα</span> <span class='ocrx_word' id='word_1_772' title='bbox 1955 5013 2050 5066; x_wconf 86' lang='grc' dir='ltr'><strong>τοῦ</strong></span> 
     </span>
    </p>
   </div>
   <div class='ocr_carea' id='block_1_100' title="bbox 471 5105 2054 5180">
    <p class='ocr_par' dir='ltr' id='par_1_100' title="bbox 471 5105 2054 5180">
     <span class='ocr_line' id='line_1_100' title="bbox 471 5105 2054 5180; baseline 0.001 -22"><span class='ocrx_word' id='word_1_773' title='bbox 471 5105 724 5177; x_wconf 85' lang='grc' dir='ltr'>Σωτῆρος</span> <span class='ocrx_word' id='word_1_774' title='bbox 761 5105 935 5177; x_wconf 82' lang='grc' dir='ltr'>Ἰησοῦ</span> <span class='ocrx_word' id='word_1_775' title='bbox 973 5106 1061 5160; x_wconf 81' lang='grc' dir='ltr'>διὰ</span> <span class='ocrx_word' id='word_1_776' title='bbox 1088 5107 1188 5178; x_wconf 88' lang='grc' dir='ltr'><strong>τῆς</strong></span> <span class='ocrx_word' id='word_1_777' title='bbox 1222 5106 1446 5180; x_wconf 84' lang='grc' dir='ltr'>πρώτης</span> <span class='ocrx_word' id='word_1_778' title='bbox 1479 5107 1769 5178; x_wconf 89' lang='grc' dir='ltr'>συλλαϐῆς.</span> <span class='ocrx_word' id='word_1_779' title='bbox 1795 5108 1905 5160; x_wconf 69' lang='grc' dir='ltr'><strong>Καὶ</strong></span> <span class='ocrx_word' id='word_1_780' title='bbox 1931 5106 2054 5160; x_wconf 90' lang='grc' dir='ltr'>τοῦ-</span> 
     </span>
    </p>
   </div>
   <div class='ocr_carea' id='block_1_101' title="bbox 467 5192 2050 5271">
    <p class='ocr_par' dir='ltr' id='par_1_101' title="bbox 467 5192 2050 5271">
     <span class='ocr_line' id='line_1_101' title="bbox 467 5192 2050 5271; baseline 0.001 -22"><span class='ocrx_word' id='word_1_781' title='bbox 467 5213 561 5250; x_wconf 84' lang='grc' dir='ltr'><strong>τον</strong></span> <span class='ocrx_word' id='word_1_782' title='bbox 591 5198 930 5271; x_wconf 83' lang='grc' dir='ltr'>τὸν-Κύριον,</span> <span class='ocrx_word' id='word_1_783' title='bbox 964 5192 1026 5252; x_wconf 78' lang='grc' dir='ltr'>οὗ</span> <span class='ocrx_word' id='word_1_784' title='bbox 1054 5200 1115 5253; x_wconf 86' lang='grc' dir='ltr'><strong>τὸ</strong></span> <span class='ocrx_word' id='word_1_785' title='bbox 1142 5200 1314 5271; x_wconf 79' lang='grc' dir='ltr'>δνομά</span> <span class='ocrx_word' id='word_1_786' title='bbox 1333 5216 1494 5270; x_wconf 87' lang='grc' dir='ltr'>φησιν</span> <span class='ocrx_word' id='word_1_787' title='bbox 1524 5196 1663 5254; x_wconf 75' lang='grc' dir='ltr'>εἶναι</span> <span class='ocrx_word' id='word_1_788' title='bbox 1695 5199 1783 5253; x_wconf 79' lang='grc' dir='ltr'>διὰ</span> <span class='ocrx_word' id='word_1_789' title='bbox 1819 5198 1914 5252; x_wconf 89' lang='grc' dir='ltr'><strong>τοῦ</strong></span> <span class='ocrx_word' id='word_1_790' title='bbox 1969 5198 2050 5261; x_wconf 82' lang='grc' dir='ltr'>ἴα,</span> 
     </span>
    </p>
   </div>
   <div class='ocr_carea' id='block_1_102' title="bbox 470 5286 2048 5363">
    <p class='ocr_par' dir='ltr' id='par_1_102' title="bbox 470 5286 2048 5363">
     <span class='ocr_line' id='line_1_102' title="bbox 470 5286 2048 5363; baseline 0.003 -24"><span class='ocrx_word' id='word_1_791' title='bbox 470 5286 505 5356; x_wconf 80' lang='grc' dir='ltr'>ἢ</span> <span class='ocrx_word' id='word_1_792' title='bbox 557 5288 616 5340; x_wconf 87' lang='grc' dir='ltr'><strong>ἐν</strong></span> <span class='ocrx_word' id='word_1_793' title='bbox 660 5287 738 5359; x_wconf 88' lang='grc' dir='ltr'><strong>τῷ</strong></span> <span class='ocrx_word' id='word_1_794' title='bbox 792 5288 873 5354; x_wconf 84' lang='grc' dir='ltr'>ἴα,</span> <span class='ocrx_word' id='word_1_795' title='bbox 922 5289 1308 5363; x_wconf 83' lang='grc' dir='ltr'>ἐπιϐεϐηκέναι</span> <span class='ocrx_word' id='word_1_796' title='bbox 1365 5291 1459 5345; x_wconf 74' lang='grc' dir='ltr'>ἐπὶ</span> <span class='ocrx_word' id='word_1_797' title='bbox 1510 5290 1730 5362; x_wconf 86' lang='grc' dir='ltr'>δυσμῶν</span> <span class='ocrx_word' id='word_1_798' title='bbox 1788 5290 2048 5345; x_wconf 85' lang='grc' dir='ltr'>διδάσκει·</span> 
     </span>
    </p>
   </div>
   <div class='ocr_carea' id='block_1_103' title="bbox 474 5380 2052 5455">
    <p class='ocr_par' dir='ltr' id='par_1_103' title="bbox 474 5380 2052 5455">
     <span class='ocr_line' id='line_1_103' title="bbox 474 5380 2052 5455; baseline 0.005 -24"><span class='ocrx_word' id='word_1_799' title='bbox 474 5380 729 5449; x_wconf 88' lang='grc' dir='ltr'>σημαίνει</span> <span class='ocrx_word' id='word_1_800' title='bbox 761 5380 818 5433; x_wconf 84' lang='grc' dir='ltr'><strong>δὲ</strong></span> <span class='ocrx_word' id='word_1_801' title='bbox 866 5383 966 5454; x_wconf 81' lang='grc' dir='ltr'>τὴν</span> <span class='ocrx_word' id='word_1_802' title='bbox 997 5385 1077 5447; x_wconf 87' lang='grc' dir='ltr'><strong>είς</strong></span> <span class='ocrx_word' id='word_1_803' title='bbox 1102 5382 1422 5455; x_wconf 82' lang='grc' dir='ltr'>ἀνθρώπους</span> <span class='ocrx_word' id='word_1_804' title='bbox 1474 5383 1638 5438; x_wconf 84' lang='grc' dir='ltr'>αὐτοῦ</span> <span class='ocrx_word' id='word_1_805' title='bbox 1696 5382 1930 5453; x_wconf 87' lang='grc' dir='ltr'>πάροδον</span> <span class='ocrx_word' id='word_1_806' title='bbox 1959 5387 2052 5438; x_wconf 74' lang='grc' dir='ltr'><strong>καὶ</strong></span> 
     </span>
    </p>
   </div>
   <div class='ocr_carea' id='block_1_104' title="bbox 469 5471 2051 5549">
    <p class='ocr_par' dir='ltr' id='par_1_104' title="bbox 469 5471 2051 5549">
     <span class='ocr_line' id='line_1_104' title="bbox 469 5471 2051 5549; baseline 0.003 -24"><span class='ocrx_word' id='word_1_807' title='bbox 469 5471 569 5543; x_wconf 87' lang='grc' dir='ltr'>τὴν</span> <span class='ocrx_word' id='word_1_808' title='bbox 588 5472 851 5544; x_wconf 78' lang='grc' dir='ltr'>ἐνσαρκον</span> <span class='ocrx_word' id='word_1_809' title='bbox 878 5475 1193 5545; x_wconf 80' lang='grc' dir='ltr'>ἐπιδημίαν.</span> <span class='ocrx_word' id='word_1_810' title='bbox 1226 5477 1299 5530; x_wconf 81' lang='grc' dir='ltr'>Ού</span> <span class='ocrx_word' id='word_1_811' title='bbox 1352 5474 1463 5547; x_wconf 81' lang='grc' dir='ltr'><strong>γάρ</strong></span> <span class='ocrx_word' id='word_1_812' title='bbox 1494 5476 1587 5529; x_wconf 79' lang='grc' dir='ltr'>τὸν</span> <span class='ocrx_word' id='word_1_813' title='bbox 1621 5478 1679 5529; x_wconf 87' lang='grc' dir='ltr'><strong>ἐν</strong></span> <span class='ocrx_word' id='word_1_814' title='bbox 1706 5479 1886 5549; x_wconf 78' lang='grc' dir='ltr'>μορφῇ</span> <span class='ocrx_word' id='word_1_815' title='bbox 1917 5476 2051 5531; x_wconf 86' lang='grc' dir='ltr'>Θεοῦ</span> 
     </span>
    </p>
   </div>
   <div class='ocr_carea' id='block_1_105' title="bbox 471 5565 2052 5641">
    <p class='ocr_par' dir='ltr' id='par_1_105' title="bbox 471 5565 2052 5641">
     <span class='ocr_line' id='line_1_105' title="bbox 471 5565 2052 5641; baseline 0.002 -22"><span class='ocrx_word' id='word_1_816' title='bbox 471 5565 604 5619; x_wconf 82' lang='grc' dir='ltr'>Θεὸν</span> <span class='ocrx_word' id='word_1_817' title='bbox 620 5567 791 5634; x_wconf 86' lang='grc' dir='ltr'>Λόγον</span> <span class='ocrx_word' id='word_1_818' title='bbox 822 5569 1028 5638; x_wconf 76' lang='grc' dir='ltr'>γυμνὸν</span> <span class='ocrx_word' id='word_1_819' title='bbox 1048 5567 1320 5633; x_wconf 79' lang='grc' dir='ltr'>ἐπιδείξας</span> <span class='ocrx_word' id='word_1_820' title='bbox 1350 5567 1543 5637; x_wconf 83' lang='grc' dir='ltr'>φώτων</span> <span class='ocrx_word' id='word_1_821' title='bbox 1561 5568 1717 5641; x_wconf 87' lang='grc' dir='ltr'>δίκην</span> <span class='ocrx_word' id='word_1_822' title='bbox 1743 5569 2052 5640; x_wconf 76' lang='grc' dir='ltr'>ἐξήστραψε</span> 
     </span>
    </p>
   </div>
   <div class='ocr_carea' id='block_1_106' title="bbox 473 5658 2053 5735">
    <p class='ocr_par' dir='ltr' id='par_1_106' title="bbox 473 5658 2053 5735">
     <span class='ocr_line' id='line_1_106' title="bbox 473 5658 2053 5735; baseline 0.003 -23"><span class='ocrx_word' id='word_1_823' title='bbox 473 5658 561 5714; x_wconf 75' lang='grc' dir='ltr'><strong>τὸν</strong></span> <span class='ocrx_word' id='word_1_824' title='bbox 584 5661 689 5715; x_wconf 89' lang='grc' dir='ltr'><strong>τῶν</strong></span> <span class='ocrx_word' id='word_1_825' title='bbox 718 5660 1020 5733; x_wconf 82' lang='grc' dir='ltr'>ἀνθρώπων</span> <span class='ocrx_word' id='word_1_826' title='bbox 1054 5661 1187 5732; x_wconf 85' lang='grc' dir='ltr'>βίον,</span> <span class='ocrx_word' id='word_1_827' title='bbox 1222 5663 1435 5735; x_wconf 84' lang='grc' dir='ltr'>μορφὴν</span> <span class='ocrx_word' id='word_1_828' title='bbox 1456 5662 1512 5716; x_wconf 82' lang='grc' dir='ltr'><strong>δέ</strong></span> <span class='ocrx_word' id='word_1_829' title='bbox 1538 5663 1725 5718; x_wconf 76' lang='grc' dir='ltr'>δούλου</span> <span class='ocrx_word' id='word_1_830' title='bbox 1752 5664 1930 5720; x_wconf 88' lang='grc' dir='ltr'>λαϐὼν</span> <span class='ocrx_word' id='word_1_831' title='bbox 1960 5665 2053 5719; x_wconf 74' lang='grc' dir='ltr'><strong>καὶ</strong></span> 
     </span>
    </p>
   </div>
   <div class='ocr_carea' id='block_1_107' title="bbox 540 5818 1544 5893">
    <p class='ocr_par' dir='ltr' id='par_1_107' title="bbox 540 5818 1544 5893">
     <span class='ocr_line' id='line_1_107' title="bbox 540 5818 1544 5893; baseline 0.003 -19"><span class='ocrx_word' id='word_1_832' title='bbox 540 5819 686 5874; x_wconf 74' lang='lat' dir='ltr'><strong>’Isa.</strong></span> <span class='ocrx_word' id='word_1_833' title='bbox 719 5836 807 5885; x_wconf 65' lang='grc' dir='ltr'>δι,</span> <span class='ocrx_word' id='word_1_834' title='bbox 848 5818 962 5876; x_wconf 76' lang='grc'><strong>5-5.</strong></span> <span class='ocrx_word' id='word_1_835' title='bbox 1046 5822 1087 5854; x_wconf 80' lang='grc'><strong>¹⁰</strong></span> <span class='ocrx_word' id='word_1_836' title='bbox 1116 5820 1316 5893; x_wconf 85' lang='lat' dir='ltr'><strong>Ephes.</strong></span> <span class='ocrx_word' id='word_1_837' title='bbox 1350 5839 1421 5886; x_wconf 80' lang='lat' dir='ltr'><strong>vi,</strong></span> <span class='ocrx_word' id='word_1_838' title='bbox 1456 5820 1544 5877; x_wconf 67' lang='grc' dir='ltr'><strong>ιε.</strong></span> 
     </span>
    </p>
   </div>
   <div class='ocr_carea' id='block_1_108' title="bbox 2157 4635 3737 4709">
    <p class='ocr_par' dir='ltr' id='par_1_108' title="bbox 2157 4635 3737 4709">
     <span class='ocr_line' id='line_1_108' title="bbox 2157 4635 3737 4709; baseline -0.001 -16"><span class='ocrx_word' id='word_1_839' title='bbox 2157 4637 2302 4707; x_wconf 89' lang='lat' dir='ltr'><strong>ejus.</strong></span> <span class='ocrx_word' id='word_1_840' title='bbox 2343 4656 2362 4689; x_wconf 71' lang='grc' dir='ltr'><strong>ι</strong></span> <span class='ocrx_word' id='word_1_841' title='bbox 2403 4635 2509 4693; x_wconf 90' lang='lat' dir='ltr'><strong>Per</strong></span> <span class='ocrx_word' id='word_1_842' title='bbox 2528 4638 2763 4707; x_wconf 90' lang='lat' dir='ltr'><strong>primam</strong></span> <span class='ocrx_word' id='word_1_843' title='bbox 2800 4645 2981 4691; x_wconf 91' lang='lat' dir='ltr'><strong>autem</strong></span> <span class='ocrx_word' id='word_1_844' title='bbox 3009 4638 3272 4709; x_wconf 84' lang='lat' dir='ltr'><strong>syllabam</strong></span> <span class='ocrx_word' id='word_1_845' title='bbox 3296 4654 3499 4692; x_wconf 89' lang='lat' dir='ltr'><strong>nomen</strong></span> <span class='ocrx_word' id='word_1_846' title='bbox 3532 4636 3737 4694; x_wconf 87' lang='lat' dir='ltr'><strong>Serva-</strong></span> 
     </span>
    </p>
   </div>
   <div class='ocr_carea' id='block_1_109' title="bbox 2159 4729 3739 4801">
    <p class='ocr_par' dir='ltr' id='par_1_109' title="bbox 2159 4729 3739 4801">
     <span class='ocr_line' id='line_1_109' title="bbox 2159 4729 3739 4801; baseline 0.002 -16"><span class='ocrx_word' id='word_1_847' title='bbox 2159 4732 2293 4787; x_wconf 90' lang='lat' dir='ltr'><strong>toris</strong></span> <span class='ocrx_word' id='word_1_848' title='bbox 2321 4729 2451 4787; x_wconf 86' lang='lat' dir='ltr'><strong>Jesu</strong></span> <span class='ocrx_word' id='word_1_849' title='bbox 2491 4731 2882 4786; x_wconf 89' lang='lat' dir='ltr'><strong>subindicavit.</strong></span> <span class='ocrx_word' id='word_1_850' title='bbox 2928 4730 2994 4784; x_wconf 88' lang='lat' dir='ltr'><strong>Et</strong></span> <span class='ocrx_word' id='word_1_851' title='bbox 3028 4731 3119 4785; x_wconf 91' lang='lat' dir='ltr'><strong>hic</strong></span> <span class='ocrx_word' id='word_1_852' title='bbox 3149 4739 3234 4786; x_wconf 86' lang='lat' dir='ltr'><strong>est</strong></span> <span class='ocrx_word' id='word_1_853' title='bbox 3259 4729 3525 4786; x_wconf 89' lang='lat' dir='ltr'><strong>Dominus</strong></span> <span class='ocrx_word' id='word_1_854' title='bbox 3578 4732 3739 4801; x_wconf 87' lang='lat' dir='ltr'><strong>cujus</strong></span> 
     </span>
    </p>
   </div>
   <div class='ocr_carea' id='block_1_110' title="bbox 2156 4822 3740 4894">
    <p class='ocr_par' dir='ltr' id='par_1_110' title="bbox 2156 4822 3740 4894">
     <span class='ocr_line' id='line_1_110' title="bbox 2156 4822 3740 4894; baseline 0.001 -16"><span class='ocrx_word' id='word_1_855' title='bbox 2156 4839 2357 4879; x_wconf 90' lang='lat' dir='ltr'><strong>nomen</strong></span> <span class='ocrx_word' id='word_1_856' title='bbox 2383 4838 2480 4894; x_wconf 91' lang='lat' dir='ltr'><strong>per</strong></span> <span class='ocrx_word' id='word_1_857' title='bbox 2513 4824 2588 4888; x_wconf 83' lang='lat' dir='ltr'><strong>ia,</strong></span> <span class='ocrx_word' id='word_1_858' title='bbox 2640 4824 2724 4878; x_wconf 88' lang='lat' dir='ltr'><strong>vel</strong></span> <span class='ocrx_word' id='word_1_859' title='bbox 2767 4824 2823 4877; x_wconf 90' lang='lat' dir='ltr'><strong>in</strong></span> <span class='ocrx_word' id='word_1_860' title='bbox 2854 4824 2910 4877; x_wconf 83' lang='lat' dir='ltr'><strong>ia</strong></span> <span class='ocrx_word' id='word_1_861' title='bbox 2939 4822 3074 4877; x_wconf 92' lang='lat' dir='ltr'><strong>dicit</strong></span> <span class='ocrx_word' id='word_1_862' title='bbox 3104 4838 3230 4879; x_wconf 87' lang='lat' dir='ltr'><strong>esse</strong></span> <span class='ocrx_word' id='word_1_863' title='bbox 3279 4841 3291 4876; x_wconf 92' lang='lat'><strong>:</strong></span> <span class='ocrx_word' id='word_1_864' title='bbox 3334 4831 3390 4878; x_wconf 91' lang='lat' dir='ltr'><strong>et</strong></span> <span class='ocrx_word' id='word_1_865' title='bbox 3421 4823 3740 4879; x_wconf 85' lang='lat' dir='ltr'><strong>ascendisse</strong></span> 
     </span>
    </p>
   </div>
   <div class='ocr_carea' id='block_1_111' title="bbox 2156 4912 3737 4985">
    <p class='ocr_par' dir='ltr' id='par_1_111' title="bbox 2156 4912 3737 4985">
     <span class='ocr_line' id='line_1_111' title="bbox 2156 4912 3737 4985; baseline -0.001 -16"><span class='ocrx_word' id='word_1_866' title='bbox 2156 4930 2278 4969; x_wconf 91' lang='lat' dir='ltr'><strong>eum</strong></span> <span class='ocrx_word' id='word_1_867' title='bbox 2311 4915 2379 4968; x_wconf 92' lang='lat' dir='ltr'><strong>ad</strong></span> <span class='ocrx_word' id='word_1_868' title='bbox 2412 4928 2674 4969; x_wconf 84' lang='lat' dir='ltr'><strong>occasum</strong></span> <span class='ocrx_word' id='word_1_869' title='bbox 2706 4912 2892 4977; x_wconf 90' lang='lat' dir='ltr'><strong>docet,</strong></span> <span class='ocrx_word' id='word_1_870' title='bbox 2923 4912 3305 4985; x_wconf 79' lang='lat' dir='ltr'><strong>significatque</strong></span> <span class='ocrx_word' id='word_1_871' title='bbox 3325 4913 3446 4983; x_wconf 85' lang='lat' dir='ltr'><strong>ejus</strong></span> <span class='ocrx_word' id='word_1_872' title='bbox 3482 4914 3536 4967; x_wconf 89' lang='lat' dir='ltr'><strong>in</strong></span> <span class='ocrx_word' id='word_1_873' title='bbox 3569 4929 3737 4968; x_wconf 89' lang='lat' dir='ltr'><strong>carne</strong></span> 
     </span>
    </p>
   </div>
   <div class='ocr_carea' id='block_1_112' title="bbox 2155 5004 3738 5076">
    <p class='ocr_par' dir='ltr' id='par_1_112' title="bbox 2155 5004 3738 5076">
     <span class='ocr_line' id='line_1_112' title="bbox 2155 5004 3738 5076; baseline 0.001 -16"><span class='ocrx_word' id='word_1_874' title='bbox 2155 5007 2451 5060; x_wconf 90' lang='lat' dir='ltr'><strong>transitum</strong></span> <span class='ocrx_word' id='word_1_875' title='bbox 2482 5004 2551 5059; x_wconf 88' lang='lat' dir='ltr'><strong>ad</strong></span> <span class='ocrx_word' id='word_1_876' title='bbox 2586 5005 2857 5062; x_wconf 90' lang='lat' dir='ltr'><strong>homines.</strong></span> <span class='ocrx_word' id='word_1_877' title='bbox 2897 5006 3085 5076; x_wconf 89' lang='lat' dir='ltr'><strong>Neque</strong></span> <span class='ocrx_word' id='word_1_878' title='bbox 3128 5010 3277 5062; x_wconf 89' lang='lat' dir='ltr'><strong>enim</strong></span> <span class='ocrx_word' id='word_1_879' title='bbox 3338 5020 3485 5070; x_wconf 91' lang='lat' dir='ltr'><strong>eum,</strong></span> <span class='ocrx_word' id='word_1_880' title='bbox 3537 5006 3631 5075; x_wconf 90' lang='lat' dir='ltr'><strong>qui</strong></span> <span class='ocrx_word' id='word_1_881' title='bbox 3678 5008 3738 5061; x_wconf 89' lang='lat' dir='ltr'><strong>in</strong></span> 
     </span>
    </p>
   </div>
   <div class='ocr_carea' id='block_1_113' title="bbox 2156 5094 3738 5161">
    <p class='ocr_par' dir='ltr' id='par_1_113' title="bbox 2156 5094 3738 5161">
     <span class='ocr_line' id='line_1_113' title="bbox 2156 5094 3738 5161; baseline -0.001 -9"><span class='ocrx_word' id='word_1_882' title='bbox 2156 5097 2331 5152; x_wconf 81' lang='lat' dir='ltr'><strong>forma</strong></span> <span class='ocrx_word' id='word_1_883' title='bbox 2364 5094 2461 5150; x_wconf 89' lang='lat' dir='ltr'><strong>Dei</strong></span> <span class='ocrx_word' id='word_1_884' title='bbox 2485 5103 2626 5161; x_wconf 90' lang='lat' dir='ltr'><strong>erat,</strong></span> <span class='ocrx_word' id='word_1_885' title='bbox 2660 5094 2830 5151; x_wconf 87' lang='lat' dir='ltr'><strong>Deum</strong></span> <span class='ocrx_word' id='word_1_886' title='bbox 2864 5094 3099 5153; x_wconf 84' lang='lat' dir='ltr'><strong>Verbum</strong></span> <span class='ocrx_word' id='word_1_887' title='bbox 3130 5096 3339 5151; x_wconf 86' lang='lat' dir='ltr'><strong>nudum</strong></span> <span class='ocrx_word' id='word_1_888' title='bbox 3370 5096 3637 5151; x_wconf 79' lang='lat' dir='ltr'><strong>exhibens</strong></span> <span class='ocrx_word' id='word_1_889' title='bbox 3658 5096 3738 5150; x_wconf 89' lang='lat' dir='ltr'><strong>lu-</strong></span> 
     </span>
    </p>
   </div>
   <div class='ocr_carea' id='block_1_114' title="bbox 2154 5186 3734 5261">
    <p class='ocr_par' dir='ltr' id='par_1_114' title="bbox 2154 5186 3734 5261">
     <span class='ocr_line' id='line_1_114' title="bbox 2154 5186 3734 5261; baseline -0.001 -18"><span class='ocrx_word' id='word_1_890' title='bbox 2154 5189 2236 5245; x_wconf 90' lang='lat' dir='ltr'><strong>cis</strong></span> <span class='ocrx_word' id='word_1_891' title='bbox 2272 5188 2468 5253; x_wconf 89' lang='lat' dir='ltr'><strong>instar,</strong></span> <span class='ocrx_word' id='word_1_892' title='bbox 2498 5189 2802 5242; x_wconf 88' lang='lat' dir='ltr'><strong>humanum</strong></span> <span class='ocrx_word' id='word_1_893' title='bbox 2839 5203 3013 5259; x_wconf 83' lang='lat' dir='ltr'><strong>genus</strong></span> <span class='ocrx_word' id='word_1_894' title='bbox 3066 5187 3394 5251; x_wconf 87' lang='lat' dir='ltr'><strong>illustravit;</strong></span> <span class='ocrx_word' id='word_1_895' title='bbox 3431 5186 3525 5243; x_wconf 89' lang='lat' dir='ltr'><strong>sed</strong></span> <span class='ocrx_word' id='word_1_896' title='bbox 3556 5186 3734 5261; x_wconf 82' lang='lat' dir='ltr'><strong>forma</strong></span> 
     </span>
    </p>
   </div>
   <div class='ocr_carea' id='block_1_115' title="bbox 2156 5279 3734 5359">
    <p class='ocr_par' dir='ltr' id='par_1_115' title="bbox 2156 5279 3734 5359">
     <span class='ocr_line' id='line_1_115' title="bbox 2156 5279 3734 5359; baseline -0.003 -23"><span class='ocrx_word' id='word_1_897' title='bbox 2156 5281 2301 5336; x_wconf 89' lang='lat' dir='ltr'><strong>servi</strong></span> <span class='ocrx_word' id='word_1_898' title='bbox 2332 5289 2579 5350; x_wconf 89' lang='lat' dir='ltr'><strong>accepta,</strong></span> <span class='ocrx_word' id='word_1_899' title='bbox 2616 5280 2901 5359; x_wconf 78' lang='lat' dir='ltr'><strong>radiisque</strong></span> <span class='ocrx_word' id='word_1_900' title='bbox 2927 5279 3151 5336; x_wconf 90' lang='lat' dir='ltr'><strong>deitatis</strong></span> <span class='ocrx_word' id='word_1_901' title='bbox 3176 5295 3291 5336; x_wconf 69' lang='lat' dir='ltr'><strong>sua:</strong></span> <span class='ocrx_word' id='word_1_902' title='bbox 3320 5280 3640 5341; x_wconf 83' lang='lat' dir='ltr'><strong>contractis,</strong></span> <span class='ocrx_word' id='word_1_903' title='bbox 3676 5287 3734 5335; x_wconf 90' lang='lat' dir='ltr'><strong>et</strong></span> 
     </span>
    </p>
   </div>
   <div class='ocr_carea' id='block_1_116' title="bbox 2154 5370 3734 5442">
    <p class='ocr_par' dir='ltr' id='par_1_116' title="bbox 2154 5370 3734 5442">
     <span class='ocr_line' id='line_1_116' title="bbox 2154 5370 3734 5442; baseline -0.001 -17"><span class='ocrx_word' id='word_1_904' title='bbox 2154 5372 2465 5442; x_wconf 88' lang='lat' dir='ltr'><strong>incorpore</strong></span> <span class='ocrx_word' id='word_1_905' title='bbox 2485 5370 2646 5441; x_wconf 91' lang='lat' dir='ltr'><strong>quasi</strong></span> <span class='ocrx_word' id='word_1_906' title='bbox 2670 5370 2981 5433; x_wconf 85' lang='lat' dir='ltr'><strong>demersus,</strong></span> <span class='ocrx_word' id='word_1_907' title='bbox 3014 5385 3139 5425; x_wconf 90' lang='lat' dir='ltr'><strong>cum</strong></span> <span class='ocrx_word' id='word_1_908' title='bbox 3173 5371 3242 5425; x_wconf 87' lang='lat' dir='ltr'><strong>ad</strong></span> <span class='ocrx_word' id='word_1_909' title='bbox 3268 5385 3526 5425; x_wconf 87' lang='lat' dir='ltr'><strong>occasum</strong></span> <span class='ocrx_word' id='word_1_910' title='bbox 3558 5385 3734 5440; x_wconf 88' lang='lat' dir='ltr'><strong>usque</strong></span> 
     </span>
    </p>
   </div>
   <div class='ocr_carea' id='block_1_117' title="bbox 2156 5462 3733 5535">
    <p class='ocr_par' dir='ltr' id='par_1_117' title="bbox 2156 5462 3733 5535">
     <span class='ocr_line' id='line_1_117' title="bbox 2156 5462 3733 5535; baseline -0.001 -16"><span class='ocrx_word' id='word_1_911' title='bbox 2156 5466 2403 5521; x_wconf 87' lang='lat' dir='ltr'><strong>mortalis</strong></span> <span class='ocrx_word' id='word_1_912' title='bbox 2435 5464 2563 5520; x_wconf 76' lang='lat' dir='ltr'><strong>vitae</strong></span> <span class='ocrx_word' id='word_1_913' title='bbox 2600 5463 2913 5521; x_wconf 89' lang='lat' dir='ltr'><strong>devenisset</strong></span> <span class='ocrx_word' id='word_1_914' title='bbox 2940 5469 3124 5535; x_wconf 90' lang='lat' dir='ltr'><strong>(quam</strong></span> <span class='ocrx_word' id='word_1_915' title='bbox 3161 5464 3329 5519; x_wconf 91' lang='lat' dir='ltr'><strong>vitam</strong></span> <span class='ocrx_word' id='word_1_916' title='bbox 3348 5464 3568 5520; x_wconf 88' lang='lat' dir='ltr'><strong>divinus</strong></span> <span class='ocrx_word' id='word_1_917' title='bbox 3583 5462 3733 5534; x_wconf 69' lang='lat' dir='ltr'><strong>Apoo</strong></span> 
     </span>
    </p>
   </div>
   <div class='ocr_carea' id='block_1_118' title="bbox 2157 5564 3733 5632">
    <p class='ocr_par' dir='ltr' id='par_1_118' title="bbox 2157 5564 3733 5632">
     <span class='ocr_line' id='line_1_118' title="bbox 2157 5564 3733 5632; baseline -0.001 -11"><span class='ocrx_word' id='word_1_918' title='bbox 2157 5568 2332 5622; x_wconf 91' lang='lat' dir='ltr'><strong>stolus</strong></span> <span class='ocrx_word' id='word_1_919' title='bbox 2359 5566 2612 5623; x_wconf 85' lang='lat' dir='ltr'><strong>tenebras</strong></span> <span class='ocrx_word' id='word_1_920' title='bbox 2636 5572 2815 5632; x_wconf 90' lang='lat' dir='ltr'><strong>vocat,</strong></span> <span class='ocrx_word' id='word_1_921' title='bbox 2842 5564 3031 5620; x_wconf 88' lang='lat' dir='ltr'><strong>dicens</strong></span> <span class='ocrx_word' id='word_1_922' title='bbox 3084 5583 3097 5619; x_wconf 76' lang='grc' dir='ltr'>ε</span> <span class='ocrx_word' id='word_1_923' title='bbox 3168 5582 3187 5614; x_wconf 88' lang='grc'><strong><em>‹</em></strong></span> <span class='ocrx_word' id='word_1_924' title='bbox 3232 5564 3509 5621; x_wconf 86' lang='lat' dir='ltr'><strong>Adversus</strong></span> <span class='ocrx_word' id='word_1_925' title='bbox 3541 5565 3733 5628; x_wconf 89' lang='lat' dir='ltr'><strong>mundi</strong></span> 
     </span>
    </p>
   </div>
   <div class='ocr_carea' id='block_1_119' title="bbox 2156 5658 3733 5730">
    <p class='ocr_par' dir='ltr' id='par_1_119' title="bbox 2156 5658 3733 5730">
     <span class='ocr_line' id='line_1_119' title="bbox 2156 5658 3733 5730; baseline 0 -15"><span class='ocrx_word' id='word_1_926' title='bbox 2156 5671 2400 5718; x_wconf 88' lang='lat' dir='ltr'><strong>rectores</strong></span> <span class='ocrx_word' id='word_1_927' title='bbox 2426 5660 2776 5718; x_wconf 86' lang='lat' dir='ltr'><strong>tenebrarum</strong></span> <span class='ocrx_word' id='word_1_928' title='bbox 2808 5659 3005 5715; x_wconf 87' lang='lat' dir='ltr'><strong>harum</strong></span> <span class='ocrx_word' id='word_1_929' title='bbox 3026 5659 3070 5691; x_wconf 84' lang='grc'><strong>¹⁰</strong></span> <span class='ocrx_word' id='word_1_930' title='bbox 3104 5658 3149 5730; x_wconf 84' lang='grc'><strong>›)</strong></span> <span class='ocrx_word' id='word_1_931' title='bbox 3174 5676 3189 5726; x_wconf 89' lang='grc'><strong>;</strong></span> <span class='ocrx_word' id='word_1_932' title='bbox 3218 5660 3333 5715; x_wconf 88' lang='lat' dir='ltr'><strong>sive</strong></span> <span class='ocrx_word' id='word_1_933' title='bbox 3391 5660 3555 5718; x_wconf 75' lang='lat' dir='ltr'><strong>etiam</strong></span> <span class='ocrx_word' id='word_1_934' title='bbox 3605 5674 3733 5717; x_wconf 89' lang='lat' dir='ltr'><strong>cum</strong></span> 
     </span>
    </p>
   </div>
  </div>
