4142 6388
374 358 477 411 65.7

1048 356 1316 413 EUSEBII
1368 356 1846 415 CIESARIENSIS
1885 357 2033 413 OPP.
2073 357 2253 414 PARS
2291 359 2376 414 lli.
2419 390 2487 401 -—
2528 360 2938 417 EXEGETICA.

3536 366 3639 423 688

379 474 555 545 ipsam
610 484 840 531 mortem
870 476 1151 534 subiisset.
1198 476 1516 531 ascendisse
1544 476 1749 530 dicitur
1784 491 1949 546 super

2069 477 2149 542 τὰς
2174 480 2396 543 ἀκτῖνας
2418 481 2515 553 τῆς
2532 479 2723 534 ἑαυτοῦ
2748 479 2998 551 θεότητος
3023 477 3323 545 συστείλας,
3349 479 3640 554 καὶῶσπερ

379 596 659 637 occasum.
687 580 824 635 [luic
859 582 1026 651 igitur
1056 582 1309 646 Domino,
1358 582 1451 652 qui
1506 582 1754 637 ascendit
1789 598 1955 652 super

372 688 651 739 occasum,
684 674 843 742 cujus
876 689 1077 728 nomen
1106 672 1237 728 Jesu
1260 688 1355 744 per
1386 675 1441 727 ia
1465 674 1827 743 significatur,
1853 675 1957 728 iter

376 764 556 820 facite.
590 764 715 820 Haec
740 782 906 835 porro
928 766 1230 836 apostolico
1262 766 1435 821 choro
1468 766 1691 836 spiritus
1721 766 1957 838 prophe-

374 860 518 913 ticus
572 861 841 931 praecipit,
887 870 939 915 et
976 861 1107 915 illud
1158 876 1282 916 cum
1320 860 1605 915 alacritate
1638 868 1693 916 et
1755 860 1953 915 ﬁducia

375 967 571 1023 magna
624 953 801 1023 ipsum
860 969 1120 1024 peragere
1145 954 1322 1023 jubet.
1358 954 1725 1019 Quamobrem
1757 953 1956 1009 deinde

376 1043 578 1100 infert:
617 1064 636 1096 ‹
672 1044 737 1099 Et
760 1046 1031 1101 exsultate
1055 1046 1112 1099 in
1138 1053 1439 1116 conspectu
1466 1045 1618 1115 ejus;
1654 1064 1672 1098 ι
1717 1045 1833 1101 sive
1865 1062 1956 1100 se-

360 1136 615 1191 cundum
670 1136 1085 1209 Symmachum,
1146 1156 1163 1189 ι
1209 1136 1275 1190 Ει
1330 1137 1639 1207 gloriamini
1690 1137 1745 1190 in
1816 1135 1956 1192 facie

358 1230 516 1300 ejus.
583 1249 602 1282 ›
651 1229 828 1284 Aliam
875 1246 1093 1302 quoque
1146 1230 1393 1302 praedicti
1449 1230 1665 1285 Domini
1706 1230 1956 1283 notitiam

376 1321 581 1390 prabet
601 1320 833 1377 dicens:
872 1339 890 1371 ‹
923 1321 1103 1377 Patris
1129 1322 1505 1391 orphanorum
1542 1328 1597 1375 et
1638 1320 1844 1391 judicis
1877 1320 1958 1373 vi-

375 1413 631 1467 duarum.
671 1432 689 1464 ›
728 1412 843 1469 Nisi
876 1414 1021 1468 enim
1055 1420 1211 1483 pater
1262 1414 1639 1483 orphanorum
1677 1421 1732 1467 et
1760 1411 1957 1466 vindex

371 1507 651 1575 judexque
675 1508 961 1562 viduarum
1003 1508 1143 1562 eflici
1170 1508 1432 1578 dignatus
1459 1515 1628 1574 esset,
1674 1505 1823 1560 nulla
1853 1504 1957 1574 ipsi

376 1584 516 1653 ratio
548 1598 743 1654 fuisset
775 1615 901 1654 cum
932 1600 1233 1654 humilibus
1263 1607 1442 1654 terrae.
1475 1598 1544 1652 At
1573 1594 1701 1669 quia
1734 1613 1831 1667 per
1851 1597 1957 1651 liu-

376 1690 658 1746 manitatis
700 1706 989 1746 excessum
1026 1691 1285 1761 dignatus
1319 1698 1403 1744 est
1436 1690 1735 1745 ascendere
1792 1704 1956 1759 super

377 1798 657 1849 oceasum,
694 1792 748 1839 et
792 1785 846 1839 in
882 1784 1123 1840 tenebris
1162 1783 1535 1853 orphanorum
1569 1791 1725 1854 pater
1748 1781 1954 1847 vocari,

375 1878 748 1933 et-viduarum
787 1878 1095 1948 patrocinio
1145 1878 1477 1941 carentium,
1538 1877 1958 1944 animarumque

376 1969 658 2033 orbarum,
697 1968 867 2039 judex
910 1976 965 2024 et
1000 1970 1147 2023 ultor
1190 1968 1367 2036 efﬁci;
1403 1968 1529 2038 jure
1568 1968 1636 2023 a‘d
1680 1968 1957 2038 orphanos

378 2062 623 2117 caelestis
649 2060 828 2117 Patris
866 2062 1109 2133 ignaros,
1134 2073 1187 2119 et
1208 2065 1275 2119 ad
1292 2064 1486 2119 viduas
1510 2061 1724 2116 animas
1752 2076 1959 2132 sponso

375 2153 539 2208 orbas
569 2154 713 2209 viam
744 2154 997 2225 apparari
1024 2156 1199 2225 jubet.
1225 2156 1377 2211 Alias
1401 2170 1620 2226 quoque
1654 2152 1960 2210 Providen-

379 2246 468 2302 tiae
524 2247 791 2302 rationem
839 2246 957 2301 haec
1019 2247 1293 2303 sententia
1328 2246 1713 2309 declaraverit,
1754 2246 1958 2301 docens

380 2338 573 2394 viduas
593 2346 648 2393 et
675 2337 1160 2409 orphanos,orhos
1198 2346 1249 2394 et
1288 2338 1595 2408 patrocinio
1622 2348 1877 2393 carentes
1904 2338 1959 2391 in

380 2430 587 2485 mundo
626 2430 864 2501 relinqui
894 2444 1005 2484 non
1051 2432 1172 2486 sine
1218 2430 1425 2485 ratione
1458 2436 1513 2484 et
1541 2430 1808 2499 sapientia
1839 2428 1957 2495 Dei;

380 2522 478 2579 sed
526 2522 595 2577 ad
645 2523 767 2592 ejus
814 2522 1068 2593 gloriam,
1102 2522 1332 2592 ejusque
1362 2522 1563 2576 divina:
1598 2520 1962 2592 providentiae

380 2624 783 2689 argumentum.
808 2614 963 2686 Saepe
997 2616 1181 2685 itaque
1212 2615 1445 2685 orphani
1474 2615 1798 2685 parentibus
1815 2614 1958 2678 orbi,

382 2710 699 2765 accuratius
727 2708 905 2764 edocti
931 2715 985 2764 et
1019 2707 1220 2762 litteris
1251 2708 1489 2762 instituti
1522 2706 1695 2772 fuere,
1726 2723 1891 2777 quam
1923 2706 1962 2760 ii

382 2800 475 2871 qui
507 2816 538 2854 a
571 2800 891 2871 parentibus
932 2800 1150 2855 educati
1180 2807 1340 2867 sunt;
1391 2799 1635 2869 itemque
1690 2799 1963 2854 diuturnae

380 2893 509 2947 vitae
535 2900 590 2946 et
618 2892 814 2946 annosi
846 2894 1177 2947 exstiterunt
1211 2909 1223 2944 :
1261 2906 1439 2961 neque
1479 2892 1658 2946 solum
1691 2892 1759 2946 iis
1789 2892 1963 2946 victui

380 2985 696 3042 necessaria
726 2983 978 3051 adfuere;
1006 2983 1115 3039 imo
1137 2984 1301 3039 etiam
1336 2984 1586 3053 praeclari
1620 2992 1674 3038 et
1720 2983 1965 3039 illustres

382 3093 608 3134 evasere
635 3076 759 3131 viri.
792 3074 1031 3145 Parique
1062 3077 1227 3131 modo
1270 3076 1530 3130 mulieres
1582 3075 1640 3129 in
1674 3075 1961 3131 viduitatis

383 3170 745 3227 infortunium
779 3171 965 3239 lapsae,
1010 3168 1285 3235 alacriori,
1330 3168 1561 3223 feliciori
1616 3183 1679 3222 ac
1738 3168 1961 3238 religio-
1990 3209 2032 3267 Ο

387 3265 525 3320 siori
552 3264 668 3318 vita
703 3262 1005 3333 perfuncta:
1039 3268 1189 3325 sunt,
1213 3276 1376 3332 quam
1406 3261 1511 3315 illae
1539 3276 1659 3331 quae
1684 3260 1739 3314 in
1772 3260 1965 3329 conju-

383 3356 475 3426 gi'o
496 3358 665 3411 vitam
696 3363 942 3427 egerant.
980 3355 1125 3411 Deus
1159 3356 1361 3425 quippe
1400 3355 1525 3425 plus
1555 3355 1818 3425 orphanis
1844 3368 1969 3424 pro-

388 3446 571 3515 spicit,
616 3463 782 3517 quam
838 3453 1020 3517 patres
1079 3446 1242 3514 filiis;
1276 3454 1331 3500 et
1366 3447 1655 3502 viduarum
1701 3454 1967 3517 patronus

384 3540 693 3611 vindexque
720 3546 825 3594 est.
852 3538 1034 3605 Quare
1061 3538 1267 3593 dictum
1308 3546 1393 3593 est
1422 3558 1437 3594 :
1484 3557 1504 3590 ι
1559 3538 1739 3599 Patris
1766 3540 1968 3610 orpha-

388 3633 586 3685 n'orum
617 3630 893 3700 etjudicis
912 3630 1224 3685 viduarum.
1259 3648 1277 3681 ι
1305 3628 1414 3685 Pro
1443 3631 1538 3685 illo
1562 3638 1765 3696 autem,
1802 3649 1819 3681 ‹
1864 3632 1969 3697 Qui

390 3722 638 3778 as’cen‘dit
666 3738 830 3792 super
870 3726 1166 3788 oc’casum;
1208 3741 1225 3773 ι
1263 3719 1649 3793 Symmachus,
1685 3741 1704 3774 ι
1742 3722 1845 3789 Qui
1877 3739 1971 3777 vc-

395 3814 546 3868 liitur
595 3815 650 3869 in
700 3815 1023 3869 inliahitata.
1093 3835 1111 3866 ›
1171 3814 1535 3870 lnhabitatam
1566 3830 1751 3886 .porro
1788 3824 1968 3880 vocat,

392 3907 820 3979 alienigenarum
855 3916 909 3963 et
948 3915 1335 3963 extranearum
1379 3907 1626 3976 gentium
1651 3908 1969 3979 regionem;

394 4028 516 4082 quae
554 4012 677 4068 aliis
709 4014 768 4066 iu
817 4012 956 4068 locis
992 4012 1274 4068 desertum
1329 4012 1639 4082 nuncupari
1696 4013 1858 4069 solet.
1896 4012 1973 4070 Ac

394 4134 591 4175 rursus
608 4134 707 4189 pro
731 4118 846 4184 illo,
885 4139 903 4170 ι
929 4119 1133 4189 judicis
1160 4118 1494 4186 viduarum;
1533 4139 1552 4171 ι
1587 4119 1806 4189 Aquila,
1836 4140 1854 4171 ι
1885 4120 1977 4190 ju-

395 4227 631 4283 dicantis
661 4228 891 4294 viduas;
954 4248 972 4280 ›
1032 4226 1418 4299 Symmachus,
1466 4245 1485 4277 ι
1522 4227 1843 4283 ulciscentis
1892 4228 1975 4283 vi-

396 4333 558 4390 duas.
600 4354 618 4386 ι
653 4334 917 4405 Apposite
972 4335 1263 4390 admodum
1321 4343 1534 4405 patrem
1572 4325 1971 4403 orphanorum,

397 4436 945 4506 viduarumjudicem
965 4445 1142 4491 vocat.
1178 4437 1317 4503 Quia
1354 4437 1498 4492 enim
1532 4453 1643 4491 non
1665 4452 1859 4494 omnes
1893 4437 1979 4492 vi-

398 4544 521 4600 dua:
553 4544 743 4600 eodem
790 4544 916 4598 vitae
967 4544 1220 4599 instituto
1276 4554 1425 4610 sunt,
1488 4544 1799 4613 dijudicans
1856 4544 1973 4614 ipse

2058 585 2291 648 καταδὺς
2319 587 2377 638 ἐν
2409 585 2485 656 τῷ
2508 584 2740 655 σώματι,
2776 585 2868 638 ἐπὶ
2899 584 3117 655 δυσμῶν
3141 602 3200 636 τε
3226 585 3517 655 γενόμενος
3546 585 3639 639 τοῦ

2057 675 2250 745 θνητοῦ
2282 675 2418 745 βίου,
2445 675 2589 746 (ὂνό
2618 674 2757 736 θεῖος
2794 674 3109 737 Ἀπόστολος
3139 673 3327 736 σκότος
3357 672 3642 745 ὠνόμασεν

2059 766 2247 821 εἰπών·
2294 788 2311 817 ε
2338 768 2481 839 Πρὸς
2502 769 2628 830 τοὺς
2656 768 3105 838 κοσμοκράτορας
3138 764 3231 819 τοῦ
3256 766 3479 831 σκότους
3509 766 3642 819 τού-

2055 860 2195 931 τουο)
2233 880 2250 911 ι
2275 860 2307 930 ἢ
2334 864 2390 913 ἐν
2422 859 2570 930 αὐτῷ
2590 860 2826 923 καταδὺς
2852 858 2930 930 τῷ
2976 858 3208 929 θανάτῳ,
3243 857 3491 913 λέλεκται
3523 861 3643 912 ἐπι-

2058 954 2353 1025 ϐεϐηκέναι
2377 955 2469 1007 ἐπὶ
2493 953 2732 1025 δυσμῶν.
2762 952 2950 1024 Τούτῳ
2977 948 3097 1017 οὖν,
3150 952 3307 1022 φησὶ,
3335 950 3413 1022 τῷ
3458 952 3642 1005 ἐπιϐε-

2058 1049 2247 1117 ϐηκότι
2288 1049 2394 1100 ἐπὶ·
2424 1047 2646 1118 δυσμῶν
2691 1046 2901 1117 Κυρίῳ,
2934 1041 2994 1100 οῦ
3033 1045 3093 1099 τὺ
3138 1045 3311 1115 Ἰησοῦ
3340 1045 3511 1115 ὄνομα
3554 1045 3643 1099 διὰ

2060 1139 2151 1192 τοῦ
2220 1141 2279 1191 ἴα
2337 1139 2683 1210 σημαίνεται,
2744 1138 3116 1209 ὀδοποιήσατε.
3175 1136 3511 1207 Προστάττει
3583 1136 3641 1189 δὲ

2057 1232 2231 1286 ταῦτα
2286 1232 2344 1285 τὸ
2382 1233 2606 1301 Πνεῦμα
2664 1230 2724 1283 τὸ
2789 1230 3125 1302 προφητικὸν
3172 1229 3249 1301 τῷ
3300 1229 3643 1300 ἁποστολικῷ

2056 1324 2221 1397 χορῷ,
2260 1324 2353 1378 καὶ
2384 1324 2542 1377 τοῦτο
2572 1324 2829 1396 πράττειν
2880 1323 2977 1375 σὺν
3010 1322 3176 1392 πολλῇ
3232 1321 3511 1393 προθυμίᾳ
3547 1320 3643 1374 καί¹

2058 1417 2341 1490 παρρησίᾳ
2366 1416 2760 1469 ἐπικελεύεται.
2812 1414 2902 1468 Διὸ
2953 1413 3196 1481 ἐπιλέγει
3243 1412 3389 1483 ἑξῆς·
3463 1431 3481 1463 ‹
3534 1413 3645 1465 Καὶ

2058 1508 2389 1578 ἀγαλλιᾶσθε
2421 1507 2650 1563 ἐνώπιον
2706 1506 2927 1561 αὐτοῦ’»
2963 1506 2995 1576 ἦ
3028 1505 3168 1558 κατά
3193 1504 3286 1558 τὸν
3325 1504 3640 1576 Σύμμαχον,

2064 1623 2082 1655 ι
2108 1603 2217 1656 Καὶ
2244 1602 2543 1674 γαυριᾶσθε
2570 1603 2651 1664 εἰς
2685 1601 2975 1673 πρόσωπον
3002 1597 3187 1652 αὑτοῦ.
3206 1618 3224 1649 ι
3262 1598 3372 1650 Καὶ
3428 1597 3556 1650 ἄλλο
3585 1597 3642 1649 δὲ

2058 1695 2341 1766 γνώρισμα
2372 1695 2553 1747 δίδωσι
2583 1693 2673 1746 τοῦ
2707 1691 3141 1764 προδηλωθέντος
3189 1691 3415 1761 Κυρίου,
3448 1690 3643 1759 λέγων’

2066 1807 2084 1839 α
2123 1788 2228 1841 Τοῦ
2264 1788 2470 1859 πατρὸς
2495 1786 2602 1839 τῶν
2633 1785 2884 1855 ὀρφανῶν
2913 1784 3009 1838 καὶ
3042 1782 3231 1856 κριτοῦ
3264 1782 3369 1835 τῶν
3398 1781 3637 1853 χηρῶν.»

1987 1857 2029 1911 Β
2059 1880 2122 1931 Ei
2159 1880 2233 1950 μὴ
2276 1857 2386 1951 γὰρ
2417 1877 2666 1951 ὀρφανῶν
2692 1877 2891 1947 ἠξίωσε
2925 1874 3173 1944 γενέσθαι
3220 1874 3422 1946 πατὴρ,
3460 1872 3646 1944 χηρῶν

2058 1990 2117 2024 τε
2140 1971 2352 2034 ἔκδικος
2382 1971 2475 2024 καὶ
2524 1969 2741 2042 κριτὴς,
2792 1967 2967 2030 οὐδεὶς
3012 1962 3079 2036 ἦν
3116 1964 3264 2035 αύτῴ
3307 1964 3462 2033 λόγος
3508 1963 3646 2035 πρὸς

2059 2065 2183 2127 τοὺς
2209 2063 2301 2115 ἐπὶ
2344 2063 2448 2133 γῆς
2498 2060 2808 2123 ταπεινούς.
2873 2058 3027 2112 Ἐπεὶ
3080 2058 3135 2110 δὲ
3186 2057 3306 2110 καθ’
3340 2055 3645 2128 ὑπερϐολὴν

2060 2155 2468 2226 φιλανθρωπίας
2496 2153 2833 2224 κατηξίωσεν
2858 2151 3114 2221 ἐπιϐῆναι
3155 2150 3247 2202 ἐπὶ
3277 2147 3516 2218 δυσμῶν,
3548 2150 3645 2200 καὶ

2060 2248 2167 2301 τῶν
2196 2250 2253 2301 ἐν
2284 2245 2361 2316 τῷ
2384 2247 2559 2317 σκότῳ
2581 2244 2832 2317 ὀρφανῶν
2860 2242 3195 2315 χρηματίσαι
3227 2239 3428 2312 πατὴρ,
3449 2239 3555 2291 τῶν
3585 2254 3645 2291 τε

2060 2341 2438 2412 ἀπεριστάτων
2462 2338 2645 2410 χηρῶν
2669 2356 2727 2391 τε
2755 2337 2848 2390 καὶ
2881 2338 3104 2408 ἐρήμων
3137 2333 3323 2404 ψυχῶν
3345 2332 3534 2404 κριτὴς
3553 2332 3648 2384 καὶ

2061 2434 2270 2497 ἔκδικος
2303 2432 2574 2501 γενέσθαι·
2613 2431 2837 2494 εἰκότως
2886 2429 2982 2502 τὴν
3012 2429 3127 2482 ὁδὸν
3160 2427 3518 2500 τὴν,ἄγουσαν
3557 2427 3650 2477 ἐπὶ

2059 2530 2183 2592 τοὺς
2210 2527 2483 2599 ὀρφανοὺς
2540 2526 2666 2588 τοὺς
2692 2524 2783 2577 τὸν
2816 2523 3137 2594 ἐπουράνιον
3181 2519 3508 2589 ἀγνοοῦντας
3532 2520 3649 2571 Ila-

2060 2621 2215 2691 τέρα,
2248 2619 2340 2672 ἐπί
2390 2636 2450 2671 τε
2499 2618 2597 2681 τὰς
2645 2616 3013 2687 ἐστερημένας
3046 2615 3140 2668 τοῦ
3188 2614 3422 2684 νυμφίου
3477 2614 3651 2682 χήρας

2061 2714 2239 2786 ψυχὰς
2270 2713 2534 2767 ὁδοποιεῖν
2567 2707 3019 2782 παρακελεύεται.
3072 2706 3183 2759 Καὶ
3238 2704 3410 2767 ἄλλως
3445 2704 3521 2767 δὲ,
3554 2700 3648 2753 τοῦ

2064 2806 2190 2878 περὶ
2216 2803 2481 2876 Προνοίας
2505 2802 2664 2870 λόγου
2697 2802 2891 2869 γένοιτ’
2945 2798 3010 2852 ἂν
3041 2800 3075 2870 ή
3122 2797 3329 2851 διάνοια
3367 2812 3651 2869 παραστα-

2062 2897 2211 2969 τικὴ,
2251 2897 2599 2959 διδάσκουσα,
2631 2895 2711 2947 ὅτι
2736 2893 2902 2964 χῆραι
2946 2892 3039 2945 καὶ
3074 2890 3300 2962 ὀρφανοὶ
3330 2888 3525 2961 έρημοι
3557 2889 3653 2942 καὶ

2063 2990 2168 3043 ἀπε
2179 2990 2415 3061 ρίστατοι
2440 2985 2861 3040 καταλείπονται
2884 2983 2942 3036 ἐν
2965 2981 3042 3053 τῷ
3068 2980 3170 3052 βίῳ
3198 2980 3298 3033 οὑκ
3343 2979 3470 3033 ἄνευ
3492 2978 3654 3047 λόγου

2064 3083 2158 3135 καὶ
2190 3081 2382 3149 σοφίας
2404 3077 2561 3145 Θεοῦ,
2590 3077 2704 3130 ἀλλ’
2730 3078 2810 3138 είς
2834 3074 2989 3140 δόξαν
3010 3072 3175 3127 αὐτοῦ
3199 3074 3292 3126 καὶ
3320 3076 3401 3136 είς
3432 3072 3656 3137 ἔνδειξιν

2064 3175 2165 3246 τῆς
2191 3173 2355 3229 αὐτοῦ
2391 3172 2539 3236 θείας
2566 3170 2893 3241 ἐπισκοπῆς.
2928 3167 3194 3231 Πολλάκις
3214 3167 3342 3235 γοῦν
3370 3169 3418 3219 οἱ
3454 3166 3655 3234 γονέων

2073 3266 2426 3339 ἐστερημένοι
2454 3264 2642 3327 παῖδες
2665 3262 2891 3335 ὀρφανοὶ
2924 3259 3123 3331 μᾶλλον
3153 3260 3261 3313 τῶν
3288 3258 3392 3312 ὑπὸ
3418 3258 3656 3329 πατράσι

2072 3359 2388 3431 τραφέντων
2420 3356 2592 3425 λόγων
2624 3356 2716 3409 καὶ
2751 3354 2997 3416 παιδείας
3047 3353 3327 3424 μετέσχον,
3367 3349 3657 3423 μακρόϐιοι

2073 3469 2133 3505 τε
2166 3452 2257 3505 καὶ
2304 3448 2644 3521 πολυχρόνιοι
2699 3449 2973 3516 γεγόνασι·
3007 3446 3100 3500 καὶ
3144 3445 3206 3497 οὐ
3242 3444 3401 3515 μόνον
3453 3442 3659 3514 τροφῆς

2075 3544 2416 3615 ηὐπόρησαν,
2435 3539 2570 3593 ἀλλά
2588 3540 2682 3593 καὶ
2714 3540 2792 3602 είς
2823 3539 3124 3609 ἐπισήμους
3152 3536 3350 3607 ἄνδρας
3366 3533 3657 3606 προῆλθον.

2076 3636 2186 3691 Καὶ
2219 3637 2473 3704 γυναῖκες
2501 3632 2762 3695 ὡσαύτως
2793 3631 2990 3705 χηρίαν
3017 3631 3416 3701 δυστυχήσασαι
3459 3625 3657 3697 μᾶλλον

2076 3731 2184 3783 τῶν
2208 3732 2265 3782 ἐν
2297 3727 2526 3799 συζυγίᾳ
2560 3727 2671 3797 βίον
2699 3725 2933 3797 εῦθυμον
2963 3724 3056 3777 καὶ
3081 3723 3284 3778 ἄλυπον
3305 3720 3398 3775 καὶ
3432 3719 3656 3790 θεοσεϐῆ

2078 3812 2370 3894 διεξῆλθον·
2404 3821 2498 3875 τοῦ
2548 3819 2682 3875 Θεοῦ
2716 3822 2830 3882 τοῖς
2858 3818 2957 3886 μὲν
3004 3818 3259 3888 ὀρφανοῖς
3309 3814 3446 3885 ὑπὲρ
3482 3812 3658 3867 πάντα

2080 3915 2292 3985 πατέρα
2325 3911 2715 3975 καταστάντος,
2748 3912 2867 3972 ταῖς
2916 3908 2973 3960 δὲ
3023 3909 3221 3979 χήραις
3274 3904 3659 3974 ἀντιλήπτορος

2081 4022 2176 4076 καὶ
2204 4020 2438 4073 ἐκδίκου.
2462 4019 2552 4072 Διὸ
2580 4017 2809 4089 εἴρηται·
2857 4036 2875 4067 ς
2904 4013 3011 4068 Τοῦ
3054 4013 3257 4085 πατρὸς
3282 4010 3390 4065 τῶν
3411 4008 3661 4083 ὀρφανῶν

2083 4124 2177 4176 καὶ
2207 4121 2393 4192 κριτοῦ
2435 4120 2542 4174 τῶν
2590 4118 2828 4191 χηρῶν.»
2875 4116 3019 4171 Ἀντὶ
3050 4114 3107 4168 δὲ
3143 4113 3262 4178 τοῦ,
3305 4131 3324 4164 ι
3364 4112 3454 4184 Τῷ
3479 4111 3664 4165 ἐπιϐε-

2085 4229 2277 4299 ϐηκότι
2312 4226 2405 4280 ἐπὶ
2435 4224 2709 4297 δυσμῶν,ι
2743 4225 2770 4275 6
2792 4224 3105 4294 Σύμμαχος·
3150 4239 3169 4272 ι
3197 4218 3288 4290 Τῷ
3316 4215 3663 4289 ἐποχουμένῳ

2088 4333 2144 4384 ἐν
2176 4333 2243 4401 τῇ
2283 4330 2575 4400 ἀοικήτῳ.»
2617 4328 2900 4398 Ἀοίκητον
2936 4325 2992 4378 δὲ
3026 4324 3183 4379 καλεῖ
3224 4322 3321 4394 τὴν
3366 4320 3472 4374 τῶν
3507 4319 3661 4373 ἁλλο-

2088 4436 2260 4506 γενῶν
2285 4437 2379 4490 καὶ
2408 4435 2720 4506 ἀλλοφύλων
2750 4432 2918 4487 ἐθνῶν
2946 4431 3150 4504 χώραν·
3190 4430 3256 4500 ἣν
3307 4428 3508 4503 ἔρημον
3550 4425 3666 4478 ὀνο-

2094 4547 2283 4618 μάζειν
2316 4546 2371 4598 ἐν
2398 4545 2607 4615 ἑτέροις
2649 4541 2838 4596 εἴωθεν
2880 4540 2909 4593 6
2941 4539 3115 4609 λόγος.
3154 4534 3267 4589 Καὶ
3310 4533 3473 4588 πάλιν
3521 4530 3664 4593 ἀντὶ,

402 4664 649 4720 quaenam
678 4666 737 4706 se
775 4649 971 4722 dignae,
1004 4665 1126 4721 quae
1158 4665 1269 4705 non
1301 4650 1478 4722 dignae
1524 4650 1656 4714 sint,
1696 4650 1865 4719 judex
1889 4666 1967 4706 ea-

2097 4671 2115 4704 ι
2148 4652 2241 4706 τοῦ
2268 4651 2456 4726 κριτοῦ
2480 4649 2587 4704 τῶν
2608 4647 2846 4720 χηρῶν,›
2878 4648 2905 4699 6
2952 4645 3048 4716 μὲν
3087 4641 3340 4705 Ἀκύλας,
3363 4659 3381 4691 ι
3409 4634 3666 4692 δικαστοῦ

402 4772 525 4810 rum
559 4756 935 4813 constituitur.
967 4755 1154 4826 Neque
1183 4764 1368 4811 tamen
1417 4756 1538 4827 pari
1583 4755 1748 4810 modo
1775 4756 1978 4828 orpha-

402 4878 598 4917 norum
618 4864 787 4934 judex
823 4862 987 4917 fuerit
1021 4883 1031 4916 :
1065 4878 1221 4934 teque
1236 4864 1382 4919 enim
1412 4863 1523 4918 illis
1555 4878 1655 4918 ceu
1680 4870 1837 4934 pater
1853 4878 1983 4934 pro-

406 4974 590 5042 spicit.

2088 4742 2293 4830 χηρῶν,
2308 4777 2327 4810 ι
2348 4758 2376 4810 ὀ
2407 4757 2463 4809 δὲ
2492 4755 2805 4825 Σύμμαχος,
2826 4769 2844 4803 ι
2875 4750 2970 4805 καὶ
2985 4747 3401 4821 ὑπερδικοῦντος
3422 4743 3628 4816 χηρῶν,
3642 4758 3661 4792 ι

2089 4865 2464 4935 ήρμήνευσαν.
2503 4862 2715 4933 Σφόδρα
2736 4860 2793 4913 δὲ
2839 4856 3081 4931 ἀκριϐῶς
3106 4853 3355 4928 ὀρφανῶν
3385 4852 3483 4925 μὲν
3504 4849 3667 4905 αὐτὸν

2092 4969 2306 5040 πατέρα
2331 4966 2614 5031 ἀποκαλεῖ,
2647 4964 2832 5037 χηρῶν
2876 4963 2934 5017 δὲ
2978 4962 3192 5035 κριτήν.
3236 4958 3390 5011 Ἐπεὶ
3432 4955 3542 5027 γὰρ
3594 4954 3670 5026 μὴ

407 5069 577 5123 πᾶσαι
606 5069 770 5141 χῆραι
797 5069 897 5139 τῆς
923 5069 1045 5140 ίσης
1078 5068 1382 5139 ὑπάρχουσι
1444 5066 1834 5138 προαιρέσεως,
1894 5065 2186 5138 διακρίνων
2255 5063 2351 5126 τὰς
2411 5061 2565 5129 ἀξίας
2599 5059 2760 5114 αὐτοῦ
2832 5060 2925 5113 καὶ
2966 5057 3064 5121 τὰς
3117 5055 3191 5126 μὴ
3232 5051 3507 5115 τοιαύτας,
3551 5066 3671 5120 κρι-

406 5164 505 5235 τὴς
532 5166 710 5218 αὐτῶν
742 5164 1085 5219 καθίσταται.
1115 5167 1190 5218 Οὐ
1236 5164 1341 5236 μὴν
1380 5164 1472 5217 καὶ
1502 5164 1751 5236 ὀρφανῶν
1786 5164 1986 5232 ὁμοίως
2022 5160 2217 5231 γένοιτ’
2260 5160 2324 5215 ἂν
2351 5159 2575 5232 κριτής·
2607 5156 2665 5223 ἐξ
2698 5157 2812 5209 ἴσου
2847 5155 2955 5225 γὰρ
2979 5152 3183 5206 τούτων
3250 5146 3456 5220 πατρὸς
3516 5143 3669 5212 δίκην

410 5261 644 5329 προνοεῖ.

488 5383 650 5438 Vens.
686 5383 735 5436 7.
778 5401 796 5433 ι
835 5381 979 5438 Deus
1023 5368 1083 5436 iii
1114 5383 1232 5438 loco
1268 5391 1460 5439 sancto
1487 5400 1610 5449 suo,
1654 5383 1800 5441 Deus
1829 5385 1989 5438 inha-

419 5475 597 5531 bitare
616 5473 747 5528 facit
782 5478 946 5529 unius
966 5475 1137 5529 moris
1169 5476 1225 5529 in
1253 5476 1439 5531 domo.
1479 5496 1497 5527 ι
1530 5476 1670 5542 Quia
1724 5492 1993 5531 memora-

415 5575 532 5620 tum
570 5565 858 5620 Dominum
892 5566 1052 5636 quasi
1099 5567 1410 5636 deprimens
1437 5569 1697 5623 humilem
1725 5570 1781 5624 in
1814 5570 1992 5625 locum

418 5658 739 5722 deduxerat,
781 5659 973 5713 dicens
992 5659 1309 5713 ascendisse
1332 5676 1500 5729 super
1530 5677 1811 5724 occasum,
1842 5678 1992 5718 esse-

420 5763 525 5817 que
560 5757 769 5817 patrem
803 5752 1173 5820 orphanorum
1197 5760 1251 5803 et
1275 5750 1515 5819 judicem
1546 5755 1871 5821 viduarum;
1898 5770 1995 5809 ne-

422 5844 660 5900 cessario
708 5847 773 5901 ad
805 5845 925 5915 ejus
974 5843 1230 5899 deitatem
1283 5842 1686 5913 praedicandam
1740 5848 1990 5911 vertitur.

2175 5404 2193 5437 α
2231 5385 2289 5437 'O
2318 5382 2449 5446 Θεὸς
2482 5384 2540 5434 ἐν
2578 5381 2728 5447 τόπῳ
2764 5377 2904 5449 ἁγίῳ
2936 5375 3121 5440 αὐτοῦ,
3156 5376 3185 5427 6
3208 5372 3341 5435 Θεὸς
3374 5364 3672 5429 κατοικίζει

2101 5478 2463 5549 μονοτρόπους
2492 5477 2549 5527 ἐν
2607 5473 2792 5544 οἴκῳ.»
2841 5471 3059 5540 Ἐπειδὴ
3115 5467 3205 5521 τὸν
3264 5459 3675 5537 προδηλωθέντα

2096 5570 2300 5641 Κύριον
2330 5569 2479 5623 κάτω
2502 5584 2603 5619 που
2635 5568 2726 5619 ἐπὶ⁵
2772 5566 2834 5618 τὸ
2877 5563 3129 5619 ταπεινὸν
3181 5559 3493 5647 κατήγαγεν
3520 5554 3549 5605 6
3590 5549 3676 5647 1:5-

2096 5678 2211 5728 γος,
2242 5657 2624 5729 ἐπιϐεϐηκέναι
2653 5656 2746 5708 ἐπὶ
2772 5652 2990 5724 δυσμῶν
3024 5652 3203 5721 φήσας
3222 5645 3405 5706 αὑτὸν,
3427 5642 3676 5729 ὀρφανῶν

2098 5769 2156 5804 τε
2178 5747 2317 5804 εἶναι
2349 5749 2561 5820 πατέρα
2587 5748 2680 5801 καὶ
2706 5745 2889 5818 χηρῶν
2916 5743 3127 5815 κριτὴν,
3159 5734 3470 5820 ἀναγκαίως
3517 5730 3676 5781 ἐπαν-

2099 5844 2318 5914 έρχεται
2352 5841 2444 5894 ἐπὶ
2493 5841 2591 5909 τὴν
2657 5841 2786 5907 περὶ
2827 5836 2989 5891 αὐτοῦ
3048 5832 3347 5900 θεολογίαν,
3389 5824 3679 5898 διδάσκων,
