4142 6388
492 423 600 479 68$

1626 420 2133 477 COMMENTARIA
2175 420 2239 474 IN
2280 420 2620 485 PSALMOS,

3626 495 3635 511 ι
3659 423 3765 479 σευ

490 546 574 600 ὅτι
599 532 718 605 ταῖς
754 542 851 613 μὲν
877 540 1291 613 προλεχθείσαις
1322 539 1556 609 δυσμαῖς
1584 538 1673 591 διά
1701 555 1852 602 τινας
1872 540 2077 591 οἰκονο-

2182 538 2384 593 docens
2404 553 2529 591 eum
2548 535 2616 590 ad
2644 536 2965 605 praedictum
2991 550 3249 591 occasum
3279 552 3378 606 per
3401 534 3764 595 oeconomiam

494 638 625 709 μίας
650 635 782 706 πρὸς
820 633 1023 704 βραχὺν
1056 631 1325 685 ἐπιϐαίνει
1356 631 1566 700 χρόνον·
1597 632 1659 683 τό
1692 648 1755 699 γε
1798 632 1903 703 μὴν
1929 632 2083 701 οῑκη-

489 730 680 799 τήριον
718 723 883 778 αὐτοῦ
914 728 1008 777 καὶ
1045 725 1078 794 ἡ
1103 723 1388 794 πρέπουσα
1438 721 1587 791 αὐτῷ
1614 722 1863 794 διατριϐὴ
1893 722 1992 776 οῦκ
2023 724 2081 775 ἐν

488 818 723 888 δυσμαῖς
779 817 951 879 ἐστιν,
1010 834 1028 866 ι
1058 815 1171 868 ἀλλ’
1199 816 1256 867 ἐν
1317 814 1468 885 τόπῳ
1492 814 1654 886 ἁγίῳ
1692 834 1709 863 ι
1758 816 1791 886 ἢ
1818 815 1962 868 κατά
1988 815 2079 868 τὸν

504 904 758 969 Ἀκύλαν,
793 906 889 957 «ἐν
922 904 1225 976 οἰκητηρίῳ
1261 904 1581 976 ήγιασμένῳ
1617 904 1837 958 αὐτοῦ’»
1869 906 1902 977 ἢ
1939 904 2083 959 κατά

487 996 583 1049 τὸν
616 996 934 1067 Σύμμαχον,
994 1015 1013 1048 ι
1048 998 1105 1049 ἐν
1153 997 1443 1068 βασιλείοις
1471 997 1649 1067 ἁγίοις
1669 998 1886 1052 αὐτοῦ.»
1926 999 2081 1050 ’Ἐστι

495 1090 595 1161 μὲν
622 1089 732 1160 γὰρ
761 1088 909 1160 αὐτῷ
945 1090 1107 1153 τόπος
1129 1092 1433 1162 ἐμπρέπων
1474 1091 1569 1145 καὶ
1602 1074 1858 1163 ἁρμόζων
1885 1094 1951 1165 τῇ
1982 1092 2083 1145 αύ-

489 1180 585 1235 τοῦ
616 1181 848 1251 θεότητι·
865 1181 1015 1251 ὅμως
1040 1182 1084 1235 δ’
1103 1176 1215 1247 οῦν,
1234 1182 1615 1256 φιλάνθρωπος
1636 1184 1733 1249 ὢν,
1767 1183 1860 1237 τοῦ
1881 1183 2080 1237 οἰκείου

494 1272 759 1347 μεγέθους
811 1273 1260 1341 ὑποκαταϐαίνει,
1317 1275 1741 1344 συγκαταϐαίνει
1775 1293 1835 1329 τε
1878 1278 1992 1340 τοῖς
2025 1277 2083 1329 ἐν

489 1364 723 1435 δυσμαῖς
746 1364 985 1419 οἰκοῦσιν
1013 1368 1267 1437 ὀρφανοῖς
1320 1368 1415 1422 καὶ
1467 1369 1685 1440 χήραις.
1729 1367 1820 1420 Διὸ
1850 1368 1944 1421 καί
1996 1367 2087 1420 ἀλ-

490 1455 655 1527 λαχοῦ
699 1457 933 1528 εἰρηται·
997 1475 1017 1510 ι
1064 1460 1186 1513 Ὅτι
1240 1460 1349 1513 ἰδοὺ
1408 1459 1613 1531 Κύριος
1663 1459 1868 1530 Κύριος
1920 1460 2085 1511 ἐκπο-

494 1546 711 1618 ρεύεται
742 1548 835 1600 καὶ
860 1548 1231 1619 καταϐήσεται
1261 1552 1325 1602 ἐκ
1351 1548 1445 1601 τοῦ
1467 1550 1634 1603 τόπου
1666 1547 1854 1603 αὑτοῦ.
1880 1567 1898 1600 ι
1936 1548 2084 1601 Κατ-

491 1637 589 1693 ιὼν
619 1638 675 1691 δὲ
730 1638 941 1693 ἐνθένδε
999 1639 1095 1693 καὶ
1152 1638 1450 1693 ἐπιϐαίνων
1490 1639 1585 1692 ἐπὶ
1633 1639 1863 1711 δυσμὰς,
1917 1639 2079 1690 ὁποῖα

489 1731 879 1804 διαπράττεται
924 1732 1267 1804 θεασώμεθα.
1334 1732 1714 1797 «Κατοικίζει,
1775 1733 1929 1804 φησὶ,
1990 1747 2084 1802 μο-

491 1829 788 1900 νοτρόπους
812 1831 868 1881 ἐν
885 1826 1072 1898 οἴκῳ.»
1108 1827 1266 1881 Κατὰ
1301 1826 1357 1879 δὲ
1400 1826 1492 1879 τὸν
1526 1826 1841 1898 Σύμμαχον,
1874 1843 1893 1876 ι
1919 1823 2085 1877 Δίδω-

495 1938 581 1973 σιν
609 1922 777 1974 οἰκεῖν
804 1921 1057 1991 μοναχοῖς
1087 1908 1318 1972 οἰκίανἰ
1383 1918 1477 1971 καὶ¹
1504 1917 1646 1972 κατά
1681 1918 1771 1971 τὸν
1832 1914 2081 1978 Ἀκύλαν,

498 2033 516 2064 ι
538 2011 763 2076 Καθίζει
793 2013 1102 2083 μονογενεῖς
1131 2010 1391 2069 οἶκονδεῚ
1428 2010 1569 2064 κατὰ
1598 2011 1655 2064 δὲ
1683 2010 1783 2082 τὴν
1816 2010 2076 2080 πέμπτην

490 2104 722 2169 ἔκδοσιν,
794 2126 812 2156 ι
839 2104 1154 2168 Κατοικίζει
1197 2103 1532 2175 μονοζώνους
1590 2106 1649 2158 ἐν
1691 2106 1845 2175 οἴκῳ.
1890 2124 1909 2157 ι
1968 2104 2078 2158 Καὶ

488 2198 634 2251 τοῦτ’
668 2194 737 2268 ἦν
766 2198 826 2251 τὸ
855 2198 1071 2269 πρῶτον
1093 2197 1257 2251 αὐτοῦ
1311 2197 1661 2269 κατόρθωμω
1690 2198 1718 2251 ὃ
1756 2197 1821 2269 δὴ
1856 2198 1950 2251 καὶ
1979 2198 2077 2267 μέ-

490 2308 677 2359 γιστον
708 2289 815 2345 τῶν
844 2289 1008 2344 αὐτοῦ
1064 2290 1504 2362 κατορθωμάτων
1536 2290 1615 2361 τῷ
1643 2291 1750 2344 τῶν
1774 2289 2077 2363 ἀνθρώπων

487 2380 789 2453 δεδώρηται
830 2381 997 2451 γένει.
1058 2381 1132 2434 Τὸ
1184 2380 1316 2450 γοῦν
1374 2380 1589 2453 πρῶτον
1626 2381 1812 2451 τάγμα
1861 2382 1971 2435 τῶν
2019 2383 2077 2435 ἐν

490 2473 714 2546 Χριστῷ
742 2474 1161 2547 προκοπτόντων
1212 2475 1273 2528 τὸ
1334 2475 1446 2527 τῶν
1501 2477 1749 2547 μοναχῶν
1794 2475 2073 2545 τυγχάνει.

488 2565 716 2619 Σπάνιοι
747 2564 805 2618 δέ
846 2568 984 2618 εἰσιν
1013 2559 1177 2619 οῦτον
1247 2565 1328 2619 διὸ
1377 2566 1520 2620 κατά
1574 2568 1666 2620 τὸν
1720 2566 1951 2621 Ἀκύλαν
1985 2584 2078 2638 μο-

488 2658 727 2724 νογενεῖς
788 2656 1185 2727 ὠνομάσθησαν
1211 2657 1634 2728 ἁφωμοιωμένοι
1680 2655 1758 2728 τῷ
1801 2660 2079 2728 μονογενεῖ

491 2747 608 2819 Υίῷ
637 2747 730 2801 τοῦ
764 2746 921 2801 Θεοῦ.
961 2747 1119 2800 Κατά
1145 2748 1202 2801 δὲ
1230 2749 1357 2811 τοὺς
1397 2747 1796 2818 Ἐϐδομήκοντα
1822 2747 2077 2818 μονότρο-

492 2858 584 2894 ποι
642 2842 1022 2911 τυγχάνουσιν,
1074 2841 1190 2894 ἀλλ’
1219 2842 1279 2893 οὐ
1328 2840 1677 2912 πολύτροποι,
1727 2840 1847 2893 οὐδὲ
1889 2840 2076 2894 ἄλλοτε

488 2932 665 2996 ἄλλως
688 2933 780 2985 τὸν
814 2931 1023 2986 ἑαυτῶν
1049 2931 1475 3003 μεταϐάλλοντες
1506 2931 1727 3004 τρόπον,
1778 2930 1874 2985 ἕνα
1901 2931 1958 2984 δὲ
1991 2932 2081 3002 μό⁴

489 3043 581 3078 νον
606 3024 1020 3096 κατορθοῦντες,
1053 3026 1145 3079 τὸν
1173 3028 1253 3088 εἰς
1286 3025 1453 3097 ἀκρον
1480 3026 1683 3097 ἥκοντα
1709 3028 1928 3098 ἀρετῆς.
1964 3029 2079 3082 Μο-

490 3119 755 3184 νοζώνους
781 3119 838 3172 δὲ
875 3120 1126 3190 αὐτοὺςή
1158 3119 1384 3190 πέμπτη
1413 3118 1624 3183 ἕκδοσις
1674 3120 1979 3191 ὠνόμασεν,
2001 3122 2076 3184 ὼς

491 3210 558 3262 ἂν
591 3210 847 3280 μονήρεις
868 3209 962 3262 καὶ
980 3208 1102 3262 καθ’
1117 3210 1343 3272 ἑαυτοὺς
1372 3210 1800 3288 ἀνεζωσμένους.
1832 3210 2074 3263 Τοιοῦτοι

488 3303 547 3356 δὲ
575 3275 776 3366 πάντες
810 3302 947 3355 εἰσὶν
976 3303 1025 3355 οἰ
1059 3303 1152 3356 τὸν
1188 3303 1399 3374 μονήρη
1422 3279 1516 3356 καὶ
1560 3275 1724 3371 άγνὸν
1754 3302 2071 3374 κατορθοῦν·
2105 3275 2147 3333 C

490 3408 582 3456 τες
613 3392 747 3462 βίον,
773 3386 848 3446 ὧν
882 3391 1090 3463 πρῶτοι
1122 3391 1412 3461 γεγόνασιν
1445 3393 1494 3445 οἰ
1519 3391 1613 3446 τοῦ
1647 3392 1898 3463 Σωτῆρος
1925 3392 2081 3463 ήμῶν

494 3484 753 3557 μαθηταὶ,
781 3481 864 3549 οἷς
926 3486 1130 3558 εἴρητο·
1174 3505 1193 3537 ι
1235 3486 1325 3556 Μὴ
1361 3484 1637 3557 κτήσησθε
1693 3485 1914 3558 χρυσὸν,
1950 3486 2082 3557 μηδὲ

490 3578 729 3649 ἄργυρον
758 3578 839 3641 εἰς
877 3576 979 3641 τὰς
1037 3577 1214 3642 ζώνας
1247 3577 1424 3648 ὑμῶν,
1494 3578 1568 3649 μὴ
1613 3579 1793 3650 πήραν
1829 3580 1909 3642 εἰς
1940 3578 2079 3644 όδὸν,

494 3669 628 3740 μηδὲ
660 3670 1003 3740 ὑποδήματα,
1029 3670 1164 3741 μηδὲ
1201 3670 1450 3740 ῥάϐδον.»
1499 3671 1588 3724 Ἐν
1619 3670 1728 3743 γὰρ
1778 3672 1856 3742 τῷ
1904 3671 2081 3740 λέγειν

496 3760 569 3831 μὴ
593 3761 704 3814 δεῖν
727 3760 1031 3832 κτήσασθαι
1053 3761 1251 3833 χρυσὸν
1283 3761 1416 3831 μηδὲ
1440 3761 1678 3833 ἄργυρον
1694 3763 1773 3825 εἰς
1788 3761 1887 3825 τὰς
1908 3760 2082 3826 ζώνας

491 3853 901 3923 ἀνεζωσμένους
956 3853 1153 3917 αὐτοὺς
1213 3852 1445 3923 εἰσάγει.
1482 3851 1641 3908 Οῦτω
1696 3853 1752 3906 δὲ
1786 3855 1881 3908 καὶ
1914 3856 2081 3908 πᾶσιν

493 3944 626 4015 ήμῖν
681 3944 711 3995 ό
753 3944 1073 4007 Ἀπόστολος
1130 3944 1563 4016 παρακελεύεται
1624 3944 1817 4014 λέγων·
1870 3965 1889 3997 ι
1912 3947 2081 4017 Στῆτε

490 4033 587 4090 οὖν
610 4036 1048 4109 περιζωσάμενοι
1078 4039 1177 4110 τὴν
1202 4040 1373 4108 ὀσφὺν
1399 4038 1553 4110 ὑμῶν
1583 4041 1640 4093 ἐν
1673 4039 1951 4111 ἀληθείᾳ.»
1973 4041 2083 4093 Καὶ

489 4131 541 4183 οί
581 4129 643 4183 τὸ
672 4126 865 4201 Πάσχα
894 4130 953 4184 δὲ
982 4130 1255 4195 ἐσθίοντες
1280 4131 1592 4184 ἐκελεύοντο
1618 4131 1716 4195 τὰς
1745 4131 1916 4201 ὀσφῦς
1938 4130 2083 4201 ἐχειν

491 4222 959 4295 περιεζωσμένας.
996 4222 1167 4277 Τοῦτο
1198 4223 1262 4296 δὴ
1294 4219 1389 4278 οῦν
1420 4225 1640 4297 πρῶτον
1686 4224 1942 4296 κατορθοί
1972 4228 2083 4288 τοῖς

491 4316 552 4368 ἐν
604 4314 834 4385 δυσμαῖς
884 4315 1124 4369 οἰκοῦσιν
1179 4317 1525 4389 ἐπιδημήσας
1580 4321 1609 4371 ὁ
1673 4318 2078 4389 θεσπιζόμενος.

506 4408 636 4461 Ἀπὸ
656 4408 766 4479 γὰρ
788 4408 897 4463 τῶν
932 4409 1335 4481 προλεχθέντων
1375 4411 1627 4483 ὀρφανῶν
1649 4412 1744 4465 καὶ
1773 4412 1881 4465 τῶν
1913 4412 2081 4484 δηλωα

492 4498 688 4552 θεισῶν
729 4500 914 4570 χηρῶν
944 4500 1245 4572 ζάφορίσας,
1310 4501 1589 4575 ἐξαίρετον
1637 4506 1731 4557 καὶ
1755 4502 2082 4574 τιμιώτατον

2187 630 2257 685 ad
2295 630 2459 685 breve
2503 636 2719 698 tempus
2766 627 3103 683 ascendisse.
3161 625 3509 683 Domicilium
3566 630 3767 702 quippe

2184 723 2306 792 ejus
2336 730 2392 778 et
2419 720 2691 792 condigna
2713 720 2886 790 ipsius
2921 719 3187 776 habitatio
3212 736 3323 775 non
3360 720 3416 775 in
3442 736 3640 777 occasu
3658 732 3763 791 est;

2185 816 2277 871 sed
2323 833 2343 866 ι
2384 814 2440 869 in
2472 815 2592 869 loco
2639 819 2865 879 sancto;
2918 831 2938 864 ι
2999 812 3115 867 sive
3148 812 3451 869 secundum
3487 813 3762 884 Aquilam,

2191 925 2209 957 ‹
2257 907 2314 960 in
2336 904 2657 960 habitaculo
2695 902 3037 958 sanctiﬁcato
3068 918 3203 969 suo;
3245 921 3264 955 ι
3311 913 3406 958 aut
3461 907 3762 962 secundum

2188 997 2601 1069 Symmachum,
2628 1014 2646 1046 ι
2674 997 2729 1049 in
2761 996 2908 1067 regia
2937 1003 3126 1051 sancta
3161 1010 3280 1050 sua.
3314 1016 3332 1049 ι
3369 995 3467 1052 Est
3492 998 3636 1053 enim
3658 998 3763 1069 ipsi

2185 1091 2347 1147 locus
2370 1090 2702 1154 condecens,
2742 1096 2795 1143 et
2828 1088 3019 1143 deitati
3053 1088 3174 1158 ejus
3205 1098 3641 1156 consentaneus;
3665 1090 3763 1145 sed

2183 1190 2368 1238 tamen
2403 1182 2682 1237 humanus
2711 1195 2838 1236 cum
2892 1180 2987 1246 sit,
3035 1196 3067 1234 a
3114 1181 3337 1251 propria
3387 1182 3765 1253 magnitudine

2185 1274 2491 1339 descendit,
2522 1272 2897 1345 orphanisque
2930 1283 2987 1328 et
3021 1272 3207 1328 viduis
3246 1273 3301 1327 in
3354 1288 3556 1329 occasu
3608 1274 3764 1330 habi-

2186 1365 2432 1422 tantibus
2482 1379 2603 1421 sese
2667 1372 3012 1435 attemperat.
3072 1363 3253 1431 Quare
3309 1366 3437 1421 alibi
3488 1366 3690 1422 dicitur
3746 1388 3758 1423 :

2192 1477 2211 1510 ι
2246 1456 2388 1523 Quia
2410 1471 2539 1512 ecce
2560 1455 2826 1511 Dominus
2859 1455 3123 1513 Dominus
3158 1457 3438 1528 egreditur
3460 1466 3514 1513 et
3542 1458 3765 1514 descen-

2187 1549 2279 1604 det
2315 1550 2383 1604 de
2408 1549 2532 1603 loco
2567 1562 2689 1604 suo.
2736 1568 2755 1601 ι
2786 1546 2925 1605 Cum
2949 1555 3130 1604 autem
3164 1549 3290 1605 inde
3318 1550 3687 1615 descenderit,
3710 1559 3765 1607 et

2186 1641 2500 1698 ascenderit
2559 1655 2728 1710 super
2769 1655 3053 1706 occasum,
3102 1656 3223 1711 quae
3253 1649 3530 1712 operetur,
3572 1641 3762 1697 videa-

2188 1748 2334 1790 mus.
2376 1752 2396 1785 ι
2438 1730 2754 1787 Inhabitare
2810 1731 2962 1799 facit,
3009 1732 3210 1803 inquit,
3256 1734 3422 1790 unius
3485 1734 3657 1790 moris
3705 1734 3762 1789 in

2187 1826 2372 1880 domo.
2415 1842 2434 1876 ι
2467 1822 2785 1879 Secundum
2813 1822 3203 1895 Symmachum
3250 1834 3455 1892 autem,
3493 1845 3513 1878 ι
3549 1825 3651 1882 Dat
3676 1827 3760 1881 in~

2114 1909 2156 1964 Β
2187 1915 2538 1971 habitandam
2564 1914 2851 1971 monachis
2876 1915 3129 1984 domum;
3181 1935 3200 1968 ι
3237 1918 3539 1973 secundum
3592 1920 3764 1989 Aqui-

2185 2009 2316 2075 lam,
2377 2026 2396 2059 ι
2436 2006 2637 2063 Sedere
2668 2007 2799 2062 facit
2844 2009 3157 2078 unigenitos
3191 2008 3369 2079 domi;
3410 2031 3429 2064 ι
3460 2011 3761 2067 secundum

2185 2101 2434 2171 quintam
2484 2099 2803 2163 editionem,
2856 2118 2875 2149 ι
2924 2100 3234 2156 lnhabitare
3283 2100 3415 2157 facit
3463 2119 3572 2157 una
3625 2120 3762 2158 zona

2187 2193 2517 2263 praecinctos
2546 2190 2717 2245 domi.
2762 2208 2781 2242 ι
2815 2189 2883 2245 Et
2912 2192 3047 2246 illud
3075 2200 3194 2248 erat
3219 2194 3459 2263 primum
3488 2196 3609 2265 ejus
3632 2212 3765 2267 pra:-

2184 2285 2395 2340 clarnm
2429 2299 2590 2354 opus,
2622 2282 2771 2354 quod
2806 2284 3107 2339 maximum
3136 2285 3259 2356 ejus
3308 2285 3526 2343 facinus
3572 2296 3659 2345 est
3705 2291 3760 2343 in

2185 2378 2416 2449 gratiam
2475 2377 2701 2432 humani
2758 2377 2978 2448 generis
3019 2377 3248 2434 editum.
3305 2377 3525 2435 Primus
3578 2380 3763 2451 itaque

2184 2470 2320 2524 ordo
2347 2484 2538 2523 eorum
2560 2470 2653 2540 qui
2680 2469 2736 2523 in
2762 2468 2982 2524 Christo
3008 2468 3324 2540 proficiunt,
3354 2476 3439 2524 est
3461 2470 3764 2524 monacho-

2183 2579 2328 2618 rum.
2356 2563 2462 2618 Sed
2490 2565 2599 2618 rari
2627 2570 2755 2618 sunt
2783 2564 2901 2632 illi;
2935 2579 3105 2635 quare
3152 2563 3456 2620 secundum
3505 2565 3760 2636 Aquilam

2186 2657 2457 2727 unigeniti
2494 2657 2673 2712 vocati
2704 2664 2853 2722 sunt,
2892 2657 3104 2715 similes
3142 2657 3271 2711 facti
3314 2657 3594 2728 unigenito
3626 2655 3765 2713 Filio

2183 2751 2302 2807 Dei.
2335 2748 2648 2807 Secundum
2677 2749 2821 2804 LXX
2842 2758 3044 2816 autem,
3066 2750 3252 2815 unius,
3275 2764 3384 2805 non
3415 2751 3619 2806 diversi
3646 2765 3765 2807 mo-

2186 2845 2265 2899 ris
2293 2854 2440 2910 sunt,
2470 2860 2649 2915 neque
2677 2844 2912 2900 subinde
2940 2860 3149 2900 morem
3185 2845 3422 2910 variant,
3467 2844 3563 2900 sed
3594 2859 3762 2899 unum

2185 2938 2373 2991 colunt
2405 2936 2500 3007 qui
2529 2936 2597 2990 ad
2630 2936 2853 2991 virtutis
2883 2951 3147 2991 cacumen
3184 2937 3424 2991 advenit.
3449 2935 3600 3006 Ipsos
3634 2950 3764 2990 vero

2184 3030 2349 3084 unius
2376 3045 2530 3084 zona:
2566 3030 2758 3100 quinta
2786 3029 2958 3085 editio
2986 3030 3227 3093 vocavit,
3267 3036 3456 3099 utpote
3497 3029 3590 3099 qui
3626 3029 3763 3084 soli-

2185 3120 2332 3185 tarii,
2369 3126 2423 3176 et
2456 3135 2553 3190 per
2602 3122 2813 3190 seipsos
2865 3120 3145 3191 praecincti
3179 3121 3310 3176 sint.
3371 3119 3531 3175 Tales
3582 3127 3763 3174 autem

2186 3220 2334 3277 sunt,
2357 3217 2629 3282 quotquot
2653 3213 3013 3266 monasticam
3032 3218 3355 3281 castamque
3381 3212 3546 3265 vitam
3572 3219 3762 3281 agunt,

2182 3320 2415 3376 quorum
2458 3290 2633 3375 ‘primi
2687 3304 2839 3360 fuere
2890 3303 3193 3359 Salvatoris
3249 3304 3425 3360 nostri
3484 3304 3763 3374 discipuli,

2183 3398 2385 3469 quibus
2413 3398 2621 3453 dictum
2653 3406 2738 3454 est
2771 3418 2785 3453 :
2827 3418 2845 3450 ‹
2888 3397 3065 3453 Nolite
3116 3397 3402 3468 possidere
3440 3412 3636 3451 aurum
3667 3413 3775 3453 neo-

2182 3507 2288 3561 que
2336 3500 2625 3562 argentum
2682 3491 2738 3544 in
2793 3490 2946 3546 zonis
2990 3490 3210 3553 vestris,
3255 3504 3431 3559 neque
3470 3503 3655 3558 peram
3708 3488 3763 3543 in

2183 3582 2352 3647 viam,
2382 3596 2563 3651 neque
2590 3580 2985 3644 calceamenta,
3019 3594 3196 3648 neque
3230 3578 3522 3648 virgam".
3570 3598 3588 3630 ι
3625 3576 3762 3632 Cum

2182 3672 2387 3727 dicitur
2414 3672 2583 3736 enim,
2614 3685 2722 3725 non
2756 3679 3011 3741 oportere
3039 3670 3323 3741 possidere
3363 3684 3558 3722 aurum
3589 3685 3766 3739 neque

2184 3773 2469 3836 argentum
2490 3766 2546 3818 in
2580 3754 2947 3834 zonis,’ipsos
2982 3764 3139 3818 zonis
3164 3762 3494 3831 praecinctos
3532 3761 3762 3818 indicat.

2185 3858 2277 3911 Sic
2309 3864 2490 3911 autem
2527 3856 2785 3910 omnibus
2840 3856 3000 3911 nobis
3046 3855 3345 3925 Apostolus
3391 3855 3643 3925 praecipit
3683 3856 3766 3909 di-

2184 3948 2352 4003 cens:
2394 3966 2412 3999 ‹
2467 3946 2620 4001 State
2670 3947 2838 4018 igitur
2887 3948 3171 4018 praecincti
3213 3948 3431 4003 lumbos
3458 3952 3674 4003 vestros
3709 3948 3764 4001 in

2183 4040 2415 4094 veritate
2439 4040 2505 4093 “.
2540 4058 2557 4089 ›
2588 4037 2834 4109 Itemque
2859 4040 2951 4109 qui
2977 4039 3179 4109 pascha
3203 4040 3586 4107 comedebant,
3623 4041 3769 4093 lum-

2184 4130 2285 4184 bos
2318 4130 2647 4201 praecinctos
2681 4129 2884 4184 habere
2908 4129 3265 4199 jubebantur.
3317 4129 3374 4185 ld
3430 4130 3600 4201 igitur
3648 4131 3765 4200 pri-

2186 4235 2334 4274 mum
2351 4234 2491 4289 opus
2507 4219 2885 4273 habitantibus
2912 4219 2966 4271 in
2992 4233 3195 4273 occasu
3226 4217 3530 4273 adventans
3546 4216 3764 4272 exhibet

2184 4315 2234 4371 is
2261 4314 2355 4384 qui
2384 4314 2440 4367 in
2468 4313 2730 4367 vaticinio
2777 4311 2969 4367 fertur.
3016 4310 3153 4365 Nam
3198 4327 3266 4366 ex
3324 4312 3644 4365 memoratis
3675 4326 3765 4364 or-

2186 4408 2384 4480 phanis
2403 4414 2459 4463 et
2492 4406 2671 4461 viduis
2699 4404 2969 4460 adlectum
3002 4404 3107 4460 sibi
3136 4412 3489 4476 praestantem
3523 4403 3673 4457 illum
3711 4409 3766 4455 et

2187 4499 2645 4573 pretiosissimum
2698 4498 2861 4553 unius
2913 4498 3082 4552 moris
3129 4496 3403 4559 ordinem,
3456 4494 3766 4550 inhabitare

492 4591 671 4663 ἐαυτῷ
704 4593 889 4663 τάγμα
917 4594 978 4646 τὸ
1012 4594 1120 4647 τῶν
1157 4594 1508 4666 μονοτρόπων
1543 4595 1841 4660 κατοικίζει
1879 4597 2077 4659 αὐτοὺς

2188 4594 2318 4648 facit
2348 4593 2403 4647 in
2427 4592 2612 4655 domo,
2646 4590 2857 4645 scilicet
2886 4590 2943 4643 in
3002 4587 3249 4643 Ecclesia
3286 4603 3408 4649 sua,
3456 4586 3764 4655 dignosque

493 4686 552 4737 ἐν
582 4682 737 4754 οἴκῳ,
768 4685 968 4757 δηλαδὴ
990 4688 1048 4739 ἐν
1078 4689 1145 4758 τῇ
1183 4688 1479 4760 Ἐκκλησία
1513 4687 1699 4752 αὐτοῦ,
1738 4689 2076 4760 παραμένειν

491 4778 588 4831 καὶ
612 4781 886 4831 κατοικεῖν
946 4782 1006 4835 ἐν
1063 4781 1200 4852 αὐτῇ
1235 4780 1506 4847 καταξιῶν
1538 4782 1757 4845 αὐτούς.
1810 4782 1966 4835 Μετὰ
2021 4783 2079 4835 δὲ

491 4868 712 4935 τούτους
747 4870 999 4944 δεύτερον
1047 4873 1207 4945 ἔργον
1241 4875 1570 4946 κοινωφελές
1600 4876 1693 4928 καὶ
1736 4876 1815 4938 είς
1846 4874 2079 4937 πολλοὺς

490 4957 766 5016 διαϐαῖνον
808 4961 1081 5034 κατορθοῖ,
1123 4984 1141 5015 ι
1172 4963 1382 5033 ἐξάγων
1431 4964 1841 5036 πεπεδημένους
1877 4967 1933 5017 ἐν
1983 4964 2078 5017 ἀν-

490 5049 702 5121 δρείῳ»
740 5054 807 5123 τῇ
831 5052 939 5123 γὰρ
966 5053 1164 5106 ἐαυτοῦ
1191 5054 1414 5126 ἀνδρείᾳ.
1438 5054 1622 5124 ἐξάγει
1665 5058 1793 5118 τοὺς
1816 5055 2079 5127 πρότερον

495 5144 705 5212 σειραῖς
740 5144 1026 5215 ἁμαρτιῶν
1054 5146 1485 5218 πεπεδημένους.
1553 5147 1699 5201 Ἀντὶ
1723 5147 1781 5200 δέ
1807 5148 1923 5210 τοῦ,
1961 5167 1978 5199 ι
2019 5150 2079 5202 ἐν

493 5234 736 5306 ἀνδρείᾳ,
760 5239 839 5299 εἰς
862 5237 1180 5302 ἀπόλυσιν,›
1223 5240 1565 5310 ήρμήνευσεν
1595 5241 1623 5292 ὁ
1657 5239 1972 5310 Σύμμαχος,
2004 5242 2079 5294 εἰ-

496 5325 632 5379 πών’
673 5345 693 5379 ‹
734 5327 948 5397 Ἐξάγει
987 5330 1303 5401 δεδεμένους
1347 5333 1426 5395 εἰς
1489 5331 1803 5384 ἀπόλυσιν.»
1852 5333 2078 5402 Νοήσεις

404 5484 419 5506 ⁹
492 5418 553 5473 δὲ
580 5420 675 5473 καὶ
699 5420 857 5475 τοῦτο
879 5425 943 5475 ἐκ
965 5424 1063 5494 τῆς
1092 5423 1356 5494 λεγούσης
1399 5426 1457 5478 ἐν
1514 5425 1711 5496 Ἡσαΐᾳ
1742 5424 2078 5496 προφητείας

496 5512 577 5576 εἰς
598 5512 762 5566 αὑτοῦ
791 5514 1084 5585 πρόσωπον
1134 5516 1230 5569 τοῦ
1267 5516 1495 5588 Κυρίουο
1545 5536 1564 5569 ι
1602 5517 1733 5570 Ἰδοὺ
1768 5515 1976 5569 δέδωκά
2020 5532 2079 5568 σε

496 5605 577 5668 εἰς
605 5604 869 5679 διαθήκην
892 5608 1102 5676 γένους,
1138 5610 1219 5672 εἰς
1272 5608 1388 5678 φῶς
1423 5609 1611 5673 ἐθνῶν,
1638 5607 1846 5673 ἀνοῖξαι
1878 5608 2078 5677 ὀφθαλ-

498 5695 653 5767 μοὺα
672 5696 907 5765 τυφλῶν,
938 5696 1153 5768 ἐξάγειν
1188 5701 1252 5752 ἐκ
1283 5698 1496 5768 δεσμῶν
1524 5699 1862 5770 δεδεμένους,
1899 5701 1992 5753 καὶ
2022 5699 2081 5765 ἐξ

573 5898 828 5953 “Matth.
882 5916 933 5968 ι,
969 5900 1022 5965 9,
1060 5899 1144 5953 10.
1233 5898 1499 5973 "_Ephes.
1529 5916 1600 5967 τι,
1638 5900 1719 5953 Η.

2180 4702 2277 4743 eos
2308 4686 2503 4741 habuit
2527 4685 2622 4756 qui
2653 4684 2710 4737 in
2734 4697 2797 4738 ea
2823 4688 3109 4737 manerent
3137 4688 3191 4735 et
3227 4678 3557 4734 habitarent.
3601 4673 3761 4730 Post-

2180 4796 2341 4851 quam
2366 4780 2517 4850 ipsos
2542 4778 2763 4848 delegit,
2798 4774 2947 4829 aliud
2996 4790 3136 4845 opus
3165 4779 3410 4844 praestat,
3452 4770 3508 4823 in
3560 4770 3763 4823 multo-

2179 4888 2300 4928 rum
2331 4872 2624 4925 utilitatem
2656 4877 2711 4925 et
2747 4868 3202 4931 emolumentum,
3264 4884 3283 4917 ι
3347 4863 3590 4919 educens
3639 4862 3762 4916 vin-

2180 4972 2300 5019 ctos
2328 4965 2384 5018 in
2426 4963 2751 5017 fortitudine
2796 4982 2809 5015 :
2874 4979 2894 5013 ι
2953 4975 3080 5015 nam
3115 4960 3325 5013 virtute
3380 4970 3480 5011 sua
3536 4969 3631 5009 eos
3668 4956 3762 5022 qui

2179 5058 2387 5129 pridem
2412 5063 2766 5126 peccatorum
2798 5053 3036 5108 vinculis
3063 5048 3604 5119 constringebantur,
3626 5044 3764 5099 edu-

2180 5152 2273 5204 cit.
2299 5149 2404 5203 Pro
2435 5149 2528 5203 illo
2570 5156 2774 5211 autem,
2816 5166 2835 5199 ι
2875 5147 2930 5199 in
2965 5144 3305 5206 fortitudine,
3348 5162 3365 5192 ›
3400 5137 3764 5211 Symmachus

2187 5261 2205 5295 ι
2237 5244 2291 5297 in
2318 5242 2694 5298 dimissionem
2736 5260 2755 5293 ι
2798 5242 3189 5310 interpretatus
3212 5244 3297 5291 est
3319 5236 3509 5290 dicens
3537 5252 3549 5287 :
3573 5251 3591 5282 ι
3618 5230 3763 5285 Edu-

2180 5340 2255 5393 cit
2284 5338 2495 5392 vinctos
2523 5335 2581 5389 in
2612 5334 3008 5390 dimissionem.
3056 5352 3074 5382 ι
3109 5329 3234 5385 Han:
3278 5344 3444 5398 porro
3492 5326 3762 5396 intelligas

2179 5446 2245 5485 ex
2280 5427 2563 5500 prophetia
2590 5425 2767 5490 Isaiae,
2798 5439 2919 5495 quae
2954 5439 3019 5478 ex
3049 5423 3219 5492 ipsius
3264 5419 3481 5473 Domini
3522 5432 3759 5488 persona

2170 5516 2262 5576 ’sic
2285 5520 2528 5589 loquitur
2557 5538 2569 5572 :
2611 5537 2631 5569 ι
2673 5515 2813 5570 Ecce
2840 5512 2962 5568 dedi
2999 5521 3053 5567 te
3092 5513 3147 5565 in
3178 5516 3564 5565 testamentum
3597 5520 3761 5578 gene-

2182 5616 2283 5679 ris,
2321 5614 2375 5667 in
2404 5615 2582 5668 lucem
2624 5610 2890 5683 gentium,
2938 5608 3005 5662 ad
3038 5603 3393 5677 aperiendum
3440 5601 3630 5655 oculos
3664 5614 3761 5653 can

2182 5722 2400 5773 corum,
2437 5706 2505 5761 ad
2546 5702 2891 5762 educendum
2941 5717 3006 5756 ex
3051 5697 3286 5754 vinculis
3341 5696 3560 5765 ligatos,
3600 5700 3654 5748 et
3687 5707 3755 5746 εκ
