4146 6390
408 428 511 489 σοι

1085 423 1354 482 EUSEBIl
1392 419 1873 479 CASSABJENSIS
1914 416 2061 475 OPP.
2106 414 2285 469 PARS
2328 414 2416 469 lll.
2457 443 2529 453 -
2561 409 2977 468 EXEGETICA.

3577 407 3683 463 69%

410 548 576 605 domo
602 550 867 605 custodiae
893 548 1149 604 sedentes
1181 549 1238 603 in
1272 547 1517 603 tenebris
1547 548 1611 600 ¹³.
1654 566 1670 599 2
1712 544 1819 601 Eos
1846 543 1992 598 enim

2095 538 2246 593 οἴκου
2285 537 2535 608 φυλακῆς
2564 535 2910 607 καθημένους
2938 537 2997 589 ἐν
3023 533 3253 589 σκότει.»
3287 533 3426 597 Τοὺς
3454 530 3563 603 γάρ
3587 532 3683 585 πά·

411 643 505 711 qui
535 642 666 696 olim
697 641 989 696 diabolicis
1017 641 1256 695 vinculis
1300 638 1841 709 constringebantur.
1873 636 1989 691 dia-

409 733 591 788 bolico
619 733 915 787 multorum
951 732 1238 786 numinum
1293 733 1470 786 errori
1520 731 1758 797 deditos,
1794 730 1991 785 solutis

409 825 646 880 vinculis
679 825 890 890 eduxit,
925 839 1193 880 concessa
1224 831 1580 895 peccatorum
1639 822 1989 878 remissione.

409 915 524 972 lmo
556 919 725 972 etiam
765 933 860 973 eos
894 919 989 989 qui
1052 933 1083 971 a
1143 917 1345 974 sacqu
1403 917 1461 970 in
1517 924 1696 971 morte
1751 914 1991 986 colligati

409 1017 568 1064 erant
624 1026 813 1066 secum
847 1009 1221 1073 resuscitavit,
1257 1024 1381 1063 cum
1415 1009 1613 1063 acerba
1640 1008 1837 1064 mortis
1871 1008 1993 1061 vin-

410 1100 536 1154 cula
571 1101 849 1157 solvisset.
888 1099 1003 1154 Hoc
1029 1108 1211 1154 autem
1241 1098 1368 1155 fecit
1400 1118 1418 1149 ι
1461 1100 1517 1154 in
1546 1100 1777 1164 virtute;
1819 1120 1837 1152 ι
1862 1115 1991 1153 nam

411 1199 635 1262 accepta
673 1192 915 1249 hominis
941 1192 1123 1246 forma
1143 1208 1349 1263 perque
1370 1191 1671 1247 humanum
1697 1208 1899 1263 corpus
1916 1192 1993 1245 vi-

410 1284 586 1339 riliter
612 1300 803 1356 agens,
834 1287 1053 1340 vinctos
1081 1286 1339 1355 superius
1384 1294 1716 1339 memoratos
1759 1299 1825 1338 ex
1870 1284 1992 1338 vin-

411 1377 556 1432 culis
586 1377 794 1432 eduxit.
832 1376 957 1431 Haac
982 1385 1141 1431 erant
1173 1377 1437 1447 praeclara
1469 1376 1565 1431 Dei
1597 1374 1760 1430 Verbi
1799 1376 1866 1430 ad
1894 1376 1993 1429 ho-

412 1470 588 1524 mines
616 1468 966 1523 adventantis
999 1469 1268 1531 facinora,
1300 1469 1502 1537 quibus
1534 1468 1992 1536 deindesubjun—

410 1553 557 1622 gitur
596 1573 607 1606 :
652 1572 672 1605 ι
714 1552 984 1608 Similiter
1030 1569 1127 1609 eos
1169 1553 1265 1623 qui
1296 1560 1649 1623 exasperant,
1693 1553 1788 1623 qui
1836 1551 1993 1605 habi-

413 1646 609 1700 tantin
639 1646 929 1715 sepulcris.
976 1664 995 1696 ι
1040 1642 1197 1711 Quod
1257 1643 1619 1715 Symmachus
1668 1643 1773 1698 hoc
1832 1651 1993 1713 pacto

411 1738 615 1792 clarius
648 1749 700 1793 et
738 1738 980 1807 apertius
1012 1736 1307 1808 explicavit
1338 1754 1350 1789 :
1394 1756 1411 1787 ι
1449 1735 1878 1806 lnobsequentes
1896 1751 1994 1791 au-

412 1840 521 1886 tem
554 1830 941 1885 inhabitahunt
970 1838 1138 1885 aastus
1171 1829 1514 1897 siccitatem;
1558 1848 1577 1880 ι
1604 1828 1803 1899 Aquila
1835 1845 1989 1894 vero,

2093 633 2180 686 λαι
2208 632 2430 702 δεσμοῖς
2463 629 2790 692 διαϐολικοίς
2842 628 3328 699 κατεσφιγμένους,
3378 625 3470 679 καὶ
3494 626 3560 695 τῇ
3588 642 3683 677 πο-

2091 724 2268 795 λυθέῳ
2298 723 2393 777 καὶ
2452 721 2740 792 δαιμονικῇ
2787 720 2962 792 πλάνῃ
3005 719 3461 791 προστετηκότας,
3517 716 3681 779 λύσας

2091 814 2202 868 τῶν
2233 813 2447 886 δεσμῶν
2478 812 2738 881 ἐξήγαγε,
2767 814 2891 877 δοὺς
2928 815 3121 883 ἄφεσιν
3180 811 3485 883 ἁμαρτιῶν.
3523 810 3682 863 Ἀλλά

2094 909 2348 972 καὶτοὺς
2388 908 2447 960 ὲν
2501 904 2581 976 τῷ
2645 905 2860 975 θανάτῳ
2895 905 3149 975 δεσμίους
3188 905 3344 968 ὄντας
3395 903 3457 968 ἐξ
3486 903 3681 967 αἰῶνος

2094 1000 2485 1071 συνανέστησεν
2518 998 2715 1068 ἐαυτῷ,
2752 997 2919 1061 λύσας
2946 998 3054 1050 τῶν
3085 997 3297 1068 πικρῶν
3320 996 3414 1050 τοῦ
3449 996 3678 1049 θανάτου

2091 1089 2327 1161 δεσμῶν.
2361 1089 2472 1143 Καὶ
2529 1086 2689 1141 τοῦτο
2721 1086 2958 1157 ἔπραξεν
3022 1105 3039 1137 ι
3067 1088 3123 1139 ἐν
3158 1085 3433 1157 ἀνδρεία-ι
3490 1082 3681 1153 ἀνδρὸς

2092 1182 2200 1251 γὰρ
2230 1182 2415 1253 σχῆμα
2443 1180 2643 1246 λαϐὼν,
2689 1181 2783 1234 καὶ
2831 1180 2896 1232 δι’
2937 1178 3274 1250 ἀνθρωπείου
3306 1176 3555 1248 σώματος
3589 1177 3681 1228 ἀν⁴

2091 1273 2438 1345 δρισάμενος,
2464 1270 2703 1344 ἐξήγαγε
2731 1271 2839 1325 τῶν
2864 1271 3078 1342 δεσμῶν
3106 1272 3230 1334 τοὺς
3264 1269 3675 1342 προλεχθέντας.

2093 1366 2260 1421 Ταῦτ’
2283 1364 2349 1437 ἦν
2378 1367 2445 1420 τὰ
2464 1364 2867 1438 κατορθώματα
2897 1366 2997 1435 τῆς
3019 1367 3098 1429 είς
3141 1363 3458 1436 ἀνθρώπους
3490 1364 3677 1434 ἐπιδη-

2097 1462 2223 1533 μίας
2253 1459 2347 1513 τοῦ
2380 1460 2513 1513 Θεοῦ
2577 1460 2773 1528 Λόγου,
2828 1454 2908 1522 οἷς
2954 1458 3081 1529 ἑξῆς
3122 1459 3353 1529 είρηται’
3390 1475 3409 1507 ι
3447 1457 3675 1528 Ὁμοίως

2091 1554 2218 1615 τοὺς
2241 1550 2783 1623 παραπικραίνοντας
2799 1552 2924 1614 τοὺς
2950 1549 3336 1613 κατοικοῦντας
3358 1552 3414 1602 ἐν
3433 1550 3633 1618 τάφοις.
3652 1568 3671 1600 ι

2096 1647 2272 1716 Ὅπερ
2297 1647 2325 1698 ό
2354 1644 2645 1715 Σύμμαχος
2686 1644 2999 1715 ἡρμήνευσε
3046 1642 3383 1714 λευκότερον,
3414 1642 3679 1712 διασαφή-

2095 1756 2194 1801 σας
2222 1736 2319 1808 τὴν
2359 1737 2595 1789 διάνοιαν
2621 1737 2714 1789 καὶ
2744 1735 2934 1789 εἰπών·
2976 1755 2993 1786 ι
3022 1736 3085 1787 Οἱ
3118 1735 3176 1788 δέ
3216 1734 3463 1797 ἀπειθεῖς
3494 1752 3680 1788 κατοι-

2096 1831 2325 1901 κήσουσι
2356 1827 2636 1889 καύσωνος
2672 1825 2998 1897 ξηρότηταη
3032 1828 3060 1878 ὁ
3093 1825 3150 1877 δὲ
3184 1824 3433 1888 Ἀκύλας,
3479 1844 3497 1876 ι
3534 1825 3680 1896 Πλὴν

418 1940 436 1968 ‹
479 1920 865 1975 Verumtamen
899 1921 1228 1975 absistentes
1267 1919 1647 1974 inhabitarunt
1672 1898 1861 1975 iterem
1896 1936 1991 1991 pe-

2096 1898 2493 1992 ἀφιστάμενοι,
2543 1921 2736 1990 φησὶν,
2782 1921 3103 1990 ἐσκήνωσαν
3187 1917 3607 1989 λεωπετρίανδε.
3655 1937 3673 1968 ι

411 2019 576 2065 tram.
619 2030 637 2062 ι
668 2008 791 2081 Ipse
813 2012 1015 2082 quippe
1048 2011 1264 2066 volebat
1293 2012 1692 2067 cxacerbantes
1738 2026 1769 2064 a
1794 2011 1991 2065 vincu-

412 2105 483 2159 lis
510 2120 708 2159 eruere
742 2111 796 2159 et
828 2105 1082 2159 liberare.
1117 2105 1188 2157 At
1220 2104 1297 2159 illi
1334 2104 1390 2157 in
1420 2102 1738 2173 huiusmodi
1782 2103 1994 2157 inobse-

411 2196 640 2267 quentia
669 2203 1110 2266 perseverantes,
1153 2196 1436 2266 Deumque
1464 2210 1527 2250 ea
1560 2196 1614 2248 in
1654 2208 1723 2249 το
1773 2209 1993 2249 exacer-

410 2289 610 2343 bantes
641 2296 695 2343 et
739 2296 1155 2358 exasperantes,
1213 2288 1269 2342 in
1312 2287 1584 2359 sepulcris
1629 2286 1745 2342 suis
1780 2286 1993 2339 habita-

410 2380 569 2445 bunt,
597 2381 673 2435 ita
697 2390 757 2436 ut
783 2381 851 2436 de
875 2381 983 2435 illis
1014 2381 1234 2435 dicatur
1272 2399 1285 2436 :
1325 2400 1343 2432 ι
1384 2381 1518 2435 Sine
1550 2387 1798 2434 mortuos
1834 2394 1992 2448 sepe-

411 2471 513 2526 lire
544 2481 792 2528 mortuos
828 2488 961 2528 suos
996 2472 1077 2540 “;
1111 2491 1131 2523 ι
1169 2472 1286 2528 sive
1333 2472 1499 2527 etiam
1536 2492 1555 2523 ι
1606 2472 1994 2527 inbabitabunt

411 2575 580 2622 aestus
612 2565 917 2619 siccitatem
941 2582 956 2631 ;
979 2560 1017 2616 ἰ
1045 2573 1231 2635 utpote
1258 2565 1351 2634 qui
1378 2565 1507 2619 ituri
1533 2565 1646 2619 sint
1686 2584 1704 2615 ι
1739 2565 1793 2619 in
1813 2565 1993 2635 ignem

410 2665 698 2723 aeternum,
734 2665 983 2727 paratum
1009 2657 1229 2713 diabolo
1256 2666 1311 2713 et
1339 2657 1546 2728 angelis
1579 2657 1699 2727 ejus
1719 2657 1791 2709 η.
1814 2676 1833 2708 ι

482 2834 649 2891 Vens.
677 2836 731 2901 8,
760 2835 817 2892 9.
849 2835 1048 2901 «Deus,
1084 2835 1579 2907 cumegredereris
1614 2836 1670 2889 in
1695 2842 1993 2906 conspectu

411 2929 597 3000 populi
615 2928 717 2993 tui,
748 2943 872 2983 cum
888 2930 1266 2998 pertransires
1285 2929 1339 2982 in
1364 2913 1602 2984 deserto.
1627 2927 1988 2998 Diapsalma.»

410 3020 510 3075 Dei
545 3017 782 3074 Verbum
817 3034 931 3073 non
954 3019 1114 3074 modo
1161 3019 1217 3073 in
1263 3017 1739 3074 consummatione
1767 3018 1995 3072 saeculo-

410 3127 536 3166 rum
567 3111 634 3166 ad
658 3111 908 3167 homines
937 3111 1246 3175 advenisse,
1296 3110 1392 3166 sed
1423 3110 1588 3164 etiam
1613 3110 1792 3179 ipsum
1828 3108 1997 3165 fuisse

2107 2013 2386 2067 Ἐϐούλετο
2417 2013 2514 2083 μὲν
2540 2012 2649 2082 γάρ
2680 2011 2843 2076 αὐτὸς
2865 2011 2960 2065 καὶ
2998 2011 3125 2073 τοὺς
3148 2009 3681 2081 παραπικραίνοντας

2094 2104 2381 2173 ἐξαγαγεῖν
2410 2105 2505 2156 καὶ
2538 2102 2901 2174 ἐλευθερῶσαι
2928 2100 3037 2154 τῶν
3081 2101 3316 2172 δεσμῶν.
3365 2102 3678 2172 Ἐπιμένον-

2093 2216 2185 2262 τες
2211 2198 2269 2251 δέ
2288 2193 2437 2251 οῦτοι
2496 2201 2563 2269 τῇ
2598 2196 2875 2268 ἀπειθείᾳ,
2928 2195 3321 2269 παροξύνοντες
3351 2214 3411 2249 τε
3441 2198 3498 2251 ἐν
3535 2197 3683 2266 αύτῷ

2093 2291 2268 2361 τούτῳ
2318 2292 2413 2344 καὶ
2434 2290 2967 2362 παραπικραίνοντες
2994 2292 3087 2343 τὸν
3116 2291 3268 2355 Θεὸν,
3295 2292 3682 2362 κατοικήσουσι

2094 2383 2220 2444 τοὺς
2256 2380 2461 2434 ἑαυτῶν
2493 2381 2720 2450 τάφους,
2738 2380 2813 2443 ώς
2833 2379 3087 2448 λέγεσθαι
3100 2380 3230 2453 περὶ
3256 2380 3453 2434 αὐτῶν·
3481 2382 3683 2448 «Ἀφες

2094 2470 2219 2533 τοὺς
2242 2472 2465 2543 νεκροὺς
2493 2470 2719 2523 θάπτειν
2757 2470 2882 2533 τοὺς
2924 2469 3133 2524 ἑαυτῶν
3162 2471 3441 2543 νεκρούς»
3473 2470 3505 2541 ἢ
3533 2488 3680 2524 «κατ-

2092 2566 2372 2637 οικήσουσι
2420 2566 2700 2628 καύσωνος
2761 2556 3106 2635 ξηρότηταί»
3163 2565 3240 2629 ώς
3286 2565 3352 2619 ἂν
3400 2565 3682 2635 μέλλοντες

2098 2658 2427 2728 πορεύεσθαι
2462 2678 2479 2708 ι
2514 2659 2594 2721 είς
2620 2658 2682 2711 τὸ
2722 2657 2834 2729 πῦρ
2862 2659 2925 2711 τὸ
2951 2657 3169 2713 αἰώνιον
3199 2658 3261 2711 τὸ
3285 2658 3683 2729 ἡτοιμασμένον

2094 2749 2172 2820 τῷ
2198 2750 2428 2821 διαϐόλῳ
2445 2750 2664 2813 καὶτοῖς
2696 2750 2946 2819 ἀγγέλοις
2968 2748 3152 2802 αὐτοῦ.
3167 2769 3187 2802 ι

2175 2862 2194 2895 ι
2234 2845 2293 2897 '0
2334 2845 2499 2912 Θεὸς,
2544 2847 2601 2898 ἐν
2633 2844 2709 2916 τῷ
2766 2843 3162 2915 ἐκπορεύεσθαί
3212 2860 3271 2896 σε
3314 2842 3544 2896 ἐνώπιον
3590 2841 3682 2895 τοῦ

2096 2933 2227 2988 λαοῦ
2258 2952 2383 2998 σου,
2430 2938 2489 2988 ἐν
2536 2935 2613 3006 τῷ
2653 2934 2951 2989 διαϐαίνειν
2996 2952 3055 2988 σε
3103 2937 3163 2989 ἐν
3199 2937 3264 3006 τῇ
3299 2936 3511 3005 ἐρήμῳ.
3555 2936 3683 2987 Διά-

2096 3028 2303 3099 ψαλμα.
2333 3049 2359 3077 ι
2387 3029 2509 3081 Ὅτι
2539 3028 2611 3098 μὴ
2643 3027 2802 3098 μόνον
2843 3029 2900 3079 ἐν
2939 3029 3006 3097 τῇ
3033 3025 3310 3096 συντελείᾳ
3335 3025 3442 3077 τῶν
3474 3023 3683 3078 αἰώνων

2098 3118 2407 3192 ἀνθρώποις
2449 3120 2712 3190 ἐπεδήμει
2764 3119 2793 3170 ὁ
2833 3118 2927 3171 τοῦ
2973 3118 3109 3172 Θεοῦ
3158 3119 3358 3187 Λόγος,
3407 3117 3542 3171 ἀλλά
3590 3116 3684 3170 καὶ

410 3203 558 3272 quod
601 3214 699 3273 per
746 3201 987 3273 Moysem
1043 3202 1270 3256 oracula
1330 3200 1614 3266 fundebat,
1651 3200 1739 3255 hic
1767 3201 1992 3256 docetur

2100 3212 2365 3284 πρότερον
2396 3211 2560 3274 αὐτὸς
2602 3207 2669 3282 ἦν
2718 3213 2747 3264 ὁ
2784 3210 2873 3264 διὰ
2914 3210 3195 3274 Μωῦσέως
3226 3208 3576 3283 χρηματίζων
3600 3249 3615 3272 ,
3655 3211 3683 3261 ό

411 3296 501 3351 his
524 3295 707 3351 verbis
738 3311 750 3345 :
788 3314 806 3346 ι
847 3295 1019 3357 Deus,
1051 3310 1179 3349 cum
1214 3293 1555 3365 egredereris
1611 3293 1668 3347 in
1696 3302 1994 3364 conspectu

409 3388 598 3459 populi
631 3388 731 3452 tui,
759 3401 883 3441 cum
918 3385 1287 3456 pertransires
1310 3386 1634 3447 iudeserto,
1663 3394 1809 3440 terra
1848 3392 1995 3440 mota

408 3488 516 3544 cst,
544 3481 745 3536 etenim
802 3479 927 3533 cmli
978 3478 1409 3537 distillaverunt.
1450 3497 1468 3530 ι
1527 3476 1682 3532 Tunc
1711 3480 1878 3542 enim,
1912 3479 1997 3533 in-

408 3573 548 3643 quit,
583 3587 710 3627 cum
760 3570 1024 3627 educeres
1065 3570 1206 3627 ﬁlios
1260 3570 1427 3628 Israel
1479 3587 1544 3626 ex
1574 3581 1717 3627 terra
1748 3570 1993 3642 ZEgypti,

408 3665 557 3721 fama
589 3680 772 3722 rerum
802 3665 859 3720 in
895 3664 1131 3737 Egypto
1163 3672 1438 3736 gestarum
1474 3664 1543 3718 ad
1586 3680 1778 3720 omnes
1803 3680 1997 3735 perva-

410 3766 594 3826 gante,
646 3760 907 3814 universa
964 3766 1112 3811 terra
1162 3765 1310 3813 mota
1348 3764 1451 3811 est.
1492 3756 1600 3812 Sed
1624 3765 1758 3811 tunc
1775 3758 1993 3827 quidem

410 3859 557 3904 terra
586 3858 733 3905 mota
767 3856 885 3914 est;
920 3850 1035 3905 sive
1086 3848 1252 3913 fama,
1284 3849 1573 3903 utdictum
1617 3856 1723 3912 est,
1748 3849 1994 3905 omnium

409 3943 807 4013 terrigenarum
840 3958 1002 3997 aures
1027 3943 1287 4011 implente
1314 3960 1329 4009 ;
1360 3942 1474 3997 sive
1501 3942 1666 3997 etiam
1696 3943 1817 4012 ipso
1836 3949 1995 3999 terra:

408 4036 679 4090 elemento
708 4036 775 4091 de
804 4037 1039 4091 adventu
1068 4036 1163 4092 Dei
1192 4037 1437 4092 laetante.
1471 4036 1631 4103 Quod
1670 4037 1798 4091 item
1834 4036 1995 4091 docet

409 4124 551 4178 alius
606 4126 853 4195 psalmus
905 4127 993 4181 his
1043 4128 1272 4183 verbis:
1313 4148 1331 4179 ι
1374 4129 1435 4183 In
1494 4128 1647 4183 exitu
1705 4128 1874 4183 Israel
1926 4129 1994 4183 de

411 4213 672 4285 .Egypto,
696 4216 892 4272 domus
907 4216 1080 4274 Jacob
1102 4218 1168 4275 de
1180 4220 1380 4288 populo
1398 4219 1654 4284 barbaro,
1674 4226 1887 4274 montes
1902 4235 1997 4275 ex-

407 4304 750 4359 sultaverunt
772 4314 832 4361 ut
859 4308 1081 4371 arietes.
1104 4319 1158 4363 et
1178 4311 1346 4365 colles
1369 4311 1511 4364 sicut
1527 4310 1854 4380 agniovium
1878 4312 1951 4364 η..
1967 4329 1990 4364 ι

408 4393 579 4449 Terra
612 4395 799 4466 itaque
824 4399 1072 4468 gaudens
1113 4401 1563 4456 commovebatur
1590 4392 1777 4467 ;'cmli
1810 4408 1993 4458 autem

406 4484 812 4543 distillaverunt
876 4509 889 4543 :
956 4490 1089 4560 quid
1145 4491 1590 4559 distillaverunt,
1645 4493 1751 4549 nisi
1807 4494 1992 4551 cibum

403 4581 838 4653 inexspectatum
865 4581 923 4636 in
944 4581 1163 4638 deserto
1193 4582 1517 4655 degentibus
1543 4586 1849 4655 delapsum,
1877 4586 1993 4641 sive

403 4673 571 4728 etiam
639 4674 858 4730 divinos
909 4690 1192 4730 sermones
1214 4684 1269 4731 et
1318 4677 1469 4748 leges
1512 4694 1635 4748 quae
1682 4679 1989 4733 animarum

404 4765 816 4822 rationabilium
874 4767 984 4822 cibi
1016 4768 1187 4822 sunt?
1228 4767 1373 4824 Mota
1398 4778 1483 4824 est
1528 4781 1710 4825 autem
1735 4778 1900 4839 terra,
1936 4780 1991 4827 et

403 4857 531 4911 caeli
558 4856 969 4912 distillaverunt
998 4875 1017 4909 ι
1056 4872 1086 4911 a
1114 4856 1255 4913 facie
1289 4858 1381 4913 Dei
1415 4857 1591 4926 Sinai,
1628 4880 1648 4912 ι
1687 4861 1741 4916 id
1774 4870 1881 4926 est,
1934 4864 1990 4917 in

403 4958 589 5005 monte
613 4949 767 5004 Sinai
792 4950 1017 5005 oracula
1039 4950 1275 5008 edentis.
1331 4950 1459 5007 Haec
1509 4968 1643 5008 vero
1672 4954 1877 5010 clarius
1907 4956 1991 5010 in-

400 5049 736 5113 terpretatus
772 5041 1138 5112 Symmachus
1154 5051 1240 5097 est
1260 5043 1451 5099 dicens
1486 5060 1499 5096 :
1543 5062 1561 5093 ι
1596 5042 1765 5103 Terra
1799 5062 1989 5102 move-

401 5129 586 5196 batur,
618 5132 818 5185 ccelum
846 5147 978 5186 vero
1010 5131 1295 5187 distillavit
1337 5149 1367 5187 a
1393 5133 1534 5189 facie
1568 5133 1665 5189 Dei
1701 5136 1867 5203 hujus
1905 5136 1991 5191 Si-

400 5222 513 5285 nai,
534 5231 631 5276 eta
660 5222 799 5277 facie
836 5222 952 5285 Dei,
987 5223 1079 5279 Dei
1112 5224 1301 5280 Israel.
1343 5245 1362 5277 ι
1397 5224 1537 5280 Νυω
1570 5226 1711 5281 forte
1738 5229 1990 5285 ccclestes

400 5312 634 5367 virtutes
660 5329 760 5367 ceu
789 5315 1036 5370 nutrices
1065 5317 1313 5385 quaadam
1344 5333 1375 5373 e
1406 5333 1646 5374 mamma
1694 5320 1777 5374 lac
1809 5320 1988 5374 infan-

288 5460 307 5469 α
400 5399 832 5457 tibusdistillare
882 5403 1170 5473 facientes,
1218 5409 1297 5464 sic
1323 5417 1379 5465 et
1418 5410 1551 5479 ipsa:
1581 5411 1897 5466 alimentum
1920 5428 1988 5467 ex

404 5505 465 5543 se
499 5491 566 5546 iis
586 5494 681 5561 qui
706 5501 837 5549 tunc
886 5497 1128 5554 infantes
1180 5501 1363 5555 animo
1390 5512 1569 5568 erant,
1598 5504 1989 5559 subministra-

400 5583 573 5635 runt?
619 5585 903 5649 Quarelex
957 5605 988 5643 a
1038 5591 1221 5662 Moyse
1277 5593 1477 5656 edicta,
1532 5595 1858 5665 paedagogus
1921 5598 1990 5651 ab

401 5666 664 5733 Apostolo
686 5682 877 5725 vocata
912 5672 1015 5728 fuit
1048 5673 1112 5729 ⁸⁷.

2100 3302 2291 3374 παρὼν
2321 3301 2563 3355 διδάσκει
2593 3300 2751 3369 λόγος
2790 3301 3043 3370 φάσκωνο
3073 3320 3091 3351 ι
3130 3299 3187 3352 Ὀ
3220 3300 3371 3364 Θεὸς,
3400 3300 3459 3351 ἐν
3483 3297 3562 3368 τῷ
3593 3299 3683 3351 ἐκ·

2097 3394 2422 3465 πορεύεσθαί
2455 3411 2515 3446 σε
2549 3391 2779 3447 ἐνώπιον
2802 3392 2892 3445 τοῦ
2915 3390 3045 3446 λαοῦ
3074 3409 3191 3456 σου,
3210 3393 3268 3445 ἐν
3287 3392 3363 3463 τῷ
3389 3389 3683 3444 διαϐαίνειν

2097 3502 2156 3537 σε
2190 3487 2248 3539 ἐν
2280 3488 2347 3557 τῇ
2394 3487 2623 3557 ἐρήμῳ,
2653 3485 2726 3555 γῆ
2769 3485 2989 3556 ἐσείσθη
3014 3526 3029 3549 ,
3082 3486 3178 3538 καὶ
3218 3490 3329 3556 γάρ
3371 3486 3420 3537 οἱ
3465 3483 3685 3557 οὐρανοὶ

2094 3575 2350 3642 ἐσταξαν.
2383 3597 2401 3629 ι
2430 3578 2541 3631 Καὶ
2573 3577 2693 3631 τότε
2716 3577 2845 3648 γάρ,
2865 3578 3018 3648 φησὶ,
3038 3577 3160 3630 καθ’
3183 3576 3243 3630 ὃν
3272 3577 3460 3649 χρόνον
3487 3576 3683 3646 ἐξῆγες

2094 3671 2221 3733 τοὺς
2251 3671 2403 3733 υἱοὺς
2437 3670 2652 3741 Ἰσραὴλ
2683 3669 2793 3723 ἀπὸ
2814 3670 2917 3739 γῆς
2944 3669 3293 3740 Αἰγύπτου,ἡ
3324 3669 3586 3739 σύμπασα
3611 3669 3679 3737 γῆ

2095 3763 2301 3815 ἐσείετο
2344 3762 2445 3833 τῆς
2492 3764 2681 3834 φήμης
2724 3760 2832 3814 τῶν
2881 3764 2938 3815 ἐν
2982 3760 3240 3831 Αἰγύπτῳ
3278 3760 3681 3831 πεπραγμένων

2094 3853 2485 3927 διατρεχούσης
2500 3856 2579 3917 είς
2596 3853 2826 3917 πάντας.
2847 3853 2986 3906 Ἀλλ’
3011 3856 3042 3923 ή
3068 3852 3167 3923 μὲν
3193 3853 3266 3922 γῆ
3297 3852 3419 3905 τότε
3444 3852 3646 3904 ἐσείετο
3666 3867 3678 3878 ·

2094 3945 2212 4014 ἦτοι
2251 3948 2351 4018 τῆς
2380 3948 2603 4017 φήμης,
2646 3944 2723 4009 ώς
2771 3946 2987 4015 εἴρηται
3008 3986 3022 4008 ,
3056 3945 3155 4009 τάς
3190 3944 3406 3998 πάντων
3438 3942 3545 3996 τῶν
3587 3942 3681 3994 ἐπὶ

2094 4040 2198 4110 γῆς
2231 4035 2399 4100 ἀκοὰς
2432 4034 2747 4107 πληρούσης
2771 4073 2785 4098 ,
2823 4035 2856 4105 ἢ
2916 4036 3007 4087 καὶ
3058 4033 3221 4087 αὐτοῦ
3267 4032 3363 4085 τοῦ
3418 4031 3680 4101 στοιχείου

2094 4113 2373 4202 χαίροντος
2401 4128 2494 4180 ἐπὶ
2525 4130 2593 4197 τῇ
2624 4126 2877 4180 ἐπιϐάσει
2916 4126 3011 4179 τοῦ
3044 4124 3200 4178 Θεοῦ.
3244 4126 3309 4177 Ὃ
3348 4123 3411 4192 δὴ
3438 4123 3680 4176 διδάσκει

2094 4219 2189 4270 καὶ
2237 4216 2423 4287 ἕτερος
2455 4213 2672 4284 ψαλμὸς
2710 4213 2884 4283 λέγων
2906 4231 2919 4245 ·
2956 4232 2975 4264 ι
3018 4214 3106 4269 Ἐν
3146 4212 3310 4282 ἐξόδῳ
3370 4210 3582 4283 Ἰσραὴλ
3622 4209 3684 4274 ἐξ

2093 4307 2369 4376 Αἰγύπτου
2395 4347 2409 4371 ,
2436 4306 2587 4359 οἴκου
2631 4304 2823 4360 Ἰακὼϐ
2875 4307 2939 4359 ἐκ
2968 4305 3098 4359 λαοῦ
3135 4304 3409 4377 βαρϐάρου
3434 4344 3450 4368 ,
3480 4303 3549 4355 τά
3580 4302 3680 4376 όρη

2096 4402 2424 4472 ἐσκίρτησαν
2450 4399 2525 4464 ώς
2556 4399 2701 4470 κριοὶ
2721 4440 2736 4464 ,
2763 4399 2859 4451 καὶ
2887 4402 2936 4451 οἱ
2965 4398 3144 4469 βουνο“ι
3180 4399 3255 4461 ὡς
3282 4397 3445 4469 ἀρνία
3479 4395 3684 4465 προϐά-

2093 4509 2219 4545 των.
2255 4510 2273 4542 ›
2294 4491 2357 4543 Ἠ
2392 4490 2489 4559 μὲν
2524 4484 2617 4542 οὖν
2642 4488 2713 4558 γῆ
2748 4490 3013 4561 χαίρουσα
3061 4488 3287 4541 ἐσείετω
3311 4488 3363 4540 οἱ
3386 4486 3442 4540 δὲ
3465 4485 3684 4556 οὐρανοὶ

2025 4610 2075 4671 D
2100 4584 2350 4651 ἐσταξαν.
2388 4583 2451 4635 Τί
2483 4581 2539 4634 δὲ
2584 4580 2814 4648 ἓσταξαν
2835 4624 2850 4648 ,
2893 4582 3008 4636 ἀλλ’
3042 4582 3161 4653 ήτοι
3201 4582 3300 4662 τὴν
3332 4582 3537 4653 τροφὴν
3581 4579 3683 4649 τὴν

2096 4674 2413 4748 παραδόξως
2441 4672 2751 4743 ἐνεχθεῖσαν
2785 4675 2895 4736 tot;
2940 4674 3034 4726 ἐπὶ
3074 4674 3173 4743 τῆς
3216 4673 3427 4744 ἐρήμου
3452 4713 3465 4738 ,
3510 4672 3542 4741 ἢ
3588 4670 3683 4724 καὶ

2091 4770 2218 4833 τοὺς
2243 4767 2419 4830 θείους
2445 4766 2638 4833 λόγους
2659 4782 2719 4817 τε
2746 4765 2841 4818 καὶ
2865 4765 3065 4836 νόμους
3087 4764 3292 4836 τροφὴν
3316 4764 3473 4827 ὄντας
3493 4762 3681 4834 ψυχῶν

2091 4859 2356 4930 λογικῶν;
2398 4858 2634 4911 Ἐσείετο
2659 4856 2716 4909 δὲ
2749 4859 2782 4927 ἡ
2813 4857 2886 4927 γῆ
2909 4897 2924 4921 ,
2974 4859 3067 4911 καὶ
3095 4856 3327 4923 ἔσταξαν
3365 4859 3416 4910 οί
3463 4857 3683 4928 οὐρανοὶ

2097 4976 2113 5006 ι
2144 4954 2252 5009 ἀπὸ
2283 4950 2577 5023 προσώπου
2607 4947 2703 5002 τοῦ
2732 4949 2868 5002 Θεοῦ
2902 4949 2995 5002 τοῦ
3037 4949 3221 5017 Σιναῒ,
3253 4969 3271 5003 ι
3310 4951 3554 5004 τουτέστι
3586 4948 3682 5003 τοῦ

2091 5050 2149 5100 ἐν
2188 5046 2264 5117 τῷ
2306 5045 2423 5116 ὄρει
2458 5041 2609 5097 Σινατ
2642 5042 3102 5114 χρηματίσαντος.
3132 5044 3241 5097 Καὶ
3268 5044 3441 5097 ταῦτα
3484 5044 3542 5097 δὲ
3586 5060 3684 5096 σα-

2093 5137 2352 5207 φέστερον
2374 5135 2717 5204 ήρμήνευσεν
2742 5134 2769 5185 ό
2790 5132 3084 5203 Σύμμαχος
3106 5133 3294 5186 εἰπών·
3325 5135 3429 5205 «Γῆ
3454 5135 3678 5198 ἐσείετο,

2093 5229 2320 5299 ούρανὸς
2338 5226 2395 5279 δὲ
2421 5223 2727 5292 ἀπέσταξεν
2756 5224 2864 5278 ἀπὸ
2892 5224 3184 5296 προσώπου
3210 5226 3302 5280 τοῦ
3324 5227 3458 5280 Θεοῦ
3491 5227 3680 5280 τούτου

2090 5321 2185 5374 τοῦ
2208 5318 2381 5382 Σιναῒ,
2400 5318 2493 5371 καὶ
2516 5318 2624 5370 ἀπὸ
2647 5317 2940 5387 προσώπου
2968 5318 3062 5371 τοῦ
3079 5318 3235 5381 Θεοῦ,
3253 5319 3388 5373 Θεοῦ
3405 5320 3640 5390 Ἰσραήλ.
3655 5338 3673 5369 ι

2094 5412 2325 5483 Μήποτε
2357 5409 2413 5462 δέ
2444 5408 2540 5460 καὶ
2570 5409 2625 5461 αἱ
2670 5407 2913 5478 οὐράνιοι
2955 5408 3214 5479 δυνάμεις
3260 5408 3447 5479 ῶσπερ
3492 5408 3679 5479 τροφοί

2096 5520 2239 5567 τινες
2264 5502 2359 5555 καὶ
2386 5500 2596 5571 τιθηνοὶ
2617 5500 2726 5553 ἀπὸ
2749 5499 2918 5571 θηλῆς
2936 5500 3077 5568 γάλα
3108 5502 3320 5572 νηπίοις
3343 5500 3681 5565 ἀποστάζου-

2100 5610 2211 5658 σαι,
2255 5593 2428 5656 οὕτως
2452 5592 2546 5645 καὶ
2573 5586 2732 5646 αὗται
2766 5594 2865 5664 τὴν
2898 5592 2957 5658 ἐξ
2989 5593 3169 5647 αὐτῶν
3197 5594 3459 5666 χορηγίαν
3484 5595 3680 5664 παρεῖ-

2099 5704 2192 5757 χον
2222 5688 2335 5749 τοῖς
2366 5686 2487 5739 τότε
2510 5685 2611 5750 τὰς
2639 5686 2817 5757 ψυχὰς
2845 5688 3089 5760 νηπίοις;
3118 5687 3195 5739 Δι’
3222 5686 3249 5739 ὃ
3272 5688 3366 5740 καὶ
3405 5685 3679 5754 παιδαγω-

402 5752 497 5820 γὸς
533 5755 845 5826 ωνόμασται
876 5764 1025 5834 παρὰ
1063 5764 1139 5834 τῷ
1175 5766 1480 5839 Ἀπεττὲλῳ
1513 5770 1541 5820 ὁ
1574 5770 1662 5824 διὰ
1705 5773 1982 5835 Μωῦσέως
2018 5752 2271 5847 λαληθεὶς
2302 5776 2478 5845 λόγος.

483 5869 524 5901 ⁸³
553 5874 655 5927 lsa.
686 5891 817 5944 χιιι,
847 5880 900 5949 6,
944 5881 997 5935 7.

1081 5885 1122 5916 ¹⁸
1150 5884 1281 5941 Luc.
1310 5902 1387 5955 ix,
1422 5887 1512 5943 60.
1594 5890 1635 5921 ’⁸
1661 5889 1851 5947 Matth.
1890 5909 2016 5963 xxv,
2049 5894 2136 5951 41.

2220 5898 2261 5928 ¹⁶
2290 5894 2436 5952 Psal.
2461 5910 2619 5962 cxm,
2658 5896 2704 5962 l,
2734 5897 2787 5952 4.
2870 5896 3047 5953 "Gal.
3082 5914 3161 5965 ιιι,
3189 5897 3279 5952 2L
