4142 6388
483 468 588 528 ιιε

1613 462 2119 522 COMMENTARIA
2160 461 2229 517 IN
2267 461 2611 520 PSALMOS.

3639 463 3743 517 σοι

558 600 576 634 ι
606 581 814 653 Βροχὴν
838 581 1084 635 ἑκούσιον
1111 582 1376 653 ἀφοριεῖς,
1399 583 1427 635 6
1456 581 1609 647 Θεὸς,
1633 585 1699 654 τῇ
1732 579 2034 654 κληρονομία

2140 627 2145 641 ,
2244 580 2411 638 Vens.
2446 584 2533 649 10,
2564 583 2651 638 ll.
2684 600 2703 634 ι
2737 580 2984 638 Pluviam
3011 579 3375 639 voluntariam
3406 582 3740 653 segregabis,

482 689 611 736 σου,
646 674 739 726 καὶ
771 672 1036 744 ἠσθένησε
1058 712 1073 736 ,
1112 674 1176 727 σὺ
1207 673 1262 725 δὲ
1292 674 1608 744 κατηρτίσω
1638 674 1831 744 αὑτήν.
1872 692 1889 724 ι
1926 672 2060 725 Τότε

483 763 615 833 μὲν,
661 763 857 832 φησὶν,
900 780 917 812 ι
948 764 1005 815 ἐν
1040 761 1118 832 τῷ
1166 762 1565 834 ἐκπορεύεσθαί
1601 779 1659 815 σε
1696 761 1927 816 ἐνώπιον
1964 761 2057 815 τοῦ

477 854 608 910 λαοῦ
641 872 734 908 σου
753 896 768 919 ,
808 856 901 908 καὶ
941 856 999 908 ἐν
1028 854 1108 926 τῷ
1138 854 1432 909 διαόαίνειν
1457 872 1517 908 σε
1548 856 1605 909 ἐν
1632 858 1698 926 τῇ
1733 855 1927 926 ἐρήμῳ
1947 893 1961 916 ,
1986 854 2057 924 γῆ

477 944 696 1016 ἐσείσθη
715 984 729 1009 ,
758 945 853 998 καὶ
900 946 951 998 οἱ
978 947 1197 1017 οὐρανοὶ
1225 946 1456 1011 ἐσταξαν
1476 962 1491 977 ⁸
1519 966 1537 998 ι
1558 948 1651 1000 ἐπὶ
1678 947 1735 1000 δὲ
1774 946 1869 1000 τοῦ
1920 962 2060 1017 παρ-

475 1034 628 1098 όντος
651 1076 666 1098 ,
697 1037 785 1089 ὅτε
829 1035 1160 1109 ἐπιόέὸηκας
1186 1039 1277 1090 ἐπὶ
1303 1038 1544 1108 δυσμῶν,
1577 1038 1739 1110 ἕτερα
1780 1036 2060 1109 παράδοξα

475 1128 737 1197 εἰργάσω.
792 1127 868 1199 Τῇ
894 1127 1003 1200 γὰρ
1045 1129 1380 1202 κληρονομίᾳ
1414 1148 1507 1184 σου
1544 1130 1825 1203 ἀφώρισας
1856 1130 2057 1202 βροχὴν

476 1218 739 1273 ἐκούσιον.
770 1222 1120 1292 κληρονομία
1149 1222 1205 1275 δέ
1238 1222 1403 1276 αὐτοῦ
1434 1224 1518 1288 τίς
1544 1221 1612 1296 ἦν
1642 1224 1781 1295 μετὰ
1798 1225 1888 1278 τὸν
1926 1226 2058 1297 πρό-

475 1328 631 1382 τερον
674 1311 798 1364 λαὸν
838 1312 1012 1385 ἀλλ’ἢ
1057 1315 1117 1379 ἐξ
1160 1314 1331 1368 ἐθνῶν
1379 1315 1706 1387 Ἐκκλησία,
1742 1316 1932 1389 ῶσπερ
1962 1313 2055 1371 οὖν

470 1402 712 1457 διδάσκει
748 1405 921 1473 λέγων
960 1407 1123 1471 αὐτὸς
1164 1410 1221 1461 ἐν
1259 1410 1499 1483 δευτέρῳ
1530 1411 1763 1484 ψαλμῷ’
1799 1432 1817 1464 ι
1852 1413 2056 1485 Κύριος

473 1491 593 1549 εῐπε
616 1496 750 1567 πρὸς
770 1498 838 1568 μέ
856 1515 869 1528 ·
888 1499 1014 1563 Υἱός
1034 1518 1135 1570 μου
1163 1498 1214 1554 εἴ
1238 1503 1323 1567 σὺ,
1350 1502 1462 1572 ἐγὼ
1487 1506 1552 1577 σή
1563 1523 1628 1575 με
1638 1522 1728 1577 ρον
1749 1506 2056 1576 γεγέννηκά

470 1603 554 1642 σε.
588 1588 819 1659 Δίτησαι
844 1591 975 1661 παρ’
1014 1590 1148 1663 ἐμοῦ
1172 1634 1185 1656 ,
1214 1595 1311 1647 καὶ
1335 1593 1491 1649 δώσω
1530 1612 1611 1649 σοι
1641 1596 1767 1669 ἔθνη
1792 1597 1892 1668 τὴν
1923 1598 2055 1669 κλη-

471 1679 729 1749 ρονομίαν
762 1696 855 1733 σου
889 1682 983 1735 καὶ
1012 1682 1113 1754 τὴν
1141 1684 1469 1755 κατάσχεσίν
1502 1704 1597 1740 σου
1626 1685 1695 1740 τά
1723 1687 1935 1757 πέρατα
1956 1689 2055 1760 τῆς

466 1770 589 1841 γῆς.
634 1791 652 1821 ι
683 1772 809 1836 Υίὸς
840 1774 949 1845 γὰρ
978 1774 1113 1829 Θεοῦ
1152 1777 1509 1849 κελευόμενος
1546 1781 1684 1852 πρὸς
1709 1780 1805 1835 τοῦ
1841 1783 2055 1854 [ἰατρὸς

464 1863 636 1915 αίτεῖν
658 1862 1043 1935 κληρονομίαν,
1071 1866 1195 1921 οὔτε
1228 1868 1495 1923 Ἰουδαίων
1521 1870 1693 1935 ἔθνος,
1716 1871 1851 1926 ἀλλὰ
1877 1874 2055 1927 πάντα.

2165 671 2331 737 Deus,
2362 673 2665 729 haereditati
2693 680 2821 739 tuae,
2853 680 2909 729 et
2945 673 3220 727 infirmata
3245 678 3349 739 est,
3378 679 3435 725 tu
3462 688 3590 727 vero
3620 688 3745 743 per-

2164 766 2344 821 fecisti
2370 781 2561 822 eam.»
2619 765 2796 832 Tunc,
2856 766 3056 837 inquit,
3098 781 3267 820 «cum
3319 766 3661 835 egredereris
3686 765 3743 819 in

2161 864 2458 928 conspectu
2490 857 2673 927 populi
2690 857 2789 921 tui,
2813 864 2867 912 et
2881 873 3005 911 cum
3031 856 3394 926 pertransires
3421 857 3477 910 in
3501 857 3741 921 deserto,

2162 954 2308 1001 terra
2342 955 2491 1002 mota
2512 956 2618 1011 est,
2650 953 2707 1001 et
2730 946 2857 1001 cceli
2888 946 3313 1001 distillaverunt.
3352 964 3371 996 ι
3393 944 3451 997 ln
3484 947 3741 1015 praesenti

2162 1044 2343 1093 autem
2368 1054 2491 1094 cum
2525 1038 2822 1094 ascendisti
2852 1052 3018 1107 super
3037 1050 3320 1098 occasum,
3352 1034 3623 1089 mirabilia
3637 1035 3741 1087 alia

2161 1132 2511 1202 perpetrasti.
2545 1131 2680 1186 Nam
2713 1130 3016 1187 haereditati
3036 1140 3142 1185 tuae
3173 1130 3475 1199 segregasti
3499 1127 3741 1197 pluviam

2160 1224 2546 1279 voluntariam.
2584 1223 2888 1278 Haereditas
2918 1238 3081 1292 porro
3133 1221 3281 1275 illius
3334 1234 3583 1289 quaenam
3622 1227 3743 1273 erat

2159 1324 2282 1386 post
2315 1316 2552 1386 priorem
2580 1316 2733 1370 illum
2764 1315 3045 1385 populum,
3073 1313 3178 1367 nisi
3200 1311 3444 1365 Ecclesia
3474 1310 3736 1381 gentium,

2159 1412 2219 1457 ut
2250 1404 2366 1473 ipse
2391 1402 2552 1457 docet
2583 1402 2640 1457 in
2670 1402 2913 1459 secundo
2972 1402 3218 1472 psalmo:
3253 1418 3271 1451 ‹
3302 1399 3567 1454 Dominus
3602 1399 3741 1454 dixit

2158 1492 2225 1548 ad
2252 1509 2339 1549 me
2373 1513 2386 1548 :
2425 1492 2599 1549 Filius
2621 1509 2777 1549 meus
2807 1509 2868 1550 es
2901 1501 2980 1561 tu,
3016 1508 3118 1564 ego
3143 1491 3304 1547 hodie
3334 1492 3496 1562 genui
3522 1502 3595 1547 te.
3642 1491 3741 1547 Po-

2160 1586 2305 1640 stula
2336 1600 2366 1639 a
2396 1599 2505 1648 me,
2528 1592 2584 1639 et
2613 1584 2757 1641 dabo
2787 1585 2888 1640 tibi
2910 1593 3098 1656 gentes
3156 1584 3528 1641 haereditatem
3562 1591 3736 1653 tuam,

2156 1684 2211 1731 et
2230 1676 2637 1748 possessionem
2656 1686 2801 1731 tuam
2818 1678 3084 1733 terminos
3097 1684 3257 1734 terrae
3276 1679 3342 1734 ’⁸.
3372 1697 3390 1730 ι
3416 1676 3549 1731 Nam
3568 1678 3738 1734 Filius

2158 1767 2276 1832 Dei,
2308 1769 2397 1823 cui
2438 1767 2599 1825 Pater
2646 1769 2897 1840 praecipit
2927 1778 2987 1824 ut
3020 1777 3169 1840 petat
3219 1770 3277 1825 in
3336 1769 3736 1835 baereditatem,

2156 1876 2268 1915 non
2299 1858 2612 1916 Iudaeorum
2642 1871 2879 1932 gentem,
2906 1861 3000 1916 sed
3026 1877 3219 1918 omnes
3244 1870 3435 1932 gentes
3470 1870 3524 1917 et
3549 1866 3739 1918 termi—

464 1952 532 2004 τὰ
565 1952 690 2025 έθνη
719 1957 812 2008 καὶ
841 1956 909 2009 τὰ
937 1959 1151 2030 πέρατα
1179 1960 1277 2030 τῆς
1305 1961 1440 2031 γῆς,
1477 1962 1561 2025 τίς
1598 1962 1665 2016 ἂν
1698 1964 1907 2031 γένοιτο
1944 1964 1977 2035 ἢ
2016 1967 2034 2018 ἐ

2156 1967 2259 2008 nos
2302 1960 2483 2019 terrai,
2520 1953 2777 2024 quisnam
2818 1952 3005 2019 fuerit,
3065 1954 3174 2010 nisi
3203 1955 3297 2025 qui
3333 1953 3635 2011 Ecclesiam
3669 1971 3736 2010 ex

462 2043 561 2113 τὴν
602 2042 662 2108 ἐξ
695 2044 863 2098 ἐθνῶν
896 2048 1229 2120 Ἐκκλησίαν
1263 2052 1668 2122 συστησάμενος
1692 2070 1706 2117 ;
1732 2053 1917 2125 Ταύτῃ
1950 2049 2043 2107 οὖν

460 2136 527 2203 τῇ
562 2134 896 2209 κληρονομίᾳ
928 2139 1093 2193 αὐτοῦ
1135 2139 1378 2213 ἀφώρισε
1420 2142 1622 2216 βροχὴν
1653 2143 1899 2198 ἑκούσιον
1922 2161 1934 2174 ·
1964 2145 2043 2199 διὸ

459 2224 709 2281 λέλεκται
744 2230 872 2301 περὶ
913 2231 1081 2284 αὑτοῦ
1102 2250 1115 2263 ·
1165 2251 1183 2283 ι
1216 2233 1605 2304 Καταόήσεται
1643 2236 1720 2300 ὡς
1753 2237 1907 2302 ὑετὸς
1948 2238 2042 2293 ἐπὶ

459 2316 627 2372 πόκον
646 2359 661 2385 ,
693 2322 786 2373 καὶ
814 2321 946 2374 ὡσεὶ
976 2324 1235 2392 σταγόνες
1263 2325 1556 2391 στάζουσαι
1600 2330 1694 2382 ἐπὶ
1737 2328 1835 2401 τὴν
1859 2329 1983 2401 γῆν.
2015 2350 2035 2383 ι

456 2410 631 2479 Λόγος
673 2412 730 2465 δὲ
759 2409 827 2484 ἦν
855 2415 1210 2483 εύαγγελικὸς
1247 2418 1279 2488 ή
1320 2415 1488 2491 βροχὴ
1514 2421 1547 2491 ή
1574 2421 1827 2485 ἑκουσία,
1858 2423 1953 2476 καὶ
1978 2423 2041 2476 τὸ

456 2503 555 2574 τῆς
581 2505 791 2575 Καινῆς
804 2507 1080 2580 Διαθήκης
1104 2511 1366 2582 κήρυγμα
1386 2515 1451 2584 τῇ
1479 2512 1537 2580 ἐξ
1558 2514 1727 2568 ἐθνῶν
1744 2516 2039 2588 Ἐκκλησία

456 2596 909 2669 παραδεδομένον.
946 2601 1102 2672 Καλὴ
1130 2601 1186 2655 δέ
1216 2604 1250 2674 ή
1288 2604 1577 2677 προσθήκη
1609 2606 1709 2677 τῆς
1743 2626 1761 2659 ι
1785 2608 2038 2674 ἑκουσίας

456 2687 683 2758 βροχῆς·
726 2708 745 2742 ι
786 2690 875 2745 διὰ
924 2694 1200 2760 Μωῡσέως
1246 2698 1344 2767 μὲν
1368 2697 1476 2769 γὰρ
1521 2699 1618 2769 οὐχ
1658 2699 1902 2766 ἑκούσιος
1926 2705 2037 2768 τοῖς

454 2778 703 2843 παλαιοῖς
729 2782 1021 2853 παρείχετο
1042 2784 1218 2855 λόγος,
1246 2789 1368 2841 ἐπεὶ
1396 2790 1456 2841 ού
1494 2792 1636 2844 κατὰ
1674 2792 1899 2863 γνώμην
1938 2794 2038 2867 τὴν

452 2869 617 2924 αὐτοῦ
639 2872 1025 2944 ἐνομοθετεῖτο·
1056 2877 1137 2931 διὸ
1167 2879 1304 2950 πρὸς
1334 2882 1529 2945 αὐτοὺς
1556 2881 1739 2952 ἔλεγεν
1767 2885 1797 2936 6
1823 2885 2032 2958 Σωτήρο

457 2981 475 3010 ε
513 2963 754 3034 Μωῦσῆς
780 2965 917 3035 πρὸς
948 2965 1046 3037 τὴν
1071 2968 1504 3042 σκληροκαρδίαν
1534 2974 1689 3044 ὑμῶν
1710 2974 1969 3047 ἔγραψενσ
2009 2997 2029 3029 ι

449 3053 479 3103 ό
500 3052 557 3105 δέ
588 3053 744 3123 λόγος
776 3058 805 3110 6
828 3057 1186 3127 εὐαγγελικὸς
1217 3063 1359 3116 κατὰ
1385 3064 1580 3135 βουλὴν
1610 3068 1705 3120 καὶ
1730 3067 1872 3120 κατὰ
1898 3086 2034 3140 προ-

449 3145 663 3214 αίρεσιν
689 3148 823 3202 Θεοῦ
848 3152 1136 3225 ἀφωρίσθη
1167 3172 1184 3205 ι
1215 3158 1281 3226 τῇ
1309 3156 1643 3230 κληρονομίᾳ
1683 3179 1702 3211 ι
1746 3160 1911 3213 αὐτοῦ
1929 3200 1942 3224 ,
1966 3160 2033 3232 ἣν

2151 2044 2408 2116 gentibus
2470 2046 2809 2102 constituit?
2863 2044 3005 2101 Huic
3044 2047 3229 2117 itaque
3285 2045 3588 2101 haereditati
3623 2062 3737 2103 sua:

2149 2139 2453 2210 segregavit
2498 2139 2739 2209 pluviam
2769 2140 3134 2195 voluntariam
3167 2159 3180 2195 :
3214 2154 3385 2211 quare
3429 2139 3622 2195 de'illo
3652 2141 3736 2196 di-

2150 2238 2301 2284 ctum
2358 2239 2442 2285 est
2480 2245 2553 2286 :‘c
2594 2230 2903 2287 Descendet
2961 2231 3105 2288 sicut
3133 2232 3318 2303 pluvia
3364 2231 3419 2285 in
3446 2232 3646 2296 vellus,
3681 2242 3736 2285 et

2149 2322 2292 2377 sicut
2324 2322 2605 2378 stillicidia
2658 2323 2924 2379 stillantia
2953 2340 3120 2394 super
3150 2334 3349 2379 terram
3395 2325 3459 2377 η.
3483 2343 3502 2376 ι
3542 2322 3735 2377 Pluvia

2148 2421 2326 2469 autem
2357 2414 2665 2469 voluntaria
2693 2422 2809 2471 erat
2829 2416 3053 2471 verbum
3085 2416 3455 2488 evangelicum
3490 2456 3505 2481 ,
3529 2425 3582 2471 et
3604 2430 3736 2486 pra:-

2146 2504 2351 2558 dicatio
2377 2503 2510 2560 Novi
2542 2503 3152 2561 TestamentiEcclesize
3178 2504 3417 2577 gentium
3454 2502 3735 2558 tradita.E

2146 2608 2206 2648 re
2236 2592 2489 2665 adjicitur
2512 2595 2580 2649 ad
2613 2615 2632 2648 ι
2669 2596 2908 2667 pluviam
2934 2616 2952 2649 ι
2988 2596 3141 2665 illud,
3209 2615 3229 2648 ‹
3267 2596 3670 2653 voluntariam:
3706 2613 3727 2648 ι

2146 2702 2272 2741 nam
2299 2703 2397 2758 per
2428 2687 2672 2760 Moysem
2728 2704 2840 2744 non
2902 2689 3274 2744 voluntarium
3312 2689 3558 2759 antiquis
3622 2688 3732 2743 illis

2145 2780 2466 2836 tradebatur
2486 2781 2734 2847 verbum,
2768 2782 2897 2853 quia
2925 2798 3034 2838 non
3063 2783 3366 2838 secundum
3398 2782 3575 2853 ipsius
3601 2798 3731 2839 sen-

2144 2872 2371 2925 tentiam
2396 2872 2486 2929 lex
2522 2871 2775 2928 dabatur.
2814 2870 3187 2939 Quamobrem
3217 2874 3340 2929 illos
3367 2874 3446 2929 sic
3476 2873 3731 2930 Salvator

2144 2963 2443 3034 alloquitur
2489 2983 2501 3019 :
2560 2984 2579 3017 ‹
2612 2963 2829 3035 Moyses
2887 2965 2953 3019 ad
3007 2965 3270 3019 duritiam
3326 2965 3513 3021 cordis
3555 2966 3728 3021 vestri

2143 3056 2366 3126 scripsit
2410 3058 2478 3112 ὀ.
2518 3078 2536 3109 ι
2602 3058 2673 3113 At
2728 3060 2956 3115 verbum
2997 3059 3368 3129 evangelicum
3423 3058 3726 3115 secundum

2140 3151 2480 3206 voluntatem
2538 3157 2595 3205 et
2652 3150 2978 3206 electionem
3025 3148 3121 3206 Dei
3173 3170 3191 3201 ι
3227 3149 3526 3205 θωτθόίιθιὶ
3559 3170 3577 3202 ι
3607 3150 3726 3220 ejus

448 3234 827 3305 ὰδθενήσαςαν
878 3240 975 3308 σὺ,
1023 3243 1193 3312 φησὶ,
1247 3246 1592 3317 κατηρτίσω·
1651 3250 1793 3304 κατὰ
1837 3250 1895 3303 δὲ
1940 3250 2031 3304 τὸν

2140 3244 2401 3297 traditum
2423 3250 2506 3298 est
2533 3261 2546 3297 :
2573 3258 2737 3314 quam
2765 3242 3037 3298 inﬁrmam
3066 3250 3148 3307 tu,
3179 3243 3378 3314 inquit,
3410 3243 3725 3313 perfecisti;

461 3326 723 3393 Ἀκύλαν,
772 3347 790 3380 ι
836 3332 1298 3405 Μεμοχθηκυῖαν,
1338 3338 1503 3408 φησὶ,
1548 3340 1613 3393 σὺ
1656 3340 1898 3411 ήδρασας
1940 3342 2036 3395 αύ-

446 3417 578 3487 τήν·
630 3435 649 3467 ι
690 3418 831 3471 κατὰ
873 3421 929 3473 δὲ
971 3423 1062 3476 τὸν
1105 3424 1428 3496 Σύμμαχον,
1471 3447 1490 3479 ι
1527 3431 1628 3483 Ἦν
1665 3431 2030 3504 ἐξεπόνησας,

447 3506 613 3576 φησὶ,
658 3509 751 3562 καὶ
791 3509 1055 3580 ήδρασας.
1098 3534 1117 3566 ι
1159 3517 1234 3569 Οὐ
1265 3518 1346 3571 δεῖ
1380 3520 1438 3573 δὲ
1475 3520 1688 3575 πολλῶν
1736 3523 1911 3593 λόγων
1952 3527 2033 3589 είς

443 3596 507 3650 τὸ
530 3600 883 3670 παραστῆσαι
910 3603 1059 3668 ὅπως
1094 3608 1127 3677 ή
1169 3606 1230 3672 ἐξ
1273 3608 1444 3665 ἐθνῶν
1474 3612 1639 3666 πάλαι
1676 3616 1940 3688 πρότερον
1962 3613 2031 3688 ἦν

446 3692 830 3782 μεμοχθηκυῖα
862 3696 1048 3759 πόνοις
1094 3700 1189 3754 καὶ
1238 3701 1461 3774 μόχθοις
1503 3706 1602 3778 τῆς
1644 3708 2028 3782 είδωλολάτρου

442 3781 656 3874 πλάνης
688 3788 1151 3859 καταπονηθεῖσαο
1183 3793 1529 3866 ἁσθενήσασά
1564 3816 1621 3850 τε
1648 3794 1717 3871 ἦν
1750 3803 1829 3864 είς
1857 3781 2029 3874 ὑπερ-

442 3872 627 3945 εολὴν,
661 3875 739 3939 ὡς
765 3878 1038 3950 μηδεμίαν
1070 3883 1128 3934 ἐν
1155 3883 1290 3955 αὐτῇ
1318 3886 1744 3960 καταλειφθῆναι
1775 3872 2025 3963 δύναμιν.

456 3966 597 4019 Ἀλλ’
626 3968 909 4023 ἀναλαϐὼν
948 3974 1119 4044 αὐτὴν
1151 3977 1179 4028 6
1212 3976 1403 4049 Σωτὴρ
1437 3980 1804 4051 κατηρτίσατο
1831 3985 2024 4056 αὐτὴν,

441 4057 675 4128 ἐδράσας
719 4061 813 4114 ἐπὶ
855 4062 952 4135 τήν
996 4065 1202 4139 πέτραν
1249 4068 1347 4140 τὴν
1393 4071 1611 4143 ἀρραγῆ
1650 4074 1743 4126 καὶ
1776 4075 2025 4131 ἄσειστον

436 4150 561 4241 τῆς,
586 4152 749 4207 αὐτοῦ
784 4156 1038 4221 πίστεως·
1069 4159 1097 4212 ὂ
1136 4158 1199 4231 δὴ
1247 4162 1339 4215 καὶ
1380 4164 1745 4235 ἐπηγγείλατο
1774 4170 2023 4241 ποιήσειν

436 4240 629 4295 εἰπών’
665 4264 683 4295 ι
736 4245 859 4300 Ἐπὶ
884 4247 983 4319 τὴν
1008 4249 1214 4321 πέτραν
1244 4253 1584 4325 οἰκοδομήσω
1624 4274 1724 4327 μου
1754 4259 1853 4329 τὴν
1892 4240 2021 4315 Ἑκ-

436 4334 686 4406 κλησίανο
725 4340 821 4395 καὶ
854 4341 1016 4397 πύλαι
1046 4344 1173 4415 ᾅδου
1207 4348 1268 4400 ού
1304 4349 1723 4419 κατισχύσουσιν
1758 4355 1951 4425 αὐτῆς.
1994 4375 2015 4409 ι

444 4427 714 4500 Ἐδράσας
737 4432 794 4486 δὲ
820 4434 992 4506 αὐτὴν
1020 4438 1114 4490 καὶ
1143 4442 1635 4513 καταρτισάμενος,
1658 4445 1727 4499 τὰ
1752 4444 1866 4511 ξῶα
1892 4451 2019 4502 ἐαυ-

430 4518 526 4573 τοῦ
575 4522 879 4594 κατῴκισεν
921 4530 979 4581 ἐν
1021 4529 1179 4601 αὐτῇ.
1217 4530 1340 4585 Ζῶα
1377 4534 1434 4586 δέ
1474 4535 1594 4589 τίνα
1618 4536 1683 4589 ἂν
1715 4539 1889 4603 εἴποις
1921 4539 2015 4594 τοῦ

429 4612 623 4723 Θεοῦῆ
653 4616 847 4723 τὰς’ὲκ
887 4621 990 4723 της
1031 4624 1161 4723 παρ’
1193 4624 1342 4696 αύτῷ
1386 4626 1531 4698 ζωῆς
1573 4629 1882 4702 άρυομένας
1915 4634 2010 4687 καὶ
2039 4666 2086 4723 D

430 4710 868 4779 ζωοποιουμένας
917 4713 1125 4785 ψυχάς
1178 4718 1289 4772 Καὶ
1339 4719 1513 4774 ταῦτα
1555 4723 1763 4788 πάντα,
1811 4710 2051 4796 (metu:

433 4816 452 4889 ι
488 4800 792 4871 ἡτοίμασας
836 4825 854 4856 ι
894 4806 981 4861 διὰ
1008 4810 1109 4880 τῆς
1157 4811 1257 4883 σῆς
1298 4815 1664 4887 χρηστότητος
1700 4818 1795 4871 καὶ
1819 4819 2009 4889 φιλαν-

429 4886 754 4962 θρωπίας,ῆ
785 4892 874 4947 διὰ
914 4914 933 4947 ι
973 4897 1073 4967 τῆς
1103 4899 1204 4970 σῆς
1237 4886 1617 4974 ἀγαθωσύνης,
1656 4925 1674 4957 ι
1702 4886 1843 4963 κατᾶ
1882 4911 2009 4976 τοὺς

425 4978 647 5071 λοιποὺς
686 4986 1056 5058 ἐρμηνευτὰς,
1096 5008 1114 5041 ι
1160 4992 1238 5063 τῷ
1278 4995 1500 5067 πτωχῷ.
1537 5018 1556 5049 ›
1590 5000 1811 5071 Πτωχὸν
1839 5002 1895 5056 δὲ
1928 5005 2011 5057 ἐν·

423 5069 598 5166 ταῦθα
632 5074 868 5147 κέκληκε
901 5082 1181 5150 μυστικῶς
1222 5085 1311 5139 τὸν
1343 5088 1484 5142 κατὰ
1516 5090 1693 5161 σάρκα
1719 5069 2008 5166 άνθρωπον

423 5163 802 5256 τοῦΣωτῆρος
831 5170 1009 5241 ήμῶν,
1036 5174 1095 5238 ὃς
1131 5193 1151 5226 ι
1190 5177 1446 5243 πλούσιος
1480 5179 1556 5234 ῶν
1597 5163 1907 5256 ἐπτώχεύσε
1939 5187 2006 5242 δι’

630 5256 905 5346 ἵνανήμεῖς
937 5266 1003 5335 τῇ
1034 5265 1198 5319 αὐτοῦ
1240 5270 1483 5341 πτωχεία
1522 5255 1933 5346 πλουτήσωμεν.
1980 5297 2002 5331 ι

436 5341 652 5414 Ἑδήλου
688 5345 754 5415 .δέ
794 5349 959 5403 αὐτοῦ
1010 5353 1123 5424 τὴνο
1155 5356 1426 5427 πτωχείαν
1471 5361 1564 5415 καὶ⁹
1605 5341 1767 5427 αὐτὸς
1811 5341 2005 5434 λέγων·

429 5452 448 5482 ι
480 5434 698 5529 Μάῄθετε
727 5438 822 5491 ἀπ’
861 5441 997 5512 ἐμοῦ
1016 5484 1030 5509 ,
1064 5445 1145 5500 ὅτι
1184 5452 1356 5522 πρᾶός
1388 5456 1501 5525 είμι
1531 5457 1625 5509 καὶ
1650 5458 1904 5520 ταπεινὸς
1934 5460 2000 5529 τῇ

422 5524 640 5621 καρδίᾳ.
674 5546 719 5621 Α»
764 5530 952 5605 Τούτῳ
983 5532 1076 5590 οῦν
1108 5539 1185 5611 τῷ
1213 5545 1415 5616 πτωχῷ
1451 5548 1481 5600 ὁ
1516 5546 1649 5611 Θεὸς
1690 5548 1784 5601 καὶ
1814 5524 2005 5621 Πατὴρ

421 5614 589 5668 αὐτοῦ
632 5619 700 5690 τῇ
741 5620 906 5676 αὑτοῦ
935 5626 1314 5703 φιλανθρωπίᾳ
1338 5614 1442 5687 καὶ
1486 5636 1811 5709 χρηστότητι
1856 5614 2006 5709 ήτοῖ-

501 5799 717 5891 ’ἱξέειι
770 5822 832 5874 ιι,
874 5810 923 5875 7,
958 5813 1011 5867 8.
1093 5813 1300 5870 "Psal.
1355 5833 1504 5884 Lm,
1536 5817 1587 5875 6.
1669 5823 1711 5853 πο
1741 5821 1906 5879 Marc.
1943 5842 1995 5891 κ,
2032 5865 2034 5873 η

2163 5828 2204 5861 ³⁸
2236 5824 2423 5881 Matth.
2465 5842 2555 5891 xv,
2593 5826 2679 5883 18.

423 5882 496 5932 xl,
527 5870 615 5927 29.

2144 3332 2446 3387 secundum
2500 3333 2788 3402 Aquilam,
2869 3352 2888 3385 ι
2920 3334 3259 3389 laborantem
3290 3376 3305 3396 ,
3369 3336 3599 3406 inquit,
3665 3346 3725 3391 tu

2144 3422 2387 3479 fundasti
2440 3437 2601 3491 eam;
2663 3444 2681 3475 ι
2741 3424 3045 3479 secundum
3106 3423 3497 3497 Symmachum
3570 3443 3723 3491 vero,

2146 3533 2357 3588 (quam
2411 3518 2730 3582 elaborasti,
2785 3518 3001 3589 inquit,
3067 3527 3121 3573 et
3164 3517 3428 3575 fundasti.
3460 3540 3479 3572 ι
3538 3519 3725 3592 Neque

2139 3611 2327 3666 multis
2349 3625 2487 3680 opus
2533 3610 2880 3665 sermonibus
2923 3616 3007 3665 est
3053 3610 3122 3664 ad
3167 3610 3558 3666 declarandum
3613 3628 3724 3682 quo

2136 3715 2299 3773 pacto
2326 3702 2573 3774 gentium
2606 3701 2852 3757 Ecclesia
2904 3702 3113 3772 pridem
3140 3701 3378 3768 defessa,
3408 3703 3718 3759 laboribus-

2136 3808 2243 3863 que
2271 3792 2480 3849 erroris
2516 3791 2787 3848 idolorum
2820 3793 3071 3848 confecta
3106 3800 3272 3856 esset,
3307 3808 3373 3847 ac
3406 3808 3573 3862 supra
3600 3810 3720 3846 mo-

2136 3885 2522 3948 duminﬁrma,
2552 3892 2613 3937 ut
2642 3884 2794 3939 nulla
2853 3884 2961 3954 ipsi
3020 3884 3197 3938 virtus
3250 3890 3585 3955 superesset.
3614 3882 3723 3938 Sed

2134 3980 2307 4049 ipsam
2344 3978 2605 4034 Servator
2643 3985 2958 4047 susceptam
3002 3977 3255 4048 perfecit,
3289 3978 3454 4047 inque
3480 3976 3637 4031 ﬁrma
3664 3985 3723 4033 et

2134 4070 2357 4125 immota
2384 4080 2540 4141 petra
2598 4070 2723 4125 fidei
2764 4085 2878 4126 suae
2943 4068 3234 4124 fundavit:
3266 4070 3414 4140 quod
3452 4084 3512 4125 se
3546 4068 3723 4125 factu-

2132 4178 2252 4216 rum
2290 4159 2575 4233 pollicitus
2610 4172 2730 4219 erat
2763 4164 2994 4219 dicens:
3034 4181 3051 4213 ι
3094 4162 3270 4234 Supra
3306 4172 3515 4234 petram
3548 4164 3719 4219 aediﬁ-

2130 4253 2273 4314 cabo,
2314 4251 2615 4309 Ecclesiam
2651 4270 2851 4317 meam,
2885 4260 2939 4309 et
2972 4260 3144 4325 portae
3184 4254 3345 4308 inferi
3375 4270 3484 4309 non
3518 4270 3721 4325 praeva-

2128 4346 2319 4402 lebunt
2350 4346 2616 4403 adversus
2645 4362 2786 4402 eam.
2822 4349 2889 4401 υ.
2930 4366 2948 4399 ι
2976 4346 3277 4417 Postquam
3319 4362 3451 4404 vero
3474 4347 3721 4403 fundavit

2126 4447 2182 4495 et
2208 4439 2439 4511 perfecit
2469 4480 2483 4504 ,
2520 4438 2781 4493 animalia
2820 4454 2920 4495 sua
2945 4438 3195 4493 habitare
3232 4438 3358 4494 fecit
3389 4441 3445 4494 in
3476 4456 3562 4496 ea.
3588 4439 3720 4495 Ani-

2125 4534 2289 4588 malia
2316 4548 2451 4588 vero
2488 4531 2582 4587 Dei
2612 4546 2734 4602 quae
2778 4531 2987 4587 dixeris
3016 4547 3160 4596 esse,
3196 4533 3305 4587 nisi
3338 4532 3553 4588 animas
3604 4536 3716 4587 vita

2125 4640 2246 4695 quae
2277 4624 2420 4695 apud
2449 4623 2630 4693 ipsum
2659 4633 2762 4687 est,
2789 4624 3090 4680 instructas
3119 4632 3173 4679 et
3202 4624 3550 4680 donatas?Et
3575 4625 3690 4681 haec

2115 4716 2316 4787 inquit,
2348 4715 2533 4770 omnia
2564 4729 2662 4784 per
2676 4714 3021 4769 dulcedinem
3034 4722 3088 4770 et
3116 4716 3514 4799 humanitatem
3537 4705 3714 4799 tuam:

2116 4786 2232 4865 sive
2274 4823 2375 4878 per
2404 4827 2423 4860 ι
2454 4808 2756 4863 bonitatem
2792 4813 2942 4861 tuam
2967 4827 2984 4860 ›
3021 4786 3325 4864 secundum
3356 4810 3601 4880 reliquos
3625 4786 3714 4865 in:

2115 4909 2403 4974 terpretes,
2423 4918 2443 4951 ι
2469 4900 2696 4972 pauperi
2728 4900 2967 4970 parasti.
2997 4920 3016 4952 ι
3036 4899 3342 4971 Pauperem
3379 4902 3466 4956 hic
3482 4904 3714 4973 mystice

2116 5006 2276 5052 vocat
2302 4994 2579 5049 hominem
2605 4992 2909 5047 Salvatoris
2936 4993 3116 5049 nostri
3140 4995 3439 5050 secundum
3464 5009 3707 5059 carnem,

2118 5087 2211 5158 qui
2240 5106 2265 5138 ι
2290 5100 2415 5140 cum
2441 5085 2597 5140 dives
2615 5094 2779 5150 esset,
2797 5101 3002 5156 egenus
3031 5093 3255 5156 pr0pter
3275 5101 3378 5141 nos
3399 5085 3574 5143 factus
3599 5096 3708 5152 est,

2117 5189 2177 5236 ut
2209 5196 2313 5235 nos
2344 5179 2465 5248 ejus
2506 5177 2693 5248 inopia
2722 5178 2923 5233 divites
2947 5193 3201 5235 essemus
3230 5181 3297 5232 ”.
3340 5199 3358 5231 ›
3382 5178 3549 5233 Suam
3579 5195 3709 5236 vero

2116 5275 2233 5345 ipse
2262 5272 2499 5343 inopiam
2532 5272 2618 5325 his
2650 5271 2835 5326 verbis
2866 5269 3166 5325 declaravit
3194 5287 3207 5322 :
3243 5289 3261 5321 ι
3300 5269 3505 5327 Discite
3531 5287 3561 5326 a
3595 5288 3703 5339 nte,

2119 5366 2250 5438 quia
2281 5365 2428 5419 mitis
2463 5379 2585 5420 sum
2638 5370 2695 5417 et
2738 5362 2963 5417 humilis
2988 5362 3155 5417 corde
3188 5361 3255 5416 ".
3297 5383 3316 5415 ›
3366 5360 3506 5419 Huic
3538 5364 3705 5435 igitur

2111 5457 2339 5534 pauperi
2377 5454 2520 5511 Deus
2541 5462 2596 5511 et
2624 5454 2786 5509 Pater
2808 5455 2928 5525 ejus
2947 5456 3284 5511 humanitate
3317 5471 3382 5511 ac
3411 5457 3705 5516 dulcedine

2111 5566 2211 5610 sua
2240 5547 2503 5619 praedicta
2524 5548 2709 5601 omnia
2766 5546 3130 5617 praeparavit;
3179 5547 3429 5604 videlicet
3457 5549 3698 5619 pluviam

2112 5642 2508 5706 voluntariam,
2551 5640 2833 5711 prmfatain
2871 5639 3244 5695 hmreditatem
3291 5650 3346 5697 et
3397 5655 3698 5698 memorata

2795 5830 2842 5859 ²²
2875 5826 2918 5880 ll
2946 5827 3073 5884 Cor.
3104 5844 3222 5893 vm,
3258 5829 3312 5882 9.
3429 5830 3476 5861 ³³
3501 5830 3688 5884 Matth.
