4146 6390
437 450 543 503 695

1137 444 1405 501 EUSEBII
1444 446 1923 502 CESARlENSlS
1963 445 2114 502 OPP.
2156 447 2337 501 PARS
2375 447 2461 502 ill.
2504 477 2572 487 —
2612 445 3032 502 EXEGETICA.

3587 448 3704 504 '696

436 569 713 622 animalia.
750 564 1117 632 Quamobrem
1174 573 1299 635 post
1353 566 1469 622 haec
1511 567 1696 622 omnia
1729 565 1963 622 i'nl'ertur
2001 584 2009 617 :

2128 584 2267 638 μασε
2317 565 2385 620 τὰ
2431 565 2800 638 προλεχθέντα
2832 567 3028 618 πάντα·
3061 563 3205 633 λέγω
3248 565 3306 619 δέ
3337 565 3435 635 τὴν
3460 565 3704 618 ἑκούσιον

441 678 460 710 ‹
483 655 695 712 Parasti
722 657 776 710 in
809 655 1101 711 dulcedine
1151 665 1245 710 tua
1272 658 1520 728 pauperi.
1576 657 1841 715 Dominus
1865 658 2016 713 dabit

432 749 658 805 verbum
685 748 1194 819 evangelizantibus
1224 751 1426 804 virtute
1458 752 1650 805 multa.
1692 771 1712 804 ι
1745 750 1870 807 Haec
1891 760 2019 805 sunt

431 841 690 909 praeclara
721 838 938 895 Domini
985 855 1174 910 Opera,
1209 841 1303 910 qui
1364 843 1613 898 ascendit
1643 860 1810 915 super
1855 860 2018 900 occa-

431 949 572 988 sum.
601 931 873 1000 Quoniam
907 949 1038 988 vero
1069 948 1132 987 ea
1163 933 1423 989 omnibus
1451 935 1723 990 declarari
1751 937 2016 1008 oportuit,

431 1025 484 1079 id
507 1027 672 1081 etiam
708 1026 830 1096 ipse
885 1024 1152 1081 Dominus
1206 1034 1329 1095 post
1351 1027 1560 1096 reliqua
1605 1030 1788 1083 omnia
1833 1028 2015 1084 ellic'rt.

428 1117 712 1186 Quomodo
760 1127 817 1173 et
858 1135 965 1189 qua
998 1120 1258 1173 ratione?
1287 1118 1615 1177 Hominibus
1662 1123 1883 1193 quidem
1924 1125 2016 1194 qui

428 1225 528 1265 nec
552 1210 833 1280 proprium
860 1212 1087 1266 verbum
1117 1227 1218 1266 nec
1250 1213 1527 1282 propriam
1557 1214 1884 1284 sapientiam
1919 1215 2017 1270 ha-

427 1305 576 1368 bent,
605 1303 700 1359 sed
731 1303 826 1374 qui
861 1305 1091 1359 omnino
1152 1307 1320 1362 rudes
1346 1315 1400 1362 et
1420 1307 1684 1362 ineruditi
1712 1315 1862 1373 sunt,
1900 1309 2017 1379 ipse

424 1395 653 1449 verbum
705 1395 1079 1465 suppeditabit
1125 1397 1345 1467 plenum
1406 1399 1765 1453 inenarrabili
1796 1399 2014 1451 virtute.

424 1484 529 1555 ipsi
591 1501 721 1540 vero
759 1487 1005 1541 roborati
1055 1494 1108 1542 et
1164 1489 1370 1544 tradito
1413 1490 1520 1545 sibi
1576 1491 1742 1545 verbo
1795 1489 2014 1557 diserti,

423 1591 704 1646 prtecones
734 1577 1006 1633 bonorum
1062 1580 1233 1634 totius
1265 1581 1457 1635 mundi
1511 1582 1938 1642 constituentur,
1963 1592 2019 1634 ut

423 1679 725 1725 memorata
761 1669 1078 1728 hominibus
1134 1675 1396 1730 omnibus
1450 1677 1801 1730 annuntient.
1838 1675 2020 1742 Quare

421 1771 823 1830 consequenter
851 1772 977 1834 post
1008 1766 1268 1834 praeclara
1323 1765 1414 1821 illa
1470 1765 1686 1822 Domini
1719 1783 1887 1838 Opera
1922 1768 2018 1822 ad-

417 1853 609 1922 jicitur
634 1852 767 1907 illud
812 1872 826 1907 :

2122 659 2341 730 βροχὴν,
2370 657 2467 728 τὴν
2491 656 2820 728 δηλωθεῖσαν
2843 655 3226 726 κληρονομίαν,
3249 655 3316 708 τὰ
3340 654 3702 726 προλεχθέντα

2119 751 2255 816 ζῶα.
2292 749 2383 802 Διὸ
2425 751 2535 812 τοῖς
2583 750 2748 800 πᾶσιν
2785 750 3138 819 ἐπενήνεκται
3173 747 3271 810 τὸ,
3309 764 3329 798 ε
3372 747 3702 815 Ἠτοίμασας

2120 845 2178 895 ἐν
2223 844 2287 913 τῇ
2323 839 2652 911 χρηστότητί
2703 855 2796 891 σου
2840 839 2916 909 τῷ
2961 838 3180 908 πτωχῷ.
3223 837 3428 910 Κύριος
3455 837 3616 891 δώσει
3645 839 3704 890 τὸ

2121 934 2270 1004 ῥῆμα
2319 935 2432 995 τοῖς
2481 931 2991 1002 εύαγγελιζομὲνοις
3037 931 3263 1000 δυνάμει
3316 930 3505 1001 πολλῇ.
3561 949 3580 981 ι
3623 931 3701 984 Τὰ

2125 1026 2221 1095 μὲν
2287 1023 2688 1096 κατορθώματα
2739 1022 2833 1076 τοῦ
2887 1021 3278 1092 ἐπιϐεϐηκότος
3330 1023 3424 1075 ἐπὶ
3483 1022 3700 1094 δυσμῶν

2120 1117 2328 1188 Κυρίου
2355 1115 2600 1170 τοιαῦτα.
2643 1116 2798 1168 Ἐπεὶ
2827 1115 2871 1168 δ’
2905 1115 3072 1186 ἐχρῆν
3097 1114 3236 1168 αύτά
3266 1113 3567 1178 ὲξάκουστα
3597 1116 3702 1168 πᾶ-

2121 1227 2205 1262 σιν
2242 1208 2549 1280 ἀνθρώποις
2579 1207 2854 1277 γενέσθαι,
2902 1207 3065 1259 πάλιν
3096 1209 3124 1260 6
3167 1207 3329 1270 αὐτὸς
3367 1207 3569 1279 Κύριος
3607 1211 3700 1262 καὶ

2117 1303 2278 1355 τοῦτο
2319 1301 2459 1374 πρὸς
2497 1303 2613 1364 τοῖς
2656 1299 2837 1363 ἄλλοις
2880 1301 3136 1354 ἐπιτελεῖ.
3184 1297 3310 1361 Πῶς
3344 1299 3402 1351 δὲ
3448 1300 3542 1352 καὶ¹
3580 1299 3700 1352 τίνα

2117 1395 2348 1467 τρόπον;
2407 1393 2740 1464 Ἀνθρώποις
2789 1393 2862 1464 μὴ
2902 1392 3115 1463 ἔχουσιν
3167 1392 3298 1445 ἴδιον
3342 1391 3534 1460 λόγον,
3567 1391 3700 1462 μηδὲ

2119 1487 2325 1540 οἰκείαν
2377 1485 2590 1554 σοφίαν,
2627 1484 2908 1547 παντελῶς
2951 1484 3007 1537 δέ
3058 1481 3296 1546 ἰδιώταις
3336 1484 3700 1554 ἀνεπιστήμο-

2121 1594 2226 1641 σιν,
2275 1576 2436 1636 αὐτὸς
2481 1575 2872 1646 ἐπιχορηγήσει
2924 1574 3076 1644 ῥῆμα
3111 1574 3306 1645 μεστὸν
3350 1573 3557 1642 ἀφάτου
3605 1574 3699 1626 καὶ

2120 1670 2322 1741 πολλῆς
2361 1670 2660 1739 δυνάμεως.
2710 1669 2772 1720 Οί
2813 1668 2870 1720 δὲ
2916 1667 3323 1738 δυναμωθέντες
3361 1667 3455 1722 καὶ
3487 1683 3698 1736 στομω-

2119 1762 2306 1825 θέντες
2341 1761 2444 1814 ὑπὸ
2471 1759 2564 1813 τοῦ
2602 1759 2937 1830 δωρηθέντος
2969 1761 3152 1822 αὐτοῖς
3187 1760 3428 1830 ῥήματος
3461 1759 3698 1829 κήρυκες

2119 1853 2338 1923 ἀγαθῶν
2384 1852 2478 1906 τοῦ
2523 1851 2723 1916 παντὸς
2767 1851 2971 1923 κόσμου
3004 1853 3435 1922 καταστήσονται
3468 1851 3697 1918 εὐαγγε-

421 1944 690 2016 λιζόμενοι
742 1949 908 2001 πᾶσιν
956 1948 1268 2020 ἀνθρώποις
1313 1951 1382 2004 τὰ
1433 1953 1865 2025 προλελεγμένα.
1920 1952 2012 2005 Διὸ
2051 1949 2363 2012 ἀκολούθως
2398 1953 2512 2012 τοῖς
2552 1946 2647 2001 τοῦ
2681 1948 2888 2002 Κυοίου
2957 1946 3377 2018 κατορθώμασιν
3443 1949 3699 2019 ἐπενήνε-

420 2055 543 2092 κται
570 2040 630 2092 τό
661 2058 674 2071 ·

495 2177 514 2208 ι
549 2157 817 2216 Dominus
840 2163 991 2218 dabit
1016 2164 1242 2219 verbum
1271 2168 1778 2238 evangelizantibus
1813 2169 2014 2225 virtute
2044 2176 2088 2232 Β

419 2250 610 2304 multa.
653 2271 670 2303 ι
693 2251 1077 2309 Necessarium
1105 2271 1238 2310 vero
1282 2257 1386 2312 fuit
1416 2259 1468 2313 id
1505 2276 1606 2315 nos
1637 2277 1995 2332 cognoscere,

418 2343 547 2411 quia
570 2345 828 2416 superius
855 2347 1078 2417 quidam
1119 2348 1266 2418 jussi
1298 2359 1428 2406 sunt
1455 2335 1657 2407 canere
1687 2365 1740 2408 et
1772 2353 2009 2424 psallere

417 2431 550 2500 Deo,
585 2435 798 2504 iterque
830 2436 1012 2492 facere
1045 2438 1093 2493 ei
1119 2439 1214 2510 qui
1242 2441 1494 2496 ascendit
1521 2458 1687 2513 super
1709 2459 2005 2499 occasum:

418 2524 580 2595 idque
611 2524 854 2580 declarat
909 2527 1100 2585 dicens
1139 2549 1151 2584 :
1190 2549 1209 2583 ι
1249 2528 1530 2589 Dominus
1578 2535 1731 2590 dabit
1783 2536 2007 2591 verbum

416 2617 922 2687 evangelizantibus
962 2620 1166 2676 virtute
1214 2623 1403 2678 multa.
1448 2644 1466 2676 ι
1517 2623 1613 2680 llis
1655 2627 1802 2681 enim
1836 2642 2006 2682 evan-

416 2708 805 2776 gelizantibus,
831 2709 924 2780 qui
962 2727 1063 2766 suo
1085 2713 1152 2767 ad
1179 2713 1430 2770 homines
1452 2716 1712 2771 transitui
1746 2718 1890 2771 viam
1919 2735 2010 2788 pa-

418 2798 642 2863 rabunt,
687 2798 804 2869 ipse
839 2802 933 2872 qui
974 2803 1389 2858 annuntiandus
1420 2805 1488 2860 ab
1541 2807 1676 2875 ipsis
1720 2818 1824 2870 est.
1856 2808 2010 2864 dabit

419 2892 644 2946 verbum
675 2892 946 2949 divinum.
981 2893 1116 2948 Nam
1147 2895 1304 2950 multi
1363 2905 1520 2951 erant
1563 2899 1810 2968 ejusdem
1853 2902 2007 2956 verbi

417 2998 651 3054 capaces
683 3001 807 3039 cum
840 2987 1044 3042 virtute
1074 2987 1244 3040 multa
1271 3007 1285 3041 :
1317 3005 1685 3061 magnumque
1720 2992 1854 3062 ipsis
1892 3004 2008 3047 erat

419 3076 734 3146 hujusmodi
764 3078 1012 3140 verbum,
1045 3081 1190 3150 quod
1223 3080 1288 3134 ad
1331 3079 1610 3150 Evangelii
1641 3085 2005 3140 ministerium

419 3171 714 3228 suﬂiceret.
756 3171 879 3243 Ipse
919 3188 1157 3244 namque
1214 3173 1482 3230 Dominus
1536 3175 1840 3246 perlectum
1889 3187 2007 3232 erat

417 3261 512 3318 Dei
546 3262 808 3318 Verbum.
836 3262 876 3316 li
910 3280 1038 3319 vero
1069 3266 1163 3336 qui
1190 3267 1415 3320 verbum
1476 3277 1808 3338 acceperunt
1853 3268 2004 3324 brevi

415 3354 660 3426 quodam
710 3355 932 3412 virtutis
969 3356 1091 3426 ejus
1140 3357 1323 3412 alliatu
1362 3357 1592 3427 dignati,
1643 3359 1842 3413 virtute
1881 3375 2004 3413 cum

418 3447 589 3501 multa
613 3446 995 3516 prwdicantes,
1023 3449 1343 3504 universum
1367 3449 1554 3503 orbem
1597 3448 1888 3520 Evangelio
1919 3468 2005 3506 re-

417 3540 705 3608 pleverunt
744 3539 934 3610 :quod
965 3540 1082 3610 ipse
1114 3540 1306 3596 iisdem
1356 3541 1635 3610 pollicitus
1684 3519 1772 3597 his
1823 3543 2004 3598 verbis
2031 3519 2072 3574 Ο

415 3640 535 3684 erat
568 3650 580 3685 :
623 3649 641 3682 ε
669 3629 781 3684 Vos
810 3641 989 3686 autem
1020 3632 1304 3702 accipietis
1331 3633 1587 3688 virtutem
1614 3635 2004 3703 supervenien-

419 3725 489 3780 tis
527 3723 768 3795 Spiritus
812 3724 990 3778 sancti
1021 3725 1076 3777 in
1122 3740 1218 3778 vos
1242 3724 1322 3789 “;
1358 3744 1376 3776 ι
1409 3722 1721 3779 Secundum
1756 3725 2004 3797 Symma-

416 3816 580 3871 chum
639 3824 874 3871 autcm:
942 3836 960 3868 ι
1026 3814 1314 3878 Dominus,
1386 3818 1586 3887 inquit,
1641 3818 1790 3873 dedit
1838 3821 2003 3874 verba

417 3910 819 3980 evangelizanti
848 3909 1116 3965 exercitui
1147 3912 1340 3964 multo.
1387 3929 1404 3961 ι
1435 3909 1630 3981 lugens
1654 3921 1835 3968 autem
1887 3923 2005 3968 erat

418 4003 720 4059 Salvatoris
751 4004 922 4060 nostri
954 4003 1248 4068 exercitus,
1300 4019 1490 4058 eorum
1552 4005 1762 4059 scilicet
1803 4006 2003 4076 quibus

417 4097 582 4150 verba
633 4096 724 4149 illa
757 4095 883 4149 data
916 4105 969 4149 et
1012 4094 1336 4147 annuntiata
1375 4093 1592 4148 fuerant
1622 4113 1636 4160 ;
1678 4095 1854 4165 primo
1876 4095 2000 4165 qui-

416 4185 541 4239 dem
575 4185 950 4254 apostolorum
986 4183 1274 4238 duodecim
1299 4203 1313 4250 ;
1341 4185 1583 4239 secundo
1603 4187 2000 4256 discipulorum

417 4276 798 4346 septuaginta;
845 4283 1040 4346 prazter
1083 4275 1198 4331 haec
1235 4293 1366 4332 vero
1397 4277 1632 4331 aliorum
1677 4281 2004 4350 quingento-

417 4381 563 4428 rum,
588 4365 791 4436 quibus
815 4366 983 4420 simul
1013 4373 1136 4436 post
1162 4368 1623 4422 resurrectionem
1653 4371 1927 4440 apparuit,
1948 4381 2003 4424 ut

415 4457 638 4512 divinus
684 4456 982 4526 Apostolus
1009 4455 1335 4512 testificatur
1368 4457 1452 4512 bis
1475 4459 1657 4513 verbis
1693 4478 1707 4516 :
1743 4481 1760 4513 ι
1800 4459 2003 4517 Deinde

415 4549 568 4605 visus
591 4555 678 4603 est
717 4549 1021 4619 plusquam
1063 4549 1379 4618 quingentis
1413 4549 1676 4605 fratribus
1698 4552 1861 4608 simul
1895 4570 1908 4608 :
1937 4567 2004 4608 ex

415 4641 617 4710 quibus
647 4640 805 4694 multi
855 4648 1080 4695 manent
1112 4656 1285 4711 usque
1330 4642 1530 4709 adhuc,
1563 4644 1782 4714 quidam
1821 4657 2002 4701 autem

414 4733 760 4789 dormierunt
789 4734 875 4800 ²⁸;
913 4751 930 4784 ι
959 4743 1146 4803 postea
1179 4734 1461 4804 subjungit
1493 4753 1504 4789 :
1554 4754 1573 4788 ι
1611 4735 1815 4792 Deinde
1849 4740 2002 4795 visus

414 4833 499 4881 est
555 4826 819 4896 apostolis
875 4825 1133 4880 onmibus
1167 4827 1236 4878 ³⁸.
1279 4846 1297 4878 ι
1360 4826 1427 4880 Et
1469 4835 1626 4882 erant
1680 4845 1813 4885 sane
1873 4847 1998 4886 cum

416 4918 524 4973 illis
563 4917 875 4981 duodecim,
927 4932 1056 4972 cum
1094 4917 1202 4974 illis
1243 4919 1616 4990 septuaginta,
1650 4929 1705 4976 et
1734 4938 1858 4977 cum
1893 4924 2000 4980 illis

415 5008 750 5078 quingentis,
808 5008 899 5063 alii
949 5010 1086 5063 bene
1137 5010 1295 5064 multi
1360 5009 1637 5082 Evangelii
1697 5031 1997 5083 praaconcs,

415 5098 737 5168 apostolicis
787 5099 1150 5167 temporibus,
1193 5106 1401 5169 etpost
1457 5101 1579 5157 illos
1629 5103 1744 5167 alii,
1773 5104 1867 5174 qui
1903 5121 2001 5174 per

413 5196 587 5244 t0tum
613 5191 800 5244 orbem
836 5191 889 5244 in
919 5189 1179 5246 Ecclesiis
1201 5189 1552 5263 Evangelium
1582 5195 1710 5263 ejus
1734 5199 1999 5266 praedica—

417 5287 572 5344 runt,
594 5281 794 5350 quibus
833 5297 928 5336 rex
963 5281 1227 5336 virtutum
1277 5282 1472 5338 Dilecti
1505 5285 1760 5341 virtutem
1799 5304 1996 5358 suppe-

417 5368 649 5427 ditabat.
681 5371 817 5424 Alia:
847 5372 977 5426 item
1018 5380 1216 5441 praeter
1263 5374 1384 5428 illas
1417 5383 1575 5431 erant
1600 5374 1793 5432 Dilecti
1821 5380 1996 5435 virtu-

418 5467 523 5523 tes,
549 5461 804 5516 ccelestes
841 5463 1101 5517 nimirum
1138 5467 1435 5529 exercitus,
1465 5469 1665 5537 angeli,
1701 5471 1998 5543 archange-

418 5547 457 5599 li
484 5556 539 5602 et
568 5551 738 5604 divini
764 5553 1008 5622 spiritus.
1045 5553 1137 5609 Ha:
1160 5555 1392 5614 virtutes
1421 5557 1614 5614 Dilecti
1637 5569 1815 5616 erant.
1850 5561 1996 5629 Qua-

393 5707 398 5725 .-
487 5699 537 5734 ιι
559 5701 682 5757 Act.
721 5720 761 5769 ι,
795 5708 848 5761 8,
924 5708 1011 5760 ¹⁵1
1041 5709 1170 5763 Cor.
1209 5726 1296 5775 xv,
1339 5712 1394 5766 6.
1470 5713 1515 5748 “
1538 5714 1668 5769 ibid.
1699 5715 1746 5771 7.

493 5857 570 5928 (ιι)
613 5857 858 5929 Drusius,
887 5862 1422 5935 εύαγγελιζομένοις.

2194 2188 2212 2220 ι
2267 2165 2471 2237 Κύριος
2518 2162 2676 2216 δώσει
2715 2162 2865 2233 ῥῆμα
2910 2163 3025 2224 τοῖς
3063 2161 3564 2231 εύαγγελιζομένοις
3601 2160 3694 2214 δυ-

2111 2259 2270 2330 νάμει
2315 2257 2505 2327 πολλῇ.
2543 2275 2562 2306 ι
2609 2256 2928 2322 Ἀναγκαίον
2969 2253 3024 2307 δέ
3072 2249 3140 2324 ἦν
3181 2253 3382 2322 γνῶναι
3413 2255 3558 2324 ἡμᾶς
3603 2254 3694 2306 καὶ

2111 2355 2287 2407 τοῦτο.
2343 2349 2563 2420 Ἐπειδὴ
2606 2348 2863 2419 ἀνωτέρω
2919 2345 3315 2417 παρεκελεύετό
3361 2362 3500 2398 τισιν
3547 2345 3694 2416 ᾅδειν

2113 2445 2207 2500 καὶ
2253 2443 2477 2514 ψάλλειν
2519 2440 2595 2512 τῷ
2637 2439 2776 2511 Θεῷ,
2820 2441 3085 2493 ὁδοποιεῖν
3134 2455 3193 2491 τε
3234 2437 3312 2507 τῷ
3346 2436 3691 2506 ἐπιδεδηκότι

2109 2540 2202 2592 ἐπὶ
2254 2537 2510 2607 δυσμῶν,
2561 2533 2907 2605 παρέστησεν
2963 2529 3160 2584 εἰπών’
3213 2550 3230 2581 ι
3285 2530 3489 2601 Κύριος
3531 2529 3692 2583 δώσει

2111 2631 2265 2703 ῥῆμα
2299 2632 2411 2692 τοῖς
2446 2625 2956 2695 εύαγγελιξομένοις
3000 2621 3228 2692 δυνάμει
3274 2620 3461 2691 πολλῇ.
3502 2639 3520 2670 ι
3553 2618 3688 2672 T06-

2108 2739 2222 2785 τοις
2256 2721 2364 2792 γὰρ
2395 2723 2507 2783 τοῖς
2535 2714 3046 2786 εύαγγελιζομένοις
3069 2713 3162 2767 καὶ
3184 2711 3518 2766 ὁδοωιοῦσιν
3544 2710 3692 2780 αὐτῷ

2108 2813 2206 2886 τὴν
2233 2816 2311 2876 εἰς
2336 2810 2654 2883 ἀνθρώπους
2685 2806 2916 2878 πάροδον
2931 2805 3093 2868 αὐτὸς
3116 2807 3144 2858 6
3177 2805 3312 2877 πρὸς
3339 2804 3516 2858 αὐτῶν
3561 2822 3692 2857 κατ-

2109 2905 2504 2974 αγγελλόμενος
2563 2901 2724 2954 δώσει
2792 2899 2941 2970 ῥῆμα
3017 2896 3217 2951 θεῖκόν.
3275 2897 3529 2950 Τοσοῦτοι
3582 2896 3692 2966 γὰο

2106 2990 2246 3066 ἦσαν
2297 2991 2593 3065 χωρητικοὶ
2641 2989 2735 3042 σὺν
2783 2987 2950 3058 πολλῇ
2986 2987 3244 3059 δυνάμει·
3288 2987 3382 3041 καὶ
3427 2988 3566 3057 μέγα
3618 2983 3685 3056 ἦν

2109 3091 2292 3151 αὐτοῖς
2320 3088 2470 3140 τουτὶ
2495 3085 2555 3138 τὸ
2589 3084 2740 3155 ῥῆμα
2768 3083 2861 3135 καὶ
2901 3081 3171 3154 αὔταρκες
3201 3083 3279 3145 εἰς
3308 3080 3404 3150 τὴν
3444 3079 3535 3132 τοῦ
3583 3080 3690 3132 Εὐ-

2108 3177 2361 3246 αγγελίου
2405 3175 2704 3228 διακονίαν.
2755 3173 2926 3235 Αὐτὸς
2963 3172 3061 3242 μὲν
3107 3171 3212 3243 γὰρ
3244 3173 3272 3223 6
3300 3171 3504 3240 Κύριος
3544 3172 3573 3222 6
3603 3169 3691 3221 τέ-

2107 3271 2248 3332 λειος
2294 3264 2362 3339 ἦν
2395 3266 2488 3318 τοῦ
2533 3265 2669 3318 Θεοῦ
2704 3266 2895 3333 Λόγος.
2937 3265 2999 3316 Οἱ
3031 3262 3086 3315 δὲ
3123 3261 3275 3332 ῥῆμα
3312 3260 3567 3323 λαϐόντες
3596 3261 3691 3312 καὶ

2108 3362 2365 3433 βραχείας
2393 3361 2536 3424 τινὸς
2558 3359 2658 3429 τῆς
2685 3357 2847 3410 αὑτοῦ
2869 3357 3146 3426 δυνάμεως
3173 3353 3520 3424 ἐμπνεύσεως
3561 3369 3692 3404 κατ-

2107 3453 2428 3518 αξιωθέντες
2458 3451 2556 3522 τὴν
2613 3449 2905 3520 σύμπασαν
2948 3447 3218 3519 ἐπλήρουν
3245 3445 3566 3516 οἰκουμένην
3593 3443 3689 3496 τοῦ

2108 3543 2440 3614 Εὑαγγελίου
2485 3545 2581 3596 σὺν
2624 3540 3062 3613 πολλῇ·δυνάμει
3107 3537 3486 3609 κηρύττοντες.
3519 3535 3692 3589 Τοῦτο

2108 3639 2236 3707 γοῦν
2266 3637 2356 3690 καὶ
2392 3635 2696 3707 ἐπήγγελτο
2728 3637 2910 3698 αὐτοῖς
2930 3634 2995 3686 δι’
3023 3631 3214 3686 ἐαυτοῦ
3238 3633 3436 3701 φήσας·
3459 3651 3476 3681 ι
3501 3631 3694 3700 Ὑμεῖς

2107 3732 2164 3785 δὲ
2194 3730 2431 3801 λήψεσθε
2463 3729 2692 3799 δύναμιν
2721 3727 3039 3790 ἐπελθόντος
3065 3724 3157 3778 τοῦ
3188 3723 3342 3792 ἁγίου
3373 3722 3691 3793 Πνεύματος

2107 3824 2191 3892 ἐφ’
2223 3823 2387 3894 ὑμᾶς.
2423 3841 2440 3872 ›
2470 3822 2628 3874 Κατά
2657 3820 2711 3872 δὲ
2739 3819 2828 3872 τὸν
2855 3818 3169 3888 Σύμμαχον,
3201 3837 3218 3868 ι
3252 3815 3476 3887 Κύριος,
3501 3815 3686 3883 φησὶν,

2105 3914 2270 3968 ἔδωκε
2325 3916 2510 3984 ῥήσεις
2542 3913 2618 3981 (1)
2655 3909 3111 3981 εὐαγγελιζομένῃ
3150 3909 3376 3981 στρατιᾷ
3421 3906 3610 3976 πολλῇ.
3664 3925 3684 3956 ›

2105 4004 2339 4076 Στρατιὰ
2372 3999 2515 4075 δὲῆν
2548 4000 2833 4072 πολλὴτοῦ
2868 4000 3118 4071 Σωτῆρος
3146 3997 3301 4069 ήμῶν
3330 4000 3362 4068 ὴ
3395 3995 3500 4049 τῶν
3533 3997 3691 4064 εὐαγ-

2105 4095 2470 4166 γελιζομένων
2503 4095 2601 4157 τὰς
2629 4093 2874 4157 δοθείσας
2898 4093 3081 4155 αὐτοῖς
3112 4092 3316 4163 ῥήσεις,
3343 4087 3556 4160 πρῶτον
3589 4088 3689 4158 μὲν

2106 4187 2419 4240 ἀποστόλων
2468 4184 2557 4238 ιϐ’·
2592 4185 2791 4238 ἔπειτα
2839 4183 3094 4256 μαθητῶν
3125 4182 3187 4236 θ’·
3225 4184 3318 4236 καὶ
3358 4183 3447 4235 ἐπὶ
3479 4179 3689 4243 τούτοις

2105 4277 2308 4348 ἐτέρων
2345 4283 2416 4346 φ’,
2464 4273 2544 4339 οἷς
2575 4275 2787 4346 ἀθρόως
2827 4276 2998 4345 ἐφάνη
3049 4271 3188 4345 μετά
3232 4274 3332 4343 τὴν
3371 4271 3685 4333 ἀνάστασιν,

2105 4369 2181 4433 ώς
2210 4371 2238 4422 6
2274 4368 2413 4433 θεῖος
2446 4368 2829 4440 ἐμαρτύρησεν
2855 4367 3177 4430 Ἀπόστολος
3199 4364 3384 4420 εἰπών·
3411 4385 3428 4416 ε
3456 4365 3688 4416 Ἔπειτα

2106 4458 2263 4530 ῶφθη
2297 4460 2483 4513 ἐπάνω
2519 4465 2570 4528 φ’
2598 4459 2847 4529 ἀδελφοῖς
2877 4457 3112 4526 ἐφάπαξ·
3151 4455 3210 4522 ἐξ
3251 4449 3326 4508 ῶν
3366 4457 3412 4507 οἱ
3445 4453 3690 4515 πλείονες

2111 4553 2332 4626 μένουσι
2377 4551 2482 4616 ἕως
2529 4553 2685 4622 ἄρτι,
2719 4553 2861 4614 τινὲς
2899 4551 2955 4604 δὲ
3000 4551 3093 4604 καὶ
3129 4548 3512 4620 ἐκοιμήθησαν·
3555 4565 3572 4597 ι
3606 4540 3689 4608 οἷς

2106 4647 2365 4714 ἐπιλέγειο
2419 4663 2438 4697 ι
2473 4646 2704 4698 Ἔπειτα
2747 4643 2904 4714 ῶφθη
2938 4646 3048 4706 τοῖς
3094 4641 3411 4702 ἀποστόλοις
3439 4639 3622 4691 πᾶσιν.
3663 4655 3682 4686 ι

2105 4735 2285 4792 Ἷῐσαν
2314 4737 2423 4808 γὰρ
2454 4738 2572 4805 (sic)
2603 4732 2742 4807 ἦσαν
2787 4736 2879 4789 καὶ
2927 4735 3063 4806 μετά
3115 4736 3240 4797 τοὺς
3288 4733 3375 4797 ιϐ’,
3409 4732 3506 4785 καὶ
3549 4729 3688 4801 μετά

2104 4831 2231 4892 τοὺς
2280 4836 2343 4892 o',
2389 4828 2482 4881 καὶ
2539 4826 2678 4898 μετά
2708 4827 2835 4889 τοὺς
2879 4833 2928 4894 φ’
2957 4827 3136 4898 ἕτεροι
3185 4824 3402 4887 πλείους
3447 4823 3691 4893 κήρυκες

2107 4920 2198 4974 τού
2228 4917 2582 4988 Εὐαγγελίου,
2633 4917 2774 4970 κατά
2800 4934 2857 4969 τε
2893 4918 3019 4979 τοὺς
3050 4915 3273 4986 χρόνους
3302 4914 3428 4976 τοὺς
3460 4912 3690 4964 ἀποστο-

2106 5013 2312 5075 λικοὺς,
2347 5011 2440 5065 καὶ
2479 5012 2592 5080 μετ’
2629 5010 2870 5072 ἐκείνους
2908 5008 3083 5079 ἕτεροι
3119 5008 3169 5060 οἱ
3212 5006 3352 5060 κατά
3390 5005 3567 5056 πᾶσαν
3589 5000 3688 5070 τὴν

2105 5105 2428 5176 οίκουμένην
2463 5107 2521 5156 ὲν
2558 5106 2678 5166 ταῖς
2713 5101 3059 5172 Ἐκκλησίαις
3083 5098 3246 5153 αὑτοῦ
3268 5098 3328 5152 τὸ
3361 5094 3687 5164 Εὐαγγέλιον

2106 5197 2271 5252 αὑτοῦ
2298 5197 2678 5269 κηρύττοντες,
2702 5191 2782 5259 οἷς
2805 5199 2832 5249 6
2863 5193 3114 5265 βασιλεὺς
3146 5193 3253 5245 τῶν
3287 5189 3564 5260 δυνάμεων
3588 5186 3687 5258 τὴν

2103 5289 2195 5342 τοῦ
2233 5288 2541 5360 Ἀγαπητοῦ
2588 5289 2814 5358 δύναμιν
2866 5289 3138 5357 ἐχορήγει.
3177 5285 3400 5354 ’Ἐτεραι
3441 5281 3496 5333 δὲ
3537 5277 3687 5349 παρά

2103 5380 2328 5444 ταύταις
2355 5380 2448 5433 τοῦ
2486 5379 2794 5449 Ἀγαπητοῦ
2818 5379 3078 5448 δυνάμεις
3109 5373 3249 5448 ἦσαν
3284 5377 3338 5428 αἱ
3369 5374 3488 5427 κατ’
3522 5371 3686 5441 ούρα-

2103 5475 2194 5527 νὺν
2223 5474 2492 5546 στρατιαὶ,
2522 5472 2741 5541 ἄγγελοι
2776 5473 2869 5526 καὶ
2900 5469 3252 5544 ἀρχάγγελοι,
3276 5466 3370 5519 καὶ
3398 5463 3688 5536 πνεύματα

2105 5565 2244 5622 θεῖα.
2280 5561 2450 5621 Δῦται
2493 5564 2601 5637 γὰρ
2642 5560 2782 5637 ἦσαν
2824 5567 2878 5618 αἱ
2917 5563 3174 5635 δυνάμεις
3214 5559 3308 5614 τοῦ
3351 5556 3683 5630 Ἀγαπητοῠ.
