4128 6392
444 424 551 483 697

1573 414 2080 473 COMMENTARl-A
2117 415 2184 471 IN
2223 416 2566 477 PSALMOS.

3613 421 3720 477 €98

441 545 536 602 Διδ
563 543 771 618 Κύριος
811 542 922 597 τῶν
961 542 1246 614 δυνάμεων
1281 540 1664 611 ἀνηγόρευται.
1722 537 2005 610 Ἀγαπητδ

2133 553 2194 594 re
2223 538 2489 597 Dominus
2521 541 2786 596 virtutum
2830 550 3080 599 vocatur.
3130 543 3372 606 Dilectus
3401 551 3580 598 autem
3616 541 3711 598 Dei

438 637 500 693 δὲ
519 637 616 691 τοῦ
645 636 783 690 Θεοῦ
812 636 897 701 τίς
921 632 990 708 ἦν
1017 635 1051 708 ἢ
1093 637 1123 687 6
1150 633 1460 705 Μονογενὴς
1493 632 1622 696 Υἱὸς
1655 631 1747 686 τοῦ
1773 630 1940 696 Θεοῦὲ
1976 624 2021 698 ᾧ

438 734 473 804 ή
511 731 752 803 πατρικὴ
784 729 935 799 φωνὴ
966 727 1266 800 ἐμαρτύρει
1315 727 1534 798 φήσασα
1557 742 1570 756 ·
1604 743 1624 776 ι
1665 720 1835 788 Οῦτός
1875 726 2022 778 ἐστιν

437 826 468 878 ὁ
517 822 648 886 Υἱός
701 839 801 892 μου
845 823 876 874 6
914 820 1218 892 ἀγαπητὸς,
1254 821 1334 884 είς
1373 817 1432 870 ὃν
1473 816 1771 889 ηὑδόκησα·
1808 837 1826 868 ι
1854 808 2022 877 Οὗτος

435 909 618 964 τοίνυν
661 911 691 962 ό
736 909 991 980 βασιλεὺς
1038 909 1149 962 τῶν
1191 908 1293 962 τοῦ
1344 907 1654 980 Ἀγαπητοῦ
1695 907 1978 978 δυνάμεων
2003 943 2018 969 ,

437 1001 628 1075 ὥσπερ
669 1004 790 1065 ταῖς
838 1005 961 1055 κατ’
1009 1001 1234 1074 οὐρανὸν
1282 1001 1576 1072 δυνάμεσιν
1629 1002 1882 1073 ἐχορήγει
1922 1001 2021 1065 τὰς

435 1094 630 1150 ἑαυτοῦ
663 1095 1004 1166 εὐεργεσίας,
1039 1095 1214 1158 οὕτως
1250 1095 1346 1150 καὶ
1382 1097 1495 1158 τοῖς
1525 1096 1617 1149 ἐπὶ
1647 1094 1750 1166 γῆς
1791 1095 2021 1163 εὐαγγε-

435 1191 741 1262 λιζομένοις
776 1191 958 1244 δίδωσι
983 1189 1045 1242 τὸ
1082 1187 1434 1257 εὐαγγελικὸν
1471 1187 1624 1258 ρἧα
1663 1186 1759 1238 σὺν
1794 1185 2019 1256 δυνάμει

434 1265 626 1356 πολλῇ..
660 1285 772 1338 Καὶ
795 1283 949 1338 αὐτοὶ
985 1283 1044 1336 δὲ
1075 1265 1219 1338 οὗτοι
1247 1283 1297 1334 oi
1331 1281 1424 1334 ἐπὶ
1458 1280 1563 1350 γῆς
1594 1280 1846 1351 στρατιαὶ
1875 1273 2018 1349 ἦσαν

433 1376 601 1435 αὐτοῦ
644 1378 738 1431 καὶ
786 1375 1046 1446 δυνάμεις
1089 1372 1274 1428 αὑτοῦ.
1303 1372 1394 1426 Διὸ
1429 1369 1569 1424 κατά
1597 1370 1687 1423 τὸν
1723 1369 2017 1440 Σύμμαχον

431 1469 702 1526 λέλεκται·
741 1487 760 1519 ι
791 1465 1043 1528 Βασιλεῖς
1073 1464 1182 1517 τῶν
1224 1462 1523 1534 στρατειῶν
1562 1460 1950 1533 ἠγαπήθησαν,
1991 1479 2010 1512 ι

429 1563 488 1634 ἢ,
533 1561 810 1632 ἀγαπητοὶ
862 1559 1128 1628 ἐγένοντο.
1171 1556 1392 1619 Τούτοις
1434 1555 1491 1609 δὲ
1533 1555 1714 1618 αὐτοῖς
1757 1554 1852 1608 καὶ⁹
1889 1553 2017 1608 ἄλλο

429 1653 678 1726 χάρισμα
710 1652 1048 1724 ἐδωρήσατο·
1074 1648 1233 1704 τοῦτο
1271 1648 1328 1702 δὲ
1359 1644 1428 1720 ἦν
1456 1648 1518 1700 τὸ
1548 1646 1821 1706 διελέσθαι
1843 1645 2015 1700 σκύλα

427 1749 510 1810 είς
549 1746 861 1817 ὡραιότητα
897 1744 992 1797 τοῦ
1042 1743 1214 1798 οἴκου.
1275 1740 1560 1813 Ὠραιότης
1607 1741 1704 1811 μὲν
1754 1741 1904 1794 οἴκου
1945 1739 2016 1793 τὰ

426 1840 796 1913 διαπρέποντα
844 1839 903 1890 ἐν
943 1839 1010 1908 τῇ
1060 1834 1356 1906 Ἐκκλησία
1387 1832 1479 1888 τοῦ
1521 1833 1658 1886 Θεοῦ
1699 1832 1784 1904 εἴη
1817 1831 1883 1886 ἂν
1912 1831 2012 1885 τά-

2124 632 2250 703 quis
2276 631 2462 696 fuerit,
2493 632 2602 688 nisi
2632 631 2957 705 Unigenitus
2990 635 3162 693 Filius
3193 636 3309 700 Dei,
3343 636 3432 690 eui
3453 635 3570 690 haec
3618 651 3713 704 pa—

2123 732 2281 780 terna
2307 740 2415 780 vox
2441 724 2884 782 testiﬁcabatur:
2924 747 2942 780 ι
2983 727 3083 782 l-lic
3114 737 3200 783 est
3228 727 3400 784 Filius
3439 743 3594 782 meus
3627 727 3711 782 di-

2123 817 2320 881 lectus,
2363 817 2418 871 in
2451 833 2560 887 quo
2590 818 2722 872 mihi
2761 821 3071 889 complacui
3101 821 3189 874 '7?
3227 839 3245 872 ι
3273 819 3373 876 llic
3395 820 3575 890 itaque
3615 836 3708 874 rex

2121 909 2384 962 virtutum
2413 907 2625 972 Dilecti,
2655 910 3114 980 quemadmodum
3146 912 3463 980 coelestibus
3483 911 3707 964 virtuti-

2121 1001 2224 1055 bus
2257 1001 2522 1056 beneﬁcia
2567 1018 2668 1057 sua
2713 1004 3202 1070 subministrabat,
3238 1007 3316 1061 sic
3345 1014 3400 1060 et
3429 1004 3707 1075 evangeli~

2121 1091 2377 1146 zantibus
2423 1094 2479 1146 in
2529 1100 2676 1148 terra
2725 1094 2954 1150 verbum
3011 1095 3106 1150 dat
3165 1097 3537 1167 evangelicum
3579 1110 3704 1149 cum

2121 1181 2323 1236 virtute
2357 1183 2548 1236 multa.
2580 1182 2622 1236 li
2656 1199 2786 1238 vero
2837 1185 2963 1254 ipsi,
2997 1187 3090 1255 qui
3147 1185 3202 1239 in
3236 1193 3382 1240 terra
3413 1186 3704 1256 degebant,

2119 1275 2396 1330 exercitus
2425 1283 2479 1330 et
2509 1276 2744 1331 virtutes
2785 1278 2907 1347 ejus
2955 1289 3133 1334 erant.
3191 1277 3371 1344 Quare
3401 1278 3704 1334 secundum

2121 1367 2508 1439 Symmachum
2558 1368 2798 1433 dicitur,
2841 1390 2859 1420 ι
2907 1369 3083 1442 Reges
3124 1373 3464 1426 exercituum
3520 1371 3704 1426 dilecti

2120 1468 2269 1524 sunt,
2302 1482 2320 1512 ι
2353 1463 2469 1518 sive
2499 1462 2683 1517 dilecti
2715 1474 3028 1522 evaserunt.
3078 1463 3176 1519 His
3205 1481 3335 1520 vero
3369 1466 3503 1536 ipsis
3533 1466 3704 1519 altera

2117 1555 2294 1624 gratia
2347 1555 2546 1609 collata
2586 1565 2702 1622 est;
2738 1556 2792 1610 id
2836 1566 2976 1621 erat,
3009 1565 3068 1611 ut
3101 1558 3409 1613 dividerent
3439 1559 3614 1629 spolia
3648 1559 3704 1613 in

2118 1647 2358 1716 speciem
2392 1647 2609 1704 domus.
2642 1647 2868 1720 Species
2905 1651 3126 1721 quidem
3158 1653 3354 1707 domus
3379 1651 3582 1707 fuerint
3613 1667 3704 1706 or-

2117 1738 2230 1790 nati
2261 1745 2316 1792 et
2341 1738 2526 1794 decori
2558 1739 2635 1792 illi
2669 1741 2725 1795 in
2755 1740 3001 1797 Ecclesia
3051 1743 3146 1797 Dei
3177 1742 3430 1810 ordines;
3469 1758 3702 1814 quorum

2118 1845 2178 1884 se
2209 1828 2466 1899 cupidum
2497 1830 2771 1901 quiSpiam
2797 1830 3228 1906 fatetur,dicclns
3255 1853 3268 1888 τ
3295 1851 3313 1884 ι
3340 1832 3590 1906 Domine,
3621 1833 3705 1888 di-

424 1948 631 2004 γματαο
679 1924 756 1986 ὧν
801 1930 894 1984 καὶ
921 1928 1266 2000 ἐπιθυμητὴς
1293 1926 1546 1998 ὁμολογεῖ
1586 1943 1670 1989 τις
1708 1925 2005 1994 γεγονέναι,

2116 1923 2218 1977 lexi
2251 1922 2507 1976 decorem
2530 1922 2727 1978 domus
2756 1931 2882 1988 tuae,
2909 1934 2962 1979 et
2989 1925 3168 1980 locum
3202 1923 3553 1979 habitationis
3585 1925 3704 1994 glo-

424 2024 626 2094 φήσαςο
660 2039 679 2074 ι
730 2021 942 2093 Κύριε,
981 2019 1246 2090 ἠγάπησα
1301 2017 1633 2088 εὐπρέπειαν
1689 2015 1839 2069 οἴκου
1890 2033 2006 2079 σου,

423 2113 520 2166 καὶ
563 2110 730 2164 τόπον
783 2109 1142 2180 σκηνώματος
1190 2107 1346 2178 δόξης
1400 2125 1515 2160 σου.
1571 2127 1590 2160 ι
1641 2107 1752 2160 Καὶ
1811 2104 2006 2159 πάλινο

429 2222 448 2256 ι
485 2204 629 2258 Μίαν
655 2204 948 2275 ᾐτησάμην
978 2200 1133 2272 παρά
1165 2200 1369 2272 Κυρίου
1391 2240 1405 2263 ,
1439 2199 1644 2270 ταύτην
1676 2198 1914 2270 ζητήσω,
1948 2198 2010 2250 τὸ

422 2298 694 2350 κατοικεῖν
730 2311 796 2366 με
823 2296 880 2347 ἐν
908 2295 1042 2364 οἴκῳ
1077 2291 1284 2364 Κυρίου
1325 2292 1502 2355 πάσας
1541 2291 1639 2352 τὰς
1671 2289 1883 2360 ἡμέρας
1910 2291 2010 2359 τῆς

421 2388 566 2457 ζωῆς
611 2405 710 2458 μου
732 2427 748 2451 ,
796 2385 892 2439 τοῦ
940 2385 1165 2456 θεωρεῖν
1214 2403 1281 2456 με
1313 2385 1411 2457 τὴν
1437 2383 1778 2456 τερπνότητα
1803 2382 2007 2453 Κυρίου

419 2481 516 2535 καὶ
549 2478 977 2533 ἐπισκέπτεσθαι
998 2478 1089 2532 τὸν
1124 2478 1250 2532 ναὸν
1279 2477 1466 2532 αὑτοῦ.
1510 2497 1529 2530 ι

490 2591 572 2645 Τὰ
589 2592 756 2662 ’Ἅγια
775 2590 955 2644 τοίνυν
977 2589 1087 2643 τῶν
1112 2590 1282 2659 ἁγίων
1304 2574 1388 2662 εἴη
1417 2589 1483 2644 ἂν
1514 2591 1548 2661 ἡ
1579 2590 1881 2661 τερπνότης
1913 2592 2008 2645 καὶ

418 2683 689 2755 ὡραιότης
723 2680 816 2734 τοῦ
846 2680 995 2734 οἴκου
1038 2681 1132 2734 τοῦ
1177 2681 1334 2734 Θεοῦ.
1378 2681 1560 2734 Ταῦτα
1596 2681 1654 2734 δέ
1695 2684 1810 2734 ἐστι
1854 2682 1924 2734 τὰ
1951 2683 2009 2734 ἐν

420 2774 744 2847 σωφροσύνῃ
773 2775 867 2828 καὶ
905 2774 1117 2844 ἁγνείᾳ,
1151 2775 1245 2828 καὶ
1275 2773 1606 2847 δικαιοσύνῃ,
1639 2773 1732 2826 καὶ
1759 2777 1878 2837 ταῖς
1902 2775 2011 2827 λοι-

417 2870 549 2930 παῖς
578 2867 800 2938 ἀρεταῖς
831 2865 1202 2936 διαλάμποντα
1232 2869 1332 2937 τῆς
1379 2865 1702 2936 Ἐκκλησίας
1741 2865 1834 2919 τοῦ
1871 2865 2006 2919 Θεοῦ

417 2959 694 3030 τάγματα.
727 2960 820 3023 Εἰς
853 2958 910 3012 δὲ
932 2959 1032 3031 τὴν
1061 2959 1367 3031 ὡραιότητα
1395 2959 1600 3030 ταύτην
1633 2959 1805 3014 σκύλα
1837 2959 2006 3013 διελέ-

420 3050 545 3105 σθαι
577 3054 690 3114 τοίς
729 3050 895 3104 αὑτοῦ
939 3050 1298 3122 στρατιώταις
1344 3050 1648 3123 ἐδωρήσατο
1693 3053 1722 3105 6
1757 3053 2007 3123 βασιλεὺς

415 3145 524 3197 τῶν
573 3144 874 3214 δυνάμεων.
937 3143 1057 3196 Τῶν
1114 3143 1224 3215 γὰρ
1273 3142 1546 3214 πολεμίων
1591 3145 2007 3216 ἀνατραπέντων

417 3238 513 3292 καὶ
562 3239 642 3299 είς
685 3237 864 3307 φυγὴν
911 3236 1330 3308 κεχωρηκότων,
1369 3236 1513 3304 λέγω
1545 3237 1603 3289 δὲ
1642 3237 1750 3291 τῶν
1780 3239 2002 3307 ἀφανῶν

415 3331 513 3386 val.
557 3330 808 3400 ἀοράτων
835 3329 1138 3400 δυνάμεων,
1177 3330 1306 3400 περὶ
1344 3322 1418 3383 ὧν
1459 3330 1716 3402 ἀνωτέρω
1761 3330 1996 3400 ἐλέγετο·

422 3440 442 3472 ο
508 3422 820 3493 Ἀναστήτω
879 3422 908 3474 ὁ
967 3420 1101 3485 Θεὸς
1165 3422 1259 3474 καὶ
1318 3421 1897 3494 διασκορπισθήτωσαν
1952 3425 2001 3476 οἱ

414 3511 600 3584 ἐχθροὶ
629 3511 818 3576 αὐτοῦ,
849 3511 1170 3580 φυγέτωσαν
1201 3511 1402 3576 πάντες
1444 3515 1491 3566 οἱ
1529 3514 1811 3584 μισοῦντες
1840 3515 2002 3570 αὑτὸν

415 3605 524 3660 ἀπὸ
573 3604 867 3676 προσώπου
912 3604 1114 3668 αὑτοῦ,
1169 3624 1188 3656 ι
1229 3607 1276 3658 οἱ
1318 3604 1413 3658 τοῦ
1466 3605 1687 3676 νικητοῦ
1738 3606 2003 3677 βασιλέως

418 3697 752 3767 στρατιῶται
786 3695 852 3748 τά
898 3695 1070 3749 σκύλα
1101 3695 1304 3750 τούτων
1336 3698 1415 3760 είς
1446 3697 1671 3760 ἑαυτοὺς
1698 3697 1997 3770 διῃροῦντο.

417 3785 599 3840 Σκύλα
649 3787 706 3840 δὲ
755 3782 896 3857 ἦμεν
931 3789 1095 3857 ἡμεῖς
1132 3789 1227 3841 καὶ
1275 3788 1384 3840 πᾶν
1429 3787 1491 3841 τὸ
1540 3789 1647 3842 τῶν
1698 3787 2002 3860 ἀνθρώπων

419 3878 595 3947 γένος,
628 3878 691 3931 τὸ
732 3879 900 3933 πάλαι
947 3879 1214 3950 πρότερον
1262 3880 1573 3951 ὑποχείριον
1618 3881 1726 3934 τῶν
1759 3883 2000 3935 ἀντικει-

421 3971 596 4042 μένων
637 3970 921 4040 δυνάμεων
954 3971 1349 4041 γεγενημένον·
1380 3964 1455 4024 ὦν
1489 3971 1920 4036 ἀπελασθεισῶν,
1950 3975 1999 4026 οἱ

414 4063 510 4120 τοῦ
541 4065 790 4136 Σωτῆρος
814 4063 971 4136 ἡμῶν
996 4063 1232 4135 μαθηταὶ
1259 4065 1352 4118 καὶ
1383 4065 1688 4132 ἀπόστολοι,
1719 4068 1813 4119 καὶ
1846 4067 2002 4135 εύαγ-

416 4158 696 4228 γελισταὶ,
727 4158 762 4228 ἥ
808 4175 868 4210 τε
912 4157 1072 4229 λοιπὴ
1126 4157 1289 4210 αὑτοῦ
1347 4159 1636 4228 στρατεία,
1685 4159 1785 4222 τὰς
1832 4159 1998 4212 πάλαι

419 4251 684 4322 πρότερον
722 4251 1124 4321 ἐσκυλευμένας
1151 4249 1349 4320 ψυχάς,
1384 4251 1572 4323 κτῆμα
1605 4252 1734 4306 ἴδιον
1773 4254 2002 4325 ποιησά-

419 4360 600 4416 μενοι,
652 4342 989 4413 διενείμαντο
1045 4342 1124 4405 εἰς
1169 4341 1451 4412 ἀλλήλους.
1499 4341 1712 4406 Παῦλος
1759 4344 1856 4413 μὲν
1907 4341 2000 4398 οὖν

414 4435 524 4490 ἀπὸ
581 4433 934 4507 Ἰερουσαλὴμ
984 4434 1076 4487 καὶ
1125 4433 1310 4505 κύκλῳ
1355 4433 1516 4504 μέχρι
1555 4434 1648 4487 τοῦ
1705 4434 1999 4507 Ἰλλυρικοῦ

413 4527 483 4580 τὰ
513 4525 574 4591 ἐξ
603 4526 772 4580 ἐθνῶν
805 4525 1104 4598 ἐκληροῦτο
1137 4524 1328 4579 σκύλα·
1355 4526 1560 4596 Πέτρος
1603 4526 1660 4579 δὲ
1691 4526 1850 4580 πάλιν
1884 4526 2002 4580 ἐτέ-

2110 2011 2207 2065 rite
2242 2021 2352 2066 tum
2379 2012 2454 2077 ἐς
2490 2032 2508 2062 ›
2547 2026 2611 2066 ac
2641 2029 2861 2067 rursum
2891 2033 2904 2068 :
2952 2033 2970 2065 ι
3015 2015 3191 2070 Unam
3233 2016 3360 2084 petii
3387 2029 3416 2067 a
3447 2013 3700 2079 Domino,

2110 2101 2251 2155 hanc
2276 2101 2572 2171 requiram,
2599 2110 2658 2157 ut
2687 2103 2986 2158 inhabilem
3017 2105 3072 2158 in
3100 2105 3263 2159 domo
3293 2103 3507 2159 Domini
3525 2105 3702 2158 omni-

2109 2192 2212 2248 bus
2231 2193 2424 2248 diebus
2452 2195 2577 2248 vita:
2610 2209 2742 2249 mete
2767 2212 2781 2254 ;
2802 2203 2862 2248 ut
2899 2195 3109 2249 videam
3130 2196 3464 2266 voluptatem
3485 2193 3699 2250 Domini

2108 2293 2162 2341 et
2195 2287 2412 2343 visitcm
2448 2289 2714 2358 templum
2746 2289 2868 2358 ejus
2897 2289 2961 2344 ’9.
3000 2309 3020 2341 ι

2182 2572 2385 2628 Sancta
2444 2582 2765 2630 sanctorum
2824 2576 3010 2644 itaque
3065 2584 3318 2645 votuptas
3375 2592 3440 2630 ac
3484 2577 3696 2648 species

2109 2665 2306 2721 domus
2337 2665 2430 2720 Dei
2468 2666 2689 2720 fuerint.
2723 2665 2790 2720 lii
2825 2681 2993 2736 porro
3025 2676 3155 2722 sunt
3185 2669 3447 2723 Ecclesia:
3490 2668 3582 2724 Dei
3608 2685 3698 2724 or-

2109 2757 2284 2820 dines,
2337 2758 2722 2828 temperantia,
2782 2759 3039 2814 castitate
3068 2799 3082 2823 ,
3128 2759 3343 2828 justitia
3391 2769 3445 2814 et
3482 2764 3697 2816 caneris

2109 2848 2406 2905 virtutibus
2439 2850 2734 2920 fulgentes.
2768 2849 2848 2904 Ad
2883 2852 3047 2905 talem
3085 2867 3214 2922 ergo
3255 2852 3490 2922 speciem
3522 2852 3696 2922 spolia

2108 2942 2354 2997 dividere
2381 2959 2476 2997 rex
2502 2944 2768 2998 virtutum
2795 2944 3065 2999 militibus
3094 2946 3210 3001 suis
3239 2947 3532 3001 concessit.
3562 2945 3698 3002 Ver-

2110 3033 2187 3090 sis
2221 3035 2364 3089 enim
2425 3043 2480 3089 et
2529 3034 2730 3106 fugatis
2787 3037 3048 3102 inimicis,
3093 3040 3326 3093 occultis
3360 3040 3606 3095 videlicet
3642 3048 3697 3095 ei

2110 3126 2480 3182 iuvisibilibus
2513 3128 2832 3193 virtutibus,
2858 3128 2926 3182 de
2953 3129 3157 3198 quibus
3199 3131 3452 3200 superius
3474 3132 3666 3186 diceba

2110 3229 2201 3274 tur
2230 3238 2242 3273 :
2276 3239 2294 3271 ι
2335 3218 2608 3290 Exsurgat
2643 3219 2809 3285 Deus,
2839 3229 2892 3275 et
2924 3220 3269 3292 dissipentur
3301 3223 3508 3278 inimici
3549 3224 3692 3294 ejus,

2031 3281 2072 3338 α
2106 3309 2318 3380 fugiant
2377 3325 2569 3366 omnes
2610 3311 2704 3381 qui
2745 3313 2981 3366 oderunt
3036 3329 3161 3368 eum
3214 3331 3243 3368 a
3286 3313 3423 3369 facie
3469 3315 3625 3385 ejus;
3667 3336 3688 3368 ι

2105 3403 2330 3458 victoris
2361 3403 2507 3472 regis
2541 3404 2744 3459 milites
2780 3405 2954 3474 spolia
2997 3421 3187 3460 eorum
3239 3407 3381 3461 inter
3417 3423 3476 3463 se
3504 3409 3694 3463 distri-

2102 3496 2364 3551 buerunt.
2399 3496 2584 3568 Spolia
2619 3506 2802 3553 autem
2846 3514 2946 3555 nos
2976 3515 3240 3568 eramus;
3275 3508 3557 3571 totumque
3592 3502 3693 3556 ho-

2103 3590 2312 3643 minum
2365 3606 2560 3660 genus,
2598 3591 2729 3645 olim
2781 3590 3120 3647 adversariis
3163 3593 3462 3647 virtutibus
3508 3593 3692 3648 subdi.

2102 3688 2240 3736 tum.
2275 3682 2488 3747 Quibus
2536 3683 2774 3752 repulsis
2824 3682 3126 3742 Salvatoris
3175 3686 3347 3742 nostri
3410 3686 3688 3757 discipuli,

2104 3777 2336 3844 apostoli
2377 3785 2432 3831 et
2458 3778 2827 3844 evangelista,
2864 3785 2918 3832 et
2968 3778 3213 3849 reliquus
3251 3779 3371 3847 ejus
3413 3781 3690 3837 exercitus

2104 3869 2340 3934 animas,
2375 3885 2497 3938 quae
2528 3871 2656 3924 olim
2684 3879 2856 3941 rapta:
2886 3869 3127 3936 fuerant,
3158 3874 3316 3942 quasi
3356 3873 3410 3928 in
3442 3882 3687 3944 potesta-

2102 3965 2212 4013 tem
2239 3967 2294 4013 et
2327 3959 2590 4016 ditionem
2640 3977 2795 4016 suam
2840 3962 3112 4028 redactas,
3141 3965 3282 4019 inter
3303 3979 3362 4020 se
3390 3965 3689 4021 distribue-

2102 4059 2249 4106 runt.
2281 4050 2485 4107 Paulus
2516 4053 2784 4123 siquidem
2809 4054 2878 4108 ab
2905 4053 3208 4110 Jerusalem
3242 4065 3296 4112 et
3329 4057 3524 4112 vicinis
3552 4058 3690 4113 locis

2105 4160 2277 4214 usque
2331 4145 2399 4198 ad
2452 4145 2750 4217 lllyricum,
2778 4147 3022 4216 gentium
3069 4148 3244 4218 spolia
3291 4149 3520 4204 sortitus
3552 4157 3685 4204 est:

2101 4237 2298 4294 Petrus
2337 4241 2464 4292 item
2498 4239 2727 4292 aliarum
2755 4241 3021 4309 gentium,
3053 4239 3294 4296 Joannes
3322 4242 3527 4313 pariter
3560 4243 3691 4296 alia-

2101 4345 2246 4394 rum,
2274 4345 2340 4385 ex
2374 4330 2599 4400 reliquis
2630 4334 2894 4402 apostolis
2928 4333 3130 4404 singuli
3171 4334 3401 4388 aliarum
3435 4336 3689 4390 similiter

2102 4418 2346 4495 gentium
2379 4425 2556 4494 spolia
2584 4425 2892 4482 obtinuere.
2934 4427 3010 4482 Ex
3043 4429 3246 4498 quibus
3282 4429 3472 4500 spoliis
3502 4429 3688 4484 excel-

2104 4515 2336 4570 lentiora
2367 4516 2590 4570 donaria
2619 4516 2685 4570 ad
2705 4519 2940 4588 speciem
2964 4519 3160 4575 domus
3193 4519 3284 4575 Dei
3308 4529 3685 4592 segregarunt.

416 4635 524 4690 ρων
557 4617 725 4671 ἐθνῶν
757 4615 850 4669 καὶ
901 4615 1154 4684 Ἰωάννης
1190 4613 1449 4678 ὡσαύτως
1483 4614 1683 4685 ἐτέρων
1703 4655 1716 4679 ,
1761 4614 1855 4667 καὶ
1888 4613 1996 4666 τῶν

2107 4608 2466 4672 Quamobrem
2499 4609 2704 4664 dictum
2735 4619 2853 4665 est:
2896 4629 2915 4661 ι
2955 4610 3016 4666 Et
3057 4613 3258 4682 speciei
3303 4611 3501 4666 domus
3546 4611 3687 4666 divi-

411 4709 616 4764 λοιπῶν
661 4708 974 4762 ἀποστόλων
1015 4708 1246 4770 ἕκαστος
1287 4707 1702 4778 παραπλησίως.
1754 4706 1870 4776 Ἀφ’
1922 4700 1998 4760 ὧν

414 4799 626 4854 σκύλων
667 4799 738 4853 τὰ
781 4799 1035 4871 ἐξαίρετα
1069 4799 1416 4870 ἀναθήματα,
1458 4801 1536 4862 εἰς
1568 4799 1875 4870 ὡραιότητα
1900 4797 1994 4852 τοῦ

413 4893 562 4948 οἴκου
588 4892 683 4947 τοῦ
709 4892 842 4947 Θεοῦ
876 4891 1172 4963 ἀφώριζον.
1205 4891 1296 4944 Διὸ
1324 4890 1591 4944 λέλεκται·
1617 4911 1635 4942 ‹
1661 4891 1771 4944 Καὶ
1793 4891 1992 4962 ὡραιό-

409 5000 532 5054 τητι
597 4981 691 5035 τοῦ
743 4983 892 5035 οἴκου
951 4981 1218 5035 διελέσθαι
1269 4979 1459 5036 σκύλα.
1511 4980 1635 5034 Ἐάν
1695 4981 1995 5053 κοιμηθῆτε

409 5075 513 5131 ἀνά
562 5076 724 5146 μέσον
756 5074 864 5128 τῶν
897 5074 1113 5145 κλήρων
1159 5074 1428 5146 πτέρυγες
1472 5074 1802 5145 περιστερᾶς
1838 5090 1994 5144 περι-

407 5166 822 5239 ηργυρωμέναι,
877 5168 971 5220 καὶ
1004 5167 1074 5219 τὰ
1121 5167 1436 5237 μετάφρενα
1485 5165 1654 5237 αὐτῆς
1687 5167 1746 5219 ἐν
1791 5165 1996 5238 χλωρό-

407 5275 531 5328 τητι
579 5259 824 5330 χρυσίου.
878 5278 897 5310 ι
949 5259 1346 5330 Μνημονεύσας
1389 5261 1418 5312 6
1468 5257 1624 5326 λόγος
1668 5258 1776 5311 τῶν
1833 5259 1996 5327 εὐαγ-

407 5349 771 5422 γελιζομένων
815 5350 1040 5422 δυνάμει
1088 5350 1256 5422 πολλῇ
1310 5349 1404 5403 τοῦ
1451 5367 1509 5403 τε
1562 5349 1712 5403 οἴκου
1754 5350 1848 5403 καὶ
1895 5350 1994 5420 τῆς

406 5440 742 5513 ὡραιότητος
779 5442 967 5504 αὐτοῦ,
1012 5441 1092 5495 ἔτι
1149 5441 1252 5514 μὴν
1292 5443 1380 5495 καὶ
1422 5441 1532 5494 τῶν
1572 5443 1629 5494 ἐν
1670 5439 1817 5510 αὐτῴ
1863 5439 1992 5494 σκύ-

407 5529 544 5596 λων,
603 5531 671 5584 δι’
729 5524 805 5584 ὧν
871 5531 1115 5603 ᾐνίττετο
1170 5533 1267 5602 τὴν
1330 5532 1656 5604 Ἐκκλησίαν
1709 5531 1803 5584 τοῦ
1857 5531 1991 5584 Θεοῦ

407 5623 502 5675 καὶ
557 5623 685 5687 τοὺς
736 5625 798 5676 ἐν
850 5625 988 5696 αὐτῇ
1038 5624 1475 5697 διαπρέπονταςο
1538 5623 1848 5688 ἀκολούθως
1903 5623 1994 5678 διὰ

406 5713 515 5767 τῶν
553 5713 693 5784 μετά
723 5718 910 5786 χεῖρας
942 5717 1036 5770 καὶ
1073 5717 1183 5772 τῶν
1227 5715 1598 5771 θεοπνεύστων
1630 5718 1992 5789 ἀναγνωσμάο

481 5869 523 5900 ³⁷
558 5867 747 5924 Matth.
787 5887 868 5938 ut,
905 5871 1004 5939 i7;
1043 5852 1173 5940 xi",
1205 5873 1257 5928 5.
1329 5873 1373 5905 ³⁸
1395 5871 1519 5929 Psal
1568 5890 1696 5940 xxv,
1733 5873 1786 5929 8.

2105 4699 2234 4755 dere
2267 4700 2460 4770 spolia.
2501 4700 2558 4755 Si
2594 4701 2884 4769 dormiatis
2927 4703 3070 4758 inter
3100 4705 3312 4760 medios
3344 4705 3523 4759 cleros
3552 4719 3683 4772 pcn-

2104 4807 2189 4847 nae
2214 4794 2481 4848 columba:
2501 4795 2884 4864 deargentatae,
2914 4803 2966 4850 et
3002 4797 3304 4866 posteriora
3333 4795 3456 4865 ejus
3483 4796 3536 4848 in
3567 4796 3685 4864 pal-

2103 4887 2217 4941 lore
2231 4887 2373 4944 auri.
2392 4906 2412 4940 »
2433 4885 2728 4958 Postquam
2769 4891 3254 4960 evangelizantium
3282 4888 3483 4943 virtute
3512 4888 3683 4943 multa

2102 4979 2410 5050 domusque
2435 4995 2498 5034 ac
2559 4981 2760 5050 speciei
2798 4981 2939 5049 ejus,
2973 4997 3188 5035 necnon
3227 4981 3526 5049 spoliorum
3562 4995 3684 5050 quae

2101 5071 2158 5125 in
2189 5071 2305 5140 ipsa
2337 5078 2514 5136 erant,
2546 5073 2704 5142 queis
2745 5072 2988 5127 Ecclesia
3026 5072 3121 5127 Dei
3162 5081 3216 5128 et
3248 5074 3283 5127 ii
3323 5073 3417 5143 qui
3462 5073 3519 5126 in
3565 5073 3683 5143 ipsa
3752 5086 3764 5096 ‘

2102 5165 2386 5234 conspicui
2417 5163 2568 5221 fuere
2601 5166 3112 5230 subindicabantur,
3151 5167 3356 5220 mentio
3382 5165 3523 5220 facta
3554 5174 3680 5233 est;

2101 5265 2506 5326 consequenter
2530 5258 2584 5311 in
2618 5258 2686 5314 iis
2710 5273 2831 5328 quae
2852 5257 2965 5328 jam
2986 5265 3288 5314 tractamus
3318 5257 3579 5312 divinitus
3605 5257 3684 5311 in-

2101 5350 2338 5420 spiratas
2369 5351 2630 5407 lectiones
2655 5361 3070 5416 commemorat.
3090 5368 3190 5405 nos
3209 5352 3284 5405 ita
3309 5351 3679 5421 compellans:

2103 5440 2191 5495 tSi
2213 5442 2653 5498 dormiatisinter
2679 5443 2886 5498 medios
2902 5444 3130 5498 cleros.i
3157 5443 3302 5498 Cleri
3330 5451 3533 5508 autem,
3567 5443 3683 5498 sive

2095 5535 2265 5592 fortes
2297 5537 2572 5601 Ecclesiae,
2610 5544 2739 5592 sunt
2759 5535 2926 5592 Vetus
2954 5545 3007 5591 et
3036 5535 3246 5590 Novum
3271 5535 3682 5602 Testamentum

2096 5625 2189 5681 Dei
2228 5646 2241 5682 :
2277 5629 2563 5699 docetque,
2607 5644 2704 5684 eos
2747 5629 2839 5700 qui
2874 5629 2928 5684 in
2962 5627 3142 5683 medio
3176 5643 3364 5683 eorum
3395 5633 3682 5684 versantur

2096 5734 2304 5777 oenuas
2333 5722 2601 5778 columba:
2637 5723 3020 5795 deargentatas
3049 5722 3370 5779 inventuros
3400 5735 3552 5790 esse;
3583 5735 3682 5774 cu-

1867 5875 1909 5906 ”
1930 5871 2075 5930 Psal.
2111 5889 2262 5943 tum,
2295 5875 2348 5930 4.
