4146 6390
483 446 588 503 699

1175 442 1445 499 EUSEDII
1486 439 1966 499 CESARIENSIS
2005 439 2157 497 OPP.
2201 438 2382 493 PARS
2420 436 2509 493 Ill.
2549 468 2619 478 —
2660 436 3072 495 EXEGETICA.

3654 440 3761 496 .700

481 568 573 637 jus
605 565 867 621 columba:
919 562 1226 632 posteriora
1273 562 1407 617 dicit
1435 578 1558 617 esse
1585 562 1640 615 in
1670 561 1879 632 pallore
1926 558 2044 614 auri

2173 575 2282 611 των
2341 557 2439 628 τὴν
2493 557 2715 628 μνήμην
2774 558 3001 609 ποιεῖται
3052 556 3126 621 ὡς
3177 556 3313 628 πρὸς
3364 557 3511 627 ἡμᾶς
3546 555 3759 637 λέγων·

481 655 615 712 Nam
647 674 771 712 cum
806 657 1047 727 Spiritus
1078 663 1304 710 sanctus
1354 654 1605 741 columba
1636 669 1761 709 esse
1803 652 2071 723 intelliga-

480 755 593 811 tur,
615 762 736 817 quae
761 746 925 799 verba
952 745 1009 799 in
1034 742 1217 799 Veteri
1247 751 1298 799 et
1324 742 1474 797 Novo
1496 741 1849 797 Testamento
1880 741 2070 811 legun-

480 845 594 903 tur,
653 836 955 893 secundum
987 835 1187 890 nudam
1219 842 1272 890 et
1300 834 1515 889 obviam
1547 834 1834 889 lectionem
1858 872 1873 897 ,
1908 829 2069 902 quasi

480 929 585 985 sub
617 930 719 984 alis
751 928 967 982 occulta
990 934 1142 990 sunt,
1175 926 1299 992 alis,
1329 928 1575 996 inquam,
1608 924 1907 986 deauratis,
1939 922 2068 992 quia

478 1024 694 1092 eloquia
746 1022 961 1077 Domini
1009 1028 1293 1092 argentum
1330 1029 1457 1075 sunt
1504 1019 1629 1089 igne
1673 1017 2066 1079 examinatum,

478 1114 769 1185 probatum
795 1123 976 1168 terraa.
1035 1112 1207 1168 Sensa
1240 1122 1422 1166 autem
1457 1111 1511 1165 in
1537 1107 1811 1181 profundo
1835 1109 2069 1163 abscon-

477 1204 613 1267 dita,
668 1219 790 1274 quae
837 1212 1151 1258 memoratae
1196 1202 1485 1265 columbae,
1533 1201 1794 1255 nimirum
1828 1197 2066 1269 Spiritus

478 1294 680 1359 sancti,
712 1295 1111 1365 posterioribus
1142 1293 1531 1364 comparanda,
1564 1293 1620 1348 in
1644 1293 1851 1364 pallore
1872 1292 2065 1346 dicun-

479 1393 569 1439 tur
599 1401 745 1449 esse,
788 1386 917 1455 quia
943 1386 1215 1440 sententia
1246 1394 1298 1439 et
1328 1386 1623 1455 purissima
1660 1400 1815 1440 mens
1846 1385 1948 1440 sub
1982 1385 2065 1439 di-

477 1477 661 1531 ctione
692 1476 1013 1531 abscondita
1050 1476 1171 1529 auri
1209 1476 1385 1530 instar
1426 1474 1663 1545 eﬂ‘ulget.
1719 1473 1926 1544 Hisque
1950 1490 2066 1528 rur-

479 1582 599 1621 sum
634 1582 735 1621 nos
765 1566 1055 1635 compellat
1079 1580 1292 1629 omnes,
1311 1566 1403 1635 qui
1436 1566 1491 1619 in
1525 1566 1688 1620 domo
1714 1563 1809 1620 Dei
1834 1580 2065 1636 congre-

478 1659 590 1729 gati
634 1674 847 1724 sumus,
892 1672 1030 1728 quos
1067 1659 1240 1727 spolia
1273 1658 1526 1728 superius
1548 1658 1902 1727 nuncupavit.
1954 1657 2062 1714 Pro

476 1748 573 1803 illo
603 1757 820 1814 autem,
873 1766 891 1799 ι
938 1748 995 1801 Si
1030 1748 1338 1811 dormiatis,
1380 1767 1398 1798 ›
1442 1747 1803 1817 Symmachus
1852 1748 1932 1802 sic
1959 1748 2059 1801 ha-

474 1842 589 1904 bet,
650 1859 669 1891 ι
708 1839 764 1895 Si
790 1841 1098 1897 recideritis
1142 1842 1285 1896 inter
1331 1841 1529 1897 cleros.
1571 1860 1589 1893 ι
1635 1839 1768 1894 Nam
1798 1840 2058 1904 dormire,

2186 667 2206 700 ι
2230 648 2354 702 Ἐὰν
2392 648 2694 719 κοιμηθῆτε
2739 647 2845 700 ἀνά
2881 648 3043 719 μέσον
3074 646 3183 700 τῶν
3228 648 3463 720 κλήρων.
3498 667 3516 699 ι
3553 649 3761 719 Κλῆροι

2178 741 2235 793 δὲ
2276 741 2374 811 τῆς
2416 740 2741 809 Ἐκκλησίας
2774 740 2911 791 εἰσὶν
2954 739 2988 809 ἦ
3044 757 3103 792 τε
3155 738 3368 792 Παλαιά
3398 740 3491 793 καὶ
3524 742 3758 811 ήΚαινὴ

2177 830 2418 901 Διαθήκη
2447 830 2541 883 τοῦ
2567 829 2703 883 Θεοῦ
2720 847 2733 859 ·
2761 824 2834 882 ὧν
2863 830 2988 892 τοὺς
3011 831 3069 882 ἐν
3095 830 3246 900 μέσῳ
3272 830 3758 902 διαστρεφομένους

2175 917 2412 971 διδάσκει
2448 918 2725 990 πτέρυγας
2752 920 3079 989 περιστερᾶς
3112 920 3637 992 περιηργυρωμένας
3667 922 3759 973 εὑ-

2180 1013 2393 1084 ρήσεινο
2429 1007 2496 1085 ἧς
2528 1016 2857 1086 περιστερᾶς
2892 1014 2961 1066 τά
3006 1015 3317 1085 μετάφρενα
3358 1012 3495 1069 εἶναι
3536 1016 3593 1067 ἐν
3618 1015 3758 1086 χλωο

2178 1106 2365 1178 ρότητι
2390 1108 2635 1179 χρυσίου.
2673 1110 2779 1163 Τοῦ
2808 1111 2917 1182 γὰρ
2957 1111 3110 1178 ἁγίου
3150 1109 3468 1178 Πνεύματος
3507 1123 3755 1179 περιστε-

2179 1200 2275 1269 ρᾶς
2310 1200 2619 1271 νοουμένου,
2650 1204 2699 1255 οί
2733 1204 2789 1255 ἐν
2826 1203 3039 1273 Παλαιᾷ
3074 1202 3166 1253 καὶ
3198 1203 3373 1270 Καινῇ
3404 1198 3753 1269 λελαλημένοι

2174 1290 2343 1359 λόγοι,
2365 1292 2507 1345 κατὰ
2540 1295 2637 1364 μὲν
2672 1294 2770 1366 τὴν
2802 1293 3119 1347 ἐπιπόλαιον
3146 1291 3471 1361 ἀνάγνωσιν,
3498 1290 3754 1362 πτέρυξιν

2172 1382 2361 1452 ὥσπερ
2393 1384 2867 1456 ἐγκεκαλυμμένοι
2892 1384 3241 1454 τυγχάνουσι,
3273 1382 3367 1435 καὶ
3404 1378 3626 1451 πτέρυξι
3656 1397 3753 1432 πε-

2174 1474 2668 1547 ριηργυρωμέναις,
2715 1476 2901 1548 ἐπειδὴ
2944 1475 3012 1528 τὰ
3057 1475 3211 1543 λόγια
3243 1475 3449 1545 Κυρίου
3492 1472 3752 1544 ἀργύριόν

2171 1567 2287 1618 ἐστι
2312 1567 2727 1637 πεπυρωμένον,
2755 1567 2997 1638 δοκίμιον
3017 1569 3083 1637 τῇ
3107 1568 3196 1635 γῇ·
3212 1564 3281 1617 τά
3302 1564 3357 1616 δὲ
3383 1563 3522 1617 κατά
3553 1562 3750 1633 βάθους

2170 1658 2593 1729 ἐγκεκρυμμένα
2620 1660 2888 1730 νοήματα,
2924 1660 3067 1731 ἆπερ
3100 1659 3242 1711 ἔοικε
3274 1657 3626 1728 μεταφρένοις
3650 1655 3749 1726 τῆς

2169 1746 2525 1818 ἀποδοθείσης
2561 1752 2913 1820 περιστερᾶς,
2947 1748 3148 1819 δηλαδὴ
3190 1747 3282 1801 τοῦ
3314 1749 3469 1817 ἁγίου
3499 1746 3749 1817 Πνεύμα-

2165 1855 2276 1902 τος,
2313 1840 2369 1891 ἐν
2403 1839 2704 1912 χλωρότητι
2732 1840 2949 1910 λέγεται
2980 1839 3138 1907 εἶναι,
3165 1842 3264 1913 τῆς
3294 1837 3747 1937 ἐγκεκρυμμένης

474 1948 622 1987 nunc
649 1934 991 2003 requiescere
1026 1934 1316 2003 signiﬁcat.
1355 1934 1425 1987 lis
1450 1933 1613 2003 igitur
1648 1934 1740 2003 qui
1768 1947 2053 1989 sacrorum

2162 1933 2228 2001 τῇ
2275 1930 2415 1993 λέξει
2459 1930 2698 1995 διανοίας
2746 1934 2838 1986 καὶ
2870 1933 2965 1986 τοῦ
3006 1934 3393 2005 καθαρωτάτου
3422 1931 3510 1985 νοῦ
3542 1928 3754 2003 χρυσοῦς

472 2024 768 2080 verborum
795 2024 1172 2079 exercitationi
1204 2032 1419 2087 vacant,
1439 2024 1741 2079 hortatorio
1759 2024 1918 2079 modo
1941 2039 2063 2093 pro-

474 2117 712 2171 mittitur
744 2117 1050 2171 divinarum
1077 2115 1485 2187 Scripturarum
1518 2116 1726 2171 utilitas
1760 2136 1773 2171 :
1810 2131 1934 2170 nam
1967 2130 2056 2171 sa-

470 2223 691 2265 crarum
723 2210 1015 2264 lectionum
1051 2208 1217 2263 dictio
1248 2218 1477 2278 purgata
1510 2217 1595 2263 est
1626 2208 1798 2262 instar
1839 2208 2051 2278 argenti

469 2301 593 2371 igne
620 2302 939 2365 examinati,
975 2304 1275 2357 secundum
1307 2301 1449 2355 hanc
1471 2302 1793 2356 sententiam
1828 2321 1839 2355 :
1882 2320 1899 2352 ι
1924 2300 2049 2356 Elo-

468 2396 596 2462 quia
622 2393 834 2447 Domini
866 2394 987 2464 igne
1017 2394 1326 2447 examinata
1354 2392 1432 2458 ³⁶;
1459 2412 1477 2443 ι
1508 2408 1570 2446 ac
1601 2408 1818 2447 rursum
1849 2412 1862 2446 :
1892 2413 1909 2445 ι
1931 2393 2051 2447 Elo-

468 2486 594 2555 quia
636 2484 847 2540 Domini
880 2486 1093 2555 eloquia
1140 2493 1316 2549 casta,
1370 2492 1654 2555 argentum
1694 2484 1816 2554 igne
1845 2486 2049 2539 exami-

468 2582 679 2637 natum,
717 2574 1003 2643 prohatum
1031 2581 1213 2637 terrae,
1246 2582 1539 2643 purgatum
1586 2574 1894 2644 septuplum
1924 2574 1988 2630 ³¹.
2026 2593 2044 2625 ι

468 2665 751 2719 Sententia
785 2681 914 2720 vero
945 2666 1248 2736 spiritualis
1293 2672 1561 2737 praestans
1610 2675 1664 2721 et
1712 2667 1894 2738 magni
1929 2684 2052 2738 pre-

467 2758 527 2811 tii
561 2773 703 2831 esse,
755 2772 878 2812 cum
932 2759 1157 2826 dicitur,
1198 2777 1217 2810 ι
1252 2758 1311 2813 ln
1358 2759 1565 2829 pallore
1616 2758 1770 2824 auri,
1806 2778 1824 2811 ι
1865 2760 2049 2815 decla-

467 2857 637 2903 ratur.

2159 2023 2317 2094 δίκην
2350 2024 2857 2096 ἀπαστράπτοντος.
2886 2027 3069 2080 Ταῦτα
3102 2027 3157 2079 δὲ
3192 2028 3552 2095 ἀναφωνεῖται
3579 2025 3749 2078 πᾶσιν

2155 2116 2288 2185 ἡμῖν
2322 2119 2433 2181 τοῖς
2467 2120 2525 2169 ἐν
2556 2116 2633 2186 τῷ
2658 2116 2792 2187 οἴκῳ
2822 2117 2916 2171 τοῦ
2947 2119 3081 2172 Θεοῦ
3120 2119 3495 2190 συνηγμένοις,
3530 2116 3622 2179 οὓς
3655 2115 3745 2169 δια

2152 2208 2262 2261 τῶν
2292 2208 2600 2281 ἔμπροσθεν
2636 2210 2806 2263 σκύλα
2825 2212 2853 2263 ό
2877 2210 3033 2279 λόγος
3059 2211 3358 2282 ὠνόμαζεν.
3380 2212 3524 2262 Ἀντὶ
3544 2209 3601 2261 δὲ
3622 2207 3739 2266 τοῦ.

2155 2316 2173 2349 ι
2197 2299 2323 2353 Ἐἀν
2350 2300 2666 2372 κοιμηθῆτε,
2700 2320 2719 2353 ι
2760 2302 2901 2355 κατά
2932 2303 3023 2354 τὸν
3052 2302 3365 2373 Σύμμαχον,
3406 2322 3423 2351 ι
3446 2300 3572 2353 Ἐὰν
3598 2311 3740 2355 ἁνα-

2156 2390 2357 2462 πέσητε
2385 2393 2588 2461 μεταξὺ
2626 2393 2735 2446 τῶν
2767 2396 3003 2465 κλήρων,
3038 2414 3055 2445 ι
3093 2394 3327 2467 εἴρηται.
3360 2393 3432 2445 Τὸ
3474 2392 3583 2463 γάρ
3627 2409 3738 2446 κοιν-

2158 2483 2393 2554 μηθῆναι
2417 2484 2509 2538 νῦν
2530 2486 2993 2539 διαναπαύσεσθαι
3015 2487 3315 2558 δηλοῖ.Τοῖς
3334 2483 3427 2539 οὖν
3449 2485 3555 2537 τῶν
3579 2485 3737 2557 ἱερῶν

2150 2575 2421 2646 ἀσκηταῖς
2455 2576 2631 2647 λόγων
2658 2580 3077 2651 προτρεπτικῶς
3104 2582 3136 2650 ή
3169 2578 3552 2651 προσφώνησις
3575 2580 3738 2647 ἐπαγ-

2153 2668 2401 2736 γέλλεται
2434 2671 2532 2742 τὴν
2561 2673 2625 2725 ἐκ
2652 2672 2757 2725 τῶν
2788 2672 2943 2725 θείων
2969 2673 3142 2742 λόγων
3162 2672 3430 2742 ὠφέλειαν
3450 2689 3462 2702 ⁸
3487 2671 3521 2740 ἦ
3544 2686 3603 2723 τε
3629 2669 3738 2742 γὰρ

2149 2760 2294 2826 λέξις
2343 2764 2452 2818 τῶν
2501 2764 2660 2837 ἱερῶν
2708 2765 3152 2835 ἀναγνωσμάτων
3203 2764 3536 2837 κεκάθαρται
3586 2766 3737 2837 δίκην

2153 2854 2417 2927 ἀργυρίου
2464 2857 2888 2929 πεπυρωμένου,
2924 2856 3065 2910 κατά
3107 2857 3199 2909 τὸν
3252 2858 3498 2927 φήσαντα
3538 2859 3693 2927 λόγον
3718 2875 3733 2889 °

467 2967 488 2998 ι
517 2946 598 3000 Τά
628 2948 784 3016 λόγια
827 2948 1033 3020 Κυρίου
1081 2948 1488 3020 πεπυρωμένα’
1524 2967 1543 2999 ι
1576 2948 1671 3001 καὶ
1699 2948 1887 3001 πάλινο
1956 2966 1975 2999 ι
2040 2949 2121 3001 Τά
2158 2950 2313 3019 λόγια
2350 2952 2554 3024 Κυρίου
2603 2953 2759 3021 λόγια
2805 2953 2964 3020 ἁγνὰ,
3008 2952 3283 3024 ἀργύριονι
3321 2954 3735 3025 πεπυρωμένον,

467 3039 709 3108 δοκίμιον
731 3043 793 3109 τῇ
823 3043 914 3111 γῇ,
936 3039 1401 3112 κεκαθαρισμένον
1426 3040 1840 3102 ἐπταπλασίως·
1882 3059 1899 3090 ι
1931 3040 2046 3110 ἥτε
2084 3040 2291 3097 διάνοια
2317 3047 2349 3115 ή
2382 3044 2723 3116 πνευματικὴ
2751 3044 3027 3115 ἐξαίρετος
3089 3046 3184 3097 καὶ
3247 3044 3609 3115 πολυτίμητος
3651 3046 3737 3099 διά

466 3131 560 3184 τοῦ
608 3131 891 3200 λέγεσθαι,
931 3153 949 3186 ι
974 3135 1061 3187 Ἐν
1104 3134 1405 3206 χλωρότητι
1446 3135 1695 3206 χρυσίου,
1727 3154 1744 3185 ι
1786 3134 2141 3206 παρίσταται.

530 3248 700 3305 Vens.
731 3250 919 3305 15-17.
967 3270 986 3303 ι
1027 3251 1160 3306 Dum
1188 3252 1453 3307 discernit
1507 3252 1747 3308 caelestis
1771 3268 1930 3323 reges
1962 3270 2054 3309 su-
2081 3271 2124 3328 ο

465 3356 559 3416 per
587 3358 705 3396 eam
740 3342 866 3397 nive
892 3342 1294 3398 dealbabuntur
1340 3344 1396 3397 in
1446 3343 1685 3397 Selmon.
1728 3362 1745 3395 ι
1785 3342 1892 3397 Pro
1928 3345 2040 3409 illo,

470 3450 488 3482 ι
504 3429 638 3484 Dum
654 3431 918 3486 discernit
939 3432 1201 3498 cmlestis,
1216 3453 1233 3484 ι
1255 3440 1307 3485 et
1324 3440 1539 3497 caetera,
1558 3432 1637 3486 sic
1655 3432 2043 3501 interpretatur

464 3520 826 3592 Symmachus
862 3542 874 3577 :
920 3541 938 3574 ι
969 3522 1198 3589 Quando
1228 3522 1566 3594 dispensavit
1598 3533 1790 3593 potens
1815 3540 2043 3596 regnare

463 3614 634 3677 Illam,
669 3615 825 3683 quasi
853 3615 975 3669 nive
999 3614 1250 3669 dealbata
1277 3627 1412 3671 erat.
1488 3615 1708 3671 Selmon
1739 3633 1896 3673 mons
1926 3616 2040 3685 Dei,

460 3720 618 3759 mons
640 3707 878 3777 pinguis,
898 3722 1056 3763 mons
1075 3708 1398 3775 altissimus,
1416 3724 1573 3764 mons
1594 3710 1810 3780 pinguis
1836 3729 1847 3763 :
1873 3724 2043 3779 quare

460 3798 678 3853 curiose
709 3800 1108 3869 investigantur
1162 3810 1375 3856 montes
1399 3802 1645 3856 excelsi?
1674 3800 1827 3856 Mons
1852 3801 1906 3855 in
1933 3817 2041 3872 quo

461 3889 792 3945 desideravit
834 3890 977 3947 Deus
1018 3892 1288 3957 habitare,
1321 3901 1374 3948 et
1401 3892 1664 3947 Dominus
1692 3890 1955 3948 habitabit
1983 3894 2039 3949 in

462 3980 647 4037 ﬁnem.
681 4001 699 4036 ι
738 3982 831 4040 His
858 3992 1037 4039 autem
1061 3987 1342 4053 docemur,
1372 4003 1494 4041 cum
1520 3987 1759 4043 caelestis
1787 3988 1894 4053 ille,
1928 3990 2053 4045 sive-

460 4072 766 4127 cmlestium
804 4074 1104 4129 incolarum
1148 4076 1325 4143 Deus,
1379 4077 1691 4147 przedictam
1740 4078 2046 4133 columbam

460 4164 683 4232 regibus
712 4171 872 4219 terra:
910 4166 1156 4233 donavit,
1190 4168 1244 4221 id
1270 4176 1373 4231 est,
1407 4169 1476 4224 iis
1511 4168 1602 4238 qui
1632 4169 1687 4222 in
1714 4176 1858 4224 terra
1894 4168 2045 4240 regni

460 4255 583 4323 ejus
616 4265 899 4311 consortes
940 4259 1160 4314 fuerunt
1201 4261 1277 4331 (hi
1330 4276 1493 4331 porro
1543 4268 1701 4315 erant
1745 4262 2043 4331 prophetae,

460 4346 596 4417 justi
639 4354 693 4403 et
725 4348 800 4418 pii
829 4350 954 4415 viri,
996 4366 1060 4406 ac
1088 4351 1345 4423 discipuli
1396 4363 1451 4407 et
1481 4355 1712 4423 apostoli
1742 4352 2046 4409 Salvatoris

462 4439 660 4505 nostri,
704 4441 906 4510 quibus
946 4440 1211 4512 Spiritum
1244 4450 1494 4498 sanctum
1521 4444 1761 4499 caelestis
1790 4445 1879 4498 ille
1905 4443 2047 4501 Deus

461 4531 795 4602 distribuit);
842 4542 976 4588 tunc
1021 4550 1116 4590 eos
1155 4535 1250 4604 qui
1285 4535 1457 4589 divini
1508 4533 1747 4604 Spiritus
1780 4535 1940 4593 donis
1966 4553 2049 4592 or-

461 4624 577 4677 nati
610 4623 847 4692 fuerant,
877 4626 1052 4681 instar
1085 4626 1228 4680 nivis
1253 4627 1514 4683 candidos
1544 4628 1830 4698 clarosque
1851 4628 2039 4685 fuisse.

462 4717 643 4785 Quare
675 4719 879 4773 dictum
925 4728 1050 4775 est:
1093 4739 1111 4771 ι
1150 4718 1354 4790 thuid
1424 4720 1778 4790 suspicamini
1830 4732 2044 4780 montes

460 4810 821 4879 coagulatos?
858 4831 876 4861 ι
927 4810 1304 4882 Objurgantur
1346 4812 1555 4868 scilicet
1595 4813 1689 4883 qui
1740 4813 1940 4884 aliquid
1972 4816 2048 4871 si-

459 4901 589 4955 mile
615 4903 884 4957 exsistere
911 4905 1249 4959 arbitrantur
1282 4922 1294 4958 :
1322 4903 1476 4958 addit
1500 4919 1630 4959 vero
1660 4921 1765 4975 qua
1793 4906 1859 4961 de
1881 4920 2047 4961 causa

458 5007 572 5047 non
616 5002 865 5065 oporteat
904 4996 1122 5066 quidvis
1153 4996 1300 5051 aliud
1331 5012 1454 5051 cum
1500 4997 1622 5068 ipso
1663 4997 1934 5063 conferre,
1963 4999 2046 5053 di-

458 5102 591 5142 cens
621 5112 634 5142 -.
669 5088 856 5144 «Mons
888 5089 942 5143 in
974 5105 1084 5160 quo
1113 5090 1515 5160 beneplacitum
1543 5100 1628 5146 est
1662 5090 1772 5146 Deo
1798 5091 2044 5148 habitare

458 5178 514 5232 in
552 5194 618 5233 eo
655 5198 668 5233 :
702 5180 905 5235 etenim
938 5179 1202 5236 Dominus
1235 5182 1503 5237 habitabit
1539 5183 1594 5237 in
1629 5182 1810 5239 ﬁnem.
1850 5204 1869 5236 ι
1907 5184 2041 5239 Nam

458 5270 549 5324 ille
576 5270 728 5324 solus
764 5286 922 5326 mons
952 5282 1036 5327 est
1068 5275 1122 5327 in
1156 5289 1264 5344 quo
1294 5272 1438 5329 Deus
1467 5274 1718 5329 habitare
1743 5276 2038 5345 cooptavit,

456 5372 511 5417 et
536 5364 593 5417 in
623 5380 730 5434 quo
750 5363 912 5420 Pater
940 5367 1279 5423 domicilium
1311 5368 1474 5423 habet
1498 5369 1553 5421 in
1572 5369 1769 5434 szecula
1796 5368 2038 5434 inﬁnita;

459 5470 630 5525 quare
664 5471 774 5510 non
800 5456 955 5512 decet
991 5458 1155 5511 alium
1191 5473 1316 5513 cum
1343 5459 1438 5512 illo
1459 5458 1728 5513 conferre.
1775 5457 1909 5513 Nam
1935 5459 2039 5514 etsi

458 5547 528 5600 de
550 5548 672 5602 aliis
702 5549 907 5604 dictum
943 5549 1046 5604 fuit
1076 5551 1208 5606 illud
1232 5591 1247 5617 ,
1304 5569 1323 5603 ι
1358 5549 1677 5609 Inhabilabo
1724 5551 1778 5605 in
1828 5552 1936 5607 illis
1982 5559 2037 5606 et

462 5636 831 5704 inambulabo,
862 5648 916 5695 et
944 5656 1038 5696 ero
1072 5641 1291 5696 illorum
1320 5641 1555 5708 Deus,et
1584 5643 1688 5714 ipsi
1720 5651 1883 5698 erunt
1901 5642 2034 5697 mihi

461 5729 695 5800 populus
720 5730 794 5799 ³¹;
834 5751 851 5783 ι
886 5742 940 5785 at
972 5748 1079 5788 non
1109 5734 1334 5804 perinde
1363 5734 1418 5788 in
1450 5736 1584 5807 ipsis
1612 5736 1820 5791 habitat
1843 5743 1897 5790 et
1919 5749 2034 5789 am-

2242 3272 2261 3304 ι
2285 3253 2371 3305 Ἐν
2404 3251 2482 3323 τῷ
2503 3252 2831 3305 διαστέλλειν
2861 3252 2952 3305 τὸν
2979 3252 3228 3323 οὐράνιον
3261 3251 3500 3321 βασιλεῖς
3530 3252 3616 3304 ἐπ’
3640 3252 3749 3305 ιιύ⁸

2149 3347 2273 3418 τὴν,
2311 3344 2736 3416 χιονωθήσονται
2763 3346 2820 3398 ἐν
2846 3343 3089 3414 Σελμών.
3114 3364 3131 3396 ι
3155 3346 3299 3397 Ἀντὶ
3333 3344 3447 3407 τοῦ,
3489 3364 3507 3395 ι
3532 3345 3619 3398 Ἐν
3658 3344 3747 3415 τῷ

2144 3438 2477 3492 διαστέλλειν
2496 3438 2588 3490 τὸν
2606 3436 2926 3508 ἐπουράνιον
2952 3456 2969 3487 ι
3003 3439 3097 3490 καὶ
3120 3437 3188 3490 τά
3219 3437 3365 3507 ἑξῆς,
3388 3440 3416 3491 6
3444 3437 3738 3507 Σύμμαχος

2144 3529 2330 3584 τοῦτον
2360 3531 2671 3601 ἡρμήνευσε
2713 3527 2805 3582 τὸν
2844 3528 3073 3597 τρόπον’
3117 3545 3135 3578 ι
3160 3527 3352 3581 Ὁπότε
3380 3526 3736 3597 κατεμέριζεν

2144 3625 2172 3676 6
2210 3622 2395 3685 ἱκανὸς
2425 3620 2731 3691 βασιλεύειν
2765 3620 2957 3691 αὐτὴν,
3002 3618 3077 3681 ὼς
3126 3618 3457 3689 χιονισθεῖσα
3487 3615 3574 3689 ἦν.
3609 3617 3737 3669 Σελ-

2149 3714 2263 3785 μὼν
2309 3714 2436 3785 ὅρος
2479 3712 2637 3777 Θεοῦ,
2679 3712 2803 3784 ὅρος
2858 3710 3167 3782 εὐτροφίας,
3203 3710 3329 3780 ὅρος
3378 3708 3735 3780 ὑψηλότατον,

2144 3809 2271 3878 ὅρος
2310 3804 2632 3877 εὐτροφίας·
2668 3806 2748 3867 εἰς
2788 3803 2841 3856 τί
2888 3801 3381 3873 περισπουδάζεται
3428 3801 3495 3853 τὰ
3536 3800 3635 3871 ὅρη
3657 3802 3727 3854 τὰ

2147 3899 2361 3970 ὐψηλά;
2393 3898 2466 3950 Τὸ
2501 3897 2626 3967 ὅρος
2657 3898 2793 3967 ὅπερ
2826 3895 3090 3965 ἐπόθησεν
3122 3896 3151 3945 6
3183 3893 3313 3955 Θεὸς
3351 3894 3431 3956 είς
3462 3893 3523 3945 τὸ
3550 3910 3737 3946 κατοι-

2147 3995 2263 4046 κεῖν
2311 3993 2370 4043 ἐν
2414 3990 2581 4061 αὐτῷ,
2614 3990 2707 4043 καὶ
2734 3988 2937 4061 Κύριος
2964 3985 3379 4058 κατασκηνώσει
3405 3988 3482 4050 είς
3503 3986 3676 4049 τέλος.
3710 4006 3727 4036 ι

2148 4083 2399 4137 Διδάσκει
2433 4082 2490 4135 δὲ
2521 4083 2549 4134 6
2578 4080 2753 4149 λόγος,
2786 4080 2861 4143 ὡς
2892 4080 2999 4151 ἀρα
3039 4079 3180 4131 κατά
3215 4079 3305 4131 τὸν
3330 4079 3515 4150 καιρὸν
3544 4079 3601 4130 ἐν
3628 4070 3671 4144 ᾧ
3704 4080 3737 4131 6

2148 4175 2491 4249 ἐπουράνιος,
2518 4174 2718 4244 δηλαδὴ
2746 4176 2775 4226 ό
2795 4174 2903 4226 τῶν
2924 4175 2981 4226 ἐν
3002 4174 3248 4245 οὐρανοῖς
3268 4171 3557 4225 οἰκούντων
3576 4170 3729 4233 Θεὸς.

2147 4269 2246 4341 τὴν
2294 4266 2681 4340 προλεχθεῖσαν
2731 4265 3059 4337 περιστερὰν
3109 4264 3437 4334 κατεμέριζε
3470 4265 3584 4325 τοῖς
3638 4264 3732 4315 ἐπὶ

2148 4362 2247 4433 τῆς
2288 4361 2390 4431 γῆς
2442 4356 2742 4428 βασιλεῦσι,
2774 4358 3016 4410 τουτέστι
3041 4358 3153 4419 τοῖς
3181 4357 3239 4408 ὲν
3276 4358 3342 4425 τῇ
3374 4344 3442 4426 γῇ
3484 4355 3730 4424 μετόχοις

2148 4452 2250 4522 τῆς
2281 4448 2444 4503 αὐτοῦ
2493 4448 2787 4519 βασιλείας,
2824 4446 3136 4518 (προφῆται
3180 4445 3237 4499 δὲ
3283 4442 3424 4515 ἦσαν
3454 4436 3618 4505 οῦτοι,
3647 4443 3730 4496 δί-

2151 4542 2295 4598 καιοί
2325 4559 2384 4595 τε
2411 4542 2506 4594 καὶ
2531 4540 2793 4610 θεοφιλεῖς
2814 4539 3023 4610 ἄνδρες,
3053 4538 3183 4591 οἵτε
3210 4536 3448 4607 μαθηταὶ
3475 4536 3569 4588 καί
3594 4533 3735 4587 dit-6.

2154 4633 2327 4686 στολοι
2359 4631 2452 4685 τοῦ
2483 4632 2732 4703 Σωτῆρος
2759 4633 2791 4700 ή
2803 4630 2939 4701 μῶν,
2971 4624 3053 4693 οἷς
3084 4628 3145 4681 τὸ
3178 4627 3401 4698 Πνεῦμα
3431 4627 3491 4680 τὸ
3517 4628 3670 4695 ἆγιον
3700 4627 3733 4677 ὁ

2149 4726 2280 4790 Θεὸς
2309 4726 2611 4798 διεμέριζεν
2636 4726 2664 4777 6
2690 4710 2821 4777 ἐπού
2832 4723 3059 4795 ρανιος,)
3080 4721 3255 4792 χιόνος
3276 4720 3432 4790 δίκην
3456 4717 3734 4789 ἐλαμπρύ-

2150 4835 2303 4870 νοντο
2330 4819 2380 4870 οἱ
2414 4816 2523 4870 τῶν
2550 4814 2644 4868 τοῦ
2675 4815 2817 4869 θείου
2849 4813 3166 4884 Πνεύματος
3225 4811 3578 4883 χαρισμάτων
3607 4826 3739 4863 κατ-

2148 4907 2474 4978 αξιούμενοι.
2520 4905 2613 4959 Διὸ
2628 4905 2892 4958 λέλεκται·
2928 4904 3075 4957 «Ἵνα
3100 4902 3153 4955 τί
3190 4900 3597 4971 ὑπολαμϐάνετε
3630 4900 3729 4971 δρη

2148 4999 2501 5071 τετυρωμένα
2521 5015 2535 5063 ;
2559 5017 2577 5048 ι
2598 4996 2991 5066 Ἐπιτιμῶντος
3015 4993 3109 5047 τοῦ
3142 4993 3299 5061 λόγου
3329 4995 3440 5056 τοῖς
3470 4992 3655 5062 ἕτερόν
3677 5008 3730 5043 τι

2149 5092 2460 5162 νομίζουσιν
2488 5091 2672 5162 ὅμοιον
2701 5088 2850 5161 αὐτῷ
2878 5084 3035 5142 εἶναι.
3056 5085 3325 5154 Ἐπιλέγει
3347 5086 3403 5139 δὲ
3428 5087 3520 5138 καὶ
3550 5083 3730 5137 αἰτίαν

2147 5182 2212 5236 δι’
2245 5184 2311 5255 ἢν
2338 5184 2399 5237 οὐ
2431 5184 2695 5253 προσήκει
2722 5180 3211 5251 ἀντιπαραϐάλλειν
3233 5178 3382 5248 αὐτῷ
3413 5178 3597 5248 ἕτερον
3616 5193 3629 5206 ο
3652 5175 3730 5228 διό

2152 5292 2283 5345 φησι
2304 5292 2317 5305 '
2353 5295 2370 5325 ι
2400 5276 2472 5328 Τὸ
2508 5275 2634 5346 ὅρος
2661 5275 2689 5327 ὃ
2715 5274 3015 5345 ηὐδόκησεν
3042 5275 3069 5325 6
3103 5272 3235 5336 Θεὸς
3260 5272 3534 5326 κατοικεῖν
3563 5271 3619 5322 ἐν
3640 5269 3731 5322 αὐ-

2147 5366 2257 5437 τῷ·
2290 5369 2384 5420 καὶ
2425 5367 2534 5437 γάρ
2586 5366 2614 5417 ὁ
2661 5366 2865 5438 Κύριος
2916 5364 3330 5437 κατασκηνώσει
3376 5367 3455 5426 εἰς
3499 5362 3672 5419 τέλος.
3702 5380 3723 5412 ι

2144 5460 2321 5514 Μόνον
2357 5461 2465 5531 γάρ
2495 5463 2610 5512 ἐστι
2638 5459 2796 5512 τοῦτο
2827 5461 2883 5513 ἐν
2910 5453 2955 5528 ᾧ
2976 5459 3276 5529 ηὐδόκησεν
3314 5460 3342 5511 6
3377 5457 3509 5520 Θεὸς
3541 5471 3726 5510 κατοι-

2145 5555 2279 5616 κεῖν,
2311 5554 2404 5606 καὶ
2431 5555 2486 5605 ἐν
2510 5548 2553 5620 ᾧ
2580 5554 2607 5605 ό
2639 5553 2830 5623 Πατὴρ
2856 5552 3188 5620 κατασκηνοῖ
3214 5551 3294 5612 εἰς
3321 5548 3579 5619 ἀπείρους
3604 5545 3727 5600 αίῶ-

2142 5660 2239 5706 νας
2257 5661 2268 5672 ·
2299 5642 2380 5696 διὸ
2419 5642 2480 5694 οὐ
2528 5642 2794 5711 προσήκει
2824 5642 3010 5711 ἕτερον
3037 5637 3529 5710 ἀντιπαραϐάλλειν
3554 5635 3724 5708 αὐτῷ.

2141 5735 2204 5788 Εἰ
2235 5733 2345 5805 γὰρ
2371 5734 2466 5788 καὶ
2506 5733 2754 5787 λέλεκται
2790 5735 2916 5805 περὶ
2950 5733 3152 5804 ἐτέρων
3180 5732 3262 5796 τὸ,
3301 5749 3321 5781 ι
3346 5732 3645 5803 Ἐνοικήσω
3666 5728 3726 5783 ιν

482 5877 489 5886 ’
540 5883 584 5915 ⁹⁹
611 5882 753 5941 P521.
800 5903 930 5953 xm,
968 5888 1056 5941 5|.
1139 5890 1180 5922 δι
1206 5889 1351 5947 Psal.
1392 5908 1468 5958 xu,
1502 5892 1550 5944 7.
1631 5892 1871 5951 3’Levit.
1905 5908 2053 5959 xxvi,
2088 5890 2192 5959 12;
2231 5888 2271 5945 ll
2303 5892 2430 5947 Cor.
2469 5907 2541 5955 v1,
2589 5890 2675 5947 lG.
