4146 6390
350 414 421 475 .70
433 417 450 470 l

1482 414 1991 472 COMMENTARIA
2028 418 2095 473 IN
2134 418 2476 480 PSALMOS.

3507 431 3612 487 ἨΒ

352 536 539 599 αὐτοῖς
578 534 675 591 καλ⁸
719 535 1173 607 ἐμπεριπατήσω,
1201 534 1294 588 καὶ
1324 532 1518 605 ἔσομαι
1562 534 1740 588 αὐτῶν
1779 534 1931 599 Θεὸς,

2052 535 2210 601 aulat,
2243 545 2407 608 atque
2439 538 2496 593 in
2522 546 2706 596 monte
2733 555 2836 597 suo
2883 559 2898 598 :
2939 542 3139 599 etenim
3172 530 3334 600 Pater
3362 546 3416 601 in
3446 544 3609 613 Filio,

351 626 448 681 καλ⁵
477 626 633 681 αὐτοὶ
675 625 886 679 ἔσονταί
937 643 1038 697 μου
1067 625 1192 688 λαός
1211 642 1223 656 ·
1264 644 1282 675 ι
1323 624 1436 677 ἀλλ’
1460 625 1560 695 οὐχ
1592 622 1764 688 οὕτως
1795 626 1933 677 ἐνοι⁴

352 722 441 773 κεῖ
471 719 564 772 καὶ
590 720 955 789 ἐμπεριπατεῖ
982 717 1040 772 ἐν
1070 716 1299 781 τούτοις,
1325 717 1400 779 ὡς
1422 718 1478 769 ὲν
1505 716 1581 787 τῷ
1604 716 1767 769 at.on
1793 715 1928 789 δρει·

351 815 381 865 6
406 811 515 883 γὰρ
537 810 726 881 Πατὴρ
746 810 803 863 ἐν
830 809 904 880 τῷ
927 807 1041 879 Υἱῷ
1072 809 1163 862 καὶ
1184 809 1212 861 6
1251 808 1375 871 Υίὸς
1398 809 1454 861 ἐν
1474 806 1551 878 τῷ
1573 808 1745 878 Πατρί
1760 824 1773 837 ο
1804 829 1821 859 ι
1842 808 1935 861 καὶ

353 905 412 956 ἐν
442 902 589 974 αὐτῷ
617 902 885 975 ηὑδόκησε
913 903 1020 955 πᾶν
1045 901 1105 953 τὸ
1121 900 1395 972 πλήρωμα
1418 900 1516 970 τῆς
1538 899 1788 970 θεότητος
1810 916 1938 952 κατ-

351 994 575 1065 οικῆσαι
594 1011 607 1023 ·
644 1014 663 1046 ι
694 994 788 1047 καὶ
810 993 869 1046 οὐ
914 993 1045 1047 ποτὲ
1094 993 1191 1064 μὲν
1219 991 1430 1064 ᾠκησεν
1458 993 1514 1044 ἐν
1544 990 1712 1061 αὐτῷ,
1746 990 1933 1044 ἄλλοτε

353 1086 412 1141 δὲ
438 1086 602 1140 αὑτοῦ
632 1086 842 1159 ἀπέστη
862 1103 874 1116 ’
904 1085 1018 1140 ἀλλ’
1049 1088 1127 1149 εἰς
1157 1086 1216 1138 τὸ
1241 1086 1465 1155 ἄπειρον
1488 1083 1638 1147 τέλος
1663 1084 1748 1136 ἀεὶ
1774 1086 1801 1136 6
1829 1083 1938 1134 Πα-

354 1179 459 1251 τὴρ
478 1179 535 1231 ἐν
555 1177 633 1248 τῷ
660 1177 772 1247 Υίῷ
794 1180 1053 1231 κατοικεῖ.
1074 1178 1243 1239 Αὐτὸς
1262 1176 1318 1229 δέ
1343 1179 1488 1229 ἐστιν
1513 1177 1545 1246 ἡ
1570 1176 1755 1246 εἰρήνη
1779 1172 1935 1244 ἡμῶν

356 1269 500 1323 κατὰ
521 1269 611 1323 τὸν
640 1270 976 1323 Ἀπόστολον.
995 1269 1085 1322 Διὸ
1106 1271 1198 1323 καὶ
1214 1266 1440 1339 Σαλμὼν
1459 1266 1579 1339 (sic)
1602 1266 1934 1336 ὠνόμασται,

2039 633 2093 682 et
2121 626 2294 683 Filius
2336 630 2392 684 in
2434 629 2619 695 Patre,
2665 649 2683 683 ι
2719 641 2772 687 et
2801 633 2854 687 in
2883 633 3003 704 ipso
3035 637 3365 707 complacuit
3396 653 3611 694 omnem

2039 719 2432 789 plenitudinem
2454 721 2756 779 divinitatis
2787 724 3089 782 inhabitare
3110 729 3154 760 ⁸³
3183 746 3197 784 :
3225 748 3244 781 ι
3272 745 3449 800 neque
3466 732 3613 785 enim

2042 812 2205 866 modo
2235 812 2498 868 habitavit
2529 815 2582 870 in
2618 816 2733 881 illo,
2769 819 2931 873 modo
2961 821 3189 875 recessit
3222 822 3290 882 ab
3317 838 3381 877 eo
3402 840 3417 887 ;
3442 824 3535 878 scd
3559 824 3615 878 in

2042 901 2314 958 infinitum
2352 920 2413 959 ac
2447 922 2661 978 semper
2686 908 2847 965 Pater
2878 911 2932 965 in
2974 910 3110 965 Filio
3153 912 3437 969 inhabitat.
3493 911 3616 985 lpse

2042 1002 2222 1048 autem
2240 1006 2323 1049 est
2342 1013 2445 1067 pax
2461 1008 2668 1062 nostra,
2694 1003 2998 1058 secundum
3017 1003 3334 1073 Apostolum
3350 1004 3411 1058 “.
3436 1005 3616 1071 Quare

2045 1083 2265 1139 Selmon
2295 1096 2542 1154 vocat-ur,
2584 1091 2638 1145 id
2661 1099 2743 1147 est
2764 1132 2779 1158 ,
2809 1093 2956 1161 Pax;
2988 1103 3043 1147 et
3077 1095 3230 1150 locus
3270 1094 3363 1149 Dei
3396 1111 3498 1166 pa;
3528 1095 3615 1150 di-

2043 1174 2221 1239 citur,
2284 1179 2584 1233 secundum
2635 1181 2810 1248 illud,
2871 1200 2890 1233 ‹
2933 1181 2991 1237 In
3047 1198 3181 1255 pace
3230 1192 3421 1241 sancta
3464 1185 3625 1240 locus

2042 1266 2162 1335 ejus
2192 1266 2254 1322 ³³.
2285 1288 2303 1320 ι

357 1365 497 1434 ὅπερ
526 1364 671 1415 ἐστὶν
696 1363 900 1434 Εἰρήνη
920 1380 932 1392 ·
963 1363 1058 1415 καὶ¹
1091 1362 1255 1426 τόπος
1283 1360 1377 1414 τοῦ
1406 1360 1539 1415 Θεοῦ
1570 1362 1603 1431 ἡ
1634 1360 1824 1430 εἰρήνη
1858 1356 2125 1421 λέλεκται,
2157 1359 2297 1412 κατὰ
2326 1361 2407 1425 τὸ,
2445 1382 2462 1414 ι
2488 1364 2575 1417 Ἐν
2608 1365 2799 1436 εἰρήνῃ
2831 1366 2961 1438 ἁγίᾳ
3004 1368 3032 1418 6
3067 1367 3231 1427 τόπος
3261 1368 3448 1421 αὐτοῦ.
3488 1387 3506 1419 ι

436 1474 455 1505 ι
490 1455 563 1509 Τὸ
592 1455 745 1526 ἅρμα
776 1452 870 1507 τοῦ
920 1453 1053 1507 Θεοῦ
1089 1454 1499 1525 μυριοπλάσιον,
1528 1452 1761 1523 χιλιάδες
1786 1448 1943 1519 εὐθη-

2117 1452 2286 1510 Vrsas.
2324 1454 2410 1508 18.
2436 1474 2454 1505 ι
2478 1454 2687 1512 Currus
2712 1457 2804 1514 Dei
2826 1459 3014 1515 decem
3048 1462 3288 1516 millibus
3314 1462 3621 1531 multiplex,

359 1545 613 1599 νούντωνο
630 1545 833 1617 Κύριος
863 1546 920 1598 ἐν
950 1546 1131 1609 αὐτοῖς
1156 1547 1214 1598 ἐν
1230 1544 1380 1599 Σιναῒ
1397 1546 1455 1597 ἐν
1475 1543 1552 1615 τῷ
1577 1544 1769 1615 ἁγίῳ.»
1790 1544 1944 1595 Ἀπο-

2052 1547 2212 1601 millia
2243 1548 2560 1611 laetantium,
2593 1548 2856 1605 Dominus
2888 1552 2942 1605 in
2970 1552 3072 1617 eis,
3114 1552 3169 1606 in
3200 1551 3371 1615 Sinai,
3406 1551 3463 1605 in
3489 1567 3621 1607 san-

358 1639 483 1701 δοὺς
519 1639 547 1689 6
574 1637 731 1707 λόγος
770 1637 991 1709 πρώτην
1025 1636 1123 1708 τὴν
1154 1638 1283 1708 περὶ
1312 1634 1403 1689 τοῦ
1438 1637 1593 1705 ἁγίου
1626 1635 1942 1707 Πνεύματος

2052 1648 2152 1695 cto.
2196 1660 2215 1692 ι
2254 1639 2385 1696 Post
2410 1641 2640 1712 primam
2674 1643 2929 1697 traditam
2957 1644 3025 1699 de
3054 1643 3265 1714 Spiritu
3306 1653 3497 1699 sancto
3525 1643 3622 1697 do-

360 1726 708 1782 διδασκαλίαν
735 1727 821 1781 διὰ
850 1727 949 1796 τῆς
979 1727 1327 1798 περιστερᾶς,
1357 1726 1543 1779 ἔπειτα
1570 1726 1667 1797 τὴν
1696 1726 1940 1799 περὶτοῦ

2052 1731 2276 1786 ctrinam
2308 1749 2405 1802 per
2432 1734 2701 1788 columbae
2726 1735 3141 1791 similitudinem
3164 1776 3180 1801 ,
3223 1735 3529 1806 deindeque
3556 1736 3627 1791 de

362 1818 493 1873 Υἱοῦ
526 1818 611 1873 διὰ
655 1816 747 1871 τοῦ
778 1817 936 1890 ὅρους
961 1817 1053 1871 τοῦ
1084 1818 1238 1884 Θεοῦ,
1272 1818 1586 1871 καταϐαίνει
1625 1817 1809 1871 λοιπὸν
1850 1819 1941 1870 ἐπὶ

2052 1819 2182 1876 Filio
2215 1838 2311 1892 per
2338 1822 2564 1893 ﬁguram
2598 1825 2798 1878 montis
2829 1824 2954 1891 Dei,
2989 1826 3055 1881 ad
3092 1826 3378 1880 inferiores
3404 1827 3623 1881 demum

360 1912 460 1977 τὰς
486 1898 886 1983 ὑποϐεϐηκυίας
912 1910 1169 1981 δυνάμεις
1189 1928 1201 1941 ο
1228 1910 1515 1983 παριστὰς,
1544 1912 1646 1974 ὅτι,
1681 1913 1729 1963 εί
1756 1911 1847 1963 καὶ
1872 1910 1941 1963 τὰ

2052 1920 2346 1982 potestates
2373 1915 2699 1983 descendit;
2730 1917 3038 1981 declarans,
3074 1917 3287 1972 etiamsi
3332 1932 3490 1973 mons
3535 1919 3625 1973 ille

367 2002 601 2074 μάλιστα
626 2002 686 2055 τὸ
718 2002 842 2073 ὅρος
887 2001 947 2054 τὸ
989 2001 1246 2055 ἀποδοθὲν
1293 2001 1530 2056 τοιοῦτον
1560 2003 1834 2073 τυγχάνει,
1867 2002 1943 2065 ὡς

2052 2016 2382 2065 memoratus
2433 2010 2747 2079 hujusmodi
2801 2011 2909 2076 sit,
2972 2018 3030 2065 ut
3082 2011 3138 2064 in
3190 2010 3310 2081 ipso
3363 2011 3625 2066 inhabitet

364 2098 423 2148 ἐν
470 2093 617 2165 αὐτῷ
665 2097 941 2147 κατοικεῖν
988 2095 1097 2147 πᾶν
1142 2094 1202 2147 τὸ
1246 2092 1520 2166 πλήρωμα
1545 2096 1643 2166 τῆς
1672 2094 1942 2165 πατρικῆς

2052 2099 2228 2154 omnis
2274 2100 2558 2170 plenitudo
2590 2111 2830 2172 paterna:
2853 2101 3187 2167 divinitatis,
3219 2117 3327 2156 non
3370 2117 3492 2157 esse
3535 2110 3621 2154 ta-

365 2187 637 2258 θεότητος,
657 2186 769 2240 ἀλλ’
787 2188 847 2240 οὐ
878 2188 1036 2258 μόνον
1059 2186 1215 2240 τοῦτο
1245 2188 1433 2257 κτῆμά
1453 2189 1570 2240 ἐστι
1594 2186 1686 2240 τοῦ
1710 2187 1940 2257 Πατρὸς,

366 2279 478 2351 ἔχει
521 2280 577 2332 δὲ
619 2281 713 2333 καὶ
737 2279 902 2341 ἄλλας
931 2279 1331 2352 ὑποϐεϐηκυίας
1372 2278 1682 2342 διακονικὰς
1715 2277 1808 2331 καὶ
1841 2278 1946 2330 λει-

364 2370 658 2442 τουργικὰς
681 2371 956 2441 δυνάμεις,
984 2370 1050 2435 ἃς
1088 2364 1283 2442 μυρίας
1313 2370 1476 2434 οὔσας
1514 2371 1608 2425 καὶ
1634 2370 1852 2434 πολλὰς,
1876 2373 1942 2441 τῇ

365 2480 425 2516 τε
453 2464 619 2533 ἀρετῇ
645 2462 1006 2534 διαφερούσας
1032 2464 1121 2533 ὑφ’
1150 2464 1245 2517 ἕνα
1286 2462 1447 2532 ζυγὸν
1478 2463 1942 2533 καταδησάμενος,

365 2555 518 2627 ἆρμα
544 2554 718 2625 ἐαυτῷ
740 2555 1061 2622 κατέζευξεν
1086 2559 1113 2609 6
1132 2556 1507 2627 παμϐασιλεὺς
1547 2556 1699 2620 Θεὸς,
1732 2556 1819 2625 ὑφ’
1838 2558 1945 2626 ἠνι-

2048 2204 2174 2243 men
2208 2192 2379 2246 solam
2430 2190 2610 2247 Patris
2651 2193 3093 2263 possessionem;
3141 2193 3236 2247 sed
3266 2194 3443 2263 ipsum
3488 2193 3631 2247 alias

2051 2278 2251 2334 habere
2282 2280 2637 2338 administras
2663 2290 2717 2337 et
2746 2283 2995 2338 subditas
3025 2283 3273 2342 virtutes.
3308 2298 3469 2353 quas,
3499 2284 3629 2338 licet

2050 2365 2264 2421 inﬁnito
2294 2384 2524 2422 numero
2548 2368 2678 2434 sint,
2708 2378 2872 2438 atque
2906 2369 3106 2423 virtute
3148 2376 3490 2438 praestantes,
3522 2367 3627 2422 sub

2051 2473 2161 2511 uno
2187 2458 2319 2528 jugo
2342 2458 2607 2528 colligans
2635 2460 2878 2513 omnium
2900 2474 2992 2513 rex
3026 2458 3114 2513 ille
3142 2458 3285 2513 Deus
3314 2458 3500 2512 currui
3525 2458 3627 2512 ad-

2045 2548 2229 2620 junxit
2262 2564 2384 2612 suo,
2420 2551 2701 2620 aurigante
2729 2548 3021 2619 Unigenito
3046 2547 3222 2605 Verbo
3246 2564 3367 2603 suo.
3420 2548 3627 2603 Harum

365 2646 475 2717 όχῳ
506 2645 582 2717 τῷ
613 2649 906 2715 Μονογενεῖ
934 2646 1095 2700 αὐτοῦ
1127 2648 1301 2718 Λόγῳ.
1326 2648 1399 2701 Τὸ
1424 2649 1481 2701 δὲ
1508 2648 1711 2701 τούτων
1745 2646 1944 2718 πλῆθος

2052 2654 2182 2693 vero
2214 2638 2617 2693 multitudinem
2662 2639 2717 2692 in
2758 2639 2941 2693 divina
2987 2655 3083 2693 sua
3134 2639 3343 2694 visione
3387 2639 3633 2693 declarat

367 2740 460 2791 καὶ
488 2739 684 2810 Δανιὴλ
712 2742 739 2792 6
765 2741 1046 2811 προφήτης
1082 2742 1139 2794 ἐν
1166 2744 1231 2812 τῇ
1264 2740 1488 2813 θεοπτίᾳ
1532 2741 1825 2813 παρίστησι
1859 2739 1947 2792 λέ-

2052 2730 2264 2797 Daniel,
2292 2733 2480 2787 dicens
2511 2754 2524 2787 :
2569 2750 2586 2783 (
2618 2731 2808 2787 Decies
2842 2731 3038 2787 millies
3075 2733 3213 2786 dena
3252 2732 3419 2786 millia
3466 2732 3630 2786 mini-

365 2847 504 2900 γων·
536 2850 554 2881 ι
576 2832 781 2903 Μύριαι
809 2833 1066 2904 μυριάδες
1086 2833 1462 2906 ἐλειτούργουν
1492 2833 1768 2905 αύτῷ,κα“ι
1782 2833 1945 2904 χίλιαι

2054 2834 2301 2891 strabant
2328 2834 2398 2897 ei,
2425 2841 2478 2887 et
2501 2832 2671 2886 millia
2702 2832 2934 2887 millium
2962 2832 3215 2887 astabant
3248 2831 3305 2885 in
3331 2840 3629 2904 conspectu

367 2924 603 2996 χιλιάδες
628 2927 1087 2997 παρειστήκεισαν
1113 2926 1420 2998 ἔμπροσθεν
1450 2925 1631 2979 αὑτοῦ.
1665 2945 1683 2977 ι
1701 2921 1770 2997 ᾯ
1806 2944 1946 2997 συμ-

2053 2928 2174 2995 ejus
2205 2928 2271 2983 “.
2310 2947 2329 2980 ι
2367 2926 2466 2982 Cui
2492 2926 2695 2981 accinit
2722 2925 2812 2979 hic
2840 2925 2993 2980 locus
3024 2943 3037 2979 :
3082 2944 3100 2977 ‹
3138 2924 3347 2981 Currus
3372 2924 3464 2980 Dei
3496 2926 3637 2979 mul-

368 3014 561 3085 φώνως
587 3018 679 3069 καὶ
711 3017 804 3070 νῦν
838 3017 1118 3072 λέλεκται·
1153 3037 1171 3069 ι
1195 3018 1267 3070 Τὸ
1292 3019 1443 3089 ἅρμα
1471 3018 1563 3071 τοῦ
1592 3018 1727 3072 Θεοῦ
1765 3036 1947 3089 μυριο-

2056 3022 2220 3091 tiplex
2252 3019 2422 3074 millia
2462 3019 2783 3074 laetantium.
2816 3037 2834 3070 ›
2887 3017 2994 3073 Pro
3025 3032 3134 3088 quo
3163 3017 3521 3089 Symmachus
3551 3018 3631 3073 sic

369 3109 615 3171 πλάσιον,
654 3108 890 3179 χιλιάδες
923 3109 1312 3180 εὐθηνούντων.
1344 3130 1362 3160 ι
1384 3109 1521 3162 Ἀνθ’
1551 3102 1611 3163 οὗ
1652 3112 1680 3162 6
1722 3110 1947 3180 Σύμμα-

2056 3115 2469 3185 interpretatur,
2507 3111 2773 3167 «Vectura
2801 3110 2897 3166 Dei
2928 3110 3195 3165 denorum
3222 3108 3472 3175 millium,
3509 3109 3631 3163 mil—

368 3220 463 3274 χος
489 3204 858 3274 ἡρμήνευσεν·
892 3200 1156 3273 ι”Οχησις
1179 3201 1271 3254 τοῦ
1295 3201 1430 3255 Θεοῦ
1454 3201 1747 3272 μυριάδων,
1776 3200 1947 3272 χιλιά-

2056 3209 2126 3262 lia
2160 3207 2495 3263 sonantium.
2530 3224 2549 3257 ι
2591 3204 2731 3271 Quid
2764 3202 2919 3267 illud,
2953 3221 2970 3253 ι
2996 3202 3361 3265 sonantium,»
3397 3201 3502 3255 nisi
3530 3216 3629 3255 vo-

369 3297 459 3360 δες
508 3296 804 3366 ἠχούντων.
834 3314 853 3347 ι
895 3295 960 3348 Τί
1009 3295 1065 3347 δὲ
1101 3314 1119 3345 ι
1150 3294 1424 3365 ἠχούντων
1454 3315 1471 3345 ι
1502 3295 1536 3365 ἢ
1585 3294 1801 3358 πάντως
1848 3311 1948 3349 που

370 3388 556 3459 φωνὰς
588 3389 813 3461 πλήρεις
841 3388 1147 3457 δοξολογίας
1179 3390 1273 3441 καὶ
1301 3387 1607 3456 θεολογίας;
1642 3382 1742 3441 Οἷα
1766 3388 1858 3441 καὶ
1883 3388 1952 3443 τὰ

373 3480 644 3552 σεραφεὶμ
666 3481 1083 3552 ἀναγέγραπται
1110 3480 1261 3551 παρὰ
1289 3479 1366 3550 τῷ
1401 3479 1597 3551 Ἡσαΐᾳ
1629 3479 1834 3550 βοῶντα
1860 3480 1953 3533 καὶ

370 3570 595 3640 λέγοντα
614 3588 627 3601 ο
658 3572 901 3649 «Ἄγιος,
928 3572 1101 3640 ἅγιος.
1134 3570 1287 3640 ἅγιος
1313 3570 1516 3643 Κύριος
1546 3570 1791 3637 Σαϐαὼθ,
1816 3571 1955 3643 πλή-

376 3680 476 3736 ρης
509 3665 659 3717 πᾶσα
685 3665 719 3736 ἡ
746 3666 815 3735 γῆ
843 3664 943 3734 τῆς
963 3663 1121 3735 δόξης
1140 3662 1323 3717 αὑτοῦ.
1356 3682 1374 3715 ι
1396 3664 1482 3716 Ἐν
1502 3663 1724 3727 ταύταις
1746 3663 1802 3717 δὲ
1832 3666 1953 3729 ταῖς

372 3756 575 3827 χιλιάσι
639 3757 733 3810 καὶ
782 3759 904 3820 ταῖς
957 3755 1182 3828 μυριάσι
1225 3758 1347 3819 ταῖς
1399 3756 1833 3827 ὑπεζευγμέναις
1874 3756 1954 3827 τῷ

373 3848 577 3921 ἅρματι
606 3848 699 3902 τοῦ
732 3848 867 3901 Θεοῦ
910 3848 1004 3902 καὶ
1031 3848 1192 3912 αὐτὸς
1233 3850 1262 3902 6
1297 3847 1499 3920 Κύριος
1527 3848 1689 3919 μέσος
1729 3848 1954 3919 ἐμπολι-

369 3941 607 4007 τεύεται,
642 3939 830 4011 ὥσπερ
858 3940 1088 4012 ἡνιοχῶν
1118 3940 1287 4004 αὐτὰς
1315 3942 1407 3994 καὶ
1432 3940 1510 4012 τῷ
1543 3941 1819 4012 Πνεύματι
1848 3959 1953 3994 πα-

375 4031 747 4103 ρασκευάζων.
796 4032 888 4085 Διὸ
930 4032 1260 4101 ὲπιλέγεται,
1305 4051 1324 4083 ι
1352 4032 1551 4105 Κύριος
1589 4035 1647 4085 ἐν
1696 4034 1896 4096 αὐτοῖς.
1927 4053 1945 4086 ι

373 4124 531 4188 Ποῖος
564 4124 622 4176 δὲ
653 4123 878 4195 Κύριος,
911 4125 1164 4196 σημαίνει
1194 4123 1398 4196 προῖὼν
1422 4126 1515 4178 καὶ
1538 4124 1788 4194 φάσκων·
1824 4142 1843 4175 ι
1866 4125 1955 4176 Ἑν

372 4215 526 4270 Σινατ
556 4218 613 4269 ἐν
641 4216 720 4288 τῷ
747 4216 906 4287 ἁγίῳ.
940 4235 958 4267 ι
988 4217 1159 4280 Αὐτὸς
1184 4216 1293 4289 γὰρ
1326 4219 1551 4281 ἐκεῖνος,
1586 4218 1774 4287 φησὶν,
1799 4219 1826 4269 6
1850 4216 1957 4268 Κύ-

374 4326 491 4381 ριος
527 4311 555 4362 6
598 4311 655 4363 ἐν
703 4309 854 4363 Σιναῒ
886 4308 964 4380 τῷ
992 4309 1132 4380 ἁγίῳ
1163 4309 1277 4381 ὄρει
1306 4309 1522 4378 όφθείς’
1558 4305 1627 4381 ἦν
1658 4309 1714 4363 δὲ
1745 4302 1899 4373 οὗτος
1926 4310 1954 4361 6

369 4401 467 4455 τοῦ
502 4401 637 4460 Θεοῦ
664 4402 856 4471 Λόγος,
890 4402 1091 4474 δηλαδὴ
1136 4406 1248 4466 τοῖς
1291 4402 1396 4455 ὑπὸ
1426 4403 1488 4455 τὸ
1513 4402 1666 4473 ἆρμα
1694 4400 1786 4455 τοῦ
1820 4399 1953 4453 Θεοῦ

370 4493 741 4563 ἐζευγμένοις.
764 4494 853 4547 Διὸ
864 4495 924 4547 οὺ
947 4492 1022 4564 τῷ
1036 4492 1202 4566 [Γιτιν]
1220 4492 1629 4564 τετραγράμμῳ
1640 4492 1951 4563 κέχρηταιή

383 4585 643 4658 Ἐϐραῖκὴ
676 4584 840 4652 λέξις,
873 4587 1155 4657 στοιχείοις
1191 4587 1248 4639 δὲ
1276 4589 1475 4650 κοινοῖς
1501 4586 1590 4639 τὸν
1623 4586 1825 4656 Κύριον
1856 4601 1953 4637 πε-

374 4678 543 4749 ριέχει
590 4679 648 4732 ἐν
692 4678 790 4751 τῷ,
829 4697 847 4730 ι
874 4678 1079 4751 Κύριος
1112 4681 1170 4733 ἐν
1222 4680 1425 4743 αὐτοῖς.
1459 4680 1604 4731 »Ἵνα
1632 4679 1741 4749 γάρ
1769 4677 1952 4747 ἕτερον

371 4773 699 4845 παραστήσῃ
725 4771 911 4826 τοῦτον
943 4770 1037 4824 τοῦ
1067 4771 1323 4843 ἀνωτέρω
1364 4770 1450 4824 διὰ
1478 4769 1571 4823 τοῦ
1604 4768 1953 4840 τετραγράμ-

375 4881 475 4934 μου
504 4864 867 4935 σημανθέντκ
895 4865 1052 4928 Θεοῦ,
1083 4866 1170 4919 ὅτε
1206 4864 1305 4935 μὲν
1338 4883 1356 4915 ι
1384 4863 1444 4916 τὸ
1466 4863 1617 4934 ἅρμα
1641 4861 1735 4915 τοῦ
1764 4860 1897 4913 Θεοῦ
1928 4879 1946 4911 ι

371 4955 607 5024 ἐλέγετο,
643 4955 731 5009 διά
778 4957 885 5009 τῶν
928 4958 1328 5027 άνεκφωνήτων
1364 4957 1491 5026 παρ’
1531 4953 1799 5025 Ἑϐραίοις
1831 4953 1953 5023 ἐδη-

368 5051 530 5104 λοῦτο
559 5051 835 5122 στοιχείων
858 5067 871 5083 ⁸
907 5051 1024 5105 νυνὶ
1056 5051 1113 5104 δὲ
1145 5054 1253 5115 τοῖς
1284 5048 1610 5121 κοινοτέροις
1640 5050 1953 5120 χαρακτῆρ-

369 5159 477 5209 σιν,
496 5138 577 5206 οἷς
604 5144 697 5197 κα)⁴
717 5145 744 5196 6
770 5144 899 5214 παρ’
927 5141 1236 5214 ἀνθρώποις
1256 5143 1530 5213 γράφεται
1554 5139 1619 5193 κύ
1631 5156 1758 5211 ριος.
1780 5140 1957 5210 Ἀκρι-

369 5229 483 5295 ϐὦς
514 5232 571 5285 δὲ
607 5234 697 5286 καὶ
723 5233 813 5285 τὸν
840 5232 1001 5286 τόπον
1028 5232 1450 5303 ἐπισημαίνεται
1474 5230 1564 5284 τὸν
1598 5250 1616 5281 ι
1645 5232 1702 5283 ἐν
1730 5228 1899 5293 Σιναῒ,
1930 5248 1947 5280 ι

372 5323 460 5378 ῐνα
504 5327 722 5397 σημήνῃ
750 5326 838 5379 τὸν
872 5327 963 5379 ἐπὶ
992 5326 1093 5396 γῆς
1131 5325 1365 5395 ὀφθέντα
1394 5324 1616 5396 Κύριον.
1652 5323 1862 5395 Σφόδρα
1896 5321 1953 5374 δὲ

378 5418 684 5482 ἀκολούθως
707 5418 945 5487 ἐπιλέγει
976 5417 1123 5488 ἑξῆς

486 5532 503 5564 ι
558 5514 782 5585 Ἀνέϐης
849 5516 929 5578 εἰς
1005 5512 1176 5582 ὕψος,
1246 5509 1673 5581 ᾐχμαλώτευσας
1745 5509 1947 5579 αἰχμα-

384 5606 615 5658 λωσίαν·
688 5605 878 5670 ἔλαϐες
944 5606 1152 5677 δόματα
1217 5605 1276 5657 ἐν
1333 5600 1660 5673 ἀνθρώποις.
1705 5619 1723 5651 ι
1767 5600 1948 5653 Αἰνίτ-

2054 3318 2146 3356 ces
2176 3301 2426 3355 laudibus
2462 3298 2771 3368 divinisque
2795 3294 3141 3351 sermonibus
3166 3295 3356 3364 plenas
3385 3292 3634 3347 emitten-

2054 3393 2225 3449 tium?
2254 3391 2447 3458 Qualia
2477 3389 2751 3459 seraphim
2780 3387 2922 3458 apud
2946 3386 3145 3441 lsaiam
3192 3384 3430 3439 clamare
3457 3397 3519 3436 ac
3542 3382 3630 3437 di-

2054 3499 2178 3539 cere
2209 3482 2471 3552 scriptum
2494 3488 2579 3537 est
2611 3498 2623 3533 :
2661 3498 2680 3530 ι
2716 3476 2971 3540 Sanctus,
3000 3482 3246 3538 sanctus,
3272 3480 3495 3529 sanctus
3524 3470 3631 3526 Do-

2054 3575 2236 3629 minus
2263 3572 2521 3635 Sabaoth,
2541 3572 2700 3641 plena
2724 3578 2806 3627 est
2823 3570 3001 3625 omnis
3018 3576 3163 3622 terra
3192 3564 3363 3637 gloria
3389 3564 3509 3634 ejus
3526 3563 3589 3617 ³⁷.
3606 3582 3628 3616 ι

2054 3666 2201 3722 Inter
2251 3666 2367 3722 haec
2413 3666 2583 3720 millia
2623 3671 2677 3719 et
2702 3663 2841 3717 dena
2876 3662 3080 3726 millia,
3133 3675 3255 3730 qua
3304 3658 3399 3713 Dei
3447 3660 3634 3712 currui

2050 3759 2243 3830 juncta
2274 3765 2433 3820 sunt,
2470 3757 2683 3812 medius
2710 3760 2961 3810 versatur
2991 3754 3108 3824 ipse
3142 3750 3408 3805 Dominus
3428 3790 3442 3815 ,
3473 3751 3631 3818 quasi

2056 3851 2316 3920 aurigans
2347 3864 2410 3902 ac
2439 3845 2665 3917 Spiritui
2695 3858 3007 3915 praeparans
3033 3845 3201 3913 ipsas.
3266 3840 3633 3907 Quamobrem

2056 3944 2426 4013 subjungitur,
2465 3958 2485 3993 σ
2516 3940 2779 3994 Dominus
2825 3939 2879 3991 in
2914 3937 3015 3991 eis.
3052 3954 3071 3988 ›
3125 3934 3229 4000 Qui
3265 3934 3337 3989 sit
3370 3931 3636 3985 Dominus

2057 4032 2289 4088 subinde
2311 4031 2553 4085 declarat
2586 4030 2671 4083 his
2695 4028 2895 4092 verbis,
2934 4042 2953 4078 ι
2990 4026 3049 4080 In
3086 4023 3258 4087 Sinai,
3294 4024 3348 4076 in
3385 4027 3629 4077 sancto.»

2056 4128 2189 4182 Nam
2218 4128 2351 4197 ipse,
2386 4125 2585 4196 inquit,
2619 4123 2882 4178 Dominus
2908 4132 2991 4178 est
3025 4122 3119 4191 qui
3153 4121 3206 4174 in
3235 4126 3419 4173 monte
3444 4126 3636 4173 sancto

2059 4217 2209 4272 Sinni
2240 4218 2391 4273 visus
2415 4223 2536 4282 est;
2571 4225 2688 4270 erat
2718 4222 2897 4270 autem
2926 4213 3016 4268 ille
3050 4211 3146 4267 Dei
3180 4209 3417 4265 Verbum
3441 4248 3455 4274 ,
3483 4208 3637 4262 visus

2056 4308 2265 4363 scilicet
2293 4308 2362 4361 iis
2391 4306 2485 4377 qui
2537 4307 2639 4361 sub
2667 4320 2834 4359 curru
2880 4303 2974 4357 Dei
3016 4303 3193 4372 juncti
3225 4309 3403 4357 erant.
3454 4298 3635 4365 Quare

2057 4400 2325 4455 Hebraica
2357 4400 2537 4464 lectio,
2580 4413 2689 4453 non
2739 4405 3159 4466 tetragrammo,
3198 4395 3312 4449 sive
3346 4407 3478 4446 voce
3506 4405 3637 4460 qua-

2058 4500 2182 4547 tuor
2204 4494 2506 4547 litterarum
2540 4491 2734 4554 utitur,
2766 4489 2861 4545 sed
2886 4489 3153 4543 elementa
3184 4485 3493 4539 communia
3527 4481 3636 4534 Do-

2058 4583 2263 4637 minum
2292 4598 2601 4638 memorans
2628 4584 2859 4651 usurpat
2885 4579 2941 4632 in
2960 4578 3074 4641 illo,
3106 4574 3400 4630 «Dominus
3419 4574 3472 4626 in
3494 4573 3628 4625 eis.»

2063 4675 2129 4730 Ut
2157 4676 2301 4731 enim
2350 4691 2472 4730 eum
2505 4674 2671 4728 alium
2695 4688 2819 4728 esse
2855 4671 3159 4726 declararet
3200 4667 3267 4721 ab
3296 4682 3381 4729 eo,
3415 4664 3507 4733 qui
3541 4678 3634 4717 su-

2056 4770 2241 4839 perius
2291 4784 2388 4838 per
2436 4784 2633 4823 nomen
2663 4772 2899 4836 quatuor
2930 4764 3233 4817 litterarum
3264 4757 3629 4817 indicabatur,

2058 4859 2191 4924 Deo,
2230 4874 2355 4913 cum
2389 4876 2409 4909 ι
2442 4871 2639 4912 currus
2673 4854 2765 4909 Dei
2802 4873 2820 4905 ι
2855 4853 3152 4917 diceretur,
3182 4848 3466 4904 elementis
3487 4844 3630 4915 apud

2055 4952 2311 5009 Hebraeos
2336 4949 2701 5005 inetl‘abilibus
2727 4962 2860 5002 usus
2906 4954 3024 5011 est;
3059 4957 3204 4997 nunc
3225 4954 3355 4995 vero
3388 4952 3633 4992 commu-

2056 5046 2305 5103 nioribus
2334 5040 2768 5105 characteribus,
2816 5038 3016 5107 quibus
3067 5034 3340 5089 indicatur
3374 5029 3633 5083 dominus

2056 5139 2284 5211 quilibet
2314 5134 2455 5205 apud
2485 5133 2751 5187 homines.
2805 5129 3009 5183 Locum
3047 5128 3174 5180 item
3206 5128 3459 5177 accurate
3490 5118 3635 5173 indi-

2057 5240 2163 5293 cat,
2202 5248 2219 5280 ι
2254 5230 2308 5283 in
2340 5226 2523 5291 Sinai,
2561 5246 2579 5278 ι
2613 5234 2672 5279 ιιι
2712 5224 3043 5294 signiﬁcaret
3078 5218 3364 5273 Dominum
3398 5216 3453 5269 in
3486 5222 3633 5267 terra

2057 5326 2257 5379 visum.
2328 5319 2529 5376 Deinde
2585 5325 2982 5386 consequenter
3041 5309 3332 5366 admodum
3395 5304 3563 5360 infert
3613 5319 3631 5360 :

2129 5506 2295 5561 Vens.
2326 5503 2417 5557 29..
2481 5520 2500 5551 ς
2539 5496 2847 5554 Ascendisti
2880 5495 2934 5549 in
2964 5493 3153 5553 altum,
3182 5487 3372 5559 cepisti
3406 5484 3633 5555 captivi-

2056 5608 2244 5664 tatem,
2281 5593 2537 5665 acccpisti
2578 5592 2721 5645 dona
2771 5588 2825 5641 in
2866 5583 3199 5639 hominibus.
3240 5598 3257 5630 ι
3299 5579 3632 5632 Desceusum

449 5842 492 5877 ³³
517 5844 725 5902 Coloss.
764 5864 801 5914 ι,
851 5848 931 5903 l9.
1011 5849 1057 5884 “
1078 5847 1277 5919 Eplies.
1316 5863 1377 5915 ιι,
1427 5846 1511 5902 M.
1578 5845 1622 5879 ³⁸
1646 5844 1790 5901 Psal.
1826 5859 1947 5899 LX.“

2052 5845 2074 5899 ἱ.
2154 5843 2196 5874 ³⁸
2218 5840 2353 5894 Dan.
2390 5852 2487 5902 vlt,
2526 5835 2603 5889 ιο.
2683 5833 2723 5864 ³⁷
2752 5830 2855 5886 lsa.
2886 5844 2961 5921 vi,
2993 5827 3046 5881 ὅ.
