4128 6392
489 446 594 505 ’705

1160 444 1434 503 EUSEBII
1468 444 1953 502 C/ESARIENSIS
1989 445 2141 502 OPP.
2180 445 2363 501 PARS
2400 444 2487 498 lll.
2529 474 2595 484 —-
2636 442 3048 499 EXEGETICA.

3652 446 3756 502 704

489 584 651 639 porro
676 566 797 635 eius
821 564 1135 621 subindicat
1154 580 1278 619 cum
1309 565 1403 628 ait,
1434 565 1763 620 «ascendisti
1802 587 1813 620 :
1843 586 1861 618 ›
1891 582 2069 637 neque

2172 582 2319 617 τεται
2368 564 2424 617 δὲ
2480 561 2645 616 αὐτοῦ
2678 562 2777 634 τὴν
2817 564 3062 627 κάθοδον,
3115 561 3203 615 διὰ
3246 562 3337 615 τοῦ
3377 563 3575 633 φάναι,
3618 586 3635 616 ι
3661 568 3755 619 ἀν·-

485 660 631 713 enim
691 670 1021 710 ascensurus
1081 663 1234 720 erat,
1302 656 1407 710 nisi
1464 657 1620 726 prius
1672 656 2069 714 descendisset.

490 768 511 801 ‹
530 748 664 803 Nam
702 748 796 817 qui
825 747 1130 813 descendit,
1160 748 1275 818 ipse
1300 756 1384 803 est
1418 759 1470 803 et
1510 749 1602 820 qui
1630 751 1879 805 ascendit
1908 767 2075 821 super

484 855 676 895 omnes
718 840 912 901 cmlos,
949 848 1010 892 ut
1040 839 1295 908 impleret
1340 842 1525 895 omnia
1558 841 1621 894 ³⁸.
1658 859 1678 894 ι
1722 840 1860 908 Quid
1893 851 2073 897 autem

486 931 617 987 fecit
664 946 787 986 cum
824 931 1206 986 ascendisset?
1260 930 1541 1001 Captivam
1578 934 1735 989 duxit
1789 936 2073 1005 captivita-

486 1036 621 1089 tem,
652 1033 708 1080 et
732 1026 944 1095 accepit
971 1026 1113 1080 dona
1139 1026 1193 1078 in
1220 1025 1557 1081 hominibus.
1618 1026 1791 1093 Quam
1821 1043 1949 1082 vero
1982 1043 2074 1082 ca-

483 1119 787 1188 ptivitatem
810 1119 1080 1188 captivam
1104 1119 1282 1178 duxit,
1310 1119 1414 1171 nisi
1447 1120 1708 1189 praedicta
1742 1121 2074 1191 spolia,qu:e

483 1211 685 1265 milites
730 1212 815 1266 sui
852 1211 1157 1267 diviserant
1191 1211 1214 1263 ?
1254 1210 1359 1264 Sed
1413 1213 1578 1266 etiam
1620 1213 1885 1283 largiente
1915 1211 2074 1269 Patre

484 1319 587 1359 suo
616 1304 827 1374 accepit
856 1304 1000 1358 dona
1032 1304 1087 1357 in
1116 1303 1454 1370 hominibus,
1512 1305 1812 1360 secundum
1841 1308 2075 1376 promis-

484 1394 695 1449 sionem
733 1394 800 1447 ad
841 1394 1019 1463 ipsum
1068 1392 1269 1447 factam
1319 1395 1405 1448 liis
1456 1396 1642 1451 verbis
1676 1416 1688 1451 :
1729 1416 1747 1447 ε
1782 1396 2006 1451 Postula
2042 1414 2072 1452 a

482 1500 592 1549 me,
644 1491 699 1539 et
745 1484 887 1539 dabo
921 1484 1018 1538 tibi
1053 1494 1242 1555 gentes
1279 1485 1651 1541 haereditatem
1680 1494 1831 1540 tuam
1862 1498 1915 1541 et
1949 1504 2074 1558 pos-

484 1576 790 1631 Sessionem
817 1581 967 1629 tuam
995 1577 1258 1630 terminos
1288 1584 1468 1632 terrae.
1499 1578 1543 1609 ‘9
1579 1596 1598 1628 ι
1632 1576 1884 1648 Acceptis
1914 1595 1943 1633 a
1972 1578 2073 1633 Pa-

482 1675 568 1722 tre
616 1668 930 1737 hujusmodi
984 1668 1143 1723 donis
1184 1687 1202 1721 ι
1234 1670 1290 1723 in
1326 1669 1661 1734 hominibus,
1695 1689 1713 1721 ι
1753 1686 1905 1725 suam
1938 1687 2072 1726 con-

486 1759 664 1815 stituit
714 1758 1040 1816 Ecclesiam.
1102 1758 1201 1815 His
1250 1761 1546 1831 subjicitur
1591 1780 1603 1815 :
1661 1780 1680 1812 ι
1719 1761 1929 1816 Etenim
1963 1779 2071 1819 non

487 1852 773 1908 credentes
816 1852 1165 1920 inhabitare;
1207 1874 1226 1906 ›
1275 1853 1421 1923 quod
1448 1854 1653 1909 clarius
1681 1854 2070 1925 interpretatus

2175 655 2308 725 έϐης
2328 670 2341 683 '
2374 675 2393 707 ι
2431 655 2492 707 οὐ
2524 653 2632 725 γὰρ
2662 652 2726 707 ἂν
2755 653 2930 717 ἄλλως
2964 654 3154 724 ἀνέϐη,
3182 653 3230 705 εί
3265 652 3339 725 μὴ
3366 655 3627 727 πρότερον
3656 674 3756 709 κα-

2170 746 2517 818 ταϐεϐήκει.‹
2540 746 2598 799 'U
2614 747 2720 819 γὰρ
2758 746 3023 812 καταϐὰς,
3050 747 3210 811 αὐτός
3239 748 3354 800 ἑστι
3386 749 3477 801 καὶ
3502 751 3530 801 6
3551 749 3753 815 ἀναϐάς

2174 839 2428 910 ὑπεράνω
2459 839 2674 892 πάντων
2696 838 2804 892 τῶν
2832 839 3098 909 οὐρανῶν,
3127 840 3213 894 ἴνα
3244 839 3504 912 πληρώσῃ
3531 842 3599 895 τὰ
3627 845 3757 895 πάν-

2171 948 2259 985 τα.
2294 950 2311 982 ι
2334 931 2567 995 Ἀναϐὰς
2600 930 2658 984 δὲ
2686 930 2739 984 τί
2772 930 3036 1003 ἐπραξεν;
3075 932 3524 1004 ᾘχμαλώτευσεν
3560 936 3758 1005 αἰχμα-

2171 1022 2393 1089 λωσίαν,
2431 1025 2525 1077 καὶ
2576 1022 2733 1076 ἔλαϐε
2780 1023 2986 1094 δόματα
3032 1025 3089 1077 ἑν
3136 1024 3460 1096 ἀνθρώποις.
3501 1027 3665 1079 Ποίαν
3695 1027 3753 1081 δὲ

2172 1115 2549 1187 αἰχμαλωσίαν
2574 1115 2994 1188 ᾐχμαλώτευσεν
3019 1117 3051 1189 ἢ
3078 1117 3145 1171 τά
3172 1118 3535 1190 προλεχθέντα
3561 1118 3753 1183 σκύλα,

2171 1207 2207 1261 ἃ
2233 1208 2570 1280 διενείμαντο
2599 1210 2647 1262 ot
2682 1209 2847 1262 αὐτοῦ
2880 1210 3244 1281 department;
3291 1210 3450 1264 Ἀλλὰ
3482 1213 3574 1266 καὶ
3600 1212 3758 1266 ἔλαϐε

2171 1300 2381 1371 δόματα
2410 1304 2466 1353 ἑν
2492 1301 2821 1373 ἀνθρώποις,
2840 1301 2932 1356 τοῦ
2964 1303 3177 1375 Πατρὸς
3198 1304 3345 1375 αὐτῷ
3362 1304 3754 1377 δεδωρημένου,

2172 1395 2293 1448 καθ’
2322 1397 2387 1465 ἣν
2416 1394 2751 1466 ὲπὴγγελται
2794 1395 2931 1467 πρὸς
2962 1395 3124 1449 αὐτὸν
3164 1396 3516 1465 ἐπαγγελίαν,
3545 1399 3718 1470 φήσας
3739 1398 3758 1427 δ

2178 1499 2197 1533 ι
2227 1481 2459 1553 Αίτησαι
2490 1482 2798 1555 παρ’ἐμοῦ,
2823 1486 2917 1537 καὶ
2940 1484 3095 1539 δώσω
3122 1503 3202 1539 σοι
3236 1484 3361 1558 ἔθνη
3387 1487 3482 1556 τὴν
3511 1487 3762 1560 κληρονο-

2176 1574 2305 1645 μίαν
2333 1592 2422 1627 σου
2445 1576 2538 1628 καὶ
2561 1576 2660 1647 τὴν
2686 1576 3014 1647 κατάσχεσίν
3039 1594 3130 1631 σου
3152 1578 3220 1631 τά
3243 1578 3453 1649 πέρατα
3475 1581 3575 1649 τῆς
3596 1581 3716 1651 γῆς.
3732 1602 3750 1634 ι

2172 1667 2357 1721 Ταῦτα
2378 1667 2515 1722 δὲτὰ
2542 1668 2750 1739 δόματα
2771 1689 2787 1721 ι
2815 1671 2872 1722 ἑν
2895 1669 3202 1741 ἀνθρώποις
3226 1692 3243 1723 ι
3273 1670 3522 1745 παρὰτοῦ
3547 1673 3759 1745 Πατρὸς

2174 1759 2375 1825 λαϐὼν,
2414 1763 2779 1833 συνεστήσατο
2819 1764 2919 1833 τὴν
2960 1763 3284 1833 Ἐκκλησίαν
3327 1765 3511 1817 αὐτοῦ.
3539 1766 3761 1829 Τούτοις

2173 1850 2298 1922 ἑξῆς
2343 1852 2586 1924 εἴρηται·
2628 1872 2646 1903 ε
2678 1854 2788 1906 Καὶ
2832 1854 2941 1925 γάρ
2969 1853 3322 1919 ἀπειθοῦντες
3359 1856 3451 1909 τοῦ
3484 1852 3763 1929 κατασκη-

489 1941 853 2015 Symmachus
882 1953 986 2009 est,
1041 1963 1059 1995 α
1096 1945 1287 2003 Adhuc
1317 1953 1369 2000 et
1394 1947 1449 2000 in
1476 1961 1583 2001 non
1610 1947 1959 2003 credentibus
1988 1949 2069 2003 in-

2174 1943 2374 1996 νῶσαι·
2407 1964 2425 1994 ι
2459 1945 2597 2014 ὅπερ
2626 1945 2958 2017 σαφέστερον
2996 1946 3275 2000 ἀπέδωκεν
3298 1950 3325 2001 6
3359 1948 3653 2019 Σύμμαχος
3684 1952 3762 2001 εί-

488 2035 757 2091 habitare.
804 2054 823 2088 ι
870 2034 1006 2089 Nam
1041 2045 1096 2090 et
1130 2035 1288 2101 illud,
1323 2038 1524 2107 inquit,
1582 2053 1611 2090 a
1641 2036 1801 2093 Patre
1838 2040 2067 2110 accepit,

486 2135 546 2181 ut
577 2127 909 2183 inhabitaret
944 2129 1000 2182 in
1029 2130 1110 2184 eis
1149 2134 1245 2199 qui
1277 2129 1407 2183 olim
1439 2146 1549 2184 non
1592 2130 1974 2197 crediderant,
2017 2143 2071 2187 et

487 2221 673 2291 pietati
700 2220 754 2275 in
782 2220 952 2276 Deum
986 2223 1457 2277 contradixerant.
1514 2222 1648 2276 Nam
1682 2224 1823 2278 hanc
1854 2240 2072 2295 quoque

487 2318 811 2383 potestatem
839 2314 1071 2383 accepit,
1102 2321 1162 2367 ut
1192 2314 1249 2367 in
1269 2314 1450 2367 medio
1474 2328 1583 2366 non
1620 2313 1958 2368 credentium
1988 2315 2073 2368 in-

488 2408 779 2473 babitaret,
827 2413 993 2477 atque
1024 2423 1090 2462 ex
1119 2408 1253 2477 ipsis
1287 2423 1396 2461 non
1428 2406 1777 2462 credentibus
1810 2407 1950 2462 dona
1980 2423 2073 2462 ac-

484 2502 709 2572 ciperet.
742 2499 1039 2569 Postquam
1070 2508 1250 2556 autem
1285 2512 1365 2556 tot
1388 2511 1656 2572 prtecepta
1686 2508 1811 2571 post
1837 2501 2073 2572 prophe—

484 2594 615 2647 tiam
667 2594 794 2649 data
845 2603 993 2657 sunt,
1030 2594 1292 2666 deinceps
1340 2594 1580 2665 Spiritus
1630 2603 1878 2659 sanctus,
1911 2596 2071 2665 quasi

484 2685 763 2756 praeclaris
794 2686 1248 2756 mirabilibusque
1283 2688 1450 2757 gestis
1487 2688 1767 2758 operibus,
1797 2694 1877 2740 tot
1900 2688 2071 2742 bono-

484 2794 605 2832 rum
635 2778 883 2847 largitori
913 2778 1189 2832 benedicit
1213 2778 1299 2833 his
1323 2779 1503 2834 verbis
1537 2797 1549 2832 :
1593 2798 1610 2828 ί
1634 2778 1897 2833 Dominus
1930 2776 2071 2832 Deus

484 2869 829 2935 benedictus,
885 2868 1208 2925 benedictus
1256 2868 1521 2925 Dominus
1577 2870 1841 2940 quotidie.
1879 2889 1898 2922 ι
1953 2868 2072 2923 Non

486 2961 627 3016 uitta
676 2961 842 3028 enim,
885 2960 1084 3031 inquit,
1119 2960 1371 3016 homines
1426 2961 1695 3033 malignos
1728 2961 1955 3031 spiritus
1986 2976 2072 3015 er-

483 3067 611 3106 rore
643 3052 794 3106 ducti
820 3054 1029 3117 colunt,
1063 3053 1159 3108 sed
1194 3054 1427 3123 singulis
1454 3054 1647 3108 diebus
1672 3061 1724 3108 et
1756 3053 1907 3107 horis
1933 3069 2073 3123 pra:-

483 3145 692 3199 dictum
731 3143 1020 3199 Dominum
1072 3144 1430 3200 benedicunt.
1495 3145 1616 3216 Ipse
1645 3160 1774 3199 vero
1804 3144 2071 3200 Dominus

490 3256 509 3288 ι
540 3252 859 3307 prosperum
892 3237 997 3293 iter
1020 3236 1181 3292 faciet
1210 3239 1388 3299 nobis,
1415 3259 1433 3292 ι
1474 3254 1598 3293 cum
1622 3240 1739 3309 ipse
1763 3240 1834 3293 sit
1870 3258 1888 3290 ι
1928 3238 2071 3295 Deus

484 3329 809 3384 salutarium
840 3340 1210 3386 nostrorum.)
1248 3331 1374 3386 Haec
1408 3347 1535 3387 vero
1565 3349 1631 3386 ex
1658 3348 1888 3402 persona
1917 3333 2072 3386 chori

484 3422 856 3491 apostolorum
892 3422 1131 3492 Spiritus
1159 3432 1385 3478 sanctus
1413 3424 1688 3493 loquitur,
1726 3431 1787 3477 ut
1819 3424 1886 3477 ab
1918 3423 2072 3478 initio

485 3514 757 3568 sermonis
789 3513 1214 3570 declaravimus.
1246 3516 1513 3582 Quoniam
1546 3516 1714 3585 igitur
1745 3531 2072 3586 prosperum

485 3607 587 3660 iter
619 3621 649 3659 a
680 3605 790 3661 Deo
821 3607 899 3661 illi
928 3609 1317 3677 precabantur,
1350 3619 1406 3662 ut
1432 3624 1555 3663 eum
1586 3609 1820 3673 adirent,
1855 3610 1932 3663 uti
1958 3608 2070 3679 jam

486 3705 645 3751 antea
672 3699 889 3753 dictum
914 3707 1019 3763 est,
1060 3701 1376 3757 necessario
1412 3700 1603 3754 dicunt
1637 3720 1650 3753 :
1693 3720 1711 3753 ι
1744 3700 2071 3756 Benedictus

484 3788 747 3844 Dominus
777 3790 1042 3861 quotidie,
1077 3808 1399 3863 prosperum
1433 3795 1535 3848 iter
1562 3793 1721 3848 faciet
1745 3793 1901 3849 nobis
1928 3793 2072 3850 Deus

486 3881 808 3936 salutarium
840 3892 1177 3939 nostrorum.
1219 3905 1238 3937 ›
1306 3885 1414 3940 Pro
1442 3887 1536 3940 illo
1566 3896 1770 3951 autem,
1811 3907 1829 3939 ‹
1865 3889 2072 3943 saluta-

484 3971 626 4025 rium
653 3981 1025 4039 nostrorum,»
1068 3975 1433 4047 Symmachus
1471 3997 1489 4029 ι
1517 3976 1817 4034 Salvatoris
1848 3981 2019 4035 nostri
2044 4000 2061 4032 ι

486 4063 873 4133 interpretatus
898 4076 983 4121 est
1003 4086 1017 4135 ;
1050 4084 1150 4138 pro
1172 4084 1281 4138 quo
1301 4085 1523 4124 rursum
1538 4068 1866 4125 chraicum
1888 4088 2070 4127 exem—

487 4155 627 4224 plar,
665 4154 966 4211 Salvatoris
998 4161 1172 4213 nostri
1194 4159 1325 4215 Jesu
1358 4177 1558 4217 nomen
1598 4163 2065 4219 commemoravit.

491 4265 510 4299 ‹
535 4246 680 4302 Deus
716 4260 926 4315 noster,
948 4249 1091 4306 Deus
1128 4253 1309 4307 salvos
1340 4252 1597 4318 faciendi,
1631 4262 1685 4308 et
1714 4253 1930 4308 Domini
1963 4253 2071 4309 Do-

485 4340 619 4394 mini
651 4340 833 4395 exitus
857 4343 1068 4397 mortis.
1112 4362 1131 4395 ι
1166 4342 1290 4397 Haec
1322 4360 1541 4398 rursum
1572 4360 1640 4398 ex
1671 4360 1905 4414 persona
1942 4361 2071 4416 apo-

485 4432 752 4486 stolorum
797 4434 1114 4503 prephetice
1144 4433 1288 4488 dicta
1322 4443 1470 4488 sunt.
1522 4433 1662 4500 Quia
1693 4436 1837 4489 enim
1870 4436 1937 4491 de
1962 4436 2071 4492 Deo

482 4524 638 4596 prius
665 4526 832 4581 locuti
863 4533 1011 4590 sunt,
1030 4536 1435 4597 consequenter
1466 4530 1519 4583 in
1550 4530 1806 4600 pratscnti
1838 4531 2027 4584 dicunt
2055 4552 2067 4585 :

488 4636 507 4667 ι
546 4616 690 4673 Deus
724 4626 932 4679 noster.
964 4619 1104 4674 Deus
1137 4621 1320 4676 salvos
1352 4621 1609 4689 faciendi,
1639 4630 1691 4677 et
1718 4621 1933 4677 Domini
1965 4623 2070 4678 D0-

2173 2035 2322 2088 πών·
2358 2037 2511 2089 «Ἔτι
2552 2040 2649 2091 καὶ
2694 2040 2752 2091 ὲν
2801 2037 3088 2091 ἀπειθοῦσι
3132 2041 3571 2112 κατασκηνῶσαι.
3602 2062 3619 2094 ι
3651 2044 3763 2096 Καὶ

2170 2131 2329 2185 τοῦτο
2361 2132 2490 2204 γὰρ,
2526 2133 2680 2204 φησὶ,
2713 2133 2863 2205 παρά
2888 2134 2981 2187 τοῦ
3015 2135 3228 2207 Πατρὸς
3262 2135 3441 2199 ἔλαϐε,
3484 2135 3543 2190 τὸ
3591 2154 3762 2191 κατα-

2175 2226 2451 2297 σκηνῶσαι
2477 2228 2533 2279 ἐν
2557 2230 2669 2291 τοῖς
2700 2227 2867 2280 πάλαι
2894 2227 3182 2282 ἀπειθοῦσι
3206 2230 3301 2284 καὶ
3334 2228 3672 2299 ἀντιλέγουσι
3694 2233 3761 2304 τῇ

2171 2322 2265 2375 τοῦ
2293 2321 2427 2375 Θεοῦ
2458 2322 2727 2393 εὐσεϐείᾳ.
2757 2322 2869 2375 Καὶ
2902 2321 3106 2393 ταύτην
3130 2324 3237 2395 γὰρ
3273 2322 3461 2395 εἴληφε
3493 2325 3593 2395 τὴν
3620 2323 3765 2388 ἐξου-

2175 2415 2316 2477 σίαν,
2348 2413 2489 2467 ὥστε
2522 2417 2579 2467 ἑν
2615 2413 2766 2485 μέσῳ
2805 2414 2913 2467 τῶν
2959 2414 3327 2468 ἀπειθούντων
3358 2414 3758 2486 κατασκηνοῦν,

2172 2509 2232 2572 ἑξ
2265 2507 2442 2561 αὐτῶν
2488 2524 2547 2560 τε
2594 2506 2701 2560 τῶν
2749 2506 3116 2560 ἀπειθούντων
3145 2506 3440 2579 λαμϐάνειν
3470 2508 3646 2579 ἑαυτῷ
3673 2507 3731 2560 δό

2175 2616 2339 2670 ματα.
2372 2598 2652 2651 Τοσούτων
2705 2597 2768 2669 δὴ
2826 2598 3167 2669 μαθημάτων
3220 2598 3632 2671 παραδοθέντων
3674 2599 3764 2653 διὰ

2171 2693 2271 2763 τῆς
2295 2691 2652 2763 προφητείας,
2676 2691 2803 2762 ἑξῆς
2823 2692 2884 2745 τὸ
2907 2690 3133 2762 Πνεῦμα
3158 2690 3219 2744 τὸ
3244 2691 3417 2761 ἅγιον,
3444 2692 3519 2755 ὼς
3546 2692 3638 2745 ἑτι).
3668 2710 3763 2763 με-

2172 2783 2357 2852 γάλοις
2390 2784 2485 2837 καὶ
2515 2782 2839 2854 παραδόξοις
2872 2782 3311 2854 κατορθώμασιν,
3336 2784 3547 2852 εὐλογεϊ
3568 2785 3657 2837 τὸν
3680 2801 3764 2837 τοι

2174 2877 2377 2930 σούτων
2409 2876 2630 2946 ἀγαθῶν
2657 2877 2860 2947 δοτῆρα
2892 2877 3100 2944 φάσκον
3124 2893 3136 2906 ·
3173 2895 3191 2927 ι
3217 2875 3420 2948 Κύριος
3456 2878 3484 2929 ό
3516 2875 3647 2941 Θεὸς
3672 2876 3763 2928 εὐ-

2171 2969 2418 3040 λογητὸς,
2465 2969 2756 3040 εὐλογητὸς
2798 2969 3005 3042 Κύριος
3049 2970 3264 3043 ἡμέραν
3308 2969 3428 3024 καθ’
3472 2970 3702 3042 ἡμέραν.
3736 2989 3753 3021 ι

2174 3062 2370 3115 Οὐκέτι
2403 3063 2533 3134 γὰρ,
2568 3064 2753 3133 φησὶν,
2789 3063 3065 3135 ἅνθρωποι
3095 3063 3353 3134 δαίμονας
3382 3065 3651 3135 πονηροὺς
3675 3081 3765 3117 πε-

2173 3152 2532 3224 πλανημένως
2557 3154 2892 3222 δοξάζουσιν,
2920 3155 3036 3208 ἀλλ’
3064 3157 3151 3226 ἐφ’
3170 3157 3409 3229 ἑκάστης
3436 3158 3646 3229 ἡμέρας
3670 3158 3763 3211 καὶ

2175 3243 2294 3297 καθ’
2321 3246 2558 3317 ἑκάστην
2597 3246 2747 3317 ὥραν
2796 3247 2888 3300 τὸν
2935 3247 3350 3318 προδηλωθέντα
3378 3249 3579 3320 Κύριον
3608 3248 3760 3301 εὐλο-⁹

2173 3336 2380 3405 γοῦσιν.
2400 3338 2456 3391 ’0
2482 3338 2537 3391 δὲ
2573 3339 2735 3402 αὐτὸς
2761 3340 2963 3411 Κύριος
2997 3358 3015 3390 ι
3047 3340 3409 3394 κατευοδώσει
3436 3342 3587 3411 ἡμῖν,
3614 3361 3631 3392 ι
3665 3344 3762 3394 αὐ-

2175 3430 2266 3492 τὸς
2293 3428 2367 3483 ῶν
2397 3448 2414 3481 ε
2443 3433 2471 3484 6
2488 3430 2619 3493 Θεὸς
2640 3430 2746 3485 τῶν
2773 3431 3056 3503 σωτηριῶν
3085 3420 3304 3504 ἡμῶν.)
3326 3434 3491 3502 Λέγει
3510 3433 3565 3486 δὲ
3592 3432 3763 3487 ταῦτα

2172 3521 2234 3573 τὸ
2259 3521 2485 3593 Πνεῦμα
2517 3522 2578 3574 τὸ
2610 3522 2763 3591 ἅγιον
2788 3523 2853 3575 ἐκ
2878 3522 3172 3594 προσώπου
3200 3523 3293 3576 τοῦ
3316 3524 3479 3596 χοροῦ
3502 3524 3610 3578 τῶν
3632 3527 3763 3578 ἀπο-

2175 3614 2396 3679 στόλων,
2444 3616 2634 3686 ὦσπερ
2666 3611 2761 3669 οῦν
2820 3617 2911 3669 καὶ
2943 3617 3235 3687 ἀρχόμενοι
3254 3615 3355 3669 τοῦ
3400 3616 3554 3686 λόγου
3624 3634 3763 3687 παρ-

2172 3709 2504 3779 εστήσαμεν.
2558 3709 2711 3763 Ἐπεὶ
2752 3710 2931 3763 τοίνυν
2972 3712 3071 3781 τῆς
3106 3710 3277 3765 ἐκτοῦ
3294 3709 3430 3763 Θεοῦ
3461 3710 3762 3764 κατευοδώ-

2175 3816 2311 3864 σεως
2341 3800 2548 3855 ἐδέοντο
2577 3798 2743 3868 οῦτοι,
2772 3804 2852 3866 εἰς
2889 3803 2950 3856 τὸ
2977 3802 3293 3874 ὁδοποιῆσαι
3325 3802 3493 3873 αὐτῷ,
3526 3803 3669 3857 κατά
3693 3804 3761 3857 τά

2172 3890 2481 3963 ἔμπροσθεν
2505 3894 2785 3964 εἰρημένα,
2822 3893 3134 3963 ἀναγκαίως
3183 3894 3368 3963 φασίν⁸
3409 3913 3426 3945 ι
3455 3894 3762 3965 Εὐλογητὸς

2172 3986 2375 4056 Κύριος
2431 3987 2643 4058 ἡμέραν
2694 3986 2813 4041 καθ’
2850 3986 3099 4058 ἡμέραν,
3146 3985 3505 4040 κατευοδώσει
3552 3990 3683 4058 ἡμῖν
3733 3989 3763 4039 6

2170 4079 2301 4143 Θεὸς
2344 4079 2452 4134 τῶν
2496 4080 2776 4151 σωτηριῶν
2812 4080 2991 4151 ἡμῶν.
3023 4100 3041 4132 ι
3065 4081 3210 4133 Ἀντὶ
3234 4080 3289 4133 δὲ
3323 4080 3440 4145 τοῦ,
3472 4100 3489 4132 ι
3516 4079 3625 4133 τῶν
3656 4098 3762 4133 σω-

2169 4171 2372 4242 τηριῶν
2401 4170 2579 4243 ἡμῶν,
2614 4190 2633 4223 ι
2663 4172 2691 4224 6
2719 4171 3039 4241 Σύμμαχος,
3079 4189 3097 4221 ι
3124 4170 3218 4223 τοῦ
3248 4170 3501 4241 Σωτῆρος
3526 4169 3704 4241 ἡμῶν,
3739 4189 3758 4222 ι

2170 4264 2517 4335 ήρμὴνευσεν
2536 4280 2549 4294 ·
2586 4263 2702 4317 ἀνθ’
2730 4258 2790 4317 οὗ
2819 4263 2879 4315 τὸ
2926 4262 3214 4335 Ἐϐραῖκὸν
3246 4263 3407 4317 πάλιν
3439 4262 3531 4317 τοῦ
3566 4262 3765 4333 ὀνόμα-

2170 4371 2260 4417 τος
2298 4353 2391 4407 τοῦ
2427 4355 2679 4426 Σωτῆρος
2724 4354 2879 4424 ἡμῶν
2918 4354 3095 4425 Ἰησοῦ
3151 4355 3443 4426 μέμνηται.
3486 4375 3503 4406 ι
3530 4352 3587 4407 Ὀ
3631 4353 3763 4417 Θεὸς

2173 4445 2350 4515 ἡμῶν,
2394 4448 2422 4498 6
2451 4445 2583 4509 Θεὸς
2632 4444 2726 4498 τοῦ
2762 4444 2977 4511 σώζειν,
3009 4446 3105 4499 καὶ
3139 4445 3234 4498 τοῦ
3292 4446 3499 4517 Κυρίου
3553 4443 3760 4515 Κυρίου

2173 4539 2229 4591 αἱ
2272 4536 2493 4603 διέξοδοι
2536 4538 2628 4591 τοῦ
2676 4536 2928 4594 θανάτου.
2965 4559 2983 4591 ›
3028 4539 3197 4592 Πάλιν
3239 4540 3305 4591 ἐκ
3338 4537 3626 4609 προσώπου
3652 4536 3762 4590 τῶν

2176 4630 2486 4683 ἀποστόλων
2508 4629 2860 4699 προφητικῶς
2879 4631 2973 4682 καλ⁹
2997 4628 3169 4681 ταῦτα
3194 4627 3464 4681 λέλεκται.
3484 4629 3539 4681 Ἐ
3549 4628 3637 4679 πεὶ
3654 4627 3763 4697 γὰρ

481 4708 617 4761 mini
642 4708 823 4763 exitus
852 4710 1073 4773 mortis;
1100 4729 1117 4761 ι
1154 4710 1270 4765 sive
1298 4711 1600 4765 secundum
1627 4710 2011 4783 Symmachum
2049 4735 2061 4771 :

2174 4720 2533 4793 ἐθεολόγησαν
2553 4690 2809 4773 ’διάΙτῶν
2843 4690 3178 4791 ἔμπροσθεν,
3216 4718 3524 4782 ἀκολούθως
3555 4690 3761 4772 καὶτδιά

486 4823 505 4855 ι
546 4804 691 4860 Deus
726 4806 906 4870 nobis,
934 4806 1076 4862 Deus
1110 4807 1166 4861 in
1197 4808 1452 4873 salutem,
1487 4816 1541 4862 et
1574 4806 1789 4862 Domini
1814 4808 2063 4864 domina-

481 4899 620 4953 toris
643 4888 823 4955 exitus
854 4902 906 4954 in
934 4912 1185 4956 mortem.
1223 4922 1242 4954 ι
1281 4900 1416 4955 Nam
1449 4917 1573 4957 cum
1607 4902 1695 4955 hic
1725 4903 1877 4957 solus
1920 4902 2065 4961 Deus

481 4994 575 5056 sit,
612 4995 661 5048 is
692 5009 825 5048 sane
860 4996 1042 5049 exitus
1088 4996 1295 5051 invenit
1334 4997 1491 5066 queis
1520 5012 1549 5049 a
1577 5004 1754 5052 morte
1786 4999 2059 5054 evaderet.

478 5085 932 5155 Quandoquidem
979 5088 1159 5142 omnis
1191 5088 1358 5143 homo
1390 5089 1457 5143 ad
1500 5089 1807 5160 ingressum
1844 5093 2064 5162 quidem

478 5178 672 5231 mortis
700 5178 967 5248 pervenit,
999 5178 1243 5233 nondum
1277 5187 1461 5235 tamen
1494 5182 1562 5236 ab
1587 5198 1653 5237 eo
1690 5184 1840 5239 exire
1863 5186 2060 5254 potuit.

478 5268 745 5326 Dominus
786 5280 970 5325 autem
1006 5271 1095 5325 hic
1124 5279 1481 5339 memoratus,
1513 5276 1603 5344 qui
1631 5276 1743 5344 jam
1767 5278 2067 5331 communi-

479 5360 584 5416 bus
614 5362 899 5417 elcmentis
930 5364 985 5416 in
1016 5362 1285 5418 Hebraico
1317 5365 1457 5419 libro
1486 5368 1766 5432 scribitur,
1798 5384 1923 5422 cum
1970 5385 2065 5424 ex-

481 5453 591 5509 itus
621 5469 652 5508 a
679 5464 856 5510 morte
884 5456 1179 5525 aperuerit,
1204 5455 1346 5512 Deus
1371 5459 1533 5512 saluti
1557 5460 1902 5529 cognominis
1935 5461 2066 5516 eﬂ'e-

481 5550 603 5598 ctus
634 5552 736 5599 est.
781 5544 1145 5611 Quamobrem
1175 5547 1375 5602 dicitur
1404 5567 1417 5603 :
1460 5567 1479 5600 ‹
1512 5549 1654 5606 Deus
1680 5558 1888 5615 noster,
1922 5550 2064 5607 Deus

483 5634 665 5689 salvos
702 5635 959 5690 faciendi.
1002 5657 1021 5689 ι
1062 5637 1245 5705 Quare
1292 5640 1383 5695 hic
1417 5640 1534 5710 ipse
1581 5640 1722 5696 Jobo
1753 5644 2063 5703 vaticinans

483 5726 740 5782 dicebat:
780 5748 799 5779 ι
830 5727 1046 5785 Venisti
1086 5740 1267 5788 autem
1317 5733 1373 5787 in
1408 5733 1613 5790 fontem
1668 5736 1858 5803 maris,
1895 5749 1950 5795 et
2007 5740 2062 5794 in

563 5911 603 5939 ³⁸
634 5910 811 5976 Ephrs
866 5929 936 5977 tv,
985 5914 1065 5966 ἰοί).
1148 5916 1189 5946 ⁵³
1217 5914 1361 5970 Pssl.
1404 5935 1463 5981 ιι,
1500 5918 1551 5971 8.

2171 4813 2280 4865 τῶν
2327 4812 2463 4884 μετὰ
2502 4813 2687 4884 χεῖράς
2714 4830 2877 4883 φασιν
2897 4831 2911 4842 ·
2952 4831 2970 4863 ι
2996 4813 3052 4865 Ὀ
3084 4811 3215 4874 Θεὸς
3244 4810 3422 4882 ἡμῶν,
3454 4812 3482 4864 6
3509 4810 3642 4873 Θεὸς
3666 4810 3760 4863 τοῦ

2174 4904 2387 4971 σώζειν,
2421 4906 2635 4959 καὶτοῦ
2663 4906 2870 4976 Κυρίου
2904 4905 3115 4977 Κυρίου
3146 4907 3201 4957 αἱ
3235 4904 3457 4971 διέξοδοι
3483 4903 3578 4957 τοῦ
3610 4904 3765 4957 θανά-

2171 5012 2295 5049 του·
2324 5014 2340 5045 )
2370 4996 2401 5066 ἢ
2430 4996 2567 5049 κατὰ
2600 4996 2692 5049 τὸν
2722 4996 3022 5067 Σύμμαχον
3044 5010 3056 5024 ³
3098 5015 3116 5047 ι
3140 4997 3197 5049 '0
3222 4996 3353 5060 Θεὸς
3374 4998 3504 5068 ἡμῖν
3529 4996 3659 5060 Θεὸς
3683 4999 3762 5059 εἰς
3860 5050 3865 5057 ,

2177 5089 2471 5158 σωτηρίαν,
2507 5090 2599 5141 καὶ⁸
2625 5089 2718 5142 τοῦ
2744 5090 2950 5161 Κυρίου
2989 5090 3084 5143 τοῦ
3117 5090 3378 5143 δεσπότου
3414 5090 3469 5142 αί
3504 5090 3581 5153 είς
3603 5087 3765 5141 θάνα-

2171 5197 2264 5233 τον
2295 5180 2483 5245 ἔξοδοι.
2516 5201 2535 5231 ι
2569 5180 2743 5246 Μόνος
2777 5183 2885 5255 γάρ
2933 5178 3088 5247 οὗτος
3132 5182 3266 5246 Θεὸς
3310 5181 3385 5236 ὢν
3428 5179 3524 5235 τοῦ
3569 5178 3761 5244 σώζειν

2172 5272 2384 5339 ἐξόδους
2404 5274 2593 5342 εύρετο
2612 5275 2705 5328 τοῦ
2728 5276 2982 5330 θανάτου.
3001 5275 3223 5347 Ἐπειδὴ
3249 5276 3357 5338 πᾶς
3379 5274 3661 5347 ἄνθρωπος
3682 5273 3761 5335 είς

2176 5368 2273 5438 μὲν
2308 5368 2408 5439 τὴν
2438 5366 2639 5420 εἴσοδον
2671 5367 2765 5420 τοῦ
2801 5368 3031 5423 θανάτου
3068 5369 3323 5439 ἔφθασεν,
3353 5368 3536 5421 οὐκέτι
3578 5365 3635 5418 δὲ
3666 5365 3761 5418 καὶ

2169 5460 2459 5527 διεξελθεῖν
2505 5462 2666 5514 αὐτὸν
2714 5462 3095 5533 δεδύνηται.’0
3126 5462 3182 5515 δὲ
3210 5461 3299 5514 διὰ
3338 5458 3760 5537 τῶννπαρόντων

2168 5552 2329 5625 δηλού
2339 5569 2497 5623 μενος
2519 5553 2745 5624 Κύριος,
2772 5556 2868 5607 καὶ
2901 5554 2997 5608 νῦν
3020 5553 3109 5607 διὰ
3129 5553 3238 5607 τῶν
3268 5550 3461 5606 κοινῶν
3482 5546 3759 5618 στοιχείων

2169 5648 2228 5699 ἐν
2260 5646 2622 5717 τῇίΕϐραῖκῇ
2651 5645 2818 5717 βίϐλῳ
2836 5648 3206 5719 γραφόμενος,
3232 5641 3498 5707 διεξόδους
3530 5637 3754 5709 ποιησά-

2174 5755 2331 5809 μενος
2361 5737 2454 5791 τοῦ
2491 5737 2742 5807 θανάτου,
2770 5739 2959 5809 γέγονε
2994 5738 3127 5801 Θεὸς
3156 5735 3444 5805 ἐπώνυμος
3465 5728 3751 5801 σωτηρίας.
