4128 6392
390 321 498 381 705

1524 322 2034 380 COMMENTARIA
2071 327 2147 381 ΙΝ
2187 327 2528 387 ΡεΑιΜοδ.

3560 343 3661 401 706

386 437 480 493 Διὸ
516 438 791 492 λέλεκται·
826 456 844 488 ι
868 437 925 491 '0
975 438 1108 503 Θεὸς
1157 440 1335 511 ἡμῶν,
1364 443 1392 495 6
1423 441 1555 506 Θεὸς
1586 442 1679 495 τοῦ
1712 442 1923 508 σώζειν.
1952 464 1966 498 ι

2078 448 2328 519 vestigiis
2380 448 2564 520 abyssi
2615 449 2930 506 ambulasti.
2982 451 3317 523 Aperiuntur
3355 466 3533 512 autem
3561 460 3661 515 tihi

387 530 478 584 Διὸ
511 532 598 582 καὶ
638 528 716 601 τῷ
759 528 877 583 Ἰὼϐ
921 532 949 583 ὁ
982 531 1143 595 αὐτὸς
1177 527 1333 597 οὗτος
1366 534 1721 605 χρηματίζων
1751 534 1935 605 ἔλεγεν
1958 550 1976 569 ⁸

394 618 623 685 ιιἾΙλθες
649 622 707 675 δὲ
736 624 829 676 ἐπὶ
858 627 1040 696 πηγὴν
1076 624 1377 696 θαλάσσης’
1404 628 1461 680 ὲν
1489 626 1545 679 δὲ
1579 627 1780 697 ἴχνεσιν
1810 630 1978 682 ἀϐύσ-

390 730 483 766 σου
530 714 1312 785 περιεπάτησας,Ἀνοίγονται
1364 718 1421 771 δέ
1473 735 1555 772 σοι
1606 719 1756 792 φόϐῳ
1809 722 1976 775 πύλαι

388 805 641 860 θανάτου.
699 806 951 879 Πυλωροὶ
999 808 1056 860 δὲ
1111 808 1238 881 ᾅδου
1296 810 1496 874 ἰδόντες
1550 828 1609 865 σε
1653 812 1911 883 ἔπτηξαν.
1950 834 1969 866 ι

386 899 691 971 Διαρρήδην
724 900 816 952 καὶ
846 900 903 954 ὲν
928 901 1157 965 ἐκείνοις
1186 902 1283 973 τὴν
1321 904 1401 965 εἰς
1430 902 1519 957 τὸν
1550 903 1778 959 θάνατον
1809 906 1973 960 αὑτοῦ

386 991 610 1045 κάθοδον
656 991 750 1045 καὶ
797 991 895 1063 τὴν
950 994 1160 1046 ἐκεῖθεν
1209 993 1443 1058 διέξοδον
1469 997 1760 1067 παριστὰς,
1787 998 1975 1069 ὥσπερ

385 1079 480 1136 οῦν
507 1083 600 1136 καὶ
634 1085 691 1137 ἐν
717 1087 828 1145 τοῖς
852 1085 1255 1156 προκειμένοις,
1287 1084 1368 1149 οἷς
1406 1087 1715 1152 ἀκολούθως
1744 1090 1843 1161 τὴν
1867 1090 1973 1144 τῶν

387 1172 596 1245 ἐχθρῶν
642 1172 807 1226 αὐτοῦ
852 1174 1141 1246 συντριϐὴν
1175 1175 1417 1229 διδάσκει
1460 1176 1665 1246 λέγων·
1717 1198 1734 1228 ι
1767 1180 1914 1251 Πλὴν
1946 1182 1974 1232 6

385 1264 518 1328 Θεὸς
554 1263 835 1318 συνθλάσει
872 1266 1116 1335 κεφαλὰς
1148 1266 1360 1337 ἐχθρῶν
1402 1266 1587 1320 αὑτοῦ.
1620 1287 1638 1320 ›
1676 1270 1785 1322 Καὶ
1817 1269 1973 1322 τοῦτο

385 1356 444 1410 δὲ
476 1358 685 1429 νοήσεις
730 1358 998 1429 παραθεὶς
1028 1360 1126 1431 τὴν
1158 1363 1215 1413 ἐν
1239 1361 1411 1433 ἑτέρῳ
1442 1363 1706 1431 λέγουσαν
1752 1364 1936 1433 φωνήν
1956 1382 1968 1395 ο

390 1465 409 1497 ι
440 1448 510 1500 Σὺ
544 1449 923 1518 ὲκραταίωσας
953 1452 1018 1521 τῇ
1047 1450 1272 1522 δυνάμει
1316 1470 1408 1505 σου
1442 1453 1538 1525 τὴν
1570 1453 1863 1517 θάλασσαν,
1908 1455 1971 1508 σὺ

386 1541 711 1611 συνέτριψας
729 1543 828 1605 τὰς
855 1544 1098 1611 κεφαλὰς
1128 1544 1237 1599 τῶν
1264 1547 1574 1617 δρακόντων
1600 1548 1693 1600 ἐπὶ
1721 1548 1815 1600 τοῦ
1848 1548 1973 1602 i361-

383 1650 494 1697 τος.
519 1635 590 1688 Σὺ
626 1635 956 1700 συνέθλασας
982 1636 1080 1708 τὴν
1110 1638 1352 1710 κεφαλὴν
1376 1640 1468 1693 τοῦ
1498 1640 1809 1712 δράκοντος.
1836 1661 1854 1692 ι
1876 1641 1973 1695 Διά

384 1724 493 1796 γάρ
518 1725 832 1781 τούτωνκαὶ
868 1731 918 1781 οἱ
940 1728 1121 1800 ἐχθροὶ
1153 1729 1245 1782 τοῦ
1281 1730 1415 1783 Θεοῦ
1446 1731 1812 1803 ἐδηλώθησαν,
1845 1732 1974 1804 περὶ

2077 538 2272 593 timore
2308 547 2478 609 portae
2524 539 2711 594 inferi.
2768 538 2992 595 Ostiarii
3022 559 3152 598 vero
3183 546 3383 600 inferni
3412 547 3659 606 videntes

2076 637 2131 686 te
2173 632 2457 687 conterriti
2505 639 2634 687 sunt
2675 632 2742 686 ‘°.
2783 653 2802 685 ι
2844 633 3057 690 Diserte
3091 638 3145 690 in
3178 638 3290 694 illis
3320 656 3537 711 quoque
3564 643 3662 698 de-

2077 739 2333 780 scensum
2369 726 2489 797 ejus
2514 726 2566 780 in
2597 735 2828 782 mortem
2867 736 2921 783 et
2961 730 3167 784 exitum
3199 732 3326 787 inde
3348 734 3657 801 declarans,

2076 821 2532 890 quemadmodum
2564 829 2618 875 et
2650 822 2704 876 in
2740 825 3122 893 praesentibus,
3150 836 3340 897 postea
3370 845 3501 885 vero
3527 841 3662 886 co'n—

2076 919 2369 981 sequenter
2416 912 2765 967 inimicorum
2798 930 3024 970 suorum
3074 920 3458 977 contritionem
3499 922 3660 978 docet

2076 1005 2163 1059 his
2189 1005 2372 1060 verbis
2406 1024 2418 1059 :
2457 1025 2475 1056 ι
2510 1003 2901 1062 Verumtamen
2951 1007 3095 1065 Deus
3128 1011 3434 1083 confringet
3476 1014 3658 1084 capita

2074 1096 2424 1150 inimicorum
2452 1112 2700 1152 suorum.
2741 1116 2759 1148 ›
2824 1097 2951 1154 Haec
2972 1116 3136 1171 porro
3169 1102 3459 1175 intelliges,
3486 1104 3534 1160 si
3562 1117 3660 1160 v0-

2074 1203 2190 1243 cem
2222 1189 2330 1242 alio
2360 1189 2414 1242 in
2449 1189 2661 1257 psalmo
2690 1192 2921 1259 positam
2946 1192 3072 1247 huic
3101 1209 3405 1265 compares,
3425 1212 3652 1266 nempe:

2080 1302 2097 1331 (
2130 1279 2209 1334 Tu
2240 1280 2579 1337 confirmasti
2608 1282 2809 1338 virtute
2831 1293 2924 1338 tua
2948 1300 3117 1349 mare,
3148 1295 3204 1339 tu
3230 1289 3536 1343 contrivisti
3565 1304 3658 1344 ca—

2072 1373 2184 1443 pita
2208 1372 2508 1427 draconum
2541 1373 2598 1426 in
2632 1388 2794 1443 aqua.
2827 1372 2908 1427 Tu
2937 1376 3256 1447 confregisti
3284 1386 3447 1447 caput
3470 1379 3660 1433 draco-

2074 1469 2182 1523 nis.
2225 1486 2242 1519 »
2281 1466 2378 1523 liis
2406 1467 2553 1522 enim
2585 1468 2793 1521 inimici
2846 1468 2938 1524 Dei
2968 1470 3338 1535 declarantur,
3368 1469 3435 1524 de
3456 1470 3657 1540 quibus

2074 1560 2163 1614 hic
2184 1559 2392 1614 dictum
2429 1566 2553 1614 est:
2591 1578 2609 1610 ι
2643 1558 3029 1615 Verumtamen
3063 1561 3207 1616 Deus
3230 1561 3536 1631 confringet
3564 1576 3657 1617 ca-

2072 1651 2186 1721 pita
2217 1651 2568 1705 inimicorum
2594 1666 2839 1705 suorum.
2880 1672 2900 1705 ι
2961 1653 3130 1706 Erant
3158 1661 3337 1708 autem
3364 1653 3441 1707 illi
3468 1654 3657 1708 draco-

2071 1760 2172 1799 nes
2203 1744 2258 1798 in
2288 1747 2425 1800 mari
2458 1754 2513 1801 et
2539 1748 2593 1801 in
2617 1748 2839 1803 humida
2874 1748 3179 1803 substantia
3218 1756 3434 1813 nantes,
3465 1747 3656 1804 videli-

382 1808 458 1868 ὧν
485 1816 717 1870 ἐνταῦθα
740 1816 1021 1872 λέλεκται·
1052 1838 1068 1869 ι
1100 1820 1248 1891 Πλὴν
1276 1821 1303 1872 6
1335 1820 1467 1885 Θεὸς
1496 1822 1781 1876 συνθλάσει
1803 1841 1966 1893 κεφα-

2073 1843 2158 1890 cet
2188 1837 2517 1893 adversariae
2560 1847 2862 1909 potestates
2905 1839 2998 1895 Dei
3034 1841 3289 1905 inimicm,
3321 1841 3376 1894 in
3408 1840 3570 1896 salsis
3600 1846 3656 1895 et

383 1907 481 1972 λὰς
522 1908 731 1981 ἐχθρῶν
776 1910 963 1963 αὑτοῦ.
998 1906 1206 1964 »Ἦσαν
1241 1912 1297 1964 δὲ
1330 1907 1475 1967 οῦτοι
1518 1914 1810 1985 δράκοντες
1837 1917 1883 1968 οἱ
1914 1917 1972 1969 ἐν

384 1997 627 2070 θαλάσσῃ
677 1999 771 2052 καὶ
818 2000 910 2052 ἐπὶ
941 2000 1114 2071 ὑγρᾶς
1143 2000 1333 2065 οὐσίας
1378 2002 1685 2074 νηχόμενοι,
1716 2004 1971 2074 δυνάμεις

381 2090 581 2162 δηλαδὴ
610 2091 989 2162 ἀντικείμεναι
1028 2093 1221 2164 ἐχθραὶ
1257 2094 1350 2147 τοῦ
1377 2094 1534 2160 Θεοῦ,
1564 2098 1676 2159 τοῖς
1706 2096 1970 2168 ἁλμυροῖς

382 2183 476 2236 καὶ
534 2186 781 2256 ρευστοῖς
847 2183 939 2237 τοῦ
993 2184 1109 2254 βίου
1171 2185 1410 2257 κύμασιν
1465 2186 1967 2259 ὲγκαλινδούμεναι.

384 2276 544 2331 Ὅθεν
575 2278 668 2331 καὶ
697 2278 754 2329 ὲν
782 2276 859 2349 τῷ
901 2276 1021 2330 Ἰὼϐ
1053 2277 1299 2347 ἐλέγετο·
1328 2276 1561 2343 «Ἧλθες
1585 2281 1641 2334 δὲ
1663 2281 1756 2333 ἐπὶ
1786 2282 1969 2352 πηγὴν

381 2368 695 2442 θαλάσσης,
749 2373 807 2435 ὲν
858 2370 917 2423 δὲ
965 2372 1167 2441 ἴχνεσιν
1227 2370 1465 2426 ἀϐύσσου
1535 2373 1963 2444 περιεπάτησας.

395 2462 725 2531 Ἀνοίγονται
754 2462 811 2515 δέ
843 2480 925 2515 σοι
960 2462 1111 2533 φόϐῳ
1151 2463 1318 2516 πύλαι
1350 2464 1602 2517 θανάτου.
1632 2465 1881 2536 Πυλωροὶ
1910 2465 1965 2518 δὲ

379 2553 527 2627 ᾅδου,
555 2554 756 2619 ἰδόντες
788 2571 869 2617 σε,
903 2554 1163 2625 ἔπτηξαν.
1199 2574 1217 2605 ›
1250 2556 1694 2627 Συντριϐομένων
1723 2556 1831 2627 γὰρ
1857 2555 1967 2609 τῶν

380 2644 629 2714 κεφαλῶν
672 2646 780 2699 τῶν
825 2646 1154 2718 δρακόντων,
1190 2646 1460 2718 ἔπτησσον
1503 2648 1551 2700 οἱ
1600 2648 1840 2719 πυλωροὶ
1870 2647 1964 2701 τοῦ

378 2736 505 2808 ᾅδου
525 2757 538 2769 ο
571 2736 651 2789 διὸ
689 2738 781 2790 καὶ
827 2737 977 2809 φόϐῳ
1009 2738 1107 2800 τὰς
1138 2737 1314 2801 πύλας
1348 2739 1565 2809 ἤνοιγον
1604 2737 1700 2791 τοῦ
1734 2738 1963 2793 θανάτου

376 2827 456 2899 τῷ
490 2829 589 2893 τὰς
619 2830 860 2897 κεφαλὰς
890 2828 997 2882 τῶν
1025 2828 1235 2901 ἐχθρῶν
1266 2828 1430 2882 αὐτοῦ
1462 2828 1779 2882 συνθλῶντι.
1805 2823 1963 2884 Οὗτοι

375 2922 433 2974 δὲ
459 2924 505 2975 οἰ
546 2922 732 2995 ἐχθροὶ⁸
769 2921 864 2975 τοῦ
901 2922 1109 2994 Κυρίου
1134 2922 1194 2975 τὸ
1226 2921 1440 2975 πάντων
1475 2921 1777 2995 ἀνθρώπων
1832 2940 1965 2976 κατ-

378 3016 613 3069 επάτουν
658 3015 834 3084 γένος.
876 3016 966 3068 Διὸ
985 3016 1232 3071 λέλεκται
1256 3017 1380 3086 ἑξῆς
1400 3034 1412 3046 ο
1445 3036 1462 3067 ι
1494 3016 1753 3089 Κορυφὴν
1779 3018 1963 3089 τριχὸς

376 3108 843 3183 διαπορευομένων
890 3111 949 3163 ἐν
990 3110 1391 3182 πλημμελείαις
1432 3111 1632 3166 αὐτῶν.
1674 3131 1693 3163 ι
1747 3112 1961 3167 Τούτων

375 3199 484 3272 γὰρ
605 3178 735 3264 Θεὸς
769 3200 1053 3256 συνθλάσει
1228 3202 1487 3272 κεφαλὰς,
1522 3205 1674 3274 φησὶ,
1709 3204 1817 3257 τῶν
1851 3205 1964 3259 δια-
1990 3178 2034 3239 C

377 3292 755 3364 πορευομένων
802 3293 901 3356 τάς
927 3293 1033 3346 τῶν
1064 3293 1366 3367 ἀνθρώπων
1400 3295 1664 3364 κεφαλάς.
1685 3296 1829 3349 Ἀντὶ
1855 3291 1963 3370 γάρ

375 3383 491 3448 τοῦ,
532 3404 549 3435 ι
580 3384 822 3456 κορυφὴν
875 3386 1079 3456 τριχὸς,
1127 3386 1371 3459 κορυφὴν
1421 3385 1685 3459 ἔντριχον,
1719 3406 1737 3438 ι
1786 3389 1965 3460 ἡρμή-

375 3492 562 3528 νευσεν
609 3477 637 3528 ό
682 3476 997 3547 Σύμμαχος.
1035 3479 1264 3551 Κορυφὴ
1296 3479 1352 3532 δὲ
1382 3478 1627 3552 ἔντριχος
1669 3482 1703 3553 ἡ
1752 3481 1962 3553 κεφαλὴ

375 3566 483 3622 τῶν
525 3568 828 3639 ἀνθρώπων
877 3570 1223 3640 σημαίνεται.
1257 3571 1475 3625 Τούτων
1522 3568 1614 3626 οὖν
1644 3573 1822 3627 αὐτῶν
1855 3572 1962 3627 τῶν

374 3660 585 3732 ἐχθρῶν
616 3662 832 3728 ἑαυτοῦ,
856 3662 964 3716 τῶν
991 3664 1255 3735 πρότερον
1282 3664 1379 3729 τὰς
1406 3665 1514 3719 τῶν
1546 3664 1849 3738 ἀνθρώπων
1878 3684 1964 3719 κε-

375 3753 549 3822 φαλὰς
576 3753 1045 3828 διαπορευομένων
1080 3756 1173 3810 καὶ
1199 3757 1304 3810 ὑπὸ
1326 3760 1439 3821 τοῖς
1470 3756 1679 3810 ἑαυτῶν
1708 3759 1833 3811 ποσὶ
1862 3777 1962 3814 κα-

375 3846 780 3913 ταπατούντων,
814 3850 842 3901 6
865 3850 963 3913 τὰς
987 3849 1254 3916 διεξόδους
1278 3848 1372 3902 τοῦ
1402 3849 1632 3904 θανάτου
1661 3867 1858 3923 πεποιη
1867 3852 1962 3923 μέ-

377 3955 466 4001 νος
508 3938 640 4000 Θεὸς
685 3939 786 4004 τὰς
830 3940 1068 4010 κεφαλὰς
1105 3940 1412 3995 συνθλάσει.
1433 3942 1575 3995 Ἀντί
1607 3942 1664 3995 δὲ
1696 3941 1810 4006 τοῦ,
1851 3962 1869 3993 ‹
1901 3944 1959 3996 ὲν

378 4028 778 4101 πλημμελείαις
804 4032 1000 4097 αὐτῶν,
1034 4051 1052 4083 ι
1092 4032 1121 4085 ό
1150 4032 1464 4105 Σύμμαχος,
1503 4052 1521 4084 ι
1555 4034 1611 4085 ὲν
1642 4035 1762 4095 ταῖς
1786 4032 1961 4103 πλημ-

379 4121 620 4193 μελείαις
647 4124 835 4195 αὐτῆς,
870 4143 889 4177 ι
925 4126 1265 4197 ἡρμήνευσεν
1298 4123 1467 4178 εἰπών
1492 4142 1505 4155 ·
1544 4143 1561 4176 σ
1592 4125 1851 4196 Κορυφὴν
1876 4124 1960 4177 ἕν-

375 4231 559 4287 τριχον
593 4218 1070 4289 ἀναστρεφομένην
1088 4219 1145 4271 ὲν
1164 4220 1283 4283 ταῖς
1298 4217 1403 4290 πλη
1414 4218 1697 4289 μμελείαις
1718 4219 1905 4290 αὐτῆς.
1933 4238 1952 4272 ›

377 4308 511 4361 υύδὲ
544 4308 653 4379 γὰρ
687 4309 861 4373 ἄλλως
892 4310 1116 4364 δυνατὸν
1156 4306 1225 4381 ἦν
1270 4313 1382 4371 τοῖς
1415 4309 1632 4382 ἐχθροῖς
1676 4309 1770 4363 τοῦ
1820 4310 1956 4364 Θεοῦ

374 4403 707 4455 καταπατεῖν
747 4402 988 4474 κορυφὴν
1021 4401 1284 4474 ἔντριχον,
1318 4403 1562 4456 τουτέστι
1596 4401 1693 4466 τὰς
1724 4402 1831 4456 τῶν
1861 4404 1956 4458 άν-

2073 1928 2409 1985 volubilihus
2456 1931 2579 1986 vitae
2613 1932 2871 1987 [luctibus
2915 1932 3190 1986 volutatre.
3237 1931 3418 1998 Quare
3461 1931 3516 1986 in
3552 1930 3654 1987 Job

2072 2036 2290 2090 quoque
2317 2022 2603 2078 dicebatur
2632 2044 2646 2078 :
2694 2043 2713 2075 ί
2753 2023 2964 2081 Venisti
2992 2032 3175 2080 autem
3206 2025 3261 2079 in
3302 2024 3508 2079 fontem
3537 2040 3656 2078 ma-

2071 2112 2172 2177 ris,
2200 2119 2254 2167 et
2278 2115 2333 2167 in
2360 2115 2607 2185 vestigiis
2632 2116 2814 2185 abyssi
2848 2117 3160 2173 ambulasti.
3198 2116 3533 2187 Aperiuntur
3556 2132 3656 2170 au-

2070 2208 2179 2256 tem
2207 2204 2308 2259 tibi
2340 2207 2536 2262 timore
2588 2216 2757 2276 porta:
2786 2209 2965 2263 inferi.
3033 2208 3257 2263 Ostiarii
3289 2224 3417 2263 vero
3451 2208 3653 2262 inferni

2070 2294 2316 2352 videntes
2345 2304 2398 2352 te
2431 2299 2716 2353 conterriti
2747 2311 2929 2355 sunt.»
2960 2300 3225 2355 Contritis
3256 2315 3493 2369 namque
3519 2299 3651 2353 dra-

2068 2403 2270 2443 conum
2314 2390 2590 2459 capitibus
2632 2392 2845 2447 ostiarii
2895 2391 3094 2446 inferni
3138 2393 3423 2447 conterriti
3471 2402 3648 2451 sunt":

2068 2494 2238 2549 quare
2266 2480 2463 2535 timore
2493 2482 2731 2551 correpti
2756 2488 2941 2551 portas
2973 2484 3165 2538 mortis
3191 2484 3372 2553 capita
3398 2485 3652 2541 inimico-

2066 2584 2187 2623 rum
2212 2585 2440 2624 suorum
2477 2570 2841 2642 confringenti
2874 2573 3214 2643 aperiebant.
3260 2573 3326 2628 Hi
3376 2590 3505 2630 vero
3546 2577 3653 2631 ini—

2066 2662 2195 2716 mici
2238 2662 2456 2718 Domini
2503 2665 2818 2721 universum
2850 2665 3130 2720 hominum
3156 2683 3329 2737 genus
3368 2669 3654 2723 conculca-

2064 2754 2216 2810 bant.
2275 2756 2624 2828 Quapropter
2656 2757 2888 2813 inferius
2916 2757 3117 2812 dicitur
3147 2778 3161 2814 :
3197 2775 3216 2809 ι
3255 2759 3523 2813 Verticem
3559 2774 3654 2814 ca-

2065 2848 2181 2918 pilli
2213 2849 2711 2918 perambulantium
2740 2851 2793 2903 in
2827 2850 3041 2906 delictis
3067 2851 3205 2906 suis.
3241 2869 3260 2901 ι
3296 2849 3501 2905 Horum
3522 2893 3537 2917 ,
3567 2850 3652 2904 in-

2064 2940 2204 3009 quit,
2237 2938 2382 2994 Deus
2417 2938 2597 3009 capita
2626 2938 2956 3009 confringet,
2984 2938 3506 3009 perambulantium,
3548 2938 3649 3004 ait,

2062 3037 2117 3086 et
2150 3031 2480 3085 calcantium
2532 3030 2712 3100 capita
2757 3030 3061 3085 hominum.
3117 3028 3223 3085 Pro
3266 3030 3359 3085 illo
3390 3045 3649 3102 namque,

2070 3140 2088 3173 ι
2118 3123 2378 3177 verticem
2430 3124 2635 3194 capilli,
2683 3142 2701 3175 ι
2740 3121 3123 3194 Symmachus,
3185 3140 3203 3173 ‹
3252 3123 3513 3178 verticem
3558 3136 3652 3177 ca-

2066 3214 2338 3295 pillatum,
2379 3233 2399 3266 ι
2452 3216 2637 3270 vertit.
2680 3213 2881 3269 Vertex
2924 3224 3103 3269 autem
3132 3214 3439 3283 capillatus.
3470 3218 3650 3285 ipsum

2064 3302 2349 3357 hominum
2373 3312 2539 3373 caput
2562 3303 2853 3375 significat.
2886 3301 3090 3355 llorum
3121 3303 3437 3373 itaque'sihi
3467 3304 3648 3358 inimi-

2064 3409 2280 3458 corum,
2328 3396 2421 3466 qui
2460 3396 2613 3465 prius
2668 3395 2951 3449 hominum
2995 3394 3175 3465 capita
3216 3395 3467 3449 terebant
3496 3395 3650 3464 pedi-

2063 3486 2278 3557 busque
2308 3488 2424 3543 suis
2458 3489 2767 3555 calcabant,
2800 3489 2979 3557 capita
3010 3488 3317 3559 confringet
3351 3488 3516 3554 Deus,
3553 3489 3648 3559 qui

2063 3581 2246 3636 exitus
2279 3580 2473 3634 mortis
2518 3579 2715 3634 effecit.
2784 3577 2893 3632 Pro
2925 3578 3017 3633 illo
3042 3586 3247 3643 autem,
3292 3598 3311 3629 ‹
3348 3580 3399 3632 in
3432 3578 3647 3633 delictis
3720 3586 3723 3591 '

2062 3671 2199 3733 suis,
2234 3689 2251 3721 ι
2289 3668 2672 3742 Symmachus,
2702 3689 2721 3723 ι
2756 3670 2811 3725 in
2854 3669 3069 3725 delictis
3114 3670 3234 3738 ejus
3271 3688 3289 3720 ι
3319 3670 3646 3739 interpreta-

2062 3768 2153 3817 tus
2177 3768 2284 3825 est,
2308 3761 2500 3816 dicens
2533 3779 2547 3815 :
2586 3759 2885 3816 «Verticem
2911 3761 3222 3829 capillatum
3251 3760 3558 3815 revolutum
3589 3760 3647 3815 in

2063 3852 2282 3909 delictis
2305 3853 2444 3923 ejus.
2462 3872 2480 3903 ι
2498 3851 2686 3923 Neque
2708 3854 2851 3909 enim
2873 3854 2979 3907 alio
2996 3854 3156 3907 modo
3174 3859 3421 3923 poterant
3436 3852 3645 3907 inimici

2062 3945 2157 4002 Dei
2176 3946 2433 4001 verticem
2453 3946 2793 4016 capillatum,
2816 3946 2962 4001 idest
2990 3945 3273 4000 hominum
3289 3944 3489 4015 capita,
3513 3959 3647 3999 con-

2061 4038 2300 4106 calcare,
2318 4036 2419 4092 nisi
2440 4036 2677 4107 propriis
2690 4036 2905 4092 delictis
2920 4051 2983 4091 ac
3001 4036 3241 4105 peccatis
3253 4035 3494 4104 depressi
3510 4034 3648 4091 fuis-

2065 4137 2206 4185 sent.
2246 4126 2429 4193 Quare
2472 4128 2539 4182 iis
2565 4128 2657 4197 qui
2687 4129 2823 4183 tales
2862 4140 2971 4181 non
3000 4135 3159 4181 erant
3198 4127 3415 4182 dicebat
3447 4125 3648 4182 Serva-

2063 4230 2147 4276 tor
2182 4240 2195 4274 :
2247 4239 2264 4270 ί
2293 4218 2469 4276 Vestri
2504 4226 2685 4275 autem
2710 4220 2893 4290 capilli
2918 4220 3115 4290 capitis
3149 4236 3341 4275 omnes
3370 4221 3645 4276 numerati

2061 4319 2190 4365 sunt
2209 4310 2276 4365 “.
2310 4328 2327 4361 ι
2348 4308 2483 4364 Nam
2510 4309 2902 4381 discipulorum
2924 4311 3102 4381 capilli
3128 4312 3328 4382 singuli
3358 4312 3647 4368 nobilioris

2060 4400 2311 4470 corporis
2338 4401 2534 4471 partis,
2582 4408 2643 4456 ut
2670 4402 2970 4457 necessarii
3006 4412 3059 4457 et
3094 4402 3159 4457 ad
3190 4411 3445 4457 ornatum
3472 4402 3645 4460 totius

377 4489 610 4563 θρὼπων
640 4493 903 4562 κεφαλὰς,
940 4495 990 4547 εἰ
1022 4494 1097 4566 μὴ
1134 4495 1257 4558 ταῖς
1298 4494 1527 4559 οἰκείαις
1555 4494 1956 4566 πλημμελείαις

2067 4492 2409 4548 conferentes
2430 4533 2445 4558 ,
2486 4493 2900 4547 enumeratione
2931 4501 2985 4548 et
3011 4493 3258 4547 custodia
3281 4493 3462 4546 divina
3492 4492 3645 4563 digni

375 4585 468 4637 καὶ
494 4584 790 4656 ἁμαρτίαις
822 4586 1236 4640 τεταπείνωντο.
1262 4586 1352 4639 Διὸ
1379 4590 1492 4651 τοῖς
1530 4586 1604 4659 μὴ
1643 4587 1903 4651 τοιούτοις
1930 4589 1959 4641 ό

2067 4582 2253 4649 fuere;
2286 4591 2348 4636 ut
2389 4598 2458 4637 ne
2500 4581 2829 4637 raderentur
2852 4584 3118 4638 novacula
3149 4583 3519 4647 inimicorum,
3547 4581 3643 4653 qui

376 4673 569 4747 Σωτὴρ
602 4674 814 4743 ἔλεγεν·
848 4695 866 4727 ι
889 4676 1073 4747 ’Υμῶν
1102 4676 1159 4729 δὲ
1184 4677 1279 4730 καὶ
1301 4677 1357 4730 αί
1382 4677 1565 4750 τρίχες
1588 4679 1685 4750 τῆς
1714 4677 1956 4749 κεφαλῆς

376 4768 548 4821 πᾶσαι
586 4768 963 4839 ἠριθμημέναι
1005 4768 1161 4822 εἰσίν.
1195 4787 1215 4820 ι
1252 4768 1373 4823 Τῶν
1406 4769 1515 4841 γὰρ
1550 4771 1729 4824 αὐτῶν
1776 4770 1954 4842 μαθη-

2062 4676 2445 4747 perambulant
2487 4682 2540 4732 et
2568 4676 2899 4730 conculcant
2935 4692 3152 4730 omnem
3181 4676 3438 4730 verticem
3473 4674 3643 4744 capil-

2062 4769 2231 4823 latum
2266 4769 2573 4824 revolutum
2599 4767 2654 4821 in
2678 4766 2893 4824 delictis
2918 4767 3059 4836 ejus.

376 4860 483 4914 τῶν
512 4862 605 4915 καὶ
637 4861 841 4933 ἑκάστη
871 4861 992 4935 θρὶξ
1023 4862 1117 4915 τοῦ
1145 4863 1474 4935 τιμιωτέρου
1506 4865 1709 4936 μέρους
1735 4864 1829 4918 τοῦ
1858 4862 2140 4935 σώματος,
2183 4862 2259 4925 ὡς
2286 4861 2561 4930 ἀναγκαία
2594 4860 2688 4913 καὶ
2756 4860 2945 4933 κόσμῳ
3008 4858 3099 4913 τοῦ
3161 4858 3361 4923 παντὸς
3396 4856 3641 4929 συμϐαλ-

377 4957 597 5030 λομένη,
627 4957 860 5029 ἀριθμοῦ
906 4958 1239 5029 κατηξίωται
1272 4958 1416 5013 θείου
1443 4961 1535 5013 καὶ
1570 4961 1816 5032 φυλακῆς
1838 4978 1852 4992 ο
1883 4961 1960 5024 ὠς
1996 4957 2061 5011 ἂν
2090 4958 2166 5031 μὴ
2201 4955 2476 5029 ξυρηθῶσι
2500 4954 2580 5027 τῷ
2612 4953 2760 5027 ξυρῷ
2777 4954 2885 5008 τῶν
2931 4954 3139 5026 ἐχθρῶν
3196 4952 3304 5006 τῶν
3332 4954 3641 5028 ἐμπεριπα-

375 5053 610 5109 τούντων
634 5054 1091 5109 καταπατούντων
1125 5056 1308 5108 πᾶσαν
1331 5054 1574 5127 κορυφὴν
1597 5055 1840 5128 ἔπριχον
1864 5056 1964 5129 τὴν
2001 5052 2485 5126 ἀναστρεφομένην
2516 5053 2573 5107 ὲν
2608 5050 2713 5123 πλη
2723 5050 3007 5123 μμελείαις
3032 5050 3222 5121 αὐτῆς.

452 5188 471 5221 ι
501 5166 638 5223 Εἷπε
692 5169 893 5242 Κύριος
916 5187 929 5200 ·
949 5170 1044 5224 Ἐκ
1066 5170 1247 5225 Βασὰν
1278 5171 1613 5244 ἐπιστρέψω,
1641 5172 1956 5245 ἐπιστρέψω

308 5304 321 5309 -
380 5262 437 5315 ἔν
474 5260 652 5332 βυθοῖς
678 5262 974 5334 θαλάσσης.
1002 5282 1021 5316 ι
1058 5262 1228 5317 Πάλιν
1274 5263 1551 5318 κάνταῦθα
1594 5284 1613 5316 ι
1644 5265 1673 5318 6
1700 5265 1900 5336 Κύριος
1931 5284 1950 5317 ι

378 5356 439 5409 οὐ
458 5353 547 5407 διὰ
566 5356 985 5427 τετραγράμμου
1008 5360 1138 5430 παρ’
1162 5358 1430 5430 Ἑϐραίοις
1452 5356 1855 5428 ὲκπεφώνηται,
1870 5356 1960 5411 διὰ

380 5446 439 5500 δὲ
461 5445 568 5501 τῶν
590 5447 910 5519 κοινοτέρων
944 5450 1242 5520 στοιχείων.
1278 5450 1419 5520 Ἤδη
1471 5450 1529 5504 δὲ
1552 5450 1735 5521 τρίτον
1769 5450 1957 5505 τοῦτον

2130 5169 2299 5225 Vens.
2334 5170 2425 5224 25.
2474 5188 2493 5222 ι
2530 5168 2679 5224 Dixit
2728 5168 3011 5234 Dominus,
3057 5165 3136 5220 hx
3173 5164 3356 5221 Basan
3409 5178 3638 5221 conver-

2061 5274 2193 5329 tam,
2218 5270 2533 5321 convertam
2561 5265 2618 5318 in
2651 5261 2982 5334 profundum
3014 5259 3205 5315 maris.
3235 5277 3255 5312 ι
3296 5257 3395 5313 Hic
3417 5272 3638 5313 rursum

2067 5378 2086 5410 ι
2116 5358 2405 5422 Dominus,
2439 5376 2458 5409 ι
2489 5372 2600 5412 non
2626 5356 2718 5411 illa
2742 5362 2981 5426 quatuor
3017 5353 3323 5407 litterarum
3339 5366 3471 5407 voce
3495 5351 3637 5422 apud

2064 5451 2323 5509 Hebraeos
2350 5449 2694 5520 exprimitur,
2738 5446 2833 5502 sed
2874 5446 3343 5501 communioribus
3392 5445 3636 5500 elemen-

380 5538 647 5608 ἐδήλωσεν
673 5542 706 5611 ἠ
727 5538 975 5609 παροῦσα
993 5541 1184 5612 Γραφὴ
1206 5542 1481 5617 ὲφιστῶσα
1510 5542 1600 5597 τὸν
1631 5541 1706 5606 ὼς
1730 5541 1795 5597 ἂν
1816 5543 1963 5597 εἴποι

2067 5544 2153 5600 tis.
2186 5541 2417 5613 Jamque
2447 5541 2608 5597 tertio
2633 5541 2779 5595 hunc
2804 5555 3045 5611 prmsens
3078 5539 3351 5609 scriptura
3388 5538 3633 5592 nomina-

379 5642 483 5695 τις,
517 5632 764 5702 δεύτερον
794 5631 1016 5703 Κύριον.
1035 5634 1186 5687 Ἐπεὶ
1213 5637 1307 5690 καὶ
1338 5637 1396 5690 ὲν
1420 5634 1499 5706 τῷ
1532 5637 1791 5705 φάσκοντι
1823 5636 1958 5707 ψαλ-

454 5788 498 5822 ⁶⁹
527 5787 627 5844 Job
662 5807 891 5855 xxxviii,
926 5792 1013 5859 10,
1052 5791 1137 5847 i7.
1215 5791 1474 5849 “Matth.
1513 5809 1566 5859 ι,
1604 5793 1692 5849 50.

2062 5637 2162 5703 vit,
2186 5635 2598 5706 secundumque
2623 5634 2913 5691 Dominum
2934 5674 2949 5700 ,
2997 5638 3057 5707 ut
3096 5631 3370 5703 quispiam
3412 5628 3636 5695 dixerit,
