2064 3196
253 177 309 207 707
609 173 746 203 EUSEBII
765 172 1006 202 CESARIENSIS
1024 174 1100 202 OPP.
1121 174 1212 202 PARS
1231 174 1274 203 111.
1295 190 1330 195 -
1348 175 1556 204 EXEGETICA.
1838 176 1888 206 708

255 234 372 263 induxit.
389 233 531 269 Siquidem
545 232 573 260 in
584 232 690 268 psalmo
707 231 752 267 qui
772 231 812 259 sic
827 231 908 259 habet
922 241 929 258 :
945 241 954 257 ι
969 231 1038 259 Dixit

1096 233 1139 270 μῷ
1149 243 1156 250 ·
1174 243 1184 260 ι
1198 232 1265 261 Εἶπε
1277 233 1379 270 Κύριος
1394 233 1434 269 τῷ
1448 233 1543 270 Κυρίῳ
1556 241 1618 269 μου.
1637 233 1730 261 Κάθου
1746 234 1778 261 ἐκ
1793 234 1887 269 δεξιῶν

254 280 386 308 Dominus
415 279 531 306 Domino
547 285 608 305 meo
626 287 633 304 :
654 277 725 305 Sede
742 285 758 304 a
775 276 879 305 dextris
892 277 961 305 meis
970 277 1009 310 ",
1030 287 1040 304 ι

253 327 358 362 primus
381 334 429 361 per
446 325 594 352 incﬂ'abilia
608 323 678 358 apud
697 323 826 351 Hebraeos
842 328 961 359 quatuor
985 326 1042 352 elc-

254 377 344 400 meuta
364 372 513 404 scribitur;
529 371 667 398 secundus
683 374 785 402 autem,
799 378 881 405 quem
894 370 935 397 sui
954 370 1044 398 Domi-

252 426 318 446 num
342 417 478 452 Propheta
506 416 628 444 declarat
649 416 754 447 dicens,
771 424 780 441 ι
797 414 912 442 Domino
927 423 988 443 meo
1000 436 1008 448 ,
1030 425 1039 442 ι

252 465 313 492 aliis
329 464 472 491 elementis
488 463 663 498 exprimitur,
678 463 757 497 queis
770 461 894 497 cujusvis
910 463 982 490 servi
996 462 1043 489 do-

251 511 344 538 minus
358 510 537 545 significatur.
554 508 601 536 Sic
614 517 680 543 ergo
694 517 768 536 nunc
783 516 892 544 quoque
903 508 960 543 jam
986 512 1043 536 ter-

251 557 290 583 tio
305 557 350 584 ille
363 555 505 589 Dominus,
520 555 567 591 qui
578 563 667 590 usque
683 555 716 581 ad
734 554 872 581 infernum
888 554 1041 588 descendit,

251 603 395 637 exitusque
417 603 515 629 mortis
533 602 649 636 paravit,
667 600 829 635 vulgaribus
853 603 880 627 et
902 600 1042 628 consuetis

252 648 324 683 apud
343 647 471 675 Hebraeos
485 647 629 675 elementis
653 645 828 680 exprimitur.
856 645 947 678 Quare
964 645 1043 682 Sym-

252 695 367 722 machus
392 693 536 729 δεσπότην,
558 693 616 721 sive
634 692 827 719 dominatorem
846 692 1042 728 interpretatus

251 745 303 768 est.
322 740 371 767 llic
393 748 458 775 ergo
475 739 618 770 Dominus,
633 738 759 766 videlicet
774 738 821 765 Dei
837 737 967 770 Verbum,
993 738 1040 770 ait,

255 795 265 812 ι
282 785 319 812 Ex
331 786 418 813 Basan
435 789 611 817 convertam;
631 794 640 810 ι
663 791 694 811 ac
711 792 837 817 rursum,
852 793 862 810 ι
877 784 1041 812 Convertam

251 840 284 860 ex
301 832 438 868 profundo
451 831 545 859 maris.
560 841 569 857 ι
583 830 637 858 Pro
648 831 694 858 illo
705 835 806 863 autem,
822 840 831 855 ‹
847 835 1014 862 convertamI
1029 840 1039 856 ι

251 887 284 907 ac
299 879 431 911 secundo,
451 887 460 903 ι
477 882 644 909 convertam,
666 887 676 903 ι
697 876 878 913 Symmachus
898 877 939 905 sic
957 878 1042 904 inter-

251 928 385 960 pretatur,
405 933 414 949 ι
430 923 504 950 Dixit
519 922 650 949 Dominus
667 931 673 949 ε
694 921 732 948 Ex
752 921 842 948 Basau
856 925 995 954 revertar,
1014 926 1041 949 et

251 970 350 997 reverti
376 969 473 996 faciam
497 976 530 996 ex
555 967 692 1002 profundo
717 967 812 994 maris.
831 977 840 993 ι
860 965 958 994 Viden‘
981 975 1041 1001 quze

251 1022 334 1050 opera
354 1013 471 1041 ediderit
496 1012 628 1040 Dominus
648 1019 711 1039 cum
736 1010 924 1038 descendisset
937 1012 965 1038 in
978 1019 1042 1046 pro-

251 1061 366 1090 fundum
378 1060 482 1088 maris?
495 1059 636 1094 Confregit
648 1059 738 1093 capita
752 1058 903 1085 draconum
918 1058 946 1084 in
958 1065 1040 1092 aqua,

250 1114 357 1136 necnon
372 1105 487 1141 capillos
502 1105 676 1132 inimicorum
693 1111 818 1136 suorum,
830 1103 877 1138 qui
889 1113 898 1129 ι
912 1103 1039 1131 verticem

250 1154 407 1189 capillatum
424 1152 453 1179 in
473 1151 581 1180 delictis
597 1161 606 1177 ι
623 1150 841 1183 conculcabant;
856 1150 956 1177 reverti
977 1149 1041 1177 fecit

249 1208 283 1228 ex
307 1200 396 1227 Basan
411 1202 438 1227 et
460 1206 493 1226 ex
508 1197 645 1234 profundo
669 1197 754 1224 maris
776 1197 882 1224 animas
901 1197 964 1224 istic
975 1196 1040 1224 olim

249 1246 400 1274 demersas.
425 1245 515 1273 Basan
538 1248 630 1271 autem
648 1243 802 1278 explicatur
825 1242 987 1277 ignominia,
1013 1243 1041 1268 in

249 1300 332 1328 quam
358 1292 488 1326 delapsus
513 1294 555 1318 est
576 1290 709 1317 Dominus
735 1296 783 1324 per
809 1292 960 1316 memorata
986 1287 1041 1315 ele-

249 1343 342 1366 menta
365 1338 513 1369 indicatus,
535 1337 581 1371 qui
605 1336 786 1371 ignominiam
805 1335 972 1370 contempsit
991 1342 1041 1369 pro

247 1384 338 1413 'sal’ute
353 1392 447 1412 eorum
464 1385 509 1418 qui
526 1384 589 1411 istic
609 1383 638 1410 in
662 1383 821 1418 captivitate
832 1382 935 1408 detenti
951 1385 1038 1408 erant.

249 1431 432 1466 Quamobrem
457 1431 560 1457 dicitur
574 1439 581 1457 :
597 1439 606 1455 I
625 1429 697 1456 Dixit
723 1429 873 1456 Dominus:
891 1427 930 1455 Ex
950 1427 1039 1455 Busan

248 1480 585 1510 eonvertam,convertam
601 1483 632 1503 ex
646 1474 783 1511 profundo
798 1474 902 1502 maris:
917 1484 927 1500 ι
940 1473 1039 1501 deinde

248 1524 396 1559 adjicitur:
412 1532 422 1548 ι
439 1522 475 1550 Ut
490 1522 642 1557 iutingatur
666 1529 715 1556 pes
732 1525 795 1548 tuus
810 1521 838 1548 in
859 1521 1003 1555 sanguine.
1025 1529 1035 1546 ›

247 1570 302 1598 Pro
316 1577 370 1605 quo
392 1568 574 1606 Symmachus
586 1568 794 1603 interpretatur.
815 1576 824 1592 ι
841 1566 1037 1602 Utconl‘ringa-
1052 1587 1073 1615 Ε

248 1623 293 1644 ιυι-
305 1625 352 1652 pes
366 1619 431 1644 tuus
442 1623 504 1643 cum
519 1615 663 1650 sanguine.
676 1618 702 1641 et
717 1613 818 1640 lambat
832 1614 923 1648 lingua
938 1620 1038 1640 canum

247 1667 358 1691 tuorum
373 1662 406 1690 ab
423 1669 588 1697 unoquoque
606 1660 782 1687 inimicorum
798 1663 920 1687 tuorum.
940 1669 950 1686 ι
970 1659 1038 1686 Nam

247 1716 310 1736 cum
339 1706 466 1736 inimicos
492 1715 560 1735 suos
585 1709 749 1738 contereret,
778 1710 805 1733 et
827 1706 917 1741 capita
943 1713 1038 1732 eorum

247 1755 446 1790 confringeret,
460 1754 556 1790 pedem
571 1761 651 1782 suum
667 1752 801 1788 sanguine
818 1760 852 1780 ex
875 1752 964 1787 capite
986 1752 1039 1779 ini-

247 1802 311 1829 mici
329 1802 371 1828 sui
387 1800 488 1828 ﬂuente
502 1800 635 1835 replebat.
648 1798 739 1832 Quare
766 1800 794 1825 in
821 1797 892 1825 Isaia
916 1798 1036 1826 dicitur:

248 1856 259 1873 ι
280 1846 348 1881 Quis
375 1850 417 1874 est
442 1845 487 1873 hic
514 1845 562 1881 qui
586 1845 661 1873 venit
683 1852 717 1873 ex
745 1844 843 1876 Edom,
858 1844 942 1871 rubor
954 1844 1038 1872 vesti-

246 1897 400 1920 mentorum
415 1900 448 1919 ex
464 1892 550 1919 Bosor
558 1891 600 1918 "‘2
614 1901 623 1917 ι
644 1898 675 1918 ac
692 1890 790 1918 deinde
804 1899 810 1917 :
830 1899 839 1915 ι
852 1889 943 1923 Quare
955 1890 1038 1918 rubra

245 1940 410 1967 vestimenta
423 1943 480 1971 tua,
494 1942 522 1965 et
546 1938 705 1965 indumenta
717 1941 764 1964 tua
779 1936 852 1964 sicut
867 1936 965 1964 calcati
980 1939 1037 1964 tor-

246 1985 360 2017 cularis,
377 1984 474 2020 plenus
489 1984 652 2011 conculcata
661 1983 702 2010 “2
719 1993 728 2009 ι
748 1983 849 2011 Postea
875 1983 1036 2018 rogantibus

246 2031 285 2057 ita
303 2030 450 2065 respondet
466 2039 471 2056 :
492 2038 501 2055 (
522 2028 632 2056 Calcavi
648 2029 723 2064 ipsos
737 2029 764 2056 in
790 2029 884 2056 furore
901 2036 963 2055 meo
974 2028 1007 2055 ".
1024 2038 1033 2054 ›

245 2074 297 2103 Hic
320 2076 382 2102 item
408 2079 472 2110 post
490 2075 595 2102 calcata
620 2075 771 2102 draconum
790 2075 892 2110 capita,
909 2074 1010 2101 dicitur
1027 2084 1033 2101 :

248 2131 258 2147 (
274 2120 311 2148 Ut
336 2121 524 2155 confringatur
550 2128 599 2155 pes
620 2125 684 2148 tuus
707 2128 769 2147 cum
795 2120 938 2155 sanguine,
954 2129 963 2146 ι
981 2119 1034 2153 vel,

249 2175 258 2192 ι
279 2166 314 2194 Ut
331 2167 482 2202 inliugatur
495 2174 543 2201 pes
560 2170 623 2193 tuus
635 2166 662 2193 in
675 2166 820 2202 sanguine,
836 2170 863 2194 et
882 2166 974 2201 lingua
988 2173 1034 2192 ca-

245 2221 310 2240 nqu
322 2217 431 2240 tuorum
444 2221 478 2240 ex
491 2212 609 2240 inimicis
625 2213 659 2239 ab
672 2212 741 2248 ipso.
763 2222 772 2237 ι
794 2211 848 2239 Pro
863 2219 917 2246 quo
932 2211 1033 2239 clarius

1097 289 1159 316 μου,
1174 290 1184 306 ι
1199 280 1242 307 διὰ
1256 279 1310 307 τῶν
1325 280 1524 316 ἀνεκφωνήτων
1547 280 1613 315 παρ’
1634 280 1770 316 Ἑϐραίοις
1790 281 1886 309 τεττά-

1096 336 1150 362 ρων
1167 326 1305 363 στοιχείων
1320 326 1484 362 ὲγέγραπτο.
1505 325 1533 352 '0
1548 325 1576 352 δέ
1591 325 1727 361 δεύτερος,
1743 326 1772 353 ὃν
1788 327 1886 354 ἐαυτοῦ

1094 373 1197 408 Κύριον
1208 374 1222 399 6
1235 373 1376 408 προφήτης
1386 372 1480 408 ἐδήλου
1491 372 1614 406 φάσκων,
1628 371 1688 407 «Τῷ
1698 372 1792 408 Κυρίῳ
1805 383 1867 408 μου,
1875 384 1884 400 ι

1095 419 1198 454 ἑτέροις
1215 419 1357 454 στοιχείοις
1374 418 1509 454 ἐδηλοῦτο,
1526 415 1565 450 οἷς
1581 418 1628 445 καὶ
1643 419 1696 450 πᾶς
1710 420 1724 446 6
1736 420 1765 445 ὲν
1780 419 1887 456 ἀνθρώ-

1094 473 1156 495 ποις
1170 464 1263 490 δούλου
1279 464 1372 499 κύριος
1396 464 1568 499 σημαίνεται.
1587 463 1679 495 Οὕτως
1702 461 1748 490 οὖν
1768 465 1815 491 καὶ
1842 465 1886 490 ἐν-

1094 511 1181 538 ταῦθα
1204 511 1254 546 ἤδη
1272 511 1362 546 τρίτον
1387 511 1401 536 ὁ
1428 510 1524 546 μέχρις
1544 509 1607 545 ᾷόου
1631 509 1755 541 καταϐὰς
1776 511 1823 537 καὶ
1845 510 1885 537 δι-

1094 556 1200 589 εξόδους
1219 556 1334 583 θανάτου
1351 556 1535 591 πεποιημένος
1559 557 1662 592 Κύριος
1686 556 1730 582 διὰ
1752 556 1807 582 τῶν
1821 558 1886 593 παρ’

1099 603 1234 639 Ἑϐραίοις
1256 602 1353 634 κοινῶς
1368 601 1547 638 γραφομένων
1566 602 1703 636 στοιχείων
1718 601 1884 637 ὠνόμασται.

1093 648 1193 683 Διόπερ
1207 649 1221 674 ὁ
1236 647 1381 683 Σύμμαχος
1398 656 1406 672 ι
1422 646 1554 682 δεσπότην
1570 656 1579 671 t
1596 647 1770 682 ὴρμήνευσεν
1793 646 1883 674 αὐτόν.

1094 691 1178 727 Οὗτος
1191 693 1237 721 οὖν
1248 696 1262 721 6
1279 694 1390 730 Κύριος,
1403 693 1483 725 αὐτὸς
1497 694 1511 719 6
1524 693 1571 719 τοῦ
1588 693 1656 719 Θεοῦ
1674 693 1759 727 Λόγος
1773 693 1884 729 δηλαδὴ,

1093 739 1153 767 εἷπε
1161 749 1167 754 ”
1174 750 1183 764 ι
1195 740 1339 766 ἙκΒασὰν
1348 738 1512 774 ἐπιστρέψω·
1521 738 1581 764 »καὶ
1590 737 1671 765 πάλιν
1679 746 1684 752 ·
1691 747 1700 764 ι
1714 737 1885 773 Ἐπιστρέψω

1093 787 1125 813 ἐκ
1137 786 1224 821 βυθῶν
1239 786 1403 821 θαλάσσης.»
1414 786 1486 812 "Av-cl.
1498 785 1526 812 δὲ
1536 785 1594 817 τοῦ,
1609 795 1618 810 ι
1633 785 1801 821 ἐπιστρέψω,
1813 795 1822 811 ι
1838 785 1884 818 καὶ

1092 834 1138 860 τοῦ
1155 834 1290 870 δεύτερον,
1307 843 1316 859 ι
1328 833 1495 869 ἐπιστρέψω,
1512 843 1520 859 ι
1539 833 1553 859 ὁ
1567 833 1714 868 Σύμμαχος
1726 832 1820 859 τοῦτον
1835 833 1885 868 ἠρ-

1094 881 1211 916 μήνευσε
1222 881 1267 907 τὸν
1282 881 1382 916 τρόπον
1392 889 1398 895 ·
1414 890 1423 906 ι
1438 878 1504 906 Εἶπε
1518 880 1620 915 Κύριος
1630 889 1635 894 ·
1645 879 1710 905 Ἀπὸ
1721 879 1811 906 Βασὰν
1825 880 1885 906 ἐπι-

1093 925 1212 962 στρέψω,
1227 925 1274 952 καὶ
1287 925 1456 961 ἀναστρέψαι
1478 926 1584 960 ποιήσω
1606 924 1660 951 ἀπὸ
1679 924 1766 960 βυθῶν
1783 924 1884 952 θαλάσ-

1094 981 1153 1008 σης.
1170 981 1179 997 ι
1204 972 1286 1008 Ὁρᾷς
1302 972 1383 998 ὁποῖα
1409 970 1608 1007 κατορθώματα
1630 970 1776 1006 εἰργάσατο
1799 979 1884 999 κατοι-

1091 1018 1142 1050 6ὰς
1167 1018 1207 1050 είς
1223 1018 1285 1049 τοὺς
1306 1017 1404 1052 βυθοὺς
1417 1017 1467 1052 τῆς
1487 1017 1624 1052 Θαλάσσης
1639 1018 1652 1043 6
1674 1016 1795 1052 Κύριος;
1821 1025 1884 1044 συν-

1092 1064 1187 1091 έθλασε
1203 1063 1252 1096 τὰς
1269 1062 1389 1098 κεφαλὰς
1405 1063 1460 1090 τῶν
1479 1063 1633 1099 δρακόντων
1645 1063 1691 1090 ἐπὶ
1707 1063 1754 1090 τοῦ
1775 1062 1882 1095 ὓδατος,

1092 1110 1138 1137 καὶ
1153 1110 1201 1142 τὰς
1217 1110 1312 1146 τρίχας
1323 1109 1376 1136 τῶν
1390 1109 1493 1145 ἐχθρῶν
1510 1109 1592 1135 αὑτοῦ
1606 1109 1661 1136 τῶν
1676 1119 1685 1135 ι
1698 1109 1748 1144 τὴν
1762 1109 1884 1145 ἔντριχον

1092 1156 1212 1192 κορυφὴν
1235 1156 1263 1182 ἐν
1286 1155 1485 1191 πλημμελείαις
1504 1165 1513 1180 ι
1535 1155 1771 1191 διαπορευομένων
1786 1162 1795 1171 ⁶
1819 1155 1884 1181 ἐπι.-

1093 1202 1207 1237 στρέψαι
1236 1202 1263 1229 δέ
1286 1202 1371 1228 ἐποίει
1394 1202 1447 1228 ἀπὸ
1463 1201 1553 1228 Βασὰν
1577 1202 1623 1228 καὶ
1651 1201 1704 1228 ἀπὸ
1730 1200 1818 1236 βυθῶν
1834 1200 1884 1237 τῆς

1091 1248 1230 1283 Θαλάσσης
1259 1248 1309 1280 τὰς
1346 1247 1430 1274 πάλαι
1466 1247 1749 1282 καταπεποντωμένας
1785 1247 1883 1274 αὐτόσε.

1090 1294 1189 1330 ψυχάς.
1206 1293 1295 1320 Βασὰν
1312 1293 1340 1320 δὲ
1356 1294 1525 1329 ἡρμήνευται
1538 1292 1664 1329 αἰσχύνη,
1679 1293 1743 1319 ἔνθα
1759 1293 1792 1320 δι’
1807 1294 1882 1329 ἡμᾶς

1091 1340 1223 1376 κατῆλθεν
1242 1341 1256 1366 ὁ
1271 1340 1315 1366 διὰ
1336 1340 1390 1367 τῶν
1416 1340 1568 1375 εἰρημένων
1586 1339 1726 1374 στοιχείων
1751 1339 1882 1375 δηλωθεὶς

1091 1387 1204 1422 Κύριος,
1220 1386 1349 1422 αἰσχύνης
1366 1388 1575 1422 καταφρονήσας
1592 1385 1661 1421 ὑπὲρ
1679 1385 1814 1422 σωτηρίας
1827 1386 1882 1412 τῶν

1092 1434 1184 1461 αὐτόθι
1199 1434 1487 1469 καταδεδουλωμένων.
1500 1434 1546 1460 Διὸ
1560 1433 1685 1460 λέλεκται
1697 1442 1704 1448 ·
1721 1443 1730 1459 ι
1744 1431 1813 1460 Εἷπε
1826 1433 1882 1460 Κύ-

1093 1489 1148 1516 ριος
1161 1489 1167 1495 -
1189 1480 1236 1507 Ἐκ
1253 1480 1342 1506 Βασὰν
1364 1479 1519 1515 ἐπιστρέψω
1534 1500 1541 1512 ,
1564 1479 1721 1515 ἐπιστρέψω
1745 1480 1777 1506 ἐκ
1793 1479 1882 1515 βυθῶν

1093 1525 1228 1561 θαλάσσης
1240 1534 1246 1540 ·
1263 1535 1272 1551 ι
1290 1523 1338 1552 εἷθ’
1352 1525 1416 1560 ἑξῆς
1429 1525 1552 1552 λέλεκται
1565 1534 1571 1540 ·
1595 1535 1604 1551 ι
1621 1527 1715 1558 Ὅπως
1730 1526 1762 1552 ἂν
1780 1526 1853 1562 βαφῇ
1867 1527 1882 1553 6

1093 1572 1160 1604 ποῦς
1184 1581 1231 1599 σου
1258 1573 1286 1599 ἐν
1301 1572 1408 1607 αἵματι.
1425 1582 1434 1597 ι
1456 1572 1525 1598 Ἀνο’
1549 1570 1607 1599 οὗὸ
1630 1572 1776 1608 Σύμμαχος
1793 1573 1882 1608 ἡρμή-

1090 1627 1183 1645 νευσεν
1197 1619 1294 1645 εἰπών·
1313 1628 1322 1644 ι
1338 1619 1432 1650 Ὅπως
1448 1617 1622 1654 συγκατεάξῃ
1638 1619 1652 1645 ὁ
1668 1618 1736 1650 ποῦς
1751 1627 1796 1645 σου
1814 1618 1883 1654 μετὰ

1090 1666 1214 1700 αἵματος,
1236 1665 1283 1692 καὶ
1307 1665 1377 1700 λάψῃ
1400 1664 1543 1700 ὴγλῶσσα
1566 1664 1620 1690 τῶν
1642 1665 1732 1691 κυνῶν
1759 1673 1805 1691 σου
1829 1665 1882 1691 ἀπὸ

1090 1711 1204 1737 ἑκάστου
1232 1710 1286 1737 τῶν
1311 1710 1415 1746 ἐχθρῶν
1440 1718 1497 1736 σου.
1522 1719 1531 1735 ›
1564 1710 1718 1745 Συντρίθων
1742 1710 1796 1746 γὰρ
1819 1711 1882 1742 τοὺς

1090 1755 1187 1782 ἑαυτοῦ
1210 1755 1324 1790 ἐχθροὺς
1340 1755 1387 1780 καὶ
1410 1754 1460 1786 τὰς
1487 1753 1607 1788 κεφαλὰς
1631 1754 1720 1780 αὐτῶν
1748 1754 1880 1786 συνθλῶν,

1089 1801 1208 1836 ἐπλήρου
1232 1800 1277 1827 τὸν
1294 1799 1390 1826 ἐαυτοῦ
1413 1799 1481 1825 πόδα
1497 1799 1624 1834 αἵματος,
1640 1797 1687 1824 τοῦ
1711 1798 1743 1824 ἐκ
1757 1797 1810 1823 τῶν
1834 1806 1882 1824 κε-

1089 1846 1181 1880 φαλῶν
1205 1845 1253 1872 τοῦ
1271 1845 1368 1881 ἐχθροῦ
1395 1844 1478 1871 αὐτοῦ
1505 1844 1625 1879 ῥυέντος.
1651 1843 1698 1869 Διὸ
1723 1843 1830 1877 ἐλέγετο
1850 1844 1880 1870 ἐν

1094 1892 1209 1927 Ἡσαΐᾳ·
1229 1901 1238 1917 ‹
1256 1892 1303 1923 Τίς
1319 1888 1396 1922 οὗτος
1423 1892 1436 1917 6
1462 1890 1684 1926 παραγενόμενος
1709 1887 1740 1920 ἐξ
1771 1887 1878 1923 Ἐδὼμ,

1088 1939 1213 1975 ἐρύθημα
1232 1939 1347 1974 ἱματίων
1362 1939 1394 1964 ἐκ
1405 1937 1490 1973 Βοσόρ
1503 1945 1509 1969 ;
1525 1947 1533 1962 ι
1547 1936 1593 1963 καὶ
1608 1935 1671 1970 ἑξῆς
1681 1943 1687 1950 ·
1701 1945 1710 1961 ι
1723 1934 1772 1961 Διὰ
1788 1934 1813 1960 τί
1832 1942 1879 1960 σου

1088 1983 1189 2020 ἐρυθρὰ
1209 1983 1243 2010 τὰ
1258 1984 1361 2019 ἱμάτια,
1384 1982 1430 2009 καὶ
1445 1983 1479 2009 τὰ
1496 1980 1632 2017 ἐνδύματά
1646 1989 1691 2007 σου
1713 1979 1751 2011 ὡς
1769 1980 1879 2006 ἀποπα-

1086 2030 1168 2066 τητοῦ
1181 2029 1272 2064 ληνοῦ,
1286 2029 1392 2065 πλήρης
1406 2027 1603 2063 πεπατημένης
1615 2035 1623 2059 ;
1638 2036 1647 2051 ›
1660 2024 1716 2052 Εἶθ’
1732 2025 1795 2060 ἑξῆς
1810 2025 1878 2051 ἀπο-

1088 2077 1210 2113 κρίνεται
1226 2076 1293 2112 πρὸς
1307 2076 1369 2107 τοὺς
1383 2075 1585 2111 ἐρωτήσαντας,
1603 2073 1650 2100 καί
1670 2081 1736 2108 φησι
1747 2081 1753 2087 -
1776 2081 1785 2096 ‹
1802 2072 1879 2098 Κατ-

1087 2123 1213 2158 επάτησα
1225 2121 1323 2153 αὐτοὺς
1341 2122 1369 2147 ἐν
1384 2120 1462 2156 θυμῷ
1479 2129 1540 2156 μου.
1567 2129 1576 2145 ι
1591 2119 1646 2146 Καὶ
1664 2117 1780 2145 ἐνταῦθα
1788 2117 1877 2143 τοίνυν

1088 2168 1157 2204 μετὰ
1179 2167 1228 2203 τὴν
1254 2166 1397 2202 συντριϐὴν
1413 2165 1468 2192 τῶν
1493 2164 1619 2200 κεφαλῶν
1640 2163 1695 2190 τῶν
1725 2161 1878 2198 δρακόντων

1087 2214 1223 2241 λέλεκται”
1241 2223 1250 2239 ι
1267 2214 1359 2244 Ὅπως
1375 2211 1407 2239 ἂν
1432 2210 1606 2247 συγκατεάξῃ
1620 2211 1634 2236 6
1650 2208 1717 2240 ποῦς
1736 2216 1783 2234 σου
1809 2206 1878 2242 μετὰ.

246 2257 429 2294 Symmachus
446 2258 640 2292 interpretatus
658 2261 700 2285 est
721 2257 827 2288 dicens,
846 2266 855 2282 ι
875 2256 907 2283 Ει
928 2257 1032 2284 lambat

1090 2261 1227 2296 ιῖματος,»
1238 2260 1265 2295 ἦ,
1276 2260 1385 2291 (Ὅπως
1397 2259 1469 2294 βαφῇ
1481 2259 1495 2284 ὁ
1504 2257 1570 2289 ποῦς
1583 2265 1628 2283 σου
1641 2257 1670 2282 ὲν
1683 2255 1789 2291 αἵματι,
1799 2254 1846 2281 καὶ
1859 2256 1876 2289 ἡ

245 2304 338 2340 lingua
351 2311 450 2331 canqu
468 2308 589 2336 tuorum,
606 2304 640 2331 ab
665 2310 832 2338 unoquoque
855 2302 1033 2330 inimicorum

244 2355 365 2378 tuorum.
387 2360 396 2377 ι
415 2350 505 2378 Canes
523 2358 605 2386 porro
621 2349 729 2380 Domini
756 2348 918 2384 sanguinem
939 2348 1033 2375 inimi-

243 2404 339 2424 corum
356 2396 417 2432 ejus
434 2396 596 2429 lambentes,
614 2403 684 2430 quos
699 2402 760 2422 esse
776 2394 891 2426 dixeris,
906 2394 959 2421 nisi
972 2402 1031 2430 gre-

243 2444 286 2479 gis
309 2443 396 2479 ipsius
416 2443 545 2471 custodes
568 2441 714 2478 pervigiles
736 2441 784 2476 qui
808 2440 959 2468 Ecclesiam
973 2441 1032 2475 ejus

242 2493 365 2522 tuentur,
392 2490 451 2517 sive
464 2489 577 2517 ultrices
600 2487 734 2523 quasdam
757 2488 885 2520 virtutes,
898 2494 958 2522 qua:
971 2494 1034 2514 con-

242 2535 364 2563 tereudis
380 2535 499 2563 inimicis
507 2535 567 2570 ejus
579 2534 752 2566 incumbunt,
762 2541 875 2569 quaeque
882 2533 1031 2568 perniciem

244 2590 339 2609 corum
355 2581 557 2617 quodammodo
568 2580 715 2616 degustare
726 2579 874 2615 satagunt?

1082 2306 1194 2341 γλῶσσα
1221 2304 1274 2331 τῶν
1292 2304 1380 2331 κυνῶν
1408 2313 1454 2330 σου
1483 2303 1513 2336 ἐξ
1541 2302 1646 2338 ἐχθρῶν
1670 2302 1734 2337 παρ’
1752 2299 1845 2328 αὑτοῦ.
1865 2309 1875 2325 ν

1089 2352 1160 2379 Ἀνθ“
1176 2348 1205 2378 οὗ
1223 2350 1383 2387 λευκότερον
1397 2351 1411 2377 6
1422 2350 1570 2385 Σύμμαχος
1585 2348 1759 2384 ἡρμήνευσεν
1772 2345 1856 2372 είπών
1869 2354 1876 2361 ·

1085 2408 1094 2424 ι
1109 2399 1165 2424 Καὶ
1181 2397 1252 2433 λάψῃ
1268 2398 1284 2433 ἡ
1303 2396 1413 2431 γλῶσσα
1435 2395 1490 2422 τῶν
1508 2394 1598 2422 κυνῶν
1614 2393 1660 2420 ἂου
1684 2392 1737 2420 ἀπὸ
1761 2391 1878 2419 ἑκάστου

1082 2444 1137 2471 τῶν
1152 2443 1257 2480 ἐχθρῶν
1281 2452 1337 2470 σου.
1354 2453 1363 2469 ι
1381 2442 1473 2474 Κύνας
1490 2442 1518 2468 δὲ
1534 2440 1581 2467 τοῦ
1606 2439 1707 2475 Κυρίου
1725 2438 1878 2469 λάπτοντας

1082 2490 1113 2515 τὸ
1124 2487 1193 2525 αἷμα
1209 2489 1262 2516 τῶν
1278 2488 1384 2524 ἐχθρῶν
1400 2487 1482 2514 αὑτοῦ
1499 2486 1575 2518 τίνας
1589 2485 1621 2512 ἂν
1636 2485 1723 2515 εἴποις
1738 2483 1755 2518 ἢ
1770 2483 1833 2514 τοὺς
1844 2482 1878 2509 τὰ

1085 2534 1198 2570 ποίμνια
1220 2534 1303 2561 αὐτοῦ
1322 2533 1503 2569 φυλάττοντας
1520 2531 1643 2566 φύλακάς
1662 2537 1738 2560 τινας
1761 2527 1878 2564 ἐγρηγό-

1086 2589 1160 2616 ρους,
1173 2581 1222 2616 τὴν
1238 2580 1401 2615 Ἐκκλησίαν
1418 2578 1500 2605 αὑτοῦ
1518 2576 1713 2613 φρουροῦντας,
1723 2574 1740 2610 ἢ
1752 2582 1875 2609 τιμωρη-

241 2630 321 2661 τικάς
330 2638 406 2662 τινας
417 2630 547 2665 δυνάμεις
558 2628 777 2664 ἐπεμϐαινούσας
789 2629 822 2664 τῇ
851 2627 981 2663 συντριϐῇ
995 2627 1049 2655 τῶν
1069 2628 1174 2664 ἐχθρῶν
1187 2628 1271 2656 αὐτοῦ
1280 2648 1287 2661 ,
1316 2628 1364 2655 καὶ
1380 2627 1474 2662 ὥσπερ
1497 2624 1680 2659 ἀπογεύεσθαι
1703 2620 1876 2656 πειρωμένας

239 2678 289 2713 τῆς
305 2676 443 2708 ἀπωλείας
459 2676 548 2703 αὐτῶν
561 2684 568 2708 ;

275 2733 359 2762 Vens.
375 2734 420 2767 '25,
436 2734 481 2762 26.
499 2743 508 2759 ι
537 2733 596 2761 Visi
620 2737 686 2761 sunt
708 2733 850 2769 ingressus
869 2732 921 2764 tui,
945 2732 1030 2765 Deus,

239 2782 382 2817 ingressus
398 2780 442 2808 Dei
456 2781 520 2813 mei,
540 2780 613 2815 regis
630 2780 702 2812 mei,
716 2780 764 2815 qui
783 2783 825 2807 est
847 2779 874 2806 in
891 2783 997 2806 sancto.
1017 2787 1027 2803 ι

240 2827 303 2855 Haec
316 2831 516 2862 consequenter
530 2826 748 2862 praecedentibus
761 2826 940 2861 adjiciuntur.
958 2824 1029 2858 Quia

275 2905 298 2921 "
309 2904 382 2933 Psal.
395 2912 451 2940 cu,
465 2904 492 2933 t.
528 2904 552 2921 "
563 2903 616 2933 lsa.
632 2908 710 2938 um,
722 2904 748 2938 1.

1121 2742 1130 2758 ι
1151 2732 1359 2769 Ἐθεωρήθησαν
1379 2733 1407 2759 αἱ
1423 2730 1531 2768 πορεῖαί
1552 2739 1610 2763 σου,
1623 2730 1700 2761 Θεὸς,
1720 2729 1747 2755 αἱ
1765 2736 1873 2763 πορειαι

1081 2777 1128 2804 τοῦ
1146 2777 1213 2804 Θεοῦ
1232 2786 1293 2812 μου,
1314 2777 1360 2803 τοῦ
1380 2777 1511 2812 βασιλέως
1526 2785 1588 2811 μου,
1610 2774 1656 2802 τοῦ
1670 2776 1698 2802 ἐν
1712 2773 1752 2809 τῷ
1769 2772 1847 2808 ἁγίῳ.
1861 2781 1871 2797 ι

1081 2825 1136 2851 Καὶ
1149 2824 1233 2851 ταῦτα
1244 2825 1299 2855 τοῖς
1315 2823 1501 2859 προλεχθεῖσιν
1515 2821 1669 2853 ἀκολούθως
1683 2813 1870 2854 ἐπενήνεκταῖ.

806 2903 830 2920 ⁸⁵
841 2903 907 2932 ibid.
920 2902 948 2931 2.
985 2902 1009 2919 “
1023 2902 1089 2931 ibid.
1108 2902 1135 2930 5.
