4128 6392
403 318 509 377 ’7οὓ

1542 317 2047 377 COMMENTARIA
2087 318 2153 374 IN
2194 319 2535 377 PSALMOS.

3569 328 3671 384 710

413 434 633 507 Ἐπειδὴ
672 433 781 506 γὰρ
828 435 896 489 τά
948 434 1316 508 θεσπιζόμενα
1365 438 1495 511 πρὶν
1540 439 1791 507 γενέσθαι
1854 456 1971 512 προ-

2093 440 2238 495 enim
2268 455 2391 510 qua:
2414 440 2469 495 in
2499 438 2765 495 vaticinio
2808 439 3084 510 feruntur,
3139 450 3430 514 antequam
3484 451 3672 499 essent

397 523 690 597 εθεωρεῖτο
716 528 830 590 τοῖς
863 527 1039 595 ἁγίοις
1067 527 1160 581 τοῦ
1191 528 1326 582 Θεοῦ
1352 530 1677 602 προφήταις,
1713 529 1802 583 διὰ
1824 530 1984 583 τοῦτό

400 632 564 688 φησιν
600 615 841 685 ὁλόγος·
891 635 912 668 ι
958 618 1375 691 Ἐθεωρήθησαν
1418 623 1473 675 αἱ
1520 623 1736 693 πορεῖαί
1793 639 1907 684 σου,
1955 623 1985 675 6

397 711 549 775 Θεός.
578 732 596 764 ι
626 712 785 765 Ποῖαι
810 711 865 765 δὲ
890 716 1133 785 trapetas;
1168 712 1304 767 ἀλλά
1333 714 1521 788 πρώτη
1560 716 1664 787 μὴν
1697 718 1730 787 ὴ
1758 717 1984 781 κάθοδος

392 802 617 877 αὐτοῦὴ
656 803 714 856 ὲν
744 803 913 873 Σιναῒ,
942 805 1037 858 καὶ
1072 805 1233 859 πάλιν
1275 806 1307 876 ἡ
1342 806 1606 870 ἀνάϐασις
1634 810 1667 879 ή
1713 810 1793 872 εὶς
1827 808 1981 879 ὕψος,

395 894 494 950 καὶ
525 891 684 959 αὖθις
723 898 754 967 ἡ
778 896 1054 969 κάθοδοςή
1082 900 1174 951 ἐπὶ
1198 899 1380 953 Βασάν
1421 901 1515 953 καὶ
1558 902 1591 971 ἡ
1627 900 1836 954 ἐκεῖθεν
1858 905 1979 955 ὲπι-

395 987 634 1061 στροφὴ,
684 990 719 1060 ἢ
761 1007 819 1043 τε
869 990 1031 1062 μέχρι
1079 991 1173 1044 τοῦ
1225 992 1457 1046 θανάτου
1506 994 1838 1059 κατάϐασις,
1887 994 1982 1047 καὶ

394 1078 644 1132 ἐντεῦθεν
693 1078 914 1146 διέξοδοι
959 1080 1162 1146 αὑτοῦ,
1210 1084 1306 1135 καὶ
1344 1082 1435 1136 ἐπὶ
1473 1084 1697 1155 πᾶσινή
1748 1085 1813 1137 ὲκ
1873 1084 1980 1137 τῶν

394 1172 572 1242 βυθῶν
598 1174 699 1245 τῆς
722 1173 998 1245 Θαλάσσης
1030 1174 1292 1238 ἐπάνοδος
1317 1191 1331 1239 ;
1360 1168 1531 1229 Αῦται
1568 1177 1738 1229 πᾶσαι
1766 1179 1979 1254 πορεῖαι

391 1262 532 1337 ἦσαν
566 1265 660 1319 τοῦ
694 1266 1022 1337 δηλουμένου
1062 1266 1292 1339 Κυρίου,
1325 1268 1528 1332 αἵτινες
1564 1271 1676 1332 τοῖς
1716 1267 1809 1323 τοῦ
1844 1268 1977 1322 Θεοῦ

394 1360 702 1431 προφήταις
722 1358 1105 1430 ὲθεωρήθησαν
1129 1359 1259 1430 πρὶν
1292 1358 1544 1428 γενέσθαι
1564 1376 1576 1389 ’
1620 1359 1701 1412 διὸ
1738 1361 1831 1413 καὶ
1859 1365 1978 1425 ταῖς

392 1452 759 1523 προφητικαῖς
806 1448 1184 1521 παρεδόθησαν
1248 1450 1512 1521 Γραφαίς.
1582 1450 1823 1515 Εἰκότως
1884 1449 1976 1507 οῦν

392 1540 634 1612 εἴρηται·
666 1558 683 1589 ι
724 1538 1138 1611 Ἐθεωρήθησαν
1183 1541 1237 1593 αἱ
1288 1543 1503 1613 πορεῖαί
1534 1560 1624 1595 σου
1651 1584 1665 1607 ,
1697 1544 1725 1596 6
1763 1544 1912 1608 Θεὸς.
1950 1565 1970 1597 ι

388 1628 506 1685 Εἶτ’
544 1631 901 1700 ἀσφαλίζεται
949 1632 1217 1687 διδάσκων
1270 1634 1424 1687 ποίου
1471 1634 1606 1688 Θεοῦ
1653 1639 1710 1689 αἱ
1760 1642 1974 1709 πορεῖαι

391 1725 805 1796 ὲθεωρήθησαν·
853 1724 933 1777 διὸ
974 1725 1215 1793 ἐπιλέγει
1242 1742 1255 1755 ⁸
1307 1745 1325 1777 ι
1358 1727 1422 1778 Αἰ
1461 1732 1675 1800 πορεῖαι
1704 1729 1797 1782 τοῦ
1837 1729 1973 1784 Θεοῦ

2086 532 2530 602 praevidehantur
2553 548 2583 586 a
2608 533 2816 589 sanctis
2839 533 2934 589 Dei
2961 535 3263 605 prophetis,
3287 535 3409 590 ideo
3430 534 3665 591 dicitur:

2091 642 2110 675 ι
2156 622 2268 679 Visi
2327 632 2458 680 sunt
2506 626 2791 695 ingressus
2840 627 2940 689 tui,
2976 625 3140 682 Deus.
3173 647 3192 680 ι
3228 628 3331 694 Qui
3361 629 3663 700 ingressus,

2084 715 2193 770 nisi
2250 717 2484 785 primum
2545 716 2848 773 descensus
2879 718 2998 787 ejus
3040 720 3095 773 in
3124 719 3303 784 Sinai,
3336 735 3403 775 ac
3443 736 3666 775 rursum

2084 822 2352 863 ascensus
2387 809 2444 862 in
2480 809 2673 873 altum,
2713 810 3022 881 iterumque
3049 812 3350 868 descensus
3380 813 3436 867 in
3484 813 3667 869 Basan

2083 913 2146 952 ac
2175 915 2461 969 regressus
2484 900 2538 953 in
2572 900 2765 963 altum,
2797 908 2852 956 et
2891 918 3083 959 rursus
3115 904 3381 960 demissio
3410 904 3537 974 ejus
3568 921 3667 962 us-

2084 1006 2191 1060 que
2244 991 2312 1044 ad
2370 1001 2631 1055 mortem,
2659 1000 2714 1047 et
2759 994 2941 1048 exitus
2986 996 3134 1051 illius
3159 1012 3223 1051 ex
3248 1012 3334 1062 ea,
3359 1012 3423 1051 ac
3467 1008 3667 1067 praeter

2083 1083 2199 1138 haec
2257 1085 2443 1138 omnia
2506 1086 2716 1141 reditus
2744 1102 2808 1141 ex
2840 1087 3113 1157 profundo
3141 1090 3342 1145 maris?
3375 1089 3439 1143 Hi
3470 1106 3665 1147 omnes

2082 1175 2365 1246 ingressus
2409 1184 2567 1231 erant
2614 1182 2901 1233 memorati
2947 1180 3182 1247 Domini,
3215 1183 3310 1252 qui
3370 1193 3660 1253 antequam

2080 1267 2410 1322 exsisterent
2440 1284 2470 1321 a
2506 1270 2787 1339 pr0phetis
2824 1268 2919 1323 Dei
2974 1271 3078 1326 visi
3126 1280 3255 1325 sunt
3288 1290 3300 1325 :
3333 1288 3504 1342 quare
3536 1284 3665 1342 pro;

2080 1357 2312 1426 pheticis
2342 1358 2398 1412 in
2452 1360 2673 1430 scriptis
2702 1363 3013 1431 consignati
3053 1370 3201 1419 sunt.
3254 1363 3387 1419 Jure
3427 1380 3557 1434 ergo
3583 1364 3663 1419 di-

2079 1458 2227 1504 ctum
2262 1459 2346 1507 est
2384 1470 2398 1507 :
2437 1470 2456 1503 ι
2493 1451 2607 1507 Visi
2642 1462 2771 1507 sunt
2798 1455 3080 1525 ingressus
3111 1456 3213 1520 tui,
3242 1455 3406 1512 Deus.
3443 1476 3461 1509 ›
3502 1456 3663 1511 Dein-

2078 1542 2254 1612 deque
2279 1559 2391 1599 rem
2416 1544 2706 1598 conﬁrmat
2734 1546 2987 1601 indicans
3013 1548 3302 1617 cujusnam
3330 1547 3421 1603 Dei
3449 1549 3663 1619 ingrcs-

2078 1650 2174 1690 sus
2206 1636 2308 1691 visi
2339 1635 2577 1705 fuerint;
2614 1652 2739 1691 nam
2772 1638 2961 1707 adjicit
2992 1659 3002 1692 :
3036 1658 3053 1690 ι
3091 1640 3377 1711 Ingressus
3410 1640 3504 1696 Dci
3528 1642 3658 1705 mei,

2077 1727 2220 1797 regis
2268 1727 2397 1783 mei.
2435 1748 2455 1782 ι
2503 1727 2623 1783 Non
2670 1730 2990 1798 simpliciter
3018 1729 3143 1795 Dei,
3180 1744 3269 1787 aut
3316 1734 3461 1801 regis
3492 1774 3506 1798 ,
3561 1733 3661 1789 sed

393 1835 517 1888 μου,
552 1817 646 1871 τοῦ
674 1817 937 1888 βασιλέως
970 1836 1091 1889 μου.
1124 1838 1142 1869 ι
1175 1819 1250 1871 Οὐ
1296 1818 1404 1890 γὰρ
1434 1820 1620 1885 ἁπλῶς
1664 1822 1821 1887 Θεοῦ,
1854 1824 1971 1877 οὐδὲ

2082 1836 2100 1867 (
2128 1816 2220 1872 Dei
2252 1819 2381 1873 mei.
2405 1837 2423 1870 ι
2454 1817 2570 1874 Hoc
2599 1836 2766 1890 porro
2791 1821 2969 1875 simile
3002 1820 3165 1875 fuerit
3197 1822 3299 1886 illi,
3321 1842 3339 1873 ι
3370 1822 3516 1877 Dixit
3552 1823 3662 1877 Do-

392 1908 690 1978 βασιλέως,
727 1909 862 1963 ἀλλά
888 1908 982 1963 τοῦ
1032 1929 1050 1961 ι
1080 1910 1215 1964 Θεοῦ
1257 1930 1380 1983 μου.
1434 1932 1452 1963 ι
1492 1913 1662 1966 Τοῦτο
1702 1914 1759 1968 δὲ
1792 1917 1973 1987 ὅμοιον

389 2002 644 2071 τυγχάνει
672 2001 782 2072 τῷ,
814 2021 832 2053 ι
864 1998 999 2055 Εἶπε
1026 2001 1231 2074 Κύριος
1256 2004 1333 2075 τῷ
1366 2005 1556 2076 Κυρίῳ
1584 2023 1683 2076 μου
1704 2023 1718 2036 ο
1768 2027 1786 2059 ι
1818 2010 1845 2061 6
1875 2010 1973 2079 μὲν

389 2094 499 2166 γὰρ
521 2093 738 2165 πρῶτος
764 2096 792 2147 6
815 2096 908 2147 ἐπὶ
937 2096 1153 2149 πάντων
1187 2096 1271 2167 εἴη
1304 2095 1369 2150 ἂν
1399 2097 1530 2161 Θεός
1547 2116 1559 2127 ’
1587 2100 1615 2151 6
1639 2099 1694 2152 δὲ
1720 2099 1973 2173 δεύτερος

388 2186 592 2259 Κύριος
634 2186 662 2239 6
707 2185 951 2240 ἀκούων·
1007 2205 1025 2237 ‹
1059 2186 1244 2240 Κάθου
1286 2188 1351 2241 ὲκ
1401 2186 1589 2253 δεξιῶν
1643 2208 1765 2261 μου,
1790 2211 1808 2242 ι
1842 2194 1972 2264 ἐμὸς

387 2276 645 2347 τυγχάνει
664 2274 866 2347 Κύριος
884 2291 897 2304 ·
933 2274 1031 2338 διὸ,
1057 2293 1074 2325 ι
1100 2269 1237 2327 Εἷπε
1261 2274 1465 2347 Κύριος
1483 2276 1559 2347 τῷ
1587 2277 1777 2349 Κυρίῳ
1802 2295 1922 2349 μου.
1946 2298 1965 2330 ι

388 2368 500 2421 Καὶ
525 2366 759 2421 ἐνταῦθα
784 2367 962 2420 τοίνυν
991 2366 1083 2420 τὸν
1128 2366 1380 2438 δεύτερον
1443 2369 1719 2439 σημαίνων
1749 2371 1777 2422 ὀ
1809 2369 1970 2434 αὐτὸς

390 2462 674 2533 προφήτης
722 2462 923 2532 φησιν’
961 2480 981 2513 ‹
1013 2462 1079 2514 Αἱ
1122 2465 1336 2535 πορεῖαι
1386 2462 1480 2517 τοῦ
1525 2464 1659 2517 Θεοῦ
1694 2483 1792 2536 μου
1816 2506 1831 2529 ,
1874 2465 1968 2519 τοῦ

391 2552 654 2622 βασιλέως
684 2570 818 2624 μου,
866 2550 960 2605 τοῦ
1008 2553 1066 2606 ἐν
1098 2552 1178 2624 τῷ
1222 2554 1381 2624 ἁγίῳ.
1412 2572 1431 2604 ι
1494 2554 1620 2607 Ἐἀν
1666 2554 1774 2626 γὰρ
1827 2555 1970 2623 λέγω

390 2644 767 2716 θεωρουμένας
803 2644 1062 2716 πορείας,
1121 2646 1194 2716 μή
1231 2663 1317 2709 τις
1354 2643 1623 2718 νομιζέτω
1678 2664 1744 2717 με
1790 2646 1969 2716 λέγειν

387 2733 481 2789 τοῦ
515 2734 609 2786 ἐπὶ
655 2734 873 2787 πάντων
914 2733 1082 2786 Θεοῦ·
1118 2734 1253 2788 ἀλλὰ
1297 2734 1391 2787 τοῦ
1428 2734 1563 2788 Θεοῦ
1596 2753 1697 2807 μου
1741 2736 1833 2789 καὶ
1874 2734 1968 2789 τοῦ

390 2825 657 2897 βασιλέως
702 2842 803 2895 μου
847 2828 1082 2896 πορεῖαι.
1139 2826 1279 2879 Ἀλλ’
1326 2826 1513 2899 ἐπειδὴ
1562 2846 1580 2878 ι
1620 2827 1968 2898 προέφθασαν

387 2920 646 2990 ἄρχοντες
704 2918 954 2989 ἐχόμενοι
1011 2918 1320 2988 ψαλλόντων
1378 2921 1436 2974 ὲν
1482 2920 1657 2990 »μέσῳ
1712 2920 1967 2976 νεανίδων

386 3015 855 3087 τυμπανιστριῶν.
892 3035 912 3068 ι
947 3015 1112 3069 Αὐτοὶ
1149 3015 1256 3086 γὰρ
1289 3006 1434 3067 οὗτοι
1465 3016 1514 3067 οἱ
1557 3014 1997 3085 προφθάσαντες-

1994 3143 2035 3200 C
2073 3114 2300 3170 gressus
2351 3097 2446 3153 Dei
2493 3099 2599 3153 mei
2649 3099 2794 3170 regis
2841 3098 2968 3155 mei.
3026 3098 3108 3154 llli
3155 3114 3326 3164 vero,
3374 3100 3655 3170 prophetae

387 3109 669 3181 ἄρχοντες,
706 3109 740 3181 ἢ
772 3111 822 3162 οἰ
847 3110 1062 3182 ᾄδοντες
1086 3110 1179 3163 καὶ
1208 3108 1482 3179 Πνεῦματι
1512 3108 1650 3179 ἁγίῳ
1677 3108 1737 3162 τὸ
1776 3107 1967 3178 μέλλον

389 3199 775 3263 θεσπίςοντες,
818 3198 1241 3271 προεθεώρησαν
1288 3197 1386 3261 τὰς
1434 3199 1657 3269 πορείας
1701 3196 1795 3251 τοῦ
1831 3196 1965 3251 Θεοῦ

391 3309 494 3363 μου
527 3292 737 3345 καὶτοῦ
765 3292 1031 3363 βασιλέως
1068 3310 1190 3363 μου.
1228 3284 1386 3346 Οὗτοι
1412 3291 1469 3344 δὲ
1503 3286 1643 3361 ἦσαν
1669 3290 1719 3342 οἱ
1754 3289 1968 3361 προφῆ-

387 3401 498 3447 ται,
532 3387 579 3439 οἱ
621 3386 1033 3457 προφθάσαντες
1067 3387 1193 3449 τοὺς
1238 3384 1376 3457 μετά
1401 3384 1575 3438 ταῦτα
1607 3383 1971 3456 προελθόντας

389 3476 738 3540 ἀποστόλους.
770 3476 873 3530 Δύο
911 3476 1019 3551 γὰρ
1054 3476 1230 3548 χορῶν
1258 3477 1357 3546 τὴν
1389 3474 1480 3529 τοῦ
1514 3475 1766 3548 Σωτῆρος
1810 3475 1969 3547 ἡμῶν

390 3568 665 3638 θεολογίαν
688 3568 993 3641 ἀνθρώποις
1028 3568 1506 3641 παραδεδωκότων,
1528 3568 1559 3619 ὁ
1587 3568 1685 3638 μὲν
1718 3566 1967 3639 προφθά-

391 3676 490 3722 σας
522 3659 680 3731 χορὸς
709 3654 777 3731 ἦν
804 3661 833 3713 6
866 3659 1225 3730 προφητικὸς,
1275 3661 1303 3712 6
1334 3658 1391 3712 δὲ
1437 3656 1689 3729 δεύτερος
1726 3656 1967 3710 ἐπελθὼν

388 3751 418 3802 6
440 3751 553 3804 τῶν
592 3749 904 3804 ἀποστόλων
940 3750 1033 3804 καὶ
1073 3748 1328 3821 μαθητῶν
1366 3748 1458 3802 τοῦ
1509 3748 1783 3820 Σωτῆρος.
1819 3747 1966 3820 Πλὴν

389 3841 526 3896 ἀλλά
554 3841 938 3914 ὲθεωρήθησαν
980 3844 1035 3894 αἱ
1062 3844 1278 3912 πορεῖαι
1318 3840 1411 3894 τοῦ
1443 3840 1773 3912 δηλωθέντος
1796 3838 1962 3893 Θεοῦ·

388 3933 423 4004 ἦ
464 3936 575 3997 τοῖς
630 3934 727 4004 μὲν
786 3933 1103 3997 ἀποστόλοις
1147 3932 1560 4005 ὲθεωρήθησαν,
1605 3933 1654 3986 οἳ
1704 3934 1798 3987 καὶ
1845 3932 1966 4002 ὕψει

389 4025 698 4097 παρέλαϐον
752 4024 822 4078 τά
875 4024 1042 4078 πάλαι
1100 4024 1404 4096 προγνώσει
1466 4024 1963 4096 προπεφωνημένα.

389 4110 552 4170 Οὗτοι
587 4115 685 4187 μὲν
723 4110 815 4168 οῦν
849 4116 1035 4178 αὐτοῖς
1078 4115 1376 4186 ὀφθαλμοῖς
1404 4113 1503 4178 τάς
1543 4114 1764 4185 πορείας
1805 4113 1968 4168 ἐθεώ-

392 4224 562 4279 ρησαν
610 4206 704 4261 τοῦ
744 4206 914 4261 Θεοῦο
964 4207 1317 4279 προέφθασαν
1360 4206 1419 4260 δὲ
1463 4207 1660 4271 αὐτοὺς
1708 4208 1966 4279 ἄρχοντές

386 4317 531 4364 τινες
561 4295 706 4354 οῦτοι
737 4302 784 4353 οἱ
828 4300 1076 4371 ἐχόμενοι
1114 4300 1223 4354 τῶν
1253 4298 1580 4370 ψαλλόντων.
1616 4300 1878 4371 Σημαίνει
1908 4298 1966 4352 δὲ

387 4392 417 4441 ὁ
443 4389 596 4460 λόγος
625 4391 718 4444 τὸν
745 4390 908 4444 Δαυῒδ
940 4391 1101 4445 αὐτὸν
1135 4391 1228 4445 καὶ
1250 4392 1377 4454 τοὺς
1408 4391 1503 4444 σὺν
1526 4390 1674 4461 αὑτῷ
1701 4391 1795 4444 καὶ
1828 4390 1967 4444 κατὰ

2075 1908 2258 1962 minus
2289 1908 2519 1963 Domino
2553 1926 2674 1965 meo
2716 1914 2728 1965 ὲ
2780 1932 2799 1964 ›
2849 1914 3056 1981 primus
3118 1914 3318 1983 quippe
3374 1915 3661 1969 universo-

2075 2012 2198 2051 rum
2233 1997 2376 2054 Deus
2410 1998 2576 2053 fuerit
2603 2018 2617 2066 ;
2649 2001 2924 2055 secundus
2949 2016 3079 2055 vero
3108 1999 3393 2064 Dominus,
3431 2001 3525 2071 qui
3567 2014 3662 2054 aua

2074 2089 2174 2153 dit,
2214 2109 2232 2140 ‹
2274 2088 2411 2145 Sede
2441 2106 2471 2145 a
2495 2090 2703 2147 dextris
2734 2092 2952 2157 meis“,
2993 2112 3012 2143 ι
3047 2106 3202 2147 meus
3222 2091 3487 2147 Dominus
3516 2099 3601 2146 est
3637 2109 3654 2147 :

2072 2198 2263 2253 quare,
2301 2202 2319 2234 ι
2365 2182 2512 2237 Dixit
2554 2182 2819 2242 Dominus
2851 2184 3080 2239 Domino
3104 2201 3244 2240 meo.
3279 2204 3299 2237 ι
3339 2184 3440 2239 Hic
3485 2185 3658 2256 igitur

2071 2273 2224 2327 illum
2262 2276 2507 2330 secundo
2537 2276 2659 2331 loco
2705 2278 2941 2348 positum
2971 2280 3086 2347 ipse
3124 2276 3395 2347 Propheta
3444 2277 3657 2347 signifi—

2071 2379 2205 2420 cans
2235 2364 2370 2419 dicit
2398 2384 2413 2419 :
2451 2384 2469 2416 ι
2509 2365 2797 2436 ingressus
2825 2366 2916 2423 Dei
2942 2368 3070 2431 mei,
3107 2369 3252 2437 regis
3291 2369 3422 2433 mei,
3455 2369 3548 2438 qui
3569 2376 3657 2425 est

2073 2456 2127 2509 in
2166 2464 2379 2512 sancto.
2415 2456 2596 2511 »Νίιω
2653 2474 2776 2513 cum
2824 2459 3109 2529 ingressus
3168 2459 3340 2514 videri
3390 2459 3537 2525 dico,
3584 2474 3656 2515 ne

2072 2548 2198 2617 quis
2223 2550 2497 2604 existimet
2528 2551 2913 2605 universorum
2939 2548 3034 2605 Dei
3072 2550 3196 2605 illos
3222 2566 3379 2616 esse;
3418 2550 3512 2606 sed
3556 2550 3653 2605 Dei

2070 2639 2212 2704 mei,
2245 2640 2390 2710 regis
2420 2641 2526 2696 mei
2569 2641 2855 2712 ingressus
2881 2649 3030 2697 sunt.
3066 2639 3265 2697 Verum
3292 2643 3420 2713 quia
3458 2661 3477 2694 ι
3514 2660 3655 2714 prae-

2070 2740 2338 2786 venerunt
2365 2733 2642 2803 principes
2670 2732 2951 2801 conjuncti
2980 2733 3365 2803 psallentibus,
3394 2734 3447 2787 in
3470 2735 3653 2790 medio

2065 2820 2485 2891 juvencularum
2540 2823 3071 2894 tympanistriarum.
3117 2843 3137 2876 ι
3194 2822 3259 2877 Hi
3322 2824 3467 2879 enim
3542 2824 3652 2896 ipsi

2072 2913 2350 2984 principes
2381 2914 2475 2984 qui
2513 2920 2918 2985 praevenerunt,
2946 2914 3062 2969 sive
3092 2915 3188 2985 qui
3229 2927 3454 2981 canunt,
3492 2925 3547 2970 et
3593 2917 3652 2971 in

2074 3002 2283 3075 Spiritu
2317 3014 2512 3063 sancto
2540 3006 2726 3061 futura
2751 3007 3144 3076 praenuntiant,
3171 3006 3539 3077 prmviderunt
3564 3007 3654 3060 in-

2071 3203 2286 3260 nempe,
2319 3191 2619 3261 apostolos,
2650 3191 2744 3262 qui
2794 3199 2918 3261 post
2968 3206 3201 3259 venere,
3236 3200 3651 3261 praevenerunt.

2069 3281 2285 3338 Etenim
2343 3298 2469 3337 cum
2511 3283 2621 3338 duo
2654 3284 2811 3337 chori
2861 3281 3162 3339 Salvatoris
3216 3284 3392 3338 nostri
3436 3284 3653 3338 theolo-

2069 3374 2215 3445 giam
2266 3373 2582 3429 hominibus
2632 3375 2979 3440 tradiderint,
3027 3375 3120 3443 qui
3169 3374 3378 3444 primus
3424 3375 3650 3444 prodiit,

2069 3465 2423 3536 propheticus
2452 3465 2835 3537 chorus.erat;
2866 3467 2958 3536 qui
2991 3481 3121 3520 vero
3160 3466 3437 3521 secundus
3463 3480 3653 3521 acces-

2069 3557 2161 3621 sit,
2196 3557 2577 3626 apostolorum:
2601 3566 2657 3613 et
2674 3556 3067 3627 discipulorum
3097 3555 3301 3611 Christi
3326 3557 3531 3611 chorus
3555 3573 3653 3611 ex-

2069 3649 2229 3705 stitit.
2261 3648 2532 3705 Caaterum
2563 3649 2667 3706 visi
2701 3656 2832 3705 sunt
2876 3649 3159 3718 ingressus
3187 3649 3474 3703 memorati
3509 3647 3648 3718 Dei;

2068 3741 2184 3797 sive
2210 3740 2472 3810 apostolis
2502 3739 2724 3810 quidem
2754 3739 2857 3794 visi
2906 3746 3056 3802 sunt,
3086 3738 3179 3808 qui
3228 3753 3350 3808 quae
3399 3738 3530 3791 olim
3579 3754 3651 3793 ex

2070 3833 2419 3905 praescientia
2461 3832 2825 3904 praenuntiata
2859 3832 3076 3887 fuerant
3125 3832 3258 3903 ipsis
3299 3831 3476 3887 oculis
3513 3845 3650 3886 con-

2069 3936 2385 4000 spexerunt.
2434 3929 2501 3983 Hi
2540 3929 2725 3999 itaque
2772 3928 2975 3984 oculati
3010 3928 3293 3999 ingressus
3339 3927 3435 3983 Dei
3474 3937 3648 3985 testes

2069 4024 2222 4078 fuere
2254 4042 2266 4077 :
2302 4022 2451 4093 ipsos
2484 4028 2665 4075 tamen
2693 4028 3069 4090 pmvenerunt
3098 4020 3373 4090 principes
3426 4020 3649 4090 quidam

2069 4116 2350 4186 conjuncti
2402 4112 2762 4185 psallentibus
2793 4132 2806 4167 :
2842 4112 2998 4183 queis
3077 4112 3457 4181 signiﬁcantur
3519 4126 3648 4166 cum

2069 4210 2186 4280 ipse
2226 4206 2417 4272 David,
2467 4214 2580 4260 tum
2638 4206 2676 4260 ii
2727 4206 2827 4275 qui
2872 4219 2981 4259 una
3038 4219 3160 4257 cum
3193 4219 3259 4258 eo
3311 4210 3445 4258 tunc
3477 4203 3648 4260 duces

2073 4298 2258 4370 populi
2289 4303 2465 4352 erant.
2518 4293 2583 4348 Hi
2618 4294 2901 4362 conjuncti
2956 4293 3322 4364 psallentibus
3369 4307 3648 4363 praevene-

2067 4392 2196 4439 runt
2218 4385 2273 4438 in
2290 4383 2468 4438 medio
2485 4383 2902 4453 juvencularum
2933 4382 3461 4451 tympanistriarum.
3487 4380 3650 4438 Tales

388 4486 513 4548 τοὺς
546 4486 745 4548 αὐτοὺς
790 4485 1016 4557 χρόνους
1053 4484 1387 4556 ἡγουμένους
1416 4483 1511 4538 τοῦ
1556 4482 1721 4538 λαοῦ·
1773 4484 1966 4548 οἵτινες

2072 4486 2218 4532 certe
2246 4484 2403 4530 erant
2447 4473 2690 4529 Judaicae
2717 4485 3026 4544 synagoga,
3068 4470 3404 4540 imperfecta:
3436 4471 3648 4526 scilicet

390 4578 637 4650 ἐχόμενοι
666 4576 773 4631 τῶν
821 4577 1133 4647 ψαλλόντων
1168 4576 1518 4650 προέφθασαν
1563 4578 1621 4631 ὲν
1665 4577 1815 4648 μέσῳ
1844 4592 1967 4631 νεα-

388 4670 547 4724 νίδων
575 4670 1037 4742 τυμπανιστριῶν.
1059 4669 1317 4723 Τοιαῦται
1347 4669 1405 4723 δὲ
1426 4665 1566 4740 ἦσαν
1591 4671 1647 4722 αἱ
1682 4668 1968 4723 Ἰουδαῖκαὶ

392 4763 727 4830 συναγωγαὶ,
758 4762 970 4825 ἀτελεῖς
996 4762 1092 4815 καὶ
1129 4762 1295 4815 εἰσέτι
1322 4764 1581 4827 νεάνιδες,
1623 4764 1781 4817 πλέον
1814 4762 1968 4817 οὐδὲν

390 4852 750 4924 ἐπιστάμεναι
794 4854 829 4925 ἢ
875 4854 1178 4924 τυμπάνοις
1220 4853 1455 4925 χρῆσθαι
1482 4857 1597 4918 τοῖς
1637 4856 1968 4926 σωματικοῖς

390 4945 638 5020 ὀργάνοις
675 4948 737 5017 ἐκ
776 4945 938 5017 δορᾶς
976 4945 1183 5014 νεκρῶν
1217 4944 1374 5009 ζώων
1416 4946 1960 5018 κατεσκευασμένοις.

390 5033 484 5088 Διδ
506 5035 930 5107 τυμπανίστριαι
957 5034 1224 5106 εἴρηνται,
1254 5034 1333 5106 τῷ
1361 5036 1525 5107 μηδὲν
1556 5035 1741 5106 ἕτερον
1766 5035 1964 5091 εἰδέναι

391 5126 427 5199 ἢ
457 5127 525 5181 τὰ
560 5128 845 5200 σωματικά
874 5126 969 5180 τοῦ
992 5128 1160 5199 νόμου
1186 5128 1642 5201 παραγγέλματα.

471 5259 490 5292 ι
531 5241 619 5294 Ἑν
661 5220 1006 5313 Ἐκκλησίαις
1034 5242 1303 5312 εὐλογεῖτε
1332 5243 1422 5297 τὸν
1471 5242 1603 5296 Θεὸν
1646 5241 1848 5314 Κύριον
1903 5242 1969 5294 ὲκ

392 5331 589 5404 πηγῶν
631 5332 866 5405 Ἰσραήλ.
898 5353 916 5388 ι
975 5336 1132 5390 Μετὰ
1180 5338 1305 5400 τοὺς
1338 5336 1829 5409 προθεωρήσαντας
1871 5333 1971 5397 τὰς

392 5424 488 5477 τοῦ
541 5424 870 5494 δηλωθέντος
905 5426 1042 5480 Θεοῦ
1079 5428 1335 5500 πορείας,
1384 5426 1691 5490 ἀκολούθως
1731 5428 1759 5479 6
1813 5424 1970 5494 λόγος

394 5516 602 5587 ἑτέροις
630 5517 740 5569 τισὶ
793 5517 931 5589 μετά
972 5521 1097 5583 τοὺς
1147 5518 1395 5591 πρώτους
1422 5519 1746 5591 γενομένους
1803 5533 1972 5590 προσ-

396 5610 564 5676 φωνεί
579 5607 752 5677 λέγων
771 5626 784 5639 °
823 5629 842 5661 ι
884 5610 973 5664 Ἐν
999 5610 1317 5683 ἐκκλησίαις
1346 5611 1616 5681 εὐλογεῖτε
1638 5611 1731 5665 τὸν
1751 5609 1883 5665 Θεόν
1899 5624 1913 5639 ⁸
1942 5626 1961 5661 ι

464 5764 510 5797 ⁸⁸
530 5764 674 5820 Psal.
705 5779 816 5830 cu,
852 5767 905 5823 1.

2070 4574 2125 4623 et
2176 4566 2354 4621 adhuc
2392 4564 2718 4635 juvenculaa,
2753 4563 2904 4618 nulla
2961 4562 3066 4615 alia
3108 4560 3339 4615 scientia
3380 4559 3643 4629 praedita},

2070 4675 2235 4731 quam
2273 4665 2333 4713 ut
2354 4657 2626 4730 tympanis
2657 4656 2771 4711 sive
2798 4652 3079 4725 corporeis
3111 4650 3493 4707 instrumentis
3518 4659 3644 4705 ute-

2070 4761 2285 4817 rentur,
2331 4765 2396 4806 ex
2426 4758 2769 4805 mortuorum
2804 4747 3125 4801 animalium
3168 4744 3309 4815 pelle
3355 4740 3641 4797 conlectis.

2070 4843 2254 4911 Quare
2311 4841 2709 4914 tympanistria:
2770 4839 3053 4904 dicuntur,
3113 4835 3261 4908 quod
3303 4834 3443 4890 nihil
3497 4832 3647 4888 aliud

2071 4944 2323 5003 nossent,
2347 4950 2512 5006 quam
2538 4947 2802 5005 corporea
2826 4932 2961 5003 legis
2984 4936 3275 5002 praecepta.

2143 5232 2313 5289 Vsus.
2342 5230 2434 5298 27,
2460 5228 2549 5285 28.
2580 5247 2598 5280 ι
2626 5225 2685 5282 In
2718 5225 2977 5282 Ecclesiis
3005 5220 3309 5278 benedicite
3363 5217 3475 5275 Deo
3538 5214 3647 5273 Do-

2074 5324 2225 5379 mino
2255 5322 2323 5376 de
2368 5319 2613 5374 fontibus
2658 5316 2846 5373 Israel.
2886 5334 2904 5367 ι
2942 5313 3014 5367 De
3048 5313 3115 5367 iis
3156 5312 3373 5367 locutus
3414 5310 3507 5380 qui
3548 5307 3645 5364 Dei

2071 5418 2186 5490 jam
2233 5413 2519 5470 memorati
2568 5412 2854 5482 ingressus
2900 5406 3286 5477 praeviderant,
3350 5411 3474 5475 post
3522 5403 3648 5457 illos

2076 5512 2290 5585 primos
2319 5513 2720 5577 consequenter
2766 5503 2903 5556 alios
2936 5500 3227 5569 compellat
3255 5497 3443 5552 dicens
3472 5515 3485 5550 :
3519 5512 3538 5546 ι
3586 5494 3646 5585 in

2075 5581 2323 5663 ecclesiis
2368 5597 2675 5655 benedicite
2725 5592 2853 5649 Deo.
2896 5614 2913 5645 ι
2946 5589 3085 5658 Quia
3127 5603 3257 5645 vero
3295 5588 3347 5642 hi
3379 5602 3409 5641 a
3440 5581 3649 5658 princi-
