4128 6392
488 311 584 365 7H

1155 304 1427 361 EUSEBII
1465 300 1944 360 CAESARIENSIS
1981 299 2133 356 OPP.
2175 300 2356 356 PARS
2394 301 2483 359 lll.
2526 334 2587 344 —
2634 303 3047 361 EXEGETICA.

3656 308 3759 364 712

487 429 652 499 pibus
701 425 810 481 illis
852 425 947 495 qui
1003 432 1387 494 prmvenerunt
1449 422 1655 477 diversi
1714 429 1908 488 erant;
1939 421 2063 491 jure

2167 422 2260 475 xui.
2283 422 2579 494 ἐπειδήπερ
2612 422 2788 495 ἕτεροι
2831 421 2971 496 ἦσαν
2995 419 3137 479 οῦτοι
3167 425 3318 496 παρά
3352 424 3478 489 τοὺς
3514 426 3759 497 προφθά-

488 528 667 576 emtas
702 520 918 574 illorum
948 516 1218 571 ecclesias
1253 521 1434 579 vocat,
1466 515 1624 584 queis
1650 514 1935 583 prephetia
1965 529 2066 568 nec

486 614 722 668 obscure
771 608 1081 663 Servatoris
1128 606 1305 660 nostri
1350 604 1618 660 ecclesias
1650 611 2061 658 commemorat.

484 701 755 756 Jubeutur
781 713 944 769 porro
974 697 1028 751 hi
1065 696 1293 752 secundi
1321 736 1336 759 ,
1368 711 1479 750 non
1512 695 1568 749 in
1598 694 1778 749 medio
1804 694 2067 765 juvencu-

488 794 663 849 larum
713 787 1249 861 tympanistriarum,
1296 786 1392 843 sed
1444 787 1501 841 in
1547 786 1800 842 ecclesiis
1842 785 2067 840 benedi-

484 901 609 940 cere
638 883 767 938 Deo.
798 883 931 949 Quis
981 882 1054 937 sit
1096 880 1239 936 Deus
1283 881 1373 935 ille
1407 897 1533 934 mox
1587 881 1795 934 indicat
1849 879 2061 943 dicens,

489 996 508 1028 1
546 975 796 1029 Domino.
833 994 852 1026 ι
893 972 1046 1027 Unde
1077 988 1206 1028 vero
1260 973 1312 1027 id
1374 972 1678 1036 hauserint,
1730 970 1876 1041 quod
1908 986 2063 1041 opor-

482 1078 593 1125 teat
619 1068 881 1123 Ecclesiis
914 1067 1129 1120 Domini
1159 1066 1235 1137 (l)
1262 1065 1588 1133 theologiam
1612 1064 1848 1130 tradere,
1884 1079 2068 1119 neces.

483 1161 631 1214 sario
688 1159 924 1227 explicat
968 1158 1054 1213 his
1112 1159 1296 1212 verbis
1324 1179 1338 1212 ;
1369 1174 1387 1208 1
1424 1156 1656 1211 Domino
1703 1156 1770 1211 de
1816 1155 2061 1211 fontibus

481 1252 681 1317 lsrael,
722 1272 740 1304 ι
790 1252 1218 1321 vulgaribusque
1254 1250 1453 1305 iterum
1509 1249 1932 1304 characteribus
1976 1248 2064 1302 hic

483 1344 749 1400 Dominus
778 1344 1123 1415 exprimitur.
1171 1343 1374 1399 Fontes
1406 1358 1535 1397 vero
1563 1342 1749 1405 Israel,
1786 1341 2065 1411 propheti-

481 1455 561 1494 (ιω
609 1438 905 1509 Scripturae
958 1445 1086 1492 sunt
1134 1443 1300 1505 atque
1330 1437 1413 1489 lex
1446 1434 1668 1505 Moysis.
1725 1433 1801 1487 Ex
1860 1434 2063 1504 quibus

482 1528 641 1598 quasi
673 1544 739 1582 ex
762 1527 1028 1589 fontibus,
1056 1542 1152 1597 per
1185 1527 1379 1580 hausta
1429 1524 1496 1579 de
1542 1523 1829 1579 Salvatore
1874 1532 2064 1579 nostro

484 1621 825 1682 testimonia,
864 1620 1092 1674 secundi
1125 1618 1202 1671 illi
1234 1619 1290 1672 in
1328 1618 1579 1673 ecclesiis
1613 1618 1937 1673 benedicere
1960 1617 2061 1687 ipsi

477 1714 758 1783 jubentur.
786 1711 987 1767 Deinde
1010 1711 1292 1781 subjungit
1322 1728 1334 1763 :
1372 1728 1391 1761 1
1432 1708 1508 1763 lbi
1541 1709 1825 1779 Benjamin
1873 1709 2061 1765 adole-

2172 531 2371 579 σαντας
2401 517 2700 587 ἄρχοντας,
2750 518 2976 581 εἰκότως
3009 520 3103 571 xui.
3147 518 3247 582 τὰς
3297 517 3547 582 συνόδους
3576 519 3760 573 αὐτῶν

2166 607 2465 678 ἐκκλησίας
2485 610 2770 674 ἀποκαλεῖ,
2809 610 3091 680 μονονουχὶ
3116 613 3299 681 γυμνῇ
3328 613 3394 681 τῇ
3425 610 3633 682 κεφαλῇ
3659 609 3759 674 τὰς

2165 701 2261 754 τοῦ
2302 701 2556 773 Σωτῆρος
2587 702 2746 773 ἡμῶν
2788 702 3086 774 ἐκκλησίας
3133 702 3613 774 προαγορευούσης
3657 704 3759 774 τῆς

2168 792 2522 863 προφητείας.
2564 791 2884 845 Κελεύονται
2920 793 2977 845 δὲ
3004 786 3149 844 οὗτοι
3184 793 3233 844 οἱ
3279 790 3523 863 δεύτεροι
3564 792 3665 844 ούκ
3700 793 3759 844 ἐν

2170 885 2321 955 μέσῳ
2377 884 2631 937 νεανίδων
2662 883 3143 954 τυμπανιστριῶν,
3171 883 3284 936 ἀλλ’
3331 885 3389 936 ἐν
3438 882 3758 954 ἐκκλησίαις

2166 976 2408 1043 εὐλογεῖν
2440 975 2531 1027 τὸν
2566 976 2719 1028 Θεόν.
2771 976 2881 1028 Καὶ
2916 978 3067 1027 ποῖον
3115 975 3269 1039 Θεὸν,
3318 975 3480 1029 πάλιν
3511 975 3757 1043 ἐπιλέγει

2166 1067 2315 1137 ἑξῆς,
2356 1087 2373 1117 1
2404 1066 2631 1139 Κύριον.
2664 1086 2684 1119 ι
2719 1067 2829 1120 Καὶ
2878 1066 3040 1119 πόθεν
3078 1067 3416 1138 ἀρυομένους
3459 1068 3596 1139 χρῆν
3634 1069 3758 1129 ταῖς

2166 1159 2485 1228 ἐκκλησίαις
2522 1158 2620 1230 τὴν
2663 1159 2756 1211 τοῦ
2808 1158 3016 1229 Κυρίου
3072 1159 3424 1230 παραδιδόναι
3479 1159 3756 1227 θεολογίαν

2166 1252 2478 1319 ἀναγκαίως
2540 1251 2837 1323 παρίστησι
2876 1250 3080 1319 λέγων·
3134 1270 3152 1302 1
3190 1251 3393 1324 Κύριον
3452 1253 3515 1304 ἐκ
3563 1252 3755 1322 πηγῶν

2178 1342 2430 1413 Ἰσραὴλ,
2476 1361 2493 1393 ι
2544 1346 2658 1406 τοῖς
2697 1343 3026 1413 κοινοτέροις
3078 1345 3423 1415 χαρακτῆρσι
3477 1343 3754 1397 κάνταῦθα

2167 1435 2328 1488 πάλιν
2362 1434 2457 1487 τοῦ
2493 1435 2700 1505 Κυρίου
2734 1436 3159 1506 σημαινομένου.
3205 1436 3386 1507 Πηγαὶ
3436 1436 3493 1488 δὲ
3539 1434 3754 1507 Ἰσραὴλ

2172 1528 2227 1578 αἱ
2280 1529 2613 1599 προφητικαὶ
2664 1528 2878 1599 Γραφα)⁵
2907 1530 3287 1598 τυγχάνουσιν,
3317 1529 3350 1599 ἦ
3387 1546 3445 1581 τε
3476 1529 3753 1590 Μωῡσέως

2165 1619 2456 1689 νομοθεσία
2477 1637 2490 1648 ·
2526 1619 2584 1685 ἐξ
2618 1615 2691 1673 ὧν
2714 1619 2901 1690 ὥσπερ
2931 1620 3039 1673 ἀπὸ
3078 1619 3272 1689 πηγῶν
3297 1619 3630 1691 ἀρυομένους
3655 1617 3755 1680 τάς

2169 1712 2299 1782 περὶ
2350 1710 2445 1764 τοῦ
2478 1712 2729 1783 Σωτῆρος
2771 1711 2926 1783 ἡμῶν
2964 1711 3267 1783 μαρτυρίας
3317 1711 3557 1779 εὐλογεῖν
3592 1707 3754 1763 αὑτὸν

483 1806 766 1861 scentulus
838 1806 895 1858 in
956 1805 1154 1858 mentis
1202 1819 1454 1858 excessu.
1494 1820 1513 1854 ι
1550 1801 1657 1856 Pro
1710 1802 1805 1856 illo
1854 1809 2057 1866 autem,

2166 1804 2222 1855 ἐν
2270 1806 2391 1866 ταῖς
2431 1802 2750 1874 ἐκκλησίαις
2803 1806 2917 1866 τοῖς
2964 1803 3238 1875 δευτέροις
3293 1801 3750 1874 παρακελεύεται.

487 1917 507 1949 1
543 1899 639 1962 ibi,
666 1918 684 1949 ι
713 1897 1073 1968 Symmachus
1096 1898 1191 1960 ait,
1220 1915 1238 1949 1
1267 1897 1358 1950 ubi
1395 1895 1680 1964 Bcnjamin
1717 1895 2011 1959 minimus;
2037 1913 2055 1946 ι

480 1989 678 2058 Aquila
727 2002 856 2041 vero
896 1987 1169 2050 similiter,
1210 2004 1228 2037 1
1265 1988 1339 2040 ibi
1388 1986 1669 2055 Benjamin
1725 1986 1927 2050 brevis,
1959 1987 2063 2039 im-

482 2095 683 2151 perans
720 2078 874 2149 ipsis.
915 2097 933 2129 ι
973 2077 1255 2147 Bcnjamin
1286 2093 1413 2132 vero
1440 2077 1650 2146 junior,
1686 2077 1945 2132 minimus
1969 2086 2063 2131 aut

482 2173 841 2227 brevissimus
896 2169 1099 2225 Paulus
1149 2179 1268 2224 erat
1332 2170 1551 2225 divinus
1605 2171 1922 2240 Apostolus,
1995 2185 2062 2233 ex

481 2266 624 2319 tribu
667 2264 972 2333 Benjamin,
1012 2261 1273 2318 Hebraeus
1299 2278 1367 2317 ex
1399 2261 1673 2329 Hebraeis,
1704 2262 2063 2331 quemadmo-

482 2358 611 2412 dum
640 2358 757 2427 ipse
805 2355 966 2410 docet
1014 2357 1101 2411 his
1131 2356 1316 2411 verbis
1351 2373 1365 2409 :
1408 2355 1832 2410 1-Circumcisio
1867 2364 2064 2410 octavo

481 2449 588 2510 die,
624 2464 691 2503 ex
716 2464 913 2519 genere
948 2448 1134 2511 Israel,
1168 2448 1239 2503 de
1272 2449 1419 2502 tribu
1455 2448 1766 2519 Benjamin,
1800 2449 2063 2505 Hebraeus

480 2557 546 2594 ex
575 2540 817 2596 Hebraeis
839 2539 903 2592 ⁸⁷.
950 2559 968 2590 ι
1010 2538 1205 2594 Iunior
1238 2556 1368 2595 vero
1396 2540 1621 2600 dicitur.
1658 2542 1774 2596 sive
1801 2542 2063 2596 minimus

481 2643 576 2687 aut
604 2634 807 2697 brevis,
839 2633 968 2703 quia
1010 2634 1060 2687 id
1096 2633 1213 2702 ipse
1266 2634 1508 2687 declarat
1542 2634 1730 2688 dicens
1764 2653 1777 2689 :
1816 2653 1835 2687 1
1875 2634 2065 2690 Novis-

485 2730 627 2785 simo
677 2736 859 2780 autem
905 2726 1150 2779 omnium
1204 2725 1363 2795 quasi
1403 2726 1651 2780 abortivo
1696 2726 1850 2781 visus
1879 2737 1963 2783 est
2010 2734 2064 2783 et

483 2820 619 2874 mihi
640 2820 706 2873 ‘9.
744 2837 761 2870 ι
817 2818 922 2873 Pro
953 2819 1046 2872 illo
1080 2825 1289 2881 autem,
1329 2834 1348 2869 1
1382 2818 1437 2872 in
1492 2820 1694 2874 mentis
1739 2835 1995 2884 excessu,
2038 2840 2056 2872 ι

481 2913 721 2983 Aquila,
781 2930 801 2962 1
856 2912 1132 2981 imperans
1185 2912 1360 2981 ipsis;
1399 2932 1417 2964 ι
1462 2912 1770 2969 Theodotio
1830 2925 2013 2969 autem
2044 2956 2060 2981 ,

488 3024 507 3056 1
545 3011 844 3076 praeceptor
890 3020 1121 3072 eorum;
1157 3024 1175 3057 ι
1220 3006 1411 3075 quinta
1455 3005 1644 3071 editio,
1700 3026 1719 3059 1
1774 3008 2063 3063 instituen-

482 3106 613 3163 tem,
647 3118 666 3151 ι
735 3105 829 3152 aut
890 3116 908 3149 1
947 3097 1257 3165 docentem,
1292 3118 1310 3151 ι
1348 3098 1692 3169 interpretati
1747 3110 1894 3156 sunt.
1951 3101 2063 3157 Nec

2091 3145 2135 3204 C

2164 1890 2299 1949 Εἶτα
2338 1895 2612 1964 ἐπιλέγει·
2643 1914 2661 1945 1
2696 1896 2843 1947 Ἐκεῖ
2870 1896 3126 1965 Βενιαμὶν
3167 1893 3431 1965 νεώτερος
3467 1896 3523 1947 ἐν
3556 1894 3753 1947 ἐκστά-

2167 2005 2267 2041 σει.
2303 2007 2320 2038 ι
2367 1988 2510 2039 Ἀντὶ
2544 1987 2602 2040 δέ
2627 1986 2721 2040 τοῦ
2757 2007 2776 2040 1
2811 1990 2965 2051 ἐκεῖ,
3011 2008 3029 2039 ›
3066 1990 3094 2040 6
3139 1986 3468 2059 Σύμμαχος,
3520 2006 3539 2039 1
3577 1988 3708 2040 ὅπου
3736 2028 3751 2051 ,

2166 2080 2333 2150 φησὶ,
2394 2080 2652 2150 Βενιαμὶν
2720 2079 2748 2131 6
2808 2081 3169 2151 μικρότατος·
3215 2099 3233 2131 ι
3293 2079 3390 2132 xui.
3440 2078 3469 2129 6
3522 2079 3753 2141 Ἀκύλας

2163 2170 2365 2239 ὁμοίως
2386 2187 2399 2200 ·
2429 2189 2448 2220 1
2485 2172 2649 2235 Ἐκεῖ,
2676 2172 2829 2241 φησὶ,
2857 2172 3116 2243 Βενιαμὶν
3142 2174 3170 2225 ὁ
3194 2172 3417 2243 βραχὺς,
3440 2170 3754 2241 ἐπικρατῶν

2165 2261 2364 2313 αὐτῶν.
2404 2280 2422 2312 ι
2476 2262 2733 2333 Βενιαμὶν
2782 2263 2839 2317 δέ
2882 2263 3145 2336 νεώτερος
3192 2266 3285 2318 xui.
3340 2264 3663 2335 μικρότατος
3715 2263 3749 2332 ἢ

2168 2353 2501 2425 βραχύτατος
2534 2354 2745 2419 Παῦλος
2775 2351 2842 2427 ἦν
2863 2358 2891 2409 ὁ
2919 2356 3059 2419 θεῖος
3106 2342 3446 2421 Ἀπόστολος,
3480 2357 3651 2428 φυλῆς
3677 2355 3753 2410 ὣν

2166 2448 2443 2517 Βενιαμὶν,
2500 2446 2750 2517 Ἑϐραῖος
2789 2448 2848 2512 ἐξ
2904 2448 3206 2521 Ἐϐραίων,
3250 2448 3430 2513 καθὼς
3476 2448 3638 2512 αὐτὸς
3675 2448 3753 2501 δι-

2164 2538 2350 2592 δάσκει
2399 2538 2608 2607 λέγων’
2667 2558 2685 2591 1
2729 2540 3010 2612 Περιτομὴ
3057 2542 3402 2611 ὀκταήμερος
3448 2540 3513 2592 ἐκ
3558 2540 3753 2607 γένους

2178 2631 2414 2703 Ἰσραὴλ,
2442 2632 2616 2701 φυλῆς
2663 2633 2956 2703 Βενιαμὶν,
3005 2633 3254 2705 Ἑϐραῖος
3298 2633 3355 2700 ἐξ
3404 2632 3688 2703 Ἐϐραίων.
3725 2649 3746 2682 ι

2165 2721 2445 2794 Νεώτερος
2472 2722 2529 2775 δέ
2565 2721 2802 2794 εἴρηται,
2832 2723 2865 2794 ἣ
2899 2724 3248 2795 μικρότατος,
3282 2724 3314 2795 ἢ
3365 2723 3591 2795 βραχὺς,
3629 2724 3752 2777 ἐπεὶ

2166 2816 2260 2868 καὶ
2292 2814 2454 2878 αὐτὸς
2482 2813 2641 2869 τοῦτο
2663 2814 2903 2868 διδάσκει
2929 2814 3103 2882 λέγων
3125 2830 3139 2844 ⁸
3175 2833 3193 2865 1
3225 2814 3491 2885 Ὕστερον
3521 2814 3578 2867 δέ
3612 2814 3749 2867 πάν-

2163 2924 2270 2959 των
2310 2904 2500 2978 ὥσπερ
2534 2906 2613 2977 τῷ
2651 2904 2965 2977 ἐκτρώματι
3000 2904 3159 2977 ὤφθη
3211 2906 3398 2977 κάμοί.
3434 2925 3453 2957 ι
3511 2905 3656 2959 Ἀντὶ
3693 2906 3750 2960 δὲ

2164 2998 2291 3064 τοῦ,
2325 3018 2342 3050 1
2370 2998 2428 3051 ἐν
2471 2998 2767 3061 ἐκστάσει,
2815 3017 2835 3050 ι
2871 2998 2899 3049 6
2951 2998 3048 3068 μὲν
3083 2997 3345 3063 Ἀκύλας,
3387 3015 3407 3049 1
3439 2996 3749 3068 ἐπικρατῶν

2165 3086 2375 3140 αὐτῶν·
2408 3105 2426 3138 ι
2459 3089 2487 3140 6
2514 3086 2571 3139 δὲ
2608 3086 2923 3152 Θεοδοτίων,
2955 3106 2973 3139 1
3000 3089 3292 3159 παιδευτὴς
3333 3085 3538 3140 αὐτῶν·
3578 3106 3595 3137 ι
3633 3089 3665 3157 ή
3693 3087 3751 3139 δὲ

482 3192 672 3247 multis
728 3192 911 3247 verbis
950 3206 1089 3262 opus
1140 3192 1206 3246 ad
1256 3192 1751 3262 comprobandum,
1810 3203 2059 3250 sanctum

2166 3179 2387 3251 πέμπτη
2412 3179 2638 3244 ἐκδοσις,
2670 3201 2688 3232 1
2712 3181 3053 3245 παιδεύοντα,
3069 3180 3509 3252 ›ἢ,‹διδάσκοντα
3536 3200 3554 3231 ›
3572 3181 3751 3251 ἡρμή-

480 3283 823 3354 Apostolum,
860 3283 953 3353 qui
986 3282 1270 3353 Benjamin
1295 3291 1548 3347 vocatur,
1578 3282 1841 3339 Ecclesiis
1888 3286 2062 3355 impe-

480 3389 627 3436 rare,
661 3388 959 3443 earumque
989 3380 1379 3443 praeceptorem
1414 3389 1560 3429 esse.
1609 3373 1731 3428 Non
1764 3376 1915 3431 solus
1958 3377 2059 3430 ita-

481 3482 589 3536 que
618 3465 902 3533 Bcnjamin
936 3465 1008 3519 ibi
1038 3472 1155 3519 erat
1181 3505 1196 3528 ,
1225 3464 1483 3519 videlicet
1524 3465 1579 3519 in
1628 3464 1890 3523 Ecclesiis
1921 3466 2017 3522 Dei
2043 3485 2058 3534 ;

483 3555 578 3611 sed
607 3555 770 3609 etiam
814 3573 832 3605 1
869 3554 1145 3624 principes
1174 3552 1314 3608 Juda
1341 3554 1513 3608 duces
1536 3569 1747 3619 eorum,
1783 3557 2060 3628 principes

482 3648 764 3710 Zabulon,
828 3646 1106 3716 principes
1154 3644 1467 3716 Nephthali.
1509 3666 1528 3697 ›
1565 3645 1662 3702 His
1709 3663 1872 3717 porro
1921 3650 2063 3705 indi-

483 3742 680 3790 cantur
712 3734 905 3803 reliqui
930 3735 1184 3803 apostoli,
1212 3750 1447 3804 quorum
1480 3735 1571 3788 alii
1602 3750 1667 3790 ex
1697 3739 1846 3792 tribu
1897 3737 2059 3808 Juda,

484 3826 574 3878 alii
601 3841 668 3879 ex
693 3825 838 3878 tribu
859 3824 1125 3890 Zabulon,
1159 3825 1252 3879 alii
1280 3840 1347 3880 ex
1378 3825 1525 3879 tribu
1560 3824 1851 3897 Nephthali
1879 3840 2059 3885 erant.

483 3916 665 3982 Quare
698 3917 893 3971 borum
926 3925 1129 3972 terram
1160 3929 1426 3974 memorat
1456 3918 1694 3989 Spiritus
1717 3929 1942 3978 sanctus
1965 3940 2064 3994 per

482 4007 679 4064 Isaiam
735 4009 1055 4078 prophetam
1125 4010 1369 4067 dicens:
1412 4029 1431 4061 1
1470 4009 1641 4066 Terra
1702 4011 1950 4069 Zabulon
2008 4023 2063 4070 et

485 4114 627 4155 terra
670 4099 1037 4172 Nephthalim,
1083 4102 1228 4155 viam
1274 4103 1444 4158 maris
1470 4143 1485 4167 ,
1521 4112 1673 4159 trans
1741 4104 2060 4171 Iordanem,

482 4190 701 4245 Galilma
737 4192 981 4263 gentium
1004 4192 1068 4245 ⁸⁸.
1109 4212 1127 4244 ι
1166 4194 1284 4263 Ipse
1310 4211 1528 4265 quoque
1581 4197 1840 4253 Servator
1877 4207 2064 4255 trans—

484 4284 604 4339 iens
647 4283 802 4353 juxta
852 4298 1005 4339 mare
1037 4282 1531 4353 Galilaaaegisthinc
1581 4305 1712 4345 suos
1765 4290 2063 4362 discipulos

483 4377 721 4431 vocavit.
781 4376 982 4447 Aperte
1028 4378 1211 4447 itaque
1263 4379 1425 4434 docet
1482 4380 1745 4437 Ecclesiis
1796 4384 2064 4454 imperare

2163 3288 2379 3327 νευσαν.
2412 3273 2486 3324 υύ
2520 3273 2601 3326 δεῖ
2627 3273 2683 3327 δὲ
2713 3275 2845 3344 ἡμῖν
2876 3274 3137 3327 πλειόνων
3170 3274 3344 3341 λόγων
3378 3276 3457 3336 είς
3478 3273 3749 3338 ἀπόδειξιν

2160 3362 2255 3416 τοῦ
2289 3366 2511 3435 κρατεῖν
2552 3364 2659 3416 τῶν
2716 3364 3082 3436 Ἐκκλησιῶν,
3118 3366 3211 3418 xui.
3244 3363 3537 3435 παιδευτὴν
3572 3364 3749 3419 αὐτῶν

2162 3450 2298 3509 εἶναι
2327 3456 2417 3509 τὸν
2449 3456 2593 3527 ἱερὸν
2621 3456 2938 3510 Ἀπόστολον
2963 3457 3220 3528 Βενιαμὶν
3248 3456 3746 3528 ὠνομασμένον.οὑ

2166 3546 2325 3618 μόνος
2359 3547 2416 3599 δέ
2462 3547 2570 3618 ἄρα
2616 3550 2644 3601 6
2690 3548 2948 3619 Βενιαμὶν
2978 3545 3045 3619 ἦν
3085 3550 3231 3615 ἐκεῖ,
3265 3548 3465 3620 δηλαδὴ
3523 3549 3582 3602 ἐν
3627 3551 3750 3613 ταῖς

2176 3639 2521 3710 Ἐκκλησίαις
2552 3639 2645 3693 τοῦ
2676 3640 2830 3706 Θεοῦ,
2856 3640 2991 3694 ἀλλά
3037 3641 3130 3693 xui.
3163 3660 3180 3692 1
3209 3643 3256 3694 οἱ
3286 3639 3546 3711 ἄρχοντες
3577 3639 3751 3695 Ἰούδα

2160 3732 2429 3803 ἡγεμόνες
2462 3731 2671 3796 αὐτῶν,
2720 3733 2773 3786 οἵ
2802 3749 2860 3785 τε
2912 3734 3172 3803 ἄρχοντες
3224 3730 3509 3785 Ζαϐουλὼν
3562 3731 3656 3785 xui.
3697 3732 3748 3784 oi

2162 3824 2422 3895 ἄρχοντες
2450 3824 2785 3895 Νεφθαλείμ.
2816 3825 2889 3896 Ση
2900 3824 3076 3896 μαίνει
3105 3824 3163 3876 δέ
3194 3826 3221 3876 ὁ
3244 3823 3401 3892 λόγος
3428 3824 3516 3877 διὰ
3544 3822 3748 3876 τούτων

2161 3915 2287 3979 τοὺς
2327 3915 2549 3980 λοιποὺς
2581 3916 2932 3979 ἀποστόλους,
2973 3909 3048 3969 ὧν
3076 3917 3123 3968 οἱ
3164 3916 3263 3986 μὲν
3295 3912 3434 3987 ἦσαν
3475 3916 3540 3969 ἐκ
3575 3915 3749 3986 φυλῆς

2175 4008 2364 4073 Ἰούδα,
2396 4010 2446 4060 oi
2473 4008 2528 4061 δέ
2556 4010 2621 4060 ἐκ
2654 4008 2829 4078 φυλῆς
2855 4007 3143 4061 Ζαϐουλὼν
3170 4008 3265 4061 καὶ
3298 4006 3633 4077 Νεφθαλείμ.
3656 4007 3750 4059 Διὸ

2161 4104 2259 4175 τῆς
2302 4103 2507 4157 τούτων
2547 4104 2819 4175 μέμνηται
2866 4102 3051 4175 χώρας
3097 4102 3159 4155 τὸ
3208 4103 3362 4170 ἆγιον
3397 4102 3621 4173 Πνεῦμα
3658 4101 3749 4155 διὰ

2174 4195 2395 4249 Ἡσαΐου
2418 4196 2516 4249 τοῦ
2542 4197 2818 4267 προφήτου
2855 4194 3009 4263 λέγον
3031 4212 3044 4225 ’
3076 4214 3093 4244 1
3120 4194 3195 4266 Γῆ
3226 4193 3511 4248 Ζαϐουλὼν
3556 4194 3649 4247 xui.
3676 4194 3746 4265 γῆ

2160 4288 2510 4359 Νεφθαλείμ,
2562 4288 2679 4341 ὁδὸν
2716 4287 2993 4356 θαλάσσης
3019 4327 3033 4352 ,
3076 4286 3252 4358 πέραν
3294 4286 3388 4339 τοῦ
3450 4287 3743 4357 Ἰορδάνου,

2162 4379 2417 4433 Γαλιλαία
2439 4378 2545 4432 τῶν
2572 4377 2761 4432 ἐθνῶν.
2777 4398 2795 4429 ι
2816 4379 2928 4433 Καὶ
2952 4378 3112 4441 αὐτὸς
3133 4379 3189 4431 δέ
3214 4381 3242 4430 ό
3261 4378 3470 4449 Σωτὴρ,
3497 4396 3747 4449 παραγα-

486 4470 663 4540 primo
715 4467 967 4533 Paulum,
1022 4469 1405 4525 brevissimum
1439 4480 1491 4527 et
1523 4474 1808 4528 minimum
1832 4517 1847 4542 ,
1878 4491 1941 4531 ac
1965 4476 2058 4545 ju-

2166 4474 2275 4541 γὼν
2308 4471 2457 4543 παρὰ
2484 4472 2579 4543 τὴν
2614 4470 2888 4524 θάλασσαν
2918 4471 3019 4541 τῆς
3046 4470 3354 4533 Γαλιλαίας,
3390 4472 3517 4533 τοὺς
3552 4470 3746 4524 ἐαυτοῦ

482 4563 693 4618 niorem
750 4563 963 4617 caeteris
1002 4563 1267 4633 apostolis
1294 4603 1308 4626 ,
1341 4566 1395 4619 in
1442 4564 1641 4619 mentis
1693 4581 1921 4622 excessu
1961 4568 2060 4621 ali-

484 4654 704 4725 quando
736 4655 997 4725 positum,
1036 4655 1255 4725 quando
1285 4656 1715 4726 persequebatur
1759 4657 2056 4714 Ecclesiam

484 4745 603 4811 Dei,
641 4761 871 4816 eamque
904 4748 1174 4812 vastabat,
1209 4748 1323 4801 sive
1372 4748 1592 4817 quando
1633 4749 1689 4802 in
1726 4750 2059 4806 revelatione

485 4839 822 4895 Salvatorem
855 4840 1026 4905 vidit;
1057 4840 1141 4895 vel
1174 4840 1394 4909 quando
1427 4850 1616 4911 raptus
1646 4849 1730 4898 est
1752 4843 1807 4896 in
1841 4845 2063 4914 paradi-

482 4945 603 4985 sum
637 4945 809 5000 usque
839 4930 904 4984 ad
934 4931 1155 4985 tertium
1182 4931 1404 4985 coelum.
1444 4930 1579 4986 Post
1626 4930 1854 4989 Paulum
1903 4951 2058 5001 vero,

481 5030 710 5078 caeteros
758 5022 1037 5093 apostolos
1071 5040 1089 5073 1
1131 5022 1225 5085 ibi,
1268 5042 1287 5075 ι
1325 5023 1536 5078 scilicet
1568 5024 1623 5079 in
1662 5026 1780 5096 ipsa
1814 5026 2061 5084 Ecclesia

481 5122 677 5170 ornate
731 5123 1047 5171 versaturos
1102 5114 1453 5180 vaticinatur,
1501 5117 1888 5190 principesque
1945 5120 2062 5177 fore

483 5216 707 5263 nostros
734 5224 799 5263 ex
828 5210 974 5264 tribu
1006 5208 1167 5275 Juda,
1200 5224 1263 5264 ac
1294 5210 1572 5281 principes
1606 5211 1875 5279 Zabulon,
1911 5215 2060 5285 prin-

484 5302 635 5372 cipes
666 5300 978 5372 Nephthali.
1014 5301 1071 5357 Si
1106 5304 1230 5376 quis
1259 5319 1390 5358 vero
1435 5320 1531 5374 per
1584 5306 1755 5360 otium
1803 5315 2059 5362 accurate

487 5394 854 5464 perquisierit,
900 5393 1169 5465 cujusque
1216 5397 1448 5466 apostoli
1518 5396 1721 5451 tribum
1772 5397 2053 5468 reperiet:

557 5575 603 5608 ⁸⁷
630 5574 864 5645 Philipp.
914 5592 996 5641 ιιι,
1038 5576 1092 5631 5.
1166 5576 1253 5629 ⁸⁸1
1280 5576 1407 5631 Cor.
1455 5594 1546 5644 xv,
1580 5576 1634 5630 8.
1710 5574 1885 5630 “lsa.
1919 5590 1995 5639 ix,
2040 5576 2089 5629 l.

2170 4564 2415 4636 μαθητὰς
2445 4564 2653 4617 ἐνθένδε
2698 4563 3034 4618 ἀνεκαλεῖτο.
3068 4563 3260 4633 Σαφῶς
3291 4558 3385 4615 οὖν
3431 4564 3749 4632 ἐπικρατεῖν

2165 4658 2273 4711 τῶν
2313 4658 2643 4729 Ἐκκλησιῶν
2674 4659 2887 4729 πρῶτον
2921 4660 3018 4729 μὲν
3048 4658 3259 4711 Παῦλον
3287 4657 3377 4710 τὸν
3411 4656 3748 4729 βραχύτατον

2166 4750 2261 4803 καὶ
2291 4750 2612 4822 μικρότατον
2629 4790 2643 4814 ,
2677 4751 2771 4804 καὶ
2802 4750 3068 4803 νεώτατον
3094 4750 3205 4801 τῶν
3234 4750 3546 4803 ἀποστόλων
3574 4750 3748 4804 ἐδίδα-

2168 4839 2289 4907 ξεν,
2323 4843 2380 4895 ἐν
2430 4842 2684 4896 ἐκστάσει
2716 4843 2845 4896 ποτέ
2886 4844 3210 4913 γενόμενον,
3267 4843 3355 4894 ὅτε
3410 4840 3601 4895 ἐδίωκε
3650 4843 3750 4915 τὴν

2179 4933 2504 5005 Ἐκκλησίαν
2535 4933 2628 4987 τοῦ
2664 4934 2797 4987 Θεοῦ
2818 4974 2832 4999 ,
2878 4935 2973 4987 xui.
3008 4934 3227 5005 ἐπόρθει
3252 4932 3443 5003 αὐτὴν,
3487 4933 3523 5004 ἢ
3554 4934 3643 4987 ὅτε
3692 4936 3750 4989 ἐν

2167 5027 2503 5095 ἀποκαλύψει
2529 5028 2618 5081 τὸν
2652 5029 2883 5100 Σωτῆρα
2918 5027 3173 5081 τεθέατο·
3210 5027 3243 5098 ἢ
3276 5028 3366 5080 ὅτε
3405 5027 3632 5099 ἡρπάγη
3670 5029 3751 5090 είς

2166 5120 2258 5172 τὸν
2306 5120 2633 5192 παράδεισον
2675 5120 2779 5183 ἕως
2822 5120 3007 5192 τρίτου
3058 5119 3319 5192 ούρανοῦ·
3376 5119 3514 5190 μετὰ
3571 5119 3626 5173 δὲ
3657 5118 3751 5177 τὸν

2169 5211 2381 5266 Παῦλον
2420 5213 2549 5275 τοὺς
2597 5212 2819 5275 λοιποὺς
2870 5212 3198 5276 ἀποστόλους
3230 5211 3348 5264 ἐκεῖ
3396 5212 3455 5264 ἐν
3500 5211 3566 5280 τῇ
3608 5209 3746 5279 αὐτῇ

2178 5304 2472 5376 Ἐκκλησία
2537 5303 2862 5377 διαπρέπειν
2916 5303 3194 5369 θεσπίζει,
3265 5302 3532 5373 ἄρχοντας
3590 5299 3747 5362 ὄντας

2166 5398 2467 5469 ἡμετέρους
2497 5399 2561 5452 ἐκ
2587 5397 2761 5468 φυλῆς
2784 5390 2991 5462 Ἰούδα,
3025 5398 3119 5451 καὶ
3157 5396 3424 5468 ἄρχοντας
3460 5389 3747 5448 Ζαϐουλὼν

560 5731 637 5803 (ι)
684 5731 740 5785 Id
787 5740 871 5787 cst
898 5773 910 5797 ,
962 5732 1127 5787 Deum
1160 5734 1309 5787 illum
1350 5748 1458 5789 esse
1494 5732 1546 5785 in
1586 5729 1820 5785 Ecclesia
1856 5730 2163 5800 prwdicare.
