4128 6392
438 354 543 410 715

432 472 528 526 καὶ
560 473 824 545 ἄρχοντας

1566 366 2076 439 (ΞΟΜΜΕΝΤΑΒΙᾼ
2114 371 2181 430 IN
2223 377 2563 439 PSALMOS.

865 476 1201 554 Νεφθαλείμ.
1248 485 1370 545 Ἐπὶ
1403 489 1596 562 σχολῆς
1623 493 1668 546 δ’
1707 496 1775 551 ἄν
1805 514 1890 560 τις
1923 516 1976 566 φι

2078 546 2081 559 ,
2113 516 2237 555 nam
2272 506 2448 563 cuivis
2483 511 2747 579 quaerenti
2772 512 2933 569 datur
2961 531 2993 572 a
3043 517 3333 581 Servatore
3376 527 3685 587 inveulendi

3589 406 3691 462 7H

428 564 765 639 λοκαλήσας,
822 569 919 641 τὴν
972 572 1202 629 ἑκάστου
1264 578 1372 632 τῶν
1425 583 1737 639 ἀποστόλων
1790 590 2012 662 εὑρήσει
2114 596 2406 660 promissio
2428 598 2488 654 ⁵ο.

432 655 639 727 φυλήν’
695 659 816 712 ἐπεὶ
871 665 1033 717 παντὶ
1082 666 1163 736 τῷ
1221 670 1470 741 ζητοῦντι
1520 676 1553 746 ἡ
1603 676 1704 747 τῆς
1744 655 2013 753 εὑρέσέως

427 745 635 801 δέδοται
659 750 762 805 ὑπὸ
780 753 874 806 τοῦ
910 755 1161 828 Σωτῆρος
1192 761 1513 831 ἐπαγγελία.

505 857 523 888 ι
555 840 845 908 Ἔντειλαι,
876 845 905 896 6
946 846 1096 911 Θεὸς,
1134 850 1230 922 τὴν
1259 853 1485 926 δύναμιν
1516 874 1630 925 σου,
1668 861 2005 934 δυνάμωσον,

423 933 453 984 6
473 931 625 996 Θεὸς,
651 935 809 989 τοῦτο
825 937 853 989 ὃ
874 942 1223 1012 κατειργάσω
1249 947 1397 1016 ἡμῖν.
1422 968 1439 1001 ι
1470 950 1701 1006 Ἕπεται
1724 958 1817 1010 καὶ
1835 957 2006 1013 ταῦτα

423 1025 537 1087 τοῖς
586 1026 982 1098 προλεχθεῖσιν.
1033 1034 1250 1106 Ἐπειδὴ
1291 1038 1398 1110 γάρ
1436 1046 1790 1115 προφητικῶς
1838 1067 2004 1120 προσ-

423 1112 648 1170 έταττεν
679 1120 707 1171 6
745 1118 901 1188 λόγος
927 1126 1039 1187 τοῖς
1069 1126 1385 1195 ἀποστόλοις
1408 1134 1466 1187 ἐν
1495 1112 1812 1209 ἐκκλησίαις
1848 1112 2001 1195 εύλοε

422 1206 540 1269 γεῖν
568 1207 657 1261 τὸν
674 1209 912 1282 Κύριον,
944 1216 1037 1267 καὶ
1084 1218 1240 1273 τοῦτο
1279 1228 1450 1277 ποιεῖν
1490 1226 1563 1298 μὴ
1594 1229 1797 1302 ἑτέρων
1839 1235 1999 1290 τινῶν

420 1300 775 1399 ὁρμωμένους
825 1306 1031 1376 λόγων,
1067 1313 1181 1366 ἀλλ’
1231 1317 1294 1370 ἐκ
1348 1320 1455 1375 τῶν
1505 1300 1699 1394 πηγῶν
1763 1328 1995 1399 Ἰσραὴλ,

420 1390 728 1458 ἀκολούθως
766 1397 905 1471 ὑπὲρ
936 1402 1115 1457 αὐτῶν
1142 1406 1306 1479 εὐχὴν
1333 1410 1647 1483 ἀναπέμπει
1682 1417 1743 1470 τὸ
1771 1419 1996 1491 Πνεῦμα

416 1481 478 1533 τὸ
504 1489 856 1557 προφητικὸν,
890 1494 1096 1560 φάσκον
1120 1515 1131 1527 ·
1161 1518 1178 1549 ι
1212 1481 1561 1569 Ἕντειλαιξό
1594 1507 1744 1576 Θεὸς,
1774 1512 1873 1582 τὴν
1898 1481 1991 1566 δύ-

416 1575 578 1646 ναμίν
623 1595 754 1631 σουο
791 1602 810 1634 ι
855 1584 986 1638 ὡσεὶ
1030 1590 1362 1664 σαφέστερον
1412 1596 1594 1667 ἔλεγεν
1622 1616 1633 1629 ⁵
1699 1602 1993 1659 Ἐπισπευ-

373 1660 375 1663 ’
416 1666 561 1767 σάτω
596 1669 627 1740 ἡ
655 1669 884 1743 δύναμίς
916 1693 1031 1741 σου,
1070 1681 1161 1733 καὶ
1189 1660 1523 1758 συνεργείτω
1547 1694 1660 1755 τοῖς
1698 1694 1986 1767 ἀνδράσιν·

413 1754 551 1812 ἀλλὰ
589 1762 681 1814 καὶ
705 1763 802 1835 ἤδη
834 1769 964 1820 ποτὲ
990 1773 1055 1840 τῇ
1082 1773 1226 1843 ίσχύῖ
1254 1754 1345 1829 σου
1366 1754 1444 1831 δι’
1473 1780 1651 1853 ἔργων
1683 1754 1987 1860 χωρησάτω

2182 868 2345 925 Vens.
2379 870 2471 928 29.
2511 891 2530 923 ι
2571 874 2785 942 Manda,
2818 877 2981 945 Deus,
3013 883 3200 938 virtuti
3232 894 3376 955 tum;
3418 895 3676 948 conﬁrma

2108 958 2230 1024 hoc,
2264 959 2428 1029 Deus,
2458 965 2604 1034 quod
2639 977 2896 1037 operatus
2930 988 2990 1028 es
3025 975 3079 1028 in
3115 977 3296 1033 nobis.
3328 999 3345 1031 ι
3385 979 3510 1036 Ilaec
3540 999 3677 1053 prm—

2104 1051 2427 1111 cedentibus
2484 1068 2904 1117 connectuntur.
2966 1065 3104 1131 Quia
3158 1070 3303 1123 enim
3364 1051 3674 1144 prophetice

2102 1144 2416 1212 praecipitur
2471 1151 2735 1218 apostolis
2782 1152 2837 1206 in
2891 1155 3143 1211 ecclesiis
3204 1158 3528 1218 benedicere
3569 1164 3674 1220 Do-

2102 1235 2285 1304 mino,
2321 1238 2484 1309 idque
2524 1253 2783 1311 praestare
2826 1261 2937 1300 non
2986 1249 3109 1304 aliis
3143 1255 3488 1311 sermonibus
3517 1273 3671 1314 εισι-ο

2100 1342 2193 1382 sos
2216 1369 2230 1392 ,
2262 1330 2357 1383 sed
2389 1347 2453 1386 ex
2492 1332 2733 1390 fontibus
2789 1336 2989 1405 Israel;
3024 1355 3429 1413 consequenter
3465 1364 3566 1419 pro
3604 1351 3675 1407 iis

2098 1419 2395 1475 orationem
2455 1422 2695 1493 Spiritus
2748 1428 3104 1498 propheticus
3150 1433 3401 1502 effundit,
3434 1439 3669 1496 dicens:

2100 1528 2119 1559 ι
2159 1510 2375 1579 Manda,
2406 1513 2571 1583 Deus,
2604 1518 2792 1573 virtuti
2822 1530 2969 1583 tum;
3012 1542 3030 1574 ›
3071 1538 3135 1578 ac
3168 1526 3214 1579 si
3247 1530 3491 1596 apertius
3524 1533 3673 1587 dice-

2093 1609 2176 1656 ret
2212 1622 2224 1657 :
2260 1603 2504 1663 Festinet
2527 1609 2700 1666 virtus
2733 1619 2823 1665 tua
2847 1652 2860 1675 ,
2888 1613 3107 1684 illisque
3134 1616 3267 1672 viris
3292 1631 3618 1691 cooperetur
3643 1644 3657 1689 ;

2092 1694 2189 1748 sed
2238 1697 2323 1751 vel
2354 1714 2478 1754 sero
2513 1702 2733 1756 tandem
2787 1705 2990 1760 virtute
3042 1714 3136 1761 tua
3191 1725 3313 1779 qua:
3353 1714 3668 1784 prophetico

2091 1781 2237 1840 dicta
2267 1797 2396 1843 sunt
2428 1806 2595 1861 Opere
2622 1795 3002 1864 compleantur
3029 1816 3042 1852 :
3078 1807 3132 1852 et
3162 1800 3265 1855 hoc
3309 1781 3487 1873 ipsum
3517 1809 3663 1877 quod

410 1849 480 1903 τὰ
510 1857 967 1928 προφητευόμενα
989 1878 1002 1890 ·
1039 1865 1131 1918 καὶ
1151 1866 1309 1921 τοῦτο
1339 1870 1396 1923 δὲ
1424 1871 1453 1924 ὃ
1483 1849 1835 1948 ιέάτειρέέάὰαἱ
1859 1884 1976 1952 mm

2465 1849 2481 1861 .
2749 1849 2765 1864 ι
2945 1849 2954 1851 ~
3030 1849 3040 1852 -
3084 1849 3128 1852 --
3163 1849 3264 1855 --"
3309 1849 3487 1873 -τν-υυ
3518 1849 3663 1877 *ι’-ν’·

2092 1886 2350 1947 operatus
2389 1898 2450 1936 es
2484 1884 2545 1941 in
2596 1886 2757 1941 nobis
2804 1897 3094 1958 postquam
3136 1891 3384 1948 futurum
3414 1912 3538 1952 esse
3568 1915 3664 1952 vo-

408 1944 475 2011 τῇ
513 1947 575 2014 σῇ
605 1944 767 2019 βουλῇ
801 1953 1117 2025 προορίσας,
1152 1960 1248 2021 καὶ
1279 1961 1410 2015 αὐτὸ
1442 1944 1758 2038 δυνάμωσον
1779 1988 1796 2004 ο
1839 1944 1976 2039 ὅπως

2091 1944 2300 2028 luntate
2328 1984 2418 2027 tua
2458 1974 2770 2040 delinieras,
2804 1982 3068 2035 conﬁrma
3096 2021 3110 2045 ,
3146 1992 3204 2036 ut
3251 1993 3520 2054 potestate
3570 1998 3662 2044 tua

406 2034 473 2137 τῇ
512 2037 577 2137 σῇ
603 2036 830 2110 δυνάμει
858 2042 1038 2114 ἔργοις
1079 2049 1472 2127 ἐπιτελεσθείη.
1499 2058 1563 2110 Τί
1579 2034 1649 2112 ᾐδὲ
1675 2056 1744 2133 ἦν
1766 2063 1923 2118 τοῦτο

406 2122 465 2175 τὸ
497 2123 625 2195 ἑξῆς
674 2129 1090 2203 ἐπιφερόμενον,
1135 2156 1153 2189 ι
1196 2140 1318 2194 Ἐπὶ
1360 2122 1451 2199 τὸν
1487 2148 1612 2201 ναόν
1646 2122 1738 2204 σου
1788 2153 1879 2208 τὸν
1924 2122 1984 2210 ἐν

414 2215 769 2293 Ἰερουσαλὴμ
809 2226 891 2277 σοὶ
918 2226 1125 2283 οἴσουσι
1163 2231 1405 2303 βασιλεῖς
1432 2239 1609 2311 δῶρα;
1642 2262 1661 2294 ι
1688 2245 1846 2299 τοῦτο
1874 2249 1981 2322 γὰρ

400 2309 532 2402 αύτὸ
559 2313 1026 2388 ἐπαγγειλάμενος
1066 2324 1199 2393 ἡμῖν
1229 2309 1542 2399 δυνάμωσον
1572 2336 1844 2402 γενέσθαι.
1874 2309 1981 2393 Θα-

402 2400 569 2466 σιλεῖς
604 2404 662 2458 δὲ
704 2406 793 2462 διὰ
819 2409 976 2464 τοῦτο
1010 2414 1065 2465 αί
1118 2414 1384 2484 βασιλεῖαι
1423 2422 1523 2493 τῆς
1707 2428 1974 2501 εἴρηνται,

396 2490 505 2545 τῶν
527 2493 696 2550 ἐθνῶν
718 2499 970 2556 ἁπάντων
993 2505 1180 2560 τοῦτον
1210 2516 1621 2585 σημαινομένων
1639 2520 1731 2575 τὸν
1752 2525 1970 2594 τρόπον.

2088 2074 2175 2115 res
2209 2062 2328 2133 ipsa
2372 2063 2708 2133 perﬁciatur.
2739 2066 2879 2133 Quid
2931 2079 3112 2125 autem
3149 2074 3293 2130 aliud
3337 2076 3470 2131 illud
3517 2090 3657 2143 erat,

2084 2169 2247 2224 quam
2279 2155 2333 2210 id
2361 2156 2509 2225 quod
2536 2158 2802 2227 sequitur,
2845 2178 2863 2210 ι
2900 2161 2981 2216 Ad
3011 2166 3268 2235 templum
3304 2176 3455 2223 tuum
3486 2169 3542 2223 in
3564 2170 3657 2225 Je—

2083 2249 2322 2303 rusalem
2368 2249 2466 2303 tibi
2519 2249 2748 2306 offerent
2794 2269 2951 2324 reges
2983 2260 3255 2313 munera?
3293 2280 3312 2311 ›
3352 2259 3468 2316 Hoc
3509 2264 3657 2319 enim

2080 2339 2258 2409 ipsum
2284 2341 2431 2410 quod
2466 2343 2625 2399 nobis
2659 2346 2960 2414 promisisti
3007 2350 3288 2419 conﬁrma,
3329 2362 3388 2408 ut
3419 2357 3651 2411 eveniat.

2080 2429 2255 2502 Reges
2285 2441 2466 2488 autem
2494 2449 2661 2505 regna
2708 2444 2869 2492 terrre
2913 2439 3247 2508 signiﬁcant,
3282 2460 3390 2514 qua
3440 2448 3654 2505 ratione

2077 2521 2346 2577 universa:
2367 2533 2556 2594 gentes
2588 2525 2919 2585 indicantur.
2952 2529 3237 2602 Templum
3266 2542 3447 2591 autem
3476 2538 3533 2591 in
3560 2537 3653 2594 Je-

397 2580 551 2647 Νεὼς
589 2584 646 2638 δὲ
671 2587 729 2639 ἐν
771 2588 1141 2665 Ἰερουσαλὴμ,
1171 2598 1254 2667 ἐφ’
1281 2600 1340 2653 ὃν
1370 2580 1618 2677 τάἰδῶρα
1657 2580 1895 2669 οἴσουσιν
1922 2617 1971 2668 oi

2367 2580 2398 2594 ν
2718 2580 2725 2581 ,
2959 2580 3237 2602 ηψπ-η-
3267 2580 3447 2591 πη...
3560 2580 3637 2594 -..κ

2078 2614 2337 2678 rusalem,
2392 2631 2502 2686 quo
2552 2615 2799 2674 deferent
2853 2636 3012 2692 reges
3063 2639 3312 2691 munera,
3346 2644 3457 2685 non
3498 2631 3648 2686 aliud

396 2672 655 2754 βασιλεῖς,
685 2680 793 2734 οὐδ’
823 2683 1011 2756 ἔτερος
1062 2686 1127 2741 ἂν
1166 2690 1249 2762 εἴη
1284 2693 1383 2763 τῆς
1429 2672 1707 2765 βασι-λείας
1747 2704 1856 2758 τῶν
1883 2706 1972 2758 ού-

2325 2672 2334 2678 ,
2409 2672 2426 2686 ,
2854 2672 3009 2692 --.,“
3063 2672 3312 2691 παυς-η
3346 2672 3457 2685 -.ν-ι
3498 2672 3645 2686 «mn-

2078 2703 2236 2760 fuerit
2270 2722 2433 2776 quam
2464 2724 2689 2779 regnum
2724 2712 3010 2771 caelorum.
3062 2714 3322 2774 Novimus
3374 2721 3645 2791 siquidem

396 2768 606 2839 ρανῶν’
664 2774 822 2846 εἰπερ
875 2778 1032 2849 ἴσμεν
1093 2782 1442 2859 Ἰερουσαλὴμ
1492 2792 1851 2862 ἐπουράνιον,
1902 2800 1969 2871 ἢν

396 2858 591 2883 arua-..
633 2864 654 2883 ς
728 2868 739 2883 ,
807 2867 819 2883 ,
990 2874 1053 2883 .--
1090 2874 1126 2883 -.
1180 2877 1201 2883 -.
1327 2880 1363 2883 __

2286 2768 2305 2776 -
2524 2768 2555 2779 ν
2997 2768 3007 2771 -
3118 2768 3131 2770 -
3181 2768 3319 2774 η---ς
3374 2768 3645 2791 --ηπ-ν.--

2078 2795 2371 2854 Ierusalem
2403 2802 2679 2857 cmlestem
2735 2819 2899 2872 quam
2951 2806 3211 2863 indicavit
3254 2812 3528 2883 quispiam
3559 2814 3646 2871 his

390 2858 592 2926 ἔδειξεν
630 2864 660 2917 6
693 2867 895 2922 εἰπών·
936 2890 953 2922 ι
990 2874 1053 2925 ἲΗ
1084 2874 1139 2928 δὲ
1171 2877 1283 2930 ἄνω
1326 2858 1679 2957 Ἰερουσαλὴμ
1706 2858 1966 2964 ἐλευθέρά

2752 2858 2768 2872 ι
2872 2858 2893 2859 π
2951 2858 3209 2863 "‘“"""‘
3257 2858 3528 2883 Ὶ“·’“Ί’“““⁸¹
3559 2858 3645 2871 “¹““’

2078 2891 2293 2947 verbis:
2325 2910 2343 2941 ι
2374 2892 2450 2947 Ea
2494 2910 2625 2951 vero
2668 2912 2790 2967 quae
2832 2914 3053 2954 sursum
3098 2909 3184 2957 est
3214 2901 3539 2973 Jerusalem,
3575 2907 3645 2959 li-

390 2953 558 3062 ἱστὶν,
586 2957 707 3027 ἥτις
728 2961 845 3013 ἐστὶ
876 2964 1059 3036 μήτηρ
1078 2968 1262 3037 ήμῶνο
1291 2989 1311 3021 ι
1333 2973 1447 3037 καὶ,
1478 2993 1496 3025 ‹
1524 2953 1964 3053 Προσεληλύθατε

2078 2984 2198 3038 hera
2226 2992 2332 3049 est,
2364 3001 2485 3056 qua:
2513 2995 2599 3043 est
2650 2998 2824 3049 mater
2869 3004 3054 3047 nostra
3075 2995 3116 3026 δι
3145 3014 3159 3062 ;
3204 3017 3223 3048 ι
3258 3003 3311 3051 et
3340 3016 3353 3052 :
3383 3015 3402 3048 ‹
3448 2999 3647 3055 Αοοεεδ

388 3042 530 3096 Σιὼν
553 3047 671 3117 ὄρει
703 3052 795 3103 καὶ
820 3052 970 3105 πόλει
994 3056 1127 3109 Θεοῦ
1158 3059 1377 3127 ζῶντος,
1424 3042 1778 3142 Ἰερουσαλὴμ
1802 3074 1963 3127 ἐπου-

2319 3042 2330 3049 ,
2381 3042 2397 3056 ,
2526 3042 2563 3043 η
3145 3042 3159 3062 ,
3204 3042 3219 3048 -
3259 3042 3353 3052 ν-.
3386 3042 3401 3048 -
3448 3042 3625 3055 "ww

2078 3070 2218 3127 sistis
2266 3073 2335 3127 ad
2382 3074 2515 3129 Sion
2563 3086 2805 3133 montem
2847 3091 2901 3135 et
2941 3083 3219 3140 civitatem
3269 3086 3363 3143 Dei
3407 3089 3643 3147 viventis

393 3138 583 3208 ρανίῳ.
612 3159 635 3193 ›
692 3142 908 3216 Ταύτης
962 3142 1053 3201 οὖν
1100 3152 1202 3222 τῆς
1253 3155 1573 3229 ἐπουρανίου
1618 3138 1826 3231 πόλεως
1871 3172 1964 3225 τοῦ

2078 3161 2370 3221 Ierusalem
2405 3170 2683 3229 caelestem
2706 3171 2771 3226 ⁵³.
2809 3192 2829 3225 ›
2864 3172 3017 3240 Quod
3042 3177 3208 3249 igitur
3229 3180 3285 3235 in
3316 3181 3408 3236 illa
3429 3184 3640 3241 cmlesti

392 3228 528 3283 Θεοῦ
555 3231 615 3285 τὸ
645 3232 920 3305 ἐξαίρετον
955 3239 1049 3292 καὶ
1080 3242 1351 3300 ἀνώτατον
1382 3251 1475 3303 καὶ
1501 3255 1745 3322 κρεῖττον
1771 3260 1798 3311 6
1832 3259 1965 3323 νεώς

2078 3250 2162 3308 Dei
2209 3255 2428 3312 civitate
2480 3263 2851 3327 praestantius,
2898 3228 3189 3323 sublimius
3227 3277 3282 3324 et
3322 3272 3518 3328 melius
3542 3273 3634 3328 ha-

382 3321 497 3375 ἐστι
521 3324 614 3377 τοῦ
650 3322 805 3380 Θέοῦ.
850 3329 969 3383 Ἐπὶ
998 3332 1184 3388 τοῦτον
1215 3338 1391 3393 τοίνυν
1418 3343 1508 3397 τὸν
1541 3345 1676 3401 νεών
1703 3365 1818 3414 σου,
1856 3369 1963 3424 φη-

384 3412 466 3437 ρὶ-.
544 3416 616 3437 --ἱ
672 3418 769 3437 ,μέγ
908 3422 931 3437 Π
1028 3428 1047 3437 ς
1094 3428 1114 3437 -
1193 3428 1252 3437 λ...
1444 3436 1449 3437 ,

2078 3355 2242 3412 )etur,
2278 3350 2536 3419 templum
2579 3352 2675 3407 Dei
2703 3365 2806 3409 est.
2844 3357 2910 3410 In
2936 3358 3039 3412 hoc
3065 3361 3268 3431 templo
3291 3370 3405 3429 tuo,
3436 3365 3636 3437 inquit,

383 3412 487 3478 σὶν,
540 3416 621 3468 σοὶ
667 3418 869 3472 οἴσουσι
905 3422 1143 3491 βασιλεῖς
1186 3428 1363 3499 δῶραο
1406 3436 1454 3487 οί
1506 3437 1604 3507 τὴν
1648 3438 1836 3513 λοιπὴν
1868 3443 1962 3517 δη-

383 3500 508 3535 ληιὲὲ.
543 3506 695 3535 ηέὶ...
722 3510 820 3535 -2.-.
852 3514 1083 3535 :--..-L..
1116 3533 1166 3535 _,.
1248 3520 1259 3535 9
1335 3520 1360 3531 ~
1522 3525 1544 3535 ..
1646 3529 1660 3535 _
1706 3532 1727 3535 -_
1790 3534 1805 3535 η

2389 3412 2406 3419 ,
3098 3412 3135 3413 η
3164 3412 3260 3431 τη
3293 3412 3404 3429 --νν
3436 3412 3636 3437 mam.

2078 3438 2160 3492 .ibi
2222 3439 2452 3496 oﬁ‘erent
2501 3458 2658 3514 reges
2738 3452 3128 3520 munerazqui
3195 3454 3409 3510 scilicet
3472 3458 3637 3512 aliam

379 3500 509 3576 λαδὴ
543 3506 695 3561 πόλιν
721 3510 820 3581 τὴν
850 3514 1167 3584 ἐπουράνιον
1211 3520 1487 3588 οἰκοῦντες
1518 3525 1755 3596 βασιλεῖς
1786 3500 1954 3603 ὄντες,

382 3595 462 3616 9.1
505 3597 540 3616 ,\
724 3601 747 3616 μ
782 3602 807 3613 ~
858 3603 881 3616 Α
1009 3606 1034 3616 ~
1110 3608 1132 3616 λ
1236 3611 1247 3616 -
1306 3612 1316 3616 -

2564 3500 2594 3514 υ
2996 3500 3007 3503 -
3040 3500 3128 3520 Γ-
3195 3500 3409 3510 ---ηπ
3472 3500 3632 3512 ....,....

2082 3528 2209 3589 llam
2262 3530 2538 3587 civitatem
2596 3536 2876 3591 caelestem
2934 3539 3223 3605 incolunt,
3276 3532 3403 3599 vere
3450 3561 3632 3616 reges,

376 3595 464 3649 διὰ
490 3597 551 3651 τὸ
576 3601 946 3672 κατηξιῶσθαι
974 3606 1074 3675 τῆς
1106 3608 1383 3678 βασιλείας
1404 3616 1512 3671 τῶν
1558 3622 1823 3693 οὐρανῶν,
1863 3629 1957 3681 καὶ

378 3686 460 3708 ιλ
496 3707 515 3708 η
556 3690 581 3699 ··’
783 3693 811 3708 ο
910 3696 925 3708 ε
985 3696 997 3708 '
1147 3701 1172 3708 "
1212 3703 1224 3708 ‘
1352 3705 1374 3708 “

2078 3620 2185 3689 [uia
2259 3638 2427 3692 regno
2505 3627 2768 3682 caelorum
2849 3629 3057 3701 dignati
3147 3641 3322 3701 sunt;
3401 3595 3633 3708 ideoque

374 3686 463 3741 διὰ
488 3690 647 3744 τοῦτο
669 3693 1084 3763 συμϐασιλεύειν
1104 3701 1182 3771 τῷ
1206 3703 1415 3760 ἐαυτῶν
1445 3686 1655 3782 Κυρίιρ.
1692 3733 1711 3766 ι
1750 3686 1818 3767 Εί
1846 3718 1953 3789 γὰρ

2078 3686 2089 3689 -
2322 3686 2348 3692 -
2909 3686 2937 3701 υ
3308 3686 3322 3701 ν
3401 3686 3633 3708 παι-ν

2078 3728 2162 3767 Ina
2224 3729 2349 3770 cum
2423 3716 2653 3774 Domino
2707 3735 2810 3775 suo
2869 3733 3117 3794 regnant.
3158 3745 3176 3777 ι
3213 3725 3350 3781 Nam
3392 3728 3439 3783 si
3480 3745 3633 3785 com-

376 3783 813 3857 συναπεθάνομεν
836 3828 850 3853 ,
880 3790 974 3842 καὶ
1023 3790 1329 3866 συζήσομεν
1353 3839 1368 3863 ,
1399 3802 1497 3854 καὶ
1525 3805 1574 3856 εί
1609 3806 1952 3880 ὑπομένομεν

2078 3807 2253 3860 nortui
2282 3824 2509 3876 sumus,
2561 3819 2616 3866 et
2663 3815 3034 3883 convivemus,
3096 3820 3231 3875 etsi
3291 3822 3630 3881 sustinemus

370 3871 523 3939 Θεὸν,
559 3877 650 3930 καὶ
688 3880 1206 3956 συμὸασιλεύσομεν.
1244 3906 1264 3939 ι
1291 3884 1449 3944 Οὗτοι
1478 3890 1572 3947 οὖν
1610 3898 1660 3948 οἱ
1690 3871 1946 3966 βασιλεῖς,

367 3969 443 4034 ὡς
473 3970 538 4025 ἂν
570 3974 673 4028 ὑπὸ
723 3978 943 4048 μεγάλῳ
982 3980 1230 4051 ἀρχιερεῖ
1264 3983 1343 4054 τῷ
1375 3986 1670 4056 Μονογενεῖ
1694 3989 1789 4043 τοῦ
1812 3991 1946 4047 Θεοῦ

368 4064 823 4139 λειτουργοῦντες,
853 4073 1016 4143 ἱερεῖς
1037 4092 1096 4127 τε
1120 4074 1290 4139 ὄντες,
1319 4079 1412 4131 καὶ
1434 4081 1587 4133 αὐτοὶ
1613 4082 1759 4155 δῶρα
1786 4102 1947 4155 προσ-

364 4157 601 4213 οίσουσιν
631 4163 712 4225 είς
752 4164 842 4217 τὸν
877 4165 1002 4219 ναὸν
1041 4169 1206 4222 αὑτοῦ
1233 4171 1324 4223 τὸν
1355 4173 1695 4244 ἐπουράνιον,
1729 4193 1942 4231 συνεισ-

364 4252 645 4323 ερχόμενοι
685 4255 763 4325 τῷ
803 4259 1021 4327 μεγάλῳ
1051 4262 1315 4335 ἀρχιερεῖ.
1346 4265 1534 4329 Ὅπως
1568 4266 1625 4319 δὲ
1658 4267 1815 4321 τοῦτο
1847 4270 1941 4337 γέ-

2048 3893 2220 3951 Deum
2271 3907 2325 3953 et
2376 3901 2833 3969 conregnabimus
2856 3904 2923 3957 ⁵³.
2960 3924 2979 3956 ι
3019 3905 3083 3959 lli
3121 3906 3504 3978 itaquereges,
3542 3923 3629 3964 ut-

2049 3996 2171 4055 pote
2199 3989 2291 4058 qui
2320 3991 2423 4045 suh
2456 4007 2653 4061 magno
2679 3995 3023 4052 sacerdotum
3060 3998 3305 4068 principe
3334 3998 3628 4071 Unigenito

2045 4077 2142 4133 Dei
2173 4081 2536 4137 ministerium
2563 4085 2780 4151 obeant,
2808 4095 2863 4141 et
2894 4088 3209 4145 sacerdotes
3232 4091 3365 4155 sint,
3398 4108 3627 4149 munera

2043 4176 2097 4224 et
2130 4169 2233 4239 ipsi
2262 4170 2318 4224 in
2348 4173 2607 4241 templum
2657 4175 2776 4244 ejus
2806 4177 3027 4232 caeleste
3066 4178 3315 4244 afferent,
3341 4197 3450 4235 una
3496 4196 3623 4237 cum

2042 4276 2242 4332 magno
2272 4263 2618 4318 sacerdotum
2650 4266 2897 4337 principe
2948 4269 3308 4329 introeuntes.
3343 4271 3413 4327 Ut
3439 4286 3621 4330 autem

2044 4351 2146 4406 hoc
2173 4353 2266 4406 ﬁat
2292 4360 2347 4408 et
2373 4368 2538 4422 opere
2567 4356 2927 4426 compleatur,
2965 4362 3284 4417 neceSsario
3318 4363 3400 4418 sic
3428 4381 3623 4434 preca-

2041 4448 2128 4496 tus
2154 4450 2237 4497 est
2266 4460 2279 4496 :
2317 4461 2337 4494 ι
2369 4442 2587 4510 Manda,
2621 4443 2791 4511 Deus,
2821 4447 3011 4502 virtuti
3035 4457 3141 4504 tua!
3162 4469 3175 4511 ;
3197 4452 3459 4506 conﬁrma
3488 4454 3616 4522 hoc,

1969 4518 2014 4573 Ῑ)
2041 4533 2206 4602 Deus,
2238 4535 2386 4604 quod
2417 4545 2675 4604 operatus
2701 4554 2762 4595 es
2793 4538 2846 4593 in
2873 4540 3053 4596 nobis.
3091 4560 3110 4594 ι

435 4641 453 4673 1
477 4623 827 4696 Ἐπιτίμησον
842 4631 954 4692 τοῖς
972 4629 1179 4702 θηρίοις
1194 4631 1287 4684 τοῦ
1306 4632 1573 4703 καλάμου.
1587 4653 1604 4685 ι
1617 4635 1825 4706 Ὥσπερ
1841 4635 1938 4706 ηὕ-

2110 4624 2278 4682 Vsns.
2311 4628 2497 4682 51-53.
2545 4647 2563 4679 ι
2602 4628 2826 4700 Increpa
2863 4630 3005 4688 feras
3034 4635 3343 4691 arundinis.
3374 4657 3392 4687 ι
3414 4636 3615 4702 Quem-

2078 4718 2323 4739 ,μμημ
2679 4722 2702 4739 ρ
2956 4732 2968 4739 ,
3158 4726 3243 4739 .--
3363 4728 3374 4739 .
3497 4728 3507 4739 .

357 4713 486 4779 ξατο
503 4719 831 4787 συνεργῆσαι
844 4724 956 4785 τοῖς
968 4723 1342 4794 προλεχθεῖσιν
1353 4724 1539 4778 εἰπών’
1561 4743 1580 4775 ‹
1595 4727 1883 4788 Ἕντειλαι,
1906 4732 1934 4782 6

357 4807 446 4830 0-}
465 4826 482 4830 _
538 4810 610 4830 _L.
662 4811 685 4830 β
702 4811 713 4826 ν
839 4815 851 4830 1
1159 4818 1171 4830 ι
1242 4818 1255 4830 ι
1352 4817 1362 4830 ο
1604 4820 1616 4830 ο
1641 4818 1675 4830 Α
1712 4818 1723 4830 ι
1877 4820 1901 4830 η

2078 4718 2328 4773 dmodum
2373 4732 2628 4789 precatus
2676 4722 2876 4788 fuerat,
2917 4732 2974 4777 ut
3023 4726 3315 4794 praedictos
3361 4728 3614 4786 homines

353 4807 504 4873 Θεὸς,
533 4810 630 4882 τὴν
656 4811 882 4883 δύναμίν
905 4831 1017 4867 σου·
1047 4835 1065 4866 ι
1089 4818 1181 4869 καὶ
1200 4817 1575 4887 «Δυνάμωσον,
1595 4818 1786 4884 ὁΘεὸς,
1813 4820 1931 4872 τοῦ-

2078 4811 2319 4882 djuvaret
2351 4807 2540 4869 dicens
2585 4833 2597 4868 :
2655 4833 2673 4864 ι
2700 4815 2917 4879 Manda,
2966 4816 3130 4882 Deus,
3162 4819 3353 4872 virtuti
3410 4828 3552 4885 tuae;
3585 4841 3604 4872 ι

350 4900 450 4953 τοδ
477 4906 969 4977 κατειργάσωὴμῖν
988 4925 1002 4938 ·
1038 4927 1057 4959 ι
1084 4908 1227 4963 οῦτω
1242 4909 1404 4963 πάλιν
1428 4908 1642 4980 εὔχεται
1662 4912 1730 4966 τὰ
1751 4912 1894 4965 κωλύ
1911 4945 1928 4953 -

355 5009 495 5015 --μ-κ
528 4995 716 5015 1-___9\
760 5014 763 5015 ν
806 4998 817 5015 9
869 4997 927 5015 Λη
1068 5001 1081 5015 9
1227 5001 1237 5015 ο
1392 5002 1414 5015 κ
1592 5004 1603 5015 ι
1700 5003 1715 5015 ι
1747 5002 1758 5015 ρ
1908 5007 1921 5015 .

2078 4914 2122 4968 L,
2159 4924 2178 4956 ι
2201 4904 2479 4959 Conﬁrma
2504 4906 2630 4971 hoc,
2660 4906 2827 4969 Deus.
2860 4908 3005 4978 quod
3035 4917 3294 4979 operatus
3324 4927 3385 4966 es
3416 4912 3471 4964 in
3506 4929 3610 4968 no-

354 5009 498 5061 ματα
525 4995 766 5049 ἐκποδὼν
794 4997 1024 5069 ἀρθῆναι
1064 5001 1128 5053 ἐκ
1174 5001 1360 5071 μέσου,
1388 5002 1536 5061 ὅπως
1580 5002 1872 5069 ἀκωλύτως
1898 5007 1927 5058 6

2078 4997 2152 5062 is;
2180 5017 2198 5049 ι
2236 4998 2317 5052 sic
2347 4997 2509 5051 mod‘o
2544 5008 2819 5068 precatur,
2857 5009 2915 5053 ut
2948 5001 3134 5057 obices
3175 5001 3243 5057 de
3279 5003 3460 5058 medio
3504 5005 3607 5060 tol-

346 5082 503 5153 λόγος
552 5087 843 5163 διαδράμῃ.
893 5091 1144 5165 Συνεὼρα
1192 5092 1300 5164 γὰρ
1343 5092 1407 5165 τῇ
1452 5095 1755 5165 προγνώσει
1797 5099 1924 5161 τοὺς

2078 5097 2233 5154 ιηῑυν,
2295 5086 2528 5145 ειέἱηο
2589 5092 2978 5160 impedimento
3043 5110 3224 5149 sermo
3291 5109 3596 5165 percurrat.

348 5176 636 5245 μέλλοντας
681 5182 1066 5236 ἐπανίστασθαι
1108 5184 1184 5255 τῷ
1228 5186 1565 5257 εὑαγγελικῷ
1605 5189 1919 5260 κηρύγματι

2078 5184 2377 5239 raascientia
2405 5186 2604 5255 quippe
2629 5195 2854 5241 noverat
2885 5203 2980 5242 eas
3006 5204 3128 5256 quae
3157 5188 3427 5246 adversus
3457 5208 3597 5261 pra:-

342 5270 612 5342 διωγμοὺς
640 5274 732 5327 καὶ
757 5277 881 5338 τοὺς
917 5278 1138 5349 νοητοὺς
1175 5278 1367 5349 θῆρας,
1396 5270 1470 5332 ὧν
1496 5279 1694 5350 ηὔχετο
1722 5283 1920 5353 ῥυσθῆ-

2085 5276 2356 5330 cationem
2399 5276 2768 5344 evangelicam
2804 5276 3108 5330 exeitandae
3147 5285 3303 5330 erant
3336 5293 3596 5346 persecu-

342 5376 429 5413 ναι
461 5363 704 5416 ὁείπών·
745 5382 762 5416 ι
800 5365 891 5436 Μὴ
926 5366 1181 5437 παραδῴς
1224 5371 1337 5430 τοῖς
1380 5368 1587 5439 θηρίοις
1625 5370 1802 5439 ψυχὰς
1833 5371 1919 5436 ἐξ·

2078 5383 2220 5434 mes,
2266 5367 2690 5437 spiritualesque
2727 5367 2894 5431 feras,
2949 5384 2980 5422 a
3027 5368 3230 5437 quibus
3259 5373 3396 5439 eripi
3430 5388 3591 5442 roga-

342 5453 777 5525 ομολογουμένας
841 5475 955 5510 σοι·
997 5479 1016 5510 ι
1054 5458 1216 5531 θηρία
1259 5460 1316 5512 δέ
1371 5460 1618 5530 καλάμου
1672 5462 1912 5531 νοήσεις,

2078 5469 2113 5513 ιι
2163 5462 2252 5515 ille
2279 5461 2373 5530 qui
2415 5461 2526 5515 haec
2561 5462 2887 5530 loquebatur
2928 5481 2940 5515 :
2996 5460 3116 5517 «Ne
3151 5462 3340 5517 tradas
3394 5465 3588 5520 bestiis

344 5546 528 5615 μαθὼν
556 5547 664 5601 ἀπὸ
690 5549 780 5602 τοῦ
821 5550 939 5603 Ἰὼϐ
970 5553 1117 5616 ὅπως
1143 5553 1353 5624 εἴρηται
1386 5553 1490 5606 ὑπὸ
1516 5553 1610 5605 τοῦ
1631 5552 1874 5607 διαϐόλου
1896 5571 1909 5583 ο

2078 5553 2229 5608 [imas
2276 5553 2597 5607 conﬁtentes
2654 5553 2869 5607 tibi'M
2935 5552 3068 5619 Quae
3116 5554 3227 5609 sint
3290 5555 3395 5609 illae
3457 5558 3587 5611 [erat

343 5657 362 5690 ι
414 5639 549 5693 Ὑπὸ
578 5644 890 5696 παντοδαπά
933 5644 1124 5715 δένδρα
1171 5646 1448 5715 κοιμᾶται,
1484 5644 1634 5698 παοά
1662 5644 1912 5698 πάπυοον

2081 5644 2302 5700 undinis
2334 5644 2625 5713 intelligas.
2664 5646 2710 5699 si
2758 5660 2787 5697 a
2815 5644 2917 5700 Job
2952 5644 3171 5701 ediscas
3213 5647 3346 5716 quid
3376 5648 3582 5704 dictum

362 4361 516 4416 νηται
544 4349 635 4401 καὶ
662 4349 727 4406 δι’
753 4350 929 4421 ἔργων
952 4358 1302 4428 προχωρήσῃ,
1331 4358 1642 4427 ἀναγκαίως
1668 4361 1940 4430 ἐπηύξατο

360 4437 557 4490 εἰπών’
595 4458 613 4490 ε
654 4442 942 4507 Ἐντειλαι,
973 4446 1001 4497 ὁ
1034 4445 1189 4509 Θεὸς,
1231 4447 1327 4519 τὴν
1364 4448 1590 4519 δύναμίν
1624 4466 1739 4515 σου,
1780 4451 1938 4506 δυνά-

361 4546 572 4598 μωσον,
615 4534 644 4584 6
676 4533 826 4599 Θεὸς,
860 4536 1017 4591 τοῦτο
1048 4538 1076 4590 ὃ
1116 4540 1459 4609 κατειργάσω
1504 4543 1653 4612 ἡμῖν.
1692 4562 1711 4595 ι

404 5794 448 5829 ⁸ο
478 5797 663 5852 Matth.
701 5817 793 5865 vn,
829 5800 877 5866 7,
918 5801 972 5857 8.
1046 5803 1089 5834 σί
1119 5801 1293 5855 Galat.
1332 5819 1403 5867 tv,
1436 5803 1524 5857 ‘26.
1603 5804 1647 5835 δ’
1676 5801 1841 5859 Hebr.
1877 5818 1973 5858 xu.
2006 5802 2095 5857 ‘22.
2177 5803 2222 5834 ⁸³
2249 5801 2290 5855 ll
2319 5800 2459 5857 Tim.
2497 5818 2554 5869 ιι,
2593 5802 2678 5867 ll,
2710 5799 2795 5855 12.
2874 5802 2921 5834 ³⁸
2946 5800 3090 5857 Psal.
3117 5817 3308 5863 Lxxnl,
3340 5803 3429 5859 19.

578 5898 850 5958 Ρηιιοι..
897 5899 1016 5959 Gn.
1064 5899 1302 5961 XXIII.
1710 5898 1713 5899 ⁷

3189 5898 3267 5956 23
