2064 3196
251 189 304 219 71⁵3

253 298 312 330 mit,
327 297 405 332 juxta
418 303 564 332 papyrum,
580 296 716 322 calamum
732 298 759 321 et
773 294 891 321 caricem
899 295 949 322 ⁵⁵.»
978 293 1036 321 Non

248 344 325 377 juxta
341 342 434 375 ticum,
449 342 545 373 vitem,
570 342 656 368 oleam
684 345 731 367 aut
757 340 886 375 palmam.
904 344 950 366 aut
972 340 1036 374 quid

250 390 285 417 iis
295 389 385 417 simile
399 409 406 419 ,
423 389 470 416 sed
482 388 560 423 juxta
571 395 713 423 papyrum,
729 386 864 413 calamum
878 390 904 412 et
918 385 1036 412 caricem

249 434 393 469 quiescere
413 433 502 468 ipsum
523 433 576 464 ait,
594 432 728 460 infirmas.
747 430 859 466 frigidas
877 430 1037 465 nullutnque

251 480 369 507 fructum
387 480 489 507 bonum
516 478 688 514 protei-entes
711 478 817 504 animas
844 477 886 504 his
912 476 1038 504 subindi—

250 533 336 558 cans;
355 525 433 557 juxta
447 524 508 551 illas
524 524 625 559 quippe
638 524 721 551 draco
737 523 906 558 quiescebat.
930 522 1036 550 Truces

250 576 339 597 autem
357 570 410 596 illa:
436 569 499 596 tene
522 568 677 600 arundinis,
693 572 757 596 sunt
782 568 945 597 adversaria:
961 573 1036 603 pote-

250 621 346 647 states,
362 616 472 650 maligni
489 616 638 647 daemones,
666 620 693 641 et
715 616 845 642 venenosi
869 615 1035 649 reptilesque

250 663 373 697 spiritus,
389 669 458 696 quos
476 665 505 687 ut
521 661 642 695 increpet
664 660 746 692 Deus,
774 660 894 695 Spiritus
920 664 1035 687 sanctus

249 712 327 742 rogat
340 708 416 734 hisce
432 708 540 735 verbis:
559 716 568 732 ι
581 706 693 741 lncrepa
711 707 782 734 feras
800 707 955 734 arundinis.
974 717 982 732 ι
1003 707 1035 733 Ει

249 754 486 789 congregationem
510 758 668 787 taurorum;
692 755 758 785 sive,
780 755 930 782 secundum
956 755 1035 790 Sym-

249 799 387 830 machum,
420 804 541 827 acmtum
569 799 817 834 pra‘grandiump
846 807 945 827 vaccas
969 801 1034 827 item

249 846 410 880 populorum
429 846 563 880 increpari
581 845 701 880 postulat
726 855 732 872 :

249 893 375 927 pulorum
410 895 437 919 et
470 892 552 922 tauri.
587 896 650 919 sunt
679 893 697 919 ii
736 892 806 919 inter
844 892 955 919 Iudaeos
987 892 1033 926 qui

249 938 326 965 verbi
352 942 541 972 persecutores
566 942 640 965 sunt.
672 938 720 964 llis
743 938 816 965 aliud
831 946 900 973 opus
920 938 1035 973 subjun—

248 986 332 1019 gitur,
353 988 401 1011 «ut
412 984 591 1011 excludantur
612 984 630 1010 ii
650 985 695 1018 qui
711 985 815 1018 probati
838 988 902 1012 sunt
932 992 1032 1019 argen-

248 1034 294 1057 to:
308 1039 316 1054 I
340 1029 410 1064 quod
432 1028 562 1062 liquidius
585 1029 702 1064 explicat
719 1028 899 1064 Symmachus
921 1028 1031 1055 dicens:

251 1076 322 1108 ιριιὶ
338 1075 458 1103 calcibus
482 1076 586 1110 pellunt
600 1083 648 1103 eos
663 1075 710 1110 qui
733 1074 841 1109 probati
864 1078 928 1102 sunt
950 1074 1028 1109 quasi

247 1121 409 1156 probatione
433 1122 564 1156 argenti.»
593 1120 626 1147 Hi
651 1128 769 1155 namque
785 1120 868 1152 tauri,
887 1124 913 1147 et
929 1127 1032 1147 memo—

247 1172 313 1194 rata:
327 1174 427 1199 vaccae,
445 1174 459 1193 a
478 1166 542 1193 feris
560 1166 704 1193 arundinis
724 1166 843 1200 agitatae,
871 1165 975 1192 nullum
993 1157 1034 1190 ia—

249 1214 337 1247 pidem
350 1221 404 1240 non
416 1216 535 1244 movent,
553 1216 582 1238 ut
602 1212 691 1239 sancti
708 1211 753 1238 Dei
770 1219 783 1237 τι
797 1219 843 1245 spe
859 1211 911 1237 sibi
930 1218 1032 1245 propo-

246 1261 300 1287 sita
325 1259 514 1287 deturbenlur.
536 1258 631 1285 Sancti
646 1265 710 1285 vero
728 1257 775 1283 Dei
789 1256 910 1291 suntqui
925 1256 1031 1291 probati

247 1310 312 1332 sunt
330 1309 455 1340 argento.
475 1304 710 1338 Quemadmodum
732 1303 805 1329 enim
828 1312 840 1328 -ι
853 1303 961 1337 eloquia
980 1302 1033 1329 Do-

246 1351 314 1378 mini
329 1355 417 1381 casta.
433 1354 575 1385 argentum
592 1350 653 1384 igne
666 1349 905 1381 examinatum“;
921 1359 930 1373 ι
949 1348 993 1375 sic
1006 1351 1032 1375 et

247 1397 370 1424 homines
391 1396 437 1423 Dei
466 1396 571 1430 probati
601 1399 665 1422 sunt
692 1399 722 1422 ut
752 1399 918 1430 argentum:
946 1401 1032 1428 quare

246 1444 358 1471 dicunt:
376 1452 385 1469 ι
396 1442 524 1470 Probasti
539 1450 599 1474 nos,
615 1441 696 1472 Deus,
720 1442 781 1477 igne
803 1449 854 1469 nos
870 1441 1029 1468 examinasti

247 1489 318 1517 sicut
332 1488 503 1516 examinatur
528 1491 670 1523 argentum
680 1488 730 1514 ⁵⁷.»
752 1487 836 1522 Igitur
860 1487 923 1515 ferae
948 1495 1031 1514 aruu<

586 186 721 217 EUSEBII
741 185 978 215 CESAIUENSFS
995 186 1071 215 OPP.
1090 186 1181 215 PARS
1200 187 1244 215 111.
1263 202 1300 210 -
1317 173 1526 217 ΕΧΕΒΕἸἾΩΛ.

201 253 207 258 ’
251 252 285 278 de
298 250 406 278 diabolo
422 250 457 277 sit
473 258 479 276 :
495 258 504 274 ι
525 248 581 276 Sub
600 249 690 276 omnis
700 249 806 283 generis
818 247 961 275 arboribus
971 246 1030 274 dor-

1087 248 1134 275 καὶ
1153 247 1273 284 κάλαμον
1291 249 1338 276 καὶ
1360 248 1501 284 βούτομον.
1520 258 1530 275 ι
1545 248 1583 276 Οὐ
1609 248 1662 284 γὰρ
1682 247 1756 284 παρὰ
1781 248 1877 283 συκῆν,

766 853 855 872 vaccae
871 849 962 873 autem
986 853 1035 880 po-
1051 856 1070 883 η

1828 189 1878 217 ms

1088 295 1149 321 οὐδὲ
1165 295 1241 330 παρὰ
1252 295 1384 330 ἄμπελον,
1397 296 1457 322 οὐδὲ
1483 295 1559 331 παρὰ
1582 294 1684 327 ἐλαίαν,
1698 294 1714 330 ἢ
1727 293 1845 329 φοίνικα,
1860 295 1879 330 ἡ

1088 348 1114 366 τι
1137 340 1191 367 τῶν
1212 340 1317 372 τούτοις
1341 341 1551 377 παραπλησίων,
1576 339 1643 367 ἀλλὰ
1658 340 1733 375 παρὰ
1754 339 1879 375 πάπυρον

1088 387 1134 413 καὶ
1150 386 1272 421 κάλαμον
1287 387 1333 413 καὶ
1346 386 1475 422 βούτομον
1489 386 1676 414 ἀναπαύεσθαί
1690 395 1771 421 φησιν
1785 386 1877 418 αὐτὸν,

1087 433 1137 464 τὰς
1152 433 1263 464 ἀτόνους
1279 433 1326 460 καὶ
1339 433 1491 468 καθύγρους
1504 433 1550 459 καὶ
1565 433 1670 468 μηδένα
1681 432 1786 468 καρπὸν
1798 433 1879 466 ἀναγ-

1082 479 1164 504 -καῑον
1190 478 1380 513 προφερούσας
1402 478 1491 513 ψυχὰς
1522 478 1616 505 τοῦτον
1640 477 1812 513 αἰνιξάμενος
1832 478 1878 504 τὸν

1086 524 1203 559 τρόπον·
1230 523 1306 560 παρὰ
1328 524 1467 556 τοιαύταις
1489 524 1544 560 γὰρ
1565 523 1714 551 ἀνεπαύετο
1730 525 1744 550 ὸ
1758 523 1876 559 δράκων.

1087 570 1167 596 Δεινὰ
1183 569 1211 596 δὲ
1223 569 1305 605 θηρία
1317 570 1440 605 καλάμου
1457 572 1633 606 τυγχάνουσιν
1647 571 1674 597 αἱ
1692 570 1877 605 άντικείμεναι

1086 616 1224 651 δυνάμεις,
1245 617 1272 642 οἵ
1289 625 1318 642 τε
1343 617 1455 652 πονηροὶ
1475 617 1600 652 δαίμονες
1618 617 1665 643 καὶ
1678 616 1711 642 τὰ
1729 616 1818 642 ἰοδόλα
1830 616 1877 642 καὶ

1086 661 1238 696 ὲρπυστικὰ
1260 661 1412 697 πνεύματα,
1438 659 1478 693 οἷς
1500 662 1660 697 ἐπιτιμῆσαι
1685 661 1730 687 τὸν
1757 661 1823 687 Θεὸν
1847 660 1877 686 τὸ

1086 708 1196 742 Πνεῦμα
1210 707 1240 734 τὸ
1257 708 1333 742 ἅγιον
1348 708 1391 734 διὰ
1406 708 1459 734 τῶν
1476 709 1543 743 μετὰ
1556 710 1649 742 χεῖρας
1662 707 1770 742 εὔχεται
1787 707 1875 741 λέγον·

1088 762 1096 777 ι
1124 753 1300 788 Ἐπιτίμησον
1321 755 1376 785 τοῖς
1399 754 1503 789 θηρίοις
1528 753 1574 779 τοῦ
1597 753 1731 787 καλάμου.
1748 762 1757 778 ι
1774 753 1829 778 Καὶ
1842 754 1874 788 τῇ

1087 801 1227 834 συναγωγῇ
1253 799 1281 825 δὲ
1305 799 1359 826 τῶν
1383 800 1499 834 ταύρων,
1520 799 1548 834 ἢ,
1564 799 1633 825 κατὰ
1657 798 1701 824 τὸν
1720 798 1874 834 Σύμμαχον,

1089 855 1097 870 ι
1116 846 1215 880 συνόδῳ
1240 845 1441 881 παμμεγέθων,
1466 855 1475 870 ι
1502 845 1548 871 καὶ
1574 846 1635 876 ταῖς
1663 844 1793 879 δαμάλεσι
1821 844 1876 870 τῶν

1083 891 1154 918 λαῶν
1182 892 1344 926 ἐπιτιμῆσαι
1369 891 1501 917 ἱκετεύει·
1529 891 1658 926 δαμάλεις
1681 891 1709 917 δὲ
1733 890 1804 917 λαῶν
1827 891 1874 917 καὶ

1083 937 1178 973 ταῦροι
1202 937 1227 963 οἱ
1254 937 1328 972 παρὰ
1351 937 1487 968 Ἰουδαίοις
1515 937 1567 963 εἰσὶ
1587 937 1698 963 διῶκται
1716 937 1763 963 τοῦ
1783 937 1873 970 λόγου.

1086 980 1138 1009 ’Ὧν
1163 983 1250 1018 ἔργων
1273 983 1303 1008 τὸ
1329 982 1392 1016 ἑξῆς
1414 982 1602 1018 ἐπιλεγόμενον
1622 985 1650 1009 ὲν
1673 983 1720 1018 τῷ,
1737 993 1745 1009 ι
1762 983 1808 1010 τοῦ
1831 984 1876 1010 ὲκ-

1083 1029 1239 1064 κλεισθῆναι
1269 1029 1332 1059 τοὺς
1360 1028 1605 1063 δεδοκιμασμένους
1631 1029 1670 1064 τῷ
1695 1029 1835 1065 ἀργυρίῳ·
1862 1038 1872 1055 ι

1083 1075 1151 1110 ὅπερ
1175 1074 1339 1109 σαφέστερον
1363 1075 1532 1110 ήρμήνευσεν
1556 1076 1569 1101 ὁ
1598 1075 1743 1110 Σύμμαχος
1772 1074 1873 1102 εἰπών·

1086 1129 1095 1146 ι
1111 1121 1173 1152 Τοῖς
1185 1120 1386 1151 διαλακτίζουσι
1400 1122 1463 1152 τοὺς
1476 1120 1635 1156 εὐδοκήτους
1646 1121 1683 1152 ὡς
1698 1121 1812 1157 δοκιμὴν
1825 1122 1876 1157 ἀρ-

1083 1165 1190 1201 γυρίου.
1210 1175 1219 1193 ι
1235 1162 1314 1192 Οὗτοι
1333 1165 1388 1201 γὰρ
1410 1166 1434 1191 οἱ
1461 1165 1567 1201 ταῦροι,
1585 1167 1632 1192 καὶ
1645 1166 1672 1191 αἱ
1685 1166 1874 1201 προλεχθεῑσαι

1082 1211 1221 1246 δαμάλεις,
1240 1212 1292 1238 ὑπὸ
1306 1211 1360 1237 τῶν
1381 1211 1483 1246 θηρίων
1498 1212 1544 1238 τοῦ
1572 1212 1694 1247 καλάμου
1715 1212 1874 1248 ἐνεργούμε-

1083 1266 1136 1288 ναι,
1152 1257 1202 1291 τὴν
1217 1258 1306 1283 πᾶσαν
1325 1256 1462 1282 ποιοῦνται
1490 1257 1607 1292 σπουδὴν
1630 1257 1698 1293 πρὸς
1718 1257 1748 1284 τὺ
1770 1257 1874 1285 ἐκκλει-

1084 1304 1179 1339 σθῆναι
1194 1305 1255 1336 τοὺς
1271 1304 1366 1338 ἁγίους
1383 1304 1430 1330 τοῦ
1447 1304 1514 1331 Θεοῦ
1533 1305 1582 1340 τῆς
1601 1306 1808 1341 ἐπηγγελμένης
1824 1307 1873 1333 αὐ-

1082 1351 1136 1380 τοῖς
1151 1350 1266 1380 ἐλπίδος.
1282 1350 1373 1383 ’Ἅγιοι
1397 1349 1425 1376 δὲ
1449 1349 1515 1376 Θεοῦ
1541 1351 1565 1377 ot
1587 1351 1810 1386 δεδοκιμασμένοι
1835 1351 1873 1386 τῷ

1082 1395 1213 1430 ἀργυρίῳ.
1235 1396 1338 1431 Ὥσπερ
1354 1395 1407 1432 γὰρ
1422 1405 1430 1422 ι
1445 1396 1478 1423 τὰ
1491 1396 1568 1430 λόγια
1582 1397 1684 1432 Κυρίου
1696 1397 1776 1431 άγνὰ⁷
1790 1398 1874 1434 ἀργύ-

1083 1450 1139 1477 ριον
1154 1441 1360 1476 πεπυρωμένον,
1376 1451 1386 1468 ι
1400 1441 1486 1473 οὕτως
1504 1442 1550 1468 καὶ
1562 1443 1587 1468 οί
1599 1442 1645 1468 τοῦ
1659 1443 1725 1469 Θεοῦ
1737 1443 1873 1479 ἄνθρωποι

1085 1487 1307 1522 δεδοκιμασμένοι
1332 1487 1400 1514 είσὶν
1424 1488 1461 1519 ὡς
1487 1487 1518 1514 τὺ
1545 1488 1690 1523 ἀργύριον
1717 1489 1756 1515 διό
1777 1498 1870 1524 φασιν·

247 1536 331 1567 dinis,
350 1535 523 1570 congregatio
535 1540 687 1566 taurorum,
704 1539 730 1562 et
743 1542 832 1562 vaccze
848 1535 1020 1569 populorum,

1084 1542 1092 1557 ι
1114 1533 1294 1568 Ἐδοκίμασας
1305 1534 1389 1569 ἡμᾶς,
1403 1534 1416 1559 ὁ
1432 1533 1508 1566 Θεὸς,
1526 1534 1670 1569 ἐπύρωσας
1685 1536 1757 1570 ἡμᾶς
1772 1535 1809 1567 ὡς
1822 1545 1872 1562 πυ-

246 1590 294 1609 cos
313 1581 358 1616 qui
374 1581 479 1616 probati
496 1584 561 1607 sunt
577 1583 690 1616 argento
708 1588 722 1607 a
745 1581 886 1620 proposita
911 1581 962 1620 sibi
982 1589 1030 1616 spe

246 1626 389 1654 excludere
404 1629 541 1662 satagunt.
570 1626 642 1658 Sive,
657 1626 804 1653 secundant
824 1615 1029 1661 gynimachum,

248 1681 259 1698 ι
272 1672 398 1700 Calcibus
416 1673 519 1707 pellunt
535 1680 582 1700 eos
604 1672 651 1707 qui
667 1672 774 1707 probati
792 1678 855 1699 sunt
871 1673 949 1707 quasi
967 1680 1030 1707 pro—

246 1719 355 1746 batione
374 1718 506 1754 argenti.»
528 1717 563 1745 Ut
578 1726 612 1746 ne
629 1719 721 1753 itaque
735 1718 776 1745 illi
790 1725 872 1753 supra
885 1718 951 1744 dicti
965 1726 1030 1745 san-

246 1765 299 1792 ctis
317 1764 365 1793 Dei
383 1765 577 1800 impedimento
594 1764 659 1794 sint.
674 1765 830 1791 necessario
855 1764 960 1791 dictum
972 1768 1029 1792 est:

248 1814 380 1848 «lucrepa
409 1812 480 1840 feras
505 1811 658 1841 arundinis.
684 1811 860 1846 congregatio
887 1815 1029 1838 taurorum

246 1858 274 1885 in
300 1858 392 1885 vaccis
414 1857 606 1892 populorum.)
634 1856 695 1882 Alia
722 1857 786 1883 item
807 1856 914 1883 ratione
937 1860 1030 1884 tauros

245 1902 381 1938 intelligas
390 1901 544 1929 Judazorum
558 1901 710 1935 principes:
726 1908 824 1928 vaccas
836 1905 925 1928 autem
935 1909 1029 1929 eorum

245 1955 397 1984 synagogas
425 1948 458 1974 iis
485 1946 619 1978 subditas,
643 1951 669 1973 et
695 1946 809 1981 populos
835 1947 881 1981 qui
907 1950 1030 1982 tempore

244 1993 382 2029 passionis
398 1993 552 2020 Servatoris
564 1992 651 2019 nostri
667 1993 886 2019 insurrexerunt.
904 1992 953 2020 Cui
966 2001 1029 2020 sen-

245 2040 336 2066 tentia:
365 2038 528 2073 astipulatur
546 2045 599 2065 vox
627 2038 673 2064 illa
698 2045 731 2064 ex
762 2037 849 2072 ipsius
877 2037 1028 2066 Salvatoris

246 2092 362 2120 persona
389 2084 416 2110 in
430 2084 535 2118 psalmo
555 2091 601 2110 xxi
619 2083 707 2118 posita
722 2093 728 2110 :
749 2083 902 2116 «Quoniam
914 2084 1029 2111 circum-

244 2130 377 2158 dederunt
393 2138 435 2157 me
447 2129 525 2156 vituli
542 2129 632 2161 multi,
648 2129 719 2156 tauri
736 2130 850 2164 pingues
863 2129 1028 2156 obsederunt

244 2184 298 2203 me.
318 2175 492 2210 Aperuerunt
518 2175 544 2200 in
561 2182 603 2201 me
622 2182 653 2201 os
669 2182 748 2201 suum
760 2175 811 2201 ⁸⁸.»
833 2174 916 2207 Queis
932 2175 1028 2202 subin-

1082 1579 1174 1615 ροῦται
1200 1579 1230 1605 τὸ
1251 1580 1391 1615 ἀργύριον.
1413 1590 1421 1605 ι
1438 1581 1468 1607 Οί
1485 1578 1530 1607 οὖν
1546 1580 1626 1616 θῆρες
1642 1582 1666 1607 οἱ
1687 1582 1733 1608 τοῦ
1751 1582 1871 1617 καλάμου

1082 1625 1129 1651 καὶ
1146 1626 1162 1660 ἡ
1185 1625 1328 1661 συναγωγὴ
1344 1626 1398 1652 τῶν
1413 1625 1531 1661 ταύρων,
1548 1627 1592 1653 καὶ
1615 1628 1642 1653 αἱ
1667 1627 1796 1663 δαμάλεις
1818 1627 1871 1654 τῶν

1081 1669 1162 1701 λαῶν,
1179 1670 1242 1700 τοὺς
1254 1669 1495 1705 δεδοκιμασμένους
1508 1670 1546 1705 τῷ
1559 1671 1682 1707 ἀργυρίῳ
1694 1667 1872 1707 ἀποκλεισθῇ-

1081 1722 1124 1741 ναι
1144 1714 1322 1746 σπουδάζουσι
1342 1716 1390 1750 τῆς
1415 1715 1622 1751 ἐπηγγελμένης
1639 1717 1731 1749 αὐτοῖς
1753 1717 1869 1750 ἐλπίδος.

1081 1760 1128 1790 Ἣ,
1154 1759 1224 1786 κατὰ
1248 1760 1293 1786 τὸν
1311 1759 1471 1795 Σύμμαχον,
1495 1770 1503 1786 ι
1528 1761 1733 1794 Διαλακτίζουσι
1762 1762 1871 1795 τούτους

1081 1804 1179 1835 αὐτοὺς
1204 1805 1366 1840 εύδοκήτους
1388 1805 1466 1837 ὄντας
1496 1806 1534 1837 ὡς
1560 1806 1674 1842 δοκιμὴν
1698 1808 1839 1844 ἀργυρίου.
1858 1819 1867 1834 ι

1082 1852 1129 1877 Ἵν⁷
1144 1849 1189 1878 οὖν
1205 1851 1242 1886 μὴ
1259 1852 1382 1886 ἐμποδὼν
1398 1852 1527 1886 γένωνται
1553 1855 1609 1885 τοῖς
1633 1854 1720 1887 ἁγίοις
1735 1855 1782 1881 τοῦ
1801 1855 1869 1882 Θεοῦ

1080 1898 1104 1923 οί
1121 1897 1322 1933 προλεχθέντες,
1346 1898 1501 1931 ἀναγκαίως
1521 1899 1644 1934 εἴρηται·
1661 1909 1670 1925 ι
1693 1900 1868 1937 Ἐπιτίμησον

1080 1944 1135 1974 τοῖς
1150 1943 1254 1978 θηρίοις
1268 1943 1315 1969 τοῦ
1333 1943 1467 1978 καλάμου,
1491 1944 1506 1978 ή
1533 1945 1677 1980 συναγωγὴ
1694 1946 1747 1972 τῶν
1762 1947 1868 1983 ταύρων

1081 1989 1109 2014 ὲν
1130 1990 1189 2020 ταῖς
1209 1989 1340 2023 δαμάλεσι
1361 1989 1415 2015 τῶν
1432 1989 1513 2015 λαῶν.
1537 1999 1546 2015 ›
1565 1991 1619 2017 Καὶ
1642 1990 1729 2023 ἄλλως
1753 1992 1869 2027 ταύρους

1080 2036 1186 2070 νοήσεις
1200 2036 1263 2067 τοὺς
1279 2036 1410 2063 Ἰουδαίων
1429 2036 1561 2072 ἄρχοντας
1572 2048 1578 2053 ·
1597 2038 1727 2073 δαμάλεις
1739 2040 1766 2066 δὲ
1778 2040 1868 2067 αὐτῶν

1079 2081 1128 2113 τὰς
1148 2082 1200 2108 ὑπὸ
1221 2082 1330 2114 τούτους
1352 2084 1512 2118 συναγωγὰς
1539 2085 1585 2111 καὶ
1617 2086 1678 2117 τοὺς
1703 2085 1783 2118 λαοὺς
1805 2087 1868 2119 τοὺς

1080 2129 1274 2159 ὲπισυστάντας
1300 2129 1370 2155 κατὰ
1392 2129 1422 2155 τὸ
1448 2129 1532 2161 πάθος
1559 2130 1607 2156 τοῦ
1631 2131 1757 2167 Σωτῆρος
1777 2132 1866 2167 ἡμῶν.

1080 2173 1220 2207 Μαρτυρεῖ
1232 2173 1259 2198 δὲ
1271 2172 1309 2207 τῷ
1328 2172 1398 2208 λόγῳ
1412 2174 1428 2208 ἡ
1445 2174 1475 2206 ἐξ
1488 2174 1569 2200 αὑτοῦ
1587 2175 1732 2210 προσώπου
1747 2176 1793 2202 τοῦ
1811 2176 1867 2203 Σω-

244 2221 354 2248 dicabat
367 2221 504 2256 principes
524 2221 631 2249 Judaiei
653 2224 756 2258 populi,
778 2231 883 2251 necnon
902 2224 1026 2250 multitu-

1081 2218 1161 2252 τῆρος
1175 2218 1204 2243 ἐν
1216 2222 1255 2244 κα¹
1270 2218 1369 2253 ψαλμῷ
1384 2219 1458 2254 φωνὴ
1471 2220 1610 2254 φάσκουσα
1620 2229 1626 2235 ·
1644 2230 1654 2246 ι
1671 2222 1730 2248 "Ott
1748 2222 1866 2249 ἑκύκλω⁴

243 2267 334 2294 dinem
364 2268 430 2303 ipsis
455 2268 592 2295 subditam
618 2276 679 2303 quae
705 2269 849 2297 adversum
881 2277 910 2297 se
934 2270 1027 2297 insur-

243 2314 325 2342 rexit.

281 2441 410 2476 «Dissipa
430 2445 524 2476 gentes
548 2436 694 2476 quaa'bella
715 2443 836 2470 volunt.»
860 2443 925 2476 Qua:
945 2453 1026 2480 supe-

242 2487 300 2515 rius
316 2486 452 2519 I'eruntur,
475 2487 509 2514 de
535 2488 702 2516 adversariis
726 2491 912 2524 potestatibus
940 2495 967 2518 et
993 2491 1027 2518 de

242 2533 411 2568 principibus
426 2533 584 2561 Iudreorum
616 2540 744 2562 enarrata
767 2540 851 2563 sunt:
878 2536 936 2563 haec
963 2545 1026 2563 vero

242 2578 275 2605 de
292 2578 411 2606 inimicis
433 2578 560 2607 Ecclesia:
584 2587 617 2607 ex
637 2580 804 2614 reliquarum
829 2582 951 2616 gentium
975 2590 1027 2608 nu-

242 2631 326 2651 mero.
346 2623 520 2659 Prospiciens
539 2633 656 2660 namque
674 2625 793 2660 Spiritus
808 2630 920 2654 sanctus
935 2635 982 2654 eos
992 2635 1025 2654 ex

242 2669 367 2704 gentibus
380 2669 426 2703 qui
445 2669 472 2696 in
496 2670 689 2697 incredulitate
712 2672 914 2706 perseveraturi
934 2676 1024 2704 erant,

242 2714 374 2743 adversus
388 2714 481 2742 ﬁdeles
493 2715 562 2742 bella
573 2720 601 2743 et
615 2717 820 2751 persecutiones
828 2722 951 2745 moturos
963 2726 1024 2745 esse

241 2764 338 2786 contra
358 2759 510 2788 Ecclesiam
532 2761 590 2791 Dei.
615 2763 774 2789 necessario
800 2763 851 2790 hac
875 2763 908 2790 de
930 2771 960 2791 re
984 2764 1024 2791 sic

241 2810 369 2839 precatur
387 2815 394 2832 :
415 2815 423 2831 ι
434 2806 541 2841 Dissipa
556 2812 651 2841 gentes
665 2815 725 2842 quae
740 2808 810 2835 bella
825 2809 946 2836 volunt.)
975 2809 1023 2837 His

241 2858 360 2890 namque
376 2851 528 2887 dissipatis,
548 2854 636 2887 gratia
652 2854 808 2889 evangelica
833 2855 922 2882 locum
937 2855 1022 2883 habe-

1079 2263 1127 2289 σάν
1149 2271 1181 2298 με
1205 2263 1299 2297 μόσχοι
1321 2263 1421 2296 πολλοὶ,
1447 2264 1542 2300 ταῦροι
1560 2266 1650 2297 πίονες
1663 2267 1806 2302 περιέσχον
1822 2277 1864 2303 με.

1080 2308 1205 2341 Ἦνοιξαν
1218 2310 1261 2334 ἐπ’
1276 2309 1327 2343 ὲμὲ
1343 2309 1373 2335 τὺ
1388 2309 1474 2344 στόμα
1491 2311 1590 2339 αὐτῶν.
1608 2321 1616 2337 ι
1634 2312 1672 2337 Δι’
1691 2309 1728 2338 ὧν
1747 2313 1867 2347 ᾐνίττετο

1077 2355 1139 2386 τοὺς
1152 2355 1284 2389 ἄρχοντας
1297 2355 1343 2381 τοῦ
1357 2355 1493 2382 Ἰουδαίων
1504 2356 1567 2383 λαοῦ
1588 2357 1635 2383 καὶ
1652 2357 1687 2384 τὰ
1703 2358 1747 2384 ὑπ’
1770 2358 1867 2391 αὐτοὺς

1079 2399 1167 2435 πλήθη
1180 2400 1214 2426 τὰ
1229 2400 1409 2427 ἑπισυστάντα
1424 2403 1483 2428 κατ’
1498 2403 1590 2430 αύτοῦ.

1115 2454 1124 2470 ι
1144 2446 1339 2481 Διασκόρπισον
1356 2446 1418 2481 ἔθνη
1440 2448 1472 2474 τὰ
1491 2449 1553 2480 τοὺς
1574 2449 1706 2484 πολέμους
1718 2449 1837 2478 θέλοντα.
1854 2461 1864 2477 ι

1076 2490 1116 2516 Τὰ
1132 2491 1180 2526 μὲν
1200 2491 1322 2527 ἀνώτερα
1345 2493 1409 2528 περὶ
1430 2493 1483 2520 τῶν
1502 2494 1696 2529 ἀντικειμένων
1714 2496 1866 2531 δυνάμεων,

1075 2536 1122 2562 καὶ
1147 2537 1209 2572 περὶ
1232 2537 1286 2564 τῶν
1310 2539 1447 2574 ἀρχόντων
1471 2539 1517 2566 τοῦ
1540 2540 1671 2567 Ἰουδαίων
1695 2541 1787 2573 ἔθνους
1807 2542 1867 2576 ὲδη-

1075 2581 1166 2615 λοῦτο,
1190 2582 1224 2608 τὰ
1242 2583 1270 2609 δὲ
1293 2584 1460 2619 προκείμενα
1482 2585 1546 2620 περὶ
1565 2585 1618 2611 τῶν
1639 2586 1668 2612 ὲν
1688 2587 1744 2618 τοῖς
1764 2587 1866 2617 λοιποῖς

1075 2627 1161 2654 ἔθνεσι
1179 2629 1314 2665 πολεμίων
1327 2630 1377 2665 τῆς
1400 2630 1573 2666 Ἑκκλησίας.
1595 2631 1702 2667 Ἐπειδὴ
1719 2631 1773 2667 γὸρ
1793 2632 1866 2668 ἑώρα

1075 2673 1105 2699 τὸ
1120 2674 1231 2709 Πνεῦμα
1247 2675 1277 2702 τὸ
1301 2675 1376 2715 ἆγιον
1399 2677 1461 2708 τοὺς
1484 2677 1511 2702 ὲν
1529 2677 1643 2712 ἀπιστίᾳ
1666 2677 1866 2712 ἀπομείναντας

1074 2719 1128 2746 τῶν
1154 2721 1237 2747 ἐθνῶν
1250 2722 1518 2757 ὲπαναστησομὲνους
1539 2724 1594 2754 τοῖς
1610 2725 1724 2755 πιστοῖς,
1745 2723 1792 2750 καὶ
1807 2724 1866 2750 διω-

1074 2766 1160 2800 γμοὺς
1181 2766 1249 2793 κατὰ
1277 2768 1325 2802 τῆς
1349 2768 1510 2802 Ἐκκλησίας
1531 2769 1578 2795 τού
1604 2769 1671 2796 Θεοῦ
1693 2771 1863 2805 κινήσοντας,

1075 2811 1229 2844 ἀναγκαίως
1253 2812 1299 2838 καὶ
1321 2813 1385 2847 περὶ
1406 2813 1499 2839 τούτου
1526 2813 1634 2848 εὕχεται
1656 2814 1749 2848 λέγον·
1772 2824 1780 2840 ι
1801 2816 1865 2841 Δια·
1890 2825 1894 2829 λ

1075 2857 1218 2892 σκόρπισον
1240 2858 1302 2893 ἔθνη
1329 2859 1362 2887 τὰ
1389 2860 1450 2891 τοὺς
1476 2860 1611 2896 πολέμους
1635 2860 1756 2888 θέλοντα.
1773 2871 1782 2887 ι
1800 2863 1861 2888 Δια-

274 2929 298 2944 "
309 2927 360 2956 Job
372 2936 415 2961 χι,
431 2928 475 2956 16.
513 2929 536 2945 ⁸³
550 2929 622 2958 Psal.
641 2938 677 2964 χι,
690 2930 717 2958 7.
755 2931 777 2948 ⁵⁷
789 2931 861 2960 Psal.
877 2939 939 2966 va,
957 2931 1001 2965 £0,

1081 2932 1150 2961 Psal.
1163 2942 1218 2968 xxi,
1234 2934 1278 2970 l5,
1292 2935 1335 2964 ﬂ.
