4128 6392
485 408 587 462 7l7

1609 412 2111 471 COMMENTARIA
2149 412 2217 471 IN
2254 412 2596 472 PSALMOS.

3617 411 3718 471 718

483 526 927 599 σκορπιζομένων
951 529 1059 602 γὰρ
1110 533 1333 598 τούτων,
1377 536 1410 604 ἡ
1458 535 1617 608 χάρις
1654 538 1687 607 ἡ
1734 538 2055 610 εὐαγγελικὴ

2164 537 2263 593 bit.
2324 536 2442 591 Jam
2486 536 2730 591 futurum
2787 542 2905 589 erat
2950 540 3010 587 ut
3048 532 3222 604 gratia
3272 537 3611 603 operaretur,
3652 530 3721 586 ab

477 620 662 694 χώραν
686 623 814 688 ἕξει.
849 626 1087 695 Ἤμελλε
1110 625 1202 679 τοῦ
1230 629 1468 699 ἐνεργεῖν
1500 628 1594 681 καὶ
1622 628 1681 692 ἐξ
1706 628 1885 681 αὐτῶν
1906 629 2058 700 πρώ-

476 731 584 767 των
639 714 899 786 ἄρχεσθαι
948 716 1056 769 τῶν
1107 718 1227 771 καθ’
1285 719 1584 791 ὑπερϐολὴν
1641 719 2054 791 εἰδωλολατρῶν.

475 805 764 873 Αἰγύπτιοι
794 808 850 860 δὲ
877 804 1016 881 ἦσαν
1054 812 1102 862 οἰ
1131 811 1346 865 πάντων
1396 810 1695 883 ἀνθρώπων
1722 814 1816 866 καὶ
1844 815 2059 867 πάντων

477 896 648 950 ἐθνῶν
670 898 1236 970 δεισιδαιμονέστατοι.
1260 903 1349 956 Διὸ
1374 902 1505 972 ἑξῆς
1520 904 1781 974 ἐπιλέγειο
1804 904 2058 969 «Ἥξουσι

478 989 738 1060 πρέσϐεις
764 990 823 1056 ἐξ
847 991 1139 1061 Αἰγύπτου.
1178 1015 1195 1044 ι
1229 996 1386 1048 Κατὰ
1425 996 1481 1048 δὲ
1504 997 1595 1049 τὸν
1633 997 1881 1063 Ἀκύλαν,
1920 1016 1937 1044 ι
1970 998 2060 1051 Οἰ-

478 1098 661 1135 σουσιν
686 1085 1066 1154 ἐσπευσμένως
1090 1086 1147 1153 ἐξ
1173 1086 1446 1155 Αἰγύπτου
1463 1106 1476 1120 '
1517 1108 1534 1139 ι
1562 1089 1703 1143 κατὰ
1726 1089 1782 1143 δέ
1801 1090 1891 1143 τὸν
1914 1090 1985 1143 Σύ
1994 1109 2061 1161 μ-

482 1191 672 1245 μαχον,
706 1195 725 1226 ι
749 1176 1080 1231 Ἐλθέτωσαν
1124 1181 1454 1248 ἐκφάναντες
1494 1183 1543 1234 οἱ
1590 1181 1647 1245 ἐξ
1701 1180 1995 1251 Αἰγύπτου.
2036 1202 2053 1234 ι

479 1266 590 1319 Καὶ
641 1266 701 1319 τὸ
751 1268 851 1337 μὲν
898 1271 1114 1323 πάντων
1163 1256 1561 1343 εἰδωλολατρῶν
1604 1274 1761 1340 γένος
1810 1272 1898 1326 διὰ
1951 1273 2059 1326 τῶν

477 1354 845 1425 ἐλευσομένων
868 1356 926 1423 ἐξ
956 1358 1229 1426 Αἰγύπτου
1264 1360 1359 1412 καὶ
1386 1361 1790 1431 διαϐησομένων
1828 1361 1921 1415 ἐπὶ
1960 1361 2059 1432 τὴν

476 1445 573 1499 τοῦ
611 1447 744 1501 Θεοῦ
769 1450 968 1517 γνῶσιν
1005 1450 1327 1522 δεδήλωται’
1365 1453 1451 1505 διὰ
1488 1453 1543 1506 δέ
1588 1454 1682 1508 τοῦ
1716 1454 1842 1525 ἐξῆς
1882 1455 2062 1508 ἐπιλε-

479 1531 731 1602 γομένου·
752 1552 770 1584 ι
790 1535 1039 1589 Αἰθιοπία
1059 1539 1359 1609 προφθάσει
1388 1543 1545 1611 χεῖρα
1570 1543 1738 1613 αὐτῆς
1758 1543 1835 1614 τῷ
1863 1543 2001 1615 Θεῷ,
2036 1565 2053 1596 ι

477 1622 547 1677 τὰ
579 1625 725 1696 ἄκρα
762 1627 861 1698 τῆς
904 1629 1012 1683 τῶν
1051 1630 1350 1700 ἀνθρώπων
1400 1633 1748 1705 οἰκουμένης.
1799 1635 2059 1706 Σημαίνει

476 1717 588 1788 γὰρ
631 1720 661 1771 ὁ
691 1718 868 1787 λόγος,
914 1722 990 1784 ὡς
1023 1723 1130 1793 ἄρα
1181 1722 1240 1787 ἐξ
1285 1725 1537 1777 ἁπάντων
1582 1726 1689 1778 τῶν
1740 1726 1908 1781 ἐθνῶν
1952 1728 2060 1782 τῶν

478 1809 572 1861 ἀπ’
601 1809 865 1881 ἀνατολῆς
890 1812 1041 1884 ἡλίου
1076 1814 1236 1885 μέχρι
1288 1816 1506 1886 δυσμῶν
1551 1817 1788 1887 ἥξουσιν,
1832 1819 1970 1874 κατά
1999 1822 2060 1875 τὸ

2158 629 2227 685 iis
2278 630 2553 699 prioribus
2606 643 2733 683 orsa
2782 627 2873 697 qui
2922 642 3086 698 supra
3144 624 3364 679 modum
3417 622 3720 677 idololatria

2158 729 2348 776 erant:
2390 719 2631 790 Egyptii
2667 726 2845 773 autem
2879 718 2955 772 illi
2998 725 3154 773 erant
3195 716 3437 772 omnium
3477 714 3719 785 gentium

2159 828 2223 866 ac
2251 814 2575 883 pepulerunt
2608 810 3154 881 superstitiosissimi.
3188 807 3367 874 Quare
3383 813 3575 877 postea
3600 804 3724 859 subo

2155 905 2336 975 jungit
2375 924 2388 959 :
2433 924 2450 957 ι
2482 904 2711 959 Venient
2754 903 2914 973 legati
2965 918 3029 955 ex
3079 900 3367 972 Egypto.»
3412 897 3721 953 Secundum

2159 999 2410 1067 Aquilam
2447 1013 2598 1058 vero,
2655 1016 2673 1047 ι
2700 995 2898 1050 Ferent
2945 992 3268 1048 festinanter
3292 1007 3355 1046 ex
3392 989 3628 1060 zEgypto
3654 1006 3669 1053 ;
3697 1005 3716 1038 ι

2161 1090 2460 1144 secundum
2517 1087 2927 1160 Symmachum,
2984 1084 3261 1140 «Veniant
3314 1082 3599 1137 etl‘erentes
3655 1095 3723 1133 ex

2161 1180 2447 1252 [Egyptoa
2483 1180 2788 1249 Totumque
2829 1180 3238 1233 idololatrarum
3269 1190 3462 1247 genus,
3497 1189 3590 1244 per
3627 1186 3723 1227 eos

2160 1275 2253 1342 qni
2290 1288 2354 1327 ex
2391 1272 2624 1343 Aigvpto
2655 1272 2893 1334 ventdri,
2939 1278 2993 1324 et
3028 1269 3093 1323 ad
3129 1268 3218 1323 Dei
3250 1268 3498 1321 notitiam
3550 1275 3724 1319 trans.

2161 1365 2289 1418 ituri
2319 1371 2465 1427 sunt,
2500 1364 2809 1430 indicatur;
2843 1379 2942 1434 per
2985 1363 3036 1415 id
3067 1375 3197 1415 vero
3238 1358 3380 1428 quod
3416 1372 3541 1411 mox
3570 1355 3725 1409 addi-

2161 1464 2286 1510 tur:
2337 1475 2354 1507 ι
2378 1455 2655 1525 ᾸΞιιιίορῑιι
2685 1455 2926 1524 porriget
2978 1466 3196 1506 manum
3223 1464 3376 1505 suam
3411 1448 3541 1512 Deo,
3573 1467 3590 1499 ι
3630 1458 3725 1500 ex-

2161 1555 2331 1603 trema
2363 1548 2511 1602 orbis
2547 1544 2945 1617 significantur.
2990 1544 3307 1599 Declaratur
3330 1556 3495 1612 porro
3515 1554 3581 1594 ex
3608 1539 3729 1592 uni-

2159 1639 2333 1693 versis
2365 1638 2617 1708 gentibus
2645 1638 2715 1691 ab
2747 1638 2957 1691 oriente
2996 1636 3111 1691 sole
3143 1648 3316 1703 usque
3359 1631 3427 1685 ad
3470 1629 3728 1685 occiden-

2160 1737 2270 1784 tem
2304 1745 2627 1785 accessuros
2677 1744 2819 1792 esse,
2870 1736 2930 1781 ut
2963 1727 3093 1781 alibi
3143 1725 3348 1780 dicitur
3382 1742 3396 1778 :
3434 1741 3453 1773 ι
3476 1720 3728 1776 Remini-

2162 1831 2384 1877 scentur
2409 1831 2462 1876 et
2498 1828 2886 1875 convertentur
2912 1819 2979 1873 ad
3008 1817 3295 1873 Dominum
3329 1802 3570 1871 universi
3592 1813 3727 1868 lines

477 1901 685 1970 φάσκον
721 1905 777 1958 ἐν
813 1906 1022 1977 ἑτέροις
1048 1906 1255 1975 λόγιον·
1297 1927 1315 1959 ι
1350 1910 1764 1981 Μνησθήσονται
1798 1913 1892 1964 καί¹
1938 1914 2055 1965 ἐπι-

2160 1917 2319 1964 terrae
2362 1928 2377 1964 :
2424 1916 2478 1964 et
2525 1908 2830 1963 adorabunt
2857 1909 2911 1960 in
2945 1913 3243 1976 conspectu
3285 1905 3406 1975 ejus
3435 1902 3726 1961 tunivcrsa:

478 1996 880 2066 στραφήσονται
931 1999 1065 2068 πρὸς
1117 2000 1322 2071 Κύριον
1370 2001 1545 2055 πάντα
1594 2002 1662 2054 τὰ
1706 2003 1919 2073 πέρατα
1954 2005 2053 2075 τῆς

474 2088 597 2157 γῆς,
626 2089 721 2141 καὶ
767 2093 1233 2162 προσκυνήσουσιν
1284 2091 1512 2145 ἐνώπιον
1558 2095 1722 2148 αὐτοῦ
1780 2098 1947 2158 πᾶσαι
1991 2099 2051 2153 αἰ

475 2181 701 2250 πατριαὶ
748 2181 856 2233 τῶν
901 2182 1088 2235 ἐθνῶν.
1125 2203 1143 2236 ι
1182 2185 1335 2237 Κατά
1378 2186 1434 2238 δέ
1472 2187 1562 2239 τὸν
1606 2188 1862 2242 Ἀκύλαν·
1900 2208 1918 2240 ι
1955 2192 2051 2243 Αἰ·-

474 2269 618 2341 θίοψ,
644 2274 797 2343 φησὶ,
828 2274 1096 2345 δρομώσει
1121 2279 1276 2347 χεῖρα
1299 2278 1463 2331 αὑτοῦ
1488 2279 1565 2349 τῷ
1593 2278 1737 2350 Θεῷο
1777 2300 1795 2332 ι
1830 2281 1969 2335 κατά
1995 2282 2052 2334 δὲ

474 2362 563 2415 τὸν
595 2364 918 2435 Σύμμαχονο
952 2385 971 2416 ι
1012 2367 1263 2420 Αἰθιοπία
1310 2370 1596 2423 σπευσάτω
1641 2369 1854 2423 διδοῦσα
1895 2374 2053 2441 χεῖρα

473 2452 552 2522 τῷ
584 2452 720 2524 Θεῷ.
763 2475 779 2505 ι
818 2456 971 2508 Ἔστι
1015 2457 1073 2510 δὲ
1126 2460 1219 2512 καὶ
1272 2459 1412 2513 κατά
1469 2461 1567 2530 τὴν
1610 2462 1846 2534 ἱστορίαν
1895 2462 2052 2515 τοῦτο

474 2543 862 2615 πεπληρῶσθαι
898 2548 1063 2615 φάναι
1102 2549 1193 2601 ἐπὶ
1222 2549 1314 2602 τοῦ
1348 2550 1623 2615 Αἰθίοπος,
1654 2545 1714 2604 οὗ
1752 2552 2052 2623 μέμνηνται

471 2634 581 2687 τῶν
612 2635 921 2689 ἀποστόλων
953 2641 1007 2691 αἰ
1042 2639 1295 2710 Πράξεις.
1344 2642 1539 2711 Σχεδὸν
1571 2642 1679 2713 γὰρ
1712 2642 2052 2715 προέφθασεν

472 2719 626 2791 οὗτος
659 2728 728 2781 τὰ
772 2728 932 2782 λοιπὰ
966 2729 1115 2801 ἔθνη,
1170 2732 1527 2798 καταξιωθεὶς
1560 2734 1665 2804 πρὸ
1707 2736 1921 2789 πάντων
1953 2736 2054 2806 τῆς

471 2819 725 2889 γνώσεως
750 2821 844 2875 τοῦ
872 2823 1141 2895 Σωτῆρος.
1175 2824 1359 2888 Ὅπως
1383 2825 1438 2878 δέ
1476 2826 1570 2879 καὶ
1612 2828 1865 2898 πρέσϐεις
1892 2824 2053 2899 ἦλθον

472 2909 534 2974 ἐξ
578 2910 852 2979 Αἰγύπτου
887 2913 1029 2967 κατά
1072 2914 1170 2985 τὴν
1216 2917 1488 2986 ἱστορίαν,
1532 2918 1691 2971 πάλιν
1728 2921 1784 2973 αἰ
1819 2920 2054 2992 Πράξεις

472 3000 581 3053 τῶν
632 3001 940 3056 ἀποστόλων
986 3004 1254 3077 δηλοῦσιν,
1308 3009 1364 3059 ἐν
1416 3002 1503 3072 αἶς
1555 3009 1784 3080 εἴρηται,
1832 3011 1907 3074 ὡς
1947 3013 2053 3084 ἄρα

474 3094 615 3147 κατὰ
660 3094 758 3166 τὴν
806 3097 1016 3168 ἡμέραν
1064 3098 1164 3167 τῆς
1212 3100 1587 3171 Πεντηκοστῆς
1628 3097 1690 3153 τὸ
1735 3102 1958 3174 Πνεῦμα
1993 3105 2054 3157 τὸ

473 3181 628 3253 ἅγιον
668 3187 952 3259 ἐπλήρωσε
991 3189 1081 3242 τὸν
1125 3186 1271 3244 οἷκον
1315 3190 1442 3243 ἔνθα
1472 3188 1611 3263 ἦσαν
1652 3194 1702 3245 oi
1746 3195 2050 3260 ἀπόστολοι,

2160 2001 2381 2056 familiae
2411 1989 2721 2071 gentium”.
2752 2019 2768 2050 ι
2791 1998 3101 2053 Secundum
3120 1995 3369 2066 Aquilam
3398 2012 3453 2049 ιι
3473 1994 3727 2064 Ᾰίιίιίορε

2159 2108 2449 2148 accurrere
2490 2091 2652 2145 faciet
2709 2105 2929 2143 manum
2978 2104 3133 2143 suam
3184 2087 3326 2153 Deo;
3358 2106 3376 2138 ι
3422 2084 3722 2142 secundum

2162 2182 2596 2254 Symmachum:
2634 2180 2953 2250 «IEthiopia
3018 2179 3239 2235 festinet
3311 2178 3442 2233 dare
3500 2190 3726 2231 manum

2160 2275 2323 2330 Deo.»
2366 2274 2446 2328 Ex
2474 2275 2705 2329 historia
2742 2289 2906 2343 porro
2956 2273 3079 2327 licet
3128 2287 3250 2326 eam
3288 2285 3404 2326 rem
3448 2269 3725 2339 impletam

2159 2368 2345 2422 dicere
2379 2366 2432 2420 in
2468 2364 2748 2435 ιίΕιίιίορε,
2776 2365 2938 2433 cujus
2968 2363 3298 2417 mentionem
3338 2361 3543 2415 habent
3589 2358 3725 2413 Acta

2160 2458 2554 2529 apostolorum.
2620 2456 2742 2526 Ipse
2794 2470 3030 2524 namque
3082 2459 3310 2507 caeteras
3355 2460 3547 2521 gentes
3609 2448 3722 2503 fere

2164 2549 2445 2620 pravenit,
2478 2548 2783 2603 Salvatoris
2813 2548 3127 2617 cognitione
3155 2552 3282 2599 ante
3324 2559 3513 2599 omnes
3538 2542 3730 2613 digna-

2159 2650 2269 2695 tus.
2312 2638 2598 2705 Quomodo
2632 2648 2813 2692 autem
2864 2637 3023 2708 legati
3073 2636 3323 2691 venerint
3367 2649 3432 2688 ex
3464 2632 3725 2704 Egypto,

2160 2747 2381 2787 rursum
2432 2738 2694 2786 enarrant
2744 2729 2881 2784 Acta
2936 2729 3332 2798 apostolorum,
3383 2725 3477 2780 ubi
3503 2723 3727 2787 dicitur,

2160 2825 2217 2879 in
2257 2824 2344 2879 die
2395 2821 2749 2878 Pentecostes
2808 2819 3073 2891 Spiritum
3126 2830 3377 2875 sanctum
3434 2818 3732 2888 replevisse

2160 2914 2403 2977 domum,
2435 2912 2528 2967 ubi
2564 2919 2723 2966 erant
2757 2913 3013 2980 apostoli,
3059 2910 3381 2980 sedisseque
3410 2923 3577 2978 supra
3611 2923 3732 2963 om-

2161 3022 2261 3063 nes
2315 3006 2411 3076 qui
2465 3005 2715 3060 aderant.
2756 3002 2815 3057 In
2861 3004 3062 3073 quibus
3105 3010 3262 3058 erant
3310 3001 3518 3065 Parthi,
3563 2999 3726 3063 Medi,
3836 2996 3839 2997 ⁷

2162 3097 2423 3162 Elamitaa,
2479 3106 2533 3152 et
2580 3095 2674 3165 qui
2732 3095 3052 3149 habitabant
3121 3093 3590 3164 MeSOpotamiam,
3632 3090 3733 3145 Ju--

2161 3189 2331 3243 datam
2383 3195 2437 3241 et
2485 3187 2910 3258 Cappadociam,
2948 3184 3187 3238 Pontum
3216 3193 3269 3239 et
3301 3184 3513 3249 Asiam,
3555 3182 3729 3254 Phry-

475 3274 694 3332 ἐκάθισέ
721 3297 781 3331 τε
814 3281 906 3333 ἐπὶ
941 3282 1065 3344 τοὺς
1095 3282 1367 3353 παρόντας
1402 3262 1675 3348 ἅπαντας·
1710 3288 1766 3339 ἐν
1797 3282 1878 3350 οἷς
1918 3283 2055 3358 ἦσαν

2160 3281 2301 3352 giam
2333 3288 2389 3336 et
2436 3279 2837 3350 Pamphyliam,
2876 3277 3172 3349 IEgyptum
3214 3284 3269 3331 et
3326 3283 3511 3347 partes
3546 3274 3730 3346 Libyae

475 3369 681 3444 Πάρθοι
715 3372 809 3424 καὶ
841 3372 1017 3442 Μῆδοι
1056 3374 1148 3427 καὶ
1192 3374 1475 3445 Ἐλαμῖται
1523 3378 1616 3428 καὶ
1657 3379 1705 3430 οἰ
1746 3380 2060 3433 κατοικοῦν-

474 3479 567 3527 τες
603 3462 702 3536 τὴν
747 3466 1202 3535 Μεσοποταμίαν,
1238 3467 1497 3520 Ἰουδαίαν
1529 3486 1590 3521 τε
1635 3472 1729 3523 καὶ
1767 3473 2060 3527 Καππαδο-

476 3557 619 3621 κίαν,
652 3556 854 3611 Πόντον
901 3559 995 3611 καὶ
1036 3558 1134 3629 τὴν
1171 3560 1373 3624 Ἀσίαν,
1405 3562 1643 3632 Φρυγίαν
1673 3580 1734 3615 τε
1772 3564 1863 3616 καὶ
1900 3565 2059 3635 Παμ-

477 3646 692 3715 φυλίαν,
726 3644 998 3714 Αἴγυπτον
1030 3649 1123 3700 καὶ
1150 3648 1219 3700 τὰ
1261 3649 1399 3720 μέρη
1434 3651 1533 3720 τῆς
1565 3650 1769 3722 Λιϐύης
1792 3653 1892 3723 τῆς
1918 3653 2061 3707 κατὰ

476 3738 755 3809 Κυρήνην.
802 3731 961 3791 Οὗτοι
1012 3739 1074 3810 δὴ
1124 3738 1217 3793 οὖν
1271 3740 1469 3804 πάντες
1512 3740 1753 3813 ὡσπερεὶ
1802 3744 2061 3813 πρέσϐεις

476 3832 768 3901 ἐτύγχανον
825 3832 930 3885 τῶν
980 3833 1181 3897 ἐθνῶν,
1233 3835 1335 3905 τῆς
1381 3837 1474 3890 τοῦ
1531 3838 1685 3906 ἁγίου
1746 3838 2062 3908 Πνεύματος

478 3921 732 3993 ἀπαρχῆς
789 3923 1202 3993 κατηξιωμένοι.
1247 3924 1407 3978 Ἀλλά
1457 3926 1565 3996 γὰρ
1622 3926 1760 3997 μετὰ
1819 3928 1944 3990 τοὺς
2001 3927 2060 3992 ἐξ

480 4014 780 4082 Αἰγύπτου,
829 4015 924 4068 καὶ
972 4015 1109 4085 μετά
1158 4017 1256 4087 τὴν
1314 4016 1706 4088 προφθάσασαν
1755 4018 2056 4085 Αἰθιοπίαν,

479 4106 608 4177 ἑξῆς
641 4109 696 4160 αἰ
726 4106 909 4160 λοιπαὶ
952 4107 1216 4178 βασιλεῖαι
1258 4110 1357 4179 τῆς
1386 4111 1489 4179 γῆς
1518 4110 1826 4174 καλοῦνται,
1861 4111 2058 4183 δηλαδὴ

481 4199 575 4251 καὶ
601 4199 668 4251 τά
700 4199 802 4251 ὑπὸ
830 4199 1051 4263 ταύταις
1084 4199 1233 4271 έθνη.
1264 4198 1355 4253 Διὸ
1390 4202 1733 4270 ἐπιλέγεται·
1763 4222 1781 4253 ι
1811 4204 1876 4257 Αἰ
1909 4204 2061 4273 βασι-

478 4288 617 4341 λεῖαι
642 4289 740 4359 τῆς
779 4290 902 4359 γῆς,
954 4289 1120 4359 ᾄσατε
1161 4288 1239 4360 τῷ
1269 4288 1406 4360 Θεῷ,
1441 4289 1647 4359 ψάλατε
1678 4290 1755 4361 τῷ
1782 4292 1989 4363 Κυρίῳ.
2034 4312 2053 4343 ι

486 4381 555 4431 Ἀ
595 4380 690 4432 καὶ
727 4379 834 4432 οὐδ’
873 4379 1044 4444 ἄλλως
1084 4381 1117 4451 ἢ
1176 4379 1263 4433 διά
1313 4382 1479 4451 μόνης
1525 4382 1625 4451 τῆς
1669 4381 1761 4435 τοῦ
1809 4384 2059 4454 Σωτῆρος

481 4469 637 4541 ἡμῶν
668 4469 1015 4534 διδασκαλίας
1049 4472 1234 4535 τέλους
1278 4474 1591 4543 ἐτύγχανεν.
1630 4475 1743 4527 Οὐκ
1784 4474 1929 4528 ἐστιν
1967 4472 2057 4529 οὖν

478 4562 650 4627 ἔθνος,
693 4564 755 4616 οὐ
802 4562 973 4635 χώρα,
1024 4565 1084 4616 οὐ
1138 4564 1292 4632 γένος
1341 4565 1661 4638 ἀνθρώπων,
1709 4569 1770 4620 οὐ
1814 4568 2057 4637 βασιλεία

2159 3373 2309 3427 circa
2338 3370 2690 3442 Cyrenem”.
2733 3368 2799 3423 lli
2830 3370 2996 3440 igitur
3030 3383 3224 3433 omnes
3268 3383 3368 3421 ceu
3405 3367 3566 3437 legati
3595 3382 3727 3436 gen-

2159 3469 2294 3522 tium
2354 3473 2530 3530 erant,
2581 3464 2819 3535 Spiritus
2867 3464 3039 3518 sancti
3077 3460 3331 3532 primitiis
3371 3459 3574 3514 donati.
3624 3462 3723 3513 At~

2163 3562 2308 3615 enim
2342 3566 2469 3630 post
2485 3557 2795 3629 IEgyptios,
2838 3562 2961 3627 post
3003 3553 3339 3623 EthiOpiam
3374 3567 3494 3622 qua:
3524 3566 3729 3621 praeve-

2159 3661 2338 3716 nerat,
2381 3660 2575 3706 caetera
2604 3648 2803 3705 deinde
2849 3664 3013 3719 regna
3052 3658 3210 3702 terrae
3239 3651 3529 3707 vocantur,
3577 3642 3727 3697 vide-

2160 3744 2289 3798 licet
2368 3750 2559 3811 gentes
2623 3742 2691 3796 iis
2748 3740 3029 3808 subjectae.
3105 3736 3285 3803 Quare
3342 3734 3726 3804 subjungitur:

2166 3834 2394 3905 «Regna
2448 3845 2629 3901 terrai,
2687 3841 2903 3888 cantate
2960 3831 3091 3896 Deo,
3161 3830 3377 3901 psallite
3437 3826 3723 3881 Domino.»

2162 3928 2293 3994 Quae
2324 3943 2432 3983 non
2486 3927 2595 3980 alio
2643 3925 2804 3980 modo
2849 3940 3012 3994 quam
3062 3938 3159 3993 per
3205 3937 3368 3977 unam
3420 3919 3730 3975 Servatoris

2159 4022 2335 4077 nostri
2384 4019 2693 4075 doctrinam
2737 4017 2899 4072 tinem
2955 4021 3308 4085 acceperunt.
3348 4011 3511 4066 Nulla
3562 4011 3732 4081 igitur

2161 4128 2313 4183 gens,
2341 4111 2489 4165 nulla
2521 4111 2693 4181 regio,
2715 4109 2929 4163 nullum
2960 4123 3134 4177 genus
3175 4107 3479 4169 hominum,
3507 4104 3724 4159 nullum

2160 4206 2218 4258 in
2251 4210 2365 4257 toto
2394 4202 2525 4257 orbe
2552 4216 2803 4271 regnum,
2850 4200 2906 4253 in
2946 4215 3056 4269 quo
3086 4216 3195 4255 non
3228 4199 3416 4269 populi
3451 4197 3560 4254 Deo
3591 4212 3728 4252 con—

2160 4296 2368 4369 gregali
2390 4297 2607 4366 jussum
2637 4305 3035 4366 exsequantur.
3091 4293 3191 4347 Hic
3215 4308 3347 4348 vero
3378 4308 3596 4348 rursum
3639 4308 3735 4346 cao

2160 4403 2289 4443 nere
2336 4386 2467 4451 Deo,
2522 4387 2754 4457 psallere
2796 4386 3024 4441 Domino
3069 4385 3246 4454 jubet.
3297 4400 3404 4439 non
3455 4400 3552 4454 per
3600 4384 3732 4438 illud

2160 4486 2395 4549 quatuor
2420 4479 2727 4532 litterarum
2760 4492 2979 4540 nomen,
3031 4476 3125 4533 sed
3158 4493 3225 4532 eo
3269 4476 3363 4546 qui
3413 4477 3732 4545 vulgaribus

2161 4572 2446 4627 elementis
2488 4571 2827 4627 enuntiatur.
2868 4569 3043 4639 Atque
3089 4576 3148 4623 ut
3191 4569 3396 4623 clarius
3428 4568 3733 4638 perspicia-

478 4653 602 4707 καθ’
644 4654 770 4727 ὅλης
800 4656 898 4727 τῆς
941 4657 1282 4726 οἰκουμένης,
1316 4657 1443 4712 ἔνθα
1493 4658 1612 4729 οὐχὶ
1660 4658 1776 4712 λαοὶ
1818 4659 1896 4730 τῷ
1937 4660 2055 4731 Θεῷ

2160 4680 2281 4719 mus
2312 4664 2434 4735 quis
2476 4664 2547 4719 sit
2586 4664 2675 4719 ille
2704 4663 2987 4727 Dominus,
3041 4661 3264 4717 subdit:
3305 4679 3324 4712 ι
3352 4660 3453 4727 Qui
3487 4659 3733 4714 ascendit

480 4747 767 4810 συστάντες
798 4748 859 4800 τὸ
890 4748 1165 4819 κέλευσμά
1196 4749 1617 4821 ἀποπληροῦσιν.
1642 4751 1808 4806 Πάλιν
1838 4753 1895 4806 δὲ
1929 4755 2057 4809 κάν-

478 4837 650 4891 ταῦθα
678 4838 822 4911 ᾅδειν
853 4840 951 4909 μὲν
980 4840 1304 4912 προστάττει
1331 4841 1412 4911 τῷ
1444 4841 1582 4911 Θεῷ,
1621 4843 1840 4912 ψάλλειν
1882 4845 1938 4898 δὲ
1976 4845 2055 4914 τῷ

478 4930 667 5002 Κυρίῳ
682 4932 779 5002 οὐχ
801 4932 884 4985 ἵνα
904 4934 978 5003 (l)
996 4932 1088 4985 τοῦ
1105 4935 1552 5006 τετραγράμμου,
1567 4935 1644 5005 τῷ
1659 4936 1714 4988 δὲ
1732 4938 2056 5009 κοινοτέροις

482 5023 761 5092 στοιχείοις
806 5024 1118 5095 δηλουμένῳ
1158 5026 1401 5096 ὀνόματι.
1437 5028 1548 5081 Καὶ
1587 5028 1675 5081 ἵνα
1727 5029 2053 5099 σαφέστερον

478 5114 693 5185 γνῶμεν
708 5114 789 5179 τίς
805 5134 933 5169 ποτε
953 5114 1020 5188 ῆν
1040 5113 1193 5181 οὗτος
1211 5119 1240 5170 ὀ
1265 5118 1487 5189 Κύριος,
1506 5120 1860 5175 ἐπισυνάπτει
1880 5120 2054 5190 λέγων

479 5211 635 5281 ἐξῆς·
672 5230 691 5263 ι
722 5212 811 5283 Τῷ
858 5214 1207 5284 ἐπιϐεϐηκότι
1249 5215 1341 5267 ἐπὶ
1384 5216 1475 5269 τὸν
1509 5216 1733 5287 οὐρανὸν
1763 5216 1855 5270 τοῦ
1888 5218 2053 5289 οὐρα-

479 5302 571 5355 νοῦ
622 5304 763 5358 κατά
805 5306 1100 5370 ἀνατολάς·
1157 5327 1175 5358 ι
1229 5308 1431 5376 σφόδρα
1479 5308 1815 5371 ἀκολούθως
1869 5309 2053 5380 ἐπειδὴ

477 5392 588 5464 γὰρ
633 5394 722 5448 διὰ
776 5395 885 5449 τῶν
938 5397 1193 5468 ἀνωτέρω
1241 5398 1457 5469 εἴρητο·
1492 5417 1511 5450 ι
1558 5400 1934 5469 Ὀδοποιήσατε
1978 5399 2055 5470 τῷ

478 5484 827 5555 ἐπιϐεϐηκὸτι
886 5488 979 5540 ἐπὶ
1034 5488 1275 5559 δυσμῶν,
1330 5491 1532 5561 Κύριος
1588 5490 1758 5561 ὄνομα
1814 5490 1991 5561 αὐτῷ·
2032 5511 2050 5542 ι

479 5574 783 5640 ἀκολούθως
806 5576 896 5631 διά
935 5578 1045 5631 τῶν
1074 5579 1212 5649 μετά
1245 5581 1432 5650 χεῖρας
1460 5581 1640 5633 οὐκέτι
1671 5580 2055 5652 ἐπιϐεϐηκέναι

483 5668 641 5721 αὐτὸν
680 5669 772 5751 ἐπὶ
814 5670 1031 5741 δυσμῶν
1064 5688 1248 5743 φησιν,
1280 5672 1392 5726 ἀλλ’
1423 5674 1514 5726 ἐπὶ
1547 5672 1637 5726 τὸν
1670 5674 1895 5745 οὺρανδν
1935 5677 2053 5729 κατ’

550 5780 596 5811 ⁸⁸
619 5779 766 5837 Psai.
799 5794 914 5847 XXI,
945 5786 1035 5842 28.
1113 5788 1155 5818 ⁸⁸
1183 5788 1303 5843 Act.
1338 5798 1398 5853 tt,
1431 5786 1579 5843 1-10.

554 5875 596 5946 (ι
610 5880 626 5945 )
649 5874 788 5947 Lege
813 5877 874 5929 οὐ
904 5877 1007 5932 διά.

2165 4772 2328 4827 super
2358 4757 2555 4811 caelum
2592 4756 2719 4810 coeli
2749 4756 3148 4811 ad‘orientem:
3180 4773 3198 4805 ›
3244 4752 3406 4821 idque
3435 4750 3728 4805 admodum

2162 4857 2579 4918 consequenter,
2604 4849 2729 4918 quia
2759 4848 3010 4918 superius
3042 4846 3249 4900 dictum
3282 4845 3419 4897 t‘uit:
3460 4861 3478 4894 ι
3510 4844 3617 4897 lter
3653 4841 3733 4895 fa-

2163 4941 2271 4997 cile
2296 4942 2342 4995 ei
2367 4941 2460 5009 qui
2487 4941 2733 4996 ascendit
2757 4956 2920 5011 super
2941 4953 3218 4999 occasum,
3249 4935 3510 4989 Dominus
3531 4949 3728 4988 nomen

2162 5032 2293 5088 illi.»
2337 5033 2380 5086 E
2410 5049 2471 5088 re
2522 5035 2578 5087 in
2625 5033 2877 5104 praesenti
2924 5045 3035 5085 non
3085 5030 3161 5083 ait
3189 5029 3368 5098 ipsum
3414 5026 3731 5081 ascendisse

2160 5142 2324 5197 super
2368 5140 2646 5188 occasum,
2706 5125 2800 5180 sed
2852 5120 3016 5193 super
3070 5121 3269 5177 cmlum
3313 5117 3380 5172 ad
3433 5119 3727 5172 orientem.

2158 5218 2263 5273 Par
2292 5219 2490 5289 quippe
2526 5225 2644 5274 erat
2678 5232 2778 5271 nos
2815 5216 2909 5286 qui
2950 5215 3277 5270 descensum
3318 5212 3439 5279 ejus
3481 5210 3726 5265 edidice-

2159 5326 2366 5374 ramus,
2411 5300 2643 5365 reditum
2698 5312 2824 5363 item
2874 5306 3113 5362 edoceri.
3178 5304 3492 5359 Descensus
3536 5302 3723 5371 itaque

2161 5412 2221 5457 ut
2264 5402 2489 5459 .deitatis
2531 5416 2644 5457 suae
2676 5401 2882 5455 lumina
2914 5399 3219 5455 occultaret
3250 5395 3318 5450 ad
3355 5409 3610 5449 occasum
3645 5392 3728 5446 fa-

2161 5501 2287 5547 ctus
2310 5503 2422 5559 est;
2468 5506 2731 5547 ascensus
2762 5498 2943 5545 autem
2992 5487 3114 5560 ejus
3141 5488 3208 5543 ad
3248 5488 3446 5542 coelum
3476 5486 3625 5548 caeli,
3658 5486 3725 5538 ad

2167 5584 2455 5648 orientem,
2491 5585 2561 5639 ob
2595 5583 2890 5654 gloriosam
2949 5582 3070 5652 ejus
3108 5582 3165 5636 in
3221 5579 3419 5635 ccelum
3460 5577 3726 5647 remigra—

2163 5676 2384 5731 tionem.
2425 5673 2540 5730 Hoc
2572 5690 2734 5745 porro
2763 5673 2968 5728 dictum
2999 5672 3249 5744 exemplo
3275 5671 3407 5727 solis
3431 5668 3726 5738 intelligas.
