4128 6392
308 444 311 445 ,
424 392 524 448 7i9

1101 385 1369 442 EUSEBll
1406 382 1878 443 CESARI'ENSIS
1916 382 2063 441 OPP.
2102 381 2285 438 PARS
2322 380 2407 438 Ill.
2445 408 2515 424 --
2545 381 2958 439 EXEGETICA.

3558 384 3663 439 720

423 509 577 563 Sicut
618 503 766 559 enim
809 503 892 558 sol
928 502 980 555 in
1022 500 1306 555 occidente
1336 501 1551 555 occulte
1592 499 1974 570 progreditur,

2100 497 2365 562 ἱνατολάς.
2416 498 2563 551 Ἔδει
2597 499 2703 569 γὰρ
2732 499 2905 569 ἡμᾶς,
2935 496 3033 568 τὴν
3073 494 3293 549 κάθοδον
3330 496 3494 550 αὑτοῦ
3528 512 3663 570 προ·

416 594 719 664 deindeque
748 601 1036 663 postquam
1062 591 1129 646 ad
1164 591 1487 645 orientalem
1516 591 1856 645 horizontem
1884 590 1980 643 ad-

417 689 587 753 venit,
631 693 777 741 reota
811 685 865 739 in
895 684 1037 739 caelo
1068 683 1262 753 pergit,
1312 683 1497 736 omnia
1530 683 1868 746 illuminans,
1903 682 1985 735 lu-

419 778 709 845 cidamque
736 776 881 829 diem
913 774 1173 838 elﬁciens,
1224 772 1413 827 eadem
1462 772 1676 825 ratione
1720 770 1983 825 Dominus

422 868 511 922 hic
537 867 880 929 enuntiatus,
912 865 1004 935 qui
1044 872 1289 935 tempore
1334 863 1613 933 passionis
1656 868 1709 915 et
1763 860 1981 922 mortis,

421 974 702 1020 occasum,
730 967 787 1010 ut
818 958 892 1011 ita
933 956 1135 1019 dicam,
1172 955 1395 1019 fecerat,
1429 964 1717 1024 postquam
1746 953 1986 1023 regionis

420 1050 570 1105 illius
596 1064 819 1104 cursum
852 1047 1201 1109 confecisset,
1232 1054 1418 1116 postea
1441 1046 1643 1100 dicitur
1672 1045 1987 1101 ascendisse

421 1158 587 1212 Super
620 1142 823 1197 emtum
853 1141 978 1195 celi
1028 1140 1095 1193 ad
1141 1141 1426 1193 orientem.
1473 1136 1785 1192 Secundum
1815 1137 1989 1207 Aqui-

421 1235 530 1288 lam
558 1250 721 1289 vero:
748 1252 765 1284 ι
789 1233 892 1298 Qui
922 1231 1166 1287 ascendit
1196 1231 1249 1284 in
1280 1230 1476 1286 crelum
1508 1230 1631 1283 caeli
1657 1229 1725 1283 ab
1747 1229 1903 1283 initio
1924 1246 1943 1295 ;
1964 1248 1982 1280 ι

2092 590 2493 661 μεμαθηκότας,
2519 590 2628 643 «καὶ
2670 590 2764 661 τὴν
2796 589 3056 643 ἐπάνοδον
3088 586 3419 658 διδαχθῆναι.
3462 588 3526 641 Ἦ
3570 590 3666 658 μὲν

2090 677 2180 734 οὖν
2209 681 2429 744 κάθοδος
2474 680 2562 733 διὰ
2608 680 2702 733 τοῦ
2754 680 3048 735 καλύπτειν
3091 678 3258 734 αὑτοῦ
3289 681 3356 732 τὰ
3382 678 3534 748 φῶτα
3569 682 3667 748 τῆς

2092 772 2340 841 θεότητος
2381 774 2473 826 ἐπὶ
2520 772 2740 842 δυσμῶν
2788 773 3031 841 ἐγίνετοο
3067 775 3100 843 ὴ
3141 772 3197 825 δὲ
3236 772 3419 835 ἄνοδος
3448 771 3545 823 ἐπὶ
3576 771 3668 823 τὸν

2090 863 2313 935 οὐρανὸν
2346 862 2438 915 τοῦ
2464 861 2696 934 ούρανοῦ
2743 864 2861 916 κατ’
2895 863 3154 926 ἀνατολὰς
3204 862 3293 916 διὰ
3333 861 3432 933 τὴν
3465 862 3670 929 ἔνδοξον

2092 952 2255 1005 αὑτοῦ
2302 954 2380 1015 εἰς
2434 952 2690 1022 οὐρανοὺς
2728 952 3184 1006 ἀποκατάστασιν.
3242 953 3473 1022 Νοήσεις
3518 952 3575 1004 δὲ
3609 950 3670 1004 τὸ

2091 1044 2409 1114 λελεγμένον
2444 1046 2515 1097 ἐκ
2565 1044 2658 1097 τοῦ
2710 1044 2850 1098 κατὰ
2894 1045 2983 1097 τὸν
3026 1045 3177 1114 ¹ἣλιον
3209 1042 3666 1114 παραδείγματος.

2097 1139 2311 1209 ’Ὠσπερ
2337 1137 2446 1210 γὰρ
2492 1138 2521 1189 ὁ
2565 1137 2711 1208 ἣλιος
2736 1179 2751 1201 ,
2801 1138 2941 1191 κατὰ
2985 1138 3192 1209 δυσμάς
3231 1138 3538 1207 γενόμενος,
3572 1136 3671 1205 τὴν

2093 1229 2272 1299 ἀφανῆ
2302 1228 2527 1298 πορείαν
2561 1231 2815 1292 ποιεῖται,
2846 1225 2943 1282 εἶτ’
2970 1230 3063 1281 ἐπὶ
3098 1229 3190 1282 τὸν
3221 1226 3530 1281 ἀνατολικὸν
3556 1226 3673 1296 δρία

422 1325 721 1380 secundum
752 1323 1136 1394 Symmachum
1163 1342 1175 1376 :
1204 1341 1222 1373 ι
1243 1321 1346 1387 Qui
1374 1320 1589 1375 vehitur
1620 1321 1675 1374 in
1710 1321 1848 1375 coelo
1873 1321 1994 1373 creti

2101 1318 2258 1383 ζοντα
2315 1321 2691 1390 καταντήσας,
2747 1320 2875 1373 εὐθὺ
2916 1319 3013 1373 τοῦ
3058 1318 3283 1391 ούρανοῦ
3337 1318 3560 1390 φέρεται
3604 1317 3675 1370 τὰ

423 1432 489 1469 ex
520 1414 746 1484 prima.»
790 1412 925 1467 illud
956 1420 1157 1477 autem,
1194 1432 1213 1463 ι
1263 1429 1330 1467 ex
1371 1412 1569 1482 prima,
1599 1431 1618 1464 ›
1653 1420 1737 1476 et,
1778 1430 1793 1460 ι
1820 1412 1887 1465 ab
1912 1412 1994 1465 in-

416 1507 572 1569 itio,»
604 1505 776 1575 probe
806 1519 1106 1575 cog—noscas
1147 1504 1372 1559 audiens
1410 1502 1757 1558 Servatorem
1790 1503 1863 1555 ita
1915 1502 1993 1555 lo-

423 1606 678 1669 quentem
728 1618 791 1653 τι
826 1598 1011 1661 Pater,
1042 1600 1285 1669 gloriﬁca
1335 1614 1420 1654 me
1460 1598 1632 1669 gloria
1680 1611 1842 1665 quam
1892 1594 1990 1648 ha-

424 1690 515 1744 bui
546 1698 839 1760 antequam
874 1691 1110 1746 mundus
1146 1699 1291 1745 esset
1322 1691 1462 1761 apud
1486 1690 1623 1744 te“.
1665 1706 1683 1739 ›

2101 1410 2386 1481 σύμπαντα
2419 1411 2665 1480 φωτίζων
2696 1412 2789 1465 καὶ
2832 1411 3087 1483 λαμπρὰν
3120 1411 3333 1483 ἡμέραν
3371 1410 3673 1482 ἐργαζόμε-

2097 1520 2204 1565 νος,
2253 1503 2392 1557 κατὰ
2432 1503 2524 1556 τὸν
2574 1504 2736 1556 αὐτὸν
2766 1504 2966 1575 τρόπον
3014 1504 3107 1558 καὶ
3157 1507 3187 1557 ό
3229 1503 3551 1574 δηλούμενος
3588 1504 3675 1554 ἐν-

2096 1594 2271 1648 ταῦθα
2306 1593 2529 1665 Κύριος,
2573 1595 2670 1665 τὴν
2713 1594 3062 1650 ἀποδοθεῖσαν
3110 1596 3402 1649 κατάδυσιν
3445 1594 3673 1663 ποιησά-

2101 1703 2258 1756 μενος
2303 1685 2443 1739 κατὰ
2474 1686 2563 1739 τὸν
2596 1686 2785 1757 καιρὸν
2815 1686 2907 1739 τοῦ
2943 1687 3148 1750 πάθους
3174 1688 3269 1741 καὶ
3296 1685 3390 1739 τοῦ
3422 1685 3679 1746 θανάτου,

423 1785 520 1855 τὴν
568 1783 754 1856 ,χώραν
800 1784 1193 1857 διαπορευθεὶς,
1244 1787 1382 1856 μετὰ
1400 1785 1570 1838 ταῦτα
1614 1783 1827 1850 λέγεται
1861 1779 2254 1850 ἀναϐεϐηκέναι
2317 1781 2409 1833 ἐπὶ
2455 1781 2545 1834 τὸν
2590 1781 2817 1854 οὐρανὸν
2881 1780 2975 1836 τοῦ
3039 1782 3264 1853 ούρανοῦ
3305 1783 3422 1835 κατ’
3483 1781 3674 1833 ἀνατο-

423 1877 539 1939 λάς.
579 1877 814 1932 Κατάδέ
837 1879 928 1933 τὸν
962 1878 1207 1941 Ἀκύλαν,
1251 1897 1270 1929 ι
1308 1878 1396 1948 Τῷ
1429 1876 1777 1948 ἐπιὸεϐηκότι
1816 1878 1875 1929 ἐν
1935 1876 2151 1947 οὐρανῷ
2182 1875 2411 1947 ούρανοῦ
2455 1876 2690 1947 ἀρχῆθεν
2738 1892 2751 1906 ·

2822 1895 2847 1928 ›
2915 1876 3071 1931 Κατὰ
3112 1877 3178 1929 δὲ
3229 1878 3319 1930 τὸν
3360 1874 3679 1945 Σύμμαχον,

430 1988 448 2020 ι
491 1968 578 2039 Τῷ
605 1971 949 2042 ἐποχουμένῳ
996 1972 1086 2024 ἐπὶ
1129 1972 1219 2024 τὸν
1270 1972 1496 2042 οὐρανὸν
1532 1971 1624 2024 τοῦ
1666 1968 1894 2043 ούρανοῦ
1956 1972 2029 2023 ἐκ
2060 1969 2302 2042 πρώτης,
2354 1989 2373 2021 ι
2430 1969 2665 2041 εἴρηται.
2700 1969 2771 2022 Τὸ
2811 1969 2889 2033 δὲ,
2922 1988 2939 2020 ι
2967 1971 3030 2024 ἐκ
3061 1968 3281 2039 πρώτης
3313 1988 3332 2021 ι
3361 1968 3473 2031 καὶ,
3502 1985 3524 2017 t
3580 1967 3679 2036 ἀρ-

424 2065 608 2137 Χῆθενν
640 2085 661 2117 ³
697 2068 907 2137 νοήσεις
952 2066 1112 2120 αὖτοῦ
1147 2068 1398 2135 λέγοντος
1442 2066 1660 2122 ἀκούων
1688 2066 1784 2119 τοῦ
1818 2066 2065 2137 Σωτῆρος

424 2158 516 2211 τὸν
544 2156 754 2229 ,κόσμον
789 2155 927 2212 εἶναι
962 2157 1114 2229 παρὰ
1149 2159 1248 2211 σοί.
1294 2176 1316 2211 ι

2109 2083 2122 2096 ·
2159 2084 2176 2116 ι
2217 2066 2419 2137 Πάτερ,
2467 2064 2688 2130 δόξασόν
2740 2081 2806 2135 με
2852 2067 2916 2135 τῇ
2956 2058 3143 2136 δόξῃῇ
3204 2058 3350 2133 εἶχον
3415 2060 3521 2132 πρὸ
3581 2056 3677 2110 τού

498 2270 663 2328 Vens.
698 2273 884 2327 5l-36.
923 2293 940 2323 ι
967 2274 1106 2329 Ecce
1138 2274 1290 2328 dabit
1321 2274 1440 2328 \‘oci
1498 2290 1613 2329 sua:
1654 2289 1839 2328 vocem
1894 2274 1994 2328 vir-

2178 2308 2196 2341 (
2246 2288 2375 2342 Ἰδοὺ
2421 2286 2580 2341 δώσει
2625 2289 2691 2357 τῇ
2745 2288 2893 2357 φωνῇ
2944 2284 3107 2338 αὑτοῦ
3156 2284 3334 2355 φωνὴν
3375 2284 3674 2355 δυνάμεως,

427 2364 585 2427 tntis,
645 2364 768 2420 date
806 2366 1031 2435 gloriam
1082 2365 1189 2420 Deo
1248 2381 1412 2436 super
1456 2364 1679 2421 Israel.»
1734 2365 1990 2419 Notitiam

428 2457 630 2527 praebet
655 2457 943 2511 memorati
983 2456 1195 2511 Domini
1219 2459 1411 2514 dicens
1441 2477 1454 2513 :
1481 2477 1499 2510 ε
1530 2458 1670 2513 Ecce
1702 2458 1851 2513 dabit
1873 2459 1994 2513 voci

430 2560 543 2600 suae
577 2560 767 2600 vocem
800 2547 1077 2600 virtutis.)
1122 2545 1225 2600 Hic
1279 2564 1406 2602 vere
1439 2548 1568 2602 licet
1621 2547 1849 2601 formam
1901 2547 1995 2601 de—

427 2638 667 2693 scribere
708 2637 928 2692 virtutis
962 2636 1078 2706 ejus
1103 2677 1118 2703 ,
1153 2638 1246 2708 qui
1276 2656 1294 2689 ι
1326 2638 1381 2692 in
1411 2638 1679 2708 principio
1702 2647 1820 2693 erat
1852 2638 1993 2709 apud

426 2728 599 2785 Deum
616 2730 684 2795 ",
720 2747 737 2782 ι
767 2728 862 2785 Dei
891 2728 1075 2794 Verbi,
1109 2729 1253 2800 quod
1277 2746 1377 2784 vox
1406 2731 1525 2799 ejus
1570 2746 1677 2783 non
1712 2730 1992 2783 hominum

426 2823 551 2877 voci
597 2822 816 2888 similis,
870 2822 967 2877 sed
1011 2822 1195 2877 divina
1244 2825 1445 2878 virtute
1499 2824 1656 2894 plena
1710 2825 1800 2878 sit.
1850 2822 1989 2876 Nam

434 2912 647 2977 «dabit,
710 2914 909 2986 inquit,
978 2916 1099 2969 voci
1157 2932 1269 2970 sua:
1314 2931 1501 2969 vocem
1566 2917 1847 2969 virtutis.»
1892 2914 1995 2968 Su-

429 3007 617 3076 perius
649 3007 777 3062 item
809 3007 1094 3062 dicebatur
1134 3026 1147 3063 :
1205 3026 1223 3059 ι
1255 3008 1521 3063 Dominus
1571 3008 1720 3062 dabit
1764 3009 1993 3063 verbum

430 3099 950 3169 cvangelizantihus,
1004 3100 1207 3155 virtute
1255 3100 1478 3153 multa.»
1522 3101 1663 3167 Quia
1696 3102 1840 3155 enim
1892 3116 1992 3155 vox

430 3190 551 3259 ejus
607 3191 810 3245 virtute
866 3191 1199 3261 replebatur,
1282 3191 1478 3245 merito
1552 3192 1993 3261 praedicationem

431 3296 586 3336 suam
632 3282 1134 3352 evangelizantibus
1163 3284 1389 3338 verbum
1436 3284 1600 3337 dabat
1627 3299 1750 3337 cum
1796 3285 1995 3338 virtute

430 3374 621 3429 multa.
661 3372 812 3444 Opus
843 3384 1020 3428 autem
1049 3374 1225 3446 ipsum
1260 3375 1515 3429 virtutem
1552 3375 1815 3429 declarat.
1856 3374 1994 3428 Nam

430 3481 555 3520 cum
577 3467 812 3536 simplici
858 3467 1050 3521 vocula
1097 3466 1383 3536 discipulis
1414 3467 1528 3521 suis
1555 3466 1804 3530 dixisset,
1847 3486 1865 3517 ι
1891 3464 1998 3520 Ve-

429 3560 563 3621 nite,
612 3558 903 3628 sequimiui
950 3574 1057 3623 me,
1089 3566 1144 3613 ct
1179 3559 1373 3613 faciam
1430 3575 1525 3614 vos
1557 3559 1859 3627 piscatores
1893 3559 1997 3612 ho-

2100 2381 2217 2435 δότε
2246 2380 2399 2443 δόξαν
2429 2378 2506 2449 τῷ
2539 2377 2656 2447 Θεῷ
2690 2377 2781 2429 ἐπὶ⁸
2814 2377 2902 2429 τὸν
2935 2376 3167 2448 Ἰσραήλ.
3204 2396 3223 2426 ι
3258 2374 3549 2447 Γνώρισμα
3582 2375 3682 2429 τοῦ

2100 2470 2424 2542 δηλωθέντος
2470 2469 2677 2541 Κυρίου
2725 2469 3060 2540 παραδίδωσι
3107 2468 3306 2536 λέγων·
3343 2487 3362 2518 ‹
3408 2468 3535 2522 Ἰδοὺ
3576 2468 3678 2521 δὼ-

2103 2583 2184 2617 σει
2208 2567 2274 2635 τῇ
2308 2565 2456 2633 φωνῇ
2480 2559 2644 2615 αὐτοῦ
2677 2561 2856 2631 φωνὴν
2885 2560 3182 2631 δυνάμεως.
3224 2580 3241 2611 ι
3282 2559 3558 2613 Ἐντεῦθεν
3584 2558 3684 2613 οὖν

2100 2656 2313 2727 άληθῶς
2346 2657 2460 2707 ἐστι
2492 2654 2893 2725 χαρακτηρίσαι
2920 2653 3017 2723 τὴν
3051 2652 3249 2723 ἀρετὴν
3286 2671 3304 2703 ι
3336 2650 3430 2705 τοῦ
3450 2654 3507 2708 ἐν
3534 2654 3677 2725 ἀρχῇ

2101 2745 2234 2817 πρὸς
2267 2745 2357 2798 τὸν
2386 2743 2518 2797 Θεὸν
2551 2764 2568 2796 ι
2591 2743 2725 2797 Θεοῦ
2760 2744 2953 2811 Λόγου,
2982 2745 3044 2796 ἐκ
3066 2743 3157 2796 τοῦ
3181 2744 3276 2813 τὴν
3306 2744 3485 2815 φωνὴν
3516 2744 3683 2797 αὐτοῦ

2104 2839 2178 2909 μὴ
2207 2838 2395 2908 ὁμοίαν
2431 2834 2568 2891 εἶναι
2602 2835 2929 2908 ἀνθρώποις,
2968 2837 3245 2908 δυνάμεως
3284 2838 3339 2891 δέ
3382 2838 3678 2910 πεπληρῶ-

2104 2930 2224 2983 σθαι
2258 2930 2425 2993 θείας.
2470 2948 2489 2981 ‹
2522 2929 2690 2981 Δώσει
2732 2948 2750 2979 ι
2780 2929 2910 3000 γὰρ,
2957 2930 3108 3000 φησὶ,
3145 2948 3165 2981 ι
3193 2932 3259 3001 τῇ
3314 2934 3461 3003 φωνῇ
3516 2932 3683 2984 αὐτοῦ·

2102 3022 2283 3095 φωνὴν
2316 3024 2618 3095 δυνάμεως.
2652 3041 2672 3072 ι
2700 3021 2809 3075 Καὶ
2852 3022 3108 3092 ἀνωτέρω
3137 3023 3193 3075 δὲ
3232 3022 3473 3091 ἐλέγετο’
3509 3043 3527 3075 ι
3568 3024 3680 3078 Κύ-

2106 3131 2216 3186 ριος
2272 3114 2430 3167 δώσει
2496 3114 2645 3184 ῥῆμα
2712 3116 2824 3176 τοῖς
2898 3113 3399 3184 εὐαγγελιζομένοις
3454 3115 3679 3186 δυνάμει

2102 3207 2285 3277 πολλῇ.
2327 3227 2344 3258 ι
2386 3206 2599 3276 Ἐπειδὴ
2634 3206 2741 3277 γάρ
2786 3208 2818 3277 ἡ
2869 3206 3017 3276 φωνὴ
3047 3206 3209 3259 αὐτοῦ
3241 3207 3562 3279 πεπλήρωτο
3589 3209 3678 3261 δυ-

2102 3296 2334 3365 νάμεως,
2370 3295 2590 3357 εἰκότως
2629 3294 2723 3347 καὶ
2773 3297 2884 3357 τοῖς
2926 3294 3427 3364 εύαγγελιζομένοις
3459 3296 3520 3373 τὸ
3552 3299 3679 3370 περὶ

2102 3386 2263 3439 αὑτοῦ
2289 3387 2545 3457 κήρυγμα
2569 3384 2735 3438 ἐδίδου
2763 3386 2913 3457 ῥῆμα
2939 3386 3032 3438 σὺν
3055 3386 3280 3457 δυνάμει
3305 3386 3491 3459 πολλῇ.
3519 3389 3682 3459 Παρί-

2104 3495 2257 3548 στησι
2289 3478 2344 3530 δὲ
2378 3477 2437 3530 τὸ
2469 3476 2628 3547 ἔργον
2678 3476 2776 3548 τὴν
2806 3477 3052 3548 δύναμιν.
3081 3479 3223 3549 Ψιλῇ
3253 3478 3359 3549 γάρ
3387 3482 3536 3550 φωνῇ
3567 3481 3679 3542 τοῖς

2104 3569 2266 3623 αὑτοῦ
2314 3568 2581 3639 μαθηταῖς
2628 3568 2828 3621 εἰπών·
2896 3587 2913 3619 ι
2966 3567 3129 3621 Δεῦτε
3178 3568 3519 3621 ἀκολουθεῖτέ
3565 3585 3677 3639 μοι,

429 3647 755 3711 ιηίιιιιηι⁶⁸,›
811 3663 948 3718 opus
1007 3648 1185 3718 ipsum
1238 3650 1440 3705 virtute
1492 3665 1593 3703 sua
1650 3650 1845 3704 edebat
1883 3669 1895 3703 :
1930 3666 1994 3705 ac

2100 3659 2190 3712 καὶ
2205 3659 2414 3730 ποιήσω
2430 3659 2571 3728 ὑμᾶς
2588 3656 2755 3719 ἁλιεῖς
2772 3656 2866 3710 ἀνθ
2877 3656 3091 3728 ρώπων,
3130 3676 3148 3707 ι
3176 3656 3401 3728 δυνάμει
3430 3657 3491 3709 τὸ
3522 3656 3687 3729 ἔργον

430 3754 650 3794 rursum
683 3755 805 3794 cum
841 3742 1188 3809 praecepisset
1224 3742 1414 3797 iisdem
1465 3743 1655 3799 dicens
1693 3763 1705 3797 :
1744 3763 1761 3795 ι
1792 3744 1994 3801 Euntcs

2102 3751 2307 3805 ἐποίει·
2346 3750 2441 3803 καὶ
2480 3748 2639 3819 πάλιν
2693 3748 3064 3819 ἐντειλάμενος
3109 3748 3290 3812 αὐτοῖς
3342 3748 3436 3801 καὶ
3478 3747 3677 3801 εἰπών’

430 3830 621 3885 docete
647 3846 835 3885 omnes
862 3841 1051 3901 gentes
1083 3833 1135 3885 in
1160 3834 1379 3888 nomine
1411 3851 1532 3888 meo
1547 3834 1648 3900 “,i
1684 3851 1849 3905 opere
1878 3837 1997 3891 vir«

431 3932 599 3977 tutem
629 3922 907 3978 exhibuit:
941 3940 1003 3978 ac
1036 3941 1253 3979 rursum
1292 3941 1419 3979 cum
1453 3926 1686 3982 diceret:
1730 3946 1749 3978 ι
1774 3926 1999 3998 Oportet

432 4015 715 4086 pradicari
751 4015 1102 4086 Evangelium
1154 4019 1309 4088 regni
1344 4019 1397 4073 in
1450 4028 1563 4073 toto
1593 4022 1732 4075 orbe
1755 4021 1808 4074 in
1843 4023 1997 4077 testi-

431 4106 672 4161 monium
698 4108 955 4162 omnibus
986 4109 1354 4177 gentibus",i
1392 4112 1543 4166 verbi
1576 4112 1831 4167 virtutem
1864 4113 1998 4183 ipsis

432 4197 696 4268 operibus
734 4199 1177 4269 conspiciendam
1219 4202 1446 4270 praebuit
1474 4244 1487 4266 ,
1518 4212 1572 4257 et
1624 4202 1762 4257 alias
1812 4206 1893 4257 sic
1918 4204 2000 4257 lo-

431 4297 593 4344 cutus
626 4307 641 4345 :
673 4308 691 4341 ι
712 4288 889 4359 Supra
921 4299 1130 4360 petram
1159 4292 1437 4348 aediﬁcabo
1474 4294 1767 4349 Ecclesiam
1797 4310 1995 4360 meam,

430 4391 485 4435 et
518 4389 691 4451 porta:
730 4381 890 4437 inferi
919 4399 1029 4437 non
1057 4386 1429 4453 praevalebunt
1454 4387 1718 4444 adversus
1754 4404 1873 4443 eam
1892 4390 1993 4453 ",i

430 4489 492 4528 re
525 4474 645 4543 ipsa
677 4473 787 4528 vim
834 4474 1150 4529 declaravit.
1199 4476 1400 4531 Eodem
1453 4494 1679 4548 prorsus
1729 4480 1892 4533 modo
1944 4481 1996 4535 in

432 4565 648 4620 caeteris
678 4566 955 4635 omnibus
1012 4568 1132 4636 ejus
1169 4569 1435 4624 doctrina:
1472 4572 1655 4627 verbis
1701 4573 1993 4628 admistam

432 4656 673 4711 divinam
713 4658 837 4726 ejus
871 4659 1128 4715 virtutem
1166 4661 1565 4731 deprehendas.
1620 4665 1792 4736 Cujus
1828 4681 1999 4721 causa

433 4749 640 4803 dictum
669 4756 754 4805 est
780 4769 794 4805 :
831 4768 852 4801 ο
875 4750 1012 4807 Ecce
1035 4753 1186 4806 dabit
1221 4754 1341 4807 voci
1367 4770 1479 4809 suae
1506 4771 1692 4811 vocem
1723 4758 1991 4812 virtutis.»

437 4838 541 4894 Sed
584 4840 744 4895 etiam
802 4841 888 4896 his
917 4842 1133 4896 traditis
1183 4843 1473 4909 institutis,
1509 4848 1612 4901 sub
1653 4847 1766 4902 haec
1809 4851 2001 4920 praeci-

434 4933 546 5001 pit:
588 4951 606 4983 ι
629 4931 761 4988 Date
793 4934 1022 5003 gloriam
1078 4934 1186 4989 Deo
1223 4952 1387 5007 super
1423 4936 1616 4993 Israel:
1648 4942 1999 5012 magniﬁcen-

434 5023 512 5075 tia
545 5022 667 5091 ejus
701 5030 757 5077 et
785 5024 958 5079 virtus
986 5024 1106 5094 ejus
1137 5024 1190 5101 in
1236 5027 1529 5083 nubibus.»
1592 5030 1726 5083 Illud
1753 5032 1995 5101 quidem,

441 5134 460 5165 ‹
488 5114 619 5169 Date
663 5116 893 5187 gloriam
925 5116 1087 5181 Deo,»
1118 5100 1376 5175 omnibus
1402 5120 1626 5186 dicitur,
1667 5100 1779 5192 qui,
1808 5123 1876 5176 ad
1908 5139 1997 5178 sa-

437 5207 667 5261 lutarem
692 5206 849 5261 ﬁdem
876 5218 1173 5276 vocantur;
1208 5211 1340 5266 illud
1363 5219 1566 5275 autem,
1606 5232 1624 5262 ι
1654 5229 1818 5282 super
1839 5212 2001 5268 Israel

439 5294 842 5365 magniﬁcentia
899 5298 1075 5368 ejus,»
1136 5299 1405 5368 signiﬁcat
1433 5316 1528 5354 eos
1566 5316 1629 5354 ex
1679 5284 1877 5355 lsraele
1906 5301 1998 5369 qui

438 5388 655 5443 deitatis
704 5390 824 5457 ejus
866 5406 1146 5459 praecones
1188 5387 1428 5452 fuerunt,
1471 5392 1748 5460 apostolos
1793 5392 2000 5447 scilicet

441 5485 494 5529 et
525 5478 913 5546 evangelistas,
946 5495 976 5532 a
1006 5481 1206 5548 quibus
1246 5482 1648 5550 magniﬁcentia
1677 5482 1819 5551 ejus,
1848 5478 1998 5534 vide-

442 5568 567 5623 licet
629 5569 865 5636 deitatis,
940 5571 1293 5626 noscebatur.
1354 5571 1533 5637 Quare
1584 5573 1713 5627 alibi
1753 5572 1992 5626 dicitur:

2104 3862 2125 3894 ι
2164 3818 2553 3915 Πορευθέντες⁸
2584 3818 2957 3912 μαθητεύσατε
3000 3841 3181 3894 πάντα
3212 3840 3280 3893 τὰ
3320 3840 3445 3911 ἔθνη
3488 3842 3545 3893 ἐν
3599 3840 3683 3911 τῷ

2098 3934 2320 4005 ὀνόματί
2353 3951 2475 4005 μου,
2522 3952 2539 3984 ι
2572 3934 2717 4003 ἔργῳ
2747 3933 2845 4003 τὴν
2879 3932 3103 4002 δύναμιν
3135 3931 3340 3984 ἐδείκνυ
3359 3948 3372 3962 ·
3402 3931 3495 3984 καὶ
3524 3928 3680 3995 αὖθις

2098 4024 2298 4079 εἰπών·
2339 4045 2357 4075 ‹
2414 4027 2506 4077 Δεῖ
2551 4023 2889 4095 κηρυχθῆναι
2934 4022 2993 4076 τὸ
3022 4022 3348 4091 Εὐαγγέλιω
3390 4024 3487 4093 τῆς
3534 4023 3681 4093 βασι-

2097 4116 2247 4180 λείας
2286 4120 2343 4170 ἐν
2386 4117 2484 4189 ὅλῃ
2533 4119 2599 4187 τῇ
2633 4116 2930 4187 οἰκουμένῃ
2975 4116 3053 4178 εἰς
3085 4114 3378 4186 μαρτύριον
3408 4116 3538 4167 πᾶσι
3565 4118 3681 4179 τοῖς

2099 4208 2297 4272 ἔθνεσι,
2326 4226 2343 4258 ι
2381 4206 2474 4259 τοῦ
2507 4206 2666 4275 λόγου
2699 4206 2797 4276 τὴν
2827 4205 3051 4275 δύναμιν
3080 4204 3259 4268 αὐτοῖς
3290 4204 3469 4275 ἔργοις
3492 4207 3681 4277 παρεῖ-

2099 4316 2191 4370 χεν
2225 4300 2356 4370 ὁρᾷν
2376 4315 2389 4328 ο
2424 4298 2515 4350 καὶ
2559 4296 2743 4350 ἄλλοτε
2777 4297 2981 4367 φήσας·
3022 4314 3044 4346 (ι
3089 4296 3211 4348 Ἐπὶ
3241 4296 3340 4367 τὴν
3372 4296 3575 4367 πέτραν
3602 4296 3679 4348 οι-

2099 4389 2383 4459 κοδομήσω
2434 4405 2534 4459 μου
2578 4386 2678 4458 τὴν
2718 4387 3061 4459 Ἐκκλησίαν,
3109 4387 3202 4440 καὶ
3248 4387 3415 4441 πύλαι
3451 4388 3577 4459 ᾅδου
3616 4389 3676 4440 ού

2100 4479 2515 4547 κατισχύσουσιν
2536 4478 2725 4548 αὐτῆς,
2761 4500 2778 4531 ι
2817 4478 2965 4548 αὐτῷ
3004 4479 3285 4549 πράγματι
3312 4478 3411 4549 τὴν
3447 4477 3676 4548 δύναμιν

2100 4569 2497 4641 παρεστήσατο.
2534 4569 2637 4622 Τὸν
2669 4570 2829 4623 αὑτὸν
2856 4566 2949 4623 οὖν
2978 4570 3178 4641 τρόπον
3210 4570 3305 4622 καὶ
3331 4572 3442 4632 τοῖς
3474 4568 3679 4630 λοιποῖς

2098 4661 2274 4714 ἆπασι
2298 4664 2408 4725 τοῖς
2440 4662 2537 4732 τῆς
2566 4661 2908 4724 διδασκαλίας
2938 4660 3101 4714 αὐτοῦ
3134 4662 3337 4733 ῥήμασι
3372 4678 3679 4732 συγκεκρα-

2104 4755 2269 4826 μένην
2298 4756 2477 4827 εὖροις
2507 4756 2573 4810 ἂν
2599 4757 2698 4828 τὴν
2731 4755 2916 4827 θεῖκὴν
2956 4754 3201 4825 δύναμιν.
3239 4750 3313 4808 Ub
3346 4755 3503 4827 χάριν
3530 4757 3680 4827 εἴρη-

2100 4864 2221 4901 ται·
2253 4867 2269 4898 ι
2307 4847 2436 4902 Ἰδοὺ
2460 4847 2628 4902 δώσει
2648 4850 2714 4919 τῇ
2739 4850 2888 4919 φωνῇ
2914 4845 3078 4900 αὑτοῦ
3113 4848 3294 4919 φωνὴν
3324 4849 3621 4919 δυνάμεως.
3655 4870 3673 4902 ι

2115 4938 2273 4991 Ἀλλὰ
2309 4938 2417 5009 γὰρ
2448 4940 2622 4995 ταῦτα
2643 4939 2961 5002 παιδεύσας,
2981 4936 3107 5008 ἐξῆς
3127 4940 3552 5011 παρακελεύεται
3576 4940 3680 5009 φά-

2105 5047 2247 5082 σκων
2273 5050 2286 5061 ·
2326 5050 2343 5080 ι
2375 5032 2502 5083 Δότε
2532 5032 2688 5098 δόξαν
2720 5030 2799 5102 τῷ
2825 5030 2944 5101 Θεῷ
2981 5032 3073 5084 ἐπὶ
3100 5032 3192 5084 τὸν
3231 5031 3479 5102 Ἰσραήλ·
3511 5032 3544 5101 ή
3585 5048 3682 5101 με-

2100 5119 2467 5189 γαλοπρέπεια
2498 5120 2660 5174 αὐτοῦ
2698 5121 2792 5173 καὶ
2822 5124 2853 5191 ἡ
2884 5121 3109 5191 δύναμις
3136 5121 3298 5174 αὑτοῦ
3336 5123 3392 5174 ἐν
3435 5122 3552 5183 ταῖς
3596 5137 3680 5173 νε-

2101 5210 2306 5278 φέλαις.
2352 5230 2370 5263 ι
2392 5211 2463 5263 Τὸ
2499 5213 2596 5282 μὲν
2637 5208 2750 5276 οὖν,
2788 5232 2806 5264 ι
2844 5214 2970 5267 Δότε
3000 5214 3153 5278 δόξαν
3178 5212 3254 5283 τῷ
3286 5210 3424 5283 Θεῷ,
3464 5230 3482 5263 ι
3513 5213 3677 5263 πᾶσιν

2106 5304 2314 5375 εἴρηται
2355 5306 2466 5365 τοῖς
2494 5304 2849 5375 κεκλημένοις
2887 5306 2991 5359 ὑπὸ
3031 5306 3128 5375 τὴν
3160 5307 3421 5377 σωτήριον
3459 5304 3638 5356 πίστιν
3662 5321 3674 5333 δ

2109 5394 2181 5449 Τὸ
2206 5395 2282 5459 δέ,
2314 5415 2331 5447 ι
2362 5396 2454 5447 ἐπὶ
2494 5396 2588 5448 τὸν
2638 5396 2849 5468 Ἰσραὴλ
2885 5399 2919 5467 ἡ
2960 5397 3402 5468 μεγαλοπρέπεια
3432 5394 3615 5459 αὑτοῦ,
3654 5414 3671 5444 ›

2108 5486 2359 5555 σημαίνει
2399 5486 2526 5550 τοὺς
2570 5486 2629 5552 ἐξ
2670 5488 2882 5559 Ἰσραὴλ
2920 5489 3241 5560 γενομένους
3288 5489 3385 5559 τῆς
3426 5486 3676 5557 θεότητος

2106 5573 2275 5627 αὐτοῦ
2298 5575 2560 5645 κήρυκας,
2587 5577 2909 5639 ἀποστόλους
2928 5577 3128 5649 δηλαδὴ
3155 5579 3246 5630 καὶ
3265 5575 3677 5646 εὐαγγελιστάς,

510 5724 551 5753 ⁸⁸
576 5722 731 5779 Juan.
767 5743 899 5791 xvn,
928 5728 981 5783 5.
1060 5727 1102 5760 "
1131 5726 1287 5781 Joan.
1321 5729 1434 5793 1,1.
1510 5729 1551 5759 ⁸³
1575 5728 1759 5781 Matth.
1800 5745 1872 5790 ιν,
1902 5727 1985 5782 i9.

2100 5727 2322 5781 *Matth.
2359 5745 2545 5795 xxvm,
2580 5730 2667 5786 i9.
2743 5732 2787 5763 "
2819 5731 3003 5787 Matth.
3060 5749 3207 5795 urv,
3244 5734 3329 5789 H.
3407 5732 3452 5763 “
3478 5729 3667 5791 κείων

442 5807 549 5855 xvi,
589 5795 672 5847 18.
