  <div class='ocr_page' id='page_1' title='image "/cluster/home/n/w/nwhite01/storage/ocr_20150623/23/nnc1.0046978313/386.png"; bbox 0 0 4128 6392; ppageno 0'>
   <div class='ocr_carea' id='block_1_1' title="bbox 475 374 570 429">
    <p class='ocr_par' dir='ltr' id='par_1_1' title="bbox 475 374 570 429">
     <span class='ocr_line' id='line_1_1' title="bbox 475 374 570 429; baseline 0 -1"><span class='ocrx_word' id='word_1_1' title='bbox 475 374 570 429; x_wconf 74' lang='lat'><strong>721</strong></span> 
     </span>
    </p>
   </div>
   <div class='ocr_carea' id='block_1_2' title="bbox 1606 375 2600 435">
    <p class='ocr_par' dir='ltr' id='par_1_2' title="bbox 1606 375 2600 435">
     <span class='ocr_line' id='line_1_2' title="bbox 1606 375 2600 435; baseline -0.003 -1"><span class='ocrx_word' id='word_1_2' title='bbox 1606 376 2115 435; x_wconf 71' lang='lat' dir='ltr'><strong>COIIMENTARIA</strong></span> <span class='ocrx_word' id='word_1_3' title='bbox 2152 376 2219 432; x_wconf 79' lang='lat' dir='ltr'><strong>IN</strong></span> <span class='ocrx_word' id='word_1_4' title='bbox 2259 375 2600 433; x_wconf 81' lang='lat' dir='ltr'><strong>PSALMOS.</strong></span> 
     </span>
    </p>
   </div>
   <div class='ocr_carea' id='block_1_3' title="bbox 3642 374 3748 428">
    <p class='ocr_par' dir='ltr' id='par_1_3' title="bbox 3642 374 3748 428">
     <span class='ocr_line' id='line_1_3' title="bbox 3642 374 3748 428; baseline -0.009 0"><span class='ocrx_word' id='word_1_5' title='bbox 3642 374 3748 428; x_wconf 67' lang='lat'><strong>7‘33</strong></span> 
     </span>
    </p>
   </div>
   <div class='ocr_carea' id='block_1_4' title="bbox 437 468 2058 571">
    <p class='ocr_par' dir='ltr' id='par_1_4' title="bbox 437 468 2058 571">
     <span class='ocr_line' id='line_1_4' title="bbox 437 468 2058 571; baseline 0.005 -27"><span class='ocrx_word' id='word_1_6' title='bbox 437 468 596 565; x_wconf 55' lang='grc' dir='ltr'>³τταρ’</span> <span class='ocrx_word' id='word_1_7' title='bbox 624 489 704 557; x_wconf 72' lang='grc' dir='ltr'>οἷς</span> <span class='ocrx_word' id='word_1_8' title='bbox 742 496 775 566; x_wconf 77' lang='grc' dir='ltr'><strong>ή</strong></span> <span class='ocrx_word' id='word_1_9' title='bbox 826 494 1269 567; x_wconf 78' lang='grc' dir='ltr'><strong>μεγαλοπρέπεια</strong></span> <span class='ocrx_word' id='word_1_10' title='bbox 1308 498 1473 553; x_wconf 77' lang='grc' dir='ltr'>αὐτοῦ</span> <span class='ocrx_word' id='word_1_11' title='bbox 1521 499 1850 571; x_wconf 77' lang='grc' dir='ltr'>ἐγνωρίζετο</span> <span class='ocrx_word' id='word_1_12' title='bbox 1874 517 1888 531; x_wconf 93' lang='grc'><strong>·</strong></span> <span class='ocrx_word' id='word_1_13' title='bbox 1924 498 2058 552; x_wconf 71' lang='grc' dir='ltr'>οὕτω</span> 
     </span>
    </p>
   </div>
   <div class='ocr_carea' id='block_1_5' title="bbox 2163 468 3744 571">
    <p class='ocr_par' dir='ltr' id='par_1_5' title="bbox 2179 494 3744 565">
     <span class='ocr_line' id='line_1_5' title="bbox 2179 494 3744 565; baseline -0.003 -16"><span class='ocrx_word' id='word_1_14' title='bbox 2179 495 2492 563; x_wconf 74' lang='lat' dir='ltr'><strong>«Quoniam</strong></span> <span class='ocrx_word' id='word_1_15' title='bbox 2546 497 2756 550; x_wconf 77' lang='lat' dir='ltr'><strong>elevata</strong></span> <span class='ocrx_word' id='word_1_16' title='bbox 2814 505 2899 550; x_wconf 88' lang='lat' dir='ltr'><strong>est</strong></span> <span class='ocrx_word' id='word_1_17' title='bbox 2974 494 3379 565; x_wconf 83' lang='lat' dir='ltr'><strong>magniﬁcentia</strong></span> <span class='ocrx_word' id='word_1_18' title='bbox 3430 504 3521 547; x_wconf 91' lang='lat' dir='ltr'><strong>tua</strong></span> <span class='ocrx_word' id='word_1_19' title='bbox 3579 507 3744 561; x_wconf 86' lang='lat' dir='ltr'><strong>super</strong></span> 
     </span>
    </p>
   </div>
   <div class='ocr_carea' id='block_1_6' title="bbox 436 585 2065 661">
    <p class='ocr_par' dir='ltr' id='par_1_6' title="bbox 436 585 2065 661">
     <span class='ocr_line' id='line_1_6' title="bbox 436 585 2065 661; baseline 0.006 -26"><span class='ocrx_word' id='word_1_20' title='bbox 436 642 441 651; x_wconf 27' lang='grc' dir='ltr'>ν</span> <span class='ocrx_word' id='word_1_21' title='bbox 465 585 569 654; x_wconf 79' lang='grc' dir='ltr'><strong>τῆς-</strong></span> <span class='ocrx_word' id='word_1_22' title='bbox 596 585 850 656; x_wconf 79' lang='grc' dir='ltr'><strong>θεότητος</strong></span> <span class='ocrx_word' id='word_1_23' title='bbox 882 588 1048 641; x_wconf 79' lang='grc' dir='ltr'>αὑτοῦ</span> <span class='ocrx_word' id='word_1_24' title='bbox 1082 588 1440 661; x_wconf 80' lang='grc' dir='ltr'><strong>καλουμένης.</strong></span> <span class='ocrx_word' id='word_1_25' title='bbox 1468 591 1558 643; x_wconf 91' lang='grc' dir='ltr'>Διὸ</span> <span class='ocrx_word' id='word_1_26' title='bbox 1582 591 1827 645; x_wconf 87' lang='grc' dir='ltr'>λέλεκται</span> <span class='ocrx_word' id='word_1_27' title='bbox 1857 594 1914 645; x_wconf 81' lang='grc' dir='ltr'><strong>ἐν</strong></span> <span class='ocrx_word' id='word_1_28' title='bbox 1944 592 2065 645; x_wconf 66' lang='grc' dir='ltr'>ἐτέα-</span> 
     </span>
    </p>
   </div>
   <div class='ocr_carea' id='block_1_7' title="bbox 432 664 2067 752">
    <p class='ocr_par' dir='ltr' id='par_1_7' title="bbox 432 664 2067 752">
     <span class='ocr_line' id='line_1_7' title="bbox 432 664 2067 752; baseline 0.007 -30"><span class='ocrx_word' id='word_1_29' title='bbox 432 664 438 721; x_wconf 60' lang='grc' dir='ltr'><em>ξ</em></span> <span class='ocrx_word' id='word_1_30' title='bbox 468 678 582 743; x_wconf 81' lang='grc' dir='ltr'>ροίς</span> <span class='ocrx_word' id='word_1_31' title='bbox 605 692 618 705; x_wconf 94' lang='grc'><strong>·</strong></span> <span class='ocrx_word' id='word_1_32' title='bbox 656 694 675 727; x_wconf 81' lang='grc' dir='ltr'><strong>ι</strong></span> <span class='ocrx_word' id='word_1_33' title='bbox 718 677 839 729; x_wconf 87' lang='grc' dir='ltr'>Ὅτι</span> <span class='ocrx_word' id='word_1_34' title='bbox 882 678 1094 750; x_wconf 86' lang='grc' dir='ltr'>ἐπήρθη</span> <span class='ocrx_word' id='word_1_35' title='bbox 1128 680 1161 749; x_wconf 87' lang='grc' dir='ltr'><strong>ή</strong></span> <span class='ocrx_word' id='word_1_36' title='bbox 1201 679 1648 752; x_wconf 83' lang='grc' dir='ltr'>μεγαλοπρέπειά</span> <span class='ocrx_word' id='word_1_37' title='bbox 1684 699 1777 735; x_wconf 88' lang='grc' dir='ltr'><strong>σου</strong></span> <span class='ocrx_word' id='word_1_38' title='bbox 1811 681 2067 752; x_wconf 80' lang='grc' dir='ltr'><strong>ὑπεράνω</strong></span> 
     </span>
    </p>
   </div>
   <div class='ocr_carea' id='block_1_8' title="bbox 465 764 2064 845">
    <p class='ocr_par' dir='ltr' id='par_1_8' title="bbox 465 764 2064 845">
     <span class='ocr_line' id='line_1_8' title="bbox 465 764 2064 845; baseline 0.005 -28"><span class='ocrx_word' id='word_1_39' title='bbox 465 764 575 818; x_wconf 89' lang='grc' dir='ltr'><strong>τῶν</strong></span> <span class='ocrx_word' id='word_1_40' title='bbox 606 767 869 839; x_wconf 75' lang='grc' dir='ltr'><strong>οὐρανῶν.</strong></span> <span class='ocrx_word' id='word_1_41' title='bbox 920 788 938 821; x_wconf 80' lang='grc' dir='ltr'><strong>ι</strong></span> <span class='ocrx_word' id='word_1_42' title='bbox 967 770 1090 823; x_wconf 83' lang='grc' dir='ltr'>’Ότι</span> <span class='ocrx_word' id='word_1_43' title='bbox 1122 771 1179 824; x_wconf 82' lang='grc' dir='ltr'><strong>δὲ</strong></span> <span class='ocrx_word' id='word_1_44' title='bbox 1215 772 1277 824; x_wconf 83' lang='grc' dir='ltr'><strong>οὐ</strong></span> <span class='ocrx_word' id='word_1_45' title='bbox 1305 772 1508 836; x_wconf 84' lang='grc' dir='ltr'>πάντες</span> <span class='ocrx_word' id='word_1_46' title='bbox 1536 776 1587 826; x_wconf 89' lang='grc' dir='ltr'><strong>οί</strong></span> <span class='ocrx_word' id='word_1_47' title='bbox 1622 774 1681 840; x_wconf 79' lang='grc' dir='ltr'><strong>ἐξ</strong></span> <span class='ocrx_word' id='word_1_48' title='bbox 1726 774 1941 845; x_wconf 81' lang='grc' dir='ltr'>Ἰσραὴλ</span> <span class='ocrx_word' id='word_1_49' title='bbox 1971 768 2064 827; x_wconf 77' lang='grc' dir='ltr'><strong>οὗ·</strong></span> 
     </span>
    </p>
   </div>
   <div class='ocr_carea' id='block_1_9' title="bbox 469 861 2065 938">
    <p class='ocr_par' dir='ltr' id='par_1_9' title="bbox 469 861 2065 938">
     <span class='ocr_line' id='line_1_9' title="bbox 469 861 2065 938; baseline 0.005 -27"><span class='ocrx_word' id='word_1_50' title='bbox 469 875 550 911; x_wconf 88' lang='grc' dir='ltr'><strong>τοι</strong></span> <span class='ocrx_word' id='word_1_51' title='bbox 592 861 829 932; x_wconf 77' lang='grc' dir='ltr'>Ἰσραὴλ,</span> <span class='ocrx_word' id='word_1_52' title='bbox 862 861 981 915; x_wconf 83' lang='grc' dir='ltr'>οὐδὲ</span> <span class='ocrx_word' id='word_1_53' title='bbox 1024 864 1104 916; x_wconf 75' lang='grc' dir='ltr'>ὅτι</span> <span class='ocrx_word' id='word_1_54' title='bbox 1144 865 1253 917; x_wconf 74' lang='grc' dir='ltr'>εἰσὶ</span> <span class='ocrx_word' id='word_1_55' title='bbox 1308 865 1530 937; x_wconf 76' lang='grc' dir='ltr'>σπέρμα</span> <span class='ocrx_word' id='word_1_56' title='bbox 1566 866 1817 938; x_wconf 83' lang='grc' dir='ltr'>Ἀϐραὰμ</span> <span class='ocrx_word' id='word_1_57' title='bbox 1864 868 2065 932; x_wconf 85' lang='grc' dir='ltr'>πάντες</span> 
     </span>
    </p>
   </div>
   <div class='ocr_carea' id='block_1_10' title="bbox 468 951 2063 1028">
    <p class='ocr_par' dir='ltr' id='par_1_10' title="bbox 468 951 2063 1028">
     <span class='ocr_line' id='line_1_10' title="bbox 468 951 2063 1028; baseline 0.004 -24"><span class='ocrx_word' id='word_1_58' title='bbox 468 951 636 1006; x_wconf 83' lang='grc' dir='ltr'>τέκνα</span> <span class='ocrx_word' id='word_1_59' title='bbox 656 970 670 982; x_wconf 86' lang='grc'><strong>·</strong></span> <span class='ocrx_word' id='word_1_60' title='bbox 704 953 798 1005; x_wconf 76' lang='grc' dir='ltr'><strong>καὶ</strong></span> <span class='ocrx_word' id='word_1_61' title='bbox 823 953 899 1017; x_wconf 88' lang='grc' dir='ltr'>ὡς</span> <span class='ocrx_word' id='word_1_62' title='bbox 933 954 994 1008; x_wconf 84' lang='grc' dir='ltr'><strong>οὐ</strong></span> <span class='ocrx_word' id='word_1_63' title='bbox 1022 954 1091 1008; x_wconf 79' lang='grc' dir='ltr'><strong>τά</strong></span> <span class='ocrx_word' id='word_1_64' title='bbox 1124 954 1289 1008; x_wconf 85' lang='grc' dir='ltr'>τέκνα</span> <span class='ocrx_word' id='word_1_65' title='bbox 1332 956 1431 1027; x_wconf 86' lang='grc' dir='ltr'><strong>τῆς</strong></span> <span class='ocrx_word' id='word_1_66' title='bbox 1461 955 1663 1028; x_wconf 86' lang='grc' dir='ltr'>σαρκὸς</span> <span class='ocrx_word' id='word_1_67' title='bbox 1691 955 1863 1011; x_wconf 82' lang='grc' dir='ltr'>ταῦτα</span> <span class='ocrx_word' id='word_1_68' title='bbox 1894 958 2063 1011; x_wconf 82' lang='grc' dir='ltr'>τέκνα</span> 
     </span>
    </p>
   </div>
   <div class='ocr_carea' id='block_1_11' title="bbox 468 1042 2066 1117">
    <p class='ocr_par' dir='ltr' id='par_1_11' title="bbox 468 1042 2066 1117">
     <span class='ocr_line' id='line_1_11' title="bbox 468 1042 2066 1117; baseline 0.006 -24"><span class='ocrx_word' id='word_1_69' title='bbox 468 1042 565 1095; x_wconf 75' lang='grc' dir='ltr'>τοῦ</span> <span class='ocrx_word' id='word_1_70' title='bbox 601 1043 765 1097; x_wconf 78' lang='grc' dir='ltr'>Θεοῦ·</span> <span class='ocrx_word' id='word_1_71' title='bbox 807 1044 928 1098; x_wconf 80' lang='grc' dir='ltr'><strong>ούδέ</strong></span> <span class='ocrx_word' id='word_1_72' title='bbox 950 1047 978 1099; x_wconf 93' lang='lat'><strong>6</strong></span> <span class='ocrx_word' id='word_1_73' title='bbox 1003 1046 1063 1099; x_wconf 84' lang='grc' dir='ltr'><strong>ἐν</strong></span> <span class='ocrx_word' id='word_1_74' title='bbox 1090 1044 1167 1115; x_wconf 86' lang='grc' dir='ltr'><strong>τῷ</strong></span> <span class='ocrx_word' id='word_1_75' title='bbox 1206 1046 1427 1117; x_wconf 79' lang='grc' dir='ltr'>φανερῷ</span> <span class='ocrx_word' id='word_1_76' title='bbox 1470 1047 1721 1111; x_wconf 81' lang='grc' dir='ltr'>Ἰουδαῖός</span> <span class='ocrx_word' id='word_1_77' title='bbox 1743 1050 1913 1114; x_wconf 76' lang='grc' dir='ltr'>ἐστιν,</span> <span class='ocrx_word' id='word_1_78' title='bbox 1944 1050 2066 1103; x_wconf 82' lang='grc' dir='ltr'><strong>οὐδέ</strong></span> 
     </span>
    </p>
   </div>
   <div class='ocr_carea' id='block_1_12' title="bbox 470 1132 2065 1209">
    <p class='ocr_par' dir='ltr' id='par_1_12' title="bbox 470 1132 2065 1209">
     <span class='ocr_line' id='line_1_12' title="bbox 470 1132 2065 1209; baseline 0.006 -26"><span class='ocrx_word' id='word_1_79' title='bbox 470 1134 503 1201; x_wconf 89' lang='grc' dir='ltr'><strong>ή</strong></span> <span class='ocrx_word' id='word_1_80' title='bbox 534 1133 591 1183; x_wconf 90' lang='grc' dir='ltr'><strong>ἐν</strong></span> <span class='ocrx_word' id='word_1_81' title='bbox 624 1132 702 1203; x_wconf 86' lang='grc' dir='ltr'><strong>τῷ</strong></span> <span class='ocrx_word' id='word_1_82' title='bbox 732 1133 953 1205; x_wconf 78' lang='grc' dir='ltr'>φανερῷ</span> <span class='ocrx_word' id='word_1_83' title='bbox 1002 1134 1060 1186; x_wconf 80' lang='grc' dir='ltr'><strong>ἐν</strong></span> <span class='ocrx_word' id='word_1_84' title='bbox 1112 1135 1276 1205; x_wconf 80' lang='grc' dir='ltr'>σαρκὶ</span> <span class='ocrx_word' id='word_1_85' title='bbox 1324 1136 1617 1208; x_wconf 79' lang='grc' dir='ltr'>περιτομὴ,</span> <span class='ocrx_word' id='word_1_86' title='bbox 1651 1138 1766 1191; x_wconf 80' lang='grc' dir='ltr'>ἀλλ’</span> <span class='ocrx_word' id='word_1_87' title='bbox 1811 1141 1840 1192; x_wconf 93' lang='lat'><strong>6</strong></span> <span class='ocrx_word' id='word_1_88' title='bbox 1884 1140 1943 1191; x_wconf 89' lang='grc' dir='ltr'><strong>ἐν</strong></span> <span class='ocrx_word' id='word_1_89' title='bbox 1986 1138 2065 1209; x_wconf 87' lang='grc' dir='ltr'><strong>τῷ</strong></span> 
     </span>
    </p>
   </div>
   <div class='ocr_carea' id='block_1_13' title="bbox 468 1225 2061 1303">
    <p class='ocr_par' dir='ltr' id='par_1_13' title="bbox 468 1225 2061 1303">
     <span class='ocr_line' id='line_1_13' title="bbox 468 1225 2061 1303; baseline 0.004 -25"><span class='ocrx_word' id='word_1_90' title='bbox 468 1225 695 1296; x_wconf 84' lang='grc' dir='ltr'>κρυπτῷ</span> <span class='ocrx_word' id='word_1_91' title='bbox 727 1227 998 1291; x_wconf 85' lang='grc' dir='ltr'>Ἰουδαῖος,</span> <span class='ocrx_word' id='word_1_92' title='bbox 1029 1230 1124 1283; x_wconf 78' lang='grc' dir='ltr'><strong>καὶ</strong></span> <span class='ocrx_word' id='word_1_93' title='bbox 1148 1230 1417 1302; x_wconf 85' lang='grc' dir='ltr'>περιτομὴ</span> <span class='ocrx_word' id='word_1_94' title='bbox 1444 1230 1670 1301; x_wconf 83' lang='grc' dir='ltr'>καρδίας</span> <span class='ocrx_word' id='word_1_95' title='bbox 1697 1234 1754 1285; x_wconf 92' lang='grc' dir='ltr'><strong>ἐν</strong></span> <span class='ocrx_word' id='word_1_96' title='bbox 1770 1232 2061 1303; x_wconf 87' lang='grc' dir='ltr'>πνεύματι,</span> 
     </span>
    </p>
   </div>
   <div class='ocr_carea' id='block_1_14' title="bbox 466 1318 2064 1392">
    <p class='ocr_par' dir='ltr' id='par_1_14' title="bbox 466 1318 2064 1392">
     <span class='ocr_line' id='line_1_14' title="bbox 466 1318 2064 1392; baseline 0.006 -23"><span class='ocrx_word' id='word_1_97' title='bbox 466 1318 529 1370; x_wconf 77' lang='grc' dir='ltr'><strong>ού</strong></span> <span class='ocrx_word' id='word_1_98' title='bbox 558 1318 868 1389; x_wconf 83' lang='grc' dir='ltr'><strong>γράμματι,</strong></span> <span class='ocrx_word' id='word_1_99' title='bbox 900 1320 1143 1376; x_wconf 80' lang='grc' dir='ltr'><strong>διδάσκει</strong></span> <span class='ocrx_word' id='word_1_100' title='bbox 1175 1322 1363 1392; x_wconf 82' lang='grc' dir='ltr'>σαφῶς</span> <span class='ocrx_word' id='word_1_101' title='bbox 1386 1324 1419 1376; x_wconf 97' lang='lat'><strong>6</strong></span> <span class='ocrx_word' id='word_1_102' title='bbox 1451 1325 1790 1389; x_wconf 86' lang='grc' dir='ltr'>Ἀπόστολος.</span> <span class='ocrx_word' id='word_1_103' title='bbox 1820 1326 1943 1379; x_wconf 74' lang='grc' dir='ltr'><strong>Ἐπὶ</strong></span> <span class='ocrx_word' id='word_1_104' title='bbox 1972 1326 2064 1379; x_wconf 90' lang='grc' dir='ltr'><strong>τὸν</strong></span> 
     </span>
    </p>
   </div>
   <div class='ocr_carea' id='block_1_15' title="bbox 482 1408 2063 1490">
    <p class='ocr_par' dir='ltr' id='par_1_15' title="bbox 482 1408 2063 1490">
     <span class='ocr_line' id='line_1_15' title="bbox 482 1408 2063 1490; baseline 0.005 -29"><span class='ocrx_word' id='word_1_105' title='bbox 482 1408 697 1481; x_wconf 81' lang='grc' dir='ltr'>Ἰσραὴλ</span> <span class='ocrx_word' id='word_1_106' title='bbox 715 1411 893 1464; x_wconf 83' lang='grc' dir='ltr'>τοίνυν</span> <span class='ocrx_word' id='word_1_107' title='bbox 915 1414 947 1483; x_wconf 86' lang='grc' dir='ltr'>ὴ</span> <span class='ocrx_word' id='word_1_108' title='bbox 983 1415 1431 1486; x_wconf 81' lang='grc' dir='ltr'>μεγαλοπρέπεια</span> <span class='ocrx_word' id='word_1_109' title='bbox 1472 1415 1635 1470; x_wconf 82' lang='grc' dir='ltr'>αὐτοῦ</span> <span class='ocrx_word' id='word_1_110' title='bbox 1660 1434 1673 1447; x_wconf 88' lang='grc'><strong>·</strong></span> <span class='ocrx_word' id='word_1_111' title='bbox 1703 1416 1837 1471; x_wconf 84' lang='grc' dir='ltr'><strong>ἀλλά</strong></span> <span class='ocrx_word' id='word_1_112' title='bbox 1863 1418 1958 1471; x_wconf 66' lang='grc' dir='ltr'><strong>καὶ⁴</strong></span> <span class='ocrx_word' id='word_1_113' title='bbox 1983 1438 2002 1469; x_wconf 85' lang='grc'><strong><em>‹</em></strong></span> <span class='ocrx_word' id='word_1_114' title='bbox 2029 1422 2063 1490; x_wconf 83' lang='grc' dir='ltr'>ὴ</span> 
     </span>
    </p>
   </div>
   <div class='ocr_carea' id='block_1_16' title="bbox 465 1499 2064 1582">
    <p class='ocr_par' dir='ltr' id='par_1_16' title="bbox 465 1499 2064 1582">
     <span class='ocr_line' id='line_1_16' title="bbox 465 1499 2064 1582; baseline 0.009 -31"><span class='ocrx_word' id='word_1_115' title='bbox 465 1499 695 1571; x_wconf 88' lang='grc' dir='ltr'>δύναμις</span> <span class='ocrx_word' id='word_1_116' title='bbox 737 1503 899 1556; x_wconf 83' lang='grc' dir='ltr'>αὐτοῦ</span> <span class='ocrx_word' id='word_1_117' title='bbox 926 1506 984 1558; x_wconf 83' lang='grc' dir='ltr'><strong>ἐν</strong></span> <span class='ocrx_word' id='word_1_118' title='bbox 1008 1509 1127 1569; x_wconf 87' lang='grc' dir='ltr'>ταῖς</span> <span class='ocrx_word' id='word_1_119' title='bbox 1159 1507 1443 1576; x_wconf 79' lang='grc' dir='ltr'>νεφέλαις·</span> <span class='ocrx_word' id='word_1_120' title='bbox 1481 1528 1501 1561; x_wconf 76' lang='grc' dir='ltr'><strong>ι</strong></span> <span class='ocrx_word' id='word_1_121' title='bbox 1535 1510 1662 1582; x_wconf 77' lang='grc' dir='ltr'>περὶ</span> <span class='ocrx_word' id='word_1_122' title='bbox 1707 1503 1782 1563; x_wconf 86' lang='grc' dir='ltr'>ὧν</span> <span class='ocrx_word' id='word_1_123' title='bbox 1836 1512 2064 1578; x_wconf 79' lang='grc' dir='ltr'>Ἡσαΐας</span> 
     </span>
    </p>
   </div>
   <div class='ocr_carea' id='block_1_17' title="bbox 466 1591 2063 1675">
    <p class='ocr_par' dir='ltr' id='par_1_17' title="bbox 466 1591 2063 1675">
     <span class='ocr_line' id='line_1_17' title="bbox 466 1591 2063 1675; baseline 0.009 -32"><span class='ocrx_word' id='word_1_124' title='bbox 466 1591 711 1657; x_wconf 79' lang='grc' dir='ltr'>θεσπίζει</span> <span class='ocrx_word' id='word_1_125' title='bbox 747 1594 946 1663; x_wconf 90' lang='grc' dir='ltr'>λέγων·</span> <span class='ocrx_word' id='word_1_126' title='bbox 986 1614 1013 1648; x_wconf 82' lang='grc'><em>‹</em></span> <span class='ocrx_word' id='word_1_127' title='bbox 1040 1598 1151 1651; x_wconf 75' lang='grc' dir='ltr'><strong>Καὶ</strong></span> <span class='ocrx_word' id='word_1_128' title='bbox 1185 1600 1307 1662; x_wconf 88' lang='grc' dir='ltr'>ταῖς</span> <span class='ocrx_word' id='word_1_129' title='bbox 1340 1598 1589 1669; x_wconf 79' lang='grc' dir='ltr'>νεφέλαις</span> <span class='ocrx_word' id='word_1_130' title='bbox 1633 1601 1951 1673; x_wconf 76' lang='grc' dir='ltr'>ἐντελοῧμαι</span> <span class='ocrx_word' id='word_1_131' title='bbox 1988 1605 2063 1675; x_wconf 84' lang='grc' dir='ltr'>μὴ</span> 
     </span>
    </p>
   </div>
   <div class='ocr_carea' id='block_1_18' title="bbox 468 1682 2060 1767">
    <p class='ocr_par' dir='ltr' id='par_1_18' title="bbox 468 1682 2060 1767">
     <span class='ocr_line' id='line_1_18' title="bbox 468 1682 2060 1767; baseline 0.009 -32"><span class='ocrx_word' id='word_1_132' title='bbox 468 1682 655 1755; x_wconf 80' lang='grc' dir='ltr'>βρέξαι</span> <span class='ocrx_word' id='word_1_133' title='bbox 698 1686 790 1738; x_wconf 77' lang='grc' dir='ltr'>ἐπὶ</span> <span class='ocrx_word' id='word_1_134' title='bbox 838 1687 930 1740; x_wconf 93' lang='grc' dir='ltr'><strong>τὸν</strong></span> <span class='ocrx_word' id='word_1_135' title='bbox 975 1688 1274 1759; x_wconf 79' lang='grc' dir='ltr'>ἀμπελῶνα</span> <span class='ocrx_word' id='word_1_136' title='bbox 1304 1691 1480 1745; x_wconf 79' lang='grc' dir='ltr'>ὑετόν.</span> <span class='ocrx_word' id='word_1_137' title='bbox 1519 1711 1538 1744; x_wconf 77' lang='grc' dir='ltr'><strong>ι</strong></span> <span class='ocrx_word' id='word_1_138' title='bbox 1585 1692 1805 1763; x_wconf 86' lang='grc' dir='ltr'>Ἐδήλου</span> <span class='ocrx_word' id='word_1_139' title='bbox 1848 1693 1906 1746; x_wconf 83' lang='grc' dir='ltr'>δὲ</span> <span class='ocrx_word' id='word_1_140' title='bbox 1952 1696 2060 1767; x_wconf 86' lang='grc' dir='ltr'>ἄρα</span> 
     </span>
    </p>
   </div>
   <div class='ocr_carea' id='block_1_19' title="bbox 467 1778 2063 1857">
    <p class='ocr_par' dir='ltr' id='par_1_19' title="bbox 467 1778 2063 1857">
     <span class='ocr_line' id='line_1_19' title="bbox 467 1778 2063 1857; baseline 0.008 -29"><span class='ocrx_word' id='word_1_141' title='bbox 467 1778 599 1839; x_wconf 84' lang='grc' dir='ltr'>τοὺς</span> <span class='ocrx_word' id='word_1_142' title='bbox 636 1779 924 1848; x_wconf 80' lang='grc' dir='ltr'>προφήτας</span> <span class='ocrx_word' id='word_1_143' title='bbox 951 1782 1044 1834; x_wconf 70' lang='grc' dir='ltr'>καὶ</span> <span class='ocrx_word' id='word_1_144' title='bbox 1092 1782 1218 1846; x_wconf 85' lang='grc' dir='ltr'>τοὺς</span> <span class='ocrx_word' id='word_1_145' title='bbox 1260 1782 1373 1835; x_wconf 84' lang='grc' dir='ltr'><strong>τῶν</strong></span> <span class='ocrx_word' id='word_1_146' title='bbox 1415 1784 1574 1838; x_wconf 84' lang='grc' dir='ltr'>θείων</span> <span class='ocrx_word' id='word_1_147' title='bbox 1618 1785 1954 1857; x_wconf 83' lang='grc' dir='ltr'>μαθημάτων</span> <span class='ocrx_word' id='word_1_148' title='bbox 1982 1787 2063 1841; x_wconf 88' lang='grc' dir='ltr'>δι-</span> 
     </span>
    </p>
   </div>
   <div class='ocr_carea' id='block_1_20' title="bbox 2168 582 3745 655">
    <p class='ocr_par' dir='ltr' id='par_1_20' title="bbox 2168 582 3745 655">
     <span class='ocr_line' id='line_1_20' title="bbox 2168 582 3745 655; baseline -0.004 -12"><span class='ocrx_word' id='word_1_149' title='bbox 2168 590 2449 644; x_wconf 63' lang='grc' dir='ltr'><strong>οαξιινδδτδ</strong></span> <span class='ocrx_word' id='word_1_150' title='bbox 2494 587 2650 653; x_wconf 87' lang='lat' dir='ltr'><strong>Quod</strong></span> <span class='ocrx_word' id='word_1_151' title='bbox 2697 596 2879 641; x_wconf 90' lang='lat' dir='ltr'><strong>autem</strong></span> <span class='ocrx_word' id='word_1_152' title='bbox 2913 602 3021 640; x_wconf 89' lang='lat' dir='ltr'><strong>non</strong></span> <span class='ocrx_word' id='word_1_153' title='bbox 3068 600 3257 640; x_wconf 81' lang='lat' dir='ltr'><strong>omnes</strong></span> <span class='ocrx_word' id='word_1_154' title='bbox 3296 584 3393 655; x_wconf 92' lang='lat' dir='ltr'><strong>qu-i</strong></span> <span class='ocrx_word' id='word_1_155' title='bbox 3438 599 3506 638; x_wconf 78' lang='lat' dir='ltr'><strong>ex</strong></span> <span class='ocrx_word' id='word_1_156' title='bbox 3539 582 3745 637; x_wconf 87' lang='lat' dir='ltr'><strong>Israele</strong></span> 
     </span>
    </p>
   </div>
   <div class='ocr_carea' id='block_1_21' title="bbox 2167 676 3744 748">
    <p class='ocr_par' dir='ltr' id='par_1_21' title="bbox 2167 676 3744 748">
     <span class='ocr_line' id='line_1_21' title="bbox 2167 676 3744 748; baseline -0.006 -11"><span class='ocrx_word' id='word_1_157' title='bbox 2167 688 2317 743; x_wconf 87' lang='lat' dir='ltr'><strong>sunt,</strong></span> <span class='ocrx_word' id='word_1_158' title='bbox 2348 681 2511 736; x_wconf 85' lang='lat' dir='ltr'><strong>Israel</strong></span> <span class='ocrx_word' id='word_1_159' title='bbox 2540 678 2772 735; x_wconf 82' lang='lat' dir='ltr'><strong>vocandi</strong></span> <span class='ocrx_word' id='word_1_160' title='bbox 2804 682 2947 745; x_wconf 86' lang='lat' dir='ltr'><strong>sint;</strong></span> <span class='ocrx_word' id='word_1_161' title='bbox 2981 694 3157 748; x_wconf 90' lang='lat' dir='ltr'><strong>neque</strong></span> <span class='ocrx_word' id='word_1_162' title='bbox 3182 678 3311 748; x_wconf 88' lang='lat' dir='ltr'><strong>quia</strong></span> <span class='ocrx_word' id='word_1_163' title='bbox 3344 692 3531 732; x_wconf 85' lang='lat' dir='ltr'><strong>semen</strong></span> <span class='ocrx_word' id='word_1_164' title='bbox 3570 676 3744 730; x_wconf 82' lang='lat' dir='ltr'><strong>Abra-</strong></span> 
     </span>
    </p>
   </div>
   <div class='ocr_carea' id='block_1_22' title="bbox 2165 767 3744 838">
    <p class='ocr_par' dir='ltr' id='par_1_22' title="bbox 2165 767 3744 838">
     <span class='ocr_line' id='line_1_22' title="bbox 2165 767 3744 838; baseline -0.004 -12"><span class='ocrx_word' id='word_1_165' title='bbox 2165 772 2249 826; x_wconf 71' lang='lat' dir='ltr'><strong>hae</strong></span> <span class='ocrx_word' id='word_1_166' title='bbox 2276 778 2424 835; x_wconf 87' lang='lat' dir='ltr'><strong>sunt,</strong></span> <span class='ocrx_word' id='word_1_167' title='bbox 2463 770 2586 825; x_wconf 90' lang='lat' dir='ltr'><strong>ideo</strong></span> <span class='ocrx_word' id='word_1_168' title='bbox 2620 784 2813 824; x_wconf 90' lang='lat' dir='ltr'><strong>omnes</strong></span> <span class='ocrx_word' id='word_1_169' title='bbox 2861 768 2955 821; x_wconf 93' lang='lat' dir='ltr'><strong>ﬁlii</strong></span> <span class='ocrx_word' id='word_1_170' title='bbox 2999 769 3121 838; x_wconf 85' lang='lat' dir='ltr'><strong>ejus</strong></span> <span class='ocrx_word' id='word_1_171' title='bbox 3168 769 3307 834; x_wconf 86' lang='lat' dir='ltr'><strong>sint;</strong></span> <span class='ocrx_word' id='word_1_172' title='bbox 3355 767 3613 837; x_wconf 87' lang='lat' dir='ltr'><strong>quodque</strong></span> <span class='ocrx_word' id='word_1_173' title='bbox 3649 767 3744 821; x_wconf 88' lang='lat' dir='ltr'><strong>ﬁlii</strong></span> 
     </span>
    </p>
   </div>
   <div class='ocr_carea' id='block_1_23' title="bbox 2165 858 3746 932">
    <p class='ocr_par' dir='ltr' id='par_1_23' title="bbox 2165 858 3746 932">
     <span class='ocr_line' id='line_1_23' title="bbox 2165 858 3746 932; baseline -0.003 -14"><span class='ocrx_word' id='word_1_174' title='bbox 2165 866 2352 919; x_wconf 89' lang='lat' dir='ltr'><strong>carnis</strong></span> <span class='ocrx_word' id='word_1_175' title='bbox 2380 879 2490 918; x_wconf 84' lang='lat' dir='ltr'><strong>non</strong></span> <span class='ocrx_word' id='word_1_176' title='bbox 2540 865 2636 917; x_wconf 88' lang='lat' dir='ltr'><strong>ﬁlii</strong></span> <span class='ocrx_word' id='word_1_177' title='bbox 2669 863 2763 917; x_wconf 89' lang='lat' dir='ltr'><strong>Dei</strong></span> <span class='ocrx_word' id='word_1_178' title='bbox 2812 863 3008 925; x_wconf 72' lang='lat' dir='ltr'><strong>sint“,</strong></span> <span class='ocrx_word' id='word_1_179' title='bbox 3060 876 3236 932; x_wconf 84' lang='lat' dir='ltr'><strong>neque</strong></span> <span class='ocrx_word' id='word_1_180' title='bbox 3291 861 3384 931; x_wconf 87' lang='lat' dir='ltr'><strong>qui</strong></span> <span class='ocrx_word' id='word_1_181' title='bbox 3432 862 3612 930; x_wconf 82' lang='lat' dir='ltr'><strong>palam</strong></span> <span class='ocrx_word' id='word_1_182' title='bbox 3647 858 3746 913; x_wconf 68' lang='lat' dir='ltr'><strong>Ju-</strong></span> 
     </span>
    </p>
   </div>
   <div class='ocr_carea' id='block_1_24' title="bbox 2165 954 3744 1025">
    <p class='ocr_par' dir='ltr' id='par_1_24' title="bbox 2165 954 3744 1025">
     <span class='ocr_line' id='line_1_24' title="bbox 2165 954 3744 1025; baseline -0.002 -16"><span class='ocrx_word' id='word_1_183' title='bbox 2165 954 2336 1017; x_wconf 58' lang='lat' dir='ltr'><strong>dteus,</strong></span> <span class='ocrx_word' id='word_1_184' title='bbox 2369 971 2496 1010; x_wconf 84' lang='lat' dir='ltr'><strong>vere</strong></span> <span class='ocrx_word' id='word_1_185' title='bbox 2537 955 2663 1010; x_wconf 92' lang='lat' dir='ltr'><strong>talis</strong></span> <span class='ocrx_word' id='word_1_186' title='bbox 2693 956 2787 1015; x_wconf 85' lang='lat' dir='ltr'><strong>sit.</strong></span> <span class='ocrx_word' id='word_1_187' title='bbox 2820 970 2999 1025; x_wconf 90' lang='lat' dir='ltr'><strong>neque</strong></span> <span class='ocrx_word' id='word_1_188' title='bbox 3028 969 3159 1009; x_wconf 84' lang='lat' dir='ltr'><strong>vera</strong></span> <span class='ocrx_word' id='word_1_189' title='bbox 3190 954 3544 1009; x_wconf 87' lang='lat' dir='ltr'><strong>circumcisio</strong></span> <span class='ocrx_word' id='word_1_190' title='bbox 3574 955 3646 1009; x_wconf 89' lang='lat' dir='ltr'><strong>sit</strong></span> <span class='ocrx_word' id='word_1_191' title='bbox 3681 969 3744 1008; x_wconf 91' lang='lat' dir='ltr'><strong>ea</strong></span> 
     </span>
    </p>
   </div>
   <div class='ocr_carea' id='block_1_25' title="bbox 2167 1044 3746 1116">
    <p class='ocr_par' dir='ltr' id='par_1_25' title="bbox 2167 1044 3746 1116">
     <span class='ocr_line' id='line_1_25' title="bbox 2167 1044 3746 1116; baseline -0.001 -17"><span class='ocrx_word' id='word_1_192' title='bbox 2167 1062 2288 1116; x_wconf 68' lang='lat' dir='ltr'><strong>quae</strong></span> <span class='ocrx_word' id='word_1_193' title='bbox 2323 1047 2379 1101; x_wconf 88' lang='lat' dir='ltr'><strong>in</strong></span> <span class='ocrx_word' id='word_1_194' title='bbox 2411 1062 2578 1102; x_wconf 89' lang='lat' dir='ltr'><strong>carne</strong></span> <span class='ocrx_word' id='word_1_195' title='bbox 2609 1046 2705 1110; x_wconf 85' lang='lat' dir='ltr'><strong>ﬁt;</strong></span> <span class='ocrx_word' id='word_1_196' title='bbox 2742 1046 2838 1102; x_wconf 86' lang='lat' dir='ltr'><strong>sed</strong></span> <span class='ocrx_word' id='word_1_197' title='bbox 2866 1044 3093 1101; x_wconf 68' lang='lat' dir='ltr'><strong>Iudaeus</strong></span> <span class='ocrx_word' id='word_1_198' title='bbox 3120 1060 3280 1101; x_wconf 86' lang='lat' dir='ltr'><strong>verus</strong></span> <span class='ocrx_word' id='word_1_199' title='bbox 3321 1046 3376 1099; x_wconf 93' lang='lat' dir='ltr'><strong>in</strong></span> <span class='ocrx_word' id='word_1_200' title='bbox 3414 1045 3655 1109; x_wconf 88' lang='lat' dir='ltr'><strong>occulto,</strong></span> <span class='ocrx_word' id='word_1_201' title='bbox 3690 1054 3746 1099; x_wconf 77' lang='lat' dir='ltr'><strong>et</strong></span> 
     </span>
    </p>
   </div>
   <div class='ocr_carea' id='block_1_26' title="bbox 2164 1138 3740 1208">
    <p class='ocr_par' dir='ltr' id='par_1_26' title="bbox 2164 1138 3740 1208">
     <span class='ocr_line' id='line_1_26' title="bbox 2164 1138 3740 1208; baseline -0.003 -15"><span class='ocrx_word' id='word_1_202' title='bbox 2164 1139 2519 1195; x_wconf 85' lang='lat' dir='ltr'><strong>circumcisio</strong></span> <span class='ocrx_word' id='word_1_203' title='bbox 2548 1138 2732 1195; x_wconf 88' lang='lat' dir='ltr'><strong>cordis</strong></span> <span class='ocrx_word' id='word_1_204' title='bbox 2770 1139 2823 1192; x_wconf 92' lang='lat' dir='ltr'><strong>in</strong></span> <span class='ocrx_word' id='word_1_205' title='bbox 2855 1138 3053 1208; x_wconf 75' lang='lat' dir='ltr'><strong>spiritu</strong></span> <span class='ocrx_word' id='word_1_206' title='bbox 3076 1180 3092 1205; x_wconf 88' lang='lat'><strong>,</strong></span> <span class='ocrx_word' id='word_1_207' title='bbox 3138 1153 3250 1193; x_wconf 89' lang='lat' dir='ltr'><strong>non</strong></span> <span class='ocrx_word' id='word_1_208' title='bbox 3278 1138 3335 1191; x_wconf 89' lang='lat' dir='ltr'><strong>in</strong></span> <span class='ocrx_word' id='word_1_209' title='bbox 3364 1138 3547 1193; x_wconf 76' lang='lat' dir='ltr'><strong>littera</strong></span> <span class='ocrx_word' id='word_1_210' title='bbox 3577 1138 3740 1201; x_wconf 80' lang='lat' dir='ltr'><strong>sit&quot;,</strong></span> 
     </span>
    </p>
   </div>
   <div class='ocr_carea' id='block_1_27' title="bbox 2165 1226 3742 1300">
    <p class='ocr_par' dir='ltr' id='par_1_27' title="bbox 2165 1226 3742 1300">
     <span class='ocr_line' id='line_1_27' title="bbox 2165 1226 3742 1300; baseline 0 -17"><span class='ocrx_word' id='word_1_211' title='bbox 2165 1230 2314 1283; x_wconf 89' lang='lat' dir='ltr'><strong>clare</strong></span> <span class='ocrx_word' id='word_1_212' title='bbox 2345 1229 2505 1285; x_wconf 90' lang='lat' dir='ltr'><strong>docet</strong></span> <span class='ocrx_word' id='word_1_213' title='bbox 2530 1230 2845 1300; x_wconf 84' lang='lat' dir='ltr'><strong>Apostolus.</strong></span> <span class='ocrx_word' id='word_1_214' title='bbox 2890 1228 3069 1299; x_wconf 88' lang='lat' dir='ltr'><strong>Super</strong></span> <span class='ocrx_word' id='word_1_215' title='bbox 3099 1226 3271 1283; x_wconf 89' lang='lat' dir='ltr'><strong>Israel</strong></span> <span class='ocrx_word' id='word_1_216' title='bbox 3321 1228 3491 1298; x_wconf 82' lang='lat' dir='ltr'><strong>igitur</strong></span> <span class='ocrx_word' id='word_1_217' title='bbox 3530 1228 3742 1298; x_wconf 84' lang='lat' dir='ltr'><strong>magni-</strong></span> 
     </span>
    </p>
   </div>
   <div class='ocr_carea' id='block_1_28' title="bbox 2166 1320 3737 1391">
    <p class='ocr_par' dir='ltr' id='par_1_28' title="bbox 2166 1320 3737 1391">
     <span class='ocr_line' id='line_1_28' title="bbox 2166 1320 3737 1391; baseline -0.001 -16"><span class='ocrx_word' id='word_1_218' title='bbox 2166 1321 2383 1376; x_wconf 82' lang='lat' dir='ltr'><strong>licentia</strong></span> <span class='ocrx_word' id='word_1_219' title='bbox 2410 1322 2529 1391; x_wconf 90' lang='lat' dir='ltr'><strong>ejus</strong></span> <span class='ocrx_word' id='word_1_220' title='bbox 2553 1339 2569 1389; x_wconf 91' lang='lat'><strong>;</strong></span> <span class='ocrx_word' id='word_1_221' title='bbox 2611 1320 2709 1377; x_wconf 91' lang='lat' dir='ltr'><strong>sed</strong></span> <span class='ocrx_word' id='word_1_222' title='bbox 2734 1321 2902 1377; x_wconf 89' lang='lat' dir='ltr'><strong>etiam</strong></span> <span class='ocrx_word' id='word_1_223' title='bbox 2938 1339 2956 1372; x_wconf 81' lang='grc' dir='ltr'><strong>ι</strong></span> <span class='ocrx_word' id='word_1_224' title='bbox 2983 1321 3160 1375; x_wconf 87' lang='lat' dir='ltr'><strong>virtus</strong></span> <span class='ocrx_word' id='word_1_225' title='bbox 3182 1320 3303 1389; x_wconf 89' lang='lat' dir='ltr'><strong>ejus</strong></span> <span class='ocrx_word' id='word_1_226' title='bbox 3335 1321 3390 1375; x_wconf 92' lang='lat' dir='ltr'><strong>in</strong></span> <span class='ocrx_word' id='word_1_227' title='bbox 3421 1321 3693 1377; x_wconf 85' lang='lat' dir='ltr'><strong>nubibus:</strong></span> <span class='ocrx_word' id='word_1_228' title='bbox 3714 1339 3737 1374; x_wconf 77' lang='grc' dir='ltr'><strong>ι</strong></span> 
     </span>
    </p>
   </div>
   <div class='ocr_carea' id='block_1_29' title="bbox 2164 1412 3742 1485">
    <p class='ocr_par' dir='ltr' id='par_1_29' title="bbox 2164 1412 3742 1485">
     <span class='ocr_line' id='line_1_29' title="bbox 2164 1412 3742 1485; baseline -0.001 -14"><span class='ocrx_word' id='word_1_229' title='bbox 2164 1416 2233 1471; x_wconf 92' lang='lat' dir='ltr'><strong>de</strong></span> <span class='ocrx_word' id='word_1_230' title='bbox 2266 1416 2466 1485; x_wconf 83' lang='lat' dir='ltr'><strong>quibus</strong></span> <span class='ocrx_word' id='word_1_231' title='bbox 2514 1416 2685 1471; x_wconf 90' lang='lat' dir='ltr'><strong>Isaias</strong></span> <span class='ocrx_word' id='word_1_232' title='bbox 2710 1415 3041 1471; x_wconf 88' lang='lat' dir='ltr'><strong>vaticinatur</strong></span> <span class='ocrx_word' id='word_1_233' title='bbox 3095 1414 3321 1469; x_wconf 84' lang='lat' dir='ltr'><strong>dicens:</strong></span> <span class='ocrx_word' id='word_1_234' title='bbox 3365 1432 3383 1465; x_wconf 82' lang='grc' dir='ltr'><strong>ι</strong></span> <span class='ocrx_word' id='word_1_235' title='bbox 3411 1412 3479 1468; x_wconf 86' lang='grc' dir='ltr'>Ει</span> <span class='ocrx_word' id='word_1_236' title='bbox 3504 1414 3742 1471; x_wconf 84' lang='lat' dir='ltr'><strong>nubibus</strong></span> 
     </span>
    </p>
   </div>
   <div class='ocr_carea' id='block_1_30' title="bbox 2166 1506 3740 1578">
    <p class='ocr_par' dir='ltr' id='par_1_30' title="bbox 2166 1506 3740 1578">
     <span class='ocr_line' id='line_1_30' title="bbox 2166 1506 3740 1578; baseline -0.001 -16"><span class='ocrx_word' id='word_1_237' title='bbox 2166 1508 2440 1563; x_wconf 87' lang='lat' dir='ltr'><strong>mandabo</strong></span> <span class='ocrx_word' id='word_1_238' title='bbox 2466 1522 2536 1562; x_wconf 91' lang='lat' dir='ltr'><strong>ne</strong></span> <span class='ocrx_word' id='word_1_239' title='bbox 2565 1509 2756 1577; x_wconf 89' lang='lat' dir='ltr'><strong>pluant</strong></span> <span class='ocrx_word' id='word_1_240' title='bbox 2780 1522 2947 1578; x_wconf 81' lang='lat' dir='ltr'><strong>snpra</strong></span> <span class='ocrx_word' id='word_1_241' title='bbox 2974 1508 3190 1563; x_wconf 83' lang='lat' dir='ltr'><strong>vineam</strong></span> <span class='ocrx_word' id='word_1_242' title='bbox 3227 1506 3470 1576; x_wconf 84' lang='lat' dir='ltr'><strong>pluviam</strong></span> <span class='ocrx_word' id='word_1_243' title='bbox 3488 1506 3534 1537; x_wconf 80' lang='grc' dir='ltr'><strong>⁷ο</strong></span> <span class='ocrx_word' id='word_1_244' title='bbox 3557 1524 3571 1573; x_wconf 90' lang='grc'><strong>;</strong></span> <span class='ocrx_word' id='word_1_245' title='bbox 3598 1525 3617 1558; x_wconf 82' lang='grc' dir='ltr'><strong>ι</strong></span> <span class='ocrx_word' id='word_1_246' title='bbox 3653 1506 3740 1561; x_wconf 82' lang='lat' dir='ltr'><strong>in-</strong></span> 
     </span>
    </p>
   </div>
   <div class='ocr_carea' id='block_1_31' title="bbox 2165 1598 3738 1671">
    <p class='ocr_par' dir='ltr' id='par_1_31' title="bbox 2165 1598 3738 1671">
     <span class='ocr_line' id='line_1_31' title="bbox 2165 1598 3738 1671; baseline -0.003 -14"><span class='ocrx_word' id='word_1_247' title='bbox 2165 1601 2361 1657; x_wconf 87' lang='lat' dir='ltr'><strong>dicans</strong></span> <span class='ocrx_word' id='word_1_248' title='bbox 2416 1601 2627 1657; x_wconf 82' lang='lat' dir='ltr'><strong>scilicet</strong></span> <span class='ocrx_word' id='word_1_249' title='bbox 2679 1601 2998 1671; x_wconf 73' lang='lat' dir='ltr'><strong>prophetas,</strong></span> <span class='ocrx_word' id='word_1_250' title='bbox 3051 1607 3111 1656; x_wconf 87' lang='lat' dir='ltr'><strong>et</strong></span> <span class='ocrx_word' id='word_1_251' title='bbox 3141 1600 3451 1654; x_wconf 79' lang='lat' dir='ltr'><strong>divinarum</strong></span> <span class='ocrx_word' id='word_1_252' title='bbox 3482 1598 3738 1668; x_wconf 84' lang='lat' dir='ltr'><strong>discipli--</strong></span> 
     </span>
    </p>
   </div>
   <div class='ocr_carea' id='block_1_32' title="bbox 2163 1689 3743 1762">
    <p class='ocr_par' dir='ltr' id='par_1_32' title="bbox 2163 1689 3743 1762">
     <span class='ocr_line' id='line_1_32' title="bbox 2163 1689 3743 1762; baseline -0.001 -16"><span class='ocrx_word' id='word_1_253' title='bbox 2163 1705 2358 1746; x_wconf 87' lang='lat' dir='ltr'><strong>narum</strong></span> <span class='ocrx_word' id='word_1_254' title='bbox 2413 1692 2688 1757; x_wconf 88' lang='lat' dir='ltr'><strong>doctores,</strong></span> <span class='ocrx_word' id='word_1_255' title='bbox 2721 1692 2836 1762; x_wconf 91' lang='lat' dir='ltr'><strong>qui,</strong></span> <span class='ocrx_word' id='word_1_256' title='bbox 2869 1691 3324 1747; x_wconf 63' lang='lat' dir='ltr'><strong>subministrante</strong></span> <span class='ocrx_word' id='word_1_257' title='bbox 3352 1689 3586 1761; x_wconf 81' lang='lat' dir='ltr'><strong>Spiritu,</strong></span> <span class='ocrx_word' id='word_1_258' title='bbox 3628 1704 3743 1745; x_wconf 77' lang='lat' dir='ltr'><strong>ca;-</strong></span> 
     </span>
    </p>
   </div>
   <div class='ocr_carea' id='block_1_33' title="bbox 2164 1782 3746 1855">
    <p class='ocr_par' dir='ltr' id='par_1_33' title="bbox 2164 1782 3746 1855">
     <span class='ocr_line' id='line_1_33' title="bbox 2164 1782 3746 1855; baseline -0.001 -18"><span class='ocrx_word' id='word_1_259' title='bbox 2164 1784 2288 1839; x_wconf 88' lang='lat' dir='ltr'><strong>Iesti</strong></span> <span class='ocrx_word' id='word_1_260' title='bbox 2315 1783 2498 1853; x_wconf 88' lang='lat' dir='ltr'><strong>pluvia</strong></span> <span class='ocrx_word' id='word_1_261' title='bbox 2525 1785 2737 1839; x_wconf 90' lang='lat' dir='ltr'><strong>animas</strong></span> <span class='ocrx_word' id='word_1_262' title='bbox 2767 1785 3053 1839; x_wconf 85' lang='lat' dir='ltr'><strong>hominum</strong></span> <span class='ocrx_word' id='word_1_263' title='bbox 3084 1791 3144 1838; x_wconf 85' lang='lat' dir='ltr'><strong>ut</strong></span> <span class='ocrx_word' id='word_1_264' title='bbox 3171 1785 3374 1839; x_wconf 85' lang='lat' dir='ltr'><strong>bonum</strong></span> <span class='ocrx_word' id='word_1_265' title='bbox 3410 1798 3598 1855; x_wconf 87' lang='lat' dir='ltr'><strong>agrum</strong></span> <span class='ocrx_word' id='word_1_266' title='bbox 3625 1782 3746 1837; x_wconf 86' lang='lat' dir='ltr'><strong>irri-</strong></span> 
     </span>
    </p>
   </div>
   <div class='ocr_carea' id='block_1_34' title="bbox 462 1865 2058 1951">
    <p class='ocr_par' dir='ltr' id='par_1_34' title="bbox 462 1868 2058 1951">
     <span class='ocr_line' id='line_1_34' title="bbox 462 1868 2058 1951; baseline 0.009 -31"><span class='ocrx_word' id='word_1_267' title='bbox 462 1868 785 1935; x_wconf 71' lang='grc' dir='ltr'>δασκάλους,</span> <span class='ocrx_word' id='word_1_268' title='bbox 820 1872 869 1925; x_wconf 82' lang='grc' dir='ltr'>οἳ</span> <span class='ocrx_word' id='word_1_269' title='bbox 901 1875 967 1944; x_wconf 84' lang='grc' dir='ltr'><strong>τῇ</strong></span> <span class='ocrx_word' id='word_1_270' title='bbox 1006 1873 1100 1927; x_wconf 82' lang='grc' dir='ltr'>τοῦ</span> <span class='ocrx_word' id='word_1_271' title='bbox 1144 1875 1463 1944; x_wconf 87' lang='grc' dir='ltr'>Πνεύματος</span> <span class='ocrx_word' id='word_1_272' title='bbox 1490 1877 1726 1950; x_wconf 82' lang='grc' dir='ltr'>χορηγίᾳ</span> <span class='ocrx_word' id='word_1_273' title='bbox 1770 1878 1860 1931; x_wconf 90' lang='grc' dir='ltr'><strong>τὸν</strong></span> <span class='ocrx_word' id='word_1_274' title='bbox 1901 1880 2058 1951; x_wconf 83' lang='grc' dir='ltr'>οὐρά-</span> 
     </span>
    </p>
   </div>
   <div class='ocr_carea' id='block_1_35' title="bbox 2163 1865 3742 1951">
    <p class='ocr_par' dir='ltr' id='par_1_35' title="bbox 2166 1874 3742 1947">
     <span class='ocr_line' id='line_1_35' title="bbox 2166 1874 3742 1947; baseline -0.001 -17"><span class='ocrx_word' id='word_1_275' title='bbox 2166 1876 2388 1946; x_wconf 88' lang='lat' dir='ltr'><strong>gabant.</strong></span> <span class='ocrx_word' id='word_1_276' title='bbox 2430 1876 2505 1931; x_wconf 84' lang='lat' dir='ltr'><strong>Ita</strong></span> <span class='ocrx_word' id='word_1_277' title='bbox 2538 1891 2668 1947; x_wconf 89' lang='lat' dir='ltr'><strong>ergo</strong></span> <span class='ocrx_word' id='word_1_278' title='bbox 2697 1876 2874 1931; x_wconf 82' lang='lat' dir='ltr'><strong>virtus</strong></span> <span class='ocrx_word' id='word_1_279' title='bbox 2910 1876 3031 1945; x_wconf 87' lang='lat' dir='ltr'><strong>ejus</strong></span> <span class='ocrx_word' id='word_1_280' title='bbox 3065 1877 3121 1930; x_wconf 91' lang='lat' dir='ltr'><strong>in</strong></span> <span class='ocrx_word' id='word_1_281' title='bbox 3157 1876 3425 1931; x_wconf 88' lang='lat' dir='ltr'><strong>nubibus.</strong></span> <span class='ocrx_word' id='word_1_282' title='bbox 3473 1893 3492 1926; x_wconf 76' lang='grc' dir='ltr'><strong>ι</strong></span> <span class='ocrx_word' id='word_1_283' title='bbox 3515 1874 3742 1930; x_wconf 85' lang='lat' dir='ltr'><strong>Mirabi-</strong></span> 
     </span>
    </p>
   </div>
   <div class='ocr_carea' id='block_1_36' title="bbox 464 1961 2063 2042">
    <p class='ocr_par' dir='ltr' id='par_1_36' title="bbox 464 1961 2063 2042">
     <span class='ocr_line' id='line_1_36' title="bbox 464 1961 2063 2042; baseline 0.008 -30"><span class='ocrx_word' id='word_1_284' title='bbox 464 1977 579 2015; x_wconf 89' lang='grc' dir='ltr'>νιον</span> <span class='ocrx_word' id='word_1_285' title='bbox 606 1961 760 2016; x_wconf 82' lang='grc' dir='ltr'>ὑετὸν</span> <span class='ocrx_word' id='word_1_286' title='bbox 783 1966 903 2027; x_wconf 80' lang='grc' dir='ltr'>ταῖς</span> <span class='ocrx_word' id='word_1_287' title='bbox 939 1963 1055 2018; x_wconf 89' lang='grc' dir='ltr'><strong>τῶν</strong></span> <span class='ocrx_word' id='word_1_288' title='bbox 1083 1964 1179 2018; x_wconf 91' lang='grc' dir='ltr'><strong>ἀνθ</strong></span> <span class='ocrx_word' id='word_1_289' title='bbox 1189 1964 1385 2037; x_wconf 75' lang='grc' dir='ltr'>ρώπων</span> <span class='ocrx_word' id='word_1_290' title='bbox 1407 1967 1606 2037; x_wconf 80' lang='grc' dir='ltr'>ψυχαῖς</span> <span class='ocrx_word' id='word_1_291' title='bbox 1653 1968 1841 2042; x_wconf 86' lang='grc' dir='ltr'>ῶσπερ</span> <span class='ocrx_word' id='word_1_292' title='bbox 1864 1971 1923 2023; x_wconf 82' lang='grc' dir='ltr'><strong>ἐν</strong></span> <span class='ocrx_word' id='word_1_293' title='bbox 1957 1969 2063 2041; x_wconf 85' lang='grc' dir='ltr'><strong>χώ-</strong></span> 
     </span>
    </p>
   </div>
   <div class='ocr_carea' id='block_1_37' title="bbox 465 2054 2062 2131">
    <p class='ocr_par' dir='ltr' id='par_1_37' title="bbox 465 2054 2062 2131">
     <span class='ocr_line' id='line_1_37' title="bbox 465 2054 2062 2131; baseline 0.006 -26"><span class='ocrx_word' id='word_1_294' title='bbox 465 2070 588 2123; x_wconf 84' lang='grc' dir='ltr'>ραις</span> <span class='ocrx_word' id='word_1_295' title='bbox 618 2054 848 2122; x_wconf 83' lang='grc' dir='ltr'>ἀγαθαῖς</span> <span class='ocrx_word' id='word_1_296' title='bbox 873 2056 1193 2127; x_wconf 86' lang='grc' dir='ltr'>ἐπήρδευον.</span> <span class='ocrx_word' id='word_1_297' title='bbox 1242 2056 1428 2122; x_wconf 79' lang='grc' dir='ltr'>Οὔτως</span> <span class='ocrx_word' id='word_1_298' title='bbox 1480 2054 1573 2112; x_wconf 78' lang='grc' dir='ltr'><strong>οὖν</strong></span> <span class='ocrx_word' id='word_1_299' title='bbox 1622 2061 1716 2113; x_wconf 75' lang='grc' dir='ltr'><strong>καὶ</strong></span> <span class='ocrx_word' id='word_1_300' title='bbox 1754 2062 1787 2131; x_wconf 89' lang='grc' dir='ltr'><strong>ή</strong></span> <span class='ocrx_word' id='word_1_301' title='bbox 1834 2060 2062 2131; x_wconf 85' lang='grc' dir='ltr'>δύναμις</span> 
     </span>
    </p>
   </div>
   <div class='ocr_carea' id='block_1_38' title="bbox 464 2144 2061 2221">
    <p class='ocr_par' dir='ltr' id='par_1_38' title="bbox 464 2144 2061 2221">
     <span class='ocr_line' id='line_1_38' title="bbox 464 2144 2061 2221; baseline 0.006 -24"><span class='ocrx_word' id='word_1_302' title='bbox 464 2144 631 2198; x_wconf 79' lang='grc' dir='ltr'>αὑτοῦ</span> <span class='ocrx_word' id='word_1_303' title='bbox 678 2146 736 2199; x_wconf 84' lang='grc' dir='ltr'><strong>ἐν</strong></span> <span class='ocrx_word' id='word_1_304' title='bbox 757 2148 879 2210; x_wconf 89' lang='grc' dir='ltr'>ταῖς</span> <span class='ocrx_word' id='word_1_305' title='bbox 914 2147 1182 2216; x_wconf 79' lang='grc' dir='ltr'>νεφέλαις.</span> <span class='ocrx_word' id='word_1_306' title='bbox 1219 2167 1241 2201; x_wconf 74' lang='grc' dir='ltr'><strong>ι</strong></span> <span class='ocrx_word' id='word_1_307' title='bbox 1268 2150 1591 2221; x_wconf 83' lang='grc' dir='ltr'>Θαυμαστὸς</span> <span class='ocrx_word' id='word_1_308' title='bbox 1635 2152 1664 2204; x_wconf 91' lang='lat'><strong>6</strong></span> <span class='ocrx_word' id='word_1_309' title='bbox 1708 2151 1837 2216; x_wconf 83' lang='grc' dir='ltr'>Θεὸς</span> <span class='ocrx_word' id='word_1_310' title='bbox 1865 2153 1923 2205; x_wconf 88' lang='grc' dir='ltr'><strong>ἐν</strong></span> <span class='ocrx_word' id='word_1_311' title='bbox 1950 2156 2061 2217; x_wconf 91' lang='grc' dir='ltr'>τοῖς</span> 
     </span>
    </p>
   </div>
   <div class='ocr_carea' id='block_1_39' title="bbox 465 2235 2063 2315">
    <p class='ocr_par' dir='ltr' id='par_1_39' title="bbox 465 2235 2063 2315">
     <span class='ocr_line' id='line_1_39' title="bbox 465 2235 2063 2315; baseline 0.006 -27"><span class='ocrx_word' id='word_1_312' title='bbox 465 2235 643 2303; x_wconf 78' lang='grc' dir='ltr'>ἁγίοις</span> <span class='ocrx_word' id='word_1_313' title='bbox 665 2236 853 2302; x_wconf 81' lang='grc' dir='ltr'>αὐτοῦ,</span> <span class='ocrx_word' id='word_1_314' title='bbox 887 2257 905 2290; x_wconf 80' lang='grc' dir='ltr'><strong>ι</strong></span> <span class='ocrx_word' id='word_1_315' title='bbox 946 2238 1152 2311; x_wconf 81' lang='grc' dir='ltr'>ἑτέροις</span> <span class='ocrx_word' id='word_1_316' title='bbox 1172 2236 1290 2294; x_wconf 77' lang='grc' dir='ltr'>οὖσι</span> <span class='ocrx_word' id='word_1_317' title='bbox 1311 2242 1460 2314; x_wconf 88' lang='grc' dir='ltr'><strong>παρά</strong></span> <span class='ocrx_word' id='word_1_318' title='bbox 1482 2244 1608 2307; x_wconf 81' lang='grc' dir='ltr'>τοὺς</span> <span class='ocrx_word' id='word_1_319' title='bbox 1632 2244 2063 2315; x_wconf 82' lang='grc' dir='ltr'>προωνομασμέ-</span> 
     </span>
    </p>
   </div>
   <div class='ocr_carea' id='block_1_40' title="bbox 462 2329 2060 2399">
    <p class='ocr_par' dir='ltr' id='par_1_40' title="bbox 462 2329 2060 2399">
     <span class='ocr_line' id='line_1_40' title="bbox 462 2329 2060 2399; baseline 0.006 -20"><span class='ocrx_word' id='word_1_320' title='bbox 462 2345 586 2390; x_wconf 87' lang='grc' dir='ltr'>νους</span> <span class='ocrx_word' id='word_1_321' title='bbox 607 2329 893 2399; x_wconf 84' lang='grc' dir='ltr'>προφήτας</span> <span class='ocrx_word' id='word_1_322' title='bbox 925 2330 1019 2383; x_wconf 77' lang='grc' dir='ltr'><strong>καὶ</strong></span> <span class='ocrx_word' id='word_1_323' title='bbox 1046 2331 1400 2396; x_wconf 85' lang='grc' dir='ltr'>ἀποστόλους.</span> <span class='ocrx_word' id='word_1_324' title='bbox 1438 2334 1595 2398; x_wconf 87' lang='grc' dir='ltr'>Τίνες</span> <span class='ocrx_word' id='word_1_325' title='bbox 1620 2334 1664 2387; x_wconf 87' lang='grc' dir='ltr'>δ’</span> <span class='ocrx_word' id='word_1_326' title='bbox 1692 2334 1756 2388; x_wconf 85' lang='grc' dir='ltr'>ἂν</span> <span class='ocrx_word' id='word_1_327' title='bbox 1782 2330 1891 2389; x_wconf 78' lang='grc' dir='ltr'>εἶεν</span> <span class='ocrx_word' id='word_1_328' title='bbox 1917 2330 2060 2390; x_wconf 69' lang='grc' dir='ltr'>οὗτοι</span> 
     </span>
    </p>
   </div>
   <div class='ocr_carea' id='block_1_41' title="bbox 462 2418 2059 2499">
    <p class='ocr_par' dir='ltr' id='par_1_41' title="bbox 462 2418 2059 2499">
     <span class='ocr_line' id='line_1_41' title="bbox 462 2418 2059 2499; baseline 0.008 -28"><span class='ocrx_word' id='word_1_329' title='bbox 462 2419 577 2471; x_wconf 70' lang='grc' dir='ltr'>ἀλλ’</span> <span class='ocrx_word' id='word_1_330' title='bbox 601 2421 652 2472; x_wconf 79' lang='grc' dir='ltr'>οἱ</span> <span class='ocrx_word' id='word_1_331' title='bbox 679 2418 738 2484; x_wconf 78' lang='grc' dir='ltr'>ἐξ</span> <span class='ocrx_word' id='word_1_332' title='bbox 768 2421 1022 2475; x_wconf 86' lang='grc' dir='ltr'>ἀπάντων</span> <span class='ocrx_word' id='word_1_333' title='bbox 1047 2422 1157 2475; x_wconf 92' lang='grc' dir='ltr'><strong>τῶν</strong></span> <span class='ocrx_word' id='word_1_334' title='bbox 1182 2424 1355 2479; x_wconf 90' lang='grc' dir='ltr'>ἐθνῶν</span> <span class='ocrx_word' id='word_1_335' title='bbox 1386 2426 1610 2495; x_wconf 83' lang='grc' dir='ltr'>ἁγνείας</span> <span class='ocrx_word' id='word_1_336' title='bbox 1632 2427 1725 2481; x_wconf 79' lang='grc' dir='ltr'><strong>καὶ</strong></span> <span class='ocrx_word' id='word_1_337' title='bbox 1753 2428 2059 2499; x_wconf 80' lang='grc' dir='ltr'>ἁγιωσύνης</span> 
     </span>
    </p>
   </div>
   <div class='ocr_carea' id='block_1_42' title="bbox 464 2507 2059 2591">
    <p class='ocr_par' dir='ltr' id='par_1_42' title="bbox 464 2507 2059 2591">
     <span class='ocr_line' id='line_1_42' title="bbox 464 2507 2059 2591; baseline 0.008 -30"><span class='ocrx_word' id='word_1_338' title='bbox 464 2509 790 2591; x_wconf 51' lang='grc' dir='ltr'>ἠξιωμένου</span> <span class='ocrx_word' id='word_1_339' title='bbox 821 2513 879 2565; x_wconf 87' lang='grc' dir='ltr'><strong>ἐν</strong></span> <span class='ocrx_word' id='word_1_340' title='bbox 905 2507 985 2576; x_wconf 74' lang='grc' dir='ltr'>οἷς</span> <span class='ocrx_word' id='word_1_341' title='bbox 1014 2515 1108 2566; x_wconf 76' lang='grc' dir='ltr'>καὶ</span> <span class='ocrx_word' id='word_1_342' title='bbox 1142 2514 1456 2586; x_wconf 79' lang='grc' dir='ltr'>θαυμαστός</span> <span class='ocrx_word' id='word_1_343' title='bbox 1480 2518 1628 2572; x_wconf 85' lang='grc' dir='ltr'>ἐστιν</span> <span class='ocrx_word' id='word_1_344' title='bbox 1651 2520 1681 2571; x_wconf 90' lang='lat'><strong>6</strong></span> <span class='ocrx_word' id='word_1_345' title='bbox 1708 2519 1859 2584; x_wconf 86' lang='grc' dir='ltr'>Θεὸς,</span> <span class='ocrx_word' id='word_1_346' title='bbox 1886 2519 2059 2584; x_wconf 79' lang='grc' dir='ltr'>διδοὺς</span> 
     </span>
    </p>
   </div>
   <div class='ocr_carea' id='block_1_43' title="bbox 462 2600 2053 2682">
    <p class='ocr_par' dir='ltr' id='par_1_43' title="bbox 462 2600 2053 2682">
     <span class='ocr_line' id='line_1_43' title="bbox 462 2600 2053 2682; baseline 0.008 -30"><span class='ocrx_word' id='word_1_347' title='bbox 462 2601 646 2663; x_wconf 80' lang='grc' dir='ltr'>αὐτοῖς</span> <span class='ocrx_word' id='word_1_348' title='bbox 673 2600 901 2673; x_wconf 86' lang='grc' dir='ltr'>δύναμιν</span> <span class='ocrx_word' id='word_1_349' title='bbox 942 2604 1037 2656; x_wconf 62' lang='grc' dir='ltr'><strong>κα)⁸</strong></span> <span class='ocrx_word' id='word_1_350' title='bbox 1076 2607 1433 2675; x_wconf 86' lang='grc' dir='ltr'>κραταίωσιν.</span> <span class='ocrx_word' id='word_1_351' title='bbox 1462 2609 1554 2662; x_wconf 86' lang='grc' dir='ltr'>Διὸ</span> <span class='ocrx_word' id='word_1_352' title='bbox 1595 2609 1863 2679; x_wconf 78' lang='grc' dir='ltr'>συνῆπται</span> <span class='ocrx_word' id='word_1_353' title='bbox 1902 2610 2053 2682; x_wconf 79' lang='grc' dir='ltr'>ἑξῆς·</span> 
     </span>
    </p>
   </div>
   <div class='ocr_carea' id='block_1_44' title="bbox 467 2690 2059 2772">
    <p class='ocr_par' dir='ltr' id='par_1_44' title="bbox 467 2690 2059 2772">
     <span class='ocr_line' id='line_1_44' title="bbox 467 2690 2059 2772; baseline 0.009 -31"><span class='ocrx_word' id='word_1_354' title='bbox 467 2708 487 2740; x_wconf 70' lang='grc' dir='ltr'><strong>ι</strong></span> <span class='ocrx_word' id='word_1_355' title='bbox 530 2690 587 2744; x_wconf 90' lang='grc' dir='ltr'><strong>Ὀ</strong></span> <span class='ocrx_word' id='word_1_356' title='bbox 613 2690 747 2755; x_wconf 85' lang='grc' dir='ltr'>Θεὸς</span> <span class='ocrx_word' id='word_1_357' title='bbox 791 2693 1008 2765; x_wconf 85' lang='grc' dir='ltr'>Ἰσραὴλ</span> <span class='ocrx_word' id='word_1_358' title='bbox 1033 2695 1195 2757; x_wconf 81' lang='grc' dir='ltr'>αὐτὸς</span> <span class='ocrx_word' id='word_1_359' title='bbox 1222 2694 1383 2750; x_wconf 83' lang='grc' dir='ltr'>δώσει</span> <span class='ocrx_word' id='word_1_360' title='bbox 1409 2697 1639 2769; x_wconf 87' lang='grc' dir='ltr'>δύναμιν</span> <span class='ocrx_word' id='word_1_361' title='bbox 1666 2702 1758 2754; x_wconf 68' lang='grc' dir='ltr'>καὶ</span> <span class='ocrx_word' id='word_1_362' title='bbox 1788 2703 2059 2772; x_wconf 82' lang='grc' dir='ltr'>κραταίω-</span> 
     </span>
    </p>
   </div>
   <div class='ocr_carea' id='block_1_45' title="bbox 465 2781 2055 2858">
    <p class='ocr_par' dir='ltr' id='par_1_45' title="bbox 465 2781 2055 2858">
     <span class='ocr_line' id='line_1_45' title="bbox 465 2781 2055 2858; baseline 0.009 -25"><span class='ocrx_word' id='word_1_363' title='bbox 465 2798 548 2834; x_wconf 90' lang='grc' dir='ltr'><strong>σιν</strong></span> <span class='ocrx_word' id='word_1_364' title='bbox 580 2781 657 2853; x_wconf 85' lang='grc' dir='ltr'><strong>τῷ</strong></span> <span class='ocrx_word' id='word_1_365' title='bbox 686 2782 801 2854; x_wconf 86' lang='grc' dir='ltr'><strong>λαῷ</strong></span> <span class='ocrx_word' id='word_1_366' title='bbox 830 2784 1018 2848; x_wconf 80' lang='grc' dir='ltr'>αὐτοῦ,</span> <span class='ocrx_word' id='word_1_367' title='bbox 1045 2786 1335 2858; x_wconf 75' lang='grc' dir='ltr'>εὐλογητὸς</span> <span class='ocrx_word' id='word_1_368' title='bbox 1363 2790 1391 2841; x_wconf 93' lang='lat'><strong>6</strong></span> <span class='ocrx_word' id='word_1_369' title='bbox 1420 2790 1571 2855; x_wconf 87' lang='grc' dir='ltr'>Θεός.</span> <span class='ocrx_word' id='word_1_370' title='bbox 1608 2810 1627 2842; x_wconf 82' lang='grc' dir='ltr'><strong>ι</strong></span> <span class='ocrx_word' id='word_1_371' title='bbox 1654 2792 1823 2846; x_wconf 86' lang='grc' dir='ltr'>Πάλιν</span> <span class='ocrx_word' id='word_1_372' title='bbox 1851 2794 1908 2847; x_wconf 84' lang='grc' dir='ltr'><strong>δὲ</strong></span> <span class='ocrx_word' id='word_1_373' title='bbox 1931 2795 2055 2848; x_wconf 74' lang='grc' dir='ltr'>κάνο</span> 
     </span>
    </p>
   </div>
   <div class='ocr_carea' id='block_1_46' title="bbox 462 2873 2058 2958">
    <p class='ocr_par' dir='ltr' id='par_1_46' title="bbox 462 2873 2058 2958">
     <span class='ocr_line' id='line_1_46' title="bbox 462 2873 2058 2958; baseline 0.009 -33"><span class='ocrx_word' id='word_1_374' title='bbox 462 2873 635 2927; x_wconf 79' lang='grc' dir='ltr'>ταῦθα</span> <span class='ocrx_word' id='word_1_375' title='bbox 675 2873 905 2945; x_wconf 86' lang='grc' dir='ltr'>δύναμιν</span> <span class='ocrx_word' id='word_1_376' title='bbox 953 2877 1266 2946; x_wconf 82' lang='grc' dir='ltr'>ἀναγκαίως</span> <span class='ocrx_word' id='word_1_377' title='bbox 1295 2880 1493 2934; x_wconf 82' lang='grc' dir='ltr'>διδόναι</span> <span class='ocrx_word' id='word_1_378' title='bbox 1519 2881 1765 2937; x_wconf 82' lang='grc' dir='ltr'>λέλεκται</span> <span class='ocrx_word' id='word_1_379' title='bbox 1802 2884 1878 2956; x_wconf 84' lang='grc' dir='ltr'><strong>τῷ</strong></span> <span class='ocrx_word' id='word_1_380' title='bbox 1916 2886 2058 2958; x_wconf 88' lang='grc' dir='ltr'>ἀγίῳ</span> 
     </span>
    </p>
   </div>
   <div class='ocr_carea' id='block_1_47' title="bbox 466 2962 2057 3046">
    <p class='ocr_par' dir='ltr' id='par_1_47' title="bbox 466 2962 2057 3046">
     <span class='ocr_line' id='line_1_47' title="bbox 466 2962 2057 3046; baseline 0.009 -31"><span class='ocrx_word' id='word_1_381' title='bbox 466 2962 576 3030; x_wconf 79' lang='grc' dir='ltr'><strong>λαῷ</strong></span> <span class='ocrx_word' id='word_1_382' title='bbox 601 2963 790 3029; x_wconf 76' lang='grc' dir='ltr'>αὐτοῦ,</span> <span class='ocrx_word' id='word_1_383' title='bbox 841 2965 928 3018; x_wconf 80' lang='grc' dir='ltr'>ἵνα</span> <span class='ocrx_word' id='word_1_384' title='bbox 973 2967 1197 3038; x_wconf 84' lang='grc' dir='ltr'>δύνηται</span> <span class='ocrx_word' id='word_1_385' title='bbox 1246 2968 1461 3039; x_wconf 67' lang='grc' dir='ltr'>λέγειν·</span> <span class='ocrx_word' id='word_1_386' title='bbox 1494 2990 1514 3023; x_wconf 73' lang='grc' dir='ltr'><strong>ι</strong></span> <span class='ocrx_word' id='word_1_387' title='bbox 1556 2973 1741 3027; x_wconf 83' lang='grc' dir='ltr'>Πάντα</span> <span class='ocrx_word' id='word_1_388' title='bbox 1793 2976 1959 3046; x_wconf 74' lang='grc' dir='ltr'>ἰσχύω</span> <span class='ocrx_word' id='word_1_389' title='bbox 1999 2978 2057 3030; x_wconf 80' lang='grc' dir='ltr'><strong>ἐν</strong></span> 
     </span>
    </p>
   </div>
   <div class='ocr_carea' id='block_1_48' title="bbox 460 3057 2054 3139">
    <p class='ocr_par' dir='ltr' id='par_1_48' title="bbox 460 3057 2054 3139">
     <span class='ocr_line' id='line_1_48' title="bbox 460 3057 2054 3139; baseline 0.009 -30"><span class='ocrx_word' id='word_1_390' title='bbox 460 3057 540 3126; x_wconf 82' lang='grc' dir='ltr'><strong>τῷ</strong></span> <span class='ocrx_word' id='word_1_391' title='bbox 564 3057 951 3129; x_wconf 75' lang='grc' dir='ltr'>ἐνδυναμοῦντί</span> <span class='ocrx_word' id='word_1_392' title='bbox 983 3078 1069 3131; x_wconf 88' lang='grc' dir='ltr'><strong>με.</strong></span> <span class='ocrx_word' id='word_1_393' title='bbox 1101 3081 1120 3112; x_wconf 79' lang='grc' dir='ltr'><strong>ι</strong></span> <span class='ocrx_word' id='word_1_394' title='bbox 1146 3063 1293 3119; x_wconf 81' lang='grc' dir='ltr'>Ἔδει</span> <span class='ocrx_word' id='word_1_395' title='bbox 1323 3065 1451 3136; x_wconf 79' lang='grc' dir='ltr'>γὰρ,</span> <span class='ocrx_word' id='word_1_396' title='bbox 1482 3065 1670 3137; x_wconf 87' lang='grc' dir='ltr'>ὥσπερ</span> <span class='ocrx_word' id='word_1_397' title='bbox 1690 3072 1803 3132; x_wconf 85' lang='grc' dir='ltr'>τοῖς</span> <span class='ocrx_word' id='word_1_398' title='bbox 1827 3071 2054 3139; x_wconf 81' lang='grc' dir='ltr'>εὐαγγε-</span> 
     </span>
    </p>
   </div>
   <div class='ocr_carea' id='block_1_49' title="bbox 463 3148 2051 3233">
    <p class='ocr_par' dir='ltr' id='par_1_49' title="bbox 463 3148 2051 3233">
     <span class='ocr_line' id='line_1_49' title="bbox 463 3148 2051 3233; baseline 0.009 -33"><span class='ocrx_word' id='word_1_399' title='bbox 463 3148 764 3221; x_wconf 70' lang='grc' dir='ltr'>λιζομένοις</span> <span class='ocrx_word' id='word_1_400' title='bbox 793 3151 971 3205; x_wconf 88' lang='grc' dir='ltr'>δέδοτο</span> <span class='ocrx_word' id='word_1_401' title='bbox 996 3153 1148 3224; x_wconf 79' lang='grc' dir='ltr'>ῥῆμα</span> <span class='ocrx_word' id='word_1_402' title='bbox 1181 3157 1278 3210; x_wconf 80' lang='grc' dir='ltr'><strong>σὺν</strong></span> <span class='ocrx_word' id='word_1_403' title='bbox 1305 3157 1530 3230; x_wconf 83' lang='grc' dir='ltr'>δυνάμει</span> <span class='ocrx_word' id='word_1_404' title='bbox 1564 3160 1757 3233; x_wconf 80' lang='grc' dir='ltr'>πολλῇ,</span> <span class='ocrx_word' id='word_1_405' title='bbox 1784 3161 1925 3216; x_wconf 81' lang='grc' dir='ltr'>οὕτω</span> <span class='ocrx_word' id='word_1_406' title='bbox 1961 3164 2051 3217; x_wconf 76' lang='grc' dir='ltr'><strong>καὶ</strong></span> 
     </span>
    </p>
   </div>
   <div class='ocr_carea' id='block_1_50' title="bbox 2169 1956 3744 2037">
    <p class='ocr_par' dir='ltr' id='par_1_50' title="bbox 2169 1956 3744 2037">
     <span class='ocr_line' id='line_1_50' title="bbox 2169 1956 3744 2037; baseline -0.001 -16"><span class='ocrx_word' id='word_1_407' title='bbox 2169 1968 2237 2023; x_wconf 93' lang='lat' dir='ltr'><strong>lis</strong></span> <span class='ocrx_word' id='word_1_408' title='bbox 2285 1956 2518 2022; x_wconf 44' lang='lat' dir='ltr'><strong>Deus&#39;in</strong></span> <span class='ocrx_word' id='word_1_409' title='bbox 2570 1969 2775 2023; x_wconf 68' lang='lat' dir='ltr'><strong>sanctis</strong></span> <span class='ocrx_word' id='word_1_410' title='bbox 2832 1968 3002 2031; x_wconf 67' lang='lat' dir='ltr'><strong>suis,»</strong></span> <span class='ocrx_word' id='word_1_411' title='bbox 3060 1967 3157 2037; x_wconf 87' lang='lat' dir='ltr'><strong>qui</strong></span> <span class='ocrx_word' id='word_1_412' title='bbox 3208 1967 3300 2021; x_wconf 87' lang='lat' dir='ltr'><strong>alii</strong></span> <span class='ocrx_word' id='word_1_413' title='bbox 3351 1976 3539 2022; x_wconf 81' lang='lat' dir='ltr'><strong>sunta</strong></span> <span class='ocrx_word' id='word_1_414' title='bbox 3576 1982 3744 2037; x_wconf 86' lang='lat' dir='ltr'><strong>supra</strong></span> 
     </span>
    </p>
   </div>
   <div class='ocr_carea' id='block_1_51' title="bbox 2167 2058 3738 2131">
    <p class='ocr_par' dir='ltr' id='par_1_51' title="bbox 2167 2058 3738 2131">
     <span class='ocr_line' id='line_1_51' title="bbox 2167 2058 3738 2131; baseline 0 -18"><span class='ocrx_word' id='word_1_415' title='bbox 2167 2060 2485 2114; x_wconf 88' lang='lat' dir='ltr'><strong>memoratis</strong></span> <span class='ocrx_word' id='word_1_416' title='bbox 2533 2060 2814 2129; x_wconf 81' lang='lat' dir='ltr'><strong>pr0plietis</strong></span> <span class='ocrx_word' id='word_1_417' title='bbox 2867 2068 2922 2114; x_wconf 86' lang='lat' dir='ltr'><strong>et</strong></span> <span class='ocrx_word' id='word_1_418' title='bbox 2992 2060 3279 2131; x_wconf 78' lang='lat' dir='ltr'><strong>apostolis.</strong></span> <span class='ocrx_word' id='word_1_419' title='bbox 3337 2058 3576 2126; x_wconf 84' lang='lat' dir='ltr'><strong>Quinam</strong></span> <span class='ocrx_word' id='word_1_420' title='bbox 3633 2059 3738 2125; x_wconf 86' lang='lat' dir='ltr'><strong>illi,</strong></span> 
     </span>
    </p>
   </div>
   <div class='ocr_carea' id='block_1_52' title="bbox 2167 2151 3743 2223">
    <p class='ocr_par' dir='ltr' id='par_1_52' title="bbox 2167 2151 3743 2223">
     <span class='ocr_line' id='line_1_52' title="bbox 2167 2151 3743 2223; baseline 0.001 -17"><span class='ocrx_word' id='word_1_421' title='bbox 2167 2152 2275 2207; x_wconf 91' lang='lat' dir='ltr'><strong>nisi</strong></span> <span class='ocrx_word' id='word_1_422' title='bbox 2315 2151 2409 2222; x_wconf 90' lang='lat' dir='ltr'><strong>qui</strong></span> <span class='ocrx_word' id='word_1_423' title='bbox 2443 2168 2510 2207; x_wconf 84' lang='lat' dir='ltr'><strong>ex</strong></span> <span class='ocrx_word' id='word_1_424' title='bbox 2537 2152 2796 2206; x_wconf 90' lang='lat' dir='ltr'><strong>omnibus</strong></span> <span class='ocrx_word' id='word_1_425' title='bbox 2840 2152 3097 2223; x_wconf 80' lang='lat' dir='ltr'><strong>gentibus</strong></span> <span class='ocrx_word' id='word_1_426' title='bbox 3134 2154 3393 2208; x_wconf 86' lang='lat' dir='ltr'><strong>castitate</strong></span> <span class='ocrx_word' id='word_1_427' title='bbox 3438 2160 3493 2209; x_wconf 87' lang='lat' dir='ltr'><strong>et</strong></span> <span class='ocrx_word' id='word_1_428' title='bbox 3537 2154 3743 2210; x_wconf 83' lang='lat' dir='ltr'><strong>sancti-</strong></span> 
     </span>
    </p>
   </div>
   <div class='ocr_carea' id='block_1_53' title="bbox 2167 2243 3740 2314">
    <p class='ocr_par' dir='ltr' id='par_1_53' title="bbox 2167 2243 3740 2314">
     <span class='ocr_line' id='line_1_53' title="bbox 2167 2243 3740 2314; baseline 0.001 -16"><span class='ocrx_word' id='word_1_429' title='bbox 2167 2244 2351 2300; x_wconf 91' lang='lat' dir='ltr'><strong>monia</strong></span> <span class='ocrx_word' id='word_1_430' title='bbox 2384 2244 2573 2299; x_wconf 90' lang='lat' dir='ltr'><strong>donati</strong></span> <span class='ocrx_word' id='word_1_431' title='bbox 2608 2246 2773 2300; x_wconf 85' lang='lat' dir='ltr'><strong>sunt?</strong></span> <span class='ocrx_word' id='word_1_432' title='bbox 2800 2245 2853 2299; x_wconf 91' lang='lat' dir='ltr'><strong>in</strong></span> <span class='ocrx_word' id='word_1_433' title='bbox 2896 2244 3095 2314; x_wconf 86' lang='lat' dir='ltr'><strong>quibus</strong></span> <span class='ocrx_word' id='word_1_434' title='bbox 3146 2245 3420 2300; x_wconf 87' lang='lat' dir='ltr'><strong>mirabilis</strong></span> <span class='ocrx_word' id='word_1_435' title='bbox 3458 2243 3605 2301; x_wconf 89' lang='lat' dir='ltr'><strong>Deus</strong></span> <span class='ocrx_word' id='word_1_436' title='bbox 3633 2252 3740 2309; x_wconf 89' lang='lat' dir='ltr'><strong>est,</strong></span> 
     </span>
    </p>
   </div>
   <div class='ocr_carea' id='block_1_54' title="bbox 2166 2337 3744 2410">
    <p class='ocr_par' dir='ltr' id='par_1_54' title="bbox 2166 2337 3744 2410">
     <span class='ocr_line' id='line_1_54' title="bbox 2166 2337 3744 2410; baseline -0.001 -16"><span class='ocrx_word' id='word_1_437' title='bbox 2166 2341 2261 2410; x_wconf 90' lang='lat' dir='ltr'><strong>qui</strong></span> <span class='ocrx_word' id='word_1_438' title='bbox 2291 2340 2551 2395; x_wconf 81' lang='lat' dir='ltr'><strong>virtutem</strong></span> <span class='ocrx_word' id='word_1_439' title='bbox 2576 2346 2631 2394; x_wconf 88' lang='lat' dir='ltr'><strong>et</strong></span> <span class='ocrx_word' id='word_1_440' title='bbox 2661 2338 2829 2393; x_wconf 91' lang='lat' dir='ltr'><strong>robur</strong></span> <span class='ocrx_word' id='word_1_441' title='bbox 2852 2338 2987 2408; x_wconf 90' lang='lat' dir='ltr'><strong>ipsis</strong></span> <span class='ocrx_word' id='word_1_442' title='bbox 3019 2338 3300 2406; x_wconf 85' lang='lat' dir='ltr'><strong>impertiit.</strong></span> <span class='ocrx_word' id='word_1_443' title='bbox 3335 2338 3515 2404; x_wconf 84' lang='lat' dir='ltr'><strong>Quare</strong></span> <span class='ocrx_word' id='word_1_444' title='bbox 3545 2337 3744 2393; x_wconf 73' lang='lat' dir='ltr'><strong>deinde</strong></span> 
     </span>
    </p>
   </div>
   <div class='ocr_carea' id='block_1_55' title="bbox 2166 2427 3744 2501">
    <p class='ocr_par' dir='ltr' id='par_1_55' title="bbox 2166 2427 3744 2501">
     <span class='ocr_line' id='line_1_55' title="bbox 2166 2427 3744 2501; baseline -0.003 -15"><span class='ocrx_word' id='word_1_445' title='bbox 2166 2432 2515 2501; x_wconf 87' lang='lat' dir='ltr'><strong>subjungitur</strong></span> <span class='ocrx_word' id='word_1_446' title='bbox 2546 2449 2558 2484; x_wconf 94' lang='lat'>:</span> <span class='ocrx_word' id='word_1_447' title='bbox 2621 2448 2639 2480; x_wconf 74' lang='grc' dir='ltr'><strong>ι</strong></span> <span class='ocrx_word' id='word_1_448' title='bbox 2661 2428 2804 2485; x_wconf 88' lang='lat' dir='ltr'><strong>Deus</strong></span> <span class='ocrx_word' id='word_1_449' title='bbox 2854 2428 3021 2484; x_wconf 91' lang='lat' dir='ltr'><strong>Israel</strong></span> <span class='ocrx_word' id='word_1_450' title='bbox 3072 2429 3190 2498; x_wconf 88' lang='lat' dir='ltr'><strong>ipse</strong></span> <span class='ocrx_word' id='word_1_451' title='bbox 3224 2427 3377 2482; x_wconf 89' lang='lat' dir='ltr'><strong>dabit</strong></span> <span class='ocrx_word' id='word_1_452' title='bbox 3405 2429 3659 2483; x_wconf 85' lang='lat' dir='ltr'><strong>virtutem</strong></span> <span class='ocrx_word' id='word_1_453' title='bbox 3688 2434 3744 2482; x_wconf 84' lang='lat' dir='ltr'><strong>et</strong></span> 
     </span>
    </p>
   </div>
   <div class='ocr_carea' id='block_1_56' title="bbox 2166 2518 3743 2593">
    <p class='ocr_par' dir='ltr' id='par_1_56' title="bbox 2166 2518 3743 2593">
     <span class='ocr_line' id='line_1_56' title="bbox 2166 2518 3743 2593; baseline -0.003 -13"><span class='ocrx_word' id='word_1_454' title='bbox 2166 2526 2545 2580; x_wconf 82' lang='lat' dir='ltr'><strong>fortitudinem</strong></span> <span class='ocrx_word' id='word_1_455' title='bbox 2591 2523 2735 2593; x_wconf 86' lang='lat' dir='ltr'><strong>plebi</strong></span> <span class='ocrx_word' id='word_1_456' title='bbox 2801 2538 2935 2586; x_wconf 53' lang='lat' dir='ltr'><strong>suat,</strong></span> <span class='ocrx_word' id='word_1_457' title='bbox 2986 2521 3313 2577; x_wconf 87' lang='lat' dir='ltr'><strong>benedictus</strong></span> <span class='ocrx_word' id='word_1_458' title='bbox 3372 2520 3573 2576; x_wconf 67' lang='lat' dir='ltr'><strong>Deus.»</strong></span> <span class='ocrx_word' id='word_1_459' title='bbox 3641 2518 3743 2575; x_wconf 77' lang='lat' dir='ltr'><strong>Hic</strong></span> 
     </span>
    </p>
   </div>
   <div class='ocr_carea' id='block_1_57' title="bbox 2165 2613 3741 2684">
    <p class='ocr_par' dir='ltr' id='par_1_57' title="bbox 2165 2613 3741 2684">
     <span class='ocr_line' id='line_1_57' title="bbox 2165 2613 3741 2684; baseline -0.004 -13"><span class='ocrx_word' id='word_1_460' title='bbox 2165 2632 2386 2673; x_wconf 89' lang='lat' dir='ltr'><strong>rursum</strong></span> <span class='ocrx_word' id='word_1_461' title='bbox 2443 2616 2697 2670; x_wconf 83' lang='lat' dir='ltr'><strong>virtutem</strong></span> <span class='ocrx_word' id='word_1_462' title='bbox 2752 2622 2947 2671; x_wconf 82' lang='lat' dir='ltr'><strong>sancto</strong></span> <span class='ocrx_word' id='word_1_463' title='bbox 2997 2615 3201 2684; x_wconf 90' lang='lat' dir='ltr'><strong>populo</strong></span> <span class='ocrx_word' id='word_1_464' title='bbox 3252 2615 3374 2684; x_wconf 90' lang='lat' dir='ltr'><strong>ejus</strong></span> <span class='ocrx_word' id='word_1_465' title='bbox 3424 2613 3741 2669; x_wconf 80' lang='lat' dir='ltr'><strong>necessario</strong></span> 
     </span>
    </p>
   </div>
   <div class='ocr_carea' id='block_1_58' title="bbox 2164 2703 3743 2776">
    <p class='ocr_par' dir='ltr' id='par_1_58' title="bbox 2164 2703 3743 2776">
     <span class='ocr_line' id='line_1_58' title="bbox 2164 2703 3743 2776; baseline -0.003 -15"><span class='ocrx_word' id='word_1_466' title='bbox 2164 2708 2280 2762; x_wconf 91' lang='lat' dir='ltr'><strong>dari</strong></span> <span class='ocrx_word' id='word_1_467' title='bbox 2316 2707 2412 2771; x_wconf 90' lang='lat' dir='ltr'><strong>ait,</strong></span> <span class='ocrx_word' id='word_1_468' title='bbox 2465 2714 2524 2761; x_wconf 92' lang='lat' dir='ltr'><strong>ut</strong></span> <span class='ocrx_word' id='word_1_469' title='bbox 2554 2706 2728 2776; x_wconf 88' lang='lat' dir='ltr'><strong>possit</strong></span> <span class='ocrx_word' id='word_1_470' title='bbox 2758 2706 2942 2760; x_wconf 87' lang='lat' dir='ltr'><strong>dicere</strong></span> <span class='ocrx_word' id='word_1_471' title='bbox 2982 2723 2994 2758; x_wconf 90' lang='lat'>:</span> <span class='ocrx_word' id='word_1_472' title='bbox 3054 2724 3071 2756; x_wconf 78' lang='grc' dir='ltr'><strong>ι</strong></span> <span class='ocrx_word' id='word_1_473' title='bbox 3097 2703 3292 2759; x_wconf 91' lang='lat' dir='ltr'><strong>Omnia</strong></span> <span class='ocrx_word' id='word_1_474' title='bbox 3323 2712 3547 2775; x_wconf 81' lang='lat' dir='ltr'><strong>pdssum</strong></span> <span class='ocrx_word' id='word_1_475' title='bbox 3578 2704 3633 2757; x_wconf 90' lang='lat' dir='ltr'><strong>in</strong></span> <span class='ocrx_word' id='word_1_476' title='bbox 3676 2719 3743 2758; x_wconf 83' lang='lat' dir='ltr'><strong>eo</strong></span> 
     </span>
    </p>
   </div>
   <div class='ocr_carea' id='block_1_59' title="bbox 2163 2795 3737 2871">
    <p class='ocr_par' dir='ltr' id='par_1_59' title="bbox 2163 2795 3737 2871">
     <span class='ocr_line' id='line_1_59' title="bbox 2163 2795 3737 2871; baseline -0.004 -17"><span class='ocrx_word' id='word_1_477' title='bbox 2163 2800 2258 2871; x_wconf 91' lang='lat' dir='ltr'><strong>qui</strong></span> <span class='ocrx_word' id='word_1_478' title='bbox 2306 2815 2393 2854; x_wconf 92' lang='lat' dir='ltr'><strong>me</strong></span> <span class='ocrx_word' id='word_1_479' title='bbox 2440 2799 2833 2853; x_wconf 54' lang='lat' dir='ltr'><strong>confortat’h</strong></span> <span class='ocrx_word' id='word_1_480' title='bbox 2872 2796 3132 2868; x_wconf 87' lang='lat' dir='ltr'><strong>Oportuit</strong></span> <span class='ocrx_word' id='word_1_481' title='bbox 3158 2796 3330 2860; x_wconf 90' lang='lat' dir='ltr'><strong>enim,</strong></span> <span class='ocrx_word' id='word_1_482' title='bbox 3363 2803 3421 2849; x_wconf 93' lang='lat' dir='ltr'><strong>ut</strong></span> <span class='ocrx_word' id='word_1_483' title='bbox 3457 2795 3737 2864; x_wconf 66' lang='lat' dir='ltr'><strong>evangelio</strong></span> 
     </span>
    </p>
   </div>
   <div class='ocr_carea' id='block_1_60' title="bbox 2165 2885 3737 2948">
    <p class='ocr_par' dir='ltr' id='par_1_60' title="bbox 2165 2885 3737 2948">
     <span class='ocr_line' id='line_1_60' title="bbox 2165 2885 3737 2948; baseline -0.003 -5"><span class='ocrx_word' id='word_1_484' title='bbox 2165 2891 2419 2945; x_wconf 83' lang='lat' dir='ltr'><strong>zantibus</strong></span> <span class='ocrx_word' id='word_1_485' title='bbox 2452 2890 2680 2945; x_wconf 91' lang='lat' dir='ltr'><strong>verbum</strong></span> <span class='ocrx_word' id='word_1_486' title='bbox 2710 2888 2898 2943; x_wconf 87' lang='lat' dir='ltr'><strong>datum</strong></span> <span class='ocrx_word' id='word_1_487' title='bbox 2948 2887 3126 2942; x_wconf 78' lang='lat' dir='ltr'><strong>fuerat</strong></span> <span class='ocrx_word' id='word_1_488' title='bbox 3152 2901 3275 2941; x_wconf 90' lang='lat' dir='ltr'><strong>cum</strong></span> <span class='ocrx_word' id='word_1_489' title='bbox 3309 2888 3512 2942; x_wconf 84' lang='lat' dir='ltr'><strong>virtute</strong></span> <span class='ocrx_word' id='word_1_490' title='bbox 3541 2885 3737 2948; x_wconf 89' lang='lat' dir='ltr'><strong>multa,</strong></span> 
     </span>
    </p>
   </div>
   <div class='ocr_carea' id='block_1_61' title="bbox 2165 2974 3739 3050">
    <p class='ocr_par' dir='ltr' id='par_1_61' title="bbox 2165 2974 3739 3050">
     <span class='ocr_line' id='line_1_61' title="bbox 2165 2974 3739 3050; baseline -0.005 -16"><span class='ocrx_word' id='word_1_491' title='bbox 2165 2980 2239 3034; x_wconf 89' lang='lat' dir='ltr'><strong>ita</strong></span> <span class='ocrx_word' id='word_1_492' title='bbox 2270 2994 2491 3050; x_wconf 88' lang='lat' dir='ltr'><strong>quoque</strong></span> <span class='ocrx_word' id='word_1_493' title='bbox 2526 2979 2731 3049; x_wconf 87' lang='lat' dir='ltr'><strong>populo</strong></span> <span class='ocrx_word' id='word_1_494' title='bbox 2776 2977 2900 3046; x_wconf 89' lang='lat' dir='ltr'><strong>ejus</strong></span> <span class='ocrx_word' id='word_1_495' title='bbox 2950 2977 3119 3031; x_wconf 90' lang='lat' dir='ltr'><strong>robur</strong></span> <span class='ocrx_word' id='word_1_496' title='bbox 3150 2985 3205 3031; x_wconf 92' lang='lat' dir='ltr'><strong>et</strong></span> <span class='ocrx_word' id='word_1_497' title='bbox 3235 2976 3489 3031; x_wconf 71' lang='lat' dir='ltr'><strong>viitutem</strong></span> <span class='ocrx_word' id='word_1_498' title='bbox 3527 2974 3739 3031; x_wconf 81' lang='lat' dir='ltr'><strong>submi-</strong></span> 
     </span>
    </p>
   </div>
   <div class='ocr_carea' id='block_1_62' title="bbox 2162 3066 3740 3139">
    <p class='ocr_par' dir='ltr' id='par_1_62' title="bbox 2162 3066 3740 3139">
     <span class='ocr_line' id='line_1_62' title="bbox 2162 3066 3740 3139; baseline -0.001 -15"><span class='ocrx_word' id='word_1_499' title='bbox 2162 3070 2411 3135; x_wconf 86' lang='lat' dir='ltr'><strong>nistrari,</strong></span> <span class='ocrx_word' id='word_1_500' title='bbox 2446 3077 2507 3125; x_wconf 91' lang='lat' dir='ltr'><strong>ut</strong></span> <span class='ocrx_word' id='word_1_501' title='bbox 2539 3070 2714 3139; x_wconf 89' lang='lat' dir='ltr'><strong>possit</strong></span> <span class='ocrx_word' id='word_1_502' title='bbox 2760 3078 2952 3125; x_wconf 86' lang='lat' dir='ltr'><strong>contra</strong></span> <span class='ocrx_word' id='word_1_503' title='bbox 2984 3070 3259 3125; x_wconf 83' lang='lat' dir='ltr'><strong>versutias</strong></span> <span class='ocrx_word' id='word_1_504' title='bbox 3306 3068 3513 3123; x_wconf 89' lang='lat' dir='ltr'><strong>diaboli</strong></span> <span class='ocrx_word' id='word_1_505' title='bbox 3553 3066 3740 3123; x_wconf 90' lang='lat' dir='ltr'><strong>consi-</strong></span> 
     </span>
    </p>
   </div>
   <div class='ocr_carea' id='block_1_63' title="bbox 2164 3159 3740 3235">
    <p class='ocr_par' dir='ltr' id='par_1_63' title="bbox 2164 3159 3740 3235">
     <span class='ocr_line' id='line_1_63' title="bbox 2164 3159 3740 3235; baseline -0.004 -16"><span class='ocrx_word' id='word_1_506' title='bbox 2164 3171 2328 3230; x_wconf 88' lang='lat' dir='ltr'><strong>stere,</strong></span> <span class='ocrx_word' id='word_1_507' title='bbox 2362 3178 2426 3218; x_wconf 90' lang='lat' dir='ltr'><strong>ac</strong></span> <span class='ocrx_word' id='word_1_508' title='bbox 2458 3163 2687 3235; x_wconf 84' lang='lat' dir='ltr'><strong>perinde</strong></span> <span class='ocrx_word' id='word_1_509' title='bbox 2716 3170 2880 3233; x_wconf 87' lang='lat' dir='ltr'><strong>atque</strong></span> <span class='ocrx_word' id='word_1_510' title='bbox 2911 3161 3115 3217; x_wconf 89' lang='lat' dir='ltr'><strong>Paulus</strong></span> <span class='ocrx_word' id='word_1_511' title='bbox 3147 3162 3332 3216; x_wconf 81' lang='lat' dir='ltr'><strong>dicere</strong></span> <span class='ocrx_word' id='word_1_512' title='bbox 3366 3179 3378 3215; x_wconf 92' lang='lat'><strong>:</strong></span> <span class='ocrx_word' id='word_1_513' title='bbox 3424 3180 3451 3213; x_wconf 52' lang='grc' dir='ltr'>ιν</span> <span class='ocrx_word' id='word_1_514' title='bbox 3473 3159 3609 3227; x_wconf 89' lang='lat' dir='ltr'><strong>Quis</strong></span> <span class='ocrx_word' id='word_1_515' title='bbox 3638 3174 3740 3214; x_wconf 83' lang='lat' dir='ltr'><strong>nos</strong></span> 
     </span>
    </p>
   </div>
   <div class='ocr_carea' id='block_1_64' title="bbox 459 3240 2058 3327">
    <p class='ocr_par' dir='ltr' id='par_1_64' title="bbox 459 3240 2045 3327">
     <span class='ocr_line' id='line_1_64' title="bbox 459 3240 2045 3327; baseline 0.011 -36"><span class='ocrx_word' id='word_1_516' title='bbox 459 3240 538 3318; x_wconf 72' lang='grc' dir='ltr'><strong>τῷ</strong></span> <span class='ocrx_word' id='word_1_517' title='bbox 581 3241 694 3313; x_wconf 83' lang='grc' dir='ltr'><strong>λαῷ</strong></span> <span class='ocrx_word' id='word_1_518' title='bbox 734 3243 905 3297; x_wconf 77' lang='grc' dir='ltr'>αὑτοῦ.</span> <span class='ocrx_word' id='word_1_519' title='bbox 950 3246 1283 3316; x_wconf 85' lang='grc' dir='ltr'>κραταίωσιν</span> <span class='ocrx_word' id='word_1_520' title='bbox 1338 3251 1434 3303; x_wconf 69' lang='grc' dir='ltr'><strong>καὶ</strong></span> <span class='ocrx_word' id='word_1_521' title='bbox 1476 3251 1705 3324; x_wconf 89' lang='grc' dir='ltr'>δύναμιν</span> <span class='ocrx_word' id='word_1_522' title='bbox 1763 3257 2045 3327; x_wconf 86' lang='grc' dir='ltr'>παρέχειν,</span> 
     </span>
    </p>
   </div>
   <div class='ocr_carea' id='block_1_65' title="bbox 2163 3240 3737 3327">
    <p class='ocr_par' dir='ltr' id='par_1_65' title="bbox 2163 3251 3737 3327">
     <span class='ocr_line' id='line_1_65' title="bbox 2163 3251 3737 3327; baseline -0.004 -15"><span class='ocrx_word' id='word_1_523' title='bbox 2163 3255 2426 3327; x_wconf 78' lang='lat' dir='ltr'><strong>separabit</strong></span> <span class='ocrx_word' id='word_1_524' title='bbox 2457 3271 2489 3309; x_wconf 89' lang='lat' dir='ltr'><strong>a</strong></span> <span class='ocrx_word' id='word_1_525' title='bbox 2519 3255 2792 3311; x_wconf 84' lang='lat' dir='ltr'><strong>charitatc</strong></span> <span class='ocrx_word' id='word_1_526' title='bbox 2818 3254 2948 3309; x_wconf 74' lang='lat' dir='ltr'><strong>Dei?</strong></span> <span class='ocrx_word' id='word_1_527' title='bbox 2986 3254 3296 3318; x_wconf 88' lang='lat' dir='ltr'><strong>tribulatio,</strong></span> <span class='ocrx_word' id='word_1_528' title='bbox 3345 3269 3414 3307; x_wconf 88' lang='lat' dir='ltr'><strong>an</strong></span> <span class='ocrx_word' id='word_1_529' title='bbox 3454 3251 3737 3324; x_wconf 74' lang='lat' dir='ltr'><strong>angustia,</strong></span> 
     </span>
    </p>
   </div>
   <div class='ocr_carea' id='block_1_66' title="bbox 459 3332 2047 3416">
    <p class='ocr_par' dir='ltr' id='par_1_66' title="bbox 459 3332 2047 3416">
     <span class='ocr_line' id='line_1_66' title="bbox 459 3332 2047 3416; baseline 0.011 -32"><span class='ocrx_word' id='word_1_530' title='bbox 459 3332 597 3402; x_wconf 81' lang='grc' dir='ltr'>πρὸς</span> <span class='ocrx_word' id='word_1_531' title='bbox 632 3335 691 3387; x_wconf 88' lang='grc' dir='ltr'><strong>τὸ</strong></span> <span class='ocrx_word' id='word_1_532' title='bbox 719 3334 976 3390; x_wconf 86' lang='grc' dir='ltr'>δύνασθαι</span> <span class='ocrx_word' id='word_1_533' title='bbox 1016 3339 1265 3393; x_wconf 80' lang='grc' dir='ltr'>ἵστασθαι</span> <span class='ocrx_word' id='word_1_534' title='bbox 1313 3342 1450 3412; x_wconf 87' lang='grc' dir='ltr'>πρὸς</span> <span class='ocrx_word' id='word_1_535' title='bbox 1496 3343 1596 3408; x_wconf 78' lang='grc' dir='ltr'>τὰς</span> <span class='ocrx_word' id='word_1_536' title='bbox 1629 3345 1909 3416; x_wconf 86' lang='grc' dir='ltr'>μεθοδείας</span> <span class='ocrx_word' id='word_1_537' title='bbox 1955 3348 2047 3402; x_wconf 83' lang='grc' dir='ltr'>τοῦ</span> 
     </span>
    </p>
   </div>
   <div class='ocr_carea' id='block_1_67' title="bbox 2158 3344 3496 3420">
    <p class='ocr_par' dir='ltr' id='par_1_67' title="bbox 2158 3344 3496 3420">
     <span class='ocr_line' id='line_1_67' title="bbox 2158 3344 3496 3420; baseline -0.006 -16"><span class='ocrx_word' id='word_1_538' title='bbox 2158 3366 2226 3404; x_wconf 89' lang='lat' dir='ltr'><strong>an</strong></span> <span class='ocrx_word' id='word_1_539' title='bbox 2258 3348 2592 3420; x_wconf 86' lang='lat' dir='ltr'><strong>persecutio,</strong></span> <span class='ocrx_word' id='word_1_540' title='bbox 2622 3362 2691 3401; x_wconf 89' lang='lat' dir='ltr'><strong>an</strong></span> <span class='ocrx_word' id='word_1_541' title='bbox 2720 3346 2955 3401; x_wconf 80' lang='lat' dir='ltr'><strong>fames&quot;</strong></span> <span class='ocrx_word' id='word_1_542' title='bbox 2976 3346 2998 3399; x_wconf 90' lang='lat'><strong>?</strong></span> <span class='ocrx_word' id='word_1_543' title='bbox 3021 3365 3039 3399; x_wconf 75' lang='grc' dir='ltr'><strong>ι</strong></span> <span class='ocrx_word' id='word_1_544' title='bbox 3078 3355 3134 3401; x_wconf 89' lang='lat' dir='ltr'><strong>et</strong></span> <span class='ocrx_word' id='word_1_545' title='bbox 3161 3347 3246 3402; x_wconf 92' lang='lat' dir='ltr'><strong>his</strong></span> <span class='ocrx_word' id='word_1_546' title='bbox 3274 3344 3496 3401; x_wconf 89' lang='lat' dir='ltr'><strong>similia.</strong></span> 
     </span>
    </p>
   </div>
   <div class='ocr_carea' id='block_1_68' title="bbox 458 3423 3743 3515">
    <p class='ocr_par' dir='ltr' id='par_1_68' title="bbox 458 3423 3743 3515">
     <span class='ocr_line' id='line_1_68' title="bbox 458 3423 3743 3515; baseline 0.004 -37"><span class='ocrx_word' id='word_1_547' title='bbox 458 3423 725 3493; x_wconf 77' lang='grc' dir='ltr'>διαϐόλου,</span> <span class='ocrx_word' id='word_1_548' title='bbox 751 3432 844 3484; x_wconf 77' lang='grc' dir='ltr'><strong>καὶ</strong></span> <span class='ocrx_word' id='word_1_549' title='bbox 883 3432 1067 3500; x_wconf 79' lang='grc' dir='ltr'>λέγειν.</span> <span class='ocrx_word' id='word_1_550' title='bbox 1094 3433 1296 3503; x_wconf 80' lang='grc' dir='ltr'>ὁμοίως</span> <span class='ocrx_word' id='word_1_551' title='bbox 1360 3436 1589 3509; x_wconf 83' lang='grc' dir='ltr'>Παύλῳ·</span> <span class='ocrx_word' id='word_1_552' title='bbox 1648 3458 1666 3491; x_wconf 78' lang='grc' dir='ltr'><strong>ι</strong></span> <span class='ocrx_word' id='word_1_553' title='bbox 1701 3441 1797 3505; x_wconf 90' lang='grc' dir='ltr'>Τίς</span> <span class='ocrx_word' id='word_1_554' title='bbox 1854 3444 2002 3513; x_wconf 82' lang='grc' dir='ltr'>ἡμᾶς</span> <span class='ocrx_word' id='word_1_555' title='bbox 2038 3445 2263 3515; x_wconf 85' lang='grc' dir='ltr'>χωρίσει</span> <span class='ocrx_word' id='word_1_556' title='bbox 2307 3443 2416 3497; x_wconf 83' lang='grc' dir='ltr'><strong>ἀπὸ</strong></span> <span class='ocrx_word' id='word_1_557' title='bbox 2457 3443 2558 3513; x_wconf 85' lang='grc' dir='ltr'><strong>τῆς</strong></span> <span class='ocrx_word' id='word_1_558' title='bbox 2600 3441 2821 3511; x_wconf 81' lang='grc' dir='ltr'>ἀγάπης</span> <span class='ocrx_word' id='word_1_559' title='bbox 2871 3437 2966 3492; x_wconf 78' lang='grc' dir='ltr'>τοῦ</span> <span class='ocrx_word' id='word_1_560' title='bbox 3007 3438 3182 3505; x_wconf 81' lang='grc' dir='ltr'><strong>Θεοῦ;</strong></span> <span class='ocrx_word' id='word_1_561' title='bbox 3234 3438 3409 3508; x_wconf 65' lang='grc' dir='ltr'>θλίψις</span> <span class='ocrx_word' id='word_1_562' title='bbox 3455 3438 3489 3509; x_wconf 81' lang='grc' dir='ltr'><strong>ἢ</strong></span> <span class='ocrx_word' id='word_1_563' title='bbox 3560 3451 3743 3492; x_wconf 78' lang='grc' dir='ltr'>στενο-</span> 
     </span>
    </p>
   </div>
   <div class='ocr_carea' id='block_1_69' title="bbox 460 3520 2255 3608">
    <p class='ocr_par' dir='ltr' id='par_1_69' title="bbox 460 3520 2255 3608">
     <span class='ocr_line' id='line_1_69' title="bbox 460 3520 2255 3608; baseline 0.008 -32"><span class='ocrx_word' id='word_1_564' title='bbox 460 3520 654 3590; x_wconf 79' lang='grc' dir='ltr'>χωρία,</span> <span class='ocrx_word' id='word_1_565' title='bbox 685 3520 718 3591; x_wconf 75' lang='grc' dir='ltr'><strong>ἢ</strong></span> <span class='ocrx_word' id='word_1_566' title='bbox 745 3521 1003 3593; x_wconf 82' lang='grc' dir='ltr'>διωγμὸς,</span> <span class='ocrx_word' id='word_1_567' title='bbox 1046 3525 1083 3596; x_wconf 80' lang='grc' dir='ltr'>ἢ</span> <span class='ocrx_word' id='word_1_568' title='bbox 1126 3525 1311 3596; x_wconf 89' lang='grc' dir='ltr'>λιμός;</span> <span class='ocrx_word' id='word_1_569' title='bbox 1346 3546 1366 3578; x_wconf 75' lang='grc' dir='ltr'><strong>ι</strong></span> <span class='ocrx_word' id='word_1_570' title='bbox 1400 3529 1494 3582; x_wconf 75' lang='grc' dir='ltr'><strong>καὶ</strong></span> <span class='ocrx_word' id='word_1_571' title='bbox 1524 3530 1593 3584; x_wconf 84' lang='grc' dir='ltr'>τὰ</span> <span class='ocrx_word' id='word_1_572' title='bbox 1632 3530 1843 3597; x_wconf 87' lang='grc' dir='ltr'>τούτοις</span> <span class='ocrx_word' id='word_1_573' title='bbox 1878 3535 2255 3608; x_wconf 88' lang='grc' dir='ltr'>παραπλήσια.</span> 
     </span>
    </p>
   </div>
   <div class='ocr_carea' id='block_1_70' title="bbox 462 3631 2049 3701">
    <p class='ocr_par' dir='ltr' id='par_1_70' title="bbox 462 3631 2049 3701">
     <span class='ocr_line' id='line_1_70' title="bbox 462 3631 2049 3701; baseline 0.011 -17"><span class='ocrx_word' id='word_1_574' title='bbox 462 3632 571 3685; x_wconf 82' lang='grc' dir='ltr'><strong>ΕΙΣ</strong></span> <span class='ocrx_word' id='word_1_575' title='bbox 612 3631 699 3687; x_wconf 85' lang='grc' dir='ltr'>ΤΟ</span> <span class='ocrx_word' id='word_1_576' title='bbox 740 3634 996 3696; x_wconf 84' lang='grc' dir='ltr'><strong>ΤΕΛΟΣ,</strong></span> <span class='ocrx_word' id='word_1_577' title='bbox 1051 3637 1236 3691; x_wconf 78' lang='grc' dir='ltr'>ΥΠΕΡ</span> <span class='ocrx_word' id='word_1_578' title='bbox 1296 3640 1433 3692; x_wconf 73' lang='grc' dir='ltr'><strong>ΤΩΝ</strong></span> <span class='ocrx_word' id='word_1_579' title='bbox 1480 3644 2049 3701; x_wconf 78' lang='grc' dir='ltr'><strong>ΑΛΛΟΙΩΘΗΣΟΜΕ-</strong></span> 
     </span>
    </p>
   </div>
   <div class='ocr_carea' id='block_1_71' title="bbox 900 3707 1616 3780">
    <p class='ocr_par' dir='ltr' id='par_1_71' title="bbox 900 3707 1616 3780">
     <span class='ocr_line' id='line_1_71' title="bbox 900 3707 1616 3780; baseline 0.011 -21"><span class='ocrx_word' id='word_1_580' title='bbox 900 3707 1061 3771; x_wconf 77' lang='grc' dir='ltr'>ΝΩΝ,</span> <span class='ocrx_word' id='word_1_581' title='bbox 1101 3710 1189 3780; x_wconf 72' lang='lat' dir='ltr'><strong>To</strong></span> <span class='ocrx_word' id='word_1_582' title='bbox 1230 3711 1458 3771; x_wconf 78' lang='grc' dir='ltr'>ΔΑΥιΔ.</span> <span class='ocrx_word' id='word_1_583' title='bbox 1493 3711 1616 3767; x_wconf 61' lang='lat' dir='ltr'><strong>sua</strong></span> 
     </span>
    </p>
   </div>
   <div class='ocr_carea' id='block_1_72' title="bbox 539 3794 2051 3873">
    <p class='ocr_par' dir='ltr' id='par_1_72' title="bbox 539 3794 2051 3873">
     <span class='ocr_line' id='line_1_72' title="bbox 539 3794 2051 3873; baseline 0.011 -27"><span class='ocrx_word' id='word_1_584' title='bbox 539 3811 559 3845; x_wconf 78' lang='grc' dir='ltr'><strong>ι</strong></span> <span class='ocrx_word' id='word_1_585' title='bbox 600 3794 782 3849; x_wconf 77' lang='grc' dir='ltr'>Σῶσόν</span> <span class='ocrx_word' id='word_1_586' title='bbox 838 3814 926 3867; x_wconf 90' lang='grc' dir='ltr'><strong>με,</strong></span> <span class='ocrx_word' id='word_1_587' title='bbox 974 3798 1002 3849; x_wconf 85' lang='lat'><strong>6</strong></span> <span class='ocrx_word' id='word_1_588' title='bbox 1046 3798 1199 3863; x_wconf 88' lang='grc' dir='ltr'>Θεὸς,</span> <span class='ocrx_word' id='word_1_589' title='bbox 1232 3800 1314 3853; x_wconf 81' lang='grc' dir='ltr'><strong>ὅτι</strong></span> <span class='ocrx_word' id='word_1_590' title='bbox 1362 3803 1684 3873; x_wconf 82' lang='grc' dir='ltr'>είσήλθοσαν</span> <span class='ocrx_word' id='word_1_591' title='bbox 1732 3806 1902 3862; x_wconf 77' lang='grc' dir='ltr'>ὕδατα</span> <span class='ocrx_word' id='word_1_592' title='bbox 1947 3808 2051 3873; x_wconf 76' lang='grc' dir='ltr'>ἕως</span> 
     </span>
    </p>
   </div>
   <div class='ocr_carea' id='block_1_73' title="bbox 462 3885 2050 3970">
    <p class='ocr_par' dir='ltr' id='par_1_73' title="bbox 462 3885 2050 3970">
     <span class='ocr_line' id='line_1_73' title="bbox 462 3885 2050 3970; baseline 0.01 -33"><span class='ocrx_word' id='word_1_593' title='bbox 462 3885 641 3957; x_wconf 69' lang='grc' dir='ltr'>ψυχῆς</span> <span class='ocrx_word' id='word_1_594' title='bbox 699 3905 819 3958; x_wconf 90' lang='grc' dir='ltr'>μου.</span> <span class='ocrx_word' id='word_1_595' title='bbox 866 3907 884 3941; x_wconf 80' lang='grc' dir='ltr'><strong>ι</strong></span> <span class='ocrx_word' id='word_1_596' title='bbox 948 3890 1219 3961; x_wconf 83' lang='grc' dir='ltr'>Τέτταρές</span> <span class='ocrx_word' id='word_1_597' title='bbox 1274 3894 1412 3947; x_wconf 73' lang='grc' dir='ltr'>εἰσιν</span> <span class='ocrx_word' id='word_1_598' title='bbox 1470 3897 1518 3948; x_wconf 89' lang='grc' dir='ltr'><strong>οί</strong></span> <span class='ocrx_word' id='word_1_599' title='bbox 1580 3898 2050 3970; x_wconf 78' lang='grc' dir='ltr'>ἐπιγεγραμμένοι</span> 
     </span>
    </p>
   </div>
   <div class='ocr_carea' id='block_1_74' title="bbox 469 3977 2048 4059">
    <p class='ocr_par' dir='ltr' id='par_1_74' title="bbox 469 3977 2048 4059">
     <span class='ocr_line' id='line_1_74' title="bbox 469 3977 2048 4059; baseline 0.011 -30"><span class='ocrx_word' id='word_1_600' title='bbox 469 3996 487 4027; x_wconf 81' lang='grc' dir='ltr'><strong>ι</strong></span> <span class='ocrx_word' id='word_1_601' title='bbox 534 3977 705 4050; x_wconf 81' lang='grc' dir='ltr'>’Υπὲρ</span> <span class='ocrx_word' id='word_1_602' title='bbox 729 3981 837 4034; x_wconf 88' lang='grc' dir='ltr'><strong>τῶν</strong></span> <span class='ocrx_word' id='word_1_603' title='bbox 860 3981 1405 4054; x_wconf 82' lang='grc' dir='ltr'>ἀλλοιωθησομένων·</span> <span class='ocrx_word' id='word_1_604' title='bbox 1445 4006 1465 4038; x_wconf 69' lang='grc' dir='ltr'><strong>ι</strong></span> <span class='ocrx_word' id='word_1_605' title='bbox 1500 3987 1594 4040; x_wconf 87' lang='grc' dir='ltr'><strong>δύο</strong></span> <span class='ocrx_word' id='word_1_606' title='bbox 1622 3989 1720 4059; x_wconf 87' lang='grc' dir='ltr'>μὲν</span> <span class='ocrx_word' id='word_1_607' title='bbox 1743 3990 1836 4043; x_wconf 83' lang='grc' dir='ltr'>τοῦ</span> <span class='ocrx_word' id='word_1_608' title='bbox 1866 3991 2048 4056; x_wconf 84' lang='grc' dir='ltr'>Δαυῒδ,</span> 
     </span>
    </p>
   </div>
   <div class='ocr_carea' id='block_1_75' title="bbox 465 4070 2048 4155">
    <p class='ocr_par' dir='ltr' id='par_1_75' title="bbox 465 4070 2048 4155">
     <span class='ocr_line' id='line_1_75' title="bbox 465 4070 2048 4155; baseline 0.01 -32"><span class='ocrx_word' id='word_1_609' title='bbox 465 4072 491 4124; x_wconf 88' lang='lat'><strong>6</strong></span> <span class='ocrx_word' id='word_1_610' title='bbox 524 4070 662 4141; x_wconf 86' lang='grc' dir='ltr'><strong>μετά</strong></span> <span class='ocrx_word' id='word_1_611' title='bbox 687 4076 875 4145; x_wconf 87' lang='grc' dir='ltr'>χεῖρας</span> <span class='ocrx_word' id='word_1_612' title='bbox 900 4077 992 4128; x_wconf 72' lang='grc' dir='ltr'><strong>καὶ</strong></span> <span class='ocrx_word' id='word_1_613' title='bbox 1017 4078 1046 4128; x_wconf 92' lang='lat'><strong>6</strong></span> <span class='ocrx_word' id='word_1_614' title='bbox 1077 4076 1173 4129; x_wconf 89' lang='grc' dir='ltr'>νθ¹·</span> <span class='ocrx_word' id='word_1_615' title='bbox 1197 4077 1306 4130; x_wconf 89' lang='grc' dir='ltr'><strong>τῶν</strong></span> <span class='ocrx_word' id='word_1_616' title='bbox 1338 4079 1396 4131; x_wconf 85' lang='grc' dir='ltr'>δὲ</span> <span class='ocrx_word' id='word_1_617' title='bbox 1426 4080 1558 4133; x_wconf 85' lang='grc' dir='ltr'>υίῶν</span> <span class='ocrx_word' id='word_1_618' title='bbox 1581 4083 1724 4153; x_wconf 78' lang='grc' dir='ltr'>Κορὲ</span> <span class='ocrx_word' id='word_1_619' title='bbox 1749 4077 1850 4148; x_wconf 74' lang='grc' dir='ltr'>εἷς,</span> <span class='ocrx_word' id='word_1_620' title='bbox 1880 4086 1908 4137; x_wconf 88' lang='lat'><strong>6</strong></span> <span class='ocrx_word' id='word_1_621' title='bbox 1946 4086 2048 4155; x_wconf 81' lang='grc' dir='ltr'>μδ’,</span> 
     </span>
    </p>
   </div>
   <div class='ocr_carea' id='block_1_76' title="bbox 468 4160 2053 4234">
    <p class='ocr_par' dir='ltr' id='par_1_76' title="bbox 468 4160 2053 4234">
     <span class='ocr_line' id='line_1_76' title="bbox 468 4160 2053 4234; baseline 0.011 -24"><span class='ocrx_word' id='word_1_622' title='bbox 468 4160 560 4210; x_wconf 78' lang='grc' dir='ltr'><strong>καὶ</strong></span> <span class='ocrx_word' id='word_1_623' title='bbox 606 4162 700 4213; x_wconf 78' lang='grc' dir='ltr'>τοῦ</span> <span class='ocrx_word' id='word_1_624' title='bbox 743 4162 914 4232; x_wconf 74' lang='grc' dir='ltr'>Ἀσάφ</span> <span class='ocrx_word' id='word_1_625' title='bbox 959 4165 1161 4234; x_wconf 77' lang='grc' dir='ltr'>ὁμοίως</span> <span class='ocrx_word' id='word_1_626' title='bbox 1208 4167 1236 4218; x_wconf 97' lang='lat'><strong>6</strong></span> <span class='ocrx_word' id='word_1_627' title='bbox 1277 4166 1371 4220; x_wconf 79' lang='grc' dir='ltr'>σθ’.</span> <span class='ocrx_word' id='word_1_628' title='bbox 1420 4168 1544 4222; x_wconf 77' lang='grc' dir='ltr'><strong>Ἐπὶ</strong></span> <span class='ocrx_word' id='word_1_629' title='bbox 1587 4170 1804 4225; x_wconf 89' lang='grc' dir='ltr'>πάντων</span> <span class='ocrx_word' id='word_1_630' title='bbox 1842 4172 1897 4226; x_wconf 84' lang='grc' dir='ltr'>δὲ</span> <span class='ocrx_word' id='word_1_631' title='bbox 1931 4176 2053 4229; x_wconf 69' lang='grc' dir='ltr'>ἀντὶ</span> 
     </span>
    </p>
   </div>
   <div class='ocr_carea' id='block_1_77' title="bbox 2153 3637 3735 3710">
    <p class='ocr_par' dir='ltr' id='par_1_77' title="bbox 2153 3637 3735 3710">
     <span class='ocr_line' id='line_1_77' title="bbox 2153 3637 3735 3710; baseline -0.006 -8"><span class='ocrx_word' id='word_1_632' title='bbox 2153 3646 2220 3701; x_wconf 79' lang='lat' dir='ltr'><strong>IN</strong></span> <span class='ocrx_word' id='word_1_633' title='bbox 2270 3645 2520 3710; x_wconf 76' lang='lat' dir='ltr'><strong>FINEM,</strong></span> <span class='ocrx_word' id='word_1_634' title='bbox 2560 3642 2701 3698; x_wconf 82' lang='lat' dir='ltr'><strong>PRO</strong></span> <span class='ocrx_word' id='word_1_635' title='bbox 2751 3641 2838 3695; x_wconf 89' lang='lat' dir='ltr'><strong>IIS</strong></span> <span class='ocrx_word' id='word_1_636' title='bbox 2889 3640 3006 3707; x_wconf 88' lang='lat' dir='ltr'><strong>QUI</strong></span> <span class='ocrx_word' id='word_1_637' title='bbox 3062 3637 3735 3710; x_wconf 61' lang='lat' dir='ltr'><strong>COMIIUTABUNTUR,</strong></span> 
     </span>
    </p>
   </div>
   <div class='ocr_carea' id='block_1_78' title="bbox 2595 3709 3275 3770">
    <p class='ocr_par' dir='ltr' id='par_1_78' title="bbox 2595 3709 3275 3770">
     <span class='ocr_line' id='line_1_78' title="bbox 2595 3709 3275 3770; baseline -0.009 -1"><span class='ocrx_word' id='word_1_638' title='bbox 2595 3713 2726 3770; x_wconf 80' lang='lat' dir='ltr'><strong>IPSI</strong></span> <span class='ocrx_word' id='word_1_639' title='bbox 2768 3712 3003 3766; x_wconf 82' lang='lat' dir='ltr'><strong>DAVID.</strong></span> <span class='ocrx_word' id='word_1_640' title='bbox 3046 3709 3275 3765; x_wconf 76' lang='lat' dir='ltr'><strong>LXVIII.</strong></span> 
     </span>
    </p>
   </div>
   <div class='ocr_carea' id='block_1_79' title="bbox 2224 3798 3740 3870">
    <p class='ocr_par' dir='ltr' id='par_1_79' title="bbox 2224 3798 3740 3870">
     <span class='ocr_line' id='line_1_79' title="bbox 2224 3798 3740 3870; baseline -0.005 -9"><span class='ocrx_word' id='word_1_641' title='bbox 2224 3807 2393 3863; x_wconf 73' lang='lat' dir='ltr'><strong>Vens.</strong></span> <span class='ocrx_word' id='word_1_642' title='bbox 2425 3807 2481 3870; x_wconf 74' lang='lat'><strong>3,</strong></span> <span class='ocrx_word' id='word_1_643' title='bbox 2512 3809 2564 3862; x_wconf 75' lang='grc'>5.</span> <span class='ocrx_word' id='word_1_644' title='bbox 2606 3826 2624 3858; x_wconf 78' lang='grc' dir='ltr'><strong>ι</strong></span> <span class='ocrx_word' id='word_1_645' title='bbox 2664 3806 2887 3861; x_wconf 89' lang='lat' dir='ltr'><strong>Salvum</strong></span> <span class='ocrx_word' id='word_1_646' title='bbox 2917 3821 3004 3859; x_wconf 89' lang='lat' dir='ltr'><strong>me</strong></span> <span class='ocrx_word' id='word_1_647' title='bbox 3043 3804 3148 3866; x_wconf 82' lang='lat' dir='ltr'><strong>fac,</strong></span> <span class='ocrx_word' id='word_1_648' title='bbox 3177 3801 3341 3862; x_wconf 86' lang='lat' dir='ltr'><strong>Deus,</strong></span> <span class='ocrx_word' id='word_1_649' title='bbox 3376 3799 3635 3870; x_wconf 88' lang='lat' dir='ltr'><strong>quoniam</strong></span> <span class='ocrx_word' id='word_1_650' title='bbox 3663 3798 3740 3854; x_wconf 88' lang='lat' dir='ltr'><strong>in-</strong></span> 
     </span>
    </p>
   </div>
   <div class='ocr_carea' id='block_1_80' title="bbox 2156 3891 3743 3970">
    <p class='ocr_par' dir='ltr' id='par_1_80' title="bbox 2156 3891 3743 3970">
     <span class='ocr_line' id='line_1_80' title="bbox 2156 3891 3743 3970; baseline -0.005 -14"><span class='ocrx_word' id='word_1_651' title='bbox 2156 3910 2440 3956; x_wconf 85' lang='lat' dir='ltr'><strong>traverunt</strong></span> <span class='ocrx_word' id='word_1_652' title='bbox 2462 3915 2616 3970; x_wconf 58' lang='lat' dir='ltr'><strong>aqua:</strong></span> <span class='ocrx_word' id='word_1_653' title='bbox 2644 3914 2818 3969; x_wconf 91' lang='lat' dir='ltr'><strong>usque</strong></span> <span class='ocrx_word' id='word_1_654' title='bbox 2847 3897 2915 3951; x_wconf 83' lang='lat' dir='ltr'><strong>ad</strong></span> <span class='ocrx_word' id='word_1_655' title='bbox 2938 3896 3177 3951; x_wconf 87' lang='lat' dir='ltr'><strong>animam</strong></span> <span class='ocrx_word' id='word_1_656' title='bbox 3207 3908 3404 3947; x_wconf 90' lang='lat' dir='ltr'><strong>meam.</strong></span> <span class='ocrx_word' id='word_1_657' title='bbox 3436 3911 3456 3945; x_wconf 76' lang='grc' dir='ltr'><strong>ι</strong></span> <span class='ocrx_word' id='word_1_658' title='bbox 3492 3891 3743 3957; x_wconf 73' lang='lat' dir='ltr'><strong>Quatuw</strong></span> 
     </span>
    </p>
   </div>
   <div class='ocr_carea' id='block_1_81' title="bbox 2154 3985 3737 4064">
    <p class='ocr_par' dir='ltr' id='par_1_81' title="bbox 2154 3985 3737 4064">
     <span class='ocr_line' id='line_1_81' title="bbox 2154 3985 3737 4064; baseline -0.006 -16"><span class='ocrx_word' id='word_1_659' title='bbox 2154 3993 2348 4064; x_wconf 89' lang='lat' dir='ltr'><strong>psalmi</strong></span> <span class='ocrx_word' id='word_1_660' title='bbox 2387 4010 2405 4042; x_wconf 79' lang='grc' dir='ltr'><strong>ι</strong></span> <span class='ocrx_word' id='word_1_661' title='bbox 2462 3990 2570 4045; x_wconf 90' lang='lat' dir='ltr'><strong>Pro</strong></span> <span class='ocrx_word' id='word_1_662' title='bbox 2622 3990 2690 4045; x_wconf 92' lang='lat' dir='ltr'><strong>iis</strong></span> <span class='ocrx_word' id='word_1_663' title='bbox 2742 3989 2836 4059; x_wconf 90' lang='lat' dir='ltr'><strong>qui</strong></span> <span class='ocrx_word' id='word_1_664' title='bbox 2878 3986 3365 4042; x_wconf 78' lang='lat' dir='ltr'><strong>conimutabuntur</strong></span> <span class='ocrx_word' id='word_1_665' title='bbox 3420 4005 3439 4038; x_wconf 82' lang='grc' dir='ltr'><strong>ι</strong></span> <span class='ocrx_word' id='word_1_666' title='bbox 3486 3985 3737 4057; x_wconf 67' lang='grc' dir='ltr'>ἰιιεοτίριί</span> 
     </span>
    </p>
   </div>
   <div class='ocr_carea' id='block_1_82' title="bbox 2154 4077 3741 4147">
    <p class='ocr_par' dir='ltr' id='par_1_82' title="bbox 2154 4077 3741 4147">
     <span class='ocr_line' id='line_1_82' title="bbox 2154 4077 3741 4147; baseline -0.003 -11"><span class='ocrx_word' id='word_1_667' title='bbox 2154 4088 2305 4137; x_wconf 84' lang='lat' dir='ltr'><strong>sunt.</strong></span> <span class='ocrx_word' id='word_1_668' title='bbox 2338 4079 2456 4133; x_wconf 90' lang='lat' dir='ltr'><strong>Duo</strong></span> <span class='ocrx_word' id='word_1_669' title='bbox 2489 4078 2733 4140; x_wconf 83' lang='lat' dir='ltr'><strong>Davidis.</strong></span> <span class='ocrx_word' id='word_1_670' title='bbox 2768 4093 2965 4147; x_wconf 88' lang='lat' dir='ltr'><strong>nempe</strong></span> <span class='ocrx_word' id='word_1_671' title='bbox 2999 4077 3087 4131; x_wconf 92' lang='lat' dir='ltr'><strong>hic</strong></span> <span class='ocrx_word' id='word_1_672' title='bbox 3136 4091 3297 4145; x_wconf 89' lang='lat' dir='ltr'><strong>quem</strong></span> <span class='ocrx_word' id='word_1_673' title='bbox 3351 4083 3654 4132; x_wconf 81' lang='lat' dir='ltr'><strong>tractamus</strong></span> <span class='ocrx_word' id='word_1_674' title='bbox 3686 4085 3741 4132; x_wconf 88' lang='lat' dir='ltr'><strong>et</strong></span> 
     </span>
    </p>
   </div>
   <div class='ocr_carea' id='block_1_83' title="bbox 2158 4167 3741 4237">
    <p class='ocr_par' dir='ltr' id='par_1_83' title="bbox 2158 4167 3741 4237">
     <span class='ocr_line' id='line_1_83' title="bbox 2158 4167 3741 4237; baseline -0.005 -8"><span class='ocrx_word' id='word_1_675' title='bbox 2158 4191 2249 4229; x_wconf 74' lang='grc' dir='ltr'>ιιι</span> <span class='ocrx_word' id='word_1_676' title='bbox 2281 4194 2293 4227; x_wconf 93' lang='lat'><strong>:</strong></span> <span class='ocrx_word' id='word_1_677' title='bbox 2325 4173 2559 4226; x_wconf 91' lang='lat' dir='ltr'><strong>ﬁliorum</strong></span> <span class='ocrx_word' id='word_1_678' title='bbox 2588 4170 2728 4225; x_wconf 85' lang='lat' dir='ltr'><strong>Core</strong></span> <span class='ocrx_word' id='word_1_679' title='bbox 2751 4185 2914 4231; x_wconf 88' lang='lat' dir='ltr'><strong>unus,</strong></span> <span class='ocrx_word' id='word_1_680' title='bbox 2935 4168 3144 4224; x_wconf 87' lang='lat' dir='ltr'><strong>scilicet</strong></span> <span class='ocrx_word' id='word_1_681' title='bbox 3167 4182 3291 4223; x_wconf 71' lang='grc' dir='ltr'>χιιι·</span> <span class='ocrx_word' id='word_1_682' title='bbox 3316 4185 3330 4234; x_wconf 89' lang='lat'>;</span> <span class='ocrx_word' id='word_1_683' title='bbox 3360 4167 3486 4237; x_wconf 75' lang='lat' dir='ltr'><strong>Asaj</strong></span> <span class='ocrx_word' id='word_1_684' title='bbox 3506 4168 3560 4222; x_wconf 89' lang='lat' dir='ltr'><strong>hi</strong></span> <span class='ocrx_word' id='word_1_685' title='bbox 3589 4169 3741 4223; x_wconf 77' lang='lat' dir='ltr'><strong>simi-</strong></span> 
     </span>
    </p>
   </div>
   <div class='ocr_carea' id='block_1_84' title="bbox 468 4249 2058 4335">
    <p class='ocr_par' dir='ltr' id='par_1_84' title="bbox 468 4249 2051 4335">
     <span class='ocr_line' id='line_1_84' title="bbox 468 4249 2051 4335; baseline 0.011 -33"><span class='ocrx_word' id='word_1_686' title='bbox 468 4249 583 4314; x_wconf 81' lang='grc' dir='ltr'>τοῦ,</span> <span class='ocrx_word' id='word_1_687' title='bbox 627 4270 646 4303; x_wconf 84' lang='grc'><strong><em>‹</em></strong></span> <span class='ocrx_word' id='word_1_688' title='bbox 690 4253 862 4329; x_wconf 81' lang='grc' dir='ltr'>’Υπὲρ</span> <span class='ocrx_word' id='word_1_689' title='bbox 911 4255 1020 4309; x_wconf 85' lang='grc' dir='ltr'><strong>τῶν</strong></span> <span class='ocrx_word' id='word_1_690' title='bbox 1065 4257 1600 4332; x_wconf 86' lang='grc' dir='ltr'>ἀλλοιωθησομένων,</span> <span class='ocrx_word' id='word_1_691' title='bbox 1637 4285 1655 4315; x_wconf 80' lang='grc' dir='ltr'><strong>ι</strong></span> <span class='ocrx_word' id='word_1_692' title='bbox 1690 4267 1720 4318; x_wconf 90' lang='lat'><strong>6</strong></span> <span class='ocrx_word' id='word_1_693' title='bbox 1754 4265 1851 4335; x_wconf 85' lang='grc' dir='ltr'>μὲν</span> <span class='ocrx_word' id='word_1_694' title='bbox 1893 4266 2051 4320; x_wconf 85' lang='grc' dir='ltr'>Ἀκύ-</span> 
     </span>
    </p>
   </div>
   <div class='ocr_carea' id='block_1_85' title="bbox 2163 4249 3741 4335">
    <p class='ocr_par' dir='ltr' id='par_1_85' title="bbox 2163 4259 3741 4331">
     <span class='ocr_line' id='line_1_85' title="bbox 2163 4259 3741 4331; baseline -0.002 -11"><span class='ocrx_word' id='word_1_695' title='bbox 2163 4266 2276 4320; x_wconf 87' lang='lat' dir='ltr'><strong>liter</strong></span> <span class='ocrx_word' id='word_1_696' title='bbox 2307 4280 2495 4319; x_wconf 72' lang='lat' dir='ltr'><strong>uxux.</strong></span> <span class='ocrx_word' id='word_1_697' title='bbox 2527 4262 2585 4315; x_wconf 89' lang='lat' dir='ltr'><strong>In</strong></span> <span class='ocrx_word' id='word_1_698' title='bbox 2615 4260 2874 4316; x_wconf 91' lang='lat' dir='ltr'><strong>omnibus</strong></span> <span class='ocrx_word' id='word_1_699' title='bbox 2924 4275 3090 4331; x_wconf 90' lang='lat' dir='ltr'><strong>porro</strong></span> <span class='ocrx_word' id='word_1_700' title='bbox 3117 4259 3266 4314; x_wconf 92' lang='lat' dir='ltr'><strong>illius</strong></span> <span class='ocrx_word' id='word_1_701' title='bbox 3297 4259 3436 4326; x_wconf 92' lang='lat' dir='ltr'><strong>loco,</strong></span> <span class='ocrx_word' id='word_1_702' title='bbox 3472 4281 3497 4311; x_wconf 75' lang='grc' dir='ltr'><strong>ι</strong></span> <span class='ocrx_word' id='word_1_703' title='bbox 3536 4260 3643 4315; x_wconf 86' lang='lat' dir='ltr'><strong>Pro</strong></span> <span class='ocrx_word' id='word_1_704' title='bbox 3672 4260 3741 4317; x_wconf 83' lang='lat' dir='ltr'><strong>iis</strong></span> 
     </span>
    </p>
   </div>
   <div class='ocr_carea' id='block_1_86' title="bbox 468 4341 2058 4429">
    <p class='ocr_par' dir='ltr' id='par_1_86' title="bbox 468 4341 2049 4429">
     <span class='ocr_line' id='line_1_86' title="bbox 468 4341 2049 4429; baseline 0.011 -35"><span class='ocrx_word' id='word_1_705' title='bbox 468 4341 583 4406; x_wconf 89' lang='grc' dir='ltr'>λας,</span> <span class='ocrx_word' id='word_1_706' title='bbox 618 4363 636 4395; x_wconf 72' lang='grc' dir='ltr'><strong>ι</strong></span> <span class='ocrx_word' id='word_1_707' title='bbox 688 4346 811 4399; x_wconf 85' lang='grc' dir='ltr'><strong>Ἐπὶ</strong></span> <span class='ocrx_word' id='word_1_708' title='bbox 854 4348 1077 4418; x_wconf 85' lang='grc' dir='ltr'>κρίνων,</span> <span class='ocrx_word' id='word_1_709' title='bbox 1114 4370 1131 4402; x_wconf 85' lang='grc' dir='ltr'><strong>ι</strong></span> <span class='ocrx_word' id='word_1_710' title='bbox 1179 4352 1510 4406; x_wconf 79' lang='grc' dir='ltr'>ἐκδέδωκεν·</span> <span class='ocrx_word' id='word_1_711' title='bbox 1559 4356 1588 4407; x_wconf 93' lang='lat'><strong>6</strong></span> <span class='ocrx_word' id='word_1_712' title='bbox 1629 4356 1686 4409; x_wconf 80' lang='grc' dir='ltr'>δὲ</span> <span class='ocrx_word' id='word_1_713' title='bbox 1735 4357 2049 4429; x_wconf 86' lang='grc' dir='ltr'>Σύμμαχος,</span> 
     </span>
    </p>
   </div>
   <div class='ocr_carea' id='block_1_87' title="bbox 2163 4341 3739 4429">
    <p class='ocr_par' dir='ltr' id='par_1_87' title="bbox 2163 4351 3739 4427">
     <span class='ocr_line' id='line_1_87' title="bbox 2163 4351 3739 4427; baseline -0.003 -16"><span class='ocrx_word' id='word_1_714' title='bbox 2163 4358 2248 4427; x_wconf 84' lang='lat' dir='ltr'><strong>qui</strong></span> <span class='ocrx_word' id='word_1_715' title='bbox 2280 4357 2789 4417; x_wconf 82' lang='lat' dir='ltr'><strong>commutabuntur,</strong></span> <span class='ocrx_word' id='word_1_716' title='bbox 2830 4373 2849 4405; x_wconf 81' lang='grc' dir='ltr'><strong>ι</strong></span> <span class='ocrx_word' id='word_1_717' title='bbox 2888 4352 3107 4423; x_wconf 87' lang='lat' dir='ltr'><strong>Aquila,</strong></span> <span class='ocrx_word' id='word_1_718' title='bbox 3142 4371 3161 4403; x_wconf 75' lang='grc' dir='ltr'><strong>ι</strong></span> <span class='ocrx_word' id='word_1_719' title='bbox 3197 4351 3374 4423; x_wconf 81' lang='lat' dir='ltr'><strong>Super</strong></span> <span class='ocrx_word' id='word_1_720' title='bbox 3396 4353 3527 4417; x_wconf 89' lang='lat' dir='ltr'><strong>lilia,</strong></span> <span class='ocrx_word' id='word_1_721' title='bbox 3564 4372 3582 4404; x_wconf 82' lang='grc' dir='ltr'><strong>ι</strong></span> <span class='ocrx_word' id='word_1_722' title='bbox 3621 4352 3739 4407; x_wconf 81' lang='lat' dir='ltr'><strong>edi-</strong></span> 
     </span>
    </p>
   </div>
   <div class='ocr_carea' id='block_1_88' title="bbox 470 4435 2058 4521">
    <p class='ocr_par' dir='ltr' id='par_1_88' title="bbox 470 4435 2051 4520">
     <span class='ocr_line' id='line_1_88' title="bbox 470 4435 2051 4520; baseline 0.012 -36"><span class='ocrx_word' id='word_1_723' title='bbox 470 4454 488 4484; x_wconf 81' lang='grc' dir='ltr'><strong>ι</strong></span> <span class='ocrx_word' id='word_1_724' title='bbox 537 4435 710 4506; x_wconf 85' lang='grc' dir='ltr'>’Υπὲρ</span> <span class='ocrx_word' id='word_1_725' title='bbox 748 4437 856 4491; x_wconf 90' lang='grc' dir='ltr'><strong>τῶν</strong></span> <span class='ocrx_word' id='word_1_726' title='bbox 900 4439 1096 4494; x_wconf 81' lang='grc' dir='ltr'>ἀνθῶν.</span> <span class='ocrx_word' id='word_1_727' title='bbox 1136 4460 1154 4492; x_wconf 84' lang='grc' dir='ltr'><strong>ι</strong></span> <span class='ocrx_word' id='word_1_728' title='bbox 1204 4440 1263 4496; x_wconf 80' lang='grc'>’0</span> <span class='ocrx_word' id='word_1_729' title='bbox 1289 4445 1387 4514; x_wconf 88' lang='grc' dir='ltr'><strong>μὲν</strong></span> <span class='ocrx_word' id='word_1_730' title='bbox 1414 4440 1505 4498; x_wconf 81' lang='grc' dir='ltr'>οὖν</span> <span class='ocrx_word' id='word_1_731' title='bbox 1542 4446 1624 4517; x_wconf 84' lang='grc' dir='ltr'>μδ’</span> <span class='ocrx_word' id='word_1_732' title='bbox 1650 4446 1747 4518; x_wconf 82' lang='grc' dir='ltr'><strong>τὴν</strong></span> <span class='ocrx_word' id='word_1_733' title='bbox 1794 4451 1923 4520; x_wconf 77' lang='grc' dir='ltr'>περὶ</span> <span class='ocrx_word' id='word_1_734' title='bbox 1958 4451 2051 4503; x_wconf 84' lang='grc' dir='ltr'>τοῦ</span> 
     </span>
    </p>
   </div>
   <div class='ocr_carea' id='block_1_89' title="bbox 2163 4435 3742 4521">
    <p class='ocr_par' dir='ltr' id='par_1_89' title="bbox 2163 4443 3742 4521">
     <span class='ocr_line' id='line_1_89' title="bbox 2163 4443 3742 4521; baseline -0.003 -17"><span class='ocrx_word' id='word_1_735' title='bbox 2163 4451 2239 4505; x_wconf 86' lang='lat' dir='ltr'><strong>dit</strong></span> <span class='ocrx_word' id='word_1_736' title='bbox 2267 4469 2280 4517; x_wconf 90' lang='lat'><strong>;</strong></span> <span class='ocrx_word' id='word_1_737' title='bbox 2307 4448 2667 4521; x_wconf 85' lang='lat' dir='ltr'><strong>Symmachus</strong></span> <span class='ocrx_word' id='word_1_738' title='bbox 2700 4462 2851 4509; x_wconf 87' lang='lat' dir='ltr'><strong>vero,</strong></span> <span class='ocrx_word' id='word_1_739' title='bbox 2884 4465 2901 4497; x_wconf 81' lang='grc' dir='ltr'><strong>ι</strong></span> <span class='ocrx_word' id='word_1_740' title='bbox 2946 4446 3053 4499; x_wconf 89' lang='lat' dir='ltr'><strong>Pro</strong></span> <span class='ocrx_word' id='word_1_741' title='bbox 3081 4445 3325 4499; x_wconf 89' lang='lat' dir='ltr'><strong>ﬁoribus.</strong></span> <span class='ocrx_word' id='word_1_742' title='bbox 3367 4466 3385 4497; x_wconf 79' lang='grc' dir='ltr'><strong>ι</strong></span> <span class='ocrx_word' id='word_1_743' title='bbox 3426 4443 3742 4516; x_wconf 81' lang='lat' dir='ltr'><strong>Quadrage-</strong></span> 
     </span>
    </p>
   </div>
   <div class='ocr_carea' id='block_1_90' title="bbox 479 4526 2058 4611">
    <p class='ocr_par' dir='ltr' id='par_1_90' title="bbox 479 4526 2049 4608">
     <span class='ocr_line' id='line_1_90' title="bbox 479 4526 2049 4608; baseline 0.011 -31"><span class='ocrx_word' id='word_1_744' title='bbox 479 4526 787 4597; x_wconf 84' lang='grc' dir='ltr'>Ἀγαπητοῦ</span> <span class='ocrx_word' id='word_1_745' title='bbox 838 4533 1177 4603; x_wconf 83' lang='grc' dir='ltr'>προφητείαν</span> <span class='ocrx_word' id='word_1_746' title='bbox 1216 4539 1481 4607; x_wconf 85' lang='grc' dir='ltr'>περιεῖχε,</span> <span class='ocrx_word' id='word_1_747' title='bbox 1528 4538 1628 4608; x_wconf 87' lang='grc' dir='ltr'><strong>τῆς</strong></span> <span class='ocrx_word' id='word_1_748' title='bbox 1669 4556 1727 4591; x_wconf 88' lang='grc' dir='ltr'><strong>τε</strong></span> <span class='ocrx_word' id='word_1_749' title='bbox 1777 4539 1837 4605; x_wconf 78' lang='grc' dir='ltr'><strong>ἐξ</strong></span> <span class='ocrx_word' id='word_1_750' title='bbox 1881 4540 2049 4594; x_wconf 83' lang='grc' dir='ltr'>ἐθνῶν</span> 
     </span>
    </p>
   </div>
   <div class='ocr_carea' id='block_1_91' title="bbox 2163 4526 3737 4611">
    <p class='ocr_par' dir='ltr' id='par_1_91' title="bbox 2163 4536 3737 4611">
     <span class='ocr_line' id='line_1_91' title="bbox 2163 4536 3737 4611; baseline -0.004 -13"><span class='ocrx_word' id='word_1_751' title='bbox 2163 4544 2332 4598; x_wconf 88' lang='lat' dir='ltr'><strong>simus</strong></span> <span class='ocrx_word' id='word_1_752' title='bbox 2360 4543 2544 4611; x_wconf 88' lang='lat' dir='ltr'><strong>itaque</strong></span> <span class='ocrx_word' id='word_1_753' title='bbox 2577 4547 2808 4611; x_wconf 89' lang='lat' dir='ltr'><strong>quartus</strong></span> <span class='ocrx_word' id='word_1_754' title='bbox 2838 4538 2905 4593; x_wconf 90' lang='lat' dir='ltr'><strong>de</strong></span> <span class='ocrx_word' id='word_1_755' title='bbox 2939 4536 3147 4591; x_wconf 88' lang='lat' dir='ltr'><strong>Dilecto</strong></span> <span class='ocrx_word' id='word_1_756' title='bbox 3186 4537 3548 4607; x_wconf 83' lang='lat' dir='ltr'><strong>prophetiam,</strong></span> <span class='ocrx_word' id='word_1_757' title='bbox 3573 4544 3737 4607; x_wconf 90' lang='lat' dir='ltr'><strong>atque</strong></span> 
     </span>
    </p>
   </div>
   <div class='ocr_carea' id='block_1_92' title="bbox 478 4618 2058 4709">
    <p class='ocr_par' dir='ltr' id='par_1_92' title="bbox 478 4618 2049 4705">
     <span class='ocr_line' id='line_1_92' title="bbox 478 4618 2049 4705; baseline 0.012 -36"><span class='ocrx_word' id='word_1_758' title='bbox 478 4618 802 4690; x_wconf 83' lang='grc' dir='ltr'>Ἑκκλησίας</span> <span class='ocrx_word' id='word_1_759' title='bbox 847 4623 946 4695; x_wconf 82' lang='grc' dir='ltr'><strong>τὴν</strong></span> <span class='ocrx_word' id='word_1_760' title='bbox 980 4625 1087 4678; x_wconf 90' lang='grc' dir='ltr'><strong>ἀπὸ</strong></span> <span class='ocrx_word' id='word_1_761' title='bbox 1130 4626 1237 4679; x_wconf 91' lang='grc' dir='ltr'><strong>τῶν</strong></span> <span class='ocrx_word' id='word_1_762' title='bbox 1268 4628 1523 4699; x_wconf 87' lang='grc' dir='ltr'>χειρόνων</span> <span class='ocrx_word' id='word_1_763' title='bbox 1563 4631 1657 4685; x_wconf 78' lang='grc' dir='ltr'><strong>ἐπὶ</strong></span> <span class='ocrx_word' id='word_1_764' title='bbox 1698 4632 1769 4686; x_wconf 89' lang='grc' dir='ltr'><strong>τά</strong></span> <span class='ocrx_word' id='word_1_765' title='bbox 1815 4634 2049 4705; x_wconf 86' lang='grc' dir='ltr'>κρείττω</span> 
     </span>
    </p>
   </div>
   <div class='ocr_carea' id='block_1_93' title="bbox 2163 4618 3739 4709">
    <p class='ocr_par' dir='ltr' id='par_1_93' title="bbox 2163 4628 3739 4709">
     <span class='ocr_line' id='line_1_93' title="bbox 2163 4628 3739 4709; baseline -0.008 -17"><span class='ocrx_word' id='word_1_766' title='bbox 2163 4637 2392 4709; x_wconf 72' lang='lat' dir='ltr'><strong>gentium</strong></span> <span class='ocrx_word' id='word_1_767' title='bbox 2434 4633 2697 4688; x_wconf 66' lang='lat' dir='ltr'><strong>Ecclesiae</strong></span> <span class='ocrx_word' id='word_1_768' title='bbox 2729 4647 2759 4685; x_wconf 90' lang='lat' dir='ltr'><strong>a</strong></span> <span class='ocrx_word' id='word_1_769' title='bbox 2799 4630 3081 4701; x_wconf 90' lang='lat' dir='ltr'><strong>pejoribus</strong></span> <span class='ocrx_word' id='word_1_770' title='bbox 3116 4629 3180 4683; x_wconf 91' lang='lat' dir='ltr'><strong>ad</strong></span> <span class='ocrx_word' id='word_1_771' title='bbox 3218 4628 3443 4683; x_wconf 87' lang='lat' dir='ltr'><strong>meliora</strong></span> <span class='ocrx_word' id='word_1_772' title='bbox 3486 4630 3739 4682; x_wconf 84' lang='lat' dir='ltr'><strong>immuta-</strong></span> 
     </span>
    </p>
   </div>
   <div class='ocr_carea' id='block_1_94' title="bbox 463 4713 2058 4797">
    <p class='ocr_par' dir='ltr' id='par_1_94' title="bbox 463 4713 2046 4797">
     <span class='ocr_line' id='line_1_94' title="bbox 463 4713 2046 4797; baseline 0.01 -33"><span class='ocrx_word' id='word_1_773' title='bbox 463 4713 749 4769; x_wconf 82' lang='grc' dir='ltr'>ἀλλοίωσιν</span> <span class='ocrx_word' id='word_1_774' title='bbox 772 4733 785 4747; x_wconf 93' lang='grc'><strong>·</strong></span> <span class='ocrx_word' id='word_1_775' title='bbox 828 4717 857 4769; x_wconf 90' lang='lat'><strong>6</strong></span> <span class='ocrx_word' id='word_1_776' title='bbox 900 4718 957 4771; x_wconf 83' lang='grc' dir='ltr'>δὲ</span> <span class='ocrx_word' id='word_1_777' title='bbox 1003 4723 1367 4791; x_wconf 88' lang='grc' dir='ltr'>πεντηκοστὸς</span> <span class='ocrx_word' id='word_1_778' title='bbox 1414 4723 1601 4789; x_wconf 81' lang='grc' dir='ltr'>ἔνατος</span> <span class='ocrx_word' id='word_1_779' title='bbox 1640 4725 1912 4797; x_wconf 84' lang='grc' dir='ltr'>ἀποϐολὴν</span> <span class='ocrx_word' id='word_1_780' title='bbox 1952 4727 2046 4780; x_wconf 81' lang='grc' dir='ltr'>τοῦ</span> 
     </span>
    </p>
   </div>
   <div class='ocr_carea' id='block_1_95' title="bbox 2163 4713 3737 4797">
    <p class='ocr_par' dir='ltr' id='par_1_95' title="bbox 2163 4722 3737 4795">
     <span class='ocr_line' id='line_1_95' title="bbox 2163 4722 3737 4795; baseline -0.007 -11"><span class='ocrx_word' id='word_1_781' title='bbox 2163 4731 2379 4791; x_wconf 73' lang='lat' dir='ltr'><strong>tionem,</strong></span> <span class='ocrx_word' id='word_1_782' title='bbox 2432 4724 2859 4795; x_wconf 84' lang='lat' dir='ltr'><strong>complectitur;</strong></span> <span class='ocrx_word' id='word_1_783' title='bbox 2897 4722 3386 4792; x_wconf 89' lang='lat' dir='ltr'><strong>quinquagesimus</strong></span> <span class='ocrx_word' id='word_1_784' title='bbox 3421 4736 3599 4779; x_wconf 85' lang='lat' dir='ltr'><strong>nonus</strong></span> <span class='ocrx_word' id='word_1_785' title='bbox 3640 4722 3737 4773; x_wconf 91' lang='lat' dir='ltr'><strong>ab-</strong></span> 
     </span>
    </p>
   </div>
   <div class='ocr_carea' id='block_1_96' title="bbox 478 4806 2058 4891">
    <p class='ocr_par' dir='ltr' id='par_1_96' title="bbox 478 4806 2053 4889">
     <span class='ocr_line' id='line_1_96' title="bbox 478 4806 2053 4889; baseline 0.01 -33"><span class='ocrx_word' id='word_1_786' title='bbox 478 4806 747 4860; x_wconf 87' lang='grc' dir='ltr'>Ἰουδαίων</span> <span class='ocrx_word' id='word_1_787' title='bbox 778 4808 964 4875; x_wconf 80' lang='grc' dir='ltr'>ἔθνους</span> <span class='ocrx_word' id='word_1_788' title='bbox 994 4813 1087 4865; x_wconf 74' lang='grc' dir='ltr'>καὶ</span> <span class='ocrx_word' id='word_1_789' title='bbox 1118 4814 1226 4867; x_wconf 91' lang='grc' dir='ltr'><strong>τῶν</strong></span> <span class='ocrx_word' id='word_1_790' title='bbox 1261 4816 1571 4885; x_wconf 87' lang='grc' dir='ltr'>ἀλλοφύλων</span> <span class='ocrx_word' id='word_1_791' title='bbox 1611 4817 1780 4872; x_wconf 84' lang='grc' dir='ltr'>ἐθνῶν</span> <span class='ocrx_word' id='word_1_792' title='bbox 1822 4819 1921 4889; x_wconf 79' lang='grc' dir='ltr'>τὴν</span> <span class='ocrx_word' id='word_1_793' title='bbox 1955 4820 2053 4872; x_wconf 77' lang='grc' dir='ltr'>ἐπὶ</span> 
     </span>
    </p>
   </div>
   <div class='ocr_carea' id='block_1_97' title="bbox 2163 4806 3732 4891">
    <p class='ocr_par' dir='ltr' id='par_1_97' title="bbox 2163 4813 3732 4888">
     <span class='ocr_line' id='line_1_97' title="bbox 2163 4813 3732 4888; baseline -0.008 -13"><span class='ocrx_word' id='word_1_794' title='bbox 2163 4820 2444 4888; x_wconf 87' lang='lat' dir='ltr'><strong>iectionem</strong></span> <span class='ocrx_word' id='word_1_795' title='bbox 2467 4816 2680 4872; x_wconf 87' lang='lat' dir='ltr'><strong>Judaici</strong></span> <span class='ocrx_word' id='word_1_796' title='bbox 2704 4816 2912 4888; x_wconf 90' lang='lat' dir='ltr'><strong>populi,</strong></span> <span class='ocrx_word' id='word_1_797' title='bbox 2931 4814 3469 4885; x_wconf 84' lang='lat' dir='ltr'><strong>alienigenarumque</strong></span> <span class='ocrx_word' id='word_1_798' title='bbox 3493 4813 3732 4882; x_wconf 80' lang='lat' dir='ltr'><strong>gentium</strong></span> 
     </span>
    </p>
   </div>
   <div class='ocr_carea' id='block_1_98' title="bbox 464 4894 2058 4981">
    <p class='ocr_par' dir='ltr' id='par_1_98' title="bbox 464 4894 2049 4978">
     <span class='ocr_line' id='line_1_98' title="bbox 464 4894 2049 4978; baseline 0.011 -34"><span class='ocrx_word' id='word_1_799' title='bbox 464 4894 531 4946; x_wconf 71' lang='grc' dir='ltr'><strong>τὰ</strong></span> <span class='ocrx_word' id='word_1_800' title='bbox 560 4894 821 4951; x_wconf 80' lang='grc' dir='ltr'>κάλλιστα</span> <span class='ocrx_word' id='word_1_801' title='bbox 851 4900 1183 4972; x_wconf 88' lang='grc' dir='ltr'>μεταϐολήν·</span> <span class='ocrx_word' id='word_1_802' title='bbox 1226 4906 1253 4957; x_wconf 86' lang='grc' dir='ltr'>ὁ</span> <span class='ocrx_word' id='word_1_803' title='bbox 1281 4905 1339 4957; x_wconf 79' lang='grc' dir='ltr'>δὲ</span> <span class='ocrx_word' id='word_1_804' title='bbox 1365 4905 1439 4958; x_wconf 83' lang='lat'><strong>00&#39;</strong></span> <span class='ocrx_word' id='word_1_805' title='bbox 1474 4903 1628 4970; x_wconf 81' lang='grc' dir='ltr'>αὖθις</span> <span class='ocrx_word' id='word_1_806' title='bbox 1659 4908 1757 4978; x_wconf 84' lang='grc' dir='ltr'>τὴν</span> <span class='ocrx_word' id='word_1_807' title='bbox 1787 4907 1881 4960; x_wconf 79' lang='grc' dir='ltr'>τοῦ</span> <span class='ocrx_word' id='word_1_808' title='bbox 1921 4910 2049 4962; x_wconf 81' lang='grc' dir='ltr'>Ἰου-</span> 
     </span>
    </p>
   </div>
   <div class='ocr_carea' id='block_1_99' title="bbox 2163 4894 3736 4981">
    <p class='ocr_par' dir='ltr' id='par_1_99' title="bbox 2163 4906 3736 4981">
     <span class='ocr_line' id='line_1_99' title="bbox 2163 4906 3736 4981; baseline -0.01 -15"><span class='ocrx_word' id='word_1_809' title='bbox 2163 4913 2222 4966; x_wconf 87' lang='lat' dir='ltr'><strong>ad</strong></span> <span class='ocrx_word' id='word_1_810' title='bbox 2273 4908 2727 4981; x_wconf 76' lang='lat' dir='ltr'><strong>praestantissima</strong></span> <span class='ocrx_word' id='word_1_811' title='bbox 2754 4906 3171 4962; x_wconf 87' lang='lat' dir='ltr'><strong>conversionem</strong></span> <span class='ocrx_word' id='word_1_812' title='bbox 3202 4922 3216 4971; x_wconf 87' lang='lat'>;</span> <span class='ocrx_word' id='word_1_813' title='bbox 3256 4919 3474 4958; x_wconf 87' lang='lat' dir='ltr'><strong>rursum</strong></span> <span class='ocrx_word' id='word_1_814' title='bbox 3510 4912 3736 4972; x_wconf 75' lang='lat' dir='ltr'><strong>septua-</strong></span> 
     </span>
    </p>
   </div>
   <div class='ocr_carea' id='block_1_100' title="bbox 462 4984 2058 5074">
    <p class='ocr_par' dir='ltr' id='par_1_100' title="bbox 462 4984 2045 5071">
     <span class='ocr_line' id='line_1_100' title="bbox 462 4984 2045 5071; baseline 0.01 -34"><span class='ocrx_word' id='word_1_815' title='bbox 462 4984 625 5039; x_wconf 83' lang='grc' dir='ltr'>δαίων</span> <span class='ocrx_word' id='word_1_816' title='bbox 653 4987 838 5053; x_wconf 80' lang='grc' dir='ltr'>ἔθνους</span> <span class='ocrx_word' id='word_1_817' title='bbox 866 4992 1205 5060; x_wconf 86' lang='grc' dir='ltr'>ἀπόπτωσιν,</span> <span class='ocrx_word' id='word_1_818' title='bbox 1233 4999 1327 5051; x_wconf 71' lang='grc' dir='ltr'><strong>καὶ</strong></span> <span class='ocrx_word' id='word_1_819' title='bbox 1360 4998 1452 5051; x_wconf 80' lang='grc' dir='ltr'>τοῦ</span> <span class='ocrx_word' id='word_1_820' title='bbox 1475 4998 1727 5071; x_wconf 79' lang='grc' dir='ltr'>Σωτῆρος</span> <span class='ocrx_word' id='word_1_821' title='bbox 1755 4999 1914 5071; x_wconf 84' lang='grc' dir='ltr'>ἡμῶν</span> <span class='ocrx_word' id='word_1_822' title='bbox 1949 5000 2045 5070; x_wconf 85' lang='grc' dir='ltr'>τὴν</span> 
     </span>
    </p>
   </div>
   <div class='ocr_carea' id='block_1_101' title="bbox 2163 4984 3735 5074">
    <p class='ocr_par' dir='ltr' id='par_1_101' title="bbox 2163 4993 3735 5074">
     <span class='ocr_line' id='line_1_101' title="bbox 2163 4993 3735 5074; baseline -0.007 -16"><span class='ocrx_word' id='word_1_823' title='bbox 2163 5004 2395 5074; x_wconf 81' lang='lat' dir='ltr'><strong>gesimus</strong></span> <span class='ocrx_word' id='word_1_824' title='bbox 2436 5016 2614 5055; x_wconf 89' lang='lat' dir='ltr'><strong>nonus</strong></span> <span class='ocrx_word' id='word_1_825' title='bbox 2663 4998 2878 5053; x_wconf 76' lang='lat' dir='ltr'><strong>Iudaici</strong></span> <span class='ocrx_word' id='word_1_826' title='bbox 2910 4998 3095 5068; x_wconf 85' lang='lat' dir='ltr'><strong>populi</strong></span> <span class='ocrx_word' id='word_1_827' title='bbox 3130 4998 3362 5067; x_wconf 91' lang='lat' dir='ltr'><strong>lapsum,</strong></span> <span class='ocrx_word' id='word_1_828' title='bbox 3397 5002 3451 5049; x_wconf 92' lang='lat' dir='ltr'><strong>et</strong></span> <span class='ocrx_word' id='word_1_829' title='bbox 3486 4993 3735 5048; x_wconf 89' lang='lat' dir='ltr'><strong>Salvato-</strong></span> 
     </span>
    </p>
   </div>
   <div class='ocr_carea' id='block_1_102' title="bbox 463 5078 2058 5177">
    <p class='ocr_par' dir='ltr' id='par_1_102' title="bbox 463 5078 2049 5163">
     <span class='ocr_line' id='line_1_102' title="bbox 463 5078 2049 5163; baseline 0.006 -33"><span class='ocrx_word' id='word_1_830' title='bbox 463 5078 874 5152; x_wconf 84' lang='grc' dir='ltr'>ἐνανθρώπησιν</span> <span class='ocrx_word' id='word_1_831' title='bbox 909 5085 1180 5155; x_wconf 85' lang='grc' dir='ltr'>σημαίνει.</span> <span class='ocrx_word' id='word_1_832' title='bbox 1211 5090 1448 5153; x_wconf 83' lang='grc' dir='ltr'>Εἰκότως</span> <span class='ocrx_word' id='word_1_833' title='bbox 1477 5084 1570 5143; x_wconf 79' lang='grc' dir='ltr'><strong>οὖν</strong></span> <span class='ocrx_word' id='word_1_834' title='bbox 1599 5092 1693 5146; x_wconf 76' lang='grc' dir='ltr'><strong>καὶ</strong></span> <span class='ocrx_word' id='word_1_835' title='bbox 1722 5092 1751 5143; x_wconf 93' lang='lat'><strong>6</strong></span> <span class='ocrx_word' id='word_1_836' title='bbox 1776 5089 1914 5163; x_wconf 89' lang='grc' dir='ltr'><strong>μετά</strong></span> <span class='ocrx_word' id='word_1_837' title='bbox 1940 5093 2049 5161; x_wconf 82' lang='grc' dir='ltr'>χεῖ-</span> 
     </span>
    </p>
   </div>
   <div class='ocr_carea' id='block_1_103' title="bbox 2163 5078 3791 5177">
    <p class='ocr_par' dir='ltr' id='par_1_103' title="bbox 2163 5086 3791 5177">
     <span class='ocr_line' id='line_1_103' title="bbox 2163 5086 3791 5177; baseline -0.007 -26"><span class='ocrx_word' id='word_1_838' title='bbox 2163 5099 2233 5153; x_wconf 88' lang='lat' dir='ltr'><strong>ris</strong></span> <span class='ocrx_word' id='word_1_839' title='bbox 2288 5096 2463 5151; x_wconf 86' lang='lat' dir='ltr'><strong>nostri</strong></span> <span class='ocrx_word' id='word_1_840' title='bbox 2518 5094 2950 5149; x_wconf 89' lang='lat' dir='ltr'><strong>incarnationem</strong></span> <span class='ocrx_word' id='word_1_841' title='bbox 3016 5090 3308 5160; x_wconf 89' lang='lat' dir='ltr'><strong>signiﬁcat.</strong></span> <span class='ocrx_word' id='word_1_842' title='bbox 3358 5086 3491 5143; x_wconf 83' lang='lat' dir='ltr'><strong>Jure</strong></span> <span class='ocrx_word' id='word_1_843' title='bbox 3549 5087 3734 5156; x_wconf 88' lang='lat' dir='ltr'><strong>itaque</strong></span> 
     </span>
    </p>
   </div>
   <div class='ocr_carea' id='block_1_104' title="bbox 467 5174 2058 5262">
    <p class='ocr_par' dir='ltr' id='par_1_104' title="bbox 467 5174 2049 5256">
     <span class='ocr_line' id='line_1_104' title="bbox 467 5174 2049 5256; baseline 0.009 -33"><span class='ocrx_word' id='word_1_844' title='bbox 467 5188 584 5243; x_wconf 87' lang='grc' dir='ltr'>ρας,</span> <span class='ocrx_word' id='word_1_845' title='bbox 639 5191 658 5224; x_wconf 81' lang='grc' dir='ltr'><strong>ι</strong></span> <span class='ocrx_word' id='word_1_846' title='bbox 707 5174 876 5246; x_wconf 78' lang='grc' dir='ltr'>’Υπὲρ</span> <span class='ocrx_word' id='word_1_847' title='bbox 924 5177 1030 5231; x_wconf 91' lang='grc' dir='ltr'><strong>τῶν</strong></span> <span class='ocrx_word' id='word_1_848' title='bbox 1072 5180 1602 5253; x_wconf 86' lang='grc' dir='ltr'>ἀλλοιωθησομένων,</span> <span class='ocrx_word' id='word_1_849' title='bbox 1657 5202 1675 5233; x_wconf 83' lang='grc' dir='ltr'><strong>ι</strong></span> <span class='ocrx_word' id='word_1_850' title='bbox 1708 5183 1765 5253; x_wconf 80' lang='grc' dir='ltr'>ἢ,</span> <span class='ocrx_word' id='word_1_851' title='bbox 1813 5203 1831 5234; x_wconf 75' lang='grc' dir='ltr'><strong>ι</strong></span> <span class='ocrx_word' id='word_1_852' title='bbox 1880 5185 2049 5256; x_wconf 83' lang='grc' dir='ltr'>’Υπὲρ</span> 
     </span>
    </p>
   </div>
   <div class='ocr_carea' id='block_1_105' title="bbox 2163 5174 3797 5262">
    <p class='ocr_par' dir='ltr' id='par_1_105' title="bbox 2163 5174 3797 5262">
     <span class='ocr_line' id='line_1_105' title="bbox 2163 5174 3797 5262; baseline -0.009 -15"><span class='ocrx_word' id='word_1_853' title='bbox 2163 5207 2396 5262; x_wconf 66' lang='lat' dir='ltr'><strong>praesens</strong></span> <span class='ocrx_word' id='word_1_854' title='bbox 2427 5191 2555 5245; x_wconf 91' lang='lat' dir='ltr'><strong>item</strong></span> <span class='ocrx_word' id='word_1_855' title='bbox 2588 5190 2853 5260; x_wconf 88' lang='lat' dir='ltr'><strong>psalmus,</strong></span> <span class='ocrx_word' id='word_1_856' title='bbox 2894 5205 2911 5235; x_wconf 76' lang='grc' dir='ltr'><strong>ι</strong></span> <span class='ocrx_word' id='word_1_857' title='bbox 2949 5185 3053 5239; x_wconf 89' lang='lat' dir='ltr'><strong>Pro</strong></span> <span class='ocrx_word' id='word_1_858' title='bbox 3091 5185 3159 5240; x_wconf 89' lang='lat' dir='ltr'><strong>iis</strong></span> <span class='ocrx_word' id='word_1_859' title='bbox 3186 5184 3279 5254; x_wconf 91' lang='lat' dir='ltr'><strong>qui</strong></span> <span class='ocrx_word' id='word_1_860' title='bbox 3312 5181 3733 5239; x_wconf 81' lang='lat' dir='ltr'><strong>commutabun-</strong></span> <span class='ocrx_word' id='word_1_861' title='bbox 3780 5174 3797 5213; x_wconf 63' lang='grc'><strong>⁵</strong></span> 
     </span>
    </p>
   </div>
   <div class='ocr_carea' id='block_1_106' title="bbox 464 5264 2058 5350">
    <p class='ocr_par' dir='ltr' id='par_1_106' title="bbox 464 5264 2041 5349">
     <span class='ocr_line' id='line_1_106' title="bbox 464 5264 2041 5349; baseline 0.008 -33"><span class='ocrx_word' id='word_1_862' title='bbox 464 5264 571 5317; x_wconf 89' lang='grc' dir='ltr'><strong>τῶν</strong></span> <span class='ocrx_word' id='word_1_863' title='bbox 594 5266 791 5331; x_wconf 88' lang='grc' dir='ltr'>ἀνθῶν,</span> <span class='ocrx_word' id='word_1_864' title='bbox 824 5288 843 5319; x_wconf 77' lang='grc' dir='ltr'><strong>ι</strong></span> <span class='ocrx_word' id='word_1_865' title='bbox 876 5272 1017 5325; x_wconf 89' lang='grc' dir='ltr'><strong>κατά</strong></span> <span class='ocrx_word' id='word_1_866' title='bbox 1038 5273 1128 5326; x_wconf 84' lang='grc' dir='ltr'><strong>τὸν</strong></span> <span class='ocrx_word' id='word_1_867' title='bbox 1164 5274 1565 5346; x_wconf 77' lang='grc' dir='ltr'>Σύμμαχον,’ῆ,</span> <span class='ocrx_word' id='word_1_868' title='bbox 1600 5294 1617 5326; x_wconf 80' lang='grc' dir='ltr'><strong>ι</strong></span> <span class='ocrx_word' id='word_1_869' title='bbox 1643 5276 1765 5329; x_wconf 78' lang='grc' dir='ltr'>Ἐπὶ</span> <span class='ocrx_word' id='word_1_870' title='bbox 1788 5277 2041 5349; x_wconf 79' lang='grc' dir='ltr'>κρίνων.»</span> 
     </span>
    </p>
   </div>
   <div class='ocr_carea' id='block_1_107' title="bbox 2163 5264 3730 5350">
    <p class='ocr_par' dir='ltr' id='par_1_107' title="bbox 2163 5273 3730 5350">
     <span class='ocr_line' id='line_1_107' title="bbox 2163 5273 3730 5350; baseline -0.01 -14"><span class='ocrx_word' id='word_1_871' title='bbox 2163 5292 2291 5350; x_wconf 72' lang='lat' dir='ltr'><strong>tur;</strong></span> <span class='ocrx_word' id='word_1_872' title='bbox 2333 5305 2351 5336; x_wconf 77' lang='grc' dir='ltr'><strong>ι</strong></span> <span class='ocrx_word' id='word_1_873' title='bbox 2386 5289 2479 5336; x_wconf 91' lang='lat' dir='ltr'><strong>aut</strong></span> <span class='ocrx_word' id='word_1_874' title='bbox 2530 5300 2547 5331; x_wconf 82' lang='grc' dir='ltr'><strong>ι</strong></span> <span class='ocrx_word' id='word_1_875' title='bbox 2586 5280 2689 5334; x_wconf 90' lang='lat' dir='ltr'><strong>Pro</strong></span> <span class='ocrx_word' id='word_1_876' title='bbox 2729 5278 2977 5338; x_wconf 84' lang='lat' dir='ltr'><strong>ﬁoribus,</strong></span> <span class='ocrx_word' id='word_1_877' title='bbox 3023 5299 3039 5328; x_wconf 79' lang='grc' dir='ltr'><strong>ι</strong></span> <span class='ocrx_word' id='word_1_878' title='bbox 3087 5283 3145 5329; x_wconf 83' lang='grc' dir='ltr'><strong>ιιι</strong></span> <span class='ocrx_word' id='word_1_879' title='bbox 3189 5273 3730 5345; x_wconf 79' lang='lat' dir='ltr'><strong>Symmachus;aut,</strong></span> 
     </span>
    </p>
   </div>
   <div class='ocr_carea' id='block_1_108' title="bbox 467 5354 2058 5446">
    <p class='ocr_par' dir='ltr' id='par_1_108' title="bbox 467 5354 2048 5440">
     <span class='ocr_line' id='line_1_108' title="bbox 467 5354 2048 5440; baseline 0.011 -35"><span class='ocrx_word' id='word_1_880' title='bbox 467 5354 610 5408; x_wconf 75' lang='grc' dir='ltr'>κατὰ</span> <span class='ocrx_word' id='word_1_881' title='bbox 639 5356 728 5409; x_wconf 85' lang='grc' dir='ltr'><strong>τὸν</strong></span> <span class='ocrx_word' id='word_1_882' title='bbox 773 5358 1018 5427; x_wconf 82' lang='grc' dir='ltr'>Ἀκύλαν,</span> <span class='ocrx_word' id='word_1_883' title='bbox 1047 5364 1479 5435; x_wconf 81' lang='grc' dir='ltr'>ἐπιγέγραπται·</span> <span class='ocrx_word' id='word_1_884' title='bbox 1510 5368 1699 5439; x_wconf 80' lang='grc' dir='ltr'>ἐπειδὴ</span> <span class='ocrx_word' id='word_1_885' title='bbox 1729 5370 1828 5440; x_wconf 83' lang='grc' dir='ltr'>τὴν</span> <span class='ocrx_word' id='word_1_886' title='bbox 1860 5370 1953 5422; x_wconf 79' lang='grc' dir='ltr'><strong>ἐπὶ</strong></span> <span class='ocrx_word' id='word_1_887' title='bbox 1986 5369 2048 5423; x_wconf 88' lang='grc' dir='ltr'><strong>τὸ</strong></span> 
     </span>
    </p>
   </div>
   <div class='ocr_carea' id='block_1_109' title="bbox 2163 5354 3737 5446">
    <p class='ocr_par' dir='ltr' id='par_1_109' title="bbox 2163 5366 3737 5446">
     <span class='ocr_line' id='line_1_109' title="bbox 2163 5366 3737 5446; baseline -0.006 -17"><span class='ocrx_word' id='word_1_888' title='bbox 2163 5397 2187 5429; x_wconf 81' lang='grc' dir='ltr'><strong>ι</strong></span> <span class='ocrx_word' id='word_1_889' title='bbox 2216 5378 2391 5446; x_wconf 84' lang='lat' dir='ltr'><strong>Super</strong></span> <span class='ocrx_word' id='word_1_890' title='bbox 2415 5374 2550 5439; x_wconf 89' lang='lat' dir='ltr'><strong>lilia,</strong></span> <span class='ocrx_word' id='word_1_891' title='bbox 2590 5393 2610 5425; x_wconf 79' lang='grc' dir='ltr'><strong>ι</strong></span> <span class='ocrx_word' id='word_1_892' title='bbox 2649 5382 2709 5426; x_wconf 87' lang='grc' dir='ltr'><strong>ιιι</strong></span> <span class='ocrx_word' id='word_1_893' title='bbox 2746 5371 2963 5441; x_wconf 89' lang='lat' dir='ltr'><strong>Aquila,</strong></span> <span class='ocrx_word' id='word_1_894' title='bbox 2995 5367 3296 5438; x_wconf 90' lang='lat' dir='ltr'><strong>inscriptus</strong></span> <span class='ocrx_word' id='word_1_895' title='bbox 3325 5375 3431 5429; x_wconf 89' lang='lat' dir='ltr'><strong>est,</strong></span> <span class='ocrx_word' id='word_1_896' title='bbox 3465 5366 3592 5437; x_wconf 80' lang='lat' dir='ltr'><strong>quia</strong></span> <span class='ocrx_word' id='word_1_897' title='bbox 3630 5381 3737 5434; x_wconf 54' lang='lat' dir='ltr'><strong>po-</strong></span> 
     </span>
    </p>
   </div>
   <div class='ocr_carea' id='block_1_110' title="bbox 466 5448 2058 5537">
    <p class='ocr_par' dir='ltr' id='par_1_110' title="bbox 466 5448 2046 5530">
     <span class='ocr_line' id='line_1_110' title="bbox 466 5448 2046 5530; baseline 0.01 -33"><span class='ocrx_word' id='word_1_898' title='bbox 466 5448 648 5517; x_wconf 85' lang='grc' dir='ltr'>χεῖρον</span> <span class='ocrx_word' id='word_1_899' title='bbox 695 5448 975 5505; x_wconf 89' lang='grc' dir='ltr'>ἀλλοίωσιν</span> <span class='ocrx_word' id='word_1_900' title='bbox 1010 5456 1105 5508; x_wconf 78' lang='grc' dir='ltr'><strong>τοῦ</strong></span> <span class='ocrx_word' id='word_1_901' title='bbox 1141 5458 1205 5509; x_wconf 87' lang='grc' dir='ltr'>ὲκ</span> <span class='ocrx_word' id='word_1_902' title='bbox 1250 5460 1553 5530; x_wconf 80' lang='grc' dir='ltr'>περιτομῆς</span> <span class='ocrx_word' id='word_1_903' title='bbox 1586 5458 1714 5513; x_wconf 82' lang='grc' dir='ltr'>λαοῦ</span> <span class='ocrx_word' id='word_1_904' title='bbox 1760 5460 1853 5513; x_wconf 65' lang='grc' dir='ltr'><strong>καὶ⁸</strong></span> <span class='ocrx_word' id='word_1_905' title='bbox 1886 5460 2046 5524; x_wconf 78' lang='grc' dir='ltr'>αὐτὸς</span> 
     </span>
    </p>
   </div>
   <div class='ocr_carea' id='block_1_111' title="bbox 2163 5448 3735 5537">
    <p class='ocr_par' dir='ltr' id='par_1_111' title="bbox 2163 5457 3735 5535">
     <span class='ocr_line' id='line_1_111' title="bbox 2163 5457 3735 5535; baseline -0.007 -12"><span class='ocrx_word' id='word_1_906' title='bbox 2163 5469 2265 5535; x_wconf 69' lang='grc' dir='ltr'>ωιιὶ</span> <span class='ocrx_word' id='word_1_907' title='bbox 2292 5484 2359 5524; x_wconf 83' lang='lat' dir='ltr'><strong>ex</strong></span> <span class='ocrx_word' id='word_1_908' title='bbox 2389 5464 2815 5522; x_wconf 90' lang='lat' dir='ltr'><strong>circumcisione</strong></span> <span class='ocrx_word' id='word_1_909' title='bbox 2847 5462 2911 5517; x_wconf 92' lang='lat' dir='ltr'><strong>ad</strong></span> <span class='ocrx_word' id='word_1_910' title='bbox 2941 5462 3128 5531; x_wconf 89' lang='lat' dir='ltr'><strong>pejora</strong></span> <span class='ocrx_word' id='word_1_911' title='bbox 3168 5459 3523 5514; x_wconf 87' lang='lat' dir='ltr'><strong>mutationem</strong></span> <span class='ocrx_word' id='word_1_912' title='bbox 3558 5457 3735 5512; x_wconf 89' lang='lat' dir='ltr'><strong>conti-</strong></span> 
     </span>
    </p>
   </div>
   <div class='ocr_carea' id='block_1_112' title="bbox 468 5539 2058 5628">
    <p class='ocr_par' dir='ltr' id='par_1_112' title="bbox 468 5539 2043 5623">
     <span class='ocr_line' id='line_1_112' title="bbox 468 5539 2043 5623; baseline 0.012 -35"><span class='ocrx_word' id='word_1_913' title='bbox 468 5539 732 5610; x_wconf 77' lang='grc' dir='ltr'>περιέχει,</span> <span class='ocrx_word' id='word_1_914' title='bbox 761 5540 873 5608; x_wconf 82' lang='grc' dir='ltr'>οὓς,</span> <span class='ocrx_word' id='word_1_915' title='bbox 899 5546 1059 5615; x_wconf 86' lang='grc' dir='ltr'>κρίνα</span> <span class='ocrx_word' id='word_1_916' title='bbox 1089 5550 1181 5601; x_wconf 77' lang='grc' dir='ltr'><strong>καὶ</strong></span> <span class='ocrx_word' id='word_1_917' title='bbox 1208 5550 1344 5620; x_wconf 82' lang='grc' dir='ltr'>ἄνθη</span> <span class='ocrx_word' id='word_1_918' title='bbox 1374 5553 1514 5605; x_wconf 81' lang='grc' dir='ltr'>κατὰ</span> <span class='ocrx_word' id='word_1_919' title='bbox 1544 5552 1734 5623; x_wconf 81' lang='grc' dir='ltr'>καιρὸν</span> <span class='ocrx_word' id='word_1_920' title='bbox 1758 5551 2043 5622; x_wconf 84' lang='grc' dir='ltr'>ὀφθέντας,</span> 
     </span>
    </p>
   </div>
   <div class='ocr_carea' id='block_1_113' title="bbox 2163 5539 3731 5628">
    <p class='ocr_par' dir='ltr' id='par_1_113' title="bbox 2163 5548 3731 5628">
     <span class='ocr_line' id='line_1_113' title="bbox 2163 5548 3731 5628; baseline -0.009 -13"><span class='ocrx_word' id='word_1_921' title='bbox 2163 5568 2265 5624; x_wconf 84' lang='lat' dir='ltr'><strong>net,</strong></span> <span class='ocrx_word' id='word_1_922' title='bbox 2318 5558 2410 5628; x_wconf 89' lang='lat' dir='ltr'><strong>qui</strong></span> <span class='ocrx_word' id='word_1_923' title='bbox 2457 5571 2581 5611; x_wconf 92' lang='lat' dir='ltr'><strong>cum</strong></span> <span class='ocrx_word' id='word_1_924' title='bbox 2636 5555 2766 5609; x_wconf 92' lang='lat' dir='ltr'><strong>liliis</strong></span> <span class='ocrx_word' id='word_1_925' title='bbox 2822 5560 2876 5608; x_wconf 87' lang='lat' dir='ltr'><strong>et</strong></span> <span class='ocrx_word' id='word_1_926' title='bbox 2918 5551 3148 5607; x_wconf 88' lang='lat' dir='ltr'><strong>ﬁoribus</strong></span> <span class='ocrx_word' id='word_1_927' title='bbox 3195 5551 3324 5604; x_wconf 90' lang='lat' dir='ltr'><strong>olim</strong></span> <span class='ocrx_word' id='word_1_928' title='bbox 3371 5550 3580 5606; x_wconf 91' lang='lat' dir='ltr'><strong>similes</strong></span> <span class='ocrx_word' id='word_1_929' title='bbox 3628 5548 3731 5602; x_wconf 82' lang='lat' dir='ltr'><strong>visi</strong></span> 
     </span>
    </p>
   </div>
   <div class='ocr_carea' id='block_1_114' title="bbox 465 5631 2058 5717">
    <p class='ocr_par' dir='ltr' id='par_1_114' title="bbox 465 5631 2047 5717">
     <span class='ocr_line' id='line_1_114' title="bbox 465 5631 2047 5717; baseline 0.009 -35"><span class='ocrx_word' id='word_1_930' title='bbox 465 5631 499 5699; x_wconf 83' lang='grc' dir='ltr'>ἡ</span> <span class='ocrx_word' id='word_1_931' title='bbox 532 5632 625 5683; x_wconf 74' lang='grc' dir='ltr'><strong>ἐπὶ</strong></span> <span class='ocrx_word' id='word_1_932' title='bbox 666 5632 732 5685; x_wconf 88' lang='grc' dir='ltr'><strong>τά</strong></span> <span class='ocrx_word' id='word_1_933' title='bbox 757 5635 923 5705; x_wconf 87' lang='grc' dir='ltr'>χείρω</span> <span class='ocrx_word' id='word_1_934' title='bbox 955 5637 1226 5707; x_wconf 77' lang='grc' dir='ltr'>διεδέξατο</span> <span class='ocrx_word' id='word_1_935' title='bbox 1272 5645 1561 5717; x_wconf 85' lang='grc' dir='ltr'>μεταϐολή.</span> <span class='ocrx_word' id='word_1_936' title='bbox 1595 5644 1814 5697; x_wconf 83' lang='grc' dir='ltr'>Ἀνθεσι</span> <span class='ocrx_word' id='word_1_937' title='bbox 1840 5645 1897 5696; x_wconf 79' lang='grc' dir='ltr'><strong>δὲ</strong></span> <span class='ocrx_word' id='word_1_938' title='bbox 1945 5645 2047 5697; x_wconf 81' lang='grc' dir='ltr'>αύ-</span> 
     </span>
    </p>
   </div>
   <div class='ocr_carea' id='block_1_115' title="bbox 2163 5631 3730 5717">
    <p class='ocr_par' dir='ltr' id='par_1_115' title="bbox 2163 5640 3730 5717">
     <span class='ocr_line' id='line_1_115' title="bbox 2163 5640 3730 5717; baseline -0.005 -16"><span class='ocrx_word' id='word_1_939' title='bbox 2163 5648 2408 5712; x_wconf 73' lang='lat' dir='ltr'><strong>luissent,</strong></span> <span class='ocrx_word' id='word_1_940' title='bbox 2461 5648 2573 5717; x_wconf 91' lang='lat' dir='ltr'><strong>jam</strong></span> <span class='ocrx_word' id='word_1_941' title='bbox 2618 5645 2686 5699; x_wconf 91' lang='lat' dir='ltr'><strong>ad</strong></span> <span class='ocrx_word' id='word_1_942' title='bbox 2739 5644 3011 5700; x_wconf 86' lang='lat' dir='ltr'><strong>deteriora</strong></span> <span class='ocrx_word' id='word_1_943' title='bbox 3066 5642 3432 5697; x_wconf 91' lang='lat' dir='ltr'><strong>declinarunt.</strong></span> <span class='ocrx_word' id='word_1_944' title='bbox 3476 5640 3730 5695; x_wconf 83' lang='lat' dir='ltr'><strong>Floribus</strong></span> 
     </span>
    </p>
   </div>
   <div class='ocr_carea' id='block_1_116' title="bbox 468 5745 2058 5881">
    <p class='ocr_par' dir='ltr' id='par_1_116' title="bbox 468 5745 2032 5881">
     <span class='ocr_line' id='line_1_116' title="bbox 468 5745 2032 5881; baseline 0.023 -86"><span class='ocrx_word' id='word_1_945' title='bbox 468 5746 588 5881; x_wconf 47' lang='lat' dir='ltr'><strong>vn“:</strong></span> <span class='ocrx_word' id='word_1_946' title='bbox 790 5767 907 5819; x_wconf 82' lang='lat' dir='ltr'><strong>VIII,</strong></span> <span class='ocrx_word' id='word_1_947' title='bbox 985 5756 1038 5813; x_wconf 76' lang='grc'>2.</span> <span class='ocrx_word' id='word_1_948' title='bbox 1119 5760 1162 5792; x_wconf 81' lang='grc'><strong>⁸⁸</strong></span> <span class='ocrx_word' id='word_1_949' title='bbox 1194 5758 1349 5817; x_wconf 75' lang='lat' dir='ltr'><strong>Rom.</strong></span> <span class='ocrx_word' id='word_1_950' title='bbox 1390 5779 1464 5829; x_wconf 81' lang='lat' dir='ltr'><strong>Ix,</strong></span> <span class='ocrx_word' id='word_1_951' title='bbox 1496 5763 1603 5819; x_wconf 79' lang='lat'><strong>6-8.</strong></span> <span class='ocrx_word' id='word_1_952' title='bbox 1709 5764 1751 5796; x_wconf 81' lang='grc'>⁶⁹</span> <span class='ocrx_word' id='word_1_953' title='bbox 1780 5762 1935 5820; x_wconf 67' lang='lat' dir='ltr'><strong>“om.</strong></span> <span class='ocrx_word' id='word_1_954' title='bbox 1973 5782 2032 5831; x_wconf 68' lang='grc' dir='ltr'><strong>ιι,</strong></span> 
     </span>
    </p>
   </div>
   <div class='ocr_carea' id='block_1_117' title="bbox 2163 5745 3725 5881">
    <p class='ocr_par' dir='ltr' id='par_1_117' title="bbox 2198 5760 3725 5841">
     <span class='ocr_line' id='line_1_117' title="bbox 2198 5760 3725 5841; baseline -0.006 -19"><span class='ocrx_word' id='word_1_955' title='bbox 2198 5767 2287 5823; x_wconf 76' lang='grc'><strong>29.</strong></span> <span class='ocrx_word' id='word_1_956' title='bbox 2392 5769 2438 5801; x_wconf 76' lang='grc' dir='ltr'><strong>⁷ο</strong></span> <span class='ocrx_word' id='word_1_957' title='bbox 2480 5770 2587 5823; x_wconf 90' lang='lat' dir='ltr'><strong>Isa.</strong></span> <span class='ocrx_word' id='word_1_958' title='bbox 2625 5784 2681 5841; x_wconf 75' lang='grc' dir='ltr'><strong>ν,</strong></span> <span class='ocrx_word' id='word_1_959' title='bbox 2712 5764 2762 5819; x_wconf 85' lang='lat'><em>6.</em></span> <span class='ocrx_word' id='word_1_960' title='bbox 2866 5766 2909 5797; x_wconf 77' lang='lat'>”</span> <span class='ocrx_word' id='word_1_961' title='bbox 2936 5762 3171 5836; x_wconf 68' lang='lat' dir='ltr'><strong>Pliilipp.</strong></span> <span class='ocrx_word' id='word_1_962' title='bbox 3208 5779 3283 5827; x_wconf 80' lang='lat' dir='ltr'><strong>IV,</strong></span> <span class='ocrx_word' id='word_1_963' title='bbox 3330 5762 3416 5816; x_wconf 79' lang='lat' dir='ltr'><strong>I3.</strong></span> <span class='ocrx_word' id='word_1_964' title='bbox 3494 5764 3538 5794; x_wconf 79' lang='grc' dir='ltr'><strong>τ’</strong></span> <span class='ocrx_word' id='word_1_965' title='bbox 3568 5760 3725 5814; x_wconf 74' lang='lat' dir='ltr'><strong>Boni.</strong></span> 
     </span>
    </p>
   </div>
  </div>
