4128 6392
385 368 486 422 725

1060 372 1327 430 EUSEBII
1366 361 1845 429 CAESARIENSIS
1884 373 2033 427 OPP.
2072 372 2254 427 PARS
2290 370 2379 429 lll.
2410 404 2479 413 —
2518 370 2926 427 EXEGEI‘ICA.

3528 370 3631 423 72H

382 491 565 539 autem
593 485 716 540 illos
759 486 928 543 lsaias
980 500 1263 558 comparat
1293 492 1517 547 dicens:
1556 511 1572 541 ‹
1607 490 1797 546 Omnis
1822 506 1938 545 cari

2053 490 2179 552 τοὺς
2206 489 2541 561 παραϐάλλει
2570 489 2663 555 καὶ
2697 489 2725 539 6
2759 488 2984 549 Ἡσαΐας
3011 486 3182 555 λέγων
3203 504 3216 531 τ
3257 506 3275 537 ι
3314 487 3467 544 Πᾶσα
3495 487 3630 559 σὰρξ

381 576 587 642 fenum,
619 583 673 630 et
703 578 881 633 omnis
908 579 1078 648 gloria
1113 580 1235 649 ejus
1265 582 1419 651 quasi
1456 582 1554 637 flos
1587 582 1718 637 feni.
1758 581 1951 637 Exsic-

377 671 561 718 catum
590 674 676 719 est
724 666 929 731 fenum,
971 676 1024 721 et
1057 670 1157 724 llos
1197 670 1395 724 decidit
1424 671 1490 723 υ.
1537 692 1555 723 ι
1609 669 1775 736 Queis
1829 687 1953 741 spe-

376 755 587 810 ciosum
619 755 770 811 illum
793 757 860 811 ad
888 758 1050 813 breve
1076 766 1290 829 tempus
1318 759 1599 816 ﬂorentem
1627 776 1949 831 corporeum

373 841 684 900 Iudaeorum
717 847 940 900 cultum-
962 847 1089 902 feno
1121 858 1175 903 et
1205 850 1430 905 floribus
1462 851 1693 907 confert.
1725 850 1783 905 In
1809 867 1949 922 prae—

376 940 517 993 senti
550 954 766 1010 quoque
795 939 970 994 floridi
1002 956 1190 996 eorum
1227 950 1402 999 status
1426 945 1493 999 ad
1519 945 1791 1000 deteriora
1825 958 1949 999 mu;-

374 1028 635 1084 tationem
672 1038 726 1084 et
756 1031 1169 1087 conversionem
1201 1032 1441 1087 declarat
1483 1035 1537 1088 in
1572 1036 1946 1105 sequentibus,

375 1122 467 1177 ubi
509 1122 712 1177 dicitur
743 1142 755 1177 :
784 1142 803 1173 ‹
841 1122 959 1177 Fiat
992 1141 1178 1180 mensa
1235 1141 1423 1181 eorum
1476 1142 1660 1180 coram
1712 1128 1847 1198 ipsis
1892 1129 1947 1182 in

372 1211 665 1281 laqueum,
718 1221 772 1265 et
827 1213 881 1267 in
929 1215 1342 1269 retributionem
1396 1223 1449 1271 et
1495 1218 1548 1271 in
1603 1219 1944 1273 scandalum.

372 1301 747 1358 Obscurentur
775 1305 920 1358 oculi
963 1320 1177 1369 eorum,
1230 1322 1298 1361 ne
1350 1308 1592 1377 videant,
1650 1328 1668 1360 ι
1724 1317 1829 1364 etc.
1885 1309 1949 1363 Et

371 1392 499 1461 quia
531 1392 711 1463 longis
744 1402 931 1463 postea
953 1397 1292 1465 temporibus
1332 1397 1446 1452 haec
1476 1407 1738 1453 eventura
1763 1407 1942 1461 erant,

372 1480 711 1545 necessario,
755 1499 772 1531 ι
807 1480 865 1534 ln
906 1481 1092 1545 linem,
1135 1500 1156 1534 ι
1192 1481 1517 1552 inscriptum
1565 1492 1669 1540 est.
1708 1484 1773 1538 Et
1818 1500 1947 1539 vero

370 1583 548 1638 neque
587 1571 853 1639 psalmus,
894 1587 1071 1641 neque
1114 1574 1409 1637 canticum,
1461 1590 1639 1645 neque
1688 1576 1940 1646 hymnus,

374 1673 548 1727 neque
573 1659 703 1728 quid
733 1660 913 1715 simile
942 1669 1026 1715 est
1055 1680 1067 1715 :
1100 1663 1227 1731 quia
1278 1678 1342 1718 ea
1386 1679 1506 1733 quae
1533 1666 1945 1736 subsequuntur

371 1764 479 1802 non
530 1760 897 1809 consentanea
928 1752 1019 1807 tali
1074 1754 1231 1808 titulo
1283 1765 1459 1811 erant.
1512 1756 1693 1823 Quare
1739 1761 1945 1821 dixeris

2059 583 2269 655 χόρτος,
2300 582 2392 635 καὶ
2419 584 2567 635 πᾶσα
2599 581 2725 645 δόξα
2757 580 2927 651 αὐτῆς
2955 578 3030 643 ὡς
3070 578 3227 642 ἄνθος
3255 580 3448 651 χόρτου
3469 598 3482 611 ·
3510 580 3631 651 ἐξησ

2062 675 2230 747 ράνθη
2263 677 2291 727 ὁ
2334 675 2547 745 χόρτος,
2581 677 2674 727 καὶ
2702 675 2763 727 τὸ
2804 672 2963 736 ἄνθος
2991 670 3215 738 ἐξέπεσε
3241 689 3254 702 ·
3294 690 3313 723 ι
3365 671 3430 725 δι’
3454 665 3529 725 ὧν
3570 673 3631 725 τὸ

2057 770 2193 839 πρὸς
2233 768 2440 839 βραχύν
2468 784 2588 820 τινα
2628 766 2817 837 χρόνον
2850 764 3087 835 ἀνθῆσαν
3117 763 3210 817 καὶ
3243 764 3441 836 ὡραῖον
3469 764 3634 833 ὀφθὲν

2056 862 2154 932 τῆς
2182 861 2499 930 σωματικῆς
2534 860 2804 912 Ἰουδαίων
2849 856 3142 929 θρησκείας
3185 857 3361 929 χόρτῳ
3399 857 3495 911 καὶ
3535 858 3632 924 ἄν·

2056 950 2205 1003 θεσιν
2251 950 2559 1014 ἀπεικάζει.
2597 950 2705 1003 Καὶ
2748 948 2837 1002 διὰ
2877 948 2986 1002 τῶν
3030 949 3405 1019 προκειμένων
3450 949 3631 1002 τοίνυν

2054 1047 2151 1118 τὴν
2181 1047 2464 1101 ἀλλοίωσιν
2497 1047 2589 1100 καὶ
2620 1047 2719 1117 τὴν
2755 1045 2845 1099 ἐπὶ
2885 1046 2947 1098 τὸ
2974 1048 3153 1116 χεῖρον
3205 1043 3499 1115 μεταϐολὴν
3528 1045 3632 1114 τῆς

2054 1139 2221 1209 ἄνθης
2251 1139 2367 1210 (sic)
2413 1138 2591 1193 αὐτῶν
2637 1138 2932 1210 παρίστησι
2977 1137 3178 1209 προῖὼν
3207 1139 3235 1189 ὁ
3262 1137 3417 1205 λόγος
3458 1140 3514 1190 ἐν
3547 1133 3629 1201 οἷς

2054 1247 2187 1300 φησι
2210 1249 2222 1259 ·
2264 1250 2282 1282 ι
2318 1230 2604 1301 Γενηθήτω
2639 1228 2944 1300 ήτράπεζα
2984 1229 3163 1282 αὐτῶν
3197 1227 3424 1283 ἐνώπιον
3452 1227 3631 1281 αὐτῶν

2053 1323 2133 1385 είς
2163 1321 2367 1391 παγίδα
2409 1321 2503 1374 καὶ
2536 1322 2615 1383 είς
2660 1320 3013 1374 ἀνταπόδοσιν
3053 1320 3146 1373 καὶ
3194 1322 3273 1383 εἰς
3316 1319 3627 1373 σκάνδαλον.

2053 1412 2500 1484 Σκοτισθήτωσαν
2528 1414 2577 1467 oi
2602 1411 2870 1483 ὀφθαλμοὶ
2897 1412 3073 1466 αὐτῶν
3098 1411 3191 1464 τοῦ
3226 1412 3299 1482 μὴ
3337 1410 3572 1481 βλέπειν,
3604 1431 3623 1462 ι

2052 1505 2146 1558 καὶ
2170 1504 2237 1558 τὰ
2261 1505 2408 1575 ἐξῆς.
2434 1506 2544 1559 Καὶ
2572 1504 2869 1575 ἐπειδήπερ
2905 1506 3133 1575 μακροῖς
3161 1502 3386 1573 ὕστερον
3418 1502 3631 1574 χρόνοις

2048 1597 2225 1651 ταῦτα
2255 1597 2320 1649 δι’
2350 1597 2525 1669 ἔργων
2558 1598 2753 1667 χωρεῖν
2780 1594 3022 1665 ἔμελλον,
3046 1596 3355 1663 ἀναγκαίως
3389 1613 3409 1645 ‹
3444 1596 3539 1658 Ei;
3568 1595 3631 1647 τὸ

2050 1688 2200 1753 τέλος
2239 1708 2256 1739 ι
2294 1688 2732 1759 προγέγραπται.
2768 1685 2907 1739 Οὔτε
2954 1686 3010 1739 δὲ
3055 1686 3267 1757 ψαλμός
3299 1690 3465 1753 ἐστιν,
3505 1687 3629 1741 οὔτε

2049 1780 2177 1851 ᾠδὴ,
2212 1780 2336 1833 οὔτε
2379 1781 2565 1851 ὕμνος,
2589 1779 2712 1833 οὔτε
2754 1798 2807 1833 τι
2849 1778 3088 1833 τοιοῦτον
3112 1798 3126 1811 ’
3155 1780 3276 1832 ἐπεὶ
3319 1780 3454 1851 μηδὲ
3498 1797 3633 1834 κατ-

370 1843 710 1913 prophetiam
736 1859 859 1901 esse
892 1861 960 1899 ex
988 1862 1221 1916 persona
1254 1847 1561 1909 Servatoris
1585 1854 1762 1907 nostri
1793 1870 1938 1909 enar-

2049 1843 2251 1943 άλληλα
2278 1869 2345 1943 ἦν
2392 1843 2460 1925 τὰ
2492 1843 2854 1943 ἐπιλεγόμενα
2913 1872 3137 1944 τοιαύτῃ
3178 1843 3493 1944 προγραφῇ.
3539 1871 3632 1927 Διὸ

369 1936 543 1990 rantis
588 1950 651 1991 ea
686 1952 807 2006 qua:
846 1938 950 1995 sibi
986 1948 1175 2009 postea
1213 1943 1600 2012 contigerunt;
1632 1946 1945 2015 praedictio-

367 2042 601 2097 nemque
630 2043 817 2082 eorum
847 2046 966 2100 quae
989 2030 1192 2089 Iudaeis
1221 2044 1343 2103 post
1379 2044 1562 2091 tantos
1594 2052 1763 2093 ausus
1797 2038 1945 2093 illata

368 2126 517 2173 sunt.
557 2118 782 2175 Orditur
819 2122 1004 2193 itaque
1053 2124 1313 2179 Servator
1352 2128 1654 2184 orationem
1688 2132 1945 2191 emittens

366 2210 435 2264 ad
480 2211 695 2269 Patrem
749 2214 833 2271 his
884 2217 1063 2273 verbis
1118 2238 1131 2272 :
1190 2236 1209 2264 η
1255 2219 1473 2275 Salvum
1508 2237 1593 2277 me
1644 2222 1942 2290 fac,Deus,

364 2302 623 2372 quoniam
696 2307 1039 2363 intraverunt
1110 2325 1264 2381 aquae
1326 2328 1501 2383 usque
1570 2314 1637 2368 ad
1704 2316 1942 2372 animam

364 2411 561 2452 meam.
598 2416 618 2449 ι
664 2396 1040 2471 Videnturque
1077 2403 1207 2456 mihi
1248 2404 1316 2458 de
1346 2405 1613 2464 industria
1650 2408 1765 2463 haec
1816 2424 1939 2464 cum

364 2487 524 2544 dictis
556 2490 611 2543 in
644 2493 970 2561 praecedenti
1007 2495 1220 2563 psalmo
1255 2496 1549 2566 conjuncta
1580 2514 1722 2554 esse.
1758 2499 1816 2553 In
1847 2500 1941 2554 illo

361 2596 598 2651 namque
650 2581 971 2639 dicebatur:
1024 2605 1040 2635 ι
1104 2584 1246 2641 Dixit
1280 2586 1582 2645 Dominus:
1636 2590 1715 2643 Ex
1762 2590 1940 2646 Basan

361 2681 697 2737 convertam,
732 2686 1047 2732 convertam
1078 2693 1142 2731 ex
1170 2679 1444 2748 profundo
1488 2682 1658 2741 maris
1681 2682 1757 2749 τις
1816 2702 1834 2733 ι
1884 2683 1938 2738 in

363 2764 466 2820 hoc
494 2781 643 2831 vero,
674 2785 692 2817 ι
729 2766 860 2823 Veni
894 2770 948 2822 in
980 2771 1321 2826 altitudinem
1347 2774 1537 2837 maris,
1559 2782 1612 2829 et
1642 2782 1939 2847 tempestas

361 2858 621 2913 demersit
646 2875 752 2914 me.
790 2882 808 2913 ι
836 2860 1090 2932 Oportuit
1113 2865 1257 2919 enim
1276 2865 1493 2920 edoceri
1521 2883 1622 2923 nos
1649 2884 1758 2938 quo
1779 2880 1938 2940 pacto

362 2952 710 3008 descenderit
742 2954 1002 3013 Dominus
1024 2960 1077 3012 in
1110 2958 1307 3023 Basan,
1334 2962 1479 3030 quod
1503 2970 1588 3021 est
1614 2964 1934 3034 ignominia,

359 3052 416 3097 ρι
444 3046 718 3115 quomodo
747 3049 962 3113 dixerit,
1000 3070 1017 3100 ι
1054 3049 1380 3106 Convertam
1414 3068 1481 3108 ex
1522 3054 1793 3124 profundo
1823 3073 1938 3111 ma-

2047 1964 2223 2027 εἴποις
2271 1964 2335 2018 ἂν
2387 1965 2725 2037 προφητείαν
2773 1967 2837 2018 ἐκ
2882 1966 3175 2037 προσώπου
3220 1965 3314 2018 τοῦ
3374 1966 3629 2037 Σωτῆρος

2048 2057 2202 2127 ἡμῶν
2232 2056 2517 2121 διεξιόντος
2579 2057 2648 2110 τὰ
2682 2057 2810 2128 περὶ
2842 2057 3005 2109 αὐτὸν
3043 2056 3449 2128 συμϐεϐηκότα,
3498 2076 3632 2129 προ-

2046 2150 2390 2223 αναφώνησίν
2432 2170 2490 2205 τε
2535 2152 2645 2205 τῶν
2696 2153 2966 2217 Ἰουδαίοις
2986 2153 3321 2207 ἐπελθόντων
3374 2154 3510 2225 μετὰ
3560 2155 3630 2208 τὰ

2045 2243 2162 2295 κατ’
2198 2244 2393 2306 αὐτοὺς
2432 2242 2830 2314 τετολμημένα.
2870 2243 3198 2314 Ἀρχόμενος
3228 2243 3272 2296 δ’
3304 2239 3396 2297 οὖν
3444 2245 3471 2296 6
3511 2244 3627 2297 Σω-

2042 2335 2165 2408 τὴρ,
2193 2338 2359 2407 εὐχὴν
2386 2336 2700 2406 ἀναπέμπει
2726 2333 2863 2405 πρὸς
2894 2334 2985 2386 τὸν
3012 2334 3228 2406 Πατέρα
3248 2335 3419 2403 λέγων
3443 2353 3457 2367 ·
3487 2354 3504 2386 ι
3523 2334 3626 2387 Σῶ-

2045 2431 2137 2484 σόν
2192 2448 2280 2501 με,
2330 2432 2358 2482 6
2411 2428 2565 2492 Θεὸς,
2615 2429 2697 2481 ὅτι
2746 2425 3064 2497 εἰσήλθοσαν
3118 2427 3285 2480 ῦδατα
3313 2428 3419 2489 ἕως
3449 2427 3627 2498 ψυχῆς

2046 2539 2167 2593 μου.
2211 2540 2230 2573 ι
2265 2520 2376 2573 Καί
2421 2537 2510 2590 μοι
2548 2519 2696 2571 δοκεῖ
2734 2516 2878 2571 κατὰ
2910 2517 3065 2585 λόγον
3106 2516 3278 2571 ταῦτα
3315 2520 3428 2581 τοῖς
3460 2519 3516 2570 ἐν
3546 2516 3626 2588 τῷ

2042 2613 2395 2685 προλεχθέντι
2431 2612 2700 2682 συνῆφθαι
2747 2610 2965 2681 ψαλμῷ.
3014 2612 3100 2663 Ἐν
3143 2606 3336 2681 ἐκείνῳ
3379 2610 3478 2681 μέν
3516 2609 3626 2681 γὰρ

2040 2703 2256 2771 ἐλέγετο
2279 2718 2291 2730 '
2331 2721 2349 2752 ι
2383 2698 2516 2755 Εἷπε
2553 2700 2756 2771 Κύριος
2778 2716 2791 2732 ε
2829 2698 2923 2752 Ἐκ
2953 2700 3132 2753 Βασὰν
3158 2699 3487 2771 ἐπιστρέψω,
3515 2701 3626 2751 ἐπι-

2050 2794 2267 2866 στρέψω
2308 2794 2373 2847 ἐκ
2421 2793 2598 2863 βυθῶν
2630 2794 2935 2866 θαλάσσης·
2972 2812 2991 2845 ι
3030 2794 3087 2846 ἐν
3121 2792 3294 2863 τούτῳ
3321 2793 3400 2853 δὲ.
3438 2811 3457 2843 ‹
3488 2787 3625 2845 Ἦλ-

2039 2884 2129 2939 θον
2159 2886 2239 2947 είς
2286 2884 2357 2938 τὰ
2391 2883 2527 2955 βάθη
2574 2883 2673 2954 τῆς
2706 2884 3003 2955 θαλάσσης,
3063 2886 3158 2937 καὶ
3201 2883 3453 2951 καταιγὶς
3491 2899 3625 2936 κατ-

2037 2977 2285 3040 επόντισέ
2330 2994 2417 3048 με.
2453 2996 2470 3027 ι
2509 2976 2657 3029 Ἔδει
2703 2975 2810 3045 γὰρ
2844 2977 2991 3046 ἡμᾶς
3017 2975 3328 3046 διδαχθῆναι
3375 2973 3493 3038 πῶς
3542 2976 3624 3037 είς

2035 3069 2132 3140 τὴν
2162 3068 2342 3121 Βασὰν
2373 3065 2641 3136 κατῆλθεν
2680 3068 2707 3119 ὁ
2754 3067 2978 3138 Κύριος,
3017 3066 3153 3136 ὅπερ
3184 3067 3331 3118 ἐστὶν
3368 3063 3620 3136 αἰσχύνη,

360 3139 459 3191 ris.
510 3158 528 3190 ›
577 3136 757 3204 Quare
808 3142 921 3194 haec
973 3142 1087 3212 ipsa
1142 3142 1197 3196 in
1231 3146 1486 3212 praesenti
1537 3145 1822 3203 declarat:
1867 3148 1936 3205 de

2042 3136 2271 3226 καὶπῶς
2298 3161 2502 3231 ἔλεγεν,
2535 3179 2553 3212 ι
2594 3162 2782 3214 Ἐπιστ
2796 3136 2942 3233 ρέψω
2974 3162 3037 3214 ἐκ
3066 3159 3242 3230 βυθῶν
3275 3160 3568 3233 θαλάσσης.
3596 3180 3616 3213 ι

359 3228 655 3299 ignominia
701 3232 920 3302 quidem
958 3234 1013 3287 in
1045 3237 1420 3305 sequentibus,
1448 3238 1637 3294 dicens
1669 3259 1680 3294 :
1723 3259 1740 3292 ι
1784 3240 1933 3307 Quo-

2042 3257 2128 3309 Διὸ
2160 3256 2223 3327 δὴ
2252 3228 2422 3309 ταῦτα
2454 3254 2593 3307 αὐτὰ
2619 3254 2709 3308 διὰ
2736 3228 2846 3307 τῶν
2870 3228 3252 3324 προκειμένων
3288 3228 3619 3326 παρίστησιο

358 3321 505 3375 uiam
532 3333 753 3393 propter
780 3333 833 3379 te
878 3328 1118 3382 sustinui
1145 3330 1522 3399 Opprobrium,
1556 3334 1772 3401 operuit
1800 3349 1933 3389 cou-

360 3409 503 3465 fusio
529 3410 721 3475 faciem
761 3430 935 3469 meam
963 3433 977 3482 ;
1022 3436 1039 3467 ›
1077 3433 1140 3471 ac
1163 3434 1357 3474 rursus
1384 3439 1396 3474 :
1427 3439 1445 3471 ι
1485 3420 1566 3474 Tu
1595 3422 1703 3478 scis
1731 3423 1935 3494 impro-

358 3503 569 3572 perium
596 3520 774 3559 meum
807 3513 859 3560 et
887 3507 1266 3565 confusionem
1294 3527 1467 3566 meam
1495 3522 1548 3568 et
1575 3517 1932 3570 reverentiam

358 3611 555 3650 meam.
588 3617 606 3648 ι
647 3597 718 3653 De
745 3601 1016 3668 profundo
1046 3610 1226 3657 autem
1256 3606 1425 3659 maris
1460 3606 1615 3671 illud,
1649 3626 1667 3659 ι
1714 3606 1934 3663 Salvum

357 3699 445 3740 me
479 3685 587 3750 fac,
619 3686 781 3752 Deus,
810 3692 1066 3759 quoniam
1103 3694 1447 3749 intraverunt
1481 3713 1636 3768 aquae
1653 3714 1826 3769 usque
1867 3701 1935 3755 ad

356 3776 596 3831 animam
629 3796 826 3836 meam.
868 3781 1073 3838 lnfixus
1109 3802 1231 3841 sum
1285 3788 1338 3841 in
1390 3789 1521 3844 limo
1569 3789 1848 3861 profundi,
1883 3798 1937 3847 et

358 3884 467 3923 non
492 3880 576 3926 est
615 3873 943 3931 substantia.
978 3876 1112 3932 Veni
1166 3880 1218 3932 in
1271 3881 1616 3936 altitudinem
1657 3884 1847 3947 maris,
1882 3891 1937 3938 et

352 3968 650 4031 tempestas
690 3963 949 4021 demersit
976 3982 1080 4021 me.
1132 3988 1151 4018 ι
1197 3967 1323 4023 Haec
1352 3970 1495 4024 enim
1535 3987 1787 4042 magnam
1824 3972 1938 4027 afﬁ-

353 4054 581 4109 nitatem
617 4054 853 4110 habeant
884 4074 1007 4113 cum
1034 4059 1102 4113 iis
1126 4077 1247 4129 qua:
1275 4064 1330 4116 in
1373 4064 1699 4133 prarcedenti
1726 4067 1938 4135 psalmo

355 4144 499 4200 dicta
537 4156 686 4211 sunt,
738 4165 933 4220 nempe
980 4152 1034 4204 in
1084 4153 1217 4207 illo:
1258 4173 1275 4205 ‹
1318 4153 1464 4209 Dixit
1504 4156 1804 4213 Dominus:
1860 4158 1937 4213 Ex

354 4238 533 4293 Basan
564 4250 901 4306 convertam,
936 4254 1248 4301 convertam
1283 4264 1349 4301 ex
1376 4249 1646 4318 profundo
1690 4252 1878 4306 maris.
1912 4271 1931 4303 ι

354 4330 491 4397 Quia
540 4331 595 4385 in
630 4332 722 4387 illo
773 4335 889 4404 ipse
937 4335 1202 4392 Dominus
1256 4340 1337 4394 sic
1390 4340 1645 4407 dicebat;
1687 4350 1741 4397 et
1790 4359 1937 4398 nunc

353 4424 835 4494 quoqueeumdem
884 4428 1060 4497 ipsum
1106 4445 1228 4485 esse
1268 4432 1360 4500 qui
1403 4432 1515 4487 haec
1544 4433 1780 4502 loquitur
1822 4437 1936 4489 exi-

354 4512 708 4569 stimandum.

425 4717 546 4788 Ipse
572 4720 740 4789 igitur
776 4737 935 4791 quem
964 4738 1073 4776 non
1123 4725 1290 4780 alium
1324 4742 1446 4782 esse
1494 4745 1653 4797 quam
1683 4729 1775 4784 Dei
1804 4731 1933 4787 Ver-

353 4810 483 4865 bum
515 4815 769 4881 superius
807 4812 1325 4882 demonstravimus,
1366 4822 1669 4876 orationem
1702 4823 1931 4881 effundit

352 4904 422 4959 ad
450 4903 688 4969 Patrem,
719 4905 956 4961 hominis
984 4923 1149 4977 quem
1181 4912 1480 4982 assumpsit
1512 4915 1787 4972 cruciatus
1823 4918 1929 4974 sibi

353 4995 608 5066 proprios
653 5004 935 5066 reputans,
976 5015 1148 5070 quare
1199 5003 1314 5058 ait:
1356 5024 1373 5055 ‹
1414 5003 1633 5060 Salvum
1686 5025 1771 5064 me
1820 5010 1926 5076 fac,

352 5084 519 5151 Deus,
550 5088 808 5157 quoniam
842 5090 1185 5148 intraverunt
1216 5111 1369 5167 aquae
1400 5114 1574 5168 usque
1596 5101 1662 5153 ad
1693 5103 1930 5158 animam

353 5194 549 5234 meam.
601 5178 807 5236 lulixus
846 5198 967 5236 sum
1001 5184 1056 5239 in
1108 5186 1238 5241 limo
1284 5190 1561 5258 profundi,
1600 5202 1655 5247 et
1690 5210 1796 5249 non
1845 5205 1930 5251 est

352 5270 677 5327 substantia.
708 5272 843 5327 Veni
874 5276 926 5329 in
954 5278 1295 5335 altitudinem
1328 5284 1518 5349 maris,
1551 5296 1604 5339 et
1632 5294 1927 5356 tempestas

354 5364 613 5420 demersit
641 5381 746 5421 me.
790 5387 808 5418 ι
842 5366 1163 5427 Praecedens
1186 5374 1372 5443 utique
1400 5378 1641 5446 psalmus
1668 5379 1752 5435 his
1779 5397 1929 5435 com-

354 5454 629 5524 pellabat:
668 5476 685 5507 ε
726 5458 832 5512 lter
855 5459 1016 5515 facite
1062 5462 1111 5517 ei
1166 5464 1260 5533 qui
1291 5467 1537 5521 ascendit
1576 5484 1739 5538 super
1769 5486 1928 5525 occa-

350 5560 496 5611 sum,
537 5544 799 5603 Dominus
847 5567 1044 5607 nomen
1090 5555 1167 5608 illi
1190 5556 1255 5610 ⁷⁸.
1306 5576 1324 5607 ι
1363 5557 1565 5614 Deinde
1616 5576 1769 5615 suam
1802 5577 1925 5617 cum

424 5702 471 5733 ⁷³
498 5703 600 5759 lsa.
627 5722 715 5771 χι,
748 5708 801 5771 ί),
848 5711 897 5763 7.
974 5711 1019 5741 τι
1058 5710 1201 5765 Psal.
1244 5729 1410 5777 1.xvti,
1450 5714 1545 5791 23..
1616 5717 1661 5746 ⁷⁸
1702 5717 1831 5773 ibid.
1871 5718 1933 5794 5.

2036 3348 2165 3420 περὶ
2199 3348 2298 3417 μὲν
2340 3346 2441 3417 τῆς
2473 3346 2736 3416 αἰσχύνης
2780 3343 2985 3416 προϊὼν
3034 3345 3129 3398 κα)⁵
3176 3344 3349 3412 λέγων
3374 3362 3387 3376 ·
3438 3363 3457 3395 ί
3500 3345 3623 3397 Ὅτι

2036 3440 2198 3494 ἕνεκα
2246 3438 2343 3493 σοῦ
2390 3440 2674 3511 ὑπήνεγκα
2719 3437 3041 3507 ὀνειδισμὸν,
3077 3438 3343 3507 ἐκάλυψεν
3386 3436 3620 3510 ἐντροπὴ

2036 3533 2097 3584 τὸ
2124 3532 2414 3604 πρόσωπόν
2454 3550 2555 3603 μου
2584 3550 2598 3564 ο
2638 3552 2656 3581 ι
2700 3532 2795 3584 καὶ
2840 3528 2997 3597 αὖθις
3017 3549 3030 3562 ο
3066 3551 3083 3583 ι
3110 3532 3184 3584 Σὺ
3216 3531 3501 3599 γινώσκεις
3530 3531 3621 3585 τὸν

2038 3625 2339 3696 ὀνειδισμόν
2373 3642 2471 3696 μου
2498 3626 2592 3678 καὶ
2618 3626 2718 3695 τὴν
2751 3623 3013 3695 αἰσχύνην
3052 3642 3153 3695 μου
3182 3625 3276 3678 καὶ
3311 3624 3410 3696 τὴν
3437 3626 3622 3696 ἐντρο-

2038 3720 2148 3789 πήν
2202 3724 2346 3789 μου’·
2392 3739 2410 3770 ι
2468 3720 2596 3790 περὶ
2645 3719 2701 3772 δέ
2748 3719 2842 3773 τοῦ
2890 3719 3053 3790 βυθοῦ
3091 3718 3190 3787 τῆς
3224 3718 3499 3789 θαλάσσης
3534 3717 3616 3781 τὸ,

2044 3830 2061 3861 ι
2099 3810 2279 3864 Σῶσόν
2306 3829 2393 3882 με,
2421 3814 2449 3865 ὁ
2473 3810 2624 3875 Θεὸς,
2653 3811 2732 3863 ὅτι
2759 3812 3079 3883 είσήλθοσαν
3112 3809 3278 3865 ὕδατα
3309 3808 3415 3873 ἓως
3439 3809 3621 3880 ψυχῆς

2041 3919 2165 3972 μου.
2184 3902 2579 3973 Ἐνεπάγηνείς
2609 3901 2741 3973 ῦλην
2768 3903 2845 3972 (1)
2862 3902 3047 3972 βυθοῦ,
3080 3903 3173 3955 καὶ
3201 3902 3302 3954 οὐκ
3322 3901 3468 3954 ἔστιν
3486 3900 3620 3955 ὑπό-

2040 4012 2248 4059 στασις.
2284 3991 2486 4048 ’Ἦλθον
2516 3998 2596 4059 εἰς
2623 3994 2692 4048 τὰ
2733 3994 2870 4067 βάθη
2903 3996 3003 4065 τῆς
3027 3995 3323 4067 θαλάσσης,
3349 3995 3442 4048 καὶ
3486 4013 3620 4049 κατ-

2038 4088 2184 4156 αιγὶς
2212 4087 2564 4140 κατεπόντισέ
2626 4105 2712 4157 με,
2762 4108 2779 4138 ι
2820 4088 3003 4140 Ταῦτα
3039 4088 3148 4159 γάρ
3206 4089 3464 4157 πλείστην
3504 4087 3618 4159 ἔχοι

2040 4180 2105 4232 ἂν
2135 4179 2455 4233 ἀκολουθίαν
2486 4180 2622 4250 πρὸς
2647 4179 2714 4231 τὰ
2756 4181 2814 4231 ἐν
2842 4179 2919 4249 τῷ
2950 4180 3056 4249 πρὸ
3084 4180 3276 4233 τούτου
3302 4178 3503 4250 ψαλμῷ
3531 4178 3589 4231 λε
3614 4216 3617 4217 ν

2038 4269 2303 4341 λεγμένασ
2338 4271 2396 4323 ἐν
2425 4268 2521 4339 τῷ,
2561 4289 2578 4320 ι
2612 4265 2780 4323 Εἶπεν
2819 4272 2847 4322 6
2872 4270 3109 4340 Κύριος’
3151 4272 3244 4322 Ἐκ
3275 4269 3455 4321 Βασὰν
3496 4271 3618 4321 ἐπι-

2040 4362 2276 4433 στρέψω,
2313 4361 2627 4433 ἐπιστρέψω
2674 4363 2739 4413 ἐκ
2787 4360 2963 4430 βυθῶν
2995 4360 3292 4430 θαλάσσης.
3332 4380 3350 4411 ι
3397 4360 3615 4431 Ἐπειδὴ

2038 4456 2096 4506 ἐν
2125 4454 2317 4525 ἐκείνῳ
2349 4454 2511 4516 αὐτὸς
2541 4450 2608 4524 ἦν
2636 4454 2663 4504 ὁ
2686 4453 2889 4523 Κύριος
2934 4455 2960 4505 ὁ
2998 4451 3169 4504 ταῦτα
3195 4452 3365 4520 λέγων
3383 4470 3395 4482 -
3428 4452 3617 4506 ἔπειτα

1966 4566 2008 4619 D
2040 4545 2129 4597 καὶ
2162 4544 2257 4596 νῦν
2298 4545 2389 4596 τὸν
2418 4544 2577 4597 αὑτὸν
2607 4540 2746 4598 εἶναι
2778 4542 3024 4615 ἡγεῖσθαι
3058 4542 3150 4594 τὸν
3186 4543 3254 4595 τὰ
3281 4543 3616 4613 προκείμενα

2037 4635 2318 4702 διεξιόντα.

2106 4748 2276 4812 Αὐτὸς
2305 4748 2610 4821 τοιγαροῦν,
2639 4750 2697 4802 ὃν
2736 4751 2844 4804 οὐδ’
2884 4752 3069 4821 ἕτερον
3105 4746 3243 4802 εἶναι
3272 4750 3305 4821 ἦ
3346 4748 3439 4802 τοῦ
3476 4747 3614 4802 Θεοῦ

2035 4835 2204 4903 Λόγον
2230 4836 2315 4889 διὰ
2352 4835 2458 4889 τῶν
2481 4837 2787 4909 ἔμπροσθεν
2820 4841 3261 4911 παρεστήσαμεν,
3292 4840 3456 4910 εὐχὴν
3482 4840 3615 4893 ἀνα-

2036 4926 2244 4998 πέμπει
2275 4926 2352 5000 τῷ
2380 4928 2574 5001 Πατρὶ,
2615 4929 3033 5000 ίδιοποιούμενος
3058 4932 3127 4985 τά
3159 4932 3279 4985 καθ’
3312 4927 3372 4985 οῦ
3402 4930 3613 5003 ἀνείλη-

2035 5037 2133 5088 φεν
2165 5018 2451 5091 ἀνθρώπου
2483 5020 2628 5090 πάθη
2648 5040 2660 5052 ’
2696 5022 2777 5074 διό
2806 5040 2937 5091 φησι
2962 5040 2974 5053 ⁸
3012 5043 3030 5074 ι
3068 5022 3248 5076 Σῶσόν
3282 5040 3369 5093 με,
3399 5025 3427 5075 ό
3456 5022 3609 5084 Θεὸς,

2032 5111 2113 5163 ὅτι
2145 5111 2464 5183 είσήλθοσαν
2494 5112 2659 5184 ὕδατα
2690 5114 2793 5177 ἕως
2821 5113 2995 5184 ψυχῆς
3029 5133 3149 5185 μου.
3194 5114 3499 5184 Ἐνεπάγην
3530 5115 3613 5177 είς

2035 5200 2165 5271 ὓλην
2194 5200 2378 5271 βυθοῦ,
2407 5203 2501 5255 καὶ
2541 5204 2642 5279 οὐκ
2675 5203 2820 5256 ἔστιν
2856 5205 3171 5267 ὑπόστασις.
3200 5201 3403 5258 τΗλθον
3431 5207 3510 5268 είς
3542 5205 3609 5256 τὰ

2038 5292 2172 5363 βάθη
2204 5294 2303 5363 τῆς
2337 5294 2632 5365 θαλάσσης,
2662 5296 2755 5348 καὶ
2793 5298 3045 5363 καταιγὶς
3077 5296 3432 5349 κατεπόντισε-Ξ
3464 5313 3551 5366 με.
3582 5314 3601 5347 ι

2045 5385 2102 5438 Ὀ
2135 5385 2231 5455 μὲν
2261 5381 2352 5439 οὖν
2383 5387 2489 5458 πρὸ
2522 5387 2713 5440 τούτου
2740 5388 2952 5459 ψαλμὸς
2986 5388 3319 5458 προσεφώνει
3347 5389 3571 5457 φάσκων
3590 5406 3604 5419 '

2039 5494 2057 5525 ι
2107 5475 2485 5549 Ὀδοποιήσατε
2515 5478 2593 5548 τῷ
2630 5479 2980 5550 ἐπιόεϐηκότι
3020 5483 3110 5533 ἐπὶ
3137 5481 3377 5552 δυσμῶν,
3404 5480 3608 5551 Κύριος

2032 5565 2201 5637 ὄνομα
2235 5570 2411 5640 αὐτῷ’
2453 5590 2471 5621 ι
2511 5567 2609 5623 εἷθ’
2643 5571 2770 5642 ἑξῆς
2802 5573 2900 5644 τὴν
2926 5574 3039 5643 ἀμα
3064 5572 3371 5644 ἀνθρώποις
3397 5568 3605 5644 διατρι-

422 5794 707 5881 “Vrina
747 5796 1012 5873 lnterpres
1044 5802 1238 5874 legisse
1262 5805 1472 5861 videtur
1500 5806 1633 5873 ἰλύν,
1668 5809 1816 5879 quod
1846 5808 2194 5875 verisimilius
2219 5818 2302 5866 cst
2329 5822 2385 5867 et
2404 5813 2563 5870 nobis
2585 5828 2803 5884 quoque
2836 5815 3006 5883 magis
3046 5816 3239 5883 placet.
3276 5816 3429 5874 Enn.
