4128 6392
421 331 539 393 ’32ιῖ

1551 338 2061 397 COMMENTARIA
2100 339 2166 394 IN
2205 337 2542 395 PSALMOS.

3603 335 3703 389 7'26

419 454 522 526 ϐὴν
547 454 713 509 αὐτου
753 456 1046 531 παρίστησι
1073 456 1334 540 λέγων’]
1364 460 1473 514 Kal.
1502 458 1830 529 ἀγαλλιᾶσθε
1865 458 1998 514 ἐνώ-

2109 459 2421 515 hominibus
2449 459 2936 513 commorationem
2959 456 3279 542 enuntiabat
3314 456 3508 510 dicens
3537 475 3548 509 :
3584 475 3601 506 ι
3636 454 3701 508 lit

420 561 542 598 πιον
573 545 760 610 αὑτοῦ,
786 547 884 604 τοῦ
909 548 1112 619 πατρὸς
1135 549 1244 602 τῶν
1276 549 1528 620 ὀρφανῶν
1557 551 1651 604 καὶ
1677 549 1862 621 κριτοῦ
1892 550 2001 603 τῶν

417 633 621 707 χηρῶν.
669 658 685 688 ο
718 637 828 694 Καὶ
865 637 972 691 τῶν
1009 639 1267 710 μαθητῶν
1293 640 1348 693 δὲ
1390 639 1556 694 αὑτοῦ
1592 641 1686 693 καὶ
1731 640 1837 694 τῶν
1870 641 2007 694 ἁπο-

418 727 622 785 στόλων
666 729 764 800 τὴν
801 730 992 801 κλῆσιν
1047 731 1236 802 ἐδήλου
1287 734 1344 785 ἐν
1389 732 1488 803 τῷ,
1543 752 1560 784 ι
1607 732 1809 804 Κύριος
1847 731 2018 791 δώσει,

418 821 571 892 ῥῆμα
619 825 733 886 τοῖς
777 823 1287 895 εὑαγγελιζομένοις
1337 825 1564 896 δυνάμει
1599 805 1788 896 πολλῇ.
1825 846 1842 877 ι
1893 822 2006 880 Εἶθ’

413 914 540 988 ἑξῆς
569 918 650 981 είς
677 917 766 970 τὸν
795 918 1021 972 θάνατον
1047 917 1209 972 αὑτοῦ
1242 917 1466 971 κάθοδον
1511 919 1604 972 καὶ
1637 918 1734 990 τὴν
1777 917 2008 985 διέξοδον

415 1008 513 1079 τὴν
541 1008 792 1062 ἐντεῦθεν
823 1009 1103 1063 ἐδίδασκεν
1132 1012 1189 1063 ἐν
1216 1009 1314 1081 τῷ,
1349 1029 1367 1062 ε
1402 1010 1511 1063 Καὶ
1538 1009 1632 1063 τοῦ
1665 1011 1870 1082 Κυρίου
1896 1013 2009 1064 Κυ-

416 1102 531 1174 ρίου
565 1105 621 1155 αἱ
642 1101 864 1167 διέξοδοι
883 1102 974 1155 τοῦ
1006 1102 1236 1156 θανάτου
1261 1120 1272 1130 ·
1305 1122 1323 1154 ›
1362 1103 1456 1155 καὶ
1482 1104 1539 1154 ἐν
1565 1102 1665 1174 τῷ,
1705 1121 1722 1152 ε
1748 1098 1882 1155 Εἷπε
1903 1101 2011 1155 Κύ-

415 1214 546 1266 ριος·
566 1197 660 1249 Ἐκ
674 1195 852 1248 Βασὰν
869 1194 1202 1267 ἐπιστρέψω,
1216 1194 1528 1266 ἐπιστρέψω
1539 1194 1797 1265 ἐκβυθῶν
1816 1195 2011 1251 θαλάσ-

415 1305 575 1358 σηςοι
611 1287 702 1342 ἐπὶ
730 1289 862 1341 πᾶσι
894 1287 952 1340 δὲ
981 1287 1191 1350 τούτοις
1223 1288 1320 1358 τὴν
1351 1289 1431 1350 είς
1462 1289 1722 1359 οὑρανοὺς
1750 1288 2009 1342 ἐπάνοδον

413 1379 576 1434 αὑτοῦ
598 1380 687 1434 διὰ
719 1379 814 1433 τοῦ
838 1379 1004 1434 αὑτοῦ
1034 1380 1222 1452 ἐδήλου
1253 1379 1428 1449 λέγων
1447 1397 1459 1410 ·
1492 1380 1744 1436 «Ψάλατε
1777 1381 1856 1452 τῷ
1888 1381 2008 1452 Θεῷ

412 1473 855 1544 τῷὲπιϐεϐηκότι
883 1474 974 1526 ἐπὶ
1003 1474 1093 1526 τὸν
1109 1473 1339 1545 οὐρανὸν
1361 1472 1456 1526 τοῦ
1475 1473 1706 1545 ούρανοῦ
1734 1475 1855 1528 κατ’
1886 1475 2013 1528 ἀνα-

411 1565 592 1628 τολάς.
633 1585 653 1617 ι
689 1565 875 1618 Ταῦτα
905 1567 1002 1636 μὲν
1032 1584 1125 1620 ουν
1156 1567 1212 1619 ἐν
1241 1567 1472 1632 ἐκείνοις
1494 1585 1506 1596 ·
1531 1566 1620 1620 διὰ
1647 1567 1705 1622 δὲ
1737 1567 1845 1620 τῶν
1873 1584 2006 1639 προ-

413 1656 688 1727 κειμένων
725 1657 794 1710 τὰ
823 1658 898 1720 ὡς
924 1660 982 1711 ἐν
1012 1658 1338 1730 παραδρομῇ
1377 1659 1500 1712 τότε
1530 1657 1836 1729 λελεγμένα
1869 1660 2008 1712 πλα-

411 1747 582 1814 τύνει,
624 1740 838 1814 δεικνύς
865 1750 1013 1814 ὅπως
1050 1751 1270 1804 λέλεκτο
1289 1768 1360 1801 ἰι
1395 1751 1505 1810 Καὶ
1539 1751 1632 1804 τοῦ
1661 1752 1867 1823 Κυρίου
1894 1755 2008 1807 Κυ-

414 1839 530 1912 ρίου
575 1841 631 1892 αἱ
675 1840 896 1902 διέξοδοι
937 1841 1030 1895 τοῦ
1062 1842 1319 1906 θανάτου,
1363 1861 1380 1894 ›
1417 1844 1512 1899 καὶ
1544 1843 1624 1910 τὸ,
1670 1863 1688 1895 ι
1731 1841 1868 1898 Εἷπε
1897 1845 2010 1898 Κύ-
2040 1879 2082 1932 Β

413 1949 560 2004 ριοςο
616 1932 711 1985 Ἐκ
745 1933 930 1987 Βασάν
974 1935 1312 2006 ἐπιστρέψω,
1355 1934 1672 2007 ἐπιστρέψω
1721 1936 1787 1989 ἐκ
1831 1935 2008 2006 βυθῶν

410 2022 709 2094 Θαλάσσης.
741 2043 760 2075 ι
795 2025 982 2078 Ταῦτα
1008 2026 1118 2096 γὰρ
1149 2028 1229 2088 είς
1258 2025 1587 2090 πλάτοςκέπὶ
1616 2026 1718 2086 τοῦ,
1745 2027 2009 2099 παρόντος

409 2116 742 2189 διεξέρχεται
771 2117 950 2186 λέγων
970 2136 983 2148 ·
1015 2139 1033 2170 ι
1066 2118 1248 2172 Σῶσόν
1283 2136 1371 2190 με,
1403 2121 1430 2171 6
1460 2118 1614 2185 Θεὸς,
1643 2122 1726 2174 ὅτι
1767 2120 2010 2192 εἰσήλθο-

410 2226 511 2264 σαν
549 2209 720 2264 ὕδατα
751 2209 856 2274 ἕως
905 2210 1084 2283 ψυχῆς
1119 2229 1246 2282 μου.
1287 2214 1592 2286 Ἐνεπάγην
1632 2215 1710 2278 εἰς
1747 2214 1878 2286 ὓλην
1912 2215 2005 2285 βυ-

409 2300 526 2366 θοῦ,
558 2302 653 2355 καὶ
699 2301 800 2356 οὑκ
846 2301 993 2356 ἔστιν
1033 2305 1352 2370 ὑπόστασις.
1385 2303 1586 2360 ’Ἦλθον
1633 2310 1714 2370 είς
1755 2307 1826 2361 τά
1868 2307 2007 2380 βάθη

408 2393 509 2465 τῆς
551 2395 829 2467 Θαλάσσης
878 2396 974 2450 καὶ
1014 2399 1269 2467 καταιγὶς
1300 2401 1658 2453 κατεπόντισέ
1709 2419 1796 2472 με.
1828 2421 1846 2453 ι
1883 2403 2011 2455 Πει-

412 2489 660 2560 ρασμοὺς
697 2489 755 2542 δὲ
800 2489 894 2542 καὶ
927 2489 1202 2561 διωγμοὺς
1233 2492 1326 2547 καὶ
1359 2493 1755 2568 ἐπαναστάσεις
1796 2494 2008 2548 ἀσεϐῶν

408 2579 621 2651 ἀνδρῶν
648 2578 814 2634 ὕδατα
847 2581 1030 2634 καλεῖν
1062 2581 1252 2635 εἴωθεν
1280 2585 1309 2636 6
1338 2583 1512 2654 Λόγος
1532 2601 1545 2614 ·
1586 2583 1744 2638 Οὕτω
1776 2584 1908 2654 γοῦν
1933 2585 2010 2639 εἴ-

414 2689 575 2743 ρηται
622 2672 890 2743 ἀλλαχοῦ⁹
935 2693 952 2725 ι
990 2675 1094 2730 Τὸν
1144 2677 1447 2754 χείμαρρον
1498 2677 1716 2750 διῆλθεν
1775 2681 1808 2750 ἡ
1862 2677 2009 2750 ψυχὴ

410 2767 598 2840 ἡμῶν·
629 2767 737 2839 ἄρα
764 2767 978 2838 διῆλθεν
1006 2769 1038 2839 ἡ
1064 2768 1210 2840 ψυχὴ
1237 2768 1394 2840 ἡμῶν
1435 2769 1497 2823 τὸ
1531 2768 1678 2843 ὕδωρ
1707 2770 2012 2824 ἀνυπόστα-

409 2875 520 2916 τον,
564 2877 582 2909 ι
616 2859 726 2911 Kal.
762 2859 924 2923 αὐτὸς
957 2859 1014 2912 δέ
1045 2860 1073 2911 6
1107 2861 1299 2932 Σωτὴρ
1334 2861 1584 2915 ἐδίδασκε
1608 2862 1767 2916 τοῦτο
1800 2861 1974 2932 λέγων
1994 2881 2007 2893 ·

417 2971 434 3002 ι
473 2951 694 3022 Κατέϐη
732 2953 765 3023 ἡ
818 2951 1008 3023 βροχὴ,
1055 2947 1218 3023 ἦλθον
1263 2955 1312 3006 οί
1343 2957 1602 3025 ποταμοὶ,
1651 2955 1920 3009 ἔπνευσαν
1958 2957 2008 3008 οί

409 3043 622 3116 ἄνεμοι,
655 3046 750 3098 καὶ
794 3043 1176 3116 προσέρῤηξαν
1214 3049 1281 3117 τῇ
1323 3046 1470 3118 οἰκίᾳ
1516 3048 1724 3120 ἐκείνῃ,
1763 3047 1860 3102 καὶ
1906 3045 2027 3106 οὑκ,

410 3136 607 3191 ἔπεσε·
631 3137 990 3208 τεθεμελίωτο
1023 3138 1134 3211 γὰρ
1171 3140 1265 3192 ἐπὶ
1324 3140 1422 3211 τὴν
1455 3141 1680 3213 πέτραν.
1717 3162 1753 3192 ι.
1781 3142 1892 3195 Καὶ
1920 3141 2009 3195 διά

2112 552 2386 606 exsultate
2421 551 2476 604 in
2502 556 2800 618 conspectu
2837 549 2977 618 ejus,
3011 532 3596 619 patris'orphanorum
3646 556 3702 602 et

2106 644 2313 715 judieis
2339 643 2626 696 viduarum
2649 642 2716 696 ⁷⁸.
2747 660 2764 693 ι
2803 640 3208 710 Discipulorum
3235 639 3360 692 item
3397 646 3449 693 et
3482 647 3702 709 aposto-

2111 741 2289 794 lorum
2313 752 2538 794 suorum
2568 735 2914 790 vocationem
2941 734 3259 789 declarabat
3290 733 3344 786 in
3377 733 3503 787 illo:
3544 752 3560 784 ι
3596 731 3701 785 Do-

2111 832 2294 886 minus
2365 829 2513 884 dabit
2587 827 2814 881 verbum
2880 825 3421 896 evangelizantibus,
3502 825 3700 879 virtute

2111 924 2281 978 multa
2307 923 2372 978 ⁷⁷.
2423 942 2452 974 ι.
2491 920 2606 975 Sub
2641 921 2756 974 haae
2799 919 2920 990 ejus
2970 919 3040 972 ad
3085 928 3314 972 mortem
3349 917 3697 979 descensum,

2110 1026 2164 1073 et
2183 1017 2308 1072 inde
2329 1015 2562 1072 reditum
2595 1013 2783 1068 docuit
2816 1013 2889 1067 ita
2920 1010 3065 1066 fatus
3086 1034 3099 1066 -.
3123 1032 3140 1061 ι
3168 1009 3234 1064 Et
3251 1009 3464 1064 Domini
3485 1008 3699 1064 Domini

2109 1111 2286 1166 exitus
2317 1107 2511 1162 mortis
2532 1108 2613 1174 ⁷⁸,
2658 1125 2676 1158 ι
2715 1113 2769 1160 et
2792 1105 2846 1158 in
2882 1105 2996 1172 illo,
3035 1124 3053 1156 ι
3103 1102 3247 1157 Dixit
3273 1102 3536 1157 Dominus
3573 1121 3585 1157 :
3619 1099 3699 1157 Ex

2111 1201 2988 1262 Basanconvertam,convertam
3030 1212 3098 1252 ex
3139 1194 3412 1266 profundo
3459 1195 3646 1250 maris.
3673 1212 3690 1245 ι

2109 1294 2192 1350 Ad
2223 1295 2337 1349 haec
2375 1301 2557 1348 autem
2587 1291 2792 1356 omnia,
2850 1289 3085 1346 reditum
3135 1289 3258 1359 ejus
3296 1289 3362 1342 ad
3393 1289 3592 1342 malum
3643 1288 3697 1341 in

2110 1385 2300 1440 eodem
2349 1387 2562 1456 psalmo
2615 1387 2697 1441 sic
2747 1383 3064 1440 enarravit:
3127 1402 3146 1433 ι
3191 1380 3417 1437 Psallite
3466 1381 3576 1436 Deo
3604 1383 3699 1451 qui

2111 1478 2360 1534 ascendit
2387 1494 2553 1550 super
2591 1479 2790 1533 cmium
2839 1477 2962 1532 εαξη
2997 1477 3062 1530 ad
3119 1477 3384 1530 orientem
3409 1475 3476 1530 ⁸ο.
3521 1493 3538 1526 ι
3575 1473 3700 1529 llaec

2113 1570 2210 1624 ibi.
2272 1569 2329 1624 ln
2388 1571 2646 1640 praesenti
2693 1579 2875 1625 autem
2907 1583 3027 1638 qua:
3065 1569 3221 1638 quasi
3276 1571 3331 1622 in
3379 1575 3702 1622 transcursu

2112 1670 2247 1718 tunc
2295 1662 2442 1716 dicta
2492 1661 2710 1716 fuerant
2770 1659 2948 1716 fusius
3002 1659 3198 1730 aperit,
3246 1657 3544 1714 ostendens
3590 1671 3702 1728 quo

2116 1768 2284 1811 sensu
2335 1752 2542 1807 dictum
2569 1753 2637 1807 de
2678 1752 2910 1809 Domino
2941 1751 3104 1806 fuerit
3139 1770 3152 1806 ι
3200 1770 3219 1802 ι
3257 1750 3324 1804 Ει
3353 1749 3567 1805 Domini
3601 1749 3703 1804 Do-

2114 1845 2246 1898 mini
2287 1844 2469 1900 exitus
2505 1844 2719 1908 mortis,
2775 1863 2792 1895 ι
2829 1850 2992 1912 atque
3043 1840 3176 1896 illud
3204 1882 3220 1906 ,
3257 1859 3274 1892 ι
3317 1840 3462 1895 Dixit
3517 1839 3704 1894 Domi-

2110 1956 2216 1996 nus
2249 1960 2260 1993 :
2299 1938 2385 1994 Ex.
2408 1937 2582 1993 Basan
2611 1946 2953 2001 convertam,
2985 1945 3302 1991 convertam
3324 1951 3392 1990 ex
3427 1934 3704 2006 profundo

2109 2032 2298 2088 maris.
2343 2051 2361 2082 ι
2416 2029 2546 2085 Haec
2579 2031 2726 2086 enim
2766 2029 2944 2084 fusius
2980 2027 3038 2085 in
3073 2027 3330 2098 praesenti
3363 2036 3584 2082 enarrat
3615 2026 3703 2082 di-

2108 2139 2241 2180 cens
2268 2143 2282 2178 :
2317 2142 2336 2175 ι
2372 2122 2597 2178 Salvum
2627 2137 2714 2178 me
2740 2121 2846 2187 fac,
2872 2122 3039 2185 Deus,
3067 2121 3326 2191 quoniam
3359 2121 3705 2175 intraverunt

2109 2232 2265 2288 aqua:
2297 2231 2473 2286 usque
2507 2215 2574 2270 ad
2599 2216 2836 2270 animam
2869 2228 3066 2269 meam.
3101 2211 3304 2268 lnfixus
3340 2227 3461 2267 sum
3490 2211 3544 2266 in
3573 2211 3712 2266 limo

2109 2307 2391 2378 profundi,
2427 2316 2481 2362 et
2524 2321 2634 2360 non
2683 2312 2767 2361 est
2823 2303 3152 2361 substantia.
3195 2302 3332 2357 Veni
3369 2303 3423 2356 in
3455 2302 3700 2357 altitudi-

2112 2417 2238 2456 nem
2273 2400 2466 2466 maris,
2501 2406 2554 2455 et
2585 2405 2883 2468 tempestas
2912 2397 3174 2453 demersit
3218 2412 3324 2452 me.
3365 2416 3382 2448 ι
3420 2395 3702 2450 Tentatio-

2109 2511 2209 2550 nes
2241 2502 2446 2558 autem,
2495 2493 2811 2548 vexationes
2846 2501 2900 2545 et
2947 2489 3187 2544 insultus
3234 2487 3526 2558 impiorum
3556 2488 3702 2542 viro-

2109 2604 2254 2652 rum,
2307 2602 2480 2658 aquas
2520 2599 2718 2639 vocare
2762 2581 3062 2652 Scripturae
3117 2597 3237 2637 mos
3277 2589 3382 2636 est.
3432 2579 3509 2634 lta
3553 2580 3699 2635 enim

2109 2679 2315 2734 dicitur
2380 2676 2510 2732 alibi
2569 2695 2582 2731 :
2652 2694 2671 2727 ‹
2741 2674 3064 2729 Torrentem
3102 2673 3458 2745 pertransivit
3518 2674 3702 2728 anima

2109 2779 2321 2835 nostra,
2353 2769 2584 2824 forsitan
2615 2768 3012 2838 pertransisset
3042 2767 3225 2820 anima
3271 2774 3458 2822 nostra
3502 2780 3700 2836 aquam

2111 2863 2231 2920 sine
2267 2861 2436 2917 fundo
2461 2861 2528 2916 ⁸¹.
2574 2880 2592 2913 ›
2627 2857 2983 2930 ldipsumque
3031 2858 3173 2914 idem
3229 2857 3490 2912 Servator
3541 2857 3703 2912 docet

2113 2956 2197 3011 his
2227 2955 2413 3010 verbis
2443 2972 2454 3007 :
2491 2972 2509 3004 ε
2563 2951 2856 3008 Descendit
2885 2951 3092 3022 pluvia,
3145 2958 3417 3006 venerunt
3452 2949 3698 3013 flumina,

2111 3046 2383 3102 [laverunt
2414 3045 2584 3109 venti,
2617 3051 2672 3100 et
2703 3043 3049 3114 impegerunt
3084 3045 3140 3097 in
3174 3043 3396 3098 domum
3451 3042 3620 3107 illam,
3647 3049 3702 3097 et

2111 3154 2222 3194 non
2259 3137 2461 3194 cecidit
2493 3157 2505 3192 :
2538 3134 2765 3190 fundata
2798 3135 2945 3190 enim
2972 3142 3093 3191 erat.
3129 3150 3295 3206 supra
3330 3144 3541 3205 petram
3565 3134 3631 3189 θ’.
3675 3153 3697 3188 ι

412 3229 520 3283 τῶν
567 3231 943 3301 προκειμένων
989 3232 1170 3285 τοίνυν
1220 3233 1348 3296 τοὺς
1397 3234 1739 3304 πειρωμοὺς
1773 3235 1867 3287 καὶ
1909 3233 2008 3298 τάς

2113 3231 2169 3286 In
2201 3231 2287 3286 his
2321 3231 2504 3300 itaque
2535 3228 2699 3284 dictis
2725 3228 3063 3282 tentationes
3099 3237 3154 3282 et
3200 3228 3434 3283 insidias
3467 3227 3571 3283 sibi
3602 3242 3702 3297 pa-

412 3322 534 3376 κατ’
561 3321 727 3374 αὑτοῦ
757 3321 1072 3388 ἐπιϐουλὰς,
1113 3323 1284 3379 ὕδατα
1329 3325 1614 3396 ὀνομάζων
1661 3326 2002 3396 εἰσεληλυθέ-

411 3432 500 3468 ναι
523 3415 627 3478 ἐως
658 3414 759 3485 τῆς
786 3415 967 3486 ψυχῆς
1000 3417 1165 3470 αὑτοῦ
1201 3417 1479 3477 διδάσκει.,
1510 3419 1762 3491 Ἐπὶ-μὲν
1788 3416 1880 3474 οὖν
1906 3421 2002 3474 τοῦ

426 3503 566 3570 Ἰὼϐ,
622 3505 827 3578 καίπερ
873 3506 1024 3570 ὄντος
1073 3507 1309 3578 ἀθλητοῦ
1369 3510 1638 3578 γενναίου,
1695 3511 2003 3584 γέγραπται

411 3595 652 3670 εἰρηκὼς
693 3598 720 3649 6
755 3597 886 3662 Θεὸς
934 3598 1012 3670 τῷ
1051 3601 1396 3672 πειράζοντιο
1451 3621 1468 3653 ι
1512 3602 1643 3658 Ἰδοὺ
1689 3603 1866 3656 πάντα
1904 3606 2004 3658 ὅσα

413 3689 649 3760 ὑπάρχει
683 3690 834 3761 αὑτῷ
865 3690 1058 3763 δίδωμι
1092 3693 1148 3744 ἐν
1179 3696 1246 3764 τῇ
1279 3693 1420 3764 χειρί
1451 3711 1568 3760 σου,
1595 3696 1755 3766 μόνον
1780 3696 1878 3766 τὴν
1905 3696 2004 3766 ψυ-

413 3782 514 3853 χὴν
541 3782 706 3835 αὑτοῦ
734 3782 1078 3851 διαφύλαξον.
1115 3803 1133 3835 ι
1185 3785 1448 3839 Ἐνταῦθα
1475 3786 1531 3840 δέ
1569 3787 1668 3858 τὴν
1701 3787 1879 3859 ψυχὴν
1907 3791 2005 3843 αὑ-

412 3875 510 3948 τὴν
560 3875 589 3928 ὁ
642 3875 920 3947 πειράζων
972 3875 1243 3948 πειράζει,
1294 3879 1417 3949 ἥτις
1466 3879 1594 3938 ποτέ
1627 3875 1695 3950 ἦν
1727 3879 1886 3952 αῦτη,
1935 3877 2003 3953 ἦς

415 3966 661 4038 μέμνητο
685 3967 778 4020 καὶ
812 3967 972 4030 αὑτὸς
998 3967 1172 4036 λέγων
1193 3986 1206 4000 ·
1247 3988 1264 4019 ι
1309 3968 1499 4032 Οὐδεὶς
1517 3969 1674 4039 ,αἴρει
1703 3971 1799 4041 τὴν
1824 3970 2001 4043 ψυχήν

417 4075 524 4130 μου.
549 4060 642 4112 ἀπ’
680 4057 815 4128 ἐμοῦ
839 4074 850 4086 ⁸
882 4056 1130 4122 ἐξουσίαν
1163 4058 1272 4130 ἐχω
1301 4058 1478 4119 θεῖναι
1504 4059 1696 4131 αὑτὴν,
1723 4062 1818 4114 καὶ
1853 4060 2003 4127 ἐξου-

416 4150 540 4210 σίαν
582 4150 690 4223 ἐχω
730 4149 912 4208 λαϐεῖν
943 4150 1114 4220 αὑτήν
1139 4167 1150 4178 ·
1190 4169 1207 4201 ι
1248 4151 1342 4203 καὶ
1382 4151 1574 4211 πάλιν·
1617 4171 1635 4203 ι
1681 4152 1792 4223 Τὴν
1824 4152 2002 4224 ψυχήν

417 4257 520 4310 μου
561 4239 754 4318 τίθημι
795 4239 937 4311 ὑπὲρ
977 4240 1087 4294 τῶν
1126 4241 1414 4313 προϐάτων
1452 4259 1586 4314 μου·
1622 4263 1641 4295 ι
1688 4245 1801 4308 καὶ,
1839 4265 1856 4296 ι
1889 4244 2003 4299 Νῦν

414 4333 449 4401 ἡ
476 4330 619 4401 ψυχή
651 4348 749 4400 μου
778 4331 1140 4407 τετάρακται·
1185 4352 1202 4384 ι
1235 4333 1350 4396 καὶ,
1388 4352 1406 4384 ι
1437 4333 1744 4405 Περίλυπός
1789 4335 1936 4388 ἐστιν
1968 4336 2002 4405 ἡ

414 4423 558 4498 ψυχή
611 4441 713 4494 μου
775 4423 880 4487 ἕως
927 4424 1180 4478 θανάτου.
1222 4445 1240 4476 ›
1290 4425 1454 4481 Ὅθεν
1513 4428 1607 4480 καὶ
1651 4426 1748 4480 νῦν
1801 4444 1998 4499 φησιν’

422 4535 442 4567 α
476 4517 598 4569 Ὅτι
637 4515 957 4587 εἰσήλθοσαν
987 4515 1155 4570 ’ύδατα
1183 4516 1288 4581 ἕως
1319 4517 1496 4589 ψυχῆς
1544 4536 1645 4589 μου
1665 4536 1678 4548 ·
1717 4537 1736 4571 ι
1776 4518 1918 4572 κατὰ
1944 4519 2003 4573 δὲ

2105 3329 2278 3383 ratas,
2311 3337 2484 3392 aquas
2523 3335 2875 3390 nuncupans,
2932 3334 3105 3389 usque
3134 3319 3204 3372 ad
3253 3320 3493 3372 animam
3542 3333 3700 3373 suam

2104 3412 2323 3470 venisse
2375 3410 2555 3465 docet.
2613 3409 2688 3465 De
2747 3408 2884 3464 Jobo
2947 3425 3119 3473 sane,
3172 3409 3388 3464 tametsi
3439 3416 3701 3464 strenuus

2106 3505 2310 3559 athleta
2342 3512 2481 3571 erat,
2519 3504 2727 3559 dixisse
2752 3502 2926 3559 Deum
2957 3504 3214 3558 tentatori
3253 3501 3463 3558 fertur:
3505 3523 3522 3554 ι
3562 3501 3700 3557 Ecce

2105 3599 2290 3652 omnia
2332 3613 2674 3668 quaecunque
2705 3597 2810 3668 ipsi
2847 3605 2976 3653 sunt
3003 3597 3074 3652 do
3111 3597 3164 3650 in
3201 3612 3363 3650 manu
3424 3604 3539 3660 tua,
3578 3604 3700 3650 tan-

2107 3699 2224 3746 tum
2260 3690 2500 3744 animam
2530 3689 2651 3758 ejus
2681 3699 2898 3744 servato
2920 3688 2987 3742 3’.
3027 3707 3044 3740 ι
3084 3687 3183 3742 llic
3213 3703 3341 3742 vero
3373 3687 3547 3758 ipsam
3579 3688 3700 3741 ani-

2105 3798 2248 3836 mam
2276 3789 2515 3838 tentator
2537 3779 2876 3850 aggreditur,
2901 3793 3021 3834 eam
3048 3779 3222 3848 ipsam
3262 3778 3472 3834 scilicet
3497 3779 3565 3834 de
3591 3793 3714 3849 qua,

2107 3873 2374 3933 Dominus
2390 3873 2579 3928 dicitzc
2605 3871 2775 3926 Nemo
2790 3871 2931 3925 tollit
2949 3871 3184 3924 animam
3208 3885 3382 3924 meam
3402 3884 3432 3923 a
3451 3885 3537 3926 me
3561 3889 3575 3924 :
3599 3886 3712 3947 pou

2105 3973 2358 4020 testatem
2371 3965 2546 4020 habeo
2560 3963 2797 4034 ponendi
2826 3962 3056 4028 illam,et
3074 3969 3398 4033 potestatem
3419 3963 3594 4019 habeo
3612 3979 3701 4019 ac-

2107 4056 2346 4127 cipiendi
2373 4072 2494 4112 eam
2516 4056 2583 4110 3‘.
2623 4075 2642 4108 ι
2676 4055 2742 4108 Ει
2775 4056 3006 4109 iterum:
3037 4073 3056 4105 ι
3085 4054 3338 4107 Animam
3359 4070 3533 4108 meam
3556 4071 3701 4128 pono

2108 4166 2207 4221 pro
2241 4149 2439 4204 ovibus
2474 4149 2611 4203 meis
2634 4147 2702 4211 ⁸⁸,
2743 4167 2762 4198 ι
2801 4155 2875 4211 et,
2909 4164 2927 4197 ι
2961 4144 3117 4200 Nunc
3135 4146 3316 4199 anima
3346 4161 3464 4201 mea
3483 4148 3699 4202 turbata

2105 4243 2246 4298 est“
2265 4248 2393 4310 pet,
2405 4261 2422 4293 ι
2435 4240 2634 4296 Tristis
2650 4247 2732 4296 est
2750 4240 2929 4293 anima
2949 4255 3068 4294 mea
3087 4255 3257 4309 usque
3271 4239 3338 4293 ad
3359 4241 3660 4295 mortem".
3677 4261 3703 4292 ι.

2109 4335 2476 4410 Quamobrem
2519 4350 2667 4388 nunc
2695 4347 2914 4403 quoque
2946 4332 3023 4385 ait
3061 4351 3074 4387 :
3107 4350 3124 4382 ι
3155 4331 3426 4397 Quoniam
3458 4332 3700 4386 intrave-

2106 4435 2236 4483 runt
2255 4443 2409 4498 aqua:
2438 4443 2610 4497 usque
2623 4425 2690 4479 ad
2714 4425 2954 4479 animam
2989 4439 3162 4478 meam
3185 4443 3196 4478 :
3223 4440 3243 4475 ι
3265 4425 3378 4481 sive
3397 4424 3698 4480 secundum

2110 4517 2496 4592 Symmachum
2525 4538 2536 4574 :
2564 4538 2582 4570 ι
2608 4517 2876 4584 Quoniam
2891 4526 3415 4586 accesseruntaqua:
3436 4531 3608 4585 usque
3630 4517 3698 4569 ad

413 4609 506 4662 τὸν
557 4580 885 4679 Σύμμαχον·
946 4628 962 4658 ι
997 4610 1119 4662 Ὅτι
1152 4580 1617 4681 ἐπῆλθενηῦδατα
1666 4612 1770 4676 ἕως
1823 4612 2003 4684 ψυχῆς

2110 4610 2349 4662 animam
2365 4623 2561 4662 meam.
2592 4627 2608 4659 ι
2636 4607 2837 4662 Deinde
2860 4605 3142 4676 subjungit
3170 4625 3182 4659 :
3218 4624 3236 4656 ι
3267 4605 3470 4660 lnfixus
3491 4622 3608 4660 sum
3644 4605 3700 4660 in

419 4717 542 4770 μου.
588 4721 605 4752 ι
658 4697 794 4758 Εἶτα
824 4702 1098 4771 ἐπιλέγει·
1135 4721 1152 4754 ι
1201 4703 1507 4774 Ἐνεπάγην
1541 4706 1618 4766 εἰς
1648 4704 1780 4775 ὓλην
1818 4705 2014 4775 βυθοῦ,

416 4791 512 4846 καὶ
537 4792 636 4844 οὑκ
680 4791 828 4846 ἔστιν
859 4792 1157 4856 ὑπόστασις
1183 4809 1196 4822 ·
1236 4813 1253 4843 ι
1285 4793 1427 4846 κατὰ
1464 4793 1520 4846 δὲ
1549 4793 1638 4846 τὸν
1665 4794 1959 4869 Σύμμαχον
1987 4812 1998 4823 ·

422 4904 440 4934 ι
490 4883 858 4956 Ἐϐαπτίσθην
902 4889 982 4950 είς
1028 4887 1368 4959 ἀπεράντους
1398 4887 1743 4952 καταδύσεις,
1772 4890 1867 4942 καὶ
1905 4891 2006 4942 οὑκ

417 4977 532 5028 ἔστι
559 4977 767 5041 στάσις,
801 4997 819 5028 ι
855 4979 1167 5049 ἡρμήνευσε
1192 4997 1204 5009 ο
1238 4979 1444 5051 σφόδρα
1475 4978 1801 5043 ἀκολούθως.
1839 4981 2020 5038 Ἔνθα,

415 5065 524 5136 γὰρ
549 5068 649 5120 οὑκ
671 5063 738 5138 ἦν
763 5069 952 5132 στάσις
979 5069 1204 5142 ἑτέροις,
1235 5070 1321 5123 διὰ
1347 5069 1408 5123 τὸ
1434 5071 1639 5132 πάντας
1669 5071 1796 5124 τοὺς
1819 5069 2004 5122 αὐτόθι

419 5158 780 5224 κατελθόντας
830 5160 1030 5236 ὀλίσθῳ
1077 5165 1395 5234 περιπεσεῖν
1447 5164 1540 5216 καὶ
1598 5162 2003 5234 κατασύρεσθαι

420 5250 528 5306 ὑπὸ
569 5249 678 5303 τῶν
711 5251 803 5304 τοῦ
837 5251 1071 5306 θανάτου
1117 5254 1424 5324 ῥευμάτων,
1456 5253 1688 5308 ἐνταῦθα
1719 5255 1812 5308 καὶ
1843 5253 2006 5316 αὑτὸς

417 5337 602 5414 ἦλθον,
633 5342 872 5413 ὁπηνίκα,
896 5346 976 5408 είς
1009 5343 1078 5397 τά
1119 5344 1258 5415 βάθη
1285 5347 1384 5415 τῆς
1428 5345 1702 5416 θαλάσσης
1736 5344 2000 5416 ἐλήλυθα·

422 5433 479 5502 ἦ,
509 5434 763 5494 κατάτὸν
799 5435 1112 5508 Σύμμαχον,
1143 5457 1160 5487 ι
1194 5437 1456 5509 Είσῆλθον
1486 5440 1564 5501 είς
1605 5437 1673 5490 τὰ
1716 5435 1857 5507 βάθη
1899 5435 2007 5490 τῶν

420 5526 648 5586 ὑδάτων,
697 5529 789 5581 καὶ
823 5529 1034 5600 ῥεῖθρον
1077 5531 1345 5584 ἐπέκλυσε
1383 5549 1469 5601 με.
1511 5551 1528 5582 ι
1567 5530 1679 5583 Καὶ
1720 5528 1789 5584 τά
1831 5545 2009 5600 παρα·

423 5619 627 5688 πλήσια
659 5620 720 5673 δὲ
767 5622 976 5687 τούτοις
1010 5623 1102 5676 καὶ
1142 5624 1326 5688 Ἰωνᾶς
1373 5626 1402 5676 6
1445 5624 1732 5696 προφήτης
1766 5621 1874 5675 ἀπὸ
1908 5622 2008 5691 τῆς

496 5778 539 5806 ⁷³
577 5777 720 5833 Psal.
759 5796 928 5842 LXHI,
963 5779 1017 5842 5,
1061 5778 1113 5832 6.
1205 5782 1249 5812 ⁷⁷
1294 5781 1422 5836 ibid.
1468 5779 1551 5834 12.
1663 5781 1708 5811 ⁷⁸
1750 5777 1878 5833 ibid.
1919 5776 2008 5830 Ἢ.

1205 5782 1249 5812 ⁷⁷
1294 5781 1422 5836 ibid.
1468 5779 1551 5834 12.

2111 4701 2240 4755 limo
2257 4700 2536 4770 profundi,
2571 4711 2624 4755 et
2656 4716 2763 4755 non
2813 4711 2897 4755 est
2944 4699 3290 4764 substantia;
3332 4718 3350 4749 ι
3394 4697 3696 4753 secundum

2114 4789 2502 4863 Symmachum
2523 4807 2681 4845 vero:
2711 4810 2726 4840 ι
2747 4788 3044 4844 lmmcrsus
3062 4805 3180 4843 sum
3203 4788 3257 4841 in
3278 4787 3518 4841 infinitas
3541 4802 3696 4840 vora-

2111 4885 2285 4954 gines,
2327 4891 2522 4937 etnon
2553 4889 2636 4937 est
2690 4889 2890 4944 status,
2942 4899 2959 4930 ι
3007 4878 3350 4948 explicatur;
3391 4884 3444 4931 ct
3473 4877 3696 4947 quidem

2111 4994 2142 5030 e
2177 4992 2235 5029 re
2264 4973 2580 5028 admodum.
2611 4971 2744 5025 Nam
2780 4972 2870 5026 ubi
2911 4971 3095 5024 nullus
3140 4969 3319 5028 standi
3348 4968 3542 5022 modus
3575 4968 3698 5022 aliis

2113 5074 2251 5131 erat,
2292 5066 2420 5134 quia
2447 5072 2717 5137 quotquot
2743 5077 2809 5116 eo
2844 5061 3244 5118 descenderant
3292 5059 3346 5112 in
3399 5059 3696 5128 perniciem

2115 5159 2286 5220 ibant,
2313 5164 2366 5211 et
2413 5173 2442 5208 a
2479 5156 2737 5210 fluctibus
2775 5155 2968 5208 mortis
3007 5152 3454 5214 detrahebantur,
3505 5151 3698 5204 eodem

2115 5250 2322 5305 accessi
2369 5250 2588 5318 quando
2623 5247 2740 5301 veni
2795 5247 2849 5301 in
2903 5245 3246 5299 altitudinem
3306 5244 3513 5310 maris;
3547 5243 3695 5305 sive,

2117 5344 2419 5402 secundum
2458 5326 2870 5413 Symmachum,
2921 5357 2937 5388 ι
2976 5335 3264 5406 Ingressus
3297 5351 3416 5390 sum
3467 5335 3520 5388 in
3572 5350 3697 5403 pro-

2118 5439 2344 5493 fundum
2377 5452 2666 5507 aquarum,
2694 5443 2748 5489 et
2780 5433 2979 5487 fluctus
3010 5430 3294 5485 inundavit
3318 5446 3420 5484 me.
3461 5449 3478 5481 ι
3517 5427 3579 5481 Ει
3611 5428 3696 5484 his

2117 5529 2315 5585 similia
2353 5526 2522 5586 Jonas
2563 5526 2828 5600 propheta
2850 5539 2879 5577 a
2909 5531 3097 5578 ventre
3125 5521 3230 5576 ceti
3275 5528 3530 5591 precatus
3560 5519 3698 5574 scri-

2117 5623 2298 5687 bitur;
2341 5621 2414 5674 ait
2444 5620 2608 5690 igitur
2641 5619 2770 5673 ille:
2819 5638 2837 5668 ι
2880 5614 3226 5670 Circumfusa
3259 5625 3344 5670 est
3388 5615 3520 5668 mihi
3555 5627 3696 5684 aqua.

2087 5778 2206 5809 ⁷⁹·⁶⁰
2249 5778 2379 5832 ibid.
2419 5777 2505 5831 54.
2584 5778 2625 5808 ⁸⁷
2652 5774 2794 5830 Psal.
2835 5775 3098 5839 cxxut,5.
3177 5773 3428 5830 “Matth.
3469 5788 3565 5838 vtt,
3601 5769 3690 5828 25.

423 5846 468 5876 ⁸³
504 5845 604 5904 Job
645 5865 702 5915 Il,
746 5851 797 5906 6.
871 5852 917 5883 ⁸⁵
957 5848 1115 5907 Joan.
1152 5868 1205 5920 κ,
1247 5851 1308 5912 18
1405 5850 1621 5908 "ibid.
1672 5851 1756 5908 l5.
1833 5849 1878 5885 ⁸⁸
1915 5846 2008 5903 Joa

2128 5864 2225 5918 xu,
2266 5848 2355 5906 27.
2433 5850 2474 5880 ⁸⁷
2518 5846 2706 5902 Matth.
2752 5863 2896 5912 xxvr,
2941 5847 3026 5902 58.
