4146 6390
401 376 504 430 ’27

1086 369 1362 428 EUSEBH
1394 371 1877 427 C/ESARIENSIS
1913 370 2068 440 OPP.
2123 370 2306 425 PARS
2347 370 2434 426 ΙΙΙ.
2477 401 2546 410 -
2587 369 3002 427 EXEGETICA.

3557 369 3659 424 728

397 505 572 561 usque
603 491 670 545 ad
704 491 940 545 animam
991 504 1192 555 meam,
1242 490 1477 561 abyssus
1523 491 1715 545 ultima
1745 493 1982 546 circum-

2092 490 2291 554 κοιλίας
2318 490 2410 543 τοῦ
2438 490 2638 562 κήτους
2663 491 3076 562 ἀναγέγραπται
3103 489 3395 560 ηύγμένος.
3430 487 3589 555 Λέγει
3612 487 3658 540 δ’

394 584 545 639 dedit
575 600 679 639 me.
707 581 883 638 Subiit
931 591 1097 653 caput
1143 600 1322 638 meum
1378 584 1445 639 ad
1493 583 1794 640 divisiones
1824 599 1980 638 mon-

397 687 552 740 tium,
592 675 849 731 descendi
879 675 932 729 in
965 682 1191 738 terram,
1235 675 1396 744 cuju‘s
1433 687 1616 732 vectes
1649 685 1779 732 sunt
1809 677 1983 732 admi-

396 767 581 823 nicula
614 777 816 822 aeterna
838 766 904 820 ⁸⁸.
959 785 977 817 ι
1012 765 1358 836 Quapropter
1395 769 1646 838 exemplo
1674 767 1826 824 Jonaa
1854 783 1983 840 pro-

398 859 572 929 pheta:
604 874 738 912 usus
777 855 1038 912 Servator
1065 866 1150 913 est
1187 857 1253 912 ad
1289 873 1406 924 eos,
1437 859 1529 929 qui
1572 861 1786 930 signum
1829 862 1898 915 ab
1923 876 1983 916 se

397 949 671 1020 petebant,
707 949 937 1003 dicens:
998 965 1016 999 ι
1066 947 1360 1004 Generatio
1410 966 1578 1020 prava
1629 959 1683 1007 et
1736 951 1982 1007 adultera

397 1042 612 1112 signum
648 1041 865 1111 quaerit,
893 1048 946 1095 et
978 1041 1194 1111 signqu
1245 1051 1355 1097 non
1388 1042 1609 1098 dabitur
1657 1044 1728 1108 ei,
1767 1045 1875 1100 nisi
1915 1047 1985 1100 si-

394 1148 561 1203 gnum
590 1130 743 1186 ἔσηπε
777 1133 1074 1203 prophetae.
1115 1132 1268 1187 Sicut
1306 1135 1451 1190 enim
1501 1133 1601 1188 fuit
1654 1133 1822 1190 Jonas
1851 1152 1980 1208 pro-

397 1224 559 1292 pheta
585 1223 638 1276 in
664 1231 852 1277 ventre
881 1227 983 1276 ceti
1013 1224 1192 1278 tribus
1209 1224 1404 1279 diebus
1423 1237 1478 1280 et
1501 1227 1673 1280 tribus
1696 1227 1949 1281 noctibus
1965 1266 1981 1291 ,

397 1315 478 1370 sic
505 1315 610 1369 erit
633 1324 684 1369 et
717 1315 888 1370 Filius
918 1315 1156 1371 hominis
1189 1317 1242 1370 in
1275 1317 1438 1372 corde
1468 1325 1628 1374 terra:
1661 1318 1839 1374 tribus
1869 1319 1984 1375 dio-

398 1407 502 1463 bus
533 1417 585 1463 et
613 1409 790 1463 tribus
823 1409 1161 1464 noctibus".
1198 1430 1215 1462 ι
1250 1410 1358 1464 Cor
1383 1417 1544 1464 terra:
1565 1419 1723 1466 vorat
1752 1412 1805 1466 id
1838 1411 1983 1482 quod

400 1499 488 1554 hic
521 1501 724 1554 dicitur
753 1501 1084 1571 profundum
1117 1503 1309 1565 maris,
1346 1502 1546 1557 inferni
1576 1503 1694 1556 loca
1731 1504 1983 1567 subindi—

397 1608 552 1648 cans.
584 1592 950 1659 Quamobrem
982 1593 1037 1648 in
1079 1591 1182 1647 Job
1211 1609 1432 1664 quoque
1478 1596 1699 1649 oracula
1751 1595 1985 1651 fundens

397 1685 518 1756 ipse
563 1683 826 1739 Dominus
859 1683 1061 1740 similia
1110 1685 1411 1740 declaravit
1443 1687 1677 1743 dicens:
1716 1707 1734 1738 ι
1777 1686 1984 1760 Venisti

398 1782 581 1832 autem
618 1777 684 1830 ad
739 1776 942 1831 fontem
986 1777 1175 1842 maris,
1227 1777 1282 1832 in
1334 1780 1585 1850 vestigiis
1616 1795 1746 1833 vero
1797 1781 1983 1851 abyssi

397 1866 787 1923 deambulasti.
819 1867 1159 1938 Aperiuntur
1197 1867 1297 1922 tibi
1327 1869 1526 1924 timore
1553 1876 1724 1938 portae
1751 1871 1944 1926 mortis
1970 1887 1984 1924 :

399 1963 610 2018 ostiarii
637 1963 838 2018 inferni
870 1962 1120 2019 videntes
1151 1971 1205 2019 te
1235 1965 1520 2019 conterriti
1543 1972 1673 2020 sunt
1697 1966 1763 2020 ’°.
1809 1985 1826 2017 ι

2082 581 2174 636 οὖν
2199 583 2291 638 καί
2314 583 2478 646 αὑτός
2496 599 2509 612 ·
2541 599 2560 633 ι
2591 581 2895 653 Περιεχύθη
2925 598 3012 651 μοι
3038 579 3180 651 ὕδωρ
3200 579 3304 642 ἓως
3328 578 3505 648 ψυχῆς
3535 591 3657 648 μου“

2083 676 2318 738 ἄϐυσσος
2345 674 2623 728 ἐκύκλωσέ
2654 691 2720 745 με
2745 675 2970 745 ἐσχάτη.
3000 672 3183 743 Ἕδυη
3214 671 3424 741 κεφαλή
3457 687 3556 740 μου
3580 670 3660 734 είς

2086 768 2322 840 σχισμὰς
2355 769 2546 840 όρέων,
2579 769 2812 840 κατέϐην
2838 770 2917 831 είς
2947 768 3070 838 γῆν,
3100 762 3168 838 ἧς
3198 767 3245 818 οἱ
3279 765 3463 835 μοχλοὶ
3494 765 3660 836 αὐτῆς

2085 861 2302 930 κάτοχοι
2361 858 2590 914 αἱώνιοι.
2635 879 2654 910 »
2711 860 2912 929 Διόπερ
2967 857 3045 928 τῷ
3103 856 3504 927 παραδείγματι
3564 853 3665 915 τοιῖὶ¹

2098 953 2250 1005 Ἰωνᾶ
2288 952 2553 1024 κέχρηται
2591 953 2619 1005 6
2654 951 2844 1022 Σωτὴρ
2876 950 3012 1021 πρὸς
3049 951 3174 1013 τοὺς
3207 951 3535 1019 αἱτήσαντας
3566 947 3662 1013 αὐτ

2083 1045 2174 1097 τὸν
2223 1047 2468 1115 σημεῖον,
2519 1042 2721 1096 εἰπών·
2757 1062 2775 1094 ι
2811 1042 2977 1096 Γενεά
3021 1041 3232 1113 πονηρά
3278 1039 3372 1093 καὶ
3419 1040 3664 1110 μοιχαλὶς

2086 1135 2310 1206 σημεῖον
2349 1132 2613 1202 ἐπιζητεῖ,
2650 1132 2744 1186 καὶ
2788 1134 3009 1202 σημεῖον
3037 1132 3096 1184 οὺ
3127 1131 3409 1202 δοθήσεται
3434 1131 3569 1201 αὐτῇ
3613 1129 3665 1183 εί

2087 1225 2162 1295 μὴ
2213 1224 2274 1279 τὸ
2320 1228 2545 1295 σημεῖον
2601 1225 2758 1278 Ἰωνᾶ
2813 1224 2906 1277 τοῦ
2957 1225 3258 1296 προφήτου.
3298 1225 3507 1294 ’Ὠσπερ
3556 1223 3667 1294 γὰρ

2084 1317 2303 1386 ἐγένετο
2343 1319 2525 1380 Ἰωνᾶς
2550 1319 2579 1370 6
2621 1319 2906 1389 προφήτης
2938 1319 2996 1370 ἐν
3026 1320 3091 1388 τῇ
3127 1317 3302 1388 κοιλία
3345 1317 3438 1371 τοῦ
3467 1317 3666 1387 κήτους

2083 1412 2235 1481 τρεῖς
2267 1410 2484 1482 ἡμέρας
2516 1412 2610 1463 καὶ
2645 1415 2796 1482 τρεῖς
2836 1411 3058 1475 νύκτας,
3094 1410 3267 1474 οὓτως
3309 1409 3460 1464 ἔσται
3507 1411 3600 1462 καὶ
3635 1411 3666 1462 ὀ

2087 1501 2215 1565 Υἱὸς
2247 1503 2341 1555 τοῦ
2369 1501 2657 1574 ἀνθρώπου
2683 1503 2742 1555 ἐν
2768 1505 2834 1575 τῇ
2867 1503 3062 1574 καρδία
3090 1504 3188 1573 τῆς
3230 1503 3333 1571 γῆς
3362 1505 3509 1573 τρεῖς
3537 1501 3658 1572 ήμέο

2091 1612 2190 1666 ρας
2227 1596 2322 1648 καὶ
2345 1599 2493 1669 τρεῖς
2535 1596 2756 1660 νύκτας.
2797 1616 2814 1648 ι
2855 1595 3096 1667 Καρδίαν
3121 1595 3177 1648 δέ
3203 1595 3306 1666 γῆς
3331 1594 3400 1647 τὰ
3438 1594 3671 1648 ἐνταῦθα

2085 1687 2352 1758 λεγόμενα
2385 1687 2525 1758 βάθη
2555 1686 2834 1756 Θαλάσσης
2873 1687 3150 1757 ὀνομάζει,
3181 1687 3250 1740 τά
3279 1687 3375 1741 τοῦ
3408 1687 3533 1758 ᾅδου
3567 1703 3673 1758 χω-

2089 1780 2180 1850 ρία
2217 1778 2609 1849 αἰνιττόμενος.
2639 1778 2729 1830 Διὸ
2764 1778 2858 1831 καὶ
2895 1781 2953 1832 ἐν
2984 1778 3064 1849 τῷ
3107 1777 3228 1831 Ἰὼϐ
3261 1780 3616 1850 χρηματίζων
3643 1780 3673 1832 6

2094 1870 2258 1933 αὐτὸς
2288 1870 2493 1942 Κύριος
2523 1871 2594 1924 τὰ
2629 1870 2791 1940 ὅμοια
2825 1871 3065 1942 παρίστη
3095 1869 3266 1938 λέγων
3287 1887 3298 1900 ·
3342 1889 3360 1922 ι
3385 1867 3587 1934 Ἧλθες
3617 1871 3673 1924 δέ

2099 1967 2192 2018 ἐπὶ
2221 1965 2403 2036 πηγὴν
2428 1965 2722 2036 θαλάσσης,
2752 1967 2809 2019 ἐν
2834 1965 2892 2018 δέ
2919 1965 3117 2035 ῐχνεσιν
3146 1965 3383 2018 ἀϐύσσου
3413 1965 3674 2036 περιεπά-

399 2073 590 2128 τησας.
620 2057 947 2126 Ἀνοίγονται
978 2057 1036 2111 δέ
1070 2073 1152 2111 σοι
1189 2057 1336 2130 φόϐῳ
1367 2057 1532 2112 πύλαι
1560 2059 1810 2124 θανάτου,
1850 2060 2091 2132 πυλωροὶ
2123 2060 2248 2130 ᾆδου
2275 2059 2471 2122 ἰδόντες
2497 2073 2556 2110 σε
2590 2056 2882 2128 ἔπτηξαν.»

476 2171 636 2228 Vides
672 2181 851 2228 autem
885 2175 1161 2246 quomodo
1210 2175 1299 2230 hic
1354 2193 1573 2249 quoque
1606 2193 1732 2232 cum
1779 2177 1983 2234 fontem
2017 2188 2060 2243 Β

399 2265 570 2320 maris
625 2265 996 2330 nominasset,
1052 2275 1106 2321 et
1165 2267 1499 2337 adiecisset,
1556 2288 1574 2320 ‹
1633 2270 1690 2324 In
1739 2270 1983 2340 vestigiis

401 2357 586 2428 abyssi
617 2358 928 2423 ambulasti,
969 2377 986 2410 ι
1022 2357 1264 2413 declaret
1296 2361 1426 2430 quid
1457 2361 1528 2415 sit
1563 2361 1817 2432 abyssus,
1851 2362 1983 2432 quid

401 2463 570 2509 mare,
604 2447 941 2516 subjiciens:
992 2466 1009 2498 ι
1053 2447 1388 2518 Aperiuntur
1419 2457 1599 2503 autem
1657 2450 1757 2504 tibi
1789 2451 1985 2506 timore

400 2547 572 2610 porta:
606 2540 818 2601 mortis,
847 2539 1060 2594 ostiarii
1095 2555 1224 2594 vero
1265 2538 1461 2594 inferni
1497 2540 1742 2596 videntes
1773 2549 1826 2596 te
1855 2558 1985 2596 con-

403 2633 581 2686 territi
614 2640 762 2688 sunt.
806 2652 824 2684 ι
886 2631 986 2703 llic
1022 2631 1190 2704 igitur
1219 2632 1383 2686 etiam
1435 2633 1767 2703 profundum
1817 2635 1985 2690 maris

403 2727 598 2782 mortis
633 2726 884 2796 regiones
916 2725 1228 2787 adumbrat,
1273 2740 1383 2794 quo
1419 2725 1761 2782 descendens
1793 2725 1983 2780 Salva—

403 2827 490 2870 tor
529 2823 590 2870 eD
635 2815 898 2872 Dominus
953 2821 1162 2877 noster,
1202 2816 1355 2870 solus
1388 2816 1514 2871 inde
1564 2823 1850 2888 regressds
1880 2826 1982 2874 est.

403 2907 584 2975 Quare
636 2910 690 2962 in
739 2908 1067 2979 prazcedenti
1116 2923 1337 2980 quoque
1393 2911 1606 2980 psalmo
1649 2909 1980 2967 dicebatur:

409 3021 426 3050 ι
465 2997 531 3053 Et
560 2998 772 3055 Domini
803 3001 1017 3056 Domini
1049 3003 1230 3057 exitus
1254 3003 1446 3058 mortis
1470 3003 1552 3070 ";
1588 3022 1605 3054 ›
1637 3018 1700 3057 ac
1730 3018 1982 3059 rursum:

410 3112 429 3142 ‹
468 3090 615 3146 Dixit
647 3091 908 3149 Dominus
941 3112 952 3148 :
981 3091 1062 3147 Ex
1093 3093 1270 3148 Basan
1297 3103 1633 3162 convertam,
1670 3102 1983 3150 convertam

402 3200 468 3239 ex
516 3183 787 3255 profundo
817 3186 986 3240 maris
1009 3185 1075 3241 ".
1115 3205 1134 3238 ι
1182 3185 1287 3240 Pro
1315 3187 1408 3241 illo
1434 3193 1635 3252 autem,
1682 3207 1699 3238 ι
1754 3188 1821 3241 Ει
1857 3195 1988 3241 tem-

406 3284 588 3347 pestas
638 3275 899 3353 demersit
950 3293 1056 3343 me,
1120 3296 1139 3330 ›
1193 3277 1411 3348 Aquila,
1469 3297 1488 3332 ι
1545 3277 1611 3332 Et
1660 3277 1986 3349 proﬂuvium

407 3369 691 3424 inundavit
720 3385 836 3438 me;
862 3390 880 3422 ι
905 3370 1266 3443 Symmachus
1287 3387 1438 3436 vero,
1473 3390 1493 3435 ι,
1515 3371 1577 3426 Ει
1606 3374 1804 3427 fluctus
1830 3372 1987 3426 inun-

405 3461 555 3516 davit
603 3478 711 3528 me,
763 3482 782 3516 ι
827 3464 1169 3535 interpretati
1205 3473 1356 3522 sunt.
1399 3463 1535 3518 Nam
1579 3465 1874 3520 verisimile
1902 3472 1987 3519 est

2172 2180 2334 2250 Ὁρᾷς
2360 2179 2468 2249 γάρ
2513 2179 2662 2241 ὅπως
2703 2178 2798 2231 καὶ
2831 2178 2888 2230 ἐν
2927 2176 3136 2242 τούτοις
3180 2177 3361 2248 πηγὴν
3399 2176 3674 2246 θαλασσης

2089 2270 2385 2342 ὀνομάσας,
2418 2270 2511 2322 καὶ
2544 2268 2798 2341 προσθεὶς
2825 2270 2908 2331 τὸ,
2943 2287 2961 2320 ι
3012 2269 3100 2321 Ἐν
3128 2269 3184 2321 δέ
3215 2269 3412 2339 ἴχνεσιν
3439 2267 3672 2320 ἀϐύσσου

2089 2361 2518 2432 περιεπάτησας,
2558 2380 2576 2411 ι
2611 2359 2706 2432 τὴν
2740 2360 2975 2415 ἄϐυσσον
3010 2361 3104 2414 καὶ
3131 2360 3228 2431 τὴν
3258 2359 3533 2413 θάλασσαν
3557 2359 3674 2413 τίνα

2088 2453 2205 2506 ἐστὶ
2250 2453 2510 2521 διασαφεῖ
2545 2451 2812 2521 ἐπιλέγων
2837 2467 2851 2481 ο
2891 2472 2908 2503 ι
2954 2452 3285 2519 Ἀνοίγονται
3325 2451 3380 2503 δέ
3410 2469 3491 2505 σοι
3527 2452 3675 2522 φόϐῳ

2089 2544 2250 2598 πύλαι
2275 2544 2528 2605 θανάτου,
2558 2543 2797 2615 πυλωροὶ
2819 2543 2874 2597 δέ
2907 2541 3032 2614 ᾅδου
3065 2544 3260 2607 ἰδόντες
3293 2561 3350 2597 σε
3379 2542 3666 2615 ἔπτηξαν.ι

2088 2631 2298 2687 Ούκοῦν
2329 2634 2421 2686 καὶ
2453 2634 2511 2686 ἐν
2537 2635 2650 2696 τοῖς
2683 2632 3068 2704 προκειμένοις
3092 2633 3159 2686 τά
3184 2632 3322 2704 βάθη
3352 2634 3448 2703 τῆς
3477 2632 3676 2686 Θαλάσ-

2090 2741 2190 2794 σης
2231 2723 2300 2778 τὰ
2339 2723 2433 2779 τοῦ
2483 2722 2715 2777 θανάτου
2759 2723 2934 2795 χωρία
2978 2723 3295 2786 αἰνίττεται,
3342 2723 3470 2778 ἔνθα
3520 2723 3677 2794 μόνος

2089 2815 2336 2879 καταϐὰς
2361 2817 2389 2869 6
2413 2813 2603 2886 Σωτὴρ
2632 2815 2726 2869 καὶ
2752 2815 2956 2887 Κύριος
2977 2815 3134 2886 ἡμῶν
3161 2815 3458 2885 διεξῆλθεν.
3495 2815 3585 2868 Διὸ
3619 2817 3678 2868 ἐν

2086 2905 2164 2977 τῷ
2212 2906 2319 2977 πρὸ
2357 2904 2544 2958 τούτου
2585 2904 2788 2976 ψαλμῷ
2836 2905 3057 2973 ἐλέγετο
3081 2921 3094 2935 ·
3129 2923 3148 2956 ι
3189 2905 3297 2958 Καὶ
3331 2904 3422 2958 τοῦ
3470 2902 3676 2974 Κυρίου

2088 2996 2293 3068 Κυρίου
2323 2997 2375 3048 al
2407 2995 2628 3060 διέξοδοι
2661 2994 2754 3048 τοῦ
2789 2995 3019 3052 θανάτου
3046 3012 3059 3025 ο
3099 3015 3117 3047 ›
3145 2997 3237 3052 καὶ
3264 2995 3458 3048 πάλιν·
3498 3015 3515 3047 ι
3543 2991 3677 3048 Eii-.3

2088 3087 2310 3160 Κύριοςο
2331 3089 2424 3141 Ἐκ
2441 3089 2620 3142 Βασάν
2638 3089 2970 3160 ἐπιστρέψω,
2991 3089 3303 3160 ἐπιστρέψω
3320 3090 3381 3141 ἐκ
3401 3087 3574 3159 βυθῶν
3591 3086 3680 3141 θα-

2087 3181 2597 3253 λάσσης.›Ἀντὶ’δέ
2638 3180 2766 3234 τοῦ·
2820 3201 2838 3232 ι
2889 3181 2999 3234 Καὶ
3039 3183 3291 3249 καταιγὶς
3324 3180 3678 3234 κατεπόντισέ

2093 3291 2180 3346 με,
2211 3293 2229 3326 ι
2262 3277 2290 3328 6
2317 3274 2417 3346 μέν
2432 3274 2681 3337 Ἀκύλας,
2715 3294 2733 3326 ι
2766 3275 2876 3328 Καὶ
2908 3274 3034 3345 ῥοῦς
3067 3275 3330 3327 ἐπέκλυσέ
3362 3291 3427 3344 με
3458 3289 3467 3298 ·
3507 3293 3526 3325 ι
3566 3275 3594 3326 6
3621 3271 3679 3325 δὲ

2090 3367 2406 3438 Σύμμαχος,
2444 3385 2462 3418 ι
2490 3367 2601 3419 Καὶ
2629 3364 2842 3437 ῥεῖθρον
2865 3365 3129 3419 ἐπέκλυσε
3155 3383 3275 3436 με,»
3315 3367 3674 3436 ἡρμήνευσεν.

2092 3460 2252 3524 Είκὸς
2299 3459 2407 3532 γάρ
2455 3459 2584 3530 περὶ
2631 3459 2793 3512 αὑτὸν
2825 3457 3108 3528 γεγονέναι
3161 3459 3258 3522 τάς
3298 3457 3680 3528 ἀντικειμένας

410 3553 756 3611 adversarias
802 3563 1104 3626 potestates
1166 3555 1220 3611 in
1279 3556 1516 3612 circuitu
1564 3557 1683 3626 ejus
1750 3556 1987 3622 stetisse.

2097 3553 2373 3624 δυνάμεις,
2402 3554 2513 3616 ὅτε,
2543 3552 2736 3617 ἐπιϐάς
2771 3555 2836 3624 τῇ
2874 3553 3140 3628 θαλάσσῃ,
3169 3553 3446 3626 συνέτριϐε
3476 3555 3574 3618 τάς
3599 3571 3682 3607 κε-

407 3647 630 3716 quando
661 3647 947 3718 ingressus
979 3664 1130 3704 mare
1179 3649 1448 3720 confregit
1477 3651 1655 3721 capita
1687 3649 1986 3705 draconum

411 3734 464 3786 in
499 3749 661 3804 aqua.
697 3734 962 3800 Quocirca
995 3737 1050 3792 in
1081 3738 1406 3808 praecedenti
1433 3741 1642 3808 psalmo
1668 3740 1986 3796 dicebatur:

413 3845 434 3876 ‹
480 3824 547 3879 Et
581 3825 796 3882 Domini
848 3826 1063 3885 Domini
1102 3831 1283 3886 exitus
1335 3832 1546 3886 mortis.
1607 3829 1989 3888 Verumtamen

412 3914 552 3970 Deus
579 3914 886 3987 confringet
914 3919 1090 3988 capita
1112 3919 1460 3974 inimicorum
1486 3920 1790 3976 suorum".
1825 3939 1843 3973 ι
1870 3920 1990 3976 Νοη

409 4007 554 4060 cnim
589 4009 696 4061 alio
745 4009 907 4063 modo
949 4010 1074 4064 illos
1111 4013 1304 4068 mortis
1344 4013 1526 4066 exitus
1576 4012 1986 4084 pertransisset,

410 4098 516 4154 nisi
552 4099 915 4170 confregisset
963 4099 1143 4172 capita
1198 4103 1544 4158 inimicorum
1598 4120 1845 4169 suorum,
1897 4105 1991 4174 qui

413 4193 536 4246 istic
566 4199 743 4245 erant.
787 4190 943 4256 Quod
993 4193 1040 4246 si
1070 4193 1194 4264 quis
1225 4193 1339 4248 lure
1367 4211 1432 4248 eo
1477 4194 1684 4250 dixisse
1734 4193 1990 4249 Davidem

413 4293 587 4355 putet,
616 4285 762 4356 quod
793 4285 912 4355 ipse
943 4286 997 4339 in
1026 4288 1226 4343 multas
1255 4290 1586 4344 tentationes
1615 4289 1870 4343 inciderit
1895 4329 1910 4353 ,
1945 4289 1992 4343 is

414 4377 716 4448 perpendat
740 4377 1016 4448 quomodo
1053 4380 1268 4449 possint
1317 4381 1506 4435 isthaac
1538 4380 1728 4435 Davidi
1773 4396 1992 4450 compe-

412 4479 566 4526 tere:
603 4489 621 4522 ι
657 4469 934 4525 Dederunt
961 4470 1014 4524 in
1037 4487 1224 4527 escam
1257 4489 1430 4527 meam
1464 4471 1555 4536 fcl,
1588 4480 1642 4527 et
1673 4473 1726 4525 in
1759 4471 1850 4525 siti
1874 4485 1992 4526 mea

414 4570 740 4632 potaverunt
788 4578 874 4618 me
926 4569 1121 4631 aceto;
1161 4582 1179 4614 ι
1239 4573 1333 4618 aut
1355 4564 1529 4629 illud,
1578 4584 1594 4615 ι
1634 4561 1754 4640 Fiat
1807 4579 1993 4617 mensa

411 4671 601 4710 eorum
633 4670 819 4710 coram
851 4655 987 4725 ipsis
1013 4655 1072 4709 in
1104 4655 1379 4726 laqueum,
1421 4657 1552 4720 et,in
1603 4655 1993 4710 retributiones

411 4757 460 4802 et
494 4749 549 4802 in
581 4749 921 4805 scandalum.
962 4747 1342 4804 Obscurentur
1387 4749 1530 4803 oculi
1565 4765 1755 4803 eorum
1808 4763 1877 4804 ne
1909 4748 1994 4802 vi»

411 4842 597 4904 deant,
629 4847 683 4894 et
711 4841 936 4895 dorsum
970 4855 1160 4894 eorum
1189 4855 1406 4910 semper
1437 4841 1686 4894 incurva.
1719 4860 1736 4892 ›
1767 4841 1997 4896 Caetera-

2101 3644 2275 3713 φαλάς
2301 3644 2408 3697 τῶν
2435 3644 2744 3716 δρακόντων
2774 3645 2866 3697 ἐπὶ
2890 3644 2981 3698 τοῦ
3009 3644 3220 3710 ὕδατος.
3245 3645 3337 3698 Διὸ
3381 3645 3474 3699 καὶ
3501 3648 3559 3698 ἐν
3601 3645 3680 3716 τῷ

2099 3736 2205 3808 πρὸ
2244 3736 2434 3789 τούτου
2469 3737 2687 3806 ἐλέγετο
2716 3738 2915 3809 ψαλμῷ
2943 3757 2954 3768 ·
2993 3756 3011 3790 ι
3045 3737 3155 3791 Καὶ
3187 3737 3280 3791 τοῦ
3320 3736 3526 3810 Κυρίου
3564 3739 3679 3791 Κυ-

2100 3829 2215 3901 ρίου
2246 3831 2302 3882 αἱ
2328 3828 2547 3894 διέξοδοι
2585 3830 2678 3883 τοῦ
2707 3830 2954 3884 θανάτου.
2987 3827 3132 3900 Πλὴν
3157 3831 3186 3882 6
3225 3829 3355 3894 Θεὸς
3399 3829 3681 3884 συνθλάσει

2099 3920 2339 3988 κεφαλὰς
2359 3919 2466 3972 τῶν
2490 3920 2698 3991 ἐχθρῶν
2724 3919 2912 3974 αὐτοῦ.
2963 3939 2984 3972 ›
3013 3921 3082 3973 0-:
3113 3921 3222 3992 γὰρ
3249 3919 3314 3972 ἂν
3343 3919 3516 3982 ἄλλως
3540 3918 3680 3986 διεξ-

2099 4011 2346 4083 εληλύθει
2388 4011 2486 4074 τάς
2513 4011 2775 4078 διεξόδους
2815 4011 2907 4067 τοῦ
2948 4011 3232 4083 θανάτουῆ
3263 4011 3562 4074 συνθλάσας
3583 4011 3681 4075 τάς

2101 4101 2338 4172 κεφαλάς
2363 4103 2470 4156 τῶν
2497 4102 2683 4156 αὐτόθι
2715 4102 2926 4175 ἐχθρῶν
2956 4101 3143 4158 αὐτοῦ.
3181 4102 3306 4155 Ἐὰν
3329 4102 3385 4155 δέ
3407 4120 3490 4166 τις
3513 4100 3684 4154 ταῦτα

2101 4191 2297 4266 νομίζῃ
2331 4193 2509 4260 λέγειν
2535 4193 2624 4247 τὸν
2660 4193 2822 4248 Δαυῒδ
2857 4193 2945 4248 διά
2981 4195 3042 4247 τὸ
3084 4193 3298 4256 πολλοῖς
3331 4210 3683 4267 περιπεπτω-

2101 4289 2253 4342 κέναι
2298 4290 2643 4360 πειρασμοῖς,
2691 4285 3040 4358 ἐπιστησάτω
3079 4285 3198 4349 πῶς
3233 4281 3343 4338 οἷόν
3389 4303 3448 4338 τε
3493 4281 3560 4356 ἦν
3605 4283 3685 4354 τῷ

2101 4381 2261 4435 Δαυῒδ
2295 4380 2558 4452 ἁρμόζειν
2591 4380 2651 4433 τὸ
2679 4379 2892 4448 λέγειν·
2937 4399 2954 4430 ι
2993 4379 3241 4432 Ἐδωκαν
3277 4381 3355 4443 εἰς
3397 4379 3459 4431 τὸ
3491 4377 3686 4449 βρῶμά

2105 4493 2206 4546 μου
2237 4474 2418 4546 χολὴν,
2449 4473 2541 4527 καὶ
2567 4473 2646 4536 είς
2668 4473 2766 4544 τὴν
2788 4472 2946 4542 δίψαν
2978 4488 3079 4542 μου
3109 4469 3364 4524 ἐπότισάν
3403 4488 3468 4540 με
3496 4470 3641 4536 ὅξος
3659 4489 3679 4522 ι

2101 4563 2242 4634 ἢτὸ,
2282 4581 2300 4614 ι
2337 4560 2625 4632 Γενηθήτω
2658 4563 2691 4631 η
2739 4558 2987 4632 τράπεζα
3016 4559 3197 4612 αὐτῶν
3234 4559 3465 4611 ἐνώπιον
3505 4559 3686 4613 αὐτῶν

2102 4659 2182 4719 είς
2206 4655 2407 4725 παγίδα
2447 4655 2541 4708 καὶ
2571 4656 2650 4717 είς
2676 4654 3060 4718 ἀνταποδόσεις
3107 4652 3202 4706 καὶ
3241 4651 3321 4714 εἰς
3367 4650 3686 4709 σκάνδαλον,

2104 4747 2554 4818 Σκοτισθήτωσαν
2595 4749 2642 4799 οἱ
2671 4746 2939 4817 ὀφθαλμοὶ
2971 4745 3152 4799 αὐτῶν
3185 4743 3278 4797 τοῦ
3319 4743 3395 4815 μὴ
3445 4742 3685 4814 βλέπειν.

2104 4842 2198 4894 καὶ
2235 4840 2326 4892 τὸν
2359 4839 2527 4892 νῶτον
2558 4839 2735 4892 αὐτῶν
2772 4839 2859 4892 διά
2898 4840 3099 4902 παντὸς
3134 4837 3479 4908 σύγκαμψον.
3521 4856 3538 4887 ι
3576 4836 3688 4889 Καὶ

410 4949 518 5002 que
547 4932 634 4987 his
663 4931 864 4986 similia
892 4930 939 4986 si
968 4931 1094 5002 quis
1131 4931 1238 4986 sibi
1268 4931 1571 5000 collegerit,
1606 4931 1828 4988 Davidis
1866 4949 1987 5003 pert

2097 4932 2168 4986 τά
2222 4931 2387 4985 λοιπά
2449 4931 2507 4984 δὲ
2560 4932 2769 4994 τούτοις
2815 4931 3176 5002 παραπλήσια
3230 4928 3552 4998 συναγαγών
3600 4945 3686 4992 τις

411 5038 562 5078 sonte
594 5023 910 5078 nullatenus
946 5038 1249 5093 congruere
1289 5023 1679 5092 deprehendet.
1719 5023 1987 5095 Interpre-

2100 5024 2299 5095 ἐαυτῷ,
2330 5024 2480 5095 εὖροι
2513 5025 2580 5077 ἂν
2620 5023 2872 5095 οὐδαμῶς
2909 5023 3221 5095 ἁρμόζοντα
3263 5022 3341 5094 τῷ
3382 5021 3477 5074 τοῦ
3526 5019 3688 5074 Δαυῒδ

412 5115 608 5170 talioni
640 5128 820 5170 autem
858 5115 934 5168 illi
985 5115 1052 5169 de
1083 5101 1374 5169 Sérvatore
1423 5127 1612 5171 nostro
1649 5117 1987 5173 evidentibus

2102 5116 2398 5188 προσώπῳ.
2437 5115 2546 5187 Τὴν
2577 5115 2634 5168 δέ
2674 5133 2738 5184 γε
2770 5116 2862 5168 ἐπὶ
2906 5115 2996 5168 τὸν
3036 5115 3306 5186 ἡμέτερον
3338 5114 3568 5185 Σωτῆρα
3597 5115 3689 5186 ἐρ-

412 5207 748 5276 argumentis
781 5205 940 5260 fidem
974 5205 1232 5259 conciliat
1262 5221 1545 5260 sacrorum
1581 5205 1987 5276 Evangeliorum

2104 5207 2330 5278 μηνείαν
2360 5205 2690 5260 πιστώσεται
2724 5208 3013 5277 σφραγῖσιν
3046 5205 3470 5276 ἀναμφιλέκτοις
3504 5207 3536 5276 ή
3579 5204 3686 5257 τῶν

416 5297 810 5360 testimonium,
843 5314 966 5352 cum
996 5299 1064 5352 ab
1096 5298 1258 5352 allato
1292 5297 1444 5352 Jonaa
1477 5300 1749 5368 exemplo,
1786 5309 1900 5352 tum
1929 5316 1987 5354 ex

2103 5299 2262 5370 ἱερῶν
2291 5297 2637 5367 Εὐαγγελίων
2674 5297 2972 5369 μαρτυρία,
3001 5298 3107 5350 ἀπό
3135 5315 3192 5349 τε
3219 5297 3312 5350 τοῦ
3350 5297 3689 5368 παρατεθέν-

415 5391 581 5460 hujus
624 5390 820 5462 psalmi
866 5389 1034 5455 dicto,
1090 5408 1107 5440 ι
1147 5388 1416 5456 Quoniam
1449 5390 1604 5445 zelus
1650 5390 1845 5444 domus
1893 5400 1987 5444 tuu'

2103 5409 2193 5455 τος
2225 5390 2318 5444 τοῦ
2363 5392 2517 5444 Ἰωνᾶ
2559 5390 3018 5462 παραδείγματος,
3051 5390 3145 5444 καὶ
3173 5390 3280 5442 ἀπὸ
3312 5389 3406 5442 τοῦ
3435 5387 3688 5456 λέγεσθαι

421 5483 659 5538 comedit
698 5499 808 5548 me,
849 5503 868 5536 ι
896 5483 1041 5554 quod
1071 5483 1124 5537 in
1165 5482 1458 5554 Evangelio
1497 5483 1797 5538 secundum
1830 5481 1987 5537 Joan-

2106 5485 2162 5535 ἐν
2202 5485 2314 5546 τοῖς
2348 5483 2748 5554 προκειμένοις,
2785 5501 2801 5533 ι
2837 5484 2954 5533 ’Ὁτι
2990 5484 3018 5534 6
3054 5481 3214 5550 ζῆλος
3259 5479 3353 5533 τοῦ
3393 5479 3539 5532 οίκου
3593 5495 3688 5531 σου

423 5591 570 5639 nem,
616 5575 910 5644 ipsissimis
947 5575 1126 5630 verbis
1178 5575 1458 5645 impletum
1500 5575 1850 5638 declaratur,
1905 5575 1987 5630 ubi

2106 5576 2386 5646 κατέφαγέ
2433 5591 2533 5647 με·
2572 5595 2589 5625 ι
2643 5577 2780 5646 ὅπερ
2819 5574 3094 5640 αὐτολεξεὶ
3144 5572 3564 5645 μεμαρτύρηται
3609 5574 3689 5636 είς

491 5728 708 5784 “Joan.
754 5747 812 5796 ιι,
853 5733 904 5796 6,
950 5732 997 5784 7.

423 5801 470 5846 ³³
507 5800 638 5860 ibid.
679 5802 768 5854 “2‘2.

1097 5729 1343 5785 “Matth.
1383 5746 1480 5795 xu,
1518 5731 1609 5795 '59,
1651 5731 1739 5786 40.
1839 5731 1887 5763 ’°
1906 5729 2008 5786 Job
2048 5731 2533 5816 XXXVIII,,16,17.
2629 5734 2672 5764 ⁹¹
2715 5729 2859 5787 Psal.
2904 5746 3072 5795 ιιι-ιι,
3113 5730 3202 5784 ‘21.
3319 5731 3362 5762 ”
3405 5728 3558 5792 ibid.,
3597 5727 3686 5781 23.
