4146 6390
467 330 570 383 7‘29

1598 335 2107 413 COMMENTARM
2144 341 2211 395 IN
2253 339 2588 405 PSALMOS,
3615 348 3716 402 750

464 447 627 499 αὑτὸν
674 448 1099 522 πεπληρωμένον
1140 452 1197 505 ἐν
1231 452 1307 524 τῷ
1339 452 1479 507 κατά
1514 456 1765 526 Ἰωάννην
1806 458 2025 527 Εὐαγγει

2148 460 2349 515 dicitur
2385 480 2399 515 :
2440 480 2459 512 ι
2517 460 2582 514 Et
2622 459 2865 515 ascendit
2893 460 3053 517 Jesus
3099 459 3513 533 J‘erosolymam,
3547 471 3601 516 et
3630 466 3718 519 in-

463 538 583 609 λίῳ,
608 541 666 593 ἐν
697 534 740 608 ᾧ
765 541 1101 613 γέγραπται·
1142 563 1159 595 ι
1193 545 1303 597 Καὶ
1333 546 1557 622 ἀνέϐηό
1597 548 1804 618 Ἰησοῦς
1831 551 1910 613 εἰς
1948 550 2044 603 Ἰε-

469 631 759 702 ροσόλυμα,
794 634 887 685 καὶ
915 626 1072 705 εὗρεν
1102 637 1157 689 ἐν
1186 635 1262 705 τῷ
1298 637 1426 707 ἱερῷ
1456 638 1700 709 πρόϐατα
1729 640 2042 706 πωλοῦντας

464 723 556 777 καὶ
590 722 718 793 βόας
759 725 853 776 xal.
893 728 1241 797 περιστεράς.
1279 749 1295 779 ι
1347 726 1459 781 Εἶθ’
1492 729 1567 793 ώς
1609 730 1775 801 ἤλασε
1820 731 2041 796 τούτους

464 815 664 868 εἰπών·
698 834 717 866 ι
757 816 959 886 ’Ἄρατε
981 817 1151 871 ταῦτα
1198 820 1468 885 ἐντεῦθεν,
1503 821 1578 892 μὴ
1612 825 1813 875 ποιεῖτε
1846 823 1937 877 τὸν
1966 819 2043 876 οἱ-

464 924 559 960 κον
595 907 689 960 τοῦ
736 908 949 979 Πατρός
1002 927 1102 981 μου
1146 907 1292 965 οἷκον
1331 914 1615 985 ἐμπορίου,
1655 933 1674 965 ι
1726 914 1968 984 ἐπιλέγει
2014 918 2042 968 6

463 1001 889 1077 εὐαγγελιστήςο
946 1024 964 1056 ι
1015 1006 1397 1078 Ἐμνήσθησαν
1450 1009 1499 1061 οἱ
1558 1007 1798 1078 μαθηταὶ⁹
1854 1009 2038 1075 αὐτοῦ,

462 1093 543 1146 ὅτι
576 1098 959 1169 γεγραμμένον
992 1099 1167 1153 ἐστίν·
1208 1100 1266 1152 '0
1292 1100 1449 1170 ζῆλος
1481 1099 1575 1153 τοῦ
1604 1103 1752 1154 οἴκου
1776 1117 1869 1153 σου
1916 1118 2042 1155 κατ-

459 1184 632 1255 έφαγέ
680 1206 767 1259 με.
806 1209 823 1240 ι
880 1190 1040 1244 Ἀλλά
1082 1191 1176 1244 καὶ
1226 1191 1305 1254 τὸ,
1339 1210 1358 1243 ι
1408 1192 1654 1245 Ἔδωκαν
1699 1192 1778 1254 εἰς
1847 1190 2041 1262 βρῶμά

461 1291 564 1344 μου
590 1276 771 1347 χολὴν,
796 1279 889 1332 καὶ¹
913 1282 990 1342 είς
1016 1281 1114 1348 τὴν
1141 1280 1297 1350 δίψαν
1323 1298 1423 1351 μου
1457 1281 1714 1335 ἐπότισάν
1750 1297 1815 1350 με
1849 1281 1991 1346 ὅξος,
2014 1299 2031 1331 ι

456 1365 516 1417 ἐν
548 1368 658 1429 τοῖς
687 1369 822 1437 μετὰ
854 1373 1041 1441 χεῖρας
1069 1369 1340 1440 κείμενον,
1372 1373 1435 1424 ἐκ
1477 1370 1768 1442 προσώπου
1798 1368 1891 1423 τοῦ
1928 1371 2040 1422 Σω-

454 1455 619 1527 τῆρος
672 1458 828 1529 ἡμῶν
893 1460 1314 1532 μεμαρτύρηται
1367 1462 1718 1530 λελεγμένον,
1751 1461 1891 1515 κατά
1946 1460 2037 1513 τὸν

467 1546 738 1620 Ἰωάννην,
768 1550 1032 1622 φήσαντα·
1070 1568 1087 1603 ι
1121 1552 1276 1606 Μετά
1297 1551 1471 1606 ταῦτα
1500 1551 1621 1605 ἰδὼν
1643 1553 1672 1605 6
1705 1549 1930 1621 Ἰησοῦς,
1957 1550 2036 1604 ὅτι

453 1639 632 1701 πάντα
658 1639 966 1693 τετέλεσται
993 1642 1116 1714 ήδη,
1146 1643 1235 1697 ἵνα
1262 1643 1523 1714 πληρωθῇ
1547 1646 1579 1714 ἡ
1612 1642 1822 1713 Γραφὴ,
1848 1640 1995 1710 λέγει
2019 1658 2033 1671 ·

452 1728 621 1797 Διψῶ.
665 1731 879 1803 Λεκάνη
910 1731 1086 1785 ἔκειτο
1127 1732 1281 1800 ὄξους
1313 1734 1518 1805 μεστή·
1558 1734 1795 1801 σπόγγον
1822 1727 1913 1786 οὖν
1950 1748 2038 1801 με·

2149 551 2299 604 νεηίι
2328 552 2382 604 in
2420 552 2622 620 templo
2654 551 2949 606 vendentes
2985 562 3115 607 oves
3147 558 3201 607 et
3233 552 3399 607 boves
3428 562 3478 606 et
3506 554 3717 608 colum-

2150 642 2269 698 bas.
2306 662 2325 695 ι
2358 642 2562 698 Deinde
2582 654 2866 714 postquam
2896 644 3147 714 ejecisset
3168 658 3264 700 eos
3291 645 3515 699 dicens:
3551 664 3570 697 ‹
3607 648 3721 700 Au-

2150 733 2286 789 ferte
2322 736 2425 790 ista
2462 735 2630 802 hinc;
2667 735 2837 791 nolite
2876 735 3058 791 facere
3113 735 3333 791 domum
3385 736 3565 793 Patris
3612 740 3718 797 mei

2148 826 2368 883 domum
2417 828 2820 896 negotiationis,
2852 847 2870 879 ι
2900 827 3086 882 suhdit
3136 828 3511 897 evangelista:
3551 847 3570 879 ι
3613 828 3719 883 Re-

2149 914 2356 968 cordati
2383 924 2511 969 sunt
2531 915 2780 984 discipuli
2806 917 2923 985 ejus
2953 917 3079 984 quia
3108 917 3369 986 scriptum
3395 926 3479 973 est
3508 938 3520 973 :
3557 918 3717 976 Zelus

2148 998 2343 1057 domus
2396 1010 2502 1058 tua:
2550 1004 2787 1058 comedit
2839 1018 2926 1058 me
2946 1004 3010 1060 “.
3076 1024 3096 1055 ι
3155 1005 3261 1060 Sed
3325 1006 3489 1061 etiam
3540 1008 3712 1072 illud,

2153 1112 2171 1145 ι
2209 1094 2485 1149 Dederunt
2516 1096 2570 1149 in
2602 1111 2784 1151 eseam
2819 1112 2995 1151 meam
3020 1096 3112 1163 fel,
3151 1106 3205 1151 et
3236 1099 3290 1151 in
3334 1098 3425 1153 siti
3455 1114 3575 1153 mea
3618 1114 3718 1170 po-

2148 1192 2403 1239 taverunt
2436 1201 2521 1240 me
2548 1194 2725 1249 aceto,
2762 1205 2781 1238 ι
2823 1187 2968 1255 quod
3002 1187 3059 1240 in
3092 1187 3194 1241 hoc
3223 1188 3434 1257 psalmo
3460 1189 3711 1254 habetur,

2145 1291 2210 1330 ex
2243 1292 2475 1347 persona
2505 1275 2805 1332 Salvatoris
2835 1278 3230 1332 nostridictum
3261 1279 3590 1343 declaratur,
3623 1297 3709 1335 se-

2144 1367 2383 1421 cundum
2421 1364 2705 1429 Joannem,
2752 1368 2846 1437 qui
2897 1368 2973 1421 ait
3003 1386 3016 1420 :
3051 1388 3069 1419 ι
3108 1367 3301 1424 Postea
3334 1370 3526 1425 videns
3555 1370 3715 1431 Jesus

2142 1458 2268 1527 quia
2318 1459 2500 1512 omnia
2531 1466 2908 1514 consummata
2941 1468 3089 1524 sunt,
3125 1468 3185 1515 ut
3216 1461 3531 1530 impleretur
3566 1460 3716 1517 Scri-

2141 1556 2322 1617 ptura,
2345 1548 2485 1602 dixit
2515 1568 2529 1604 :
2565 1547 2723 1604 Sitio.
2746 1547 2855 1603 Vas
2880 1558 2997 1604 erat
3023 1552 3257 1620 positum
3289 1560 3442 1608 aceto
3473 1554 3710 1622 plenum.

2141 1636 2224 1691 Illi
2264 1644 2443 1691 autem
2480 1639 2762 1708 spongiam
2797 1638 3012 1708 plenam
3061 1648 3217 1696 aceto
3247 1656 3370 1695 cum
3414 1641 3538 1697 felle
3585 1644 3714 1714 hys-

2142 1744 2275 1798 s0po
2327 1730 2844 1800 circumponentes,
2890 1733 3207 1790 obtulerunt
3249 1735 3331 1789 ori
3386 1734 3524 1804 ejus.
3575 1734 3711 1795 Cum

453 1821 574 1873 στὸν
622 1823 945 1893 ποιήσαντες
984 1824 1138 1889 ὄξους
1194 1826 1329 1896 μετά
1374 1825 1556 1896 χολῆς,
1594 1825 1831 1894 ὑσσώπῳ
1875 1840 2025 1893 περι-

2130 1835 2257 1890 ergo
2302 1821 2603 1891 accepisset
2654 1820 2816 1877 Iesus
2869 1832 3082 1878 acetum
3139 1840 3264 1879 cum
3317 1825 3479 1893 felle,
3531 1828 3710 1888 dixit;

451 1913 654 1979 θέντες,
703 1918 1086 1987 προσήνεγκαν
1136 1919 1303 1979 αὑτοῦ
1348 1919 1424 1989 τῷ
1469 1920 1715 1989 στόματι.
1767 1917 1893 1970 Ὅτε
1940 1911 2034 1969 οὖν

448 2007 637 2062 ἔλαϐεν
684 2010 713 2062 6
761 2009 969 2080 Ἰησοῦς
1012 2012 1073 2064 τὸ
1113 2010 1233 2076 ὅξος
1269 2011 1408 2083 μετά
1439 2012 1624 2082 χολῆς,
1665 2006 1784 2063 εἶπε
1809 2027 1823 2040 ο
1871 2007 2035 2061 Τετέ-

447 2100 632 2156 λεσται
687 2104 783 2157 καὶ
826 2103 963 2175 αὕτη
1008 2107 1041 2175 ἠ
1088 2106 1301 2178 Γραφὴ,
1340 2124 1358 2157 ι
1402 2106 1496 2160 καὶ
1529 2104 1597 2158 τά
1643 2103 1804 2157 λοιπά
1846 2103 1902 2155 δέ
1956 2103 2034 2163 είς

2139 1911 2534 1967 Consummata
2563 1923 2647 1968 est
2674 1922 2727 1968 et
2756 1916 2873 1969 haec
2923 1914 3207 1987 Scriptura
3229 1920 3296 1982 ’⁵,
3337 1938 3357 1969 ι
3408 1928 3464 1974 ει
3514 1927 3712 1977 εωιετδ

2139 2019 2262 2074 quae
2288 2004 2355 2057 ad
2382 2020 2672 2074 personam
2708 2005 3019 2063 Servatoris
3065 2011 3239 2065 nostri
3269 2012 3582 2067 referuntur
3613 2032 3628 2081 ;
3658 2020 3713 2072 ct

2139 2097 2257 2151 sine
2285 2098 2394 2150 ulla
2430 2098 2691 2152 violentia
2722 2099 3230 2170 interpretationem
3262 2103 3404 2158 hanc
3430 2112 3654 2159 tuentur

446 2194 744 2264 πρόσωπσν
785 2193 879 2248 τοῦ
926 2187 1178 2268 Σωτῆρος
1221 2197 1377 2268 ήμῶν
1416 2198 1815 2269 ἀναφερόμενα,
1862 2196 2023 2261 σώζοι
2049 2191 2369 2248 ἀναὸίαστον
2403 2190 2478 2264 (1)
2516 2193 2612 2263 τὴν
2643 2194 2957 2264 ἑρμηνείαν.

521 2306 540 2338 ι
564 2286 862 2342 Ἐκοπίασα
907 2289 1149 2360 κράζων,
1203 2290 1568 2363 ἐϐραγχίασεν
1607 2296 1635 2346 6
1662 2293 1867 2365 λάρυγξ
1902 2310 2027 2363 μου,

446 2379 692 2447 ἐξέλιπον
735 2383 783 2434 οἱ
824 2382 1094 2454 ὀφθαλμοί
1138 2402 1239 2455 μου
1280 2386 1388 2439 ἀπὸ
1421 2386 1514 2439 τοῦ
1558 2385 1797 2450 ἐλπίζειν
1838 2403 1904 2457 με
1950 2387 2030 2449 εἰς

445 2470 534 2525 τὸν
572 2471 703 2525 Θεόν
740 2490 863 2543 μου.
905 2493 923 2525 ι
991 2475 1102 2528 Kal.
1140 2475 1314 2530 ταῦτα
1360 2478 1418 2530 ἐν
1461 2476 1541 2548 τῷ
1586 2478 1727 2531 κατὰ
1778 2477 2027 2548 Ἰωάννην

444 2561 745 2633 ἐπληροῦτο
776 2564 1094 2635 Εὑαγγελίῳ
1117 2583 1130 2596 ·
1177 2568 1234 2621 ἐν
1273 2560 1317 2635 ᾧ
1347 2569 1591 2639 εἱστήκει
1628 2571 1656 2622 6
1700 2568 1905 2641 Ἰησοῦς
1938 2569 2029 2622 καὶ

444 2651 642 2724 ἔκραζε
685 2655 896 2724 λέγων’
940 2676 958 2708 ι
1000 2659 1123 2724 Ἐάν
1169 2677 1263 2723 τις
1298 2660 1453 2732 διψᾷ,
1502 2661 1745 2733 ἐρχέσθω
1786 2662 1923 2733 πρὸς
1957 2661 2026 2732 μὲ

444 2746 539 2799 καὶ
570 2745 801 2801 πινέτω·
828 2768 846 2800 ι
883 2745 1038 2813 αὖθις
1075 2750 1132 2803 δὲ
1165 2751 1401 2823 εἴρηται·
1444 2772 1462 2803 ι
1508 2753 1714 2825 Ἰησοῦς
1744 2753 1801 2806 δὲ
1827 2753 2025 2825 ἐκραζε

443 2839 537 2892 καὶ
586 2839 802 2909 ἐλεγενο
852 2842 911 2895 Ὀ
951 2843 1218 2897 πιστεύων
1264 2847 1343 2909 εἰς
1391 2845 1492 2917 ἐμὲ
1544 2846 1605 2899 οὐ
1656 2845 1901 2899 πιστεύει
1947 2846 2026 2910 εἰς

442 2932 564 3004 ἐμὲ,
613 2933 726 2987 ἀλλ’
759 2936 837 2997 είς
878 2935 969 2988 τὸν
1010 2935 1304 3006 πέμψαντά
1347 2954 1433 3007 με.
1470 2938 1578 2991 Καὶ
1612 2939 1640 2991 6
1673 2937 1891 3010 θεωρῶν
1925 2939 2025 3010 ἐμὲ

2209 2286 2372 2341 Vsus.
2408 2287 2464 2352 4,
2498 2287 2550 2342 5.
2598 2307 2617 2339 ι
2663 2288 2934 2344 Laboravi
2986 2291 3258 2357 clamans,
3311 2306 3492 2348 raucae
3551 2295 3710 2350 facta:

2134 2397 2265 2439 sunt
2316 2384 2504 2440 fauces
2540 2400 2695 2450 mea},
2727 2384 3050 2441 defecerunt
3082 2386 3225 2442 oeuli
3257 2389 3361 2444 mei
3394 2388 3521 2443 dum
3547 2406 3710 2460 spero

2131 2476 2186 2529 in
2218 2475 2386 2531 Deum
2422 2492 2621 2531 meum.
2651 2496 2669 2527 ι
2703 2476 2826 2532 Haec
2850 2492 3067 2548 quoque
3105 2480 3159 2532 in
3186 2478 3478 2550 Evangelio
3510 2496 3711 2535 secun-

2134 2567 2264 2622 dum
2298 2567 2561 2623 Joannem
2597 2570 2820 2640 impleta
2869 2570 3138 2634 feruntur,
3170 2574 3389 2642 quando
3418 2574 3595 2627 stabat
3620 2574 3711 2629 Je-

2133 2677 2229 2717 sus
2261 2668 2315 2716 et
2345 2661 2430 2717 his
2455 2661 2637 2717 verbis
2672 2662 2946 2717 clamabat
2977 2684 2989 2718 :
3027 2683 3045 2715 ι
3086 2664 3141 2718 Si
3176 2664 3301 2735 quis
3350 2666 3487 2731 sitit,
3523 2667 3710 2722 veniat

2134 2751 2200 2806 ad
2232 2767 2319 2807 me
2353 2762 2406 2806 et
2443 2752 2595 2807 bibat
2620 2754 2688 2808 ⁸⁸.
2724 2774 2742 2806 ›
2776 2753 2992 2811 Rursus
3044 2772 3263 2826 quoque
3308 2757 3515 2812 dictum
3568 2764 3656 2813 est
3689 2776 3704 2814 :

2140 2856 2169 2893 t‘
2200 2841 2362 2900 Jesus
2395 2853 2575 2897 autem
2610 2844 2883 2899 clamabat
2914 2853 2969 2901 et
2989 2846 3197 2901 dicebat
3232 2866 3244 2901 :
3284 2846 3387 2913 Qui
3438 2849 3607 2903 credit
3651 2848 3709 2907 in

2134 2949 2243 2998 me,
2272 2950 2380 2989 non
2415 2935 2593 2990 credit
2623 2935 2679 2989 in
2713 2952 2819 3003 me,
2845 2937 2940 2992 sed
2965 2938 3019 2991 in
3043 2953 3167 2993 eum
3200 2939 3289 3011 qui
3314 2955 3399 2993 me
3444 2939 3613 2993 misit.
3638 2939 3708 2994 Et

442 3024 637 3097 θεωρεῖ
666 3026 756 3079 τὸν
791 3027 1085 3098 πέμψαντά
1127 3046 1213 3100 με.
1257 3028 1398 3098 Ἐγὼ
1425 3030 1539 3099 φῶς
1570 3033 1652 3094 είς
1693 3030 1785 3083 τὸν
1819 3030 2022 3101 κόσμον

2131 3023 2222 3093 qui
2255 3023 2399 3077 videt
2428 3039 2534 3087 me,
2566 3025 2715 3080 videt
2748 3041 2874 3079 eum
2908 3027 3003 3095 qui
3032 3027 3181 3081 misit
3221 3044 3326 3082 me.
3356 3026 3467 3097 Ego
3517 3028 3608 3080 lux
3646 3027 3706 3083 in

441 3115 704 3190 ἐλήλυθα,
738 3118 823 3172 ἵνα
866 3121 972 3182 πᾶς
1004 3122 1032 3173 6
1066 3121 1339 3174 πιστεύων
1370 3123 1449 3185 εἰς
1482 3123 1581 3193 ἐμὲ
1625 3125 1683 3176 ἐν
1728 3124 1792 3194 τῇ
1833 3122 2023 3195 σκοτίᾳ

443 3209 519 3282 μὴ
575 3212 753 3284 μείνῃ.
785 3233 802 3264 ι
846 3213 957 3266 Καὶ
1006 3213 1098 3266 ἐπὶ
1132 3212 1224 3266 τοῦ
1254 3213 1507 3286 Λαζάρου
1553 3214 1609 3267 δὲ
1654 3215 1863 3288 ἐπάρας
1895 3216 2021 3278 τοὺς

438 3299 750 3373 ὀφθαλμοὺς
791 3302 957 3355 αὐτοῦ
1002 3305 1082 3367 εἰς
1126 3304 1220 3360 τὸν
1262 3290 1502 3374 οὐρανὸν
1546 3301 1694 3358 εἷπε·
1754 3324 1773 3356 ι
1814 3306 2017 3376 Πάτερ,

440 3396 745 3467 εὐχαριστῶ
779 3410 881 3460 σοι,
918 3397 1000 3449 ὄτι
1033 3396 1274 3467 ἤκουσάς
1310 3413 1432 3465 μου.
1481 3396 1621 3464 Ἐγὼ
1653 3396 1709 3450 δὲ
1743 3396 1909 3468 ᾔδειν,
1938 3398 2018 3449 ὅτι

438 3486 671 3541 πάντοτέ
707 3505 807 3558 μου
842 3487 1079 3551 ἀκούεις.
1128 3488 1239 3542 Kal.
1284 3488 1457 3542 ταῦτα
1502 3487 1691 3551 εἰπὼν,
1735 3492 1884 3559 φωνῇ
1923 3505 2021 3559 με-

439 3578 581 3649 γάλῃ
624 3578 969 3651 ἐκραύγασε’
1023 3581 1261 3651 Λάζαρε,
1308 3579 1466 3651 δεῦρο
1513 3580 1635 3647 ἔξω.
1672 3599 1690 3632 ι
1737 3580 1894 3634 Ἀλλά
1925 3581 2018 3634 καὶ

438 3673 560 3724 κατ’
588 3671 719 3724 αὐτὸ
746 3671 806 3723 τὸ
834 3670 1003 3734 πάθος
1034 3673 1235 3742 ἱστορεῖ
1262 3673 1289 3725 ὁ
1312 3671 1590 3735 Ματθαῖος
1615 3672 1815 3741 λέγων·
1857 3672 2020 3726 (Ἀπὸ

437 3761 495 3816 δὲ
536 3763 701 3835 ἕκτης
730 3762 877 3833 ὧρας
930 3763 1118 3827 σκότος
1165 3762 1380 3831 ἐγένετο
1435 3764 1527 3816 ἐπὶ
1572 3765 1752 3818 πᾶσαν
1779 3766 1878 3836 τὴν
1916 3767 2019 3838 γῆν

438 3854 543 3919 ἕως
571 3854 719 3927 ὧρας
748 3856 959 3926 ἐνάτης.
995 3854 1130 3926 Περὶ
1158 3855 1214 3907 δὲ
1243 3854 1341 3925 τὴν
1374 3856 1568 3925 ἐνάτην
1593 3854 1762 3927 ὥραν,
1798 3857 2020 3929 ἀνεϐόη-

441 3964 532 4001 σεν
586 3950 616 4000 6
656 3946 860 4018 Ἰησοῦς
914 3949 1063 4018 φωνῇ
1125 3947 1334 4019 μεγάλῃ
1384 3947 1589 4016 λέγων·
1639 3948 1807 4014 Ἠλεὶ,
1851 3948 2015 4015 Ἠλεὶ,

437 4039 601 4111 Λαμά
633 4039 985 4110 Σαϐαχθανεί.
1014 4058 1032 4091 ι
1068 4040 1201 4092 Τότε
1230 4040 1326 4110 μὲν
1354 4036 1447 4093 οὖν
1480 4038 1653 4094 συνὼν
1688 4041 2017 4113 ἀνθρώποις,

440 4129 647 4193 πάντας
691 4128 828 4199 βοῶν
856 4128 1157 4200 παρεκάλει
1187 4130 1342 4200 ήκειν
1373 4129 1467 4183 καὶ
1503 4130 1751 4183 σπεύδειν
1797 4133 1889 4184 ἐπὶ
1919 4131 2017 4202 τὴν

436 4219 600 4273 αὐτοῦ
645 4220 1021 4274 διδασκαλίαν·
1081 4220 1173 4273 καὶ
1216 4219 1306 4274 τὸν
1354 4224 1671 4293 τεταρταῖον
1720 4222 1776 4275 δὲ
1826 4223 2017 4298 νεκρὸν

442 4310 577 4379 μετά
620 4310 860 4382 μεγάλης
900 4310 1213 4365 ἀνεκαλεῖτο
1254 4312 1522 4382 κραυγῆς.
1574 4313 1732 4367 Ἀλλά
1764 4315 1857 4367 καὶ
1888 4315 2016 4386 περὶ

2130 3116 2396 3170 mundum
2423 3116 2568 3180 veni,
2602 3123 2662 3170 ut
2700 3116 2881 3172 omnis
2904 3119 2999 3187 qui
3033 3118 3205 3174 credit
3239 3118 3293 3171 in
3324 3135 3428 3183 me,
3467 3119 3521 3173 in
3546 3126 3700 3174 tene-

2128 3206 2242 3263 bris
2266 3221 2374 3261 non
2395 3208 2691 3261 maneat".
2723 3227 2741 3279 ρ
2776 3208 2835 3262 Ει
2865 3224 3026 3279 super
3044 3208 3306 3263 Lazarum
3341 3210 3561 3266 elevatis
3581 3226 3706 3265 ocu~

2131 3298 2199 3352 lis
2220 3299 2335 3354 suis
2385 3299 2440 3352 in
2484 3300 2683 3353 ecelum
2724 3300 2906 3355 dixit:
2948 3319 2967 3351 ι
3003 3300 3185 3365 Pater,
3228 3304 3430 3371 gratias
3479 3319 3579 3374 ago
3602 3305 3700 3359 tibi

2129 3392 2258 3461 quia
2293 3391 2492 3446 audisti
2522 3406 2630 3446 me.
2659 3390 2772 3463 Ego
2803 3400 2982 3446 autem
3033 3394 3272 3447 sciebam
3326 3396 3453 3464 quia
3485 3411 3703 3467 semper

2127 3496 2215 3537 me
2240 3482 2416 3538 audis.
2450 3482 2659 3538 Etcum
2684 3484 2799 3539 hare
2827 3484 3075 3551 dixisset,
3107 3500 3241 3539 voce
3265 3500 3460 3556 magna
3497 3488 3702 3541 clama-

2126 3575 2204 3629 vit
2242 3592 2254 3626 :
2290 3573 2515 3640 Lazare,
2567 3576 2686 3631 veni
2742 3576 2975 3632 foras”.
3019 3597 3037 3628 ι
3076 3574 3182 3631 Sed
3241 3579 3404 3631 etiam
3462 3578 3529 3633 de
3579 3579 3701 3649 ipso

2127 3668 2402 3736 passionis
2424 3676 2670 3739 tempore
2699 3668 2814 3727 lucc
2832 3674 3023 3722 narrat
3054 3670 3339 3723 Matthaeus
3370 3690 3383 3723 :
3420 3689 3437 3720 ι
3478 3671 3521 3723 Α
3545 3679 3701 3727 sexta

2090 3788 2092 3790 τ
2126 3767 2307 3813 autem
2344 3760 2477 3814 hora
2511 3763 2748 3815 tenebrae
2792 3761 2951 3815 factm
3009 3767 3137 3817 sunt
3184 3776 3349 3831 super
3388 3763 3697 3823 universam

2125 3857 2327 3905 terram
2378 3867 2553 3921 usque
2607 3851 2673 3905 ad
2705 3853 2893 3906 horam
2938 3868 3159 3907 nonam.
3210 3851 3275 3905 Et
3304 3853 3452 3906 circa
3507 3854 3697 3908 horam

2124 3956 2323 3995 nonam
2371 3943 2626 3997 clamavit
2671 3942 2834 3999 Jesus
2888 3960 3021 3999 voce
3075 3959 3271 4011 magna
3306 3944 3495 3998 dicens
3534 3961 3547 3998 :
3587 3942 3695 4011 Eli,

2125 4032 2228 4095 Eli,
2261 4029 2424 4087 Lama
2468 4033 2839 4089 Sabachthani
2866 4036 2933 4090 θ’.
2976 4056 2994 4088 ι
3036 4032 3190 4090 Τυιιε
3243 4036 3425 4105 itaque
3449 4052 3571 4091 cum
3598 4037 3701 4092 ho.

2124 4125 2365 4182 minibus
2424 4126 2648 4197 degens,
2700 4128 2986 4183 clamando
3041 4143 3232 4183 omnes
3285 4129 3695 4197 cohortabatur,

2125 4224 2187 4271 ut
2216 4218 2463 4273 venirent
2505 4227 2951 4290 maturarentq‘ue
2996 4218 3063 4272 ad
3100 4219 3222 4289 ejus
3256 4220 3558 4274 doctrinam
3594 4239 3610 4277 τ
3643 4230 3697 4279 et

2124 4305 2554 4375 quatriduanum
2588 4314 2863 4361 mortuum
2913 4308 3154 4362 clamore
3186 4324 3385 4378 magno
3410 4310 3694 4366 evocabat.

436 4399 533 4471 τὴν
565 4401 758 4474 ἐνάτην
792 4381 940 4475 ώραν
971 4402 1066 4456 τοῦ
1100 4401 1303 4466 πάθους
1334 4403 1530 4457 ἀνεϐόα
1563 4408 1714 4476 φωνῇ
1767 4381 2009 4483 μεγά)εῄ’

2130 4396 2229 4453 Sed
2263 4399 2426 4453 etiam
2462 4400 2608 4453 circa
2639 4415 2839 4453 nonam
2864 4399 3137 4469 passionis
3177 4400 3391 4464 horam,
3424 4402 3697 4457 clamabat

437 4494 530 4546 καὶ
579 4494 718 4564 μετὰ
771 4493 946 4547 ταῦτα
988 4494 1183 4547 πάλινο
1247 4513 1266 4546 ι
1296 4493 1521 4564 Κράξας
1570 4498 1719 4566 φωνῇ
1779 4494 2010 4569 μεγάλῃ,

435 4586 614 4654 ἀφῆκε
658 4586 720 4637 τὸ
762 4585 997 4656 πνεῦμα.
1059 4585 1170 4639 Καὶ
1218 4585 1327 4638 ἰδοὺ
1377 4585 1438 4638 τὸ
1478 4587 1872 4656 καταπέτασμα
1917 4585 2011 4638 τοῦ

434 4676 561 4731 ναοῦ
590 4677 810 4748 ἐσχίσθη
833 4678 912 4740 είς
935 4676 1047 4740 δύο,
1074 4678 1166 4729 κοιλ¹
1194 4677 1226 4747 ἡ
1250 4677 1322 4748 γῆ
1345 4677 1585 4749 ἐσείσθη,
1611 4679 1704 4731 καὶ
1730 4680 1785 4729 αἱ
1815 4678 2011 4749 πέτραι

436 4769 770 4839 ἐρῤάγησαν,
805 4768 900 4821 καὶ
937 4767 1004 4820 τὰ
1034 4772 1270 4838 μνημεῖα
1298 4767 1668 4839 ἀνεῴχθησαν,
1707 4769 1800 4822 καὶ
1844 4770 2012 4824 πολλὰ

437 4856 663 4928 σώματα
703 4858 811 4911 τῶν
849 4860 1268 4929 κεκοιμημένων
1312 4860 1481 4928 ἁγίων
1520 4860 1830 4931 ἠγέρθησαν
1855 4878 1866 4891 ο
1891 4881 1907 4912 ι
1947 4861 2016 4915 τά

434 4950 673 5004 τοσαῦτα
715 4951 811 5021 τῆς
849 4951 1089 5023 μεγάλης
1128 4948 1292 5004 αὐτοῦ
1329 4950 1515 5019 φωνῆς
1564 4952 1805 5021 ἐνεργεῖν
1854 4950 2015 5003 δυνα-

438 5039 627 5111 μένης.
666 5041 729 5094 Εἰ
758 5040 815 5093 δέ
843 5040 1152 5111 ἐπιστήσειε
1199 5056 1303 5102 τις,
1348 5040 1424 5103 ὡς
1470 5040 1527 5107 ἐξ
1567 5041 1776 5093 ἐκείνου
1814 5042 1906 5093 καὶ
1934 5042 2015 5103 εἰς

433 5132 594 5204 δεῦρο
634 5132 756 5185 καθ’
791 5132 920 5203 ὅλης
952 5133 1052 5202 τῆς
1084 5132 1385 5203 ἀνθρώπων
1430 5134 1756 5204 οἰκουμένης
1794 5134 1850 5183 ἐν
1892 5136 2013 5195 ταῖς

434 5224 753 5295 ἐκκλησίαις
804 5224 968 5279 αὐτοῦ
1020 5224 1138 5295 βοᾷ,
1195 5224 1445 5278 σπεύδειν
1496 5225 1587 5278 ἐπὶ
1643 5226 1702 5278 τὸ
1751 5224 2012 5288 ζωοποιὸν

435 5315 598 5369 αὐτοῦ
633 5318 784 5387 πόμα
808 5316 1159 5387 παρακαλῶν,
1188 5315 1281 5369 καὶ
1309 5316 1435 5378 τοὺς
1466 5318 1585 5379 ταῖς
1618 5315 1753 5387 πρὸς
1787 5315 2012 5369 θάνατον

433 5406 732 5476 ἁμαρτίαις
806 5404 1245 5476 νενεκρωμένους
1306 5404 1747 5473 ἀνακαλούμενος
1773 5420 1785 5433 ·
1834 5402 1910 5473 τῷ
1952 5420 2011 5455 τε

2116 4505 2247 4545 voce
2277 4506 2473 4560 magna
2505 4510 2517 4553 :
2562 4505 2626 4545 ac
2668 4500 2855 4561 postea
2915 4507 3136 4546 rursum
3177 4510 3190 4546 :
3223 4510 3241 4541 ι
3273 4491 3531 4547 Clamans
3562 4508 3697 4547 voco

2121 4596 2340 4651 magna,
2372 4583 2555 4637 emisit
2578 4582 2854 4652 spiritum.
2887 4583 2955 4637 Et
2984 4598 3112 4638 ecce
3137 4583 3310 4637 velum
3345 4583 3526 4653 templi
3552 4584 3697 4637 scis-

2125 4689 2246 4727 sum
2276 4675 2437 4729 estin
2460 4675 2589 4738 duo,
2626 4682 2682 4729 et
2711 4682 2856 4729 terra
2884 4683 3031 4729 mota
3079 4683 3185 4740 est,
3224 4684 3279 4731 et
3306 4689 3468 4745 petrre
3509 4677 3696 4731 Scissa

2121 4775 2269 4831 sunt,
2302 4775 2355 4821 et
2386 4776 2739 4823 monumenta
2765 4776 2951 4838 aperta
2980 4776 3128 4831 sunt,
3156 4777 3209 4823 et
3258 4770 3425 4822 multa
3459 4783 3695 4838 corpora

2124 4866 2440 4911 sanctorum
2468 4859 2559 4927 qui
2607 4860 2945 4913 dormierunt
2976 4868 3396 4914 resurrexerunt
3431 4862 3469 4914 ί.
3511 4878 3530 4911 ι
3567 4858 3693 4913 Ηίεο

2074 5014 2079 5021 ,
2123 4950 2333 5007 scilicet
2364 4965 2557 5020 magna
2590 4952 2761 5022 ipsius
2794 4968 2899 5007 vox
2953 4954 3115 5006 edere
3175 4960 3407 5021 poterat.
3443 4952 3598 5017 Quod
3647 4954 3693 5008 si

2117 5039 2240 5108 quis
2262 5039 2570 5094 consideret
2604 5041 2697 5109 qui
2747 5042 2816 5094 ab
2844 5041 2937 5094 illo
2980 5042 3048 5094 ad
3106 5042 3209 5094 hoc
3255 5057 3427 5111 usque
3477 5049 3693 5110 tempus

2119 5147 2215 5199 per
2243 5138 2418 5185 totum
2443 5133 2630 5187 orbem
2680 5134 2734 5186 in
2777 5132 3029 5187 ecclesiis
3058 5135 3173 5188 suis
3197 5134 3312 5203 ipse
3342 5134 3560 5198 clamet,
3598 5149 3694 5187 co—

2119 5221 2349 5278 hortans
2380 5224 2627 5293 singulos
2672 5232 2731 5277 ut
2774 5232 3050 5278 maturent
3105 5227 3169 5278 ad
3208 5226 3481 5279 vivillcum
3514 5225 3691 5294 ipsius

2120 5320 2339 5382 potum;
2376 5328 2440 5367 ac
2492 5329 2757 5369 revocans
2810 5314 2931 5368 illos
2971 5315 3064 5383 qui
3097 5316 3420 5369 mortalibus
3454 5316 3692 5383 peccatis

2118 5408 2374 5461 exstint-a
2430 5415 2590 5474 sunt;
2644 5406 2830 5461 audiat
2884 5408 3014 5461 item
3065 5408 3387 5462 clamantem
3436 5408 3693 5478 passione

505 5561 553 5594 θ’
588 5560 745 5615 Joan.
775 5558 1050 5630 11,1547.
1120 5559 1169 5630 79f
1207 5557 1365 5630 Joan.
1392 5556 1748 5630 maga-72:50.
1826 5558 1871 5589 ³⁸
1910 5557 2025 5612 Joal

2130 5577 2206 5626 nt,
2248 5562 2338 5616 57.
2416 5563 2459 5593 ⁹⁷
2499 5560 2655 5617 Joan.
2689 5578 2788 5627 ιιι,
2831 5561 3019 5617 64-46.
3097 5562 3143 5595 ⁸³
3181 5562 3337 5618 Joan.
3382 5578 3458 5630 ιι,
3499 5563 3685 5621 Μ-Ᾱᾶ.

436 5634 481 5665 ”
523 5631 712 5685 Matth.
754 5647 925 5694 xxvii,
964 5629 1054 5694 45,
1103 5628 1191 5683 46.
1272 5631 1287 5660 ⁸
1333 5629 1479 5691 ibid.
1533 5626 1711 5681 ἔνθ-Ὦ.

511 5744 586 5815 (l)
620 5743 790 5806 Σώζοι
823 5745 1204 5799 ἀναϐιάστον.
1236 5742 1396 5799 Forte
1426 5741 1588 5807 σώζει
1617 5742 2025 5813 ἀκαταὸίαστονλ

2130 5742 2156 5796 :1
2188 5740 2460 5799 ἁϐίαστον.
2497 5737 2653 5795 Enn.
