4128 6392
410 338 506 393 751

1104 334 1374 391 EUSEBII
1409 332 1882 391 CESARIENSIS
1918 332 2067 388 OPP.
2110 332 2289 387 PARS
2325 332 2500 387 lll.—
2539 325 2945 383 EXEGETICA.

3558 321 3668 378 Ἴδε

408 467 508 507 sua
540 454 607 508 ad
647 462 818 508 totum
854 453 1060 517 orbem,
1090 452 1264 521 magis
1286 466 1448 522 quam
1475 459 1606 505 tunc
1638 450 1705 505 ad
1738 449 1979 513 Sionem,

2090 451 2346 521 βοωμένῳ
2398 446 2562 502 αὑτοῦ
2623 444 2783 498 πάθει
2834 442 2933 510 τὴν
2992 436 3282 508 σύμπασαν
3339 436 3661 507 οἰκουμένην

412 547 683 617 siquidem
721 566 739 598 ‹
784 548 837 600 in
879 561 1098 600 omnem
1131 554 1335 600 terram
1364 545 1531 599 exivit
1559 560 1729 599 sonus
1772 559 1984 607 eorum,

411 647 469 694 et
500 640 554 692 in
587 639 720 693 fines
765 638 915 693 orbis
967 646 1129 692 terrae
1181 639 1344 692 verba
1395 653 1585 693 eorum
1614 639 1671 703 ’;
1699 656 1717 688 ι
1753 638 1801 692 is
1856 651 1990 690 sane

412 730 551 784 sciet
584 744 683 782 cur
728 728 782 782 in
825 728 1083 798 praasenti
1106 745 1169 783 ex
1201 729 1321 797 ejus
1366 744 1600 797 persona
1630 727 1837 782 dictum
1870 728 1942 781 sil.
1971 740 1985 776 :

419 822 739 876 «Laboravi
806 822 1074 882 clamans,
1125 837 1306 875 rauca:
1378 820 1533 874 facta:
1603 828 1733 875 sunt
1804 818 1989 873 fauces

413 930 566 968 meae.
608 934 626 965 ι
655 912 788 966 Nam
822 914 974 967 vocis
1008 913 1129 982 ejus
1191 913 1651 981 perseverantiam
1710 911 1795 965 his
1847 910 1989 964 indi-

412 1015 518 1059 cat.
557 1005 675 1059 Non
713 1006 857 1059 enim
893 1021 1016 1058 cum
1048 1008 1216 1060 semel
1243 1008 1537 1061 clamasset
1560 1005 1861 1070 abscessit;
1893 1002 1990 1057 sed

413 1113 631 1166 semper
676 1098 1072 1167 discipulorum
1120 1114 1252 1151 voce
1310 1099 1509 1151 clamat
1559 1105 1613 1150 et
1647 1096 1712 1150 ad
1744 1096 1987 1149 omnium

412 1190 624 1241 animas
654 1188 990 1242 vociferatur
1026 1207 1037 1241 :
1068 1203 1284 1258 semper
1332 1191 1459 1243 item
1526 1188 1593 1241 ad
1636 1184 1850 1240 Patrem
1884 1187 1990 1240 cla-

412 1290 525 1332 mat
542 1295 639 1346 pro
672 1280 739 1334 iis
762 1280 854 1349 qui
892 1281 944 1333 in
966 1282 1145 1350 ipsum
1180 1279 1553 1334 crediderunt.
1587 1279 1767 1343 Quare
1789 1276 1987 1332 deinde

414 1370 693 1440 subjungit
728 1386 740 1420 :
783 1389 801 1421 1
844 1369 1169 1426 Defecerunt
1214 1371 1360 1425 oculi
1401 1371 1505 1425 mei
1534 1371 1661 1424 dum
1732 1385 1893 1439 spero
1930 1372 1985 1423 in

413 1462 582 1515 Deum
636 1478 836 1517 meum.
896 1482 914 1513 ι
974 1462 1079 1517 Pro
1122 1464 1214 1517 illo
1268 1472 1488 1527 autem,
1529 1482 1547 1513 ι
1580 1462 1922 1525 defecerunt,
1963 1481 1981 1512 ι

411 1553 630 1622 Aquila,
670 1552 949 1609 «confecti
1013 1561 1159 1617 sunt,
1219 1556 1333 1616 ait,
1404 1554 1548 1608 oculi
1601 1554 1729 1614 mei,
1793 1568 1987 1622 eXSpe-

414 1650 628 1697 ctantes
662 1642 850 1698 Deum.
879 1662 895 1694 ι
919 1642 1201 1697 Clamabat
1233 1658 1395 1714 porro
1416 1652 1467 1697 et
1487 1641 1887 1697 vociferabatur
1916 1640 1987 1695 ob

418 1734 823 1788 multitudinem
856 1734 1199 1788 inimicorum
1234 1750 1482 1789 suorum.
1514 1733 1667 1800 Quod
1695 1733 1781 1787 his
1808 1732 1986 1786 verbis

2093 546 2293 615 μᾶλλον
2325 543 2357 613 ἢ
2392 544 2512 595 τότε
2553 538 2690 592 Σιὼν
2711 578 2725 601 ,
2765 536 2993 606 ἐπείπερ
3041 553 3058 583 ‹
3106 534 3184 596 εἰς
3219 533 3396 588 πᾶσαν
3429 529 3524 601 τὴν
3558 531 3659 600 γῆν

2089 636 2307 706 ἐξῆλθεν
2358 635 2386 685 6
2420 633 2652 703 φθόγγος
2701 628 2898 689 αὐτῶν,
2950 627 3042 679 καὶ
3076 628 3154 687 είς
3195 624 3260 676 τὰ
3307 622 3515 693 πέρατα
3562 622 3659 692 τῆς

2088 726 2413 796 οἰκουμένης
2463 724 2531 777 τὰ
2571 725 2787 793 ῥήματα
2838 718 3046 772 αὐτῶν·
3083 736 3101 768 ι
3154 716 3358 767 εἴσεται
3406 714 3552 777 ὅπως
3601 715 3658 766 ἐν

2087 823 2200 883 τοῖς
2235 817 2614 890 προκειμένοις
2662 814 2723 879 ἐξ
2764 812 2926 868 αὐτοῦ
2977 808 3265 882 προσώπου
3319 808 3529 878 εἴρηται
3575 804 3658 870 τὸ,

2094 931 2113 963 ‹
2151 911 2448 964 Ἑκοπίασα
2503 907 2740 979 κράζων,
2796 903 3154 975 ἐϐραγχίασεν
3181 903 3208 953 6
3251 898 3459 970 λάρυγξ
3483 915 3603 969 μου.
3635 918 3652 949 ι

2089 1005 2161 1056 Τὸ
2216 1003 2324 1074 γὰρ
2372 1001 2683 1071 παράμονον
2736 996 2900 1051 αὑτοῦ
2952 996 3051 1066 τῆς
3099 994 3225 1064 βοῆς
3296 991 3384 1044 διά
3455 991 3657 1043 τούτων

2091 1093 2364 1163 σημαίνει.
2421 1090 2493 1142 Οὐ
2546 1089 2656 1159 γὰρ
2710 1085 2856 1150 ἅπαξ
2913 1084 3040 1139 ποτὲ
3092 1082 3290 1151 βοήσας
3349 1077 3651 1149 παρῆλθεν·

2088 1184 2200 1237 ἀλλ’
2242 1185 2329 1236 ἀεὶ
2371 1182 2469 1253 βοᾷ
2505 1183 2598 1235 καὶ
2643 1182 2911 1251 κέκραγεν
2956 1179 3034 1241 είς
3077 1176 3173 1238 τὰς
3221 1173 3436 1226 πάντων
3481 1170 3656 1240 ψυχὰς

2087 1276 2173 1328 διὰ
2198 1275 2305 1328 τῶν
2334 1274 2496 1327 αὑτοῦ
2533 1272 2814 1344 μαθητῶν
2846 1272 2931 1323 ἀεὶ
2958 1270 3013 1322 δὲ
3038 1268 3129 1321 καὶ
3162 1268 3295 1337 πρὸς
3323 1266 3413 1317 τὸν
3440 1263 3656 1333 Πατέρα

2090 1369 2189 1439 βοᾷ
2223 1370 2360 1439 ὑπὲρ
2406 1367 2513 1420 τῶν
2553 1368 2632 1429 είς
2676 1365 2833 1417 αὑτὸν
2886 1360 3345 1415 πεπιστευκότων.
3399 1356 3487 1409 Διὸ
3532 1354 3655 1424 ἐξῆς

2088 1458 2356 1527 ἐπιλέγει·
2441 1478 2458 1509 ι
2504 1456 2775 1521 Ἐξέλιπον
2839 1456 2886 1507 οί
2933 1452 3196 1522 ὀφθαλμοί
3251 1467 3351 1521 μου
3404 1448 3511 1501 ἀπὸ
3561 1445 3652 1498 τοῦ

2088 1552 2326 1615 ἐλπίζειν
2385 1568 2451 1621 με
2509 1551 2600 1601 ἐπὶ
2649 1549 2739 1601 τὸν
2798 1546 2927 1599 Θεόν
2984 1562 3105 1615 μου.
3136 1564 3154 1595 ι
3219 1541 3361 1594 Ἀντί
3417 1539 3474 1592 δέ
3524 1536 3651 1599 τοῦ,

2093 1660 2111 1692 ι
2142 1642 2405 1706 ἐξέλιπον,
2456 1660 2473 1691 ι
2522 1642 2550 1692 6
2596 1638 2863 1702 Ἀκύλας,
2916 1655 2933 1687 ι
3002 1632 3408 1700 Ἐτελέσθησαν,
3470 1629 3650 1697 φησὶν,

2087 1736 2134 1786 οἱ
2168 1732 2430 1802 ὀφθαλμοί
2468 1749 2569 1803 μου
2618 1730 3001 1800 περιμένοντες
3060 1726 3150 1778 τὸν
3173 1724 3320 1776 Θεόν.
3349 1742 3365 1773 ι
3403 1719 3559 1772 Ἐὂόα
3598 1718 3655 1769 δέ

417 1823 662 1877 declarat
693 1840 705 1875 :
748 1843 764 1873 ι
805 1824 1143 1894 Multiplicati
1179 1833 1308 1881 sunt
1339 1842 1504 1895 super
1530 1826 1757 1895 capillos
1790 1824 1979 1894 capitis

2087 1826 2180 1878 καὶ
2214 1824 2500 1894 ἐκεκράγει
2551 1822 2637 1875 διὰ
2686 1822 2747 1874 τὸ
2794 1821 2994 1890 πλῆθος
3040 1817 3147 1869 τῶν
3198 1813 3406 1885 ἐχθρῶν
3454 1808 3649 1864 αὐτοῦ’

411 1916 516 1969 mei
557 1918 649 1985 qui
712 1919 944 1972 oderunt
1004 1934 1088 1974 me
1134 1922 1325 1988 gratis.
1376 1938 1393 1970 ι
1431 1918 1585 1984 Quod
1632 1919 1678 1973 si
1742 1918 1985 1973 Ecclesia

409 2006 530 2073 ejus
564 2009 636 2062 sit
670 2025 872 2078 corpus
898 2011 1040 2078 ejus,
1075 2011 1375 2065 secundum
1408 2011 1753 2081 Apostolum,
1784 2010 1875 2079 qui
1930 2009 1985 2063 id

409 2100 569 2153 docet
592 2099 676 2153 bis
708 2101 888 2155 verbis
925 2120 937 2154 :
980 2120 997 2151 ι
1037 2100 1147 2155 Vos
1180 2109 1360 2155 autem
1405 2101 1540 2156 estis
1591 2116 1791 2170 corpus
1822 2099 1985 2153 Chri-

409 2189 502 2248 sti,
531 2198 585 2242 et
618 2191 862 2244 membra
892 2206 957 2244 ex
1007 2199 1164 2261 parte
1189 2192 1240 2258 3;
1276 2211 1293 2243 ι
1327 2191 1531 2246 dixeris
1573 2191 1819 2249 membra
1862 2206 1986 2244 cor-

409 2282 563 2350 poris
608 2298 729 2351 quaa
779 2284 953 2352 magis
1012 2285 1323 2338 necessaria
1387 2291 1539 2351 sunt,
1592 2290 1776 2352 atque,
1808 2292 1867 2336 ut
1911 2283 1985 2336 ita

413 2374 618 2437 dicam,
650 2390 866 2438 sensus,
903 2390 998 2429 eos
1034 2391 1100 2429 ex
1152 2376 1353 2446 populo
1407 2391 1528 2430 esse
1561 2377 1653 2445 qui
1688 2375 1989 2433 necessarii

407 2463 711 2530 habentur;
748 2472 827 2525 ut,
864 2466 1016 2519 verbi
1049 2482 1237 2528 causa,
1271 2475 1435 2536 caput
1470 2466 1709 2535 praefecti
1751 2464 1983 2531 fuerint;

406 2567 489 2613 os,
545 2552 829 2621 magistri;
883 2569 1064 2617 aures,
1136 2555 1434 2624 prudentes
1471 2554 1782 2621 auditores;
1815 2554 1981 2617 oculi,

407 2643 498 2711 qui
542 2644 595 2695 in
628 2642 925 2711 Scripturis
952 2646 1298 2713 pcrspicaccs
1334 2653 1490 2709 sunt;
1532 2660 1747 2709 manus,
1773 2646 1865 2715 qui
1898 2661 1984 2699 re-

407 2734 511 2788 bus
543 2735 767 2805 agendis
794 2738 1155 2805 promptiores
1193 2755 1204 2789 :
1232 2745 1395 2806 atque
1425 2752 1548 2789 cum
1590 2737 1823 2806 quadam
1853 2752 1984 2807 pro-

414 2824 664 2892 portione
696 2827 777 2880 sic
806 2828 1014 2896 reliqua
1058 2829 1305 2897 corporis
1355 2828 1599 2885 membra
1645 2829 1983 2886 diStribuan-

414 2924 524 2971 tur.
550 2915 674 2969 Pari
706 2919 866 2972 modo
896 2920 1123 2989 capillos
1180 2921 1452 2992 intelligas
1500 2938 1622 2977 esse
1670 2925 1975 2979 multitudi¢

410 3020 534 3058 nem
566 3013 757 3070 totam,
791 3023 853 3059 ac
883 3008 1210 3077 superfluam
1245 3011 1461 3064 turbam
1497 3028 1710 3077 eorum,
1744 3015 1831 3083 qui
1884 3018 1983 3069 ali-

408 3113 574 3167 quem
642 3106 897 3151 ornatum
975 3101 1072 3153 toti
1146 3102 1363 3169 corpori
1434 3104 1749 3166 conciliant,
1801 3122 1981 3175 neque

408 3198 590 3243 tamen
622 3190 846 3257 perinde
878 3193 1173 3247 necessarii
1202 3205 1328 3249 sunt
1367 3209 1431 3248 ac
1461 3195 1674 3265 reliqua
1709 3198 1976 3254 membra.

408 3277 635 3333 Talibus
663 3280 824 3349 igitur
845 3282 1057 3351 capillis
1086 3285 1258 3338 multo
1285 3285 1469 3353 plures
1523 3301 1750 3340 numero
1780 3286 1981 3347 fuerint

406 3371 501 3440 qui
535 3372 696 3425 alieni
720 3382 847 3426 sunt
879 3388 908 3425 a
941 3373 1064 3438 ﬁde,
1101 3384 1288 3445 utpote
1317 3376 1410 3445 qui
1444 3377 1499 3429 in
1523 3378 1630 3435 lata
1658 3387 1706 3432 et
1740 3380 1979 3447 spatiosa

406 3465 493 3518 via
552 3464 827 3518 incedant.
862 3464 1225 3531 Quamobrem
1261 3469 1468 3522 dictum
1506 3479 1591 3524 est
1623 3488 1635 3523 :
1672 3488 1688 3519 ι
1718 3469 1981 3540 Multipli-

414 3555 523 3609 cati
551 3565 679 3611 sunt
707 3574 871 3628 super
903 3560 1132 3629 capillos
1163 3561 1359 3630 capitis
1396 3563 1501 3615 mei
1523 3561 1865 3632 quiodcrunt
1894 3579 1981 3618 me

406 3648 593 3715 gratis.
610 3668 627 3699 ›
649 3648 828 3705 Gratis
844 3660 1021 3705 autem
1036 3652 1215 3707 odisse
1231 3653 1504 3717 dicuntur,
1523 3654 1617 3723 qui
1636 3655 1836 3707 nullam
1856 3671 1979 3724 pro-

408 3738 549 3791 ferre
577 3740 754 3792 valent
782 3742 894 3794 odii
925 3758 1171 3805 causam,
1198 3751 1257 3796 ut
1316 3744 1409 3813 qui
1463 3745 1705 3803 salutare
1753 3746 1976 3799 verbum

406 3840 841 3899 persequuntur,
871 3848 993 3887 cuni
1025 3837 1171 3888 nulla
1198 3837 1487 3891 incusandi
1512 3838 1632 3907 ejus
1680 3840 1821 3893 ratio
1848 3856 1978 3911 sup-

406 3928 573 3988 petat.
606 3921 713 3976 Pro
748 3924 843 3977 illo
893 3936 1094 3993 autem,
1133 3947 1151 3977 ‹
1185 3930 1279 3997 qui
1329 3927 1566 3982 oderunt
1610 3945 1697 3985 me
1724 3932 1911 4001 gratis,
1953 3953 1970 3985 ι

406 4014 787 4084 Symmachus,
837 4037 854 4068 ‹
892 4019 1138 4074 odientes
1183 4035 1288 4084 me,
1321 4020 1522 4089 inquit,
1575 4023 1692 4077 sine
1725 4040 1911 4080 causa.
1953 4046 1971 4077 ι

402 4101 486 4157 Illi
514 4107 715 4175 itaque,
752 4108 847 4166 ait,
883 4111 1233 4179 multiplicati
1260 4121 1390 4166 sunt
1433 4116 1556 4184 plus
1603 4131 1763 4184 quam
1793 4117 1978 4186 capilli

403 4196 600 4265 capitis
634 4199 758 4252 mei.
797 4198 938 4264 Quin
967 4202 1127 4254 etiam
1155 4203 1449 4258 confortati
1481 4215 1606 4260 sunt
1627 4208 1828 4263 inimici
1862 4225 1977 4278 per-

404 4295 697 4356 sequentes
744 4304 889 4343 eum.
923 4290 988 4343 Et
1053 4307 1185 4347 sane
1228 4295 1415 4349 videre
1443 4306 1547 4361 est,
1575 4312 1683 4365 quo
1735 4306 1975 4367 tempore

403 4378 765 4447 persequendi
834 4379 1068 4435 facultas
1143 4383 1326 4451 datur,
1376 4386 1699 4450 confortari,
1766 4390 1970 4455 extolli,

2084 1918 2113 1970 6
2141 1917 2203 1988 δὴ
2237 1918 2531 1988 παρίστησι
2575 1916 2775 1983 λέγων·
2844 1933 2861 1964 ι
2895 1908 3335 1983 Ἐπληθύνθησαν
3377 1905 3516 1975 ὑπὲρ
3556 1902 3653 1965 τὰς

2085 2011 2275 2080 τρίχας
2308 2009 2406 2079 τῆς
2438 2008 2675 2077 κεφαλῆς
2719 2024 2817 2078 μου
2862 2007 2912 2058 οἱ
2950 2002 3229 2076 μισοῦντές
3272 2017 3338 2071 με
3378 1996 3601 2068 δωρεάν.
3627 2013 3645 2046 ι

2086 2104 2149 2155 Ei
2189 2102 2245 2153 δὲ
2286 2100 2443 2170 σῶμα
2469 2097 2632 2152 αὐτοῦ
2655 2098 2957 2167 τυγχάνειή
2982 2090 3271 2163 Ἐκκλησία
3300 2086 3482 2149 αὐτοῦ,
3515 2085 3652 2138 κατὰ

2085 2196 2174 2248 τὸν
2214 2192 2549 2257 Ἀπόστολον,
2584 2192 2642 2255 ὃς
2675 2191 2919 2249 ἐδίδασκε
2942 2188 3113 2257 λέγων
3133 2203 3145 2215 ο
3190 2204 3207 2235 ι
3229 2184 3419 2253 ’Υμεῖς
3446 2181 3503 2233 δέ
3528 2180 3650 2231 ἐστε

2088 2287 2244 2358 σῶμα
2267 2287 2501 2358 Χριστοῦ
2536 2286 2629 2339 καὶ
2665 2284 2799 2355 μέλη
2832 2285 2896 2335 ἐκ
2931 2281 3128 2353 μέρους
3150 2296 3162 2308 ·
3208 2296 3226 2328 ι
3282 2276 3454 2336 εἴποις
3488 2272 3554 2326 ἂν
3584 2269 3651 2323 τὰ

2091 2378 2189 2448 μὲν
2228 2376 2626 2447 ἀναγκαιότερα
2682 2375 2813 2445 μέλη
2860 2374 2953 2426 τοῦ
2995 2372 3265 2443 σώματος,
3306 2372 3399 2423 καὶ
3440 2367 3536 2430 τά,
3575 2367 3640 2419 ἵν’

2083 2466 2253 2528 οὕτως
2289 2467 2458 2529 εἴπω,
2498 2464 2843 2535 αἰσθητήρια,
2872 2463 2995 2525 τοὺς
3028 2461 3355 2529 ἀναγκαίους
3390 2456 3527 2513 εἶναι
3555 2456 3649 2511 τοῦ

2084 2556 2244 2609 λαοῦ·
2300 2552 2408 2609 οἷον
2455 2556 2695 2627 κεφαλὴν
2736 2558 2860 2618 τοὺς
2912 2554 3275 2627 ἡγουμένους,
3326 2551 3495 2622 στόμα
3526 2551 3653 2613 τοὺς

2083 2649 2454 2711 διδασκάλους,
2495 2650 2588 2701 καὶ
2635 2649 2761 2710 τοὺς
2797 2646 3051 2709 συνετοὺς
3093 2643 3367 2716 ἀκροατὰς
3404 2643 3471 2695 τά
3513 2636 3647 2705 ὦτα,

2081 2741 2207 2802 τοὺς
2266 2739 2574 2808 ὀφθαλμοὺς
2643 2740 2768 2800 τοὺς
2836 2738 3174 2809 διορατικοὺς
3232 2737 3348 2799 τῶν,
3400 2734 3648 2805 Γραφῶν,

2084 2829 2424 2899 χεῖραςυτοὺς
2472 2828 2975 2899 πρακτικωτέρους,
3022 2826 3229 2889 τούτοις
3270 2844 3330 2879 τε
3377 2825 3650 2894 ἀναλόγως

2082 2903 2150 2971 τὰ
2182 2919 2344 2972 λοιπά
2379 2920 2515 2990 μέλη
2545 2920 2639 2972 τοῦ
2672 2919 2937 2991 σώματος,
2964 2915 3043 2982 οἷς
3078 2918 3363 2971 ἀκόλουθον
3393 2918 3477 2988 εἴη
3511 2918 3649 2969 νοεῖν

2081 3012 2271 3083 τρίχας
2298 3008 2436 3066 εἶναι
2468 3012 2559 3066 τοῦ
2595 3015 2793 3077 παντὸς
2825 3014 2893 3067 τὰ
2922 3013 3121 3084 πλήθη,
3158 3013 3250 3065 καὶ
3278 3012 3368 3065 τὸν
3398 3010 3650 3081 περιττόν

2082 3104 2236 3175 ὄχλον
2272 3106 2535 3177 φέροντας
2583 3107 2680 3176 μέν
2724 3124 2845 3165 τινα
2882 3092 3084 3175 κόσμον
3138 3104 3242 3175 ὅλῳ
3292 3102 3369 3173 τῷ
3413 3101 3648 3171 σώματι,

2086 3194 2159 3265 μὴ
2212 3195 2316 3267 μὴν
2360 3195 2663 3264 ἀναγκαίαν
2712 3194 2831 3248 τινὰ
2891 3195 3082 3273 χρῆσιν
3136 3192 3325 3264 ὁμοίαν
3367 3190 3433 3243 τά
3488 3190 3651 3242 λοιπὰ

2086 3287 2240 3358 μέλη.
2279 3288 2397 3341 Τῶν
2421 3283 2515 3341 οὖν
2537 3287 2793 3340 τοιούτων
2829 3286 3030 3359 τριχῶν
3060 3285 3239 3361 πολλῶ
3272 3284 3510 3337 πλεῖστοι
3542 3278 3650 3336 εἶεν

2080 3377 2145 3431 ἂν
2184 3380 2231 3431 οἱ
2271 3378 2541 3449 ἀλλότριοι
2580 3379 2680 3448 τῆς
2728 3378 2981 3443 πίστεως,
3017 3377 3110 3431 ἅτε
3150 3377 3212 3449 δὴ
3252 3377 3348 3447 τὴν
3391 3376 3649 3428 πλατεῖαν

2082 3473 2176 3524 καὶ
2239 3472 2336 3542 τὴν
2399 3471 2708 3543 εὐρύχωρον
2779 3470 3103 3540 βαδίζοντες.
3190 3469 3281 3521 Διὸ
3366 3468 3644 3520 λέλεκται·

2085 3581 2101 3612 ι
2129 3562 2568 3633 Ἑπληθύνθησαν
2613 3562 2753 3632 ὑπὲρ
2788 3560 2885 3624 τάς
2911 3561 3098 3632 τρίχας
3132 3562 3232 3630 τῆς
3262 3559 3503 3628 κεφαλῆς
3547 3574 3661 3628 μου,

2078 3656 2127 3706 οἱ
2165 3655 2447 3724 μισοῦντές
2486 3672 2553 3725 με
2585 3654 2811 3725 δωρεάν.
2846 3674 2864 3705 ›
2915 3653 3130 3724 Δωρεάν
3163 3654 3219 3705 δέ
3255 3655 3431 3723 μισεῖν
3464 3651 3647 3718 λέγον-

2079 3762 2170 3797 ται
2203 3746 2251 3798 οἱ
2286 3748 2386 3798 οὐκ
2421 3746 2634 3816 ἔχοντες
2668 3745 2845 3798 αἰτίαν
2872 3747 3042 3798 εἰπεῖν
3091 3744 3182 3797 τοῦ
3231 3745 3440 3814 μίσους,
3489 3743 3563 3805 ὡς
3599 3743 3661 3797 oi-

2078 3834 2166 3888 τὸν
2199 3837 2462 3907 σωτήριον
2487 3836 2640 3904 λόγον
2663 3835 2947 3897 διώκοντες
2974 3837 3067 3888 καὶ
3100 3836 3261 3906 μηδὲν
3294 3835 3647 3904 καταμέμφε-

2081 3925 2202 3978 σθαι
2245 3926 2391 3996 αύτῷ
2424 3927 2731 3997 δυνάμενοι.
2783 3928 2925 3980 Ἀντί
2957 3928 3012 3980 δὲ
3046 3929 3159 3992 τοῦ,
3208 3948 3225 3979 ι
3263 3929 3310 3980 οἱ
3364 3928 3646 3998 μισοῦντές

2080 4032 2148 4084 με
2191 4014 2479 4084 δωρεὰν,›
2535 4018 2563 4069 6
2616 4015 2941 4089 Σύμμαχος,
3005 4036 3022 4067 ‹
3078 4019 3140 4069 Οἱ
3193 4017 3475 4088 μισοῦντές
3541 4035 3642 4088 με,

2080 4105 2265 4175 φησὶν,
2325 4105 2603 4169 ἀναιτίως.
2659 4126 2679 4157 ι
2719 4099 2877 4159 Οὗτοι
2915 4104 3007 4160 οὖν
3054 4108 3250 4177 μᾶλλον
3291 4108 3643 4171 ἐπλεόνασαν,

2079 4197 2263 4267 φησὶν,
2311 4197 2344 4266 ἦ
2390 4198 2445 4251 αί
2487 4199 2672 4269 τρίχες
2723 4199 2821 4269 τῆς
2870 4199 3113 4268 κεφαλῆς
3163 4217 3284 4270 μου.
3341 4200 3499 4251 Ἀλλά
3551 4200 3645 4252 καὶ

2078 4286 2525 4360 ἐκραταιώθησαν
2558 4291 2606 4341 οἱ
2640 4289 2823 4360 ἐχθροὶ
2853 4290 3017 4343 αὐτοῦ
3052 4293 3099 4342 οἱ
3131 4274 3414 4353 διώκοντες
3462 4292 3641 4344 αὐτόν.

2081 4379 2209 4431 Ἴδοι
2248 4380 2377 4447 γοῦν
2408 4398 2511 4445 τις,
2546 4380 2667 4433 καθ’
2702 4382 2928 4435 ἕκαστον
2967 4383 3154 4453 καιρὸν
3189 4383 3309 4436 καθ’
3342 4383 3399 4435 ὂν
3432 4382 3654 4440 διώκεικ

402 4471 681 4538 mutaque
706 4486 865 4540 posse
901 4474 1151 4529 inimicos
1181 4476 1321 4544 ejus.
1377 4476 1581 4546 lnjuste
1630 4490 1808 4533 autem
1844 4496 1966 4549 per-

2082 4471 2518 4541 συγχωροῦνται,
2572 4475 3037 4544 κραταιουμένους
3089 4476 3180 4528 καὶ
3231 4476 3657 4545 ἐπαιρομένους,

405 4571 709 4630 sequuntur
730 4564 903 4626 illum,
927 4572 980 4619 et
1006 4567 1177 4634 gratis
1206 4569 1459 4624 oderunt.
1485 4571 1619 4624 Cum
1650 4574 1793 4626 cnim
1822 4575 1973 4629 nulla

402 4653 916 4711 subsit'inimicitize
945 4673 1109 4711 causa
1130 4699 1146 4722 ,
1180 4676 1358 4730 neque
1404 4674 1827 4718 consentaneam
1885 4682 1973 4718 ra-

403 4744 606 4798 tionem
643 4744 891 4812 proferre
921 4746 1136 4800 valeant
1163 4763 1263 4801 cur
1292 4758 1722 4819 persequantur,
1770 4750 1973 4819 injuste

400 4842 581 4888 tamen
618 4844 833 4889 vexant.
868 4838 963 4891 Ille
994 4854 1125 4892 vero
1183 4856 1305 4893 cum
1356 4842 1491 4894 nihil
1546 4845 1805 4910 rapuerit,
1834 4843 1971 4896 nihil

400 4924 614 4993 injuria:
646 4928 910 4992 intulerit,
936 4931 1262 5005 supplicium
1292 4932 1411 4986 luit.
1437 4933 1569 4987 Nam
1593 4935 1637 4989 si
1670 4936 1971 4990 secundum

397 5018 545 5086 leges
576 5034 751 5086 paena:
779 5035 807 5072 a
854 5022 963 5075 reis
1020 5025 1326 5092 repetendae
1362 5026 1490 5089 sint,
1521 5042 1697 5095 neque
1730 5029 1845 5096 ipse
1875 5044 1972 5081 ne-

397 5124 504 5177 que
538 5115 783 5176 germani
830 5113 949 5181 ejus
999 5114 1256 5184 discipuli
1294 5117 1475 5186 aliquo
1504 5118 1558 5170 in
1612 5118 1850 5173 facinore
1876 5119 1969 5173 de—

398 5200 654 5268 prehensi
708 5210 858 5256 sunt.
928 5202 1059 5258 Jure
1117 5221 1248 5276 ergo
1293 5208 1368 5261 ait
1403 5227 1415 5261 :
1452 5228 1469 5259 ι
1507 5208 1638 5274 Quae
1673 5226 1781 5264 non
1813 5212 1967 5280 rapui

396 5295 530 5346 tunc
590 5291 961 5345 exsolvebam.
1012 5313 1031 5345 ι
1083 5294 1161 5347 Ac
1213 5306 1460 5365 tempore
1522 5301 1797 5366 passionis
1857 5316 1969 5354 sum

396 5381 566 5448 gratis
587 5382 961 5451 cruciabatur,
995 5393 1049 5438 et
1078 5387 1408 5455 supplicium
1435 5388 1636 5451 luebat,
1670 5406 1792 5443 cum
1834 5392 1967 5445 nulli

396 5470 652 5535 lnjuriam
683 5471 922 5530 fecisset.
962 5475 1142 5540 Quare
1178 5488 1308 5531 tunc.
1338 5478 1551 5535 dicebat
1590 5498 1602 5532 :
1644 5501 1662 5532 ι
1694 5480 1825 5547 Qua:
1860 5500 1966 5536 non

397 5561 552 5629 rapui
578 5570 708 5616 tunc
753 5564 1138 5631 exsolvebam;
1185 5588 1202 5619 ι
1256 5570 1394 5634 sive,
1457 5573 1755 5626 secundum
1806 5573 1970 5643 Aqui-

471 5738 490 5769 ⁹
536 5736 678 5793 Dsal.
724 5755 877 5807 xvm,
920 5741 969 5796 5.
1048 5742 1069 5773 ³
1111 5741 1124 5794 l
1166 5743 1291 5801 Cor.
1336 5763 1434 5813 χιι,
1474 5748 1561 5805 27.

2079 4562 2171 4613 καὶ
2202 4561 2370 4615 πολλά
2409 4562 2737 4633 δυναμένους
2773 4566 2898 4628 τοὺς
2927 4566 3153 4637 ἐχθροὺς
3195 4567 3379 4621 αὑτοῦ.
3422 4567 3641 4630 Ἀδίκως

2074 4653 2131 4705 δὲ
2158 4654 2317 4705 αὐτὸν
2345 4654 2626 4708 διώκουσιν
2653 4650 2817 4719 οὗτοι,
2850 4657 2942 4710 καὶ
2974 4658 3196 4728 ἐμίσουν
3224 4659 3383 4712 αὐτὸν
3415 4658 3642 4729 δωρεάν.

2074 4746 2361 4815 Μηδεμίαν
2391 4746 2499 4817 γὰρ
2530 4746 2743 4817 ἔχοντες
2773 4748 3023 4801 ὑπόθεσιν
3052 4748 3269 4820 ἔχθρας,
3306 4750 3441 4820 μηδέ
3468 4751 3643 4813 αἰτίας

2074 4837 2247 4890 εἰπεῖν
2277 4835 2530 4904 εὐλόγους
2560 4831 2660 4889 οἷοί
2700 4853 2759 4888 τε
2793 4836 2859 4889 δι’
2891 4836 2976 4899 δις³
2996 4837 3301 4901 διώκουσιν,
3336 4839 3484 4908 ὅμως
3523 4836 3640 4889 ἁδί-

2076 4944 2187 4989 κως
2234 4928 2395 4981 αὐτὸν
2430 4927 2731 4982 διώκουσιν.
2794 4930 2851 4983 Ὁ
2885 4930 2942 4983 δέ
2988 4931 3125 5001 ὑπὲρ
3168 4924 3242 4983 ὧν
3295 4930 3368 5000 μὴ
3403 4930 3652 5000 ἥρπασε,

2078 5018 2210 5089 μηδὲ
2243 5020 2486 5089 ἠδίκησε,
2521 5021 2741 5075 κόλασιν
2775 5022 3080 5092 ὑπέμεινεν,
3115 5023 3177 5074 Ei
3225 5022 3333 5093 γὰρ
3375 5020 3516 5074 κατά
3553 5022 3638 5074 νό-

2077 5127 2209 5179 μους
2258 5113 2522 5182 προσήκει
2558 5112 2712 5183 δίκην
2750 5113 3163 5184 εἰσπράττεσθαι
3215 5116 3339 5177 τοὺς
3384 5113 3641 5183 ὴδικηκὸ-η

2076 5220 2208 5265 τας,
2238 5200 2359 5253 οὔτε
2401 5202 2455 5254 δὲ
2488 5204 2650 5266 αὐτὸς
2690 5202 2812 5255 οὔτε
2857 5205 2905 5255 οἱ
2946 5203 3109 5257 αὐτοῦ
3145 5206 3356 5274 γνήσιοι
3401 5204 3637 5275 μαθηταὶ

2073 5294 2289 5363 ἥλωσάν
2331 5312 2459 5347 ποτε
2511 5296 2603 5347 ἐπὶ
2642 5296 2986 5367 παρανομίᾳ·
3032 5297 3255 5360 εἰκότως
3300 5297 3494 5367 φησίν·
3537 5298 3635 5348 «Ἃ

2073 5388 2170 5457 οὐχ
2204 5387 2425 5457 ἦρπασα
2468 5388 2587 5440 τότε
2620 5388 2958 5442 ἀπετίννυον.
2984 5409 3002 5441 ι
3036 5391 3147 5443 Καὶ
3172 5389 3311 5443 κατά
3334 5388 3423 5441 τὸν
3452 5389 3637 5457 καιρὸν

2070 5480 2125 5532 δὲ
2167 5480 2261 5532 τοῦ
2305 5481 2508 5543 πάθους
2552 5480 2713 5532 αὐτοῦ
2757 5480 2961 5551 δωρεὰν
3006 5481 3229 5552 ἔπασχε,
3270 5481 3363 5534 καὶ
3401 5481 3539 5551 ὑπὲρ
3565 5474 3639 5535 ὧν

2077 5573 2148 5642 μὴ
2184 5572 2430 5641 ἠδικήκει
2476 5573 2745 5644 τιμωρίαν
2788 5572 2977 5625 ἐδίδου.
3032 5573 3121 5625 Διὸ
3152 5574 3244 5626 καὶ
3273 5572 3392 5626 τότε
3425 5570 3635 5638 ἔλεγεν
