4128 6392
394 303 499 359 755

1530 300 2038 363 COMMENTARIA
2077 302 2142 364 IN
2178 302 2517 360 PSALMOS.

3546 299 3648 358 7-3!

396 435 414 467 ι
452 411 520 468 *Α
570 412 668 484 οὐχ
711 412 958 484 ἥρπαζον
1006 413 1127 467 τότε
1170 413 1515 475 ἀπετίννυονο
1552 434 1571 467 ›
1599 416 1656 486 ἢ,
1696 416 1835 470 κατά
1874 418 1947 470 τὸε

2072 418 2221 472 lam:
2268 439 2286 471 ι
2329 419 2460 486 Quae
2494 434 2603 473 non
2634 418 2904 475 violenter
2949 418 3151 475 abstuli
3212 424 3344 472 tunc
3390 417 3648 473 restitue-

402 508 663 563 ’Δκύλανο
704 509 807 560 (Ἃ
836 508 937 561 οὐκ
969 507 1274 579 ἐϐιασάμην
1306 509 1425 561 τότε
1460 509 1816 582 ἐπέστρεφον.
1839 530 1857 562 ι

464 640 483 673 ι
504 619 565 673 '0
588 619 742 685 Θεὸς,
776 620 839 673 σὺ
867 618 1038 687 ἔγνως
1060 619 1159 690 τὴν
1194 621 1504 693 ἀφροσύνην
1536 639 1658 693 μου.
1698 642 1716 674 ι
1756 623 1965 694 ’Ὠσπερ

384 711 733 781 ἀνεγκλήτως
758 711 785 762 6
816 710 957 773 θεῖος
981 709 1300 775 Ἀπόστολος
1319 714 1519 782 μωρὸν
1534 713 1641 767 τοῦ
1660 714 1807 768 Θεοῦ
1828 715 1934 769 ὠνό
1950 745 1964 755 -

390 820 530 874 μασε
553 803 616 856 τὸ
639 801 811 864 πάθος
833 801 927 854 τοῦ
950 802 1224 874 Σωτῆρος,
1251 804 1346 856 καὶ
1372 803 1656 858 ἀσθένειαν
1678 806 1770 860 τὸν
1798 824 1988 890 στάν-δ

389 896 499 967 ρὸν,
540 894 707 949 εἰπών
725 914 738 927 ·
769 914 788 946 ι
813 894 1158 967 Ἑσταυρώθη
1185 896 1243 961 ἐξ
1273 896 1557 961 ἀσθενείας
1578 915 1625 949 ο»
1649 899 1743 952 καὶ
1768 898 1927 961 πάλιν
1944 915 1959 930 ·

388 1010 407 1042 ι
442 992 632 1061 Ἡμεῖς
697 990 753 1042 δὲ
814 987 1159 1059 κηρύσσομεν
1226 989 1461 1060 Χριστὸν
1525 991 1959 1063 ἐσταυρωμένον,

394 1080 669 1143 Ἰουδαίοις
704 1078 802 1149 μὲν
832 1077 1149 1142 σκάνδαλον,
1190 1076 1367 1131 ἔθνεσι
1394 1078 1451 1131 δὲ
1495 1080 1739 1150 μωρίαν·
1781 1080 1861 1133 ὃτι
1902 1081 1962 1141 τὸ

385 1170 565 1242 μωρὸν
594 1168 688 1222 τοῦ
721 1168 856 1222 Θεοῦ
896 1166 1200 1239 σοφώτερον
1228 1168 1335 1221 τῶν
1362 1168 1663 1241 ἀνθρώπων
1695 1172 1832 1235 ἐστὶ,
1866 1172 1961 1224 καὶ¹

378 1264 439 1316 τὸ
470 1263 695 1326 ἀσθενὲς
728 1262 821 1316 τοῦ
846 1260 982 1314 Θεοῦ
1019 1260 1368 1333 ἰσχυρότερον
1416 1262 1523 1316 τῶν
1566 1262 1869 1333 ἀνθρώπων
1889 1280 1902 1294 °
1933 1284 1953 1317 ι

376 1355 519 1409 οῦτω
557 1356 652 1408 καὶ
692 1354 786 1409 νῦν
827 1355 926 1408 οὐκ
967 1354 1033 1409 ἂν
1077 1355 1344 1426 ἁμάρτοις
1376 1356 1474 1426 τὴν
1530 1356 1761 1409 ἐνταῦθα
1801 1356 1957 1426 λεγο-

379 1449 548 1520 μένην
598 1449 908 1520 ἀφροσύνην
957 1448 1355 1520 παραπλησίως
1401 1450 1600 1519 νοήσας
1645 1451 1710 1520 τῇ
1760 1450 1959 1521 ὀνομα-

376 1541 560 1611 σθείσῃ
589 1540 739 1613 παρά
766 1539 842 1611 τῷ
879 1542 1187 1612 Ἀποστόλῳ
1220 1540 1418 1612 μωρίᾳ.
1459 1540 1617 1593 Ἀλλὰ
1646 1541 1740 1594 καὶ
1769 1542 1957 1613 ὥσπερ

373 1634 517 1702 ἔγνω
550 1633 754 1705 Κύριος
801 1634 929 1697 τοὺς
974 1633 1134 1697 ὄντας
1177 1633 1378 1697 αὐτοῦ,
1418 1634 1647 1705 ἐπείπερ
1688 1633 1955 1705 ὲξαίρετοί

370 1726 515 1788 τινές
556 1726 694 1779 εἰσιν
722 1728 772 1779 οἱ
805 1726 905 1797 τῆς
935 1726 1029 1779 τοῦ
1056 1726 1191 1779 Θεοῦ
1233 1726 1486 1796 γνώσεως
1524 1725 1948 1798 κατηξιωμένοι’

369 1817 543 1881 οὕτως
570 1818 726 1890 καὶὴ
777 1818 1012 1872 ἐνταῦθα
1058 1819 1360 1890 ἀφροσύνη,
1397 1817 1521 1882 ἀξία
1562 1818 1658 1888 τῆς
1701 1817 1953 1885 γνώσεως

368 1908 711 1978 τυγχάνουσα
755 1909 851 1961 τοῦ
900 1907 1055 1974 Θεοῦ,
1110 1909 1283 1979 μέγαν
1326 1909 1447 1962 τινὰ
1483 1908 1577 1962 καὶ
1624 1907 1792 1978 βαθὺν
1839 1904 1951 1979 εἶχε

1984 1771 2026 1825 Β

368 1998 543 2068 λόγον.
591 2000 666 2053 Ού
708 1998 819 2069 γὰρ
874 1998 1029 2070 παρά
1077 1999 1173 2071 τὴν
1229 1998 1325 2071 σὴν
1372 1998 1585 2070 βουλὴν,
1633 1999 1755 2053 οὐδὲ
1803 1999 1989 2071 παρὰ,

366 2090 466 2163 τὴν
520 2091 616 2162 σὴν
647 2091 848 2160 γνῶσιν
892 2092 1128 2160 ἐγένετο,
1183 2092 1368 2163 φησὶν,
1415 2094 1447 2162 ή
1498 2091 1777 2163 ἀφροσύνη
1824 2110 1949 2163 μου.

370 2182 508 2236 Ποία
557 2182 614 2235 δὲ
665 2182 802 2255 αῦτη
853 2185 902 2241 εί
960 2183 1033 2253 μὴ
1080 2186 1112 2255 ἡ
1155 2180 1487 2254 νομιζομένη
1554 2186 1666 2248 τοῖς
1707 2184 1948 2252 πολλοῖς;

380 2271 469 2335 Ὣς
510 2274 617 2344 γὰρ
660 2275 692 2345 ἡ
732 2273 911 2345 μωρία
943 2274 1197 2344 Ἕλλησιν
1251 2274 1527 2345 ἐνομίζετο
1575 2276 1775 2347 μωρία,
1810 2276 1953 2331 κατά

371 2361 558 2431 βαθεῖς
615 2362 672 2415 δὲ
717 2362 909 2430 λόγους
960 2363 1096 2423 Θεοῦ
1162 2363 1560 2417 συνεστελεῖτο·
1623 2366 1718 2419 καὶ
1771 2361 1838 2437 ἦν
1890 2367 1951 2419 τὸ

366 2454 499 2525 παρ’
529 2454 835 2526 ἀνθρώποις
875 2455 1057 2527 μωρὸν
1103 2455 1456 2528 νομιζόμενον
1506 2456 1811 2530 σοφώτερον
1843 2459 1950 2513 τῶν

364 2545 666 2618 ἀνθρώπων
692 2564 705 2576 ·
748 2547 1018 2618 ηύδόκησε
1067 2547 1176 2620 γὰρ
1224 2550 1252 2601 6
1296 2548 1431 2611 Θεὸς
1474 2548 1561 2603 διὰ
1606 2550 1705 2621 τῆς
1740 2550 1950 2622 μωρίας

364 2638 458 2693 τοῦ
490 2639 841 2711 κηρύγματος
869 2640 1039 2693 σῶσαι
1083 2640 1208 2704 τοὺς
1244 2639 1616 2705 πιστεύοντας·
1650 2643 1821 2706 οὕτως
1854 2644 1949 2696 καὶ

365 2732 398 2799 ή
430 2729 744 2801 ἀφροσύνη,
786 2732 851 2802 ἢν
897 2731 963 2784 δι’
1012 2733 1160 2802 ἡμᾶς
1203 2732 1411 2803 ὑπῆλθε
1467 2731 1709 2797 κενώσας
1757 2734 1948 2788 ἑαυτὸν

365 2823 459 2877 καὶ
506 2823 718 2895 μορφὴν
746 2822 931 2876 δούλου
976 2823 1155 2878 λαϐὼν
1182 2825 1275 2877 καὶ
1316 2825 1508 2897 μέχρις
1540 2825 1770 2879 θανάτου
1804 2844 1948 2898 παρ-

363 2915 553 2980 ελθὼν,
621 2918 903 2988 σοφωτέρα
949 2917 1047 2987 τῆς
1095 2917 1204 2970 τῶν
1258 2917 1557 2990 ἀνθρώπων
1623 2919 1814 2988 σοφίας
1856 2915 1944 2991 ἦν.

375 3008 434 3065 Ὀ
457 3010 612 3079 λόγος
639 3010 748 3081 γάρ
793 3013 820 3064 6
861 3009 954 3063 τοῦ
991 3010 1225 3083 σταυροῦ
1259 3014 1370 3074 τοῖς
1408 3012 1505 3083 μὲν
1530 3012 1943 3083 ἀπολλυμένοις,

2069 510 2215 563 bam.
2249 528 2268 561 ι

2138 620 2309 677 Vens.
2341 623 2393 677 θ.
2430 641 2449 675 ι
2490 622 2653 687 Deus,
2690 630 2747 686 tu
2794 623 2905 678 scis
2957 622 3323 691 insipientiam
3382 636 3581 675 meam.
3620 640 3638 671 ι

2066 714 2542 780 Quemadmodum
2618 715 2840 770 divinus
2892 714 3189 783 Apostolus
3245 712 3467 771 stultum
3519 711 3639 775 Dei,

2066 807 2378 875 passionem
2413 804 2715 860 Salvatoris
2739 846 2753 870 ,
2786 814 2839 861 et
2874 821 3115 869 crucem,
3150 804 3522 861 inﬁrmitatem
3553 804 3640 863 in-

2064 900 2325 967 culpatim
2355 899 2570 954 vocavit
2615 899 2805 955 dicens
2849 918 2861 952 :
2901 918 2919 951 ‹
2955 898 3263 957 Crucilixus
3288 909 3460 953 estex
3490 897 3641 951 inﬁr-

2063 990 2257 1044 mitate
2282 990 2344 1055 ις
2383 1009 2404 1042 ι
2439 1006 2502 1044 ac
2548 1006 2809 1045 rursum:
2848 1009 2865 1041 ι
2908 990 3018 1045 Nos
3068 1002 3245 1047 autem
3282 990 3639 1063 praedicamus

2063 1074 2341 1130 Christum
2398 1077 2745 1142 cruciﬁxum,
2776 1076 2981 1134 Iudaeis
3026 1081 3246 1149 quidem
3281 1080 3635 1144 scandalum,

2061 1169 2319 1237 gentibus
2349 1176 2529 1224 autem
2587 1170 2899 1233 stultitiam,
2928 1173 3054 1241 quia
3103 1172 3246 1244 quod
3293 1171 3519 1225 stultum
3553 1177 3639 1225 est

2062 1258 2179 1323 Dei,
2213 1260 2517 1330 sapientius
2548 1271 2632 1317 est
2658 1262 2971 1317 hominibus
2990 1283 3001 1317 :
3023 1271 3077 1319 et
3094 1264 3239 1333 quod
3258 1263 3531 1317 inﬁrmum
3552 1268 3639 1319 est

2060 1351 2178 1414 Dei,
2207 1352 2402 1411 fortius
2418 1361 2502 1407 est
2525 1354 2839 1410 hominibus
2859 1356 2878 1386 ⁸
2902 1374 2915 1422 ;
2943 1376 2959 1407 ι
2983 1357 3061 1411 sic
3083 1366 3139 1410 et
3170 1356 3223 1408 in
3254 1355 3507 1425 praesenti
3524 1368 3635 1407 non

2066 1444 2434 1509 aberraveris,
2468 1446 2514 1499 si
2552 1447 2922 1515 insipientiam
2965 1449 3052 1503 hic
3104 1455 3482 1510 memoratam,
3519 1444 3638 1515 pari

2058 1536 2271 1589 ratione
2315 1537 2587 1608 intelligas
2620 1547 2783 1607 atque
2829 1539 3121 1594 stultitiam
3156 1539 3224 1593 ab
3254 1539 3518 1609 Apustolo
3551 1535 3639 1592 di-

2058 1632 2223 1678 ctam.
2252 1624 2358 1679 Sed
2391 1627 2535 1680 sicut
2564 1629 2716 1681 novit
2752 1628 3015 1684 Dominus
3044 1629 3137 1698 qui
3167 1640 3295 1685 sunt
3317 1630 3458 1699 ejus,
3501 1642 3632 1698 quo-

2057 1715 2205 1768 niam
2230 1717 2451 1786 quidam
2481 1718 2667 1773 selecti
2693 1719 2941 1781 homines
2969 1729 3098 1775 sunt
3115 1720 3209 1776 Dei
3229 1722 3540 1791 cognitione
3560 1719 3639 1773 di-

2056 1807 2226 1874 gnati,
2278 1808 2351 1861 ita
2398 1808 2501 1862 hoc
2556 1809 2676 1869 loco
2729 1811 3041 1889 insipientia
3072 1814 3183 1879 illa,
3210 1828 3332 1883 quae
3357 1813 3522 1882 digna
3550 1818 3638 1866 est

2056 1896 2150 1951 Dei
2200 1900 2533 1969 cognitione,
2568 1919 2821 1973 magnam
2871 1904 3312 1975 profundamque
3364 1906 3633 1959 rationem

2056 1987 2468 2060 habuit.Neque
2492 1992 2635 2046 enim
2664 2003 2861 2062 praeter
2889 1995 3225 2050 voluntatem
3253 2011 3315 2050 ac
3336 2007 3530 2066 praeter
3548 2011 3637 2051 co-

2053 2079 2354 2149 gnitionem
2382 2090 2529 2135 tuam
2562 2082 2663 2137 fuit
2686 2084 2777 2139 illa
2831 2085 3147 2156 insipientia
3189 2101 3332 2141 mea.
3372 2085 3633 2151 Quaenam

2056 2172 2170 2240 illa,
2195 2174 2300 2227 nisi
2324 2190 2444 2243 quae
2475 2176 2599 2230 talis
2647 2192 2679 2231 a
2717 2179 2906 2233 multis
2935 2179 3262 2250 reputatur?
3292 2177 3447 2235 Sicut
3490 2179 3636 2232 enim

2054 2264 2375 2336 insipientia
2400 2270 2492 2323 illa
2522 2270 2727 2327 Graecis
2760 2271 3074 2343 insipientia
3116 2272 3523 2337 aestimabatur,
3549 2286 3634 2327 se~

2055 2362 2300 2416 cundum
2333 2364 2662 2439 profundam
2691 2382 2821 2421 vero
2861 2366 2959 2422 Dei
2998 2368 3289 2431 rationem,
3330 2367 3397 2421 ad
3436 2366 3632 2421 melius

2054 2455 2410 2522 vertebatur;
2439 2464 2494 2509 et
2526 2455 2672 2525 quod
2706 2456 2776 2511 ab
2813 2457 3130 2511 hominibus
3150 2457 3375 2511 stultum
3407 2455 3636 2527 putaba-

2054 2554 2168 2610 tur,
2220 2547 2523 2623 sapientius
2563 2556 2681 2603 erat
2714 2548 3066 2615 hominibus;
3103 2564 3228 2603 nam
3278 2547 3389 2603 Deo
3430 2547 3635 2619 placuit

2052 2652 2149 2707 per
2182 2638 2467 2694 stultitiam
2493 2639 2899 2708 praedicationis
2915 2641 3202 2695 credentes
3224 2640 3405 2696 salvos
3428 2640 3631 2704 facere.

2055 2732 2136 2785 sic
2164 2740 2217 2786 et
2247 2732 2501 2795 stultitia,
2526 2749 2687 2803 quam
2720 2742 2942 2805 propter
2967 2750 3070 2788 nos
3115 2735 3305 2798 subiit,
3337 2734 3634 2789 humilians

2053 2823 2316 2892 seipsum,
2378 2822 2611 2878 formam
2693 2827 2837 2880 servi
2908 2825 3208 2896 accipiens,
3235 2835 3290 2881 et
3333 2842 3509 2896 usque
3562 2824 3636 2884 ad

2053 2923 2285 2971 mortem
2327 2917 2617 2981 accedens,
2668 2918 2970 2988 sapientior
3019 2920 3137 2990 ipsa
3198 2920 3480 2975 hominum
3543 2936 3634 2975 sa-

2052 3008 2258 3079 pientia
2291 3020 2427 3064 erat.
2455 3009 2590 3063 Nam
2627 3012 2809 3067 crucis
2836 3013 2972 3068 ratio
3000 3016 3354 3084 pereuntibus
3386 3015 3630 3086 quidem,

363 3103 528 3173 φησιν
580 3105 608 3155 ὁ
659 3101 1025 3166 Ἀπόστολος,
1080 3103 1260 3174 μωρία
1309 3104 1489 3167 ἐστὶν,
1531 3106 1580 3157 εἰ
1628 3104 1685 3158 δὲ
1740 3105 1942 3176 μωρία,

2052 3102 2230 3172 inquit
2258 3100 2577 3173 Apostolus,
2617 3102 2853 3157 stultitia
2883 3114 2987 3162 est.
3020 3104 3180 3171 Quod
3220 3107 3264 3162 si
3315 3107 3543 3162 stultitia
3577 3114 3634 3161 et

360 3196 456 3248 καὶ
503 3193 818 3265 ἀφροσύνη,
880 3197 993 3258 τοῖς
1045 3196 1117 3257 δὲ,
1151 3196 1481 3269 σωζομένοις
1535 3200 1667 3268 ἡμῖν
1718 3196 1946 3268 δύναμις

360 3284 496 3338 Θεοῦ
558 3286 694 3339 ἐστι.
757 3285 970 3356 Ταύτην
1029 3282 1120 3340 οῦν
1171 3288 1270 3357 τὴν
1326 3288 1638 3360 ἀφροσύνην
1702 3290 1796 3343 καὶ
1848 3289 1946 3361 τὴν

363 3374 572 3446 μωρίαν
622 3375 723 3430 οὐκ
773 3379 1041 3449 ἠγνόησεν
1085 3381 1112 3432 6
1163 3378 1328 3443 Θεός·
1373 3380 1537 3433 αὑτοῦ
1597 3380 1706 3453 γὰρ
1766 3382 1945 3452 κρίσει

359 3469 671 3540 γεγένηται.
735 3471 825 3523 Διό
874 3488 1075 3542 φησιν·
1136 3489 1154 3521 ι
1191 3471 1248 3524 Ὀ
1302 3471 1462 3536 Θεὸς,
1511 3474 1573 3526 σὺ
1623 3473 1793 3541 ἔγνως
1846 3472 1944 3544 τὴν

358 3561 671 3632 ἀφροσύνην
706 3579 828 3632 μου.
863 3581 881 3612 ι
951 3561 1251 3633 Ἀπήλλαξε
1305 3562 1361 3615 δὲ
1399 3565 1547 3634 ἡμᾶς
1601 3565 1943 3635 πραγμάτων

356 3655 385 3705 6
413 3649 739 3725 Σύμμαχος,
779 3653 1121 3725 ἑρμηνεύσας
1158 3654 1251 3707 καὶ
1294 3655 1496 3709 εἰπών·
1557 3674 1574 3705 ι
1598 3656 1656 3708 '0
1689 3656 1841 3720 Θεὸς,
1877 3650 1943 3710 σὺ

357 3745 505 3813 οἶδας
535 3748 633 3820 τὴν
667 3748 921 3818 ἀπειρίαν
968 3766 1069 3819 μου
1097 3764 1109 3777 ·
1145 3767 1162 3798 ι
1221 3749 1479 3822 ἀπειρίαν
1512 3750 1712 3822 δηλαδὴ
1751 3753 1849 3822 τὴν
1884 3755 1942 3806 ὲν

358 3842 684 3915 ἀνθρώποις.
731 3843 842 3913 Τῆς
868 3841 975 3913 γάρ
1003 3843 1060 3896 ἐν
1093 3841 1398 3914 ἀνθρώποις
1439 3844 1637 3907 κακίας
1666 3844 1943 3916 ἀλλότριος

358 3936 453 3999 ὢν,
485 3937 583 4008 τὴν
612 3935 783 4007 καλὴν
815 3934 1016 4005 ταύτην
1043 3935 1295 4006 ἀπειρίαν
1329 3935 1615 4005 ἀνατίθησι
1647 3938 1711 4006 τῇ
1743 3936 1941 4003 γνώσει

355 4028 451 4082 τοῦ
490 4028 683 4082 ἑαυτοῦ
714 4028 946 4100 Πατρός.
989 4030 1100 4082 Καὶ
1133 4029 1264 4101 ἄλλη
1308 4028 1365 4081 δὲ
1398 4029 1587 4100 Γραφὴ
1622 4028 1741 4083 θεία
1773 4031 1942 4101 ἀφρο-

360 4121 526 4193 σύνης
562 4110 959 4193 μέμνηταιτοῦ
989 4122 1242 4193 Σωτῆρος
1278 4120 1582 4193 συμφώνως
1619 4124 1685 4192 τῇ
1718 4140 1936 4193 προκει-

362 4212 518 4286 μένῃ.
557 4213 871 4283 Γέγραπται
917 4211 1048 4279 γοῦν
1087 4213 1144 4263 ὲν
1171 4213 1500 4283 Παροιμίαις
1525 4230 1537 4242 ·
1578 4232 1595 4263 ‹
1620 4212 1758 4266 Τάδε
1794 4213 1939 4282 λέγει

356 4305 495 4378 ἀνὴρ
538 4308 651 4369 τοῖς
699 4305 1011 4359 πιστεύουσι
1052 4305 1190 4376 Θεῷ,
1232 4306 1323 4358 καὶ
1369 4306 1632 4377 παύομαι.
1688 4308 1939 4378 Ἀφρονέ-

358 4416 553 4461 στέατος
587 4398 696 4468 γάρ
740 4400 857 4466 είμι
904 4398 1122 4451 πάντων
1176 4397 1498 4469 ἀνθρώπων,
1536 4399 1629 4452 καὶ
1677 4400 1939 4472 φρόνησις

355 4487 641 4559 ἀνθρώπου
668 4488 767 4541 ούκ
793 4488 936 4541 ἔστιν
964 4490 1022 4541 ἐν
1048 4488 1189 4559 ἐμοί.
1208 4487 1339 4550 Θεὸς
1365 4488 1602 4560 δεδίδαχέ
1628 4508 1693 4561 με
1724 4493 1937 4562 σοφίαν,

355 4582 451 4635 καὶ
503 4581 701 4651 γνῶσιν
754 4583 926 4650 ἁγίων
972 4582 1206 4651 ἔγνωκα.
1236 4602 1252 4633 ι
1314 4584 1425 4637 Καὶ
1482 4585 1542 4637 ὲν
1585 4585 1793 4649 τούτοις
1831 4587 1940 4659 γὰρ

356 4673 574 4726 πάντων
626 4674 724 4744 μὲν
769 4673 1069 4745 ἀνθρώπων
1124 4676 1521 4746 ἀφρονέστατον
1570 4678 1760 4730 ἑαυτὸν
1800 4675 1940 4734 εἶναι

354 4764 524 4833 λέγει,
558 4766 650 4818 καὶ
680 4767 940 4837 φρόνησιν
987 4767 1274 4840 ἀνθρώπου
1319 4770 1393 4839 μὴ
1434 4769 1754 4839 ἐσχηκέναι’
1792 4773 1941 4843 ὅμως

353 4854 409 4907 δὲ
447 4855 576 4925 παρ’
604 4855 769 4908 αὑτοῦ
810 4854 901 4908 τοῦ
927 4855 1061 4908 Θεοῦ
1096 4856 1398 4927 δεδιδάχθαι
1432 4858 1530 4927 τὴν
1566 4862 1939 4933 πνευματικὴν

357 4943 569 5012 σοφίαν,
605 4946 700 4997 καὶ
724 4945 821 5014 τὴν
851 4945 1051 5012 γνῶσιν
1077 4946 1184 4999 τῶν
1213 4947 1381 5016 ἁγίων
1410 4949 1727 5016 ἐγνωκέναι.
1780 4952 1938 5007 Ἀλλὰ

355 5038 451 5090 καὶ
490 5058 507 5089 ί
554 5040 609 5091 αἱ
670 5039 1043 5110 πλημμέλειαι
1087 5059 1223 5110 μου,
1274 5043 1473 5111 φησὶν,
1539 5044 1647 5096 ἀπὸ
1696 5045 1791 5098 σοῦ
1838 5047 1937 5099 οὐκ

357 5127 768 5200 ἀπεκρύϐησαν.
800 5149 817 5180 ι
872 5129 935 5181 Εἰ
977 5128 1087 5201 γὰρ
1134 5126 1275 5200 ἦσάν
1319 5148 1462 5194 τινες
1508 5133 1564 5184 ἐν
1596 5134 1718 5203 ἐμοὶ
1759 5134 1940 5205 πλημ-

359 5217 589 5287 μέλειαι,
634 5220 701 5273 δι’
746 5221 812 5284 ἂς
855 5220 931 5292 τῷ
974 5222 1189 5293 σταυρῷ
1223 5240 1289 5292 με
1326 5223 1755 5295 προσετίμησαν,
1798 5228 1939 5296 τάχα

358 5325 460 5362 που
507 5312 571 5363 σὺ
611 5312 827 5384 πρῶτος
860 5312 1062 5380 ἔγνως,
1110 5313 1167 5365 ὃν
1197 5313 1480 5367 λανθάνειν
1518 5314 1668 5367 οὐδὲν
1706 5310 1816 5368 οἷόν
1845 5333 1934 5369 τεο

356 5399 471 5453 ἀλλ’
501 5401 711 5465 οὐδένες
738 5401 858 5473 (sic)
894 5398 1056 5473 ἦσαν.
1100 5402 1191 5455 Διὸ
1224 5405 1273 5456 οἱ
1310 5403 1593 5475 μισοῦντές
1629 5422 1693 5475 με
1728 5405 1938 5477 δωρεὰν

358 5492 613 5560 ἑμίσουν,
689 5495 783 5547 καὶ
841 5497 889 5548 οί
959 5480 1312 5559 ἐκδιώκοντές
1366 5514 1433 5566 με
1489 5497 1689 5560 ἀδίκως
1754 5497 1788 5551 ἃ
1842 5499 1940 5569 οὐχ

356 5584 584 5657 ἦρπασα
638 5587 987 5659 ἐξέπραττον.
1052 5588 1204 5643 Ἐπεὶ
1247 5589 1303 5640 δὲ
1338 5588 1794 5660 ψευδομάρτυρας
1846 5591 1939 5643 καὶ

436 5743 455 5773 ⁸
495 5742 536 5796 ll
570 5743 695 5805 Cor.
739 5762 857 5815 xm,
897 5746 947 5800 4.
1026 5750 1045 5779 ⁵
1088 5746 1105 5800 l
1143 5748 1261 5803 Cor.
1311 5764 1347 5815 ι,
1387 5746 1575 5802 25-25.

2052 3193 2365 3263 insipientia
2394 3203 2498 3258 est,
2541 3194 2702 3250 nobis
2732 3203 2913 3250 tamen
2945 3197 3177 3253 salutem
3242 3199 3420 3255 nactis
3452 3198 3632 3254 virtus

2048 3281 2145 3337 Dei
2175 3290 2278 3337 est.
2308 3282 2459 3337 lianc
2489 3283 2656 3353 igitur
2697 3284 3069 3355 insipientiam
3107 3297 3160 3341 et
3199 3288 3487 3341 stultitiam
3521 3304 3631 3342 non

2048 3375 2321 3445 ignoravit
2359 3374 2539 3443 Deus;
2575 3391 2702 3430 nam
2759 3360 2935 3445 ipsius
2979 3377 3190 3446 judicio
3236 3380 3466 3434 exstitit.
3503 3380 3632 3434 ldeo

2048 3468 2163 3521 ait:
2204 3488 2221 3519 ι
2264 3467 2427 3532 Deus,
2484 3478 2539 3522 tu
2598 3470 2709 3525 scis
2778 3471 3148 3541 insipientiam
3216 3486 3413 3525 meam.
3460 3492 3479 3524 ι
3516 3471 3629 3526 Nos

2045 3575 2177 3613 vero
2211 3558 2575 3630 Symmachus
2607 3560 2675 3615 ab
2719 3561 2822 3615 hac
2854 3578 2915 3615 re
2961 3561 3255 3631 expedivit,
3310 3561 3391 3616 sic
3452 3562 3627 3616 inter-

2046 3658 2294 3720 prctatus
2328 3671 2339 3705 :
2379 3670 2398 3702 ί
2439 3651 2603 3714 Deus,
2639 3661 2695 3707 tu
2728 3654 2838 3708 scis
2864 3654 3190 3724 imperitiam
3225 3670 3423 3726 meam,
3468 3674 3487 3706 ›
3524 3656 3632 3708 im-
3702 3682 3707 3687 ι

2045 3743 2298 3812 peritiam
2328 3744 2541 3799 scilicet
2572 3761 2693 3816 quae
2740 3746 2797 3800 in
2843 3746 3160 3807 hominibus
3198 3755 3300 3803 est.
3327 3746 3463 3801 Nam
3502 3764 3625 3802 cum

2046 3835 2114 3887 ab
2147 3834 2430 3889 hominum
2484 3822 2694 3891 malitia
2754 3839 2969 3893 alienus
3004 3847 3172 3904 esset,
3206 3841 3347 3895 hanc
3399 3841 3626 3911 probam

2044 3930 2373 3999 imperitiam
2409 3931 2590 3987 Patris
2646 3935 2732 3988 sui
2816 3936 3115 4005 cognitioni
3173 3934 3438 4003 assignat.
3485 3933 3629 3987 Alibi

2043 4037 2262 4091 quoque
2287 4022 2472 4078 divina
2508 4024 2794 4096 Scriptura
2821 4028 3153 4097 insipientia:
3187 4026 3488 4082 Salvatoris
3514 4042 3629 4081 me-

2044 4114 2224 4179 minit,
2263 4114 2461 4186 hisque
2518 4126 2810 4174 consonat.
2872 4119 3151 4191 Scriptum
3213 4120 3397 4190 itaque
3439 4126 3524 4175 est
3570 4119 3629 4173 in

2042 4207 2354 4264 Proverbiis
2420 4230 2433 4265 :
2474 4228 2492 4261 ι
2551 4209 2675 4266 Haec
2703 4213 2837 4267 dicit
2878 4215 2961 4268 vir
3012 4213 3363 4270 credentibus
3398 4214 3529 4279 Deo,
3574 4222 3632 4269 et

2043 4315 2223 4355 cesso.
2276 4299 2647 4359 Stultissimns
2670 4306 2815 4359 enim
2850 4322 2971 4361 sum
3026 4308 3268 4361 omnium
3322 4308 3628 4371 hominum,

2044 4400 2097 4446 et
2128 4393 2421 4463 prudentia
2465 4394 2705 4451 hominis
2738 4413 2846 4451 non
2891 4407 2976 4453 est
3029 4400 3083 4453 in
3120 4416 3227 4454 me.
3271 4398 3414 4454 Deus
3443 4400 3631 4453 docuit

2048 4498 2135 4536 me
2167 4484 2516 4553 sapientiam,
2544 4494 2598 4540 et
2627 4488 2995 4558 cognitionem
3028 4500 3343 4545 sanctorum
3386 4491 3508 4543 novi
3530 4489 3570 4542 ⁸.
3604 4507 3623 4540 ι

2048 4574 2106 4628 ln
2141 4576 2229 4631 his
2265 4594 2507 4647 namque
2530 4594 2589 4634 se
2625 4581 2870 4634 omnium
2923 4582 3206 4636 hominum
3249 4580 3631 4651 insipientissi-

2048 4681 2198 4719 mum
2236 4668 2579 4737 pronuntiat.
2620 4676 2674 4724 et
2727 4669 3076 4739 prudentiam
3125 4671 3363 4725 hominis
3421 4686 3479 4725 se
3515 4684 3626 4723 non

2050 4759 2250 4815 habere
2281 4761 2414 4814 dicit
2450 4780 2461 4813 :
2493 4760 2588 4816 sed
2641 4770 2824 4817 tamen
2860 4763 2928 4817 ab
2965 4764 3085 4834 ipso
3116 4761 3228 4816 Deo
3266 4763 3519 4817 edoctum
3570 4777 3628 4816 se

2049 4853 2393 4922 spiritualem
2432 4854 2779 4921 sapientiam,
2810 4862 2866 4907 et
2898 4854 3266 4924 cognitionem
3312 4863 3626 4907 sanctorum

2048 4960 2214 5000 nosse
2236 4951 2449 4998 narrat.
2487 4941 2592 4998 Sed
2630 4945 2817 5008 etiam,
2858 4946 3058 5015 inquit,
3085 4964 3103 4996 ‹
3140 4945 3339 5000 delicta
3372 4961 3491 4999 mea
3512 4960 3543 4998 a
3576 4954 3630 4999 te

2044 5052 2156 5091 non
2219 5045 2346 5092 sunt
2410 5037 2751 5093 abscondita.
2790 5057 2809 5089 ι
2846 5036 2979 5091 Nam
3016 5039 3062 5093 si
3119 5039 3366 5109 quaedam
3422 5038 3478 5091 in
3542 5055 3629 5093 me

2046 5128 2249 5185 delicta
2297 5138 2506 5194 essent,
2566 5132 2638 5185 ob
2685 5146 2807 5201 qua;
2863 5146 2951 5185 me
3008 5132 3160 5186 cruci
3209 5130 3627 5196 destinaverint,

2047 5237 2179 5277 sane
2207 5229 2264 5275 tu
2298 5222 2509 5292 primus
2536 5238 2752 5286 nosses,
2780 5222 2866 5276 cui
2905 5223 3075 5279 latere
3110 5223 3246 5276 nihil
3278 5231 3495 5292 potest;
3528 5223 3627 5278 sed

2046 5315 2197 5368 nulla
2221 5323 2400 5369 erant.
2442 5314 2625 5380 Quare
2645 5317 2737 5386 qui
2762 5315 2991 5370 oderant
3014 5332 3120 5381 me,
3150 5318 3321 5387 gratis
3354 5316 3582 5372 oderant
3610 5334 3625 5369 :

2046 5414 2102 5461 et
2126 5408 2219 5478 qui
2244 5408 2717 5478 persequebantur
2749 5425 2855 5473 me,
2902 5409 3105 5480 injuste
3151 5427 3273 5481 quae
3326 5427 3437 5466 non
3470 5414 3627 5483 rapui

2047 5500 2358 5572 exigebant.
2393 5499 2535 5566 Quia
2583 5518 2716 5557 vero
2742 5501 2912 5557 falsos
2955 5508 3125 5558 testes
3171 5512 3226 5558 et
3259 5505 3627 5576 sycophantas

2048 5592 2116 5646 ad
2152 5608 2239 5649 me
2269 5595 2643 5659 accusandum
2701 5594 3101 5662 subornarunt,
3127 5607 3184 5653 tu
3226 5600 3394 5668 nosti,
3426 5600 3624 5675 inquit,

1656 5749 1675 5777 ⁸
1716 5746 1877 5802 Prov.
1922 5763 2051 5811 xxx,
2098 5750 2211 5817 l-5._
