4128 6392
525 378 633 433 735

1191 377 1463 436 EUSEBII
1498 375 1982 435 CESARlENSlS
2017 374 2070 432 0]

2211 373 2395 432 PARS
2433 374 2519 432 Ill.
2561 405 2632 420 —
2670 377 3083 435 EXEGETICA.

3697 381 3800 439 756

525 495 670 552 Deus
695 513 826 552 num
859 499 990 568 quid
1017 507 1304 570 peccatum
1337 516 1369 554 a
1409 516 1496 556 me
1544 501 1633 555 sit.
1664 499 1850 570 Neque
1892 499 2039 555 enim
2067 519 2070 552 :

2174 507 2190 557 ι
2220 499 2563 568 συκοφάντας
2597 499 2832 570 ἔστησαν
2864 501 2922 554 ἐν
2953 502 3020 572 τῇ
3055 502 3173 564 κατ’
3208 500 3341 572 ἐμοῦ
3376 489 3798 576 κατηγορίᾳ,’σὺ

521 589 771 658 quaedam
795 590 932 644 mihi
987 591 1186 646 delicta
1218 593 1486 656 inessent,
1523 592 1621 648 tibi
1649 599 1834 647 essent
1870 592 2106 647 occulta.

519 675 589 732 Et
620 678 780 742 alias,
814 679 860 734 si
891 689 1077 734 nostra
1112 681 1230 750 ipse
1262 690 1483 751 peccata
1519 682 1798 748 abstersit,
1825 691 1878 736 et
1931 682 2109 738 factus

517 778 604 825 est
633 786 733 841 pro
776 771 940 826 nobis
990 773 1368 838 maledictum,
1403 774 1478 828 ita
1521 782 1581 828 ut
1623 773 1691 829 de
1718 775 1811 830 illo
1839 775 2054 830 dicatur
2090 791 2105 827 :

523 881 542 913 ι
583 861 704 932 ipse
740 871 968 934 peccata
1009 874 1197 920 nostra
1247 873 1451 936 portat,
1478 875 1531 921 et
1575 883 1674 938 pro
1704 869 1864 924 nobis
1894 871 2108 925 crucia-

517 964 626 1008 tur.
662 955 726 1008 Et
758 959 874 1026 ipse
899 958 1221 1012 vulneratus
1257 967 1342 1013 est
1374 968 1599 1029 propter
1629 970 1853 1030 peccata
1890 970 2102 1026 nostra,

514 1033 826 1102 infirmatus
857 1060 940 1103 est
985 1059 1206 1119 propter
1245 1049 1566 1119 iniquitates
1625 1059 1868 1108 nostras.
1901 1053 1963 1106 Et
2001 1051 2100 1107 Do-

515 1140 704 1193 minus
741 1141 968 1194 tradidit
999 1157 1124 1195 eum
1175 1143 1416 1212 peccatis
1477 1144 1682 1198 nostris
1702 1144 1741 1196 ⁷.
1778 1163 1797 1195 ι
1837 1141 1984 1208 Haec,
2020 1145 2104 1199 in-

511 1232 654 1300 quit,
700 1231 900 1286 delicta
971 1248 1074 1304 pro
1121 1233 1439 1289 hominibus
1507 1235 1776 1305 suscepi:
1817 1242 1874 1288 tu
1927 1237 2098 1302 nosti,

512 1321 678 1388 Deus,
709 1325 838 1394 quia
871 1339 980 1378 non
1015 1325 1334 1380 abscondita
1379 1327 1477 1381 tibi
1534 1336 1682 1381 sunt.
1723 1327 1909 1397 Neque
1941 1331 2090 1384 enim

510 1423 709 1486 praeter
738 1417 1030 1470 consilium
1065 1428 1215 1471 tuum
1270 1418 1460 1473 istheec
1513 1420 1752 1476 suscepi.
1783 1419 1963 1492 Quare
2007 1422 2097 1476 illa

510 1510 704 1564 notitia
737 1519 833 1564 tua
863 1510 1026 1580 digna
1063 1509 1315 1566 effecisti.

578 1792 746 1848 Vens.
779 1795 828 1848 7.
861 1814 879 1846 ι
919 1795 1038 1851 Non
1068 1796 1400 1852 erubescant
1448 1799 1504 1853 in
1527 1815 1614 1852 me
1645 1798 1739 1868 qui
1765 1807 2090 1870 exspectant

2213 587 2380 656 οἶδας,
2434 594 2618 663 φησιν,
2667 597 2695 646 ὁ
2723 587 2890 657 Θεὸς,
2939 591 2993 646 ετ
3018 593 3140 647 τινά
3179 611 3268 664 μοι
3314 593 3792 668 πεπλημμέληται.

2211 683 2288 736 Οὐ
2329 684 2437 755 γὰρ
2484 685 2551 738 ἂν
2589 684 2900 756 ἐκρύϐησάν
2952 702 3010 738 σε
3033 721 3053 749 ,ι
3096 686 3148 738 εί
3187 703 3333 749 τινες
3381 683 3522 758 ἦσαν
3569 677 3631 740 ἐν’
3673 691 3796 760 ἐμοὶ

2211 776 2600 848 πλημμέλειαι.
2627 779 2738 832 Καὶ
2765 778 2960 841 ἄλλως,
2987 781 3034 832 εἰ
3059 778 3157 842 τὰς
3179 779 3453 852 ἡμετέρας
3485 774 3795 852 ἀνεμάξατο

2209 868 2513 939 ἁμαρτίας,
2551 870 2646 923 καὶ
2677 871 2903 939 γέγονεν
2937 871 3078 941 ὑπὲρ
3123 870 3278 943 ήμῶν
3321 873 3565 945 κατάρα,
3597 874 3674 938 ὡς
3703 875 3793 928 λέ-

2207 960 2399 1027 γεσθαι
2450 963 2578 1033 περὶ
2632 962 2830 1016 αὑτοῦ·
2890 977 2912 1014 ι·
2943 958 3111 1025 Οὗτος
3162 965 3262 1028 τὰς
3307 966 3582 1036 ἁμαρτίας
3627 968 3788 1038 ἡμῶν

2207 1048 2383 1123 φέρει,
2420 1051 2514 1104 καὶ
2562 1053 2691 1123 περὶ
2719 1052 2878 1124 ήμῶν
2920 1052 3190 1108 ὀδυνᾶται.
3237 1056 3348 1109 Καὶ
3393 1056 3554 1120 αὐτὸς
3592 1057 3789 1130 ἐτραυ-

2207 1143 2443 1214 ματίσθη
2479 1143 2567 1196 διὰ
2598 1144 2698 1208 τὰς
2730 1146 3002 1218 ἁμαρτίας
3039 1147 3215 1218 ἡμῶν,
3246 1149 3340 1201 καὶ
3385 1149 3785 1220 μεμαλάκισται

2201 1234 2288 1288 διὰ
2315 1235 2418 1299 τὰς
2449 1235 2678 1308 ἀνομίας
2711 1238 2885 1309 ήμῶν.
2915 1239 3026 1292 Καὶ
3047 1239 3252 1312 Κύριος
3285 1241 3598 1312 παρέδωκεν
3623 1244 3784 1300 αὑτὸν

2199 1329 2316 1389 ταῖς
2342 1329 2637 1400 ἁμαρτίαις
2661 1332 2836 1402 ήμῶν.
2853 1351 2871 1383 ι
2906 1332 3013 1386 Καὶ
3039 1333 3260 1398 ταύτας,
3293 1335 3445 1407 φησὶ,
3477 1337 3576 1402 τὰς
3604 1339 3707 1411 πλη
3718 1359 3783 1410 μ-

2202 1417 2423 1486 μελείας
2475 1421 2617 1493 ὑπὲρ
2679 1423 2982 1496 ἀνθρώπων
3035 1425 3402 1498 ἀνεδεξάμην·
3466 1430 3530 1482 σὺ
3586 1429 3777 1498 ἔγνως,

2192 1509 2225 1569 ὀ
2259 1508 2409 1573 Θεὸς,
2433 1513 2555 1564 ἐπεὶ
2601 1513 2678 1586 μὴ
2722 1516 3116 1588 ἀπεκρύϐησάν
3146 1535 3225 1574 σε.
3267 1520 3340 1573 Οὐ
3383 1519 3497 1592 γὰρ
3524 1520 3646 1591 δίχα
3676 1521 3779 1592 τῆς

2198 1601 2296 1670 σῆς
2329 1601 2636 1675 βουλήσεως
2696 1610 2900 1674 ταύτας
2947 1611 3320 1683 ἀνεδεξάμην·
3365 1613 3445 1666 διὸ
3490 1614 3585 1668 καὶ
3621 1614 3778 1681 ἀξίας

2194 1689 2291 1761 τῆς
2322 1695 2519 1748 σαυτοῦ
2546 1696 2801 1765 γνώσεως
2824 1701 2995 1766 αὑτὰς
3019 1703 3276 1773 ἐποιήσω.

2241 1822 2257 1852 ι
2271 1803 2360 1877 Μὴ
2379 1809 2794 1880 αἰσχυνθείησαν
2810 1814 2931 1866 ἐπ’ἐ
2939 1815 3005 1884 μὲ
3030 1817 3079 1867 οἱ
3099 1816 3460 1888 ὑπομένοντες
3479 1836 3557 1883 σε,
3580 1820 3773 1893 Κύριε,

504 1894 582 1951 te,
639 1885 888 1951 Domine,
940 1886 1166 1944 Domine
1210 1890 1496 1943 virtutum.
1538 1909 1555 1941 ι
1591 1887 1730 1955 Quia
1785 1890 2070 1943 doctrinan

2196 1873 2366 1967 Κύριε
2531 1873 2830 1975 δυνάμεων.
2849 1926 2866 1957 ι
2889 1873 3106 1979 Ἐ’πειδὴ
3262 1911 3398 1989 ἐμὴν
3426 1873 3775 1972 διδασκαλίαν

504 1994 681 2034 meam
710 1981 987 2050 sapientes
1034 1981 1200 2050 hujus
1234 1983 1420 2038 saeculi
1464 1983 1848 2049 criminantur,
1885 1985 2091 2053 ipsam-

501 2087 611 2142 que
637 2072 847 2142 pellunt
877 2080 936 2126 ut
969 2072 1287 2143 insipientia
1330 2081 1385 2129 et
1437 2075 1670 2130 stultitia
1705 2077 1921 2146 plenam
1962 2093 2088 2148 pro-

500 2171 623 2234 pter
683 2165 1107 2235 ignominiosam
1161 2183 1403 2233 crucem,
1458 2185 1653 2238 precor
1687 2187 1752 2226 ac
1804 2187 1955 2242 rogo,
1991 2187 2086 2228 eos

499 2257 596 2326 qui
628 2258 861 2312 credunt
905 2257 960 2313 in
992 2275 1078 2314 me
1112 2261 1211 2315 abs
1241 2269 1292 2315 te
1334 2263 1540 2316 servari
1592 2263 1979 2328 immutabiles,
2011 2266 2085 2320 ita

499 2356 561 2403 ut
619 2367 900 2422 nunquam
962 2354 1313 2410 erubescant.
1348 2353 1530 2421 Quare
1562 2363 1619 2410 tu
1655 2357 1793 2426 ipse,
1834 2357 2081 2425 Domine,

497 2441 730 2496 Domine
787 2444 1074 2507 virtutum,
1111 2460 1206 2501 eos
1262 2446 1356 2516 qui
1410 2457 1634 2518 prepter
1712 2449 2080 2518 cognitionem

497 2541 645 2587 tuam
709 2549 740 2588 a
791 2551 878 2591 me
934 2537 1194 2591 traditam
1246 2539 1662 2609 impugnantur,
1731 2541 1826 2611 qui
1893 2544 2079 2612 gravia

494 2640 710 2694 semper
732 2627 1039 2695 patiuntur,
1058 2635 1113 2682 et
1139 2645 1314 2699 usque
1341 2629 1408 2684 ad
1436 2639 1667 2687 mortem
1690 2643 2067 2702 perseverant,

491 2731 562 2772 ne
609 2717 984 2788 derelinquas,
1018 2736 1086 2774 ne
1140 2721 1196 2776 in
1248 2738 1336 2778 me
1376 2733 1663 2794 sperantes
1727 2727 2075 2790 confundan-

489 2814 603 2876 tur,
634 2810 728 2880 qui
766 2817 820 2865 te
865 2809 1036 2866 Deum
1095 2811 1264 2869 Israel
1311 2816 1630 2885 exquirunt.
1660 2811 1889 2874 Etiamsi
1932 2822 2076 2875 enim

489 2912 542 2954 te
571 2902 702 2956 olim
732 2919 843 2958 non
874 2913 1188 2970 noscerent,
1217 2907 1347 2978 quia
1371 2908 1715 2968 dazmonibus
1745 2914 1906 2969 malis
1941 2915 2074 2971 sub-

487 2991 590 3048 diti
625 3003 784 3048 erant
810 3014 824 3064 ;
854 3004 910 3051 at
930 2997 1042 3067 jam
1070 3014 1193 3053 cum
1213 3006 1267 3054 te
1288 3007 1538 3067 nosCant,
1559 3004 1614 3058 in
1643 3007 1889 3061 omnium
1923 3009 2070 3063 obli-

487 3085 704 3141 vionem
738 3100 1031 3154 venerunt,
1063 3099 1226 3161 teque
1265 3093 1444 3148 solum
1495 3097 1789 3166 quaerendo
1820 3115 2072 3169 perseve—

2193 1988 2241 2040 οί
2284 1991 2437 2058 σοφοὶ
2480 1993 2573 2048 τοῦ
2605 1997 2798 2060 αἰῶνος
2831 1997 3017 2051 τούτου
3059 1988 3452 2070 διαϐάλλουσιν,
3489 2007 3773 2064 ἐλαύνουσί

2189 2083 2255 2134 τε·
2287 2084 2454 2155 αὐτὴν
2491 2085 2567 2150 ὼς
2605 2090 2807 2160 μεστὴν
2843 2092 3153 2166 ἀφροσύνης
3182 2097 3275 2150 καὶ
3321 2101 3530 2170 μωρίας
3556 2102 3644 2158 διὰ
3678 2105 3771 2159 τὸν

2189 2175 2550 2232 ἐπονείδιστον
2587 2182 2837 2254 σταυρὸν,
2866 2185 3128 2239 ἀντιϐολῶ
3160 2188 3254 2241 καὶ
3285 2189 3493 2260 δέομαι,
3525 2195 3650 2258 τοὺς
3689 2199 3770 2261 εἰς

2186 2270 2286 2340 ἐμὲ
2317 2271 2670 2336 πιστεύοντας
2699 2274 3059 2342 φυλάττεσθαι
3089 2280 3192 2333 ὑπὸ
3227 2280 3319 2333 σοῦ
3353 2283 3763 2356 ἀδιατρέπτους,

2185 2363 2260 2427 ὡς
2298 2364 2505 2434 μήποτε
2536 2369 3014 2441 καταισχυνθῆναι.
3047 2373 3136 2426 Διὸ
3174 2376 3235 2428 σὺ
3271 2377 3460 2444 αὐτὸς,
3495 2373 3539 2432 ὧ
3567 2381 3762 2451 Κύριε,

2184 2456 2356 2528 Κύριε
2398 2457 2506 2510 τῶν
2549 2459 2850 2531 δυνάμεων,
2902 2465 3026 2528 τοὺς
3077 2464 3513 2538 πολεμουμένους
3544 2470 3631 2524 διὰ
3663 2474 3764 2546 τὴν

2184 2547 2282 2618 σήν
2331 2549 2565 2617 γνῶσιν,
2618 2553 2683 2623 ἢν
2733 2554 2822 2606 ὑπ’
2875 2556 3008 2626 ἐμοῦ
3069 2559 3474 2631 παρειλήφασι,
3534 2567 3762 2620 πάντοτε

2182 2641 2551 2712 ὑπομένοντας
2579 2645 2647 2698 τὰ
2674 2646 2825 2700 δεινὰ
2855 2649 2948 2702 καὶ
2984 2651 3142 2723 μέχρι
3170 2653 3400 2710 θανάτου
3435 2660 3762 2731 καρτεροῦν-

2178 2749 2307 2798 τας,
2348 2735 2421 2806 μὴ
2456 2739 2856 2812 ἐγκαταλείπῃς
2881 2781 2894 2805 ,
2935 2743 3067 2814 μηδέ
3111 2747 3511 2818 ἐντραπείησαν
3556 2750 3760 2826 θαρσή-

2181 2839 2371 2889 σαντες
2416 2827 2502 2878 ἐπ’
2530 2829 2685 2898 ἐμοὶ,
2728 2831 2778 2883 oi
2821 2832 2880 2884 σέ
2923 2833 3015 2886 τὸν
3043 2833 3173 2887 Θεὸν
3207 2836 3299 2889 τοῦ
3338 2837 3554 2910 Ἰσραὴλ
3597 2840 3760 2913 ἐκζη-

2175 2916 2414 2982 τοῦντες.
2435 2920 2496 2972 Εἰ
2524 2921 2631 2994 γάρ
2647 2923 2742 2976 καὶ
2765 2923 2832 2977 τά
2866 2925 3098 2996 μάλιστα
3123 2924 3260 3000 ἦσάν
3281 2949 3409 2984 ποτε
3441 2913 3760 3002 ἀγνοοῦντες

2177 3027 2236 3062 σε
2276 3011 2364 3064 διὰ
2400 3012 2460 3066 τὸ
2491 3013 2711 3085 δαίμοσι
2752 3022 3012 3090 πονηροῖς
3045 3021 3429 3090 δεδουλῶσθαι,
3469 3027 3608 3081 ἀλλὰ
3638 3028 3762 3096 νῦν,

2175 3102 2487 3170 ἐπιγνόντες
2533 3121 2626 3169 σε,
2680 3107 2898 3162 πάντων
2945 3110 3042 3180 μὲν
3089 3110 3257 3182 λήθην
3306 3113 3661 3186 ἐποιήσαντο,
3696 3118 3758 3172 σὲ

486 3185 630 3232 rant.
662 3177 1029 3246 Quamobrem
1061 3182 1334 3254 supplicio
1369 3202 1438 3242 ne
1485 3189 1920 3256 confundantur,
1962 3210 2067 3249 neu

2174 3192 2231 3244 δὲ
2293 3194 2450 3264 μόνον
2507 3196 2809 3251 διατελοῦσι
2867 3177 3176 3271 ζητοῦντες.
3214 3177 3336 3256 ’Διὸ
3395 3177 3762 3286 ίκέτεύωϋμή,

489 3285 509 3319 ι
551 3269 854 3338 ignominia
903 3272 1232 3344 afﬁciantur;
1275 3296 1295 3327 ι
1343 3278 1424 3332 sic
1480 3281 1627 3334 enim
1675 3283 2069 3355 interpretatus

486 3354 852 3428 Symmachus
900 3371 1033 3418 est:
1071 3383 1090 3416 ι
1134 3365 1214 3422 Ne
1274 3367 1689 3424 confundantur
1738 3354 1904 3445 super
1957 3393 2066 3442 me,

483 3451 577 3520 qui
615 3462 936 3523 exspectant
968 3465 1042 3525 te,
1073 3457 1303 3517 Domine
1328 3461 1475 3518 Deus
1502 3463 1792 3531 virtutum,
1823 3484 1892 3522 ne
1913 3468 2072 3539 igno-

481 3542 651 3597 minia
698 3542 1013 3602 afficiantur
1057 3565 1225 3621 super
1265 3568 1352 3609 me
1385 3555 1481 3625 qui
1529 3569 1781 3626 quaerunt
1812 3566 1886 3622 te,
1925 3559 2068 3617 Deus

480 3632 670 3690 Israel.
716 3655 734 3688 ι
778 3635 1050 3696 Observes
1112 3659 1278 3712 porro
1354 3649 1635 3716 quomodo
1694 3649 1904 3704 dictum
1971 3653 2064 3714 sit.

485 3743 504 3775 ι
551 3723 805 3788 Domine,
838 3727 1068 3786 Domine
1105 3735 1407 3803 virtutum;
1445 3757 1463 3790 ι
1500 3738 1574 3792 ita
1621 3749 1680 3794 ut
1734 3756 1930 3796 nomen
1962 3741 2067 3795 Du-

479 3815 613 3870 mini
639 3818 950 3886 repetitum,
981 3829 1037 3876 et
1076 3822 1144 3876 ad
1175 3822 1346 3880 Deum
1387 3828 1774 3884 universorum
1832 3833 2063 3887 relatum

477 3907 568 3962 sit.

549 4021 720 4078 Vens.
748 4025 802 4089 8,
833 4025 886 4080 9.
925 4047 944 4079 ι
983 4027 1257 4095 Quoniam
1317 4043 1543 4104 propter
1590 4043 1644 4091 te
1697 4039 1937 4093 sustinui
1966 4055 2066 4108 op-

474 4116 786 4189 probrium,
818 4123 1035 4190 operuit
1079 4125 1334 4180 confusio
1393 4127 1585 4183 faciem
1638 4146 1839 4184 meam.
1885 4151 1904 4184 »
1945 4132 2061 4186 (ἷξες

473 4206 601 4272 teri,
635 4208 837 4278 inquit,
874 4211 1127 4269 homines
1167 4217 1238 4270 ob
1284 4225 1506 4287 peccata
1559 4236 1657 4274 sua
1690 4225 2056 4293 correptioni-

473 4296 578 4352 bus
602 4309 654 4353 ct
682 4303 998 4371 opprobriis
1051 4307 1458 4379 subjiciuntur;
1488 4327 1588 4382 ego
1637 4329 1769 4368 vero
1794 4316 1886 4384 qui
1930 4331 2059 4385 pec-

471 4401 654 4446 catum
692 4410 802 4449 non
837 4397 984 4462 novi,
1021 4411 1247 4470 propter
1281 4411 1334 4458 te
1380 4406 1616 4461 sustinui
1673 4409 2054 4478 Opprobrium,

468 4484 599 4552 quia
630 4492 687 4539 tu
717 4486 855 4555 ipse,
885 4487 1029 4545 Deus
1087 4492 1370 4550 hominum
1421 4509 1652 4562 amator,
1680 4515 1781 4570 pro
1816 4501 2053 4557 humano

466 4588 670 4644 genere
703 4593 788 4632 me
823 4590 1107 4648 peccatum
1134 4582 1340 4651 fecisti;
1372 4599 1428 4642 ut
1461 4591 1553 4659 qui
1587 4593 1822 4647 credunt
1851 4593 1906 4648 in
1937 4610 2044 4660 me,

461 4663 677 4732 justitia
708 4667 1032 4729 efﬁciantur.
1065 4673 1179 4730 Imo
1218 4678 1381 4732 etiam
1417 4699 1433 4730 ι
1466 4692 1688 4752 propter
1719 4693 1770 4738 te
1809 4687 2046 4742 sustinui

463 4761 840 4828 cpproblium,
873 4783 892 4816 ›
924 4779 1047 4821 cUm
1077 4784 1146 4822 ex
1183 4771 1465 4827 voluntate
1496 4780 1588 4827 tua
1611 4790 1696 4830 me
1717 4775 1784 4829 ad
1814 4777 2043 4833 nihilum

460 4852 670 4922 redegi,
721 4863 775 4908 et
831 4855 898 4910 ad
938 4867 1172 4915 mortem
1203 4879 1381 4934 usque
1422 4865 1692 4936 depressi,
1753 4885 1862 4939 quo
1910 4881 2048 4927 tem-

459 4960 594 5016 pore
647 4957 1044 5015 praztereuntes
1096 4953 1577 5024 blasphemabant,
1637 4973 1919 5019 moventes
1952 4981 2045 5020 ca-

458 5039 569 5106 pita
607 5055 704 5093 sua
738 5047 792 5094 et
821 5041 1066 5099 dicentes
1098 5064 1110 5100 :
1149 5065 1167 5097 ι
1200 5045 1338 5111 Vah,
1368 5049 1462 5119 qui
1487 5049 1726 5107 destruis
1756 5056 2040 5124 templum,

457 5138 510 5182 et
563 5130 616 5184 in
669 5135 848 5190 tribus
890 5136 1083 5192 diebus
1141 5140 1402 5204 mdificas,
1440 5144 1652 5198 salvum
1711 5145 1801 5202 fac
1849 5157 2041 5204 temet-

458 5222 662 5292 ipsum.
691 5226 747 5278 Si
787 5225 961 5283 Filius
989 5229 1082 5284 Dei
1114 5249 1194 5295 es,
1224 5234 1496 5292 descende
1519 5238 1587 5292 de
1616 5255 1804 5296 cruce.
1840 5241 2042 5296 Simili-

457 5321 616 5368 teret
652 5317 932 5388 principes
975 5324 1322 5380 sacerdotum
1360 5327 1652 5384 illudentes
1685 5346 1808 5386 cum
1859 5348 2041 5388 sacer-
2091 5329 2093 5332 ’

456 5405 678 5463 dotibus
725 5418 779 5463 et
805 5410 1018 5469 Scribis
1072 5424 1126 5470 et
1173 5415 1468 5475 Phariszeis
1509 5421 1766 5477 dicebant
1825 5440 1838 5475 :
1887 5426 2038 5482 Alios

457 5497 640 5551 salvos
699 5498 850 5565 fecit,
884 5503 1128 5572 seipsum
1181 5524 1291 5564 non
1339 5519 1518 5580 potest
1569 5514 1782 5569 salvum
1834 5513 2037 5573 facere.

457 5587 514 5641 Si
573 5606 667 5645 rex
730 5594 899 5649 Israel
946 5605 1053 5661 est,
1089 5600 1391 5659 descendat
1445 5623 1592 5662 nunc
1637 5608 1706 5664 de
1769 5624 1956 5671 cruce.
1983 5619 2038 5666 et

453 5681 742 5738 credemus
783 5685 856 5740 ei.
899 5687 1148 5757 Speravit
1214 5695 1266 5750 in
1318 5696 1509 5764 Deum,
1547 5701 1745 5773 eripiat
1793 5717 1941 5770 eum,
1986 5704 2033 5760 si

527 5814 547 5858 ’.
587 5814 687 5873 lsa.
733 5835 850 5884 LIII,
893 5821 1014 5878 4-6.

2174 3288 2867 3360 καταισχυνθῆναιαύτοὺς,
2905 3294 3040 3364 μηδὲ
3075 3314 3094 3349 ι
3120 3296 3498 3369 άσχημονῆσαι
3523 3318 3536 3330 ·
3569 3320 3588 3353 ›
3613 3301 3757 3358 οὕτω

2171 3378 2280 3449 γὰρ
2306 3381 2648 3452 ήρμήνευσεν
2675 3386 2703 3437 ὁ
2728 3384 3023 3456 Σύμμαχος
3045 3387 3240 3441 εἰπών·
3276 3411 3293 3440 ι
3317 3391 3408 3463 Μὴ
3431 3409 3756 3465 καταισχυν-

2172 3467 2394 3540 θείησαν
2437 3471 2525 3523 ἐπ’
2573 3473 2697 3543 ἐμοὶ
2748 3476 2798 3526 οἱ
2843 3477 3250 3544 προσδοκῶντες
3297 3497 3389 3543 σε,
3439 3483 3611 3555 Κύριε
3650 3485 3754 3540 Θεὲ

2169 3560 2278 3613 τῶν
2315 3561 2598 3635 δυνάμεων
2621 3583 2634 3594 ⁸
2673 3566 2748 3637 μὴ
2774 3567 3217 3641 ἀσχημονήσαιεν
3256 3573 3342 3627 ἐπ’
3376 3577 3475 3646 ἐμὲ
3498 3579 3553 3629 ὀἱ
3589 3577 3754 3650 ἐκζηο

2169 3654 2387 3719 τοῦντές
2439 3674 2520 3720 σε,
2568 3657 2668 3710 Θεὲ
2707 3657 2802 3712 τοῦ
2843 3661 3078 3734 Ἰσραήλ.
3113 3683 3131 3715 ι
3195 3667 3474 3741 Ἐπιτήρει
3513 3669 3570 3722 δὲ
3601 3673 3750 3737 ὅπως

2169 3747 2383 3818 εἴρηται
2404 3749 2484 3813 τὸ,
2505 3769 2522 3801 ι
2549 3749 2741 3821 Κύριε,
2769 3751 2941 3823 Κύριε
2953 3753 3060 3811 τῶν
3076 3755 3377 3829 δυνάμεων,
3399 3779 3418 3813 ι
3446 3760 3752 3833 δευτεροῦν-

2168 3858 2258 3904 τος
2290 3841 2383 3895 τοῦ
2413 3841 2572 3911 λόγου
2617 3844 2716 3917 τήν
2749 3847 3092 3919 κυριολογίαν
3114 3852 3207 3904 καὶ
3229 3851 3322 3904 ἐπὶ
3343 3852 3436 3905 τὸν
3469 3854 3576 3908 τῶν
3611 3855 3748 3910 ὅλων

2166 3932 2300 3986 Θεὸν
2326 3934 2760 4006 ἀναπέμποντος.

2244 4068 2262 4100 ι
2294 4051 2416 4103 Ὅτι
2448 4049 2611 4104 ἐνεκά
2650 4069 2744 4105 σου
2787 4054 3070 4126 ὑπήνεγκα
3113 4057 3436 4130 ὀνειδισμὸν,
3479 4062 3746 4134 ἐκάλυψεν

2164 4142 2398 4214 ἐντροπὴ
2435 4142 2497 4196 τὸ
2531 4144 2822 4215 πρόσωπόν
2859 4165 2979 4218 μου.
3007 4169 3025 4200 ι
3091 4152 3154 4203 Οί
3200 4152 3296 4222 μὲν
3326 4153 3523 4218 λοιποὶ,
3557 4160 3740 4228 φησὶν,

2161 4233 2434 4304 ἄνθρωποι
2473 4235 2541 4288 δι’
2575 4238 2781 4301 οἰκείας
2825 4240 3100 4312 ἁμαρτίας
3139 4244 3384 4316 ἐλέγχοις
3417 4249 3510 4300 καὶ
3548 4249 3740 4303 ὀνειδι-

2162 4328 2319 4395 σμοῖς
2363 4326 2787 4383 ὑποϐάλλονται·
2835 4331 2945 4399 ἐγὼ
2979 4331 3036 4386 δέ
3076 4335 3104 4386 ὀ
3151 4333 3226 4405 μὴ
3263 4338 3424 4404 γνοὺς
3466 4341 3740 4412 ἁμαρτίαν

2158 4416 2323 4470 ἓνεκά
2352 4435 2444 4470 σου
2476 4419 2759 4490 ὑπήνεγκα
2783 4423 3083 4496 ὀνειδισμόν
3101 4443 3114 4456 °
3154 4427 3448 4502 ἐπειδήπερ
3487 4433 3550 4484 σὺ
3579 4433 3741 4500 αὐτὸς

2157 4510 2184 4561 ὀ
2209 4508 2587 4581 φιλάνθρωπος
2611 4511 2742 4577 Θεὸς
2777 4516 2918 4588 ὑπὲρ
2955 4517 3049 4571 τοῦ
3077 4519 3183 4573 τῶν
3214 4521 3514 4594 ἀνθρώπων
3546 4528 3738 4596 γένους

2156 4602 2430 4675 ἁμαρτίαν
2461 4621 2527 4674 με
2558 4606 2840 4678 ἐποίησας.
2883 4611 3031 4674 ὅπως
3065 4614 3114 4665 οἱ
3147 4616 3494 4681 πιστεύοντες
3524 4622 3612 4683 είςη
3634 4623 3734 4693 ἐμὲ

2150 4695 2412 4764 γένωνται
2431 4697 2766 4769 δικαιοσύνη.
2789 4701 2946 4757 Ἀλλά
2973 4707 3067 4757 καὶ
3091 4725 3108 4756 ι
3132 4707 3295 4769 ἕνεκά
3326 4727 3417 4762 σου
3450 4713 3734 4782 ὑπήνεγκα

2153 4785 2487 4856 ὀνειδισμὸν,
2521 4807 2540 4839 ι
2579 4789 2666 4842 διά
2694 4790 2793 4861 τὴν
2818 4793 2916 4864 σὴν
2965 4793 3158 4866 βουλὴν
3201 4798 3447 4864 κενώσας
3497 4805 3732 4873 ἐμαυτὸν

2148 4878 2244 4930 καὶ
2297 4878 2458 4951 μέχρι
2511 4880 2742 4936 θανάτου
2809 4886 3181 4953 ταπεινώσας,
3245 4892 3366 4944 καθ’
3427 4895 3485 4947 ὃν
3542 4898 3732 4967 καιρὸν

2145 4971 2194 5022 οἱ
2257 4973 2769 5045 παραπορευόμενοι
2829 4976 3211 5050 ἐϐλασφήμουν
3294 4985 3572 5050 κινοῦντες
3631 4989 3730 5054 τὰς

2146 5062 2388 5130 κεφαλὰς
2415 5066 2594 5118 αὐτῶν
2621 5067 2714 5120 καὶ
2741 5068 2988 5138 λέγοντες
3011 5089 3024 5102 ο
3075 5091 3091 5123 ι
3123 5073 3238 5126 Οὐὰ
3269 5078 3296 5128 ὁ
3329 5079 3614 5134 καταλύων
3638 5082 3728 5135 τὸν

2142 5156 2301 5218 ναὸν,
2352 5159 2446 5211 καὶ
2489 5161 2545 5211 ἐν
2598 5163 2775 5232 τρισὶν
2835 5164 3068 5235 ἡμέραις
3139 5169 3472 5240 οἰκοδομῶν,
3553 5174 3726 5230 σῶσον

2145 5250 2389 5306 σεαυτόν.
2444 5253 2505 5305 Εἰ
2531 5253 2660 5318 Υἱὸς
2709 5251 2760 5308 εἴ
2827 5256 2920 5309 τοῦ
2963 5258 3129 5325 Θεοῦ,
3174 5263 3442 5335 κατάϐηθι
3483 5267 3590 5319 ἀπὸ
3630 5268 3727 5322 τοῦ

2143 5342 2396 5414 σταυροῦ.
2447 5346 2676 5416 Ὁμοίως
2715 5347 2771 5401 δέ
2811 5350 2904 5402 καὶ
2947 5353 2995 5403 oi
3047 5353 3322 5425 ἀρχιερεῖς
3365 5359 3726 5427 ἐμπαίζοντες

2143 5433 2283 5502 μετά
2335 5433 2444 5490 τῶν
2487 5438 2676 5508 ἱερέων
2713 5439 2808 5493 καὶ
2846 5441 3228 5513 Γραμματέων
3273 5448 3368 5501 καὶ
3413 5446 3726 5522 Φαρισαίων

2139 5524 2346 5594 ἔλεγον·
2374 5529 2600 5594 ’Ἄλλους
2645 5529 2868 5597 ἔσωσεν,
2917 5535 3107 5589 ἐαυτὸν
3151 5539 3211 5591 οὐ
3258 5539 3480 5595 δύναται
3521 5543 3721 5604 σῶσαι.

2138 5618 2203 5670 Εἰ
2253 5617 2506 5689 βασιλεὺς
2543 5623 2760 5694 Ἰσραήλ
2803 5626 2952 5692 ἐστι,
3006 5629 3299 5685 καταϐάτω
3339 5634 3433 5688 νῦν
3470 5636 3580 5690 ἀπὸ
3623 5637 3719 5692 τοῦ

2141 5715 2398 5782 σταυροῦ,
2445 5715 2535 5768 καὶ
2579 5716 2944 5788 πιστεύσομεν
2989 5720 3158 5792 αὐτῷ.
3206 5723 3472 5780 Πέποιθεν
3502 5726 3594 5784 ἐπὶ
3623 5727 3717 5782 τὸν
