4146 6390
436 324 539 380 737

1558 326 2066 383 COMMENTARIA
2105 326 2171 380 IN
2209 326 2550 386 PSALMOS.

3578 335 3684 391 738
3706 406 3709 413 η

433 442 592 494 (θεόν’
630 441 883 514 ῥυσάσθω
938 442 1121 506 αὑτὸν,
1173 443 1221 496 εί
1274 441 1416 496 θέλει
1467 444 1649 500 αὐτόν.
1691 440 1828 498 Εἶπε
1878 445 1987 515 γάρ

2113 444 2232 498 vult
2269 460 2417 501 eum.
2473 445 2621 499 Dixit
2665 446 2834 511 enim,
2858 447 2997 517 quia
3044 445 3220 503 Filius
3268 447 3363 504 Dei
3413 464 3532 505 sum
3575 451 3617 504 ⁸.
3663 473 3682 504 ι

430 533 512 586 ὅτι
551 532 684 585 Θεοῦ
713 533 840 597 Υἱός
881 536 1015 604 ειμι.
1057 554 1075 587 ι
1117 535 1302 589 Ταῦτα
1344 536 1408 607 δὴ
1460 532 1554 589 οὖν
1600 536 1869 598 θεσπίζων
1914 538 1991 590 ἐπ’

2109 535 2236 592 Haec
2285 554 2434 593 nunc
2491 539 2801 595 vaticinans
2853 538 3035 593 dicit:
3080 558 3099 592 ι
3143 539 3411 606 Quoniam
3465 552 3690 612 propter

428 624 521 676 τοῦ
577 624 859 695 παρόντος,
913 626 1107 696 φησίνο
1161 645 1181 677 ι
1209 628 1330 680 ’Ότι
1376 628 1540 681 ἕνεκά
1585 645 1678 680 σου
1723 628 1991 699 ὑπήνεγκα

2104 636 2162 685 te
2215 630 2457 685 sustinui
2498 632 2874 701 opprobrium,
2906 634 3122 702 operuit
3175 632 3428 688 confusio
3488 634 3685 689 faciem

427 715 747 787 ὀνειδισμὸν,
786 717 1055 786 ἐκάλυψεν
1094 718 1329 790 ἐντροπὴ
1370 719 1431 771 τὸ
1472 720 1760 790 πρόσωπόν
1831 738 1953 790 μου.
1980 740 1999 772 ι

428 810 503 862 οὐ
548 810 655 883 γὰρ
704 811 770 863 δι’
822 811 1097 881 ἁμαρτίας
1138 812 1302 881 ὲμάς,
1353 812 1473 864 ούδὲ
1518 811 1607 864 διὰ
1654 812 2005 883 παρανόμους

426 903 687 973 πράξεις,
721 902 872 965 ἀλλ’,
911 921 929 953 ι
967 903 1131 957 ἕνεκά
1165 921 1256 957 σου
1296 923 1314 954 ι
1367 904 1461 956 καὶ
1499 904 1589 956 τὸν
1640 904 2003 974 προλεχθέντα

426 1015 450 1045 .‹
490 994 790 1064 ὀνειδισμὸν
824 994 1117 1065 ὑπέμεινα,
1144 996 1239 1047 καί
1265 994 1325 1047 τὸ
1351 995 1639 1065 πρόσωπόν
1676 1013 1775 1065 μου
1810 995 2005 1048 ἐκάλυ-

424 1084 523 1153 ψεν
564 1087 794 1156 ὲντροπή
820 1102 831 1114 ·
852 1104 877 1136 δ
914 1086 975 1155 ἢ,
1008 1084 1147 1138 κατά
1191 1085 1283 1138 τὸν
1316 1082 1629 1155 Σύμμαχον,
1662 1104 1682 1135 ι
1708 1084 2001 1154 Ἐκάλυψεν

425 1178 799 1249 ἀσχημόνησις
821 1178 882 1231 τὸ
916 1178 1203 1249 πρόσωπον
1226 1178 1413 1233 αὐτοῦ.
1447 1198 1464 1230 ι
1499 1180 1606 1231 Καὶ
1621 1177 1793 1231 ταῦτα
1822 1179 2001 1232 πάντα

420 1269 709 1339 ὑπέμεινα,
748 1271 930 1340 φησὶν,
958 1269 1123 1325 ἕνεκά
1150 1287 1263 1334 σου,
1299 1270 1576 1323 τουτέστιν
1601 1271 1761 1325 ἕνεκα
1777 1270 1870 1323 τοῦ
1904 1270 1998 1325 σοῦ

424 1360 745 1430 θελήματος.
795 1361 952 1416 Ἀλλά
995 1360 1088 1415 καὶ
1132 1379 1151 1411 ‹
1183 1360 1693 1432 ἀπηλλοτριωμένος
1736 1361 1999 1432 ἐγενήθην

418 1455 531 1516 τοῖς
550 1453 797 1521 ἀδελφοῖς
837 1470 971 1524 μου,
1004 1454 1098 1509 καὶ
1150 1452 1297 1519 ξένος
1334 1456 1444 1517 τοῖς
1476 1455 1608 1516 υἱοῖς
1652 1452 1752 1522 τῆς
1796 1452 1998 1523 μητρός

424 1562 546 1614 μου.
581 1563 598 1595 ι
638 1544 741 1599 Δύο
772 1544 829 1599 δὲ
853 1545 1109 1613 τάγματα
1129 1544 1187 1595 ὲν
1212 1543 1420 1606 τούτοις
1442 1542 1788 1613 παρίστησιν·
1821 1541 1877 1595 ἓν
1900 1542 1997 1612 μὲν

418 1634 481 1687 τὸ
502 1633 611 1687 τῶν
642 1633 854 1704 ἀληθῶς
887 1632 1126 1701 ἀδελφῶν
1155 1631 1317 1685 αὑτοῦ
1340 1672 1353 1695 ,
1384 1627 1464 1696 οἷς
1504 1632 1735 1703 ἐγενήθη
1766 1630 1999 1702 ἀπηλλο-

418 1724 737 1794 τριωμένος·
773 1724 957 1795 ἕτερον
990 1723 1127 1776 δὲτὸ
1156 1723 1263 1775 τῶν
1289 1722 1418 1775 υἱῶν
1440 1722 1540 1791 τῆς
1573 1722 1777 1792 μητρὸς
1806 1721 1993 1785 αὑτοῦ,

2105 737 2303 775 meam.
2330 741 2352 773 ³
2383 721 2501 779 Νοιι
2528 723 2672 777 enim
2708 724 2778 777 ob
2812 733 3031 793 peccata
3067 733 3121 778 et
3165 725 3412 794 improba
3442 724 3688 781 facinora

2105 827 2263 877 mea;
2298 813 2392 867 sed
2426 832 2444 865 ι
2482 823 2704 883 propter
2734 821 2786 869 te
2836 833 2855 867 ι
2892 814 3211 884 praedictum
3263 834 3281 867 ι
3320 816 3685 886 opprobrium

2104 904 2365 967 sustinui,
2385 914 2439 959 et
2475 906 2694 973 operuit
2722 906 2975 960 confusio
3002 906 3199 961 faciem
3229 924 3404 963 meam
3436 926 3450 974 ;
3486 927 3504 960 ι
3546 912 3683 973 sive,

2102 996 2405 1049 secundum
2459 995 2841 1067 Symmachum
2879 1016 2892 1052 :
2930 1016 2951 1050 ι
2988 999 3215 1069 Operuit
3257 1001 3555 1071 ignominia
3599 1000 3689 1054 fa‘

2102 1086 2243 1140 ciem
2271 1088 2413 1157 ejus.
2450 1108 2468 1140 ι
2508 1088 2573 1142 Et
2598 1089 2712 1147 hac
2740 1090 2945 1158 omnia,
2976 1090 3152 1161 inquit
3178 1132 3193 1153 ,
3226 1102 3450 1164 propter
3480 1105 3531 1149 te
3559 1110 3687 1163 pas-

2103 1191 2198 1231 sus
2237 1193 2381 1243 sum,
2412 1180 2466 1233 id
2517 1188 2622 1246 est,
2666 1192 2889 1251 prepter
2938 1184 3273 1239 voluntatem
3312 1195 3481 1239 tuam.
3537 1187 3683 1253 Quin

2100 1271 2261 1324 etiam
2309 1293 2328 1324 ¢
2384 1284 2679 1331 extraneus
2732 1274 2909 1330 factus
2958 1292 3077 1330 sum
3130 1276 3395 1334 fratribus
3429 1280 3589 1341 meis,
3630 1289 3685 1335 et

2102 1359 2422 1428 peregrinus
2468 1360 2595 1414 filiis
2634 1362 2827 1419 matris
2876 1379 3029 1418 meae.
3078 1383 3096 1415 ι
3135 1364 3281 1420 Duos
3333 1367 3421 1421 hic
3464 1368 3687 1423 ordines

2101 1446 2413 1517 significat;
2461 1450 2691 1507 alterum
2746 1467 2935 1506 eorum
2991 1454 3085 1523 qui
3139 1470 3267 1510 vere
3328 1456 3530 1512 fratres
3565 1460 3684 1527 ejus

2098 1546 2274 1603 erant,
2311 1540 2512 1610 quibus
2535 1549 2831 1598 extraneus
2865 1542 3043 1599 factus
3071 1554 3189 1613 est;
3222 1547 3453 1601 alterum
3488 1564 3682 1603 eorum

2099 1628 2191 1697 qui
2223 1627 2319 1681 filii
2371 1629 2565 1684 matris
2618 1631 2739 1701 ejus
2769 1640 2947 1699 erant,
2980 1633 3073 1689 sed
3124 1651 3231 1690 non
3288 1635 3490 1692 fratres
3538 1637 3683 1705 ejus,

2098 1722 2298 1791 quibus
2318 1724 2645 1795 peregrinus
2678 1724 2904 1783 effectus
2933 1735 3036 1783 est.
3090 1728 3156 1783 Et
3202 1738 3386 1785 tamen
3439 1734 3682 1801 oportuit

417 1818 478 1869 οὐ
514 1817 619 1888 μὴν
650 1817 891 1886 ἀδελφῶν
937 1815 1101 1870 αὐτοῦ
1123 1855 1136 1879 ,
1170 1810 1250 1879 οἷς
1278 1816 1507 1886 ἐγενήθη
1534 1814 1702 1881 ξένος.
1741 1815 1858 1873 Καὶ
1893 1816 1991 1885 μὴν

2104 1810 2245 1866 filios
2282 1814 2476 1868 matris
2502 1813 2645 1883 ejus,
2678 1830 2802 1869 cum
2841 1816 3038 1873 fratres
3072 1819 3195 1890 ejus
3222 1830 3429 1882 essent,
3454 1822 3684 1892 perinde

414 1910 585 1981 ἐχρῆν
620 1911 767 1973 υἱοὺς
801 1909 1006 1981 μητρὸς
1038 1908 1223 1972 αὑτοῦ,
1257 1908 1415 1971 ὄντας
1458 1908 1740 1977 ἀδελφοὺς,
1774 1910 1871 1962 καὶ
1906 1909 2002 1961 αύ-

415 2003 542 2064 τοὺς
577 2002 777 2071 ὁμοίως
817 2005 929 2063 τοῖς
972 2001 1256 2073 προτέροις
1288 2000 1666 2072 χρηματίζειν.
1729 1999 1865 2053 Ἀλλ’
1902 2000 2001 2053 οὐκ

416 2093 663 2164 ὠνόμασε
688 2096 814 2156 τοὺς
844 2094 989 2155 υἱοὺς
1011 2093 1109 2163 τῆς
1151 2093 1355 2163 μητρὸς
1378 2091 1657 2160 ἀδελφοὺς,
1687 2090 1760 2154 ὡς
1782 2090 2001 2162 ἑτέρους

406 2185 574 2248 όντας
596 2184 796 2255 δηλαδὴ
820 2184 972 2256 παρά
998 2185 1057 2237 τὸ
1082 2184 1294 2255 πρῶτον
1327 2184 1513 2253 τάγμα
1542 2183 1649 2235 τῶν
1678 2182 2001 2253 ὀνομασθέν-

413 2277 792 2346 τωνάδελφῶν
824 2275 1018 2330 αὑτοῦ.
1058 2275 1134 2347 (1)
1168 2277 1261 2339 El;
1288 2271 1379 2329 οὖν
1410 2274 1669 2344 ἀδελφοὺς
1701 2274 1799 2345 μὲν
1835 2272 1997 2326 αὑτοῦ

415 2370 762 2438 γεγεγονέναι
789 2369 914 2432 τοὺς
941 2368 1103 2421 αὑτοῦ
1135 2366 1401 2439 μαθητὰς,
1431 2361 1640 2438 περὶῶν
1658 2368 1750 2421 καὶ
1766 2369 1821 2420 ἐν
1837 2367 1999 2438 ἑτέρᾳ

415 2460 597 2530 φησίψ
630 2478 648 2511 ι
690 2458 1009 2527 Ἀπαγγελῶ
1021 2458 1084 2511 τὸ
1107 2458 1278 2529 ὀνομά
1302 2475 1395 2511 σου
1430 2461 1543 2521 τοῖς
1582 2458 1828 2526 ἀδελφοῖς
1858 2474 1958 2527 μου
1980 2496 1995 2520 ,

414 2554 509 2606 καὶ
528 2555 586 2606 ὲν
614 2552 764 2624 μέσῳ
794 2552 1120 2624 Ἐκκλησίας
1138 2552 1366 2622 ὑμνήσω
1384 2568 1465 2604 σε.
1491 2570 1509 2601 ι
1524 2550 1641 2605 Καὶ
1660 2553 1718 2603 ὲν
1734 2549 1811 2621 τῷ
1827 2550 1999 2618 Εὐαγ-

414 2644 577 2715 γελίῳ
599 2647 663 2715 τῇ
689 2643 877 2715 Μαρίᾳ
916 2643 1105 2712 φανεὶς
1137 2642 1273 2713 μετά
1304 2644 1403 2715 τὴν
1437 2644 1501 2697 ὲκ
1534 2641 1742 2713 νεκρῶν
1765 2641 1997 2695 ἀνάστα-

414 2752 498 2789 σιν
524 2735 700 2804 ἔλεγει
727 2755 744 2786 ι
768 2735 1008 2806 Πορεύου
1043 2734 1177 2807 πρὸς
1208 2734 1335 2797 τοὺς
1365 2732 1628 2801 ἀδελφούς
1661 2750 1782 2804 μου,
1808 2734 1901 2786 καὶ
1916 2727 1995 2785 εί-

414 2843 512 2881 πον
540 2829 739 2891 αὐτοῖς’
776 2826 1076 2882 Ἀναϐαίνω
1106 2827 1240 2898 πρὸς
1265 2826 1356 2879 τὸν
1383 2826 1602 2897 Πατέρα
1636 2842 1735 2895 μου
1766 2827 1858 2878 καὶ
1880 2826 1994 2878 Πα-

413 2919 545 2992 τέρα
579 2921 607 2972 ὑ
616 2920 752 2991 μῶν,
776 2922 869 2976 καὶ
894 2920 1025 2972 θεόν
1047 2937 1146 2990 μου
1171 2920 1265 2972 καὶ
1281 2918 1413 2971 Θεὸν
1431 2919 1460 2971 ὑ
1470 2918 1605 2989 μῶν.
1620 2938 1639 2969 ι
1661 2918 1884 2981 Τούτοις
1903 2913 1994 2971 οὖν

411 3016 521 3075 τοῖς
554 3012 798 3081 ἀδελφοῖς
831 3012 995 3066 αὐτοῦ
1032 3011 1537 3083 ἀπηλλοτριωμένος
1573 3009 1804 3081 ἐγενήθη
1853 3010 1996 3063 κατά

412 3105 602 3176 καιρὸν
622 3104 715 3157 τοῦ
744 3105 901 3176 δηλου
911 3105 1073 3176 μένου
1098 3104 1322 3168 πάθους,
1348 3104 1434 3156 ὅτε
1462 3104 1661 3167 πάντες
1678 3104 1726 3155 οἱ
1756 3103 1994 3173 μαθηταὶ

410 3197 574 3249 αὐτοῦ
605 3198 831 3265 ἀφέντες
859 3198 1021 3250 αὑτὸν
1065 3197 1293 3266 ἔφευγον
1318 3237 1332 3260 ,
1362 3195 1522 3257 αὑτός
1548 3212 1605 3247 τε
1632 3197 1659 3247 ὁ
1693 3199 1988 3267 κορυφαῖος

409 3289 517 3342 τῶν
540 3291 848 3344 ἀποστόλων
878 3291 1082 3362 Πέτρος
1109 3293 1382 3362 ήρνήσατο
1414 3288 1575 3342 αὐτὸν
1617 3290 1817 3360 τρίτον.
1858 3289 1992 3342 Τού-

409 3400 521 3446 τοις
542 3383 689 3450 ξένος
718 3384 809 3437 καὶ
831 3384 1341 3455 άπηλλοτριωμένος
1358 3382 1615 3453 ὲγενήθη’
1640 3385 1754 3444 τοῖς
1777 3381 1833 3433 δὲ
1858 3383 1991 3446 υἱοῖς

408 3471 509 3543 τῆς
540 3471 743 3543 μητρὸς
772 3472 956 3535 αὐτοῦ,
990 3474 1051 3525 οὐ
1088 3472 1193 3542 μὴν
1218 3473 1312 3524 καὶ
1344 3472 1591 3542 ἀδελφοῖς
1619 3468 1765 3526 οὖσιν
1803 3471 1988 3535 αὑτοῦ,

410 3563 557 3629 ξένος
586 3566 794 3633 γέγονε.
854 3565 1143 3635 Μέμνηται
1190 3564 1246 3618 δὲ
1282 3565 1344 3617 τὸ
1372 3565 1703 3634 Εὑαγγέλιον
1746 3564 1990 3633 ἀδελφῶν

410 3654 571 3708 αὐτοῦ
602 3656 697 3709 καὶ
730 3656 954 3727 μητρὸς,
974 3657 1082 3721 ὅτε,
1106 3656 1274 3710 ἐλθὼν
1301 3660 1380 3720 είς
1411 3658 1510 3726 τὴν
1541 3656 1774 3726 πατρίδα
1800 3655 1986 3721 αὑτοῦ,

409 3747 684 3803 ἐδίδασκεν
720 3750 777 3801 ἐν
810 3752 875 3819 τῇ
913 3751 1223 3820 συναγωγῇ,
1256 3749 1331 3812 ὼς
1361 3749 1764 3820 ἐκπλήσσεσθαι
1792 3750 1989 3813 αὐτοὺς

409 3840 505 3895 καὶ
530 3839 729 3907 λέγειν’
770 3859 789 3891 ι
821 3840 990 3893 Πόθεν
1024 3840 1199 3912 τούτῳ
1234 3844 1267 3912 ή
1301 3841 1459 3910 σοφία
1500 3840 1668 3911 αὖτη;
1700 3841 1810 3911 Οὐχ
1836 3836 1988 3903 οὗτός

409 3930 554 3981 ἐστιν
577 3930 605 3980 ὁ
625 3926 719 3981 τοῦ
749 3927 995 3991 τέκτονος
1021 3929 1163 3995 υίός;
1196 3930 1307 4000 Οὐχ
1332 3932 1365 4000 ή
1409 3930 1593 4000 μήτηρ
1620 3929 1785 3981 αὑτοῦ
1819 3929 1912 3981 καὶ
1937 3930 1989 3981 οἱ

407 4020 625 4091 ἀδελφοὶ
658 4020 822 4074 αὐτοῦ
853 4022 945 4073 καὶ
964 4024 1019 4075 αἱ
1050 4021 1274 4092 ἀδελφαὶ
1288 4020 1451 4074 αὐτοῦ
1480 4022 1648 4073 πᾶσαι
1679 4021 1815 4091 πρὸς
1841 4022 1986 4092 ἡμᾶς

406 4114 541 4177 sict;
570 4113 739 4167 Πόθεν
776 4114 1133 4186 τούτῳταῦτα
1199 4116 1410 4178 πάντας
1439 4131 1460 4166 ι
1480 4113 1605 4167 Ἐὰν
1629 4112 1726 4183 μὲν
1751 4106 1843 4163 οὖν
1863 4112 1987 4174 τοὺς

407 4206 467 4258 ἐν
502 4204 582 4275 τῷ
626 4206 762 4276 μετά
798 4210 985 4278 χεῖρας
1036 4206 1357 4277 λεγομένους
1402 4205 1550 4267 υἱοὺς
1588 4202 1791 4275 μητρὸς
1821 4202 1985 4256 αὑτοῦ

405 4295 626 4360 τούτους
663 4294 801 4350 εἶναι
839 4297 1185 4367 ὲκλάὸοιμεν,
1219 4296 1432 4367 ἀνάγκη
1456 4296 1555 4367 τὴν
1582 4294 1740 4362 ἁγίαν
1773 4291 1985 4364 Παρθέ-

406 4405 495 4441 νον
527 4390 740 4461 μητέρα
761 4391 926 4459 φάναι
961 4389 1241 4460 γεγονέναι
1266 4388 1373 4442 τῶν
1399 4387 1602 4440 λοιπῶν
1625 4384 1867 4455 ἀδελφῶν
1885 4386 1984 4438 αύ-

2020 3144 2060 3200 C

2101 1910 2265 1972 atque
2308 1903 2526 1973 priores
2579 1907 2888 1976 nuncupari
2949 1906 3169 1965 fratres.
3198 1909 3269 1963 At
3321 1910 3463 1965 filios
3493 1912 3686 1967 matris

2101 1994 2296 2051 fratres
2321 2009 2432 2053 non
2456 1995 2692 2059 vocavit,
2726 2006 2915 2067 utpote
2948 1999 3086 2054 alios
3109 2010 3163 2055 et
3184 2000 3433 2056 diversos
3469 2017 3497 2054 a
3533 2006 3683 2073 prio-

2101 2103 2161 2143 re
2187 2088 2380 2142 ordine
2423 2103 2614 2143 eorum
2648 2089 2741 2159 qui
2789 2090 2989 2146 fratres
3019 2092 3198 2146 vocati
3249 2100 3399 2147 sunt.
3458 2092 3682 2150 Fratres

2099 2195 2231 2251 ergo
2261 2180 2404 2248 ejus,
2437 2180 2693 2252 discipuli
2731 2182 3101 2251 existimandi,
3128 2184 3195 2238 de
3216 2186 3413 2255 quibus
3441 2187 3568 2240 alibi
3597 2188 3683 2242 di-

2098 2274 2174 2327 cit
2207 2293 2219 2328 :
2258 2292 2275 2325 ι
2310 2273 2557 2329 Narrabo
2589 2291 2788 2331 nomen
2824 2286 2976 2331 tuum
3031 2277 3297 2334 fratribus
3354 2280 3510 2343 meis,
3542 2287 3595 2335 et
3624 2282 3679 2335 in

2098 2366 2276 2421 medio
2294 2367 2559 2422 Ecclesiae
2583 2368 2817 2423 laudabo
2841 2376 2892 2424 te
2916 2371 2960 2426 θ.
3001 2388 3021 2423 ι
3057 2369 3123 2423 Et
3154 2370 3206 2424 in
3237 2369 3529 2441 Evangello
3556 2382 3679 2442 post

2097 2461 2555 2514 resurrectionem
2600 2476 2667 2515 ex
2712 2461 2967 2526 mortuis,
3007 2477 3132 2516 cum
3175 2461 3357 2517 Mariae
3392 2464 3542 2518 visus
3570 2474 3675 2528 est,

2097 2548 2313 2605 dicebat
2356 2569 2370 2605 :
2419 2569 2437 2602 ι
2473 2549 2623 2607 Vade
2664 2552 2732 2607 ad
2784 2551 2984 2607 fratres
3038 2568 3210 2617 meos,
3267 2560 3323 2607 et
3380 2553 3469 2609 dic
3519 2554 3673 2609 illis:

2096 2641 2348 2698 Ascendo
2369 2643 2436 2697 ad
2459 2641 2676 2698 Patrem
2698 2659 2876 2698 meum
2907 2655 2959 2699 et
2984 2643 3197 2699 Patrem
3216 2653 3481 2709 vestrum,
3507 2644 3675 2701 Deum

2095 2750 2278 2790 meum
2312 2745 2366 2791 et
2399 2735 2569 2791 Deum
2599 2744 2843 2791 vestrum
2871 2737 2935 2790 ¹⁰.
2975 2756 2995 2789 ι
3024 2735 3127 2792 His
3168 2738 3352 2807 itaque
3412 2739 3675 2795 fratribus

2096 2828 2213 2883 suis
2229 2835 2526 2883 extraneus
2558 2828 2737 2884 factus
2766 2838 2851 2884 est
2886 2837 3130 2899 tempore
3151 2831 3426 2899 praedictae
3462 2833 3675 2900 passio-

2094 2919 2201 2981 nis,
2236 2920 2458 2989 quando
2498 2935 2689 2975 omnes
2731 2920 2991 2991 discipuli
3015 2921 3137 2990 ejus
3170 2922 3362 2976 relicto
3400 2938 3465 2977 eo
3502 2923 3675 2992 fugie-

2095 3010 2245 3074 bant,
2278 3011 2501 3083 ipseque
2556 3013 2865 3083 przecipuus
2924 3014 3300 3083 apostolorum
3354 3013 3553 3069 Petrus
3593 3024 3674 3069 ter

2096 3106 2312 3173 negavit
2339 3119 2486 3159 eum.
2520 3102 2617 3160 His
2668 3106 2991 3175 peregrinus
3039 3113 3093 3159 et
3122 3115 3417 3161 extraneus
3447 3107 3672 3161 effectus

2094 3202 2197 3249 est.
2228 3194 2393 3251 'Filiis
2445 3198 2575 3249 item
2634 3197 2830 3251 matris
2861 3212 2994 3261 suae,
3024 3198 3116 3267 qui
3167 3198 3365 3253 fratres
3422 3199 3507 3253 sui
3560 3215 3670 3253 non

2092 3291 2270 3351 erant,
2303 3286 2625 3356 peregrinus
2669 3285 2791 3340 fuit.
2846 3285 3091 3340 Meminit
3121 3301 3283 3356 porro
3318 3286 3665 3356 Evangelium

2094 3373 2325 3429 fratrum
2377 3382 2432 3430 et
2479 3375 2671 3429 matris
2706 3376 2847 3445 ejus,
2877 3376 2971 3430 ubi
3023 3390 3147 3430 cum
3183 3377 3425 3430 venisset
3474 3378 3527 3429 in
3574 3393 3670 3445 pa-

2090 3466 2248 3518 triam
2281 3480 2460 3529 suam,
2493 3465 2728 3519 docebat
2774 3465 2829 3519 in
2889 3480 3183 3537 synagoga,
3217 3467 3288 3519 ita
3327 3475 3385 3519 ut
3418 3468 3518 3536 ipsi
3552 3476 3670 3521 stur

2089 3564 2279 3625 perent
2313 3570 2377 3609 ac
2403 3555 2651 3609 dicerent
2682 3574 2694 3611 :
2743 3575 2763 3607 ι
2794 3555 2957 3611 λυηιίο
3012 3556 3139 3610 huic
3188 3558 3456 3626 sapientia
3504 3558 3620 3612 lure
3648 3559 3672 3613 2

2087 3645 2280 3701 Nonne
2308 3646 2397 3699 hic
2421 3655 2506 3700 est
2531 3645 2670 3700 fabri
2705 3646 2883 3702 filius?
2913 3645 3106 3701 Nonne
3134 3654 3307 3701 mater
3330 3646 3448 3715 ejus
3477 3660 3528 3702 et
3560 3649 3670 3702 fra.

2089 3744 2202 3789 tres
2226 3736 2366 3805 cjus,
2402 3742 2457 3789 et
2484 3751 2704 3791 sorores
2757 3737 2877 3804 ejus
2920 3751 3112 3789 omnes
3154 3735 3297 3805 apud
3347 3753 3447 3791 nos
3498 3738 3670 3792 sunt?

2082 3832 2245 3887 Unde
2283 3832 2412 3885 huic
2463 3832 2578 3887 haec
2615 3833 2799 3886 omnia
2832 3833 2912 3885 ιιι
2948 3852 2964 3883 υ
2996 3832 3052 3886 Si
3082 3833 3249 3902 igitur
3298 3833 3442 3889 filios
3476 3835 3666 3889 matris

2086 3924 2207 3994 ejus
2239 3924 2295 3979 in
2340 3925 2443 3979 hoc
2499 3926 2710 3995 psalmo
2741 3925 2821 3979 sic
2854 3934 3105 3989 vocatos,
3140 3940 3238 3994 pro
3272 3925 3393 3981 istis
3427 3926 3665 3995 accipia-

2086 4032 2232 4084 mus,
2269 4032 2495 4073 necesse
2523 4025 2607 4072 est
2652 4032 2753 4073 nos
2802 4025 3047 4072 sanctam
3086 4017 3381 4087 Virginem,
3423 4018 3666 4087 reliquo-

2082 4122 2208 4162 rum
2249 4110 2485 4163 fratrum
2527 4110 2644 4179 ejus
2678 4117 2907 4163 matrem
2957 4110 3159 4163 dicere.
3196 4107 3393 4163 Verum
3423 4108 3671 4165 Jacobus

2085 4204 2177 4272 qui
2223 4202 2423 4256 dicitur
2481 4201 2651 4255 frater
2683 4200 2919 4264 Domini,
2951 4216 3057 4255 non
3093 4201 3309 4255 videtur
3342 4202 3665 4272 peregrinus

2086 4295 2187 4364 ipsi
2218 4294 2409 4360 fuisse,
2442 4309 2545 4348 nec
2575 4292 2700 4349 fidei
2728 4293 2783 4347 in
2824 4293 3001 4363 ipsum
3033 4303 3363 4359 extraneus;
3387 4292 3498 4346 imo
3533 4308 3667 4346 vero

2085 4399 2232 4439 unus
2262 4399 2327 4439 ex
2378 4383 2448 4437 iis
2505 4382 2599 4453 qui
2632 4396 2757 4437 cum
2814 4382 3006 4450 primis
3055 4380 3198 4435 inter
3224 4396 3514 4451 germanos
3542 4382 3665 4451 ejus

404 4480 518 4533 τοῦ.
567 4480 704 4534 Ἀλλ’
732 4483 1073 4551 ἐπιφαίνεται
1112 4480 1363 4543 Ἰάκωὸος
1397 4480 1425 4532 ὁ
1449 4477 1791 4550 χρηματίσας
1814 4475 1976 4529 αὐτοῦ

2092 4474 2383 4551 discipulos
2414 4481 2609 4536 erant;
2644 4472 2718 4526 ita
2744 4480 2801 4527 ut
2838 4473 2954 4541 ipse
2976 4471 3186 4540 primus
3216 4470 3664 4542 Hierosolymita-

405 4570 631 4641 ἀδελφὸς
656 4573 756 4625 οὐκ
779 4572 1189 4642 ἀπεξενωμένος
1205 4570 1369 4623 αὐτοῦ
1392 4570 1651 4638 γεγονὼς,
1679 4568 1798 4620 οὐδὲ
1826 4566 1981 4620 ἀλλό-

403 4680 551 4734 τριος
583 4664 684 4735 τῆς
712 4668 791 4729 είς
819 4666 980 4719 αὐτὸν
1008 4666 1264 4727 πίστεως,
1290 4658 1370 4726 εἷς
1399 4663 1455 4715 δὲ
1479 4661 1587 4714 τῶν
1622 4661 1827 4731 σφόδρα
1844 4676 1978 4730 γνη-

406 4756 534 4808 σίων
572 4757 737 4810 αὐτοῦ
771 4757 1046 4829 μαθητῶν·
1081 4757 1154 4820 ὼς
1185 4756 1386 4810 καὶτὸν
1419 4754 1606 4824 θρόνον
1622 4751 1980 4815 ἀναδέξασθαι

405 4847 620 4918 πρῶτον
643 4850 743 4920 τῆς
767 4851 825 4902 ὲν
858 4850 1260 4921 Ἱεροσολύμοις·
1286 4846 1632 4916 Ἐκκλησίας.
1667 4845 1777 4898 Καὶ
1797 4847 1845 4896 οί
1879 4843 1983 4896 λοι-

404 4942 494 4994 ποὶ
520 4942 575 4995 δὲ
604 4943 767 4996 αὐτοῦ
801 4944 1047 5013 ἀδελφοὶ,
1087 4946 1135 4996 εί
1167 4943 1262 4997 καὶ
1290 4940 1363 4997 διὰ
1390 4940 1621 5012 μάλιστα
1654 4938 1771 4993 κατ’
1805 4936 1978 5009 ἀρχὰς

402 5034 503 5087 οὐκ
529 5035 809 5089 ἐπίστευον
841 5038 920 5099 είς
953 5037 1136 5099 αὑτὸν,
1164 5034 1299 5089 ἀλλὰ
1331 5033 1471 5105 μετὰ
1497 5032 1671 5085 ταῦτα
1701 5030 1849 5100 δῆλοί
1871 5032 1981 5081 εἱσι

403 5126 809 5190 πιστεύσαντες.
847 5128 1069 5198 Ἱστορεῖ
1092 5127 1133 5179 δ’
1166 5123 1257 5181 οὖν
1289 5125 1350 5178 τὸ
1385 5123 1732 5191 Εὐαγγέλιον,
1767 5122 1841 5184 ὼς
1871 5122 1977 5191 ἄρα

400 5218 434 5288 ὴ
469 5220 647 5291 μήτηρ
674 5219 837 5273 αὐτοῦ
869 5222 963 5274 καὶ
983 5222 1031 5273 οί
1061 5219 1278 5289 ἀδελφοὶ
1303 5217 1466 5272 αὑτοῦ
1502 5216 1843 5285 είστήκεισαν
1874 5212 1979 5278 ἔξω

402 5308 690 5379 ζητοῦντες
716 5310 943 5382 λαλῆσαι
966 5311 1133 5382 αὐτῷ.
1160 5311 1271 5364 Καὶ
1298 5313 1354 5361 ὲν
1381 5311 1501 5369 ταῖς
1529 5307 1766 5375 Πράξεσι
1787 5304 1843 5356 δὲ
1866 5301 1973 5355 τῶν

402 5400 711 5453 ἀποστόλων
733 5400 1000 5465 λέλεκται,
1035 5401 1109 5465 ὡς
1141 5402 1250 5473 ἄρα
1267 5396 1405 5471 ἦσαν
1432 5400 1481 5451 οἱ
1510 5396 1795 5449 ἀπόστολοι
1821 5395 1971 5463 κοινῇ

401 5490 599 5553 πάντες
628 5491 1160 5564 προσκαρτεροῦντες
1191 5493 1257 5561 τῇ
1292 5489 1565 5561 προσευχῇ
1610 5486 1704 5538 σὺν
1742 5482 1975 5555 Μαριὰμ

472 5605 493 5636 ⁸
532 5598 721 5658 Matth.
763 5619 938 5666 xxvii,
978 5605 1164 5660 «ιιι-ιδ.
1243 5606 1263 5639 ⁸
1300 5601 1446 5657 Psal.
1490 5616 1606 5663 nl,
1648 5599 1738 5655 23.
1820 5597 1861 5629 ¹⁰
1900 5594 2060 5651 lenm
2103 5612 2197 5660 xx,
2241 5596 2326 5649 l7.

400 5674 491 5728 47.
572 5676 615 5706 ³³
656 5677 779 5729 Act.
820 5691 858 5739 ι,
906 5674 991 5730 ﬂ.

475 5766 552 5839 (l)
584 5767 786 5823 Toxlus
812 5767 1057 5820 vitiatus.

2082 4583 2166 4621 me
2196 4566 2453 4620 Ecclesia:
2482 4564 2740 4617 thronum
2793 4562 3086 4632 acciperet.
3145 4559 3357 4630 lieliqui
3382 4562 3507 4615 item
3540 4561 3668 4631 ejus

2082 4659 2302 4720 fratres,
2334 4657 2438 4711 etsi
2474 4671 2503 4708 a
2530 4652 2799 4724 principio
2834 4669 2942 4707 non
2968 4653 3255 4707 crederent
3291 4654 3346 4706 in
3372 4654 3574 4722 ipsum,
3606 4661 3662 4704 :.t

2080 4760 2291 4807 certum
2342 4756 2425 4803 est
2474 4763 2570 4801 eos
2630 4758 2818 4817 postea
2872 4746 3191 4801 credidisse.
3248 4744 3446 4799 Narrat
3512 4745 3660 4799 enim

2082 4842 2430 4913 Evangelium
2464 4841 2526 4905 “,
2554 4850 2782 4893 matrem
2832 4846 2886 4892 et
2935 4838 3134 4893 fratres
3165 4837 3286 4906 ejus
3339 4836 3485 4891 foras
3542 4844 3658 4892 ste-

2084 4937 2220 4991 tisse
2247 4938 2555 5003 quaarentes
2582 4945 2707 4985 eum
2740 4930 2962 5000 alloqui.
3000 4927 3067 4983 Et
3099 4931 3155 4984 in
3186 4929 3416 4982 Actibus
3443 4936 3660 4996 aposto-

2086 5027 2263 5081 lorum
2299 5024 2341 5055 ²³
2365 5022 2586 5084 dicitur,
2639 5020 2810 5075 fuisse
2838 5022 3115 5091 apostolos
3152 5035 3260 5073 una
3302 5030 3659 5087 perseveran-

2085 5126 2168 5171 tes
2200 5116 2254 5168 in
2282 5113 2531 5169 oratione
2554 5126 2677 5164 eum
2710 5110 2886 5164 Maria
2915 5118 3089 5169 matre
3113 5111 3234 5180 ejus
3278 5116 3333 5163 et
3391 5107 3652 5161 fratribus

2085 5210 2226 5279 ejus.
2280 5206 2382 5273 Qui
2434 5219 2565 5275 ergo
2600 5204 2947 5259 existimetur
3001 5204 3069 5259 iis
3122 5202 3441 5274 peregrinus
3493 5201 3656 5254 esse?

2079 5298 2274 5352 Nullus
2321 5298 2504 5364 itaque
2551 5292 2707 5347 locus
2758 5302 3002 5362 superest
3056 5302 3115 5346 ut
3147 5292 3215 5346 de
3267 5291 3335 5345 iis
3386 5290 3601 5344 dicatur
3634 5306 3651 5341 ι

2087 5409 2105 5441 ι
2136 5390 2447 5443 Εκιτοηθιιε
2474 5384 2650 5437 factus
2683 5398 2804 5437 sum
2837 5383 3101 5438 fratribus
3124 5382 3282 5445 meis,
3315 5387 3369 5435 et
3407 5376 3651 5449 peregri-

2082 5498 2186 5537 nus
2220 5481 2344 5535 filiis
2378 5478 2568 5531 matris
2610 5490 2764 5529 meae.
2802 5494 2820 5527 ι
2864 5474 2982 5531 Non
3027 5475 3173 5530 enim
3206 5475 3271 5528 iis
3308 5471 3657 5551 peregrinus,

2418 5594 2456 5624 “
2500 5588 2689 5647 Matth.
2743 5604 2868 5656 xm,
2904 5588 3112 5657 ,54-56.
3231 5589 3272 5620 ¹¹
3308 5584 3503 5640 Matth.
3547 5597 3649 5651 In,
