4128 6392
522 338 625 402 739

1214 343 1484 400 EUSEBII
1521 332 1999 402 CESARIENSlS
2038 346 2187 404 OPP.
2230 340 2409 404 PARS
2440 341 2522 406 ut.
2549 382 2617 391 —
2657 348 3068 407 EXEGETICA.

3681 348 3788 406 740

520 459 618 515 sed
648 458 877 513 multum
908 460 1182 529 pretiosus
1206 469 1344 525 erat,
1373 462 1447 514 ita
1484 470 1541 515 ut
1565 464 1880 520 nullatenus
1910 465 2083 522 crede-

2202 474 2268 542 τῇ
2305 471 2470 542 μητρὶ
2499 469 2661 523 αὑτοῦ
2687 472 2779 523 καὶ
2803 462 2913 533 τοῖς
2942 466 3187 540 ἀδελφοῖς
3216 468 3400 523 αὐτοῦ.
3437 469 3560 532 Πῶς
3580 466 3673 523 οὖν
3699 470 3787 522 δύ-

516 568 578 606 re.
610 552 770 606 liccat
792 560 1123 607 memoratos
1157 553 1358 608 fratres
1380 554 1500 623 ejus
1532 554 1673 611 ﬁlios
1698 556 1879 612 Maria:
1904 558 2095 615 fuisse.

516 644 623 698 Alii
661 658 794 700 sane
825 643 1029 699 fuerint
1057 647 1149 716 qui
1187 647 1241 700 in
1276 649 1488 717 psalmo
1523 648 1617 701 lilii
1656 651 1846 703 matris
1869 649 1989 719 ejus
2017 652 2101 706 di-

516 743 739 800 cuntur,
782 736 1094 806 quibusque
1134 746 1432 794 extraneus
1473 738 1652 793 factus
1683 746 1787 793 est.
1822 738 2100 811 Intelligas

516 841 681 896 porro
704 835 934 883 matrem
964 828 1185 898 quidem
1216 830 1337 899 ejus
1369 847 1492 887 esse
1515 831 1831 885 Judaeorum
1853 832 2099 904 Synago-

514 936 635 989 gam
688 936 1015 991 omnemque
1070 924 1453 993 cognationem
1505 924 1805 979 secundum
1855 942 2096 990 carnem,

512 1020 702 1063 ebrum
753 1011 961 1065 Scilicet
1006 1012 1099 1081 qui
1144 1029 1210 1067 ex
1248 1013 1672 1068 circumcisione
1712 1023 1906 1081 erant;
1960 1015 2099 1070 ﬁlios

511 1117 643 1158 vero
668 1103 982 1173 hujusmodi
1007 1107 1224 1171 matris,
1257 1122 1352 1162 eos
1388 1108 1479 1176 qui
1510 1107 1689 1177 ipsum
1726 1108 2095 1175 abnegarunt,

512 1211 576 1249 ac
606 1196 866 1249 dixerunt
904 1215 916 1250 :
959 1216 976 1247 ι
1021 1196 1179 1251 Hunc
1205 1207 1387 1253 autem
1420 1199 1699 1254 nescimus
1724 1198 1867 1253 unde
1894 1200 1963 1253 sit
1996 1200 2091 1255 “.r

510 1286 656 1353 Ideo,
696 1303 819 1341 cum
857 1288 1007 1342 illum
1063 1291 1413 1366 peregrinum
1453 1291 1854 1352 existimarent,
1880 1292 2097 1347 (licebat

509 1378 590 1433 eis
622 1398 634 1433 :
674 1395 692 1428 ι
731 1379 841 1433 Cur
862 1381 1131 1449 loquelam
1184 1398 1357 1437 meam
1401 1398 1509 1436 non
1540 1384 1763 1437 nostis?
1802 1384 1934 1453 quia
1987 1401 2098 1439 non

508 1471 742 1540 potestis
791 1472 984 1527 audire
1015 1488 1325 1529 sermonem
1373 1491 1554 1529 meum
1584 1477 1649 1528 ³⁸.
1688 1496 1704 1528 ι
1740 1476 2096 1548 Peregrinum

507 1564 674 1616 etiam
711 1563 862 1616 illum
896 1566 1158 1634 putabant
1188 1582 1313 1619 cum
1346 1566 1591 1622 dicerent
1626 1588 1639 1622 :
1679 1587 1697 1619 ι
1735 1568 1928 1623 Nonne
1960 1570 2097 1624 bene

507 1651 742 1708 dicimus
770 1670 891 1718 nos,
917 1656 1048 1725 quia
1078 1654 1460 1714 Samaritanus
1489 1676 1547 1715 es
1588 1669 1666 1723 tu,
1685 1670 1737 1716 et
1768 1660 2097 1717 daamonium

506 1745 677 1802 habes
710 1748 791 1799 ‘°?
833 1768 850 1799 ι
888 1748 1071 1814 Quare
1100 1749 1320 1804 dicebat
1354 1754 1434 1807 cis
1468 1772 1482 1808 :
1521 1772 1538 1803 ι
1582 1752 1696 1824 Ego
1720 1757 1843 1810 veni
1894 1756 1947 1810 in
1992 1772 2095 1811 no-

2202 578 2357 614 ναται
2384 561 2590 625 τούτοις
2619 559 2764 625 ξένος
2792 556 2926 613 εἶναι
2961 560 3269 630 νομίζεσθαι
3291 561 3481 625 ;”Ωστε
3511 562 3583 632 μὴ
3604 561 3787 632 χώραν

2202 650 2346 720 ἔχειν
2388 650 2516 722 περὶ
2557 649 2760 702 τούτων
2791 649 3043 718 λέγεσθαι
3076 650 3156 716 τὸ,
3190 670 3206 701 ι
3254 651 3787 723 Ἀπηλλοτριωμένος

2201 743 2464 813 ἐγενήθην
2497 745 2610 805 τοῖς
2635 742 2884 811 ἀδελφοῖς
2913 760 3012 813 μου
3039 782 3053 805 ,
3084 744 3176 795 καὶ
3205 742 3352 809 ξένος
3384 747 3498 807 τοῖς
3526 746 3660 807 υἱοῖς
3686 745 3787 815 τῆς

2205 835 2408 906 μητρός
2436 852 2556 905 μου.
2601 853 2619 886 ι
2643 835 2715 887 Οὐ
2749 834 2857 904 γὰρ
2884 831 2951 906 ἦν
2975 836 3178 888 τούτων
3198 836 3364 901 ξένος,
3381 836 3515 889 ἀλλά
3530 840 3622 889 καὶ
3648 838 3788 905 ἄγαν

2199 925 2397 995 τίμιος·
2431 924 2505 987 ὡς
2531 924 2723 995 μηκέτι
2745 925 2869 987 τοὺς
2896 925 3291 995 προλεχθέντας
3328 926 3490 979 αὐτοῦ
3527 926 3789 997 ἀδελφοὺς

2201 1018 2349 1081 υἱοὺς
2395 1012 2531 1070 εἶναι
2577 1018 2672 1089 τῆς
2715 1017 2932 1088 Μαρίας
2970 1019 3241 1087 ἡγεῖσθαι,
3274 1016 3450 1088 ἕτεροι
3491 1018 3535 1070 δ’
3572 1018 3638 1071 ἂν
3676 1014 3785 1071 εἷεν

2201 1110 2352 1179 παρά
2379 1110 2601 1171 τούτους
2633 1110 2680 1160 οἱ
2721 1108 2809 1161 διὰ
2841 1108 2934 1161 τοῦ
2968 1108 3182 1178 ψαλμοῦ
3232 1108 3514 1179 λεγόμενοι
3547 1111 3648 1162 υἱοὶ
3684 1112 3786 1181 τῆς

2204 1194 2411 1264 μητρὸς
2434 1194 2620 1257 αὐτοῦ,
2655 1188 2736 1256 οἷς
2767 1194 2913 1257 ξένος
2930 1194 3185 1265 ἐγενήθη.
3213 1194 3446 1265 Νοήσεις
3478 1195 3533 1248 δὲ
3571 1198 3785 1268 μητέρα

2204 1285 2302 1355 μὲν
2330 1286 2429 1356 τὴν
2453 1284 2559 1337 τῶν
2584 1283 2851 1336 Ἰουδαίων
2873 1284 3201 1355 Συναγωγὴν
3218 1286 3312 1338 καὶ
3329 1288 3508 1339 πᾶσαν
3529 1287 3625 1357 τὴν
3646 1289 3786 1343 κατὰ

2203 1379 2381 1449 σάρκα
2414 1376 2728 1446 συγγένειαν
2764 1375 2871 1428 τῶν
2906 1379 2971 1429 ἐκ
3010 1377 3315 1448 περιτομῆς
3345 1395 3357 1407 ’
3394 1379 3540 1442 υἱοὺς
3581 1379 3638 1431 δὲ
3684 1380 3785 1451 τῆς

2198 1469 2452 1541 τοιαύτης
2486 1469 2688 1540 μητρὸς
2711 1471 2837 1532 τοὺς
2880 1470 3289 1541 ἀρνησαμένους
3309 1470 3489 1534 αὐτὸν,
3520 1474 3613 1525 καὶ
3634 1473 3784 1545 εἰρη-

2199 1563 2393 1625 κότας·
2434 1580 2453 1612 ι
2478 1561 2676 1614 Τοῦτον
2701 1561 2759 1613 δὲ
2798 1562 2897 1613 οὐκ
2941 1560 3160 1630 οἴδαμεν
3223 1559 3385 1613 πόθεν
3425 1561 3602 1613 ἐστίν·
3637 1581 3655 1612 ι
3692 1563 3781 1614 Διὸ

2198 1656 2381 1725 ἔλεγεν
2416 1656 2630 1719 αὐτοῖς,
2667 1655 2852 1726 ἐπειδὴ
2884 1654 3031 1721 ξένον
3064 1654 3224 1707 αὐτὸν
3257 1652 3525 1723 ἐνόμιζονο
3568 1674 3585 1704 ι
3609 1654 3707 1708 Διά
3729 1654 3781 1707 τί

2197 1749 2295 1820 τὴν
2321 1748 2507 1801 λαλιὰν
2548 1748 2646 1819 τὴν
2688 1749 2827 1818 ἐμὴν
2867 1748 2926 1799 οὐ
2965 1745 3297 1815 γινώσκετε;
3343 1747 3425 1799 ὅτι
3462 1747 3521 1799 οὐ
3552 1746 3779 1800 δύνασθε

506 1838 656 1894 mine
686 1839 866 1894 Patris
901 1841 1027 1904 mei,
1060 1854 1113 1895 et
1144 1859 1250 1897 non
1286 1844 1539 1913 accipitis
1584 1861 1708 1912 me;
1739 1846 1787 1900 si
1826 1847 1966 1901 alius
2000 1863 2083 1902 ve-

2198 1842 2415 1896 ἀκούειν
2447 1842 2537 1895 τὸν
2576 1842 2731 1911 λόγον
2758 1842 2849 1894 τὸν
2890 1841 3041 1911 ἐμόν.
3074 1859 3091 1891 ι
3129 1840 3288 1892 Ξένον
3322 1840 3377 1892 δὲ
3412 1840 3573 1892 αὑτὸν
3620 1840 3779 1893 πάλιν

504 1932 649 1985 nerit
681 1931 735 1983 in
773 1930 995 1985 nomine
1024 1933 1270 2001 proprio,
1299 1934 1478 2002 ipsum
1517 1935 1801 2004 accipietis
1839 1937 1903 1989 ¹⁷.
1948 1955 1966 1987 ι
2003 1934 2095 1992 Sic

503 2020 673 2091 igitur
710 2024 1039 2093 peregrinus
1072 2032 1128 2077 et
1156 2035 1452 2081 exlraneus
1480 2026 1659 2082 factus
1690 2035 1774 2082 est
1821 2028 1950 2083 ﬁliis
1982 2044 2097 2082 ma-

502 2116 606 2171 tris
634 2132 768 2171 sum.
798 2115 923 2171 Haec
962 2132 1126 2187 porro
1165 2120 1351 2172 omnia
1390 2120 1655 2175 sustinuit
1698 2122 1768 2176 ob
1795 2137 1938 2186 eam,
1975 2138 2095 2192 quae

502 2221 628 2260 mox
657 2208 904 2274 affertur,
940 2224 1187 2274 causam,
1212 2228 1375 2281 quam
1405 2216 1722 2270 necessario
1760 2217 1956 2286 aperit,
2012 2217 2095 2271 di-

501 2313 632 2352 cens
662 2318 674 2353 Ζ

2198 1934 2427 2007 ἡγοῦντο
2457 1933 2724 2002 λέγοντες·
2762 1952 2780 1983 ι
2807 1933 2881 1985 Οὐ
2914 1931 3093 1994 καλῶς
3118 1933 3281 2002 ἡμεῖς
3305 1930 3534 2001 λέγομεν
3568 1932 3647 1985 ὅτι
3675 1932 3781 1984 Σα-

2203 2028 2463 2099 μαρείτης
2479 2022 2528 2078 εἴ
2553 2027 2637 2085 σὺ,
2672 2025 2766 2078 καὶ
2786 2024 3059 2095 δαιμόνιον
3086 2024 3259 2094 ἔχεις;
3294 2043 3310 2074 ι
3339 2024 3430 2076 Διὸ
3462 2024 3612 2092 ἔλεγε
3645 2024 3783 2096 πρὸς

2199 2120 2413 2182 αὐτούς’
2440 2139 2465 2171 (ν
2482 2117 2624 2187 Ἐγὼ
2648 2116 2878 2188 ἐλήλυθα
2898 2119 2954 2170 ἐν
2967 2116 3042 2186 τῷ
3060 2118 3285 2186 ὀνόματι
3308 2115 3401 2169 τοῦ
3419 2117 3631 2188 Πατρός
3655 2134 3780 2187 μου,

2201 2216 2292 2267 καὶ
2325 2215 2385 2267 οὐ
2420 2211 2725 2283 λαμϐάνετέ
2770 2228 2835 2280 με
2854 2225 2866 2239 ·
2893 2208 2987 2261 ἐὰν
3016 2208 3171 2272 ἄλλος
3198 2210 3325 2280 ἔλθῃ
3364 2211 3420 2261 ἐν
3453 2209 3531 2280 τῷ
3560 2210 3783 2280 ὀνόματι

2200 2307 2277 2378 τῷ
2298 2306 2432 2376 ἰδίῳ,
2463 2308 2667 2358 ἐκεῖνον
2687 2300 2943 2372 λήψεσθε.
2967 2320 2984 2351 ι
3008 2299 3163 2353 Οὕτω
3187 2300 3367 2353 τοίνυν
3398 2300 3544 2365 ξένος
3575 2301 3671 2354 καὶ
3690 2300 3785 2354 ἀλ-

499 2388 709 2461 λάτριος
738 2389 927 2461 γέγονε
953 2390 1066 2458 τοῖς
1097 2397 1231 2460 υἱοῖς
1257 2398 1354 2468 τῆς
1380 2400 1586 2471 μητρὸς
1609 2401 1797 2455 αὑτοῦ.
1827 2400 2015 2457 Ταῦτα
2030 2403 2086 2457 δὲ
2124 2404 2301 2457 πάντα
2325 2400 2583 2472 ὑπέμεινε
2601 2397 2688 2451 διὰ
2715 2396 2813 2468 τὴν
2842 2394 3238 2465 ἐπιλεγομένην
3284 2394 3492 2456 αἰτίαν,
3537 2396 3601 2465 ἣν
3617 2396 3784 2463 ἀναγ-

499 2483 671 2546 καίως
694 2484 991 2558 παρίστησι
1019 2488 1214 2556 λέγων’

571 2599 736 2656 Vzas.
768 2602 953 2657 10-15.
995 2621 1013 2654 ι
1054 2604 1322 2668 Quoniam
1364 2604 1514 2659 zelus
1561 2604 1757 2661 domus
1793 2614 1899 2662 tuae
1930 2623 2083 2663 com-

497 2695 611 2751 edit
640 2711 748 2761 me,
800 2704 855 2751 et
897 2698 1192 2766 opprobria
1234 2698 1689 2767 exprobrantium
1730 2700 1832 2753 tibi
1878 2700 2085 2755 cecide-

497 2797 628 2841 runt
658 2804 822 2859 super
855 2805 962 2843 me.
1009 2809 1028 2841 ι
1077 2789 1215 2855 Quia
1246 2790 1391 2844 enim
1444 2791 1615 2843 multa
1668 2806 1803 2845 usus
1864 2792 2082 2856 ﬁducia,

496 2896 592 2935 eos
623 2881 717 2951 qui
741 2882 960 2936 domum
995 2881 1175 2937 Patris
1206 2883 1313 2945 sui,
1350 2883 1575 2937 domum
1614 2884 2001 2954 negotiationis
2032 2894 2085 2939 et

497 2976 816 3044 speluncam
842 2976 1117 3029 latronum
1147 2974 1442 3040 faciebant,
1469 2978 1802 3048 coarguebat
1827 2985 1881 3033 et
1912 2979 2081 3049 pelle-

494 3067 583 3121 bat
607 3111 620 3132 ,
649 3068 773 3122 ideo
803 3068 1208 3122 insidiabantur
1230 3069 1355 3139 ipsi.
1393 3068 1548 3135 Quod
1574 3070 1813 3125 declarat
1842 3086 2076 3142 evange-

494 3160 641 3223 lista,
670 3160 893 3215 dicens:
933 3179 951 3211 ι
991 3159 1056 3213 Et
1095 3176 1263 3231 prope
1304 3170 1422 3216 erat
1472 3160 1685 3217 Pascha
1736 3162 2071 3230 Iudaeorum,

493 3262 546 3304 ct
572 3249 820 3306 ascendit
850 3248 1009 3305 Jesus
1050 3248 1447 3321 Jerosolymam
1481 3270 1495 3305 :
1532 3259 1586 3305 et
1620 3251 1827 3306 invenit
1856 3252 1910 3305 in
1945 3260 2082 3306 tem-

493 3344 584 3413 plo
619 3343 915 3399 vendentes
970 3359 1100 3399 oves
1144 3352 1199 3398 et
1251 3345 1439 3408 boves,
1482 3351 1537 3398 et
1584 3345 2082 3399 nummulariorum

493 3434 684 3489 effudit
731 3453 807 3492 aes
856 3444 911 3493 et
960 3452 1203 3493 mensas.
1238 3436 1307 3491 Et
1332 3437 1400 3493 iis
1427 3438 1521 3507 qui
1564 3438 1852 3494 columbas
1882 3437 2084 3493 vende-

492 3527 626 3582 bant
672 3528 850 3583 dixit:
884 3528 1109 3585 Auferte
1163 3530 1270 3584 ista
1335 3529 1486 3590 hinc,
1553 3537 1609 3584 et
1669 3530 1843 3584 nolite
1904 3528 2084 3584 facere

492 3621 715 3675 domum
744 3621 923 3677 Patris
952 3622 1081 3687 mei,
1130 3621 1334 3677 donum
1376 3622 1764 3693 negotiationis
1796 3623 1860 3677 ‘8.
1904 3642 1923 3673 ι
1952 3622 2084 3688 Qui-

491 3712 599 3767 bus
651 3713 986 3783 subjungit:
1041 3730 1059 3764 ι
1122 3712 1414 3768 Ιῖερογόίιιί
1456 3722 1584 3769 sunt
1637 3714 1891 3783 discipuli
1941 3714 2080 3784 ejus,

492 3806 621 3875 quia
691 3807 957 3876 scriptum
1021 3816 1161 3862 est:
1217 3806 1377 3862 Zelus
1430 3808 1626 3864 domus
1695 3816 1801 3862 tua:
1846 3809 2085 3863 comedit

490 3884 661 3952 me".
691 3917 708 3949 ι
731 3896 837 3953 Sed
882 3899 1049 3953 etiam
1081 3899 1373 3969 opprobria
1407 3901 1854 3970 exprobrantium
1886 3899 1995 3955 Deo
2028 3901 2084 3955 in

491 4005 550 4045 se
593 3992 886 4061 recipiens,
919 4008 1111 4048 eorum
1170 3995 1316 4049 ultor
1348 3993 1488 4047 fuit:
1536 3995 1895 4063 quamobrem
1942 3993 2087 4049 dice-

489 4082 584 4137 bat
613 4101 627 4138 :
656 4102 673 4135 ι
699 4083 765 4138 Ει
795 4085 1089 4155 opprobria
1135 4086 1581 4155 exprobrantium
1628 4085 1724 4139 tibi
1767 4084 2085 4139 ceciderunt

489 4192 655 4246 super
682 4193 789 4232 me.
832 4197 852 4229 ι
886 4176 1008 4232 Non
1034 4177 1213 4233 ferens
1245 4179 1391 4233 enim
1423 4194 1520 4234 eos
1554 4179 1646 4248 qui
1673 4180 1934 4248 operibus
1966 4178 2083 4235 suis

491 4270 850 4343 opprobrium
880 4271 1162 4341 religionis
1194 4270 1405 4341 legibus
1434 4270 1765 4334 inferebant,
1804 4270 2083 4340 principes

489 4365 668 4435 gentis
699 4364 1050 4433 coarguebat.
1084 4363 1267 4429 Quare
1297 4364 1489 4418 turbas
1523 4369 1578 4417 et
1617 4362 1922 4431 discipulos
1952 4376 2083 4417 suos

2266 2625 2285 2657 ι
2328 2606 2449 2659 ’Ὁτι
2479 2606 2506 2657 ὁ
2548 2603 2708 2676 ζῆλος
2755 2598 2849 2656 τοῦ
2878 2604 3031 2657 οἴκου
3090 2622 3185 2657 σου
3220 2605 3499 2675 κατέφαγέ
3553 2623 3654 2677 με,
3686 2606 3782 2659 καὶ

2188 2699 2240 2750 οἱ
2298 2695 2589 2765 ὀνειδισμοὶ
2635 2695 2743 2749 τῶν
2812 2695 3176 2759 ὀνειδιζόντων
3245 2713 3303 2750 σε
3365 2699 3641 2753 ἐπέπεσαν
3692 2683 3779 2753 ἐπ’

2190 2787 2311 2856 ἐμέ.
2359 2804 2377 2837 ι
2438 2785 2654 2856 Ἐπειδὴ
2701 2785 2842 2855 γὰρ,
2908 2786 3077 2858 πολλῇ
3136 2788 3421 2859 παρρησίᾳ
3477 2787 3779 2862 χρώμενος,

2190 2879 2317 2941 τοὺς
2358 2878 2449 2931 τὸν
2490 2875 2637 2931 οἶκον
2691 2878 2786 2932 τοῦ
2844 2872 3058 2951 Πατρός
3098 2881 3261 2933 αὐτοῦ
3302 2878 3447 2935 οἶκον
3513 2880 3779 2953 ἐμπορίου

2188 2973 2281 3023 καὶ
2356 2971 2617 3042 σπήλαιον
2678 2973 2890 3044 λῃστῶν
2966 2974 3255 3038 ποιοῦντας
3309 2975 3508 3046 ἤλεγχέ
3568 2992 3627 3027 τε
3687 2976 3781 3029 καὶ

2187 3065 2404 3139 ᾕλαυνε,
2439 3064 2629 3118 τούτου
2658 3066 2816 3137 χάριν
2874 3066 3229 3119 ἐπεϐούλευον
3274 3067 3441 3139 αὐτῷ·
3480 3068 3508 3121 ὃ
3546 3067 3607 3137 δὴ
3642 3084 3783 3138 παρ-

2103 3132 2146 3189 c
2185 3132 2394 3231 ίστησιν
2412 3161 2438 3211 ὀ
2455 3132 3043 3231 εὐαγγελιστὴςείπών·
3069 3180 3086 3211 ‹
3107 3160 3215 3215 Καὶ
3232 3158 3299 3233 ἦν
3321 3132 3489 3229 ἐγγὺς
3504 3162 3563 3214 τὸ
3584 3132 3777 3232 Πάσχα

2182 3249 2289 3302 τῶν
2335 3249 2623 3313 Ἰουδαίων,
2656 3251 2749 3303 καὶ
2782 3250 2947 3321 ἀνέϐη
2978 3252 3005 3302 ὀ
3048 3251 3255 3323 Ἰησοῦς
3285 3253 3365 3315 εἰς
3407 3252 3774 3324 Ἱεροσόλυμα·

2184 3342 2277 3395 καὶ
2306 3359 2464 3413 ευρεν
2504 3344 2561 3394 ἐν
2590 3342 2666 3411 τῷ
2698 3342 2828 3413 ἱερῷ
2861 3343 3176 3407 πωλοῦντας
3213 3344 3462 3415 πρόϐατα
3496 3347 3587 3398 καὶ
3625 3344 3772 3414 βόας,

2186 3436 2279 3488 καὶ
2307 3435 2415 3488 τῶν
2452 3434 2813 3488 κολλυϐιστῶν
2837 3434 3017 3506 ἐξέχεε
3034 3439 3100 3489 τὰ
3125 3437 3370 3508 κέρματα
3399 3438 3493 3489 καὶ
3518 3437 3615 3501 τὰς
3643 3456 3776 3509 τρα-

2186 3526 2375 3591 πέζας.
2395 3528 2505 3580 Καὶ
2519 3530 2632 3590 τοῖς
2653 3527 2749 3590 τὰς
2768 3527 3100 3599 περιστερὰς
3125 3529 3395 3582 πωλοῦσιν
3413 3527 3585 3582 εἶπενι
3616 3531 3778 3599 Ἀρα-

2183 3636 2243 3672 τε
2272 3619 2444 3673 ταῦτα
2479 3618 2749 3683 ἐντεῦθεν,
2775 3620 2869 3673 καὶ
2907 3620 2980 3691 μὴ
3015 3624 3217 3673 ποιεῖτε
3247 3621 3335 3675 τὸν
3364 3618 3509 3674 οἷκον
3542 3621 3634 3674 τοῦ
3665 3622 3775 3675 Πα-

2183 3710 2311 3782 τρός
2326 3728 2426 3780 μου
2449 3707 2595 3763 οἷκον
2616 3712 2878 3782 ἐμπορίου
2900 3727 2912 3739 ⁸
2941 3730 2959 3761 ι
2991 3711 3253 3779 ἐπιλέγει·
3283 3731 3300 3763 ι
3326 3713 3703 3784 Ἐμνήσθησαν
3725 3713 3774 3764 οἱ

2188 3802 2428 3873 μαθηταὶ
2454 3802 2640 3867 αὑτοῦ,
2670 3804 2751 3856 ὅτι
2783 3805 3171 3875 γεγραμμένον
3201 3805 3367 3857 ἐστίν·
3400 3805 3457 3859 '0
3488 3804 3650 3876 ζῆλος
3678 3804 3773 3858 τοῦ

2184 3896 2335 3949 οἴκου
2372 3914 2464 3949 σου
2488 3895 2767 3966 κατέφαγέ
2795 3914 2882 3967 με.
2917 3916 2935 3949 ι
2982 3896 3142 3950 Ἀλλά
3173 3897 3411 3961 καὶτοὺς
3440 3897 3773 3968 ὀνειδισμοὺς

2183 3988 2292 4041 τῶν
2320 3989 2686 4052 ὀνειδιζόντων
2721 3989 2812 4041 τὸν
2851 3988 2982 4041 Θεὸν
3012 3992 3091 4053 εἰς
3122 3989 3313 4043 ἑαυτὸν
3351 3989 3773 4060 ἀναλαμϐάνων,

2186 4079 2396 4146 ἔκδικος
2430 4083 2647 4150 ἐγένετο
2670 4080 2893 4135 τούτων’
2912 4081 2990 4135 διὸ
3007 4082 3179 4151 ἔλεγε·
3212 4102 3229 4133 ι
3255 4084 3365 4135 Καὶ
3392 4083 3441 4134 οἱ
3475 4082 3773 4153 ὀνειδισμοὶ

2185 4174 2292 4226 τῶν
2321 4174 2684 4239 ὀνειδιζόντων
2726 4192 2785 4227 σε
2820 4175 3095 4227 ἐπέπεσαν
3117 4175 3205 4226 ἐπ’
3232 4175 3353 4247 ἐμέ.
3388 4194 3407 4227 ι
3440 4175 3513 4227 Oti
3543 4174 3651 4247 γὰρ
3678 4175 3773 4243 φέ-

2191 4288 2296 4340 ρων
2316 4272 2440 4333 τοὺς
2466 4269 2554 4323 διὰ
2588 4270 2696 4323 τῶν
2725 4270 2941 4324 οἰκείων
2965 4270 3141 4344 έργων
3175 4271 3377 4334 ὄνειδος
3411 4270 3772 4342 προστρίϐον-

2186 4380 2283 4426 τας
2303 4361 2381 4432 τῷ
2411 4363 2510 4434 τῆς
2544 4362 2850 4428 θεοσεϐείας
2890 4365 3058 4435 νόμῳ,
3094 4364 3221 4427 τοὺς
3260 4363 3513 4433 ἐλέγχους
3535 4357 3771 4417 ἐποιεῖτο

488 4455 907 4519 cohortabatur,
948 4454 1138 4509 dicens
1174 4473 1186 4508 :
1225 4474 1244 4506 ι
1288 4454 1466 4525 Super
1517 4454 1835 4508 cathedram
1878 4452 2080 4523 Moysis

2186 4453 2327 4508 κατὰ
2341 4454 2448 4509 τῶν
2479 4456 2754 4526 ἀρχόντων
2779 4456 2872 4509 τοῦ
2891 4456 3094 4521 ἔθνους.
3120 4456 3211 4509 Διὸ
3226 4460 3336 4520 τοῖς
3352 4455 3528 4526 ὄχλοις
3552 4457 3770 4520 καὶτοῖς

489 4548 748 4602 sederunt
781 4544 987 4599 Scriba;
1011 4552 1064 4599 et
1096 4543 1359 4599 Pharisaei
1396 4564 1412 4600 :-
1444 4545 1628 4599 omnia
1657 4560 1787 4614 ergo
1808 4558 2069 4613 quaecun-

487 4657 594 4711 que
619 4638 858 4693 dixerint
890 4636 1048 4691 vobis
1086 4634 1248 4690 facite
1283 4645 1336 4690 et
1364 4642 1596 4701 servate,
1616 4635 1916 4689 secundum
1941 4650 2071 4705 ope-

486 4753 548 4791 ra
573 4745 756 4791 autem
786 4749 979 4789 eorum
1010 4733 1183 4787 nolite
1218 4731 1417 4787 facere.
1456 4731 1656 4785 Dicunt
1683 4732 1850 4799 enim,
1876 4740 1931 4786 et
1960 4745 2070 4783 non

485 4829 694 4885 faciunt
718 4828 786 4879 ⁸ο.
841 4848 859 4879 ο
909 4824 1115 4881 Deinde
1160 4839 1291 4880 vero
1330 4839 1569 4894 arguens
1616 4823 1732 4877 hazc
1766 4823 1824 4875 in
1879 4836 2070 4876 eorum

484 4933 773 4988 personam
806 4914 1118 4987 proferebat
1152 4932 1165 4968 ε
1201 4934 1220 4966 ι
1266 4914 1359 4969 Vae
1379 4915 1559 4979 vobis,
1594 4914 1801 4967 Scriba:
1843 4921 1896 4966 et
1926 4911 2070 4966 Pha-

480 5010 625 5066 risaei
656 5010 973 5080 hypocritae,
1007 5009 1136 5078 quia
1161 5007 1420 5063 clauditis
1455 5022 1683 5078 regnum
1713 5008 1981 5061 caelorum
2010 5006 2067 5059 in

480 5111 778 5172 conspectu
810 5102 1094 5156 hominum
1124 5102 1208 5169 “;
1251 5121 1271 5153 ι
1310 5116 1374 5156 ac
1403 5115 1623 5155 rursum
1659 5118 1673 5153 :
1715 5118 1735 5150 ι
1772 5097 1865 5153 Va:
1886 5098 2065 5162 vobis,

482 5196 689 5248 Scriba:
742 5201 797 5248 et
852 5192 1138 5259 Pharisaei,
1167 5193 1296 5263 quia
1349 5192 1555 5248 similes
1614 5190 1749 5246 estis
1795 5189 2060 5260 sepulcris

476 5286 751 5343 dealbatis
780 5288 846 5338 ²¹¹.
887 5306 904 5337 ›
940 5285 1022 5341 0b
1060 5286 1200 5340 tales
1234 5285 1421 5355 itaque
1470 5284 1869 5353 correptiones,
1933 5280 2065 5336 insi-

478 5379 599 5434 dias
648 5380 751 5448 ipsi
790 5387 1078 5448 pararunt.
1137 5376 1483 5448 Quapropter
1522 5377 1613 5430 hic
1665 5376 1785 5430 ait:
1825 5394 1843 5426 ι
1900 5372 2062 5427 Zelus

475 5474 673 5525 domus
701 5479 806 5524 tua:
825 5471 1062 5525 comedit
1080 5486 1189 5535 me,
1213 5480 1267 5525 et
1287 5470 1580 5541 opprobria
1609 5466 2061 5536 exprobrantium

477 5568 575 5623 tibi
612 5565 930 5619 ceciderunt
960 5578 1125 5634 super
1147 5579 1253 5619 me.
1280 5562 1347 5615 Et
1376 5561 1569 5633 operui
1598 5561 1652 5615 in
1697 5560 1910 5630 jejunio
1942 5557 2063 5612 ani-

551 5723 592 5753 ¹⁵
631 5720 784 5774 Joan.
832 5737 908 5783 Ix,
947 5720 1037 5775 29.
1116 5721 1158 5750 ¹⁵
1195 5718 1351 5774 Joan.
1396 5733 1515 5780 vni,
1555 5718 1644 5770 45.
1724 5716 1769 5747 ¹⁶
1812 5713 1942 5767 ibid.
1986 5712 2074 5768 18.

474 5797 522 5828 ⁸⁷³
547 5793 736 5846 Matth.
783 5808 940 5855 xxiii,
980 5793 1033 5853 2,
1077 5791 1128 5843 ’5.
1207 5793 1247 5822 ²¹
1291 5790 1421 5843 ibid.
1456 5790 1507 5842 ὖ.
1586 5790 1631 5818 ’⁸
1674 5785 1806 5841 ibid.
1856 5784 1946 5837 Ἦ.

2184 4547 2453 4618 μαθηταῖς
2478 4549 2641 4601 αὐτοῦ
2676 4550 3117 4621 παρῄνειλέγωνο
3157 4569 3174 4601 ι
3220 4550 3341 4602 Ἐπὶ
3366 4548 3467 4619 τῆς
3499 4549 3768 4618 καθέδρας

2177 4639 2455 4703 Μωῡσέως
2492 4640 2751 4696 ἐκάθισαν
2784 4644 2831 4694 οἱ
2861 4642 3213 4713 Γραμματεῖς
3240 4642 3334 4694 καὶ
3374 4642 3423 4693 οί
3451 4642 3768 4712 Φαρισαῖοι·

2179 4730 2354 4783 πάντα
2382 4727 2474 4785 οὖν
2494 4733 2593 4788 ὅσα
2617 4731 2682 4785 ἂν
2716 4732 2944 4786 εἴπωσιν
2969 4734 3097 4804 ὑμῖν
3132 4734 3393 4803 ποιήσατε
3411 4733 3502 4786 καὶ
3527 4734 3763 4803 τηρεῖτε·

2177 4824 2319 4876 κατὰ
2348 4823 2404 4875 δὲ
2437 4824 2504 4876 τὰ
2530 4824 2666 4895 ἔργα
2696 4824 2873 4878 αὐτῶν
2911 4825 2984 4896 μὴ
3016 4828 3238 4877 ποιεῖτε.
3268 4825 3503 4893 Λέγουσι
3532 4824 3639 4895 γὰρ
3674 4824 3767 4876 καὶ

2176 4918 2237 4970 οὐ
2268 4916 2534 4972 ποιοῦσιν.
2568 4938 2585 4968 ι
2619 4914 2875 4989 Εἶθ’ὲξῆς
2902 4919 3218 4990 ἀπελέγχων
3248 4921 3445 4982 αὐτοὺς
3473 4921 3552 4982 είς
3584 4918 3766 4972 αὐτῶν

2176 5010 2464 5081 πρόσωπον
2499 5011 2703 5080 ἔλεγεψ
2729 5032 2745 5064 ι
2771 5013 2907 5065 Οὐαὶ
2937 5014 3086 5082 ὑμῖν,
3105 5015 3458 5086 Γραμματεῖς
3476 5014 3569 5067 καὶ
3599 5015 3767 5083 Φαρι-

2177 5100 2316 5157 σάῖοι
2352 5106 2668 5178 ὑποκριταὶ,
2701 5106 2780 5159 ὅτι
2803 5107 3013 5159 κλείετε
3037 5107 3134 5179 τὴν
3161 5106 3437 5177 βασιλείαν
3461 5105 3570 5159 τῶν
3599 5106 3765 5177 οὐρα-

2172 5194 2278 5247 νῶν
2308 5195 2618 5267 ἔμπροσθεν
2652 5195 2760 5247 τῶν
2798 5195 3131 5267 ἀνθρώπωνο
3174 5218 3191 5250 ι
3238 5198 3333 5250 καὶ
3370 5195 3549 5249 πάλιν·
3586 5214 3603 5245 ι
3626 5195 3764 5248 Οὐαὶ

2166 5284 2314 5354 ὑμῖν,
2351 5288 2702 5356 γραμματεῖς
2740 5287 2833 5339 καὶ
2870 5287 3183 5358 Φαρισαῖοι,
3236 5288 3317 5339 ὅτι
3359 5282 3761 5357 παρομοιάζετε

2163 5376 2354 5445 τάφοις
2406 5376 2828 5446 κεκονιαμένοις.
2862 5397 2880 5429 ι
2922 5376 3039 5430 Τῶν
3085 5376 3213 5446 γοῦν
3250 5376 3502 5429 τοιούτων
3524 5375 3762 5445 ἐλέγχων

2168 5466 2329 5519 ἓνεκα
2348 5467 2444 5537 τὴν
2463 5466 2751 5538 ἐπιϐουλὴν
2772 5468 2918 5539 αὐτῷ
2947 5469 3423 5522 συνεσκευάσαντο.
3458 5468 3655 5538 Διόπερ
3676 5468 3763 5517 ἐν·-

2168 5555 2342 5611 ταῦθά
2360 5574 2543 5628 φησιν·
2581 5576 2597 5607 ι
2623 5558 2679 5609 Ὀ
2712 5556 2872 5627 ζῆλος
2901 5558 2995 5612 τοῦ
3026 5557 3173 5611 οἴκου
3216 5576 3306 5610 σου
3342 5556 3618 5626 κατέφαγέ
3652 5572 3716 5625 με
3742 5594 3759 5617 ,

2738 5714 2779 5745 ¹⁸
2819 5712 2977 5769 Joan.
3022 5730 3083 5778 ιι,
3126 5714 3291 5769 15-16

2156 5714 2195 5743 ¹⁷
2234 5710 2392 5765 Joan.
2439 5729 2490 5779 ν,
2536 5712 2623 5765 45.
2738 5714 2779 5745 ¹⁸
2819 5712 2977 5769 Joan.
3022 5730 3083 5778 ιι,
3126 5714 3291 5769 15-16
3418 5715 3458 5747 ⁹¹
3489 5712 3620 5768 ibid.
3664 5709 3767 5799 17.7
