4128 6392
450 357 541 416 7-H

1571 353 2081 411 COMMENTARIA
2122 355 2188 410 IN
2227 353 2568 415 PSALMOS.

3600 360 3702 422 7:2

446 481 536 534 καὶ
564 481 613 533 oi
642 476 938 547 ὀνειδισμοὶ
969 476 1076 530 τῶν
1115 475 1479 539 ὀνειδιζόντων
1530 493 1590 528 σε
1625 476 1897 530 ἐπέπεσαν
1930 475 2013 527 ἐπ’

2121 490 2264 529 mam
2323 493 2520 545 meam,
2564 488 2618 533 et
2647 478 2848 534 factum
2888 480 3049 537 estin
3081 481 3429 551 opprobrium
3484 483 3635 538 mihi.
3677 505 3694 535 ι

444 571 565 642 ἐμέ.
659 571 770 623 Καὶ
834 568 1180 637 συνεκάλυψα
1254 569 1311 619 ἐν
1387 568 1611 637 νηστείᾳ
1678 566 1776 636 τὴν
1838 565 2016 636 ψυχήν

445 680 595 737 μου,
643 662 736 715 καὶ
796 660 1028 730 ἐγενήθη
1087 662 1167 721 είς
1224 658 1562 728 ὀνειδισμοὺς
1618 658 1760 728 ἐμοί.
1804 679 1820 709 ι
1887 660 2016 709 Ὅτε

446 754 569 827 μὲν,
616 754 799 824 φησιν,
849 751 1032 823 ἐώρων
1083 753 1173 804 τὸν
1224 751 1313 804 σὸν
1357 747 1503 805 οἷκον
1552 751 1733 820 πάσης
1777 749 2017 821 πληρού-

448 863 606 917 μενον
644 844 892 913 ἀνομίας,
920 844 1012 897 καὶ
1048 844 1176 895 ποτὲ
1212 844 1307 913 μὲν
1334 842 1649 913 γιγνόμενον
1678 838 1822 895 οἷκον
1856 844 2019 911 ἐμπο-

446 937 582 1009 ρίου,
611 936 738 989 ποτέ
764 937 819 988 δὲ
838 936 1098 1006 σπήλαιον
1121 933 1350 1006 λῃστῶν,
1385 932 1723 1004 πυρούμενος
1749 932 1852 985 ὑπὸ
1872 932 2015 984 θείου

444 1030 629 1102 ζήλου,
656 1029 882 1100 ήλαυνον
914 1030 1038 1091 τοὺς
1067 1028 1211 1080 ἔνδον
1241 1027 1711 1097 παρανομοῦντας
1753 1025 1887 1078 άλλά
1923 1027 2016 1078 καὶ

440 1123 530 1176 ὅτε
580 1124 700 1185 ταῖς
738 1121 945 1175 ἑαυτῶν
968 1120 1248 1190 ἀθεμίτοις
1295 1119 1557 1191 πράξεσιν
1601 1119 1801 1181 ὄνειδος
1853 1136 2011 1190 περι-

440 1215 610 1287 ῆπτόν
627 1232 705 1267 σοι
719 1213 795 1284 τῷ
816 1213 953 1283 Θεῷ,
972 1207 1031 1266 οὗ
1047 1212 1142 1283 τὴν
1159 1212 1465 1266 θεοσέϐειαν
1478 1212 1889 1283 ἐπηγγέλλοντο,
1912 1210 2016 1263 πά-

439 1306 521 1361 λιν
551 1309 631 1370 είς
668 1305 857 1359 ἑαυτὸν
920 1304 1313 1376 ἀναλαμϐάνων
1357 1306 1482 1368 τοὺς
1521 1304 1792 1367 τοιούτους
1829 1302 2015 1357 ὀνειδι-

342 1410 347 1411 '
435 1399 630 1467 σμοὺς,
645 1395 1033 1468 ἠναγκαζόμην
1050 1396 1330 1467 παρρησίᾳ
1345 1395 1600 1466 χρῆσθαι,
1621 1395 1848 1449 καὶτοὺς
1864 1394 2015 1463 ἐλέγ-

437 1504 566 1560 χους
593 1492 775 1553 αὐτοῖς
808 1488 1215 1559 θεραπευτικῶς
1250 1488 1596 1560 προσφέρειν·
1633 1489 1722 1540 ὅτε
1742 1487 1797 1539 δὲ
1828 1486 2012 1557 ἐώρων

434 1582 777 1652 ἀναισθήτως
806 1581 1001 1642 αὐτοὺς
1021 1578 1263 1648 ἔχοντας,
1287 1579 1378 1631 καὶ
1415 1580 1488 1649 μὴ
1517 1579 2013 1650 ἐπιστρεφομένους

435 1674 563 1736 τοὺς
596 1673 760 1743 ἐμοὺς
787 1672 1067 1742 ἐλέγχους,
1110 1670 1538 1740 άποκλαιόμενος
1567 1670 1747 1724 αὐτῶν
1782 1670 1879 1741 τὴν
1904 1671 2011 1723 άπ-

436 1765 651 1828 ὠλειαν,
692 1766 975 1835 ἐνήπευον
1008 1764 1100 1816 καὶ
1123 1764 1452 1816 κατεπόνουν
1486 1764 1721 1834 ἐμαυτὸν
1738 1764 1877 1834 ὑπὲρ
1913 1764 2011 1818 αὑ-

434 1856 562 1909 τῶν.
597 1858 658 1909 Oi
689 1855 746 1908 δὲ
781 1856 874 1908 καὶ
906 1854 1078 1918 οὔτως
1112 1852 1382 1917 ὠνείδιζόν
1428 1872 1516 1924 μοι
1549 1854 1890 1925 διασύροντες
1919 1855 2011 1907 καὶ

434 1947 784 2019 χλευάζοντες
802 1946 897 2019 τὴν
925 1947 1063 2017 ἐμὴν
1094 1946 1365 2017 νηστείαν.
1389 1946 1720 2017 Βουλόμενος
1742 1947 1798 2000 δέ
1830 1948 2012 2009 αὐτοῖς

436 2037 797 2109 ὑπογραμμὸν
831 2036 1119 2108 μετανοίας
1142 2034 1432 2097 δεικνύναι,
1460 2036 1519 2087 ού
1559 2035 1717 2106 μόνον
1736 2035 2011 2103 νηστείαις

433 2129 668 2201 ἐμαυτὸν
699 2128 1047 2190 κατεπόνουν,
1079 2126 1213 2181 ἀλλὰ
1245 2126 1335 2179 καὶ
1370 2126 1431 2179 τὸ
1451 2125 1568 2179 ἐνδυ
1578 2127 1653 2197 μά
1682 2144 1782 2197 μου
1810 2126 2010 2179 σάκκον

433 2221 755 2291 ἐποιούμην,
789 2220 1034 2285 κολάζων
1066 2219 1157 2271 καὶ
1197 2218 1605 2289 τιμωρούμενος
1636 2217 1733 2289 τὴν
1769 2216 2008 2288 ἐμαυτοῦ

435 2314 635 2384 σάρκα,
664 2312 814 2383 αύτῷ
834 2330 895 2365 τε
920 2312 1066 2383 ἐργῳ
1096 2311 1296 2384 τρόπον
1320 2308 1758 2381 ἐξομολογήσεως
1777 2311 1870 2364 καὶ
1901 2310 2009 2364 τῶν

430 2405 713 2477 προτέρων
760 2403 1174 2475 ἁμαρτημάτων
1212 2402 1533 2472 καθάρσεως
1581 2403 1888 2466 ἐπιδεικνὺς
1915 2403 2011 2455 αὒ-

431 2500 565 2561 τςῖς.
602 2499 663 2551 υἱ
696 2498 752 2551 δὲ
774 2497 868 2551 καὶ
900 2497 1068 2550 ταῦτα
1086 2496 1351 2565 γελῶντες
1372 2496 1492 2549 ἀντὶ
1514 2496 1831 2567 παραδολῆς
1852 2514 1919 2567 με
1934 2491 2010 2549 εἷ-

432 2607 546 2661 χον,
580 2589 960 2661 συνερχόμενοι
997 2590 1095 2660 μὲν
1121 2589 1237 2659 ἆμα
1268 2589 1361 2642 καὶ
1394 2589 1529 2661 πρὸς
1543 2593 1662 2653 ταῖς
1678 2589 1883 2644 ἐαυτῶν
1902 2587 2009 2643 πύ-

432 2682 551 2745 λαις
583 2681 953 2751 καθεζόμενοι,
989 2683 1167 2735 πᾶσαν
1189 2680 1244 2732 δὲ
1268 2682 1365 2751 τὴν
1396 2681 1605 2735 ἑαυτῶν
1635 2681 1849 2752 ὁμιλίαν
1880 2681 2009 2754 περὶ

432 2772 567 2844 ἐμοῦ
596 2773 939 2843 ποιούμενοι,
985 2773 1080 2826 καὶ
1115 2774 1396 2844 μονονουχὶ
1429 2773 1841 2844 ἀδολεσχοῦντες
1874 2775 2009 2846 πρὸς

430 2866 693 2937 ἀλλήλους
726 2868 783 2917 ἐν
812 2868 877 2936 τῇ
903 2866 1021 2918 κατ’
1043 2865 1175 2937 ἐμοῦ
1206 2866 1389 2938 χλεύη.
1428 2867 1540 2919 Οὐκ
1560 2867 1798 2937 ἁπήρκει
1827 2867 1881 2921 δὲ
1911 2869 2009 2920 αύ-

429 2960 541 3020 τοίς
582 2954 855 3027 διασύρειν
886 2958 979 3010 καὶ
1024 2956 1307 3027 χλευάζειν
1350 2957 1447 3020 τὰς
1478 2957 1617 3029 ἐμὰς
1647 2959 1788 3031 ὑπὲρ
1829 2959 2007 3012 αὐτῶν

430 3050 723 3121 ἀσκήσεις,
762 3048 897 3102 ἀλλὰ
930 3049 1024 3102 καὶ
1060 3049 1339 3118 συμπόσια
1376 3050 1833 3121 συγκροτοῦντες.,
1867 3052 2007 3123 ᾠδὰς

430 3143 525 3195 καὶ
551 3142 769 3213 ᾄσματα
798 3144 877 3206 είς
902 3142 1001 3213 ἐμὲ
1024 3141 1300 3212 διεξῄεσαν
1319 3142 1762 3211 οἰνοφλυγοῦντες
1788 3145 1880 3197 καὶ
1912 3163 2007 3215 με-
2033 3177 2077 3237 C

431 3232 754 3304 θυσκόμενοι
782 3236 838 3286 ἐν
864 3237 983 3295 ταῖς
1013 3235 1132 3286 κατ’
1162 3232 1297 3304 ἐμοῦ
1318 3233 1644 3304 παροινίαις.
1681 3236 1795 3305 Ἐφ’
1826 3232 1907 3301 οἷς
1925 3238 2005 3291 ἔτι

433 3327 629 3399 μᾶλλον
656 3326 766 3395 ἐγὼ
797 3327 1195 3380 συνεκάλυπτον
1229 3327 1287 3378 ἐν
1319 3327 1543 3399 νηστείᾳ
1566 3327 1662 3398 τὴν
1686 3327 1863 3400 ψυχήν
1890 3348 2012 3401 μου,

429 3419 525 3473 καὶ
560 3419 816 3490 ἐτιθέμην
844 3420 905 3472 τὸ
942 3418 1145 3490 ἕνδυμά
1177 3437 1276 3489 μου
1312 3418 1537 3483 σάκκον,
1568 3420 1666 3491 τὴν
1702 3421 1882 3475 αὐτῶν
1904 3423 2015 3475 άπ-

429 3510 626 3564 ῶλειαν
659 3510 1104 3582 ἀποκλαιόμενος.
1130 3512 1221 3564 Διὸ
1259 3510 1397 3564 κατὰ
1418 3511 1510 3565 τὸν
1526 3510 1756 3565 Ἀκύλαν
1772 3512 2010 3585 εἴρηταί

436 3623 453 3653 ι
496 3604 607 3656 Καὶ
650 3602 891 3657 ἔκλαυσα
912 3604 969 3655 ἐν
1010 3603 1234 3674 νηστείᾳ
1264 3602 1441 3672 ψυχήν
1488 3619 1589 3672 μου
1609 3642 1624 3666 ,
1656 3604 1750 3657 καὶ
1780 3603 2012 3676 ἐγενήθη

430 3698 510 3761 εἰς
531 3696 868 3768 ὀνειδισμοὺς
896 3696 1037 3767 ἐμοί.
1058 3697 1169 3748 Καὶ
1193 3695 1392 3748 ἔδωκεν
1417 3694 1626 3749 ἐνδυσίν
1656 3714 1756 3766 μου
1783 3696 2007 3761 σάκκον,

429 3788 525 3841 καὶ
558 3787 826 3858 ἐγενόμην
848 3788 1032 3850 αὐτοῖς
1056 3789 1135 3850 εἰς
1153 3787 1489 3858 παραϐολήν.
1530 3787 1778 3858 Ὠμίλουν
1802 3789 1860 3840 ἐν
1889 3788 2013 3859 ἐμοὶ

429 3880 725 3951 καθήμενοι
758 3879 963 3951 πύλην·
1032 3881 1125 3933 καὶ¹
1158 3878 1362 3950 ψαλμοὶ
1400 3879 1659 3932 πινόντων
1679 3879 1947 3949 μέθυσμα.
1989 3899 2006 3931 ι

429 3969 570 4023 κατὰ
596 3969 654 4022 δέ
682 3969 773 4023 τὸν
795 3968 1107 4039 Σύμμαχον·
1144 3987 1162 4019 ι
1203 3969 1314 4021 Καὶ
1341 3968 1558 4022 κλάοντι
1595 3968 1733 4038 μετὰ
1761 3969 2015 4038 νηστείας

430 4061 526 4130 τὴν
558 4060 735 4130 ψυχήν
768 4078 867 4131 μου
898 4060 1113 4128 ἐγένετο
1146 4062 1225 4123 εἰς
1256 4060 1453 4123 ὄνειδος
1487 4062 1629 4130 ἐμοί.
1661 4060 1770 4114 Καὶ
1798 4060 2013 4114 τάσσων

428 4153 490 4207 τὸ
513 4154 629 4207 ἐνδυ
638 4154 713 4225 μά
736 4172 837 4225 μου
871 4154 1092 4219 σάκκον,
1116 4156 1210 4208 καὶ
1232 4154 1496 4224 ἐγενόμην
1524 4154 1704 4216 αὐτοῖς
1726 4156 1804 4216 εἰς
1837 4170 2016 4224 παρα-

431 4246 613 4316 ϐολήν.
648 4246 943 4317 Διηγοῦντό
976 4264 1041 4317 με
1088 4246 1386 4317 καθήμενοι
1418 4249 1473 4299 ἐν
1507 4246 1647 4317 πύλῃ
1668 4287 1681 4309 ,
1717 4247 1811 4299 καὶ
1852 4245 2016 4315 ἔψαλ-

430 4335 522 4388 λόν
553 4353 619 4404 με
676 4337 725 4389 οἱ
768 4337 1015 4400 πίνοντες
1058 4337 1334 4407 μέθυσμα.
1380 4358 1397 4389 ι
1450 4336 1609 4390 Ἀλλά
1646 4337 1856 4400 τούτοις
1891 4355 2016 4392 συν-

432 4420 680 4485 εξετάσαι
708 4424 1022 4492 ἀναγκαῖον,
1056 4425 1172 4489 πῶς
1189 4426 1399 4497 εἴρηται
1433 4426 1539 4479 ὑπὸ
1553 4427 1645 4479 τοῦ
1678 4428 1929 4498 Σωτῆρος
1954 4429 2012 4481 ἐν

2120 566 2279 631 Cum,
2311 566 2743 640 inquit,domum
2786 580 2934 626 tuam
2964 572 3203 629 viderem
3239 575 3386 629 omni
3416 574 3701 644 iniquilate

2119 661 2407 730 repletam,
2429 672 2482 715 et
2506 664 2668 717 modo
2701 664 2927 718 domum
2960 666 3368 736 negotiationis,
3389 667 3549 721 modo
3579 685 3703 737 spe-

2120 752 2336 807 luncam
2371 755 2645 810 latronum
2696 756 2966 821 effectam,
3012 759 3200 813 divino
3242 760 3505 816 incensus
3560 762 3696 823 zelo,

2118 857 2213 898 eos
2259 847 2353 913 qui
2402 846 2548 900 intus
2586 847 2932 916 iniquitatem
2969 852 3343 919 operabantur
3391 853 3549 921 ejeci.
3587 853 3700 905 lmo

2116 937 2279 990 etiam
2322 954 2446 992 cum
2477 939 2707 996 nefariis
2739 942 2908 1012 gestis
2935 945 3050 997 suis
3080 946 3433 1013 opprobrium
3465 948 3561 1000 tibi
3590 946 3700 1000 Deo

2116 1030 2401 1098 inferrent,
2424 1049 2551 1103 erga
2582 1049 2743 1103 quem
2788 1041 2968 1088 tamen
3002 1036 3323 1105 religionem
3360 1038 3699 1105 proﬁteban-

2115 1132 2224 1186 tur,
2262 1123 2317 1176 in
2350 1138 2433 1176 me
2461 1138 2681 1177 rursum
2711 1125 3003 1194 Opprobria
3041 1124 3357 1193 hujusmodi
3406 1128 3699 1196 recipiens,

2113 1216 2447 1271 necessitate
2475 1217 2819 1285 compulsus,
2854 1218 3232 1286 correptiones
3264 1218 3399 1287 ipsis
3424 1220 3489 1274 ad
3524 1236 3701 1275 reme-

2113 1307 2263 1361 dium
2308 1308 2682 1363 admovebam.
2737 1308 2808 1362 Ut
2863 1309 3115 1364 videbam
3176 1318 3357 1364 autem
3394 1313 3514 1367 illos
3549 1314 3700 1368 nullo

2114 1416 2279 1455 sensu
2326 1400 2553 1463 moveri,
2583 1416 2759 1471 neque
2794 1402 3119 1470 resipiscere
3162 1420 3230 1456 ex
3277 1405 3702 1472 reprehensione

2113 1505 2254 1553 mea,
2277 1505 2466 1544 eorum
2502 1492 2798 1560 perniciem
2826 1491 3118 1561 deplorans
3147 1491 3482 1562 jejunabam,
3507 1511 3702 1565 meque

2113 1582 2328 1635 illorum
2356 1595 2524 1634 causa
2550 1580 3014 1635 macerabam.llli
3046 1592 3225 1636 autem
3253 1590 3385 1636 tunc
3412 1584 3572 1637 etiam
3597 1600 3697 1639 ex—

2112 1671 2453 1740 probrabant
2476 1670 2631 1734 mihi,
2652 1679 2706 1725 et
2731 1670 2999 1740 jejunium
3023 1686 3203 1726 meum
3223 1671 3463 1741 profusis
3477 1673 3703 1727 cachin-

2110 1762 2201 1816 nis
2228 1760 2552 1816 irridebant.
2583 1761 2720 1815 Cum
2762 1762 2955 1816 vellem
2991 1777 3156 1832 porro
3189 1766 3496 1834 exemplum
3525 1768 3700 1835 paeni-

2115 1854 2298 1905 tentiae
2329 1852 2465 1921 ipsis
2498 1868 2828 1922 proponere,
2872 1868 2980 1907 non
3013 1855 3174 1909 modo
3204 1855 3434 1924 jejuniis
3465 1871 3552 1911 me
3583 1872 3698 1910 ma-

2114 1944 2388 2011 eerabam,
2426 1944 2521 1998 sed
2554 1945 2721 1998 etiam
2763 1959 2862 2014 pro
2910 1946 3239 2002 vestimento
3274 1948 3543 2016 ponebam
3574 1950 3700 2003 cili-

2115 2037 2282 2102 cium,
2307 2048 2528 2091 carnem
2587 2051 2764 2091 meam
2824 2038 3103 2108 castigans
3143 2047 3198 2093 et
3240 2040 3497 2110 puniens,
3533 2051 3699 2112 atque

2114 2130 2235 2201 ipso
2284 2145 2448 2200 opere
2495 2129 2713 2184 modum
2750 2130 3116 2187 confessionis
3144 2140 3307 2203 atque
3359 2136 3700 2203 purgationis

2112 2220 2473 2290 pristinorum
2500 2228 2850 2291 peccatorum
2880 2222 3017 2291 ipsis
3053 2227 3582 2281 commonstrabam.
3620 2227 3700 2283 llli

2111 2330 2241 2369 vero
2288 2315 2404 2369 haec
2447 2330 2667 2384 quoque
2698 2313 3013 2370 deridentes
3034 2331 3134 2387 pro
3175 2318 3432 2387 parabola
3471 2335 3559 2375 me
3601 2321 3699 2374 ha-

2111 2409 2371 2471 buerunt,
2400 2409 2563 2475 simul
2592 2410 3005 2474 convenientes,
3034 2418 3088 2465 et
3131 2410 3199 2465 ad
3232 2419 3418 2480 portas
3449 2426 3580 2466 suas
3610 2428 3700 2467 se-

2111 2500 2323 2565 dentes,
2356 2500 2423 2554 de
2454 2516 2540 2555 me
2586 2516 2693 2554 una
2748 2500 3021 2570 colloquia
3068 2502 3385 2567 miscentes,
3413 2520 3477 2559 ac
3507 2512 3698 2557 mutuo

2110 2605 2287 2661 nugas
2328 2598 2650 2661 spargentes
2688 2591 2817 2645 dum
2863 2606 2948 2645 me
3002 2591 3322 2649 irriderent.
3384 2594 3573 2666 Neque
3611 2603 3700 2652 sat

2111 2682 2221 2737 illis
2252 2680 2353 2734 fuit
2383 2682 2529 2752 quod
2570 2698 2655 2738 me
2689 2684 3031 2747 deluderent,
3063 2693 3227 2755 atque
3262 2686 3330 2741 ob
3355 2703 3475 2741 mea
3507 2703 3605 2758 pro
3634 2688 3699 2741 il-

2109 2775 2178 2829 lis
2207 2782 2463 2844 suscepta
2496 2775 2759 2829 exercitia
2793 2776 3090 2829 ridiculum
3124 2787 3379 2846 agerent;
3406 2777 3501 2832 sed
3531 2778 3698 2832 etiam

2111 2867 2364 2920 convivia
2398 2874 2646 2936 agentes,
2678 2868 2983 2922 cantilenas
3010 2868 3139 2922 vino
3174 2869 3315 2938 capti
3354 2877 3406 2922 et
3454 2868 3615 2932 ebrii,
3643 2868 3697 2921 in

2110 2975 2196 3013 me
2222 2958 2627 3012 debacchantes
2651 2957 2906 3012 edebant.
2947 2958 3063 3024 Qua
3103 2958 3169 3013 de
3207 2975 3372 3013 causa
3393 2975 3493 3029 ego
3526 2959 3699 3012 multo

2110 3050 2286 3120 magis
2310 3049 2623 3120 operiebam
2660 3050 2714 3104 in
2744 3050 2953 3119 jejunio
3003 3051 3242 3104 animam
3276 3066 3470 3113 meam,
3505 3058 3559 3104 et
3597 3065 3696 3119 po-

2112 3143 2306 3195 nebam
2332 3142 2716 3196 vestimentum
2762 3158 2943 3195 meum
2973 3142 3239 3203 cilicium,
3274 3141 3499 3196 exitium
3552 3142 3701 3209 ipso~

2116 3249 2236 3286 rum
2260 3234 2572 3303 deplorans.
2604 3233 2804 3299 Quare,
2824 3233 3127 3289 secundum
3159 3234 3431 3303 Aquilam,
3457 3233 3655 3287 dicitur

2122 3344 2140 3376 ι
2182 3326 2248 3381 Et
2288 3327 2496 3397 ploravi
2550 3327 2607 3381 in
2634 3327 2846 3395 jejunio
2876 3328 3114 3381 animam
3165 3342 3364 3391 meam,
3391 3336 3445 3381 et
3490 3327 3693 3381 factum

2117 3422 2211 3470 est
2236 3418 2291 3471 in
2317 3416 2613 3487 opprobria
2641 3416 2797 3470 mihi.
2830 3415 2897 3469 Et
2926 3415 3076 3471 dedit
3099 3417 3486 3472 vestimentum
3512 3432 3692 3470 meum

2118 3492 2361 3573 saccum,
2381 3516 2435 3564 et
2467 3508 2646 3564 factus
2678 3523 2798 3563 sum
2828 3508 2940 3563 illis
2960 3509 3014 3562 in
3047 3508 3381 3578 parabolam.
3414 3507 3699 3578 Collaque-

2117 3601 2320 3654 bantur
2364 3600 2420 3654 in
2460 3615 2549 3655 me
2581 3600 2834 3655 sedentes
2863 3600 2930 3654 ad
2981 3608 3194 3671 portam
3243 3619 3255 3654 :
3299 3606 3352 3653 et
3385 3600 3579 3669 psalmi
3614 3600 3670 3653 bi

2115 3693 2359 3749 bentium
2393 3695 2746 3759 ebrietatem;
2786 3713 2805 3746 ›
2838 3692 3141 3749 secundum
3180 3691 3567 3763 Symmachum
3596 3706 3695 3744 au-

2117 3794 2226 3840 tem
2258 3806 2273 3840 :
2313 3804 2333 3835 ι
2371 3784 2437 3838 Et
2478 3786 2715 3854 ploranti
2746 3792 2870 3855 post
2889 3785 3100 3855 jejunia
3126 3783 3362 3837 animam
3391 3798 3585 3845 meam,
3619 3781 3698 3835 fa-

2116 3890 2262 3933 ctum
2310 3879 2474 3934 estin
2505 3878 2859 3948 opprobrium
2894 3875 3128 3930 mihi.Et
3163 3892 3372 3946 ponens
3406 3874 3697 3927 indumen-

2115 3979 2229 4024 tum
2259 3986 2439 4024 meum
2472 3985 2716 4033 saccum,
2749 3976 2805 4024 et
2839 3968 3019 4025 factus
3059 3984 3181 4023 sum
3224 3968 3332 4024 illis
3378 3967 3432 4020 in
3464 3965 3695 4035 parabo-

2114 4062 2245 4116 lam.
2276 4060 2620 4114 Enarrabant
2664 4076 2752 4115 me
2776 4060 3028 4114 sedentes
3072 4060 3126 4113 in
3181 4066 3359 4128 porta,
3397 4065 3450 4111 et
3484 4057 3656 4126 psalle

2114 4154 2247 4207 bant
2270 4168 2358 4207 me
2379 4153 2630 4208 bibentes
2661 4136 3001 4207 ebrietatem.
3035 4171 3053 4203 ›
3084 4151 3151 4204 At
3182 4151 3375 4205 horum
3408 4150 3697 4204 occasione

2114 4243 2527 4313 disquirendum
2558 4252 2665 4307 est,
2698 4259 2797 4297 cur
2823 4259 2853 4296 a
2881 4242 3173 4298 Servatore
3198 4242 3406 4296 dictum
3441 4241 3494 4294 in
3524 4239 3671 4293 Evan

2113 4338 2255 4408 gelio
2287 4337 2452 4392 fuerit
2488 4356 2499 4391 :
2537 4355 2556 4389 ι
2599 4336 2763 4392 Venit
2812 4337 3052 4392 Joannes
3108 4350 3287 4405 neque
3336 4333 3697 4389 manducans.

2117 4443 2294 4496 neque
2332 4428 2548 4491 bibens,
2584 4435 2639 4481 et
2669 4427 2902 4483 dicunt:
2937 4426 3275 4481 Dzemonium
3324 4424 3506 4476 habet.
3538 4419 3700 4475 Venit

432 4512 802 4580 Εύαγγελίοις·
843 4532 862 4564 ι
896 4509 1098 4567 ’Ἦλθεν
1156 4514 1404 4585 Ἰωάννης
1454 4516 1589 4585 μήτε
1633 4514 1827 4567 ἐσθίων
1872 4515 2009 4584 μήτε

2115 4519 2286 4574 Filius
2326 4519 2565 4574 hominis
2612 4521 2953 4575 manducans
3001 4526 3056 4573 ct
3104 4518 3319 4579 bibens,
3351 4524 3405 4569 et
3456 4513 3694 4566 dicunt:

435 4602 628 4668 πίνων,
668 4606 762 4658 καὶ
788 4605 1056 4672 λέγουσιν·
1103 4606 1388 4677 Δαιμόνιον
1423 4607 1554 4678 ἔχει.
1582 4603 1785 4660 Ἦλθεν
1822 4610 1850 4660 ὁ
1884 4607 2010 4670 Υἱὸς

433 4692 529 4747 τοῦ
556 4693 842 4765 ἀνθρώπου
868 4694 1062 4747 ἐσθίων
1091 4696 1183 4748 καὶ
1214 4696 1404 4761 πίνων,
1440 4698 1533 4750 καὶ
1570 4697 1838 4765 λέγουσιν·
1879 4697 2010 4751 Ἰδοὺ

437 4784 721 4856 ἄνθρωπος
756 4787 926 4855 φάγος
954 4788 1048 4840 καὶ
1081 4789 1362 4858 οἰνοπότης
1384 4829 1399 4854 ,
1443 4788 1689 4843 τελωνῶν
1723 4790 1874 4859 φίλος
1920 4791 2013 4844 καὶ

439 4878 798 4948 ἁμαρτωλῶν.
825 4898 843 4930 ι
874 4878 1011 4932 Ἀλλ’
1030 4882 1175 4950 ἐρεῖς
1189 4879 1361 4934 ταῦτα
1386 4883 1505 4933 κατ’
1526 4882 1700 4953 ἀρχὰς
1724 4880 1818 4935 τοῦ
1836 4883 2013 4952 Εὐαγ-

438 4970 619 5039 γελίου
666 4970 965 5039 γίγνεσθαι,
1002 4972 1091 5024 ὅτε
1119 4972 1205 5024 διὰ
1236 4972 1297 5024 τὸ
1334 4973 1406 5044 μὴ
1438 4973 1715 5042 νηστεύειν
1746 4976 1872 5038 τοὺς
1913 4993 2016 5045 μα-

440 5062 607 5132 θητάς
630 5063 814 5129 αὐτοῦ,
846 5063 942 5134 τὴν
969 5064 1109 5135 ὑπὲρ
1137 5064 1312 5117 αὐτῶν
1341 5065 1633 5134 ἀπολογίαν
1676 5066 2016 5136 ποιούμενος,

440 5153 675 5222 ἔφασκεν
695 5174 707 5185 ·
736 5176 753 5207 ι
765 5157 838 5209 υύ
852 5155 1100 5209 δύνανται
1116 5159 1164 5209 οἱ
1186 5156 1291 5208 υἱοὶ
1303 5155 1395 5209 τοῦ
1412 5158 1699 5228 νυμφῶνος
1714 5156 2015 5229 νηστεύειν,

442 5245 525 5313 ἐφ’
555 5247 678 5299 ὅσον
711 5249 826 5316 μετ’
853 5246 1032 5300 αὐτῶν
1052 5251 1203 5300 ἐστιν
1235 5250 1263 5300 ὁ
1291 5248 1522 5319 νυμφίος
1541 5249 1879 5321 ·,άρθήσεται
1916 5250 2010 5301 ἀπ’

441 5336 619 5390 αὐτῶν
664 5337 693 5388 ὀ
731 5338 981 5407 νυμφίος,
1031 5337 1123 5390 καὶ
1161 5338 1282 5391 τότε
1334 5338 1734 5409 νηστεύσουσιν.
1772 5358 1790 5391 ι
1855 5340 2015 5411 Ὁρᾷς

441 5426 570 5499 γὰρ,
601 5428 676 5490 ὡς
716 5431 809 5481 καὶ
842 5428 1002 5491 αὐτὸς
1034 5429 1300 5498 ἠπίστατο
1336 5430 1426 5482 τὸν
1464 5432 1562 5501 τῆς
1602 5431 1856 5502 νηστείας
1891 5450 2015 5485 και-

444 5518 566 5592 ρόν;
594 5520 847 5573 Είτοίνυν
867 5521 955 5573 τὸν
983 5519 1172 5592 καιρὸν
1200 5521 1292 5574 τοῦ
1315 5522 1521 5585 πάθους
1546 5522 1709 5576 αὑτοῦ
1736 5523 2017 5589 συνεξετά-

444 5627 595 5674 σειας
625 5614 735 5677 τοῖς
764 5612 899 5683 μετὰ
926 5616 1112 5685 χεῖρας
1137 5616 1537 5685 προκειμένοις,
1572 5615 1753 5687 εὕροις
1776 5615 1840 5670 ἂν
1868 5617 2015 5682 ὅπως

522 5791 565 5823 ⁸³
598 5789 789 5850 Matth.
837 5810 915 5861 ιι,
967 5795 1053 5863 l8,
1096 5794 1183 5850 19.
1262 5795 1306 5827 ³⁵
1350 5793 1538 5849 Matth.
1585 5809 1665 5860 ιχ,
1706 5794 1801 5849 15.

2116 4612 2256 4667 Ecce
2285 4612 2450 4665 homo
2476 4626 2643 4666 vorax
2682 4619 2737 4666 et
2777 4618 2995 4681 potator
3024 4611 3156 4673 vini,
3192 4607 3610 4678 publicanorum
3643 4609 3699 4657 et

2118 4710 2467 4772 peccatorum
2509 4706 2720 4759 amicus
2743 4704 2809 4756 ’³.
2840 4724 2858 4756 ›
2890 4703 2995 4757 Sed
3025 4703 3176 4756 dicas
3206 4700 3320 4753 haec
3346 4696 3501 4750 initio
3522 4693 3698 4747 Evano

2120 4791 2243 4859 gelii
2268 4790 2412 4846 facta
2442 4807 2584 4857 esse,
2614 4790 2836 4861 quando
2864 4807 2928 4847 eo
2951 4791 3098 4861 quod
3129 4787 3386 4856 discipuli
3420 4785 3540 4853 ejus
3587 4797 3695 4836 non

2118 4885 2458 4955 jejunarent,
2510 4900 2610 4954 pro
2648 4886 2807 4955 ipsis,
2841 4885 3055 4954 objecta
3085 4882 3364 4952 depellens
3385 4920 3399 4943 ,
3426 4878 3643 4933 dicebat
3679 4897 3692 4931 :

2128 4994 2146 5026 ι
2210 4975 2329 5029 Non
2383 4982 2614 5045 possunt
2670 4976 2765 5029 lilii
2820 4975 3043 5028 thalami
3099 4971 3377 5041 sponsalis
3419 4969 3692 5038 jejunare,

2120 5065 2360 5135 quandiu
2401 5082 2523 5120 cum
2581 5066 2689 5121 illis
2738 5076 2820 5120 est
2870 5080 3145 5135 sponsus:
3186 5062 3463 5116 auferetur
3497 5061 3565 5113 ab
3616 5059 3696 5112 eis

2122 5174 2383 5228 sponsus,
2418 5164 2472 5211 et
2503 5167 2636 5212 tunc
2661 5159 2989 5228 jejunabunt
3013 5158 3077 5209 ’⁸.
3120 5175 3138 5206 ι
3176 5153 3368 5208 Viden’
3401 5150 3546 5220 quod
3581 5150 3699 5219 ipse

2119 5258 2337 5319 quoque
2382 5249 2576 5318 jejunii
2624 5259 2839 5321 tempus
2866 5251 3036 5320 probe
3074 5248 3276 5304 sciret?
3314 5245 3370 5299 Si
3402 5258 3533 5311 ergo
3563 5252 3699 5295 tem-

2121 5356 2223 5411 pus
2265 5340 2540 5409 passionis
2593 5341 2767 5410 ipsius
2823 5356 2948 5395 cum
2999 5341 3066 5395 iis
3096 5354 3218 5408 quae
3247 5338 3359 5406 jam
3396 5343 3698 5388 tractamus

2124 5433 2425 5488 contuleris
2484 5434 2863 5503 deprehendes
2925 5432 3200 5502 quomodo
3250 5431 3365 5484 haec
3430 5427 3699 5496 completa

2124 5526 2346 5590 fuerint,
2380 5526 2600 5595 quando
2661 5525 2876 5581 sublato
2917 5525 3135 5581 demum
3186 5537 3411 5593 sponso,
3444 5517 3696 5587 discipuli

2119 5617 2242 5687 ejus
2265 5618 2609 5689 jejunabant.
2636 5617 2823 5688 Neque
2850 5618 2962 5674 veri
2995 5617 3246 5673 absimile
3269 5624 3376 5679 est,
3412 5627 3535 5668 eum
3560 5622 3702 5681 pra:-
