4126 6400
469 350 575 404 m
1196 338 1467 402 susssn
1506 327 1990 401 CIESARIENSIS
2020 334 2169 401 oar.
2211 337 2389 399 rans
2426 340 2509 398 ιιι.
2551 374 2621 386 -
2661 343 3063 400 exsomnes.
3620 349 3725 405 ιιι

469 469 743 524 videntem
796 481 856 522 se
900 466 1049 522 brevi
1095 477 1220 535 post
1273 475 1517 536 tempore
1550 465 1687 535 ipsis
1735 474 2033 520 extraneun

2156 465 2326 519 ταῦτα
2356 465 2675 537 ἐπληροῦτο,
2709 468 2797 520 ὅτε
2836 466 3019 521 λοιπὸν
3048 467 3333 537 αἰρομένου
3363 464 3458 520 τοῦ
3492 471 3723 540 νυμφίου

469 558 606 623 fore,
635 569 689 613 et
724 568 896 614 totum
943 574 1008 615 ex
1056 558 1484 613 circumcisione
1529 558 1788 627 populum
1825 558 2033 627 sangui‘

2154 558 2246 610 καὶ
2275 558 2324 610 οἱ
2357 557 2593 628 μαθηταὶ
2613 558 2776 611 αὑτοῦ
2800 560 3105 627 ἐνήστευον.
3138 560 3251 627 Ἐφ’
3268 553 3348 622 οἷς
3373 561 3472 614 ούκ
3499 562 3724 627 ἀπεικὸς

469 667 594 706 nem
626 667 785 706 suum
820 651 1228 721 postulaturum
1255 666 1401 715 esse,
1432 649 1656 705 Petrum
1698 658 2033 721 negaturum.

2149 644 2216 720 ἦν
2242 650 2336 702 καὶ
2370 651 2530 703 αὐτὸν
2560 650 2896 721 προορῶντα,
2924 650 2998 713 ὼς
3023 650 3217 720 μικρὸν
3238 650 3462 723 ὕστερον
3490 654 3727 723 ἀπηλλο-

469 751 524 795 et
556 742 683 794 talia
737 749 930 793 contra
976 757 1034 797 se
1084 740 1446 811 perpetranda
1489 756 1651 806 esse;
1706 750 1764 794 ut
1803 741 2033 795 futurum

2148 740 2447 812 τριωμένος
2478 741 2627 794 ἔσται
2671 742 2871 804 αὐτοῖς,
2905 742 2999 794 καὶ
3030 742 3105 805 ὡς
3129 742 3190 795 τὸ
3219 744 3326 797 πᾶν
3354 743 3501 807 ἔθνος
3532 745 3627 799 τοῦ
3660 749 3725 799 ἐκ

468 839 617 887 esset
670 832 923 886 tenebras
975 832 1158 885 omnia
1217 832 1428 885 circum
1486 830 1814 894 obvolvere,
1877 833 2033 886 solerr

2150 832 2451 903 περιτομῆς
2483 831 2611 885 λαοῦ
2651 833 2711 884 τὸ
2740 827 2877 902 αἷμα
2914 831 3079 887 αὑτοῦ
3114 833 3490 904 ἐξαιτήσεται,
3527 839 3618 890 καὶ
3647 838 3723 901 ὡς

466 925 645 994 ipsum
678 923 988 986 obscurari,
1037 923 1216 977 velum
1265 923 1450 992 templi
1500 923 1701 985 scindi,
1757 924 2033 992 omniaque

2148 926 2352 996 Πέτρος
2378 925 2536 977 αὑτὸν
2566 926 2883 996 ἀρνήσεται,
2917 926 3011 978 καὶ
3033 926 3254 979 τοιαῦτα
3275 929 3392 981 κατ’
3414 930 3576 982 αὐτοῦ
3605 931 3724 984 τολ-

466 1018 594 1072 olim
624 1018 678 1070 in
710 1014 912 1071 lsraele
946 1014 1256 1070 veneranda
1288 1016 1492 1081 everti;
1521 1016 1777 1069 nimirum
1818 1031 2033 1085 regnum

2150 1016 2474 1087 μηθήσεται,
2500 1015 2639 1069 ὥστε
2676 1017 2861 1079 σκότος
2892 1016 3165 1069 διαλαϐεῖν
3196 1018 3255 1070 τὸ
3281 1020 3551 1089 περιέχον,
3572 1022 3721 1091 ἥλιόν

466 1109 1062 1173 eorum,sacerdotium
1086 1117 1139 1162 cl.
1172 1108 1370 1163 Sancta
1403 1117 1748 1173 sanctorum;
1780 1109 2033 1163 omnium.

2145 1124 2204 1160 τε
2234 1107 2395 1161 αὑτὸν
2428 1108 2775 1177 σκοτισθῆναι
2799 1150 2812 1173 ,
2844 1109 2937 1161 καὶ
2970 1108 3030 1161 τὸ
3065 1110 3462 1181 καταπέτασμα
3494 1113 3586 1165 τοῦ
3617 1112 3721 1168 νεὼ

465 1218 572 1270 que
607 1216 795 1255 eorum
836 1199 1201 1268 abjectionem
1240 1206 1295 1252 et
1334 1198 1605 1252 excidium
1638 1198 1929 1253 confertim
1960 1198 2033 1253 fu-

2147 1200 2462 1270 σχισθῆναι,
2523 1201 2895 1271 ἀνατραπῆναί
2943 1218 3000 1253 τε
3064 1202 3242 1254 πάντα
3301 1202 3368 1255 τὰ
3408 1204 3573 1257 πάλαι
3624 1205 3719 1257 τοῦ

466 1299 649 1343 turum
682 1308 695 1344 :
733 1304 841 1343 non
872 1288 1007 1352 veri,
1039 1288 1285 1358 inquam,
1312 1289 1564 1345 absimile
1603 1298 1708 1353 est,
1740 1290 1917 1359 ipsum
1951 1291 2033 1345 ho‘

2156 1290 2368 1361 Ἰσραὴλ
2402 1290 2593 1361 σεμνὰ,
2629 1291 2770 1359 λέγω
2801 1291 2856 1344 δὲ
2881 1290 2976 1362 τὴν
3004 1291 3273 1361 βασιλείαν
3296 1294 3475 1346 αὐτῶν
3510 1295 3601 1348 καὶ¹
3622 1297 3719 1365 τὴν

465 1398 586 1436 rum
610 1398 775 1436 causa
800 1398 1109 1437 maccrasse
1146 1384 1201 1436 in
1226 1382 1438 1452 jejunio
1483 1384 1721 1437 animam
1773 1402 1951 1449 suam,
1986 1395 2033 1440 et

2147 1383 2441 1454 ἱερωσύνην
2477 1383 2569 1435 καὶ
2603 1382 2672 1435 τά
2696 1385 2860 1452 ’Ἅγια
2888 1385 2995 1435 τῶν
3027 1384 3219 1451 ἀγίων’
3253 1386 3469 1443 πάντων
3504 1404 3560 1439 τε
3597 1386 3720 1439 τού·-

464 1476 716 1544 posuissc
751 1476 1135 1529 vestimentum
1166 1490 1327 1529 suum
1360 1491 1605 1530 saccum.
1647 1476 1765 1541 Qua
1789 1478 1857 1532 de
1877 1495 2033 1533 causa

2144 1494 2252 1530 των
2285 1475 2553 1545 ἀποϐολὴν
2592 1477 2685 1528 καὶ
2711 1476 3020 1548 ἀνατροπὴν
3054 1477 3253 1549 ἀθρόαν
3282 1478 3533 1546 γενέσθαι
3552 1494 3565 1507 ⁸
3596 1480 3717 1532 τού·-

464 1568 616 1636 impii
644 1568 892 1621 homines
916 1568 1092 1637 ipsum
1124 1568 1443 1631 irridebant,
1468 1568 1596 1622 dum
1630 1570 1750 1624 loco
1774 1573 2033 1640 parabolae

2141 1586 2248 1621 των
2279 1568 2444 1625 ’ἑνεκα
2481 1570 2580 1621 οὐκ
2622 1569 2849 1632 ἀπεικὸς
2881 1565 2947 1639 ἦν
2986 1570 3144 1622 αὐτὸν
3180 1573 3499 1623 καταπονεῖν
3526 1573 3583 1622 ἐν
3620 1589 3715 1640 νη-

462 1655 717 1712 futilibus
740 1658 857 1711 suis
889 1658 1236 1713 sermonibus
1284 1668 1649 1728 nugarentur;
1679 1660 1896 1730 alioque
1933 1661 2033 1715 diei

2144 1662 2297 1732 στείᾳ
2327 1660 2421 1732 τὴν
2456 1660 2631 1731 ψυχὴν
2656 1661 2841 1723 αὐτοῦ,
2876 1662 2969 1714 καὶ
2993 1660 3197 1713 τιθέναι
3222 1660 3283 1712 τὸ
3320 1660 3521 1731 ἔνδυμα
3550 1663 3715 1716 αὑτοῦ

463 1761 706 1819 tempore
739 1732 996 1818 in\portis
1038 1751 1282 1816 collecti,
1313 1765 1408 1805 eos
1432 1752 1527 1820 qui
1562 1753 1911 1820 prasteribant
1945 1770 2033 1823 per

2143 1754 2345 1808 σάκκον
2382 1756 2469 1821 ἐφ’
2497 1748 2541 1821 ᾧ
2570 1754 2663 1806 καὶ
2699 1753 2987 1823 ἐχλεύαζον
3022 1753 3183 1805 αὐτὸν
3214 1756 3261 1805 ol
3307 1753 3523 1816 ἀσεϐεῖς
3550 1794 3563 1817 ,
3597 1755 3716 1807 ἀντὶ

462 1843 766 1897 calumnias
815 1844 871 1897 in
924 1842 1100 1911 ipsum
1146 1852 1384 1897 structas
1423 1844 1479 1896 in
1514 1858 1756 1898 errorem
1802 1846 2033 1901 deduce-

2144 1846 2455 1917 παραϐολῆς
2475 1849 2593 1909 ταῖς
2627 1846 2744 1899 κατ’
2771 1845 2935 1898 αὐτοῦ
2953 1846 3265 1915 διηγήσεσιν
3286 1845 3711 1915 ἀδολεσχοῦντες⁸

461 1947 617 2003 rent;
662 1944 909 2005 tempore
942 1942 1123 1991 autem
1156 1935 1286 1998 cibi,
1319 1936 1446 1995 vino
1476 1944 1530 1990 et
1551 1936 1805 1991 ebrietati
1838 1952 2033 1993 vacan-

2143 1940 2237 1993 καὶ
2255 1940 2343 1992 τὸν
2362 1939 2458 2009 μὲν
2487 1938 2642 1993 ἀλλον
2662 1939 2851 2009 καιρὸν
2878 1939 2976 2007 τῆς
3004 1937 3237 2009 ἡμέρας,
3265 1941 3322 1991 ἐν
3353 1942 3473 2001 ταῖς
3522 1938 3715 2001 πύλαις

461 2042 564 2093 tes.
592 2030 896 2085 cantilenas
948 2036 1140 2082 contra
1189 2028 1367 2092 ipsum
1414 2029 1663 2083 ederent.
1706 2029 1895 2095 Quare
1948 2031 2033 2086 ille

2144 2031 2529 2100 συναγόμενοι,
2550 2030 2675 2093 τοὺς
2710 2030 2776 2082 δι’
2808 2030 2987 2083 αὐτῶν
3027 2031 3407 2101 διερχομένους
3440 2033 3561 2095 ταῖς
3595 2031 3713 2084 κατ’

460 2124 741 2194 aperiebat
776 2123 829 2175 in
867 2121 1080 2190 jejunio
1112 2120 1351 2177 animam
1383 2136 1564 2185 suam,
1597 2129 1651 2176 et
1698 2124 1933 2193 ponebat
1960 2126 2033 2179 in-

2143 2120 2306 2173 αὑτοῦ
2340 2118 2610 2181 διαὸολαῐς
2632 2118 2896 2172 ἐπλάνων’
2930 2121 2987 2172 ἐν
3009 2120 3065 2173 δὲ
3084 2120 3161 2191 τῷ
3178 2120 3355 2192 καιρῷ
3375 2122 3473 2190 τῆς
3492 2122 3713 2191 τροφῆς,

460 2215 780 2270 dumentum
832 2227 990 2267 suum
1028 2226 1275 2272 saccum,
1312 2210 1475 2280 idque
1498 2227 1598 2281 pro
1627 2212 1858 2268 aliorum
1891 2216 2033 2271 salu-

2142 2216 2269 2285 οῐνῳ
2301 2214 2393 2267 καὶ
2436 2212 2574 2284 μέθῃ
2610 2212 2979 2282 σχολάζοντες,
3019 2212 3161 2283 ᾠδὰς
3209 2214 3553 2267 συνετίθεσαν
3598 2215 3715 2269 κατ’

458 2314 512 2360 te
541 2321 607 2359 ex
633 2304 896 2359 bonitatis
923 2302 1309 2372 exsuperantia
1342 2304 1653 2372 praestabat.

2142 2306 2326 2360 αὐτοῦ.
2357 2305 2447 2358 Διὸ
2474 2305 2696 2358 συνεκά)
2709 2322 2874 2358 υπτεν
2900 2308 2959 2359 ἐν
2987 2307 3206 2377 νηστείᾳ
3225 2308 3321 2378 τὴν
3335 2307 3510 2377 ψυχὴν
3531 2306 3716 2376 αὐτοῦ,

459 2396 554 2449 καὶ
585 2395 792 2450 ἐτίθετο
822 2394 881 2448 τὸ
949 2394 1153 2464 ἔνδυμα
1200 2394 1365 2453 αὐτοῦ
1401 2396 1633 2462 σάκκον,
1704 2396 1844 2469 ὑπὲρ
1882 2400 1979 2471 τῆς
2042 2400 2243 2472 ἐτέρων
2292 2399 2594 2469 σωτηρίας,
2638 2398 2705 2451 δι’
2755 2399 3058 2470 ύπερὸολὴν
3104 2400 3512 2471 φιλανθρωπίας
3546 2399 3716 2454 ταῦτα

459 2508 735 2563 πράττων.

533 2611 699 2664 Vens.
726 2607 814 2662 Η.
846 2626 863 2658 ‹
886 2605 996 2677 Ego
1030 2622 1161 2662 vero
1184 2607 1488 2662 orationem
1518 2616 1696 2663 meam
1724 2609 1791 2664 ad
1827 2617 1897 2675 te,
1932 2608 2033 2664 Do-

2215 2622 2232 2655 ι
2268 2601 2440 2671 Κάγὼ
2461 2603 2573 2673 δὲὴ
2602 2604 2872 2673 προσευχή
2900 2620 2999 2673 μου
3041 2602 3176 2674 πρὸς
3206 2603 3284 2670 σέ,
3306 2606 3500 2677 Κύριε,
3526 2624 3714 2681 καιρος

461 2704 627 2766 mine,
662 2709 877 2769 tempus
933 2700 1279 2769 beneplaciti,
1324 2698 1509 2755 Deus:
1571 2700 1631 2755 ln
1688 2702 2035 2758 multitudine

458 2793 847 2849 misericordiae
875 2797 979 2845 tua:
1002 2792 1196 2846 exaudi
1229 2808 1332 2847 me.
1376 2811 1394 2845 ι
1430 2791 1509 2846 Illi
1545 2794 1785 2863 quidem,
1812 2796 1905 2861 ait,
1940 2796 2035 2849 de—

458 2886 729 2946 ridebant,
774 2882 1247 2949 alllictionemque-
1276 2895 1451 2933 meam
1491 2881 1869 2936 traducebant.
1921 2884 2035 2953 Ego

458 2992 588 3030 vero
621 2974 1059 3044 perseverabam,
1090 2974 1389 3027 orationem
1442 2990 1617 3028 meam
1649 2975 1750 3028 tibi
1804 2974 2033 3030 Domino

458 3068 712 3124 offerens.
746 3067 1013 3121 Observes
1060 3081 1227 3135 porro
1279 3066 1459 3130 velim,
1504 3066 1826 3121 Hebraicam
1889 3066 2032 3122 Scri-

464 3167 679 3231 pturam
710 3159 798 3211 hic
826 3173 1041 3227 quoque
1071 3164 1307 3227 quatuor
1353 3158 1658 3212 litterarum
1684 3174 1816 3213 voce
1844 3159 2028 3215 Domi-

462 3269 591 3307 num
625 3252 948 3321 exprimere.
978 3249 1052 3303 Te
1080 3265 1210 3304 vero
1245 3248 1534 3303 Dominum
1567 3250 1869 3319 deprecans
1894 3252 2035 3307 dice-
2061 3224 2102 3281 Ο

459 3344 585 3399 bam
620 3362 632 3397 :
670 3362 688 3393 ι
726 3342 966 3411 Tempus
1003 3342 1352 3410 beneplaciti,
1386 3340 1569 3405 Deus;
1612 3358 1629 3392 ι
1668 3342 1803 3404 sive,
1837 3358 2036 3397 secun-

460 3436 587 3489 dum
612 3432 996 3504 Symmachum
1024 3449 1036 3485 :
1067 3450 1083 3481 ι
1104 3430 1341 3500 Tempus
1368 3430 1849 3486 reconciliationis.
1868 3430 2031 3494 Deus,

459 3528 513 3581 in
540 3526 884 3579 multitudine
921 3524 1313 3577 misericordia:
1351 3531 1459 3576 tua:
1479 3522 1676 3576 exaudi
1712 3537 1817 3577 me.
1854 3542 1871 3574 ι
1901 3521 2033 3576 Nam

459 3620 505 3673 si
537 3618 669 3672 alias
710 3632 803 3669 vox
836 3622 930 3668 tua
970 3614 1147 3668 Patris
1171 3615 1275 3668 mei
1309 3614 1440 3667 mihi
1466 3613 1580 3666 haec
1604 3612 1889 3667 testificata
1917 3620 2030 3667 est:

465 3729 483 3761 ι
527 3708 624 3763 Hic
658 3718 741 3763 est
781 3707 951 3761 Filius
1001 3722 1155 3761 meus
1204 3705 1436 3759 dilectus
1483 3705 1537 3757 in
1574 3720 1682 3774 quo
1732 3704 1865 3757 mihi
1900 3704 2035 3757 bene

459 3802 762 3871 complacni
803 3800 883 3868 ²⁸;
929 3819 946 3852 ι
985 3813 1130 3853 nunc
1170 3797 1407 3851 maxime
1438 3807 1650 3866 tempus
1708 3794 2033 3865 beneplaciti

457 3902 544 3950 est
580 3909 789 3963 :qnare
818 3907 1016 3962 precor
1062 3898 1122 3942 ut
1156 3890 1211 3942 in
1260 3888 1609 3941 multitudine
1647 3886 2036 3940 misericordiae

457 3990 568 4038 tuae
599 3982 859 4036 exaudias
890 3997 993 4046 me,
1024 3988 1078 4034 et
1108 3979 1165 4051 in
1214 3977 1444 4033 veritate
1486 3977 1682 4032 salutis
1716 3983 1823 4029 tum
1849 3991 2034 4030 serves

456 4089 563 4128 me.
615 4072 733 4126 Non
781 4073 1074 4125 humanam
1124 4072 1323 4141 quippe
1375 4069 1593 4139 postulo
1650 4068 1901 4131 salutem,
1938 4067 2034 4121 sed

456 4180 663 4219 veram.
695 4163 843 4217 Talis
869 4178 1034 4233 porro
1061 4172 1146 4218 est
1186 4178 1307 4233 qua:
1336 4178 1402 4217 ex
1427 4171 1480 4215 te
1509 4159 1779 4232 provenit,
1812 4174 1917 4229 qua
1948 4174 2035 4213 me

457 4270 593 4326 rogo
643 4255 781 4324 eripi
834 4269 863 4306 a
897 4255 1012 4307 luto
1046 4262 1106 4306 ut
1149 4269 1259 4307 non
1306 4253 1519 4323 inligar.
1548 4252 1593 4304 A
1620 4267 1731 4321 quo
1756 4252 1892 4317 luto,
1928 4249 2033 4305 nisi

458 4344 526 4399 de
564 4359 672 4414 quo
702 4344 950 4413 superius
978 4342 1263 4396 dicebam:
1312 4360 1331 4392 ‹
1382 4342 1584 4395 lnﬁxus
1627 4355 1747 4395 sum
1799 4339 1855 4393 in
1905 4338 2034 4392 limo

456 4437 735 4509 profundi,
770 4445 823 4489 et
855 4450 959 4488 non
984 4445 1068 4489 est
1098 4434 1433 4489 substantia?
1460 4452 1478 4485 ι
1503 4431 1636 4485 Nam
1665 4432 1755 4502 qui
1781 4431 2033 4500 superius

2138 2694 2403 2759 εὐδοκίας,
2441 2696 2470 2748 ὀ
2496 2694 2627 2757 Θεὸς
2646 2711 2659 2723 ·
2689 2695 2748 2747 ἐν
2786 2694 2865 2765 τῷ
2895 2695 3087 2765 πλήθει
3115 2696 3209 2749 τοῦ
3243 2697 3424 2757 ἐλέους
3453 2715 3547 2752 σου
3582 2701 3715 2753 ἐπά-

2139 2782 2330 2835 κουσόν
2368 2799 2489 2852 μου.
2526 2802 2543 2834 ι
2580 2783 2643 2835 Οί
2676 2783 2775 2853 μὲν
2829 2783 3143 2853 ἐχλεύαζον,
3173 2788 3324 2857 φησὶ,
3347 2788 3439 2840 καὶ
3469 2789 3715 2861 διέσυρον

2139 2874 2239 2937 τὰς
2288 2872 2427 2944 ἐμὰς
2474 2872 2764 2937 κακώσειςο
2815 2873 2925 2943 ἐγὼ
2972 2875 3031 2927 δὲ
3088 2879 3581 2950 προσεκαρτέρουν,
3615 2882 3713 2952 τὴν

2139 2967 2279 3036 ἐμὴν
2312 2966 2617 3037 προσευχήν
2644 2983 2724 3018 σοι
2756 2966 2834 3036 τῷ
2857 2966 3044 3037 Κυρίῳ
3063 2970 3508 3040 προσαναφέρων.
3546 2972 3711 3043 Τήρει

2135 3058 2214 3122 δὲ,
2248 3058 2323 3121 ὡς
2360 3059 2451 3110 καὶ
2485 3057 2715 3110 ἐνταῦθα
2749 3058 2840 3111 τὸν
2877 3059 3079 3129 Κύριον
3112 3060 3197 3112 διὰ
3226 3061 3319 3113 τοῦ
3364 3064 3712 3134 τετραγράμ·

2139 3166 2242 3221 μου
2276 3152 2308 3221 ή
2348 3150 2608 3221 Ἐὄραῖκὴ
2638 3152 3056 3221 ἐπισημαίνεται
3088 3156 3295 3225 γραφή.
3323 3156 3624 3225 Εύχόμενος
3654 3157 3712 3211 δὲ

2138 3246 2272 3316 πρὸς
2302 3244 2359 3297 σέ
2382 3245 2471 3297 τὸν
2502 3243 2705 3315 Κύριον
2724 3244 2894 3297 ταῦτα
2916 3245 3119 3314 ἔλεγον·
3163 3266 3181 3298 ι
3210 3249 3415 3319 Καιρδς
3446 3248 3709 3311 εὐδοκίας,

2134 3336 2165 3387 ὀ
2200 3335 2350 3399 Θεός·
2388 3356 2405 3387 ι
2436 3336 2490 3406 ἢ,
2522 3335 2661 3388 κατὰ
2691 3336 2781 3388 τὸν
2796 3336 3108 3408 Σύμμαχον·
3147 3357 3165 3388 ι
3190 3339 3377 3409 καιρὸς
3402 3340 3708 3410 διαλλαγῆς.

2149 3426 2205 3479 Ὁ
2222 3427 2373 3491 Θεὸς,
2404 3429 2461 3479 ἐν
2484 3427 2561 3497 τῷ
2578 3428 2772 3498 πλήθει
2788 3429 2880 3481 τοῦ
2903 3429 3085 3492 ἐλέους
3102 3447 3193 3482 σου
3216 3432 3515 3483 ἐπάκουσόν
3538 3449 3658 3501 μου.
3686 3450 3706 3482 ι

2138 3518 2200 3572 El
2226 3519 2334 3590 γὰρ
2372 3518 2463 3571 καί
2497 3535 2626 3571 ποτε
2650 3518 2836 3571 ἄλλοτε
2866 3521 2984 3591 ήσὴ
3002 3520 3093 3573 τοῦ
3122 3520 3335 3591 Πατρὸς
3369 3523 3711 3594 ἐμαρτύρησε

2136 3612 2287 3682 φωνὴ
2322 3612 2570 3679 λέγουσα·
2614 3632 2632 3666 ι
2661 3608 2826 3676 Οὗτός
2854 3616 2999 3667 ἐστιν
3019 3616 3046 3666 ὁ
3079 3614 3203 3677 Υἱός
3234 3633 3332 3685 μου
3363 3618 3391 3668 ὁ
3411 3618 3707 3686 ἀγαπητὸς,

2135 3708 2193 3761 ἐν
2217 3702 2261 3774 ᾧ
2291 3708 2587 3779 ηὐδόκησα.
2621 3726 2638 3758 ι
2689 3707 2846 3760 Ἀλλά
2873 3709 2966 3761 νῦν
3000 3708 3233 3778 μάλιστα
3258 3710 3447 3781 καιρός
3483 3713 3597 3763 ἐστι
3614 3713 3711 3779 τῆς

2135 3798 2401 3861 εὐδοκίας·
2430 3799 2509 3850 διὸ
2541 3797 2767 3852 ἱκετεύω
2800 3801 2857 3851 ἐν
2908 3799 2983 3868 τῷ
3026 3800 3215 3870 πλήθει
3248 3801 3341 3854 τοῦ
3387 3802 3569 3864 ἐλέους
3616 3819 3707 3853 σου

2135 3888 2437 3941 ἐπακοῦσαι
2465 3906 2588 3958 μου,
2618 3889 2709 3940 καὶ
2740 3890 2795 3941 ἐν
2818 3889 3045 3961 ἀληθείᾳ
3062 3891 3162 3959 τῆς
3185 3891 3457 3961 σωτηρίας
3482 3908 3574 3944 σου
3605 3891 3711 3943 σῶ-

2136 3976 2224 4029 σαί
2255 3992 2341 4046 με.
2378 3978 2450 4030 Ού
2488 3978 2596 4047 γάρ
2635 3978 2979 4049 ἀνθρωπίνης
3012 3980 3199 4050 δέομαι
3233 3982 3539 4050 σωτηρίας,
3573 3981 3709 4034 ἀλλά

2134 4068 2230 4137 τῆς
2250 4068 2501 4138 ἀληθοῦς·
2539 4068 2773 4136 Τοιαύτη
2811 4068 2868 4121 δέ
2904 4072 3050 4122 ἐστιν
3082 4072 3115 4140 ἡ
3150 4070 3300 4141 παρά
3340 4070 3455 4134 σοῦ,
3488 4070 3607 4125 καθ’
3642 4072 3711 4142 ἣν

2136 4158 2373 4229 σωθῆναι
2394 4159 2617 4211 ἱκετεύω
2632 4160 2737 4212 ἀπὸ
2760 4160 2952 4230 πηλοῦ,
2974 4161 3062 4214 ἴνα
3091 4162 3163 4232 μὴ
3191 4162 3444 4231 ἐμπαγῶ.
3480 4161 3637 4215 Ποίου
3652 4162 3708 4214 δὲ

2134 4249 2329 4319 πηλοῦ,
2345 4250 2376 4320 ἢ
2406 4252 2533 4321 περὶ
2546 4245 2605 4303 οῦ
2619 4252 2873 4322 ἀνωτέρω
2891 4251 3093 4321 ἔλεγον·
3122 4273 3140 4304 ι
3164 4253 3465 4326 Ἑνεπάγην
3480 4257 3558 4318 είς
3577 4254 3708 4324 ὓλην

2136 4336 2319 4410 βυθοῦ,
2344 4341 2436 4394 καὶ
2464 4342 2563 4394 οὐκ
2581 4341 2723 4394 ἐστιν
2745 4343 3039 4406 ὑπόστασις
3059 4360 3072 4408 ;
3103 4363 3120 4395 ι
3141 4344 3202 4396 Ἦ
3228 4344 3335 4413 γὰρ
3354 4346 3607 4417 ἀνωτέρω
3620 4344 3708 4398 λε-

2134 4432 2320 4503 χθεῖσα
2342 4433 2454 4494 ίλὺς
2474 4433 2634 4503 βυθοῦ
2657 4434 2889 4486 ἐνταῦθα
2906 4434 3074 4504 πηλὸς
3096 4432 3433 4505 ὠνόμασται.
3448 4438 3521 4507 Ση
3532 4437 3707 4506 μαίνει

458 4533 623 4585 limus
674 4526 929 4599 profundi
992 4528 1172 4581 dictus
1230 4535 1345 4589 est,
1405 4525 1494 4579 hic
1552 4524 1725 4578 lutum
1779 4532 2030 4578 vocatur.

2135 4524 2190 4575 δέ
2214 4523 2300 4577 διὰ
2320 4522 2521 4577 τούτων
2546 4524 2643 4595 τὴν
2671 4523 2765 4577 τοῦ
2814 4524 3062 4594 σώματος
3095 4527 3151 4577 ἐν
3192 4525 3269 4596 τῷ
3295 4526 3507 4597 θανάτῳ
3534 4526 3703 4587 λύσιν,

457 4618 555 4679 His
641 4638 801 4693 porro
878 4620 1146 4689 significat
1241 4618 1569 4674 solutionem
1644 4615 1891 4685 corporis
1976 4616 2031 4668 in

2135 4615 2262 4686 περὶ
2310 4611 2378 4686 ἧς
2436 4617 2493 4667 ἐν
2550 4616 2721 4686 ἑτέρῳ
2762 4616 2998 4684 ἔφασκεν
3031 4633 3044 4646 ·
3086 4635 3104 4669 ι
3156 4618 3269 4670 Ούκ
3301 4618 3708 4687 ἐγκαταλείψεις

458 4722 667 4779 morte,
731 4713 798 4768 de
857 4729 963 4782 qua
1030 4713 1085 4765 in
1154 4711 1260 4764 alio
1307 4711 1387 4765 sic
1435 4708 1808 4777 loquebatur:
1846 4725 1864 4757 ι
1912 4705 2030 4759 Non

2135 4706 2231 4775 τὴν
2281 4705 2459 4775 ψυχήν
2513 4724 2613 4776 μου
2666 4709 2745 4759 είς
2793 4708 2883 4760 τὸν
2950 4708 3081 4779 ᾅδην
3111 4748 3125 4773 ,
3188 4709 3308 4761 ούδέ
3365 4709 3556 4773 δώσεις
3617 4710 3707 4763 τὸν

457 4809 806 4877 derelinques
848 4806 1085 4859 animam
1142 4818 1317 4857 meam
1363 4802 1417 4856 in
1468 4800 1703 4863 inferno,
1735 4814 1836 4853 nec
1875 4797 2032 4853 dabis

2135 4796 2273 4850 ὅσιόν
2328 4814 2421 4851 σου
2473 4798 2598 4850 ἰδεῖν
2646 4799 2961 4871 διαφθοράν.
3008 4819 3025 4851 ι
3072 4800 3135 4853 Οί
3176 4801 3275 4870 μὲν
3319 4796 3410 4853 οὖν
3462 4801 3567 4853 ὑπὸ
3613 4800 3706 4852 τοῦ

455 4910 705 4959 sanctum
734 4908 885 4952 tuum
920 4896 1106 4951 videre
1130 4895 1539 4964 corruptionem
1571 4894 1637 4947 ³⁸.
1681 4910 1699 4943 ι
1735 4889 1838 4956 Qui
1868 4890 2032 4960 igitur

2135 4889 2363 4944 θανάτου
2412 4892 2791 4962 κρατηθέντες,
2830 4892 3125 4963 διαφθορὰν
3168 4893 3558 4963 ὑπομείναντες
3617 4894 3708 4944 καὶ

458 5009 487 5046 a
522 4999 698 5046 morte
726 4991 1060 5053 detinentur,
1110 4987 1515 5055 corruptionem
1559 4983 1730 5053 passi,
1772 4983 1826 5037 in
1859 4997 2029 5051 eaque

2135 4982 2189 5033 ἐν
2225 4981 2398 5053 φθορᾷ
2431 4984 2732 5053 γενόμενοι,
2769 4984 3219 5054 ἐναπομείναντές
3244 5001 3301 5036 τε
3332 4985 3491 5054 αὐτῇ,
3515 4982 3709 5036 ἐνεπά-

456 5084 765 5147 constituti,
801 5097 923 5137 cum
961 5081 1017 5134 in
1060 5095 1122 5133 ea
1154 5076 1588 5149 permanserint,
1620 5074 1767 5129 infixi
1804 5085 1931 5128 sunt
1974 5076 2029 5129 in

2135 5090 2306 5143 γησαν
2329 5076 2408 5137 είς
2440 5074 2529 5127 τὸν
2562 5075 2751 5144 πηλόν.
2794 5075 2933 5143 Ἐγὼ
2964 5076 3021 5128 δὲ
3054 5077 3102 5127 εί
3130 5077 3224 5129 καὶ
3245 5074 3512 5145 κατῆλθον
3539 5071 3707 5125 κενώ-

456 5177 571 5230 luto
606 5194 619 5229 :
652 5189 752 5243 ego
783 5187 912 5226 vero
940 5170 1159 5225 etiamsi
1204 5167 1600 5231 descenderim,
1631 5167 1694 5219 ad
1733 5166 1905 5219 lutum
1937 5181 2028 5220 us-

2136 5182 2234 5227 σας
2281 5161 2512 5235 ἐμαυτὸν
2575 5166 2733 5238 μέχρι
2779 5166 3001 5219 τούτου·
3056 5167 3169 5220 ἀλλ’
3220 5166 3443 5219 ἱκετεύω
3498 5165 3702 5232 λέγων·

456 5283 561 5338 que
593 5266 891 5319 humilians
927 5264 1213 5332 meipsum,
1243 5274 1437 5331 precor
1475 5267 1655 5313 tamen
1688 5258 1773 5312 his
1804 5259 1985 5313 verbis
2012 5278 2023 5313 :

461 5379 481 5411 ‹
526 5358 685 5427 Eripe
716 5370 800 5409 me
836 5355 902 5409 de
949 5355 1083 5418 luto,
1119 5362 1178 5406 ut
1224 5367 1334 5406 non
1384 5352 1599 5421 inﬁgar.
1638 5369 1656 5400 ι
1685 5349 1816 5415 Qum
1856 5366 2019 5419 porro

457 5449 886 5517 subsequuntur,
912 5446 1140 5498 virtutes
1162 5442 1217 5496 in
1247 5443 1361 5512 ipsa
1386 5450 1558 5495 morte
1588 5441 1721 5495 sitas
1738 5440 2018 5507 denotant,

457 5556 486 5594 ιι
516 5542 712 5610 quibus
743 5540 875 5609 eripi
907 5554 965 5593 se
997 5544 1150 5608 rogat
1179 5535 1368 5589 dicens
1396 5551 1409 5587 :
1441 5552 1461 5585 ι
1500 5532 1721 5587 Liberer
1746 5531 1815 5586 ab
1841 5532 1907 5585 iis
1930 5532 2022 5602 qui

458 5632 691 5687 oderunt
719 5647 824 5696 me,
857 5639 911 5685 et
945 5630 1011 5685 de
1041 5626 1328 5699 profundis
1354 5640 1639 5697 aquarum.
1669 5622 1785 5677 Non
1820 5639 1905 5678 me
1931 5624 2025 5679 de-

537 5813 581 5849 ⁹¹
612 5813 797 5869 Matth.
842 5828 925 5879 ιιι,
968 5812 1063 5881 17;
1098 5827 1229 5878 ιιίι,
1258 5811 1309 5866 5.
1388 5809 1430 5839 "
1471 5805 1616 5863 Psal.
1658 5822 1746 5873 xv,
1790 5804 1874 5859 l0.

2141 5277 2159 5309 ι
2186 5258 2366 5310 Σῶσόν
2397 5275 2461 5328 με
2480 5258 2587 5311 ἀπὸ
2610 5258 2803 5327 πηλοῦ,
2828 5260 2916 5313 ἴνα
2953 5258 3025 5329 μὴ
3054 5257 3304 5328 ἐμπαγῶ.
3336 5276 3353 5308 ι
3380 5257 3459 5309 Τά
3489 5257 3547 5310 δὲ
3581 5256 3706 5325 ἑξῆς

2126 5349 2484 5420 ἐπιλεγόμενα
2515 5349 2615 5413 τὰς
2650 5352 2705 5402 ἐν
2738 5350 2885 5421 αύτῷ
2912 5351 2989 5421 τῷ
3019 5350 3232 5420 θανάτῳ
3264 5350 3520 5420 δυνάμεις
3566 5364 3706 5418 παρα

2130 5442 2365 5513 ίστησινο
2399 5444 2490 5513 ἀφ’
2516 5437 2591 5496 ὧν
2637 5444 2897 5512 ρυσθῆναι
2929 5443 3142 5514 εὔχεται
3175 5444 3364 5512 λέγων·
3386 5461 3404 5493 ι
3428 5441 3705 5512 Ῥυσθείην

2128 5536 2192 5586 ἐκ
2212 5535 2319 5587 τῶν
2346 5536 2644 5607 μισούντων
2674 5553 2739 5606 με
2769 5537 2861 5590 καὶ
2886 5538 2949 5590 ἐκ
2977 5537 3083 5591 τῶν
3110 5535 3315 5607 βαθέων
3344 5533 3450 5588 τῶν
3477 5533 3700 5586 ὑδάτων.

2129 5627 2217 5697 Μή
2245 5643 2311 5696 με
2339 5628 2786 5682 καταποπισάτω
2824 5629 3075 5698 καταιγὶς
3117 5627 3326 5691 ὓδατος,
3367 5625 3498 5698 μηδὲ
3538 5641 3705 5678 καται-
