4128 6392
404 368 516 428 ’145

1544 370 2057 428 ΟΟΜΜΕΝΤᾹΒΙΛ
2096 372 2164 427 IN
2204 373 2544 430 PSALMOS.

3577 386 3681 444 7.53

402 494 574 548 πιέτω
598 508 666 563 με
695 490 872 561 βυθός.
906 509 925 542 ι
962 489 1147 545 Ταῦτα
1175 491 1233 546 δέ
1256 490 1325 546 τὰ
1358 491 1523 547 ὕδατα
1550 495 1604 547 οἵ
1631 511 1691 548 τε
1716 497 1774 549 ἐν
1800 496 1980 559 αὐτοῖς

2086 506 2293 568 mergat
2322 503 2623 568 tempestas
2653 511 2828 567 aquae,
2874 514 3051 570 neque
3097 500 3392 556 absorbeat
3434 515 3521 556 me
3546 515 3681 574 pro-

398 583 685 654 δράκοντες
718 583 809 636 καὶ
858 582 944 636 διὰ
993 580 1101 635 τῶν
1148 582 1457 654 ἔμπροσθεν
1513 586 1816 657 ἐδηλοῢντο,
1846 589 1985 642 κατὰ

398 674 488 727 τό⁹
532 695 550 727 ι
583 674 762 729 Σῶσόν
794 692 882 745 με,
918 676 947 727 6
974 674 1125 738 Θεὸς,
1170 676 1251 728 ὄτι
1293 676 1611 748 είσήλθοσαν
1672 678 1839 732 ὕδατα
1881 680 1985 743 ἕως

397 767 573 841 ψυχῆς
611 784 739 838 μου·
777 767 1081 838 Ἐνεπάγην
1112 768 1196 831 είς
1222 764 1352 839 ὕλην
1381 768 1563 838 βυθοῦ,
1589 770 1683 823 καὶ
1706 770 1805 823 οὐκ
1838 770 1985 825 ἐστιν

398 860 713 923 ὑπόστασις·
745 854 949 912 τΗλθον
1013 861 1094 923 εἰς
1152 860 1222 913 τὰ
1256 860 1393 933 βάθη
1428 862 1529 931 τῆς
1563 862 1859 935 θαλάσσης,
1891 865 1986 918 καὶ⁹

397 953 651 1021 καταιγ“ις
683 951 1037 1006 κατεπόντισέ
1076 969 1163 1023 με.
1198 973 1217 1004 ι
1272 952 1433 1006 Ἀλλά
1464 953 1553 1007 διὰ
1589 954 1687 1025 μὲν
1707 954 1813 1007 τῶν
1846 972 1982 1025 προ-

395 1046 569 1119 τέρων
597 1045 694 1117 τὴν
724 1044 947 1099 κάθοδον
987 1044 1150 1098 αὑτοῦ
1182 1043 1279 1116 τὴν
1309 1048 1388 1109 εἰς
1417 1045 1588 1100 ταῦτα
1615 1048 1874 1120 παρίστη,
1898 1049 1985 1103 διὰ

393 1136 452 1189 δὲ
478 1135 585 1190 τῶν
617 1134 753 1206 μετὰ
782 1137 968 1206 χεῖρας
990 1135 1088 1205 τὴν
1120 1134 1229 1187 ἀπὸ
1250 1134 1456 1189 τούτων
1484 1137 1767 1193 ἐπάνοδον.
1794 1156 1812 1187 ι
1862 1139 1985 1191 Ῥυ-

394 1227 581 1296 σθείην
602 1247 623 1279 θ
650 1227 758 1298 γάρ
790 1243 954 1296 φησιν
991 1246 1009 1278 ‹
1053 1228 1119 1280 ἐκ
1152 1226 1261 1279 τῶν
1292 1226 1500 1297 βαθέων
1532 1227 1639 1281 τῶν
1663 1229 1870 1283 ὑδάτων
1893 1230 1986 1283 καὶ

399 1324 473 1392 μή
518 1339 583 1392 με
616 1322 1064 1375 καταποντισάτω
1112 1322 1364 1389 καταιγ“ις
1398 1320 1610 1386 ὕδατος,
1648 1322 1782 1394 μηδέ
1815 1340 1985 1375 κατα-

395 1415 564 1468 πιέτω
600 1432 665 1485 με
712 1413 890 1485 βυθὸς,
923 1414 1056 1486 μηδὲ
1110 1415 1355 1485 συσχέτω
1407 1415 1494 1467 ἐπ’
1539 1416 1638 1485 ἐμὲ
1697 1414 1874 1487 φρέαρ
1924 1415 1986 1467 :6

399 1504 573 1574 στόμα
613 1503 799 1556 αὑτοῦ.
844 1523 862 1555 ι
894 1503 1006 1566 Τὰς
1043 1504 1139 1573 μὲν
1169 1504 1277 1574 γὰρ
1310 1502 1500 1567 λοιπὰς
1531 1503 1638 1555 τῶν
1684 1502 1985 1574 ἀνθρώπων

392 1595 569 1666 ψυχὰς
599 1595 855 1649 κατέπιεν
883 1598 912 1649 6
935 1596 1162 1659 Θάνατος
1195 1595 1439 1667 ἰσχύσας,
1458 1596 1554 1649 καὶ
1574 1596 1633 1648 :6
1658 1596 1835 1667 φρέαρ
1862 1614 1986 1649 συν-

394 1688 519 1759 έσχε
564 1690 657 1741 καὶ
723 1686 1013 1742 ἀπέκλεισε
1054 1687 1132 1758 τῷ
1171 1688 1367 1742 ἑαυτοῦ
1422 1689 1671 1759 στόματι.
1706 1688 1885 1760 Φρέαρ
1928 1689 1986 1742 δὲ

395 1780 571 1849 στόμα
618 1778 739 1849 ἕχον
776 1779 939 1843 αὐτὸς
971 1778 1035 1832 ἂν
1066 1778 1281 1848 λεχθείη
1316 1780 1344 1831 ὁ
1378 1778 1625 1843 θάνατος,
1649 1780 1677 1831 6
1706 1778 1764 1844 ἐξ
1790 1778 1986 1843 αἰῶνος

2090 587 2344 643 fundum.
2382 608 2401 640 ι
2436 586 2532 643 Hae
2567 602 2698 643 vero
2730 603 2905 660 aquae,
2935 600 2990 646 et
3018 590 3288 648 dracones
3315 592 3372 647 in
3408 591 3543 662 ipsis
3583 592 3682 648 de-

2087 688 2298 752 gentes,
2352 680 2610 750 superius
2672 680 3059 736 indicabantur
3115 683 3169 737 in
3207 683 3300 737 illo
3344 701 3358 738 :
3393 700 3413 734 ι
3449 682 3677 737 Salvum

2086 788 2175 828 me
2210 773 2313 837 fac,
2347 771 2511 835 Deus,
2551 772 2810 843 quoniam
2846 773 3191 829 intraverunt
3217 788 3373 845 aqua:
3404 789 3584 845 usque
3608 774 3679 829 ad

2085 866 2324 920 animam
2380 877 2577 918 meam.
2621 863 2828 918 lnlixus
2876 880 2999 919 sum
3032 865 3086 918 in
3132 864 3265 918 limo
3303 863 3584 935 profundi,
3623 873 3682 923 et

2085 974 2198 1013 non
2226 964 2312 1013 est
2346 954 2675 1012 substantia.
2708 954 2846 1010 Veni
2902 957 2958 1011 in
3013 956 3357 1011 altitudinem
3396 955 3589 1019 maris,
3623 964 3681 1012 et

2085 1057 2387 1120 tempestas
2438 1048 2703 1105 demersit
2745 1064 2850 1104 me.
2893 1067 2911 1102 ι
2961 1046 3069 1103 Sed
3118 1049 3274 1118 prius
3306 1048 3527 1119 quidem
3554 1047 3680 1118 ejus

2085 1144 2142 1198 in
2177 1159 2349 1214 aquas
2377 1142 2681 1198 descensus
2708 1142 3129 1209 declarabatur;
3164 1145 3219 1196 in
3250 1141 3337 1197 his
3368 1148 3552 1196 autem
3590 1155 3683 1194 re~

2086 1250 2308 1306 gressus
2362 1235 2488 1289 inde
2542 1242 2784 1289 notatur.
2819 1253 2837 1286 ‹
2877 1234 3120 1298 Liberer,
3168 1234 3367 1304 inquit,
3434 1232 3502 1287 de
3551 1247 3682 1303 pro-

2088 1325 2272 1381 fundis
2288 1341 2577 1396 aquarum,
2597 1334 2770 1380 etnon
2788 1341 2873 1380 me
2890 1325 3167 1396 demergat
3182 1332 3482 1395 tempestas
3499 1338 3679 1394 aquas,

2086 1433 2266 1488 neque
2291 1417 2580 1473 absorbeat
2602 1433 2689 1472 me
2705 1416 3061 1488 profundum,
3092 1431 3271 1486 neque
3294 1424 3485 1485 urgeat
3511 1429 3680 1483 super

2087 1526 2175 1566 me
2196 1519 2392 1583 puteus
2420 1524 2482 1565 os
2507 1525 2689 1564 suum.
2718 1509 2994 1564 iCaeteras
3025 1509 3226 1578 quippe
3250 1506 3536 1561 hominum
3559 1505 3680 1559 ani-

2088 1613 2207 1653 mas
2236 1613 2385 1653 mors
2410 1598 2706 1669 absorpsit,
2725 1609 2779 1653 et
2801 1598 3104 1669 prazvaluit,
3128 1612 3192 1651 ac
3217 1604 3415 1667 puteus
3437 1595 3597 1657 ursit,
3623 1602 3677 1649 et

2089 1691 2360 1746 conclusit
2376 1706 2471 1746 ore
2499 1708 2620 1747 suo.
2653 1690 2861 1746 Puteus
2889 1698 3068 1745 autem
3091 1704 3188 1745 ore
3211 1690 3534 1751 instructus,
3554 1688 3676 1757 ipsa

2090 1795 2242 1836 mors
2265 1796 2389 1836 esse
2418 1780 2655 1847 dicatur,
2687 1798 2809 1853 quae
2832 1782 2900 1836 ab
2925 1781 3081 1836 initio
3108 1796 3299 1837 omnes
3321 1781 3504 1835 isthuc
3532 1779 3677 1835 dela-

395 1872 604 1934 πάντας
642 1871 1059 1935 καταπεπωκὼς
1088 1873 1215 1935 τοὺς
1249 1873 1328 1934 εἰς
1362 1870 1525 1925 αὑτὸν
1552 1870 1980 1923 καταπεπτωκό-

2085 1887 2216 1942 psos
2244 1872 2532 1943 deglutivit
2559 1893 2572 1929 :
2606 1882 2662 1929 et
2696 1882 2988 1944 postquam
3014 1872 3321 1943 deglulivit,
3354 1870 3672 1935 momordit,

392 1981 511 2027 τας,
546 1964 639 2017 καὶ⁵
699 1963 836 2034 μετὰ
880 1963 941 2017 :6
991 1966 1278 2017 καταπιεῖν
1332 1961 1593 2025 ἐνδακὼν,
1652 1960 1841 2033 ὥσπερ
1888 1963 1981 2016 καὶ

392 2056 721 2119 ἀποκλείσας
741 2056 800 2109 :6
829 2054 1022 2110 ἑαυτοῦ
1050 2056 1245 2125 στόμα,
1275 2054 1413 2127 πρὸς
1439 2054 1499 2107 :6
1532 2058 1604 2125 μή
1638 2070 1759 2107 τινα
1792 2053 1982 2107 παλιν-

392 2148 683 2219 δρομήσαι.
722 2146 837 2198 Ἐπ’
871 2145 1004 2216 ἐμοῦ
1034 2146 1090 2198 δὲ
1142 2146 1214 2216 μὴ
1248 2145 1455 2213 γένοιτο
1487 2144 1665 2197 τοῦτο.
1707 2144 1798 2197 Διὸ
1832 2145 1982 2198 ἀντι-

393 2236 532 2289 ϐολῶ
566 2253 625 2289 σε
651 2236 741 2288 τὸν
770 2236 990 2306 Πατέρα
1022 2234 1195 2303 λέγων
1216 2253 1227 2264 ·
1263 2253 1280 2284 ι
1312 2235 1401 2304 Μή
1434 2252 1499 2305 με
1532 2235 1981 2288 καταποντισάτω

394 2327 653 2395 καταιγὶς
697 2326 903 2390 ὓδατος,
965 2328 1099 2398 μηδὲ
1150 2326 1467 2379 καταπιέτω
1519 2342 1585 2395 με
1632 2324 1808 2394 βυθὸς,
1846 2326 1982 2396 μηδὲ

398 2419 643 2490 συσχέτω
688 2420 776 2471 ἐπ’
812 2418 912 2489 ἐμὲ
960 2418 1137 2489 φρέαρ
1171 2418 1231 2470 :6
1277 2418 1448 2488 στόμα
1481 2416 1668 2470 αὑτοῦ·
1714 2435 1733 2468 ι
1772 2416 1805 2487 ἦ
1842 2416 1983 2470 κατά

394 2506 485 2561 τον
542 2506 854 2578 Σύμμαχον,
901 2526 919 2558 ι
969 2508 1121 2578 Μηδέ
1176 2508 1534 2577 ἐπιπωμάσαι
1575 2524 1663 2577 μοι
1711 2508 1888 2578 φρέαρ
1920 2507 1983 2560 :6

396 2598 569 2671 στόμα
596 2598 781 2653 αὑτοῦ.
828 2619 844 2651 ι
883 2599 992 2653 Καὶ
1025 2598 1118 2652 νῦν
1168 2599 1264 2669 μὲν
1319 2598 1525 2652 ὑδάτων
1583 2598 1854 2669 μέμνηται
1888 2599 1983 2653 καὶ

395 2691 573 2761 βυθῶν
629 2692 724 2746 καὶ
776 2692 1008 2763 φρέατος
1030 2708 1043 2720 ·
1102 2690 1159 2744 ἐν
1213 2691 1272 2744 δὲ
1302 2689 1378 2761 τῷ
1404 2689 1488 2743 κα¹
1520 2690 1721 2761 ψαλμῷ
1746 2691 1814 2743 τὰ
1842 2690 1983 2744 αὐτὰ

393 2784 563 2838 ταῦτα
616 2784 919 2855 σημαίνων,
962 2783 1169 2855 ἑτέροις
1200 2781 1425 2852 ὀνόμασι
1472 2782 1738 2854 κέχρηται
1769 2782 1976 2850 λέγων·

399 2896 418 2927 ι
441 2875 627 2929 Ῥὑσαι
658 2876 766 2929 ἀπὸ
793 2875 1067 2947 ῥομφαίας
1094 2874 1192 2945 τὴν
1222 2874 1398 2943 ψυχήν
1428 2891 1549 2943 μου,
1582 2874 1677 2928 καὶ
1701 2874 1767 2928 ἐκ
1799 2876 1981 2947 χειρὸς

393 2968 553 3030 κυνὸς
578 2967 675 3036 τὴν
701 2967 958 3037 μονογενῆ
990 2982 1110 3035 μου.
1134 2964 1316 3019 Σῶσόν
1344 2982 1410 3036 με
1444 2967 1508 3018 ἐκ
1538 2966 1805 3037 στόματος
1830 2966 1980 3021 λέον-

393 3075 503 3121 τος,
534 3058 629 3111 καὶ
659 3057 766 3111 ἀπὸ
808 3056 1055 3127 κεράτων
1099 3056 1484 3127 μονοκερὼτων
1529 3056 1626 3128 τὴν
1652 3057 1980 3111 ταπείνωσιν

2083 1978 2149 2017 ac
2180 1964 2227 2018 si
2252 1964 2579 2020 occlusisset
2602 1981 2665 2021 os
2684 1980 2867 2031 suum,
2892 1978 2962 2018 ne
2989 1964 3117 2035 quis
3141 1963 3268 2019 inde
3286 1968 3671 2019 reverteretur.

2083 2055 2299 2111 Mecum
2329 2065 2511 2113 autem
2546 2073 2615 2113 ne
2638 2058 2755 2127 pari
2788 2057 2951 2111 modo
2981 2064 3190 2129 agatur.
3226 2055 3408 2122 Quare
3436 2055 3534 2109 tibi
3568 2053 3673 2107 Pa-

2082 2148 2155 2201 tri
2200 2150 2451 2219 supplico
2489 2150 2678 2204 dicens
2709 2170 2722 2204 :
2753 2169 2771 2199 ι
2806 2149 2925 2203 Non
2958 2165 3046 2204 me
3068 2150 3346 2218 demergat
3375 2154 3671 2218 tempestas

2083 2254 2258 2309 aquae,
2286 2257 2463 2311 neque
2512 2243 2805 2297 absorbeat
2854 2257 2940 2296 me
2973 2240 3330 2311 profundum,
3373 2255 3548 2308 neque
3582 2254 3673 2292 ur-

2084 2343 2206 2401 geat
2243 2349 2409 2404 super
2444 2350 2532 2388 me
2564 2344 2763 2404 puteus
2804 2348 2867 2388 os
2909 2348 3101 2400 suum;
3144 2352 3163 2385 D
3204 2332 3319 2388 sive
3368 2331 3671 2387 secundum

2086 2419 2471 2492 Symmachum
2510 2443 2523 2479 :
2565 2442 2585 2476 ι
2622 2423 2810 2495 Neque
2854 2424 3072 2479 obturet
3123 2438 3287 2493 super
3334 2438 3422 2477 me
3472 2431 3673 2492 puteus

2084 2530 2147 2569 os
2179 2531 2360 2570 suum.
2398 2535 2416 2569 ι
2452 2515 2517 2569 Et
2535 2516 2648 2587 jam
2685 2517 2904 2588 quidem
2936 2524 3128 2587 aquas,
3188 2513 3460 2586 profunda
3485 2520 3539 2568 et
3570 2529 3673 2585 pu-

2083 2615 2229 2661 teum
2258 2614 2528 2662 memorat
2559 2626 2572 2661 :
2606 2608 2663 2661 in
2695 2606 2957 2662 vicesimo
3000 2615 3181 2660 autem
3232 2604 3410 2675 primo
3459 2603 3671 2673 psalmo

2083 2697 2273 2752 eadem
2306 2699 2421 2769 ipsa
2467 2698 2590 2753 aliis
2624 2699 2911 2754 vocabulis
2946 2699 3154 2753 indicat
3191 2698 3382 2752 dicens
3415 2714 3428 2751 :
3467 2715 3485 2747 ι
3529 2695 3672 2751 Erue

2083 2803 2117 2841 a
2149 2787 2376 2855 framea,
2406 2788 2571 2855 Deus,
2608 2790 2850 2844 animam
2887 2805 3087 2856 meam,
3118 2797 3172 2844 et
3198 2789 3265 2846 de
3300 2803 3466 2844 manu
3516 2789 3671 2844 canis

2084 2876 2415 2944 unigenitam
2471 2893 2670 2933 meam.
2731 2878 2897 2932 Salva
2923 2895 3011 2934 me
3060 2894 3128 2934 ex
3182 2896 3279 2935 ore
3312 2879 3508 2944 leonis,
3551 2889 3605 2934 et
3639 2895 3672 2932 a

2083 2968 2345 3025 cornibus
2384 2971 2731 3025 unieornium
2792 2971 3157 3026 humilitatem
3208 2987 3385 3025 meam
3421 2973 3486 3025 ’⁷.
3533 2990 3552 3023 ι
3604 2970 3672 3024 Et

2084 3059 2201 3114 haec
2235 3060 2303 3115 de
2333 3060 2669 3119 adversariis
2704 3064 3074 3134 petestaubus
3109 3063 3164 3117 in
3206 3063 3442 3127 inferno,
3485 3070 3543 3116 ut
3576 3078 3669 3116 vo-

399 3167 521 3221 μου.
566 3169 584 3202 ι
620 3148 729 3203 Καὶ
756 3146 931 3203 ταῦτα
962 3146 1070 3219 γὰρ
1103 3148 1230 3220 περὶ
1262 3147 1370 3201 τῶν
1423 3148 1481 3200 ἐν
1532 3147 1611 3217 τῷ
1662 3148 1980 3219 καλουμένῳ

2086 3160 2233 3219 cant,
2268 3152 2594 3223 degentibus
2626 3155 2774 3210 dicta
2806 3164 2956 3218 sunt,
2995 3164 3054 3209 ut
3079 3156 3132 3209 in
3168 3156 3484 3226 hujusmodi
3520 3155 3670 3209 loco-

395 3219 497 3315 ᾅδῃ
519 3240 795 3311 δυνάμεων
817 3219 1205 3309 ἀντικειμένων
1236 3238 1503 3303 λέλεκται,
1528 3238 1603 3300 ὡς
1631 3238 1757 3301 τοὺς
1776 3239 1975 3303 τόπους

2083 3252 2207 3291 rum
2237 3240 2605 3309 explicatione
2628 3241 3053 3297 declaravimus.

394 3333 740 3408 διηγούμενοι
771 3332 1219 3402 παρεστήσαμεν.

467 3444 488 3479 ι
521 3426 850 3479 Είσάκουσόν
909 3442 1031 3495 μου,
1087 3423 1280 3495 Κύριε,
1331 3423 1413 3476 ὅτι
1470 3422 1707 3496 χρηστὸν
1737 3422 1798 3475 :6
1832 3422 1979 3486 ἔλεός

398 3536 522 3574 σου·
556 3519 694 3572 κατὰ
738 3518 797 3571 :6
842 3517 1043 3587 πλῆθος
1084 3516 1190 3568 τῶν
1220 3516 1519 3587 οἰκτιρμῶν
1555 3534 1648 3569 σου
1687 3515 1977 3586 ἐπίδλεψω

395 3612 480 3664 ἐπ’
509 3609 632 3680 ἐμέ.
670 3630 688 3662 ι
720 3609 831 3661 Καὶ
882 3607 1113 3660 ἐνταῦθα
1138 3606 1225 3660 διὰ
1246 3607 1339 3660 τοῦ
1368 3609 1497 3680 παρ’
1526 3608 1797 3679 Ἑϐραίοις
1820 3609 1978 3661 ἀνεκ-

395 3703 643 3773 φωνήτου
701 3701 790 3753 τὸν
841 3699 1032 3752 ἐαυτοῦ
1068 3699 1288 3769 Πατέρα
1340 3701 1368 3752 6
1420 3698 1609 3772 Σωτὴρ
1637 3699 1976 3753 ἐπικαλεῖται

394 3793 567 3864 λέγων
589 3811 603 3825 ’
647 3793 862 3865 Ἐπειδὴ
893 3793 1021 3846 τάδε
1053 3793 1147 3846 καὶ
1178 3792 1304 3845 τάδε
1343 3792 1539 3863 ᾔτησα,
1572 3793 1658 3847 ἵνα
1689 3793 1762 3866 μὴ
1793 3794 1976 3864 ἐμπά-

396 3904 477 3956 γω
500 3889 579 3949 εἰς
606 3886 695 3939 τὸν
731 3886 919 3958 πηλὸν,
939 3886 1032 3938 καὶ
1060 3886 1207 3949 ὅπως
1256 3884 1510 3955 ῥυσθείην
1539 3887 1603 3937 ἐκ
1629 3884 1736 3937 τῶν
1770 3885 1976 3956 βαθέων

393 3976 501 4031 τῶν
521 3977 749 4042 ὑδάτων,
776 3977 844 4029 τά
874 3993 931 4029 τε
951 3974 1160 4037 τούτοις
1182 3975 1330 4044 ἑξῆς,
1358 3974 1549 4028 τούτου
1573 3976 1732 4047 χάριν
1758 3976 1976 4029 ἐπίνευ-

399 4071 488 4125 σόν
524 4088 625 4140 μου
656 4073 721 4141 τῇ
767 4069 967 4140 δεήσει,
1000 4062 1045 4119 ὦ
1083 4066 1277 4139 Κύριε,
1313 4084 1331 4117 ι
1365 4068 1445 4120 ὅτι
1478 4068 1710 4140 χρηστὸν
1739 4066 1798 4125 :6
1828 4068 1976 4132 ἔλεός

399 4163 624 4232 σον,κα“ι
645 4161 785 4215 κατά
800 4160 859 4213 τὸ
879 4160 1082 4228 πλῆθος
1110 4158 1218 4211 τῶν
1237 4159 1535 4229 οἰκτιρμῶν
1566 4176 1656 4212 σου
1680 4157 1975 4228 ἐπίϐλεψον

396 4257 483 4306 ἐπ’
512 4255 631 4326 ἐμέ.
664 4255 752 4325 Μὴ
787 4253 1128 4323 ὰπόστρεψον
1155 4251 1217 4304 :6
1242 4250 1533 4321 πρόσωπόν
1587 4266 1681 4302 σου
1720 4250 1827 4303 ἀπὸ
1880 4250 1974 4304 τοῦ

393 4347 582 4410 παιδός
624 4363 737 4398 σου.
779 4365 796 4397 ι
838 4345 927 4399 Ἐν
960 4339 1040 4407 οἷς
1092 4342 1399 4413 παρακαλεῖ
1444 4341 1752 4411 ἐπιϐλέψαι,
1782 4343 1873 4396 καὶ
1901 4342 1974 4415 μὴ

393 4435 732 4506 ἀποστρέψαι
765 4435 824 4487 τὸ
846 4435 1136 4505 πρόσωπον
1167 4433 1227 4498 ἐξ
1259 4431 1425 4485 αὑτοῦ
1447 4448 1461 4462 '
1498 4432 1566 4485 ἴν⁴
1589 4432 1777 4504 ὥσπερ
1804 4433 1975 4504 μέγας

395 4525 736 4596 ἀγωνοθέτης
784 4525 1051 4595 δοκιμάσῃ
1079 4524 1169 4577 τὸν
1198 4523 1383 4591 ἀγῶνα
1415 4522 1474 4576 ὃν
1513 4523 1721 4594 ὑπέστη
1756 4525 1850 4577 καὶ
1874 4525 1974 4596 τὴν
2005 4565 2052 4623 D

394 4619 668 4689 ὑπομονὴν
714 4616 809 4670 καὶ
860 4617 959 4687 τὴν
983 4616 1326 4680 ταπείνωσιν,
1370 4616 1453 4685 ἐφ’
1577 4615 1971 4686 σεμνυνόμενος

394 4710 535 4777 ἁξιοί
576 4709 665 4762 τὸν
714 4708 930 4778 Πατέρα
980 4707 1053 4778 μὴ
1092 4705 1427 4778 ἀποστρέψαι
1481 4705 1541 4758 :6
1582 4706 1872 4777 πρόσωπον
1912 4707 1973 4772 ἐξ

396 4801 582 4865 αὑτοῦ,
630 4800 742 4853 ἀλλ’
799 4799 1081 4869 ἐπιϐλέψαι
1153 4801 1231 4862 εἰς
1296 4798 1476 4852 αὑτόν.
1506 4793 1641 4850 Εἶτα
1697 4798 1970 4867 ἐπιλέγει·

399 4911 420 4946 ι
460 4895 580 4946 Ὅτι
623 4891 892 4962 θλίϐομαι,
928 4891 1064 4961 ταχὺ
1106 4890 1406 4944 ἐπάκουσόν
1439 4906 1569 4960 μου·
1599 4910 1617 4941 ›
1646 4889 1678 4960 ἢ
1720 4890 1859 4943 κατὰ
1885 4892 1975 4945 τὸν

407 4984 659 5047 Ἀκύλαν,
700 5001 718 5034 ι
758 4984 878 5036 Ὅτι
922 4982 1105 5036 στενόν
1141 5000 1249 5054 μοι,
1284 4983 1420 5052 ταχὺ
1454 4980 1758 5035 ἐπάκουσόν
1798 5001 1918 5054 μου.
1950 5002 1969 5035 ι

392 5076 626 5147 Νοήσεις
666 5076 722 5130 δέ
763 5076 858 5129 καὶ
887 5075 1075 5128 τούτου
1105 5074 1202 5146 τὴν
1225 5074 1465 5128 διάνοιαν
1496 5075 1797 5145 ἐπιστήσας
1826 5075 1975 5137 ὅπως

394 5168 608 5242 εἴρηται
640 5169 719 5234 :6,
757 5186 775 5219 ι
798 5168 963 5238 Στενὴ
988 5169 1080 5221 καὶ
1109 5167 1491 5238 τεθλιμμένηή
1519 5166 1636 5230 ὁδὸς
1668 5168 1701 5238 ή
1733 5166 1975 5234 ἀπάγου-

396 5275 465 5313 σα
497 5262 575 5321 είς
610 5260 708 5329 τὴν
738 5257 902 5329 ζωὴν.
929 5258 1023 5311 καὶ
1057 5256 1225 5325 ὀλίγοι
1254 5256 1391 5308 εἰσὶν
1425 5256 1475 5308 οἱ
1507 5256 1873 5327 εἰσερχόμενοι
1903 5255 1969 5307 δι’

394 5349 583 5420 αὐτῆς.
632 5370 651 5403 ι
694 5351 916 5422 Πρῶτος
952 5348 1083 5418 γοῦν
1130 5348 1292 5412 αὐτὸς
1329 5347 1426 5419 τὴν
1458 5346 1649 5418 στενὴν
1677 5346 1846 5417 αὐτὴν
1876 5348 1971 5399 καὶ

394 5439 489 5513 τὴν
516 5441 877 5513 τεθλιμμένην
905 5441 1129 5503 ὁδεύσας
1151 5439 1365 5507 ἔλεγεν·
1409 5458 1427 5489 ι
1456 5440 1575 5492 Ὅτι
1611 5440 1769 5507 στενή
1804 5454 1915 5507 μοι,
1945 5455 1964 5489 ι

391 5533 508 5597 καὶ,
547 5550 565 5584 ι
610 5534 694 5587 ὅτι
731 5532 1003 5603 θλίὸομαι,
1036 5531 1172 5601 ταχὺ
1210 5529 1508 5582 ἐπάκουσόν
1544 5545 1665 5599 μουο
1696 5546 1715 5579 ι
1753 5528 1969 5599 Ἐδήλου

391 5623 451 5681 6':
477 5627 570 5679 καὶ
594 5626 681 5679 διά
708 5625 816 5679 τῶν
843 5623 1150 5696 ἔμπροσθεν
1177 5623 1275 5694 τὴν
1310 5621 1485 5692 θλίψιν
1518 5620 1712 5676 ἐαυτοῦ
1746 5622 1840 5677 καὶ
1872 5621 1970 5692 τὴν

462 5809 509 5842 ’⁷
548 5807 694 5862 Psal.
737 5824 855 5871 xxi,
896 5806 988 5868 2|,
1028 5805 1118 5859 22.
1197 5807 1242 5837 ³⁸
1282 5805 1471 5863 Matth.
1517 5821 1612 5873 vn,
1655 5802 1740 5859 η.

555 5904 827 5966 Pauor“
877 5904 994 5964 Gn.
1032 5902 1270 5964 XXIII.

2162 3415 2329 3473 Vens.
2377 3418 2587 3473 17-21.
2650 3436 2668 3469 ι
2716 3415 2926 3472 Exaudi
2966 3432 3073 3479 me,
3124 3414 3376 3479 Domine,
3407 3415 3667 3485 quoniam

2079 3514 2317 3584 benigna
2354 3519 2439 3567 est
2471 3508 2849 3565 misericordia
2880 3518 2995 3576 tua,
3030 3509 3337 3569 secundum
3366 3509 3671 3564 multitudi-

2080 3621 2207 3661 nem
2267 3603 2683 3660 miserationum
2741 3610 2959 3656 tuarum
3008 3602 3221 3671 respice
3266 3602 3320 3655 in
3356 3618 3461 3657 me.
3502 3622 3520 3654 ι
3571 3601 3670 3657 llic

2080 3712 2298 3768 quoque
2336 3695 2599 3751 ineﬂ‘abili
2638 3694 2785 3765 apud
2817 3694 3076 3749 llcbraaos
3107 3708 3241 3749 voce
3275 3693 3536 3749 Serv-ator
3564 3692 3670 3747 Pa-

2079 3799 2219 3844 trem
2241 3803 2401 3843 suum
2427 3787 2644 3842 invocat
2674 3786 2865 3842 dicens
2898 3805 2911 3842 :
2938 3784 3081 3851 Quia
3109 3785 3225 3840 haec
3254 3794 3307 3840 et
3334 3786 3427 3839 illa
3456 3788 3663 3865 rogavi,

2080 3892 2143 3938 ut
2170 3897 2238 3937 ne
2268 3880 2462 3952 inﬁgar
2485 3880 2539 3934 in
2558 3880 2692 3944 luto,
2716 3887 2778 3934 ut
2802 3880 3000 3933 liberer
3020 3893 3048 3931 a
3067 3878 3354 3948 profundis
3377 3895 3667 3948 aquarum,

2079 3983 2137 4031 et
2172 3981 2370 4029 caetera
2403 3987 2525 4042 qua:
2568 3980 2897 4042 sequuntur,
2936 3969 3058 4024 ideo
3083 3985 3264 4024 annue
3296 3970 3665 4025 obsecrationi

2081 4079 2234 4127 mea,
2260 4078 2292 4118 o
2319 4062 2567 4127 Domine,
2602 4078 2624 4113 ι
2667 4061 2927 4131 quoniam
2958 4059 3195 4130 benigna
3228 4068 3311 4114 est
3351 4059 3669 4114 misericor-

2078 4154 2168 4208 ‘iia
2198 4164 2312 4220 tua,
2349 4162 2403 4208 et
2445 4152 2747 4209 secundum
2799 4151 3210 4206 multitudinem
3252 4152 3665 4208 miserationqu

2079 4255 2297 4302 tuarum
2338 4248 2550 4316 respice
2584 4246 2638 4299 in
2672 4261 2776 4301 me.
2818 4244 2897 4299 Ne
2937 4252 3156 4300 avertas
3208 4243 3404 4301 faciem
3448 4254 3596 4299 tuam
3635 4259 3665 4297 a

2079 4355 2251 4409 puero
2278 4348 2394 4393 tuo.
2435 4358 2454 4390 ι
2497 4337 2708 4404 Quibus
2736 4346 2889 4408 rogat
2920 4344 2979 4391 ut
3009 4338 3288 4407 respiciat,
3322 4353 3424 4393 nec
3460 4343 3669 4394 avertat

2080 4433 2275 4488 faciem
2309 4448 2464 4487 suam
2509 4447 2540 4485 a
2585 4447 2666 4496 se,
2716 4438 2777 4485 ut
2842 4430 3003 4501 quasi
3052 4446 3285 4501 magnus
3336 4432 3665 4501 agonotheta

2081 4526 2274 4594 probet
2300 4524 2446 4594 quod
2474 4532 2756 4596 certamen
2787 4523 3039 4588 subierit,
3080 4538 3243 4594 quam
3274 4524 3590 4592 patientiam
3611 4532 3667 4579 et

2080 4618 2442 4671 humilitatem
2477 4634 2491 4672 :
2526 4615 2594 4671 de
2618 4632 2726 4686 qua
2757 4616 3045 4686 gloriatus,
3084 4615 3297 4669 Patrem
3332 4623 3487 4683 rogat
3514 4624 3572 4670 ut
3596 4631 3666 4671 ne

2082 4717 2293 4765 avertat
2325 4709 2519 4764 faciem
2549 4725 2728 4769 suam.
2764 4708 2860 4763 sed
2889 4708 3254 4778 se'respiciat.
3296 4706 3502 4763 Dehinc
3536 4708 3667 4762 sub-

2076 4802 2258 4871 jungit
2288 4820 2300 4855 :
2344 4820 2361 4851 ι
2393 4799 2665 4866 Quoniam
2696 4801 2951 4865 tribulor,
2971 4799 3231 4855 velociter
3258 4798 3456 4855 exaudi
3482 4814 3569 4853 me
3594 4815 3609 4865 ;
3638 4818 3657 4851 ι

2081 4892 2197 4947 sive
2221 4891 2521 4947 secundum
2553 4891 2828 4961 Aquilam,
2856 4910 2875 4944 ι
2903 4890 3039 4957 Quia
3065 4898 3355 4959 angustum
3386 4890 3541 4954 mihi,
3570 4907 3664 4946 ver

2077 4984 2269 5039 lociter
2301 4983 2498 5038 exaudi
2527 4999 2633 5038 me.
2678 5003 2696 5035 ›
2736 4981 2889 5036 Hanc
2919 4998 3085 5053 porro
3124 4982 3454 5038 sententiam
3495 4983 3660 5036 intel-

2076 5076 2235 5145 liges,
2270 5076 2317 5129 si
2353 5073 2670 5128 consideres
2701 5073 2849 5143 quod
2882 5073 3088 5127 dictum
3122 5081 3208 5129 est
3236 5092 3249 5127 :
3284 5091 3303 5124 ι
3335 5073 3587 5142 Angusta
3606 5081 3660 5128 et

2078 5173 2229 5218 arcta
2267 5164 2355 5217 via
2400 5170 2485 5218 est
2514 5177 2637 5231 quae
2688 5163 2838 5217 ducit
2889 5161 2956 5215 ad
2990 5161 3183 5227 vitam,
3236 5169 3291 5216 et
3336 5160 3495 5229 pauci
3528 5166 3659 5216 sunt

2078 5256 2171 5327 qui
2207 5255 2593 5326 ingrediuntur
2618 5269 2715 5323 per
2751 5271 2871 5309 eam
2903 5257 2969 5309 ’⁸.
3013 5275 3037 5310 ι
3073 5255 3193 5326 ipse
3218 5255 3406 5325 igitur,
3430 5252 3522 5322 qui
3545 5254 3657 5322 prio

2080 5365 2205 5403 mus
2234 5349 2337 5402 hac
2384 5353 2618 5417 angusta
2672 5354 2726 5400 et
2781 5355 2931 5401 arcta
2975 5348 3058 5401 via
3103 5347 3350 5409 incessit,
3387 5342 3651 5398 dicebat:

2086 5457 2106 5489 ι
2140 5438 2408 5504 Quoniam
2439 5444 2670 5507 angusta
2706 5435 2862 5499 mihi,
2902 5456 2920 5488 ›
2954 5447 3031 5501 et,
3059 5454 3077 5487 ι
3108 5437 3365 5507 quoniam
3397 5433 3651 5493 tribulor.

2079 5531 2339 5586 velociter
2359 5528 2554 5584 exaudi
2586 5543 2692 5582 me.
2725 5546 2741 5578 ι
2774 5526 2829 5581 In
2851 5530 3461 5599 superioribusquoque
3484 5525 3658 5580 tribu-

2080 5624 2339 5679 lationem
2386 5631 2439 5676 et
2472 5618 2777 5691 angustiam
2825 5635 2980 5676 suam
3028 5621 3109 5678 sie
3138 5619 3451 5676 declarabat
3480 5636 3494 5674 :
3528 5634 3549 5671 ι
3589 5615 3659 5673 Et

3293 5890 3367 5954 26
