4126 6400
461 311 563 366 747

1098 306 1366 362 EUSEBII
1408 304 1890 363 CIESARIENSIS
1930 306 2083 365 OPP.
2126 307 2310 364 PARS
2353 305 2439 362 lll.
2485 338 2551 347 —
2592 306 3019 364 EXEGETICA.

3622 311 3729 364 7δῖ

456 426 648 498 operui
687 424 742 479 in
765 424 976 495 jejunio
1014 424 1251 477 animam
1296 437 1495 489 meam,
1530 430 1585 478 et
1621 423 1823 478 factum
1852 433 1936 480 est
1982 425 2030 479 in

2143 428 2400 480 στένωσιν
2434 425 2638 494 λέγων·
2676 444 2694 476 ι
2736 425 2845 478 Καὶ
2893 424 3237 494 συνεκάλυψα
3278 425 3334 478 ἐν
3376 425 3599 498 νηστείᾳ
3628 425 3730 497 τὴν

456 519 808 591 opprobrium
861 517 1013 572 mihi.
1070 515 1135 569 Et
1187 516 1343 585 posui
1405 516 1791 571 vestimentum
1855 532 2035 571 meum

455 601 700 670 saccum.
735 632 754 664 ι
784 610 997 665 Patrem
1032 608 1215 679 itaque
1248 608 1472 678 rogabat
1492 609 1609 664 haec
1654 616 1712 663 ut
1742 609 2035 679 respiceret

454 714 511 761 et
537 704 910 760 consideraret
938 718 1059 773 quae
1098 718 1196 771 pro
1224 701 1383 755 nobis
1416 701 1717 755 certamina
1759 702 2036 755 sustinue-

453 800 546 853 rit.
578 796 757 862 Quare
782 794 994 849 dicebat
1034 814 1045 849 :
1074 813 1098 844 ‹
1133 792 1355 848 Intende
1381 793 1576 847 animae
1608 809 1760 857 meae,
1787 801 1840 848 et
1868 793 2037 848 libera

449 903 595 943 eam.
639 906 659 938 ι
698 886 898 941 Deinde
920 902 1049 941 vero
1082 893 1227 940 recte
1262 884 1402 938 facta
1439 884 1735 939 ostendens
1770 901 1892 949 sua,
1916 901 2038 955 quae.

453 985 513 1031 ut
553 978 645 1032 ille
691 976 950 1048 respiciat
1002 976 1279 1039 obsecrat,
1328 975 1503 1046 pergit
1539 994 1552 1029 :
1596 994 1614 1026 ι
1653 974 1884 1046 Pmpter
1933 976 2038 1029 ini-

452 1070 627 1124 micos
658 1084 810 1124 meos
839 1070 986 1139 eripe
1025 1085 1130 1123 me.
1161 1068 1241 1122 Tu
1274 1068 1384 1123 scis
1424 1068 1819 1138 improperium
1855 1084 2036 1123 meum

452 1169 505 1213 et
525 1161 906 1217 confusionem
924 1176 1123 1224 meam,
1143 1171 1193 1215 et
1211 1162 1568 1215 reverentiam
1585 1177 1780 1216 meam.
1799 1181 1815 1211 ι
1838 1160 2037 1228 Quem-

454 1252 750 1307 admodum
768 1254 921 1307 enim
953 1268 1117 1323 supra
1151 1253 1365 1307 dicebat
1400 1272 1413 1306 :
1447 1270 1465 1303 ‹
1504 1251 1585 1305 Τιι
1622 1254 1732 1309 scis
1774 1253 2039 1322 insipien-

455 1343 587 1396 tiam
612 1358 814 1407 meam,
852 1353 906 1397 et
938 1343 1135 1397 delicta
1161 1357 1277 1397 mea
1320 1360 1349 1395 a
1404 1349 1457 1397 te
1488 1356 1599 1396 non
1638 1350 1765 1396 sunt
1812 1342 2040 1397 abscono

456 1433 608 1498 dita;
646 1452 671 1485 η»
714 1433 796 1487 sic
829 1442 883 1487 et
930 1448 1098 1494 nunc,
1144 1439 1261 1496 tua,
1295 1431 1496 1502 inquit,
1531 1432 1839 1502 cognitione
1874 1430 2035 1499 digna

458 1530 587 1577 sunt
637 1521 963 1592 improperia
1014 1539 1153 1576 mea.
1210 1521 1285 1577 De
1348 1522 1457 1578 illis
1500 1538 1717 1593 quoque
1784 1522 2037 1591 superius

457 1616 651 1685 agebat
676 1614 867 1669 dicens
910 1634 922 1669 :
963 1633 981 1666 ι
1016 1616 1323 1685 Opprobria
1347 1616 1793 1686 exprobrantium
1823 1615 1918 1669 tibi
1948 1630 2037 1669 ce-

455 1705 709 1762 ciderunt
742 1722 907 1778 super
936 1723 1041 1761 me.
1078 1727 1095 1757 ι
1141 1706 1594 1777 Quandoquidem
1642 1707 1808 1778 igitur
1836 1723 1904 1762 ex
1944 1707 2036 1776 ju-

2140 518 2318 588 ψυχήν
2356 534 2477 588 μου,
2524 517 2617 569 κα)⁸
2668 515 2899 587 ἐγενήθη
2948 518 3027 578 εἰς
3071 515 3406 586 ὀνειδισμοὺς
3444 515 3585 587 ἐμοί.
3618 515 3731 570 Καὶ

2140 609 2341 680 ἐθέμην
2396 609 2456 662 τὸ
2499 608 2703 683 ένδυμά
2755 626 2854 679 μου
2898 608 3119 661 σάκκον.
3169 628 3186 659 ι
3238 608 3361 660 Ἐπὶ
3392 610 3601 671 τούτοις
3634 604 3729 662 οῦν

2142 703 2236 754 καὶ
2282 701 2581 773 παρεκάλει
2629 700 2720 752 τὸν
2763 700 2983 771 Πατέρα
3011 699 3276 771 ἐμϐλέψαι
3307 700 3401 752 καὶ
3429 698 3728 753 θεάσασθαι

2138 794 2265 855 τοὺς
2300 792 2491 855 ἄθλους
2521 790 2612 854 οὓς
2672 791 2813 863 ὑπὲρ
2866 790 3022 861 ἡμῶν
3075 792 3368 861 ὑπέμεινε·
3414 790 3496 844 διὸ
3537 790 3723 860 ἔλεγε-

2147 904 2163 935 (
2207 884 2449 955 Πρόσχες
2498 887 2565 954 τῇ
2618 884 2763 955 ψυχῇ
2813 901 2950 955 μου,
2998 883 3092 937 καὶ
3142 882 3416 954 λύτρωσαι
3470 882 3658 952 αὑτήν.
3702 902 3722 932 ι

2140 973 2273 1029 Εἶτα
2305 977 2515 1040 δεικνὺς
2560 976 2725 1030 αὑτοῦ
2768 977 2837 1029 τὰ
2872 975 3271 1047 κατορθώματα
3326 970 3407 1039 οἷς
3459 976 3727 1046 ἐμϐλέψαι

2142 1068 2461 1139 παρεκάλει,
2497 1068 2756 1136 ἐπιλέγει·
2783 1087 2801 1121 ‹
2830 1070 3030 1121 Ἕνεκα
3058 1068 3167 1120 τῶν
3195 1066 3404 1139 ἐχθρῶν
3433 1084 3533 1138 μου
3564 1066 3726 1138 ῥῦσαί

2144 1178 2231 1232 με.
2265 1162 2336 1214 Σὺ
2363 1160 2691 1230 γιγνώσκεις
2720 1161 2810 1213 τὸν
2837 1161 3135 1231 ὀνειδισμόν
3166 1178 3265 1231 μου
3288 1160 3381 1213 καὶ
3408 1160 3506 1231 τὴν
3540 1160 3727 1230 αἰσχύ-

2140 1264 2236 1313 νην
2271 1264 2393 1317 μου,
2423 1247 2517 1301 καὶ
2545 1248 2643 1318 τὴν
2675 1249 2943 1319 ἐντροπὴν
2989 1267 3110 1318 μου.
3152 1269 3169 1302 ι
3212 1247 3300 1312 Ὦς
3331 1249 3438 1321 γὰρ
3472 1250 3727 1322 ἀνωτέρω

2140 1337 2325 1406 ἔλεγε·
2395 1356 2413 1388 ι
2466 1339 2539 1391 Σὺ
2592 1337 2764 1406 ἔγνως
2826 1340 2924 1409 τὴν
2977 1339 3289 1411 ἀφροσύνην
3347 1358 3469 1411 μου,
3518 1342 3613 1395 καὶ
3665 1343 3723 1394 αί

2142 1431 2510 1502 πλημμέλειαι
2548 1450 2648 1502 μου
2679 1432 2786 1485 ἀπὸ
2813 1432 2906 1485 σοῦ
2942 1433 3042 1486 ούκ
3075 1433 3467 1504 ἀπεκρύϐησαν
3488 1452 3500 1464 ·
3537 1453 3554 1487 ι
3587 1433 3726 1488 οὕτω

2141 1523 2232 1577 καὶ
2258 1523 2352 1577 νῦν
2396 1525 2496 1595 τῆς
2546 1525 2665 1595 σῆς,
2700 1525 2859 1596 φησὶ,
2904 1524 3157 1593 γνώσεως
3201 1527 3553 1597 τυγχάνουσιν
3588 1527 3726 1593 ἄξιοι

2139 1616 2189 1666 οἱ
2239 1614 2534 1685 ὀνειδισμοί
2589 1633 2714 1686 μου.
2777 1617 2997 1687 Ἐδήλου
3030 1617 3086 1670 δὲ
3134 1617 3265 1689 περὶ
3314 1617 3515 1671 τούτων
3547 1620 3640 1672 καὶ
3668 1621 3727 1671 ἐν

2140 1710 2251 1770 τοῖς
2282 1706 2587 1778 ἔμπροσθεν
2622 1706 2795 1777 λέγων
2816 1726 2828 1739 ⁸
2865 1727 2883 1759 ‹
2927 1711 3035 1763 Kal
3058 1711 3107 1763 οἱ
3140 1710 3433 1783 ὀνειδισμοὶ
3461 1712 3568 1764 τῶν
3590 1714 3725 1766 ὀνει-

456 1799 603 1855 dicio
630 1807 724 1855 tuo
755 1809 811 1856 et
844 1808 981 1854 nutu
1013 1801 1305 1870 opprobria
1357 1801 1594 1856 sustinui
1626 1809 1681 1855 et
1739 1801 2030 1871 ignominia

2135 1798 2389 1863 διξόντων
2451 1816 2510 1851 σε
2543 1798 2819 1852 ἐπέπεσαν
2863 1799 2949 1851 ἐπ’
3002 1800 3123 1871 ἐμέ.
3159 1820 3175 1851 ι
3222 1802 3374 1854 Ἐπεὶ
3419 1801 3595 1857 τοίνυν
3655 1806 3722 1874 σῇ

454 1893 670 1963 plenam
706 1893 1037 1963 passionem,
1076 1894 1197 1946 ideo
1228 1894 1391 1947 dico:
1425 1910 1443 1942 ι
1492 1891 1573 1945 Tu
1610 1892 1719 1948 scis
1760 1893 2034 1963 imprope-

454 1984 599 2037 rium
633 1998 812 2039 meum
841 1990 897 2038 et
925 1982 1305 2038 confusionem
1350 1998 1525 2036 meam
1576 1990 1631 2037 et
1674 1983 2033 2037 reverentiam

453 2087 654 2127 meam.
695 2092 714 2124 ι
750 2072 1139 2128 Confusionem
1173 2073 1319 2129 nosti
1357 2088 1555 2137 meam,
1600 2089 1709 2127 non
1754 2073 2032 2143 indignam

451 2165 648 2219 notitia
701 2172 825 2230 tua,
877 2174 932 2221 et
986 2170 1348 2223 reverentiam
1401 2182 1499 2221 seu
1552 2166 1835 2237 pudorem,
1871 2182 2032 2236 quem

454 2257 715 2321 sustinui,
750 2272 876 2312 cum
908 2276 927 2308 ι
968 2260 1194 2315 dorsum
1223 2276 1402 2315 meum
1432 2259 1557 2315 dedi
1606 2259 1675 2313 ad
1721 2259 1951 2329 ﬂagella,
1981 2269 2035 2314 et

451 2350 648 2405 faciem
693 2366 868 2406 meam
896 2351 963 2405 ad
1012 2352 1220 2423 alapas.
1259 2372 1277 2405 ι
1316 2351 1503 2424 Neque
1555 2353 1673 2421 pari
1725 2359 1888 2421 atque
1933 2365 2035 2421 ego

452 2441 666 2496 ratione
694 2442 1010 2497 cruciantes
1045 2458 1133 2498 me
1180 2445 1324 2499 nosti
1374 2463 1386 2498 :
1428 2458 1609 2513 neque
1652 2443 1796 2497 enim
1829 2442 1904 2495 illi
1940 2457 2035 2496 co-

452 2532 696 2602 gnitione
719 2541 812 2587 tua
841 2534 1011 2604 digni.
1035 2533 1214 2601 Quare
1248 2536 1315 2590 de
1346 2536 1453 2590 illis
1487 2535 1610 2589 dico
1638 2554 1649 2588 :
1680 2553 1698 2584 ι
1734 2533 1939 2587 Contra
1980 2541 2033 2588 te

451 2634 581 2682 sunt
618 2641 809 2681 omnes
827 2626 921 2695 qui
960 2627 1226 2681 tribulant
1258 2643 1362 2682 me.
1404 2648 1422 2679 ι
1460 2625 1535 2681 lta
1567 2641 1732 2697 porro
1762 2635 1952 2679 contra
1980 2633 2033 2679 te

448 2726 602 2784 sunt,
634 2726 696 2773 ut
728 2719 1003 2773 contraria
1059 2720 1157 2773 tibi
1197 2720 1481 2790 eligentes,
1515 2735 1711 2790 meque
1762 2719 2028 2781 cruciant,

448 2811 587 2865 nihil
620 2812 873 2866 utilitatis
924 2828 989 2866 ex
1037 2812 1345 2867 ministerio
1397 2827 1517 2866 meo
1558 2812 1729 2875 nacti,
1767 2818 1930 2880 atque
1974 2810 2031 2864 in

450 2917 610 2958 suam
642 2904 940 2974 perniciem
974 2903 1249 2957 cruciant.
1290 2902 1453 2958 Addit
1487 2913 1675 2974 postea
1714 2922 1728 2958 :
1766 2921 1785 2953 ‹
1823 2901 2033 2971 lmpro-

450 2996 661 3065 perium
688 2996 1022 3065 exspectavit
1056 3011 1153 3050 cor
1189 3012 1368 3050 meum
1399 3003 1453 3051 et
1484 2997 1779 3051 miseriam.
1822 3015 1840 3046 ι
1873 2995 2029 3061 Οτιθά

444 3088 656 3143 clarius
716 3087 1110 3159 interpretatus
1171 3085 1537 3159 Symmachus
1610 3095 1693 3142 est
1763 3087 1953 3142 dicens
2013 3105 2025 3139 :

456 3200 475 3232 ι
513 3181 905 3251 lmproperium
939 3180 1208 3253 confregit
1236 3198 1333 3236 cor
1361 3198 1562 3245 meum,
1588 3191 1642 3237 et
1673 3181 1922 3236 dolebam
1950 3199 1965 3245 ;
2004 3201 2022 3233 ι

448 3272 643 3342 Aquila
680 3287 832 3337 vero,
865 3291 885 3324 ι
929 3272 1346 3344 lmproperium,
1396 3273 1598 3345 inquit,
1636 3274 1897 3329 contrivit
1933 3288 2028 3329 cor

444 3376 651 3425 meum,
680 3370 733 3418 et
759 3362 1079 3434 desperatus
1114 3381 1255 3419 sum.
1283 3384 1301 3418 ι

2135 1889 2314 1960 κρίσει
2372 1889 2464 1942 καὶ
2498 1888 2573 1960 σῷ
2613 1889 2882 1961 πνεύματι
2906 1892 3031 1955 τοὺς
3060 1892 3394 1962 ὀνειδισμοὺς
3437 1893 3722 1965 ὑπέμεινα.

2135 1981 2230 2034 καὶ
2265 1980 2325 2032 τὸ
2371 1980 2568 2051 μεστὸν
2609 1980 2870 2051 αἰσχύνης
2917 1981 2979 2033 τὸ
3016 1982 3204 2046 πάθος,
3230 1982 3318 2035 διὰ
3350 1983 3506 2037 τοῦτό
3550 2002 3719 2056 φημι·

2142 2092 2160 2124 ι
2197 2074 2268 2125 Σὺ
2297 2071 2584 2142 γινώσκεις
2618 2073 2709 2125 τὸν
2738 2074 3040 2143 ὀνειδισμόν
3078 2092 3178 2145 μου
3209 2077 3301 2129 καὶ
3335 2078 3432 2147 τὴν
3464 2075 3725 2149 αἰσχύνην

2138 2181 2262 2234 μου,
2301 2166 2394 2217 καὶ
2428 2165 2527 2233 τὴν
2574 2166 2843 2236 ἐντροπὴν
2876 2183 2997 2237 μου.
3039 2187 3055 2217 ι
3097 2168 3207 2237 Τὴν
3264 2168 3362 2239 μὲν
3405 2169 3542 2241 ἐμὴν
3580 2164 3727 2233 οἶδας

2136 2255 2398 2326 αἰσχύνην
2434 2258 2532 2309 οὐκ
2576 2252 2742 2311 οὖσαν
2786 2257 3011 2322 ἀναξίςῖν
3044 2259 3141 2330 τῆς
3181 2260 3276 2330 σῆς
3305 2259 3577 2327 γνώσεως.
3616 2264 3726 2315 Καὶ

2134 2350 2231 2420 τὴν
2282 2351 2547 2421 ἐντροπήν
2600 2368 2724 2421 μου,
2781 2352 2847 2422 ἢν
2904 2351 3193 2422 ὑπέμεινα,
3232 2371 3249 2401 σ
3291 2352 3383 2404 τὸν
3420 2351 3586 2405 νῶτόν
3622 2368 3726 2423 μου

2134 2442 2257 2506 δοὺς
2293 2444 2372 2506 εἰς
2409 2445 2680 2513 μάστιγας
2733 2445 2828 2497 καὶ
2872 2445 2974 2508 τὰς
3022 2447 3277 2514 σιαγόνας
3315 2464 3416 2517 μου
3452 2448 3530 2510 είς
3566 2447 3728 2518 ραπί-

2137 2550 2338 2601 σματα,
2375 2552 2394 2585 ι
2426 2532 2737 2602 γινώσκεις.
2768 2535 2967 2589 Οὐκέτι
2999 2535 3054 2588 δὲ
3078 2528 3279 2607 ὁμοίως
3305 2538 3428 2607 ἐμοὶ
3458 2538 3583 2600 τοὺς
3612 2536 3727 2590 θλί-

2134 2625 2328 2690 ϐοντάς
2378 2643 2445 2696 με
2485 2627 2808 2696 γινώσκεις·
2857 2628 2919 2679 οὐ
2963 2628 3071 2699 γὰρ
3113 2629 3209 2699 τῆς
3258 2629 3357 2699 σῆς
3397 2629 3726 2699 τυγχάνουσι

2133 2716 2407 2785 γνώσεως.
2434 2717 2592 2783 ἄξιοι.
2647 2718 2737 2771 Διὸ
2793 2719 2921 2790 περὶ
2954 2719 3134 2773 αὐτῶν
3179 2738 3355 2791 φημι,
3391 2737 3410 2771 ι
3454 2720 3725 2774 Ἑναντίον

2135 2807 2229 2861 σοῦ
2260 2809 2463 2874 πάντες
2513 2811 2563 2862 οἱ
2590 2810 2864 2873 θλίϐοντές
2901 2828 2987 2882 με.
3018 2831 3034 2863 ι
3058 2811 3212 2865 Οῦτω
3245 2812 3301 2865 δέ
3326 2813 3460 2864 εἰσιν
3485 2811 3725 2867 ἐναντίον

2135 2902 2248 2967 σοῦ,
2282 2902 2359 2967 ὡς
2386 2903 2453 2957 τὰ
2494 2902 2710 2956 ἐναντία
2746 2904 2828 2957 σοὶ
2853 2905 3262 2979 προῃρημένοι·
3302 2904 3543 2958 θλίϐουσι
3572 2905 3630 2958 δέ
3655 2923 3725 2978 με

2137 2996 2302 3068 μηδὲν
2331 2996 2697 3068 ὠφελούμενοι
2730 2998 2795 3051 ἐκ
2838 2998 2939 3069 τῆς
2969 2999 3105 3069 ἐμῆς
3138 2998 3452 3069 θεραπείας,
3480 3000 3575 3053 καὶ
3615 2998 3726 3053 θλί-

2135 3090 2287 3143 ϐουσι
2312 3088 2400 3142 διὰ
2425 3088 2526 3159 τῆς
2542 3089 2723 3144 αὐτῶν
2746 3089 3037 3153 ἀπωλείας.
3058 3088 3171 3143 Εἶτ’
3196 3092 3441 3159 ἐπιλέγει
3462 3109 3474 3121 ·
3501 3110 3519 3141 ι
3556 3092 3725 3145 Ὀνειο

2133 3181 2322 3251 δισμδν
2369 3180 2773 3251 προσεδόκησεν
2826 3183 2859 3253 ἡ
2911 3180 3108 3253 καρδία
3164 3200 3266 3253 μου
3315 3184 3408 3236 καὶ
3446 3183 3726 3237 ταλαιπω-

2136 3273 2255 3344 ρίαν
2275 3290 2287 3303 ·
2335 3292 2353 3324 ι
2383 3272 2411 3325 ὃ
2441 3272 2505 3342 δὴ
2532 3272 2864 3344 σαφέστερον
2892 3276 3237 3345 ήρμήνευσεν
3266 3277 3293 3328 ὁ
3328 3275 3625 3347 Σύμμαχος
3642 3276 3722 3329 εἰ·-

2133 3362 2282 3417 πών·
2327 3382 2345 3414 ι
2398 3363 2724 3433 Ὀνειδισμδς
2752 3364 2979 3429 κατέαξε
3011 3365 3108 3435 τὴν
3170 3366 3393 3437 καρδίαν
3448 3384 3572 3439 μου,
3626 3368 3724 3421 καὶ

447 3454 696 3528 ἠνιώμην
729 3474 742 3487 ·
800 3476 819 3509 ι
856 3461 885 3512 ὁ
946 3459 1003 3511 δὲ
1078 3459 1328 3527 Ἀκύλας,
1378 3478 1397 3511 ι
1454 3460 1804 3532 Ὀνειδισμδς,
1864 3463 2017 3533 φησὶ,
2049 3457 2334 3529 συνέτριψε
2364 3458 2461 3529 τὴν
2484 3456 2708 3528 καρδίαν
2746 3475 2867 3528 μου,
2894 3458 2986 3510 καὶ
3019 3458 3397 3532 ἁπεγνώσθην.
3444 3478 3462 3512 ι

521 3547 691 3608 Vens.
729 3551 934 3609 22-25.
971 3572 991 3606 ι
1032 3552 1097 3609 Et
1141 3556 1380 3611 sustinui
1406 3555 1499 3626 qui
1530 3556 1694 3611 simul
1730 3558 2029 3612 contrista~

444 3649 622 3709 retur,
649 3653 702 3699 et
726 3659 834 3699 non
860 3644 1061 3713 fuit;et
1079 3647 1171 3717 qui
1197 3647 1597 3710 consolaretur,
1620 3656 1794 3702 etnon
1827 3646 2030 3703 inveni.

442 3732 534 3800 Et,
559 3733 831 3790 dederunt
854 3735 907 3789 in
948 3751 1131 3792 escam
1161 3752 1338 3792 meam
1371 3735 1461 3801 fel,
1495 3749 1549 3792 et
1577 3739 1631 3791 in
1664 3738 1752 3794 siti
1786 3752 1905 3792 mea
1931 3752 2031 3807 po-

450 3836 706 3882 taverunt
748 3844 834 3884 me
882 3836 1056 3885 aceto.
1098 3850 1116 3882 ι
1143 3828 1456 3886 Secundum
1506 3829 1891 3902 Symmachum
1929 3846 2027 3885 au-

448 3927 559 3973 tem
594 3939 606 3973 :
642 3940 661 3971 ‹
696 3919 761 3974 Et
781 3922 1169 3991 exspectabam
1222 3924 1314 3993 qui
1362 3924 1526 3979 simul
1579 3924 2023 3987 contristaretur,

446 4018 505 4065 et
534 4026 643 4065 non
672 4010 805 4078 fuit;
845 4021 898 4067 et
930 4019 1331 4079 consolanlem,
1363 4023 1417 4070 et
1447 4030 1554 4071 non
1590 4014 1796 4071 inveni.
1832 4014 1896 4067 Et
1943 4014 2025 4067 in-

445 4100 709 4170 jiciebant
740 4102 797 4156 in
819 4102 1001 4157 cibum
1030 4119 1207 4159 meum
1242 4103 1333 4168 fel,
1366 4113 1421 4160 et
1447 4105 1501 4159 in
1534 4105 1622 4160 siti
1653 4120 1772 4159 mea
1806 4113 2027 4175 potave-

442 4198 581 4243 runt
610 4206 696 4246 me
716 4201 901 4247 aceto.
942 4214 959 4246 ι
993 4193 1302 4266 Discipulos
1322 4196 1441 4265 ejus
1458 4205 1704 4268 tempore
1726 4198 2023 4269 passionis,

443 4283 572 4353 ipso
593 4282 876 4349 derelicto,
902 4285 1178 4358 effugisse,
1204 4304 1379 4359 neque
1402 4300 1586 4344 tamen
1611 4290 1801 4346 dolore
1824 4306 2027 4346 vacuos

446 4373 642 4444 fuisse,
666 4376 824 4434 docet
854 4380 1225 4453 Evangelium.
1256 4383 1392 4437 Cum
1413 4384 1558 4438 enim
1592 4382 1785 4440 Petrus
1812 4384 2028 4441 ﬂevisse

2214 3572 2231 3603 c
2277 3552 2387 3605 Καὶ
2420 3552 2686 3622 ὑπέμεινα
2726 3550 3185 3621 συλλυπούμενον,
3215 3553 3308 3606 καὶ
3332 3554 3428 3623 οὐχ
3456 3552 3717 3624 ὑπῆρξεν,

2140 3645 2235 3697 καὶ
2279 3642 2719 3715 παρακαλοῦντα,
2750 3643 2844 3696 καὶ
2893 3643 2991 3713 οὐχ
3040 3635 3217 3715 εὗρον.
3250 3645 3361 3697 Καὶ
3401 3645 3609 3699 ἔδωκαν
3640 3649 3723 3711 εἰς

2137 3739 2196 3791 τὸ
2224 3738 2419 3809 βρῶμά
2446 3755 2546 3809 μου
2574 3737 2755 3809 χολὴν,
2792 3739 2885 3791 καὶ
2908 3742 2986 3803 εἰς
3016 3740 3115 3812 τὴν
3140 3739 3296 3811 δίψαν
3330 3759 3432 3813 μου
3464 3742 3722 3797 ἐπότισάν

2138 3846 2204 3899 με
2239 3828 2377 3893 ὅξος.
2424 3849 2442 3881 ο
2493 3828 2651 3882 Κατὰ
2683 3828 2739 3881 δὲ
2770 3829 2860 3882 τὸν
2893 3829 3186 3900 Σύμμαχον
3208 3846 3220 3859 ο
3263 3849 3281 3880 ι
3313 3831 3424 3885 Καὶ
3462 3832 3721 3903 ἀνέμενον

2135 3921 2593 3991 συλλυπούμενον,
2627 3921 2720 3973 καὶ
2748 3921 2846 3990 ούχ
2879 3922 3111 3991 ὑπῆρξε,
3150 3923 3245 3976 καὶ
3276 3924 3717 3995 παρηγοροῦντα,

2135 4010 2228 4063 καὶ
2272 4010 2369 4080 οὐχ
2418 4010 2668 4082 εὕρισκον
2696 4027 2709 4040 ⁸
2741 4013 2851 4065 Kal
2900 4012 3183 4065 ἐνέϐαλλον
3241 4016 3321 4077 εἰς
3373 4015 3471 4086 τὴν
3512 4019 3719 4089 τροφήν

2138 4118 2239 4170 μου
2293 4102 2476 4172 χολὴν,
2518 4104 2611 4155 καὶ
2643 4104 2700 4155 ἐν
2728 4106 2793 4175 τῇ
2829 4104 2969 4175 δίψει
3013 4123 3113 4176 μου
3146 4106 3405 4161 ἐπότισάν
3430 4125 3497 4179 με
3523 4108 3665 4173 ὅξος.
3691 4129 3713 4161 ι

2139 4195 2259 4247 Ὅτι
2291 4195 2389 4265 μὲν
2405 4196 2453 4247 oi
2473 4195 2714 4267 μαθηταὶ
2740 4196 2927 4261 αὐτοῦ,
2955 4198 3344 4262 καταλιπόντες
3375 4201 3555 4263 αὐτὸν,
3590 4201 3721 4269 ἔφυ-

2135 4304 2230 4355 γον
2264 4289 2404 4343 κατὰ
2442 4290 2534 4344 τὸν
2564 4289 2658 4343 τοῦ
2704 4291 2908 4355 πάθους
2941 4294 3150 4365 καιρὸν,
3179 4295 3329 4365 ὅμως
3359 4294 3404 4348 δ’
3434 4295 3589 4359 ἐκτὸς
3625 4295 3719 4348 λύ-

2135 4395 2244 4449 πης
2274 4381 2373 4434 ούκ
2404 4376 2565 4450 ἦσαν,
2589 4381 2829 4435 διδάσκει
2856 4383 2916 4435 τὸ
2942 4385 3289 4453 Εύαγγέλιον.
3317 4385 3445 4438 Ὅτε
3472 4386 3579 4457 γὰρ
3613 4387 3720 4439 Πέ-

450 4482 636 4524 amare
689 4470 997 4539 scribatur;
1036 4488 1101 4528 ac
1149 4475 1345 4545 reliqui
1387 4476 1705 4545 congregati
1762 4476 1818 4531 in
1863 4477 2025 4533 domo

2135 4486 2254 4541 τρος
2294 4471 2711 4547 ἀναγέγραπται
2756 4472 3241 4544 ὰποκλαυσάμενος
3296 4476 3530 4546 πικρῶς,
3559 4476 3613 4528 οῖ
3654 4494 3715 4529 τε

449 4573 557 4613 una
599 4559 828 4617 latuisse
870 4572 1097 4635 propter
1130 4576 1333 4621 metum
1367 4567 1685 4622 Judzeorum
1740 4566 2024 4636 ferantur;

449 4662 795 4720 nequaquam
815 4652 1004 4709 dolore
1023 4657 1180 4710 vacui
1204 4666 1382 4712 erant.
1415 4657 1543 4713 Haec
1568 4659 1735 4730 igitur
1765 4659 1832 4713 de
1856 4662 2028 4715 cboro

447 4741 824 4809 apostolorum
852 4742 997 4799 dicta
1035 4745 1202 4803 fuisse
1226 4756 1426 4818 putare
1457 4757 1885 4805 consentaneum
1918 4769 2026 4808 non

446 4838 563 4900 est;
597 4832 690 4887 sed
732 4834 801 4889 de
836 4837 1216 4894 cruciantibus
1256 4840 1409 4894 illum
1441 4842 1507 4896 de
1522 4842 1731 4912 quibus
1766 4842 1973 4897 dictum
2010 4865 2023 4901 :

451 4937 473 4970 α
510 4919 714 4975 Contra
767 4930 821 4978 te
870 4934 999 4980 sunt
1032 4942 1224 4984 omnes
1266 4930 1359 4999 qui
1413 4932 1677 4986 tribulant
1722 4949 1829 4989 me.
1862 4953 1880 4986 ι
1918 4932 2027 5004 Ego

444 5013 648 5084 quippe
674 5017 857 5071 omnia
902 5034 1001 5089 pro
1030 5020 1249 5075 illorum
1279 5023 1457 5078 salute
1487 5026 1737 5094 agebam,
1772 5029 2027 5095 operiens

447 5103 505 5157 in
536 5104 747 5174 jejunio
780 5108 1017 5163 animam
1054 5126 1252 5177 meam,
1291 5128 1454 5169 sacco
1508 5123 1667 5170 utens
1722 5116 2024 5170 indumenti

438 5193 569 5249 loco
601 5214 616 5263 ;
658 5198 734 5252 illi
757 5214 888 5253 vero
912 5200 988 5255 .iis
1008 5197 1283 5257 contraria
1309 5207 1719 5275 perpetrabant,
1748 5206 1910 5261 modo
1933 5224 2029 5263 ex-

440 5290 774 5358 probrantes
823 5294 1281 5367 traducentesque
1321 5298 1532 5368 jejunia
1584 5315 1726 5362 mea,
1784 5315 1911 5354 mox
1972 5300 2028 5353 in

446 5382 941 5452 compotationibus
970 5387 1085 5443 suis
1114 5395 1303 5443 contra
1338 5407 1424 5445 me
1460 5391 1778 5462 psallentes,
1815 5407 1879 5446 ac
1909 5406 2029 5446 om-

446 5473 539 5524 nia
586 5473 1043 5546 potiqsagcntes,
1080 5494 1242 5546 quam
1276 5488 1334 5533 ut
1368 5497 1584 5535 mecum
1624 5481 2027 5537 contristaren-

445 5568 560 5616 tur.
598 5563 709 5634 Ego
736 5581 866 5620 vero
909 5584 1008 5639 pro
1056 5570 1166 5625 illis
1196 5572 1385 5628 dolore
1421 5573 1740 5639 alliciebar;
1774 5574 1848 5627 illi
1897 5588 2029 5629 vero

448 5665 560 5704 non
592 5668 697 5706 una
731 5668 945 5710 mecum
976 5657 1231 5713 dolebant
1254 5668 1308 5716 et
1334 5662 1675 5732 angebantur
1707 5681 1719 5716 :
1748 5677 1850 5718 nec
1878 5663 2031 5733 quis-

446 5740 598 5811 piam
634 5742 775 5800 inter
800 5744 922 5802 illos
952 5745 1055 5803 fuit
1088 5749 1179 5820 qui
1208 5765 1295 5807 me
1327 5751 1727 5809 consolaretur.
1760 5750 1869 5840 Sed
1886 5752 2026 5841 nihil

2129 4560 2305 4616 λοιποὶ
2336 4563 2665 4634 συνηγμένοι
2696 4565 2789 4618 καὶ
2826 4566 2916 4634 ὑφ’
2953 4566 3050 4618 ἕνα
3106 4567 3543 4637 κρυπταςόμενοι
3570 4563 3718 4620 οἷκον

2128 4652 2215 4706 διὰ
2238 4654 2328 4707 τὸν
2352 4653 2514 4723 φόϐον
2537 4655 2646 4707 τῶν
2685 4656 2971 4721 Ἰουδαίων,
2990 4658 3090 4710 οὐκ
3115 4658 3219 4725 ἔξω
3251 4658 3426 4729 λύπης
3448 4659 3715 4730 ὑπῆρχον.

2130 4747 2245 4799 Οὐκ
2274 4746 2339 4800 ἂν
2360 4742 2453 4800 οῦν
2475 4749 2738 4819 ἁρμόσειε
2771 4750 2945 4804 ταῦτα
2979 4752 3105 4823 περὶ
3130 4751 3223 4804 τοῦ
3259 4752 3419 4823 χοροῦ
3448 4752 3555 4805 τῶν
3580 4755 3719 4806 ἀπο-

2132 4839 2333 4891 στόλων
2382 4838 2655 4909 λέγεσθαι,
2693 4840 2826 4895 ἀλλὰ
2875 4844 3004 4914 περὶ
3046 4844 3155 4896 τῶν
3210 4843 3498 4897 θλιϐόντων
3533 4846 3716 4906 αὑτὸν,

2130 4931 2258 5001 περὶ
2286 4923 2359 4984 ὧν
2407 4930 2619 5001 ἔλεγεν·
2661 4952 2679 4983 ι
2705 4934 2971 4988 Ἐναντίον
3011 4935 3104 4989 σοῦ
3142 4936 3340 5000 πάντες
3360 4938 3407 4989 οἱ
3445 4936 3719 4998 θλίϐοντές

2133 5040 2220 5092 με.
2252 5043 2270 5075 ι
2317 5022 2456 5094 Ἐγὼ
2494 5025 2593 5095 μὲν
2627 5025 2736 5098 γὰρ
2787 5027 2965 5081 πάντα
3012 5030 3150 5101 ὑπὲρ
3177 5031 3276 5099 τῆς
3317 5030 3498 5083 αὐτῶν
3544 5045 3720 5099 σωτη-

2134 5114 2253 5184 ρίας
2288 5116 2522 5181 ἐποίουν,
2581 5117 2870 5172 καλύπτων
2896 5122 2953 5174 ἐν
2984 5122 3207 5193 νηστεία
3240 5122 3339 5193 τὴν
3373 5123 3553 5193 ψυχήν
3589 5137 3715 5192 μου,

2132 5204 2321 5275 σάκκῳ
2352 5223 2413 5259 τε
2451 5206 2707 5277 ἐνδύματι
2740 5208 3021 5279 χρώμενος
3040 5226 3052 5239 ·
3079 5212 3129 5263 οἱ
3160 5210 3216 5263 δὲ
3245 5211 3315 5264 τὰ
3346 5211 3561 5265 ἐναντία
3591 5210 3715 5263 τού-

2128 5314 2240 5360 τοις
2262 5297 2550 5369 ἐπραττον,
2585 5300 2707 5353 τοτὲ
2739 5301 2838 5370 μὲν
2878 5302 3225 5367 ὀνειδίζοντες
3252 5304 3346 5356 καὶ
3369 5302 3716 5375 διασύροντες

2128 5387 2227 5451 τὰς
2271 5388 2409 5459 ἐμὰς
2433 5389 2701 5459 νηστείας,
2731 5392 2850 5445 τοτὲ
2875 5391 2932 5445 δὲ
2965 5394 3021 5445 ἐν
3051 5395 3173 5457 ταῖς
3194 5393 3503 5465 παροινίαις
3534 5393 3716 5448 αὐτῶν

2130 5478 2248 5529 κατ’
2287 5477 2419 5548 ἐμοῦ
2452 5478 2765 5547 ψάλλοντες,
2790 5483 2885 5535 καὶ
2912 5484 3089 5537 πάντα
3120 5483 3319 5554 μᾶλλον
3349 5484 3381 5556 ἧ
3416 5484 3720 5539 συλλυπού-

2132 5589 2300 5642 μενοι.
2335 5570 2508 5641 Κάγὼ
2545 5574 2641 5644 μὲν
2680 5575 2821 5647 ὑπὲρ
2852 5576 3032 5630 αὐτῶν
3070 5578 3251 5647 ἀλγῶν
3284 5578 3634 5649 ἐλυπούμην·
3662 5580 3716 5633 σί

2127 5664 2183 5716 δὲ
2217 5664 2276 5717 ού
2309 5664 2604 5735 συνήλγουν
2638 5683 2746 5737 μοι,
2770 5667 2889 5720 οὐδὲ
2920 5668 3260 5739 ωνέπασχον
3279 5686 3291 5701 ·
3319 5669 3431 5724 ἀλλ’
3460 5670 3582 5723 οὐδὲ
3605 5686 3715 5724 πα-

2133 5756 2398 5829 ράκλητός
2434 5774 2516 5823 τις
2562 5757 2741 5813 αὐτῶν
2785 5760 2865 5824 εἰς
2897 5760 3037 5833 ἐμὴν
3081 5761 3433 5835 παραμυθίαν
3462 5762 3715 5835 εὓρηται.
