4126 6400
433 415 545 470 ’719

1537 450 1542 455 -
1571 407 2075 466 COMMENTANA
2107 409 2181 464 IN
2221 405 2561 465 PSALMOS.

3595 406 3706 467 159

437 530 516 584 (Id
538 544 621 583 m1
639 527 697 583 δὲ
721 527 790 582 τὰ
817 529 938 583 κατ’
965 527 1100 600 ἐμοῦ
1133 525 1530 600 ἐγχειροῦντες,
1558 529 1640 592 είς
1673 527 1774 600 μὲν
1796 527 1859 581 τὸ
1881 525 2016 601 βρῶρ

2126 532 2318 579 contra
2345 538 2431 578 me
2460 536 2570 577 non
2596 519 2996 593 aggredientes.
3026 522 3080 578 in
3098 537 3288 581 escam
3317 538 3492 580 meam
3520 524 3592 582 l'el
3621 526 3709 581 in-

434 621 515 693 μά
566 637 670 692 μου
724 619 885 692 χολὴν
927 619 1171 684 ἔϐαλλον,
1220 620 1395 674 καίτοι
1445 620 1651 692 τροφὰς
1676 622 1860 685 αὐτοῖς
1889 620 2025 693 ἐμοῦ

441 714 697 776 πλουσίας
729 712 1105 783 παρεχομένου
1123 730 1135 742 ο
1170 711 1394 780 διψῶντι
1421 711 1480 765 δέ
1502 730 1593 784 μοι
1623 713 1744 778 ὅξος
1777 713 1898 767 ἀντὶ
1925 731 2025 766 πο-

441 805 528 860 τοῦ
589 805 952 876 προσέφερον.
999 803 1264 876 Τοιαύτην
1324 805 1382 858 δέ
1446 822 1535 876 μοι
1584 806 1815 878 ἐκίρνων
1863 806 2025 879 χολὴν

433 898 621 952 ὁποίαν
665 897 855 968 ἐδήλου
909 898 937 949 ὁ
981 897 1322 969 προφητικὸς
1373 897 1530 967 λόγος
1582 897 1784 953 εἰπών’
1830 918 1848 978 ε
1899 901 2025 965 Πῶς

430 989 709 1061 ἐστράφης
736 989 817 1052 είς
848 988 1092 1057 πικρίαν,
1120 990 1153 1057 ή
1181 986 1423 1057 ἄμπελος
1444 990 1486 1058 ·ἡ
1523 987 1813 1059 ἀλλοτρίας
1841 1008 1858 1040 ι
1881 988 2026 1059 Νοή-

433 1096 548 1142 σεις
581 1079 638 1132 δὲ
671 1079 820 1143 ὅπως
856 1079 1113 1150 τρέφεται
1143 1081 1171 1131 ὁ
1205 1078 1395 1150 Σωτὴρ
1422 1077 1578 1150 ἡμῶν
1613 1079 1900 1132 ἐπακούων
1929 1080 2025 1132 αύ-

433 1168 525 1224 τεῦ
555 1169 837 1240 λέγοντος·
867 1189 886 1222 ι
933 1169 1212 1234 Ἐπείνων,
1256 1170 1348 1222 καὶ
1384 1168 1621 1222 ἐδώκατέ
1658 1187 1747 1240 μοι
1789 1174 1982 1239 φαγεῖν
2005 1185 2021 1198 ’

425 1264 652 1334 «ἐδίψων,
705 1265 800 1317 καὶ
851 1263 1139 1318 ἐποτίσατέ
1203 1280 1290 1334 με.
1332 1282 1350 1314 ι
1391 1264 1453 1316 Ei
1482 1263 1537 1316 δὲ
1575 1265 1698 1318 ἀντὶ
1740 1265 2022 1336 τροφίμων

428 1354 660 1426 καρπῶν
691 1354 800 1407 τῶν
822 1354 911 1409 διὰ
936 1353 1193 1417 εὐσεϐοῦς
1228 1353 1344 1424 βίον
1377 1353 1580 1425 πικράς
1605 1372 1690 1418 τις
1723 1355 2020 1427 προσφέροι

427 1447 550 1502 κατ’
574 1447 737 1501 αὐτοῦ
769 1447 1136 1518 βλασφημίας,
1170 1449 1236 1518 τῇ
1253 1465 1312 1501 τε
1341 1447 1658 1520 διδασκαλίᾳ
1682 1448 1846 1502 αὐτοῦ
1883 1467 2022 1520 παρ-

431 1537 696 1609 εμπλέοιοι
753 1536 888 1591 ἄθεα
944 1537 1040 1591 καὶ
1087 1536 1258 1608 ψευδῆ
1309 1537 1576 1608 δόγματα,
1633 1532 1791 1602 οὗτος
1838 1541 1919 1604 είς
1960 1540 2023 1592 τὸ

430 1629 627 1701 βρῶμα
660 1630 823 1684 αὑτοῦ
873 1629 1034 1702 χολὴν
1070 1629 1350 1700 ἐμϐάλλει,
1385 1630 1476 1683 καὶ
1504 1630 1728 1699 διψῶντι
1754 1627 1894 1686 οἶνον
1925 1622 2084 1686 ἐκ-³”’

427 1721 658 1791 τροπίαν
692 1722 783 1775 τὸν
825 1723 888 1775 ἐκ
924 1722 1026 1791 τῆς
1071 1721 1286 1786 εὐθείας
1331 1722 1452 1776 ὁδοῦ
1493 1725 2022 1795 παρατετραμμένον

418 1812 664 1866 δίδωσιν.
688 1813 923 1866 Τοιαῦτα
945 1813 1000 1866 δὲ
1023 1812 1278 1876 ἐθέσπιζε
1311 1832 1376 1868 πε
1387 1816 1439 1888 pl
1467 1815 1560 1868 τοῦ
1596 1815 1862 1868 Ἰουδαίων
1887 1815 2018 1871 λαοῦ

416 1905 666 1974 -Μωῦσῆς
701 1907 758 1958 ἐν
787 1905 999 1978 μεγάλῃ
1037 1905 1146 1977 ᾠδῇ
1191 1876 1544 1978 προφητικῶς
1581 1909 1882 1978 ἀναφωνῶν
1925 1911 2017 1964 καὶ
2053 1876 2094 1934 Β

425 1995 598 2063 λέγων
619 2013 631 2024 ·
675 2014 699 2047 1
750 1997 842 2050 Ἐκ
876 1998 986 2070 γὰρ
1019 1999 1266 2070 ἀμπέλου
1298 2001 1547 2071 Σοδόμων
1577 2003 1610 2073 ἡ
1635 2001 1885 2072 ἄμπελος
1914 2005 2015 2057 αύ-

425 2085 556 2150 τῶν,
593 2088 686 2141 καὶ
713 2089 746 2159 ή
781 2089 1051 2160 κληματίς
1075 2091 1252 2146 αὐτῶν
1280 2093 1344 2145 ἐκ
1374 2093 1680 2164 Γομόρρας·
1703 2097 1736 2164 ἡ
1774 2093 2016 2166 σταφυλὴ

425 2178 606 2233 αὐτῶν
635 2183 880 2254 σταφυλὴ
909 2183 1090 2254 χολῆς,
1119 2183 1314 2256 βότρυς
1348 2186 1576 2258 πικρίας
1601 2185 1802 2239 αὐτῶν.
1836 2207 1854 2238 ι
1890 2188 2016 2240 Ἔν-

425 2273 520 2327 θεν
567 2274 792 2338 είκότως
833 2279 946 2340 τοῖς
984 2277 1168 2340 αὐτοῖς
1205 2279 1298 2332 καὶ
1329 2279 1416 2332 διὰ
1458 2279 1676 2333 Ἡσαΐου
1724 2281 2013 2352 καταμέμ-

429 2382 589 2435 φεται
617 2368 678 2420 τὸ
707 2368 932 2438 Πνεῦμα
961 2368 1117 2437 λέγον
1139 2386 1152 2398 ο
1179 2386 1196 2418 ι
1213 2370 1442 2440 Ἔμεινα
1465 2371 1551 2422 ἵνα
1576 2371 1776 2442 ποιήσῃ
1806 2387 2013 2440 σταφυ-

413 2456 547 2528 ςλήν,
577 2457 800 2529 ἐποίησε
833 2458 890 2510 δὲ
925 2457 1165 2522 ἀκάνθας
1190 2477 1201 2488 ·
1241 2478 1258 2510 ι
1296 2458 1406 2511 Καὶ
1437 2457 1595 2512 πάλιν
1617 2460 1908 2529 ἰἜμεινα
1929 2460 2016 2513 ἵνα

426 2549 627 2621 ποιήσῃ
657 2549 860 2620 κρίσιν,
889 2550 1114 2621 ἐποίησε
1144 2550 1201 2602 δὲ
1233 2550 1482 2621 ἀνομίαν,
1512 2551 1606 2604 καὶ
1631 2551 1692 2604 οὐ
1738 2551 2015 2606 δικαιοσύ-

413 2657 545 2712 νην,
598 2641 735 2694 ἀλλὰ
784 2644 1052 2715 κραυγήν.
1098 2663 1117 2697 ι
1158 2644 1380 2716 Ἔργοις
1425 2643 1714 2718 τοιγαροῦν
1746 2646 1839 2699 καὶ
1873 2645 2014 2727 πράτ

428 2731 565 2798 ξεσι,
595 2734 776 2806 πικρῷ
808 2752 866 2788 τε
897 2735 1042 2807 λόγῳ
1070 2737 1164 2790 καὶ
1194 2736 1293 2809 βίῳ
1324 2736 1530 2791 ἔδωκαν
1581 2741 1662 2802 είς
1708 2739 1770 2794 τὺ
1814 2739 2013 2811 βρῶμα

425 2825 520 2879 τοῦ
561 2827 815 2898 Σωτῆρος
849 2828 1030 2900 χολὴν,
1068 2829 1164 2882 καλ.
1195 2831 1275 2892 είς
1305 2830 1405 2901 τὴν
1434 2830 1593 2900 δίψαν
1624 2831 1789 2884 αὑτοῦ
1832 2832 2014 2885 ἐπότι-

428 2936 526 2973 σαν
549 2921 718 2974 αὐτὸν
757 2921 894 2985 ὅξος.
949 2923 1101 2976 Ἐπεὶ
1131 2923 1187 2977 δὲ
1219 2923 1326 2976 ἔδει
1351 2925 1447 2978 καὶ
1474 2923 1616 2978 κατὰ
1638 2923 1732 2996 τὴν
1767 2926 2011 2996 ἱστορίαν

424 3011 516 3066 τὸν
546 3012 644 3083 τῆς
674 3013 1008 3082 προῃτείας
1040 3013 1500 3087 ἀποπληρωθῆναι
1538 3016 1715 3084 λόγον,
1743 3016 1884 3070 κατὰ
1921 3017 2012 3069 τὸν

427 3105 618 3176 καιρὸν
650 3104 743 3157 τοῦ
781 3105 987 3168 πάθους
1011 3107 1176 3160 αὐτοῦ
1219 3109 1422 3179 ἱστορεῖ
1445 3110 1472 3161 ὁ
1499 3107 1890 3179 εύαγγελιστὴς
1920 3109 2009 3161 λέ-

415 3210 567 3264 ,γωνο
599 3214 618 3246 ‹
657 3196 811 3250 Μετὰ
841 3196 996 3251 τοῦτο
1025 3198 1178 3262 εἰδὼς
1207 3202 1236 3252 ὁ
1281 3199 1506 3269 Ἰησοῦς,
1543 3201 1622 3252 ὅτι
1657 3199 1834 3252 πάντα
1863 3200 2012 3258 τετέ-

425 3287 611 3343 λεσται
631 3291 755 3362 ήδη,
793 3291 879 3344 ἵνα
907 3291 1167 3364 πληρωθῇ
1202 3295 1234 3362 ὴ
1271 3293 1484 3365 Γραφὴ,
1513 3292 1682 3362 λέγει’
1713 3293 1881 3362 Διψῶ.
1909 3295 2012 3345 Λε-

427 3380 564 3454 κάνη
597 3381 774 3436 ἔκειτο
805 3383 958 3450 ὅξους
992 3385 1186 3455 μεστή.
1222 3385 1470 3454 Σπόγγον
1501 3381 1594 3438 οὖν
1621 3384 1821 3455 μεστὸν
1855 3384 2015 3454 ποιή-

426 3491 618 3538 σαντες
658 3474 812 3542 6ξους
863 3475 1002 3546 μετὰ
1044 3476 1205 3547 χολῆς
1255 3477 1350 3530 καὶ
1407 3474 1645 3547 ὑσσώπῳ
1697 3475 2014 3547 περιθέντες

426 3568 806 3648 προσήνεγκαν
855 3566 1020 3621 αὐτοῦ
1067 3567 1143 3639 τῷ
1187 3568 1448 3638 στόματι.
1479 3569 1608 3620 Ὅτε
1631 3562 1728 3620 οὖν
1770 3565 1957 3619 ἔλαϐεν
1985 3568 2015 3620 ὁ

438 3659 644 3730 Ἰησοῦς
691 3660 750 3714 τὸ
801 3659 919 3724 ὅξος
962 3660 1099 3730 μετὰ
1125 3661 1223 3731 τῆς
1265 3659 1450 3731 χολῆς,
1495 3655 1647 3712 εἷπε·
1685 3659 2008 3712 Τετέλεσται

425 3751 520 3804 καὶ
560 3750 700 3822 αῦτη
729 3753 762 3822 ή
797 3752 1008 3822 Γραφή.
1040 3753 1150 3804 Καὶ
1186 3752 1374 3815 κλίνας
1404 3751 1501 3824 τὴν
1538 3750 1801 3822 κεφαλὴν,
1832 3751 2012 3823 ἀφῆκε

424 3839 484 3894 τὸ
517 3839 753 3910 πνεῦμα.
793 3857 811 3890 ι
850 3839 959 3893 Καὶ
991 3841 1178 3913 ἐπειδὴ
1210 3841 1396 3906 κλίνας
1438 3841 1533 3913 τήν
1575 3841 1814 3912 κεφαλὴν
1843 3842 2014 3914 παρέ-

413 3931 562 3991 ,δωκε
583 3931 643 3984 τὸ
667 3930 884 4002 πνεῦμα
917 3930 1057 4002 μετὰ
1085 3933 1185 4003 τὴν
1215 3933 1611 4006 συμπλήρωσιν
1640 3933 1740 4005 τῆς
1764 3933 2009 4006 Γραφῆς,

424 4024 648 4088 εἰκότως
693 4025 787 4080 καὶ
829 4025 886 4075 ἐν
928 4021 1005 4094 τῷ
1056 4022 1255 4094 ψαλμῷ
1286 4025 1448 4096 μέχρι
1496 4024 1686 4079 τούτου
1716 4025 1786 4079 τὰ
1816 4012 2010 4079 ἑαυτοῦ

415 4115 757 4196 ,περιγράφει
797 4115 965 4190 πάθη.
1005 4113 1116 4171 Εἶτ’
1153 4116 1402 4172 ἐντεῦθεν
1436 4120 1593 4172 ὁποῖα
1629 4117 2012 4189 μετελεύσεται

424 4209 620 4275 αὐτοὺς
655 4210 920 4277 θεσπίζει·
960 4232 978 4262 ι
1017 4212 1362 4284 Γενηθήτωή
1393 4212 1642 4284 τράπεζα
1674 4211 1854 4266 αὐτῶν
1876 4213 2014 4266 ἐνώ-

419 4320 548 4364 ,πιον
590 4304 769 4358 αὐτῶν
802 4306 882 4369 είς
914 4305 1138 4374 παγίδα,
1185 4306 1277 4360 καὶ
1315 4307 1395 4368 είς
1423 4305 1776 4359 ἀνταπόδοσιν
1816 4306 1908 4360 καὶ
1935 4310 2014 4371 εἰς

417 4394 738 4469 σκάνδαλον.
781 4415 799 4448 ι
850 4397 1058 4467 Ὥσπερ
1085 4396 1227 4449 κατά
1263 4413 1382 4449 τινα
1440 4397 1750 4467 συνήθειαν,
1785 4397 1852 4450 τὰ
1887 4397 2015 4467 μέλ-

423 4485 580 4539 λοντα
607 4486 683 4550 ὡς
713 4489 1080 4560 παρῳχηκότα
1115 4487 1488 4559 προφέρεσθαι
1522 4486 1710 4541 εἴωθεν
1741 4489 2008 4560 ήΓραφή·

2127 615 2400 684 iecerunt,
2421 613 2638 668 etiamsi
2660 627 2759 683 ego
2781 613 2959 669 lautos
2983 615 3090 670 illis
3110 617 3264 671 cibos
3291 620 3670 687 apposuissem
3685 635 3706 675 :

2128 707 2335 763 sitienti
2366 721 2496 762 vero
2531 705 2662 760 mihi
2699 714 2912 761 acetum
2950 721 3049 776 pro
3078 717 3209 778 potu
3241 709 3563 766 offerebant.
3596 709 3710 766 Hu-

2122 801 2512 871 jusmodivero
2543 800 2675 854 mihi
2697 798 2766 854 fel
2785 800 3110 864 miscebant,
3137 803 3299 872 quale
3320 803 3564 858 declarat
3587 819 3712 875 pro-

2127 893 2380 964 pheticus
2406 908 2589 948 sermo
2621 894 2812 949 dicens
2839 913 2851 948 :
2891 913 2910 944 ι
2948 894 3238 961 Quomodo
3263 910 3531 952 conversa
3565 912 3626 952 es
3650 884 3739 954 in:

2127 984 2572 1048 amaritudinem,
2604 985 2732 1040 vitis
2781 986 2959 1040 aliena
2991 985 3061 1018 ⁸³⁸
3086 987 3110 1040 ?
3139 1007 3156 1038 ι
3212 987 3498 1053 Quomodo
3523 999 3708 1044 autem

2127 1075 2305 1129 alatur
2336 1074 2598 1132 Servator
2643 1086 2849 1142 noster,
2894 1078 3165 1150 intelliges
3197 1080 3243 1133 si
3283 1081 3461 1150 ipsum
3511 1080 3707 1136 audias

2125 1168 2398 1223 dicentem
2429 1187 2443 1222 :
2475 1188 2495 1219 ι
2527 1168 2767 1232 Esnrivi,
2803 1180 2858 1224 et
2887 1170 3118 1225 dedistis
3157 1171 3288 1224 milii
3331 1171 3706 1238 manducare;

2124 1261 2297 1326 sitivi,
2322 1270 2376 1317 et
2405 1261 2635 1317 dedistis
2666 1263 2799 1316 mihi
2831 1261 3019 1316 bibere
3045 1263 3110 1315 ".
3148 1283 3169 1314 υ
3192 1261 3346 1328 Quod
3373 1262 3424 1318 .si
3455 1278 3555 1333 pro
3587 1262 3711 1316 fru--

2124 1357 2307 1412 ctibus
2358 1357 2426 1413 ad
2487 1357 2743 1412 alendum
2790 1357 3152 1427 opportunis,
3207 1372 3308 1426 per
3353 1357 3499 1428 piam
3538 1357 3707 1410 vitam

2123 1450 2402 1520 praebitis,
2441 1451 2670 1505 acerbas
2714 1457 2907 1504 contra
2949 1451 3126 1521 ipsum
3176 1449 3543 1518 blasphemias
3582 1448 3707 1518 quis

2123 1541 2386 1611 proferat,
2416 1549 2474 1596 et
2513 1541 2778 1596 doctrinae
2823 1541 2946 1611 ejus
2981 1541 3141 1594 athea
3171 1547 3224 1594 et
3279 1539 3415 1596 falsa
3452 1539 3708 1610 dogmata

2124 1633 2446 1696 admisceat,
2499 1633 2547 1686 is
2580 1634 2646 1686 ad
2681 1648 2864 1688 escam
2909 1633 3029 1702 ejus
3071 1632 3141 1687 fel
3182 1633 3380 1702 injicit,
3411 1639 3466 1686 et
3501 1635 3707 1690 sitienti

2122 1727 2334 1785 vinum.
2364 1740 2593 1795 vappam
2628 1741 2658 1779 a
2688 1734 2836 1779 recta
2861 1726 2944 1778 via
2971 1724 3344 1780 deﬂectentem
3370 1724 3548 1782 offert.
3579 1725 3708 1782 Haec

2124 1826 2304 1872 autem
2339 1818 2407 1871 de
2436 1815 2662 1871 Iudaico
2698 1819 2898 1888 populo
2930 1817 3143 1888 Moyses
3172 1818 3224 1871 in
3259 1832 3454 1887 magno
3481 1818 3707 1873 cantico

2124 1909 2442 1980 prophetice
2479 1909 2812 1964 vaticinatus
2838 1916 2941 1976 est,
2973 1911 3088 1964 haec
3119 1909 3428 1965 vociferans
3472 1929 3484 1964 :
3523 1931 3541 1961 ι
3567 1909 3706 1964 Nam

2123 2016 2188 2054 ex
2219 2003 2372 2054 vinea
2425 1997 2786 2053 Sodomorum
2827 2000 2984 2053 vinea
3011 2014 3223 2063 eorum,
3263 2006 3316 2052 et
3347 2000 3554 2068 palmes
3582 2000 3706 2070 ejus

2122 2107 2188 2145 ex
2216 2089 2544 2146 Gomorrha.
2577 2089 2694 2144 Uva
2717 2106 2932 2154 eorum,
2965 2106 3065 2144 uva
3091 2089 3252 2151 fellis,
3282 2091 3471 2146 botrus
3503 2093 3709 2145 amari-

2124 2177 2332 2232 tudinis
2361 2193 2552 2232 eorum
2583 2179 2650 2231 ³⁰.
2691 2197 2709 2230 ι
2750 2176 2889 2234 Hinc
2923 2179 3174 2234 similiter
3205 2178 3442 2248 Spiritus
3471 2195 3567 2237 eos
3605 2197 3708 2252 per

2121 2267 2320 2324 Isaiam
2345 2270 2527 2340 arguit
2548 2270 2737 2325 dicens
2767 2289 2783 2326 :
2814 2290 2831 2320 ι
2864 2270 3186 2342 Exspcctavi
3211 2282 3269 2326 ut
3292 2274 3493 2327 faceret
3519 2289 3702 2340 uvam,

2122 2365 2248 2421 fecit
2279 2373 2461 2420 autem
2495 2367 2682 2436 spinas
2710 2366 2787 2432 1";
2825 2384 2841 2416 ι
2871 2374 2924 2421 et
2954 2380 3172 2422 rursum
3195 2385 3208 2420 :
3231 2386 3249 2419 ι
3293 2367 3610 2438 Exspectavi
3642 2379 3705 2426 ut

2122 2456 2325 2513 faceret
2351 2458 2645 2529 judicium,
2696 2458 2824 2514 fecit
2870 2469 3050 2514 autem
3097 2461 3463 2530 iniquitatem,
3498 2469 3552 2515 ct
3591 2477 3704 2518 non

2115 2549 2392 2620 justitiam
2421 2550 2519 2605 sed
2555 2551 2849 2605 clamorem
2884 2551 2951 2602 δ’.
2997 2570 3015 2603 ι
3051 2549 3321 2622 Operibus
3362 2567 3494 2619 ergo
3523 2559 3578 2607 et
3617 2569 3705 2608 re-

2121 2642 2226 2698 bus
2257 2644 2451 2714 gestis,
2496 2643 2695 2698 acerbo
2745 2658 3004 2698 sermone
3053 2654 3108 2700 et
3159 2644 3270 2700 vita
3321 2644 3593 2699 dederunt
3645 2645 3705 2705 in

2119 2745 2304 2786 escam
2338 2730 2617 2786 Servatori
2650 2730 2742 2797 fel,
2775 2741 2828 2788 et
2864 2734 2917 2787 in
2951 2733 3045 2789 siti
3069 2734 3189 2803 ejus
3221 2744 3550 2806 potaverunt
3575 2751 3704 2795 eum

2118 2834 2294 2878 aceto.
2312 2823 2449 2889 Quia
2468 2840 2596 2878 vero
2617 2825 2916 2879 secundum
2931 2827 3216 2883 historiam
3236 2844 3453 2898 quoque
3470 2829 3706 2899 prophe-

2119 2917 2210 2970 tia:
2239 2932 2545 2974 sermonem
2567 2919 2778 2987 impleri
2801 2919 3063 2988 oportuit,
3090 2919 3204 2976 hazc
3227 2920 3294 2974 de
3308 2927 3559 2989 tempore
3576 2916 3707 2991 pas-

2119 3009 2293 3063 sionis
2310 3008 2430 3078 ejus
2448 3018 2636 3064 narrat
2664 3011 2998 3082 evangelista
3017 3011 3236 3066 dicens:
3259 3030 3276 3061 ι
3296 3011 3491 3068 Postea
3521 3013 3705 3068 sciens

2117 3100 2278 3157 Jesus
2299 3103 2426 3172 quia
2447 3104 2632 3157 omnia
2654 3112 3038 3160 consummata
3065 3113 3194 3158 sunt
3217 3104 3349 3173 jam,
3378 3115 3433 3158 ut
3449 3119 3706 3159 consum-

2118 3204 2363 3250 maretur
2394 3194 2701 3267 Scriptura,
2735 3197 2872 3252 dixit
2910 3216 2923 3252 :
2959 3196 3117 3252 Sitio.
3160 3195 3269 3252 Vas
3307 3207 3425 3253 erat
3462 3199 3704 3268 positum

2116 3297 2270 3343 aceto
2297 3289 2539 3359 plenum.
2573 3288 2655 3343 illi
2719 3297 2901 3343 autem
2953 3291 3238 3359 spongiam
3285 3291 3501 3360 plenam
3547 3299 3704 3345 aceto

2114 3396 2240 3435 cum
2293 3381 2418 3437 felle
2466 3389 2520 3436 et
2558 3382 2796 3454 byssopo
2846 3381 3329 3452 circumponentes
3386 3383 3704 3439 obtulerunt

2114 3474 2196 3526 ori
2247 3473 2389 3544 ejus.
2446 3473 2583 3528 Cum
2617 3488 2748 3543 ergo
2792 3475 3095 3543 accepisset
3145 3481 3358 3528 acetum
3393 3490 3517 3528 cum
3553 3474 3699 3540 felle,

2114 3562 2285 3617 dixit:
2315 3562 2707 3620 Consummata
2735 3572 2820 3620 est
2849 3573 2904 3618 et
2931 3565 3045 3618 haec
3078 3564 3382 3635 Scriptura.
3419 3563 3506 3628 Et,
3541 3565 3705 3619 incli-

2113 3663 2246 3709 nato
2270 3655 2468 3725 capite,
2514 3653 2740 3708 tradidit
2797 3655 3050 3725 spiritum
3087 3655 3153 3708 ⁸³.
3198 3675 3217 3708 ι
3253 3655 3524 3721 Quoniam
3569 3670 3702 3711 vero

2116 3747 2379 3800 inclinato
2410 3745 2589 3815 capite
2623 3745 2847 3801 tradidit
2877 3747 3130 3816 spiritum
3175 3755 3300 3817 post
3351 3761 3702 3802 consumma-

2117 3839 2317 3892 tionem
2378 3837 2698 3904 Scripturaa,
2751 3839 2879 3909 jure
2925 3840 2981 3895 in
3035 3841 3252 3910 psalmo
3288 3840 3490 3896 adhoc
3525 3855 3702 3910 usque

2107 3940 2332 4004 tempus
2364 3932 2644 3986 cruciatus
2674 3931 3087 3987 circumscribit
3133 3947 3284 3988 suos.
3330 3931 3538 3988 Deinde
3572 3948 3702 3988 vero

2114 4040 2237 4095 quae
2274 4024 2408 4094 ipsis
2454 4025 2598 4079 mala
2637 4033 2901 4080 eventura
2953 4027 3064 4080 sint
3115 4026 3488 4080 vaticinatur:
3531 4044 3550 4077 ι
3582 4025 3701 4080 Fiat

2115 4130 2304 4170 mensa
2333 4130 2525 4170 eorum
2562 4129 2748 4170 coram
2783 4114 2994 4186 ipsisin
3032 4118 3308 4186 laqueum,
3353 4117 3494 4170 etin
3538 4119 3702 4171 retri-

2114 4206 2396 4261 butionem
2417 4212 2472 4261 et
2495 4206 2911 4262 inscandalum.
2951 4227 2970 4259 ι
3003 4207 3170 4274 Quasi
3200 4224 3262 4263 ex
3298 4211 3702 4264 consuetudine

2115 4298 2255 4352 solet
2302 4296 2584 4367 Scriptura
2637 4297 2818 4352 futura
2851 4300 3013 4369 quasi
3055 4301 3334 4370 praeterita
3369 4302 3699 4370 vaticinari;

2114 4407 2285 4461 quare
2313 4391 2537 4460 jamjam
2562 4390 2778 4446 dicebat
2810 4409 2826 4448 :
2855 4410 2876 4442 ι
2907 4392 3185 4447 Dederunt
3211 4394 3267 4447 in
3302 4409 3488 4450 escam
3522 4411 3702 4450 meam

2116 4484 2210 4547 fel,
2255 4503 2273 4535 ›
2317 4499 2381 4538 ac
2410 4485 2458 4540 si
2484 4483 2712 4549 diceret,
2743 4483 2985 4548 dabuutl;
3025 4503 3043 4535 ι
3084 4486 3222 4539 etin
3263 4487 3357 4540 siti
3385 4502 3503 4542 mea
3543 4495 3703 4558 pota-

422 4578 626 4651 ἀρτίως
655 4579 785 4647 γοῦν
826 4579 978 4648 ἔλεγε
1007 4580 1087 4642 τὸ,
1129 4598 1147 4630 ι
1180 4580 1425 4632 Ἔδωκαν
1451 4580 1531 4643 είς
1565 4581 1623 4635 τὸ
1667 4578 1864 4652 βρῶμά
1901 4597 2000 4650 μου

2119 4586 2302 4638 verunt
2365 4594 2450 4634 me
2501 4589 2685 4645 aceto,
2715 4596 2739 4629 ι
2782 4577 2839 4633 id
2890 4585 2977 4634 est
3021 4577 3296 4644 parabunt.
3359 4578 3501 4635 Alibi
3564 4597 3704 4650 quo-

423 4669 606 4741 χολὴν,
653 4688 672 4722 ι
715 4669 836 4722 ἀντὶ
875 4669 990 4734 τοῦ,
1045 4667 1334 4732 δώσουσι,
1369 4688 1387 4720 ι
1427 4671 1521 4722 καὶ
1567 4671 1647 4733 είς
1708 4670 1806 4739 τὴν
1852 4667 2009 4737 δίψαν

426 4777 528 4832 μου
592 4759 851 4813 ἐπότισάν
911 4777 978 4829 με
1036 4760 1188 4827 θεῖος⁸
1230 4781 1249 4812 ι
1289 4761 1409 4813 ἀντὶ
1457 4759 1585 4824 τοῦ,
1656 4758 2006 4813 ποτίσουσι.

421 4853 533 4907 Καὶ
578 4853 810 4924 ἀλλαχοῦ
841 4853 896 4906 δὲ
925 4853 1125 4925 ὁμοίως
1173 4853 1424 4926 εἴρηταιο
1461 4871 1481 4904 ι
1521 4852 1914 4926 Διεμερίσαντο
1943 4851 2011 4908 τὰ

425 4945 614 5016 ἱμάτιά
648 4962 750 5016 μου
784 4947 1015 5010 ἑαυτοῖς,
1041 4947 1134 4999 καὶ
1172 4949 1265 5001 ἐπὶ
1292 4947 1383 5000 τὸν
1420 4945 1714 5017 ἱματισμόν
1745 4962 1845 5016 μου
1880 4943 2003 4996 ἔϐα-

419 5035 512 5090 λον
553 5035 776 5108 κλῆρον’
820 5057 838 5088 ι
875 5037 968 5090 καὶ
1001 5038 1191 5090 πάλιν·
1235 5057 1252 5089 ι
1289 5037 1648 5108 Παρέστησαν
1679 5036 1728 5092 oi
1763 5034 2006 5106 βασιλεῖς

421 5126 523 5196 τῆς
559 5126 684 5196 γῆς,
729 5129 824 5181 καὶ
879 5131 926 5180 οἱ
959 5129 1216 5200 ἄρχοντες
1248 5127 1595 5199 συνήχθησαν
1627 5127 1720 5180 ἐπὶ
1765 5126 1826 5178 τὸ
1851 5127 2002 5190 αὐτὸ,

425 5216 567 5271 κατὰ
623 5217 716 5271 τοῦ
766 5220 971 5290 Κυρίου
1020 5220 1114 5273 mi.
1148 5218 1288 5276 κατὰ
1331 5219 1426 5274 τοῦ
1475 5216 1711 5289 Χριστοῦ
1758 5217 1945 5272 αὑτοῦ.
1983 5236 2002 5272 ι

433 5308 668 5380 Ὁμοίως
708 5309 817 5382 γὰρ
858 5309 1149 5362 καὶταῦτα
1183 5309 1443 5381 μέλλοντα
1477 5299 1758 5379 γίγνεσθαι
1801 5309 1876 5371 ὡς
1906 5307 2007 5379 ήδη

425 5402 796 5474 παρῳχηκότα
829 5404 1281 5473 προανεφωνεῖτο.
1312 5400 1469 5456 Οῦτω
1527 5401 1619 5454 καὶ
1648 5402 1748 5454 ὅσα
1793 5399 2009 5470 νομίζε-

422 5511 514 5547 ται
546 5493 959 5566 προστακτικῶς
995 5494 1028 5566 ἢ
1074 5492 1338 5557 εύκτικῶς
1372 5492 1646 5562 λέγεσθαι,
1694 5492 1788 5545 καὶ
1833 5491 2010 5552 ταῦτα

425 5585 748 5658 προφητικῷ
798 5586 984 5660 τρόπῳ
1025 5571 1505 5660 προαγορευτικῶς
1534 5583 1852 5650 ἐξακούεται
1873 5599 1887 5613 °
1920 5578 2010 5639 οἷά

2117 4687 2226 4744 que
2255 4670 2511 4727 similiter
2542 4670 2746 4724 dicitur
2773 4689 2787 4726 :
2828 4689 2848 4721 ι
2887 4669 3202 4726 Diviserunt
3234 4672 3337 4726 sibi
3371 4672 3704 4731 vestimenta

2113 4779 2260 4827 mea,
2289 4770 2344 4817 et
2373 4777 2540 4832 super
2572 4770 2774 4817 vestem
2810 4777 2986 4817 meam
3026 4766 3298 4821 miserunt
3328 4771 3533 4818 sortem
3559 4763 3605 4795 ”
3631 4781 3648 4831 ;
3679 4783 3700 4816 ι

2119 4869 2185 4908 ac
2215 4870 2434 4909 rursum
2471 4872 2483 4907 :
2519 4873 2536 4905 ι
2574 4854 2883 4910 Astiterunt
2920 4871 3078 4925 reges
3127 4863 3307 4919 terrae,
3339 4865 3394 4909 et
3423 4855 3708 4926 principes

2119 4953 2494 5000 convenerunt
2523 4945 2574 4996 in
2612 4959 2778 5000 unum
2812 4943 3077 4999 adversus
3103 4941 3392 4997 Dominum
3425 4950 3478 4997 et
3506 4942 3708 4997 adver-

2116 5052 2213 5092 sus
2240 5034 2521 5089 Christum
2549 5035 2669 5103 ejus
2700 5035 2766 5090 ⁸⁸.
2801 5053 2820 5086 ι
2860 5033 2995 5090 Nam
3025 5035 3277 5091 similiter
3308 5034 3424 5089 haec
3456 5050 3577 5107 quae
3612 5032 3705 5090 fu-
3736 5055 3744 5099 δ

2115 5136 2239 5182 tura
2271 5134 2447 5192 erant,
2486 5129 2643 5197 quasi
2681 5128 2798 5197 jam
2835 5129 3112 5197 praeterita
3152 5129 3703 5200 prteuuntiabuntur.

2117 5217 2242 5273 Pari
2299 5220 2507 5274 ratione
2554 5235 2896 5290 quaecunque
2943 5230 3206 5291 putantur
3248 5221 3570 5292 imperando
3609 5230 3710 5276 aut

2116 5311 2356 5382 optando
2388 5311 2518 5375 dici,
2553 5313 2873 5381 prophetico
2920 5328 3072 5368 more
3103 5313 3461 5382 praznuntiari
3497 5320 3707 5384 putan-

2116 5402 2243 5457 dum
2271 5409 2356 5458 est
2411 5421 2424 5458 ;
2470 5404 2652 5472 qualia
2688 5410 2817 5458 sunt
2876 5403 2990 5456 lucc
3037 5411 3158 5473 qua:
3199 5411 3523 5459 tractamus.
3558 5402 3704 5462 Illud

2116 5496 2260 5549 enim
2294 5513 2307 5549 :
2340 5513 2357 5546 ι
2397 5492 2517 5548 Fiat
2561 5511 2750 5550 mensa
2804 5510 3020 5559 eorum,
3062 5514 3080 5545 ι
3117 5495 3414 5567 intelligas,
3446 5513 3466 5547 ι
3496 5494 3588 5550 ﬁet
3623 5515 3638 5556 :
3675 5515 3696 5548 ι

2115 5595 2169 5640 et
2199 5586 2331 5642 illud
2361 5607 2374 5642 :
2404 5585 2812 5643 (Obscurentur
2841 5587 2985 5646 oculi
3010 5603 3220 5654 eorum,
3249 5607 3268 5641 ι
3300 5603 3401 5660 pro
3437 5607 3456 5640 ι
3495 5588 3701 5653 obscu-

495 5787 1016 5870 ’ίξςΛΙοι-ςιιιλι-ικὲι.
1093 5787 1542 5870 ’θ-μιιιξει.“κιιν,
1584 5788 1709 5870 55.-
1753 5789 1797 5822 ³⁸
1839 5789 1994 5847 Deut.
2034 5806 2208 5860 xxxii,
2254 5792 2343 5849 52.
2422 5793 2463 5824 ³¹
2503 5791 2609 5849 lsa.
2657 5809 2708 5858 v,
2749 5791 2804 5851 2.
2883 5793 2928 5825 δ’
2972 5792 3108 5852 ibid.
3153 5791 3204 5849 7.
3287 5793 3331 5826 ³³
3371 5789 3531 5850 Joan.
3576 5809 3698 5870 ns,

424 5858 616 5916 28-50.
697 5858 742 5891 ³⁸
780 5857 926 5916 Psal.
971 5873 1088 5928 xxi,
1131 5859 1217 5915 i9.
1294 5859 1338 5890 ⁸³
1381 5856 1529 5917 Psal.
1573 5874 1635 5929 ιι,
1675 5857 1728 5915 2.
