4128 6392
430 384 550 448 Ἷῗὸι

1121 384 1396 445 EUSEBII
1436 382 1916 442 CASSARIENSIS
1951 380 2099 439 OPP.
2144 380 2325 438 PARS
2364 381 2454 438 Ill.
2488 411 2560 425 —-
2596 380 3011 439 EXEGETICA.

3608 378 3725 443 ἼΒ

420 512 748 578 'rabuntun;
789 526 805 562 ι
835 515 890 564 et
922 509 1205 579 sequentia
1253 507 1527 564 similiter.
1568 505 1687 561 Non
1719 507 1865 563 enim
1897 520 2027 561 con-

2135 505 2251 558 ἐστι
2280 503 2347 558 τὰ
2381 505 2520 575 μετά
2543 506 2749 577 χεῖρας.
2772 504 2847 558 Τὸ
2874 505 3001 577 γὰρ,
3032 525 3050 557 ι
3092 500 3435 578 Γενηθθήτωή
3472 504 3725 578 τράπεζα

427 609 772 661 'sentaneum
806 608 912 667 est,
950 615 1075 655 eum
1102 601 1198 671 qui
1230 600 1391 655 nobis
1435 599 1683 670 praecipit
1736 609 1795 653 ut
1829 599 2032 653 malum

432 709 549 767 apro
584 695 728 749 malo
754 692 1211 757 non-reddamus,
1245 691 1341 749 sed
1364 707 1655 763 precemur
1695 706 1795 762 pro
1828 690 1898 745 iis
1938 690 2033 761 qui

442 788 611 845 nobis
631 787 939 842 molestiam
968 792 1180 850 creant,
1209 794 1262 839 et
1289 791 1348 839 ut
1378 784 1791 848 benedicamus,
1817 795 1918 838 nec
1944 797 2033 837 ex-

447 892 753 943 secremur,
785 878 1148 949 inimicosque
1179 877 1494 950 diligamus,
1533 875 1848 947 hujusmodi
1890 876 2032 930 mala

447 974 570 1029 aliis
605 971 921 1043 imprecari.
946 970 1065 1026 Non
1097 972 1337 1041 Optativo
1370 971 1554 1041 igitur,
1580 985 1757 1041 neque
1796 970 2034 1039 impera-

448 1068 560 1119 tivo
595 1064 777 1128 modo,
803 1064 899 1119 sed
953 1065 1255 1119 secundum
1311 1064 1565 1117 traditam
1600 1064 1866 1119 rationem
1918 1064 2032 1117 haec

448 1157 770 1229 prephetice
792 1158 1142 1227 pronuntiata
1176 1163 1323 1210 sunt.
1350 1152 1457 1209 Pro
1479 1155 1546 1209 iis
1567 1154 1712 1208 enim
1746 1168 1869 1224 (luas
1895 1168 2030 1208 con-

448 1258 535 1304 tra
588 1266 676 1306 me
730 1250 848 1305 ausi
892 1256 1299 1320 perpetrarunt,
1336 1249 1450 1303 haec
1507 1248 1656 1319 ipsos
1713 1248 2025 1318 excipient:

448 1359 639 1398 mensa
678 1359 869 1398 eorum
928 1345 1035 1398 illis
1082 1358 1193 1396 non
1244 1342 1310 1395 ad
1356 1340 1818 1412 suppeditaudnm
1845 1340 2028 1395 cibum

449 1436 577 1499 erit,
605 1435 699 1490 sed
722 1437 776 1489 in
806 1434 1082 1505 laqueum,
1109 1442 1163 1489 et
1194 1438 1248 1487 in
1272 1434 1663 1488 retributiones
1693 1444 1748 1487 et
1784 1434 1838 1487 in
1870 1448 2031 1489 scan-

451 1525 659 1589 dalum,
694 1526 823 1595 quia
849 1524 1118 1579 dederunt
1155 1524 1209 1579 in
1236 1539 1421 1579 escam
1451 1538 1627 1578 meam
1662 1522 1754 1579 fel.
1787 1523 2026 1579 Mensam

451 1633 620 1688 porro
646 1617 860 1672 Judaici
893 1618 1077 1688 pOpuli
1116 1633 1277 1687 quam
1314 1616 1522 1670 dixeris
1564 1630 1707 1678 esse,
1745 1615 1853 1671 nisi
1892 1615 2030 1669 divi-

452 1714 600 1768 nitus
651 1712 947 1781 inspiratus
997 1709 1330 1778 Scripturas,
1365 1722 1502 1778 quas
1543 1708 1795 1762 meditari
1830 1714 1883 1761 et
1913 1722 2029 1761 me.

450 1804 681 1857 moriter
732 1802 975 1872 proferre
1015 1800 1226 1856 solent?
1257 1799 1498 1865 Quarum
1545 1799 1934 1868 contemplatio
1973 1806 2027 1851 et

2136 596 2335 663 αὐτῶν,
2375 616 2394 651 ι
2425 597 2717 651 ἀκουστέον
2749 598 2870 652 ἀντὶ
2896 599 3011 664 τοῦ,
3043 618 3062 651 ι
3089 601 3412 671 γενήσεται·
3449 619 3469 651 ι
3507 599 3603 654 καὶ
3637 599 3721 666 τὸ,

2141 707 2169 741 r
2211 689 2658 761 Σκοτισθήτωσαν
2701 691 2750 744 οί
2795 691 3063 763 ὀφθαλμοὶ
3101 692 3300 756 αὐτῶν,
3344 712 3363 745 ›
3414 693 3535 746 ἀντὶ
3601 692 3721 759 τοῦ,

2141 800 2159 834 ι
2194 783 2663 855 σκοτισθήσονταιο
2714 803 2733 836 ι
2783 785 2877 837 καὶ
2905 784 2973 838 τά
3008 786 3134 857 ἑξῆς
3184 786 3394 849 τούτοις
3428 785 3724 858 παραπλη-

2136 879 2287 944 σίως.
2328 880 2403 932 Οὐ
2446 880 2556 952 γὰρ
2588 880 2699 951 ἔχει
2727 879 2885 949 λόγον
2914 880 3006 934 τὸν
3037 882 3168 951 ἡμῖν
3206 880 3613 953 προστάττοντα
3645 881 3724 952 μὴ

2134 972 2539 1027 ἀνταποδιδόναι
2580 976 2747 1029 κακὸν
2786 976 2907 1030 ἀντὶ
2937 974 3130 1039 κακοῦ,
3158 973 3293 1027 ἀλλά
3322 972 3727 1045 προσεύχεσθαι

2136 1064 2281 1137 ὑπὲρ
2301 1065 2409 1118 τῶν
2443 1066 2879 1139 ἐπηρεαζόντων,
2912 1068 3007 1121 καὶ
3037 1066 3279 1133 εὐλογεῖν
3315 1066 3410 1118 καὶ
3445 1064 3520 1135 μὴ
3552 1081 3725 1117 κατα-

2136 1157 2349 1229 ρᾶσθαι,
2382 1159 2600 1230 ἀγαπᾷν
2637 1158 2693 1211 δὲ
2722 1161 2816 1212 καὶ
2853 1159 2977 1222 τοὺς
3022 1157 3272 1229 ἐχθροὺς,
3303 1155 3466 1209 αὐτὸν
3497 1153 3725 1207 τοιαῦτα

2134 1248 2493 1319 κατεύχεσθαι
2554 1250 2783 1321 ἑτέροις.
2832 1251 2946 1302 Οὐκ
3002 1248 3273 1312 εὐκτικῶς
3332 1246 3544 1312 τοίνυν,
3602 1246 3723 1298 οὐδὲ

2132 1341 2567 1413 προστακτικῶς,
2596 1343 2737 1396 κατὰ
2772 1343 2830 1395 δὲ
2862 1343 2951 1395 τὸν
2986 1341 3317 1396 ἀποδοθέντα
3350 1339 3553 1412 τρόπον
3587 1355 3723 1409 προ-

2130 1432 2374 1502 φητικῶς
2410 1433 2506 1486 καὶ
2533 1434 2705 1487 ταῦτα
2729 1433 3001 1487 λέλεκται.
3043 1433 3183 1487 Ἀνθ’
3214 1426 3290 1487 ὧν
3318 1432 3430 1505 γὰρ
3459 1431 3725 1504 τετολμή-

2132 1540 2262 1577 κασι
2314 1525 2409 1577 καὶ
2459 1524 2819 1596 διεπράξαντο
2866 1528 2989 1579 κατ’
3038 1526 3195 1596 ἐμοῦ,
3245 1524 3477 1580 τοιαῦτα
3522 1522 3725 1589 αὐτοὺς

2129 1614 2458 1679 διαδέξεται·
2495 1618 2528 1688 ἡ
2568 1616 2815 1689 τράπεζα
2848 1616 3026 1670 αὐτῶν
3077 1616 3229 1669 ἔσται
3283 1616 3465 1680 αὐτοῖς
3501 1615 3603 1669 οὐκ
3642 1615 3723 1677 είς

2130 1704 2429 1777 παράθεσιν
2477 1708 2705 1779 τροφῆς,
2746 1707 2861 1762 ἀλλ’
2909 1708 2991 1771 είς
3024 1707 3226 1776 παγίδα
3258 1708 3351 1761 καὶ
3385 1707 3465 1769 είς
3497 1705 3725 1759 ἀνταπο-

2129 1799 2304 1863 δόσεις
2355 1800 2449 1852 καὶ
2503 1801 2581 1863 εἰς
2630 1800 2947 1865 σκάνδαλον,
3007 1799 3125 1853 ἀνθ’
3173 1792 3248 1853 ὧν
3298 1799 3507 1853 ἔδωκαν
3542 1801 3625 1863 εἰς
3661 1800 3725 1852 τὸ

452 1894 832 1965 intelligentia,
867 1892 1175 1947 animarum
1209 1890 1616 1944 rationabilium
1651 1903 1835 1944 escam
1876 1904 2025 1944 com-

2134 1890 2327 1962 βρῶμά
2352 1908 2455 1962 μου
2490 1890 2672 1963 χολήν.
2699 1891 2992 1963 Τράπεζαν
3024 1891 3081 1943 δὲ
3106 1890 3201 1944 τοῦ
3243 1891 3516 1946 Ἰουδαίων
3537 1890 3724 1955 ἔθνους

447 1988 735 2057 plectitur,
760 1984 928 2039 dictio
954 1992 1131 2039 autem
1166 1998 1367 2037 mensae
1396 1983 1514 2036 loco
1544 1992 1648 2037 est.

2133 1983 2253 2037 τίνα
2276 1982 2340 2036 ἂν
2372 1984 2545 2046 εἴποις
2567 1982 2598 2053 ῆ
2621 1982 2716 2047 τὰς
2741 1982 3125 2045 θεοπνεύστους
3145 1982 3387 2053 Γραφάς,
3404 1982 3471 2046 ἀς
3496 1982 3732 2055 μελετᾷν

450 2078 543 2131 καὶ
591 2077 1043 2148 ἀποστοματίζειν
1086 2076 1374 2141 είώθασιν;
1407 2068 1481 2128 ὧν
1509 2078 1542 2146 ἡ
1583 2076 1682 2145 μὲν
1717 2075 1918 2148 θεωρία
1982 2077 2074 2129 καὶ
2198 2077 2403 2148 νόησις,
2429 2076 2614 2147 ψυχῶν
2636 2078 2843 2148 τροφὴν
2873 2076 3105 2147 λογικῶν
3139 2078 3459 2149 περιέχει,ἡ
3491 2076 3549 2130 δὲ
3578 2073 3734 2144 λέξις

445 2168 725 2241 τραπέζης
757 2167 940 2239 χώραν
977 2169 1239 2240 περιέχει.

520 2281 673 2338 Hanc
718 2283 902 2353 itaque
932 2297 1179 2337 mensam
1221 2299 1433 2349 eorum,
1464 2299 1661 2355 nempe
1696 2283 1911 2339 obviam
1946 2284 2030 2339 di-

448 2374 699 2428 vinarum
725 2372 1135 2444 Scripturarum
1164 2375 1480 2442 lectionem,
1503 2376 1638 2446 ipsis
1660 2380 1715 2431 in
1748 2377 2025 2448 laqueum,

446 2473 502 2518 et
527 2465 584 2519 in
612 2464 1002 2519 retributiones
1025 2465 1150 2520 etin
1177 2466 1496 2521 scandalum
1523 2466 1637 2523 fore
1656 2467 2024 2538 praenuntiat;

448 2563 612 2627 atque
648 2572 759 2610 non
803 2564 1000 2610 natura
1045 2556 1206 2610 talem
1243 2573 1386 2621 esse,
1423 2557 1517 2613 sed
1548 2559 1682 2629 ipsis
1711 2558 2028 2629 hujusmodi

448 2647 711 2702 futuram.
749 2646 806 2702 ld
838 2648 983 2703 enim
1020 2649 1104 2703 his
1128 2648 1309 2703 verbis
1350 2650 1689 2720 signiﬁcatur
1726 2669 1739 2705 :
1773 2670 1792 2702 ι
1829 2650 2030 2707 Coram

446 2740 584 2810 ipsis
612 2739 705 2793 ﬁat
734 2755 923 2794 mensa
955 2754 1144 2794 eorum
1176 2742 1229 2794 in
1260 2742 1512 2811 laqueum
1543 2750 1598 2797 et
1626 2742 1681 2797 in
1710 2742 2031 2797 retributio-

446 2844 548 2887 nes
593 2829 737 2885 etin
787 2829 1129 2887 scandalum.
1171 2849 1190 2882 ι
1243 2829 1357 2888 Hoc
1394 2840 1574 2887 autem
1618 2848 1782 2902 opere
1824 2833 1879 2886 in
1921 2833 2030 2887 illis

447 2922 773 2991 completur.
815 2919 1038 2977 Divinas
1092 2938 1331 2992 namque
1383 2922 1698 2994 Scripturas
1751 2925 2027 2995 legentes,

448 3012 647 3067 exinde
694 3014 903 3083 laqueis
943 3015 1345 3083 eomplieantur
1376 3031 1390 3068 :
1420 3031 1609 3071 earum
1646 3017 1848 3087 quippe
1880 3017 2028 3071 dicta

448 3111 645 3174 praeter
664 3121 849 3161 veram
872 3107 1159 3161 scientiam
1184 3108 1539 3178 excipientes,
1570 3120 1891 3180 rectumque
1915 3126 2033 3166 ver-

444 3198 642 3253 borum
689 3213 912 3252 sensum
946 3205 1284 3261 evel-tentes;
1332 3200 1399 3255 iis
1431 3201 1497 3255 ad
1542 3216 1652 3255 non
1693 3201 2027 3257 credendum

449 3287 732 3345 Servatori
776 3287 986 3345 seducti
1033 3298 1181 3346 sunt.
1234 3293 1349 3345 [mo
1380 3292 1543 3346 etiam
1596 3308 1785 3349 mensa
1836 3308 2026 3349 eorum

447 3378 584 3453 ipsis
638 3380 691 3435 in
761 3381 1150 3437 retributiones
1209 3384 1458 3438 vertitur.
1522 3384 1679 3451 Quod
1744 3388 1889 3442 enim
1955 3389 2034 3442 le-

446 3474 659 3529 ctiones
686 3489 798 3529 non
826 3473 1161 3546 intelligant,
1193 3477 1274 3531 vel
1303 3477 1431 3532 inde
1458 3476 1767 3532 facinorum
1802 3494 2031 3534 suorum

446 3567 503 3620 in
537 3566 713 3637 ipsum
743 3582 938 3638 pmnas
968 3567 1143 3622 luunt.
1175 3567 1356 3635 Quare
1382 3568 1745 3641 Symmachus
1774 3587 1872 3642 pro
1904 3572 2030 3637 illo,

454 3679 471 3709 ι
498 3665 552 3713 et
582 3659 639 3713 in
672 3660 1102 3719 retributiones.
1124 3679 1144 3712 ι
1167 3662 1365 3729 vertit,
1391 3681 1409 3713 ι
1436 3672 1489 3716 ει
1524 3662 1578 3716 in
1610 3664 1939 3734 supplicium
1967 3681 1980 3730 ;
2008 3682 2027 3715 ι

446 3752 580 3822 quin
607 3753 773 3807 etiam
807 3753 863 3807 in
896 3752 1215 3807 scandalum
1242 3770 1427 3808 coram
1458 3756 1592 3825 ipsis
1620 3771 1813 3811 mensa
1841 3771 2031 3811 eorum

445 3847 699 3900 vertitur.
746 3844 903 3900 Nuda
944 3848 1146 3917 quippe
1195 3848 1363 3901 verba
1408 3849 1650 3919 legentes
1684 3848 2029 3919 impingunt,

448 3950 710 3991 arcanum
762 3952 953 3992 eorum
1002 3953 1225 3993 sensum
1272 3955 1382 3993 non
1429 3942 1729 4010 capientes.
1785 3940 2031 4010 Exempli

447 4044 616 4084 causa
636 4070 651 4093 ,
679 4044 803 4084 cum
829 4030 1093 4096 audiunt,
1120 4041 1209 4097 ut,
1243 4032 1565 4088 adveniente
1590 4033 1840 4097 Christo,
1866 4033 2031 4088 simul

448 4130 637 4192 pascet
665 4123 827 4191 lupus
851 4138 974 4176 cum
1006 4138 1146 4194 agno
1167 4165 1183 4189 ,
1212 4134 1265 4179 et
1296 4125 1501 4193 pardus
1528 4140 1653 4179 cum
1687 4125 1842 4179 hme
1868 4139 2032 4179 accu-

452 4212 609 4267 habit
631 4252 646 4275 ,
678 4213 763 4266 leo
793 4220 845 4267 et
878 4213 980 4269 bus
1012 4216 1301 4269 comedent
1332 4216 1515 4285 paleas
1559 4216 1643 4281 ⁸⁸ς
1694 4217 1811 4270 huic
1857 4223 1911 4271 et
1953 4217 2030 4271 si-

450 4304 604 4357 milia
637 4319 745 4358 non
779 4304 1178 4374 intelligentes,
1215 4305 1539 4360 adveniente
1570 4303 1795 4360 Christo
1827 4304 1882 4359 in
1914 4305 2032 4359 haec

449 4395 791 4466 impingunt;
817 4395 945 4466 quia
974 4396 1090 4450 haec
1115 4412 1222 4451 non
1247 4397 1495 4452 sensibili
1527 4397 1691 4451 modo
1711 4397 1768 4451 in
1790 4397 1911 4466 ejus
1935 4397 2034 4453 ad-

448 4494 617 4544 ventu
641 4491 1009 4559 contigerunt.
1048 4486 1140 4542 Sic
1169 4502 1301 4559 ergo
1332 4489 1591 4559 praedicta
1623 4504 1813 4543 eorum
1840 4505 2029 4546 mensa

2210 2280 2425 2352 Ταύτην
2450 2280 2627 2333 τοίνυν
2652 2280 2749 2351 τὴν
2772 2280 3052 2353 τράπεζαν
3090 2278 3291 2343 αὐτῶν,
3309 2280 3408 2352 τὴν
3435 2281 3731 2355 πρόχειρον

2136 2372 2242 2425 τῶν
2292 2371 2450 2424 θείων
2483 2370 2714 2442 Γραφῶν
2758 2371 3063 2437 ἀνάγνωσιν
3096 2366 3456 2440 προαγορεύει
3505 2370 3728 2424 ἔσεσθαι

2134 2463 2317 2526 αὐτοῖς
2348 2464 2427 2525 είς
2452 2462 2653 2530 παγίδα
2678 2462 2771 2514 καὶ
2799 2463 2877 2525 εἰς
2903 2460 3290 2524 ἀνταποδόσεις
3324 2462 3419 2515 καὶ
3456 2464 3534 2525 είς
3563 2463 3727 2517 σκάν-

2133 2553 2290 2607 δαλον
2310 2572 2323 2585 ·
2362 2554 2457 2606 καὶ
2485 2553 2704 2607 ἔσεσθαι
2734 2553 2902 2624 αὐτὴν
2934 2554 3190 2625 τοιαύτην
3223 2553 3428 2617 αὐτοῖς,
3468 2555 3529 2606 οὐ
3567 2555 3725 2624 φύσει

2132 2644 2297 2701 οὖσαν
2330 2648 2605 2717 τοιαύτην,
2630 2648 2744 2701 ἀλλ’
2778 2648 2964 2711 αὐτοῖς
2998 2646 3218 2700 ἔσεσθαι
3253 2647 3530 2719 τοιαύτην.
3557 2649 3726 2703 Τοῦτο
3786 2660 3789 2661 ⁷

2131 2737 2241 2809 γὰρ
2268 2738 2520 2809 σημαίνει
2550 2740 2578 2791 ὁ
2614 2738 2769 2806 λόγος
2799 2737 3023 2791 εἰπών’(
3063 2736 3323 2792 Ἐνώπιον
3353 2739 3532 2791 αὐτῶν
3564 2756 3728 2812 γενη-

2133 2830 2282 2901 θήτω
2312 2833 2345 2902 ἡ
2379 2831 2627 2902 τράπεζα
2654 2832 2833 2886 αὐτῶν
2872 2834 2952 2897 είς
2993 2834 3216 2902 παγίδα,
3254 2835 3349 2888 καὶ
3372 2836 3451 2898 εἰς
3490 2836 3723 2889 ἀνταποο

2130 2924 2307 2988 δόσεις
2340 2925 2435 2978 καὶ
2459 2927 2538 2988 είς
2568 2925 2884 2979 σκάνδαλον.
2912 2945 2929 2974 δ
2958 2926 3143 2998 Ἔργῳ
3158 2926 3214 2978 δὲ
3238 2926 3395 2979 τοῦτο
3424 2928 3503 2991 είς
3528 2928 3724 2991 αὐτοὺς

2134 3015 2457 3088 πληροῦται.
2493 3018 2625 3080 Ταῖς
2656 3016 2785 3084 γοῦν
2819 3016 2990 3080 θείαις
3022 3016 3268 3089 Γραφαῖς
3303 3019 3723 3088 ἐντυγχάνοντες

2136 3108 2195 3175 ἐξ
2244 3108 2423 3163 αὐτῶν
2456 3109 2646 3177 παγίσι
2688 3109 3119 3183 περιπείρονται,
3156 3110 3358 3181 ἑτέρως
3389 3112 3421 3182 ἢ
3460 3111 3602 3165 κατά
3632 3111 3725 3164 τὸν

2136 3203 2310 3272 ἀληθῆ
2331 3202 2453 3255 νοῦν
2473 3200 2905 3273 ἐκλαμϐάνοντες
2928 3201 3024 3265 τὰς
3043 3202 3237 3269 λέξεις,
3261 3201 3356 3255 καὶ
3377 3202 3724 3276 διαστρέφον-

2133 3314 2224 3359 τες
2243 3296 2332 3348 τὸν
2358 3297 2416 3348 ἐν
2441 3294 2630 3358 αὐταῖς
2648 3294 2804 3364 ὀρθὸν
2826 3294 3004 3363 λόγον,
3019 3295 3075 3362 ἐξ
3093 3295 3271 3349 αὐτῶν
3295 3314 3355 3349 τε
3376 3298 3455 3361 είς
3467 3297 3723 3355 ἀπιστίαν

2134 3388 2228 3440 τοῦ
2262 3386 2515 3457 Σωτῆρος
2552 3387 3020 3457 περιπειρόμενοι.
3063 3386 3223 3440 ’Λλλά
3257 3387 3351 3440 καὶ
3384 3389 3463 3450 είς
3490 3389 3726 3442 ἀνταπο-

2134 3479 2307 3543 δόσεις
2329 3478 2538 3547 γίνεται
2564 3480 2745 3542 αὐτοῖς
2769 3479 3069 3549 ἡτράπεζα
3099 3479 3297 3534 αὐτῶν.
3334 3480 3420 3534 Ἐν
3440 3481 3549 3552 γὰρ
3576 3481 3727 3552 αύτῷ

2133 3572 2309 3642 τούτῳ
2340 3571 2417 3641 τῷ
2455 3571 2528 3643 μὴ
2564 3572 2799 3625 συνιέναι
2830 3570 2897 3625 τά
2928 3570 3329 3643 ἀναγνῶσματα
3348 3612 3364 3638 ,
3398 3572 3724 3634 ἀπολαμϐά-

2134 3681 2315 3717 νουσιν
2343 3657 2418 3715 ῶν
2443 3661 2678 3734 ἔδρασαν
2713 3664 2833 3716 κατ’
2864 3661 3027 3715 αὑτοῦ
3061 3662 3160 3734 τὴν
3191 3663 3485 3736 τιμωρίαν.
3522 3664 3724 3736 Διόπερ

2134 3756 2163 3807 ό
2186 3753 2482 3825 Σύμμαχος
2509 3752 2629 3806 ἀντὶ
2654 3752 2771 3819 τοῦ,
2800 3772 2818 3803 ι
2847 3753 2940 3806 καὶ
2974 3751 3054 3815 είς
3079 3752 3462 3815 ἀνταποδόσεις
3481 3792 3496 3817 ,
3524 3752 3618 3805 καὶ
3636 3754 3725 3818 είς

2135 3847 2446 3916 τιμωρίαν,
2494 3845 2861 3916 ἡρμήνευσεν.
2917 3842 3079 3897 Ἀλλά
3139 3844 3234 3897 καὶ
3282 3845 3362 3907 εἰς
3423 3844 3723 3898 σκάνδαλον

2134 3940 2343 4007 γίνεται
2381 3937 2610 3991 ἐνώπιον
2645 3935 2823 3989 αὐτῶν
2857 3938 2890 4007 ἡ
2922 3934 3170 4008 τράπεζα
3202 3935 3400 3989 αὐτῶν.
3436 3935 3725 3990 Σκανδαλί-

2136 4028 2316 4094 ζονται
2345 4028 2454 4100 γὰρ
2480 4027 2899 4099 ἐντυγχάνοντες
2926 4027 3108 4097 ψιλαῖς
3138 4029 3256 4091 ταῖς
3286 4026 3484 4093 λέξεσι,
3521 4028 3614 4080 καὶ
3646 4026 3723 4098 μὴ

2136 4122 2407 4185 συνιέντες
2434 4121 2533 4193 τὴν
2557 4124 2615 4175 ἐν
2643 4122 2834 4184 αὐταῖς
2862 4120 3095 4192 θεωρίαν
3116 4136 3128 4148 ⁸
3156 4117 3267 4173 οἷον
3289 4118 3598 4184 ἀκούοντες,
3623 4121 3720 4188 ὡς,

2136 4214 2457 4276 ἐπιστάντος
2481 4211 2573 4265 τοῦ
2598 4210 2855 4284 Χριστοῦ,
2882 4228 2944 4263 συ
2953 4210 3161 4283 μὸοσκή
3172 4228 3321 4265 σεται
3368 4210 3532 4275 λύκος
3583 4210 3721 4282 μετά

2134 4303 2316 4375 ἀρνὸς,
2337 4303 2430 4356 καὶ
2454 4301 2716 4373 πάρδαλις
2743 4299 3211 4354 συναναπαύσεται
3236 4301 3411 4372 ἐρίφῳ
3427 4338 3444 4367 ,
3470 4302 3563 4354 καὶ
3584 4301 3723 4356 λέων

2135 4396 2230 4448 καὶ
2269 4394 2395 4466 βοῦς
2427 4394 2660 4464 φάγεται
2691 4394 2898 4465 ἄχυρα⁶
2950 4392 3120 4447 ταῦτα
3160 4393 3253 4446 καὶ
3286 4392 3354 4446 τὰ
3386 4393 3609 4448 τοιαῦτα
3644 4394 3720 4468 μὴ

2138 4488 2428 4551 συνιέντες,
2461 4485 2901 4549 σκανδαλίζονται
2940 4487 3032 4539 ἐπὶ
3059 4485 3137 4556 τῷ
3166 4485 3446 4555 ἐληλυθότι
3474 4486 3720 4559 Χριστῷ,

432 4580 554 4636 ’Υυίι
582 4594 768 4635 coram
798 4580 935 4651 ipsis
968 4581 1023 4635 in
1055 4580 1312 4651 laqueum
1336 4618 1353 4645 ,
1381 4588 1437 4635 et
1467 4581 1522 4635 in
1551 4581 1943 4636 retributiones
1975 4588 2029 4638 et

2135 4582 2219 4634 ὅτι
2254 4580 2328 4651 μὴ
2372 4577 2649 4649 αἰσθητῶς
2680 4578 2896 4647 ἐγένετο
2920 4578 3094 4632 ταῦτα
3119 4579 3178 4631 ἐν
3209 4578 3477 4650 τῇιαὺτοῦ
3512 4597 3717 4653 παρου·

449 4673 507 4728 iu
538 4672 879 4727 scandalum.
911 4670 1145 4742 Haecque
1174 4672 1324 4743 passi
1373 4680 1534 4735 sunt,
1578 4674 1705 4743 quia
1748 4674 2030 4729 obscurati

448 4773 580 4823 sunt
610 4765 755 4819 oculi
779 4779 969 4820 eorum
996 4773 1054 4819 ut
1082 4780 1191 4820 non
1226 4765 1511 4829 viderent,
1540 4766 1669 4835 quia
1700 4775 2031 4836 respuerunt

445 4859 625 4913 lucem
652 4856 1053 4912 illuminantem
1080 4871 1298 4911 omnem
1331 4856 1638 4921 hominem,
1662 4864 1719 4912 et
1748 4858 1875 4927 quia
1905 4874 2033 4913 ocu-

445 4952 529 5005 los
561 4950 827 5006 habentes
857 4966 967 5005 non
999 4950 1301 5014 videbant,
1331 4959 1385 5004 et
1413 4965 1576 5006 aures
1620 4947 1887 5005 habentes
1918 4967 2030 5005 non

446 5042 765 5099 audiebant.
812 5042 1183 5097 lucrassatum
1218 5043 1362 5096 enim
1405 5051 1488 5097 est
1536 5058 1633 5097 cor
1678 5058 1894 5106 eorum,
1945 5059 2031 5099 se-

445 5135 687 5190 cundum
712 5136 930 5199 Isaiam,
971 5144 1025 5189 et
1048 5136 1238 5189 oculos
1262 5136 1614 5200 obturarunt,
1642 5149 1913 5206 auresque
1937 5151 2029 5205 ag-

448 5239 753 5299 gravarunt
774 5227 843 5283 ³⁷.
880 5229 1062 5294 Quare
1088 5228 1175 5281 hic
1198 5228 1598 5297 praenuntiatur
1625 5247 1637 5282 :
1670 5247 1686 5278 ι
1713 5226 2027 5283 Obscuren-

448 5322 540 5371 tur
557 5318 704 5372 oculi
731 5333 923 5372 eorum
952 5334 1020 5372 ne
1049 5316 1291 5371 videant.
1324 5336 1343 5369 ›
1374 5317 1554 5371 Alium
1584 5330 1805 5387 quoque
1832 5332 2022 5372 casum

448 5423 638 5465 eorum
667 5411 815 5463 clare
837 5409 1171 5463 vaticinatur
1196 5409 1284 5464 his
1312 5409 1533 5465 verbis:
1557 5429 1575 5460 ι
1596 5408 1662 5462 Ει
1687 5409 1912 5464 dorsum
1939 5424 2028 5464 eo-

342 5546 350 5555 .
448 5514 576 5552 mm
607 5514 822 5569 semper
852 5502 1077 5553 incurva
1099 5541 1113 5563 ,
1150 5518 1168 5551 ι
1197 5499 1251 5553 id
1278 5507 1362 5553 est
1388 5538 1402 5563 ,
1432 5519 1449 5551 ι
1485 5500 1800 5554 incurvabis
1828 5518 1842 5566 ;
1880 5518 1899 5550 ι
1927 5507 1982 5553 et
2008 5518 2021 5553 :

457 5588 719 5645 «Ell‘tlnde
742 5607 909 5661 super
936 5607 1029 5647 eos
1051 5593 1189 5645 iram
1215 5593 1662 5657 tuam,»scilicet,
1688 5592 2019 5659 redundes”

450 5689 545 5736 et:
584 5678 795 5736 «Furor
826 5683 920 5737 ira:
954 5691 1061 5739 tute
1089 5684 1518 5753 comprehendat
1549 5700 1644 5741 eos
1666 5686 1986 5752 ,mimirum
2006 5728 2020 5754 ,

519 5840 572 5878 ³⁸
607 5841 714 5897 ιω.
758 5854 835 5905 xl,
875 5837 926 5893 θ.
1006 5840 1047 5873 ³⁷
1087 5836 1193 5895 Isa.
1234 5857 1306 5903 vi,
1350 5841 1434 5897 10.

2135 4673 2245 4743 σία.
2288 4670 2473 4735 Οὕτως
2496 4667 2588 4726 οὖν
2614 4672 2648 4743 ὴ
2682 4670 3000 4725 ἀποδοθεῖσα
3025 4670 3202 4724 αὐτῶν
3224 4671 3473 4743 τράπεζα
3498 4672 3721 4742 γέγονεν

2135 4764 2366 4818 ἐνώπιον
2398 4763 2578 4818 αὐτῶν
2610 4765 2691 4826 είς
2723 4762 2947 4831 παγίδα,
2982 4763 3076 4817 καὶ
3106 4765 3185 4826 είς
3210 4764 3596 4829 ἀνταποδόσεις
3625 4766 3719 4819 καὶ

2134 4858 2216 4919 είς
2237 4855 2550 4911 σκάνδαλον.
2570 4853 2677 4909 Καὶ
2693 4853 2863 4907 ταῦτα
2884 4854 3235 4919 πεπόνθασιν,
3258 4855 3556 4928 ἐπειδήπερ
3572 4859 3722 4911 ἐσκο-

2134 4946 2398 5019 τίσθησαν
2423 4947 2475 4999 οί
2502 4945 2770 5015 ὀφθαλμοὶ
2798 4944 2977 4998 αὐτῶν
3005 4945 3101 4999 τοῦ
3141 4945 3214 5018 μὴ
3250 4946 3467 5017 βλέπειν
3492 4986 3507 5011 ,
3542 4946 3630 5001 διά
3662 4948 3723 5002 τὺ

2137 5039 2485 5113 παρῃτῆσθαι
2506 5036 2567 5092 τὺ
2596 5038 2712 5107 φῶς
2739 5038 2800 5091 τὸ
2827 5038 3058 5107 φωτίζον
3088 5038 3266 5093 πάντα
3286 5038 3601 5111 ἄνθρωπον,
3626 5038 3722 5092 καὶ

2135 5133 2260 5184 ἐπεὶ
2282 5130 2591 5201 ὀφθαλμοὺς
2626 5129 2838 5200 ἔχοντες
2869 5129 2969 5183 οὐκ
3010 5129 3254 5193 ἔϐλεπον,
3285 5130 3381 5183 καὶ
3417 5123 3530 5183 ὦτα
3572 5130 3722 5199 ἕχον-

2133 5241 2223 5287 τες
2264 5224 2363 5275 οὐκ
2420 5223 2634 5294 ἤκουον.
2689 5221 2996 5293 Ἐπαχύνθη
3041 5222 3150 5293 γὰρ
3184 5226 3217 5294 ἡ
3265 5223 3462 5295 καρδία
3499 5220 3714 5288 αὐτῶν,

2133 5313 2272 5369 κατά
2297 5314 2388 5368 τὸν
2430 5313 2672 5379 Ἡσαΐαν,
2720 5314 2810 5367 καὶ
2854 5314 2980 5377 τοὺς
3011 5313 3323 5385 ὀφθαλμοὺς
3366 5314 3714 5387 ἐκάμμυσαν,

2135 5411 2229 5463 κα)⁹
2274 5409 2340 5464 τά
2379 5405 2491 5462 ὦτα
2558 5408 2850 5479 ὲ6άρυναν.
2892 5409 2981 5463 Διὸ
3036 5411 3395 5483 προαγορεύει
3435 5412 3656 5481 φάσκων
3686 5412 3716 5465 ό

2133 5502 2317 5571 λόγος·
2363 5502 2846 5573 «Σκοτισθήτωσαν
2891 5505 2940 5556 οἱ
2988 5502 3256 5575 ὀφθαλμοὶ
3295 5506 3474 5559 αὐτῶν
3514 5504 3605 5557 τοῦ
3639 5503 3713 5576 μὴ

2137 5594 2370 5664 βλέπειν.
2400 5594 2557 5649 »Ἥαὶ
2582 5594 2710 5647 ἄλλο
2735 5594 2787 5647 δὲ
2815 5594 3056 5667 ἐναργῶς
3088 5595 3299 5665 συμϐὰν
3320 5599 3503 5661 αὐτοῖς
3531 5594 3718 5650 θεσπί-

2134 5685 2215 5751 ζει
2234 5686 2440 5756 λέγων’
2472 5705 2494 5740 ι
2516 5685 2625 5741 Καὶ
2648 5686 2738 5739 τὸν
2760 5685 2928 5740 νῶτον
2951 5686 3130 5741 αὐτῶν
3155 5687 3444 5753 διαπαντὸς
3470 5688 3719 5759 σύγκαμ-
