4128 6392
458 366 564 424 753

1588 374 2090 435 COMMENTARIA
2131 379 2195 435 IN
2235 376 2595 435 PSALMOS.'

3636 384 3728 431 154

456 488 579 557 ψον,
606 504 625 539 ι
666 486 790 543 ἀντὶ
828 488 923 543 τοῦ
944 531 958 557 ,
1004 508 1023 541 ι
1052 490 1425 562 συγκάμψεις·
1453 513 1472 546 ι
1516 496 1630 560 καὶ,
1659 515 1676 548 ι
1706 499 1935 570 Ἕκχεον
1966 502 2046 554 ὲπ¹

2162 518 2180 547 ι
2212 500 2660 570 comprehendet.
2689 516 2705 546 ι
2736 494 3025 563 Quomodo
3055 502 3235 551 autem
3270 493 3459 549 isthaze
3486 500 3608 563 post
3634 490 3734 549 Ju-

456 579 653 643 αύτοὺς
674 580 771 651 τὴν
787 581 954 654 ὀργήν
988 598 1081 636 σου
1104 624 1119 649 ,
1147 604 1163 635 ι
1200 586 1320 638 ἀντὶ
1345 586 1463 649 τοῦ,
1487 606 1504 638 ι
1529 588 1743 658 ἐκχεεῖς
1761 609 1808 642 ·»
1832 591 1947 657 καί,
1974 612 1991 644 ι
2023 595 2052 645 6

459 670 628 743 θυι..δς
659 673 759 743 τῆς
800 674 970 745 ὀργῆς
1018 693 1111 729 σου
1149 678 1448 732 καταλάϐοι
1479 681 1694 744 αὐτοὺς,
1721 702 1738 734 ι
1779 683 1900 737 ἀντὶ
1933 686 2049 748 τοῦ,

464 782 483 815 ι
505 765 930 837 καταλήψεται.»
970 768 1157 833 Ὅπως
1185 770 1243 824 δὲ
1281 772 1374 824 καὶ
1403 771 1574 827 ταῦτα
1612 776 1749 845 μετὰ
1779 776 1877 847 τὴν
1909 779 2051 831 κατὰ

455 853 551 911 τοῦ
579 857 830 929 Σωτῆρος
857 857 1013 929 ήμῶν
1040 861 1246 931 τόλμαν
1274 862 1353 933 τῷ
1396 863 1665 916 Ἰουδαίων
1691 865 2040 935 συμϐέϐηκεν

457 946 636 1011 ἔθνει,
677 948 743 1005 οὐ,
777 947 1038 1021 δυσχερὲς
1076 951 1432 1021 καταμαθεῖν.
1486 952 1660 1007 Πάλαι
1694 955 1791 1023 μὲν
1824 954 1932 1027 γὰρ
1962 952 2051 1007 διὰ

455 1038 556 1103 τὰς
582 1032 1028 1113 εἰδώλολατρείας
1047 1042 1225 1097 αὐτῶν
1256 1043 1470 1115 ἐχθροῖς
1493 1045 1585 1097 καὶ
1610 1045 1891 1116 πολεμίοις
1914 1045 2050 1117 πρὸς

456 1131 635 1203 ὀλίγον
660 1133 850 1204 καιρὸν
874 1133 1187 1188 ἐδουλοῦντο
1205 1150 1218 1165 ·
1248 1132 1346 1189 εἶτ’
1370 1133 1524 1202 αὖθις
1547 1137 1646 1208 τὴν
1671 1138 1878 1191 οἰκείαν
1899 1139 2051 1192 ἐλευ-

458 1224 646 1296 θερίαν
678 1224 983 1295 ἐλάμϐανον
1003 1242 1017 1257 ·
1049 1226 1336 1298 αὐτόνομοί
1367 1246 1426 1282 τε
1471 1230 1567 1285 κιιί¹
1611 1229 2047 1283 αὐτοϐασίλευτοι

458 1316 745 1382 διετέλουν,
768 1317 829 1370 τὸ
844 1317 985 1389 ἱερὸν
1011 1319 1104 1371 καὶ
1124 1318 1223 1390 τὴν
1243 1320 1301 1373 ὲν
1328 1321 1478 1392 αὐτῷ
1506 1321 1645 1375 κατὰ
1665 1321 1756 1374 τὸν
1770 1322 2050 1386 Μωῦσέως

457 1408 623 1480 νόμον
661 1408 916 1482 λατρείαν
946 1410 1349 1482 διατρέχοντες·
1394 1413 1532 1484 μετὰ
1565 1413 1621 1467 δὲ
1655 1414 1755 1485 τὴν
1781 1414 1921 1467 κατὰ
1952 1413 2047 1467 τοῦ

460 1500 713 1573 Σωτῆρος
740 1502 898 1573 ἡμῶν
922 1502 1242 1574 ἐπιϐουλὴν,
1267 1504 1487 1560 πάντων
1514 1504 1726 1578 ἀθρόως
1753 1504 2050 1576 ἐστερήθη-

460 1610 593 1646 σαν·
638 1594 951 1666 πολιορκίαν
978 1613 1037 1648 τε
1070 1596 1163 1649 καὶ
1197 1596 1438 1653 δουλείαν
1478 1596 1578 1669 τὴν
1606 1597 1710 1655 ὑπὸ
1760 1597 2050 1668 Ῥωμαίοις

461 1685 878 1756 ὑπομείναντες,
920 1687 1195 1757 διέμειναν
1231 1687 1373 1743 οὕτω
1411 1689 1692 1753 ταπεινοὶ,
1729 1690 1822 1742 καὶ
1857 1689 2047 1760 μηκέτ’

460 1776 753 1833 ἀνανεῦσαι
783 1778 1130 1849 δεδυνημένοι
1151 1797 1164 1810 ·
1204 1780 1233 1832 ὃ
1258 1779 1322 1850 δὴ
1356 1781 1665 1852 σημαίνειὴ
1702 1780 1837 1852 μετὰ
1864 1783 2049 1851 χεῖρας

2153 592 2396 647 ἀωοτυηι
2424 599 2618 645 contra
2647 589 2995 645 Servatorem
3025 594 3276 641 nostrum
3310 584 3492 641 audax
3518 584 3733 641 facinus

2152 683 2299 754 genti
2327 683 2697 753 contigerint,
2738 696 2849 735 non
2878 678 3101 734 diliicile
3131 678 3419 734 intellectu
3448 684 3554 733 est.
3587 676 3728 731 Nam

2152 776 2281 828 olim
2313 775 2556 844 quidem,
2588 773 2911 828 idololatriae
2940 786 3054 827 suae
3081 786 3269 828 causa.
3299 770 3648 823 inimicorum
3678 776 3734 823 et

2153 867 2395 921 hostium
2448 863 2703 921 servituti
2749 862 2819 940 ad
2865 862 3031 917 breve
3072 868 3291 930 tempus
3336 848 3731 923 tradebantur;

2151 960 2351 1015 deinde
2396 958 2453 1011 in
2494 956 2785 1027 pristinam
2831 954 3139 1009 libertalem
3180 951 3640 1014 restituebantur,
3668 965 3734 1005 ac

2153 1050 2241 1108 sui
2279 1052 2424 1121 juris
2471 1051 2700 1120 suisque
2742 1048 2969 1118 regibus
3012 1045 3217 1102 subditi
3258 1043 3561 1113 degebant,
3595 1051 3736 1098 tem-

2151 1146 2336 1216 plum,
2366 1144 2687 1212 cultumque
2730 1141 2806 1195 ibi
2835 1157 2900 1196 ex
2948 1138 3149 1210 Moysis
3198 1138 3316 1207 lege
3352 1136 3733 1207 prmscriptum

2152 1232 2621 1304 frequentabant;
2654 1222 2779 1301 post
2808 1228 3037 1285 insidias
3068 1242 3199 1281 vero
3238 1234 3433 1280 contra
3475 1224 3730 1279 Salvato—

2151 1343 2267 1383 rem
2296 1335 2548 1382 nostrum
2580 1331 2826 1379 structas
2846 1362 2863 1386 ,
2897 1320 3156 1375 omnibus
3196 1317 3488 1374 confertim
3534 1315 3732 1387 privati

2153 1427 2284 1473 sunt
2310 1438 2322 1474 :
2351 1428 2517 1487 atque
2542 1414 2833 1470 obsidione
2859 1420 2913 1467 et
2941 1412 3206 1467 servitute
3229 1409 3493 1464 Romanis
3514 1422 3737 1478 Oppres-

2151 1511 2234 1575 si,
2275 1511 2356 1565 sic
2388 1508 2592 1579 abjecti
2612 1546 2627 1571 ,
2662 1521 2730 1561 ne
2757 1503 2977 1575 quidem
3008 1510 3176 1572 caput
3203 1504 3417 1572 erigere
3445 1500 3731 1561 audentes.

2152 1608 2555 1659 remanserunt.
2603 1598 2761 1665 Quod
2806 1598 2906 1651 hac
2949 1594 3235 1667 pr0phetia
3277 1594 3618 1665 signiﬁcatur
3647 1593 3734 1647 his

2150 1694 2372 1749 verbis:
2404 1711 2423 1743 ‹
2455 1690 2522 1746 Ει
2552 1690 2777 1745 dorsum
2808 1703 2999 1744 eorum
3046 1702 3261 1757 semper
3304 1687 3555 1741 incurva.
3588 1704 3606 1735 ι
3636 1684 3735 1738 At-

2151 1785 2314 1840 tende
2339 1798 2469 1839 vero
2500 1782 2568 1837 ad
2600 1780 2733 1835 illud
2756 1819 2771 1844 ,
2798 1798 2818 1831 ι
2844 1794 3081 1849 semper.
3114 1797 3132 1829 ι
3155 1777 3273 1832 Non
3300 1777 3446 1840 enim
3476 1776 3544 1830 ad
3573 1776 3738 1831 breve

459 1870 768 1942 προφητεία
801 1870 859 1924 ὲν
884 1870 962 1942 τῷ
990 1871 1168 1943 λέγειν
1186 1889 1199 1903 ·
1241 1891 1266 1924 ‹.
1286 1874 1395 1927 Kal.
1420 1874 1512 1926 τὸν
1536 1873 1705 1929 νῶτον
1731 1873 1911 1927 αὐτῶν
1939 1874 2046 1928 δια-

2157 1887 2370 1947 tempus
2402 1883 2461 1931 ut
2489 1875 2618 1929 olim
2641 1913 2657 1937 ,
2689 1871 2783 1929 sed
2807 1890 2825 1922 ι
2854 1885 3093 1942 semper,
3121 1890 3141 1921 ι
3164 1870 3260 1925 ait.
3284 1867 3392 1923 Pro
3411 1883 3521 1939 quo
3538 1867 3735 1938 Aquila

459 1961 659 2024 παντὸς
698 1961 1074 2034 σύγκαμψον.»
1130 1964 1375 2035 Πιρὸσχες
1403 1964 1512 2035 γὰρ
1540 1954 1688 2028 ὅπως
1712 1965 1927 2037 εἴρηται
1963 1966 2045 2030 τὸ,

464 2070 482 2103 ι
509 2052 836 2118 διαπαντός·
868 2074 888 2106 ι
928 2056 987 2108 ού
1030 2056 1139 2127 γὰρ
1173 2056 1311 2129 πρὸς
1343 2056 1521 2125 ὀλίγον
1554 2058 1678 2111 τινὰ
1716 2058 1905 2128 χρόνον
1944 2075 2047 2113 κα-

459 2141 569 2207 θὼς
594 2144 780 2198 ἄλλοτε
802 2146 1037 2215 ἐγένετο,
1067 2147 1220 2214 ἀλλὰ,
1254 2168 1272 2200 ‹
1293 2149 1648 2213 διαπαντὸς,ι
1677 2149 1862 2220 φησίν.
1907 2150 2047 2204 Ἀνθ’

457 2226 571 2287 οἶνὸ
604 2232 706 2304 μὲν
742 2234 974 2299 Ἀκύλας
1011 2237 1356 2309 ἡρμήνευσε·
1400 2257 1418 2289 ‹
1444 2239 1554 2291 Καὶ
1582 2238 1707 2301 τοὺς
1728 2235 1929 2303 νὼτους
1952 2240 2055 2292 at».

455 2322 567 2379 τῶν
592 2324 880 2396 ἐνδελεχῶς
908 2327 1179 2381 ἁτόνωσον
1198 2344 1211 2358 ·
1237 2347 1254 2381 ι
1285 2333 1312 2382 6
1335 2329 1389 2381 δὲ
1416 2328 1712 2400 Σύμμαχος
1730 2346 1743 2360 ·
1778 2349 1798 2381 ι
1818 2330 1927 2384 Kal.
1950 2331 2049 2395 τὰς

456 2417 632 2487 ὀσφῦς
665 2419 843 2474 αὐτῶν
881 2421 1174 2486 διαπαντὸς
1208 2422 1570 2495 ἐξάρθρωσον.
1599 2443 1619 2476 ι
1662 2424 1773 2477 Καὶ
1804 2424 1963 2479 τοῦτο
1991 2426 2049 2479 δὲ

460 2511 643 2575 αὐτοῖς
684 2512 884 2584 συνέϐη
912 2530 925 2545 ·
960 2515 1082 2567 ἐπεὶ
1110 2517 1142 2585 ἡ
1175 2511 1312 2587 ὀργὴ
1350 2514 1445 2568 τοῦ
1484 2515 1618 2569 Θεοῦ
1648 2517 1829 2570 οὐκέτι
1866 2517 2049 2589 μέτρῳ

461 2601 606 2657 κατὰ
631 2604 692 2656 τὸ
711 2606 940 2659 παλαιὸν
967 2607 1229 2678 μετῆλθεν
1259 2606 1455 2672 αὐτούς
1476 2625 1489 2637 ·
1520 2610 1553 2678 ἡ
1591 2609 1740 2661 πᾶσα
1759 2609 1815 2661 δὲ
1840 2608 2048 2680 ἀθρόως

462 2695 581 2749 κατ’
604 2696 783 2749 αὐτῶν
807 2696 1057 2770 ἐξεχύθη.
1081 2700 1172 2752 Διὸ
1191 2698 1499 2767 ὲπιλέγεται
1521 2717 1533 2730 ·
1559 2720 1575 2750 ι
1592 2700 1817 2770 Ἔκχεον
1839 2701 1926 2753 ἐπ’
1948 2701 2047 2753 αὑ-

458 2789 584 2850 τοὺς
611 2787 709 2860 τὴν
737 2789 903 2862 ὀργήν
929 2808 1052 2854 σου,
1078 2793 1171 2845 καὶ
1194 2794 1222 2845 6
1247 2791 1417 2862 θυμὸς
1440 2791 1540 2861 τῆς
1562 2792 1733 2865 ὀργῆς
1763 2810 1856 2846 σου
1883 2810 2050 2847 κατα-

456 2878 612 2934 λάϐοι
643 2882 859 2947 αὐτούς.
889 2904 905 2935 ι
944 2883 1116 2937 Τοῦτο
1139 2885 1195 2937 δὲ
1225 2885 1318 2938 καὶ
1352 2886 1408 2937 ἐν
1437 2885 1604 2957 ἑτέρῳ
1633 2885 1886 2955 δηλοῦται
1912 2885 2050 2955 ψαλ-

461 2968 548 3040 μῷ
580 2970 657 3042 τῷ
684 2974 948 3046 φήσαντι·
986 2993 1004 3025 ι
1043 2975 1223 3037 Ἰνατί,
1247 2976 1273 3026 ὁ
1295 2974 1446 3039 Θεὸς,
1472 2975 1678 3029 ἀπώσω
1717 2977 1797 3038 εἰς
1819 2975 1970 3038 τέλος
1994 2993 2041 3038 ;ι

458 3063 569 3117 Καὶ
592 3065 621 3116 6
660 3063 802 3130 θεῖος
822 3066 878 3120 δὲ
895 3067 1219 3132 Ἀπόστολος
1244 3067 1456 3132 τούτοις
1488 3068 1798 3139 συμφώνως
1829 3068 2011 3138 ἔλεγεν
2032 3087 2043 3099 ·

464 3175 484 3207 ‹
510 3156 757 3226 Ἔφθασε
785 3159 843 3211 δὲ
879 3161 967 3212 ἐπ’
998 3161 1195 3225 αὐτοὺς
1228 3162 1260 3232 ή
1301 3161 1437 3239 ὀργὴ
1469 3164 1548 3226 εἰς
1576 3163 1778 3226 τέλος.ι
1820 3162 2044 3234 Πρῶτον

2153 1968 2549 2038 interpretatus
2588 1972 2710 2021 est:
2743 1981 2761 2015 ι
2794 1962 2860 2016 Et
2908 1962 3072 2018 dorsa
3121 1976 3311 2017 eorum
3361 1960 3737 2015 indesinenter

2151 2075 2350 2115 enerva
2379 2077 2393 2125 ;
2429 2078 2448 2109 ι
2482 2056 2848 2128 Symmachus
2904 2070 3070 2117 vero,
3106 2073 3125 2105 ι
3159 2053 3227 2107 Ει
3278 2054 3496 2109 lumbos
3540 2066 3735 2108 eorum

2153 2167 2368 2221 semper
2418 2150 2667 2205 debilita.
2706 2147 2910 2214 »Ωιιοά
2966 2148 3131 2202 etiam
3188 2146 3392 2201 accidit
3444 2145 3589 2212 illis;
3651 2145 3733 2198 ira

2150 2243 2352 2313 quippe
2386 2241 2478 2297 Dei
2512 2256 2621 2294 non
2652 2256 2779 2294 cum
2808 2253 3067 2294 mensura
3100 2237 3337 2307 quadam
3361 2276 3375 2300 ,
3407 2244 3467 2289 ιιι
3495 2234 3736 2305 antiqui-

2154 2344 2262 2397 tus,
2293 2332 2600 2387 invasiteos
2620 2346 2635 2398 ;
2656 2329 2751 2385 sed
2780 2336 2893 2383 tota
2917 2328 3208 2383 confertim
3225 2325 3395 2383 ell‘usa
3408 2334 3512 2382 est.
3538 2325 3737 2392 Quam-

2151 2426 2338 2481 obrem
2384 2424 2643 2480 additur:
2674 2442 2693 2475 ι
2726 2420 2953 2477 Eﬂ‘unde
2999 2435 3165 2490 super
3206 2434 3302 2474 eos
3344 2419 3484 2473 iram
3537 2426 3686 2471 tuam
3712 2456 3729 2478 ,

2149 2526 2203 2574 et
2245 2518 2398 2573 furor
2439 2516 2533 2571 irae
2576 2523 2682 2571 tuaa
2720 2513 3150 2585 comprehendat
3180 2526 3295 2567 eos.
3331 2531 3349 2562 ι
3378 2509 3492 2568 Hoc
3519 2511 3577 2564 in
3625 2510 3733 2563 alio

2151 2612 2279 2667 item
2334 2609 2547 2680 psalmo
2599 2607 2921 2664 enuntiatur
2981 2605 3068 2659 his
3121 2602 3355 2658 verbis:
3412 2620 3430 2653 ι
3489 2600 3733 2671 thuid,

2151 2702 2295 2758 Deus
2316 2742 2331 2766 ,
2366 2701 2613 2771 repulisti
2645 2700 2701 2754 in
2731 2698 2894 2755 ﬁnem
2920 2697 2965 2729 ³⁸
2989 2700 3012 2752 ⁸(
3052 2717 3069 2749 ι
3099 2695 3197 2751 llis
3224 2696 3391 2751 etiam
3420 2692 3601 2748 aliinia
3635 2693 3734 2747 ba-

2150 2796 2242 2850 bet
2266 2794 2487 2848 divinus
2518 2792 2815 2862 Apostolus
2843 2812 2857 2847 :
2887 2809 2905 2842 ι
2934 2790 3188 2845 Pervenit
3224 2788 3279 2842 in
3306 2802 3403 2843 eos
3431 2787 3512 2841 ira
3564 2787 3619 2840 in
3670 2784 3739 2841 ﬂ':

2151 2901 2276 2941 nem
2305 2886 2370 2940 ³⁸³.
2403 2905 2422 2936 ι
2454 2882 2640 2939 Primo
2668 2883 2852 2955 itaque
2882 2896 3071 2938 mensa
3121 2896 3316 2935 eorum
3357 2879 3461 2934 fuit
3501 2879 3638 2948 ipsis
3675 2878 3733 2932 in

2152 2979 2409 3045 laqueum
2439 3016 2453 3040 ,
2487 2975 2687 3031 deinde
2720 2976 2863 3030 oculi
2895 2989 3087 3031 eorum
3119 2973 3403 3029 obscurati
3432 2980 3564 3028 sunt
3590 2988 3605 3037 ;
3638 2986 3736 3040 po-

2152 3078 2269 3124 stea
2301 3069 2528 3125 dorsum
2563 3083 2752 3123 eorum
2787 3083 3005 3138 semper
3032 3068 3380 3121 incurvatum
3412 3071 3532 3126 est,
3563 3062 3735 3118 ell‘usa

2150 3159 2363 3214 scilicet
2390 3159 2446 3212 in
2479 3158 2604 3213 illos
2634 3158 2715 3211 ira
2744 3156 2863 3212 Dei.
2898 3156 3015 3211 Sub
3042 3156 3159 3210 haec
3189 3164 3376 3209 autem
3408 3152 3559 3207 aliud
3594 3151 3733 3222 ipsis

458 3243 602 3319 οὖνὴ
630 3249 877 3321 τράπεζα
905 3251 1083 3306 αὐτῶν
1114 3253 1328 3323 ἐγένετο
1355 3254 1538 3317 αὐτοῖς
1560 3257 1639 3318 εἰς
1667 3254 1863 3322 παγίδα
1883 3270 1898 3287 ·
1927 3250 2045 3313 εἶτα

2150 3262 2476 3308 eventurum
2508 3252 2842 3306 vaticinatur
2869 3251 3058 3304 dicens
3085 3269 3096 3303 :

457 3341 509 3395 οἰ
540 3340 809 3413 ὀφθαλμοὶ
840 3342 1020 3397 αὐτῶν
1048 3344 1418 3408 ὲσκοτίζοντο·
1450 3338 1568 3396 εἶτα
1601 3346 1628 3397 6
1657 3344 1826 3409 νῶτος
1858 3343 2037 3399 αὐτῶν
2073 3343 2366 3405 διαπαντὸς
2386 3342 2721 3413 ἐκάμπτετο,
2756 3340 2854 3410 τῆς
2884 3338 2978 3392 τοῦ
3008 3337 3142 3392 Θεοῦ
3171 3337 3341 3409 ὀργῆς
3391 3338 3477 3390 ἐπ’
3538 3337 3736 3400 αὐτοὺς

458 3432 809 3505 ἔκχτομένης.
844 3434 1000 3489 Μετὰ
1021 3436 1078 3489 δὲ
1096 3434 1270 3490 ταῦτα
1291 3436 1418 3491 ἄλλο
1438 3454 1490 3490 τι
1509 3438 1835 3507 γενήσεσθαι
1862 3438 2046 3501 αὐτοῖς
2084 3433 2449 3508 προαγορεύει
2472 3434 2721 3505 φάσκων

535 3552 862 3625 (Γενηθήτω
898 3556 931 3625 ή
974 3554 1201 3618 ἔπαυλις
1244 3555 1423 3611 αὐτῶν
1461 3559 1837 3630 ήρημωμένη·
1866 3578 1883 3611 ι
1923 3560 2044 3613 ἀντὶ

348 3658 357 3671 “
457 3643 575 3710 τοῦ,
604 3646 1017 3715 γενηθήσεται·
1042 3667 1060 3700 ι
1085 3650 1179 3703 καὶ
1195 3651 1252 3704 ἐν
1269 3652 1382 3714 τοῖς
1396 3650 1746 3721 σκηνώμασιν
1760 3651 1939 3706 αὐτῶν
1968 3654 2043 3725 μὴ

458 3739 599 3793 εστω
630 3741 658 3792 6
696 3739 990 3794 κατοικῶν·
1024 3761 1042 3793 ι
1076 3742 1196 3795 ἀντὶ
1220 3742 1336 3807 τοῦ,
1365 3742 1450 3813 μὴ
1490 3744 1719 3801 ἔσεται.
1756 3747 1905 3798 Ἔδει
1932 3746 2045 3819 γὰρ

464 3833 600 3904 μηδὲ
661 3831 821 3885 τοῦτο
860 3832 1151 3905 παρελθεῖν
1182 3834 1282 3906 τὴν
1316 3836 1660 3907 προφητικὴν
1692 3837 1891 3905 γνῶσιν
1913 3853 1929 3869 ·
1970 3838 2046 3902 ὡς

460 3922 570 3993 ἄρα
602 3922 696 3975 καὶ
724 3923 756 3993 ἡ
792 3920 1019 3985 ἔπαυλις
1045 3923 1226 3977 αὐτῶν
1265 3924 1418 3978 ἔσται
1452 3926 1655 3997 ἕρημος
1678 3945 1689 3956 ·
1720 3927 1754 3997 ἦ
1784 3926 1926 3980 κατὰ
1955 3927 2045 3980 τὸν

462 4014 780 4087 Σύμμαχον,
812 4033 831 4066 ι
854 4015 1108 4088 ἀοίκητος
1128 4034 1143 4047 ·
1194 4036 1212 4069 ι
1238 4016 1269 4088 ἢ
1298 4018 1439 4072 κατὰ
1457 4020 1548 4073 τὸν
1588 4020 1837 4085 Ἀκύλαν,
1867 4039 1885 4072 ι
1905 4022 2048 4090 ἠφα-

458 4106 705 4178 νισμένη.
722 4126 740 4159 ι
766 4107 1029 4161 Ἔπαυλιν
1059 4108 1115 4163 δὲ
1143 4108 1322 4164 αὐτῶν
1342 4110 1439 4182 τὴν
1475 4111 1827 4185 Ἰερουσαλὴμ
1852 4111 2048 4183 ὀνομά-

462 4197 544 4262 ζει
567 4238 582 4262 ,
616 4197 797 4252 οὐκέτι
831 4197 966 4252 Θεοῦ
998 4199 1154 4253 πόλιν
1178 4196 1345 4254 οὖσαν
1365 4241 1379 4265 ,
1428 4201 1544 4255 ἀλλ’
1578 4202 1758 4257 αὐτῶν
1796 4202 2043 4259 ἔπαυλιν.

463 4287 555 4340 Διὸ
582 4288 677 4340 καὶ
705 4286 910 4359 ἔρημον
941 4287 1109 4360 αὐτὴν
1137 4288 1358 4343 ἔσεσθαί
1394 4309 1557 4363 φησιν
1575 4308 1591 4324 ·
1625 4292 1654 4343 ὃ
1684 4293 1748 4364 δὴ
1774 4295 1868 4346 καὶ
1901 4292 2047 4364 ἔργῳ

460 4379 757 4434 δείκνυται.
794 4376 907 4432 Εἶτ’
941 4379 1221 4449 ἐπιλέγει·
1277 4401 1296 4434 ‹
1316 4383 1427 4437 Kal.
1458 4385 1517 4437 ὲν
1548 4387 1661 4450 τοῖς
1694 4385 2047 4458 σκηνώμασιν

461 4474 641 4528 αὐτῶν
689 4472 763 4545 μὴ
789 4472 929 4526 ἔστω
958 4475 986 4526 6
1018 4472 1290 4527 κατοικῶν
1314 4514 1330 4539 ,
1358 4494 1375 4525 ι
1414 4474 1474 4540 ἐξ
1503 4476 1680 4530 αὐτῶν
1709 4477 1908 4548 δηλαδὴ
1940 4478 2047 4532 τῶν

464 4564 631 4617 πάλαι
650 4563 950 4634 οἰκητόρων
970 4579 983 4594 ·
1006 4563 1034 4616 ὃ
1054 4564 1147 4617 καὶ
1174 4565 1305 4619 αὐτὸ
1331 4566 1630 4638 ὀφθαλμοῖς
1653 4570 1686 4641 ή
1710 4568 1935 4640 ἀλήθεια
1951 4570 2046 4624 τοῦ

462 4656 620 4726 λόγου
637 4657 982 4728 παρίστησιν.
1001 4657 1064 4709 Εἰ
1081 4656 1211 4726 γοῦν
1230 4675 1316 4722 τις
1330 4657 1576 4727 ἀφίκοιτο
1592 4661 1670 4724 εἰς
1688 4661 1813 4724 τοὺς
1828 4661 2044 4728 τόπους,

464 4746 562 4801 ἴδοι
589 4747 653 4801 ἂν
679 4746 777 4819 τὴν
810 4748 1045 4819 ἐσχάτην
1074 4750 1172 4819 ὲρη
1183 4748 1311 4819 μίαν
1340 4749 1435 4804 τοῦ
1458 4750 1622 4805 τόπου
1641 4768 1655 4781 ·
1699 4753 1966 4809 Ἰουδαίων
1990 4754 2047 4808 δὲ

2213 3552 2383 3609 Vens.
2410 3552 2600 3609 26-29.
2640 3571 2658 3604 ι
2694 3550 2813 3605 Fiat
2843 3549 3109 3605 habitatio
3135 3561 3326 3603 eorum
3354 3544 3603 3609 deserta;
3637 3564 3654 3595 ι
3678 3544 3732 3599 id

2145 3655 2262 3710 est,
2286 3647 2375 3716 ﬁet
2405 3661 2424 3699 :
2458 3664 2477 3695 ι
2507 3656 2557 3700 ει
2587 3645 2641 3698 in
2668 3644 3040 3699 tabernaculis
3067 3656 3256 3697 eorum
3284 3654 3394 3693 non
3424 3638 3494 3693 sit
3525 3638 3617 3707 qui
3648 3637 3733 3690 in-

2146 3738 2386 3803 habitet,
2434 3756 2453 3789 ι
2486 3737 2727 3801 scilicet,
2764 3753 2867 3791 non
2915 3736 3035 3791 erit.
3074 3735 3144 3788 At
3178 3732 3324 3787 enim
3355 3730 3729 3801 propheticam

2146 3832 2395 3885 notitiam
2437 3828 2495 3883 id
2535 3829 2817 3900 praeterire
2859 3845 2969 3883 non
3009 3826 3289 3897 oportuit,
3336 3822 3483 3893 quod
3533 3836 3732 3892 nempe

2148 3923 2414 3977 habitatio
2440 3938 2628 3978 eorum
2658 3922 2878 3977 deserta
2907 3921 3086 3975 futura
3113 3921 3217 3986 sit;
3248 3917 3363 3971 sive
3383 3953 3398 3981 ,
3428 3914 3729 3970 secundum

2150 4014 2540 4088 Symmachum
2559 4054 2573 4079 ,
2598 4013 3009 4068 «inhabitabilis
3031 4031 3077 4078 ;ι
3091 4012 3174 4066 vel
3190 4002 3532 4075 {secundum
3555 4006 3711 4076 Aqui-

2146 4111 2256 4164 lam
2275 4150 2291 4177 ,
2315 4127 2333 4160 ι
2357 4109 2558 4163 deleta.
2584 4126 2603 4160 ι
2628 4106 3036 4162 Habitationem
3073 4118 3267 4160 eorum
3309 4108 3468 4157 vocat
3507 4098 3729 4155 Jeroso—

2148 4203 2349 4273 lymam
2370 4242 2385 4267 ,
2415 4215 2537 4271 quae
2566 4215 2679 4255 non
2712 4199 2858 4253 ultra
2888 4197 3088 4252 civitas
3122 4197 3217 4251 Dei
3247 4203 3363 4258 est,
3399 4194 3494 4250 sed
3538 4206 3729 4248 eorum

2149 4294 2437 4348 habitatio.
2484 4292 2667 4359 Quare
2712 4292 2989 4346 desertam
3036 4289 3154 4345 fore
3202 4288 3379 4353 dicit;
3421 4287 3565 4358 quod
3610 4285 3730 4357 ipso

2150 4401 2314 4457 opere
2346 4384 2763 4455 comprobatur.
2799 4381 2999 4437 Subdit
3028 4388 3260 4451 postea:
3295 4400 3313 4432 ι
3343 4377 3410 4432 Ει
3447 4380 3501 4433 in
3545 4380 3731 4433 taber-

2148 4478 2366 4533 naculis
2411 4492 2602 4532 eorum
2649 4492 2761 4530 non
2808 4474 2881 4530 sit
2911 4476 3017 4545 qui
3050 4475 3353 4538 inhabitet,
3388 4492 3406 4525 ι
3432 4487 3497 4527 ex
3530 4471 3730 4542 priscis

2151 4570 2366 4625 scilicet
2400 4568 2598 4624 incolis
2624 4586 2640 4635 ;
2677 4568 2825 4637 quod
2855 4568 3047 4637 ipsum.
3067 4567 3230 4623 etiam
3260 4563 3436 4620 oculis
3467 4563 3544 4617 rei
3591 4562 3732 4616 veri«

2150 4673 2234 4718 tas
2260 4662 2439 4718 olTert.
2473 4660 2530 4717 Si
2562 4663 2688 4731 quis
2730 4661 2878 4717 enim
2920 4661 3049 4714 loca
3079 4658 3274 4722 adeat,
3310 4666 3609 4713 extremam
3652 4653 3727 4708 ibi

2151 4755 2500 4812 solitudinem
2528 4752 2832 4823 conspiciet
2858 4768 2872 4816 ;
2898 4749 3212 4805 Judzeorum
3238 4748 3394 4805 nullo
3413 4745 3648 4801 audente
3672 4745 3728 4798 in

462 4836 653 4890 οὐδένα
689 4837 971 4908 τολμῶντα
1006 4839 1306 4893 ἐπιϐαίνειν
1330 4843 1395 4913 τῇ
1432 4842 1607 4909 πόλει,
1638 4844 1848 4915 μήτιγε
1880 4847 2046 4899 οἰκεῖν

2156 4848 2346 4904 urbem
2375 4848 2641 4903 accedere
2661 4885 2675 4908 ,
2702 4844 2904 4899 nedum
2930 4843 3095 4897 isthic
3120 4841 3366 4898 habitare
3390 4857 3404 4902 ;
3431 4841 3540 4893 imo
3561 4839 3727 4893 etiam

462 4926 677 4982 αὐτόθι·
717 4927 831 4981 ἀλλ’
860 4928 978 4981 οὐδὲ
1009 4929 1222 5001 οἴκησις
1260 4932 1522 5005 Ἰουδαῖκὴ
1552 4933 1955 5007 περιλελειπται
1984 4938 2041 4989 ὲν

460 5019 541 5091 τῷ
566 5020 718 5092 τόπῳ
742 5062 759 5086 ,
808 5019 884 5083 ὥς
911 5038 1033 5075 τινα
1058 5021 1167 5075 τῶν
1204 5023 1473 5095 Ἑλλήνων
1503 5028 1671 5080 οἰκεῖν
1699 5029 1756 5081 ὲν
1784 5030 1921 5099 αὐτῇ
1948 5028 2042 5082 δύ-

460 5113 675 5166 νασθαι.
709 5112 803 5165 Διὸ
829 5112 1109 5166 λέλεκται·
1149 5133 1167 5164 ‹
1194 5117 1302 5169 Kal.
1329 5119 1387 5169 ἐν
1415 5121 1526 5181 τοῖς
1560 5119 1911 5190 σκηνώμασιν
1944 5122 2043 5173 αὑ-

456 5203 565 5256 τῶν
597 5203 673 5275 μὴ
691 5202 830 5257 ἔστω
851 5207 878 5259 6
900 5205 1188 5259 κατοικῶν·
1214 5227 1233 5258 ι
1256 5208 1287 5279 ἦ
1316 5208 1456 5263 κατὰ
1478 5209 1569 5265 τὸν
1592 5210 1662 5263 Σύ
1671 5228 1934 5282 μμαχον·‹
1959 5214 2047 5266 Ἐν

458 5298 578 5359 ταῖς
603 5299 829 5367 σκηναῖς
844 5297 1022 5351 αὐτῶν
1046 5296 1120 5369 μὴ
1139 5297 1279 5352 ἔστω
1300 5302 1328 5353 ὁ
1350 5300 1635 5357 κατοικῶν.
1661 5321 1679 5353 ι
1712 5303 1913 5374 Ἀρδην
1933 5303 2043 5375 γὰρ

459 5389 526 5439 ὲκ
569 5387 787 5460 βάθρων
830 5391 1001 5442 πᾶσαι
1045 5387 1224 5442 αὐτῶν
1264 5393 1320 5444 αἱ
1353 5393 1551 5464 σκηναὶ
1584 5393 1677 5447 καὶ
1714 5396 1769 5446 αἰ
1800 5395 2044 5465 οἰκήσεις

461 5482 902 5553 κατεσκάφησαν.
963 5484 1104 5554 Ὅρα
1134 5484 1315 5539 τοίνυν
1339 5485 1552 5539 ὁπόσων
1581 5487 1987 5559 ἐμνημόνευσεν
2014 5488 2044 5539 6

461 5573 638 5643 λόγος,
666 5576 903 5646 ὲρημίας
924 5574 1016 5629 τοῦ
1044 5577 1201 5645 ἁγίου
1223 5577 1391 5631 τόπου
1412 5616 1427 5641 ,
1452 5578 1759 5649 ἀφανισμοῦ
1782 5578 1890 5632 τῶν
1911 5596 2045 5650 σκη-

462 5666 728 5739 νωμάτων
755 5667 956 5735 αὐτῶν,
988 5668 1079 5723 τοῦ
1108 5669 1299 5734 ἔθνους
1323 5669 1618 5734 παντελοῦς
1639 5668 2039 5737 ταπινώσεως,

531 5823 575 5855 ³⁸
616 5820 761 5880 Psal.
805 5840 1000 5892 tum,
1047 5824 1095 5884 i.
1172 5826 1216 5859 ”
1258 5824 1277 5879 ι
1317 5823 1511 5883 Thess.
1558 5841 1619 5893 ιι,
1664 5823 1748 5881 l6.

2151 4942 2360 4995 nullum
2395 4937 2810 4993 ibi.Jud:eorum
2840 4937 3211 4992 habitaculum
3242 4935 3491 4989 relictum
3520 4940 3604 4987 est
3636 4932 3727 4986 ubi

2151 5031 2466 5086 Graecorum
2514 5030 2790 5099 quispiam
2840 5028 3093 5083 habitare
3139 5026 3335 5097 possit.
3382 5024 3731 5096 Quapropter

2152 5123 2356 5178 dictum
2388 5130 2472 5176 est
2498 5142 2509 5176 :
2534 5141 2552 5172 ι
2583 5121 2647 5174 Et
2677 5122 2733 5175 in
2765 5119 3138 5174 tabernaculis
3168 5133 3357 5172 eorum
3390 5131 3500 5170 non
3532 5114 3606 5170 sit
3631 5116 3727 5184 qui

2154 5215 2455 5279 inhabitet;
2484 5232 2501 5265 ι
2526 5213 2633 5279 vel,
2654 5211 2955 5268 secundum
2989 5209 3398 5281 Symmachum,
3420 5226 3438 5258 ι
3459 5207 3516 5262 in
3546 5207 3730 5261 taber-

2148 5303 2361 5359 naculis
2385 5317 2573 5357 eorum
2602 5316 2709 5355 non
2730 5301 2801 5357 sit
2825 5300 2920 5370 qui
2943 5298 3226 5353 inhabitet.
3243 5295 3557 5351 iRadicitus
3576 5295 3723 5350 enim

2148 5405 2203 5452 et
2230 5412 2260 5449 a
2290 5394 2660 5449 fundamentis
2673 5393 2855 5448 omnia
2880 5392 3236 5447 tabernacula
3265 5400 3318 5445 et
3333 5388 3613 5445 domicilia
3638 5404 3729 5444 eo-

2147 5504 2270 5543 rum
2295 5488 2479 5544 excisa
2504 5495 2653 5543 sunt.
2682 5485 3069 5540 Animadverte
3094 5484 3260 5555 igitur
3286 5489 3419 5554 quot
3442 5488 3497 5536 et
3519 5492 3726 5551 quanta

2148 5578 2240 5633 hic
2268 5584 2662 5641 memorentur,
2694 5577 2871 5632 sancti
2916 5575 3021 5631 loci
3061 5572 3338 5637 solitudo,
3380 5572 3595 5628 evulsio
3643 5579 3722 5625 ta-

2149 5670 2573 5728 bernaculorum
2616 5670 2892 5741 ipsorum,
2938 5677 3178 5725 extrema
3224 5668 3401 5739 gentis
3448 5665 3685 5737 abjectio
3717 5705 3734 5733 ,
