4128 6392
449 384 551 441 757

1585 394 2097 454 COMMENTAMA
2134 398 2203 454 IN
2241 397 2579 457 PSALMOS.

3606 409 3708 467 758

440 500 500 557 δὲ
527 503 874 576 προσέθηκαν
899 506 1022 577 ἐμοὶ
1046 508 1115 561 τὰ
1135 509 1341 563 ἑαυτῶν
1360 514 1523 567 κακά.
1559 532 1576 563 ι
1594 515 1841 569 Ἐδωκαν
1863 536 1881 569 ι
1904 518 2014 586 γοῦε

2134 520 2267 574 mihi
2296 522 2672 579 addiderunh
2697 522 2970 581 Dederunt
2999 544 3016 578 ι
3040 524 3229 597 igiturc
3258 526 3312 582 in
3329 538 3510 582 escam
3530 544 3707 584 meam

399 580 409 656 Ι
445 596 558 659 «εἰς
580 595 640 648 τὸ
673 596 869 673 βρῶμά
899 615 999 668 μου
1028 600 1334 671 χολὴν,καί
1360 604 1439 667 εἰς
1465 606 1562 675 τὴν
1593 606 1751 676 δίψαν
1764 580 2035 679 ’μουρέττό-

437 688 598 740 τισὰν
625 706 695 759 με
715 688 835 753 ὅξος
855 709 868 721 ·
900 710 918 741 ι
965 693 1025 745 οὐ
1055 693 1214 763 μόνον
1246 694 1367 748 καθ’
1394 696 1452 749 ὃν
1482 697 1721 769 ἔπασχον
1744 702 1835 753 ὑπ’
1858 702 2035 755 αὐτῶν

402 804 405 817 r
438 780 630 851 καιρὸν
650 822 664 845 ,
700 782 845 836 ἀλλά.
867 785 961 837 καὶ
987 787 1044 837 ἐν
1068 789 1181 849 τοῖς
1200 787 1338 856 μετά
1353 789 1523 842 ταῦτα
1538 792 1751 863 χρόνοις
1772 798 1890 859 ταῖς
1913 798 2034 848 κατ’

443 872 575 943 ἐμοῦ
609 874 984 947 βλασφημίαις
1014 880 1443 949 παραμένοντες.
1471 883 1561 936 Διὸ
1585 885 1726 938 κατά
1754 886 1843 939 τὸν
1876 886 2034 940 Ἀκύ-

435 961 555 1031 ὶαν,
582 968 703 1021 ἀντὶ
732 968 848 1032 τοῦ,
872 987 890 1019 ι
919 970 1283 1041 προσέθηκαν,
1307 990 1325 1021 ι
1359 972 1770 1042 διηγήσονται,
1795 978 2027 1048 εἴρηταιο

437 1058 578 1111 κατά
599 1059 655 1111 δέ
673 1059 765 1111 τὸν
784 1059 1101 1130 Σύμμαχον,
1133 1079 1152 1112 ι
1177 1060 1487 1131 ἐξηγοῦντο.
1511 1083 1530 1115 ι
1557 1065 1632 1117 Οὐ
1658 1065 1767 1135 γὰρ
1791 1067 1901 1137 ἀπή
1913 1084 2030 1136 ρκει

435 1150 499 1203 τὸ
528 1151 674 1218 ἅπαξ
714 1152 846 1204 ποτέ
884 1154 1254 1224 τραυματίσαι
1283 1154 1479 1220 αὐτὸν,
1524 1157 1621 1209 καὶ
1657 1157 1880 1212 τοιαῦτα
1912 1160 2029 1211 κατ’

437 1243 603 1297 αὐτοῦ
622 1244 889 1316 τολμῆσαι
905 1264 918 1276 ·
939 1246 1053 1299 ἀλλ’
1070 1245 1262 1320 ῶσπερ
1279 1247 1372 1301 ἐπὶ
1392 1248 1811 1321 κατορθώμασιν
1829 1252 2029 1319 ἐγκαυ-

437 1335 674 1408 χώμενοι
705 1342 817 1402 τοῖς
848 1339 1056 1393 ἑαυτῶν
1084 1339 1328 1405 τέκνοις,
1361 1339 1430 1393 τὰ
1472 1344 1592 1395 κατ’
1627 1342 1789 1396 αὐτοῦ
1821 1342 2026 1414 τολμη-

436 1429 599 1485 θέντα
649 1431 833 1494 αὐτοῖς
870 1430 1174 1502 διηγοῦντο.
1220 1430 1377 1486 Ἐπεὶ
1406 1432 1587 1486 τοίνυν
1630 1435 1784 1488 αὐτοί
1822 1433 2026 1503 ταύτην

436 1524 647 1578 εῦιαντο
676 1524 775 1594 τὴν
810 1524 1003 1596 μερίδα
1023 1563 1037 1586 ,
1086 1523 1376 1589 διώξαντες
1412 1525 1511 1596 μὲν
1537 1526 1595 1580 ὃν
1627 1528 1690 1579 σὺ
1722 1526 2020 1591 ἐπάταξας,

436 1617 663 1687 ἀνομίας
688 1617 745 1670 δέ
775 1617 868 1669 καὶ
888 1617 1142 1681 ἀσεϐείας
1173 1620 1257 1687 ἐφ’
1283 1619 1510 1682 ἑαυτοὺς
1536 1618 1631 1672 καὶ
1655 1619 1747 1672 ἐπὶ
1769 1618 1834 1671 τὰ
1856 1619 2023 1672 τέκνα

433 1707 610 1760 αὐτῶν
666 1707 1041 1778 σωρεύσαντες
1068 1725 1082 1739 ο
1138 1709 1362 1772 εἰκότως
1412 1709 1726 1777 ἐπιλέγεται
1774 1709 2019 1774 τούτοις·

440 1818 459 1850 ι
486 1797 727 1870 Πρόσθες
747 1800 975 1870 ἀνομίαν
998 1800 1089 1852 ἐπὶ
1108 1800 1209 1871 τὴν
1240 1800 1470 1872 ἀνομίαν
1488 1800 1666 1854 αὐτῶν
1682 1819 1694 1830 ·
1710 1821 1728 1853 ι
1756 1802 1875 1855 ἀντὶ
1900 1800 2017 1866 τοῦ,

440 1908 460 1941 ι
488 1890 841 1962 προσθήσεις·
870 1910 887 1942 ι
928 1890 1079 1944 ἔσται
1112 1892 1221 1962 γὰρ
1254 1892 1437 1956 αὐτοῖς
1485 1892 1670 1946 κακῶν
1712 1893 2017 1965 προσθήκη.
2054 1878 2096 1930 Β

432 1982 515 2035 Τἀ
545 1984 640 2054 μέν
674 1983 782 2054 γὰρ
808 1985 873 2035 ἐκ
897 1982 991 2036 τοῦ
1026 1985 1111 2052 ἐφ’
1144 1986 1275 2055 ἡμῖν
1310 1982 1615 2055 ἀνθρώποις
1639 1984 1883 2054 γίγνεται
1908 2024 1923 2051 ,
1952 1986 2023 2039 τά

429 2072 489 2126 δέ
522 2076 586 2127 ἐκ
620 2073 727 2127 τῶν
759 2073 1268 2128 ἐπακολουθούντων
1298 2073 1496 2138 ἔξωθεν
1528 2074 1605 2146 τῷ
1632 2076 1718 2144 ἐφ’
1749 2077 1900 2147 ἡμῖν.
1931 2076 2022 2129 Διὸ

431 2164 679 2218 λέλεκταί
713 2183 813 2218 που
846 2167 980 2238 πρὸς
1003 2166 1094 2219 τὸν
1118 2166 1251 2220 Θεόν
1270 2184 1282 2196 ·
1324 2186 1340 2217 ι
1368 2167 1522 2221 Μετά
1544 2167 1693 2220 ὁσίου
1718 2167 2016 2239 όσιωθήσῃ,

431 2258 527 2310 καὶ
572 2258 710 2327 μετά
755 2257 1014 2329 στρεϐλοῦ
1062 2257 1440 2330 διαστρέψεις’
1465 2278 1481 2309 ι
1519 2258 1631 2311 Καὶ
1671 2259 1729 2310 ἐν
1762 2256 1840 2328 τῷ
1872 2258 2020 2328 νόμῳ

429 2348 486 2401 δὲ
514 2350 729 2420 εἴρηται
762 2350 826 2403 ἐκ
859 2348 1152 2420 προσώπου
1192 2347 1380 2403 αὑτοῦ.
1422 2368 1440 2400 ι
1462 2349 1571 2402 Καὶ
1596 2348 1689 2402 ἐὰν
1712 2347 2017 2420 πορευθῆτε

430 2438 569 2508 πρὸς
600 2439 666 2509 μὲ
696 2439 949 2507 πλάγιοι,
981 2438 1318 2511 πορεύσομαι
1352 2436 1507 2507 κάγὼ
1531 2436 1667 2510 πρὸς
1692 2437 1835 2507 ὑμᾶς
1862 2434 2019 2507 θυμῷ

431 2527 666 2599 πλαγίῳ.
694 2548 714 2581 ι
763 2528 916 2582 Ἐπεὶ
962 2528 1140 2582 τοίνυν
1171 2529 1325 2581 αὐτοὶ
1356 2528 1544 2600 ὥσπερ
1578 2526 1772 2598 μακρῷ
1800 2526 2018 2597 σχοινίῳ

427 2619 529 2683 τὰς
560 2620 788 2691 ἀνομίας
819 2621 1028 2675 ἑαυτῶν
1061 2621 1442 2676 ἐπεσπάσαντο
1462 2662 1476 2684 ,
1506 2620 1730 2683 εἰκότως
1769 2620 1862 2673 καὶ
1892 2619 1956 2671 σὺ
1988 2620 2017 2672 ὁ

426 2711 635 2776 δίκαιος
670 2712 860 2784 κριτὴς
900 2711 1231 2783 προσθήσεις
1262 2712 1488 2782 ἀνομίαν
1520 2711 1612 2763 ἐπὶ
1650 2709 1747 2780 τὴν
1786 2708 2015 2779 ἀνομίαν

427 2802 640 2857 αὐτῶν·
679 2803 941 2875 δευτέραν
972 2803 1154 2865 αὐτοῖς
1179 2802 1317 2874 πρὸς
1348 2805 1415 2875 τῇ
1458 2801 1700 2873 προτέρᾳ
1730 2790 2014 2869 λογιζόμε-

428 2913 537 2960 νος.
587 2895 747 2949 Ἀλλὰ
789 2897 884 2950 καὶ
920 2913 937 2946 ι
973 2894 1064 2965 Μὴ
1113 2894 1538 2958 εἰσελθέτωσαν,
1584 2892 1781 2963 φησὶν,
1836 2893 1892 2944 ἐν
1938 2891 2018 2944 δι-

427 2986 690 3059 καιοσύνῃ
721 3004 834 3040 σου.
864 3005 881 3038 ι
945 2987 1007 3039 Ἡ
1045 2986 1141 3056 μὲν
1179 2986 1288 3056 γὰρ
1333 2984 1399 3056 σὴ
1433 2982 1749 3054 δικαιοσύνη
1775 2982 2015 3046 δικαίους

425 3078 778 3141 εἰσκαλεῖται,
805 3079 899 3153 καὶ
929 3079 1135 3141 πάντας
1158 3079 1237 3141 εἰς
1261 3076 1329 3130 τὰ
1361 3075 1627 3136 ἐνδοτάτω
1654 3076 1753 3146 τῆς
1788 3074 1887 3145 σῆς
1916 3074 2013 3146 βα-

426 3171 632 3234 σιλείας
662 3170 805 3224 κατὰ
834 3154 932 3233 τάς
964 3169 1299 3239 ἐπαγγελίας
1327 3169 1683 3239 ὑποδέχεται·
1735 3170 1783 3221 οἱ
1814 3168 1871 3221 δέ
1904 3185 2015 3221 τοι-

423 3264 565 3317 αῦτα
588 3263 961 3334 τολμήσαντες
984 3262 1084 3315 οὐκ
1116 3261 1512 3315 εἰσελεύσονται
1549 3259 1686 3331 μετά
1714 3260 1822 3314 τῶν
1845 3263 1909 3331 τῇ
1944 3263 2010 3332 σῇ

423 3355 738 3426 δικαιοσύνῃ
772 3354 1265 3425 συνελευσομένωνο
1307 3352 1422 3407 ἀλλ’
1454 3353 1575 3406 οὐδὲ
1630 3353 2012 3423 ἐγγραφήσον-

423 3465 514 3501 ται
548 3450 606 3502 ἐν
641 3447 808 3518 βίϐλῳ
840 3444 1090 3511 ζώντων·
1131 3445 1439 3499 τούναντίον
1480 3444 1537 3498 δέ
1576 3444 1852 3497 πείσονται
1902 3446 2012 3506 τοῖς

422 3538 873 3610 ἐγγραφομένοις.
908 3537 972 3590 Εἰ
1004 3535 1221 3607 γὰρκαὶ
1256 3535 1463 3608 πρῶτοι
1494 3535 1595 3605 τῆς
1628 3534 1769 3605 ἐμῆς
1790 3535 2013 3605 χάριτος

421 3629 742 3697 ἀξιωθέντες
782 3628 1162 3699 ἐνεγράφησαν
1195 3645 1327 3680 ποτε
1353 3629 1409 3680 ἐν
1438 3629 1504 3697 τῇ
1540 3625 1708 3697 βίϐλῳ
1741 3625 1849 3679 τῶν
1876 3624 2012 3689 ζών-

420 3738 529 3776 των
561 3721 650 3775 διὰ
682 3721 808 3784 τοὺς
849 3720 998 3790 παρὰ
1029 3718 1107 3790 τῷ
1138 3719 1258 3791 Θεῷ
1301 3718 1507 3784 ζῶντας
1541 3717 1785 3788 πατέρας
1808 3716 2007 3781 αὐτῶν,

419 3812 495 3876 ὡς
518 3813 613 3866 καὶ
635 3813 819 3875 αὐτοῖς
843 3811 1086 3866 δεδόσθαι
1108 3811 1208 3875 τὰς
1230 3811 1562 3880 ἐπαγγελίας
1582 3828 1595 3841 ·
1622 3811 1737 3864 ἀλλ’
1760 3811 1882 3864 ἐπεὶ
1908 3828 2011 3863 τοι-

418 3903 559 3958 αῦτα
606 3903 1006 3975 τετολμήκασιν
1032 3945 1047 3969 ,
1106 3922 1126 3955 ‹
1166 3902 1669 3974 Ἐξαλειφθήτωσαν
1712 3905 1777 3957 ἐκ
1824 3901 2006 3972 βίϐλου

420 3996 652 4061 ζώντων.
683 4016 702 4049 ι
756 3996 1046 4066 Διασαφῶν
1078 3997 1136 4050 δὲ
1160 3998 1261 4067 τὴν
1298 3996 1505 4051 ἔννοιαν
1546 3995 1646 4065 τῆς
1682 3995 1863 4065 βίϐλου
1897 3993 2006 4046 τῶν

419 4087 660 4153 ζώντων,
692 4090 932 4158 ἐπιλέγει
971 4089 1097 4160 ἐξῆς
1116 4106 1130 4119 ⁸
1175 4108 1193 4141 ι
1214 4090 1322 4141 Καὶ
1353 4087 1492 4159 μετὰ
1517 4087 1737 4141 δικαίων
1767 4086 1844 4158 μὴ
1865 4102 2006 4158 γρα-

419 4181 699 4250 φήτωσαν·
715 4201 734 4233 ³
756 4181 1014 4252 Ἐκλογῆς
1036 4181 1143 4253 γὰρ
1164 4181 1490 4252 γιγνομένης
1509 4180 1617 4234 τῶν
1640 4178 1779 4232 κατὰ
1799 4179 1890 4232 τὸν
1910 4179 2004 4230 ἁν-

418 4272 689 4343 θρώπινον
723 4273 837 4344 βίον
857 4313 871 4336 ,
912 4275 962 4327 οἱ
996 4275 1094 4345 μὲν
1119 4274 1263 4345 ζωῆς
1292 4273 1432 4340 ἄξιοι
1463 4272 1562 4343 τῆς
1593 4270 1745 4342 παρά
1776 4271 1853 4342 τῷ
1887 4269 2005 4340 Θεῷ

415 4365 509 4420 διά
552 4366 650 4437 τὴν
683 4365 889 4418 οἰκείαν
912 4364 1258 4435 δικαιοσύνην
1291 4365 1633 4435 ἀνάγραπτοι
1681 4363 2003 4433 γενήσονται

416 4458 547 4530 παρ’
577 4456 725 4528 αὐτῷ
745 4474 758 4488 ·
784 4458 833 4509 οἰ
859 4456 916 4509 δὲ
944 4456 1240 4527 ἀπόϐλητοι
1262 4457 1359 4526 τῆς
1389 4455 1573 4526 βίϐλου
1606 4456 1819 4509 ἐσονται
1841 4456 1888 4507 οἱ
1914 4454 2002 4507 τὸν

2139 612 2242 677 fel,
2274 624 2328 668 et
2362 615 2414 668 in
2449 616 2537 670 siti
2572 631 2688 670 mea
2726 626 3052 687 putaverunt
3087 634 3174 675 me
3203 626 3360 675 aceto
3384 636 3588 686 “non
3619 634 3712 680 80-

2138 706 2248 760 lum
2299 717 2542 778 tempore
2590 710 2860 779 passionis
2896 726 3063 774 meaa,
3110 710 3207 766 sed
3253 713 3306 764 in
3351 713 3711 782 sequentibus

2136 799 2454 869 blaspliema
2482 809 2674 855 contra
2702 816 2788 855 me
2820 801 2968 855 dicta
2998 801 3244 871 proferre
3271 815 3707 872 perseverantes.

2135 888 2340 955 Quare,
2367 890 2667 945 secundum
2700 891 2953 959 Aquilam
2974 929 2990 955 ,
3019 906 3119 961 pro
3142 891 3257 957 illo,
3282 911 3300 942 ι
3326 892 3706 958 addiderunt,»

2134 981 2357 1045 dicitur,
2413 1000 2431 1032 ι
2465 984 2843 1045 enarrabunt;
2887 1003 2906 1035 ι
2960 983 3264 1037 secundum
3324 982 3707 1054 Symmachum

2135 1087 2264 1128 vero
2294 1092 2312 1124 ι
2342 1075 2694 1129 enarrabunt.
2731 1094 2750 1126 ι
2780 1074 2900 1128 Non
2950 1077 3094 1128 enim
3137 1084 3223 1129 sat
3262 1075 3372 1131 illis
3418 1076 3522 1131 fuit
3561 1079 3708 1148 quod

2133 1166 2302 1220 semel
2363 1165 2541 1234 ipsum
2592 1167 3012 1229 vulnerassent,
3060 1173 3118 1221 et
3166 1168 3297 1220 talia
3342 1178 3535 1226 contra
3582 1184 3706 1233 eum

2130 1258 2248 1311 ausi
2296 1256 2565 1322 fuissent;
2611 1259 2703 1314 sed
2754 1258 2911 1327 quasi
2961 1274 3019 1313 re
3068 1259 3209 1314 bene
3254 1266 3411 1330 gesta
3446 1260 3703 1329 gloriosi,

2129 1366 2297 1407 ausus
2348 1367 2479 1406 suos
2527 1352 2651 1406 liliis
2694 1352 3046 1406 enarrabant.
3103 1352 3374 1418 Quoniam
3420 1352 3586 1422 igitur
3627 1352 3703 1408 illi

2129 1444 2290 1497 talem
2321 1446 2632 1513 portionem
2663 1450 3001 1514 coeptarunt
3025 1485 3040 1511 ,
3075 1460 3235 1513 quem
3282 1454 3338 1498 tu
3382 1444 3703 1514 percussisti

2127 1546 2547 1609 persequentes,
2582 1538 2903 1609 iniquitates
2932 1545 3112 1593 autem
3136 1546 3191 1592 et
3220 1539 3528 1608 impietates
3562 1538 3618 1592 in
3645 1551 3707 1593 se

2124 1636 2180 1683 et
2212 1630 2268 1683 in
2296 1630 2436 1685 ﬁlios
2464 1644 2596 1684 suos
2620 1635 3011 1684 coacervantes
3037 1644 3052 1692 ;
3090 1627 3215 1697 jure
3242 1628 3531 1696 adjicitur:
3556 1644 3575 1677 ι
3596 1626 3705 1699 Ap-

2124 1734 2268 1789 pone
2306 1718 2650 1789 iniquitatem
2698 1733 2864 1789 super
2908 1719 3253 1788 iniquitatem
3291 1718 3568 1787 ipsorum,
3603 1735 3620 1767 ι
3648 1715 3703 1770 id

2125 1817 2240 1875 est,
2273 1829 2291 1862 ι
2326 1825 2567 1881 appones
2596 1828 2610 1864 :
2645 1829 2662 1862 ι
2691 1808 2832 1879 ipsis
2872 1824 3109 1878 namque
3143 1809 3415 1861 malorum
3457 1806 3702 1861 accessio

2123 1904 2247 1959 erit.
2301 1902 2421 1956 Alia
2470 1902 2614 1956 enim
2668 1902 2831 1956 nobis
2874 1900 3195 1955 ho‘minibus
3236 1914 3305 1954 ex
3346 1897 3703 1953 interioribus

2123 1996 2423 2061 eveniunt;
2464 1996 2568 2049 alia
2610 2009 2739 2049 vero
2788 1993 3008 2048 aliunde
3052 2008 3119 2047 ex
3170 1992 3527 2061 sequentibus
3556 1991 3701 2045 inte—

2123 2090 2270 2143 riora
2323 2095 2536 2142 nostra.
2587 2085 2767 2151 Quare
2823 2083 3021 2139 alicubi
3077 2082 3189 2137 Deo
3238 2083 3478 2137 dicitur:
3509 2099 3527 2132 ι
3560 2080 3701 2145 Cum

2123 2188 2318 2234 sancto
2340 2187 2562 2234 sanctus
2584 2178 2717 2241 eris,
2740 2186 2935 2232 etcum
2970 2190 3226 2245 perverso
3252 2169 3695 2243 perverteris“.p

2120 2271 2181 2325 In
2215 2270 2333 2340 lege
2364 2284 2582 2340 quoque
2614 2284 2680 2323 ex
2713 2267 2884 2337 ipsius
2922 2280 3154 2335 persona
3186 2264 3427 2318 dicitur:
3463 2281 3479 2311 ι
3511 2260 3569 2315 Si
3600 2275 3697 2316 ve-

2121 2363 2287 2419 niatis
2315 2362 2383 2416 ad
2415 2377 2499 2416 me
2528 2360 2767 2431 obliqui,
2796 2358 3053 2413 accedam
3081 2364 3137 2411 et
3164 2370 3266 2425 ego
3296 2356 3361 2409 ad
3391 2368 3487 2409 vos
3512 2352 3699 2406 animo

2119 2457 2347 2527 obliquo
2375 2455 2441 2507 ⁸⁸.
2476 2474 2493 2506 ι
2525 2454 2662 2520 Quia
2696 2454 2863 2523 igitur
2891 2451 2969 2506 illi
3000 2449 3158 2521 quasi
3188 2446 3434 2502 funiculo
3462 2445 3699 2515 oblonga

2120 2550 2344 2613 peccata
2380 2557 2479 2597 sua
2514 2541 2843 2604 trahebant,
2878 2540 3003 2610 jure
3037 2546 3095 2593 tu
3126 2551 3344 2609 quoque
3376 2534 3563 2604 justus
3598 2533 3696 2603 ju-

2119 2635 2223 2690 dex
2266 2649 2511 2705 appones
2552 2632 2894 2702 iniquitatem
2941 2645 3108 2700 super
3153 2627 3501 2699 iniquitatem
3545 2625 3698 2695 ipsor

2119 2742 2238 2779 rum
2268 2743 2283 2792 ;
2314 2724 2383 2779 ad
2411 2726 2648 2795 priorem
2674 2724 2854 2785 illam,
2885 2722 3047 2775 aliam
3083 2722 3379 2790 imputans.
3408 2714 3522 2772 Imo
3552 2729 3696 2785 quo-

2119 2832 2225 2888 que
2268 2818 2381 2871 ait:
2414 2794 2435 2868 ⁷4
2462 2814 2579 2871 Non
2634 2816 2837 2870 intrent
2886 2814 2941 2867 in
2984 2812 3255 2883 justitiam
3303 2818 3475 2864 tuam.
3506 2807 3695 2862 )Nam
3776 2794 3781 2803 ί

2114 2909 2329 2978 justitia
2364 2908 2582 2977 quidem
2625 2914 2720 2960 tua
2761 2900 2951 2975 justos‘
2986 2904 3253 2967 advocat,
3289 2915 3590 2969 omnesque
3623 2897 3693 2952 ad
3724 2938 3729 2949 ς

2119 3002 2309 3055 intima
2355 2978 2525 3072 regni.
2557 3000 2639 3055 tui
2677 2998 2980 3055 secundum
3012 2995 3437 3066 promissionem
3475 2991 3692 3061 recipit.

2118 3091 2222 3159 Qui
2268 3108 2398 3148 vero
2452 3092 2583 3147 talia
2633 3091 2753 3147 ausi
2798 3097 2927 3146 sunt
2975 3104 3084 3143 non
3133 3087 3420 3141 intrabunt
3466 3099 3590 3139 cum
3626 3082 3696 3144 iis

2117 3184 2211 3255 qui
2247 3200 2354 3239 una
2387 3199 2511 3239 cum
2543 3183 2760 3253 justitia
2792 3190 2886 3237 tua
2918 3178 3225 3251 ingressuri
3263 3183 3435 3234 sunt:
3468 3176 3695 3239 sedne-

2116 3292 2222 3348 que
2246 3277 2302 3331 in
2329 3276 2469 3331 libro
2494 3275 2789 3331 viventium
2814 3274 3126 3329 scribentur
3151 3288 3165 3336 ;
3194 3270 3303 3324 imo
3327 3266 3603 3324 contraria
3618 3265 3694 3327 iis

2116 3368 2210 3439 qui
2257 3366 2520 3437 descripti
2568 3374 2696 3421 sunt
2730 3366 3027 3436 patientur.
3076 3361 3302 3417 Etiamsi
3335 3361 3479 3417 enim
3515 3358 3694 3430 gratia

2115 3460 2300 3516 donati
2333 3475 2453 3515 mea
2485 3458 2785 3529 aliquando
2819 3458 2875 3513 in
2913 3457 3057 3511 libro
3090 3454 3391 3511 viventium
3416 3495 3436 3520 ,
3474 3460 3689 3523 patrum

2115 3568 2339 3609 suorum
2380 3550 2523 3622 apud
2585 3550 2751 3606 Deum
2802 3548 3100 3604 viventium
3157 3562 3354 3610 causa.
3393 3543 3697 3614 conscripti

2114 3647 2349 3708 fuerint,
2398 3646 2472 3699 ita
2521 3654 2579 3699 ut
2632 3653 2682 3699 et
2706 3644 2840 3713 ipsis
2890 3642 3167 3713 promissa
3212 3640 3394 3694 oblata
3447 3638 3592 3702 sint;
3637 3643 3695 3698 at

2111 3740 2370 3809 quoniam
2424 3738 2555 3791 talia
2638 3746 2768 3793 sunt
2829 3735 2986 3798 ausi,
3040 3752 3058 3785 ‹
3110 3732 3396 3789 deleantur
3442 3730 3509 3784 de
3550 3728 3693 3783 libro

2111 3830 2431 3885 viventium.
2467 3848 2484 3879 ι
2512 3827 2662 3881 Libri
2692 3834 2871 3880 autem
2903 3824 3202 3879 viventium
3224 3821 3491 3879 rationem
3518 3817 3694 3887 expli-

2110 3936 2280 3984 cans,
2316 3918 2501 3975 subdit
2531 3927 2718 3989 postea
2739 3956 2753 3982 ,
2788 3935 2805 3967 ι
2837 3915 2907 3970 Et
2937 3930 3062 3971 cum
3090 3914 3257 3983 justis
3298 3928 3409 3968 non
3441 3911 3690 3969 Scriban-o

2112 4020 2221 4067 tur.
2256 4031 2275 4064 ι
2300 4010 2580 4066 Electione
2612 4010 2813 4079 quippe
2847 4007 2991 4063 facta
3024 4018 3214 4065 eorum
3245 4004 3340 4077 qui
3388 4004 3442 4057 in
3484 4000 3690 4059 mundo

2108 4111 2267 4157 erant
2302 4100 2626 4163 hominum,
2664 4098 2757 4152 alii
2801 4098 3021 4168 quidem
3052 4096 3162 4153 vita
3194 4109 3315 4165 qua:
3346 4091 3489 4164 apud
3521 4091 3692 4147 Deum

2108 4203 2193 4249 est
2222 4192 2411 4265 digni,
2446 4192 2518 4247 ob
2550 4191 2827 4262 propriam
2858 4189 3131 4259 justitiam
3177 4187 3322 4257 apud
3370 4186 3551 4257 ipsum
3596 4184 3692 4240 de-

2107 4289 2452 4353 scribentur;
2479 4286 2571 4355 qui
2596 4293 2777 4339 autem
2806 4298 2873 4337 ex
2892 4282 3044 4343 libro
3073 4279 3425 4341 delebuntur,
3460 4278 3497 4331 ii
3527 4284 3693 4332 erunt

2106 4384 2203 4455 qui
2236 4382 2363 4438 vita:
2400 4381 2705 4452 principem
2752 4378 3130 4448 repudiarunt.
3180 4372 3247 4427 Et
3298 4372 3387 4427 hic
3432 4371 3558 4426 linis
3586 4370 3692 4426 erit

2107 4492 2301 4533 eorum
2340 4475 2435 4546 qui
2469 4475 2582 4544 jam
2627 4478 2930 4527 memorata
2981 4475 3176 4523 contra
3217 4464 3560 4520 Servatorem
3590 4476 3690 4520 no-

415 4548 660 4620 ἀρχηγὸν
690 4548 790 4619 τῆς
822 4545 966 4619 ζωῆς
999 4547 1488 4627 παραιτησάμενοι.
1542 4548 1650 4600 Καὶ
1693 4546 1851 4600 τοῦτο
1901 4548 1999 4618 μὲν

2118 4577 2279 4624 ιιι-ιιιιι
2312 4545 2559 4638 aggressi
2592 4572 2741 4622 sunt.
2773 4564 2903 4630 Quae
2936 4567 3240 4631 sequuntur
3268 4564 3471 4621 autem,
3508 4556 3564 4611 in
3596 4557 3687 4612 lm-

414 4641 476 4693 τὸ
501 4640 652 4703 τέλος
671 4639 781 4693 τῶν
804 4639 872 4693 τὰ
900 4639 1263 4711 προλεχθέντα
1290 4638 1430 4692 κατά
1455 4639 1548 4691 τοῦ
1572 4638 1824 4711 Σωτῆρος
1844 4638 2001 4709 ἡμῶν

412 4734 825 4804 τετολμηκότων
845 4750 858 4762 ·
894 4733 962 4786 τὰ
984 4734 1030 4786 δ’
1054 4734 1180 4803 ἑξῆς
1207 4736 1237 4786 ό
1264 4732 1420 4797 λόγος
1450 4732 1542 4785 ἐπὶ
1569 4732 1628 4784 τὸ
1654 4733 2000 4804 φαιδρότερον

415 4823 776 4894 μεταϐάλλει,
804 4822 1050 4876 ἐντεῦθεν
1074 4822 1256 4876 λοιπὸν
1279 4822 1380 4893 τῆς
1402 4820 1761 4892 εὑαγγελικῆς
1780 4822 1998 4893 χάριτος

412 4916 817 4987 ἀπαρχόμενος.

490 5048 507 5080 ι
529 5030 754 5099 Πτωχὸς
786 5030 881 5082 καὶ
914 5027 1093 5095 ἀλγῶν
1121 5026 1232 5095 ἐγώ
1264 5029 1420 5100 εἰμι,
1468 5029 1501 5099 ή
1535 5027 1776 5098 σωτηρία
1827 5028 1996 5091 σουιὸ

413 5120 562 5186 Θεὸς,
586 5121 910 5175 ἀντελάϐετό
963 5140 1084 5193 μου.
1112 5142 1131 5173 ι
1198 5119 1259 5176 Ὀ
1288 5118 1457 5174 εἰπὼν
1506 5120 1564 5171 ἐν
1606 5117 1957 5186 Εὑαγγελίοις
1980 5135 1992 5147 ·

416 5232 435 5266 ι
462 5214 677 5267 Μάθετε
724 5216 818 5267 ἀπ’
847 5215 1013 5286 ἐμοῦ,
1053 5215 1139 5267 ὅτι
1173 5212 1348 5284 πρᾶός
1379 5214 1494 5282 εἰμι
1525 5211 1620 5265 καὶ
1643 5209 1896 5272 ταπεινὸς
1926 5212 1991 5279 τῇ

412 5304 607 5375 καρδίᾳ
622 5345 635 5364 ,
666 5323 683 5354 ι
712 5304 799 5357 διὰ
825 5305 932 5357 τῶν
948 5302 1319 5375 προκειμένων
1342 5300 1557 5371 πτωχὸς
1573 5300 1666 5354 καὶ
1686 5297 1868 5367 ἀλγῶν
1884 5296 1996 5365 ἐγώ

314 5443 321 5451 ,
413 5392 559 5461 εἰμι,
597 5392 751 5462 φησί.
815 5391 1037 5461 Πτωχὸς
1069 5391 1125 5444 δὲ
1161 5386 1229 5461 ἦν
1269 5390 1360 5442 τὸν
1390 5388 1617 5442 πλοῦτον
1640 5389 1738 5459 τῆς
1772 5386 1991 5447 αἰωνίου

411 5482 686 5552 βασιλείας
716 5482 1066 5553 ἀποθέμενος.
1097 5482 1188 5535 Διό
1220 5482 1431 5551 φησιν-ὁ
1458 5479 1694 5542 Παῦλος·
1719 5497 1751 5529 ιι
1786 5477 1994 5549 Ἰησοῦς

409 5576 644 5648 Χριστὸς
670 5576 925 5640 πλούσιος
944 5575 1041 5641 ὣν,
1065 5577 1132 5629 δι’
1157 5578 1305 5648 ἡμᾶς
1330 5575 1694 5645 ἐπτώχευσεν,
1728 5575 1815 5627 ἴνα
1832 5575 1994 5644 ἡμεῖς

406 5671 474 5740 τῇ
493 5667 658 5721 αὑτοῦ
687 5670 928 5741 πτωχείᾳ
949 5669 1359 5740 πλουτήσωμεν.
1376 5688 1392 5718 ι
1414 5666 1573 5721 Ἀλλά
1606 5667 1736 5723 καὶ(
1762 5665 1944 5734 ἀλγῶν
1969 5684 1986 5717 ι

481 5824 525 5857 ⁸⁸
565 5823 710 5881 Psal.
756 5840 888 5892 xvn,
925 5824 1017 5893 9.6,
1058 5825 1148 5880 2'1.
1226 5824 1270 5856 δ’
1312 5821 1487 5879 chit.
1530 5837 1681 5889 uri,
1719 5820 1812 5884 23.
1851 5819 1941 5877 ει.

2118 5817 2296 5873 Matth.
2343 5832 2420 5880 ιι,
2456 5814 2553 5873 29.

2109 4664 2307 4717 tiorem
2354 4660 2590 4717 formam
2642 4664 2958 4711 mutantur:
3011 4671 3139 4710 nam
3186 4654 3311 4710 inde
3360 4650 3688 4723 evangelica

2107 4751 2544 4824 gratias-initium
2571 4748 2810 4805 ducitur.

2174 5017 2344 5076 Vnus.
2377 5016 2455 5077 ,50
2475 5056 2489 5080 ,
2520 5016 2609 5070 3|.
2637 5033 2655 5066 ι
2676 5014 2788 5085 Ego
2814 5028 2932 5069 sum
2961 5028 3171 5083 pauper
3200 5018 3252 5067 et
3279 5010 3469 5066 dolens
3490 5052 3508 5075 ,
3536 5009 3686 5065 salus

2106 5120 2197 5166 tua
2218 5150 2234 5173 ,
2268 5108 2444 5173 Deus,
2471 5108 2714 5176 suscepit
2758 5123 2862 5161 me.
2889 5126 2906 5157 ι
2930 5105 3034 5172 Qui
3068 5107 3130 5159 in
3160 5104 3471 5173 Evangeliis
3501 5104 3639 5157 dixit
3668 5123 3681 5159 :

2110 5221 2128 5251 ι
2155 5199 2359 5254 Discite
2382 5213 2411 5251 a
2437 5213 2523 5253 me
2554 5198 2682 5266 quin
2740 5196 2888 5249 mitis
2914 5211 3036 5249 sum
3064 5201 3117 5248 et
3147 5193 3375 5251 humilis~
3394 5190 3557 5246 corde
3579 5191 3678 5255 ³⁰,›

2104 5294 2158 5347 ἰιι
2194 5291 2448 5362 praesenti
2471 5306 2529 5345 se
2561 5303 2853 5359 pauperem
2886 5297 2939 5340 et
2966 5286 3243 5341 dolentem
3277 5283 3434 5340 dicit.
3471 5283 3681 5354 Pauer

2100 5394 2282 5447 autem
2313 5391 2469 5446 erat,
2500 5381 2766 5452 depositis
2806 5377 2998 5433 aeterni
3025 5378 3179 5447 regni
3207 5376 3434 5433 divitiis.
3485 5375 3685 5444 Quam-

2100 5479 2287 5533 obrem
2319 5474 2616 5530 aitPaulus
2638 5490 2651 5526 :
2675 5492 2691 5523 ι
2714 5471 2875 5527 Iesus
2894 5469 3151 5533 Christus
3175 5483 3299 5529 cum
3330 5468 3481 5529 dives
3510 5474 3679 5530 esset.

2103 5577 2328 5641 propter
2357 5583 2459 5623 nos
2500 5568 2659 5635 inops
2689 5564 2916 5621 eli'ectus
2945 5572 3029 5626 est
3050 5602 3065 5626 ,
3099 5568 3160 5617 ut
3204 5576 3305 5617 nos
3336 5560 3457 5629 ejus
3498 5560 3679 5631 inopia

2102 5663 2302 5717 divites
2323 5674 2573 5718 essemus
2597 5657 2671 5715 ".-
2692 5678 2709 5709 ι
2736 5655 3026 5714 Scdetiam
3053 5652 3283 5713 «dolens
3309 5672 3327 5708 ι
3350 5652 3449 5712 fuit
3474 5672 3487 5722 ;
3510 5669 3579 5724 qu
3592 5668 3687 5715 uo

2652 5815 2691 5845 ¹¹
2736 5810 2778 5868 ιι
2814 5811 2941 5869 Cor.
2985 5826 3102 5877 vni,
3139 5809 3193 5868 9.
