2064 3196
260 193 314 223 Ὶὸ)

602 194 737 225 EL'SEBII
753 196 997 226 CESARIENSIS
1016 195 1092 227 OPP.
1109 195 1200 226 PARS
1217 195 1307 226 lll'.-—
1320 194 1527 225 EXEGETICA.

1840 197 1895 227 τσο

255 261 339 290 supra
355 252 463 283 dicebat
477 263 484 283 :
500 264 511 282 ‹
526 254 558 283 Ει
572 264 656 292 super
668 256 791 286 dolorem
806 258 952 286 vulnerum
968 266 1028 287 meo

1080 286 1082 292 λ
1095 257 1206 293 γέγονα·
1223 257 1265 285 διὸ
1275 256 1368 292 ἔλεγεν
1381 256 1512 292 ἀνωτέρω
1521 265 1528 271 ·
1550 264 1561 282 σ
1570 255 1627 283 Καὶ
1640 255 1687 283 ἐπὶ
1701 255 1733 283 τὺ
1742 255 1825 291 ἄλγος
1835 256 1895 284 τῶν

253 309 315 329 run
328 301 503 331 addiderunt.
520 313 530 331 ι
543 303 658 332 Dolebat
669 305 742 333 enim
758 313 809 342 pro
825 306 860 335 iis
875 307 920 343 qui
936 307 963 335 in
979 315 1043 343 per-

252 346 360 374 niciem-
377 347 470 380 ibant,
493 352 521 376 et
542 349 697 385 patiebatur
716 358 811 378 eorum
832 359 916 379 causa
937 354 984 388 qui
1008 353 1043 380 ad

252 391 367 419 salutem
388 392 438 420 abs
460 401 490 421 se
511 395 688 428 procuratam‘
708 403 763 424 non
786 397 959 425 accederent.
980 397 1044 426 ldeo

252 446 302 466 seu
325 439 422 467 dolens
449 440 605 468 clamabat:
622 451 630 467 ι
646 441 668 468 0
683 444 825 477 generatio
850 444 991 472 incredula
1015 449 1043 473 et

250 491 395 520 perversa,
416 494 560 522 quousque
582 488 725 515 vobiscum
743 490 813 517 ero?
835 499 979 526 quousque
991 499 1043 520 vos

249 531 338 565 patiar
352 531 397 558 "?
411 542 420 558 ι
434 531 498 560 ldeo
512 534 595 561 dicit:
609 543 618 560 ι
631 534 687 570 Ego
702 543 762 563 sum
776 544 879 571 pauper
891 542 918 565 et
933 538 1038 571 dolens,

249 577 324 605 salus
339 581 385 605 tua
396 598 403 610 ,
419 578 508 611 Deus,
526 580 649 615 suscepit
664 588 717 608 me.
735 590 744 607 ι
759 581 807 609 llis
825 590 907 618 porro
923 584 1038 612 salutem

247 623 405 660 subindieat
417 633 470 659 qua
483 630 545 660 post
556 630 669 653 mortem
682 626 827 656 donandus
838 634 888 657 est.
898 629 964 657 Nam
976 638 1037 657 cum

247 668 352 702 pridem
377 670 478 698 inﬁxus
501 671 527 698 in
548 671 614 699 limo
642 672 788 707 profundi,
809 676 914 702 venerit
932 676 959 703 in
976 676 1038 703 alti-

246 715 371 743 tudinem
389 718 491 749 maris,
510 723 539 745 ut
557 719 583 745 in
600 719 741 754 prophetia
758 720 865 747 dicebat
878 741 884 753 ,
899 722 956 756 jam
972 730 1037 749 vero

247 761 314 789 dicit
325 782 332 793 ,
355 771 365 788 ι
381 763 462 791 Salus
489 769 534 791 tua
546 785 553 795 ,
570 765 641 793 Deus
654 786 661 797 ,
692 768 813 802 suscepit.
839 776 902 796 me:
919 779 928 794 ι
944 774 1036 804 aperte

244 808 367 836 declarat
392 817 442 842 se,
467 815 610 847 postquam
636 812 663 839 in
689 813 861 841 altitudinem
884 816 968 843 maris
989 824 1036 843 ve-

243 858 338 886 nerat,
352 859 495 890 postquam
509 861 658 884 metnorata
672 859 799 893 superius
813 867 912 894 passus
927 861 1016 889 fuerat
1026 882 1033 895 ,

243 901 428 934 patrociniqu
452 907 630 930 consecutum
653 911 724 932 esse.
749 905 840 937 Quare
858 907 885 933 in
903 907 1034 935 vicesimo

1095 303 1262 340 τραυμάτων
1278 311 1329 339 μου
1346 301 1531 339 προσέθηκαν.
1552 311 1563 328 ›
1581 301 1678 337 Ἦλγει
1701 302 1756 338 γὰρ
1774 303 1821 330 ἐπὶ
1832 304 1893 335 τοῖς

1094 350 1302 386 ἀπολλυμένοις,
1315 349 1363 376 καὶ
1374 348 1550 385 ὑπερέπασχι
1561 347 1615 375 τῶν
1628 349 1665 384 μὴ
1677 349 1844 385 προσιόντων
1855 350 1891 386 τῇ

1093 397 1128 424 δι’
1146 395 1231 423 αὐτοῦ
1253 394 1455 432 προξενουμένῃ
1471 394 1603 431 σωτηρίᾳ.
1629 395 1675 422 Διὸ
1687 394 1782 430 ὥσπερ
1797 395 1890 430 ἀλγῶν

1094 443 1159 470 ἐϐόα
1167 451 1174 458 ·
1192 451 1203 468 ε
1215 440 1250 469 Ὦ
1266 441 1348 477 γενεὰ
1361 441 1459 469 ἄπιστε
1476 441 1523 468 καὶ
1535 441 1749 478 διεστραμμένη.
1761 442 1814 475 ἕως
1823 442 1891 469 πότε

1095 489 1153 525 μεθ’
1181 488 1257 524 ὑμῶν
1281 488 1355 523 ειμι;
1379 487 1431 519 ἕως
1455 486 1519 513 πότε
1550 487 1682 523 ἀνέχομαι
1701 487 1794 523 ὑμῶν;
1813 497 1823 514 ι
1841 488 1889 515 Διό

1093 545 1159 572 φησι
1171 544 1178 551 ·
1199 545 1208 561 ι
1222 534 1332 570 Πτωχὸς
1348 534 1395 561 καὶ
1406 533 1497 568 ἀλγῶν
1513 533 1569 568 ἐγώ
1582 535 1653 569 εἰμι’
1667 535 1684 569 ἡ
1696 535 1815 570 σωτηρία
1827 543 1885 568 σου,

1091 582 1105 607 ὁ
1128 582 1211 613 Θεὸς,
1228 580 1391 607 ἀντελάϐετό
1407 588 1468 616 μου.
1483 590 1491 605 ι
1506 580 1657 606 Αἰνίττεται
1676 579 1704 606 δὲ
1725 580 1769 607 διὰ
1783 580 1887 608 τούτων

1090 629 1139 664 τὴν
1161 628 1230 664 μετὰ
1246 629 1291 655 τὸν
1306 628 1420 655 θάνατον
1437 628 1518 655 αὐτοῦ
1536 626 1683 663 σωτηρίαν.
1712 628 1743 654 El
1758 627 1812 662 γὰρ
1827 627 1886 653 ἐνε-

1090 675 1164 710 πάγη
1179 676 1218 707 είς
1236 675 1302 710 ὓλην
1316 675 1397 710 βυθοῦ
1411 695 1417 705 ,
1437 674 1484 701 καὶ
1498 673 1579 709 ἦλθεν
1593 676 1632 706 εἰς
1647 674 1681 700 τὰ
1695 673 1764 710 βάθη
1776 675 1825 710 τῆς
1835 673 1883 701 θα-

1088 721 1190 757 λάσσης
1201 741 1207 753 ,
1224 721 1262 752 ὡς
1276 721 1319 747 διὰ
1336 721 1391 747 τῶν
1405 721 1454 756 τῆς
1472 721 1641 756 προφητείας
1654 719 1748 756 ἐδήλου
1759 739 1766 751 ,
1784 721 1842 747 νυνὶ
1854 720 1885 746 δέ

1089 776 1184 803 φησιν’
1203 777 1211 793 t
1224 768 1256 794 'H
1270 768 1390 803 σωτηρία
1407 776 1466 798 σου,
1479 768 1492 794 ὁ
1506 767 1572 799 Θεὸς
1582 787 1589 798 ,
1612 766 1774 794 ἀντελάϐετό
1791 775 1841 802 μου
1851 775 1879 792 ’γι

1088 813 1182 848 σαφῶς
1207 813 1371 848 παρίστησιν
1396 812 1566 848 ἀντιλήψεως
1591 813 1784 848 τετυχηκέναι,
1814 812 1884 848 μετὰ

1086 859 1116 885 τὸ
1138 858 1296 894 ἐληλυθέναι
1316 860 1356 890 είς
1374 859 1410 886 τὰ
1430 858 1498 894 βάθη
1518 859 1568 893 τῆς
1588 858 1743 894 θαλάσσης,
1765 858 1834 894 μετὰ
1851 857 1882 885 τδ

1086 904 1248 932 πεπονθέναι
1262 905 1296 932 τὰ
1310 905 1502 941 προλεχοέντα.
1517 905 1562 932 Διὸ
1573 906 1619 932 καὶ
1633 907 1662 932 ὲν
1675 909 1716 932 κα¹
1725 904 1826 940 ψαλμῷ
1836 904 1882 932 τὸν

243 943 332 977 primo
353 945 458 979 psalmo
483 947 613 981 hymnum
629 956 701 983 «pro
725 951 902 985 susceptione
925 953 1028 980 matuti-

1087 959 1097 976 ι
1109 950 1180 985 ὑπὲρ
1198 950 1250 986 τῆς
1261 951 1432 986 ἀντιλήψεως
1448 952 1497 986 τῆς
1511 950 1626 986 ἑωθινῆς
1637 960 1646 977 ι
1661 951 1818 986 ἀνέπεμπεν
1831 950 1882 987 ὗμ-

242 997 277 1015 na
290 990 327 1015 ⁵³»
338 991 449 1018 emittit.
465 992 565 1021 Deinde
577 1002 654 1024 vero.
667 999 697 1022 ut
707 997 887 1030 patrocinium
900 1005 1029 1026 consecu-

242 1038 296 1067 tus,
311 1036 344 1062 ad
358 1038 522 1070 jucundiora
539 1047 694 1068 sermonem
711 1043 846 1070 convertit
862 1043 971 1078 hymnis
982 1044 1034 1071 Pa-

241 1085 310 1108 trem
324 1081 478 1115 celcbrans,
493 1093 555 1111 cum
570 1085 607 1111 ait
617 1095 642 1117 ,ι
656 1087 785 1114 Laudabo
799 1096 897 1115 nomen
911 1089 956 1116 Dei
970 1097 1033 1116 cuin

240 1127 358 1155 cantico.
375 1138 384 1154 ι
400 1128 467 1156 Cum
485 1130 600 1158 melodia
617 1136 708 1160 autem
725 1137 751 1160 et
765 1134 875 1161 cantico
890 1143 1033 1163 sermones

239 1172 374 1208 proferre,
393 1174 420 1201 id
453 1175 562 1210 signum
586 1178 678 1212 gaudii
705 1182 732 1206 et
763 1179 866 1207 lzetitim
892 1185 960 1207 erat.
980 1181 1033 1209 Sed

238 1219 322 1246 etiam
336 1228 346 1244 ‹
360 1220 539 1255 magnilicabo
554 1230 627 1256 eum,
649 1232 658 1249 ›
682 1223 780 1259 inquit.
800 1226 907 1253 Scilicet
922 1225 1031 1255 Patrem

238 1273 329 1293 suum.
342 1265 393 1298 Qui
409 1267 594 1302 magniﬁcahit
605 1275 700 1304 postea
716 1270 838 1304 subjicit,
854 1281 863 1297 ι
882 1272 908 1300 in
923 1273 1029 1307 laude,»

237 1310 305 1342 sive.
319 1311 469 1338 secundum
486 1312 623 1347 Aquilam,
643 1323 652 1339 (
674 1314 701 1341 iu
715 1315 868 1350 gratiarum
880 1318 999 1346 actione.
1020 1329 1029 1345 ι

238 1355 394 1383 Gratiarum
410 1365 476 1385 vero
492 1359 625 1386 actionem
659 1364 686 1388 et
712 1361 824 1389 laudem
846 1371 901 1397 qua
920 1363 1030 1392 Patrem

230 1399 323 1428 'Filius
350 1402 507 1438 magniﬁeat
535 1404 681 1440 intelliges,
711 1406 735 1433 si
762 1406 831 1435 Novi
863 1408 1031 1438 Testamenti

226 1447 375 1482 'mysteriis
402 1448 523 1476 animum
538 1450 682 1483 adhibens,
704 1452 751 1480 ubi
768 1453 891 1481 Ecclesia
911 1455 958 1482 Dei
983 1464 1030 1491 per

236 1495 323 1519 totum
333 1494 426 1520 orbem
436 1495 469 1521 ad
486 1495 636 1530 gratiarum
650 1498 783 1531 actiones,
797 1499 830 1526 ad
839 1500 1030 1530 rationabilem

234 1541 262 1564 et
281 1538 340 1565 sine
352 1537 428 1566 fumo
449 1540 552 1567 cultum
579 1541 634 1569 Deo
650 1543 821 1571 oﬂ‘crendum
836 1545 961 1574 instituta
976 1553 1029 1576 est.

235 1581 309 1611 Laus
328 1584 422 1612 isthzec
442 1589 468 1613 et
493 1587 645 1621 gratiarum
672 1590 744 1616 actio
761 1593 902 1626 corporeis
918 1594 1028 1627 hostiis,

1085 1004 1139 1022 νον.
1153 993 1209 1022 Εἶθ’
1223 995 1260 1027 ὡς
1273 995 1362 1031 τυχὼν
1377 996 1546 1032 ἀντιλήψεως
1555 1016 1562 1027 ,
1581 996 1741 1032 μεταϐάλλει
1757 996 1821 1028 τοὺς
1836 995 1881 1023 λό-

1085 1051 1149 1076 γους
1162 1041 1208 1068 ὲπὶ
1222 1042 1252 1068 τὸ
1267 1041 1451 1078 φαιδρότερον,
1469 1042 1571 1077 ὕμνους
1585 1042 1756 1077 ἀναπέμπων
1768 1042 1807 1078 τῷ
1817 1042 1881 1069 ἑαυ-

1084 1087 1130 1114 τοῦ
1151 1088 1252 1123 Πατρὶ,
1272 1089 1301 1113 ὲν
1323 1085 1364 1119 οἷς
1383 1096 1465 1123 φησιν
1480 1096 1487 1103 ·
1518 1088 1644 1115 «Λίνέσω
1671 1088 1702 1114 τὸ
1725 1088 1809 1123 ὄνομα
1832 1088 1881 1115 τοῦ

1083 1133 1151 1160 Θεοῦ
1168 1134 1226 1169 μετ’
1240 1134 1321 1169 ᾠδῆς.
1330 1143 1338 1159 ι
1352 1132 1388 1160 Τὸ
1403 1133 1431 1160 δὲ
1445 1134 1514 1168 μετὰ
1531 1133 1627 1169 μέλους
1645 1133 1691 1160 καὶ
1785 1133 1880 1168 λὸγους

1084 1180 1288 1216 προσφέρεσθαι
1302 1180 1436 1215 σύμϐολον
1451 1179 1484 1215 ἦν
1496 1180 1630 1216 θυμηδίας
1642 1180 1690 1208 καὶ
1701 1180 1879 1217 εὐφροσύνης.

1091 1227 1170 1253 Ἀλλὰ
1186 1227 1232 1253 καὶ
1253 1237 1261 1252 ι
1282 1227 1425 1262 μεγαλυνῶ
1454 1226 1547 1259 αὐτὸν,
1566 1237 1575 1253 ι
1593 1227 1692 1263 φησιν’
1710 1227 1789 1264 δῆλον
1803 1227 1826 1254 δ’
1839 1228 1880 1255 ὅτι

1082 1273 1128 1299 τὸν
1145 1272 1225 1300 αὐτοῦ
1249 1273 1370 1308 Πατέρα.
1397 1273 1460 1305 Πῶς
1485 1273 1513 1299 δὲ
1538 1274 1584 1300 καὶ
1612 1273 1694 1300 αὐτὸν
1723 1273 1878 1309 μεγαλυνεῖ,

1083 1318 1202 1352 ἐπιλέγει
1215 1318 1287 1354 ἑξῆς,
1315 1327 1324 1344 ι
1343 1320 1371 1344 ὲν
1391 1319 1521 1345 αἰνέσει-ι
1546 1319 1562 1354 ἢ
1593 1318 1664 1345 κατὰ
1681 1318 1726 1345 τὸν
1749 1318 1874 1351 ’Λκύλαν,

1086 1365 1128 1390 ιὲν
1146 1364 1333 1400 εὐχαριστίᾳ.»
1352 1365 1466 1400 Νοήσεις
1484 1365 1571 1399 δὲτὴν
1587 1365 1761 1400 εὐχαριστίαν
1772 1365 1820 1391 καὶ
1829 1363 1878 1400 τὴν

1082 1411 1185 1437 αῖνεσιν
1200 1411 1233 1436 δι’
1245 1409 1279 1446 ἦς
1290 1412 1304 1437 ὁ
1317 1411 1380 1442 Υἱὸς
1397 1411 1541 1446 μεγαλύνει
1567 1411 1613 1437 τὸν
1628 1411 1747 1445 Πατέρα,
1766 1411 1878 1446 ἐπιστή-

1082 1464 1132 1487 σας
1146 1457 1202 1487 τοῖς
1222 1456 1382 1491 μυστηρίοις
1411 1457 1460 1492 τῆς
1491 1456 1594 1491 Καινῆς
1619 1457 1767 1492 Διαθήκης,
1793 1458 1821 1483 ἐν
1837 1455 1877 1489 οἷς

1081 1500 1143 1526 καθ’
1160 1500 1224 1535 ὅλης
1239 1501 1289 1536 τῆς
1304 1502 1467 1536 οἰκουμένης
1483 1503 1499 1536 ἡ
1521 1502 1670 1537 Ἐκκλησία
1679 1503 1727 1529 τοῦ
1739 1502 1806 1529 Θεοῦ
1827 1503 1877 1535 τὰς

1081 1546 1257 1581 εὐχαριστίας
1269 1547 1317 1573 καὶ
1332 1547 1382 1578 τὰς
1398 1547 1510 1581 λογικὰς
1526 1549 1574 1574 καὶ
1592 1549 1732 1580 ἀκάπνους
1747 1549 1876 1585 λατρείας

1081 1591 1226 1628 ἀναφέρειν
1243 1592 1283 1628 τῷ
1307 1592 1366 1628 Θεῷ
1392 1593 1570 1628 παρείληφεν.
1587 1595 1669 1629 ΔΑὕτη
1689 1595 1717 1621 δὲ
1744 1596 1876 1630 ἡαῐνεσις

234 1637 295 1664 ουδ’
321 1630 387 1657 olim
414 1632 568 1660 secundum
594 1634 679 1669 legem
707 1635 810 1672 Moysis
831 1638 1027 1674 oll‘erebantur,

1081 1639 1127 1664 καὶ
1144 1639 1160 1674 ὴ
1176 1639 1337 1675 εὐχαριστία
1354 1639 1422 1665 πολὺ
1450 1640 1582 1675 κρείττων
1601 1641 1729 1676 τυγχάνει
1745 1641 1799 1668 τῶν
1823 1651 1877 1669 σω-

232 1675 320 1702 multo
335 1678 511 1710 praestantior
534 1682 586 1706 est.
618 1680 805 1713 Quamobrem
831 1684 925 1719 adjicit
948 1696 978 1713 ει
995 1687 1028 1714 Ει

234 1721 355 1756 placebit
381 1722 495 1751 Domino
516 1733 602 1760 super
612 1727 730 1754 vitulum
755 1730 904 1763 novellum,
923 1739 1028 1760 cornua

231 1765 429 1800 producentem
446 1772 473 1795 et
490 1770 618 1804 ungulas.
635 1781 644 1796 ›
665 1771 694 1798 Si
713 1781 833 1808 namque
847 1775 881 1802 de
899 1776 1027 1805 iisJudzei

230 1812 395 1846 gloriantur,
429 1815 519 1842 sciant
536 1817 631 1851 utique
657 1818 737 1854 longe
760 1821 899 1849 meliorem
918 1822 1027 1859 Deoque

231 1859 413 1893 acceptiorem
432 1868 521 1888 meam
542 1863 693 1897 gratiarum
718 1866 856 1894 actionem
872 1872 899 1895 et
918 1869 1026 1897 laudem

230 1910 313 1937 supra
346 1906 506 1934 memoratis
537 1915 608 1935 esse.
647 1908 832 1941 Quamobrem
873 1915 1024 1941 secundum

230 1947 424 1983 Symmachum
443 1952 554 1986 dicitur,
574 1962 583 1979 ι
598 1953 631 1981 Ει
659 1956 778 1989 placebit
798 1957 915 1986 Domino
926 1961 1023 1996 magis,

228 2002 312 2029 quam
325 1996 374 2023 bos
391 2001 498 2031 taurus,
521 2000 638 2034 ungulas
665 2001 821 2035 dillindens,
850 2011 995 2034 eornutus.
1011 2016 1021 2033 ›

228 2040 285 2068 Cur
298 2041 342 2069 hic
361 2044 478 2071 vitulum
507 2045 591 2078 dicat,
608 2054 662 2074 non
681 2048 754 2076 aliud
781 2051 880 2078 animal
896 2053 922 2078 in
938 2054 1024 2081 sacri-

229 2087 291 2113 ﬁcio
304 2087 396 2115 oll‘erri
411 2090 534 2122 solitum,
561 2100 615 2119 non
632 2093 692 2121 sine
713 2096 838 2123 examine
861 2099 1024 2132 practermit-

228 2133 353 2160 tendum.
384 2134 451 2162 Natu
484 2145 516 2164 ex
549 2138 715 2168 animalibus
749 2143 899 2170 secundum
937 2145 1022 2179 legem

227 2177 331 2214 Moysis
351 2180 489 2209 immolari
517 2183 616 2216 jussis,
647 2186 701 2213 alia
723 2195 755 2214 ex
785 2193 910 2216 armento
928 2191 1020 2222 boum,

228 2223 281 2250 alia
298 2232 330 2252 ex
352 2233 433 2261 grege
445 2228 535 2254 ovium
548 2229 766 2262 adducebantur.
781 2233 835 2259 alia
847 2242 881 2260 ex
904 2236 1021 2262 volatili-

226 2268 299 2302 bus;
317 2278 432 2305 quorutn
449 2273 501 2299 alia
518 2275 642 2307 masculi,
658 2277 712 2303 alia
730 2277 837 2306 femina:
852 2284 950 2313 erant;
968 2281 1020 2308 alia

228 2320 380 2349 spontanea
391 2325 424 2345 ex
441 2319 567 2350 arbitrio.
587 2322 640 2348 alia
667 2331 698 2350 ex
719 2324 830 2357 debito;
846 2326 898 2352 alia
913 2328 1020 2355 sacriﬁ-

227 2362 300 2388 ciutn
317 2364 457 2396 salutaris,
476 2365 528 2392 alia
555 2375 603 2401 pro
629 2374 741 2402 peccato
771 2372 1020 2405 vocabantur;alia

229 2415 280 2443 pro
295 2416 402 2436 summo
426 2413 578 2445 sacerdote,
596 2414 648 2441 alia
678 2423 727 2449 pro
755 2417 884 2445 universo
908 2421 1019 2454 populo,

227 2454 279 2480 alia
289 2461 339 2488 pro
350 2455 473 2491 principe
490 2464 620 2492 peccante
647 2460 842 2490 offerebantur.
863 2464 931 2491 Cum
959 2473 1019 2492 ma-

226 2507 309 2534 gnum
325 2501 418 2536 itaque
435 2503 462 2530 in
479 2504 520 2532 his
533 2505 680 2533 discrimen
696 2513 784 2539 esset,
811 2517 953 2545 nunquam
978 2515 1020 2538 ta--

227 2552 289 2573 men
306 2554 355 2580 pro
368 2548 490 2583 principe
500 2550 622 2584 quolibet
639 2552 680 2578 vel
698 2560 747 2587 pro
763 2554 890 2589 quopiam
913 2556 1018 2590 privato

224 2591 329 2620 Vitulus
359 2594 532 2623 oﬂ'erebatnr.
562 2596 671 2625 Vitulus
705 2602 844 2627 masculus
871 2602 1018 2636 aliquando

224 2637 436 2674 immolabatur;
456 2642 605 2677 aliquando
620 2652 695 2676 vero,
711 2653 773 2672 cum
800 2650 855 2674 tota
879 2655 1017 2683 synagoga

221 2682 251 2710 in
265 2690 408 2718 peccatum
438 2688 514 2723 lapsa
541 2694 625 2722 esset,
659 2691 798 2725 sacerdos,
824 2694 871 2727 qui
897 2694 1017 2723 universi

222 2730 315 2765 populi
336 2738 385 2759 seu
401 2738 484 2768 caput
497 2740 565 2766 erat,
590 2740 620 2763 ut
642 2738 746 2771 peccati
762 2746 877 2767 consors
900 2741 1015 2768 vitulum

222 2774 364 2804 offerebat.
381 2777 444 2806 "me
464 2787 547 2814 porro
572 2782 599 2808 in
622 2781 743 2809 chitieo
769 2783 967 2819 deprehendas,
987 2787 1014 2816 in

222 2828 277 2857 quo
290 2822 436 2852 scribitur:
457 2835 466 2850 ι
486 2825 519 2853 Et
529 2827 636 2855 loeutus
650 2834 691 2856 est
700 2828 831 2858 Dominus
841 2831 873 2858 ad
890 2831 1011 2868 Moysem

223 2906 225 2910 ’
260 2916 283 2932 ⁴²
305 2915 399 2944 Matth.
421 2925 488 2950 nu,
512 2918 554 2946 l6.
634 2919 707 2949 Psal.
731 2930 787 2957 ut,
810 2923 834 2951 Ι.

1082 1684 1205 1719 ματικῶν
1215 1684 1327 1717 θυσιῶν,
1338 1685 1392 1711 τῶν
1403 1685 1474 1711 κατὰ
1488 1685 1534 1712 τὸν
1542 1687 1682 1718 Μωῡσέως
1694 1687 1776 1722 νόμον
1791 1687 1875 1714 πάλαι.

1080 1730 1303 1765 προσαγομένων.
1326 1730 1372 1756 Διὸ
1385 1731 1516 1765 ὲπιλέγει’
1534 1742 1543 1757 ι
1558 1733 1612 1759 Καὶ
1630 1732 1724 1768 ἀρέσει
1734 1733 1876 1769 τῷΚυρίῳ

1079 1775 1147 1811 ὑπὲρ
1167 1775 1267 1810 μόσχον
1284 1774 1355 1807 νέον,
1384 1776 1486 1811 κέρατα
1503 1777 1653 1812 ἐκφέροντα
1679 1778 1726 1804 καὶ
1742 1778 1840 1810 ὁπλάς.
1861 1788 1871 1804 ι

1078 1821 1110 1846 Εἰ
1126 1820 1180 1856 γὰρ
1198 1821 1244 1847 ἐπὶ
1272 1821 1376 1854 τούτοις
1410 1822 1587 1857 σεμνύνονται
1611 1823 1745 1850 Ἰουδαίων
1769 1824 1873 1857 παῖδες,

1078 1867 1207 1899 ἴστωσαν,
1223 1867 1264 1893 ὅτι
1278 1867 1344 1894 πολὺ
1364 1867 1475 1902 βελτίων
1492 1869 1539 1894 καὶ
1554 1868 1593 1904 τῷ
1616 1869 1675 1904 Θεῷ
1688 1870 1875 1906 προτιμοτέρα

1076 1914 1092 1948 ἡ
1105 1913 1158 1948 ἐμὴ
1172 1914 1333 1949 εὐχαριστία
1351 1914 1398 1940 καὶ
1420 1916 1436 1949 ἡ
1452 1914 1505 1950 ὲμὴ
1519 1916 1622 1947 αἵνεσις
1643 1916 1698 1943 τῶν
1711 1916 1875 1952 προλεχθέν-

1075 1967 1140 1987 των.
1156 1959 1202 1985 Διὸ
1215 1960 1286 1986 κατὰ
1306 1960 1352 1986 τὸν
1373 1960 1521 1996 Σύμμαχον
1538 1962 1656 1997 εἴρηται·
1678 1972 1687 1988 ι
1703 1963 1760 1990 Καὶ
1778 1963 1873 1999 ἀρέσει

1075 2004 1113 2040 τῷ
1129 2005 1224 2041 Κυρίῳ
1251 2005 1383 2040 μᾶλλονῆ
1413 2006 1475 2040 βοῦς
1500 2007 1601 2042 ταῦρος
1632 2008 1760 2044 διχηλὼν,
1789 2011 1874 2045 κερά-

1077 2059 1168 2086 στης.»
1187 2052 1236 2078 Διὰ
1249 2053 1276 2078 τί
1287 2052 1315 2078 δὲ
1328 2052 1447 2079 ἐνταῦθα
1461 2053 1561 2088 μόσχου
1578 2055 1743 2090 μνημονεύει
1757 2056 1805 2082 καὶ
1821 2056 1872 2092 οὐχ

1075 2099 1168 2134 ἐτέρου
1185 2099 1257 2131 τινὸς
1272 2099 1328 2126 τῶν
1344 2101 1547 2137 προσφέρεσθαι
1561 2101 1695 2128 εἰωθότων
1721 2103 1762 2134 είς
1775 2102 1872 2130 θυσίαν

1075 2143 1161 2176 ζώων,
1176 2144 1250 2177 ἄξιον
1269 2144 1306 2180 μὴ
1339 2146 1528 2177 ἀϐασανίστως
1560 2147 1714 2182 παρελθεῖν.
1734 2146 1795 2173 Τῶν
1815 2146 1871 2182 γὰρ

1074 2190 1144 2216 κατὰ
1167 2190 1212 2216 τὸν
1235 2191 1374 2222 Μωῦσέως
1386 2192 1467 2226 νόμον
1491 2192 1602 2219 θύεσθαι
1627 2192 1871 2228 προσταττομένων

1074 2235 1150 2267 ζώων
1168 2236 1202 2261 τὰ
1221 2237 1269 2270 μὲν
1286 2236 1315 2268 ἐξ
1339 2237 1441 2273 ἀγέλης
1459 2238 1538 2273 βοῶνΔ
1557 2239 1721 2274 προσήγετο,
1741 2238 1775 2265 τὰ
1788 2238 1817 2265 δὲ
1838 2239 1870 2265 ὲκ

1075 2282 1229 2317 προϐάτων,
1244 2282 1277 2309 τὰ
1297 2283 1325 2309 δὲ
1344 2283 1398 2310 ἀπὸ
1417 2285 1558 2311 πετεινῶν
1578 2285 1625 2311 καὶ
1636 2285 1670 2312 τὰ
1689 2285 1739 2320 μὲν
1754 2286 1869 2321 ἄρρενα,

1074 2329 1108 2353 τὰ
1121 2329 1149 2354 δὲ
1165 2328 1256 2364 θήλεα·
1275 2330 1323 2356 καὶ
1342 2329 1376 2356 τὰ
1392 2331 1441 2365 μὲν
1463 2331 1575 2357 ἑκούσια
1601 2331 1672 2358 κατὰ
1697 2331 1867 2367 προαίρεσιν,

1074 2374 1108 2400 τὰ
1124 2375 1152 2401 δὲ
1170 2375 1240 2402 κατὰ
1256 2376 1377 2412 ὀφειλὴν·
1399 2378 1446 2403 καὶ
1472 2377 1508 2403 τὰ
1532 2376 1583 2413 μὲν
1608 2378 1765 2413 ὠνομάζετο
1787 2378 1869 2406 θυσία

1075 2422 1220 2457 σωτηρίου,
1233 2423 1267 2449 τὰ
1282 2423 1309 2450 δὲ
1330 2424 1399 2459 ὑπὲρ
1427 2425 1575 2459 ἁμαρτίας·
1600 2425 1647 2451 καὶ
1670 2425 1704 2451 τὰ
1733 2424 1783 2460 μὲν
1797 2425 1868 2460 ὑπὲρ

1073 2467 1120 2493 τοῦ
1138 2468 1287 2505 ἀρχιερέως
1303 2470 1499 2505 προσεφέρετο,
1524 2472 1558 2497 τὰ
1574 2471 1602 2497 δὲ
1622 2471 1692 2507 ὑπὲρ
1708 2472 1808 2504 παντὸς
1819 2471 1867 2498 τοῦ

1073 2513 1148 2544 λαοῦ,
1165 2515 1198 2541 τὰ
1213 2515 1241 2541 δὲ
1257 2515 1326 2550 ὑπὲρ
1340 2516 1470 2550 ἄρχοντος
1489 2517 1688 2552 ἡμαρτηκότος.
1717 2517 1822 2554 Πολλῆς
1837 2519 1867 2545 δὲ

1071 2559 1154 2595 οῦσης
1178 2563 1205 2587 ἐν
1225 2562 1329 2593 τούτοις
1355 2562 1496 2596 διαφορᾶς,
1512 2563 1572 2589 οὐδὲ
1592 2563 1701 2590 πώποτε
1728 2565 1798 2600 ὑπὲρ
1818 2564 1866 2591 τοῦ

1071 2606 1198 2640 τυχόντος
1209 2608 1349 2643 ἄρχοντος,
1367 2607 1421 2633 οὐδ’
1437 2608 1507 2643 ὑπὲρ
1526 2607 1629 2635 ἰδιώτου
1659 2610 1755 2646 ἀνδρὸς
1767 2611 1867 2646 μόσχος

1071 2652 1227 2688 ἁνεςεέρετο.
1246 2654 1314 2680 Ποτὲ
1328 2654 1356 2680 δὲ
1371 2655 1385 2680 ὁ
1401 2653 1499 2688 μόσχος
1512 2656 1526 2680 ὁ
1540 2655 1628 2691 ἄρρην
1641 2655 1744 2689 ἐθύετο,
1770 2656 1865 2684 ἄλλοτε

1070 2699 1170 2734 πᾶσαὴ
1189 2700 1334 2734 συναγωγὴ
1351 2699 1475 2734 ἁμαρτίᾳ.
1499 2701 1717 2736 περιπεπτώκει,
1733 2702 1804 2738 ὑπὲρ
1827 2699 1865 2739 ἧς

1068 2745 1114 2770 καὶ
1132 2745 1212 2777 αὐτὸς
1228 2747 1242 2772 ὁ
1269 2746 1357 2781 ἱερεὺς
1383 2747 1477 2782 ὥσπερ
1508 2748 1613 2783 κεφαλὴ
1638 2747 1676 2774 ὢν
1700 2748 1746 2775 τοῦ
1762 2748 1863 2781 παντὸς

1067 2790 1131 2816 λαοῦ
1148 2791 1199 2826 τῆς
1215 2792 1352 2827 ἁμαρτίας
1377 2793 1505 2826 κοινωνὸς
1532 2794 1579 2821 τὸν
1601 2794 1700 2830 μόσχον
1726 2795 1861 2831 προσῆγε.

1067 2836 1159 2863 Ταῦτα
1172 2837 1199 2865 δὲ
1224 2838 1252 2865 ἑν
1268 2839 1403 2875 Λευιτικῷ
1431 2840 1522 2875 εὕροις
1551 2839 1584 2867 ἂν
1598 2841 1760 2877 ἐπιστήσας,
1791 2841 1822 2870 ἐν
1836 2836 1861 2876 ᾧ

2036 2480 2040 2629 ί

2033 2686 2036 2796 4
