4128 6392
412 426 509 483 761

1541 416 2043 477 COMMENTARIA
2080 418 2144 475 IN
2183 419 2522 476 PSALMOS.

3564 420 3679 477 762

411 537 743 609 γέγραπταιο
775 554 793 587 ι
830 535 941 589 Καὶ
968 533 1195 607 ιλάλησε
1217 533 1425 608 Κύριος
1458 536 1596 609 πρὸς
1634 534 1877 605 Μωϋσῆν
1903 534 1991 588 λέ·-

2092 534 2316 592 dicens:
2337 534 2587 608 Loquere
2619 535 2686 591 ad
2703 534 2845 592 ﬁlios
2873 532 3061 601 Israel,
3085 534 3314 591 dicens:
3338 531 3396 589 Si
3418 549 3676 592 summus

410 645 543 699 γωνο
587 627 835 699 Λάλησον
863 627 998 699 πρὸς
1027 629 1152 691 τοὺς
1183 628 1332 691 υἱοὺς
1373 628 1589 700 Ἰσραὴλ
1615 627 1807 695 λέγων·
1864 626 1991 680 Ἐἀν

408 720 438 772 6
467 719 755 790 ἀρχιερεὺς
786 719 815 771 6
841 719 1200 790 κεχρισμένος
1238 719 1461 793 ἁμάρτῃ
1521 718 1618 773 τοῦ
1656 716 1786 773 λαὸν
1816 719 1993 792 ἁμαρ·-

409 812 542 872 τεῖν,
579 810 674 862 καὶ
704 808 965 880 προσάξει
1021 811 1150 881 περὶ
1208 812 1305 882 τῆς
1365 811 1641 883 ἁμαρτίας
1705 810 1868 865 αὐτοῦ
1923 806 1992 884 ἦς

407 902 644 971 ἥμαρτε,
685 900 883 970 μόσχον
911 901 974 952 ὲκ
1028 900 1168 969 βοῶν
1224 900 1452 972 ἄμωμον
1483 900 1562 972 τῷ
1617 902 1858 974 Κυρίῳη
1898 906 1992 958 καὶ

411 992 555 1062 ἑξῆς·
601 1012 619 1044 ‹
658 993 782 1045 Ἐὰν
824 992 881 1045 δὲ
914 994 1062 1045 πᾶσα
1115 994 1404 1066 συναγωγὴ
1448 995 1664 1067 Ἰσραὴλ
1726 997 1988 1069 ἀγνοήσῃ,

409 1084 504 1138 καὶ
540 1084 676 1157 λάθῃ
704 1084 855 1155 ῥῆμα
907 1084 967 1149 ἐξ
1019 1086 1312 1158 ὀφθαλμῶν
1367 1088 1466 1158 τῆς
1504 1090 1845 1160 συναγωγῆςσ
1900 1091 1992 1145 καὶΙ

410 1180 675 1248 ποιήσωσι
713 1178 843 1247 μίαν
869 1176 975 1230 ἀπὸ
1001 1177 1189 1231 πασῶν
1225 1178 1333 1231 τῶν
1364 1178 1594 1233 ἐντολῶν
1632 1182 1724 1235 τοῦ
1764 1182 1988 1253 Κυρίου,

408 1270 442 1340 ἢ
477 1270 536 1321 οὐ
575 1268 951 1340 ποιηθήσεται,
982 1269 1077 1322 καὶ
1111 1269 1494 1340 πλημμελῶσι,
1530 1273 1624 1325 καὶ
1652 1273 1867 1343 γνωσθῇ
1895 1274 1993 1325 αύ-

409 1362 520 1423 τοῖς
552 1362 585 1430 ἡ
608 1359 854 1431 ἁμαρτία
884 1359 951 1431 ἣν
988 1361 1233 1431 ἥμαρτον
1267 1363 1325 1415 ἐν
1347 1362 1505 1433 αὐτῇ·
1545 1363 1638 1424 καὶ
1669 1364 1989 1436 προσάξειή

411 1452 698 1524 συναγωγὴ
735 1454 932 1524 μόσχον
957 1455 1021 1508 ὲκ
1053 1454 1190 1526 βοῶν
1222 1456 1473 1527 περὶτῆς
1500 1458 1794 1528 ἁμαρτίας.
1838 1477 1855 1511 »
1882 1459 1992 1512 Καὶ

412 1543 549 1611 μετά
599 1542 774 1621 ταᾷτα
801 1545 834 1615 ὴ
867 1544 1076 1616 ἱστορία
1108 1546 1318 1615 εἰσάγει
1376 1547 1515 1618 ὑπὲρ
1541 1546 1635 1601 τοῦ
1693 1550 1992 1621 ἀρχιερέως

408 1633 599 1688 θυσίαν
650 1632 869 1707 μόσχον,
924 1638 982 1691 ὲν
1032 1632 1112 1700 οἷς
1159 1636 1398 1709 εἴρηταιο
1467 1658 1487 1690 ‹
1526 1641 1632 1692 Καὶ
1670 1642 1989 1713 προσήγαγε

407 1724 648 1796 Μωῦσῆς
677 1726 769 1781 τὸν
796 1727 992 1798 μόσχον
1021 1728 1111 1781 τὸν
1128 1731 1255 1799 περὶ
1292 1730 1393 1800 τῆς
1418 1732 1710 1802 ἁμαρτίας,
1740 1733 1834 1787 καὶ
1863 1734 1991 1787 ἐπέ-

409 1816 576 1889 θηκεν
633 1817 841 1890 Ἀαρὼν
870 1821 963 1873 καὶ
984 1821 1034 1873 οί
1065 1821 1170 1874 υἱοὶ
1198 1820 1365 1875 αὐτοῦ
1392 1822 1498 1885 τὰς
1542 1825 1733 1896 χεῖρας
1772 1826 1864 1878 ἐπὶ
1892 1826 1991 1896 τὴν

406 1907 647 1979 κεφαλὴν
678 1908 771 1961 τοῦ
800 1910 998 1981 μόσχου
1025 1911 1118 1964 τοῦ
1147 1911 1245 1981 τῆς
1278 1913 1573 1986 ἁμαρτίας,
1634 1915 1725 1969 καὶ
1759 1916 1990 1986 ἔσφαξεν
2022 1899 2066 1957 Β

407 1999 621 2052 αὐτόν.»
670 2000 833 2072 Ὁρᾷς
865 2002 958 2055 ἐπὶ
994 2002 1170 2065 ποίοις
1198 2005 1227 2055 6
1264 2006 1461 2075 μόσχος
1499 2007 1870 2079 προσεφέρετο
1898 2009 1991 2061 ἐπὶ

407 2089 556 2162 πάσῃ
581 2093 648 2162 τῇ
681 2094 967 2163 συναγωγῇ
1010 2092 1224 2165 Ἰσραὴλ
1274 2095 1614 2169 ἁμαρτούσῃ,
1646 2099 1739 2151 καὶ
1767 2101 1857 2152 ἐπὶ
1887 2101 1988 2173 ἀρ-

406 2183 579 2249 χιερεῖ
630 2181 1010 2252 ἡμαρτηκότιο
1061 2184 1157 2237 καὶ
1209 2186 1307 2256 οὐχ
1359 2187 1546 2252 ἁπλῶς
1608 2192 1987 2262 ἡμαρτηκότι,

403 2270 541 2324 ἀλλὰ
570 2273 667 2326 καὶ
725 2272 803 2343 τῷ
835 2272 949 2345 λαῷ
981 2274 1137 2347 αἰτίῳ
1169 2277 1446 2348 γενομένῳ
1501 2280 1799 2351 ἁμαρτίαςο
1843 2282 1990 2352 λέγει

406 2362 535 2434 γάρ·
571 2381 590 2414 ι
613 2363 737 2417 Ἐὰν
764 2366 793 2418 6
837 2367 1128 2438 ἀρχιερεὺς
1153 2368 1182 2420 6
1226 2370 1585 2440 κεχρισμένος
1625 2373 1847 2445 ἁμάρτῃ
1893 2373 1989 2428 τοῦ

405 2453 498 2506 τὸν
528 2454 654 2508 λαὸν
683 2457 973 2528 ἁμαρτεῖν
993 2478 1011 2511 »
1044 2458 1160 2513 ἀνθ’
1193 2455 1253 2514 οὗ
1282 2461 1310 2513 6
1358 2460 1587 2527 Ἀκύλας
1623 2465 1988 2538 ἡρμήνευσεψ

410 2565 429 2597 ι
470 2548 565 2610 Εἰς
594 2548 979 2620 πλημμέλησιν
1014 2550 1110 2605 τοῦ
1145 2551 1333 2605 λαοῦ.»
1376 2555 1530 2608 Ἐπεὶ¹
1558 2557 1738 2610 τοίνυν
1767 2559 1909 2613 κατὰ
1930 2560 1991 2613 τὸ

408 2639 675 2709 σωτήριον
710 2639 882 2704 πάθος
926 2642 973 2693 ot
1034 2642 1315 2713 ἀρχιερεῖς
1354 2644 1450 2697 καὶ
1499 2648 1548 2699 ot
1593 2646 1854 2718 ἄρχοντες
1893 2649 1988 2703 τοῦ

419 2725 685 2780 Ἰουδαίων
723 2726 909 2791 ἔθνους
940 2730 1284 2802 συνήχθησαν
1342 2732 1434 2785 ἐπὶ
1478 2734 1539 2787 τὸ
1564 2736 1695 2789 αύτὸ
1726 2737 1869 2792 κατὰ
1893 2738 1989 2793 τοῦ

406 2819 613 2890 Κυρίου
642 2821 735 2873 καὶ
767 2820 910 2875 κατά
954 2823 1050 2876 τοῦ
1100 2826 1340 2897 Χριστοῦ
1375 2828 1562 2892 αὑτοῦ,
1607 2829 1685 2901 τῷ
1730 2849 1791 2883 τε
1829 2834 1992 2886 παντὶ

403 2905 513 2977 λαῷ
555 2908 882 2982 διαστροφῆς
915 2913 1068 2966 αὐτοὶ
1123 2914 1411 2983 γεγόνασιν
1450 2917 1633 2971 αἴτιοιο
1685 2920 1991 2992 γέγραπται

403 2999 532 3069 γάρ’
569 3018 587 3050 ι
623 3003 732 3055 Καὶ
764 3004 811 3055 οί
848 3004 1123 3077 ἀρχιερεῖς
1162 3007 1258 3059 καὶ⁵
1309 3008 1370 3061 τὸ
1400 3010 1673 3081 συνέδριον
1723 3012 1842 3066 ὅλον
1868 3013 1993 3086 ἐζή-

403 3109 529 3146 τουν
557 3094 1030 3169 ψευδομαρτυρίαν
1059 3100 1198 3154 κατά
1219 3102 1312 3156 τοῦ
1356 3102 1550 3172 Ἰησοῦ,
1574 3105 1720 3168 ὅπως
1746 3104 1993 3160 θανωτὼ-

407 3205 572 3241 σωσιν
598 3189 814 3243 αὐτόν’»
848 3192 941 3245 καὶ
964 3192 1122 3245 πάλιν
1152 3193 1303 3264 ἑξῆς·
1334 3214 1352 3245 ι
1377 3197 1439 3248 0i
1493 3196 1551 3249 δὲ
1583 3197 1861 3270 ἀρχιερεῖς
1895 3199 1989 3253 καὶ

402 3282 454 3333 οἱ
481 3280 843 3353 πρεσϐύτεροι
871 3281 1094 3336 ἔπεισαν
1119 3261 1247 3347 τοὺς
1271 3285 1461 3355 ὄχλους
1483 3287 1570 3340 ἵνα
1602 3261 1867 3360 αἰτήσωσι
1897 3290 1987 3343 τὸν
2014 3261 2057 3318 C

403 3371 719 3444 Βαραϐϐᾶν,
758 3374 848 3428 τὸν
871 3374 929 3427 δὲ
969 3375 1176 3446 Ἰησοῦν
1208 3378 1604 3431 ἀπολέσωσιν»
1635 3381 1807 3451 Χρεία
1831 3380 1889 3433 δὲ
1917 3377 1988 3452 ἦν

404 3466 727 3539 καθάρσεως
754 3471 868 3531 τοῖς
899 3467 1070 3522 ταῦτα
1118 3470 1499 3542 τετολμηκόσι,
1532 3474 1625 3526 καὶ
1668 3474 1858 3538 θυσίας
1888 3477 1989 3528 οὐκ

404 3559 590 3631 ἄλλης,
618 3560 652 3632 ἢ
680 3561 778 3632 τῆς
800 3560 889 3614 διὰ
916 3560 1011 3614 τοῦ
1046 3561 1268 3632 μόσχου,
1325 3562 1402 3626 ὡς
1443 3565 1864 3637 μεμαρτύρηται
1899 3565 1989 3620 διὰ

402 3653 506 3724 τῆς
530 3653 888 3725 προτεθείσης
913 3654 1420 3727 Γραφῆς·εῐκότως,
1444 3656 1559 3710 Ούκ
1573 3657 1829 3728 αἰσθητὸν
1854 3657 1986 3727 ἐγὼ,

405 3747 562 3819 φησι,
599 3748 799 3819 μόσχον
836 3747 1151 3819 προσφέρω,
1179 3746 1268 3801 διά
1292 3748 1405 3802 τῶν
1434 3749 1806 3821 προκειμένων
1829 3750 1858 3802 6
1878 3751 1989 3804 Σω-

402 3837 720 3911 τὴρνήμῶν,
758 3838 895 3893 ἀλλὰ
928 3839 1027 3912 τὴν
1083 3838 1330 3910 καθαρὰν
1355 3840 1451 3894 καὶ
1494 3842 1727 3912 ἄναιμον
1774 3840 1987 3906 θυσίαν,

403 3931 471 3999 ἥν
502 3930 663 3992 αὐτὸς
688 3928 799 3998 ἐγὼ
824 3930 1240 4002 συνεστησάμην
1294 3932 1352 3984 ὲν
1376 3934 1441 4002 τῇ
1488 3931 1722 4002 ἐμαυτοῦ
1764 3932 1987 4003 Ἐκκλη-

407 4021 497 4091 σίᾳ
518 4020 605 4074 διὰ
638 4020 737 4092 τῆς
769 4021 1001 4091 ἀναίμου
1028 4021 1121 4075 καὶ
1144 4021 1356 4092 ἀπύρου
1390 4023 1754 4095 λειτουργίας,
1790 4024 1889 4093 τῆς
1920 4024 1988 4078 δι’

405 4114 682 4178 αίνέσεως·
718 4114 839 4184 ἥτις
892 4115 1079 4187 ἀρέσει
1130 4114 1208 4186 τῷ
1267 4115 1386 4188 Θεῷ
1436 4116 1633 4188 μᾶλλον
1685 4117 1718 4187 ἦ
1756 4120 1785 4171 6
1839 4116 1990 4187 παρὰ

404 4209 629 4262 Μωῦσεῖ
659 4208 981 4280 νενομοθετη
991 4210 1149 4279 μένος
1174 4209 1390 4280 μόσχος.
1426 4210 1515 4263 Διὸ
1539 4209 1809 4264 λέλεκται’
1832 4228 1850 4260 ι
1874 4212 1989 4265 Με-

404 4300 621 4368 γαλυνῶ
653 4300 817 4356 αὑτὸν
845 4304 902 4354 ὲν
932 4301 1151 4355 αἰνέσει.
1182 4302 1293 4355 Καὶ⁹
1321 4302 1508 4374 ἀρέσει
1539 4302 1619 4373 τῷ
1642 4302 1814 4373 Θεῷ,»
1843 4305 1876 4375 ή
1909 4304 1992 4358 al-

406 4410 553 4457 νεσις
574 4393 798 4465 δηλαδὴ,
828 4412 846 4445 ι
874 4394 1015 4465 ὑπὲρ
1038 4375 1244 4464 μόσχον
1266 4395 1407 4459 νέον,
1439 4394 1648 4467 κέρατα
1679 4396 1989 4467 ἐκφέροντα

404 4487 501 4541 καὶ
527 4486 716 4549 ὁπλάς.
745 4506 765 4538 »
805 4486 1034 4557 Ἔτυχον
1062 4486 1106 4539 δ’
1135 4486 1202 4540 ἂν
1234 4486 1483 4557 ἀφέσεως
1532 4489 1628 4542 καὶ
1672 4489 1991 4561 καθάρσεως

2093 630 2352 687 sacerdos
2374 631 2469 702 qui
2494 637 2696 685 unctus
2723 638 2809 686 est
2836 630 3162 701 peccaverit,
3210 636 3276 688 ut
3327 643 3557 701 peccare
3586 627 3669 683 fa-

2091 722 2503 794 ciatpopulum,
2534 721 2723 779 oﬁ‘eret
2757 738 2857 793 pro
2902 730 3126 793 peccato
3180 737 3281 779 suo
3317 738 3426 793 quo
3472 737 3672 793 pecca-

2091 816 2191 880 vit,
2226 816 2454 870 vitulum
2486 831 2551 871 ex
2577 815 2754 870 bobus
2806 815 3217 869 immaculatum
3262 814 3495 871 Domino
3526 814 3604 883 “;
3644 832 3666 867 »

2092 920 2158 961 ac
2188 905 2386 962 deinde
2417 921 2430 958 :
2471 923 2489 956 ‹
2517 904 2674 971 Quod
2719 906 2765 961 si
2804 905 2985 960 omnis
3022 918 3296 976 synagoga
3323 903 3490 960 Israel
3522 904 3672 974 igno-

2092 998 2315 1062 raverit,
2364 1004 2420 1054 et
2461 998 2685 1053 latuerit
2727 998 2953 1052 verbum
3001 1013 3068 1052 ex
3115 997 3290 1052 oculis
3343 1012 3667 1068 synagogas:

2092 1100 2186 1145 aut
2220 1089 2414 1144 fecerit
2435 1105 2605 1143 unum
2660 1104 2729 1144 ex
2763 1088 3025 1145 omnibus
3072 1090 3358 1160 praeceptis
3417 1088 3678 1154 Domini;

2093 1189 2186 1237 aut
2219 1197 2329 1237 non
2362 1180 2573 1245 fecerit,
2610 1188 2663 1236 et
2690 1180 2981 1252 deliquerit
3018 1188 3072 1236 et
3127 1181 3444 1252 cognoverit
3475 1196 3606 1251 pecc
3620 1197 3669 1235 a-

2091 1282 2209 1329 tum
2236 1289 2396 1331 suum
2426 1290 2537 1344 quo
2579 1274 2859 1343 peccavit;
2888 1272 3081 1329 olferet
3133 1288 3409 1345 synagoga
3435 1273 3678 1328 vitulum

2091 1383 2157 1422 ex
2186 1368 2360 1424 bobus
2392 1383 2493 1438 pro
2514 1375 2741 1437 peccato
2770 1367 2837 1421 κ.
2872 1386 2891 1418 »
2929 1366 3044 1426 Sub
3067 1366 3181 1421 haec
3213 1373 3393 1420 autem
3443 1380 3542 1435 pro
3593 1380 3681 1420 sa-
3724 1378 3733 1388 '

2091 1458 2309 1513 cerdote
2332 1458 2611 1513 inducitur
2665 1459 2720 1512 in
2779 1458 3111 1514 sacriﬁcium
3168 1457 3395 1522 vitulus,
3426 1473 3553 1512 nam
3584 1457 3670 1511 di-

2091 1550 2233 1603 citur
2261 1565 2274 1600 :
2304 1569 2322 1601 ι
2348 1547 2415 1602 Et
2442 1549 2641 1604 obtulit
2664 1547 2879 1619 Moyses
2916 1547 3149 1602 vitulum
3179 1562 3278 1617 pro
3327 1552 3554 1616 peccato
3579 1560 3592 1598 :
3616 1553 3673 1599 et

2092 1641 2353 1709 imposuit
2373 1641 2553 1694 Aaron
2572 1648 2626 1694 et
2672 1639 2764 1693 ﬁlii
2809 1640 2928 1710 ejus
2956 1654 3153 1694 manus
3182 1653 3351 1708 super
3406 1646 3571 1707 caput
3592 1638 3675 1691 vi-

2091 1732 2189 1786 tuli
2224 1748 2322 1802 pro
2348 1740 2597 1803 peccato,
2628 1739 2684 1787 et
2706 1732 3023 1787 immolavit
3059 1747 3182 1785 eum
3205 1732 3274 1783 ⁵⁸.
3306 1749 3325 1783 ι
3363 1730 3525 1786 Vides
3552 1729 3678 1800 qui-

2092 1827 2196 1880 bus
2215 1826 2284 1881 de
2307 1826 2493 1882 causis
2514 1826 2721 1881 vitulus
2753 1824 3047 1880 offerretur
3088 1839 3187 1894 pro
3212 1824 3471 1879 universa
3504 1837 3674 1893 syna-

2093 1932 2228 1988 goga
2260 1915 2483 1973 lsraelis
2528 1924 2818 1987 peccante,
2867 1925 2921 1971 et
2964 1931 3065 1986 pro
3123 1930 3339 1971 summo
3390 1916 3676 1971 sacerdote

2091 2017 2390 2080 peccante;
2415 2024 2516 2064 nec
2548 2010 2711 2063 modo
2735 2015 3017 2079 peccante,
3076 2008 3171 2063 sed
3215 2008 3383 2063 etiam
3414 2007 3676 2077 populum

2092 2101 2147 2155 in
2176 2109 2465 2172 peccatum
2506 2101 2835 2167 inducente;
2871 2100 3006 2155 dicit
3057 2101 3237 2155 enim:
3276 2117 3295 2151 ι
3335 2098 3393 2156 Si
3423 2113 3675 2158 summus

2091 2194 2372 2259 sacerdos,
2400 2194 2491 2264 qui
2514 2200 2716 2249 unctus
2736 2201 2841 2255 est,
2877 2194 3206 2264 peccaverit,
3252 2201 3311 2248 ut
3338 2208 3564 2263 peccare
3596 2193 3678 2247 fa-

2090 2286 2547 2357 ciatpopulum.»
2582 2286 2689 2341 Pro
2714 2302 2824 2356 quo
2880 2286 3078 2357 Aquila
3140 2286 3221 2342 sic
3282 2286 3676 2357 interpretatus

2088 2384 2212 2433 est:
2251 2395 2270 2428 ι
2308 2376 2368 2431 in
2419 2377 2680 2433 delictum
2730 2377 2940 2447 populi.
2974 2396 2992 2428 »
3052 2375 3191 2443 Quia
3249 2376 3677 2447 igiturtempore

2091 2471 2368 2541 passionis
2428 2469 2641 2525 Domini
2700 2471 2899 2525 summi
2960 2469 3280 2526 sacerdotes
3310 2478 3364 2525 et
3395 2468 3675 2540 principes

2089 2559 2331 2615 Judaicze
2395 2561 2575 2631 gentis
2636 2567 3013 2616 convenerunt
3070 2561 3126 2615 in
3187 2576 3356 2615 unum
3410 2561 3675 2615 adversus

2091 2658 2379 2715 Dominum
2414 2667 2468 2714 et
2501 2659 2766 2714 adversus
2814 2656 3095 2713 Christum
3130 2658 3273 2726 ejus,
3322 2657 3532 2727 totique
3585 2671 3678 2725 po-

2091 2752 2220 2824 pulo
2282 2751 2654 2822 perversionis
2698 2759 2955 2805 auctores
3016 2748 3191 2813 fuere,
3261 2749 3527 2819 scriptum
3593 2755 3676 2802 est

2090 2846 2268 2903 enim:
2297 2863 2315 2897 ι
2345 2844 2630 2915 Principes
2664 2843 3016 2900 sacerdotum
3066 2850 3122 2897 et
3174 2841 3466 2896 consilium
3500 2847 3673 2896 totum

2091 2938 2410 3009 quaerebant
2431 2938 2629 2993 falsum
2666 2936 3045 2992 testimonium
3075 2944 3266 2989 contra
3302 2932 3510 3001 Jesum,
3533 2949 3676 3003 quo-

2092 3028 2257 3084 modo
2288 3029 2452 3083 morti
2481 3027 2902 3084 traderenteum
2926 3028 3002 3095 '7;
3031 3044 3050 3079 »
3087 3042 3151 3082 ac
3180 3042 3431 3081 rursum:
3463 3044 3481 3077 ι
3516 3024 3675 3080 Prin-

2092 3122 2243 3193 cipes
2273 3123 2623 3178 sacerdotum
2661 3130 2714 3175 et
2754 3121 3003 3176 seniores
3050 3125 3450 3189 persuaserunt
3497 3118 3675 3174 turbis

2096 3222 2418 3285 utpeterent
2466 3212 2793 3279 Barabbam,
2825 3210 3009 3268 Iesum
3056 3227 3187 3267 vero
3227 3209 3518 3281 perderent
3550 3210 3617 3265 ⁸⁸.
3650 3230 3670 3263 »

2090 3306 2159 3363 lis
2182 3321 2347 3376 porro
2374 3306 2467 3375 qui
2497 3305 2624 3358 talia
2648 3305 2767 3360 ausi
2797 3303 3015 3360 fuerant
3031 3304 3354 3375 purgatione
3366 3320 3506 3374 opus
3532 3312 3672 3369 erat,

2088 3407 2144 3455 et
2174 3399 2468 3463 sacriﬁcio,
2502 3413 2611 3451 non
2641 3397 2748 3451 alio
2774 3412 2936 3466 quam
2975 3397 3157 3460 vituli,
3178 3405 3237 3451 ut
3266 3395 3551 3467 Scriptura
3576 3413 3672 3453 su-

2091 3494 2276 3565 perius
2309 3493 2474 3546 allata
2524 3491 2871 3546 testiﬁcatur.
2904 3489 3037 3545 Jure
3072 3491 3161 3545 hic
3202 3490 3462 3546 Servator
3487 3499 3677 3547 noster

2091 3586 2203 3640 ait:
2237 3584 2356 3641 Non
2405 3584 2718 3639 sensibilem
2754 3598 2854 3653 ego
2886 3582 3119 3636 vitulum
3142 3582 3394 3652 profero.
3452 3582 3546 3637 scd
3574 3599 3676 3653 pu-

2090 3692 2206 3731 ram
2230 3682 2283 3731 et
2312 3677 2653 3730 incruentam
2706 3674 2963 3736 hostiam,
3006 3689 3167 3743 quam
3201 3689 3302 3744 ego
3330 3674 3543 3753 ipse‘in
3572 3674 3676 3727 Ec-

2091 3770 2259 3825 clesia
2318 3784 2437 3823 mea
2466 3766 2753 3829 censtitui,
2796 3782 2894 3836 per
2950 3767 3299 3820 incruentum
3346 3773 3399 3819 et
3425 3765 3550 3835 igne
3578 3780 3675 3819 va-

2091 3874 2253 3913 cuum
2283 3857 2670 3919 ministerium,
2705 3858 2851 3926 quod
2885 3854 3045 3911 laude
3094 3855 3466 3925 persolvitur;
3526 3855 3675 3925 quod

2093 3965 2226 4007 sane
2255 3950 2366 4007 Deo
2396 3952 2556 4022 longe
2609 3950 2889 4019 acceptius
2917 3956 2971 4001 et
3006 3947 3216 4019 gratius
3240 3947 3366 4010 erit,
3397 3961 3562 4017 quam
3586 3947 3677 4002 ille

2092 4041 2297 4113 Moysis
2327 4043 2445 4112 lege
2493 4042 2811 4110 assignatus
2841 4039 3069 4093 vitulus.
3096 4038 3442 4107 Quapropter
3464 4036 3672 4091 dictum

2091 4140 2176 4189 est
2205 4152 2217 4188 :
2257 4151 2275 4183 ι
2301 4130 2660 4203 Magniﬁcabo
2681 4146 2806 4185 eum
2848 4130 2900 4183 in
2930 4128 3111 4183 laude.
3146 4127 3209 4180 Et
3232 4128 3467 4198 placebit
3487 4126 3617 4188 Deo.
3650 4147 3669 4179 »

2093 4227 2215 4282 laus
2264 4226 2511 4290 scilicet,
2571 4241 2589 4274 ι
2619 4238 2786 4294 super
2842 4222 3079 4276 vitulum
3126 4221 3423 4285 novellum,
3466 4235 3677 4275 cornua

2092 4316 2482 4389 producentem
2512 4324 2567 4372 et
2594 4315 2850 4386 ungulas.
2892 4333 2912 4367 »
2948 4312 3016 4367 Ει
3043 4328 3176 4370 sane
3211 4313 3429 4369 veniam
3476 4328 3677 4383 purga-

2091 4413 2405 4483 tionemque
2425 4426 2551 4467 cum
2592 4410 2870 4482 principes
2896 4407 3267 4470 sacerdotum,
3295 4416 3410 4461 tum
3441 4407 3677 4477 populus

2093 4507 2272 4562 omnis
2335 4504 2615 4561 consecuti
2679 4509 2887 4569 essent,
2955 4501 3002 4557 si
3064 4516 3265 4556 novum
3334 4506 3390 4554 et
3438 4501 3678 4554 salutare

401 4578 511 4633 τῶν
544 4578 952 4650 ἡμαρτημένων
1004 4579 1188 4642 αὐτοῖς
1238 4580 1287 4631 οί
1324 4580 1602 4652 ἀρχιερεῖς
1649 4581 1743 4634 καὶ
1793 4582 1843 4634 οἱ
1895 4579 1989 4634 τοῦ

2093 4599 2503 4656 Testamentum
2552 4596 2940 4667 suscipientes,
2991 4592 3087 4647 tali
3141 4591 3414 4647 sacriﬁcio
3441 4590 3676 4647 fuissent

403 4670 604 4733 παντὸς
630 4668 835 4733 ἔθνους,
861 4671 911 4723 εἱ
950 4670 1219 4742 κέχρηντο
1243 4670 1414 4742 ταύτῃ
1441 4674 1506 4743 τῇ
1531 4671 1710 4743 θυσίᾳ,
1735 4672 1835 4743 τὴν
1861 4690 1985 4726 και-

400 4763 500 4834 νὴν
532 4762 627 4816 καὶ
666 4764 934 4835 σωτήριον
961 4761 1238 4833 Διαθήκην
1269 4764 1723 4836 παραδεξάμενοι.

472 4850 608 4908 Εἶτα
634 4855 799 4927 εὐχὴν
829 4854 1142 4925 ἀναπέμπει
1178 4857 1208 4909 6
1247 4856 1568 4928 προλεχθεὶς
1606 4855 1820 4927 πτωχὸς
1848 4855 1989 4927 ὑπὲρ

402 4946 510 5001 τῶν
540 4947 939 5019 παραπλησίως
966 4946 1114 5019 αὐτῷ
1173 4947 1424 5019 πτωχῶν,
1459 4947 1587 5018 περὶ
1640 4941 1715 5001 ὧν
1751 4948 1991 5002 διδάσκει

402 5039 596 5108 λέγων·
629 5058 648 5091 ι
670 5040 949 5110 Μακάριοι
980 5042 1031 5094 οἱ
1078 5040 1286 5113 πτωχοὶ
1334 5040 1414 5111 τῷ
1447 5040 1740 5112 πνεύματι,
1774 5041 1857 5094 ὃτι
1895 5040 1992 5094 αύ-

400 5129 510 5183 τῶν
537 5131 684 5183 ἐστιν
712 5130 745 5200 ἡ
774 5130 1019 5201 βασιλεία
1068 5131 1175 5185 τῶν
1209 5130 1510 5203 οὐρανῶν.»
1566 5131 1675 5185 Καί
1726 5148 1859 5204 φησι
1900 5129 1991 5184 διά

399 5222 500 5294 τῆς
524 5222 709 5293 εὐχῆςο
749 5241 767 5273 ι
791 5222 1071 5277 Ἰδέτωσαν
1111 5224 1318 5295 πτωχοὶ
1350 5224 1444 5278 καὶ
1468 5222 1980 5296 εύφρανθήτωσαν.»
2012 5247 2017 5253 ·

402 5314 636 5385 Εὔχεται
697 5314 754 5367 δὲ
806 5315 909 5386 ἤδη
958 5316 1089 5369 ποτὲ
1122 5318 1202 5380 εἰς
1260 5316 1399 5387 ἔργα
1428 5317 1674 5390 χωρῆσαι
1731 5314 1801 5369 τὰ
1853 5332 1987 5387 προ-

400 5407 683 5478 λεχθέντα,
708 5407 849 5461 ὥστε
869 5408 1169 5479 ὀφθαλμοῖς
1196 5409 1334 5463 αὐτὰ
1356 5408 1653 5463 θεάσασθαι
1684 5408 1809 5472 τοὺς
1838 5410 1991 5479 εἰρη-

405 5499 601 5569 μένους
637 5500 904 5570 πτωχοὺς,
963 5499 1165 5571 δηλαδὴ
1222 5501 1349 5564 τοὺς
1407 5501 1655 5572 μαθητὰς
1695 5498 1858 5554 αὑτοῦ
1893 5498 1988 5552 καὶ

401 5592 529 5655 τοὺς
552 5592 904 5657 ἀποστόλους,
935 5593 1082 5646 Ἰδεῖν
1109 5593 1166 5646 δὲ
1199 5593 1409 5657 τούτοις
1434 5593 1648 5665 εὔχεται
1680 5592 1776 5664 τὴν
1804 5591 1991 5645 ἀποδο-

406 5683 695 5753 μασμὲνην
723 5683 851 5754 ὑμῖν
907 5682 1185 5754 βασιλείαν
1231 5684 1339 5737 ἀπὸ
1389 5684 1694 5755 καταϐολῆς
1721 5684 1981 5755 κόσμου.»

474 5797 539 5868 ’ἢ
576 5796 750 5853 Levit.
818 5815 893 5863 ιν,
956 5800 1068 5856 1-5.
1146 5801 1192 5833 δυ
1242 5800 1373 5859 ibid.
1403 5802 1597 5868 ιαμ.

405 5868 453 5916 ’ἓ
492 5867 681 5925 Matth.
730 5886 784 5932 γ,
817 5868 871 5927 ’5.

1697 5801 1742 5833 ⁸⁸
1772 5799 1944 5857 Levit.
1979 5815 2108 5864 vni,
2151 5797 2231 5853 l1.

2090 4693 2199 4749 usi.

2158 4843 2364 4900 Deinde
2381 4841 2667 4897 mendicus
2697 4840 2791 4895 ille
2817 4839 3128 4895 orationem
3157 4835 3387 4892 eﬁundit
3416 4851 3516 4906 pro
3540 4849 3678 4905 pau-

2087 4937 2311 5010 peribus
2338 4934 2424 4991 sui
2453 4932 2753 4997 similibus,
2784 4930 2853 4985 de
2877 4930 3079 5000 quibus
3112 4927 3229 4982 haec
3257 4926 3453 4983 tradit:
3483 4944 3503 4980 ι
3526 4925 3676 4983 Beati

2086 5040 2356 5100 pauperes
2410 5022 2634 5093 spiritu,
2691 5019 2954 5091 quoniam
3005 5019 3252 5089 ipsorum
3309 5025 3394 5072 est
3448 5031 3678 5088 regnum

2087 5118 2354 5174 cmlorum
2387 5116 2455 5171 ⁵³.
2486 5132 2505 5166 »
2545 5111 2605 5169 In
2631 5112 2884 5168 oratione
2917 5126 3049 5167 vero
3098 5125 3197 5165 sua
3247 5108 3325 5163 ait
3352 5126 3365 5163 :
3397 5127 3415 5160 ι
3446 5106 3680 5163 Videant

2089 5224 2360 5284 pauperes
2388 5216 2445 5264 et
2472 5208 2740 5262 laetentur.
2775 5223 2795 5257 »
2834 5202 2953 5258 Jam
2989 5213 3169 5257 autem
3194 5209 3449 5273 precatur
3482 5207 3678 5268 atquae

2092 5318 2259 5374 supra
2278 5301 2422 5357 dicta
2445 5307 2575 5357 sunt
2603 5296 2879 5361 eveniant,
2911 5296 2986 5349 ita
3015 5304 3368 5364 utpauperes
3402 5292 3518 5357 isti,
3572 5292 3677 5345 sei-

2090 5399 2218 5454 licet
2254 5395 2511 5465 discipuli
2562 5401 2617 5447 et
2671 5388 2906 5461 apostoli
2960 5388 3068 5453 sui,
3116 5387 3354 5441 videant.
3415 5383 3679 5440 Precatur.

2090 5508 2221 5548 vero
2254 5500 2311 5545 ut
2337 5488 2552 5544 laudem
2601 5487 2747 5541 illam
2776 5483 2949 5538 vitulo
2979 5480 3193 5537 novello
3224 5492 3431 5533 cornua
3465 5475 3673 5547 produ-

2095 5591 2254 5641 cente
2294 5590 2350 5638 et
2389 5579 2623 5651 ungulas
2661 5580 2956 5648 gratiorem
3010 5571 3374 5644 conspiciant.
3427 5567 3495 5621 Et
3537 5582 3671 5625 sane

2102 5698 2122 5732 ι
2161 5679 2236 5734 Ea
2279 5690 2408 5732 vero
2434 5689 2556 5745 qua:
2616 5687 2837 5728 sursum
2894 5677 2991 5725 est’
3035 5666 3335 5722 Jerusalem
3369 5663 3537 5719 libera
3563 5671 3669 5725 est,

2327 5797 2367 5827 "
2402 5790 2591 5849 Matth.
2652 5805 2801 5856 xxvr,
2849 5785 2937 5843 59.
3037 5784 3083 5818 ⁸⁸
3135 5783 3324 5840 Matth.
3351 5797 3522 5848 xxvu,
3575 5778 3668 5840 20.
