4128 6392
489 398 595 453 765

1170 391 1443 449 EUSEBII
1478 390 1961 449 CAESARIENSIS
1999 390 2150 448 OPP.
2192 388 2377 444 PARS
2414 387 2505 444 ιιι.
2546 420 2613 429 -—
2645 386 3057 442 EXEGETICA.

3653 388 3757 443 76‘

483 516 748 589 quoniam
789 514 966 570 oratio
1025 512 1145 581 ejus
1190 512 1467 569 diuturnis
1513 521 1703 582 postea
1730 510 2060 580 temporibus

2170 510 2356 563 θεῖσαν
2371 506 2536 561 αὐτοῦ
2567 508 2769 559 αἵνεσιν
2790 505 2886 577 τὴν
2908 505 3051 575 ὑπὲρ
3075 520 3274 574 μοσχον
3292 504 3409 559 νέον
3436 504 3527 558 τὸν
3549 504 3757 578 κέρατα

483 610 739 666 elicctum
762 614 1058 661 consecuta
1113 612 1219 667 est,
1254 603 1441 659 beatos
1494 603 1825 673 praedicabat
1845 618 1941 657 eos
1973 602 2067 671 qui

484 702 680 755 talium
735 713 918 753 rerum
978 696 1293 767 spectaculo
1326 695 1531 765 dignati
1579 703 1992 765 essent:quare
2013 694 2068 747 in

488 789 799 852 Evangeliis
827 786 1113 856 discipulis
1144 786 1261 841 suis
1282 785 1488 840 dixisse
1510 784 1770 840 scribitur
1795 801 1808 837 :
1847 780 2069 837 (Vestri

482 891 668 937 autem
731 880 1066 942 beatioculi,
1121 880 1251 948 quia
1301 878 1526 943 vident;
1564 886 1620 931 et
1650 892 1813 931 aures
1848 882 2066 941 vestrae,

486 975 618 1045 quia
651 975 881 1029 audiunt
935 974 1000 1024 "l.
1038 992 1058 1026 ι
1095 972 1221 1027 Haec
1276 973 1480 1042 quippe
1504 969 1683 1024 amnia
1743 969 1871 1024 huic
1921 969 2067 1024 dicto

482 1074 662 1132 erant,
710 1048 987 1120 «Videant
1040 1080 1315 1135 pauperes
1346 1104 1361 1127 ,
1411 1072 1465 1118 et
1513 1063 1805 1116 laetentur:
1839 1062 2067 1131 quaerite

485 1159 678 1221 Deum,
708 1170 762 1213 et
802 1159 947 1213 vivet
984 1159 1165 1211 anima
1204 1164 1410 1213 vestra.
1448 1176 1466 1208 ι
1510 1154 1648 1210 Cum
1689 1170 1787 1224 pro
1815 1154 2067 1224 pauperi-

484 1252 588 1308 bus
631 1257 902 1321 rogasset,
962 1249 1110 1319 ipsos
1170 1248 1390 1304 demum
1454 1248 1773 1319 alloquitur,
1824 1246 2067 1315 ipsisque

485 1351 652 1405 vitam
683 1348 995 1410 denuntiat,
1056 1363 1166 1401 non
1224 1362 1539 1417 corporum,
1589 1345 1684 1401 sed
1710 1345 2015 1399 animarum
2048 1364 2060 1397 ε

484 1456 650 1512 quam
686 1440 754 1495 ab
788 1440 924 1509 ipsis
955 1439 1122 1495 Deum
1151 1439 1524 1508 quaerentibus
1546 1438 1919 1507 reperiendam
1943 1452 2066 1491 esse

487 1532 797 1603 pollicetur,
850 1532 981 1584 talia
1046 1530 1190 1585 fatus
1218 1550 1231 1584 :
1261 1550 1277 1580 ‹
1308 1529 1547 1595 ρυιετίιε
1575 1528 1765 1591 Deum,
1816 1536 1869 1582 et
1921 1528 2066 1581 vivet

486 1624 669 1677 anima
702 1632 902 1678 vestra.
936 1642 955 1676 ι
991 1621 1138 1678 Fons
1168 1623 1370 1691 quippe
1421 1622 1545 1675 vita:
1569 1635 1737 1689 penes
1772 1619 1925 1673 illum
1957 1626 2061 1673 est.

484 1715 853 1781 Quamobrem
877 1714 1068 1770 iisdem
1110 1712 1446 1783 pauperibus
1467 1712 1733 1782 praecipit,
1770 1719 1852 1774 ut,
1882 1710 2063 1763 omnia

484 1806 897 1879 postpone‘utes,
936 1809 1087 1861 illum
1144 1808 1247 1861 iide
1287 1808 1539 1876 bonaque
1572 1820 1667 1875 spe
1720 1804 1915 1857 muniti
1944 1818 2065 1872 per-

2174 602 2475 673 ἐκφέροντα
2534 602 2627 655 καὶ
2678 599 2873 662 ὁπλάς.
2907 600 3014 651 Καὶ
3052 598 3117 669 δὴ
3168 598 3552 670 πληρουμένης
3588 601 3757 657 αὐτοῦ
3791 597 3797 605 ’

2172 692 2272 762 τῆς
2299 692 2465 761 εὐχῆς
2506 692 2739 762 μακροῖς
2769 690 2993 759 ὕστερον
3027 688 3260 759 χρόνοις,
3296 689 3598 760 ἐμακάριζε
3630 692 3758 755 τοὺ.⁵

2173 781 2613 854 κατηξιωμένους
2656 783 2755 852 τῆς
2798 781 2907 833 τῶν
2956 782 3299 851 πραγμάτων
3353 781 3503 845 θέας·
3564 781 3644 835 διὸ
3697 785 3758 835 ἐν

2171 876 2524 945 Εύαγγελίοις
2554 877 2966 945 ἀναγέγραπται
3014 878 3129 939 τοῖς
3161 874 3327 930 αὐτοῦ
3355 875 3622 946 μαθηταῖς
3674 878 3757 929 εί-

2171 968 2307 1021 πών·
2343 988 2361 1021 ‹
2396 968 2577 1039 ’Υμῶν
2604 968 2661 1020 δὲ
2697 969 3021 1040 μακάριοιοί
3052 968 3439 1038 ὀφθαλμοὶ,ὄτι
3474 968 3757 1038 βλέπουσι,

2171 1060 2268 1112 καὶ
2293 1059 2361 1113 τὰ
2386 1054 2499 1112 ὦτα
2531 1058 2706 1129 ὑμῶν,
2738 1059 2819 1111 ὅτι
2850 1058 3162 1112 ἀκούουσι.»
3220 1057 3407 1113 Ταῦτα
3455 1058 3565 1128 γὰρ
3611 1058 3757 1129 σύμ-

2170 1170 2322 1221 φωνα
2352 1148 2419 1221 ἦν
2451 1151 2529 1221 τῷ
2554 1152 2784 1221 φήσαντι
2823 1150 2984 1222 λόγῳ·
3039 1170 3057 1201 ι
3095 1150 3370 1204 Ἰδέτωσαν
3420 1153 3626 1222 πτωχοὶ
3657 1153 3755 1204 καὶ

2169 1242 2647 1313 εύφρανθήτωσαν·
2682 1241 3016 1313 ὲκζητήσατε
3038 1241 3127 1295 τὸν
3158 1241 3312 1305 Θεὸν,
3341 1242 3435 1294 καὶ
3467 1240 3691 1311 ζήσεται
3716 1244 3749 1312 ή

2167 1332 2313 1404 ψυχὴ
2348 1333 2553 1403 ὑμῶν.»
2610 1332 2922 1403 Εύξάμενος
2969 1332 3108 1403 ὑπὲρ
3141 1331 3247 1385 τῶν
3312 1331 3565 1401 πτωχῶν,
3616 1332 3751 1402 πρὸς

2168 1425 2364 1488 αὐτοὺς
2385 1424 2569 1477 λοιπὸν
2596 1427 2827 1477 ποιεῖται
2869 1423 2959 1477 τὸν
3016 1424 3192 1493 λόγον,
3251 1423 3660 1493 εύαγγελίζεταί
3691 1440 3751 1476 τε

2167 1520 2349 1582 αὐτοῖς
2383 1517 2525 1589 ζωὴν
2552 1518 2611 1571 ού
2642 1518 2933 1587 σωμάτων,
2987 1517 3122 1571 ἀλλὰ
3154 1517 3361 1588 ψυχῶν·
3422 1518 3517 1572 καὶ
3547 1516 3751 1587 ταύτην

2168 1613 2351 1675 αὐτοῖς
2383 1611 2776 1683 εὑρεθήσεσθαι
2813 1611 3148 1682 ὲκζητήσασι
3173 1613 3262 1665 τὸν
3297 1612 3429 1665 Θεὸν
3474 1610 3749 1680 ἐπαγγέλ-

2167 1705 2335 1759 λεται·
2371 1705 2449 1757 διό
2479 1721 2629 1775 φησι·
2665 1724 2683 1756 ι
2707 1705 3076 1777 Ἐκζητήσατε
3105 1705 3195 1759 τὸν
3214 1705 3365 1772 Θεὸν,
3401 1706 3497 1759 καὶ
3524 1704 3750 1777 ζήσεται

2166 1798 2198 1867 ἡ
2239 1795 2382 1865 ψυχὴ
2406 1795 2580 1865 ὑμὼνο
2619 1814 2636 1846 ι
2692 1796 2848 1865 "nm
2906 1797 3014 1866 γὰρ
3059 1794 3201 1866 ζωῆς
3255 1798 3385 1868 παρ’
3429 1795 3599 1867 αὐτῷ.
3658 1798 3751 1850 Διὸ

483 1901 736 1970 quirant;
770 1901 845 1954 ita
876 1902 1023 1957 enim
1062 1916 1157 1955 eos
1190 1902 1300 1953 vita
1343 1900 1541 1952 anima:
1577 1900 1818 1953 victuros
1843 1896 2060 1967 pollice-

2170 1891 2348 1943 πάντα
2380 1889 2607 1961 δεύτερα
2632 1889 2890 1960 θεμένους
2946 1891 3070 1953 τοὺς
3121 1892 3444 1962 εἰρημένους
3477 1891 3746 1961 πτωχοὺς,

483 1993 712 2048 tur:de
761 2008 868 2063 qua
922 1993 1034 2047 vita
1088 1993 1201 2046 haec
1264 1990 1559 2060 Apostolus
1617 1990 1845 2043 docuit:
1888 1987 2063 2041 «Nam

482 2084 597 2143 vita
653 2091 836 2140 vestra
890 2084 1212 2138 abscondita
1266 2091 1351 2137 est
1392 2097 1515 2135 cum
1570 2080 1793 2135 Christo
1841 2080 1897 2134 in
1930 2077 2059 2134 Deo.

479 2174 618 2229 Cum
643 2182 823 2229 autem
867 2174 1121 2229 Christus
1169 2174 1484 2243 apparuerit
1535 2172 1646 2224 vita
1696 2180 1896 2234 vestra,
1932 2179 2065 2223 tunc

478 2280 537 2324 et
589 2282 688 2321 vos
724 2282 849 2321 cum
884 2267 977 2321 illo
1024 2264 1364 2336 apparebitis
1414 2264 1467 2316 in
1516 2262 1688 2333 gloria
1713 2262 1779 2314 ⁸¹.
1822 2282 1839 2314 ι
1868 2260 2063 2315 Postea

479 2359 700 2415 subdit:
740 2378 758 2409 ι
780 2358 1048 2424 Quoniam
1068 2358 1347 2412 exaudivit
1401 2370 1665 2426 pauperes
1693 2354 1979 2419 Dominus,
2008 2362 2063 2409 et

481 2452 693 2506 vinctos
715 2467 846 2506 suos
870 2467 978 2504 non
1008 2451 1276 2521 despexit.
1318 2470 1335 2501 ›
1372 2449 1471 2503 Hic
1512 2464 1766 2511 rursum,
1807 2446 2063 2502 «exaudi-

478 2544 579 2608 vit,
610 2565 626 2596 ι
665 2560 784 2614 pro,
823 2562 841 2595 ι
871 2544 1160 2607 exaudiet;
1204 2564 1221 2595 ι
1256 2552 1310 2598 et
1341 2585 1354 2609 ,
1393 2562 1411 2592 ‹
1442 2558 1549 2595 non
1586 2542 1856 2612 despexit.
1886 2559 1903 2590 ι
1941 2554 2060 2610 pro,

485 2648 505 2681 ι
544 2645 652 2684 ιιοιι
677 2630 964 2701 despiciet,
993 2651 1011 2681 ι
1048 2630 1253 2685 dictum
1278 2640 1381 2685 est.
1414 2630 1682 2699 Cumjam
1713 2631 1861 2684 enim
1890 2629 2061 2683 dixis-

478 2730 583 2786 set,
620 2739 638 2771 ι
668 2722 903 2787 Quaerite
934 2720 1127 2786 Deum,
1176 2731 1230 2776 et
1272 2722 1417 2776 vivet
1468 2724 1649 2775 anima
1698 2730 1917 2784 vestra;
1950 2741 1968 2773 ι
1998 2719 2063 2774 ﬁ-

478 2815 673 2869 denter
708 2815 804 2877 ait,
852 2815 1099 2884 quzerite,
1154 2814 1415 2884 quoniam
1469 2813 1725 2868 exaudiet
1770 2828 2055 2882 pauperes.

477 2904 665 2976 Neque
686 2906 828 2960 enim
860 2904 1314 2975 voluptariorum,
1341 2906 1703 2975 superborum
1731 2914 1783 2959 et
1805 2920 2061 2973 arrogan-

479 2998 617 3051 tium
668 2996 811 3052 Deus
840 3005 957 3064 est;
994 2997 1090 3052 sed
1135 2998 1422 3053 humilium
1457 3006 1509 3053 et
1544 3014 1863 3067 pauperum.
1914 2996 2061 3062 Qua-

478 3102 701 3161 propter
717 3091 918 3145 dicitur
952 3110 963 3144 :
1003 3110 1020 3142 ‹
1054 3089 1115 3144 ln
1142 3105 1304 3159 quem
1338 3092 1647 3160 respiciam,
1689 3090 1796 3144 nisi
1825 3090 1878 3143 in
1904 3104 2059 3143 man-

480 3194 697 3239 suetum
731 3192 785 3240 et
829 3185 1086 3239 humilem
1142 3192 1196 3239 et
1228 3185 1471 3254 quietum
1502 3192 1556 3239 et
1594 3192 1914 3237 trementem
1943 3198 2060 3238 ser-

2166 1982 2413 2052 ἐκζητεῖν
2437 1984 2599 2037 αὑτὸν
2629 1984 2955 2054 προστάττει
2987 1984 3124 2054 μετὰ
3160 1984 3393 2047 πίστεως
3420 1985 3514 2038 καὶ
3538 1985 3751 2056 ἀγαθῆς

2165 2072 2395 2135 ἐλπίδος·
2459 2072 2721 2137 ζήσεσθαι
2774 2073 2881 2144 γὰρ
2916 2074 3111 2138 αὐτοὺς
3181 2075 3578 2143 ἐπαγγέλλεται
3604 2072 3751 2147 ζωὴν

2163 2164 2360 2235 ψυχῆς,
2425 2165 2551 2239 περὶ
2606 2162 2671 2239 ἧς
2720 2168 2809 2219 καὶ
2836 2169 2863 2219 ὁ
2910 2166 3229 2230 Ἀπόστολος
3262 2167 3510 2222 ἐδίδασκε
3535 2168 3707 2237 λέγων
3730 2187 3745 2199 ·

2170 2278 2193 2308 ι
2213 2258 2273 2309 Ἡ
2304 2258 2411 2329 γὰρ
2443 2258 2553 2328 ζωὴ
2577 2259 2729 2328 ὑμῶν
2764 2259 3068 2330 κέκρυπται
3104 2260 3199 2312 σὺν
3232 2258 3309 2330 τῷ
3342 2258 3562 2331 Χριστῷ
3592 2260 3650 2312 ὲν

2164 2350 2302 2421 Θεῷ.
2348 2353 2513 2405 Ὅταν
2544 2355 2571 2405 ὁ
2612 2352 2842 2423 Χριστὸς
2900 2353 3187 2424 φανερωθῇ
3213 2355 3245 2424 ή
3278 2352 3393 2423 ζωὴ
3425 2354 3599 2424 ὑμῶν,
3626 2354 3747 2407 τότε

2164 2446 2257 2498 καὶ
2290 2446 2446 2515 ὑμεῖς
2477 2446 2573 2498 σὺν
2596 2446 2743 2516 αὐτῷ
2775 2446 3223 2518 φανερωθήσεσθε
3258 2451 3313 2500 ἐν
3367 2447 3512 2521 δόξῃ.
3555 2468 3573 2500 ι
3636 2443 3746 2501 Εἶτ’

2163 2537 2422 2605 ἐπιλέγει·
2472 2537 2627 2590 «Ὅτι
2674 2539 2957 2609 εἰσήκουσε
3000 2538 3108 2592 τῶν
3158 2542 3406 2611 πενήτων
3453 2543 3481 2593 ὁ
3520 2540 3743 2611 Κύριος,

2163 2630 2256 2682 καὶ
2288 2632 2412 2694 τοὺς
2434 2630 2841 2701 πεπεδημένους
2862 2630 3028 2684 αὑτοῦ
3056 2632 3154 2685 οὐκ
3182 2633 3556 2698 ἐξουδένωσε.»
3578 2631 3745 2687 Πάλιν

2160 2721 2217 2775 δὲ
2250 2722 2528 2776 κάνταῦθα
2555 2722 2637 2785 τὸ,
2676 2742 2694 2772 ι
2724 2724 3099 2792 είσήκουσεν,ι
3139 2723 3257 2776 ἀντὶ
3306 2724 3421 2787 τοῦ,
3453 2743 3471 2775 ι
3500 2723 3745 2777 εἰσακού-

2163 2831 2335 2876 σεται,
2358 2834 2375 2864 ι
2393 2814 2625 2885 εἴρηται.
2645 2814 2738 2867 καὶ
2765 2814 2845 2877 τὸ,
2883 2834 2900 2865 ι
2933 2814 3033 2868 οὐκ
3052 2814 3426 2881 ὲξουδένωσεν,
3454 2834 3471 2866 ι
3494 2816 3613 2869 ἀντὶ
3627 2814 3743 2877 τοῦ,

2167 2924 2185 2955 ι
2214 2907 2313 2958 οὐκ
2340 2905 2737 2969 ὲξουδενώσει.»
2780 2905 3065 2978 Προειπὼν
3096 2907 3224 2979 γὰρ,
3271 2926 3288 2958 ι
3316 2910 3594 2980 Ζητήσατε
3653 2906 3745 2961 τὸν

2160 2996 2312 3059 Θεὸν,
2346 2998 2438 3049 καὶ
2472 2996 2695 3068 ζήσεται
2724 2998 2756 3067 ή
2782 2996 2927 3067 ψυχὴ
2958 2996 3166 3067 ὑμῶν,ι
3214 2998 3559 3070 θαρσούντως
3588 3000 3743 3071 φησι,

2160 3091 2461 3160 Ζητήσατε,
2492 3091 2573 3142 ὅτι
2627 3092 3003 3144 είσακούσεται
3060 3092 3169 3144 τῶν
3196 3094 3465 3164 πενήτων.
3508 3095 3583 3147 Ού
3637 3093 3745 3167 γὰρ

2157 3179 2489 3252 τρυφώντων
2516 3180 2663 3233 ἐστὶν
2690 3182 2718 3234 ὀ
2750 3182 2903 3245 Θεὸς,
2932 3182 3052 3234 οὐδὲ
3077 3184 3401 3254 ὲπῃρμένων
3425 3185 3518 3238 καὶ
3550 3183 3746 3250 ἀλαζο-

479 3293 670 3333 mones
711 3293 859 3333 meos
896 3276 974 3330 "?
1013 3296 1031 3328 ι
1067 3275 1295 3332 Fiducia
1338 3278 1504 3347 igitur
1549 3276 1803 3331 instructi
1836 3277 2060 3344 quwrite

2164 3272 2486 3342 νευομένων,
2513 3273 2647 3327 ἀλλὰ
2698 3274 2973 3328 ταπεινῶν
3026 3275 3118 3327 καὶ
3174 3276 3439 3347 πενήτων.
3476 3276 3567 3330 Διὸ
3599 3278 3749 3350 εῐρη-

481 3367 675 3430 Deum,
703 3370 859 3439 gnari
887 3367 1174 3423 Dominum
1208 3386 1307 3424 vos
1346 3384 1615 3439 pauperes
1649 3368 2055 3431 exauditurum,

477 3470 533 3516 et
568 3463 778 3517 vinctos
799 3478 929 3518 suos
963 3479 1071 3517 non
1111 3463 1496 3531 despecturum
1521 3475 1679 3526 esse;
1715 3460 1831 3516 sive
1859 3475 2058 3515 secun-

477 3552 609 3606 dum
670 3552 1098 3621 Symmachum:
1132 3572 1149 3604 ι
1184 3552 1249 3605 Ει
1287 3554 1501 3605 vinctos
1562 3566 1693 3605 suos
1751 3568 1858 3606 non
1905 3553 2060 3622 parvi

482 3644 693 3699 faciet.»
725 3643 844 3710 Quo
866 3653 1027 3715 pacto
1055 3653 1233 3699 autem
1250 3645 1303 3697 hi
1333 3658 1621 3713 pauperes,
1640 3643 1804 3697 vincti
1833 3653 1886 3698 et
1907 3658 2053 3699 com-

478 3736 643 3805 pediti
682 3734 1181 3806 luerintintelliges,
1207 3738 1251 3790 si
1277 3737 1502 3791 Paulum
1534 3737 1724 3792 audias
1755 3738 2055 3794 dicentem:

484 3848 502 3877 ι
526 3825 730 3881 Paulus
760 3827 975 3881 vinctus
1004 3826 1134 3882 Jesu
1182 3827 1388 3882 Christi
1415 3827 1459 3858 ⁸³
1486 3846 1499 3881 :
1526 3848 1544 3879 ι
1576 3843 1639 3880 ac
1674 3828 1931 3883 similiter
1982 3844 2061 3883 re-

479 3920 615 3989 liqui
678 3920 932 3990 discipuli
988 3937 1087 3989 pro
1124 3921 1328 3977 Christi
1368 3921 1566 3975 vinctis
1616 3920 1870 3975 habendi.
1919 3920 2061 3987 Quin

473 4012 640 4066 etiam
679 4013 713 4066 ii
746 4015 840 4083 qui
872 4014 927 4067 in
960 4014 1311 4068 tabernaculo
1341 4014 1631 4086 (corporis)
1662 4015 1819 4083 quasi
1853 4014 1905 4068 in
1942 4016 2058 4068 vin-

476 4104 617 4157 culis
670 4110 818 4167 sunt,
867 4104 1054 4173 lugent
1104 4105 1476 4173 supplicantes
1509 4121 1538 4158 a
1573 4107 1804 4161 vinculis
1867 4106 2003 4175 eripi
2042 4121 2056 4158 :

472 4206 647 4262 quare
677 4191 867 4246 dicunt
896 4211 908 4245 :
949 4212 966 4243 ‹
1001 4191 1195 4245 Infelix
1210 4207 1309 4261 ego
1334 4193 1517 4257 homo,
1543 4192 1667 4262 quis
1694 4208 1777 4247 me
1808 4191 2061 4246 liberabit

474 4298 545 4337 ex
581 4298 809 4352 corpore
864 4283 1057 4339 mortis
1093 4284 1256 4352 hujus
1288 4284 1365 4337 “?
1404 4303 1421 4335 ι
1459 4284 1561 4349 Qui
1607 4300 1737 4354 ergo
1788 4282 2062 4353 corrupti-

474 4375 570 4429 bili
593 4390 823 4443 corpore
852 4376 1037 4430 onusti
1069 4384 1218 4442 sunt,
1254 4383 1309 4431 et
1338 4378 1749 4447 corruptionem
1806 4390 2062 4430 aversan-

475 4472 588 4529 tur,
638 4474 917 4537 gementes
966 4467 1022 4521 in
1071 4467 1174 4521 hac
1205 4470 1551 4536 corruptibili
1597 4470 1728 4533 vita,
1768 4469 1933 4523 vincti
1967 4467 2058 4521 Dei

472 4564 627 4621 sunt,
662 4566 715 4613 et
746 4559 1038 4629 compediti
1062 4560 1203 4629 ejus,
1233 4576 1468 4630 quorum
1510 4560 1925 4631 deprecationes
1948 4573 2056 4612 non

475 4650 737 4720 despiciet
759 4666 935 4720 neque
958 4651 1321 4706 aversabitur.
1373 4652 1476 4719 Qui
1504 4668 1634 4706 vero
1678 4651 1895 4705 vincula
1954 4664 2054 4705 sua

476 4743 839 4814 impinguant,
866 4751 921 4800 et
954 4744 1124 4798 nimia
1154 4746 1433 4814 voluptate
1497 4745 1700 4810 fovent,
1736 4745 1902 4800 vincti
1927 4760 2054 4800 cor-

475 4837 745 4907 ruptionis
772 4844 827 4892 et
860 4841 1053 4891 mortis
1078 4837 1200 4905 jure
1224 4838 1496 4892 dicantur.

2160 3382 2267 3418 ται·
2316 3385 2334 3416 ι
2377 3365 2501 3417 Ἐπὶ
2524 3365 2647 3419 τίνα
2668 3366 2942 3435 emerge...
2982 3367 3014 3437 ἥ
3050 3368 3142 3419 ἐπὶ
3174 3367 3266 3420 τὸν
3301 3370 3473 3439 πρᾶον
3510 3370 3603 3422 καὶ
3648 3387 3746 3423 τα-

2161 3457 2365 3521 πεινὸν,
2402 3458 2497 3511 καὶ
2534 3458 2755 3529 ήσύχιον
2781 3460 2876 3512 καὶ
2903 3459 3177 3531 τρέμοντά
3204 3477 3302 3531 μου
3329 3463 3454 3525 τοὺς
3481 3460 3673 3530 λόγους
3692 3480 3705 3528 ;
3722 3484 3741 3516 ι

2160 3550 2499 3621 Θαρσοῦντες
2532 3548 2624 3604 οὖν
2646 3550 2916 3623 ζητήσατε
2950 3552 3042 3604 τὸν
3092 3552 3244 3619 Θεὸν,
3273 3554 3494 3619 εἰδότες,
3524 3556 3605 3608 ὅτι
3635 3559 3748 3610 είσ-

2162 3642 2455 3698 ακούσεται
2506 3643 2657 3715 ὑμῶν
2706 3644 2814 3696 τῶν
2869 3646 3115 3715 πενήτων
3160 3646 3383 3719 Κύριος,
3473 3650 3566 3702 καὶ
3617 3652 3745 3714 τοὺς

2163 3734 2569 3804 πεπεδημένους
2619 3735 2784 3789 αὐτοῦ
2828 3737 2928 3790 ούκ
2961 3736 3328 3801 ἐξουδενώσει·
3376 3740 3408 3810 ἢ
3458 3741 3600 3795 κατὰ
3654 3742 3747 3795 τὸν

2162 3826 2477 3896 Σύμμαχον,
2531 3847 2547 3877 ι
2598 3828 2709 3881 Καὶ
2767 3830 2894 3892 τοὺς
2936 3828 3219 3899 δεσμώτας
3255 3832 3381 3894 τοὺς
3426 3834 3618 3887 ἑαυτοῦ
3646 3829 3746 3888 ούόι

2162 3918 2503 3983 ὲξευτελίσει.
2540 3940 2557 3971 ι
2620 3922 2854 3992 Νοήσεις
2904 3921 2960 3974 δὲ
3020 3923 3169 3986 ὅπως
3230 3924 3280 3975 οἱ
3336 3925 3542 3995 πτωχοὶ
3601 3922 3747 3981 οῦτοι

2160 4012 2435 4083 δεσμῶται
2461 4014 2554 4064 κα)⁵
2582 4012 2943 4084 πεπεδημένοι
2967 4014 3251 4082 γεγόνασιν
3284 4017 3494 4070 ἀκούων
3530 4018 3745 4073 Παύλου

2161 4100 2432 4168 λέγοντος·
2493 4121 2509 4151 ι
2569 4102 2775 4165 Παῦλος
2814 4103 3037 4174 δέσμιος
3102 4104 3276 4174 Ἰησοῦ
3333 4107 3589 4177 Χριστοῦ·
3633 4128 3650 4158 ι

2162 4195 2561 4265 παραπλησίως
2605 4195 2699 4248 καὶ
2760 4197 2811 4248 οἱ
2868 4194 3048 4250 λοιποὶ
3084 4198 3323 4269 μαθηταὶ
3353 4199 3571 4269 δέσμιοι
3603 4195 3745 4271 ἦσαν

2161 4286 2416 4356 Χριστοῦ.
2468 4286 2627 4339 Ἀλλὰ
2677 4287 2771 4339 καὶ
2806 4289 2853 4340 οἱ
2902 4288 3052 4353 ὅντες
3101 4293 3158 4344 ὲν
3209 4292 3285 4362 τῷ
3344 4294 3528 4362 σκήνει
3558 4291 3746 4365 ῶσπερ

2161 4379 2220 4430 ὲν
2255 4378 2469 4448 δεσμοῖς
2509 4378 2659 4441 ὄντες
2696 4378 2937 4433 στένουσι
2977 4382 3198 4454 λυθῆναι
3245 4383 3353 4436 τῶν
3392 4384 3605 4455 δεσμῶν
3637 4388 3749 4438 ίκεοι

2161 4470 2422 4533 τεύοντες·
2456 4471 2535 4524 διό
2563 4488 2713 4540 φασι·
2751 4490 2769 4523 ι
2801 4474 3157 4545 Ταλαίπωρος
3206 4476 3315 4544 ἐγὼ
3336 4476 3640 4548 ἄνθρωπος,
3660 4477 3746 4543 τίς

2167 4582 2234 4636 με
2264 4564 2484 4634 ῥύσεται
2524 4568 2588 4620 ὲκ
2619 4568 2869 4640 σώματος
2925 4567 3017 4621 τοῦ
3056 4568 3284 4621 θανάτου
3345 4570 3533 4623 τούτου
3563 4588 3577 4637 ;
3602 4590 3620 4623 ι
3678 4572 3744 4626 0i

2165 4656 2265 4727 μὲν
2296 4652 2389 4710 οὖν
2427 4657 2487 4710 τὸ
2518 4657 2751 4729 φθαρτὸν
2784 4659 2941 4729 σῶμα
2988 4659 3337 4731 βαρούμενοι,
3378 4661 3470 4714 καὶ
3491 4662 3591 4733 τὴν
3615 4661 3745 4730 φθο-

2163 4746 2263 4819 ρὰν
2298 4748 2785 4820 ἀποστρεφόμενοι,
2815 4751 3089 4813 στένοντές
3148 4769 3206 4803 τε
3242 4751 3334 4803 ἐπὶ
3392 4751 3470 4822 τῷ
3518 4752 3744 4823 φθαρτῷ

2165 4837 2283 4908 βίῳ,
2314 4838 2587 4909 δεσμῶται
2622 4840 2713 4894 τοῦ
2755 4842 2889 4895 Θεοῦ
2924 4845 3269 4913 τυγχάνουσι,
3306 4845 3400 4897 καὶ
3437 4843 3745 4914 πεπεδημέ-

472 4950 554 4986 νοι
586 4931 775 4997 αὑτοῦ,
804 4926 880 4987 ὦν
903 4933 1003 4997 τὰς
1025 4934 1191 5004 εὐχὰς
1222 4935 1321 4988 ούκ
1353 4933 1721 4999 ὲξουδενὼσει,
1762 4935 1883 4988 οὐδὲ
1915 4936 2418 5007 ἀποστραφήσεται.
2462 4936 2525 4988 Οἱ
2551 4935 2609 4989 δὲ
2639 4938 2763 4999 τοὺς
2786 4937 2992 4991 ἑαυτῶν
3020 4938 3252 5009 δεσμοὺς
3281 4938 3606 5005 πιαίνοντες,
3649 4938 3743 4992 καὶ

469 5024 562 5081 διὰ
598 5026 799 5098 πολλῆς
831 5028 1044 5099 τρυφῆς
1073 5028 1443 5100 περιέποντες,
1478 5030 1754 5102 δεσμῶται
1789 5029 1996 5102 φθορᾶς
2034 5031 2127 5084 κα¹ι
2150 5030 2380 5084 θανάτου
2407 5029 2648 5099 λεχθεῖεν
2680 5031 2745 5085 ἂν
2780 5034 3023 5096 εἰκότως.

547 5146 709 5203 Vens.
736 5148 825 5203 55.
855 5168 873 5200 ι
912 5149 1159 5205 Laudent
1198 5150 1350 5206 illum
1394 5153 1517 5207 coeli
1547 5161 1601 5208 et
1632 5161 1796 5218 terra,
1832 5168 1981 5208 mare
2001 5161 2056 5207 et

472 5238 653 5290 omnia
685 5239 898 5307 reptilia
925 5239 980 5292 in
1004 5257 1088 5295 eo.
1119 5260 1137 5294 ι
1188 5241 1456 5307 Quoniam
1512 5259 1734 5314 regnum
1790 5245 2052 5299 ccelurum

472 5327 803 5403 pauperibus
835 5331 1110 5400 pollicitus
1154 5340 1240 5387 est
1297 5333 1384 5388 his
1432 5334 1649 5389 verbis:
1696 5354 1715 5385 ‹
1748 5334 1895 5389 Beati
1925 5350 2054 5405 pau-

473 5433 630 5487 peres
655 5420 870 5489 spiritu,
904 5424 1165 5491 quoniam
1208 5424 1451 5493 ipsorum
1503 5435 1586 5482 est
1635 5442 1863 5497 regnum
1886 5428 2053 5484 coelo-

472 5526 593 5565 rum
655 5512 732 5577 “;
768 5531 786 5564 ι
851 5514 1143 5569 admodum
1205 5527 1605 5588 consequenter
1648 5528 1933 5590 postquam
1985 5520 2052 5575 de

473 5604 804 5672 pauperibus
865 5606 1079 5661 locutus
1100 5616 1184 5663 est
1214 5649 1228 5674 ,
1288 5610 1496 5665 infert:
1539 5629 1556 5661 ι
1582 5610 1828 5667 Laudent
1898 5612 2049 5667 illum

543 5756 813 5831 ‘f_Ma_tth.
873 5777 994 5831 xm,
1055 5762 1141 5819 l6.

543 5765 813 5815 "Matth.
873 5777 994 5831 xm,
1055 5765 1141 5819 l6.
1255 5765 1294 5799 “
1331 5766 1543 5823 Coloss.
1608 5784 1688 5837 ιιι,
1737 5768 1790 5837 5,
1850 5768 1905 5825 4.

476 5827 521 5863 ιι
560 5827 729 5863 mm.
782 5846 813 5863 ι,
865 5831 897 5863 -ις

560 5827 752 5885 Matth.
782 5846 835 5897 v,
864 5831 915 5885 5.

2014 5771 2058 5802 "
2112 5768 2218 5828 lsa.
2276 5786 2422 5836 ιλιι-ι,
2483 5770 2579 5825 2.‘

2241 5170 2260 5201 ι
2304 5151 2684 5206 Αἰνεσάτωσαν
2718 5153 2878 5205 αὐτὸν
2906 5154 2963 5206 ού
2973 5155 3121 5224 ρανοὶ
3146 5157 3240 5209 καὶ
3263 5155 3356 5227 γῆ,
3380 5154 3626 5212 θάλασσα
3649 5156 3745 5209 καὶ

2163 5239 2340 5293 πάντα
2369 5240 2439 5294 τὰ
2462 5241 2696 5313 ἓρποντα
2743 5246 2800 5296 ὲν
2853 5245 3044 5316 αὐτῇ.»
3102 5246 3321 5318 Ἐπειδὴ
3350 5251 3459 5312 τοῖς
3510 5254 3743 5320 πτωχοῖς

2160 5331 2527 5403 ἐπηγγείλατο
2551 5333 2827 5403 βασιλείαν
2884 5336 3131 5408 ούρανῶν
3176 5337 3366 5401 εἰπὼν,
3401 5357 3420 5391 t
3466 5341 3742 5413 Μακάριοι

2160 5429 2207 5479 οἱ
2231 5429 2435 5496 πτωχοὶ
2468 5427 2547 5497 τῷ
2575 5428 2864 5499 πνεύματι,
2905 5432 2985 5484 ὅτι
3026 5430 3204 5486 αὐτῶν
3243 5434 3388 5485 ἐστιν
3429 5435 3461 5505 ή
3495 5433 3742 5504 βασιλεία

2160 5519 2267 5572 τῶν
2289 5521 2347 5572 ού
2358 5520 2551 5591 ρανῶν·
2569 5540 2585 5571 ι
2624 5521 2825 5593 σφόδρα
2848 5523 3154 5588 ἀκολούθως
3187 5524 3327 5595 μετὰ
3357 5525 3446 5579 τὸν
3477 5526 3605 5597 περὶ
3633 5524 3741 5579 τῶν

2160 5614 2408 5685 πενήτων
2432 5613 2587 5684 λόγον
2613 5614 2883 5686 ἐπιφέρει·
2922 5634 2941 5667 ι
2981 5618 3360 5672 Λίνεσάτωσαν
3389 5617 3549 5671 αύτὸν
3577 5618 3742 5689 ούρα-

2648 5772 2691 5805 ⁶³
2740 5771 2969 5828 Philem.
3014 5789 3051 5838 ι,
3089 5775 3138 5829 1.
3253 5774 3296 5807 ⁸⁸
3322 5771 3480 5829 Rom.
3515 5788 3611 5839 vn,
3645 5772 3734 5828 24.
