4128 6392
363 390 472 449 165

1488 389 1991 447 COMMENTARIA
2014 388 2083 444 IN
2120 387 2468 443 PSALMOS.

3538 385 3649 457 766

363 503 498 560 νοί.»
552 500 767 573 Ἐπειδὴ
805 500 948 554 κατά
984 501 1162 553 πᾶσαν
1192 500 1290 572 τὴν
1329 503 1654 574 οἰκουμένην
1684 506 1826 556 κατά
1882 521 1941 556 τε

2057 503 2190 558 ιωιὶ.
2226 522 2255 553 γ
2277 500 2415 567 Quia
2467 515 2597 556 vero
2642 498 2889 555 futurum
2923 504 3064 565 erat,
3091 505 3151 554 ut
3184 514 3280 569 per
3326 505 3502 553 totum
3535 515 3628 555 or-

363 600 469 668 γῆν
497 598 590 650 καὶ
623 594 898 648 θάλασσαν
924 594 1154 665 ήμελλον
1197 593 1514 666 Ἐκκλησίαι
1536 595 1612 665 τῷ
1654 595 1774 665 Θεῷ
1801 597 1950 649 συνί-

366 688 596 744 στασθαι
626 689 690 740 ἐκ
718 685 825 739 τῶν
876 685 1321 756 προλελεγμένων
1350 686 1603 756 πτωχῶν,
1646 687 1953 751 ἀκολούθως

366 780 751 849 ἐπισυνῆπται,
797 796 815 827 ι
852 777 946 828 καὶ
970 777 1041 846 γῆ
1099 777 1193 828 καὶ
1235 776 1480 829 Θάλασσα
1524 777 1619 830 καὶ
1665 776 1843 833 πάντα
1885 777 1952 830 τά

366 873 602 943 ἓρποντα
638 871 695 922 ἐν
728 869 963 930 αὐτοῖς.»
996 869 1271 939 Ἕρποντα
1303 868 1359 920 δέ
1409 867 1504 920 ἐπὶ
1542 867 1649 937 γῆς
1701 869 1796 921 καὶ
1846 867 1946 921 θα-

367 960 572 1029 λάσσης
597 957 829 1012 ἐνταῦθα
854 957 1184 1027 κελευόμενα
1211 958 1308 1010 σὺν
1337 955 1549 1028 οὐρανῷ
1564 957 1659 1009 καὶ
1684 960 1753 1027 γῇ
1785 958 1954 1011 αἰνεῖν

366 1051 436 1105 τὰ
464 1051 591 1120 ἔθνη
610 1049 866 1119 τυγχάνει
894 1049 961 1102 τά
984 1052 1039 1102 ἐν
1061 1047 1138 1117 τῷ
1173 1046 1350 1118 θνητῷ
1383 1046 1482 1118 βίῳ
1513 1046 1621 1099 τῶν
1650 1047 1953 1119 ἀνθρώπων

368 1141 613 1214 ἑρπετῶν
627 1140 782 1210 δίκην
810 1140 871 1192 τὸ
888 1139 1113 1192 παλαιὸν
1130 1138 1223 1191 ἐπὶ
1244 1138 1319 1208 τῷ
1350 1138 1534 1208 στήθει
1563 1138 1655 1190 καὶ
1677 1141 1744 1208 τῇ
1779 1138 1954 1207 κοιλίᾳ

369 1232 726 1303 πορευόμενα.
756 1230 868 1283 Καὶ
890 1228 1041 1297 παρὰ
1084 1228 1161 1298 τῷ
1206 1229 1406 1298 Ἡσαΐᾳ
1438 1226 1601 1298 θηρία
1632 1229 1725 1280 καὶ
1751 1226 1955 1298 ἑρπετὰ

367 1319 713 1393 ἀλληγορικῷ
744 1319 1025 1391 τρόπῳτά
1074 1318 1200 1391 ἔθνη
1241 1318 1526 1390 κέκληται,
1567 1320 1625 1371 ἐν
1675 1312 1756 1381 οἷς
1805 1318 1956 1388 εἴρη-

367 1430 477 1468 ται·
518 1433 535 1464 ι
563 1413 674 1466 Kal.
718 1412 1158 1483 συμϐοσκήσεται
1211 1410 1375 1474 λύκος
1444 1409 1585 1482 μετά
1636 1410 1816 1480 ἀρνὸς,
1862 1409 1956 1461 καὶ

370 1505 632 1576 πάρδαλις
655 1501 1127 1556 συναναπαύσεται
1182 1500 1374 1572 ἐρίφῳ,
1416 1500 1510 1553 καὶ
1531 1499 1667 1552 λέων
1694 1499 1768 1562 ὡς
1831 1497 1956 1567 βοῦς

369 1597 602 1667 φάγεται
649 1595 847 1666 ἄχυρα.
912 1594 1021 1646 Καὶ
1064 1592 1274 1646 παιδίον
1322 1593 1516 1663 νήπιον
1567 1591 1660 1643 ἐπὶ
1707 1589 1955 1663 τρώγλην

370 1690 613 1743 ἀσπίδιον
651 1688 860 1740 κανὲπὶ
894 1686 1079 1755 κοίτην
1106 1684 1345 1754 ἐγγόνων
1387 1682 1628 1737 ἀσπίδων
1679 1682 1776 1753 τὴν
1802 1685 1957 1752 χεῖρα

371 1779 640 1844 ἐπιϐαλεῖ,
668 1779 763 1831 καὶ
784 1780 844 1830 οὺ
889 1778 963 1849 μὴ
994 1777 1363 1847 ἀδικήσουσιν·
1379 1796 1398 1827 ›
1424 1775 1460 1829 ἃ.
1481 1776 1575 1827 καὶ
1590 1772 1958 1847 διερμηνεύων

2056 596 2187 650 bern.
2210 594 2266 647 in
2300 605 2447 648 terra
2477 600 2530 647 et
2565 592 2623 646 in
2659 593 2796 646 mari
2829 590 3091 647 Ecclesiae
3136 592 3248 647 Deo
3272 607 3347 647 ex
3372 608 3642 647 memora-

2054 685 2126 741 tis
2159 685 2494 755 pauperibus
2524 684 3013 747 constituerentur,
3053 682 3353 739 secundum
3395 682 3510 736 haec
3544 683 3637 736 ειιιν

2056 777 2202 832 ditur
2236 796 2248 830 :
2285 795 2303 827 ι
2343 788 2396 831 et
2425 784 2569 831 terra
2602 784 2656 831 et
2686 791 2837 832 mare
2875 786 2929 831 et
2951 776 3134 830 omnia
3163 775 3374 844 reptilia
3404 774 3458 828 in
3490 774 3593 827 eis.
3618 793 3637 825 ι

2056 869 2188 935 Quae
2220 869 2436 938 reptilia
2469 869 2521 921 in
2550 876 2697 922 terra
2719 875 2773 923 et
2804 869 2861 922 in
2906 867 3045 922 mari
3097 883 3201 920 una
3243 882 3366 920 cum
3404 875 3554 920 terra
3588 875 3644 918 et

2055 961 2196 1015 coelo
2236 960 2461 1014 laudare
2508 960 2800 1029 jubentur.
2842 966 3031 1031 gentes
3055 968 3204 1023 sunt,
3251 976 3372 1030 quae
3401 959 3531 1012 olim
3586 959 3642 1012 in

2056 1052 2273 1106 mortali
2299 1051 2581 1106 hominum
2618 1053 2726 1105 vita
2746 1052 3020 1123 reptilium
3053 1051 3227 1105 instar
3253 1065 3415 1120 supra
3448 1056 3643 1120 pectus

2056 1152 2109 1200 et
2161 1154 2401 1199 ventrem
2435 1144 2843 1214 gradiebantur.
2901 1142 2957 1197 ln
2993 1145 3135 1200 lsaia
3181 1160 3401 1214 quoque
3436 1143 3564 1198 fera:
3585 1149 3641 1197 ct

2056 1236 2270 1305 reptilia
2320 1236 2616 1307 allegorico
2649 1252 2800 1292 more
2831 1244 3021 1307 gentes
3056 1243 3340 1301 vocantur,
3395 1250 3522 1290 cum
3552 1236 3636 1295 ἀίω

2058 1332 2202 1384 citur
2233 1350 2246 1385 :
2288 1348 2306 1381 ι
2346 1328 2413 1383 Ει
2442 1337 2630 1400 pascet
2655 1330 2816 1399 lupus
2854 1345 2978 1385 cum
3008 1344 3169 1399 agno,
3198 1336 3251 1384 et
3273 1327 3485 1399 pardus
3509 1344 3636 1383 cum
3722 1357 3731 1367 -

2058 1421 2212 1476 haedo
2242 1421 2552 1483 accubabit,
2596 1428 2650 1475 et
2685 1421 2771 1475 leo
2808 1422 2967 1490 quasi
3010 1421 3109 1476 bos
3155 1419 3403 1474 comedet
3426 1420 3632 1490 paleas.

2058 1510 2123 1563 Et
2156 1526 2291 1580 puer
2318 1510 2501 1566 infans
2535 1513 2588 1564 in
2622 1511 2830 1566 foveam
2890 1512 3162 1581 aspidum,
3196 1520 3250 1567 et
3279 1513 3332 1566 in
3369 1513 3547 1566 cubile
3573 1514 3637 1567 li-

2060 1603 2257 1656 liorum
2323 1602 2572 1669 aSpidum
2631 1618 2852 1656 manum
2907 1604 3148 1672 injiciet;
3182 1612 3236 1658 et
3279 1604 3413 1657 nihil
3442 1603 3639 1657 laedent

2058 1711 2181 1748 cum
2216 1696 2280 1748 ⁸⁸.
2323 1714 2340 1745 ι
2380 1694 2511 1760 Quze
2552 1696 2655 1750 sub
2687 1695 2803 1749 haec
2841 1697 3125 1766 explicans
3152 1696 3354 1752 infert:
3388 1716 3407 1749 ι
3435 1696 3501 1749 Et
3533 1696 3637 1751 erit

2061 1786 2214 1838 radix
2243 1783 2431 1849 Jessaa,
2462 1794 2516 1840 et
2548 1786 2837 1857 quisurgit
2869 1788 2933 1841 ad
2953 1788 3330 1856 imperandum
3360 1789 3636 1860 gentibus,

371 1871 498 1938 ἐξῆς
526 1873 553 1923 6
575 1871 729 1935 λόγος
768 1869 1036 1941 ἐπιφέρει·
1075 1887 1093 1919 ι
1120 1869 1231 1921 Καὶ
1259 1867 1410 1920 ἔσται
1467 1867 1501 1937 ἠ
1539 1865 1663 1937 ῥίζα
1693 1862 1787 1918 τοῦ
1822 1863 1952 1916 Ἰεσ-

2061 1869 2114 1921 in
2143 1884 2266 1922 eum
2302 1877 2491 1939 gentes
2530 1850 2910 1939 sperabunt”.
2945 1891 2963 1923 ι
3003 1850 3636 1945 Tantaigiturvgentiuni

373 1962 463 2014 σαὶ
487 1960 583 2013 καὶ
618 1963 646 2012 6
678 1959 1033 2027 ἀνιστάμενος
1069 1955 1259 2028 ἄρχειν
1304 1954 1494 2022 ἐθνῶν,
1550 1955 1609 2007 ἐν
1650 1951 1796 2023 αύτῷ
1826 1952 1951 2025 ἔθνη

371 2050 668 2105 ἐλπιοῦσι.»
698 2048 809 2120 Τῆς
832 2045 923 2101 οὖν
956 2046 1256 2117 μεταϐολῆς
1292 2045 1500 2117 ταύτης
1535 2043 1643 2097 τῶν
1675 2042 1842 2096 ἐθνῶν
1862 2043 1956 2097 ἐπὶ

369 2144 437 2214 τῇ
468 2140 565 2193 τοῦ
608 2138 846 2210 Χριστοῦ
877 2137 1152 2210 παρουσία
1192 2135 1542 2207 γιγνομένης,
1590 2133 1816 2196 εἰκότως
1857 2134 1954 2187 σὺν

369 2231 583 2307 οὐρανῷ
646 2230 741 2285 καὶ
785 2233 897 2293 τοῖς
935 2231 1056 2284 κατ’
1093 2229 1322 2301 οὐρανὸν
1370 2226 1620 2296 ἀγγέλοις
1656 2225 1723 2278 τὰ
1763 2226 1953 2278 ἀποδο-

370 2326 531 2379 θέντα
579 2324 784 2397 ἑρπετά
838 2325 1004 2376 αἰνεῖν
1057 2323 1452 2392 προστάττεται
1505 2320 1595 2372 τὸν
1659 2320 1811 2372 Θεόν.
1865 2318 1956 2370 Διὸ

370 2417 635 2471 λέλεκται·
673 2438 690 2468 ς
719 2415 1097 2469 Αἰνεσάτωσαν
1145 2413 1306 2466 αὐτὸν
1351 2412 1567 2483 ούρανοὶ
1598 2412 1687 2464 καὶ
1727 2410 1821 2481 γῆ,
1862 2409 1957 2462 θά-

371 2508 546 2561 λασσα
580 2509 670 2560 καὶ
719 2507 897 2559 πάντα
937 2503 1005 2556 τά
1059 2503 1302 2575 ἕρποντα
1332 2503 1390 2554 ἐν
1441 2502 1682 2564 αὐτοῖς.»
1726 2501 1850 2563 Πῶς
1898 2500 1955 2552 δὲ

370 2599 594 2653 δύναται
625 2599 715 2651 τὸν
745 2597 878 2651 Θεὸν
919 2598 1087 2649 αἰνεῖν
1117 2594 1185 2647 τά
1226 2593 1450 2665 ἑρπετά,
1492 2596 1537 2647 εἰ
1582 2592 1656 2665 μὴ
1701 2592 1957 2663 μετάσχοι

373 2694 686 2764 φρονήσεως
714 2691 808 2758 καὶ
865 2688 999 2742 Θεοῦ
1058 2686 1345 2757 γνώσεως;
1398 2686 1607 2739 Οὐκοῦν
1660 2685 1811 2738 θύσει
1856 2685 1954 2757 τὴν

372 2786 563 2840 θυσίαν
591 2786 689 2855 τῆς
725 2783 983 2845 αἰνέσεως
1022 2782 1118 2835 καὶ
1143 2779 1213 2832 τὰ
1240 2779 1449 2851 ἑρπετά
1472 2796 1486 2845 ;
1518 2780 1638 2833 Ὅτι
1660 2779 1717 2832 δέ
1743 2778 1953 2849 ἀνθρώ-

372 2895 508 2941 πους
536 2878 623 2930 διὰ
656 2875 861 2930 τούτων
894 2875 1209 2937 αἰνίττεται,
1234 2872 1475 2927 διδάσκει
1505 2872 1565 2926 τὸ
1596 2871 1946 2939 Εύαγγέλιον,

2058 1960 2360 2014 mutatione
2392 1960 2445 2013 in
2478 1961 2711 2014 adventu
2745 1962 2947 2016 Christi
2972 1963 3323 2032 eﬂecla,jure
3348 1981 3472 2018 cum
3497 1965 3637 2020 caalo

2058 2052 2199 2106 etiis
2220 2051 2315 2120 qui
2349 2051 2403 2105 in
2457 2051 2596 2106 coelo
2648 2062 2776 2108 sunt
2834 2053 3043 2124 angelis
3107 2055 3366 2124 pnedicta
3422 2057 3637 2126 reptilia

2061 2141 2226 2195 Deum
2271 2141 2478 2196 laudari
2512 2142 2795 2211 jubentur.
2830 2142 3011 2209 Quare
3038 2144 3249 2199 dictum
3275 2159 3400 2201 est:
3432 2164 3450 2197 ι
3485 2145 3632 2201 Lau-

2057 2233 2187 2287 dent
2217 2234 2369 2287 illum
2411 2235 2531 2288 coeli
2567 2244 2622 2289 et
2652 2242 2821 2299 terra,
2857 2251 3009 2290 mare
3041 2242 3094 2290 et
3137 2238 3318 2291 omnia
3337 2238 3552 2307 reptilia
3578 2238 3635 2292 in

2057 2325 2157 2378 eis.
2190 2342 2207 2373 ι
2249 2325 2535 2390 Quomodo
2566 2328 3029 2397 possuntreptilia
3058 2327 3227 2383 Deum
3263 2329 3504 2396 laudare,
3526 2329 3635 2386 nisi

2056 2414 2345 2483 prudentia
2377 2425 2431 2470 et
2463 2418 2776 2486 cognitione
2809 2416 2903 2472 Dei
2960 2418 3275 2473 instructa?
3302 2419 3384 2472 An
3418 2421 3635 2490 reptilia

2058 2508 2386 2561 sacrificium
2420 2508 2599 2562 laudis
2645 2508 2908 2564 ofierent?
2973 2509 3129 2577 Quod
3189 2513 3476 2581 reptilibus
3524 2513 3639 2569 illis

2057 2596 2307 2654 homines
2335 2601 2770 2666 subindicentnr,
2810 2605 2971 2656 docet
3004 2601 3363 2672 Evangelium’
3390 2603 3474 2659 bis
3510 2619 3637 2658 ver-

2053 2691 2136 2747 bis
2169 2708 2181 2743 :
2220 2714 2236 2743 ι
2267 2691 2554 2748 Genimina
2589 2696 2925 2765 viperarum,
2958 2696 3082 2765 quis
3112 2711 3210 2749 vos
3226 2694 3415 2750 docuit
3445 2694 3638 2765 fugere

2050 2798 2079 2835 a
2119 2792 2345 2838 ventura
2381 2786 2506 2840 ira?
2557 2785 2743 2841 Facite
2792 2802 2920 2857 ergo
2968 2785 3180 2842 fructus
3226 2787 3421 2857 dignos
3460 2787 3636 2856 pumi-

2048 2878 2233 2932 tentia:
2256 2878 2320 2930 ⁸⁸.
2363 2897 2381 2931 ι

371 2973 430 3025 ἐν
455 2967 499 3040 ᾧ
527 2972 853 3042 γέγραπται·
903 2989 920 3020 ι
958 2969 1275 3038 Γεννήματα
1301 2966 1543 3036 ἐχιδνῶν,
1567 2967 1651 3030 τίς
1682 2966 1958 3033 ὑπέδειξεν
1994 2968 2121 3041 ὑμῖν
2158 2976 2347 3043 φυγεῖν
2375 2974 2482 3027 ἀπὸ
2508 2975 2605 3045 τῆς
2638 2974 2936 3045 μελλούσης
2961 2974 3165 3047 ὀργῆς;
3216 2975 3484 3046 Ποιήσατε
3541 2967 3638 3027 οὖν

373 3065 619 3137 καρποὺς
651 3064 835 3129 ἀξίους
860 3062 1165 3135 μετανοίας.
1193 3080 1211 3113 ι

451 3186 604 3237 «Ὅτι
623 3181 797 3247 ὁθεὺς
828 3181 988 3235 σώσει
1015 3182 1113 3252 τὴν
1141 3180 1299 3244 Σιὼν,
1320 3180 1410 3233 καί
1430 3180 1944 3253 οἱκοδομηθήσονται

2119 3178 2287 3235 Vens.
2315 3180 2405 3244 '56,
2428 3180 2514 3235 57.
2546 3200 2564 3231 ι
2587 3178 2857 3245 Quoniam
2885 3178 3028 3234 Deus
3050 3179 3254 3233 salvam
3286 3179 3448 3237 faciet
3475 3181 3631 3249 Sion,

371 3279 429 3334 αἰ
470 3276 652 3339 πόλεις
684 3277 783 3347 τῆς
841 3274 1152 3337 Ἰουδαίας.»
1210 3274 1399 3327 Αίτίαν
1446 3274 1740 3329 ἀποδίδωσι
1795 3275 1861 3328 δι’
1884 3278 1949 3347 ἦν

372 3370 592 3443 οὐρανοὶ
625 3368 721 3421 καὶ
767 3366 840 3436 γῆ
880 3367 974 3419 καὶ
1015 3366 1256 3419 θάλασσα
1300 3366 1393 3419 καὶ
1443 3366 1620 3419 πάντα
1642 3366 1712 3419 τά
1751 3367 1809 3419 ἐν
1856 3367 1953 3420 αύ-

373 3463 483 3523 τοῖς
515 3459 749 3513 αἰνέσειν
804 3459 1052 3525 λέγονται
1102 3458 1195 3510 τὸν
1238 3457 1390 3511 Θεόν.
1428 3458 1489 3510 Ἠ
1522 3458 1577 3511 δέ
1610 3458 1758 3512 αἰτία
1805 3462 1951 3514 ἐστὶν

374 3552 535 3623 αῦτη,
580 3571 599 3604 ι
625 3552 746 3605 ’Ότι
779 3554 807 3604 6
838 3550 969 3613 Θεὸς
1001 3548 1166 3602 σώσει
1220 3549 1317 3620 τὴν
1348 3548 1507 3614 Σιὼν,
1533 3552 1627 3604 καὶ
1668 3553 1953 3623 οἰκοδομη-

374 3641 628 3714 θήσονται
673 3642 730 3694 αἰ
790 3639 973 3703 πόλεις
1035 3638 1343 3702 Ἰουδαίας.›
1396 3640 1563 3693 Ποίαν
1622 3641 1679 3695 δέ
1713 3642 1870 3709 Σιὼν,
1916 3644 1949 3715 ἢ

372 3731 612 3805 δηλονότι
640 3731 739 3803 τὴν
765 3730 886 3784 καθ’
914 3730 1041 3802 ὅλης
1063 3731 1159 3801 τῆς
1181 3730 1501 3802 οἰκουμένης
1530 3732 1828 3803 ἱδρυθεῖσαν
1856 3733 1950 3789 τοῦ

374 3824 624 3896 Σωτῆρος
668 3823 827 3894 ἡμῶν
872 3823 1229 3894 Ἐκκλησίαν;
1256 3823 1446 3886 Πόλεις
1491 3823 1549 3876 δὲ
1594 3825 1850 3889 Ἰουδαίας
1879 3826 1954 3898 μὴ

373 3917 521 3968 ὄκνει
573 3914 752 3984 λέγειν
799 3914 898 3977 τὰς
941 3913 1330 3977 θεοπνεύστους
1385 3914 1423 3965 Γ
1430 3913 1627 3984 ραφὰς,
1688 3916 1754 3969 δι’
1810 3911 1949 3989 ὧνὴ

389 4006 649 4077 Ἰουδαῐκὴ
680 4005 921 4059 πολιτεία
977 4004 1303 4058 τετύπωται.
1368 4005 1507 4057 Ἀλλ’
1559 3998 1718 4060 αὗται
1754 4008 1852 4077 μὲν
1897 4011 1953 4062 αἰ

378 4098 559 4161 πόλεις
591 4097 921 4169 καθῄρηντο,
953 4096 1075 4149 ὅσον
1116 4097 1209 4149 ἐπὶ
1252 4097 1547 4162 Ἰουδαίοις,
1583 4098 1869 4169 οἰκοδομὴν
1896 4099 1953 4153 δέ

377 4190 629 4261 εἰλήφασι
662 4190 748 4243 διὰ
779 4191 881 4261 τῆς
913 4193 970 4243 ἐν
999 4191 1218 4262 Χριστῷ
1250 4192 1443 4263 καινῆς
1474 4192 1845 4257 διδασκαλίας-
1886 4195 1953 4249 δι’

374 4277 443 4352 ἧς
473 4280 567 4333 καὶ
593 4282 625 4351 ἡ
650 4280 874 4352 ἀληθινὴ
899 4280 1166 4352 περιτομὴ
1198 4282 1530 4345 συνίσταται,
1571 4283 1666 4336 καὶ
1695 4282 1764 4335 τὰ
1796 4301 1957 4337 πνευ-

380 4371 587 4442 ματικά
640 4370 910 4435 Σάϐϐατα,
957 4372 1051 4424 καὶ
1109 4374 1162 4425 αἰ
1220 4372 1587 4443 πνευματικαὶ
1634 4373 1814 4426 θυσίαι
1863 4375 1956 4428 καὶ

378 4462 556 4515 πάντα
583 4460 794 4524 τούτοις
838 4458 1145 4536 ἀκολούθως
1193 4459 1335 4514 κατὰ
1370 4461 1470 4530 τὴν
1522 4459 1817 4530 ἑρμηνείαν
1863 4460 1954 4513 τοῦ

2050 3279 2103 3325 et
2141 3268 2559 3324 aedificabuntur
2587 3268 2840 3321 civitates
2891 3266 3110 3323 Judaaaa.
3156 3287 3174 3320 ι
3213 3268 3445 3325 Causam
3473 3272 3628 3328 eﬂ‘ert

2051 3375 2151 3414 cur
2170 3361 2316 3423 coeli,
2384 3367 2552 3422 terra,
2610 3374 2762 3413 mare
2794 3366 2848 3411 et
2879 3359 3059 3412 omnia
3121 3376 3243 3428 quae
3282 3361 3338 3415 in
3393 3363 3474 3417 eis
3506 3372 3637 3419 sunt

2052 3452 2221 3508 Deum
2252 3452 2537 3507 laudatura
2560 3467 2683 3507 esse
2711 3451 2983 3506 dicantur.
3023 3450 3098 3505 Ea
3135 3468 3263 3508 vero
3288 3460 3371 3508 est
3396 3472 3408 3508 :
3448 3472 3467 3505 ι
3490 3454 3635 3522 Quo-

2052 3546 2198 3597 niam
2240 3545 2380 3598 Deus
2406 3544 2613 3599 salvam
2648 3541 2809 3596 faciet
2841 3540 2997 3607 Sion,
3030 3550 3084 3596 et
3110 3541 3527 3597 aediﬁcabuntur
3552 3562 3634 3599 ei-

2050 3639 2248 3693 vitates
2279 3635 2497 3690 Judzete.
2522 3654 2539 3685 ι
2574 3633 2747 3699 Quam
2770 3624 2989 3689 Sionem
3024 3633 3176 3697 dicit,
3202 3634 3307 3690 nisi
3336 3634 3633 3689 Ecclesiam

2055 3726 2366 3782 Servatoris
2401 3724 2575 3780 nostri
2622 3714 2678 3778 in
2714 3731 2828 3777 toto
2857 3722 2989 3777 orbe
3015 3722 3341 3776 fundatam?
3372 3724 3635 3782 Civitates

2055 3824 2236 3872 autem
2271 3814 2470 3871 Judaeae
2494 3832 2563 3870 ne
2605 3813 2885 3869 cuncteris
2914 3812 3099 3868 dicere
3128 3814 3394 3869 divinitus
3424 3815 3635 3875 afllatas

2054 3905 2391 3977 Scripturas,
2416 3906 2571 3975 queis
2600 3902 2910 3957 Iudaeorum
2946 3903 3255 3973 respublica
3283 3903 3629 3961 informatur.

2057 3996 2163 4055 Sed
2213 3999 2296 4053 ha:
2355 3998 2578 4067 quidem
2636 3997 2923 4060 civitates,
2979 4002 3245 4065 quantum
3300 3996 3366 4050 ad
3415 3995 3635 4054 Judaeos

2056 4090 2369 4161 spectat,de
2393 4089 2571 4144 medio
2602 4089 2829 4143 sublata:
2846 4096 3002 4154 sunt;
3035 4088 3128 4142 sed
3159 4088 3338 4142 denuo
3359 4089 3635 4145 aedificatae

2056 4200 2153 4256 per
2185 4199 2380 4239 novam
2412 4183 2467 4237 in
2486 4183 2703 4238 Christo
2742 4182 3046 4237 doctrinam
3082 4182 3253 4247 fuere,
3291 4199 3397 4253 qua
3427 4192 3479 4238 et
3506 4200 3636 4240 vera

2059 4271 2417 4328 circumcisio.
2459 4272 2737 4337 consistit,
2779 4287 2995 4326 necnon
3031 4273 3338 4343 spiritualia
3373 4272 3631 4335 Sabbata.

2059 4364 2371 4435 spirituales
2398 4365 2592 4420 hostia:
2631 4373 2684 4418 et
2709 4365 2892 4420 omnia
2913 4381 3035 4436 quae
3076 4367 3191 4420 haec
3223 4376 3637 4435 consequuntur

2060 4457 2361 4513 secundum
2412 4457 2914 4527 interpretationem
2972 4459 3275 4529 Spiritualis
3324 4460 3477 4530 legis.
3544 4459 3635 4513 Sic

376 4553 748 4624 πνευματικοῦ
775 4552 961 4622 νόμου.
982 4550 1169 4615 Οῦτως
1194 4547 1286 4605 οῦν
1318 4552 1726 4621 οἰκοδομοῦνται
1777 4552 1834 4604 αἱ
1862 4551 1953 4603 πό-

2062 4548 2245 4619 itaque
2268 4547 2610 4603 aedificantur
2637 4550 2891 4603 civitates
2910 4548 3132 4617 Judaeaz,
3168 4552 3221 4605 in
3252 4552 3443 4622 eisque
3477 4552 3633 4606 inha-

378 4646 489 4708 λεις
517 4645 617 4715 τῆς
658 4643 934 4706 Ἰουδαίας,
976 4643 1071 4695 καὶ
1115 4645 1535 4713 κατοικήσουσιν
1580 4643 1637 4694 ἐν
1680 4643 1871 4705 αὐταῖς
1905 4643 1954 4695 οἰ

378 4735 591 4789 πολῖται
615 4733 708 4786 καὶ
733 4736 781 4786 οἰ
813 4732 1138 4804 κληρονόμοι
1169 4730 1276 4785 τῶν
1296 4734 1352 4783 ἐν
1373 4734 1493 4793 ταῖς
1519 4730 1692 4794 θείαις
1711 4731 1955 4802 Γραφαῖς

378 4826 820 4897 ἐπηγγελμένων·
849 4825 927 4878 διὸ
960 4825 1230 4879 λέλεκται’
1269 4842 1287 4875 ι
1322 4825 1431 4878 Καὶ
1460 4824 1954 4895 κληρονομήσουσιν

379 4918 603 4988 αὑτήν.)
651 4917 810 4971 Ἀλλά
848 4919 942 4972 καὶ
1003 4938 1022 4969 ι
1055 4918 1115 4971 τὸ
1144 4918 1365 4989 σπέρμα
1398 4917 1505 4971 τῶν
1555 4917 1754 4971 δούλων
1789 4916 1953 4970 αὐτοῦ

379 5009 695 5075 καθέξουσιν
724 5011 912 5081 αὑτήν.
936 5030 953 5061 ι
1008 5009 1193 5062 Δοῦλοι
1226 5009 1283 5061 δὲ
1329 5007 1495 5061 αὐτοῦ
1544 5009 1687 5072 τίνες
1715 5006 1779 5061 ἂν
1823 5002 1953 5072 εἶεν,

379 5099 413 5169 ἢ
440 5099 655 5162 πάντως
680 5101 728 5151 οἰ
786 5099 881 5151 τοῦ
918 5098 1169 5169 Σωτῆρος
1211 5098 1369 5169 ἡμῶν
1420 5097 1695 5168 μαθηταὶ,
1757 5098 1851 5150 καὶ
1895 5096 1957 5149 τὸ

382 5191 602 5260 σπέρμα
626 5189 687 5241 τὸ
720 5189 841 5243 καθ’
880 5191 1008 5260 ὅλης
1058 5190 1156 5259 τῆς
1205 5189 1527 5260 οἰκουμένης
1584 5187 1954 5259 κατασπαρὲν,

381 5282 517 5352 ὅπερ
560 5280 657 5352 τὴν
712 5280 1074 5353 κληρονομίαν
1124 5280 1223 5351 τὴν
1282 5280 1698 5351 ἐπηγγελμένην
1746 5280 1803 5333 ἐν
1838 5281 1959 5342 ταῖς

382 5372 555 5436 θείαις
583 5374 825 5445 Γραφαῖς
877 5371 1129 5437 καθέξει;
1174 5371 1333 5424 Ἀλλά
1365 5373 1461 5425 καὶ
1522 5389 1541 5422 ι
1569 5372 1616 5424 οἰ
1639 5369 1959 5440 ἀγαπῶντες

382 5462 441 5515 τὸ
474 5461 647 5532 ὄνομα
672 5460 837 5514 αὐτοῦ
886 5457 1402 5531 κατασκηνώσουσιν
1441 5461 1498 5513 ἐν
1542 5460 1700 5529 αὐτῇ,
1732 5477 1751 5510 ι
1800 5458 1957 5529 δῆλον

383 5558 424 5610 δ’
457 5558 540 5610 ὅτι
570 5559 637 5627 τῇ
658 5556 1016 5628 κληρονομίᾳο
1049 5552 1131 5618 οἷς
1177 5555 1517 5626 λεχθήσεται*
1559 5573 1577 5605 ι
1607 5553 1767 5605 Δεῦτε
1787 5554 1835 5605 οἰ
1867 5552 1955 5604 εὑ-

381 5649 510 5719 λογη
521 5649 671 5720 μένοι
701 5648 795 5703 τοῦ
820 5649 1031 5719 Πατρός
1068 5665 1189 5719 μου,
1221 5648 1662 5718 κληρονομήσατε
1690 5646 1787 5715 τὴν
1812 5646 1954 5715 ἡτοι-

2055 4642 2309 4697 bitabunt
2341 4643 2489 4697 cives
2522 4650 2576 4697 et
2608 4642 2853 4699 haeredes
2888 4644 3284 4713 promissorum
3320 4661 3440 4715 quae
3469 4646 3523 4698 in
3550 4646 3634 4698 di-

2055 4732 2200 4787 vinis
2250 4732 2553 4802 Scripturis
2594 4732 2866 4788 feruntur.
2897 4734 3079 4799 Quare
3106 4735 3312 4789 dictum
3360 4746 3445 4790 est
3471 4751 3484 4786 :
3514 4754 3533 4786 ‹
3566 4734 3632 4788 Et

2053 4822 2451 4878 baereditabunt
2485 4823 2653 4878 illam.
2694 4843 2712 4875 ›
2748 4821 2854 4878 Sed
2877 4824 3041 4878 etiam
3077 4842 3094 4875 ι
3134 4840 3317 4879 semen
3350 4839 3630 4879 servorum

2059 4917 2179 4986 ejus
2202 4916 2499 4986 possidebit
2523 4931 2665 4971 eam.
2695 4935 2713 4967 ι
2746 4915 2899 4971 Servi
2926 4924 3106 4971 autem
3133 4917 3252 4985 ejus
3274 4918 3367 4986 qui
3408 4916 3630 4979 fuerint,

2064 5009 2170 5062 nisi
2198 5007 2341 5061 haud
2398 5006 2564 5062 dubie
2609 5006 2912 5063 Salvatoris
2946 5009 3119 5063 nostri
3145 5007 3421 5077 discipuli,
3467 5015 3521 5061 et
3557 5025 3638 5065 se-

2062 5113 2187 5152 men
2212 5097 2269 5151 in
2293 5097 2551 5152 universo
2578 5099 2710 5152 orbe
2758 5113 3032 5167 sparsum,
3085 5099 3229 5168 quod
3259 5099 3637 5154 haereditatem

2064 5188 2121 5243 in
2153 5188 2354 5244 divinis
2414 5187 2714 5258 Scripturis
2775 5190 3101 5260 promissam
3149 5190 3446 5245 obtinebit?
3481 5190 3637 5257 lmo,

2072 5297 2092 5331 ι
2130 5279 2222 5348 qui
2255 5278 2488 5349 diligunt
2541 5294 2742 5334 nomen
2781 5281 2900 5349 ejus
2967 5281 3285 5335 habitabunt
3315 5281 3369 5334 in
3419 5296 3505 5346 ea,
3530 5301 3547 5333 ι
3586 5283 3637 5336 id

2064 5380 2169 5435 est,
2224 5370 2282 5425 in
2333 5387 2395 5426 ea
2435 5371 2767 5427 hereditate.
2826 5372 3038 5437 Quibus
3096 5372 3347 5426 dicetur:
3380 5371 3633 5433 «Venite,

2064 5462 2331 5517 benedicti
2355 5461 2530 5517 Patris
2558 5465 2682 5527 mei,
2709 5463 2971 5534 percipite
3020 5479 3247 5532 regnum
3282 5462 3437 5517 vobis
3474 5478 3634 5533 para-

2061 5561 2175 5607 tum
2204 5570 2234 5608 a
2266 5555 2658 5610 constitutione
2703 5555 2890 5609 mundi
2920 5556 2985 5607 ‘9.
3040 5574 3057 5606 ι
3098 5554 3253 5620 Quod
3297 5554 3343 5609 si
3390 5552 3633 5609 cmlestis

2062 5644 2131 5699 sit
2160 5643 2253 5700 Dei
2286 5645 2475 5702 civitas
2513 5645 2665 5714 Sion,
2707 5646 2773 5703 de
2800 5663 2904 5719 qua
2942 5647 3236 5718 Apostolus
3263 5646 3379 5701 haec
3401 5646 3586 5703 docuit
3614 5659 3629 5696 :

346 5860 351 5865 .
457 5802 630 5860 “lsa.
658 5819 736 5871 ιι,
767 5804 877 5859 6-9.
958 5804 1000 5836 ⁸⁷
1026 5802 1263 5858 ibid.10.
1339 5798 1536 5855 “Luc.
1574 5814 1655 5866 ιιι,
1688 5799 1741 5855 8.
1817 5799 1859 5829 ⁶⁹
1895 5796 1953 5851 M:

2057 5820 2082 5853 π.
2114 5814 2241 5865 xxv,
2267 5799 2350 5853 5i.
