4128 6392
536 320 639 377 767

1188 318 1481 375 ΕυδΕΒΙΙ
1520 317 2008 375 CESARIENSIS
2045 316 2197 373 OPP.
2240 312 2422 369 PARS
2462 312 2561 369 Ill.
2603 343 2671 353 ——
2712 308 3127 366 EXEGETICA.

3716 305 3830 359 768.

535 451 662 512 quae
686 443 770 493 est
798 441 971 490 mater
997 440 1186 489 nostra
1212 433 1293 499 ⁷⁰;
1333 441 1386 489 ει
1424 453 1436 489 :
1478 454 1495 481 ι
1530 435 1857 490 Accessistis
1886 411 2118 489 adOSion

2222 432 2285 484 Et
2318 430 2375 483 δέ
2400 426 2724 500 ἐπουράνιός
2759 429 2877 480 ἐστι
2900 424 2994 479 τοῦ
3034 423 3173 479 Θεοῦ
3208 422 3360 487 πόλις
3391 422 3549 486 Σιὼν,
3594 423 3733 493 περὶ
3751 419 3818 497 ἧς

536 538 797 591 montem,
823 534 878 583 et
907 527 1181 581 civitatem
1226 524 1321 580 Dei
1360 526 1619 588 viventis,
1668 525 1972 582 Jerusalem
2006 540 2119 580 cm-

534 623 728 677 lestem
747 621 790 651 ⁷¹
809 638 857 687 ς»
887 618 1125 674 fueritne
1152 616 1354 672 Iudaea:
1388 619 1623 673 civitas?
1656 618 1752 674 sed
1776 634 2120 689 consequen-

532 722 619 769 ter
672 712 922 767 dicamus
957 726 1081 767 esse
1137 712 1418 767 caelestem
1471 710 1602 767 Sion
1652 710 1747 765 ubi
1806 712 2121 767 mansiones

532 804 678 875 apud
706 802 926 859 Patrem
955 804 1137 858 multa:
1176 806 1250 856 ηε
1280 819 1420 875 quas
1452 803 1692 857 incolent
1722 811 1775 855 et
1806 803 2123 858 haereditate

532 897 805 968 accipient
833 912 1025 953 omnes
1050 896 1195 952 servi
1221 896 1364 967 ejus,
1394 896 1510 950 sive
1545 895 1622 949 illi
1665 897 1796 950 olim
1843 896 2122 965 propheta:

529 997 584 1043 et
618 990 862 1061 religiosi
883 990 1009 1056 viri,
1042 992 1157 1046 sive
1179 990 1272 1061 qui
1315 998 1503 1059 postea
1559 990 1799 1045 ministri
1840 988 2122 1058 Evangelii

531 1082 707 1150 ipsius
739 1080 911 1137 fuere.
955 1080 1067 1137 lmo
1102 1080 1264 1135 etiam
1322 1097 1510 1135 semen
1556 1095 1746 1135 eorum
1771 1079 1980 1135 scilicet
2027 1076 2123 1147 qui

532 1174 603 1228 ab
634 1174 741 1229 illis
774 1174 1075 1228 secundum
1129 1172 1299 1229 Deum
1330 1174 1437 1228 orti
1489 1182 1639 1237 sunt,
1694 1172 1941 1243 profectu
1970 1169 2115 1224 aucti

531 1274 586 1319 et
612 1266 679 1321 ad
710 1266 1008 1336 perfectam
1036 1264 1127 1319 Dei
1158 1265 1483 1323 charitatem
1504 1266 1807 1336 progressi,
1855 1263 1959 1318 hoc
2004 1278 2119 1317 mu-

531 1372 638 1410 nus
700 1355 1143 1425 coudignumque
1196 1356 1480 1425 praemium
1539 1354 1610 1408 ab
1664 1355 1787 1424 ipso
1828 1352 2117 1424 recipient,

529 1445 678 1514 quod
706 1446 1012 1500 inhabitent
1040 1446 1094 1499 in
1127 1445 1399 1514 promissa
1432 1444 1538 1499 sibi
1572 1442 1909 1501 hatreditate.

2220 525 2250 576 ό
2300 521 2621 584 Ἀπόστολος
2652 518 2887 585 ἐδίδαξεν
2932 517 3119 571 εἰπών·
3163 536 3181 569 ‹
3222 516 3373 570 Ἡδὲ
3402 515 3514 570 άνω
3552 514 3822 588 ⁹ῐερουσιπ.-

2222 614 2334 686 λὴμ
2359 611 2622 683 ἐλευθέρα
2649 612 2817 675 ἐστὶν,
2872 610 2994 680 ἥτις
3042 609 3159 661 ἐστὶ
3211 608 3394 679 μήτηρ
3434 605 3650 677 ήμῶν-ι
3700 606 3814 669 καὶ,

2229 726 2249 757 ι
2274 703 2717 776 Προσεληλύθατε
2748 700 2886 755 Σιὼν
2938 701 3076 772 ὄρει,
3126 700 3220 755 καὶ
3273 698 3424 753 πόλει
3450 698 3583 752 Θεοῦ
3611 697 3817 761 ζῶντος

2237 796 2545 869 Ἰερουσαλὴ
2554 813 2592 866 μ
2617 793 2945 866 ἐπουρανίῳ,
2960 811 2978 843 ι
3006 788 3115 847 εἶεν
3144 791 3212 845 ἂν
3230 792 3383 853 πόλις
3407 791 3506 862 τῆς
3529 789 3815 854 ἰουδαίας

2225 889 2302 961 (1)
2334 890 2401 942 δι’
2432 888 2499 952 δις
2547 886 2859 949 ἀκολούθως
2893 888 2959 956 τῇ
2987 886 3297 955 ἐπουρανίῳ
3339 882 3476 937 Σιὼν
3505 883 3562 935 αἱ
3618 880 3819 935 πολλαὶ

2226 983 2377 1055 παρὶ
2430 981 2509 1051 τῷ
2548 980 2724 1051 Πατρὶ
2757 980 2933 1050 μοναὶ,
2966 981 3024 1031 ἐν
3058 973 3146 1043 αἷς
3188 977 3597 1047 κατοικήσουσι,
3620 973 3719 1027 καὶ
3749 973 3819 1034 ἃς

2157 1072 2162 1079 ’
2229 1074 2697 1147 κληρονομήσουσι
2728 1073 2929 1136 πάντες
2956 1073 3003 1125 οἱ
3025 1069 3201 1123 δοῦλοι
3232 1066 3418 1124 αὑτοῦ·
3463 1067 3518 1119 οἴ
3555 1082 3616 1118 τε
3643 1063 3820 1117 πάλαι

2224 1166 2507 1237 γενόμενοι
2530 1165 2805 1237 προφῆται
2828 1164 2922 1218 καὶ
2944 1161 3210 1232 Θεοφιλεῖς
3239 1160 3450 1231 ἄνδρες,
3481 1156 3576 1210 καὶ
3602 1158 3650 1207 οἱ
3672 1153 3819 1225 μετὰ

2224 1258 2396 1313 ταῦτα
2420 1257 2688 1328 ὑπηρέται
2749 1258 2842 1310 καὶ
2862 1254 3099 1309 διάκονοι
3129 1251 3223 1306 τοῦ
3258 1248 3590 1318 Εὑαγγελίου
3623 1245 3817 1300 αὑτοῦ.

2235 1350 2397 1403 Ἀλλά
2423 1352 2517 1405 καὶ
2545 1349 2606 1402 τὸ
2650 1348 2874 1419 σπέρμα
2926 1345 3128 1408 αὐτῶν,
3165 1345 3216 1396 οί
3260 1342 3320 1409 ἐξ
3380 1340 3559 1395 αὐτῶν
3610 1336 3820 1409 δηλαδὴ

2218 1445 2365 1499 κατὰ
2398 1442 2531 1495 Θεὸν
2578 1439 2957 1511 γεγενημένοι,
2995 1436 3366 1509 προκόψαντες
3388 1434 3483 1488 xui.
3529 1432 3609 1493 εἰς
3636 1430 3699 1483 τὸ
3721 1428 3817 1483 τέ-

530 1540 672 1595 λειον
720 1539 967 1603 ἐλθόντες
1010 1540 1111 1609 τῆς
1143 1538 1236 1593 τοῦ
1293 1540 1429 1593 Θεοῦ
1475 1539 1718 1609 ἀγάπης,
1762 1538 1919 1592 τοῦτο
1955 1536 2123 1609 γέρας
2150 1536 2331 1601 ἕξουσι
2358 1538 2451 1592 καὶ
2488 1538 2679 1610 μισθὸν
2709 1535 2930 1601 ἐπάξιον
2981 1535 3113 1607 παρ’
3174 1531 3361 1597 αὑτοῦ,
3406 1532 3468 1585 τὸ
3532 1544 3818 1597 κατασκη-

532 1635 699 1690 νῶσαι
719 1638 776 1688 ἐν
803 1640 867 1708 τῇ
904 1636 1284 1708 ἐπηγγελμὲνῃ
1313 1637 1496 1699 αὐτοῖς
1519 1634 1873 1705 κληρονομίᾳ.

532 1731 586 1784 1.
629 1729 696 1784 ΙΝ
727 1729 960 1797 FINEM,
1016 1730 1146 1785 lPSl
1205 1728 1412 1782 DAVID
1467 1728 1532 1782 IN
1573 1723 2111 1782 REMEMORATIO-

2221 1721 2325 1774 ΕΙΣ
2365 1722 2451 1773 T0
2516 1721 2739 1774 ratio}:
2787 1720 2874 1792 το
2921 1720 3120 1797 agn
3160 1719 3298 1791 ,ΕΙΣ
3369 1718 3813 1772 ΑΝΑΜΝΗΣΙΝ.

1141 1800 1303 1854 ΝΕΜ.
1335 1798 1525 1853 LXIX.

602 1890 771 1948 Vens.
809 1891 929 1947 2-4.
978 1909 998 1943 ‹
1040 1890 1206 1955 Deus,
1241 1890 1297 1943 in
1345 1888 1679 1958 adiutorium
1716 1902 1895 1943 meum
1946 1886 2122 1941 inten-

529 1982 617 2038 de.
653 2002 671 2035 ι
706 1982 891 2052 Neque
911 1982 1189 2042 canticum
1214 2022 1229 2045 ,
1262 1996 1437 2051 neque
1480 1982 1724 2051 psalmus
1744 2020 1759 2042 ,
1788 1995 1964 2050 neque
1988 1978 2119 2049 quid

530 2073 709 2129 simile
742 2073 819 2136 hi,
856 2088 995 2143 quos
1027 2081 1364 2136 tractamus,
1407 2087 1687 2127 sermones
1736 2079 1905 2126 sunt:
1956 2079 2120 2125 caete-

528 2181 651 2219 rum
684 2165 751 2220 ad
800 2166 961 2220 linem
1014 2166 1324 2230 remittunt,
1353 2164 1481 2234 quia
1516 2163 1584 2219 de
1614 2164 1802 2219 futuro
1846 2165 2118 2233 supplica-

528 2257 731 2311 tionem
766 2254 987 2308 habent.
1047 2252 1315 2307 Dicuntur
1368 2262 1582 2319 autem,
1629 2272 1647 2305 ι
1694 2253 1796 2324 ipsi
1839 2252 2010 2308 David
2062 2255 2118 2308 in

530 2348 1075 2412 rememoratiouem;
1115 2366 1132 2397 ι
1165 2357 1349 2416 utpote
1372 2346 1463 2417 qui
1492 2347 1613 2401 ideo
1643 2346 1774 2401 dicti
1802 2344 2025 2408 fuerint,
2058 2356 2114 2401 ut

528 2445 716 2506 posset
756 2452 851 2492 eos
894 2437 946 2491 in
1006 2447 1256 2507 promptu
1285 2454 1379 2492 ore
1415 2437 1679 2507 proferre,
1716 2447 1884 2507 utque
1916 2438 1982 2494 iis
2020 2453 2120 2508 pro

529 2529 771 2583 remedio
804 2531 858 2583 in
891 2531 1114 2585 casibus
1142 2530 1309 2585 variis
1332 2538 1596 2585 uteretur.
1630 2529 1747 2584 Duo
1779 2538 1961 2585 autem
1989 2536 2119 2585 sunt

532 2638 554 2671 ‹
596 2621 648 2673 in
678 2622 1192 2676 rememorationem
1227 2641 1244 2672 ι
1276 2622 1561 2692 inscripti;
1589 2622 1679 2677 hic
1716 2638 1878 2693 quem
1914 2630 2121 2677 tracta-

530 2728 674 2779 mus,
705 2720 761 2769 et
813 2730 1021 2781 xxxvu,
1056 2714 1149 2785 qui
1206 2715 1335 2769 item
1370 2732 1391 2763 ‹
1433 2715 1488 2768 in
1534 2714 2051 2770 rememorationem
2092 2733 2112 2767 ι

530 2806 832 2874 inscriptus
858 2814 963 2860 est.
1016 2805 1121 2861 Sed
1151 2806 1241 2861 ille
1277 2822 1384 2860 non
1417 2807 1483 2860 ad
1516 2808 1674 2861 linem
1702 2807 1972 2871 remittit,
2021 2806 2118 2862 sed

532 2905 617 2949 est
649 2913 667 2945 ι
711 2897 954 2964 psalmus
998 2895 1191 2950 Davidi
1249 2897 1302 2951 in
1362 2898 1904 2965 rememorationem;
1954 2917 1972 2951 ι
2032 2899 2117 2953 hic

530 3003 665 3041 vero
697 3005 715 3037 ι
747 2988 801 3041 in
830 2986 988 3041 finem
1030 3007 1049 3039 ι
1090 2989 1389 3057 inscriptus
1434 2996 1536 3043 est.
1594 2987 1728 3042 Nam
1757 3005 1963 3054 xxxvu,
2008 3006 2117 3044 non

532 3081 713 3136 futura
748 3082 1178 3151 praenuntiabat,
1232 3083 1327 3137 sed
1361 3082 1757 3151 praeteritarum
1788 3098 1968 3135 rerum
2002 3098 2117 3136 me-
2145 3105 2192 3168 ρ

532 3172 764 3227 moriam
798 3172 1093 3228 refricahat
1121 3192 1133 3227 :
1169 3175 1521 3244 quamobrem
1554 3174 1742 3229 eodem
1771 3190 1879 3244 quo
1930 3184 2119 3230 sextus

527 3265 756 3319 exordio
780 3267 971 3328 utitur,
1009 3282 1223 3336 nempe,
1260 3285 1278 3317 ι
1334 3266 1579 3325 Domine.
1603 3282 1669 3320 ne
1706 3266 1758 3319 in
1809 3265 1992 3321 furore
2026 3274 2120 3319 tuo

531 3368 731 3423 arguas
781 3371 894 3418 me,
946 3372 1122 3426 neque
1172 3356 1225 3409 in
1280 3356 1359 3409 ira
1398 3364 1488 3410 tua
1537 3357 1804 3426 corripias
1845 3373 1948 3411 me.
1993 3377 2010 3408 ι
2055 3356 2121 3412 Ει

531 3444 722 3498 eodem
759 3455 987 3515 uterque
1013 3457 1337 3518 argumento
1380 3456 1555 3502 erant.
1619 3448 1900 3519 Siquidem
1933 3459 2120 3505 sextus

531 3536 589 3589 in
642 3539 1000 3605 sequentibus
1040 3540 1153 3593 ait:
1207 3559 1223 3590 ‹
1275 3539 1542 3595 Laboravi
1598 3541 1651 3593 in
1703 3542 1904 3609 gemitu
1956 3556 2116 3595 meo:

530 3630 725 3684 lavabo
750 3647 845 3700 per
871 3633 1119 3703 singulas
1153 3642 1343 3689 noctes
1374 3635 1573 3688 lectum
1604 3649 1784 3688 meum
1807 3672 1820 3695 ,
1863 3634 2120 3705 lacrymis

530 3721 667 3777 meis
714 3731 948 3777 stratum
998 3741 1177 3778 meum
1216 3725 1403 3795 rigabo
1436 3727 1501 3780 ⁷³.
1565 3746 1583 3778 ι
1621 3725 1956 3781 Tricesimus
1989 3742 2121 3782 vero

529 3818 795 3888 septimus
828 3818 1027 3874 similia
1059 3819 1219 3874 docet
1276 3820 1361 3875 his
1415 3820 1596 3877 verbis
1630 3842 1641 3875 :
1683 3840 1702 3872 ι
1744 3820 1863 3876 Non
1898 3829 1983 3877 est
2014 3837 2120 3891 pax

530 3909 749 3964 ossibus
784 3909 919 3963 meis
961 3925 991 3963 a
1039 3909 1175 3965 facie
1224 3921 1571 3997 peccatorum
1624 3928 1868 3967 meorum
1907 3932 1919 3967 :
1976 3928 2117 3983 quo,

530 4000 675 4053 niam
738 4001 1055 4071 iniquitates
1117 4019 1249 4057 mcze
1316 4019 1686 4074 supergressa:
1764 4012 1894 4060 sunt
1955 4012 2119 4075 caput

531 4109 734 4156 meum,
768 4094 910 4149 sicut
941 4109 1082 4150 onus
1115 4111 1278 4164 grave
1320 4105 1557 4167 gravatae
1614 4105 1743 4153 sunt
1792 4112 1957 4167 super
2010 4113 2114 4152 me.

529 4182 865 4239 Putruerunt
896 4194 949 4241 et
970 4196 1240 4257 corruptae
1274 4196 1403 4241 sunt
1435 4189 1723 4244 cicatrices
1754 4205 1887 4243 meae
1916 4204 1946 4243 a
1980 4188 2117 4243 facie

529 4275 858 4343 insipientia:
903 4292 1035 4330 mea:
1063 4278 1132 4330 ⁷⁵.
1178 4296 1196 4328 ι
1232 4275 1357 4332 Haec
1388 4294 1553 4347 porro
1592 4289 1646 4333 et
1676 4280 1877 4333 similia
1906 4279 1973 4333 ad
2006 4295 2115 4334 me-

529 4368 760 4420 moriam
787 4367 1014 4421 admissi
1048 4369 1275 4424 sceleris
1307 4369 1597 4425 referebat.
1634 4371 1816 4436 Quare
1852 4389 1871 4421 ‹
1928 4371 1985 4424 in
2027 4387 2115 4427 re~

2851 1791 2855 1792 ,
2986 1792 3021 1809 μ
3069 1798 3080 1817 1

2517 1822 2544 1845 6.
2982 1791 3102 1844 a8-

2302 1903 2321 1936 ‹
2355 1885 2412 1939 '0
2431 1883 2584 1948 Θεὸς,
2608 1887 2687 1949 είς
2699 1884 2799 1956 τὴν
2818 1883 3070 1955 βοήθειάν
3091 1900 3190 1953 μου
3206 1881 3461 1953 πρόσχες.
3475 1900 3493 1933 ι
3517 1880 3657 1935 Οὔτε
3672 1881 3810 1953 ᾠδὴ,

2221 1977 2346 2035 οὕτε
2377 1976 2619 2048 ψαλμὸς,
2665 1976 2788 2030 οὗτε
2829 1994 2883 2028 τι
2927 1975 3037 2029 τῶν
3072 1975 3329 2029 τοιούτων
3362 1978 3411 2028 0t
3450 1976 3807 2047 προκείμενος

2220 2069 2546 2140 τυγχάνουσι
2588 2068 2766 2137 λόγοι·
2821 2068 2959 2139 πλὴν
3011 2068 3431 2138 άναπέμπουσιν
3486 2071 3564 2132 εἰς
3608 2069 3671 2122 τὸ
3715 2069 3810 2121 τέ-

2220 2162 2331 2225 λος,
2375 2161 2495 2213 ἐπεὶ
2536 2160 2665 2231 περὶ
2704 2160 3005 2231 μελλόντων
3043 2160 3143 2229 τὴν
3178 2161 3466 2231 ἱκετηρίαν
3508 2160 3807 2215 ποιοῦνται.

2220 2256 2479 2325 Εἴρηνται
2510 2252 2569 2305 δὲ
2616 2272 2635 2305 ‹
2660 2251 2734 2322 τῷ
2773 2252 2935 2306 Δαυῖδ
2984 2253 3064 2315 είς
3093 2252 3399 2322 ἀνάμνησιν
3420 2269 3434 2283 ο
3472 2271 3490 2304 ι
3533 2252 3610 2316 ώς
3637 2252 3702 2306 ἂν
3729 2254 3810 2317 είς

2220 2346 2353 2399 αὐτὸ
2382 2345 2541 2398 τοῦτο
2593 2344 2911 2415 λεχθέντες,
2970 2344 3034 2398 ἵν’
3079 2344 3192 2414 ἔχοι
3243 2345 3550 2415 προχείρως
3577 2344 3808 2399 διάστόι

2225 2454 2391 2507 ματος
2446 2435 2921 2507 ἀπομνημονεύειν
2983 2437 3220 2500 αὐτοὺς,
3265 2436 3360 2489 καὶ
3423 2436 3546 2489 ἀντὶ
3589 2438 3808 2508 ἐπῳδῆς

2222 2528 2404 2591 αὐτοῖς
2432 2530 2490 2579 ἐν
2523 2531 2643 2590 ταῖς
2670 2527 3025 2598 περιστάσεσι
3064 2527 3317 2598 χρῆσθαι.
3354 2528 3458 2581 Δύο
3493 2529 3550 2581 δέ
3586 2531 3724 2583 εἰσιν
3757 2530 3807 2581 οἱ

2228 2638 2246 2672 ι
2274 2621 2354 2682 είς
2386 2621 2736 2693 ἀνάμνησιν)
2764 2622 3257 2690 ἐπιγεγραμμένοι,
3288 2621 3315 2673 ὅ
3343 2638 3402 2673 τε
3429 2620 3571 2692 μετὰ
3599 2623 3805 2693 χεῖρας,

2221 2713 2315 2767 καὶ
2343 2713 2370 2764 ό
2406 2711 2480 2775 λζ’
2525 2691 3006 2782 ἐπιγεγραμμένος
3054 2712 3150 2765 καὶ
3192 2713 3355 2776 αὐτὸς
3393 2732 3411 2763 ι
3435 2691 3527 2777 είς
3568 2691 3809 2785 ἀνάμνη-

2221 2818 2328 2856 σιν.
2364 2820 2381 2852 ι
2431 2801 2571 2857 Ἀλλ’
2611 2804 2819 2865 ἐκεῖνος
2869 2803 2965 2873 μέν
3016 2802 3116 2857 οὐκ
3143 2805 3225 2866 είς
3277 2804 3336 2857 τὸ
3384 2805 3540 2867 τέλος
3572 2806 3810 2876 ἀνέπεμ-

2223 2911 2352 2957 πεν,
2389 2894 2502 2947 ἀλλ’
2533 2890 2599 2966 ἦν
2646 2915 2663 2945 ‹
2692 2894 2906 2965 ψαλμὸς
2946 2895 3042 2971 τῷ.
3072 2896 3235 2949 Δαυῒδ
3286 2899 3365 2960 είς
3410 2898 3712 2969 ἀνάμνησιν
3736 2917 3751 2930 ·
3784 2918 3804 2950 ι

2222 2980 2392 3050 Οὗτος
2420 2986 2475 3038 δὲ
2515 3005 2532 3036 ι
2563 2988 2641 3048 εἰς
2684 2987 2743 3038 τὸ
2773 2987 2925 3049 τέλος
2958 3008 2975 3038 ι
3013 2989 3331 3060 ἐπιγράφει.
3359 2990 3417 3042 Ὀ
3462 2992 3559 3061 μὲν
3590 2989 3683 3045 οὖν
3708 2992 3809 3058 λζ’,

2220 3079 2283 3131 οὐ
2315 3078 2615 3148 μελλόντων
2640 3073 2706 3148 ἦν
2728 3080 3209 3149 προαγορευτικὸς,
3247 3080 3381 3133 ἀλλὰ
3400 3083 3810 3152 παρῳχηκότων

2223 3169 2566 3240 πραγμάτων
2593 3169 2999 3239 ὑπομνηστικός
3019 3184 3033 3199 ’
3061 3170 3143 3223 διὸ
3167 3170 3266 3242 τὴν
3294 3171 3463 3243 αὐτὴν
3492 3172 3663 3245 ἀρχὴν
3697 3169 3811 3246 εἷχε

2222 3260 2298 3331 τῷ
2334 3261 2388 3325 ς’
2418 3260 2593 3329 λέγων
2612 3278 2624 3291 ·
2660 3280 2677 3311 ι
2704 3262 2899 3335 Κύριε,
2940 3262 3014 3333 μὴ
3040 3261 3119 3332 τῷ
3145 3261 3301 3333 θυμῷ
3335 3280 3427 3316 σου
3456 3264 3680 3336 ἐλέγξῃς
3719 3282 3809 3337 με,

2225 3351 2359 3422 μηδὲ
2402 3354 2466 3422 τῇ
2509 3353 2647 3423 ὀργῇ
2701 3368 2793 3405 σου
2835 3352 3133 3424 παιδεύσῃς
3163 3371 3251 3424 με.
3290 3372 3307 3405 ι
3342 3354 3489 3408 Μίαν
3526 3373 3587 3408 τε
3620 3358 3669 3408 οἱ
3703 3358 3811 3427 άμ-

2222 3445 2437 3515 φότεροι
2461 3444 2715 3497 ὑπόθεσιν
2743 3449 3040 3516 περιεῖχον.
3074 3446 3131 3497 ’0
3162 3446 3262 3516 μὲν
3288 3446 3397 3517 γὰρ
3423 3447 3579 3513 ἐκτος
3606 3449 3810 3517 προῖὼν

2222 3540 2495 3608 ἐπιλέγει·
2524 3560 2542 3591 ‹
2597 3541 2895 3595 Ἐκοπίασα
2930 3542 2987 3593 ἐν
3022 3540 3101 3612 τῷ
3136 3541 3424 3613 στεναγμῷ
3468 3561 3570 3614 μου
3592 3562 3603 3573 ·
3633 3544 3812 3598 λούσω

2222 3632 2341 3685 καθ’
2395 3634 2633 3705 ἑκάστην
2683 3633 2856 3687 νύκτα
2904 3633 3001 3704 τὴν
3053 3633 3241 3707 κλίνην
3295 3653 3431 3706 μου·
3484 3639 3541 3689 ἐν
3578 3637 3812 3708 δάκρυσί

2224 3741 2325 3794 μου
2363 3724 2460 3795 τὴν
2500 3727 2788 3797 στρωμνήν
2832 3743 2933 3796 μου
2985 3726 3189 3798 βρέξω’
3223 3748 3240 3778 ι
3274 3730 3303 3780 ό
3334 3728 3392 3781 δέ
3432 3728 3509 3793 λζ’
3533 3728 3602 3783 τὰ
3647 3729 3809 3800 ὃμοια

2219 3814 2460 3870 διδάσκει
2478 3817 2652 3885 λέγων
2671 3834 2684 3847 ⁸
2714 3836 2731 3868 ι
2759 3818 2872 3870 Ούκ
2896 3818 3041 3871 ἐστιν
3055 3820 3245 3891 εἰρήνη
3267 3821 3325 3873 ἐν
3344 3823 3461 3884 τοῖς
3477 3821 3687 3883 όστέοις
3706 3839 3809 3891 μου

2220 3908 2330 3961 ἀπὸ
2361 3910 2653 3979 προσώπου
2696 3911 2805 3964 τῶν
2847 3912 3135 3985 ἁμαρτιῶν
3185 3929 3320 3984 μου’
3366 3914 3449 3967 ὅτι
3498 3915 3555 3969 αἱ
3588 3915 3809 3986 ἀνομίαι

2224 4017 2325 4071 μου
2386 4000 2670 4075 ὑπερῇραν
2727 4003 2828 4073 τῆν
2898 4004 3140 4075 κεφαλήν
3215 4022 3316 4075 μου
3389 4004 3523 4058 ὡσεὶ
3585 4006 3809 4077 φορτίον

2223 4090 2359 4161 βαρὺ
2408 4090 2786 4162 ἐϐαρύνθησαν
2844 4091 2931 4143 ἐπ’
2961 4092 3081 4163 ἐμέ.
3123 4092 3485 4164 Προσώζεσαν
3532 4094 3629 4146 καὶ
3677 4094 3807 4147 ἐσά-

2221 4199 2401 4253 πησαν
2438 4184 2487 4235 οἱ
2539 4181 2806 4253 μώλωπες
2854 4202 2955 4255 μου
3004 4184 3112 4237 άπὸ
3159 4184 3452 4257 προσώπου
3496 4186 3596 4257 τῆς
3638 4187 3812 4257 ἀφρο-

2222 4272 2388 4343 σύνης
2441 4290 2565 4343 μου.
2597 4292 2615 4325 ι
2677 4273 2864 4327 Ταῦτα
2914 4274 2971 4328 δὲ
3029 4276 3122 4328 καὶ
3172 4276 3239 4329 τὰ
3289 4276 3515 4330 τοιαῦτα
3567 4277 3658 4330 ἐπὶ
3712 4276 3810 4347 τὴν

2223 4367 2447 4437 μνήμην
2496 4365 2591 4419 τοῦ
2641 4367 2978 4439 πραχθέντος
3002 4367 3150 4440 αύτῷ
3184 4369 3657 4441 πλημμελήματος
3685 4371 3811 4424 ἀνέ-

530 4460 978 4513 memorationem
1014 4479 1032 4512 ι
1071 4461 1368 4530 inscriptus
1416 4471 1500 4516 est
1525 4501 1540 4523 ,
1593 4462 1864 4533 frequenti
1900 4462 2117 4518 confes-

2222 4475 2377 4529 φερε.
2426 4459 2627 4530 Διόπερ
2684 4478 2702 4511 ι
2733 4462 2813 4523 είς
2869 4460 3177 4532 ἀνάμνησιν
3212 4481 3231 4514 ι
3267 4462 3613 4534 ἐπέγραφεν,
3672 4464 3810 4517 ἐπα-

527 4550 683 4605 sione
717 4554 989 4621 przetcrita
1040 4564 1314 4623 repetens.
1363 4552 1495 4620 Quae
1545 4554 1673 4609 item
1721 4570 1887 4609 causa
1917 4563 2019 4620 est,
2057 4567 2117 4611 ut

531 4665 553 4697 ‹
592 4646 647 4700 in
690 4645 852 4701 ﬁnem
888 4665 907 4697 ι
941 4660 1052 4699 non
1074 4646 1433 4702 inscribatur.
1467 4646 1566 4701 llic
1594 4663 1722 4702 vero
1750 4666 1769 4698 ι
1804 4649 1860 4703 in
1894 4649 2056 4706 finem
2091 4670 2110 4705 ›

525 4739 769 4803 dicitur,
805 4739 934 4809 quia
964 4746 1405 4809 exspectatarum
1464 4754 1647 4793 rerum
1702 4743 1944 4810 precatio
1997 4752 2116 4810 est,

527 4840 889 4903 praivertente
927 4829 1196 4901 Propheta
1249 4846 1315 4885 ac
1362 4838 1617 4899 rogante;
1673 4842 1731 4888 ut
1789 4835 1833 4889 si
1894 4836 2116 4905 quando

526 4923 854 4991 contingant
882 4922 1231 4977 inimicorum
1282 4924 1521 4979 insultus
1579 4932 1634 4979 et
1686 4925 1901 4982 insidize
1946 4928 2006 4983 in
2058 4942 2119 4983 se

527 5022 754 5086 paratae,
787 5014 871 5067 his
898 5014 1159 5069 remediis
1184 5030 1339 5080 usus,
1372 5030 1436 5071 ea
1472 5017 1628 5086 quasi
1661 5019 1909 5075 antidota
1934 5020 2116 5091 quod-

526 5105 610 5158 vis
642 5103 1014 5173 perniciosum
1041 5105 1338 5159 amuletum
1371 5106 1697 5177 depellentia
1729 5109 1938 5167 afferat.
1974 5110 2115 5169 Num

524 5197 691 5249 etiam
745 5195 859 5250 haec
917 5195 1065 5250 dicta
1120 5196 1186 5251 ad
1243 5212 1533 5267 personam
1584 5198 1887 5257 Salvatoris
1941 5202 2117 5258 nostri

525 5285 849 5353 prophetice
897 5285 1243 5341 referantur?
1294 5285 1743 5360 Quandoquidem
1798 5291 1854 5347 in
1914 5307 2117 5362 prtece~

524 5376 675 5430 denti
706 5377 916 5445 psalmo
953 5378 1100 5432 clare
1134 5377 1447 5448 passionem
1497 5380 1618 5448 ejus
1662 5382 1986 5437 vaticinanti
2048 5397 2116 5438 ex

522 5468 645 5533 ejus
685 5482 921 5538 persona
947 5467 1234 5524 dicebatur
1263 5489 1276 5524 :
1316 5488 1335 5521 ‹
1377 5470 1487 5542 Ego
1531 5488 1654 5528 sum
1687 5488 1893 5544 pauper
1929 5482 1983 5529 et
2015 5474 2115 5530 do-

528 5557 669 5623 lens.
710 5558 860 5615 salus
892 5567 1007 5627 tua,
1046 5559 1211 5620 Deus.
1246 5564 1490 5634 suscepit
1532 5579 1619 5622 me
1650 5566 1725 5633 ⁷⁸;
1780 5584 1798 5618 ι
1863 5565 2115 5623 similiter

582 5674 630 5706 '°
657 5673 832 5730 Galat.
861 5676 1043 5742 tv,26.
1097 5680 1140 5710 "
1171 5678 1336 5737 Hebr.
1362 5697 1462 5742 xu,
1486 5681 1576 5736 22.
1648 5684 1691 5715 τ’
1718 5681 1872 5741 Joan.
1899 5683 2083 5752 τινά,
2150 5683 2356 5743 "Psai.
2383 5702 2457 5753 γι,
2487 5686 2535 5741 'i'.

610 5770 688 5841 (l)
711 5768 917 5843 Lectio,
955 5783 1011 5829 ut
1043 5773 1279 5844 videtur,
1307 5777 1516 5833 vitiata.

2223 4551 2584 4622 ναλαμεάνων
2637 4551 2709 4605 τά
2754 4553 3094 4625 παρελθόντα
3138 4553 3228 4607 διὰ
3265 4554 3366 4625 τῆς
3400 4554 3659 4625 συνεχοῦς
3691 4553 3811 4619 ἐξο-

2227 4643 2589 4715 μολογήσεως.
2624 4645 2715 4698 Διὸ
2740 4646 2839 4698 οὐκ
2868 4646 3180 4717 ἐπέγραφεν
3220 4666 3238 4698 ι
3271 4648 3352 4710 είς
3376 4646 3439 4699 τὸ
3467 4647 3639 4710 τέλος.
3677 4666 3695 4699 ι
3751 4649 3811 4701 Ὀ

2223 4734 2281 4789 δέ
2315 4736 2504 4806 παρὼν
2545 4756 2563 4787 ι
2601 4739 2680 4799 εἰς
2712 4737 2772 4788 τὸ
2788 4737 2940 4799 τέλος
2974 4758 2992 4789 ι
3034 4736 3272 4809 εἴρηται,
3294 4738 3592 4809 ἐπειδήπερ
3624 4740 3812 4809 ἱκετη-

2221 4826 2314 4899 ρία
2342 4827 2459 4879 ἐστὶ
2494 4827 2962 4898 προσδοκωμένων
2998 4828 3360 4899 πραγμάτων,
3394 4828 3490 4882 τοῦ
3519 4830 3809 4901 Προφήτου

2220 4921 2700 4992 προλαμϐάνοντος
2718 4922 2811 4975 καὶ
2834 4922 3148 4994 εὐχομένου·
3181 4923 3270 4987 ἵν’,
3304 4923 3359 4975 εἴ
3387 4939 3517 4976 ποτε
3542 4923 3811 4994 συμϐαῖεν

2221 5012 2432 5087 ἐχθρῶν
2489 5014 2884 5076 ἐπαναστάσεις
2940 5013 3036 5067 καὶ
3079 5011 3369 5067 ἐπιϐουλαὶ
3440 5014 3559 5067 κατ’
3609 5012 3810 5076 αὑτοῦ,

2220 5109 2341 5170 ταῖς
2374 5107 2763 5178 προκειμέναις
2788 5105 3022 5177 ἐπῳδαῖς
3064 5105 3346 5178 χρώμενος
3388 5104 3813 5178 ἀλεξιφάρμακα

2224 5199 2412 5271 ῶσπερ
2433 5200 2775 5273 ἀποτρόπαια
2805 5198 3007 5261 παντὸς
3046 5198 3283 5272 πονηροῦ
3304 5198 3810 5270 άντιπεριάμματος

2222 5292 2502 5360 ἐπάγοιτο.
2549 5292 2774 5363 Μήποτε
2797 5292 2854 5345 δέ
2884 5291 2978 5345 καὶ
3010 5290 3368 5362 προφητικῶς
3395 5294 3476 5356 εἰς
3516 5290 3810 5363 πρόσωπον

2222 5384 2555 5457 ἀναφέρεται
2586 5383 2655 5437 τά
2683 5383 2953 5455 λεγόμενα
2983 5382 3079 5436 τοῦ
3113 5383 3396 5455 Σωτῆρος
3422 5384 3722 5454 ἐπειδήπερ
3750 5385 3810 5435 ἐν

2226 5476 2324 5546 μὲν
2379 5476 2455 5546 τῷ
2500 5476 2605 5547 πρὸ
2652 5474 2842 5529 τούτου
2906 5474 3093 5545 σαφῶς
3145 5474 3455 5539 θεσπίζοντι
3519 5477 3579 5529 τὸ
3636 5475 3809 5538 πάθος

2223 5567 2387 5623 αὑτοῦ
2430 5567 2644 5636 ἐλέγετο
2692 5570 2751 5635 ἐξ
2801 5568 2969 5622 αὐτοῦ
3027 5569 3351 5640 προσώπου·
3393 5586 3413 5618 ι
3449 5568 3674 5638 Πτωχὸς
3711 5566 3808 5622 καὶ

2602 5687 2649 5718 ⁷⁸
2669 5684 2811 5742 Psal.
2836 5702 3043 5751 xxxv",
3071 5684 3188 5740 4-6.
3252 5687 3297 5719 "
3319 5683 3464 5743 Psal.
3494 5699 3687 5750 uvm,
3715 5682 3809 5740 δυ.
