4128 6392
304 376 416 431 769

1442 366 1950 424 COMMENTARIA
1982 365 2052 420 ΙΝ
2090 365 2430 421 PSALMOS.

3484 375 3593 432 770

303 492 494 563 ἀλγῶν
524 490 635 561 ἐγώ
658 491 794 563 εἰμι,
827 490 861 560 ἠ
896 472 1141 561 σωτηρία
1189 504 1304 551 σου,
1336 489 1367 540 ό
1390 486 1541 551 Θεὸς,
1576 482 1895 540 ἀντελάϐετό

2005 484 2060 539 in
2079 484 2335 556 praesenti
2365 490 2553 555 postea
2585 481 2759 539 dicit:
2795 501 2817 538 ι
2857 481 2972 557 Ego
2990 498 3122 540 vero
3150 500 3360 552 egenus
3379 495 3435 545 et
3452 501 3590 561 pau-

298 602 448 658 μουο
486 603 506 637 ι
550 582 810 646 ὡσαύτως
847 582 903 635 δὲ
943 583 1037 635 καὶ
1073 584 1131 634 ὲν
1169 579 1246 649 τῷ
1283 579 1422 651 μετά
1454 582 1641 650 χεῖρας
1690 575 1893 650 προῖὼν

305 678 539 746 φάσκει·
570 693 589 726 ι
630 672 773 743 Ἐγὼ
804 672 861 725 δὲ
897 672 1111 742 πτωχὸς
1141 672 1237 726 καὶ
1270 671 1475 741 πένης,
1520 669 1548 720 ὁ
1586 668 1740 731 Θεὸς,
1771 667 1897 738 βοή-

304 769 476 842 θησόν
502 786 612 840 μοι.
651 786 670 819 ι
699 768 861 819 ’Ὥστε
896 766 990 819 καὶ
1020 763 1107 818 διὰ
1131 764 1293 818 τοῦτο
1328 762 1637 831 ἀναγκαίως
1664 760 1895 832 ἐπιγρά-

308 880 433 934 φειν
468 882 485 913 ι
522 863 602 924 εἰς
641 860 700 913 τὸ
750 859 925 923 τέλος.
962 877 982 910 ι
1030 857 1156 910 Ἐὰν
1213 857 1312 927 μὲν
1347 852 1441 909 οὖν
1482 856 1547 908 ἐκ
1601 851 1895 926 προσώπου

306 956 405 1010 τοῦ
436 953 600 1009 Δαυῖδ
626 953 858 1022 λέγοιτο,
889 951 1061 1013 εἴποι,
1097 949 1162 1003 ἂν
1209 951 1291 1003 ὅτι
1321 948 1556 1021 μεγάλου
1595 946 1898 1017 βασιλεύων

307 1048 530 1112 ἔθνους,
582 1045 789 1117 σφόδρα
846 1042 1252 1105 πλουσιώτατος
1292 1039 1399 1105 ὢν,
1454 1040 1557 1093 οὐκ
1598 1037 1785 1109 ὴγνόει
1834 1036 1897 1091 τὸ

308 1140 521 1211 φάσκον
554 1138 762 1207 λόγιονδ
795 1155 814 1188 ι
852 1137 1000 1206 Ὅσῳ
1038 1135 1212 1205 μέγας
1243 1129 1330 1195 εἰ,
1364 1131 1604 1202 τοσούτῳ
1634 1129 1894 1185 ταπεινοῦ

308 1232 567 1295 σεαυτὸν,
600 1232 695 1284 καὶ
735 1226 965 1284 ἐνώπιον
997 1228 1203 1298 Κυρίου
1238 1227 1494 1298 εὑρήσεις
1527 1225 1709 1296 χάριν.
1748 1243 1766 1276 ι
1804 1222 1897 1277 Διὸ

312 1322 717 1395 μετριοφρονῶν
759 1322 852 1374 καὶ
896 1318 1336 1388 ταπεινοφρονῶν
1370 1318 1465 1371 καὶ
1508 1316 1725 1388 ἀληθῶς
1765 1333 1894 1387 σμι-

306 1416 525 1490 κρύνων
558 1415 785 1479 ἑαυτὸν,
829 1414 925 1467 καὶ
973 1412 1111 1483 πρὸς
1152 1409 1214 1464 τὸ
1260 1410 1488 1480 μέγεθος
1535 1409 1755 1480 ἀφορῶν
1801 1408 1895 1462 τοῦ

307 1510 542 1564 πλούτου
573 1509 674 1578 τῆς
708 1506 1078 1578 χρηστότητος
1111 1503 1204 1557 τοῦ
1227 1503 1364 1556 Θεοῦ
1384 1545 1398 1569 ,
1427 1502 1643 1572 πτωχὸν
1670 1502 1764 1555 καὶ
1798 1502 1896 1554 πέ-

307 1620 449 1674 νητα
499 1602 691 1655 ἑαυτὸν
743 1598 831 1653 διά
878 1598 988 1651 τῶν
1035 1595 1414 1668 προκειμένων
1465 1595 1714 1665 ὠνόμασε
1740 1613 1751 1623 ·
1802 1594 1896 1646 καὶ

307 1693 612 1767 ἀρχόμενος
652 1691 708 1745 δέ
746 1689 840 1742 τοῦ
871 1689 1052 1757 λόγου,
1084 1687 1160 1750 ὡς
1195 1686 1359 1757 μηδὲν
1400 1683 1550 1755 αὐτῷ
1590 1683 1894 1754 συμϐαλλο-

311 1787 501 1855 μένου,
538 1783 675 1853 μήτε
703 1779 957 1844 πλούτου,
989 1778 1125 1849 μήτε
1162 1776 1459 1847 βασιλείας,
1496 1776 1630 1846 μήτε
1671 1774 1769 1844 τῆς
1799 1773 1894 1827 τοῦ

2000 593 2097 647 per
2124 594 2268 646 sum,
2307 578 2469 643 Deus,
2505 575 2701 643 adiuva
2754 591 2863 633 me.
2912 597 2931 631 ι
2965 576 3044 633 ita
3094 587 3154 633 ut
3204 595 3268 635 ea
3304 580 3373 637 de
3417 596 3591 637 causa

2004 688 2022 721 σ
2054 670 2111 724 in
2157 669 2321 725 linem
2359 690 2379 722 ι
2432 669 2747 724 necessario
2808 668 3163 726 inscribatur.
3218 672 3375 738 Quod
3430 676 3479 730 si
3517 690 3590 733 ex

1998 778 2235 833 persona
2269 762 2494 819 Davidis
2527 761 2863 832 proferatur,
2896 764 3049 819 dicas
3083 765 3211 819 licet
3248 766 3427 837 ipsum
3470 782 3591 822 ma-

1997 872 2117 927 gna:
2153 858 2330 929 gemis
2372 873 2574 927 regem,
2610 872 2674 913 ac
2703 858 3037 914 ditissimum
3063 897 3078 921 ,
3131 874 3243 913 non
3307 860 3592 930 ignorasse

2000 960 2179 1004 tamen
2214 950 2420 1004 dictum
2474 950 2656 1005 illud:
2716 968 2735 1001 ‹
2775 949 2993 1017 Quanto
3048 952 3227 1020 major
3278 967 3372 1016 es,
3434 960 3592 1008 tanto

1999 1039 2175 1110 magis
2213 1040 2449 1110 teipsurn
2501 1040 2766 1107 humilia,
2818 1047 2873 1095 et
2921 1040 2976 1093 in
3021 1048 3322 1110 conspectu
3368 1040 3593 1097 Domini

1998 1132 2246 1188 invenies
2271 1134 2504 1204 gratiam
2533 1135 2622 1188 7".
2648 1152 2668 1186 ›
2697 1132 2879 1199 Quare
2912 1135 3192 1189 moderate
3225 1141 3279 1188 et
3308 1134 3595 1189 humiliter

1999 1226 2265 1291 sentiens,
2296 1243 2533 1297 vereque
2562 1241 2684 1282 sese
2718 1241 2945 1297 parvum
2991 1234 3275 1296 reputans,
3311 1242 3376 1281 ac
3412 1228 3593 1295 respi-

1998 1320 2152 1375 ciens
2183 1319 2618 1391 magnitudinem
2643 1320 2959 1375 divitiarum
3000 1320 3263 1375 bonitatis
3294 1319 3428 1387 Dei,
3464 1336 3593 1392 ege-

2000 1428 2129 1465 num
2166 1427 2226 1467 se
2274 1422 2329 1467 et
2361 1426 2655 1483 pauperem
2714 1412 2769 1465 in
2818 1411 3073 1481 praesenti
3120 1413 3370 1469 vocavit:
3425 1418 3593 1481 atque

2000 1518 2307 1558 sermonem
2340 1504 2583 1566 ordiens,
2618 1517 2682 1556 ac
2718 1502 2765 1558 si
2804 1503 3045 1567 divitiae,
3102 1517 3364 1573 regnum,
3420 1505 3598 1561 totius

1998 1597 2183 1665 populi
2214 1596 2437 1661 auxilia,
2468 1598 2706 1669 itemque
2746 1596 2959 1667 justitia
2993 1611 3093 1666 per
3137 1597 3592 1653 exercitationem

1998 1695 2335 1757 comparata,
2370 1688 2507 1741 nihil
2539 1688 2643 1745 sibi
2695 1688 3038 1754 conferrent,
3066 1686 3239 1743 solius
3285 1686 3381 1742 Dei
3433 1688 3593 1743 auxi-

1998 1777 2131 1832 lium
2190 1780 2478 1848 expetebat
2537 1780 2772 1840 dicens:
2822 1799 2844 1835 ¢
2897 1779 3078 1846 Deus,
3141 1780 3197 1835 in
3256 1778 3590 1849 adjutorium

309 1877 515 1939 παντὸς
555 1874 737 1936 ἔθνους
770 1871 1021 1944 βοηθείας
1041 1910 1055 1933 ,
1095 1872 1228 1942 μήτε
1254 1870 1353 1940 τῆς
1394 1867 1454 1931 ἐξ
1482 1868 1768 1937 ἀσκήσεως
1801 1883 1895 1918 πο·

2000 1882 2180 1924 meum
2200 1871 2417 1924 intende
2438 1890 2452 1937 ;
2472 1871 2720 1936 Domine,
2747 1873 2815 1927 ad
2837 1873 3207 1943 adjuvandum
3229 1884 3315 1928 me
3333 1872 3553 1929 festina.
3568 1891 3589 1925 ι

313 1967 593 2039 ρισθείσης
637 1964 785 2035 αύτῷ
827 1962 1194 2034 δικαιοσύνης,
1241 1962 1341 2031 τὴν
1388 1960 1537 2032 παρὰ
1594 1958 1753 2029 μόνου
1803 1956 1898 2046 τοῦ

298 2058 449 2112 Θεοῦ
492 2059 742 2131 βοήθειαν
777 2055 1144 2128 ἐξῄτει).έγων
1165 2071 1178 2084 ·
1222 2073 1239 2104 ι
1265 2054 1323 2106 Ὀ
1355 2053 1506 2117 Θεὸς,
1536 2053 1615 2114 εἰς
1639 2050 1737 2122 τὴν
1769 2049 1898 2120 βοή-

312 2151 464 2205 θειάν
494 2169 594 2223 μου
618 2151 873 2222 πρόσχες.
901 2148 1095 2219 Κύριε,
1132 2148 1209 2209 εἰς
1232 2146 1293 2198 τὸ
1314 2132 1579 2215 βοηθῆσαί
1611 2160 1700 2215 μοι
1729 2141 1898 2194 σπεῦ-

313 2259 425 2295 σον.
463 2261 481 2293 ι
531 2241 702 2313 Ὁρῶν
746 2241 803 2293 δέ
837 2238 1066 2301 πολλοὺς
1111 2236 1599 2307 διαφθονουμένους
1646 2236 1712 2305 τῇ
1758 2231 1900 2286 κατὰ

304 2335 445 2389 ΔΘεὸν
471 2333 634 2389 αὑτοῦ
662 2333 909 2404 προκοπῇ
944 2330 1038 2382 καὶ
1069 2328 1462 2399 βασκαίνοντας
1490 2328 1657 2383 αὑτοῦ
1685 2330 1751 2399 τῇ
1785 2345 1894 2379 σω-

310 2428 479 2499 τηρία
519 2428 617 2498 τῆς
650 2425 862 2496 ψυχῆς,
909 2421 1219 2493 προσετίθει
1252 2421 1311 2474 τὸ
1332 2461 1346 2481 ,
1376 2439 1395 2471 ι
1436 2420 1895 2492 Αίσχυνθήτωσαν

310 2522 410 2574 καὶ
458 2519 881 2589 ἐντραπήτωσαν
932 2516 979 2568 oi
1033 2511 1326 2583 ζητοῦντες
1375 2513 1474 2584 τὴν
1527 2513 1704 2584 ψυχήν
1769 2528 1893 2584 μου.

315 2602 855 2678 Ἆποστραιρήτωσαν
885 2605 964 2666 εἰς
995 2604 1062 2658 τά
1100 2603 1276 2656 ὀπίσω
1297 2603 1391 2656 καὶ
1421 2601 1897 2674 καταισχυνθήτω-

302 2715 414 2756 ’σαν
446 2704 496 2755 οἰ
530 2699 841 2773 βουλόμενοί
877 2715 967 2769 μοι
1005 2699 1172 2752 κακά.
1214 2698 1747 2768 Ἀποστραφήτωσαν
1788 2713 1895 2749 πα-

308 2795 548 2868 ραυτίκα
580 2791 952 2862 αἰσχυνόμενοι
980 2792 1030 2843 οἰ
1060 2789 1309 2857 λέγοντές
1341 2806 1463 2859 μοι,
1495 2784 1658 2856 Εὖγε,
1686 2785 1836 2856 εὖγε.
1871 2806 1890 2839 ι

312 2887 411 2941 Διιά
430 2885 635 2939 τούτων
649 2886 720 2953 γά
728 2902 758 2956 ρ
772 2882 1023 2955 ὁμολογεῖ
1037 2882 1199 2944 αὐτὸς
1221 2881 1319 2952 μὲν
1337 2880 1516 2951 ἑαυτῷ
1543 2881 1617 2952 μὴ
1638 2880 1897 2935 δύνασθαι

313 2979 575 3050 ἐπαρκεῖν
596 3017 609 3041 ,
643 2975 848 3029 δεῖσθαι
885 2975 943 3028 δέ
974 2974 1073 3039 τῆς
1110 2972 1261 3044 παρά
1304 2972 1399 3025 τοῦ
1422 2974 1729 3044 κρείττονος
1768 2973 1897 3043 βοη-

314 3068 466 3132 θείας
484 3084 499 3099 ο
528 3068 631 3133 ὡς,
661 3068 711 3120 εἰ
748 3067 820 3138 μὴ
848 3067 1000 3137 τύχοι
1032 3065 1252 3136 ταύτης,
1287 3064 1492 3136 ἔρημος
1520 3063 1776 3134 ἐσόμενος
1801 3064 1898 3116 καί⁸

315 3153 775 3230 ὲλεγχθησόμενος
800 3156 1037 3228 ἀσθενὴς
1052 3157 1146 3210 καὶ
1172 3156 1335 3211 πλέον
1351 3156 1501 3210 οὐδὲν
1530 3156 1563 3226 ἢ
1592 3155 1782 3227 θνητὸς
1802 3157 1896 3210 ἄν-

317 3252 566 3323 θρωπος’
597 3252 691 3305 καὶ
722 3250 799 3313 ὼς
830 3252 876 3304 οἰ
904 3249 1089 3322 ἐχθροί
1120 3248 1283 3301 αὐτοῦ
1310 3248 1780 3320 ἐπιχαιρεσίκακοί
1816 3265 1897 3301 τι-

314 3360 403 3406 νες
441 3343 595 3406 ὄντες
636 3341 860 3394 πεσόντι
906 3339 1055 3411 αὐτῷ
1095 3339 1551 3410 ἐπαναϐήσονται.
1594 3338 1658 3393 Εἰ
1685 3338 1742 3390 δὲ
1774 3337 1901 3409 βοη-

316 3436 410 3490 θοῦ
466 3436 618 3507 τύχοι
669 3434 761 3488 τοῦ
817 3434 974 3499 Θεοῦ,
1028 3432 1189 3496 αὐτὸς
1241 3432 1338 3503 μὲν
1403 3430 1554 3485 ἔσται
1598 3428 1897 3500 ἀνώτερος·

314 3530 578 3599 αἰσχύνην
615 3526 672 3580 δέ
713 3524 1107 3596 καταχεοῦνται
1149 3526 1198 3577 οἰ
1237 3524 1338 3592 τῆς
1366 3520 1530 3575 αὐτοῦ
1571 3519 1749 3591 ψυχῆς
1783 3518 1901 3572 ἐπί-

313 3623 495 3682 ϐουλοι
511 3638 526 3653 ·
555 3620 755 3683 οἵτινες
802 3619 886 3687 ἐφ’
910 3614 1121 3690 ἑκάστῃ
1152 3615 1348 3688 πράξει
1374 3613 1514 3668 κατά
1539 3614 1707 3677 πόδας
1731 3610 1897 3667 αὐτοῦ

317 3715 591 3787 βαίνοντες
603 3713 698 3767 καί
709 3727 777 3764 πε
784 3709 883 3784 ιρώ
889 3724 1039 3781 μενοι
1056 3706 1519 3779 ἐπιλαμϐάνεσθαι
1534 3705 1696 3759 αὑτοῦ
1716 3705 1896 3773 λέγειν

314 3807 590 3869 εἰώθασιν,
628 3823 646 3855 ι
679 3800 853 3872 Εὖγε,
887 3797 1014 3870 εὖγε
1036 3841 1049 3864 ,
1082 3820 1099 3852 ι
1130 3800 1204 3863 ὡς
1227 3799 1292 3854 ἂν
1322 3796 1775 3868 ἐπιτυγχάνοντες
1799 3797 1895 3850 καὶ

315 3902 437 3955 κατ’
465 3898 631 3969 εὐχὰς
662 3897 991 3968 πράττοντες
1014 3896 1071 3947 ἐν
1104 3888 1184 3956 οἷς
1216 3891 1378 3945 αὐτὸν
1414 3888 1745 3958 σφάλλεσθαι
1775 3889 1893 3943 ἐνό-

319 3990 493 4062 μιζον.
534 3988 675 4043 Εἰδέ
712 3987 805 4039 ἐπὶ
838 3987 929 4039 τὸν
957 3982 1186 4056 Σωτῆρά
1206 4000 1288 4045 τις
1314 3982 1573 4053 ἀναφέροι
1604 3978 1774 4033 ταῦτα
1809 3978 1897 4033 διὰ

314 4081 412 4152 τὴν
438 4079 791 4133 ἀποδοθεῖσαν
824 4077 1023 4139 αἰτίαν,
1058 4076 1206 4147 ἐρεῖ,
1235 4075 1316 4127 ὃτι
1360 4075 1487 4136 τοὺς
1523 4071 1897 4125 ἐπιϐουλεύον-

316 4187 415 4236 τας
439 4168 605 4225 αὖτοῦ
632 4170 874 4241 τῷλόγῳ
902 4169 995 4222 καὶ
1021 4170 1084 4239 τῇ
1114 4165 1454 4237 διδασκαλίᾳ,
1484 4164 1563 4236 τῷ
1582 4182 1642 4217 τε
1673 4164 1894 4235 μεγάλῳ

316 4263 529 4335 σώματι
559 4262 658 4334 τῆς
696 4261 1022 4333 Ἐκκλησίας
1061 4258 1224 4313 αὐτοῦ
1268 4257 1488 4329 θεωρῶν
1525 4256 1884 4326 ἐπανισταμέ-

2001 1963 2462 2019 Animadvertens
2497 1974 2676 2020 autem
2732 1966 3001 2036 plurimos
3040 1982 3166 2022 esse
3198 1968 3293 2037 qui
3343 1981 3446 2020 suo
3508 1981 3597 2022 se-

2001 2057 2240 2109 cundum
2273 2054 2441 2110 Deum
2474 2056 2762 2127 profectui,
2790 2060 2963 2113 livore
2991 2058 3162 2125 ducti,
3186 2074 3251 2113 ac
3273 2059 3440 2114 saluti
3465 2058 3591 2112 ani-

1999 2162 2102 2203 mae
2127 2162 2240 2203 sua:
2284 2148 2611 2214 inviderent,
2641 2149 2774 2203 illud
2826 2150 3067 2220 adjecit:
3109 2170 3129 2203 ι
3163 2149 3593 2206 Confundantur

2000 2246 2053 2295 et
2082 2250 2435 2296 revereantur
2473 2243 2567 2312 qui
2602 2251 2855 2313 quaerunt
2886 2244 3122 2297 animam
3157 2258 3358 2299 meam.
3416 2244 3592 2297 Aver-

1997 2341 2184 2387 tantur
2232 2343 2535 2390 retrorsum
2585 2345 2639 2391 et
2690 2338 3019 2394 erubescant
3063 2339 3157 2409 qui
3214 2338 3404 2393 volunt
3453 2338 3590 2393 mihi

1998 2422 2160 2474 mala.
2190 2419 2525 2478 Avertantur
2562 2425 2748 2479 statim
2807 2427 3199 2481 erubescentes
3242 2426 3337 2497 qui
3396 2429 3592 2482 dicunt

1996 2514 2153 2579 mihi,
2177 2513 2346 2585 Euge,
2376 2531 2533 2585 euge.
2574 2536 2593 2569 ι
2628 2516 2725 2571 llis
2764 2519 3057 2573 conﬁtetur
3086 2534 3145 2573 se
3173 2534 3285 2572 non
3318 2519 3422 2573 sibi
3454 2521 3590 2576 satis

1996 2620 2140 2669 esse,
2169 2607 2265 2661 sed
2300 2605 2394 2661 Dei
2435 2607 2641 2663 auxilio
2678 2624 2857 2680 egere.
2895 2608 3161 2664 Futurum
3196 2610 3401 2681 quippe
3430 2619 3587 2677 erat,

1998 2699 2046 2754 si
2068 2698 2123 2753 id
2151 2714 2260 2753 non
2285 2711 2738 2771 consequeretur,
2774 2710 2833 2756 ut
2876 2703 3128 2759 desertus
3154 2711 3322 2768 esset,
3345 2719 3410 2758 ac
3437 2705 3591 2759 inﬁr-

1997 2806 2122 2847 mus
2148 2793 2395 2863 nihilque
2418 2795 2590 2865 magis
2613 2811 2775 2865 quam
2810 2798 3055 2852 mortalis
3083 2796 3244 2851 homo
3277 2795 3581 2868 deprehen-

1998 2884 2578 2956 deretur,inimicique
2608 2888 2800 2943 alienis
2820 2888 2980 2943 malis
3012 2888 3337 2958 gaudentes,
3368 2890 3590 2961 lapsum

2000 2991 2060 3033 se
2087 2976 2333 3033 invasuri
2358 2986 2563 3034 essent.
2603 2978 2661 3033 Si
2708 2995 2839 3035 vero
2874 2981 3179 3050 adjutorem
3230 2980 3402 3038 Deum
3449 2998 3597 3038 nan-

2000 3070 2319 3136 cisceretur,
2353 3072 2690 3143 superiorem
2727 3087 2787 3128 se
2819 3072 2933 3128 fore
2964 3074 3267 3145 animaeque
3320 3089 3435 3131 sum
3488 3075 3599 3131 ini-

2001 3160 2173 3217 micos
2199 3162 2408 3231 pudore
2438 3163 2704 3218 sull‘usum
2754 3164 2821 3219 iri
2868 3164 3144 3234 sperabat.
3203 3164 3269 3218 Hi
3317 3166 3463 3221 enim
3525 3165 3595 3220 ad

2002 3252 2216 3323 singula
2249 3264 2399 3324 gesta
2419 3256 2538 3324 ejus
2555 3270 2585 3309 e
2600 3255 2832 3325 vestigio
2854 3257 3171 3312 incedentes
3196 3258 3594 3332 observabant,

2004 3341 2293 3413 ipsumque
2346 3344 2809 3413 comprehendere
2865 3346 3149 3402 studentes
3212 3349 3396 3404 dicere
3443 3351 3595 3405 sole-

2005 3433 2154 3501 bant,
2186 3452 2204 3485 ι
2246 3434 2434 3505 Euge,
2473 3450 2629 3506 euge,
2665 3454 2683 3487 ι
2720 3436 2875 3505 quasi
2918 3452 2975 3490 re
3019 3437 3159 3493 bene
3202 3447 3355 3509 gesta
3401 3449 3458 3495 et
3495 3458 3598 3512 pro

2001 3534 2127 3581 voto
2160 3526 2511 3591 succedente,
2545 3540 2667 3581 cum
2704 3527 2915 3596 lapsum
2951 3544 3075 3582 eum
3120 3538 3398 3600 putarent.
3437 3531 3595 3599 Qum!

2003 3617 2049 3673 si
2076 3619 2201 3688 quis
2228 3618 2345 3673 haec
2375 3618 2441 3673 ad
2479 3619 2815 3674 Salvatorem
2860 3619 2931 3674 ob
2976 3636 3143 3690 super
3167 3622 3425 3677 traditam
3460 3640 3596 3679 cau-

2004 3726 2120 3765 sam
2151 3709 2373 3775 referat,
2411 3712 2460 3766 is
2490 3712 2668 3777 dicet,
2716 3713 2895 3783 ipsum
2924 3728 3050 3767 cum
3086 3724 3335 3770 cerneret
3371 3730 3468 3772 eos
3501 3719 3595 3787 qui

2003 3804 2170 3859 verbo
2214 3810 2269 3859 et
2331 3804 2596 3860 doctrina:
2649 3821 2763 3861 suae
2809 3820 3115 3877 magnoque
3162 3806 3419 3863 Ecclesiae
3482 3825 3596 3865 suae

2001 3894 2224 3964 corpori
2266 3894 2692 3959 insidiabantur,
2730 3896 3013 3965 insurgere
3045 3912 3108 3952 ac
3150 3897 3468 3967 frequenter
3498 3900 3595 3953 ad~

2001 4000 2197 4042 versus
2244 3986 2392 4039 illam
2426 3987 2835 4055 persecutiones
2874 3988 3156 4056 excitare;
3193 4004 3384 4044 eorum
3434 3992 3593 4047 mali-

1997 4081 2129 4134 tiam
2154 4086 2521 4144 exsecratum,
2558 4079 2700 4134 hanc
2732 4081 3054 4150 prophetice
3094 4084 3400 4141 orationem
3452 4086 3592 4140 emi.

1998 4172 2159 4234 sisse,
2190 4171 2402 4241 hocque
2435 4172 2629 4226 orandi
2665 4172 2980 4229 institutum
3026 4173 3288 4231 Ecclesiae
3333 4191 3448 4231 sum
3480 4185 3594 4231 tra-

1998 4256 2220 4312 uidisse.

315 4376 457 4424 νους,
484 4358 729 4420 καὶτοὺς
766 4355 1036 4425 διωγμοὺς
1076 4353 1312 4423 συνεχῶς
1347 4351 1468 4405 κατ’
1496 4351 1669 4422 αὐτῆς
1714 4349 2102 4420 ἐνεργοῦντας,
2135 4352 2667 4426 ἀποτροπιαζόμενος
2729 4355 2910 4411 αὐτῶν
2971 4357 3071 4431 τὴν
3123 4358 3355 4428 κακίαν,
3388 4360 3596 4434 ταύτην

302 4451 666 4525 προφητικῶς
720 4450 999 4521 ἀνέπεμπε
1052 4449 1151 4518 τὴν
1193 4445 1390 4519 εὐχὴν,
1440 4446 1582 4500 οῦτω
1625 4445 1735 4500 δεῖν
1782 4446 2034 4516 εὔχεσθαι
2065 4446 2328 4532 διδάσκων
2351 4449 2449 4521 τὴν
2496 4451 2820 4523 Ἐκκλησίαν
2854 4453 3041 4509 αὑτοῦ.

388 4563 408 4597 ι
454 4544 923 4615 Ἀγαλλιάσθωσαν
955 4543 1048 4596 καί
1077 4542 1537 4614 εύιρρανθήτωσαν
1570 4540 1661 4594 ἐπὶ
1688 4540 1745 4595 σὲ
1767 4540 1895 4595 πάν-

2077 4540 2244 4597 Vens.
2287 4543 2341 4608 5,
2381 4544 2433 4597 ϐ.
2459 4562 2476 4594 ι
2506 4543 2792 4600 Exsultent
2829 4555 2883 4600 et
2916 4546 3170 4601 lzetentur
3188 4562 3356 4620 super
3388 4560 3441 4606 te
3475 4566 3595 4605 om-

313 4654 404 4701 τες
434 4638 486 4690 οἰ
533 4636 821 4709 ζητοῦντές
848 4652 929 4690 σε.
962 4656 980 4687 ι
1019 4635 1100 4689 Τά
1143 4634 1257 4705 μὲν
1285 4633 1478 4706 πρῶτοι
1524 4632 1899 4705 ἀνατρεπτικά

312 4725 381 4801 ἦν
439 4728 547 4781 τῶν
586 4728 878 4782 ἐναντίων·
935 4726 1243 4790 ἀκολούθως
1279 4725 1334 4779 δὲ
1377 4724 1446 4778 τὰ
1491 4724 1719 4797 δεύτερα
1757 4726 1896 4797 ὑπὲρ

312 4819 423 4875 τῶν
449 4820 667 4874 οἰκείων
708 4819 1020 4892 πρεσϐεύει.
1059 4819 1168 4874 Καὶ
1204 4820 1252 4873 εἰ
1301 4819 1399 4891 μὲν
1438 4819 1467 4870 ὁ
1503 4817 1666 4871 Δαυῒδ
1703 4818 1897 4889 δικαίῳ

316 4911 633 4984 πρέπουσαν
660 4913 822 4984 εὐχὴν
854 4915 1111 4977 ἐποιεῖτο,
1147 4913 1223 4976 ὡς
1250 4911 1315 4965 ἂν
1348 4912 1549 4974 πάντες
1572 4912 1619 4964 οἰ
1644 4910 1736 4964 τὸν
1762 4910 1897 4965 Θεὸν

315 5003 623 5074 ζητοῦντες,
658 4999 734 5059 ὧν
783 5001 862 5069 εἷς
913 5005 1008 5058 καὶ
1055 5005 1218 5068 αὐτὸς
1264 5000 1362 5074 ἦν,
1397 5003 1769 5073 ἀγαλλιάσεως
1800 5003 1897 5057 καὶ

314 5094 654 5167 εὐφροσύνης
676 5095 952 5167 μετέχοιεν
972 5095 1079 5149 τῶν
1109 5094 1317 5169 ἐχθρῶν
1346 5093 1857 5165 καταισχυνομένων
1877 5111 1891 5127 ο

314 5188 362 5240 οἰ
401 5188 458 5241 δὲ
497 5189 818 5258 ἀγαπῶντες
852 5188 911 5242 τὸ
950 5190 1216 5261 σωτήριον
1260 5187 1352 5241 τοῦ
1386 5187 1523 5241 Θεοῦ
1564 5187 1773 5256 λέγοιεν
1800 5185 1893 5251 ἂν,

321 5297 340 5330 ι
366 5280 773 5360 Μεγαλυνθιήτω
820 5281 849 5334 ὁ
894 5282 1057 5345 Θεόςο
1092 5302 1110 5334 ι
1168 5284 1261 5336 καί,
1300 5282 1459 5335 τοῦτο
1516 5280 1590 5352 μὴ
1638 5278 1892 5344 εἰσάπαξ,

322 5371 455 5441 μηδέ
497 5372 577 5426 ἐνί
629 5391 757 5427 ποτε
808 5374 982 5446 καιρῷ
1009 5415 1022 5435 ,
1057 5375 1193 5429 άλλά
1218 5374 1507 5437 διαπαντὸς
1548 5374 1756 5442 λέγοιεν
1777 5412 1792 5433 ,
1818 5391 1896 5426 νι-

318 5461 520 5527 κῶντος
571 5465 629 5517 ἐν
673 5465 856 5528 αὐτοῖς
900 5467 994 5519 καὶ
1025 5466 1089 5519 δι’
1126 5465 1304 5518 αὐτῶν
1347 5467 1456 5518 πᾶν
1502 5464 1594 5519 τὸν
1633 5464 1894 5534 πολέμιον

318 5553 471 5621 γένος
495 5554 588 5608 τοῦ
615 5555 772 5609 Θεοῦ.
804 5558 868 5611 Εἰ
897 5557 954 5611 δὲ
978 5560 1006 5611 ὁ
1040 5558 1230 5629 Σωτὴρ
1253 5560 1364 5620 τοῖς
1404 5555 1779 5628 προλεχθεῖσιν
1815 5555 1894 5627 (ί)

318 5646 624 5713 ἀκολούθως
658 5648 744 5720 εἰη
780 5650 921 5722 ὑπὲρ
946 5650 1054 5705 τῶν
1100 5649 1159 5714 ἐξ
1198 5649 1451 5704 ἁπάντων
1486 5648 1794 5721 τῶνηέθνῶν
1819 5650 1897 5713 εἰς

386 5740 456 5772 ’δ’
484 5738 651 5796 Eccli.
689 5758 767 5803 Ill.
797 5742 887 5797 20.

399 5835 470 5902 (ἰ)
501 5836 712 5889 Λείπει.

2001 4649 2101 4690 nes
2133 4635 2225 4706 qui
2260 4644 2512 4707 quaerunt
2538 4645 2609 4693 te.
2649 4658 2669 4690 ι
2716 4637 2908 4693 Priora
2950 4641 3171 4711 quidem
3209 4643 3276 4697 ad
3336 4643 3593 4699 inimicos

2001 4728 2327 4784 avertendos
2360 4730 2506 4784 dicta
2557 4739 2722 4798 sunt;
2765 4732 3005 4786 secunda
3038 4749 3167 4788 vero
3197 4748 3297 4803 pro
3329 4734 3594 4791 domesti-

1999 4818 2081 4873 cis
2123 4819 2456 4888 supplicant.
2492 4816 2560 4873 Et
2602 4833 2735 4873 sane
2787 4817 3010 4890 quidem
3065 4820 3231 4877 David
3282 4824 3593 4879 orationem

1993 4907 2146 4979 justo
2179 4918 2573 4981 congruentem
2605 4912 2810 4978 emisit,
2849 4924 3105 4983 precatus
3132 4923 3191 4969 ut
3223 4916 3465 4972 universi
3494 4917 3591 4988 qui

1998 5000 2170 5057 Deum
2206 5003 2514 5073 requirunt,
2551 5018 2617 5058 ex
2648 5019 2881 5073 quorum
2910 5006 3000 5062 ille
3026 5022 3256 5062 numero
3282 5014 3439 5073 erat,
3478 5009 3591 5063 ini-

2002 5093 2161 5149 micis
2183 5094 2392 5165 pudore
2420 5093 2666 5159 suﬁ‘usis,
2690 5098 3075 5154 exsultationis
3099 5105 3153 5153 et
3194 5099 3374 5169 gaudii
3421 5100 3594 5171 parti-

2003 5184 2154 5255 cipes
2186 5185 2317 5241 sint.
2375 5185 2414 5241 li
2451 5202 2581 5242 vero
2627 5189 2720 5259 qui
2753 5189 2988 5260 diligunt
3041 5190 3283 5246 salutare
3314 5189 3432 5256 Dei,
3465 5189 3596 5260 jure

2003 5276 2276 5342 dixerint,
2338 5296 2357 5330 ι
2423 5278 2802 5350 Magniﬁcetur
2861 5281 3154 5349 Dominus;
3201 5302 3219 5334 ι
3275 5281 3439 5337 idque
3484 5295 3591 5337 non

2005 5371 2193 5436 semel,
2227 5370 2321 5426 sed
2347 5373 2779 5443 omnitempore,
2806 5374 2934 5445 quia
2956 5374 3073 5445 ipse
3093 5374 3354 5431 Dominus
3377 5376 3431 5428 in
3457 5374 3593 5445 ipsis

2002 5462 2358 5534 ipsorumque
2386 5478 2554 5534 opera
2589 5481 2764 5536 genus
2810 5482 2973 5521 omne
3024 5466 3468 5522 adversariorum
3493 5464 3592 5520 Dei

2004 5554 2277 5626 proﬂigat.
2313 5554 2469 5621 Quod
2515 5557 2561 5612 si
2614 5556 2866 5613 Salvator
2914 5558 3192 5629 praedictis
3222 5558 3406 5615 verbis
3456 5572 3593 5615 usus

2007 5647 2100 5714 sit,
2124 5656 2523 5720 consequenter
2570 5648 2639 5705 de
2690 5650 2947 5707 omnibus
2999 5650 3254 5722 gentibus
3288 5650 3344 5705 in
3376 5665 3435 5706 se
3467 5663 3591 5705 cre-
