4128 6392
526 336 621 391 ’ΠΙ

1197 336 1466 392 EUSEBll
1503 337 1981 395 CJESARIENSIS
2020 338 2171 395 OPP.
2214 339 2397 394 PARS
2426 339 2512 395 Ill.
2559 369 2628 380 —
2666 336 3084 395 EXEGETICA.

3706 338 3816 393 77!

524 452 781 511 dentibus
811 452 1047 508 dixerit:
1083 470 1101 503 ι
1136 451 1420 507 Exsultent
1445 461 1500 509 et
1538 454 1790 509 laetentur
1824 455 1881 509 in
1915 464 1967 511 te
1993 471 2098 511 om-

2215 459 2379 511 αύτὸν
2403 456 2865 521 πεπιστευκότων,
2894 455 3041 525 λέγοι
3068 456 3135 509 ἂν
3162 454 3241 520 τὸ,
3272 474 3291 507 ι
3335 455 3815 525 Ἀγαλλιάσθωσαν

524 562 624 602 nes
646 544 742 616 qui
769 551 1020 614 quzerunt
1053 553 1124 599 te.
1165 563 1183 597 ι
1220 543 1340 600 Non
1367 546 1513 601 enim
1560 545 1732 601 Judaei
1763 547 1940 602 solum
1961 588 1976 611 ,
2020 564 2115 601 ne-

522 656 631 712 que
682 641 719 695 ii
762 640 856 710 qui
901 655 961 694 se
1012 654 1079 693 ex
1111 640 1424 693 Abrahamo
1458 647 1610 694 ortos
1643 639 1983 710 gloriantur;
2020 640 2115 694 sed

522 733 825 788 universirn
853 742 908 786 et
944 731 1226 786 indefinite
1251 747 1445 788 omnes
1475 746 1706 802 prorsus
1746 732 1840 801 qui
1863 738 2115 799 quaerunt

521 834 598 891 te,
623 840 692 879 ex
719 824 916 895 quovis
943 839 1141 894 genere
1166 823 1390 887 fuerint,
1428 841 1447 873 ι
1472 824 1759 878 exsultent
1781 830 1835 877 et
1862 823 2116 877 laetentur

519 919 578 972 in
602 924 677 986 te,
699 925 753 973 et
779 916 997 982 dicant,
1050 916 1427 986 Magnificetur
1462 918 1605 973 Deus
1637 937 1650 970 :
1706 936 1727 969 ο
1767 918 1929 987 idque
1966 918 2113 971 omni

522 1018 766 1079 tempore
787 1009 979 1064 dicant
1008 1010 1101 1079 qui
1132 1010 1367 1080 diligunt
1411 1010 1655 1064 salutare
1680 1017 1869 1073 .tuum,
1900 1009 2115 1064 scilicet

521 1100 890 1164 Salvatorem,
914 1104 1007 1172 qui
1038 1118 1181 1171 saepe
1228 1104 1282 1155 in
1338 1101 1640 1171 Scripturis
1675 1101 1918 1156 salutare
1944 1114 2112 1153 voca-

518 1206 638 1267 tur;
671 1215 834 1271 quem
868 1200 1104 1271 diligunt
1132 1199 1168 1253 ii
1195 1238 1211 1261 ,
1258 1198 1352 1268 qui
1401 1197 1709 1252 doctrinam
1740 1196 1861 1266 ejus
1882 1195 1946 1248 in
1974 1193 2113 1248 dile-

530 1292 885 1361 ctione‘pura
936 1290 1194 1360 operibus
1224 1288 1431 1344 fovent.
1464 1309 1482 1341 ι
1518 1288 1630 1359 Ego
1655 1302 1784 1343 vero
1814 1300 2020 1356 egenus
2058 1293 2113 1340 et

526 1396 738 1451 pauper
761 1398 885 1436 sum
913 1400 928 1435 :
960 1380 1125 1443 Deus,
1150 1381 1348 1446 adjuva
1383 1397 1489 1434 me.
1522 1399 1539 1430 ι
1573 1378 1741 1432 David
1765 1392 2004 1448 quoque,
2028 1377 2102 1430 di-

517 1489 615 1528 ves
649 1489 775 1527 cum
808 1480 974 1537 esset,
1007 1472 1287 1527 humiliter
1324 1472 1615 1531 sentiebat,
1646 1486 1855 1541 gnarus
1902 1468 2112 1523 scilicet

518 1564 918 1634 magnitudinis
954 1564 1086 1628 Dei,
1146 1575 1198 1619 et
1226 1564 1373 1634 quod
1408 1580 1467 1619 se
1500 1564 1637 1618 nihil
1691 1578 1815 1618 esse
1879 1561 2105 1616 videret.

516 1656 699 1722 Quare
730 1658 901 1712 solius
930 1656 1088 1711 fortis
1119 1656 1288 1729 [Dei]
1322 1672 1479 1726 opcm
1512 1656 1837 1726 implorabat
1882 1654 2103 1708 dicens:

522 1768 541 1799 ι
584 1748 760 1812 Deus,
814 1750 1015 1819 adjuva
1070 1764 1203 1803 me:
1267 1750 1487 1820 adjutor
1543 1765 1699 1803 meus
1747 1755 1802 1802 et
1850 1747 2108 1800 liberator

2218 548 2313 601 καὶ
2340 547 2801 619 εύφρανθὴτωσαν
2826 546 2921 601 ἐπὶ
2948 547 3031 599 σοὶ
3060 545 3261 609 πάντες
3281 547 3327 598 οἱ
3357 543 3649 616 ζητοῦντές
3676 563 3758 600 σε.
3789 567 3807 599 ι

2217 641 2310 711 Μὴ
2362 640 2473 713 γὰρ
2522 642 2670 711 μόνοι
2714 638 2976 702 Ἰουδαῖοι,
3016 638 3151 708 μηδὲ
3198 639 3247 690 οξ
3294 638 3386 691 τὸν
3422 637 3675 710 Ἀϐραὰμ
3707 638 3811 691 αὖ-

2216 732 2461 803 χοῦντες,
2498 731 2635 785 ἀλλά
2666 730 2895 784 καθόλου
2924 729 3018 783 καὶ
3050 729 3319 799 ἀορίστως
3346 728 3547 793 πάντες
3570 730 3684 782 ὅσοι
3711 730 3813 800 δή-

2216 840 2349 876 ποτε
2395 824 2491 876 καὶ
2535 823 2597 889 ἐξ
2642 822 2755 875 οἴου
2807 821 2999 890 γένους
3049 814 3159 872 εἷεν
3207 820 3256 873 οί
3309 818 3666 891 ὲκζητοῦντές
3715 838 3809 886 σε,

2221 934 2240 966 ι
2269 912 2720 982 ἀγαλλιάσθωσαν
2738 912 2832 965 καὶ
2860 909 3318 982 εύφρανθήτωσαν
3340 912 3434 964 ἐπὶ
3469 910 3569 971 σοὶ,
3609 911 3702 964 καὶ
3720 910 3812 963 λε-

2215 1006 2483 1075 γέτωσαν,
2518 1003 2928 1075 Μεγαλυνθήτω
2952 1005 2980 1055 6
3003 1003 3135 1066 Θεός
3155 1018 3167 1032 ⁸
3216 1022 3234 1054 ι
3272 1005 3365 1056 καὶ
3394 1003 3551 1056 τοῦτο
3574 1002 3810 1073 λεγέτω⁹

2216 1115 2315 1152 σαν
2343 1098 2635 1162 διαπαντὸς
2666 1098 2715 1149 οἱ
2739 1095 3067 1166 ἀγαπῶντες
3100 1094 3160 1147 τὸ
3195 1095 3460 1166 σωτήριόν
3495 1112 3586 1148 σου
3605 1112 3620 1128 ο
3646 1096 3810 1151 αὐτὸν

2211 1188 2411 1260 δηλαδὴ
2445 1189 2535 1242 τὸν
2570 1187 2799 1256 Σωτῆρα
2840 1185 3110 1255 σωτήριον
3134 1182 3400 1253 πολλαχοῦ
3438 1182 3544 1237 τῶν
3573 1181 3809 1254 Γραφῶν

2212 1278 2620 1350 ὠνομασμένον,
2656 1277 2713 1330 ὃν
2746 1276 3031 1345 ἀγαπῶσιν
3058 1276 3106 1328 οἱ
3139 1275 3203 1328 δι’
3230 1274 3404 1346 ἔργων
3432 1275 3531 1346 τὴν
3556 1274 3810 1328 διδασκα-

2212 1372 2331 1425 λίαν
2363 1370 2528 1425 αύτοῦ
2554 1374 2612 1424 ὲν
2635 1370 2828 1443 ἀγάπῃ
2862 1367 3077 1439 καθαρᾷ
3106 1368 3477 1439 περιέποντες.
3511 1385 3529 1418 ι
3570 1364 3711 1435 Ἐγὼ
3746 1366 3806 1420 δὲ

2212 1464 2427 1534 πτωχὸς
2458 1464 2550 1517 καὶ
2575 1464 2765 1533 πένης·
2789 1464 2817 1514 6
2834 1461 2987 1524 Θεὸς,
3023 1459 3288 1532 βοήθησόν
3328 1477 3437 1531 μοι.
3475 1478 3493 1510 ι
3516 1459 3625 1513 Kal.
3641 1458 3807 1513 Δαυῖδ

2212 1557 2465 1621 πλούσιος
2496 1556 2572 1609 ῶν
2617 1554 3094 1626 ἐταπεινοφρόνει,
3153 1554 3248 1607 ἆτε
3303 1552 3505 1622 γνῶσιν
3547 1553 3685 1624 ἔχων
3707 1553 3802 1606 τοῦ

2214 1652 2479 1723 μεγέθους
2520 1649 2615 1703 τοῦ
2664 1649 2834 1713 Θεοῦ,
2880 1648 2972 1701 καὶ
3011 1648 3074 1700 τὸ
3105 1647 3270 1718 μηδὲν
3297 1647 3489 1700 ἑαυτὸν
3522 1648 3686 1720 ὁρῶν.
3712 1646 3805 1703 Διὸ

2209 1746 2309 1816 τὴν
2336 1743 2491 1816 παρὰ
2523 1744 2691 1814 μόνου
2736 1742 2830 1795 τοῦ
2885 1738 3105 1811 ἰσχυροῦ
3143 1739 3393 1811 βοήθειαν
3433 1740 3676 1811 ἐξῃτεῖτο
3716 1740 3805 1793 λέ-

516 1856 763 1898 menses
793 1850 871 1902 tu.
902 1839 1148 1903 Domine,
1198 1854 1267 1894 ne
1310 1840 1558 1893 moreris.
1616 1857 1634 1889 ι
1678 1837 1933 1891 Christus
1965 1852 2098 1905 quo-

2204 1855 2349 1907 γων·
2382 1856 2405 1888 ι
2441 1837 2501 1890 Ὀ
2529 1836 2668 1898 Θεὸς
2688 1874 2702 1899 ,
2736 1835 3000 1908 βοήθησόν
3032 1853 3156 1907 μοι’
3210 1833 3401 1905 βοηθός
3444 1851 3545 1905 μου
3581 1836 3674 1888 καὶ
3709 1835 3803 1906 ρύ-

513 1950 621 2001 que
642 1949 765 1987 cum
790 1934 942 1986 dives
963 1940 1131 1994 esset,
1165 1940 1385 2001 pr0pter
1424 1946 1526 1985 nos
1558 1945 1763 2000 egenus
1793 1929 1971 1984 factus
1996 1938 2101 1995 est,

512 2033 574 2079 ut
600 2024 787 2079 docuit
811 2022 1032 2077 divinus
1057 2022 1353 2091 Apostolus
1374 2022 1442 2073 ⁷⁸.
1474 2021 1841 2087 Quamobrem
1862 2021 2104 2091 seipsum

515 2115 755 2186 Spiritus
788 2114 995 2167 auxilio
1031 2112 1476 2175 commendabat,
1504 2127 1606 2182 pro
1647 2112 1847 2181 pupulo
1877 2127 1978 2167 suo
2010 2112 2104 2167 de—

511 2222 767 2278 precans,
803 2213 859 2260 et
908 2220 1008 2275 pro
1034 2204 1314 2271 Ecclesia;
1346 2221 1412 2259 ne
1440 2204 1648 2258 diutius
1686 2212 1936 2274 tempore
1978 2218 2104 2274 per.

511 2302 856 2355 secutionum
892 2299 1232 2369 impugnata,
1267 2297 1417 2367 gravi
1467 2298 1597 2351 hinc
1631 2298 1964 2352 detrimento
1995 2296 2105 2350 alli-

508 2390 1129 2457 t~eretur.Quamobrem
1158 2391 1235 2443 ait
1264 2408 1276 2442 :
1315 2408 1332 2439 ι
1356 2388 1586 2459 Adjutor
1604 2404 1757 2443 meus
1773 2388 2102 2443 etliberator

508 2499 664 2540 meus
709 2499 769 2538 es
800 2491 881 2546 tu,
908 2481 1156 2544 Domine,
1190 2497 1260 2535 ne
1302 2480 1554 2535 moreris.
1597 2499 1614 2531 ι
1659 2480 1741 2533 An
1794 2495 1958 2550 porro
1984 2480 2102 2534 haec

508 2572 577 2625 ad
606 2582 819 2641 tempus
850 2570 1126 2641 passionis
1163 2570 1472 2624 Servatoris
1518 2569 1850 2633 referantur,
1885 2580 1939 2625 tu
1986 2572 2102 2641 ipse

507 2664 831 2720 consideres
885 2664 1071 2718 velim.
1120 2663 1570 2733 Quandoquidem
1596 2664 1742 2717 enim
1790 2662 1846 2716 in
1895 2679 2100 2732 praece-

504 2757 661 2812 denti
704 2756 887 2810 illatas
930 2754 1036 2809 sibi
1094 2756 1411 2809 vexationes
1441 2754 1770 2824 descripsit;
1819 2755 2098 2825 quomodo

507 2846 833 2901 intraverint
859 2860 1014 2916 aqua:
1045 2861 1222 2916 usque
1255 2846 1323 2900 ad
1349 2846 1588 2899 animam
1618 2862 1772 2902 suam
1796 2886 1811 2911 ,
1843 2848 1937 2917 qui
1972 2848 2097 2901 infi-

506 2953 612 2993 xus
634 2937 705 2994 sit
727 2938 785 2990 in
818 2938 947 2991 limo
979 2937 1254 3007 profundi,
1284 2939 1495 2992 venerit
1520 2938 1574 2991 in
1605 2938 1951 2993 altitudinem
1983 2954 2098 2992 ma-

504 3030 605 3095 ris,
637 3028 982 3098 multiplicati
1029 3029 1137 3083 sint
1166 3044 1332 3099 super
1362 3030 1592 3099 capillos
1645 3030 1842 3100 capitis
1881 3032 1967 3086 sui
2000 3032 2096 3102 qui

506 3136 567 3177 se
604 3120 774 3190 gratis
803 3120 1062 3184 oderunt,
1088 3128 1142 3174 et
1174 3122 1280 3174 alia
1327 3122 1497 3174 multa
1552 3123 1752 3177 ibidem
1781 3123 1944 3177 allata
1974 3139 2097 3192 per-

502 3226 699 3283 pessus
751 3212 853 3279 sit;
904 3211 1029 3281 jure
1084 3213 1227 3268 hanc
1278 3215 1734 3283 suppliCationem
1795 3216 1945 3271 Patri
1993 3232 2096 3272 suo

501 3302 702 3356 emittit
730 3300 963 3356 dicens:
1005 3321 1024 3352 ι
1066 3300 1207 3356 Deus
1233 3340 1249 3364 ,
1296 3302 1351 3354 in
1387 3301 1720 3370 adjutorium
1773 3318 1955 3358 meum
2010 3304 2096 3357 in-

502 3391 698 3458 tende;
733 3391 980 3456 Domine,
1032 3391 1097 3445 ad
1137 3391 1507 3460 adjuvandum
1575 3409 1662 3447 me
1718 3393 1936 3453 festina.
1978 3413 1997 3446 ι
2040 3402 2096 3448 et

500 3488 720 3535 caetera.
758 3481 900 3547 Quia
930 3483 1305 3551 apostolorum
1333 3497 1563 3537 suorum
1609 3483 1855 3537 ordinem
1889 3486 2093 3539 amoris

498 3576 585 3629 sui
620 3589 789 3629 causa
822 3590 1020 3645 magna
1064 3576 1120 3628 in
1154 3575 1480 3632 confusione
1510 3585 1817 3632 versantem
1850 3577 2089 3641 videbat,

500 3665 775 3721 secundas
804 3681 903 3736 pro
929 3666 1021 3721 illo
1053 3682 1217 3721 voces
1244 3666 1476 3734 edebat;
1508 3676 1566 3721 ut
1594 3675 1819 3737 accepto
1843 3684 2093 3723 resurre-

498 3756 703 3812 ctionis
751 3772 885 3820 suae,
920 3772 1086 3827 quam
1146 3758 1264 3827 ejus
1314 3757 1534 3813 videndi
1572 3758 1755 3829 cupidi
1807 3767 2093 3829 exspecta-

499 3850 651 3915 bant,
687 3852 903 3915 nuntio,
942 3851 1311 3906 exsultatione
1332 3860 1387 3905 et
1411 3850 1594 3905 laetitia
1633 3852 1824 3921 repleti
1876 3850 2093 3921 semper

497 3943 779 4006 dicerent,
839 3962 861 3994 4
915 3941 1291 4011 Magniﬁcetur
1322 3942 1631 3999 Dominus:
1673 3963 1691 3995 ι
1750 3943 1854 4014 ipsi
1888 3945 2091 4016 quippe

495 4042 653 4090 erant
682 4034 776 4105 qui
799 4035 1102 4107 diligebant
1132 4036 1377 4091 salutare
1412 4036 1610 4106 ipsius.

1159 4329 1384 4386 “LXX.

1159 4332 1175 4382 1
1222 4329 1384 4386 LXX.

565 4422 734 4477 Vens.
772 4421 887 4475 1-5.
935 4439 953 4472 ‹
996 4419 1052 4475 In
1087 4331 1157 4488 te(,
1188 4329 1441 4484 )Domine.
1504 4423 1741 4493 speravi,
1795 4438 1904 4478 non
1956 4438 2089 4479 con-

2210 1949 2341 2002 στης
2367 1948 2467 2000 μου
2498 1925 2551 1983 εἷ
2577 1931 2663 1994 σὺ,
2690 1929 2878 2001 Κύριε,
2912 1928 2985 2001 μὴ
3012 1926 3288 1999 χρονίσῃς.
3318 1945 3336 1978 ι
3369 1926 3480 1979 Καὶ
3511 1927 3540 1979 6
3565 1926 3800 1997 Χριστὸς

2206 2024 2263 2076 δὲ
2294 2023 2549 2085 πλούσιος
2582 2023 2657 2076 ὢν
2690 2022 2757 2075 δι’
2790 2024 2942 2093 ἡμᾶς
2988 2018 3333 2090 ἐπτώχευσεν
3353 2061 3367 2083 ,
3403 2020 3479 2083 ὡς
3508 2020 3742 2087 ἐδίδαξεν
3771 2024 3802 2074 6

2207 2117 2346 2180 θεῖος
2388 2116 2725 2179 Ἀπόστολος.
2777 2116 2869 2169 Διὸ
2918 2116 3013 2168 καὶ
3061 2114 3254 2168 ἑαυτὸν
3306 2113 3542 2167 ἀνετίθει
3582 2117 3650 2185 τῇ
3704 2113 3801 2167 τοῦ

2205 2209 2519 2279 Πνεύματος
2555 2209 2795 2281 βοηθείᾳ,
2832 2208 3151 2280 πρεσϐεύων
3177 2209 3315 2280 ὑπὲρ
3338 2207 3431 2260 τοῦ
3476 2206 3606 2260 λαοῦ
3632 2207 3798 2261 αὐτοῦ

2205 2301 2299 2355 καὶ
2320 2301 2421 2371 τῆς
2458 2301 2807 2372 Ἐκκλησίας,
2843 2300 2919 2363 ὡς
2951 2299 3017 2353 ἂν
3047 2301 3143 2371 μὴ,
3174 2303 3254 2363 είς
3296 2301 3541 2371 μακροὺς
3574 2300 3798 2370 χρόνους

2211 2394 2597 2465 πολεμουμένη
2624 2394 2681 2447 ὲν
2709 2395 2821 2457 τοῖς
2854 2396 3069 2464 καιροῖς
3106 2392 3214 2445 τῶν
3248 2391 3525 2463 διωγμῶν,
3556 2392 3797 2463 μεγάλην

2202 2486 2561 2553 ἀπενέγκοιτο
2618 2484 2842 2556 βλάϐην.
2889 2485 2983 2538 Διό
3034 2500 3201 2553 φησι’
3260 2502 3279 2534 ι
3309 2482 3511 2554 Βοηθός
3561 2500 3660 2553 μου
3704 2483 3797 2533 καὶ

2203 2576 2408 2648 ρύστης
2440 2594 2541 2648 μου
2583 2572 2634 2629 εἷ
2663 2578 2763 2641 σὺ,
2800 2575 2995 2648 Κύριε,
3031 2576 3106 2646 μὴ
3147 2573 3423 2647 χρονίσῃς.
3453 2592 3472 2626 ι
3512 2574 3575 2628 Et
3606 2573 3665 2626 δὲ
3702 2574 3794 2625 καὶ

2199 2668 2374 2723 ταῦτα
2425 2669 2749 2739 ἀναφέροιτο
2795 2669 2889 2722 ὲπὶ
2941 2667 3033 2721 τὸν
3084 2667 3277 2739 καιρὸν
3310 2666 3405 2720 τοῦ
3445 2666 3651 2730 πάθους
3699 2665 3791 2718 τοῦ

2201 2761 2453 2832 Σωτῆρος
2484 2760 2673 2832 ἡμῶν,
2709 2760 2803 2815 καὶ
2845 2760 3008 2823 αὐτὸς
3057 2760 3395 2831 ἐπιστήσεις.
3437 2757 3653 2829 Ἐπειδὴ
3685 2757 3793 2827 γάρ

2198 2850 2492 2922 διέγραψεν
2519 2854 2578 2906 ὲν
2610 2853 2688 2923 τῷ
2715 2852 2823 2923 πρὸ
2852 2851 3041 2904 τούτου
3086 2850 3184 2915 τάς
3227 2853 3346 2904 κατ’
3386 2848 3548 2903 αὐτοῦ
3588 2852 3791 2902 ἐπανα-

2202 2947 2421 3010 στάσεις
2442 2962 2455 2975 ·
2487 2946 2637 3010 ὅπως
2677 2963 2739 2999 τε
2774 2939 3103 3000 ἐίσέλθοσαν
3147 2945 3314 2999 ὕδατα
3348 2944 3454 3009 ἕως
3486 2944 3582 3015 τῆς
3617 2943 3795 3015 ψυχῆς

2199 3036 2388 3100 αὐτοῦ,
2422 3038 2518 3090 καὶ
2549 3038 2788 3108 ὲνεπάγη
2816 3039 2897 3101 εἰς
2929 3037 3061 3109 ὓλην
3094 3037 3285 3108 βυθοῦ,
3309 3036 3500 3101 καὶ’ὼς
3520 3032 3682 3108 ἦλθεν
3712 3038 3791 3100 εις

2200 3128 2267 3181 τὰ
2304 3128 2439 3199 βάθη
2478 3129 2576 3199 τῆς
2616 3129 2921 3201 θαλάσσης’
2960 3128 3379 3201 ὲπληθύνθησάν
3416 3146 3478 3182 τε
3520 3130 3661 3201 ὑπὲρ
3691 3128 3791 3193 τὰς

2198 3220 2392 3292 τρίχας
2423 3221 2522 3291 τῆς
2554 3221 2796 3293 κεφαλῆς
2829 3221 2995 3275 αὑτοῦ
3028 3222 3079 3276 οἱ
3119 3221 3405 3292 μισοῦντές
3440 3238 3507 3293 με
3541 3222 3749 3293 δωρεάν
3771 3240 3786 3253 ’

2196 3312 2433 3365 πέπονθέ
2457 3329 2517 3365 τε
2543 3314 2642 3367 ὅσα
2674 3314 2769 3368 καὶ
2802 3314 3018 3386 εἴρηται
3040 3331 3053 3344 ·
3092 3314 3319 3379 εἰκότως
3357 3314 3457 3385 τὴν
3506 3314 3790 3385 παροῦσαν

2194 3403 2377 3475 δέησιν
2403 3404 2717 3475 ἀναπέμπει
2751 3406 2888 3477 πρὸς
2916 3406 3008 3459 τὸν
3034 3406 3255 3479 Πατέρα
3276 3406 3450 3476 λέγων
3467 3421 3482 3436 ⁸
3512 3425 3530 3457 ι
3554 3406 3611 3460 Ὀ
3633 3406 3787 3469 Θεὸς,

2195 3496 2273 3556 είς
2301 3494 2399 3564 τὴν
2436 3494 2688 3566 βοήθειάν
2721 3514 2822 3567 μου
2857 3498 3117 3569 πρόσχες·
3147 3498 3343 3571 Κύριε,
3376 3500 3460 3563 είς
3488 3498 3549 3552 τὸ
3583 3498 3787 3571 βοηθῆ-

2197 3586 2284 3638 σαί
2322 3603 2411 3655 μοι
2446 3585 2704 3650 σπεῦσον,
2735 3606 2753 3638 ι
2786 3589 2882 3641 καὶ
2908 3588 2979 3643 τὰ
3009 3590 3221 3654 τούτοις
3251 3590 3540 3644 ἀκόλουθα.
3570 3591 3791 3663 Ἐπειδὴ

2194 3679 2343 3751 ἑώρα.
2406 3679 2469 3732 τὸ
2527 3679 2714 3750 τάγμα
2764 3681 2871 3734 τῶν
2916 3682 3230 3735 ἀποστόλων
3280 3682 3445 3738 αὐτοῦ
3509 3685 3567 3736 ὲν
3618 3684 3788 3756 πολλῇ

2196 3772 2455 3841 συγχύσει
2503 3772 2869 3842 γεγενημένον
2914 3773 3004 3827 διὰ
3048 3774 3146 3845 τὴν
3176 3777 3305 3847 περὶ
3338 3777 3501 3829 αὐτὸν
3539 3776 3785 3848 ἀγάπην,

2193 3864 2291 3926 τὰς
2340 3863 2594 3932 δευτέρας
2648 3866 2791 3936 ὑπὲρ
2848 3866 3029 3919 αὐτῶν
3080 3869 3302 3938 προΐετο
3348 3868 3568 3936 φωνὰς,
3604 3869 3785 3933 ὅπως,

2192 3956 2559 4020 ἀπολαϐόντες
2616 3957 2778 4010 αὑτοῦ
2831 3959 2929 4029 τὴν
2991 3959 3286 4017 ἀνάστασιν
3344 3960 3411 4030 ἣν
3463 3960 3787 4031 περιέμενον

2192 4050 2482 4113 ποθοῦντες
2519 4049 2668 4115 ἰδεῖν,
2703 4051 2808 4122 πλη
2818 4051 3043 4123 ρωθείεν
3069 4052 3444 4121 ἀγαλλιάσεως
3470 4055 3565 4107 καὶ
3588 4054 3786 4125 εὐφρο-

2194 4142 2378 4211 σύνης,
2414 4143 2665 4211 λέγοντες
2723 4144 3038 4209 διαπαντός·
3065 4165 3083 4195 ι
3108 4146 3514 4218 Μεγαλυνθήτω
3538 4150 3569 4201 ό
3592 4146 3779 4211 Θεὸς,ο

2194 4235 2345 4287 αὐτοὶ
2378 4235 2529 4298 ὄντες
2562 4238 2610 4289 οἱ
2644 4236 2968 4304 ἀγαπῶντες
2993 4238 3053 4291 τὸ
3085 4239 3351 4310 σωτήριον
3382 4238 3565 4292 αὑτοῦ.

2944 4350 3020 4402 Ο’.

2268 4460 2286 4489 ι
2323 4441 2448 4493 Ἐπὶ
2474 4442 2556 4494 σοὶ
2576 4484 2590 4506 ,
2623 4441 2791 4515 Κύριε
2813 4483 2827 4506 ,
2863 4442 3088 4511 ἤλπισα,
3126 4441 3199 4514 μὴ
3221 4443 3675 4516 καταισχυνθείην
3699 4446 3782 4509 είς

496 4512 696 4567 fundar
728 4512 783 4567 in
813 4518 1101 4577 aeternum,
1138 4514 1191 4566 in
1239 4513 1449 4583 justitia
1503 4522 1597 4568 tua
1652 4515 1821 4569 libera
1882 4531 1969 4571 me
2026 4524 2079 4570 et

2200 4532 2274 4585 τὸν
2306 4533 2497 4597 αἰῶνα,
2534 4536 2590 4589 ἐν
2622 4538 2686 4606 τῇ
2721 4534 3032 4607 δικαιοσύνῃ
3078 4553 3169 4588 σου
3207 4535 3364 4607 ῥῦσαί
3407 4553 3494 4606 με,
3537 4537 3630 4589 καὶ
3662 4537 3780 4603 ἐξέ-

494 4606 647 4675 eripe
676 4620 782 4659 rne.
824 4625 843 4658 ι
880 4604 978 4660 llis
1005 4605 1206 4659 similia
1231 4608 1542 4661 tricesimus
1584 4624 1800 4678 quoque
1840 4611 2085 4678 psalmus

494 4700 832 4764 circumfert,
876 4698 980 4754 hoc
1016 4699 1147 4753 item
1209 4700 1371 4755 modo
1431 4717 1592 4757 orsus
1628 4722 1640 4757 :
1679 4720 1697 4753 ‹
1743 4705 1802 4757 In
1834 4710 1924 4769 te,
1985 4704 2088 4760 Do-

495 4793 661 4857 mine,
692 4794 928 4862 speravi,
962 4808 1069 4847 non
1093 4792 1402 4847 confundar
1428 4793 1482 4847 in
1512 4802 1799 4858 aeternum,
1831 4795 1887 4849 in
1917 4795 2084 4866 justi-

495 4886 569 4939 tia
616 4894 709 4939 tua
744 4886 915 4939 libera
947 4902 1052 4941 me.
1081 4885 1291 4941 lnclina
1325 4888 1391 4941 ad
1434 4903 1519 4941 me
1558 4902 1747 4941 aurem
1778 4898 1926 4942 tuam
1955 4890 2021 4942 ⁷⁷.
2060 4910 2079 4942 ι

497 4978 603 5033 Sed
632 4979 723 5033 ille
752 4979 997 5049 quidem,
1033 4999 1049 5030 ι
1087 4981 1141 5034 In
1169 4980 1351 5045 finem,
1378 5000 1396 5032 ›
1424 4990 1476 5036 et
1508 5001 1525 5032 ι
1550 4980 1799 5038 Psalmus
1828 4982 2037 5051 Davidi,
2059 5002 2079 5037 ι

494 5070 796 5141 inscriptus
824 5081 948 5138 est;
984 5073 1071 5126 hic
1100 5082 1280 5128 autem
1313 5074 1472 5129 titulo
1506 5082 1675 5129 caret.
1729 5075 1821 5130 llle
1867 5077 2086 5133 confes-

494 5162 707 5216 sionem
744 5177 868 5216 cum
904 5164 1306 5234 supplicatione
1356 5168 1619 5233 continet,
1665 5168 1752 5222 hic
1781 5183 1908 5222 vero
1957 5180 2093 5239 pro-‘

497 5251 682 5320 plietia
713 5252 931 5305 videtur
959 5268 1081 5307 esse
1107 5269 1169 5308 ex
1220 5270 1456 5324 persona
1490 5255 1790 5313 Salvatoris
1843 5258 2077 5328 prolata.

490 5342 670 5405 Quare
709 5360 729 5393 ι
771 5341 990 5399 Davidis
1043 5366 1059 5393 ι
1104 5355 1369 5401 consueto
1407 5365 1559 5403 more
1613 5366 1720 5405 non
1775 5351 2075 5420 inscriptus

490 5440 595 5486 est.
626 5433 833 5487 Dixerit
868 5434 1102 5491 fortasse
1127 5439 1400 5509 quispiam
1455 5450 1709 5511 oportere
1749 5443 1901 5497 illum
1943 5444 2077 5514 pne?

490 5526 810 5581 cedentibus
826 5528 1180 5600 conjungere.
1215 5533 1357 5603 quod
1400 5550 1650 5605 magnam
1694 5552 1816 5593 cum
1849 5539 1957 5593 illis
1982 5540 2077 5592 ha-

562 5678 609 5713 "
628 5679 671 5735 ll
696 5681 822 5736 Cor.
843 5678 961 5749 ml,
995 5685 1047 5740 9.
1123 5688 1166 5719 ⁷⁷
1194 5687 1341 5744 Psal.
1370 5708 1501 5754 xxx,
1523 5692 1578 5757 ἳ,
1602 5694 1655 5750 5.

2187 4624 2278 4676 λου
2330 4643 2416 4695 με.
2459 4646 2476 4676 ι
2512 4626 2591 4679 Τὰ
2651 4624 3074 4696 ἰσοδυναμοῦντα
3121 4626 3328 4689 τούτοις
3377 4627 3470 4679 καὶ
3518 4629 3547 4680 ό
3594 4626 3637 4678 λ’
3680 4644 3779 4680 πε-

2190 4717 2358 4787 ριέχει
2397 4718 2628 4788 ψαλμὸς,
2653 4717 2844 4771 τοῦτον
2876 4719 2969 4771 καὶ
3001 4718 3162 4781 αὐτὸς
3186 4719 3488 4790 ἀρχόμενος
3517 4720 3610 4772 τὸν
3648 4720 3777 4789 τρόέ

2187 4825 2308 4861 πον.
2355 4826 2373 4859 ι
2404 4809 2525 4862 Ἐπὶ
2564 4811 2676 4872 σοὶ,
2712 4810 2915 4880 Κύριε,
2949 4810 3151 4881 ἤλπισα
3172 4851 3185 4875 ,
3220 4811 3294 4882 μὴ
3318 4810 3777 4882 καταισχυνθείην

2187 4900 2267 4962 εἰς
2298 4898 2389 4950 τὸν
2417 4899 2609 4963 αἰῶνα,
2643 4900 2701 4952 ἐν
2737 4903 2801 4971 τῇ
2840 4900 3155 4971 δικαιοσύνῃ
3185 4918 3276 4953 σου
3304 4900 3467 4973 ῥῦσαί
3504 4918 3592 4972 με.
3638 4901 3773 4953 Κλί-

2187 5009 2273 5046 νον
2305 4991 2440 5064 πρὸς
2477 4992 2544 5062 μὲ
2568 4992 2630 5045 τὸ
2659 4988 2753 5056 οῦς
2782 5010 2894 5046 σου.
2927 5013 2943 5043 ι
2981 4992 3120 5045 Ἀλλ’
3148 4995 3355 5056 ἐκεῖνος
3380 4993 3501 5064 μὲν,
3547 5013 3565 5043 ι
3588 4994 3684 5056 Εἰς
3711 4992 3775 5045 τὸ

2184 5084 2368 5149 τέλος,
2402 5104 2420 5135 ι
2462 5084 2555 5137 καὶ
2605 5102 2623 5135 ι
2651 5084 2880 5155 Ψαλμὸς
2910 5084 2987 5155 τῷ
3014 5084 3206 5149 Δαυῒδ,
3241 5104 3258 5135 ι
3298 5084 3680 5156 ἐπεγέγραπτο
3699 5100 3713 5114 '
3744 5087 3774 5137 6

2183 5174 2239 5227 δὲ
2266 5173 2455 5247 παρὼν
2485 5176 2893 5247 ἀνεπίγραπτος
2917 5178 3199 5247 τυγχάνει.
3232 5178 3499 5239 Κάκεῖνος
3530 5178 3627 5248 μὲν
3656 5175 3775 5242 ἐξο-

2187 5266 2478 5338 μολόγησιν
2524 5268 2622 5320 σὺν
2668 5266 2918 5339 ἱκετηρία
2962 5273 3256 5340 περιεῖχεν,
3304 5272 3333 5323 6
3364 5269 3421 5323 δὲ
3462 5271 3773 5341 προφητεία

2182 5358 2358 5413 ἔοικεν
2398 5362 2462 5413 ὲκ
2504 5360 2798 5431 προσώπου
2848 5360 2941 5414 τοῦ
2989 5363 3240 5434 Σωτῆρος
3289 5361 3768 5433 προενηνεγμένη.

2181 5450 2273 5502 Διὸ
2296 5451 2416 5504 οὐδὲ
2455 5452 2860 5523 ἐπιγέγραπται
2881 5454 3146 5526 συνήθως,
3173 5474 3191 5505 ι
3231 5456 3325 5510 τοῦ
3348 5456 3528 5510 Δαυῒδ.
3562 5475 3582 5509 ι
3608 5454 3773 5511 Εἴποι

2179 5540 2225 5593 δ’
2255 5540 2319 5595 ἄν
2368 5560 2449 5604 τις
2496 5545 2791 5616 προσήκειν
2845 5548 3381 5621 συμπεριλαμϐάνειν
3437 5549 3598 5603 αὐτὸν
3656 5549 3771 5615 τοῖς

558 5792 636 5862 (1)
681 5792 741 5848 ln
786 5795 1011 5867 Vulgata
1043 5799 1261 5870 titulus,
1300 5786 1569 5881 Filiorum
1596 5804 1843 5861 Ionadab
1873 5817 1921 5863 et
1952 5809 2185 5864 uriorum
2215 5812 2554 5868 cantirorum.
