4128 6392
306 396 309 399 γ
351 344 461 405 773

1486 352 1988 409 COMMENTARIA
2027 356 2092 411 IN
2131 357 2469 415 PSALMOS.

3504 367 3614 424 ’174

354 460 463 534 πρὸ
500 440 1090 531 αὐτοῦλτεταγμένοις,
1136 462 1224 516 διὰ
1274 464 1335 516 τὸ
1373 465 1570 537 πολλὴν
1610 467 1747 539 πρὸς
1793 468 1929 522 αὐτὰ

2035 472 2156 527 heat
2208 474 2541 532 aﬁinitatem.
2582 475 2733 532 'Nam
2795 479 2849 533 in
2914 482 3238 550 praecedenti
3286 482 3612 542 dicebatur:

354 550 548 617 σώζειν
577 551 893 605 ἀκολουθίαν
914 567 929 581 ο
958 553 1016 605 ἐν
1057 553 1187 621 γοῦν
1220 554 1297 625 τῷ
1326 556 1430 627 πρὸ
1459 558 1648 611 τούτου
1674 559 1891 627 ἐλέγετο
1910 576 1927 592 ο

356 664 375 698 ι
417 644 476 699 ’0
498 645 649 708 Θεὸς,
694 645 773 707 εἰς
793 644 891 714 τὴν
924 643 1173 716 βοήθειάν
1205 664 1305 717 μου
1335 648 1590 720 πρόσχες.
1622 652 1929 723 Αἰσχυνθή-

349 750 529 790 Ἰαιωσαν
576 735 672 788 καλ⁸
720 736 1144 806 ἐντραπήτωσαν
1182 738 1231 789 οἱ
1276 738 1564 807 ζητοῦντες
1609 740 1707 811 τὴν
1750 742 1930 814 ψυχήν

354 845 475 899 μου.
510 827 1019 899 ’Δποστραφείησαν
1051 831 1131 891 εἰς
1171 828 1236 883 τά
1266 831 1441 883 ὀπίσω
1480 832 1573 885 καὶ
1598 851 1927 905 καταισχυν-

351 919 576 991 θείησαν
614 920 664 972 οἱ
706 918 1015 991 βουλόμενοί
1048 937 1138 990 μοι
1170 922 1347 974 κακά·
1387 940 1405 972 ι
1443 924 1537 976 καὶ
1569 924 1626 975 ἐν
1650 928 1761 988 τοῖς
1794 925 1931 996 μετὰ

350 1013 540 1084 χεῖρας
568 1010 625 1065 δέ
660 1011 864 1083 προῖὼν
901 1015 930 1066 ὁ
958 1013 1114 1081 λόγος
1144 1016 1265 1077 ταῖς
1297 1015 1489 1079 αὑταῖς
1526 1016 1791 1089 κέχρηται
1821 1036 1932 1087 φω-

351 1106 473 1167 ναῖς
494 1103 668 1172 λέγων
688 1121 700 1133 ·
732 1121 751 1154 ι
774 1103 831 1157 '0
859 1103 1011 1169 Θεὸς,
1041 1105 1119 1168 εἰς
1144 1104 1241 1176 τὴν
1262 1104 1513 1177 βοήθειάν
1542 1125 1642 1178 μου
1669 1109 1927 1180 πρόσχες,

279 1237 290 1248 .
353 1195 803 1269 αἰσχυνθείησαν⁸
837 1216 855 1247 ι
901 1197 994 1249 καὶ
1038 1198 1107 1251 τά
1144 1198 1304 1252 λοιπά
1333 1199 1390 1252 δὲ
1424 1201 1522 1270 τῆς
1548 1202 1717 1272 αὐτῆς
1752 1203 1927 1273 ἔχεται

350 1288 609 1351 διανοίας,
637 1291 715 1352 εἰς
749 1288 948 1352 πλάτος
978 1290 1356 1361 ἐκτεινομένου
1384 1293 1479 1344 τοῦ
1508 1293 1667 1361 λόγου
1704 1294 1791 1348 διὰ
1821 1296 1929 1348 τῶν

353 1380 761 1452 προκειμένων,
797 1380 939 1451 ἅπερ
966 1382 1065 1434 ούκ
1096 1382 1205 1435 ἀπὸ
1236 1385 1438 1437 σκόπου
1466 1385 1529 1439 ἄν
1556 1402 1638 1448 τις
1664 1386 1803 1439 εἴποι
1833 1388 1932 1459 ἀρ-

355 1474 542 1543 μόζειν
563 1472 639 1544 τῷ
663 1474 837 1544 Πατρί
857 1492 869 1503 ·
906 1474 1004 1527 Διά
1022 1491 1082 1526 τε
1111 1474 1172 1527 τὸ
1194 1474 1450 1543 λέγεσθαι
1488 1478 1545 1529 ἑν
1576 1477 1746 1548 αὐτῷ’
1775 1478 1930 1531 (Ὅτι

354 1567 420 1619 σὺ
447 1562 497 1619 εἰ
520 1567 554 1636 ή
585 1567 829 1637 ὑπομονή
868 1584 989 1637 μου,
1024 1566 1220 1637 Κύριε,
1256 1566 1447 1638 Κύριε,
1479 1570 1510 1639 ή
1544 1569 1697 1633 ἐλπίς
1733 1587 1832 1640 μου
1866 1572 1930 1624 ἐκ

351 1659 601 1730 νεότητός
638 1676 738 1729 μου
760 1676 773 1689 ·
807 1679 825 1710 ι
862 1659 1000 1712 αύτά
1025 1658 1130 1730 γὰρ
1151 1660 1326 1714 ταῦτα
1356 1661 1414 1712 ἐν
1447 1662 1541 1713 καὶ
1566 1659 1644 1730 τῷ
1689 1660 1773 1712 κα¹
1803 1659 1931 1729 ψαλ-

353 1750 439 1820 μῷ
469 1749 715 1814 ἐξαύτοῦ
746 1750 1033 1822 προσώπου
1064 1751 1281 1820 ἐλέγετο
1303 1754 1360 1803 ἐν
1389 1750 1598 1816 τούτοις
1616 1770 1627 1781 ·
1669 1770 1687 1802 ι
1720 1752 1838 1804 Ὅτι
1865 1754 1928 1805 σὺ

350 1838 402 1894 εἴ
425 1845 453 1895 ό
485 1843 766 1907 ἐκσπάσας
796 1860 861 1914 με
895 1844 959 1896 ἐκ
998 1843 1232 1913 γαστρός
1252 1858 1264 1870 ’
1298 1861 1316 1893 ι
1356 1842 1448 1895 καὶ
1492 1842 1562 1895 τὰ
1590 1842 1737 1914 ἑξῆς.
1773 1841 1932 1895 Ἀλλά
1963 1881 2003 1935 Β

352 1935 447 1986 καὶ
479 1932 538 1985 τὸ
575 1929 702 2003 ἑξῆς
734 1932 1120 2003 ἐπιλεγόμενον
1142 1933 1198 1985 ἐν
1229 1935 1293 2003 τῇ
1333 1931 1469 2002 μετὰ
1496 1935 1685 2005 χεῖρας
1719 1951 1930 2005 προφη-

348 2027 471 2096 τείᾳ
498 2026 554 2077 ἐν
586 2023 683 2094 τῷ,
719 2043 735 2074 ι
777 2024 833 2077 Ὀ
865 2024 997 2089 Θεός
1027 2042 1151 2095 μου,
1196 2024 1271 2095 μὴ
1322 2024 1693 2097 ἐγκαταλίπῃς
1717 2043 1805 2095 με,
1825 2027 1930 2088 ἕως

349 2117 414 2170 ἃν
447 2113 744 2183 ἀπαγγελῶ
763 2115 852 2169 τὸν
886 2115 1146 2187 βραχίονά
1175 2134 1267 2169 σου
1296 2120 1359 2187 τῇ
1385 2119 1545 2188 γενεᾷ
1575 2118 1723 2189 πάσῃ
1749 2120 1812 2189 τῇ
1841 2119 1930 2191 ἐρ-

349 2209 575 2281 χομένῃ,
601 2229 619 2260 ι
645 2206 983 2279 ἰσοδυναμεῖν
1008 2208 1149 2262 ἔοικε
1168 2208 1244 2280 τῷ
1266 2210 1323 2261 ἐν
1345 2210 1429 2263 κα’
1447 2210 1646 2280 ψαλμῷ
1669 2212 1928 2279 φάσκοντι

349 2299 492 2368 λόγῳ
512 2316 524 2327 ·
542 2317 567 2349 ν(
593 2298 1047 2369 Ἀναγγελήσεται
1064 2297 1141 2368 τῷ
1158 2299 1345 2369 Κυρίῳ
1367 2299 1528 2367 γενεὰ
1548 2302 1579 2370 ή
1600 2299 1887 2373 ἐρχομένη.
1904 2319 1922 2350 ι

351 2387 596 2458 Πρόσχες
641 2389 747 2460 γὰρ
783 2389 1027 2460 ἀκριϐῶς
1065 2390 1213 2453 ὅπως
1244 2390 1302 2441 ἐν
1329 2390 1524 2460 ἐκείνῳ
1559 2390 1656 2460 μὲν
1686 2390 1924 2459 ἐλέγετο,

352 2504 369 2532 ι
382 2484 678 2555 Ἀναγγελή
688 2502 835 2537 σεται
848 2484 925 2554 τῷ
938 2486 1130 2555 Κυρίῳ
1144 2486 1305 2553 γενεὰ
1318 2487 1350 2555 ή
1374 2485 1663 2557 ἐρχομένη,
1679 2487 1762 2539 »ἐν
1776 2486 1831 2539 δέ
1850 2486 1928 2557 τῷ

348 2577 696 2648 προκειμένῳ
718 2618 732 2638 ,
773 2597 791 2629 ‹
828 2580 971 2642 Ἕως
1000 2578 1065 2631 ἂν
1100 2578 1396 2647 ἀπαγγελῶ
1417 2581 1510 2633 τὸν
1544 2578 1804 2652 βραχίονα
1833 2597 1926 2633 σου

346 2671 412 2739 τῇ
440 2670 604 2739 γενεᾷ
628 2671 776 2743 πάσῃ
800 2673 864 2741 τῇ
899 2670 1189 2742 ἐρχομένῃ.
1229 2690 1245 2721 ι
1286 2671 1443 2724 Ἀλλά
1482 2672 1576 2725 καὶ
1608 2672 1709 2743 τὴν
1743 2672 1809 2724 ἐκ
1838 2689 1927 2725 νε-

347 2760 493 2831 κρῶν
513 2762 805 2814 ἀνάστασιν
822 2762 984 2815 αὐτοῦ
1001 2762 1188 2831 σαφῶς
1202 2764 1528 2834 παρίστησιν
1545 2765 1578 2835 ἡ
1595 2763 1730 2834 μετά
1740 2766 1930 2837 χεῖρας

344 2853 650 2925 προφητεία
681 2853 910 2923 λέγουσα
928 2852 986 2918 ἐξ
1010 2853 1172 2908 αὐτοῦ
1193 2854 1483 2927 προσώπου
1500 2872 1513 2886 ο
1545 2873 1562 2905 ι
1588 2856 1643 2907 Ὁ
1659 2855 1810 2919 Θεὸς,
1844 2856 1930 2919 τίς

335 2944 525 3014 ,ὄμοιᾶς
555 2962 636 2998 σοι
654 2962 666 3010 ;
685 2946 814 3010 ὅσας
844 2936 1049 3011 ἕδειξάς
1068 2963 1157 3017 μοι
1185 2945 1391 3015 θλίψεις
1408 2944 1607 3009 πολλὰς
1632 2946 1725 2998 καὶ
1753 2946 1929 3009 κακὰς

344 3038 437 3089 καὶ
456 3037 789 3109 ἐπιστρέψας
817 3037 1186 3109 ἐζωοποίησάς
1209 3054 1296 3108 με,
1320 3037 1413 3089 καὶ
1433 3036 1542 3091 τῶν
1561 3036 1814 3106 ἀναγκῶν
1828 3038 1926 3108 τῆς

342 3128 444 3198 γῆς
461 3128 619 3182 πάλιν
630 3130 903 3201 ἀνήγαγές
918 3146 984 3199 με
1001 3146 1014 3194 ;
1043 3150 1060 3182 ι
1081 3129 1196 3183 Εἶτ’
1210 3125 1302 3183 οὖν
1314 3130 1380 3182 ἐκ
1399 3129 1687 3200 προσώπου
1704 3128 1798 3183 τοῦ
1817 3130 1930 3182 Σωι

2038 578 2056 612 ι
2088 561 2254 627 Deus,
2285 566 2341 619 in
2368 565 2701 634 adjutorium
2733 584 2913 624 meum
2950 572 3169 627 intende
3193 615 3207 632 .
3261 574 3595 631 Confundan

2033 662 2121 707 tur
2171 664 2225 709 et
2274 669 2626 711 revereantur
2673 662 2765 729 qui
2819 673 3069 731 quaerunt
3123 666 3359 719 animam
3412 681 3612 723 mram.

2030 743 2359 800 Avertantur
2412 756 2714 805 retrorsum
2773 760 2825 806 et
2873 754 3202 810 erubescant
3266 758 3358 827 qui
3425 761 3618 815 volunt

2031 835 2163 889 mihi
2194 838 2337 891 mala
2373 839 2437 893 ⁷⁸.
2485 859 2503 892 ι
2547 839 2603 895 ln
2638 842 2742 897 hoc
2779 860 2911 901 vero
2937 885 2953 911 ,
3003 862 3166 916 quem
3219 864 3366 903 nunc
3422 861 3616 907 tracta-

2031 943 2182 993 mus,
2221 928 2510 999 ipsissimae
2536 949 2697 990 voces
2729 935 2786 989 in
2820 940 3175 1007 sequentibus
3226 952 3565 1010 usurpantur
3598 963 3613 998 :

2004 1046 2005 1049 η
2037 1035 2055 1068 ι
2091 1016 2252 1083 Deus,
2283 1019 2339 1073 in
2367 1021 2701 1090 adiutorium
2735 1041 2915 1081 meum
2949 1028 3173 1082 intende
3197 1069 3211 1091 ,
3268 1030 3618 1087 confundan-

2033 1116 2141 1173 tur,
2164 1129 2182 1162 ι
2209 1118 2263 1165 et
2288 1120 2507 1179 caetera,
2542 1130 2761 1187 quoque
2786 1118 2961 1173 eidem
2997 1121 3282 1175 sententiae
3311 1122 3576 1178 insistunt
3603 1142 3616 1187 ;

2032 1201 2128 1255 sed
2158 1201 2248 1257 hic
2276 1201 2455 1260 fusius
2477 1222 2565 1261 res
2595 1219 2946 1274 enarrantur,
2978 1228 3114 1281 quas
3141 1212 3286 1267 Patri
3320 1215 3620 1269 convenire

2030 1307 2139 1346 non
2160 1294 2258 1350 abs
2283 1312 2344 1350 re
2372 1298 2642 1369 quiSpiam
2674 1301 2895 1356 dixerit.
2921 1303 3056 1358 Cum
3094 1307 3219 1360 item
3249 1305 3302 1358 in
3330 1307 3433 1360 hoc
3468 1306 3619 1377 psal-

2030 1403 2120 1442 mo
2146 1388 2383 1453 dicatur,
2412 1409 2430 1441 ι
2467 1390 2735 1457 Quoniam
2756 1401 2813 1447 tu
2836 1411 2897 1449 es
2918 1396 3174 1465 patientia
3195 1412 3337 1461 mea,
3364 1396 3613 1461 Domine,

2038 1478 2267 1536 Domine
2297 1497 2421 1551 spes
2458 1498 2576 1538 mea
2598 1499 2627 1537 a
2650 1485 2933 1554 juventute
2965 1502 3119 1553 mea;
3164 1507 3183 1539 ι
3216 1488 3321 1543 hoc
3352 1488 3528 1558 ipsum
3556 1489 3614 1542 in

2029 1573 2244 1641 psalmo
2272 1591 2390 1638 χιιι,
2419 1592 2484 1630 ex
2512 1577 2700 1631 eadem
2730 1593 2967 1648 persona
3007 1579 3248 1635 dicitur:
3282 1597 3301 1631 ι
3340 1579 3612 1646 Quoniam

2030 1671 2088 1716 tu
2114 1681 2173 1719 es
2196 1667 2289 1736 qui
2312 1668 2597 1722 extruxisti
2632 1684 2717 1722 me
2741 1669 2809 1723 de
2853 1678 3042 1725 ventre
3070 1673 3138 1735 ⁷⁸,
3178 1692 3195 1723 ι
3229 1679 3283 1727 et
3306 1673 3611 1743 sequentia.

2033 1752 2139 1808 Sed
2189 1756 2352 1809 etiam
2409 1757 2555 1827 quod
2602 1759 2659 1812 in
2712 1759 2815 1813 hac
2873 1762 3155 1832 prophetia
3221 1763 3613 1833 subjungitur,

2038 1862 2056 1893 ι
2090 1844 2233 1900 Deus
2269 1861 2425 1901 meus
2445 1886 2458 1910 ,
2492 1863 2561 1901 ne
2582 1849 2932 1919 derelinquas
2962 1867 3066 1916 me,
3089 1850 3262 1906 donec
3292 1853 3613 1907 annuntiem

2030 1932 2314 1987 brachium
2344 1941 2495 1989 tuum
2524 1938 2863 2007 generationi
2885 1942 3035 1994 omni
3057 1957 3178 2010 quae
3204 1951 3427 1996 ventura
3457 1952 3561 2010 est;
3588 1962 3608 1995 ι

2031 2026 2210 2081 simile
2236 2027 2452 2082 videtur
2482 2029 2559 2083 illi
2608 2045 2699 2083 xxx
2742 2032 2937 2100 psalmi
2989 2032 3159 2097 dicto,
3196 2052 3217 2085 ι
3257 2033 3615 2089 Annuutiabi-

2029 2127 2121 2170 tur
2152 2117 2379 2172 Domino
2407 2121 2689 2189 generatio
2707 2130 2939 2176 ventura
2971 2123 3039 2175 ⁸ο.
3074 2143 3092 2174 ›
3120 2124 3389 2179 Attendas
3410 2124 3614 2195 quippe

2030 2209 2212 2276 velim,
2237 2211 2511 2279 quomodo
2539 2211 2592 2265 in
2619 2212 2710 2266 illo
2732 2213 2950 2283 quidem
2978 2214 3213 2278 dicatur,
3243 2235 3261 2266 ι
3300 2216 3614 2270 Annuntia-

2030 2299 2179 2354 bitur
2219 2299 2453 2356 Domino
2495 2304 2777 2373 generatio
2808 2312 3076 2371 ventura;
3121 2325 3141 2359 ι
3178 2306 3234 2360 ἰιι
3263 2306 3367 2360 hoc
3404 2314 3609 2370 autem,

2036 2409 2055 2443 ι
2082 2390 2265 2448 Donec
2294 2396 2614 2450 annuntiem
2640 2396 2924 2450 brachium
2947 2407 3098 2452 tuum
3127 2400 3461 2469 generatioui
3492 2414 3614 2453 om-

2029 2482 2085 2535 ni
2110 2498 2230 2551 quae
2251 2490 2478 2538 ventura
2520 2494 2622 2540 est.
2665 2505 2684 2537 ι
2723 2484 2867 2550 Quin
2912 2488 3075 2542 etiam
3108 2489 3227 2557 ejus
3263 2504 3326 2543 ex
3378 2488 3615 2542 mortuis

2030 2577 2489 2631 resurrectionem
2525 2584 2710 2647 aperte
2738 2579 2979 2633 declarat
3011 2578 3125 2633 haec
3160 2579 3442 2650 prophetia
3464 2618 3479 2643 ,
3543 2594 3613 2634 ex

2028 2668 2151 2738 ejus
2168 2684 2403 2740 persona
2420 2669 2644 2724 dicens:
2670 2688 2689 2721 ι
2727 2669 2889 2735 Deus,
2906 2671 3030 2740 quis
3059 2671 3254 2726 similis
3276 2672 3410 2725 tibi?
3433 2671 3613 2737 Quan-

2029 2769 2116 2815 tas
2148 2761 2438 2817 ostendisti
2464 2763 2598 2817 mihi
2619 2764 3005 2819 tribulationes
3027 2765 3226 2819 multas
3249 2772 3302 2818 et
3323 2765 3495 2821 malas
3517 2806 3533 2832 ,
3555 2773 3612 2820 et

2029 2866 2332 2907 conversus
2358 2852 2643 2910 viviﬁcasti
2680 2869 2786 2918 me,
2828 2861 2882 2908 et
2906 2854 2973 2909 de
3004 2854 3421 2910 necessitatibus
3449 2862 3613 2909 terrae

2029 2937 2227 2993 iterum
2256 2940 2522 2997 reduxisti
2555 2943 2674 2996 me?
2712 2961 2731 2994 ι
2769 2941 2897 2996 Sive
2929 2942 3096 3013 igitur
3123 2960 3189 2999 ex
3212 2960 3448 3015 persona
3483 2943 3610 3001 Ser-

2028 3019 2255 3091 vatdris,
2288 3028 2402 3084 sive
2430 3045 2496 3083 ex
2528 3045 2763 3099 persona
2808 3030 3103 3099 cujuslibet
3132 3030 3269 3100 justi
3315 3030 3431 3087 hate
3462 3032 3611 3086 acci—

2028 3122 2224 3191 pienda
2247 3131 2395 3177 sunt.
2429 3120 2742 3177 Doetrinam
2786 3123 2934 3177 enim
2982 3123 3419 3193 complectuntur
3440 3160 3458 3189 ,
3484 3139 3608 3196 quae

340 3222 527 3293 τῆρος,
551 3221 661 3275 εῐτε
690 3224 755 3273 ἐκ
776 3220 1071 3293 προσώπου
1098 3224 1295 3285 παντὸς
1318 3221 1545 3285 δικαίου,
1568 3222 1678 3274 τῶν
1708 3239 1929 3293 προκει-

2032 3229 2133 3269 nos
2158 3213 2397 3269 instituit
2427 3223 2485 3268 ut
2516 3231 2583 3269 ex
2617 3215 2762 3270 bono
2791 3214 3073 3285 proposito
3103 3216 3286 3269 omnia
3338 3223 3463 3285 post
3515 3216 3614 3271 du-

346 3314 521 3384 μένων
542 3312 854 3368 ἀκουστέον.
881 3314 1129 3385 Περιέχει
1154 3314 1262 3385 γὰρ
1281 3313 1626 3367 διδασκαλίαν
1648 3313 1927 3367 παιδεύουα

346 3425 445 3461 σαν
478 3408 625 3477 ἡμᾶς
657 3407 793 3478 μετὰ
824 3407 1117 3470 διαθέσεως
1151 3405 1336 3475 ὑγιοῦς
1371 3405 1676 3476 πάνταμὲν
1698 3405 1926 3475 δεύτερα

344 3500 608 3562 τίθεσθαι,
627 3501 721 3553 ἐπὶ
743 3500 901 3570 μόνον
922 3500 979 3552 δέ
1000 3500 1089 3552 τὸν
1112 3498 1317 3570 Κύριον
1335 3497 1436 3561 τάς
1458 3496 1666 3551 ἑαυτῶν
1688 3498 1927 3569 ἀναρτᾷν

344 3593 585 3657 ἐλπίδας,
608 3591 747 3645 ὥστε
768 3591 947 3659 λέγειν
969 3590 1118 3662 αὐτῷ
1137 3589 1372 3644 διαθέσει
1397 3589 1645 3659 γνησίᾳ.‹
1671 3590 1795 3643 Ἐπὶ
1821 3590 1923 3654 σοὶ,

343 3688 537 3761 Κύριε,
554 3688 778 3759 ἦλπισα,
809 3688 883 3759 μὴ
910 3685 1362 3757 καταισχυνθείην
1385 3686 1465 3748 εἰς
1489 3685 1580 3738 τὸν
1605 3683 1799 3738 αἰῶνα.
1826 3703 1844 3735 ι
1863 3685 1926 3737 Οἱ

344 3779 556 3852 γάρέπὶ
582 3779 796 3849 πλούτῳ
817 3780 911 3833 καὶ
932 3778 1098 3849 πολλῇ
1120 3777 1405 3849 περιουσίᾳ
1439 3776 1575 3846 βίου,
1595 3776 1628 3846 ἣ
1652 3776 1746 3829 ἐπὶ
1762 3775 1929 3843 ἀξιώο

349 3889 479 3942 μασι
496 3875 797 3942 κοσμικοίς,
816 3870 849 3942 ἦ
870 3872 961 3924 ἐπὶ
978 3870 1252 3941 ἀρχόντων
1275 3870 1563 3939 οἰκειότητι
1587 3871 1678 3923 καὶ
1699 3886 1931 3942 προστα-

346 3963 456 4033 σίᾳ,
506 3963 591 4032 ἐφ’
625 3962 797 4033 ἑτέρῳ
827 3964 935 4016 τινὶ
982 3962 1092 4015 τῶν
1126 3960 1334 4032 θνητῶν
1373 3962 1467 4016 καὶ
1512 3962 1793 4032 ἐπικήρων
1831 3960 1930 4025 τὰς

344 4053 552 4107 ἑαυτῶν
595 4054 937 4117 ἀνατιθέντες
987 4053 1230 4117 ἐλπίδας,
1280 4053 1542 4124 αἰσχύνην
1583 4052 1925 4124 ὀφλήσουσιν.

350 4164 369 4196 ι
408 4146 836 4216 Ἐπικατάρατος
850 4145 960 4217 γὰρ
982 4144 1266 4215 ἄνθρωπος
1284 4144 1342 4209 ὃς
1371 4145 1468 4215 τὴν
1487 4144 1675 4199 ἐλπίδα
1700 4143 1813 4215 ἔχει
1842 4145 1928 4198 ἐπ’

344 4235 652 4307 ἄνθρωπον,
716 4238 825 4290 και
869 4234 1112 4307 στηρίξει
1149 4236 1326 4306 σάρκα
1353 4237 1636 4309 βραχίονος
1672 4235 1858 4291 αὐτοῦ.
1905 4255 1924 4287 ι

338 4311 599 4400 Κέκραγέ
640 4345 698 4381 τε
732 4328 869 4398 βοῶν
897 4331 925 4382 ὁ
970 4329 1123 4398 λόγος
1150 4346 1162 4359 ·
1195 4349 1211 4380 ι
1248 4328 1339 4399 Μὴ
1379 4327 1674 4381 πεποίθατε
1705 4328 1791 4382 ἐπ’
1832 4327 1931 4400 ἀρ-

343 4435 557 4490 χοντας,
597 4419 732 4490 μηδέ
754 4419 838 4487 ἐφ’
871 4420 1018 4483 υἱοὺς
1069 4419 1392 4493 ἀνθρώπων,
1423 4415 1503 4483 οἷς
1535 4421 1633 4472 οὐκ
1662 4418 1777 4473 ἔστι
1824 4436 1933 4472 σω-

343 4512 508 4583 τηρία
534 4528 547 4543 ·
592 4532 610 4563 ι
638 4514 733 4566 καὶ
763 4512 958 4567 πάλιν·
990 4533 1009 4564 ι
1051 4514 1287 4577 Πλοῦτος
1320 4512 1414 4566 ἐὰν
1450 4512 1569 4584 ῥέῃ,
1603 4512 1678 4585 μὴ
1710 4512 1933 4584 προστί-

2027 3321 2236 3371 camus,
2266 3309 2319 3362 in
2340 3323 2561 3378 unoque
2584 3306 2819 3362 Domino
2839 3321 2992 3377 spem
3018 3315 3323 3363 statuamus
3340 3315 3609 3369 nostram.

2025 3400 2101 3454 ita
2130 3405 2190 3452 ut
2222 3397 2442 3453 sincero
2470 3397 2668 3455 aﬁ‘ectu
2712 3399 2961 3455 dicamus
2994 3417 3007 3455 :
3048 3416 3068 3453 ι
3119 3398 3180 3453 In
3227 3407 3309 3465 te,
3343 3399 3572 3456 Domine
3594 3442 3610 3465 ,

2028 3491 2265 3555 speravi,
2282 3505 2391 3545 non
2414 3490 2723 3546 confundar
2743 3494 2799 3546 in
2816 3499 3100 3546 aeternum.
3125 3510 3144 3543 ι
3171 3490 3277 3558 Qui
3293 3493 3437 3546 enim
3455 3492 3510 3546 in
3528 3493 3614 3548 di-

2026 3583 2179 3638 vitiis
2195 3598 2259 3638 ac
2273 3583 2329 3638 in
2347 3584 2584 3655 copiosis
2600 3585 2725 3639 vitae
2742 3584 3234 3647 facultatibus,sive
3249 3584 3302 3638 in
3318 3584 3614 3639 mundanis

2032 3675 2422 3746 dignitatibus,
2451 3677 2569 3733 sive
2602 3677 2660 3731 in
2693 3678 3007 3748 principum
3057 3676 3244 3732 favore
3275 3685 3329 3732 et
3374 3678 3612 3747 patroci-

2029 3768 2144 3834 nio,
2182 3769 2298 3825 sive
2353 3770 2408 3823 in
2458 3769 2564 3823 alia
2602 3771 2859 3840 quapiam
2895 3768 3210 3823 mortalium
3251 3777 3306 3823 et
3340 3767 3609 3822 ﬁuxarum

2030 3877 2214 3916 rerum
2268 3877 2419 3931 spem
2482 3870 2776 3932 reponunt,
2814 3862 3127 3933 ignominia:
3154 3860 3377 3915 obnoxii
3426 3870 3610 3918 erunt.

2037 3972 2055 4005 ι
2100 3952 2426 4009 Maledictus
2454 3954 2602 4009 enim
2628 3954 2794 4008 homo
2828 3955 2922 4025 qui
2959 3970 3112 4023 spem
3138 3953 3303 4006 habet
3334 3954 3389 4007 in
3426 3952 3609 4007 homi-

2033 4061 2180 4111 nem,
2216 4054 2271 4101 et
2292 4047 2472 4100 ﬁrmat
2503 4062 2727 4104 carnem
2761 4048 2973 4103 brachii
3002 4046 3172 4101 sui“.
3202 4066 3220 4098 ›
3242 4045 3450 4101 Clamat
3483 4049 3610 4101 item

2035 4138 2344 4209 Scriptura,
2379 4157 2398 4190 ι
2434 4138 2613 4197 Nolite
2648 4141 2924 4196 conlidere
2958 4141 3012 4194 in
3044 4139 3409 4211 principibus,
3437 4155 3613 4209 neque

2033 4233 2087 4287 in
2142 4232 2270 4287 ﬁliis
2311 4232 2617 4296 hominum,
2664 4234 2719 4288 in
2763 4233 2967 4304 quibus
3013 4249 3125 4288 non
3168 4239 3253 4288 est
3293 4232 3443 4287 salus
3466 4231 3548 4297 ⁸²;
3588 4250 3607 4282 ι

2033 4332 2086 4378 et
2114 4340 2360 4387 rursum,
2395 4343 2413 4376 ‹
2456 4324 2670 4380 Divitiae
2715 4326 2759 4381 si
2812 4326 3056 4388 aﬁluant,
3108 4324 3275 4379 nolite
3309 4338 3406 4377 cor
3439 4338 3608 4393 appo-

2034 4430 2165 4469 nere
2186 4415 2251 4466 θδ.
2286 4433 2305 4466 ι
2334 4412 2393 4467 1η
2419 4414 2542 4470 aliis
2566 4416 2694 4471 item
2718 4416 2786 4470 ad
2815 4416 2931 4471 haec
2962 4414 3195 4471 dicenda
3218 4414 3562 4469 instituimur
3593 4431 3606 4467 :

2040 4524 2058 4556 c
2096 4504 2362 4561 Dominus
2414 4507 2546 4560 mihi
2591 4506 2831 4577 adjutor,
2885 4523 2994 4562 nou
3038 4506 3241 4560 timebo
3272 4506 3405 4575 quid
3448 4504 3614 4561 faciat

346 4600 504 4653 θεσθε
532 4602 777 4674 καρδίαν.
795 4605 930 4658 »Καὶ
958 4608 1014 4658 ἑν
1040 4605 1246 4676 ἑτέροις
1268 4603 1324 4657 δὲ
1346 4603 1522 4672 λέγειν
1545 4603 1925 4675 διδασκόμεθα“

2035 4597 2166 4651 mihi
2205 4597 2390 4655 homo.
2428 4597 2640 4654 Bonum
2676 4608 2761 4656 est
2792 4600 3065 4656 conﬁdere
3092 4601 3146 4654 in
3172 4599 3424 4664 Domino,
3446 4614 3613 4669 quam

350 4712 369 4743 ι
404 4693 605 4764 Κύριος
632 4696 756 4765 ἐμοὶ
778 4694 987 4766 βοηθὸς,
1012 4697 1072 4749 οὐ
1096 4696 1475 4767 φοϐηθήσομαι
1499 4694 1552 4747 τί
1581 4696 1799 4766 ποιήσει
1835 4712 1924 4765 μοι

345 4782 652 4855 ἄνθρωπος.
691 4786 919 4854 Ἀγαθὸν
939 4786 1257 4839 πεποιθέναι
1289 4788 1383 4839 ἐπὶ
1414 4785 1640 4857 Κύριον,
1672 4785 1706 4856 ἢ
1742 4801 1927 4838 πεποι-

344 4874 495 4928 θέναι
524 4877 615 4929 ἐπὶ
636 4876 941 4948 ἄνθρωπον.
989 4877 1213 4947 Ἀγαθὸν
1251 4876 1490 4941 ἐλπίζειν
1517 4879 1608 4929 ἐπὶ
1645 4876 1923 4948 Κύριον,ἢ

342 4965 585 5030 ἐλπίζειν
633 4969 726 5020 ἐπὶ
751 4967 1033 5039 ἄρχοντας.
1078 4989 1095 5019 ι
1146 4970 1204 5022 '0
1231 4969 1289 5021 δὲ
1327 4968 1507 5038 ἀγαθά
1545 4968 1723 5039 ἑαυτῷ
1752 4986 1929 5022 συνει-

341 5053 447 5117 δὼς
476 5056 616 5109 εἴποι
639 5057 705 5110 ἂν
731 5056 808 5128 τῷ
830 5058 1020 5129 Κυρίῳ
1047 5058 1140 5111 καὶ
1177 5058 1257 5123 τὸ,
1295 5078 1313 5109 ι
1367 5060 1453 5111 Ἑν
1484 5058 1799 5131 δικαιοσύνῃ
1830 5075 1923 5110 σου

345 5144 507 5215 ῥῦσαί
571 5164 637 5217 με
695 5124 791 5201 καί
840 5124 1023 5213 ἐξέλοι)
1060 5166 1147 5220 με.
1194 5168 1213 5200 ι
1253 5149 1426 5221 Πολλῇ
1461 5124 1570 5221 γὰρ
1605 5124 1925 5220 πεποιθήσει

344 5236 701 5310 τεθάῤῥηκεν,
731 5241 833 5306 ὅτι,
869 5240 1011 5294 κατά
1052 5241 1112 5294 τὺ
1140 5241 1477 5295 δικαιότατον
1512 5242 1705 5313 κρίνας
1730 5241 1927 5305 ὁΘεὸς,

347 5329 569 5401 εὑρήσει
606 5332 768 5386 αὐτὸν
798 5334 859 5386 οὐ
887 5334 1281 5406 κατακρίσεως,
1314 5335 1433 5388 ούδέ
1460 5334 1732 5404 ἀποϐολῆς
1758 5334 1927 5400 ἄξιον,

344 5421 480 5475 ἀλλά
508 5422 760 5493 βοηθείας
791 5426 887 5478 καὶ
920 5425 1256 5498 ἀντιλήψεως
1281 5446 1293 5458 ο
1332 5427 1413 5480 διό
1439 5444 1601 5498 φησιν
1621 5444 1634 5457 ·
1675 5445 1693 5477 ί
1745 5428 1831 5479 Ἐν
1859 5429 1924 5498 τῇ

345 5512 659 5589 δικαιοσύνῃ
690 5534 781 5569 σου
801 5517 961 5590 ῥῦσαί
994 5535 1066 5589 με
1105 5520 1198 5573 καὶ
1228 5519 1409 5587 ἐξέλου
1445 5538 1534 5593 με.
1565 5540 1583 5574 ι
1617 5520 1927 5592 Συνειδήσει

423 5715 469 5747 ⁷⁸
500 5716 642 5772 Psal.
670 5734 820 5781 thx,
838 5719 957 5777 Μ.

342 5787 394 5819 ⁸⁸
423 5785 570 5843 Psal.
604 5802 770 5856 cxvu,
811 5790 925 5845 7-9.

1036 5723 1078 5755 το
1102 5722 1246 5783 Ρερε,
1269 5738 1381 5792 χιι,
1416 5724 1499 5780 10,
1578 5724 1623 5756 ⁸ο
1654 5723 1783 5779 ibid.
1808 5724 1896 5780 52.
1975 5724 2018 5757 ⁸¹
2051 5722 2420 5794 1οιθιη.·κνιι,
2442 5727 2475 5781 5

2031 4686 2307 4744 conﬁdere
2345 4687 2402 4743 in
2432 4688 2674 4745 homine.
2730 4690 2938 4745 Bonum
2971 4698 3057 4746 est
3084 4704 3306 4759 sperare
3342 4688 3400 4743 in
3429 4688 3614 4743 Domi-

2033 4795 2128 4845 no,
2163 4796 2328 4851 quam
2379 4797 2605 4851 sperare
2662 4784 2718 4837 in
2763 4784 3105 4854 principibus
3125 4781 3190 4833 3‘.
3232 4802 3252 4834 ι
3293 4781 3398 4847 Qui
3428 4787 3613 4835 autem

2034 4874 2309 4930 bonorum
2338 4874 2447 4929 sibi
2488 4876 2748 4930 conscius
2777 4884 2883 4941 est,
2917 4876 3151 4931 Domino
3182 4874 3384 4928 dixerit
3429 4871 3563 4926 illud
3594 4890 3608 4926 :

2042 4984 2060 5018 ι
2104 4966 2163 5019 ln
2192 4965 2410 5035 justitia
2461 4974 2554 5021 tua
2604 4968 2776 5023 libera
2838 4985 2926 5024 me
2958 4976 3012 5024 et
3060 4969 3211 5039 eripe
3236 4981 3344 5021 me.
3388 4984 3408 5019 ι
3445 4964 3616 5019 Multa

2034 5061 2237 5129 quippe
2277 5058 2474 5113 ﬁducia
2502 5061 2765 5130 repletur,
2799 5064 2928 5133 quia
2953 5061 3267 5132 justissima
3311 5074 3498 5116 secum
3526 5056 3615 5128 ju-

2035 5152 2182 5206 dicio
2215 5149 2358 5206 Deus
2382 5164 2572 5220 agens,
2598 5168 2709 5207 non
2744 5154 3120 5218 damnatione,
3160 5166 3340 5222 neque
3372 5148 3614 5220 repulsa,

2036 5242 2131 5300 sed
2163 5241 2369 5296 auxilio
2390 5251 2444 5296 et
2473 5245 2781 5312 patrocinio
2806 5244 3028 5316 dignum
3062 5242 3403 5313 eomperiet:
3443 5255 3618 5310 quare

2036 5334 2114 5389 ait
2147 5354 2160 5389 :
2200 5353 2218 5389 ι
2265 5335 2324 5389 In
2353 5334 2569 5402 justitia
2594 5343 2687 5390 tua
2717 5336 2887 5390 libera
2915 5352 3003 5391 me
3027 5344 3082 5391 et
3115 5336 3265 5404 eripe
3289 5347 3399 5388 me.
3433 5355 3456 5385 ι
3508 5329 3619 5384 Pu-

2036 5444 2207 5500 raque
2260 5430 2596 5485 conscientia
2645 5430 2923 5499 supplices
2952 5442 3115 5484 voces
3149 5429 3217 5482 ad
3255 5426 3421 5482 Deum
3455 5424 3623 5481 emit~

2038 5527 2161 5577 tens
2187 5520 2239 5575 id
2261 5535 2480 5593 quoque
2504 5521 2771 5578 dicebat:
2830 5539 2849 5577 ι
2904 5520 3114 5575 lnclina
3167 5520 3234 5575 ad
3289 5534 3376 5574 me
3426 5532 3623 5573 aurem

2582 5725 2970 5791 “Psal.cx1.v,
3000 5723 3053 5781 εὶ.
3133 5724 3179 5755 ⁸³
3212 5722 3359 5779 Psal.
3391 5721 3616 5789 “1,”;
