4128 6392
505 306 617 365 775

1181 302 1446 358 E-USEBll
1486 300 1967 358 CASSABIENSIS
2001 300 2155 357 OPP.
2196 299 2378 356 PARS
2411 298 2501 354 lll.
2539 328 2612 339 —
2649 296 3061 354 EXEGETICA.

3665 293 3771 349 776

503 428 681 489 tuam,
710 424 766 473 et
816 416 967 472 salva
1002 429 1101 469 me
1124 413 1191 465 ⁸⁸.
1232 433 1250 464 ι
1293 412 1409 468 lmo
1444 413 1603 484 quasi
1646 429 1714 468 ex
1756 413 2083 469 necessitate

2187 413 2243 465 δὲ
2270 410 2659 481 κεκαθαρμένῃ
2685 409 2784 473 τὰς
2816 408 3125 480 ἱοκετηρίους
3146 407 3327 476 φωνὰς
3359 406 3492 476 πρὸς
3524 406 3615 460 τὸν
3639 407 3770 461 Θεὸν

508 509 680 567 Deum
714 510 790 564 ita
819 506 1047 578 rogabat
1080 526 1092 561 :
1125 524 1145 557 ι
1177 504 1310 560 Esto
1353 506 1489 559 mihi
1523 507 1577 560 in
1606 504 1777 560 Deum
1808 513 2085 575 protecto-

505 618 624 661 rem
654 609 708 657 et
737 602 795 655 in
824 600 1005 655 locum
1036 598 1332 662 munitum,
1371 606 1432 653 ut
1464 599 1676 653 salvum
1702 613 1788 654 me
1824 598 2017 653 facias.
2060 619 2079 652 ι

504 693 642 749 Nam
674 708 800 748 cum
835 690 979 746 Deus
1007 690 1243 762 protegit
1266 698 1320 744 et
1340 699 1674 763 propugnat,
1700 705 1811 745 non
1841 706 1941 761 pro
1962 692 2087 745 nul-

504 785 613 839 lius
646 784 805 854 pretii
850 783 1071 838 homine
1116 782 1171 837 id
1227 783 1358 854 agit,
1403 785 1665 853 solusque
1701 782 1979 853 perfectus
2030 784 2087 838 id

504 874 825 929 Deodicere
851 875 1029 930 valeat
1063 893 1076 930 :
1112 892 1131 925 ‹
1170 873 1437 940 Quoniam
1474 875 1878 930 firmamentum
1905 892 2083 929 meum

502 973 558 1020 et
584 965 857 1036 refugium
888 981 1070 1021 meum
1101 981 1161 1021 es
1195 974 1276 1021 tu.
1319 985 1337 1018 ι
1376 964 1482 1021 Pro
1505 982 1614 1036 quo
1644 966 1862 1037 Aquila,
1895 986 1912 1017 ι
1942 966 2087 1033 Quo-

502 1058 654 1115 niam
690 1066 843 1130 petra
874 1075 994 1113 mea
1032 1067 1085 1113 et
1116 1059 1429 1128 prasidium
1464 1074 1667 1127 meum,
1707 1078 1725 1110 ι
1759 1058 2089 1128 ἰηιενρνοιιιο

504 1158 597 1207 tus
622 1158 741 1217 est;
770 1148 1135 1221 Symmachus
1155 1164 1305 1213 vero,
1347 1166 1365 1199 ι
1394 1148 1666 1214 Quoniam
1702 1158 1855 1219 petra
1884 1164 2005 1203 mea
2034 1157 2086 1204 et

504 1244 779 1314 refugium
808 1258 989 1297 meum
1019 1258 1079 1297 es
1094 1250 1312 1297 ιιι.ι-‹
1328 1240 1470 1297 Deus
1500 1258 1678 1303 meus.
1708 1242 1860 1312 eripe
1894 1258 1980 1296 me
2020 1242 2088 1297 de

506 1349 672 1389 manu
703 1332 1032 1402 peccatoris,
1064 1341 1118 1386 et
1146 1331 1214 1386 de
1255 1347 1419 1385 manu
1447 1340 1639 1385 contra
1673 1332 1845 1401 legem
1876 1332 2086 1402 agentis

496 1432 562 1479 et
609 1423 803 1492 iniqui.
835 1421 1103 1489 Quoniam
1137 1430 1196 1476 tu
1247 1438 1305 1478 es
1341 1423 1604 1492 patientia
1638 1437 1781 1485 mea,
1816 1421 2046 1477 Domine
2068 1462 2083 1486 ,

508 1532 634 1586 spes
666 1531 784 1569 mea
812 1530 840 1568 a
868 1515 1159 1584 juventute
1204 1530 1345 1571 mea.
1388 1537 1407 1567 ι
1454 1514 1551 1568 V'ir
1603 1513 1876 1583 perfectus
1925 1515 2086 1584 quasi

507 1608 788 1678 propriam
850 1608 1255 1677 possessionem
1309 1605 1479 1660 Deum
1554 1608 1775 1661 invocat
1853 1607 2082 1670 dicens,

511 1717 531 1747 ε
573 1696 715 1751 Deus
743 1711 897 1750 meus
931 1715 943 1748 :
985 1714 1004 1747 ι
1039 1697 1167 1765 quia
1200 1694 1495 1765 promissio
1530 1696 1713 1765 dignis
1748 1710 1777 1748 a
1812 1694 1922 1749 Deo
1958 1695 2085 1749 data

507 1797 593 1843 est
625 1787 710 1842 his
737 1787 915 1841 verbis
956 1805 969 1840 :

506 1880 640 1934 mihi
675 1880 908 1950 populus
939 1880 1003 1932 ⁸⁸.
1042 1898 1059 1928 ι
1094 1877 1196 1942 Qui
1222 1892 1352 1930 vero
1383 1875 1536 1939 dicit,
1564 1895 1581 1927 ι
1635 1878 1692 1930 ln
1724 1885 1798 1941 te,
1833 1877 2082 1942 Domine,

504 1970 748 2040 speravi,
790 1987 808 2019 ›
836 1976 891 2023 et
921 1967 1104 2021 omnia
1132 1975 1254 2037 post
1285 1968 1493 2035 putavit
1523 1979 1581 2020 ut
1604 1970 1696 2022 uni
1720 1968 1827 2024 Deo
1857 1985 1915 2024 se
1935 1985 2087 2024 eom-

505 2063 769 2126 mitteret,
803 2062 927 2129 jure
950 2060 1118 2123 dicat,
1153 2079 1172 2110 ‹
1214 2059 1356 2114 Deus
1388 2076 1564 2116 meus.
1620 2080 1637 2112 ι
1687 2060 1835 2131 Eripi
1865 2077 1997 2116 vero
2026 2077 2086 2117 se

505 2154 574 2206 tle
602 2168 765 2205 manu
798 2152 1105 2222 peccatoris
1132 2158 1307 2221 rogat,
1355 2166 1424 2204 ne
1453 2153 1619 2221 gestis
1654 2153 1769 2206 suis
1803 2152 2081 2223 peccatori

503 2244 592 2298 vel
623 2244 812 2314 iniquo
844 2243 1039 2298 similis
1070 2244 1265 2298 evadat
1294 2260 1308 2300 :
1354 2259 1523 2312 quare
1557 2244 1726 2308 addit,
1763 2263 1782 2295 ι
1812 2244 1886 2299 De
1920 2260 2084 2299 manu

504 2342 813 2407 peccatoris
840 2347 893 2393 et
926 2337 994 2393 de
1018 2354 1179 2391 manu
1211 2345 1404 2391 contra
1431 2338 1600 2407 legem
1638 2320 1943 2407 agentis-et
1974 2337 2081 2391 ini-

504 2432 628 2502 qui;
669 2450 688 2483 ι
712 2446 773 2484 ac
800 2431 955 2485 neiis
980 2430 1260 2499 subjectus
1285 2429 1386 2494 sit;
1414 2429 1507 2482 sed
1526 2429 1721 2482 merito
1752 2427 1943 2494 Deum,
1971 2444 2083 2485 non

504 2524 683 2577 solum
714 2524 784 2576 ob
813 2522 978 2574 allata
1015 2522 1290 2591 superius,
1324 2521 1419 2576 sed
1449 2520 1612 2574 etiam
1641 2521 1711 2574 ob
1746 2521 2085 2591 subsequen—

502 2625 589 2670 tes
624 2630 845 2677 causas,
904 2614 1009 2667 sibi
1058 2612 1224 2667 Deum
1282 2614 1536 2682 appellat.
1596 2610 1756 2674 Nam,
1794 2612 1990 2682 inquit,
2024 2622 2082 2667 tu

501 2707 639 2762 mihi
675 2705 940 2775 patientia
971 2720 1052 2766 es,
1086 2714 1142 2757 tu
1175 2720 1301 2773 spes
1346 2719 1465 2757 mea
1506 2718 1535 2755 a
1574 2703 1883 2771 juventute.
1934 2704 2085 2759 Nun-

498 2812 668 2865 quam
696 2797 842 2850 euim
872 2806 924 2849 te
948 2806 1266 2864 exspectare
1294 2794 1504 2857 destiti,
1539 2810 1714 2863 neque
1740 2794 1840 2847 fuit
1868 2802 2082 2865 tempus

503 2903 614 2952 quo
673 2902 784 2940 non
834 2896 887 2939 te
928 2886 1063 2939 mihi
1118 2885 1170 2939 in
1223 2902 1373 2956 spem
1432 2901 1814 2956 preponerem.
1873 2885 2083 2952 Quam-

495 2982 694 3035 obrem
743 2994 877 3049 rogo
921 2993 989 3033 ex
1049 2994 1212 3031 manu
1271 2988 1619 3049 peccatorqu
1667 2990 1719 3032 et
1772 2978 2081 3048 iniquorum

500 3088 664 3142 eripi.

2186 501 2525 573 ἀναπέμπων
2555 541 2569 564 ,
2612 502 2707 553 καὶ
2736 500 2816 562 τὸ,
2854 519 2871 550 ι
2914 499 3107 551 Κλῖνον
3130 495 3271 567 πρὸς
3315 495 3382 566 μὲ
3427 496 3488 548 τὸ
3513 491 3605 559 οῦς
3653 513 3769 560 σου,

2186 598 2281 650 καὶ
2317 595 2488 649 σῶσόν
2513 611 2601 664 με,
2640 613 2657 645 ι
2696 593 2899 661 ἔλεγεν.
2931 589 3091 643 Ἀλλὰ
3113 591 3207 642 καὶ⁷
3238 589 3313 652 ὡς
3350 587 3664 656 ἀναγκαίως
3694 588 3773 661 τῷ

2186 688 2304 761 Θεῷ
2350 689 2645 761 παρεκάλει
2687 684 2892 753 λέγων·
2931 701 2949 734 ι
2991 681 3154 735 Γενοῦ
3202 698 3290 751 μοι
3323 682 3402 743 είς
3439 680 3571 734 Θεὸν
3605 682 3775 754 ὑπερ-

2186 780 2456 851 ασπιστὴν
2476 780 2569 832 καὶ
2604 779 2684 840 είς
2716 776 2878 829 τόπον
2910 772 3105 845 ὀχυρὸν
3134 771 3227 825 τοῦ
3257 770 3431 825 σῶσαί
3468 773 3777 844 paspr-

2189 869 2397 933 σπίζων
2422 870 2531 941 γὰρ
2556 870 2584 922 ό
2607 870 2739 932 Θεὸς
2781 868 2875 919 καὶ
2912 864 3267 935 ὑπερμαχῶν,
3296 865 3397 916 οὐκ
3423 864 3490 917 ἂν
3522 864 3653 935 περὶ
3688 882 3779 935 μι-

2190 960 2323 1031 κροῦ
2346 978 2489 1024 τινος
2510 959 2653 1013 τοῦτ’
2676 957 2897 1027 ἐποίησε
2918 973 2931 985 ·
2969 956 3129 1026 μόνος
3149 955 3206 1007 δὲ
3239 957 3266 1007 ό
3292 953 3499 1017 τέλειος
3530 954 3673 1005 είποι
3710 952 3777 1005 ἂν

2187 1053 2263 1123 τῷ
2300 1052 2445 1124 Θεῷ·
2484 1071 2501 1103 ι
2542 1053 2662 1104 Ὅτι
2694 1048 2983 1122 στερέωμά
3039 1065 3141 1118 μου
3191 1048 3285 1100 καὶ
3334 1046 3624 1115 καταφυγή
3672 1060 3776 1115 μου

2190 1145 2253 1197 σὺ
2289 1139 2357 1197 εἴ.
2394 1163 2412 1195 ι
2450 1142 2589 1195 Ἀνο’
2622 1137 2681 1196 οῦ
2707 1144 2735 1195 ό
2773 1141 2871 1213 μὲν
2917 1140 3179 1202 Ἀκύλας·
3234 1156 3253 1190 ‹
3293 1139 3413 1190 Ὅτι
3452 1137 3626 1208 πέτρα
3674 1152 3775 1206 μου

2188 1235 2282 1287 καὶ
2334 1234 2599 1306 ὀχύρωμά
2646 1252 2769 1305 μου,
2814 1252 2832 1285 ›
2866 1222 3212 1305 ἡρμήνευσεν
3239 1249 3251 1261 ·
3278 1234 3306 1285 ό
3348 1232 3404 1284 δὲ
3440 1230 3771 1301 Σύμμαχος·

2194 1328 2346 1379 ι”Οτι
2373 1327 2545 1397 πέτρα
2569 1344 2668 1396 μου
2692 1326 2785 1379 καὶ
2809 1326 3095 1395 καταφυγή
3120 1341 3219 1395 μου
3236 1325 3299 1376 σὺ
3312 1319 3377 1376 εἶ.
3395 1343 3412 1375 ι
3432 1342 3529 1374 -‹
3554 1323 3612 1376 Ὀ
3639 1322 3775 1385 Θεός

2191 1437 2314 1491 μου,
2346 1418 2506 1490 ῥῦσαί
2550 1437 2617 1489 με
2650 1422 2713 1472 ἐκ
2738 1419 2919 1490 χειρὸς
2954 1418 3304 1490 ἁμαρτωλοῦ,
3357 1418 3452 1471 καὶ
3488 1418 3552 1470 ἐκ
3594 1414 3777 1489 χειρὸς

2189 1513 2637 1586 παρανομοῦντος
2666 1514 2759 1568 καὶ
2777 1513 3106 1579 ἀδικοῦντος.
3136 1516 3259 1567 Ὅτι
3290 1516 3354 1568 σὺ
3389 1511 3492 1585 εῐή
3529 1514 3775 1587 ὑπομονή

2194 1622 2317 1675 μου,
2348 1606 2543 1678 Κύριε,
2577 1605 2782 1678 ήέλπίς
2815 1623 2918 1676 μου
2942 1607 3008 1659 ἐκ
3027 1607 3277 1677 νεότητός
3302 1624 3423 1677 μου.
3446 1625 3464 1658 ι
3497 1607 3553 1659 '0
3572 1606 3776 1669 τέλειος

2187 1701 2376 1773 ὥσπερ
2440 1701 2569 1756 ίδιον
2625 1701 2813 1770 κτῆμα
2863 1700 2955 1753 τὸν
3005 1700 3136 1753 Θεὸν
3178 1700 3516 1753 ἐπικαλεῖται
3567 1701 3769 1770 λέγων·

1021 1806 1039 1837 ‹
1078 1786 1185 1839 Ero
1218 1786 1438 1839 illorum
1490 1786 1656 1847 Deus,
1706 1796 1757 1839 et
1783 1786 1888 1855 ipsi
1924 1794 2084 1839 erunt

2193 1812 2210 1843 ι
2260 1794 2319 1846 'O
2357 1793 2490 1857 Θεός
2534 1811 2672 1860 μου·
2718 1812 2736 1844 ι
2785 1793 3115 1864 Ἐπειδήπερ
3167 1792 3467 1861 ἐπαγγελία
3515 1791 3633 1846 ἐστὶ
3675 1792 3773 1846 τοῦ

2185 1883 2319 1936 Θεοῦ
2377 1886 2505 1956 περὶ
2554 1885 2662 1937 τῶν
2710 1884 2874 1950 ἀξίων
2920 1885 3191 1952 λέγουσα·
3246 1904 3263 1935 ι
3317 1885 3552 1955 Ἔσομαι
3594 1883 3775 1937 αὐτῶν

2186 1975 2338 2040 Θεὸς,
2386 1976 2482 2029 κει.)¹
2521 1976 2676 2029 αὐτοὶ
2722 1976 2935 2028 ἔσονταί
2980 1994 3071 2046 μοι
3127 1975 3274 2039 λαός.
3318 1995 3335 2027 ι
3390 1976 3447 2028 Ὀ
3484 1976 3540 2028 δὲ
3576 1975 3773 2044 λέγων,

2190 2086 2211 2119 ι
2255 2069 2376 2120 Ἐπὶ
2412 2068 2514 2132 σοὶ,
2556 2068 2751 2138 Κύριε,
2783 2066 3008 2136 ἤλπισα,
3049 2086 3066 2118 ι
3100 2068 3193 2120 καὶ
3217 2067 3394 2120 πάντα
3427 2066 3655 2138 δεύτερα
3687 2065 3776 2119 θέ-

2188 2176 2368 2229 μενος,
2395 2160 2486 2211 ἐπὶ
2520 2159 2677 2229 μόνον
2707 2160 2763 2213 δὲ
2782 2160 2871 2212 τὸν
2908 2160 3037 2212 Θεὸν
3066 2159 3253 2211 ἐαυτὸν
3277 2158 3593 2231 ἐπιρρίψας,
3628 2157 3775 2210 είκό-

2184 2268 2291 2315 τως
2316 2250 2460 2304 εἴποι
2479 2252 2566 2316 ἂν,
2600 2272 2618 2303 ‹
2669 2253 2726 2305 '0
2755 2253 2886 2315 Θεός
2918 2269 3041 2322 μου.
3082 2271 3099 2303 ι
3145 2251 3434 2321 Ῥυσθῆναι
3466 2250 3523 2303 δὲ
3569 2252 3632 2302 ἐκ
3658 2267 3773 2319 χει-

2187 2344 2279 2415 ρὸς
2348 2344 2677 2415 ἀμαρτωλοῦ
2753 2344 3009 2415 εὔχεται,
3065 2346 3151 2399 ἴνα
3206 2344 3279 2416 μὴ
3329 2348 3450 2407 ταῖς
3507 2342 3771 2413 πράξεσιν

2184 2433 2368 2503 ὅμοιος
2386 2433 2610 2503 γένηται
2632 2431 2707 2503 τῷ
2728 2420 3060 2503 ἁμαρτωλῷ,
3088 2430 3222 2504 μῆδέ
3247 2432 3323 2501 τῷ
3344 2431 3768 2503 παρανομοῦντι·

2185 2524 2265 2576 διὸ
2295 2524 2573 2593 ἐπιλέγει·
2608 2542 2626 2575 ι
2670 2524 2763 2577 Ἐκ
2780 2523 2962 2595 χειρὸς
2997 2524 3348 2595 ἀμαρτωλοῦ,
3384 2525 3479 2576 καὶ
3502 2525 3565 2576 ἐκ
3588 2522 3773 2595 χειρὸς

2188 2617 2631 2689 παρανομοῦντος
2663 2617 2755 2669 καὶ
2784 2614 3096 2680 ἀδικοῦντος
3119 2634 3131 2647 ·
3170 2636 3187 2667 ι
3227 2615 3367 2670 ἀλλὰ
3390 2618 3484 2670 καὶ
3512 2617 3659 2679 ὅπως
3696 2617 3771 2687 μὴ

2186 2709 2496 2781 ὑποχείριος
2542 2709 2769 2779 γένηται
2819 2712 2931 2773 τοῖς
2981 2707 3263 2773 τοιούτοις,
3311 2708 3546 2777 εὐλόγως
3588 2708 3644 2761 δὲ
3681 2705 3772 2761 τὸν

2183 2800 2315 2853 Θεὸν
2377 2801 2571 2855 ἐαυτοῦ
2626 2802 2759 2855 Θεὸν
2813 2802 3068 2872 ὀνομάζοι
3122 2802 3208 2865 ἂν,
3268 2802 3329 2854 οὺ
3380 2802 3540 2872 μόνον
3577 2799 3664 2853 διὰ
3703 2798 3775 2855 τὰ

2186 2890 2492 2964 ἔμπροσθεν
2519 2893 2839 2965 λελεγμένα,
2880 2894 3016 2948 ἀλλὰ
3061 2894 3157 2947 καὶ
3191 2894 3278 2948 διὰ
3304 2894 3402 2958 τὰς
3437 2894 3563 2965 ἑξῆς
3589 2892 3774 2947 ἐπιλε-

2184 2984 2422 3053 γομένας
2473 2987 2670 3050 αἰτίας.
2716 2988 2786 3040 Σὺ
2832 2988 2941 3059 γάρ
2984 3006 3107 3059 μου,
3150 2990 3304 3059 φησι,
3330 2988 3617 3059 τυγχάνεις
3646 2990 3776 3041 ὑπο-

2190 3076 2345 3147 μονὴ,
2375 3080 2469 3131 καὶ
2502 3078 2564 3131 σύ
2603 3098 2704 3150 μου
2740 3080 2896 3143 ἐλπὶς
2915 3083 2979 3134 ἐκ
3010 3082 3280 3151 νεότητος.
3302 3082 3376 3134 Οὐ
3411 3081 3520 3151 γάρ
3554 3081 3772 3133 πώποτε

499 3164 740 3218 διέλιπόν
775 3181 834 3217 σε
876 3163 1184 3234 ὑπομένων,
1220 3162 1340 3216 οὐδὲ
1365 3163 1555 3231 γέγονέ
1589 3180 1673 3226 τις
1703 3163 1915 3234 καιρὸς,
1954 3166 2010 3216 ἐν
2039 3158 2083 3233 ᾧ
2120 3168 2241 3239 οὐχί
2294 3188 2351 3223 σε
2398 3172 2709 3244 προεθέμην
2750 3174 2991 3244 ἐμαυτοῦ
3047 3173 3255 3227 ἐλπίδα.
3287 3166 3387 3225 Ὧν
3441 3173 3600 3243 χάριν
3663 3175 3773 3227 ἱκε-

501 3258 647 3315 τεύω
675 3260 740 3313 ἐκ
770 3259 953 3331 χειρὸς
993 3257 1334 3330 ἁμαρτωλῶν
1365 3259 1458 3310 καὶ
1502 3258 1957 3329 παρανομούντων
1994 3263 2279 3335 ῥυσθῆναι.

575 3379 746 3436 Vsus.
777 3380 833 3445 6,
865 3379 915 3434 7.
951 3397 971 3431 ι
1001 3377 1061 3433 In
1093 3384 1148 3432 te
1173 3378 1532 3432 conﬁrmatus
1560 3393 1681 3431 sum
1707 3394 1774 3433 ex
1808 3389 1985 3443 utero,
2008 3381 2076 3435 de
2104 3390 2151 3452 α

502 3478 697 3526 ventre
727 3472 919 3525 matris
943 3485 1076 3525 tnea'
1102 3479 1157 3523 tu
1186 3484 1246 3523 es
1280 3477 1558 3538 protector
1577 3485 1755 3524 meus.
1798 3488 1817 3522 ι
1857 3468 1933 3525 De
1975 3470 2082 3524 Da-

502 3564 593 3618 vid
628 3579 849 3634 quoque
882 3563 991 3617 dici
1017 3563 1195 3617 valeat
1221 3563 1366 3632 quod
1400 3579 1429 3615 a
1464 3570 1653 3615 tenera
1702 3563 1993 3633 juventute
2023 3564 2081 3618 in

502 3656 615 3711 Deo
646 3657 903 3725 speravit.
943 3652 1077 3708 Nam
1107 3655 1329 3724 juvenis
1368 3669 1493 3708 cum
1538 3664 1704 3720 esset,
1743 3662 1797 3709 et
1831 3665 2083 3725 pasceret

501 3763 633 3803 oves
668 3746 838 3803 Jessae
867 3748 1041 3818 patris
1071 3747 1180 3811 sui,
1216 3747 1321 3801 lide
1351 3762 1415 3800 ac
1450 3762 1546 3815 spe
1578 3748 1632 3802 in
1666 3746 1858 3811 Deum,
1884 3749 1939 3802 in
1971 3750 2085 3804 leo—

501 3855 602 3895 nes
637 3846 692 3894 et
722 3855 881 3895 ursos
912 3840 1177 3901 irruebat,
1223 3846 1283 3891 ut
1326 3846 1573 3893 servaret
1620 3853 1749 3894 oves
1808 3858 1821 3893 :
1879 3840 2082 3894 bonum

504 3940 782 4003 pastorem
818 3932 1089 3994 imitatus,
1134 3930 1200 3984 de
1237 3945 1347 3999 quo
1371 3930 1579 3983 dicitur
1611 3948 1625 3984 :
1664 3951 1681 3982 ‹
1719 3930 2085 3996 Quemadmo-

505 4025 635 4078 dum
668 4039 791 4078 cum
815 4023 1121 4077 extraxerit
1142 4030 1330 4092 pastor
1359 4038 1427 4076 ex
1459 4036 1556 4076 ore
1605 4022 1779 4077 leonis
1810 4022 1920 4077 duo
1951 4038 2083 4077 cru-

503 4130 588 4180 ra,
637 4126 731 4170 aut
783 4115 1106 4185 particulam
1159 4116 1423 4169 auricula:
1451 4114 1519 4169 ⁸⁷.
1568 4132 1584 4164 ι
1620 4112 1729 4168 Sed
1762 4117 1924 4168 etiam
1957 4130 2081 4169 eum

501 4220 641 4274 puer
679 4213 846 4265 esset,
884 4205 1138 4275 spiritum
1175 4206 1473 4275 malignum
1521 4224 1587 4261 ex
1623 4206 1788 4261 Saule
1824 4206 2077 4275 peliebat,

504 4298 672 4367 idque
696 4297 747 4351 vi
784 4297 907 4351 lidei
940 4305 996 4351 et
1026 4299 1141 4367 spei
1162 4298 1229 4350 -in
1266 4297 1457 4352 Deum.
1498 4298 1716 4351 Atenim
1766 4298 1819 4351 id
1863 4312 2083 4366 quoque

496 4392 689 4463 juveni
722 4392 969 4454 cuilibet,
993 4393 1088 4461 qui
1124 4391 1215 4446 Dei
1243 4393 1512 4446 electione
1544 4392 1801 4461 dignatus
1830 4392 1918 4453 sit,
1942 4404 2082 4459 qua-

503 4485 574 4539 lis
606 4492 725 4538 erat
755 4482 1097 4546 Timotheus,
1132 4484 1221 4553 qui
1246 4498 1275 4536 a
1304 4499 1473 4553 puero
1509 4499 1695 4539 sacras
1714 4483 1949 4535 Litteras
1973 4480 2085 4535 edi-

500 4577 736 4639 dicerat,
772 4575 955 4630 dicere
988 4576 1272 4644 competit,
1315 4594 1333 4626 ι
1374 4574 1514 4644 Spes
1545 4591 1663 4629 mea
1715 4590 1744 4627 a
1794 4574 2084 4642 juventute

500 4683 647 4723 mea.
689 4686 711 4719 ο
754 4666 888 4719 ιιιυιι
937 4674 1142 4730 autem,
1180 4684 1199 4717 ι
1248 4666 1304 4719 ln
1344 4675 1395 4720 te
1429 4666 1783 4719 conﬁrmatus
1837 4680 1959 4719 sum
2014 4681 2081 4721 ex

2258 3404 2277 3437 ι
2332 3387 2454 3440 Ἐπὶ
2499 3387 2559 3441 σὲ
2605 3388 3004 3461 ἐπεστηρίχθην
3048 3389 3156 3442 ἀπὸ
3191 3388 3443 3459 γαστρὸς,
3473 3389 3536 3441 ἐκ
3569 3386 3777 3449 κοιλίας

2188 3476 2397 3549 μητρός
2432 3495 2534 3548 μου
2566 3478 2629 3531 σύ
2662 3496 2762 3548 μου
2803 3475 2854 3531 εἴ
2896 3480 3226 3550 σκεπαστής.
3274 3499 3292 3532 ι
3319 3480 3391 3532 Τὸ
3419 3479 3517 3550 μὲν
3556 3480 3620 3531 ἐκ
3647 3478 3777 3541 νέας

2180 3566 2397 3636 ἡλικίας
2428 3568 2521 3621 ἐπὶ
2570 3567 2664 3620 τὸν
2714 3568 2847 3622 Θεὸν
2875 3568 3115 3633 ἐλπίζειν
3154 3569 3350 3637 λέγοιτ’
3397 3569 3464 3623 ἂν
3509 3569 3603 3623 καὶ
3645 3567 3776 3638 περὶ

2179 3659 2275 3713 τοῦ
2304 3660 2485 3713 Δαυῖδ.
2520 3661 2743 3714 Ἐπείπε
2754 3679 2803 3733 ρ,
2841 3662 2960 3725 νέος
2987 3660 3062 3715 ὢν
3090 3663 3185 3715 καὶ
3215 3662 3521 3731 ποιμαίνων
3548 3660 3616 3715 τά
3640 3661 3776 3733 πρό-

2183 3754 2320 3807 ϐατα
2359 3755 2557 3808 Ἰεσσαὶ
2614 3755 2706 3807 τοῦ
2766 3755 2993 3825 πατρὸς,
3031 3753 3208 3807 πίστει
3241 3755 3334 3808 καὶ
3379 3754 3554 3808 ἐλπίδι
3596 3757 3663 3825 τῇ
3692 3755 3774 3819 είς

2181 3844 2273 3898 τὸν
2300 3845 2433 3899 Θεὸν
2467 3848 2559 3899 καὶ
2588 3847 2767 3899 λέουσι
2802 3846 2897 3899 καὶ
2927 3847 3152 3918 ἄρκτοις
3192 3847 3350 3918 ἐπῄει
3380 3850 3480 3918 τῆς
3505 3847 3613 3899 τῶν
3647 3862 3775 3916 προ-

2184 3937 2365 3991 ϐάτων
2413 3939 2686 4009 σωτηρίας
2723 3939 2921 3991 ἕνεκα·
2953 3938 3044 3991 τὸν
3072 3936 3234 3991 καλὸν
3272 3937 3606 4009 μιμούμενος
3645 3954 3768 3991 ποι-

2187 4030 2342 4100 μένα,
2380 4031 2509 4100 περὶ
2542 4022 2602 4081 οῦ
2641 4030 3030 4101 εἴρηται-«Ὃν
3049 4032 3248 4101 τρόπον
3281 4031 3410 4085 ὅταν
3455 4030 3709 4103 ἐκσπάσῃ
3737 4031 3768 4084 ὀ

2184 4121 2388 4191 ποιμὴν
2416 4123 2481 4174 ἐκ
2526 4121 2790 4191 στόματος
2821 4122 2915 4175 τοῦ
2951 4122 3164 4185 λέοντος
3202 4122 3296 4175 δύο
3333 4124 3520 4195 σκέλη,
3550 4124 3583 4195 ἢ
3612 4123 3770 4177 λοϐὸν

2183 4213 2362 4265 ὠτίου.
2396 4232 2414 4264 ι
2454 4212 2613 4265 Ἀλλὰ
2644 4216 2738 4267 καὶ
2765 4215 3048 4285 παιδάριον
3070 4214 3145 4267 ὣν
3178 4216 3377 4286 ἧλαυνε
3393 4218 3452 4269 τὸ
3475 4216 3770 4287 πνεῦματὸ

2186 4305 2422 4376 πονηρὸν
2455 4305 2563 4357 ἀπὸ
2584 4305 2678 4358 τοῦ
2717 4306 2890 4360 Σαοὺλ
2918 4307 3144 4378 δυνάμει
3178 4311 3414 4373 πίστεως
3430 4309 3525 4361 καὶ
3554 4308 3770 4371 ἐλπίδος

2182 4391 2283 4460 τῆς
2302 4393 2383 4455 είς
2418 4392 2509 4445 τὸν
2535 4393 2686 4447 Θεόν.
2721 4395 2970 4449 Ἐπειδὰν
2992 4399 3086 4450 καὶ
3119 4400 3227 4461 πᾶς
3255 4400 3282 4452 ὁ
3306 4399 3369 4451 ἐκ
3398 4399 3525 4462 νέας
3555 4399 3773 4469 ἡλικίας

2183 4486 2282 4553 τῆς
2315 4484 2456 4537 κατὰ
2487 4484 2619 4537 Θεὸν
2653 4485 2884 4557 ἐκλογῆς
2918 4488 3340 4560 κατηξιωμένος,
3364 4484 3476 4553 οἷος
3500 4486 3568 4561 ἦν
3599 4489 3770 4559 Τιμό-

2186 4572 2305 4637 Θεος
2337 4577 2401 4627 ἐκ
2437 4576 2622 4639 παιδὸς
2648 4576 2778 4646 ἅγια
2807 4578 3114 4649 Γρὰμματα
3166 4580 3502 4651 μεμαθηκὼς
3526 4582 3606 4645 τὸ,
3639 4601 3657 4633 ι
3704 4581 3769 4636 Ἥ

2187 4663 2342 4727 ἐλπίς
2374 4683 2475 4735 μου
2500 4667 2563 4717 ἐκ
2591 4666 2840 4737 νεότητός
2868 4685 2989 4739 μου.
3022 4687 3039 4720 ι
3062 4670 3134 4722 Τὸ
3155 4669 3230 4733 δὲ,
3259 4690 3276 4720 ι
3303 4672 3426 4724 Ἐπὶ
3460 4671 3519 4724 σὲ
3546 4673 3773 4741 ἐπεστη-

504 4772 682 4824 utero,
715 4760 782 4814 de
808 4766 999 4813 ventre
1026 4757 1220 4812 matris
1239 4773 1372 4812 mea:
1399 4766 1457 4812 tu
1477 4773 1535 4812 cs
1564 4764 1841 4827 protector
1864 4771 2073 4821 meus,»

2188 4732 2385 4827 ρίχθην
2406 4756 2511 4809 ἀπὸ
2541 4732 2796 4828 γαστρὸς,
2824 4732 2887 4811 ἐκ
2913 4758 3120 4823 κοιλίας
3158 4760 3361 4832 μητρός
3412 4778 3534 4831 μου,
3568 4761 3631 4813 σύ
3666 4732 3772 4832 μου

504 4853 610 4908 soli
634 4850 927 4905 conveniat
960 4848 1233 4903 Salvatori
1264 4856 1473 4909 nostro,
1495 4850 1589 4918 qui
1622 4848 2010 4903 immaculatus
2029 4858 2085 4904 et

502 4944 639 4997 tutul
672 4942 994 5011 inquinatus
1026 4949 1145 4995 erat
1192 4954 1302 5011 quo
1344 4947 1589 5010 tempore
1621 4940 1676 4993 in
1712 4947 1868 4994 utero
1903 4948 2085 5011 gesta-

504 5040 682 5087 batur.
714 5028 848 5083 Nam
883 5029 1078 5099 reliqui
1111 5028 1361 5083 homines
1395 5043 1606 5091 omnes,
1652 5027 1782 5082 dum
1807 5037 1963 5084 utero
1984 5044 2079 5099 ge-

506 5123 747 5178 stinntur
793 5129 847 5175 et
876 5122 1104 5190 primam
1155 5119 1406 5188 corporis
1458 5120 1903 5174 constitutionem
1940 5120 2083 5174 acci-

506 5216 680 5284 piunt,
723 5215 882 5283 quasi
914 5214 1021 5267 ritu
1053 5214 1362 5284 plantarum
1391 5213 1660 5278 viventes,
1692 5229 1869 5283 neque
1902 5216 2081 5269 sensi-

504 5308 603 5362 bus
654 5322 830 5376 ucque
883 5315 1064 5361 mente
1117 5320 1314 5361 sensus
1364 5312 1629 5377 sequente
1674 5313 1933 5373 utuntur;
1980 5305 2075 5360 sed

508 5400 665 5451 etiam
704 5400 824 5469 ipsa
858 5399 1106 5469 principe
1132 5399 1301 5452 animi
1340 5406 1496 5468 parte
1528 5406 1584 5453 et
1631 5406 1813 5453 mente
1838 5398 2076 5452 demersi

502 5490 639 5545 nihil
667 5506 697 5543 a
730 5506 911 5545 verme
953 5490 1231 5544 dill'erunt.
1267 5488 1372 5555 Qui
1404 5500 1585 5544 autem
1620 5488 1729 5543 Deo
1755 5488 1907 5552 dicit,
1957 5505 1975 5538 ι
2019 5486 2077 5541 In

501 5589 557 5632 te
585 5580 940 5634 continuatus
989 5596 1110 5633 sum
1158 5595 1222 5631 cx
1258 5587 1433 5643 utero,
1475 5598 1492 5629 ι
1546 5595 1654 5631 ιιοιι
1702 5578 1862 5630 modo
1895 5594 1952 5631 se
1982 5576 2074 5629 Dei

2184 4836 2236 4893 εῐ
2282 4844 2613 4911 σκεπαςτὴς,
2653 4863 2671 4894 ι
2707 4845 2850 4915 μόνῳ
2877 4845 2943 4900 ἂν
2994 4848 3225 4920 ἁρμόζοι
3248 4848 3326 4920 τῷ
3359 4849 3572 4921 Σωτῆρι
3613 4851 3774 4921 ἡμῶν

2184 4931 2443 5003 ἀθολώτῳ
2493 4933 2588 4985 καὶ
2633 4933 2920 5005 άσυγχύτῳ
2975 4938 3251 5007 γενομένῳ
3304 4937 3423 4989 καθ’
3488 4937 3547 4989 ὃν
3611 4941 3773 4990 ἑκυο-

2188 5028 2405 5096 φορεῖτο
2429 5026 2635 5101 καιρόν.
2667 5027 2729 5078 Ui
2765 5028 2862 5097 μὲν
2890 5027 2999 5099 γὰρ
3042 5028 3217 5081 λοιποὶ
3258 5028 3461 5092 πάντες
3494 5027 3773 5101 ἄνθρωποι

2184 5115 2245 5167 ἐν
2279 5115 2357 5185 τῷ
2389 5117 2728 5182 κυΐσκεσθαι,
2780 5118 2875 5170 καὶ
2922 5118 3144 5190 πρώτην
3173 5120 3469 5191 λαμϐάνειν
3509 5120 3771 5173 σύστασιν

2185 5208 2279 5261 τοῦ
2314 5208 2582 5279 σώματος,
2618 5211 2849 5281 φυτικὴν
2868 5210 3059 5283 ὥσπερ
3080 5212 3225 5281 ζωὴν
3255 5212 3477 5277 ζῶντες,
3508 5212 3629 5265 οῦτε
3660 5214 3775 5275 τοῖς

2182 5298 2274 5352 τοῦ
2299 5299 2547 5371 σώματος
2559 5300 2953 5372 αἰσθητηρίοις,
2978 5301 3101 5356 οὔτε
3114 5305 3179 5373 τῇ
3195 5303 3401 5373 διανοίᾳ
3426 5302 3771 5373 παρακολου-

2185 5391 2351 5463 θούσῃ
2403 5392 2732 5463 κέχρηνται·
2772 5394 2906 5447 ἀλλὰ
2942 5396 3036 5448 καὶ
3066 5395 3126 5448 τὸ
3155 5394 3481 5465 ἡγεμονικὸν
3504 5393 3636 5447 αὐτὸ
3672 5393 3771 5447 καὶ

2183 5483 2274 5537 τὸν
2304 5484 2426 5537 νοῦν
2460 5483 2879 5556 βεϐαπτισμένοι
2906 5526 2919 5550 ,
2947 5487 3099 5539 οὐδὲν
3131 5486 3412 5556 σκώληκος
3443 5485 3685 5552 διενέγκῃ
3699 5502 3770 5537 ,εν

2185 5577 2269 5630 ἄν.
2319 5578 2376 5629 Ὀ
2412 5577 2465 5630 δὲ
2510 5577 2682 5645 λέγων
2709 5578 2787 5649 τῷ
2840 5579 2980 5649 Θεῷ,
3022 5599 3038 5647 ς
3092 5580 3213 5632 Ἐπὶ
3262 5581 3318 5634 σὲ
3368 5575 3767 5650 ἐπεστηρίχῐην

568 5735 617 5767 ⁸⁴
653 5733 798 5793 Psal.
840 5750 966 5799 xu,
1002 5733 1053 5788 3.
1131 5733 1176 5765 "
1209 5734 1405 5789 lizech.
1449 5750 1654 5799 xxxvii,
1683 5733 1771 5786 εδ.
1852 5732 1896 5763 ⁸⁷
1926 5730 2091 5785 Amos
2119 5745 2196 5796 ιιι,
2224 5731 2309 5784 12.
