4128 6392
446 397 547 452 7ἲῖ

1570 388 2071 444 COMMENTARIA
2114 387 2179 442 ΙΝ
2217 388 2557 443 PSALMOS.

433 516 543 571 ἀπὸ
568 511 824 583 γαστρὸς,
862 529 879 561 ι
914 510 976 563 ού
1011 510 1170 581 μόνον
1198 508 1397 579 γνῶσιν
1438 509 1693 578 ἐμφαίνει
1715 507 2010 579 κεκτῆσθαι

2116 494 2429 577 cognitione
2452 507 2719 562 imbutum
2753 504 2924 560 fuisse
2968 503 3229 568 ostendit,
3253 504 3347 560 sed
3371 503 3539 558 etiam
3572 516 3678 553 ma-

433 604 591 669 Θεοῦ,
619 603 753 657 ἀλλὰ
785 603 878 656 καὶ
906 602 1165 672 μεγίστην
1193 599 1391 672 ἀρετὴν
1430 599 1676 669 φιλοθέου
1709 599 2009 670 δυνάμεως,

432 699 498 753 δι’
529 694 599 770 ἧς
614 697 700 749 ἐπ’
736 696 897 749 αὐτὸν
936 694 1028 747 τὸν
1061 694 1194 747 Θεὸν
1249 694 1585 766 ἐστηρίζετο.
1628 694 1737 747 Καὶ
1774 691 2013 755 τοιοῦτος

431 786 501 862 ἦν
550 790 906 858 κυῖσκόμενος
943 786 1035 839 καὶ
1079 788 1137 838 ἐν
1167 786 1367 857 γαστρὶ
1398 789 1495 856 τῆς
1519 784 1725 856 μητρὸς
1772 782 2010 853 συλλαμ-

434 878 749 940 ϐανόμενος.
774 876 846 929 Τὸ
870 875 949 937 δὲ,
987 892 1006 925 ι
1055 875 1149 928 Ἐκ
1188 874 1394 938 κοιλίας
1422 874 1626 945 μητρός
1661 891 1760 944 μου
1788 869 1840 925 εἷ
1888 889 2013 925 σκε-

436 976 667 1039 παστης,
692 988 709 1019 ι
749 967 970 1020 δύναται
999 968 1091 1020 καὶ
1112 968 1204 1019 ἐπί
1233 967 1449 1020 πάντων
1485 965 1760 1037 ἁρμόζειν.
1800 965 1863 1019 El
1904 965 2011 1037 γὰρ

438 1062 515 1131 μὴ
566 1061 698 1114 Θεοῦ
753 1051 981 1130 δύναμις
1024 1058 1280 1131 ἐφρούρει
1329 1058 1423 1111 xui.
1474 1056 1738 1126 ἐφύλαττε
1770 1056 1831 1110 τὸ
1872 1056 2013 1109 κατὰ

435 1153 671 1225 γαπρὸς
709 1142 1084 1223 κυῖσκόμενον,
1126 1152 1235 1205 οὐδ’
1265 1150 1331 1203 ἂν
1380 1149 1629 1221 συνέστη,
1665 1148 1770 1201 οὐδ’
1791 1149 1855 1202 ἂν
1886 1166 2012 1220 μετ-

434 1244 562 1315 έσχε
600 1243 768 1314 ζωῆς,
812 1245 949 1315 μήτε
979 1246 1129 1296 πνεῖν
1154 1242 1473 1312 δυνάμενον,
1496 1242 1633 1312 μήτε
1665 1243 1777 1305 τοῖς
1807 1241 2012 1305 λοιποῖς

437 1334 736 1406 κεχρῆσθαι
762 1332 1157 1405 αἰσθητηρίοις.
1210 1333 1377 1385 Πάλιν
1412 1332 1469 1384 δὲ
1503 1331 1594 1384 καὶ
1630 1332 1687 1383 ἐν
1714 1330 1889 1400 τούτῳ
1922 1329 2011 1382 λέ-

435 1441 567 1493 γων,
602 1442 619 1475 ι
651 1423 721 1475 Σύ
770 1440 871 1493 μου
912 1418 962 1474 εἷ
1004 1422 1335 1492 σκεπαστὴς,
1376 1442 1393 1473 ι
1428 1422 1706 1490 ἐνέφαινεν
1738 1420 2012 1491 ἐξαίρετόν

435 1532 487 1567 τι
516 1514 805 1585 ἐσχηκέναι
832 1514 979 1585 παρὰ
994 1514 1118 1577 τοὺς
1139 1513 1360 1576 λοιποὺς
1384 1513 1509 1576 τοὺς
1534 1515 1589 1565 ἐν
1610 1512 1785 1583 κοιλίᾳ
1808 1511 2013 1584 μητρὸς

438 1606 855 1678 συλληφθέντας.
915 1605 1065 1676 Τάχα
1109 1604 1216 1676 γὰρ
1260 1607 1351 1658 ἐπὶ
1391 1606 1488 1676 μὲν
1532 1606 1630 1677 τῆς
1671 1605 1778 1658 τῶν
1809 1603 2012 1658 λοιπῶν

437 1697 739 1770 ἀνθρώπων
772 1697 1036 1765 γενέσεως
1066 1697 1212 1751 ἄλλοι
1238 1699 1380 1761 τινὲς
1410 1699 1772 1769 ἐφεστήκασιν
1794 1697 2011 1766 ἄγγελοι

434 1789 839 1859 διακονούμενοι
883 1792 947 1860 τῇ
977 1789 1207 1843 ἑκάστου
1253 1791 1332 1853 εἰς
1358 1789 1450 1842 τὸν
1483 1789 1596 1859 βίον
1631 1788 1881 1859 παρόδῳ·
1920 1790 2011 1840 ἐπὶ

2110 612 2272 667 gnam
2305 614 2364 653 se
2392 596 2668 661 virtutem,
2703 598 2925 666 vimque
2956 596 3160 650 amoris
3189 609 3320 665 erga
3358 595 3547 655 Deum,
3573 606 3683 661 qua

2109 686 2165 739 in
2201 687 2323 756 ipso
2362 686 2811 751 conﬁrmabatur,
2851 686 3111 741 habuisse
3141 685 3499 740 demonstrat.
3530 679 3684 736 Talis

2110 786 2291 833 autem
2320 780 2380 833 iu
2419 789 2575 834 utero
2603 788 2658 833 et
2708 778 2764 832 in
2806 786 2994 833 ventre
3042 776 3237 831 matris
3263 775 3563 831 conclusus
3592 775 3684 827 ille

2109 881 2249 927 erat.
2282 871 2421 927 Illud
2451 886 2603 935 vero,
2641 891 2661 924 ‹
2698 870 2775 926 De
2794 879 2985 925 ventre
3010 871 3202 923 matris
3227 882 3358 923 mea:
3385 876 3445 922 tu
3470 882 3529 922 es
3553 881 3685 937 pro-

2109 973 2304 1029 tector,
2339 984 2357 1016 ι
2412 965 2668 1019 omnibus
2703 965 2999 1019 convenire
3026 963 3219 1034 possit.
3248 960 3365 1016 Nisi
3405 962 3550 1015 enim
3584 952 3679 1013 Dei

2108 1055 2285 1111 virtus
2315 1054 2619 1110 custodiret
2663 1071 2727 1109 ac
2781 1060 3027 1110 servaret
3078 1052 3249 1108 fetum
3300 1053 3466 1116 uteri,
3501 1066 3681 1120 neque

2110 1146 2466 1213 formaretur,
2519 1164 2698 1219 neque
2742 1149 2868 1202 vitae
2917 1147 3193 1217 particeps
3220 1154 3388 1211 esset,
3425 1161 3549 1200 cum
3581 1159 3683 1199 nec

2110 1241 2404 1310 respirare,
2433 1256 2535 1296 nec
2576 1242 2801 1312 reliquis
2846 1241 3099 1296 sensibus
3151 1241 3232 1293 uti
3278 1240 3502 1294 valeret.
3540 1238 3683 1292 Rur-

2111 1345 2341 1401 sumque
2361 1347 2484 1385 cum
2518 1331 2673 1396 dicit,
2698 1351 2715 1382 ι
2742 1331 2822 1386 Tu
2841 1348 2902 1386 es
2928 1338 3208 1402 protector
3238 1346 3414 1392 meus,
3442 1349 3460 1381 ι
3491 1345 3550 1385 se
3583 1330 3683 1382 ali-

2111 1422 2241 1492 quid
2265 1424 2618 1493 przestantius
2646 1424 2874 1493 reliquis
2909 1423 3224 1477 hominibus
3258 1422 3315 1475 in
3344 1429 3537 1476 ventre
3566 1436 3684 1473 ma-

2111 1515 2212 1570 tris
2273 1517 2554 1585 conceptis
2621 1514 2880 1569 habuisse
2937 1522 3354 1570 commonstrat.
3423 1512 3683 1567 Fortasse

2111 1606 2310 1675 quippe
2343 1605 2398 1659 in
2442 1606 2779 1677 reliquorum
2808 1606 3094 1661 hominum
3119 1606 3467 1677 generatione
3499 1604 3675 1675 angeli

2112 1694 2334 1764 quidam
2359 1694 2563 1750 adsunt
2599 1696 2943 1767 singulorum
2982 1695 3050 1750 ad
3080 1697 3249 1750 vitam
3280 1694 3549 1766 ingressui
3577 1695 3682 1747 mi-

2114 1786 2447 1853 nistrantes;
2480 1790 2536 1841 in
2564 1788 2914 1857 generatione
2940 1802 3067 1841 vero
3102 1786 3411 1841 Servatoris
3441 1786 3559 1856 ipse
3580 1782 3685 1838 Pa-

434 1880 492 1932 δέ
522 1880 623 1951 τῆς
652 1879 915 1948 γενέσεως
966 1879 1060 1933 τοῦ
1117 1880 1368 1952 Σωτῆρος
1391 1921 1405 1943 ,
1439 1880 1598 1945 αὐτὸς
1631 1875 1700 1951 ἦν
1746 1882 1775 1933 ὁ
1821 1880 2005 1952 Πατὴρ

2109 1886 2191 1932 ter
2222 1885 2501 1948 protector
2528 1878 2648 1948 ejus
2675 1885 2827 1945 erat;
2859 1892 3032 1948 quare
3065 1877 3121 1931 in
3164 1880 3285 1947 ipso
3316 1876 3683 1931 conﬁrmaba-

438 1972 750 2044 σκεπαστὴς
776 1971 939 2026 αὑτοῦ
963 1972 1277 2044 γιγνόμενος
1296 1990 1310 2003 ο
1347 1973 1426 2026 διὸ
1447 1974 1540 2026 καὶ
1570 1974 1661 2026 ἐπὶ
1701 1974 1860 2027 αὑτὸν
1911 1975 2010 2026 ἐπ-

436 2066 775 2140 εστηρίζετο.
812 2066 998 2131 Οὕτως
1044 2056 1335 2130 διαπαντὸς
1385 2087 1403 2119 ε
1455 2068 1689 2139 ὓμνησιν
1740 2088 1759 2119 ι
1814 2068 2007 2121 ἑαυτοῦ

435 2157 550 2232 εἶχε
578 2162 669 2214 τὸν
704 2161 938 2232 Πατέρα.
970 2160 1060 2212 Διὸ
1090 2160 1328 2229 ἐπιλέγει
1348 2180 1362 2192 ·
1402 2179 1422 2211 ι
1474 2162 1562 2214 Ἐν
1585 2163 1668 2213 σο).
1698 2164 1730 2232 ή
1779 2159 2011 2232 ὕμνησίς

442 2270 543 2324 μου
570 2253 877 2316 διαπαντός.
912 2271 929 2303 ι
957 2253 1030 2305 Οὐ
1059 2252 1167 2324 γὰρ
1208 2253 1416 2307 διέλιπέ
1458 2270 1579 2306 τινα
1610 2253 1798 2323 καιρὸν
1827 2253 2009 2323 ὑμνῶν

436 2342 529 2397 τὸν
581 2343 817 2414 Πατέρα,
875 2342 909 2413 ἢ
965 2343 1058 2395 καὶ
1104 2342 1439 2414 ὑμνούμενος
1495 2345 1585 2397 ὑπ’
1615 2344 1780 2397 αὑτοῦ
1824 2346 1914 2398 ἐπὶ
1941 2348 2007 2417 τῇ

436 2435 670 2508 τοσαύτῃ
693 2436 925 2506 ὑπακοῇ.
974 2435 1135 2500 Ἀλλ’,
1177 2437 1243 2489 Ἠ
1275 2436 1372 2506 μὲν
1396 2434 1525 2506 ἐμὴ,
1562 2436 1746 2505 φησὶν,
1782 2436 2007 2500 αίνεσις,

438 2526 471 2598 ἢ
500 2528 593 2580 καὶ
625 2527 855 2599 ὕμνησις
883 2531 939 2581 ἐν
974 2529 1055 2581 σο)⁵
1075 2527 1264 2596 γέγονε
1293 2527 1604 2590 διαπαντός.
1636 2527 1699 2580 Οἱ
1728 2526 1784 2579 δὲ
1827 2526 2011 2580 πολλοὶ

436 2616 545 2669 τῶν
590 2617 911 2690 ἀνθρώπων,
964 2617 1129 2689 μηδὲν
1162 2618 1365 2671 τούτων
1405 2617 1776 2688 ἐπιστάμενοι,
1824 2617 2011 2689 ὥσπερ

438 2709 599 2777 τέρας
627 2710 921 2780 ἐκτήσαντό
961 2728 1049 2780 με.
1079 2710 1373 2781 Τεράστιον
1395 2709 1525 2778 γοῦν
1558 2727 1611 2762 τι
1646 2712 1879 2781 πρᾶγμα
1901 2714 2011 2774 τοῖς

440 2799 652 2863 πολλοῖς
706 2801 988 2871 ἐγενόμην,
1041 2800 1115 2863 ὡς
1144 2801 1373 2871 διάφορα
1418 2801 1547 2872 περὶ
1594 2801 1728 2871 ἐμοῦ
1769 2801 2011 2869 δοξάζειν

439 2888 670 2952 αὐτούς·
714 2890 806 2942 καί
840 2907 989 2952 τινας
1033 2890 1130 2960 μὲν
1153 2890 1284 2943 Θεὸν
1314 2886 1454 2944 εἶναι
1482 2892 1721 2960 ἄσαρκον
1755 2893 1845 2945 καὶ
1868 2892 2011 2945 ἀσώ-

443 2999 629 3052 ματον,
673 2981 889 3053 δοκήσει
944 2983 1102 3052 μόνον
1153 2982 1383 3051 ὀφθέντα
1433 2985 1525 3036 ἐπὶ
1567 2984 1691 3054 γῆς,
1736 2984 2008 3054 ἡγεῖσθαι,

437 3071 591 3135 τινὰς
618 3072 673 3126 δὲ
699 3073 852 3142 ψιλὸν
883 3072 1185 3145 ἄνθρωπον,
1225 3074 1300 3138 ὡς
1333 3074 1497 3145 μηδὲν
1528 3076 1685 3128 πλέον
1712 3076 1860 3148 παρὰ
1885 3077 2009 3141 τοὺς

439 3162 658 3227 λοιποὺς
681 3164 950 3236 ἐσχηκότα
973 3181 985 3194 ·
1014 3166 1108 3219 καὶ
1141 3166 1332 3231 ἄλλους
1358 3166 1457 3236 μὲν
1488 3169 1646 3238 ἀραῖς
1680 3170 1773 3221 καὶ
1806 3169 2009 3241 δυσφη-
2036 3220 2078 3275 C

442 3256 592 3326 μίαις
627 3257 969 3323 ὑποϐάλλειν,
989 3258 1208 3331 ἐτέρους
1239 3259 1295 3311 δέ
1327 3260 1503 3313 σέϐειν
1544 3263 1637 3314 καὶ
1664 3266 2007 3334 προσκυνεῖν.

440 3348 616 3422 Τέρας
640 3349 696 3402 δὲ
722 3352 836 3412 τοῖς
863 3350 1027 3402 πᾶσιν
1058 3349 1272 3421 ἀληθῶς
1297 3351 1517 3418 γέγονεν
1553 3351 1580 3403 ὁ
1607 3352 1738 3423 ἐμὸς
1763 3354 2011 3417 θάνατος.

441 3440 515 3494 Τὸ
548 3440 655 3513 γὰρ
685 3442 913 3513 σταυρὸν
962 3441 1248 3512 ὑπομεῖναι
1293 3441 1423 3494 Θεὸν
1460 3442 1607 3507 ὅντα,
1653 3445 1746 3497 καὶ
1788 3444 2012 3498 τοιαῦτα

441 3532 631 3586 παθεῖν
672 3531 761 3585 τὸν
811 3533 1016 3605 ἐτέροις
1065 3532 1208 3605 ζωὴν
1264 3535 1676 3605 κεχαρισμένον,
1728 3537 1891 3608 τέρας
1943 3532 2013 3607 ἦν

440 3623 673 3694 ἀληθῶς.
726 3622 815 3675 Διό
859 3638 1054 3694 φησιν⁸
1104 3640 1123 3674 ι
1180 3624 1323 3675 Ὠσεὶ
1377 3624 1540 3695 τέρας
1588 3624 1849 3696 ἐγενήθην
1902 3629 2012 3689 τοῖς

441 3714 671 3776 πολλοῖς.
712 3733 730 3766 ι
773 3713 909 3766 Ἀλλ’
933 3715 991 3767 ἐν
1024 3716 1155 3767 πᾶσι
1188 3716 1395 3778 τούτοις
1421 3716 1507 3778 σὺ,
1535 3718 1687 3786 φησὶ,
1725 3735 1743 3767 ι
1771 3715 1962 3788 βοηθός
1987 3737 2005 3768 ι

444 3823 543 3876 μου
577 3806 808 3874 γέγονας
842 3824 861 3856 ‹
898 3807 1157 3878 κραταιός
1179 3823 1192 3837 ⁸
1237 3826 1255 3858 ι
1294 3807 1413 3860 οὐδὲ
1443 3806 1552 3878 γὰρ
1585 3807 1741 3862 ἄλλον
1782 3809 2013 3881 ἐκτησά-

442 3915 550 3968 μην
582 3896 794 3968 βοηθόν.
822 3898 1005 3950 Πάντα
1032 3898 1140 3969 γὰρ
1166 3894 1235 3968 ἦν
1264 3898 1491 3970 δεύτερα
1516 3900 1610 3952 καὶ
1637 3900 2012 3971 ὑποϐεϐηκότα

438 3990 538 4060 τὴν
568 3989 704 4061 ἐμὴν
752 3988 976 4060 δύναμιν
1000 4004 1014 4019 ο
1044 3992 1108 4043 σὺ
1154 3990 1211 4043 δέ
1248 3990 1425 4061 μόνος,
1458 3990 1517 4045 ὃν
1552 3991 1743 4046 ἐλπίδα
1776 3993 2011 4063 ἐμαυτὸν

439 4081 864 4153 ὑπεγραψάμην,
910 4100 928 4133 ι
961 4082 1151 4153 βοηθός
1186 4102 1204 4134 ι
1234 4100 1334 4153 μου
1368 4083 1596 4152 γέγονας
1628 4103 1645 4135 ι
1671 4084 1948 4155 κραταιός.
1986 4104 2004 4136 ι

441 4173 549 4226 Καὶ
602 4172 743 4226 κατὰ
786 4174 876 4227 τὸν
905 4174 1197 4245 Σύμμαχον
1235 4174 1293 4227 δὲ
1331 4175 1532 4246 ὁμοίως
1576 4176 1818 4247 εἴρηται·
1851 4197 1869 4230 ε
1920 4180 2009 4232 Σοὶ

440 4263 842 4336 ἐπεστηρίχθην
882 4263 991 4318 ἀπὸ
1032 4266 1286 4337 γαστρὸς,
1325 4268 1432 4320 ἀπὸ
1460 4267 1569 4320 τῶν
1608 4270 1891 4324 ἐνδοσθίων
1912 4274 2009 4344 τῆς

442 4355 648 4426 μητρός
693 4373 795 4426 μου
847 4357 911 4409 σὺ
958 4356 1165 4421 ἐπεῖδές
1211 4374 1299 4428 με.
1329 4358 1425 4422 Et;
1460 4359 1519 4412 σέ
1558 4362 1590 4431 ἡ
1627 4360 1864 4434 ἀναμονή
1904 4381 2006 4433 μου

439 4446 748 4519 ἐνδελεχῶς,
778 4448 909 4502 ὡσεὶ
940 4448 1103 4519 τέρας
1146 4450 1411 4521 ἐγενόμην
1436 4454 1549 4515 τοῖς
1572 4453 1784 4517 πολλοῖς
1802 4471 1815 4483 ο
1857 4457 1920 4509 σὺ
1951 4455 2006 4507 δὲ

440 4540 761 4611 πεποίθησίς
800 4559 902 4613 μου
935 4542 1151 4614 ἰσχυρά.
1186 4562 1206 4595 ι

514 4673 533 4706 ι
562 4654 908 4727 Πληρωθήτω
922 4655 983 4709 τὸ
1006 4656 1176 4727 στόμα
1190 4675 1289 4728 μου
1305 4658 1583 4723 αἰνέσεως,
1609 4660 1755 4722 ὅπως
1781 4660 2009 4731 ὑμνήσω

438 4747 536 4820 τῆν
557 4746 712 4814 δόξαν
746 4764 861 4809 σου,
887 4747 1015 4818 ὃλην
1046 4748 1143 4820 τὴν
1166 4749 1376 4821 ἡμέραν
1415 4749 1513 4821 τὴν
1539 4752 2008 4823 μεγαλοπρέπειαν

442 4856 556 4892 σου.
590 4858 610 4890 ι
644 4839 781 4910 Ἤδη
818 4841 915 4910 μὲν
948 4839 1085 4893 κατὰ
1127 4840 1217 4893 τὸν
1253 4839 1589 4912 παρελθόντα
1622 4843 1809 4914 χρόνον
1833 4842 2007 4913 ὕμνη-

441 4927 523 4990 σίς
551 4944 673 4998 μου,
699 4930 882 4999 φησὶν,
930 4930 987 4981 ἐν
1032 4928 1116 4981 σοὶ
1142 4929 1330 4997 γέγονε
1356 4929 1643 4994 διαπαντός
1663 4947 1675 4959 ·
1715 4931 1851 5003 πλὴν
1873 4931 2008 4985 ἀλλὰ

437 5017 682 5089 καὶπερὶ
713 5016 807 5069 τοῦ
835 5016 1115 5088 μέλλοντος
1132 5016 1342 5088 δέομαι,
1371 5016 1446 5081 ὡς
1474 5017 1539 5071 ἂν
1565 5018 1755 5090 μέχρις
1773 5018 2007 5088 ἐσχάτης

436 5108 585 5180 ὥρας
615 5107 710 5161 τοῦ
744 5107 858 5179 βίου
887 5108 948 5161 τὸ
983 5108 1155 5178 στόμα
1184 5125 1284 5178 μου
1315 5109 1417 5178 τῆς
1451 5108 1549 5179 σῆς
1584 5111 1841 5172 αἰνέσεως
1873 5110 2008 5181 πλη-

436 5199 597 5270 ρῷτο,
628 5199 722 5253 καὶ
747 5198 918 5260 οὕτως
935 5215 999 5267 γε
1028 5197 1300 5270 πληρῷτο,
1330 5199 1405 5263 ὡς
1437 5199 1638 5270 μηδένα
1673 5199 1855 5271 χώραν
1882 5217 2005 5271 σχο-

436 5288 703 5354 λάζουσαν
750 5289 890 5359 ἔχειν
950 5288 1079 5361 πρὸς
1110 5289 1171 5341 τὸ
1202 5289 1329 5344 ἄλλο
1377 5306 1428 5342 τι
1466 5290 1813 5358 φθέγγεσθαι,
1871 5290 2005 5362 μηδέ

433 5380 741 5453 ἀνθρώποις
790 5380 1029 5451 ὁμιλεῖνο
1077 5381 1171 5433 καὶ
1214 5380 1371 5434 τοῦτό
1429 5398 1517 5451 μοι
1576 5381 1813 5451 ὑπάρξαι
1868 5382 2005 5445 ἀξιῶ

435 5472 576 5526 κατὰ
606 5475 785 5527 πᾶσαν
812 5473 1045 5545 ἡμέραν,
1074 5473 1164 5527 καὶ
1188 5474 1247 5527 ἐν
1272 5473 1349 5544 τῷ
1378 5474 1536 5527 παντὶ
1562 5474 1735 5544 χρόνῳ
1756 5476 1853 5545 τῆς
1866 5475 2004 5545 ἐμῆς

438 5565 582 5635 ζωῆς
609 5566 682 5637 μὴ
712 5565 1152 5637 ἀποστερηθῆναι
1170 5565 1263 5619 καὶ
1279 5566 1647 5637 ἀπορριφῆναι
1680 5566 1880 5636 ταύτης
1904 5566 2005 5635 τῆς

434 5658 673 5729 χάριτος,
698 5656 799 5710 κᾶν
827 5657 923 5710 ἐπὶ
948 5659 1149 5728 γήραος
1179 5656 1317 5727 οὐδῷ
1344 5658 1450 5710 δέοι
1471 5657 1689 5726 φθάσαι,
1724 5658 1857 5729 μηδὲ
1906 5659 2003 5728 μέ-

434 5766 557 5819 χρις
566 5750 797 5820 ἐσχάτης
808 5749 1063 5819 τελευτῆς
1074 5750 1200 5803 ἄλλο
1212 5750 1262 5801 τί
1277 5766 1343 5819 με
1358 5750 1558 5821 πρᾶττε
1568 5768 1612 5801 ιν
1625 5750 1656 5820 ἢ
1675 5749 1775 5819 πλη
1786 5750 1876 5820 ροῦ
1885 5750 2005 5803 σθαι

434 5841 493 5894 τὸ
519 5841 691 5906 στόμα
720 5858 820 5909 μου
846 5842 942 5912 τῆς
977 5841 1076 5911 σῆς
1109 5842 1363 5904 αἰνέσεως
1387 5843 1477 5895 καὶ
1516 5841 1612 5911 τῆς
1648 5842 1743 5910 σῆς
1777 5842 2003 5911 μεγαλο-

680 5937 945 5997 Ριτιιοι..
979 5935 1096 5997 Gn.
1137 5937 1369 5999 XXIII.

2114 1978 2224 2022 tur.
2262 1967 2353 2023 Sic
2395 1985 2610 2040 semper
2665 1990 2684 2022 ι
2735 1970 3103 2024 cantationem
3138 1988 3156 2019 ι
3195 1970 3387 2023 habuit
3416 1969 3473 2022 in
3502 1965 3685 2022 Patris

2113 2059 2349 2115 laudem.
2385 2060 2566 2126 Quare
2595 2061 2783 2117 subdit
2818 2080 2831 2116 :
2876 2080 2894 2112 ‹
2933 2060 2991 2114 1η
3022 2067 3075 2116 te
3103 2060 3346 2115 cantatio
3375 2075 3495 2114 mea
3540 2075 3685 2114 sem-

2112 2166 2227 2220 per.
2272 2170 2291 2202 ι
2328 2150 2548 2206 Nullum
2597 2157 2741 2207 enim
2774 2153 3124 2224 praetermisit
3164 2160 3403 2223 tempus,
3437 2152 3569 2221 quin
3602 2153 3684 2207 vel

2111 2242 2329 2299 Patrem
2359 2244 2578 2317 hymnis
2630 2246 2955 2311 celebraret,
3000 2247 3083 2300 vel
3138 2246 3207 2299 ab
3237 2246 3359 2315 ipso
3403 2260 3503 2315 pro
3531 2252 3683 2298 tanta

2111 2338 2472 2408 obsequentia
2520 2339 2909 2394 celebraretur.
2965 2337 3167 2393 Verum
3224 2339 3321 2403 ait,
3370 2336 3515 2392 Laus
3569 2338 3684 2392 sive

2112 2429 2353 2484 cantatio
2375 2444 2497 2485 mea
2519 2429 2574 2484 in
2593 2441 2644 2486 te
2662 2429 2765 2484 fuit
2790 2446 3023 2501 semper.
3052 2428 3343 2484 Hominum
3370 2445 3501 2483 vero
3527 2427 3683 2481 multi

2112 2520 2307 2574 horum
2339 2522 2535 2592 ignari,
2575 2531 2834 2593 tanquam
2875 2524 3183 2593 prodigium
3228 2537 3315 2577 me
3349 2522 3681 2576 habuerunt.

2112 2608 2492 2681 Prodigiosum
2533 2629 2663 2683 ergo
2694 2612 2974 2683 quidpiam
3024 2612 3213 2669 multis
3254 2612 3481 2668 effectus
3536 2628 3683 2676 sum,

2113 2702 2185 2756 ita
2215 2711 2274 2755 ut
2316 2703 2370 2757 in
2424 2706 2606 2760 varias
2642 2706 2710 2760 de
2762 2722 2847 2761 me
2886 2706 3188 2762 sententias
3225 2705 3474 2770 abirent;
3506 2713 3559 2760 et
3592 2705 3683 2758 alii

2113 2792 2330 2865 quidem
2362 2792 2531 2847 Deum
2561 2810 2727 2850 carne
2771 2811 3000 2849 vacuum
3030 2804 3087 2850 et
3117 2798 3523 2864 incorporeum,
3568 2796 3683 2849 sola

2111 2883 2294 2951 specie
2317 2883 2492 2938 visum
2523 2884 2579 2938 in
2612 2892 2757 2940 terra
2798 2894 3093 2956 putarent;
3128 2889 3220 2942 alii
3255 2887 3464 2940 nudum
3504 2886 3684 2940 homi—

2112 2987 2255 3038 nem,
2291 2971 2427 3027 nihil
2464 2973 2587 3043 plus
2634 2989 2799 3043 quam
2831 2974 2922 3028 alii
2954 2974 3276 3041 habentem;
3310 2974 3401 3027 alii
3428 2988 3684 3028 exsecra-

2111 3061 2358 3119 tionibus
2382 3071 2437 3120 et
2469 3065 2737 3121 conviciis
2768 3081 2854 3121 me
2882 3065 3248 3135 subjicerent;
3299 3066 3388 3119 alii
3441 3065 3684 3118 colerent

2110 3163 2165 3209 et
2198 3155 2511 3211 adorarent.
2544 3154 2690 3212 Mors
2739 3173 2870 3213 vero
2905 3172 3026 3212 mea
3073 3157 3327 3212 omnibus
3374 3155 3681 3226 prodigium

2114 3247 2273 3316 plane
2300 3246 2421 3301 fuit.
2462 3246 2599 3301 Nam
2629 3264 2752 3303 eum
2785 3250 2877 3321 qui
2907 3248 3049 3305 Deus
3088 3258 3235 3305 esset
3271 3265 3491 3304 crucem
3525 3249 3686 3303 susti-

2114 3354 2263 3405 nere,
2295 3348 2349 3395 et
2372 3340 2500 3394 talia
2531 3342 2644 3410 pati
2671 3356 2797 3395 eum
2840 3341 2935 3411 qui
2991 3342 3114 3396 aliis
3161 3342 3327 3395 vitam
3359 3341 3682 3410 impertiret,

2116 3444 2238 3485 vere
2264 3431 2572 3502 prodlgium
2605 3440 2743 3486 erat.
2778 3429 3145 3496 Quamobrem
3177 3433 3293 3487 ait:
3335 3450 3353 3482 ί
3396 3430 3680 3501 Tanquam

2112 3522 2421 3593 prodigium
2448 3521 2628 3578 factus
2659 3539 2780 3579 sum
2801 3525 3009 3579 multis.
3042 3543 3061 3576 ι
3098 3524 3205 3580 Sed
3236 3526 3292 3580 in
3317 3525 3403 3579 his
3426 3526 3682 3580 omnibus

2111 3620 2171 3664 tu
2204 3612 2359 3677 mihi,
2393 3614 2593 3685 inquit,
2631 3632 2650 3665 ι
2687 3614 2907 3684 adjutor
2942 3614 3122 3678 fortis,
3196 3633 3214 3666 ι
3284 3615 3457 3669 fuisti.
3498 3615 3683 3686 Neque

2110 3702 2255 3756 enim
2305 3703 2437 3757 mihi
2488 3704 2629 3759 alius
2668 3703 2888 3774 adjutor
2940 3706 3173 3760 exstitit.
3230 3703 3426 3759 Omnia
3480 3706 3681 3776 quippe

2109 3794 2300 3848 virtuti
2323 3810 2457 3850 meae
2484 3795 2740 3851 inferiora
2770 3806 2825 3851 et
2864 3797 3093 3866 imparia
3116 3806 3274 3851 erant
3308 3816 3320 3850 :
3357 3805 3414 3851 tu
3444 3814 3574 3853 vero
3594 3814 3684 3853 so-

2112 3883 2218 3948 lus,
2254 3899 2416 3955 quem
2443 3886 2574 3939 mihi
2601 3887 2655 3940 in
2681 3902 2831 3958 spem
2862 3888 3119 3959 ascripsi,
3161 3886 3313 3943 fuisti
3356 3888 3491 3942 mihi
3530 3907 3547 3939 ‹
3587 3890 3684 3942 ad-

2106 3976 2258 4046 jutor
2289 3977 2468 4033 fortis.
2510 3997 2529 4029 ι
2564 3978 2877 4034 Secundum
2900 3980 3289 4051 Symmachum
3320 3981 3451 4036 item
3487 3981 3681 4036 simili-

2111 4080 2193 4124 ter
2226 4070 2449 4137 dicitur,
2492 4092 2509 4122 ι
2552 4070 2672 4126 Tibi
2709 4071 3065 4128 conﬁrmatus
3118 4088 3238 4128 sum
3268 4089 3335 4127 ex
3374 4081 3585 4135 ventre,
3614 4089 3683 4127 ex

2109 4161 2414 4215 visceribus
2444 4161 2637 4216 matris
2675 4176 2809 4216 mea:
2842 4168 2899 4215 tu
2933 4161 3219 4231 respexisti
3263 4177 3368 4215 me.
3416 4161 3474 4215 lu
3504 4170 3557 4216 te
3588 4177 3684 4231 pa-

2108 4252 2301 4306 tientia
2350 4267 2471 4307 mea
2518 4262 2806 4324 perpetuo,
2850 4262 3109 4324 tanquam
3162 4255 3471 4325 prodigium
3504 4256 3683 4310 factus

2110 4360 2229 4400 sum
2262 4344 2449 4400 multis
2485 4364 2498 4400 :
2530 4354 2589 4400 tu
2617 4362 2747 4402 vero
2779 4347 2977 4402 ﬁducia
3012 4362 3133 4402 mea
3154 4348 3333 4402 fortis.
3375 4367 3394 4398 ι

2180 4649 2346 4705 Vens.
2390 4649 2541 4704 8-H.
2613 4666 2631 4699 ι
2702 4646 2998 4719 Repleatur
3042 4665 3105 4703 os
3164 4666 3341 4705 meum
3378 4651 3557 4715 laude,
3621 4661 3679 4706 ut

2110 4751 2324 4798 cantem
2388 4742 2615 4810 gloriam
2670 4749 2865 4805 tuam,
2929 4750 3042 4795 tota
3107 4742 3195 4796 die
3246 4744 3676 4813 magnitudinem

2109 4845 2281 4892 tuam.
2321 4854 2340 4887 ›
2374 4834 2494 4889 Jam
2550 4835 2844 4905 praeterito,
2887 4836 3083 4905 inquit,
3139 4844 3401 4907 tempore,
3434 4840 3678 4892 cantatio

2110 4941 2229 4980 mea
2260 4926 2315 4979 in
2350 4933 2402 4981 te
2436 4925 2539 4980 fuit
2567 4942 2785 4995 semper
2819 4946 2830 4979 :
2883 4936 3138 4982 cazterum
3169 4943 3268 4998 pro
3302 4928 3486 4983 futuro
3536 4945 3677 4999 quo-

2108 5033 2213 5087 que
2242 5017 2511 5088 supplico,
2542 5026 2601 5070 ut
2626 5020 2692 5073 ad
2724 5021 2970 5073 ultimam
3013 5020 3137 5075 vita:
3180 5021 3369 5075 horam
3403 5037 3465 5078 os
3492 5038 3675 5076 meum

2107 5109 2267 5165 laude
2295 5118 2384 5163 tua
2414 5112 2707 5179 repleatur,
2739 5119 2792 5165 et
2823 5113 2895 5165 ita
2931 5112 3225 5184 repleatur,
3259 5120 3319 5167 ut
3345 5114 3491 5167 aliud
3515 5114 3676 5183 quid-

2105 5188 2247 5274 piam
2281 5202 2557 5273 loquendi,
2591 5204 2677 5257 vel
2706 5218 2829 5257 cum
2864 5204 3177 5260 hominibus
3209 5205 3460 5260 versandi
3491 5207 3675 5262 nullus

2106 5294 2345 5366 supersit
2384 5295 2542 5350 locus
2573 5314 2585 5348 :
2615 5310 2809 5365 meque
2840 5296 3083 5365 quotidie
3114 5305 3167 5350 et
3211 5304 3326 5351 toto
3377 5298 3503 5353 vitae
3543 5313 3677 5353 mea:

2104 5389 2340 5443 decursu
2396 5387 2470 5441 ita
2518 5396 2894 5457 comparatum
2930 5404 3051 5445 esse
3094 5403 3247 5457 rogo,
3283 5398 3345 5444 ut
3371 5391 3465 5444 tali
3497 5392 3673 5462 gratia

2103 5481 2329 5535 orbatus
2362 5493 2642 5547 nunquam
2673 5494 2773 5532 nec
2794 5480 3055 5549 depulsus
3086 5481 3185 5534 sim
3218 5499 3229 5533 :
3265 5488 3433 5551 utque
3455 5484 3673 5539 etiamsi

2106 5574 2173 5629 ad
2198 5573 2360 5626 limen
2388 5570 2688 5627 senectutis
2718 5569 3012 5635 devenero,
3046 5572 3181 5625 nihil
3230 5573 3376 5628 aliud
3432 5575 3499 5629 ad
3532 5593 3675 5630 mor—

2104 5673 2210 5720 tem
2235 5676 2405 5730 usque
2426 5673 2704 5729 peragam,
2729 5674 2913 5728 quam,
2933 5658 3074 5729 quod
3105 5660 3382 5727 repleatur
3406 5677 3468 5717 os
3490 5678 3671 5718 meum

2104 5756 2264 5808 laude
2297 5760 2351 5807 et
2385 5751 2793 5822 magniﬁcentia
2828 5758 2941 5809 tua.
2978 5750 3084 5805 Pro
3125 5753 3217 5807 illo
3256 5762 3460 5816 autem,
3498 5771 3517 5804 c
3557 5761 3672 5808 tota

2106 5845 2213 5912 die,
2251 5864 2267 5897 ι
2312 5843 2703 5917 Symmachus,
2744 5863 2761 5895 ‹
2801 5858 2896 5914 per
2948 5858 3164 5900 onmem
3219 5845 3385 5908 diem,
3444 5865 3461 5897 ι
3501 5844 3672 5901 edidit

3275 5940 3351 5999 23

3582 387 3683 438 ’⁷⁸78
