  <div class='ocr_page' id='page_1' title='image "/cluster/home/n/w/nwhite01/storage/ocr_20150623/23/nnc1.0046978313/415.png"; bbox 0 0 4128 6392; ppageno 0'>
   <div class='ocr_carea' id='block_1_1' title="bbox 428 370 2965 435">
    <p class='ocr_par' dir='ltr' id='par_1_1' title="bbox 428 370 2965 435">
     <span class='ocr_line' id='line_1_1' title="bbox 428 370 2965 435; baseline 0 -8"><span class='ocrx_word' id='word_1_1' title='bbox 428 377 530 435; x_wconf 82' lang='lat'><strong>779</strong></span> <span class='ocrx_word' id='word_1_2' title='bbox 1094 374 1362 432; x_wconf 84' lang='lat' dir='ltr'><strong>EUSEBll</strong></span> <span class='ocrx_word' id='word_1_3' title='bbox 1403 371 1887 433; x_wconf 60' lang='lat' dir='ltr'><strong>CIESARIENSIS</strong></span> <span class='ocrx_word' id='word_1_4' title='bbox 1925 370 2081 430; x_wconf 84' lang='lat' dir='ltr'><strong>OPP.</strong></span> <span class='ocrx_word' id='word_1_5' title='bbox 2123 371 2305 427; x_wconf 77' lang='lat' dir='ltr'><strong>PARS</strong></span> <span class='ocrx_word' id='word_1_6' title='bbox 2343 370 2430 427; x_wconf 82' lang='lat' dir='ltr'><strong>Ill.</strong></span> <span class='ocrx_word' id='word_1_7' title='bbox 2454 402 2522 411; x_wconf 94' lang='lat'><strong>——</strong></span> <span class='ocrx_word' id='word_1_8' title='bbox 2553 370 2965 427; x_wconf 76' lang='lat' dir='ltr'><strong>EXEGETICA.</strong></span> 
     </span>
    </p>
   </div>
   <div class='ocr_carea' id='block_1_2' title="bbox 3569 371 3677 427">
    <p class='ocr_par' dir='ltr' id='par_1_2' title="bbox 3569 371 3677 427">
     <span class='ocr_line' id='line_1_2' title="bbox 3569 371 3677 427; baseline 0.019 -2"><span class='ocrx_word' id='word_1_9' title='bbox 3569 371 3677 427; x_wconf 79' lang='lat'><strong>780</strong></span> 
     </span>
    </p>
   </div>
   <div class='ocr_carea' id='block_1_3' title="bbox 430 509 1985 589">
    <p class='ocr_par' dir='ltr' id='par_1_3' title="bbox 430 516 1985 589">
     <span class='ocr_line' id='line_1_3' title="bbox 430 516 1985 589; baseline -0.001 -20"><span class='ocrx_word' id='word_1_10' title='bbox 430 536 451 569; x_wconf 75' lang='grc' dir='ltr'><strong>ι</strong></span> <span class='ocrx_word' id='word_1_11' title='bbox 485 516 800 587; x_wconf 78' lang='lat' dir='ltr'><strong>Repleatur,</strong></span> <span class='ocrx_word' id='word_1_12' title='bbox 834 516 1033 589; x_wconf 94' lang='lat' dir='ltr'><strong>inquit,</strong></span> <span class='ocrx_word' id='word_1_13' title='bbox 1088 532 1151 572; x_wconf 91' lang='lat' dir='ltr'><strong>os</strong></span> <span class='ocrx_word' id='word_1_14' title='bbox 1185 532 1366 572; x_wconf 90' lang='lat' dir='ltr'><strong>meum</strong></span> <span class='ocrx_word' id='word_1_15' title='bbox 1398 517 1559 571; x_wconf 82' lang='lat' dir='ltr'><strong>laude</strong></span> <span class='ocrx_word' id='word_1_16' title='bbox 1589 525 1704 581; x_wconf 89' lang='lat' dir='ltr'><strong>tua,</strong></span> <span class='ocrx_word' id='word_1_17' title='bbox 1750 531 1846 585; x_wconf 90' lang='lat' dir='ltr'><strong>per</strong></span> <span class='ocrx_word' id='word_1_18' title='bbox 1879 530 1985 569; x_wconf 37' lang='lat' dir='ltr'><strong>om‘</strong></span> 
     </span>
    </p>
   </div>
   <div class='ocr_carea' id='block_1_4' title="bbox 2088 509 3675 589">
    <p class='ocr_par' dir='ltr' id='par_1_4' title="bbox 2100 509 3675 585">
     <span class='ocr_line' id='line_1_4' title="bbox 2100 509 3675 585; baseline -0.001 -20"><span class='ocrx_word' id='word_1_19' title='bbox 2100 511 2386 585; x_wconf 89' lang='grc' dir='ltr'>πρεπείας.</span> <span class='ocrx_word' id='word_1_20' title='bbox 2434 511 2580 564; x_wconf 78' lang='grc' dir='ltr'>Ἀντὶ</span> <span class='ocrx_word' id='word_1_21' title='bbox 2608 511 2663 565; x_wconf 81' lang='grc' dir='ltr'><strong>δέ</strong></span> <span class='ocrx_word' id='word_1_22' title='bbox 2687 510 2803 575; x_wconf 82' lang='grc' dir='ltr'>τοῦ,</span> <span class='ocrx_word' id='word_1_23' title='bbox 2828 530 2846 561; x_wconf 82' lang='grc' dir='ltr'><strong>ι</strong></span> <span class='ocrx_word' id='word_1_24' title='bbox 2877 509 3005 580; x_wconf 81' lang='grc' dir='ltr'>ὅλην</span> <span class='ocrx_word' id='word_1_25' title='bbox 3037 510 3135 579; x_wconf 81' lang='grc' dir='ltr'>τὴν</span> <span class='ocrx_word' id='word_1_26' title='bbox 3164 509 3398 583; x_wconf 82' lang='grc' dir='ltr'><strong>ἡμέραν,</strong></span> <span class='ocrx_word' id='word_1_27' title='bbox 3426 529 3444 561; x_wconf 73' lang='grc' dir='ltr'><strong>ι</strong></span> <span class='ocrx_word' id='word_1_28' title='bbox 3478 510 3507 562; x_wconf 84' lang='grc' dir='ltr'><strong>ὸ</strong></span> <span class='ocrx_word' id='word_1_29' title='bbox 3530 510 3675 581; x_wconf 86' lang='grc' dir='ltr'>Σύμ-</span> 
     </span>
    </p>
   </div>
   <div class='ocr_carea' id='block_1_5' title="bbox 425 608 1999 677">
    <p class='ocr_par' dir='ltr' id='par_1_5' title="bbox 425 608 1999 677">
     <span class='ocr_line' id='line_1_5' title="bbox 425 608 1999 677; baseline -0.003 -14"><span class='ocrx_word' id='word_1_30' title='bbox 425 624 551 664; x_wconf 89' lang='lat' dir='ltr'><strong>nem</strong></span> <span class='ocrx_word' id='word_1_31' title='bbox 580 608 747 674; x_wconf 88' lang='lat' dir='ltr'><strong>diem,</strong></span> <span class='ocrx_word' id='word_1_32' title='bbox 790 608 847 661; x_wconf 90' lang='lat' dir='ltr'><strong>in</strong></span> <span class='ocrx_word' id='word_1_33' title='bbox 888 609 1087 663; x_wconf 83' lang='lat' dir='ltr'><strong>decore</strong></span> <span class='ocrx_word' id='word_1_34' title='bbox 1122 619 1215 662; x_wconf 91' lang='lat' dir='ltr'><strong>tuo</strong></span> <span class='ocrx_word' id='word_1_35' title='bbox 1248 623 1317 662; x_wconf 91' lang='lat' dir='ltr'><strong>ne</strong></span> <span class='ocrx_word' id='word_1_36' title='bbox 1365 608 1600 677; x_wconf 82' lang='lat' dir='ltr'><strong>abjicias</strong></span> <span class='ocrx_word' id='word_1_37' title='bbox 1630 622 1719 662; x_wconf 91' lang='lat' dir='ltr'><strong>me</strong></span> <span class='ocrx_word' id='word_1_38' title='bbox 1754 614 1999 675; x_wconf 89' lang='lat' dir='ltr'><strong>tempore</strong></span> 
     </span>
    </p>
   </div>
   <div class='ocr_carea' id='block_1_6' title="bbox 424 694 1998 764">
    <p class='ocr_par' dir='ltr' id='par_1_6' title="bbox 424 694 1998 764">
     <span class='ocr_line' id='line_1_6' title="bbox 424 694 1998 764; baseline -0.006 -10"><span class='ocrx_word' id='word_1_39' title='bbox 424 699 746 754; x_wconf 77' lang='lat' dir='ltr'><strong>senectutis.</strong></span> <span class='ocrx_word' id='word_1_40' title='bbox 802 717 822 751; x_wconf 75' lang='grc' dir='ltr'><strong>ι</strong></span> <span class='ocrx_word' id='word_1_41' title='bbox 862 695 999 751; x_wconf 89' lang='lat' dir='ltr'><strong>Nam</strong></span> <span class='ocrx_word' id='word_1_42' title='bbox 1051 697 1099 752; x_wconf 93' lang='lat' dir='ltr'><strong>si</strong></span> <span class='ocrx_word' id='word_1_43' title='bbox 1149 697 1215 752; x_wconf 90' lang='lat' dir='ltr'><strong>ad</strong></span> <span class='ocrx_word' id='word_1_44' title='bbox 1252 704 1592 752; x_wconf 73' lang='lat' dir='ltr'><strong>senectutem</strong></span> <span class='ocrx_word' id='word_1_45' title='bbox 1628 710 1803 764; x_wconf 89' lang='lat' dir='ltr'><strong>usque</strong></span> <span class='ocrx_word' id='word_1_46' title='bbox 1831 694 1998 747; x_wconf 86' lang='lat' dir='ltr'><strong>vitam</strong></span> 
     </span>
    </p>
   </div>
   <div class='ocr_carea' id='block_1_7' title="bbox 425 782 1998 859">
    <p class='ocr_par' dir='ltr' id='par_1_7' title="bbox 425 782 1998 859">
     <span class='ocr_line' id='line_1_7' title="bbox 425 782 1998 859; baseline -0.004 -16"><span class='ocrx_word' id='word_1_47' title='bbox 425 790 681 845; x_wconf 87' lang='lat' dir='ltr'><strong>devenire</strong></span> <span class='ocrx_word' id='word_1_48' title='bbox 718 804 895 844; x_wconf 89' lang='lat' dir='ltr'><strong>meam</strong></span> <span class='ocrx_word' id='word_1_49' title='bbox 932 796 1204 859; x_wconf 84' lang='lat' dir='ltr'><strong>oporteat,</strong></span> <span class='ocrx_word' id='word_1_50' title='bbox 1242 802 1354 841; x_wconf 92' lang='lat' dir='ltr'><strong>non</strong></span> <span class='ocrx_word' id='word_1_51' title='bbox 1412 787 1595 841; x_wconf 88' lang='lat' dir='ltr'><strong>abnuo</strong></span> <span class='ocrx_word' id='word_1_52' title='bbox 1623 799 1639 838; x_wconf 90' lang='lat'><strong>:</strong></span> <span class='ocrx_word' id='word_1_53' title='bbox 1667 784 1721 839; x_wconf 91' lang='lat' dir='ltr'><strong>id</strong></span> <span class='ocrx_word' id='word_1_54' title='bbox 1753 782 1998 853; x_wconf 89' lang='lat' dir='ltr'><strong>supplico</strong></span> 
     </span>
    </p>
   </div>
   <div class='ocr_carea' id='block_1_8' title="bbox 424 876 1998 951">
    <p class='ocr_par' dir='ltr' id='par_1_8' title="bbox 424 876 1998 951">
     <span class='ocr_line' id='line_1_8' title="bbox 424 876 1998 951; baseline -0.005 -13"><span class='ocrx_word' id='word_1_55' title='bbox 424 892 657 950; x_wconf 89' lang='lat' dir='ltr'><strong>tantum,</strong></span> <span class='ocrx_word' id='word_1_56' title='bbox 683 894 742 937; x_wconf 94' lang='lat' dir='ltr'><strong>ut</strong></span> <span class='ocrx_word' id='word_1_57' title='bbox 770 898 833 937; x_wconf 93' lang='lat' dir='ltr'><strong>os</strong></span> <span class='ocrx_word' id='word_1_58' title='bbox 860 897 1046 936; x_wconf 89' lang='lat' dir='ltr'><strong>meum</strong></span> <span class='ocrx_word' id='word_1_59' title='bbox 1087 896 1368 951; x_wconf 84' lang='lat' dir='ltr'><strong>nunquam</strong></span> <span class='ocrx_word' id='word_1_60' title='bbox 1415 879 1577 934; x_wconf 88' lang='lat' dir='ltr'><strong>ﬁnem</strong></span> <span class='ocrx_word' id='word_1_61' title='bbox 1626 878 1792 931; x_wconf 82' lang='lat' dir='ltr'><strong>faciat</strong></span> <span class='ocrx_word' id='word_1_62' title='bbox 1852 876 1998 930; x_wconf 84' lang='lat' dir='ltr'><strong>cele-</strong></span> 
     </span>
    </p>
   </div>
   <div class='ocr_carea' id='block_1_9' title="bbox 424 966 1998 1043">
    <p class='ocr_par' dir='ltr' id='par_1_9' title="bbox 424 966 1998 1043">
     <span class='ocr_line' id='line_1_9' title="bbox 424 966 1998 1043; baseline -0.007 -12"><span class='ocrx_word' id='word_1_63' title='bbox 424 975 618 1032; x_wconf 85' lang='lat' dir='ltr'><strong>brandi</strong></span> <span class='ocrx_word' id='word_1_64' title='bbox 643 974 860 1030; x_wconf 91' lang='lat' dir='ltr'><strong>laudem</strong></span> <span class='ocrx_word' id='word_1_65' title='bbox 889 981 1041 1027; x_wconf 91' lang='lat' dir='ltr'><strong>tuam</strong></span> <span class='ocrx_word' id='word_1_66' title='bbox 1072 981 1126 1027; x_wconf 90' lang='lat' dir='ltr'><strong>et</strong></span> <span class='ocrx_word' id='word_1_67' title='bbox 1151 972 1611 1043; x_wconf 88' lang='lat' dir='ltr'><strong>magniﬁcentiam</strong></span> <span class='ocrx_word' id='word_1_68' title='bbox 1633 978 1802 1024; x_wconf 91' lang='lat' dir='ltr'><strong>tuam.</strong></span> <span class='ocrx_word' id='word_1_69' title='bbox 1840 966 1998 1033; x_wconf 85' lang='lat' dir='ltr'><strong>Quod</strong></span> 
     </span>
    </p>
   </div>
   <div class='ocr_carea' id='block_1_10' title="bbox 423 1060 1994 1134">
    <p class='ocr_par' dir='ltr' id='par_1_10' title="bbox 423 1060 1994 1134">
     <span class='ocr_line' id='line_1_10' title="bbox 423 1060 1994 1134; baseline -0.006 -12"><span class='ocrx_word' id='word_1_70' title='bbox 423 1067 470 1122; x_wconf 91' lang='lat' dir='ltr'><strong>si</strong></span> <span class='ocrx_word' id='word_1_71' title='bbox 512 1067 813 1122; x_wconf 87' lang='lat' dir='ltr'><strong>senectutis</strong></span> <span class='ocrx_word' id='word_1_72' title='bbox 847 1080 1017 1119; x_wconf 90' lang='lat' dir='ltr'><strong>causa</strong></span> <span class='ocrx_word' id='word_1_73' title='bbox 1063 1064 1361 1134; x_wconf 88' lang='lat' dir='ltr'><strong>aliquando</strong></span> <span class='ocrx_word' id='word_1_74' title='bbox 1396 1065 1542 1117; x_wconf 84' lang='lat' dir='ltr'><strong>vires</strong></span> <span class='ocrx_word' id='word_1_75' title='bbox 1584 1077 1671 1116; x_wconf 90' lang='lat' dir='ltr'><strong>me</strong></span> <span class='ocrx_word' id='word_1_76' title='bbox 1718 1060 1994 1124; x_wconf 90' lang='lat' dir='ltr'><strong>deﬁciant,</strong></span> 
     </span>
    </p>
   </div>
   <div class='ocr_carea' id='block_1_11' title="bbox 422 1152 1998 1227">
    <p class='ocr_par' dir='ltr' id='par_1_11' title="bbox 422 1152 1998 1227">
     <span class='ocr_line' id='line_1_11' title="bbox 422 1152 1998 1227; baseline -0.004 -14"><span class='ocrx_word' id='word_1_77' title='bbox 422 1174 493 1213; x_wconf 90' lang='lat' dir='ltr'><strong>ne</strong></span> <span class='ocrx_word' id='word_1_78' title='bbox 531 1168 661 1213; x_wconf 91' lang='lat' dir='ltr'><strong>tunc</strong></span> <span class='ocrx_word' id='word_1_79' title='bbox 692 1157 913 1227; x_wconf 87' lang='lat' dir='ltr'><strong>quidem</strong></span> <span class='ocrx_word' id='word_1_80' title='bbox 946 1170 1034 1210; x_wconf 91' lang='lat' dir='ltr'><strong>me</strong></span> <span class='ocrx_word' id='word_1_81' title='bbox 1060 1154 1435 1225; x_wconf 91' lang='lat' dir='ltr'><strong>derelinquas.</strong></span> <span class='ocrx_word' id='word_1_82' title='bbox 1473 1152 1598 1207; x_wconf 82' lang='lat' dir='ltr'><strong>Haec</strong></span> <span class='ocrx_word' id='word_1_83' title='bbox 1647 1152 1701 1206; x_wconf 93' lang='lat' dir='ltr'><strong>in</strong></span> <span class='ocrx_word' id='word_1_84' title='bbox 1750 1152 1998 1207; x_wconf 89' lang='lat' dir='ltr'><strong>oratione</strong></span> 
     </span>
    </p>
   </div>
   <div class='ocr_carea' id='block_1_12' title="bbox 422 1245 1999 1318">
    <p class='ocr_par' dir='ltr' id='par_1_12' title="bbox 422 1245 1999 1318">
     <span class='ocr_line' id='line_1_12' title="bbox 422 1245 1999 1318; baseline -0.005 -12"><span class='ocrx_word' id='word_1_85' title='bbox 422 1252 610 1306; x_wconf 86' lang='lat' dir='ltr'><strong>dicere</strong></span> <span class='ocrx_word' id='word_1_86' title='bbox 639 1249 899 1305; x_wconf 85' lang='lat' dir='ltr'><strong>convenit</strong></span> <span class='ocrx_word' id='word_1_87' title='bbox 930 1256 1048 1303; x_wconf 92' lang='lat' dir='ltr'><strong>tum</strong></span> <span class='ocrx_word' id='word_1_88' title='bbox 1083 1246 1370 1313; x_wconf 88' lang='lat' dir='ltr'><strong>Davidem,</strong></span> <span class='ocrx_word' id='word_1_89' title='bbox 1400 1256 1515 1302; x_wconf 90' lang='lat' dir='ltr'><strong>tum</strong></span> <span class='ocrx_word' id='word_1_90' title='bbox 1551 1247 1799 1318; x_wconf 81' lang='lat' dir='ltr'><strong>quemvis</strong></span> <span class='ocrx_word' id='word_1_91' title='bbox 1826 1245 1999 1300; x_wconf 89' lang='lat' dir='ltr'><strong>homi-</strong></span> 
     </span>
    </p>
   </div>
   <div class='ocr_carea' id='block_1_13' title="bbox 418 1336 1996 1409">
    <p class='ocr_par' dir='ltr' id='par_1_13' title="bbox 418 1336 1996 1409">
     <span class='ocr_line' id='line_1_13' title="bbox 418 1336 1996 1409; baseline -0.003 -14"><span class='ocrx_word' id='word_1_92' title='bbox 418 1356 544 1395; x_wconf 90' lang='lat' dir='ltr'><strong>nem</strong></span> <span class='ocrx_word' id='word_1_93' title='bbox 592 1339 930 1409; x_wconf 82' lang='lat' dir='ltr'><strong>religiosum.</strong></span> <span class='ocrx_word' id='word_1_94' title='bbox 967 1338 1354 1393; x_wconf 82' lang='lat' dir='ltr'><strong>Animadverte</strong></span> <span class='ocrx_word' id='word_1_95' title='bbox 1400 1353 1566 1408; x_wconf 89' lang='lat' dir='ltr'><strong>porro</strong></span> <span class='ocrx_word' id='word_1_96' title='bbox 1611 1337 1884 1407; x_wconf 89' lang='lat' dir='ltr'><strong>quomodo</strong></span> <span class='ocrx_word' id='word_1_97' title='bbox 1927 1336 1996 1391; x_wconf 92' lang='lat' dir='ltr'><strong>de</strong></span> 
     </span>
    </p>
   </div>
   <div class='ocr_carea' id='block_1_14' title="bbox 421 1429 1993 1503">
    <p class='ocr_par' dir='ltr' id='par_1_14' title="bbox 421 1429 1993 1503">
     <span class='ocr_line' id='line_1_14' title="bbox 421 1429 1993 1503; baseline -0.003 -16"><span class='ocrx_word' id='word_1_98' title='bbox 421 1432 704 1488; x_wconf 88' lang='lat' dir='ltr'><strong>Salvatore</strong></span> <span class='ocrx_word' id='word_1_99' title='bbox 728 1432 795 1487; x_wconf 90' lang='lat' dir='ltr'><strong>ab</strong></span> <span class='ocrx_word' id='word_1_100' title='bbox 817 1432 1083 1503; x_wconf 85' lang='lat' dir='ltr'><strong>Apostolo</strong></span> <span class='ocrx_word' id='word_1_101' title='bbox 1113 1431 1340 1486; x_wconf 90' lang='lat' dir='ltr'><strong>dicatur</strong></span> <span class='ocrx_word' id='word_1_102' title='bbox 1366 1448 1381 1485; x_wconf 92' lang='lat'><strong>:</strong></span> <span class='ocrx_word' id='word_1_103' title='bbox 1421 1449 1439 1481; x_wconf 81' lang='grc' dir='ltr'><strong>ι</strong></span> <span class='ocrx_word' id='word_1_104' title='bbox 1470 1429 1779 1485; x_wconf 83' lang='lat' dir='ltr'><strong>Cruciﬁxus</strong></span> <span class='ocrx_word' id='word_1_105' title='bbox 1809 1437 1894 1485; x_wconf 91' lang='lat' dir='ltr'><strong>est</strong></span> <span class='ocrx_word' id='word_1_106' title='bbox 1925 1444 1993 1483; x_wconf 81' lang='lat' dir='ltr'><strong>ex</strong></span> 
     </span>
    </p>
   </div>
   <div class='ocr_carea' id='block_1_15' title="bbox 417 1520 1991 1589">
    <p class='ocr_par' dir='ltr' id='par_1_15' title="bbox 417 1520 1991 1589">
     <span class='ocr_line' id='line_1_15' title="bbox 417 1520 1991 1589; baseline -0.004 -8"><span class='ocrx_word' id='word_1_107' title='bbox 417 1525 756 1589; x_wconf 86' lang='lat' dir='ltr'><strong>inﬁrmitate,</strong></span> <span class='ocrx_word' id='word_1_108' title='bbox 789 1523 887 1580; x_wconf 90' lang='lat' dir='ltr'><strong>sed</strong></span> <span class='ocrx_word' id='word_1_109' title='bbox 918 1524 1054 1579; x_wconf 87' lang='lat' dir='ltr'><strong>vivit</strong></span> <span class='ocrx_word' id='word_1_110' title='bbox 1082 1539 1150 1578; x_wconf 81' lang='lat' dir='ltr'><strong>ex</strong></span> <span class='ocrx_word' id='word_1_111' title='bbox 1175 1525 1379 1577; x_wconf 89' lang='lat' dir='ltr'><strong>virtute</strong></span> <span class='ocrx_word' id='word_1_112' title='bbox 1412 1521 1509 1576; x_wconf 88' lang='lat' dir='ltr'><strong>Dei</strong></span> <span class='ocrx_word' id='word_1_113' title='bbox 1532 1522 1601 1577; x_wconf 81' lang='grc'><strong>⁸⁸.</strong></span> <span class='ocrx_word' id='word_1_114' title='bbox 1645 1541 1663 1573; x_wconf 86' lang='grc'><strong>›</strong></span> <span class='ocrx_word' id='word_1_115' title='bbox 1698 1520 1812 1576; x_wconf 86' lang='lat' dir='ltr'><strong>Etsi</strong></span> <span class='ocrx_word' id='word_1_116' title='bbox 1845 1520 1991 1575; x_wconf 92' lang='lat' dir='ltr'><strong>enim</strong></span> 
     </span>
    </p>
   </div>
   <div class='ocr_carea' id='block_1_16' title="bbox 417 1612 1993 1681">
    <p class='ocr_par' dir='ltr' id='par_1_16' title="bbox 417 1612 1993 1681">
     <span class='ocr_line' id='line_1_16' title="bbox 417 1612 1993 1681; baseline -0.004 -10"><span class='ocrx_word' id='word_1_117' title='bbox 417 1632 483 1671; x_wconf 79' lang='lat' dir='ltr'><strong>ex</strong></span> <span class='ocrx_word' id='word_1_118' title='bbox 511 1617 832 1671; x_wconf 90' lang='lat' dir='ltr'><strong>inlirmitate</strong></span> <span class='ocrx_word' id='word_1_119' title='bbox 863 1616 1163 1670; x_wconf 84' lang='lat' dir='ltr'><strong>cruciﬁxus</strong></span> <span class='ocrx_word' id='word_1_120' title='bbox 1189 1615 1260 1670; x_wconf 88' lang='lat' dir='ltr'><strong>sit</strong></span> <span class='ocrx_word' id='word_1_121' title='bbox 1300 1632 1316 1681; x_wconf 89' lang='lat'><strong>;</strong></span> <span class='ocrx_word' id='word_1_122' title='bbox 1345 1624 1399 1667; x_wconf 91' lang='lat' dir='ltr'><strong>at</strong></span> <span class='ocrx_word' id='word_1_123' title='bbox 1426 1627 1536 1667; x_wconf 91' lang='lat' dir='ltr'><strong>non</strong></span> <span class='ocrx_word' id='word_1_124' title='bbox 1570 1613 1638 1666; x_wconf 89' lang='lat' dir='ltr'><strong>ab</strong></span> <span class='ocrx_word' id='word_1_125' title='bbox 1671 1612 1795 1666; x_wconf 92' lang='lat' dir='ltr'><strong>aliis</strong></span> <span class='ocrx_word' id='word_1_126' title='bbox 1830 1626 1993 1681; x_wconf 90' lang='lat' dir='ltr'><strong>supe-</strong></span> 
     </span>
    </p>
   </div>
   <div class='ocr_carea' id='block_1_17' title="bbox 416 1701 1991 1778">
    <p class='ocr_par' dir='ltr' id='par_1_17' title="bbox 416 1701 1991 1778">
     <span class='ocr_line' id='line_1_17' title="bbox 416 1701 1991 1778; baseline -0.003 -17"><span class='ocrx_word' id='word_1_127' title='bbox 416 1716 572 1764; x_wconf 81' lang='lat' dir='ltr'><strong>ratus</strong></span> <span class='ocrx_word' id='word_1_128' title='bbox 603 1726 617 1762; x_wconf 89' lang='lat'><strong>:</strong></span> <span class='ocrx_word' id='word_1_129' title='bbox 646 1708 762 1778; x_wconf 82' lang='lat' dir='ltr'><strong>ipse</strong></span> <span class='ocrx_word' id='word_1_130' title='bbox 791 1708 993 1777; x_wconf 85' lang='lat' dir='ltr'><strong>quippe</strong></span> <span class='ocrx_word' id='word_1_131' title='bbox 1014 1721 1136 1761; x_wconf 86' lang='lat' dir='ltr'><strong>sese</strong></span> <span class='ocrx_word' id='word_1_132' title='bbox 1164 1705 1438 1759; x_wconf 88' lang='lat' dir='ltr'><strong>inﬁrmum</strong></span> <span class='ocrx_word' id='word_1_133' title='bbox 1466 1704 1667 1768; x_wconf 74' lang='lat' dir='ltr'><strong>eﬁecit,</strong></span> <span class='ocrx_word' id='word_1_134' title='bbox 1704 1718 1871 1772; x_wconf 91' lang='lat' dir='ltr'><strong>seque</strong></span> <span class='ocrx_word' id='word_1_135' title='bbox 1895 1701 1991 1757; x_wconf 90' lang='lat' dir='ltr'><strong>de-</strong></span> 
     </span>
    </p>
   </div>
   <div class='ocr_carea' id='block_1_18' title="bbox 417 1791 1988 1865">
    <p class='ocr_par' dir='ltr' id='par_1_18' title="bbox 417 1791 1988 1865">
     <span class='ocr_line' id='line_1_18' title="bbox 417 1791 1988 1865; baseline -0.004 -14"><span class='ocrx_word' id='word_1_136' title='bbox 417 1796 659 1851; x_wconf 92' lang='lat' dir='ltr'><strong>dititium</strong></span> <span class='ocrx_word' id='word_1_137' title='bbox 690 1796 1007 1849; x_wconf 87' lang='lat' dir='ltr'><strong>hominibus</strong></span> <span class='ocrx_word' id='word_1_138' title='bbox 1042 1795 1265 1848; x_wconf 84' lang='lat' dir='ltr'><strong>obtulit.</strong></span> <span class='ocrx_word' id='word_1_139' title='bbox 1293 1793 1451 1865; x_wconf 76' lang='lat' dir='ltr'><strong>Quod</strong></span> <span class='ocrx_word' id='word_1_140' title='bbox 1482 1794 1646 1848; x_wconf 87' lang='lat' dir='ltr'><strong>etiam</strong></span> <span class='ocrx_word' id='word_1_141' title='bbox 1680 1792 1797 1862; x_wconf 91' lang='lat' dir='ltr'><strong>ipse</strong></span> <span class='ocrx_word' id='word_1_142' title='bbox 1827 1791 1988 1845; x_wconf 90' lang='lat' dir='ltr'><strong>docet</strong></span> 
     </span>
    </p>
   </div>
   <div class='ocr_carea' id='block_1_19' title="bbox 2106 600 3675 677">
    <p class='ocr_par' dir='ltr' id='par_1_19' title="bbox 2106 600 3675 677">
     <span class='ocr_line' id='line_1_19' title="bbox 2106 600 3675 677; baseline -0.002 -19"><span class='ocrx_word' id='word_1_143' title='bbox 2106 622 2297 677; x_wconf 90' lang='grc' dir='ltr'>μαχος,</span> <span class='ocrx_word' id='word_1_144' title='bbox 2329 624 2347 655; x_wconf 82' lang='grc' dir='ltr'><strong>ι</strong></span> <span class='ocrx_word' id='word_1_145' title='bbox 2374 603 2515 657; x_wconf 85' lang='grc' dir='ltr'>κατὰ</span> <span class='ocrx_word' id='word_1_146' title='bbox 2537 606 2715 658; x_wconf 80' lang='grc' dir='ltr'>πᾶσαν</span> <span class='ocrx_word' id='word_1_147' title='bbox 2753 602 2968 674; x_wconf 81' lang='grc' dir='ltr'><strong>ἡμέραν</strong></span> <span class='ocrx_word' id='word_1_148' title='bbox 3006 621 3024 654; x_wconf 69' lang='grc' dir='ltr'><strong>ι</strong></span> <span class='ocrx_word' id='word_1_149' title='bbox 3050 602 3277 666; x_wconf 79' lang='grc' dir='ltr'><strong>ἐξέδωκε</strong></span> <span class='ocrx_word' id='word_1_150' title='bbox 3296 618 3309 631; x_wconf 75' lang='grc' dir='ltr'><strong>ο</strong></span> <span class='ocrx_word' id='word_1_151' title='bbox 3350 620 3369 653; x_wconf 80' lang='grc' dir='ltr'><strong>ι</strong></span> <span class='ocrx_word' id='word_1_152' title='bbox 3400 600 3675 673; x_wconf 81' lang='grc' dir='ltr'>Πλησθέίη</span> 
     </span>
    </p>
   </div>
   <div class='ocr_carea' id='block_1_20' title="bbox 2099 692 3673 766">
    <p class='ocr_par' dir='ltr' id='par_1_20' title="bbox 2099 692 3673 766">
     <span class='ocr_line' id='line_1_20' title="bbox 2099 692 3673 766; baseline -0.004 -16"><span class='ocrx_word' id='word_1_153' title='bbox 2099 697 2161 750; x_wconf 88' lang='grc' dir='ltr'><strong>τὸ</strong></span> <span class='ocrx_word' id='word_1_154' title='bbox 2186 697 2362 766; x_wconf 85' lang='grc' dir='ltr'>στόμα</span> <span class='ocrx_word' id='word_1_155' title='bbox 2403 713 2496 748; x_wconf 89' lang='grc' dir='ltr'><strong>σου</strong></span> <span class='ocrx_word' id='word_1_156' title='bbox 2534 696 2720 758; x_wconf 82' lang='grc' dir='ltr'>αῐνους</span> <span class='ocrx_word' id='word_1_157' title='bbox 2751 711 2844 747; x_wconf 91' lang='grc' dir='ltr'><strong>σου</strong></span> <span class='ocrx_word' id='word_1_158' title='bbox 2880 692 3022 747; x_wconf 71' lang='grc' dir='ltr'>κατὰ</span> <span class='ocrx_word' id='word_1_159' title='bbox 3058 696 3238 747; x_wconf 78' lang='grc' dir='ltr'>πᾶσαν</span> <span class='ocrx_word' id='word_1_160' title='bbox 3259 692 3491 763; x_wconf 82' lang='grc' dir='ltr'><strong>ἡμέραν,</strong></span> <span class='ocrx_word' id='word_1_161' title='bbox 3519 694 3577 744; x_wconf 93' lang='grc' dir='ltr'><strong>ἐν</strong></span> <span class='ocrx_word' id='word_1_162' title='bbox 3605 696 3673 764; x_wconf 80' lang='grc' dir='ltr'><strong>τῇ</strong></span> 
     </span>
    </p>
   </div>
   <div class='ocr_carea' id='block_1_21' title="bbox 2100 784 3675 860">
    <p class='ocr_par' dir='ltr' id='par_1_21' title="bbox 2100 784 3675 860">
     <span class='ocr_line' id='line_1_21' title="bbox 2100 784 3675 860; baseline -0.002 -19"><span class='ocrx_word' id='word_1_163' title='bbox 2100 787 2402 860; x_wconf 80' lang='grc' dir='ltr'>εὐπρεπείᾳ</span> <span class='ocrx_word' id='word_1_164' title='bbox 2439 804 2530 840; x_wconf 91' lang='grc' dir='ltr'><strong>σου</strong></span> <span class='ocrx_word' id='word_1_165' title='bbox 2584 785 2657 857; x_wconf 78' lang='grc' dir='ltr'>μὴ</span> <span class='ocrx_word' id='word_1_166' title='bbox 2700 785 2981 858; x_wconf 81' lang='grc' dir='ltr'>ἀποϐάλῃς</span> <span class='ocrx_word' id='word_1_167' title='bbox 3011 801 3078 855; x_wconf 92' lang='grc' dir='ltr'>με</span> <span class='ocrx_word' id='word_1_168' title='bbox 3113 784 3288 856; x_wconf 84' lang='grc' dir='ltr'>καιρῷ</span> <span class='ocrx_word' id='word_1_169' title='bbox 3318 786 3522 856; x_wconf 89' lang='grc' dir='ltr'>γήρως,</span> <span class='ocrx_word' id='word_1_170' title='bbox 3556 804 3575 837; x_wconf 74' lang='grc' dir='ltr'><strong>ι</strong></span> <span class='ocrx_word' id='word_1_171' title='bbox 3608 786 3675 839; x_wconf 80' lang='grc' dir='ltr'><strong>Εἰ</strong></span> 
     </span>
    </p>
   </div>
   <div class='ocr_carea' id='block_1_22' title="bbox 2099 875 3672 950">
    <p class='ocr_par' dir='ltr' id='par_1_22' title="bbox 2099 875 3672 950">
     <span class='ocr_line' id='line_1_22' title="bbox 2099 875 3672 950; baseline -0.001 -19"><span class='ocrx_word' id='word_1_172' title='bbox 2099 878 2206 950; x_wconf 90' lang='grc' dir='ltr'><strong>γάρ</strong></span> <span class='ocrx_word' id='word_1_173' title='bbox 2231 878 2338 931; x_wconf 88' lang='grc' dir='ltr'>δέοι</span> <span class='ocrx_word' id='word_1_174' title='bbox 2392 878 2486 930; x_wconf 80' lang='grc' dir='ltr'>καὶ</span> <span class='ocrx_word' id='word_1_175' title='bbox 2525 876 2685 947; x_wconf 86' lang='grc' dir='ltr'>μέχρι</span> <span class='ocrx_word' id='word_1_176' title='bbox 2731 876 2919 947; x_wconf 84' lang='grc' dir='ltr'>γήρως</span> <span class='ocrx_word' id='word_1_177' title='bbox 2954 878 3277 946; x_wconf 81' lang='grc' dir='ltr'><strong>παρατεῖναι</strong></span> <span class='ocrx_word' id='word_1_178' title='bbox 3309 875 3406 945; x_wconf 83' lang='grc' dir='ltr'>τὴν</span> <span class='ocrx_word' id='word_1_179' title='bbox 3437 875 3672 945; x_wconf 83' lang='grc' dir='ltr'>ἠλικίαν,</span> 
     </span>
    </p>
   </div>
   <div class='ocr_carea' id='block_1_23' title="bbox 2097 963 3674 1039">
    <p class='ocr_par' dir='ltr' id='par_1_23' title="bbox 2097 963 3674 1039">
     <span class='ocr_line' id='line_1_23' title="bbox 2097 963 3674 1039; baseline -0.004 -16"><span class='ocrx_word' id='word_1_180' title='bbox 2097 970 2255 1023; x_wconf 88' lang='grc' dir='ltr'>τοῦτο</span> <span class='ocrx_word' id='word_1_181' title='bbox 2286 969 2384 1038; x_wconf 84' lang='grc' dir='ltr'>μὲν</span> <span class='ocrx_word' id='word_1_182' title='bbox 2410 969 2472 1021; x_wconf 80' lang='grc' dir='ltr'>οὐ</span> <span class='ocrx_word' id='word_1_183' title='bbox 2514 966 2897 1039; x_wconf 85' lang='grc' dir='ltr'><strong>παραιτητέον,</strong></span> <span class='ocrx_word' id='word_1_184' title='bbox 2922 964 3150 1018; x_wconf 86' lang='grc' dir='ltr'>ἱκετεύω</span> <span class='ocrx_word' id='word_1_185' title='bbox 3180 965 3237 1018; x_wconf 84' lang='grc' dir='ltr'><strong>δὲ</strong></span> <span class='ocrx_word' id='word_1_186' title='bbox 3257 963 3329 1035; x_wconf 86' lang='grc' dir='ltr'>μὴ</span> <span class='ocrx_word' id='word_1_187' title='bbox 3364 965 3674 1036; x_wconf 90' lang='grc' dir='ltr'>ἀποστερη-</span> 
     </span>
    </p>
   </div>
   <div class='ocr_carea' id='block_1_24' title="bbox 2099 1057 3676 1131">
    <p class='ocr_par' dir='ltr' id='par_1_24' title="bbox 2099 1057 3676 1131">
     <span class='ocr_line' id='line_1_24' title="bbox 2099 1057 3676 1131; baseline -0.004 -16"><span class='ocrx_word' id='word_1_188' title='bbox 2099 1062 2255 1131; x_wconf 80' lang='grc' dir='ltr'>θῆναί</span> <span class='ocrx_word' id='word_1_189' title='bbox 2292 1078 2422 1115; x_wconf 86' lang='grc' dir='ltr'>ποτε</span> <span class='ocrx_word' id='word_1_190' title='bbox 2469 1059 2564 1113; x_wconf 90' lang='grc' dir='ltr'><strong>τοῦ</strong></span> <span class='ocrx_word' id='word_1_191' title='bbox 2593 1057 2981 1130; x_wconf 83' lang='grc' dir='ltr'><strong>πεπληρῶσθαι</strong></span> <span class='ocrx_word' id='word_1_192' title='bbox 3024 1057 3085 1109; x_wconf 89' lang='grc' dir='ltr'><strong>τὸ</strong></span> <span class='ocrx_word' id='word_1_193' title='bbox 3116 1058 3289 1128; x_wconf 84' lang='grc' dir='ltr'><strong>στόμα</strong></span> <span class='ocrx_word' id='word_1_194' title='bbox 3317 1075 3416 1128; x_wconf 92' lang='grc' dir='ltr'><strong>μου</strong></span> <span class='ocrx_word' id='word_1_195' title='bbox 3444 1058 3546 1127; x_wconf 79' lang='grc' dir='ltr'>τῆς</span> <span class='ocrx_word' id='word_1_196' title='bbox 3572 1057 3676 1128; x_wconf 84' lang='grc' dir='ltr'>σῆς</span> 
     </span>
    </p>
   </div>
   <div class='ocr_carea' id='block_1_25' title="bbox 2098 1148 3674 1222">
    <p class='ocr_par' dir='ltr' id='par_1_25' title="bbox 2098 1148 3674 1222">
     <span class='ocr_line' id='line_1_25' title="bbox 2098 1148 3674 1222; baseline -0.004 -15"><span class='ocrx_word' id='word_1_197' title='bbox 2098 1155 2355 1217; x_wconf 78' lang='grc' dir='ltr'><strong>αἰνέσεως</strong></span> <span class='ocrx_word' id='word_1_198' title='bbox 2396 1153 2489 1205; x_wconf 73' lang='grc' dir='ltr'>καὶ</span> <span class='ocrx_word' id='word_1_199' title='bbox 2531 1151 2629 1222; x_wconf 85' lang='grc' dir='ltr'>τῆς</span> <span class='ocrx_word' id='word_1_200' title='bbox 2659 1151 2759 1221; x_wconf 83' lang='grc' dir='ltr'>σῆς</span> <span class='ocrx_word' id='word_1_201' title='bbox 2796 1150 3289 1221; x_wconf 81' lang='grc' dir='ltr'>μεγαλοπρεπείας.</span> <span class='ocrx_word' id='word_1_202' title='bbox 3322 1150 3384 1201; x_wconf 79' lang='lat' dir='ltr'><strong>Ei</strong></span> <span class='ocrx_word' id='word_1_203' title='bbox 3417 1149 3475 1202; x_wconf 85' lang='grc' dir='ltr'><strong>δὲ</strong></span> <span class='ocrx_word' id='word_1_204' title='bbox 3497 1148 3674 1221; x_wconf 82' lang='grc' dir='ltr'>καιρῷ</span> 
     </span>
    </p>
   </div>
   <div class='ocr_carea' id='block_1_26' title="bbox 2096 1239 3674 1315">
    <p class='ocr_par' dir='ltr' id='par_1_26' title="bbox 2096 1239 3674 1315">
     <span class='ocr_line' id='line_1_26' title="bbox 2096 1239 3674 1315; baseline -0.003 -17"><span class='ocrx_word' id='word_1_205' title='bbox 2096 1262 2200 1298; x_wconf 88' lang='grc' dir='ltr'>τινι</span> <span class='ocrx_word' id='word_1_206' title='bbox 2221 1243 2308 1298; x_wconf 84' lang='grc' dir='ltr'><strong>διὰ</strong></span> <span class='ocrx_word' id='word_1_207' title='bbox 2334 1244 2509 1315; x_wconf 84' lang='grc' dir='ltr'>γῆρας</span> <span class='ocrx_word' id='word_1_208' title='bbox 2533 1242 2746 1295; x_wconf 78' lang='grc' dir='ltr'><strong>ἐκλίποι</strong></span> <span class='ocrx_word' id='word_1_209' title='bbox 2771 1244 2803 1311; x_wconf 84' lang='grc' dir='ltr'>ἠ</span> <span class='ocrx_word' id='word_1_210' title='bbox 2857 1240 3009 1311; x_wconf 87' lang='grc' dir='ltr'>ίσχύς</span> <span class='ocrx_word' id='word_1_211' title='bbox 3032 1257 3155 1311; x_wconf 90' lang='grc' dir='ltr'>μου,</span> <span class='ocrx_word' id='word_1_212' title='bbox 3189 1239 3323 1310; x_wconf 86' lang='grc' dir='ltr'><strong>μηδέ</strong></span> <span class='ocrx_word' id='word_1_213' title='bbox 3353 1239 3473 1292; x_wconf 86' lang='grc' dir='ltr'>τότε</span> <span class='ocrx_word' id='word_1_214' title='bbox 3511 1257 3578 1310; x_wconf 88' lang='grc' dir='ltr'>με</span> <span class='ocrx_word' id='word_1_215' title='bbox 3606 1242 3674 1294; x_wconf 84' lang='grc' dir='ltr'>σὺ</span> 
     </span>
    </p>
   </div>
   <div class='ocr_carea' id='block_1_27' title="bbox 2095 1329 3675 1405">
    <p class='ocr_par' dir='ltr' id='par_1_27' title="bbox 2095 1329 3675 1405">
     <span class='ocr_line' id='line_1_27' title="bbox 2095 1329 3675 1405; baseline -0.002 -17"><span class='ocrx_word' id='word_1_216' title='bbox 2095 1335 2496 1405; x_wconf 86' lang='grc' dir='ltr'>ἐγκαταλίποις.</span> <span class='ocrx_word' id='word_1_217' title='bbox 2543 1334 2729 1388; x_wconf 87' lang='grc' dir='ltr'>Ταῦτα</span> <span class='ocrx_word' id='word_1_218' title='bbox 2762 1333 2861 1404; x_wconf 90' lang='grc' dir='ltr'><strong>μέν</strong></span> <span class='ocrx_word' id='word_1_219' title='bbox 2889 1329 2980 1386; x_wconf 80' lang='grc' dir='ltr'>οὖν</span> <span class='ocrx_word' id='word_1_220' title='bbox 3016 1332 3243 1403; x_wconf 77' lang='grc' dir='ltr'>ἁρμόζοι</span> <span class='ocrx_word' id='word_1_221' title='bbox 3278 1332 3344 1385; x_wconf 85' lang='grc' dir='ltr'>ἂν</span> <span class='ocrx_word' id='word_1_222' title='bbox 3370 1331 3550 1400; x_wconf 87' lang='grc' dir='ltr'>λέγειν</span> <span class='ocrx_word' id='word_1_223' title='bbox 3578 1333 3675 1387; x_wconf 82' lang='grc' dir='ltr'>καὶ</span> 
     </span>
    </p>
   </div>
   <div class='ocr_carea' id='block_1_28' title="bbox 2094 1422 3673 1498">
    <p class='ocr_par' dir='ltr' id='par_1_28' title="bbox 2094 1422 3673 1498">
     <span class='ocr_line' id='line_1_28' title="bbox 2094 1422 3673 1498; baseline -0.002 -19"><span class='ocrx_word' id='word_1_224' title='bbox 2094 1426 2173 1498; x_wconf 83' lang='grc' dir='ltr'>τῷ</span> <span class='ocrx_word' id='word_1_225' title='bbox 2193 1425 2354 1481; x_wconf 81' lang='grc' dir='ltr'>Δαυῒδ</span> <span class='ocrx_word' id='word_1_226' title='bbox 2382 1428 2475 1480; x_wconf 76' lang='grc' dir='ltr'>καὶ</span> <span class='ocrx_word' id='word_1_227' title='bbox 2518 1428 2680 1479; x_wconf 74' lang='grc' dir='ltr'>παντὶ</span> <span class='ocrx_word' id='word_1_228' title='bbox 2721 1423 2992 1495; x_wconf 83' lang='grc' dir='ltr'>ἀνθρώπῳ</span> <span class='ocrx_word' id='word_1_229' title='bbox 3032 1422 3270 1492; x_wconf 79' lang='grc' dir='ltr'>θεοφιλεῖ</span> <span class='ocrx_word' id='word_1_230' title='bbox 3298 1425 3356 1476; x_wconf 94' lang='grc' dir='ltr'><strong>ἐν</strong></span> <span class='ocrx_word' id='word_1_231' title='bbox 3385 1426 3505 1486; x_wconf 85' lang='grc' dir='ltr'>ταῖς</span> <span class='ocrx_word' id='word_1_232' title='bbox 3535 1422 3673 1495; x_wconf 92' lang='grc' dir='ltr'>πρὸς</span> 
     </span>
    </p>
   </div>
   <div class='ocr_carea' id='block_1_29' title="bbox 2092 1513 3673 1589">
    <p class='ocr_par' dir='ltr' id='par_1_29' title="bbox 2092 1513 3673 1589">
     <span class='ocr_line' id='line_1_29' title="bbox 2092 1513 3673 1589; baseline -0.003 -17"><span class='ocrx_word' id='word_1_233' title='bbox 2092 1519 2183 1572; x_wconf 90' lang='grc' dir='ltr'><strong>τὸν</strong></span> <span class='ocrx_word' id='word_1_234' title='bbox 2216 1519 2345 1571; x_wconf 87' lang='grc' dir='ltr'>Θεὸν</span> <span class='ocrx_word' id='word_1_235' title='bbox 2388 1518 2710 1589; x_wconf 80' lang='grc' dir='ltr'>ἱκετηρίαις.</span> <span class='ocrx_word' id='word_1_236' title='bbox 2759 1516 2881 1568; x_wconf 73' lang='grc' dir='ltr'>Ἐπὶ</span> <span class='ocrx_word' id='word_1_237' title='bbox 2905 1515 2960 1567; x_wconf 86' lang='grc' dir='ltr'><strong>δέ</strong></span> <span class='ocrx_word' id='word_1_238' title='bbox 2990 1513 3084 1566; x_wconf 90' lang='grc' dir='ltr'><strong>τοῦ</strong></span> <span class='ocrx_word' id='word_1_239' title='bbox 3102 1515 3351 1584; x_wconf 82' lang='grc' dir='ltr'>Σωτῆρος</span> <span class='ocrx_word' id='word_1_240' title='bbox 3381 1515 3673 1585; x_wconf 70' lang='grc' dir='ltr'>ἐπίστησον</span> 
     </span>
    </p>
   </div>
   <div class='ocr_carea' id='block_1_30' title="bbox 2093 1605 3673 1682">
    <p class='ocr_par' dir='ltr' id='par_1_30' title="bbox 2093 1605 3673 1682">
     <span class='ocr_line' id='line_1_30' title="bbox 2093 1605 3673 1682; baseline -0.003 -18"><span class='ocrx_word' id='word_1_241' title='bbox 2093 1611 2239 1674; x_wconf 85' lang='grc' dir='ltr'>ὅπως</span> <span class='ocrx_word' id='word_1_242' title='bbox 2263 1613 2475 1682; x_wconf 70' lang='grc' dir='ltr'>εἴρηται</span> <span class='ocrx_word' id='word_1_243' title='bbox 2519 1609 2599 1680; x_wconf 81' lang='grc' dir='ltr'>τῷ</span> <span class='ocrx_word' id='word_1_244' title='bbox 2643 1608 2947 1678; x_wconf 86' lang='grc' dir='ltr'>Ἀποστόλῳ</span> <span class='ocrx_word' id='word_1_245' title='bbox 2974 1607 3054 1671; x_wconf 89' lang='grc' dir='ltr'><strong>τὸ,</strong></span> <span class='ocrx_word' id='word_1_246' title='bbox 3088 1626 3107 1658; x_wconf 80' lang='grc' dir='ltr'><strong>ι</strong></span> <span class='ocrx_word' id='word_1_247' title='bbox 3150 1605 3496 1677; x_wconf 88' lang='grc' dir='ltr'>Ἐσταυρώθη</span> <span class='ocrx_word' id='word_1_248' title='bbox 3532 1606 3588 1659; x_wconf 87' lang='grc' dir='ltr'><strong>δέ</strong></span> <span class='ocrx_word' id='word_1_249' title='bbox 3611 1605 3673 1671; x_wconf 78' lang='grc' dir='ltr'>ἐξ</span> 
     </span>
    </p>
   </div>
   <div class='ocr_carea' id='block_1_31' title="bbox 2092 1692 3671 1771">
    <p class='ocr_par' dir='ltr' id='par_1_31' title="bbox 2092 1692 3671 1771">
     <span class='ocr_line' id='line_1_31' title="bbox 2092 1692 3671 1771; baseline -0.003 -15"><span class='ocrx_word' id='word_1_250' title='bbox 2092 1703 2397 1765; x_wconf 85' lang='grc' dir='ltr'>ἀσθενείας,</span> <span class='ocrx_word' id='word_1_251' title='bbox 2429 1700 2564 1755; x_wconf 88' lang='grc' dir='ltr'>ἀλλὰ</span> <span class='ocrx_word' id='word_1_252' title='bbox 2592 1700 2656 1771; x_wconf 81' lang='grc' dir='ltr'><strong>ζῇ</strong></span> <span class='ocrx_word' id='word_1_253' title='bbox 2689 1701 2753 1753; x_wconf 90' lang='grc' dir='ltr'><strong>ἐκ</strong></span> <span class='ocrx_word' id='word_1_254' title='bbox 2782 1692 3065 1770; x_wconf 86' lang='grc' dir='ltr'>δυνάμεως</span> <span class='ocrx_word' id='word_1_255' title='bbox 3089 1697 3246 1753; x_wconf 91' lang='grc' dir='ltr'>Θεοῦ.</span> <span class='ocrx_word' id='word_1_256' title='bbox 3284 1718 3302 1749; x_wconf 84' lang='grc'><strong>›</strong></span> <span class='ocrx_word' id='word_1_257' title='bbox 3340 1700 3402 1752; x_wconf 82' lang='lat' dir='ltr'><strong>El</strong></span> <span class='ocrx_word' id='word_1_258' title='bbox 3434 1698 3546 1770; x_wconf 87' lang='grc' dir='ltr'><strong>γὰρ</strong></span> <span class='ocrx_word' id='word_1_259' title='bbox 3575 1700 3671 1752; x_wconf 78' lang='grc' dir='ltr'><strong>καὶ</strong></span> 
     </span>
    </p>
   </div>
   <div class='ocr_carea' id='block_1_32' title="bbox 2092 1789 3669 1865">
    <p class='ocr_par' dir='ltr' id='par_1_32' title="bbox 2092 1789 3669 1865">
     <span class='ocr_line' id='line_1_32' title="bbox 2092 1789 3669 1865; baseline -0.023 -16"><span class='ocrx_word' id='word_1_260' title='bbox 2092 1794 2150 1861; x_wconf 82' lang='grc' dir='ltr'>ἐξ</span> <span class='ocrx_word' id='word_1_261' title='bbox 2198 1794 2483 1857; x_wconf 83' lang='grc' dir='ltr'>ἀσθενείας</span> <span class='ocrx_word' id='word_1_262' title='bbox 2536 1791 2876 1865; x_wconf 88' lang='grc' dir='ltr'>ἐσταυρώθη,</span> <span class='ocrx_word' id='word_1_263' title='bbox 2921 1790 3035 1844; x_wconf 84' lang='grc' dir='ltr'>ἀλλ’</span> <span class='ocrx_word' id='word_1_264' title='bbox 3063 1789 3179 1843; x_wconf 77' lang='grc' dir='ltr'>οὔτι</span> <span class='ocrx_word' id='word_1_265' title='bbox 3211 1808 3275 1858; x_wconf 91' lang='grc' dir='ltr'>γε</span> <span class='ocrx_word' id='word_1_266' title='bbox 3310 1791 3549 1860; x_wconf 64' lang='grc' dir='ltr'>νικηθεὶς</span> <span class='ocrx_word' id='word_1_267' title='bbox 3576 1791 3669 1859; x_wconf 70' lang='grc' dir='ltr'><strong>ὑφ,</strong></span> 
     </span>
    </p>
   </div>
   <div class='ocr_carea' id='block_1_33' title="bbox 416 1880 1985 1957">
    <p class='ocr_par' dir='ltr' id='par_1_33' title="bbox 416 1884 1985 1943">
     <span class='ocr_line' id='line_1_33' title="bbox 416 1884 1985 1943; baseline -0.001 -2"><span class='ocrx_word' id='word_1_268' title='bbox 416 1889 503 1942; x_wconf 89' lang='lat' dir='ltr'><strong>bis</strong></span> <span class='ocrx_word' id='word_1_269' title='bbox 524 1887 743 1943; x_wconf 78' lang='lat' dir='ltr'><strong>verbis:</strong></span> <span class='ocrx_word' id='word_1_270' title='bbox 772 1906 805 1939; x_wconf 87' lang='grc'><strong>-‹</strong></span> <span class='ocrx_word' id='word_1_271' title='bbox 845 1886 1013 1943; x_wconf 86' lang='lat' dir='ltr'><strong>Nemo</strong></span> <span class='ocrx_word' id='word_1_272' title='bbox 1043 1888 1186 1942; x_wconf 89' lang='lat' dir='ltr'><strong>tollit</strong></span> <span class='ocrx_word' id='word_1_273' title='bbox 1214 1887 1450 1940; x_wconf 87' lang='lat' dir='ltr'><strong>animam</strong></span> <span class='ocrx_word' id='word_1_274' title='bbox 1475 1900 1650 1940; x_wconf 85' lang='lat' dir='ltr'><strong>meam</strong></span> <span class='ocrx_word' id='word_1_275' title='bbox 1683 1899 1714 1937; x_wconf 91' lang='lat' dir='ltr'><strong>a</strong></span> <span class='ocrx_word' id='word_1_276' title='bbox 1743 1899 1864 1939; x_wconf 89' lang='lat' dir='ltr'><strong>me:</strong></span> <span class='ocrx_word' id='word_1_277' title='bbox 1890 1884 1985 1939; x_wconf 94' lang='lat' dir='ltr'><strong>sed</strong></span> 
     </span>
    </p>
   </div>
   <div class='ocr_carea' id='block_1_34' title="bbox 2088 1880 3671 1957">
    <p class='ocr_par' dir='ltr' id='par_1_34' title="bbox 2091 1880 3671 1957">
     <span class='ocr_line' id='line_1_34' title="bbox 2091 1880 3671 1957; baseline -0.003 -19"><span class='ocrx_word' id='word_1_278' title='bbox 2091 1885 2312 1957; x_wconf 85' lang='grc' dir='ltr'>ἐτέρων,</span> <span class='ocrx_word' id='word_1_279' title='bbox 2343 1884 2505 1947; x_wconf 85' lang='grc' dir='ltr'>αὐτὸς</span> <span class='ocrx_word' id='word_1_280' title='bbox 2530 1884 2585 1937; x_wconf 82' lang='grc' dir='ltr'><strong>δὲ</strong></span> <span class='ocrx_word' id='word_1_281' title='bbox 2623 1883 2814 1936; x_wconf 87' lang='grc' dir='ltr'>ἐαυτὸν</span> <span class='ocrx_word' id='word_1_282' title='bbox 2836 1881 3036 1951; x_wconf 82' lang='grc' dir='ltr'>ἀσθενῆ</span> <span class='ocrx_word' id='word_1_283' title='bbox 3068 1883 3320 1952; x_wconf 84' lang='grc' dir='ltr'>ποιήσας,</span> <span class='ocrx_word' id='word_1_284' title='bbox 3356 1882 3450 1935; x_wconf 75' lang='grc' dir='ltr'>καὶ</span> <span class='ocrx_word' id='word_1_285' title='bbox 3478 1880 3671 1934; x_wconf 83' lang='grc' dir='ltr'>ἑαυτὸν</span> 
     </span>
    </p>
   </div>
   <div class='ocr_carea' id='block_1_35' title="bbox 413 1975 1987 2047">
    <p class='ocr_par' dir='ltr' id='par_1_35' title="bbox 413 1975 1987 2047">
     <span class='ocr_line' id='line_1_35' title="bbox 413 1975 1987 2047; baseline -0.001 -16"><span class='ocrx_word' id='word_1_286' title='bbox 413 1992 515 2047; x_wconf 84' lang='lat' dir='ltr'><strong>ego</strong></span> <span class='ocrx_word' id='word_1_287' title='bbox 539 1992 684 2047; x_wconf 90' lang='lat' dir='ltr'><strong>pono</strong></span> <span class='ocrx_word' id='word_1_288' title='bbox 717 1992 838 2032; x_wconf 90' lang='lat' dir='ltr'><strong>eam</strong></span> <span class='ocrx_word' id='word_1_289' title='bbox 873 1991 903 2030; x_wconf 90' lang='lat' dir='ltr'><strong>a</strong></span> <span class='ocrx_word' id='word_1_290' title='bbox 934 1977 1162 2047; x_wconf 91' lang='lat' dir='ltr'><strong>meipso.</strong></span> <span class='ocrx_word' id='word_1_291' title='bbox 1187 1975 1520 2031; x_wconf 89' lang='lat' dir='ltr'><strong>Potestatem</strong></span> <span class='ocrx_word' id='word_1_292' title='bbox 1550 1976 1726 2031; x_wconf 87' lang='lat' dir='ltr'><strong>habeo</strong></span> <span class='ocrx_word' id='word_1_293' title='bbox 1749 1975 1987 2046; x_wconf 83' lang='lat' dir='ltr'><strong>ponendi</strong></span> 
     </span>
    </p>
   </div>
   <div class='ocr_carea' id='block_1_36' title="bbox 412 2067 1989 2139">
    <p class='ocr_par' dir='ltr' id='par_1_36' title="bbox 412 2067 1989 2139">
     <span class='ocr_line' id='line_1_36' title="bbox 412 2067 1989 2139; baseline -0.002 -16"><span class='ocrx_word' id='word_1_294' title='bbox 412 2084 555 2135; x_wconf 88' lang='lat' dir='ltr'><strong>eam,</strong></span> <span class='ocrx_word' id='word_1_295' title='bbox 574 2076 626 2123; x_wconf 92' lang='lat' dir='ltr'><strong>et</strong></span> <span class='ocrx_word' id='word_1_296' title='bbox 641 2076 973 2139; x_wconf 89' lang='lat' dir='ltr'><strong>potestatem</strong></span> <span class='ocrx_word' id='word_1_297' title='bbox 995 2069 1169 2123; x_wconf 89' lang='lat' dir='ltr'><strong>habeo</strong></span> <span class='ocrx_word' id='word_1_298' title='bbox 1190 2068 1492 2138; x_wconf 90' lang='lat' dir='ltr'><strong>recipiendi</strong></span> <span class='ocrx_word' id='word_1_299' title='bbox 1512 2082 1633 2123; x_wconf 91' lang='lat' dir='ltr'><strong>eam</strong></span> <span class='ocrx_word' id='word_1_300' title='bbox 1648 2068 1715 2123; x_wconf 75' lang='grc'><strong>⁸⁵.</strong></span> <span class='ocrx_word' id='word_1_301' title='bbox 1745 2087 1765 2119; x_wconf 84' lang='grc'><strong>›</strong></span> <span class='ocrx_word' id='word_1_302' title='bbox 1787 2067 1989 2133; x_wconf 82' lang='lat' dir='ltr'><strong>Quem-</strong></span> 
     </span>
    </p>
   </div>
   <div class='ocr_carea' id='block_1_37' title="bbox 292 2158 1987 2230">
    <p class='ocr_par' dir='ltr' id='par_1_37' title="bbox 292 2158 1987 2230">
     <span class='ocr_line' id='line_1_37' title="bbox 292 2158 1987 2230; baseline -0.001 -18"><span class='ocrx_word' id='word_1_303' title='bbox 292 2164 303 2169; x_wconf 85' lang='grc'><strong>’</strong></span> <span class='ocrx_word' id='word_1_304' title='bbox 414 2159 708 2213; x_wconf 88' lang='lat' dir='ltr'><strong>admodum</strong></span> <span class='ocrx_word' id='word_1_305' title='bbox 764 2160 930 2230; x_wconf 77' lang='lat' dir='ltr'><strong>igitur</strong></span> <span class='ocrx_word' id='word_1_306' title='bbox 985 2160 1295 2214; x_wconf 91' lang='lat' dir='ltr'><strong>humiliavit</strong></span> <span class='ocrx_word' id='word_1_307' title='bbox 1344 2158 1718 2229; x_wconf 86' lang='lat' dir='ltr'><strong>semetipsum,</strong></span> <span class='ocrx_word' id='word_1_308' title='bbox 1754 2158 1987 2213; x_wconf 78' lang='lat' dir='ltr'><strong>formam</strong></span> 
     </span>
    </p>
   </div>
   <div class='ocr_carea' id='block_1_38' title="bbox 413 2248 1989 2320">
    <p class='ocr_par' dir='ltr' id='par_1_38' title="bbox 413 2248 1989 2320">
     <span class='ocr_line' id='line_1_38' title="bbox 413 2248 1989 2320; baseline -0.001 -17"><span class='ocrx_word' id='word_1_309' title='bbox 413 2251 558 2303; x_wconf 81' lang='lat' dir='ltr'><strong>servi</strong></span> <span class='ocrx_word' id='word_1_310' title='bbox 589 2250 905 2320; x_wconf 86' lang='lat' dir='ltr'><strong>accipiens;</strong></span> <span class='ocrx_word' id='word_1_311' title='bbox 942 2251 1023 2304; x_wconf 92' lang='lat' dir='ltr'><strong>sic</strong></span> <span class='ocrx_word' id='word_1_312' title='bbox 1056 2264 1178 2305; x_wconf 89' lang='lat' dir='ltr'><strong>sese</strong></span> <span class='ocrx_word' id='word_1_313' title='bbox 1217 2248 1497 2303; x_wconf 88' lang='lat' dir='ltr'><strong>inﬁrmum</strong></span> <span class='ocrx_word' id='word_1_314' title='bbox 1551 2250 1753 2314; x_wconf 82' lang='lat' dir='ltr'><strong>eﬁ‘ecit,</strong></span> <span class='ocrx_word' id='word_1_315' title='bbox 1817 2256 1877 2303; x_wconf 93' lang='lat' dir='ltr'><strong>ut</strong></span> <span class='ocrx_word' id='word_1_316' title='bbox 1920 2248 1989 2302; x_wconf 81' lang='lat' dir='ltr'><strong>ab</strong></span> 
     </span>
    </p>
   </div>
   <div class='ocr_carea' id='block_1_39' title="bbox 412 2340 1989 2411">
    <p class='ocr_par' dir='ltr' id='par_1_39' title="bbox 412 2340 1989 2411">
     <span class='ocr_line' id='line_1_39' title="bbox 412 2340 1989 2411; baseline -0.001 -15"><span class='ocrx_word' id='word_1_317' title='bbox 412 2341 728 2397; x_wconf 88' lang='lat' dir='ltr'><strong>hominibus</strong></span> <span class='ocrx_word' id='word_1_318' title='bbox 757 2341 877 2411; x_wconf 89' lang='lat' dir='ltr'><strong>capi</strong></span> <span class='ocrx_word' id='word_1_319' title='bbox 902 2348 1109 2410; x_wconf 88' lang='lat' dir='ltr'><strong>posset,</strong></span> <span class='ocrx_word' id='word_1_320' title='bbox 1148 2349 1317 2411; x_wconf 92' lang='lat' dir='ltr'><strong>utque</strong></span> <span class='ocrx_word' id='word_1_321' title='bbox 1337 2357 1556 2397; x_wconf 91' lang='lat' dir='ltr'><strong>crucem</strong></span> <span class='ocrx_word' id='word_1_322' title='bbox 1586 2342 1817 2407; x_wconf 75' lang='lat' dir='ltr'><strong>subiret,</strong></span> <span class='ocrx_word' id='word_1_323' title='bbox 1858 2360 1876 2392; x_wconf 80' lang='grc' dir='ltr'><strong>ι</strong></span> <span class='ocrx_word' id='word_1_324' title='bbox 1906 2340 1989 2395; x_wconf 71' lang='grc' dir='ltr'><strong>ἰο-</strong></span> 
     </span>
    </p>
   </div>
   <div class='ocr_carea' id='block_1_40' title="bbox 410 2432 1989 2504">
    <p class='ocr_par' dir='ltr' id='par_1_40' title="bbox 410 2432 1989 2504">
     <span class='ocr_line' id='line_1_40' title="bbox 410 2432 1989 2504; baseline -0.001 -14"><span class='ocrx_word' id='word_1_325' title='bbox 410 2441 533 2490; x_wconf 89' lang='lat' dir='ltr'><strong>ctus</strong></span> <span class='ocrx_word' id='word_1_326' title='bbox 560 2433 821 2489; x_wconf 90' lang='lat' dir='ltr'><strong>obediens</strong></span> <span class='ocrx_word' id='word_1_327' title='bbox 851 2452 870 2484; x_wconf 75' lang='grc' dir='ltr'><strong>ι</strong></span> <span class='ocrx_word' id='word_1_328' title='bbox 900 2432 1051 2486; x_wconf 90' lang='lat' dir='ltr'><strong>Patri</strong></span> <span class='ocrx_word' id='word_1_329' title='bbox 1088 2454 1106 2485; x_wconf 85' lang='grc'><strong>‹</strong></span> <span class='ocrx_word' id='word_1_330' title='bbox 1144 2450 1321 2504; x_wconf 85' lang='lat' dir='ltr'><strong>usque</strong></span> <span class='ocrx_word' id='word_1_331' title='bbox 1354 2435 1420 2489; x_wconf 89' lang='lat' dir='ltr'><strong>ad</strong></span> <span class='ocrx_word' id='word_1_332' title='bbox 1467 2443 1719 2498; x_wconf 92' lang='lat' dir='ltr'><strong>mortem,</strong></span> <span class='ocrx_word' id='word_1_333' title='bbox 1755 2442 1989 2489; x_wconf 87' lang='lat' dir='ltr'><strong>mortem</strong></span> 
     </span>
    </p>
   </div>
   <div class='ocr_carea' id='block_1_41' title="bbox 411 2523 1989 2590">
    <p class='ocr_par' dir='ltr' id='par_1_41' title="bbox 411 2523 1989 2590">
     <span class='ocr_line' id='line_1_41' title="bbox 411 2523 1989 2590; baseline 0.001 -13"><span class='ocrx_word' id='word_1_334' title='bbox 411 2535 594 2580; x_wconf 89' lang='lat' dir='ltr'><strong>autem</strong></span> <span class='ocrx_word' id='word_1_335' title='bbox 625 2525 901 2579; x_wconf 71' lang='lat' dir='ltr'><strong>crucis“.</strong></span> <span class='ocrx_word' id='word_1_336' title='bbox 943 2542 962 2575; x_wconf 77' lang='grc' dir='ltr'><strong>ι</strong></span> <span class='ocrx_word' id='word_1_337' title='bbox 1000 2523 1182 2589; x_wconf 84' lang='lat' dir='ltr'><strong>Quare</strong></span> <span class='ocrx_word' id='word_1_338' title='bbox 1211 2524 1308 2590; x_wconf 73' lang='lat' dir='ltr'><strong>ait;</strong></span> <span class='ocrx_word' id='word_1_339' title='bbox 1357 2544 1376 2577; x_wconf 78' lang='grc' dir='ltr'><strong>ι</strong></span> <span class='ocrx_word' id='word_1_340' title='bbox 1417 2524 1555 2581; x_wconf 88' lang='lat' dir='ltr'><strong>Cum</strong></span> <span class='ocrx_word' id='word_1_341' title='bbox 1589 2525 1849 2580; x_wconf 79' lang='lat' dir='ltr'><strong>defecerit</strong></span> <span class='ocrx_word' id='word_1_342' title='bbox 1874 2526 1989 2580; x_wconf 87' lang='lat' dir='ltr'><strong>vir—</strong></span> 
     </span>
    </p>
   </div>
   <div class='ocr_carea' id='block_1_42' title="bbox 410 2616 1989 2687">
    <p class='ocr_par' dir='ltr' id='par_1_42' title="bbox 410 2616 1989 2687">
     <span class='ocr_line' id='line_1_42' title="bbox 410 2616 1989 2687; baseline 0.001 -16"><span class='ocrx_word' id='word_1_343' title='bbox 410 2627 503 2672; x_wconf 87' lang='lat' dir='ltr'><strong>tus</strong></span> <span class='ocrx_word' id='word_1_344' title='bbox 534 2632 675 2683; x_wconf 89' lang='lat' dir='ltr'><strong>mea,</strong></span> <span class='ocrx_word' id='word_1_345' title='bbox 710 2632 778 2672; x_wconf 90' lang='lat' dir='ltr'><strong>ne</strong></span> <span class='ocrx_word' id='word_1_346' title='bbox 799 2616 1152 2686; x_wconf 88' lang='lat' dir='ltr'><strong>derelinquas</strong></span> <span class='ocrx_word' id='word_1_347' title='bbox 1185 2632 1291 2672; x_wconf 90' lang='lat' dir='ltr'><strong>me.</strong></span> <span class='ocrx_word' id='word_1_348' title='bbox 1327 2636 1345 2669; x_wconf 72' lang='grc' dir='ltr'><strong>ι</strong></span> <span class='ocrx_word' id='word_1_349' title='bbox 1382 2616 1591 2672; x_wconf 85' lang='lat' dir='ltr'><strong>Deinde</strong></span> <span class='ocrx_word' id='word_1_350' title='bbox 1620 2632 1742 2672; x_wconf 89' lang='lat' dir='ltr'><strong>cum</strong></span> <span class='ocrx_word' id='word_1_351' title='bbox 1774 2617 1989 2687; x_wconf 91' lang='lat' dir='ltr'><strong>passio-</strong></span> 
     </span>
    </p>
   </div>
   <div class='ocr_carea' id='block_1_43' title="bbox 409 2706 1985 2775">
    <p class='ocr_par' dir='ltr' id='par_1_43' title="bbox 409 2706 1985 2775">
     <span class='ocr_line' id='line_1_43' title="bbox 409 2706 1985 2775; baseline 0 -14"><span class='ocrx_word' id='word_1_352' title='bbox 409 2724 535 2762; x_wconf 85' lang='lat' dir='ltr'><strong>nem</strong></span> <span class='ocrx_word' id='word_1_353' title='bbox 568 2713 948 2773; x_wconf 89' lang='lat' dir='ltr'><strong>memorasset,</strong></span> <span class='ocrx_word' id='word_1_354' title='bbox 982 2706 1256 2775; x_wconf 80' lang='lat' dir='ltr'><strong>passionis</strong></span> <span class='ocrx_word' id='word_1_355' title='bbox 1306 2713 1595 2760; x_wconf 90' lang='lat' dir='ltr'><strong>auctorum</strong></span> <span class='ocrx_word' id='word_1_356' title='bbox 1653 2707 1985 2761; x_wconf 89' lang='lat' dir='ltr'><strong>mentionem</strong></span> 
     </span>
    </p>
   </div>
   <div class='ocr_carea' id='block_1_44' title="bbox 408 2797 1989 2864">
    <p class='ocr_par' dir='ltr' id='par_1_44' title="bbox 408 2797 1989 2864">
     <span class='ocr_line' id='line_1_44' title="bbox 408 2797 1989 2864; baseline 0.001 -12"><span class='ocrx_word' id='word_1_357' title='bbox 408 2799 543 2853; x_wconf 74' lang='lat' dir='ltr'><strong>facit</strong></span> <span class='ocrx_word' id='word_1_358' title='bbox 572 2798 763 2852; x_wconf 90' lang='lat' dir='ltr'><strong>dicens</strong></span> <span class='ocrx_word' id='word_1_359' title='bbox 795 2816 807 2851; x_wconf 92' lang='lat'><strong>:</strong></span> <span class='ocrx_word' id='word_1_360' title='bbox 847 2816 865 2847; x_wconf 83' lang='grc' dir='ltr'><strong>ι</strong></span> <span class='ocrx_word' id='word_1_361' title='bbox 911 2797 1048 2864; x_wconf 86' lang='lat' dir='ltr'><strong>Quia</strong></span> <span class='ocrx_word' id='word_1_362' title='bbox 1084 2797 1339 2852; x_wconf 83' lang='lat' dir='ltr'><strong>dixerunt</strong></span> <span class='ocrx_word' id='word_1_363' title='bbox 1371 2798 1580 2852; x_wconf 87' lang='lat' dir='ltr'><strong>inimici</strong></span> <span class='ocrx_word' id='word_1_364' title='bbox 1611 2798 1717 2853; x_wconf 86' lang='lat' dir='ltr'><strong>mei</strong></span> <span class='ocrx_word' id='word_1_365' title='bbox 1748 2798 1904 2861; x_wconf 90' lang='lat' dir='ltr'><strong>mihi,</strong></span> <span class='ocrx_word' id='word_1_366' title='bbox 1933 2807 1989 2853; x_wconf 92' lang='lat' dir='ltr'><strong>et</strong></span> 
     </span>
    </p>
   </div>
   <div class='ocr_carea' id='block_1_45' title="bbox 409 2888 1986 2961">
    <p class='ocr_par' dir='ltr' id='par_1_45' title="bbox 409 2888 1986 2961">
     <span class='ocr_line' id='line_1_45' title="bbox 409 2888 1986 2961; baseline -0.001 -17"><span class='ocrx_word' id='word_1_367' title='bbox 409 2891 503 2961; x_wconf 93' lang='lat' dir='ltr'><strong>qui</strong></span> <span class='ocrx_word' id='word_1_368' title='bbox 528 2888 912 2945; x_wconf 89' lang='lat' dir='ltr'><strong>custodiebant</strong></span> <span class='ocrx_word' id='word_1_369' title='bbox 943 2888 1181 2942; x_wconf 86' lang='lat' dir='ltr'><strong>animam</strong></span> <span class='ocrx_word' id='word_1_370' title='bbox 1228 2904 1436 2956; x_wconf 88' lang='lat' dir='ltr'><strong>meam;</strong></span> <span class='ocrx_word' id='word_1_371' title='bbox 1486 2909 1504 2943; x_wconf 75' lang='grc' dir='ltr'><strong>ι</strong></span> <span class='ocrx_word' id='word_1_372' title='bbox 1536 2890 1649 2945; x_wconf 88' lang='lat' dir='ltr'><strong>sive</strong></span> <span class='ocrx_word' id='word_1_373' title='bbox 1684 2889 1986 2946; x_wconf 89' lang='lat' dir='ltr'><strong>secundum</strong></span> 
     </span>
    </p>
   </div>
   <div class='ocr_carea' id='block_1_46' title="bbox 411 2980 1984 3053">
    <p class='ocr_par' dir='ltr' id='par_1_46' title="bbox 411 2980 1984 3053">
     <span class='ocr_line' id='line_1_46' title="bbox 411 2980 1984 3053; baseline 0.001 -19"><span class='ocrx_word' id='word_1_374' title='bbox 411 2980 822 3053; x_wconf 86' lang='lat' dir='ltr'><strong>Symmachum,</strong></span> <span class='ocrx_word' id='word_1_375' title='bbox 864 2997 883 3029; x_wconf 81' lang='grc' dir='ltr'><strong>ι</strong></span> <span class='ocrx_word' id='word_1_376' title='bbox 921 2980 987 3033; x_wconf 83' lang='grc' dir='ltr'>Ει</span> <span class='ocrx_word' id='word_1_377' title='bbox 1014 2980 1107 3049; x_wconf 91' lang='lat' dir='ltr'><strong>qui</strong></span> <span class='ocrx_word' id='word_1_378' title='bbox 1137 2981 1506 3035; x_wconf 88' lang='lat' dir='ltr'><strong>observabant</strong></span> <span class='ocrx_word' id='word_1_379' title='bbox 1526 2983 1763 3035; x_wconf 89' lang='lat' dir='ltr'><strong>animam</strong></span> <span class='ocrx_word' id='word_1_380' title='bbox 1788 2998 1984 3050; x_wconf 88' lang='lat' dir='ltr'><strong>meam,</strong></span> 
     </span>
    </p>
   </div>
   <div class='ocr_carea' id='block_1_47' title="bbox 411 3071 1989 3144">
    <p class='ocr_par' dir='ltr' id='par_1_47' title="bbox 411 3071 1989 3144">
     <span class='ocr_line' id='line_1_47' title="bbox 411 3071 1989 3144; baseline 0 -15"><span class='ocrx_word' id='word_1_381' title='bbox 411 3073 713 3129; x_wconf 86' lang='lat' dir='ltr'><strong>consilium</strong></span> <span class='ocrx_word' id='word_1_382' title='bbox 740 3072 980 3126; x_wconf 91' lang='lat' dir='ltr'><strong>inierunt</strong></span> <span class='ocrx_word' id='word_1_383' title='bbox 1013 3071 1177 3127; x_wconf 91' lang='lat' dir='ltr'><strong>simul</strong></span> <span class='ocrx_word' id='word_1_384' title='bbox 1209 3072 1455 3127; x_wconf 87' lang='lat' dir='ltr'><strong>dicentes</strong></span> <span class='ocrx_word' id='word_1_385' title='bbox 1476 3113 1491 3137; x_wconf 92' lang='lat'><strong>,</strong></span> <span class='ocrx_word' id='word_1_386' title='bbox 1524 3071 1669 3128; x_wconf 88' lang='lat' dir='ltr'><strong>Deus</strong></span> <span class='ocrx_word' id='word_1_387' title='bbox 1698 3073 1989 3144; x_wconf 86' lang='lat' dir='ltr'><strong>dereliquit</strong></span> 
     </span>
    </p>
   </div>
   <div class='ocr_carea' id='block_1_48' title="bbox 407 3162 1987 3234">
    <p class='ocr_par' dir='ltr' id='par_1_48' title="bbox 407 3162 1987 3234">
     <span class='ocr_line' id='line_1_48' title="bbox 407 3162 1987 3234; baseline -0.001 -14"><span class='ocrx_word' id='word_1_388' title='bbox 407 3181 563 3231; x_wconf 85' lang='lat' dir='ltr'><strong>eum;</strong></span> <span class='ocrx_word' id='word_1_389' title='bbox 608 3162 1000 3234; x_wconf 89' lang='lat' dir='ltr'><strong>persequimini</strong></span> <span class='ocrx_word' id='word_1_390' title='bbox 1044 3170 1098 3217; x_wconf 91' lang='lat' dir='ltr'><strong>et</strong></span> <span class='ocrx_word' id='word_1_391' title='bbox 1151 3163 1595 3233; x_wconf 90' lang='lat' dir='ltr'><strong>comprehendite</strong></span> <span class='ocrx_word' id='word_1_392' title='bbox 1654 3179 1817 3231; x_wconf 92' lang='lat' dir='ltr'><strong>eum,</strong></span> <span class='ocrx_word' id='word_1_393' title='bbox 1857 3167 1987 3234; x_wconf 89' lang='lat' dir='ltr'><strong>quia</strong></span> 
     </span>
    </p>
   </div>
   <div class='ocr_carea' id='block_1_49' title="bbox 2091 1972 3670 2050">
    <p class='ocr_par' dir='ltr' id='par_1_49' title="bbox 2091 1972 3670 2050">
     <span class='ocr_line' id='line_1_49' title="bbox 2091 1972 3670 2050; baseline -0.005 -18"><span class='ocrx_word' id='word_1_394' title='bbox 2091 1979 2364 2050; x_wconf 78' lang='grc' dir='ltr'>παραδοὺς</span> <span class='ocrx_word' id='word_1_395' title='bbox 2382 1976 2691 2047; x_wconf 83' lang='grc' dir='ltr'>ὑποχείριον</span> <span class='ocrx_word' id='word_1_396' title='bbox 2732 1973 3073 2046; x_wconf 87' lang='grc' dir='ltr'>ἀνθρώποις·</span> <span class='ocrx_word' id='word_1_397' title='bbox 3111 1974 3139 2027; x_wconf 83' lang='grc' dir='ltr'><strong>ὃ</strong></span> <span class='ocrx_word' id='word_1_398' title='bbox 3170 1973 3234 2044; x_wconf 82' lang='grc' dir='ltr'>δὴ</span> <span class='ocrx_word' id='word_1_399' title='bbox 3280 1973 3519 2027; x_wconf 82' lang='grc' dir='ltr'>διδάσκει</span> <span class='ocrx_word' id='word_1_400' title='bbox 3566 1972 3670 2042; x_wconf 83' lang='grc' dir='ltr'><strong>φά-</strong></span> 
     </span>
    </p>
   </div>
   <div class='ocr_carea' id='block_1_50' title="bbox 2090 2062 3668 2137">
    <p class='ocr_par' dir='ltr' id='par_1_50' title="bbox 2090 2062 3668 2137">
     <span class='ocr_line' id='line_1_50' title="bbox 2090 2062 3668 2137; baseline -0.004 -13"><span class='ocrx_word' id='word_1_401' title='bbox 2090 2088 2234 2124; x_wconf 88' lang='grc' dir='ltr'>σκων</span> <span class='ocrx_word' id='word_1_402' title='bbox 2253 2087 2265 2099; x_wconf 73' lang='grc' dir='ltr'><strong><em>ο</em></strong></span> <span class='ocrx_word' id='word_1_403' title='bbox 2294 2089 2311 2119; x_wconf 83' lang='grc' dir='ltr'><strong>ι</strong></span> <span class='ocrx_word' id='word_1_404' title='bbox 2343 2067 2531 2130; x_wconf 75' lang='grc' dir='ltr'><strong>Οὐδεὶς</strong></span> <span class='ocrx_word' id='word_1_405' title='bbox 2578 2066 2719 2137; x_wconf 81' lang='grc' dir='ltr'>αἴρει</span> <span class='ocrx_word' id='word_1_406' title='bbox 2762 2065 2859 2136; x_wconf 83' lang='grc' dir='ltr'>τὴν</span> <span class='ocrx_word' id='word_1_407' title='bbox 2886 2065 3062 2136; x_wconf 73' lang='grc' dir='ltr'>ψυχήν</span> <span class='ocrx_word' id='word_1_408' title='bbox 3093 2082 3193 2135; x_wconf 92' lang='grc' dir='ltr'><strong>μου</strong></span> <span class='ocrx_word' id='word_1_409' title='bbox 3220 2064 3313 2117; x_wconf 79' lang='grc' dir='ltr'><strong>ἀπ’</strong></span> <span class='ocrx_word' id='word_1_410' title='bbox 3343 2062 3477 2135; x_wconf 81' lang='grc' dir='ltr'>ἐμοῦ</span> <span class='ocrx_word' id='word_1_411' title='bbox 3498 2081 3511 2093; x_wconf 80' lang='grc'><em>’</em></span> <span class='ocrx_word' id='word_1_412' title='bbox 3554 2064 3668 2117; x_wconf 83' lang='grc' dir='ltr'>ἀλλ’</span> 
     </span>
    </p>
   </div>
   <div class='ocr_carea' id='block_1_51' title="bbox 2088 2155 3667 2231">
    <p class='ocr_par' dir='ltr' id='par_1_51' title="bbox 2088 2155 3667 2231">
     <span class='ocr_line' id='line_1_51' title="bbox 2088 2155 3667 2231; baseline -0.003 -18"><span class='ocrx_word' id='word_1_413' title='bbox 2088 2159 2197 2230; x_wconf 87' lang='grc' dir='ltr'>ἐγὼ</span> <span class='ocrx_word' id='word_1_414' title='bbox 2218 2159 2406 2231; x_wconf 87' lang='grc' dir='ltr'>τίθημι</span> <span class='ocrx_word' id='word_1_415' title='bbox 2438 2157 2607 2229; x_wconf 84' lang='grc' dir='ltr'>αὐτὴν</span> <span class='ocrx_word' id='word_1_416' title='bbox 2641 2159 2736 2211; x_wconf 80' lang='grc' dir='ltr'><strong>ἀπ’</strong></span> <span class='ocrx_word' id='word_1_417' title='bbox 2759 2156 3017 2228; x_wconf 77' lang='grc' dir='ltr'>ἐμαυτοῦ.</span> <span class='ocrx_word' id='word_1_418' title='bbox 3062 2156 3336 2222; x_wconf 79' lang='grc' dir='ltr'>Ἐξουσίαν</span> <span class='ocrx_word' id='word_1_419' title='bbox 3359 2155 3467 2225; x_wconf 74' lang='grc' dir='ltr'>ἔχω</span> <span class='ocrx_word' id='word_1_420' title='bbox 3497 2156 3667 2209; x_wconf 86' lang='grc' dir='ltr'>θεῖναι</span> 
     </span>
    </p>
   </div>
   <div class='ocr_carea' id='block_1_52' title="bbox 2088 2243 3670 2325">
    <p class='ocr_par' dir='ltr' id='par_1_52' title="bbox 2088 2243 3670 2325">
     <span class='ocr_line' id='line_1_52' title="bbox 2088 2243 3670 2325; baseline -0.004 -18"><span class='ocrx_word' id='word_1_421' title='bbox 2088 2252 2279 2325; x_wconf 78' lang='grc' dir='ltr'>αὐτὴν,</span> <span class='ocrx_word' id='word_1_422' title='bbox 2311 2252 2405 2306; x_wconf 76' lang='grc' dir='ltr'>καὶ</span> <span class='ocrx_word' id='word_1_423' title='bbox 2434 2250 2679 2315; x_wconf 77' lang='grc' dir='ltr'>ἐξουσίαν</span> <span class='ocrx_word' id='word_1_424' title='bbox 2706 2249 2813 2320; x_wconf 83' lang='grc' dir='ltr'>ἔχω</span> <span class='ocrx_word' id='word_1_425' title='bbox 2846 2248 3029 2301; x_wconf 81' lang='grc' dir='ltr'>λαϐεῖν</span> <span class='ocrx_word' id='word_1_426' title='bbox 3062 2250 3253 2321; x_wconf 81' lang='grc' dir='ltr'>αὑτήν.</span> <span class='ocrx_word' id='word_1_427' title='bbox 3291 2268 3310 2300; x_wconf 77' lang='grc' dir='ltr'><strong>ι</strong></span> <span class='ocrx_word' id='word_1_428' title='bbox 3343 2249 3551 2321; x_wconf 78' lang='grc' dir='ltr'>Ὥσπερ</span> <span class='ocrx_word' id='word_1_429' title='bbox 3572 2243 3670 2301; x_wconf 82' lang='grc' dir='ltr'>οὖν</span> 
     </span>
    </p>
   </div>
   <div class='ocr_carea' id='block_1_53' title="bbox 2088 2340 3669 2413">
    <p class='ocr_par' dir='ltr' id='par_1_53' title="bbox 2088 2340 3669 2413">
     <span class='ocr_line' id='line_1_53' title="bbox 2088 2340 3669 2413; baseline -0.003 -15"><span class='ocrx_word' id='word_1_430' title='bbox 2088 2345 2353 2399; x_wconf 79' lang='grc' dir='ltr'>ἐκένωσεν</span> <span class='ocrx_word' id='word_1_431' title='bbox 2384 2344 2546 2406; x_wconf 75' lang='grc' dir='ltr'>αὐτὸς</span> <span class='ocrx_word' id='word_1_432' title='bbox 2578 2342 2766 2396; x_wconf 81' lang='grc' dir='ltr'>ἑαυτὸν</span> <span class='ocrx_word' id='word_1_433' title='bbox 2799 2341 3013 2413; x_wconf 81' lang='grc' dir='ltr'>μορφὴν</span> <span class='ocrx_word' id='word_1_434' title='bbox 3045 2341 3233 2395; x_wconf 86' lang='grc' dir='ltr'>δούλου</span> <span class='ocrx_word' id='word_1_435' title='bbox 3265 2340 3467 2404; x_wconf 87' lang='grc' dir='ltr'>λαϐὼν,</span> <span class='ocrx_word' id='word_1_436' title='bbox 3494 2341 3669 2404; x_wconf 76' lang='grc' dir='ltr'>οὕτως</span> 
     </span>
    </p>
   </div>
   <div class='ocr_carea' id='block_1_54' title="bbox 2086 2432 3670 2505">
    <p class='ocr_par' dir='ltr' id='par_1_54' title="bbox 2086 2432 3670 2505">
     <span class='ocr_line' id='line_1_54' title="bbox 2086 2432 3670 2505; baseline -0.003 -16"><span class='ocrx_word' id='word_1_437' title='bbox 2086 2435 2286 2505; x_wconf 82' lang='grc' dir='ltr'>ἀσθενῆ</span> <span class='ocrx_word' id='word_1_438' title='bbox 2313 2435 2502 2489; x_wconf 88' lang='grc' dir='ltr'>ἐαυτὸν</span> <span class='ocrx_word' id='word_1_439' title='bbox 2550 2434 2862 2505; x_wconf 74' lang='grc' dir='ltr'>εἰργάσατο,</span> <span class='ocrx_word' id='word_1_440' title='bbox 2908 2434 3056 2496; x_wconf 80' lang='grc' dir='ltr'>ὅπως</span> <span class='ocrx_word' id='word_1_441' title='bbox 3087 2433 3290 2497; x_wconf 90' lang='grc' dir='ltr'>ἀλωτὸς</span> <span class='ocrx_word' id='word_1_442' title='bbox 3326 2433 3548 2503; x_wconf 84' lang='grc' dir='ltr'>γένηται</span> <span class='ocrx_word' id='word_1_443' title='bbox 3582 2432 3670 2487; x_wconf 80' lang='grc' dir='ltr'>ἀν-</span> 
     </span>
    </p>
   </div>
   <div class='ocr_carea' id='block_1_55' title="bbox 2088 2523 3667 2598">
    <p class='ocr_par' dir='ltr' id='par_1_55' title="bbox 2088 2523 3667 2598">
     <span class='ocr_line' id='line_1_55' title="bbox 2088 2523 3667 2598; baseline -0.003 -18"><span class='ocrx_word' id='word_1_444' title='bbox 2088 2526 2344 2598; x_wconf 91' lang='grc' dir='ltr'>θρώποις,</span> <span class='ocrx_word' id='word_1_445' title='bbox 2368 2529 2461 2581; x_wconf 79' lang='grc' dir='ltr'>καὶ</span> <span class='ocrx_word' id='word_1_446' title='bbox 2496 2528 2581 2580; x_wconf 83' lang='grc' dir='ltr'>ἵνα</span> <span class='ocrx_word' id='word_1_447' title='bbox 2617 2527 2850 2597; x_wconf 88' lang='grc' dir='ltr'>σταυρὸν</span> <span class='ocrx_word' id='word_1_448' title='bbox 2872 2525 3120 2596; x_wconf 81' lang='grc' dir='ltr'>ὑπομένῃ</span> <span class='ocrx_word' id='word_1_449' title='bbox 3161 2544 3179 2576; x_wconf 76' lang='grc' dir='ltr'><strong>ι</strong></span> <span class='ocrx_word' id='word_1_450' title='bbox 3221 2525 3463 2596; x_wconf 84' lang='grc' dir='ltr'>ὑπήκοος</span> <span class='ocrx_word' id='word_1_451' title='bbox 3491 2523 3667 2593; x_wconf 86' lang='grc' dir='ltr'>γιγνό-</span> 
     </span>
    </p>
   </div>
   <div class='ocr_carea' id='block_1_56' title="bbox 2091 2616 3665 2690">
    <p class='ocr_par' dir='ltr' id='par_1_56' title="bbox 2091 2616 3665 2690">
     <span class='ocr_line' id='line_1_56' title="bbox 2091 2616 3665 2690; baseline -0.003 -16"><span class='ocrx_word' id='word_1_452' title='bbox 2091 2636 2250 2689; x_wconf 87' lang='grc' dir='ltr'>μενος</span> <span class='ocrx_word' id='word_1_453' title='bbox 2294 2638 2314 2671; x_wconf 84' lang='grc'><strong>›</strong></span> <span class='ocrx_word' id='word_1_454' title='bbox 2351 2618 2430 2689; x_wconf 83' lang='grc' dir='ltr'>τῷ</span> <span class='ocrx_word' id='word_1_455' title='bbox 2482 2618 2659 2690; x_wconf 61' lang='lat' dir='ltr'><strong>Has-pl.</strong></span> <span class='ocrx_word' id='word_1_456' title='bbox 2691 2638 2708 2668; x_wconf 84' lang='grc' dir='ltr'><strong>ι</strong></span> <span class='ocrx_word' id='word_1_457' title='bbox 2757 2617 2918 2689; x_wconf 90' lang='grc' dir='ltr'>μέχρι</span> <span class='ocrx_word' id='word_1_458' title='bbox 2972 2616 3222 2679; x_wconf 87' lang='grc' dir='ltr'>θανάτου,</span> <span class='ocrx_word' id='word_1_459' title='bbox 3283 2616 3379 2670; x_wconf 78' lang='grc' dir='ltr'>καὶ</span> <span class='ocrx_word' id='word_1_460' title='bbox 3434 2616 3665 2670; x_wconf 85' lang='grc' dir='ltr'>θανάτου</span> 
     </span>
    </p>
   </div>
   <div class='ocr_carea' id='block_1_57' title="bbox 2089 2707 3667 2782">
    <p class='ocr_par' dir='ltr' id='par_1_57' title="bbox 2089 2707 3667 2782">
     <span class='ocr_line' id='line_1_57' title="bbox 2089 2707 3667 2782; baseline -0.001 -19"><span class='ocrx_word' id='word_1_461' title='bbox 2089 2709 2342 2782; x_wconf 88' lang='grc' dir='ltr'>σταυροῦ.</span> <span class='ocrx_word' id='word_1_462' title='bbox 2378 2729 2397 2762; x_wconf 74' lang='grc' dir='ltr'><strong>ι</strong></span> <span class='ocrx_word' id='word_1_463' title='bbox 2433 2709 2523 2762; x_wconf 88' lang='grc' dir='ltr'><strong>Διό</strong></span> <span class='ocrx_word' id='word_1_464' title='bbox 2569 2726 2731 2779; x_wconf 85' lang='grc' dir='ltr'>φησιν</span> <span class='ocrx_word' id='word_1_465' title='bbox 2753 2726 2766 2738; x_wconf 88' lang='grc'><strong>·</strong></span> <span class='ocrx_word' id='word_1_466' title='bbox 2808 2728 2826 2760; x_wconf 84' lang='grc' dir='ltr'><strong>ι</strong></span> <span class='ocrx_word' id='word_1_467' title='bbox 2878 2710 2965 2763; x_wconf 89' lang='grc' dir='ltr'><strong>Ἐν</strong></span> <span class='ocrx_word' id='word_1_468' title='bbox 2995 2708 3071 2779; x_wconf 84' lang='grc' dir='ltr'>τῷ</span> <span class='ocrx_word' id='word_1_469' title='bbox 3094 2708 3366 2760; x_wconf 85' lang='grc' dir='ltr'>ἐκλείπειν</span> <span class='ocrx_word' id='word_1_470' title='bbox 3385 2709 3482 2777; x_wconf 84' lang='grc' dir='ltr'>τὴν</span> <span class='ocrx_word' id='word_1_471' title='bbox 3513 2707 3667 2779; x_wconf 84' lang='grc' dir='ltr'>ἰσχύν</span> 
     </span>
    </p>
   </div>
   <div class='ocr_carea' id='block_1_58' title="bbox 2090 2796 3666 2873">
    <p class='ocr_par' dir='ltr' id='par_1_58' title="bbox 2090 2796 3666 2873">
     <span class='ocr_line' id='line_1_58' title="bbox 2090 2796 3666 2873; baseline -0.001 -18"><span class='ocrx_word' id='word_1_472' title='bbox 2090 2820 2192 2873; x_wconf 90' lang='grc' dir='ltr'><strong>μου</strong></span> <span class='ocrx_word' id='word_1_473' title='bbox 2225 2802 2298 2873; x_wconf 82' lang='grc' dir='ltr'>μὴ</span> <span class='ocrx_word' id='word_1_474' title='bbox 2340 2799 2712 2871; x_wconf 77' lang='grc' dir='ltr'>ἐγκαταλίπης</span> <span class='ocrx_word' id='word_1_475' title='bbox 2759 2818 2847 2872; x_wconf 87' lang='grc' dir='ltr'><strong>με.</strong></span> <span class='ocrx_word' id='word_1_476' title='bbox 2884 2820 2903 2852; x_wconf 85' lang='grc'><strong>›</strong></span> <span class='ocrx_word' id='word_1_477' title='bbox 2942 2796 3074 2853; x_wconf 77' lang='grc' dir='ltr'>Εἶτα</span> <span class='ocrx_word' id='word_1_478' title='bbox 3103 2800 3286 2870; x_wconf 83' lang='grc' dir='ltr'>ἐπειδὴ</span> <span class='ocrx_word' id='word_1_479' title='bbox 3325 2799 3418 2853; x_wconf 88' lang='grc' dir='ltr'><strong>τοῦ</strong></span> <span class='ocrx_word' id='word_1_480' title='bbox 3461 2798 3666 2863; x_wconf 79' lang='grc' dir='ltr'>πάθους</span> 
     </span>
    </p>
   </div>
   <div class='ocr_carea' id='block_1_59' title="bbox 2088 2891 3667 2964">
    <p class='ocr_par' dir='ltr' id='par_1_59' title="bbox 2088 2891 3667 2964">
     <span class='ocr_line' id='line_1_59' title="bbox 2088 2891 3667 2964; baseline -0.003 -16"><span class='ocrx_word' id='word_1_481' title='bbox 2088 2894 2280 2948; x_wconf 88' lang='grc' dir='ltr'>ἐαυτοῦ</span> <span class='ocrx_word' id='word_1_482' title='bbox 2307 2892 2678 2964; x_wconf 85' lang='grc' dir='ltr'>ἐμνημόνευσε</span> <span class='ocrx_word' id='word_1_483' title='bbox 2713 2894 2809 2947; x_wconf 71' lang='grc' dir='ltr'>καὶ</span> <span class='ocrx_word' id='word_1_484' title='bbox 2836 2893 2944 2946; x_wconf 83' lang='grc' dir='ltr'>τῶν</span> <span class='ocrx_word' id='word_1_485' title='bbox 2970 2893 3030 2945; x_wconf 90' lang='grc' dir='ltr'><strong>τὸ</strong></span> <span class='ocrx_word' id='word_1_486' title='bbox 3063 2891 3234 2955; x_wconf 89' lang='grc' dir='ltr'>πάθος</span> <span class='ocrx_word' id='word_1_487' title='bbox 3276 2892 3667 2963; x_wconf 87' lang='grc' dir='ltr'>ἐργασαμένων</span> 
     </span>
    </p>
   </div>
   <div class='ocr_carea' id='block_1_60' title="bbox 2086 2981 3665 3056">
    <p class='ocr_par' dir='ltr' id='par_1_60' title="bbox 2086 2981 3665 3056">
     <span class='ocr_line' id='line_1_60' title="bbox 2086 2981 3665 3056; baseline -0.002 -16"><span class='ocrx_word' id='word_1_488' title='bbox 2086 2985 2394 3049; x_wconf 86' lang='grc' dir='ltr'>ἀκολούθως</span> <span class='ocrx_word' id='word_1_489' title='bbox 2446 2989 2676 3039; x_wconf 81' lang='grc' dir='ltr'>ποιεῖται</span> <span class='ocrx_word' id='word_1_490' title='bbox 2726 2987 2947 3056; x_wconf 89' lang='grc' dir='ltr'>μνήμην</span> <span class='ocrx_word' id='word_1_491' title='bbox 2993 2985 3198 3054; x_wconf 87' lang='grc' dir='ltr'>λέγων·</span> <span class='ocrx_word' id='word_1_492' title='bbox 3231 3004 3249 3035; x_wconf 80' lang='grc' dir='ltr'><strong>ι</strong></span> <span class='ocrx_word' id='word_1_493' title='bbox 3286 2985 3405 3038; x_wconf 85' lang='grc' dir='ltr'>Ὅτι</span> <span class='ocrx_word' id='word_1_494' title='bbox 3435 2981 3592 3037; x_wconf 77' lang='grc' dir='ltr'>εἶπαν</span> <span class='ocrx_word' id='word_1_495' title='bbox 3613 2985 3665 3037; x_wconf 68' lang='lat' dir='ltr'><strong>oi</strong></span> 
     </span>
    </p>
   </div>
   <div class='ocr_carea' id='block_1_61' title="bbox 2086 3075 3659 3151">
    <p class='ocr_par' dir='ltr' id='par_1_61' title="bbox 2086 3075 3659 3151">
     <span class='ocr_line' id='line_1_61' title="bbox 2086 3075 3659 3151; baseline -0.003 -19"><span class='ocrx_word' id='word_1_496' title='bbox 2086 3079 2271 3151; x_wconf 82' lang='grc' dir='ltr'>ἐχθροί</span> <span class='ocrx_word' id='word_1_497' title='bbox 2291 3097 2390 3150; x_wconf 91' lang='grc' dir='ltr'><strong>μου</strong></span> <span class='ocrx_word' id='word_1_498' title='bbox 2420 3080 2564 3149; x_wconf 74' lang='grc' dir='ltr'>ἐμοὶ,</span> <span class='ocrx_word' id='word_1_499' title='bbox 2590 3078 2684 3131; x_wconf 75' lang='grc' dir='ltr'>καὶ</span> <span class='ocrx_word' id='word_1_500' title='bbox 2705 3080 2754 3130; x_wconf 85' lang='grc' dir='ltr'>οἱ</span> <span class='ocrx_word' id='word_1_501' title='bbox 2772 3077 3136 3147; x_wconf 78' lang='grc' dir='ltr'>φυλάσσοντες</span> <span class='ocrx_word' id='word_1_502' title='bbox 3161 3077 3260 3147; x_wconf 82' lang='grc' dir='ltr'>τὴν</span> <span class='ocrx_word' id='word_1_503' title='bbox 3285 3075 3462 3148; x_wconf 78' lang='grc' dir='ltr'>ψυχήν</span> <span class='ocrx_word' id='word_1_504' title='bbox 3489 3093 3591 3148; x_wconf 91' lang='grc' dir='ltr'><strong>μου</strong></span> <span class='ocrx_word' id='word_1_505' title='bbox 3610 3092 3659 3127; x_wconf 71' lang='grc' dir='ltr'>ο»</span> 
     </span>
    </p>
   </div>
   <div class='ocr_carea' id='block_1_62' title="bbox 2085 3167 3667 3241">
    <p class='ocr_par' dir='ltr' id='par_1_62' title="bbox 2085 3167 3667 3241">
     <span class='ocr_line' id='line_1_62' title="bbox 2085 3167 3667 3241; baseline -0.004 -16"><span class='ocrx_word' id='word_1_506' title='bbox 2085 3172 2119 3241; x_wconf 87' lang='grc' dir='ltr'><strong>ἢ</strong></span> <span class='ocrx_word' id='word_1_507' title='bbox 2152 3170 2292 3225; x_wconf 82' lang='grc' dir='ltr'>κατὰ</span> <span class='ocrx_word' id='word_1_508' title='bbox 2346 3171 2438 3225; x_wconf 89' lang='grc' dir='ltr'><strong>τὸν</strong></span> <span class='ocrx_word' id='word_1_509' title='bbox 2472 3169 2784 3241; x_wconf 82' lang='grc' dir='ltr'>Σύμμαχον,</span> <span class='ocrx_word' id='word_1_510' title='bbox 2832 3188 2851 3219; x_wconf 82' lang='grc' dir='ltr'><strong>ι</strong></span> <span class='ocrx_word' id='word_1_511' title='bbox 2900 3169 3009 3222; x_wconf 73' lang='grc' dir='ltr'><strong>Καὶ</strong></span> <span class='ocrx_word' id='word_1_512' title='bbox 3042 3169 3089 3220; x_wconf 82' lang='grc' dir='ltr'>οἱ</span> <span class='ocrx_word' id='word_1_513' title='bbox 3134 3167 3524 3238; x_wconf 82' lang='grc' dir='ltr'>ἐπιτηροῦντες</span> <span class='ocrx_word' id='word_1_514' title='bbox 3563 3167 3667 3238; x_wconf 81' lang='grc' dir='ltr'>τὴν</span> 
     </span>
    </p>
   </div>
   <div class='ocr_carea' id='block_1_63' title="bbox 406 3252 1985 3354">
    <p class='ocr_par' dir='ltr' id='par_1_63' title="bbox 406 3252 1982 3325">
     <span class='ocr_line' id='line_1_63' title="bbox 406 3252 1982 3325; baseline -0.002 -12"><span class='ocrx_word' id='word_1_515' title='bbox 406 3273 518 3313; x_wconf 80' lang='lat' dir='ltr'><strong>non</strong></span> <span class='ocrx_word' id='word_1_516' title='bbox 545 3265 629 3311; x_wconf 86' lang='lat' dir='ltr'><strong>est</strong></span> <span class='ocrx_word' id='word_1_517' title='bbox 659 3255 754 3325; x_wconf 93' lang='lat' dir='ltr'><strong>qui</strong></span> <span class='ocrx_word' id='word_1_518' title='bbox 785 3255 1002 3323; x_wconf 88' lang='lat' dir='ltr'><strong>eripiat.</strong></span> <span class='ocrx_word' id='word_1_519' title='bbox 1038 3273 1055 3305; x_wconf 68' lang='grc' dir='ltr'><strong>ι</strong></span> <span class='ocrx_word' id='word_1_520' title='bbox 1094 3252 1218 3308; x_wconf 74' lang='lat' dir='ltr'><strong>Haec</strong></span> <span class='ocrx_word' id='word_1_521' title='bbox 1261 3254 1464 3324; x_wconf 89' lang='lat' dir='ltr'><strong>quippe</strong></span> <span class='ocrx_word' id='word_1_522' title='bbox 1493 3253 1750 3309; x_wconf 89' lang='lat' dir='ltr'><strong>dicebant</strong></span> <span class='ocrx_word' id='word_1_523' title='bbox 1774 3256 1982 3325; x_wconf 90' lang='lat' dir='ltr'><strong>princi-</strong></span> 
     </span>
    </p>
   </div>
   <div class='ocr_carea' id='block_1_64' title="bbox 2088 3252 3665 3354">
    <p class='ocr_par' dir='ltr' id='par_1_64' title="bbox 2088 3259 3665 3343">
     <span class='ocr_line' id='line_1_64' title="bbox 2088 3259 3665 3343; baseline -0.003 -27"><span class='ocrx_word' id='word_1_524' title='bbox 2088 3263 2259 3334; x_wconf 73' lang='grc' dir='ltr'>ψυχήν</span> <span class='ocrx_word' id='word_1_525' title='bbox 2286 3280 2387 3332; x_wconf 89' lang='grc' dir='ltr'><strong>μου</strong></span> <span class='ocrx_word' id='word_1_526' title='bbox 2441 3260 2829 3314; x_wconf 88' lang='grc' dir='ltr'>ἐϐουλεύσαντο</span> <span class='ocrx_word' id='word_1_527' title='bbox 2863 3260 2956 3313; x_wconf 75' lang='grc' dir='ltr'><strong>ἐπὶ</strong></span> <span class='ocrx_word' id='word_1_528' title='bbox 2996 3260 3054 3313; x_wconf 85' lang='grc' dir='ltr'><strong>τὸ</strong></span> <span class='ocrx_word' id='word_1_529' title='bbox 3096 3260 3228 3343; x_wconf 75' lang='grc' dir='ltr'>αύτὸ</span> <span class='ocrx_word' id='word_1_530' title='bbox 3276 3259 3558 3327; x_wconf 85' lang='grc' dir='ltr'>λέγοντες·</span> <span class='ocrx_word' id='word_1_531' title='bbox 3603 3259 3665 3313; x_wconf 83' lang='lat'><strong>&#39;0</strong></span> 
     </span>
    </p>
   </div>
   <div class='ocr_carea' id='block_1_65' title="bbox 407 3337 1985 3420">
    <p class='ocr_par' dir='ltr' id='par_1_65' title="bbox 407 3346 1979 3420">
     <span class='ocr_line' id='line_1_65' title="bbox 407 3346 1979 3420; baseline 0.002 -20"><span class='ocrx_word' id='word_1_532' title='bbox 407 3363 507 3420; x_wconf 61' lang='lat' dir='ltr'><strong>pes</strong></span> <span class='ocrx_word' id='word_1_533' title='bbox 540 3346 885 3402; x_wconf 81' lang='lat' dir='ltr'><strong>sacerdotum</strong></span> <span class='ocrx_word' id='word_1_534' title='bbox 916 3354 969 3400; x_wconf 87' lang='lat' dir='ltr'><strong>et</strong></span> <span class='ocrx_word' id='word_1_535' title='bbox 999 3346 1091 3416; x_wconf 92' lang='lat' dir='ltr'><strong>qui</strong></span> <span class='ocrx_word' id='word_1_536' title='bbox 1132 3361 1254 3399; x_wconf 91' lang='lat' dir='ltr'><strong>cum</strong></span> <span class='ocrx_word' id='word_1_537' title='bbox 1290 3346 1358 3400; x_wconf 91' lang='lat' dir='ltr'><strong>iis</strong></span> <span class='ocrx_word' id='word_1_538' title='bbox 1405 3352 1585 3411; x_wconf 88' lang='lat' dir='ltr'><strong>erant,</strong></span> <span class='ocrx_word' id='word_1_539' title='bbox 1622 3346 1676 3399; x_wconf 90' lang='lat' dir='ltr'><strong>in</strong></span> <span class='ocrx_word' id='word_1_540' title='bbox 1731 3354 1979 3417; x_wconf 88' lang='lat' dir='ltr'><strong>tempore</strong></span> 
     </span>
    </p>
   </div>
   <div class='ocr_carea' id='block_1_66' title="bbox 2088 3337 3667 3420">
    <p class='ocr_par' dir='ltr' id='par_1_66' title="bbox 2088 3337 3667 3420">
     <span class='ocr_line' id='line_1_66' title="bbox 2088 3337 3667 3420; baseline -0.002 -14"><span class='ocrx_word' id='word_1_541' title='bbox 2088 3353 2216 3416; x_wconf 85' lang='grc' dir='ltr'><strong>Θεὸς</strong></span> <span class='ocrx_word' id='word_1_542' title='bbox 2254 3351 2607 3420; x_wconf 85' lang='grc' dir='ltr'>ἐγκατέλιπεν</span> <span class='ocrx_word' id='word_1_543' title='bbox 2642 3350 2833 3404; x_wconf 77' lang='grc' dir='ltr'>αὐτόν·</span> <span class='ocrx_word' id='word_1_544' title='bbox 2878 3337 3245 3417; x_wconf 80' lang='grc' dir='ltr'>καταδιώξατε</span> <span class='ocrx_word' id='word_1_545' title='bbox 3290 3350 3383 3403; x_wconf 78' lang='grc' dir='ltr'>καὶ</span> <span class='ocrx_word' id='word_1_546' title='bbox 3430 3348 3667 3403; x_wconf 85' lang='grc' dir='ltr'>καταλά-</span> 
     </span>
    </p>
   </div>
   <div class='ocr_carea' id='block_1_67' title="bbox 406 3438 1985 3513">
    <p class='ocr_par' dir='ltr' id='par_1_67' title="bbox 406 3438 1977 3513">
     <span class='ocr_line' id='line_1_67' title="bbox 406 3438 1977 3513; baseline 0.001 -20"><span class='ocrx_word' id='word_1_547' title='bbox 406 3440 686 3513; x_wconf 81' lang='lat' dir='ltr'><strong>passionis</strong></span> <span class='ocrx_word' id='word_1_548' title='bbox 721 3446 1003 3493; x_wconf 81' lang='lat' dir='ltr'><strong>moventes</strong></span> <span class='ocrx_word' id='word_1_549' title='bbox 1029 3438 1211 3508; x_wconf 89' lang='lat' dir='ltr'><strong>capita</strong></span> <span class='ocrx_word' id='word_1_550' title='bbox 1246 3452 1345 3493; x_wconf 87' lang='lat' dir='ltr'><strong>sua</strong></span> <span class='ocrx_word' id='word_1_551' title='bbox 1400 3444 1455 3492; x_wconf 90' lang='lat' dir='ltr'><strong>et</strong></span> <span class='ocrx_word' id='word_1_552' title='bbox 1508 3438 1589 3493; x_wconf 89' lang='lat' dir='ltr'><strong>sic</strong></span> <span class='ocrx_word' id='word_1_553' title='bbox 1638 3438 1927 3509; x_wconf 91' lang='lat' dir='ltr'><strong>loquentes</strong></span> <span class='ocrx_word' id='word_1_554' title='bbox 1962 3457 1977 3494; x_wconf 89' lang='lat'><strong>:</strong></span> 
     </span>
    </p>
   </div>
   <div class='ocr_carea' id='block_1_68' title="bbox 2088 3438 3664 3513">
    <p class='ocr_par' dir='ltr' id='par_1_68' title="bbox 2088 3440 3664 3513">
     <span class='ocr_line' id='line_1_68' title="bbox 2088 3440 3664 3513; baseline -0.001 -17"><span class='ocrx_word' id='word_1_555' title='bbox 2088 3442 2207 3496; x_wconf 92' lang='grc' dir='ltr'>ϐετε</span> <span class='ocrx_word' id='word_1_556' title='bbox 2230 3443 2412 3511; x_wconf 74' lang='grc' dir='ltr'>αὐτὸν,</span> <span class='ocrx_word' id='word_1_557' title='bbox 2438 3444 2520 3496; x_wconf 84' lang='grc' dir='ltr'>ὅτι</span> <span class='ocrx_word' id='word_1_558' title='bbox 2568 3443 2669 3496; x_wconf 82' lang='grc' dir='ltr'>οὐκ</span> <span class='ocrx_word' id='word_1_559' title='bbox 2711 3441 2857 3495; x_wconf 77' lang='grc' dir='ltr'>ἐστιν</span> <span class='ocrx_word' id='word_1_560' title='bbox 2896 3443 2924 3494; x_wconf 83' lang='grc' dir='ltr'>ὁ</span> <span class='ocrx_word' id='word_1_561' title='bbox 2959 3441 3237 3511; x_wconf 80' lang='grc' dir='ltr'>ῥυόμενος.</span> <span class='ocrx_word' id='word_1_562' title='bbox 3281 3460 3299 3492; x_wconf 81' lang='grc' dir='ltr'><strong>ι</strong></span> <span class='ocrx_word' id='word_1_563' title='bbox 3341 3440 3526 3494; x_wconf 88' lang='grc' dir='ltr'>Ταῦτα</span> <span class='ocrx_word' id='word_1_564' title='bbox 3556 3441 3664 3513; x_wconf 83' lang='grc' dir='ltr'><strong>γὰρ</strong></span> 
     </span>
    </p>
   </div>
   <div class='ocr_carea' id='block_1_69' title="bbox 410 3528 1985 3607">
    <p class='ocr_par' dir='ltr' id='par_1_69' title="bbox 410 3528 1983 3599">
     <span class='ocr_line' id='line_1_69' title="bbox 410 3528 1983 3599; baseline 0 -15"><span class='ocrx_word' id='word_1_565' title='bbox 410 3551 432 3584; x_wconf 78' lang='grc' dir='ltr'><strong>σ</strong></span> <span class='ocrx_word' id='word_1_566' title='bbox 466 3531 571 3598; x_wconf 91' lang='lat' dir='ltr'><strong>Qui</strong></span> <span class='ocrx_word' id='word_1_567' title='bbox 600 3531 834 3586; x_wconf 86' lang='lat' dir='ltr'><strong>destruit</strong></span> <span class='ocrx_word' id='word_1_568' title='bbox 862 3530 1125 3599; x_wconf 88' lang='lat' dir='ltr'><strong>templum</strong></span> <span class='ocrx_word' id='word_1_569' title='bbox 1160 3539 1213 3584; x_wconf 91' lang='lat' dir='ltr'><strong>et</strong></span> <span class='ocrx_word' id='word_1_570' title='bbox 1246 3530 1302 3583; x_wconf 91' lang='lat' dir='ltr'><strong>in</strong></span> <span class='ocrx_word' id='word_1_571' title='bbox 1334 3529 1513 3583; x_wconf 89' lang='lat' dir='ltr'><strong>tribus</strong></span> <span class='ocrx_word' id='word_1_572' title='bbox 1544 3528 1740 3585; x_wconf 89' lang='lat' dir='ltr'><strong>diebus</strong></span> <span class='ocrx_word' id='word_1_573' title='bbox 1773 3531 1983 3585; x_wconf 76' lang='lat' dir='ltr'><strong>excitat</strong></span> 
     </span>
    </p>
   </div>
   <div class='ocr_carea' id='block_1_70' title="bbox 2088 3528 3665 3607">
    <p class='ocr_par' dir='ltr' id='par_1_70' title="bbox 2088 3531 3665 3607">
     <span class='ocr_line' id='line_1_70' title="bbox 2088 3531 3665 3607; baseline -0.001 -20"><span class='ocrx_word' id='word_1_574' title='bbox 2088 3534 2270 3604; x_wconf 77' lang='grc' dir='ltr'>ἔλεγον</span> <span class='ocrx_word' id='word_1_575' title='bbox 2315 3537 2364 3588; x_wconf 89' lang='grc' dir='ltr'>οἱ</span> <span class='ocrx_word' id='word_1_576' title='bbox 2405 3536 2681 3607; x_wconf 85' lang='grc' dir='ltr'>ἀρχιερεῖς</span> <span class='ocrx_word' id='word_1_577' title='bbox 2713 3534 2807 3587; x_wconf 67' lang='grc' dir='ltr'>καὶ</span> <span class='ocrx_word' id='word_1_578' title='bbox 2831 3534 2880 3586; x_wconf 77' lang='lat' dir='ltr'><strong>oi</strong></span> <span class='ocrx_word' id='word_1_579' title='bbox 2917 3535 3011 3586; x_wconf 87' lang='grc' dir='ltr'>σὺν</span> <span class='ocrx_word' id='word_1_580' title='bbox 3045 3533 3224 3596; x_wconf 83' lang='grc' dir='ltr'>αὐτοῖς</span> <span class='ocrx_word' id='word_1_581' title='bbox 3256 3531 3397 3586; x_wconf 89' lang='grc' dir='ltr'><strong>κατά</strong></span> <span class='ocrx_word' id='word_1_582' title='bbox 3426 3533 3519 3586; x_wconf 89' lang='grc' dir='ltr'><strong>τὸν</strong></span> <span class='ocrx_word' id='word_1_583' title='bbox 3545 3551 3665 3586; x_wconf 85' lang='grc' dir='ltr'>και-</span> 
     </span>
    </p>
   </div>
   <div class='ocr_carea' id='block_1_71' title="bbox 405 3620 1985 3696">
    <p class='ocr_par' dir='ltr' id='par_1_71' title="bbox 405 3620 1979 3692">
     <span class='ocr_line' id='line_1_71' title="bbox 405 3620 1979 3692; baseline -0.001 -13"><span class='ocrx_word' id='word_1_584' title='bbox 405 3623 561 3688; x_wconf 91' lang='lat' dir='ltr'><strong>illud,</strong></span> <span class='ocrx_word' id='word_1_585' title='bbox 589 3623 725 3679; x_wconf 89' lang='lat' dir='ltr'><strong>alios</strong></span> <span class='ocrx_word' id='word_1_586' title='bbox 752 3622 934 3677; x_wconf 89' lang='lat' dir='ltr'><strong>salvos</strong></span> <span class='ocrx_word' id='word_1_587' title='bbox 956 3620 1108 3685; x_wconf 83' lang='lat' dir='ltr'><strong>fecit,</strong></span> <span class='ocrx_word' id='word_1_588' title='bbox 1145 3622 1385 3691; x_wconf 90' lang='lat' dir='ltr'><strong>seipsum</strong></span> <span class='ocrx_word' id='word_1_589' title='bbox 1424 3637 1534 3675; x_wconf 92' lang='lat' dir='ltr'><strong>non</strong></span> <span class='ocrx_word' id='word_1_590' title='bbox 1565 3630 1743 3692; x_wconf 86' lang='lat' dir='ltr'><strong>potest</strong></span> <span class='ocrx_word' id='word_1_591' title='bbox 1769 3624 1979 3678; x_wconf 91' lang='lat' dir='ltr'><strong>salvum</strong></span> 
     </span>
    </p>
   </div>
   <div class='ocr_carea' id='block_1_72' title="bbox 2088 3620 3664 3696">
    <p class='ocr_par' dir='ltr' id='par_1_72' title="bbox 2089 3623 3664 3696">
     <span class='ocr_line' id='line_1_72' title="bbox 2089 3623 3664 3696; baseline -0.001 -17"><span class='ocrx_word' id='word_1_592' title='bbox 2089 3626 2178 3696; x_wconf 88' lang='grc' dir='ltr'><strong>ρὸν</strong></span> <span class='ocrx_word' id='word_1_593' title='bbox 2207 3626 2302 3679; x_wconf 91' lang='grc' dir='ltr'><strong>τοῦ</strong></span> <span class='ocrx_word' id='word_1_594' title='bbox 2358 3626 2585 3693; x_wconf 89' lang='grc' dir='ltr'>πάθους,</span> <span class='ocrx_word' id='word_1_595' title='bbox 2635 3625 2912 3687; x_wconf 86' lang='grc' dir='ltr'>κινοῦντες</span> <span class='ocrx_word' id='word_1_596' title='bbox 2941 3624 3120 3678; x_wconf 82' lang='grc' dir='ltr'>αὐτῶν</span> <span class='ocrx_word' id='word_1_597' title='bbox 3159 3623 3259 3687; x_wconf 81' lang='grc' dir='ltr'>τὰς</span> <span class='ocrx_word' id='word_1_598' title='bbox 3296 3624 3535 3694; x_wconf 80' lang='grc' dir='ltr'>κεφαλὰς</span> <span class='ocrx_word' id='word_1_599' title='bbox 3568 3625 3664 3678; x_wconf 77' lang='grc' dir='ltr'>καὶ</span> 
     </span>
    </p>
   </div>
   <div class='ocr_carea' id='block_1_73' title="bbox 406 3713 1974 3781">
    <p class='ocr_par' dir='ltr' id='par_1_73' title="bbox 406 3713 1974 3781">
     <span class='ocr_line' id='line_1_73' title="bbox 406 3713 1974 3781; baseline -0.001 -9"><span class='ocrx_word' id='word_1_600' title='bbox 406 3718 607 3772; x_wconf 80' lang='lat' dir='ltr'><strong>facere.</strong></span> <span class='ocrx_word' id='word_1_601' title='bbox 646 3714 704 3770; x_wconf 92' lang='lat' dir='ltr'><strong>Si</strong></span> <span class='ocrx_word' id='word_1_602' title='bbox 730 3731 825 3771; x_wconf 81' lang='lat' dir='ltr'><strong>rex</strong></span> <span class='ocrx_word' id='word_1_603' title='bbox 860 3713 1026 3769; x_wconf 88' lang='lat' dir='ltr'><strong>Israel</strong></span> <span class='ocrx_word' id='word_1_604' title='bbox 1060 3722 1166 3779; x_wconf 89' lang='lat' dir='ltr'><strong>cst,</strong></span> <span class='ocrx_word' id='word_1_605' title='bbox 1194 3713 1494 3769; x_wconf 91' lang='lat' dir='ltr'><strong>descendat</strong></span> <span class='ocrx_word' id='word_1_606' title='bbox 1521 3727 1668 3769; x_wconf 89' lang='lat' dir='ltr'><strong>nunc</strong></span> <span class='ocrx_word' id='word_1_607' title='bbox 1689 3715 1756 3770; x_wconf 91' lang='lat' dir='ltr'><strong>de</strong></span> <span class='ocrx_word' id='word_1_608' title='bbox 1786 3730 1974 3781; x_wconf 89' lang='lat' dir='ltr'><strong>cruce,</strong></span> 
     </span>
    </p>
   </div>
   <div class='ocr_carea' id='block_1_74' title="bbox 405 3806 1011 3863">
    <p class='ocr_par' dir='ltr' id='par_1_74' title="bbox 405 3806 1011 3863">
     <span class='ocr_line' id='line_1_74' title="bbox 405 3806 1011 3863; baseline -0.012 0"><span class='ocrx_word' id='word_1_609' title='bbox 405 3816 461 3863; x_wconf 84' lang='lat' dir='ltr'><strong>et</strong></span> <span class='ocrx_word' id='word_1_610' title='bbox 486 3808 772 3863; x_wconf 91' lang='lat' dir='ltr'><strong>credemus</strong></span> <span class='ocrx_word' id='word_1_611' title='bbox 799 3806 849 3860; x_wconf 89' lang='lat' dir='ltr'><strong>ei</strong></span> <span class='ocrx_word' id='word_1_612' title='bbox 876 3807 944 3857; x_wconf 69' lang='grc' dir='ltr'><strong>θ’.</strong></span> <span class='ocrx_word' id='word_1_613' title='bbox 993 3824 1011 3856; x_wconf 76' lang='grc' dir='ltr'><strong>ι</strong></span> 
     </span>
    </p>
   </div>
   <div class='ocr_carea' id='block_1_75' title="bbox 2083 3716 3662 3788">
    <p class='ocr_par' dir='ltr' id='par_1_75' title="bbox 2083 3716 3662 3788">
     <span class='ocr_line' id='line_1_75' title="bbox 2083 3716 3662 3788; baseline 0 -20"><span class='ocrx_word' id='word_1_614' title='bbox 2083 3716 2362 3785; x_wconf 85' lang='grc' dir='ltr'>λέγοντες·</span> <span class='ocrx_word' id='word_1_615' title='bbox 2408 3737 2427 3769; x_wconf 78' lang='grc' dir='ltr'><strong>ι</strong></span> <span class='ocrx_word' id='word_1_616' title='bbox 2474 3719 2533 3771; x_wconf 83' lang='grc' dir='ltr'>Ὀ</span> <span class='ocrx_word' id='word_1_617' title='bbox 2585 3716 2870 3771; x_wconf 88' lang='grc' dir='ltr'>καταλύων</span> <span class='ocrx_word' id='word_1_618' title='bbox 2926 3717 3017 3769; x_wconf 91' lang='grc' dir='ltr'><strong>τὸν</strong></span> <span class='ocrx_word' id='word_1_619' title='bbox 3066 3716 3191 3769; x_wconf 85' lang='grc' dir='ltr'>ναὸν</span> <span class='ocrx_word' id='word_1_620' title='bbox 3250 3717 3343 3769; x_wconf 62' lang='grc' dir='ltr'><strong>καί¹</strong></span> <span class='ocrx_word' id='word_1_621' title='bbox 3370 3718 3429 3768; x_wconf 88' lang='grc' dir='ltr'><strong>ἐν</strong></span> <span class='ocrx_word' id='word_1_622' title='bbox 3483 3716 3662 3788; x_wconf 82' lang='grc' dir='ltr'>τρισὶν</span> 
     </span>
    </p>
   </div>
   <div class='ocr_carea' id='block_1_76' title="bbox 2084 3805 3662 3879">
    <p class='ocr_par' dir='ltr' id='par_1_76' title="bbox 2084 3805 3662 3879">
     <span class='ocr_line' id='line_1_76' title="bbox 2084 3805 3662 3879; baseline -0.001 -20"><span class='ocrx_word' id='word_1_623' title='bbox 2084 3808 2320 3879; x_wconf 79' lang='grc' dir='ltr'>ἡμέραις</span> <span class='ocrx_word' id='word_1_624' title='bbox 2379 3808 2607 3879; x_wconf 87' lang='grc' dir='ltr'>ἐγείρων</span> <span class='ocrx_word' id='word_1_625' title='bbox 2665 3806 2848 3869; x_wconf 75' lang='grc' dir='ltr'>αὐτὸν,</span> <span class='ocrx_word' id='word_1_626' title='bbox 2894 3805 3085 3868; x_wconf 81' lang='grc' dir='ltr'>ἄλλους</span> <span class='ocrx_word' id='word_1_627' title='bbox 3121 3805 3343 3869; x_wconf 77' lang='grc' dir='ltr'>ἔσωσεν,</span> <span class='ocrx_word' id='word_1_628' title='bbox 3379 3806 3568 3858; x_wconf 85' lang='grc' dir='ltr'>ἐαυτὸν</span> <span class='ocrx_word' id='word_1_629' title='bbox 3600 3805 3662 3858; x_wconf 80' lang='grc' dir='ltr'>οὐ</span> 
     </span>
    </p>
   </div>
   <div class='ocr_carea' id='block_1_77' title="bbox 403 3896 3657 3972">
    <p class='ocr_par' dir='ltr' id='par_1_77' title="bbox 403 3896 3657 3972">
     <span class='ocr_line' id='line_1_77' title="bbox 403 3896 3657 3972; baseline -0.001 -21"><span class='ocrx_word' id='word_1_630' title='bbox 403 3897 621 3953; x_wconf 87' lang='grc' dir='ltr'>δύναται</span> <span class='ocrx_word' id='word_1_631' title='bbox 650 3899 839 3953; x_wconf 83' lang='grc' dir='ltr'>σῶσαι.</span> <span class='ocrx_word' id='word_1_632' title='bbox 883 3898 945 3950; x_wconf 86' lang='grc' dir='ltr'>Εἰ</span> <span class='ocrx_word' id='word_1_633' title='bbox 1012 3896 1260 3968; x_wconf 85' lang='grc' dir='ltr'>βασιλεύς</span> <span class='ocrx_word' id='word_1_634' title='bbox 1292 3898 1408 3949; x_wconf 82' lang='grc' dir='ltr'>ἐστι</span> <span class='ocrx_word' id='word_1_635' title='bbox 1457 3897 1550 3950; x_wconf 87' lang='grc' dir='ltr'><strong>τοῦ</strong></span> <span class='ocrx_word' id='word_1_636' title='bbox 1597 3898 1812 3972; x_wconf 78' lang='grc' dir='ltr'>Ἰσραὴλ</span> <span class='ocrx_word' id='word_1_637' title='bbox 1832 3939 1847 3965; x_wconf 91' lang='grc'><strong>,</strong></span> <span class='ocrx_word' id='word_1_638' title='bbox 1889 3898 2180 3955; x_wconf 86' lang='grc' dir='ltr'>καταϐάτω</span> <span class='ocrx_word' id='word_1_639' title='bbox 2214 3900 2308 3954; x_wconf 93' lang='grc' dir='ltr'><strong>νῦν</strong></span> <span class='ocrx_word' id='word_1_640' title='bbox 2338 3899 2445 3953; x_wconf 83' lang='grc' dir='ltr'><strong>ἀπὸ</strong></span> <span class='ocrx_word' id='word_1_641' title='bbox 2467 3899 2560 3952; x_wconf 90' lang='grc' dir='ltr'><strong>τοῦ</strong></span> <span class='ocrx_word' id='word_1_642' title='bbox 2593 3898 2825 3970; x_wconf 84' lang='grc' dir='ltr'>σταυροῦ</span> <span class='ocrx_word' id='word_1_643' title='bbox 2851 3938 2865 3963; x_wconf 93' lang='grc'><strong>,</strong></span> <span class='ocrx_word' id='word_1_644' title='bbox 2916 3898 3011 3953; x_wconf 77' lang='grc' dir='ltr'><strong>καὶ</strong></span> <span class='ocrx_word' id='word_1_645' title='bbox 3040 3896 3404 3970; x_wconf 77' lang='grc' dir='ltr'>πιστεύσομεν</span> <span class='ocrx_word' id='word_1_646' title='bbox 3428 3896 3598 3969; x_wconf 80' lang='grc' dir='ltr'>αὐτῷ.</span> <span class='ocrx_word' id='word_1_647' title='bbox 3637 3918 3657 3949; x_wconf 72' lang='grc' dir='ltr'><strong>ι</strong></span> 
     </span>
    </p>
   </div>
   <div class='ocr_carea' id='block_1_78' title="bbox 476 4009 1976 4081">
    <p class='ocr_par' dir='ltr' id='par_1_78' title="bbox 476 4009 1976 4081">
     <span class='ocr_line' id='line_1_78' title="bbox 476 4009 1976 4081; baseline 0.002 -14"><span class='ocrx_word' id='word_1_648' title='bbox 476 4014 643 4067; x_wconf 72' lang='lat' dir='ltr'><strong>Vsus.</strong></span> <span class='ocrx_word' id='word_1_649' title='bbox 682 4011 866 4067; x_wconf 73' lang='lat' dir='ltr'><strong>l2—l6.</strong></span> <span class='ocrx_word' id='word_1_650' title='bbox 907 4030 925 4062; x_wconf 79' lang='grc' dir='ltr'><strong>ι</strong></span> <span class='ocrx_word' id='word_1_651' title='bbox 988 4009 1153 4074; x_wconf 89' lang='lat' dir='ltr'><strong>Deus,</strong></span> <span class='ocrx_word' id='word_1_652' title='bbox 1187 4027 1256 4066; x_wconf 92' lang='lat' dir='ltr'><strong>ne</strong></span> <span class='ocrx_word' id='word_1_653' title='bbox 1291 4013 1566 4081; x_wconf 87' lang='lat' dir='ltr'><strong>elongeris</strong></span> <span class='ocrx_word' id='word_1_654' title='bbox 1608 4028 1639 4066; x_wconf 90' lang='lat' dir='ltr'><strong>a</strong></span> <span class='ocrx_word' id='word_1_655' title='bbox 1686 4028 1794 4076; x_wconf 91' lang='lat' dir='ltr'><strong>me,</strong></span> <span class='ocrx_word' id='word_1_656' title='bbox 1833 4013 1976 4070; x_wconf 91' lang='lat' dir='ltr'><strong>Deus</strong></span> 
     </span>
    </p>
   </div>
   <div class='ocr_carea' id='block_1_79' title="bbox 403 4102 1977 4175">
    <p class='ocr_par' dir='ltr' id='par_1_79' title="bbox 403 4102 1977 4175">
     <span class='ocr_line' id='line_1_79' title="bbox 403 4102 1977 4175; baseline -0.002 -15"><span class='ocrx_word' id='word_1_657' title='bbox 403 4106 461 4160; x_wconf 94' lang='lat' dir='ltr'><strong>in</strong></span> <span class='ocrx_word' id='word_1_658' title='bbox 491 4104 758 4159; x_wconf 85' lang='lat' dir='ltr'><strong>auxilium</strong></span> <span class='ocrx_word' id='word_1_659' title='bbox 817 4118 998 4157; x_wconf 89' lang='lat' dir='ltr'><strong>meum</strong></span> <span class='ocrx_word' id='word_1_660' title='bbox 1049 4103 1284 4172; x_wconf 90' lang='lat' dir='ltr'><strong>respice.</strong></span> <span class='ocrx_word' id='word_1_661' title='bbox 1324 4122 1343 4154; x_wconf 75' lang='grc' dir='ltr'><strong>ι</strong></span> <span class='ocrx_word' id='word_1_662' title='bbox 1384 4102 1596 4156; x_wconf 88' lang='lat' dir='ltr'><strong>Inimici</strong></span> <span class='ocrx_word' id='word_1_663' title='bbox 1649 4104 1758 4158; x_wconf 91' lang='lat' dir='ltr'><strong>mei</strong></span> <span class='ocrx_word' id='word_1_664' title='bbox 1808 4118 1977 4175; x_wconf 87' lang='lat' dir='ltr'><strong>supra</strong></span> 
     </span>
    </p>
   </div>
   <div class='ocr_carea' id='block_1_80' title="bbox 404 4193 1975 4265">
    <p class='ocr_par' dir='ltr' id='par_1_80' title="bbox 404 4193 1975 4265">
     <span class='ocr_line' id='line_1_80' title="bbox 404 4193 1975 4265; baseline -0.002 -13"><span class='ocrx_word' id='word_1_665' title='bbox 404 4196 696 4252; x_wconf 89' lang='lat' dir='ltr'><strong>memorati</strong></span> <span class='ocrx_word' id='word_1_666' title='bbox 739 4194 1018 4259; x_wconf 89' lang='lat' dir='ltr'><strong>dicebant,</strong></span> <span class='ocrx_word' id='word_1_667' title='bbox 1053 4213 1071 4244; x_wconf 79' lang='grc' dir='ltr'><strong>ι</strong></span> <span class='ocrx_word' id='word_1_668' title='bbox 1107 4193 1251 4250; x_wconf 89' lang='lat' dir='ltr'><strong>Deus</strong></span> <span class='ocrx_word' id='word_1_669' title='bbox 1279 4194 1569 4265; x_wconf 89' lang='lat' dir='ltr'><strong>dereliquit</strong></span> <span class='ocrx_word' id='word_1_670' title='bbox 1602 4210 1725 4248; x_wconf 90' lang='lat' dir='ltr'><strong>eum</strong></span> <span class='ocrx_word' id='word_1_671' title='bbox 1764 4213 1778 4249; x_wconf 90' lang='lat'><strong>:</strong></span> <span class='ocrx_word' id='word_1_672' title='bbox 1820 4214 1839 4246; x_wconf 73' lang='grc' dir='ltr'><strong>ι</strong></span> <span class='ocrx_word' id='word_1_673' title='bbox 1875 4211 1975 4265; x_wconf 84' lang='lat' dir='ltr'><strong>ego</strong></span> 
     </span>
    </p>
   </div>
   <div class='ocr_carea' id='block_1_81' title="bbox 404 4284 1975 4356">
    <p class='ocr_par' dir='ltr' id='par_1_81' title="bbox 404 4284 1975 4356">
     <span class='ocr_line' id='line_1_81' title="bbox 404 4284 1975 4356; baseline -0.001 -13"><span class='ocrx_word' id='word_1_674' title='bbox 404 4297 588 4343; x_wconf 87' lang='lat' dir='ltr'><strong>autem</strong></span> <span class='ocrx_word' id='word_1_675' title='bbox 616 4301 750 4356; x_wconf 81' lang='lat' dir='ltr'><strong>rogo</strong></span> <span class='ocrx_word' id='word_1_676' title='bbox 782 4287 1158 4356; x_wconf 87' lang='lat' dir='ltr'><strong>deprecorque</strong></span> <span class='ocrx_word' id='word_1_677' title='bbox 1188 4294 1241 4340; x_wconf 91' lang='lat' dir='ltr'><strong>te</strong></span> <span class='ocrx_word' id='word_1_678' title='bbox 1288 4284 1459 4339; x_wconf 89' lang='lat' dir='ltr'><strong>Deum</strong></span> <span class='ocrx_word' id='word_1_679' title='bbox 1495 4301 1697 4349; x_wconf 90' lang='lat' dir='ltr'><strong>meum,</strong></span> <span class='ocrx_word' id='word_1_680' title='bbox 1729 4294 1789 4339; x_wconf 94' lang='lat' dir='ltr'><strong>ut</strong></span> <span class='ocrx_word' id='word_1_681' title='bbox 1824 4286 1975 4342; x_wconf 89' lang='lat' dir='ltr'><strong>adsis</strong></span> 
     </span>
    </p>
   </div>
   <div class='ocr_carea' id='block_1_82' title="bbox 401 4376 1975 4449">
    <p class='ocr_par' dir='ltr' id='par_1_82' title="bbox 401 4376 1975 4449">
     <span class='ocr_line' id='line_1_82' title="bbox 401 4376 1975 4449; baseline -0.001 -14"><span class='ocrx_word' id='word_1_682' title='bbox 401 4394 618 4449; x_wconf 83' lang='lat' dir='ltr'><strong>semper</strong></span> <span class='ocrx_word' id='word_1_683' title='bbox 668 4377 823 4441; x_wconf 90' lang='lat' dir='ltr'><strong>mihi,</strong></span> <span class='ocrx_word' id='word_1_684' title='bbox 861 4393 1039 4447; x_wconf 88' lang='lat' dir='ltr'><strong>neque</strong></span> <span class='ocrx_word' id='word_1_685' title='bbox 1068 4378 1259 4446; x_wconf 88' lang='lat' dir='ltr'><strong>procul</strong></span> <span class='ocrx_word' id='word_1_686' title='bbox 1292 4392 1322 4429; x_wconf 94' lang='lat' dir='ltr'><strong>a</strong></span> <span class='ocrx_word' id='word_1_687' title='bbox 1375 4392 1461 4430; x_wconf 91' lang='lat' dir='ltr'><strong>me</strong></span> <span class='ocrx_word' id='word_1_688' title='bbox 1492 4376 1739 4441; x_wconf 83' lang='lat' dir='ltr'><strong>recedas,</strong></span> <span class='ocrx_word' id='word_1_689' title='bbox 1776 4377 1871 4431; x_wconf 90' lang='lat' dir='ltr'><strong>sed</strong></span> <span class='ocrx_word' id='word_1_690' title='bbox 1907 4378 1975 4433; x_wconf 89' lang='lat' dir='ltr'><strong>ad</strong></span> 
     </span>
    </p>
   </div>
   <div class='ocr_carea' id='block_1_83' title="bbox 400 4467 1977 4539">
    <p class='ocr_par' dir='ltr' id='par_1_83' title="bbox 400 4467 1977 4539">
     <span class='ocr_line' id='line_1_83' title="bbox 400 4467 1977 4539; baseline -0.002 -14"><span class='ocrx_word' id='word_1_691' title='bbox 400 4471 664 4525; x_wconf 81' lang='lat' dir='ltr'><strong>auxilium</strong></span> <span class='ocrx_word' id='word_1_692' title='bbox 698 4484 879 4525; x_wconf 91' lang='lat' dir='ltr'><strong>meum</strong></span> <span class='ocrx_word' id='word_1_693' title='bbox 909 4470 1196 4539; x_wconf 88' lang='lat' dir='ltr'><strong>respicias.</strong></span> <span class='ocrx_word' id='word_1_694' title='bbox 1219 4467 1296 4522; x_wconf 89' lang='lat' dir='ltr'><strong>Te</strong></span> <span class='ocrx_word' id='word_1_695' title='bbox 1322 4468 1523 4537; x_wconf 87' lang='lat' dir='ltr'><strong>quippe</strong></span> <span class='ocrx_word' id='word_1_696' title='bbox 1549 4467 1854 4537; x_wconf 81' lang='lat' dir='ltr'><strong>adjutorein</strong></span> <span class='ocrx_word' id='word_1_697' title='bbox 1879 4484 1977 4523; x_wconf 88' lang='lat' dir='ltr'><strong>na-</strong></span> 
     </span>
    </p>
   </div>
   <div class='ocr_carea' id='block_1_84' title="bbox 2160 4010 3662 4085">
    <p class='ocr_par' dir='ltr' id='par_1_84' title="bbox 2160 4010 3662 4085">
     <span class='ocr_line' id='line_1_84' title="bbox 2160 4010 3662 4085; baseline 0 -20"><span class='ocrx_word' id='word_1_698' title='bbox 2160 4034 2177 4065; x_wconf 79' lang='grc' dir='ltr'><strong>ι</strong></span> <span class='ocrx_word' id='word_1_699' title='bbox 2226 4016 2286 4067; x_wconf 80' lang='lat'><strong>&#39;0</strong></span> <span class='ocrx_word' id='word_1_700' title='bbox 2307 4014 2458 4079; x_wconf 84' lang='grc' dir='ltr'>Θεὸς,</span> <span class='ocrx_word' id='word_1_701' title='bbox 2487 4014 2561 4085; x_wconf 84' lang='grc' dir='ltr'>μὴ</span> <span class='ocrx_word' id='word_1_702' title='bbox 2588 4012 2869 4084; x_wconf 88' lang='grc' dir='ltr'>μακρύνῃς</span> <span class='ocrx_word' id='word_1_703' title='bbox 2895 4013 2989 4065; x_wconf 83' lang='grc' dir='ltr'><strong>ἀπ’</strong></span> <span class='ocrx_word' id='word_1_704' title='bbox 3013 4010 3146 4082; x_wconf 86' lang='grc' dir='ltr'>ἐμοῦ</span> <span class='ocrx_word' id='word_1_705' title='bbox 3168 4028 3181 4042; x_wconf 88' lang='grc'>·</span> <span class='ocrx_word' id='word_1_706' title='bbox 3210 4014 3238 4062; x_wconf 80' lang='grc' dir='ltr'><strong>ὁ</strong></span> <span class='ocrx_word' id='word_1_707' title='bbox 3265 4010 3418 4075; x_wconf 86' lang='grc' dir='ltr'>Θεὸς,</span> <span class='ocrx_word' id='word_1_708' title='bbox 3454 4013 3533 4075; x_wconf 81' lang='grc' dir='ltr'><strong>είς</strong></span> <span class='ocrx_word' id='word_1_709' title='bbox 3560 4010 3662 4084; x_wconf 76' lang='grc' dir='ltr'>τὴν</span> 
     </span>
    </p>
   </div>
   <div class='ocr_carea' id='block_1_85' title="bbox 2085 4101 3661 4178">
    <p class='ocr_par' dir='ltr' id='par_1_85' title="bbox 2085 4101 3661 4178">
     <span class='ocr_line' id='line_1_85' title="bbox 2085 4101 3661 4178; baseline -0.002 -18"><span class='ocrx_word' id='word_1_710' title='bbox 2085 4106 2331 4178; x_wconf 87' lang='grc' dir='ltr'>βοήθειάν</span> <span class='ocrx_word' id='word_1_711' title='bbox 2369 4123 2470 4176; x_wconf 88' lang='grc' dir='ltr'><strong>μου</strong></span> <span class='ocrx_word' id='word_1_712' title='bbox 2498 4106 2752 4177; x_wconf 89' lang='grc' dir='ltr'>πρόσχες.</span> <span class='ocrx_word' id='word_1_713' title='bbox 2779 4125 2797 4157; x_wconf 84' lang='grc'><strong>›</strong></span> <span class='ocrx_word' id='word_1_714' title='bbox 2827 4107 2889 4158; x_wconf 81' lang='lat' dir='ltr'><strong>Oi</strong></span> <span class='ocrx_word' id='word_1_715' title='bbox 2932 4104 3029 4175; x_wconf 82' lang='grc' dir='ltr'>μὲν</span> <span class='ocrx_word' id='word_1_716' title='bbox 3069 4102 3455 4174; x_wconf 85' lang='grc' dir='ltr'>προλεχθέντες</span> <span class='ocrx_word' id='word_1_717' title='bbox 3476 4101 3661 4173; x_wconf 86' lang='grc' dir='ltr'>ἐχθροί</span> 
     </span>
    </p>
   </div>
   <div class='ocr_carea' id='block_1_86' title="bbox 2087 4195 3660 4270">
    <p class='ocr_par' dir='ltr' id='par_1_86' title="bbox 2087 4195 3660 4270">
     <span class='ocr_line' id='line_1_86' title="bbox 2087 4195 3660 4270; baseline -0.001 -19"><span class='ocrx_word' id='word_1_718' title='bbox 2087 4216 2187 4270; x_wconf 91' lang='grc' dir='ltr'><strong>μου</strong></span> <span class='ocrx_word' id='word_1_719' title='bbox 2235 4198 2447 4266; x_wconf 73' lang='grc' dir='ltr'>ἔλεγονο</span> <span class='ocrx_word' id='word_1_720' title='bbox 2496 4218 2515 4250; x_wconf 81' lang='grc' dir='ltr'><strong>ι</strong></span> <span class='ocrx_word' id='word_1_721' title='bbox 2559 4200 2617 4252; x_wconf 82' lang='lat'><strong>&#39;0</strong></span> <span class='ocrx_word' id='word_1_722' title='bbox 2666 4199 2797 4262; x_wconf 90' lang='grc' dir='ltr'>Θεὸς</span> <span class='ocrx_word' id='word_1_723' title='bbox 2848 4198 3202 4267; x_wconf 85' lang='grc' dir='ltr'>ἐγκατέλιπεν</span> <span class='ocrx_word' id='word_1_724' title='bbox 3251 4198 3445 4249; x_wconf 83' lang='grc' dir='ltr'>αὐτόν·</span> <span class='ocrx_word' id='word_1_725' title='bbox 3489 4215 3508 4248; x_wconf 73' lang='grc' dir='ltr'><strong>ι</strong></span> <span class='ocrx_word' id='word_1_726' title='bbox 3549 4195 3660 4264; x_wconf 84' lang='grc' dir='ltr'>ἐγὼ</span> 
     </span>
    </p>
   </div>
   <div class='ocr_carea' id='block_1_87' title="bbox 2082 4287 3661 4360">
    <p class='ocr_par' dir='ltr' id='par_1_87' title="bbox 2082 4287 3661 4360">
     <span class='ocr_line' id='line_1_87' title="bbox 2082 4287 3661 4360; baseline -0.001 -18"><span class='ocrx_word' id='word_1_727' title='bbox 2082 4289 2139 4342; x_wconf 88' lang='grc' dir='ltr'><strong>δέ</strong></span> <span class='ocrx_word' id='word_1_728' title='bbox 2167 4287 2428 4342; x_wconf 83' lang='grc' dir='ltr'>ἀντιϐολῶ</span> <span class='ocrx_word' id='word_1_729' title='bbox 2456 4289 2550 4342; x_wconf 78' lang='grc' dir='ltr'><strong>καὶ</strong></span> <span class='ocrx_word' id='word_1_730' title='bbox 2595 4289 2785 4360; x_wconf 88' lang='grc' dir='ltr'>δέομαί</span> <span class='ocrx_word' id='word_1_731' title='bbox 2815 4306 2875 4342; x_wconf 84' lang='grc' dir='ltr'>σε</span> <span class='ocrx_word' id='word_1_732' title='bbox 2915 4290 3006 4343; x_wconf 88' lang='grc' dir='ltr'><strong>τὸν</strong></span> <span class='ocrx_word' id='word_1_733' title='bbox 3038 4288 3275 4360; x_wconf 85' lang='grc' dir='ltr'>ἐμαυτοῦ</span> <span class='ocrx_word' id='word_1_734' title='bbox 3309 4287 3441 4341; x_wconf 85' lang='grc' dir='ltr'>Θεὸν</span> <span class='ocrx_word' id='word_1_735' title='bbox 3473 4289 3661 4359; x_wconf 80' lang='grc' dir='ltr'>παρεῖ-</span> 
     </span>
    </p>
   </div>
   <div class='ocr_carea' id='block_1_88' title="bbox 2083 4380 3658 4455">
    <p class='ocr_par' dir='ltr' id='par_1_88' title="bbox 2083 4380 3658 4455">
     <span class='ocr_line' id='line_1_88' title="bbox 2083 4380 3658 4455; baseline -0.001 -20"><span class='ocrx_word' id='word_1_736' title='bbox 2083 4381 2172 4435; x_wconf 91' lang='grc' dir='ltr'><strong>ναί</strong></span> <span class='ocrx_word' id='word_1_737' title='bbox 2235 4400 2323 4453; x_wconf 90' lang='grc' dir='ltr'><strong>μοι</strong></span> <span class='ocrx_word' id='word_1_738' title='bbox 2380 4382 2692 4448; x_wconf 88' lang='grc' dir='ltr'>διαπαντὸς,</span> <span class='ocrx_word' id='word_1_739' title='bbox 2758 4384 2892 4455; x_wconf 77' lang='grc' dir='ltr'>μηδὲ</span> <span class='ocrx_word' id='word_1_740' title='bbox 2950 4383 3167 4455; x_wconf 90' lang='grc' dir='ltr'>μακράν</span> <span class='ocrx_word' id='word_1_741' title='bbox 3220 4400 3321 4453; x_wconf 90' lang='grc' dir='ltr'><strong>μου</strong></span> <span class='ocrx_word' id='word_1_742' title='bbox 3380 4380 3658 4443; x_wconf 81' lang='grc' dir='ltr'>ἵστασθαι,</span> 
     </span>
    </p>
   </div>
   <div class='ocr_carea' id='block_1_89' title="bbox 2084 4473 3661 4546">
    <p class='ocr_par' dir='ltr' id='par_1_89' title="bbox 2084 4473 3661 4546">
     <span class='ocr_line' id='line_1_89' title="bbox 2084 4473 3661 4546; baseline 0 -20"><span class='ocrx_word' id='word_1_743' title='bbox 2084 4475 2371 4546; x_wconf 86' lang='grc' dir='ltr'>προσέχειν</span> <span class='ocrx_word' id='word_1_744' title='bbox 2404 4475 2459 4528; x_wconf 86' lang='grc' dir='ltr'><strong>δὲ</strong></span> <span class='ocrx_word' id='word_1_745' title='bbox 2509 4477 2588 4539; x_wconf 90' lang='grc' dir='ltr'><strong>είς</strong></span> <span class='ocrx_word' id='word_1_746' title='bbox 2620 4474 2719 4546; x_wconf 85' lang='grc' dir='ltr'>τὴν</span> <span class='ocrx_word' id='word_1_747' title='bbox 2762 4474 3015 4546; x_wconf 86' lang='grc' dir='ltr'>βοήθειάν</span> <span class='ocrx_word' id='word_1_748' title='bbox 3060 4492 3180 4546; x_wconf 92' lang='grc' dir='ltr'>μου.</span> <span class='ocrx_word' id='word_1_749' title='bbox 3223 4475 3293 4527; x_wconf 86' lang='grc' dir='ltr'><strong>Σὲ</strong></span> <span class='ocrx_word' id='word_1_750' title='bbox 3326 4473 3434 4545; x_wconf 78' lang='grc' dir='ltr'><strong>γὰρ</strong></span> <span class='ocrx_word' id='word_1_751' title='bbox 3469 4473 3661 4544; x_wconf 84' lang='grc' dir='ltr'>βοηθὸν</span> 
     </span>
    </p>
   </div>
   <div class='ocr_carea' id='block_1_90' title="bbox 400 4555 1985 4638">
    <p class='ocr_par' dir='ltr' id='par_1_90' title="bbox 400 4559 1973 4631">
     <span class='ocr_line' id='line_1_90' title="bbox 400 4559 1973 4631; baseline -0.002 -14"><span class='ocrx_word' id='word_1_752' title='bbox 400 4569 546 4625; x_wconf 81' lang='lat' dir='ltr'><strong>ctus,</strong></span> <span class='ocrx_word' id='word_1_753' title='bbox 574 4562 742 4631; x_wconf 83' lang='lat' dir='ltr'><strong>probe</strong></span> <span class='ocrx_word' id='word_1_754' title='bbox 784 4562 900 4616; x_wconf 86' lang='lat' dir='ltr'><strong>scio</strong></span> <span class='ocrx_word' id='word_1_755' title='bbox 941 4575 1027 4614; x_wconf 92' lang='lat' dir='ltr'><strong>me</strong></span> <span class='ocrx_word' id='word_1_756' title='bbox 1059 4574 1251 4614; x_wconf 89' lang='lat' dir='ltr'><strong>omnes</strong></span> <span class='ocrx_word' id='word_1_757' title='bbox 1281 4559 1537 4613; x_wconf 90' lang='lat' dir='ltr'><strong>inimicos</strong></span> <span class='ocrx_word' id='word_1_758' title='bbox 1582 4574 1735 4614; x_wconf 89' lang='lat' dir='ltr'><strong>meos</strong></span> <span class='ocrx_word' id='word_1_759' title='bbox 1765 4560 1973 4627; x_wconf 88' lang='lat' dir='ltr'><strong>pudore</strong></span> 
     </span>
    </p>
   </div>
   <div class='ocr_carea' id='block_1_91' title="bbox 2088 4555 3660 4638">
    <p class='ocr_par' dir='ltr' id='par_1_91' title="bbox 2088 4563 3660 4638">
     <span class='ocr_line' id='line_1_91' title="bbox 2088 4563 3660 4638; baseline -0.001 -18"><span class='ocrx_word' id='word_1_760' title='bbox 2088 4566 2375 4637; x_wconf 75' lang='grc' dir='ltr'>κτώμενος,</span> <span class='ocrx_word' id='word_1_761' title='bbox 2403 4563 2499 4620; x_wconf 76' lang='grc' dir='ltr'><strong>οἷδ’</strong></span> <span class='ocrx_word' id='word_1_762' title='bbox 2534 4568 2615 4620; x_wconf 85' lang='grc' dir='ltr'>ὃτι</span> <span class='ocrx_word' id='word_1_763' title='bbox 2657 4566 2860 4638; x_wconf 75' lang='grc' dir='ltr'>ὄψομαι</span> <span class='ocrx_word' id='word_1_764' title='bbox 2898 4565 3421 4637; x_wconf 88' lang='grc' dir='ltr'>καταισχυνομένους</span> <span class='ocrx_word' id='word_1_765' title='bbox 3454 4566 3660 4630; x_wconf 84' lang='grc' dir='ltr'>πάντας</span> 
     </span>
    </p>
   </div>
   <div class='ocr_carea' id='block_1_92' title="bbox 400 4649 1980 4716">
    <p class='ocr_par' dir='ltr' id='par_1_92' title="bbox 400 4649 1980 4716">
     <span class='ocr_line' id='line_1_92' title="bbox 400 4649 1980 4716; baseline -0.002 -8"><span class='ocrx_word' id='word_1_766' title='bbox 400 4653 641 4709; x_wconf 72' lang='lat' dir='ltr'><strong>suffusos</strong></span> <span class='ocrx_word' id='word_1_767' title='bbox 684 4653 931 4707; x_wconf 88' lang='lat' dir='ltr'><strong>visurum</strong></span> <span class='ocrx_word' id='word_1_768' title='bbox 983 4666 1125 4705; x_wconf 92' lang='lat' dir='ltr'><strong>esse.</strong></span> <span class='ocrx_word' id='word_1_769' title='bbox 1162 4650 1299 4704; x_wconf 90' lang='lat' dir='ltr'><strong>lllud</strong></span> <span class='ocrx_word' id='word_1_770' title='bbox 1331 4657 1534 4716; x_wconf 90' lang='lat' dir='ltr'><strong>autem,</strong></span> <span class='ocrx_word' id='word_1_771' title='bbox 1570 4669 1587 4701; x_wconf 85' lang='grc' dir='ltr'><strong>ι</strong></span> <span class='ocrx_word' id='word_1_772' title='bbox 1635 4649 1980 4705; x_wconf 82' lang='lat' dir='ltr'><strong>confundan-</strong></span> 
     </span>
    </p>
   </div>
   <div class='ocr_carea' id='block_1_93' title="bbox 398 4740 1977 4816">
    <p class='ocr_par' dir='ltr' id='par_1_93' title="bbox 398 4740 1977 4816">
     <span class='ocr_line' id='line_1_93' title="bbox 398 4740 1977 4816; baseline -0.003 -15"><span class='ocrx_word' id='word_1_773' title='bbox 398 4755 511 4811; x_wconf 89' lang='lat' dir='ltr'><strong>tur,</strong></span> <span class='ocrx_word' id='word_1_774' title='bbox 551 4765 570 4797; x_wconf 74' lang='grc' dir='ltr'><strong>ι</strong></span> <span class='ocrx_word' id='word_1_775' title='bbox 596 4760 696 4816; x_wconf 91' lang='lat' dir='ltr'><strong>pro</strong></span> <span class='ocrx_word' id='word_1_776' title='bbox 724 4752 989 4799; x_wconf 89' lang='lat' dir='ltr'><strong>consueto</strong></span> <span class='ocrx_word' id='word_1_777' title='bbox 1012 4744 1068 4796; x_wconf 93' lang='lat' dir='ltr'><strong>in</strong></span> <span class='ocrx_word' id='word_1_778' title='bbox 1092 4743 1277 4796; x_wconf 91' lang='lat' dir='ltr'><strong>divina</strong></span> <span class='ocrx_word' id='word_1_779' title='bbox 1308 4740 1594 4812; x_wconf 80' lang='lat' dir='ltr'><strong>Scriptura</strong></span> <span class='ocrx_word' id='word_1_780' title='bbox 1618 4757 1794 4807; x_wconf 92' lang='lat' dir='ltr'><strong>more,</strong></span> <span class='ocrx_word' id='word_1_781' title='bbox 1828 4759 1977 4797; x_wconf 90' lang='lat' dir='ltr'><strong>nunc</strong></span> 
     </span>
    </p>
   </div>
   <div class='ocr_carea' id='block_1_94' title="bbox 399 4834 1978 4910">
    <p class='ocr_par' dir='ltr' id='par_1_94' title="bbox 399 4834 1978 4910">
     <span class='ocr_line' id='line_1_94' title="bbox 399 4834 1978 4910; baseline -0.003 -17"><span class='ocrx_word' id='word_1_782' title='bbox 399 4856 619 4910; x_wconf 86' lang='lat' dir='ltr'><strong>quoque</strong></span> <span class='ocrx_word' id='word_1_783' title='bbox 674 4854 771 4908; x_wconf 87' lang='lat' dir='ltr'><strong>pro</strong></span> <span class='ocrx_word' id='word_1_784' title='bbox 820 4855 837 4886; x_wconf 80' lang='grc' dir='ltr'><strong>ι</strong></span> <span class='ocrx_word' id='word_1_785' title='bbox 900 4834 1308 4890; x_wconf 77' lang='lat' dir='ltr'><strong>confundentur</strong></span> <span class='ocrx_word' id='word_1_786' title='bbox 1361 4852 1380 4885; x_wconf 75' lang='grc' dir='ltr'><strong>ι</strong></span> <span class='ocrx_word' id='word_1_787' title='bbox 1417 4834 1628 4889; x_wconf 87' lang='lat' dir='ltr'><strong>dictum</strong></span> <span class='ocrx_word' id='word_1_788' title='bbox 1676 4842 1797 4901; x_wconf 89' lang='lat' dir='ltr'><strong>est;</strong></span> <span class='ocrx_word' id='word_1_789' title='bbox 1844 4834 1978 4889; x_wconf 92' lang='lat' dir='ltr'><strong>illud</strong></span> 
     </span>
    </p>
   </div>
   <div class='ocr_carea' id='block_1_95' title="bbox 400 4924 1977 4997">
    <p class='ocr_par' dir='ltr' id='par_1_95' title="bbox 400 4924 1977 4997">
     <span class='ocr_line' id='line_1_95' title="bbox 400 4924 1977 4997; baseline -0.002 -12"><span class='ocrx_word' id='word_1_790' title='bbox 400 4933 555 4995; x_wconf 85' lang='lat' dir='ltr'><strong>item,</strong></span> <span class='ocrx_word' id='word_1_791' title='bbox 594 4948 613 4982; x_wconf 80' lang='grc' dir='ltr'><strong>ι</strong></span> <span class='ocrx_word' id='word_1_792' title='bbox 671 4938 725 4984; x_wconf 90' lang='lat' dir='ltr'><strong>et</strong></span> <span class='ocrx_word' id='word_1_793' title='bbox 756 4927 1034 4990; x_wconf 90' lang='lat' dir='ltr'><strong>deﬁciant,</strong></span> <span class='ocrx_word' id='word_1_794' title='bbox 1080 4946 1098 4978; x_wconf 73' lang='grc' dir='ltr'><strong>ι</strong></span> <span class='ocrx_word' id='word_1_795' title='bbox 1134 4940 1232 4997; x_wconf 94' lang='lat' dir='ltr'><strong>pro</strong></span> <span class='ocrx_word' id='word_1_796' title='bbox 1278 4944 1298 4977; x_wconf 79' lang='grc' dir='ltr'><strong>ι</strong></span> <span class='ocrx_word' id='word_1_797' title='bbox 1338 4924 1593 4980; x_wconf 88' lang='lat' dir='ltr'><strong>deﬁcient</strong></span> <span class='ocrx_word' id='word_1_798' title='bbox 1621 4924 1977 4982; x_wconf 86' lang='lat' dir='ltr'><strong>detrahentes</strong></span> 
     </span>
    </p>
   </div>
   <div class='ocr_carea' id='block_1_96' title="bbox 399 5016 1975 5089">
    <p class='ocr_par' dir='ltr' id='par_1_96' title="bbox 399 5016 1975 5089">
     <span class='ocr_line' id='line_1_96' title="bbox 399 5016 1975 5089; baseline -0.004 -12"><span class='ocrx_word' id='word_1_799' title='bbox 399 5024 595 5077; x_wconf 62' lang='lat' dir='ltr'><strong>animai</strong></span> <span class='ocrx_word' id='word_1_800' title='bbox 623 5037 776 5084; x_wconf 78' lang='lat' dir='ltr'><strong>meae,</strong></span> <span class='ocrx_word' id='word_1_801' title='bbox 820 5040 838 5073; x_wconf 71' lang='grc' dir='ltr'><strong>ι</strong></span> <span class='ocrx_word' id='word_1_802' title='bbox 889 5019 1123 5089; x_wconf 89' lang='lat' dir='ltr'><strong>positum</strong></span> <span class='ocrx_word' id='word_1_803' title='bbox 1153 5026 1279 5083; x_wconf 91' lang='lat' dir='ltr'><strong>est;</strong></span> <span class='ocrx_word' id='word_1_804' title='bbox 1335 5016 1451 5072; x_wconf 87' lang='lat' dir='ltr'><strong>sive</strong></span> <span class='ocrx_word' id='word_1_805' title='bbox 1480 5017 1780 5071; x_wconf 86' lang='lat' dir='ltr'><strong>secundum</strong></span> <span class='ocrx_word' id='word_1_806' title='bbox 1818 5016 1975 5089; x_wconf 89' lang='lat' dir='ltr'><strong>Sym-</strong></span> 
     </span>
    </p>
   </div>
   <div class='ocr_carea' id='block_1_97' title="bbox 399 5110 1975 5176">
    <p class='ocr_par' dir='ltr' id='par_1_97' title="bbox 399 5110 1975 5176">
     <span class='ocr_line' id='line_1_97' title="bbox 399 5110 1975 5176; baseline -0.001 -10"><span class='ocrx_word' id='word_1_807' title='bbox 399 5115 679 5176; x_wconf 90' lang='lat' dir='ltr'><strong>machum,</strong></span> <span class='ocrx_word' id='word_1_808' title='bbox 722 5132 741 5163; x_wconf 82' lang='grc' dir='ltr'><strong>ι</strong></span> <span class='ocrx_word' id='word_1_809' title='bbox 781 5111 1082 5166; x_wconf 86' lang='lat' dir='ltr'><strong>adversarii</strong></span> <span class='ocrx_word' id='word_1_810' title='bbox 1113 5112 1308 5165; x_wconf 71' lang='lat' dir='ltr'><strong>animae</strong></span> <span class='ocrx_word' id='word_1_811' title='bbox 1328 5125 1479 5164; x_wconf 63' lang='lat' dir='ltr'><strong>meai.</strong></span> <span class='ocrx_word' id='word_1_812' title='bbox 1518 5129 1535 5160; x_wconf 73' lang='grc' dir='ltr'>δ</span> <span class='ocrx_word' id='word_1_813' title='bbox 1569 5110 1855 5176; x_wconf 86' lang='lat' dir='ltr'><strong>Quomodo</strong></span> <span class='ocrx_word' id='word_1_814' title='bbox 1876 5127 1975 5165; x_wconf 87' lang='lat' dir='ltr'><strong>au-</strong></span> 
     </span>
    </p>
   </div>
   <div class='ocr_carea' id='block_1_98' title="bbox 401 5203 1974 5276">
    <p class='ocr_par' dir='ltr' id='par_1_98' title="bbox 401 5203 1974 5276">
     <span class='ocr_line' id='line_1_98' title="bbox 401 5203 1974 5276; baseline -0.001 -17"><span class='ocrx_word' id='word_1_815' title='bbox 401 5214 513 5260; x_wconf 90' lang='lat' dir='ltr'><strong>tem</strong></span> <span class='ocrx_word' id='word_1_816' title='bbox 546 5207 755 5276; x_wconf 89' lang='lat' dir='ltr'><strong>pudore</strong></span> <span class='ocrx_word' id='word_1_817' title='bbox 791 5205 987 5261; x_wconf 82' lang='lat' dir='ltr'><strong>suﬁ&#39;usi</strong></span> <span class='ocrx_word' id='word_1_818' title='bbox 1027 5203 1329 5259; x_wconf 80' lang='lat' dir='ltr'><strong>defecerint</strong></span> <span class='ocrx_word' id='word_1_819' title='bbox 1356 5204 1451 5273; x_wconf 86' lang='lat' dir='ltr'><strong>qui</strong></span> <span class='ocrx_word' id='word_1_820' title='bbox 1483 5219 1671 5257; x_wconf 83' lang='lat' dir='ltr'><strong>necem</strong></span> <span class='ocrx_word' id='word_1_821' title='bbox 1701 5204 1824 5272; x_wconf 89' lang='lat' dir='ltr'><strong>ejus</strong></span> <span class='ocrx_word' id='word_1_822' title='bbox 1856 5219 1974 5258; x_wconf 90' lang='lat' dir='ltr'><strong>mo-</strong></span> 
     </span>
    </p>
   </div>
   <div class='ocr_carea' id='block_1_99' title="bbox 401 5294 1976 5368">
    <p class='ocr_par' dir='ltr' id='par_1_99' title="bbox 401 5294 1976 5368">
     <span class='ocr_line' id='line_1_99' title="bbox 401 5294 1976 5368; baseline -0.002 -16"><span class='ocrx_word' id='word_1_823' title='bbox 401 5299 484 5352; x_wconf 90' lang='lat' dir='ltr'><strong>liti</strong></span> <span class='ocrx_word' id='word_1_824' title='bbox 514 5306 666 5363; x_wconf 91' lang='lat' dir='ltr'><strong>sunt,</strong></span> <span class='ocrx_word' id='word_1_825' title='bbox 700 5314 811 5352; x_wconf 89' lang='lat' dir='ltr'><strong>non</strong></span> <span class='ocrx_word' id='word_1_826' title='bbox 845 5299 1009 5368; x_wconf 81' lang='lat' dir='ltr'><strong>longo</strong></span> <span class='ocrx_word' id='word_1_827' title='bbox 1042 5297 1204 5351; x_wconf 89' lang='lat' dir='ltr'><strong>nobis</strong></span> <span class='ocrx_word' id='word_1_828' title='bbox 1227 5311 1481 5351; x_wconf 89' lang='lat' dir='ltr'><strong>sermone</strong></span> <span class='ocrx_word' id='word_1_829' title='bbox 1509 5294 1817 5365; x_wconf 85' lang='lat' dir='ltr'><strong>disquirere</strong></span> <span class='ocrx_word' id='word_1_830' title='bbox 1836 5310 1976 5365; x_wconf 84' lang='lat' dir='ltr'><strong>opus</strong></span> 
     </span>
    </p>
   </div>
   <div class='ocr_carea' id='block_1_100' title="bbox 326 5386 1974 5460">
    <p class='ocr_par' dir='ltr' id='par_1_100' title="bbox 326 5386 1974 5460">
     <span class='ocr_line' id='line_1_100' title="bbox 326 5386 1974 5460; baseline -0.003 -15"><span class='ocrx_word' id='word_1_831' title='bbox 326 5422 331 5425; x_wconf 28' lang='grc' dir='ltr'><strong>Α</strong></span> <span class='ocrx_word' id='word_1_832' title='bbox 401 5399 487 5445; x_wconf 84' lang='lat' dir='ltr'><strong>est</strong></span> <span class='ocrx_word' id='word_1_833' title='bbox 516 5411 529 5445; x_wconf 88' lang='lat'>:</span> <span class='ocrx_word' id='word_1_834' title='bbox 562 5406 685 5444; x_wconf 89' lang='lat' dir='ltr'><strong>nam</strong></span> <span class='ocrx_word' id='word_1_835' title='bbox 717 5406 784 5445; x_wconf 81' lang='lat' dir='ltr'><strong>ex</strong></span> <span class='ocrx_word' id='word_1_836' title='bbox 809 5405 875 5445; x_wconf 89' lang='lat' dir='ltr'><strong>eo</strong></span> <span class='ocrx_word' id='word_1_837' title='bbox 905 5397 1149 5460; x_wconf 91' lang='lat' dir='ltr'><strong>tempore</strong></span> <span class='ocrx_word' id='word_1_838' title='bbox 1179 5389 1433 5460; x_wconf 89' lang='lat' dir='ltr'><strong>princeps</strong></span> <span class='ocrx_word' id='word_1_839' title='bbox 1456 5388 1803 5443; x_wconf 88' lang='lat' dir='ltr'><strong>sacerdotum</strong></span> <span class='ocrx_word' id='word_1_840' title='bbox 1830 5386 1974 5456; x_wconf 88' lang='lat' dir='ltr'><strong>apud</strong></span> 
     </span>
    </p>
   </div>
   <div class='ocr_carea' id='block_1_101' title="bbox 402 5482 1973 5553">
    <p class='ocr_par' dir='ltr' id='par_1_101' title="bbox 402 5482 1973 5553">
     <span class='ocr_line' id='line_1_101' title="bbox 402 5482 1973 5553; baseline -0.001 -15"><span class='ocrx_word' id='word_1_841' title='bbox 402 5499 498 5538; x_wconf 88' lang='lat' dir='ltr'><strong>cos</strong></span> <span class='ocrx_word' id='word_1_842' title='bbox 532 5484 751 5553; x_wconf 85' lang='lat' dir='ltr'><strong>penitus</strong></span> <span class='ocrx_word' id='word_1_843' title='bbox 798 5482 1017 5545; x_wconf 80' lang='lat' dir='ltr'><strong>defecit,</strong></span> <span class='ocrx_word' id='word_1_844' title='bbox 1066 5482 1466 5536; x_wconf 83' lang='lat' dir='ltr'><strong>Pharisaeorum</strong></span> <span class='ocrx_word' id='word_1_845' title='bbox 1504 5496 1635 5536; x_wconf 89' lang='lat' dir='ltr'><strong>vero</strong></span> <span class='ocrx_word' id='word_1_846' title='bbox 1668 5496 1739 5535; x_wconf 92' lang='lat' dir='ltr'><strong>ne</strong></span> <span class='ocrx_word' id='word_1_847' title='bbox 1775 5496 1973 5537; x_wconf 90' lang='lat' dir='ltr'><strong>nomen</strong></span> 
     </span>
    </p>
   </div>
   <div class='ocr_carea' id='block_1_102' title="bbox 403 5571 1972 5643">
    <p class='ocr_par' dir='ltr' id='par_1_102' title="bbox 403 5571 1972 5643">
     <span class='ocr_line' id='line_1_102' title="bbox 403 5571 1972 5643; baseline 0.001 -18"><span class='ocrx_word' id='word_1_848' title='bbox 403 5574 621 5643; x_wconf 86' lang='lat' dir='ltr'><strong>quidem</strong></span> <span class='ocrx_word' id='word_1_849' title='bbox 656 5584 925 5643; x_wconf 87' lang='lat' dir='ltr'><strong>superest,</strong></span> <span class='ocrx_word' id='word_1_850' title='bbox 975 5589 1151 5642; x_wconf 86' lang='lat' dir='ltr'><strong>neque</strong></span> <span class='ocrx_word' id='word_1_851' title='bbox 1200 5572 1463 5626; x_wconf 85' lang='lat' dir='ltr'><strong>memoria</strong></span> <span class='ocrx_word' id='word_1_852' title='bbox 1501 5572 1609 5624; x_wconf 93' lang='lat' dir='ltr'><strong>ulla</strong></span> <span class='ocrx_word' id='word_1_853' title='bbox 1645 5571 1972 5642; x_wconf 83' lang='lat' dir='ltr'><strong>dignitatum</strong></span> 
     </span>
    </p>
   </div>
   <div class='ocr_carea' id='block_1_103' title="bbox 2084 4658 3662 4729">
    <p class='ocr_par' dir='ltr' id='par_1_103' title="bbox 2084 4658 3662 4729">
     <span class='ocr_line' id='line_1_103' title="bbox 2084 4658 3662 4729; baseline 0.001 -19"><span class='ocrx_word' id='word_1_854' title='bbox 2084 4675 2185 4729; x_wconf 89' lang='grc' dir='ltr'><strong>μου</strong></span> <span class='ocrx_word' id='word_1_855' title='bbox 2213 4658 2340 4720; x_wconf 80' lang='grc' dir='ltr'>τοὺς</span> <span class='ocrx_word' id='word_1_856' title='bbox 2386 4658 2633 4729; x_wconf 88' lang='grc' dir='ltr'>ἐχθρούς.</span> <span class='ocrx_word' id='word_1_857' title='bbox 2681 4659 2755 4711; x_wconf 88' lang='grc' dir='ltr'>Τὸ</span> <span class='ocrx_word' id='word_1_858' title='bbox 2795 4658 2873 4723; x_wconf 82' lang='grc' dir='ltr'><strong>δὲ,</strong></span> <span class='ocrx_word' id='word_1_859' title='bbox 2915 4676 2934 4710; x_wconf 81' lang='grc' dir='ltr'><strong>ι</strong></span> <span class='ocrx_word' id='word_1_860' title='bbox 2971 4658 3437 4729; x_wconf 83' lang='grc' dir='ltr'>αίσχυνθήτωσαν,</span> <span class='ocrx_word' id='word_1_861' title='bbox 3481 4677 3501 4710; x_wconf 73' lang='grc' dir='ltr'><strong>ι</strong></span> <span class='ocrx_word' id='word_1_862' title='bbox 3539 4674 3662 4711; x_wconf 86' lang='grc' dir='ltr'>συν-</span> 
     </span>
    </p>
   </div>
   <div class='ocr_carea' id='block_1_104' title="bbox 2081 4747 3661 4822">
    <p class='ocr_par' dir='ltr' id='par_1_104' title="bbox 2081 4747 3661 4822">
     <span class='ocr_line' id='line_1_104' title="bbox 2081 4747 3661 4822; baseline -0.002 -19"><span class='ocrx_word' id='word_1_863' title='bbox 2081 4750 2224 4821; x_wconf 83' lang='grc' dir='ltr'>ήθως</span> <span class='ocrx_word' id='word_1_864' title='bbox 2247 4753 2314 4822; x_wconf 83' lang='grc' dir='ltr'>τῇ</span> <span class='ocrx_word' id='word_1_865' title='bbox 2339 4750 2457 4821; x_wconf 74' lang='grc' dir='ltr'>θείᾳ</span> <span class='ocrx_word' id='word_1_866' title='bbox 2478 4750 2664 4822; x_wconf 77' lang='grc' dir='ltr'>Γραφῇ</span> <span class='ocrx_word' id='word_1_867' title='bbox 2702 4750 2798 4803; x_wconf 65' lang='grc' dir='ltr'><strong>καλ⁸</strong></span> <span class='ocrx_word' id='word_1_868' title='bbox 2832 4749 2928 4803; x_wconf 83' lang='grc' dir='ltr'><strong>νῦν</strong></span> <span class='ocrx_word' id='word_1_869' title='bbox 2960 4750 3081 4803; x_wconf 73' lang='grc' dir='ltr'>ἀντὶ</span> <span class='ocrx_word' id='word_1_870' title='bbox 3111 4748 3227 4813; x_wconf 92' lang='grc' dir='ltr'>τοῦ,</span> <span class='ocrx_word' id='word_1_871' title='bbox 3249 4747 3661 4818; x_wconf 81' lang='grc' dir='ltr'>ιαίσχυνθήσον-</span> 
     </span>
    </p>
   </div>
   <div class='ocr_carea' id='block_1_105' title="bbox 2077 4840 3657 4914">
    <p class='ocr_par' dir='ltr' id='par_1_105' title="bbox 2077 4840 3657 4914">
     <span class='ocr_line' id='line_1_105' title="bbox 2077 4840 3657 4914; baseline 0.001 -20"><span class='ocrx_word' id='word_1_872' title='bbox 2077 4859 2169 4895; x_wconf 90' lang='grc' dir='ltr'><strong>ται</strong></span> <span class='ocrx_word' id='word_1_873' title='bbox 2203 4861 2222 4894; x_wconf 72' lang='grc' dir='ltr'><strong>ι</strong></span> <span class='ocrx_word' id='word_1_874' title='bbox 2255 4844 2501 4914; x_wconf 80' lang='grc' dir='ltr'>εἴρηται·</span> <span class='ocrx_word' id='word_1_875' title='bbox 2552 4845 2645 4896; x_wconf 77' lang='grc' dir='ltr'>καὶ</span> <span class='ocrx_word' id='word_1_876' title='bbox 2676 4842 2755 4905; x_wconf 91' lang='grc' dir='ltr'><strong>τὸ,</strong></span> <span class='ocrx_word' id='word_1_877' title='bbox 2800 4861 2820 4893; x_wconf 81' lang='grc' dir='ltr'><strong>ι</strong></span> <span class='ocrx_word' id='word_1_878' title='bbox 2870 4841 3292 4905; x_wconf 85' lang='grc' dir='ltr'>ἐκλειπέτωσαν,</span> <span class='ocrx_word' id='word_1_879' title='bbox 3329 4861 3347 4893; x_wconf 78' lang='grc' dir='ltr'><strong>ι</strong></span> <span class='ocrx_word' id='word_1_880' title='bbox 3381 4841 3500 4894; x_wconf 77' lang='grc' dir='ltr'>ἀντὶ</span> <span class='ocrx_word' id='word_1_881' title='bbox 3538 4840 3657 4903; x_wconf 83' lang='grc' dir='ltr'>τοῦ,</span> 
     </span>
    </p>
   </div>
   <div class='ocr_carea' id='block_1_106' title="bbox 2089 4930 3656 5005">
    <p class='ocr_par' dir='ltr' id='par_1_106' title="bbox 2089 4930 3656 5005">
     <span class='ocr_line' id='line_1_106' title="bbox 2089 4930 3656 5005; baseline -0.001 -21"><span class='ocrx_word' id='word_1_882' title='bbox 2089 4952 2107 4984; x_wconf 81' lang='grc' dir='ltr'><strong>ι</strong></span> <span class='ocrx_word' id='word_1_883' title='bbox 2146 4932 2483 5003; x_wconf 76' lang='grc' dir='ltr'>ἐκλείψουσιν</span> <span class='ocrx_word' id='word_1_884' title='bbox 2508 4934 2557 4987; x_wconf 92' lang='grc' dir='ltr'><strong>οί</strong></span> <span class='ocrx_word' id='word_1_885' title='bbox 2593 4932 3026 4997; x_wconf 81' lang='grc' dir='ltr'>ἐνδιαϐάλλοντες</span> <span class='ocrx_word' id='word_1_886' title='bbox 3053 4934 3152 5005; x_wconf 82' lang='grc' dir='ltr'>τὴν</span> <span class='ocrx_word' id='word_1_887' title='bbox 3180 4934 3361 5003; x_wconf 77' lang='grc' dir='ltr'>ψυχήν</span> <span class='ocrx_word' id='word_1_888' title='bbox 3394 4948 3494 5002; x_wconf 90' lang='grc' dir='ltr'><strong>μου</strong></span> <span class='ocrx_word' id='word_1_889' title='bbox 3519 4948 3533 4962; x_wconf 74' lang='lat'>&#39;</span> <span class='ocrx_word' id='word_1_890' title='bbox 3568 4950 3587 4983; x_wconf 75' lang='grc' dir='ltr'><strong>ι</strong></span> <span class='ocrx_word' id='word_1_891' title='bbox 3621 4930 3656 5002; x_wconf 69' lang='grc' dir='ltr'>ἢ</span> 
     </span>
    </p>
   </div>
   <div class='ocr_carea' id='block_1_107' title="bbox 2082 5022 3652 5095">
    <p class='ocr_par' dir='ltr' id='par_1_107' title="bbox 2082 5022 3652 5095">
     <span class='ocr_line' id='line_1_107' title="bbox 2082 5022 3652 5095; baseline -0.003 -18"><span class='ocrx_word' id='word_1_892' title='bbox 2082 5022 2224 5077; x_wconf 86' lang='grc' dir='ltr'><strong>κατά</strong></span> <span class='ocrx_word' id='word_1_893' title='bbox 2242 5024 2332 5078; x_wconf 88' lang='grc' dir='ltr'><strong>τὸν</strong></span> <span class='ocrx_word' id='word_1_894' title='bbox 2361 5024 2675 5095; x_wconf 89' lang='grc' dir='ltr'>Σύμμαχον,</span> <span class='ocrx_word' id='word_1_895' title='bbox 2706 5042 2723 5074; x_wconf 83' lang='grc' dir='ltr'><strong>ι</strong></span> <span class='ocrx_word' id='word_1_896' title='bbox 2748 5026 2796 5077; x_wconf 87' lang='grc' dir='ltr'>οἰ</span> <span class='ocrx_word' id='word_1_897' title='bbox 2818 5024 3181 5095; x_wconf 83' lang='grc' dir='ltr'>ἀντικείμενοι</span> <span class='ocrx_word' id='word_1_898' title='bbox 3219 5026 3284 5094; x_wconf 81' lang='grc' dir='ltr'>τῇ</span> <span class='ocrx_word' id='word_1_899' title='bbox 3318 5023 3462 5094; x_wconf 78' lang='grc' dir='ltr'>ψυχῇ</span> <span class='ocrx_word' id='word_1_900' title='bbox 3496 5038 3652 5093; x_wconf 70' lang='grc' dir='ltr'>μου.»</span> 
     </span>
    </p>
   </div>
   <div class='ocr_carea' id='block_1_108' title="bbox 2085 5113 3660 5186">
    <p class='ocr_par' dir='ltr' id='par_1_108' title="bbox 2085 5113 3660 5186">
     <span class='ocr_line' id='line_1_108' title="bbox 2085 5113 3660 5186; baseline 0 -20"><span class='ocrx_word' id='word_1_901' title='bbox 2085 5114 2269 5177; x_wconf 88' lang='grc' dir='ltr'>Ὅπως</span> <span class='ocrx_word' id='word_1_902' title='bbox 2289 5114 2345 5166; x_wconf 85' lang='grc' dir='ltr'><strong>δέ</strong></span> <span class='ocrx_word' id='word_1_903' title='bbox 2371 5114 2747 5168; x_wconf 87' lang='grc' dir='ltr'>ἐκλελοίπασιν</span> <span class='ocrx_word' id='word_1_904' title='bbox 2780 5114 3042 5186; x_wconf 76' lang='grc' dir='ltr'>αἰσχύνην</span> <span class='ocrx_word' id='word_1_905' title='bbox 3068 5116 3465 5185; x_wconf 87' lang='grc' dir='ltr'>καταχεάμενοι</span> <span class='ocrx_word' id='word_1_906' title='bbox 3497 5115 3546 5167; x_wconf 83' lang='grc' dir='ltr'>οἱ</span> <span class='ocrx_word' id='word_1_907' title='bbox 3567 5113 3660 5167; x_wconf 86' lang='grc' dir='ltr'><strong>τὸν</strong></span> 
     </span>
    </p>
   </div>
   <div class='ocr_carea' id='block_1_109' title="bbox 2081 5203 3657 5277">
    <p class='ocr_par' dir='ltr' id='par_1_109' title="bbox 2081 5203 3657 5277">
     <span class='ocr_line' id='line_1_109' title="bbox 2081 5203 3657 5277; baseline 0.002 -22"><span class='ocrx_word' id='word_1_908' title='bbox 2081 5203 2308 5257; x_wconf 80' lang='grc' dir='ltr'>θάνατον</span> <span class='ocrx_word' id='word_1_909' title='bbox 2353 5204 2498 5275; x_wconf 80' lang='grc' dir='ltr'>αὐτῷ</span> <span class='ocrx_word' id='word_1_910' title='bbox 2536 5206 2920 5277; x_wconf 85' lang='grc' dir='ltr'>τυρεύσαντες,</span> <span class='ocrx_word' id='word_1_911' title='bbox 2958 5208 3019 5260; x_wconf 86' lang='grc' dir='ltr'>οὺ</span> <span class='ocrx_word' id='word_1_912' title='bbox 3060 5206 3283 5277; x_wconf 80' lang='grc' dir='ltr'>μακρῶν</span> <span class='ocrx_word' id='word_1_913' title='bbox 3305 5208 3433 5277; x_wconf 81' lang='grc' dir='ltr'>ἡμῖν</span> <span class='ocrx_word' id='word_1_914' title='bbox 3464 5206 3546 5259; x_wconf 82' lang='grc' dir='ltr'><strong>δεῖ</strong></span> <span class='ocrx_word' id='word_1_915' title='bbox 3567 5204 3657 5259; x_wconf 86' lang='grc' dir='ltr'>λό-</span> 
     </span>
    </p>
   </div>
   <div class='ocr_carea' id='block_1_110' title="bbox 2079 5296 3658 5368">
    <p class='ocr_par' dir='ltr' id='par_1_110' title="bbox 2079 5296 3658 5368">
     <span class='ocr_line' id='line_1_110' title="bbox 2079 5296 3658 5368; baseline 0.001 -21"><span class='ocrx_word' id='word_1_916' title='bbox 2079 5311 2191 5362; x_wconf 89' lang='grc' dir='ltr'><strong>γων</strong></span> <span class='ocrx_word' id='word_1_917' title='bbox 2212 5312 2225 5324; x_wconf 87' lang='grc'>·</span> <span class='ocrx_word' id='word_1_918' title='bbox 2261 5296 2420 5348; x_wconf 85' lang='grc' dir='ltr'>ὁπότε</span> <span class='ocrx_word' id='word_1_919' title='bbox 2447 5297 2505 5361; x_wconf 86' lang='grc' dir='ltr'>ἐξ</span> <span class='ocrx_word' id='word_1_920' title='bbox 2530 5298 2738 5350; x_wconf 88' lang='grc' dir='ltr'>ἐκείνου</span> <span class='ocrx_word' id='word_1_921' title='bbox 2766 5297 3043 5351; x_wconf 87' lang='grc' dir='ltr'>ἐκλέλοιπε</span> <span class='ocrx_word' id='word_1_922' title='bbox 3072 5300 3180 5361; x_wconf 82' lang='grc' dir='ltr'>πᾶς</span> <span class='ocrx_word' id='word_1_923' title='bbox 3209 5298 3500 5368; x_wconf 79' lang='grc' dir='ltr'>ἀρχιερεὺς</span> <span class='ocrx_word' id='word_1_924' title='bbox 3525 5298 3658 5368; x_wconf 79' lang='grc' dir='ltr'>παρ’</span> 
     </span>
    </p>
   </div>
   <div class='ocr_carea' id='block_1_111' title="bbox 2080 5386 3659 5461">
    <p class='ocr_par' dir='ltr' id='par_1_111' title="bbox 2080 5386 3659 5461">
     <span class='ocr_line' id='line_1_111' title="bbox 2080 5386 3659 5461; baseline 0 -21"><span class='ocrx_word' id='word_1_925' title='bbox 2080 5388 2283 5452; x_wconf 81' lang='grc' dir='ltr'>αὐτοῖς,</span> <span class='ocrx_word' id='word_1_926' title='bbox 2307 5388 2617 5459; x_wconf 82' lang='grc' dir='ltr'>Φαρισαίων</span> <span class='ocrx_word' id='word_1_927' title='bbox 2658 5389 2714 5442; x_wconf 81' lang='grc' dir='ltr'><strong>δὲ</strong></span> <span class='ocrx_word' id='word_1_928' title='bbox 2757 5390 2879 5443; x_wconf 84' lang='grc' dir='ltr'>οὐδέ</span> <span class='ocrx_word' id='word_1_929' title='bbox 2921 5390 3092 5461; x_wconf 75' lang='grc' dir='ltr'>ὄνομα</span> <span class='ocrx_word' id='word_1_930' title='bbox 3120 5389 3200 5442; x_wconf 77' lang='grc' dir='ltr'>ἔτι</span> <span class='ocrx_word' id='word_1_931' title='bbox 3239 5388 3505 5451; x_wconf 87' lang='grc' dir='ltr'>λείπεται,</span> <span class='ocrx_word' id='word_1_932' title='bbox 3538 5386 3659 5441; x_wconf 85' lang='grc' dir='ltr'><strong>οὐδὲ</strong></span> 
     </span>
    </p>
   </div>
   <div class='ocr_carea' id='block_1_112' title="bbox 2084 5478 3658 5552">
    <p class='ocr_par' dir='ltr' id='par_1_112' title="bbox 2084 5478 3658 5552">
     <span class='ocr_line' id='line_1_112' title="bbox 2084 5478 3658 5552; baseline -0.002 -18"><span class='ocrx_word' id='word_1_933' title='bbox 2084 5483 2271 5552; x_wconf 87' lang='grc' dir='ltr'>μνήμη</span> <span class='ocrx_word' id='word_1_934' title='bbox 2316 5479 2426 5533; x_wconf 85' lang='grc' dir='ltr'><strong>τῶν</strong></span> <span class='ocrx_word' id='word_1_935' title='bbox 2470 5484 2600 5552; x_wconf 80' lang='grc' dir='ltr'>παρ’</span> <span class='ocrx_word' id='word_1_936' title='bbox 2632 5478 2817 5545; x_wconf 73' lang='grc' dir='ltr'>αὐτοῖς</span> <span class='ocrx_word' id='word_1_937' title='bbox 2833 5481 3177 5552; x_wconf 83' lang='grc' dir='ltr'>ἀξιωμάτων.</span> <span class='ocrx_word' id='word_1_938' title='bbox 3232 5481 3505 5545; x_wconf 84' lang='grc' dir='ltr'>Ἐξέλιπον</span> <span class='ocrx_word' id='word_1_939' title='bbox 3549 5478 3658 5549; x_wconf 82' lang='grc' dir='ltr'>γὰρ</span> 
     </span>
    </p>
   </div>
   <div class='ocr_carea' id='block_1_113' title="bbox 2080 5570 3661 5647">
    <p class='ocr_par' dir='ltr' id='par_1_113' title="bbox 2080 5570 3661 5647">
     <span class='ocr_line' id='line_1_113' title="bbox 2080 5570 3661 5647; baseline -0.002 -19"><span class='ocrx_word' id='word_1_940' title='bbox 2080 5575 2340 5644; x_wconf 82' lang='grc' dir='ltr'>ἄρχοντες</span> <span class='ocrx_word' id='word_1_941' title='bbox 2368 5573 2427 5637; x_wconf 84' lang='grc' dir='ltr'>ἐξ</span> <span class='ocrx_word' id='word_1_942' title='bbox 2466 5572 2637 5626; x_wconf 79' lang='grc' dir='ltr'>Ἰούδα</span> <span class='ocrx_word' id='word_1_943' title='bbox 2675 5576 2768 5629; x_wconf 72' lang='grc' dir='ltr'><strong>καὶ</strong></span> <span class='ocrx_word' id='word_1_944' title='bbox 2797 5576 3089 5647; x_wconf 78' lang='grc' dir='ltr'>ἡγούμενοι</span> <span class='ocrx_word' id='word_1_945' title='bbox 3121 5578 3185 5629; x_wconf 82' lang='grc' dir='ltr'><strong>ἐκ</strong></span> <span class='ocrx_word' id='word_1_946' title='bbox 3209 5575 3315 5628; x_wconf 83' lang='grc' dir='ltr'><strong>τῶν</strong></span> <span class='ocrx_word' id='word_1_947' title='bbox 3346 5573 3537 5646; x_wconf 85' lang='grc' dir='ltr'>μηρῶν</span> <span class='ocrx_word' id='word_1_948' title='bbox 3560 5570 3661 5629; x_wconf 74' lang='grc' dir='ltr'><strong>σού-</strong></span> 
     </span>
    </p>
   </div>
   <div class='ocr_carea' id='block_1_114' title="bbox 481 5730 2713 5844">
    <p class='ocr_par' dir='ltr' id='par_1_114' title="bbox 481 5730 2713 5844">
     <span class='ocr_line' id='line_1_114' title="bbox 481 5730 2713 5844; baseline 0 -19"><span class='ocrx_word' id='word_1_949' title='bbox 481 5772 523 5825; x_wconf 83' lang='grc' dir='ltr'><strong>ιι</strong></span> <span class='ocrx_word' id='word_1_950' title='bbox 564 5771 688 5825; x_wconf 92' lang='lat' dir='ltr'><strong>Cor.</strong></span> <span class='ocrx_word' id='word_1_951' title='bbox 724 5783 843 5833; x_wconf 69' lang='lat' dir='ltr'><strong>till,</strong></span> <span class='ocrx_word' id='word_1_952' title='bbox 873 5769 923 5822; x_wconf 76' lang='grc'><strong>4.</strong></span> <span class='ocrx_word' id='word_1_953' title='bbox 1002 5769 1041 5799; x_wconf 68' lang='grc'><strong>⁸³</strong></span> <span class='ocrx_word' id='word_1_954' title='bbox 1088 5767 1239 5827; x_wconf 64' lang='lat' dir='ltr'><strong>toan.</strong></span> <span class='ocrx_word' id='word_1_955' title='bbox 1287 5785 1338 5837; x_wconf 84' lang='lat' dir='ltr'><strong>x,</strong></span> <span class='ocrx_word' id='word_1_956' title='bbox 1379 5768 1457 5823; x_wconf 85' lang='lat' dir='ltr'><strong>l8.</strong></span> <span class='ocrx_word' id='word_1_957' title='bbox 1536 5767 1802 5841; x_wconf 72' lang='lat' dir='ltr'><strong>“Philip.</strong></span> <span class='ocrx_word' id='word_1_958' title='bbox 1841 5785 1901 5837; x_wconf 87' lang='lat' dir='ltr'><strong>ll,</strong></span> <span class='ocrx_word' id='word_1_959' title='bbox 1936 5770 1989 5827; x_wconf 90' lang='lat'><strong>8.</strong></span> <span class='ocrx_word' id='word_1_960' title='bbox 2050 5772 2106 5844; x_wconf 20' lang='grc'><strong>⁴⁹¹</strong></span> <span class='ocrx_word' id='word_1_961' title='bbox 2137 5769 2327 5825; x_wconf 81' lang='lat' dir='ltr'><strong>Matth.</strong></span> <span class='ocrx_word' id='word_1_962' title='bbox 2363 5785 2531 5835; x_wconf 80' lang='lat' dir='ltr'><strong>xxvn,</strong></span> <span class='ocrx_word' id='word_1_963' title='bbox 2561 5770 2630 5825; x_wconf 70' lang='lat'><strong>40</strong></span> <span class='ocrx_word' id='word_1_964' title='bbox 2709 5730 2713 5747; x_wconf 31' lang='grc' dir='ltr'>ι</span> 
     </span>
    </p>
   </div>
  </div>
