4128 6392
420 420 516 477 ’781

1456 490 1467 501 ,
1552 422 2063 480 COMMENTARIA
2102 422 2168 478 IN
2206 421 2546 478 PSALMOS.

3576 429 3678 483 782

414 536 533 602 τοῦ,
571 537 674 609 τῆς
705 538 1029 611 προσδοκίας
1055 538 1164 593 τῶν
1195 540 1363 594 ὲθνῶν
1400 543 1702 614 ὲπιστάσης
1732 543 1875 597 κατὰ
1901 543 2001 612 τὴν

2111 557 2314 596 eorum.
2346 540 2673 597 Defecerunt
2699 540 2903 613 quippe
2925 541 3206 613 principes
3237 558 3304 599 ex
3334 542 3476 600 Juda
3507 553 3561 601 et
3575 548 3680 602 du-

418 628 579 681 τοῦτο
635 628 996 692 θεσπίζουσαν
1032 630 1526 701 προφητείαν.Καὶ
1569 630 1692 684 οὔτε
1739 630 1999 701 βασιλεῖς,

417 718 541 773 οὔτε
569 720 854 791 ἡγεμόνες,
882 718 1007 773 οὔτε
1028 722 1170 785 τινὲς
1190 722 1320 793 παρ’
1342 724 1524 787 αὐτοῖς
1556 723 1811 777 δυνάσται
1841 725 2001 788 εἰσὶν,

419 813 540 868 οὐδέ
572 831 623 865 τι
644 813 829 883 τάγμα
866 812 972 865 τῶν
1003 813 1170 867 πάλαι
1200 816 1329 886 παρ’
1358 816 1542 878 αὐτοῖς
1576 815 1744 868 ὄντων
1788 815 2003 887 περιλέ-

420 910 663 963 λειπται·
721 910 1206 981 καταισχυνθέντες
1252 911 1309 964 δὲ
1362 912 1564 974 πάντες
1627 911 2002 965 ἐκλελοίπασιν

423 1006 470 1056 οἰ
500 1002 876 1067 διαῦάλλοντες
924 1004 1086 1056 αὑτοῦ
1126 1004 1223 1075 τὴν
1269 1003 1469 1075 ψυχήν.
1508 1005 1594 1056 Ἐν
1625 1004 1784 1074 ὁποίᾳ
1824 1004 1880 1057 δὲ
1915 1007 2001 1057 αἰ-

426 1095 596 1169 σχύνῃ
647 1096 1003 1167 τυγχάνουσιν
1052 1097 1218 1149 εἰσέτι
1263 1098 1357 1150 καὶ
1388 1095 1484 1150 νῦν
1511 1097 1559 1148 οἱ
1589 1096 1697 1150 τῶν
1732 1097 2002 1149 Ἰουδαίων

422 1188 752 1260 προεστάναι
812 1187 1188 1259 νομιζόμενοι,
1232 1186 1468 1259 ὁρῶντες
1509 1189 1733 1251 ἑαυτοὺς
1773 1190 1870 1259 μὲν
1915 1188 2002 1243 διὰ

426 1281 609 1350 πάσης
644 1278 868 1348 Γραφῆς
906 1279 998 1331 ἐπὶ
1028 1277 1492 1348 εἰδωλολατρείαις
1525 1278 2000 1350 διαϐεϐλημένους,

419 1373 601 1426 πάντα
628 1372 684 1424 δὲ
720 1371 787 1424 τά
826 1370 947 1424 καθ’
978 1370 1107 1442 ὅλης
1134 1371 1235 1442 τῆς
1268 1372 1597 1442 οἰκουμένης
1625 1371 1751 1443 ἑθνη
1784 1371 1875 1424 διὰ
1900 1371 2002 1441 τῆς

417 1463 516 1517 τοῦ
549 1460 786 1534 Χριστοῦ
830 1462 1175 1526 διδασκαλίας
1208 1463 1306 1533 τῆς
1350 1462 1828 1534 πατροπαραδότου
1868 1463 2004 1516 πλά-

423 1573 522 1627 νης
551 1554 992 1626 μεταϐεϐληκότα
1010 1572 1022 1585 ·
1052 1558 1111 1607 ἑν
1129 1550 1209 1619 οἷς
1225 1556 1328 1627 ἤδη
1355 1555 1733 1626 τυγχάνουσιν,
1767 1557 2000 1627 ἑντροπῇ

416 1649 658 1720 ὁρῶντες
690 1649 913 1712 ἑαυτοὺς
950 1649 1046 1719 μὲν
1077 1648 1178 1718 τῆς
1201 1647 1480 1719 βασιλικῆς
1511 1647 1691 1702 αὐτῶν
1728 1647 2002 1719 μητροπό-

426 1742 564 1804 λεως
591 1741 685 1793 καὶ
711 1741 1069 1812 ἁποᾶλήτους,
1092 1740 1353 1812 Ἕλληνας
1381 1740 1437 1793 δὲ
1462 1740 1667 1811 ἄνδρας
1696 1738 2003 1807 ἁλλογενεῖς

427 1834 522 1888 καὶ
572 1832 900 1903 ἀλλοφύλους
944 1834 1035 1886 τὸν
1080 1833 1241 1886 τόπον
1294 1834 1472 1886 αὐτῶν
1524 1832 1824 1899 οἰκοῦντας,
1860 1831 2004 1885 κατὰ

2103 648 2196 687 ces
2227 647 2293 688 ex
2320 631 2625 688 femoribus
2665 632 2808 702 ejus,
2837 648 2960 688 cum
2994 634 3307 691 advenisset
3336 641 3678 708 exspectatio

2104 724 2346 793 gentium
2378 724 2445 787 ³³,
2466 722 2767 779 secundum
2802 724 3153 795 prophetiam
3203 725 3319 781 haec
3371 728 3678 783 vaticinan-

2102 825 2233 871 tem.
2264 814 2341 870 Ac
2373 831 2550 885 neque
2594 831 2775 887 reges,
2808 832 2987 887 neque
3023 817 3215 885 duces,
3250 835 3430 889 neque
3462 821 3556 875 ulli
3588 835 3680 893 pe-

2103 924 2201 964 nes
2221 924 2315 964 eos
2342 916 2627 981 magnates
2662 918 2813 975 sunt,
2844 925 2957 965 non
2988 911 3124 966 ordo
3162 912 3435 983 quispiam
3464 914 3679 984 prisco-

2104 1018 2227 1056 rum
2251 1003 2670 1072 magistratuum
2701 1004 2811 1058 illis
2847 1013 3129 1075 superstes
3180 1014 3301 1073 est;
3357 1007 3453 1063 sed
3483 1023 3678 1064 omnes

2103 1092 2583 1162 quidetrahebant
2617 1092 2814 1147 animae
2863 1093 3007 1162 ejus,
3067 1094 3287 1151 confusi
3336 1095 3673 1154 defecerunt.

2104 1184 2319 1249 Quanta
2350 1198 2480 1238 vero
2498 1184 2552 1237 in
2582 1182 2913 1239 confusione
2934 1193 3227 1241 versantur
3259 1188 3549 1260 hodieque,
3581 1193 3677 1262 qui

2103 1272 2307 1329 Iudaeis
2354 1290 2596 1344 praeesse
2620 1282 2914 1344 putantur,
2966 1276 3221 1334 videntes
3272 1294 3330 1335 se
3379 1282 3581 1350 passim
3619 1283 3676 1337 in

2108 1363 2410 1435 Scripturis
2431 1366 2753 1421 idololatriae
2774 1367 2995 1423 nomine
3024 1370 3298 1439 accusari,
3325 1386 3518 1429 omnes
3549 1389 3679 1429 vero

2104 1472 2201 1528 per
2225 1458 2411 1512 orbem
2441 1465 2630 1529 gentes
2664 1473 2761 1529 per
2790 1459 2997 1515 Christi
3033 1460 3340 1517 doctrinam
3379 1479 3408 1518 a
3450 1473 3679 1535 paterno

2103 1562 2290 1603 errore
2315 1547 2622 1604 descivisse
2657 1564 2758 1604 :ac
2795 1551 2849 1604 in
2877 1551 3079 1620 quibus
3122 1554 3259 1610 locis
3309 1555 3420 1625 jam
3448 1556 3676 1628 degunt,

2103 1654 2204 1695 nec
2234 1639 2704 1697 sineconl‘usione
2724 1650 3040 1713 cernentes,
3068 1660 3127 1701 se
3147 1646 3367 1716 quidem
3402 1649 3551 1720 regia
3572 1665 3680 1705 sua

2102 1732 2399 1803 metropoli
2420 1740 2679 1790 extrusos
2709 1750 2774 1790 ac
2797 1734 3061 1804 dejectos,
3095 1735 3315 1794 Graecos
3348 1747 3528 1795 autem
3554 1742 3683 1797 alie-

2105 1825 2334 1895 nigenas
2364 1833 2419 1881 et
2451 1832 2745 1884 extraneos
2772 1829 2950 1883 locum
2986 1846 3148 1886 suum
3176 1831 3514 1901 incolentes;
3550 1850 3681 1906 gen-

431 1925 612 1988 πάσας
648 1942 706 1978 τε
738 1923 1006 1995 ἐπαρχίας
1046 1924 1140 1977 καὶ
1184 1922 1385 1995 χώρας,
1428 1923 1522 1977 καὶ
1557 1923 1741 1987 πόλεις
1783 1925 1909 1987 τοὺς
1943 1922 2002 1988 ἑξ

2111 1924 2295 1988 tesque
2316 1918 2372 1972 in
2401 1920 2657 1976 omnibus
2686 1922 3009 1992 provinciis,
3037 1923 3357 1995 regionibus
3379 1935 3434 1982 et
3450 1928 3681 1983 urbibus

427 2015 596 2069 ἐθνῶν
620 2016 718 2079 τὰς
744 2015 871 2087 περὶ
903 2014 997 2067 cui}
1028 2014 1278 2087 Σωτῆρος
1310 2013 1654 2086 προφητικὰς
1684 2013 1867 2083 φωνὰς
1905 2031 2006 2084 κη-

424 2108 757 2180 ρύττονταςς
793 2107 1036 2178 Αἰσχύνη
1072 2107 1128 2159 δὲ
1167 2106 1382 2178 άληθῶς
1428 2106 1521 2159 καὶ
1558 2106 1791 2176 ἐντροπὴ
1819 2104 2004 2159 κατεί-

417 2202 594 2274 ληφεν
627 2201 805 2256 αὐτῶν
853 2201 953 2264 τὰς
984 2200 1183 2271 ψυχὰς,
1217 2200 1310 2253 τὸν
1336 2199 1467 2270 χθὲς
1484 2199 1553 2253 δι’
1587 2198 1765 2252 αὐτῶν
1787 2197 2007 2270 σταυρῷ

424 2294 801 2365 παραδοθέντα
832 2292 955 2347 καθ’
997 2294 1124 2365 ὅλης
1162 2296 1262 2365 τῆς
1313 2291 1637 2363 οἰκουμένης
1670 2291 2007 2362 προσκυνού-

428 2402 588 2457 μενον
628 2387 722 2439 καὶ
757 2384 1174 2456 θεολογούμενον
1215 2385 1489 2457 ὁρῶντας·
1524 2383 1563 2438 ἃ
1604 2383 1669 2455 δὴ
1703 2381 2007 2452 ἐπληροῦτο

425 2478 734 2542 ἀκολούθως
759 2481 823 2549 τῇ
853 2476 993 2548 μετὰ
1019 2479 1210 2548 χεῖρας
1247 2478 1552 2548 προρρήσει
1572 2475 1873 2546 ηλεγούσῃη
1901 2475 2007 2527 Πε-

429 2570 833 2642 ριῦαλέσθωσαν
867 2568 1126 2639 αἰσχύνην
1156 2568 1255 2621 καὶ
1278 2568 1541 2640 ἐντροπὴν
1566 2569 1615 2621 οί
1633 2567 1923 2639 ζητοῦντες
1940 2567 2009 2620 τὰ

426 2661 574 2715 κακά
606 2679 745 2731 μοι.»
768 2662 876 2713 Καὶ
904 2654 1047 2714 οὗτοι
1082 2659 1179 2729 μὲν
1204 2659 1327 2713 τάδε
1357 2660 1653 2713 πείσονται·
1691 2678 1709 2710 ι
1732 2657 1872 2727 Ἐγὼ
1893 2658 2003 2720 δερ

428 2753 525 2806 ὑπ’
557 2752 735 2806 αὐτῶν
751 2752 817 2806 τὰ
846 2752 1080 2807 τοσαῦτα
1100 2750 1400 2816 πεπονθὼς,
1431 2769 1449 2802 ι
1486 2751 1793 2814 διαπαντὸς,
1823 2751 2007 2821 φησὶν,

429 2845 621 2910 ἑλπιῶ,
644 2847 738 2899 κα)⁸
767 2845 1059 2918 προσθήσω
1086 2845 1180 2898 ἐπὶ
1232 2846 1412 2898 πᾶσαν
1435 2843 1531 2915 τὴν
1572 2842 1776 2897 αἵνεσίν
1830 2860 1946 2896 σου.
1984 2862 2003 2895 ι

441 2936 595 2989 Ἐπεὶ
631 2935 687 2988 δὲ
763 2934 902 2988 κατὰ
956 2934 1164 2996 πάντας
1215 2933 1341 2995 τοὺς
1418 2932 1859 3003 ἑρμηνεύσαντας
1910 2930 2007 2994 τὸ,

433 3045 456 3079 ι
486 3027 778 3099 προσθήσω
808 3067 824 3091 ,
867 3045 885 3078 ι
910 3026 1159 3080 λέλεκται
1196 3026 1225 3079 ὃ
1258 3043 1317 3079 τε
1370 3024 1600 3087 Ἀκύλας
1625 3024 1787 3094 φησὶ,
1824 3042 1844 3076 ι
1900 3022 2011 3076 Καὶ

430 3120 727 3192 προσθήσω
759 3119 853 3172 ἑπὶ
886 3119 1066 3183 πάσας
1099 3119 1396 3189 ὑμνήσεις·
1441 3136 1461 3169 ι
1493 3118 1588 3170 καὶ
1617 3118 1645 3170 ὁ
1671 3116 1967 3187 Σύμμαχος
1992 3157 2007 3181 ,

2108 2010 2462 2080 propheticas
2495 2008 2811 2067 Servatoris
2844 2028 3009 2069 voces
3038 2014 3442 2085 praedicantes?
3469 2016 3679 2073 Conlu-

2107 2100 2190 2155 sio
2237 2115 2426 2156 revera
2454 2112 2508 2156 et
2537 2102 2839 2173 ignominia
2872 2105 3084 2161 animas
3121 2121 3311 2161 eorum
3347 2106 3567 2173 invasit,
3599 2108 3681 2162 vi-

2107 2191 2299 2247 dentes
2320 2206 2443 2246 eum
2461 2193 2555 2263 qui
2580 2194 2648 2248 ab
2668 2194 2802 2264 ipsis
2826 2194 3085 2251 hesterna
3111 2196 3200 2252 die
3230 2196 3298 2251 ad
3327 2213 3549 2253 crucem
3568 2207 3685 2254 tra-

2107 2280 2253 2337 ditus
2270 2291 2374 2347 est,
2394 2297 2492 2353 per
2505 2290 2680 2337 totum
2700 2284 2889 2340 orbem
2906 2285 3416 2358 adorariDeumque
3428 2289 3684 2358 prtedica-

2107 2371 2155 2423 ri
2176 2388 2191 2438 ;
2214 2387 2336 2442 qua:
2354 2387 2487 2427 sane
2503 2373 2724 2443 impleta
2744 2382 2872 2429 sunt
2892 2385 3292 2447 consequenter
3308 2377 3374 2432 ad
3388 2378 3528 2434 hanc
3547 2394 3684 2449 prat-

2108 2462 2404 2517 dictionem
2423 2463 2501 2520 sic
2519 2464 2812 2521 habentem
2842 2486 2855 2523 :
2887 2474 2915 2520 ἰ
2948 2458 3255 2524 lnduantur
3279 2469 3605 2526 confusione
3629 2480 3685 2526 et

2108 2556 2414 2610 reverentia
2426 2556 2515 2626 qui
2532 2565 2782 2627 quierunt
2798 2560 2937 2613 mala
2953 2560 3105 2616 mihi.
3120 2560 3213 2616 »Ει
3226 2562 3303 2615 illi
3320 2561 3536 2633 quidem
3554 2563 3684 2617 talia

2110 2647 2422 2717 patientur:
2445 2666 2464 2700 ‹
2489 2664 2587 2719 ego
2601 2665 2753 2714 vero,
2782 2670 2799 2703 ι
2822 2653 2926 2717 ait,
2950 2660 3030 2707 tot
3046 2654 3206 2711 malis
3227 2654 3451 2712 affectus
3464 2657 3533 2713 ab
3556 2656 3683 2721 illis,

2115 2759 2133 2791 ι
2158 2756 2374 2811 semper
2403 2744 2657 2812 sperabo,
2693 2751 2749 2799 et
2796 2743 3051 2815 adjiciam
3102 2762 3269 2816 super
3308 2763 3526 2804 omnem
3563 2750 3686 2805 lau-

2109 2833 2233 2888 dem
2268 2842 2470 2888 tuam.)
2508 2834 2653 2889 Cum
2674 2845 2863 2892 autem
2904 2838 2974 2891 ab
3004 2839 3262 2895 omnibus
3297 2839 3686 2913 interpretibus

2115 2944 2135 2977 ε
2156 2926 2409 2996 adjiciam
2440 2945 2459 2978 ι
2481 2927 2718 2993 dicatur,
2740 2936 2793 2985 et
2812 2928 3006 3000 Aquila
3028 2931 3109 2986 sic
3125 2932 3343 2997 habeat,
3374 2950 3393 2985 α
3416 2932 3684 3005 Adjiciam

2111 3034 2277 3090 super
2310 3035 2501 3076 omnes
2526 3021 2786 3093 hymnos,
2831 3042 2849 3076 ι
2884 3021 3246 3095 Symmachus
3276 3042 3427 3093 vero,
3459 3026 3563 3081 «Et
3594 3028 3689 3082 ad-

2107 3109 2295 3180 jiciam
2330 3111 2584 3182 hymnis;
2611 3130 2630 3164 ι
2669 3112 2792 3167 vide
2819 3127 2954 3167 num
3006 3114 3226 3186 hymnis
3262 3115 3443 3172 Patris
3474 3118 3561 3172 sui
3591 3118 3688 3173 ad-

434 3235 457 3268 σ
503 3213 595 3267 καὶ
629 3212 920 3285 προσθήσω
940 3213 1052 3275 τοῖς
1087 3209 1300 3280 ὕμνοις·
1335 3227 1353 3262 ι
1387 3209 1488 3281 ὅρα
1510 3211 1557 3261 εί
1590 3207 1663 3280 μὴ
1694 3206 2008 3279 προσθήκην

2113 3201 2476 3259 ditamentum
2534 3202 2749 3270 fecerit,
2799 3202 3011 3259 Novum
3056 3204 3467 3264 Testamentum
3505 3208 3689 3266 Veteri

431 3308 726 3377 ἐποιήσατο
761 3306 871 3366 τοῖς
903 3302 995 3356 τοῦ
1026 3300 1234 3372 Πατρὸς
1263 3299 1471 3372 ὕμνοις,
1499 3299 1596 3371 τήν
1640 3297 1845 3369 Καινὴν
1893 3301 2008 3351 Δια-

2122 3295 2356 3351 addens.
2395 3295 2583 3367 Neque
2610 3296 2758 3352 enim
2790 3298 2973 3367 priora
3011 3300 3255 3364 sustulit,
3295 3316 3422 3355 cum
3448 3304 3689 3358 secunda

432 3400 607 3472 θήκην
638 3397 772 3468 πρδς
806 3399 871 3467 τῇ
920 3394 1130 3463 Παλαιᾷ
1164 3391 1457 3464 παραδούς.
1487 3393 1561 3445 Οὐ
1613 3391 1721 3462 γὰρ
1734 3390 1910 3444 ἀνεῖλε
1942 3389 2008 3444 τὰ

2115 3387 2339 3456 adjecit,
2377 3389 2472 3443 sed
2500 3388 2937 3444 additamentum
2967 3388 3170 3445 eli‘ecit.
3226 3390 3383 3478 Quod
3424 3393 3587 3448 etiam
3632 3394 3689 3449 in

435 3489 649 3560 πρῶτα,
679 3484 989 3555 εἰσαγαγὼν
1020 3484 1089 3537 τὰ
1119 3482 1367 3554 δεύτερα,
1400 3482 1717 3554 προσθήκην
1735 3482 1792 3537 δὲ
1820 3484 2009 3554 ἑποιή-

434 3596 566 3634 σατο
583 3595 596 3608 ·
632 3577 724 3631 καὶ
755 3576 913 3630 τοῦτό
939 3579 1087 3629 ἑστιν
1113 3577 1298 3647 εὑρεῖν
1324 3577 1381 3627 ἐν
1404 3577 1525 3638 ταῖς
1554 3572 1717 3627 αὐτοῦ
1756 3573 2010 3629 διδασκα-

431 3670 593 3734 λίαις,
617 3670 682 3723 δι’
711 3662 785 3723 ὧν
819 3686 981 3737 φησιν
1003 3684 1015 3695 ⁸
1060 3687 1078 3718 ι
1101 3667 1330 3739 Ἐρρέθη
1361 3670 1473 3730 τοῖς
1499 3666 1765 3738 ἀρχαίοις,
1808 3667 1881 3720 Οὐ
1912 3684 2013 3736 φο-

432 3763 644 3826 νεύσεις
661 3782 673 3793 ·
710 3760 820 3830 ἐγὼ
851 3761 906 3814 δὲ
931 3761 1074 3830 λέγω
1093 3800 1107 3824 ,
1134 3759 1267 3831 μηδὲ
1289 3758 1619 3830 ὀργίζεσθαι.
1657 3759 1883 3830 Ἐρρέθη
1904 3761 2014 3822 τοῖς

431 3852 698 3925 ἀρχαίοις,
728 3854 801 3907 Οὺ
835 3851 1174 3923 μοιχεύσεις·
1206 3848 1316 3918 ἑγὼ
1362 3851 1419 3904 δὲ
1443 3850 1604 3920 λέγω,
1648 3851 1783 3921 μηδὲ
1827 3849 2015 3903 ἐπιθυ-

434 3950 588 4018 μεῖν·
627 3964 646 3997 )
685 3945 777 3998 καὶ
809 3946 909 3997 ὅσα
942 3944 1076 3999 ἄλλα
1107 3943 1332 3998 τοιαῦτα.
1364 3942 1681 4017 προσθήκην
1707 3941 1897 4013 ἔχοντα
1926 3942 2014 3996 διὰ

433 4038 533 4108 τῆς
558 4037 930 4107 πνευματικῆς
954 4035 1185 4107 θεωρίας
1214 4053 1273 4089 τε
1300 4036 1396 4089 καὶ
1414 4034 1707 4107 ἑρμηνείας
1728 4033 1820 4087 τοῦ
1848 4034 2011 4105 νόμου

433 4128 492 4180 ὲν
520 4130 586 4199 τῇ
625 4108 919 4199 Ἐκκλησία
946 4127 1113 4181 αὑτοῦ
1146 4127 1524 4200 παραδέδοται.
1574 4126 1733 4181 Ἀλλὰ
1774 4127 1867 4180 καὶ
1900 4145 1917 4177 ι
1954 4128 2014 4181 τὸ

435 4219 612 4290 στόμα
675 4237 776 4290 μου
804 4259 818 4283 ,
911 4219 1074 4290 φησὶν
1098 4259 1113 4283 ,
1173 4220 1461 4288 ἀναγγελεῖ
1524 4219 1624 4290 τὴν
1668 4218 2014 4289 δικαιοσύνην

435 4330 551 4365 σου.
579 4331 597 4363 ι
617 4312 691 4365 Τὸ
728 4311 838 4384 γὰρ
869 4312 1197 4381 Εὐαγγέλιον
1212 4312 1555 4384 δικαιοσύνην
1577 4312 1830 4382 ἐμφαίνει
1856 4311 2010 4373 Θεοῦ,

433 4406 823 4469 ούκἸουδαίοις
856 4406 1038 4477 μόνοις
1060 4405 1441 4477 ἀφωρισμένον
1465 4404 1653 4475 ὥσπερ
1678 4406 1706 4457 ὁ
1732 4404 1819 4458 διὰ
1847 4406 2012 4458 Μωῦ-

435 4498 575 4559 σέως
601 4496 783 4567 νόμος.
816 4495 907 4549 Διό
937 4512 1100 4565 φησιν
1122 4496 1150 4547 ὀ
1190 4494 1509 4559 ⁹Απόστολος
1531 4511 1545 4524 ·
1576 4514 1594 4545 ‹
1626 4495 1702 4548 Ού
1732 4494 1841 4565 γὰρ
1857 4495 2014 4547 ἐπαι-

2112 3479 2234 3547 ejus
2274 3479 2524 3534 doctrina
2552 3482 2795 3550 reperire
2834 3489 2940 3547 est,
2996 3482 3085 3537 ubi
3125 3482 3204 3537 ait
3253 3503 3265 3538 ς
3306 3502 3324 3535 ι
3350 3483 3563 3540 Dictum
3602 3496 3687 3542 est

2114 3571 2380 3641 antiquis,
2416 3570 2533 3625 Non
2572 3571 2829 3640 occides;
2865 3588 2967 3644 ego
2996 3584 3178 3630 autem
3226 3576 3351 3630 dico
3404 3577 3583 3640 vobis,
3610 3576 3692 3633 Ne

2114 3663 2454 3719 irascamini.
2485 3662 2701 3719 Dictum
2727 3674 2812 3720 est
2842 3667 3105 3738 antiquis,
3134 3666 3251 3723 Non
3284 3670 3687 3741 mmchaberis;

2114 3770 2215 3826 ego
2266 3766 2448 3811 autem
2480 3756 2605 3811 dico
2652 3757 2831 3822 vobis,
2865 3758 2943 3813 Ne
2989 3760 3399 3830 concupiscatis
3420 3763 3522 3827 ⁸³,ι
3557 3773 3612 3820 et
3641 3768 3687 3820 si

2114 3861 2222 3916 qua
2278 3847 2500 3912 similia,
2553 3863 2675 3917 quae
2732 3849 3005 3919 spirituali
3052 3867 3219 3907 sensu
3268 3861 3323 3908 et
3362 3854 3691 3925 interpreta-

2117 3940 2265 3992 tione
2315 3939 2611 4004 intellecta,
2647 3948 2702 3995 et
2749 3941 3182 3998 additamentum
3234 3944 3340 4016 legi
3375 3945 3686 4008 inferentia,

2115 4032 2170 4086 in
2212 4030 2455 4087 Ecclesia
2510 4033 2632 4103 ejus
2680 4034 2878 4091 tradita
2932 4043 3084 4091 sunt.
3129 4034 3238 4091 Sed
3268 4038 3456 4102 etiam,
3490 4039 3687 4110 inquit.

2121 4138 2138 4169 ο
2161 4134 2224 4174 os
2256 4136 2439 4175 meum
2466 4123 3105 4193 annuntiabitjustitiam
3148 4132 3320 4180 tuam.
3343 4144 3365 4179 ι
3408 4126 3689 4199 Siquidem

2111 4211 2383 4280 justitiam
2418 4212 2511 4269 Dei
2545 4215 2766 4271 exhibet
2792 4215 3165 4287 Evangelium,
3196 4235 3303 4273 non
3325 4219 3529 4277 Iudaeis
3552 4224 3691 4277 dun-

2117 4308 2265 4355 taxat
2295 4302 2652 4370 destinatum,
2683 4313 2742 4359 ut
2770 4308 2857 4362 lex
2884 4324 2982 4377 per
3004 4308 3242 4380 Moysem
3290 4310 3437 4367 data.
3482 4312 3689 4379 Quam-

2116 4395 2305 4450 obrem
2337 4396 2412 4449 ait
2441 4394 2772 4466 Apostolus:
2813 4418 2832 4451 (
2862 4399 2983 4456 Νυη
3015 4403 3160 4457 enim
3204 4405 3469 4461 erubesco
3506 4405 3690 4460 Evan-

2116 4488 2339 4557 gelium.
2392 4488 2583 4546 Virtus
2615 4494 2760 4547 enim
2790 4492 2884 4549 Dei
2909 4504 2994 4550 est
3034 4496 3090 4551 in
3126 4497 3356 4553 salutem
3388 4499 3537 4553 omni
3564 4516 3689 4555 cre-

435 4588 700 4659 σχύνομαι
732 4588 793 4639 τὸ
816 4587 1168 4656 Εὐαγγέλιον.
1206 4587 1443 4658 Δύναμις
1469 4586 1575 4659 γὰρ
1600 4585 1735 4639 θεοῦ
1763 4588 1908 4640 ἐστιν
1934 4588 2008 4652 εἰς

2118 4580 2288 4643 denti,
2324 4579 2513 4637 Judaao
2543 4585 2780 4653 primum
2810 4594 2864 4640 et
2886 4584 3099 4647 Graeco.
3154 4588 3376 4643 Iustitia
3404 4592 3550 4645 enim
3595 4590 3691 4647 Dei
3738 4606 3741 4615 ‘

436 4680 709 4752 σωτηρίαν
738 4680 900 4733 παντὶ
927 4678 1003 4750 τῷ
1030 4679 1363 4745 πιστεύοντι,
1426 4678 1661 4750 Ἰουδαίῳ
1690 4697 1749 4733 τε
1798 4679 2011 4751 πρῶτον

434 4773 528 4825 καὶ
558 4772 799 4842 Ἕλληνι.
840 4773 1165 4842 Δικαιοσύνη
1195 4772 1301 4842 γὰρ
1338 4770 1473 4824 Θεοῦ
1507 4773 1565 4824 ὲν
1610 4770 1760 4841 αύτῷ
1802 4772 2010 4825 ἀποκα-

432 4862 707 4918 λύπτεται.
764 4882 783 4915 ι
816 4863 907 4916 Διὸ
956 4861 1188 4916 ἐνταῦθα
1224 4861 1503 4916 λέλεκται·
1548 4880 1568 4911 ι
1602 4862 1676 4915 Τὸ
1699 4860 1871 4931 στόμα
1911 4878 2010 4931 μου

434 4952 726 5021 ἀναγγελεῖ
754 4952 853 5023 τὴν
876 4950 1221 5022 δικαιοσύνην
1251 4968 1367 5017 σου,
1392 4951 1521 5022 ὃλην
1549 4951 1647 5022 τὴν
1673 4952 1883 5022 ἡμέραν
1912 4950 2012 5021 τὴν

437 5044 713 5115 σωτηρίαν
740 5061 834 5097 σου
856 5060 870 5075 ·
913 5064 933 5095 ι
969 5044 1001 5114 ἢ
1030 5042 1169 5099 κατὰ
1199 5043 1287 5096 τὸν
1321 5042 1637 5113 Σύμμαχον,
1682 5060 1701 5093 ‹
1736 5041 1878 5095 κατὰ
1917 5043 2015 5095 πᾶ-

437 5153 536 5190 σαν
566 5138 781 5209 ἡμέραν
812 5138 908 5207 τὴν
938 5136 1211 5207 σωτηρίαν
1243 5153 1358 5189 σου.
1402 5154 1422 5187 )
1467 5135 1578 5189 Kal.
1622 5133 1781 5188 τοῦτο
1811 5134 1867 5188 δέ
1902 5137 2016 5188 ἑστι

435 5227 813 5300 πληρούμενον
843 5228 1066 5299 θεωρεῖν
1091 5226 1209 5280 καθ’
1225 5227 1353 5297 ὅλης
1379 5227 1479 5296 τῆς
1504 5226 1826 5298 οἰκουμένης
1850 5243 1863 5257 ·
1898 5228 1956 5279 ἑν

434 5318 497 5371 τὸ
529 5318 706 5388 στόμα
738 5318 830 5371 τοῦ
867 5319 1118 5389 Σωτῆρος
1151 5316 1309 5388 ήμῶν
1343 5316 1430 5371 διὰ
1459 5316 1566 5370 τῶν
1598 5315 1758 5370 θείων
1784 5317 2018 5387 Γραφῶν

437 5411 602 5463 πᾶσιν
635 5409 943 5481 ἀνθρώποις
977 5411 1062 5479 ἐφ’
1091 5411 1328 5481 ἑκάστης
1368 5410 1582 5482 ἡμέρας
1624 5412 1723 5483 τὴν
1749 5411 1816 5464 δι’
1852 5411 2016 5465 αὑτοῦ

436 5498 861 5571 προξενηθεῶαν
914 5500 1087 5554 ἅπασι
1131 5498 1405 5571 σωτηρίαν
1431 5499 1709 5571 κηρύττει.
1747 5501 2016 5568 Ἐπιλέγει

436 5591 493 5645 δὲ
519 5591 915 5657 τούτοις,‹’¹οτι
940 5593 1041 5646 οὐκ
1058 5592 1227 5660 ἔγνων
1254 5594 1660 5665 γραμματείας.
1694 5611 1712 5644 ι
1736 5593 1846 5656 Τὰς
1868 5594 2016 5656 κλεῖς

434 5682 718 5755 εἰληφότες
752 5686 848 5755 τῆς
877 5684 1173 5753 βασιλείας,
1204 5686 1296 5739 καὶ
1323 5686 1461 5756 μήτε
1502 5686 1655 5740 αὐτοὶ
1696 5686 2013 5757 εἰσερχόμε-

2118 4672 2174 4726 in
2207 4688 2274 4727 eo
2304 4676 2575 4730 revelatur
2613 4676 2944 4734 ⁸³.»1όεὶτοο
2963 4680 3055 4734 hic
3082 4680 3325 4736 dicitur:
3360 4700 3378 4733 ‹
3401 4680 3476 4735 0s
3511 4698 3691 4738 meum

2120 4766 2465 4820 annuntiabit
2479 4766 2751 4837 justitiam
2772 4780 2940 4834 tuam,
2961 4780 3075 4825 tota
3100 4772 3187 4827 die
3213 4774 3444 4828 salutem
3469 4783 3614 4829 tuam
3639 4794 3687 4841 ς»

2121 4858 2237 4911 sive
2284 4858 2590 4913 secundum
2640 4860 3052 4928 Symmachum,
3110 4881 3128 4914 ι
3157 4860 3264 4917 Per
3298 4879 3517 4918 omnem
3549 4864 3691 4920 diem

2124 4948 2357 5001 salutem
2396 4958 2608 5004 tuam.»
2652 4948 2820 5020 quue
2851 4967 2948 5021 per
2982 4962 3155 5007 totum
3185 4954 3374 5009 orbem
3409 4956 3691 5027 impletum

2122 5038 2306 5093 videre
2358 5051 2483 5094 est:
2528 5039 2584 5094 in
2630 5057 2741 5111 quo
2772 5058 2835 5097 os
2870 5042 3171 5098 Salvator-is
3206 5047 3379 5100 nostri
3412 5063 3509 5117 per
3552 5050 3694 5104 divi-

2121 5144 2222 5183 nas
2285 5127 2605 5201 Scripturas
2637 5133 2897 5188 omnibus
2930 5134 3243 5191 hominibus
3271 5139 3516 5209 quotidie
3544 5141 3690 5194 salu-

2121 5228 2230 5275 tem
2260 5222 2330 5277 ab
2367 5237 2427 5277 se
2454 5225 2711 5281 omnibus
2758 5235 3108 5297 procuratam
3143 5229 3423 5298 praedicat.
3472 5230 3567 5288 His
3589 5236 3688 5287 ad—

2113 5312 2258 5380 jicit,
2319 5334 2337 5363 σ
2365 5312 2634 5381 Quoniam
2687 5332 2797 5372 non
2834 5320 3063 5389 cognovi
3104 5319 3489 5378 litteraturam.
3541 5343 3558 5375 ι
3586 5324 3691 5391 Qui

2119 5403 2367 5460 clavibus
2405 5408 2561 5477 regni
2591 5410 2850 5478 acceptis,
2882 5425 3058 5480 neque
3085 5411 3189 5483 ipsi
3221 5413 3688 5485 ingrediebantur.

2123 5508 2301 5564 neque
2328 5496 2465 5551 alios
2514 5499 2724 5570 ingredi
2768 5502 3166 5568 concedebant,
3196 5504 3561 5561 litteraturam
3593 5508 3691 5564 de-

2125 5592 2396 5647 tinebant.
2438 5592 2550 5665 Ego
2603 5612 2754 5664 vero,
2810 5599 3008 5670 inquit,
3051 5600 3143 5671 qui
3206 5601 3411 5673 Moysis
3470 5606 3691 5678 scriptis

2122 5700 2231 5740 non
2268 5686 2512 5754 attendo,
2548 5707 2726 5762 neque
2770 5709 3090 5765 corpoream
3139 5695 3272 5765 legis
3329 5699 3687 5757 litteraturam

508 5840 553 5871 "
578 5838 713 5896 Gen.
741 5856 890 5907 χιιι,
928 5841 1012 5897 10.
1088 5844 1134 5878 ’³
1165 5841 1354 5899 Matth.
1382 5861 1433 5913 v,
1460 5843 1550 5911 2|,
1581 5842 1672 5910 ‘27,
1698 5841 1790 5901 ‘28.
1869 5841 1915 5877 ’δ
1948 5839 2008 5895 Rt

2117 5840 2387 5911 1,16,l7.
2464 5860 2469 5867 ·
