4128 6392
455 413 561 470 7S3

1129 409 1393 466 EUSEBII
1434 406 1915 463 C/ESARIENSIS
1954 408 2105 465 Ol’P.
2149 408 2329 464 PARS
2370 409 2458 463 Ill.
2501 440 2571 449 -——
2611 408 3021 465 EXECETICA.

3602 416 3702 472 784

450 532 742 603 discipulis
779 530 914 586 meis
952 528 1175 594 tradidi,
1205 544 1316 584 non
1361 528 1593 599 cognovi
1625 529 2010 582 litteraturam.

2134 547 2193 583 μοι
2229 529 2365 599 μήτε
2399 528 2604 598 ἐτέροις
2661 527 3068 599 συγχωροῦντες
3099 568 3112 589 ,
3170 527 3268 590 τὰς
3318 529 3701 598 γραμματείας

453 622 595 692 Quid
622 630 802 677 autem
832 620 1017 675 nosi-i?
1065 618 1122 673 Id
1155 628 1342 687 postea
1369 619 1614 673 declarat
1643 619 1861 675 dicens:
1895 639 1911 670 ι
1936 619 2020 672 ln-

453 717 633 771 troibo
656 716 709 769 in
739 713 1013 783 potentias
1058 710 1273 765 Domini
1307 710 1547 775 Domini,
1579 718 1633 765 et
1671 711 2020 765 memorabor

454 807 683 879 iustitia:
717 814 825 861 tum
862 805 1087 861 solius.i
1130 803 1266 859 Nam
1304 804 1611 858 litteratura
1641 802 1845 857 Judmis
1887 804 2019 859 solis

452 903 814 974 competebat,
863 900 958 971 qui
1011 909 1091 955 ter
1135 900 1192 954 in
1238 914 1383 953 anno
1425 897 1816 969 Jerosolymam
1868 898 2021 953 adire

449 992 810 1062 jubebantur;
841 1004 1015 1057 eaque
1044 988 1215 1041 multa
1247 988 1352 1041 alia
1383 988 1553 1041 ardua
1584 1003 1683 1043 nec
1708 988 2019 1042 necessaria

452 1086 787 1141 continebat.
833 1083 944 1154 Ego
971 1098 1102 1139 vero
1152 1082 1207 1135 in
1253 1081 1492 1152 potentia
1556 1078 1770 1133 Domini
1805 1079 2016 1134 Domini

456 1180 511 1232 in
556 1177 831 1233 Ecclesias
872 1189 1023 1229 meas
1058 1172 1317 1239 introibo,
1349 1181 1401 1226 et
1428 1172 1771 1227 memorabor
1794 1172 2023 1241 justiti-ae

452 1278 559 1324 tuae
590 1269 780 1324 solius.
810 1265 1028 1321 Justitia
1067 1280 1300 1335 namque
1347 1262 1525 1318 Patris
1552 1273 1689 1331 erat,
1744 1273 1802 1318 ut
1833 1279 2022 1319 omnes

453 1361 702 1416 homines
747 1357 966 1413 Graecos
1002 1357 1163 1412 simul
1195 1366 1250 1411 et
1284 1356 1549 1411 barbaros
1582 1371 1682 1412 sua
1712 1357 2023 1425 cognitione

455 1452 706 1515 donaret,
740 1457 794 1505 et
822 1457 883 1503 ut
914 1448 968 1502 in
1002 1448 1151 1502 omni
1179 1448 1320 1515 loco,
1359 1463 1536 1518 neque
1560 1449 1613 1501 in
1645 1463 1755 1502 uno
1783 1456 1841 1502 ut
1867 1449 2019 1515 olim,

456 1544 563 1600 coli
597 1558 655 1597 se
688 1542 1039 1612 praeciperet;
1072 1539 1148 1593 ita
1194 1548 1254 1594 ut
1304 1539 1372 1593 ab
1423 1541 1637 1594 oriente
1685 1540 1799 1595 sole
1847 1556 2022 1610 usque

457 1636 524 1691 ad
566 1636 904 1690 occidentem
952 1648 1153 1689 nomen
1183 1632 1304 1702 ejus
1341 1633 1714 1689 celebraretur
1756 1634 1812 1689 in
1842 1634 2020 1705 genti-

457 1728 561 1782 bus
583 1727 650 1781 ’⁵.

2122 621 2393 689 κατεῖχον.
2437 618 2577 686 Ἐγὼ
2598 618 2672 681 δὲ,
2704 620 2855 688 φησὶ,
2889 618 2962 689 μὴ
2988 616 3065 688 τῷ
3102 618 3379 681 Μωῦσέως
3422 620 3705 691 συγγράμ-

2128 728 2256 781 ματι
2281 708 2581 778 προσέχων,
2603 710 2735 779 μηδέ
2762 709 2860 772 τὰς
2891 708 2982 761 τοῦ
3009 710 3172 779 νόμου
3192 710 3508 779 σωματικὰς
3532 728 3706 782 γραμο

2128 804 2356 872 ματείας
2388 804 2500 865 τοῖς
2521 801 2757 871 ἐμαυτοῦ
2786 802 3058 873 παραδοὺς
3086 802 3372 871 μαθηταῖς,
3403 802 3504 854 οὐκ
3532 801 3704 868 ἔγνων

2126 892 2529 964 γραμματείας.
2567 892 2631 944 Τί
2664 892 2722 945 δέ
2762 892 2972 959 ἕγνως;
3013 891 3168 961 Ἑξῆς
3208 891 3461 959 διασαφεῖ
3492 891 3663 959 λέγων
3686 906 3700 920 °

2132 1004 2149 1036 ι
2194 984 2686 1053 Εἱσελεύσομαιεὶς
2710 983 3027 1046 δυναστείας
3074 982 3276 1055 Κυρίου
3322 983 3559 1053 Κυρίου,
3608 984 3705 1035 καὶ

2132 1079 2509 1150 μνησθήσομαι
2557 1080 2656 1149 τῆς
2689 1077 3033 1147 δικαιοσύνης
3068 1094 3160 1129 σου
3204 1076 3384 1147 μόνου.
3429 1096 3446 1127 ι
3478 1078 3543 1129 Αἱ
3604 1078 3704 1147 μὲν

2127 1170 2235 1240 γὰρ
2262 1174 2641 1241 γραμματεῖαι
2702 1169 2973 1232 Ἰουδαίοις
3018 1169 3201 1239 μόνοις
3248 1170 3552 1241 ἣρμοττον,
3585 1169 3704 1240 τρὶς

2125 1259 2220 1311 τοῦ
2242 1260 2488 1313 ἐνιαυτοῦ
2522 1259 3049 1331 παρακελευομένοις
3082 1262 3330 1331 άπαντᾷν
3372 1262 3451 1324 είς
3495 1261 3564 1313 τὰ
3606 1260 3705 1312 Ἱε-

2129 1354 2421 1425 ροσόλυμα,
2451 1354 2622 1408 πολλά
2644 1373 2702 1407 τε
2726 1356 2857 1409 ἄλλα
2882 1355 3119 1425 δυσχερῆ
3168 1354 3263 1409 καὶ
3295 1356 3394 1407 οὐκ
3434 1355 3707 1421 ἀναγκαῖα

2128 1450 2420 1517 περιεῖχον.
2474 1445 2615 1515 Ἐγὼ
2645 1447 2701 1500 δὲ
2732 1450 2789 1501 ἐν
2813 1448 3099 1517 δυναστείᾳ
3120 1448 3327 1518 Κυρίου
3365 1445 3594 1518 Κυρίου,
3626 1448 3707 1508 εἰς

2127 1537 2227 1599 τὰς
2256 1537 2492 1607 ἐμαυτοῦ
2540 1538 2863 1609 Ἐκκλησίας
2904 1538 3302 1609 εἰσελεύσομαι,
3342 1539 3434 1592 καὶ
3468 1537 3712 1608 μνησθή-

2129 1646 2293 1699 σομαι
2320 1630 2418 1700 τῆς
2440 1629 2784 1701 δικαιοσύνης
2812 1647 2903 1683 σου
2937 1632 3120 1700 μόνου.
3147 1630 3470 1699 Δικαιοσύνη
3488 1628 3596 1699 γὰρ
3610 1627 3706 1680 τοῦ

2127 1721 2341 1791 Πατρὸς
2367 1717 2434 1791 ἦν
2465 1721 2525 1773 τὸ
2549 1720 2756 1785 πάντας
2783 1720 3104 1793 ἀνθρώπους
3141 1722 3407 1791 ’Έλληνας
3454 1721 3569 1791 ἅμα
3612 1719 3709 1772 καὶ

458 1818 763 1891 βαρϐάρους
794 1816 892 1887 τῆς
940 1814 1104 1870 αὑτοῦ
1136 1813 1536 1883 καταξιωθῆναι
1587 1812 1871 1881 γνώσεως,
1916 1810 2010 1862 καὶ
2056 1809 2116 1862 τὸ
2166 1812 2222 1863 ἐν
2247 1813 2406 1865 παντὶ
2442 1813 2610 1885 τόπῳ,
2641 1814 2775 1867 άλλά
2806 1814 3000 1884 μηκέτι
3028 1817 3086 1867 ἐν
3139 1815 3219 1888 ἐνὶ
3265 1814 3549 1885 ἐπιτρέψαι
3610 1813 3709 1865 λαο

454 1915 666 1989 τρεύειν
693 1912 868 1983 αὐτῷ’
934 1914 1073 1969 ὥστε
1112 1910 1217 1964 άπὸ
1240 1910 1509 1965 ἀνατολῶν
1555 1908 1705 1979 ἡλίου
1758 1907 1917 1977 μέχρι
1961 1904 2179 1975 δυσμῶν
2226 1907 2541 1974 δοξάζεσθαι
2566 1908 2727 1963 αὑτοῦ
2762 1909 2821 1962 τὸ
2851 1909 3019 1980 ὄνομα
3044 1910 3101 1964 ἐν
3128 1912 3238 1972 τοῖς
3263 1908 3491 1962 ἔθνεσιν.

533 2033 695 2089 Vens.
748 2032 838 2088 17.
891 2049 909 2084 ι
942 2031 1106 2095 Deus,
1141 2030 1377 2085 docuisti
1405 2045 1490 2083 me
1522 2044 1552 2081 a
1578 2028 1860 2097 juventute
1888 2042 2027 2091 mea,

2207 2046 2225 2077 ι
2270 2029 2326 2081 '0
2351 2029 2502 2094 Θεὸς,
2529 2030 2771 2096 ἐδίδαξάς
2796 2048 2862 2099 με
2892 2031 2957 2083 ἐκ
2979 2030 3227 2099 νεότητός
3264 2047 3386 2094 μου,
3417 2030 3511 2083 καὶ
3548 2031 3711 2102 μέχρι

456 2136 510 2182 et
548 2141 722 2197 usque
761 2140 909 2179 nunc.
942 2124 1310 2195 pronuntiabo
1359 2121 1632 2175 mirabilia
1662 2130 1808 2174 tua.»
1863 2117 2025 2173 Solus

459 2218 714 2273 Servatur
750 2215 965 2271 Patrem
1012 2216 1117 2271 sibi
1166 2214 1486 2285 magistrum
1548 2212 1805 2266 ascribit:
1857 2226 2028 2281 quare

456 2310 793 2364 contribules
842 2308 961 2377 ejus
1010 2306 1297 2361 dicebant:
1339 2302 1533 2359 «Unde
1584 2304 1712 2359 huic
1754 2303 2025 2372 sapientia

458 2408 631 2464 tanta,
664 2408 719 2454 et
766 2397 1041 2451 virtutes?
1086 2394 1277 2450 Nonne
1322 2396 1411 2449 hic
1445 2403 1529 2449 est
1570 2394 1706 2448 fabri
1746 2393 2022 2447 filius“?i

457 2489 634 2546 Probe
661 2490 864 2561 quippe
896 2488 1145 2543 sciebant
1175 2488 1352 2556 ipsum
1383 2502 1491 2540 non
1528 2484 1807 2555 magistris
1851 2484 2030 2537 homi-

458 2579 623 2635 nibus
650 2593 870 2649 Operam
908 2576 1142 2631 dedisse.
1205 2574 1343 2640 Quia
1376 2575 1541 2645 igitur
1568 2574 1741 2629 forma
1773 2573 1915 2629 servi
1938 2588 2030 2626 ac-

458 2678 638 2739 cepta,
689 2676 745 2723 et
820 2668 1014 2720 habitu
1072 2668 1328 2721 inventus
1389 2674 1447 2718 ut
1512 2665 1697 2727 homo,
1764 2663 2030 2733 puerilem

459 2774 715 2815 emensus
747 2765 831 2813 est
868 2765 1106 2820 atatem,
1140 2771 1203 2809 ac
1248 2756 1477 2825 perinde
1508 2761 1671 2824 atque
1702 2768 1804 2808 nos
1834 2754 2031 2822 juven-

461 2856 593 2907 tutis
627 2865 805 2906 annos
841 2849 1108 2911 decurrit,
1159 2849 1363 2917 illoque
1402 2854 1649 2916 tempore
1702 2861 1813 2899 non
1864 2845 2033 2898 disci-

461 2944 648 3014 plinis,
708 2957 815 2996 non
849 2941 1128 3011 magistris
1179 2955 1399 3009 operam
1442 2938 1623 3004 dedit;
1677 2938 1771 2992 sed
1829 2940 2033 2991 virtute

462 3031 646 3092 divina
677 3034 997 3105 proficiebat
1036 3042 1193 3089 aetate
1230 3041 1285 3087 et
1315 3031 1585 3102 sapientia
1611 3040 1663 3085 et
1686 3030 1860 3101 gratia
1889 3028 2033 3098 apud

464 3128 629 3184 Deum
670 3134 724 3181 et
761 3125 1050 3191 homines;
1096 3124 1220 3193 jure
1255 3124 1341 3176 hic
1369 3124 1445 3176 ait
1485 3143 1499 3177 :
1553 3140 1571 3172 ι
1594 3120 1761 3185 Deus,
1798 3118 2033 3174 docuisti

464 3234 551 3274 me
593 3234 622 3271 a
651 3219 936 3287 juventute
964 3231 1105 3280 mea,
1138 3223 1192 3270 et
1242 3231 1417 3284 usque
1469 3230 1615 3267 nunc
1669 3213 2034 3284 pronuntiabo

463 3310 735 3365 mirabilia
767 3316 859 3363 tua
885 3326 900 3376 ;
929 3326 947 3360 ι
980 3310 1124 3377 quod
1157 3308 1322 3360 etiam
1357 3322 1524 3377 penes
1552 3306 1852 3375 discipulos
1881 3320 2031 3360 meos

2127 2116 2219 2168 τοῦ
2249 2117 2343 2171 νῦν
2366 2118 2650 2187 ἀναγγελῶ
2678 2119 2747 2171 τὰ
2773 2119 3053 2190 θαυμάσιά
3079 2137 3195 2173 σου.
3218 2141 3236 2172 ι
3261 2121 3437 2183 Μόνος
3466 2124 3494 2174 ὁ
3521 2121 3708 2192 Σωτὴρ

2126 2205 2217 2258 τὸν
2245 2206 2462 2276 Πατέρα
2494 2207 2814 2262 διδάσκαλον
2843 2210 3209 2281 ἐπιγράφεται
3230 2228 3242 2241 ο
3268 2211 3457 2282 διόπερ
3488 2214 3536 2264 οί
3562 2215 3617 2264 ἐν
3640 2216 3708 2283 τῇ

2128 2298 2345 2369 πατρίδι
2379 2299 2543 2352 αὐτοῦ
2568 2300 2783 2368 ἔλεγον·
2826 2319 2843 2349 ι
2884 2301 3053 2353 Πόθεν
3087 2301 3261 2371 τούτῳ
3294 2303 3443 2355 πᾶσα
3488 2305 3521 2373 ἡ
3550 2304 3711 2371 σοφία

2128 2389 2267 2459 αὕτη
2298 2390 2391 2442 κα)⁵
2416 2392 2469 2442 αἱ
2503 2390 2759 2461 δυνάμεις
2783 2408 2797 2457 ;
2824 2393 2934 2461 Οὐχ
2968 2388 3119 2455 οὗτός
3160 2394 3306 2445 ἐστιν
3337 2395 3364 2445 ὁ
3398 2393 3493 2446 τοῦ
3525 2394 3713 2448 τέκτο-

2129 2499 2217 2543 νος
2262 2483 2407 2548 υἱὸς;
2447 2501 2466 2532 ›
2510 2483 2743 2553 ᾚδεσαν
2799 2484 2906 2557 γάρ
2947 2483 3193 2555 ἀκριϐῶς
3247 2485 3321 2555 μὴ
3370 2486 3712 2550 διδασκάλοις

2128 2573 2435 2644 ἀνθρώποις
2468 2575 2883 2645 προσεσχηκότα
2911 2577 3094 2629 αὐτόν.
3145 2577 3297 2629 Ἐπεὶ
3325 2578 3524 2640 τοίνυν,
3577 2596 3713 2650 μορ-

2132 2668 2237 2739 φὴν
2267 2666 2452 2720 δούλου
2478 2664 2676 2731 λαϐὼν,
2711 2667 2806 2719 καὶ
2834 2669 3070 2736 σχήματι
3114 2666 3355 2738 εὑρεθεὶς
3385 2668 3460 2731 ὡς
3500 2667 3712 2738 ἅνθρω-

2132 2775 2251 2822 πος,
2284 2756 2380 2828 τὴν
2406 2757 2658 2826 παιδικὴν
2681 2756 2895 2827 διῆλθεν
2918 2757 3139 2828 ἡλικίαν
3159 2797 3173 2823 ,
3210 2758 3304 2811 καὶ
3335 2759 3432 2829 τῆς
3464 2760 3713 2829 νεότητος

2130 2848 2227 2919 τὴν
2253 2847 2399 2919 ὥραν
2438 2848 2637 2919 ὁμοίως
2663 2850 2793 2920 ἡμῖν
2828 2848 3146 2919 ὑπέμεινενο
3180 2850 3301 2902 οὔτε
3334 2851 3390 2903 δέ
3414 2851 3714 2923 διατριϐαῖς

2134 2940 2455 3011 προσέσχεν,
2473 2938 2597 2993 οὔτε
2621 2940 2961 3005 διδασκάλοις
2988 2942 3127 2994 κατὰ
3163 2941 3352 2996 τοῦτον
3376 2943 3467 2995 τὸν
3500 2945 3712 3016 χρόνον,

2132 3034 2356 3101 δυνάμει
2389 3031 2445 3084 δὲ
2488 3032 2641 3103 θεῖκῇ
2670 3032 3008 3102 προέκοπτεν
3046 3035 3230 3105 ἡλικίᾳ
3266 3036 3361 3088 καὶ
3403 3038 3586 3107 σοφίᾳ,
3622 3039 3715 3091 καὶ

2134 3123 2315 3194 χάριτι
2361 3122 2513 3192 παρὰ
2538 3121 2656 3193 Θεῷ
2685 3122 2778 3175 καὶ
2829 3122 3168 3194 ἀνθρώποις·
3211 3126 3437 3188 εἰκότως
3482 3126 3721 3181 ἐνταῦθά

2136 3232 2326 3287 φησιν’
2364 3234 2382 3266 ι
2440 3216 2497 3267 Ὀ
2523 3214 2674 3279 Θεὸς,
2712 3215 2957 3281 ἐδίδαξας
2992 3233 3058 3285 με
3089 3219 3153 3269 ἐκ
3182 3218 3433 3287 νεότητός
3463 3236 3585 3289 μου,
3622 3220 3719 3271 καὶ

2139 3308 2303 3378 μέχρι
2325 3308 2417 3360 τοῦ
2443 3307 2537 3362 νῦν
2563 3308 2849 3375 ὰναγγελῶ
2880 3309 2947 3362 τὰ
2972 3309 3253 3379 θαυμάσιά
3282 3327 3374 3363 σου
3402 3328 3414 3340 ·
3444 3329 3462 3361 ι
3484 3310 3577 3363 καὶ
3605 3314 3716 3373 τοῖς

463 3408 712 3456 servetur
742 3414 918 3470 usque
950 3401 1018 3452 ad
1045 3398 1577 3452 consummationem
1608 3396 1828 3451 saeculi:
1866 3405 1940 3460 et,
1973 3402 2029 3449 ut

2134 3402 2285 3471 ἐμοῖς
2316 3400 2612 3471 φυλαχθείη
2643 3400 2909 3472 μαθηταῖς
2940 3400 3101 3473 μέχρι
3129 3402 3439 3466 συντελείας
3459 3402 3553 3455 τοῦ
3586 3403 3719 3455 αἰῶ-

462 3493 662 3550 dixerit
697 3492 995 3563 quispiam,
1027 3506 1199 3560 usque
1233 3488 1299 3543 ad
1358 3497 1718 3553 senectutem,
1752 3495 1806 3543 et
1836 3487 1903 3540 ad
1942 3504 2037 3542 us-

461 3598 567 3654 que
604 3589 937 3652 postremam
984 3578 1536 3641 consummationem,
1589 3585 1642 3632 te
1688 3592 1907 3630 rursum
1938 3576 2033 3629 de-

462 3689 677 3746 precor,
720 3672 889 3739 Deus,
924 3686 991 3726 ne
1026 3686 1112 3725 me
1164 3670 1552 3740 derelinquas;
1586 3668 1682 3724 sed
1714 3669 1849 3722 mihi
1884 3667 2034 3723 adsis

463 3781 528 3820 ac
562 3781 659 3837 per
691 3779 779 3819 me
824 3763 1095 3816 mirabilia
1125 3770 1215 3814 tua
1261 3761 1527 3829 opereris,
1577 3777 1595 3810 ι
1619 3758 1793 3813 donec
1825 3774 2037 3812 annun-

463 3860 589 3914 tiem
624 3858 905 3912 brachium
949 3864 1103 3908 tuum
1142 3853 1486 3924 generationi
1533 3853 1704 3916 omni,
1743 3867 1865 3922 qua:
1896 3868 2033 3906 ven-

463 3960 586 4005 tura
618 3957 718 4005 est.
738 3972 754 4000 ι
785 3948 921 4003 Nam
951 3962 1216 4018 praesens,
1248 3947 1446 4016 inquit,
1470 3947 1752 4015 generatio
1788 3953 2035 4000 tortuosa

462 4052 621 4096 estet
648 4055 931 4111 perversa,
975 4039 1252 4110 generatio
1306 4040 1452 4092 mala
1485 4046 1540 4093 et
1569 4038 1845 4092 adultera.
1882 4034 2034 4102 Qua—

465 4142 688 4204 propter
727 4132 780 4184 in
836 4130 1021 4184 futura
1069 4130 1422 4199 generatione
1484 4128 1824 4182 annuntiabo
1894 4145 1910 4177 ι
1940 4142 2035 4197 po-

464 4226 691 4281 tentiam
728 4234 877 4278 tuam
908 4231 962 4276 et
1008 4222 1280 4292 justitiam
1329 4229 1503 4284 tuam,
1536 4221 1702 4285 Deus,
1749 4236 1925 4290 usque
1977 4219 2035 4273 iu

465 4310 764 4375 altisnima,
790 4319 844 4363 et
868 4324 988 4379 qua:
1017 4308 1195 4364 fecisti
1229 4309 1548 4379 magnalia.»
1578 4308 1659 4361 Tu
1692 4309 1826 4377 ipse,
1852 4307 2034 4372 Pater,

466 4418 561 4474 per
595 4418 683 4457 me
712 4402 827 4456 hzec
854 4401 1133 4465 omnibus,
1167 4402 1262 4471 qui
1295 4408 1420 4471 post
1468 4400 1635 4453 futuri
1672 4409 1802 4455 sunt
1860 4400 2035 4453 homi-

466 4496 649 4559 nibus,
681 4502 735 4550 et
763 4502 1007 4549 venturae
1044 4495 1383 4566 generationi
1415 4492 1786 4555 annuntiabis,
1818 4501 1870 4546 et
1898 4508 2036 4562 pra:-

464 4588 741 4645 dicabitur
763 4588 978 4659 justitia
1007 4595 1101 4643 tua
1135 4601 1306 4656 usque
1338 4589 1391 4640 in
1422 4586 1711 4641 altissima.
1744 4584 1877 4638 Nam
1910 4601 2036 4639 cum

463 4682 507 4741 ii
532 4681 625 4751 qui
652 4680 708 4734 in
738 4687 887 4734 terra
906 4688 1055 4744 sunt,
1080 4680 1310 4733 salutem
1332 4686 1753 4747 consequentur,
1778 4677 2033 4747 gaudium

462 4774 569 4827 erit
603 4773 659 4827 in
707 4771 885 4835 cmlis,
916 4771 1148 4842 angelis,
1177 4769 1271 4838 qui
1322 4769 1377 4821 in
1436 4768 1721 4823 altissimis
1762 4768 2029 4831 habitant,

466 4865 751 4919 hominum
789 4863 952 4917 saluti
1000 4860 1424 4931 gratulantibus.
1469 4858 1759 4914 Senectam
1814 4873 1945 4915 vero
1974 4870 2030 4915 et

466 4959 681 5013 senium
716 4970 786 5009 ne
833 4956 1113 5009 cuncteris
1159 4954 1365 5015 dicere,
1400 4968 1519 5013 esse
1548 4953 1948 5022 discipulorum
1981 4964 2036 5006 et

467 5048 726 5103 Ecclesiae
779 5048 954 5117 ipsius
989 5046 1405 5116 perfectionem.
1466 5044 1523 5098 Si
1561 5060 1797 5115 namque
1828 5060 2031 5114 corpus

465 5144 585 5209 ejus
616 5140 857 5195 Ecclesia
872 5149 976 5207 est,
1002 5150 1059 5193 ut
1086 5138 1584 5207 docuitApostolus
1619 5138 1839 5192 dicens:
1881 5156 1899 5189 ι
1928 5136 2039 5191 Vos

467 5240 648 5285 autem
678 5232 812 5286 estis
836 5246 1036 5301 corpus
1066 5230 1272 5286 Christi
1298 5241 1352 5285 et
1374 5230 1614 5284 membra
1636 5244 1702 5283 ex
1727 5236 1883 5299 parte
1901 5229 1945 5260 ’τ
1968 5247 1983 5295 ;
2013 5248 2031 5279 ο

470 5338 596 5391 pars
631 5322 889 5379 Ecclesiae
936 5333 993 5379 et
1042 5325 1255 5379 senium
1303 5325 1424 5393 ejus
1470 5333 1781 5394 opportune
1819 5323 2038 5378 dicatur

467 5426 611 5476 esse,
669 5414 790 5482 ejus
848 5415 903 5467 in
946 5415 1201 5483 praesenti
1247 5416 1359 5468 vita
1413 5414 1715 5469 secundum
1779 5415 2033 5467 virtutem

468 5506 891 5567 consummatio,
941 5514 1066 5574 post
1109 5522 1276 5576 quam
1333 5516 1499 5561 exuta
1557 5505 1774 5559 mortali
1830 5519 1894 5558 ac
1928 5511 2037 5557 ter—

472 5609 600 5645 rena
640 5594 770 5657 vita,
803 5594 1015 5648 cwlesti
1060 5598 1347 5650 mansione
1380 5596 1623 5666 dignata,
1655 5605 1709 5650 et
1740 5594 2036 5663 conjuncta

471 5681 728 5736 Ecclesia:
781 5684 1267 5755 primogenitorum
1319 5686 1723 5755 descriptorum
1766 5687 1820 5739 in
1855 5683 2033 5747 cmlis,

2137 3511 2225 3556 νος
2246 3510 2259 3523 ⁸
2286 3494 2380 3546 καὶ
2408 3494 2483 3556 ὡς
2507 3492 2572 3546 ἄν
2602 3511 2686 3557 τις
2712 3492 2876 3557 εἴποι,
2915 3495 3076 3564 μέχρι
3112 3496 3298 3567 γήρως
3352 3496 3449 3549 καὶ
3488 3497 3588 3567 τῆς
3635 3500 3718 3561 εἰς

2138 3586 2304 3657 ἄκρον
2330 3584 2679 3650 τελειώσεως,
2714 3586 2773 3638 σὲ
2806 3586 2967 3639 πάλιν
2998 3587 3087 3639 τὸν
3108 3588 3239 3641 Θεὸν
3268 3588 3494 3641 ἱκετεύω
3533 3591 3607 3660 μή
3647 3608 3717 3661 με

2140 3678 2547 3747 ἐγκαταλιπεῖν,
2584 3682 2822 3733 συνεῖναι
2852 3679 2909 3732 δέ
2941 3697 3029 3749 μοι
3059 3680 3151 3732 καὶ
3183 3679 3251 3733 τὰ
3295 3681 3575 3752 θαυμάσιά
3622 3699 3720 3735 σου

2138 3771 2377 3840 ἐνεργεῖν
2398 3768 2465 3822 δι’
2501 3767 2655 3838 ἐμοῦ,
2693 3786 2711 3819 ‹
2745 3767 2849 3832 ἓως
2883 3767 3192 3836 ἀναγγείλω
3216 3768 3305 3820 τὸν
3341 3768 3602 3840 βραχίονά
3623 3786 3723 3821 σου

2136 3864 2202 3931 τῇ
2233 3862 2393 3932 γενεᾷ
2419 3862 2571 3933 πάσῃ
2585 3863 2650 3931 τῇ
2679 3860 3003 3931 ἐρχομένῃι»
3025 3861 3088 3912 Ἡ
3114 3860 3220 3932 γὰρ
3247 3859 3362 3925 νῦν,
3394 3862 3547 3931 φησὶ,
3578 3878 3721 3934 παρ-

2136 3952 2272 4007 οῦσα
2313 3953 2476 4022 γενεὰ
2530 3952 2717 4005 σκολιὰ
2749 3953 3007 4023 τυγχάνει
3035 3954 3128 4005 καὶ
3155 3952 3582 4025 διεστραμμένη,
3623 3954 3719 4007 καὶ

2136 4042 2295 4112 γενεά
2325 4040 2537 4113 πονηρὰ
2557 4040 2649 4094 καὶ
2681 4040 2948 4111 μοιχαλίς.
2997 4041 3088 4094 Διὸ
3128 4044 3195 4112 τῇ
3241 4043 3404 4111 γενεᾷ
3450 4045 3515 4113 τῇ
3564 4044 3722 4113 ἐρχο-

2138 4135 2279 4213 μένῃ
2304 4133 2599 4204 ἀπαγγελῶ
2640 4153 2657 4183 ι
2681 4133 2779 4205 τὴν
2810 4134 3133 4210 δυναστείαν
3160 4150 3252 4186 σου
3282 4134 3377 4187 καὶ
3401 4134 3498 4204 τὴν
3517 4133 3721 4186 δικαιο-

2138 4224 2303 4297 σύνην
2332 4242 2447 4289 σου,
2476 4226 2505 4276 ὁ
2532 4224 2684 4288 Θεὸς,
2716 4225 2820 4287 ἕως
2846 4224 2954 4277 τῶν
2978 4224 3236 4293 ὑψίστων,
3282 4225 3317 4278 ὅ.
3362 4241 3421 4276 τε
3460 4224 3721 4293 ἐποίησας

2139 4318 2419 4388 μεγαλεῖα.
2452 4337 2470 4370 ι
2504 4318 2575 4369 Σὺ
2598 4317 2756 4380 αὐτὸς
2781 4319 2809 4369 ὁ
2836 4316 3044 4389 Πατὴρ,
3079 4317 3145 4370 δι’
3187 4316 3320 4387 ἐμοῦ
3358 4316 3528 4369 ταῦτα
3583 4318 3719 4369 πᾶσι

2136 4414 2249 4474 τοῖς
2274 4409 2411 4481 μετὰ
2436 4410 2607 4463 ταῦτα
2642 4410 3028 4481 γενησομένοις
3055 4408 3361 4479 ἀνθρώποις
3394 4409 3487 4461 καὶ
3527 4410 3594 4479 τῇ
3621 4424 3716 4475 γε-

2136 4504 2232 4573 νεᾷ
2257 4505 2323 4574 τῇ
2380 4502 2647 4572 ἐρχομένῃ
2689 4500 3055 4569 ἀπαγγελεῖς,
3103 4501 3197 4553 καὶ
3246 4498 3649 4570 κηρυχθήσεται
3682 4502 3718 4571 ἡ

2136 4595 2449 4665 δικαιοσύνη
2473 4610 2566 4646 σου
2588 4595 2691 4657 ἕως
2712 4594 2819 4648 τῶν
2848 4593 3105 4663 ὑψίστων.
3128 4593 3456 4663 Σωζομένων
3480 4592 3588 4663 γὰρ
3610 4592 3721 4644 τῶν

2140 4687 2234 4739 ἐπὶ
2266 4686 2395 4757 γῆς,
2426 4685 2569 4756 χαρὰ
2601 4684 2752 4738 ἐσται
2784 4687 2842 4740 ἐν
2875 4686 3145 4755 οὐρανοῖς,
3182 4684 3584 4754 συγχαιρόντων
3608 4681 3723 4734 τῶν

2136 4777 2195 4828 ἐν
2223 4778 2334 4837 τοῖς
2367 4773 2611 4843 ὑψίστοις
2646 4773 2939 4827 οἰκούντων
2967 4774 3212 4841 ἀγγέλων
3254 4776 3319 4843 τῇ
3349 4773 3459 4826 τῶν
3504 4771 3719 4843 ἀνθρώ-

2138 4877 2255 4913 πων
2279 4861 2542 4932 σωτηρίᾳ.
2573 4862 2752 4932 Γῆρας
2772 4862 2827 4913 δὲ
2857 4862 2950 4914 καὶ
2981 4862 3245 4932 πρεσϐεία
3269 4865 3344 4935 μὴ
3367 4863 3511 4916 ὄκνει
3540 4862 3725 4930 λέγειν

2139 4951 2235 5022 τὴν
2266 4952 2578 5023 τελειότητα
2609 4953 2715 5006 τῶν
2743 4954 2906 5006 αὐτοῦ
2940 4954 3196 5024 μαθητῶν
3225 4956 3317 5008 καὶ
3345 4956 3440 5025 τῆς
3496 4954 3721 5024 Ἐκκλη-

2142 5045 2263 5108 σίας
2287 5044 2471 5100 αὐτοῦ.
2505 5046 2568 5098 Ei
2595 5047 2704 5116 γὰρ
2741 5047 2897 5116 σῶμα
2919 5046 3081 5098 αὑτοῦ
3116 5049 3148 5117 ὴ
3194 5046 3488 5118 Ἐκκλησία
3518 5047 3721 5116 τυγχά-

2140 5153 2240 5200 νει,
2264 5136 2338 5199 ὼς
2365 5136 2603 5204 ἐδίδαξεν
2626 5139 2655 5190 ὁ
2697 5138 3014 5202 Ἀπόστολος
3033 5137 3199 5190 εἰπών
3219 5156 3230 5167 ·
3262 5156 3280 5189 ι
3305 5139 3489 5208 Ὑμεῖς
3511 5138 3568 5191 δέ
3595 5140 3717 5190 ἐστε

2145 5228 2303 5299 σῶμα
2351 5230 2586 5300 Χριστοῦ
2633 5232 2727 5284 καὶ
2764 5232 2900 5303 μέλη
2953 5235 3015 5285 ἐκ
3071 5231 3299 5303 μέρουςο
3340 5250 3359 5282 ι
3403 5231 3569 5302 μέρος
3618 5231 3719 5301 τῆς

2156 5319 2478 5391 Ἐκκλησίας
2511 5324 2604 5375 καὶ
2627 5325 2913 5395 πρεσϐεῖον
2940 5324 3108 5393 αὐτῆς
3152 5323 3346 5392 λέγοιτ’
3389 5322 3455 5376 ἂν
3494 5322 3719 5385 εἰκότως

2141 5412 2175 5479 ἡ
2204 5411 2323 5464 κατ’
2355 5413 2554 5483 ἀρετὴν
2576 5411 2671 5483 τὴν
2703 5415 2759 5466 ἐν
2788 5414 2864 5484 τῷ
2892 5415 3117 5485 παρόντι
3142 5414 3241 5486 βίῳ
3270 5413 3574 5476 τελείωσις,
3600 5412 3700 5483 μεθ

2142 5501 2229 5573 ἣν,
2267 5502 2454 5576 ὥσπερ
2476 5504 2861 5577 άποδυσαμένη
2887 5505 2977 5558 τὸν
2996 5508 3086 5558 ἐπὶ
3106 5507 3206 5576 γῆς
3226 5505 3416 5577 θνητὸν
3441 5504 3573 5575 βίον,
3596 5505 3703 5557 ἀνα

2140 5596 2545 5665 καινισθήσεται
2575 5595 2675 5666 τῆς
2703 5597 2957 5666 οὐρανίου
2992 5597 3267 5670 διατριϐῆς
3316 5597 3707 5665 καταξιωθησον

2142 5685 2303 5756 μένη,
2346 5689 2725 5761 συναπτομένη
2754 5705 2813 5741 τε
2843 5691 2907 5759 τῇ
2944 5687 3235 5760 Ἐκκλησὶᾳ
3284 5689 3392 5743 τῶν
3441 5688 3719 5759 «prore-.6-

542 5841 584 5869 "
618 5836 825 5891 Malacli
893 5855 930 5907 l,
962 5840 1048 5898 Μ,
1128 5842 1173 5873 ’⁸
1212 5838 1400 5896 Matth.
1432 5856 1551 5906 xm,
1581 5840 1766 5899 5-1-Βὸ,
1846 5842 1889 5873 9⁷
1917 5842 1937 5897 l
1966 5843 2091 5895 Cor.
2116 5856 2217 5907 xu,
2246 5841 2335 5897 27.
