4128 6392
434 378 538 434 785

1571 370 2077 429 COMMENTARIA
2109 368 2178 423 IN
2213 367 2554 428 PSALMOS.

3602 366 3704 424 786

430 513 544 553 κων
570 494 678 549 τῶν
713 492 1230 565 ἀπογεγραμμένων
1255 491 1313 546 ἐν
1334 491 1605 562 οὐρανοῖς.
1634 491 1791 546 Οῦτω
1811 493 2008 563 νοήσεις

2131 489 2509 546 renovabitur.
2553 485 2648 543 Sic
2677 488 2805 542 item
2852 486 3127 558 intelligas
3157 487 3303 558 quod
3339 487 3594 559 superius
3621 489 3707 543 di-

432 588 530 644 καὶ
554 588 616 642 τὸ
644 586 902 659 ἀνωτέρω
925 585 1250 657 λελεγμένον
1291 586 1349 638 ἑν
1378 583 1476 654 τῷ,
1517 602 1536 635 ι
1574 583 1667 655 Μὴ
1712 583 2025 657 ἀπορρίψῃς

433 694 503 750 με
539 679 621 742 είς
654 676 844 750 καιρὸν
864 677 1073 749 γήρως,
1106 679 1164 729 ἐν
1195 674 1273 745 τῷ
1302 674 1575 728 ἐκλείπειν
1599 674 1699 744 τὴν
1737 672 1890 743 ἰσχύν
1921 689 2022 744 μου

434 769 511 842 μὴ
556 768 927 841 ἑγκαταλίπῃς
966 785 1053 839 με.
1109 786 1128 819 ι
1180 766 1341 820 Κατὰ
1391 765 1501 839 γὰρ
1559 765 1753 836 ἑτέραν
1797 765 2024 837 ἐκδοχὴν

431 859 795 933 ὑπερεύχεται
834 860 932 931 τῆς
988 858 1316 929 Ἐκκλησίας
1362 854 1564 921 αὑτοῦ,
1605 857 1693 910 ἵνα
1738 856 1797 908 ἐν
1845 853 2023 926 καιρῷ

428 953 528 1024 τῆς
558 952 700 1007 κατὰ
732 951 835 1023 γῆν
866 950 1210 1023 μακρότητκ
1234 950 1309 1022 μὴ
1334 948 1703 1022 ἀπορριφθείη
1726 966 1739 978 ·
1774 950 1822 1001 εἰ
1845 948 1901 1001 δέ
1926 947 2022 1001 καὶ

426 1044 549 1098 τότε
576 1042 884 1115 ἑκλείπειὴ
923 1043 1077 1113 ἰσχὺς
1099 1041 1305 1112 αὐτῆς,
1354 1040 1488 1112 μηδέ
1537 1039 1659 1092 τότε
1703 1037 2021 1108 ἐγκαταλει-

426 1138 609 1211 φθείη.
641 1138 941 1211 Συμϐαίνει
973 1137 1083 1208 γὰρ
1114 1135 1376 1199 πολλάκις
1406 1118 1685 1187 ἐκλείπειν
1712 1131 1858 1186 κατὰ
1893 1132 2020 1194 τοὺς

425 1232 653 1304 καιροὺς
702 1231 811 1285 τῶν
859 1229 1116 1301 διωγμῶν
1144 1268 1159 1293 ,
1205 1226 1427 1281 ἐπειδὰν
1451 1226 1499 1279 οἱ
1545 1224 1734 1278 πολλοὶ⁸
1773 1221 1870 1277 τοῦ
1916 1221 2021 1276 σώ-

426 1342 598 1396 ματος
650 1324 749 1393 τῆς
806 1321 1131 1393 Ἐκκλησίας
1172 1321 1237 1375 δι’
1288 1318 1570 1374 ἀσθένειαν
1629 1316 1862 1380 πίστεως
1939 1315 2021 1382 ἐξ·

418 1416 713 1488 ομνύονται
745 1415 844 1487 τὴν
883 1417 1085 1471 πίστιν,
1127 1414 1239 1467 Καὶ
1290 1414 1499 1485 μήποτε
1547 1408 1721 1464 ταῦτα
1773 1407 2020 1479 ἀναπέμ-

424 1527 584 1564 πεται
605 1510 698 1563 ἐπὶ
733 1509 826 1563 τὸν
856 1508 1046 1578 καιρὸν
1066 1507 1168 1577 τῆς
1201 1504 1559 1567 ἀποστασίας,
1578 1502 1706 1573 περὶ
1736 1494 1796 1556 οῦ
1820 1498 2013 1572 καιροῦ

418 1605 449 1656 ὁ
490 1601 813 1666 Ἀπόστολος
868 1600 1114 1655 ἐδίδασκε
1167 1598 1372 1667 λέγων’
1423 1615 1443 1647 ι
1492 1594 1616 1648 Ἐὰν
1670 1592 1745 1666 μὴ
1797 1591 1927 1666 ἔλθῃ
1981 1593 2015 1664 ἡ

419 1694 725 1751 ἀποστασία
787 1692 1006 1766 πρῶτον
1030 1733 1045 1755 ,
1116 1691 1211 1746 καὶ
1294 1688 1654 1759 ἀποκαλυφθῇ
1728 1685 2015 1757 ἄνθρωπος

418 1785 517 1856 τῆς
571 1784 884 1857 ἁμαρτίας,
950 1785 979 1837 ὁ
1035 1783 1164 1847 Υἱὸς
1220 1779 1671 1853 τῆςάπωλείας.
1736 1798 1755 1830 ι
1813 1776 2015 1831 Τοῦτον

416 1876 476 1929 δὲ
530 1875 623 1931 τὸν
683 1878 876 1949 καιρὸν
952 1878 981 1930 ὁ
1028 1875 1220 1947 Σωτὴρ
1279 1873 1468 1947 ἐδήλου
1522 1872 1697 1943 λέγων
1722 1887 1736 1900 ·
1804 1889 1822 1922 ι
1858 1866 2006 1941 Ἀρα
2038 1867 2080 1924 Β

420 1968 591 2024 ἐλθὼν
646 1971 675 2022 ὁ
724 1969 854 2033 Υἱὸς
897 1968 993 2023 τοῦ
1042 1966 1331 2040 ἀνθρώπου
1391 1967 1615 2038 εὑρήσει
1672 1965 1774 2038 τὴν
1825 1965 2009 2018 πίστιν

418 2061 512 2114 ἐπὶ
538 2061 641 2132 τῆς
668 2061 806 2133 γῆς;
835 2081 854 2113 ι
884 2063 996 2116 Καὶ
1046 2061 1207 2116 πάλιν
1230 2077 1246 2092 ·
1298 2080 1317 2113 ι
1345 2060 1444 2115 Διά
1469 2061 1527 2114 δὲ
1555 2060 1617 2113 τὸ
1642 2056 2011 2129 πληθυνθῆναι

416 2155 516 2225 τὴν
544 2154 795 2225 ἀνομίαν,
820 2154 1126 2226 ψυγήσεται
1158 2156 1192 2224 ή
1225 2152 1413 2225 ἀγάπη
1446 2151 1554 2206 τῶν
1578 2150 1809 2206 πολλῶν.
1836 2170 1854 2203 ι
1877 2150 2009 2203 Τότε

416 2246 527 2318 γὰρ
558 2246 711 2300 ἔσται
751 2246 1021 2318 γηραλέον
1054 2247 1148 2299 καὶ
1183 2245 1407 2308 ἀσθενὲς
1439 2245 1500 2299 τὸ
1547 2244 1706 2315 σῶμα
1747 2243 1848 2313 τῆς
1889 2244 2011 2296 Ἐκ·-

415 2338 666 2410 κλησίας.
687 2339 826 2392 Ἀλλ’
853 2340 939 2393 ἵνα
976 2339 1111 2411 μηδέ
1150 2340 1271 2392 τότε
1315 2338 1521 2410 ἔρημος
1561 2336 1948 2406 καταλειφθείη
1980 2337 2009 2387 ὁ

415 2431 546 2495 λαὸς
577 2430 764 2497 αὐτοῦ,
800 2432 1113 2502 ἀναγκαίως
1155 2431 1254 2496 τάς
1295 2432 1659 2504 προκειμένας
1692 2431 2006 2501 ἀναπέμπει

418 2522 602 2589 φωνάς
620 2540 634 2553 ·
674 2542 692 2575 ι
716 2523 774 2576 Ὁ
808 2522 960 2587 Θεὸς,
996 2524 1079 2587 τίς
1106 2524 1505 2597 ὀμοιωθήσεταί
1533 2542 1645 2590 σοι;
1672 2523 1841 2587 Ὅσας
1874 2522 2009 2575 ἐδει-

418 2614 517 2681 ξάς
568 2631 657 2685 μοι
711 2616 919 2685 θλίψεις
964 2617 1166 2681 πολλὰς
1219 2618 1314 2671 καὶ
1361 2618 1542 2683 κακά;
1570 2637 1589 2669 ι
1635 2616 1727 2670 καὶ
1759 2616 1827 2670 τὰ
1856 2616 2003 2686 ἑξῆς.

418 2706 559 2770 Τοὺς
583 2707 833 2779 ἀκριϐεῖς
865 2709 1059 2777 λόγους
1092 2710 1215 2763 καθ’
1250 2708 1343 2773 οὓς
1367 2711 1394 2761 ὁ
1425 2709 1556 2773 Θεὸς
1585 2708 1680 2763 τοῦ
1718 2708 1846 2761 ἰδίου
1874 2707 2005 2761 Υίοῦ

415 2801 518 2853 οὐκ
570 2802 843 2871 ἐφείσατο,
889 2803 1003 2857 ἀλλ’
1032 2804 1175 2875 ὑπὲρ
1202 2797 1250 2875 ’ὴ
1262 2804 1377 2875 μῶν
1423 2803 1641 2857 πάντων
1692 2802 2008 2873 παρέδωκεν

417 2894 601 2957 αὑτὸν,
640 2895 714 2966 μὴ
767 2895 963 2964 γνόντα
1012 2913 1072 2949 τε
1121 2896 1283 2950 αὐτὸν
1334 2895 1607 2968 ἁμαρτίαν
1660 2895 1799 2967 ὑπὲρ
1848 2895 2007 2965 ήμῶν

420 2986 694 3058 ἁμαρτίαν
727 2987 1003 3060 ἐποίησεν,
1031 2988 1207 3052 οὐδεὶς
1238 2988 1463 3043 δύναται
1504 2987 1729 3041 διελθεῖν
1769 2987 1802 3058 ἢ
1849 2987 2007 3057 μόνος

417 3080 598 3144 αὑτός.
640 3097 659 3130 ι
686 3080 784 3144 Τίς
821 3081 929 3155 γὰρ
980 3080 1121 3151 ἔγνω
1158 3080 1282 3137 νοῦν
1320 3081 1549 3154 Κυρίου,
1578 3080 1635 3161 δς
1679 3078 2007 3151 συμϐιϐἀσει

417 3169 611 3235 αὑτόν;
643 3188 661 3219 ›
702 3169 824 3222 υὺδ’
861 3170 927 3224 ἂν
975 3172 1225 3225 ἐπιϐάλοι
1270 3189 1353 3235 τις
1384 3173 1450 3243 τῇ
1494 3169 1587 3224 τοῦ
1632 3168 1768 3223 Θεοῦ
1803 3170 2004 3241 κρίσει,

2127 582 2313 637 citur:
2356 579 2476 635 «Ne
2515 578 2780 649 projicias
2836 593 2925 634 me
2971 579 3029 634 in
3076 586 3327 650 tempore
3375 580 3699 643 senectutis,

2125 696 2250 736 cum
2274 678 2492 734 deﬁciet
2525 676 2701 732 virtus
2740 690 2882 744 mea,
2913 691 2983 732 ne
3011 676 3363 747 derelinquas
3386 692 3527 733 me.»
3562 674 3700 732 Nam

2125 769 2431 828 secundum
2482 768 2647 823 aliam
2700 769 3098 839 expositionem
3138 782 3240 839 pro
3300 767 3547 824 Ecclesia
3598 784 3701 827 sua

2124 869 2402 935 precatur,
2435 872 2493 916 ut
2526 878 2597 917 ne
2622 863 2678 917 in
2715 869 2959 933 tempore
3006 871 3242 918 terrenae
3289 862 3441 918 illius
3476 862 3701 919 diutur-

2124 954 2315 1009 nitatis
2358 953 2703 1025 projiciatur.
2752 952 2908 1020 Quod
2966 955 3015 1010 si
3062 961 3197 1009 tunc
3250 953 3469 1009 deﬁciat
3522 954 3701 1014 virtus
3810 1032 3814 1039 ἢ

2122 1046 2266 1115 ej-us,
2301 1055 2459 1119 rogat
2500 1053 2561 1102 ut
2593 1061 2664 1102 ne
2702 1047 2784 1103 sic
2826 1046 3048 1117 quidem
3082 1046 3522 1118 derelinquatur.
3561 1045 3701 1102 Con-

2121 1140 2284 1210 tingit
2336 1140 2481 1195 enim
2539 1140 2886 1211 plerumque,
2938 1146 3002 1195 ut
3054 1141 3505 1211 persecutionum
3556 1148 3698 1197 tem-

2116 1249 2255 1304 pore
2285 1232 2528 1297 deﬁciat,
2564 1247 2691 1287 cum
2732 1232 2889 1286 multi
2925 1248 2990 1288 ex
3024 1231 3283 1289 Ecclesia:
3330 1247 3562 1303 corpore
3627 1233 3699 1288 ob

2120 1322 2247 1378 ﬁdei
2278 1322 2678 1391 inﬁrmitatem,
2721 1339 2841 1379 eam
2888 1323 3165 1394 abjurant.
3206 1322 3348 1380 Num
3394 1323 3539 1380 forte
3581 1324 3698 1381 haec

2118 1415 2407 1472 referenda
2451 1417 2521 1472 ad
2560 1423 2781 1488 tempus
2816 1416 3168 1483 defectionis,
3204 1416 3274 1473 de
3322 1432 3433 1489 quo
3463 1418 3699 1490 Aposto-

2119 1510 2207 1567 lus
2257 1510 2372 1566 haac
2429 1510 2652 1565 docuit:
2705 1509 2868 1565 «Nisi
2907 1510 3121 1565 venerit
3154 1509 3393 1567 defectio
3436 1512 3695 1581 primum,

2116 1609 2171 1658 et
2203 1602 2485 1659 revelatus
2542 1601 2710 1658 fuerit
2760 1602 2926 1658 homo
2973 1603 3207 1673 peccati,
3244 1602 3391 1658 ﬁlius
3437 1603 3698 1674 perditio-

2116 1693 2319 1751 nis’sa
2364 1692 2481 1750 Hoc
2509 1709 2641 1751 vero
2674 1701 2893 1765 tempus
2942 1693 3203 1750 Servator
3248 1694 3553 1752 declaravit
3587 1695 3677 1752 bis

2114 1788 2325 1845 verbis:
2356 1807 2376 1840 ‹
2398 1786 2539 1844 Num
2563 1788 2790 1845 veniens
2816 1787 2988 1846 Filius
3012 1789 3254 1845 hominis
3272 1789 3515 1847 inveniet
3533 1789 3697 1847 ﬁdem

2109 1897 2276 1952 super
2310 1891 2509 1937 terram
2533 1882 2612 1934 οη
2638 1901 2658 1935 ι
2690 1890 2745 1937 et
2778 1898 3010 1939 rursum
3036 1901 3050 1939 :
3082 1901 3101 1936 ι
3132 1882 3200 1937 Et
3229 1884 3492 1955 quoniam
3522 1884 3701 1940 abun-

2112 1974 2260 2030 davit
2309 1976 2591 2046 iniquitas,
2636 1974 2957 2046 refrigescet
2985 1976 3231 2032 charitas
3272 1977 3571 2033 multorum
3596 1978 3638 2030 ¹.
3669 1994 3690 2029 ι

2111 2067 2268 2124 Tunc
2298 2069 2443 2123 enim
2474 2083 2678 2138 corpus
2710 2067 2969 2125 Ecclesiae
2996 2068 3153 2125 senio
3182 2068 3492 2126 confectum
3523 2077 3579 2125 et
3606 2069 3696 2125 in-

2111 2162 2327 2216 ﬁrmum
2363 2161 2491 2216 erit.
2528 2160 2731 2216 Verum
2770 2177 2840 2217 ne
2871 2162 2965 2216 illo
3006 2170 3256 2233 tempore
3299 2162 3555 2219 desertus
3592 2175 3697 2233 po-

2110 2254 2273 2325 pulus
2302 2253 2424 2323 ejus
2465 2254 2835 2324 relinquatur,
2878 2255 3197 2311 necessario
3240 2255 3343 2311 has
3373 2254 3582 2325 profert
3606 2272 3698 2314 vo-

2109 2362 2241 2402 ces:
2274 2365 2291 2397 ι
2322 2345 2489 2409 Deus,
2525 2346 2650 2415 quis
2691 2345 2889 2401 similis
2930 2345 3037 2400 erit
3065 2345 3206 2399 tibi?
3229 2345 3477 2412 Quantas
3508 2355 3699 2403 osten-

2111 2439 2241 2494 disti
2289 2439 2422 2493 mihi
2455 2438 2843 2494 tribulationes
2893 2440 3095 2494 multas
3127 2445 3182 2493 et
3235 2438 3410 2494 mala?
3440 2459 3459 2492 ι
3506 2448 3562 2495 et
3598 2455 3698 2496 cat-

2110 2538 2248 2586 tera.
2282 2530 2421 2584 Nam
2464 2541 2778 2584 accuratam
2814 2530 3085 2585 rationem
3120 2545 3221 2586 cur
3250 2531 3395 2586 Deus
3423 2528 3565 2586 Filio
3593 2546 3697 2588 suo

2110 2639 2219 2678 non
2256 2623 2582 2694 pepercerit,
2621 2622 2718 2679 sed
2762 2638 2865 2693 pro
2902 2622 3066 2679 nobis
3110 2623 3365 2679 omnibus
3408 2623 3698 2680 tradiderit
3784 2663 3787 2665 -

2110 2714 2302 2781 illum;
2337 2729 2401 2767 ac
2423 2728 2547 2768 cum
2576 2723 2860 2784 peccatum
2887 2729 2999 2769 non
3022 2720 3232 2779 nosset,
3265 2722 3546 2784 peccatum
3568 2728 3696 2770 eum

2110 2820 2210 2875 pro
2234 2804 2395 2859 nobis
2417 2803 2680 2867 eﬁ‘ecerit,
2715 2819 2878 2860 nemo
2900 2812 3101 2876 praeter
3121 2806 3301 2875 ipsum
3332 2806 3510 2861 solum
3532 2819 3695 2860 enar-

2108 2912 2232 2951 rare
2265 2903 2467 2967 potest.
2509 2916 2528 2948 ι
2558 2895 2696 2964 Quis
2725 2898 2872 2953 enim
2898 2898 3051 2953 novit
3075 2913 3300 2954 sensum
3335 2896 3574 2965 Domini,
3598 2898 3695 2970 qui

2110 2988 2350 3045 instruat
2388 3005 2513 3046 eum
2534 2990 2593 3043 '?
2622 3009 2641 3043 ι
2678 2988 2863 3061 Neque
2886 2991 3033 3046 enim
3064 2992 3191 3062 quis
3217 2991 3273 3045 in
3303 2992 3399 3047 Dei
3423 2991 3693 3061 judicium

2112 3098 2236 3140 sese
2279 3082 2579 3138 immittere
2621 3082 2840 3147 audeat,
2896 3098 3075 3155 neque
3116 3084 3349 3140 consilia
3388 3083 3695 3154 deprehen-

2112 3175 2241 3230 dere
2267 3175 2462 3245 possit,
2498 3175 2655 3246 queis
2689 3174 2983 3247 Unigenito
3032 3190 3135 3232 suo
3181 3176 3424 3233 ostendit
3469 3175 3693 3231 tribula-

412 3262 523 3316 οὐδ’
557 3261 623 3316 ἀν
674 3260 885 3333 ἐξεύροι
937 3264 1066 3327 τοὺς
1109 3242 1431 3335 λογισμοὺς,
1466 3262 1533 3315 δι’
1568 3261 1659 3327 οὒς
1709 3261 2007 3327 ἐνεδείξατο

2109 3270 2291 3325 tiones
2323 3275 2378 3324 et
2408 3269 2580 3323 multa
2607 3269 2774 3323 mala.
2806 3267 2995 3339 Neque
3029 3268 3085 3323 in
3111 3269 3182 3325 iis
3212 3269 3391 3338 ipsum
3422 3269 3689 3331 deseruit,

416 3356 497 3427 τῷ
532 3357 828 3428 Μονογενεῖ
870 3356 1077 3426 θλίψεις
1107 3356 1309 3420 πολλὰς
1336 3357 1430 3410 καὶ
1458 3354 1605 3410 κακά
1623 3372 1635 3385 ·
1671 3356 1733 3408 οὐ
1772 3354 1870 3425 μὲν
1898 3354 2008 3407 εἴα-

421 3462 515 3500 σεν
560 3447 721 3503 αὑτὸν
765 3448 822 3500 ἐν
862 3448 1080 3510 αὐταῖςσ
1124 3447 1239 3500 ἀλλ’
1265 3445 1598 3517 ἐπιστρέψας
1642 3442 2005 3516 ἑζωοποίησεν

414 3539 578 3593 αὑτὸν
613 3540 708 3592 καὶ
741 3541 805 3593 ἑκ
848 3539 955 3591 τῶν
998 3538 1249 3593 ἀϐύσσων
1282 3541 1379 3611 τῆς
1406 3541 1509 3611 γῆς
1544 3539 1704 3593 πάλιν
1730 3540 2004 3610 ἀνήγαγεν

414 3631 597 3686 αὐτόν.
633 3632 846 3704 Σφόδρα
879 3633 935 3687 δέ
968 3631 1211 3705 ἀκριϐῶς
1241 3633 1454 3705 εἴρηται
1482 3633 1563 3696 τὸ,
1596 3632 1875 3697 «Ἔδειξάς
1914 3650 2003 3704 μοι

413 3722 625 3795 θλίψεις
653 3723 853 3788 πολλὰς
884 3724 977 3777 καὶ
1005 3724 1171 3778 κακά.
1197 3744 1213 3775 ι
1235 3722 1383 3776 Ἰδὼν
1407 3722 1517 3795 γὰρ
1537 3723 1637 3787 τάς
1667 3722 1875 3793 θλίψεις
1910 3722 2004 3775 καὶ⁸

413 3816 481 3869 τὰ
531 3815 909 3887 ὀνομαζόμενα
952 3815 1128 3880 κακά,
1178 3816 1277 3885 οὐχ
1325 3815 1466 3869 ἑάλω
1510 3815 1601 3867 ὑπ’
1633 3814 1833 3879 αὐτῶν,
1881 3813 2004 3866 ούδὲ

414 3907 623 3979 ἡττήθη
647 3925 660 3938 ο
698 3908 964 3979 κρείττων
995 3908 1051 3961 δέ
1087 3908 1304 3960 πάντων
1338 3907 1651 3977 γενόμενος,
1689 3906 1892 3977 θεωρὸς
1934 3900 2001 3975 ἦν

416 4003 620 4055 αὐτῶνθ
656 4002 732 4066 ὼς
774 3999 992 4055 πάντων
1029 4001 1230 4072 μᾶλλον
1261 4001 1437 4053 εἰπεῖν
1460 3998 1526 4052 ἂν
1553 3999 1634 4062 τὸ,
1673 4016 1691 4049 ι
1716 3999 1804 4051 Ἐν
1839 3997 2001 4050 παντὶ

414 4094 743 4166 θλιϐόμενοι,
793 4094 907 4147 ἀλλ’
934 4095 994 4147 ού
1045 4091 1564 4164 στενοχωρούμενοι·
1611 4090 1996 4162 ἀπορούμενοι,

414 4188 528 4241 ἀλλ’
561 4188 663 4241 οὐκ
712 4187 1163 4261 ἐξαπορούμενοιο
1216 4183 1700 4255 καταϐαλλόμενοι,
1750 4182 1865 4236 ἀλλ’
1899 4182 2001 4234 οὐκ

414 4280 959 4351 ἐγκαταλειπόμενοι.
994 4299 1012 4330 ι
1048 4277 1233 4331 Ταῦτα
1279 4277 1388 4348 γὰρ
1416 4275 1630 4339 Παῦλος
1668 4274 1763 4328 καὶ
1805 4275 1853 4327 οἱ
1894 4291 1999 4327 πα-

416 4373 705 4445 ραπλήσιοι
735 4372 917 4444 ὠφελη
930 4372 1077 4443 μένοι
1105 4371 1197 4425 τὸν
1234 4368 1552 4424 διδάσκαλον
1581 4366 1786 4436 ἔλεγον.
1805 4365 1998 4421 Ἀϐύσ-

417 4482 543 4529 σους
569 4466 626 4518 δὲ
656 4465 761 4535 γῆς
790 4463 1022 4517 ἐνταῦθα
1067 4462 1166 4534 τὴν
1208 4460 1318 4515 τῶν
1358 4459 1729 4530 καταχθονίων
1762 4458 1865 4529 γῆν
1890 4457 1997 4530 χώ-

416 4576 517 4629 ραν
546 4558 827 4642 ὠνόμαζεν
848 4574 861 4587 ·
903 4556 932 4609 ὃ
958 4555 1021 4626 δὴ
1057 4554 1341 4625 σαφηνίζει
1373 4554 1403 4605 ὁ
1435 4552 1753 4615 Ἀπόστολος
1779 4550 1955 4620 λέγων
1978 4568 1991 4581 ·

420 4671 438 4701 ι
468 4651 558 4722 Μὴ
590 4651 771 4720 εἴπῃς,
801 4650 894 4713 Τίς
922 4648 1291 4719 καταϐήσεται
1312 4648 1388 4709 είς
1414 4646 1514 4717 τὴν
1540 4644 1794 4711 ἄϐυσσον,
1840 4661 1998 4697 τουτο

414 4743 530 4796 ἐστι
555 4742 788 4815 Χριστὸν
812 4744 878 4795 ἑκ
897 4740 1109 4812 νεκρῶν
1131 4741 1430 4809 ἀναγαγεῖν
1453 4756 1466 4803 ;
1510 4758 1528 4790 )
1551 4738 1662 4791 Καὶ
1684 4740 1741 4791 ἐν
1763 4737 1843 4809 τῷ
1876 4735 1997 4789 Ἰὼϐ

412 4836 469 4889 δὲ
489 4839 518 4889 ὁ
544 4834 898 4908 χρηματίζων
926 4833 1076 4904 αὐτῷ
1102 4834 1307 4906 Κύριος
1337 4832 1488 4901 ἔλεγε
1506 4848 1520 4861 ·
1559 4827 1790 4897 «Ἦλθες
1821 4829 1877 4883 δέ
1906 4830 2000 4883 ἐπὶ

415 4928 595 4998 πηγὴν
626 4909 919 4998 θαλάσσης,
957 4929 1015 4981 ἐν
1058 4926 1114 4979 δὲ
1158 4925 1360 4997 ἴχνεσιν
1390 4923 1627 4977 ἀϐύσσου
1662 4922 2000 4994 περιεπάτη-

416 5020 886 5088 σας.Ἀνοίγονται
931 5020 987 5072 δέ
1030 5037 1112 5072 σοι
1149 5018 1299 5090 φόϐῳ
1334 5018 1501 5072 πύλαι
1532 5018 1794 5073 θανάτου·
1829 5018 2000 5072 πυλω-

416 5112 499 5184 ροὶ
526 5111 584 5164 δὲ
618 5111 745 5182 ᾅδου
783 5112 981 5175 ἰδόντες
1010 5128 1070 5163 σε
1102 5110 1357 5183 ἔπτηξαν.
1393 5131 1411 5163 ι
1431 5113 1489 5165 '0
1528 5112 1585 5165 δὲ
1629 5112 1796 5166 εἰπὼν
1818 5110 2002 5166 ἐνταῦ-

415 5204 504 5267 θα,
538 5222 557 5254 ‹
588 5205 698 5256 Καὶ
732 5206 796 5257 ἐκ
837 5204 945 5257 τῶν
982 5203 1235 5258 ἀϐύσσων
1263 5205 1362 5271 τῆς
1392 5205 1497 5276 γῆς
1529 5206 1691 5260 πάλιν
1723 5207 1999 5279 ἀνήγαγές

419 5313 510 5366 με,
544 5316 564 5348 ι
596 5298 784 5366 σαφῶς
818 5295 1058 5362 ἐδίδαξεν
1087 5297 1277 5349 ἑαυτὸν
1307 5298 1732 5369 κατεληλυθέναι
1780 5301 1860 5363 είς
1901 5300 2002 5362 τάς

413 5386 685 5450 ἀϐύσσους
710 5388 809 5458 τῆς
834 5388 959 5458 γῆς,
992 5390 1083 5442 καὶ
1115 5388 1277 5442 πάλιν
1302 5389 1704 5461 ἀνεληλυθέναι.
1736 5391 1849 5445 Οὐκ
1879 5387 2003 5445 οῖδα

411 5478 471 5531 δὲ
510 5479 670 5542 εἴτις
711 5478 933 5533 δύναται
979 5481 1182 5552 ἑτέρως
1218 5482 1468 5536 ἐκλαϐεῖν
1512 5480 1684 5536 ταῦτα
1711 5481 1744 5553 ἣ
1775 5482 1868 5537 ἐπὶ
1903 5483 1996 5538 τὸν

412 5569 646 5642 Σωτῆρα
672 5573 766 5625 καὶ
789 5571 992 5643 Κύριον
1022 5572 1175 5644 ἡμῶν
1196 5574 1485 5645 ἀναφέρων
1508 5575 1608 5645 τὴν
1633 5574 1990 5646 προφητείαν.

474 5746 592 5824 _"'_ll
615 5747 811 5807 Thess.
844 5766 926 5824 ιι.Δ
946 5752 1014 5824 5.-
1032 5753 1121 5824 ξπ
1155 5753 1310 5823 Luc.,
1333 5771 1486 5824 xvm,
1509 5757 1561 5814 8.

413 5816 435 5850 '
457 5814 829 5889 Job,xxxvm,
872 5822 954 5890 l6,
999 5822 1081 5875 Π.

2026 4608 2075 4667 D

2107 3360 2202 3418 sed
2235 3376 2540 3417 conversus
2575 3360 2877 3416 viviﬁcavit
2901 3376 3048 3425 eum,
3082 3368 3138 3416 et
3182 3360 3251 3416 de
3283 3361 3499 3432 abyssis
3528 3368 3692 3416 terra:

2104 3454 2303 3509 iterum
2337 3454 2556 3510 reduxit
2594 3453 3212 3510 eum.-Accuratissime
3256 3462 3439 3510 autem
3482 3456 3689 3510 dictum

2105 3546 2206 3602 fuit
2242 3547 2398 3612 illud,
2438 3565 2459 3598 ι
2489 3545 2791 3602 Ostendisti
2820 3547 2953 3600 mihi
2980 3547 3365 3602 tribulationes
3398 3547 3603 3603 multas
3633 3556 3690 3603 et

2104 3640 2265 3693 mala.
2303 3658 2320 3690 ι
2384 3638 2522 3693 Cum
2575 3638 2915 3709 prospiceret
2960 3638 3105 3693 enim
3160 3638 3577 3702 tribulationes,
3632 3648 3688 3694 et

2103 3730 2275 3784 multa
2313 3729 2406 3784 illa
2439 3745 2563 3801 qua:
2594 3738 2863 3784 vocantur
2891 3729 3056 3794 mala,
3093 3745 3202 3785 non
3244 3737 3438 3800 captus
3472 3732 3540 3786 ab
3576 3731 3686 3789 illis

2102 3837 2282 3893 neque
2327 3822 2505 3877 victus
2548 3828 2668 3890 est;
2719 3822 2821 3877 sed
2856 3822 3113 3878 omnibus
3149 3823 3398 3892 superior
3434 3822 3682 3889 eﬁ‘ectus,

2102 3917 2582 3988 contemplabatur
2627 3932 2725 3981 ea;
2780 3916 2855 3970 ita
2898 3925 2960 3970 ut
2993 3917 3080 3972 his
3120 3917 3349 3973 vocibus
3392 3918 3683 3990 plusquam

2101 4016 2293 4067 omnes
2342 4010 2436 4065 alii
2488 4026 2624 4065 usus
2672 4010 2743 4065 sit
2778 4030 2788 4064 :
2830 4028 2849 4061 ι
2880 4008 2939 4063 ln
2974 4010 3232 4065 (minibus
3272 4010 3682 4066 tribulationem

2101 4103 2360 4173 patimur,
2385 4102 2482 4158 sed
2506 4118 2617 4156 non
2642 4102 3024 4173 angustiamur
3051 4121 3064 4155 :
3090 4101 3424 4171 aporiamur.
3452 4102 3547 4159 sed
3572 4118 3683 4159 nou

2100 4194 2456 4249 destituimur
2485 4213 2498 4249 :
2527 4194 2840 4263 dejiciinur,
2872 4195 2966 4250 sed
2994 4210 3103 4250 non
3135 4194 3625 4267 derelinquimur'.
3658 4217 3678 4246 ι

2099 4285 2226 4342 meo
2256 4286 2458 4357 quippe
2489 4285 2719 4350 Paulus,
2767 4296 2821 4342 et
2850 4287 2943 4357 qui
2979 4301 3166 4357 parem
3220 4295 3385 4358 atque
3421 4288 3684 4360 magister

2099 4379 2191 4435 ille
2220 4379 2511 4434 utilitatem
2544 4388 2902 4450 perceperant
2929 4378 3204 4435 dicebant.
3246 4379 3489 4452 Abyssos
3523 4390 3683 4436 terrae

2099 4470 2189 4525 hic
2232 4470 2531 4527 inferorum
2578 4472 2855 4543 regionem
2898 4472 3159 4526 vocavit:
3200 4472 3346 4543 quod
3385 4473 3683 4542 Apostolus

2100 4564 2334 4635 explicat
2356 4563 2578 4620 dicens:
2608 4583 2625 4615 ι
2656 4563 2735 4620 Ne
2758 4564 2911 4619 dicas
2936 4562 3105 4630 :Quis
3131 4564 3426 4621 descendet
3450 4564 3505 4618 in
3527 4564 3685 4634 abys-

2101 4654 2301 4721 sum“;
2334 4655 2389 4710 id
2429 4662 2533 4719 est,
2582 4654 2866 4711 Christum
2917 4671 2985 4711 ex
3033 4655 3268 4711 mortuis
3321 4652 3624 4709 reducere?
3658 4673 3677 4703 ι

2099 4745 2166 4800 Ει
2195 4747 2251 4801 in
2280 4744 2384 4801 Job
2405 4762 2624 4817 quoque
2653 4745 2915 4802 Dominus
2944 4747 3039 4816 qui
3072 4748 3127 4801 in
3158 4746 3277 4816 ipso
3299 4746 3523 4799 oracula
3557 4743 3683 4799 fun-

2098 4838 2258 4893 debat
2296 4838 2413 4892 bzec
2448 4838 2680 4907 protulit
2710 4857 2723 4892 :
2755 4857 2773 4889 ι
2809 4837 3021 4900 Venisti
3059 4851 3189 4892 vero
3240 4837 3297 4891 in
3331 4835 3535 4891 fontem
3564 4850 3683 4888 ma-

2096 4934 2196 4996 ris,
2232 4932 2289 4986 in
2334 4932 2584 5001 vestigiis
2618 4939 2802 4986 autem
2848 4931 3031 5001 abyssi
3064 4930 3379 4985 ambulasti.
3412 4929 3683 5001 Aperiun-

2099 5034 2189 5079 tur
2220 5040 2351 5080 vero
2398 5025 2496 5079 tibi
2526 5025 2726 5079 timore
2760 5031 2932 5093 portae
2962 5024 3157 5099 mortis
3192 5043 3204 5077 :
3241 5023 3456 5079 ostiarii
3496 5031 3680 5079 autem

2099 5117 2302 5173 inferni
2346 5117 2599 5172 videntes
2642 5126 2695 5172 te
2739 5116 3027 5172 conterriti
3078 5116 3270 5171 sunt“.
3306 5134 3324 5168 ›
3363 5114 3469 5183 Qui
3516 5129 3682 5186 porro

2099 5207 2191 5263 hic
2231 5208 2327 5270 ait,
2392 5225 2410 5257 ι
2444 5205 2511 5260 Et
2562 5205 2631 5261 de
2687 5206 2903 5278 abyssis
2948 5216 3108 5261 terra:
3162 5206 3359 5261 iterum
3410 5204 3681 5263 reduxisti

2101 5316 2209 5366 me,
2242 5320 2265 5352 ι
2295 5301 2443 5355 clare
2466 5299 2654 5354 docuit
2685 5315 2744 5355 se
2770 5304 2826 5354 in
2854 5298 3086 5371 abyssos
3116 5306 3279 5355 terra:
3299 5298 3679 5363 descendisse.

2105 5407 2170 5448 ac
2204 5407 2423 5449 rursum
2466 5390 2804 5447 ascendisse.
2836 5388 2948 5446 Nec
2988 5391 3105 5446 scio
3133 5400 3317 5446 utrum
3348 5393 3474 5462 quis
3501 5392 3682 5448 valeat

2106 5484 2220 5538 haac
2248 5482 2353 5538 alio
2389 5482 2644 5552 accipere
2690 5478 2875 5546 modo,
2920 5494 3084 5550 quam
3127 5479 3195 5533 ad
3246 5478 3594 5535 Servatorem
3627 5488 3684 5535 et

2106 5575 2392 5630 Dominum
2411 5583 2660 5629 nostrum
2674 5571 2959 5629 referendo
2973 5572 3335 5643 prophetiam.
3351 5570 3401 5631 ls
3417 5572 3535 5644 ipse
3552 5586 3685 5628 vero

1645 5760 1658 5787 ¹
1692 5755 1878 5812 Matth.
1914 5774 2003 5812 xvi

2118 5758 2202 5812 l2.
2281 5760 2300 5789 ²
2333 5756 2491 5814 Rom.
2518 5772 2593 5822 χι,
2626 5754 2712 5813 ⁵54.
2796 5754 2815 5785 ³
2843 5749 2887 5807 11
2909 5752 3037 5809 Cor.
3072 5769 3147 5819 IV,
3174 5753 3228 5817 8.
3307 5754 3328 5786 ⁸
3351 5751 3510 5811 Rom.
3534 5770 3589 5821 Χ,
3617 5754 3672 5810 7.
