4128 6392
422 344 530 403 787

1098 347 1368 406 EUSEBII
1406 348 1889 405 CESARlENSIS
1926 348 2079 407 OPP.
2119 345 2306 403 PARS
2343 346 2432 404 ll].
2456 377 2526 390 —
2559 342 2972 401 EXEGETICA.

3585 333 3699 389 788

422 466 736 537 subjongit:
761 465 1178 537 «Multiplicasti
1219 470 1681 540 magniﬁcentiam
1717 486 1917 534 meam,
1947 479 1994 526 cl

2117 470 2176 523 Ὀ
2203 470 2248 523 δ’
2282 468 2447 532 αὐτὸς
2475 467 2718 535 ἐπιλέγει
2738 483 2751 495 ·
2788 483 2808 519 ι
2832 462 3193 526 Ἐπλεόνασας
3238 460 3337 532 τήν
3391 456 3693 530 μεγαλοσύ-

420 570 727 612 conversus
743 558 1061 613 consolatus
1082 575 1143 615 es
1175 574 1287 613 me.
1317 579 1335 612 ι
1368 560 1655 627 Quomodo
1684 572 1865 616 autem
1896 561 2001 616 Pa-

421 656 506 703 ter
545 649 991 719 multiplicaverit
1042 650 1506 720 magniﬁcentiam
1560 653 1841 725 Unigeniti
1890 656 1999 720 sui,

420 739 528 794 nisi
550 756 673 794 cum
706 742 948 796 ostendit
977 743 1053 796 illi
1086 744 1472 800 tribulationes
1507 746 1709 801 multas
1740 755 1795 802 et
1826 748 2009 801 mala?

420 827 889 896 Quemadmodum
941 834 1088 887 enim
1134 836 1463 906 agonotheta
1508 838 1821 907 quispiam,
1874 855 2000 893 cum

422 922 709 978 adversum
748 926 950 981 multos
991 926 1253 981 athletam
1284 937 1503 983 exercet
1548 946 1730 995 suum,
1766 931 1888 1001 ejus
1934 932 2006 985 li-

420 1015 647 1085 quidius
692 1017 953 1073 virtutem
999 1019 1268 1084 ostendit,
1311 1019 1535 1090 quando
1587 1037 1712 1077 eum
1754 1024 2001 1077 omnium

418 1106 679 1162 victorem
715 1110 1009 1178 pmdicat;
1038 1110 1228 1165 eodem
1258 1111 1422 1167 modo
1452 1111 1614 1168 Pater
1636 1111 1759 1168 Filii
1786 1116 2001 1185 magni-

417 1199 693 1254 ﬁcentiam
725 1212 786 1256 ut
810 1202 1071 1258 omnibus
1112 1205 1290 1273 palam
1336 1204 1562 1270 faceret,
1598 1206 1787 1262 multis
1820 1207 2000 1277 ipsum

416 1290 873 1350 tribulationibus
900 1302 955 1349 et
982 1295 1145 1351 malis
1176 1296 1572 1367 circumdedit;
1608 1306 1669 1353 ut
1703 1306 1857 1369 parta
1877 1315 2007 1355 con~

416 1393 505 1439 tra
559 1400 753 1441 omnes
802 1388 1063 1455 victoria,
1126 1390 1270 1461 apud
1335 1406 1543 1447 omnes.
1587 1392 1999 1463 praedicaretur.

416 1475 599 1543 Quare
632 1479 706 1532 ait
734 1497 747 1534 :
780 1498 798 1530 ι
830 1478 1211 1550 Multiplicasti
1242 1482 1706 1554 magniﬁcentiam
1736 1499 1910 1539 meam
1929 1501 1951 1551 ;.
1976 1503 1997 1536 ι

417 1567 516 1626 scd
550 1578 675 1639 post
719 1570 835 1625 haec
867 1573 1077 1638 omnia,
1107 1574 1309 1642 inquit,
1351 1593 1369 1625 ‹
1400 1588 1707 1629 conversus
1742 1574 2002 1630 consola-

416 1668 512 1716 tus
538 1676 600 1717 es
630 1678 735 1718 me.
772 1682 790 1714 ι
826 1661 947 1730 Quo
992 1672 1155 1734 pacto
1190 1666 1507 1721 consolatus
1540 1681 1664 1720 eum
1690 1673 1796 1730 est,
1834 1682 2001 1737 supe-

417 1754 537 1809 rius
580 1754 767 1810 docuit
814 1756 901 1811 his
947 1757 1128 1813 verbis
1162 1777 1175 1811 :
1207 1776 1225 1808 σ
1255 1756 1323 1811 Et
1361 1772 1664 1813 conversus
1713 1758 2001 1814 viviﬁcasti

2104 580 2200 634 νην
2239 580 2363 633 μου,
2395 561 2490 615 καὶ
2519 558 2854 631 ἐπιστρέψας
2883 555 3266 627 παρεκάλεσάς
3297 570 3384 625 με.
3412 572 3430 605 ι
3469 552 3595 613 Πῶς
3631 551 3692 603 δὲ

2102 654 2426 706 ἐπλεόνασεν
2459 652 2488 703 6
2526 650 2717 721 Πατὴρ
2764 648 2863 720 τήν
2900 644 3273 719 μεγαλοσύνην
3314 643 3409 697 τοῦ
3444 645 3691 710 Μονογε-

2102 744 2225 808 νοῦς
2252 744 2441 809 αὑτοῦ,
2465 744 2498 815 ἢ
2526 744 2613 797 διὰ
2636 742 2731 795 τοῦ
2757 740 2925 806 δεῖξαι
2956 738 3104 809 αὐτῷ
3129 738 3337 808 θλίψεις
3362 735 3561 798 πολλὰς
3594 734 3693 787 καὶ

2102 836 2282 901 κακά;
2320 836 2533 906 Ὥσπερ
2579 834 2690 906 γάρ
2736 850 2818 897 τις
2854 830 3220 899 ἀγωνοθέτης,
3252 827 3466 891 πολλοῖς
3507 842 3690 896 παρα-

2102 927 2313 981 ϐάλλων
2343 926 2433 979 τὸν
2470 926 2662 980 ἑαυτοῦ
2688 924 2950 995 ἀθλητήν,
2986 920 3246 993 μειζόνως
3272 917 3437 973 αὐτοῦ
3461 919 3558 989 τὴν
3595 919 3692 971 ἀν-

2100 1020 2283 1091 δρείαν
2316 1019 2671 1082 ἐπιδείκνυσι,
2706 1018 2933 1088 νικητὴν
2975 1016 3139 1070 αὐτὸν
3186 1013 3439 1069 ἁπάντων
3484 1012 3693 1081 ἀνακη-

2104 1111 2311 1182 ρύττων
2332 1129 2346 1143 ο
2376 1112 2468 1165 τὸν
2497 1112 2659 1166 αὐτὸν
2696 1112 2898 1182 τρόπον
2926 1112 3021 1164 καὶ
3066 1111 3094 1163 6
3142 1106 3351 1178 Πατήρ,
3384 1105 3482 1177 τὴν
3518 1120 3690 1175 μεγα-

2101 1204 2329 1275 λοσύνην
2358 1205 2453 1258 τοῦ
2480 1204 2611 1257 Υἱοῦ
2644 1206 2755 1267 τοῖς
2790 1205 2925 1257 πᾶσι
2948 1200 3189 1272 φανερὰν
3220 1199 3547 1262 ἐπιδεικνὺς,
3577 1197 3693 1251 θλί-

2100 1298 2221 1368 ψεις
2256 1296 2457 1360 πολλὰς
2502 1298 2597 1350 καὶ
2645 1294 2795 1349 κακὰ
2841 1292 3198 1366 περιέϐαλλεν
3226 1290 3394 1361 αὐτῷ,
3421 1290 3497 1353 ὡς
3530 1288 3595 1342 ἂν
3621 1289 3694 1343 τὰ

2103 1389 2246 1443 κατὰ
2290 1389 2505 1443 πάντων
2544 1388 2818 1459 ἀράμενος
2850 1386 3168 1457 νικητήρια,
3196 1382 3349 1455 παρά
3396 1383 3508 1444 τοῖς
3555 1382 3706 1433 πᾶσι,

2102 1478 2423 1551 κηρυχθείη.
2460 1478 2551 1531 Διό
2583 1493 2775 1549 φησιν’
2817 1496 2835 1527 ι
2860 1476 3223 1538 Ἑπλεόνασας
3255 1473 3357 1545 τὴν
3384 1470 3691 1543 μεγαλοσύ-

2102 1588 2201 1641 νην
2249 1588 2373 1641 μου.
2406 1569 2603 1623 »Ἀλλά
2651 1568 2789 1640 μετά
2832 1568 3006 1621 ταῦτα
3058 1568 3258 1629 πάντα,
3308 1565 3493 1635 φησὶν,
3529 1581 3548 1614 ι
3578 1564 3704 1616 επι-

2105 1662 2343 1734 στρέψας
2374 1660 2755 1733 παρεκάλεσάς
2788 1677 2876 1731 με.
2910 1679 2931 1712 ι
2962 1658 3086 1721 Πῶς
3116 1657 3173 1710 δὲ
3204 1654 3578 1727 παρεκάλεσεν
3600 1655 3694 1707 αύ-

2104 1756 2217 1823 τὸν,
2244 1754 2591 1827 προεδίδαξεν
2639 1753 2901 1823 ἀνωτέρω
2936 1750 3134 1805 εἰπών·
3169 1769 3187 1801 ι
3212 1750 3324 1802 Καὶ
3356 1745 3692 1817 ἐπιστρέψας

416 1857 526 1905 me,
557 1850 611 1897 et
632 1843 699 1898 de
730 1844 944 1915 abyssis
968 1853 1130 1901 terra:
1155 1847 1353 1902 iterum
1381 1847 1651 1903 reduxisti
1678 1865 1783 1904 me.
1820 1870 1840 1901 ι
1874 1848 1994 1905 Ηαδε

2101 1848 2475 1919 ὲζωοποίησάς
2506 1866 2598 1919 με,
2629 1848 2722 1901 καὶ
2755 1850 2819 1900 ὲκ
2850 1846 2959 1898 τῶν
2988 1844 3241 1898 ἀϐύσσων
3268 1841 3369 1911 τῆς
3394 1840 3498 1911 γῆς
3530 1839 3703 1895 πάλιν.

417 1934 618 2005 quippe
655 1937 962 1993 consoiatio
997 1946 1136 2003 erat,
1171 1954 1335 2009 quam
1368 1940 1668 2011 Apostolus
1699 1940 1997 1997 hisdecla-

414 2039 596 2083 ravnt:
632 2048 649 2077 ι
679 2028 908 2100 Propter
941 2030 1089 2101 quod
1137 2040 1191 2086 et
1231 2031 1377 2087 Deus
1409 2027 1673 2088 exaltavit
1720 2034 1902 2097 illum,
1944 2042 1999 2088 et

415 2120 565 2177 dedit
596 2121 674 2174 illi
706 2137 927 2184 nomen,
956 2122 1106 2193 quod
1150 2130 1236 2178 est
1272 2140 1437 2195 super
1467 2140 1629 2180 omne
1661 2140 1898 2190 nomen;
1934 2133 1998 2179 ut

414 2212 476 2271 in
516 2213 737 2267 nomine
778 2211 909 2268 Jesu
958 2229 1121 2269 omne
1171 2230 1314 2285 genu
1362 2215 1615 2271 ﬂectatur
1662 2219 1993 2283 cmlestium,

413 2307 760 2363 terrestrium
790 2316 843 2362 et
875 2305 1216 2364 infernarum
1244 2308 1285 2362 ⁸.
1320 2328 1339 2360 ι

484 2489 653 2547 Vens.
679 2492 877 2551 22-24.
922 2512 941 2545 ‹
972 2491 1109 2548 Nam
1140 2501 1195 2549 et
1224 2509 1324 2565 ego
1352 2494 1655 2551 conﬁtebor
1684 2496 1782 2551 tibi
1813 2497 1868 2551 in
1895 2510 1991 2551 va-

413 2584 494 2639 sis
525 2584 725 2654 psalmi
754 2586 1042 2641 veritatem
1079 2593 1250 2640 tuam.
1284 2605 1303 2636 »
1337 2584 1419 2639 Tu
1446 2587 1578 2641 mihi
1610 2586 1831 2657 quidem
1856 2588 1993 2653 hac,

412 2676 596 2741 Pater,
646 2678 951 2748 praebuisti,
1002 2679 1201 2749 inquit.
1254 2676 1385 2735 Post
1423 2681 1626 2737 multas
1676 2682 1823 2737 enim
1874 2682 1995 2737 illas

412 2769 821 2836 tribulationes,
858 2782 983 2842 post
1014 2775 1276 2843 praedicta
1321 2776 1488 2839 mala,
1528 2793 1546 2826 ι
1576 2790 1883 2833 conversus
1914 2779 1997 2832 vi-

411 2862 645 2918 vilicasti
682 2879 791 2929 me,
827 2872 882 2918 et
909 2864 977 2920 de
1010 2866 1226 2935 abyssis
1276 2878 1435 2922 terra:
1478 2867 1679 2923 iterum
1729 2870 1994 2925 reduxisti

412 2968 522 3020 me,
556 2973 577 3006 ι
606 2962 661 3009 et
695 2956 1017 3013 consolatus
1080 2973 1168 3013 me
1201 2974 1284 3022 es,
1334 2959 1709 3029 multiplicans
1747 2960 1996 3032 magniﬁ-

412 3034 651 3099 centiam
686 3061 883 3101 meam.
922 3046 1036 3118 Ego
1065 3063 1192 3104 vero
1223 3064 1323 3120 pro
1352 3050 1570 3106 collatis
1611 3050 1709 3107 abs
1759 3060 1811 3106 te
1860 3052 1994 3106 mihi

413 3137 696 3193 beneﬁciis
725 3139 901 3194 vicem
936 3140 1262 3212 rependens,
1298 3159 1316 3192 ι
1346 3142 1648 3198 conﬁtebor
1679 3143 1776 3198 tibi
1806 3145 1861 3198 in
1900 3159 1997 3197 va-

415 3229 494 3285 sis
551 3230 788 3300 psalmi:
823 3251 843 3283 ι
873 3246 998 3286 nam
1031 3249 1050 3283 ι
1084 3233 1213 3302 quid
1269 3234 1566 3289 retribuam
1610 3233 1843 3289 Domino
1895 3250 1995 3304 pro

414 3324 671 3381 omnibus
701 3341 824 3397 qua:
858 3328 1117 3383 retribuit
1143 3328 1276 3382 mihi
1302 3328 1365 3381 τί
1394 3350 1415 3381 ›
1453 3328 1567 3384 1ωο
1598 3345 1729 3385 vero
1763 3347 1997 3402 appara‘

414 3418 490 3473 tis
519 3418 667 3473 vasis
709 3418 806 3474 tibi
851 3422 1307 3492 congruentibus,
1351 3424 1808 3494 concinnatisqne
1844 3426 1993 3495 psal-

414 3508 611 3564 modiae
647 3510 1033 3569 instrumentis
1077 3521 1132 3569 te
1177 3514 1378 3585 dignis,
1420 3531 1518 3586 per
1568 3516 1684 3571 [nec
1710 3518 1994 3573 veritatem

414 3611 564 3657 tuam
593 3604 829 3659 cantabo
853 3604 975 3671 tibi,
1004 3606 1253 3677 talesque
1276 3608 1528 3663 excitabo
1549 3609 1814 3675 citharas,
1836 3612 1994 3682 queis

414 3693 555 3748 labia
585 3711 705 3750 mea
737 3697 1112 3764 exsultabunt,
1152 3715 1367 3755 necnon
1403 3720 1420 3751 ι
1454 3700 1639 3755 anima
1676 3718 1797 3757 mea
1828 3719 1992 3773 quam

413 3782 717 3849 redemisti,
751 3804 770 3837 ι
805 3786 1074 3843 reducens
1099 3803 1219 3843 eam
1261 3789 1329 3844 de
1360 3789 1576 3861 abyssis
1617 3799 1798 3857 terra},
1828 3800 1883 3846 et
1912 3793 1995 3846 vi-

411 3874 642 3930 viﬁcans
674 3891 796 3931 eam
840 3884 1126 3949 postquam
1168 3888 1401 3935 mortem
1444 3883 1811 3937 sustinuerat.
1844 3880 1991 3938 Vasa

412 3974 592 4022 autem
634 3976 688 4023 et
733 3970 1096 4025 instrumenta
1136 3970 1247 4026 Deo
1279 3980 1457 4043 grata,
1481 3973 1684 4043 quibus
1723 3974 1997 4046 hodieque

409 4059 664 4115 Christus
696 4059 790 4116 Dei
820 4076 917 4132 per
947 4070 1121 4117 totum
1154 4065 1344 4119 orbem
1374 4067 1641 4136 psalmos,
1676 4048 1910 4139 hymnos
1936 4076 1993 4123 et

411 4153 603 4208 laudes
636 4152 784 4207 Patri
811 4156 1029 4221 emittit,
1063 4172 1185 4227 quae
1206 4158 1413 4213 dixeris
1442 4175 1586 4225 esse,
1618 4161 1726 4215 nisi
1761 4163 1991 4233 populos

411 4241 467 4296 in
499 4242 733 4313 singulis
767 4243 1029 4299 Ecclesiis
1055 4248 1469 4303 consistentes?
1502 4266 1738 4320 quorum
1779 4252 1991 4308 animas

410 4350 752 4406 componens
777 4336 873 4393 Dei
904 4337 1166 4402 Verbum,
1198 4340 1458 4411 ipsasque
1503 4358 1614 4397 uno
1654 4345 1992 4414 symphonia:

409 4434 465 4481 et
513 4427 817 4483 harmoniae
872 4430 1089 4486 vinculo
1146 4430 1297 4487 Patri
1351 4434 1642 4505 colligans,
1698 4436 1988 4492 amabilem

407 4519 739 4590 dulcemque
796 4523 1226 4578 modulationem
1283 4526 1502 4580 emittit.
1570 4525 1628 4580 Si
1683 4528 1809 4597 quis
1860 4544 1990 4599 ergo

410 4614 580 4667 animi
619 4614 817 4683 gratia,
848 4614 1214 4670 instrumenta
1254 4616 1345 4670 illa
1379 4615 1694 4671 Iudaeorum
1719 4625 1988 4683 veterum,

410 4704 726 4759 inanimatis
750 4720 817 4759 ex
853 4705 1077 4761 chordis
1112 4708 1368 4772 conﬂata,
1406 4723 1471 4763 ac
1503 4726 1613 4763 non
1645 4710 1989 4763 articulatam

407 4811 599 4852 vocem
624 4797 977 4867 proferentia,
1012 4814 1137 4853 cum
1173 4800 1393 4871 hymnis
1427 4802 1482 4855 in
1511 4801 1716 4857 Christi
1747 4800 1991 4857 Ecclesia

408 4904 439 4943 a
480 4891 899 4947 rationabilibus
934 4891 1225 4946 animabus
1257 4890 1369 4947 Deo
1396 4893 1623 4950 emissis
1651 4895 1985 4961 contulerit;

407 4981 547 5035 nihil
578 4981 633 5036 in
682 4982 769 5037 his
802 4982 983 5039 simile
1012 4982 1405 5053 deprehendet.
1439 4983 1646 5050 Quovis
1689 4985 1835 5040 enim
1871 5000 1990 5041 cor-

408 5087 576 5141 poreo
605 5075 864 5143 psalterio
894 5076 1244 5144 praestantior
1275 5082 1361 5131 est
1393 5077 1708 5142 multitudo,
1740 5092 1861 5147 quae
1891 5092 1987 5146 per

407 5175 581 5219 tounn
625 5167 813 5221 orbem
846 5182 958 5222 uno
987 5175 1279 5234 concentu,
1310 5168 1597 5224 harmonia
1646 5186 1777 5233 una,
1814 5169 1987 5224 Denm

407 5254 502 5325 qui
532 5270 697 5327 super
730 5259 911 5311 omnia
941 5266 1026 5314 est
1056 5259 1317 5314 celebrat.
1351 5258 1524 5330 Cujus
1555 5260 1862 5316 ministerio
1892 5259 1986 5313 Fi-

408 5350 519 5405 lius
564 5366 623 5405 se
654 5348 803 5405 Patri
855 5353 1087 5422 psallere
1123 5354 1417 5409 conﬁtetur
1448 5356 1639 5410 dicens
1666 5375 1677 5409 :
1714 5374 1734 5405 ι
1766 5354 1899 5407 Nam
1931 5361 1987 5409 et

407 5456 510 5512 ego
539 5443 840 5499 conﬁtebor
873 5445 970 5498 tibi
1002 5446 1058 5500 in
1088 5448 1233 5502 vasis
1261 5448 1459 5517 psalmi
1487 5448 1773 5503 veritatem
1807 5455 1980 5512 tuam,

407 5530 571 5587 Deus.
608 5554 628 5585 ι
664 5533 786 5590 Νοη
815 5537 959 5591 ultra
997 5539 1143 5593 enim
1175 5539 1400 5609 ﬁguras,
1433 5556 1545 5596 non
1578 5541 1826 5605 umbras,
1875 5557 1987 5596 non

407 5626 655 5695 symbola
690 5629 873 5695 qualia
905 5631 1047 5700 apud
1079 5630 1319 5702 Moysem
1352 5643 1530 5697 erant,
1577 5634 1672 5691 sed
1702 5634 1986 5691 veritatem

514 5812 527 5835 '
564 5806 762 5882 Philip.
792 5825 851 5877 ιι,
884 5811 916 5865 9
998 5814 1017 5845 ⁷
1042 5812 1183 5869 Ρςειι.
1218 5829 1341 5882 cxv,
1380 5815 1467 5872 l2.

2099 1942 2376 2013 ἀνήγαγές
2406 1958 2495 2012 με.
2526 1961 2543 1993 ι
2575 1941 2724 2011 Αῦτη
2753 1940 2861 2011 γάρ
2891 1934 2958 2011 ἦν
3002 1940 3036 2009 ή
3083 1935 3449 2007 παράκλησις,
3480 1934 3547 2006 ἣν
3593 1934 3690 1987 καὶ

2098 2035 2132 2087 6
2164 2034 2485 2098 Ἀπόστολος
2529 2034 2876 2105 παρέστησεν
2922 2029 3123 2085 εἰπών·
3173 2049 3190 2080 ι
3223 2027 3313 2081 Διὸ
3348 2029 3444 2082 καὶ
3488 2029 3515 2080 6
3558 2026 3704 2091 Θεὸς·

2100 2124 2459 2196 ὑπερύψωσεν
2513 2124 2696 2186 αὑτὸν,
2731 2122 2826 2176 καὶ
2876 2120 3171 2191 ἐχαρίσατο
3218 2117 3367 2188 αὐτῷ
3404 2116 3596 2187 ὄνομα,
3628 2115 3694 2169 τὸ

2098 2217 2235 2289 ὑπὲρ
2265 2218 2374 2270 πᾶν
2402 2216 2573 2287 ὄνομα
2593 2233 2606 2246 ·
2639 2218 2726 2270 ἵνα
2758 2218 2815 2270 ὲν
2846 2216 2925 2286 τῷ
2950 2216 3175 2285 ὀνόματι
3219 2211 3394 2283 Ἰησοῦ
3424 2213 3532 2264 πᾶν
3558 2212 3687 2279 γόνυ

2098 2308 2314 2381 κάμψῃ,
2371 2307 2736 2377 ἐπουρανίων,
2773 2307 2871 2361 καὶ
2924 2304 3207 2373 ἐπιγείων,
3266 2303 3361 2356 καὶ
3421 2299 3691 2371 καταχθο-

2098 2400 2248 2453 νίων.
2282 2420 2301 2452 ι

2172 2511 2191 2543 ι
2215 2492 2326 2544 Καὶ
2351 2492 2458 2562 γὰρ
2484 2491 2593 2560 ἐγὼ
2616 2491 3087 2563 ὲξομολογήσομαί
3120 2507 3201 2543 σοι
3234 2490 3293 2542 ὲν
3322 2489 3539 2545 σκεύεσι
3559 2486 3690 2558 ψαλ-

2101 2586 2202 2657 μοῦ
2231 2589 2330 2657 τὴν
2363 2585 2620 2657 ἀλήθειάν
2655 2602 2771 2638 σου.
2804 2604 2825 2636 ι
2863 2585 2935 2637 Σὺ
2975 2583 3073 2655 μὲν
3116 2583 3241 2654 ἐμοὶ
3275 2581 3469 2647 ταῦτα,
3501 2581 3699 2650 φησὶν..

2097 2671 2142 2729 ὦ
2184 2676 2386 2749 Πάτερ,
2421 2676 2732 2748 παρέσχου’
2774 2675 2911 2746 μετὰ
2953 2675 3062 2747 γὰρ
3095 2674 3196 2739 τὰς
3245 2674 3445 2738 πολλὰς
3479 2672 3689 2743 θλίψεις

2098 2773 2192 2826 καὶ
2236 2772 2304 2826 τά
2352 2770 2653 2841 λελεγμένα
2693 2770 2843 2825 κακά
2881 2790 2899 2822 ι
2932 2768 3269 2840 ἐπιστρέψας
3314 2765 3699 2838 ὲζωοποίησάς

2102 2884 2188 2937 με,
2215 2866 2310 2919 καὶ
2335 2869 2398 2919 ὲκ
2419 2864 2526 2917 τῶν
2550 2864 2804 2919 ἀϐύσσων
2826 2865 2924 2936 τῆς
2947 2864 3051 2934 γῆς
3081 2862 3242 2917 πάλιν
3264 2860 3537 2931 ἀνήγαγές
3561 2877 3685 2931 με,›

2099 2960 2194 3012 καὶ
2242 2957 2625 3030 παρεκάλεσάς
2672 2975 2761 3029 με,
2812 2956 3116 3020 πλεονάσας
3163 2956 3263 3028 τὴν
3314 2954 3689 3027 μεγαλοσύνην

2102 3068 2202 3122 μου
2223 3066 2237 3079 ⁸
2269 3049 2424 3117 κάγὼ
2454 3050 2532 3115 δὲ,
2562 3049 2933 3121 ἀμειϐόμενος.
2958 3049 3059 3113 τάς
3087 3052 3167 3113 εἰς
3201 3048 3301 3120 ἐμέ
3336 3065 3431 3101 σου
3462 3049 3686 3119 εὐεργε-

2103 3145 2245 3209 σίας,
2284 3162 2302 3194 ι
2350 3141 2819 3214 ἐξομολογησομαί
2861 3160 2944 3195 σοι
2986 3144 3044 3195 ὲν
3084 3142 3302 3195 σκεύεσι
3339 3139 3589 3212 ψαλμοῦ⁸
3632 3139 3688 3191 τί

2100 3235 2207 3308 γάρ
2232 3228 2602 3290 ἀνταποδῶσω
2635 3234 2713 3305 τῷ
2730 3234 2921 3307 Κυρίῳ
2946 3235 3077 3307 περῖ
3102 3235 3319 3289 πάντων
3354 3227 3429 3287 ὧν
3448 3233 3688 3287 ἀνταπέ-

2096 3326 2238 3380 δωκέ
2271 3344 2394 3398 μοις
2426 3345 2446 3379 ι
2467 3326 2627 3380 Ἀλλά
2649 3327 2759 3398 γὰρ
2779 3328 2848 3381 τά
2872 3343 2952 3380 σοι
2984 3326 3263 3397 πρέποντα
3293 3325 3461 3397 σκεύη
3487 3341 3690 3395 καταρ-

2096 3417 2401 3489 τιζόμενος,
2426 3418 2635 3488 ὄργανά
2655 3417 2715 3470 τέ
2744 3434 2835 3470 σου
2859 3418 2984 3483 ἀξια
3003 3417 3319 3489 ψαλμῳδίας
3349 3416 3691 3469 κατασκευά-

2099 3526 2219 3573 σας,
2251 3508 2319 3562 δι’
2347 3508 2526 3562 αὐτῶν
2553 3509 2653 3581 τήν
2680 3507 2935 3579 ἀλήθειάν
2959 3525 3052 3561 σου
3072 3506 3228 3577 ψαλῶ
3252 3524 3355 3571 σοι,
3390 3506 3481 3559 καὶ
3510 3505 3699 3559 τοιαύ--

2094 3619 2195 3666 τας
2228 3620 2311 3656 σοι
2344 3601 2576 3673 κιθάρας
2599 3604 2909 3674 ἀναστήσω,
2936 3601 3001 3655 δι’
3033 3594 3109 3655 ὧν
3138 3601 3205 3654 τὰ
3225 3599 3376 3671 χείλη
3403 3617 3503 3671 μου
3525 3598 3688 3667 ἀγαλ-

2095 3694 2362 3757 λιάσεται,
2393 3694 2529 3748 ἀλλά
2577 3695 2673 3749 καὶ
2722 3697 2799 3766 «ή
2845 3694 2993 3765 ψυχή
3048 3693 3261 3766 μου,ήν
3306 3690 3616 3763 ὲλυτρὼσω,
3659 3710 3679 3743 ι

2095 3786 2434 3849 ἀναϐιϐάσας
2462 3786 2631 3858 αὐτὴν
2653 3788 2717 3840 ὲκ
2738 3785 2846 3838 τῶν
2874 3785 3128 3840 ἀϐύσσων
3154 3784 3255 3854 τῆς
3288 3782 3414 3853 γῆς,
3440 3783 3532 3836 καὶ
3557 3782 3697 3846 ζωοο»

2098 3879 2331 3949 ποιήσας
2363 3878 2534 3951 αὐτὴν
2582 3877 2703 3949 μεθ’
2735 3878 2793 3931 ὃν
2828 3878 3086 3948 ὑπέμεινε
3127 3876 3377 3932 θάνατον.
3408 3876 3584 3947 Σκεύη
3624 3876 3683 3930 δὲ

2094 3971 2189 4025 καὶ
2236 3971 2442 4043 ὄργανα
2482 3970 2561 4042 τῷ
2608 3971 2725 4042 Θεῷ
2770 3970 3163 4041 κεχαρισμένα,
3190 3969 3257 4022 δι’
3286 3962 3361 4023 ὧν
3386 3970 3554 4023 εἰσέτι
3586 3970 3684 4023 καὶ

2095 4063 2190 4117 νῦν
2239 4066 2269 4117 6
2314 4064 2550 4135 Χριστὸς
2596 4064 2688 4119 τοῦ
2738 4062 2873 4117 Θεοῦ
2922 4063 3042 4117 καθ’
3076 4062 3205 4135 ὅλης
3234 4063 3333 4135 τῆς
3357 4063 3683 4135 οἰκουμένης

2092 4154 2413 4227 ψαλμῳδίας
2439 4156 2754 4227 ἀναπέμπει
2789 4174 2882 4209 και
2911 4154 3113 4226 ῦμνους
3144 4155 3239 4208 καὶ
3262 4154 3442 4219 αἴνους
3476 4154 3551 4224 τῷ
3577 4154 3705 4206 Παεέ

2093 4249 2203 4320 τρὶ,
2229 4250 2381 4313 τίνας
2418 4249 2483 4303 ἂν
2516 4249 2690 4312 εἴποις
2713 4249 2746 4320 ἢ
2770 4250 2896 4312 τοὺς
2930 4249 3051 4302 καθ’
3075 4249 3310 4319 ἑκάστην
3358 4247 3691 4319 Ἐκκλησίαν-

2093 4340 2290 4406 λαούς;
2314 4335 2412 4393 Ὧν
2462 4340 2561 4403 τὰς
2603 4338 2781 4409 ψυχάς
2832 4340 3111 4403 συντείνας
3138 4342 3167 4393 6
3193 4339 3286 4391 τοῦ
3319 4337 3454 4392 Θεοῦ
3487 4338 3679 4406 Λόγος,

2095 4435 2385 4504 συμφωνίᾳ
2410 4450 2470 4486 τε
2504 4433 2597 4485 καὶ
2639 4432 2873 4504 ἁρμονίᾳ
2903 4434 3000 4504 μιᾷ
3032 4432 3429 4503 συνδησάμενος
3456 4430 3533 4501 τῷ
3568 4432 3681 4485 Πα-

2094 4527 2203 4598 τρὶ,
2241 4525 2514 4599 προσφιλῆ
2563 4525 2657 4579 καὶ
2708 4527 2891 4597 ἡδεῖαν
2937 4526 3251 4597 ἀναπέμπει
3303 4524 3586 4596 μελῳδίαν.
3614 4523 3682 4578 Ei.

2095 4620 2226 4689 γοῦν
2267 4637 2353 4683 τις
2397 4619 2472 4682 ὡς
2503 4620 2566 4671 ἐν
2595 4618 2895 4690 παραθέσει
2930 4618 3216 4690 σύγκρισιν
3259 4620 3532 4689 ποιήσοιτο
3571 4616 3681 4669 τῶν

2094 4712 2262 4765 πάλαι
2312 4712 2463 4782 παρᾶ
2501 4712 2771 4775 Ἰουδαίοις
2800 4713 3127 4783 σωματικῶν
3174 4711 3420 4783 ὀργάνων
3449 4710 3508 4775 ἐξ
3536 4710 3679 4779 ἀψύ-

2093 4822 2203 4875 χων
2255 4804 2459 4876 χορδῶν
2510 4804 3053 4875 κατεσκευασμένων,
3087 4806 3270 4875 φωνήν
3307 4822 3365 4857 τε
3409 4802 3680 4875 ἄναρθρον

2096 4896 2454 4967 ὲξηχούντων,
2484 4897 2578 4950 καὶ
2606 4896 2715 4949 τῶν
2740 4898 2798 4950 ὲν
2824 4900 2888 4969 τῇ
2920 4896 3156 4967 Χριστοῦ
3193 4895 3488 4967 Ἐκκλησία
3504 4896 3567 4948 ὲκ
3591 4894 3682 4947 λο-

2095 4991 2274 5059 γικῶν
2294 4990 2481 5062 ψυχῶν
2513 4989 2993 5061 ἀναπεμπομένων.
3019 4988 3202 5059 ὕμνων
3236 4987 3315 5059 τῷ
3347 4987 3486 5058 Θεῷ,
3527 4986 3681 5039 οὐδὲν

2093 5080 2160 5135 ἂν
2210 5082 2363 5153 εὖροι
2402 5085 2604 5154 ὅμοιον.
2641 5082 2848 5146 Παντὸς
2889 5080 2998 5153 γὰρ
3040 5082 3323 5153 κρείττονα
3364 5078 3678 5151 σωματικοῦ

2092 5172 2393 5245 ψαλτηρίου
2440 5176 2699 5246 τυγχάνει
2748 5174 2817 5228 τὰ
2864 5174 3043 5245 πλήθη
3069 5174 3138 5227 τά
3169 5172 3287 5226 καθ’
3315 5172 3443 5242 ὅλης
3473 5171 3571 5240 τῆς
3600 5172 3675 5223 oi-

2095 5264 2369 5334 κουμένης
2398 5267 2687 5337 συμφωνίᾳ
2717 5269 2814 5336 μιᾷ
2836 5267 2929 5319 καί⁵
2957 5265 3192 5338 ἁρμονίᾳ
3222 5265 3311 5319 τὸν
3343 5265 3435 5317 ἐπὶ
3461 5264 3679 5317 πάντων

2094 5358 2225 5412 Θεὸν
2260 5359 2551 5431 ὑμνοῦντα,
2586 5361 2652 5414 δι’
2671 5353 2746 5413 ὧν
2774 5362 2802 5414 6
2831 5361 2959 5422 Υἱὸς
2989 5378 3067 5430 τῳ
3090 5361 3266 5430 Πατρί⁵
3295 5357 3515 5427 ψάλλειν
3542 5357 3676 5426 ὁμο-

2089 5448 2239 5521 λογεί
2272 5452 2529 5521 φάσκωψ
2566 5473 2583 5504 ι
2612 5455 2724 5507 Καὶ
2775 5454 2885 5525 γὰρ
2932 5454 3042 5518 ἐγὼ
3085 5450 3548 5523 ἐξομολογησομαί
3593 5467 3678 5503 σοι

2090 5543 2150 5595 ὲν
2178 5543 2397 5598 σκεύεσι
2420 5544 2633 5617 ψαλμοῦ
2661 5546 2759 5615 τήν
2790 5546 3047 5617 ἀλήθειάν
3073 5562 3193 5608 σου,
3218 5545 3247 5602 6
3271 5542 3455 5606 Θεὸς.»
3477 5541 3677 5595 Οὐκέτι

2090 5635 2201 5709 γὰρ
2227 5636 2451 5703 τύπους,
2469 5637 2588 5692 οὐδὲ
2623 5638 2779 5703 σκιὰς
2809 5638 2900 5694 καὶ
2930 5639 2991 5691 σύ
3002 5630 3300 5709 μϐολα,οἴα
3326 5630 3394 5707 ἦν
3422 5632 3491 5689 τὰ
3523 5632 3676 5705 παρά
