4128 6392
445 401 548 459 789

1579 395 2088 457 COMMENTARIA
2122 392 2189 448 IN
2229 393 2569 450 PSALMOS.

3611 400 3712 454 790

443 520 686 583 Μωῦσεῖ,
713 520 812 590 τὴν
863 519 920 571 δὲ
966 519 1224 591 ἀλήθειαν
1265 520 1364 592 τὴν
1416 520 1514 592 σὴν
1546 523 1884 593 παραστήσω
1913 520 2025 580 τοῖς

2131 523 2278 568 luam
2312 513 2628 568 hominibus
2662 510 2976 577 declarabo,
3005 519 3060 566 et
3096 530 3114 563 ι
3147 513 3376 581 psallam
3409 513 3507 568 tibi
3543 513 3598 567 in
3634 515 3715 567 ci-

441 610 768 681 ἀνθρώποις,
793 613 886 665 καὶ
935 630 953 663 ι
979 612 1134 681 ψαλῶ
1185 630 1266 666 σοι
1311 614 1369 666 ὲν
1415 613 1638 685 κιθάρᾳ,
1667 617 1695 667 ὁ
1735 615 1886 683 ἅγιος
1929 611 2022 666 τοῦ

455 706 704 776 Ἰσραήλ’
737 726 755 757 ι
794 705 828 777 ἢ
861 707 1003 760 κατά
1040 707 1132 760 τὸν
1173 707 1422 772 Ἀκύλαν,
1464 728 1481 760 ι
1509 709 1818 780 Μελῳδήσω
1852 726 1932 762 σοι
1967 711 2024 762 ὲν

440 797 662 870 κιθάρᾳ,
696 799 816 867 ἆγιε
861 799 1094 870 Ἰσραήλ.
1135 819 1152 851 ι
1174 799 1333 853 Ἀλλά
1365 801 1460 854 καὶ
1495 820 1513 852 ι
1541 802 1926 870 ἀγαλλιάσεται
1954 800 2025 855 τὰ

439 890 591 961 χείλη
628 909 753 961 μου,
779 892 906 944 ὅταν
936 891 1090 960 ψαλῶ
1125 909 1207 945 σοι
1231 911 1243 922 ·
1279 912 1296 945 ι
1327 892 1360 964 ἢ
1395 893 1536 946 κατά
1568 894 1660 946 τὸν
1703 893 2019 965 Σύμμαχον,

445 1003 465 1034 ι
493 983 816 1054 Εύφημήσει
850 983 917 1036 τὰ
948 985 1102 1054 χείλη
1143 1003 1266 1055 μου,
1303 985 1430 1038 ὅταν
1471 985 1765 1056 μελῳδήσω
1794 1003 1895 1049 σοι,
1928 986 2022 1039 καί¹

439 1078 474 1144 ἠ
499 1074 644 1146 ψυχή
678 1093 801 1145 μου,
831 1075 896 1146 ἢν
928 1076 1369 1148 ὲλυτρὼσω.”Ετι
1397 1077 1452 1128 δὲ
1486 1079 1633 1147 καὶὴ
1668 1077 1888 1146 γλῶσσά
1919 1093 2019 1146 μου

444 1164 735 1234 μελητήσει
778 1165 906 1234 ὅλην
949 1167 1048 1238 τὴν
1091 1167 1304 1238 ἡμέραν
1344 1166 1440 1238 τὴν
1473 1166 1820 1236 δικαιοσύνην
1848 1183 1960 1220 σου.
1997 1187 2015 1218 ι

440 1255 607 1327 Χείλη
635 1256 690 1308 δὲ
724 1257 817 1309 καὶ
846 1257 1097 1326 γλῶσσαν
1124 1257 1289 1310 αὐτοῦ
1318 1257 1630 1328 μελετῶσαν
1675 1257 1773 1328 τὴν
1819 1258 2022 1310 δικαιο-

441 1348 608 1418 σύνην
627 1348 719 1401 τοῦ
747 1350 961 1422 Πατρὺς
990 1351 1088 1402 ούκ
1127 1349 1191 1404 ἂν
1234 1350 1498 1420 ἁμάρτοις
1534 1349 1701 1403 εἰπὼν
1725 1351 1849 1414 τοὺς
1875 1353 1930 1403 ἐν
1956 1353 2019 1422 τῇ

452 1439 746 1514 Ἐκκλησία
774 1443 936 1495 αὐτοῦ
964 1444 1193 1513 ἀσκήσει
1211 1443 1367 1497 θείων
1392 1443 1564 1511 λόγων
1589 1443 1815 1507 ἑαυτοὺς
1839 1445 2025 1497 ἀνατε-

440 1532 709 1596 θεικότας.
755 1536 864 1587 Καὶ
908 1535 1079 1589 ταῦτα
1128 1536 1323 1600 πάντα,
1371 1536 1524 1605 φησὶ,
1575 1537 1803 1606 ποιήσω,
1849 1554 1866 1585 ι
1896 1535 2022 1588 ὅταν

439 1626 767 1696 αἰσχυνθῶσι
816 1629 910 1680 καὶ
957 1629 1298 1700 ἑντραπῶσιν
1348 1630 1398 1681 οἰ
1447 1628 1734 1699 ζητοῦντες
1775 1629 1843 1681 τά
1876 1628 2023 1682 κακά

441 1737 559 1789 μοι⁹
594 1739 612 1770 ι
646 1720 678 1790 ἢ
708 1719 847 1773 κατὰ
873 1721 963 1773 τὸν
989 1721 1304 1792 Σύμμαχον,
1347 1722 1503 1773 «Ὅτι
1547 1721 2019 1794 κατῃσχύνθησαν,

435 1812 471 1883 ἢ
505 1813 586 1865 ὅτι
616 1813 989 1884 ἀπωρύγησαν
1018 1815 1066 1867 οἰ
1100 1813 1388 1886 ζητοῦντες
1420 1813 1518 1886 τὴν
1547 1814 1788 1868 κάκωσίν
1825 1833 1924 1884 μου
1946 1832 1958 1844 ·
1999 1834 2015 1866 ι

2133 608 2311 668 thara,
2356 613 2583 662 sanctus
2628 604 2815 660 Israel.
2851 624 2870 657 ι
2917 605 3042 661 Sive
3081 607 3383 661 secundum
3435 606 3709 677 Aquilam,

2138 718 2157 750 ι
2189 697 2514 752 Modulabor
2559 698 2659 751 tibi
2711 697 2764 750 in
2806 697 3038 762 cithara,
3087 705 3276 753 sancte
3311 697 3502 753 Israel.
3543 719 3561 750 ι
3603 696 3710 753 Sed

2130 789 2296 845 etiam
2359 789 2762 844 «exsultabunt
2823 789 2968 844 labia
3029 806 3183 855 mea,
3237 805 3361 843 cum
3420 798 3712 844 cantavero

2131 882 2263 950 tibi;
2299 904 2314 935 ι
2351 883 2468 937 sive
2500 881 2802 937 secundum
2836 881 3246 953 Symmachum,
3282 900 3300 932 ι
3333 881 3704 936 Celebrabunt

2131 970 2274 1025 labia
2324 986 2443 1025 mea
2495 985 2620 1024 cum
2676 969 3000 1024 modulabor
3050 971 3168 1036 tibi,
3225 979 3280 1026 et
3335 970 3516 1024 anima
3568 986 3708 1035 mea,

2130 1075 2296 1131 quam
2327 1059 2628 1114 redemisti.
2664 1058 2771 1113 Sed
2801 1065 2855 1113 et
2898 1059 3080 1129 lingua
3111 1075 3229 1114 mea
3264 1066 3378 1113 tota
3404 1059 3493 1114 die
3535 1060 3710 1115 medi-

2130 1152 2338 1207 tabitur
2365 1150 2634 1220 justitiam
2680 1158 2853 1204 tuam.
2886 1169 2904 1202 ι
2944 1149 3109 1204 Labia
3155 1158 3335 1204 autem
3371 1161 3425 1205 et
3469 1152 3718 1221 linguam

2129 1245 2250 1316 ejus
2280 1243 2637 1298 meditantem
2674 1242 2946 1312 justitiam
2976 1241 3181 1306 Patris,
3222 1258 3332 1297 non
3367 1243 3713 1298 aberraveris

2131 1337 2178 1392 si
2213 1337 2366 1392 dicas
2399 1351 2494 1390 eos
2543 1351 2664 1390 esse
2694 1336 2787 1404 qui
2835 1335 2891 1389 in
2937 1334 3184 1391 Ecclesia
3224 1337 3400 1406 ipsius
3441 1340 3713 1392 exercita-

2131 1428 2266 1482 tioni
2299 1427 2498 1482 divina:
2534 1426 2831 1497 Scriptum
2873 1444 2995 1484 sese
3035 1438 3460 1486 consecrarunt.
3494 1429 3561 1486 Et
3593 1431 3712 1486 haec

2128 1518 2333 1584 omnia,
2368 1519 2566 1588 inquit,
2614 1518 2834 1583 faciam,
2889 1537 2908 1571 ι
2945 1535 3070 1574 cum
3124 1519 3338 1575 confusi
3383 1529 3438 1577 et
3488 1524 3711 1578 reveriti

2131 1611 2336 1666 fuerint
2368 1612 2462 1680 qui
2497 1619 2755 1680 quzerunt
2789 1611 2933 1664 mala
2975 1611 3143 1678 mihi;
3178 1631 3196 1663 ι
3239 1611 3376 1678 sive,
3406 1615 3711 1669 secundum

2133 1700 2543 1772 Symmachum,
2585 1720 2602 1752 ι
2633 1699 2770 1766 Quia
2804 1700 3022 1756 confusi
3059 1710 3210 1768 sunt,
3247 1710 3351 1756 aut-
3369 1703 3497 1774 quia
3528 1703 3711 1759 effossi

2130 1802 2260 1848 sunt
2290 1793 2382 1863 qui
2406 1799 2662 1864 quarunt
2681 1792 3027 1848 aﬂlictionem
3051 1808 3249 1858 meam,
3284 1815 3303 1847 ι
3339 1795 3476 1860 sive,
3513 1811 3713 1852 secun‘

439 1904 473 1974 ἢ
507 1904 648 1958 κατὰ
675 1905 765 1958 τὸν
797 1905 1048 1969 Ἀκύλαν,
1074 1907 1226 1960 «Ὅτι
1257 1906 1709 1978 κατῃσχύνθησαν
1730 1908 1779 1959 οἰ
1803 1906 2025 1978 ζητοῦν-

2130 1893 2258 1948 dum
2303 1892 2578 1962 Aquilam,
2638 1911 2656 1942 ‹
2687 1891 2826 1958 Quia
2879 1890 3095 1946 confusi
3141 1899 3271 1946 sunt
3317 1893 3412 1962 qui
3459 1909 3711 1963 quaerunt

439 2013 532 2059 τες
575 1999 775 2049 κακίαν
825 2015 945 2068 μου.
976 2017 993 2048 ι
1029 1998 1266 2068 Πάρεστι
1299 1998 1355 2052 δὲ
1389 1999 1481 2054 καὶ
1510 1999 1681 2052 ταῦτα
1716 1998 1860 2070 ἔργῳ
1892 2000 2029 2070 πλη-

441 2088 681 2160 ρούμενα
713 2089 968 2160 θεωρεῖν·
1011 2091 1325 2162 ἁπανταχοῦ
1360 2092 1467 2160 γὰρ
1511 2093 1614 2162 γῆς
1651 2091 1761 2144 τῶν
1800 2091 2029 2162 Ἐκκλη-

441 2181 572 2234 σιῶν
605 2181 699 2235 τοῦ
734 2185 984 2255 Σωτῆρος
1028 2184 1126 2254 τὴν
1166 2184 1510 2256 δικαιοσύνην
1537 2184 1629 2237 τοῦ
1659 2183 1792 2237 Θεοῦ
1825 2183 2027 2256 διεξερ-

438 2275 703 2345 χομένων,
731 2276 825 2330 καὶ
859 2277 1022 2330 αὑτοῦ
1064 2279 1120 2330 δὲ
1166 2277 1332 2345 σκεύη
1363 2276 1619 2346 ἐκλογῆς,
1654 2270 1742 2330 οἷα
1773 2277 2028 2348 προλέλε-

435 2385 582 2433 κται,
620 2369 713 2421 καὶ
759 2369 965 2440 ὄργανα
998 2369 1192 2439 λογικὰ
1217 2369 1295 2440 τῷ
1322 2370 1498 2442 Πατρὶ
1544 2368 2023 2440 καταρτιζομένου,

433 2461 800 2531 άνυμνοῦντός
835 2481 892 2516 τε
926 2464 1013 2517 ἀεὶ
1040 2465 1108 2517 δι’
1135 2465 1314 2518 αὐτῶν
1343 2465 1434 2518 τὸν
1481 2465 1572 2518 ἐπὶ
1621 2465 1839 2518 πάντων
1871 2466 2024 2531 Θεὸν,

434 2554 698 2625 αἰσχύνην
725 2557 1141 2627 περιϐάλλονται
1187 2559 1235 2611 οἰ
1276 2557 1463 2629 ἐχθροί
1495 2557 1659 2611 αὑτοῦ
1679 2577 1691 2588 υ
1725 2558 2027 2629 ἐνετράπη-

440 2647 539 2700 σάν
563 2665 620 2700 τε
646 2650 739 2702 καὶ
761 2650 1110 2722 ἐντρέπονται
1133 2652 1182 2703 οἰ
1218 2650 1505 2722 ζητοῦντες
1538 2650 1687 2721 αύτῷ
1723 2650 1884 2704 κακά.
1921 2645 2026 2704 Οὖ-

434 2741 594 2794 τοιδέ
618 2745 754 2794 εἰσιν
773 2745 819 2796 οἰ
843 2744 1163 2814 θηρεύοντες
1189 2744 1286 2816 μὲν
1308 2743 1488 2807 πάσας
1509 2744 1826 2815 προφάσεις,
1843 2743 2026 2815 ὕϐρεις

435 2847 496 2882 τε
526 2833 620 2885 καὶ
652 2833 922 2898 διαϐολὰς,
960 2835 1053 2887 καὶ
1088 2834 1437 2905 βλασφημίας
1472 2837 1592 2888 κατ’
1616 2832 1780 2888 αὑτοῦ
1811 2852 2026 2906 περινο-

437 2921 644 2989 οῦντες,
683 2925 952 2996 μηδεμίαν
1000 2927 1056 2980 δὲ
1090 2927 1433 2998 εὑρίσκοντες
1476 2927 1734 2980 ὑπόθεσιν
1754 2926 2023 2998 διαϐολῆς,

441 3015 576 3087 μήτε
610 3017 730 3069 κατ’
753 3017 939 3082 αὐτοῦ,
975 3019 1110 3089 μήτε
1135 3019 1236 3090 τῆς
1269 3018 1592 3090 Ἐκκλησίας
1616 3018 1801 3074 αὐτοῦ.
1821 3019 1910 3072 Διὸ
1931 3038 2027 3074 κα-

437 3108 723 3178 ταχέονται
748 3110 1010 3182 αἰσχύνην
1043 3113 1138 3163 καὶ
1171 3112 1524 3182 ὲντρέπονται
1563 3111 1700 3181 πρὸς
1735 3112 1794 3164 τὸ
1826 3113 2023 3183 μηκέτι

445 3199 611 3270 μηδὲν
659 3199 862 3270 τολμᾷν
914 3199 1164 3271 διαϐολῆς
1205 3201 1352 3266 ἄξιον
1384 3201 1682 3254 ἐπικαλεῖν.
1719 3202 1829 3254 Καὶ
1856 3200 2025 3254 ταῦτα

437 3291 620 3344 πάντα
664 3291 808 3363 ἔργῳ
857 3291 1155 3364 πληροῦται
1189 3293 1492 3363 συμφώνως
1523 3297 1588 3365 τῇ
1626 3294 1909 3366 φασκούσῃ
1938 3293 2025 3346 διὰ

435 3383 548 3436 τῶν
573 3384 950 3454 προκειμένων
981 3384 1284 3457 προφητείᾳ
1301 3403 1313 3416 ·
1353 3405 1370 3436 ι
1387 3386 1552 3439 Ὅταν
1577 3385 1906 3456 αἰσχυνθῶσι
1932 3387 2026 3438 καὶ

436 3475 782 3546 ὲντραπῶσιν
831 3477 880 3528 οἰ
934 3475 1222 3547 ζητοῦντες
1253 3477 1319 3530 τὰ
1351 3478 1497 3531 κακά
1531 3495 1640 3549 μοι.
1673 3497 1690 3528 ›
1730 3478 1861 3530 Τότε
1895 3477 2022 3548 γάρ,

439 3570 625 3638 φησὶν,
651 3570 776 3622 ὅταν
806 3570 856 3622 οἰ
885 3569 1066 3642 ἐχθροὶ
1091 3571 1575 3642 καταισχύνωνται,
1605 3568 1716 3638 ἐγὼ
1738 3569 1892 3639 ψαλῶ
1917 3587 2022 3633 σοι,

437 3661 535 3714 καὶ
568 3660 1033 3735 ἐξομολογησομαί
1083 3681 1164 3716 σοι
1211 3663 1288 3734 τῷ
1333 3663 1570 3734 ἐμαυτοῦ
1620 3663 1940 3735 Πατρί.Ἕτι
1968 3663 2026 3715 δὲ

438 3755 536 3806 καὶ
575 3773 592 3806 ι
623 3757 656 3826 ἡ
695 3755 918 3823 γλῶσσά
955 3775 1054 3827 μου
1089 3757 1217 3827 ὅλην
1246 3756 1345 3827 τὴν
1374 3757 1588 3828 ἡμέραν
1614 3755 2025 3828 μελητήσειτὴν

437 3843 785 3916 δικαιοσύνην
822 3863 936 3900 σου.
968 3863 987 3897 ι

874 3957 981 4011 ΕΙΣ
1011 3959 1428 4012 ΣΟΛΟΜΩΝΤΑ
1467 3960 1589 4013 ΟΑ’.

521 4069 540 4103 ι
563 4051 620 4103 Ὀ
652 4051 878 4115 Θεὸς,τὸ
911 4051 1086 4123 κρίμα
1118 4069 1211 4104 σου
1244 4051 1319 4121 τῷ
1354 4051 1561 4120 βασιλεῖ
1591 4050 1699 4114 δός.
1731 4071 1750 4103 ι
1770 4052 1832 4105 Οἱ
1852 4051 2026 4106 λοιποὶ

438 4143 538 4198 τοῦ
578 4164 596 4196 ι
634 4144 981 4216 Σολομῶντος
1024 4164 1042 4195 ι
1081 4145 1614 4214 ἡρμήνευσαν.⁹Εστι
1640 4145 1696 4197 δὲ
1725 4146 1817 4197 καὶ
1842 4145 2027 4216 ἕτερος

439 4234 538 4289 τοῦ
574 4235 736 4289 αὐτοῦ
771 4237 828 4288 ὲν
858 4238 978 4299 ταῖς
1008 4236 1173 4307 ᾠδαῖς
1207 4234 1313 4288 τῶν
1341 4235 1692 4306 ἀναϐαθμῶν,
1720 4230 1780 4289 οὗ
1805 4239 1836 4307 ἡ
1858 4237 2021 4309 ἀρχή·

446 4347 469 4379 c
494 4328 616 4381 Ἐὰν
653 4328 728 4398 μὴ
765 4327 966 4397 Κύριος
1013 4327 1342 4399 οἰκοδομήσῃ
1388 4323 1553 4392 οἷκον,
1589 4328 1669 4392 εἰς
1702 4328 1876 4398 μάτην
1908 4331 2028 4382 ἐκο-

441 4421 648 4474 πίασαν
680 4422 727 4472 οἱ
749 4418 1157 4489 οἰκοδομοῦντες
1187 4419 1368 4474 αὐτόν.
1400 4439 1418 4470 ›
1440 4421 1526 4472 Ἑν
1558 4414 1639 4483 οἷς
1672 4419 1845 4472 ἔοικεν
1873 4422 1900 4473 ὁ
1927 4421 2024 4472 Σο-

439 4509 625 4581 λομὼν
671 4512 763 4564 ἐπὶ
795 4513 860 4582 τῇ
895 4512 1204 4580 κατασκευῇ
1255 4509 1349 4562 τοῦ
1397 4510 1565 4574 οἴκου,
1595 4510 1653 4564 ὃν
1701 4511 1920 4582 ἤγειρεν
1967 4513 2026 4563 ὲν

2131 1984 2408 2040 miseriam
2445 1999 2643 2038 meam.
2684 2003 2702 2035 ι
2739 1982 2865 2037 Hac
2899 1997 3069 2053 porro
3111 1998 3278 2053 opere
3310 1985 3584 2054 completa
3627 1985 3711 2039 vio

2129 2078 2258 2133 dere
2299 2078 2445 2132 licet.
2505 2076 2638 2129 Nam
2693 2092 2816 2130 cum
2872 2076 3077 2146 ubique
3127 2084 3398 2131 terrarum
3452 2077 3711 2134 Ecclesia:

2131 2168 2440 2224 Servatoris
2456 2168 2730 2239 justitiam
2756 2168 2849 2223 Dei
2884 2176 3167 2231 enarrent.
3195 2169 3422 2240 ipseque
3447 2168 3710 2225 Servator

2129 2275 2258 2315 vasa
2285 2259 2593 2322 electionis,
2630 2259 2812 2329 qualia
2849 2274 3015 2329 supra
3056 2260 3203 2314 dicta
3235 2269 3383 2326 sunt,
3421 2269 3475 2317 et
3507 2263 3710 2318 instru-

2128 2361 2308 2408 menta
2325 2353 2671 2407 rationabilia
2693 2351 2840 2405 Patri
2873 2361 3162 2422 praeparet,
3190 2369 3512 2425 semperque
3539 2355 3709 2410 Deum

2127 2447 2222 2516 qui
2255 2459 2422 2514 supra
2468 2446 2653 2498 omnia
2696 2453 2780 2500 est
2818 2447 2885 2502 iis
2934 2447 3301 2513 concelebret,
3333 2447 3542 2501 inimici
3585 2446 3710 2516 ejus

2128 2537 2454 2592 confusione
2486 2536 2810 2602 induuntur,
2865 2554 2928 2594 ac
2973 2539 3186 2596 confusi
3232 2547 3294 2595 et-
3329 2539 3548 2595 reveriti
3581 2550 3708 2595 sunt

2127 2631 2222 2701 qui
2261 2637 2515 2700 quaerunt
2569 2631 2670 2700 ipsi
2717 2632 2878 2686 mala.
2926 2630 2991 2686 IIi
3026 2648 3158 2687 vero
3204 2640 3352 2697 sunt,
3389 2633 3481 2701 qui
3515 2647 3708 2688 omnes

2127 2724 2448 2779 occasiones
2493 2731 2788 2788 venantur,
2847 2726 3232 2791 contumelias,
3291 2725 3598 2780 calumnias
3655 2732 3710 2779 et

2128 2815 2498 2885 blasphemias
2528 2822 2719 2870 contra
2747 2831 2872 2871 eum
2913 2817 3246 2888 excogitant,
3276 2817 3594 2886 nullamque
3622 2832 3709 2871 re-

2128 2907 2347 2976 periunt
2381 2909 2462 2962 vel
2504 2909 2557 2962 in
2598 2910 2777 2979 ipsum
2826 2908 2910 2964 vel
2952 2908 3006 2962 in
3059 2908 3355 2963 Ecclesiam
3390 2908 3564 2978 ipsius
3615 2922 3711 2961 ca-

2130 3001 2350 3055 lumniae
2382 3016 2627 3058 causam.
2659 3002 2842 3067 Quare
2871 3003 3081 3072 pudore
3120 2999 3510 3057 suﬂ'unduntur
3537 3007 3592 3054 et
3618 3014 3708 3053 re—

2130 3099 2409 3159 verentur,
2457 3092 2606 3162 quod
2657 3093 2802 3147 ultra
2847 3108 2958 3148 non
3006 3093 3244 3147 audeant
3290 3091 3572 3162 quidpiam
3617 3105 3710 3144 ca-

2130 3188 2352 3242 lumniae
2380 3187 2651 3259 proferre.
2684 3188 2750 3242 Et
2787 3190 2900 3245 haec
2924 3191 3109 3245 omnia
3141 3204 3305 3261 opere
3342 3188 3706 3260 complentur,

2131 3281 2434 3336 secundum
2481 3283 2824 3353 prophetiam
2866 3298 2986 3354 quae
3043 3284 3099 3337 in
3153 3281 3584 3352 praecedentibus
3628 3282 3710 3336 sic
3796 3282 3807 3294 '

2118 3371 2312 3439 habet,
2348 3391 2365 3422 ι
2392 3370 2528 3426 Cum
2579 3372 2798 3429 confusi
2832 3382 2887 3429 et
2935 3374 3157 3429 reveriti
3198 3371 3402 3426 fuerint
3433 3371 3527 3442 qui
3569 3386 3710 3440 quaa-

2127 3468 2257 3515 runt
2290 3462 2434 3515 mala
2461 3462 2617 3517 mihi.
2651 3483 2669 3515 ι
2703 3462 2856 3517 Tunc
2893 3463 3063 3526 enim,
3095 3461 3293 3532 inquit,
3329 3476 3454 3514 cum
3499 3461 3707 3515 inimici

2125 3548 2555 3615 confundentur,
2586 3565 2688 3621 ego
2728 3551 2956 3621 psallam
2989 3551 3108 3616 tibi,
3150 3551 3359 3620 tibique
3387 3547 3536 3602 Patri
3586 3564 3708 3603 meo

2127 3639 2450 3696 confitebor.
2481 3640 2820 3712 lnsuperque
2866 3661 2884 3693 ι
2913 3642 3097 3713 lingua
3130 3656 3251 3696 mea
3280 3649 3392 3695 tota
3418 3638 3508 3694 die
3538 3639 3708 3695 medi-

2127 3732 2335 3788 tabitur
2365 3733 2636 3804 justitiam
2659 3741 2830 3788 tuam.
2867 3755 2884 3786 ι

2531 3942 2600 3997 IN
2633 3941 3054 3997 SALOMONEM
3087 3941 3277 3996 LXXI.

2200 4035 2366 4092 Vens.
2398 4037 2448 4100 l,
2474 4036 2528 4092 2.
2575 4057 2592 4087 ι
2625 4035 2768 4092 Deus
2799 4036 3066 4106 judicium
3103 4045 3252 4090 tuum
3289 4035 3401 4105 regi
3433 4033 3524 4090 da.
3556 4053 3574 4086 ι
3608 4034 3710 4089 Βο-

2129 4128 2285 4198 liqui,
2337 4148 2355 4180 ι
2387 4127 2720 4195 Salomonis,
2753 4147 2771 4180 ι
2807 4128 3148 4198 interpretati
3199 4135 3348 4183 sunt.
3386 4125 3483 4181 Est
3528 4135 3709 4181 autem

2128 4229 2183 4277 et
2215 4223 2355 4278 alius
2383 4221 2629 4291 ejusdem
2684 4221 2742 4275 in
2783 4221 3015 4276 canticis
3054 4220 3343 4291 graduum,
3397 4219 3556 4289 cujus
3597 4219 3708 4272 ini-

2133 4313 2306 4368 tium:
2339 4331 2356 4364 ι
2388 4313 2502 4368 Nisi
2551 4312 2818 4368 Dominus
2859 4311 3212 4367 aedificaverit
3242 4311 3490 4376 domum,
3533 4311 3588 4364 in
3623 4326 3710 4363 va-

2131 4421 2264 4460 num
2313 4405 2706 4460 laboraverunt
2749 4404 2844 4475 qui
2891 4404 3166 4459 aedificant
3205 4421 3325 4461 eam
3352 4406 3393 4460 ⁸.
3428 4426 3445 4458 ι
3477 4405 3554 4458 Ex
3588 4407 3708 4476 qui.

2129 4499 2233 4556 bus
2268 4499 2485 4554 videtur
2534 4497 2884 4553 Salomonem
2936 4496 2991 4550 in
3039 4499 3451 4552 constructione
3492 4497 3709 4561 domus,

458 4602 869 4674 Ἱεροσολύμοις,
906 4603 1121 4674 πρῶτος
1162 4604 1323 4667 αὐτὸς
1367 4603 1725 4674 οἰκοδομήσας
1746 4603 1808 4656 τὸ
1840 4603 2024 4658 αύτόθι

2131 4608 2295 4664 quam
2359 4593 2620 4648 excitavit
2665 4592 2721 4646 in
2769 4591 3107 4656 Jerusalem,
3158 4607 3285 4645 nam
3343 4591 3458 4660 ipse
3503 4590 3713 4659 primus

449 4696 614 4766 ἰερδν,
649 4696 746 4767 τὴν
796 4695 937 4766 ᾠδὴν
986 4695 1338 4766 πεποιῆσθαι,
1371 4696 1726 4749 διδάσκουσαν
1775 4696 1910 4767 μόνα
1961 4696 2031 4749 τά

443 4785 540 4839 τοῦ
572 4785 707 4838 Θεοῦ
740 4786 1147 4857 οἰκοδομήματα
1193 4785 1512 4850 διαιωνίξειν
1534 4802 1547 4815 ο
1580 4784 1646 4837 τά
1673 4785 1779 4856 γὰρ
1821 4783 2030 4855 ἀνθρὼ-

448 4895 579 4931 πινα
627 4877 802 4950 καιρῷ
837 4877 1186 4931 συνίστασθαι
1212 4895 1225 4908 ο
1271 4877 1298 4930 ὂ
1341 4877 1404 4948 δὴ
1451 4877 1544 4929 καὶ
1576 4877 1751 4947 ἀπέϐη
1797 4875 1891 4928 ἐπὶ
1928 4875 2030 4944 τῆς

448 4968 614 5023 αὑτοῦ
657 4969 946 5039 οἰκοδομῆς
968 4986 980 4997 ·
1019 4968 1120 5020 οὐκ
1152 4969 1230 5030 εἰς
1265 4966 1475 5036 μακρὸν
1505 4965 1634 5033 γοῦν
1674 4966 1703 5016 ὁ
1747 4965 1838 5018 ὑπ’
1864 4961 2028 5016 αὐτοῦ

448 5061 908 5124 κατασκευασθεὶς
946 5060 1080 5124 νεὼς
1132 5060 1235 5113 ὑπὸ
1274 5059 1627 5113 Βαϐυλωνίων
1659 5059 2030 5130 κατελύθη.Ἡ

445 5155 506 5208 δὲ
533 5155 670 5224 μετὰ
691 5156 879 5225 χεῖρας
907 5153 1210 5224 προφητεία
1239 5152 1348 5206 εἴτε
1381 5155 1460 5216 εἰς
1486 5153 1646 5206 αὐτὸν
1673 5152 1920 5206 λέλεκται
1939 5153 2029 5205 τὸν

448 5247 788 5316 Σολομῶντα,
815 5245 925 5299 εἴτε
951 5245 1115 5299 αὐτοῦ
1150 5247 1264 5298 ἐστι
1283 5246 1422 5299 κατά
1449 5248 1576 5310 τοὺς
1609 5247 1824 5310 λοιποὺς
1859 5248 2030 5318 ἑρμη-

447 5339 674 5402 νευτάς’
707 5340 756 5391 οἰ
785 5338 930 5406 λόγοι
963 5339 1146 5409 ἕτερόν
1189 5356 1310 5392 τινα
1359 5339 1664 5409 παριστῶσι
1693 5339 2028 5411 προφητευό-

457 5447 636 5498 μενον.
677 5431 769 5483 Διὸ
801 5430 925 5484 οὒτε
953 5431 1184 5502 ψαλμὸς,
1220 5431 1340 5485 οὔτε
1375 5432 1507 5504 ᾠδὴ,
1536 5431 1659 5484 οὒτε
1687 5431 1873 5501 ῦμνος,
1906 5431 2029 5483 οὔτε

451 5536 504 5570 τι
528 5519 734 5582 τούτοις
758 5522 1136 5592 παραπλήσιον
1164 5523 1586 5593 ἐπιγέγραπται.
1605 5523 1742 5575 Ἀλλ’
1766 5521 1879 5574 ἔστι
1905 5540 2033 5592 προ-

454 5611 651 5682 φητεία
684 5611 1009 5677 θεσπίζουσα
1043 5614 1478 5686 ἀναφανήσεσθαί
1501 5632 1621 5669 τινα
1648 5616 1704 5666 ὲν
1727 5613 2032 5685 ἀνθρώποις

454 5705 701 5773 πενήτων
750 5706 844 5757 καὶ
895 5706 1126 5776 πτωχῶν
1179 5707 1418 5779 σωτῆρα,
1454 5708 1547 5763 καὶ
1589 5707 1774 5763 τοῦτον
1828 5707 2032 5763 ἄνωθέν

530 5859 548 5888 ⁸
573 5857 717 5914 Psal.
749 5876 934 5929 cxxvi,
983 5865 1028 5917 l.

2131 4687 2394 4756 templum
2441 4685 2553 4739 illic
2615 4687 2906 4750 exstruxit,
2956 4686 3060 4740 hoc
3104 4685 3380 4738 canticum
3422 4682 3708 4738 edidisse:

2132 4798 2242 4853 quo
2272 4781 2554 4847 docemur,
2606 4782 2722 4836 sola
2772 4781 2865 4835 Dei
2895 4781 3126 4835 aedificia
3181 4788 3444 4834 aeternum
3495 4795 3712 4848 perma-

2132 4890 2295 4940 nere;
2331 4874 2571 4928 humana
2619 4875 2823 4944 quippe
2860 4890 2960 4944 pro
3009 4881 3253 4940 tempore
3301 4873 3474 4927 solum
3524 4873 3711 4926 consi-

2133 4973 2286 5022 stunt
2315 4984 2327 5019 :
2353 4965 2498 5035 quod
2529 4966 2692 5019 etiam
2730 4966 2783 5018 in
2814 4965 2934 5033 ejus
2977 4965 3345 5019 exstructione
3381 4974 3559 5017 actum
3593 4971 3712 5030 est;

2131 5075 2242 5113 non
2273 5059 2366 5112 diu
2415 5057 2560 5112 enim
2605 5068 2793 5126 postea
2824 5057 3084 5127 templum
3119 5057 3187 5110 ab
3208 5071 3272 5110 eo
3303 5055 3648 5120 aedificatum,
3681 5071 3712 5110 a

2131 5150 2447 5223 Babyloniis
2496 5149 2740 5203 dirutum
2776 5147 2896 5202 fuit.
2937 5148 3185 5204 Praesens
3231 5163 3361 5203 vero
3399 5148 3704 5218 prophetia,

2133 5243 2249 5297 sive
2280 5243 2335 5295 in
2367 5239 2714 5296 Salomonem
2752 5241 2897 5295 dicta
2939 5249 3054 5305 est,
3089 5240 3204 5295 sive
3237 5240 3539 5295 secundum
3577 5241 3710 5294 reli-

2134 5350 2273 5406 quos
2296 5334 2647 5405 interpretes,
2682 5335 2857 5406 ipsius
2887 5334 3196 5389 Salomonis
3224 5340 3327 5388 est.
3357 5331 3540 5388 Series
3562 5341 3714 5388 certe

2135 5428 2406 5484 sermonis
2464 5428 2633 5482 alium
2688 5428 2999 5500 quempiam
3042 5427 3306 5480 vaticinio
3364 5426 3709 5480 enuntiatum

2135 5521 2417 5576 declarare
2470 5521 2709 5576 videtur.
2757 5520 2939 5586 Quare
2990 5534 3167 5588 neque
3213 5518 3480 5588 psalmus,
3537 5535 3712 5588 neque

2133 5613 2429 5680 canticum,
2468 5631 2644 5685 neque
2676 5615 2935 5686 hymnus.
2967 5628 3141 5682 neque
3188 5611 3470 5683 quidpiam
3509 5612 3710 5675 simile,

2135 5704 2436 5776 inscriptus
2459 5712 2559 5761 est.
2589 5704 2693 5761 Sed
2716 5717 2800 5761 cst
2815 5701 3096 5774 prophetia
3124 5703 3499 5773 praenuntiam
3521 5716 3713 5772 quem-
