4128 6392
424 340 523 398 791

1092 339 1363 397 EUSEBII
1403 340 1885 399 CIESARIENSIS
1922 340 2075 397 OPP.
2120 340 2298 395 PARS
2336 341 2424 397 ill.
2467 372 2534 384 —-
2569 340 2979 401 EXEGETICA.

3581 349 3686 405 792

422 467 567 524 piam
608 452 923 507 hominibus
952 454 1316 508 adventorum
1353 469 1652 524 pauperum
1695 462 1750 509 et
1778 458 2000 523 inopum

2108 452 2269 507 ποθεν
2299 455 2481 526 ἠρέμα
2526 457 2933 528 καταϐήσεσθαι
2960 458 3053 511 καὶ
3076 458 3313 531 ἀψοφητί
3331 477 3347 491 ο
3381 481 3398 511 ι
3428 462 3685 536 Καταστή-

424 551 787 607 servatorem,
817 544 910 614 qui
939 559 1003 599 ex
1037 545 1148 599 alto
1177 545 1382 600 sensim
1414 553 1468 600 et
1496 545 1614 599 sine
1644 546 1875 614 strepitu
1905 561 1999 599 ac-

422 651 685 692 cessurus
735 647 867 693 est:
911 655 929 688 ι
970 636 1275 693 Descendet
1322 639 1468 693 enim
1519 637 1665 693 sicut
1718 638 1901 706 pluvia
1943 638 1998 692 in

425 728 620 783 vellus.
652 747 673 780 ι
705 729 904 799 Aitque
915 729 1186 798 justitiam
1221 730 1481 800 deinceps
1524 732 1581 786 in
1614 732 1850 786 adventu
1879 730 1999 800 ejus

425 821 480 875 in
499 836 697 891 genere
724 821 1009 877 hominum
1039 829 1381 876 versaturam
1414 842 1427 877 :
1460 825 1748 893 ipsumque
1775 838 1883 878 non
1912 822 2001 878 ιιι.

422 911 551 966 ιῐωιιξ
586 911 769 979 modo,
816 928 994 983 neque
1042 914 1258 968 duabus
1294 915 1539 970 tribusve
1581 916 1856 985 gentibus,
1903 916 2000 971 sed

423 1004 676 1059 omnibus
726 1020 821 1074 per
868 1005 1057 1059 orbem
1099 1004 1527 1070 dominaturum,
1572 1021 1764 1062 omnes
1812 1014 2000 1076 gentes

420 1096 753 1167 subigendas
785 1095 891 1167 ipsi
922 1096 1061 1161 fore,
1102 1098 1491 1153 celebrandum
1525 1098 1703 1167 ipsum
1734 1114 1857 1155 esse
1882 1114 2001 1153 om-

421 1186 603 1249 nibus,
633 1201 743 1240 non
772 1186 925 1241 brevi
964 1193 1238 1257 tempore,
1269 1187 1365 1244 sed
1395 1204 1492 1258 per
1516 1204 1677 1245 omne
1715 1191 1994 1248 saeculum.

420 1276 480 1331 in
506 1293 720 1333 summa
745 1278 879 1349 quid
922 1278 1072 1333 aliud
1111 1279 1202 1332 hic
1258 1294 1439 1335 sermo
1468 1290 1736 1345 recenset,
1767 1282 1875 1336 nisi
1917 1290 2000 1335 ta-

423 1370 527 1423 iem
556 1384 680 1424 esse
708 1370 803 1440 qui
836 1370 892 1424 in
922 1371 1187 1427 vaticinia
1222 1371 1418 1436 fertur,
1451 1373 1666 1442 qualem
1698 1389 1858 1428 nemo
1893 1390 1997 1427 un-

420 1477 607 1531 quam,
637 1477 738 1516 nec
767 1462 821 1516 in
850 1460 1167 1517 Judaeorum
1195 1470 1377 1533 gente,
1403 1480 1582 1533 neque
1606 1465 1664 1518 in
1686 1464 1810 1521 aliis
1832 1464 2000 1519 fuisse

422 1553 787 1609 memoravit?
814 1552 1003 1623 Neque
1028 1555 1172 1608 enim
1214 1555 1333 1624 ipse
1377 1553 1657 1619 Salomon,
1691 1571 1867 1626 neque
1896 1554 2001 1609 Da-

419 1649 533 1713 vid,
567 1664 744 1718 neque
768 1649 1043 1719 quispiam
1065 1665 1450 1706 successorum
1472 1652 1520 1706 is
1542 1650 1829 1706 videbatur
1851 1668 1995 1717 esse,

417 1739 597 1792 cuiea
642 1754 763 1807 quae
810 1739 864 1791 in
908 1738 1195 1808 prophetia
1245 1739 1497 1795 feruntur
1538 1742 1717 1812 aptari
1761 1744 1993 1812 possint.

2102 561 2251 598 σεται
2276 545 2385 618 γὰρ
2433 546 2509 610 ὡς
2534 548 2691 611 ὑετὸς
2718 550 2810 601 ἐπὶ
2852 548 3039 604 πόκον.
3069 569 3089 601 ι
3129 551 3557 624 Δικαιοσύνηντε
3575 556 3685 611 λοι-

2100 634 2199 686 πὸν
2238 635 2687 705 ἐμπολιτεύεσθαι
2731 636 2810 709 τῷ
2858 638 3007 707 γένει
3032 639 3142 694 τῶν
3174 642 3474 715 ἀνθρώπων
3503 647 3680 719 ὲπὶτῇ

2099 725 2262 779 αὑτοῦ
2294 729 2587 800 παρουσίᾳ.
2608 730 3029 802 Ἑπικρατήσειν
3052 751 3109 787 τε
3140 734 3298 789 αύτὸν
3334 739 3394 790 ού
3420 740 3519 811 τῆς
3554 742 3682 793 Ἰου-

2098 815 2251 880 δαίας
2287 819 2473 889 μόνης,
2508 820 2631 873 οὐδὲ
2663 821 2809 875 δυεῖν
2836 822 2868 894 ἢ
2898 823 3065 895 τριῶν
3096 826 3285 892 ἐθνῶν,
3307 828 3442 883 ἀλλά
3466 831 3681 886 πάντων

2099 907 2206 960 τῶν
2249 909 2369 962 καθ’
2402 910 2531 982 ὅλης
2577 912 2678 982 τῆς
2727 915 3071 986 οίκουμένης,
3107 919 3283 973 πάντα
3326 938 3388 973 τε
3434 922 3504 975 τὰ
3552 923 3678 995 ἔθνη

2101 1002 2537 1073 ύποταγήσεσθαι
2561 1005 2732 1076 αὐτῷ,
2755 1007 3051 1078 ὀνομαστόν
3074 1028 3135 1063 τε
3155 1012 3313 1066 αὑτὸν
3346 1013 3561 1068 ἔσεσθαι
3583 1032 3683 1069 παρ-

2101 1094 2171 1164 ρά
2208 1096 2321 1157 τοῖς
2352 1098 2538 1159 πᾶσιν,
2570 1098 2629 1150 οὐ
2660 1100 2799 1153 κατά
2830 1117 2950 1154 τινα
2973 1104 3168 1173 χρόνον
3196 1102 3418 1176 βραχὺν.
3452 1108 3567 1160 ἀλλ’
3600 1110 3683 1174 είς

2101 1186 2315 1239 ἅπαντα
2351 1187 2441 1239 τὸν
2486 1188 2678 1243 αἰῶνα.
2716 1192 2825 1244 Καὶ
2856 1192 2908 1244 τί
2944 1192 3052 1265 γὰρ
3084 1194 3197 1249 ἄλλ’
3229 1194 3261 1266 ἢ
3296 1197 3533 1251 τοιοῦτόν
3558 1216 3680 1252 τινα

2100 1277 2317 1332 ἔσεσθαι
2350 1281 2442 1333 τὸν
2470 1281 2859 1354 θεσπιζόμενον
2898 1289 2926 1340 6
2961 1288 3099 1358 μετά
3141 1292 3328 1360 χεῖρας
3373 1292 3679 1363 ὑπογράφει

2098 1367 2273 1436 λόγος,
2307 1373 2489 1425 ὁποῖον
2524 1374 2702 1438 οὐδεὶς
2731 1374 2948 1431 πώποτε
2981 1378 3105 1432 οὔτε
3140 1382 3385 1453 παρὰ,τῷ
3415 1384 3681 1438 Ἰουδαίων

2100 1459 2263 1526 ἔθνει,
2295 1462 2419 1515 οὕτε
2452 1468 2583 1537 παρ’
2617 1467 2822 1539 ἑτέροις
2854 1472 3131 1539 γεγονέναι
3160 1476 3519 1545 μνημονεύει;
3543 1476 3679 1531 Οὔτε

2100 1551 2210 1625 γὰρ
2260 1555 2423 1620 αὐτὸς
2456 1557 2730 1629 Σολομὼν,
2754 1559 2876 1615 οὕτε
2925 1563 3107 1629 Δαυῒδ,
3140 1565 3263 1620 οὔτε
3305 1586 3390 1632 τις
3420 1570 3529 1623 τῶν
3564 1570 3681 1642 μετ’

2100 1646 2297 1709 αὐτοὺς
2344 1647 2585 1713 τοιοῦτος
2631 1652 2827 1723 ἐφάνη,
2863 1653 2938 1717 ὼς
2989 1655 3228 1727 ἁρμόσαι
3273 1660 3377 1712 τινὶ
3408 1661 3681 1718 αὐτῶντά

2102 1735 2207 1789 ὑπὸ
2236 1737 2337 1807 τῆς
2368 1740 2704 1809 προφητείας
2738 1745 3281 1818 σημαινόμενα.”ορα
3312 1751 3494 1804 τοίνυν
3521 1756 3570 1806 εί
3605 1753 3683 1825 μὴ

419 1830 700 1901 Perpende
734 1807 1065 1900 igiturinum
1108 1833 1408 1901 praemissis
1442 1834 1510 1888 de
1548 1807 1858 1891 servatoris
1901 1853 1998 1890 no-

2105 1830 2222 1891 ταῖς
2254 1807 2724 1900 προτεταγμέναις
2768 1807 2857 1886 διτά
2906 1807 3013 1887 τῶν
3053 1807 3363 1908 ἔμπροσθεν
3410 1842 3538 1913 περὶ⁵

420 1924 519 1978 stri
548 1924 803 1993 passione
837 1924 1287 1994 praedictionibus
1317 1928 1454 1991 haec,
1486 1940 1594 1996 qua
1623 1941 1851 1997 regnum
1877 1929 1998 1998 ejus

2105 1919 2311 1984 πάθους
2353 1921 2447 1974 τοῦ
2492 1922 2743 1995 Σωτῆρος
2785 1928 3158 1999 προρρήσεσιν
3204 1932 3511 1998 ἀκολούθως
3558 1948 3709 1989 συν·“

418 2015 777 2081 describitur,
810 2026 1216 2087 consequenter
1243 2016 1553 2088 adjiciatur.
1587 2015 1693 2071 Par
1710 2025 1827 2072 erat
1852 2020 2000 2073 enim

2105 2013 2269 2081 ἧπται
2316 2014 2349 2083 ἡ
2404 2014 2542 2083 μετά
2590 2018 2778 2086 χεῖρας
2825 2018 2924 2089 τὴν
2954 2020 3229 2090 βασιλείαν
3263 2024 3427 2077 αὑτοῦ
3452 2025 3681 2097 any“-

420 2122 527 2162 nos
564 2123 687 2178 quae
727 2107 793 2162 ad
835 2108 971 2163 illud
1012 2125 1232 2179 quoque
1290 2110 1526 2165 attinent
1569 2110 1808 2167 edoceri.
1862 2112 1997 2167 Cum

2105 2121 2294 2174 φουσα.
2316 2105 2514 2177 Ἐχρῆν
2546 2106 2652 2180 γὰρ
2687 2109 2834 2179 ἡμᾶς
2864 2112 2957 2164 καὶ
2987 2112 3056 2165 τά
3087 2116 3212 2187 περὶ
3237 2116 3441 2187 ταύτης
3469 2119 3683 2172 παιδευ-

420 2212 601 2255 autem
634 2201 887 2271 plurimae
918 2203 1219 2273 prophetiae
1244 2203 1549 2270 Christum,
1590 2205 1681 2275 qui
1706 2221 1773 2259 ex
1798 2204 2000 2261 Davide

417 2291 687 2360 originem
730 2291 1003 2349 ducturus
1060 2301 1198 2358 erat,
1252 2296 1621 2363 celebrarent,
1667 2298 1797 2369 quia
1852 2299 1997 2354 veri-

419 2384 596 2439 simile
615 2392 755 2449 erat,
778 2386 1076 2441 nonnullos
1101 2387 1169 2441 iis
1189 2385 1538 2443 Salomonem
1559 2390 1792 2444 indicari
1816 2391 1999 2460 suspi—

418 2484 643 2532 caturos
672 2492 837 2541 esse;
873 2492 998 2532 nam
1036 2478 1083 2532 is
1117 2478 1269 2535 solus
1315 2496 1381 2535 ex
1416 2481 1542 2538 ﬁliis
1578 2480 1797 2538 Davidis
1832 2483 1888 2536 in
1919 2499 2001 2537 re~

418 2582 527 2636 gno
555 2568 793 2622 maxime
821 2568 1044 2633 claruit,
1079 2567 1192 2624 Deo
1224 2570 1489 2640 templum
1514 2572 1794 2637 excitavit,
1826 2580 1879 2627 et
1910 2587 2001 2629 sa-

420 2658 626 2727 pientia
658 2666 889 2714 ornatus
921 2657 1093 2715 fuisse
1133 2672 1470 2717 memoratur
1497 2682 1511 2718 :
1544 2663 1861 2718 necessario
1896 2682 1915 2714 ι
1943 2664 2000 2717 in

424 2752 773 2806 Salomonem
800 2771 819 2804 ι
853 2754 968 2808 haec
992 2754 1276 2823 prophetia
1300 2755 1656 2820 inscribitur;
1687 2756 1802 2812 sive
1826 2756 1999 2825 ipsius

425 2845 739 2900 Salomonis
788 2861 914 2901 esse
977 2846 1187 2915 fertur;
1242 2854 1302 2902 ut
1358 2863 1469 2902 non
1519 2849 1662 2901 ultra
1718 2856 2001 2918 putaretur

424 2938 607 3005 ipsum
639 2951 760 2990 esse
793 2951 859 2989 ex
895 2934 1119 2993 Davidis
1159 2937 1367 2992 semine
1395 2938 1489 3007 qui
1529 2939 1954 3008 exspectabatur
1984 2960 1996 2994 :

424 3043 493 3081 ex
518 3030 639 3097 ipso
670 3027 875 3098 quippe
911 3026 1204 3085 Salomone
1238 3030 1381 3086 alius
1411 3039 1677 3086 venturus
1722 3040 1997 3102 speratur,

426 3128 487 3174 ut
520 3121 626 3191 ipsi
655 3119 987 3191 promissum
1018 3131 1120 3176 est.
1149 3120 1205 3176 Si
1229 3122 1412 3192 itaque
1440 3124 1740 3179 secundum
1775 3123 2001 3195 Septua-

2101 2195 2277 2267 θῆναι.
2318 2197 2534 2250 Πολλῶν
2566 2199 2623 2253 δὲ
2651 2204 2997 2273 προφητειῶν
3038 2205 3129 2258 τὸν
3176 2208 3242 2259 ὲκ
3270 2208 3429 2260 Δαυῒδ
3468 2227 3681 2281 προφηο

2100 2290 2386 2360 τευόμενον
2417 2292 2652 2363 Χριστὸν
2682 2294 3033 2364 ἁνυμνουσῶν
3054 2314 3066 2325 ·
3100 2298 3284 2369 ἐπειδὴ
3308 2299 3452 2362 είκὸς
3471 2296 3537 2371 ἦν
3559 2301 3682 2355 ὑπο-

2097 2380 2279 2435 λαϐεῖν
2310 2400 2459 2447 τινας
2488 2385 2577 2437 τὸν
2596 2385 2918 2456 Σολομῶντα
2932 2388 3221 2459 δηλοῦσθαι
3254 2391 3319 2443 δι’
3344 2392 3551 2444 αὐτῶν·
3584 2394 3664 2463 μό

2100 2492 2191 2537 νος
2215 2474 2323 2547 γὰρ
2352 2468 2506 2540 οὗτος
2538 2476 2646 2529 τῶν
2681 2478 2811 2531 υἱῶν
2854 2480 3016 2532 Δαυῒδ
3049 2482 3397 2548 ὲπιδοξότατα
3436 2484 3682 2553 βασιλεύ-

2102 2584 2220 2631 σας,
2250 2570 2343 2621 καὶ
2373 2568 2464 2623 τὸν
2502 2569 2635 2623 νεὼν
2661 2572 2847 2643 ἤγειρε
2876 2572 2955 2643 τῷ
2986 2574 3122 2643 Θεῷ,
3156 2576 3249 2628 καὶ
3276 2576 3435 2647 σοφίᾳ
3456 2578 3683 2649 διαπρέ-

2099 2660 2196 2729 ψαι
2233 2661 2652 2733 μεμαρτύρηται
2671 2678 2684 2693 ⁸
2715 2663 3079 2735 ἀναγκαίωςή
3107 2668 3441 2737 προκειμένη
3472 2686 3681 2740 προφη-

2100 2749 2221 2802 τεία
2260 2768 2278 2801 ι
2307 2752 2387 2813 εἰς
2414 2750 2735 2821 Σολομῶντα
2762 2771 2779 2801 ι
2816 2753 3246 2824 ὲπιγέγραπταισ
3294 2754 3327 2825 ἢ
3371 2756 3535 2809 αὑτοῦ
3587 2757 3686 2810 τοῦ

2103 2840 2447 2910 Σολομῶντος
2477 2838 2615 2895 εἶναι
2636 2841 2885 2897 λέλεκται
2906 2861 2918 2872 ·
2946 2844 3031 2896 ἵνα
3054 2846 3246 2915 μηκέτι
3273 2846 3434 2910 αὐτὸς
3465 2849 3687 2917 νομίζη-

2102 2948 2191 2983 ται
2221 2933 2250 2985 6
2284 2931 2732 3004 προσδοκώμενος
2786 2930 2925 2987 εἶναι
2970 2936 3033 2987 ἐκ
3076 2936 3273 2989 Δαυῖδ’
3328 2938 3386 3003 ἐξ
3440 2939 3602 2992 αὑτοῦ
3628 2940 3685 2992 δὲ

2105 3023 2444 3095 Σολομῶντος
2475 3024 2748 3088 ὲλπίζεται
2781 3026 2964 3097 ἕτερος
2990 3028 3017 3079 6
3043 3029 3136 3081 καὶ
3164 3030 3312 3100 αὐτῷ
3345 3031 3686 3102 ἐπηγγελμέ-

2106 3136 2212 3182 νος.
2232 3119 2356 3172 Ἐὰν
2390 3118 2489 3189 μὲν
2514 3114 2607 3171 οῦν
2641 3117 2985 3189 ἐκδεξῶμεθα
3013 3121 3093 3182 εἰς
3124 3121 3286 3174 αὐτὸν
3313 3122 3565 3193 εἰρῆσθαι
3594 3125 3690 3179 τὸν

424 3211 576 3280 ginta
625 3209 992 3281 lnterpretum
1039 3211 1257 3266 titulum
1308 3213 1365 3267 in
1417 3214 1596 3284 ipsum
1653 3213 2003 3270 Salomonem

2107 3208 2423 3281 Σολομῶντα
2442 3209 2531 3263 τὸν
2556 3210 2771 3281 ψαλμὸν
2816 3210 2956 3263 κατὰ
3001 3212 3098 3281 τὴν
3135 3211 3244 3265 τῶν
3285 3212 3687 3285 Ἐϐδομήκοντα

424 3304 632 3358 dictum
668 3302 840 3360 fuisse
871 3305 1142 3375 psalmum
1189 3305 1582 3377 intelligamus,
1616 3306 1864 3363 dicemus
1897 3309 2003 3363 uti-

2109 3303 2451 3375 προγραφὴν,
2480 3289 2732 3374 ἐροῦμεν,
2770 3304 2852 3355 ὃτι
2899 3303 2961 3355 τὸ
3001 3304 3227 3374 Πνεῦμα
3264 3304 3325 3357 τὸ
3353 3306 3526 3374 ἆγιον.
3558 3311 3688 3380 περὶ

424 3412 532 3466 que
584 3394 845 3467 Spiritum
887 3405 1164 3464 sanctum,
1210 3412 1337 3452 cum
1392 3414 1493 3469 pro
1537 3396 1657 3469 ipso
1700 3400 2002 3455 orationem

2107 3395 2270 3448 αὑτοῦ
2309 3396 2404 3465 τὴν
2434 3395 2597 3465 εὐχὴν
2624 3394 2950 3465 ἀναπέμψαν
2985 3395 3061 3466 τῷ
3085 3396 3202 3467 Θεῷ
3229 3397 3317 3451 διὰ
3344 3398 3438 3452 τοῦ
3470 3398 3687 3471 πρώτου

427 3491 539 3546 Deo
594 3493 874 3549 emisisset
925 3495 983 3548 in
1046 3494 1223 3563 primo
1279 3509 1463 3559 versu,
1525 3495 1620 3565 qui
1683 3495 1765 3550 sic
1816 3495 2001 3559 habet,

2108 3488 2310 3556 στίχου,
2345 3487 2410 3539 δι’
2436 3480 2497 3540 οῦ
2530 3488 2776 3559 εἴρηται·
2820 3507 2838 3538 ι
2862 3488 2919 3542 ὐ
2959 3488 3111 3553 Θεὸς,
3144 3489 3206 3542 τὸ
3253 3490 3426 3562 κρίμα
3472 3508 3565 3545 σου
3608 3492 3691 3564 τῷ

431 3603 451 3636 ι
480 3582 932 3654 Deus,judicium
970 3593 1123 3640 tuum
1157 3586 1271 3656 regi
1303 3586 1393 3649 da,
1426 3606 1445 3639 ι
1483 3587 1538 3642 id
1570 3593 1654 3643 est
1686 3586 2001 3652 Salomoni;

2108 3578 2313 3649 βασιλεῖ
2337 3579 2445 3642 δὸς,
2472 3598 2490 3631 t
2526 3580 2768 3634 τουτέστι
2798 3579 2878 3651 τῷ
2906 3581 3342 3651 Σολομῶντι,τὸν
3373 3582 3499 3655 ἑξῆς
3529 3584 3688 3653 λόγον

428 3692 550 3747 qua!
578 3686 888 3747 sequuntur
926 3678 994 3733 de
1024 3679 1119 3732 illo
1146 3679 1238 3748 qui
1270 3679 1338 3733 ab
1368 3680 1488 3749 ipso
1520 3680 1838 3735 nasciturus
1884 3688 2003 3735 erat

2105 3673 2233 3744 περὶ
2254 3671 2345 3725 τοῦ
2367 3671 2425 3738 ἐξ
2446 3672 2611 3725 αὑτοῦ
2638 3673 3003 3745 γενησομένου
3028 3677 3259 3727 ποιεῖται
3279 3691 3291 3704 ·
3315 3675 3395 3729 διὸ
3420 3676 3686 3745 ὲπιλέγει’

427 3770 634 3826 dixisse
662 3771 749 3825 his
778 3771 983 3833 verbis,
1027 3789 1045 3821 ι
1078 3770 1142 3824 Et
1165 3770 1437 3840 justitiam
1463 3779 1612 3825 tuam
1645 3770 1756 3825 ﬁlio
1784 3771 1948 3841 regis,
1979 3792 1998 3825 ι

2112 3783 2129 3815 ι
2160 3766 2267 3819 Καὶ
2309 3766 2408 3836 τὴν
2452 3766 2797 3837 δικαιοσύνην
2833 3784 2925 3820 σου
2960 3767 3037 3837 τῷ
3076 3767 3176 3838 υἱῷ
3201 3767 3294 3821 τοῦ
3326 3768 3619 3838 βασιλέως·
3661 3790 3681 3821 ι

430 3859 481 3914 id
506 3870 611 3928 est,
644 3861 745 3931 ipsi
780 3859 910 3915 Iesu
940 3861 1034 3930 qui
1071 3876 1137 3915 ex
1168 3860 1376 3915 semine
1407 3861 1527 3930 ejus
1554 3869 1821 3918 venturus
1863 3871 2000 3917 erat.

2105 3855 2301 3926 δηλαδὴ
2329 3856 2407 3927 τῷ
2436 3856 2681 3926 μέλλοντι
2709 3858 3131 3929 προελεύσεσθαι
3166 3862 3230 3913 ἐκ
3255 3861 3569 3932 σπέρματος
3597 3864 3689 3915 αὺ-

428 3951 527 4008 Vel
554 3953 747 4007 horum
771 3969 892 4023 quae
931 3959 1232 4006 tractamus
1264 3953 1387 4008 talis
1421 3969 1576 4009 mens
1600 3953 1784 4019 fuerit,
1816 3956 2003 4011 decre-

2105 3949 2199 4001 τοῦ
2230 3948 2507 4019 Ἰησοῦ.’Ἡ
2524 3950 2633 4002 τῶν
2655 3950 3031 4021 προκειμένων
3056 3953 3085 4004 6
3115 3951 3237 4015 νοῦς
3252 3952 3685 4025 τοιοῦτος·Ὂρος

428 4052 544 4099 tum
593 4060 623 4099 a
662 4045 862 4101 deitate
896 4053 989 4099 tua
1045 4044 1251 4101 editum
1287 4046 1410 4110 fuit,
1461 4056 1626 4117 atque
1670 4048 1913 4103 edictum
1953 4057 2003 4105 et

2111 4041 2263 4111 παρὰ
2298 4041 2399 4109 τῆς
2433 4042 2532 4112 σῆς
2580 4041 2833 4113 θεότητος
2872 4042 3234 4114 ἐξενήνεκται,
3278 4044 3454 4115 δόγμα
3498 4063 3557 4099 τε
3592 4047 3687 4099 καὶ⁵

426 4136 694 4207 judicium
735 4139 944 4208 regium
995 4153 1059 4193 ex
1117 4138 1324 4209 Spiritu
1366 4146 1459 4194 tuo
1506 4140 1865 4195 constitutum
1897 4150 2003 4208 est,

2107 4132 2281 4203 κρίμα
2336 4132 2608 4202 βασιλικὸν
2667 4135 2731 4186 ὲκ
2798 4132 2890 4186 σοῦ
2952 4133 3268 4205 Πνεύματος
3312 4135 3677 4198 διατέτακται,

435 4237 493 4284 ut
519 4245 585 4284 ex
620 4228 927 4284 Salomonis
972 4231 1124 4300 prole
1171 4230 1431 4285 Servator
1472 4232 1662 4286 mundi
1700 4233 2003 4288 secundum

2120 4224 2197 4288 ὡς
2214 4222 2278 4277 ἂν
2301 4224 2365 4277 ὲκ
2378 4224 2480 4293 τῆς
2498 4224 2839 4295 Σολομῶντος
2854 4224 3105 4296 διαδοχῆς
3132 4229 3160 4278 6
3195 4245 3257 4280 το
3273 4228 3477 4299 κόσμου
3494 4228 3685 4299 Σωτὴρ

432 4336 655 4375 carnem
683 4319 957 4390 gignatur.
986 4319 1103 4375 Hoc
1139 4320 1305 4392 igitur
1325 4320 1597 4390 judicium
1632 4331 1808 4387 tuum,
1840 4325 2003 4388 Deus,

2108 4315 2252 4369 κατὰ
2306 4318 2484 4389 σάρκα
2525 4317 2832 4389 γεννηθείη.
2860 4318 3031 4372 Τοῦτο
3071 4315 3164 4372 οῦν
3199 4320 3259 4372 τὸ
3300 4320 3476 4393 κρίμρ,
3509 4338 3623 4386 σου,
3654 4324 3684 4377 6

431 4425 580 4465 nunc
620 4409 839 4463 tandem
874 4411 988 4481 regi
1016 4411 1105 4478 da,
1138 4410 1349 4465 scilicet
1397 4410 1696 4478 Salomoni,
1747 4421 1809 4468 ut
1843 4416 2003 4470 verba

2111 4406 2263 4473 Θεὸς,
2439 4408 2572 4461 ποτὲ
2610 4406 2853 4481 δὼρησαι
2884 4408 2963 4479 τῷ
2999 4408 3225 4479 βασιλεῖ,
3254 4409 3453 4480 δηλαδὴ
3481 4408 3558 4481 τῷ
3590 4412 3691 4464 Σο-

432 4521 599 4575 opere
635 4506 1014 4576 compleantur
1044 4525 1056 4558 :
1088 4506 1304 4577 ipsique
1330 4505 1440 4576 regi
1472 4515 1834 4562 memoratum
1860 4506 2003 4577 judi-

2111 4499 2368 4571 λομῶντι,
2386 4500 2463 4563 ὡς
2489 4498 2554 4552 ἂν
2570 4498 2637 4551 δι’
2653 4497 2830 4571 ἔργων
2857 4501 3165 4571 χωρήσειαν
3192 4501 3241 4551 οἱ
3268 4499 3446 4569 λόγοι·
3478 4501 3571 4556 καὶ
3593 4501 3690 4554 αύ-

432 4598 579 4653 cium
617 4599 888 4669 praebeas;
920 4598 1190 4669 justitiam
1224 4613 1354 4654 vero
1393 4605 1544 4652 tuam
1579 4598 1691 4653 lilio
1710 4599 1877 4670 regis,
1913 4600 2003 4671 qui

2109 4591 2188 4663 τῷ
2220 4592 2318 4662 μὲν
2343 4590 2420 4661 τῷ
2454 4590 2663 4661 βασιλεῖ
2687 4591 2749 4644 τὸ
2774 4591 3013 4661 δηλωθὲν
3044 4591 3219 4664 κρίμα
3250 4591 3555 4661 παράσχου,
3588 4592 3689 4662 τὴν

433 4703 500 4742 ex
530 4688 739 4743 semine
788 4688 909 4758 ejus
947 4688 1269 4757 proditurus
1300 4693 1420 4751 est;
1464 4695 1527 4741 ut
1555 4688 1650 4757 qui
1682 4704 1751 4742 ex
1801 4686 2003 4759 Spiritu

2110 4684 2168 4737 δὲ
2192 4682 2536 4753 δικαιοσύνην
2558 4701 2651 4737 σου
2678 4682 2755 4753 τῷ
2778 4681 2878 4753 υίῷ
2900 4682 2993 4737 τοῦ
3021 4682 3303 4754 βασιλέως,
3335 4684 3414 4755 τῷ
3439 4684 3686 4755 μέλλοντι

434 4779 688 4851 gignetur
722 4794 1011 4836 successor
1051 4779 1193 4848 ejus,
1236 4788 1464 4851 accepta
1485 4778 1699 4848 justitia
1726 4788 1842 4844 tua,
1876 4800 1895 4831 ι
1920 4781 2012 4852 ju-

433 4872 579 4926 dicet
607 4871 868 4941 populum
924 4876 1079 4923 tuum
1121 4869 1175 4924 in
1201 4868 1437 4938 justitia,
1485 4877 1539 4924 et
1579 4885 1849 4941 pauperes
1888 4880 2015 4928 tuos

433 4965 490 5019 in
513 4964 748 5033 judicio.
782 4982 800 5014 ›
835 4962 900 5016 Et
922 4968 1036 5019 haec
1061 4961 1305 5034 quidem,
1334 4963 1383 5017 si
1412 4961 1469 5016 in
1497 4962 1671 5033 ipsius
1703 4961 2012 5019 Salomonis

434 5071 723 5127 personam
769 5054 1037 5111 referatur
1089 5053 1374 5124 inscriptio
1430 5051 1784 5127 Septuaginta
1837 5056 2015 5112 Inter-

435 5155 668 5217 pretum.
706 5163 827 5218 qua:
861 5165 879 5198 ι
935 5148 992 5202 in
1021 5145 1367 5201 Salomonem
1406 5164 1425 5197 ι
1456 5146 1640 5201 habet.
1674 5145 1771 5202 Sin
1812 5163 2013 5204 secun-

437 5240 565 5292 dum
594 5239 833 5309 reliquos
859 5239 1185 5309 interpretes
1210 5236 1518 5294 Salomonis
1543 5238 1828 5309 prophetia
1861 5239 2013 5294 dica-

438 5342 527 5385 tur
566 5348 721 5393 esse;
762 5331 1006 5387 dicemus
1056 5331 1233 5401 ipsum
1287 5330 1632 5386 Salomonem
1670 5330 1875 5401 Spiritu
1926 5346 2015 5385 re-

440 5426 669 5493 pletum,
700 5432 810 5479 tres
857 5424 947 5479 hic
994 5438 1258 5495 personas
1309 5424 1623 5489 declarare,
1669 5423 1870 5488 Deum,
1925 5423 2015 5478 cui

440 5516 744 5569 orationem
766 5516 998 5581 emittit;
1032 5531 1231 5584 regem,
1259 5530 1419 5585 quem
1452 5517 1509 5569 in
1532 5515 1790 5571 universa
1825 5530 2015 5585 regna-

444 5616 626 5660 turum
650 5608 923 5668 credebat,
950 5606 1201 5661 videlicet
1242 5605 1437 5660 Filium
1486 5605 1577 5661 Dei
1605 5624 1620 5672 ;
1657 5607 1818 5660 tertio
1841 5606 2016 5662 homi-

446 5713 591 5759 nem,
624 5715 785 5767 quem
811 5698 1107 5766 assumpsit
1134 5713 1197 5751 ex
1230 5698 1438 5752 semine
1462 5696 1651 5763 David,
1682 5713 1748 5753 ex
1790 5699 2019 5770 ipsoque

451 5790 743 5846 Salomone
779 5787 1154 5855 nasciturum;
1186 5787 1351 5841 alium
1378 5788 1444 5844 ab
1491 5787 1582 5843 illo
1629 5804 1754 5860 rege
1807 5789 1899 5861 qui
1961 5790 2017 5846 in

2112 4773 2175 4825 ὲκ
2211 4773 2524 4843 σπέρματος
2561 4772 2724 4827 αὑτοῦ
2768 4772 3222 4844 προελεύσεσθαιο
3258 4774 3323 4827 ἵν’
3348 4776 3376 4827 ὁ
3415 4774 3690 4847 γεννώμε-

2112 4883 2201 4929 νος
2239 4869 2267 4919 ὁ
2304 4867 2368 4919 ὲκ
2396 4864 2705 4937 πνεύματος
2740 4866 2833 4919 καὶ
2859 4864 3099 4934 διάδοχος
3140 4865 3325 4930 αὑτοῦ,
3358 4865 3693 4938 ὑποδεξάμε-

2113 4976 2203 5023 νος
2231 4958 2328 5029 τὴν
2366 4958 2465 5030 σὴν
2495 4956 2863 5028 δικαιοσύνην,
2913 4976 2931 5008 ‹
2958 4956 3207 5031 διακρίνῃ
3234 4959 3326 5011 τὸν
3357 4958 3481 5011 λαόν
3511 4976 3604 5012 σου
3631 4961 3692 5014 ἐν

2112 5050 2446 5123 δικαιοσύνῃ,
2480 5050 2578 5105 καὶ
2606 5052 2729 5113 τοὺς
2758 5047 3004 5121 πτωχούς
3050 5067 3141 5103 σου
3195 5051 3253 5102 ἐν
3295 5050 3494 5122 κρίσει.
3532 5071 3549 5102 ι
3581 5051 3693 5105 Καὶ

2113 5144 2285 5198 ταῦτα
2306 5144 2424 5216 μὲν,
2447 5143 2603 5215 εἴπερ
2619 5145 2697 5207 εἰς
2715 5142 2878 5198 αὐτοῦ
2909 5141 3199 5216 προσώπου
3232 5141 3326 5196 τοῦ
3349 5143 3690 5215 Σολομῶντος

2115 5238 2437 5310 ἀναφέροιτο
2494 5239 2529 5308 ή
2595 5234 2887 5309 προγραφὴ
2935 5236 3076 5289 κατὰ
3125 5236 3252 5298 τοὺς
3290 5234 3693 5307 Ἐϐδομήκοντα

2117 5334 2381 5405 φέρουσα,
2409 5349 2426 5381 ι
2452 5332 2532 5395 είς
2564 5329 2917 5398 Σολομῶντα⁹
2950 5348 2969 5380 ι
2998 5330 3047 5382 εἰ
3077 5328 3133 5382 δὲ
3158 5327 3299 5383 κατὰ
3326 5329 3451 5392 τοὺς
3473 5327 3693 5392 λοιποὺς

2117 5422 2457 5497 ἑρμηνευτάς
2501 5420 2593 5475 τοῦ
2638 5420 2985 5491 Σολομῶντος
3016 5417 3152 5475 εἶναι
3173 5419 3380 5489 λέγοιτο
3406 5422 3440 5491 ή
3482 5435 3695 5491 προφη-

2116 5516 2235 5568 τεία
2260 5556 2275 5579 ,
2324 5515 2602 5584 φήσομεν,
2641 5512 2724 5564 ὃτι
2758 5511 2919 5575 αὐτὸς
2956 5511 2985 5563 6
3035 5510 3321 5582 Σολομὼν,
3375 5508 3693 5581 Πνεύματος

2119 5606 2446 5676 πληρωθεὶς,
2496 5604 2621 5675 τρία
2667 5602 2757 5655 διὰ
2791 5602 2996 5655 τούτων
3042 5604 3337 5674 παρίστησι
3383 5603 3689 5674 πρόσωπα·

2117 5698 2209 5751 τὸν
2238 5698 2390 5760 Θεὸν,
2426 5689 2472 5763 ᾧ
2500 5695 2598 5765 τὴν
2630 5694 2795 5765 εὐχὴν
2830 5695 3163 5764 ἀναπέμπει,
3195 5694 3289 5749 καὶ
3328 5695 3420 5748 τὸν
3450 5694 3690 5763 βασιλέα,

2121 5790 2179 5843 6v
2227 5788 2487 5843 πέπειστο
2522 5786 2825 5857 βασιλεύειν
2855 5787 2961 5841 τῶν
2992 5787 3156 5850 ὅλων,
3191 5786 3395 5860 δηλαδὴ
3430 5788 3518 5841 τὸν
3571 5787 3691 5840 Υίὸν
