4126 6400
351 361 454 414 795

1454 361 1964 420 COMMENTARIA
2002 361 2070 417 IN
2110 358 2451 418 PSALMOS.

3517 360 3623 415 Ἰνι

343 480 438 534 τοῦ
488 479 656 534 Θεοῦ·
704 481 800 534 καὶ
842 480 1027 551 τρίτον
1079 480 1138 534 ὃν
1183 480 1474 553 ἀνείληφεν
1534 482 1821 553 ἄνθρωπον
1872 485 1928 536 ὲκ

2039 481 2251 553 psalmo
2288 479 2400 534 ait:
2439 495 2457 529 (
2498 475 2612 547 Ego
2656 482 2839 532 autem
2866 473 3204 531 constitutus
3249 489 3372 530 sum
3424 490 3522 530 rex
3551 474 3622 530 ab

346 573 661 644 σπέρματος
676 572 838 625 Δαυτδ
851 571 910 639 eg
935 572 1098 626 αὐτοῦ
1128 591 1189 626 τε
1215 573 1312 627 τοῦ
1350 573 1699 645 Σολομῶντος
1724 574 1927 643 γεννώ-

348 682 529 737 μενον,
559 665 749 736 ἓτερον
796 665 928 719 ὄντα
960 665 1115 738 παρὰ
1154 668 1248 720 τὸν
1304 666 1529 738 βασιλέα
1558 667 1649 721 τὸν
1695 666 1783 720 διὰ
1833 666 1927 720 τοῦ

341 758 559 830 ψαλμοῦ
600 759 807 828 φάντα·
845 778 863 811 ι
900 757 1045 829 Ἐγὼ
1080 760 1135 813 δὲ
1178 760 1518 831 κατεστάθην
1552 760 1805 831 βασιλεὺς
1836 760 1927 813 ὑπ’

343 851 508 905 αὐτοῦ
561 852 654 905 ἐπὶ
683 850 823 905 Σιὼν
876 852 1003 925 ὅρος
1055 853 1210 922 ἅγιον
1256 853 1422 907 αὐτοῦ
1446 893 1461 916 ,
1507 854 1838 924 διαγγέλλων
1866 852 1929 906 τὸ

343 945 674 1016 πρόσταγμα
702 945 931 1017 Κυρίου.
958 945 1164 1017 Κύριος
1178 941 1300 1001 εἷπε
1319 946 1454 1018 πρὸς
1479 947 1546 1018 μέ
1568 966 1580 981 ·
1611 947 1738 1011 Υἱός
1757 964 1858 1019 μου
1878 940 1931 998 εἴ

346 1037 409 1091 σύ
435 1055 450 1068 ·
486 1039 597 1107 ἐγὼ
627 1040 870 1111 σήμερον
889 1040 1199 1111 γεγέννηκά
1239 1057 1319 1095 σε.
1354 1040 1583 1113 Δί’τησαι
1606 1042 1737 1113 παρ’
1767 1039 1928 1113 ἐμοῦ,

344 1130 439 1184 κάὶ
471 1128 628 1183 δώσω
662 1148 744 1184 σοι
780 1130 908 1201 ἔθνη
960 1131 1060 1203 τὴν
1109 1132 1475 1205 κληρονομίαν
1524 1150 1614 1186 σου
1637 1174 1652 1198 ,
1689 1133 1785 1187 καὶ
1829 1132 1929 1205 τὴν

341 1222 674 1294 κατάσχεσίν
727 1242 819 1278 σου
867 1226 935 1279 τὰ
977 1224 1191 1295 πέρατα
1231 1225 1335 1296 τῆς
1374 1229 1497 1297 γῆς.
1534 1246 1553 1277 ι
1582 1226 1679 1280 Διὰ
1721 1225 1930 1281 τούτων

340 1316 450 1388 γὰρ
468 1317 655 1386 σαφῶς
676 1318 977 1383 καταστὰς,
997 1317 1183 1373 ἀκούει
1211 1320 1347 1388 πρὸς
1366 1319 1460 1373 τοῦ
1482 1320 1697 1392 Πατρός
1715 1337 1727 1350 ·
1755 1339 1772 1371 ι
1800 1321 1929 1383 Υίός

344 1426 446 1480 μου
501 1405 553 1463 εἶ
602 1410 706 1463 σύ·
765 1410 876 1479 ἐγὼ
928 1411 1168 1483 σήμερον
1214 1412 1523 1482 γεγέννηκά
1573 1429 1651 1465 σε.
1701 1410 1931 1483 Αἴτησαι

341 1504 472 1574 παρ’
494 1502 652 1573 ἐμοῦ,
682 1504 777 1556 καὶ
803 1503 961 1557 δώσω
994 1521 1075 1557 σοι
1105 1504 1232 1574 ἔθνη
1258 1505 1358 1577 τὴν
1387 1504 1751 1577 κληρονομίαν
1776 1522 1924 1558 σου.»

338 1588 463 1645 Οἵδε
508 1594 566 1647 δὲ
612 1594 707 1647 καὶ
753 1594 918 1658 αὐτὸς
948 1596 986 1648 6
1034 1594 1286 1667 Σολομὼν
1335 1596 1427 1649 τὸν
1463 1597 1590 1650 Υίὸν
1631 1596 1726 1650 τοῦ
1770 1596 1929 1661 Θεοῦ,

340 1684 534 1755 σοφίαν
578 1686 860 1757 ὀνομάζων
889 1687 1072 1753 αὐτὸν,
1106 1688 1166 1740 ὲν
1198 1682 1280 1752 οἷς
1330 1685 1389 1752 ἐξ
1423 1688 1589 1742 αὐτοῦ
1636 1688 1929 1759 προσώπου

338 1777 395 1828 ἐν
444 1775 775 1848 Παροιμίαις
830 1777 956 1831 τάδε
993 1777 1194 1849 φησίν·
1237 1798 1255 1829 ι
1315 1776 1456 1847 Ἐγὼ
1503 1780 1537 1850 ἡ
1576 1779 1746 1849 Σοφία
1793 1796 1925 1833 κατι

2033 590 2100 629 eo
2129 587 2295 643 super
2330 568 2462 625 Sion
2494 577 2735 625 montem
2796 576 3049 624 sanctum
3103 568 3259 637 ejus,
3312 566 3622 639 praedicans

2036 671 2365 735 praeceptum
2404 661 2633 716 Domini.
2667 659 2934 716 Dominus
2984 658 3123 715 dixit
3162 659 3232 715 ad
3273 675 3395 715 me:
3446 656 3623 716 Filius

2035 773 2190 813 meus
2229 772 2288 810 es
2313 763 2392 819 tu,
2427 769 2531 825 ego
2577 754 2739 809 hodie
2764 755 2929 823 genui
2963 760 3038 806 te.
3086 750 3311 806 Postula
3340 766 3372 805 a
3399 767 3487 807 me
3512 792 3528 817 ,
3567 760 3624 807 et

2036 848 2178 905 dabo
2211 847 2308 903 tibi
2344 854 2535 917 gentes
2582 844 2960 900 haereditatem
2996 849 3180 909 tuam,
3222 850 3277 899 et
3322 844 3629 914 possessio-

2036 956 2159 997 nem
2210 949 2360 994 tuam
2410 939 2675 994 terminos
2731 944 2891 995 terrae
2918 937 2963 993 ⁹.
3022 955 3042 989 ι
3089 934 3188 991 His
3244 935 3392 991 enim
3437 945 3627 1006 aperte

2035 1034 2389 1096 constitutus,
2425 1033 2541 1087 hac
2597 1046 2628 1086 a
2674 1029 2839 1085 Patre
2888 1028 3079 1084 audit:
3115 1047 3134 1081 ι
3170 1027 3345 1084 Filius
3376 1044 3533 1084 meus
3563 1044 3624 1083 es

2033 1134 2115 1191 tu,
2149 1141 2250 1195 ego
2290 1124 2454 1180 hodie
2486 1122 2653 1194 genui
2685 1130 2755 1176 te.
2782 1120 3004 1177 Postula
3034 1136 3066 1174 a
3107 1135 3214 1185 me,
3247 1126 3301 1174 et
3344 1119 3484 1174 dabo
3525 1118 3622 1172 tibi

2035 1224 2225 1287 gentes
2272 1214 2646 1269 baereditatem
2696 1222 2867 1265 tuam.
2922 1229 2941 1261 ι
2996 1208 3157 1264 Novit
3209 1223 3376 1278 porro
3421 1213 3475 1263 et
3507 1206 3627 1276 ipse

2038 1306 2296 1362 Salomon
2329 1303 2531 1359 Filium
2565 1302 2680 1367 Dei,
2707 1302 2801 1372 qui
2826 1302 3004 1371 ipsum
3039 1299 3364 1369 sapientiam
3382 1304 3546 1352 vocat
3564 1297 3619 1350 in

2035 1397 2370 1460 Proverbiis,
2404 1396 2497 1451 ubi
2523 1410 2591 1451 ex
2622 1394 2742 1465 ejus
2765 1408 2999 1463 persona
3037 1392 3117 1447 sic
3149 1392 3427 1461 loquitur:
3455 1409 3476 1443 ι
3509 1390 3626 1463 Ego

2039 1491 2318 1563 Sapientia
2343 1487 2643 1544 inhabitavi
2680 1486 2991 1549 consilium,
3017 1494 3072 1539 et
3100 1482 3409 1548 scientiam,
3439 1488 3496 1536 et
3524 1497 3620 1537 co-

2036 1589 2353 1660 gitationem
2377 1600 2478 1657 ego
2500 1582 2772 1639 invocavi.
2798 1580 2900 1637 Per
2928 1595 3015 1635 me
3040 1593 3198 1649 reges
3228 1582 3460 1646 regnant
3481 1575 3560 1642 ¹⁰;
3596 1596 3621 1628 ι

2038 1695 2102 1734 ac
2124 1678 2360 1734 deinde:
2398 1696 2416 1729 ι
2470 1675 2735 1730 Dominus
2783 1671 2989 1727 creavit
3023 1685 3112 1725 me
3156 1667 3373 1723 initium
3406 1665 3621 1721 viarum

2039 1787 2261 1829 suarum
2293 1771 2350 1825 in
2388 1783 2555 1837 opera
2595 1783 2736 1822 sua:
2776 1771 2900 1818 ante
2938 1762 3197 1818 szeculum
3224 1757 3472 1814 fundavit
3503 1772 3612 1820 me.

337 1871 621 1938 εσκήνωσα
647 1869 861 1940 βουλὴν,
892 1871 987 1923 καὶ
1015 1871 1216 1939 γνῶσιν
1241 1872 1336 1923 καὶ
1355 1870 1563 1926 ἔννοιαν
1594 1869 1705 1940 ἐγὼ
1728 1873 1928 1925 ἐπεκα-

2032 1876 2323 1935 antequam
2362 1868 2577 1917 montes
2605 1860 3012 1915 collocarentur
3039 1876 3051 1910 :
3086 1862 3212 1909 ante
3234 1867 3426 1909 omnes
3450 1850 3621 1905 colles

337 1959 602 2032 λεσάμην.
631 1963 711 2013 Δι’
738 1961 874 2032 ἐμοῦ
910 1961 1154 2032 βασιλεῖς
1181 1962 1555 2033 βασιλεύουσι·
1588 1983 1605 2015 ι
1645 1965 1737 2017 καὶ
1768 1965 1924 2036 ἑξῆς·

344 2072 362 2103 ι
406 2052 614 2124 Κύριος
661 2053 845 2106 ἔκτισέ
912 2072 977 2124 με
1017 2055 1191 2126 ἀρχὴν
1232 2054 1369 2109 ὁδῶν
1434 2055 1600 2108 αὐτοῦ
1662 2056 1743 2119 είς
1794 2055 1931 2127 ἔργα

336 2145 522 2199 αὐτοῦ.
561 2146 674 2217 Πρὸ
700 2146 794 2199 τοῦ
834 2146 1031 2210 αίῶνος
1060 2146 1389 2218 ἐθεμελίωσέ
1419 2165 1508 2218 με,
1549 2147 1657 2217 πρὸ
1692 2146 1788 2200 τοῦ
1828 2146 1929 2218 ὅρη

338 2237 677 2310 ἑδρασθῆναι
702 2256 716 2270 ·
773 2238 880 2311 πρὸ
938 2238 996 2291 δὲ
1048 2239 1267 2292 πάντων
1325 2238 1527 2308 βουνῶν
1571 2241 1736 2311 γεννᾷ
1789 2256 1877 2309 με.
1905 2258 1924 2290 ι

335 2331 590 2402 Γὲννημᾶ
618 2331 797 2385 τοίνυν
845 2331 939 2385 τοῦ
968 2331 1102 2385 Θεοῦ
1130 2332 1163 2402 ἡ
1215 2332 1375 2403 σοφία
1418 2333 1512 2386 καὶ
1540 2334 1569 2386 6
1603 2332 1731 2396 Υἱὸς
1762 2332 1929 2385 αὐτοῦ

335 2427 365 2478 6
391 2426 739 2495 Μονογενής·
777 2425 874 2478 καὶ
924 2425 1059 2496 περὶ
1085 2424 1250 2477 αὑτοῦ
1294 2423 1391 2494 τὴν
1436 2422 1717 2495 παροῦσαν
1764 2421 1929 2492 εὐχὴν

337 2517 651 2587 ἀναπέμπει
686 2517 714 2568 6
746 2515 999 2586 Σολομὼν
1030 2516 1282 2585 φάσκων·
1324 2536 1342 2567 ι
1380 2516 1436 2569 Ὀ
1459 2516 1613 2580 Θεὸς,
1643 2516 1706 2568 τὸ
1751 2514 1928 2587 κρίμα

339 2626 433 2662 σου
482 2610 559 2681 τῷ
593 2609 804 2680 βασιλεῖ
849 2610 973 2675 δὸς,
1020 2627 1041 2663 ι
1082 2609 1241 2681 δῆλον
1286 2609 1331 2663 δ’
1376 2610 1459 2662 δτι
1508 2608 1587 2679 τῷ
1636 2609 1931 2675 Μονογενεῖ

336 2702 497 2772 Λόγῳ
525 2719 639 2755 σου.
679 2700 901 2772 Ἐπειδὴ
936 2700 1045 2773 γὰρ
1072 2700 1293 2774 ἔκρινας
1323 2701 1485 2755 αὑτὸν
1511 2700 1603 2754 ἐπὶ
1627 2698 1732 2770 γῆς
1761 2698 1931 2769 ὀφθῆ-

335 2812 447 2858 ναι,
475 2795 563 2847 ἵνα
599 2794 672 2865 μὴ
713 2795 873 2865 μόνον
907 2794 1017 2847 τῶν
1052 2795 1174 2848 κατ’
1208 2792 1477 2866 οὐρανῶν,
1516 2790 1655 2846 ἀλλὰ
1696 2790 1790 2844 καὶ
1818 2790 1929 2844 τῶν

338 2884 432 2936 ἐπὶ
460 2883 563 2955 γῆς
591 2883 870 2954 βασιλεύῃ,
892 2884 1050 2937 τοῦτο
1072 2884 1134 2937 τὸ
1160 2884 1337 2955 κρίμα
1360 2884 1460 2955 ήδη
1485 2882 1617 2936 ποτε
1646 2883 1737 2935 ἐπὶ
1756 2881 1930 2953 πέρας

335 2974 582 3044 ἀγέσθω·
615 2978 709 3029 xai.
742 2976 841 3047 τὴν
869 2976 1216 3048 δικαιοσύνην
1247 2977 1305 3031 δὲ
1334 2977 1433 3048 τὴν
1467 2976 1565 3047 σὴν
1594 2975 1674 3047 τῷ
1700 2974 1802 3046 υἰῷ
1831 2973 1927 3028 τοῦ

337 3067 605 3137 βασιλέως
632 3068 740 3133 δὸς,
768 3069 961 3134 ὁΘεός·
982 3070 1097 3122 υίοῦ
1123 3069 1389 3140 βασιλέως
1413 3068 1648 3123 ἐνταῦθα
1671 3067 1764 3121 τοῦ
1787 3068 1930 3121 κατὰ

334 3159 517 3232 σάρκα
534 3161 823 3232 νοουμένου
854 3164 919 3215 ὲκ
945 3161 1262 3233 σπέρματος
1273 3160 1456 3227 Δαυῒδ,
1480 3160 1538 3214 ὃν
1565 3160 1727 3223 αὐτὸς
1750 3157 1928 3229 ἑαυτῷ

2034 1957 2209 2028 gignit
2238 1970 2325 2011 me
2350 1954 2413 2009 “.
2452 1972 2471 2005 ι
2499 1951 2690 2007 Proles
2722 1950 2888 2022 igitur
2919 1947 3013 2002 Dei
3046 1956 3131 2003 est
3159 1944 3427 2015 sapientia
3448 1952 3504 2000 et
3526 1940 3619 1996 Fi-

2034 2047 2141 2101 lius
2190 2045 2311 2114 ejus
2358 2042 2722 2114 Unigenitus:
2775 2041 2952 2109 deque
3004 2039 3100 2093 illo
3158 2036 3415 2091 Salomon
3475 2035 3619 2090 hanc

2034 2132 2535 2188 funditoralionem
2557 2130 2776 2186 dicens:
2809 2148 2827 2180 ι
2856 2127 3300 2197 Deus,judicium
3323 2133 3475 2180 tuum
3501 2126 3618 2188 regi

2032 2226 2125 2288 da,
2164 2245 2183 2278 ι
2219 2225 2432 2280 scilicet
2463 2222 2754 2294 Unigenito
2780 2219 2963 2277 Verbo
3008 2227 3126 2275 tuo.
3163 2218 3302 2284 Quia
3334 2218 3480 2274 enim
3526 2218 3620 2288 ju-

2032 2318 2233 2375 dicasti
2270 2325 2329 2372 ut
2358 2318 2413 2371 in
2444 2324 2593 2371 terra
2628 2314 2925 2378 videretur,
2964 2320 3024 2367 ut
3051 2328 3160 2367 non
3190 2311 3352 2366 modo
3378 2310 3619 2366 coelesti—

2032 2413 2161 2477 bus,
2183 2411 2279 2467 sed
2305 2412 2471 2465 etiam
2505 2407 2738 2463 terrenis
2767 2411 3052 2476 regnaret;
3083 2404 3187 2459 hoc
3217 2403 3485 2472 judicium
3501 2402 3617 2474 jam

2032 2506 2253 2562 demum
2293 2504 2361 2559 ad
2409 2500 2705 2558 terminum
2764 2498 3086 2554 deducatur.
3147 2497 3427 2553 Justitiam
3487 2497 3618 2551 item

2031 2607 2180 2652 tuam
2216 2596 2326 2650 ﬁlio
2356 2595 2501 2665 regis
2524 2632 2538 2657 ,
2579 2608 2613 2647 ο
2643 2591 2789 2647 Deus
2814 2631 2828 2655 ,
2860 2590 3100 2645 concede
3129 2608 3142 2645 :
3177 2590 3266 2644 hic
3307 2604 3439 2644 vero
3472 2588 3619 2644 ﬁlius

2030 2687 2178 2758 regis
2228 2684 2553 2753 intelligitur
2582 2681 2886 2738 secundum
2920 2694 3143 2735 carnem
3173 2694 3241 2733 ex
3273 2678 3481 2732 semine
3511 2676 3619 2732 Da-

2031 2780 2143 2843 vid,
2175 2793 2338 2849 quem
2372 2776 2466 2831 Dei
2491 2774 2753 2837 Verbum,
2787 2774 2929 2844 quod
2967 2780 3127 2827 antea
3153 2771 3474 2838 exsistebat,
3510 2769 3617 2826 sibi

2030 2887 2097 2927 ex
2149 2870 2355 2941 Spiritu
2403 2875 2596 2925 sancto
2658 2874 2713 2922 et
2772 2873 2964 2921 sancta
3010 2863 3232 2934 Virgine
3292 2862 3613 2919 constituit:

2030 2978 2192 3035 quem
2238 2961 2365 3016 item
2399 2968 2533 3031 puto
2567 2957 2917 3012 Salomonem
2974 2954 3029 3009 in
3074 2954 3387 3019 Proverbiis
3421 2952 3616 3008 subin-

2032 3057 2218 3112 dicare
2240 3055 2327 3109 bis
2349 3054 2569 3109 verbis:
2606 3071 2625 3102 ‹
2663 3052 2796 3116 Quis
2826 3050 3075 3106 ascendit
3105 3050 3158 3103 in
3189 3049 3388 3104 coelum
3430 3060 3484 3103 et
3521 3047 3619 3102 de-

2031 3150 2253 3206 cendit?
2286 3148 2422 3215 Quis
2484 3146 2834 3217 congregavit
2894 3152 3089 3199 ventos
3154 3144 3211 3197 in
3260 3143 3430 3198 sinu?
3480 3140 3619 3207 Quis

333 3252 364 3304 6
410 3229 607 3321 ⁷ιιιτροὼν
636 3229 732 3305 τοῦ
765 3251 901 3305 Θεοῦ
953 3229 1127 3323 Λόγος
1170 3252 1231 3318 ἐξ
1277 3253 1432 3323 ἁγίου
1473 3251 1792 3323 Πνεύματος
1830 3250 1924 3303 καὶ

2032 3242 2299 3296 convertit
2326 3253 2521 3308 aquam
2565 3236 2620 3289 in
2650 3233 3083 3291 vestimentum?
3127 3232 3263 3298 Quis
3299 3229 3618 3286 dominatus

331 3342 434 3411 τῆς
460 3343 629 3413 ἁγίας,
652 3343 937 3419 Παρθένου
985 3346 1352 3417 συνεστήσατο
1372 3363 1386 3376 ·
1414 3345 1473 3397 ὃν
1507 3346 1603 3398 καὶ
1630 3346 1688 3396 ὲν
1728 3344 1928 3412 Παροι-

342 3433 493 3516 ilia“;
521 3442 851 3498 αἰνίττεσθαι
885 3441 975 3495 τὸν
994 3439 1318 3511 Σολομῶντα
1337 3438 1473 3510 ἡγοῦ
1483 3456 1577 3508 μαι
1602 3439 1669 3492 δι’
1688 3430 1763 3489 ὧν
1777 3427 1928 3507 ’γρά-

340 3536 635 3606 φειλέγων·
650 3557 663 3584 ι
679 3535 775 3598 Τίς
803 3534 970 3605 ἀνέϐη
992 3534 1071 3596 είς
1086 3533 1177 3586 τὸν
1197 3533 1424 3603 οὐρανὸν
1441 3532 1534 3584 καὶ
1561 3530 1765 3599 κατέϐη
1791 3545 1805 3594 ;
1832 3528 1929 3591 Τίς

341 3629 647 3699 συνήγαγεν
674 3626 908 3698 ἀνέμους
934 3628 993 3679 ἐν
1019 3626 1234 3696 κόλπῳ;
1266 3625 1363 3688 Τίς
1392 3623 1752 3695 συνέστρεψεν
1784 3621 1929 3692 ὕδωρ

340 3722 398 3774 ὲν
418 3719 620 3792 ἱματίῳ
645 3736 659 3784 ;
682 3717 779 3782 Τίς
796 3718 1069 3790 ἐκράτησε
1092 3717 1311 3770 πάντων
1330 3716 1438 3769 τῶν
1463 3716 1647 3785 ἄκρων
1668 3716 1771 3785 τῆς
1791 3713 1893 3783 γῆς
1912 3728 1926 3777 ;

341 3814 407 3867 Τί
427 3813 596 3883 ὄνομα
626 3810 794 3882 αὐτῷ,
823 3811 916 3864 καὶ
946 3810 1000 3863 τί
1026 3810 1195 3879 ὄνομα
1226 3808 1305 3880 τῷ
1332 3807 1446 3878 Υίῷ
1479 3806 1680 3873 αὐτοῦ;
1714 3825 1733 3857 ι
1771 3805 1929 3858 υῦτω

341 3900 449 3973 γὰρ
486 3903 839 3973 ἡρμήνευσαν
871 3901 920 3953 oi
965 3899 1173 3952 λοιποί·
1213 3899 1242 3951 6
1290 3899 1387 3969 μὲν
1450 3897 1681 3960 Ἀκύλας
1717 3893 1886 3949 εἰπών
1911 3912 1924 3925 ·

348 4011 368 4044 ι
398 3993 463 4045 Τί
491 3994 663 4064 ὄνομα
695 3992 864 4063 αὐτῷ,
890 3994 987 4046 καὶ
1008 3992 1061 4044 τί
1088 3992 1259 4062 ὄνομα
1290 3988 1373 4059 τῷ
1407 3988 1521 4060 Υἱῷ
1547 3987 1711 4041 αὐτοῦ
1736 4005 1750 4053 ;
1785 4007 1803 4039 ι
1834 3986 1929 4039 καὶ

342 4088 371 4140 ὁ
393 4085 684 4139 Θεοδοτίων
701 4085 903 4156 ὁμοίως
919 4101 932 4114 ·
947 4103 966 4136 ι
985 4084 1049 4136 Τί
1078 4083 1248 4154 ὄνομα
1280 4081 1448 4152 αὐτῷ,
1470 4080 1563 4135 καὶ
1578 4081 1630 4134 τί
1658 4080 1827 4151 ὄνομα
1850 4080 1929 4151 τῷ

343 4175 459 4247 Υἱῷ
493 4174 693 4241 αὐτοῦς
724 4194 742 4227 ι
786 4174 979 4244 Σαφῶς
1016 4173 1127 4245 γὰρ
1159 4176 1216 4227 ὲν
1262 4172 1474 4236 τούτοις
1519 4174 1616 4243 μὲν
1648 4172 1929 4244 κρατήσας

342 4269 441 4339 τῆς
474 4269 596 4339 γῆς,
633 4268 728 4321 καὶ
759 4264 1155 4337 καταϐεϐηκὼς
1183 4265 1277 4319 καὶ
1309 4261 1548 4318 ἀνελθὼν
1574 4264 1654 4326 εἰς
1680 4262 1926 4334 οὐρανὸν,

343 4361 413 4415 τά
443 4378 503 4414 τε
536 4360 953 4430 λοιπὰμδεόμενα
977 4359 1076 4429 τῆς
1110 4356 1251 4410 κατὰ
1281 4355 1475 4428 σχολὴν
1501 4354 1797 4427 ἑρμηνείας
1836 4366 1930 4407 πε-

346 4451 610 4525 ποιηκὼς,
646 4452 820 4515 οὐδεὶς
851 4451 917 4505 ἂν
943 4451 1150 4520 γένοιτο
1170 4450 1355 4521 ἕτερος
1373 4446 1468 4503 τοῦ
1494 4445 1626 4500 Υίοῦ
1651 4445 1745 4499 τοῦ
1768 4444 1926 4509 Θεοῦ,

344 4549 405 4613 ὃς
432 4545 572 4601 αὐτὰ
597 4546 661 4616 δὴ
689 4545 864 4599 ταῦτα
889 4543 1154 4597 διδάσκων
1192 4541 1378 4609 ἔλεγεν
1401 4556 1414 4570 ·
1457 4559 1475 4592 ι
1504 4539 1693 4602 Οὐδεὶς
1729 4537 1928 4592 ἀναϐέ-

2033 3342 2116 3389 est
2138 3332 2381 3386 omnium
2426 3329 2616 3383 ﬁnium
2670 3326 2868 3383 terrae?
2898 3326 3053 3392 Quod
3094 3340 3293 3379 nomen
3342 3322 3462 3394 ejus
3489 3363 3503 3389 ,
3564 3331 3620 3377 et

2028 3426 2173 3498 quod
2198 3441 2397 3481 nomen
2430 3424 2540 3478 ﬁlio
2596 3422 2717 3492 ejus
2744 3422 2828 3475 "?
2864 3440 2883 3473 ι
2942 3419 3034 3475 Sic
3072 3419 3216 3474 enim
3274 3414 3619 3486 interpretati

2035 3529 2169 3577 sunt
2211 3519 2429 3590 reliqui,
2460 3517 2655 3587 Aquila
2708 3516 2919 3571 scilicet
2956 3514 3183 3568 dicens:
3237 3531 3255 3562 ι
3294 3509 3450 3577 Quod
3515 3524 3618 3562 no-

2029 3629 2151 3667 men
2183 3612 2324 3682 ipsi,
2366 3618 2420 3665 et
2465 3608 2610 3679 quod
2649 3622 2845 3661 nomen
2882 3606 2991 3659 ﬁlio
3037 3603 3191 3673 ejus?
3232 3622 3251 3654 ι
3316 3598 3620 3655 Theodotio

2030 3704 2317 3767 similiter,
2375 3721 2394 3753 ι
2434 3701 2590 3767 Quod
2644 3715 2844 3755 nomen
2892 3698 3046 3767 ejus,
3108 3704 3163 3751 ct
3214 3693 3358 3764 quod
3417 3706 3621 3746 nomen

2031 3797 2142 3852 ﬁlio
2176 3796 2340 3866 ejus?
2374 3816 2393 3847 ι
2428 3794 2590 3849 Clare
2628 3794 2774 3848 enim
2808 3791 2901 3861 qui
2933 3790 3021 3844 hic
3054 3788 3229 3843 fertur
3249 3794 3409 3841 term
3447 3784 3621 3853 impe-

2028 3904 2201 3951 rasse,
2228 3886 2582 3944 descendisse
2626 3895 2679 3940 et
2706 3882 3022 3939 ascendisse
3057 3880 3111 3933 in
3142 3878 3368 3944 coalum,
3398 3884 3453 3930 et
3490 3875 3621 3929 reli-

2029 3994 2137 4049 qua
2185 3977 2497 4048 peregisse,
2562 3990 2684 4045 quae
2732 3972 2953 4027 nonnisi
3006 3985 3100 4040 per
3144 3968 3318 4021 otium
3358 3963 3621 4034 explicari

2028 4077 2281 4141 possunt,
2314 4069 2500 4123 nullus
2528 4067 2668 4119 alius
2699 4079 2861 4135 quam
2894 4061 3068 4115 Filius
3109 4057 3206 4113 Dei
3260 4055 3465 4121 fuerit,
3526 4052 3624 4122 qui

2030 4164 2146 4218 haec
2179 4164 2296 4233 ipsa
2330 4161 2561 4217 docebat
2608 4159 2697 4214 his
2746 4156 2926 4212 verbis
2962 4174 2974 4209 :
3021 4171 3039 4204 ‹
3078 4150 3249 4205 Nemo
3286 4146 3533 4204 ascendit
3565 4146 3623 4198 in

2039 4255 2271 4318 malum,
2327 4252 2435 4308 nisi
2486 4249 2579 4320 qui
2612 4250 2678 4304 de
2712 4248 2851 4303 coelo
2903 4241 3189 4300 descendit
3242 4237 3413 4293 Filius
3442 4234 3624 4290 homi-

2002 4350 2117 4403 -nis
2150 4347 2215 4399 ¹³.
2259 4365 2277 4398 ι
2318 4344 2422 4411 Qui
2453 4352 2636 4398 autem
2688 4339 2779 4394 hic
2808 4336 2979 4391 Filius
3009 4334 3130 4404 ejus
3170 4330 3391 4391 dicitur,
3424 4342 3623 4382 secun-

2030 4443 2161 4497 dum
2197 4454 2418 4495 carnem
2455 4435 2817 4505 intelligatur,
2847 4444 3009 4500 quam
3033 4443 3099 4482 ex
3133 4423 3341 4480 semine
3376 4418 3546 4475 David
3568 4424 3624 4472 et

2033 4533 2346 4590 Salomonis
2375 4530 2572 4584 factam
2604 4530 2831 4595 accepit.

347 4606 515 4712 ϐηκεν
546 4642 626 4704 εἰς
650 4606 746 4693 τὸν
777 4639 1005 4710 οὐρανὸν
1047 4640 1097 4691 εί
1135 4637 1211 4709 μὴ
1237 4638 1265 4688 6
1292 4606 1356 4689 έκ
1388 4633 1484 4689 τοῦ
1529 4633 1757 4705 οὐρανοῦ
1790 4632 2034 4696 καταϐὰς
2074 4633 2102 4685 ὁ
2161 4629 2289 4693 Υἱὸς
2337 4627 2431 4681 τοῦ
2480 4622 2797 4712 άνθρὼπου·
2849 4640 2868 4671 ι
2909 4619 2966 4671 Ὀ
2992 4617 3034 4669 δ’
3062 4614 3292 4668 ἐνταῦθα
3336 4606 3628 4712 λεγόμενος

346 4700 511 4789 αύτοῦ
547 4700 674 4797 Υίὸς
704 4734 787 4805 εἴη
816 4700 883 4786 αν
916 4734 945 4786 6
966 4732 1109 4785 κατὰ
1136 4700 1337 4803 ’σάρκα
1365 4700 1673 4801 νοούμενος,
1700 4728 1767 4799 ἦν
1827 4726 2122 4798 ἀνείληφεν
2152 4726 2218 4778 ὲκ
2253 4700 2570 4793 σπέρματος
2604 4716 2766 4770 Δαυῖδ
2800 4715 2891 4769 καὶ
2924 4709 3265 4781 Σολομῶντος
3301 4700 3619 4773 γενομένην.

431 4847 569 4901 Ἀλλ’
609 4847 733 4901 ἐπεὶ
766 4846 1032 4899 Ἰουδαίων
1063 4845 1250 4909 παῖδες
1289 4845 1393 4908 τὰς
1425 4844 1796 4917 προκειμένας
1824 4843 1928 4896 τῶν

2110 4839 2216 4895 Sed
2243 4840 2371 4909 quia
2400 4836 2573 4891 Judaei
2602 4835 2704 4889 bas
2745 4827 3169 4885 Proverbiorum
3206 4834 3365 4875 voces
3396 4816 3622 4870 univer-

346 4939 664 5012 Παροιμιῶν
697 4938 878 5008 φωνὰς
908 4940 988 5002 εἰς
1019 4939 1110 4991 τὸν
1148 4939 1241 4992 ἐπὶ
1271 4939 1487 4992 πάντων
1525 4937 1657 4990 Θεὸν
1697 4935 1927 5012 ἀνάξου-

348 5010 454 5097 σιν,
477 5033 576 5085 οὐκ
608 5033 809 5095 εἰδότες
831 5031 921 5085 τὸν
946 5032 1072 5085 Υίὸν
1086 5031 1180 5085 τοῦ
1213 5030 1371 5095 Θεοῦ,
1394 5028 1631 5082 δεικτέον
1654 5010 1837 5092 αὐτοῖς
1865 5029 1930 5081 ὲκ

345 5124 454 5177 τῶν
480 5124 860 5194 προκειμένων
883 5126 958 5188 ὡς
994 5124 1124 5177 Υἱὸν
1163 5122 1321 5187 Θεοῦ,
1356 5121 1544 5192 σαφῶς
1572 5123 1666 5175 καὶ
1702 5121 1931 5193 6mm-

345 5214 444 5283 δην
473 5214 804 5286 παρίστησιν
830 5217 862 5286 ἡ
902 5213 1093 5290 Γραφὴ
1122 5214 1386 5282 λέγουσα·
1428 5232 1446 5265 ι
1471 5213 1536 5266 Τί
1557 5212 1730 5283 ὄνομα
1759 5210 1929 5281 αὐτῷ,

347 5306 443 5359 καὶ
460 5306 513 5359 τί
543 5307 711 5378 ὄνομα
743 5306 825 5377 τῷ
855 5307 969 5377 Υίῷ
1001 5305 1199 5371 αὐτοῦ;
1234 5325 1253 5357 ι
1282 5306 1507 5361 Φάσκων
1537 5305 1595 5358 δὲ
1620 5307 1650 5359 6
1688 5303 1844 5372 λόγος
1874 5305 1932 5356 ἐν

345 5397 427 5468 τῷ
450 5398 649 5471 ψαλμῷ
674 5416 686 5426 ·
713 5419 732 5450 ι
767 5401 827 5453 Ὀ
855 5399 1009 5465 Θεὸς,
1031 5401 1094 5453 τὸ
1116 5400 1291 5471 κρίμα
1322 5416 1416 5453 σου
1439 5397 1518 5469 τῷ
1552 5397 1762 5469 βασιλεῖ
1784 5396 1926 5460 δὸς,ι

347 5489 478 5543 ἄλλο
505 5485 641 5544 εἶναι
663 5491 725 5544 τὸ
745 5490 923 5563 κρίμα
949 5491 1100 5563 παρὰ
1121 5491 1221 5562 τὴν
1246 5492 1428 5563 κρίσιν
1451 5491 1715 5545 διδάσκει.
1738 5488 1930 5560 Κρίμα

348 5581 459 5654 γὰρ
490 5583 551 5635 τὸ
583 5582 731 5647 ἅπαξ
763 5583 919 5649 δόξαν
947 5582 1025 5654 τῷ
1050 5581 1169 5653 Θεῷ
1198 5582 1292 5636 καί
1320 5582 1381 5636 τὸ
1410 5580 1599 5653 κριθὲν
1625 5581 1753 5651 παρ’
1780 5578 1931 5650 αὐτῷ

347 5676 632 5747 τυγχάνει·
683 5676 864 5747 κρίσις
904 5676 962 5730 δὲ
1012 5675 1121 5730 τῶν
1169 5674 1504 5749 κρινομένων
1548 5673 1852 5745 διάκρισις,

425 5856 446 5887 ⁸
472 5854 615 5912 Psal.
647 5872 707 5925 ιι,
734 5856 855 5912 6-8.
934 5858 976 5889 ¹⁰
1002 5855 1160 5911 Prov.
1198 5870 1317 5921 vm,
1350 5854 1431 5911 12.
1514 5854 1552 5886 “
1580 5852 1712 5908 ibid.
1743 5851 1833 5919 ‘22,
1864 5850 1953 5904 25.

2031 4949 2216 4988 sorum
2247 4931 2356 4985 Deo
2405 4929 2667 4987 referent,
2700 4924 3009 4979 nescientes
3060 4917 3255 4973 Filium
3316 4911 3413 4966 Dei
3466 4909 3623 4995 liisce

2030 5026 2212 5083 verbis
2251 5023 2409 5093 quasi
2447 5036 2576 5077 vere
2616 5018 2810 5072 Filium
2842 5014 2935 5069 Dei
2969 5005 3453 5068 demonstrandum
3487 5002 3625 5072 ipsis

2033 5132 2176 5179 esse,
2206 5114 2259 5168 id
2295 5114 2441 5168 clare
2476 5118 2531 5166 et
2566 5115 2751 5179 aperte
2779 5104 3064 5173 Scriptura
3116 5099 3359 5153 declarat
3390 5094 3476 5148 his
3504 5107 3624 5146 ver-

2035 5210 2153 5264 bis:
2183 5226 2201 5258 ι
2226 5205 2385 5273 Quod
2412 5219 2612 5259 nomen
2640 5201 2781 5270 ejus,
2800 5207 2853 5253 et
2876 5195 3022 5267 quod
3048 5208 3243 5248 nomen
3262 5188 3399 5243 Filio
3418 5186 3564 5255 ejus?
3595 5204 3615 5236 ι

2039 5303 2176 5358 Cum
2225 5308 2404 5353 autem
2434 5294 2720 5365 Scriptura
2760 5292 2815 5345 in
2850 5289 3061 5358 psalmo
3095 5285 3252 5347 dicit,
3289 5302 3307 5333 ‹
3348 5280 3512 5342 Deus,
3540 5278 3626 5348 ju-

2039 5394 2244 5451 dicium
2297 5398 2449 5445 tuum
2498 5388 2611 5457 regi
2654 5384 2758 5450 da;
2801 5401 2820 5432 ›
2865 5381 3141 5435 diversum
3186 5391 3308 5431 esse
3353 5372 3621 5443 judicium

2038 5503 2070 5542 a
2097 5484 2437 5556 judicatione
2465 5480 2644 5535 docet.
2673 5475 2808 5529 Nam
2860 5471 3127 5543 judicium
3162 5477 3248 5524 est
3275 5465 3419 5536 quod
3452 5464 3622 5519 semel

2037 5577 2148 5633 Deo
2188 5575 2446 5647 placitum
2483 5582 2537 5627 et
2563 5569 2866 5639 judicatum
2903 5571 3025 5629 est;
3056 5560 3323 5632 judicatio
3370 5572 3502 5613 vero
3534 5562 3621 5611 est

2038 5684 2225 5727 eorum
2256 5682 2376 5739 quae
2399 5665 2717 5736 judicantur
2750 5672 2999 5721 examen,
3036 5654 3179 5726 quod
3232 5649 3481 5723 sequitur
3522 5661 3621 5718 pro

2037 5850 2076 5881 ι’
2108 5845 2268 5901 Prov.
2293 5846 2383 5903 ὅθ,
2410 5844 2461 5898 4.
2578 5841 2620 5873 ⁸³
2649 5838 2807 5894 Joan.
2834 5853 2917 5901 ιιι,
2962 5834 3044 5889 l3.
