4128 6392
473 361 581 419 795

1146 362 1415 418 EUSEBll
1452 360 1937 418 CIIZSARIENSIS
1978 361 2129 420 OPP.
2173 361 2353 417 PARS
2393 361 2575 420 lll.—
2603 358 3017 415 EXEGETICA.

3629 358 3747 415 τες.

470 479 669 535 merito
700 478 929 549 singulis
966 478 1092 533 data
1135 480 1443 538 retributio.
1492 479 1673 547 Quare
1702 481 1790 535 hic
1819 496 1928 535 non
1965 481 2044 551 ju-

2154 480 2551 553 παρακολουθεῖ
2580 478 2648 532 τὸ·
2691 479 2810 532 κατ’
2844 476 2998 542 ἀξίαν
3044 472 3441 547 ἀπονεμητικὸν
3490 473 3727 546 ἑκάστῳ.

472 570 799 627 dicationem
848 573 1089 642 postulat
1120 574 1232 643 regi
1265 574 1405 636 dari,
1438 574 1535 631 sed
1574 574 1840 644 judicium
1865 614 1879 638 ,
1933 574 2048 629 sive

471 663 797 719 sententiam
830 672 884 719 et
915 664 1171 733 placitum
1200 663 1380 720 Patris
1409 666 1476 720 de
1509 664 1694 720 divino
1720 665 1840 720 Filii
1871 667 1956 721 sui
1980 665 2048 719 ad

470 752 721 809 homines
754 753 1009 808 adventu.
1067 753 1343 809 Judicium
1393 757 1577 825 itaque
1630 758 1779 827 regi,
1833 758 2046 827 justitia

468 860 601 901 vero
629 845 739 900 filio
768 847 911 915 regis
940 845 1120 900 datur.
1155 848 1276 916 Ipse
1301 848 1500 917 quippe
1534 863 1628 902 rex
1653 848 1864 917 justitia
1906 857 2046 912 erat,

469 943 531 989 ut
587 936 829 990 declarat
885 936 1178 1008 Apostolus
1230 938 1467 994 dicens:
1510 957 1527 990 ι
1571 940 1673 1006 Qui
1734 940 1911 995 factus
1962 949 2048 996 est

466 1024 627 1080 nobis
661 1026 929 1095 sapientia
962 1042 991 1081 a
1024 1026 1155 1091 Deo,
1182 1029 1397 1098 justitia
1430 1031 1555 1085 item
1586 1042 1641 1086 et
1666 1032 2044 1097 sanctificatio,

466 1127 522 1172 et
549 1120 853 1190 redemptio
878 1122 943 1176 “.
982 1140 1001 1172 ι
1043 1120 1167 1175 Haec
1218 1126 1398 1193 itaque
1436 1121 1613 1177 Patris
1672 1123 1885 1191 justitia
1937 1124 2048 1177 lilio

464 1208 611 1278 regis
664 1210 789 1263 data
850 1219 930 1266 est
999 1227 1066 1267 ex
1114 1213 1322 1267 semine
1373 1212 1540 1267 David
1592 1214 1893 1268 secundum
1926 1230 2047 1268 car-

469 1314 595 1353 nem
654 1299 842 1356 facto:
884 1303 941 1356 in
975 1318 1083 1372 quo
1136 1319 1236 1357 ceu
1280 1304 1335 1357 in
1386 1305 1586 1374 templo
1634 1304 1893 1359 habitavit
1951 1305 2045 1360 Dei

464 1392 692 1446 verbum
746 1406 799 1448 et
842 1396 1107 1465 sapientia
1152 1403 1206 1451 et
1249 1396 1482 1465 justitia.
1520 1397 1754 1453 Causam
1787 1414 1917 1453 vero
1947 1414 2048 1452 cur

462 1481 679 1550 justitia
712 1494 1012 1540 memorato
1044 1488 1154 1541 lilio
1185 1488 1329 1559 regis
1364 1488 1490 1543 data
1524 1491 1634 1553 sit,
1665 1490 1858 1545 deinde
1888 1490 2045 1545 docet

468 1574 558 1629 his
585 1575 764 1630 verbis
789 1595 802 1630 :
841 1596 860 1629 ι
896 1577 1152 1635 Judicare
1172 1581 1430 1649 populum
1465 1589 1617 1636 tuum
1647 1582 1700 1637 in
1730 1583 1967 1652 justitia,
1992 1594 2047 1640 et

467 1679 738 1735 pauperes
768 1674 894 1723 tuos
924 1669 980 1723 in
1008 1670 1244 1738 judicio.
1282 1690 1301 1724 ι
1330 1670 1633 1742 Oportebat
1664 1677 1809 1729 enim
1843 1690 2045 1745 paupe-

467 1770 559 1810 res
594 1754 708 1822 Dei,
745 1767 797 1811 et
828 1759 1089 1828 populum
1113 1760 1235 1829 ejus
1276 1761 1330 1815 in
1362 1763 1681 1819 hominibus
1706 1780 1735 1817 a
1764 1765 1873 1820 filio
1902 1768 2045 1837 regis

2154 574 2352 644 Διόπερ
2396 572 2629 628 ἐνταῦθα
2666 574 2725 625 οὐ
2756 571 2853 644 τὴν
2894 570 3075 641 κρίσιν
3116 566 3256 632 ἀξιοῖ
3298 567 3479 621 δοῦναι
3505 567 3582 638 τῷ
3628 565 3727 637 βα-

2156 665 2316 719 σιλεῖ·
2350 665 2485 719 ἀλλὰ
2516 666 2578 719 τὸ
2614 664 2809 736 κρίμα,
2833 662 3082 716 τουτέστι
3098 661 3158 714 τὸ
3196 661 3370 731 δόγμα
3395 658 3490 713 καὶ
3520 657 3580 710 τὸ
3608 674 3731 729 κρι-

2156 758 2246 813 θὲν
2278 758 2353 830 τῷ
2380 758 2554 830 Πατρὶ
2597 757 2724 829 περὶ
2766 756 2867 824 τῆς
2916 756 2996 818 είς
3040 751 3361 824 ἀνθρώπους
3411 748 3730 820 θεοφανείας

2155 849 2339 903 αὐτοῦ.
2373 849 2445 902 Τὸ
2484 849 2582 920 μὲν
2619 844 2712 901 οῦν
2756 846 2928 918 κρίμα
2968 843 3046 914 τῷ
3082 842 3297 913 βασιλεῖ
3331 841 3572 895 δέδοται·
3603 842 3637 910 ἡ
3669 837 3727 891 δέ

2153 941 2465 1011 δικαιοσύνη
2498 940 2577 1011 τῷ
2605 939 2705 1010 υίῷ
2734 938 2828 991 τοῦ
2857 935 3138 1007 βασιλέως,
3166 933 3487 1003 Δικαιοσύνη
3524 932 3632 1004 γὰρ
3658 925 3729 1001 ἦν

2154 1034 2314 1096 αὐτὸς
2344 1035 2371 1085 6
2412 1032 2699 1103 βασιλεὺς,
2748 1029 2934 1098 ὥσπερ
2971 1021 3063 1079 οὖν
3116 1025 3442 1096 παρίστησιν
3482 1025 3511 1077 6
3569 1024 3728 1077 Ἀπό-

2156 1125 2339 1189 στολος
2368 1124 2537 1178 εἰπών
2556 1140 2569 1154 ·
2609 1141 2628 1174 ι
2658 1125 2753 1187 Ὃς
2788 1120 3016 1191 ἐγενήθη
3058 1120 3190 1189 ἡμῖν
3242 1117 3403 1185 σοφία
3431 1116 3541 1169 άπὸ
3568 1115 3726 1179 Θεοῦ,

2152 1214 2463 1285 δικαιοσύνη
2496 1231 2555 1267 τε
2578 1214 2672 1267 καὶ
2697 1212 2986 1281 ἁγιασμὸς,
3014 1210 3107 1261 καὶ
3135 1206 3521 1279 ἀπολύτρωσις
3544 1226 3562 1258 ι
3580 1202 3731 1277 Αὕτη

2152 1309 2325 1362 τοίνυν
2351 1310 2383 1379 ἡ
2415 1306 2509 1360 τοῦ
2533 1305 2745 1376 [ἰατρὸς
2770 1302 3083 1371 δικαιοσύνη
3107 1300 3184 1370 τῷ
3212 1299 3325 1370 Υίῷ
3343 1299 3438 1352 τοῦ
3471 1298 3729 1370 βασιλέως

2152 1402 2358 1455 δέδοται
2406 1400 2483 1471 τῷ
2518 1396 2582 1453 ἐκ
2626 1398 2937 1469 σπέρματος
2980 1393 3143 1447 Δαυῗδ
3182 1392 3324 1446 κατὰ
3362 1392 3543 1463 σάρκα
3574 1406 3743 1459 γενοσΔ

2156 1494 2333 1566 μένῳο
2384 1494 2441 1546 ἐν
2474 1486 2518 1560 ᾧ
2561 1488 2880 1560 κατῴκησεν
2919 1486 3109 1556 ὥσπερ
3140 1487 3195 1539 ἐν
3228 1483 3342 1555 ναῷ
3392 1485 3421 1537 6
3461 1481 3555 1535 τοῦ
3593 1480 3755 1534 Θεοῦο

2152 1586 2307 1653 λόγος
2335 1586 2429 1639 καὶ
2472 1586 2505 1655 ἡ
2543 1582 2725 1653 σοφία,
2765 1580 2919 1650 καὶὴ
2953 1576 3287 1648 δικαιοσύνη.
3324 1574 3434 1647 Τὴν
3466 1574 3523 1627 δέ
3554 1572 3732 1626 αἰτίαν

2152 1677 2245 1730 τοῦ
2272 1677 2489 1748 δοθῆναι
2533 1675 2630 1746 τὴν
2671 1671 3017 1741 δικαιοσύνην
3050 1668 3128 1741 τῷ
3159 1667 3451 1740 δηλωθέντι
3496 1664 3600 1736 υἱῷ
3636 1665 3735 1718 τοῦ

2156 1767 2444 1838 βασιλέως,
2480 1763 2609 1836 ἐξῆς
2652 1764 2895 1819 διδάσκει
2922 1763 3126 1832 λέγων’
3172 1780 3190 1812 ‹
3221 1759 3445 1831 Κρίνειν
3485 1758 3575 1811 τὸν
3604 1756 3735 1811 λαόν
3824 1786 3829 1791 ι

468 1847 524 1901 in
554 1846 771 1916 justitia
796 1849 1036 1919 judicari
1075 1872 1086 1907 :
1123 1853 1253 1923 quia
1306 1855 1413 1909 alio
1461 1857 1623 1911 modo
1662 1873 1841 1929 regem
1868 1876 2044 1916 susce-

2151 1880 2241 1916 σου
2269 1863 2326 1914 ἐν
2358 1858 2694 1931 δικαιοσύνῃ,
2724 1858 2818 1911 καὶ
2843 1857 2969 1919 τοὺς
2994 1852 3243 1923 πτωχούς
3275 1869 3368 1905 σου
3396 1852 3453 1903 ἐν
3487 1850 3684 1922 κρίσει.
3708 1869 3731 1901 ι

468 1942 613 2011 pturi
655 1956 763 1995 non
804 1951 980 1997 erant.
1015 1943 1385 2011 Quamobrem
1422 1946 1651 2002 formam
1701 1952 1844 2004 servi
1900 1953 2046 2006 acci—

468 2032 625 2101 piens
651 2042 705 2088 et
732 2035 921 2089 habitu
946 2037 1198 2093 inventus
1234 2046 1293 2091 ut
1315 2038 1498 2099 homo,
1530 2056 1625 2109 per
1649 2038 1844 2094 Filium
1870 2042 2045 2097 homi-

469 2124 557 2181 nis
592 2142 752 2196 quem
788 2130 1105 2198 assumpsit,
1148 2146 1215 2186 ex
1256 2131 1515 2187 omnibus
1562 2135 1818 2203 gentibus
1848 2151 2046 2189 secun-

465 2218 595 2273 dum
634 2222 739 2275 hoc
760 2223 895 2292 justi
926 2223 1029 2277 viri
1056 2224 1263 2293 dictum
1294 2224 1395 2296 (1),
1426 2244 1445 2277 ι
1473 2227 1634 2297 elegit
1656 2227 1758 2282 sibi
1786 2230 2044 2299 populum

466 2312 798 2381 peculiarem
828 2316 905 2382 ¹⁵;
950 2333 969 2366 ι
1008 2331 1221 2373 necnon
1258 2331 1354 2372 eos
1376 2317 1469 2387 qui
1505 2319 1593 2372 hic
1618 2335 1887 2389 pauperes
1924 2324 2043 2389 ejus

466 2412 761 2469 vocantur,
797 2422 935 2475 quos
980 2407 1072 2463 ille
1107 2408 1299 2465 beatos
1347 2411 1608 2480 praedicat
1669 2412 1756 2467 his
1808 2413 1991 2467 verbis
2028 2433 2041 2467 :

473 2507 495 2543 ι
539 2492 690 2549 Beati
732 2512 1003 2568 pauperes
1046 2499 1268 2568 spiritu,
1336 2502 1594 2571 quoniam
1660 2503 1906 2571 ipsorum
1962 2513 2045 2559 est

466 2600 759 2657 regnorum
780 2590 1044 2644 ctelorum
1074 2591 1136 2646 “.
1181 2612 1200 2644 ι
1231 2592 1295 2645 Ει
1316 2594 1451 2649 alias
1482 2595 1548 2648 de
1573 2595 1789 2663 justitia
1811 2596 1925 2649 haec
1946 2596 2046 2649 do-

462 2682 555 2729 cet
585 2678 882 2745 Apostolus
911 2698 925 2734 :
968 2699 985 2731 ι
1025 2678 1145 2734 Non
1170 2682 1315 2735 enim
1341 2684 1610 2738 erubesco
1640 2683 1993 2755 Evangelium
2030 2705 2042 2740 :

466 2765 646 2820 virtus
680 2769 825 2822 enim
869 2768 963 2824 Dei
994 2778 1079 2825 est
1110 2771 1165 2826 in
1201 2774 1435 2828 salutem
1465 2776 1613 2829 omni
1649 2777 1917 2842 credenti,
1952 2775 2046 2831 Ju-

467 2857 587 2912 daeo
612 2860 870 2928 primum,
901 2870 956 2915 et
983 2860 1193 2919 Graeco.
1224 2860 1445 2918 Iustitia
1470 2866 1617 2921 enim
1654 2866 1710 2920 in
1732 2867 1852 2936 ipso
1889 2882 2045 2922 reve~

465 2950 616 3003 latuc
640 2951 704 3006 ".
758 2970 777 3003 ι
820 2951 897 3007 De
930 2953 1264 3024 pauperibus
1293 2957 1421 3009 item
1448 2956 1563 3011 haec
1607 2958 1725 3027 ipse
1752 2957 1993 3013 declarat
2028 2979 2041 3014 :

472 3059 493 3092 ι
534 3039 727 3096 Videte
762 3044 907 3097 enim
942 3046 1290 3099 vocationem
1333 3055 1597 3111 vestram,
1641 3047 1860 3112 fratres,
1917 3050 2045 3119 quia

465 3147 579 3186 non
630 3133 785 3187 multi
831 3135 1106 3205 sapientes
1138 3137 1438 3192 secundum
1472 3154 1714 3204 carnem,
1748 3155 1858 3195 non
1888 3142 2043 3196 multi

467 3223 704 3289 nobiles,
740 3240 849 3281 non
890 3229 1044 3282 multi
1072 3236 1325 3299 potentes
1365 3250 1378 3286 :
1425 3232 1523 3287 sed
1554 3248 1674 3303 quae
1699 3234 1865 3288 stulta
1918 3243 2046 3289 sunt

466 3315 684 3381 mundi,
707 3316 869 3388 elegit
887 3316 1052 3383 Deus,
1087 3327 1146 3373 ut
1175 3320 1476 3376 confundat
1516 3324 1837 3393 sapientes;
1874 3332 1929 3380 et
1961 3326 2047 3378 in-

468 3407 626 3462 firma
663 3416 719 3463 et
742 3412 1175 3480 contemptibilia
1210 3413 1397 3483 elegit,
1430 3421 1483 3468 et
1510 3428 1572 3468 ea
1612 3430 1733 3483 qua:
1764 3432 1873 3471 non
1898 3427 2045 3479 sunt,

465 3510 527 3557 ut
550 3518 614 3557 ea
640 3519 761 3574 qua:
777 3514 926 3570 sunt,
954 3504 1302 3573 destrueret;
1344 3515 1401 3559 ut
1436 3522 1543 3561 non
1577 3506 1839 3577 glorietur
1868 3509 2048 3564 omnis

466 3610 598 3649 caro
626 3597 679 3650 in
711 3605 1009 3666 conspectu
1040 3595 1137 3651 Dei
1165 3597 1231 3651 ¹⁸.
1274 3617 1293 3649 ι

2152 1956 2299 2009 Ἔδει
2332 1952 2440 2027 γὰρ
2474 1954 2598 2015 τοὺς
2624 1952 2873 2021 πτωχοὺς
2902 1947 2997 2001 τοῦ
3029 1944 3166 2000 Θεοῦ
3195 1946 3291 1999 καὶ
3312 1945 3404 1998 τὸν
3435 1947 3491 1998 ἐν
3520 1941 3734 2015 ἀνθρώ-

2149 2064 2271 2109 ποις
2302 2045 2429 2098 λαὸν
2470 2041 2635 2097 αὑτοῦ
2670 2042 2774 2095 ὑπὸ
2803 2040 2897 2094 τοῦ
2940 2039 3058 2092 υἱοῦ
3086 2037 3181 2091 τοῦ
3233 2036 3495 2108 βασιλέως
3525 2035 3736 2108 διακρί-

2146 2136 2332 2191 νεσθαι
2363 2138 2421 2189 ἐν
2450 2132 2789 2205 δικαιοσύνῃ·
2824 2131 2945 2187 ἐπεὶ
2990 2131 3064 2203 μὴ
3096 2128 3337 2201 ἐχώρουν
3375 2127 3548 2189 ἄλλως
3580 2125 3737 2192 δέξα-

2149 2228 2270 2282 σθαι
2298 2227 2387 2280 τὸν
2418 2225 2660 2297 βασιλέα.
2693 2225 2893 2296 Διόπερ
2938 2222 3150 2294 μορφὴν
3191 2219 3375 2273 δούλου
3424 2217 3601 2272 λαὸὼν
3640 2218 3738 2270 καὶ

2150 2322 2385 2391 σχήματι
2436 2316 2680 2389 εὑρεθεὶς
2732 2316 2807 2379 ὡς
2855 2314 3163 2386 ἄνθρωπος,
3197 2313 3263 2366 δι’
3324 2302 3386 2364 οῦ
3444 2310 3753 2379 ἀνείληφεν-

2148 2412 2278 2465 Υἱοῦ
2316 2410 2604 2482 ἀνθρώπου
2640 2408 2701 2474 ἐξ
2734 2408 2989 2462 ἁπάντων
3016 2406 3123 2460 τῶν
3159 2405 3327 2459 ἐθνῶν
3362 2403 3501 2457 κατὰ
3538 2401 3633 2455 τοῦ
3657 2401 3734 2455 δι-

2146 2504 2301 2558 καίου
2340 2503 2517 2572 λόγον.
2570 2522 2589 2554 ‹
2621 2500 2903 2568 ἐξελέξατο
2944 2497 3121 2568 ἐαυτῷ
3162 2497 3288 2550 λαὸν
3339 2494 3674 2566 περιούσιον,
3707 2512 3727 2545 ι

2147 2599 2240 2651 καὶ⁸
2271 2598 2397 2660 τοὺς
2446 2595 2815 2666 καλουμένους
2860 2590 3027 2647 αὑτοῦ
3060 2590 3330 2660 πτωχοὺς,
3364 2587 3457 2651 οὓς
3501 2587 3594 2639 καὶ
3630 2601 3753 2655 μαι--

2147 2688 2388 2760 καρίζων
2420 2688 2569 2757 ἔλεγε
2592 2705 2604 2718 ο
2642 2707 2659 2738 ι
2688 2686 2962 2755 Μακάριοι
3010 2684 3059 2737 οἱ
3096 2682 3302 2752 πτωχοὶ
3338 2680 3416 2750 τῷ
3442 2680 3731 2747 πνεύματι,

2147 2781 2229 2833 ὃτι
2251 2778 2428 2833 αὐτῶν
2456 2781 2601 2831 ἐστιν
2631 2780 2664 2849 ὴ
2688 2777 2934 2849 βασιλεία
2952 2775 3061 2829 τῶν
3081 2772 3346 2846 οὐρανῶν.
3373 2791 3391 2822 ι
3423 2771 3533 2823 Καὶ
3558 2768 3751 2830 ἄλλως.

2145 2871 2203 2924 δὲ
2234 2871 2363 2943 περὶ
2406 2871 2508 2939 τῆς
2551 2868 2897 2940 δικαιοσύνης
2940 2867 3181 2921 διδάσκει
3219 2868 3248 2920 6
3289 2864 3607 2925 Ἀπόστολος
3644 2863 3733 2917 λέ-

2147 2978 2259 3031 γων
2278 2978 2292 2993 ·
2321 2982 2339 3013 ι
2365 2962 2439 3015 Ού
2464 2961 2571 3033 γὰρ
2603 2964 3001 3031 ἐπαισχύνομαι
3030 2960 3092 3013 τὸ
3113 2959 3443 3027 Εὑαγγέλιον
3463 2975 3477 2988 ·
3504 2957 3734 3027 δύναμις

2148 3055 2256 3125 γὰρ
2282 3053 2417 3108 Θεοῦ
2461 3057 2608 3109 ἐστιν
2644 3055 2723 3118 εἰς
2767 3053 3041 3124 σωτηρίαν
3084 3052 3251 3104 παντὶ
3287 3050 3367 3120 τῷ
3400 3051 3730 3110 πιστεύοντι,

2162 3145 2401 3217 Ἰουδαίῳ
2431 3163 2492 3199 τε
2520 3145 2735 3217 πρῶτον
2773 3145 2868 3199 καὶ
2897 3144 3137 3214 Ἕλληνι.
3173 3143 3498 3212 Δικαιοσύνη
3536 3142 3645 3212 γὰρ
3675 3142 3737 3194 ἐν

2149 3235 2296 3306 αύτῷ
2322 3236 2781 3290 ἀποκαλύπτεται.
2816 3256 2834 3287 ι
2868 3236 2978 3288 Καὶ
3012 3236 3142 3306 περὶ
3171 3233 3540 3304 τῶνηπτωχῶν
3572 3232 3755 3286 πάλιν

2146 3330 2175 3381 6
2217 3329 2376 3392 αὐτὸς
2404 3329 2655 3397 διασαφεῖ
2698 3328 2871 3397 λέγων
2894 3345 2907 3359 ’
2944 3347 2962 3379 ι
2994 3328 3229 3381 Βλέπετε
3255 3326 3363 3397 γὰρ
3396 3327 3495 3397 τὴν
3542 3326 3723 3397 κλῆσιν

2149 3420 2321 3491 ὑμῶν,
2355 3420 2571 3489 ἀδελφοί
2592 3438 2604 3451 ·
2633 3421 2715 3473 ὅτι
2744 3421 2803 3472 οὺ
2835 3419 3022 3473 πολλοὶ
3054 3419 3207 3488 σοφοὶ
3252 3418 3394 3472 κατὰ
3438 3418 3636 3487 σάρκα,
3667 3416 3733 3471 ού

2148 3512 2334 3565 πολλοὶ
2378 3514 2636 3582 εὐγενεῖς,
2665 3514 2727 3566 o6
2776 3512 2962 3565 πολλοὶ
2993 3511 3242 3565 δυνατοί·
3282 3510 3419 3565 ἀλλὰ
3468 3509 3537 3563 τὰ
3572 3510 3731 3581 μωρὰ

2147 3603 2242 3656 τοῦ
2276 3603 2481 3675 κόσμου
2533 3602 2813 3671 ἐξελέξατο
2850 3606 2878 3656 6
2919 3602 3080 3665 Θεὸς,
3109 3602 3196 3655 ἵνα
3242 3600 3575 3670 καταισχύνῃ
3607 3597 3732 3660 τοὺς

465 3687 692 3757 σοφούςο
725 3688 818 3741 καὶ
860 3686 929 3741 τὰ
956 3687 1155 3759 ἀσθενῆ
1192 3688 1283 3741 καὶ
1321 3687 1390 3741 τὰ
1418 3688 1815 3761 ἐξουθενημένα
1862 3690 2165 3759 ἐξελέξατο,
2192 3696 2382 3749 καὶτὰ
2416 3696 2493 3768 μὴ
2518 3696 2667 3759 ὄντα,
2736 3696 2821 3748 ἵνα
2883 3695 2954 3747 τὰ
2991 3694 3121 3747 ὅντα
3184 3695 3544 3763 καταργήσῃ·
3581 3692 3730 3754 ὅπως

468 3786 543 3858 μὴ
578 3786 921 3857 καυχήσηται
956 3787 1106 3839 πᾶσα
1131 3784 1267 3858 σὰρξ
1294 3784 1524 3839 ἐνώπιον
1550 3786 1643 3839 τοῦ
1666 3787 1822 3841 Θεοῦ.
1848 3807 1866 3838 ι

537 3903 705 3960 Vens.
740 3907 792 3961 5.
830 3927 848 3960 ι
892 3908 1209 3979 Suscipiant
1236 3917 1450 3966 montes
1491 3926 1681 3980 pacem
1731 3911 1954 3981 populo,
1989 3918 2045 3965 et

466 3998 637 4053 colles
662 3999 956 4069 justitiam.
991 4022 1009 4055 ι
1035 4002 1241 4057 Praeter
1273 4002 1457 4073 priora
1479 4003 1593 4057 haec
1625 4019 1841 4073 quoque
1874 4003 2047 4074 spiri-

466 4096 560 4145 tus
585 4092 939 4161 propheticus
968 4103 1243 4165 precatur,
1272 4104 1331 4150 ut
1373 4103 1586 4151 montes
1637 4097 1907 4165 quondam
1944 4112 2043 4166 po-

474 4181 605 4251 pulo
632 4182 837 4246 infesti,
869 4187 1046 4253 posita
1080 4185 1387 4249 inimicitia,
1420 4202 1607 4255 pacem
1630 4203 1753 4241 cum
1787 4202 1852 4241 eo
1876 4187 2036 4241 habe-

470 4280 616 4335 rent,
647 4282 701 4327 et
727 4283 783 4327 ut
818 4277 984 4331 colles
1011 4278 1322 4347 praedictam
1345 4278 1615 4347 justitiam
1639 4280 1813 4333 eidem
1842 4280 2043 4349 populo

469 4363 885 4419 annuntiarent.
937 4365 1055 4420 Jam
1112 4367 1325 4437 pridem
1358 4370 1504 4423 enim
1545 4376 1759 4424 montes
1796 4384 1918 4423 cum
1956 4385 2045 4438 po-

465 4455 597 4525 pulo
648 4455 968 4513 inimicitias
1020 4466 1352 4528 gesserunt,
1425 4467 1481 4514 et
1535 4460 1704 4514 colles
1766 4461 2038 4517 similiter.

2231 3931 2248 3963 ι
2291 3909 2730 3964 Ἀναλαὸέτωσαν
2758 3907 2828 3961 τὰ
2868 3907 3229 3980 θρηνεῐρήνην
3249 3906 3328 3977 τῷ
3362 3906 3496 3976 λαῷ,
3544 3906 3638 3960 καὶ
3680 3909 3731 3959 οἱ

2156 4004 2335 4075 βουνοὶ
2356 4000 2721 4070 δικαιοσύνην.
2754 4018 2772 4051 ι
2805 3999 2954 4070 Πρὸς
2982 4001 3096 4063 τοῖς
3130 3999 3413 4069 προτέροις
3444 3999 3537 4051 καὶ
3560 3996 3734 4051 ταῦτα

2151 4094 2213 4148 τὸ
2252 4092 2465 4164 πνεῦμα
2504 4093 2564 4145 τὸ
2603 4090 2937 4163 προφητικὸν
2971 4088 3211 4160 εῦχεται,
3238 4090 3387 4152 ὅπως
3420 4090 3489 4143 τὰ
3533 4089 3633 4160 δρη
3663 4087 3735 4143 τὰ

2154 4186 2319 4239 πάλαι
2357 4183 2708 4255 ἐχθραίνοντα
2750 4182 2826 4253 τῷ
2869 4182 2983 4253 λαῷ
3013 4182 3346 4253 εἰρηνεύσειε
3387 4183 3523 4254 πρὸς
3570 4182 3734 4237 αὐτὸν

2150 4276 2514 4347 ἀπωθούμενα
2557 4275 2653 4346 τὴν
2698 4275 2896 4347 ἔχθραν
2922 4315 2936 4339 ,
2984 4276 3076 4329 καὶ
3118 4277 3267 4340 ὅπως
3310 4279 3358 4329 οἱ
3409 4277 3587 4347 βουνοὶ
3631 4278 3733 4348 τὴν

2152 4367 2544 4440 προλεχθεῖσαν
2594 4366 2937 4437 δικαιοσύνην
2981 4367 3061 4438 τῷ
3113 4368 3262 4439 αὐτῷ
3300 4368 3412 4439 λαῷ
3450 4369 3732 4438 εὐαγγελί-

2151 4456 2370 4520 ζωνται.
2397 4456 2668 4527 Πρότερον
2702 4457 2801 4527 μὲν
2825 4456 2934 4527 γὰρ
2962 4456 3033 4509 τὰ
3077 4458 3178 4528 ὅρη
3229 4458 3427 4529 ἔχθραν
3455 4455 3568 4529 εἶχε
3596 4456 3756 4530 πρὸς

462 4544 603 4599 Cum
631 4552 813 4601 autem
852 4548 997 4603 filius
1041 4551 1183 4620 regis
1214 4551 1473 4620 populum
1517 4551 1649 4605 olim
1695 4560 2038 4620 extraneum,

2150 4552 2237 4605 τὸν
2278 4550 2425 4615 λαὸν,
2461 4550 2555 4603 καὶ
2588 4554 2637 4603 οἱ
2668 4550 2843 4620 βουνοὶ
2889 4549 3180 4614 ὡσαύτως·
3209 4552 3297 4604 ὅτε
3326 4551 3382 4604 δὲ
3406 4554 3435 4605 6
3477 4552 3591 4615 υἱὸς
3634 4552 3730 4607 τοῦ

464 4638 749 4706 proprium
782 4639 889 4693 sibi
925 4639 1080 4705 facit,
1136 4648 1271 4695 tunc
1306 4649 1541 4705 montes,
1583 4649 1643 4695 ut
1696 4641 1787 4695 hic
1843 4657 2047 4696 vocan-

2144 4642 2408 4714 βασιλέως
2464 4642 2593 4696 ἴδιον
2628 4644 2920 4713 ἐποιήσατο
2952 4643 3043 4696 τὸν
3094 4642 3223 4697 λαὸν
3275 4644 3440 4699 πάλαι
3493 4645 3732 4715 ἀπηλλο-

464 4736 578 4792 tur,
611 4744 799 4797 pacem
830 4745 954 4785 cum
996 4732 1201 4802 populo
1250 4732 1471 4786 habent.
1524 4731 1738 4787 Montes
1779 4739 1956 4786 autem
1992 4740 2044 4787 et

2150 4732 2443 4805 τριωμένον
2476 4730 2662 4796 αὐτοῦ,
2689 4731 2990 4802 τηνικαῦτα
3036 4733 3129 4785 καὶ
3182 4731 3253 4784 τὰ
3284 4732 3591 4803 καλούμενα
3640 4734 3729 4786 ἐν·-

464 4819 633 4875 colles
655 4836 842 4890 pacem
874 4838 999 4877 cum
1032 4825 1233 4894 populo
1262 4824 1547 4888 habentes,
1572 4840 1711 4894 quos
1742 4840 1867 4879 esse
1895 4823 2047 4879 dixe-

462 4912 563 4975 ris,
594 4913 699 4967 nisi
732 4916 1051 4984 angelorum
1077 4916 1331 4979 chorum,
1363 4926 1419 4970 et
1443 4916 1529 4972 his
1560 4918 1873 4986 superiores
1899 4915 2044 4969 divi-

463 5022 567 5063 nas
598 5008 868 5065 virtutes?
898 5025 1018 5079 quae
1044 5025 1167 5064 cum
1197 5008 1327 5062 olim
1358 5010 1594 5079 populus
1616 5017 1911 5065 extraneus
1932 5008 2043 5064 Deo

464 5110 630 5164 esset,
666 5101 987 5155 inimicitias
1019 5118 1144 5155 cum
1193 5116 1258 5156 eo
1306 5102 1608 5171 gerebant;
1658 5117 1806 5157 nunc
1859 5110 2041 5157 autem

463 5206 591 5248 cum
620 5192 673 5245 in
711 5194 1116 5262 possessionem
1151 5192 1247 5247 filii
1278 5192 1425 5263 regis
1456 5196 1690 5259 venerit,
1722 5195 1903 5265 posita
1931 5195 2039 5249 ini-

466 5284 696 5347 micitia,
729 5286 918 5339 amicae
948 5285 1069 5355 ejus
1094 5285 1299 5341 effectae
1325 5294 1472 5341 sunt.
1506 5285 1644 5351 Quis
1676 5287 1747 5341 sit
1774 5302 1905 5342 vero
1937 5302 2039 5356 po-

466 5376 631 5445 pulus
662 5393 729 5432 ex
764 5378 1020 5432 omnibus
1048 5379 1302 5449 gentibus
1341 5386 1567 5433 coactus
1626 5379 1901 5450 intelliges
1925 5418 1941 5442 ,
1992 5380 2039 5434 si

468 5466 558 5525 his
583 5468 838 5524 conferas
872 5468 1149 5525 Zachariae
1181 5471 1547 5541 prophetiam,
1583 5486 1703 5541 quaa
1725 5474 1807 5527 sic
1836 5471 2037 5526 habet:

545 5622 624 5677 “l
654 5624 782 5679 Cor.
822 5640 860 5691 ι,
884 5625 974 5680 30.
1052 5626 1098 5656 "
1128 5625 1416 5693 Dcut.xtv,
1450 5626 1507 5682 2.
1586 5627 1629 5657 ¹⁶
1662 5626 1850 5682 Matth.
1883 5644 1934 5693 ν,
1967 5627 2023 5684 ’5.

546 5804 622 5875 (ι)
659 5800 771 5867 Vel,
802 5803 1084 5858 secundum.
1117 5805 1340 5874 justitia:
1367 5806 1640 5863 rationem.

2142 4825 2318 4880 ταῦθα
2349 4825 2451 4896 ὄρη
2485 4823 2757 4897 εἰρηνεύει
2775 4824 2912 4896 πρὸς
2936 4824 3026 4877 τὸν
3050 4825 3199 4878 λαόν.
3230 4827 3369 4897 Ὀρη
3397 4825 3453 4879 δὲ
3482 4826 3575 4878 καὶ
3608 4824 3732 4893 βου-

2146 4918 2270 4980 νοὺς
2302 4916 2679 4988 εἰρηνεύονιας
2711 4914 3019 4986 ἀνθρώποις
3061 4916 3213 4980 τίνας
3242 4916 3309 4970 ἂν
3362 4916 3538 4979 εἴποις
3570 4916 3607 4986 ἢκ
3637 4916 3751 4969 τὸνξ

2152 5010 2399 5079 ἀγγέλων
2444 5008 2605 5081 χορὸν
2652 5008 2747 5062 καὶ
2779 5007 2877 5072 τὰς
2909 5007 3113 5061 τούτων
3146 5009 3422 5079 ἁνωτέρας
3459 5007 3608 5071 θείας
3639 5008 3751 5060 δυ·-

2151 5104 2375 5174 νάμεις;
2404 5103 2459 5156 αϊ
2507 5101 2673 5155 πάλαι
2709 5102 2828 5173 μὲν,
2857 5102 2944 5154 ὅτε
2988 5100 3265 5173 ἀλλότριος
3310 5098 3377 5171 ἦν
3405 5102 3434 5154 6
3463 5101 3588 5164 λαὸς
3630 5098 3747 5153 τοῦ

2150 5194 2306 5260 Θεοῦ,
2339 5194 2534 5265 ἐχθραὶ
2564 5189 2705 5263 ἦσαν
2738 5192 2904 5247 αὐτοῦ
2928 5209 2942 5223 ·
2974 5192 3068 5247 νῦν
3091 5193 3136 5246 δ’
3183 5194 3271 5246 ὅτε
3306 5193 3491 5263 κτῆμα
3534 5191 3727 5261 γέγονε

2149 5285 2241 5337 τοῦ
2283 5284 2400 5337 υἱοῦ
2434 5282 2526 5337 τοῦ
2561 5282 2856 5353 βασιλέως,
2907 5281 3269 5353 ἑφιλιώθησαν
3312 5282 3458 5353 αύτῷ
3492 5280 3727 5352 μεταϐα-

2149 5376 2328 5440 λόντες
2355 5375 2455 5445 τῆς
2485 5374 2705 5446 ἔχθρας.
2746 5374 2985 5446 Νοησεις
3011 5373 3069 5427 δὲ
3098 5372 3189 5427 τὸν
3224 5373 3282 5441 ἐξ
3323 5372 3575 5427 ἁπάντων
3616 5370 3730 5425 τῶν

2150 5467 2318 5524 ἐθνῶν
2357 5466 2694 5538 συνηγμένον
2726 5465 2872 5532 λαὸν,
2910 5465 3175 5537 παραθεὶς
3198 5466 3404 5530 τούτοις
3431 5465 3530 5537 τὴν
3562 5465 3619 5517 tv
3645 5462 3730 5533 τῷ

2101 5627 2142 5659 ¹⁷
2178 5625 2331 5682 Rom.
2367 5641 2404 5689 ι,
2435 5623 2519 5679 lC.
2602 5623 2681 5677 "l
2715 5622 2839 5680 Cor.
2866 5638 2906 5693 ι,
2940 5623 3129 5679 c26—29.
