  <div class='ocr_page' id='page_1' title='image "/cluster/home/n/w/nwhite01/storage/ocr_20150623/23/nnc1.0046978313/424.png"; bbox 0 0 4126 6400; ppageno 0'>
   <div class='ocr_carea' id='block_1_1' title="bbox 373 340 471 394">
    <p class='ocr_par' dir='ltr' id='par_1_1' title="bbox 373 340 471 394">
     <span class='ocr_line' id='line_1_1' title="bbox 373 340 471 394; baseline 0.01 -2"><span class='ocrx_word' id='word_1_1' title='bbox 373 340 471 394; x_wconf 83' lang='grc'><strong>797</strong></span> 
     </span>
    </p>
   </div>
   <div class='ocr_carea' id='block_1_2' title="bbox 1505 342 2496 404">
    <p class='ocr_par' dir='ltr' id='par_1_2' title="bbox 1505 342 2496 404">
     <span class='ocr_line' id='line_1_2' title="bbox 1505 342 2496 404; baseline 0.003 -5"><span class='ocrx_word' id='word_1_2' title='bbox 1505 342 2012 402; x_wconf 75' lang='lat' dir='ltr'><strong>COMMENTARIA</strong></span> <span class='ocrx_word' id='word_1_3' title='bbox 2049 346 2117 401; x_wconf 77' lang='grc' dir='ltr'>ιΝ</span> <span class='ocrx_word' id='word_1_4' title='bbox 2155 346 2496 404; x_wconf 70' lang='lat' dir='ltr'><strong>PSALMOS.</strong></span> 
     </span>
    </p>
   </div>
   <div class='ocr_carea' id='block_1_3' title="bbox 3527 353 3636 407">
    <p class='ocr_par' dir='ltr' id='par_1_3' title="bbox 3527 353 3636 407">
     <span class='ocr_line' id='line_1_3' title="bbox 3527 353 3636 407; baseline 0 -2"><span class='ocrx_word' id='word_1_5' title='bbox 3527 353 3636 407; x_wconf 73' lang='lat'><strong>798</strong></span> 
     </span>
    </p>
   </div>
   <div class='ocr_carea' id='block_1_4' title="bbox 366 446 1941 531">
    <p class='ocr_par' dir='ltr' id='par_1_4' title="bbox 366 446 1941 529">
     <span class='ocr_line' id='line_1_4' title="bbox 366 446 1941 529; baseline 0.001 -21"><span class='ocrx_word' id='word_1_6' title='bbox 366 452 615 523; x_wconf 75' lang='grc' dir='ltr'>Ζαχαρία</span> <span class='ocrx_word' id='word_1_7' title='bbox 661 453 1033 524; x_wconf 80' lang='grc' dir='ltr'>προφητείαν,</span> <span class='ocrx_word' id='word_1_8' title='bbox 1078 446 1181 507; x_wconf 77' lang='grc' dir='ltr'>ὧδε</span> <span class='ocrx_word' id='word_1_9' title='bbox 1227 454 1528 524; x_wconf 86' lang='grc' dir='ltr'>λέγουσαν·</span> <span class='ocrx_word' id='word_1_10' title='bbox 1575 476 1593 508; x_wconf 75' lang='grc' dir='ltr'><strong>ι</strong></span> <span class='ocrx_word' id='word_1_11' title='bbox 1639 459 1811 529; x_wconf 81' lang='grc' dir='ltr'>Χαῖρε</span> <span class='ocrx_word' id='word_1_12' title='bbox 1856 458 1941 513; x_wconf 73' lang='grc' dir='ltr'>καἸ</span> 
     </span>
    </p>
   </div>
   <div class='ocr_carea' id='block_1_5' title="bbox 2040 446 3633 531">
    <p class='ocr_par' dir='ltr' id='par_1_5' title="bbox 2060 458 3633 531">
     <span class='ocr_line' id='line_1_5' title="bbox 2060 458 3633 531; baseline 0.006 -21"><span class='ocrx_word' id='word_1_13' title='bbox 2060 477 2079 510; x_wconf 84' lang='grc'><strong><em>‹</em></strong></span> <span class='ocrx_word' id='word_1_14' title='bbox 2117 459 2307 516; x_wconf 84' lang='lat' dir='ltr'><strong>Gaude</strong></span> <span class='ocrx_word' id='word_1_15' title='bbox 2339 467 2393 515; x_wconf 86' lang='lat' dir='ltr'><strong>et</strong></span> <span class='ocrx_word' id='word_1_16' title='bbox 2422 461 2629 524; x_wconf 67' lang='lat' dir='ltr'><strong>laetare,</strong></span> <span class='ocrx_word' id='word_1_17' title='bbox 2664 459 2777 513; x_wconf 82' lang='lat' dir='ltr'><strong>ﬁlia</strong></span> <span class='ocrx_word' id='word_1_18' title='bbox 2808 458 2970 514; x_wconf 86' lang='lat' dir='ltr'><strong>Sion.</strong></span> <span class='ocrx_word' id='word_1_19' title='bbox 2994 458 3134 516; x_wconf 85' lang='lat' dir='ltr'><strong>Ecce</strong></span> <span class='ocrx_word' id='word_1_20' title='bbox 3171 476 3271 517; x_wconf 86' lang='lat' dir='ltr'><strong>rex</strong></span> <span class='ocrx_word' id='word_1_21' title='bbox 3303 469 3432 519; x_wconf 87' lang='lat' dir='ltr'><strong>tuus</strong></span> <span class='ocrx_word' id='word_1_22' title='bbox 3462 470 3633 531; x_wconf 89' lang='lat' dir='ltr'><strong>venit,</strong></span> 
     </span>
    </p>
   </div>
   <div class='ocr_carea' id='block_1_6' title="bbox 366 541 1954 619">
    <p class='ocr_par' dir='ltr' id='par_1_6' title="bbox 366 541 1954 619">
     <span class='ocr_line' id='line_1_6' title="bbox 366 541 1954 619; baseline 0.003 -24"><span class='ocrx_word' id='word_1_23' title='bbox 366 542 679 613; x_wconf 79' lang='grc' dir='ltr'>εὐφραίνου,</span> <span class='ocrx_word' id='word_1_24' title='bbox 718 541 955 614; x_wconf 78' lang='grc' dir='ltr'><strong>θύγατερ</strong></span> <span class='ocrx_word' id='word_1_25' title='bbox 978 543 1132 598; x_wconf 88' lang='grc' dir='ltr'>Σιών.</span> <span class='ocrx_word' id='word_1_26' title='bbox 1152 544 1281 598; x_wconf 79' lang='grc' dir='ltr'>Ἰδοὺ</span> <span class='ocrx_word' id='word_1_27' title='bbox 1312 545 1341 597; x_wconf 93' lang='lat'><strong>6</strong></span> <span class='ocrx_word' id='word_1_28' title='bbox 1371 544 1621 615; x_wconf 82' lang='grc' dir='ltr'>βασιλεύς</span> <span class='ocrx_word' id='word_1_29' title='bbox 1667 563 1759 599; x_wconf 90' lang='grc' dir='ltr'><strong>σου</strong></span> <span class='ocrx_word' id='word_1_30' title='bbox 1798 545 1954 619; x_wconf 63' lang='grc' dir='ltr'>ἔρχει</span> 
     </span>
    </p>
   </div>
   <div class='ocr_carea' id='block_1_7' title="bbox 364 634 1949 710">
    <p class='ocr_par' dir='ltr' id='par_1_7' title="bbox 364 634 1949 710">
     <span class='ocr_line' id='line_1_7' title="bbox 364 634 1949 710; baseline 0.004 -24"><span class='ocrx_word' id='word_1_31' title='bbox 364 651 473 699; x_wconf 87' lang='grc' dir='ltr'>ται,</span> <span class='ocrx_word' id='word_1_32' title='bbox 508 635 603 687; x_wconf 76' lang='grc' dir='ltr'>καὶ</span> <span class='ocrx_word' id='word_1_33' title='bbox 625 634 1040 703; x_wconf 75' lang='grc' dir='ltr'><strong>κατασκηνώσει</strong></span> <span class='ocrx_word' id='word_1_34' title='bbox 1074 638 1132 687; x_wconf 83' lang='grc' dir='ltr'>ὲν</span> <span class='ocrx_word' id='word_1_35' title='bbox 1179 636 1329 707; x_wconf 83' lang='grc' dir='ltr'>μέσῳ</span> <span class='ocrx_word' id='word_1_36' title='bbox 1362 654 1479 704; x_wconf 93' lang='grc' dir='ltr'>σου,</span> <span class='ocrx_word' id='word_1_37' title='bbox 1531 637 1679 705; x_wconf 81' lang='grc' dir='ltr'><strong>λέγει</strong></span> <span class='ocrx_word' id='word_1_38' title='bbox 1722 638 1949 710; x_wconf 83' lang='grc' dir='ltr'>Κύριος.</span> 
     </span>
    </p>
   </div>
   <div class='ocr_carea' id='block_1_8' title="bbox 364 724 1951 801">
    <p class='ocr_par' dir='ltr' id='par_1_8' title="bbox 364 724 1951 801">
     <span class='ocr_line' id='line_1_8' title="bbox 364 724 1951 801; baseline 0.003 -22"><span class='ocrx_word' id='word_1_39' title='bbox 364 726 477 779; x_wconf 78' lang='grc' dir='ltr'><strong>Καὶ</strong></span> <span class='ocrx_word' id='word_1_40' title='bbox 504 724 937 795; x_wconf 84' lang='grc' dir='ltr'>καταφεύξονται</span> <span class='ocrx_word' id='word_1_41' title='bbox 974 725 1100 798; x_wconf 75' lang='grc' dir='ltr'>ἔθνη</span> <span class='ocrx_word' id='word_1_42' title='bbox 1132 728 1302 781; x_wconf 86' lang='grc' dir='ltr'>πολλὰ</span> <span class='ocrx_word' id='word_1_43' title='bbox 1340 728 1432 781; x_wconf 75' lang='grc' dir='ltr'>ἐπὶ</span> <span class='ocrx_word' id='word_1_44' title='bbox 1466 729 1560 782; x_wconf 82' lang='grc' dir='ltr'><strong>τὸν</strong></span> <span class='ocrx_word' id='word_1_45' title='bbox 1592 729 1825 801; x_wconf 86' lang='grc' dir='ltr'>Κύριον,</span> <span class='ocrx_word' id='word_1_46' title='bbox 1856 731 1951 783; x_wconf 77' lang='grc' dir='ltr'>καὶ</span> 
     </span>
    </p>
   </div>
   <div class='ocr_carea' id='block_1_9' title="bbox 365 815 1946 890">
    <p class='ocr_par' dir='ltr' id='par_1_9' title="bbox 365 815 1946 890">
     <span class='ocr_line' id='line_1_9' title="bbox 365 815 1946 890; baseline 0.005 -22"><span class='ocrx_word' id='word_1_47' title='bbox 365 815 579 869; x_wconf 73' lang='grc' dir='ltr'>ἔσονταί</span> <span class='ocrx_word' id='word_1_48' title='bbox 623 833 714 886; x_wconf 87' lang='grc' dir='ltr'><strong>μοι</strong></span> <span class='ocrx_word' id='word_1_49' title='bbox 744 817 825 879; x_wconf 87' lang='grc' dir='ltr'><strong>είς</strong></span> <span class='ocrx_word' id='word_1_50' title='bbox 858 816 1016 881; x_wconf 85' lang='grc' dir='ltr'>λαὸν,</span> <span class='ocrx_word' id='word_1_51' title='bbox 1055 818 1209 887; x_wconf 84' lang='grc' dir='ltr'><strong>κάγὼ</strong></span> <span class='ocrx_word' id='word_1_52' title='bbox 1251 818 1444 890; x_wconf 76' lang='grc' dir='ltr'>ἔσομαι</span> <span class='ocrx_word' id='word_1_53' title='bbox 1476 822 1659 885; x_wconf 85' lang='grc' dir='ltr'>αὐτοῖς</span> <span class='ocrx_word' id='word_1_54' title='bbox 1688 824 1769 885; x_wconf 85' lang='grc' dir='ltr'><strong>είς</strong></span> <span class='ocrx_word' id='word_1_55' title='bbox 1794 822 1946 876; x_wconf 85' lang='grc' dir='ltr'>Θεόν.</span> 
     </span>
    </p>
   </div>
   <div class='ocr_carea' id='block_1_10' title="bbox 365 907 1946 987">
    <p class='ocr_par' dir='ltr' id='par_1_10' title="bbox 365 907 1946 987">
     <span class='ocr_line' id='line_1_10' title="bbox 365 907 1946 987; baseline 0.004 -27"><span class='ocrx_word' id='word_1_56' title='bbox 365 908 476 962; x_wconf 75' lang='grc' dir='ltr'><strong>Καὶ</strong></span> <span class='ocrx_word' id='word_1_57' title='bbox 541 907 875 976; x_wconf 82' lang='grc' dir='ltr'><strong>γνώσονται,</strong></span> <span class='ocrx_word' id='word_1_58' title='bbox 927 910 1008 963; x_wconf 82' lang='grc' dir='ltr'>ὅτι</span> <span class='ocrx_word' id='word_1_59' title='bbox 1069 909 1275 983; x_wconf 77' lang='grc' dir='ltr'>Κύριος</span> <span class='ocrx_word' id='word_1_60' title='bbox 1335 914 1728 987; x_wconf 78' lang='grc' dir='ltr'><strong>παντοκράτωρ</strong></span> <span class='ocrx_word' id='word_1_61' title='bbox 1778 915 1946 982; x_wconf 75' lang='grc' dir='ltr'>ἐξαπ-</span> 
     </span>
    </p>
   </div>
   <div class='ocr_carea' id='block_1_11' title="bbox 366 997 1948 1073">
    <p class='ocr_par' dir='ltr' id='par_1_11' title="bbox 366 997 1948 1073">
     <span class='ocr_line' id='line_1_11' title="bbox 366 997 1948 1073; baseline 0.004 -22"><span class='ocrx_word' id='word_1_62' title='bbox 366 997 597 1051; x_wconf 80' lang='grc' dir='ltr'>έσταλκέ</span> <span class='ocrx_word' id='word_1_63' title='bbox 632 1016 698 1069; x_wconf 87' lang='grc' dir='ltr'><strong>με</strong></span> <span class='ocrx_word' id='word_1_64' title='bbox 724 999 859 1070; x_wconf 84' lang='grc' dir='ltr'>πρὸς</span> <span class='ocrx_word' id='word_1_65' title='bbox 888 1000 967 1054; x_wconf 84' lang='grc' dir='ltr'>σέ.</span> <span class='ocrx_word' id='word_1_66' title='bbox 994 1020 1011 1053; x_wconf 76' lang='grc' dir='ltr'><strong>ι</strong></span> <span class='ocrx_word' id='word_1_67' title='bbox 1034 1001 1230 1071; x_wconf 86' lang='grc' dir='ltr'>Σαφῶς</span> <span class='ocrx_word' id='word_1_68' title='bbox 1249 1002 1357 1073; x_wconf 84' lang='grc' dir='ltr'>γὰρ</span> <span class='ocrx_word' id='word_1_69' title='bbox 1377 1003 1463 1056; x_wconf 87' lang='grc' dir='ltr'>διὰ</span> <span class='ocrx_word' id='word_1_70' title='bbox 1482 1002 1686 1056; x_wconf 88' lang='grc' dir='ltr'>τούτων</span> <span class='ocrx_word' id='word_1_71' title='bbox 1710 1005 1816 1057; x_wconf 83' lang='grc' dir='ltr'>ἀπὸ</span> <span class='ocrx_word' id='word_1_72' title='bbox 1840 1004 1948 1057; x_wconf 91' lang='grc' dir='ltr'><strong>τῶν</strong></span> 
     </span>
    </p>
   </div>
   <div class='ocr_carea' id='block_1_12' title="bbox 364 1089 1946 1160">
    <p class='ocr_par' dir='ltr' id='par_1_12' title="bbox 364 1089 1946 1160">
     <span class='ocr_line' id='line_1_12' title="bbox 364 1089 1946 1160; baseline 0.004 -19"><span class='ocrx_word' id='word_1_73' title='bbox 364 1089 557 1154; x_wconf 81' lang='grc' dir='ltr'><strong>ἐθνῶν,</strong></span> <span class='ocrx_word' id='word_1_74' title='bbox 593 1091 707 1144; x_wconf 83' lang='grc' dir='ltr'>ἀλλ’</span> <span class='ocrx_word' id='word_1_75' title='bbox 738 1092 837 1143; x_wconf 81' lang='grc' dir='ltr'><strong>οὐκ</strong></span> <span class='ocrx_word' id='word_1_76' title='bbox 863 1091 968 1143; x_wconf 87' lang='grc' dir='ltr'><strong>ἀπὸ</strong></span> <span class='ocrx_word' id='word_1_77' title='bbox 1004 1091 1099 1144; x_wconf 89' lang='grc' dir='ltr'><strong>τοῦ</strong></span> <span class='ocrx_word' id='word_1_78' title='bbox 1147 1092 1416 1146; x_wconf 83' lang='grc' dir='ltr'>Ἰουδαίων</span> <span class='ocrx_word' id='word_1_79' title='bbox 1450 1092 1633 1158; x_wconf 73' lang='grc' dir='ltr'>ἔθνους</span> <span class='ocrx_word' id='word_1_80' title='bbox 1666 1094 1946 1160; x_wconf 80' lang='grc' dir='ltr'>συντάξειν</span> 
     </span>
    </p>
   </div>
   <div class='ocr_carea' id='block_1_13' title="bbox 364 1180 1944 1255">
    <p class='ocr_par' dir='ltr' id='par_1_13' title="bbox 364 1180 1944 1255">
     <span class='ocr_line' id='line_1_13' title="bbox 364 1180 1944 1255; baseline 0.001 -21"><span class='ocrx_word' id='word_1_81' title='bbox 364 1180 527 1245; x_wconf 78' lang='grc' dir='ltr'>αὐτὸς</span> <span class='ocrx_word' id='word_1_82' title='bbox 563 1181 740 1252; x_wconf 82' lang='grc' dir='ltr'>ἑαυτῷ</span> <span class='ocrx_word' id='word_1_83' title='bbox 758 1181 887 1236; x_wconf 75' lang='grc' dir='ltr'>λαὸν</span> <span class='ocrx_word' id='word_1_84' title='bbox 915 1184 943 1234; x_wconf 92' lang='lat'><strong>6</strong></span> <span class='ocrx_word' id='word_1_85' title='bbox 974 1181 1176 1253; x_wconf 84' lang='grc' dir='ltr'>Κύριος</span> <span class='ocrx_word' id='word_1_86' title='bbox 1208 1180 1638 1251; x_wconf 73' lang='grc' dir='ltr'><strong>εὐαγγελίζεται.</strong></span> <span class='ocrx_word' id='word_1_87' title='bbox 1669 1182 1854 1254; x_wconf 85' lang='grc' dir='ltr'>Τούτῳ</span> <span class='ocrx_word' id='word_1_88' title='bbox 1882 1184 1944 1255; x_wconf 81' lang='grc' dir='ltr'>δὴ</span> 
     </span>
    </p>
   </div>
   <div class='ocr_carea' id='block_1_14' title="bbox 362 1269 1947 1346">
    <p class='ocr_par' dir='ltr' id='par_1_14' title="bbox 362 1269 1947 1346">
     <span class='ocr_line' id='line_1_14' title="bbox 362 1269 1947 1346; baseline 0.001 -21"><span class='ocrx_word' id='word_1_89' title='bbox 362 1269 455 1326; x_wconf 81' lang='grc' dir='ltr'><strong>οὖν</strong></span> <span class='ocrx_word' id='word_1_90' title='bbox 489 1272 568 1343; x_wconf 86' lang='grc' dir='ltr'><strong>τῷ</strong></span> <span class='ocrx_word' id='word_1_91' title='bbox 596 1272 709 1345; x_wconf 88' lang='grc' dir='ltr'><strong>λαῷ</strong></span> <span class='ocrx_word' id='word_1_92' title='bbox 735 1275 789 1326; x_wconf 84' lang='grc' dir='ltr'>αἱ</span> <span class='ocrx_word' id='word_1_93' title='bbox 813 1274 1069 1346; x_wconf 87' lang='grc' dir='ltr'>δυνάμεις</span> <span class='ocrx_word' id='word_1_94' title='bbox 1097 1276 1152 1328; x_wconf 78' lang='grc' dir='ltr'>αἱ</span> <span class='ocrx_word' id='word_1_95' title='bbox 1186 1274 1543 1346; x_wconf 87' lang='grc' dir='ltr'>ὑπερκόσμιοι</span> <span class='ocrx_word' id='word_1_96' title='bbox 1576 1275 1671 1328; x_wconf 75' lang='grc' dir='ltr'>καὶ</span> <span class='ocrx_word' id='word_1_97' title='bbox 1698 1275 1755 1328; x_wconf 85' lang='grc' dir='ltr'><strong>αἱ</strong></span> <span class='ocrx_word' id='word_1_98' title='bbox 1781 1274 1947 1343; x_wconf 84' lang='grc' dir='ltr'>ἅγγε-</span> 
     </span>
    </p>
   </div>
   <div class='ocr_carea' id='block_1_15' title="bbox 361 1364 1946 1437">
    <p class='ocr_par' dir='ltr' id='par_1_15' title="bbox 361 1364 1946 1437">
     <span class='ocr_line' id='line_1_15' title="bbox 361 1364 1946 1437; baseline 0.001 -20"><span class='ocrx_word' id='word_1_99' title='bbox 361 1364 533 1430; x_wconf 69' lang='grc' dir='ltr'>λικαὶ,</span> <span class='ocrx_word' id='word_1_100' title='bbox 564 1364 663 1437; x_wconf 79' lang='grc' dir='ltr'>ὅρη</span> <span class='ocrx_word' id='word_1_101' title='bbox 696 1365 791 1419; x_wconf 79' lang='grc' dir='ltr'><strong>καὶ</strong></span> <span class='ocrx_word' id='word_1_102' title='bbox 828 1365 1008 1436; x_wconf 78' lang='grc' dir='ltr'>βουνοὶ</span> <span class='ocrx_word' id='word_1_103' title='bbox 1054 1366 1288 1420; x_wconf 75' lang='grc' dir='ltr'>ἐνταῦθα</span> <span class='ocrx_word' id='word_1_104' title='bbox 1326 1366 1758 1437; x_wconf 85' lang='grc' dir='ltr'>ὀνομαζόμεναι,</span> <span class='ocrx_word' id='word_1_105' title='bbox 1794 1366 1946 1437; x_wconf 78' lang='grc' dir='ltr'>εἰρή-</span> 
     </span>
    </p>
   </div>
   <div class='ocr_carea' id='block_1_16' title="bbox 361 1457 1945 1531">
    <p class='ocr_par' dir='ltr' id='par_1_16' title="bbox 361 1457 1945 1531">
     <span class='ocr_line' id='line_1_16' title="bbox 361 1457 1945 1531; baseline 0 -21"><span class='ocrx_word' id='word_1_106' title='bbox 361 1474 559 1510; x_wconf 91' lang='grc' dir='ltr'>νευσαν</span> <span class='ocrx_word' id='word_1_107' title='bbox 592 1457 973 1529; x_wconf 78' lang='grc' dir='ltr'>ὲχθραίνουσαι</span> <span class='ocrx_word' id='word_1_108' title='bbox 1006 1458 1067 1511; x_wconf 84' lang='grc' dir='ltr'><strong>τὸ</strong></span> <span class='ocrx_word' id='word_1_109' title='bbox 1096 1460 1245 1531; x_wconf 78' lang='grc' dir='ltr'>πρὶν,</span> <span class='ocrx_word' id='word_1_110' title='bbox 1275 1460 1362 1512; x_wconf 80' lang='grc' dir='ltr'><strong>ὅτε</strong></span> <span class='ocrx_word' id='word_1_111' title='bbox 1394 1461 1459 1530; x_wconf 85' lang='grc' dir='ltr'>τῇ</span> <span class='ocrx_word' id='word_1_112' title='bbox 1491 1458 1635 1530; x_wconf 82' lang='grc' dir='ltr'><strong>ἀθέῳ</strong></span> <span class='ocrx_word' id='word_1_113' title='bbox 1658 1461 1945 1530; x_wconf 83' lang='grc' dir='ltr'>προσεῖχεν</span> 
     </span>
    </p>
   </div>
   <div class='ocr_carea' id='block_1_17' title="bbox 361 1550 1946 1622">
    <p class='ocr_par' dir='ltr' id='par_1_17' title="bbox 361 1550 1946 1622">
     <span class='ocr_line' id='line_1_17' title="bbox 361 1550 1946 1622; baseline 0.001 -20"><span class='ocrx_word' id='word_1_114' title='bbox 361 1550 798 1622; x_wconf 75' lang='grc' dir='ltr'>εἰδωλολατρεία.</span> <span class='ocrx_word' id='word_1_115' title='bbox 846 1552 912 1604; x_wconf 84' lang='grc' dir='ltr'><strong>Αἱ</strong></span> <span class='ocrx_word' id='word_1_116' title='bbox 962 1551 1004 1604; x_wconf 87' lang='grc' dir='ltr'>δ’</span> <span class='ocrx_word' id='word_1_117' title='bbox 1047 1551 1209 1605; x_wconf 72' lang='grc' dir='ltr'>αύταὶ</span> <span class='ocrx_word' id='word_1_118' title='bbox 1258 1551 1607 1622; x_wconf 90' lang='grc' dir='ltr'>δικαιοσύνην</span> <span class='ocrx_word' id='word_1_119' title='bbox 1663 1551 1946 1620; x_wconf 84' lang='grc' dir='ltr'>εὐαγγελί-</span> 
     </span>
    </p>
   </div>
   <div class='ocr_carea' id='block_1_18' title="bbox 361 1640 1941 1714">
    <p class='ocr_par' dir='ltr' id='par_1_18' title="bbox 361 1640 1941 1714">
     <span class='ocr_line' id='line_1_18' title="bbox 361 1640 1941 1714; baseline 0 -20"><span class='ocrx_word' id='word_1_120' title='bbox 361 1641 545 1706; x_wconf 85' lang='grc' dir='ltr'>ζονται</span> <span class='ocrx_word' id='word_1_121' title='bbox 582 1641 661 1712; x_wconf 90' lang='grc' dir='ltr'><strong>τῷ</strong></span> <span class='ocrx_word' id='word_1_122' title='bbox 706 1640 857 1713; x_wconf 85' lang='grc' dir='ltr'>αὐτῷ</span> <span class='ocrx_word' id='word_1_123' title='bbox 890 1641 1032 1713; x_wconf 89' lang='grc' dir='ltr'>λαῷ·</span> <span class='ocrx_word' id='word_1_124' title='bbox 1074 1642 1191 1713; x_wconf 81' lang='grc' dir='ltr'>ήτοι</span> <span class='ocrx_word' id='word_1_125' title='bbox 1226 1642 1315 1695; x_wconf 88' lang='grc' dir='ltr'><strong>τὸν</strong></span> <span class='ocrx_word' id='word_1_126' title='bbox 1359 1642 1594 1714; x_wconf 84' lang='grc' dir='ltr'>Χριστὸν</span> <span class='ocrx_word' id='word_1_127' title='bbox 1634 1642 1727 1695; x_wconf 89' lang='grc' dir='ltr'><strong>τοῦ</strong></span> <span class='ocrx_word' id='word_1_128' title='bbox 1771 1640 1941 1705; x_wconf 88' lang='grc' dir='ltr'>Θεοῦ,</span> 
     </span>
    </p>
   </div>
   <div class='ocr_carea' id='block_1_19' title="bbox 360 1733 1945 1806">
    <p class='ocr_par' dir='ltr' id='par_1_19' title="bbox 360 1733 1945 1806">
     <span class='ocr_line' id='line_1_19' title="bbox 360 1733 1945 1806; baseline -0.002 -18"><span class='ocrx_word' id='word_1_129' title='bbox 360 1736 523 1789; x_wconf 79' lang='grc' dir='ltr'>αὑτὸν</span> <span class='ocrx_word' id='word_1_130' title='bbox 552 1735 681 1789; x_wconf 74' lang='grc' dir='ltr'>ὄντα</span> <span class='ocrx_word' id='word_1_131' title='bbox 701 1735 800 1806; x_wconf 79' lang='grc' dir='ltr'><strong>τὴν</strong></span> <span class='ocrx_word' id='word_1_132' title='bbox 829 1734 1195 1806; x_wconf 89' lang='grc' dir='ltr'>δικαιοσύνην,</span> <span class='ocrx_word' id='word_1_133' title='bbox 1232 1734 1266 1806; x_wconf 81' lang='grc' dir='ltr'><strong>ἢ</strong></span> <span class='ocrx_word' id='word_1_134' title='bbox 1299 1734 1359 1787; x_wconf 81' lang='grc' dir='ltr'>τὸ</span> <span class='ocrx_word' id='word_1_135' title='bbox 1393 1735 1658 1806; x_wconf 89' lang='grc' dir='ltr'>σωτήριον</span> <span class='ocrx_word' id='word_1_136' title='bbox 1701 1733 1945 1802; x_wconf 82' lang='grc' dir='ltr'>Εὐαγγέ-</span> 
     </span>
    </p>
   </div>
   <div class='ocr_carea' id='block_1_20' title="bbox 2052 552 3637 616">
    <p class='ocr_par' dir='ltr' id='par_1_20' title="bbox 2052 552 3637 616">
     <span class='ocr_line' id='line_1_20' title="bbox 2052 552 3637 616; baseline 0.004 -11"><span class='ocrx_word' id='word_1_137' title='bbox 2052 559 2107 606; x_wconf 91' lang='lat' dir='ltr'><strong>et</strong></span> <span class='ocrx_word' id='word_1_138' title='bbox 2139 552 2407 606; x_wconf 90' lang='lat' dir='ltr'><strong>habitabit</strong></span> <span class='ocrx_word' id='word_1_139' title='bbox 2437 552 2492 606; x_wconf 92' lang='lat' dir='ltr'><strong>in</strong></span> <span class='ocrx_word' id='word_1_140' title='bbox 2526 552 2707 606; x_wconf 91' lang='lat' dir='ltr'><strong>medio</strong></span> <span class='ocrx_word' id='word_1_141' title='bbox 2742 552 2841 616; x_wconf 92' lang='lat' dir='ltr'><strong>tui,</strong></span> <span class='ocrx_word' id='word_1_142' title='bbox 2869 552 3005 607; x_wconf 82' lang='lat' dir='ltr'>dicit</span> <span class='ocrx_word' id='word_1_143' title='bbox 3034 552 3319 611; x_wconf 88' lang='lat' dir='ltr'><strong>Dominus.</strong></span> <span class='ocrx_word' id='word_1_144' title='bbox 3346 554 3413 609; x_wconf 91' lang='lat' dir='ltr'><strong>Et</strong></span> <span class='ocrx_word' id='word_1_145' title='bbox 3440 557 3637 612; x_wconf 81' lang='lat' dir='ltr'><strong>confu-</strong></span> 
     </span>
    </p>
   </div>
   <div class='ocr_carea' id='block_1_21' title="bbox 2051 643 3635 717">
    <p class='ocr_par' dir='ltr' id='par_1_21' title="bbox 2051 643 3635 717">
     <span class='ocr_line' id='line_1_21' title="bbox 2051 643 3635 717; baseline 0.004 -19"><span class='ocrx_word' id='word_1_146' title='bbox 2051 646 2202 717; x_wconf 80' lang='lat' dir='ltr'><strong>gient</strong></span> <span class='ocrx_word' id='word_1_147' title='bbox 2230 653 2419 715; x_wconf 78' lang='lat' dir='ltr'><strong>gentes</strong></span> <span class='ocrx_word' id='word_1_148' title='bbox 2452 646 2640 699; x_wconf 73' lang='lat' dir='ltr'><strong>multae</strong></span> <span class='ocrx_word' id='word_1_149' title='bbox 2685 644 2753 699; x_wconf 88' lang='lat' dir='ltr'><strong>ad</strong></span> <span class='ocrx_word' id='word_1_150' title='bbox 2778 643 3095 711; x_wconf 89' lang='lat' dir='ltr'><strong>Dominum,</strong></span> <span class='ocrx_word' id='word_1_151' title='bbox 3131 654 3186 701; x_wconf 94' lang='lat' dir='ltr'><strong>et</strong></span> <span class='ocrx_word' id='word_1_152' title='bbox 3214 658 3375 703; x_wconf 89' lang='lat' dir='ltr'><strong>erunt</strong></span> <span class='ocrx_word' id='word_1_153' title='bbox 3404 649 3540 703; x_wconf 90' lang='lat' dir='ltr'><strong>mihi</strong></span> <span class='ocrx_word' id='word_1_154' title='bbox 3574 650 3635 705; x_wconf 86' lang='lat' dir='ltr'><strong>in</strong></span> 
     </span>
    </p>
   </div>
   <div class='ocr_carea' id='block_1_22' title="bbox 2052 737 3635 811">
    <p class='ocr_par' dir='ltr' id='par_1_22' title="bbox 2052 737 3635 811">
     <span class='ocr_line' id='line_1_22' title="bbox 2052 737 3635 811; baseline 0.003 -20"><span class='ocrx_word' id='word_1_155' title='bbox 2052 739 2339 809; x_wconf 81' lang='lat' dir='ltr'><strong>populum,</strong></span> <span class='ocrx_word' id='word_1_156' title='bbox 2364 746 2420 792; x_wconf 89' lang='lat' dir='ltr'><strong>et</strong></span> <span class='ocrx_word' id='word_1_157' title='bbox 2445 752 2545 809; x_wconf 89' lang='lat' dir='ltr'><strong>ego</strong></span> <span class='ocrx_word' id='word_1_158' title='bbox 2578 753 2673 793; x_wconf 92' lang='lat' dir='ltr'><strong>ero</strong></span> <span class='ocrx_word' id='word_1_159' title='bbox 2703 738 2785 793; x_wconf 88' lang='lat' dir='ltr'><strong>eis</strong></span> <span class='ocrx_word' id='word_1_160' title='bbox 2819 738 2879 792; x_wconf 87' lang='lat' dir='ltr'><strong>in</strong></span> <span class='ocrx_word' id='word_1_161' title='bbox 2926 737 3121 793; x_wconf 91' lang='lat' dir='ltr'><strong>Deum.</strong></span> <span class='ocrx_word' id='word_1_162' title='bbox 3177 738 3245 793; x_wconf 91' lang='lat' dir='ltr'><strong>Et</strong></span> <span class='ocrx_word' id='word_1_163' title='bbox 3295 751 3635 811; x_wconf 87' lang='lat' dir='ltr'><strong>cognoscent</strong></span> 
     </span>
    </p>
   </div>
   <div class='ocr_carea' id='block_1_23' title="bbox 2049 830 3634 903">
    <p class='ocr_par' dir='ltr' id='par_1_23' title="bbox 2049 830 3634 903">
     <span class='ocr_line' id='line_1_23' title="bbox 2049 830 3634 903; baseline 0.003 -18"><span class='ocrx_word' id='word_1_164' title='bbox 2049 832 2177 903; x_wconf 83' lang='lat' dir='ltr'><strong>quia</strong></span> <span class='ocrx_word' id='word_1_165' title='bbox 2210 830 2478 885; x_wconf 91' lang='lat' dir='ltr'><strong>Dominus</strong></span> <span class='ocrx_word' id='word_1_166' title='bbox 2512 832 2862 900; x_wconf 89' lang='lat' dir='ltr'><strong>omnipotens</strong></span> <span class='ocrx_word' id='word_1_167' title='bbox 2893 832 3045 886; x_wconf 80' lang='lat' dir='ltr'><strong>misit</strong></span> <span class='ocrx_word' id='word_1_168' title='bbox 3080 847 3167 888; x_wconf 93' lang='lat' dir='ltr'><strong>me</strong></span> <span class='ocrx_word' id='word_1_169' title='bbox 3204 832 3271 886; x_wconf 87' lang='lat' dir='ltr'><strong>ad</strong></span> <span class='ocrx_word' id='word_1_170' title='bbox 3303 841 3357 887; x_wconf 83' lang='lat' dir='ltr'><strong>te</strong></span> <span class='ocrx_word' id='word_1_171' title='bbox 3380 836 3453 889; x_wconf 70' lang='lat'><strong>’9-</strong></span> <span class='ocrx_word' id='word_1_172' title='bbox 3484 855 3502 887; x_wconf 72' lang='grc' dir='ltr'><strong>ι</strong></span> <span class='ocrx_word' id='word_1_173' title='bbox 3536 834 3634 891; x_wconf 82' lang='lat' dir='ltr'><strong>His</strong></span> 
     </span>
    </p>
   </div>
   <div class='ocr_carea' id='block_1_24' title="bbox 2047 921 3633 993">
    <p class='ocr_par' dir='ltr' id='par_1_24' title="bbox 2047 921 3633 993">
     <span class='ocr_line' id='line_1_24' title="bbox 2047 921 3633 993; baseline 0.001 -17"><span class='ocrx_word' id='word_1_174' title='bbox 2047 923 2250 993; x_wconf 91' lang='lat' dir='ltr'><strong>quippe</strong></span> <span class='ocrx_word' id='word_1_175' title='bbox 2276 921 2566 985; x_wconf 87' lang='lat' dir='ltr'><strong>Dominus,</strong></span> <span class='ocrx_word' id='word_1_176' title='bbox 2620 939 2688 977; x_wconf 89' lang='lat' dir='ltr'><strong>ex</strong></span> <span class='ocrx_word' id='word_1_177' title='bbox 2733 923 2990 993; x_wconf 84' lang='lat' dir='ltr'><strong>gentibus</strong></span> <span class='ocrx_word' id='word_1_178' title='bbox 3044 938 3123 988; x_wconf 91' lang='lat' dir='ltr'><strong>se,</strong></span> <span class='ocrx_word' id='word_1_179' title='bbox 3159 938 3269 977; x_wconf 91' lang='lat' dir='ltr'><strong>non</strong></span> <span class='ocrx_word' id='word_1_180' title='bbox 3296 938 3364 977; x_wconf 87' lang='lat' dir='ltr'><strong>ex</strong></span> <span class='ocrx_word' id='word_1_181' title='bbox 3399 922 3633 978; x_wconf 76' lang='lat' dir='ltr'><strong>Iudaica</strong></span> 
     </span>
    </p>
   </div>
   <div class='ocr_carea' id='block_1_25' title="bbox 2049 1012 3633 1082">
    <p class='ocr_par' dir='ltr' id='par_1_25' title="bbox 2049 1012 3633 1082">
     <span class='ocr_line' id='line_1_25' title="bbox 2049 1012 3633 1082; baseline -0.001 -15"><span class='ocrx_word' id='word_1_182' title='bbox 2049 1020 2229 1082; x_wconf 86' lang='lat' dir='ltr'><strong>gente,</strong></span> <span class='ocrx_word' id='word_1_183' title='bbox 2259 1012 2362 1066; x_wconf 85' lang='lat' dir='ltr'><strong>sibi</strong></span> <span class='ocrx_word' id='word_1_184' title='bbox 2390 1014 2653 1082; x_wconf 88' lang='lat' dir='ltr'><strong>populum</strong></span> <span class='ocrx_word' id='word_1_185' title='bbox 2679 1020 3140 1082; x_wconf 85' lang='lat' dir='ltr'><strong>congregaturum</strong></span> <span class='ocrx_word' id='word_1_186' title='bbox 3168 1027 3291 1067; x_wconf 89' lang='lat' dir='ltr'><strong>esse</strong></span> <span class='ocrx_word' id='word_1_187' title='bbox 3338 1013 3633 1082; x_wconf 89' lang='lat' dir='ltr'><strong>perspicue</strong></span> 
     </span>
    </p>
   </div>
   <div class='ocr_carea' id='block_1_26' title="bbox 2047 1102 3635 1175">
    <p class='ocr_par' dir='ltr' id='par_1_26' title="bbox 2047 1102 3635 1175">
     <span class='ocr_line' id='line_1_26' title="bbox 2047 1102 3635 1175; baseline 0.001 -18"><span class='ocrx_word' id='word_1_188' title='bbox 2047 1103 2356 1160; x_wconf 84' lang='lat' dir='ltr'><strong>denuntiat.</strong></span> <span class='ocrx_word' id='word_1_189' title='bbox 2402 1102 2546 1157; x_wconf 87' lang='lat' dir='ltr'><strong>Huic</strong></span> <span class='ocrx_word' id='word_1_190' title='bbox 2600 1119 2732 1158; x_wconf 87' lang='lat' dir='ltr'><strong>sane</strong></span> <span class='ocrx_word' id='word_1_191' title='bbox 2780 1105 2983 1173; x_wconf 90' lang='lat' dir='ltr'><strong>populo</strong></span> <span class='ocrx_word' id='word_1_192' title='bbox 3014 1105 3249 1159; x_wconf 83' lang='lat' dir='ltr'><strong>virtutes</strong></span> <span class='ocrx_word' id='word_1_193' title='bbox 3294 1120 3415 1175; x_wconf 67' lang='lat' dir='ltr'><strong>qua:</strong></span> <span class='ocrx_word' id='word_1_194' title='bbox 3463 1119 3635 1174; x_wconf 82' lang='lat' dir='ltr'><strong>supra</strong></span> 
     </span>
    </p>
   </div>
   <div class='ocr_carea' id='block_1_27' title="bbox 2046 1195 3631 1265">
    <p class='ocr_par' dir='ltr' id='par_1_27' title="bbox 2046 1195 3631 1265">
     <span class='ocr_line' id='line_1_27' title="bbox 2046 1195 3631 1265; baseline 0 -15"><span class='ocrx_word' id='word_1_195' title='bbox 2046 1196 2311 1250; x_wconf 90' lang='lat' dir='ltr'><strong>mundum</strong></span> <span class='ocrx_word' id='word_1_196' title='bbox 2355 1204 2409 1250; x_wconf 90' lang='lat' dir='ltr'><strong>et</strong></span> <span class='ocrx_word' id='word_1_197' title='bbox 2444 1195 2708 1265; x_wconf 85' lang='lat' dir='ltr'><strong>angelicae</strong></span> <span class='ocrx_word' id='word_1_198' title='bbox 2760 1204 2912 1262; x_wconf 90' lang='lat' dir='ltr'><strong>sunt,</strong></span> <span class='ocrx_word' id='word_1_199' title='bbox 2973 1196 3064 1249; x_wconf 88' lang='lat' dir='ltr'><strong>hic</strong></span> <span class='ocrx_word' id='word_1_200' title='bbox 3113 1205 3331 1250; x_wconf 89' lang='lat' dir='ltr'><strong>montes</strong></span> <span class='ocrx_word' id='word_1_201' title='bbox 3364 1203 3420 1249; x_wconf 89' lang='lat' dir='ltr'><strong>et</strong></span> <span class='ocrx_word' id='word_1_202' title='bbox 3458 1197 3631 1251; x_wconf 86' lang='lat' dir='ltr'><strong>colles</strong></span> 
     </span>
    </p>
   </div>
   <div class='ocr_carea' id='block_1_28' title="bbox 2045 1285 3637 1357">
    <p class='ocr_par' dir='ltr' id='par_1_28' title="bbox 2045 1285 3637 1357">
     <span class='ocr_line' id='line_1_28' title="bbox 2045 1285 3637 1357; baseline -0.002 -14"><span class='ocrx_word' id='word_1_203' title='bbox 2045 1296 2275 1353; x_wconf 64' lang='lat' dir='ltr'><strong>vocatae,</strong></span> <span class='ocrx_word' id='word_1_204' title='bbox 2302 1286 2371 1341; x_wconf 89' lang='lat' dir='ltr'><strong>ad</strong></span> <span class='ocrx_word' id='word_1_205' title='bbox 2396 1288 2551 1357; x_wconf 86' lang='lat' dir='ltr'><strong>pacis</strong></span> <span class='ocrx_word' id='word_1_206' title='bbox 2595 1285 2945 1341; x_wconf 88' lang='lat' dir='ltr'><strong>conditiones</strong></span> <span class='ocrx_word' id='word_1_207' title='bbox 2984 1294 3290 1353; x_wconf 88' lang='lat' dir='ltr'><strong>venerunt;</strong></span> <span class='ocrx_word' id='word_1_208' title='bbox 3324 1302 3445 1357; x_wconf 75' lang='lat' dir='ltr'><strong>quae</strong></span> <span class='ocrx_word' id='word_1_209' title='bbox 3474 1288 3637 1356; x_wconf 72' lang='lat' dir='ltr'><strong>olim,</strong></span> 
     </span>
    </p>
   </div>
   <div class='ocr_carea' id='block_1_29' title="bbox 2046 1378 3629 1450">
    <p class='ocr_par' dir='ltr' id='par_1_29' title="bbox 2046 1378 3629 1450">
     <span class='ocr_line' id='line_1_29' title="bbox 2046 1378 3629 1450; baseline 0.001 -16"><span class='ocrx_word' id='word_1_210' title='bbox 2046 1395 2170 1435; x_wconf 92' lang='lat' dir='ltr'><strong>cum</strong></span> <span class='ocrx_word' id='word_1_211' title='bbox 2188 1380 2423 1450; x_wconf 89' lang='lat' dir='ltr'><strong>populus</strong></span> <span class='ocrx_word' id='word_1_212' title='bbox 2439 1378 2604 1449; x_wconf 89' lang='lat' dir='ltr'><strong>impie</strong></span> <span class='ocrx_word' id='word_1_213' title='bbox 2622 1380 2946 1435; x_wconf 57' lang='lat' dir='ltr'><strong>idololatria</strong></span> <span class='ocrx_word' id='word_1_214' title='bbox 2962 1378 3434 1444; x_wconf 68' lang='lat' dir='ltr'><strong>baereret,infestze</strong></span> <span class='ocrx_word' id='word_1_215' title='bbox 3447 1386 3629 1435; x_wconf 86' lang='lat' dir='ltr'><strong>erant.</strong></span> 
     </span>
    </p>
   </div>
   <div class='ocr_carea' id='block_1_30' title="bbox 2044 1471 3629 1542">
    <p class='ocr_par' dir='ltr' id='par_1_30' title="bbox 2044 1471 3629 1542">
     <span class='ocr_line' id='line_1_30' title="bbox 2044 1471 3629 1542; baseline -0.001 -16"><span class='ocrx_word' id='word_1_216' title='bbox 2044 1471 2140 1527; x_wconf 63' lang='lat' dir='ltr'><strong>Hae</strong></span> <span class='ocrx_word' id='word_1_217' title='bbox 2172 1487 2304 1527; x_wconf 88' lang='lat' dir='ltr'><strong>vero</strong></span> <span class='ocrx_word' id='word_1_218' title='bbox 2333 1473 2465 1541; x_wconf 67' lang='lat' dir='ltr'><strong>ipsa:</strong></span> <span class='ocrx_word' id='word_1_219' title='bbox 2494 1471 2769 1540; x_wconf 83' lang='lat' dir='ltr'><strong>justitiam</strong></span> <span class='ocrx_word' id='word_1_220' title='bbox 2799 1472 2978 1527; x_wconf 91' lang='lat' dir='ltr'><strong>eidem</strong></span> <span class='ocrx_word' id='word_1_221' title='bbox 3024 1472 3227 1542; x_wconf 88' lang='lat' dir='ltr'><strong>populo</strong></span> <span class='ocrx_word' id='word_1_222' title='bbox 3273 1472 3629 1534; x_wconf 84' lang='lat' dir='ltr'><strong>annuntiant,</strong></span> 
     </span>
    </p>
   </div>
   <div class='ocr_carea' id='block_1_31' title="bbox 2045 1561 3632 1633">
    <p class='ocr_par' dir='ltr' id='par_1_31' title="bbox 2045 1561 3632 1633">
     <span class='ocr_line' id='line_1_31' title="bbox 2045 1561 3632 1633; baseline 0.001 -15"><span class='ocrx_word' id='word_1_223' title='bbox 2045 1563 2303 1619; x_wconf 85' lang='lat' dir='ltr'><strong>videlicet</strong></span> <span class='ocrx_word' id='word_1_224' title='bbox 2333 1562 2615 1617; x_wconf 83' lang='lat' dir='ltr'><strong>Christum</strong></span> <span class='ocrx_word' id='word_1_225' title='bbox 2664 1561 2783 1628; x_wconf 91' lang='lat' dir='ltr'><strong>Dei,</strong></span> <span class='ocrx_word' id='word_1_226' title='bbox 2818 1563 2912 1633; x_wconf 92' lang='lat' dir='ltr'><strong>qui</strong></span> <span class='ocrx_word' id='word_1_227' title='bbox 2954 1577 3085 1618; x_wconf 85' lang='lat' dir='ltr'><strong>vere</strong></span> <span class='ocrx_word' id='word_1_228' title='bbox 3105 1562 3321 1632; x_wconf 86' lang='lat' dir='ltr'><strong>justitia</strong></span> <span class='ocrx_word' id='word_1_229' title='bbox 3359 1571 3479 1630; x_wconf 89' lang='lat' dir='ltr'><strong>est;</strong></span> <span class='ocrx_word' id='word_1_230' title='bbox 3515 1563 3632 1619; x_wconf 80' lang='lat' dir='ltr'><strong>sive.</strong></span> 
     </span>
    </p>
   </div>
   <div class='ocr_carea' id='block_1_32' title="bbox 2046 1653 3629 1725">
    <p class='ocr_par' dir='ltr' id='par_1_32' title="bbox 2046 1653 3629 1725">
     <span class='ocr_line' id='line_1_32' title="bbox 2046 1653 3629 1725; baseline -0.002 -13"><span class='ocrx_word' id='word_1_231' title='bbox 2046 1657 2291 1712; x_wconf 90' lang='lat' dir='ltr'><strong>salutare</strong></span> <span class='ocrx_word' id='word_1_232' title='bbox 2337 1653 2719 1725; x_wconf 87' lang='lat' dir='ltr'><strong>Evangelium,</strong></span> <span class='ocrx_word' id='word_1_233' title='bbox 2784 1655 2947 1724; x_wconf 90' lang='lat' dir='ltr'><strong>cujus</strong></span> <span class='ocrx_word' id='word_1_234' title='bbox 3006 1668 3175 1709; x_wconf 88' lang='lat' dir='ltr'><strong>causa</strong></span> <span class='ocrx_word' id='word_1_235' title='bbox 3227 1654 3433 1709; x_wconf 89' lang='lat' dir='ltr'><strong>dictum</strong></span> <span class='ocrx_word' id='word_1_236' title='bbox 3480 1661 3565 1709; x_wconf 87' lang='lat' dir='ltr'><strong>est</strong></span> <span class='ocrx_word' id='word_1_237' title='bbox 3611 1674 3629 1709; x_wconf 83' lang='lat'><strong>:</strong></span> 
     </span>
    </p>
   </div>
   <div class='ocr_carea' id='block_1_33' title="bbox 2051 1742 3631 1817">
    <p class='ocr_par' dir='ltr' id='par_1_33' title="bbox 2051 1742 3631 1817">
     <span class='ocr_line' id='line_1_33' title="bbox 2051 1742 3631 1817; baseline -0.002 -18"><span class='ocrx_word' id='word_1_238' title='bbox 2051 1766 2069 1799; x_wconf 75' lang='grc' dir='ltr'><strong>ι</strong></span> <span class='ocrx_word' id='word_1_239' title='bbox 2110 1747 2435 1817; x_wconf 87' lang='lat' dir='ltr'><strong>Suscipiant</strong></span> <span class='ocrx_word' id='word_1_240' title='bbox 2461 1753 2678 1801; x_wconf 90' lang='lat' dir='ltr'><strong>montes</strong></span> <span class='ocrx_word' id='word_1_241' title='bbox 2710 1759 2899 1816; x_wconf 90' lang='lat' dir='ltr'><strong>pacem</strong></span> <span class='ocrx_word' id='word_1_242' title='bbox 2932 1743 3158 1815; x_wconf 92' lang='lat' dir='ltr'><strong>populo,</strong></span> <span class='ocrx_word' id='word_1_243' title='bbox 3192 1751 3247 1799; x_wconf 92' lang='lat' dir='ltr'><strong>et</strong></span> <span class='ocrx_word' id='word_1_244' title='bbox 3281 1744 3453 1798; x_wconf 90' lang='lat' dir='ltr'><strong>colles</strong></span> <span class='ocrx_word' id='word_1_245' title='bbox 3470 1742 3631 1813; x_wconf 85' lang='lat' dir='ltr'><strong>justi-</strong></span> 
     </span>
    </p>
   </div>
   <div class='ocr_carea' id='block_1_34' title="bbox 358 1824 1941 1905">
    <p class='ocr_par' dir='ltr' id='par_1_34' title="bbox 358 1824 1941 1896">
     <span class='ocr_line' id='line_1_34' title="bbox 358 1824 1941 1896; baseline -0.004 -14"><span class='ocrx_word' id='word_1_246' title='bbox 358 1828 492 1893; x_wconf 88' lang='grc' dir='ltr'>λιον,</span> <span class='ocrx_word' id='word_1_247' title='bbox 522 1826 588 1880; x_wconf 84' lang='grc' dir='ltr'>δι’</span> <span class='ocrx_word' id='word_1_248' title='bbox 614 1826 642 1879; x_wconf 88' lang='lat'><strong>6</strong></span> <span class='ocrx_word' id='word_1_249' title='bbox 670 1825 952 1879; x_wconf 84' lang='grc' dir='ltr'>λέλεκται·</span> <span class='ocrx_word' id='word_1_250' title='bbox 984 1845 1003 1877; x_wconf 74' lang='grc' dir='ltr'><strong>ι</strong></span> <span class='ocrx_word' id='word_1_251' title='bbox 1038 1824 1481 1879; x_wconf 80' lang='grc' dir='ltr'>Ἀναλαϐέτωσαν</span> <span class='ocrx_word' id='word_1_252' title='bbox 1502 1825 1571 1877; x_wconf 86' lang='grc' dir='ltr'>τὰ</span> <span class='ocrx_word' id='word_1_253' title='bbox 1595 1824 1696 1896; x_wconf 76' lang='grc' dir='ltr'>ὄρη</span> <span class='ocrx_word' id='word_1_254' title='bbox 1723 1825 1941 1894; x_wconf 75' lang='grc' dir='ltr'>εἰρήνην</span> 
     </span>
    </p>
   </div>
   <div class='ocr_carea' id='block_1_35' title="bbox 2040 1824 3631 1905">
    <p class='ocr_par' dir='ltr' id='par_1_35' title="bbox 2047 1833 3631 1905">
     <span class='ocr_line' id='line_1_35' title="bbox 2047 1833 3631 1905; baseline -0.002 -11"><span class='ocrx_word' id='word_1_255' title='bbox 2047 1842 2201 1894; x_wconf 87' lang='lat' dir='ltr'><strong>tiam.</strong></span> <span class='ocrx_word' id='word_1_256' title='bbox 2249 1859 2268 1891; x_wconf 74' lang='grc' dir='ltr'><strong>ι</strong></span> <span class='ocrx_word' id='word_1_257' title='bbox 2306 1837 2431 1891; x_wconf 77' lang='lat' dir='ltr'><strong>llaec</strong></span> <span class='ocrx_word' id='word_1_258' title='bbox 2454 1851 2623 1905; x_wconf 87' lang='lat' dir='ltr'><strong>porro</strong></span> <span class='ocrx_word' id='word_1_259' title='bbox 2653 1834 2929 1897; x_wconf 89' lang='lat' dir='ltr'><strong>evenient,</strong></span> <span class='ocrx_word' id='word_1_260' title='bbox 2963 1835 3093 1905; x_wconf 89' lang='lat' dir='ltr'><strong>quia</strong></span> <span class='ocrx_word' id='word_1_261' title='bbox 3117 1841 3453 1890; x_wconf 87' lang='lat' dir='ltr'><strong>memoratus</strong></span> <span class='ocrx_word' id='word_1_262' title='bbox 3484 1833 3631 1891; x_wconf 94' lang='lat' dir='ltr'><strong>ﬁlius</strong></span> 
     </span>
    </p>
   </div>
   <div class='ocr_carea' id='block_1_36' title="bbox 357 1912 1943 1988">
    <p class='ocr_par' dir='ltr' id='par_1_36' title="bbox 357 1912 1943 1988">
     <span class='ocr_line' id='line_1_36' title="bbox 357 1912 1943 1988; baseline -0.003 -19"><span class='ocrx_word' id='word_1_263' title='bbox 357 1916 435 1988; x_wconf 84' lang='grc' dir='ltr'><strong>τῷ</strong></span> <span class='ocrx_word' id='word_1_264' title='bbox 488 1915 633 1987; x_wconf 89' lang='grc' dir='ltr'>λαῷ,</span> <span class='ocrx_word' id='word_1_265' title='bbox 677 1916 771 1969; x_wconf 77' lang='grc' dir='ltr'><strong>καὶ</strong></span> <span class='ocrx_word' id='word_1_266' title='bbox 813 1917 861 1968; x_wconf 81' lang='grc' dir='ltr'>οἱ</span> <span class='ocrx_word' id='word_1_267' title='bbox 917 1914 1095 1985; x_wconf 70' lang='grc' dir='ltr'>βουνοὶ</span> <span class='ocrx_word' id='word_1_268' title='bbox 1141 1915 1503 1985; x_wconf 86' lang='grc' dir='ltr'>δικαιοσύνην.</span> <span class='ocrx_word' id='word_1_269' title='bbox 1553 1932 1573 1967; x_wconf 74' lang='grc' dir='ltr'><strong>ι</strong></span> <span class='ocrx_word' id='word_1_270' title='bbox 1616 1914 1728 1967; x_wconf 96' lang='lat' dir='ltr'><strong>Kal.</strong></span> <span class='ocrx_word' id='word_1_271' title='bbox 1771 1912 1943 1965; x_wconf 90' lang='grc' dir='ltr'>ταῦτα</span> 
     </span>
    </p>
   </div>
   <div class='ocr_carea' id='block_1_37' title="bbox 357 2005 1944 2079">
    <p class='ocr_par' dir='ltr' id='par_1_37' title="bbox 357 2005 1944 2079">
     <span class='ocr_line' id='line_1_37' title="bbox 357 2005 1944 2079; baseline -0.004 -17"><span class='ocrx_word' id='word_1_272' title='bbox 357 2008 532 2072; x_wconf 74' lang='grc' dir='ltr'>ἔσται,</span> <span class='ocrx_word' id='word_1_273' title='bbox 562 2007 749 2079; x_wconf 78' lang='grc' dir='ltr'>ἐπειδὴ</span> <span class='ocrx_word' id='word_1_274' title='bbox 773 2007 801 2059; x_wconf 96' lang='lat'><strong>6</strong></span> <span class='ocrx_word' id='word_1_275' title='bbox 830 2005 1148 2079; x_wconf 76' lang='grc' dir='ltr'>προλεχθεὶς</span> <span class='ocrx_word' id='word_1_276' title='bbox 1176 2007 1290 2070; x_wconf 84' lang='grc' dir='ltr'>υίὸς</span> <span class='ocrx_word' id='word_1_277' title='bbox 1308 2006 1401 2060; x_wconf 91' lang='grc' dir='ltr'><strong>τοῦ</strong></span> <span class='ocrx_word' id='word_1_278' title='bbox 1430 2005 1695 2077; x_wconf 85' lang='grc' dir='ltr'>βασιλέως</span> <span class='ocrx_word' id='word_1_279' title='bbox 1723 2024 1741 2057; x_wconf 86' lang='grc'><strong><em>‹</em></strong></span> <span class='ocrx_word' id='word_1_280' title='bbox 1769 2007 1944 2077; x_wconf 86' lang='grc' dir='ltr'>κρινεῖ</span> 
     </span>
    </p>
   </div>
   <div class='ocr_carea' id='block_1_38' title="bbox 355 2095 1942 2177">
    <p class='ocr_par' dir='ltr' id='par_1_38' title="bbox 355 2095 1942 2177">
     <span class='ocr_line' id='line_1_38' title="bbox 355 2095 1942 2177; baseline -0.003 -24"><span class='ocrx_word' id='word_1_281' title='bbox 355 2100 481 2163; x_wconf 85' lang='grc' dir='ltr'>τοὺς</span> <span class='ocrx_word' id='word_1_282' title='bbox 517 2100 764 2177; x_wconf 76' lang='grc' dir='ltr'>πτωχοὺς</span> <span class='ocrx_word' id='word_1_283' title='bbox 806 2097 899 2151; x_wconf 90' lang='grc' dir='ltr'><strong>τοῦ</strong></span> <span class='ocrx_word' id='word_1_284' title='bbox 932 2097 1096 2163; x_wconf 89' lang='grc' dir='ltr'>λαοῦ,</span> <span class='ocrx_word' id='word_1_285' title='bbox 1149 2100 1243 2151; x_wconf 76' lang='grc' dir='ltr'><strong>καὶ</strong></span> <span class='ocrx_word' id='word_1_286' title='bbox 1279 2097 1441 2151; x_wconf 85' lang='grc' dir='ltr'>σώσει</span> <span class='ocrx_word' id='word_1_287' title='bbox 1494 2099 1621 2161; x_wconf 84' lang='grc' dir='ltr'>τοὺς</span> <span class='ocrx_word' id='word_1_288' title='bbox 1656 2099 1801 2159; x_wconf 83' lang='grc' dir='ltr'>υἱοὺς</span> <span class='ocrx_word' id='word_1_289' title='bbox 1834 2095 1942 2150; x_wconf 89' lang='grc' dir='ltr'><strong>τῶν</strong></span> 
     </span>
    </p>
   </div>
   <div class='ocr_carea' id='block_1_39' title="bbox 357 2185 1944 2263">
    <p class='ocr_par' dir='ltr' id='par_1_39' title="bbox 357 2185 1944 2263">
     <span class='ocr_line' id='line_1_39' title="bbox 357 2185 1944 2263; baseline -0.002 -20"><span class='ocrx_word' id='word_1_290' title='bbox 357 2193 606 2263; x_wconf 84' lang='grc' dir='ltr'>πενήτων</span> <span class='ocrx_word' id='word_1_291' title='bbox 626 2208 639 2220; x_wconf 92' lang='grc'><strong>·</strong></span> <span class='ocrx_word' id='word_1_292' title='bbox 673 2210 691 2242; x_wconf 71' lang='grc' dir='ltr'><strong>ι</strong></span> <span class='ocrx_word' id='word_1_293' title='bbox 734 2189 927 2262; x_wconf 82' lang='grc' dir='ltr'>κρίνας</span> <span class='ocrx_word' id='word_1_294' title='bbox 958 2188 1068 2261; x_wconf 87' lang='grc' dir='ltr'>γὰρ</span> <span class='ocrx_word' id='word_1_295' title='bbox 1098 2190 1360 2261; x_wconf 88' lang='grc' dir='ltr'>πρότερον</span> <span class='ocrx_word' id='word_1_296' title='bbox 1389 2188 1572 2254; x_wconf 82' lang='grc' dir='ltr'>ἀξίους</span> <span class='ocrx_word' id='word_1_297' title='bbox 1605 2185 1741 2242; x_wconf 81' lang='grc' dir='ltr'>εἶναι</span> <span class='ocrx_word' id='word_1_298' title='bbox 1771 2205 1944 2259; x_wconf 90' lang='grc' dir='ltr'>σωτη-</span> 
     </span>
    </p>
   </div>
   <div class='ocr_carea' id='block_1_40' title="bbox 358 2275 1942 2352">
    <p class='ocr_par' dir='ltr' id='par_1_40' title="bbox 358 2275 1942 2352">
     <span class='ocr_line' id='line_1_40' title="bbox 358 2275 1942 2352; baseline 0 -22"><span class='ocrx_word' id='word_1_299' title='bbox 358 2279 499 2352; x_wconf 88' lang='grc' dir='ltr'>ρίας,</span> <span class='ocrx_word' id='word_1_300' title='bbox 534 2278 705 2343; x_wconf 77' lang='grc' dir='ltr'>οὕτως</span> <span class='ocrx_word' id='word_1_301' title='bbox 752 2279 951 2342; x_wconf 81' lang='grc' dir='ltr'>αὐτοὺς</span> <span class='ocrx_word' id='word_1_302' title='bbox 990 2278 1176 2342; x_wconf 81' lang='grc' dir='ltr'>σώζει.</span> <span class='ocrx_word' id='word_1_303' title='bbox 1225 2280 1300 2331; x_wconf 85' lang='grc' dir='ltr'><strong>Οὐ</strong></span> <span class='ocrx_word' id='word_1_304' title='bbox 1345 2278 1454 2351; x_wconf 86' lang='grc' dir='ltr'><strong>γὰρ</strong></span> <span class='ocrx_word' id='word_1_305' title='bbox 1503 2280 1777 2351; x_wconf 83' lang='grc' dir='ltr'>ἀκρίτως,</span> <span class='ocrx_word' id='word_1_306' title='bbox 1824 2275 1942 2349; x_wconf 83' lang='grc' dir='ltr'>μετ’</span> 
     </span>
    </p>
   </div>
   <div class='ocr_carea' id='block_1_41' title="bbox 356 2368 1942 2442">
    <p class='ocr_par' dir='ltr' id='par_1_41' title="bbox 356 2368 1942 2442">
     <span class='ocr_line' id='line_1_41' title="bbox 356 2368 1942 2442; baseline -0.001 -21"><span class='ocrx_word' id='word_1_307' title='bbox 356 2368 729 2440; x_wconf 79' lang='grc' dir='ltr'>ὲξητασμένης</span> <span class='ocrx_word' id='word_1_308' title='bbox 774 2368 831 2422; x_wconf 85' lang='grc' dir='ltr'>δὲ</span> <span class='ocrx_word' id='word_1_309' title='bbox 859 2369 1093 2441; x_wconf 87' lang='grc' dir='ltr'>κρίσεως</span> <span class='ocrx_word' id='word_1_310' title='bbox 1124 2369 1223 2441; x_wconf 84' lang='grc' dir='ltr'>τὴν</span> <span class='ocrx_word' id='word_1_311' title='bbox 1256 2370 1529 2441; x_wconf 85' lang='grc' dir='ltr'>σωτηρίαν</span> <span class='ocrx_word' id='word_1_312' title='bbox 1573 2370 1801 2442; x_wconf 87' lang='grc' dir='ltr'>παρέχει</span> <span class='ocrx_word' id='word_1_313' title='bbox 1830 2370 1942 2432; x_wconf 87' lang='grc' dir='ltr'>τοῖς</span> 
     </span>
    </p>
   </div>
   <div class='ocr_carea' id='block_1_42' title="bbox 355 2460 1941 2534">
    <p class='ocr_par' dir='ltr' id='par_1_42' title="bbox 355 2460 1941 2534">
     <span class='ocr_line' id='line_1_42' title="bbox 355 2460 1941 2534; baseline 0 -18"><span class='ocrx_word' id='word_1_314' title='bbox 355 2460 552 2516; x_wconf 79' lang='grc' dir='ltr'>ἑαυτοῦ</span> <span class='ocrx_word' id='word_1_315' title='bbox 591 2465 827 2533; x_wconf 86' lang='grc' dir='ltr'>πτωχοῖς</span> <span class='ocrx_word' id='word_1_316' title='bbox 859 2462 954 2516; x_wconf 79' lang='grc' dir='ltr'><strong>καὶ</strong></span> <span class='ocrx_word' id='word_1_317' title='bbox 990 2465 1105 2525; x_wconf 87' lang='grc' dir='ltr'>τοῖς</span> <span class='ocrx_word' id='word_1_318' title='bbox 1142 2464 1278 2526; x_wconf 82' lang='grc' dir='ltr'>υἱοῖς</span> <span class='ocrx_word' id='word_1_319' title='bbox 1308 2462 1418 2517; x_wconf 90' lang='grc' dir='ltr'><strong>τῶν</strong></span> <span class='ocrx_word' id='word_1_320' title='bbox 1448 2464 1717 2534; x_wconf 82' lang='grc' dir='ltr'>πενήτων,</span> <span class='ocrx_word' id='word_1_321' title='bbox 1750 2460 1824 2519; x_wconf 81' lang='grc' dir='ltr'>ὧν</span> <span class='ocrx_word' id='word_1_322' title='bbox 1847 2464 1941 2519; x_wconf 77' lang='grc' dir='ltr'><strong>καὶ</strong></span> 
     </span>
    </p>
   </div>
   <div class='ocr_carea' id='block_1_43' title="bbox 354 2554 1940 2628">
    <p class='ocr_par' dir='ltr' id='par_1_43' title="bbox 354 2554 1940 2628">
     <span class='ocr_line' id='line_1_43' title="bbox 354 2554 1940 2628; baseline 0.004 -21"><span class='ocrx_word' id='word_1_323' title='bbox 354 2557 390 2628; x_wconf 80' lang='grc' dir='ltr'><strong>ή</strong></span> <span class='ocrx_word' id='word_1_324' title='bbox 438 2554 743 2626; x_wconf 73' lang='grc' dir='ltr'>προφητεία</span> <span class='ocrx_word' id='word_1_325' title='bbox 794 2554 1066 2625; x_wconf 83' lang='grc' dir='ltr'>μέμνηται</span> <span class='ocrx_word' id='word_1_326' title='bbox 1102 2554 1364 2623; x_wconf 81' lang='grc' dir='ltr'>λέγουσα·</span> <span class='ocrx_word' id='word_1_327' title='bbox 1414 2573 1434 2607; x_wconf 70' lang='grc' dir='ltr'><strong>ι</strong></span> <span class='ocrx_word' id='word_1_328' title='bbox 1470 2556 1940 2625; x_wconf 84' lang='grc' dir='ltr'>Εὑαγγελίσασθαι</span> 
     </span>
    </p>
   </div>
   <div class='ocr_carea' id='block_1_44' title="bbox 354 2646 1940 2721">
    <p class='ocr_par' dir='ltr' id='par_1_44' title="bbox 354 2646 1940 2721">
     <span class='ocr_line' id='line_1_44' title="bbox 354 2646 1940 2721; baseline 0.003 -19"><span class='ocrx_word' id='word_1_329' title='bbox 354 2650 591 2719; x_wconf 87' lang='grc' dir='ltr'>πτωχοῖς</span> <span class='ocrx_word' id='word_1_330' title='bbox 615 2647 923 2701; x_wconf 81' lang='grc' dir='ltr'>ἀπέσταλκέ</span> <span class='ocrx_word' id='word_1_331' title='bbox 956 2664 1052 2719; x_wconf 86' lang='grc' dir='ltr'><strong>με·</strong></span> <span class='ocrx_word' id='word_1_332' title='bbox 1082 2646 1317 2718; x_wconf 84' lang='grc' dir='ltr'>κηρῦξαι</span> <span class='ocrx_word' id='word_1_333' title='bbox 1351 2649 1716 2719; x_wconf 73' lang='grc' dir='ltr'>αἰχμαλώτοις</span> <span class='ocrx_word' id='word_1_334' title='bbox 1748 2652 1940 2721; x_wconf 80' lang='grc' dir='ltr'>ἄφεσιν</span> 
     </span>
    </p>
   </div>
   <div class='ocr_carea' id='block_1_45' title="bbox 355 2739 1937 2816">
    <p class='ocr_par' dir='ltr' id='par_1_45' title="bbox 355 2739 1937 2816">
     <span class='ocr_line' id='line_1_45' title="bbox 355 2739 1937 2816; baseline 0.002 -22"><span class='ocrx_word' id='word_1_335' title='bbox 355 2741 452 2794; x_wconf 77' lang='grc' dir='ltr'>καὶ</span> <span class='ocrx_word' id='word_1_336' title='bbox 485 2740 705 2809; x_wconf 86' lang='grc' dir='ltr'>τυφλοῖς</span> <span class='ocrx_word' id='word_1_337' title='bbox 734 2739 1046 2810; x_wconf 79' lang='grc' dir='ltr'>ἀνάϐλεψιν.</span> <span class='ocrx_word' id='word_1_338' title='bbox 1063 2760 1081 2791; x_wconf 69' lang='grc' dir='ltr'><strong>ι</strong></span> <span class='ocrx_word' id='word_1_339' title='bbox 1104 2741 1364 2811; x_wconf 78' lang='grc' dir='ltr'>Πτωχοὺς</span> <span class='ocrx_word' id='word_1_340' title='bbox 1391 2740 1447 2793; x_wconf 83' lang='grc' dir='ltr'>δὲ</span> <span class='ocrx_word' id='word_1_341' title='bbox 1475 2741 1662 2806; x_wconf 87' lang='grc' dir='ltr'>ποίους</span> <span class='ocrx_word' id='word_1_342' title='bbox 1685 2744 1870 2815; x_wconf 64' lang='grc' dir='ltr'>φησιν,</span> <span class='ocrx_word' id='word_1_343' title='bbox 1903 2744 1937 2816; x_wconf 83' lang='grc' dir='ltr'>ἢ</span> 
     </span>
    </p>
   </div>
   <div class='ocr_carea' id='block_1_46' title="bbox 352 2829 1940 2907">
    <p class='ocr_par' dir='ltr' id='par_1_46' title="bbox 352 2829 1940 2907">
     <span class='ocr_line' id='line_1_46' title="bbox 352 2829 1940 2907; baseline 0.009 -23"><span class='ocrx_word' id='word_1_344' title='bbox 352 2832 479 2895; x_wconf 84' lang='grc' dir='ltr'>τοὺς</span> <span class='ocrx_word' id='word_1_345' title='bbox 512 2830 841 2901; x_wconf 86' lang='grc' dir='ltr'>δυναμένους</span> <span class='ocrx_word' id='word_1_346' title='bbox 872 2829 1071 2901; x_wconf 83' lang='grc' dir='ltr'>ὁμοίως</span> <span class='ocrx_word' id='word_1_347' title='bbox 1114 2829 1312 2901; x_wconf 85' lang='grc' dir='ltr'>Παύλῳ</span> <span class='ocrx_word' id='word_1_348' title='bbox 1344 2830 1523 2900; x_wconf 84' lang='grc' dir='ltr'>λέγειν</span> <span class='ocrx_word' id='word_1_349' title='bbox 1543 2849 1555 2862; x_wconf 73' lang='grc'><strong><em>⁸</em></strong></span> <span class='ocrx_word' id='word_1_350' title='bbox 1588 2850 1606 2883; x_wconf 73' lang='grc' dir='ltr'>ί</span> <span class='ocrx_word' id='word_1_351' title='bbox 1640 2834 1801 2905; x_wconf 77' lang='grc' dir='ltr'>’Ἄχρι</span> <span class='ocrx_word' id='word_1_352' title='bbox 1840 2837 1940 2907; x_wconf 82' lang='grc' dir='ltr'>τῆς</span> 
     </span>
    </p>
   </div>
   <div class='ocr_carea' id='block_1_47' title="bbox 352 2921 1939 2997">
    <p class='ocr_par' dir='ltr' id='par_1_47' title="bbox 352 2921 1939 2997">
     <span class='ocr_line' id='line_1_47' title="bbox 352 2921 1939 2997; baseline 0 -20"><span class='ocrx_word' id='word_1_353' title='bbox 352 2922 477 2994; x_wconf 80' lang='grc' dir='ltr'>ἄρτι</span> <span class='ocrx_word' id='word_1_354' title='bbox 513 2921 663 2993; x_wconf 81' lang='grc' dir='ltr'>ὥρας</span> <span class='ocrx_word' id='word_1_355' title='bbox 700 2924 794 2974; x_wconf 78' lang='grc' dir='ltr'>καὶ</span> <span class='ocrx_word' id='word_1_356' title='bbox 850 2921 1120 2991; x_wconf 82' lang='grc' dir='ltr'>πεινῶμεν</span> <span class='ocrx_word' id='word_1_357' title='bbox 1170 2921 1264 2975; x_wconf 79' lang='grc' dir='ltr'><strong>καὶ</strong></span> <span class='ocrx_word' id='word_1_358' title='bbox 1290 2921 1553 2992; x_wconf 72' lang='grc' dir='ltr'>διψῶμεν,</span> <span class='ocrx_word' id='word_1_359' title='bbox 1583 2924 1676 2976; x_wconf 71' lang='grc' dir='ltr'>καὶ</span> <span class='ocrx_word' id='word_1_360' title='bbox 1728 2942 1939 2997; x_wconf 88' lang='grc' dir='ltr'>γυμνη-</span> 
     </span>
    </p>
   </div>
   <div class='ocr_carea' id='block_1_48' title="bbox 352 3012 1939 3085">
    <p class='ocr_par' dir='ltr' id='par_1_48' title="bbox 352 3012 1939 3085">
     <span class='ocr_line' id='line_1_48' title="bbox 352 3012 1939 3085; baseline 0.001 -17"><span class='ocrx_word' id='word_1_361' title='bbox 352 3014 603 3085; x_wconf 90' lang='grc' dir='ltr'>τεύομεν,</span> <span class='ocrx_word' id='word_1_362' title='bbox 651 3015 746 3067; x_wconf 76' lang='grc' dir='ltr'><strong>καὶ</strong></span> <span class='ocrx_word' id='word_1_363' title='bbox 775 3012 1199 3083; x_wconf 81' lang='grc' dir='ltr'>κολαφιζόμεθα,</span> <span class='ocrx_word' id='word_1_364' title='bbox 1235 3014 1329 3066; x_wconf 73' lang='grc' dir='ltr'><strong>καὶ</strong></span> <span class='ocrx_word' id='word_1_365' title='bbox 1354 3014 1694 3085; x_wconf 81' lang='grc' dir='ltr'>ἀστατοῦμεν</span> <span class='ocrx_word' id='word_1_366' title='bbox 1714 3035 1727 3047; x_wconf 75' lang='grc' dir='ltr'><strong>ο</strong></span> <span class='ocrx_word' id='word_1_367' title='bbox 1760 3035 1778 3068; x_wconf 76' lang='grc' dir='ltr'><strong>ι</strong></span> <span class='ocrx_word' id='word_1_368' title='bbox 1813 3017 1939 3081; x_wconf 86' lang='grc' dir='ltr'>τούς</span> 
     </span>
    </p>
   </div>
   <div class='ocr_carea' id='block_1_49' title="bbox 350 3106 1938 3179">
    <p class='ocr_par' dir='ltr' id='par_1_49' title="bbox 350 3106 1938 3179">
     <span class='ocr_line' id='line_1_49' title="bbox 350 3106 1938 3179; baseline 0.001 -19"><span class='ocrx_word' id='word_1_369' title='bbox 350 3123 411 3161; x_wconf 88' lang='grc' dir='ltr'><strong>τε</strong></span> <span class='ocrx_word' id='word_1_370' title='bbox 458 3106 663 3178; x_wconf 85' lang='grc' dir='ltr'>ὁμοίως</span> <span class='ocrx_word' id='word_1_371' title='bbox 696 3106 889 3177; x_wconf 83' lang='grc' dir='ltr'>Πέτρῳ</span> <span class='ocrx_word' id='word_1_372' title='bbox 937 3107 1250 3177; x_wconf 87' lang='grc' dir='ltr'>φήσαντας·</span> <span class='ocrx_word' id='word_1_373' title='bbox 1288 3125 1307 3157; x_wconf 87' lang='grc'><strong><em>‹</em></strong></span> <span class='ocrx_word' id='word_1_374' title='bbox 1347 3106 1634 3178; x_wconf 85' lang='grc' dir='ltr'>Ἀργύριον</span> <span class='ocrx_word' id='word_1_375' title='bbox 1667 3110 1762 3161; x_wconf 72' lang='grc' dir='ltr'>καὶ</span> <span class='ocrx_word' id='word_1_376' title='bbox 1805 3126 1938 3179; x_wconf 91' lang='grc' dir='ltr'>χρυ-</span> 
     </span>
    </p>
   </div>
   <div class='ocr_carea' id='block_1_50' title="bbox 354 3194 2005 3271">
    <p class='ocr_par' dir='ltr' id='par_1_50' title="bbox 354 3194 2005 3271">
     <span class='ocr_line' id='line_1_50' title="bbox 354 3194 2005 3271; baseline -0.001 -17"><span class='ocrx_word' id='word_1_377' title='bbox 354 3200 468 3255; x_wconf 87' lang='grc' dir='ltr'>σίον</span> <span class='ocrx_word' id='word_1_378' title='bbox 496 3199 594 3269; x_wconf 80' lang='grc' dir='ltr'><strong>οὐχ</strong></span> <span class='ocrx_word' id='word_1_379' title='bbox 627 3198 861 3271; x_wconf 84' lang='grc' dir='ltr'>ὑπάρχει</span> <span class='ocrx_word' id='word_1_380' title='bbox 896 3216 1005 3270; x_wconf 88' lang='grc' dir='ltr'>μοι.</span> <span class='ocrx_word' id='word_1_381' title='bbox 1040 3217 1059 3249; x_wconf 71' lang='grc' dir='ltr'><strong>ι</strong></span> <span class='ocrx_word' id='word_1_382' title='bbox 1090 3198 1377 3262; x_wconf 89' lang='grc' dir='ltr'>Τοιούτους</span> <span class='ocrx_word' id='word_1_383' title='bbox 1408 3199 1465 3253; x_wconf 81' lang='grc' dir='ltr'>δὲ</span> <span class='ocrx_word' id='word_1_384' title='bbox 1498 3200 1746 3270; x_wconf 84' lang='grc' dir='ltr'>πτωχοὺς</span> <span class='ocrx_word' id='word_1_385' title='bbox 1775 3202 1936 3265; x_wconf 81' lang='grc' dir='ltr'>αὐτὸς</span> <span class='ocrx_word' id='word_1_386' title='bbox 1964 3194 2005 3252; x_wconf 89' lang='lat' dir='ltr'><strong>C</strong></span> 
     </span>
    </p>
   </div>
   <div class='ocr_carea' id='block_1_51' title="bbox 351 3287 1936 3362">
    <p class='ocr_par' dir='ltr' id='par_1_51' title="bbox 351 3287 1936 3362">
     <span class='ocr_line' id='line_1_51' title="bbox 351 3287 1936 3362; baseline 0 -17"><span class='ocrx_word' id='word_1_387' title='bbox 351 3289 531 3362; x_wconf 72' lang='grc' dir='ltr'>ἑαυτῷ</span> <span class='ocrx_word' id='word_1_388' title='bbox 576 3287 954 3361; x_wconf 88' lang='grc' dir='ltr'>παρεσκεύαζε</span> <span class='ocrx_word' id='word_1_389' title='bbox 998 3288 1279 3362; x_wconf 88' lang='grc' dir='ltr'>παραινῶν</span> <span class='ocrx_word' id='word_1_390' title='bbox 1315 3288 1389 3361; x_wconf 80' lang='grc' dir='ltr'>μὴ</span> <span class='ocrx_word' id='word_1_391' title='bbox 1436 3289 1666 3361; x_wconf 83' lang='grc' dir='ltr'>κτῆσθαι</span> <span class='ocrx_word' id='word_1_392' title='bbox 1716 3292 1936 3362; x_wconf 90' lang='grc' dir='ltr'>χρυσίον</span> 
     </span>
    </p>
   </div>
   <div class='ocr_carea' id='block_1_52' title="bbox 353 3383 1933 3460">
    <p class='ocr_par' dir='ltr' id='par_1_52' title="bbox 353 3383 1933 3460">
     <span class='ocr_line' id='line_1_52' title="bbox 353 3383 1933 3460; baseline -0.001 -20"><span class='ocrx_word' id='word_1_393' title='bbox 353 3386 491 3460; x_wconf 78' lang='grc' dir='ltr'>μηδὲ</span> <span class='ocrx_word' id='word_1_394' title='bbox 526 3385 788 3458; x_wconf 86' lang='grc' dir='ltr'>ἀργύριον</span> <span class='ocrx_word' id='word_1_395' title='bbox 835 3387 915 3449; x_wconf 87' lang='grc' dir='ltr'><strong>είς</strong></span> <span class='ocrx_word' id='word_1_396' title='bbox 952 3384 1050 3448; x_wconf 79' lang='grc' dir='ltr'>τὰς</span> <span class='ocrx_word' id='word_1_397' title='bbox 1085 3383 1279 3449; x_wconf 80' lang='grc' dir='ltr'>ζώνας,</span> <span class='ocrx_word' id='word_1_398' title='bbox 1336 3384 1411 3455; x_wconf 84' lang='grc' dir='ltr'>μὴ</span> <span class='ocrx_word' id='word_1_399' title='bbox 1454 3387 1636 3456; x_wconf 82' lang='grc' dir='ltr'>πήραν</span> <span class='ocrx_word' id='word_1_400' title='bbox 1683 3387 1762 3449; x_wconf 83' lang='grc' dir='ltr'><strong>είς</strong></span> <span class='ocrx_word' id='word_1_401' title='bbox 1796 3386 1933 3450; x_wconf 83' lang='grc' dir='ltr'>όδὸν,</span> 
     </span>
    </p>
   </div>
   <div class='ocr_carea' id='block_1_53' title="bbox 354 3477 1932 3551">
    <p class='ocr_par' dir='ltr' id='par_1_53' title="bbox 354 3477 1932 3551">
     <span class='ocr_line' id='line_1_53' title="bbox 354 3477 1932 3551; baseline 0.002 -20"><span class='ocrx_word' id='word_1_402' title='bbox 354 3478 493 3551; x_wconf 79' lang='grc' dir='ltr'>μηδὲ</span> <span class='ocrx_word' id='word_1_403' title='bbox 523 3477 616 3531; x_wconf 91' lang='grc' dir='ltr'><strong>δύο</strong></span> <span class='ocrx_word' id='word_1_404' title='bbox 650 3477 883 3548; x_wconf 84' lang='grc' dir='ltr'>χιτῶνας</span> <span class='ocrx_word' id='word_1_405' title='bbox 907 3518 921 3543; x_wconf 97' lang='grc'><strong>,</strong></span> <span class='ocrx_word' id='word_1_406' title='bbox 957 3478 1089 3549; x_wconf 82' lang='grc' dir='ltr'>μηδὲ</span> <span class='ocrx_word' id='word_1_407' title='bbox 1117 3477 1438 3548; x_wconf 83' lang='grc' dir='ltr'>ὑποδήματα</span> <span class='ocrx_word' id='word_1_408' title='bbox 1458 3518 1472 3542; x_wconf 91' lang='grc'><strong>,</strong></span> <span class='ocrx_word' id='word_1_409' title='bbox 1529 3478 1662 3550; x_wconf 83' lang='grc' dir='ltr'>μηδὲ</span> <span class='ocrx_word' id='word_1_410' title='bbox 1719 3479 1932 3551; x_wconf 81' lang='grc' dir='ltr'>ῥάϐδον.</span> 
     </span>
    </p>
   </div>
   <div class='ocr_carea' id='block_1_54' title="bbox 356 3567 1938 3645">
    <p class='ocr_par' dir='ltr' id='par_1_54' title="bbox 356 3567 1938 3645">
     <span class='ocr_line' id='line_1_54' title="bbox 356 3567 1938 3645; baseline 0.001 -21"><span class='ocrx_word' id='word_1_411' title='bbox 356 3591 375 3624; x_wconf 75' lang='grc' dir='ltr'><strong>ι</strong></span> <span class='ocrx_word' id='word_1_412' title='bbox 406 3570 652 3624; x_wconf 87' lang='grc' dir='ltr'>Τοιοῦτοι</span> <span class='ocrx_word' id='word_1_413' title='bbox 681 3570 739 3624; x_wconf 87' lang='grc' dir='ltr'><strong>δὲ</strong></span> <span class='ocrx_word' id='word_1_414' title='bbox 769 3567 910 3641; x_wconf 82' lang='grc' dir='ltr'>ἦσαν</span> <span class='ocrx_word' id='word_1_415' title='bbox 935 3571 1030 3624; x_wconf 81' lang='grc' dir='ltr'><strong>καὶ</strong></span> <span class='ocrx_word' id='word_1_416' title='bbox 1058 3572 1108 3623; x_wconf 84' lang='grc' dir='ltr'>οἱ</span> <span class='ocrx_word' id='word_1_417' title='bbox 1141 3570 1308 3623; x_wconf 87' lang='grc' dir='ltr'>πάλαι</span> <span class='ocrx_word' id='word_1_418' title='bbox 1341 3570 1718 3644; x_wconf 88' lang='grc' dir='ltr'>περιελθόντες</span> <span class='ocrx_word' id='word_1_419' title='bbox 1742 3575 1798 3625; x_wconf 81' lang='grc' dir='ltr'>ὲν</span> <span class='ocrx_word' id='word_1_420' title='bbox 1834 3591 1938 3645; x_wconf 89' lang='grc' dir='ltr'>μη-</span> 
     </span>
    </p>
   </div>
   <div class='ocr_carea' id='block_1_55' title="bbox 349 3662 1935 3735">
    <p class='ocr_par' dir='ltr' id='par_1_55' title="bbox 349 3662 1935 3735">
     <span class='ocr_line' id='line_1_55' title="bbox 349 3662 1935 3735; baseline 0.001 -19"><span class='ocrx_word' id='word_1_421' title='bbox 349 3663 566 3728; x_wconf 88' lang='grc' dir='ltr'>λωταῖς,</span> <span class='ocrx_word' id='word_1_422' title='bbox 590 3664 648 3716; x_wconf 81' lang='grc' dir='ltr'>ὲν</span> <span class='ocrx_word' id='word_1_423' title='bbox 680 3662 907 3732; x_wconf 83' lang='grc' dir='ltr'>αἰγείοις</span> <span class='ocrx_word' id='word_1_424' title='bbox 947 3662 1245 3733; x_wconf 89' lang='grc' dir='ltr'>δέρμασιν,</span> <span class='ocrx_word' id='word_1_425' title='bbox 1279 3662 1702 3735; x_wconf 81' lang='grc' dir='ltr'>ὑστερούμενοι,</span> <span class='ocrx_word' id='word_1_426' title='bbox 1754 3663 1935 3718; x_wconf 76' lang='grc' dir='ltr'>θλιϐό-</span> 
     </span>
    </p>
   </div>
   <div class='ocr_carea' id='block_1_56' title="bbox 355 3754 1935 3828">
    <p class='ocr_par' dir='ltr' id='par_1_56' title="bbox 355 3754 1935 3828">
     <span class='ocr_line' id='line_1_56' title="bbox 355 3754 1935 3828; baseline 0.002 -19"><span class='ocrx_word' id='word_1_427' title='bbox 355 3774 524 3828; x_wconf 86' lang='grc' dir='ltr'>μενοι,</span> <span class='ocrx_word' id='word_1_428' title='bbox 570 3754 1033 3826; x_wconf 79' lang='grc' dir='ltr'>κακουχούμενοι,</span> <span class='ocrx_word' id='word_1_429' title='bbox 1061 3758 1119 3809; x_wconf 84' lang='grc' dir='ltr'>ὲν</span> <span class='ocrx_word' id='word_1_430' title='bbox 1159 3756 1416 3828; x_wconf 76' lang='grc' dir='ltr'>ἐρημίαις</span> <span class='ocrx_word' id='word_1_431' title='bbox 1468 3756 1812 3828; x_wconf 86' lang='grc' dir='ltr'>πλανώμενοι</span> <span class='ocrx_word' id='word_1_432' title='bbox 1842 3759 1935 3812; x_wconf 75' lang='grc' dir='ltr'><strong>καὶ</strong></span> 
     </span>
    </p>
   </div>
   <div class='ocr_carea' id='block_1_57' title="bbox 349 3844 1934 3919">
    <p class='ocr_par' dir='ltr' id='par_1_57' title="bbox 349 3844 1934 3919">
     <span class='ocr_line' id='line_1_57' title="bbox 349 3844 1934 3919; baseline 0.003 -21"><span class='ocrx_word' id='word_1_433' title='bbox 349 3844 523 3917; x_wconf 74' lang='grc' dir='ltr'>ὄρεσι,</span> <span class='ocrx_word' id='word_1_434' title='bbox 557 3847 650 3899; x_wconf 70' lang='grc' dir='ltr'>καὶ</span> <span class='ocrx_word' id='word_1_435' title='bbox 679 3846 984 3917; x_wconf 86' lang='grc' dir='ltr'>σπηλαίοις,</span> <span class='ocrx_word' id='word_1_436' title='bbox 1012 3847 1105 3900; x_wconf 77' lang='grc' dir='ltr'><strong>καὶ</strong></span> <span class='ocrx_word' id='word_1_437' title='bbox 1143 3849 1263 3911; x_wconf 88' lang='grc' dir='ltr'>ταῖς</span> <span class='ocrx_word' id='word_1_438' title='bbox 1288 3849 1448 3911; x_wconf 81' lang='grc' dir='ltr'>ὀπαῖς</span> <span class='ocrx_word' id='word_1_439' title='bbox 1478 3850 1577 3919; x_wconf 79' lang='grc' dir='ltr'>τῆς</span> <span class='ocrx_word' id='word_1_440' title='bbox 1601 3849 1720 3919; x_wconf 84' lang='grc' dir='ltr'>γῆς.</span> <span class='ocrx_word' id='word_1_441' title='bbox 1739 3868 1757 3900; x_wconf 75' lang='grc' dir='ltr'><strong>ι</strong></span> <span class='ocrx_word' id='word_1_442' title='bbox 1796 3849 1934 3902; x_wconf 82' lang='grc' dir='ltr'>Ἀλλ’</span> 
     </span>
    </p>
   </div>
   <div class='ocr_carea' id='block_1_58' title="bbox 349 3938 1934 4009">
    <p class='ocr_par' dir='ltr' id='par_1_58' title="bbox 349 3938 1934 4009">
     <span class='ocr_line' id='line_1_58' title="bbox 349 3938 1934 4009; baseline 0.001 -16"><span class='ocrx_word' id='word_1_443' title='bbox 349 3940 400 3993; x_wconf 77' lang='grc' dir='ltr'><strong>εί</strong></span> <span class='ocrx_word' id='word_1_444' title='bbox 437 3938 536 4009; x_wconf 78' lang='grc' dir='ltr'>μὲν</span> <span class='ocrx_word' id='word_1_445' title='bbox 582 3939 786 3992; x_wconf 88' lang='grc' dir='ltr'>τούτων</span> <span class='ocrx_word' id='word_1_446' title='bbox 839 3940 998 4009; x_wconf 89' lang='grc' dir='ltr'>μόνον</span> <span class='ocrx_word' id='word_1_447' title='bbox 1031 3938 1437 4009; x_wconf 78' lang='grc' dir='ltr'>ἐμνημόνευσεν</span> <span class='ocrx_word' id='word_1_448' title='bbox 1465 3941 1493 3992; x_wconf 92' lang='lat'><strong>6</strong></span> <span class='ocrx_word' id='word_1_449' title='bbox 1544 3939 1734 4008; x_wconf 89' lang='grc' dir='ltr'>λόγος,</span> <span class='ocrx_word' id='word_1_450' title='bbox 1794 3943 1934 3995; x_wconf 85' lang='grc' dir='ltr'>ἀπο-</span> 
     </span>
    </p>
   </div>
   <div class='ocr_carea' id='block_1_59' title="bbox 349 4030 1936 4105">
    <p class='ocr_par' dir='ltr' id='par_1_59' title="bbox 349 4030 1936 4105">
     <span class='ocr_line' id='line_1_59' title="bbox 349 4030 1936 4105; baseline 0.002 -20"><span class='ocrx_word' id='word_1_451' title='bbox 349 4030 630 4085; x_wconf 88' lang='grc' dir='ltr'>κέκλειστο</span> <span class='ocrx_word' id='word_1_452' title='bbox 669 4032 777 4094; x_wconf 85' lang='grc' dir='ltr'>πᾶς</span> <span class='ocrx_word' id='word_1_453' title='bbox 808 4033 836 4084; x_wconf 89' lang='lat'><strong>6</strong></span> <span class='ocrx_word' id='word_1_454' title='bbox 892 4031 965 4103; x_wconf 84' lang='grc' dir='ltr'>μὴ</span> <span class='ocrx_word' id='word_1_455' title='bbox 993 4030 1266 4095; x_wconf 88' lang='grc' dir='ltr'>τοιοῦτος·</span> <span class='ocrx_word' id='word_1_456' title='bbox 1316 4030 1411 4085; x_wconf 91' lang='grc' dir='ltr'><strong>νῦν</strong></span> <span class='ocrx_word' id='word_1_457' title='bbox 1458 4031 1515 4085; x_wconf 83' lang='grc' dir='ltr'>δὲ</span> <span class='ocrx_word' id='word_1_458' title='bbox 1558 4034 1652 4085; x_wconf 75' lang='grc' dir='ltr'><strong>καὶ</strong></span> <span class='ocrx_word' id='word_1_459' title='bbox 1684 4032 1936 4105; x_wconf 89' lang='grc' dir='ltr'>δεύτερον</span> 
     </span>
    </p>
   </div>
   <div class='ocr_carea' id='block_1_60' title="bbox 350 4122 1935 4194">
    <p class='ocr_par' dir='ltr' id='par_1_60' title="bbox 350 4122 1935 4194">
     <span class='ocr_line' id='line_1_60' title="bbox 350 4122 1935 4194; baseline -0.001 -18"><span class='ocrx_word' id='word_1_460' title='bbox 350 4123 539 4194; x_wconf 83' lang='grc' dir='ltr'>τάγμα</span> <span class='ocrx_word' id='word_1_461' title='bbox 582 4122 1005 4194; x_wconf 86' lang='grc' dir='ltr'>καταριθμεῖται</span> <span class='ocrx_word' id='word_1_462' title='bbox 1057 4123 1318 4192; x_wconf 86' lang='grc' dir='ltr'>φάσκων·</span> <span class='ocrx_word' id='word_1_463' title='bbox 1382 4140 1402 4174; x_wconf 73' lang='grc' dir='ltr'><strong>ι</strong></span> <span class='ocrx_word' id='word_1_464' title='bbox 1439 4122 1551 4175; x_wconf 83' lang='lat' dir='ltr'><strong>Kal.</strong></span> <span class='ocrx_word' id='word_1_465' title='bbox 1597 4122 1758 4176; x_wconf 88' lang='grc' dir='ltr'>σώσει</span> <span class='ocrx_word' id='word_1_466' title='bbox 1808 4124 1935 4187; x_wconf 82' lang='grc' dir='ltr'>τοὺς</span> 
     </span>
    </p>
   </div>
   <div class='ocr_carea' id='block_1_61' title="bbox 351 4208 1934 4285">
    <p class='ocr_par' dir='ltr' id='par_1_61' title="bbox 351 4208 1934 4285">
     <span class='ocr_line' id='line_1_61' title="bbox 351 4208 1934 4285; baseline 0.001 -17"><span class='ocrx_word' id='word_1_467' title='bbox 351 4215 501 4277; x_wconf 81' lang='grc' dir='ltr'>υἱοὺς</span> <span class='ocrx_word' id='word_1_468' title='bbox 527 4212 638 4265; x_wconf 84' lang='grc' dir='ltr'><strong>τῶν</strong></span> <span class='ocrx_word' id='word_1_469' title='bbox 668 4214 939 4284; x_wconf 81' lang='grc' dir='ltr'>πενήτων.</span> <span class='ocrx_word' id='word_1_470' title='bbox 971 4231 989 4265; x_wconf 72' lang='grc' dir='ltr'><strong>ι</strong></span> <span class='ocrx_word' id='word_1_471' title='bbox 1030 4213 1148 4267; x_wconf 74' lang='grc' dir='ltr'><strong>Υἱοὶ</strong></span> <span class='ocrx_word' id='word_1_472' title='bbox 1189 4212 1246 4266; x_wconf 85' lang='grc' dir='ltr'><strong>δὲ</strong></span> <span class='ocrx_word' id='word_1_473' title='bbox 1289 4214 1534 4285; x_wconf 85' lang='grc' dir='ltr'>πενήτων</span> <span class='ocrx_word' id='word_1_474' title='bbox 1554 4208 1695 4285; x_wconf 82' lang='grc' dir='ltr'>ἦσαν</span> <span class='ocrx_word' id='word_1_475' title='bbox 1732 4214 1781 4266; x_wconf 82' lang='grc' dir='ltr'>οἱ</span> <span class='ocrx_word' id='word_1_476' title='bbox 1826 4214 1934 4270; x_wconf 88' lang='grc' dir='ltr'><strong>τῶν</strong></span> 
     </span>
    </p>
   </div>
   <div class='ocr_carea' id='block_1_62' title="bbox 350 4290 1933 4375">
    <p class='ocr_par' dir='ltr' id='par_1_62' title="bbox 350 4290 1933 4375">
     <span class='ocr_line' id='line_1_62' title="bbox 350 4290 1933 4375; baseline -0.001 -16"><span class='ocrx_word' id='word_1_477' title='bbox 350 4304 663 4359; x_wconf 78' lang='grc' dir='ltr'>ἀποστόλων</span> <span class='ocrx_word' id='word_1_478' title='bbox 696 4305 792 4357; x_wconf 80' lang='grc' dir='ltr'><strong>καὶ</strong></span> <span class='ocrx_word' id='word_1_479' title='bbox 848 4303 1106 4375; x_wconf 89' lang='grc' dir='ltr'>μαθητῶν</span> <span class='ocrx_word' id='word_1_480' title='bbox 1152 4304 1246 4357; x_wconf 90' lang='grc' dir='ltr'><strong>τοῦ</strong></span> <span class='ocrx_word' id='word_1_481' title='bbox 1297 4304 1551 4374; x_wconf 85' lang='grc' dir='ltr'>Σωτῆρος</span> <span class='ocrx_word' id='word_1_482' title='bbox 1589 4290 1749 4375; x_wconf 82' lang='grc' dir='ltr'>ήμῶν</span> <span class='ocrx_word' id='word_1_483' title='bbox 1792 4304 1933 4372; x_wconf 91' lang='grc' dir='ltr'>γνώ-</span> 
     </span>
    </p>
   </div>
   <div class='ocr_carea' id='block_1_63' title="bbox 355 4395 1933 4469">
    <p class='ocr_par' dir='ltr' id='par_1_63' title="bbox 355 4395 1933 4469">
     <span class='ocr_line' id='line_1_63' title="bbox 355 4395 1933 4469; baseline 0 -20"><span class='ocrx_word' id='word_1_484' title='bbox 355 4413 523 4468; x_wconf 78' lang='grc' dir='ltr'>ριμοι,</span> <span class='ocrx_word' id='word_1_485' title='bbox 546 4396 763 4459; x_wconf 84' lang='grc' dir='ltr'>ὁποίους</span> <span class='ocrx_word' id='word_1_486' title='bbox 789 4395 965 4467; x_wconf 88' lang='grc' dir='ltr'>δηλῶν</span> <span class='ocrx_word' id='word_1_487' title='bbox 991 4398 1020 4449; x_wconf 93' lang='lat'><strong>6</strong></span> <span class='ocrx_word' id='word_1_488' title='bbox 1052 4396 1372 4459; x_wconf 85' lang='grc' dir='ltr'>Ἀπόστολος</span> <span class='ocrx_word' id='word_1_489' title='bbox 1392 4396 1574 4464; x_wconf 81' lang='grc' dir='ltr'>ἔλεγεν</span> <span class='ocrx_word' id='word_1_490' title='bbox 1595 4412 1607 4425; x_wconf 89' lang='grc'><strong>·</strong></span> <span class='ocrx_word' id='word_1_491' title='bbox 1634 4415 1652 4447; x_wconf 80' lang='grc' dir='ltr'><strong>ι</strong></span> <span class='ocrx_word' id='word_1_492' title='bbox 1677 4396 1799 4450; x_wconf 85' lang='grc' dir='ltr'><strong>Ἐὰν</strong></span> <span class='ocrx_word' id='word_1_493' title='bbox 1825 4396 1933 4469; x_wconf 86' lang='grc' dir='ltr'>γὰρ</span> 
     </span>
    </p>
   </div>
   <div class='ocr_carea' id='block_1_64' title="bbox 352 4488 1932 4560">
    <p class='ocr_par' dir='ltr' id='par_1_64' title="bbox 352 4488 1932 4560">
     <span class='ocr_line' id='line_1_64' title="bbox 352 4488 1932 4560; baseline 0 -16"><span class='ocrx_word' id='word_1_494' title='bbox 352 4490 582 4553; x_wconf 83' lang='grc' dir='ltr'>πολλοὺς</span> <span class='ocrx_word' id='word_1_495' title='bbox 609 4489 992 4558; x_wconf 82' lang='grc' dir='ltr'>παιδαγωγοὺς</span> <span class='ocrx_word' id='word_1_496' title='bbox 1020 4488 1181 4560; x_wconf 81' lang='grc' dir='ltr'>ἔχητε</span> <span class='ocrx_word' id='word_1_497' title='bbox 1215 4490 1273 4541; x_wconf 82' lang='grc' dir='ltr'>ὲν</span> <span class='ocrx_word' id='word_1_498' title='bbox 1298 4488 1540 4560; x_wconf 82' lang='grc' dir='ltr'>Χριστῷ,</span> <span class='ocrx_word' id='word_1_499' title='bbox 1575 4489 1689 4542; x_wconf 82' lang='grc' dir='ltr'>ἀλλ’</span> <span class='ocrx_word' id='word_1_500' title='bbox 1713 4490 1773 4542; x_wconf 78' lang='grc' dir='ltr'><strong>οὐ</strong></span> <span class='ocrx_word' id='word_1_501' title='bbox 1805 4489 1932 4544; x_wconf 91' lang='grc' dir='ltr'>πολ-</span> 
     </span>
    </p>
   </div>
   <div class='ocr_carea' id='block_1_65' title="bbox 348 4566 2012 4653">
    <p class='ocr_par' dir='ltr' id='par_1_65' title="bbox 348 4566 2012 4653">
     <span class='ocr_line' id='line_1_65' title="bbox 348 4566 2012 4653; baseline 0.001 -19"><span class='ocrx_word' id='word_1_502' title='bbox 348 4580 476 4644; x_wconf 85' lang='grc' dir='ltr'>λοὺς</span> <span class='ocrx_word' id='word_1_503' title='bbox 503 4581 773 4653; x_wconf 89' lang='grc' dir='ltr'>πατέρας·</span> <span class='ocrx_word' id='word_1_504' title='bbox 806 4584 863 4634; x_wconf 81' lang='grc' dir='ltr'>ὲν</span> <span class='ocrx_word' id='word_1_505' title='bbox 886 4580 995 4653; x_wconf 84' lang='grc' dir='ltr'>γὰρ</span> <span class='ocrx_word' id='word_1_506' title='bbox 1025 4580 1247 4653; x_wconf 87' lang='grc' dir='ltr'>Χριστῷ</span> <span class='ocrx_word' id='word_1_507' title='bbox 1275 4580 1448 4651; x_wconf 81' lang='grc' dir='ltr'>Ἰησοῦ</span> <span class='ocrx_word' id='word_1_508' title='bbox 1473 4580 1583 4650; x_wconf 75' lang='grc' dir='ltr'><strong>ἐγὼ</strong></span> <span class='ocrx_word' id='word_1_509' title='bbox 1607 4583 1752 4651; x_wconf 81' lang='grc' dir='ltr'>ὑμᾶς</span> <span class='ocrx_word' id='word_1_510' title='bbox 1784 4584 1936 4651; x_wconf 84' lang='grc' dir='ltr'>ὲγέν-</span> <span class='ocrx_word' id='word_1_511' title='bbox 1967 4566 2012 4620; x_wconf 81' lang='grc' dir='ltr'><strong>Ῐ)</strong></span> 
     </span>
    </p>
   </div>
   <div class='ocr_carea' id='block_1_66' title="bbox 348 4672 1933 4743">
    <p class='ocr_par' dir='ltr' id='par_1_66' title="bbox 348 4672 1933 4743">
     <span class='ocr_line' id='line_1_66' title="bbox 348 4672 1933 4743; baseline 0.001 -18"><span class='ocrx_word' id='word_1_512' title='bbox 348 4688 492 4743; x_wconf 88' lang='grc' dir='ltr'>νησα</span> <span class='ocrx_word' id='word_1_513' title='bbox 512 4687 525 4699; x_wconf 87' lang='grc'><strong>·</strong></span> <span class='ocrx_word' id='word_1_514' title='bbox 560 4690 578 4723; x_wconf 78' lang='grc' dir='ltr'><strong>ι</strong></span> <span class='ocrx_word' id='word_1_515' title='bbox 613 4675 707 4726; x_wconf 77' lang='grc' dir='ltr'><strong>καὶ</strong></span> <span class='ocrx_word' id='word_1_516' title='bbox 738 4673 899 4726; x_wconf 88' lang='grc' dir='ltr'>πάλιν</span> <span class='ocrx_word' id='word_1_517' title='bbox 919 4690 933 4702; x_wconf 88' lang='grc'><strong>·</strong></span> <span class='ocrx_word' id='word_1_518' title='bbox 978 4692 996 4723; x_wconf 85' lang='grc'><strong>‹</strong></span> <span class='ocrx_word' id='word_1_519' title='bbox 1026 4674 1204 4727; x_wconf 89' lang='grc' dir='ltr'>Τέκνα</span> <span class='ocrx_word' id='word_1_520' title='bbox 1242 4690 1340 4743; x_wconf 89' lang='grc' dir='ltr'><strong>μου</strong></span> <span class='ocrx_word' id='word_1_521' title='bbox 1367 4712 1381 4736; x_wconf 91' lang='grc'><strong>,</strong></span> <span class='ocrx_word' id='word_1_522' title='bbox 1424 4672 1519 4737; x_wconf 88' lang='grc' dir='ltr'><strong>οὒς</strong></span> <span class='ocrx_word' id='word_1_523' title='bbox 1566 4674 1727 4727; x_wconf 88' lang='grc' dir='ltr'>πάλιν</span> <span class='ocrx_word' id='word_1_524' title='bbox 1759 4674 1933 4727; x_wconf 82' lang='grc' dir='ltr'>ὠδίνω</span> 
     </span>
    </p>
   </div>
   <div class='ocr_carea' id='block_1_67' title="bbox 349 4757 1934 4837">
    <p class='ocr_par' dir='ltr' id='par_1_67' title="bbox 349 4757 1934 4837">
     <span class='ocr_line' id='line_1_67' title="bbox 349 4757 1934 4837; baseline 0.002 -19"><span class='ocrx_word' id='word_1_525' title='bbox 349 4764 508 4835; x_wconf 80' lang='grc' dir='ltr'>ἄχρις</span> <span class='ocrx_word' id='word_1_526' title='bbox 535 4757 597 4817; x_wconf 74' lang='grc' dir='ltr'>οὗ</span> <span class='ocrx_word' id='word_1_527' title='bbox 632 4764 890 4837; x_wconf 82' lang='grc' dir='ltr'>μορφωθῇ</span> <span class='ocrx_word' id='word_1_528' title='bbox 915 4765 1149 4836; x_wconf 86' lang='grc' dir='ltr'>Χριστὸς</span> <span class='ocrx_word' id='word_1_529' title='bbox 1180 4766 1238 4817; x_wconf 87' lang='grc' dir='ltr'>ὲν</span> <span class='ocrx_word' id='word_1_530' title='bbox 1261 4766 1407 4835; x_wconf 82' lang='grc' dir='ltr'>ὑμῖν.</span> <span class='ocrx_word' id='word_1_531' title='bbox 1441 4785 1459 4817; x_wconf 76' lang='grc' dir='ltr'><strong>ι</strong></span> <span class='ocrx_word' id='word_1_532' title='bbox 1494 4766 1653 4819; x_wconf 85' lang='grc' dir='ltr'>Ἀλλὰ</span> <span class='ocrx_word' id='word_1_533' title='bbox 1680 4767 1804 4830; x_wconf 76' lang='grc' dir='ltr'>τοὺς</span> <span class='ocrx_word' id='word_1_534' title='bbox 1836 4767 1934 4837; x_wconf 86' lang='grc' dir='ltr'><strong>μὲν</strong></span> 
     </span>
    </p>
   </div>
   <div class='ocr_carea' id='block_1_68' title="bbox 352 4855 1930 4927">
    <p class='ocr_par' dir='ltr' id='par_1_68' title="bbox 352 4855 1930 4927">
     <span class='ocr_line' id='line_1_68' title="bbox 352 4855 1930 4927; baseline 0.001 -19"><span class='ocrx_word' id='word_1_535' title='bbox 352 4856 604 4925; x_wconf 83' lang='grc' dir='ltr'>πτωχοὺς</span> <span class='ocrx_word' id='word_1_536' title='bbox 632 4855 827 4909; x_wconf 83' lang='grc' dir='ltr'>ἑαυτοῦ</span> <span class='ocrx_word' id='word_1_537' title='bbox 861 4857 955 4909; x_wconf 73' lang='grc' dir='ltr'><strong>καὶ</strong></span> <span class='ocrx_word' id='word_1_538' title='bbox 987 4857 1111 4919; x_wconf 82' lang='grc' dir='ltr'>τοὺς</span> <span class='ocrx_word' id='word_1_539' title='bbox 1142 4856 1290 4919; x_wconf 83' lang='grc' dir='ltr'>υίοὺς</span> <span class='ocrx_word' id='word_1_540' title='bbox 1318 4856 1429 4908; x_wconf 88' lang='grc' dir='ltr'><strong>τῶν</strong></span> <span class='ocrx_word' id='word_1_541' title='bbox 1456 4858 1703 4927; x_wconf 86' lang='grc' dir='ltr'>πενήτων</span> <span class='ocrx_word' id='word_1_542' title='bbox 1734 4857 1828 4909; x_wconf 77' lang='grc' dir='ltr'><strong>σὺν</strong></span> <span class='ocrx_word' id='word_1_543' title='bbox 1850 4857 1930 4909; x_wconf 91' lang='grc' dir='ltr'>δι-</span> 
     </span>
    </p>
   </div>
   <div class='ocr_carea' id='block_1_69' title="bbox 347 4947 1930 5022">
    <p class='ocr_par' dir='ltr' id='par_1_69' title="bbox 347 4947 1930 5022">
     <span class='ocr_line' id='line_1_69' title="bbox 347 4947 1930 5022; baseline 0.004 -23"><span class='ocrx_word' id='word_1_544' title='bbox 347 4947 605 5019; x_wconf 81' lang='grc' dir='ltr'>καιοσύνῃ</span> <span class='ocrx_word' id='word_1_545' title='bbox 637 4949 732 5002; x_wconf 74' lang='grc' dir='ltr'><strong>καὶ</strong></span> <span class='ocrx_word' id='word_1_546' title='bbox 761 4949 892 5021; x_wconf 76' lang='grc' dir='ltr'>ὀρθῇ</span> <span class='ocrx_word' id='word_1_547' title='bbox 930 4950 1110 5021; x_wconf 86' lang='grc' dir='ltr'>κρίσει</span> <span class='ocrx_word' id='word_1_548' title='bbox 1155 4948 1315 5015; x_wconf 82' lang='grc' dir='ltr'>σώζει</span> <span class='ocrx_word' id='word_1_549' title='bbox 1339 4969 1352 4982; x_wconf 93' lang='grc'><strong>·</strong></span> <span class='ocrx_word' id='word_1_550' title='bbox 1388 4950 1479 5003; x_wconf 82' lang='grc' dir='ltr'><strong>τὸν</strong></span> <span class='ocrx_word' id='word_1_551' title='bbox 1503 4951 1560 5003; x_wconf 86' lang='grc' dir='ltr'>δὲ</span> <span class='ocrx_word' id='word_1_552' title='bbox 1586 4952 1930 5022; x_wconf 83' lang='grc' dir='ltr'>συκοφάντην</span> 
     </span>
    </p>
   </div>
   <div class='ocr_carea' id='block_1_70' title="bbox 350 5042 1931 5116">
    <p class='ocr_par' dir='ltr' id='par_1_70' title="bbox 350 5042 1931 5116">
     <span class='ocr_line' id='line_1_70' title="bbox 350 5042 1931 5116; baseline 0.003 -24"><span class='ocrx_word' id='word_1_553' title='bbox 350 5042 733 5113; x_wconf 84' lang='grc' dir='ltr'>προῃρημένον</span> <span class='ocrx_word' id='word_1_554' title='bbox 764 5042 797 5111; x_wconf 86' lang='grc' dir='ltr'>ἢ</span> <span class='ocrx_word' id='word_1_555' title='bbox 838 5044 932 5096; x_wconf 80' lang='grc' dir='ltr'><strong>καὶ</strong></span> <span class='ocrx_word' id='word_1_556' title='bbox 960 5042 1051 5095; x_wconf 73' lang='grc' dir='ltr'>τὸν</span> <span class='ocrx_word' id='word_1_557' title='bbox 1081 5043 1206 5097; x_wconf 79' lang='grc' dir='ltr'>λαὸν</span> <span class='ocrx_word' id='word_1_558' title='bbox 1238 5042 1403 5097; x_wconf 81' lang='grc' dir='ltr'>αὑτοῦ</span> <span class='ocrx_word' id='word_1_559' title='bbox 1436 5044 1533 5096; x_wconf 70' lang='grc' dir='ltr'><strong>καὶ</strong></span> <span class='ocrx_word' id='word_1_560' title='bbox 1561 5044 1660 5115; x_wconf 85' lang='grc' dir='ltr'>τὴν</span> <span class='ocrx_word' id='word_1_561' title='bbox 1701 5045 1931 5116; x_wconf 90' lang='grc' dir='ltr'>Ἐκκλη-</span> 
     </span>
    </p>
   </div>
   <div class='ocr_carea' id='block_1_71' title="bbox 350 5133 1931 5210">
    <p class='ocr_par' dir='ltr' id='par_1_71' title="bbox 350 5133 1931 5210">
     <span class='ocr_line' id='line_1_71' title="bbox 350 5133 1931 5210; baseline 0.005 -24"><span class='ocrx_word' id='word_1_562' title='bbox 350 5133 472 5187; x_wconf 83' lang='grc' dir='ltr'>σίαν</span> <span class='ocrx_word' id='word_1_563' title='bbox 501 5133 757 5205; x_wconf 82' lang='grc' dir='ltr'>πολεμεῖν</span> <span class='ocrx_word' id='word_1_564' title='bbox 790 5136 999 5206; x_wconf 86' lang='grc' dir='ltr'>(μυρίοι</span> <span class='ocrx_word' id='word_1_565' title='bbox 1042 5135 1099 5189; x_wconf 84' lang='grc' dir='ltr'>δὲ</span> <span class='ocrx_word' id='word_1_566' title='bbox 1136 5136 1467 5206; x_wconf 85' lang='grc' dir='ltr'>συκοφάνται</span> <span class='ocrx_word' id='word_1_567' title='bbox 1489 5138 1588 5210; x_wconf 82' lang='grc' dir='ltr'>τὴν</span> <span class='ocrx_word' id='word_1_568' title='bbox 1604 5139 1931 5210; x_wconf 82' lang='grc' dir='ltr'>Ἐκκλησίαν</span> 
     </span>
    </p>
   </div>
   <div class='ocr_carea' id='block_1_72' title="bbox 349 5224 1931 5304">
    <p class='ocr_par' dir='ltr' id='par_1_72' title="bbox 349 5224 1931 5304">
     <span class='ocr_line' id='line_1_72' title="bbox 349 5224 1931 5304; baseline 0.004 -27"><span class='ocrx_word' id='word_1_569' title='bbox 349 5224 517 5277; x_wconf 82' lang='grc' dir='ltr'>αὐτοῦ</span> <span class='ocrx_word' id='word_1_570' title='bbox 543 5226 931 5298; x_wconf 78' lang='grc' dir='ltr'>διαϐάλλουσι),</span> <span class='ocrx_word' id='word_1_571' title='bbox 957 5228 1050 5282; x_wconf 74' lang='grc' dir='ltr'><strong>καὶ</strong></span> <span class='ocrx_word' id='word_1_572' title='bbox 1080 5229 1171 5282; x_wconf 86' lang='grc' dir='ltr'><strong>τὸν</strong></span> <span class='ocrx_word' id='word_1_573' title='bbox 1196 5229 1308 5299; x_wconf 88' lang='grc' dir='ltr'>βίον</span> <span class='ocrx_word' id='word_1_574' title='bbox 1337 5230 1445 5283; x_wconf 90' lang='grc' dir='ltr'><strong>τῶν</strong></span> <span class='ocrx_word' id='word_1_575' title='bbox 1469 5232 1527 5283; x_wconf 80' lang='grc' dir='ltr'>ὲν</span> <span class='ocrx_word' id='word_1_576' title='bbox 1550 5233 1615 5303; x_wconf 78' lang='grc' dir='ltr'>τῇ</span> <span class='ocrx_word' id='word_1_577' title='bbox 1635 5231 1931 5304; x_wconf 76' lang='grc' dir='ltr'>Ἐκκλησία</span> 
     </span>
    </p>
   </div>
   <div class='ocr_carea' id='block_1_73' title="bbox 348 5317 1931 5392">
    <p class='ocr_par' dir='ltr' id='par_1_73' title="bbox 348 5317 1931 5392">
     <span class='ocr_line' id='line_1_73' title="bbox 348 5317 1931 5392; baseline 0.006 -24"><span class='ocrx_word' id='word_1_578' title='bbox 348 5317 515 5370; x_wconf 85' lang='grc' dir='ltr'>αὐτοῦ</span> <span class='ocrx_word' id='word_1_579' title='bbox 546 5318 953 5391; x_wconf 84' lang='grc' dir='ltr'>διαπρεπόντων</span> <span class='ocrx_word' id='word_1_580' title='bbox 1001 5319 1147 5374; x_wconf 79' lang='grc' dir='ltr'>ἄλλοι</span> <span class='ocrx_word' id='word_1_581' title='bbox 1183 5322 1634 5392; x_wconf 80' lang='grc' dir='ltr'>συκοφαντοῦσιν·</span> <span class='ocrx_word' id='word_1_582' title='bbox 1682 5317 1758 5377; x_wconf 84' lang='grc' dir='ltr'><strong>ῶν</strong></span> <span class='ocrx_word' id='word_1_583' title='bbox 1808 5327 1931 5378; x_wconf 76' lang='grc' dir='ltr'>ἐπι-</span> 
     </span>
    </p>
   </div>
   <div class='ocr_carea' id='block_1_74' title="bbox 353 5409 1925 5486">
    <p class='ocr_par' dir='ltr' id='par_1_74' title="bbox 353 5409 1925 5486">
     <span class='ocr_line' id='line_1_74' title="bbox 353 5409 1925 5486; baseline 0.007 -27"><span class='ocrx_word' id='word_1_584' title='bbox 353 5409 559 5478; x_wconf 87' lang='grc' dir='ltr'>στήσας</span> <span class='ocrx_word' id='word_1_585' title='bbox 585 5412 649 5481; x_wconf 81' lang='grc' dir='ltr'>τῇ</span> <span class='ocrx_word' id='word_1_586' title='bbox 677 5411 901 5482; x_wconf 79' lang='grc' dir='ltr'>τελευτῇ</span> <span class='ocrx_word' id='word_1_587' title='bbox 935 5410 1030 5465; x_wconf 91' lang='grc' dir='ltr'><strong>τοῦ</strong></span> <span class='ocrx_word' id='word_1_588' title='bbox 1065 5411 1212 5481; x_wconf 83' lang='grc' dir='ltr'>βίου,</span> <span class='ocrx_word' id='word_1_589' title='bbox 1247 5413 1366 5482; x_wconf 77' lang='grc' dir='ltr'>ὗψει</span> <span class='ocrx_word' id='word_1_590' title='bbox 1389 5415 1538 5479; x_wconf 80' lang='grc' dir='ltr'>ὅπως</span> <span class='ocrx_word' id='word_1_591' title='bbox 1580 5416 1792 5486; x_wconf 75' lang='grc' dir='ltr'>εἴρηται</span> <span class='ocrx_word' id='word_1_592' title='bbox 1844 5416 1925 5482; x_wconf 78' lang='grc' dir='ltr'>τὸ,</span> 
     </span>
    </p>
   </div>
   <div class='ocr_carea' id='block_1_75' title="bbox 355 5499 1928 5579">
    <p class='ocr_par' dir='ltr' id='par_1_75' title="bbox 355 5499 1928 5579">
     <span class='ocr_line' id='line_1_75' title="bbox 355 5499 1928 5579; baseline 0.008 -29"><span class='ocrx_word' id='word_1_593' title='bbox 355 5499 497 5553; x_wconf 77' lang='grc' dir='ltr'><strong>«Καὶ</strong></span> <span class='ocrx_word' id='word_1_594' title='bbox 522 5502 848 5556; x_wconf 89' lang='grc' dir='ltr'>ταπεινώσει</span> <span class='ocrx_word' id='word_1_595' title='bbox 886 5504 1247 5576; x_wconf 83' lang='grc' dir='ltr'>συκοφάντην.</span> <span class='ocrx_word' id='word_1_596' title='bbox 1277 5526 1295 5558; x_wconf 71' lang='grc' dir='ltr'><strong>ι</strong></span> <span class='ocrx_word' id='word_1_597' title='bbox 1327 5506 1424 5569; x_wconf 89' lang='grc' dir='ltr'><strong>Τίς</strong></span> <span class='ocrx_word' id='word_1_598' title='bbox 1455 5506 1565 5577; x_wconf 86' lang='grc' dir='ltr'>γὰρ</span> <span class='ocrx_word' id='word_1_599' title='bbox 1595 5506 1704 5562; x_wconf 88' lang='grc' dir='ltr'><strong>τῶν</strong></span> <span class='ocrx_word' id='word_1_600' title='bbox 1733 5525 1928 5579; x_wconf 87' lang='grc' dir='ltr'>τυραν-</span> 
     </span>
    </p>
   </div>
   <div class='ocr_carea' id='block_1_76' title="bbox 442 5704 1027 5775">
    <p class='ocr_par' dir='ltr' id='par_1_76' title="bbox 442 5704 1027 5775">
     <span class='ocr_line' id='line_1_76' title="bbox 442 5704 1027 5775; baseline 0.014 -18"><span class='ocrx_word' id='word_1_601' title='bbox 442 5706 486 5737; x_wconf 78' lang='grc'>¹⁸</span> <span class='ocrx_word' id='word_1_602' title='bbox 523 5704 688 5761; x_wconf 83' lang='lat' dir='ltr'><strong>Zach.</strong></span> <span class='ocrx_word' id='word_1_603' title='bbox 723 5725 784 5773; x_wconf 87' lang='grc' dir='ltr'><strong>ιι,</strong></span> <span class='ocrx_word' id='word_1_604' title='bbox 817 5710 905 5775; x_wconf 77' lang='grc'><strong>10,</strong></span> <span class='ocrx_word' id='word_1_605' title='bbox 940 5710 1027 5765; x_wconf 84' lang='grc' dir='ltr'><strong>Η.</strong></span> 
     </span>
    </p>
   </div>
   <div class='ocr_carea' id='block_1_77' title="bbox 354 5774 1376 5843">
    <p class='ocr_par' dir='ltr' id='par_1_77' title="bbox 354 5774 1376 5843">
     <span class='ocr_line' id='line_1_77' title="bbox 354 5774 1376 5843; baseline 0.011 -15"><span class='ocrx_word' id='word_1_606' title='bbox 354 5774 400 5806; x_wconf 69' lang='grc'>³⁸</span> <span class='ocrx_word' id='word_1_607' title='bbox 433 5775 451 5829; x_wconf 84' lang='grc'><strong>1</strong></span> <span class='ocrx_word' id='word_1_608' title='bbox 487 5778 612 5831; x_wconf 78' lang='lat' dir='ltr'><strong>Cor.</strong></span> <span class='ocrx_word' id='word_1_609' title='bbox 665 5795 735 5843; x_wconf 79' lang='lat' dir='ltr'><strong>tv,</strong></span> <span class='ocrx_word' id='word_1_610' title='bbox 786 5780 865 5833; x_wconf 82' lang='lat' dir='ltr'><strong>l5.</strong></span> <span class='ocrx_word' id='word_1_611' title='bbox 946 5783 989 5814; x_wconf 78' lang='lat'><strong>&#39;°</strong></span> <span class='ocrx_word' id='word_1_612' title='bbox 1023 5781 1139 5841; x_wconf 81' lang='lat' dir='ltr'><strong>Gal.</strong></span> <span class='ocrx_word' id='word_1_613' title='bbox 1180 5799 1252 5841; x_wconf 82' lang='lat' dir='ltr'><strong>tv,</strong></span> <span class='ocrx_word' id='word_1_614' title='bbox 1292 5784 1376 5839; x_wconf 81' lang='lat'><strong>19.</strong></span> 
     </span>
    </p>
   </div>
   <div class='ocr_carea' id='block_1_78' title="bbox 1135 5712 2026 5787">
    <p class='ocr_par' dir='ltr' id='par_1_78' title="bbox 1135 5712 2026 5787">
     <span class='ocr_line' id='line_1_78' title="bbox 1135 5712 2026 5787; baseline 0.011 -23"><span class='ocrx_word' id='word_1_615' title='bbox 1135 5712 1182 5744; x_wconf 79' lang='grc'><strong>³⁸</strong></span> <span class='ocrx_word' id='word_1_616' title='bbox 1215 5714 1462 5787; x_wconf 75' lang='lat' dir='ltr'><strong>lsa_._t.xi,</strong></span> <span class='ocrx_word' id='word_1_617' title='bbox 1495 5716 1545 5771; x_wconf 80' lang='lat' dir='ltr'><strong>l.</strong></span> <span class='ocrx_word' id='word_1_618' title='bbox 1572 5719 1612 5751; x_wconf 77' lang='grc' dir='ltr'>’ί</span> <span class='ocrx_word' id='word_1_619' title='bbox 1648 5716 1817 5775; x_wconf 86' lang='lat' dir='ltr'><strong>lCor.</strong></span> <span class='ocrx_word' id='word_1_620' title='bbox 1843 5718 1898 5787; x_wconf 71' lang='grc'>4,</span> <span class='ocrx_word' id='word_1_621' title='bbox 1939 5718 2026 5774; x_wconf 80' lang='grc' dir='ltr'><strong>Η.</strong></span> 
     </span>
    </p>
   </div>
   <div class='ocr_carea' id='block_1_79' title="bbox 2043 1925 3629 2002">
    <p class='ocr_par' dir='ltr' id='par_1_79' title="bbox 2043 1925 3629 2002">
     <span class='ocr_line' id='line_1_79' title="bbox 2043 1925 3629 2002; baseline -0.003 -17"><span class='ocrx_word' id='word_1_622' title='bbox 2043 1932 2191 2002; x_wconf 86' lang='lat' dir='ltr'><strong>regis</strong></span> <span class='ocrx_word' id='word_1_623' title='bbox 2232 1950 2250 1982; x_wconf 76' lang='grc' dir='ltr'><strong>ι</strong></span> <span class='ocrx_word' id='word_1_624' title='bbox 2286 1929 2561 2000; x_wconf 88' lang='lat' dir='ltr'><strong>judicabit</strong></span> <span class='ocrx_word' id='word_1_625' title='bbox 2598 1943 2866 1999; x_wconf 86' lang='lat' dir='ltr'><strong>pauperes</strong></span> <span class='ocrx_word' id='word_1_626' title='bbox 2899 1926 3110 1998; x_wconf 90' lang='lat' dir='ltr'><strong>populi,</strong></span> <span class='ocrx_word' id='word_1_627' title='bbox 3160 1933 3215 1982; x_wconf 91' lang='lat' dir='ltr'><strong>et</strong></span> <span class='ocrx_word' id='word_1_628' title='bbox 3244 1926 3430 1983; x_wconf 87' lang='lat' dir='ltr'><strong>salvos</strong></span> <span class='ocrx_word' id='word_1_629' title='bbox 3464 1925 3629 1981; x_wconf 83' lang='lat' dir='ltr'><strong>faciet</strong></span> 
     </span>
    </p>
   </div>
   <div class='ocr_carea' id='block_1_80' title="bbox 2046 2018 3631 2094">
    <p class='ocr_par' dir='ltr' id='par_1_80' title="bbox 2046 2018 3631 2094">
     <span class='ocr_line' id='line_1_80' title="bbox 2046 2018 3631 2094; baseline -0.004 -15"><span class='ocrx_word' id='word_1_630' title='bbox 2046 2026 2185 2080; x_wconf 91' lang='lat' dir='ltr'><strong>ﬁlios</strong></span> <span class='ocrx_word' id='word_1_631' title='bbox 2218 2037 2553 2094; x_wconf 88' lang='lat' dir='ltr'><strong>pauperum;</strong></span> <span class='ocrx_word' id='word_1_632' title='bbox 2595 2040 2613 2072; x_wconf 76' lang='grc' dir='ltr'><strong>ι</strong></span> <span class='ocrx_word' id='word_1_633' title='bbox 2648 2036 2775 2075; x_wconf 90' lang='lat' dir='ltr'><strong>nam</strong></span> <span class='ocrx_word' id='word_1_634' title='bbox 2812 2035 2938 2075; x_wconf 88' lang='lat' dir='ltr'><strong>cum</strong></span> <span class='ocrx_word' id='word_1_635' title='bbox 2989 2019 3145 2089; x_wconf 90' lang='lat' dir='ltr'><strong>prius</strong></span> <span class='ocrx_word' id='word_1_636' title='bbox 3197 2019 3375 2073; x_wconf 90' lang='lat' dir='ltr'><strong>salute</strong></span> <span class='ocrx_word' id='word_1_637' title='bbox 3432 2018 3631 2088; x_wconf 88' lang='lat' dir='ltr'><strong>dignos</strong></span> 
     </span>
    </p>
   </div>
   <div class='ocr_carea' id='block_1_81' title="bbox 2037 2110 3630 2188">
    <p class='ocr_par' dir='ltr' id='par_1_81' title="bbox 2037 2110 3630 2188">
     <span class='ocr_line' id='line_1_81' title="bbox 2037 2110 3630 2188; baseline -0.004 -16"><span class='ocrx_word' id='word_1_638' title='bbox 2037 2118 2367 2188; x_wconf 90' lang='lat' dir='ltr'><strong>judicasset,</strong></span> <span class='ocrx_word' id='word_1_639' title='bbox 2391 2116 2473 2170; x_wconf 90' lang='lat' dir='ltr'><strong>sic</strong></span> <span class='ocrx_word' id='word_1_640' title='bbox 2495 2115 2577 2169; x_wconf 90' lang='lat' dir='ltr'><strong>eis</strong></span> <span class='ocrx_word' id='word_1_641' title='bbox 2602 2114 2833 2169; x_wconf 91' lang='lat' dir='ltr'><strong>salutem</strong></span> <span class='ocrx_word' id='word_1_642' title='bbox 2868 2112 3131 2182; x_wconf 90' lang='lat' dir='ltr'><strong>impertit.</strong></span> <span class='ocrx_word' id='word_1_643' title='bbox 3176 2110 3298 2165; x_wconf 90' lang='lat' dir='ltr'><strong>Non</strong></span> <span class='ocrx_word' id='word_1_644' title='bbox 3332 2111 3477 2166; x_wconf 91' lang='lat' dir='ltr'><strong>enim</strong></span> <span class='ocrx_word' id='word_1_645' title='bbox 3508 2110 3630 2165; x_wconf 86' lang='lat' dir='ltr'><strong>sine</strong></span> 
     </span>
    </p>
   </div>
   <div class='ocr_carea' id='block_1_82' title="bbox 2042 2203 3628 2282">
    <p class='ocr_par' dir='ltr' id='par_1_82' title="bbox 2042 2203 3628 2282">
     <span class='ocr_line' id='line_1_82' title="bbox 2042 2203 3628 2282; baseline -0.005 -17"><span class='ocrx_word' id='word_1_646' title='bbox 2042 2209 2247 2282; x_wconf 65' lang='lat' dir='ltr'><strong>praevio</strong></span> <span class='ocrx_word' id='word_1_647' title='bbox 2290 2208 2526 2279; x_wconf 87' lang='lat' dir='ltr'><strong>judicio,</strong></span> <span class='ocrx_word' id='word_1_648' title='bbox 2587 2206 2679 2261; x_wconf 91' lang='lat' dir='ltr'><strong>sed</strong></span> <span class='ocrx_word' id='word_1_649' title='bbox 2736 2205 3023 2275; x_wconf 66' lang='lat' dir='ltr'><strong>praemisso</strong></span> <span class='ocrx_word' id='word_1_650' title='bbox 3073 2204 3347 2268; x_wconf 82' lang='lat' dir='ltr'><strong>examine,</strong></span> <span class='ocrx_word' id='word_1_651' title='bbox 3394 2203 3628 2258; x_wconf 85' lang='lat' dir='ltr'><strong>salutem</strong></span> 
     </span>
    </p>
   </div>
   <div class='ocr_carea' id='block_1_83' title="bbox 2043 2296 3626 2375">
    <p class='ocr_par' dir='ltr' id='par_1_83' title="bbox 2043 2296 3626 2375">
     <span class='ocr_line' id='line_1_83' title="bbox 2043 2296 3626 2375; baseline -0.006 -17"><span class='ocrx_word' id='word_1_652' title='bbox 2043 2303 2249 2375; x_wconf 73' lang='lat' dir='ltr'><strong>praebet</strong></span> <span class='ocrx_word' id='word_1_653' title='bbox 2270 2300 2606 2372; x_wconf 88' lang='lat' dir='ltr'><strong>pauperibus</strong></span> <span class='ocrx_word' id='word_1_654' title='bbox 2640 2299 2756 2353; x_wconf 91' lang='lat' dir='ltr'><strong>suis</strong></span> <span class='ocrx_word' id='word_1_655' title='bbox 2780 2307 2832 2353; x_wconf 92' lang='lat' dir='ltr'><strong>et</strong></span> <span class='ocrx_word' id='word_1_656' title='bbox 2863 2296 2990 2351; x_wconf 87' lang='lat' dir='ltr'><strong>ﬁliis</strong></span> <span class='ocrx_word' id='word_1_657' title='bbox 3015 2311 3343 2367; x_wconf 89' lang='lat' dir='ltr'><strong>pauperum,</strong></span> <span class='ocrx_word' id='word_1_658' title='bbox 3387 2309 3626 2364; x_wconf 84' lang='lat' dir='ltr'><strong>quorum</strong></span> 
     </span>
    </p>
   </div>
   <div class='ocr_carea' id='block_1_84' title="bbox 2042 2387 3627 2468">
    <p class='ocr_par' dir='ltr' id='par_1_84' title="bbox 2042 2387 3627 2468">
     <span class='ocr_line' id='line_1_84' title="bbox 2042 2387 3627 2468; baseline -0.008 -17"><span class='ocrx_word' id='word_1_659' title='bbox 2042 2395 2328 2468; x_wconf 87' lang='lat' dir='ltr'><strong>prophetia</strong></span> <span class='ocrx_word' id='word_1_660' title='bbox 2357 2392 2608 2448; x_wconf 88' lang='lat' dir='ltr'><strong>meminit</strong></span> <span class='ocrx_word' id='word_1_661' title='bbox 2628 2391 2819 2446; x_wconf 91' lang='lat' dir='ltr'><strong>dicens</strong></span> <span class='ocrx_word' id='word_1_662' title='bbox 2847 2409 2861 2444; x_wconf 89' lang='lat'><strong>:</strong></span> <span class='ocrx_word' id='word_1_663' title='bbox 2900 2409 2918 2441; x_wconf 77' lang='grc' dir='ltr'><strong>ι</strong></span> <span class='ocrx_word' id='word_1_664' title='bbox 2954 2388 3346 2459; x_wconf 86' lang='lat' dir='ltr'><strong>Evangelizare</strong></span> <span class='ocrx_word' id='word_1_665' title='bbox 3369 2387 3627 2457; x_wconf 88' lang='lat' dir='ltr'><strong>pauperi-</strong></span> 
     </span>
    </p>
   </div>
   <div class='ocr_carea' id='block_1_85' title="bbox 2043 2481 3628 2556">
    <p class='ocr_par' dir='ltr' id='par_1_85' title="bbox 2043 2481 3628 2556">
     <span class='ocr_line' id='line_1_85' title="bbox 2043 2481 3628 2556; baseline -0.008 -10"><span class='ocrx_word' id='word_1_666' title='bbox 2043 2493 2147 2546; x_wconf 87' lang='lat' dir='ltr'><strong>bus</strong></span> <span class='ocrx_word' id='word_1_667' title='bbox 2181 2488 2333 2543; x_wconf 91' lang='lat' dir='ltr'><strong>misit</strong></span> <span class='ocrx_word' id='word_1_668' title='bbox 2375 2502 2462 2542; x_wconf 92' lang='lat' dir='ltr'><strong>me</strong></span> <span class='ocrx_word' id='word_1_669' title='bbox 2491 2505 2503 2540; x_wconf 87' lang='lat'><strong>:</strong></span> <span class='ocrx_word' id='word_1_670' title='bbox 2534 2486 2833 2556; x_wconf 84' lang='lat' dir='ltr'><strong>praedicare</strong></span> <span class='ocrx_word' id='word_1_671' title='bbox 2863 2482 3096 2554; x_wconf 88' lang='lat' dir='ltr'><strong>captivis</strong></span> <span class='ocrx_word' id='word_1_672' title='bbox 3125 2481 3530 2545; x_wconf 88' lang='lat' dir='ltr'><strong>dimissionem,</strong></span> <span class='ocrx_word' id='word_1_673' title='bbox 3572 2487 3628 2535; x_wconf 90' lang='lat' dir='ltr'><strong>et</strong></span> 
     </span>
    </p>
   </div>
   <div class='ocr_carea' id='block_1_86' title="bbox 2042 2573 3627 2643">
    <p class='ocr_par' dir='ltr' id='par_1_86' title="bbox 2042 2573 3627 2643">
     <span class='ocr_line' id='line_1_86' title="bbox 2042 2573 3627 2643; baseline -0.006 -4"><span class='ocrx_word' id='word_1_674' title='bbox 2042 2583 2204 2639; x_wconf 71' lang='lat' dir='ltr'><strong>caecis</strong></span> <span class='ocrx_word' id='word_1_675' title='bbox 2237 2582 2390 2636; x_wconf 87' lang='lat' dir='ltr'><strong>visus</strong></span> <span class='ocrx_word' id='word_1_676' title='bbox 2415 2576 2822 2633; x_wconf 89' lang='lat' dir='ltr'><strong>restitutionem</strong></span> <span class='ocrx_word' id='word_1_677' title='bbox 2853 2575 2921 2630; x_wconf 83' lang='grc'><strong>¹⁰.</strong></span> <span class='ocrx_word' id='word_1_678' title='bbox 2956 2594 2974 2627; x_wconf 75' lang='grc' dir='ltr'><strong>ι</strong></span> <span class='ocrx_word' id='word_1_679' title='bbox 3012 2573 3291 2630; x_wconf 85' lang='lat' dir='ltr'><strong>Mendicos</strong></span> <span class='ocrx_word' id='word_1_680' title='bbox 3319 2588 3455 2628; x_wconf 85' lang='lat' dir='ltr'><strong>vero</strong></span> <span class='ocrx_word' id='word_1_681' title='bbox 3483 2589 3627 2643; x_wconf 89' lang='lat' dir='ltr'><strong>quos</strong></span> 
     </span>
    </p>
   </div>
   <div class='ocr_carea' id='block_1_87' title="bbox 2043 2664 3625 2739">
    <p class='ocr_par' dir='ltr' id='par_1_87' title="bbox 2043 2664 3625 2739">
     <span class='ocr_line' id='line_1_87' title="bbox 2043 2664 3625 2739; baseline -0.005 -11"><span class='ocrx_word' id='word_1_682' title='bbox 2043 2674 2139 2735; x_wconf 90' lang='lat' dir='ltr'><strong>ait,</strong></span> <span class='ocrx_word' id='word_1_683' title='bbox 2165 2672 2271 2726; x_wconf 93' lang='lat' dir='ltr'><strong>nisi</strong></span> <span class='ocrx_word' id='word_1_684' title='bbox 2295 2686 2391 2726; x_wconf 90' lang='lat' dir='ltr'><strong>eos</strong></span> <span class='ocrx_word' id='word_1_685' title='bbox 2417 2668 2510 2739; x_wconf 92' lang='lat' dir='ltr'><strong>qui</strong></span> <span class='ocrx_word' id='word_1_686' title='bbox 2538 2666 2764 2738; x_wconf 89' lang='lat' dir='ltr'><strong>perinde</strong></span> <span class='ocrx_word' id='word_1_687' title='bbox 2789 2676 2952 2735; x_wconf 81' lang='lat' dir='ltr'><strong>atque</strong></span> <span class='ocrx_word' id='word_1_688' title='bbox 2979 2664 3185 2720; x_wconf 89' lang='lat' dir='ltr'><strong>Paulus</strong></span> <span class='ocrx_word' id='word_1_689' title='bbox 3210 2664 3395 2719; x_wconf 88' lang='lat' dir='ltr'><strong>dicere</strong></span> <span class='ocrx_word' id='word_1_690' title='bbox 3418 2666 3625 2733; x_wconf 76' lang='lat' dir='ltr'><strong>valent,</strong></span> 
     </span>
    </p>
   </div>
   <div class='ocr_carea' id='block_1_88' title="bbox 2047 2758 3630 2835">
    <p class='ocr_par' dir='ltr' id='par_1_88' title="bbox 2047 2758 3630 2835">
     <span class='ocr_line' id='line_1_88' title="bbox 2047 2758 3630 2835; baseline -0.003 -16"><span class='ocrx_word' id='word_1_691' title='bbox 2047 2787 2066 2819; x_wconf 68' lang='grc' dir='ltr'><strong><em>ε</em></strong></span> <span class='ocrx_word' id='word_1_692' title='bbox 2108 2764 2295 2835; x_wconf 88' lang='lat' dir='ltr'><strong>Usque</strong></span> <span class='ocrx_word' id='word_1_693' title='bbox 2331 2763 2386 2817; x_wconf 91' lang='lat' dir='ltr'><strong>in</strong></span> <span class='ocrx_word' id='word_1_694' title='bbox 2415 2761 2559 2815; x_wconf 89' lang='lat' dir='ltr'><strong>hanc</strong></span> <span class='ocrx_word' id='word_1_695' title='bbox 2588 2761 2779 2814; x_wconf 89' lang='lat' dir='ltr'><strong>horam</strong></span> <span class='ocrx_word' id='word_1_696' title='bbox 2807 2768 2862 2813; x_wconf 92' lang='lat' dir='ltr'><strong>et</strong></span> <span class='ocrx_word' id='word_1_697' title='bbox 2890 2758 3167 2814; x_wconf 90' lang='lat' dir='ltr'><strong>esurimus</strong></span> <span class='ocrx_word' id='word_1_698' title='bbox 3195 2766 3249 2811; x_wconf 92' lang='lat' dir='ltr'><strong>et</strong></span> <span class='ocrx_word' id='word_1_699' title='bbox 3286 2758 3525 2823; x_wconf 90' lang='lat' dir='ltr'><strong>sitimus,</strong></span> <span class='ocrx_word' id='word_1_700' title='bbox 3570 2766 3630 2818; x_wconf 81' lang='lat' dir='ltr'><strong>et</strong></span> 
     </span>
    </p>
   </div>
   <div class='ocr_carea' id='block_1_89' title="bbox 2040 2851 3625 2924">
    <p class='ocr_par' dir='ltr' id='par_1_89' title="bbox 2040 2851 3625 2924">
     <span class='ocr_line' id='line_1_89' title="bbox 2040 2851 3625 2924; baseline -0.006 -10"><span class='ocrx_word' id='word_1_701' title='bbox 2040 2859 2171 2915; x_wconf 89' lang='lat' dir='ltr'><strong>nudi</strong></span> <span class='ocrx_word' id='word_1_702' title='bbox 2198 2871 2408 2919; x_wconf 85' lang='lat' dir='ltr'><strong>sumus,</strong></span> <span class='ocrx_word' id='word_1_703' title='bbox 2446 2862 2501 2910; x_wconf 86' lang='lat' dir='ltr'><strong>et</strong></span> <span class='ocrx_word' id='word_1_704' title='bbox 2532 2853 2778 2924; x_wconf 89' lang='lat' dir='ltr'><strong>colaphis</strong></span> <span class='ocrx_word' id='word_1_705' title='bbox 2812 2852 3094 2916; x_wconf 76' lang='lat' dir='ltr'><strong>caedimur,</strong></span> <span class='ocrx_word' id='word_1_706' title='bbox 3126 2859 3183 2906; x_wconf 90' lang='lat' dir='ltr'><strong>et</strong></span> <span class='ocrx_word' id='word_1_707' title='bbox 3212 2851 3500 2906; x_wconf 85' lang='lat' dir='ltr'><strong>instabiles</strong></span> <span class='ocrx_word' id='word_1_708' title='bbox 3526 2867 3625 2907; x_wconf 87' lang='lat' dir='ltr'><strong>su-</strong></span> 
     </span>
    </p>
   </div>
   <div class='ocr_carea' id='block_1_90' title="bbox 2042 2942 3627 3016">
    <p class='ocr_par' dir='ltr' id='par_1_90' title="bbox 2042 2942 3627 3016">
     <span class='ocr_line' id='line_1_90' title="bbox 2042 2942 3627 3016; baseline -0.004 -12"><span class='ocrx_word' id='word_1_709' title='bbox 2042 2965 2166 3004; x_wconf 91' lang='lat' dir='ltr'><strong>mus</strong></span> <span class='ocrx_word' id='word_1_710' title='bbox 2192 2950 2235 2981; x_wconf 74' lang='grc' dir='ltr'><strong>ἰ</strong></span> <span class='ocrx_word' id='word_1_711' title='bbox 2281 2966 2293 3001; x_wconf 88' lang='lat'><strong>:</strong></span> <span class='ocrx_word' id='word_1_712' title='bbox 2338 2967 2357 2999; x_wconf 75' lang='grc' dir='ltr'><strong>ι</strong></span> <span class='ocrx_word' id='word_1_713' title='bbox 2388 2954 2553 3016; x_wconf 89' lang='lat' dir='ltr'><strong>atque</strong></span> <span class='ocrx_word' id='word_1_714' title='bbox 2578 2960 2676 3001; x_wconf 92' lang='lat' dir='ltr'><strong>eos</strong></span> <span class='ocrx_word' id='word_1_715' title='bbox 2710 2946 2803 3015; x_wconf 91' lang='lat' dir='ltr'><strong>qui</strong></span> <span class='ocrx_word' id='word_1_716' title='bbox 2832 2960 2959 2998; x_wconf 90' lang='lat' dir='ltr'><strong>cum</strong></span> <span class='ocrx_word' id='word_1_717' title='bbox 2982 2942 3149 2998; x_wconf 90' lang='lat' dir='ltr'><strong>Petro</strong></span> <span class='ocrx_word' id='word_1_718' title='bbox 3176 2943 3292 2997; x_wconf 74' lang='lat' dir='ltr'><strong>haec</strong></span> <span class='ocrx_word' id='word_1_719' title='bbox 3320 2943 3473 2997; x_wconf 79' lang='lat' dir='ltr'><strong>eﬂ‘ari</strong></span> <span class='ocrx_word' id='word_1_720' title='bbox 3495 2958 3627 3012; x_wconf 87' lang='lat' dir='ltr'><strong>pos-</strong></span> 
     </span>
    </p>
   </div>
   <div class='ocr_carea' id='block_1_91' title="bbox 2043 3030 3624 3106">
    <p class='ocr_par' dir='ltr' id='par_1_91' title="bbox 2043 3030 3624 3106">
     <span class='ocr_line' id='line_1_91' title="bbox 2043 3030 3624 3106; baseline -0.004 -10"><span class='ocrx_word' id='word_1_721' title='bbox 2043 3045 2193 3101; x_wconf 87' lang='lat' dir='ltr'><strong>sunt,</strong></span> <span class='ocrx_word' id='word_1_722' title='bbox 2228 3056 2246 3088; x_wconf 78' lang='grc' dir='ltr'><strong>ι</strong></span> <span class='ocrx_word' id='word_1_723' title='bbox 2271 3036 2571 3106; x_wconf 82' lang='lat' dir='ltr'><strong>Argentum</strong></span> <span class='ocrx_word' id='word_1_724' title='bbox 2606 3042 2660 3089; x_wconf 90' lang='lat' dir='ltr'><strong>et</strong></span> <span class='ocrx_word' id='word_1_725' title='bbox 2689 3048 2883 3087; x_wconf 92' lang='lat' dir='ltr'><strong>aurum</strong></span> <span class='ocrx_word' id='word_1_726' title='bbox 2916 3048 3024 3087; x_wconf 92' lang='lat' dir='ltr'><strong>non</strong></span> <span class='ocrx_word' id='word_1_727' title='bbox 3056 3039 3141 3088; x_wconf 91' lang='lat' dir='ltr'><strong>est</strong></span> <span class='ocrx_word' id='word_1_728' title='bbox 3163 3032 3382 3087; x_wconf 79' lang='lat' dir='ltr'><strong>mihi”.</strong></span> <span class='ocrx_word' id='word_1_729' title='bbox 3420 3051 3439 3083; x_wconf 71' lang='grc' dir='ltr'><strong>ι</strong></span> <span class='ocrx_word' id='word_1_730' title='bbox 3461 3030 3624 3089; x_wconf 86' lang='lat' dir='ltr'><strong>Tales</strong></span> 
     </span>
    </p>
   </div>
   <div class='ocr_carea' id='block_1_92' title="bbox 2044 3125 3626 3201">
    <p class='ocr_par' dir='ltr' id='par_1_92' title="bbox 2044 3125 3626 3201">
     <span class='ocr_line' id='line_1_92' title="bbox 2044 3125 3626 3201; baseline -0.006 -14"><span class='ocrx_word' id='word_1_731' title='bbox 2044 3131 2149 3189; x_wconf 87' lang='lat' dir='ltr'><strong>sibi</strong></span> <span class='ocrx_word' id='word_1_732' title='bbox 2177 3144 2447 3201; x_wconf 90' lang='lat' dir='ltr'><strong>pauperes</strong></span> <span class='ocrx_word' id='word_1_733' title='bbox 2476 3126 2710 3199; x_wconf 89' lang='lat' dir='ltr'><strong>paravit,</strong></span> <span class='ocrx_word' id='word_1_734' title='bbox 2731 3125 3057 3196; x_wconf 80' lang='lat' dir='ltr'><strong>praecipiens</strong></span> <span class='ocrx_word' id='word_1_735' title='bbox 3078 3125 3188 3180; x_wconf 92' lang='lat' dir='ltr'><strong>illis</strong></span> <span class='ocrx_word' id='word_1_736' title='bbox 3219 3134 3280 3178; x_wconf 93' lang='lat' dir='ltr'><strong>ut</strong></span> <span class='ocrx_word' id='word_1_737' title='bbox 3307 3139 3413 3178; x_wconf 93' lang='lat' dir='ltr'><strong>non</strong></span> <span class='ocrx_word' id='word_1_738' title='bbox 3443 3125 3626 3194; x_wconf 86' lang='lat' dir='ltr'><strong>possi-</strong></span> 
     </span>
    </p>
   </div>
   <div class='ocr_carea' id='block_1_93' title="bbox 2039 3217 3625 3291">
    <p class='ocr_par' dir='ltr' id='par_1_93' title="bbox 2039 3217 3625 3291">
     <span class='ocr_line' id='line_1_93' title="bbox 2039 3217 3625 3291; baseline -0.006 -10"><span class='ocrx_word' id='word_1_739' title='bbox 2039 3226 2232 3282; x_wconf 90' lang='lat' dir='ltr'><strong>derent</strong></span> <span class='ocrx_word' id='word_1_740' title='bbox 2282 3238 2478 3276; x_wconf 82' lang='lat' dir='ltr'><strong>aurum</strong></span> <span class='ocrx_word' id='word_1_741' title='bbox 2529 3235 2706 3291; x_wconf 89' lang='lat' dir='ltr'><strong>neque</strong></span> <span class='ocrx_word' id='word_1_742' title='bbox 2756 3226 3043 3289; x_wconf 87' lang='lat' dir='ltr'><strong>argentum</strong></span> <span class='ocrx_word' id='word_1_743' title='bbox 3095 3218 3151 3271; x_wconf 92' lang='lat' dir='ltr'><strong>in</strong></span> <span class='ocrx_word' id='word_1_744' title='bbox 3211 3217 3388 3281; x_wconf 88' lang='lat' dir='ltr'><strong>zonis,</strong></span> <span class='ocrx_word' id='word_1_745' title='bbox 3444 3232 3625 3288; x_wconf 87' lang='lat' dir='ltr'><strong>neque</strong></span> 
     </span>
    </p>
   </div>
   <div class='ocr_carea' id='block_1_94' title="bbox 2037 3308 3625 3391">
    <p class='ocr_par' dir='ltr' id='par_1_94' title="bbox 2037 3308 3625 3391">
     <span class='ocr_line' id='line_1_94' title="bbox 2037 3308 3625 3391; baseline -0.007 -19"><span class='ocrx_word' id='word_1_746' title='bbox 2037 3333 2223 3391; x_wconf 88' lang='lat' dir='ltr'><strong>peram</strong></span> <span class='ocrx_word' id='word_1_747' title='bbox 2250 3316 2317 3370; x_wconf 89' lang='lat' dir='ltr'><strong>ad</strong></span> <span class='ocrx_word' id='word_1_748' title='bbox 2344 3315 2511 3378; x_wconf 86' lang='lat' dir='ltr'><strong>viam,</strong></span> <span class='ocrx_word' id='word_1_749' title='bbox 2537 3327 2715 3382; x_wconf 90' lang='lat' dir='ltr'><strong>neque</strong></span> <span class='ocrx_word' id='word_1_750' title='bbox 2747 3312 2885 3366; x_wconf 92' lang='lat' dir='ltr'><strong>duas</strong></span> <span class='ocrx_word' id='word_1_751' title='bbox 2921 3310 3158 3375; x_wconf 88' lang='lat' dir='ltr'><strong>tunicas,</strong></span> <span class='ocrx_word' id='word_1_752' title='bbox 3195 3325 3374 3380; x_wconf 88' lang='lat' dir='ltr'><strong>neque</strong></span> <span class='ocrx_word' id='word_1_753' title='bbox 3415 3308 3625 3363; x_wconf 82' lang='lat' dir='ltr'><strong>calcea-</strong></span> 
     </span>
    </p>
   </div>
   <div class='ocr_carea' id='block_1_95' title="bbox 2039 3398 3621 3476">
    <p class='ocr_par' dir='ltr' id='par_1_95' title="bbox 2039 3398 3621 3476">
     <span class='ocr_line' id='line_1_95' title="bbox 2039 3398 3621 3476; baseline -0.008 -11"><span class='ocrx_word' id='word_1_754' title='bbox 2039 3418 2246 3472; x_wconf 91' lang='lat' dir='ltr'><strong>menta,</strong></span> <span class='ocrx_word' id='word_1_755' title='bbox 2284 3421 2467 3476; x_wconf 90' lang='lat' dir='ltr'><strong>neque</strong></span> <span class='ocrx_word' id='word_1_756' title='bbox 2489 3405 2697 3474; x_wconf 87' lang='lat' dir='ltr'><strong>virgam</strong></span> <span class='ocrx_word' id='word_1_757' title='bbox 2722 3403 2788 3456; x_wconf 80' lang='lat'><strong>&quot;.</strong></span> <span class='ocrx_word' id='word_1_758' title='bbox 2816 3401 3145 3470; x_wconf 85' lang='lat' dir='ltr'><strong>Hujusmodi</strong></span> <span class='ocrx_word' id='word_1_759' title='bbox 3178 3400 3308 3453; x_wconf 90' lang='lat' dir='ltr'><strong>item</strong></span> <span class='ocrx_word' id='word_1_760' title='bbox 3339 3406 3497 3454; x_wconf 88' lang='lat' dir='ltr'><strong>erant</strong></span> <span class='ocrx_word' id='word_1_761' title='bbox 3542 3398 3621 3453; x_wconf 90' lang='lat' dir='ltr'><strong>illi</strong></span> 
     </span>
    </p>
   </div>
   <div class='ocr_carea' id='block_1_96' title="bbox 2037 3490 3623 3561">
    <p class='ocr_par' dir='ltr' id='par_1_96' title="bbox 2037 3490 3623 3561">
     <span class='ocr_line' id='line_1_96' title="bbox 2037 3490 3623 3561; baseline -0.008 -4"><span class='ocrx_word' id='word_1_762' title='bbox 2037 3503 2167 3557; x_wconf 92' lang='lat' dir='ltr'><strong>olim</strong></span> <span class='ocrx_word' id='word_1_763' title='bbox 2200 3518 2218 3550; x_wconf 77' lang='grc' dir='ltr'><strong>ι</strong></span> <span class='ocrx_word' id='word_1_764' title='bbox 2258 3500 2671 3553; x_wconf 86' lang='lat' dir='ltr'><strong>circumeuntes</strong></span> <span class='ocrx_word' id='word_1_765' title='bbox 2701 3494 2755 3547; x_wconf 93' lang='lat' dir='ltr'><strong>in</strong></span> <span class='ocrx_word' id='word_1_766' title='bbox 2787 3493 3028 3554; x_wconf 87' lang='lat' dir='ltr'><strong>melotis,</strong></span> <span class='ocrx_word' id='word_1_767' title='bbox 3064 3492 3119 3546; x_wconf 92' lang='lat' dir='ltr'><strong>in</strong></span> <span class='ocrx_word' id='word_1_768' title='bbox 3162 3490 3395 3561; x_wconf 90' lang='lat' dir='ltr'><strong>pellibus</strong></span> <span class='ocrx_word' id='word_1_769' title='bbox 3440 3491 3623 3560; x_wconf 89' lang='lat' dir='ltr'><strong>capri-</strong></span> 
     </span>
    </p>
   </div>
   <div class='ocr_carea' id='block_1_97' title="bbox 2038 3583 3621 3664">
    <p class='ocr_par' dir='ltr' id='par_1_97' title="bbox 2038 3583 3621 3664">
     <span class='ocr_line' id='line_1_97' title="bbox 2038 3583 3621 3664; baseline -0.007 -14"><span class='ocrx_word' id='word_1_770' title='bbox 2038 3596 2148 3660; x_wconf 91' lang='lat' dir='ltr'><strong>nis,</strong></span> <span class='ocrx_word' id='word_1_771' title='bbox 2184 3591 2430 3664; x_wconf 86' lang='lat' dir='ltr'><strong>egentes,</strong></span> <span class='ocrx_word' id='word_1_772' title='bbox 2492 3588 2810 3658; x_wconf 86' lang='lat' dir='ltr'><strong>angustiati,</strong></span> <span class='ocrx_word' id='word_1_773' title='bbox 2863 3586 3069 3650; x_wconf 81' lang='lat' dir='ltr'><strong>afﬂicti,</strong></span> <span class='ocrx_word' id='word_1_774' title='bbox 3121 3585 3177 3638; x_wconf 90' lang='lat' dir='ltr'><strong>in</strong></span> <span class='ocrx_word' id='word_1_775' title='bbox 3232 3583 3621 3641; x_wconf 74' lang='lat' dir='ltr'><strong>solitudinibus</strong></span> 
     </span>
    </p>
   </div>
   <div class='ocr_carea' id='block_1_98' title="bbox 2037 3674 3622 3748">
    <p class='ocr_par' dir='ltr' id='par_1_98' title="bbox 2037 3674 3622 3748">
     <span class='ocr_line' id='line_1_98' title="bbox 2037 3674 3622 3748; baseline -0.007 -6"><span class='ocrx_word' id='word_1_776' title='bbox 2037 3696 2314 3748; x_wconf 88' lang='lat' dir='ltr'><strong>errantes,</strong></span> <span class='ocrx_word' id='word_1_777' title='bbox 2350 3683 2408 3738; x_wconf 86' lang='lat' dir='ltr'><strong>in</strong></span> <span class='ocrx_word' id='word_1_778' title='bbox 2439 3681 2741 3741; x_wconf 87' lang='lat' dir='ltr'><strong>montibus,</strong></span> <span class='ocrx_word' id='word_1_779' title='bbox 2772 3679 2827 3733; x_wconf 91' lang='lat' dir='ltr'><strong>in</strong></span> <span class='ocrx_word' id='word_1_780' title='bbox 2860 3677 3138 3748; x_wconf 89' lang='lat' dir='ltr'><strong>speluncis</strong></span> <span class='ocrx_word' id='word_1_781' title='bbox 3164 3676 3298 3731; x_wconf 91' lang='lat' dir='ltr'><strong>etin</strong></span> <span class='ocrx_word' id='word_1_782' title='bbox 3334 3674 3622 3731; x_wconf 80' lang='lat' dir='ltr'><strong>foramini-</strong></span> 
     </span>
    </p>
   </div>
   <div class='ocr_carea' id='block_1_99' title="bbox 2036 3769 3619 3836">
    <p class='ocr_par' dir='ltr' id='par_1_99' title="bbox 2036 3769 3619 3836">
     <span class='ocr_line' id='line_1_99' title="bbox 2036 3769 3619 3836; baseline -0.009 0"><span class='ocrx_word' id='word_1_783' title='bbox 2036 3781 2141 3836; x_wconf 87' lang='lat' dir='ltr'><strong>bus</strong></span> <span class='ocrx_word' id='word_1_784' title='bbox 2170 3786 2333 3832; x_wconf 67' lang='lat' dir='ltr'><strong>terraa</strong></span> <span class='ocrx_word' id='word_1_785' title='bbox 2353 3775 2421 3829; x_wconf 68' lang='grc' dir='ltr'><strong>ἰ.</strong></span> <span class='ocrx_word' id='word_1_786' title='bbox 2461 3793 2480 3825; x_wconf 83' lang='grc'><strong>›</strong></span> <span class='ocrx_word' id='word_1_787' title='bbox 2538 3772 2644 3827; x_wconf 90' lang='lat' dir='ltr'><strong>Sed</strong></span> <span class='ocrx_word' id='word_1_788' title='bbox 2677 3771 2723 3827; x_wconf 91' lang='lat' dir='ltr'><strong>si</strong></span> <span class='ocrx_word' id='word_1_789' title='bbox 2762 3772 2928 3826; x_wconf 88' lang='lat' dir='ltr'><strong>hosce</strong></span> <span class='ocrx_word' id='word_1_790' title='bbox 2954 3769 3129 3823; x_wconf 90' lang='lat' dir='ltr'><strong>solum</strong></span> <span class='ocrx_word' id='word_1_791' title='bbox 3164 3782 3345 3824; x_wconf 90' lang='lat' dir='ltr'><strong>sermo</strong></span> <span class='ocrx_word' id='word_1_792' title='bbox 3376 3782 3619 3822; x_wconf 90' lang='lat' dir='ltr'><strong>comme-</strong></span> 
     </span>
    </p>
   </div>
   <div class='ocr_carea' id='block_1_100' title="bbox 2035 3858 3620 3932">
    <p class='ocr_par' dir='ltr' id='par_1_100' title="bbox 2035 3858 3620 3932">
     <span class='ocr_line' id='line_1_100' title="bbox 2035 3858 3620 3932; baseline -0.01 -4"><span class='ocrx_word' id='word_1_793' title='bbox 2035 3877 2326 3932; x_wconf 92' lang='lat' dir='ltr'><strong>morasset,</strong></span> <span class='ocrx_word' id='word_1_794' title='bbox 2391 3866 2649 3922; x_wconf 78' lang='lat' dir='ltr'><strong>exclusus</strong></span> <span class='ocrx_word' id='word_1_795' title='bbox 2712 3878 2844 3921; x_wconf 85' lang='lat' dir='ltr'><strong>sane</strong></span> <span class='ocrx_word' id='word_1_796' title='bbox 2884 3862 3025 3917; x_wconf 80' lang='lat' dir='ltr'><strong>foret</strong></span> <span class='ocrx_word' id='word_1_797' title='bbox 3091 3860 3345 3931; x_wconf 89' lang='lat' dir='ltr'><strong>quisquis</strong></span> <span class='ocrx_word' id='word_1_798' title='bbox 3395 3858 3465 3913; x_wconf 89' lang='lat' dir='ltr'><strong>iis</strong></span> <span class='ocrx_word' id='word_1_799' title='bbox 3507 3874 3620 3913; x_wconf 87' lang='lat' dir='ltr'><strong>non</strong></span> 
     </span>
    </p>
   </div>
   <div class='ocr_carea' id='block_1_101' title="bbox 2039 3950 3624 4028">
    <p class='ocr_par' dir='ltr' id='par_1_101' title="bbox 2039 3950 3624 4028">
     <span class='ocr_line' id='line_1_101' title="bbox 2039 3950 3624 4028; baseline -0.009 -9"><span class='ocrx_word' id='word_1_800' title='bbox 2039 3963 2240 4020; x_wconf 89' lang='lat' dir='ltr'><strong>similis</strong></span> <span class='ocrx_word' id='word_1_801' title='bbox 2275 3966 2443 4016; x_wconf 86' lang='lat' dir='ltr'><strong>esset.</strong></span> <span class='ocrx_word' id='word_1_802' title='bbox 2482 3956 2551 4012; x_wconf 87' lang='lat' dir='ltr'><strong>At</strong></span> <span class='ocrx_word' id='word_1_803' title='bbox 2593 3958 2706 4028; x_wconf 89' lang='lat' dir='ltr'><strong>jam</strong></span> <span class='ocrx_word' id='word_1_804' title='bbox 2738 3957 2905 4010; x_wconf 91' lang='lat' dir='ltr'><strong>alium</strong></span> <span class='ocrx_word' id='word_1_805' title='bbox 2935 3955 3185 4009; x_wconf 85' lang='lat' dir='ltr'><strong>ordinem</strong></span> <span class='ocrx_word' id='word_1_806' title='bbox 3214 3958 3501 4007; x_wconf 86' lang='lat' dir='ltr'><strong>enumerat</strong></span> <span class='ocrx_word' id='word_1_807' title='bbox 3536 3950 3624 4005; x_wconf 81' lang='lat' dir='ltr'><strong>di-</strong></span> 
     </span>
    </p>
   </div>
   <div class='ocr_carea' id='block_1_102' title="bbox 2036 4040 3620 4119">
    <p class='ocr_par' dir='ltr' id='par_1_102' title="bbox 2036 4040 3620 4119">
     <span class='ocr_line' id='line_1_102' title="bbox 2036 4040 3620 4119; baseline -0.008 -10"><span class='ocrx_word' id='word_1_808' title='bbox 2036 4069 2191 4119; x_wconf 88' lang='lat' dir='ltr'><strong>cens,</strong></span> <span class='ocrx_word' id='word_1_809' title='bbox 2230 4070 2248 4102; x_wconf 88' lang='grc'><em>‹</em></span> <span class='ocrx_word' id='word_1_810' title='bbox 2283 4050 2351 4104; x_wconf 87' lang='grc' dir='ltr'>Ει</span> <span class='ocrx_word' id='word_1_811' title='bbox 2376 4049 2563 4105; x_wconf 85' lang='lat' dir='ltr'><strong>salvos</strong></span> <span class='ocrx_word' id='word_1_812' title='bbox 2590 4048 2752 4102; x_wconf 81' lang='lat' dir='ltr'><strong>faciet</strong></span> <span class='ocrx_word' id='word_1_813' title='bbox 2784 4046 2923 4101; x_wconf 90' lang='lat' dir='ltr'><strong>ﬁlios</strong></span> <span class='ocrx_word' id='word_1_814' title='bbox 2948 4058 3273 4115; x_wconf 88' lang='lat' dir='ltr'><strong>pauperum.</strong></span> <span class='ocrx_word' id='word_1_815' title='bbox 3301 4062 3317 4094; x_wconf 77' lang='grc' dir='ltr'><strong>ι</strong></span> <span class='ocrx_word' id='word_1_816' title='bbox 3344 4040 3469 4096; x_wconf 90' lang='lat' dir='ltr'><strong>Filii</strong></span> <span class='ocrx_word' id='word_1_817' title='bbox 3493 4057 3620 4097; x_wconf 92' lang='lat' dir='ltr'><strong>vero</strong></span> 
     </span>
    </p>
   </div>
   <div class='ocr_carea' id='block_1_103' title="bbox 2036 4132 3622 4216">
    <p class='ocr_par' dir='ltr' id='par_1_103' title="bbox 2036 4132 3622 4216">
     <span class='ocr_line' id='line_1_103' title="bbox 2036 4132 3622 4216; baseline -0.008 -18"><span class='ocrx_word' id='word_1_818' title='bbox 2036 4159 2334 4216; x_wconf 91' lang='lat' dir='ltr'><strong>pauperum</strong></span> <span class='ocrx_word' id='word_1_819' title='bbox 2364 4149 2521 4196; x_wconf 90' lang='lat' dir='ltr'><strong>erant</strong></span> <span class='ocrx_word' id='word_1_820' title='bbox 2554 4141 2927 4210; x_wconf 91' lang='lat' dir='ltr'><strong>apostolorum</strong></span> <span class='ocrx_word' id='word_1_821' title='bbox 2958 4144 3013 4191; x_wconf 91' lang='lat' dir='ltr'><strong>et</strong></span> <span class='ocrx_word' id='word_1_822' title='bbox 3057 4136 3452 4205; x_wconf 86' lang='lat' dir='ltr'><strong>discipulorum</strong></span> <span class='ocrx_word' id='word_1_823' title='bbox 3498 4132 3622 4187; x_wconf 88' lang='lat' dir='ltr'><strong>Ser-</strong></span> 
     </span>
    </p>
   </div>
   <div class='ocr_carea' id='block_1_104' title="bbox 2035 4224 3622 4303">
    <p class='ocr_par' dir='ltr' id='par_1_104' title="bbox 2035 4224 3622 4303">
     <span class='ocr_line' id='line_1_104' title="bbox 2035 4224 3622 4303; baseline -0.009 -12"><span class='ocrx_word' id='word_1_824' title='bbox 2035 4236 2243 4291; x_wconf 89' lang='lat' dir='ltr'><strong>vatoris</strong></span> <span class='ocrx_word' id='word_1_825' title='bbox 2271 4235 2445 4291; x_wconf 90' lang='lat' dir='ltr'><strong>nostri</strong></span> <span class='ocrx_word' id='word_1_826' title='bbox 2472 4234 2610 4297; x_wconf 89' lang='lat' dir='ltr'><strong>noti,</strong></span> <span class='ocrx_word' id='word_1_827' title='bbox 2641 4248 2780 4303; x_wconf 93' lang='lat' dir='ltr'><strong>quos</strong></span> <span class='ocrx_word' id='word_1_828' title='bbox 2820 4229 3114 4300; x_wconf 88' lang='lat' dir='ltr'><strong>Apostolus</strong></span> <span class='ocrx_word' id='word_1_829' title='bbox 3135 4228 3287 4282; x_wconf 84' lang='lat' dir='ltr'><strong>hisce</strong></span> <span class='ocrx_word' id='word_1_830' title='bbox 3327 4224 3510 4280; x_wconf 90' lang='lat' dir='ltr'><strong>verbis</strong></span> <span class='ocrx_word' id='word_1_831' title='bbox 3534 4224 3622 4278; x_wconf 82' lang='lat' dir='ltr'><strong>&#39;m-</strong></span> 
     </span>
    </p>
   </div>
   <div class='ocr_carea' id='block_1_105' title="bbox 2039 4317 3619 4393">
    <p class='ocr_par' dir='ltr' id='par_1_105' title="bbox 2039 4317 3619 4393">
     <span class='ocr_line' id='line_1_105' title="bbox 2039 4317 3619 4393; baseline -0.008 -10"><span class='ocrx_word' id='word_1_832' title='bbox 2039 4330 2273 4384; x_wconf 86' lang='lat' dir='ltr'><strong>dicavit:</strong></span> <span class='ocrx_word' id='word_1_833' title='bbox 2308 4347 2326 4379; x_wconf 78' lang='grc' dir='ltr'><strong>ι</strong></span> <span class='ocrx_word' id='word_1_834' title='bbox 2367 4327 2501 4382; x_wconf 89' lang='lat' dir='ltr'><strong>Nam</strong></span> <span class='ocrx_word' id='word_1_835' title='bbox 2530 4326 2633 4383; x_wconf 88' lang='lat' dir='ltr'><strong>etsi</strong></span> <span class='ocrx_word' id='word_1_836' title='bbox 2678 4325 2883 4379; x_wconf 90' lang='lat' dir='ltr'><strong>multos</strong></span> <span class='ocrx_word' id='word_1_837' title='bbox 2916 4321 3241 4393; x_wconf 74' lang='lat' dir='ltr'><strong>paedagogos</strong></span> <span class='ocrx_word' id='word_1_838' title='bbox 3278 4318 3523 4373; x_wconf 89' lang='lat' dir='ltr'><strong>habeatis</strong></span> <span class='ocrx_word' id='word_1_839' title='bbox 3564 4317 3619 4371; x_wconf 93' lang='lat' dir='ltr'><strong>in</strong></span> 
     </span>
    </p>
   </div>
   <div class='ocr_carea' id='block_1_106' title="bbox 2037 4410 3619 4487">
    <p class='ocr_par' dir='ltr' id='par_1_106' title="bbox 2037 4410 3619 4487">
     <span class='ocr_line' id='line_1_106' title="bbox 2037 4410 3619 4487; baseline -0.009 -9"><span class='ocrx_word' id='word_1_840' title='bbox 2037 4421 2281 4487; x_wconf 87' lang='lat' dir='ltr'><strong>Christo,</strong></span> <span class='ocrx_word' id='word_1_841' title='bbox 2315 4420 2411 4476; x_wconf 93' lang='lat' dir='ltr'><strong>sed</strong></span> <span class='ocrx_word' id='word_1_842' title='bbox 2452 4435 2563 4475; x_wconf 91' lang='lat' dir='ltr'><strong>non</strong></span> <span class='ocrx_word' id='word_1_843' title='bbox 2601 4438 2613 4473; x_wconf 88' lang='lat'>:</span> <span class='ocrx_word' id='word_1_844' title='bbox 2655 4417 2857 4472; x_wconf 86' lang='lat' dir='ltr'><strong>multos</strong></span> <span class='ocrx_word' id='word_1_845' title='bbox 2888 4415 3191 4487; x_wconf 88' lang='lat' dir='ltr'><strong>patres:in</strong></span> <span class='ocrx_word' id='word_1_846' title='bbox 3226 4413 3443 4468; x_wconf 85' lang='lat' dir='ltr'><strong>Christo</strong></span> <span class='ocrx_word' id='word_1_847' title='bbox 3472 4410 3619 4465; x_wconf 87' lang='lat' dir='ltr'><strong>enim</strong></span> 
     </span>
    </p>
   </div>
   <div class='ocr_carea' id='block_1_107' title="bbox 2035 4503 3656 4584">
    <p class='ocr_par' dir='ltr' id='par_1_107' title="bbox 2035 4503 3656 4584">
     <span class='ocr_line' id='line_1_107' title="bbox 2035 4503 3656 4584; baseline -0.01 -14"><span class='ocrx_word' id='word_1_848' title='bbox 2035 4515 2165 4571; x_wconf 86' lang='lat' dir='ltr'><strong>Jesu</strong></span> <span class='ocrx_word' id='word_1_849' title='bbox 2196 4529 2296 4584; x_wconf 84' lang='lat' dir='ltr'><strong>ego</strong></span> <span class='ocrx_word' id='word_1_850' title='bbox 2340 4529 2436 4569; x_wconf 91' lang='lat' dir='ltr'><strong>vos</strong></span> <span class='ocrx_word' id='word_1_851' title='bbox 2469 4513 2628 4584; x_wconf 86' lang='lat' dir='ltr'><strong>genui</strong></span> <span class='ocrx_word' id='word_1_852' title='bbox 2648 4512 2728 4577; x_wconf 80' lang='grc'><strong>²⁸;</strong></span> <span class='ocrx_word' id='word_1_853' title='bbox 2779 4530 2796 4561; x_wconf 77' lang='grc' dir='ltr'><strong>ι</strong></span> <span class='ocrx_word' id='word_1_854' title='bbox 2834 4525 2897 4563; x_wconf 92' lang='lat' dir='ltr'><strong>ac</strong></span> <span class='ocrx_word' id='word_1_855' title='bbox 2941 4523 3166 4563; x_wconf 90' lang='lat' dir='ltr'><strong>rursum</strong></span> <span class='ocrx_word' id='word_1_856' title='bbox 3216 4523 3230 4561; x_wconf 88' lang='lat'><strong>:</strong></span> <span class='ocrx_word' id='word_1_857' title='bbox 3275 4524 3295 4556; x_wconf 86' lang='grc'><em>‹</em></span> <span class='ocrx_word' id='word_1_858' title='bbox 3332 4503 3454 4558; x_wconf 84' lang='lat' dir='ltr'><strong>Filii</strong></span> <span class='ocrx_word' id='word_1_859' title='bbox 3488 4503 3615 4566; x_wconf 87' lang='lat' dir='ltr'><strong>mei,</strong></span> <span class='ocrx_word' id='word_1_860' title='bbox 3648 4515 3656 4524; x_wconf 64' lang='grc' dir='ltr'><strong>ο</strong></span> 
     </span>
    </p>
   </div>
   <div class='ocr_carea' id='block_1_108' title="bbox 2038 4595 3618 4677">
    <p class='ocr_par' dir='ltr' id='par_1_108' title="bbox 2038 4595 3618 4677">
     <span class='ocr_line' id='line_1_108' title="bbox 2038 4595 3618 4677; baseline -0.008 -18"><span class='ocrx_word' id='word_1_861' title='bbox 2038 4622 2179 4677; x_wconf 93' lang='lat' dir='ltr'><strong>quos</strong></span> <span class='ocrx_word' id='word_1_862' title='bbox 2214 4621 2437 4659; x_wconf 87' lang='lat' dir='ltr'><strong>rursum</strong></span> <span class='ocrx_word' id='word_1_863' title='bbox 2472 4603 2742 4675; x_wconf 91' lang='lat' dir='ltr'><strong>parturio,</strong></span> <span class='ocrx_word' id='word_1_864' title='bbox 2775 4600 2949 4656; x_wconf 90' lang='lat' dir='ltr'><strong>donec</strong></span> <span class='ocrx_word' id='word_1_865' title='bbox 2982 4600 3246 4654; x_wconf 82' lang='lat' dir='ltr'><strong>formetur</strong></span> <span class='ocrx_word' id='word_1_866' title='bbox 3275 4597 3529 4651; x_wconf 87' lang='lat' dir='ltr'><strong>Christus</strong></span> <span class='ocrx_word' id='word_1_867' title='bbox 3561 4595 3618 4648; x_wconf 91' lang='lat' dir='ltr'><strong>in</strong></span> 
     </span>
    </p>
   </div>
   <div class='ocr_carea' id='block_1_109' title="bbox 2037 4684 3617 4764">
    <p class='ocr_par' dir='ltr' id='par_1_109' title="bbox 2037 4684 3617 4764">
     <span class='ocr_line' id='line_1_109' title="bbox 2037 4684 3617 4764; baseline -0.01 -13"><span class='ocrx_word' id='word_1_868' title='bbox 2037 4698 2193 4753; x_wconf 88' lang='lat' dir='ltr'><strong>vobis</strong></span> <span class='ocrx_word' id='word_1_869' title='bbox 2221 4699 2286 4749; x_wconf 78' lang='lat'><strong>“.</strong></span> <span class='ocrx_word' id='word_1_870' title='bbox 2322 4716 2338 4747; x_wconf 74' lang='grc' dir='ltr'><strong>ι</strong></span> <span class='ocrx_word' id='word_1_871' title='bbox 2369 4694 2571 4750; x_wconf 85' lang='lat' dir='ltr'><strong>Verum</strong></span> <span class='ocrx_word' id='word_1_872' title='bbox 2603 4707 2877 4764; x_wconf 85' lang='lat' dir='ltr'><strong>pauperes</strong></span> <span class='ocrx_word' id='word_1_873' title='bbox 2899 4706 3033 4747; x_wconf 89' lang='lat' dir='ltr'><strong>suos</strong></span> <span class='ocrx_word' id='word_1_874' title='bbox 3065 4698 3119 4745; x_wconf 92' lang='lat' dir='ltr'><strong>et</strong></span> <span class='ocrx_word' id='word_1_875' title='bbox 3149 4688 3290 4742; x_wconf 87' lang='lat' dir='ltr'><strong>ﬁlios</strong></span> <span class='ocrx_word' id='word_1_876' title='bbox 3315 4684 3617 4756; x_wconf 88' lang='lat' dir='ltr'><strong>pauperum</strong></span> 
     </span>
    </p>
   </div>
   <div class='ocr_carea' id='block_1_110' title="bbox 2033 4776 3618 4859">
    <p class='ocr_par' dir='ltr' id='par_1_110' title="bbox 2033 4776 3618 4859">
     <span class='ocr_line' id='line_1_110' title="bbox 2033 4776 3618 4859; baseline -0.012 -14"><span class='ocrx_word' id='word_1_877' title='bbox 2033 4806 2158 4845; x_wconf 93' lang='lat' dir='ltr'><strong>cum</strong></span> <span class='ocrx_word' id='word_1_878' title='bbox 2180 4789 2397 4859; x_wconf 89' lang='lat' dir='ltr'><strong>justitia</strong></span> <span class='ocrx_word' id='word_1_879' title='bbox 2426 4796 2481 4843; x_wconf 84' lang='lat' dir='ltr'><strong>et</strong></span> <span class='ocrx_word' id='word_1_880' title='bbox 2510 4796 2662 4843; x_wconf 90' lang='lat' dir='ltr'><strong>recto</strong></span> <span class='ocrx_word' id='word_1_881' title='bbox 2695 4785 2909 4855; x_wconf 88' lang='lat' dir='ltr'><strong>judicio</strong></span> <span class='ocrx_word' id='word_1_882' title='bbox 2954 4784 3131 4839; x_wconf 90' lang='lat' dir='ltr'><strong>salute</strong></span> <span class='ocrx_word' id='word_1_883' title='bbox 3161 4782 3345 4835; x_wconf 87' lang='lat' dir='ltr'><strong>donat.</strong></span> <span class='ocrx_word' id='word_1_884' title='bbox 3396 4776 3618 4831; x_wconf 86' lang='lat' dir='ltr'><strong>Calum—</strong></span> 
     </span>
    </p>
   </div>
   <div class='ocr_carea' id='block_1_111' title="bbox 2034 4870 3617 4948">
    <p class='ocr_par' dir='ltr' id='par_1_111' title="bbox 2034 4870 3617 4948">
     <span class='ocr_line' id='line_1_111' title="bbox 2034 4870 3617 4948; baseline -0.011 -13"><span class='ocrx_word' id='word_1_885' title='bbox 2034 4881 2266 4935; x_wconf 90' lang='lat' dir='ltr'><strong>niatoris</strong></span> <span class='ocrx_word' id='word_1_886' title='bbox 2296 4888 2500 4942; x_wconf 88' lang='lat' dir='ltr'><strong>autem,</strong></span> <span class='ocrx_word' id='word_1_887' title='bbox 2527 4877 2621 4948; x_wconf 93' lang='lat' dir='ltr'><strong>qui</strong></span> <span class='ocrx_word' id='word_1_888' title='bbox 2661 4877 2715 4929; x_wconf 91' lang='lat' dir='ltr'><strong>in</strong></span> <span class='ocrx_word' id='word_1_889' title='bbox 2749 4875 2990 4929; x_wconf 87' lang='lat' dir='ltr'><strong>animum</strong></span> <span class='ocrx_word' id='word_1_890' title='bbox 3021 4872 3234 4926; x_wconf 81' lang='lat' dir='ltr'><strong>induxit</strong></span> <span class='ocrx_word' id='word_1_891' title='bbox 3264 4870 3525 4941; x_wconf 90' lang='lat' dir='ltr'><strong>populum</strong></span> <span class='ocrx_word' id='word_1_892' title='bbox 3562 4872 3617 4920; x_wconf 90' lang='lat' dir='ltr'><strong>et</strong></span> 
     </span>
    </p>
   </div>
   <div class='ocr_carea' id='block_1_112' title="bbox 2037 4961 3614 5038">
    <p class='ocr_par' dir='ltr' id='par_1_112' title="bbox 2037 4961 3614 5038">
     <span class='ocr_line' id='line_1_112' title="bbox 2037 4961 3614 5038; baseline -0.008 -13"><span class='ocrx_word' id='word_1_893' title='bbox 2037 4971 2337 5027; x_wconf 87' lang='lat' dir='ltr'><strong>Ecclesiam</strong></span> <span class='ocrx_word' id='word_1_894' title='bbox 2384 4969 2505 5038; x_wconf 87' lang='lat' dir='ltr'><strong>ejus</strong></span> <span class='ocrx_word' id='word_1_895' title='bbox 2551 4971 2873 5037; x_wconf 77' lang='lat' dir='ltr'><strong>impugnare</strong></span> <span class='ocrx_word' id='word_1_896' title='bbox 2949 4971 3113 5034; x_wconf 84' lang='lat' dir='ltr'><strong>(nam</strong></span> <span class='ocrx_word' id='word_1_897' title='bbox 3169 4961 3412 5017; x_wconf 82' lang='lat' dir='ltr'><strong>sexcenti</strong></span> <span class='ocrx_word' id='word_1_898' title='bbox 3450 4974 3614 5030; x_wconf 84' lang='lat' dir='ltr'><strong>syco-</strong></span> 
     </span>
    </p>
   </div>
   <div class='ocr_carea' id='block_1_113' title="bbox 2035 5048 3612 5132">
    <p class='ocr_par' dir='ltr' id='par_1_113' title="bbox 2035 5048 3612 5132">
     <span class='ocr_line' id='line_1_113' title="bbox 2035 5048 3612 5132; baseline -0.008 -17"><span class='ocrx_word' id='word_1_899' title='bbox 2035 5063 2253 5132; x_wconf 58' lang='lat' dir='ltr'><strong>phanta</strong></span> <span class='ocrx_word' id='word_1_900' title='bbox 2308 5068 2435 5114; x_wconf 91' lang='lat' dir='ltr'><strong>sunt</strong></span> <span class='ocrx_word' id='word_1_901' title='bbox 2494 5058 2587 5127; x_wconf 89' lang='lat' dir='ltr'><strong>qui</strong></span> <span class='ocrx_word' id='word_1_902' title='bbox 2628 5056 2929 5110; x_wconf 77' lang='lat' dir='ltr'><strong>Ecclesium</strong></span> <span class='ocrx_word' id='word_1_903' title='bbox 2979 5054 3099 5121; x_wconf 85' lang='lat' dir='ltr'><strong>ejus</strong></span> <span class='ocrx_word' id='word_1_904' title='bbox 3147 5048 3612 5120; x_wconf 86' lang='lat' dir='ltr'><strong>calumniantur);</strong></span> 
     </span>
    </p>
   </div>
   <div class='ocr_carea' id='block_1_114' title="bbox 2034 5137 3615 5214">
    <p class='ocr_par' dir='ltr' id='par_1_114' title="bbox 2034 5137 3615 5214">
     <span class='ocr_line' id='line_1_114' title="bbox 2034 5137 3615 5214; baseline -0.006 -13"><span class='ocrx_word' id='word_1_905' title='bbox 2034 5149 2143 5202; x_wconf 90' lang='lat' dir='ltr'><strong>imo</strong></span> <span class='ocrx_word' id='word_1_906' title='bbox 2175 5146 2339 5200; x_wconf 85' lang='lat' dir='ltr'><strong>etiam</strong></span> <span class='ocrx_word' id='word_1_907' title='bbox 2366 5145 2600 5199; x_wconf 91' lang='lat' dir='ltr'><strong>aliorum</strong></span> <span class='ocrx_word' id='word_1_908' title='bbox 2633 5144 2726 5214; x_wconf 92' lang='lat' dir='ltr'><strong>qui</strong></span> <span class='ocrx_word' id='word_1_909' title='bbox 2768 5143 2921 5213; x_wconf 91' lang='lat' dir='ltr'><strong>probi</strong></span> <span class='ocrx_word' id='word_1_910' title='bbox 2974 5142 3209 5196; x_wconf 91' lang='lat' dir='ltr'><strong>instituti</strong></span> <span class='ocrx_word' id='word_1_911' title='bbox 3237 5141 3384 5197; x_wconf 83' lang='lat' dir='ltr'><strong>viros</strong></span> <span class='ocrx_word' id='word_1_912' title='bbox 3425 5140 3479 5193; x_wconf 91' lang='lat' dir='ltr'><strong>in</strong></span> <span class='ocrx_word' id='word_1_913' title='bbox 3510 5137 3615 5193; x_wconf 84' lang='lat' dir='ltr'><strong>Ec-</strong></span> 
     </span>
    </p>
   </div>
   <div class='ocr_carea' id='block_1_115' title="bbox 2031 5233 3614 5305">
    <p class='ocr_par' dir='ltr' id='par_1_115' title="bbox 2031 5233 3614 5305">
     <span class='ocr_line' id='line_1_115' title="bbox 2031 5233 3614 5305; baseline -0.004 -14"><span class='ocrx_word' id='word_1_914' title='bbox 2031 5236 2198 5291; x_wconf 89' lang='lat' dir='ltr'><strong>clesia</strong></span> <span class='ocrx_word' id='word_1_915' title='bbox 2221 5235 2344 5305; x_wconf 89' lang='lat' dir='ltr'><strong>ejus</strong></span> <span class='ocrx_word' id='word_1_916' title='bbox 2379 5234 2755 5305; x_wconf 88' lang='lat' dir='ltr'><strong>sycophantiis</strong></span> <span class='ocrx_word' id='word_1_917' title='bbox 2778 5234 3069 5304; x_wconf 84' lang='lat' dir='ltr'><strong>impetum,</strong></span> <span class='ocrx_word' id='word_1_918' title='bbox 3093 5234 3218 5287; x_wconf 65' lang='lat' dir='ltr'><strong>vitae</strong></span> <span class='ocrx_word' id='word_1_919' title='bbox 3250 5233 3453 5288; x_wconf 87' lang='lat' dir='ltr'><strong>exitum</strong></span> <span class='ocrx_word' id='word_1_920' title='bbox 3488 5246 3614 5301; x_wconf 89' lang='lat' dir='ltr'><strong>per-</strong></span> 
     </span>
    </p>
   </div>
   <div class='ocr_carea' id='block_1_116' title="bbox 2036 5323 3612 5400">
    <p class='ocr_par' dir='ltr' id='par_1_116' title="bbox 2036 5323 3612 5400">
     <span class='ocr_line' id='line_1_116' title="bbox 2036 5323 3612 5400; baseline -0.004 -17"><span class='ocrx_word' id='word_1_921' title='bbox 2036 5328 2303 5400; x_wconf 88' lang='lat' dir='ltr'><strong>pendens,</strong></span> <span class='ocrx_word' id='word_1_922' title='bbox 2348 5328 2519 5397; x_wconf 89' lang='lat' dir='ltr'><strong>probe</strong></span> <span class='ocrx_word' id='word_1_923' title='bbox 2552 5327 2819 5395; x_wconf 80' lang='lat' dir='ltr'><strong>intelliges</strong></span> <span class='ocrx_word' id='word_1_924' title='bbox 2868 5341 2966 5379; x_wconf 91' lang='lat' dir='ltr'><strong>cur</strong></span> <span class='ocrx_word' id='word_1_925' title='bbox 2995 5325 3227 5388; x_wconf 87' lang='lat' dir='ltr'><strong>dicatur,</strong></span> <span class='ocrx_word' id='word_1_926' title='bbox 3265 5343 3284 5373; x_wconf 72' lang='grc' dir='ltr'><strong>ι</strong></span> <span class='ocrx_word' id='word_1_927' title='bbox 3337 5323 3404 5377; x_wconf 86' lang='grc' dir='ltr'>Ει</span> <span class='ocrx_word' id='word_1_928' title='bbox 3434 5325 3612 5377; x_wconf 89' lang='lat' dir='ltr'><strong>humi-</strong></span> 
     </span>
    </p>
   </div>
   <div class='ocr_carea' id='block_1_117' title="bbox 2035 5415 3613 5484">
    <p class='ocr_par' dir='ltr' id='par_1_117' title="bbox 2035 5415 3613 5484">
     <span class='ocr_line' id='line_1_117' title="bbox 2035 5415 3613 5484; baseline -0.004 -10"><span class='ocrx_word' id='word_1_929' title='bbox 2035 5420 2191 5475; x_wconf 91' lang='lat' dir='ltr'><strong>liabit</strong></span> <span class='ocrx_word' id='word_1_930' title='bbox 2238 5418 2716 5474; x_wconf 85' lang='lat' dir='ltr'><strong>calumniatorcm.</strong></span> <span class='ocrx_word' id='word_1_931' title='bbox 2758 5436 2776 5468; x_wconf 75' lang='grc' dir='ltr'><strong>ι</strong></span> <span class='ocrx_word' id='word_1_932' title='bbox 2812 5417 2946 5483; x_wconf 83' lang='lat' dir='ltr'><strong>Quis</strong></span> <span class='ocrx_word' id='word_1_933' title='bbox 2986 5417 3129 5471; x_wconf 86' lang='lat' dir='ltr'><strong>enim</strong></span> <span class='ocrx_word' id='word_1_934' title='bbox 3164 5431 3375 5480; x_wconf 88' lang='lat' dir='ltr'><strong>eorum,</strong></span> <span class='ocrx_word' id='word_1_935' title='bbox 3410 5415 3501 5484; x_wconf 87' lang='lat' dir='ltr'><strong>qui</strong></span> <span class='ocrx_word' id='word_1_936' title='bbox 3536 5423 3613 5484; x_wconf 86' lang='lat' dir='ltr'><strong>ty-</strong></span> 
     </span>
    </p>
   </div>
   <div class='ocr_carea' id='block_1_118' title="bbox 2033 5506 3605 5578">
    <p class='ocr_par' dir='ltr' id='par_1_118' title="bbox 2033 5506 3605 5578">
     <span class='ocr_line' id='line_1_118' title="bbox 2033 5506 3605 5578; baseline -0.004 -14"><span class='ocrx_word' id='word_1_937' title='bbox 2033 5513 2262 5566; x_wconf 89' lang='lat' dir='ltr'><strong>rannice</strong></span> <span class='ocrx_word' id='word_1_938' title='bbox 2316 5510 2372 5564; x_wconf 92' lang='lat' dir='ltr'><strong>in</strong></span> <span class='ocrx_word' id='word_1_939' title='bbox 2425 5506 2727 5563; x_wconf 89' lang='lat' dir='ltr'><strong>Salvatoris</strong></span> <span class='ocrx_word' id='word_1_940' title='bbox 2774 5507 2949 5563; x_wconf 89' lang='lat' dir='ltr'><strong>nostri</strong></span> <span class='ocrx_word' id='word_1_941' title='bbox 3014 5507 3310 5561; x_wconf 85' lang='lat' dir='ltr'><strong>Ecclesiam</strong></span> <span class='ocrx_word' id='word_1_942' title='bbox 3358 5513 3605 5578; x_wconf 84' lang='lat' dir='ltr'><strong>egerunt,</strong></span> 
     </span>
    </p>
   </div>
   <div class='ocr_carea' id='block_1_119' title="bbox 2125 5713 3602 5786">
    <p class='ocr_par' dir='ltr' id='par_1_119' title="bbox 2125 5713 3602 5786">
     <span class='ocr_line' id='line_1_119' title="bbox 2125 5713 3602 5786; baseline -0.003 -11"><span class='ocrx_word' id='word_1_943' title='bbox 2125 5721 2169 5753; x_wconf 80' lang='lat'>“</span> <span class='ocrx_word' id='word_1_944' title='bbox 2200 5719 2320 5776; x_wconf 85' lang='lat' dir='ltr'><strong>Act.</strong></span> <span class='ocrx_word' id='word_1_945' title='bbox 2354 5735 2436 5786; x_wconf 89' lang='grc' dir='ltr'>ιιι,</span> <span class='ocrx_word' id='word_1_946' title='bbox 2463 5718 2517 5775; x_wconf 87' lang='grc'><strong>6.</strong></span> <span class='ocrx_word' id='word_1_947' title='bbox 2618 5718 2664 5750; x_wconf 82' lang='grc'><strong>’³</strong></span> <span class='ocrx_word' id='word_1_948' title='bbox 2700 5716 2890 5774; x_wconf 77' lang='lat' dir='ltr'><strong>Matth.</strong></span> <span class='ocrx_word' id='word_1_949' title='bbox 2922 5733 2973 5783; x_wconf 82' lang='lat' dir='ltr'><strong>x,</strong></span> <span class='ocrx_word' id='word_1_950' title='bbox 3000 5715 3051 5771; x_wconf 84' lang='lat'><strong>9.</strong></span> <span class='ocrx_word' id='word_1_951' title='bbox 3132 5714 3175 5752; x_wconf 74' lang='grc'><strong>’⁸</strong></span> <span class='ocrx_word' id='word_1_952' title='bbox 3210 5713 3375 5773; x_wconf 88' lang='lat' dir='ltr'><strong>llebr.</strong></span> <span class='ocrx_word' id='word_1_953' title='bbox 3408 5729 3483 5785; x_wconf 77' lang='lat' dir='ltr'><strong>xi,</strong></span> <span class='ocrx_word' id='word_1_954' title='bbox 3512 5714 3602 5771; x_wconf 77' lang='lat'><strong>37.</strong></span> 
     </span>
    </p>
   </div>
  </div>
