4128 6392
474 359 583 416 799
1150 353 1419 413 EUSEBll
1458 349 1940 408 CAESARIENSlS
1978 348 2130 407 ΟΝ).
2168 347 2352 403 PARS
2389 346 2479 403 lll.
2519 373 2587 389 -
2621 342 3034 400 EXEGETICA.
3643 341 3750 397 8ίο

477 493 709 548 eamque
741 476 1076 548 blaSphemis
1114 476 1279 533 dictis
1313 485 1367 531 et
1394 473 1771 547 syc0phantiis
1804 473 2060 526 traduxe-

2174 472 2486 535 θευσάντων,
2534 469 2627 523 καὶ
2659 468 2759 539 τὴν
2797 466 2891 520 τοῦ
2927 467 3179 535 Σωτηρος
3222 479 3382 535 ημων
3427 460 3751 532 ’Ἐκκλησίαν

479 576 628 635 runt,
666 569 912 635 deiectus
943 584 1052 621 non
1090 567 1236 621 fuit?
1264 566 1401 633 Quis
1430 582 1497 621 ex
1531 564 1872 635 sapientibus
1901 562 2064 631 hujus

2174 563 2541 634 βλασφημίαις
2580 561 2676 615 καὶ
2729 558 3114 627 συκοφαντίαις
3171 554 3637 626 περιϐαλλόντων,
3687 554 3748 606 οὑ

483 659 670 714 surculi
694 660 936 729 linguam
968 674 1123 714 suam
1152 659 1373 714 exacuit
1403 665 1594 713 contra
1638 656 1877 712 divinam
1915 653 2067 709 Scri-

483 758 722 820 pturam,
764 751 896 821 quin
926 751 1300 823 sycophantiae
1332 765 1447 806 suae
1495 749 1728 820 pignora
1776 748 2066 804 retulerit?

484 840 592 895 Sed
626 858 752 896 cum
788 842 927 897 bene
965 842 1122 896 multi
1161 841 1515 913 sycophanta:
1542 850 1733 895 contra
1762 838 2065 893 Ecclesiam

481 932 605 999 ejus
631 932 1055 996 insurrexerint,
1090 946 1394 1001 omnesque
1417 946 1649 1001 prorsus
1671 929 1867 999 dejecti
1891 937 1944 983 et
1974 928 2071 981 hu-

481 1022 679 1075 miliati
724 1023 963 1088 fuerint;
1003 1022 1121 1093 ipse
1163 1031 1348 1076 tamen
1380 1037 1488 1075 una
1528 1036 1650 1077 cum
1676 1021 1791 1074 sole
1818 1034 2070 1091 perman-

481 1127 673 1181 surus,
710 1131 773 1169 ac
805 1115 1031 1185 perinde
1063 1127 1226 1186 atque
1255 1115 1621 1171 soldoctrinze
1648 1131 1761 1170 sua:
1791 1114 1961 1169 radiis
1985 1124 2069 1169 to-

479 1214 600 1259 tum
637 1208 826 1261 orbem
854 1206 1236 1262 illustraturus
1266 1206 1616 1277 praedicitur;
1646 1216 1699 1260 et
1722 1213 1848 1261 ante
1880 1206 2067 1260 lunam

483 1299 703 1356 futurus
755 1302 1191 1370 praznuntiatur;
1257 1301 1371 1355 sive
1438 1299 1743 1354 secundum
1792 1298 2067 1368 Aquilam,

488 1407 508 1439 ε
541 1389 606 1444 Et
637 1390 690 1443 in
721 1389 915 1444 faciem
950 1391 1121 1457 lunae;
1158 1413 1175 1441 ο
1206 1398 1300 1442 aut
1325 1388 1627 1443 secundum
1654 1388 2065 1459 Symmachum,

489 1499 507 1531 ι
542 1478 609 1533 Et
638 1464 691 1533 in
725 1487 1027 1549 conspectu
1076 1481 1218 1534 luna:
1248 1479 1611 1550 permanebit.
1660 1497 1679 1531 ι
1734 1476 1855 1532 Non
1898 1477 2070 1541 enim,

486 1582 616 1626 ante
648 1572 857 1636 lunam,
893 1572 946 1627 id
972 1582 1074 1639 est,
1108 1580 1404 1641 antequam
1447 1573 1579 1626 luna
1626 1572 1815 1637 ﬁeret;
1852 1572 1947 1626 sed
1977 1586 2073 1625 co-

486 1678 627 1730 ram,
670 1663 727 1718 id
773 1675 879 1728 est,
938 1666 994 1722 in
1045 1677 1348 1735 conspectu
1405 1664 1548 1718 lunae
1594 1670 1679 1719 est
1708 1663 2069 1734 reputandus.

486 1755 958 1821 Quemadmodum
993 1755 1139 1809 enim
1185 1756 1269 1809 sol
1322 1754 1467 1809 diem
1516 1754 1679 1809 eﬂicit
1733 1768 1858 1808 cum
1907 1769 2073 1824 super

2164 655 2594 719 τεταπείνωται;
2639 652 2734 717 Τίς
2784 651 2892 703 τῶν
2944 647 3122 718 σοφῶν
3173 646 3268 701 τοῦ
3312 646 3505 709 αἰῶνος
3538 645 3747 706 τούτου,

2166 748 2265 818 τὴν
2296 746 2461 800 αὑτοῦ
2496 745 2744 815 γλῶτταν
2777 745 3050 815 ἀκονήσας
3082 742 3222 795 κατά
3259 740 3360 810 τῆς
3394 739 3749 792 Θεοπνεύστου

2168 841 2412 913 Γραφῆς,
2447 841 2508 893 οὑ
2537 840 2605 893 τὰ
2642 839 2895 910 ἐπίχειρα
2930 835 3166 891 πέπονθε
3212 835 3313 905 τῆς
3353 832 3746 903 συκοφαντίας;

2183 934 2343 987 Ἀλλὰ
2376 933 2485 1005 γὰρ
2520 932 2785 985 πλείστων
2815 932 2954 985 ὅσων
2995 928 3368 1001 ἐπισταμένων
3402 925 3750 995 συκοφαντῶν

2170 1028 2311 1083 κατά
2338 1027 2437 1098 τῆς
2470 1026 2798 1098 Ἐκκλησίας
2818 1024 3004 1089 αὑτοῦ,
3029 1024 3247 1078 πάντων
3269 1040 3328 1075 τε
3354 1022 3496 1076 κατὰ
3526 1021 3749 1091 καιροὺς

2170 1118 2606 1190 ταπεινουμένων
2630 1158 2644 1183 ,
2678 1118 2841 1182 αὑτὸς
2870 1115 3322 1188 συμπαραμένειν
3366 1114 3446 1185 τῷ
3493 1113 3627 1185 ἡλίῳ
3659 1112 3750 1165 θε-

2172 1214 2442 1280 σπίζεται,
2480 1213 2681 1284 ὁμοίως
2714 1211 2846 1283 ἡλίῳ
2880 1213 3000 1274 ταῖς
3033 1211 3228 1278 αὐγαῖς
3261 1209 3361 1280 τῆς
3397 1206 3560 1262 αὑτοῦ
3600 1207 3751 1260 διδα-

2174 1308 2399 1371 σκαλίας
2425 1309 2513 1361 τὸν
2541 1306 2833 1378 σύμπαντα
2860 1305 3234 1375 καταλάμπων
3260 1304 3467 1373 κόσμον
3486 1318 3502 1333 ·
3530 1302 3623 1354 καὶ
3646 1301 3754 1373 πρὸ

2170 1399 2269 1469 τῆς
2302 1397 2528 1469 σελήνης
2560 1396 2651 1449 δέ⁸
2682 1396 2715 1467 ἢ
2746 1396 2886 1449 κατά
2909 1396 2999 1449 τὸν
3029 1395 3281 1457 Ἀκύλαν,
3311 1414 3329 1444 ι
3355 1395 3464 1448 Καὶ
3486 1395 3565 1456 είς
3587 1393 3754 1464 πρόσ-

2172 1506 2319 1541 ωπον
2350 1489 2447 1559 τῆς
2479 1488 2739 1560 σελήνηςο
2770 1507 2788 1539 ι
2843 1488 2876 1558 ἢ
2916 1487 3058 1541 κατά
3107 1488 3197 1539 τὸν
3248 1486 3563 1557 Σύμμαχον,
3597 1505 3615 1537 ι
3643 1486 3754 1540 Καὶ

2172 1574 2481 1646 ἔμπροσθεν
2512 1575 2611 1645 τῆς
2651 1574 2879 1647 σελήνης
2906 1575 3171 1645 διαμενεῖ.
3212 1594 3230 1627 ι
3258 1575 3331 1629 Οὑ
3378 1574 3487 1647 γὰρ
3516 1575 3624 1647 πρό
3654 1576 3753 1647 τῆς

2176 1667 2425 1738 σελήνης,
2456 1667 2707 1720 τουτέστι
2752 1667 2881 1738 πρὶν
2913 1666 3166 1735 γενέσθαι
3202 1667 3299 1738 τὴν
3336 1667 3564 1739 σελήνην
3589 1685 3603 1698 ·
3636 1667 3754 1721 ἀλλ’

2164 1759 2404 1812 ’ἐνώπιον
2428 1757 2619 1829 ὥσπερ
2648 1756 2742 1810 καὶ
2782 1756 3092 1827 ἔμπροσθεν
3116 1756 3417 1828 ἡγούμενος
3460 1756 3563 1827 τῆς
3599 1756 3757 1829 σελή-

484 1858 692 1903 terram
740 1846 994 1913 advenit;
1028 1848 1158 1901 luna
1184 1862 1314 1902 vero
1342 1846 1549 1900 lumine
1578 1860 1680 1900 suo
1715 1847 1892 1901 noctis
1923 1854 2070 1900 tenes

2174 1869 2289 1922 νης.
2325 1851 2536 1921 Ὥσπερ
2563 1848 2671 1921 γὰρ
2696 1848 2846 1921 ἥλιος
2894 1850 2991 1920 μὲν
3023 1848 3237 1921 ἡμέραν
3270 1849 3566 1921 ἐργάζεται
3611 1851 3754 1923 ὑπὲρ

486 1940 616 1993 bras
645 1939 808 1993 solvit
858 1957 873 1994 :
909 1939 1100 1993 eodem
1136 1938 1298 1994 modo
1328 1939 1421 2010 qui
1462 1938 1517 1992 in
1561 1938 1827 1993 vaticinio
1874 1938 2067 2004 fertur,

485 2030 711 2101 perinde
745 2038 909 2101 atque
934 2034 1060 2083 luna
1086 2030 1299 2084 animas
1328 2032 1383 2084 in
1416 2030 1660 2084 tenebris
1689 2040 1743 2084 et
1767 2039 1926 2084 nocte
1948 2036 2072 2082 ver'—

485 2130 674 2178 santes
707 2123 1009 2188 illuminat;
1045 2130 1209 2192 atque
1262 2122 1430 2177 veluti
1486 2124 1569 2177 sol
1621 2130 1792 2175 totum
1830 2122 2073 2176 illustrat

486 2217 698 2280 orbem,
730 2231 794 2269 ac
826 2224 1111 2286 permanet
1149 2223 1205 2269 et
1255 2223 1571 2285 perseverat
1615 2231 1789 2285 usque
1831 2216 1898 2271 ad
1939 2232 2073 2272 con-

486 2308 907 2363 summationem
941 2308 1145 2362 smculi.
1191 2306 1446 2373 Quandiu
1479 2309 1624 2363 enim
1670 2308 1751 2363 sol
1788 2315 1959 2362 totum
1982 2324 2073 2363 or-

486 2399 608 2453 bem
637 2400 895 2462 lartilicat,
935 2400 1121 2453 tamdiu
1155 2406 1209 2453 et
1260 2400 1353 2455 ille
1386 2417 1490 2454 una
1533 2416 1660 2455 cum
1693 2402 1808 2457 sole
1858 2417 2073 2472 perma-

483 2508 624 2547 nens
650 2499 703 2544 et
735 2507 1095 2562 perseverans
1126 2492 1410 2547 hominum
1436 2493 1650 2548 animas
1674 2495 1982 2561 illuminat;
2008 2512 2072 2550 ac

486 2581 716 2653 perinde
750 2590 915 2651 atque
936 2582 1062 2635 luna
1087 2583 1249 2652 plena
1282 2584 1334 2636 in
1354 2586 1741 2654 generationes
1762 2587 2072 2657 generatio-

486 2688 615 2727 num
644 2671 946 2741 perdurare
978 2672 1205 2726 dicitur.

560 2988 725 3046 Vatis.
776 2989 884 3045 6-8.
923 3009 941 3042 ι
989 2989 1294 3047 Descendet
1329 2991 1476 3047 sicut
1537 2991 1722 3062 pluvia
1759 2992 1818 3046 in
1872 2993 2071 3056 vellus,

488 3090 543 3133 et
579 3082 722 3135 sicut
766 3081 1045 3136 stillicidia
1081 3082 1347 3136 stillantia
1397 3097 1562 3151 super
1606 3090 1832 3135 terram.
1894 3101 1911 3133 ι
1966 3083 2072 3136 De-

2170 1946 2275 2016 γῆς
2304 1944 2594 2015 γενόμενος
2615 1959 2629 1973 '
2676 1940 2874 2013 σελήνη
2905 1941 2962 1995 δὲ
3002 1942 3195 2005 νυκτὸς
3241 1942 3444 1996 διαλύει
3473 1942 3534 1994 τὸ
3568 1943 3755 2006 σκότος

2170 2035 2249 2106 τῷ
2296 2035 2494 2105 εαυτῆς
2539 2033 2713 2104 φωτί’
2744 2034 2836 2087 τὸν
2882 2030 3047 2086 αὑτὸν
3093 2031 3295 2103 τρόπον
3342 2031 3434 2083 καὶ
3474 2032 3503 2083 ὁ
3542 2047 3757 2101 προφηο

2169 2129 2457 2199 τευόμενος
2486 2129 2689 2200 ὁμοίως
2719 2130 2818 2200 μὲν
2850 2126 3047 2197 σελήνῃ
3072 2124 3170 2187 τὰς
3201 2125 3258 2176 ὲν
3288 2123 3465 2194 σκότῳ
3486 2123 3578 2175 καὶ
3602 2124 3759 2175 νυκτὶ

2170 2221 2546 2293 τυγχανούσας
2576 2220 2752 2292 ψυχὰς
2785 2217 3030 2289 φωτίζει,
3083 2216 3218 2288 ἡλίῳ
3258 2217 3314 2270 δὲ
3362 2214 3760 2288 παραπλησίως

2170 2314 2261 2368 τὸν
2293 2313 2588 2384 σύμπαντα
2625 2312 2972 2382 καταλάμπει
3018 2308 3241 2381 κόσμον,
3274 2308 3519 2378 διαμένει
3562 2325 3621 2360 τε
3664 2308 3759 2360 καὶ

2174 2406 2593 2478 συμπαραμένει
2624 2406 2757 2477 ἄχρι
2790 2406 2889 2475 τῆς
2923 2403 3231 2468 συντελείας
3274 2403 3368 2456 τοῦ
3420 2401 3633 2464 αἰῶνος.
3663 2402 3759 2464 Ei;

2170 2503 2295 2555 ὅσον
2323 2500 2431 2573 γὰρ
2455 2501 2606 2571 ἥλιος
2639 2500 2729 2553 τὸν
2766 2499 3057 2571 σύμπαντα
3095 2498 3379 2570 φαιδρύνει
3419 2498 3641 2569 κόσμον,
3678 2498 3759 2559 εἰς

2170 2593 2422 2648 τοσοῦτον
2449 2595 2543 2648 καὶ
2568 2593 2729 2656 αὑτὸς
2754 2592 2833 2663 τῷ
2866 2592 3002 2663 ἡλίῳ
3034 2592 3480 2664 συμπαραμένων
3510 2593 3602 2645 καὶ
3635 2608 3760 2643 συν-

2172 2686 2547 2756 εκτεινόμενος
2600 2684 2698 2747 τὰς
2757 2685 2864 2736 τῶν
2925 2680 3229 2755 ἀνθρώπων
3276 2681 3500 2752 φωτίζει
3548 2682 3756 2751 ψυχάς·

2173 2778 2433 2841 ὡσαύτως
2464 2776 2521 2829 δὲ
2552 2778 2646 2831 καὶ
2681 2776 2880 2850 σελήνῃ
2922 2775 3220 2847 πλησιφαεῖ
3252 2776 3646 2847 παραπλησίως
3679 2777 3759 2840 είς

2173 2871 2365 2940 γενεὰς
2395 2869 2596 2939 γενεῶν
2624 2869 2845 2937 λέγεται
2870 2868 3136 2940 διαρκεῖν.

2248 3002 2267 3035 ι
2295 2981 2681 3053 Καταϐήσεται
2709 2982 2784 3046 ὡς
2810 2981 2965 3044 ὑετὸς
2993 2981 3087 3034 ἐπὶ
3120 2980 3308 3044 πόκον,
3342 2979 3436 3031 καὶ
3469 2978 3602 3031 ὡσεὶ
3633 2995 3759 3031 στα-

2174 3074 2329 3143 γόνες
2359 3072 2650 3137 στάζουσαι
2676 3072 2770 3125 ἐπὶ
2811 3070 2910 3143 τὴν
2937 3070 3061 3142 γῆν.
3089 3091 3107 3123 ι
3140 3070 3458 3124 Κατάϐασιν
3490 3069 3585 3123 τοῦ
3624 3068 3756 3121 Θεοῦ

490 3187 744 3227 scensum
780 3170 872 3226 Dei
903 3171 1062 3227 Verbi
1094 3174 1391 3243 intelligas,
1422 3174 1471 3228 si
1510 3172 1828 3228 consideres
1850 3176 2070 3242 depres-

2174 3167 2345 3235 Λόγου
2376 3168 2608 3237 νοήσεις,
2636 3166 2937 3235 ἐπιστήσας
2973 3167 3037 3235 τῇ
3063 3163 3361 3218 καταϐάσει
3401 3164 3494 3216 καὶ
3522 3165 3589 3234 τῇ
3623 3180 3760 3233 συμ-

488 3265 701 3319 sionem
733 3270 787 3317 et
811 3264 1321 3334 attemperationem
1346 3278 1455 3333 qua
1481 3279 1541 3319 se
1570 3264 1857 3317 hominum
1889 3265 2071 3334 parvi-

487 3356 589 3410 tati
625 3355 926 3425 adaptavit,
958 3370 1082 3409 cum
1127 3372 1146 3406 ‹
1189 3354 1499 3408 humiliavit
1546 3354 1905 3423 semetipsum
1961 3354 2073 3409 for-

488 3460 631 3499 mam
652 3446 794 3500 servi
821 3442 1124 3513 accipiens,
1144 3450 1198 3499 et
1222 3443 1413 3498 habitu
1436 3442 1690 3498 inventus
1708 3450 1770 3496 ut
1786 3442 1949 3497 homo
1969 3444 2034 3495 ’⁷.
2048 3463 2066 3495 ›

488 3534 670 3599 Quare
695 3534 918 3597 dicitur,
957 3551 975 3584 ‹
1015 3530 1344 3588 Descendet.
1384 3550 1402 3583 ι
1436 3530 1676 3587 Necesse
1707 3546 1837 3586 vero
1879 3530 1981 3585 fuit
2015 3539 2074 3585 ut

484 3627 737 3696 GXCmplO
763 3625 1051 3696 prophetia
1096 3631 1343 3679 uteretur
1374 3624 1588 3693 dicens,
1623 3644 1642 3677 ι
1699 3626 1856 3681 Sicut
1886 3628 2073 3697 pluvia

484 3717 543 3770 in
574 3719 768 3774 vellus.
807 3737 825 3769 ι
858 3717 1015 3784 Quod
1038 3718 1293 3772 similiter
1323 3718 1522 3788 reliqui
1547 3732 1740 3775 omnes
1756 3718 2067 3784 ediderunt,

485 3812 683 3882 Aquila
742 3813 978 3876 scilicet,
1037 3831 1055 3863 ι
1114 3812 1182 3866 Et
1228 3812 1527 3868 descendet
1569 3812 1717 3868 sicut
1774 3813 1960 3883 pluvia
2017 3814 2074 3867 in

487 3906 715 3975 pellem;
758 3923 776 3955 ι
820 3903 1207 3975 Symmachus,
1267 3923 1286 3955 ι
1352 3903 1662 3960 Descendet
1694 3904 1841 3959 sicut
1874 3920 1968 3960 ros
2017 3906 2073 3961 in

485 4000 695 4066 vellus;
756 4017 775 4049 ι
833 4000 1065 4068 parique
1106 3998 1272 4053 modo
1330 3999 1533 4068 reliqui
1582 3998 1934 4068 interpretes,
1974 3998 2076 4054 de-

487 4091 762 4144 clarantes
821 4088 1007 4153 Verbi,
1068 4091 1214 4160 quod
1274 4092 1330 4145 in
1391 4091 1716 4162 prephetia,
1770 4090 1948 4145 fertur
2005 4106 2073 4146 ex

489 4181 731 4249 sublimi,
764 4183 882 4237 sive
911 4197 977 4236 ex
1005 4184 1142 4252 ipsis
1171 4184 1351 4249 ccelis,
1384 4184 1711 4239 descensum
1741 4183 1793 4236 in
1820 4191 2019 4237 terram
2054 4202 2069 4239 :

488 4274 783 4343 ipsumque
836 4274 1022 4343 quiete
1075 4289 1139 4329 ac
1189 4278 1415 4337 sensim,
1469 4276 1786 4330 advertentc
1831 4276 2070 4341 nemine,

487 4365 844 4419 descendisse
883 4366 1319 4421 subindicantes.
1369 4364 1561 4420 Pluvia
1588 4367 1790 4437 quippe
1816 4368 1872 4421 in
1897 4367 2073 4426 vellus

486 4456 740 4511 insensili
769 4457 932 4511 modo
964 4457 1085 4512 sine
1115 4457 1347 4526 strepitu
1382 4456 1709 4510 demittitur.
1744 4456 1883 4522 Quia
1906 4457 2071 4527 igitur

2177 3260 2452 3332 περιφορᾷ
2484 3258 2602 3312 καθ’
2633 3260 2698 3330 ἡν
2726 3257 3211 3329 συμπεριενεχθεὶς
3239 3260 3304 3328 τῇ
3327 3256 3435 3308 τῶν
3456 3254 3761 3327 ἀνθρώπων

2180 3351 2540 3423 σμικρότητι,
2592 3369 2611 3401 ι
2654 3349 3015 3404 ἐταπείνωσεν
3060 3348 3250 3403 ἑαυτὸν
3307 3348 3519 3421 μορφὴν
3572 3347 3757 3401 δούλου

2175 3442 2374 3507 λαϐὼν,
2416 3444 2508 3495 καὶ
2543 3443 2779 3513 σχήματι
2818 3441 3061 3513 εὑρεθεὶς
3089 3440 3166 3505 ὡς
3213 3441 3518 3512 ἄνθρωπος.
3553 3459 3572 3492 ι
3618 3443 3697 3494 Δι’
3730 3440 3760 3492 δ

2175 3536 2463 3590 λέλεκται·
2525 3554 2543 3587 ι
2582 3535 2990 3605 Καταϐήσεται.
3035 3554 3053 3586 ι
3124 3534 3462 3603 Ἀναγκαίως
3527 3534 3585 3586 δὲ
3664 3535 3761 3587 xa‘t

2176 3628 2582 3700 παραδείγματι
2635 3627 2901 3698 κέχρηται
2961 3626 3265 3698 προφητεία
3315 3626 3563 3695 φήσασα,
3602 3643 3621 3676 ι
3672 3625 3761 3689 Ὡς

2176 3720 2328 3784 ὑετὸς
2388 3720 2481 3773 ἐπὶ
2555 3720 2742 3773 πόκον.
2799 3739 2816 3771 ›
2880 3721 2946 3772 Ὃ
2995 3719 3059 3790 δὴ
3111 3716 3416 3790 συμφώνως
3473 3721 3523 3773 οἱ
3583 3718 3765 3772 λοιποὶ

2176 3808 2372 3871 πάντες
2397 3810 2745 3880 ἡρμήνευσαν
2762 3825 2775 3837 ’
2816 3808 3045 3872 Ἀκύλας
3070 3808 3167 3880 μὲν
3190 3808 3379 3875 είπὼν,
3413 3830 3431 3861 ι
3456 3811 3566 3864 Καὶ
3589 3827 3761 3865 κατα-

2176 3902 2404 3973 ϐήσεται
2437 3901 2513 3963 ὡς
2538 3902 2692 3964 ὑετὸς
2729 3902 2822 3953 ἐπὶ
2853 3903 3085 3973 κουράν·
3124 3921 3142 3953 ι
3174 3902 3469 3973 Σύμμαχος
3490 3901 3568 3963 δὲ,
3602 3922 3621 3954 ι
3645 3904 3762 3956 Κα-

2173 3991 2468 4064 ταϐήσεται
2517 3993 2592 4056 ὡς
2635 3993 2825 4065 δρόσος
2895 3994 2989 4053 ἐπὶ
3031 3994 3232 4049 πόκον
3278 4015 3297 4047 ι
3344 3996 3439 4048 καὶ
3477 3997 3526 4048 ot
3584 3995 3761 4049 λοιποὶ

2178 4084 2512 4155 ὲρμηνευταὶ
2540 4087 2743 4156 ὁμοίως
2764 4103 2776 4115 ·
2812 4085 3186 4158 παριστῶντες
3214 4087 3308 4141 τοῦ
3353 4089 3525 4157 Λόγου
3571 4088 3667 4160 τὴν
3698 4087 3767 4153 ἐξ

2175 4174 2342 4244 ὕψους
2372 4177 2469 4247 τὴν
2518 4175 2577 4241 ἐξ
2624 4176 2805 4230 αὑτῶν
2850 4178 3095 4248 οὑρανῶν
3125 4179 3347 4233 κάθοδον
3380 4181 3472 4233 ἐπὶ
3518 4181 3631 4256 γῆς,
3663 4180 3754 4234 τοῦ

2176 4271 2683 4342 προφητευομένου·
2719 4272 2815 4325 καὶ
2865 4272 2941 4337 ὡς
2966 4274 3150 4344 ἡρέμα
3198 4275 3289 4326 καὶ
3321 4274 3497 4345 ἡσυχῆ
3532 4274 3757 4344 μηδενὸς

2174 4361 2496 4433 αἰσθομένου
2523 4363 2921 4435 καταϐέϐηκεν.
2948 4365 3133 4429 ’Υετὸς
3165 4366 3273 4437 γὰρ
3305 4367 3397 4420 ἐπὶ
3429 4367 3594 4421 πόκον
3627 4384 3733 4420 κατ

2179 4455 2306 4519 ιὼν,
2359 4456 2771 4528 ἀνεπαισθήτως
2828 4458 2922 4511 καὶ
2983 4457 3224 4528 ἀψοφητὶ
3283 4459 3545 4513 κάτεισιν.
3603 4460 3763 4513 Ἐπεὶ

488 4540 799 4597 Servatoris
845 4545 1023 4598 nostri
1060 4544 1340 4615 generatio
1375 4544 1678 4598 secundum
1714 4560 1938 4599 carnem
1975 4545 2070 4599 tali

2176 4551 2355 4605 τοίνυν
2405 4553 2437 4622 ἡ
2476 4550 2616 4604 κατά
2675 4552 2852 4623 σάρκα
2898 4552 3111 4621 γένεσις
3146 4553 3239 4606 τοῦ
3298 4555 3548 4625 Σωτῆρος
3599 4555 3755 4625 ἡμῶν

486 4635 899 4704 dispensatione
930 4635 1074 4689 facta
1108 4645 1214 4700 est,
1251 4646 1309 4690 ut
1335 4651 1404 4690 ne
1425 4652 1491 4690 ex
1509 4637 1709 4691 vicinis
1734 4637 1953 4705 quidem
1982 4638 2069 4692 ul-

484 4726 573 4781 lus
596 4728 974 4798 conceptionis
1007 4737 1063 4782 et
1111 4738 1301 4799 partus
1329 4738 1535 4783 sanctae
1573 4727 1818 4799 Virginis
1856 4739 2067 4799 myste-

484 4819 628 4873 rium
655 4820 738 4874 vel
762 4819 1025 4890 cogitaret
1043 4822 1125 4875 vel
1154 4821 1404 4885 audiret;
1440 4821 1588 4890 quod
1625 4821 1803 4888 ipsum
1831 4835 2069 4889 przesens

486 4924 668 4963 sermo
692 4910 1061 4965 subindicavit
1083 4910 1309 4966 dicens:
1342 4930 1360 4961 ‹
1392 4910 1699 4967 Descendet
1722 4911 1864 4965 sicut
1889 4912 2072 4982 pluvia

485 5002 543 5056 in
569 5002 777 5070 vellus;
816 5023 833 5054 ι
870 5012 922 5057 et
956 5004 1120 5069 alias,
1148 5004 1281 5074 quia
1313 5004 1489 5059 vellus
1519 5007 1704 5059 ovium
1753 5009 1912 5077 pellis
1961 5018 2069 5077 est,

485 5093 530 5147 si
577 5095 787 5164 cogites
839 5094 1187 5151 Servatorem
1237 5097 1416 5167 ipsum
1462 5098 1537 5150 ita
1575 5098 1852 5165 docuisse,
1892 5119 1910 5152 ι
1948 5100 2069 5157 Νοη

482 5185 605 5240 veni
640 5187 746 5242 nisi
779 5188 846 5241 ad
883 5204 1015 5244 oves
1047 5204 1171 5259 quae
1200 5191 1483 5261 perierunt
1512 5191 1710 5247 domus
1748 5194 1916 5250 Israel
1949 5196 1995 5228 ³⁸
2016 5215 2063 5263 ς»

482 5291 727 5345 praesens
781 5277 990 5333 dictum
1042 5280 1361 5349 hujusmodi
1420 5283 1540 5336 voci
1591 5285 1898 5354 coaptabis.
1954 5285 2072 5341 Non

482 5369 629 5424 enim
660 5369 728 5425 ad
760 5370 923 5425 aliam
954 5379 1172 5443 gentem
1198 5372 1505 5439 descendit,
1543 5376 1640 5431 sed
1673 5376 1743 5431 ad
1774 5378 1948 5433 solam
1983 5376 2072 5433 Ju-

484 5462 736 5527 daicam,
806 5479 973 5532 penes
1029 5482 1194 5538 quam
1254 5477 1629 5525 commoratus
1673 5479 1780 5526 est.
1848 5470 2069 5528 Primus

484 5568 615 5624 ergo
636 5556 757 5622 ejus
786 5555 1087 5615 descensus
1125 5561 1252 5615 talis
1277 5561 1399 5625 fuit,
1430 5563 1610 5632 qualis
1637 5564 1838 5634 pluviae
1868 5564 1923 5618 in
1950 5565 2065 5619 vel-

486 5644 573 5701 ius
626 5646 926 5703 secundum
971 5650 1085 5720 jam
1122 5652 1378 5707 traditam
1439 5653 1729 5711 rationem.
1787 5654 1918 5713 Post
1949 5658 2063 5713 haec

556 5743 601 5773 ³⁷
639 5740 841 5811 Philip.
868 5761 929 5809 ll,
954 5746 1008 5800 8.
1091 5747 1136 5779 "
1174 5746 1366 5805 Matth.
1400 5766 1489 5816 xv,
1525 5751 1616 5804 ‘24.

564 5839 640 5909 (ις
676 5836 839 5894 Forte
868 5843 997 5915 τοῖς.

2173 4644 2428 4715 τοιαύτην
2458 4644 2719 4717 ἀνείληφε
2747 4646 2845 4717 τὴν
2871 4648 3203 4717 οἰκονομίαν,
3226 4648 3301 4711 ὡς
3335 4647 3540 4718 μηδένα
3569 4650 3758 4719 νοῆσαι

2179 4737 2311 4809 μηδὲ
2344 4738 2693 4808 ἀκουσθῆναι,
2720 4738 2853 4810 μηδὲ
2876 4739 3000 4802 τοὺς
3018 4739 3094 4810 (1)
3114 4741 3177 4793 ἐκ
3209 4739 3466 4808 γειτόνων
3481 4738 3761 4793 οἰκοῦσιτὸ

2181 4830 2475 4901 μυστήριον
2511 4830 2611 4901 τῆς
2648 4831 2960 4902 συλλήψεως
2987 4834 3080 4885 καὶ
3107 4831 3199 4885 τοῦ
3227 4831 3447 4886 τοκετοῦ
3476 4832 3575 4902 τῆς
3603 4831 3761 4901 ἁγίας

2178 4920 2478 4994 Παρθένου.
2528 4922 2686 4977 Τοῦτ’
2737 4924 2901 4987 αὐτὸς
2957 4925 2986 4975 ὁ
3052 4922 3244 4995 παρὼν
3296 4923 3517 4995 ᾐνίξατο
3567 4925 3761 4992 λόγος,

2178 5012 2383 5068 εἰπών’
2424 5034 2443 5066 ι
2473 5015 2859 5086 Καταϐἡσεται
2897 5014 2975 5078 ὡς
3022 5015 3175 5079 ὑετὸς
3228 5016 3321 5069 ἐπὶ
3354 5017 3555 5069 πόκον·
3607 5036 3623 5067 ι
3664 5016 3760 5070 καὶ

2177 5103 2373 5171 ἄλλως,
2401 5106 2591 5175 ἐπειδὴ
2624 5108 2793 5171 πόκος
2825 5106 3112 5176 προϐάτων
3155 5108 3318 5181 δορὰ,
3368 5110 3569 5181 νοήσας
3610 5110 3761 5173 ὅπως

2176 5196 2340 5260 αὑτὸς
2370 5198 2619 5252 ἐδίδασκε
2663 5199 2835 5269 λέγων
2872 5202 2901 5252 ό
2931 5201 3154 5273 Σωτήρ·
3191 5221 3209 5253 ι
3246 5203 3360 5256 Οὑκ
3404 5198 3569 5273 ἦλθον
3601 5203 3649 5255 εί
3682 5200 3759 5272 μὴ

2180 5290 2260 5352 εἰς
2312 5291 2381 5345 τὰ
2434 5291 2684 5362 πρόϐατα
2732 5291 2802 5345 τὰ
2850 5293 3168 5347 ἀπολωλότα
3225 5293 3376 5347 οἴκου
3439 5294 3693 5365 Ἰσραήλ·
3733 5313 3752 5343 ι

2178 5382 2511 5453 ὲφαρμόσεις
2542 5384 2604 5437 τὸ
2636 5385 2808 5455 παρὸν
2835 5384 3013 5453 λόγιον
3049 5390 3116 5457 τῇ
3147 5386 3315 5441 αὑτοῦ
3336 5389 3507 5457 φωνῇ.
3539 5386 3615 5439 Οὑ
3646 5385 3758 5457 γὰρ

2176 5475 2286 5535 ἐπὶ,
2318 5476 2504 5547 ἕτερον
2548 5474 2701 5541 ἔθνος
2746 5478 3152 5550 καταϐέϐηκεν,
3195 5480 3309 5533 ἀλλ’
3360 5480 3452 5534 ἐπὶ
3488 5480 3647 5550 μόνον
3694 5479 3759 5535 τὸ

2188 5566 2473 5631 Ἰουδαίων,
2501 5569 2631 5639 παρ’
2663 5563 2746 5633 οἷς
2777 5571 2869 5623 καὶ
2896 5571 2995 5636 τὰς
3025 5571 3307 5644 διατριϐὰς
3337 5568 3649 5643 ἐποιήσατο.
3688 5572 3755 5624 Ἡ

2177 5658 2273 5728 μὲν
2310 5654 2402 5712 οὖν
2444 5658 2635 5732 πρώτη
2684 5664 2983 5730 κατάϐασις
3030 5666 3195 5721 αὑτοῦ
3223 5666 3442 5736 γέγονεν
3483 5666 3557 5731 ὡς
3601 5665 3756 5730 ὑετὸς
