4128 6392
392 396 489 451 801

1518 392 2020 449 (ΖΟΜΜΕΝΤᾹΒῘᾹ
2063 392 2127 447 IN
2164 392 2506 451 PSALMOS.

3536 401 3645 457 802

390 512 485 568 ἐπὶ
541 510 709 566 πόκον
742 511 879 565 κατά
928 512 1053 574 τοὺς
1100 509 1463 574 ἀποδοθέντας
1523 510 1791 579 τρόπους·
1839 509 1966 580 μετᾶ

2080 517 2281 573 autem,
2306 492 2415 563 non
2451 510 2593 563 ultra
2623 508 2767 565 sicut
2818 509 2871 563 in
2922 509 3115 577 vellus,
3155 511 3248 566 sed
3294 527 3491 583 magno
3519 531 3644 572 cum

389 602 559 655 ταῦτα
592 600 648 655 δὲ
699 601 880 654 οὐκέτι
934 600 1009 664 ὡς
1061 602 1153 654 ἐπὶ
1203 601 1404 664 πόκον,
1465 599 1600 653 ἀλλά
1661 600 1759 652 σὺν
1804 599 1971 671 πολλῇ

391 690 603 764 κινήσει
621 710 635 722 ο
670 692 764 746 καὶ
788 691 991 755 κτύπος
1018 690 1342 756 ἐξάκουστος
1362 691 1553 760 γέγονε
1581 691 1701 743 καθ’
1726 690 1852 762 ὅλης
1876 691 1974 762 τῆς

390 782 715 854 οἰκουμένης
735 784 769 854 ἡ
795 783 1111 837 διδασκαλία
1133 782 1319 837 αὑτοῦ.
1344 783 1420 835 Δι’
1444 783 1471 835 ὂ
1492 782 1798 849 ὲπιλέγεται
1823 780 1968 851 ἑξῆς,

398 892 416 923 ι
446 872 537 925 καὶ
568 871 699 925 ὡσεὶ
745 872 1004 940 σταγόνες
1034 872 1324 935 στάζουσαι
1372 872 1465 925 ἐπὶ
1506 872 1607 942 τὴν
1638 871 1760 941 γῆν.
1783 890 1802 922 ι
1836 873 1973 923 Στα-

391 963 546 1031 γόνες
569 963 677 1034 γὰρ
708 963 741 1033 ἢ
786 962 1018 1031 ψεκάδες
1051 962 1191 1016 κατὰ
1225 963 1351 1026 τοὺς
1382 963 1603 1025 λοιποὺς
1633 962 1971 1033 ἐρμηνευτάς

394 1055 682 1117 στάζουσαι
717 1056 810 1107 ἐπὶ
856 1056 955 1124 τὴν
989 1055 1090 1123 γῆν
1145 1054 1322 1107 οὐκέτ’
1358 1053 1624 1124 ἀψοφητὶ,
1664 1055 1759 1105 σὺν
1794 1052 1971 1123 πολλῷ

390 1148 448 1200 δὲ
484 1148 639 1218 ψόφῳ
668 1146 908 1200 κατίασι.
946 1146 1056 1198 Καὶ
1088 1146 1243 1199 τοῦτο
1267 1146 1323 1199 δὲ
1353 1146 1502 1207 τέλος
1529 1144 1841 1214 ἐτύγχανεν,
1884 1145 1969 1196 ὅτε

390 1242 471 1303 εἰς
494 1242 673 1293 πᾶσαν
696 1239 793 1309 τὴν
819 1239 923 1309 γῆν
954 1237 1176 1310 ἐξῆλθεν
1205 1241 1233 1291 ὁ
1256 1238 1487 1306 φθόγγος
1526 1236 1634 1290 τῶν
1661 1237 1970 1291 ἀποστόλων

388 1331 573 1394 αὐτοῦ,
600 1332 693 1385 καὶ
716 1333 796 1394 εἰς
825 1331 893 1383 τὰ
926 1330 1136 1400 πέρατα
1161 1330 1260 1399 τῆς
1298 1329 1621 1400 οἰκουμένης
1650 1330 1717 1383 τὰ
1753 1331 1971 1403 ῥήματα

389 1425 588 1478 αὐτῶν.

459 1537 679 1601 Τούτοις
707 1537 831 1608 ἑξῆς
852 1537 1084 1609 εἴρηται·
1142 1557 1159 1590 ι
1206 1539 1475 1593 Ἀνατελεῖ
1498 1541 1554 1592 ὲν
1582 1541 1701 1602 ταῖς
1734 1536 1969 1608 ἡμέραις

388 1629 551 1683 αὐτού
579 1630 890 1698 δικαιοσύνη
922 1630 1015 1683 καὶ¹
1043 1631 1245 1701 πλῆθος
1272 1632 1494 1702 εἰρήνης
1514 1649 1526 1661 ο
1568 1650 1586 1683 ›
1623 1630 1767 1684 κατά
1787 1630 1844 1682 δὲ
1875 1630 1967 1685 τὸν

401 1720 652 1788 Ἀκύλαν,
681 1740 699 1773 ι
725 1722 1025 1793 Βλαστὴσει
1067 1725 1124 1775 ὲν
1157 1723 1389 1794 ἡμέραις
1422 1723 1589 1777 αὑτοῦ
1634 1724 1839 1786 δίκαιος
1875 1724 1979 1775 καί

390 1811 592 1883 πλῆθος
620 1813 840 1883 εἰρήνης
863 1828 874 1840 ·
909 1830 927 1861 ›
968 1810 1106 1864 κατά
1138 1811 1194 1863 δὲ
1222 1811 1317 1863 τὸν
1361 1809 1673 1881 Σύμμαχον,
1713 1829 1732 1861 ‹
1780 1808 1967 1878 ’Δνθή-

390 1873 585 1954 σείὲν
619 1873 740 1963 ταῖς
778 1873 1013 1971 ἡμέραις
1070 1898 1233 1952 αὐτοῦ
1278 1873 1503 1960 δίκαιοςξ
1620 1896 1853 1967 Ἡμέραι
1912 1873 1968 1948 δὲ
2001 1873 2042 1928 Β

385 1992 481 2045 τοῦ
525 1992 773 2063 Σωτῆρος
827 1990 984 2062 ἡμῶν
1035 1992 1091 2042 αἰ
1143 1989 1249 2042 ἀπὸ
1298 1989 1399 2058 τῆς
1446 1988 1749 2058 παρουσίας
1802 1985 1967 2039 αὐτοῦ

390 2084 550 2156 μέχρι
570 2084 669 2154 τῆς
696 2082 1004 2146 συντελείας
1034 2080 1126 2136 τοῦ
1146 2081 1341 2145 αἰῶνος
1356 2080 1731 2152 νοηθήσονται.
1757 2080 1968 2150 Ὥσπερ

386 2174 494 2245 γὰρ
527 2173 794 2243 ἀκούομεν
831 2173 913 2235 τὸ,
953 2192 971 2223 ι
1026 2173 1112 2225 Ἐν
1146 2174 1264 2234 ταῖς
1311 2172 1547 2243 ἡμέραις
1578 2171 1761 2235 Δαυῖδ,
1797 2190 1815 2221 ›
1850 2172 1963 2237 καὶ,

391 2284 409 2315 ι
462 2265 547 2317 Ἐν
589 2264 821 2335 ἡμέραις
867 2263 1166 2335 Ἱεροϐοάμ,
1225 2282 1243 2315 ι
1290 2262 1463 2326 οὕτως
1517 2260 1624 2316 εἶεν
1668 2263 1731 2316 ἂν
1765 2263 1966 2334 ἡμέραι

382 2355 477 2409 τοῦ
519 2357 768 2426 Σωτῆρος
801 2355 975 2427 ἡμῶν.
1024 2355 1163 2407 Ἀλλ’
1206 2356 1404 2407 ἐκεῖνοι
1440 2355 1559 2425 μὲν,
1594 2355 1731 2425 πρὸς
1785 2354 1965 2422 ὀλίγον

385 2448 661 2518 φανέντες,
693 2448 884 2501 θᾶττον
919 2447 1363 2518 άπεσϐέσθησανο
1401 2447 1468 2499 δι’
1502 2447 1530 2500 ὃ
1561 2448 1652 2500 καὶ
1682 2448 1737 2500 αί
1766 2447 1967 2518 ἡμέραι

383 2538 562 2592 αὐτῶν
606 2537 849 2603 ἐξέλιπον
873 2554 886 2566 ·
924 2538 980 2589 αἱ
1020 2537 1078 2589 δὲ
1121 2537 1327 2607 ἡμέραι
1373 2537 1466 2589 τοῦ
1520 2537 1772 2607 Σωτῆρος
1812 2536 1966 2607 ἡμῶν

382 2630 574 2683 ὁπόσαι
619 2628 965 2698 τυγχάνουσι,
995 2628 1205 2697 φθάσας
1234 2630 1263 2679 ό
1294 2628 1451 2695 λόγος
1473 2628 1743 2698 ἐδήλωσεν
1773 2626 1961 2680 εἰπών’

389 2740 408 2772 ι
446 2722 867 2793 Συμπαραμενεῖ
891 2720 968 2791 τῷ
989 2719 1122 2791 ἡλίῳ
1149 2720 1243 2773 καὶ
1276 2718 1582 2790 ἔμπροσθεν
1607 2719 1706 2790 τῆς
1738 2718 1967 2790 σελήνης

383 2815 575 2882 γενεὰς
604 2815 835 2882 γενεῶν·
880 2834 898 2867 ι
937 2809 1016 2878 οἷς
1049 2813 1355 2876 ἀκολούθως
1390 2813 1484 2866 καὶ
1513 2811 1677 2875 αὐτὸς
1702 2816 1815 2876 τοῖς
1844 2813 1967 2865 ἐαυ-

383 2904 476 2957 τοῦ
527 2904 791 2975 μαθηταῖς
819 2903 1184 2974 ἐπηγγέλλετο
1226 2903 1431 2971 λέγων·
1468 2920 1488 2953 ι
1534 2902 1664 2955 Ἰδοὺ
1703 2900 1811 2971 ἐγὼ
1844 2902 1959 2972 μεθ’

384 2996 537 3068 ὑμῶν
572 2999 687 3068 εἰμι
720 2996 848 3070 ἄχρι
885 2996 984 3066 τῆς
1024 2994 1327 3056 συντελείας
1367 2992 1460 3046 τοῦ
1490 2994 1714 3056 αἰῶνοςο
1757 3011 1776 3044 ι
1811 2991 1965 3047 Οὕτω

382 3091 490 3161 γὰρ
509 3092 706 3162 ἡμελλε
738 3088 1182 3163 συμπαραμένειν
1211 3086 1286 3158 τῷ
1316 3086 1470 3157 ἡλίῳ.
1514 3086 1722 3139 Οὐκοῦν
1757 3087 1816 3139 ὲν
1845 3089 1963 3151 ταῖς

2078 607 2251 664 ωοῑυ,
2288 601 2504 656 sonitus
2540 601 2653 656 sive
2677 601 2928 655 doctrina
2953 603 3075 671 ejus
3117 618 3216 672 per
3245 610 3420 657 totum
3459 606 3647 661 orbem

2078 692 2143 745 ad
2173 693 2416 747 omnium
2453 708 2615 749 aures
2655 694 2917 763 pervasit.
2952 693 3131 760 Quare
3162 695 3382 749 additur
3428 696 3645 762 deinde,

2084 802 2102 836 ι
2137 792 2190 840 et
2219 785 2359 840 sicut
2386 784 2666 839 stillicidia
2717 784 2976 839 stillantia
3005 801 3169 856 super
3197 794 3420 841 terram.
3461 807 3479 838 ι
3517 787 3649 842 Stil-

2078 875 2258 929 licidia
2298 890 2552 944 namque,
2588 874 2700 929 sive
2733 892 2751 924 ι
2792 882 2958 943 gutta:
3000 876 3144 930 roris
3182 896 3199 927 ι
3234 877 3530 931 secundum
3566 895 3652 932 re-

2076 967 2255 1036 liquos
2318 968 2666 1036 interpretes,
2728 968 2999 1022 stillantes
3052 983 3218 1036 super
3278 976 3500 1031 terram,
3538 984 3648 1023 non

2077 1074 2303 1129 prorsus
2334 1060 2451 1114 sine
2490 1059 2747 1129 strepitu,
2785 1059 2880 1113 sed
2932 1075 3130 1129 magno
3178 1076 3302 1115 cum
3341 1061 3520 1114 sonitu
3552 1061 3652 1114 de—

2076 1151 2364 1205 scendunt.
2407 1148 2465 1203 Id
2519 1165 2649 1204 vero
2704 1158 2817 1202 tum
2855 1150 3015 1204 ﬁnem
3054 1150 3287 1219 accepit,
3337 1152 3557 1220 quando
3593 1150 3648 1205 in

2075 1258 2291 1297 omnem
2326 1249 2526 1295 terram
2552 1241 2721 1295 exivit
2773 1257 2945 1297 sonus
3007 1242 3381 1311 apostolorum
3420 1242 3561 1312 ejus,
3595 1250 3650 1298 et

2076 1333 2132 1387 in
2166 1334 2299 1389 ﬁnes
2331 1335 2481 1389 orbis
2514 1344 2671 1389 terrae
2702 1334 2868 1389 verba
2898 1348 3109 1389 eorum.
3310 1392 3324 1421 |

2147 1533 2260 1589 Sub
2287 1535 2401 1589 haec
2437 1535 2637 1590 dicitur
2667 1554 2680 1589 :
2724 1553 2741 1586 ι
2773 1532 2995 1589 Orietur
3022 1534 3076 1588 in
3106 1532 3297 1589 diebus
3326 1534 3447 1603 ejus
3484 1535 3648 1606 justi-

2073 1626 2147 1680 tia
2182 1634 2235 1681 et
2266 1626 2601 1681 abundantia
2634 1627 2855 1697 pacisp
2898 1628 3197 1682 secundum
3216 1627 3467 1697 Aquilam
3496 1643 3645 1691 vero,

2079 1740 2098 1770 ς
2130 1718 2469 1774 Germinabit
2499 1720 2555 1772 in
2584 1719 2780 1774 diebus
2827 1719 2947 1787 ejus
2990 1720 3196 1788 justus,
3230 1726 3285 1774 et
3316 1720 3649 1773 abundantia

2071 1806 2257 1874 pacis;
2292 1824 2311 1856 ι
2360 1806 2663 1860 secundum
2714 1804 3101 1876 Symmachum
3144 1822 3299 1871 vero,
3356 1824 3375 1856 ι
3409 1806 3649 1862 Florebit

2072 1897 2126 1949 in
2156 1896 2349 1952 diebus
2378 1896 2499 1966 ejus
2524 1897 2729 1967 justus.
2765 1917 2783 1949 ι
2839 1897 2964 1951 Dies
2992 1906 3172 1952 autem
3205 1897 3512 1952 Servatoris
3544 1915 3645 1953 no-—

2071 1988 2169 2044 stri
2222 1990 2290 2045 ab
2338 1990 2575 2045 adventu
2630 1991 2750 2059 ejus
2796 2006 2970 2061 usque
3012 1991 3079 2045 ad
3121 1991 3665 2046 consummationem‘

2070 2081 2249 2136 saeculi
2282 2081 2621 2151 intelligendi
2646 2088 2795 2135 sunt.
2819 2080 2935 2145 Qua
2957 2082 3172 2136 ratione
3200 2082 3344 2136 enim
3367 2083 3642 2147 audimus,

2075 2191 2094 2222 ‹
2121 2171 2178 2226 In
2227 2172 2421 2229 diebus
2479 2172 2678 2239 David;
2716 2174 2776 2226 In
2808 2172 3002 2228 diebus
3043 2169 3367 2241 Jeroboam;
3399 2193 3418 2226 ι
3455 2174 3644 2229 eodem

2068 2279 2297 2334 prorsus
2368 2263 2531 2318 modo
2576 2265 2696 2319 dies
2746 2264 3053 2320 Servatoris
3111 2266 3285 2320 nostri
3341 2266 3647 2335 excipiendi

2070 2362 2215 2409 sunt.
2272 2353 2376 2410 Sed
2412 2356 2490 2409 illi
2521 2356 2740 2426 quidem
2767 2371 2890 2409 cum
2923 2356 2990 2410 ad
3021 2357 3187 2411 breve
3218 2365 3433 2425 tempus
3456 2372 3649 2427 super-

2068 2446 2226 2500 stites
2250 2439 2505 2511 fuissent,
2539 2446 2689 2501 brevi
2733 2448 2990 2503 exstincti
3027 2455 3178 2514 sunt,
3227 2463 3398 2518 quare
3430 2448 3547 2505 dies
3579 2450 3645 2503 il-

2066 2537 2245 2591 lorum
2274 2536 2613 2594 defecerunt.
2652 2538 2777 2595 Dies
2806 2555 2937 2595 vero
2969 2539 3275 2597 Servatoris
3304 2542 3479 2597 nostri
3510 2552 3645 2612 quot

2067 2630 2199 2695 sint,
2236 2645 2401 2700 supra
2428 2631 2765 2686 declaratum
2802 2632 2887 2687 his
2908 2631 3091 2687 verbis
3124 2639 3207 2686 est
3239 2651 3251 2685 :
3291 2650 3309 2682 ι
3350 2631 3643 2688 Permane-

2064 2720 2146 2775 bit
2179 2737 2303 2776 cum
2337 2723 2452 2778 sole
2487 2731 2542 2778 et
2582 2732 2707 2778 ante
2748 2724 2957 2789 lunam,
2989 2724 3047 2778 in
3078 2723 3457 2794 generationes
3481 2739 3645 2793 gene-

2064 2814 2358 2868 rationum.
2397 2834 2416 2867 ›
2484 2814 2899 2887 Consequenter
2928 2817 2993 2871 ad
3020 2817 3135 2871 haec
3163 2817 3329 2872 verba
3358 2818 3644 2888 discipulis

2067 2905 2182 2961 suis
2226 2906 2341 2961 haec
2368 2908 2643 2976 pollicitus
2684 2917 2806 2964 est:
2844 2927 2862 2960 ι
2899 2908 3041 2964 Ecce
3066 2924 3167 2980 ego
3202 2910 3485 2966 vobiscum
3521 2927 3643 2965 sum

2066 3012 2243 3067 usque
2288 2998 2357 3052 ad
2408 3000 2934 3053 consummationem
2987 2999 3173 3055 saeculi
3200 3000 3283 3066 '9;
3318 3017 3337 3051 ν
3392 3000 3466 3053 ita
3495 3000 3643 3054 enim

2066 3105 2190 3144 cum
2220 3090 2335 3145 sole
2360 3106 2754 3161 permansurus
2783 3099 2920 3146 erat.
2950 3089 3137 3162 Itaque
3156 3092 3212 3145 in
3232 3091 3423 3147 diebus
3445 3092 3640 3162 ipsius,

384 3182 615 3253 ἡμέραις
648 3181 833 3247 αὑτοῦ,
875 3182 996 3235 καθ’
1026 3181 1091 3245 ἃς
1119 3180 1544 3253 συμπαραμενετ
1574 3179 1651 3251 τῷ
1678 3179 1834 3251 ἡλίῳ,
1869 3180 1964 3233 καὶ

2068 3184 2221 3253 queis
2268 3198 2390 3237 cum
2443 3183 2558 3238 sole
2609 3175 2983 3252 permanebit,
3037 3190 3093 3238 et
3145 3183 3308 3236 simili
3356 3197 3464 3253 quo
3512 3183 3642 3237 luna

381 3274 580 3343 ὁμοίως
605 3274 801 3345 σελήνῃ
822 3272 921 3337 τὰς
948 3273 1055 3326 τῶν
1087 3275 1144 3326 έν
1168 3273 1344 3343 σκότῳ
1368 3274 1595 3341 φωτίσει
1622 3271 1820 3342 ψυχὰς,
1847 3272 1968 3325 ἁνα-

382 3364 584 3435 λάμψει
617 3366 709 3418 ἐπὶ
747 3364 925 3436 πάσης
958 3365 1058 3435 τῆς
1099 3365 1200 3435 γῆς
1248 3364 1651 3437 δικαιοσύνηοὴ
1695 3362 1852 3419 κατὰ.
1872 3362 1965 3416 τὸν

395 3457 644 3522 Ἀκύλαν,
686 3475 706 3509 ι
738 3458 970 3521 δίκαιοςο
1016 3476 1035 3509 ›
1068 3456 1252 3509 ούκέτι
1283 3456 1435 3529 παρά
1474 3456 1747 3521 Ἰουδαίοις
1783 3458 1966 3528 μόνοις

382 3548 500 3612 ἑνός
540 3566 641 3602 που
687 3551 781 3603 καὶ
808 3549 1061 3622 δευτέρου
1106 3548 1505 3619 ὀνομαζομένου
1558 3548 1791 3610 δικαίου,
1842 3547 1963 3601 καθ’

380 3640 509 3710 ὅλης
532 3639 588 3693 δὲ
608 3640 708 3711 τῆς
738 3641 1062 3711 οἰκουμένης
1097 3640 1303 3711 μυρίων
1329 3642 1387 3693 ἐν
1412 3639 1631 3710 Χριστῷ
1655 3638 1965 3709 δικαιουμέ-

382 3750 507 3786 νων.
550 3734 622 3786 Τὸ
646 3734 702 3788 δὲ
731 3734 935 3804 πλῆθος
961 3734 1069 3787 τῶν
1101 3734 1324 3786 δικαίων
1350 3734 1459 3787 τῶν
1493 3734 1550 3785 ὲν
1579 3735 1699 3796 ταῖς
1729 3732 1965 3804 ἡμέραις

380 3826 473 3878 τοῦ
498 3827 752 3897 Σωτῆρος
792 3826 1095 3881 ἀνθούντων
1130 3828 1224 3881 καὶ
1253 3827 1429 3898 φωτὸς
1466 3826 1622 3897 δίκην
1648 3823 1962 3878 ἀνατελλόν-

380 3934 488 3971 των
511 3918 712 3988 ὁμοίως
731 3917 809 3988 τῷ
835 3919 1041 3973 ἑαυτῶν
1064 3921 1308 3991 φωστῆρι
1336 3920 1549 3990 νοήσεις
1576 3917 1684 3971 ἀπὸ
1708 3916 1807 3971 τοῦ
1838 3917 1966 3988 πλή-

383 4008 509 4074 θους
536 4010 645 4064 τῶν
692 4010 1002 4082 ἅπανταχοῦ
1041 4012 1144 4083 γῆς
1186 4010 1479 4084 μαρτύρων
1522 4008 1685 4063 αὐτοῦ
1717 4008 1813 4062 καὶ
1857 4008 1964 4061 τῶν

383 4100 525 4154 κατὰ
549 4100 647 4172 τὴν
683 4101 1009 4172 Ἐκκλησίαν
1036 4102 1200 4156 αὐτοῦ
1229 4102 1323 4155 τὸν
1362 4100 1650 4170 ἀγγελικὸν
1678 4101 1736 4152 ὲν
1763 4116 1963 4153 παντε-

382 4189 467 4243 λεῖ
493 4190 682 4262 ἁγνείᾳ
719 4190 1127 4262 κατορθούντων
1164 4190 1297 4261 βίον.
1327 4192 1392 4245 Et
1430 4190 1488 4243 δὲ
1531 4188 1626 4242 καὶ
1654 4186 1960 4258 δικαιοσύνη

381 4282 442 4335 ὲν
472 4284 593 4347 ταῖς
616 4281 850 4355 ἡμέραις
875 4282 1039 4336 αὑτοῦ
1072 4281 1331 4353 ἀνθήσειν
1371 4280 1640 4343 λέλεκται,
1674 4280 1768 4332 καὶ
1808 4278 1965 4331 τοῦτο

381 4374 531 4436 ὅπως
556 4373 624 4428 δι’
658 4372 834 4445 ἔργων
879 4372 1180 4444 πληροῦται
1216 4372 1332 4425 ἔστι
1380 4370 1721 4443 καταμαθεῖν
1759 4371 1824 4423 ὲκ
1868 4368 1962 4421 τοῦ

386 4465 462 4539 μὴ
493 4466 778 4529 Ἰουδαίους
819 4465 1031 4536 μόνους,
1065 4463 1203 4518 ἀλλά
1247 4464 1343 4517 καὶ
1372 4464 1481 4516 πᾶν
1508 4462 1658 4525 ἔθνος
1683 4458 1962 4513 καλεῖσθαι

383 4558 478 4613 tul.
503 4560 601 4631 τὴν
634 4556 813 4612 ἔνθεον
846 4558 1049 4623 πίστιν,
1083 4557 1303 4620 δούλους
1330 4572 1391 4608 τε
1418 4555 1477 4622 ἐξ
1507 4554 1621 4609 ῐσου
1654 4556 1767 4616 τοῖς
1809 4553 1960 4606 ἕλευ-

2066 3273 2264 3336 modo,
2317 3273 2530 3327 animas
2560 3271 2614 3325 in
2644 3272 2884 3327 tenebris
2921 3272 3130 3341 positas
3161 3272 3521 3336 illuminabit,
3552 3272 3645 3340 ju-

2064 3365 2212 3419 stitia
2282 3364 2483 3419 lucebit
2536 3364 2592 3418 in
2640 3364 2897 3417 universa
2946 3371 3121 3431 terra;
3172 3364 3288 3419 sive
3337 3364 3639 3418 secundum

2062 3456 2338 3530 Aquilam,
2379 3474 2398 3507 ι
2425 3456 2628 3525 justus.
2663 3474 2682 3507 ι
2722 3453 2831 3509 Nec
2864 3456 3007 3508 ultra
3057 3455 3200 3525 apud
3242 3454 3462 3509 Judaaos
3517 3463 3641 3507 tan-

2065 3560 2177 3603 tum
2219 3562 2364 3603 unus
2402 3553 2507 3602 aut
2554 3546 2693 3599 alter
2722 3545 2907 3613 justus
2958 3543 3364 3610 nominabitur;
3401 3543 3495 3599 sed
3544 3560 3642 3615 per

2061 3648 2235 3695 totum
2310 3639 2495 3693 orbem
2547 3634 2745 3692 inﬁniti
2797 3635 2852 3690 In
2892 3632 3113 3691 Christo
3172 3633 3640 3705 justiﬁcabuntur.

2064 3730 2464 3785 Multitudinem
2514 3735 2693 3783 autem
2738 3726 3035 3797 justorum,
3072 3725 3165 3796 qui
3212 3726 3266 3778 in
3294 3724 3643 3789 dieblgerer-

2061 3821 2269 3876 vatoris
2287 3822 2458 3875 nostri
2482 3818 2800 3880 ﬂoruerunt,
2825 3824 2879 3871 et
2905 3816 2996 3885 qui
3030 3815 3252 3871 luminis
3283 3815 3473 3879 instar,
3503 3830 3634 3882 pcr-

2064 3913 2191 3967 inde
2232 3918 2397 3980 atque
2442 3911 2684 3978 ipsorum
2719 3907 3004 3972 luminare,
3042 3904 3215 3960 exorti
3248 3912 3396 3967 sunt,
3431 3904 3633 3957 intelli-

2064 4018 2157 4075 ges
2188 4019 2253 4058 ex
2281 4000 2631 4056 multitudine
2683 4006 2981 4069 martyrum
3028 3997 3148 4067 ejus
3192 4012 3289 4067 per
3327 3996 3637 4051 universam

2064 4102 2288 4158 terram,
2337 4105 2635 4160 eorumque
2681 4090 2773 4160 qui
2806 4090 2860 4142 in
2893 4087 3135 4143 Ecclesia
3172 4090 3291 4154 ejus
3338 4087 3639 4159 angelicam

2063 4185 2229 4238 vitam
2247 4198 2371 4237 cum
2394 4182 2543 4237 omni
2571 4182 2825 4236 castitate
2852 4179 3144 4235 duxerunt.
3180 4178 3334 4245 Quod
3360 4179 3405 4232 si
3434 4179 3638 4232 dictum

2064 4284 2167 4338 est,
2205 4276 2450 4329 futurum
2494 4287 2616 4328 esse
2649 4281 2708 4325 ut
2733 4270 2946 4341 justitia
2996 4270 3050 4324 in
3096 4269 3444 4343 diebusejus
3478 4269 3641 4324 cillo-

2063 4373 2240 4422 rescat
2260 4384 2274 4433 ;
2293 4374 2347 4421 et
2374 4370 2478 4421 hoc
2503 4378 2613 4434 quo
2645 4371 2806 4433 pacto
2832 4362 3046 4419 eveniat
3078 4362 3207 4416 hinc
3236 4363 3471 4425 edisces,
3493 4361 3640 4431 quod

2063 4471 2174 4511 non
2208 4464 2417 4510 tantum
2451 4454 2647 4519 Judaei,
2676 4454 2769 4509 sed
2801 4454 2965 4508 etiam
3005 4468 3196 4509 omnes
3228 4460 3418 4523 gentes
3451 4451 3516 4510 ad
3547 4450 3639 4504 di-

2065 4548 2248 4603 vinam
2291 4546 2449 4600 ﬁdem
2476 4550 2683 4599 vocatae
2706 4545 2837 4607 sint,
2878 4558 2942 4597 ac
2986 4543 3125 4598 servi
3154 4543 3359 4612 pariter
3385 4548 3440 4597 et
3478 4540 3639 4595 liberi

385 4620 568 4722 θέροις
584 4651 872 4717 θεοσεϐεῖν,
900 4652 995 4705 καὶ
1024 4620 1261 4722 πένητας
1296 4620 1496 4721 ὁμοίως
1525 4651 1638 4711 τοῖς
1665 4645 1958 4709 πλουσίοις,

2068 4643 2234 4696 Deum
2267 4638 2471 4699 colant,
2502 4649 2769 4705 pauperes
2802 4634 3026 4704 perinde
3051 4641 3213 4703 atque
3245 4633 3464 4695 divites,
3486 4628 3641 4701 pri-a-

383 4739 650 4811 ἄρχοντάς
675 4758 736 4794 τε
777 4741 874 4795 σὺν
896 4741 1222 4813 ἀρχομένοις
1253 4741 1349 4793 σὺν
1387 4738 1552 4809 πολλῇ
1579 4735 1714 4791 Θεοῦ
1760 4735 1962 4788 δικαιο-

387 4833 540 4905 σύνη.
568 4834 758 4897 Ὅπως
788 4834 846 4887 δὲ
872 4834 1075 4904 πλῆθος
1120 4834 1341 4906 εἰρήνης
1368 4830 1732 4885 ἀνατέταλκεν
1760 4830 1818 4881 ἐν
1843 4830 1962 4891 ταῖς

382 4925 735 4996 δηλωθείσαις
782 4925 877 4979 τοῦ
932 4926 1179 4997 Σωτῆρος
1231 4924 1388 4996 ἡμῶν
1448 4922 1717 4994 ἡμέραις,
1773 4921 1962 4989 νοῆσαι

385 5016 531 5070 ἔστιν
563 5019 933 5087 ἐπιστήσαντα
953 5021 1018 5088 τῇ
1052 5017 1387 5070 καταστάσει
1406 5014 1515 5067 ¹τῶν
1545 5010 1650 5085 πρὸ
1667 5013 1767 5083 τῆς
1791 5010 1957 5066 αὐτοῦ

386 5110 688 5177 παρουσίας
714 5111 1074 5180 πραγμάτων.
1109 5109 1247 5164 Καθ’
1274 5110 1341 5180 ἢν
1377 5108 1438 5160 τὸ
1468 5105 1692 5176 σύμπαν
1726 5103 1839 5157 τῶν
1875 5104 1964 5156 ἀν·

388 5201 617 5272 θρώπων
675 5201 831 5270 γένος
878 5200 1098 5273 διῄρητο
1141 5198 1607 5269 ἀποτετμημένων
1659 5195 1847 5265 ὥσπερ
1902 5193 1961 5259 ἐξ

387 5293 505 5356 ἐνὸς
552 5292 800 5364 σώματος
844 5294 923 5354 είς
959 5291 1125 5362 μυρία
1168 5287 1540 5359 διεσπαρμένα
1582 5284 1741 5356 μέλη,
1788 5282 1963 5337 ἄλλων

387 5383 560 5445 ἄλλως
597 5382 766 5436 ἐθνῶν
816 5382 980 5435 πάλαι
1030 5379 1290 5451 πρότερον
1335 5374 1749 5448 ἀφωρισμένων,
1804 5371 1963 5425 πολε-

391 5474 632 5545 μούντων
663 5490 721 5526 τε
754 5473 999 5545 ἀλλήλοις
1026 5474 1121 5526 καὶ
1143 5467 1578 5540 πολεμουμένων·
1610 5465 1703 5519 καὶ
1726 5462 1834 5516 τῶν
1861 5462 1959 5532 μὲν

386 5566 846 5638 τυραννουμένων,
882 5564 990 5617 τῶν
1022 5562 1077 5615 δὲ
1105 5558 1646 5633 δημοκρατουμένων,
1672 5554 1872 5625 ἑτέρων
1902 5553 1961 5607 δὲ

387 5658 880 5730 ὀλιγαρχουμένων·
917 5654 1205 5726 τοπάρχων
1227 5655 1346 5707 κατ’
1372 5651 1521 5714 ἔθνος
1564 5648 1659 5703 καὶ
1684 5645 1961 5717 τυράννων

460 5817 503 5847 ²⁹
533 5813 718 5879 Matth.
766 5830 955 5877 xxviii,
985 5813 1074 5867 ρο.

2066 4736 2217 4803 cipcs
2247 4744 2371 4784 cum
2395 4728 2654 4791 subditis,
2683 4741 2809 4779 cum
2834 4726 3003 4779 multa
3039 4723 3132 4779 Dei
3172 4723 3383 4793 justitia
3410 4721 3533 4793 [pie
3556 4723 3641 4777 vi»-

2068 4822 2252 4894 vant].
2306 4820 2425 4886 Quo
2453 4826 2615 4888 pacto
2648 4826 2829 4871 autem
2874 4814 3208 4870 abundantia
3239 4814 3389 4883 pacis
3429 4812 3486 4865 in
3530 4827 3641 4867 me-

2068 4913 2295 4970 moratis
2325 4908 2625 4964 Salvatoris
2655 4906 2830 4962 nostri
2854 4906 3045 4961 diebus
3072 4911 3191 4958 orta
3220 4905 3315 4968 sit,
3342 4904 3511 4974 probe
3537 4904 3638 4957 in-

2063 5005 2327 5074 telligitur
2367 5016 2433 5056 ex
2483 5014 2669 5054 rerum
2719 5004 2847 5052 ante
2895 4998 3132 5067 primum
3184 4996 3303 5065 ejus
3344 4995 3639 5049 adventum

2061 5093 2396 5154 conditione,
2451 5088 2571 5155 Quo
2621 5097 2863 5158 tempore
2908 5096 3081 5143 totum
3132 5087 3430 5140 humanum
3462 5100 3641 5156 genus

2065 5203 2165 5243 ceu
2196 5201 2262 5239 ex
2296 5196 2408 5237 uno
2448 5194 2682 5250 corpore
2727 5179 2783 5233 in
2819 5177 3028 5233 inﬁnita
3050 5177 3290 5232 membra
3340 5176 3470 5229 hinc
3508 5174 3640 5229 inde

2065 5279 2310 5348 dispersa
2337 5274 2573 5329 divisum
2601 5279 2740 5326 erat.
2805 5268 2939 5323 Nam
2966 5276 3157 5339 gentes
3188 5269 3308 5323 alia:
3333 5268 3441 5321 alio
3473 5266 3641 5320 modo

2066 5384 2097 5423 a
2119 5366 2317 5439 priscis
2340 5364 2454 5433 jam
2484 5360 2819 5432 temporibus
2838 5358 3027 5413 divisa:
3048 5357 3293 5421 fuerant;
3326 5356 3635 5424 bellumque

2065 5462 2209 5515 inter
2235 5471 2294 5512 se
2322 5454 2617 5526 gerebant,
2667 5451 2736 5505 ab
2781 5450 3012 5519 aliisque
3042 5448 3501 5518 impugnabantur
3536 5461 3548 5497 :
3582 5451 3641 5496 et

2068 5550 2160 5603 alii
2183 5547 2402 5618 quidem
2431 5543 2678 5616 tyrannis
2704 5540 2909 5596 subditi
2938 5547 3115 5603 erant,
3162 5537 3253 5593 alii
3277 5534 3638 5597 democratia,

2066 5642 2158 5699 alii
2194 5654 2493 5712 paucorum
2543 5636 2825 5694 dominatu
2857 5632 3230 5705 regebantur,
3281 5627 3555 5702 toparcbte
3578 5634 3641 5682 ct
