4128 6392
458 392 569 449 8θῦ

1134 374 1405 435 EUSEBII
1440 366 1926 431 CAESARIENSIS
1960 366 2112 421 OPP.
2155 360 2344 419 PARS
2380 358 2471 414 Ill.
2509 387 2578 400 —
2604 354 3015 411 EXEGETICA.

3624 348 3731 403 804

459 506 680 577 tyranni
722 503 857 558 varii
896 500 1191 571 imperium
1226 496 1582 561 obtinebam;
1615 500 1675 547 ut
1706 490 1902 546 vicinis
1931 504 2042 542 non

2169 482 2508 558 ιρατούντων·
2535 479 2612 542 ὡς
2636 478 2844 549 ἄμικτα
2877 471 3016 529 εἶναι
3040 473 3133 527 καὶ
3163 471 3339 526 άὸατα
3370 473 3482 534 τοῖς
3513 469 3735 540 πλησιον

459 596 693 652 facultas
720 599 865 649 esset
886 593 952 646 ad
981 590 1240 645 ﬁnitimas
1260 588 1512 657 regiones
1535 581 1899 644 commeandi,
1916 578 2044 650 quia

2169 576 2346 648 [ὠροις
2390 572 2460 625 τὰ
2511 571 2611 641 τῆς
2660 569 2767 623 τῶν
2806 567 3062 637 γειτόνων
3090 564 3304 636 χώραςο
3356 562 3626 633 πολέμους
3672 576 3736 616 τι

460 690 611 744 nulla
640 694 785 743 esset
816 686 1076 747 societas,
1104 683 1355 750 bellaque
1387 676 1740 748 inexpiabilia
1773 682 1826 729 et
1853 672 2039 742 impla-

460 784 665 837 cabiles
713 780 1017 834 inimicitiae
1060 777 1272 847 jamdiu
1306 789 1480 844 usque
1505 771 1570 825 ad
1600 767 1910 824 Servatoris
1948 779 2047 818 no-

460 874 562 929 stri
614 884 828 943 tempus
882 871 1264 942 perdurarent.
1324 865 1401 919 Ex
1446 880 1555 934 quo
1602 871 1780 915 autem
1817 855 2047 913 sublatis

458 966 687 1035 regulis,
721 962 1040 1018 monarchia
1074 959 1329 1030 gentibus
1358 956 1545 1010 multis
1578 949 1888 1021 imperavit,
1924 961 2050 1001 vere

462 1058 565 1112 fuit
595 1055 929 1111 abundantia
970 1052 1143 1123 pacis,
1163 1056 1216 1104 et
1240 1046 1632 1103 commercium
1666 1041 2049 1095 universarum

463 1149 740 1220 gentium;
796 1146 871 1199 ita
922 1152 984 1199 ut
1032 1157 1196 1213 Opere
1247 1135 1634 1207 comprobetur
1669 1133 1770 1186 hoc
1803 1130 2051 1185 testimo-

466 1241 621 1295 nium
650 1238 754 1293 soli
784 1235 1061 1291 Servatori
1116 1242 1309 1287 nostro
1331 1228 1640 1284 convenire.
1694 1222 1846 1276 lianc
1870 1227 2052 1273 autem

467 1326 856 1385 abundantiam
876 1324 1023 1394 pacis
1049 1333 1465 1392 permansuram
1497 1316 1573 1369 ait
1599 1312 1803 1366 «donec
1835 1308 2052 1363 aufera-

467 1430 558 1477 tur
575 1417 880 1483 luna,isive
893 1413 1193 1470 secundum
1218 1410 1491 1479 Aquilam,
1512 1416 1829 1475 (usquequo
1858 1401 1985 1454 luna
2002 1417 2049 1465 ,ι

468 1515 577 1577 vel,
632 1508 934 1565 secundum
984 1502 1395 1574 Symmachum,
1455 1518 1473 1547 ι
1519 1496 1693 1550 donec
1740 1493 2057 1561 antiquetur

471 1605 623 1658 luna.
660 1620 678 1652 ι
716 1596 1073 1665 Quandonam
1108 1590 1482 1660 antiquabitur
1508 1586 1674 1640 luna?
1707 1586 1766 1637 ln
1802 1594 2058 1636 consum-

471 1696 715 1751 matione
762 1689 965 1750 saeculi,
1012 1701 1119 1757 qua
1173 1685 1287 1738 haec
1338 1680 1623 1754 prophetia
1671 1675 1986 1745 implebitur
2040 1687 2054 1722 :

479 1806 499 1839 ι
533 1784 625 1839 Sol
662 1792 715 1838 ct
745 1783 872 1836 luna
898 1776 1348 1834 obscurabuntur
1377 1772 1485 1838 ⁸⁰;›
1526 1786 1589 1823 ac
1622 1782 1863 1829 rursum,
1898 1784 1915 1814 ι
1940 1762 2058 1818 Νοη

2148 670 2445 730 ἀσπόνδους
2471 666 2563 718 καὶ
2590 662 2789 735 ἔχθρας
2812 658 3252 719 ἀκαταλλάκτους
3279 658 3341 709 ἐκ
3373 654 3580 726 μακροῦ
3604 653 3738 708 αἰῶ-

2149 782 2237 827 νος
2268 762 2427 832 μέχρι
2460 758 2553 811 τοῦ
2589 756 2844 826 Σωτῆρος
2886 752 3041 823 ἡμῶν
3083 748 3421 804 συνεστάναι.
3464 747 3554 811 Ἐξ
3590 746 3736 800 ἐκεί-

2151 868 2243 904 νου
2270 850 2325 902 δέ
2355 848 2538 918 πάσης
2567 842 2900 913 πολυαρχίας
2930 838 3170 893 ἐκποδὼν
3211 838 3491 909 ἀρθείσης,
3531 853 3734 909 μοναρ-

2152 940 2243 1012 χία
2270 938 2377 992 τῶν
2401 938 2665 990 πλείστων
2695 932 2862 986 ἐθνῶν
2889 930 3291 1001 ἐπικεκράτηκε
3313 944 3325 957 ·
3358 926 3549 995 γέγονέ
3577 942 3636 978 τε
3661 925 3737 988 ὡς

2152 1033 2367 1105 άληθῶς
2420 1030 2623 1101 πλῆθος
2674 1027 2916 1097 εἰρήνης,
2965 1021 3249 1075 κοινωνίαν
3304 1020 3399 1074 καὶ
3455 1017 3736 1089 ἐπιμιξίαν

2154 1126 2510 1199 κτησαμένων
2540 1120 2794 1177 ἁπάντων
2809 1118 2914 1173 τῶν
2944 1117 3141 1181 ἐθνῶν·
3162 1116 3238 1178 ὡς
3267 1114 3413 1187 ἔργῳ
3442 1116 3737 1184 μαρτυρεῖ-

2156 1220 2279 1273 σθαι
2303 1220 2401 1290 τὴν
2434 1220 2491 1270 ἐν
2521 1215 2677 1288 χερσὶ
2722 1211 3025 1284 μαρτυρίαν
3060 1208 3203 1279 μόνῳ
3232 1206 3308 1277 τῷ
3344 1206 3559 1277 Σωτῆρι
3581 1204 3737 1275 ἡμῶν

2155 1310 2621 1381 ἐφαρμόττουσαν.
2650 1304 2820 1356 Τοῦτο
2857 1302 2915 1355 δέ
2945 1301 3005 1353 τὸ
3039 1298 3240 1371 πλῆθος
3269 1299 3366 1368 τῆς
3393 1298 3611 1368 εἰρήνης
3636 1314 3739 1349 πα-

2162 1402 2413 1475 ραμένειν
2460 1398 2623 1469 φησὶν
2662 1415 2679 1446 ι
2720 1394 2826 1458 ἕως
2868 1386 2930 1447 οῦ
2973 1389 3335 1461 ἀνταναιρεθῇ
3369 1391 3403 1461 ἡ
3454 1388 3671 1460 σελήνη·
3712 1407 3732 1439 ι

2158 1493 2191 1563 ἢ
2228 1490 2369 1545 κατὰ
2398 1489 2487 1542 τὸν
2523 1485 2772 1547 Ἀκύλαν,
2814 1503 2831 1534 ι
2868 1482 2973 1546 ἓως
3012 1476 3071 1535 οῦ
3115 1482 3147 1550 ἡ
3200 1478 3425 1551 σελήνη·
3472 1478 3552 1550 »ἢ
3599 1476 3739 1531 κατά

2157 1582 2245 1634 τὸν
2276 1579 2587 1649 Σύμμαχον,
2614 1595 2630 1625 ι
2656 1574 2759 1637 ἕως
2785 1571 3137 1635 παλαιὼσεως
3160 1570 3257 1641 τῆς
3282 1569 3529 1641 σελήνης.
3564 1588 3579 1617 ι
3603 1569 3740 1621 Πότε

2158 1674 2218 1727 δὲ
2269 1670 2597 1727 παλαιοῦται
2648 1667 2881 1738 σελήνη;
2935 1665 3093 1719 Κατὰ
3144 1664 3241 1735 τὴν
3294 1662 3602 1715 συντέλειαν
3642 1660 3737 1714 τοῦ

2160 1766 2373 1831 αἰῶνος,
2404 1764 2523 1819 καθ’
2557 1764 2623 1834 ἣν
2676 1760 3092 1832 πληρωθήσεται
3129 1758 3161 1829 ή
3194 1756 3474 1826 φάσκουσα
3525 1772 3739 1827 προφη-

475 1873 581 1927 crit
612 1870 712 1925 tibi
745 1868 826 1923 scl
854 1867 909 1920 in
933 1866 1108 1919 lucem
1138 1863 1267 1925 diei,
1288 1877 1461 1930 neque
1492 1860 1620 1912 luna
1653 1854 1983 1909 illuminabit
2006 1860 2060 1906 te

2169 1861 2311 1914 τεία’
2352 1877 2370 1908 ι
2413 1858 2471 1910 '0
2508 1855 2657 1926 ἥλιος
2700 1854 2794 1907 καὶ
2820 1853 2853 1922 ή
2883 1852 3078 1922 σελήνη
3128 1850 3554 1903 συσκοτάσουσιο
3594 1868 3613 1900 ι
3648 1848 3742 1901 καὶ

476 1975 640 2018 noctu
665 1962 731 2016 ³¹.
765 1980 783 2012 ι
822 1958 1011 2028 Itaque
1035 1952 1494 2026 quemadmodum
1527 1948 1783 2018 superius
1814 1959 1937 1999 eum
1966 1943 2058 2013 qui

477 2054 535 2108 in
564 2051 820 2106 vaticinio
853 2048 1047 2112 fertur,
1075 2062 1198 2099 cum
1232 2044 1347 2098 sole
1377 2053 1794 2112 permansurum
1823 2034 2063 2089 declara-

478 2146 607 2209 bat;
652 2144 732 2197 sic
768 2141 880 2209 jam
929 2135 1320 2192 abundantiam
1355 2131 1507 2202 pacis
1538 2130 1607 2183 ab
1647 2144 1712 2183 eo
1745 2124 2061 2180 hominibus

479 2231 858 2305 procurandae,
894 2242 1069 2298 usque
1098 2224 1167 2278 ad
1189 2220 1717 2279 consummationem
1741 2216 2061 2271 duraturam

481 2340 603 2380 esse
627 2322 956 2378 vaticinatur
983 2337 997 2373 :
1031 2316 1176 2387 quod
1219 2316 1428 2369 scilicet
1462 2312 1645 2382 quiete
1676 2324 1739 2362 ac
1770 2308 1889 2361 sine
1921 2314 2064 2359 stre-

480 2421 597 2489 pitu
631 2418 685 2471 in
718 2414 1001 2471 Judaicam
1052 2418 1265 2481 gentem
1307 2414 1536 2461 ventura
1564 2403 1672 2465 sit,
1704 2409 1759 2455 et
1785 2400 1931 2470 quod
1968 2399 2067 2452 im-

484 2510 697 2580 pletura
733 2506 805 2561 sit
839 2514 1015 2559 totum
1065 2502 1254 2557 orbem
1303 2500 1478 2553 instar
1512 2492 1915 2551 stillicidiorum
1950 2490 2064 2545 stil-

484 2600 714 2655 lantium
764 2611 928 2666 super
967 2602 1193 2650 terram.
1251 2589 1407 2657 Quod
1446 2590 1574 2642 item
1625 2585 1869 2639 futurum
1900 2582 1971 2637 sit
2005 2589 2065 2636 ut

481 2693 696 2764 justitia
726 2690 937 2743 oriatur
963 2688 1017 2741 in
1042 2685 1234 2740 diebus
1255 2684 1376 2750 ejus
1403 2689 1566 2750 atque
1599 2675 1938 2733 abundantia
1968 2689 2063 2745 pa-

487 2785 595 2849 cis,
622 2782 736 2851 jam
766 2778 1021 2849 superius
1050 2779 1541 2830 commonstratum
1570 2776 1678 2825 est.

563 2982 677 3038 Sub
701 2982 816 3036 haec
838 2979 1017 3045 docet,
1038 2992 1147 3032 non
1177 2975 1413 3047 quodam
1438 2973 1637 3044 angulo
1653 2980 1812 3027 terrae
1828 2972 2065 3027 circum-

492 3074 845 3134 scribendum
894 3070 1230 3126 dominatum
1275 3069 1395 3137 ejus
1435 3082 1589 3131 esse;
1624 3070 1718 3120 sed
1763 3064 2066 3119 dominatu-

2164 1952 2322 2006 πάλιν
2343 1968 2355 1979 ·
2387 1968 2404 2000 ι
2436 1946 2552 2002 Οὐκ
2581 1946 2730 1999 ἔσται
2758 1962 2838 1997 σοι
2868 1946 2896 1997 ὁ
2922 1944 3070 2014 ἥλιος
3086 1944 3165 2007 εἰς
3183 1942 3296 2011 φῶς
3324 1942 3551 2014 ἡμέρας.
3573 1942 3742 2013 οὐδὲή

2164 2040 2361 2110 σελήνη
2378 2040 2568 2107 φωτιεῖ
2578 2054 2657 2089 σοι
2683 2035 2780 2106 τὴν
2796 2034 2984 2087 νύκτα.
3009 2053 3026 2085 ι
3049 2032 3255 2087 Ούκοῦν
3280 2032 3466 2104 ὥσπερ
3486 2033 3744 2104 ἀνωτέρω

2164 2129 2609 2202 συμπαραμένειν
2636 2128 2711 2199 τῷ
2744 2124 2877 2199 ήλίῳ
2901 2125 2989 2178 τὸν
3032 2125 3505 2196 προφητευόμενον
3533 2124 3741 2195 ἐδήλου,

2163 2225 2333 2288 οὕτως
2356 2224 2449 2277 καὶ
2477 2220 2709 2275 ἐνταῦθα
2738 2220 2797 2273 τὸ
2825 2219 3026 2289 πλῆθος
3058 2218 3155 2288 τῆς
3178 2218 3267 2270 ὑπ’
3290 2216 3454 2271 αὑτοῦ
3482 2216 3746 2289 προξενη-

2165 2318 2467 2389 θησομένης
2498 2314 2805 2383 ἀνθρώποις
2836 2314 3057 2384 εἰρήνης
3094 2312 3255 2382 μέχρι
3301 2311 3397 2381 τῆς
3434 2310 3746 2373 συντελείας

2163 2408 2465 2479 διαρκέσειν
2513 2404 2777 2468 θεσπίζει.
2828 2404 3015 2467 Ὅπως
3066 2404 3161 2474 μὲν
3226 2398 3319 2455 οὖν
3376 2400 3745 2473 καταϐήσεται

2165 2498 2346 2569 ἡρέμα
2378 2498 2474 2551 καὶ
2508 2495 2745 2565 ἀψοφητὶ
2797 2495 2889 2546 ἐπὶ
2920 2494 2979 2546 τὸ
3018 2492 3285 2547 Ἰουδαίων
3324 2492 3495 2556 ἔθνος,
3546 2492 3641 2545 καὶ
3670 2490 3749 2555 ὡς

2165 2589 2443 2662 πληρώσει
2474 2590 2573 2658 τὴν
2608 2587 2899 2658 σύμπασαν
2930 2585 3252 2656 οἰκουμένην
3282 2584 3437 2656 δίκην
3470 2584 3745 2652 σταγόνων

2168 2679 2476 2745 σταζουσῶν
2508 2679 2599 2732 ἐπὶ
2621 2677 2721 2747 τῆς
2763 2677 2884 2747 γῆς,
2920 2677 3014 2729 καὶ
3042 2675 3118 2740 ὡς
3151 2676 3463 2745 δικαιοσύνη
3498 2675 3747 2729 άνατελεῖ

2165 2772 2221 2824 ἐν
2247 2774 2366 2834 ταῖς
2397 2770 2631 2841 ήμέραις
2652 2768 2817 2822 αὑτοῦ
2848 2767 2939 2821 καὶ
2966 2765 3167 2838 πλῆθος
3190 2767 3429 2837 εἰρήνης,
3451 2765 3746 2838 δεδήλωται

2164 2861 2252 2915 διὰ
2284 2860 2389 2914 τῶν
2413 2860 2734 2932 εἰρημένων.

2248 2975 2407 3047 Ἑξῆς
2431 2975 2487 3028 δέ
2523 2974 2782 3039 διδάσκει,
2816 2972 2898 3025 ὅτι
2934 2972 3008 3044 μὴ
3047 2973 3104 3026 ἐν
3137 2972 3308 3043 γωνίᾳ
3341 2972 3445 3042 γῆς
3484 2988 3748 3043 περιγρα-

2166 3068 2398 3139 φήσεται
2432 3065 2597 3118 αὑτοῦ
2624 3067 2656 3136 ή
2689 3063 2997 3117 δεσποτείαο
3043 3063 3320 3134 κυριεύσει
3358 3064 3414 3116 δὲ
3440 3063 3548 3116 τῶν
3581 3063 3749 3116 ἐθνῶν

492 3183 614 3223 rum
648 3167 825 3236 ipsum
855 3178 977 3218 esse
1000 3161 1253 3215 omnibus
1276 3157 1547 3229 gentibus.
1594 3154 1958 3221 Quamobrem
1983 3154 2066 3209 di-

2173 3160 2446 3213 άπάντων.
2488 3158 2564 3209 Δι’
2591 3157 2619 3210 ὃ
2664 3157 2943 3210 λέλεκταιο
2980 3174 2998 3207 ι
3036 3156 3147 3210 Καὶ
3177 3157 3597 3228 κατακυριεύσει
3642 3156 3750 3209 ἀπὸ

491 3266 638 3312 ctum
666 3262 749 3309 est
779 3272 793 3309 :
832 3249 928 3305 «Et
952 3250 1322 3305 dominabitur
1356 3263 1386 3301 a
1414 3247 1548 3300 mari
1577 3261 1749 3315 usque
1782 3246 1846 3298 ad
1866 3261 2064 3300 mare.»

2178 3251 2451 3321 θαλάσσης
2478 3251 2581 3313 ἕως
2612 3248 2901 3317 θαλάσσης.
2944 3267 2963 3300 ι
3000 3248 3063 3300 Εἰ
3108 3249 3215 3320 γάρ
3248 3248 3364 3302 ἐστί
3391 3266 3511 3301 τινα
3539 3248 3749 3319 πέρατα

491 3346 629 3402 Nam
666 3345 712 3399 si
744 3342 963 3398 termini
994 3340 1213 3410 quidam
1246 3346 1407 3392 terra:
1441 3346 1590 3401 sunt,
1620 3337 1711 3407 qui
1745 3336 1917 3406 ipsam
1971 3341 2074 3391 cir-

494 3450 839 3507 cumquaque
889 3432 1159 3496 ambiant,
1184 3430 1436 3485 videlicet
1479 3429 1650 3482 maria
1688 3426 2069 3497 Oceanusque,

494 3531 591 3601 qui
635 3529 705 3582 ab
744 3524 1061 3581 hominibus
1105 3521 1549 3593 pmternavigari
1597 3523 1813 3591 nequit;
1850 3536 1981 3576 sane
2017 3521 2074 3575 id

496 3620 643 3691 quod
672 3618 741 3672 ab
769 3616 1025 3672 omnibus
1055 3614 1295 3683 undique
1322 3613 1567 3667 maribus
1596 3614 1927 3674 continetur,
1966 3610 2073 3665 Do-

495 3713 669 3777 mino,
698 3709 789 3779 qui
824 3707 1243 3779 prmnuntiatur,
1275 3704 1644 3759 conﬁtebitur.
1700 3703 1967 3769 Quocirca
1996 3703 2075 3757 di-

497 3807 641 3858 citur
672 3821 684 3856 :
728 3821 745 3852 ι
780 3790 851 3853 Et
880 3798 1254 3853 dominabitur
1286 3811 1316 3850 a
1357 3796 1494 3851 mari
1524 3812 1699 3866 usque
1744 3796 1810 3851 ad
1840 3812 2012 3851 mare.
2049 3816 2067 3848 ι

500 3893 717 3947 Dictum
752 3898 933 3944 autem
966 3888 1246 3958 impletum
1278 3887 1519 3951 noveris,
1552 3886 1599 3942 si
1642 3887 1947 3957 perpendas
1978 3885 2073 3941 Dei

498 3980 773 4037 Ecclesias
807 3978 1006 4048 ubique
1039 3986 1308 4031 terrarum
1329 3974 1605 4030 Christum
1627 3976 1767 4043 eius,
1784 3974 2074 4029 Dominum

501 4074 817 4145 praedicare.
850 4071 954 4125 Sed
986 4071 1149 4125 etiam
1190 4084 1221 4122 a
1255 4068 1478 4123 ﬂumine
1507 4084 1681 4138 usque
1712 4069 1780 4123 ad
1812 4071 2073 4124 terminos

498 4166 653 4220 orbis
701 4172 971 4218 terrarum
1020 4161 1424 4216 dominaturum
1459 4176 1583 4214 eum
1615 4162 1927 4215 necessario
1957 4176 2076 4230 pro-

501 4255 743 4310 nuntiat.
794 4253 905 4307 Nos
947 4254 1147 4323 quippe
1190 4251 1434 4307 ediscere
1478 4267 1617 4322 opus
1649 4260 1765 4307 erat
1805 4254 2073 4307 undenam

501 4347 767 4402 doctrina:
813 4345 1028 4399 initium
1079 4345 1344 4398 ducturus
1389 4343 1461 4399 sit
1510 4362 1525 4397 :
1578 4344 1845 4413 signiﬁcat
1896 4354 2075 4399 autem

504 4436 831 4507 principium
861 4436 965 4505 ipsi
1002 4434 1243 4487 futurum
1272 4448 1395 4487 esse
1436 4448 1465 4486 a
1495 4433 1734 4488 ﬂumine.
1786 4434 1940 4500 Quod
1969 4434 2074 4488 ﬂu-

503 4543 630 4582 men
678 4525 879 4579 indlcat
925 4522 1273 4592 Evangelium
1319 4521 1508 4578 dicens
1564 4540 1577 4575 :
1620 4542 1639 4574 ι
1670 4520 1825 4577 Tunc
1867 4523 2077 4579 accedit

502 4620 664 4676 Jesus
690 4634 721 4672 a
749 4616 969 4671 Galilaaa
998 4617 1052 4668 in
1075 4613 1368 4670 Jordanem
1395 4615 1462 4668 ad
1492 4612 1781 4680 Joannem,
1814 4623 1874 4667 ut
1902 4614 2082 4684 bapti-

505 4717 723 4765 zaretur
753 4708 823 4762 ab
849 4722 934 4762 eo.
995 4703 1088 4759 llle
1122 4712 1301 4759 autem
1330 4706 1652 4775 prohibebat
1681 4720 1805 4759 eum
1838 4705 2025 4760 dicens
2062 4726 2075 4760 :

504 4802 617 4874 Ego
647 4817 676 4853 a
708 4812 758 4855 te
786 4800 955 4853 debeo
988 4797 1272 4867 baptizari,
1306 4806 1359 4851 et
1403 4804 1461 4850 tu
1510 4797 1663 4852 venis
1705 4797 1773 4851 ad
1815 4812 1920 4851 me.
1986 4796 2080 4852 llle

506 4902 688 4947 autem
737 4888 1076 4959 respondens
1113 4886 1250 4940 dixit
1277 4886 1327 4941 ei
1377 4906 1390 4940 :
1428 4887 1559 4942 Sine
1599 4887 1795 4951 modo,
1826 4888 1905 4941 sic
1935 4889 2078 4942 enim

505 4984 664 5039 decet
711 4998 813 5037 nos
862 4981 1089 5050 implere
1136 4993 1353 5034 omnem
1382 4978 1656 5048 justitiam
1696 4979 1763 5033 ⁸⁸.
1794 4998 1813 5031 ι
1851 4979 2081 5045 Quando

506 5085 795 5148 postquam
828 5072 1139 5142 baptizatus
1192 5069 1408 5133 fuisset,
1464 5089 1481 5121 ι
1520 5070 1707 5139 Aperti
1760 5076 1889 5125 sunt
1932 5070 2078 5135 coeli,

504 5172 559 5219 et
582 5164 717 5215 vidit
733 5159 994 5231 Spiritum
1027 5157 1119 5213 Dei
1147 5158 1565 5214 descendentem
1592 5159 1734 5214 sicut
1769 5160 2077 5213 columbam

506 5263 563 5309 et
595 5253 899 5308 venientem
940 5266 1105 5321 super
1132 5251 1333 5320 ipsum.
1388 5249 1453 5303 Et
1482 5266 1585 5305 vox
1612 5252 1681 5307 de
1702 5252 1858 5306 cmlis
1891 5249 2076 5304 audita

506 5354 592 5401 est
626 5345 859 5399 dicens:
902 5342 1002 5398 Hic
1030 5352 1114 5398 est
1157 5342 1330 5399 Filius
1376 5358 1531 5398 meus
1568 5342 1820 5408 dilectus,
1867 5344 1920 5397 in
1968 5357 2077 5411 quo

510 5437 645 5491 mihi
694 5436 1000 5505 complacui
1030 5436 1095 5490 ³³.
1136 5454 1155 5487 ι
1215 5435 1289 5490 Ex
1321 5436 1414 5491 illo
1441 5452 1675 5508 namque
1720 5443 1963 5506 tempore
1987 5436 2080 5490 do-

512 5529 752 5582 minatus
784 5527 903 5595 ejus
928 5526 1149 5598 agnosci
1177 5528 1366 5598 caepit.
1400 5526 1534 5583 Miro
1561 5542 1777 5598 quoque
1792 5526 1953 5582 modo
1983 5527 2079 5580 bu-

505 5622 602 5690 jus
664 5620 903 5677 ﬂuminis
971 5621 1303 5676 mentionem
1375 5621 1542 5677 Isaias
1592 5620 1853 5692 propheta
1902 5618 2074 5685 facit,

623 5775 802 5830 "Joel
837 5775 1032 5848 mlo.“
1072 5777 1110 5808 ⁸¹
1141 5774 1244 5830 Isa.
1280 5792 1367 5842 ις,
1405 5776 1489 5830 l9.
1570 5776 1613 5807 "
1647 5774 1833 5831 Matth.
1872 5792 1955 5843 ill,
1998 5776 2066 5830 l5-

2169 5812 2174 5826 .
2257 5774 2297 5805 3“
2326 5776 2394 5828 ibi
2419 5774 2452 5826 ἰ.
2489 5775 2569 5833 Hi,
2602 5776 2683 5827 i7.

2176 3343 2299 3413 γῆς,
2340 3341 2375 3395 ἃ
2402 3342 2465 3412 δὴ
2495 3338 2773 3410 πανταχοῦ
2800 3338 3076 3402 κυκλοῦσι,
3106 3338 3367 3393 θάλασσαι
3412 3340 3660 3402 Ὠκεανός
3690 3357 3751 3392 τε

2177 3435 2481 3504 ἀπέραντος
2509 3431 2813 3503 ἀνθρώποις
2831 3448 2844 3461 ·
2868 3430 3026 3484 τοῦτο
3054 3431 3268 3485 πάντων
3288 3430 3418 3483 εῐσω
3442 3430 3550 3483 τῶν
3578 3431 3750 3483 ἀπαν-

2175 3526 2340 3597 ταχοῦ
2368 3525 2649 3579 θαλασσῶν
2678 3525 2880 3596 Κύριον
2930 3523 3252 3594 ὁμολογήσει
3294 3522 3387 3576 τὸν
3428 3523 3751 3593 θεσπιζόμεο-

2177 3636 2287 3671 νον.
2311 3617 2388 3669 Δι’
2418 3617 2445 3669 ὃ
2471 3615 2750 3670 λέλεκται·
2787 3634 2806 3666 ‹
2834 3614 2943 3667 Καὶ
2973 3615 3392 3684 κατακυριεύσει
3422 3615 3529 3667 ἀπὸ
3556 3615 3753 3669 θαλάσ-

2178 3726 2278 3780 σης
2312 3708 2416 3771 ἕως
2449 3708 2739 3778 θαλάσσης.
2776 3725 2795 3759 ι
2826 3706 3010 3777 Γνῴης
3039 3706 3084 3759 δ’
3117 3705 3182 3759 ἂν
3212 3706 3305 3759 τοῦ
3339 3706 3498 3773 λόγου
3532 3707 3591 3759 τὸ
3618 3708 3753 3759 ἀπο-

2176 3802 2413 3872 τέλεσμα
2463 3798 2688 3854 συνιδὼν
2733 3800 2879 3862 ὅπως
2923 3798 3231 3869 ἁπανταχοῦ
3259 3798 3363 3867 γῆς
3396 3801 3450 3852 αἱ
3494 3799 3585 3852 τοῦ
3616 3799 3752 3853 Θεοῦ

2191 3892 2503 3964 Ἐκκλησίαι
2518 3892 2611 3945 τὸν
2638 3891 2869 3962 Χριστὸν
2895 3890 3056 3943 αὑτοῦ
3078 3890 3281 3962 Κύριον
3312 3891 3751 3963 ἀναγορεύουσιν.

2191 3986 2349 4038 Ἀλλὰ
2383 3984 2476 4037 καὶ
2508 3982 2615 4037 ἀπὸ
2641 3982 2886 4053 ποταμοῦ
2913 3982 3019 4047 ἕως
3041 3983 3148 4036 τῶν
3180 3984 3429 4055 περάτων
3456 3983 3556 4053 τῆς
3584 3986 3755 4038 οἰκου-

2183 4076 2348 4147 μένης
2369 4073 2818 4144 κατακυριεύσειν
2846 4073 3008 4127 αὐτόν
3040 4090 3172 4145 φησι
3220 4074 3401 4145 σφόδρ’
3420 4074 3751 4142 ἀναγκαίως.

2193 4167 2388 4237 Ἐχρῆν
2413 4165 2521 4237 γὰρ
2553 4166 2699 4235 ἡμᾶς
2752 4163 2940 4234 μαθεῖν
2985 4164 3177 4217 ὁπόθεν
3210 4165 3429 4237 ἄρξεται
3473 4166 3571 4235 τῆς
3610 4164 3754 4217 διδα-

2183 4258 2435 4321 σκαλίας·
2472 4258 2725 4328 σημαίνει
2750 4257 2827 4321 δέ,
2850 4256 2926 4320 ὡς
2959 4256 3065 4329 ἄρα
3098 4256 3245 4310 ἔσται
3280 4258 3478 4328 αύτῷή
3508 4257 3753 4329 καταρχὴ

2182 4350 2289 4404 άπὸ
2322 4348 2587 4419 ποταμοῦ.
2624 4349 2840 4401 Ὅντινα
2863 4349 3102 4420 ποταμὸν
3147 4350 3441 4421 παρίστησι
3482 4350 3543 4403 τὸ
3572 4352 3751 4418 Εὐαγ-

2182 4439 2357 4507 γέλιον
2380 4439 2586 4507 φάσκον
2608 4453 2622 4467 ο
2658 4454 2675 4487 ι
2708 4437 2841 4489 Τότε
2864 4437 3218 4507 παραγίνεται
3239 4440 3266 4491 ὁ
3299 4439 3505 4508 Ἰησοῦς
3528 4439 3634 4492 ἀπὸ
3653 4439 3755 4508 τῆς

2112 4550 2155 4603 D
2183 4527 2467 4589 Γαλιλαίας
2523 4528 2615 4579 ἐπὶ
2663 4526 2753 4579 τὸν
2812 4526 3079 4597 Ἰορδάνην
3132 4526 3268 4597 πρὸς
3315 4528 3565 4599 Ἰωάννην
3589 4569 3603 4593 ,
3657 4528 3752 4581 τοῦ

2183 4620 2539 4690 βαπτισθῆναι
2573 4619 2664 4672 ὑπ’
2712 4619 2895 4671 αὐτοῦ.
2942 4620 2999 4672 Ὁ
3028 4619 3085 4672 δὲ
3125 4619 3413 4673 διεκώλυεν
3459 4621 3618 4674 αὑτὸν
3666 4620 3755 4672 λέ-

2181 4723 2321 4775 γων’
2366 4704 2506 4773 Ἐγὼ
2534 4706 2722 4777 χρείαν
2755 4706 2861 4775 ἔχω
2892 4706 2995 4759 ὑπὸ
3027 4707 3120 4760 σοῦ
3162 4707 3541 4778 βαπτισθῆναι,
3564 4710 3659 4762 καὶ
3686 4710 3751 4763 σὺ

2181 4797 2316 4869 ἔρχῃ
2361 4796 2497 4869 πρὸς
2533 4796 2618 4867 μέ.
2658 4796 2714 4849 Ὁ
2737 4797 2792 4850 δὲ
2821 4797 3139 4869 ἀποκριθεὶς
3176 4795 3327 4852 εἶπεν
3371 4800 3552 4871 αὐτῷ·
3586 4802 3756 4869 Ἄφες

2180 4890 2305 4960 άρτι
2325 4906 2338 4918 ο
2372 4887 2514 4941 οὕτω
2536 4888 2644 4960 γὰρ
2676 4890 2883 4960 πρέπον
2905 4891 3019 4943 ἐστὶ
3043 4890 3325 4962 πληρῶσαι
3358 4895 3534 4945 πᾶσαν
3554 4892 3756 4945 δικαιο-

2184 4978 2369 5048 σύνην.
2412 4998 2431 5029 ι
2464 4979 2592 5031 Ὅτε
2626 4978 2840 5049 μετὰτὸ
2874 4978 3231 5051 βαπτισθῆναι
3255 4982 3416 5036 αὑτὸν
3448 5000 3467 5033 ι
3517 4983 3757 5053 Ἦνοίγη-

2183 5085 2283 5122 σαν
2314 5070 2362 5122 οἰ
2399 5070 2636 5142 οὐρανοὶ,
2673 5070 2767 5123 καὶ
2808 5066 2911 5123 εἶδε
2944 5071 3004 5123 τὸ
3052 5071 3275 5143 Πνεῦμα
3300 5073 3394 5127 τοῦ
3422 5074 3558 5127 Θεοῦ
3587 5093 3757 5128 κατα·

2184 5160 2365 5214 σαῖνον
2389 5160 2464 5224 ὡς
2492 5161 2816 5232 περιστερὰν
2841 5162 2934 5214 καὶ
2960 5164 3255 5233 ἐρχόμενον
3279 5166 3360 5228 εἰς
3390 5166 3568 5220 αὐτόν.
3598 5169 3752 5239 Φωνή

2179 5268 2240 5303 τε
2263 5252 2327 5304 ἐκ
2364 5251 2470 5304 τῶν
2494 5251 2736 5322 οὐρανῶν
2776 5252 3016 5323 ἠκούσθη
3048 5253 3307 5322 λέγουσα·
3343 5252 3510 5321 Οῦτός
3552 5260 3700 5311 ἐστιν
3726 5260 3758 5310 ὁ

2183 5341 2309 5405 Υίός
2345 5360 2445 5413 μου
2478 5344 2507 5395 ὀ
2534 5344 2831 5412 ἀγαπητὸς,
2868 5347 2927 5397 ἐν
2956 5339 3001 5413 ᾧ
3023 5346 3317 5417 ηύδόκησα.
3362 5366 3380 5397 ι
3425 5348 3513 5413 Ἐξ
3546 5348 3757 5402 ἐκείνου

2182 5433 2291 5504 γάρ
2315 5434 2672 5504 γνωρίζεσθαι
2711 5435 2874 5488 αὐτοῦ
2907 5436 3109 5507 ἤρξατο
3141 5440 3173 5507 ἡ
3206 5440 3479 5511 κυριότης.
3514 5440 3761 5512 Παραδό-

2183 5522 2288 5589 ξως
2323 5525 2380 5577 δὲ
2410 5525 2597 5578 τούτου
2635 5526 2906 5596 μέμνηται
2942 5527 3035 5581 τοῦ
3066 5531 3309 5601 ποταμοῦ
3333 5533 3427 5584 καὶ
3470 5533 3698 5597 Ἡσαΐας
3728 5536 3760 5589 ὁ

2183 5619 2463 5689 προφήτης
2496 5618 2975 5691 εὐαγγελιζόμενος
3000 5623 3097 5693 τὴν
3127 5622 3223 5695 ἐρη
3234 5642 3351 5695 μον,
3383 5626 3438 5678 ἐν
3522 5627 3757 5697 ἐκήρυτ-
