4128 6392
348 388 457 448 805

1458 391 1999 471 ponnensum
2036 393 2105 449 IN
2145 394 2482 455 PSALMOS.

3500 402 3605 460 806

346 525 439 561 τεν
476 506 727 576 Ἰωάννης
749 507 777 559 6
804 505 1135 577 Βαπτιστής.
1176 504 1397 561 Ἐὁόαιτΐ
1427 502 1520 561 οῦν
1538 508 1731 577 λέγων·
1772 528 1790 559 1
1829 508 1933 560 E6-

2030 510 2411 580 evangelizans
2444 512 2719 568 desertum
2764 514 2821 568 in
2866 531 2976 586 quo
3006 515 3334 586 pmdieabat
3363 513 3606 573 Ioannes

348 599 636 671 φράνθητι,
686 598 889 670 ἔρημος
925 599 1154 669 διψῶσα,
1187 600 1531 669 ὰγαλλιάσθω
1576 601 1781 672 ἔρημος
1824 602 1920 654 καὶ

345 690 575 744 άνθείτω
603 690 679 753 ὼς
706 690 890 760 κρίνον
912 706 925 718 ”
959 689 1053 743 κα).
1083 689 1364 762 ὲξανθήσει
1397 691 1491 744 καί
1535 690 1921 760 άγαλλιάσεται

344 782 415 835 :6
442 781 623 853 έρημα
649 781 740 835 τοῦ
782 782 1062 852 Ἰορδάνου.
1104 802 1123 835 1
1181 783 1324 835 Ἀντί⁸
1356 784 1500 847 τίνος
1528 783 1636 855 γὰρ
1677 784 1776 854 οὐχ
1805 784 1923 836 ἑτέ-

350 891 445 945 ρου
482 874 755 945 μέμνηται
815 872 1060 944 ποταμοῦ
1107 876 1136 927 6
1168 873 1418 937 τοσοῦτος
1460 876 1766 947 προφήτης,
1808 874 1923 930 ἀλλ’

346 964 511 1018 αὐτοῦ
554 964 649 1017 τοῦ
692 963 953 1035 Ἰορδάνου
988 965 1082 1017 καὶ
1128 965 1226 1036 τῆς
1260 966 1467 1036 ὲρήμου
1510 966 1652 1035 ἀμφὶ
1702 966 1922 1020 τοῦτονο

343 1055 686 1127 εὐφροσύνην
724 1073 785 1109 τε
834 1056 928 1110 καὶ
968 1056 1284 1124 άγαλλίασιν
1313 1060 1377 1127 τῇ
1425 1058 1617 1129 ἐρήμῳ
1664 1058 1757 1111 τοῦ
1799 1061 1930 1130 Ἰορ-

347 1148 527 1213 δάνου,
559 1148 672 1201 ἀλλ’
694 1148 814 1219 ούχὶ
842 1151 907 1220 τῇ
945 1148 1319 1223 Ἰερουσαλὴμ,
1341 1150 1461 1202 οὐδὲ
1493 1152 1559 1221 τῇ
1591 1150 1748 1222 λοιπῇ
1796 1154 1927 1204 Ἰου-

343 1240 473 1311 δαίᾳ
533 1238 969 1308 εύαγγελίζεται;
1032 1241 1239 1294 Οὐκοῦν
1294 1241 1487 1312 ἔχομεν
1532 1243 1625 1295 καὶ
1669 1242 1819 1313 παρὰ
1851 1242 1930 1313 τῷ

361 1330 557 1400 Ἡσαΐᾳ
599 1329 697 1402 τὴν
725 1330 956 1401 δήλωσιν
1004 1330 1097 1384 τοῦ
1132 1332 1376 1403 ποταμοῦ
1425 1334 1553 1405 περὶ
1605 1326 1666 1386 οῦ
1701 1350 1862 1404 φησιν
1902 1335 1931 1387 6

345 1421 539 1494 παρὼν
567 1422 744 1491 λόγος,
781 1442 800 1474 1
830 1424 940 1477 Καὶ
971 1423 1077 1477 61:6
1125 1424 1370 1495 ποταμοῦ
1398 1424 1504 1488 ἕως
1546 1425 1652 1479 τῶν
1679 1427 1932 1497 περάτων

344 1517 446 1588 τῆς
469 1516 797 1588 οἰκουμένης
831 1534 849 1568 1
882 1514 1334 1587 κατακυριεύσειν
1383 1516 1472 1568 τὸν
1516 1517 1931 1587 προφητευόμε-

349 1626 459 1662 νον.
516 1608 844 1679 Ὀφθαλμοίς
878 1607 935 1661 δὲ
972 1607 1307 1679 παραλαϐεῖν
1355 1606 1470 1660 ἔστι
1520 1607 1585 1660 δι’
1616 1607 1790 1679 ἔργων
1841 1626 1933 1662 κε-

346 1699 665 1769 χωρηκυίας
693 1697 793 1761 τὰς
823 1699 1326 1770 προαναφωνήσεις,
1368 1697 1608 1766 ὁρῶντας
1643 1699 1804 1770 μέχρι
1824 1701 1934 1755 τῶν

349 1791 603 1860 περάτων
633 1790 734 1859 τῆς
761 1790 863 1861 γῆς
892 1792 949 1843 ὲν
974 1793 1092 1853 ταῖς
1132 1788 1476 1861 Ἐκκλησίαις
1504 1789 1666 1843 αὐτοῦ
1694 1792 1935 1863 κυριολο-

347 1881 614 1953 γούμενον
645 1882 736 1935 τὸν
766 1880 999 1953 Χριστὸν
1018 1881 1112 1935 τοῦ
1146 1880 1302 1935 Θεοῦ.

425 1993 445 2025 1
502 1973 759 2027 Ἑνὼπιον
806 1971 967 2026 αὐτοῦ
1002 1960 1397 2045 προπεσοῦνται
1436 1974 1709 2040 Αἰθίοπες,
1744 1975 1838 2029 καὶ
1871 1977 1919 2028 οἱ

336 2065 534 2136 ,ἐχθροὶ
554 2065 714 2119 αὐτοῦ
746 2065 873 2136 χοῦν
906 2065 1156 2130 λείξουσι.
1190 2085 1207 2118 1
1238 2066 1427 2138 Σφόδρ’
1455 2067 1759 2131 ἀκολούθως
1786 2067 1924 2139 μετὰ

340 2157 410 2211 :6
442 2161 631 2222 εἰπεῖν,
673 2178 691 2210 1
722 2159 1156 2231 Κατακυριεύσει
1206 2160 1313 2212 61:6
1360 2159 1634 2230 θαλάσσης
1672 2161 1775 2224 ἕως
1825 2159 1922 2213 θα-

336 2250 573 2322 λάσσης,
599 2251 691 2304 καὶ
723 2251 829 2304 61:6
861 2250 1106 2321 ποταμοῦ
1137 2251 1241 2314 ἕως
1266 2252 1515 2322 περάτων
1545 2252 1645 2322 τῆς
1669 2252 1923 2322 οἰκουμέ-

348 2359 467 2413 νης,
499 2360 516 2392 1
542 2341 814 2395 Αἰθιόπων
841 2344 977 2413 ὲμνη
988 2340 1265 2411 μόνευσεν,
1290 2341 1339 2394 οἳ
1364 2340 1432 2393 τὰ
1454 2340 1653 2410 ἔσχατα
1676 2340 1775 2410 τῆς
1802 2341 1922 2394 καθ’

1959 1897 2006 1956 Β

2027 597 2289 670 Baptista.
2335 600 2426 657 Sic
2459 603 2549 658 ille
2581 604 2852 660 clamabat
2887 626 2899 661 :
2944 626 2963 657 1
2996 607 3203 664 Laetare
3231 608 3506 667 desertum
3537 614 3610 670 si-

2025 689 2200 753 tiens,
2236 693 2474 746 exsultet
2503 694 2743 749 solitudo
2780 703 2833 750 et
2862 678 3053 752 ﬂoreat
3102 700 3249 754 sicut
3299 700 3472 756 lilium
3504 722 3517 758 :
3552 715 3610 760 et

2024 780 2296 837 ﬂorebunt
2324 792 2377 839 et
2399 785 2755 840 exsultabunt
2775 787 2991 843 deserta
3015 788 3268 847 Iordanis
3284 792 3382 849 “.1
3422 794 3609 862 Quare

2026 888 2136 927 non
2169 875 2310 930 alius
2353 876 2596 932 ﬂuminis
2636 879 2968 934 mentionem
3014 889 3202 937 tantus
3229 886 3492 956 propheta
3525 888 3608 943 fa-

2027 967 2133 1028 cit,
2176 983 2339 1035 quam
2384 967 2670 1034 Iordanis,
2723 979 2776 1026 et
2810 974 3124 1029 solitudinis
3167 977 3607 1049 circumposita;

2027 1058 2384 1129 laetitiamque
2426 1068 2480 1115 et
2525 1063 2942 1119 exsultationem
2983 1065 3202 1122 deserto
3230 1067 3487 1127 Iordanis
3512 1087 3610 1126 an-

2027 1151 2264 1214 nuntiat,
2298 1167 2406 1206 non
2430 1161 2608 1207 autem
2639 1152 3009 1227 Ierosolymae,
3026 1172 3128 1211 nec
3152 1160 3373 1229 reliqua:
3386 1160 3605 1217 Iudaeas.

2029 1241 2196 1296 Adest
2246 1256 2380 1296 sane
2413 1242 2555 1312 apud
2606 1243 2785 1312 ipsum
2819 1243 3012 1299 Isaiam
3072 1245 3373 1303 declaratio
3428 1248 3608 1305 ﬂumi-

2030 1333 2139 1397 nis,
2174 1333 2240 1388 de
2273 1348 2385 1403 quo
2419 1335 2511 1387 hic
2554 1334 2777 1401 dicitur,
2812 1355 2831 1387 1
2874 1335 2940 1389 Et
2986 1352 3018 1391 a
3061 1336 3286 1395 ﬂumine
3332 1356 3508 1411 usque
3538 1344 3609 1397 ad

2029 1425 2299 1480 terminos
2347 1425 2495 1480 orbis
2530 1433 2799 1480 terrarum
2839 1446 2857 1477 1
2890 1426 3297 1484 dominaturum
3331 1447 3456 1487 esse
3483 1448 3608 1488 eum

2031 1514 2125 1585 qui
2154 1515 2210 1569 in
2247 1516 2509 1570 vaticinio
2538 1515 2732 1572 fertur.
2795 1516 3055 1588 Licetque
3085 1520 3491 1589 praedictionem
3525 1524 3611 1579 vel

2031 1607 2168 1677 ipsis
2196 1609 2371 1662 oculis
2392 1609 2713 1678 completam
2738 1609 3160 1680 deprehendere,
3182 1627 3306 1667 cum
3330 1614 3610 1669 videamus

2034 1699 2313 1754 Christum
2350 1699 2442 1754 Dei
2475 1715 2650 1771 usque
2678 1701 2745 1754 ad
2768 1703 3035 1758 terminos
3059 1709 3218 1759 terra:
3259 1704 3314 1759 in
3350 1704 3609 1762 Ecclesiis

2039 1790 2159 1860 ejus
2186 1797 2247 1843 ut
2273 1789 2560 1846 Dominum
2591 1792 2874 1848 celebrari.

2094 1970 2263 2027 Vens.
2307 1970 2487 2025 9-H.
2537 1989 2555 2022 1
2592 1970 2787 2025 Coram
2831 1973 2925 2027 illo
2967 1974 3252 2043 procident
3296 1973 3607 2046 IElhiopes,

2024 2072 2078 2119 et
2106 2063 2313 2118 inimici
2346 2063 2467 2132 ejus
2500 2071 2702 2119 terram
2737 2066 2962 2136 lingent.
3003 2085 3023 2118 1
3084 2067 3387 2122 Admodum
3415 2083 3609 2124 conse-

2023 2162 2273 2225 quenter,
2321 2163 2609 2225 postquam
2658 2157 2890 2221 dixerat,
2933 2177 2952 2209 1
2982 2157 3360 2212 Dominabitur
3392 2174 3423 2213 a
3453 2175 3608 2217 mare

2024 2263 2198 2318 usque
2228 2247 2292 2301 ad
2319 2262 2491 2311 mare,
2532 2255 2586 2301 et
2617 2262 2647 2301 a
2672 2247 2893 2304 ﬂumine
2939 2265 3112 2319 usque
3138 2250 3204 2303 ad
3233 2252 3497 2307 terminos
3522 2266 3606 2306 or-

2024 2342 2108 2398 bis
2138 2350 2429 2402 terrarum,
2458 2359 2476 2392 1
2508 2339 2798 2412 Ethiopas
2830 2342 3173 2407 memoravit,
3207 2344 3299 2412 qui
3330 2344 3481 2400 orbis
3509 2361 3609 2402 no-

343 2436 500 2505 ήμᾶς
543 2434 863 2506 οἰκουμένης
889 2432 1116 2498 οἰκοῦσι,
1150 2432 1220 2486 τά
1250 2449 1308 2485 τε
1357 2432 1494 2504 πρὸς
1524 2432 1785 2496 ἀνατολὰς
1830 2432 1924 2486 καὶ

2027 2432 2122 2487 stri
2170 2441 2415 2485 extrema
2467 2430 2752 2499 incolunt,
2791 2441 2903 2485 tum
2942 2447 3004 2487 ea
3052 2448 3175 2502 quae
3220 2433 3285 2487 ad
3315 2434 3604 2501 orientem,

344 2527 419 2580 :6
459 2525 593 2598 πρὸς
621 2524 811 2578 δύοντα
850 2523 1018 2596 ἣλιον.
1057 2522 1220 2576 Ὅθεν
1248 2522 1342 2577 καὶ
1383 2521 1535 2593 παρὰ
1563 2526 1673 2587 τοῖς
1702 2522 1805 2587 ἔξω
1829 2523 1923 2578 τοῦ

351 2617 473 2670 καθ’
511 2619 656 2688 ἡμᾶς
693 2616 850 2685 λόγου
877 2616 1015 2669 κατὰ
1041 2613 1201 2684 φύσιν
1226 2614 1473 2686 εἰρῆσθαι
1497 2614 1642 2667 δοκεί
1673 2614 1750 2680 :6,

417 2813 720 2883 Αἰθίοπας,
747 2812 835 2866 τοὶ
867 2812 1041 2883 διχθὰ
1069 2811 1370 2865 δεδαίαται
1397 2812 1643 2883 ἔσχατοι
1669 2812 1922 2882 ἀνδρῶν’

421 2886 486 2936 Οἰ
510 2882 628 2953 μὲν
654 2882 993 2953 δυσομένου
1023 2883 1360 2950 ὺπερίονος,
1391 2886 1445 2936 οἱ
1467 2882 1519 2935 δ’
1547 2884 1840 2950 ἀνιόντος.

344 3036 462 3089 Καὶ
511 3037 567 3088 ὲν
602 3034 773 3106 ἑτέρῳ
804 3035 860 3088 δὲ
910 3034 1124 3107 εἴρηται
1164 3034 1401 3106 ψαλμῷ·
1431 3054 1451 3088 1
1486 3035 1741 3091 Αἰθιοπία
1791 3056 1925 3109 προ-

353 3123 548 3191 φθάσει
591 3126 747 3194 χεῖρα
780 3122 946 3192 αὐτῆς
978 3121 1053 3192 τῷ
1083 3121 1235 3192 Θεῷο
1280 3141 1299 3174 1
1334 3123 1428 3175 καὶ
1456 3123 1614 3176 πάλιν
1655 3125 1712 3177 ὲν
1752 3125 1926 3195 ἑτέρῳ

346 3218 606 3289 προφήτῃ
644 3216 887 3269 λέλεκται
908 3232 920 3247 '
960 3234 978 3266 1
1022 3217 1117 3269 Ἐκ
1159 3217 1411 3288 περάτων
1450 3216 1710 3287 ποταμῶν
1750 3217 1927 3271 Αἰθιο-

349 3308 482 3371 πίας
508 3296 743 3361 οἴσουσιν
764 3308 950 3371 οὐσίας
981 3326 1088 3378 μοι.
1130 3328 1149 3360 1
1185 3310 1295 3362 Καὶ
1327 3310 1385 3362 ὲν
1407 3310 1520 3373 τοῖς
1548 3309 1930 3379 προκειμένοις

346 3399 407 3452 δὲ
446 3398 753 3462 ἀκολούθως
793 3398 999 3463 τούτοις
1032 3399 1115 3465 τὸ,
1161 3418 1180 3452 1
1233 3399 1490 3454 Ἐνώπιον
1521 3398 1684 3453 αὐτοῦ
1728 3418 1932 3472 προπε-

350 3491 569 3545 σοῦνται
612 3491 885 3555 Αἰθίοπες,
926 3512 945 3543 1
982 3492 1316 3557 θεσπίζεται.
1370 3495 1447 3547 Δι’
1483 3486 1556 3546 ὧν
1606 3493 1862 3547 ἁπάντων
1902 3494 1931 3545 6

346 3584 509 3653 λόγος
564 3584 817 3655 σημαίνει
853 3584 922 3637 :6
968 3584 1173 3654 ἔσχατα
1204 3586 1302 3655 τῆς
1331 3586 1435 3656 γῆς
1467 3585 1564 3657 τὴν
1592 3584 1683 3638 τοῦ
1720 3602 1931 3656 προφη-

348 3676 639 3747 τευομένου
686 3674 887 3743 γνῶσιν
948 3675 1339 3747 ἀναλήψεσθαι,
1390 3676 1483 3730 καὶ
1536 3676 1929 3747 προσκυνήσειν

348 3768 519 3839 αὐτῷ,
570 3768 1012 3840 προσπίπτοντας
1043 3770 1139 3821 καὶ
1187 3768 1317 3837 γόνυ
1344 3768 1643 3832 κλίνοντας.
1670 3769 1755 3820 Δι’
1782 3768 1810 3821 ὃ
1842 3767 1929 3821 λέ·-

345 3860 538 3913 λεκται
596 3859 739 3913 κατὰ
788 3860 878 3912 τ’ὸν
934 3857 1189 3913 Ἀκύλαν·
1236 3878 1254 3910 1
1294 3860 1389 3923 Εἰς
1429 3860 1721 3931 πρόσωπον
1760 3858 1926 3913 αὑτοῦ

347 3949 657 4021 κάμψουσιν
722 3949 1004 4013 Αἰθίοπες·
1064 3968 1083 4001 1
1138 3949 1279 4004 κατὰ
1334 3948 1392 4003 δὲ
1448 3949 1540 4003 τὸν
1595 3949 1923 4021 Σύμμαχον·

352 4061 375 4093 1
406 4042 755 4113 Ἐμπροσθεν
800 4042 964 4095 αὑτοῦ
1009 4040 1325 4096 όκλάσουσιν
1368 4042 1645 4106 Αἰθίοπες.
1689 4062 1707 4095 1
1744 4042 1843 4097 Διὰ
1870 4044 1927 4097 δὲ

346 4134 456 4189 τῶν
481 4134 750 4189 Αἰθιόπων
778 4135 886 4188 τῶν
917 4134 986 4188 :6
1014 4134 1218 4206 ἔσχατα
1250 4136 1346 4206 τῆς
1374 4135 1480 4206 γῆς
1518 4137 1810 4191 οἰκούντων
1833 4138 1926 4191 καὶ

347 4226 418 4281 :6
438 4227 567 4281 εἵσω
588 4228 684 4297 τῆς
724 4226 1045 4298 οἰκουμένης
1086 4227 1211 4298 έθνη
1250 4228 1532 4298 δηλοῦνται
1588 4228 1693 4281 Καὶ
1726 4229 1927 4300 πρόδη-

346 4321 436 4374 λον
465 4321 612 4383 ὅπως
640 4319 951 4389 ἁπανταχοῦ
976 4320 1078 4391 γῆς
1099 4323 1147 4373 οἰ
1175 4323 1254 4384 εἰς
1280 4320 1440 4374 αὑτὸν
1478 4322 1921 4385 πεπιστευκότες,

347 4413 475 4480 ¹γόνυ
512 4412 784 4474 κλίνοντες
811 4412 906 4464 καί⁹
937 4412 1016 4475 εἰς
1044 4412 1210 4483 αὐτὴν
1243 4413 1637 4483 προπίπτοντες
1669 4413 1767 4484 τὴν
1796 4413 1921 4483 γῆν,

346 4502 411 4554 δι’
447 4500 608 4554 αὐτοῦ
650 4500 748 4571 τὴν
784 4498 1151 4570 προσκύνησιν
1183 4499 1260 4569 τῷ
1307 4500 1397 4552 ἐπὶ
1428 4500 1643 4553 πάντων
1677 4498 1924 4567 ἀναπέμ-

346 4608 509 4644 πουσι
538 4589 674 4661 Θεῷ.
722 4589 885 4644 Ἀλλὰ
932 4592 1025 4644 καὶ
1061 4591 1108 4643 οἰ
1144 4589 1328 4661 ἐχθροὶ
1373 4588 1558 4652 αὑτοῦ,
1604 4590 1758 4661 φησί,
1791 4589 1922 4659 χοῦν
1954 4625 1999 4684 D

344 4683 631 4748 λείξουσιν,
661 4680 1078 4754 ὲξομοιωθέντες
1115 4681 1193 4752 τῷ
1228 4680 1434 4734 ἑαυτῶν
1468 4680 1635 4751 πατρὶ
1674 4679 1754 4750 τῷ
1777 4681 1917 4748 ὄφει,

345 4774 438 4827 ὲπί
465 4772 544 4844 τῷ
575 4773 760 4843 στήθει
813 4772 905 4825 καὶ
937 4774 1002 4843 τῇ
1040 4771 1218 4840 κοιλίᾳ
1259 4770 1627 4841 πορευομένῳ,
1676 4769 1770 4822 καὶ
1818 4768 1922 4839 γῆν

345 4865 578 4918 ἐσθίοντι
604 4863 746 4917 κατὰ
771 4864 871 4934 τὴν
899 4862 958 4928 ἐξ
989 4862 1162 4935 ἀρχῆς
1199 4861 1492 4932 γενομένην
1524 4859 1670 4930 αὐτῷ
1703 4860 1923 4931 προστί-

351 4974 533 5028 μησιν.
569 4955 724 5009 Οὕτω
771 4956 817 5009 δ’
847 4951 938 5009 οῦν
983 4954 1102 5024 ὄψει
1136 4955 1260 5016 τοὺς
1311 4953 1411 5022 τῆς
1449 4951 1773 5021 Ἐκκλησίας
1828 4949 1922 5003 τοῦ

344 5045 580 5117 Χριστοῦ
620 5047 909 5117 πολεμίους
936 5046 1025 5099 τὸν
1054 5044 1182 5116 χοῦν
1208 5046 1302 5099 καὶ
1340 5045 1438 5108 τὰς
1473 5042 1789 5115 σωματικάς
1814 5042 1928 5114 ήδο-

345 5138 442 5202 νὰς
469 5138 995 5210 περιλιχμωμένους.
1027 5138 1090 5189 Εἰ
1116 5136 1225 5208 γὰρ
1262 5136 1323 5191 τὸ
1358 5135 1535 5206 σῶμα,
1564 5128 1717 5207 ᾧπερ
1747 5137 1926 5187 κεῖται

345 5231 380 5301 ἡ
404 5228 571 5301 ψυχὴ,
593 5229 722 5300 χοῦς
751 5229 1031 5301 ἁνείρηται
1054 5229 1195 5283 κατὰ
1218 5228 1316 5301 τὴν
1340 5229 1652 5297 φάσκουσαν
1678 5227 1920 5298 Γραφήν’

351 5340 370 5372 1
416 5320 647 5375 Ἔλαϐεν
671 5324 701 5375 6
727 5321 859 5384 Θεὸς
893 5320 1021 5391 χοῦν
1058 5321 1165 5373 61:6
1191 5320 1292 5392 τῆς
1320 5319 1444 5391 γῆς,
1476 5320 1571 5373 καὶ
1603 5318 1805 5370 ἔπλασε
1832 5318 1923 5370 τὸν

346 5414 662 5486 ἄνθρωπον⁸
704 5433 722 5466 1
753 5417 803 5468 οἰ
847 5415 938 5468 τὸν
983 5413 1111 5485 χοῦν
1169 5410 1630 5484 περιλιχμώμενοι
1684 5411 1778 5463 καὶ
1825 5410 1923 5473 τὰς

342 5508 443 5577 τῆς
470 5507 670 5578 σαρκὸς
694 5507 1023 5578 ἡδυπαθείας
1064 5507 1331 5577 τιμῶντες
1365 5504 1744 5574 διαϐέϐληνται
1789 5502 1924 5555 εἰκό-

346 5616 471 5663 τως,
507 5600 582 5662 ὡς
618 5599 684 5653 ἂν
714 5600 896 5672 ἔιχθροί¹
933 5600 1027 5655 τοῦ
1057 5600 1325 5670 σωτηρίου
1370 5598 1726 5668 τυγχάνοντες
1742 5596 1917 5664 λόγου.

359 5690 496 5743 Ἀλλ’
535 5686 677 5746 οῦτοι
726 5695 823 5765 μὲν
864 5693 1123 5748 τοιοῦτοι·
1169 5693 1229 5746 :6
1266 5691 1310 5744 δ’
1344 5691 1527 5762 ἓτερον
1577 5690 1763 5760 τάγμα
1814 5688 1921 5744 τῶν

419 5849 461 5880 ³⁸
496 5848 599 5907 lsa.
632 5866 794 5918 xxxv,
840 5866 875 5903 ι.
959 5850 1001 5881 ³⁵
1045 5849 1202 5906 Hom.
1242 5847 1404 5919 Odgs.
1440 5848 1487 5904 l.

2023 2529 2141 2577 tum
2172 2537 2236 2577 ea
2264 2538 2385 2593 quae
2410 2520 2477 2575 ad
2501 2535 2757 2576 occasum
2780 2523 2914 2577 solis
2940 2525 3044 2578 sita
3082 2529 3229 2577 sunt.
3280 2522 3436 2580 Unde
3459 2527 3605 2597 apud

2023 2624 2261 2677 exteros,
2305 2613 2471 2668 dictis
2496 2613 2705 2668 nostris
2737 2628 2974 2669 consona
3016 2613 3317 2669 secundum
3343 2616 3421 2671 rei
3452 2625 3607 2673 natu-

2025 2720 2142 2759 ram
2175 2705 2448 2760 habentur
2474 2704 2529 2758 in
2552 2703 2645 2758 illo
2668 2720 2684 2757 ι

2096 2818 2379 2889 ίΕιΙιίοραε
2402 2819 2491 2889 qui
2513 2816 2762 2889 bifariam
2785 2820 2945 2874 divisi
2964 2829 3086 2875 sunt
3115 2820 3289 2874 ultimi
3309 2821 3601 2886 hominum,

2096 2891 2205 2943 Atii
2236 2887 2444 2961 quidem
2486 2887 2555 2942 ad
2602 2889 2920 2944 occidentem
2941 2930 2956 2955 ,
3008 2891 3103 2945 alii
3137 2890 3205 2944 ad
3236 2893 3483 3032 οιῧρηιερέ
3511 2909 3607 3032 fo-

3322 2978 3402 3015 em
3491 3003 3503 3016 .

3322 2978 3402 3015 em
3438 2978 3503 3016 ".

2026 3052 2086 3106 In
2118 3051 2226 3106 alio
2253 3067 2470 3122 quoque
2496 3052 2705 3122 psalmo
2740 3052 2945 3106 dictum
2970 3059 3054 3108 est
3089 3070 3103 3107 :
3141 3052 3450 3123 11Ethiopia
3484 3068 3607 3123 por-

2026 3144 2165 3213 riget
2198 3160 2415 3199 manum
2451 3159 2605 3199 suam
2639 3142 2751 3199 Deo
2781 3144 2859 3209 ³⁶;
2890 3163 2909 3196 1
2946 3159 3010 3198 ac
3046 3144 3240 3198 iterum
3280 3145 3334 3198 in
3363 3145 3468 3198 alio
3486 3159 3607 3213 pro-

2028 3235 2238 3301 pheta:
2293 3254 2312 3286 1
2348 3234 2426 3288 Ex
2473 3234 2724 3289 terminis
2769 3233 3055 3289 ﬂuminum
3090 3234 3382 3304 [Ethiopiac
3430 3234 3607 3291 ferent

2033 3325 2394 3380 substantiam
2446 3325 2579 3379 mihi
2604 3325 2669 3379 ³⁷.
2711 3343 2729 3375 1
2768 3325 2824 3378 In
2878 3324 2965 3380 his
3012 3326 3140 3379 item
3187 3340 3429 3380 consona
3472 3341 3606 3381 voce

2030 3415 2362 3470 vaticinatur
2391 3415 2503 3479 ille,
2544 3433 2563 3467 1
2589 3416 2786 3468 Coram
2820 3416 2912 3469 illo
2939 3416 3228 3485 procident
3255 3416 3599 3487 Ethiopesa

2030 3504 2196 3571 Queis
2223 3506 2479 3560 omnibus
2502 3505 2842 3575 significatur
2867 3503 3133 3572 futurum,
3158 3515 3216 3559 ut
3240 3507 3460 3561 termini
3495 3515 3606 3561 ter-

2028 3611 2103 3649 ra:
2136 3594 2256 3665 ejus
2304 3595 2395 3665 qui
2436 3596 2491 3649 in
2536 3595 2822 3666 prophetia
2870 3595 3209 3649 enuntiatur
3241 3596 3602 3666 cognitionem

2028 3688 2315 3757 recipiant,
2354 3702 2417 3742 ac
2457 3687 2805 3757 procidentes
2833 3692 2886 3741 et
2914 3700 3093 3755 genua
3141 3683 3441 3750 ﬂectentes,
3476 3687 3606 3741 ado-

2027 3783 2149 3831 rent
2176 3778 2378 3847 ipsum.
2415 3775 2800 3842 Quamobrem,
2837 3774 3139 3829 secundum
3165 3774 3439 3843 Aquilam,
3470 3774 3606 3830 dici-

2026 3874 2137 3933 tur,
2179 3885 2199 3917 1
2228 3866 2311 3921 Ad
2361 3866 2552 3921 faciem
2596 3865 2717 3933 ejus
2762 3862 3068 3919 curvabunt
3119 3878 3179 3918 se
3219 3862 3543 3934 Ethiopes;
3576 3882 3598 3916 1

2028 3956 2327 4013 secundum
2366 3953 2749 4026 Symmachum
2779 3960 2982 4012 autem,
3020 3971 3038 4002 1
3071 3945 3128 4006 Iri
3160 3961 3457 4022 conspectu
3481 3956 3603 4023 ejus

2024 4046 2385 4118 procumbent
2440 4044 2749 4113 .‘Ethiopes.
2790 4063 2809 4096 1
2848 4041 2952 4097 Per
2978 4040 3262 4112 Ethiopcs
3292 4051 3469 4098 autem
3508 4044 3603 4115 qui

2025 4146 2269 4193 extrema
2296 4143 2453 4189 terra:
2480 4134 2746 4198 incolunt,
2777 4141 2963 4203 gentes
2987 4134 3151 4187 etiam
3188 4149 3309 4203 qua:
3340 4134 3482 4188 intra
3517 4153 3605 4190 or-

2025 4227 2151 4283 bem
2191 4233 2341 4292 sunt,
2390 4224 2724 4280 indicantur.
2778 4222 3230 4295 Manifestumque
3272 4234 3377 4292 est,
3401 4229 3604 4297 ubique

2026 4324 2318 4379 terrarum,
2359 4315 2453 4385 qui
2482 4315 2536 4367 in
2566 4314 2744 4384 ipsum
2768 4314 3019 4379 credunt,
3044 4330 3218 4385 genua
3247 4315 3528 4372 ﬂectentes
3550 4325 3605 4372 et

2025 4408 2081 4460 in
2105 4416 2305 4460 terram
2332 4405 2777 4475 procumbentes,
2796 4420 2890 4474 per
2906 4420 3031 4458 eum
3049 4406 3421 4462 adorationem
3446 4422 3602 4462 suam

2024 4499 2407 4552 universorum
2440 4497 2547 4551 Deo
2568 4497 2837 4551 emittere.
2872 4495 2983 4551 lmo
3011 4498 3170 4552 etiam
3207 4499 3303 4561 ait,
3336 4518 3355 4550 ι
3389 4497 3601 4552 Inimici

2025 4592 2145 4659 ejus
2178 4597 2380 4645 terram
2420 4589 2661 4657 lingeut,
2692 4606 2710 4639 1
2749 4588 2889 4658 patri
2931 4603 3033 4643 suo
3080 4589 3320 4658 serpenti
3369 4590 3599 4653 similes,

2027 4681 2117 4752 qui
2150 4682 2206 4734 in
2236 4689 2452 4751 pectore
2480 4686 2532 4733 et
2561 4684 2747 4733 ventre
2791 4677 3037 4749 graditur
3058 4718 3073 4743 ,
3121 4686 3175 4732 et
3199 4688 3398 4733 terram
3429 4695 3604 4734 come-

2028 4775 2140 4839 dit,
2178 4771 2479 4829 secundum
2524 4770 2781 4825 inﬂictam
2815 4770 2918 4825 sibi
2962 4786 2991 4823 a
3034 4771 3302 4840 principio
3362 4786 3599 4840 poenam.

2031 4865 2123 4921 Sic
2152 4864 2338 4919 videas
2366 4864 2619 4918 inimicos
2644 4861 2898 4918 Ecclesiae
2928 4861 3152 4927 Christi,
3181 4871 3381 4917 terram
3411 4871 3464 4918 et
3487 4878 3606 4917 cor-

2030 4969 2228 5025 poreas
2257 4952 2568 5020 voluptates
2593 4949 2821 5021 lingere.
2857 4947 2915 5002 Si
2939 4949 3083 5004 enim
3107 4950 3433 5018 corpus,cui
3463 4950 3605 5005 inest

2031 5046 2234 5108 anima,
2263 5043 2441 5114 pulvis
2468 5041 2675 5095 dictum
2704 5048 2788 5095 est
2815 5040 3115 5095 secundum
3140 5041 3281 5095 hanc
3307 5039 3604 5112 Scriptura:

2027 5149 2238 5197 vocem,
2276 5153 2295 5185 1
2324 5133 2549 5202 Accepit
2579 5130 2722 5185 Deus
2752 5131 3028 5200 pulverem
3071 5146 3138 5186 ex
3166 5141 3333 5195 terra,
3362 5140 3416 5187 et
3440 5131 3601 5188 eﬂ‘or-

2025 5228 2193 5282 mavit
2215 5226 2490 5281 hominem
2516 5224 2584 5288 ³⁸,
2618 5242 2636 5275 1
2672 5223 2766 5293 qui
2789 5230 2989 5277 terram
3014 5223 3247 5292 lingunt,
3270 5224 3605 5279 carnalibus-

2025 5335 2133 5390 que
2162 5319 2534 5388 voluptatibus
2570 5315 2772 5371 addicti
2823 5321 2971 5379 sunt,
3002 5314 3148 5384 jure,
3180 5322 3368 5386 utpote
3393 5316 3602 5371 saluta-
3657 5296 3663 5327 ί

2029 5413 2106 5466 ris
2134 5409 2285 5464 verbi
2312 5407 2543 5470 inimici,
2584 5406 2728 5460 male
2756 5403 3007 5459 audiunt.
3048 5402 3156 5459 Sed
3188 5405 3241 5459 hi
3272 5405 3490 5475 quidem
3518 5415 3604 5459 ta-

2028 5507 2109 5560 les
2142 5523 2156 5557 :
2191 5502 2330 5556 alius
2372 5509 2553 5555 autem
2585 5498 2721 5553 ordo
2749 5511 2939 5553 eorum
2984 5496 3077 5566 qui
3119 5511 3346 5567 regnum
3396 5497 3603 5553 Christi

2028 5601 2391 5666 cognoscunt,
2434 5592 2578 5647 dona
2612 5590 2715 5661 ipsi
2748 5588 2956 5653 aﬂ’eret,
2990 5596 3052 5642 ut
3076 5589 3133 5644 in
3160 5590 3444 5660 prophetia
3493 5590 3603 5645 fer-

2026 5699 2116 5744 tur
2149 5687 2234 5743 his
2278 5684 2461 5742 verbis
2496 5702 2510 5739 :
2557 5702 2575 5735 1
2614 5683 2789 5754 Reges
2819 5680 3045 5737 Tharsis
3069 5687 3123 5736 et
3156 5681 3346 5738 insulae
3376 5697 3602 5738 munera

1603 5848 1645 5880 ³⁸
1672 5845 1813 5902 Psal.
1856 5861 2021 5911 van,
2055 5844 2143 5899 32.
2222 5844 2264 5876 ³⁷
2298 5841 2464 5914 Soph.
2502 5857 2581 5909 lli,
2620 5840 2705 5894 10.
2784 5839 2828 5873 ³⁸
2860 5836 2994 5896 Gen.
3033 5853 3093 5905 ιι,
3124 5834 3171 5889 7.
