4128 6392
544 381 649 433 807

1208 379 1477 438 EUSEBII
1519 377 2001 436 G/ESARIENSIS
2038 377 2188 434 OPP.
2234 377 2413 431 PARS
2450 375 2537 430 Ill.
2576 406 2646 416 -—-
2685 372 3096 427 EXEGETICA.

3706 371 3818 426 808

545 500 809 561 offerent,
854 512 1009 567 reges
1044 497 1283 552 Arabum
1321 507 1376 552 et
1406 496 1548 551 Saba
1579 497 1721 551 dona
1770 496 2064 551 adducent.
2097 515 2116 548 ι

2241 494 2321 567 ;ὴν
2361 494 2637 564 βασιλείαν
2668 490 2761 546 τοῦ
2785 488 3019 563 Χριστοῦ
3064 484 3437 559 γνωριζόντων
3464 485 3614 556 δῶρα
3643 500 3818 557 προσ-

548 591 607 643 In
635 589 719 643 his
753 597 933 643 autem
978 588 1109 642 dum
1155 592 1211 642 iu
1262 587 1400 644 duas
1441 597 1625 658 partes
1661 587 1812 643 orbis
1842 587 2126 645 dividitur.

547 681 695 735 aliud
735 680 802 735 ad
845 694 1102 736 occasum
1133 681 1267 735 solis
1296 680 1677 749 assignantur,
1721 678 1868 750 quod
1895 679 2130 749 primum

548 773 859 827 declaratur
907 773 994 827 his
1039 773 1251 836 verbis,
1309 791 1327 823 ι
1366 771 1543 841 Reges
1576 771 1805 827 Tharsis
1847 780 1902 825 et
1937 770 2131 825 insula:

547 872 777 918 muner’a
813 863 1071 928 offerent;
1107 880 1125 913 ι
1161 863 1319 931 queis
1361 877 1510 915 mare
1540 859 1889 916 Occidentale
1923 858 2128 928 signiﬁ-

547 964 657 1021 cat,
693 969 907 1010 necnon
933 954 1146 1007 insulas
1183 952 1382 1007 ibidem
1417 953 1570 1007 sitas.
1610 951 1700 1006 Sic
1736 968 1866 1022 ergo
1893 952 2022 1005 olim
2046 948 2132 1003 Jo-

546 1060 649 1099 nas
681 1044 944 1113 propheta
994 1044 1234 1098 surrexit
1265 1050 1324 1096 ut
1365 1042 1572 1112 fugeret
1603 1044 1658 1096 in
1688 1041 1937 1105 Tharsis,
1963 1049 2017 1096 et
2044 1040 2133 1095 de-

549 1138 763 1193 scendit
792 1136 1026 1208 Joppen,
1061 1137 1493 1207 conscenditque
1521 1152 1713 1190 navem
1749 1144 1809 1190 ut
1838 1134 2047 1205 fugeret
2078 1134 2132 1188 in

551 1233 803 1297 Tharsis.
853 1249 1016 1303 quam
1057 1248 1181 1288 esse
1218 1233 1409 1286 dicunt
1436 1230 1725 1284 Tharsum.
1764 1230 1824 1283 In
1856 1229 2134 1283 Ezechiele

549 1340 681 1379 vero
724 1324 949 1379 Tharsis
1010 1324 1374 1386 vocabulum,
1418 1320 1802 1389 Carthaginem
1856 1318 1994 1374 LXX
2045 1336 2136 1375 ex-

552 1425 893 1487 presserunt.
955 1414 1115 1468 Aliud
1178 1414 1341 1467 clima
1385 1411 1454 1465 ad
1506 1414 1773 1466 orientem
1836 1412 2004 1466 solem
2049 1412 2135 1464 his

554 1507 935 1575 significatur,
997 1504 1218 1573 «Reges
1282 1503 1522 1557 Arabum
1584 1511 1639 1557 et
1705 1501 1869 1556 Saba.
1921 1521 1939 1553 ›
1998 1501 2133 1555 Nam

554 1598 792 1653 Arabum
836 1613 1008 1666 genus
1049 1595 1315 1651 orientale
1351 1601 1462 1660 est,
1515 1594 1745 1649 ulterius
1789 1601 1967 1649 autem
2014 1593 2138 1648 Per-

555 1693 673 1745 sica
739 1692 887 1759 regio
928 1703 1141 1742 necnon
1200 1686 1546 1740 Sabaitarum
1595 1695 1740 1740 terra
1788 1686 1967 1755 posita
2006 1685 2136 1739 dici-

553 1789 667 1835 tur.
736 1778 845 1832 Pro
902 1779 994 1831 illo
1047 1787 1270 1841 autem,
1329 1795 1348 1827 ‹
1395 1775 1570 1847 Reges
1625 1776 1867 1830 Arabum
1926 1784 1981 1829 et
2043 1775 2138 1829 Sa-

2229 587 2465 640 οίσουσιν
2518 585 2687 655 αύτῷ,
2737 581 3166 655 προφητεύεται⁹
3204 580 3270 633 δι’
3308 579 3336 631 ὃ
3377 577 3626 630 λέλεκται
3661 576 3809 645 ἑξῆς·

2236 698 2254 730 ι
2286 678 2533 742 Βασιλεῖς
2563 678 2795 748 θαρσείς
2832 677 2926 730 καὶ
2960 674 3115 743 νῆσοι
3143 672 3289 743 δῶρα
3318 669 3688 741 προσοίσουσι,
3721 668 3817 739 βα-

2232 772 2398 835 σιλεῖς
2435 771 2676 842 Ἀράϐων
2699 769 2792 822 καὶ
2818 768 2965 821 Σαϐὰ
2996 768 3144 839 δῶρα
3170 764 3518 836 προσάξουσι.
3563 781 3582 814 ι
3614 762 3724 814 Καὶ
3754 764 3813 813 ἐν

2228 864 2439 927 τούτοις
2472 862 2527 914 δὲ
2555 865 2583 915 6
2608 862 2783 931 λόγος,
2825 860 3012 914 διελὼν
3054 861 3135 922 εἰς
3174 857 3267 911 δύο
3317 856 3458 927 μέρη
3494 855 3593 926 τὴν
3634 857 3811 908 οἰκου-

2234 956 2423 1026 μένην,
2462 954 2523 1006 τὸ
2569 954 2664 1024 μὲν
2694 953 2942 1023 ἀφορίζει
2988 952 3080 1004 ἐπὶ
3122 950 3183 1003 τὸ
3220 947 3357 1020 πρὸς
3397 948 3627 1017 δυσμαῖς
3657 946 3811 1017 ήλίου

2233 1046 2421 1116 κλίμα,
2455 1044 2483 1096 ὃ
2511 1046 2575 1117 δὴ
2620 1044 2836 1116 πρῶτον
2876 1043 3208 1113 παρίστησιν
3255 1038 3453 1092 εἰπών·
3502 1048 3521 1089 't
3562 1037 3811 1099 Βασιλεῖς

2231 1136 2463 1208 Θαρσεῖς
2508 1136 2601 1189 καί¹
2649 1136 2799 1205 νῆσοι
2826 1134 2971 1204 δῶρα
3012 1131 3385 1203 προσοίσουσι’
3417 1149 3437 1181 ι
3471 1128 3538 1180 δι’
3577 1122 3653 1181 ὧν
3710 1127 3812 1198 τὴν

2232 1228 2369 1298 πρὸς
2413 1229 2644 1297 δυσμαῖς
2686 1226 2939 1297 σημαίνει
2973 1224 3248 1276 Θάλασσαν
3275 1222 3370 1274 καὶ
3406 1219 3507 1281 τὰς
3542 1221 3598 1271 ἐν
3640 1218 3811 1289 ταύτῃ

2232 1323 2449 1392 νήσους.
2478 1319 2663 1382 Οὕτως
2695 1315 2786 1371 οὖν
2814 1334 2943 1369 ποτε
2984 1316 3076 1368 καὶ
3119 1316 3301 1376 Ἰωνᾶς
3329 1315 3357 1366 6
3405 1314 3688 1383 προφήτης
3718 1311 3806 1362 ἁν-

2234 1414 2363 1485 έστη
2387 1415 2578 1483 φυγεῖν
2616 1414 2695 1475 είς
2716 1410 2948 1481 Θαρσεῖς
2982 1410 3076 1462 καὶ
3103 1407 3307 1475 κατέϐη
3341 1408 3420 1468 είς
3454 1405 3694 1474 Ἰόππην,
3718 1404 3814 1455 καὶ

2234 1505 2401 1575 ἀνέϐη
2445 1508 2525 1567 είς
2572 1503 2752 1556 πλοῖον
2794 1502 2886 1554 τοῦ
2915 1503 3106 1569 φυγεῖν
3140 1501 3219 1562 είς
3264 1498 3514 1568 Θαρσεῖς,
3538 1498 3605 1566 ἧν
3651 1512 3814 1562 φασιν

2235 1594 2373 1650 εἶναι
2407 1596 2504 1666 τὴν
2536 1595 2764 1666 Θαρσόν.
2810 1595 2897 1647 Ἐν
2944 1593 3000 1645 δὲ
3040 1590 3118 1661 τῷ
3159 1588 3407 1659 Ἐζεκιὴλ
3449 1587 3543 1640 τοῦ
3582 1587 3813 1655 Θαρσεῖς

2234 1691 2493 1761 ὀνόματος
2542 1686 2875 1758 φερομένου,
2923 1686 2971 1737 οἱ
3036 1681 3435 1750 Ἐϐδομήκοντα
3492 1676 3813 1749 Καρχηδόνα

2235 1785 2606 1855 ἡρμήνευσαν·
2640 1779 2713 1831 Τδ
2757 1778 2814 1831 δὲ
2846 1777 3032 1848 ἒτερον
3076 1774 3245 1843 κλίμα
3292 1771 3352 1824 τὸ
3388 1770 3522 1842 πρὸς
3551 1768 3813 1832 ἀνατολὰς

557 1872 658 1935 ba,
698 1890 717 1923 ι
751 1870 945 1940 Aquila
1001 1880 1054 1925 et
1094 1868 1454 1939 Symmachus
1504 1884 1568 1922 ac
1626 1883 1751 1922 cum
1782 1868 1850 1922 iis
1908 1865 2135 1922 Hebrai-

2440 1872 2690 1942 δηλοῦται
2739 1870 2827 1923 διὰ
2886 1840 3003 1933 τοῦ,
3055 1884 3072 1916 ε
3130 1840 3377 1926 Βασιλεῖς
3421 1840 3664 1932 ’Ἀράϐων
3720 1860 3814 1913 καὶ

555 1976 681 2015 cum
729 1962 1042 2030 exemplar,
1089 1959 1307 2029 «Reges
1350 1959 1494 2013 Saba
1546 1965 1601 2013 et
1659 1958 1800 2012 Saba
1830 1976 1848 2009 ι
1908 1958 2129 2013 habent.

555 2050 635 2104 ita
696 2059 754 2105 ut
809 2050 1212 2120 pronuntiando
1271 2049 1491 2117 quidem
1545 2048 1781 2118 idipsum
1825 2047 1980 2111 sint,
2019 2048 2133 2102 ele-

555 2153 863 2196 mentorum
904 2141 1167 2195 varietate
1205 2140 1477 2194 diﬁerant.
1540 2138 1675 2193 Nam
1715 2141 1949 2209 primum
1993 2138 2135 2193 Saba

556 2247 655 2303 per
694 2233 929 2285 litteram
978 2231 1081 2286 Sen
1125 2233 1195 2285 ab
1234 2231 1476 2285 Hebraeis
1532 2231 1779 2297 dictam;
1834 2231 2133 2285 secundum

556 2340 688 2379 vero
714 2340 810 2394 per
848 2324 989 2379 Sade
1025 2325 1288 2393 scriptum
1328 2324 1383 2375 in
1418 2321 1686 2376 Hebraico
1724 2329 1828 2384 est,
1861 2322 2005 2376 unde
2052 2323 2136 2375 in-

558 2417 967 2487 terpretationis
998 2424 1180 2470 ortum
1216 2414 1513 2469 discrimen
1554 2422 1659 2467 est.
1704 2412 1960 2466 Servator
2005 2428 2137 2468 sane

556 2508 663 2560 hoc
718 2521 917 2561 nomen
947 2512 1343 2559 commemorat
1384 2503 1612 2558 dicens:
1658 2522 1676 2553 ‹
1731 2502 1936 2573 Regina
1994 2502 2151 2557 Saba.

560 2607 747 2670 surget
780 2602 834 2653 in
860 2599 948 2654 die
969 2598 1185 2667 judicii,
1216 2604 1269 2651 et
1309 2596 1695 2651 condemnabit
1734 2595 2136 2665 generationem

558 2692 721 2755 hanc,
750 2691 877 2761 quia
912 2689 1059 2743 venit
1081 2705 1110 2741 a
1143 2689 1339 2743 ﬁnibus
1379 2696 1557 2751 terrae,
1590 2694 1651 2739 ut
1682 2687 1891 2740 audiret
1921 2687 2138 2755 sapien-

558 2790 692 2843 tiam
732 2788 1039 2844 Salomonis
1069 2789 1151 2841 ³⁹ε
1192 2806 1212 2840 ›
1257 2796 1441 2858 aperte
1469 2787 1757 2841 declarans
1812 2786 1865 2839 in
1892 2788 2138 2841 terminis

560 2888 721 2934 terra:
749 2880 908 2935 sitam
940 2886 1153 2947 gentem
1184 2876 1326 2932 Saba
1352 2878 1572 2932 dictam.
1603 2876 1728 2931 Haec
1759 2892 1921 2946 porro
1945 2877 2139 2933 tertius

562 2968 875 3039 Regnorum
914 2970 1049 3023 liber
1089 2969 1157 3023 de
1189 2969 1295 3024 ista
1332 2977 1489 3038 gente
1524 2977 1711 3022 narrat
1742 2988 1753 3021 :
1802 2988 1819 3018 ι
1860 2968 1923 3021 Ει
1952 2968 2138 3037 regina

564 3059 710 3115 Saba
740 3060 949 3114 audivit
982 3075 1179 3114 nomen
1206 3058 1537 3121 Salomonis,
1566 3067 1619 3115 et
1647 3060 1794 3113 venit
1820 3067 1878 3112 ut
1908 3067 2141 3114 tentaret

2235 1970 2402 2023 Σαϐά.
2449 1986 2468 2019 ι
2499 1966 2571 2019 Τό
2602 1982 2662 2017 τε
2712 1962 2821 2033 γὰρ
2862 1961 2969 2014 τῶν
3008 1958 3252 2030 Ἀράϐων
3297 1955 3451 2023 γένος
3500 1952 3813 2006 ἀνατολικὸν

2234 2060 2510 2129 τυγχάνει,
2556 2056 2815 2109 ἐπέκεινα
2855 2053 2910 2105 δὲ
2937 2050 3100 2106 αὐτοῦ
3133 2050 3199 2102 τὰ
3234 2045 3481 2118 Περσικὰ
3512 2045 3671 2116 μέρη,
3722 2045 3814 2096 καὶ

2235 2154 2269 2222 ή
2301 2152 2407 2205 τῶν
2456 2148 2733 2203 Σαϐαῖτῶν
2767 2146 2920 2217 χώρα
2968 2140 3105 2195 εἶναι
3133 2141 3369 2209 λέγεται.
3410 2139 3556 2190 Ἀντί
3598 2138 3654 2189 δὲ
3694 2135 3812 2199 τοῦ,

2243 2264 2260 2295 ι
2296 2243 2540 2306 Βασιλεῖς
2599 2239 2843 2311 Ἀράϐων
2892 2238 2987 2290 καὶ
3035 2234 3205 2297 Σαϐὰ,
3253 2252 3271 2284 ι
3315 2233 3343 2284 ὁ
3385 2230 3615 2293 Ἀκύλας
3661 2229 3755 2282 καὶ
3787 2230 3817 2281 6

2238 2337 2547 2405 Σύμμαχος,
2573 2335 2607 2404 ἦ
2653 2350 2710 2385 τε
2754 2329 3013 2400 Ἐϐραῖκὴ
3054 2326 3241 2398 γραφὴ
3282 2324 3544 2385 συντόνως
3584 2321 3814 2384 τούτοις,

2244 2447 2261 2478 ι
2304 2426 2549 2489 Βασιλεῖς
2579 2425 2728 2478 Σαϐὰ
2772 2425 2866 2477 καὶ
2911 2422 3060 2475 Σαϐὰ
3099 2441 3116 2473 ι
3153 2422 3457 2492 εἰρήκασιν.
3500 2418 3649 2469 ”Ωστ’
3678 2411 3817 2467 εἷναι

2236 2521 2431 2575 ταύτὸν
2476 2520 2573 2591 μὲν
2629 2517 3035 2587 ὲκφωνούμενον
3075 2515 3264 2585 ὄνομα,
3296 2512 3623 2565 διαλλάττειν
3658 2509 3714 2561 δὲ
3749 2510 3814 2579 τῇ

2236 2613 2345 2665 τῶν
2389 2612 2664 2682 στοιχείων
2712 2610 2973 2680 διαφορᾷ·
3012 2608 3071 2661 τὸ
3118 2608 3237 2677 μὲν
3268 2605 3376 2676 γὰρ
3426 2603 3639 2675 πρῶτον
3668 2600 3815 2654 Σαϐὰ

2238 2702 2324 2754 διὰ
2378 2700 2473 2754 τοῦ
2530 2700 2863 2770 καλουμένου
2923 2697 3051 2769 παρ’
3117 2696 3389 2767 Ἑϐραίοις
3451 2694 3596 2756 σὲν,
3659 2691 3719 2743 τὸ
3760 2691 3816 2743 δὲ

2238 2792 2487 2863 δεύτερον
2520 2790 2610 2844 διὰ
2634 2790 2727 2842 τοῦ
2773 2789 2929 2856 σάδη
2981 2789 3242 2857 στοιχείου
3274 2786 3415 2841 κατὰ
3450 2786 3548 2857 τὴν
3611 2784 3819 2854 Ἐϐραῖ-

2241 2885 2341 2955 κὴν
2375 2884 2669 2954 ἐμφέρεται
2717 2883 2936 2953 γραφήν
2956 2899 2968 2910 ·
2999 2880 3148 2933 ἔνθεν
3180 2880 3270 2933 καὶ
3305 2879 3375 2932 τὰ
3401 2879 3497 2949 τῆς
3527 2876 3818 2949 ἑρμηνείας

2241 2978 2421 3040 αὐτοῖς
2448 2976 2777 3029 ὲναλλάττει.
2819 2975 2929 3027 Καὶ
2959 2976 2986 3027 6
3025 2973 3214 3043 Σωτὴρ
3243 2973 3298 3025 δὲ
3328 2971 3518 3023 τούτου
3551 2970 3818 3039 μέμνηται

2242 3072 2334 3125 τοῦ
2368 3070 2628 3139 ὀνόματος
2658 3066 2859 3134 λέγων’
2900 3084 2916 3115 ι
2956 3064 3251 3117 Βασίλισσα
3284 3061 3430 3115 Σαϐὰ
3457 3060 3817 3129 ἀναστήσεται

563 3168 689 3206 eum
723 3152 778 3205 in
802 3151 1203 3222 anigmatibus.
1246 3149 1311 3203 Et
1339 3152 1488 3204 venit
1523 3152 1576 3205 in
1611 3150 1909 3205 Jerusalem
1946 3152 1997 3204 in
2044 3166 2139 3221 po-

2245 3168 2301 3219 ὲν
2328 3165 2507 3236 ἡμέρα
2529 3162 2781 3232 κρίσεως,
2810 3160 2903 3213 καὶ
2924 3159 3239 3229 κατακρινεῖ
3265 3156 3363 3225 τὴν
3385 3154 3576 3223 γενεὰν
3592 3152 3814 3226 ταύτην,

564 3256 762 3303 testate
799 3248 950 3317 gravi
986 3245 1160 3300 valde.
1210 3244 1275 3298 Et
1306 3247 1498 3299 cameli
1542 3245 1774 3299 ferentes
1822 3246 2045 3300 delicias
2088 3255 2140 3307 et

565 3339 800 3409 lapidem
830 3339 1129 3409 pretiosum
1157 3337 1223 3390 ⁸ο.
1268 3356 1287 3390 ›
1334 3336 1644 3391 Vocabatur
1679 3353 1842 3407 porro
1884 3340 2032 3408 regio
2060 3348 2142 3391 at-

564 3446 672 3500 que
699 3446 830 3501 gens
858 3431 947 3483 illa
985 3429 1148 3492 Saba,
1173 3444 1202 3483 a
1250 3444 1454 3499 proavo
1489 3426 1655 3491 Saba,
1695 3430 1787 3498 qui
1820 3428 1962 3484 ﬁlius
1993 3430 2141 3484 Chus

566 3520 739 3575 fuisse
775 3521 1059 3575 scribitur.
1091 3520 1181 3573 Alt
1213 3536 1344 3591 ergo
1377 3518 1578 3591 Moysis
1610 3520 1892 3590 Scriptura
1919 3538 1931 3574 :
1971 3539 1988 3571 ι
2021 3519 2140 3573 Filii

569 3619 751 3667 autem
780 3611 951 3674 Chus.
987 3612 1129 3666 Saba
1162 3621 1217 3667 et
1245 3610 1455 3677 Hevila,
1485 3622 1538 3666 et
1573 3610 1811 3666 Sabatha
1833 3612 1898 3664 υ.
1942 3630 1960 3662 ι
1993 3610 2142 3666 Chus

563 3720 695 3759 vero
722 3705 1026 3775 explicatur
1058 3722 1077 3756 ‹
1107 3704 1381 3774 ΑΞιῒιίορε.
1429 3723 1447 3755 i
1480 3703 1626 3759 Gens
1657 3704 1819 3774 igitur
1846 3718 1969 3773 quae
2001 3702 2141 3757 Saba

564 3801 795 3849 vocatur
821 3835 835 3859 ,
888 3794 1200 3864 Aithiopica
1232 3794 1448 3849 videtur
1495 3801 1638 3849 esse.
1673 3793 1985 3849 Secundum
2015 3794 2143 3847 item

567 3883 712 3937 Saba
754 3892 1108 3950 memoratur,
1156 3885 1222 3939 de
1276 3901 1384 3956 quo
1430 3886 1506 3941 ait
1560 3884 1881 3955 Scriptura:
1943 3905 1961 3937 ‹
2022 3884 2143 3939 Filii

565 3978 822 4049 Regmas,
856 3978 997 4033 Saba
1024 3988 1077 4034 et
1109 3980 1291 4036 Dadan
1314 3982 1381 4036 “.
1422 4001 1439 4033 ι
1471 3981 1843 4052 Congruenter
1876 3982 2057 4052 itaque
2088 3985 2143 4035 in

567 4070 778 4139 psalmo
828 4070 1131 4124 secundum
1186 4071 1426 4140 reliquos
1476 4070 1803 4141 interpretes
1839 4071 2141 4126 scribitur:

574 4178 593 4210 ‹
635 4158 805 4230 Reges
836 4159 979 4214 Saba
1009 4168 1063 4216 et
1111 4159 1253 4216 Saba
1304 4163 1446 4217 dona
1493 4162 1783 4217 adducent.
1823 4182 1842 4215 ι
1878 4162 2145 4218 Caeterum

568 4252 658 4306 liis
691 4253 978 4323 prophetia
1026 4256 1319 4324 signiﬁcat,
1356 4273 1524 4327 regna
1578 4259 1641 4311 ad
1679 4258 1996 4313 orientalem
2028 4259 2147 4328 pla—

573 4357 695 4411 gani
729 4343 856 4406 sita,
890 4343 1127 4413 itemque
1156 4359 1323 4414 regna
1354 4346 1677 4409 occidentis,
1712 4347 1761 4400 ei
1795 4347 1887 4416 qui
1921 4348 1977 4401 in
2009 4347 2147 4401 vati-

572 4434 719 4488 cinio
755 4432 948 4496 fertur,
965 4432 1106 4488 dona
1130 4435 1379 4489 oblatura
1403 4451 1556 4502 esse;
1582 4450 1706 4488 nam
1730 4436 1809 4490 sic
1837 4437 2147 4492 indicantur

2241 3261 2320 3312 ὅτι
2346 3253 2509 3327 ἦλθεν
2537 3257 2601 3306 ὲκ
2633 3253 2741 3305 τῶν
2781 3251 3030 3323 περάτων
3061 3250 3159 3320 τῆς
3191 3250 3292 3319 γῆς
3334 3247 3565 3303 ἀκοῦσαι
3599 3249 3696 3319 τὴν
3735 3265 3819 3301 σο-

2244 3350 2368 3418 φίαν
2385 3346 2743 3416 Σολομῶντος·
2779 3363 2795 3395 ›
2824 3342 3009 3412 σαφῶς
3032 3341 3299 3413 παριστὰς
3318 3341 3392 3405 ὡς
3410 3345 3464 3394 ὲν
3486 3344 3593 3404 τοῖς
3622 3341 3819 3411 πέρασι

2241 3441 2341 3510 τῆς
2372 3440 2473 3509 γῆς
2504 3438 2564 3491 τὸ
2613 3435 2761 3490 Σαϐὰ
2792 3435 2939 3498 ἔθνος
2978 3434 3253 3504 τυγχάνει.
3291 3433 3516 3504 Ἱστορεῖ
3549 3433 3607 3486 δὲ
3647 3433 3740 3485 καὶ
3784 3433 3815 3501 ἡ

2241 3530 2400 3601 τρίτη
2429 3529 2534 3581 τῶν
2577 3525 2870 3581 Βασιλειῶν
2912 3526 3041 3597 περὶ
3077 3525 3170 3577 τοῦ
3201 3525 3364 3579 αὐτοῦ
3406 3524 3590 3587 ἔθνους
3618 3524 3817 3578 ταῦτα’

2251 3644 2267 3674 ι
2281 3624 2387 3675 Καὶ
2403 3622 2687 3693 βασίλισσα
2704 3620 2851 3674 Σαϐὰ
2871 3620 3003 3691 ήκου
3012 3637 3070 3672 σε
3086 3620 3145 3672 τὸ
3159 3620 3327 3690 ὄνομα
3341 3618 3706 3688 Σολομῶντος,
3726 3618 3821 3670 καὶ

2242 3712 2371 3787 ἦλθε
2400 3713 2654 3784 πειράσαι
2678 3712 2839 3766 αὑτὸν
2861 3713 2917 3764 ὲν
2940 3711 3244 3781 αἰνίγμασι.
3270 3711 3379 3763 Kal.
3410 3705 3571 3780 ἦλθεν
3604 3710 3684 3771 είς
3721 3709 3821 3760 Ἰε-

2247 3805 2526 3879 ρουσαλὴμ
2557 3806 2614 3857 ὲν
2646 3802 2871 3872 δυνάμει
2921 3802 3116 3873 βαρείᾳ
3162 3801 3385 3873 σφόδρα.
3432 3801 3542 3853 Καὶ
3584 3798 3821 3870 κάμηλοι

2245 3899 2494 3969 αἴρουσαι
2539 3895 2823 3966 ἡδύσματα
2869 3895 2963 3947 καὶ
3007 3894 3205 3965 χρυσὸν
3251 3893 3420 3946 πολὺν
3471 3892 3673 3963 σφόδρα
3726 3891 3821 3945 καὶ

2244 3992 2391 4044 λίθον
2444 3989 2640 4059 τίμιον.
2676 4006 2694 4039 ι
2724 3984 2972 4056 Κέκλητο
3027 3986 3084 4037 δὲ
3130 3987 3164 4056 ή
3204 3983 3357 4056 χώρα
3404 3985 3497 4038 καὶ
3551 3985 3611 4037 τὸ
3671 3986 3821 4048 ἔθνος

2246 4079 2392 4133 Σαϐὰ
2436 4079 2543 4131 ἀπὸ
2586 4076 2928 4149 προπάτορος
2958 4075 3051 4128 τοῦ
3090 4075 3271 4137 Σαϐὰ,
3313 4075 3371 4138 ὃς
3407 4075 3820 4147 ἀναγέγραπται

2248 4173 2360 4235 υἱὸς
2378 4170 2614 4240 γεγονὼς
2628 4168 2720 4222 τοῦ
2739 4168 2900 4232 X036-
2922 4168 3082 4236 Λέγει
3100 4168 3141 4219 δ’
3159 4164 3251 4221 οὖν
3267 4170 3298 4238 ἡ
3314 4168 3589 4231 Μωῧσέως
3610 4170 3815 4239 τραφή’

2253 4284 2271 4315 ι
2297 4266 2412 4317 Υἱοὶ
2440 4264 2495 4315 δὲ
2524 4262 2685 4327 Χοῦς,
2710 4261 2859 4314 Σαϐὰ
2882 4263 2975 4315 καὶ
2992 4261 3176 4323 Εὑίλα,
3194 4261 3288 4314 καὶ
3304 4261 3538 4315 Σαϐάθα.
3566 4281 3584 4312 ›
3606 4261 3748 4325 Χοῢς
3762 4258 3819 4314 δὲ

2249 4356 2607 4427 ἑρμηνεύεται
2632 4373 2648 4404 ι
2687 4357 2714 4407 6
2736 4354 2946 4423 Αἰθίοψ.
2980 4373 2997 4404 ι
3036 4354 3195 4417 Γένος
3216 4350 3631 4407 οῧνΑίθιοπικὸν
3649 4354 3821 4407 ἔοικεν

2248 4443 2385 4500 εἶναι
2412 4446 2470 4499 τὸ
2498 4444 2645 4497 Σαϐὰ
2673 4444 2842 4508 ἔθνος.
2878 4445 2988 4497 Kal.
3021 4444 3271 4515 δεύτερον
3308 4445 3364 4497 δὲ
3404 4444 3617 4516 εἴρηται
3650 4445 3818 4510 Σαϐὰ,

572 4532 763 4595 gentes
792 4523 1011 4594 regibus
1052 4524 1300 4579 subdita.
1343 4523 1484 4577 Num
1517 4525 1751 4579 fortasse
1780 4541 1935 4595 reges
1962 4527 2139 4582 dican-

2253 4534 2381 4606 περὶ
2418 4526 2477 4586 οὗ
2510 4550 2671 4602 φησιν
2706 4536 2739 4603 ἡ
2768 4534 2990 4605 Γραφή·
3042 4552 3059 4584 ι
3105 4534 3225 4586 Υἱοὶ
3266 4535 3323 4587 δὲ
3368 4535 3627 4606 Ῥεγμὰς,
3674 4536 3822 4589 Σαϐὰ

571 4623 665 4667 tur
692 4613 891 4685 angeli,
923 4617 1016 4684 qui
1050 4615 1302 4684 gentibus
1330 4622 1594 4683 praesunt,
1628 4613 1737 4670 Deo
1761 4631 1916 4670 sacra
1943 4615 2146 4671 facien-

574 4717 675 4771 tes,
708 4709 867 4777 eique
899 4707 1175 4763 Ecclesias
1202 4708 1445 4778 gentium
1484 4723 1712 4776 quarum
1748 4708 1987 4778 praefecti
2017 4716 2146 4764 sunt

570 4799 628 4851 in
655 4798 859 4852 donum
889 4796 1223 4853 offerentes?
1254 4796 1435 4864 Quare
1463 4797 1659 4853 deinde
1696 4800 2020 4853 vaticinatur
2054 4799 2145 4855 fu-

571 4899 777 4951 turum.
821 4896 881 4943 ut
919 4888 1150 4944 adorent
1190 4904 1314 4943 eum
1349 4904 1537 4944 omnes
1569 4904 1744 4961 reges.
1779 4889 1964 4961 Neque
1997 4892 2142 4946 enim

573 4981 843 5036 duntaxat
874 4980 1133 5051 praedicta
1182 4981 1324 5035 dona
1359 4981 1620 5037 allaturos
1669 4984 2015 5053 pramuntiat,
2051 4986 2146 5040 sed

573 5089 698 5128 eum
728 5073 893 5127 etiam
925 5073 1250 5127 adoraturos
1275 5089 1417 5128 esse.
1448 5072 1603 5139 Quod
1650 5078 1781 5129 item
1834 5073 2046 5146 Moyses
2089 5077 2145 5130 in

574 5180 773 5235 magno
800 5166 1017 5221 cantico
1045 5165 1232 5220 docuit
1258 5165 1325 5221 de
1352 5164 1573 5220 Christo
1601 5167 1729 5221 talia
1757 5166 1900 5223 fatus
1928 5187 1942 5222 :
1973 5186 1993 5219 ι
2030 5166 2147 5222 Lae-

574 5257 786 5320 tamini,
845 5257 993 5321 coeli,
1040 5272 1165 5311 cum
1218 5258 1359 5328 ipso,
1400 5264 1454 5312 et
1505 5259 1732 5315 adorent
1777 5275 1901 5313 eum
1952 5275 2143 5314 omnes

575 5350 750 5421 angeli
787 5349 879 5406 Dei
903 5349 971 5407 ”.
1014 5371 1032 5403 ›
1063 5350 1130 5407 Hi
1170 5354 1380 5411 scilicet
1421 5372 1595 5428 reges,
1624 5358 1823 5412 occulti
1856 5366 1911 5412 et
1952 5356 2145 5411 invisi-

576 5441 715 5497 biles
742 5443 981 5513 gentiuin
1014 5445 1289 5515 principes
1319 5445 1604 5503 Dominum
1638 5465 1796 5505 suum
1832 5449 2142 5514 adorantes,

578 5535 787 5590 animas
827 5536 931 5591 sibi
979 5537 1301 5594 commissas
1352 5538 1456 5609 ipsi
1504 5539 1561 5593 in
1611 5538 1749 5595 dona
1804 5537 2141 5595 offerebant:

577 5640 745 5696 quare
774 5629 877 5684 sub
904 5629 1018 5685 hmc
1050 5629 1324 5699 adjicitur,
1363 5650 1384 5683 ι
1420 5629 1621 5688 Omnes
1665 5639 1855 5702 gentes
1904 5632 2145 5689 servient

646 5778 692 5810 ³³
716 5779 845 5834 Luc.
887 5792 963 5847 XI,
1000 5784 1085 5837 3i.
1164 5784 1205 5817 ⁸ο
1240 5784 1301 5839 lll
1338 5785 1467 5857 lleg.
1493 5804 1547 5855 ι,
1575 5787 1624 5855 1,
1648 5788 1703 5844 2.
1794 5788 1835 5821 “
1870 5786 2005 5847 Gen.
2049 5804 2105 5856 ι,
2139 5787 2191 5845 7.
2265 5791 2311 5822 δ’
2340 5788 2472 5846 ibid.

2253 4626 2346 4680 καὶ
2366 4626 2536 4679 Δαδάν
2556 4667 2568 4679 .
2602 4646 2619 4676 i
2646 4625 2885 4688 Εἰκότως
2908 4624 3085 4678 τοίνυν
3119 4627 3173 4677 ἐν
3197 4625 3273 4696 τῷ
3294 4626 3491 4698 ψαλμῷ
3511 4629 3822 4699 γέγραπται

2251 4714 2391 4769 κατὰ
2424 4716 2547 4778 τοὺς
2574 4714 2793 4778 λοιπούς
2812 4732 2825 4745 ο
2868 4732 2887 4765 ι
2926 4714 3168 4779 Βασιλεῖς
3200 4716 3347 4771 Σαϐὰ
3373 4719 3467 4772 καὶ
3495 4720 3641 4772 Σαϐὰ
3675 4720 3824 4790 δῶρα

2251 4806 2598 4878 προσάξουσι.
2641 4827 2658 4858 ι
2686 4806 2833 4876 Πλὴν
2873 4805 3008 4859 ἀλλὰ
3049 4808 3302 4876 σημαίνει
3333 4810 3365 4878 ή
3399 4812 3705 4882 προφητεία
3735 4812 3822 4864 διὰ

2248 4898 2451 4952 τούτων
2480 4899 2578 4962 τὰς
2606 4897 2748 4951 κατὰ
2784 4898 2843 4950 τὸ
2872 4899 3183 4951 ἀνατολικὸν
3217 4898 3384 4969 κλίμα
3424 4900 3698 4969 βασιλείας
3729 4904 3823 4955 καὶ

2246 4987 2346 5051 τὰς
2378 4989 2512 5061 πρὸς
2550 4989 2757 5059 δυσμὰς
2788 4988 2935 5059 ἡλίου
2966 4988 3115 5059 δῶρα
3146 4987 3223 5058 τῷ
3252 4988 3625 5062 θεσπιζομένῳ
3657 5010 3826 5062 προσ-

2246 5079 2431 5144 οίσειν,
2450 5079 2589 5131 οὕτω
2611 5097 2725 5143 πως
2748 5079 3159 5150 σημαινομένων
3177 5081 3285 5133 τῶν
3307 5081 3409 5134 ὑπὸ
3432 5082 3528 5145 τὰς
3551 5082 3825 5152 βασιλείας

2246 5170 2433 5225 ἐθνῶν.
2469 5173 2693 5242 Μήποτε
2733 5171 2789 5241 δὲ
2833 5173 2925 5225 καὶ
2969 5172 3207 5243 βασιλεῖς
3252 5175 3301 5228 οἱ
3344 5173 3450 5227 τῶν
3489 5173 3658 5226 ὲθνῶν
3692 5191 3826 5246 προ-

2247 5263 2477 5328 εστῶτες
2496 5264 2714 5332 ἄγγελοι
2733 5263 3012 5335 δηλοῦνται
3028 5267 3308 5337 ίερωμένοι
3328 5266 3405 5336 τῷ
3419 5265 3536 5344 Θεῴ
3563 5266 3655 5319 καὶ
3676 5265 3824 5335 δῶρα

2250 5356 2613 5427 προσάγοντες
2638 5356 2785 5428 αύτῷ
2823 5357 2923 5423 τὰς
2968 5359 3288 5431 Ἐκκλησίας
3337 5352 3411 5412 ὧν
3461 5357 3823 5428 καθηγοῦνται

2250 5447 2450 5515 ἐθνῶν;
2486 5450 2559 5502 Δι’
2590 5448 2619 5501 ὃ
2655 5449 2783 5519 ἑξῆς
2829 5452 3225 5523 προσκυνήσειν
3271 5448 3419 5520 αύτῷ
3462 5449 3669 5512 πάντας
3698 5450 3825 5513 τοὺς

2253 5539 2492 5611 βασιλεῖς
2516 5540 2778 5603 θεσπίζει.
2816 5543 2890 5595 Οὐ
2922 5542 3030 5613 γὰρ
3063 5543 3220 5610 μόνον
3257 5541 3564 5613 προσοίσειν
3592 5540 3738 5611 αὐτῷ
3757 5542 3827 5594 τὰ

2252 5632 2616 5704 προλεχθέντα
2671 5632 2819 5706 δῶρά
2875 5651 3060 5705 φησιν,
3108 5635 3240 5688 ἀλλὰ
3291 5634 3385 5687 καὶ
3430 5634 3828 5705 προσκυνήσειν

2584 5789 2628 5822 ⁵³
2658 5788 2812 5848 Deut.
2858 5806 3027 5861 xxx",
3050 5791 3168 5857 43;
3196 5790 3336 5848 Psal.
3375 5807 3517 5850 κατι.
3539 5791 3590 5846 ’7.
3634 5846 3645 5851 νη
