4128 6392
394 412 502 468 809

1526 409 2035 469 COMMENTARIA
2070 413 2137 468 ΙΝ
2180 409 2526 470 PSALMOS.

3558 421 3665 477 8I0

392 528 559 601 αὐτῷ.
599 531 663 584 ’0
686 529 751 603 δή
800 529 893 585 καὶ
928 527 1171 601 Μωῦσῖις
1202 531 1261 585 ἐν
1310 530 1521 604 μεγάλῃ
1557 531 1668 603 ᾠδῇ
1704 531 1961 585 ὲδίδασκεπ

2085 530 2155 587 ei.
2201 551 2219 584 ›
2275 530 2432 599 Quod
2465 545 2598 587 sane
2630 530 2760 591 huic
2790 528 2940 589 dicto
2971 532 3132 590 aliine
3161 544 3245 593 est
3272 546 3287 591 :‘
3343 556 3361 589 ι
3403 534 3669 598 Dominus

390 625 485 678 ὡδί
530 642 607 696 πη
642 626 769 697 περὶ
802 624 1041 697 Χριστοῦ
1081 623 1287 692 λέγων·
1334 644 1352 676 ι
1388 625 1764 698 Εὐφράνθητε,
1821 626 1979 697 οὐρα-

389 720 489 785 νοὶ,
528 719 645 791 ἀμα
677 720 845 791 αὐτῷ,
881 721 975 774 καὶ
1018 718 1549 791 προσκυνησάτωσαν
1584 718 1733 788 αὐτῷ
1774 718 1976 781 πάντες

389 812 606 882 ἄγγελοι
640 812 797 866 Θεοῦ.
840 833 861 866 ι
886 808 1045 868 Οὗτοι
1071 813 1208 883 δῆτα
1242 814 1290 865 οἱ
1324 812 1581 883 βασιλεῖς,
1625 813 1851 880 ἀφανεῖς
1881 812 1975 865 καὶ

386 904 607 976 ἀόρατοι
655 903 764 956 τών
801 902 971 957 ἐθνῶν
1025 903 1305 975 ἄρχοντες,
1361 901 1839 971 προσκυνήσαντες
1883 898 1974 951 τὸν

386 995 595 1050 ἑαυτῶν
633 994 860 1067 Κύριον,
901 994 1003 1058 τάς
1034 995 1126 1048 ὑπ’
1169 996 1351 1058 αὐτοῖς
1384 992 1561 1063 ψυχάς
1604 991 1753 1062 δῶρα
1808 1004 1978 1062 προσ-

383 1089 519 1158 ῆγον
538 1087 707 1159 αὐτῷ.
736 1088 936 1159 Διόπερ
950 1087 1161 1151 τούτοις
1184 1084 1313 1157 έξῆς
1341 1085 1608 1155 συνῆπται
1634 1084 1710 1137 τό·
1743 1105 1759 1135 ι
1790 1084 1976 1137 Πάντα

380 1180 453 1234 τὰ
503 1180 629 1251 ἔθνη
673 1180 1046 1234 δουλεύσουσιν
1100 1178 1266 1249 αὐτῷ.
1309 1198 1326 1229 ι
1366 1176 1665 1247 Σύμφωνον
1702 1176 1746 1228 δ’
1780 1175 1846 1229 ἂν
1890 1174 1977 1246 εἴη

380 1271 540 1327 τοῦτο
597 1272 676 1344 τῷ
720 1273 950 1343 φήσαντι
1000 1272 1165 1343 λόγῳ·
1208 1289 1225 1321 ι
1267 1270 1471 1338 Κύριος
1516 1266 1635 1320 εἷπε
1686 1268 1821 1339 πρὸς
1865 1266 1965 1337 μέ·

380 1362 511 1428 Υἱός
545 1381 645 1435 μου
677 1361 728 1418 εἴ
755 1364 819 1418 σύ
840 1380 854 1395 ·
889 1365 1000 1434 ὲγὼ
1021 1365 1262 1435 σήμερον
1288 1361 1597 1433 γεγέννηκά
1628 1378 1706 1415 σε.
1733 1360 1966 1431 Αἴτησαι

382 1460 513 1529 παρ’
547 1456 705 1527 ἐμοῦ,
735 1458 832 1510 καὶ
873 1455 1030 1510 δώσω
1057 1474 1138 1509 σοι
1167 1456 1294 1526 ἔθνη
1321 1455 1418 1526 τὴν
1451 1453 1820 1526 κληρονομίαν
1848 1470 1963 1517 σου,

380 1551 474 1600 καὶ
513 1547 613 1618 τὴν
641 1546 968 1623 κατάσχεσιν
997 1563 1088 1599 σου
1111 1546 1179 1600 τά
1207 1546 1420 1617 πέρατα
1451 1544 1553 1614 τῆς
1579 1545 1700 1615 γῆς.
1742 1563 1761 1595 ι
1809 1546 1872 1597 Ὃ
1899 1543 1962 1614 δὴ

379 1641 473 1693 καὶ
523 1639 815 1693 πεπεῖσθαι
849 1639 956 1711 χρὴ
1004 1637 1481 1711 πληρωθήσεσθαι,
1513 1638 1589 1691 ὅτ’
1621 1637 1685 1690 ἂν
1724 1634 1785 1689 τὸ
1827 1636 1964 1707 πλή-

382 1748 541 1802 ρωμα
573 1731 680 1783 τῶν
709 1730 877 1784 ἐθνῶν
898 1730 1135 1801 εἰσέλθῃ,
1170 1731 1263 1783 καὶ
1298 1729 1533 1801 μάλιστα
1564 1727 1706 1783 κατά
1735 1728 1833 1800 τὴν
1853 1728 1966 1780 δευ·

2084 623 2222 676 dixit
2250 623 2321 677 ad
2348 638 2468 678 me:
2495 621 2667 679 Filius
2698 639 2853 682 meus
2873 640 2933 681 es
2960 636 3039 693 tu,
3074 642 3175 698 ego
3208 628 3370 684 hodie
3397 632 3560 702 genui
3591 641 3666 689 te.

2082 713 2308 770 Postula
2367 729 2398 768 a
2443 731 2551 779 me,
2610 722 2664 771 et
2712 716 2854 773 dabo
2901 718 3002 773 tibi
3048 728 3238 790 gentes
3293 720 3668 784 baereditatem

2079 817 2252 870 tuam,
2299 813 2353 861 et
2381 807 2790 876 possessionem
2837 816 2985 863 tuam
3034 811 3300 867 terminos
3346 820 3505 868 terrae
3529 816 3596 872 ‘i.
3642 836 3661 868 ι

2078 899 2235 966 Quod
2290 914 2423 954 sane
2468 906 2791 954 eventurum
2839 915 2963 956 esse
3010 899 3343 957 credendum
3370 944 3384 969 ,
3444 908 3666 977 quando

2079 989 2362 1062 plenitudo
2393 990 2637 1061 gentium
2680 989 2929 1061 ingressa
2982 988 3171 1056 fuerit,
3208 994 3554 1067 maximeque
3606 998 3667 1055 in

2081 1083 2325 1139 secundo
2354 1091 2409 1137 et
2437 1083 2627 1137 divino
2659 1079 2972 1139 Servatoris
3006 1086 3181 1139 nostri
3210 1086 3465 1144 adVentu.
3503 1089 3661 1147 Tunc

2079 1189 2271 1229 omnes
2298 1188 2454 1245 reges
2486 1172 2794 1228 adorabunt
2831 1189 2978 1239 eum,
3013 1182 3068 1231 et
3096 1192 3287 1234 omnes
3320 1189 3511 1251 gentes
3539 1197 3660 1238 ser-

2075 1266 2224 1320 vient
2255 1280 2331 1325 ei.
2367 1283 2387 1317 ‹
2422 1266 2489 1320 Ει
2518 1265 2607 1320 hic
2638 1265 2883 1319 omnium
2916 1265 3038 1322 linis
3068 1268 3194 1334 erit,
3221 1284 3345 1325 cum
3374 1273 3665 1330 tradiderit

2074 1354 2305 1429 regnum
2361 1357 2473 1413 Deo
2520 1367 2573 1413 et
2631 1355 2821 1423 Patri,
2869 1370 2991 1413 cum
3057 1360 3393 1419 destruxerit
3441 1380 3661 1422 omnem

2074 1449 2441 1518 principatum
2506 1456 2561 1502 et
2608 1461 2825 1503 omnem
2873 1457 3198 1519 potestatem
3260 1461 3313 1509 et
3374 1456 3657 1514 virtutem.

2073 1537 2300 1609 Oportet
2346 1541 2495 1594 enim
2545 1555 2670 1595 eum
2717 1555 2971 1611 regnare,
3025 1541 3202 1598 donec
3250 1554 3417 1607 ponat
3465 1562 3659 1606 omnes

2072 1632 2331 1687 inimicos
2361 1632 2464 1687 sub
2510 1631 2742 1702 pedibus
2785 1633 2927 1700 suis,
2976 1642 3032 1689 et
3082 1638 3386 1695 novissima
3434 1642 3660 1699 inimica

2071 1726 2388 1781 destruatur
2421 1740 2570 1782 mors
2594 1727 2660 1782 ”.
2706 1746 2725 1779 ι

376 1821 539 1892 τέραν
570 1822 665 1875 τοῦ
698 1822 950 1894 Σωτῆρος
977 1821 1132 1893 ἡμῶν
1164 1822 1503 1891 θεοφάνειαν.
1530 1820 1662 1874 Τότε
1712 1819 1841 1888 γοῦν
1883 1819 2083 1881 πάντες
2122 1820 2171 1871 οἱ
2207 1818 2447 1888 βασιλεῖς
2482 1820 2954 1890 προσκυνήσουσιν
2996 1822 3168 1893 αὐτῷ,
3223 1825 3320 1878 καὶ
3361 1826 3539 1882 πάντα
3585 1843 3656 1883 τα

378 1916 504 1987 ἔθνη
532 1915 907 1968 δουλεύσουσιν
940 1915 1109 1986 αὐτῷ.
1151 1934 1169 1965 ι
1217 1915 1327 1968 Καὶ
1354 1914 1511 1966 τοῦτο
1543 1913 1694 1967 ἔσται
1724 1912 1783 1965 τὸ
1820 1912 2038 1966 πάντων
2062 1910 2233 1973 τέλος,
2267 1909 2344 1962 ὅτ’
2386 1908 2452 1962 ἂν
2505 1908 2782 1980 παραδιδῷ
2820 1909 2920 1981 τὴν
2970 1910 3249 1981 βασιλείαν
3280 1914 3360 1987 τῷ
3396 1917 3515 1988 Θεῷ
3560 1919 3655 1975 καὶ

376 2012 573 2084 Πατρὶ,
605 2012 681 2065 ὅτ’
719 2009 784 2064 ἀν
830 2014 1153 2082 καταργήσῃ
1196 2012 1374 2064 πᾶσαν
1426 2009 1602 2081 ἀρχὴν
1673 2008 1769 2061 καὶ
1811 2008 1992 2059 πᾶσαν
2065 2004 2314 2070 ἐξουσίαν
2375 2004 2471 2057 καὶ
2519 2003 2770 2074 δύναμιν.
2815 2007 2909 2057 Δεῖ
2962 2006 3071 2079 γὰρ
3117 2002 3279 2063 αὐτόν
3327 2009 3652 2080 βασιλεύειν,

376 2105 504 2177 ἄχρι
542 2100 602 2160 οὐ
627 2106 693 2177 θῇ
735 2106 943 2168 πάντας
981 2107 1107 2169 τοὺς
1151 2105 1376 2177 ἐχθροὺς
1416 2106 1522 2157 ὐπὸ
1557 2104 1726 2165 πόδας
1767 2103 1957 2165 αὐτοῦ,
1997 2101 2225 2172 ἔσχατος
2253 2099 2448 2171 ἐχθρὸς
2479 2103 2835 2172 καταργεῖται
2858 2103 2885 2154 ό
2908 2101 3156 2169 θάνατος.
3198 2125 3216 2158 ι

452 2240 471 2273 ι
505 2203 627 2274 ’ότι
662 2219 929 2291 ἐρρύσατο
974 2218 1190 2290 πτωχὸν
1224 2221 1288 2273 ὲκ
1315 2220 1598 2282 δυνάστου,
1634 2220 1727 2272 καὶ
1750 2216 1956 2288 πένητα

2132 2214 2300 2269 Vens.
2335 2214 2424 2270 12.
2465 2234 2483 2266 ι
2509 2215 2648 2281 Quia
2677 2215 2926 2270 liberavit
2946 2233 3240 2288 pauperem
3267 2235 3296 2273 a
3328 2228 3571 2291 potente,
3595 2234 3650 2281 et

372 2304 418 2381 ᾧ
448 2312 548 2383 οὐχ
585 2313 797 2384 ὑπῆρχε
829 2310 1083 2382 βοηθός.ι
1131 2311 1276 2365 Ἀντὶ
1316 2311 1428 2364 τοῦ·
1468 2331 1487 2364 ι
1528 2312 1646 2365 Ὅτι
1686 2311 1955 2383 ἐρρύσατο

374 2406 591 2476 πτωχὸν
625 2408 689 2458 ὲκ
712 2406 993 2469 δυνάστου,
1033 2427 1051 2459 ι
1084 2407 1113 2458 ὁ
1140 2406 1456 2478 Σύμμαχος⁸
1494 2424 1513 2459 t
1556 2406 1679 2458 ’Ότι
1703 2403 1962 2469 ὲξελεῖται

374 2498 582 2570 πένητα
642 2498 966 2570 οἰμώζοντα.
1009 2519 1027 2549 ι
1063 2499 1137 2552 Οὐ
1190 2498 1299 2570 γὰρ
1332 2498 1407 2561 ὡς
1447 2497 1547 2569 ήδη
1591 2496 1960 2568 γεγενημένα,

374 2588 488 2643 ἀλλ’
527 2589 602 2652 ώς
638 2589 901 2659 μέλλοντα
939 2588 1156 2643 ἔσεσθαι
1199 2588 1374 2641 ταῦτα
1419 2588 1681 2654 θεσπίζει.
1721 2589 1864 2660 Ὅρα
1906 2588 1963 2640 δὲ

373 2677 564 2741 ὁσάκις
586 2678 680 2731 τοῦ
708 2678 924 2749 πτωχοῦ
949 2677 1294 2750 μνημονεύει,
1321 2678 1535 2749 πρῶτον
1558 2677 1746 2732 εἰπών’
1778 2697 1795 2728 ι
1828 2677 1963 2748 Κρί-

375 2786 488 2823 νειν
521 2769 610 2822 τὸν
643 2769 772 2823 λαόν
821 2787 913 2822 σου
945 2772 999 2822 ὲν
1032 2770 1366 2844 δικαιοσύνῃ,
1402 2771 1495 2824 καὶ
1541 2771 1670 2833 τοὺς
1714 2770 1964 2840 πτωχοὺς

374 2862 431 2916 ὲν
452 2863 650 2934 κρίσει·
676 2862 981 2935 »δεύτερον,
1006 2882 1024 2915 t
1052 2865 1244 2935 Κρινεῖ
1275 2865 1401 2927 τοὺς
1429 2864 1678 2934 πτωχοὺς
1700 2863 1792 2917 τοῦ
1809 2861 1959 2927 λαοῦ,

375 2953 470 3006 καὶ
497 2954 659 3008 σώσει
679 2956 805 3018 τοὺς
832 2956 981 3019 υἱοὺς
1002 2955 1109 3009 τῶν
1148 2956 1425 3027 πενήτωνο
1471 2973 1489 3006 ι
1517 2955 1613 3008 καὶ
1643 2953 1738 3009 νῦν
1767 2954 1958 3008 πάλιν·

379 3066 399 3098 ‹
436 3049 558 3100 Ὅτι
599 3046 868 3118 ερρύσατο
910 3047 1122 3118 πτωχὸν
1164 3050 1228 3101 ὲκ
1256 3047 1517 3102 δυνάστου
1545 3047 1639 3101 καὶ
1674 3048 1882 3117 πένητα
1917 3041 1962 3116 ᾧ

372 3140 471 3211 οὐχ
493 3141 706 3212 ὑπῆρχε
726 3140 934 3212 βοηθός
951 3160 969 3193 ι
989 3142 1081 3194 καὶ
1098 3137 1273 3205 αὖθις·
1298 3160 1316 3192 t
1344 3141 1590 3195 Φείσεται
1619 3141 1834 3212 πτωχοῦ
1866 3143 1962 3196 καλ⁸

375 3233 628 3303 πένητος,
660 3233 753 3286 καὶ
786 3232 963 3303 ψυχὰς
1005 3236 1253 3304 πενήτων
1297 3233 1479 3287 σώσει.
1523 3254 1541 3285 ι
1576 3229 1743 3305 Οἶμαι
1786 3234 1842 3286 δὲ
1875 3233 1962 3287 διὰ

372 3328 577 3379 τούτων
610 3325 865 3379 ἀπάντων
908 3326 1158 3396 πτωχοὺς
1188 3328 1283 3380 καὶ
1329 3326 1567 3397 πένητας
1610 3327 1795 3380 καλεῖν
1833 3326 1961 3389 τοὺς

373 3417 705 3482 ἀποστόλους
731 3419 825 3471 καὶ
851 3418 977 3482 τοὺς
1008 3417 1255 3490 μαθητὰς
1277 3417 1371 3471 τοῦ
1396 3419 1647 3489 Σωτῆρος
1679 3420 1711 3488 ή
1721 3417 1855 3489 μῶν,
1884 3416 1955 3481 οἳ,

374 3505 473 3577 τὴν
505 3506 572 3559 δι’
600 3507 760 3560 αὐτὸν
803 3507 1075 3577 πτωχείαν
1121 3508 1489 3579 ἀνειληφότες,
1522 3509 1622 3579 τὴν
1669 3509 1749 3571 είς
1789 3508 1957 3580 ἀκρον

374 3588 576 3669 ἀρετῆς
608 3597 932 3652 ἐλαύνουσαν
960 3598 1275 3669 κατώρθουν
1305 3599 1622 3669 φιλοσοφίαν
1639 3616 1652 3631 ο
1687 3599 1752 3655 δι’
1775 3599 1804 3652 ὃ
1830 3600 1958 3672 περὶ

372 3687 551 3744 αὐτῶν
594 3691 822 3754 Ἡσαΐας
859 3690 956 3762 μὲν
995 3684 1366 3763 προανεφὼνει
1408 3690 1582 3759 λέγων
1605 3708 1619 3721 ο
1655 3709 1673 3741 ι
1712 3691 1955 3761 Εὐάγγε-

371 3779 619 3833 λίσασθαι
671 3784 905 3851 πτωχοῖς
945 3780 1252 3833 ἀπέσταλκε
1289 3798 1374 3853 με.
1419 3800 1437 3832 ιι
1484 3781 1669 3844 Ἀυτδς
1692 3781 1748 3834 δὲ
1779 3783 1807 3833 ὁ
1839 3783 1952 3835 Σω-

371 3872 498 3943 τὴρ,
530 3873 716 3936 αὐτοῖς
745 3871 1111 3943 προσομιλῶν,
1146 3871 1295 3941 ἔλεγε
1315 3889 1328 3902 ’
1370 3890 1389 3923 t
1430 3872 1708 3944 Μακάριοι
1734 3875 1781 3925 oi
1808 3890 1955 3925 πτω-

373 3964 478 4033 χοὶ,
496 3964 577 4017 ὅτι
602 3964 781 4018 αὐτῶν
810 3966 955 4018 ἐστιν
977 3966 1009 4036 ἡ
1041 3964 1282 4036 βασιλεία
1302 3964 1412 4018 τῶν
1431 3964 1695 4036 οὐρανῶν.
1722 3966 1905 4019 Πάντα
1929 3985 1947 4016 ι

373 4050 465 4109 οὖν
492 4074 511 4107 ι
551 4055 618 4109 τὰ
648 4055 771 4127 ἔθνη
798 4056 1174 4110 δουλεύσουσιν
1203 4056 1368 4127 αὐτῷ,
1391 4058 1472 4110 ὅτι
1507 4057 1778 4129 ἐρρύσατο
1806 4076 1953 4111 πτω-

372 4148 466 4219 χδν
500 4149 565 4201 ὲκ
595 4148 875 4213 δυνάστου,
906 4150 1000 4202 καὶ
1033 4149 1240 4219 πένητα
1265 4143 1309 4219 ᾧ
1332 4149 1429 4219 οὐχ
1459 4149 1671 4221 ὑπῆρχε
1695 4149 1902 4221 βοηθός.
1928 4170 1946 4202 ι

373 4244 447 4297 Τὸ
484 4245 612 4316 γὰρ,
644 4264 663 4296 ι
696 4246 796 4309 ὅτι,
830 4264 847 4296 ι
887 4244 1036 4317 παρὰ
1065 4246 1198 4298 πᾶσι
1239 4247 1351 4307 τοῖς
1384 4246 1745 4315 έρμηνευταῖς
1777 4240 1869 4295 καὶ
1894 4241 1951 4295 ἐν

373 4337 512 4408 αὐτῇ
560 4339 626 4409 τῇ
697 4337 954 4409 Ἐὄραῖκῇ
1000 4340 1180 4409 γραφῇ
1258 4337 1541 4407 κείμενον,
1594 4334 1951 4402 αἰτιολογικὸν

372 4426 649 4497 τυγχάνει,
691 4428 933 4481 διδάσκον
980 4430 1127 4492 ὅπως
1163 4428 1340 4481 πάντα
1372 4427 1441 4481 τά
1475 4427 1602 4499 ἔθνη
1646 4426 1950 4480 δουλεύσειν

374 4520 575 4592 ἤμελλε
626 4521 704 4592 τῷ
743 4518 983 4593 Σωτῆρι.’
1028 4522 1198 4574 Τοῦτο
1252 4520 1379 4592 γὰρ,
1433 4522 1584 4591 φησὶ,
1640 4522 1947 4591 γενήσεται,

382 4632 401 4667 t
437 4614 619 4686 ἐπειδὴ
657 4614 875 4687 ῥύσεται
917 4614 1128 4684 πτωχὸν
1164 4615 1225 4667 ὲκ
1264 4614 1523 4667 δυνάστου
1545 4631 1558 4644 ·
1595 4633 1612 4664 ι
1648 4612 1724 4675 ὼς
1770 4614 1817 4665 εἰ
1857 4630 1951 4665 σα-

376 4706 633 4777 φέστερον
651 4705 851 4774 ἔλεγενο
869 4706 993 4759 Ὅτι
1013 4706 1119 4758 τῶν
1148 4706 1456 4760 ἀποστόλων
1470 4703 1635 4758 αὐτοῦ
1655 4704 1717 4757 τὸ
1740 4704 1947 4775 τάγμα,

374 4797 481 4851 τῶν
501 4797 567 4851 δι’
588 4798 747 4851 αὐτὸν
776 4797 1004 4868 πτωχῶν
1036 4798 1129 4851 καὶ
1150 4798 1414 4870 πενήτων,
1431 4798 1652 4867 ῥύσεται
1675 4795 1782 4849 ἀπὸ
1814 4812 1947 4848 παν-

373 4889 465 4953 τὸς
488 4890 770 4944 δυνάστου.
804 4888 1019 4943 Πολλῶν
1051 4891 1161 4961 γὰρ
1204 4889 1479 4944 δυναστῶν
1515 4888 1726 4960 ὁρατῶν
1761 4905 1821 4941 τε
1856 4887 1950 4941 καὶ

376 4980 597 5049 ἀφανῶν
622 4982 1011 5054 ἀντικειμένων
1040 4983 1133 5037 καὶ
1159 4982 1601 5053 ἐπανισταμένων
1628 4981 1837 5043 τούτοις
1860 4981 1950 5032 αὐ·
1983 5007 2027 5062 D

374 5076 486 5137 τοῖς
511 5075 622 5137 τοῖς
642 5077 875 5145 πτωχοῖς
900 5073 994 5129 καὶ
1024 5077 1138 5138 τοῖς
1160 5074 1405 5144 πένησιν,
1436 5074 1616 5137 αὐτὸς,
1649 5075 1844 5143 ἀφανεῖ
1863 5074 1952 5125 δυ-

376 5162 537 5235 νάμει
570 5164 919 5237 προασπίξων
944 5166 1141 5231 αὐτῶν,
1170 5168 1233 5220 ἐκ
1254 5167 1467 5221 πάντων
1484 5166 1678 5227 αὐτοὺς
1709 5164 1950 5237 ῥύσεται,

378 5258 513 5329 πρὸς
542 5257 716 5331 τδομὴ
749 5258 1054 5330 κωλυθῆναι
1084 5260 1183 5332 τὴν
1223 5261 1289 5314 δι’
1321 5258 1498 5312 αὐτῶν
1530 5257 1950 5328 ἐπιτελουμένην

377 5348 470 5401 τοῦ
500 5350 853 5419 εὐαγγελικοῦ
892 5353 1239 5425 κηρύγματος
1279 5350 1598 5424 ὑπηρεσίαν.
1647 5353 1756 5404 Καὶ
1790 5349 1950 5403 τοῦτο

379 5439 575 5521 πράξει
608 5441 780 5495 συνὼν
814 5443 1015 5507 αὐτοῖς,
1057 5443 1173 5497 καθ’
1196 5444 1262 5514 ἢν
1295 5446 1577 5514 ποιήσεται
1599 5443 1733 5513 πρὸς
1754 5442 1950 5504 αὐτοὺς

379 5534 707 5602 ἐπαγγελίαν
736 5536 947 5604 φήσας·
984 5555 1001 5587 ι
1053 5536 1184 5590 Ἰδοὺ
1218 5535 1329 5604 ἐγὼ
1364 5537 1480 5606 μεθ’
1518 5534 1671 5606 ὑμῶν
1698 5537 1813 5605 εἰμι
1848 5535 1952 5587 πά·-

380 5640 480 5688 σας
498 5624 595 5688 τὰς
614 5626 719 5696 ήμέ
728 5643 825 5697 ρας
850 5626 955 5690 ἕως
976 5627 1074 5697 τῆς
1104 5626 1410 5690 συντελείας
1432 5626 1523 5678 τοῦ
1545 5625 1758 5687 αἰῶνος.
1797 5644 1814 5676 ι
1849 5624 1952 5679 Οὗ-

359 5730 488 5777 ’τως
519 5710 610 5767 ὧν
643 5715 736 5771 καὶ
779 5715 1031 5785 ἐφείσατο
1057 5712 1272 5785 πτωχοῦ
1306 5714 1399 5768 καὶ
1434 5714 1681 5785 πένητος,
1715 5713 1809 5765 καὶ
1850 5710 1952 5781 ψυ-

454 5874 499 5907 “
524 5872 669 5931 Psal.
702 5875 761 5939 ιι,
789 5875 843 5938 7,
870 5874 922 5927 8.
1000 5873 1045 5905 ⁸⁸
1080 5871 1249 5928 ICor.
1276 5887 1367 5935 xv,
1402 5869 1583 5926 24-26.
1660 5869 1704 5944 θ’
1744 5869 1849 5926 Isa.
1879 5881 1971 5922 ut
2006 5868 2057 5935 I,

694 5970 976 6033 PATROL.‘
1025 5968 1142 6029 Gn.
1220 5963 1461 6028 XXIII.

2063 2325 2356 2382 pauperem
2384 2310 2473 2365 cui
2499 2325 2608 2364 non
2642 2317 2760 2364 erat
2794 2310 3031 2380 adjutor.
3070 2330 3088 2363 ι
3128 2311 3234 2367 Pro
3268 2314 3402 2370 illo:
3447 2335 3467 2367 ι
3509 2316 3649 2383 Quia

2064 2399 2318 2455 liberavit
2345 2413 2635 2469 pauperem
2657 2414 2686 2453 a
2711 2407 2953 2469 potente,
2978 2421 2996 2453 ι
3021 2400 3385 2474 Symmachus
3409 2425 3421 2461 :
3458 2426 3478 2459 ι
3508 2406 3649 2474 Quia

2064 2489 2257 2559 eripiet
2302 2505 2597 2560 pauperem
2650 2489 2968 2559 eiulantem.
3027 2512 3047 2544 ι
3108 2492 3235 2548 Haec
3283 2497 3491 2568 quippe
3534 2515 3648 2556 non

2064 2582 2224 2652 quasi
2279 2581 2392 2651 jam
2445 2582 2747 2646 evenerint,
2804 2582 2899 2637 sed
2946 2592 3007 2638 ut
3056 2583 3239 2640 futura
3293 2590 3643 2648 vaticinatur.

2062 2673 2487 2729 Animadvertas
2527 2674 2691 2729 velim
2740 2674 2955 2744 quoties
2997 2691 3292 2748 pauperem
3333 2692 3643 2754 memoret;

2064 2766 2242 2836 primo
2260 2780 2384 2820 cum
2416 2766 2491 2819 ait
2517 2784 2531 2821 :
2558 2784 2577 2817 ‹
2613 2764 2867 2820 Judicare
2913 2769 3173 2838 populum
3204 2780 3358 2825 tuum
3389 2776 3446 2827 in
3472 2774 3645 2845 justi-

2064 2859 2159 2921 tia,
2195 2866 2249 2912 et
2279 2872 2549 2928 pauperes
2577 2868 2700 2913 tuos
2732 2858 2786 2911 in
2813 2857 3067 2927 judicio;
3111 2880 3130 2912 ι
3164 2864 3445 2920 secundo:
3479 2885 3499 2918 ι
3547 2864 3646 2923 Ju-

2063 2948 2267 3003 dicabit
2290 2963 2558 3019 pauperes
2597 2948 2805 3018 populi,
2843 2956 2898 3003 et
2936 2949 3119 3006 salvos
3149 2949 3312 3007 faciet
3340 2954 3479 3010 filios
3509 2971 3646 3026 pau-

2063 3057 2290 3112 perum;
2326 3060 2346 3094 ι
2370 3048 2425 3097 et
2457 3056 2604 3096 nunc
2636 3040 2834 3096 iterum
2870 3061 2882 3097 :
2921 3060 2939 3093 ι
2986 3042 3127 3110 Quia
3158 3044 3408 3103 liberavit
3440 3063 3647 3123 paupe-

2063 3150 2177 3190 rem
2209 3149 2239 3188 a
2262 3141 2502 3205 potente,
2525 3142 2580 3189 et
2611 3148 2904 3204 pauperem
2927 3136 3018 3191 cui
3046 3152 3157 3192 non
3184 3149 3304 3194 erat
3336 3141 3587 3212 adjutor;
3619 3164 3639 3196 ›

2063 3244 2127 3284 ac
2158 3243 2378 3284 rursum
2413 3246 2427 3282 :
2466 3246 2484 3280 ι
2540 3226 2733 3284 Parcet
2756 3231 2984 3301 pauperi
3014 3238 3069 3287 et
3101 3232 3287 3305 inopi,
3338 3244 3393 3290 et
3432 3238 3644 3294 animas

2064 3333 2366 3390 pauperum
2396 3317 2578 3374 salvas
2605 3318 2791 3376 faciet.
2826 3339 2846 3373 ι
2879 3320 3132 3377 Arbitror
3159 3339 3323 3394 porro
3348 3324 3435 3382 his
3464 3331 3646 3383 omni-

2062 3411 2165 3466 bus
2197 3411 2254 3464 in
2285 3410 2423 3465 locis
2453 3410 2633 3480 ipsum
2664 3417 2951 3481 apostolos
2978 3421 3032 3469 et
3059 3414 3356 3487 discipulos
3386 3416 3645 3475 Servato-

2062 3502 2141 3557 ris
2178 3502 2373 3571 nostri,
2404 3516 2673 3573 pauperes
2707 3509 2762 3558 et
2807 3503 3002 3576 inopes
3026 3519 3241 3571 vocare,
3285 3509 3380 3579 qui
3419 3518 3644 3583 propter

2061 3594 2241 3664 ipsum
2278 3604 2653 3666 paupertatem
2689 3596 3007 3661 subeuntes,
3039 3596 3440 3669 philosophiam
3490 3603 3640 3659 illam

2067 3687 2134 3741 ad
2173 3687 2395 3742 virtutis
2434 3686 2711 3758 fastigium
2744 3687 3062 3742 evehentem
3115 3689 3387 3746 colebant.
3439 3691 3643 3759 Quam-

2062 3780 2251 3834 obrem
2280 3778 2397 3833 haec
2437 3779 2507 3834 de
2552 3778 2660 3834 illis
2713 3777 2885 3835 Isaias
2928 3782 3373 3850 praenuntiabat:
3412 3801 3432 3836 ι
3468 3784 3642 3840 Evan-

2061 3871 2295 3943 gelizare
2335 3867 2670 3938 pauperibus
2712 3869 2864 3925 misit
2890 3885 2977 3925 me
2998 3870 3066 3927 ".
3106 3890 3125 3922 ι
3153 3872 3274 3941 Ipse
3301 3889 3428 3929 vero
3454 3874 3640 3931 Domi-

2061 3980 2169 4019 nus
2200 3977 2294 4017 eos
2324 3962 2607 4033 alloquens
2642 3962 2855 4018 dicebat
2890 3982 2903 4018 :
2942 3981 2960 4015 ι
2994 3963 3145 4019 Beati
3184 3980 3472 4034 pauperes,
3499 3982 3640 4038 quo-

2060 4056 2208 4108 niam
2242 4055 2487 4125 ipsorum
2538 4062 2627 4110 est
2682 4070 2907 4125 regnum
2952 4054 3303 4111 ctcloruin".
3368 4057 3570 4114 Omnes
3609 4077 3630 4113 ι

2061 4162 2191 4217 ergo
2226 4166 2245 4199 ι
2266 4155 2456 4218 gentes
2484 4147 2812 4215 servientei,
2847 4136 2976 4218 quia
3009 4148 3571 4221 liberavitpauperem
3604 4168 3636 4207 a

2060 4245 2302 4309 potente,
2340 4246 2393 4293 et
2424 4254 2719 4309 pauperem
2750 4239 2838 4293 cui
2872 4253 2981 4294 non
3015 4247 3132 4295 erat
3164 4239 3404 4310 adjutor.
3445 4261 3465 4295 ι
3499 4240 3635 4296 Nam

2062 4330 2217 4395 illud,
2256 4349 2275 4383 ι
2313 4331 2467 4401 quia,
2506 4351 2524 4383 ι
2558 4329 2702 4401 apud
2732 4347 2923 4387 omnes
2957 4332 3303 4402 interpretes,
3338 4341 3392 4389 et
3430 4334 3488 4389 in
3516 4334 3637 4405 ipsa

2059 4421 2326 4478 Hebraica
2382 4423 2654 4493 scriptura
2722 4425 3002 4493 positum,
3078 4439 3300 4480 causam
3366 4424 3633 4492 denotat,

2058 4515 2263 4572 docens
2294 4531 2394 4570 cur
2442 4514 2687 4570 futurum
2734 4516 2805 4571 sit
2834 4527 2892 4571 ut
2941 4532 3129 4573 omnes
3164 4526 3350 4589 gentes
3398 4518 3637 4573 serviant

2062 4605 2381 4675 Servatori;
2418 4607 2472 4662 id
2500 4621 2737 4677 namque
2772 4606 2883 4674 fiet,
2932 4606 3133 4677 inquit,
3173 4627 3193 4659 ι
3224 4609 3352 4678 quia
3382 4609 3636 4664 liberavit

2058 4710 2351 4766 pauperem
2387 4709 2418 4749 a
2448 4702 2711 4765 potente;
2748 4713 2767 4746 ι
2802 4709 2865 4749 ac
2896 4693 2943 4750 si
2971 4694 3175 4750 clarius
3219 4694 3428 4750 diceret
3455 4712 3468 4748 :
3494 4693 3633 4759 Quia

2058 4790 2433 4860 apostolorum
2477 4803 2727 4851 suorum,
2760 4789 2853 4857 qui
2886 4796 3107 4858 propter
3157 4787 3334 4857 ipsum
3368 4800 3634 4856 pauperes

2058 4886 2111 4933 et
2146 4879 2337 4949 inopes
2360 4886 2541 4944 erant,
2569 4880 2817 4933 ordinem
2842 4877 3094 4932 liberabit
3118 4877 3185 4931 ab
3209 4876 3358 4932 omni
3391 4883 3629 4948 potente.

2057 4971 2196 5027 Cum
2230 4971 2387 5025 multi
2440 4971 2588 5025 enim
2634 4977 2884 5041 potentes
2923 4969 3168 5024 visibiles
3227 4976 3281 5023 et
3331 4966 3633 5023 invisibiles

2060 5064 2349 5118 adversum
2364 5062 2487 5117 illos
2503 5076 2771 5133 pauperes
2786 5067 2838 5116 et
2854 5060 3043 5131 inapes
3070 5061 3378 5131 insurgent,
3411 5058 3631 5115 eosdem

2062 5156 2178 5226 ipse
2215 5155 2429 5211 occulta
2451 5155 2653 5210 virtute
2682 5160 2949 5224 proteget,
2966 5167 3141 5223 exque
3168 5152 3423 5207 omnibus
3441 5151 3612 5205 libera

2060 5249 2160 5313 bit,
2192 5256 2253 5302 ut
2280 5263 2351 5303 ne
2379 5246 2524 5318 quod
2556 5246 2660 5318 ipsi
2699 5248 2902 5301 obeunt
2932 5244 3259 5314 evangelicae
3287 5242 3631 5315 praedicatio-

2057 5341 2143 5396 nis
2174 5340 2540 5396 ministerium
2574 5338 2960 5409 praepediatur.
3004 5335 3175 5407 quue
3222 5335 3341 5406 ipse
3387 5348 3630 5404 praesens

2057 5434 2271 5498 eliiciet,
2304 5433 2604 5489 secundum
2638 5433 2705 5486 ab
2731 5446 2789 5487 se
2823 5429 3142 5486 tradendam
3190 5428 3628 5501 promissionem,

2059 5542 2167 5598 qua
2198 5526 2330 5581 dicit
2360 5543 2373 5579 :
2415 5544 2435 5578 ‹
2471 5525 2611 5581 Ecce
2639 5541 2738 5597 ego
2765 5524 3048 5580 vobiscum
3080 5536 3201 5579 sum
3231 5522 3487 5578 omnibus
3515 5519 3633 5575 die-

2059 5619 2162 5674 bus
2212 5633 2387 5689 usque
2432 5617 2499 5672 ad
2556 5615 3084 5673 consummationem
3131 5613 3407 5686 saeculi“.
3461 5632 3481 5666 ι
3538 5610 3631 5668 Sic

2059 5709 2245 5782 itaque
2273 5712 2516 5783 pepercit
2550 5709 2776 5787 pauperi
2809 5716 2863 5764 et
2892 5709 3059 5781 inopi,
3091 5721 3146 5765 et
3186 5712 3398 5766 animas
3429 5722 3631 5780 paupe-

2653 5867 2698 5901 ⁸⁸
2720 5866 2910 5922 Matth.
2954 5880 3145 5937 xxvnt,
3174 5865 3267 5920 20.

3235 5956 3314 6018 26

2136 5867 2180 5901 ‘7
2210 5865 2398 5923 Matth.
2428 5884 2481 5938 v,
2522 5868 2573 5924 '5.
