4128 6392
466 393 564 448 8H

1142 387 1410 446 EUSEBII
1448 383 1932 444 CESARIENSIS
1969 381 2125 442 OPP.
2165 382 2347 438 PARS
2381 383 2468 440 Ill.
2510 417 2580 427 —-
2605 385 3016 443 EXEGETICA.

3625 385 3734 439 812

461 531 581 570 rum
601 515 780 571 salvas
799 514 924 570 fecit
949 531 961 568 :
987 515 1211 585 haecque
1223 514 1403 569 omnia
1424 512 1709 582 discipulis
1724 519 1771 566 et
1790 510 2036 575 apostoli:

2155 524 2256 579 χας
2313 517 2557 580 πενήτων
2610 511 2810 563 ἔσωσε·
2849 525 2942 562 και
2990 506 3162 560 ταῦτα
3211 507 3391 561 πάντα
3426 508 3538 570 τοῖς
3568 507 3736 560 αὐτοῦ

463 612 580 668 suis
600 608 850 682 praebuit,
868 609 992 662 utin
1009 623 1226 662 omnem
1250 615 1449 662 terram
1467 614 1641 661 exiret
1659 620 1829 660 sonus
1853 621 2044 660 eorum

463 714 517 758 et
550 704 604 757 in
645 701 780 757 ﬁnes
805 701 954 755 orbis
1009 711 1167 756 terra:
1219 701 1384 756 verba
1425 715 1634 754 eorum.
1675 699 1884 753 Horum
1917 714 2046 753 vero

462 812 762 868 pauperum
787 804 843 852 et
867 797 1089 864 inopum
1123 795 1335 848 animas
1359 809 1423 848 ex
1455 795 1641 848 usuris
1672 800 1726 846 et
1757 793 2046 863 iniquitate

461 888 714 952 redemit,
770 895 830 941 ut
877 885 1082 941 nemini
1130 885 1409 956 quidpiam
1458 884 1740 940 deberent.
1790 883 1946 950 Quod
1999 885 2046 938 si

460 981 788 1051 quandoque
835 978 993 1034 fenus
1032 977 1376 1047 acceperint,
1412 975 1487 1030 ita
1537 982 1596 1030 ut
1638 983 1884 1030 veterum
1917 989 2045 1045 pec-

461 1082 708 1127 catorum
746 1072 826 1127 rei
868 1072 1178 1137 exsistant;
1225 1079 1278 1123 at
1331 1069 1450 1139 ipse
1495 1068 1740 1138 pretioso
1776 1068 2046 1137 sanguine

459 1179 558 1234 pro
591 1163 701 1218 illis
750 1162 953 1216 tradito
989 1161 1221 1216 redemit
1254 1161 1464 1214 animas
1505 1174 1694 1214 eorum
1725 1178 1737 1213 :
1784 1159 1931 1213 unde
1963 1158 2046 1212 di-

459 1256 622 1309 vinus
666 1253 961 1324 Apostolus
1000 1253 1115 1307 haec
1147 1253 1376 1307 docuit:
1413 1270 1430 1301 ι
1471 1250 1727 1306 Christus
1762 1266 1862 1306 nos
1887 1251 2046 1306 rede-

458 1345 560 1398 mit
589 1343 659 1398 de
709 1344 1002 1398 maledicto
1032 1344 1188 1414 legis,
1242 1342 1421 1398 factus
1473 1357 1574 1411 pro
1606 1341 1766 1396 nobis
1818 1342 2046 1397 maledi-

459 1443 608 1489 ctum
633 1435 698 1491 δ’.
747 1455 766 1488 ι
804 1433 939 1489 Nam
975 1435 1104 1505 quia
1140 1435 1418 1489 debitores
1447 1440 1604 1489 erant
1633 1433 1735 1503 legi
1767 1432 1960 1505 Moysi,
1990 1441 2045 1489 et

459 1542 580 1596 qum
635 1526 842 1595 scripto
897 1525 1098 1580 tradita
1154 1532 1286 1580 sunt
1334 1541 1442 1580 non
1500 1526 1880 1595 impleverant,
1940 1527 2042 1583 sub

459 1618 750 1673 maledicto
776 1617 972 1673 deinde
996 1627 1171 1682 erant,
1212 1618 1358 1687 quod
1383 1633 1492 1671 non
1523 1625 1693 1671 totam
1727 1618 1899 1685 legem
1927 1632 2044 1672 ser-

456 1716 702 1764 vassent.
729 1706 1002 1778 Scriptum
1024 1708 1225 1778 quippe
1256 1716 1406 1762 erat:
1440 1724 1460 1758 ι
1507 1705 1829 1762 Maledict‘us
1863 1707 2042 1761 omnis

458 1803 552 1870 qui
593 1816 705 1859 non
746 1801 988 1856 manebit
1028 1801 1084 1854 in
1121 1801 1378 1854 omnibus
1415 1815 1536 1868 quae
1575 1801 1781 1869 scripta
1822 1809 1950 1854 sunt
1983 1799 2039 1853 in

2152 603 2418 674 μαθηταῖς
2446 605 2536 656 καὶ
2562 602 2880 664 ἀποστόλοις
2912 604 3191 672 παρεῖχεν,
3225 601 3290 652 ἵν’
3322 601 3400 663 είς
3427 601 3606 653 πᾶσαν
3634 601 3736 671 τὴν

2147 695 2250 767 γῆν
2282 695 2486 762 ἐξέλθοι
2517 697 2544 748 6
2567 695 2801 763 φθόγγος
2835 692 3036 756 αὐτῶν,
3067 693 3161 744 καὶ
3196 695 3276 755 είς
3301 691 3369 744 τὰ
3401 692 3610 763 πέρατα
3635 696 3734 761 τῆς

2147 788 2467 858 οἰκουμένης
2505 789 2573 840 τὰ
2607 790 2827 858 ῥήματα
2865 786 3062 840 αὐτῶν.
3101 784 3318 838 Τούτων
3360 785 3418 838 δὲ
3450 784 3558 838 τῶν
3591 803 3737 838 πτω-

2147 883 2256 952 χῶν
2291 883 2390 935 καὶ
2416 882 2524 935 τῶν
2568 883 2812 952 πενήτων
2841 883 2905 934 ἐκ
2949 882 3109 934 τόκου
3145 881 3236 934 καὶ
3264 879 3322 946 ἐξ
3369 879 3582 942 ἀδικίας
3611 879 3732 931 ἐλυ-

2147 975 2393 1045 τρὼσατο
2424 975 2521 1038 τὰς
2545 973 2743 1044 ψυχὰς,
2772 975 2920 1037 ὅπως
2946 974 3136 1045 μηδενὶ
3165 972 3329 1044 μηδὲν
3362 972 3645 1042 ὀφείλοιεν.
3670 972 3735 1024 Εί

2146 1068 2200 1120 δὲ
2233 1067 2324 1120 καί
2358 1085 2485 1120 ποτε
2519 1067 2914 1137 δεδανεισμένοι
2935 1064 3213 1138 ὢφλησαν,
3237 1064 3376 1117 ὥστε
3407 1065 3622 1135 ἐνόχους
3645 1066 3736 1117 αὑ-

2144 1160 2271 1222 τοὺς
2293 1159 2545 1226 γενέσθαι
2574 1158 2817 1211 παλαιῶν
2849 1159 3282 1229 ἁμαρτημάτων,
3319 1156 3432 1210 ἀλλ’
3464 1155 3646 1219 αὐτὸς,
3673 1154 3736 1208 τὸ

2146 1246 2284 1322 αἷμα
2316 1251 2376 1304 τὸ
2406 1251 2582 1320 τίμιον
2616 1250 2808 1321 λύτρον
2839 1250 2978 1320 ὑπὲρ
3011 1250 3189 1302 αὐτῶν
3218 1249 3361 1313 δοὺς,
3393 1247 3735 1319 ἐλυτρώσατο

2144 1344 2244 1406 τὰς
2269 1343 2444 1414 ψυχὰς
2490 1341 2668 1396 αὐτῶν
2693 1360 2705 1372 ·
2737 1342 2859 1394 ὅθεν
2904 1345 2932 1396 6
2974 1342 3115 1404 θεῖος
3144 1340 3463 1404 Ἀπόστολος
3490 1341 3732 1394 ἐδίδασκε

2145 1435 2350 1504 λέγων·
2389 1455 2406 1484 ι
2447 1434 2680 1504 Χριστὸς
2713 1435 2860 1504 ἡμᾶς
2903 1433 3233 1505 ἐξηγόρασεν
3271 1436 3334 1486 ἐκ
3361 1433 3460 1504 τῆς
3486 1433 3734 1503 κατάρας

2143 1527 2238 1580 τοῦ
2273 1529 2459 1598 νόμου,
2494 1527 2784 1595 γενόμενος
2824 1527 2962 1598 ὑπὲρ
2994 1526 3149 1597 ήμῶν
3182 1527 3418 1596 κατάρα.
3456 1543 3473 1575 ι
3513 1523 3732 1594 Ἐπειδὴ

2144 1617 2254 1688 γὰρ
2285 1619 2553 1688 χρεῶσται
2575 1613 2713 1688 ἦσαν
2742 1617 2835 1671 καὶ⁵
2854 1618 3125 1687 ὀφειλέται
3148 1618 3247 1689 τῆς
3272 1617 3549 1681 Μωῡσέως
3570 1633 3729 1687 νομο-

2146 1707 2351 1772 θεσίας,
2403 1711 2501 1762 οὐκ
2559 1710 2830 1781 ἐπλήρουν
2860 1710 2916 1763 δὲ
2953 1711 3024 1762 τὰ
3066 1709 3455 1781 γεγραμμένα,
3499 1704 3599 1761 εἷθ’
3627 1708 3732 1761 ὑπὸ

2146 1801 2388 1874 κατάραν
2417 1799 2556 1872 ἦσαν
2578 1843 2591 1866 ,
2643 1803 2729 1856 διὰ
2755 1801 2816 1854 τὸ
2853 1802 2926 1873 μὴ
2982 1803 3158 1854 πάντα
3193 1802 3283 1854 τὸν
3316 1803 3478 1871 νόμον
3525 1800 3728 1869 φυλάτ-

457 1869 604 1946 libro
625 1891 782 1962 legis,
818 1898 878 1944 ut
933 1889 1099 1944 faciat
1146 1906 1210 1946 ea
1235 1890 1302 1944 5°.
1345 1910 1362 1942 ι
1404 1889 1597 1944 Merito
1643 1901 1861 1960 ereptos
1912 1891 2036 1946 illos

2141 1869 2301 1948 τειν.⁷
2325 1869 2605 1966 Γέγραπτο
2658 1895 2797 1966 γάρ·
2837 1869 2865 1944 ι-
2910 1869 3346 1965 Ἐπικατάρατος
3384 1869 3502 1956 πᾶς
3533 1893 3592 1956 ὃς
3629 1893 3729 1945 οὐκ

457 1998 525 2037 ex
565 1983 658 2036 tali
686 1981 1093 2046 maledictione,
1129 1997 1194 2037 ex
1237 1984 1423 2038 usuris
1458 1989 1511 2038 et
1543 1982 1834 2051 iniquitate
1878 1983 2036 2037 rede-

457 2078 577 2137 mit,
611 2075 788 2130 factus
811 2075 1034 2145 proillis
1067 2076 1446 2130 maledictum:
1469 2076 1783 2145 traditoque
1812 2091 2034 2130 eorum-

455 2169 577 2223 ilem
627 2168 801 2238 gratia
847 2169 1087 2238 pretioso
1129 2170 1419 2240 sanguine,
1468 2170 1552 2226 sic
1609 2170 1713 2225 sibi
1764 2170 2034 2239 pretiosos

455 2258 653 2314 eﬁ‘ecit.
691 2259 872 2326 Quare
902 2261 1006 2316 sub
1037 2261 1151 2315 haec
1189 2261 1412 2326 dicitur,
1452 2281 1471 2313 ι
1505 2261 1574 2315 Ει
1608 2263 1908 2332 pretiosum
1935 2278 2036 2318 no-

456 2365 582 2404 men
628 2365 820 2406 eorum
861 2367 1045 2406 coram
1074 2353 1205 2419 illo;
1245 2373 1263 2404 ›
1308 2353 1431 2408 ideo
1465 2353 1589 2408 illos
1648 2354 1728 2408 sic
1763 2355 2035 2410 allocutus

454 2443 716 2499 scribitur
749 2464 762 2499 :
800 2463 820 2497 ι
854 2444 1031 2501 Nolite
1063 2446 1298 2516 gaudere
1331 2448 1588 2516 quoniam
1609 2446 1874 2501 daemonia
1906 2449 2036 2503 sub-

451 2535 722 2606 jiciuntur
751 2536 912 2592 vobis
946 2557 960 2592 :
995 2539 1225 2608 gaudete
1269 2546 1450 2593 autem
1503 2549 1557 2594 et
1592 2539 1862 2594 exsultate
1907 2542 2035 2609 quia

453 2630 678 2684 nomina
710 2639 892 2685 vestra
929 2630 1131 2700 scripta
1161 2638 1288 2685 sunt
1311 2632 1366 2685 in
1398 2632 1634 2686 cmlis".
1669 2651 1687 2683 ι
1720 2630 1832 2687 Cur
1852 2638 2032 2686 autem

453 2737 658 2776 nomen
682 2737 870 2778 eorum
911 2723 1210 2792 pretiosum
1255 2731 1373 2778 erat
1405 2737 1590 2778 coram
1626 2724 1740 2788 illo,
1765 2725 1874 2779 nisi
1904 2725 2032 2794 quia

455 2814 574 2880 ipse
606 2813 830 2868 nomina
877 2813 986 2868 illis
1027 2814 1214 2869 indere
1254 2813 1512 2884 dignatus
1563 2823 1668 2881 est,
1723 2815 2029 2882 Simonem,

455 2904 681 2958 Petrum
735 2920 1096 2976 nuncupans;
1155 2905 1456 2971 Thomam,
1509 2907 1834 2980 Didymum;
1890 2910 2032 2966 ﬁlios

454 2994 726 3061 Zcbedaei,
761 2996 1091 3069 Boanerges,
1121 2998 1265 3068 quod
1299 2999 1608 3070 explicatur
1639 3003 1741 3070 ﬁlii
1765 3004 2032 3060 tonitrui?

454 3085 570 3142 lino
605 3102 734 3143 vero
760 3088 1058 3144 universim
1094 3091 1336 3145 omnium
1365 3106 1559 3147 nomen
1589 3094 1892 3162 pretiosum
1915 3102 2033 3150 erat

455 3190 641 3234 coram
674 3176 790 3269 illo.
825 3175 992 3246 quue
1025 3178 1299 3249 signiﬁcat
1329 3179 1612 3251 Evangelii
1642 3184 1923 3254 scriptura
1953 3184 2028 3237 di-
2056 3211 2100 3269 α

454 3282 625 3323 cens:
664 3285 684 3319 ι
713 3267 826 3324 Hos
853 3269 1141 3325 duodecim
1177 3272 1339 3344 elegit
1365 3271 1548 3338 Jesus,
1581 3291 1720 3345 quos
1752 3277 2030 3346 apostolos

455 3361 761 3417 nominavit
781 3361 850 3417 ⁸².
896 3381 915 3414 ι
953 3361 1061 3418 Pro
1095 3364 1188 3420 illo
1220 3375 1424 3434 autem,
1461 3385 1480 3418 ι
1521 3384 1722 3425 nomen
1757 3386 1969 3438 eorum,
2006 3392 2025 3426 ι

453 3451 722 3508 Hebraica
744 3453 1042 3524 scriptura,
1077 3475 1097 3507 ι
1122 3459 1347 3530 sanguis
1389 3475 1601 3528 eorum,
1634 3481 1653 3514 ι
1678 3463 2028 3533 circumfert;

455 3553 622 3613 atque
653 3544 850 3616 reliqui
878 3545 959 3600 sic
989 3546 1334 3618 interpretati
1371 3560 1520 3614 sunt,
1549 3552 1745 3623 Aquila
1777 3557 1988 3611 scilicet
2014 3575 2026 3611 :

458 3653 476 3685 ι
515 3633 579 3689 Et
612 3634 975 3692 honorabitur
1003 3640 1228 3711 sanguis
1271 3655 1463 3696 eorum
1496 3644 1552 3698 in
1602 3647 1778 3702 oculis
1815 3648 1970 3718 ejus;
2007 3667 2025 3700 ι

454 3725 815 3798 Symmachus
841 3746 971 3787 vero
995 3750 1008 3786 :
1039 3750 1058 3783 ι
1083 3731 1150 3788 Ει
1173 3735 1446 3804 pretiosus
1461 3739 1565 3792 erit
1589 3740 1812 3810 sanguis
1839 3756 2029 3796 eorum

450 3834 638 3875 coram
668 3820 781 3876 illo.
813 3840 833 3874 ›
858 3821 1027 3889 Queis
1055 3833 1244 3894 aperte
1292 3842 1482 3883 necem
1523 3830 1740 3885 illorum
1776 3833 2032 3888 subindi-

450 3911 616 3976 cavit,
667 3926 776 3982 qua
824 3913 1027 3984 singuli
1085 3917 1240 3971 vario
1294 3921 1546 3991 martyrii
1597 3937 1795 3992 genere
1849 3924 2029 3980 allecti

451 4014 601 4069 sunt,
633 4019 698 4060 ac
747 4005 886 4062 alius
933 4007 1042 4063 alio
1079 4009 1244 4064 modo
1293 4011 1789 4089 obltestimonium
1835 4017 1903 4072 de
1937 4018 2030 4073 illo

450 4099 638 4152 datum
672 4100 958 4168 sanguinis
985 4115 1215 4171 agonem
1256 4102 1460 4172 subiit;
1497 4107 1571 4160 ita
1595 4117 1656 4162 ut
1695 4109 1762 4164 de
1797 4110 1906 4166 illis
1942 4112 2032 4166 di-

449 4199 608 4245 catur
639 4209 657 4248 :
695 4210 714 4243 ι
742 4191 991 4248 Pretiosa
1026 4196 1080 4250 in
1123 4206 1417 4267 conspectu
1452 4199 1667 4256 Domini
1710 4219 1856 4260 mors
1902 4221 2032 4261 san-

451 4287 664 4335 ctorum
695 4281 894 4351 ejus".
939 4302 958 4336 ι
997 4283 1092 4340 lsti
1125 4289 1271 4342 enim
1317 4291 1498 4345 simile
1537 4291 1642 4347 hoc
1682 4309 1900 4366 quoque
1947 4298 2031 4351 di-

451 4381 600 4424 ctum
649 4379 780 4426 est:
818 4391 838 4425 ι
873 4373 940 4428 Ει
973 4377 1274 4446 pretiosum
1331 4397 1532 4437 nomen
1589 4399 1780 4439 eorum
1842 4403 2027 4442 coram

453 4461 566 4516 illo.
607 4480 626 4514 ι

2139 1983 2366 2054 ἐμμένει
2401 1987 2533 2038 πᾶσι
2573 1987 2684 2048 τοῖς
2727 1984 3131 2057 γεγραμμένοις
3171 1987 3228 2036 ἐν
3257 1983 3336 2053 τῷ
3395 1982 3582 2052 βιϐλίῳ
3635 1982 3728 2036 τοῦ

2138 2077 2305 2146 νόμου
2385 2076 2478 2129 τοῦ
2555 2077 2774 2147 ποιῆσαι
2838 2077 2996 2129 αὑτά.
3043 2095 3060 2127 ›
3095 2076 3332 2139 Εἰκότως
3379 2074 3581 2145 ταύτης
3629 2076 3727 2144 τῆς

2137 2169 2274 2240 ἀρᾶς
2315 2167 2684 2239 ἐλευθερώσας
2725 2168 2942 2232 αὐτοὺς,
2983 2169 3046 2221 ἐκ
3091 2167 3250 2220 τόκου
3284 2167 3376 2220 καὶ
3417 2165 3477 2230 ἐξ
3517 2164 3729 2227 ἀδικίας

2136 2261 2424 2332 ἐλυτροῦτο
2467 2263 2680 2325 αὐτοὺς,
2744 2261 3028 2331 γινόμενος
3078 2261 3219 2331 ὑπὲρ
3251 2259 3429 2312 αὐτῶν
3477 2259 3724 2330 κατάρα·

2137 2356 2231 2407 καὶ
2261 2355 2322 2407 τὸ
2379 2356 2558 2425 τίμιον
2613 2353 2775 2407 αὐτοῦ
2814 2349 2952 2424 αἷμα
2980 2353 3118 2426 ὑπὲρ
3165 2353 3342 2406 αὐτῶν
3395 2352 3586 2417 διδοὺς,
3633 2353 3728 2405 καὶ

2136 2447 2276 2499 οὕτω
2320 2449 2532 2518 τιμίους
2588 2445 2764 2516 ἐαυτῷ
2813 2443 3272 2516 ἀπεργαζόμενος.
3329 2445 3419 2498 Διὸ
3479 2444 3728 2498 λέλεκται

2137 2542 2291 2612 ἐξῆς·
2333 2561 2350 2592 ‹
2393 2541 2503 2594 Καὶ
2552 2540 2768 2608 ἔντιμον
2806 2539 2866 2592 τὸ
2915 2540 3086 2610 ὄνομα
3133 2538 3315 2592 αὐτῶν
3361 2537 3588 2591 ἐνώπιον
3628 2538 3727 2590 αὺ-

2135 2632 2247 2684 τοῦ.
2295 2651 2312 2683 ι
2351 2632 2510 2685 Ὅθεν
2562 2631 2975 2700 ἀναγέγραπται
3032 2630 3269 2703 εἰρηκὼς
3317 2629 3452 2700 πρὸς
3493 2629 3723 2692 αὐτούς·

2143 2743 2160 2774 ι
2195 2723 2284 2794 Μὴ
2327 2723 2568 2793 χαίρετε,
2612 2725 2693 2776 ὅτι
2731 2723 2800 2775 τὰ
2851 2723 3107 2794 δαιμόνια
3149 2722 3278 2792 ὑμῖν
3322 2721 3722 2774 ὑποτάσσεται·

2135 2817 2350 2887 χαίρετε
2383 2817 2440 2868 δέ
2467 2818 2560 2870 καὶ
2595 2815 2944 2883 ἀγαλλιᾶσθε,
2975 2816 3056 2868 ὅτι
3085 2815 3152 2867 τὰ
3178 2815 3420 2886 ὀνόματα
3451 2814 3604 2886 ὑμῶν
3631 2817 3725 2883 ἐγ-

2135 2907 2443 2979 γέγραπται
2477 2908 2532 2959 ἐν
2567 2911 2678 2970 τοῖς
2706 2909 2971 2977 οὐρανοῖς.
3017 2926 3034 2958 ι
3072 2906 3169 2960 Διὰ
3194 2908 3244 2960 τί
3272 2907 3403 2960 δὲτὸ
3435 2908 3604 2978 ὄνομα
3631 2908 3727 2961 αύο

2133 3002 2240 3055 τῶν
2267 3003 2480 3072 ἔντιμον
2510 2996 2575 3072 ἦν
2601 3001 2829 3054 ἐνώπιον
2856 3001 3042 3062 αὑτοῦ,
3077 3001 3190 3054 ἀλλ’
3219 3001 3519 3072 ἐπειδήπερ
3558 3001 3724 3064 αὐτὸς

2133 3095 2228 3148 καὶ
2252 3094 2358 3147 τῶν
2387 3093 2666 3164 ὀνομάτων
2697 3094 2893 3155 αὐτοὺς
2914 3091 3089 3162 ἠξίου,
3115 3093 3204 3144 τὸν
3239 3093 3335 3163 μὲν
3367 3093 3588 3163 Σίμωνα
3619 3093 3726 3146 Πέ-

2133 3205 2259 3257 τρον
2293 3187 2547 3250 ἀνειπὼν,
2582 3187 2674 3239 τὸν
2706 3185 2762 3238 δὲ
2801 3186 3003 3256 Θωμᾶν
3043 3186 3291 3256 Δίδυμον,
3325 3185 3450 3248 τούς
3487 3203 3546 3238 τε
3579 3187 3725 3251 υἱοὺς

2133 3282 2419 3336 Ζεϐεδαίου
2445 3283 2791 3348 Βοανεῖργες,
2826 3280 2962 3351 ὅπερ
3010 3276 3368 3350 ἑρμηνεύεται
3396 3278 3514 3331 υἱοὶ
3541 3278 3727 3347 ,ϐρον-

2132 3376 2274 3445 τῆςς
2305 3375 2463 3428 Ἀλλά
2485 3375 2579 3428 καὶ
2601 3373 2742 3426 κατά
2769 3372 2830 3424 τὸ
2854 3373 3029 3426 κοινὸν
3057 3373 3273 3426 πάντων
3302 3370 3478 3424 αὐτῶν
3508 3370 3724 3441 ἔντιμον

2131 3470 2302 3540 ὄνομα
2334 3463 2400 3538 ἧν
2453 3465 2680 3520 ἐνώπιον
2721 3464 2907 3518 αὑτοῦ.
2945 3462 3116 3516 Τοῦτο
3150 3464 3206 3515 δὲ
3249 3459 3316 3533 ἦν
3361 3463 3498 3531 ὅπερ
3529 3463 3724 3532 ἐπεση.

2139 3561 2345 3632 μήνατο
2378 3561 2413 3628 ή
2446 3555 2540 3610 τοῦ
2568 3555 2901 3624 Εὐαγγελίου
2930 3555 3114 3626 γραφὴ
3142 3555 3393 3626 φήσασα·
3428 3572 3447 3605 ι
3488 3553 3722 3617 Τούτους

2131 3653 2258 3714 τοὺς
2284 3649 2490 3703 δώδεκα
2516 3645 2794 3712 ἐξελέξατο
2820 3649 2847 3700 6
2877 3646 3103 3716 Ἰησοῦς,
3133 3645 3226 3708 οὒς
3267 3646 3361 3698 καὶ
3390 3644 3721 3708 ἀποστόλους

2132 3743 2434 3813 ὠνόμασεν.
2475 3760 2492 3792 ι
2515 3741 2660 3795 Ἀντ“ι
2682 3739 2736 3792 δέ
2763 3739 2879 3807 τοῦ,
2916 3758 2933 3789 ι
2963 3739 3022 3791 τὸ
3049 3739 3219 3809 ὄνομα
3243 3738 3552 3802 αύτῶν,›τὸ
3577 3733 3721 3806 αἷμα

2132 3833 2349 3896 αὐτῶν,
2409 3836 2441 3904 ή
2483 3833 2742 3904 Ἐὗραῖκή
2777 3831 2962 3902 γραφή
3000 3832 3272 3902 περιέχει·
3311 3831 3453 3883 οὕτω
3498 3829 3556 3882 δὲ
3621 3830 3718 3882 καὶ

2131 3930 2179 3981 οἱ
2218 3927 2394 3980 λοιποὶ
2428 3925 2810 3997 ήρμήνευσαν·
2850 3925 2878 3976 ὁ
2923 3925 3020 3994 μὲν
3056 3923 3281 3986 Ἀκύλας
3320 3921 3506 3976 εἰπών·
3561 3939 3580 3972 ι
3609 3921 3721 3975 Καὶ

2131 4019 2491 4089 τιμηθήσεται
2537 4016 2598 4069 τὸ
2628 4013 2768 4087 αἷμα
2809 4015 2986 4069 αὐτῶν
3022 4017 3079 4068 ἐν
3119 4015 3417 4084 ὀφθαλμοῖς
3454 4011 3618 4066 αὐτοῦ
3640 4029 3658 4046 ·
3693 4031 3714 4064 ι

2131 4113 2160 4165 6
2191 4110 2246 4163 δέ
2287 4109 2602 4180 Σύμμαχος·
2656 4126 2674 4158 ι
2718 4109 2829 4160 Kal.
2869 4107 3046 4178 τίμιον
3087 4106 3237 4160 ἔσται
3275 4106 3336 4158 τὸ
3365 4101 3502 4176 αἷμα
3540 4103 3720 4158 αὐτῶν

2132 4202 2362 4257 ἐνώπιον
2390 4200 2574 4254 αὐτοῦ.
2624 4219 2640 4251 ι
2680 4201 2754 4251 Δι’
2789 4192 2862 4252 ὧν
2895 4199 3081 4268 σαφῶς
3113 4195 3330 4268 ᾐνίξατο
3356 4196 3446 4249 τὸν
3489 4195 3718 4250 θάνατον

2132 4295 2237 4348 τῶν
2267 4291 2690 4366 προλεχθέντων,
2717 4284 2791 4342 ὧν
2829 4292 2856 4343 6
2885 4290 3072 4353 καθεὶς
3104 4289 3345 4343 ποικίλον
3369 4289 3628 4358 ὑπέμεινε
3657 4285 3718 4342 τὸ

2131 4383 2225 4437 τοῦ
2258 4381 2559 4454 μαρτυρίου
2591 4380 2764 4443 τέλος,
2799 4379 2956 4443 ἄλλος
2994 4379 3168 4442 ἄλλως
3195 4379 3280 4432 διὰ
3310 4379 3406 4450 τὴν
3440 4381 3519 4442 είς
3553 4377 3716 4431 αὑτὸν

2136 4473 2442 4548 μαρτυρίαν
2487 4472 2578 4524 τὸν
2611 4473 2677 4525 δι’
2719 4472 2948 4541 αἵματος
2985 4471 3286 4540 ὑπομείνας
3331 4470 3551 4538 ἀγῶνα·
3583 4468 3716 4522 ὥστ’

449 4557 695 4628 εἰρῆσθαι
744 4561 871 4632 περὶ
915 4563 1119 4617 αὐτῶν·
1167 4583 1187 4616 ι
1225 4567 1417 4637 Τίμιος
1461 4568 1690 4624 ἐνώπιον
1738 4571 1935 4643 Κυρίοι
1994 4576 2022 4626 6
2061 4573 2288 4633 θάνατος
2313 4567 2420 4621 τῶν
2450 4568 2613 4620 ὁσίων
2639 4565 2824 4619 αὑτοῦ.
2871 4586 2888 4616 ι
2918 4565 3102 4636 Τούτῳ
3131 4564 3238 4636 γὰρ
3303 4565 3488 4635 ὅμοιον
3515 4563 3714 4635 τυγχά-

449 4666 528 4703 νει
568 4653 663 4706 καὶ
707 4654 766 4707 τὺ
813 4655 949 4725 μετά
989 4660 1174 4729 χεῖρας
1217 4661 1456 4730 φάσκον·
1502 4684 1520 4714 ι
1556 4667 1665 4718 Kal.
1719 4667 1932 4740 ἔντιμον
1962 4669 2022 4722 τὸ
2054 4669 2221 4739 ὄνομα
2252 4665 2431 4719 αὐτῶν
2461 4663 2686 4716 ἐνώπιον
2715 4661 2898 4715 αὑτοῦ.
2932 4681 2951 4713 ι

519 4768 687 4826 Vens.
726 4771 815 4837 15,
849 4772 934 4828 l6.
971 4795 988 4826 ι
1030 4773 1093 4828 Et
1123 4777 1265 4832 vivet
1335 4785 1390 4834 et
1436 4780 1654 4836 dabitur
1689 4784 1738 4838 ei
1778 4785 1846 4840 de
1897 4801 2029 4842 auro
2062 4796 2107 4849 1)

447 4859 682 4928 Arabiae,
712 4870 768 4917 et
795 4866 1031 4920 orabunt
1073 4867 1142 4923 de
1189 4868 1305 4938 ipso
1338 4885 1574 4941 semper.
1617 4893 1635 4926 ›
1669 4872 1768 4931 Hic
1808 4876 2023 4933 videtur

449 4956 583 5010 mihi
616 4957 772 5023 illud,
806 4977 824 5009 ι
856 4968 909 5014 et
942 4961 1108 5026 vivet,
1147 4981 1165 5014 ι
1200 4964 1318 5017 voci
1369 4963 1681 5023 Servatoris
1720 4969 2024 5041 discipulos

450 5046 779 5116 alloquentis
807 5051 1056 5106 acciuere
1078 5070 1090 5106 :
1115 5072 1132 5103 ι
1169 5051 1311 5127 Εοιξε¹
1329 5071 1428 5127 ego
1447 5058 1727 5115 vobiscum
1754 5077 1874 5115 sum
1908 5077 2027 5116 om-

450 5137 612 5192 nibus
644 5139 836 5196 diebus
870 5157 1044 5213 usque
1074 5144 1142 5199 ad
1163 5149 1692 5205 consummationem
1725 5152 2020 5207 saeculi”:

453 5225 521 5280 Ut
542 5229 686 5282 enim
713 5230 833 5302 ejus
861 5235 956 5303 qui
982 5234 1035 5288 in
1063 5238 1322 5293 vaticinio
1353 5238 1528 5296 fertur
1560 5245 2022 5314 permansionem,

447 5326 502 5373 et
550 5320 714 5375 vitam
768 5324 822 5378 in
881 5325 1154 5383 inﬁnitum
1208 5331 1499 5389 durantem
1547 5335 1873 5402 declararet,
1920 5337 2024 5392 hac

452 5425 582 5465 usus
624 5427 757 5468 voce
800 5423 904 5481 est,
935 5434 954 5466 ι
1000 5424 1054 5471 et
1083 5417 1249 5475 vivet.
1290 5439 1309 5472 ι
1346 5420 1613 5477 Diuturna
1660 5424 1862 5494 quippe
1912 5427 2022 5478 vita

449 5515 586 5570 opus
618 5514 736 5559 erat
779 5507 846 5562 ad
880 5509 1137 5577 praedicta
1184 5527 1349 5582 opera
1396 5515 1628 5571 edenda.
1668 5515 1724 5571 Si
1759 5518 1942 5587 itaque
1977 5518 2023 5574 is

449 5593 541 5663 qui
594 5596 646 5648 in
682 5599 967 5668 prophetia
999 5602 1192 5668 fertur,
1223 5605 1489 5674 judicabit
1533 5603 1806 5680 'populum
1862 5625 2020 5665 suum

423 5703 431 5725 ι
520 5733 704 5788 "Gal.
747 5754 826 5802 ιιι,
859 5742 941 5794 l3.

449 5820 636 5869 xxvm,
673 5805 763 5862 20.

1051 5745 1096 5776 '°
1129 5743 1282 5804 Deut.
1321 5766 1491 5817 xxvn,
1526 5751 1617 5808 26.
1690 5755 1731 5786 ⁸¹
1765 5754 1898 5809 Luc.
1940 5773 1963 5810 τ
1987 5797 2000 5820 ,
2033 5755 2122 5810 20.

2212 4803 2229 4834 ι
2268 4781 2376 4836 Καὶ
2409 4779 2627 4851 ζήσεται
2661 4779 2755 4833 καὶ
2777 4777 3061 4849 δοθήσεται
3094 4778 3242 4849 αὐτῷ
3269 4781 3333 4831 ἐκ
3366 4777 3458 4831 τοῦ
3488 4777 3713 4850 χρυσίου

2129 4878 2226 4948 τῆς
2260 4874 2533 4946 Ἀραϐίας,
2577 4875 2672 4927 καὶ
2714 4871 3100 4945 προσεύξονται
3127 4872 3255 4944 περὶ
3293 4871 3458 4925 αὐτοῦ
3487 4872 3718 4926 διαπαν-

2129 4968 2238 5028 τός.
2284 4983 2302 5015 ι
2342 4966 2498 5016 Δοκεῖ
2529 4981 2617 5034 μοι
2657 4961 2888 5016 ἐνταῦθα
2920 4963 2998 5026 τὸ,
3035 4981 3053 5013 ι
3097 4963 3191 5016 καὶ
3221 4961 3465 5033 ζήσεται,
3500 4981 3518 5013 ›
3555 4963 3718 5033 συνᾴ-

2132 5058 2242 5110 δειν
2268 5061 2333 5129 τῇ
2369 5057 2619 5128 σωτηρίῳ
2648 5057 2798 5126 φωνῇ
2834 5055 3054 5127 φησάσῃ
3082 5055 3218 5126 πρὸς
3244 5055 3371 5118 τοὺς
3413 5053 3575 5108 αὑτοῦ
3611 5071 3717 5126 μα-

2135 5149 2332 5220 θητάς·
2374 5169 2391 5200 ι
2439 5150 2567 5203 Ἰδοὺ
2598 5148 2708 5217 ἐγὼ
2739 5147 2854 5219 μεθ’
2883 5148 3035 5218 ὑμῶν
3078 5149 3191 5219 εἰμι
3231 5149 3409 5212 πάσας
3451 5150 3548 5212 τὰς
3577 5149 3716 5219 ἡμέ-

2136 5261 2235 5316 ρας
2267 5243 2371 5306 ἐως
2409 5243 2506 5313 τῆς
2535 5241 2844 5304 συντελείας
2891 5240 2985 5295 τοῦ
3016 5240 3229 5304 αἰῶνος.
3268 5261 3286 5292 ι
3320 5242 3435 5294 Ἵνα
3477 5241 3586 5312 γὰρ
3613 5241 3714 5312 τὴν

2132 5333 2454 5405 παραμονὴν
2495 5335 2588 5386 καὶ
2631 5332 2729 5403 τὴν
2754 5331 3181 5404 παρατείνουσαν
3209 5333 3288 5396 εἰς
3315 5332 3540 5404 ἄπειρον
3567 5332 3714 5404 ζωὴν

2130 5427 2223 5480 τοῦ
2256 5427 2734 5497 προρητευομὲνου
2781 5427 3129 5498 παραστήσῃ,
3159 5427 3404 5498 ἐπήγαγε
3435 5427 3515 5491 τὸ,
3560 5446 3578 5477 ι
3615 5428 3712 5479 καὶ

2131 5520 2374 5591 ζήσεται.
2407 5538 2423 5570 ι
2471 5519 2704 5589 Μακρᾶς
2749 5519 2857 5590 γὰρ
2912 5518 3018 5572 ἔδει
3065 5520 3208 5590 ζωῆς
3257 5520 3335 5580 εἰς
3371 5518 3711 5589 κατόρθωσιν

2129 5607 2236 5663 τῶν
2277 5606 2602 5680 εἰρημένων.
2653 5609 2715 5663 Εἰ
2759 5610 2890 5678 γοῦν
2929 5613 2957 5662 ὁ
3002 5610 3475 5681 προφητευόμενος
3537 5611 3712 5679 κρινεῖ

2238 5757 2280 5787 ⁵³
2307 5752 2438 5808 Luc.
2501 5769 2573 5818 Vl,
2612 5755 2696 5811 l5.
2805 5757 2848 5789 ⁵³
2878 5756 3022 5812 Psul.
3078 5774 3200 5823 ειν,
3241 5755 3321 5809 15.
3425 5757 3469 5786 ⁵³
3511 5753 3706 5809 Matth.
