4126 6400
412 424 518 480 815

1538 416 2044 476 COMMENTARIA
2071 419 2147 476 ἸΝ
2187 419 2530 478 PSALMOS.

3564 420 3668 476 ευ.

410 540 498 592 τὸν
523 536 648 590 λαὸν
684 533 849 588 αὑτοῦ
879 533 935 587 ὲν
965 533 1300 604 δικαιοσύνῃ,
1333 534 1429 588 καὶ
1455 535 1584 598 τοὺς
1614 537 1863 606 πτωχοὺς
1888 536 1982 589 αὑ-

2090 539 2143 592 in
2179 540 2394 609 justitia
2429 546 2484 595 et
2509 553 2777 609 pauperes
2813 551 2944 593 suos
2981 535 3037 592 in
3065 534 3296 606 judicio,
3328 545 3382 592 et
3413 533 3674 590 humilia-

406 630 500 684 τοῦ
513 631 585 682 ..ἐν
611 629 812 699 κρίσει,
844 626 937 680 καὶ
977 629 1224 679 ταπεινοῖ
1249 628 1612 698 συκοφάντην,
1640 628 1733 681 καὶ
1761 645 1985 699 συμπα-

412 726 637 796 ραμενεῖ
667 721 744 792 τῷ
771 721 921 792 ἡλίῳ,
952 720 1438 791 κατακυριεύσειτε
1463 721 1571 774 ἀπὸ
1587 721 1859 792 θαλάσσης
1884 721 1988 786 ’ἐως

407 815 702 884 θαλάσσης,
729 813 823 866 καὶ
865 813 972 866 ἀπὸ
1015 813 1258 883 ποταμοῦ
1301 812 1406 877 ἕως
1447 813 1556 867 τῶν
1601 815 1851 886 περάτων
1888 816 1987 885 τῆς

407 905 762 976 οἰκουμένης·
822 904 1048 967 εἰκότως
1109 904 1404 974 μακροϐίου
1455 904 1601 974 ζωῆς
1653 904 1758 958 ἔδει
1815 905 1981 975 αύτῷ.

407 999 532 1062 Πῶς
553 1015 610 1050 τε
645 999 965 1064 ὑποταγεῖεν
990 995 1136 1065 αύτῷ
1166 995 1419 1060 Αἰθίοπες
1444 997 1536 1049 καὶ
1573 995 1810 1066 βασιλεῖς
1841 997 1985 1069 Θαρ-

409 1091 520 1151 σείς
546 1088 640 1139 καὶ
669 1086 842 1156 νῆσοι,
877 1085 1308 1157 προσκυνήσουσί
1333 1103 1389 1138 τε
1417 1085 1564 1155 αὐτῷ
1590 1086 1789 1148 πάντες
1809 1087 1858 1138 οί
1891 1086 1985 1156 βα-

408 1179 574 1241 σιλεῖς
611 1179 708 1247 τῆς
762 1177 886 1244 γῆς,
939 1176 1032 1228 καὶ
1077 1175 1257 1227 πάντα
1309 1174 1377 1227 τὰ
1432 1174 1558 1246 ἔθνη
1611 1174 1985 1228 δουλεύσουσιν

405 1267 580 1338 αύτῴς
617 1266 833 1320 Τούτων
883 1266 992 1335 γὰρ
1040 1266 1202 1318 ἓνεκα
1253 1265 1470 1318 πάντων
1527 1266 1783 1335 διαρκοῦς
1839 1265 1985 1336 αύτῷ

407 1355 550 1426 ζωῆς
591 1357 719 1409 ἔδει.
763 1356 851 1408 Διὸ
895 1356 1031 1427 μετὰ
1064 1355 1235 1408 ταῦτα
1274 1355 1451 1408 πάντα
1493 1355 1670 1418 καλῶς
1697 1356 1790 1408 καὶ
1814 1357 1985 1424 ἀναγ-

408 1449 580 1512 καίως
615 1450 971 1520 ἐπενήνεκται
1017 1447 1098 1510 τὸ,
1134 1466 1153 1497 ‹
1189 1447 1282 1499 καί¹
1320 1445 1544 1516 ζήσεται
1569 1464 1581 1476 ο
1620 1466 1638 1498 ι
1667 1446 1854 1500 ’τοῦτον
1893 1449 1987 1518 δη-

405 1541 674 1613 λουμένης
714 1542 804 1593 τὸν
839 1541 1038 1612 τρόπον
1067 1539 1163 1609 τῆς
1200 1538 1291 1590 τοῦ
1343 1539 1816 1610 προφητευομένου
1849 1539 1984 1592 ἀθα-

405 1634 567 1688 νάτου
593 1633 684 1686 καὶ
709 1633 924 1685 αἰωνίου
959 1632 1121 1703 ζωῆς.
1169 1631 1323 1701 Ἑξῆς
1348 1631 1391 1684 δ’
1419 1630 1633 1703 εἴρηται
1655 1647 1668 1660 ·
1707 1649 1726 1681 ε
1763 1630 1871 1683 Καὶ
1900 1630 1985 1684 δο-

405 1724 627 1794 θήσεται
658 1721 803 1793 αὺτῷ
829 1724 893 1776 ἐκ
918 1723 1010 1776 τοῦ
1055 1723 1277 1793 χρυσίου
1321 1724 1418 1793 τῆς
1453 1722 1730 1794 Ἀραϐίας.
1773 1742 1791 1774 ι
1839 1723 1984 1775 Ἀντὶ

402 1812 459 1866 δὲ
490 1812 608 1875 τοῦ,
647 1832 665 1863 α
705 1812 804 1882 τῆς
845 1811 1120 1883 Ἀραϐίας,
1161 1831 1179 1862 ι
1216 1811 1378 1864 πάλιν
1408 1812 1442 1880 ἡ
1483 1810 1743 1882 Ἐϐραῖκὴ
1796 1808 1982 1880 γραφὴ

401 1903 464 1958 τὸ
503 1923 520 1956 ι
554 1903 702 1958 Σαϐὰ
742 1923 759 1954 ι
809 1903 1051 1974 περιέχει
1075 1919 1087 1932 '
1136 1903 1188 1956 οἵ
1230 1919 1290 1955 τε
1334 1901 1511 1955 λοιποὶ
1558 1900 1892 1971 έρμηνευταὶ
1919 1902 1984 1969 τῇ
2017 1897 2060 1951 Β

400 1994 563 2067 ὁμοίᾳ
597 1995 891 2066 κέχρηνται
928 1999 994 2065 τῇ
1039 1996 1210 2066 φωνῇ.
1248 1991 1536 2064 Τροπικῶς
1583 1992 1681 2061 μὲν
1711 1987 1804 2044 οὖν
1839 1990 1980 2044 εἴποι

399 2087 466 2142 ἄν
495 2104 578 2150 τις
609 2086 669 2139 τὸ
699 2087 919 2158 χρυσίον
951 2085 1106 2138 τοῦτο
1131 2084 1414 2156 σημαίνειν
1441 2084 1532 2136 τὸν
1573 2084 1632 2136 ὲν
1673 2080 1981 2154 ἀνθρώποις

401 2175 788 2249 καθαρώτατον
823 2176 967 2229 νοῦν.
1012 2175 1124 2229 Καὶ
1151 2176 1291 2228 κατὰ
1322 2175 1559 2246 ἱστορίαν
1595 2174 1653 2226 δὲ
1679 2172 1982 2244 ἐπληροῦτο

399 2268 461 2322 τὸ
485 2267 684 2336 λόγιον,
717 2268 805 2320 ὅτε
833 2269 880 2320 οἱ
913 2266 972 2331 ἐξ
1010 2268 1274 2337 ἀνατολῆς
1320 2267 1479 2337 μάγοι
1521 2266 1766 2329 ἐλθόντες
1819 2265 1982 2318 παῖδα

399 2360 527 2416 ὄντα
578 2360 989 2430 προσεκύνησαν
1034 2359 1124 2412 τὸν
1179 2362 1426 2432 Σωτῆρα,
1484 2359 1867 2432 προσήνεγκαν
1920 2377 1980 2411 τε

398 2453 548 2524 αὖτῷ
573 2453 794 2524 χρυσίον
825 2454 918 2507 καὶ
954 2452 1167 2507 λίϐανον
1198 2453 1292 2506 καὶ
1341 2451 1606 2524 σμύρναν.
1641 2454 1730 2524 Μή
1763 2470 1893 2506 ποτε
1925 2453 1981 2506 δὲ

400 2543 496 2597 καὶ
515 2543 596 2604 τὸ.
637 2562 656 2594 ι
690 2541 932 2614 ζήσεται,
972 2563 990 2593 ι
1024 2546 1102 2606 εἰς
1127 2544 1332 2595 ἐκεῖνον
1364 2541 1689 2614 ἀναφέρεται
1724 2543 1815 2594 τὸν
1855 2542 1982 2612 χρό-

398 2651 511 2698 νον,
555 2635 676 2688 καθ’
710 2635 768 2688 ὃν
819 2634 1085 2706 Ἡρώδης,
1139 2633 1500 2687 ἐπιϐουλεύων
1543 2633 1860 2705 νηπιάζοντι
1902 2633 1980 2703 τῷ

409 2725 606 2799 Ἰησοῦ,
645 2747 664 2780 ι
694 2727 916 2799 πέμψας
950 2727 1124 2781 ἀνεῖλε
1166 2727 1372 2790 πάντας
1396 2726 1520 2789 τοὺς
1547 2725 1673 2796 περὶ
1708 2723 1982 2796 τὴν,,Βηθ-

397 2815 531 2888 λεὲμ
566 2817 762 2881 παῖδας
827 2819 934 2871 ἀπὸ
970 2817 1178 2881 διετοῦς
1222 2818 1314 2871 καὶ
1356 2817 1671 2888 κατωτέρω,
1708 2815 1850 2870 κατὰ
1887 2816 1980 2869 τὸν

398 2908 590 2981 χρόνον
640 2909 700 2962 ὃν
741 2908 1016 2980 ὴκρίϐωσε
1071 2908 1222 2980 παρὰ
1252 2909 1362 2962 τῶν
1409 2909 1617 2978 μάγων.
1664 2927 1682 2958 ι
1710 2907 1843 2959 Τότε
1869 2906 1978 2978 γὰρ

398 3003 790 3076 χρηματισθεὶς
830 3004 858 3056 ὁ
894 3004 1112 3074 Ἰωσὴφ,
1156 3002 1429 3072 παρέλαϐε
1479 3000 1694 3072 Μαρίαν
1737 3002 1838 3072 τὴν
1887 3017 1980 3069 γυ-

398 3098 562 3148 ναῖκα
593 3094 755 3148 αὐτοῦ
783 3095 876 3148 καὶ
911 3095 971 3147 τὸ
1002 3095 1230 3160 παιδίον,
1270 3096 1364 3147 καὶ
1391 3093 1736 3165 ἀνεχώρησεν
1777 3095 1856 3155 είς
1885 3092 1979 3144 Λῖ-

398 3202 622 3254 γυπτον.
659 3187 749 3238 Διὸ
773 3185 944 3239 ταῦτα
977 3185 1305 3249 θεσπίζουσα
1338 3188 1372 3257 ἡ
1400 3184 1647 3256 παροῦσα
1673 3184 1978 3256 προφητεία

404 3276 723 3347 προύλεγεν,
771 3279 851 3329 ὅτι
913 3296 930 3327 ι
969 3277 1213 3348 ζήσεται,
1257 3277 1350 3330 καὶ
1396 3277 1682 3347 δοθήσεται
1731 3275 1880 3346 αὐτῷ
1918 3277 1982 3329 ὲκ

399 3367 492 3420 τοῦ
519 3366 740 3438 χρυσίου
764 3365 866 3434 τῆς
905 3366 1164 3436 Ἀραϐίας
1200 3387 1217 3418 ι
1255 3365 1348 3419 τοῦ
1379 3365 1488 3421 ἀπὸ
1513 3366 1662 3419 Σαϐά
1681 3383 1706 3416 '.
1727 3365 1860 3418 ὡσεὶ
1888 3383 1982 3420 σα-

401 3461 660 3532 φέστερον
689 3462 840 3530 ἔλεγε
878 3480 895 3512 ι
930 3461 1021 3513 τοῦ
1050 3461 1327 3514 ὲκλεκτοῦ.
1361 3481 1378 3512 ι
1427 3462 1492 3514 Ἢ
1521 3461 1628 3533 γὰρ
1662 3459 1809 3516 Σαϐὰ
1840 3459 1981 3530 αῦτη

399 3556 496 3609 καὶ
537 3555 600 3607 τὸ
644 3555 922 3609 Σαϐαῖτῶν
964 3554 1114 3618 ἔθνος
1153 3555 1372 3623 λέγεται
1406 3549 1544 3607 εἶναι
1590 3555 1688 3625 τῆς
1727 3553 1983 3624 Ἀραϐίας

397 3645 498 3716 τῆς
530 3647 868 3718 καλουμένης
910 3647 1243 3718 Εὐδαίμονος
1264 3663 1276 3677 ·
1314 3645 1562 3699 ἐντεῦθέν
1595 3663 1654 3699 τε
1691 3648 1981 3716 ἱστορεῖται

397 3737 477 3810 τῷ
506 3738 776 3809 Σολομῶνι
815 3738 1075 3811 φέρεσθαι
1107 3737 1245 3808 μετὰ
1276 3737 1383 3791 τῶν
1424 3737 1596 3790 ἄλλων
1627 3737 1721 3789 καὶ
1760 3736 1982 3807 χρυσίον

400 3829 676 3882 ἐκλεκτόν.
727 3831 836 3882 Καὶ
877 3831 1052 3894 ἄλλως
1092 3828 1149 3880 δὲ
1192 3828 1374 3889 αὐτοῖς
1417 3825 1716 3895 ὀφθαλμοῖς
1766 3824 1981 3894 ὁρῶμεν

400 3921 458 3974 ὲν
507 3924 629 3985 ταῖς
683 3921 1000 3991 ἐκκλησίαις
1047 3919 1282 3990 Χριστοῦ
1335 3916 1503 3989 μυρία
1553 3917 1811 3986 κειμήλια
1875 3915 1982 3968 ἀπὸ

401 4015 624 4084 χρυσίου
664 4013 904 4084 καθαροῦ
953 4014 1032 4077 είς
1070 4011 1233 4066 αὐτοῦ
1279 4029 1339 4063 τε
1381 4009 1545 4082 τιμὴν
1587 4009 1977 4081 ἁφιερούμενα.

399 4107 641 4168 Εἰκότως
672 4102 765 4159 οὖν
788 4105 910 4160 οὐδὲ
938 4107 1037 4176 τὴν
1069 4105 1272 4157 τούτων
1305 4105 1523 4174 μνήμην
1552 4102 1796 4174 παριδεῖν
1828 4101 1984 4170 ἠξίω-

403 4212 494 4250 σεν
526 4198 553 4250 ὀ
579 4197 756 4265 λόγος.
796 4196 1067 4264 Ἑπιλέγει
1107 4195 1164 4248 δὲ
1196 4194 1321 4264 ἑξῆς
1347 4213 1359 4226 ·
1402 4213 1419 4245 ι
1456 4196 1564 4247 Καὶ
1596 4191 1982 4266 προσεύξονται

400 4289 529 4360 περὶ
583 4288 745 4343 αὐτοῦ
797 4288 1080 4360 διηνεκῶς,
1131 4287 1219 4339 διὰ
1270 4286 1449 4356 πάσης
1503 4287 1714 4357 ἡμέρας
1754 4286 1981 4349 ἕκαστος

400 4381 682 4450 εὐλογήσει
727 4381 908 4434 αὐτόν.
952 4400 970 4431 ι
1007 4380 1082 4432 O’t’i
1116 4379 1196 4432 δεῖ
1230 4379 1287 4432 δὲ
1335 4379 1541 4432 πολλῶν
1593 4378 1765 4448 λόγων
1797 4380 1876 4442 είς
1920 4379 1982 4433 τὸ

401 4475 748 4544 παραστῆσαι
770 4473 917 4535 ὅπως
945 4471 1144 4533 πάντες
1167 4471 1216 4522 οἱ
1249 4471 1328 4534 εἰς
1352 4470 1439 4523 τὸν
1456 4470 1690 4540 Χριστὸν
1722 4469 1814 4523 τοῦ
1845 4469 1980 4522 Θεοῦ

400 4563 822 4624 πεπιστευκότες
843 4560 1215 4626 ἀδιαλείπτους
1240 4562 1605 4633 ἀναφέρουσιν
1627 4563 1791 4632 εὐχὰς
1821 4564 1980 4634 «περὶ

399 4653 586 4717 αὐτοῦ,
620 4673 640 4705 ι
672 4653 746 4716 ὡς
774 4652 840 4707 ἂν
865 4652 1034 4724 ἔχοιεν
1060 4654 1221 4707 αὑτὸν
1255 4655 1361 4707 αἰεὶ
1393 4655 1638 4717 συνόντα,
1671 4655 1762 4707 καὶ
1789 4653 1980 4724 βοηθὸν

399 4746 584 4810 αὐτοῖς
630 4747 763 4800 πᾶσι
797 4746 1136 4816 γιγνόμενον.
1180 4747 1266 4809 Ὡς
1313 4745 1369 4798 δὲ
1419 4745 1507 4798 διὰ
1556 4744 1739 4817 πάσης
1769 4745 1980 4817 ἡμέρας

399 4835 628 4900 ἕκαστος
661 4837 869 4905 εὐλογεῖ
899 4837 1082 4902 αὐτὸν,
1125 4836 1207 4900 τίς
1247 4835 1312 4889 ἂν
1351 4835 1711 4907 άμφιϐάλλοις
1743 4836 1977 4907 Νύκτωρ

400 4928 532 4998 γοῦν
577 4930 671 4983 καὶ
723 4928 840 5000 μεθ’
873 4929 1085 5000 ἡμέραν
1140 4928 1318 4981 πλεῖον
1365 4931 1466 4999 τῆς
1501 4929 1774 4999 ἀναπνοῆς
1829 4930 1978 4981 πᾶσα

399 5021 546 5092 ψυχὴ
589 5021 696 5074 τῶν
743 5023 820 5086 είς
863 5021 1024 5074 αὑτὸν
1072 5021 1311 5092 γνησίως
1373 5019 1831 5082 πεπιστευκότων,
1879 5019 1977 5091 τὴν

401 5113 770 5187 προσηγορίαν
797 5113 959 5167 αὐτοῦ
989 5112 1204 5183 τιμῶσα
1235 5113 1326 5166 καὶ
1371 5112 1601 5166 σέϐουσα
1632 5112 1845 5182 εὐλογεί
1877 5113 1975 5165 αύ-

399 5204 511 5267 τὸν,
559 5203 900 5274 πεπεισμένη
938 5204 1016 5266 είς
1048 5204 1245 5274 ἑαυτὴν
1289 5202 1666 5273 ἀντιστρέφειν
1695 5201 1794 5273 τὴν
1826 5202 1978 5256 εὐλο-

402 5297 548 5365 γίαν,
581 5295 886 5359 ἀκολούθως
919 5294 1082 5366 λογίῳ
1113 5297 1191 5358 εἰς
1223 5293 1387 5348 αὑτοῦ
1418 5294 1706 5366 πρόσωπον
1734 5293 1972 5366 Χριστοῦ

403 5390 664 5459 φήσαντι·
686 5407 704 5438 ι
724 5389 786 5441 οι
814 5387 1159 5457 εὐλογοῦντές
1189 5404 1248 5440 σε
1263 5386 1601 5457 εὐλόγηνται,
1636 5387 1731 5440 καὶ
1761 5388 1812 5439 οί
1837 5403 1972 5440 κατ-

405 5477 675 5550 αρώμενοί
719 5495 777 5531 σε
821 5480 1242 5549 κεκατήρανται.
1287 5497 1305 5528 ›
1338 5477 1500 5530 Ὅθεν
1531 5478 1624 5530 καὶ
1650 5475 1803 5544 αὔξει
1843 5479 1976 5549 ὁση-

408 5571 571 5642 μέραι
602 5571 695 5622 καὶ
718 5569 944 5640 πληθύει
972 5570 1034 5624 τὸ
1057 5569 1395 5642 Χριστιανῶν
1421 5569 1598 5638 γένος,
1623 5568 1712 5623 διὰ
1739 5569 1800 5622 τὸ
1823 5570 1976 5640 μετέ-

403 5677 520 5734 χειν
557 5662 656 5733 τῆς
688 5663 752 5714 ἐκ
784 5660 918 5714 Θεοῦ
949 5661 1218 5728 εὐλογίας,
1249 5654 1314 5731 ἧς,
1334 5660 1595 5714 ἀπολαύει
1625 5659 1711 5715 διὰ
1738 5661 1800 5714 τὸ
1826 5661 1969 5717 ἀδια-

476 5844 521 5877 ⁸⁸
553 5843 744 5900 Matth.
777 5856 837 5910 ιι,
885 5841 968 5900 l6.
1043 5842 1088 5875 ⁸⁸
1117 5840 1278 5898 Num.
1307 5857 1453 5910 mv,
1481 5841 1532 5896 9.

2095 631 2173 685 bit
2196 632 2676 698 calumniatorem,
2703 638 2757 684 et
2795 626 3139 699 permanebit
3167 643 3292 683 cum
3335 626 3470 689 sole.
3493 626 3672 683 domi-

2095 720 2420 793 nabiturque
2443 737 2473 776 a
2502 721 2642 776 mari
2676 737 2848 791 usque
2881 721 2948 774 ad
2996 736 3147 775 mare
3179 729 3233 776 et
3265 735 3295 773 a
3321 717 3541 776 ﬂumine
3564 734 3672 780 .us-

2093 830 2199 882 que
2223 813 2290 867 ad
2318 813 2582 869 terminos
2601 812 2753 868 orbis
2779 823 3043 866 terrarum
3067 829 3080 874 ;
3103 811 3227 880 jure
3249 811 3351 880 ipsi
3375 810 3536 880 longa
3562 812 3673 868 vita

2093 922 2252 976 opus.
2286 906 2434 961 Alias
2478 907 2623 961 enim
2656 921 2765 975 quo
2820 912 2980 970 pacto
3031 903 3134 972 ipsi
3181 901 3386 958 subditi
3438 901 3677 960 fuissent

2094 997 2404 1066 Aithiopes,
2435 1013 2648 1053 necnon
2679 1013 2833 1068 reges
2861 994 3090 1049 Tharsis
3112 1002 3165 1050 et
3197 995 3408 1062 insulze,
3439 996 3529 1065 qui
3574 993 3675 1049 ad-

2093 1097 2344 1145 orassent
2369 1107 2492 1144 eum
2527 1105 2718 1144 omnes
2760 1104 2916 1159 rcges
2940 1096 3118 1152 terrae,
3156 1096 3209 1140 et
3239 1103 3429 1142 omnes
3483 1094 3673 1158 gentes

2093 1183 2522 1241 serviissentei?
2553 1181 2758 1236 Horum
2797 1183 2940 1235 enim
2975 1179 3218 1234 omnium
3249 1194 3412 1233 causa
3445 1181 3674 1250 perenni

2091 1275 2201 1328 vita
2243 1275 2346 1344 ipsi
2385 1289 2522 1344 opus
2571 1281 2710 1329 erat.
2762 1262 3109 1342 Quapmpter
3157 1272 3261 1325 sub
3317 1271 3435 1325 haec
3486 1266 3675 1326 omnia

2090 1367 2262 1438 probe
2305 1383 2366 1422 ac
2402 1368 2720 1422 necessario
2757 1365 2981 1437 affertur
3003 1363 3157 1428 illud,
3190 1381 3208 1414 ε
3243 1373 3296 1419 ct
3315 1364 3504 1418 vivet:
3545 1381 3565 1409 ν
3591 1363 3675 1418 sic

2089 1473 2326 1528 namque
2352 1458 2473 1527 ejus
2505 1458 2599 1527 qui
2637 1457 2691 1511 in
2737 1457 3001 1512 vaticinio
3053 1455 3374 1512 enuntiatur
3411 1455 3543 1519 vita,
3571 1454 3676 1508 im-

2090 1551 2341 1607 mortalis
2374 1558 2428 1605 et
2465 1557 2666 1605 aeterna
2703 1549 2818 1605 fore
2848 1551 3187 1621 praedicitur.
3229 1548 3498 1617 Deinceps
3529 1546 3678 1602 addi-

2089 1651 2181 1698 tu-r
2215 1659 2228 1694 :
2263 1662 2280 1693 c
2317 1642 2384 1696 Et
2419 1641 2642 1696 dabitur
2666 1643 2716 1698 ei
2749 1643 2817 1698 de
2847 1659 2982 1698 auro
3011 1642 3245 1698 Arabiae.
3280 1661 3298 1693 ι
3330 1639 3439 1696 Pro
3461 1640 3557 1695 illo
3585 1655 3678 1694 au-

2089 1741 2223 1799 tem,
2247 1753 2266 1787 ‹
2285 1734 2561 1798 'Arabiae,»
2589 1751 2810 1791 rursum
2841 1735 3110 1792 Hebraica
3141 1736 3418 1805 scriptura
3444 1752 3462 1786 ‹
3494 1733 3670 1789 Saba:

2089 1827 2438 1893 circumfert;
2471 1844 2538 1884 ac
2565 1829 2764 1899 reliqui
2801 1831 3127 1900 interpretes
3177 1828 3343 1884 simili
3380 1843 3516 1882 voce
3546 1832 3675 1882 sunt

2089 1921 2196 1975 usi.
2231 1920 2440 1976 Dixerit
2493 1923 2793 1993 quispiam,
2824 1922 2914 1976 hic
2949 1937 3145 1976 aurum
3187 1921 3399 1990 tropice
3432 1920 3676 1976 indicare

2088 2015 2440 2084 purissimam
2472 2015 2526 2069 in
2559 2014 2879 2069 hominibus
2925 2022 3186 2069 mentem.
3248 2014 3561 2069 Secundum
3597 2014 3678 2067 hi-

2089 2104 2314 2159 storiam
2343 2114 2523 2160 autem
2551 2106 2832 2176 impletum
2862 2105 2994 2159 illud
3029 2105 3151 2168 fuit,
3186 2105 3406 2176 quando
3430 2104 3572 2175 magi
3604 2105 3675 2159 ab

2089 2197 2311 2254 Oriente
2381 2205 2673 2262 venerunt,
2730 2205 2784 2254 et
2849 2197 3196 2254 Servatorem
3245 2208 3377 2252 tunc
3440 2213 3673 2268 puerum

2089 2290 2471 2354 adoraverunt,
2506 2291 2929 2360 obtuleruntquc
2956 2291 3005 2345 ei
3031 2305 3245 2357 aurum,
3278 2291 3406 2346 thus
3435 2297 3488 2344 et
3519 2303 3676 2360 myr—

2087 2381 2264 2435 rham.
2298 2380 2438 2434 Num
2474 2380 2613 2436 forte
2665 2381 2820 2443 illud,
2855 2400 2874 2432 ‹
2907 2383 3072 2444 vivet,
3106 2401 3124 2431 ι
3165 2381 3219 2435 ἱη
3265 2380 3317 2435 id
3353 2390 3566 2449 tempus
3593 2393 3676 2435 re-

2089 2471 2316 2534 feratur,
2353 2488 2462 2543 quo
2509 2471 2707 2526 infanti
2746 2470 2876 2528 Jesu
2907 2471 3138 2527 insidias
3169 2487 3370 2542 parans
3402 2470 3668 2530 Herodes.

2093 2582 2112 2615 ‹
2145 2564 2366 2618 mittens
2424 2563 2625 2619 occidit
2685 2577 2877 2617 omnes
2919 2578 3144 2632 pueros,
3188 2563 3280 2632 qui
3328 2568 3488 2617 erant
3517 2561 3672 2616 circa

2086 2651 2401 2708 Bethlehem
2422 2667 2450 2706 a
2465 2653 2673 2708 bimatu
2695 2662 2747 2707 et
2767 2652 2931 2712 infra.
2956 2652 3256 2708 secundum
3279 2658 3492 2721 tempus
3521 2650 3670 2721 quod

2086 2743 2420 2813 exquisierat
2466 2759 2496 2798 a
2543 2743 2800 2814 magis".
2834 2764 2853 2797 ι
2887 2744 3044 2800 Tunc
3076 2745 3221 2799 enim
3269 2759 3536 2814 responso
3572 2759 3670 2798 ar-

2086 2843 2268 2906 cepto,
2302 2834 2504 2906 Ioseph
2533 2837 2831 2908 assumpsit
2863 2837 3088 2891 Mariam
3122 2836 3408 2907 coniugem
3433 2851 3589 2894 suam
3614 2843 3674 2892 et

2084 2944 2337 2999 puerum,
2372 2937 2427 2984 et
2457 2930 2686 2986 secessit
2726 2932 2780 2984 in
2820 2928 3137 3000 Egyptum.
3171 2928 3354 2996 Quare
3386 2928 3502 2984 haec
3528 2945 3671 3000 pro-

2085 3021 2269 3092 phetia
2295 3020 2646 3077 vaticinando
2671 3022 3038 3092 praenuntiat:
3067 3039 3085 3072 c
3111 3019 3268 3075 Vivet
3295 3027 3350 3075 et
3370 3019 3593 3075 dabitur
3615 3018 3671 3076 ei

2084 3113 2151 3167 de
2180 3126 2315 3166 auro
2343 3112 2578 3174 Arabize,
2613 3131 2632 3163 ι
2666 3127 2760 3167 seu
2789 3111 2856 3166 de
2881 3109 3059 3177 Saba;
3091 3125 3156 3164 ac
3182 3111 3229 3166 si
3248 3111 3491 3180 apertius
3517 3109 3670 3165 dice-

2084 3213 2191 3270 ret,
2230 3225 2248 3257 ι
2282 3207 2476 3262 electo.
2517 3225 2537 3258 ι
2578 3204 2716 3259 Nam
2745 3205 2861 3259 haec
2895 3203 3047 3273 regio
3101 3203 3244 3257 Saba
3284 3211 3339 3259 et
3387 3213 3522 3273 gens
3566 3199 3672 3255 Sa-

2085 3292 2379 3356 baitarum,
2398 3293 2602 3348 dicitur
2617 3308 2740 3348 esse
2753 3291 3162 3362 Arabiaz.qtlam
3176 3289 3415 3348 Felicem
3429 3297 3665 3348 vocant:

2084 3400 2150 3440 ex
2182 3399 2292 3454 qua
2327 3383 2604 3440 Salomoni
2650 3400 2869 3455 quoque
2903 3384 3127 3438 allatum
3166 3398 3292 3438 cum
3323 3383 3448 3439 aliis
3495 3383 3703 3440 fuisse.

2085 3491 2279 3531 aurum
2317 3478 2550 3532 electum
2596 3487 2905 3533 enarratur.
2943 3476 3011 3531 Et
3048 3477 3185 3533 alias
3227 3491 3450 3547 quoque
3488 3475 3545 3531 in
3575 3491 3672 3532 ec-

2085 3568 2268 3624 clesiis
2297 3569 2504 3625 Christi
2535 3569 2750 3625 inﬁnita
2785 3568 3034 3625 ’videmus
3065 3585 3133 3624 ex
3164 3583 3300 3623 auro
3326 3583 3467 3638 puro
3493 3568 3670 3623 cime-

2083 3665 2158 3720 lia
2194 3665 2252 3720 in
2293 3664 2415 3733 ejus
2443 3665 2706 3721 honorem
2760 3669 3105 3719 consecrata.
3141 3660 3338 3717 Merito
3365 3661 3536 3732 igitur
3560 3660 3668 3715 ho-

2082 3771 2206 3812 rum
2259 3757 2529 3812 memoria
2569 3770 2917 3826 nequaquam
2969 3752 3340 3824 practermissa
3380 3751 3504 3807 fuit.
3542 3750 3669 3810 Mox

2085 3846 2458 3916 subjuugitur,
2487 3865 2504 3896 ι
2549 3845 2616 3899 Et
2648 3846 2886 3900 orabunt
2912 3843 2978 3898 de
3007 3845 3129 3914 ipso
3171 3858 3406 3914 semper,
3430 3851 3545 3898 tota
3578 3843 3671 3899 die

2085 3939 2286 4010 singuli
2334 3938 2662 3994 benedicent
2708 3953 2855 3992 eum.
2895 3957 2914 3990 ›
2948 3936 3068 3992 Non
3094 3936 3284 3992 multis
3314 3935 3495 3990 verbis
3529 3949 3671 4005 opus

2085 4031 2154 4085 ad
2197 4031 2586 4086 declarandum
2614 4044 2724 4101 quo
2753 4035 2916 4098 pacto
2949 4042 3142 4084 omnes
3169 4029 3264 4098 qui
3300 4027 3357 4081 in
3380 4026 3665 4082 Christum

2084 4121 2181 4177 Dei
2229 4122 2601 4185 crediderunt,
2646 4119 3022 4175 indesinenter
3051 4132 3244 4189 preces
3276 4115 3506 4172 efferant
3537 4134 3558 4167 ‹
3596 4115 3668 4170 de

2085 4213 2201 4280 illo,
2236 4233 2254 4265 ι
2297 4219 2357 4268 ut
2389 4213 2539 4266 illum
2576 4227 2791 4282 semper
2839 4206 3027 4267 secum
3067 4208 3326 4272 habeant,
3360 4215 3415 4266 et
3447 4206 3668 4276 adjuto-

2083 4321 2201 4362 rem
2235 4308 2290 4361 in
2313 4306 2570 4362 omnibus
2589 4305 3004 4361 nanciscantur.
3035 4299 3191 4368 Quod
3209 4309 3390 4355 autem
3419 4298 3668 4369 quotidie

2087 4395 2291 4466 singuli
2321 4394 2648 4450 benedicant
2675 4394 2746 4456 ei,
2786 4391 2911 4463 quis
2952 4389 3320 4446 dubitaverit?
3347 4404 3474 4443 nam
3503 4399 3667 4444 nocte

2083 4496 2138 4544 et
2170 4487 2257 4542 die
2285 4486 2481 4540 anima:
2516 4485 2760 4541 omnium
2785 4485 2841 4538 in
2866 4484 3048 4554 ipsum
3085 4483 3297 4538 sincere
3321 4479 3665 4536 credentium

2015 4598 2058 4652 ι)
2084 4579 2447 4650 frequentius,
2476 4592 2638 4648 quam
2672 4577 2965 4646 respirent,
2993 4589 3193 4629 nomen
3227 4571 3348 4642 ejus
3377 4571 3566 4626 colunt
3597 4585 3665 4626 ac

2086 4675 2440 4732 venerantur,
2475 4668 2688 4738 ipsique
2716 4666 3048 4722 benedicunt
3077 4681 3090 4716 :
3123 4671 3286 4719 certae
3316 4663 3372 4718 in
3403 4677 3464 4718 se
3505 4661 3666 4718 refle-

2086 4759 2159 4813 cti
2190 4759 2354 4812 talem
2400 4757 2860 4816 benedictionem,
2898 4751 3198 4808 secundum
3231 4750 3334 4805 hoc
3375 4751 3430 4804 in
3472 4765 3664 4820 perso—

2086 4863 2212 4902 nam
2238 4845 2446 4902 Christi
2487 4845 2690 4900 dictum
2726 4858 2740 4894 :
2777 4861 2796 4892 ‹
2829 4841 2934 4908 Qui
2968 4839 3296 4895 benedicunt
3341 4835 3464 4900 tibi,
3493 4835 3663 4891 bene-

2085 4939 2216 4994 dicti
2259 4944 2407 5004 sunt,
2443 4942 2497 4992 et
2529 4935 2621 5005 qui
2669 4933 3009 4989 maledicunt
3056 4930 3184 4995 tibi,
3228 4926 3594 4983 maledicti".
3636 4945 3654 4976 ι

2085 5029 2451 5096 Quamobrem
2481 5026 2723 5097 quotidie
2745 5025 2946 5080 crescit
2973 5032 3028 5078 et
3055 5027 3285 5091 augetur
3311 5019 3658 5074 Christiano-

2084 5135 2206 5175 rum
2257 5134 2449 5188 genus,
2481 5117 2626 5187 quod
2670 5114 3070 5171 benedictionis
3122 5110 3214 5165 Dei
3259 5124 3489 5166 consors
3534 5115 3653 5164 est:

2085 5220 2149 5260 ea
2181 5205 2381 5274 quippe
2415 5203 2638 5266 fruitur,
2684 5203 2814 5272 quia
2852 5215 3071 5270 semper
3100 5199 3320 5262 Christo
3357 5197 3530 5267 ipsius
3562 5197 3655 5251 be-

2084 5293 2331 5359 nedicit,
2389 5294 2688 5348 secundum
2747 5293 2888 5347 hanc
2927 5290 3267 5359 Scripturam
3320 5288 3591 5342 dicentem
3635 5304 3650 5340 :

2087 5404 2105 5436 ι
2146 5385 2282 5439 Tota
2307 5386 2395 5440 die
2416 5383 2748 5454 ,benedicent
2783 5385 2853 5442 ei.
2895 5402 2914 5435 ι
2943 5381 3258 5452 ﬂorumque
3298 5394 3522 5435 causam
3551 5378 3654 5434 de-

2080 5477 2252 5531 clarat
2275 5476 2462 5532 dicens
2495 5493 2508 5529 :
2541 5493 2560 5526 ι
2595 5473 2712 5528 Erit
2743 5474 3143 5529 firmamentum
3175 5471 3231 5525 in
3254 5477 3397 5526 terra
3419 5471 3475 5525 in
3504 5484 3657 5525 sum-

2079 5569 2184 5625 mis
2218 5570 2505 5624 montium.
2544 5585 2564 5619 ›
2603 5566 2700 5622 His
2741 5574 2919 5622 autem
2966 5565 3170 5620 indicat
3205 5561 3503 5620 Ecclesiam
3533 5561 3658 5633 ejus

2079 5662 2136 5719 in
2165 5661 2318 5719 ﬁrma
2346 5661 2570 5719 virtutis
2612 5661 2785 5734 ipsius
2816 5667 2971 5733 petra
3017 5657 3304 5714 fundatam
3356 5655 3658 5713 ﬁrmatam-
