4128 6392
469 418 574 475 815

1138 411 1409 471 EUSEBII
1446 410 1928 470 CIESARIENSIS
1966 412 2119 469 OPP.
2161 411 2345 467 PARS
2388 410 2564 467 lll.—
2589 411 3017 469 EXEGETICA.

3633 415 3739 472 sm

467 554 597 610 que,
620 537 818 595 elatam
842 538 971 591 item
999 545 1053 592 et
1068 526 1381 603 exaltatum,
1403 544 1457 592 et
1486 552 1648 607 quasr
1680 536 1734 590 in
1764 536 2028 591 οαοιιῐηίιιε

2151 534 2384 599 λείπτως
2429 534 2518 589 τὸν
2566 535 2798 605 Χριστὸν
2837 532 3002 587 αὐτοῦ
3048 532 3286 600 εὐλογεῖν
3328 531 3632 596 ἀκολούθως
3674 536 3736 604 τῇ

467 631 735 686 montium
762 630 945 695 sitam,
992 628 1045 682 in
1079 628 1415 699 pr0pheticis
1469 628 1682 684 scilicet
1714 636 1769 682 et
1818 637 2041 698 aposto-

467 723 590 779 licis
614 722 816 789 verbis,
849 720 1006 792 queis
1042 720 1287 778 Ecclesia
1344 722 1657 778 Servatoris
1691 723 1868 778 nostri
1910 738 2041 779 con-

467 815 723 869 struitur.

2157 626 2295 697 μετὰ
2328 629 2513 698 χεῖρας
2548 628 2735 698 γραφῇ
2775 625 3059 699 φασκούσῃ
3081 641 3095 655 ο
3143 644 3160 675 ι
3197 625 3362 697 Ὅλην
3402 625 3501 697 τὴν
3525 627 3739 698 ἡμέραν

2148 718 2534 791 εὑλογήσουσιν
2588 719 2772 772 αὐτόν·
2818 738 2835 769 ι
2875 718 2985 771 Καὶ
3019 717 3081 771 τὸ
3118 717 3322 771 τούτων
3365 719 3534 771 αἴτιον
3573 718 3737 789 παρί-

2147 828 2305 883 στησι
2334 812 2507 880 λέγων
2527 828 2538 840 ·
2582 830 2600 862 ι
2645 811 2838 864 Ἔσται
2868 811 3146 882 στήριγμα
3172 810 3230 862 ἐν
3252 812 3317 881 τῇ
3352 812 3423 881 γῇ
3451 810 3536 863 ἐπ’
3566 811 3736 883 ἄκρου

462 905 567 961 ’τῶιν
606 905 796 977 ὀρέων.
832 924 850 958 t
881 906 1036 959 Οὕτω
1068 905 1125 959 δὲ
1165 904 1420 976 σημαίνει
1464 904 1562 977 τὴν
1601 904 1926 975 Ἐκκλησίαν
1951 906 2113 958 αὑτοῦ
2155 906 2626 977 τεθεμελιωμένην
2671 892 2768 958 καὶ
2804 903 3204 977 ὲστηριγμένην
3237 903 3330 955 ὲπὶ
3373 901 3473 974 τὴν
3518 903 3735 975 ἀρραγῆ

461 1001 562 1072 τῆς
591 1000 757 1056 αὐτοῦ
782 1001 1063 1071 δυνάμεως
1092 1000 1313 1071 πέτραν,
1363 1000 1681 1073 ἐπηρμένην
1742 1001 1799 1055 δὲ
1832 1002 1928 1055 καὶ
1994 1002 2309 1074 ὑψωμένην,
2345 1003 2420 1066 ὡς
2450 1003 2516 1056 ἂν
2554 1002 2645 1055 ἐπὶ
2689 1000 2835 1073 ἄκρα
2864 1001 3037 1072 ὀρέων
3069 998 3351 1071 κειμένην,
3382 997 3738 1071 προφητικῶν

462 1094 663 1167 δηλαδὴ
691 1095 787 1150 καὶ
819 1094 1188 1149 ἀποστολικῶν
1217 1094 1411 1163 λόγων,
1441 1091 1521 1158 οἷς
1549 1096 1581 1165 ἡ
1629 1094 1925 1165 Ἐκκλησία
1946 1095 2039 1149 τοῦ
2067 1096 2319 1169 Σωτῆρος
2349 1100 2381 1169 ἡ
2392 1096 2507 1169 μῶν
2539 1096 2991 1167 έποικοδομεῖται.

537 1213 701 1270 Vens.
734 1215 826 1281 l6,
871 1215 957 1270 l7.
996 1231 1014 1265 ι
1057 1211 1530 1285 Superextolletur
1575 1230 1741 1286 super
1768 1213 2037 1270 Libanum

455 1306 674 1364 fructus
729 1305 874 1376 ejus,
905 1313 961 1361 et
990 1305 1262 1361 ﬂorebunt
1294 1306 1362 1360 de
1406 1304 1629 1361 civitate
1675 1305 1821 1359 sicut
1852 1304 2035 1360 fenum

465 1405 646 1454 terrae.
690 1416 711 1451 ι
761 1397 880 1464 Qua
925 1399 1138 1453 ratione
1169 1396 1501 1462 Servatoris,
1536 1399 1631 1469 qui
1662 1398 1717 1452 in
1752 1399 2036 1470 prophetia

459 1488 801 1555 enuntiatur,
848 1486 1065 1546 fructus
1098 1504 1263 1559 super
1303 1485 1570 1545 Libanum
1622 1492 1892 1546 exaltatus
1943 1492 2034 1556 sit,

459 1579 755 1650 intelliges,
778 1580 828 1635 si
857 1579 1082 1651 colligas
1101 1594 1163 1634 ea
1184 1595 1304 1650 quae
1323 1580 1376 1634 in
1400 1580 1702 1650 prophetiis
1732 1582 1800 1637 de
1828 1580 2035 1636 Libano

459 1668 739 1725 dicuntur.
770 1668 986 1725 Dictum
1029 1671 1230 1741 quippe
1271 1680 1356 1727 est
1400 1672 1457 1724 in
1500 1670 1640 1726 Isaia
1671 1689 1683 1724 ;
1721 1692 1739 1724 ι
1768 1673 1907 1729 Ecce
1938 1673 2037 1727 Do-

458 1761 645 1817 minus
699 1760 940 1815 Sabaoth
990 1764 1284 1817 conturbat
1331 1763 1607 1833 gloriosos
1650 1780 1772 1819 cum
1817 1764 2035 1821 fortitu-

2224 1236 2243 1269 ‹
2290 1217 2758 1289 ’Υπεραρθήσεται
2787 1215 2927 1286 ὑπὲρ
2960 1213 3052 1267 τὸν
3083 1213 3314 1267 Λίϐανον
3339 1214 3367 1265 6
3394 1212 3600 1285 καρπὸς
3636 1212 3734 1266 αὗ-

2144 1310 2260 1374 τοῦ,
2292 1311 2387 1364 καὶ
2430 1309 2817 1379 ὲξανθήσουσιν
2850 1309 2915 1360 ὲκ
2963 1306 3168 1370 πόλεως
3216 1306 3349 1358 ὡσεὶ
3394 1306 3586 1377 χόρτος
3633 1308 3733 1377 τῆς

2144 1406 2268 1475 γῆς.
2319 1422 2338 1455 ›
2369 1403 2556 1466 Ὅπως
2589 1400 2873 1473 ὑπερήρθη
2903 1399 2996 1453 τοῦ
3032 1397 3513 1471 προφητευομένου
3553 1397 3735 1469 Σωτῆ-

2146 1511 2239 1565 ρος
2286 1494 2445 1565 ἡμῶν
2497 1494 2526 1545 6
2574 1493 2783 1563 καρπὸς
2821 1492 2962 1565 ὑπὲρ
3005 1491 3099 1545 τὸν
3144 1490 3375 1544 Λίϐανον
3417 1490 3629 1562 νοήσεις
3664 1489 3733 1541 τά

2145 1587 2274 1658 περὶ
2304 1585 2397 1639 τοῦ
2424 1586 2657 1639 Λιϐάνου
2689 1588 2746 1638 ὲν
2780 1584 3141 1655 προφητείαις
3167 1582 3466 1653 λελεγμένα
3497 1598 3733 1650 συναγα-

2144 1674 2276 1748 γών.
2315 1679 2543 1749 Εἴρηται
2576 1679 2633 1732 δὲ
2665 1679 2723 1731 ἐν
2772 1678 2871 1748 μὲν
2904 1676 2982 1747 τῷ
3024 1677 3253 1747 Ἠσαῖα’
3287 1694 3305 1727 ι
3350 1675 3480 1729 Ἰδοὺ
3513 1675 3577 1746 δὴ
3612 1674 3729 1728 Κύ-

2147 1790 2259 1842 ριος
2332 1772 2558 1827 Σαϐαὼθ
2636 1772 3001 1843 συνταράσσει
3069 1771 3197 1833 τοὺς
3264 1768 3512 1834 εὐδόξους
3590 1768 3732 1839 μετὰ

455 1841 680 1921 ἁίηθ’⁸⁷;
718 1870 737 1905 ι
760 1860 814 1908 et
841 1861 1029 1924 postea
1066 1872 1078 1909 :
1114 1873 1131 1906 ι
1170 1853 1410 1911 Libanus
1441 1864 1621 1911 autem
1648 1872 1771 1911 cum
1803 1858 2028 1913 excelsis

2143 1841 2323 1935 ίσχῦος
2344 1883 2356 1895 ο
2387 1884 2406 1917 ι
2456 1865 2548 1917 καὶ
2582 1862 2706 1933 ἑξῆς
2728 1882 2739 1892 ·
2785 1841 2819 1913 «ἡ
2855 1863 2913 1915 '0
2945 1862 3003 1915 δὲ
3041 1861 3273 1923 Λίϐανος
3310 1861 3407 1913 σὺν
3450 1862 3562 1923 τοῖς
3590 1859 3731 1930 ὑψη-

455 1945 693 2003 cadet”.
720 1964 741 2001 ι
775 1944 834 2000 1n
861 1945 1124 2001 Zacharia
1146 1962 1276 2002 vero
1308 1946 1482 2003 fertur
1509 1968 1521 2003 :
1555 1967 1574 2001 ι
1600 1948 1785 2021 Aperi,
1803 1950 2028 2013 Libane,

453 2044 645 2108 portas
680 2050 823 2104 tuas,
854 2044 912 2093 et
954 2037 1179 2093 devoret
1216 2039 1359 2109 ignis
1408 2039 1605 2097 cedros
1630 2048 1750 2096 tuas
1773 2042 1841 2096 ⁵⁵.
1884 2062 1901 2094 ι
1943 2041 2032 2095 Di-

454 2138 601 2185 ctum
639 2129 767 2183 item
801 2127 904 2183 fuit
936 2128 993 2183 in
1022 2130 1285 2186 vicesimo
1307 2138 1502 2187 octavo
1534 2133 1747 2202 psalmo
1780 2149 1794 2185 :
1833 2151 1853 2184 ί
1889 2132 2034 2188 Con-

455 2222 654 2293 fringet
684 2219 948 2278 Dominus
988 2223 1184 2279 cedros
1215 2222 1432 2291 Libani,
1459 2232 1514 2280 et
1564 2226 1898 2283 comminuet
1939 2243 2032 2282 eas

450 2324 717 2386 tanquam
767 2315 1001 2370 vitulum
1057 2314 1322 2370 Libanum
1342 2317 1408 2370 5°.
1443 2334 1461 2367 ι
1508 2314 1617 2374 Has
1656 2332 1824 2388 porro
1868 2333 2032 2375 voces

452 2423 586 2463 sane
620 2406 887 2464 obscuras
926 2408 1163 2478 explicat
1210 2406 1497 2478 Scriptura
1526 2408 1582 2463 in
1618 2407 1909 2465 Ezechiele
1948 2410 2034 2465 di-

449 2515 585 2558 cens
615 2520 630 2557 :
662 2517 682 2552 (
710 2499 906 2571 Aquila
957 2500 1184 2571 grandis
1233 2515 1559 2572 magnarum
1593 2502 1827 2567 alarum,
1870 2503 2032 2577 longo

451 2594 825 2651 membrorum
878 2592 1071 2659 ductu,
1119 2592 1279 2663 plena
1338 2593 1638 2664 unguibus,
1696 2593 2035 2665 ductumque

452 2683 662 2740 habens
725 2692 787 2739 ut
838 2682 1181 2753 ingrediatur
1232 2683 1289 2737 in
1345 2680 1638 2747 Libanum,
1686 2690 1740 2739 et
1787 2685 2034 2740 exsecuit

455 2784 643 2832 tenera
672 2774 917 2843 cedri“;
957 2793 977 2829 ι
1007 2775 1209 2846 quibus
1235 2774 1457 2831 subdit:
1495 2790 1514 2825 ι
1544 2774 1683 2831 Cum
1711 2777 1923 2832 venerit
1937 2792 2032 2833 rex

455 2866 776 2942 Babylonis,
810 2878 864 2924 et
916 2868 1200 2939 ingressus
1234 2868 1398 2926 fuerit
1423 2868 1478 2922 in
1515 2867 1841 2938 Jerusalem,
1877 2887 2035 2927 assu-

455 2971 568 3017 met
604 2961 880 3033 principes
895 2962 961 3016 θ’.
985 2980 1004 3014 ›
1032 2960 1129 3017 His
1147 2962 1347 3032 quippe
1376 2964 1522 3017 clare
1566 2962 1847 3033 prophetia
1876 2965 2032 3033 aqui-

450 3054 561 3109 lam
585 3054 843 3125 grandem
873 3068 1197 3125 magnarum
1224 3054 1456 3120 alarum,
1487 3070 1668 3125 regem
1708 3053 2033 3126 Babylonio-

449 3161 573 3201 rum
588 3146 1001 3217 interpretatur;
1014 3144 1280 3202 Libanum
1295 3161 1422 3201 vero
1434 3145 1756 3203 Jerusalem.
1775 3145 2032 3231 Reliquo-

2139 1956 2249 2019 λοῖς
2277 1957 2539 2008 πεσεῖται.
2576 1974 2593 2006 ι
2626 1952 2890 2007 Λέλεκται
2921 1952 2977 2005 δὲ
3011 1953 3105 2005 καὶ
3129 1953 3185 2004 ὲν
3216 1949 3494 2021 Ζαχαρία·
3519 1968 3537 2001 ι
3567 1949 3726 2003 Διάν-

2136 2048 2299 2115 οιξον,
2357 2047 2386 2099 6
2431 2048 2685 2114 Λίϐανος,
2724 2046 2821 2109 τὰς
2868 2044 3041 2107 πύλας
3079 2061 3192 2109 σου,
3219 2044 3316 2097 καὶ
3359 2041 3731 2110 καταφαγέτω

2136 2139 2249 2211 πῦρ
2274 2139 2370 2204 τὰς
2397 2140 2621 2211 κέδρους
2648 2156 2760 2191 σου.
2800 2157 2817 2189 ι
2848 2137 3076 2208 Εἴρηται
3102 2135 3158 2188 δὲ
3183 2136 3278 2188 καὶ
3307 2136 3363 2187 ὲν
3390 2134 3476 2205 κη’
3496 2132 3695 2204 ψαλμῷ
3713 2151 3725 2161 ·

2142 2251 2161 2283 ί
2194 2231 2481 2303 Συντρίψει
2521 2232 2619 2294 τὰς
2665 2230 2889 2300 κέδρους
2920 2228 3015 2281 τοῦ
3051 2226 3307 2291 Λιϐάνου,
3354 2227 3448 2279 καὶ
3476 2224 3731 2279 λεπτυνεῖ

2136 2324 2306 2387 αὐτὰς
2333 2324 2408 2387 ὼς
2443 2324 2535 2377 τὸν
2580 2320 2781 2394 μόσχον
2817 2322 2910 2373 τὸν
2960 2320 3219 2373 Λίϐανον.
3260 2338 3279 2371 ι
3328 2317 3640 2371 Ἐπιλύεται
3670 2317 3728 2369 δὲ

2134 2418 2338 2482 ταύτας
2361 2418 2461 2481 τὰς
2490 2417 2673 2486 φωνάς
2698 2417 2926 2483 ἀσαφεῖς
2956 2412 3121 2479 οῦσας
3147 2413 3175 2466 6
3199 2412 3348 2485 παρὰ
3374 2412 3451 2483 τῷ
3481 2410 3730 2480 Ἐζεκιὴλ

2134 2510 2360 2580 φάσκων
2393 2509 2551 2578 λόγος
2574 2525 2586 2538 ·
2628 2528 2645 2559 ι
2691 2507 2748 2560 '0
2781 2506 2938 2569 ἀετὸς
2970 2508 2998 2559 6
3043 2505 3217 2577 μέγας
3254 2508 3282 2558 ὁ
3319 2503 3730 2575 μεγαλοπτέρυ-

2135 2619 2249 2671 γος,
2283 2604 2312 2655 6
2356 2601 2563 2665 πλατὺς
2603 2603 2670 2671 τῇ
2708 2598 2951 2663 ὲκτάσει,
3010 2598 3225 2670 πλήρης
3256 2597 3489 2669 ὀνύχων,
3522 2596 3582 2660 ὃς
3614 2596 3731 2668 ἔχει

2132 2696 2193 2749 τὸ
2220 2694 2329 2767 ἦγη
2338 2712 2413 2765 μα
2439 2691 2698 2746 εἰσελθεῖν
2724 2693 2804 2755 εἰς
2833 2692 2925 2746 τὸν
2968 2690 3214 2753 Λίϐανον,
3242 2689 3334 2742 καὶ
3380 2687 3623 2758 ἀπέκοψε
3656 2688 3725 2742 τὰ

2133 2782 2319 2837 ἁπαλὰ
2360 2787 2457 2853 τῆς
2488 2783 2712 2854 κέδρουο
2753 2801 2771 2833 ι
2801 2776 2881 2845 οἷς
2908 2780 3033 2850 ἑξῆς
3057 2780 3390 2848 ὲπιλέγεται’
3429 2799 3448 2832 ι
3489 2780 3619 2833 Ὅτε
3658 2778 3727 2832 ἂν

2134 2877 2261 2949 ἔλθῃ
2284 2878 2313 2929 6
2339 2876 2591 2947 βασιλεὺς
2622 2875 2941 2940 Βαϐυλῶνος
2974 2876 3068 2929 καὶ
3093 2873 3310 2945 εἰσέλθῃ
3336 2874 3417 2937 εἰς
3452 2873 3724 2944 Ἰερουσα-

2132 2970 2263 3041 λὴμ,
2301 2971 2395 3024 καὶ
2423 2968 2652 3041 λήψεται
2685 2970 2811 3032 τοὺς
2846 2968 3132 3039 ἄρχοντας.
3164 2985 3181 3017 t
3230 2965 3425 3036 Σαφῶς
3477 2965 3587 3037 γὰρ
3634 2962 3723 3017 διὰ

2131 3060 2337 3113 τούτων
2378 3062 2411 3130 ἡ
2460 3058 2767 3132 προφητεία
2817 3059 2908 3111 τὸν
2950 3058 3049 3129 μὲν
3091 3057 3247 3111 ἀετὸν
3280 3057 3373 3110 τὸν
3429 3055 3599 3127 μέγαν
3631 3054 3723 3108 τὸν

2137 3151 2610 3223 μεγαλοπτέρυγον
2632 3150 2721 3205 τὸν
2758 3149 2982 3220 βασιλέα
3022 3150 3129 3202 τῶν
3160 3147 3513 3202 Βαϐυλωνίων
3536 3146 3714 3217 ἡρμή-

448 3251 572 3291 rum
597 3236 725 3291 item
750 3235 1130 3306 prophetarum
1157 3235 1322 3303 dicta,
1346 3251 1445 3291 ceu
1469 3236 1536 3292 de
1566 3235 1774 3292 Libano
1792 3236 2026 3308 prolata,

2134 3259 2312 3305 νευσε,
2345 3243 2437 3295 τὸν
2469 3242 2526 3295 δὲ
2565 3242 2795 3296 Λίϐανον
2824 3240 3311 3312 τὴνῚερουσαλήμ.
3359 3238 3723 3309 Ἐφαρμόσεις

446 3327 804 3401 Jerosolyma:
832 3329 1066 3400 aptabis.
1093 3328 1250 3383 Enim
1292 3345 1421 3385 vero
1451 3345 1613 3385 nemo
1641 3345 1708 3386 ex
1735 3330 2029 3386 circumci-
2066 3368 2077 3373 -

448 3422 606 3481 sione
639 3421 796 3478 fateri
826 3420 1060 3487 dubitet,
1096 3421 1164 3478 iis
1193 3437 1314 3492 qua:
1338 3422 1405 3478 de
1430 3420 1638 3478 Libano
1664 3422 1922 3478 dicuntur
1944 3420 2030 3479 Je-

445 3512 784 3585 rosolymam
833 3511 1175 3568 adumbrari.
1230 3529 1249 3564 ι
1302 3510 1831 3583 Supercxaltabitur,
1888 3532 1907 3566 ι
1966 3521 2028 3569 ιιι

447 3603 556 3660 fert
582 3618 764 3661 sermo
794 3618 1060 3674 praesens,
1088 3621 1107 3654 ι
1128 3618 1293 3674 super
1314 3602 1581 3659 Libanum
1612 3603 1823 3661 fructus
1847 3605 2020 3676 ejus,»

447 3694 664 3752 scilicet
696 3686 1000 3750 Servatoris
1040 3692 1106 3748 de
1140 3708 1249 3763 quo
1272 3693 1559 3765 prophetia
1593 3693 1856 3763 loquitur.
1885 3692 2025 3749 Fru-

444 3797 572 3844 ctus
598 3795 780 3844 autem
807 3786 929 3857 ejus
945 3785 1070 3857 quis
1102 3786 1289 3851 fuerit,
1320 3786 1426 3842 nisi
1455 3784 1895 3855 Ecclesiaipsius
1929 3801 2026 3856 per

443 3890 622 3940 totum
656 3882 848 3937 orbem
880 3880 1114 3945 firmata,
1150 3880 1218 3936 de
1243 3894 1351 3951 qua
1389 3878 1673 3934 dicebatur
1702 3899 1715 3935 :
1747 3898 1764 3930 ι
1797 3878 1914 3933 Erit
1936 3880 2027 3933 ﬂr-

443 3983 783 4031 mamentum
825 3973 883 4028 in
914 3983 1063 4029 terra
1095 3972 1153 4027 in
1192 3971 1423 4028 summis
1473 3972 1776 4027 montium?
1810 3992 1829 4024 ›
1874 3970 2026 4026 Hanc

444 4067 630 4137 itaque
669 4079 835 4135 super
861 4063 1129 4120 Libanum
1173 4063 1521 4121 exaltandam
1552 4079 1677 4119 esse
1702 4064 1758 4118 in
1789 4064 2026 4133 prophe-

444 4158 523 4211 tia
557 4157 778 4215 dicitur.
806 4156 956 4211 Licet
979 4156 1125 4212 enim
1154 4154 1397 4213 Libanus
1422 4156 1533 4222 ille,
1569 4172 1765 4226 nempe
1797 4154 2023 4210 Jeroso-

445 4248 615 4320 lyma,
638 4247 768 4302 olim
798 4245 972 4318 gloria
1004 4244 1144 4300 aﬂici
1173 4252 1228 4300 et
1254 4244 1450 4302 ﬂorere
1480 4246 1633 4301 visus
1667 4245 1774 4312 sit;
1804 4253 1859 4299 at
1887 4260 2024 4313 pra:-

446 4340 701 4395 stantiori
755 4338 1282 4409 incomparabilique
1349 4337 1511 4392 modo
1578 4336 2023 4406 superexaltatus

443 4432 548 4487 fuit
565 4430 872 4489 Servatoris
895 4430 1067 4486 nostri
1096 4429 1328 4495 fructus,
1349 4444 1445 4485 seu
1468 4427 1711 4485 Ecclesia
1735 4443 1831 4498 per
1845 4435 2021 4483 totum

442 4527 630 4582 orbem
668 4525 987 4581 constituta.
1010 4524 1126 4581 Sub
1146 4524 1262 4579 haec
1282 4532 1463 4579 autem
1486 4522 1717 4594 populos
1739 4522 1794 4575 in
1827 4521 2017 4591 singu-

2133 3331 2190 3385 δὲ
2223 3334 2316 3385 καὶ
2347 3330 2425 3390 τὰ.
2441 3331 2592 3403 παρὰ
2617 3334 2728 3395 τοῖς
2758 3330 2964 3394 λοιποῖς
2994 3333 3299 3403 προφήταις
3329 3329 3519 3400 ὥσπερ
3549 3327 3716 3382 Λιϐά-

2129 3441 2221 3477 νου
2266 3423 2564 3495 λελεγμένα
2613 3426 2679 3495 τῇ
2727 3423 3104 3496 Ἰερουσαλήμ.
3159 3421 3296 3474 Ἀλλ’
3345 3421 3466 3474 οὐδὲ
3498 3418 3607 3473 τῶν
3650 3421 3719 3475 ὲκ

2130 3520 2431 3589 περιτομῆς
2466 3534 2546 3580 τις
2575 3516 2903 3587 ἀμφιϐάλλοι
2939 3517 3005 3570 ἂν
3039 3516 3115 3587 μὴ
3147 3516 3266 3586 οὐχὶ
3313 3513 3442 3585 περὶ
3474 3514 3572 3585 τῆς
3611 3513 3710 3568 Ἱε-

2131 3611 2409 3683 ρουσαλὴμ
2437 3610 2768 3664 αἰνίττεσθαι
2798 3609 3079 3680 ὁμολογεῖν
3107 3607 3175 3661 τά
3206 3608 3335 3678 περὶ
3363 3606 3595 3661 Λιϐάνου
3624 3604 3713 3658 λε-

2127 3702 2381 3774 λεγμένα.
2437 3720 2455 3755 ι
2508 3700 2977 3773 Ὑπεραρθήσεται
3012 3718 3030 3750 ι
3067 3699 3266 3764 τοίνυν,
3298 3699 3357 3751 τὸ
3403 3698 3578 3769 παρὸν
3620 3697 3711 3750 λό-

2127 3794 2243 3863 γιόν
2277 3811 2460 3865 φησιν,
2520 3813 2536 3844 ι
2579 3792 2719 3864 ὑπὲρ
2751 3792 2841 3845 τὸν
2886 3792 3116 3845 Λίϐανον
3150 3793 3178 3844 6
3211 3790 3420 3862 καρπὸς
3457 3787 3643 3854 αὐτοῦ,
3688 3806 3708 3841 t

2127 3886 2327 3957 δηλαδὴ
2383 3885 2475 3938 τοῦ
2522 3883 3001 3956 προφητευομένου
3049 3884 3319 3953 Σωτῆρος.
3374 3882 3603 3953 Καρπὸς
3654 3881 3715 3935 δὲ

2127 3982 2289 4035 αὑτοῦ
2323 3982 2404 4045 τίς
2436 3981 2502 4035 ἂν
2532 3981 2793 4050 γένοιτοῆ
2840 3979 3136 4049 Ἐκκλησία
3164 3976 3327 4030 αὑτοῦ
3372 3978 3406 4047 ἡ
3435 3975 3555 4030 καθ’
3583 3976 3713 4047 ὅλης

2128 4078 2227 4147 τῆς
2292 4074 2616 4146 οἰκουμένης
2679 4071 3087 4143 ἐστηριγμένη,
3149 4069 3278 4140 περὶ
3332 4064 3402 4139 ἧς
3458 4067 3707 4134 ὲλέγετο’

2132 4185 2151 4217 ι
2198 4167 2390 4220 Ἔσται
2426 4168 2702 4237 στήριγμα
2735 4166 2791 4217 ὲν
2824 4167 2890 4233 τῇ
2921 4166 2990 4233 γῇ
3018 4163 3102 4215 ἐπ’
3129 4162 3296 4232 ἄκρον
3329 4160 3439 4213 τῶν
3469 4159 3703 4231 ὀρέων;›

2127 4259 2274 4329 Αὕτη
2306 4259 2484 4313 τοίνυν
2514 4255 2983 4328 ὑπεραρθήσεσθαι
3021 4255 3160 4327 ὑπὲρ
3188 4253 3279 4306 τὸν
3313 4252 3541 4305 Λίϐανον
3572 4268 3708 4323 προ-

2128 4351 2421 4422 φητεύεται
2442 4366 2455 4379 ·
2497 4352 2543 4403 εἰ
2573 4348 2681 4420 γὰρ
2704 4348 2797 4401 καὶ
2838 4346 2983 4412 ἔδοξέ
3020 4362 3150 4399 ποτε
3190 4346 3218 4397 6
3252 4344 3510 4416 δηλωθείς
3542 4342 3709 4397 Λίϐα-

2126 4459 2235 4505 νος,
2276 4440 2417 4510 λέγω
2446 4439 2503 4493 δὲ
2537 4441 2569 4509 ὴ
2609 4438 2984 4509 Ἰερουσαλὴμ,
3026 4434 3343 4503 δοξάζεσθαι
3376 4434 3469 4487 καὶ
3501 4432 3706 4495 ἀνθεῖν,

2128 4532 2239 4587 ἀλλ’
2283 4530 2564 4604 ὑπερήρθη
2599 4533 2694 4585 καὶ
2725 4530 2858 4584 πολὺ
2889 4530 3105 4583 κάλλιον
3144 4528 3358 4598 ἐκείνης
3391 4525 3709 4595 ἀσυγκρίτῳ

443 4618 513 4673 lis
544 4616 771 4671 urbibus
800 4617 1059 4671 collectos
1095 4592 1613 4684 multitudinemque
1641 4627 1897 4683 magnam
1932 4614 2018 4666 in-

2132 4626 2365 4696 ὒπεροχῇ
2527 4592 2776 4695 Σιιτῆρος
2822 4621 2979 4693 ἡμῶν
3026 4623 3054 4673 ὁ
3094 4592 3327 4693 καρπὸς,
3357 4621 3388 4688 ἡ
3420 4592 3543 4670 καθ’
3574 4592 3704 4686 ϐλης

442 4710 588 4765 dicat
628 4710 716 4766 his
760 4709 982 4765 verbis:
1022 4728 1040 4761 ‹
1076 4706 1142 4762 Et
1185 4707 1463 4763 ﬂorebunt
1498 4706 1567 4761 de
1612 4706 1837 4761 civitate
1874 4705 2018 4760 sicut

441 4803 629 4859 fenum
662 4810 837 4858 terrae.
873 4822 891 4855 )
926 4800 1061 4856 Illud
1088 4816 1276 4872 porro,
1323 4820 1343 4852 ι
1373 4799 1442 4856 de
1462 4799 1707 4863 civitate,
1751 4819 1771 4850 ›
1807 4797 2015 4853 dictum

442 4905 548 4962 est,
580 4898 738 4967 quasi
775 4896 1007 4967 singulis
1044 4896 1102 4949 in
1130 4893 1445 4950 civitatibus
1476 4900 1529 4948 et
1558 4892 1818 4947 omnibus
1856 4892 1913 4945 in
1937 4890 2017 4945 lo-

441 4990 543 5046 cis.
574 4989 690 5046 lmo
716 4990 879 5046 etiam
914 4988 1159 5045 Ecclesia
1191 4988 1387 5060 ipsius,
1414 4987 1484 5042 ob
1512 4986 1735 5056 politica
1768 4992 1822 5039 et
1858 4997 2017 5038 evan-

443 5061 635 5152 gelica:
668 5083 825 5152 queis
862 5083 1053 5145 utitur,
1084 5080 1355 5146 instituta,
1396 5077 1595 5132 civitas
1632 5074 1729 5131 Dei
1761 5084 2012 5130 vocatur.

442 5175 624 5241 Quare
646 5173 857 5228 dictum
891 5180 1013 5229 est:
1048 5190 1065 5224 ι
1095 5171 1345 5226 Gloriosa
1390 5168 1542 5223 dicta
1580 5176 1710 5223 sunt
1734 5166 1802 5221 de
1833 5173 1904 5231 te,
1931 5166 2015 5221 οἰκ

440 5264 583 5318 vitas
604 5260 793 5330 Dei“;
826 5270 916 5317 ret
943 5276 1165 5317 rursum
1193 5278 1206 5316 :
1244 5276 1262 5311 ι
1296 5257 1816 5327 Fluminisimpetus
1843 5254 2017 5321 laetifi-

442 5364 571 5408 cant
611 5354 887 5410 civitatem
925 5351 1107 5410 Dei“.
1140 5371 1159 5406 ι
1191 5350 1331 5418 Quia
1370 5366 1503 5421 ergo
1551 5349 1746 5405 civitas
1786 5347 1877 5401 illa
1922 5346 2016 5401 Dei

441 5446 608 5503 ﬂuvio
626 5448 679 5502 in
702 5463 760 5504 se
786 5447 1116 5510 exundante,
1142 5460 1238 5502 seu
1263 5443 1449 5506 verbo,
1483 5441 1730 5512 irrigata,
1763 5452 2016 5508 magnam

441 5538 649 5608 profert
682 5540 854 5594 turbae
885 5540 940 5593 in
994 5537 1239 5593 Ecclesia
1280 5536 1524 5590 collecta:
1563 5531 2015 5595 multitudinem;

435 5632 562 5702 jure
599 5630 897 5702 adjicitur:
934 5650 955 5684 ι
995 5630 1060 5685 Et
1086 5629 1358 5685 ﬂorebunt
1386 5629 1454 5682 de
1492 5626 1715 5681 civitate
1749 5624 1893 5681 sicut
1930 5624 2014 5681 fe-

506 5746 555 5777 "
583 5746 689 5802 lsa.
743 5762 799 5808 κ,
839 5747 926 5801 35.
1039 5747 1082 5780 ⁵⁸
1112 5746 1242 5801 Ibid.
1276 5741 1365 5800 54.
1441 5746 1485 5777 ⁸⁹
1518 5742 1683 5798 Zach.
1719 5757 1795 5810 ιι,
1828 5744 1878 5797 l.

440 5816 487 5847 ”
520 5814 666 5873 Psal.
709 5832 927 5884 LXXXVI,
963 5818 1013 5873 3.
1084 5818 1127 5848 “
1167 5815 1311 5871 Psal.
1346 5830 1468 5883 ιιν,
1509 5815 1559 5868 5.

1988 5745 2031 5777 ”
2059 5744 2203 5800 Psal.
2267 5763 2456 5812 xxvm,
2492 5747 2545 5810 5,
2579 5745 2630 5799 6.

2122 4715 2321 4787 δηλαδὴ
2367 4717 2465 4786 τῆς
2511 4714 2835 4783 οἰκουμένης
2875 4710 3173 4781 Ἐκκλησία
3225 4709 3437 4779 γέγονε.
3482 4706 3703 4769 Τούτοις

2122 4808 2249 4878 ἑξῆς
2275 4807 2400 4870 τοὺς
2432 4807 2594 4870 λαοὺς
2638 4806 2763 4869 τοὺς
2799 4802 2941 4858 κατὰ
2981 4805 3161 4856 πᾶσαν
3187 4801 3341 4854 πόλιν
3372 4815 3704 4871 συγκροτου-

2124 4902 2316 4971 μένους
2342 4901 2435 4954 καὶ
2463 4899 2534 4952 τὰ
2560 4897 2730 4952 πολλὰ
2764 4896 2945 4967 πλήθη
2980 4894 3277 4967 παρίστησι
3303 4892 3478 4962 λέγων
3502 4908 3514 4921 ο
3554 4910 3570 4940 ι
3592 4889 3706 4942 Καὶ

2119 4992 2503 5063 ὲξανθήσουσιν
2535 4993 2599 5043 ὲκ
2637 4990 2842 5053 πόλεως
2883 4988 3014 5042 ὡσεὶ
3042 4992 3232 5060 χόρτος
3269 4985 3370 5056 τῆς
3411 4986 3528 5056 γῆς.
3570 5002 3588 5034 ›
3627 4982 3703 5035 Τὸ

2122 5084 2199 5144 δὲ,
2242 5102 2259 5134 ι
2296 5086 2359 5136 ὲκ
2409 5084 2636 5147 πόλεως,
2676 5103 2693 5134 ι
2729 5084 2963 5154 εἰρηται,
2997 5080 3117 5134 ἀντὶ
3158 5080 3273 5145 τοῦ,
3308 5077 3426 5132 καθ’
3465 5077 3704 5145 ἑκάστην

2124 5175 2278 5228 πόλιν
2304 5176 2396 5229 καὶ
2423 5174 2563 5228 κατὰ
2595 5175 2771 5229 πάντα
2798 5175 2983 5228 τόπον.
3025 5171 3182 5225 Ἀλλὰ
3214 5171 3307 5225 καί⁵
3339 5173 3373 5241 ἡ
3408 5166 3703 5238 Ἐκκλησία

2124 5261 2287 5314 αὑτοῦ
2330 5262 2481 5325 πόλις
2526 5262 2839 5332 ὠνόμασται
2873 5262 2965 5314 τοῦ
3012 5258 3147 5313 Θεοῦ
3193 5258 3283 5313 διὰ
3325 5258 3426 5329 τὴν
3468 5258 3527 5308 ὲν
3562 5254 3698 5325 αὐτῇ

2126 5351 2516 5421 συνισταμένην
2542 5350 2770 5421 νόμιμον
2794 5351 2886 5403 καὶ
2905 5348 3266 5419 εὐαγγελικὴν
3287 5344 3579 5399 πολιτείαν.
3610 5342 3703 5394 Διὸ

2123 5441 2367 5494 λέλεκται
2388 5458 2400 5471 ·
2444 5461 2461 5491 ‹
2496 5440 2862 5512 Δεδοζασμένα
2910 5439 3140 5511 ἐλαλήθη
3175 5438 3302 5509 περί
3332 5435 3447 5499 σοῦ,
3477 5435 3510 5505 ὴ
3547 5432 3702 5495 πόλις

2122 5532 2215 5585 τοῦ
2241 5532 2375 5585 Θεοῦ
2396 5551 2410 5563 ·
2446 5552 2463 5584 ι
2493 5534 2588 5586 καὶ
2610 5533 2768 5587 πάλιν
2790 5550 2803 5563 ο
2848 5552 2864 5583 ι
2900 5532 3006 5585 Τοῦ
3035 5530 3280 5602 ποταμοῦ
3308 5528 3377 5581 τὰ
3400 5527 3701 5598 ὁρμήματα

2124 5628 2475 5697 εὐφραίνουσι
2523 5626 2621 5695 τὴν
2669 5626 2821 5679 πόλιν
2864 5625 2957 5678 τοῦ
3001 5623 3158 5679 Θεοῦ.
3201 5643 3218 5674 ι
3258 5621 3409 5675 Ἐπεὶ
3443 5617 3624 5671 τοίνυν
3662 5614 3700 5685 ἡ

2741 5746 2781 5778 ⁶¹
2814 5742 3006 5798 Ezech.
3054 5742 3264 5806 “11,5.
3343 5738 3386 5771 "
3415 5735 3547 5817 ibid.
3609 5728 3693 5784 l2.
