4126 6400
424 338 525 393 817

1558 338 2070 397 COMMENTARIA
2108 342 2177 397 ΙΝ
2210 341 2548 401 PSALMOS.

3586 344 3690 400 818

425 460 581 522 πόλις
626 457 716 511 τοῦ
764 456 919 522 Θεοῦ,
960 457 1293 529 ἀρδευομένη
1335 459 1412 530 τῷ
1462 460 1519 513 ὲν
1563 461 1703 531 αὐτῇ
1750 459 2008 532 πλημμύ-

2121 476 2242 515 num
2276 467 2453 517 terrae.
2493 480 2513 515 ι
2562 459 2922 517 Ρτιεωὶιιίωι·
2958 474 3093 517 sane
3144 458 3515 526 multitudini,
3570 476 3693 530 quae

426 559 572 627 ροντι
597 549 846 621 ποταμῷ,
880 549 1045 619 λόγῳ,
1090 549 1223 603 πολὺ
1254 551 1455 622 πλῆθος
1498 552 1761 624 προφέρει
1794 552 1901 606 τῶν
1947 555 2007 606 ἐν

424 648 491 717 τῇ
540 643 835 715 Ἐκκλησία
857 644 1359 715 συγκροτουμένων,
1389 644 1613 709 εἰκότως
1637 645 1973 699 ἐπιλὲλεκται
1990 665 2004 678 ·

434 758 451 789 ι
481 738 590 791 Καὶ
617 735 997 806 ἐξανθήσουσιν
1029 736 1093 789 ἐκ
1118 736 1326 799 πόλεως
1350 736 1481 789 ὡσεὶ
1505 737 1693 808 χόρτος
1726 738 1824 809 τῆς
1847 740 1968 809 γῆς.
1985 760 2003 792 ι

428 834 730 903 Προηγεῖτο
762 831 859 902 μὲν
882 826 973 885 οὖν
1001 830 1094 885 τοῦ
1118 832 1310 902 χόρτου
1336 832 1489 902 δίκην
1510 832 1853 899 ἐξανθοῦντος
1880 835 2012 906 πλή-

428 926 552 988 θους
593 926 620 977 6
653 922 1083 997 προλελεγμένος
1128 925 1341 997 καρπὸς
1381 924 1567 989 αὐτοῦ,
1601 926 1736 980 πολὺ
1789 926 2010 997 βελτίων

428 1020 524 1072 καὶ
579 1018 845 1088 κρείττων
896 1017 1181 1088 τυγχάνων
1225 1016 1319 1071 τοῦ
1364 1017 1560 1090 χόρτου
1615 1018 1717 1089 τῆς
1756 1020 1897 1090 γῆς’
1931 1020 2011 1073 διὸ

430 1109 793 1180 προτέτακται
821 1108 903 1162 τό⁶
941 1127 959 1159 ‹
984 1107 1450 1180 Ὑπεραρθήσεται
1477 1108 1618 1179 ὑπὲρ
1657 1109 1750 1163 τὸν
1783 1110 2011 1163 Λίϐανον

428 1204 456 1256 6
504 1201 714 1273 καρπὸς
745 1200 939 1255 αὐτοῦ·
981 1220 999 1252 ι
1046 1200 1184 1272 μετὰ
1210 1201 1267 1253 δὲ
1297 1201 1388 1255 τὸν
1434 1201 1643 1273 καρπὸν
1671 1202 1760 1255 τὸν
1803 1202 2013 1274 ἐξαίρε-

430 1310 538 1355 τον,
569 1292 695 1354 τοὺς
723 1291 780 1343 ἐν
810 1294 876 1363 τῇ
923 1291 1218 1364 Ἐκκλησία
1262 1291 1465 1363 δηλαδὴ
1508 1293 2008 1365 καρποφοροῦντας,

430 1384 497 1437 τὰ
525 1381 687 1436 λοιπά
716 1382 892 1454 πλήθη
939 1383 1266 1455 καταριθμεῖ
1306 1384 1394 1437 διὰ
1423 1384 1537 1437 τοῦ·
1580 1403 1599 1437 ‹
1640 1385 1751 1438 Καὶ
1789 1385 2014 1457 ἐξανθή-

432 1493 614 1529 σουσιν
653 1478 715 1530 ἐκ
758 1476 966 1539 πόλεως
1002 1477 1133 1529 ὡσεὶ
1179 1477 1369 1547 χόρτος
1406 1478 1506 1548 τῆς
1537 1478 1661 1545 γῆς.
1698 1496 1716 1530 ι
1742 1474 1876 1532 ,Εἶτ’
1920 1478 2013 1531 ἐπὶ

428 1569 640 1634 τούτοις
677 1569 926 1639 λέγεται’
978 1588 995 1620 ι
1031 1571 1226 1623 Ἔσται
1257 1570 1318 1623 τὸ
1358 1571 1527 1641 ὄνομα
1567 1571 1731 1625 αὐτοῦ
1770 1572 1851 1635 είς
1889 1572 2013 1635 τοὺς

430 1663 650 1726 αἰῶνας.
685 1682 703 1714 ι
741 1662 1095 1734 Διαμένοντος
1121 1664 1178 1717 δέ
1212 1664 1307 1717 καὶ
1328 1663 1727 1728 διαιωνίζοντος
1752 1664 1846 1717 τοῦ
1881 1666 2015 1736 Χρι-

432 1749 559 1803 στοῦ
585 1752 864 1822 ὀνόματος,
893 1753 1455 1824 συμπαρεκτείνεσθαι
1484 1756 1577 1808 καὶ
1599 1754 1658 1807 τὸ
1676 1754 2014 1827 Χριστιανῶν

2116 555 2293 610 instar
2342 553 2450 609 feni
2502 552 2832 621 eﬂlorescit,
2888 563 3223 610 memoratus
3273 552 3488 609 fructus
3542 552 3690 623 ejus,

2118 656 2280 720 longe
2327 647 2693 718 praestabilior
2742 646 3045 717 meliorque
3084 644 3211 702 feno
3251 652 3448 712 terrae;
3497 661 3695 716 quam-

2118 742 2307 797 obrem
2326 739 2681 811 praepositum
2700 737 2802 794 fuit
2820 738 2955 794 illud
2978 757 2993 794 :
3017 757 3036 791 ι
3068 724 3577 809 Superexaltahitur
3607 753 3692 793 su.

2116 849 2213 904 per
2247 832 2518 887 Libanum
2551 830 2765 887 fructus
2795 832 2916 902 ejus
2949 848 2964 887 :
3003 850 3022 884 ι
3061 837 3184 901 post
3216 829 3455 885 fructum
3510 837 3695 887 autem

2118 927 2274 981 illum
2324 925 2747 997 praecellentem,
2784 923 3041 981 videlicet
3074 930 3199 994 post
3237 938 3333 979 eos
3366 923 3461 994 qui
3495 922 3551 977 in
3589 920 3696 979 Ec-

2118 1019 2285 1075 clesia
2315 1018 2674 1083 fructiﬁcant,
2706 1018 2977 1088 reliquam
3018 1015 3428 1072 multitudinem
3466 1031 3694 1073 enume-

2120 1122 2225 1175 rat,
2258 1110 2339 1167 sic
2371 1109 2564 1165 dicens
2596 1124 2610 1159 :
2651 1127 2671 1161 ι
2704 1107 2771 1163 Ει
2797 1098 3068 1163 ﬂoreb‘tint
3088 1108 3157 1163 de
3183 1107 3406 1164 civitate
3452 1108 3596 1165 sicut
3618 1106 3697 1164 fe-

2119 1218 2250 1257 num
2282 1210 2463 1257 terrae.
2496 1220 2514 1254 ›
2546 1198 2859 1257 Secundum
2888 1200 3005 1255 haec
3039 1198 3281 1265 dicitur:
3311 1218 3330 1252 ι
3349 1198 3468 1254 Erit
3498 1214 3699 1256 nomen

2119 1297 2240 1367 ejus
2270 1296 2327 1350 in
2353 1294 2574 1351 saecula.
2615 1311 2635 1346 ι
2669 1292 2807 1349 Cum
2854 1306 3021 1364 porro
3070 1307 3271 1348 nomen
3315 1290 3524 1347 Christi
3572 1306 3699 1363 per-

2120 1398 2287 1461 petuo
2340 1394 2582 1452 maneat,
2634 1391 3036 1455 consequenter
3094 1399 3224 1440 sane
3258 1383 3702 1441 Christianorum

2120 1500 2322 1540 nomen
2355 1481 2701 1539 tantumdem
2735 1478 3003 1550 temporis
3052 1478 3415 1551 permanebit.
3447 1477 3564 1533 Hoc
3600 1492 3701 1533 au-

2123 1585 2228 1632 tem
2251 1591 2454 1632 nomen
2478 1574 2629 1647 quod
2660 1583 2744 1632 est
2767 1588 2933 1645 super
2949 1586 3112 1629 omne
3130 1588 3332 1629 nomen
3353 1581 3481 1628 ante
3508 1568 3705 1627 mundi

2120 1667 2573 1724 constitutionem
2609 1674 2730 1723 erat
2766 1679 2979 1735 :quare
2995 1663 3205 1719 dictum
3238 1670 3364 1719 est:
3402 1682 3421 1715 ι
3452 1663 3594 1720 Ante
3618 1676 3705 1719 so-

2121 1761 2228 1817 lem
2256 1766 2546 1831 permanet
2589 1773 2790 1814 nomen
2820 1756 2965 1827 ejus.
3004 1775 3023 1810 ›
3063 1754 3330 1827 Superius
3379 1770 3596 1826 quoque
3626 1754 3703 1812 di-

427 1842 600 1912 ὅνομα
631 1843 919 1898 ἀκόλουθον
946 1843 1013 1896 ἂν
1043 1844 1149 1913 εἴη.
1185 1844 1354 1897 Τοῦτο
1395 1844 1451 1897 δὲ
1483 1844 1544 1897 τὸ
1590 1844 1759 1916 ὄνομα
1787 1845 1848 1897 τὸ
1881 1844 2016 1917 ὑπὲρ

2122 1851 2370 1918 cebatur,
2399 1864 2820 1921 permansurum
2846 1862 2969 1905 esse
2991 1861 3115 1903 cum
3146 1846 3262 1902 sole
3292 1853 3346 1901 et
3371 1855 3497 1901 ante
3513 1846 3700 1899 lunam

432 1938 541 1990 πᾶν
572 1935 740 2006 ὄνομα
773 1937 867 1989 καὶ
912 1936 1017 2007 πρὸ
1057 1936 1155 2007 τῆς
1186 1935 1278 1989 τοῦ
1313 1936 1519 2006 κόσμου
1556 1937 1866 2001 συστάσεως
1906 1933 1972 2009 ἦν
1997 1954 2011 1969 °

429 2029 509 2082 διὸ
537 2027 781 2099 είρηται·
823 2048 841 2079 ι
880 2029 994 2099 Πρὸ
1026 2029 1119 2081 τοῦ
1156 2028 1306 2099 ἡλίου
1351 2030 1596 2099 διαμένει
1626 2029 1686 2081 τὸ
1718 2029 1888 2100 ὄνομα
1918 2030 2016 2082 αύ-

430 2119 548 2174 τοῦ.
590 2138 609 2171 ι
648 2120 758 2172 Καὶ
799 2119 1055 2192 ἀνωτέρω
1085 2120 1140 2172 δὲ
1175 2121 1391 2190 ἐλέγετο
1441 2119 1891 2192 συμπαραμένειν
1939 2121 2016 2191 τῷ

431 2208 566 2280 ήλίῳ
600 2208 695 2261 καὶ
740 2209 845 2280 πρὸ
864 2210 962 2280 τῆς
993 2210 1222 2283 σελήνης
1244 2212 1323 2275 εἰς
1345 2210 1539 2281 γενεάς
1566 2211 1789 2280 γενεῶν.
1825 2214 2018 2267 ’Ὀτιδέ

430 2301 604 2356 ταῦτα
639 2302 698 2356 οὐ
739 2302 963 2357 δυνατὸν
1001 2302 1167 2376 θνητῇ
1204 2305 1515 2377 ἐφαρμόσαι
1551 2305 1731 2374 φύσει,
1774 2306 2017 2376 φθάσαν-

432 2410 521 2457 τες
553 2392 654 2463 ήδη
706 2394 1147 2465 παρεστήσαμεν.
1197 2396 1352 2449 Μετὰ
1402 2394 1572 2448 ταῦτα
1625 2395 1681 2448 δὲ
1733 2396 2014 2449 λέλεκται·

437 2503 457 2538 t
492 2484 602 2537 Kal.
637 2483 1123 2556 ἐνευλογηθήσεται
1155 2487 1213 2539 ἐν
1243 2485 1394 2557 αὐτῷ
1437 2487 1613 2540 πάντα
1645 2486 1715 2539 τὰ
1762 2486 1887 2557 ἔθνη
1921 2486 2018 2555 τῆς

433 2579 555 2649 γῆς.
621 2596 639 2628 ι
708 2572 802 2641 Οἷς
862 2577 1206 2650 παραθήσεις
1264 2578 1354 2632 τὸν
1420 2580 1669 2649 φήσαντα
1728 2579 1866 2650 πρὸς
1930 2580 2019 2633 τὸν

447 2669 697 2743 Ἀϐραάμ
743 2671 1024 2741 χρησμόν·
1074 2689 1092 2722 ι
1128 2670 1238 2725 Καὶ
1274 2670 1787 2750 ἐνςυλογηθήσονται
1841 2674 1899 2725 ἐν
1942 2671 2020 2744 τῷ

436 2761 710 2833 σπέρματί
744 2779 838 2815 σου
878 2762 1057 2816 πάντα
1087 2762 1155 2816 τὰ
1200 2761 1326 2835 ἔθνη
1374 2762 1475 2833 τῆς
1514 2763 1638 2834 γῆς.
1678 2782 1697 2815 ι
1744 2764 1856 2817 Καὶ
1900 2763 2017 2831 θέα,

431 2853 582 2918 ὅπως
627 2855 660 2926 ή
706 2854 844 2925 πρὸς
902 2854 993 2909 τὸν
1043 2854 1294 2928 Ἀϐραὰμ
1341 2855 1643 2924 ἐπαγγελία
1695 2855 2021 2926 ἐφυλάττετο

434 2946 577 3000 κατὰ
598 2947 825 3019 χρόνους
848 2948 1217 3021 άνανεουμένη
1244 2948 1311 3001 δι’
1344 2947 1571 3001 ἑκάστου
1604 2951 1900 3023 προφήτου.
1930 2950 2020 3020 Τῷ

434 3038 533 3108 μὲν
578 3037 687 3111 γὰρ
727 3038 979 3111 Ἀϐραὰμ
1027 3039 1228 3111 πρώτῳ
1278 3041 1497 3096 λέλεκτο
1517 3042 1614 3094 τό·
1653 3059 1672 3092 ι
1714 3040 2022 3115 Εὐλογηθή-

434 3147 614 3184 σονται
649 3134 706 3184 ἐν
735 3130 811 3202 τῷ
843 3132 1117 3203 σπέρματί
1142 3149 1235 3186 σου
1270 3132 1445 3187 πάντα
1472 3133 1540 3187 τὰ
1562 3133 1687 3206 ἔθνη
1720 3133 1817 3205 τῆς
1848 3133 2013 3204 γῆς’»

435 3220 575 3291 μετὰ
603 3219 659 3274 δέ
689 3221 867 3275 ταῦτα
899 3224 927 3276 ὁ
966 3221 1164 3277 Ἰακὼό
1199 3222 1469 3289 θεσπίζων
1500 3225 1629 3294 περὶ
1655 3223 1750 3277 τοῦ
1782 3224 2021 3299 Χριστοῦ

433 3311 847 3385 ἀναγέγραπται
893 3313 1166 3389 εἰρηκώς’
1209 3334 1227 3368 ι
1278 3317 1395 3370 Οὐκ
1445 3316 1683 3388 ἐκλείψει
1730 3317 1915 3389 ἄρχων
1960 3318 2020 3385 ἐξ

390 3434 405 3451 ο
446 3407 613 3462 Ἰούδα
642 3408 745 3474 ἓως
773 3409 837 3463 ἂν
863 3410 990 3484 ἔλθῃ
1022 3410 1050 3464 ὂ
1081 3411 1369 3465 ἀπόκειται
1403 3414 1479 3482 (1)
1501 3430 1514 3442 ’
1548 3414 1642 3467 καὶ
1671 3414 1831 3476 αὐτὸς
1869 3412 2021 3468 ἔσται

434 3500 731 3571 προσδοκία
756 3500 946 3557 ἐθνῶν.
1001 3522 1021 3555 ι
1059 3504 1170 3557 Καὶ
1200 3507 1257 3557 ἐν
1286 3506 1397 3567 τοῖς
1438 3503 1574 3574 μετὰ
1608 3503 1781 3556 ταῦτα
1810 3504 2021 3576 χρόνοις

432 3590 589 3658 αὖθις
622 3591 837 3665 εἴρηται
879 3591 969 3646 διὰ
1010 3592 1105 3646 τοῦ
1151 3592 1437 3665 Βαλαάμ·.
1464 3612 1482 3645 ι
1532 3592 1899 3658 Ἐξελεύσεται
1931 3593 2022 3648 άν-

434 3686 651 3759 θρωπος
711 3688 775 3739 ἐκ
829 3685 924 3738 τοῦ
979 3685 1292 3757 σπέρματος
1346 3685 1529 3749 αὐτοῦ,
1589 3686 1681 3740 καὶ
1735 3686 2013 3758 κυριεύσει

432 3777 600 3831 ἐθνῶν
634 3777 861 3831 πολλῶν.
908 3797 926 3830 ι
962 3778 1075 3832 Καὶ
1107 3780 1348 3849 Μωῦσῆς
1379 3778 1435 3834 δέ
1466 3778 1575 3833 τῶν
1606 3779 1774 3832 ἐθνῶν
1822 3783 1878 3833 ἐν
1908 3780 2018 3853 ᾠδῇ

436 3870 646 3940 μεγάλῃ
697 3869 940 3940 μέμνητο
989 3868 1197 3938 λέγων’
1255 3889 1273 3921 ι
1314 3870 1692 3941 Εὐφράνθητε,
1729 3870 1854 3943 ἔθνη
1896 3871 2023 3935 λαὸς

435 3962 637 4016 αὐτοῦ’
699 3962 793 4017 καὶ
840 3962 1378 4033 προσκυνησάτωσαν
1439 3961 1589 4033 αὐτῷ
1648 3962 1851 4027 πάντες
1917 3964 2024 4017 υίοὶ

433 4052 590 4106 Θεοῦ.
625 4073 643 4105 ι
672 4052 858 4116 Οὕτως
891 4048 981 4107 οὖν
1008 4053 1101 4106 καὶ
1128 4053 1359 4106 ἐνταῦθα
1387 4053 1456 4107 τὰ
1486 4054 1622 4126 πρὸς
1650 4055 1741 4109 τὸν
1775 4055 2025 4127 Ἀϐραάμ

432 4145 524 4197 διὰ
575 4143 670 4199 τοῦ
713 4145 965 4218 χρησμοῦ
1019 4145 1420 4217 τεθεσπισμένα
1471 4146 1916 4219 ἐπαναλαμϐάνει
1965 4150 2025 4203 τὸ

434 4239 612 4306 λόγιον
640 4237 887 4291 διδάσκον
910 4240 1011 4292 οὐκ
1040 4238 1214 4302 ἄλλως
1241 4238 1273 4309 ἢ
1307 4240 1394 4293 διὰ
1418 4239 1511 4293 τοῦ
1542 4239 1779 4312 Χριστοῦ
1806 4240 1911 4313 πλη
1922 4259 2025 4312 ρω-

434 4325 717 4397 θήσεσθαι,
765 4326 1004 4396 φάσκονο
1057 4346 1074 4378 ι
1128 4327 1239 4381 Καὶ
1284 4328 1740 4400 εὐλογηθήσονται
1786 4331 1843 4383 ἐν
1876 4329 2025 4402 αὐτῷ

2119 1945 2177 1999 in
2236 1944 2622 2016 generationes
2673 1941 3114 2013 generationum.
3163 1938 3321 2005 Quod
3381 1953 3510 1993 vero
3564 1937 3701 1993 illud

2117 2036 2338 2092 mortali
2372 2042 2586 2090 naturae
2613 2033 2859 2105 coaptari
2894 2039 3154 2103 nequeat,
3197 2031 3311 2101 jam
3344 2031 3705 2101 comprobare

2119 2126 2535 2198 occupavimus.
2573 2125 2688 2181 Sub
2727 2126 2845 2181 haec
2872 2133 3055 2180 autem
3095 2123 3343 2178 dicitur:
3381 2139 3401 2175 ι
3439 2121 3507 2176 Ει
3537 2122 3705 2178 bene-

2121 2216 2454 2285 dicenturin
2471 2217 2591 2288 ipso
2609 2232 2801 2273 omnes
2831 2222 3024 2288 gentes
3039 2222 3223 2270 terrae.
3259 2233 3279 2267 ι
3319 2212 3532 2281 Quibus
3565 2228 3703 2269 con-

2122 2308 2267 2365 feras
2307 2309 2468 2365 velim
2500 2310 2607 2365 hoc
2636 2312 2924 2365 oraculum
2953 2307 3023 2364 ad
3053 2307 3429 2363 Abrahamum
3465 2305 3655 2361 datum
3682 2325 3700 2362 :

2127 2420 2145 2452 ‹
2176 2401 2243 2455 Ει
2298 2401 2696 2479 benedicentur
2745 2400 2803 2456 in
2863 2400 3072 2457 semine
3115 2408 3212 2455 tuo
3260 2413 3454 2456 omnes
3513 2406 3705 2469 gentes

2121 2505 2279 2551 terrae
2297 2495 2369 2551 “.
2411 2514 2431 2556 ι
2466 2494 2533 2549 Ει
2582 2493 2879 2567 perpende,
2919 2508 3128 2565 quaeso,
3161 2492 3588 2565 promissionem
3636 2491 3706 2549 ad

2121 2585 2496 2641 Abrahamum
2542 2584 2767 2650 factam,
2819 2581 3182 2656 subsequenti
3222 2588 3469 2650 tempore
3511 2594 3703 2635 serva-

2120 2690 2256 2745 tam,
2288 2694 2352 2734 ac
2380 2694 2479 2749 per
2512 2677 2763 2749 singulos
2811 2674 3110 2746 prophetas
3153 2679 3469 2728 renovatam
3509 2669 3703 2726 fuisse.

2120 2770 2337 2827 Atenim
2380 2769 2695 2825 Abrahamo
2724 2768 2965 2839 primum
2996 2765 3203 2822 dictum
3242 2763 3385 2820 fuit:
3419 2782 3438 2815 ‹
3472 2760 3707 2818 Benedi-

2122 2871 2323 2919 centur
2349 2862 2404 2917 in
2453 2861 2664 2919 semine
2692 2867 2790 2915 tuo
2834 2873 3028 2915 omnes
3067 2865 3257 2929 gentes
3302 2864 3482 2912 terrae.
3522 2873 3541 2907 ι
3575 2853 3708 2913 Post

2123 2953 2239 3009 haec
2261 2950 2433 3007 Jacob
2459 2951 2528 3007 de
2560 2950 2783 3007 Christo
2807 2950 3119 3007 vaticinans
3151 2946 3360 3004 dixisse
3391 2945 3658 3003 scribitur
3684 2960 3699 2997 :

2130 3062 2148 3094 ι
2182 3040 2305 3096 Non
2338 3040 2555 3098 deficiet
2587 3040 2844 3112 princeps
2873 3055 2941 3095 ex
2974 3037 3137 3105 Juda,
3169 3037 3345 3093 donec
3378 3035 3564 3092 veniat
3605 3036 3699 3092 cui

2124 3135 2427 3207 repositum
2444 3141 2529 3192 est
2561 3152 2574 3189 :
2597 3140 2652 3189 et
2685 3133 2802 3204 ipse
2828 3132 2935 3189 erit
2966 3130 3304 3203 exspectatio
3330 3128 3572 3201 gentium
3589 3128 3653 3184 “.
3681 3146 3701 3182 ι

2124 3225 2440 3282 Secundum
2484 3225 2603 3281 hac
2636 3233 2887 3296 tempora
2918 3238 3142 3279 rursum
3174 3237 3205 3277 a
3230 3222 3455 3277 Balaam
3493 3221 3706 3278 dictum

2121 3324 2247 3374 est:
2289 3334 2309 3372 ι
2345 3315 2671 3389 Egredietur
2715 3314 2883 3372 homo
2914 3331 2981 3372 ex
3022 3314 3234 3376 semine
3264 3314 3407 3385 ejus,
3443 3323 3498 3371 et
3530 3306 3707 3368 domi-

2123 3410 2346 3465 nabitur
2365 3408 2624 3481 gentibus
2650 3408 2842 3464 multis
2861 3407 2925 3462 ".
2956 3425 2975 3459 ι
3018 3405 3229 3478 Moyses
3256 3405 3387 3461 item
3419 3406 3475 3462 in
3506 3420 3708 3477 magno

2122 3501 2337 3557 cantico
2363 3502 2605 3573 gentium
2624 3499 2873 3555 meminit
2888 3499 3078 3555 dicens
3107 3517 3162 3554 τι
3192 3497 3498 3563 Laetamini,
3516 3506 3706 3567 gentes

2123 3593 2361 3663 populus
2391 3593 2513 3663 ejus
2546 3609 2563 3646 :
2596 3600 2651 3647 et
2672 3591 2900 3647 adorent
2936 3606 3062 3646 eum
3104 3605 3298 3646 omnes
3332 3588 3430 3644 ﬁlii
3463 3588 3554 3644 Dei
3574 3588 3639 3642 ⁸⁸.
3680 3608 3700 3642 ι

2123 3686 2217 3743 Sic
2248 3687 2418 3758 igitur
2444 3688 2549 3743 hoc
2596 3687 2721 3743 loco
2767 3702 2889 3758 quae
2932 3701 3030 3758 per
3067 3685 3351 3741 oraculum
3390 3684 3705 3742 Abrahamo

2125 3779 2496 3851 praenuntiata
2542 3779 2763 3834 fuerant
2798 3785 3176 3841 resumuntur,
3213 3776 3341 3831 dum
3375 3792 3439 3833 ea
3483 3792 3593 3832 non
3637 3777 3707 3833 ab

2122 3873 2231 3928 alio
2271 3888 2436 3943 quam
2481 3887 2513 3927 a
2550 3871 2774 3928 Christo
2819 3869 3098 3941 implenda
3136 3884 3261 3926 esse
3304 3868 3569 3924 docemur
3619 3868 3706 3923 his

2122 3964 2308 4021 verbis
2343 3983 2358 4021 :
2396 3983 2416 4016 ‹
2454 3963 2523 4017 Ει
2552 3962 2950 4019 benedicentur
3000 3961 3056 4016 in
3111 3961 3233 4033 ipso
3276 3975 3470 4017 omnes
3515 3968 3707 4032 gentes

2124 4068 2307 4114 terrae.
2343 4076 2362 4109 ι
2394 4055 2602 4112 Deinde
2624 4070 2754 4110 vero
2789 4056 2907 4109 ait:
2953 4073 2971 4105 ι
3010 4051 3216 4108 Omnes
3253 4059 3443 4123 gentes
3483 4052 3706 4107 beatum

2125 4148 2505 4221 prmdicabunt
2536 4164 2687 4203 eum.
2727 4167 2745 4200 ι
2773 4146 3058 4213 Quomodo
3084 4146 3307 4200 beatum
3330 4143 3709 4214 praedicabunt

2125 4257 2251 4296 eum
2282 4256 2474 4296 omnes
2493 4238 2727 4311 gentes?
2752 4253 2848 4309 per
2868 4236 3264 4293 beatitudinem
3293 4248 3449 4290 suam
3473 4232 3708 4307 gratiam

2125 4334 2248 4404 ejus
2278 4332 2645 4389 declarantes.

435 4423 611 4476 πάντα
648 4421 717 4475 τὰ
748 4422 873 4493 ἔθνη
937 4423 1037 4494 τῆς
1067 4423 1193 4493 γῆς.
1229 4442 1248 4475 ›
1292 4419 1407 4477 Εἶθ’
1435 4423 1561 4493 ἐξῆς
1601 4441 1734 4496 φησι
1769 4442 1783 4455 ·
1821 4444 1839 4476 ι
1873 4425 2058 4480 Πάντα
2093 4428 2163 4482 τὰ
2208 4427 2333 4499 ἔθνη
2379 4425 2741 4498 μακαριοῦσιν
2777 4424 2962 4480 αὐτόν.
3000 4443 3019 4475 ι
3061 4423 3183 4489 Πῶς
3225 4423 3285 4479 δέ
3347 4419 3706 4495 μακαριοῦσιν

434 4516 593 4571 αὐτὸν
618 4517 794 4571 πάντα
834 4518 901 4571 τὰ
935 4517 1095 4587 ἐθνη;
1123 4517 1211 4572 διὰ
1240 4518 1340 4587 τῆς
1364 4519 1422 4571 ἐν
1454 4519 1637 4583 αὐτοῖς
1675 4521 2075 4593 μακαριότητος
2100 4523 2200 4594 τὴν
2227 4521 2287 4589 ἐξ
2307 4521 2472 4576 αὐτοῦ
2501 4522 2659 4593 χάριν
2702 4519 3069 4593 παριστῶντα.

509 4628 527 4660 ι
561 4607 867 4679 Εὐλογητὸς
898 4608 1101 4681 Κύριος
1138 4612 1165 4663 6
1196 4609 1327 4673 Θεὸς
1368 4610 1603 4682 Ἰσραὴλ,
1638 4614 1666 4664 6
1691 4612 1860 4666 ποιῶν
1886 4611 2009 4666 θαυ-

2197 4615 2364 4671 Vens.
2394 4615 2483 4679 18,
2512 4614 2604 4668 20.
2637 4632 2653 4663 ι
2682 4611 3013 4669 Benedictus
3048 4610 3314 4667 Dominus
3336 4610 3479 4666 Deus
3510 4606 3703 4676 Israel,

437 4699 607 4771 μάσια
638 4700 815 4773 μόνος..
858 4720 877 4753 ι
916 4700 1297 4771 Εὐλογούμενα
1324 4701 1393 4755 τὰ
1442 4701 1568 4775 ἔθνη
1607 4704 1665 4756 ἐν
1696 4702 1774 4774 τῷ
1808 4721 2022 4776 προφη-

433 4791 709 4862 τευομένῳ
735 4792 876 4846 κατὰ
905 4792 965 4844 τὸ
991 4791 1168 4860 λόγιον
1195 4791 1255 4845 τὸ
1286 4793 1463 4863 φῆσαν
1482 4809 1496 4823 ·
1535 4812 1554 4844 ‹
1588 4795 1697 4848 Καὶ
1723 4795 2021 4866 εὐλογηθή-

436 4899 617 4937 σονται
654 4886 711 4937 ἐν
756 4882 905 4948 αὐτῷ
943 4884 1120 4937 πάντα
1170 4883 1238 4937 τά
1283 4884 1444 4955 ἔθνη·
1487 4904 1505 4937 ι
1545 4884 1695 4950 αῦξει
1734 4887 1833 4959 τήν
1881 4886 2023 4941 κατὰ

434 4974 566 5028 Θεὸν
590 4974 837 5045 αὔξησιν,
866 4974 957 5029 καὶ
979 4974 1228 5046 πληθύει,
1255 4976 1348 5030 καὶ
1369 4978 1466 5047 τῆς
1488 4977 1591 5048 γῆς
1614 4981 2019 5050 κατακυριεύει.

434 5069 632 5141 Διόπερ
667 5070 830 5139 φησὶν
852 5070 880 5121 6
908 5068 1047 5134 θεῖος
1076 5070 1426 5135 Ἀπόστολος-
1465 5091 1483 5122 ‹
1514 5070 1817 5143 Εὐλογητὸς
1840 5075 1867 5126 ὁ
1889 5074 2019 5138 Θεὸς

430 5163 463 5215 ὀ
502 5161 803 5234 εὐλογήσας
850 5163 999 5234 ἡμᾶς
1032 5165 1089 5217 ἐν
1137 5164 1286 5237 πάσῃ
1336 5163 1556 5234 εὐλογίᾳ
1588 5167 1951 5235 πνευματικῇ.
1996 5184 2015 5216 ι

434 5253 591 5307 Οὕτω
618 5253 676 5306 δὲ
709 5254 921 5325 ἔχοντα,
960 5255 1273 5323 ἀντευλογεῖ
1306 5255 1395 5308 τὸν
1423 5256 1522 5326 τῆς
1557 5256 1808 5325 εὐλογίας
1837 5257 2020 5320 αὐτοῖς

434 5343 604 5398 αἴτιον
633 5344 1022 5415 γεγενημένον.
1055 5346 1146 5397 Διὸ
1177 5345 1389 5415 πρῶτον
1424 5346 1521 5415 μὲν
1550 5342 1887 5416 ἐμακάριζον
1920 5345 2019 5397 αὐ·-

433 5436 544 5498 τὸν,
578 5432 696 5489 εἶτα
739 5437 833 5491 καὶ
874 5436 1115 5506 εὐλογεῖν
1156 5438 1463 5491 διδάσκεται
1509 5436 1598 5489 διὰ
1650 5435 1744 5488 τοῦ
1802 5436 1979 5504 λέγειν
2005 5452 2017 5465 ·

440 5544 459 5576 ε
499 5528 802 5601 Εὐλογητὸς
828 5528 1033 5601 Κύριος
1064 5532 1092 5583 ὁ
1119 5529 1250 5592 Θεὸς
1293 5528 1528 5601 Ἰσραὴλ,
1555 5531 1583 5582 ὁ
1614 5527 1782 5581 ποιῶν
1807 5528 2015 5598 θαυμά-

437 5633 527 5669 σια
574 5618 749 5682 μόνος.
797 5639 814 5671 ι
864 5618 1141 5683 Ἐπιτήρει
1185 5620 1261 5688 δὲ,
1306 5620 1381 5683 ῶς
1431 5621 1655 5675 ἕκαστον
1713 5620 1878 5692 μέρος
1918 5619 2014 5690 τῆς

2125 4709 2221 4779 qui
2282 4707 2415 4763 facit
2467 4706 2741 4762 mirabilia
2800 4704 2974 4760 solus.
3021 4724 3038 4754 ι
3076 4706 3214 4758 Cum
3267 4714 3457 4775 gentes
3510 4701 3564 4757 in
3611 4716 3701 4768 eo,

2125 4816 2288 4871 quem
2321 4798 2608 4871 prophetia
2631 4797 2858 4861 indicat,
2889 4794 3328 4850 benedictionem
3363 4792 3699 4863 acceperint,

2124 4903 2287 4964 prout
2320 4893 2582 4962 superius
2614 4890 2884 4946 habetur:
2919 4907 2937 4940 ‹
2974 4889 3039 4943 Et
3059 4888 3454 4946 benedicentur
3484 4886 3540 4940 in
3581 4886 3702 4957 ipso

2123 4998 2316 5039 omnes
2371 4988 2595 5052 gentes;
2648 5000 2668 5034 ι
2700 4979 3018 5035 accessione
3080 4984 3339 5034 crescunt
3398 4974 3701 5031 secundum

2124 5072 2318 5136 Deum,
2367 5069 2809 5139 multiplicantur
2842 5080 2895 5123 et
2938 5076 3099 5124 terrae
3144 5066 3521 5122 dominantur.
3554 5066 3703 5131 Qua-

2119 5164 2343 5231 propter
2367 5159 2445 5211 ait
2484 5155 2708 5211 divinus
2741 5158 3037 5226 Apostolus
3072 5176 3085 5211 :
3123 5175 3141 5206 ι
3174 5154 3500 5211 Benedictus
3532 5154 3699 5221 Dens.

2119 5250 2213 5320 qui
2236 5247 2513 5304 benedixit
2531 5262 2633 5304 nos
2656 5247 2712 5301 in
2729 5247 2879 5302 omni
2898 5248 3281 5311 benedictione
3304 5246 3579 5317 spirituali
3598 5246 3696 5303 δ’.»

2120 5343 2259 5397 Cum
2291 5342 2366 5395 ita
2396 5354 2563 5410 porro
2605 5354 2665 5396 se
2697 5354 2788 5395 res
2815 5339 3036 5401 habeat,
3067 5338 3471 5397 benedictionis
3505 5345 3701 5392 aucto-

2120 5450 2233 5487 rem
2267 5447 2298 5487 e
2340 5445 2610 5486 converso
2664 5428 3016 5485 benedicunt.
3048 5428 3229 5495 Quare
3269 5430 3446 5500 primo
3477 5428 3699 5501 quidem

2123 5526 2342 5580 beatum
2366 5522 2665 5592 praedicant
2696 5536 2857 5587 eum;
2892 5519 3090 5575 deinde
3128 5518 3489 5575 bonedicendi
3524 5519 3698 5573 ratio-

2120 5633 2244 5672 nem
2285 5616 2584 5671 edocentur
2634 5613 2717 5668 his
2743 5611 2924 5669 verbis
2955 5632 2968 5667 :
3006 5630 3024 5664 ι
3062 5610 3386 5669 Benedictus
3435 5611 3700 5669 Dominus

507 5718 550 5745 ⁸⁸
574 5716 709 5769 Cen.
741 5732 880 5773 xxii.
916 5717 1001 5771 18.
1079 5714 1277 5773 “Gen.
1312 5733 1457 5773 XLIV.
1491 5719 1569 5772 lU.
1650 5719 1691 5748 ετ
1729 5716 1887 5773 Num.
1934 5732 2016 5772 ιι]

2121 5715 2200 5769 19.
2281 5715 2323 5747 ⁸⁸
2352 5714 2488 5769 Deut
2545 5726 2715 5776 mm,
2751 5708 2839 5765 45.
2908 5709 2950 5743 τ’
2986 5707 3184 5780 Ephes.
3221 5724 3260 5768 ι.
3296 5709 3347 5765 ’5.

510 5818 585 5879 Η)
620 5808 761 5882 Lege
791 5805 833 5878 ᾧ
860 5812 1164 5869 ἁπόκειτα..
