4128 6392
436 379 543 444 ςιο

1111 383 1384 442 EUSEBII
1416 381 1897 442 CASSARIENSIS
1933 383 2084 442 OPP.
2126 381 2308 439 PARS
2344 381 2434 438 III.
2467 412 2535 422 —
2573 376 2989 436 EXEGETICA.

3587 372 3694 429 820

441 501 586 556 Deus
623 497 815 564 Israel,
861 499 956 570 qui
994 497 1124 554 facit
1163 499 1434 556 mirabilia
1485 501 1658 556 solus.
1715 522 1732 554 ι
1767 500 2011 558 Observa
2042 556 2044 562 .

2155 499 2299 554 ῑ6λου
2327 498 2434 553 τῶν
2447 496 2691 569 Ψαλμῶν
2729 497 2809 560 εἰς
2833 496 3018 567 ὅμοιον
3045 493 3340 564 καταλήγει
3378 487 3548 553 τέλος.
3583 487 3693 541 Τοῦ

441 609 606 665 porro
633 593 879 664 singulas
914 593 1041 649 libri
1077 591 1421 649 Psalmorum
1459 604 1644 664 partes
1691 595 1925 649 similem
1961 595 2016 648 in

440 691 605 744 finem
629 687 902 743 desinere.
940 685 1074 740 Nam
1109 687 1299 757 primae
1327 688 1502 757 partis
1529 696 1841 757 postremus
1874 688 2019 756 psal-

442 799 568 838 mus
606 789 725 838 erat
764 780 1244 850 quadragesimus,
1295 780 1388 850 qui
1437 781 1517 835 sie
1562 782 1616 834 in
1651 780 1755 834 fine
1803 780 1964 834 habet
2001 799 2014 834 :

448 891 467 922 ι
484 872 802 927 Benedictus
820 869 1082 925 Dominus
1099 869 1240 926 Deus
1262 869 1428 926 Israel
1448 888 1514 926 ex
1535 887 1677 926 nunc
1698 882 1749 926 et
1768 873 1818 926 in
1844 888 2017 926 samu-

443 966 579 1032 Ium,
601 966 713 1030 ﬁat,
736 963 848 1018 ﬁat.
865 984 882 1017 ι
905 963 1173 1018 Secunda:
1203 965 1376 1032 partis
1407 965 1633 1019 ultimus
1660 974 1744 1018 est.
1771 965 1859 1019 hic
1884 965 2024 1034 psal-

437 1075 589 1124 mus,
622 1059 716 1129 qui
749 1058 1004 1113 similiter
1025 1057 1080 1110 in
1118 1055 1223 1110 fine
1240 1056 1406 1110 dicit:
1437 1076 1454 1106 ‹
1480 1055 1807 1111 Benedictus
1840 1055 2026 1108 Domi-

439 1167 549 1207 nus
586 1151 726 1206 Deus
773 1148 960 1210 Israel,
994 1148 1086 1218 qui
1142 1147 1274 1201 facit
1328 1147 1603 1202 mirabilia
1636 1149 1808 1203 solus.
1833 1147 1897 1200 Et
1927 1147 2023 1202 be-

2125 595 2222 664 μὲν
2251 593 2356 664 γὰρ
2393 589 2608 662 πρώτου
2643 589 2842 661 μέρους
2869 587 3175 650 τελευταῖος
3207 581 3275 655 ἦν
3307 585 3334 636 6
3373 589 3443 654 μ’,
3474 576 3534 635 οὗ
3561 581 3694 652 πρὸς

2120 685 2198 756 τῷ
2220 685 2358 737 τέλει
2395 683 2634 751 ἐλέγετο·
2666 701 2682 731 ι
2715 678 3016 748 Εὐλογητὸς
3049 675 3251 746 Κύριος
3275 676 3302 726 6
3327 671 3459 734 Θεὸς
3486 668 3699 741 Ἰσραὴλ

2122 777 2343 832 ἀπὸτοῦ
2377 775 2470 828 νῦν
2498 774 2591 827 καὶ
2630 775 2708 837 εἰς
2753 772 2840 824 τὸν
2884 770 3076 822 αἰῶνα·
3112 767 3338 836 γένοιτο,
3380 765 3589 831 γένοιτο
3612 778 3626 791 ·
3677 781 3694 812 ι

2121 868 2216 923 τοῦ
2259 869 2315 922 δὲ
2348 867 2599 938 δευτέρου
2628 864 2927 926 τελευταῖος
2957 857 3024 932 ἦν
3057 863 3084 914 6
3118 859 3252 931 μετά
3286 859 3471 928 χεῖρας
3503 854 3702 924 ὁμοίως

2125 963 2217 1016 ἐπὶ
2247 963 2325 1031 τῷ
2373 961 2517 1013 τέλει
2570 959 2775 1027 λέγων⁸
2835 976 2852 1008 ‹
2904 953 3206 1024 Εὐλογητὸς
3246 951 3449 1022 Κύριος
3493 950 3521 1001 6
3572 946 3704 1008 Θεὸς

2139 1053 2354 1127 Ἰσραὴλ
2399 1055 2428 1106 6
2463 1051 2628 1105 ποιῶν
2663 1050 2936 1120 θαυμάσια
2983 1047 3159 1118 μόνος.
3191 1045 3299 1096 Καὶ
3326 1037 3612 1109 εὐλογητὸν
3645 1034 3706 1088 τὸ

2126 1149 2296 1219 δνομα
2328 1149 2425 1218 τῆς
2456 1145 2612 1216 δόξης
2643 1141 2827 1204 αὐτοῦ,
2875 1162 2890 1192 ι
2945 1142 3035 1194 καὶ
3067 1139 3134 1192 τὰ
3179 1137 3302 1207 ἑξῆς
3322 1154 3334 1166 ·
3367 1133 3460 1187 τοῦ
3501 1133 3556 1185 δὲ
3585 1129 3706 1202 τρί-

445 1244 731 1300 nedictum
780 1257 983 1298 nomen
1037 1242 1224 1312 gloriae
1258 1239 1401 1310 ejus,
1435 1259 1452 1290 ι
1496 1247 1551 1295 et
1581 1248 1796 1296 caetera.
1829 1238 2026 1295 Tertiae

2149 1259 2222 1294 του
2277 1240 2473 1311 μέρους
2523 1237 2828 1298 τελευταῖος
2877 1237 2905 1286 6
2955 1239 3045 1303 πη¹
3098 1229 3374 1300 τυγχάνει,
3429 1219 3489 1279 οῦ
3521 1222 3704 1285 τέλος·

442 1338 621 1409 partis
679 1344 991 1408 postremus
1049 1342 1134 1391 est
1197 1349 1462 1397 Lxxxvm,
1505 1334 1664 1404 cujus
1723 1333 1846 1389 ﬁnis
1893 1341 2023 1388 est:

451 1451 471 1482 4
507 1429 834 1485 Benedictus
863 1428 1128 1483 Dominus
1187 1428 1242 1481 in
1300 1427 1559 1482 szeeulum
1617 1446 1629 1480 :
1678 1427 1792 1492 tiat,
1849 1425 1964 1479 fiat.
2003 1446 2022 1477 ι

447 1523 578 1577 Item
601 1529 811 1591 quartae
835 1519 1007 1590 partis
1034 1519 1260 1573 ultimus
1288 1525 1373 1572 est
1397 1534 1483 1581 (ιν,
1514 1518 1677 1586 hujus
1697 1533 1826 1571 vero
1859 1517 1982 1571 linis
2013 1534 2025 1568 :

453 1633 472 1665 ι
511 1614 839 1670 Benedictus
893 1611 1159 1666 Dominus
1221 1610 1362 1666 Deus
1417 1611 1586 1666 Israel
1649 1626 1678 1664 a
1724 1611 1925 1664 saeculo
1979 1616 2032 1664 et

449 1722 626 1778 usque
652 1707 709 1759 in
744 1705 1027 1770 saeculum,
1073 1710 1126 1759 et
1161 1705 1300 1758 dicet
1355 1703 1535 1758 omnis
1570 1702 1804 1772 pepulus
1839 1721 1851 1755 :
1893 1700 2032 1764 Fiat,

451 1802 568 1857 liat.
598 1819 616 1851 ι
644 1799 844 1866 Quinta
885 1814 1014 1869 pars
1043 1804 1223 1852 autem
1252 1797 1304 1850 in
1344 1815 1362 1846 ι
1387 1796 1600 1849 alleluia
1631 1815 1647 1846 ι
1686 1795 2032 1856 terminatur,

2135 1353 2153 1384 ‹
2190 1332 2494 1403 Εὐλογητὸς
2515 1329 2718 1402 Κύριος
2752 1330 2832 1391 εἰς
2856 1328 2947 1380 τὸν
2974 1324 3160 1380 αἰῶνα·
3189 1325 3414 1392 γένοιτο,
3439 1318 3701 1386 γένοιτο.»

2143 1425 2372 1496 Ὁμοίως
2401 1423 2457 1475 δὲ
2486 1423 2579 1476 καὶ
2614 1421 2709 1474 τοῦ
2741 1419 3000 1490 τετάρτου
3035 1417 3232 1487 μέρους
3268 1412 3571 1471 τελευταῖος
3608 1406 3707 1478 μὲν

2133 1517 2280 1570 ἐστιν
2311 1519 2338 1569 6
2365 1523 2461 1588 ρε’,
2492 1514 2639 1577 τέλος
2671 1513 2728 1565 δὲ
2772 1512 2959 1565 τούτου
2983 1528 2996 1540 ·
3039 1529 3056 1560 ι
3099 1505 3402 1573 Εὐλογητὸς
3435 1502 3636 1572 Κύριος
3679 1500 3709 1552 6

2133 1610 2265 1672 Θεὸς
2304 1607 2516 1679 Ἰσραὴλ
2548 1607 2656 1660 ἀπὸ
2698 1604 2790 1658 τοῦ
2838 1602 3032 1664 αἰῶνος
3075 1601 3168 1654 καὶ⁴
3217 1599 3321 1660 ἕως
3354 1593 3446 1648 τοῦ
3493 1593 3707 1654 αἰῶνος,

2137 1702 2229 1754 καὶ
2263 1702 2378 1772 ἐρεῖ
2411 1700 2516 1761 πᾶς
2544 1700 2570 1751 ό
2599 1697 2745 1758 λαός·
2768 1695 3007 1756 Γένοιτο,
3043 1692 3270 1760 γένοιτο.
3315 1708 3334 1740 ι
3369 1687 3441 1740 Τὸ
3484 1685 3541 1738 δὲ
3562 1683 3712 1772 *πέμ-

2139 1811 2270 1846 πτον
2299 1792 2463 1862 μέρος
2491 1793 2567 1853 εἰς
2591 1788 2649 1841 τὸ
2682 1809 2698 1838 ι
2739 1783 3029 1856 ἁλληλούῖα
3068 1803 3084 1834 ι
3120 1780 3437 1850 καταλήγει,
3471 1779 3528 1830 ἐν
3551 1770 3594 1844 ᾧ
3620 1775 3715 1827 καὶ

450 1910 562 1966 quo
591 1901 740 1948 totus
761 1891 902 1947 liber
941 1888 1435 1945 circumscribitur.
1481 1887 1746 1941 Caeterum
1789 1901 2032 1956 praesens

2149 1885 2287 1936 πᾶσα
2328 1881 2762 1953 περιγέγραπται
2797 1879 2830 1946 ἡ
2873 1875 3072 1946 βίϐλος.
3123 1872 3266 1942 Πλὴν
3304 1872 3331 1922 6
3357 1866 3546 1940 παρὼν
3578 1862 3715 1936 μετὰ

448 1988 695 2057 psalmus
729 1992 853 2057 post
875 1990 1233 2039 memoratam
1262 1981 1329 2036 de
1352 1979 1573 2035 Christo
1602 1978 2030 2050 praedictionem,

451 2078 640 2149 adjicit
668 2077 800 2132 illud
835 2097 847 2129 :
889 2096 909 2128 ‹
945 2075 1274 2130 Benedictus
1304 2073 1568 2127 Dominus
1609 2071 1752 2126 Deus
1781 2070 1973 2133 Israel,
2011 2090 2030 2122 ι

453 2171 770 2240 subditque,
808 2189 826 2221 ι
863 2170 955 2238 qui
982 2168 1111 2222 facit
1148 2166 1418 2221 mirabilia
1453 2166 1621 2220 solus.
1664 2183 1681 2215 ι
1715 2164 1847 2230 Quze
1872 2166 2037 2218 mira-

453 2263 608 2330 bilia,
640 2262 749 2316 nisi
771 2277 834 2317 ea
855 2277 974 2332 quze
1006 2263 1260 2331 superius
1281 2260 1442 2312 allata
1461 2267 1591 2314 sunt
1625 2259 1800 2327 :quod
1829 2257 2038 2312 scilicet

454 2357 826 2414 descensurus
851 2357 923 2411 sit
949 2357 1092 2412 sicut
1111 2356 1295 2426 pluvia
1319 2356 1376 2408 in
1401 2354 1596 2416 vellus,
1647 2353 2036 2406 humiliaturus

459 2453 533 2506 sit
591 2450 1071 2513 ealumniatorem,
1131 2448 1277 2519 quod
1346 2461 1740 2518 permansurus
1790 2447 1861 2500 sit
1909 2458 2035 2498 cum

458 2545 582 2600 sole
609 2561 623 2605 ;
665 2543 811 2614 quod
842 2543 898 2596 in
918 2542 1112 2597 diebus
1137 2541 1259 2610 ejus
1287 2542 1498 2596 oritura
1528 2541 1598 2594 sit
1624 2539 1860 2608 justitia,
1879 2536 2037 2607 'quod

457 2637 844 2691 dominaturus
865 2639 989 2690 sita
1007 2636 1146 2689 mari
1173 2635 1238 2690 ad
1261 2651 1438 2699 mare;
1460 2634 1602 2705 quod
1627 2621 1869 2687 futurum
1894 2631 1962 2684 sit
1983 2638 2041 2683 ut

461 2729 750 2798 Ethiopes
782 2706 1072 2798 procidant
1095 2743 1281 2783 coram
1315 2727 1447 2792 illo;
1481 2725 1625 2796 quod
1658 2725 1800 2779 dona
1828 2722 1932 2793 ipsi
1973 2737 2040 2775 ex

457 2822 718 2874 omnibus
743 2819 996 2890 gentibus
1029 2816 1304 2873 afferenda
1355 2817 1496 2884 sint;
1531 2815 1677 2887 quod
1726 2814 1888 2868 etiam
1925 2813 2043 2882 ipse

460 2914 865 2966 firmamentum
896 2910 1110 2966 futurus
1151 2909 1222 2965 sit
1247 2909 1302 2962 in
1361 2917 1527 2973 terra,
1573 2915 1627 2962 et
1669 2906 1881 2960 fructus
1922 2905 2042 2972 ejus

462 3019 630 3074 super
658 3001 930 3058 Libanum
971 3001 1296 3057 exaltandus
1320 3001 1425 3066 sit;
1451 3007 1504 3054 et
1533 2999 1733 3054 similia
1765 3013 1886 3068 quae
1940 2996 2044 3050 sub

461 3098 580 3151 haec
615 3093 1270 3160 enumerantur?Quibus
1299 3092 1557 3147 omnibus
1585 3091 1651 3144 ad
1678 3090 1793 3144 hzec
1812 3088 2044 3143 dicenda

459 3186 844 3242 instituimur:
875 3205 893 3237 ι
916 3185 1241 3241 Benedictus
1269 3184 1533 3240 Dominus
1556 3182 1700 3238 Deus
1735 3181 1924 3245 Israel,
1949 3180 2043 3250 qui

2134 1976 2232 2046 τὴν
2261 1973 2679 2045 προεκτεθεῖσαν
2713 1966 2956 2040 περὶτοῦ
2995 1966 3228 2038 Χριστοῦ
3256 1961 3562 2033 πρόρρησιν
3595 1959 3715 2009 ἐπι-

2138 2068 2292 2139 φέρει
2321 2066 2400 2118 τό·
2437 2086 2454 2118 ι
2488 2063 2791 2134 Εὐλογητὸς
2825 2060 3025 2132 Κύριος
3059 2061 3086 2112 6
3115 2057 3245 2120 Θεὸς
3287 2051 3523 2125 Ἰσραὴλ,
3560 2069 3577 2101 i
3618 2047 3715 2101 καὶ

2139 2158 2461 2231 προστίθησι
2491 2157 2571 2219 τὸ,
2611 2175 2628 2206 ι
2658 2159 2686 2208 ὁ
2733 2153 2897 2207 ποιῶν
2927 2151 3202 2221 θαυμάσια
3235 2147 3414 2218 μόνος.
3446 2164 3463 2195 ι
3502 2145 3638 2197 Ποῖα
3660 2139 3717 2194 δὲ

2139 2251 2436 2322 θαυμάσια,
2465 2249 2497 2320 ἢ
2535 2248 2603 2300 τὰ
2633 2245 2994 2318 προλεχθέντα
3021 2246 3076 2295 ἐν
3101 2236 3180 2303 οἷς
3218 2237 3284 2310 ἦν
3320 2238 3380 2290 τὸ
3420 2232 3723 2303 καταϐήσε-

2142 2344 2262 2397 σθαι
2292 2343 2451 2396 αὐτὸν
2493 2342 2584 2396 ἐπὶ
2624 2340 2787 2393 πόκον
2819 2338 2893 2400 ὡς
2933 2335 3106 2395 ὐετὸν,
3154 2333 3248 2385 καὶ
3280 2329 3341 2382 τὸ
3381 2325 3720 2380 ταπεινῶσαι

2143 2434 2506 2504 συκοφάντην,
2547 2433 2640 2485 καὶ
2690 2431 2750 2483 τὸ
2794 2425 3243 2499 συμπαραμενεῖν
3290 2420 3365 2492 τῷ
3408 2420 3590 2491 ἡλίῳ·
3628 2413 3723 2468 καὶ

2139 2528 2202 2580 τὸ
2230 2529 2286 2579 ἐν
2312 2528 2431 2587 ταῖς
2461 2522 2698 2594 ἡμέραις
2724 2518 2888 2574 αὐτοῦ
2916 2515 3194 2570 ἀνατελεῖν
3227 2508 3594 2576 δικαιοσύνην,
3629 2503 3724 2558 καὶ

2141 2623 2202 2675 τὸ
2235 2616 2687 2689 κατακυριεύσειν
2720 2613 2880 2666 αὐτὸν
2927 2610 3035 2664 ἀπὸ
3069 2607 3345 2676 Θαλάσσης
3389 2603 3494 2664 ἕως
3522 2598 3724 2689 θαλὰσέ

2146 2731 2245 2786 σης
2268 2730 2283 2744 ·
2309 2714 2433 2774 τοὺς
2462 2708 2724 2769 Αἰθίοπας
2752 2703 3077 2775 προπίπτειν
3100 2698 3327 2753 ἐνώπιον
3356 2694 3520 2749 αὐτοῦ
3541 2710 3554 2723 ·
3580 2688 3728 2760 δῶρά

2143 2823 2203 2859 τε
2251 2802 2399 2873 αὐτῷ
2442 2795 2917 2872 προσαχθήσεσθαι
2964 2793 3022 2859 ἐξ
3065 2789 3321 2845 ἁπάντων
3363 2787 3470 2839 τῶν
3519 2782 3721 2836 ἐθνῶν·

2145 2897 2281 2953 ἀλλὰ
2319 2897 2410 2950 καὶ
2449 2895 2508 2947 τὸ
2547 2894 2821 2963 στήριγμα
2853 2890 3013 2942 αὐτὸν
3056 2887 3112 2938 ἐν
3145 2885 3210 2954 τῇ
3257 2884 3328 2952 γῇ
3377 2873 3724 2949 γενήσεσθαι,

2146 2992 2241 3045 καὶ
2269 2989 2358 3041 τὸν
2382 2985 2596 3058 καρπὸν
2629 2981 2795 3036 αὐτοῦ
2825 2981 2964 3052 ὑπὲρ
2997 2977 3085 3031 τὸν
3119 2975 3346 3029 Λίϐανον
3373 2968 3726 3058 ἀρθήσεσθαι.

2147 3083 2242 3138 καὶ
2281 3083 2380 3136 ὅσα
2429 3054 2564 3134 ἄλλα
2604 3075 2813 3137 τούτοις
2859 3072 2985 3143 ἑξῆς
3031 3066 3478 3139 κατηρίθμηταις
3526 3063 3609 3130 ἐφ’
3648 3054 3731 3122 οἷς

2150 3181 2281 3232 πᾶσι
2313 3172 2676 3244 διδασκόμεθα
2698 3169 2874 3238 λέγειν
2894 3185 2906 3198 ·
2937 3185 2954 3216 ‹
2980 3162 3284 3234 Εὐλογητὸς
3315 3159 3519 3230 Κύριος
3547 3159 3574 3209 6
3599 3154 3731 3217 Θεὸς

460 3277 597 3334 facit
627 3277 898 3333 mirabilia
932 3278 1102 3332 solus.
1135 3276 1198 3329 Et
1244 3276 1593 3332 benedictum
1635 3289 1832 3329 nomen
1860 3247 2044 3344 gloriae

2164 3269 2377 3344 Ἰσραὴλ
2400 3269 2428 3321 6
2467 3265 2636 3319 ποιῶν
2671 3263 2950 3332 θαυμάσια
2985 3258 3162 3330 μόνος.
3201 3253 3312 3306 Καὶ
3344 3247 3634 3319 εὐλογητὸν

410 3438 418 3449 Α
463 3371 587 3442 ejus
635 3371 692 3425 in
723 3379 1010 3425 aeternum.
1042 3389 1060 3422 ι
1097 3368 1306 3424 Nomen
1338 3375 1518 3422 autem
1564 3367 1751 3438 gloriae
1789 3369 1908 3437 ejus
1963 3358 2047 3423 est

459 3463 643 3520 ‘deitas
672 3463 810 3533 ejus.
843 3461 900 3517 Si
933 3462 1076 3518 enim
1112 3461 1256 3532 quod
1287 3468 1474 3514 natum
1503 3467 1587 3515 est
1625 3475 1686 3514 ex
1727 3456 2049 3514 sanctaVir-

467 3557 617 3628 gine,
651 3555 782 3612 Jesu
809 3555 1033 3610 nomine
1061 3554 1344 3625 dignatum
1367 3562 1450 3608 est
1481 3552 1784 3608 secundum
1820 3549 2048 3606 Gabrie-

465 3645 714 3716 Iem,qui
757 3645 833 3698 ait
875 3643 941 3698 ad
961 3642 1202 3712 Joseph:
1250 3661 1268 3695 ι
1309 3641 1375 3696 Et
1428 3642 1602 3712 pariet
1649 3641 1841 3704 lilium,
1867 3648 1921 3694 et
1948 3657 2048 3694 vo-

465 3737 621 3793 cabis
651 3751 854 3791 nomen
887 3735 1008 3806 ejus
1054 3733 1240 3788 Jesum
1275 3734 1433 3804 :-ipse
1459 3733 1604 3788 enim
1648 3732 1858 3787 salvum
1890 3729 2050 3784 faciet

465 3829 728 3900 populum
755 3842 914 3881 suum
950 3841 980 3880 a
1006 3825 1244 3897 peccatis
1269 3838 1459 3879 eorum
1484 3824 1561 3891 '°;
1594 3843 1612 3874 ι
1645 3823 1775 3876 hinc
1805 3822 2050 3891 sequitur

470 3936 672 3976 nomen
703 3919 891 3992 gloriae
908 3917 1052 3987 ejus,
1079 3915 1461 3985 accipiendum
1511 3929 1635 3969 esse
1679 3913 1746 3969 de
1778 3913 2050 3983 theologia

470 4015 668 4084 ipsius,
699 4029 807 4083 qua
838 4012 984 4067 Deus
1006 4009 1244 4064 Verbum
1261 4009 1649 4078 etunigenitus
1671 4005 1938 4076 Deus,qui
1967 4013 2052 4060 est

469 4106 530 4159 in
559 4103 684 4158 sinu
708 4103 912 4168 Patris,
941 4101 1287 4172 intelligitur.
1325 4100 1508 4166 Quare
1526 4099 1725 4155 deliine
1755 4098 2049 4169 adjicitur:

465 4216 500 4250 ι
521 4197 587 4251 Ει
610 4196 912 4266 replebitur
946 4196 1121 4267 gloria
1151 4196 1273 4263 ejus
1294 4195 1474 4249 omnis
1511 4203 1677 4248 terra.
1701 4211 1718 4244 ι
1759 4192 1890 4246 Nam
1923 4192 2051 4245 olim

472 4290 696 4363 quidem
732 4308 750 4341 ‹
779 4289 836 4343 in
865 4288 1072 4344 mundo
1108 4295 1226 4344 erat
1253 4295 1308 4343 et
1354 4286 1593 4341 mundus
1620 4301 1716 4356 per
1748 4286 1926 4356 ipsum
1970 4283 2054 4338 fa-

473 4392 598 4438 ctus
619 4387 724 4444 est,
743 4386 798 4434 et
827 4378 1066 4434 mundus
1092 4393 1216 4433 eum
1239 4394 1348 4433 non
1383 4378 1638 4448 cognovit
1659 4377 1722 4428 τι.
1741 4397 1758 4427 ι
1786 4375 2054 4441 Quoniam

473 4489 606 4528 vero
633 4488 702 4528 ne
732 4470 905 4526 Judaei
923 4470 1164 4541 quidem,
1203 4470 1360 4541 queis
1393 4477 1543 4523 tanta
1583 4468 1827 4539 prodigia
1871 4475 2057 4522 osten-

477 4564 1028 4636 derat,eognitionem
1051 4563 1172 4633 ejus
1201 4563 1558 4634 recipiebant,
1582 4562 1706 4631 jure
1731 4562 1795 4614 ad
1818 4561 2053 4632 llloysem

2152 3335 2460 3434 ὄνομαπῆς
2499 3356 2656 3425 δόξης
2687 3351 2852 3408 αὐτοῦ
2895 3352 2975 3413 εἰς
3021 3348 3111 3401 τὸν
3151 3346 3341 3398 αἰῶνα.
3379 3361 3397 3394 ι
3439 3342 3647 3434 ’ἶΟνομα
3677 3335 3733 3434 δέ

2152 3425 2310 3521 δόξης
2336 3425 2499 3502 αὐτοῦ
2531 3449 2563 3517 ἠ
2601 3445 2793 3514 θεότης
2823 3437 2984 3493 αὐτοῦ
3011 3435 3267 3506 τυγχάνει
3291 3451 3302 3462 ·
3331 3433 3378 3484 εἰ
3405 3429 3513 3502 γὰρ
3545 3429 3604 3521 τὸ
3631 3425 3736 3480 ὑπὸ

2152 3519 2445 3615 τῆς-ἁγίας
2485 3536 2764 3608 Παρθένου
2805 3529 3168 3602 γεγενημένον
3203 3526 3465 3596 ὀνόματος
3508 3519 3736 3590 ἠξίωται

2154 3613 2248 3691 τοῦ
2287 3631 2462 3704 Ἰησοῦ
2493 3629 2632 3684 κατὰ
2662 3627 2752 3680 τὸν
2782 3622 3022 3693 Γαϐριὴλ
3044 3621 3296 3692 φήσαντα
3329 3615 3465 3687 πρὸς
3491 3613 3582 3665 τὸν
3623 3613 3740 3664 Ἰω-

2159 3731 2266 3800 σήφ
2290 3746 2302 3756 ·
2345 3746 2363 3778 ι
2407 3725 2519 3779 Καὶ
2553 3722 2763 3788 τέξεται
2790 3719 2923 3781 υἱὸν,
2953 3715 3047 3768 καὶ
3080 3713 3328 3773 καλέσεις
3353 3708 3412 3761 τὸ
3446 3708 3620 3775 ὄνομα
3649 3703 3735 3756 αὐύ

2155 3820 2249 3874 τοῦ
2289 3816 2529 3890 Ἰησοῦν·
2573 3812 2734 3874 αὐτὸς
2773 3809 2881 3880 γὰρ
2917 3805 3079 3860 σώσει
3123 3805 3215 3857 τὸν
3258 3801 3386 3854 λαὸν
3425 3795 3586 3851 αὐτοῦ
3631 3791 3740 3847 ἀπὸ

2156 3912 2263 3966 τῶν
2292 3907 2572 3982 ἁμαρτιῶν
2605 3904 2770 3960 αὐτοῦ
2797 3919 2809 3932 ·
2843 3921 2861 3953 ι
2905 3897 3197 3954 ἀκόλουθόν
3225 3899 3340 3948 ἐστι
3368 3893 3429 3946 τὸ
3451 3891 3551 3960 τῆς
3583 3887 3740 3957 δόξης

2159 4004 2321 4057 αὐτοῦ
2351 4004 2522 4072 ὄνομα
2554 4000 2652 4070 τὴν
2697 3998 2828 4068 περὶ
2877 3993 3041 4049 αὐτοῦ
3073 3990 3310 4045 νοεῖσθαι
3345 3985 3637 4053 θεολογίαν,
3670 3977 3739 4033 δι’

2158 4093 2225 4169 ἧς
2254 4096 2384 4158 Θεὸς
2418 4094 2588 4161 Λόγος
2612 4091 2707 4144 ml.
2739 4085 3033 4160 μονογενὴς
3069 4083 3201 4146 Θεὸς
3230 4084 3258 4134 6
3292 4080 3366 4132 ὢν
3397 4081 3477 4141 εἰς
3502 4077 3593 4129 τὸν
3620 4073 3744 4127 κόλ-

2161 4167 2260 4243 πον
2293 4187 2386 4242 τοῦ
2421 4184 2634 4256 Πατρὸς
2667 4182 3042 4252 ἐπινενόηται·
3083 4178 3204 4231 ὅθεν
3237 4173 3547 4241 ἐπιλέγεται
3578 4167 3702 4237 ἑξῆς
3723 4182 3740 4198 ⁸

2166 4302 2184 4334 ι
2227 4282 2336 4335 Καί
2361 4277 2774 4350 πληρωθήσεται
2799 4274 2899 4343 τῆς
2935 4273 3091 4344 δόξης
3116 4267 3278 4323 αὐτοῦ
3325 4267 3477 4318 πᾶσα
3510 4263 3543 4332 ἡ
3585 4261 3675 4329 γῆ.
3718 4275 3738 4308 ι

2162 4375 2335 4428 Πάλαι
2364 4374 2460 4444 μὲν
2483 4372 2589 4442 γὰρ
2617 4373 2674 4423 ἐν
2700 4367 2776 4439 τῷ
2805 4367 2994 4437 κόσμῳ
3023 4360 3112 4434 ἦν,
3145 4361 3238 4415 καὶ
3262 4361 3290 4411 6
3323 4358 3526 4427 κόσμος
3550 4353 3615 4406 δι’
3643 4352 3742 4403 αὐ-

2163 4466 2256 4521 τοῦ
2300 4467 2535 4534 ἐγένετο,
2569 4464 2664 4517 καὶ
2713 4463 2740 4514 6
2784 4463 2987 4532 κόσμος
3028 4457 3190 4510 αὐτὸν
3239 4454 3339 4506 οὐκ
3382 4451 3540 4518 ἔγνω.
3579 4465 3596 4497 ι
3633 4445 3744 4498 Καὶ

2165 4557 2287 4611 ἐπεὶ¹
2337 4554 2468 4626 μηδὲ
2504 4553 2740 4606 Ἰουδαῖοι
2778 4547 2858 4614 οἷς
2901 4547 3167 4608 τοσαύτας
3195 4542 3490 4606 ἐνεδείξατο
3531 4537 3715 4606 θαυμα

473 4657 612 4711 dicit
644 4673 658 4708 :
692 4676 710 4709 ι
744 4655 875 4712 Sine
910 4671 1015 4721 me,
1046 4663 1101 4710 et
1136 4655 1215 4709 ira
1251 4671 1516 4709 accensus
1543 4661 1820 4708 conteram
1865 4669 1981 4716 eos,
2006 4662 2044 4706 el

2163 4649 2421 4721 τουργίας
2472 4643 2833 4716 παρεδέξαντο
2889 4643 2988 4711 τὴν
3037 4637 3236 4708 γνῶσιν
3291 4632 3474 4694 αὐτοῦ,
3527 4629 3746 4690 εἰκότως

477 4752 678 4806 faciam
705 4761 758 4807 te
794 4751 852 4805 in
907 4761 1118 4821 gentem
1177 4764 1427 4820 magnam
1452 4751 1529 4815 '9;
1565 4768 1583 4800 ι
1617 4757 1781 4818 atque
1830 4746 2058 4802 subdit:

479 4863 508 4895 -ε
548 4842 696 4899 Vivit
716 4859 913 4899 nomen
933 4859 1111 4898 meum
1137 4843 1580 4912 quiareplebitur
1603 4842 1774 4912 gloria
1800 4854 1918 4893 mea
1939 4840 2064 4892 uni-

481 4951 644 4992 versa
667 4943 818 4991 terra
839 4924 1298 5002 "-“JQ-uamvis
1324 4935 1470 4989 enim
1501 4934 1577 4996 lii,
1605 4933 1800 5002 inquit,
1836 4931 2062 5001 gloriam

480 5041 660 5082 meam
690 5025 1003 5096 depellant;
1029 5025 1124 5080 sed
1166 5025 1352 5079 futuro
1382 5021 1618 5093 quodam
1652 5031 1892 5090 tempore
1918 5027 2065 5074 totus

485 5119 638 5174 orbis
661 5119 958 5197 replebitur
990 5119 1162 5189 gloria
1218 5132 1359 5173 mea.
1421 5115 1576 5181 Quod
1607 5116 1661 5168 in
1697 5113 1950 5185 praesenti
1975 5112 2069 5164 do—

485 5212 750 5271 ceturhis
793 5212 1018 5268 verbis:
1058 5232 1075 5262 ‹
1105 5210 1172 5263 Et
1224 5209 1523 5280 replebitur
1554 5207 1726 5279 gloria
1779 5207 1902 5275 ejus
1944 5206 2069 5259 uni-

486 5320 647 5362 versa
675 5313 841 5360 terra.
877 5325 894 5356 »
937 5304 1091 5370 Quod
1125 5304 1302 5375 ipsum
1363 5300 1532 5356 Isaias
1562 5287 1930 5353 vaticinando
1969 5298 2066 5352 de-

488 5395 755 5460 clarabat,
782 5395 972 5449 dicens
1002 5394 1276 5464 seraphim
1316 5393 1460 5446 circa
1511 5390 1799 5444 Dominum
1825 5388 2067 5442 Sabaoth

489 5487 730 5542 clamare
777 5501 842 5540 ae
891 5486 1114 5541 dicere:
1146 5503 1164 5536 ι
1202 5483 1469 5547 Sanctus,
1527 5491 1750 5537 sanctus
1778 5522 1792 5546 ,
1844 5489 2070 5536 sanctus

489 5576 756 5632 Dominus
821 5575 1106 5631 Sabaoth:
1140 5578 1297 5648 plena
1346 5586 1428 5631 est
1476 5576 1656 5631 omnis
1708 5581 1854 5627 terra
1902 5573 2073 5642 gloria

493 5669 613 5739 ejus
637 5669 705 5722 ".
739 5686 759 5720 ι
822 5666 1179 5726 Ἶρι-αωιιιυρ
1209 5669 1430 5744 quidem
1463 5668 1592 5724 olim
1647 5683 1712 5723 ex
1734 5664 2075 5744 praescientia

2162 4719 2294 4814 φησὶ
2322 4740 2456 4813 πρὸς
2488 4738 2759 4808 Μωῦσῆν·
2800 4755 2816 4785 ι
2851 4733 3052 4813 Ἔασόν
3080 4748 3166 4802 με,
3192 4729 3286 4782 καὶ
3306 4722 3577 4796 θυμωθεὶς
3609 4719 3744 4789 ὀργῇ

2161 4834 2403 4906 ἐκτρέψω
2447 4834 2662 4895 αὐτοὺς,
2704 4830 2796 4882 καὶ
2827 4827 3040 4898 ποιήσω
3086 4841 3144 4877 σε
3188 4825 3265 4884 εἰς
3300 4819 3448 4881 ἔθνος
3507 4815 3675 4884 μέγα·
3723 4833 3742 4860 ι

2163 4904 2560 4992 καὶέπιλέγέι·
2603 4942 2620 4974 ι
2655 4924 2728 4992 Ζῇ
2764 4921 2822 4972 τὸ
2854 4916 3026 4988 ὄνομά
3063 4933 3184 4985 μου,
3217 4914 3300 4965 ὅτι
3332 4905 3746 4980 πληρωθήσεται

2165 5017 2265 5087 τῆς
2298 5015 2454 5088 δόξης
2485 5033 2583 5087 μου
2619 5015 2766 5066 πᾶσα
2797 5014 2830 5082 ή
2869 5013 2960 5082 γῆ.
2998 5029 3015 5059 ι
3055 5009 3117 5060 El
3151 5005 3260 5076 γὰρ
3293 5003 3388 5056 καὶ
3419 5001 3485 5053 τὰ
3517 4997 3750 5088 μάλιστα

2168 5104 2334 5170 οῦτοι,
2355 5109 2506 5178 φησὶ,
2528 5105 2904 5178 παρωθοῦνται
2927 5101 3021 5173 τὴν
3053 5101 3188 5171 ἐμὴν
3210 5096 3388 5162 δόξαν,
3413 5093 3545 5147 ἀλλὰ
3572 5087 3750 5160 καιρῷ

2167 5202 2273 5256 τινι
2312 5201 2726 5271 πληρωθήσεται
2756 5201 2788 5268 ή
2825 5195 3116 5265 οἰκουμένη
3165 5193 3315 5244 πᾶσα
3352 5189 3450 5258 τῆς
3482 5188 3620 5257 ἐμῆς
3665 5184 3751 5236 δό-

2173 5293 2288 5364 ξης.
2343 5297 2407 5345 Ὃ
2453 5292 2517 5363 δὴ
2566 5293 2657 5344 καὶ
2689 5291 2750 5343 τὸ
2803 5288 2974 5360 παρὸν
3013 5287 3192 5355 λόγιον
3241 5284 3481 5336 διδάσκει
3532 5281 3746 5349 φῆσαν·

2178 5405 2196 5438 ι
2238 5386 2349 5439 Καὶ
2383 5383 2796 5455 πληρωθήσεται
2824 5383 2926 5450 τῆς
2958 5378 3117 5448 δόξης
3152 5375 3314 5429 αὐτοῦ
3351 5375 3500 5426 πᾶσα
3534 5374 3567 5441 ή
3595 5369 3689 5439 γῆ.
3727 5386 3747 5419 ι

2175 5478 2344 5532 Τοῦτο
2371 5479 2462 5532 καὶ
2501 5476 2724 5537 Ἡσαΐας
2772 5474 3005 5544 παρίστη
3055 5469 3325 5533 θεσπίζων
3369 5466 3439 5520 τὰ
3483 5462 3754 5536 σεραφεὶμ

2178 5568 2481 5624 κυκλοῦντα
2511 5568 2603 5620 τὸν
2651 5565 2854 5638 Κύριον
2895 5561 3123 5616 Σαϐαὼθ
3175 5560 3383 5632 βοῶντα
3425 5575 3484 5610 τε
3524 5557 3615 5610 καὶ
3669 5552 3758 5606 λέ-

2179 5679 2374 5734 γοντα·
2414 5681 2432 5713 ¢
2469 5662 2676 5729 Ἄγιος,
2710 5659 2882 5728 ἆγιος,
2914 5656 3068 5725 ἅγιος
3092 5654 3296 5724 Κύριος
3321 5647 3576 5706 Σαϐαὼθ·
3622 5645 3758 5717 πλή-

566 5826 613 5860 "
648 5825 1009 5894 Matth.r,2|.
1086 5826 1130 5860 τι
1159 5823 1318 5882 Joan.
1345 5841 1386 5893 ι,
1420 5825 1506 5882 IO.
1584 5826 1626 5859 "
1662 5821 2134 5890 Exod.xxxn,10.
2201 5820 2246 5852 ⁷³
2278 5817 2511 5873 7*Num.
2545 5833 2656 5903 xxv,
2694 5815 2785 5870 2|.
2862 5814 2910 5847 ⁷³
2942 5812 3046 5870 Isa.
3079 5811 3225 5876 v1.3.
