4128 6392
423 363 519 424 821
1511 361 2019 419 COMMENTARlA
2047 363 2114 418 IN
2149 363 2489 422 PSALMOS.
3563 359 3688 417 822i

427 499 524 556 ρης
554 481 702 534 πᾶσα
728 481 761 551 ή
799 480 867 550 γῆ
913 480 1010 551 τῆς
1037 479 1194 549 δόξης
1225 476 1411 534 αὐτοῦ.
1445 496 1464 531 ι
1511 479 1670 533 Ἀλλά
1690 479 1862 534 ταῦτα
1895 481 1992 551 μὲν

2106 480 2276 543 iivina
2297 480 2811 552 praenuntiabant“
2841 497 2855 535 :
2887 493 3052 551 opere
3098 487 3278 534 autem
3321 477 3670 548 compleban-

425 575 579 644 θεῖκῇ
619 570 922 644 προγνώσει
948 569 1261 634 ἐθεσπίζετο
1289 569 1455 624 πάλαι
1481 589 1494 601 ’
1529 570 1712 642 ἔργοις
1750 571 1805 624 δὲ
1831 573 1997 643 ἐπλη-

2106 581 2189 626 tur
2219 572 2372 642 prius
2399 587 2565 643 quam
2585 570 2847 628 Servator
2873 578 2927 626 et
2955 569 3221 626 Dominus
3275 576 3466 625 noster
3506 568 3669 626 Jesus

426 661 584 734 ροῦτο
618 661 881 732 πρότερον
910 663 942 729 ἢ
977 660 1068 712 τὸν
1102 660 1331 732 Σωτῆρα
1359 661 1454 714 καὶ
1486 661 1689 732 Κύριον
1713 663 1745 732 ή
1756 662 1870 731 μῶν
1895 663 1999 733 Ἰη-

428 751 554 804 σοῦν
594 751 686 803 τὸν
719 750 951 821 Χριστὸν
979 749 1057 820 τῷ
1099 750 1205 802 τῶν
1238 750 1538 823 ἀνθρώπων
1572 751 1876 822 ἐπιλάμψαι
1909 752 2000 820 γέ-

349 911 358 918 .
428 861 507 898 νει
530 860 544 874 ο
591 841 698 895 ίδοὺ
736 843 844 914 γὰρ
885 842 1004 895 καθ’
1051 844 1194 914 ἡμᾶς
1224 845 1420 908 αὐτοὺς
1460 845 1861 917 ἀνατέτραπται
1901 845 1999 915 μὲν

431 937 578 989 πᾶσα
600 933 881 1004 δαιμονικὴ
906 933 1078 1005 πλάνη
1097 951 1109 964 ·
1135 933 1460 1006 πεπλήρωκε
1482 935 1538 988 δὲ
1564 935 1658 1006 τὴν
1679 936 2000 1008 οἰκουμένην

431 1023 648 1076 ἃπασαν
681 1023 714 1092 ἡ
750 1021 1042 1093 Ἐκκλησία
1093 1024 1349 1094 Χριστοῦ,
1390 1025 1481 1078 τὸν
1520 1025 1650 1078 Θεὸν
1694 1026 1908 1098 Ἰσραὴλ
1943 1029 2001 1079 ἐν

431 1113 581 1183 πάσῃ
629 1114 696 1182 τῇ
744 1114 812 1183 γῇ
860 1111 1172 1177 δοξάζουσα.
1227 1115 1339 1167 Καὶ⁴
1382 1115 1680 1187 ἐπειδήπερ
1722 1116 1892 1169 ταῦτα
1943 1117 2003 1170 τὸ

431 1203 657 1275 Πνεῦμα
684 1205 744 1256 τὸ
778 1205 930 1273 ἆγιον
952 1206 1304 1276 προφητικῶς
1333 1206 1595 1276 μέλλοντα
1627 1207 1843 1263 ἔσεσθαι
1870 1227 2004 1281 προ-

432 1295 713 1375 ανεφώνει,
729 1298 883 1369 χορὸς
897 1298 1140 1366 ἀγγέλων
1158 1301 1186 1351 ὑ
1196 1300 1421 1353 πακούει
1439 1300 1516 1372 (1)
1537 1303 1922 1375 συνευχόμενος
1935 1308 2001 1375 τῇ

432 1388 538 1446 τῶν
573 1391 912 1462 πραγμάτων
942 1391 1238 1458 τελειώσει,
1270 1394 1624 1465 πιστούμενος
1648 1413 1708 1447 τε
1744 1396 1885 1449 αύτά
1913 1397 2006 1448 κα)⁸

432 1482 624 1553 λέγων·
675 1501 694 1535 ‹
737 1484 970 1548 Γένοιτο,
1006 1484 1248 1554 γένοιτοθ
1289 1505 1307 1537 ι
1355 1486 1387 1555 ἢ
1433 1487 1575 1539 κατά
1615 1487 1704 1540 τὸν
1754 1488 2002 1553 Ἀκύλαν,

438 1592 458 1628 ι
494 1574 940 1644 πεπιστωμένως,
972 1576 1422 1645 πεπιστωμένως,
1463 1595 1481 1627 ι
1515 1577 1547 1647 ἢ
1575 1577 1714 1630 κατὰ
1741 1577 1831 1629 τὸν
1857 1576 2006 1648 Σύμ-

437 1682 642 1737 μαχονο
681 1686 699 1718 ι
745 1667 913 1738 Ἀμὴν
956 1669 1048 1721 καὶ
1092 1669 1237 1738 ἁμήν
1263 1683 1276 1698 ·
1310 1687 1328 1718 ι
1367 1663 1446 1731 οἷς
1494 1667 1618 1739 ἑξῆς
1656 1668 1962 1737 ἐπιλέγεται
1990 1686 2002 1698 ·

441 1773 460 1807 ι
507 1757 779 1822 Ἑξέλιπον
822 1758 978 1829 ὓμνοι
1038 1757 1200 1811 Δαυῒδ
1239 1757 1332 1810 τοῦ
1377 1758 1493 1811 υἱοῦ
1533 1759 1746 1812 Ἰεσσαί.
1797 1779 1815 1810 ι
1867 1760 2005 1812 Ἀνθ’

433 1841 495 1902 οἶ)
536 1848 564 1899 ὁ
596 1849 695 1918 μὲν
727 1849 1020 1920 Σύμμαχος
1050 1851 1395 1920 ἠρμήνευσεν
1423 1869 1433 1878 ·
1481 1867 1498 1901 ι
1549 1851 2006 1920 Ἐπετελέσθησαν

437 1940 738 2011 προσευχαὶ
771 1940 932 1993 Δαυῒδ
971 1941 1087 1994 υἱοῦ
1135 1942 1329 1995 Ἰεσσαί
1357 1957 1368 1969 ·
1399 1961 1418 1993 ι
1447 1943 1474 1994 ὁ
1503 1942 1560 1994 δὲ
1596 1942 1885 1996 Θεοδοτίων
1915 1945 2007 1997 καὶ

436 2030 470 2101 ὴ
506 2031 729 2102 πέμπτη
761 2033 1002 2096 ἔκδοσις·
1041 2053 1059 2084 ι
1105 2033 1678 2106 Ἀνεκεφαλαιώθησαν
1711 2036 2006 2108 προσευχαὶ

434 2121 595 2174 Δαυῖδ
629 2124 742 2176 υἱοῦ
783 2116 1000 2177 Ἰεσσαίξ
1037 2144 1054 2176 ι
1104 2127 1164 2177 Οἱ
1197 2125 1295 2194 μὲν
1326 2121 1418 2178 οῦν
1452 2127 1668 2198 ἄπειροι
1715 2127 1814 2196 τῆς
1855 2128 2008 2198 ἀκρι-

359 2288 362 2290 I
435 2211 587 2277 6είας
611 2213 704 2266 τοῦ
735 2213 1158 2285 άναγνώσματος
1181 2216 1278 2285 οὐχ
1317 2215 1391 2280 ὡς
1421 2219 1584 2288 μέρος
1613 2217 1703 2271 τοῦ
1729 2218 1848 2270 ὅλου
1873 2217 2007 2288 ψαλ-

439 2305 542 2376 μοῦ
592 2295 905 2376 ἐξειλήφασι
944 2307 1025 2370 τὸ,
1076 2327 1094 2358 ι
1149 2309 1423 2374 Ἐξέλιπον
1475 2309 1634 2378 ῦμνοι
1681 2310 1843 2364 Δαυῒδ
1890 2311 2004 2364 υἱοῦ

449 2395 674 2450 Ἰεσσαί’
710 2417 730 2449 ι
777 2397 890 2450 ἀλλ’
925 2398 1000 2461 ὡς
1032 2397 1228 2463 ἔξωθεν
1258 2401 1358 2470 τῆς
1388 2401 1723 2472 προφητείας
1766 2418 2008 2473 παραγε-

438 2486 754 2558 γραμμένον
780 2487 1108 2556 ἀνέγνωσαν.
1141 2490 1205 2542 Αἱ
1230 2489 1285 2542 δὲ
1318 2489 1497 2542 λοιπαὶ
1531 2492 1811 2563 ἑρμηνεῖαι
1856 2495 1950 2545 καὶ
1973 2495 2006 2563 ἡ

451 2576 713 2648 Ἐϐραῖκὴ
754 2578 937 2649 γραφὴ
983 2578 1168 2648 σαφῶς
1214 2580 1563 2651 παρίστησιν,
1608 2583 1688 2634 ὅτι
1719 2583 2008 2636 καὶταῦτα

439 2666 607 2739 μέρος
639 2669 894 2738 τυγχάνει
922 2668 1014 2721 τοῦ
1046 2670 1166 2722 ὅλου
1193 2670 1424 2740 ψαλμοῦ.
1466 2672 1682 2744 Ἐπειδὴ
1716 2673 1824 2744 γάρ
1845 2673 2010 2728 Δαυὶδ

437 2759 470 2812 ὁ
494 2757 742 2829 βασιλεὺς
780 2762 836 2812 ἐν
870 2764 1195 2833 προσευχαῖς
1228 2762 1433 2816 ἐτίθετο
1468 2765 1552 2816 ἀεὶ
1577 2765 1877 2836 ἐπιλάμψαι
1913 2765 2008 2818 τοῦ

438 2849 693 2920 Σωτῆρος
741 2852 837 2921 τὴν
884 2853 948 2904 ἐκ
993 2853 1303 2924 σπέρματος
1352 2854 1515 2908 αὑτοῦ
1553 2856 2009 2929 προφωνουμένην

441 2941 682 3012 γένεσιν·
715 2943 918 3012 ταύτης
943 2943 1000 2996 δὲ
1031 2945 1110 3007 είς
1135 2943 1268 3016 ἔργα
1306 2947 1608 3019 χωρούσης,
1654 2948 1842 3018 ἔμελλε
1882 2967 2013 3020 συμ-

441 3033 776 3106 πληροῦσθαι
801 3035 974 3087 πάντα
995 3035 1061 3088 τὰ
1085 3039 1572 3108 προπειρητευμένα
1592 3057 1603 3069 ·
1629 3039 1852 3103 εἰκότως
1877 3041 2012 3111 μετά

2097 665 2350 721 Christus
2408 664 2647 719 humano
2700 663 2886 734 generi
2935 663 3182 718 illuceret
3215 678 3228 713 :
3265 675 3395 717 ecce
3435 676 3672 731 namque

2098 762 2341 825 tempore
2371 762 2562 813 nostro
2593 771 2819 811 eversus
2845 761 2930 810 est
2954 754 3133 810 omnis
3163 753 3470 809 diabolicus
3491 769 3669 829 error,

2101 854 2270 902 lotam
2295 863 2426 904 vero
2458 855 2662 903 terram
2685 847 2915 917 replevit
2959 845 3204 902 Ecclesia
3238 844 3471 910 Christi,
3498 843 3670 901 Deum

2105 939 2272 995 Israel
2314 940 2372 994 in
2417 947 2533 995 toto
2584 939 2714 994 orbe
2744 940 2917 1010 gloria
2944 937 3200 994 alliciens.
3249 935 3316 992 Et
3370 937 3499 1008 quia
3557 936 3674 990 haec

2105 1032 2340 1102 Spiritus
2402 1043 2626 1088 sanctus
2686 1031 3003 1102 prOphetice
3069 1029 3252 1084 futura
3322 1027 3670 1099 praedixerat,

2104 1127 2309 1182 chorus
2360 1127 2677 1197 angelorum
2729 1123 3024 1196 respondet
3072 1137 3183 1178 una
3231 1121 3537 1194 deprecans
3573 1134 3674 1190 pro

2105 1220 2184 1275 rei
2213 1220 2708 1282 consummatione,
2742 1218 2944 1288 illaque
2980 1215 3311 1271 conﬁrmans
3347 1228 3411 1270 ac
3439 1211 3670 1268 dicens:

2111 1333 2129 1365 ι
2165 1311 2306 1376 Fiat,
2336 1311 2427 1365 ﬁat
2455 1320 2477 1376 ,‘
2508 1330 2527 1362 ›
2551 1310 2665 1365 sive
2695 1308 2998 1365 secundum
3048 1307 3323 1378 Aquilam,
3359 1325 3378 1360 ι
3417 1301 3680 1373 ﬁdeliter,

2107 1403 2373 1468 ﬁdeliter;
2403 1420 2422 1452 ι
2465 1406 2560 1455 aut
2595 1400 2900 1455 secundum
2947 1397 3334 1469 Symmachum
3365 1413 3379 1448 :
3429 1413 3448 1447 ι
3477 1395 3673 1459 Amen,

2107 1509 2283 1548 amen.
2319 1513 2338 1545 ›
2370 1492 2536 1558 Queis
2563 1491 2760 1550 deinde
2797 1490 3052 1545 additur:
3081 1507 3100 1541 ι
3133 1487 3460 1544 Defecerunt
3489 1484 3676 1557 hymni

2109 1579 2276 1634 David
2304 1579 2398 1634 ﬁlii
2431 1580 2650 1636 Jessam
2677 1579 2784 1636 Pro
2804 1595 2912 1651 quo
2935 1577 3300 1650 Symmachus
3321 1576 3680 1645 sicinterpre-

2110 1678 2256 1724 tatur
2285 1687 2298 1720 :
2324 1687 2342 1720 ι
2361 1669 2620 1725 Perfecta}
2641 1677 2768 1724 sunt
2789 1668 3066 1724 orationes
3093 1665 3263 1721 David
3287 1663 3384 1719 ﬁlii
3412 1661 3584 1718 Jessa:
3609 1678 3623 1727 ;
3653 1678 3672 1710 ι

2111 1759 2412 1816 Τίιεοάοιὶο
2457 1767 2639 1814 autem
2700 1765 2753 1812 et
2805 1757 3001 1826 quinta
3055 1752 3265 1808 editio:
3323 1747 3681 1818 «Recognitae

2036 1837 2080 1893 Β
2108 1862 2237 1910 sunt
2260 1853 2538 1908 orationes
2569 1850 2743 1905 David
2770 1849 2868 1903 ﬁlii
2900 1847 3086 1904 Jessm.
3108 1865 3127 1898 ι
3172 1844 3278 1911 Qui
3302 1841 3554 1898 lectionis
3582 1849 3680 1892 ac-

2107 1943 2447 1998 curationem
2495 1942 2750 2011 ignorant
2780 1981 2794 2005 ,
2858 1938 2975 1992 haec
3037 1935 3203 1991 verba
3237 1974 3252 1998 ,
3306 1951 3324 1983 ι
3353 1931 3682 1986 Defecerunt

2108 2036 2291 2106 hymni
2320 2033 2484 2088 David
2521 2033 2615 2086 ﬁlii
2639 2030 2827 2096 Jessaa,
2856 2049 2875 2082 ι
2909 2044 3009 2100 pro
3036 2035 3190 2098 parte
3218 2023 3412 2096 psalmi
3441 2037 3551 2077 non
3584 2021 3682 2075 ha-

2106 2128 2266 2194 bent;
2300 2127 2396 2182 sed
2426 2126 2584 2197 quasi
2629 2140 2744 2180 rem
2791 2129 2946 2179 extra
2998 2119 3341 2191 prOphetiam
3369 2122 3424 2172 et
3455 2113 3683 2184 adjecti-

2109 2220 2236 2275 tiam
2281 2219 2488 2290 legunt.
2544 2216 2746 2272 Verum
2790 2214 3015 2284 reliquae
3069 2208 3570 2280 interpretationes,
3629 2212 3684 2258 et

2107 2311 2226 2382 ipsa
2255 2309 2526 2364 Hebraica
2567 2307 2866 2378 scriptura,
2890 2304 3041 2359 clare
3096 2304 3536 2357 commonstrant
3566 2294 3684 2349 haec

2107 2417 2324 2474 quoque
2353 2401 2524 2456 totius
2544 2399 2741 2470 psalmi
2771 2407 2980 2468 partem
3009 2409 3151 2451 esse.
3177 2392 3316 2459 Quia
3337 2389 3481 2446 enim
3511 2385 3684 2441 David

2108 2509 2205 2548 rex
2238 2493 2293 2547 in
2323 2491 2672 2546 orationibus
2697 2490 2813 2544 suis
2852 2501 3067 2557 semper
3097 2482 3409 2546 insistebat,
3445 2487 3506 2534 ut
3526 2486 3684 2535 ortus

2111 2581 2550 2650 Servatoris,qui
2580 2595 2647 2634 ex
2676 2577 2884 2635 semine
2907 2591 3008 2632 suo
3032 2573 3350 2646 proditurus
3393 2577 3532 2635 erat,
3556 2569 3685 2623 illuc

2105 2682 2384 2739 cesceret;
2419 2671 2547 2741 quia
2581 2684 2705 2725 cum
2757 2666 2825 2721 ad
2856 2665 3111 2721 ell‘ectum
3166 2661 3465 2733 perductus
3512 2653 3681 2722 esset,

2111 2759 2780 2819 futurumeratutomnia
2798 2771 2919 2828 quae
2970 2755 3025 2810 in
3079 2750 3383 2824 proplietiis
3431 2748 3684 2804 feruntur

2110 2854 2506 2925 implerentur;
2543 2851 2668 2920 jure
2699 2855 2824 2920 post
2872 2845 3260 2918 praedictorum
3310 2839 3685 2912 complemen-

2109 2955 2227 3002 tum
2257 2946 2496 3009 additur,
2527 2943 2802 3014 perfectas
2833 2947 2886 2995 et
2929 2937 3230 3008 completas
3264 2931 3522 3004 superius
3559 2945 3686 2985 esse

2111 3037 2335 3092 Davidls
2384 3036 2681 3091 orationes.
2730 3031 2915 3087 Potest
2959 3028 3126 3085 etiam
3166 3026 3321 3092 illud,
3381 3043 3400 3077 ι
3429 3022 3684 3096 perfecta:

440 3126 502 3179 τὸ
534 3127 906 3198 συμπέρασμα
940 3125 1046 3180 τῶν
1082 3126 1524 3198 προλελεγμένων
1560 3129 1888 3196 ἐπιλέγεται,
1932 3129 2006 3193 ώς

2113 3139 2241 3187 sunt
2270 3136 2364 3183 aut
2390 3126 2726 3190 defecerunt,
2759 3143 2777 3175 ι
2814 3120 3132 3194 prophetice
3159 3118 3390 3190 intelligi
3411 3117 3479 3173 de
3498 3115 3684 3172 futuro

441 3218 550 3290 ἄρα
597 3218 1022 3290 ἐπετελέσθησαν
1071 3220 1165 3273 καὶ
1220 3220 1709 3294 συνεπληρώθησαν
1765 3222 1852 3275 διὰ
1899 3225 2006 3276 τῶν

442 3308 885 3381 προλελεγμένων
919 3311 972 3360 αἱ
1011 3309 1101 3361 τοῦ
1143 3309 1305 3363 Δαυῒδ
1345 3313 1657 3383 προσευχαί.
1697 3312 1926 3366 Δύναται
1952 3314 2010 3368 δὲ

441 3396 520 3461 τὸ,
559 3417 577 3448 ι
621 3398 1046 3469 ἐπετελέσθησαν
1090 3400 1122 3470 ἢ
1172 3399 1438 3467 ἐξέλιπον,
1471 3423 1489 3455 ι
1530 3405 1882 3475 προφητικῶς
1923 3405 2011 3458 λέ-

440 3488 630 3556 γεσθαι
661 3491 740 3553 είς
771 3489 1026 3560 μέλλοντα
1050 3489 1237 3560 χρόνον
1263 3507 1274 3519 ⁸
1298 3491 1407 3544 τῶν
1430 3493 1535 3564 γὰρ
1564 3495 2009 3568 προκατηριθμη-

443 3581 621 3650 μένων
648 3581 873 3633 ἕκαστον
905 3583 1191 3652 γενήσεται
1217 3583 1353 3636 ὲπάν
1384 3584 1476 3636 καὶ
1504 3586 1885 3641 ἐπιτελεσθῶσι
1917 3590 2011 3643 καὶ

442 3671 912 3742 συμπληρωθῶσιν
950 3675 1005 3726 αἱ
1053 3677 1349 3746 προσευχαὶ
1389 3676 1549 3730 Δαυῒδ
1585 3678 1677 3731 τοῦ
1724 3681 1839 3733 υἱοῦ
1878 3683 2010 3734 Ἰεσ-

442 3761 552 3815 σαί.
588 3763 959 3834 Εύκαιρότατα
983 3764 1038 3817 δὲ
1069 3765 1156 3818 διά
1181 3767 1270 3819 τὸν
1292 3770 1758 3841 προφητευόμενον
1783 3773 2012 3844 Χριστὸν

439 3851 534 3905 τοῦ
580 3852 714 3906 Θεοῦ
757 3855 1158 3924 ἐμνημόνευσεν
1206 3859 1304 3928 οὐχ
1350 3859 1532 3924 ἁπλῶς
1577 3880 1595 3912 ‹
1626 3861 1719 3915 τοῦ
1775 3864 1956 3929 Δαυῒδ,
1988 3885 2008 3917 ι

2111 3232 2354 3294 tempore
2379 3238 2391 3272 :
2415 3236 2542 3274 nam
2599 3216 2812 3289 singula
2842 3229 2963 3286 quae
3011 3211 3263 3284 superius
3293 3217 3685 3267 enumerantur

2110 3326 2238 3372 tunc
2254 3313 2526 3381 evenient,
2544 3327 2668 3367 cum
2687 3310 2959 3365 orationes
2974 3306 3193 3362 Davidis
3217 3304 3311 3358 ﬁlii
3331 3303 3500 3359 Jessae
3519 3300 3684 3372 perﬁ-

2109 3408 2322 3464 cientur
2337 3415 2390 3462 et
2403 3405 2589 3474 reipsa
2609 3402 2997 3472 implebuntur.
3013 3397 3486 3469 Opportunissime
3502 3401 3686 3449 autem

2109 3509 2329 3571 propter
2343 3497 2617 3554 Christum
2639 3494 2734 3550 Dei
2753 3492 2846 3564 qui
2866 3494 2923 3548 in
2947 3490 3205 3547 vaticinio
3217 3488 3532 3552 fertur,non
3553 3485 3688 3537 «Da-

2110 3592 2282 3646 vidisi
2305 3598 2518 3646 tantum
2540 3589 2698 3653 dixit,
2727 3585 2822 3643 sed
2840 3601 2965 3641 cum
2987 3585 3091 3638 hoc
3105 3581 3496 3643 additamento,
3538 3597 3556 3628 ι
3589 3577 3687 3630 ﬁlii

2109 3683 2305 3753 Jessaa;
2329 3704 2347 3736 ›
2397 3691 2456 3738 ut
2491 3682 2619 3736 huic
2661 3679 2966 3749 scripturae,
3004 3675 3158 3730 Isaia:
3195 3671 3533 3744 prophetiam
3557 3669 3688 3726 sub-

2105 3777 2401 3848 jungamus
2417 3790 2535 3845 qua:
2547 3772 2744 3848 similia
2761 3771 2827 3826 de
2842 3769 3059 3825 Christo
3075 3765 3424 3827 vaticinatur,
3442 3776 3566 3816 cum
3581 3761 3686 3818 ait:

2117 3888 2137 3921 ι
2164 3847 2482 3938 Εέιυεόἱειιιτ
2510 3847 2662 3934 virga
2694 3861 2760 3916 de
2777 3859 2958 3915 radice
2978 3857 3166 3923 Jessae,
3197 3864 3252 3912 et
3283 3854 3382 3911 ﬁos
3409 3853 3477 3908 de
3505 3851 3689 3906 radice

441 3941 578 3995 ἀλλὰ
604 3944 743 4014 μετά
777 3945 1092 4018 προσθήκης
1122 3966 1140 3998 ι
1172 3948 1266 4001 τοῦ
1291 3949 1408 4002 υἱοῦ
1453 3951 1675 4005 Ἰεσσαί·
1717 3973 1736 4006 ι
1773 3955 1858 4009 ἵνα
1890 3974 2006 4009 συν-

2112 3959 2233 4030 ejus
2285 3956 2572 4020 ascendet,
2618 3963 2673 4009 et
2719 3951 3027 4022 requiescet
3079 3963 3244 4019 super
3273 3963 3398 4002 eum
3449 3943 3690 4014 Spiritus
3765 3972 3779 3989 ς

442 4040 665 4113 ἅψωμεν
687 4047 750 4115 τῇ
779 4044 1026 4118 παρούσῃ
1053 4050 1234 4118 γραφῇ
1277 4048 1374 4119 τὴν
1411 4049 1630 4104 Ἡσαΐου
1659 4054 2006 4124 προφητείαν,

2111 4050 2209 4105 Dei
2233 4050 2312 4112 ⁷⁸,
2339 4067 2358 4100 ι
2398 4055 2452 4102 et
2477 4053 2672 4100 caetera
2693 4083 2708 4109 ,
2761 4041 2961 4114 quibus
2997 4039 3294 4110 adjicitur:
3332 4055 3351 4087 ‹
3381 4035 3447 4089 Ει
3469 4033 3574 4090 erit
3599 4047 3690 4086 ra-

441 4136 508 4189 δι⁹
541 4130 608 4207 ἦς
646 4136 714 4190 τά
745 4138 904 4208 ὅμοια
943 4141 1069 4209 περὶ
1105 4141 1198 4194 τοῦ
1233 4142 1466 4212 Χριστοῦ
1497 4142 1808 4208 θεσπίζεται
1849 4149 1906 4200 ἐν
1936 4143 2006 4212 οἷς

2114 4142 2208 4197 dix
2233 4139 2423 4202 Jessze,
2470 4147 2524 4193 et
2553 4137 2647 4207 qui
2685 4141 2942 4204 exsurget
2988 4133 3261 4204 imperare
3301 4127 3575 4201 gentibus,
3633 4125 3688 4180 in

443 4229 694 4300 εἷρηται’
731 4249 748 4281 ι
798 4231 1163 4321 Ἐξελεύσεται
1211 4233 1402 4304 ῥάϐδος
1450 4236 1513 4288 ἐκ
1555 4238 1853 4310 τῆςτρίζης
1887 4241 2006 4292 Ἰεσ-

2115 4233 2234 4304 ipso
2259 4239 2450 4303 gentes
2487 4229 2788 4299 sperabunt
2819 4227 2888 4278 7".
2913 4245 2931 4278 ι
2974 4224 3140 4280 Vides
3177 4223 3323 4278 enim
3361 4239 3470 4294 quo
3529 4227 3691 4291 pacto

445 4322 555 4384 σαὶ,
585 4323 676 4376 καὶ
709 4323 866 4386 ἄνθος
892 4312 954 4376 ἐκ
987 4325 1083 4394 τῆς
1116 4325 1271 4397 ῥίζης
1303 4328 1630 4399 ἀναϐήσεται
1653 4348 1666 4361 ο
1696 4332 1788 4383 καὶ
1819 4333 2006 4386 ἐπανα-

2114 4324 2203 4379 hic
2226 4339 2322 4394 per
2341 4322 2581 4376 radicem
2609 4318 2777 4373 Jessaa
2796 4317 3009 4372 vocatio
3038 4316 3281 4386 gentium
3311 4312 3689 4370 annuntietur,

443 4411 710 4465 παύσεται
750 4414 835 4466 ἐπ’
875 4415 1035 4468 αὐτὸν
1078 4417 1138 4469 τὸ
1171 4419 1392 4488 Πνεῦμα
1437 4421 1531 4473 τοῦ
1576 4421 1733 4486 Θεοῦ,
1770 4441 1787 4473 ›
1827 4423 1918 4475 καὶ
1948 4423 2006 4476 τὰ

2116 4417 2190 4472 ita
2233 4423 2293 4470 ut
2340 4414 2777 4468 additamentum
2811 4410 2968 4476 illud,
3007 4429 3024 4461 ι
3061 4406 3361 4470 ﬁliiJessae,
3396 4425 3414 4458 ι
3449 4420 3560 4460 non
3578 4403 3693 4457 fru-

441 4503 588 4572 ἐξῆς·
627 4499 707 4568 οἷς
730 4506 1058 4574 ἐπιλέγεται⁹
1093 4528 1110 4559 ι
1142 4510 1249 4562 Καὶ
1277 4509 1427 4564 ἔσται
1458 4513 1490 4582 ἡ
1519 4512 1642 4581 ῥίζα
1670 4512 1760 4564 τοῦ
1796 4514 2006 4581 ἸεσσοὺἿ

2122 4510 2324 4568 strain
2376 4509 2480 4562 hac
2531 4505 2816 4578 prophetia
2859 4504 3060 4574 jaceat.
3091 4501 3228 4556 Cum
3271 4507 3463 4560 autem.
3483 4496 3690 4552 Christi

441 4594 535 4648 καὶ
565 4596 592 4647 ὁ
624 4597 976 4667 ἀνιστάμενος
1016 4599 1203 4671 ἄρχειν
1239 4601 1428 4667 ἐθνῶν,
1466 4605 1550 4656 ἐπ’
1587 4603 1732 4675 αὑτῷ
1771 4604 1893 4677 ἔθνη
1927 4607 2012 4658 ἐλ-

441 4684 674 4741 πιοῦσιν.
711 4708 729 4739 ι
773 4689 934 4760 Ὁρᾷς
965 4690 1070 4762 γὰρ
1102 4691 1247 4755 ὅπως
1287 4695 1380 4746 καὶ
1425 4695 1653 4748 ἐνταῦθα
1677 4696 1764 4748 διὰ
1802 4697 1899 4765 τῆς
1933 4697 2011 4766 ῥί-

441 4775 541 4848 ζης
583 4779 774 4831 Ἰεσσαὶ
804 4781 835 4848 ἡ
879 4781 1066 4850 κλῆσις
1099 4783 1205 4836 τῶν
1245 4783 1412 4836 ἐθνῶν
1445 4786 1803 4854 άναφωνεῖται
1825 4803 1838 4816 ·
1872 4788 2010 4840 ὥστε

441 4868 518 4939 μὴ
547 4869 717 4941 μάτην
750 4871 882 4942 μηδὲ
920 4874 1019 4943 τὴν
1050 4875 1365 4947 προσθήκην
1394 4878 1492 4947 τὴν
1529 4897 1545 4926 ι
1586 4877 1677 4930 τοῦ
1715 4879 1830 4931 υἱοῦ
1876 4881 2008 4932 Ἰεσ-

2118 4619 2346 4676 regnum
2365 4611 2418 4658 et
2452 4601 2696 4672 gentium
2734 4598 2952 4654 vocatio
2998 4595 3319 4656 annuntiata
3346 4591 3572 4653 fuerint,
3600 4589 3692 4642 hic

2116 4699 2519 4767 peropportune
2555 4691 2879 4746 terminatur
2916 4686 3156 4748 secunda
3194 4700 3323 4756 pars
3359 4682 3484 4737 libri
3529 4681 3688 4736 Psalo

2116 4801 2352 4848 morum,
2381 4797 2502 4852 quae
2527 4797 2557 4834 a
2597 4780 3018 4850 quadragesimo
3058 4779 3234 4848 primo
3254 4774 3469 4846 incipit,
3517 4780 3572 4828 et
3634 4773 3690 4826 in

2114 4883 2436 4948 praesentem
2465 4874 2732 4944 psalmum
2758 4871 2976 4927 desinit.

438 4962 532 5016 σαὶ
563 4981 581 5014 ι
621 4966 678 5017 ἐν
711 4968 777 5036 τῇ
821 4970 1152 5043 προκειμένῃ
1199 4971 1457 5042 φέρεσθαι
1496 4975 1815 5045 προφητεία.
1852 4975 2007 5028 Κατά
2046 4973 2233 5044 καιρὸν
2276 4971 2332 5024 δὲ
2376 4967 2644 5032 ἐνταῦθα,
2676 4967 2914 5036 Χριστοῦ
2960 4965 3234 5036 βασιλείας
3278 4965 3370 5018 καὶ
3444 4961 3692 5032 κλήσεως

438 5053 606 5108 ἐθνῶν
643 5055 1133 5130 εὐαγγελισθείσης,
1174 5062 1233 5113 τὸ
1279 5061 1525 5139 δεύτερον
1578 5063 1739 5133 μέρος
1778 5064 1877 5133 τῆς
1923 5063 2103 5134 βίϐλου
2148 5062 2254 5117 τῶν
2281 5057 2527 5129 Ψαλμῶν
2556 5056 3000 5128 περιγράφεται,
3067 5053 3367 5124 ἀρξάμενον
3419 5052 3517 5122 μὲν
3585 5054 3694 5106 ἀπὸ

439 5145 653 5218 πρώτου
698 5149 792 5201 καὶ
841 5151 1298 5220 τεσσαρακοστοῦ,
1349 5153 1657 5223 καταλῆξαν
1698 5156 1754 5208 δὲ
1799 5158 1876 5219 εἰς
1920 5155 2008 5207 τὸν
2050 5152 2185 5224 μετά
2219 5154 2423 5223 χεῖρας.

443 5261 573 5318 ΤΩΝ
623 5263 1256 5317 ΕΠΙΙῈΓΡΑΜΜΕΝΩΝ
1306 5266 1441 5318 ΤΟΥ
1489 5269 1662 5321 ΛΣΑΦ
1714 5270 2012 5324 ΨΑΛΜΩΝ

1005 5335 1070 5386 Al
1112 5336 1458 5389 HEPIOXAI.

1196 5426 1273 5476 A'.

506 5513 569 5566 ΟΞ
588 5514 680 5568 τοῦ
709 5517 896 5586 Ἀσὰερ
917 5516 1377 5587 ἐπιγεγραμμένοι
1405 5521 1510 5574 εἰσὶ
1533 5522 1631 5592 μὲν
1663 5521 1754 5575 τὸν
1785 5522 2015 5592 ἀριθμὸν

505 5670 789 5734 "13min,
824 5673 871 5726 l.
950 5675 992 5703 '”
1034 5675 1164 5730 ibid.
1209 5676 1296 5730 10.

2218 5263 2654 5324 ARGUMENTA
2691 5259 3118 5318 PSALMORUM
3159 5259 3276 5326 QUI
3327 5259 3584 5316 ASAPHI-

2637 5329 3177 5388 INSCRIBUNTUR.

2879 5421 2918 5475 l.

2187 5520 2384 5576 Psalmi
2408 5519 2499 5590 qni
2521 5516 2724 5587 Asaphi
2750 5515 3124 5571 inscribuntur
3150 5514 3434 5569 duodecim
3461 5527 3690 5571 numero

507 5781 582 5852 (Ι)
634 5784 974 5851 ’Υπακούειν,
1004 5787 1055 5841 id
1081 5797 1162 5843 est
1194 5791 1515 5844 respondere.
1546 5785 1680 5842 Vide
1711 5787 1763 5840 in
1795 5785 2006 5840 Onomrt

2107 5800 2132 5838 ο
2165 5783 2229 5838 ad
2270 5783 2448 5853 Opera
2475 5781 2528 5837 S.
2563 5780 2872 5838 Athanasii.
