4128 6392
456 359 565 419 325

1132 354 1400 412 EUSEBII
1440 353 1923 414 CESABIENSIS
1959 351 2111 409 OPP.
2149 348 2333 407 PARS
2368 348 2456 406 111.
2487 382 2558 393 —-
2591 348 3004 406 EXEGETICA.

3602 345 3708 401 8:14

456 482 591 535 sunt
622 474 734 547 (l),
768 488 1000 545 quorum
1047 489 1190 529 unus
1230 490 1260 528 a
1294 474 1522 546 reliquis
1555 476 1813 532 undecim
1845 476 2031 545 sejun—

2135 473 2220 536 ιδ’,
2249 469 2454 525 τούτων
2483 470 2539 524 δὲ
2570 462 2651 533 εἷς
2677 469 3084 540 ἀπεσχοίνισται
3129 469 3227 539 τῆς
3276 466 3384 520 τῶν
3412 468 3708 537 προκειμέ-

454 576 602 631 ctus.
622 581 687 622 ac
711 574 837 621 ante
856 564 1367 635 quinquagesimum
1389 568 1723 623 constitutus
1744 575 1850 624 est.
1887 568 2034 634 Qua-

453 658 799 730 dragesimus
830 671 1007 711 nonus
1034 658 1216 727 itaque
1241 657 1487 727 psalmus
1512 658 1711 727 Asaplu'
1739 659 2033 729 inscriptus

453 754 571 805 est.
602 746 761 815 cujus
794 745 872 800 rei
902 761 1123 802 causam
1145 785 1161 808 ,
1192 747 1371 818 qualis
1402 754 1516 801 tum
1551 748 1938 812 succurrebat,
1977 748 2033 803 in

452 838 575 907 ejus
608 836 949 907 expositione
988 838 1300 893 retulimus.
1351 837 1568 894 Primus
1607 846 1788 895 autem
1826 840 2029 910 Asapbi

452 929 735 999 psalmus,
784 928 852 984 de
894 944 1004 998 quo
1048 928 1162 998 jam
1198 929 1399 1000 agitur,
1453 932 1774 1002 prophetam
1824 931 2033 987 inducit

452 1019 659 1089 ingenti
693 1018 1057 1074 admiratione
1089 1027 1308 1089 captum
1339 1020 1406 1075 de
1439 1021 1855 1092 longanimitate
1884 1024 2028 1093 opti-

450 1113 524 1169 mi
574 1110 701 1175 Dei,
749 1110 926 1181 deque
968 1111 1089 1180 ejus
1124 1126 1251 1182 erga
1283 1112 1480 1183 impios
1514 1114 1838 1180 tolerantia,
1874 1115 2033 1170 ittm-

452 1218 561 1273 que
596 1201 665 1257 de
698 1202 858 1257 venia
893 1203 1252 1273 peccantibus
1285 1219 1569 1260 concessa.
1600 1205 1717 1271 Qua
1748 1206 1816 1262 de
1844 1223 1904 1263 re
1929 1207 2026 1262 ob-

452 1302 806 1365 stupescens,
829 1310 950 1349 sese
985 1302 1043 1347 ut
1099 1295 1501 1364 pusillanimem
1531 1311 1597 1352 ac
1624 1313 1761 1367 pene
1790 1314 2030 1353 commo-

451 1393 568 1441 tum
589 1426 605 1452 ,
639 1394 801 1457 atque
830 1387 1024 1441 animae
1055 1402 1247 1457 gressu
1278 1403 1531 1443 eversum
1561 1390 1845 1462 coarguit;
1883 1390 2030 1461 quod

449 1480 660 1537 videret
692 1479 984 1549 impiorum
1018 1487 1071 1535 et
1110 1479 1395 1536 atheorum
1441 1482 1722 1539 hominum
1766 1500 1854 1539 res
1902 1499 2031 1554 pro—

450 1592 609 1648 spere
638 1577 854 1633 cedere.
892 1577 1163 1634 Caeterum
1196 1586 1487 1650 postquam
1524 1580 1579 1634 in
1609 1581 1881 1651 principio
1914 1596 2029 1635 rem

450 1685 596 1741 aegre
628 1668 774 1726 ferre
807 1671 960 1726 visus
996 1670 1208 1735 fuerat,
1246 1671 1300 1725 in
1334 1674 1693 1743 sequentibus
1727 1672 2026 1728 infaustum

449 1777 642 1818 eorum
681 1763 885 1819 exitum
940 1762 1269 1818 vaticinatur
1318 1765 1548 1821 dicens:
1608 1765 1853 1835 Dejecisti
1903 1783 2025 1831 eos,

450 1855 579 1908 dum
613 1855 1011 1913 extollerentur.
1068 1855 1343 1921 Quomodo
1381 1858 1512 1928 [acti
1552 1869 1677 1913 sunt
1715 1862 1772 1915 in
1815 1860 2027 1916 desola-

451 1947 645 2002 tionem
674 1946 897 2003 subito?
928 1947 1269 2018 Defecerunt,
1305 1950 1574 2017 perierunt
1600 1960 1813 2021 propter
1842 1953 2029 2009 incon-

450 2037 829 2093 sideratiouem
859 2055 1013 2092 suam
1045 2040 1113 2104 ⁷⁸,
1144 2048 1199 2093 et
1228 2056 1349 2110 quae
1378 2050 1705 2111 sequuntur.

1208 2152 1253 2209 ll

523 2241 810 2301 Secundus
846 2243 915 2299 de
951 2259 1058 2315 qua
1085 2260 1268 2301 rerum
1300 2245 1618 2303 conditione
1661 2246 1716 2302 in
1748 2250 1927 2319 primo
1954 2251 2030 2307 dl.

450 2341 597 2390 ctum
630 2336 703 2392 sit
728 2336 957 2402 edocet,
984 2337 1276 2408 deplorans
1299 2346 1630 2408 postremam
1657 2340 2027 2398 Romanorum

448 2435 695 2499 tempore
731 2427 1086 2502 Jerosolymaa
1124 2432 1464 2487 obsidionem
1492 2471 1507 2497 ,
1547 2433 2031 2506 obsidentiumque

449 2529 637 2579 motus
667 2530 723 2578 et
748 2531 899 2594 gesta
930 2524 1175 2579 declarat
1201 2524 1286 2580 his
1315 2526 1499 2582 verbis
1527 2546 1539 2581 :
1581 2526 1776 2598 thuid
1802 2568 1816 2593 ,
1855 2528 2026 2594 Deus,

450 2615 696 2683 repulisti
729 2616 785 2669 in
820 2616 1014 2686 ﬁnem,
1049 2617 1224 2671 iratus
1255 2627 1334 2671 est
1373 2618 1525 2687 furor
1562 2628 1683 2675 tuus
1726 2638 1882 2690 super
1914 2640 2029 2678 oves

450 2718 665 2775 pascuae
699 2704 1072 2775 tuw?quibus
1105 2706 1296 2774 adjicit
1330 2725 1342 2760 :
1389 2706 1557 2773 Quasi
1596 2708 1649 2761 in
1690 2708 1826 2762 silva
1864 2708 2032 2779 ligno-

451 2813 573 2852 rum
612 2796 882 2852 securibus
922 2797 1231 2851 exciderunt
1261 2800 1463 2869 januas
1503 2800 1619 2868 eius
1660 2802 1714 2855 in
1764 2802 2028 2871 idipsum,

451 2889 509 2945 in
538 2891 710 2943 securi
738 2899 786 2944 et
817 2892 965 2944 ascia
994 2888 1298 2959 dejecerunt
1335 2907 1473 2945 eam.
1520 2890 1877 2947 Incenderunt
1914 2895 2033 2964 igne

451 2982 818 3041 sanctuarium
851 2992 1041 3049 tuum;
1069 2984 1271 3055 quibus
1297 2983 1490 3039 iterum
1520 2984 1831 3055 subjungit:
1866 2985 2032 3055 Signa

452 3082 641 3128 nostra
672 3089 773 3127 non
806 3073 1065 3137 vidimus,
1095 3074 1213 3142 jam
1249 3089 1354 3126 non
1395 3077 1476 3127 est
1512 3072 1804 3142 propheta,
1846 3082 1896 3126 et
1936 3089 2030 3126 nos

452 3182 558 3221 non
589 3174 861 3235 cognoscet
892 3166 1121 3235 amplius
1151 3167 1216 3220 ⁷³.
1248 3166 1385 3220 Nam
1416 3167 1561 3237 quod
1589 3165 1753 3231 dicit,
1787 3174 2032 3235 tempore

451 3257 762 3313 obsidionis
795 3258 959 3314 istius
988 3260 1284 3329 prophetas
1321 3276 1431 3316 non
1459 3260 1775 3326 exstitisse;
1810 3258 1863 3313 id
1901 3274 2033 3315 sane

452 3348 719 3424 postremi
750 3365 940 3405 eorum
972 3350 1171 3406 excidii
1204 3360 1586 3422 argumentum
1617 3360 1719 3407 est.
1752 3350 1878 3407 Haec
1902 3366 2034 3406 vero

451 3446 820 3509 congruenter
854 3447 980 3510 post
1008 3442 1395 3507 praedictiones
1425 3445 1493 3499 de
1521 3443 1743 3498 Christo
1775 3443 2033 3513 superius

450 3530 769 3585 enuntiatas
793 3532 971 3601 posita
999 3542 1147 3589 sunt.
1178 3534 1317 3600 Quia
1343 3534 1488 3590 enim
1520 3535 1698 3604 ipsum
1724 3537 2031 3591 venientem

453 3633 567 3683 non
600 3630 968 3690 acceperunt,
1004 3624 1324 3678 necessario
1363 3638 1481 3679 eam
1504 3664 1518 3688 ,
1560 3640 1682 3695 qua:
1719 3632 1843 3693 post
1877 3632 2033 3679 tanta

452 3709 511 3764 in
542 3709 823 3767 Christum
859 3710 1107 3771 facinora
1138 3716 1288 3790 ipsos
1323 3716 1562 3783 invasit,
1601 3718 1862 3773 ultionem
1893 3717 2032 3771 vati-

453 3799 690 3861 cinatur.

1194 4089 1283 4152 ιη.

525 4171 747 4233 Tertius
783 4178 989 4251 Asaplii
1028 4183 1276 4253 psalmus
1312 4183 1367 4241 in
1410 4183 1573 4243 finem
1625 4188 1859 4243 remittit
1906 4205 2030 4244 eum

455 4264 548 4333 qui
580 4266 765 4336 priora
797 4269 991 4341 legerit
1018 4313 1033 4337 ,
1064 4272 1427 4346 hortaturque
1454 4294 1517 4331 ne
1547 4278 1819 4347 disperdat
1850 4281 1918 4333 ⁸⁸.
1951 4280 2033 4335 Ad

454 4354 572 4410 haec
599 4365 778 4413 autem
806 4360 998 4417 titulus
1024 4364 1294 4433 psalmum
1323 4377 1370 4420 et
1396 4367 1673 4425 canticum
1701 4368 1881 4438 ipsum
1911 4384 2033 4424 esse

455 4444 729 4514 declarat,
764 4451 894 4521 quia
925 4469 1115 4508 eorum
1149 4456 1243 4525 qui
1278 4455 1335 4509 in
1364 4456 1647 4514 Christum
1679 4459 2033 4517 crediderunt

455 4539 759 4609 gratiarum
813 4546 1084 4602 actionem
1137 4549 1545 4620 complectitur.
1595 4550 1855 4606 Divinum
1902 4553 2031 4609 item

450 4627 716 4703 judicium
744 4643 1043 4702 memorat,
1070 4647 1363 4708 narratque
1390 4639 1663 4709 quomodo
1685 4644 2035 4699 constituerit

456 4718 598 4775 diem
623 4722 816 4790 judicii
837 4766 851 4790 ,
876 4742 985 4795 quo
1008 4728 1197 4784 reddet
1221 4731 1518 4801 unicuique
1542 4732 1843 4787 secundum
1869 4749 2031 4804 opera

456 4813 614 4881 ejus,
657 4814 732 4869 ita
774 4824 834 4871 ut
882 4818 977 4889 qui
1023 4821 1079 4875 iu
1125 4825 1381 4893 praesenti
1413 4825 1524 4878 vita
1554 4826 1817 4881 aerumnis
1850 4828 2031 4882 amicti

456 4901 701 4971 fuerint,
734 4906 917 4963 futura
954 4910 1008 4964 in
1050 4909 1162 4967 Deo
1192 4916 1434 4985 reposita
1466 4932 1562 4985 spe
1592 4932 1701 4971 non
1733 4919 1989 4974 excidant
2016 4938 2029 4988 ;

457 4996 555 5066 qui
588 5012 721 5053 vero
762 4999 866 5055 hoc
896 5008 1143 5072 tempore
1173 5006 1300 5059 elati
1347 5017 1537 5061 contra
1568 5007 1846 5065 Christum
1877 5026 2032 5066 arro-

458 5097 651 5159 ganter
680 5093 926 5160 egerint,
961 5093 1221 5150 ultionem
1265 5095 1321 5149 in
1354 5096 1541 5152 futura
1570 5099 1680 5153 vita
1713 5116 1829 5155 non
1863 5099 2034 5156 deeli~

456 5188 608 5243 nent.
655 5181 997 5254 Quapropter
1037 5202 1105 5241 ex
1147 5203 1379 5256 persona
1425 5188 1835 5261 apostolorum,
1868 5191 2034 5247 disci-

459 5274 713 5344 pulcrum
743 5282 798 5329 et
838 5278 1299 5348 evangelistarum
1346 5281 1651 5339 Salvatoris
1692 5285 1874 5340 nostri
1916 5285 2033 5341 haec

457 5366 779 5435 pronuntiat
808 5385 821 5421 :
856 5367 1235 5439 Conﬁtebimur
1264 5376 1393 5439 tibi,
1418 5374 1581 5441 Deus,
1607 5385 1655 5430 et
1678 5377 2035 5432 invocabimus

458 5475 644 5515 nomen
675 5470 842 5515 tuum.
870 5461 945 5518 De
968 5463 1035 5520 iis
1060 5481 1192 5521 vero
1216 5468 1309 5537 qui
1335 5467 1391 5522 in
1417 5466 1756 5525 Salvatorem
1784 5477 2034 5527 nostrum

2134 582 2239 620 νων
2273 571 2338 619 ια’
2367 564 2678 633 συναφείας,
2709 562 3106 617 κατατέτακται
3143 561 3200 614 δὲ
3232 560 3335 631 πρὸ
3373 558 3466 612 τοῦ
3498 566 3538 612 ν’
3570 559 3708 628 ψαλ-

2138 658 2337 729 μοῦ.⁹0
2367 657 2498 727 γοῦν
2550 657 2632 728 μθ⁹
2665 656 3069 728 ἐπιγέγραπται
3110 654 3214 709 τοῦ
3257 652 3471 722 Ἀσάφ·
3506 652 3604 722 τὴν
3649 652 3707 705 δὲ

2134 751 2507 807 ὑποπεσοῦσαν
2554 753 2684 823 ἡμίν
2731 752 2909 807 αἰτίαν
2954 750 3080 813 τοὺς
3126 750 3321 811 τόπους
3358 745 3701 817 διηγούμενοι

2134 845 2547 916 παρεθήκαμεν.
2575 846 2804 913 Εἰσάγει
2832 843 2890 898 δὲ
2921 844 2949 896 ὁ
2986 841 3123 914 μετά
3148 844 3334 913 χεῖρας
3366 839 3584 911 πρῶτος
3630 838 3703 891 ὣν

2129 937 2224 991 τοῦ
2258 936 2450 1007 Ἀσάφ,
2476 935 2565 990 τὸν
2592 937 2874 1008 προφήτην
2902 932 3389 1006 ὑπερθαυμάζοντα
3411 931 3471 984 τὸ
3499 931 3703 1001 μακρό-

2132 1028 2300 1100 θυμον
2334 1029 2426 1082 τοῦ
2458 1028 2771 1097 παναγάθου
2804 1027 2962 1090 Θεοῦ,
3003 1027 3097 1080 καὶ
3131 1024 3226 1095 τὴν
3258 1024 3350 1076 ἐπὶ
3373 1025 3484 1086 τοῖς
3514 1021 3705 1075 ἀσεϐέ-

2134 1138 2217 1175 σιν
2246 1122 2593 1189 ἀνεξικακίαν
2622 1120 2809 1183 αὐτοῦ,
2839 1121 2939 1191 τήν
2966 1136 3024 1171 τε
3054 1116 3390 1188 ἐνδιδομένην
3421 1112 3705 1185 συγχώρη-

2133 1234 2217 1269 σιν
2262 1217 2369 1280 τοῖς
2398 1214 2803 1286 ἁμαρτάνουσιν
2824 1229 2836 1242 ·
2868 1214 2934 1283 ἢν
2963 1208 3553 1281 ύπερεκπληττόμενος,
3579 1207 3704 1258 ἐαυ-

2130 1309 2223 1363 τοῦ
2252 1310 2550 1381 κατηγορεῖ
2577 1309 2651 1371 ὡς
2673 1304 3120 1377 ὀλιγοψυχοῦντος
3142 1303 3235 1357 καὶ
3260 1300 3455 1373 μικροῦ
3481 1300 3590 1354 δεῖν
3611 1318 3703 1381 σα-

2131 1400 2431 1465 λευθέντος,
2455 1400 2668 1470 καὶτῆς
2702 1400 2878 1470 ψυχῆς
2912 1397 3010 1461 τὰς
3041 1398 3224 1467 βάσεις
3253 1393 3700 1466 περιτραπέντος,

2130 1494 2196 1547 δι’
2217 1494 2283 1557 ἃς
2312 1493 2458 1565 ἐώρα
2478 1493 2585 1546 τῶν
2606 1492 2814 1546 ἀσεϐῶν
2837 1491 2931 1544 καὶ
2954 1490 3129 1544 ἀθέων
3150 1488 3354 1559 ἀνδρῶν
3379 1486 3701 1555 εὐπραγίας.

2131 1586 2275 1657 Πλὴν
2324 1586 2773 1654 ἀποδυσπετήσας
2822 1585 2878 1635 ἐν
2928 1585 3041 1645 τοῖς
3086 1581 3340 1653 πρώτοις,
3370 1577 3573 1648 προῖὼν
3607 1577 3704 1647 τὴν

2131 1677 2509 1749 καταστροφὴν
2540 1677 2719 1731 αὐτῶν
2746 1675 2989 1739 θεσπίζει
3008 1674 3180 1742 λέγων
3201 1690 3215 1704 ο
3240 1670 3575 1736 Κατέΰαλες
3595 1671 3702 1722 αὑ-

2130 1771 2274 1835 τοὺς
2303 1773 2373 1824 ἐν
2400 1770 2479 1834 τῷ
2504 1768 2855 1837 ἐπαρθῆναι.
2886 1766 3020 1832 Πῶς
3056 1764 3333 1835 ἐγένοντο
3366 1766 3451 1828 εὶς
3488 1761 3707 1830 ἐρήμω-

2130 1880 2234 1917 σιν
2260 1864 2512 1929 ἐξάπινα
2530 1879 2547 1925 ;
2566 1861 2902 1925 Ἐξέλιπον,
2931 1856 3243 1913 ἀπώλοντο
3267 1855 3365 1909 διὰ
3388 1854 3503 1923 τὴν
3536 1853 3707 1907 ἀϐου-

2127 1953 2272 2007 λίαν
2298 1950 2519 2016 αὐτῶν,
2553 1950 2648 2004 καὶ
2678 1949 2749 2002 τὰ
2780 1949 2988 2011 τούτοις
3017 1945 3306 2001 ἀκόλουθα.

2880 2150 2956 2203 B'.

2212 2243 2269 2296 Ὀ
2295 2241 2542 2313 δεύτερος
2563 2239 2655 2293 ἐπὶ
2688 2238 2867 2302 ποίαις
2888 2237 3269 2310 περιστάσεσιν
3292 2233 3360 2289 τά
3378 2234 3438 2287 ἐν
3456 2232 3535 2303 τῷ
3560 2248 3708 2300 πρω-

2129 2352 2208 2404 τῳ
2240 2334 2461 2387 λέλεκτο
2485 2332 2747 2396 διδάσκει,
2779 2330 3181 2402 ἀποδυρόμενος
3218 2328 3316 2399 τῆς
3353 2324 3707 2397 Ἰερουσαλὴμ

2130 2426 2228 2497 τὴν
2258 2426 2493 2497 ἐσχάτην
2526 2424 2860 2496 πολιορκίαν,
2896 2424 2962 2493 ἥν
2993 2421 3258 2475 πέπονθεν
3296 2419 3391 2473 ἐπὶ
3422 2418 3533 2471 τῶν
3574 2417 3706 2470 Ῥω-

2135 2517 2345 2587 μαϊκῶν
2375 2516 2604 2588 χρόνων,
2638 2514 2917 2586 σημαίνων
2962 2530 3023 2565 τε
3070 2513 3168 2582 τὴν
3210 2511 3575 2564 ἐπανάστασιν
3598 2507 3707 2561 τῶν

2130 2608 2219 2662 τὸν
2268 2607 2430 2660 τόπον
2475 2606 2979 2677 πολιορκησόωτωψ
3011 2605 3039 2657 ὃ
3062 2605 3126 2675 δὴ
3162 2604 3459 2676 παρίστησι
3492 2602 3667 2671 φήσας
3685 2616 3700 2631 ⁸

2133 2702 2186 2754 ⁹⁹Ι
2188 2716 2263 2753 να
2277 2699 2353 2762 τί,
2384 2701 2417 2753 ὀ
2444 2697 2605 2762 Θεὸς,
2625 2696 2842 2752 ἀπώσω
2867 2700 2955 2762 είς
2968 2696 3161 2761 τέλος,
3187 2696 3444 2765 ὠργίσθη
3468 2696 3501 2747 ὁ
3522 2693 3711 2762 θυμός

2131 2808 2248 2847 σου
2288 2792 2387 2845 ἐπὶ
2427 2792 2690 2860 πρόϐατα
2731 2789 2922 2860 νομῆς
2969 2806 3116 2852 σου;
3150 2784 3247 2852 Οἷς
3278 2787 3405 2857 ἐξῆς
3432 2785 3703 2854 ἐπιλέγει·

2143 2884 2237 2949 Ὡς
2257 2885 2326 2937 ἐν
2346 2882 2546 2953 δρυμῷ
2575 2883 2777 2948 ξύλων
2798 2881 3035 2947 ἀξίναις
3062 2880 3363 2948 ἐξέκοψαν
3390 2880 3497 2943 τὰς
3529 2879 3714 2946 θύρας

2132 2976 2322 3045 αὐτῆς
2346 2976 2445 3029 ἐπὶ
2472 2975 2539 3029 τὸ
2567 2975 2733 3039 αὐτὸ,
2758 2974 2827 3027 ἐν
2858 2974 3073 3028 πέλυκι
3100 2973 3197 3026 καὶ
3223 2971 3590 3038 λαξευτηρίῳ
3609 2986 3711 3024 και

2132 3067 2423 3137 τέῤῥαξαν
2443 3067 2653 3135 αὐτήν.
2674 3067 3064 3134 Ἑνεπύρισαν
3079 3066 3149 3119 ἐυν
3171 3064 3313 3133 πυρί
3345 3063 3410 3116 τὸ
3432 3061 3711 3133 ἀγιαστή-

2128 3161 2265 3230 ριόν
2294 3174 2410 3214 σου
2430 3176 2443 3189 ·
2472 3154 2552 3221 οἷς
2577 3155 2733 3220 αὖθις
2767 3157 3042 3225 ἐπιλέγει·
3070 3156 3144 3210 Τὰ
3163 3155 3381 3224 σημεῖα
3406 3152 3574 3223 ἡμῶν
3600 3155 3711 3207 οὐκ

2132 3252 2388 3321 εἴδομεν·
2422 3253 2533 3305 οὐκ
2576 3250 2748 3303 ἐστιν
2794 3249 2882 3302 ἔτι
2935 3246 3264 3317 προφήτης,
3297 3246 3394 3301 καί
3435 3243 3593 3314 ἡμᾶς
3640 3246 3712 3299 οὺ

2133 3342 2422 3413 γνώσεται
2449 3342 2535 3395 ἔτι
2554 3359 2567 3373 ο
2596 3340 2672 3411 τῷ
2697 3340 2805 3411 γάρ
2834 3341 3061 3409 φάσκειν
3096 3339 3293 3411 μηκέτι
3318 3338 3601 3410 προφήτας
3620 3353 3713 3405 γε-

2134 3434 2349 3502 γονέναι
2382 3433 2524 3487 κατὰ
2552 3433 2651 3504 τὴν
2682 3430 3015 3502 δηλουμένην
3043 3430 3353 3501 πολιορκίαν
3395 3432 3616 3500 σημεῖον
3643 3422 3713 3500 ἦν

2132 3526 2232 3596 τῆς
2262 3524 2497 3595 ὑστάτης
2547 3523 2722 3577 αὐτῶν
2772 3522 3398 3587 ἀποπτώσεως.Ἔπεται
3443 3520 3499 3574 δὲ
3542 3520 3714 3573 ταῦτα

2137 3616 2342 3687 σφόδρα
2369 3614 2676 3679 ἀκολούθως
2706 3617 2828 3678 ταῖς
2858 3614 2947 3668 διὰ
2983 3613 3092 3667 τῶν
3124 3612 3432 3683 ἔμπροσθεν
3463 3609 3592 3682 περὶ
3617 3608 3711 3662 τοῦ

2133 3707 2370 3780 Χριστοῦ
2403 3706 2708 3777 λεχθείσαις
2739 3707 3128 3778 προρρήσεσιν.
3148 3701 3364 3773 Ἐπειδὴ
3398 3701 3505 3772 γάρ
3534 3700 3712 3753 ἐλθόν-

2132 3818 2200 3853 τα
2223 3799 2385 3853 αύτδν
2414 3799 2488 3871 μὴ
2512 3799 2892 3871 παρεδέξαντο,
2918 3797 3229 3866 ἀναγκαίως
3255 3797 3354 3868 τὴν
3383 3793 3714 3847 ἐπελθοῦσαν

2133 3893 2318 3954 αὐτοῖς
2345 3891 2515 3962 ὀργὴν
2552 3892 2689 3962 μετά
2732 3890 2799 3945 τά
2830 3891 2950 3945 κατ’
2976 3889 3140 3944 αὑτοῦ
3169 3888 3505 3961 τολμηθέντα
3533 3887 3714 3950 αὐτοῖς

2134 3980 2401 4045 θεσπίζει,

2882 4093 2956 4147 I".

2208 4185 2274 4237 Ὅ
2302 4186 2484 4257 τρίτος
2510 4185 2601 4238 τοῦ
2644 4185 2815 4254 Ἀσάφ
2844 4186 2924 4248 είς
2952 4184 3013 4238 τὸ
3032 4184 3183 4247 τέλος
3214 4182 3574 4255 παραπέμπει
3624 4181 3714 4236 τὸν

2134 4279 2246 4339 τοῖς
2278 4276 2563 4347 προτέροις
2595 4277 3009 4347 ἐντετυχηκότα,
3043 4276 3136 4328 καί⁵
3175 4277 3431 4346 παραινεῖ
3466 4273 3551 4343 μὴ
3585 4273 3711 4327 δια-

2136 4366 2386 4435 φθεῷαι.
2405 4367 2729 4439 Ἐπιγράφει
2755 4386 2814 4421 τε
2845 4366 2981 4440 πρὸς
3005 4367 3233 4431 τούτοις,
3270 4369 3352 4420 ὅτι
3385 4367 3479 4420 καὶ
3503 4366 3713 4436 ψαλμὸς

2138 4462 2222 4530 εἴη
2274 4461 2366 4513 καὶ
2412 4459 2557 4530 ᾠδή·
2593 4459 2778 4530 ἐπειδὴ
2832 4459 3074 4531 περιέχει
3118 4458 3468 4531 εὐχαριστίαν
3494 4458 3601 4512 τῶν
3634 4460 3713 4521 εἰς

2138 4551 2230 4609 τὸν
2278 4551 2511 4621 Χριστὸν
2542 4550 3001 4604 πέπιστευκότων.
3037 4550 3146 4603 Καὶ
3191 4550 3286 4622 τὴν
3332 4549 3424 4603 τοῦ
3464 4547 3598 4601 Θεοῦ
3639 4548 3717 4601 δι-

2139 4645 2483 4716 καιοκρισίαν
2513 4645 2807 4717 παρίστησι
2834 4645 3097 4699 διδάσκων
3141 4646 3290 4708 ὅπως
3336 4646 3561 4717 ἔστησεν
3589 4645 3715 4716 ήμέο

2144 4756 2243 4811 ραν
2277 4739 2530 4810 κρίσεως,
2565 4731 2680 4811 ὲνῇ
2712 4737 2979 4791 ἀποδώσει
3020 4737 3233 4808 ἑκάστῳ
3282 4738 3423 4793 κατά
3469 4736 3538 4794 τὰ
3580 4737 3717 4806 ἔργα

2141 4829 2327 4885 αὐτοῦ.
2357 4832 2466 4884 Kal.
2496 4830 2618 4883 οὔτε
2651 4831 2699 4883 οἱ
2730 4830 2870 4884 κατά
2905 4830 2998 4884 τὸν
3024 4831 3265 4902 παρόντα
3299 4831 3411 4900 βίον
3438 4828 3715 4899 κακούμε-

2141 4940 2219 4979 νοι
2244 4926 2342 4993 τῆς
2376 4923 2526 4995 παρά
2553 4922 2629 4993 τῷ
2662 4922 2780 4993 Θεῷ
2813 4922 3113 4994 μελλούσης
3142 4922 3353 4985 ἐλπίδος
3382 4920 3717 4975 ἀποπεσοῦν-

2139 5032 2249 5081 ται,
2270 5014 2382 5067 οὔθ’
2400 5018 2447 5068 οἰ
2478 5015 2618 5068 κατά
2647 5014 2736 5068 τὸν
2758 5014 3027 5068 ἐνεστῶτα
3058 5014 3247 5086 καιρὸν
3273 5011 3597 5083 ἐπαρθέντες
3622 5010 3716 5063 καὶ

2142 5106 2734 5178 καταλαζονευσάμενοι
2775 5106 2870 5160 τοῦ
2900 5106 3136 5178 Χριστοῦ
3167 5103 3508 5177 ἀτιμώρητον
3535 5102 3714 5168 ἕξουσι

2138 5200 2227 5252 τὸν
2268 5199 2402 5269 μετά
2438 5200 2610 5253 ταῦτα
2641 5200 2772 5270 βίον.
2802 5200 2891 5253 Διὸ
2935 5202 2999 5255 ἐκ
3040 5197 3329 5272 προσώπου
3363 5198 3461 5269 μὲν
3482 5195 3590 5249 τῶν
3622 5192 3714 5248 τοῦ

2141 5288 2390 5358 Σωτῆρος
2414 5288 2573 5359 ἡμῶν
2602 5290 2913 5344 ἀποστόλων
2940 5290 3033 5344 καὶ
3077 5289 3335 5361 μαθητῶν
3364 5288 3457 5342 καὶ
3487 5287 3715 5354 εὐαγγε-

2140 5379 2336 5433 λιστῶν
2382 5382 2656 5450 ἀναφωνεῖ
2709 5383 2798 5436 τό’
2845 5365 3432 5452 Ἑξομολογησόμεθά
3491 5393 3632 5441 σοι,
3682 5378 3715 5429 δ

2146 5472 2309 5537 Θεὸς,
2334 5472 2434 5527 καὶ
2473 5473 2951 5549 ἐπικαπσόμεθα
2978 5475 3046 5531 τὸ
3083 5474 3270 5546 ὄνομά
3292 5489 3441 5531 σου·
3496 5470 3625 5544 περὶ
3658 5463 3717 5522 δδ

529 5616 577 5648 ⁷⁸
619 5615 765 5673 Psal.
789 5634 959 5684 Lxxu,
1000 5621 1087 5689 18,
1116 5622 1202 5677 l9.
1277 5623 1323 5654 τ’
1352 5622 1499 5681 Psal.
1525 5640 1718 5693 Lxxut,
1746 5626 1855 5684 1-9.
1937 5625 1982 5658 ⁸ο
2011 5624 2031 5682 1

2134 5665 2158 5679 ..
2178 5642 2360 5700 Lxxw,
2382 5627 2431 5683 l.

533 5798 609 5867 (1)
646 5796 775 5853 Vide
804 5813 969 5870 supra
1009 5799 1073 5856 ad
1112 5801 1246 5870 psal.
1279 5817 1401 5856 xm
1440 5800 1610 5857 initio.
