4128 6392
417 353 523 411 825

1546 352 2055 412 COMMENTARIA
2096 351 2163 407 IN
2192 351 2535 409 PSALMOS.

3583 351 3691 408 826

415 474 526 527 τῶν
550 474 618 527 τὰ
649 474 788 528 κατὰ
812 474 905 528 τοῦ
932 475 1360 549 Σωτῆρος-ήμῶν
1383 478 1774 550 τολμησάντων
1798 482 2006 549 προῖων

2125 476 2241 530 alia
2272 492 2394 531 aus:
2429 483 2558 531 sunt
2592 475 2695 531 sub
2732 474 2848 529 haec
2878 474 3070 545 adjicit
3102 493 3114 531 :
3150 473 3279 529 Dixi
3308 473 3503 544 iniquis
3527 488 3548 528 :
3578 471 3698 528 No-

418 568 611 635 ὲπάγει
643 568 723 620 τόο
760 564 917 622 Εϊπα
947 568 1070 634 τοῖς
1108 572 1562 640 παρανομοῦσι’
1607 570 1705 639 Μὴ
1755 584 2009 640 παρανο-

412 660 597 730 μεῐτε,
629 659 726 713 καὶ
773 659 899 725 τοῖς
939 660 1380 730 ἁμαρτάνουσι·
1410 663 1507 732 Μὴ
1541 664 1774 732 oportet;
1807 663 2005 733 κέρας.

418 752 514 821 Μὴ
546 753 820 822 ἐπαίρετε
850 756 938 818 εὶς
958 754 1116 823 ὕψος
1136 755 1200 808 τὸ
1222 754 1402 824 κέρας
1432 754 1618 825 ὑμῶν,
1640 755 1726 825 μὴ
1768 756 2010 810 λαλεῖτε

418 847 572 900 κατὰ
603 846 711 900 τοῦ
746 847 895 901 Θεοῦ
945 846 1202 902 ἀδικίαν.
1243 846 1357 903 Εἶθ’
1393 848 1521 913 ὲξῆς
1549 848 1609 913 ἐξ
1641 849 1807 903 αὐτοῦ
1842 866 2009 919 προσ·
2040 878 2053 893 -

416 935 569 989 ώπου
609 936 702 989 τοῦ
732 937 968 1008 Χριστοῦ
1002 938 1253 1010 ἐπιφέρει
1285 939 1376 992 τό’
1423 938 1564 1008 Ἐγὼ
1599 938 1667 991 δὲ
1694 937 2011 1008 ἀπαγγελῶ

417 1026 508 1091 εἰς
548 1026 656 1081 τὸν
691 1024 899 1091 αἰῶνα,
938 1026 1119 1097 ψαλῶ
1152 1027 1232 1094 τῷ
1259 1028 1381 1094 Θεῷ
1417 1030 1633 1087 Ἰακώϐ.
1660 1029 1774 1083 Καὶ
1814 1028 2013 1083 πάντα

419 1114 493 1171 τὰ
522 1117 741 1188 κέρατα
765 1116 885 1172 τῶν
903 1118 1268 1188 ἁμαρτωλῶν
1286 1119 1638 1183 συνθλάσω,
1662 1118 1758 1173 καί
1779 1120 2011 1191 ὑψωθή-

417 1224 590 1266 σεται
624 1212 697 1266 τὰ
732 1210 950 1267 κέρατα
984 1213 1091 1267 τοῦ
1117 1213 1373 1267 δικαίου.

1183 1330 1259 1382 Δ’.

490 1417 603 1472 Καὶ
633 1419 663 1471 ὁ
691 1417 882 1491 παρὼν
896 1418 1109 1490 ψαλμδς
1141 1418 1510 1473 λέλεκταιἙν
1537 1420 1751 1490 ὕμνοις
1770 1437 1783 1450 ³
1815 1421 1875 1474 οὐ
1910 1420 2008 1492 μό-

419 1526 512 1566 νον
537 1510 674 1564 ἀλλὰ
721 1512 815 1564 καὶ
1008 1514 1265 1583 τυγχάνει
1292 1512 1696 1583 ἀναπέμπουσα
1727 1516 1806 1578 εἰς
1834 1515 1894 1567 τὸ
1921 1515 2011 1567 τέ-

421 1602 533 1667 λος.
568 1604 872 1675 Διαγράφει
917 1604 974 1657 δὲ
1007 1604 1116 1658 τῶν
1152 1605 1251 1675 μὲν
1289 1605 1603 1660 ἀποστόλων
1636 1606 1730 1659 τοῦ
1760 1606 2014 1677 Σωτῆρος

422 1697 518 1750 καὶ
553 1700 651 1769 τῆς
690 1697 1014 1768 Ἐκκλησίας
1043 1696 1204 1751 αὑτοῦ
1238 1696 1336 1769 τὴν
1377 1698 1697 1767 ἀσφάλειαν,
1743 1699 1909 1753 αὐτοῦ
1957 1699 2014 1752 δὲ

420 1790 523 1861 τὴν
548 1790 605 1844 ὲν
629 1791 821 1861 εἰρήνῃ
856 1790 1019 1861 μονὴν
1040 1792 1137 1844 καὶ
1161 1791 1370 1855 στάσιν,
1390 1793 1484 1844 καὶ
1512 1793 1610 1862 τὴν
1634 1791 1726 1844 ἐπὶ
1753 1794 1853 1862 τῆς
1881 1792 2015 1843 Ἰου-

423 1881 581 1944 δαίας
613 1881 918 1953 παρουσίαν
941 1899 952 1910 ·
992 1883 1085 1935 καὶ
1106 1882 1181 1946 ὡς
1203 1885 1237 1954 ἡ
1267 1882 1493 1955 ἀληθινὴ
1514 1882 1681 1936 αὐτοῦ
1712 1883 1891 1946 πόλις,
1920 1882 2013 1936 καὶ

422 1973 484 2027 τὸ
518 1972 655 2027 Σιὼν
686 1974 813 2046 ὄρος
832 1975 894 2028 τὸ
926 1974 1179 2046 ἀληθινὸν
1221 1974 1386 2029 αὐτοῦ
1426 1976 1739 2048 οἰκητήριον
1783 1976 2013 2030 πάντοτε

424 2067 786 2141 εἰρηνεύεται,
833 2068 955 2121 οὐδὲ
994 2067 1217 2121 πώποτε
1249 2066 1464 2140 ἐχθροῖς
1496 2068 1808 2140 ὑποχείριον
1834 2068 2017 2137 γιγνό-

426 2162 686 2233 μενον.ὐ
719 2161 783 2230 δὴ
812 2160 1067 2231 σημαίνει
1090 2159 1263 2227 λέγων
1283 2176 1296 2187 ·
1345 2158 1632 2225 Γνωστὸς
1665 2160 1737 2212 ἐν
1764 2157 1840 2227 τῇ
1873 2160 2014 2213 Ἰου-

422 2254 565 2321 δαίᾳ
594 2256 627 2309 ό
662 2254 826 2320 Θεὸς,
852 2255 924 2307 ἐν
945 2250 1025 2317 τῷ
1064 2250 1306 2321 Ἰσραὴλ
1324 2250 1479 2322 μέγα
1501 2251 1565 2304 τὸ
1589 2250 1778 2319 ὄνομα
1806 2249 2013 2304 αὐτοῦ.

438 2345 719 2416 Ἐγενήθη
744 2344 951 2415 εἰρήνη
979 2347 1013 2398 ό
1036 2344 1217 2407 τόπος
1240 2343 1429 2397 αὐτοῦ
1453 2342 1638 2397 καὶτὸ
1668 2340 2022 2409 κατοικητή-

422 2453 556 2507 ριον
578 2435 765 2489 αὑτοῦ
792 2434 864 2488 ἐν
884 2416 1058 2487 Σιών,
1084 2428 1198 2486 Εἴθ’
1220 2430 1348 2502 ἑξῆς
1373 2431 1481 2486 τῶν
1504 2430 1713 2503 ἐχθρῶν
1737 2430 1902 2485 αὐτοῦ
1924 2432 2018 2485 καὶ

425 2527 534 2581 τῶν
562 2527 660 2597 τῆς
690 2525 1017 2597 Ἐκκλησίας
1038 2524 1203 2578 αὑτοῦ
1233 2525 1508 2595 πολεμίων
1531 2525 1629 2595 τὴν
1652 2524 1862 2578 πτῶσιν
1889 2540 2019 2594 παρ-

429 2621 643 2692 ίστησιν
689 2614 791 2674 ὦδε
841 2620 1095 2689 φάσκων
1145 2618 1308 2672 Ἐκεῖ
1338 2617 1667 2687 συνέτριψε
1711 2616 1783 2670 τὰ
1832 2615 2025 2685 κράτη-

428 2712 547 2767 τῶν
593 2712 803 2780 τόξων,
837 2712 1031 2765 ὅπλον
1081 2710 1179 2763 καὶ
1206 2710 1516 2779 ῥομφαίαν
1568 2710 1666 2763 καὶ
1715 2710 2017 2779 πόλεμον·

428 2805 524 2860 καὶ
556 2805 746 2859 πάλιν·
800 2803 1250 2873 Ἐταράχθησαν
1275 2802 1501 2867 πάντες
1523 2806 1578 2856 οἰ
1622 2803 1906 2856 ἀσύνετοι
1944 2800 2021 2870 τῇ

429 2896 662 2967 καρδίᾳ.
700 2896 1020 2948 ’Ύπνωσαν
1066 2895 1267 2948 ὕπνον
1297 2892 1514 2959 αὐτῶν,
1553 2894 1653 2946 καὶ
1693 2896 1804 2962 οὺχ
1842 2891 2023 2964 εὗρον

430 2989 613 3045 οὐδὲν
644 2988 867 3053 πάντες
891 2991 946 3042 ol
974 2987 1189 3056 ἄνδρες
1212 2988 1319 3043 τοῦ
1347 2988 1617 3041 πλούτου
1659 2987 1791 3053 ταῖς
1812 2989 2024 3058 χερσὶν

428 3081 648 3139 αὐτῶν.
667 3081 797 3135 Ἀπὸ
825 3077 1375 3149 ἐπιτιμήσεωςίσου,
1403 3082 1434 3131 ό
1465 3077 1610 3143 Θεὸς
1644 3079 1862 3145 Ἰακὼϐ,
1890 3082 2025 3136 ἐνύ-

2110 567 2207 621 lite
2235 568 2415 637 inique
2440 583 2634 638 agere;
2662 576 2709 620 et
2742 566 3166 637 delinquentibus
3194 582 3212 620 :
3242 564 3430 620 Nolite
3455 565 3698 619 exaltare

2110 675 2295 712 cornu.
2333 657 2515 713 Nolite
2541 659 2795 713 extollere
2824 662 2878 712 in
2910 659 3096 725 altum_
3111 674 3275 712 cornu
3305 666 3537 711 vestrum
3557 696 3573 720 ,
3602 672 3700 709 no-

2110 750 2203 805 lite
2239 750 2385 819 loqui
2429 749 2685 804 adversus
2727 750 2897 804 Deum
2940 750 3297 819 iniquitatem.
3328 748 3533 803 Deinde
3568 763 3700 802 vero

2110 859 2175 897 ex
2210 858 2446 911 persona
2476 843 2651 912 ipsius
2683 840 2888 896 Christi
2923 842 3111 897 addit:
3147 840 3260 911 Ego
3291 851 3467 895 autem
3498 855 3702 894 annun-

2113 932 2257 986 tiabo
2304 934 2359 987 in
2401 932 2696 998 swculum,
2747 932 2975 987 cantabo
3020 933 3130 988 Deo
3170 933 3358 989 Jacob.
3409 932 3478 987 Et
3517 933 3699 987 omnia

2112 1041 2314 1078 cornua
2370 1036 2710 1093 peccatorum
2765 1025 3149 1096 confringant,
3208 1034 3257 1079 et
3313 1024 3698 1081 exaltabuntur

2112 1134 2314 1172 cornua
2334 1119 2496 1187 justi.

2804 1340 2805 1343 ’
2861 1336 2951 1391 ιν.

2183 1429 2435 1484 Praesens
2474 1444 2695 1501 quoque
2732 1428 2979 1499 psalmus
3010 1426 3076 1481 In
3128 1428 3343 1499 hymnis
3380 1430 3424 1462 ⁸¹
3457 1429 3697 1499 dicitur;

2116 1523 2248 1594 quin
2291 1522 2456 1577 etiam
2497 1521 2778 1576 canticum
2816 1529 2896 1576 est
2934 1520 2999 1574 ad
3042 1521 3204 1577 ﬁnem
3246 1522 3558 1579 remittens.
3596 1522 3701 1578 De-

2117 1615 2310 1671 scribit
2355 1629 2485 1669 vero
2534 1614 2914 1685 apostolorum
2975 1611 3286 1671 Servatoris
3337 1626 3388 1670 et
3441 1615 3702 1673 Ecclesiae

2115 1710 2293 1780 ipsius
2335 1708 2731 1775 securitatem;
2776 1707 2953 1777 ipsius
2992 1723 3122 1762 vero
3163 1707 3370 1764 Christi
3413 1712 3700 1781 paciﬁcum

2117 1800 2457 1854 mansionem
2494 1806 2548 1852 et
2583 1809 2787 1853 statum
2815 1838 2830 1864 ,
2863 1800 3094 1870 ejusque
3129 1801 3183 1855 in
3219 1798 3461 1856 Iudaeam
3497 1802 3704 1857 adven-

2117 1894 2256 1949 tum.
2316 1890 2625 1961 Narratque
2682 1906 2867 1945 veram
2915 1891 3037 1959 ejus
3097 1892 3412 1958 civitatem,
3464 1902 3518 1949 et
3571 1893 3704 1951 Sion

2116 1992 2359 2038 montem
2382 2022 2397 2048 ,
2433 1983 2556 2051 eius
2586 1998 2777 2038 verum
2814 1982 3153 2038 domicilium
3181 2025 3195 2048 ,
3234 1984 3289 2039 in
3322 2001 3456 2055 pace
3488 2003 3705 2057 semper

2117 2074 2359 2140 versari,
2399 2091 2578 2146 neque
2619 2090 2859 2145 unquam
2892 2074 2947 2128 in
2980 2073 3222 2128 hostium
3263 2076 3530 2133 ditionem
3570 2094 3708 2133 ven-

2119 2174 2303 2222 turum
2333 2181 2479 2223 esse.
2525 2165 2683 2233 Quod
2724 2182 2858 2222 sane
2892 2165 2979 2220 his
3013 2166 3197 2222 verbis
3232 2166 3540 2239 signiﬁcat:
3585 2168 3706 2225 No-

2120 2269 2204 2315 tus
2241 2261 2296 2316 in
2325 2259 2522 2316 Juda’a
2555 2260 2699 2316 Deus
2721 2302 2735 2325 ,
2769 2262 2824 2314 in
2859 2259 3035 2315 Israel
3068 2277 3321 2331 magnum
3350 2278 3537 2317 nomen
3568 2263 3704 2333 ejus.

2120 2351 2326 2408 Factus
2352 2362 2433 2409 est
2461 2369 2568 2424 pax
2596 2354 2743 2407 locus
2776 2355 2891 2423 ejus
2913 2393 2927 2419 ,
2954 2361 3003 2407 et
3032 2353 3294 2408 habitatio
3323 2353 3440 2424 ejus
3468 2356 3523 2409 in
3552 2354 3706 2411 Sion.

2123 2441 2240 2497 Sub
2275 2444 2390 2498 haec
2423 2444 2773 2499 inimicorum
2827 2444 2983 2513 ejus,
3030 2461 3246 2501 necnon
3290 2446 3551 2504 Ecclesiae
3587 2440 3731 2519 ejus

2121 2536 2364 2591 hostium
2394 2538 2611 2591 ruinam
2653 2538 2899 2593 declarat
2932 2538 3018 2593 his
3058 2538 3279 2595 verbis:
3326 2537 3411 2594 Ibi
3449 2542 3709 2613 confregit

2121 2629 2387 2698 potentias
2430 2644 2684 2693 arcuum,
2737 2630 2899 2683 telum
2926 2670 2939 2694 ,
2986 2628 3224 2700 gladium
3269 2640 3321 2685 et
3364 2631 3600 2697 bellum;
3645 2648 3710 2689 ac

2122 2736 2343 2775 rursum
2371 2738 2385 2774 :
2415 2720 2640 2775 Turbati
2666 2733 2790 2775 sunt
2817 2739 2995 2777 omnes
3025 2723 3327 2791 insipientes
3357 2726 3532 2780 corde.
3566 2726 3711 2780 Dor-

2123 2814 2355 2866 mierunt
2396 2830 2643 2867 somnum
2688 2832 2880 2879 suum,
2925 2825 2974 2869 et
3018 2814 3155 2869 nihil
3193 2815 3503 2872 invenerunt
3533 2836 3709 2875 omnes

2123 2905 2223 2959 t'iri
2252 2903 2560 2959 divitiarum
2585 2906 2640 2959 in
2667 2907 2914 2961 manibus
2942 2908 3079 2963 suis.
3108 2910 3188 2964 Ab
3210 2911 3568 2981 increpatione
3594 2920 3707 2977 tua,

2124 2994 2267 3049 Deus
2305 2994 2510 3061 Iacob,
2552 2996 2975 3051 dormitauerunt
3016 3016 3196 3055 omnes
3233 3002 3325 3072 qui
3363 3002 3712 3056 ascenderunt

2125 3104 2304 3159 equos.
2343 3086 2554 3153 Quibus
2586 3089 2884 3159 gloriosum
2913 3088 3226 3149 Servatoris
3255 3094 3548 3148 adventum
3579 3094 3713 3149 sub-

431 3177 669 3241 σταξαν
697 3171 919 3237 πάντες
949 3175 1002 3226 οἰ
1034 3171 1449 3239 ἐπιϐεϐηκότες
1472 3170 1615 3235 τοὺς
1653 3171 1878 3237 ἵππους
1896 3187 1912 3203 ν
1943 3168 2025 3237 οἷς

2125 3179 2248 3249 jicit
2297 3179 2528 3236 dicens:
2586 3180 2664 3234 De
2716 3181 2847 3235 coelo
2895 3183 3138 3237 auditum
3194 3184 3368 3254 fecisti
3411 3186 3709 3257 judicium,

432 3270 791 3327 ὲπισυνάπτει
826 3264 924 3336 τὴν
955 3263 1163 3328 ἔνδοξον
1190 3264 1284 3316 τοῦ
1320 3263 1572 3334 Σωτῆρος
1602 3260 1905 3335 παρουσίαν
1935 3266 2023 3320 λέ-

430 3381 542 3434 γων
561 3380 575 3396 ’
622 3363 717 3415 Ἐκ
748 3359 853 3413 τοῦ
879 3357 1137 3425 οὐρανοῦ
1167 3357 1501 3425 ἠκούτισας
1532 3356 1756 3425 κρίσιν,
1783 3357 1862 3427 τῆ
1883 3358 2024 3427 ἐφο-

2131 3280 2274 3327 terra
2304 3274 2518 3328 tremuit
2547 3282 2595 3328 et
2628 3274 2856 3345 quievit,
2889 3291 3008 3328 cum
3039 3288 3344 3348 exsurgeret
3370 3279 3426 3332 in
3448 3278 3713 3348 judicium

2130 3362 2274 3419 Deus
2296 3405 2311 3429 ,
2342 3374 2403 3418 ut
2433 3364 2608 3419 salvos
2639 3365 2839 3435 faceret
2866 3383 3045 3421 omnes
3075 3384 3221 3439 reges
3254 3376 3429 3423 terrm.

433 3459 583 3528 δήθη
617 3455 715 3510 καὶ
743 3454 1065 3524 ἡσύχασεν
1090 3451 1160 3506 ἐν
1190 3450 1272 3517 τῷ
1298 3449 1675 3519 καταστῆναι
1728 3454 1816 3519 εἰς
1852 3454 2056 3523 κρίσιν
2092 3458 2199 3513 τὸν
2239 3460 2415 3528 Θεὸν,
2441 3461 2551 3516 τοῦ
2586 3459 2784 3517 σῶσαι
2817 3462 3049 3529 πάντας
3075 3462 3220 3528 τοὺς
3277 3463 3563 3528 βασιλεῖς
3604 3458 3715 3529 τῆς

433 3554 566 3626 7‘7":-

1187 3670 1263 3723 E'.

506 3769 617 3823 Καὶ
640 3768 670 3820 ὁ
706 3764 843 3829 μετὰ
867 3766 1054 3836 χεῖρας
1087 3761 1181 3816 τοῦ
1212 3762 1310 3833 μὲν
1350 3761 1524 3831 Ἀσὰφ
1569 3763 1848 3834 τυγχάνει,
1886 3766 2018 3819 ὑπο-

436 3858 635 3931 γράφει
665 3857 742 3923 δὲ,
768 3856 948 3924 ’Υπὲρ
980 3853 1259 3922 Ἰδιθούμ⁹
1296 3854 1424 3925 περὶ
1464 3848 1524 3909 οὗ
1560 3855 2020 3929 προδιειλήφαμεν

434 3953 523 4008 διὰ
544 3953 652 4005 τῶν
675 3948 1230 4022 ἕμπροσθεν.Ἔοικεν
1258 3946 1317 3999 δὲ
1346 3948 1487 4018 ὑπὲρ
1510 3948 1605 4000 τοῦ
1640 3949 1872 4018 Ἰδιθοὺμ
1900 3968 2023 4004 συν-

437 4046 651 4101 τάττειν
681 4044 804 4107 τοὺς
839 4042 1050 4110 λόγους,
1081 4038 1252 4093 πολλὰ
1287 4039 1364 4102 ὡς
1405 4040 1630 4104 εἰκότως
1663 4042 1748 4112 ἐφ’
1775 4038 1857 4106 οἷς
1888 4044 2024 4114 ἀκή-

438 4153 562 4190 κοεν
586 4152 651 4187 πε
662 4136 714 4205 ρὶ
740 4131 834 4185 τοῦ
861 4127 991 4183 λαοῦ
1023 4129 1536 4197 καταστενάζοντος,
1569 4130 2024 4203 λειποθυμοῦντός

438 4246 499 4281 τε
526 4228 627 4299 ἤδη
657 4227 749 4279 κςιύ⁹
782 4222 976 4296 μικροῦ
1018 4222 1127 4275 δεῖν
1176 4222 1270 4275 καὶ
1316 4222 1505 4275 ἑαυτὸν
1556 4223 2024 4292 ἁπογινὼσκοντος

438 4320 527 4373 διὰ
570 4317 669 4381 τὰς
721 4315 814 4369 τοῦ
847 4313 977 4367 λαοῦ
1010 4313 1355 4383 παρανομίας
1400 4314 1495 4365 καὶ
1536 4314 1605 4366 τὰ
1637 4314 2027 4386 συμϐησόμενα

439 4414 505 4466 δι’
529 4410 699 4472 αὐτὰς
745 4407 824 4477 τῷ
859 4407 1020 4459 παντὶ
1064 4405 1223 4459 ἔθνει.
1258 4405 1335 4457 Δι’
1366 4405 1393 4457 ὃ
1426 4406 1483 4459 ὲν
1512 4405 1652 4477 ἀρχῇ
1701 4407 1799 4477 μὲν
1843 4406 1919 4468 ὡς
1965 4408 2029 4459 ἐκ

442 4501 736 4575 προσώπου
783 4499 947 4554 αὐτοῦ
996 4497 1178 4567 τίθησι
1220 4496 1300 4560 τὸ,
1334 4496 1510 4564 Φωνῇ
1560 4516 1680 4566 μου
1729 4498 1879 4567 πρὸς
1922 4499 2030 4551 τὸν

446 4558 594 4651 Θεὸν
636 4593 950 4664 ἐκέκραξα,
990 4558 1161 4662 φωνῇ
1206 4558 1326 4660 μου
1379 4558 1529 4659 πρός
1560 4558 1683 4645 ,τὸν
1732 4558 1899 4659 έεὸν,
1934 4592 2033 4646 καὶ
2062 4558 2107 4613 D

444 4687 754 4760 προσέσχε
788 4703 916 4755 μοι·
952 4681 1048 4738 εἷθ’
1082 4684 1211 4753 ἑξῆς
1242 4682 1341 4754 τὴν
1388 4684 1690 4755 γενομένην
1717 4684 1867 4756 αὐτῷ
1899 4684 2034 4739 ἁθυ.

448 4784 580 4855 μίαν
614 4780 897 4849 ὑποφαίνει
927 4778 1099 4848 λέγων
1118 4796 1131 4808 ·
1178 4775 1546 4844 Ἀπηνήνατο
1575 4777 2035 4846 παρακληθῆναι

447 4874 486 4943 ἡ
520 4872 692 4944 ψυχή
741 4890 881 4941 μου,
912 4869 1297 4939 ἡδολέσχησε
1337 4870 1433 4923 καί
1485 4871 1913 4939 ὠλιγοψύχησε
1969 4870 2035 4924 τὸ

448 4966 685 5036 πνεῦμά
712 4962 1240 5035 μου.Ἐταράχθην
1285 4964 1386 5016 καί
1432 4964 1544 5017 οὐκ
1591 4962 1892 5031 ἐλάλησα.
1927 4963 2036 5016 Καὶ

451 5060 694 5127 ἐπιλέγει
717 5077 730 5089 ⁸
763 5060 1010 5126 Νύκτωρ
1043 5059 1194 5125 μετὰ
1242 5055 1352 5125 τῆς
1395 5055 1643 5125 καρδίας
1668 5073 1787 5125 μου
1824 5054 2037 5122 Mone.-

451 5168 650 5223 σχουν
674 5150 771 5205 καὶ
792 5151 1105 5205 ἕσκαλλον
1138 5147 1203 5201 τὸ
1243 5146 1480 5217 πνεῦμά
1496 5145 1747 5216 μου.Μὴ
1779 5148 1866 5209 εἰς
1894 5145 2038 5211 τοὺς

450 5244 671 5309 αἰῶνας
704 5242 1004 5297 ἀπώσεται
1032 5241 1267 5311 Κύριος,
1311 5240 1408 5294 καὶ
1441 5242 1513 5294 οὺ
1554 5238 1889 5309 προσθήσει
1930 5239 2038 5294 τοῦ

450 5332 778 5402 εὐδοκῆσαι
805 5335 889 5388 ἔτι
906 5348 926 5396 ;
958 5332 997 5401 ἢ
1031 5334 1119 5398 εἰς
1146 5330 1321 5395 τέλος
1366 5330 1433 5384 τὸ
1464 5331 1636 5396 ἕλεος
1663 5331 1849 5385 αὐτοῦ
1892 5331 2039 5385 ἀπο-

452 5425 669 5494 κρύψει
698 5421 816 5477 ἀπὸ
844 5419 1052 5493 γενεᾶς
1076 5423 1162 5487 εἰς
1194 5420 1406 5492 γενεάν
1422 5437 1441 5485 ;
1470 5421 1508 5489 ἢ
1549 5420 1906 5489 ἐπιλήσεται
1930 5420 2037 5474 τοῦ

453 5514 815 5584 οᾱτειρῆσαι
841 5517 873 5568 ό
904 5514 1067 5579 Θεὸς,
1093 5512 1132 5581 ἣ
1158 5512 1403 5577 συνέξει
1447 5513 1518 5566 ἐν
1556 5510 1630 5580 τῇ
1676 5509 1823 5581 ὀργῇ
1850 5509 2038 5565 αὐτοῦ

454 5608 598 5673 τοὺς
645 5605 980 5676 οἰκτιρμοὺς
1036 5605 1253 5668 quem};
1297 5603 1460 5657 Ταῦτ’
1488 5599 1558 5675 ἦν
1606 5604 1676 5657 τὰ
1721 5602 2039 5675 λυπήσαντα

456 5700 555 5769 τὴν
588 5698 682 5754 τοῦ
715 5697 949 5769 Ἰδιθοὺμ
974 5696 1168 5770 ψυχήν.
1201 5697 1278 5751 Δι’
1302 5695 1332 5749 ὅ
1362 5695 1542 5759 καλῶς
1568 5696 2035 5769 ὠλιγοψυχηκέναι

533 5864 576 5895 ⁸⁸
606 5858 751 5918 Psat.
778 5877 940 5929 Lxxv,
973 5860 1021 5919 ἰ,
1097 5862 1141 5892 ³²
1174 5858 1317 5916 Psal.
1358 5871 1546 5926 Lxxvr,
1586 5856 1633 5911 t.

2196 3764 2297 3820 Hic
2322 3765 2452 3821 item
2477 3766 2720 3836 psalmus
2743 3766 2947 3837 Asaphi
2976 3776 3058 3821 est
3087 3786 3100 3821 :
3134 3766 3333 3823 titulus
3364 3776 3548 3823 autem
3584 3769 3707 3838 ejus

2125 3861 2237 3921 est,
2274 3853 2378 3909 Pro
2407 3854 2647 3909 Iditltum
2674 3856 2719 3887 ⁸²
2748 3872 2762 3921 ;
2794 3856 2861 3910 de
2877 3870 2988 3926 quo
3011 3856 3123 3925 jam
3152 3858 3428 3928 superius.
3461 3856 3711 3914 Videtur-

2129 3961 2236 4015 que
2270 3960 2579 4001 sermonem
2611 3957 2793 4001 texere
2827 3961 2928 4015 pro
2959 3944 3196 4001 lditbum
3220 3987 3235 4013 ,
3263 3948 3357 4019 qui
3391 3949 3582 4003 audito
3615 3967 3714 4022 po-

2130 4037 2245 4108 puli
2291 4044 2477 4101 statu,
2528 4039 2797 4102 multum,
2845 4047 2906 4093 ut
2952 4053 3052 4108 par
3095 4048 3249 4105 erat,
3284 4040 3710 4111 ingemiscebat,

2127 4127 2352 4198 jamque
2380 4128 2564 4182 animo
2592 4127 2883 4184 deﬁciebat
2902 4168 2916 4193 ,
2951 4136 3118 4199 atque
3146 4130 3219 4184 ob
3248 4130 3433 4199 pepuli
3467 4131 3676 4187 scelera
3696 4173 3711 4195 ,

2130 4234 2197 4273 ac
2238 4218 2451 4274 futuras
2495 4219 2617 4274 ideo
2657 4221 2929 4276 universae
2973 4221 3121 4292 genti
3164 4220 3539 4288 calamitates,
3578 4239 3716 4293 pene

2133 4310 2479 4380 desperabat.
2526 4309 2707 4376 Quare
2752 4312 2807 4365 in
2850 4312 3121 4383 principio
3152 4313 3408 4383 quidem,
3447 4316 3611 4385 quasi
3645 4331 3716 4375 ex

2134 4418 2369 4474 persona
2401 4403 2576 4474 ipsius
2610 4402 2690 4458 sic
2722 4403 2887 4459 habet
2914 4425 2925 4458 :
2967 4403 3102 4458 Voce
3131 4422 3248 4459 mea
3292 4406 3360 4459 ad
3400 4406 3567 4471 Deum
3600 4408 3716 4461 cla-

2136 4495 2275 4548 movi
2302 4534 2315 4560 ,
2348 4511 2470 4549 voce
2501 4511 2618 4548 mea
2648 4495 2716 4548 ad
2753 4495 2920 4549 Deum
2946 4538 2961 4563 ,
2991 4507 3041 4551 et
3077 4499 3299 4552 intendit
3330 4498 3479 4553 mihi.
3513 4498 3719 4557 Deinde

2136 4602 2265 4641 vero
2298 4602 2457 4641 suum
2492 4588 2662 4641 animi
2695 4589 2994 4658 deliquium
3028 4591 3340 4646 subindicat
3370 4590 3456 4646 his
3488 4591 3671 4646 verbis
3698 4610 3712 4651 :

2136 4678 2327 4732 Renuit
2381 4681 2650 4734 consolari
2704 4682 2887 4734 anima
2934 4698 3090 4747 mea,
3139 4683 3462 4736 exercitatus
3510 4691 3622 4746 est,
3667 4691 3718 4738 et

2136 4773 2325 4841 defecit
2358 4774 2579 4841 spiritus
2615 4790 2780 4827 meus.
2816 4773 3083 4828 Turbatus
3115 4791 3233 4829 sum
3264 4784 3315 4829 et
3345 4792 3447 4828 non
3476 4790 3593 4828 sum
3636 4773 3719 4830 lo~

2137 4872 2313 4917 cutus.
2354 4861 2454 4918 His
2497 4864 2823 4935 snbjungit:
2864 4864 3034 4919 Nocte
3070 4882 3189 4918 cum
3225 4866 3382 4920 corde
3419 4883 3531 4921 meo
3568 4882 3718 4921 exer-

2138 4955 2345 5009 citabar
2391 4965 2441 5009 et
2494 4956 2767 5024 scopebam
2816 4957 3063 5025 spiritum
3112 4974 3303 5012 meum.
3356 4955 3613 5028 Nunquid
3660 4959 3718 5012 in

2138 5060 2396 5102 wternum
2449 5049 2690 5119 projiciet
2748 5048 3043 5115 Dominus,
3094 5066 3187 5103 au.
3232 5067 3335 5106 non
3387 5060 3608 5118 apponet
3658 5062 3717 5109 tu

2138 5140 2503 5207 complacitior
2531 5141 2601 5193 sit
2631 5140 2804 5194 adhuc
2826 5181 2841 5206 ,
2874 5150 2967 5194 aut
3005 5144 3059 5196 in
3099 5143 3255 5210 ﬁnem
3296 5142 3714 5200 misericordiam

2138 5248 2292 5284 suam
2323 5230 2605 5286 abscondet
2635 5249 2667 5285 a
2696 5234 3033 5307 generatione
3069 5235 3122 5287 in
3163 5237 3557 5305 generationem
3577 5275 3591 5301 ,
3623 5245 3718 5295 aut

2140 5326 2477 5381 obliviscetur
2505 5326 2743 5381 misereri
2772 5326 2913 5380 Deus
2936 5366 2952 5390 ,
2987 5334 3079 5380 aut
3111 5326 3399 5383 continebit
3421 5329 3475 5382 in
3503 5330 3589 5382 ira
3616 5345 3719 5386 sua

2141 5417 2535 5473 misericordias
2575 5421 2754 5474 suas!
2786 5417 2913 5473 Haec
2944 5426 3101 5479 erant
3139 5435 3261 5490 qua:
3300 5419 3559 5475 ldithumi
3599 5422 3720 5477 ani-v

2140 5530 2285 5569 mam
2319 5514 2647 5585 aﬁligebant.
2690 5512 2872 5581 Quare
2904 5530 2963 5569 se
2994 5515 3179 5570 animo
3207 5515 3477 5572 defecisse
3510 5516 3718 5573 fateba-

2139 5613 2250 5661 trr.
2302 5605 2408 5661 Sed
2463 5602 2704 5675 Spiritus
2746 5612 2973 5661 sanctus
3015 5620 3114 5675 per
3154 5605 3475 5677 prophetam
3529 5605 3719 5675 Asaph

2139 5696 2260 5767 ejus
2307 5696 2482 5753 dolori
2533 5693 2732 5753 deinde
2782 5693 3055 5761 medetur,
3092 5696 3220 5752 dum
3256 5697 3367 5751 ait:
3406 5696 3537 5764 Quis
3572 5696 3714 5756 Deus
