  <div class='ocr_page' id='page_1' title='image "/cluster/home/n/w/nwhite01/storage/ocr_20150623/23/nnc1.0046978313/439.png"; bbox 0 0 4128 6392; ppageno 0'>
   <div class='ocr_carea' id='block_1_1' title="bbox 412 338 568 397">
    <p class='ocr_par' dir='ltr' id='par_1_1' title="bbox 412 338 568 397">
     <span class='ocr_line' id='line_1_1' title="bbox 412 338 568 397; baseline -0.026 0"><span class='ocrx_word' id='word_1_1' title='bbox 412 396 415 397; x_wconf 30' lang='grc' dir='ltr'><strong><em>ν</em></strong></span> <span class='ocrx_word' id='word_1_2' title='bbox 461 338 568 395; x_wconf 70' lang='lat'><strong><em>837</em></strong></span> 
     </span>
    </p>
   </div>
   <div class='ocr_carea' id='block_1_2' title="bbox 1136 337 3029 435">
    <p class='ocr_par' dir='ltr' id='par_1_2' title="bbox 1136 337 3029 435">
     <span class='ocr_line' id='line_1_2' title="bbox 1136 337 3029 435; baseline 0.003 -40"><span class='ocrx_word' id='word_1_3' title='bbox 1136 337 1440 435; x_wconf 50' lang='lat' dir='ltr'><strong><em>.EUSEBII</em></strong></span> <span class='ocrx_word' id='word_1_4' title='bbox 1473 340 1950 402; x_wconf 72' lang='lat' dir='ltr'><strong><em>CASSARIENSIS</em></strong></span> <span class='ocrx_word' id='word_1_5' title='bbox 1989 344 2139 405; x_wconf 85' lang='lat' dir='ltr'><strong><em>OPP.</em></strong></span> <span class='ocrx_word' id='word_1_6' title='bbox 2183 345 2363 402; x_wconf 78' lang='lat' dir='ltr'><strong><em>PARS</em></strong></span> <span class='ocrx_word' id='word_1_7' title='bbox 2398 344 2578 401; x_wconf 90' lang='lat' dir='ltr'><strong><em>Ill.-</em></strong></span> <span class='ocrx_word' id='word_1_8' title='bbox 2613 344 3029 404; x_wconf 76' lang='lat' dir='ltr'><strong><em>EXEGETICA.</em></strong></span> 
     </span>
    </p>
   </div>
   <div class='ocr_carea' id='block_1_3' title="bbox 3624 347 3729 405">
    <p class='ocr_par' dir='ltr' id='par_1_3' title="bbox 3624 347 3729 405">
     <span class='ocr_line' id='line_1_3' title="bbox 3624 347 3729 405; baseline 0.01 -1"><span class='ocrx_word' id='word_1_9' title='bbox 3624 347 3729 405; x_wconf 77' lang='lat'><strong><em>8‘28</em></strong></span> 
     </span>
    </p>
   </div>
   <div class='ocr_carea' id='block_1_4' title="bbox 461 428 2043 540">
    <p class='ocr_par' dir='ltr' id='par_1_4' title="bbox 461 428 2041 533">
     <span class='ocr_line' id='line_1_4' title="bbox 461 428 2041 533; baseline 0.003 -19"><span class='ocrx_word' id='word_1_10' title='bbox 461 476 692 530; x_wconf 82' lang='lat' dir='ltr'><strong><em>magnus</em></strong></span> <span class='ocrx_word' id='word_1_11' title='bbox 735 460 873 515; x_wconf 85' lang='lat' dir='ltr'><strong><em>sicut</em></strong></span> <span class='ocrx_word' id='word_1_12' title='bbox 918 428 1060 515; x_wconf 93' lang='lat' dir='ltr'><strong><em>Deus</em></strong></span> <span class='ocrx_word' id='word_1_13' title='bbox 1093 428 1319 517; x_wconf 76' lang='lat' dir='ltr'><strong><em>noster?</em></strong></span> <span class='ocrx_word' id='word_1_14' title='bbox 1344 461 1421 516; x_wconf 87' lang='lat' dir='ltr'><strong><em>Tu</em></strong></span> <span class='ocrx_word' id='word_1_15' title='bbox 1466 479 1521 517; x_wconf 87' lang='lat' dir='ltr'><strong><em>es</em></strong></span> <span class='ocrx_word' id='word_1_16' title='bbox 1569 461 1714 517; x_wconf 90' lang='lat' dir='ltr'><strong><em>Deus</em></strong></span> <span class='ocrx_word' id='word_1_17' title='bbox 1759 464 1847 532; x_wconf 97' lang='lat' dir='ltr'><strong><em>qui</em></strong></span> <span class='ocrx_word' id='word_1_18' title='bbox 1901 465 2041 533; x_wconf 80' lang='lat' dir='ltr'><strong><em>facis</em></strong></span> 
     </span>
    </p>
   </div>
   <div class='ocr_carea' id='block_1_5' title="bbox 2146 428 3729 540">
    <p class='ocr_par' dir='ltr' id='par_1_5' title="bbox 2146 462 3729 539">
     <span class='ocr_line' id='line_1_5' title="bbox 2146 462 3729 539; baseline 0.001 -19"><span class='ocrx_word' id='word_1_19' title='bbox 2146 466 2430 538; x_wconf 80' lang='grc' dir='ltr'>ὡμολόγει.</span> <span class='ocrx_word' id='word_1_20' title='bbox 2449 467 2610 520; x_wconf 82' lang='grc' dir='ltr'>Ἀλλά</span> <span class='ocrx_word' id='word_1_21' title='bbox 2640 466 2701 520; x_wconf 82' lang='grc' dir='ltr'>τὸ</span> <span class='ocrx_word' id='word_1_22' title='bbox 2735 466 2876 520; x_wconf 86' lang='grc' dir='ltr'>θεῖον</span> <span class='ocrx_word' id='word_1_23' title='bbox 2912 462 3140 538; x_wconf 80' lang='grc' dir='ltr'><strong><em>Πνεῦμα</em></strong></span> <span class='ocrx_word' id='word_1_24' title='bbox 3179 464 3267 520; x_wconf 86' lang='grc' dir='ltr'><strong><em>διά</em></strong></span> <span class='ocrx_word' id='word_1_25' title='bbox 3316 462 3411 521; x_wconf 77' lang='grc' dir='ltr'>τοῦ</span> <span class='ocrx_word' id='word_1_26' title='bbox 3449 468 3729 539; x_wconf 76' lang='grc' dir='ltr'><strong><em>προφήτου</em></strong></span> 
     </span>
    </p>
   </div>
   <div class='ocr_carea' id='block_1_6' title="bbox 459 549 2033 623">
    <p class='ocr_par' dir='ltr' id='par_1_6' title="bbox 459 549 2033 623">
     <span class='ocr_line' id='line_1_6' title="bbox 459 549 2033 623; baseline 0.003 -16"><span class='ocrx_word' id='word_1_27' title='bbox 459 551 754 607; x_wconf 75' lang='lat' dir='ltr'><strong><em>mirabilia.</em></strong></span> <span class='ocrx_word' id='word_1_28' title='bbox 794 549 997 606; x_wconf 85' lang='lat' dir='ltr'><strong><em>Notam</em></strong></span> <span class='ocrx_word' id='word_1_29' title='bbox 1029 551 1206 621; x_wconf 73' lang='lat' dir='ltr'><strong><em>fecisti</em></strong></span> <span class='ocrx_word' id='word_1_30' title='bbox 1239 554 1294 607; x_wconf 90' lang='lat' dir='ltr'><strong><em>in</em></strong></span> <span class='ocrx_word' id='word_1_31' title='bbox 1323 554 1532 623; x_wconf 87' lang='lat' dir='ltr'><strong><em>populis</em></strong></span> <span class='ocrx_word' id='word_1_32' title='bbox 1568 555 1815 610; x_wconf 81' lang='lat' dir='ltr'><strong><em>virtutem</em></strong></span> <span class='ocrx_word' id='word_1_33' title='bbox 1849 565 1997 611; x_wconf 88' lang='lat' dir='ltr'><strong><em>tuam</em></strong></span> <span class='ocrx_word' id='word_1_34' title='bbox 2018 597 2033 622; x_wconf 97' lang='lat'><strong><em>,</em></strong></span> 
     </span>
    </p>
   </div>
   <div class='ocr_carea' id='block_1_7' title="bbox 458 643 2037 717">
    <p class='ocr_par' dir='ltr' id='par_1_7' title="bbox 458 643 2037 717">
     <span class='ocr_line' id='line_1_7' title="bbox 458 643 2037 717; baseline 0.002 -18"><span class='ocrx_word' id='word_1_35' title='bbox 458 644 732 705; x_wconf 76' lang='lat' dir='ltr'><strong><em>redemisti</em></strong></span> <span class='ocrx_word' id='word_1_36' title='bbox 775 645 831 697; x_wconf 84' lang='lat' dir='ltr'><strong><em>in</em></strong></span> <span class='ocrx_word' id='word_1_37' title='bbox 861 643 1076 698; x_wconf 81' lang='lat' dir='ltr'><strong><em>brachio</em></strong></span> <span class='ocrx_word' id='word_1_38' title='bbox 1108 655 1197 699; x_wconf 89' lang='lat' dir='ltr'><strong><em>tuo</em></strong></span> <span class='ocrx_word' id='word_1_39' title='bbox 1228 646 1481 715; x_wconf 80' lang='lat' dir='ltr'><strong><em>populum</em></strong></span> <span class='ocrx_word' id='word_1_40' title='bbox 1529 654 1713 711; x_wconf 86' lang='lat' dir='ltr'><strong><em>tuum,</em></strong></span> <span class='ocrx_word' id='word_1_41' title='bbox 1760 648 1902 717; x_wconf 80' lang='lat' dir='ltr'><strong><em>ﬁlios</em></strong></span> <span class='ocrx_word' id='word_1_42' title='bbox 1934 648 2037 702; x_wconf 84' lang='lat' dir='ltr'><strong><em>Ja-</em></strong></span> 
     </span>
    </p>
   </div>
   <div class='ocr_carea' id='block_1_8' title="bbox 459 738 2037 812">
    <p class='ocr_par' dir='ltr' id='par_1_8' title="bbox 459 738 2037 812">
     <span class='ocr_line' id='line_1_8' title="bbox 459 738 2037 812; baseline 0.003 -21"><span class='ocrx_word' id='word_1_43' title='bbox 459 740 554 792; x_wconf 90' lang='lat' dir='ltr'><strong><em>cob</em></strong></span> <span class='ocrx_word' id='word_1_44' title='bbox 599 748 649 792; x_wconf 87' lang='lat' dir='ltr'><strong><em>et</em></strong></span> <span class='ocrx_word' id='word_1_45' title='bbox 698 738 936 807; x_wconf 72' lang='lat' dir='ltr'><strong><em>Ioseph;</em></strong></span> <span class='ocrx_word' id='word_1_46' title='bbox 992 755 1058 794; x_wconf 85' lang='lat' dir='ltr'><strong><em>ac</em></strong></span> <span class='ocrx_word' id='word_1_47' title='bbox 1119 756 1383 796; x_wconf 86' lang='lat' dir='ltr'><strong><em>rursum:</em></strong></span> <span class='ocrx_word' id='word_1_48' title='bbox 1431 739 1689 794; x_wconf 74' lang='lat' dir='ltr'><strong><em>Viderunt</em></strong></span> <span class='ocrx_word' id='word_1_49' title='bbox 1742 751 1790 795; x_wconf 89' lang='lat' dir='ltr'><strong><em>te</em></strong></span> <span class='ocrx_word' id='word_1_50' title='bbox 1852 757 2037 812; x_wconf 69' lang='lat' dir='ltr'><strong><em>aquae,</em></strong></span> 
     </span>
    </p>
   </div>
   <div class='ocr_carea' id='block_1_9' title="bbox 458 830 2041 903">
    <p class='ocr_par' dir='ltr' id='par_1_9' title="bbox 458 830 2041 903">
     <span class='ocr_line' id='line_1_9' title="bbox 458 830 2041 903; baseline 0.002 -19"><span class='ocrx_word' id='word_1_51' title='bbox 458 830 600 885; x_wconf 86' lang='lat' dir='ltr'><strong><em>Deus</em></strong></span> <span class='ocrx_word' id='word_1_52' title='bbox 622 871 637 894; x_wconf 95' lang='lat'><strong><em>,</em></strong></span> <span class='ocrx_word' id='word_1_53' title='bbox 670 831 911 885; x_wconf 79' lang='lat' dir='ltr'><strong><em>viderunt</em></strong></span> <span class='ocrx_word' id='word_1_54' title='bbox 941 841 990 887; x_wconf 87' lang='lat' dir='ltr'><strong><em>te</em></strong></span> <span class='ocrx_word' id='word_1_55' title='bbox 1020 849 1204 903; x_wconf 74' lang='lat' dir='ltr'><strong><em>aquaz,</em></strong></span> <span class='ocrx_word' id='word_1_56' title='bbox 1232 842 1281 887; x_wconf 85' lang='lat' dir='ltr'><strong><em>et</em></strong></span> <span class='ocrx_word' id='word_1_57' title='bbox 1309 834 1599 888; x_wconf 81' lang='lat' dir='ltr'><strong><em>timuerunt</em></strong></span> <span class='ocrx_word' id='word_1_58' title='bbox 1621 874 1635 898; x_wconf 91' lang='lat'><strong><em>,</em></strong></span> <span class='ocrx_word' id='word_1_59' title='bbox 1661 837 1887 888; x_wconf 72' lang='lat' dir='ltr'><strong><em>turbata:</em></strong></span> <span class='ocrx_word' id='word_1_60' title='bbox 1916 843 2041 889; x_wconf 83' lang='lat' dir='ltr'><strong><em>sunt</em></strong></span> 
     </span>
    </p>
   </div>
   <div class='ocr_carea' id='block_1_10' title="bbox 458 922 2038 997">
    <p class='ocr_par' dir='ltr' id='par_1_10' title="bbox 458 922 2038 997">
     <span class='ocr_line' id='line_1_10' title="bbox 458 922 2038 997; baseline 0.004 -23"><span class='ocrx_word' id='word_1_61' title='bbox 458 922 680 992; x_wconf 82' lang='lat' dir='ltr'><strong><em>abyssi:</em></strong></span> <span class='ocrx_word' id='word_1_62' title='bbox 730 923 1019 978; x_wconf 85' lang='lat' dir='ltr'><strong><em>multitudo</em></strong></span> <span class='ocrx_word' id='word_1_63' title='bbox 1055 926 1262 978; x_wconf 86' lang='lat' dir='ltr'><strong><em>sonitus</em></strong></span> <span class='ocrx_word' id='word_1_64' title='bbox 1294 941 1596 995; x_wconf 88' lang='lat' dir='ltr'><strong><em>aquarum:</em></strong></span> <span class='ocrx_word' id='word_1_65' title='bbox 1629 940 1694 997; x_wconf 84' lang='lat' dir='ltr'><strong><em>ac</em></strong></span> <span class='ocrx_word' id='word_1_66' title='bbox 1729 940 2038 981; x_wconf 85' lang='lat' dir='ltr'><strong><em>sermonem</em></strong></span> 
     </span>
    </p>
   </div>
   <div class='ocr_carea' id='block_1_11' title="bbox 454 1012 2040 1088">
    <p class='ocr_par' dir='ltr' id='par_1_11' title="bbox 454 1012 2040 1088">
     <span class='ocr_line' id='line_1_11' title="bbox 454 1012 2040 1088; baseline 0.003 -21"><span class='ocrx_word' id='word_1_67' title='bbox 454 1012 544 1069; x_wconf 87' lang='lat' dir='ltr'><strong><em>his</em></strong></span> <span class='ocrx_word' id='word_1_68' title='bbox 573 1015 867 1085; x_wconf 77' lang='lat' dir='ltr'><strong><em>obsignat:</em></strong></span> <span class='ocrx_word' id='word_1_69' title='bbox 913 1015 1196 1070; x_wconf 76' lang='lat' dir='ltr'><strong><em>Deduxisti</em></strong></span> <span class='ocrx_word' id='word_1_70' title='bbox 1243 1019 1381 1071; x_wconf 88' lang='lat' dir='ltr'><strong><em>sicut</em></strong></span> <span class='ocrx_word' id='word_1_71' title='bbox 1429 1033 1544 1072; x_wconf 84' lang='lat' dir='ltr'><strong><em>oves</em></strong></span> <span class='ocrx_word' id='word_1_72' title='bbox 1588 1017 1841 1088; x_wconf 85' lang='lat' dir='ltr'><strong><em>populum</em></strong></span> <span class='ocrx_word' id='word_1_73' title='bbox 1891 1026 2040 1071; x_wconf 88' lang='lat' dir='ltr'><strong><em>tuum</em></strong></span> 
     </span>
    </p>
   </div>
   <div class='ocr_carea' id='block_1_12' title="bbox 455 1105 2041 1177">
    <p class='ocr_par' dir='ltr' id='par_1_12' title="bbox 455 1105 2041 1177">
     <span class='ocr_line' id='line_1_12' title="bbox 455 1105 2041 1177; baseline 0.002 -19"><span class='ocrx_word' id='word_1_74' title='bbox 455 1106 514 1159; x_wconf 84' lang='lat' dir='ltr'><strong><em>in</em></strong></span> <span class='ocrx_word' id='word_1_75' title='bbox 556 1123 719 1160; x_wconf 86' lang='lat' dir='ltr'><strong><em>manu</em></strong></span> <span class='ocrx_word' id='word_1_76' title='bbox 763 1105 939 1177; x_wconf 81' lang='lat' dir='ltr'><strong><em>Moysi</em></strong></span> <span class='ocrx_word' id='word_1_77' title='bbox 982 1116 1034 1162; x_wconf 90' lang='lat' dir='ltr'><strong><em>et</em></strong></span> <span class='ocrx_word' id='word_1_78' title='bbox 1078 1107 1279 1162; x_wconf 84' lang='lat' dir='ltr'><strong><em>Aaron.</em></strong></span> <span class='ocrx_word' id='word_1_79' title='bbox 1327 1107 1454 1163; x_wconf 79' lang='lat' dir='ltr'><strong><em>Haec</em></strong></span> <span class='ocrx_word' id='word_1_80' title='bbox 1494 1109 1812 1163; x_wconf 89' lang='lat' dir='ltr'><strong><em>necessario</em></strong></span> <span class='ocrx_word' id='word_1_81' title='bbox 1857 1107 2041 1176; x_wconf 80' lang='lat' dir='ltr'><strong><em>Asaph</em></strong></span> 
     </span>
    </p>
   </div>
   <div class='ocr_carea' id='block_1_13' title="bbox 456 1196 2038 1266">
    <p class='ocr_par' dir='ltr' id='par_1_13' title="bbox 456 1196 2038 1266">
     <span class='ocr_line' id='line_1_13' title="bbox 456 1196 2038 1266; baseline 0.001 -15"><span class='ocrx_word' id='word_1_82' title='bbox 456 1197 563 1266; x_wconf 83' lang='lat' dir='ltr'><strong><em>ipsi</em></strong></span> <span class='ocrx_word' id='word_1_83' title='bbox 608 1196 846 1252; x_wconf 86' lang='lat' dir='ltr'><strong><em>ldithum</em></strong></span> <span class='ocrx_word' id='word_1_84' title='bbox 871 1200 1354 1263; x_wconf 79' lang='lat' dir='ltr'><strong><em>commemoravit,</em></strong></span> <span class='ocrx_word' id='word_1_85' title='bbox 1392 1208 1451 1253; x_wconf 88' lang='lat' dir='ltr'><strong><em>ut</em></strong></span> <span class='ocrx_word' id='word_1_86' title='bbox 1490 1214 1558 1254; x_wconf 91' lang='lat' dir='ltr'><strong><em>ne</em></strong></span> <span class='ocrx_word' id='word_1_87' title='bbox 1590 1200 1734 1253; x_wconf 89' lang='lat' dir='ltr'><strong><em>ultra</em></strong></span> <span class='ocrx_word' id='word_1_88' title='bbox 1781 1199 1986 1254; x_wconf 86' lang='lat' dir='ltr'><strong><em>diceret</em></strong></span> <span class='ocrx_word' id='word_1_89' title='bbox 2022 1216 2038 1253; x_wconf 84' lang='lat'><strong>;</strong></span> 
     </span>
    </p>
   </div>
   <div class='ocr_carea' id='block_1_14' title="bbox 457 1287 2044 1359">
    <p class='ocr_par' dir='ltr' id='par_1_14' title="bbox 457 1287 2044 1359">
     <span class='ocr_line' id='line_1_14' title="bbox 457 1287 2044 1359; baseline 0 -16"><span class='ocrx_word' id='word_1_90' title='bbox 457 1287 803 1344; x_wconf 74' lang='lat' dir='ltr'><strong><em>Exercitatus</em></strong></span> <span class='ocrx_word' id='word_1_91' title='bbox 842 1303 923 1347; x_wconf 85' lang='lat' dir='ltr'><strong><em>est</em></strong></span> <span class='ocrx_word' id='word_1_92' title='bbox 961 1298 1010 1343; x_wconf 90' lang='lat' dir='ltr'><strong><em>et</em></strong></span> <span class='ocrx_word' id='word_1_93' title='bbox 1031 1289 1223 1359; x_wconf 81' lang='lat' dir='ltr'><strong><em>defecit</em></strong></span> <span class='ocrx_word' id='word_1_94' title='bbox 1266 1292 1485 1359; x_wconf 75' lang='lat' dir='ltr'><strong><em>spiritus</em></strong></span> <span class='ocrx_word' id='word_1_95' title='bbox 1529 1306 1713 1355; x_wconf 87' lang='lat' dir='ltr'><strong><em>meus;</em></strong></span> <span class='ocrx_word' id='word_1_96' title='bbox 1746 1290 1841 1345; x_wconf 90' lang='lat' dir='ltr'><strong><em>sed</em></strong></span> <span class='ocrx_word' id='word_1_97' title='bbox 1877 1289 2044 1343; x_wconf 83' lang='lat' dir='ltr'><strong><em>mira-</em></strong></span> 
     </span>
    </p>
   </div>
   <div class='ocr_carea' id='block_1_15' title="bbox 457 1372 2047 1454">
    <p class='ocr_par' dir='ltr' id='par_1_15' title="bbox 457 1372 2047 1454">
     <span class='ocr_line' id='line_1_15' title="bbox 457 1372 2047 1454; baseline 0 -19"><span class='ocrx_word' id='word_1_98' title='bbox 457 1379 663 1437; x_wconf 85' lang='lat' dir='ltr'><strong><em>bilibus</em></strong></span> <span class='ocrx_word' id='word_1_99' title='bbox 707 1380 805 1437; x_wconf 89' lang='lat' dir='ltr'><strong><em>Dei</em></strong></span> <span class='ocrx_word' id='word_1_100' title='bbox 846 1397 935 1452; x_wconf 78' lang='lat' dir='ltr'><strong><em>pel</em></strong></span> <span class='ocrx_word' id='word_1_101' title='bbox 985 1372 1226 1453; x_wconf 85' lang='lat' dir='ltr'><strong><em>Moysem</em></strong></span> <span class='ocrx_word' id='word_1_102' title='bbox 1273 1383 1402 1436; x_wconf 90' lang='lat' dir='ltr'><strong><em>olim</em></strong></span> <span class='ocrx_word' id='word_1_103' title='bbox 1438 1383 1646 1454; x_wconf 77' lang='lat' dir='ltr'><strong><em>gestis,</em></strong></span> <span class='ocrx_word' id='word_1_104' title='bbox 1683 1382 1841 1453; x_wconf 86' lang='lat' dir='ltr'><strong><em>queis</em></strong></span> <span class='ocrx_word' id='word_1_105' title='bbox 1872 1397 2047 1452; x_wconf 89' lang='lat' dir='ltr'><strong><em>popu-</em></strong></span> 
     </span>
    </p>
   </div>
   <div class='ocr_carea' id='block_1_16' title="bbox 460 1474 2041 1546">
    <p class='ocr_par' dir='ltr' id='par_1_16' title="bbox 460 1474 2041 1546">
     <span class='ocr_line' id='line_1_16' title="bbox 460 1474 2041 1546; baseline 0.002 -18"><span class='ocrx_word' id='word_1_106' title='bbox 460 1474 573 1529; x_wconf 85' lang='lat' dir='ltr'><strong><em>lum</em></strong></span> <span class='ocrx_word' id='word_1_107' title='bbox 604 1488 766 1528; x_wconf 90' lang='lat' dir='ltr'><strong><em>suum</em></strong></span> <span class='ocrx_word' id='word_1_108' title='bbox 790 1474 1041 1537; x_wconf 89' lang='lat' dir='ltr'><strong><em>redemit,</em></strong></span> <span class='ocrx_word' id='word_1_109' title='bbox 1065 1474 1224 1530; x_wconf 86' lang='lat' dir='ltr'><strong><em>ﬁdem</em></strong></span> <span class='ocrx_word' id='word_1_110' title='bbox 1248 1474 1459 1530; x_wconf 84' lang='lat' dir='ltr'><strong><em>habens</em></strong></span> <span class='ocrx_word' id='word_1_111' title='bbox 1488 1491 1588 1546; x_wconf 90' lang='lat' dir='ltr'><strong><em>pro</em></strong></span> <span class='ocrx_word' id='word_1_112' title='bbox 1616 1474 1801 1532; x_wconf 85' lang='lat' dir='ltr'><strong><em>futuro</em></strong></span> <span class='ocrx_word' id='word_1_113' title='bbox 1822 1490 2041 1546; x_wconf 87' lang='lat' dir='ltr'><strong><em>quoque</em></strong></span> 
     </span>
    </p>
   </div>
   <div class='ocr_carea' id='block_1_17' title="bbox 460 1566 1519 1637">
    <p class='ocr_par' dir='ltr' id='par_1_17' title="bbox 460 1566 1519 1637">
     <span class='ocr_line' id='line_1_17' title="bbox 460 1566 1519 1637; baseline 0.004 -17"><span class='ocrx_word' id='word_1_114' title='bbox 460 1573 706 1636; x_wconf 84' lang='lat' dir='ltr'><strong><em>tempore</em></strong></span> <span class='ocrx_word' id='word_1_115' title='bbox 734 1566 934 1621; x_wconf 87' lang='lat' dir='ltr'><strong><em>similia</em></strong></span> <span class='ocrx_word' id='word_1_116' title='bbox 967 1575 1227 1623; x_wconf 85' lang='lat' dir='ltr'><strong><em>eventura</em></strong></span> <span class='ocrx_word' id='word_1_117' title='bbox 1258 1575 1519 1637; x_wconf 82' lang='lat' dir='ltr'><strong><em>speraret.</em></strong></span> 
     </span>
    </p>
   </div>
   <div class='ocr_carea' id='block_1_18' title="bbox 2157 555 3728 632">
    <p class='ocr_par' dir='ltr' id='par_1_18' title="bbox 2157 555 3728 632">
     <span class='ocr_line' id='line_1_18' title="bbox 2157 555 3728 632; baseline 0.001 -20"><span class='ocrx_word' id='word_1_118' title='bbox 2157 559 2328 629; x_wconf 73' lang='grc' dir='ltr'>Ἀσάφ</span> <span class='ocrx_word' id='word_1_119' title='bbox 2369 560 2496 631; x_wconf 77' lang='grc' dir='ltr'>ἑξῆς</span> <span class='ocrx_word' id='word_1_120' title='bbox 2539 559 2607 614; x_wconf 82' lang='grc' dir='ltr'>τὰ</span> <span class='ocrx_word' id='word_1_121' title='bbox 2646 560 2866 632; x_wconf 78' lang='grc' dir='ltr'>λυπηρὰ</span> <span class='ocrx_word' id='word_1_122' title='bbox 2912 559 3204 632; x_wconf 81' lang='grc' dir='ltr'>θεραπεύει</span> <span class='ocrx_word' id='word_1_123' title='bbox 3235 561 3292 612; x_wconf 84' lang='grc' dir='ltr'>ὲν</span> <span class='ocrx_word' id='word_1_124' title='bbox 3320 555 3401 624; x_wconf 75' lang='grc' dir='ltr'><strong><em>οἷς</em></strong></span> <span class='ocrx_word' id='word_1_125' title='bbox 3431 577 3594 631; x_wconf 87' lang='grc' dir='ltr'>φησι·</span> <span class='ocrx_word' id='word_1_126' title='bbox 3633 561 3728 628; x_wconf 74' lang='grc' dir='ltr'>Τίς</span> 
     </span>
    </p>
   </div>
   <div class='ocr_carea' id='block_1_19' title="bbox 2147 647 3727 721">
    <p class='ocr_par' dir='ltr' id='par_1_19' title="bbox 2147 647 3727 721">
     <span class='ocr_line' id='line_1_19' title="bbox 2147 647 3727 721; baseline 0.001 -18"><span class='ocrx_word' id='word_1_127' title='bbox 2147 650 2491 720; x_wconf 73' lang='grc' dir='ltr'>Θεὸς-μέγας</span> <span class='ocrx_word' id='word_1_128' title='bbox 2519 651 2600 717; x_wconf 87' lang='grc' dir='ltr'>ὡς</span> <span class='ocrx_word' id='word_1_129' title='bbox 2626 654 2659 704; x_wconf 84' lang='grc' dir='ltr'><strong><em>ό</em></strong></span> <span class='ocrx_word' id='word_1_130' title='bbox 2678 653 2822 716; x_wconf 81' lang='grc' dir='ltr'>Θεὸς</span> <span class='ocrx_word' id='word_1_131' title='bbox 2845 648 3046 721; x_wconf 85' lang='grc' dir='ltr'>ήμῶν;</span> <span class='ocrx_word' id='word_1_132' title='bbox 3064 650 3146 704; x_wconf 85' lang='grc' dir='ltr'><strong><em>Σὺ</em></strong></span> <span class='ocrx_word' id='word_1_133' title='bbox 3173 647 3233 704; x_wconf 79' lang='grc' dir='ltr'>εἴ</span> <span class='ocrx_word' id='word_1_134' title='bbox 3255 653 3288 704; x_wconf 86' lang='grc' dir='ltr'><strong><em>ό</em></strong></span> <span class='ocrx_word' id='word_1_135' title='bbox 3316 649 3459 715; x_wconf 88' lang='grc' dir='ltr'><strong><em>Θεὸς</em></strong></span> <span class='ocrx_word' id='word_1_136' title='bbox 3487 653 3520 704; x_wconf 87' lang='grc' dir='ltr'><em>ὁ</em></span> <span class='ocrx_word' id='word_1_137' title='bbox 3542 647 3727 705; x_wconf 73' lang='grc' dir='ltr'>ποιῶν</span> 
     </span>
    </p>
   </div>
   <div class='ocr_carea' id='block_1_20' title="bbox 2145 738 3741 812">
    <p class='ocr_par' dir='ltr' id='par_1_20' title="bbox 2145 738 3741 812">
     <span class='ocr_line' id='line_1_20' title="bbox 2145 738 3741 812; baseline -0.003 -16"><span class='ocrx_word' id='word_1_138' title='bbox 2145 740 2467 811; x_wconf 81' lang='grc' dir='ltr'>θαυμάσια.</span> <span class='ocrx_word' id='word_1_139' title='bbox 2486 741 2845 812; x_wconf 72' lang='grc' dir='ltr'>Ἐγνώρισας</span> <span class='ocrx_word' id='word_1_140' title='bbox 2867 742 2937 795; x_wconf 83' lang='grc' dir='ltr'>ἐν</span> <span class='ocrx_word' id='word_1_141' title='bbox 2960 740 3084 805; x_wconf 80' lang='grc' dir='ltr'>τοῖς</span> <span class='ocrx_word' id='word_1_142' title='bbox 3114 740 3287 806; x_wconf 80' lang='grc' dir='ltr'>λαοῖς</span> <span class='ocrx_word' id='word_1_143' title='bbox 3324 740 3438 807; x_wconf 79' lang='grc' dir='ltr'>τὴν</span> <span class='ocrx_word' id='word_1_144' title='bbox 3470 738 3741 809; x_wconf 75' lang='grc' dir='ltr'>δύναμιν</span> 
     </span>
    </p>
   </div>
   <div class='ocr_carea' id='block_1_21' title="bbox 2146 832 3726 903">
    <p class='ocr_par' dir='ltr' id='par_1_21' title="bbox 2146 832 3726 903">
     <span class='ocr_line' id='line_1_21' title="bbox 2146 832 3726 903; baseline 0 -16"><span class='ocrx_word' id='word_1_145' title='bbox 2146 850 2283 898; x_wconf 82' lang='grc' dir='ltr'>σου,</span> <span class='ocrx_word' id='word_1_146' title='bbox 2309 834 2626 903; x_wconf 75' lang='grc' dir='ltr'>ἐλυτρώσω</span> <span class='ocrx_word' id='word_1_147' title='bbox 2643 834 2712 887; x_wconf 80' lang='grc' dir='ltr'>ἐν</span> <span class='ocrx_word' id='word_1_148' title='bbox 2736 832 2815 899; x_wconf 82' lang='grc' dir='ltr'>τῷ</span> <span class='ocrx_word' id='word_1_149' title='bbox 2833 833 3125 902; x_wconf 63' lang='grc' dir='ltr'>,βραχίονι</span> <span class='ocrx_word' id='word_1_150' title='bbox 3150 848 3267 887; x_wconf 86' lang='grc' dir='ltr'><strong><em>σου</em></strong></span> <span class='ocrx_word' id='word_1_151' title='bbox 3290 832 3397 885; x_wconf 83' lang='grc' dir='ltr'>τὸν</span> <span class='ocrx_word' id='word_1_152' title='bbox 3410 832 3564 886; x_wconf 80' lang='grc' dir='ltr'>λαόν</span> <span class='ocrx_word' id='word_1_153' title='bbox 3586 845 3726 897; x_wconf 88' lang='grc' dir='ltr'>σου,</span> 
     </span>
    </p>
   </div>
   <div class='ocr_carea' id='block_1_22' title="bbox 2146 921 3729 995">
    <p class='ocr_par' dir='ltr' id='par_1_22' title="bbox 2146 921 3729 995">
     <span class='ocr_line' id='line_1_22' title="bbox 2146 921 3729 995; baseline -0.002 -15"><span class='ocrx_word' id='word_1_154' title='bbox 2146 926 2290 992; x_wconf 85' lang='grc' dir='ltr'>τοὺς</span> <span class='ocrx_word' id='word_1_155' title='bbox 2324 927 2495 991; x_wconf 74' lang='grc' dir='ltr'>υἱοὺς</span> <span class='ocrx_word' id='word_1_156' title='bbox 2530 926 2733 980; x_wconf 77' lang='grc' dir='ltr'>Ἰακὼϐ</span> <span class='ocrx_word' id='word_1_157' title='bbox 2771 927 2870 980; x_wconf 76' lang='grc' dir='ltr'><strong><em>καί</em></strong></span> <span class='ocrx_word' id='word_1_158' title='bbox 2915 924 3154 995; x_wconf 67' lang='grc' dir='ltr'>Ἰωσήφ*</span> <span class='ocrx_word' id='word_1_159' title='bbox 3203 925 3295 979; x_wconf 75' lang='grc' dir='ltr'>καὶ</span> <span class='ocrx_word' id='word_1_160' title='bbox 3330 921 3521 988; x_wconf 74' lang='grc' dir='ltr'><strong><em>αὖθις⁵</em></strong></span> <span class='ocrx_word' id='word_1_161' title='bbox 3558 924 3729 978; x_wconf 79' lang='grc' dir='ltr'>Εἶδο-</span> 
     </span>
    </p>
   </div>
   <div class='ocr_carea' id='block_1_23' title="bbox 2145 1014 3729 1081">
    <p class='ocr_par' dir='ltr' id='par_1_23' title="bbox 2145 1014 3729 1081">
     <span class='ocr_line' id='line_1_23' title="bbox 2145 1014 3729 1081; baseline -0.001 -11"><span class='ocrx_word' id='word_1_162' title='bbox 2145 1015 2270 1070; x_wconf 84' lang='grc' dir='ltr'>σάν</span> <span class='ocrx_word' id='word_1_163' title='bbox 2317 1033 2391 1070; x_wconf 89' lang='grc' dir='ltr'><strong><em>σε</em></strong></span> <span class='ocrx_word' id='word_1_164' title='bbox 2445 1016 2655 1080; x_wconf 82' lang='grc' dir='ltr'>ὕδατα,</span> <span class='ocrx_word' id='word_1_165' title='bbox 2691 1020 2724 1070; x_wconf 77' lang='grc' dir='ltr'><em>ὁ</em></span> <span class='ocrx_word' id='word_1_166' title='bbox 2757 1015 2921 1081; x_wconf 82' lang='grc' dir='ltr'><strong><em>Θεὸς,</em></strong></span> <span class='ocrx_word' id='word_1_167' title='bbox 2954 1014 3205 1070; x_wconf 80' lang='grc' dir='ltr'>είδοσάν</span> <span class='ocrx_word' id='word_1_168' title='bbox 3249 1031 3324 1070; x_wconf 89' lang='grc' dir='ltr'><strong><em>σε</em></strong></span> <span class='ocrx_word' id='word_1_169' title='bbox 3377 1015 3585 1081; x_wconf 80' lang='grc' dir='ltr'>ὕδατα,</span> <span class='ocrx_word' id='word_1_170' title='bbox 3630 1015 3729 1069; x_wconf 76' lang='grc' dir='ltr'><strong><em>καί</em></strong></span> 
     </span>
    </p>
   </div>
   <div class='ocr_carea' id='block_1_24' title="bbox 2143 1106 3728 1180">
    <p class='ocr_par' dir='ltr' id='par_1_24' title="bbox 2143 1106 3728 1180">
     <span class='ocr_line' id='line_1_24' title="bbox 2143 1106 3728 1180; baseline -0.001 -16"><span class='ocrx_word' id='word_1_171' title='bbox 2143 1109 2556 1180; x_wconf 74' lang='grc' dir='ltr'>ἐφοϐήθησαν,</span> <span class='ocrx_word' id='word_1_172' title='bbox 2596 1109 3020 1179; x_wconf 81' lang='grc' dir='ltr'><strong><em>ἐταράχθησαν</em></strong></span> <span class='ocrx_word' id='word_1_173' title='bbox 3058 1112 3117 1162; x_wconf 84' lang='grc' dir='ltr'><em>αὶ</em></span> <span class='ocrx_word' id='word_1_174' title='bbox 3153 1108 3411 1162; x_wconf 77' lang='grc' dir='ltr'>ἄϐυσσοι</span> <span class='ocrx_word' id='word_1_175' title='bbox 3435 1125 3471 1171; x_wconf 26' lang='grc' dir='ltr'><strong><em>’κ</em></strong></span> <span class='ocrx_word' id='word_1_176' title='bbox 3494 1106 3728 1177; x_wconf 79' lang='grc' dir='ltr'>πλῆθος</span> 
     </span>
    </p>
   </div>
   <div class='ocr_carea' id='block_1_25' title="bbox 2145 1198 3729 1271">
    <p class='ocr_par' dir='ltr' id='par_1_25' title="bbox 2145 1198 3729 1271">
     <span class='ocr_line' id='line_1_25' title="bbox 2145 1198 3729 1271; baseline -0.003 -15"><span class='ocrx_word' id='word_1_177' title='bbox 2145 1200 2340 1269; x_wconf 83' lang='grc' dir='ltr'>ἤχους</span> <span class='ocrx_word' id='word_1_178' title='bbox 2381 1200 2632 1266; x_wconf 81' lang='grc' dir='ltr'>ὕδατος·</span> <span class='ocrx_word' id='word_1_179' title='bbox 2677 1201 2773 1255; x_wconf 66' lang='grc' dir='ltr'><strong><em>καὶ¹</em></strong></span> <span class='ocrx_word' id='word_1_180' title='bbox 2815 1201 3268 1271; x_wconf 75' lang='grc' dir='ltr'>ὲπισφραγίζεται</span> <span class='ocrx_word' id='word_1_181' title='bbox 3309 1198 3520 1269; x_wconf 85' lang='grc' dir='ltr'>λέγων·</span> <span class='ocrx_word' id='word_1_182' title='bbox 3563 1199 3729 1266; x_wconf 58' lang='lat'><strong><em>2061’:—</em></strong></span> 
     </span>
    </p>
   </div>
   <div class='ocr_carea' id='block_1_26' title="bbox 2146 1290 3727 1363">
    <p class='ocr_par' dir='ltr' id='par_1_26' title="bbox 2146 1290 3727 1363">
     <span class='ocr_line' id='line_1_26' title="bbox 2146 1290 3727 1363; baseline 0 -17"><span class='ocrx_word' id='word_1_183' title='bbox 2146 1307 2342 1363; x_wconf 73' lang='grc' dir='ltr'>γησας</span> <span class='ocrx_word' id='word_1_184' title='bbox 2376 1293 2457 1360; x_wconf 84' lang='grc' dir='ltr'>ὡς</span> <span class='ocrx_word' id='word_1_185' title='bbox 2499 1295 2763 1362; x_wconf 75' lang='grc' dir='ltr'>πρόϐατα</span> <span class='ocrx_word' id='word_1_186' title='bbox 2784 1294 2892 1347; x_wconf 84' lang='grc' dir='ltr'>τὸν</span> <span class='ocrx_word' id='word_1_187' title='bbox 2918 1294 3074 1348; x_wconf 72' lang='grc' dir='ltr'>λαόν</span> <span class='ocrx_word' id='word_1_188' title='bbox 3096 1307 3213 1347; x_wconf 89' lang='grc' dir='ltr'><strong><em>σου</em></strong></span> <span class='ocrx_word' id='word_1_189' title='bbox 3237 1293 3306 1347; x_wconf 81' lang='grc' dir='ltr'>ἐν</span> <span class='ocrx_word' id='word_1_190' title='bbox 3326 1292 3475 1363; x_wconf 79' lang='grc' dir='ltr'>χειρὶ</span> <span class='ocrx_word' id='word_1_191' title='bbox 3504 1290 3727 1362; x_wconf 81' lang='grc' dir='ltr'><strong><em>Μωῦσῆ</em></strong></span> 
     </span>
    </p>
   </div>
   <div class='ocr_carea' id='block_1_27' title="bbox 2143 1382 3729 1453">
    <p class='ocr_par' dir='ltr' id='par_1_27' title="bbox 2143 1382 3729 1453">
     <span class='ocr_line' id='line_1_27' title="bbox 2143 1382 3729 1453; baseline -0.001 -17"><span class='ocrx_word' id='word_1_192' title='bbox 2143 1384 2240 1436; x_wconf 79' lang='grc' dir='ltr'><strong><em>καὶ</em></strong></span> <span class='ocrx_word' id='word_1_193' title='bbox 2280 1382 2512 1452; x_wconf 78' lang='grc' dir='ltr'>Ἀαρών.</span> <span class='ocrx_word' id='word_1_194' title='bbox 2531 1383 2865 1451; x_wconf 84' lang='grc' dir='ltr'>Ἀναγκαίως</span> <span class='ocrx_word' id='word_1_195' title='bbox 2893 1383 2950 1436; x_wconf 83' lang='grc' dir='ltr'>δὲ</span> <span class='ocrx_word' id='word_1_196' title='bbox 2975 1384 3181 1437; x_wconf 84' lang='grc' dir='ltr'>τούτων</span> <span class='ocrx_word' id='word_1_197' title='bbox 3200 1384 3229 1435; x_wconf 84' lang='grc' dir='ltr'><strong><em>ό</em></strong></span> <span class='ocrx_word' id='word_1_198' title='bbox 3259 1383 3430 1453; x_wconf 82' lang='grc' dir='ltr'>Ἀσάφ</span> <span class='ocrx_word' id='word_1_199' title='bbox 3449 1382 3729 1453; x_wconf 76' lang='grc' dir='ltr'><strong><em>ὑπέμνησε</em></strong></span> 
     </span>
    </p>
   </div>
   <div class='ocr_carea' id='block_1_28' title="bbox 2144 1472 3731 1546">
    <p class='ocr_par' dir='ltr' id='par_1_28' title="bbox 2144 1472 3731 1546">
     <span class='ocr_line' id='line_1_28' title="bbox 2144 1472 3731 1546; baseline 0 -18"><span class='ocrx_word' id='word_1_200' title='bbox 2144 1475 2234 1528; x_wconf 82' lang='grc' dir='ltr'><strong><em>τὸν</em></strong></span> <span class='ocrx_word' id='word_1_201' title='bbox 2285 1474 2534 1545; x_wconf 83' lang='grc' dir='ltr'>Ἰδιθοὺμ,</span> <span class='ocrx_word' id='word_1_202' title='bbox 2582 1474 2659 1538; x_wconf 85' lang='grc' dir='ltr'><strong><em>ὡς</em></strong></span> <span class='ocrx_word' id='word_1_203' title='bbox 2705 1473 2773 1527; x_wconf 83' lang='grc' dir='ltr'>ἂν</span> <span class='ocrx_word' id='word_1_204' title='bbox 2825 1475 3022 1546; x_wconf 83' lang='grc' dir='ltr'><strong><em>μηκέτι</em></strong></span> <span class='ocrx_word' id='word_1_205' title='bbox 3075 1475 3221 1544; x_wconf 87' lang='grc' dir='ltr'>λέγοι</span> <span class='ocrx_word' id='word_1_206' title='bbox 3243 1490 3256 1506; x_wconf 72' lang='grc'><strong><em>⁸</em></strong></span> <span class='ocrx_word' id='word_1_207' title='bbox 3296 1472 3731 1545; x_wconf 69' lang='grc' dir='ltr'><strong><em>⁶Ἠδολέσχησιε</em></strong></span> 
     </span>
    </p>
   </div>
   <div class='ocr_carea' id='block_1_29' title="bbox 2147 1564 3731 1637">
    <p class='ocr_par' dir='ltr' id='par_1_29' title="bbox 2147 1564 3731 1637">
     <span class='ocr_line' id='line_1_29' title="bbox 2147 1564 3731 1637; baseline -0.003 -15"><span class='ocrx_word' id='word_1_208' title='bbox 2147 1566 2246 1622; x_wconf 76' lang='grc' dir='ltr'>καὶ</span> <span class='ocrx_word' id='word_1_209' title='bbox 2295 1566 2725 1636; x_wconf 76' lang='grc' dir='ltr'>ὠλιγοψ-ύχησε</span> <span class='ocrx_word' id='word_1_210' title='bbox 2774 1566 2840 1620; x_wconf 83' lang='grc' dir='ltr'>τὸ</span> <span class='ocrx_word' id='word_1_211' title='bbox 2891 1566 3127 1637; x_wconf 77' lang='grc' dir='ltr'>πνεῦμά</span> <span class='ocrx_word' id='word_1_212' title='bbox 3163 1583 3313 1637; x_wconf 84' lang='grc' dir='ltr'>μου·</span> <span class='ocrx_word' id='word_1_213' title='bbox 3368 1565 3640 1620; x_wconf 81' lang='grc' dir='ltr'><strong><em>πιστεύων</em></strong></span> <span class='ocrx_word' id='word_1_214' title='bbox 3671 1564 3731 1618; x_wconf 67' lang='grc' dir='ltr'>δὲ</span> 
     </span>
    </p>
   </div>
   <div class='ocr_carea' id='block_1_30' title="bbox 460 1656 3730 1736">
    <p class='ocr_par' dir='ltr' id='par_1_30' title="bbox 460 1656 3730 1736">
     <span class='ocr_line' id='line_1_30' title="bbox 460 1656 3730 1736; baseline -0.001 -19"><span class='ocrx_word' id='word_1_215' title='bbox 460 1663 573 1725; x_wconf 83' lang='grc' dir='ltr'>τοῖς</span> <span class='ocrx_word' id='word_1_216' title='bbox 599 1661 767 1715; x_wconf 81' lang='grc' dir='ltr'>πάλαι</span> <span class='ocrx_word' id='word_1_217' title='bbox 798 1663 893 1714; x_wconf 76' lang='grc' dir='ltr'><strong><em>ἐπὶ</em></strong></span> <span class='ocrx_word' id='word_1_218' title='bbox 918 1663 1197 1726; x_wconf 81' lang='grc' dir='ltr'>Μωῦσέως</span> <span class='ocrx_word' id='word_1_219' title='bbox 1227 1663 1319 1716; x_wconf 78' lang='grc' dir='ltr'>τοῦ</span> <span class='ocrx_word' id='word_1_220' title='bbox 1352 1662 1488 1717; x_wconf 78' lang='grc' dir='ltr'>Θεοῦ</span> <span class='ocrx_word' id='word_1_221' title='bbox 1523 1665 1848 1734; x_wconf 80' lang='grc' dir='ltr'><strong><em>παραδόξοις</em></strong></span> <span class='ocrx_word' id='word_1_222' title='bbox 1872 1663 2074 1736; x_wconf 78' lang='grc' dir='ltr'><strong><em>ἔργοις,</em></strong></span> <span class='ocrx_word' id='word_1_223' title='bbox 2112 1664 2178 1717; x_wconf 84' lang='grc' dir='ltr'>δι’</span> <span class='ocrx_word' id='word_1_224' title='bbox 2227 1656 2303 1718; x_wconf 85' lang='grc' dir='ltr'>ὧν</span> <span class='ocrx_word' id='word_1_225' title='bbox 2342 1660 2683 1735; x_wconf 81' lang='grc' dir='ltr'>ὲλυτρώσατο</span> <span class='ocrx_word' id='word_1_226' title='bbox 2725 1662 2815 1716; x_wconf 81' lang='grc' dir='ltr'><strong><em>τὸν</em></strong></span> <span class='ocrx_word' id='word_1_227' title='bbox 2862 1662 3010 1728; x_wconf 84' lang='grc' dir='ltr'>λαὸν,</span> <span class='ocrx_word' id='word_1_228' title='bbox 3053 1662 3122 1717; x_wconf 83' lang='grc' dir='ltr'>τὰ</span> <span class='ocrx_word' id='word_1_229' title='bbox 3165 1664 3323 1735; x_wconf 81' lang='grc' dir='ltr'>ὅμοια</span> <span class='ocrx_word' id='word_1_230' title='bbox 3371 1664 3465 1717; x_wconf 59' lang='grc' dir='ltr'><strong><em>καὶ⁵</em></strong></span> <span class='ocrx_word' id='word_1_231' title='bbox 3508 1664 3587 1726; x_wconf 88' lang='grc' dir='ltr'><strong><em>είς</em></strong></span> <span class='ocrx_word' id='word_1_232' title='bbox 3637 1660 3730 1715; x_wconf 81' lang='grc' dir='ltr'><strong><em>τὸν</em></strong></span> 
     </span>
    </p>
   </div>
   <div class='ocr_carea' id='block_1_31' title="bbox 461 1754 1529 1827">
    <p class='ocr_par' dir='ltr' id='par_1_31' title="bbox 461 1754 1529 1827">
     <span class='ocr_line' id='line_1_31' title="bbox 461 1754 1529 1827; baseline -0.002 -16"><span class='ocrx_word' id='word_1_233' title='bbox 461 1754 685 1811; x_wconf 65' lang='grc' dir='ltr'>ἐπιόντα</span> <span class='ocrx_word' id='word_1_234' title='bbox 720 1755 909 1825; x_wconf 86' lang='grc' dir='ltr'>χρόνον</span> <span class='ocrx_word' id='word_1_235' title='bbox 946 1754 1153 1819; x_wconf 75' lang='grc' dir='ltr'><strong><em>ἐλπίζοι</em></strong></span> <span class='ocrx_word' id='word_1_236' title='bbox 1180 1754 1529 1827; x_wconf 87' lang='grc' dir='ltr'>γενήσεσθαι.</span> 
     </span>
    </p>
   </div>
   <div class='ocr_carea' id='block_1_32' title="bbox 1200 1866 1295 1921">
    <p class='ocr_par' dir='ltr' id='par_1_32' title="bbox 1200 1866 1295 1921">
     <span class='ocr_line' id='line_1_32' title="bbox 1200 1866 1295 1921; baseline 0 -1"><span class='ocrx_word' id='word_1_237' title='bbox 1200 1866 1295 1921; x_wconf 83' lang='lat' dir='ltr'><strong><em>Vl:</em></strong></span> 
     </span>
    </p>
   </div>
   <div class='ocr_carea' id='block_1_33' title="bbox 534 1956 2044 2031">
    <p class='ocr_par' dir='ltr' id='par_1_33' title="bbox 534 1956 2044 2031">
     <span class='ocr_line' id='line_1_33' title="bbox 534 1956 2044 2031; baseline 0.001 -17"><span class='ocrx_word' id='word_1_238' title='bbox 534 1956 733 2022; x_wconf 80' lang='lat' dir='ltr'><strong><em>Sextus</em></strong></span> <span class='ocrx_word' id='word_1_239' title='bbox 776 1974 955 2030; x_wconf 87' lang='lat' dir='ltr'><strong><em>neque</em></strong></span> <span class='ocrx_word' id='word_1_240' title='bbox 985 1959 1231 2029; x_wconf 81' lang='lat' dir='ltr'><strong><em>psalmus</em></strong></span> <span class='ocrx_word' id='word_1_241' title='bbox 1260 1968 1344 2015; x_wconf 89' lang='lat' dir='ltr'><strong><em>est</em></strong></span> <span class='ocrx_word' id='word_1_242' title='bbox 1379 1976 1556 2031; x_wconf 88' lang='lat' dir='ltr'><strong><em>neque</em></strong></span> <span class='ocrx_word' id='word_1_243' title='bbox 1574 1961 1894 2023; x_wconf 77' lang='lat' dir='ltr'><strong><em>canticum,</em></strong></span> <span class='ocrx_word' id='word_1_244' title='bbox 1945 1977 2044 2016; x_wconf 88' lang='lat' dir='ltr'><strong><em>ne-</em></strong></span> 
     </span>
    </p>
   </div>
   <div class='ocr_carea' id='block_1_34' title="bbox 461 2050 2056 2137">
    <p class='ocr_par' dir='ltr' id='par_1_34' title="bbox 461 2050 2056 2137">
     <span class='ocr_line' id='line_1_34' title="bbox 461 2050 2056 2137; baseline 0 -31"><span class='ocrx_word' id='word_1_245' title='bbox 461 2066 571 2121; x_wconf 90' lang='lat' dir='ltr'><strong><em>que</em></strong></span> <span class='ocrx_word' id='word_1_246' title='bbox 603 2050 874 2122; x_wconf 86' lang='lat' dir='ltr'><strong><em>hymnus,</em></strong></span> <span class='ocrx_word' id='word_1_247' title='bbox 914 2066 1094 2122; x_wconf 89' lang='lat' dir='ltr'><strong><em>neque</em></strong></span> <span class='ocrx_word' id='word_1_248' title='bbox 1136 2052 1191 2105; x_wconf 93' lang='lat' dir='ltr'><strong><em>in</em></strong></span> <span class='ocrx_word' id='word_1_249' title='bbox 1241 2051 1404 2106; x_wconf 87' lang='lat' dir='ltr'><strong><em>ﬁnem</em></strong></span> <span class='ocrx_word' id='word_1_250' title='bbox 1437 2052 1688 2107; x_wconf 89' lang='lat' dir='ltr'><strong><em>remittit.</em></strong></span> <span class='ocrx_word' id='word_1_251' title='bbox 1725 2052 1910 2135; x_wconf 82' lang='lat' dir='ltr'><strong><em>Quare</em></strong></span> <span class='ocrx_word' id='word_1_252' title='bbox 1942 2054 2056 2137; x_wconf 46' lang='lat' dir='ltr'><strong><em>hu:</em></strong></span> 
     </span>
    </p>
   </div>
   <div class='ocr_carea' id='block_1_35' title="bbox 457 2131 2044 2214">
    <p class='ocr_par' dir='ltr' id='par_1_35' title="bbox 457 2131 2044 2214">
     <span class='ocr_line' id='line_1_35' title="bbox 457 2131 2044 2214; baseline -0.002 -16"><span class='ocrx_word' id='word_1_253' title='bbox 457 2143 702 2214; x_wconf 85' lang='lat' dir='ltr'><strong><em>jusmodi</em></strong></span> <span class='ocrx_word' id='word_1_254' title='bbox 743 2143 883 2198; x_wconf 86' lang='lat' dir='ltr'><strong><em>nihil</em></strong></span> <span class='ocrx_word' id='word_1_255' title='bbox 926 2144 982 2197; x_wconf 92' lang='lat' dir='ltr'><strong><em>in</em></strong></span> <span class='ocrx_word' id='word_1_256' title='bbox 1024 2143 1185 2198; x_wconf 85' lang='lat' dir='ltr'><strong><em>titulo</em></strong></span> <span class='ocrx_word' id='word_1_257' title='bbox 1235 2143 1441 2199; x_wconf 87' lang='lat' dir='ltr'><strong><em>habet:</em></strong></span> <span class='ocrx_word' id='word_1_258' title='bbox 1476 2143 1569 2198; x_wconf 88' lang='lat' dir='ltr'><strong><em>sed</em></strong></span> <span class='ocrx_word' id='word_1_259' title='bbox 1604 2158 1706 2198; x_wconf 88' lang='lat' dir='ltr'><strong><em>nos</em></strong></span> <span class='ocrx_word' id='word_1_260' title='bbox 1739 2141 1808 2195; x_wconf 90' lang='lat' dir='ltr'><strong><em>ad</em></strong></span> <span class='ocrx_word' id='word_1_261' title='bbox 1853 2131 2044 2196; x_wconf 82' lang='lat' dir='ltr'><strong><em>eorum</em></strong></span> 
     </span>
    </p>
   </div>
   <div class='ocr_carea' id='block_1_36' title="bbox 461 2234 2046 2307">
    <p class='ocr_par' dir='ltr' id='par_1_36' title="bbox 461 2234 2046 2307">
     <span class='ocr_line' id='line_1_36' title="bbox 461 2234 2046 2307; baseline -0.003 -16"><span class='ocrx_word' id='word_1_262' title='bbox 461 2251 584 2307; x_wconf 68' lang='lat' dir='ltr'><strong><em>qua:</em></strong></span> <span class='ocrx_word' id='word_1_263' title='bbox 614 2236 703 2290; x_wconf 87' lang='lat' dir='ltr'><strong><em>hic</em></strong></span> <span class='ocrx_word' id='word_1_264' title='bbox 734 2235 989 2291; x_wconf 84' lang='lat' dir='ltr'><strong><em>feruntur</em></strong></span> <span class='ocrx_word' id='word_1_265' title='bbox 1020 2236 1436 2307; x_wconf 69' lang='lat' dir='ltr'><strong><em>intelligentiam</em></strong></span> <span class='ocrx_word' id='word_1_266' title='bbox 1467 2236 1691 2290; x_wconf 76' lang='lat' dir='ltr'><strong><em>excitat.</em></strong></span> <span class='ocrx_word' id='word_1_267' title='bbox 1723 2234 1837 2288; x_wconf 83' lang='lat' dir='ltr'><strong><em>Cur</em></strong></span> <span class='ocrx_word' id='word_1_268' title='bbox 1863 2241 2046 2288; x_wconf 86' lang='lat' dir='ltr'><strong><em>autem</em></strong></span> 
     </span>
    </p>
   </div>
   <div class='ocr_carea' id='block_1_37' title="bbox 461 2324 2046 2397">
    <p class='ocr_par' dir='ltr' id='par_1_37' title="bbox 461 2324 2046 2397">
     <span class='ocr_line' id='line_1_37' title="bbox 461 2324 2046 2397; baseline -0.001 -15"><span class='ocrx_word' id='word_1_269' title='bbox 461 2327 597 2382; x_wconf 86' lang='lat' dir='ltr'><strong><em>nihil</em></strong></span> <span class='ocrx_word' id='word_1_270' title='bbox 627 2342 818 2382; x_wconf 90' lang='lat' dir='ltr'><strong><em>eorum</em></strong></span> <span class='ocrx_word' id='word_1_271' title='bbox 851 2343 975 2397; x_wconf 70' lang='lat' dir='ltr'><strong><em>quas</em></strong></span> <span class='ocrx_word' id='word_1_272' title='bbox 1006 2327 1249 2382; x_wconf 77' lang='lat' dir='ltr'><strong><em>diximus</em></strong></span> <span class='ocrx_word' id='word_1_273' title='bbox 1282 2326 1388 2382; x_wconf 88' lang='lat' dir='ltr'><strong><em>fert</em></strong></span> <span class='ocrx_word' id='word_1_274' title='bbox 1418 2325 1744 2395; x_wconf 87' lang='lat' dir='ltr'><strong><em>inscriptio,</em></strong></span> <span class='ocrx_word' id='word_1_275' title='bbox 1777 2324 1884 2381; x_wconf 89' lang='lat' dir='ltr'><strong><em>nisi</em></strong></span> <span class='ocrx_word' id='word_1_276' title='bbox 1917 2325 2046 2395; x_wconf 87' lang='lat' dir='ltr'><strong><em>quia</em></strong></span> 
     </span>
    </p>
   </div>
   <div class='ocr_carea' id='block_1_38' title="bbox 462 2415 2047 2485">
    <p class='ocr_par' dir='ltr' id='par_1_38' title="bbox 462 2415 2047 2485">
     <span class='ocr_line' id='line_1_38' title="bbox 462 2415 2047 2485; baseline -0.004 -11"><span class='ocrx_word' id='word_1_277' title='bbox 462 2427 612 2474; x_wconf 86' lang='lat' dir='ltr'><strong><em>totus</em></strong></span> <span class='ocrx_word' id='word_1_278' title='bbox 641 2418 733 2473; x_wconf 86' lang='lat' dir='ltr'><strong><em>hic</em></strong></span> <span class='ocrx_word' id='word_1_279' title='bbox 767 2433 949 2473; x_wconf 86' lang='lat' dir='ltr'><strong><em>sermo</em></strong></span> <span class='ocrx_word' id='word_1_280' title='bbox 977 2415 1263 2471; x_wconf 69' lang='lat' dir='ltr'><strong><em>Iudaicam</em></strong></span> <span class='ocrx_word' id='word_1_281' title='bbox 1309 2423 1524 2485; x_wconf 78' lang='lat' dir='ltr'><strong><em>gentem</em></strong></span> <span class='ocrx_word' id='word_1_282' title='bbox 1562 2415 1815 2478; x_wconf 86' lang='lat' dir='ltr'><strong><em>incusat,</em></strong></span> <span class='ocrx_word' id='word_1_283' title='bbox 1858 2415 2047 2484; x_wconf 89' lang='lat' dir='ltr'><strong><em>pristi-</em></strong></span> 
     </span>
    </p>
   </div>
   <div class='ocr_carea' id='block_1_39' title="bbox 464 2506 2047 2579">
    <p class='ocr_par' dir='ltr' id='par_1_39' title="bbox 464 2506 2047 2579">
     <span class='ocr_line' id='line_1_39' title="bbox 464 2506 2047 2579; baseline -0.002 -14"><span class='ocrx_word' id='word_1_284' title='bbox 464 2525 568 2567; x_wconf 86' lang='lat' dir='ltr'><strong><em>nas</em></strong></span> <span class='ocrx_word' id='word_1_285' title='bbox 609 2525 802 2565; x_wconf 89' lang='lat' dir='ltr'><strong><em>eorum</em></strong></span> <span class='ocrx_word' id='word_1_286' title='bbox 847 2510 1158 2579; x_wconf 86' lang='lat' dir='ltr'><strong><em>impietates</em></strong></span> <span class='ocrx_word' id='word_1_287' title='bbox 1198 2507 1577 2563; x_wconf 85' lang='lat' dir='ltr'><strong><em>enumerans?</em></strong></span> <span class='ocrx_word' id='word_1_288' title='bbox 1626 2506 1783 2573; x_wconf 84' lang='lat' dir='ltr'><strong><em>Quod</em></strong></span> <span class='ocrx_word' id='word_1_289' title='bbox 1813 2508 1880 2561; x_wconf 91' lang='lat' dir='ltr'><strong><em>ad</em></strong></span> <span class='ocrx_word' id='word_1_290' title='bbox 1910 2508 2047 2576; x_wconf 85' lang='lat' dir='ltr'><strong><em>justi</em></strong></span> 
     </span>
    </p>
   </div>
   <div class='ocr_carea' id='block_1_40' title="bbox 457 2599 2049 2671">
    <p class='ocr_par' dir='ltr' id='par_1_40' title="bbox 457 2599 2049 2671">
     <span class='ocr_line' id='line_1_40' title="bbox 457 2599 2049 2671; baseline -0.002 -15"><span class='ocrx_word' id='word_1_291' title='bbox 457 2602 653 2671; x_wconf 84' lang='lat' dir='ltr'><strong><em>judicii</em></strong></span> <span class='ocrx_word' id='word_1_292' title='bbox 704 2599 800 2656; x_wconf 88' lang='lat' dir='ltr'><strong><em>Dei</em></strong></span> <span class='ocrx_word' id='word_1_293' title='bbox 835 2600 1208 2656; x_wconf 88' lang='lat' dir='ltr'><strong><em>defensionem</em></strong></span> <span class='ocrx_word' id='word_1_294' title='bbox 1239 2599 1503 2669; x_wconf 86' lang='lat' dir='ltr'><strong><em>propheta</em></strong></span> <span class='ocrx_word' id='word_1_295' title='bbox 1532 2600 1920 2654; x_wconf 83' lang='lat' dir='ltr'><strong><em>concinnavit:</em></strong></span> <span class='ocrx_word' id='word_1_296' title='bbox 1958 2615 2049 2653; x_wconf 86' lang='lat' dir='ltr'><strong><em>va-</em></strong></span> 
     </span>
    </p>
   </div>
   <div class='ocr_carea' id='block_1_41' title="bbox 463 2689 2047 2763">
    <p class='ocr_par' dir='ltr' id='par_1_41' title="bbox 463 2689 2047 2763">
     <span class='ocr_line' id='line_1_41' title="bbox 463 2689 2047 2763; baseline -0.003 -14"><span class='ocrx_word' id='word_1_297' title='bbox 463 2695 795 2749; x_wconf 85' lang='lat' dir='ltr'><strong><em>ticinaturus</em></strong></span> <span class='ocrx_word' id='word_1_298' title='bbox 817 2692 964 2747; x_wconf 89' lang='lat' dir='ltr'><strong><em>enim</em></strong></span> <span class='ocrx_word' id='word_1_299' title='bbox 992 2707 1055 2747; x_wconf 89' lang='lat' dir='ltr'><strong><em>ea</em></strong></span> <span class='ocrx_word' id='word_1_300' title='bbox 1075 2731 1089 2755; x_wconf 93' lang='lat'><strong><em>,</em></strong></span> <span class='ocrx_word' id='word_1_301' title='bbox 1116 2706 1237 2763; x_wconf 64' lang='lat' dir='ltr'><strong><em>quae</em></strong></span> <span class='ocrx_word' id='word_1_302' title='bbox 1263 2700 1391 2746; x_wconf 87' lang='lat' dir='ltr'><strong><em>ante</em></strong></span> <span class='ocrx_word' id='word_1_303' title='bbox 1416 2689 1726 2747; x_wconf 86' lang='lat' dir='ltr'><strong><em>Servatoris</em></strong></span> <span class='ocrx_word' id='word_1_304' title='bbox 1752 2693 2047 2746; x_wconf 84' lang='lat' dir='ltr'><strong><em>adventum</em></strong></span> 
     </span>
    </p>
   </div>
   <div class='ocr_carea' id='block_1_42' title="bbox 464 2785 2048 2857">
    <p class='ocr_par' dir='ltr' id='par_1_42' title="bbox 464 2785 2048 2857">
     <span class='ocr_line' id='line_1_42' title="bbox 464 2785 2048 2857; baseline 0 -20"><span class='ocrx_word' id='word_1_305' title='bbox 464 2786 670 2857; x_wconf 85' lang='lat' dir='ltr'><strong><em>populo</em></strong></span> <span class='ocrx_word' id='word_1_306' title='bbox 703 2793 967 2841; x_wconf 83' lang='lat' dir='ltr'><strong><em>eventura</em></strong></span> <span class='ocrx_word' id='word_1_307' title='bbox 999 2793 1195 2849; x_wconf 89' lang='lat' dir='ltr'><strong><em>erant,</em></strong></span> <span class='ocrx_word' id='word_1_308' title='bbox 1226 2785 1542 2839; x_wconf 87' lang='lat' dir='ltr'><strong><em>necessario</em></strong></span> <span class='ocrx_word' id='word_1_309' title='bbox 1568 2785 1731 2840; x_wconf 90' lang='lat' dir='ltr'><strong><em>docet</em></strong></span> <span class='ocrx_word' id='word_1_310' title='bbox 1762 2785 1912 2855; x_wconf 89' lang='lat' dir='ltr'><strong><em>ipsos</em></strong></span> <span class='ocrx_word' id='word_1_311' title='bbox 1939 2800 2048 2839; x_wconf 89' lang='lat' dir='ltr'><strong><em>non</em></strong></span> 
     </span>
    </p>
   </div>
   <div class='ocr_carea' id='block_1_43' title="bbox 464 2869 2045 2948">
    <p class='ocr_par' dir='ltr' id='par_1_43' title="bbox 464 2869 2045 2948">
     <span class='ocr_line' id='line_1_43' title="bbox 464 2869 2045 2948; baseline -0.001 -15"><span class='ocrx_word' id='word_1_312' title='bbox 464 2877 806 2933; x_wconf 77' lang='lat' dir='ltr'><strong><em>niodicarum</em></strong></span> <span class='ocrx_word' id='word_1_313' title='bbox 874 2869 1213 2946; x_wconf 86' lang='lat' dir='ltr'><strong><em>impietatum</em></strong></span> <span class='ocrx_word' id='word_1_314' title='bbox 1279 2892 1447 2931; x_wconf 86' lang='lat' dir='ltr'><strong><em>causa</em></strong></span> <span class='ocrx_word' id='word_1_315' title='bbox 1508 2878 1698 2933; x_wconf 82' lang='lat' dir='ltr'><strong><em>isthaec</em></strong></span> <span class='ocrx_word' id='word_1_316' title='bbox 1763 2893 2045 2948; x_wconf 87' lang='lat' dir='ltr'><strong><em>passuros.</em></strong></span> 
     </span>
    </p>
   </div>
   <div class='ocr_carea' id='block_1_44' title="bbox 466 2967 2049 3038">
    <p class='ocr_par' dir='ltr' id='par_1_44' title="bbox 466 2967 2049 3038">
     <span class='ocr_line' id='line_1_44' title="bbox 466 2967 2049 3038; baseline -0.001 -14"><span class='ocrx_word' id='word_1_317' title='bbox 466 2968 830 3037; x_wconf 80' lang='lat' dir='ltr'><strong><em>Quamobrem</em></strong></span> <span class='ocrx_word' id='word_1_318' title='bbox 881 2975 1130 3023; x_wconf 88' lang='lat' dir='ltr'><strong><em>recenset</em></strong></span> <span class='ocrx_word' id='word_1_319' title='bbox 1176 2968 1267 3023; x_wconf 91' lang='lat' dir='ltr'><strong><em>ille</em></strong></span> <span class='ocrx_word' id='word_1_320' title='bbox 1319 2967 1536 3038; x_wconf 90' lang='lat' dir='ltr'><strong><em>quoties</em></strong></span> <span class='ocrx_word' id='word_1_321' title='bbox 1585 2970 1959 3038; x_wconf 85' lang='lat' dir='ltr'><strong><em>peccaverint,</em></strong></span> <span class='ocrx_word' id='word_1_322' title='bbox 1994 2976 2049 3024; x_wconf 91' lang='lat' dir='ltr'><strong><em>et</em></strong></span> 
     </span>
    </p>
   </div>
   <div class='ocr_carea' id='block_1_45' title="bbox 467 3045 2049 3131">
    <p class='ocr_par' dir='ltr' id='par_1_45' title="bbox 467 3045 2049 3131">
     <span class='ocr_line' id='line_1_45' title="bbox 467 3045 2049 3131; baseline 0.001 -17"><span class='ocrx_word' id='word_1_323' title='bbox 467 3045 682 3131; x_wconf 77' lang='lat' dir='ltr'><strong><em>quoties</em></strong></span> <span class='ocrx_word' id='word_1_324' title='bbox 730 3058 827 3113; x_wconf 90' lang='lat' dir='ltr'><strong><em>Dei</em></strong></span> <span class='ocrx_word' id='word_1_325' title='bbox 880 3059 1142 3128; x_wconf 86' lang='lat' dir='ltr'><strong><em>patientia</em></strong></span> <span class='ocrx_word' id='word_1_326' title='bbox 1196 3071 1422 3128; x_wconf 90' lang='lat' dir='ltr'><strong><em>peccata</em></strong></span> <span class='ocrx_word' id='word_1_327' title='bbox 1470 3074 1661 3114; x_wconf 90' lang='lat' dir='ltr'><strong><em>eorum</em></strong></span> <span class='ocrx_word' id='word_1_328' title='bbox 1708 3062 1930 3126; x_wconf 86' lang='lat' dir='ltr'><strong><em>tulerit,</em></strong></span> <span class='ocrx_word' id='word_1_329' title='bbox 1984 3077 2049 3116; x_wconf 89' lang='lat' dir='ltr'><strong><em>ac</em></strong></span> 
     </span>
    </p>
   </div>
   <div class='ocr_carea' id='block_1_46' title="bbox 468 3150 2048 3223">
    <p class='ocr_par' dir='ltr' id='par_1_46' title="bbox 468 3150 2048 3223">
     <span class='ocr_line' id='line_1_46' title="bbox 468 3150 2048 3223; baseline 0.002 -17"><span class='ocrx_word' id='word_1_330' title='bbox 468 3150 746 3223; x_wconf 90' lang='lat' dir='ltr'><strong><em>quomodo</em></strong></span> <span class='ocrx_word' id='word_1_331' title='bbox 780 3152 997 3206; x_wconf 89' lang='lat' dir='ltr'><strong><em>demum</em></strong></span> <span class='ocrx_word' id='word_1_332' title='bbox 1028 3166 1152 3205; x_wconf 90' lang='lat' dir='ltr'><strong><em>cum</em></strong></span> <span class='ocrx_word' id='word_1_333' title='bbox 1178 3150 1498 3220; x_wconf 87' lang='lat' dir='ltr'><strong><em>implessent</em></strong></span> <span class='ocrx_word' id='word_1_334' title='bbox 1526 3153 1865 3222; x_wconf 87' lang='lat' dir='ltr'><strong><em>impietatum</em></strong></span> <span class='ocrx_word' id='word_1_335' title='bbox 1892 3170 2048 3209; x_wconf 64' lang='lat' dir='ltr'><strong><em>meno</em></strong></span> 
     </span>
    </p>
   </div>
   <div class='ocr_carea' id='block_1_47' title="bbox 2230 1955 3727 2028">
    <p class='ocr_par' dir='ltr' id='par_1_47' title="bbox 2230 1955 3727 2028">
     <span class='ocr_line' id='line_1_47' title="bbox 2230 1955 3727 2028; baseline -0.001 -15"><span class='ocrx_word' id='word_1_336' title='bbox 2230 1961 2288 2014; x_wconf 85' lang='grc' dir='ltr'>Ὀ</span> <span class='ocrx_word' id='word_1_337' title='bbox 2316 1960 2473 2022; x_wconf 80' lang='grc' dir='ltr'>ἕκτος</span> <span class='ocrx_word' id='word_1_338' title='bbox 2500 1957 2685 2010; x_wconf 77' lang='grc' dir='ltr'>οὐκέτι</span> <span class='ocrx_word' id='word_1_339' title='bbox 2716 1955 2928 2026; x_wconf 80' lang='grc' dir='ltr'>ψαλμος</span> <span class='ocrx_word' id='word_1_340' title='bbox 2953 1956 3073 2009; x_wconf 81' lang='grc' dir='ltr'>οὐδὲ</span> <span class='ocrx_word' id='word_1_341' title='bbox 3100 1955 3211 2028; x_wconf 80' lang='grc' dir='ltr'>ᾠδὴ</span> <span class='ocrx_word' id='word_1_342' title='bbox 3239 1955 3359 2009; x_wconf 82' lang='grc' dir='ltr'>οὐδὲ</span> <span class='ocrx_word' id='word_1_343' title='bbox 3393 1955 3582 2026; x_wconf 75' lang='grc' dir='ltr'>ὕμνος,</span> <span class='ocrx_word' id='word_1_344' title='bbox 3605 1957 3727 2011; x_wconf 67' lang='grc' dir='ltr'>οὐδὲ</span> 
     </span>
    </p>
   </div>
   <div class='ocr_carea' id='block_1_48' title="bbox 2145 2044 3731 2120">
    <p class='ocr_par' dir='ltr' id='par_1_48' title="bbox 2145 2044 3731 2120">
     <span class='ocr_line' id='line_1_48' title="bbox 2145 2044 3731 2120; baseline -0.003 -16"><span class='ocrx_word' id='word_1_345' title='bbox 2145 2049 2457 2119; x_wconf 80' lang='grc' dir='ltr'><strong><em>ἀναπέμπει</em></strong></span> <span class='ocrx_word' id='word_1_346' title='bbox 2483 2050 2561 2111; x_wconf 88' lang='grc' dir='ltr'><strong><em>είς</em></strong></span> <span class='ocrx_word' id='word_1_347' title='bbox 2589 2046 2649 2099; x_wconf 85' lang='grc' dir='ltr'><strong><em>τὸ</em></strong></span> <span class='ocrx_word' id='word_1_348' title='bbox 2670 2044 3010 2109; x_wconf 51' lang='grc' dir='ltr'>τὲλοςθὼεν</span> <span class='ocrx_word' id='word_1_349' title='bbox 3034 2046 3185 2100; x_wconf 77' lang='grc' dir='ltr'>οὐδὲν</span> <span class='ocrx_word' id='word_1_350' title='bbox 3206 2045 3409 2100; x_wconf 87' lang='grc' dir='ltr'>τούτων</span> <span class='ocrx_word' id='word_1_351' title='bbox 3435 2049 3731 2120; x_wconf 75' lang='grc' dir='ltr'>ἐπιγέγραο</span> 
     </span>
    </p>
   </div>
   <div class='ocr_carea' id='block_1_49' title="bbox 2148 2136 3730 2212">
    <p class='ocr_par' dir='ltr' id='par_1_49' title="bbox 2148 2136 3730 2212">
     <span class='ocr_line' id='line_1_49' title="bbox 2148 2136 3730 2212; baseline -0.001 -18"><span class='ocrx_word' id='word_1_352' title='bbox 2148 2157 2276 2194; x_wconf 87' lang='grc' dir='ltr'>πται</span> <span class='ocrx_word' id='word_1_353' title='bbox 2295 2158 2308 2172; x_wconf 78' lang='grc' dir='ltr'><strong><em>ο</em></strong></span> <span class='ocrx_word' id='word_1_354' title='bbox 2336 2139 2591 2209; x_wconf 72' lang='grc' dir='ltr'><strong><em>διεγείρει</em></strong></span> <span class='ocrx_word' id='word_1_355' title='bbox 2618 2137 2676 2191; x_wconf 85' lang='grc' dir='ltr'>δὲ</span> <span class='ocrx_word' id='word_1_356' title='bbox 2706 2140 2856 2208; x_wconf 77' lang='grc' dir='ltr'>ἡμᾶς</span> <span class='ocrx_word' id='word_1_357' title='bbox 2901 2139 2981 2202; x_wconf 88' lang='grc' dir='ltr'><strong><em>είς</em></strong></span> <span class='ocrx_word' id='word_1_358' title='bbox 3026 2138 3241 2191; x_wconf 83' lang='grc' dir='ltr'>σύνεσιν</span> <span class='ocrx_word' id='word_1_359' title='bbox 3269 2136 3379 2191; x_wconf 85' lang='grc' dir='ltr'><strong><em>τῶν</em></strong></span> <span class='ocrx_word' id='word_1_360' title='bbox 3420 2138 3730 2212; x_wconf 65' lang='grc' dir='ltr'>ἐμφερομέ-</span> 
     </span>
    </p>
   </div>
   <div class='ocr_carea' id='block_1_50' title="bbox 2146 2231 3727 2305">
    <p class='ocr_par' dir='ltr' id='par_1_50' title="bbox 2146 2231 3727 2305">
     <span class='ocr_line' id='line_1_50' title="bbox 2146 2231 3727 2305; baseline 0 -18"><span class='ocrx_word' id='word_1_361' title='bbox 2146 2250 2272 2287; x_wconf 91' lang='grc' dir='ltr'>νων.</span> <span class='ocrx_word' id='word_1_362' title='bbox 2302 2232 2400 2285; x_wconf 83' lang='grc' dir='ltr'><strong><em>Διὰ</em></strong></span> <span class='ocrx_word' id='word_1_363' title='bbox 2431 2233 2483 2284; x_wconf 86' lang='grc' dir='ltr'><strong><em>τί</em></strong></span> <span class='ocrx_word' id='word_1_364' title='bbox 2515 2231 2573 2285; x_wconf 76' lang='grc' dir='ltr'>δὲ</span> <span class='ocrx_word' id='word_1_365' title='bbox 2611 2232 2774 2304; x_wconf 80' lang='grc' dir='ltr'>μηδὲν</span> <span class='ocrx_word' id='word_1_366' title='bbox 2797 2231 2907 2284; x_wconf 83' lang='grc' dir='ltr'>τῶν</span> <span class='ocrx_word' id='word_1_367' title='bbox 2930 2231 3341 2302; x_wconf 79' lang='grc' dir='ltr'>προειρημένων</span> <span class='ocrx_word' id='word_1_368' title='bbox 3366 2231 3400 2301; x_wconf 85' lang='grc' dir='ltr'><strong>ἡ</strong></span> <span class='ocrx_word' id='word_1_369' title='bbox 3436 2233 3727 2305; x_wconf 72' lang='grc' dir='ltr'>προγραφὴ</span> 
     </span>
    </p>
   </div>
   <div class='ocr_carea' id='block_1_51' title="bbox 2148 2321 3729 2396">
    <p class='ocr_par' dir='ltr' id='par_1_51' title="bbox 2148 2321 3729 2396">
     <span class='ocr_line' id='line_1_51' title="bbox 2148 2321 3729 2396; baseline -0.001 -19"><span class='ocrx_word' id='word_1_370' title='bbox 2148 2325 2412 2396; x_wconf 79' lang='grc' dir='ltr'>περιέχει,</span> <span class='ocrx_word' id='word_1_371' title='bbox 2440 2323 2552 2376; x_wconf 86' lang='grc' dir='ltr'>ἀλλ’</span> <span class='ocrx_word' id='word_1_372' title='bbox 2580 2322 2875 2394; x_wconf 78' lang='grc' dir='ltr'>ἐπειδήπερ</span> <span class='ocrx_word' id='word_1_373' title='bbox 2921 2324 2950 2376; x_wconf 87' lang='grc' dir='ltr'><strong><em>ό</em></strong></span> <span class='ocrx_word' id='word_1_374' title='bbox 2997 2323 3106 2385; x_wconf 81' lang='grc' dir='ltr'><strong><em>πᾶς</em></strong></span> <span class='ocrx_word' id='word_1_375' title='bbox 3137 2321 3294 2390; x_wconf 84' lang='grc' dir='ltr'>λόγος</span> <span class='ocrx_word' id='word_1_376' title='bbox 3324 2322 3417 2375; x_wconf 80' lang='grc' dir='ltr'>τοῦ</span> <span class='ocrx_word' id='word_1_377' title='bbox 3463 2322 3729 2376; x_wconf 80' lang='grc' dir='ltr'><strong><em>Ἰουδαίων</em></strong></span> 
     </span>
    </p>
   </div>
   <div class='ocr_carea' id='block_1_52' title="bbox 2148 2413 3727 2489">
    <p class='ocr_par' dir='ltr' id='par_1_52' title="bbox 2148 2413 3727 2489">
     <span class='ocr_line' id='line_1_52' title="bbox 2148 2413 3727 2489; baseline -0.003 -18"><span class='ocrx_word' id='word_1_378' title='bbox 2148 2417 2334 2481; x_wconf 72' lang='grc' dir='ltr'>ἔθνους</span> <span class='ocrx_word' id='word_1_379' title='bbox 2362 2418 2677 2489; x_wconf 82' lang='grc' dir='ltr'>κατηγορεῖ,</span> <span class='ocrx_word' id='word_1_380' title='bbox 2702 2414 3212 2488; x_wconf 79' lang='grc' dir='ltr'>καταριθμούμενος</span> <span class='ocrx_word' id='word_1_381' title='bbox 3254 2414 3434 2468; x_wconf 83' lang='grc' dir='ltr'>αὐτῶν</span> <span class='ocrx_word' id='word_1_382' title='bbox 3462 2415 3532 2467; x_wconf 88' lang='grc' dir='ltr'>τὰ</span> <span class='ocrx_word' id='word_1_383' title='bbox 3559 2413 3727 2468; x_wconf 79' lang='grc' dir='ltr'>πάλαι</span> 
     </span>
    </p>
   </div>
   <div class='ocr_carea' id='block_1_53' title="bbox 2148 2506 3731 2579">
    <p class='ocr_par' dir='ltr' id='par_1_53' title="bbox 2148 2506 3731 2579">
     <span class='ocr_line' id='line_1_53' title="bbox 2148 2506 3731 2579; baseline -0.003 -16"><span class='ocrx_word' id='word_1_384' title='bbox 2148 2510 2503 2579; x_wconf 74' lang='grc' dir='ltr'>ἀσεϐήματας</span> <span class='ocrx_word' id='word_1_385' title='bbox 2539 2507 2710 2560; x_wconf 79' lang='grc' dir='ltr'>Τοῦτο</span> <span class='ocrx_word' id='word_1_386' title='bbox 2747 2506 2803 2559; x_wconf 88' lang='grc' dir='ltr'>δὲ</span> <span class='ocrx_word' id='word_1_387' title='bbox 2838 2508 3065 2578; x_wconf 82' lang='grc' dir='ltr'>πράττει</span> <span class='ocrx_word' id='word_1_388' title='bbox 3096 2508 3125 2559; x_wconf 85' lang='grc' dir='ltr'><strong><em>ό</em></strong></span> <span class='ocrx_word' id='word_1_389' title='bbox 3168 2506 3452 2577; x_wconf 72' lang='grc' dir='ltr'>προφήτης</span> <span class='ocrx_word' id='word_1_390' title='bbox 3492 2508 3573 2570; x_wconf 89' lang='grc' dir='ltr'><strong><em>είς</em></strong></span> <span class='ocrx_word' id='word_1_391' title='bbox 3600 2509 3731 2560; x_wconf 83' lang='grc' dir='ltr'>ἀπο-</span> 
     </span>
    </p>
   </div>
   <div class='ocr_carea' id='block_1_54' title="bbox 2147 2596 3730 2669">
    <p class='ocr_par' dir='ltr' id='par_1_54' title="bbox 2147 2596 3730 2669">
     <span class='ocr_line' id='line_1_54' title="bbox 2147 2596 3730 2669; baseline -0.001 -18"><span class='ocrx_word' id='word_1_392' title='bbox 2147 2599 2332 2668; x_wconf 76' lang='grc' dir='ltr'>λογίαν</span> <span class='ocrx_word' id='word_1_393' title='bbox 2372 2600 2473 2669; x_wconf 82' lang='grc' dir='ltr'>τῆς</span> <span class='ocrx_word' id='word_1_394' title='bbox 2503 2598 2598 2653; x_wconf 81' lang='grc' dir='ltr'>τοῦ</span> <span class='ocrx_word' id='word_1_395' title='bbox 2643 2596 2777 2651; x_wconf 80' lang='grc' dir='ltr'>Θεοῦ</span> <span class='ocrx_word' id='word_1_396' title='bbox 2807 2598 3232 2669; x_wconf 83' lang='grc' dir='ltr'>δικαιοκρισίας·</span> <span class='ocrx_word' id='word_1_397' title='bbox 3270 2596 3477 2668; x_wconf 80' lang='grc' dir='ltr'>μέλλων</span> <span class='ocrx_word' id='word_1_398' title='bbox 3502 2597 3611 2669; x_wconf 86' lang='grc' dir='ltr'>γὰρ</span> <span class='ocrx_word' id='word_1_399' title='bbox 3639 2597 3730 2650; x_wconf 84' lang='grc' dir='ltr'>θε-</span> 
     </span>
    </p>
   </div>
   <div class='ocr_carea' id='block_1_55' title="bbox 2151 2689 3730 2763">
    <p class='ocr_par' dir='ltr' id='par_1_55' title="bbox 2151 2689 3730 2763">
     <span class='ocr_line' id='line_1_55' title="bbox 2151 2689 3730 2763; baseline -0.001 -18"><span class='ocrx_word' id='word_1_400' title='bbox 2151 2693 2363 2756; x_wconf 78' lang='grc' dir='ltr'>σπίζειν</span> <span class='ocrx_word' id='word_1_401' title='bbox 2384 2692 2455 2745; x_wconf 84' lang='grc' dir='ltr'>τὰ</span> <span class='ocrx_word' id='word_1_402' title='bbox 2487 2692 2879 2763; x_wconf 75' lang='grc' dir='ltr'>συμϐησόμενα</span> <span class='ocrx_word' id='word_1_403' title='bbox 2901 2691 2980 2762; x_wconf 81' lang='grc' dir='ltr'>τῷ</span> <span class='ocrx_word' id='word_1_404' title='bbox 3005 2689 3147 2744; x_wconf 77' lang='grc' dir='ltr'>ἔθνει</span> <span class='ocrx_word' id='word_1_405' title='bbox 3175 2690 3282 2763; x_wconf 78' lang='grc' dir='ltr'><strong><em>πρὸ</em></strong></span> <span class='ocrx_word' id='word_1_406' title='bbox 3304 2691 3405 2760; x_wconf 81' lang='grc' dir='ltr'>τῆς</span> <span class='ocrx_word' id='word_1_407' title='bbox 3424 2689 3517 2745; x_wconf 81' lang='grc' dir='ltr'>τοῦ</span> <span class='ocrx_word' id='word_1_408' title='bbox 3541 2690 3730 2761; x_wconf 81' lang='grc' dir='ltr'>Σωτῆ-</span> 
     </span>
    </p>
   </div>
   <div class='ocr_carea' id='block_1_56' title="bbox 2154 2782 3730 2858">
    <p class='ocr_par' dir='ltr' id='par_1_56' title="bbox 2154 2782 3730 2858">
     <span class='ocr_line' id='line_1_56' title="bbox 2154 2782 3730 2858; baseline -0.001 -20"><span class='ocrx_word' id='word_1_409' title='bbox 2154 2802 2244 2858; x_wconf 88' lang='grc' dir='ltr'><strong><em>ρος</em></strong></span> <span class='ocrx_word' id='word_1_410' title='bbox 2277 2784 2598 2858; x_wconf 80' lang='grc' dir='ltr'>παρουσίας,</span> <span class='ocrx_word' id='word_1_411' title='bbox 2626 2784 2937 2853; x_wconf 80' lang='grc' dir='ltr'>ἀναγκαίως</span> <span class='ocrx_word' id='word_1_412' title='bbox 2967 2783 3224 2846; x_wconf 81' lang='grc' dir='ltr'>διδάσκει,</span> <span class='ocrx_word' id='word_1_413' title='bbox 3263 2785 3344 2837; x_wconf 86' lang='grc' dir='ltr'><strong><em>ὄτι</em></strong></span> <span class='ocrx_word' id='word_1_414' title='bbox 3384 2782 3458 2856; x_wconf 79' lang='grc' dir='ltr'>μὴ</span> <span class='ocrx_word' id='word_1_415' title='bbox 3501 2784 3593 2836; x_wconf 78' lang='grc' dir='ltr'><strong><em>ἐπὶ</em></strong></span> <span class='ocrx_word' id='word_1_416' title='bbox 3641 2800 3730 2853; x_wconf 77' lang='grc' dir='ltr'>μι-</span> 
     </span>
    </p>
   </div>
   <div class='ocr_carea' id='block_1_57' title="bbox 2150 2876 3729 2953">
    <p class='ocr_par' dir='ltr' id='par_1_57' title="bbox 2150 2876 3729 2953">
     <span class='ocr_line' id='line_1_57' title="bbox 2150 2876 3729 2953; baseline -0.003 -19"><span class='ocrx_word' id='word_1_417' title='bbox 2150 2883 2303 2953; x_wconf 83' lang='grc' dir='ltr'>κροϊς</span> <span class='ocrx_word' id='word_1_418' title='bbox 2345 2878 2654 2949; x_wconf 78' lang='grc' dir='ltr'>ἀσεϐήμασι</span> <span class='ocrx_word' id='word_1_419' title='bbox 2702 2876 2875 2931; x_wconf 80' lang='grc' dir='ltr'>ταῦτα</span> <span class='ocrx_word' id='word_1_420' title='bbox 2926 2877 3222 2930; x_wconf 89' lang='grc' dir='ltr'>πείσονται.</span> <span class='ocrx_word' id='word_1_421' title='bbox 3272 2877 3469 2948; x_wconf 86' lang='grc' dir='ltr'>Διόπερ</span> <span class='ocrx_word' id='word_1_422' title='bbox 3495 2894 3729 2949; x_wconf 78' lang='grc' dir='ltr'>καταρι-</span> 
     </span>
    </p>
   </div>
   <div class='ocr_carea' id='block_1_58' title="bbox 2150 2966 3728 3044">
    <p class='ocr_par' dir='ltr' id='par_1_58' title="bbox 2150 2966 3728 3044">
     <span class='ocr_line' id='line_1_58' title="bbox 2150 2966 3728 3044; baseline -0.002 -18"><span class='ocrx_word' id='word_1_423' title='bbox 2150 2972 2365 3044; x_wconf 89' lang='grc' dir='ltr'>θμεῖται</span> <span class='ocrx_word' id='word_1_424' title='bbox 2380 2971 2795 3042; x_wconf 79' lang='grc' dir='ltr'>όσάκιςῆμαρτε</span> <span class='ocrx_word' id='word_1_425' title='bbox 2811 2970 2904 3023; x_wconf 72' lang='grc' dir='ltr'><strong><em>καὶ</em></strong></span> <span class='ocrx_word' id='word_1_426' title='bbox 2918 2968 3108 3032; x_wconf 76' lang='grc' dir='ltr'>ὁσάκις</span> <span class='ocrx_word' id='word_1_427' title='bbox 3128 2971 3354 3040; x_wconf 78' lang='grc' dir='ltr'>ήνεγκεν</span> <span class='ocrx_word' id='word_1_428' title='bbox 3377 2971 3613 3040; x_wconf 79' lang='grc' dir='ltr'>αὐτοὺςή</span> <span class='ocrx_word' id='word_1_429' title='bbox 3632 2966 3728 3023; x_wconf 78' lang='grc' dir='ltr'>τοῦ</span> 
     </span>
    </p>
   </div>
   <div class='ocr_carea' id='block_1_59' title="bbox 2149 3048 3728 3134">
    <p class='ocr_par' dir='ltr' id='par_1_59' title="bbox 2149 3048 3728 3134">
     <span class='ocr_line' id='line_1_59' title="bbox 2149 3048 3728 3134; baseline -0.001 -17"><span class='ocrx_word' id='word_1_430' title='bbox 2149 3064 2284 3117; x_wconf 81' lang='grc' dir='ltr'>Θεοῦ</span> <span class='ocrx_word' id='word_1_431' title='bbox 2319 3062 2691 3134; x_wconf 85' lang='grc' dir='ltr'>μακροθυμία,</span> <span class='ocrx_word' id='word_1_432' title='bbox 2732 3062 2826 3114; x_wconf 79' lang='grc' dir='ltr'><strong><em>καὶ</em></strong></span> <span class='ocrx_word' id='word_1_433' title='bbox 2855 3060 2929 3124; x_wconf 86' lang='grc' dir='ltr'>ὡς</span> <span class='ocrx_word' id='word_1_434' title='bbox 2954 3059 3180 3132; x_wconf 79' lang='grc' dir='ltr'>ὕστερον</span> <span class='ocrx_word' id='word_1_435' title='bbox 3213 3048 3606 3132; x_wconf 83' lang='grc' dir='ltr'>πληρώσαντας</span> <span class='ocrx_word' id='word_1_436' title='bbox 3628 3061 3728 3116; x_wconf 74' lang='grc' dir='ltr'>αὐο</span> 
     </span>
    </p>
   </div>
   <div class='ocr_carea' id='block_1_60' title="bbox 2150 3152 3727 3235">
    <p class='ocr_par' dir='ltr' id='par_1_60' title="bbox 2150 3152 3727 3235">
     <span class='ocr_line' id='line_1_60' title="bbox 2150 3152 3727 3235; baseline -0.001 -25"><span class='ocrx_word' id='word_1_437' title='bbox 2150 3158 2275 3220; x_wconf 80' lang='grc' dir='ltr'>τοὺς</span> <span class='ocrx_word' id='word_1_438' title='bbox 2299 3157 2359 3209; x_wconf 81' lang='grc' dir='ltr'><strong><em>τὸ</em></strong></span> <span class='ocrx_word' id='word_1_439' title='bbox 2392 3156 2587 3235; x_wconf 65' lang='grc' dir='ltr'>μέτρον</span> <span class='ocrx_word' id='word_1_440' title='bbox 2611 3153 2721 3208; x_wconf 83' lang='grc' dir='ltr'>τῶν</span> <span class='ocrx_word' id='word_1_441' title='bbox 2743 3152 2911 3225; x_wconf 77' lang='grc' dir='ltr'>ἀσεόη</span> <span class='ocrx_word' id='word_1_442' title='bbox 2922 3154 3104 3224; x_wconf 86' lang='grc' dir='ltr'>μάτων</span> <span class='ocrx_word' id='word_1_443' title='bbox 3123 3153 3435 3207; x_wconf 82' lang='grc' dir='ltr'>δικαιότατα</span> <span class='ocrx_word' id='word_1_444' title='bbox 3465 3154 3727 3225; x_wconf 81' lang='grc' dir='ltr'>μετῆλθεν</span> 
     </span>
    </p>
   </div>
   <div class='ocr_carea' id='block_1_61' title="bbox 466 3228 2043 3320">
    <p class='ocr_par' dir='ltr' id='par_1_61' title="bbox 466 3241 2043 3312">
     <span class='ocr_line' id='line_1_61' title="bbox 466 3241 2043 3312; baseline -0.002 -12"><span class='ocrx_word' id='word_1_445' title='bbox 466 3258 656 3300; x_wconf 77' lang='lat' dir='ltr'><strong><em>suram</em></strong></span> <span class='ocrx_word' id='word_1_446' title='bbox 680 3281 696 3308; x_wconf 90' lang='lat'><strong><em>,</em></strong></span> <span class='ocrx_word' id='word_1_447' title='bbox 734 3257 830 3297; x_wconf 90' lang='lat' dir='ltr'><strong><em>eos</em></strong></span> <span class='ocrx_word' id='word_1_448' title='bbox 865 3242 1016 3312; x_wconf 88' lang='lat' dir='ltr'><strong><em>ipsos</em></strong></span> <span class='ocrx_word' id='word_1_449' title='bbox 1037 3241 1330 3295; x_wconf 87' lang='lat' dir='ltr'><strong><em>admodum</em></strong></span> <span class='ocrx_word' id='word_1_450' title='bbox 1355 3241 1501 3312; x_wconf 85' lang='lat' dir='ltr'><strong><em>juste</em></strong></span> <span class='ocrx_word' id='word_1_451' title='bbox 1537 3244 1617 3297; x_wconf 90' lang='lat' dir='ltr'><strong><em>ira</em></strong></span> <span class='ocrx_word' id='word_1_452' title='bbox 1641 3241 1735 3298; x_wconf 88' lang='lat' dir='ltr'><strong><em>Dei</em></strong></span> <span class='ocrx_word' id='word_1_453' title='bbox 1765 3244 2043 3299; x_wconf 89' lang='lat' dir='ltr'><strong><em>invaserit.</em></strong></span> 
     </span>
    </p>
   </div>
   <div class='ocr_carea' id='block_1_62' title="bbox 2146 3228 3728 3320">
    <p class='ocr_par' dir='ltr' id='par_1_62' title="bbox 2149 3228 3728 3320">
     <span class='ocr_line' id='line_1_62' title="bbox 2149 3228 3728 3320; baseline -0.001 -18"><span class='ocrx_word' id='word_1_454' title='bbox 2149 3249 2182 3320; x_wconf 81' lang='grc' dir='ltr'><strong>ἡ</strong></span> <span class='ocrx_word' id='word_1_455' title='bbox 2214 3250 2277 3302; x_wconf 80' lang='grc' dir='ltr'>ὲκ</span> <span class='ocrx_word' id='word_1_456' title='bbox 2308 3228 2748 3318; x_wconf 45' lang='grc' dir='ltr'>Θεοῦ-ὀργήέῐω</span> <span class='ocrx_word' id='word_1_457' title='bbox 2776 3240 2868 3298; x_wconf 79' lang='grc' dir='ltr'><strong><em>οὖν</em></strong></span> <span class='ocrx_word' id='word_1_458' title='bbox 2913 3245 3087 3299; x_wconf 80' lang='grc' dir='ltr'>ταῦτα</span> <span class='ocrx_word' id='word_1_459' title='bbox 3131 3245 3369 3316; x_wconf 83' lang='grc' dir='ltr'>γνῶμεν,</span> <span class='ocrx_word' id='word_1_460' title='bbox 3415 3246 3728 3315; x_wconf 84' lang='grc' dir='ltr'>ἀναγκαίως</span> 
     </span>
    </p>
   </div>
   <div class='ocr_carea' id='block_1_63' title="bbox 468 3332 2047 3406">
    <p class='ocr_par' dir='ltr' id='par_1_63' title="bbox 468 3332 2047 3406">
     <span class='ocr_line' id='line_1_63' title="bbox 468 3332 2047 3406; baseline 0 -15"><span class='ocrx_word' id='word_1_461' title='bbox 468 3332 542 3391; x_wconf 91' lang='lat' dir='ltr'><strong><em>Ut</em></strong></span> <span class='ocrx_word' id='word_1_462' title='bbox 569 3335 680 3389; x_wconf 81' lang='lat' dir='ltr'><strong><em>haec</em></strong></span> <span class='ocrx_word' id='word_1_463' title='bbox 714 3336 899 3405; x_wconf 88' lang='lat' dir='ltr'><strong><em>itaque</em></strong></span> <span class='ocrx_word' id='word_1_464' title='bbox 927 3350 1326 3406; x_wconf 82' lang='lat' dir='ltr'><strong><em>cognoscamus</em></strong></span> <span class='ocrx_word' id='word_1_465' title='bbox 1345 3374 1360 3400; x_wconf 93' lang='lat'><strong><em>,</em></strong></span> <span class='ocrx_word' id='word_1_466' title='bbox 1391 3336 1706 3391; x_wconf 89' lang='lat' dir='ltr'><strong><em>necessario</em></strong></span> <span class='ocrx_word' id='word_1_467' title='bbox 1737 3337 1817 3390; x_wconf 91' lang='lat' dir='ltr'><strong><em>sic</em></strong></span> <span class='ocrx_word' id='word_1_468' title='bbox 1845 3336 2047 3394; x_wconf 74' lang='lat' dir='ltr'><strong><em>inscri~</em></strong></span> 
     </span>
    </p>
   </div>
   <div class='ocr_carea' id='block_1_64' title="bbox 467 3426 2046 3499">
    <p class='ocr_par' dir='ltr' id='par_1_64' title="bbox 467 3426 2046 3499">
     <span class='ocr_line' id='line_1_64' title="bbox 467 3426 2046 3499; baseline 0 -13"><span class='ocrx_word' id='word_1_469' title='bbox 467 3427 583 3486; x_wconf 87' lang='lat' dir='ltr'><strong><em>bit:</em></strong></span> <span class='ocrx_word' id='word_1_470' title='bbox 622 3426 931 3489; x_wconf 82' lang='lat' dir='ltr'><strong><em>Intellectus</em></strong></span> <span class='ocrx_word' id='word_1_471' title='bbox 964 3427 1145 3496; x_wconf 75' lang='lat' dir='ltr'><strong><em>Asaplt</em></strong></span> <span class='ocrx_word' id='word_1_472' title='bbox 1174 3428 1241 3492; x_wconf 82' lang='grc'><strong><em>⁸³,</em></strong></span> <span class='ocrx_word' id='word_1_473' title='bbox 1276 3443 1343 3483; x_wconf 87' lang='lat' dir='ltr'><strong><em>ac</em></strong></span> <span class='ocrx_word' id='word_1_474' title='bbox 1375 3427 1431 3483; x_wconf 91' lang='lat' dir='ltr'><strong><em>in</em></strong></span> <span class='ocrx_word' id='word_1_475' title='bbox 1466 3429 1827 3499; x_wconf 86' lang='lat' dir='ltr'><strong><em>sequentibus</em></strong></span> <span class='ocrx_word' id='word_1_476' title='bbox 1858 3431 2046 3486; x_wconf 89' lang='lat' dir='ltr'><strong><em>omnia</em></strong></span> 
     </span>
    </p>
   </div>
   <div class='ocr_carea' id='block_1_65' title="bbox 467 3522 1209 3577">
    <p class='ocr_par' dir='ltr' id='par_1_65' title="bbox 467 3522 1209 3577">
     <span class='ocr_line' id='line_1_65' title="bbox 467 3522 1209 3577; baseline 0 -1"><span class='ocrx_word' id='word_1_477' title='bbox 467 3536 660 3577; x_wconf 86' lang='lat' dir='ltr'><strong><em>eorum</em></strong></span> <span class='ocrx_word' id='word_1_478' title='bbox 692 3522 902 3577; x_wconf 90' lang='lat' dir='ltr'><strong><em>scelera</em></strong></span> <span class='ocrx_word' id='word_1_479' title='bbox 934 3529 1209 3577; x_wconf 87' lang='lat' dir='ltr'><strong><em>recenset.</em></strong></span> 
     </span>
    </p>
   </div>
   <div class='ocr_carea' id='block_1_66' title="bbox 1185 3634 1297 3691">
    <p class='ocr_par' dir='ltr' id='par_1_66' title="bbox 1185 3634 1297 3691">
     <span class='ocr_line' id='line_1_66' title="bbox 1185 3634 1297 3691; baseline -0.018 0"><span class='ocrx_word' id='word_1_480' title='bbox 1185 3634 1297 3691; x_wconf 80' lang='lat' dir='ltr'><strong><em>Vll.</em></strong></span> 
     </span>
    </p>
   </div>
   <div class='ocr_carea' id='block_1_67' title="bbox 536 3729 2045 3805">
    <p class='ocr_par' dir='ltr' id='par_1_67' title="bbox 536 3729 2045 3805">
     <span class='ocr_line' id='line_1_67' title="bbox 536 3729 2045 3805; baseline 0.003 -19"><span class='ocrx_word' id='word_1_481' title='bbox 536 3729 834 3803; x_wconf 85' lang='lat' dir='ltr'><strong><em>Postquam</em></strong></span> <span class='ocrx_word' id='word_1_482' title='bbox 864 3732 1268 3787; x_wconf 88' lang='lat' dir='ltr'><strong><em>multitudinem</em></strong></span> <span class='ocrx_word' id='word_1_483' title='bbox 1310 3740 1660 3803; x_wconf 87' lang='lat' dir='ltr'><strong><em>peccatorum</em></strong></span> <span class='ocrx_word' id='word_1_484' title='bbox 1688 3732 1898 3789; x_wconf 84' lang='lat' dir='ltr'><strong><em>Judaici</em></strong></span> <span class='ocrx_word' id='word_1_485' title='bbox 1945 3750 2045 3805; x_wconf 86' lang='lat' dir='ltr'><strong><em>po-</em></strong></span> 
     </span>
    </p>
   </div>
   <div class='ocr_carea' id='block_1_68' title="bbox 468 3822 2045 3895">
    <p class='ocr_par' dir='ltr' id='par_1_68' title="bbox 468 3822 2045 3895">
     <span class='ocr_line' id='line_1_68' title="bbox 468 3822 2045 3895; baseline 0.001 -18"><span class='ocrx_word' id='word_1_486' title='bbox 468 3822 581 3894; x_wconf 89' lang='lat' dir='ltr'><strong><em>puli</em></strong></span> <span class='ocrx_word' id='word_1_487' title='bbox 621 3825 944 3893; x_wconf 87' lang='lat' dir='ltr'><strong><em>compendio</em></strong></span> <span class='ocrx_word' id='word_1_488' title='bbox 974 3826 1269 3888; x_wconf 81' lang='lat' dir='ltr'><strong><em>retulerat,</em></strong></span> <span class='ocrx_word' id='word_1_489' title='bbox 1301 3833 1354 3878; x_wconf 86' lang='lat' dir='ltr'><strong><em>et</em></strong></span> <span class='ocrx_word' id='word_1_490' title='bbox 1386 3838 1487 3880; x_wconf 84' lang='lat' dir='ltr'><strong><em>ceu</em></strong></span> <span class='ocrx_word' id='word_1_491' title='bbox 1527 3825 1583 3879; x_wconf 91' lang='lat' dir='ltr'><strong><em>in</em></strong></span> <span class='ocrx_word' id='word_1_492' title='bbox 1615 3824 1777 3895; x_wconf 91' lang='lat' dir='ltr'><strong><em>cippo</em></strong></span> <span class='ocrx_word' id='word_1_493' title='bbox 1812 3825 2045 3879; x_wconf 86' lang='lat' dir='ltr'><strong><em>crimina</em></strong></span> 
     </span>
    </p>
   </div>
   <div class='ocr_carea' id='block_1_69' title="bbox 468 3912 2041 3985">
    <p class='ocr_par' dir='ltr' id='par_1_69' title="bbox 468 3912 2041 3985">
     <span class='ocr_line' id='line_1_69' title="bbox 468 3912 2041 3985; baseline 0 -16"><span class='ocrx_word' id='word_1_494' title='bbox 468 3928 659 3969; x_wconf 85' lang='lat' dir='ltr'><strong><em>eorum</em></strong></span> <span class='ocrx_word' id='word_1_495' title='bbox 682 3912 1080 3983; x_wconf 87' lang='lat' dir='ltr'><strong><em>insculpserat;</em></strong></span> <span class='ocrx_word' id='word_1_496' title='bbox 1107 3924 1507 3984; x_wconf 85' lang='lat' dir='ltr'><strong><em>consequenter</em></strong></span> <span class='ocrx_word' id='word_1_497' title='bbox 1532 3914 1619 3968; x_wconf 88' lang='lat' dir='ltr'><strong><em>hic</em></strong></span> <span class='ocrx_word' id='word_1_498' title='bbox 1646 3915 2005 3985; x_wconf 88' lang='lat' dir='ltr'><strong><em>irruptionem</em></strong></span> <span class='ocrx_word' id='word_1_499' title='bbox 2024 3954 2041 3981; x_wconf 86' lang='lat'><strong><em>,</em></strong></span> 
     </span>
    </p>
   </div>
   <div class='ocr_carea' id='block_1_70' title="bbox 470 4006 2044 4079">
    <p class='ocr_par' dir='ltr' id='par_1_70' title="bbox 470 4006 2044 4079">
     <span class='ocr_line' id='line_1_70' title="bbox 470 4006 2044 4079; baseline 0 -19"><span class='ocrx_word' id='word_1_500' title='bbox 470 4022 592 4078; x_wconf 84' lang='lat' dir='ltr'><strong><em>quae</em></strong></span> <span class='ocrx_word' id='word_1_501' title='bbox 624 4015 869 4077; x_wconf 90' lang='lat' dir='ltr'><strong><em>tempore</em></strong></span> <span class='ocrx_word' id='word_1_502' title='bbox 900 4006 1156 4061; x_wconf 80' lang='lat' dir='ltr'><strong><em>Antiochi</em></strong></span> <span class='ocrx_word' id='word_1_503' title='bbox 1191 4006 1363 4079; x_wconf 63' lang='lat' dir='ltr'><strong><em>Syriae</em></strong></span> <span class='ocrx_word' id='word_1_504' title='bbox 1394 4007 1541 4078; x_wconf 75' lang='lat' dir='ltr'><strong><em>regis</em></strong></span> <span class='ocrx_word' id='word_1_505' title='bbox 1577 4007 1720 4062; x_wconf 85' lang='lat' dir='ltr'><strong><em>facta</em></strong></span> <span class='ocrx_word' id='word_1_506' title='bbox 1748 4015 1866 4073; x_wconf 88' lang='lat' dir='ltr'><strong><em>est,</em></strong></span> <span class='ocrx_word' id='word_1_507' title='bbox 1898 4007 2044 4061; x_wconf 85' lang='lat' dir='ltr'><strong><em>vati-</em></strong></span> 
     </span>
    </p>
   </div>
   <div class='ocr_carea' id='block_1_71' title="bbox 469 4097 2044 4171">
    <p class='ocr_par' dir='ltr' id='par_1_71' title="bbox 469 4097 2044 4171">
     <span class='ocr_line' id='line_1_71' title="bbox 469 4097 2044 4171; baseline 0 -17"><span class='ocrx_word' id='word_1_508' title='bbox 469 4100 706 4154; x_wconf 86' lang='lat' dir='ltr'><strong><em>cinatur.</em></strong></span> <span class='ocrx_word' id='word_1_509' title='bbox 736 4098 840 4164; x_wconf 85' lang='lat' dir='ltr'><strong><em>Qui</em></strong></span> <span class='ocrx_word' id='word_1_510' title='bbox 869 4097 1263 4171; x_wconf 84' lang='lat' dir='ltr'><strong><em>Jerosolymam</em></strong></span> <span class='ocrx_word' id='word_1_511' title='bbox 1295 4101 1578 4170; x_wconf 76' lang='lat' dir='ltr'><strong><em>ingressus</em></strong></span> <span class='ocrx_word' id='word_1_512' title='bbox 1597 4141 1612 4168; x_wconf 91' lang='lat'><strong><em>,</em></strong></span> <span class='ocrx_word' id='word_1_513' title='bbox 1643 4101 1904 4169; x_wconf 87' lang='lat' dir='ltr'><strong><em>templum</em></strong></span> <span class='ocrx_word' id='word_1_514' title='bbox 1934 4115 2044 4154; x_wconf 90' lang='lat' dir='ltr'><strong><em>non</em></strong></span> 
     </span>
    </p>
   </div>
   <div class='ocr_carea' id='block_1_72' title="bbox 466 4190 2045 4262">
    <p class='ocr_par' dir='ltr' id='par_1_72' title="bbox 466 4190 2045 4262">
     <span class='ocr_line' id='line_1_72' title="bbox 466 4190 2045 4262; baseline 0.001 -17"><span class='ocrx_word' id='word_1_515' title='bbox 466 4192 694 4255; x_wconf 88' lang='lat' dir='ltr'><strong><em>evertit,</em></strong></span> <span class='ocrx_word' id='word_1_516' title='bbox 725 4190 820 4246; x_wconf 85' lang='lat' dir='ltr'><strong><em>sed</em></strong></span> <span class='ocrx_word' id='word_1_517' title='bbox 853 4191 1198 4260; x_wconf 78' lang='lat' dir='ltr'><strong><em>profanavit,</em></strong></span> <span class='ocrx_word' id='word_1_518' title='bbox 1236 4199 1399 4261; x_wconf 90' lang='lat' dir='ltr'><strong><em>atque</em></strong></span> <span class='ocrx_word' id='word_1_519' title='bbox 1434 4202 1645 4262; x_wconf 80' lang='lat' dir='ltr'><strong><em>gentem</em></strong></span> <span class='ocrx_word' id='word_1_520' title='bbox 1678 4193 1744 4246; x_wconf 90' lang='lat' dir='ltr'><strong><em>ad</em></strong></span> <span class='ocrx_word' id='word_1_521' title='bbox 1778 4192 1923 4246; x_wconf 89' lang='lat' dir='ltr'><strong><em>idola</em></strong></span> <span class='ocrx_word' id='word_1_522' title='bbox 1957 4207 2045 4246; x_wconf 85' lang='lat' dir='ltr'><strong><em>co-</em></strong></span> 
     </span>
    </p>
   </div>
   <div class='ocr_carea' id='block_1_73' title="bbox 467 4281 2042 4352">
    <p class='ocr_par' dir='ltr' id='par_1_73' title="bbox 467 4281 2042 4352">
     <span class='ocr_line' id='line_1_73' title="bbox 467 4281 2042 4352; baseline 0.001 -14"><span class='ocrx_word' id='word_1_523' title='bbox 467 4281 629 4338; x_wconf 84' lang='lat' dir='ltr'><strong><em>lenda</em></strong></span> <span class='ocrx_word' id='word_1_524' title='bbox 674 4285 957 4352; x_wconf 89' lang='lat' dir='ltr'><strong><em>compulit.</em></strong></span> <span class='ocrx_word' id='word_1_525' title='bbox 1010 4282 1253 4349; x_wconf 88' lang='lat' dir='ltr'><strong><em>Quarum</em></strong></span> <span class='ocrx_word' id='word_1_526' title='bbox 1301 4299 1483 4338; x_wconf 89' lang='lat' dir='ltr'><strong><em>rerum</em></strong></span> <span class='ocrx_word' id='word_1_527' title='bbox 1529 4283 1853 4349; x_wconf 90' lang='lat' dir='ltr'><strong><em>historiam,</em></strong></span> <span class='ocrx_word' id='word_1_528' title='bbox 1902 4284 2042 4339; x_wconf 90' lang='lat' dir='ltr'><strong><em>liber</em></strong></span> 
     </span>
    </p>
   </div>
   <div class='ocr_carea' id='block_1_74' title="bbox 468 4373 2045 4446">
    <p class='ocr_par' dir='ltr' id='par_1_74' title="bbox 468 4373 2045 4446">
     <span class='ocr_line' id='line_1_74' title="bbox 468 4373 2045 4446; baseline 0.001 -17"><span class='ocrx_word' id='word_1_529' title='bbox 468 4373 901 4430; x_wconf 69' lang='lat' dir='ltr'><strong><em>Machabzeorum</em></strong></span> <span class='ocrx_word' id='word_1_530' title='bbox 965 4376 1263 4444; x_wconf 88' lang='lat' dir='ltr'><strong><em>inscriptus</em></strong></span> <span class='ocrx_word' id='word_1_531' title='bbox 1308 4377 1710 4446; x_wconf 84' lang='lat' dir='ltr'><strong><em>complectitur.</em></strong></span> <span class='ocrx_word' id='word_1_532' title='bbox 1737 4375 1796 4429; x_wconf 90' lang='lat' dir='ltr'><strong><em>ln</em></strong></span> <span class='ocrx_word' id='word_1_533' title='bbox 1822 4392 1929 4446; x_wconf 86' lang='lat' dir='ltr'><strong><em>quo</em></strong></span> <span class='ocrx_word' id='word_1_534' title='bbox 1955 4391 2045 4431; x_wconf 91' lang='lat' dir='ltr'><strong><em>oc-</em></strong></span> 
     </span>
    </p>
   </div>
   <div class='ocr_carea' id='block_1_75' title="bbox 2148 3331 3726 3409">
    <p class='ocr_par' dir='ltr' id='par_1_75' title="bbox 2148 3331 3726 3409">
     <span class='ocr_line' id='line_1_75' title="bbox 2148 3331 3726 3409; baseline -0.001 -17"><span class='ocrx_word' id='word_1_535' title='bbox 2148 3339 2460 3409; x_wconf 75' lang='grc' dir='ltr'>ἐπιγράφει,</span> <span class='ocrx_word' id='word_1_536' title='bbox 2491 3335 2804 3401; x_wconf 86' lang='grc' dir='ltr'>Συνέσεως</span> <span class='ocrx_word' id='word_1_537' title='bbox 2852 3333 2931 3401; x_wconf 83' lang='grc' dir='ltr'>τῷ</span> <span class='ocrx_word' id='word_1_538' title='bbox 2968 3337 3169 3406; x_wconf 68' lang='grc' dir='ltr'>Ὰσὰςρ,</span> <span class='ocrx_word' id='word_1_539' title='bbox 3207 3337 3300 3390; x_wconf 76' lang='grc' dir='ltr'>καὶ</span> <span class='ocrx_word' id='word_1_540' title='bbox 3343 3331 3546 3407; x_wconf 70' lang='grc' dir='ltr'>προῖὼν</span> <span class='ocrx_word' id='word_1_541' title='bbox 3598 3337 3726 3409; x_wconf 80' lang='grc' dir='ltr'><strong><em>ὲξῆς</em></strong></span> 
     </span>
    </p>
   </div>
   <div class='ocr_carea' id='block_1_76' title="bbox 2147 3428 3599 3503">
    <p class='ocr_par' dir='ltr' id='par_1_76' title="bbox 2147 3428 3599 3503">
     <span class='ocr_line' id='line_1_76' title="bbox 2147 3428 3599 3503; baseline -0.003 -16"><span class='ocrx_word' id='word_1_542' title='bbox 2147 3431 2643 3503; x_wconf 81' lang='grc' dir='ltr'>ἀνακεφαλαιοῦται</span> <span class='ocrx_word' id='word_1_543' title='bbox 2675 3430 2855 3483; x_wconf 77' lang='grc' dir='ltr'>αὐτῶν</span> <span class='ocrx_word' id='word_1_544' title='bbox 2888 3430 3068 3493; x_wconf 80' lang='grc' dir='ltr'>πάσας</span> <span class='ocrx_word' id='word_1_545' title='bbox 3102 3428 3200 3492; x_wconf 83' lang='grc' dir='ltr'><strong><em>τὰς</em></strong></span> <span class='ocrx_word' id='word_1_546' title='bbox 3234 3430 3599 3501; x_wconf 87' lang='grc' dir='ltr'>παρανομίας.</span> 
     </span>
    </p>
   </div>
   <div class='ocr_carea' id='block_1_77' title="bbox 2901 3637 2977 3689">
    <p class='ocr_par' dir='ltr' id='par_1_77' title="bbox 2901 3637 2977 3689">
     <span class='ocr_line' id='line_1_77' title="bbox 2901 3637 2977 3689; baseline 0.013 -1"><span class='ocrx_word' id='word_1_547' title='bbox 2901 3637 2977 3689; x_wconf 85' lang='grc' dir='ltr'><strong><em>Ζ’.</em></strong></span> 
     </span>
    </p>
   </div>
   <div class='ocr_carea' id='block_1_78' title="bbox 2233 3726 3726 3800">
    <p class='ocr_par' dir='ltr' id='par_1_78' title="bbox 2233 3726 3726 3800">
     <span class='ocr_line' id='line_1_78' title="bbox 2233 3726 3726 3800; baseline 0.002 -20"><span class='ocrx_word' id='word_1_548' title='bbox 2233 3727 2659 3798; x_wconf 85' lang='grc' dir='ltr'>Ἐπιτεμόμενος</span> <span class='ocrx_word' id='word_1_549' title='bbox 2700 3744 2761 3780; x_wconf 86' lang='grc' dir='ltr'><strong><em>το</em></strong></span> <span class='ocrx_word' id='word_1_550' title='bbox 2805 3726 3009 3798; x_wconf 85' lang='grc' dir='ltr'>πλῆθος</span> <span class='ocrx_word' id='word_1_551' title='bbox 3056 3727 3165 3780; x_wconf 83' lang='grc' dir='ltr'>τῶν</span> <span class='ocrx_word' id='word_1_552' title='bbox 3218 3726 3580 3800; x_wconf 83' lang='grc' dir='ltr'>ἀσεϐημάτων</span> <span class='ocrx_word' id='word_1_553' title='bbox 3632 3729 3726 3784; x_wconf 83' lang='grc' dir='ltr'>τοῦ</span> 
     </span>
    </p>
   </div>
   <div class='ocr_carea' id='block_1_79' title="bbox 2159 3818 3728 3893">
    <p class='ocr_par' dir='ltr' id='par_1_79' title="bbox 2159 3818 3728 3893">
     <span class='ocr_line' id='line_1_79' title="bbox 2159 3818 3728 3893; baseline 0.001 -20"><span class='ocrx_word' id='word_1_554' title='bbox 2159 3818 2427 3873; x_wconf 87' lang='grc' dir='ltr'>Ἰουδαίων</span> <span class='ocrx_word' id='word_1_555' title='bbox 2460 3818 2665 3884; x_wconf 78' lang='grc' dir='ltr'>ἔθνους,</span> <span class='ocrx_word' id='word_1_556' title='bbox 2702 3819 2795 3872; x_wconf 82' lang='grc' dir='ltr'><strong><em>καὶ</em></strong></span> <span class='ocrx_word' id='word_1_557' title='bbox 2823 3819 3011 3891; x_wconf 80' lang='grc' dir='ltr'>ὥσπερ</span> <span class='ocrx_word' id='word_1_558' title='bbox 3046 3822 3104 3874; x_wconf 83' lang='grc' dir='ltr'>ὲν</span> <span class='ocrx_word' id='word_1_559' title='bbox 3134 3820 3303 3893; x_wconf 83' lang='grc' dir='ltr'>στήλῃ</span> <span class='ocrx_word' id='word_1_560' title='bbox 3338 3819 3438 3885; x_wconf 78' lang='grc' dir='ltr'>τὰς</span> <span class='ocrx_word' id='word_1_561' title='bbox 3474 3822 3596 3876; x_wconf 85' lang='grc' dir='ltr'>κατ’</span> <span class='ocrx_word' id='word_1_562' title='bbox 3627 3823 3728 3876; x_wconf 83' lang='grc' dir='ltr'><strong><em>αὒ-</em></strong></span> 
     </span>
    </p>
   </div>
   <div class='ocr_carea' id='block_1_80' title="bbox 2144 3911 3732 3986">
    <p class='ocr_par' dir='ltr' id='par_1_80' title="bbox 2144 3911 3732 3986">
     <span class='ocr_line' id='line_1_80' title="bbox 2144 3911 3732 3986; baseline 0.002 -22"><span class='ocrx_word' id='word_1_563' title='bbox 2144 3911 2254 3965; x_wconf 83' lang='grc' dir='ltr'><strong><em>τῶν</em></strong></span> <span class='ocrx_word' id='word_1_564' title='bbox 2287 3913 2619 3983; x_wconf 79' lang='grc' dir='ltr'>κατηγορίας</span> <span class='ocrx_word' id='word_1_565' title='bbox 2642 3911 2978 3975; x_wconf 81' lang='grc' dir='ltr'>έντυπώσας,</span> <span class='ocrx_word' id='word_1_566' title='bbox 3006 3912 3317 3977; x_wconf 83' lang='grc' dir='ltr'>ἀκολούθως</span> <span class='ocrx_word' id='word_1_567' title='bbox 3344 3913 3435 3967; x_wconf 88' lang='grc' dir='ltr'>διὰ</span> <span class='ocrx_word' id='word_1_568' title='bbox 3458 3913 3566 3968; x_wconf 86' lang='grc' dir='ltr'><strong><em>τῶν</em></strong></span> <span class='ocrx_word' id='word_1_569' title='bbox 3595 3931 3732 3986; x_wconf 87' lang='grc' dir='ltr'>προ-</span> 
     </span>
    </p>
   </div>
   <div class='ocr_carea' id='block_1_81' title="bbox 2146 4004 3732 4076">
    <p class='ocr_par' dir='ltr' id='par_1_81' title="bbox 2146 4004 3732 4076">
     <span class='ocr_line' id='line_1_81' title="bbox 2146 4004 3732 4076; baseline 0 -16"><span class='ocrx_word' id='word_1_570' title='bbox 2146 4004 2413 4076; x_wconf 86' lang='grc' dir='ltr'>κειμένων</span> <span class='ocrx_word' id='word_1_571' title='bbox 2441 4005 2539 4075; x_wconf 84' lang='grc' dir='ltr'><strong><em>τὴν</em></strong></span> <span class='ocrx_word' id='word_1_572' title='bbox 2563 4005 2857 4076; x_wconf 89' lang='grc' dir='ltr'>γενομένην</span> <span class='ocrx_word' id='word_1_573' title='bbox 2889 4007 3008 4059; x_wconf 78' lang='grc' dir='ltr'>κατ’</span> <span class='ocrx_word' id='word_1_574' title='bbox 3038 4006 3215 4059; x_wconf 79' lang='grc' dir='ltr'>αὐτῶν</span> <span class='ocrx_word' id='word_1_575' title='bbox 3242 4006 3606 4061; x_wconf 77' lang='grc' dir='ltr'>ἐπανάστασιν</span> <span class='ocrx_word' id='word_1_576' title='bbox 3630 4023 3732 4060; x_wconf 85' lang='grc' dir='ltr'>κα-</span> 
     </span>
    </p>
   </div>
   <div class='ocr_carea' id='block_1_82' title="bbox 2143 4096 3728 4170">
    <p class='ocr_par' dir='ltr' id='par_1_82' title="bbox 2143 4096 3728 4170">
     <span class='ocr_line' id='line_1_82' title="bbox 2143 4096 3728 4170; baseline 0.001 -21"><span class='ocrx_word' id='word_1_577' title='bbox 2143 4096 2213 4150; x_wconf 86' lang='grc' dir='ltr'>τὰ</span> <span class='ocrx_word' id='word_1_578' title='bbox 2241 4098 2368 4160; x_wconf 80' lang='grc' dir='ltr'>τοὺς</span> <span class='ocrx_word' id='word_1_579' title='bbox 2396 4096 2620 4167; x_wconf 88' lang='grc' dir='ltr'>χρόνους</span> <span class='ocrx_word' id='word_1_580' title='bbox 2654 4096 2925 4168; x_wconf 80' lang='grc' dir='ltr'>Ἀντιόχου</span> <span class='ocrx_word' id='word_1_581' title='bbox 2952 4096 3051 4149; x_wconf 79' lang='grc' dir='ltr'>τοῦ</span> <span class='ocrx_word' id='word_1_582' title='bbox 3085 4097 3183 4165; x_wconf 82' lang='grc' dir='ltr'>τῆς</span> <span class='ocrx_word' id='word_1_583' title='bbox 3224 4098 3422 4170; x_wconf 88' lang='grc' dir='ltr'>Συρίας</span> <span class='ocrx_word' id='word_1_584' title='bbox 3464 4097 3728 4168; x_wconf 85' lang='grc' dir='ltr'>βασιλέως</span> 
     </span>
    </p>
   </div>
   <div class='ocr_carea' id='block_1_83' title="bbox 2146 4184 3729 4258">
    <p class='ocr_par' dir='ltr' id='par_1_83' title="bbox 2146 4184 3729 4258">
     <span class='ocr_line' id='line_1_83' title="bbox 2146 4184 3729 4258; baseline 0.003 -22"><span class='ocrx_word' id='word_1_585' title='bbox 2146 4184 2411 4248; x_wconf 78' lang='grc' dir='ltr'>θεσπίζει.</span> <span class='ocrx_word' id='word_1_586' title='bbox 2431 4184 2488 4237; x_wconf 86' lang='lat'><strong><em>&#39;0</em></strong></span> <span class='ocrx_word' id='word_1_587' title='bbox 2515 4184 2755 4238; x_wconf 85' lang='grc' dir='ltr'>ὲπελθὼν</span> <span class='ocrx_word' id='word_1_588' title='bbox 2788 4189 2900 4250; x_wconf 85' lang='grc' dir='ltr'>τοῖς</span> <span class='ocrx_word' id='word_1_589' title='bbox 2938 4186 3347 4258; x_wconf 84' lang='grc' dir='ltr'>Ἰεροσολύμοις,</span> <span class='ocrx_word' id='word_1_590' title='bbox 3386 4188 3445 4241; x_wconf 81' lang='grc' dir='ltr'><strong><em>οὐ</em></strong></span> <span class='ocrx_word' id='word_1_591' title='bbox 3477 4188 3729 4258; x_wconf 82' lang='grc' dir='ltr'>καθαιρεῖ</span> 
     </span>
    </p>
   </div>
   <div class='ocr_carea' id='block_1_84' title="bbox 2150 4273 3727 4350">
    <p class='ocr_par' dir='ltr' id='par_1_84' title="bbox 2150 4273 3727 4350">
     <span class='ocr_line' id='line_1_84' title="bbox 2150 4273 3727 4350; baseline 0.004 -24"><span class='ocrx_word' id='word_1_592' title='bbox 2150 4273 2268 4345; x_wconf 83' lang='grc' dir='ltr'>μὲν,</span> <span class='ocrx_word' id='word_1_593' title='bbox 2304 4274 2522 4346; x_wconf 80' lang='grc' dir='ltr'>βεϐηλοί</span> <span class='ocrx_word' id='word_1_594' title='bbox 2548 4275 2603 4328; x_wconf 86' lang='grc' dir='ltr'><strong><em>δὲ</em></strong></span> <span class='ocrx_word' id='word_1_595' title='bbox 2624 4275 2686 4328; x_wconf 86' lang='grc' dir='ltr'>τὺ</span> <span class='ocrx_word' id='word_1_596' title='bbox 2713 4278 2755 4329; x_wconf 88' lang='grc' dir='ltr'><strong><em>ίε</em></strong></span> <span class='ocrx_word' id='word_1_597' title='bbox 2766 4277 2875 4347; x_wconf 84' lang='grc' dir='ltr'>ρὸν,</span> <span class='ocrx_word' id='word_1_598' title='bbox 2905 4276 3312 4350; x_wconf 84' lang='grc' dir='ltr'>είδωλολατρείν</span> <span class='ocrx_word' id='word_1_599' title='bbox 3336 4279 3727 4348; x_wconf 78' lang='grc' dir='ltr'>ἐπαναγκάσας</span> 
     </span>
    </p>
   </div>
   <div class='ocr_carea' id='block_1_85' title="bbox 2145 4366 3729 4442">
    <p class='ocr_par' dir='ltr' id='par_1_85' title="bbox 2145 4366 3729 4442">
     <span class='ocr_line' id='line_1_85' title="bbox 2145 4366 3729 4442; baseline 0.003 -23"><span class='ocrx_word' id='word_1_600' title='bbox 2145 4366 2205 4420; x_wconf 85' lang='grc' dir='ltr'><strong><em>τὸ</em></strong></span> <span class='ocrx_word' id='word_1_601' title='bbox 2237 4366 2404 4431; x_wconf 80' lang='grc' dir='ltr'>ἔθνος.</span> <span class='ocrx_word' id='word_1_602' title='bbox 2435 4368 2652 4421; x_wconf 84' lang='grc' dir='ltr'>Τούτων</span> <span class='ocrx_word' id='word_1_603' title='bbox 2684 4368 2741 4420; x_wconf 81' lang='grc' dir='ltr'><strong><em>δὲ</em></strong></span> <span class='ocrx_word' id='word_1_604' title='bbox 2774 4369 2871 4438; x_wconf 81' lang='grc' dir='ltr'><strong><em>τὴν</em></strong></span> <span class='ocrx_word' id='word_1_605' title='bbox 2907 4368 3145 4440; x_wconf 80' lang='grc' dir='ltr'>ἱστορίαν</span> <span class='ocrx_word' id='word_1_606' title='bbox 3175 4373 3208 4441; x_wconf 84' lang='grc' dir='ltr'>ἡ</span> <span class='ocrx_word' id='word_1_607' title='bbox 3239 4370 3347 4422; x_wconf 83' lang='grc' dir='ltr'><strong><em>τῶν</em></strong></span> <span class='ocrx_word' id='word_1_608' title='bbox 3387 4371 3729 4442; x_wconf 75' lang='grc' dir='ltr'>ἐπιγεγραμο</span> 
     </span>
    </p>
   </div>
   <div class='ocr_carea' id='block_1_86' title="bbox 466 4457 2043 4537">
    <p class='ocr_par' dir='ltr' id='par_1_86' title="bbox 466 4467 2043 4537">
     <span class='ocr_line' id='line_1_86' title="bbox 466 4467 2043 4537; baseline -0.001 -14"><span class='ocrx_word' id='word_1_609' title='bbox 466 4468 711 4523; x_wconf 87' lang='lat' dir='ltr'><strong><em>cisorum</em></strong></span> <span class='ocrx_word' id='word_1_610' title='bbox 745 4482 1041 4532; x_wconf 85' lang='lat' dir='ltr'><strong><em>numerus,</em></strong></span> <span class='ocrx_word' id='word_1_611' title='bbox 1072 4468 1318 4537; x_wconf 88' lang='lat' dir='ltr'><strong><em>variique</em></strong></span> <span class='ocrx_word' id='word_1_612' title='bbox 1360 4468 1508 4521; x_wconf 86' lang='lat' dir='ltr'><strong><em>modi</em></strong></span> <span class='ocrx_word' id='word_1_613' title='bbox 1536 4468 1693 4536; x_wconf 90' lang='lat' dir='ltr'><strong><em>queis</em></strong></span> <span class='ocrx_word' id='word_1_614' title='bbox 1725 4482 1824 4536; x_wconf 88' lang='lat' dir='ltr'><strong><em>pro</em></strong></span> <span class='ocrx_word' id='word_1_615' title='bbox 1843 4467 2043 4537; x_wconf 88' lang='lat' dir='ltr'><strong><em>pietate</em></strong></span> 
     </span>
    </p>
   </div>
   <div class='ocr_carea' id='block_1_87' title="bbox 2146 4457 3726 4537">
    <p class='ocr_par' dir='ltr' id='par_1_87' title="bbox 2150 4457 3726 4536">
     <span class='ocr_line' id='line_1_87' title="bbox 2150 4457 3726 4536; baseline 0.004 -25"><span class='ocrx_word' id='word_1_616' title='bbox 2150 4459 2326 4530; x_wconf 90' lang='grc' dir='ltr'>μένων</span> <span class='ocrx_word' id='word_1_617' title='bbox 2373 4460 2748 4514; x_wconf 79' lang='grc' dir='ltr'>Μακκαὸαίων</span> <span class='ocrx_word' id='word_1_618' title='bbox 2792 4460 2970 4530; x_wconf 73' lang='grc' dir='ltr'>βίϐλος</span> <span class='ocrx_word' id='word_1_619' title='bbox 3015 4462 3292 4533; x_wconf 83' lang='grc' dir='ltr'>περιέχει’</span> <span class='ocrx_word' id='word_1_620' title='bbox 3342 4464 3399 4515; x_wconf 84' lang='grc' dir='ltr'>ὲν</span> <span class='ocrx_word' id='word_1_621' title='bbox 3522 4464 3615 4516; x_wconf 84' lang='grc' dir='ltr'><strong><em>καὶ</em></strong></span> <span class='ocrx_word' id='word_1_622' title='bbox 3656 4462 3726 4518; x_wconf 80' lang='grc' dir='ltr'>τὰ</span> 
     </span>
    </p>
   </div>
   <div class='ocr_carea' id='block_1_88' title="bbox 467 4550 2043 4630">
    <p class='ocr_par' dir='ltr' id='par_1_88' title="bbox 467 4557 2038 4630">
     <span class='ocr_line' id='line_1_88' title="bbox 467 4557 2038 4630; baseline -0.001 -17"><span class='ocrx_word' id='word_1_623' title='bbox 467 4559 790 4630; x_wconf 86' lang='lat' dir='ltr'><strong><em>martyrium</em></strong></span> <span class='ocrx_word' id='word_1_624' title='bbox 816 4559 1060 4628; x_wconf 85' lang='lat' dir='ltr'><strong><em>perpessi</em></strong></span> <span class='ocrx_word' id='word_1_625' title='bbox 1084 4567 1233 4624; x_wconf 88' lang='lat' dir='ltr'><strong><em>sunt,</em></strong></span> <span class='ocrx_word' id='word_1_626' title='bbox 1272 4558 1681 4613; x_wconf 83' lang='lat' dir='ltr'><strong><em>describuntur.</em></strong></span> <span class='ocrx_word' id='word_1_627' title='bbox 1713 4557 1894 4624; x_wconf 88' lang='lat' dir='ltr'><strong><em>Quare</em></strong></span> <span class='ocrx_word' id='word_1_628' title='bbox 1929 4561 2038 4629; x_wconf 87' lang='lat' dir='ltr'><strong><em>spi-</em></strong></span> 
     </span>
    </p>
   </div>
   <div class='ocr_carea' id='block_1_89' title="bbox 2146 4550 3729 4630">
    <p class='ocr_par' dir='ltr' id='par_1_89' title="bbox 2150 4550 3729 4624">
     <span class='ocr_line' id='line_1_89' title="bbox 2150 4550 3729 4624; baseline 0.003 -20"><span class='ocrx_word' id='word_1_629' title='bbox 2150 4550 2326 4621; x_wconf 85' lang='grc' dir='ltr'>πλήθη</span> <span class='ocrx_word' id='word_1_630' title='bbox 2356 4550 2464 4603; x_wconf 83' lang='grc' dir='ltr'><strong><em>τῶν</em></strong></span> <span class='ocrx_word' id='word_1_631' title='bbox 2498 4552 2880 4623; x_wconf 82' lang='grc' dir='ltr'>ἀνῃρημένων,</span> <span class='ocrx_word' id='word_1_632' title='bbox 2914 4553 3053 4606; x_wconf 82' lang='grc' dir='ltr'>οἵτε</span> <span class='ocrx_word' id='word_1_633' title='bbox 3086 4555 3278 4624; x_wconf 87' lang='grc' dir='ltr'>τρόποι</span> <span class='ocrx_word' id='word_1_634' title='bbox 3303 4554 3410 4608; x_wconf 82' lang='grc' dir='ltr'><strong><em>τῶν</em></strong></span> <span class='ocrx_word' id='word_1_635' title='bbox 3445 4555 3549 4608; x_wconf 83' lang='grc' dir='ltr'><strong><em>ὑπὸ</em></strong></span> <span class='ocrx_word' id='word_1_636' title='bbox 3576 4556 3729 4609; x_wconf 82' lang='grc' dir='ltr'>εὐσε-</span> 
     </span>
    </p>
   </div>
   <div class='ocr_carea' id='block_1_90' title="bbox 468 4643 2043 4720">
    <p class='ocr_par' dir='ltr' id='par_1_90' title="bbox 468 4649 2043 4719">
     <span class='ocr_line' id='line_1_90' title="bbox 468 4649 2043 4719; baseline 0.002 -17"><span class='ocrx_word' id='word_1_637' title='bbox 468 4650 607 4703; x_wconf 89' lang='lat' dir='ltr'><strong><em>ritus</em></strong></span> <span class='ocrx_word' id='word_1_638' title='bbox 634 4649 984 4719; x_wconf 88' lang='lat' dir='ltr'><strong><em>propheticus</em></strong></span> <span class='ocrx_word' id='word_1_639' title='bbox 1017 4650 1118 4704; x_wconf 85' lang='lat' dir='ltr'><strong><em>has</em></strong></span> <span class='ocrx_word' id='word_1_640' title='bbox 1153 4650 1428 4719; x_wconf 85' lang='lat' dir='ltr'><strong><em>supplices</em></strong></span> <span class='ocrx_word' id='word_1_641' title='bbox 1465 4664 1629 4704; x_wconf 88' lang='lat' dir='ltr'><strong><em>voces</em></strong></span> <span class='ocrx_word' id='word_1_642' title='bbox 1659 4664 1757 4719; x_wconf 89' lang='lat' dir='ltr'><strong><em>pro</em></strong></span> <span class='ocrx_word' id='word_1_643' title='bbox 1789 4649 2043 4705; x_wconf 89' lang='lat' dir='ltr'><strong><em>universo</em></strong></span> 
     </span>
    </p>
   </div>
   <div class='ocr_carea' id='block_1_91' title="bbox 2146 4643 3722 4720">
    <p class='ocr_par' dir='ltr' id='par_1_91' title="bbox 2148 4643 3722 4720">
     <span class='ocr_line' id='line_1_91' title="bbox 2148 4643 3722 4720; baseline 0.004 -24"><span class='ocrx_word' id='word_1_644' title='bbox 2148 4643 2299 4707; x_wconf 79' lang='grc' dir='ltr'>δείας</span> <span class='ocrx_word' id='word_1_645' title='bbox 2358 4644 2859 4716; x_wconf 79' lang='grc' dir='ltr'>μεμαρτυρηκότων</span> <span class='ocrx_word' id='word_1_646' title='bbox 2924 4647 3054 4717; x_wconf 85' lang='grc' dir='ltr'>παρ’</span> <span class='ocrx_word' id='word_1_647' title='bbox 3089 4648 3271 4711; x_wconf 77' lang='grc' dir='ltr'>αὐτοῖς</span> <span class='ocrx_word' id='word_1_648' title='bbox 3316 4649 3722 4720; x_wconf 82' lang='grc' dir='ltr'>ἀνεγράφησαν,</span> 
     </span>
    </p>
   </div>
   <div class='ocr_carea' id='block_1_92' title="bbox 468 4737 2050 4811">
    <p class='ocr_par' dir='ltr' id='par_1_92' title="bbox 468 4737 2050 4811">
     <span class='ocr_line' id='line_1_92' title="bbox 468 4737 2050 4811; baseline 0 -18"><span class='ocrx_word' id='word_1_649' title='bbox 468 4738 671 4811; x_wconf 83' lang='lat' dir='ltr'><strong><em>populo</em></strong></span> <span class='ocrx_word' id='word_1_650' title='bbox 699 4737 925 4794; x_wconf 66' lang='lat' dir='ltr'><strong><em>effundit</em></strong></span> <span class='ocrx_word' id='word_1_651' title='bbox 958 4758 970 4793; x_wconf 91' lang='lat'><strong>:</strong></span> <span class='ocrx_word' id='word_1_652' title='bbox 1007 4738 1171 4806; x_wconf 79' lang='lat' dir='ltr'><strong><em>Deus,</em></strong></span> <span class='ocrx_word' id='word_1_653' title='bbox 1201 4748 1453 4794; x_wconf 84' lang='lat' dir='ltr'><strong><em>venerunt</em></strong></span> <span class='ocrx_word' id='word_1_654' title='bbox 1480 4749 1652 4810; x_wconf 86' lang='lat' dir='ltr'><strong><em>gentes</em></strong></span> <span class='ocrx_word' id='word_1_655' title='bbox 1677 4741 1732 4793; x_wconf 85' lang='lat' dir='ltr'><strong><em>in</em></strong></span> <span class='ocrx_word' id='word_1_656' title='bbox 1767 4740 2050 4794; x_wconf 80' lang='lat' dir='ltr'><strong><em>hwredila-</em></strong></span> 
     </span>
    </p>
   </div>
   <div class='ocr_carea' id='block_1_93' title="bbox 469 4830 2047 4900">
    <p class='ocr_par' dir='ltr' id='par_1_93' title="bbox 469 4830 2047 4900">
     <span class='ocr_line' id='line_1_93' title="bbox 469 4830 2047 4900; baseline 0 -16"><span class='ocrx_word' id='word_1_657' title='bbox 469 4839 571 4885; x_wconf 82' lang='lat' dir='ltr'><strong><em>lem</em></strong></span> <span class='ocrx_word' id='word_1_658' title='bbox 604 4838 749 4883; x_wconf 89' lang='lat' dir='ltr'><strong><em>tuam</em></strong></span> <span class='ocrx_word' id='word_1_659' title='bbox 773 4868 789 4894; x_wconf 89' lang='lat'><strong><em>,</em></strong></span> <span class='ocrx_word' id='word_1_660' title='bbox 815 4830 1121 4900; x_wconf 85' lang='lat' dir='ltr'><strong><em>polluerunt</em></strong></span> <span class='ocrx_word' id='word_1_661' title='bbox 1165 4832 1414 4899; x_wconf 86' lang='lat' dir='ltr'><strong><em>templum</em></strong></span> <span class='ocrx_word' id='word_1_662' title='bbox 1440 4840 1686 4885; x_wconf 85' lang='lat' dir='ltr'><strong><em>sanctum</em></strong></span> <span class='ocrx_word' id='word_1_663' title='bbox 1733 4840 1912 4893; x_wconf 89' lang='lat' dir='ltr'><strong><em>tuum,</em></strong></span> <span class='ocrx_word' id='word_1_664' title='bbox 1952 4846 2047 4900; x_wconf 86' lang='lat' dir='ltr'><strong><em>po-</em></strong></span> 
     </span>
    </p>
   </div>
   <div class='ocr_carea' id='block_1_94' title="bbox 466 4922 2044 4991">
    <p class='ocr_par' dir='ltr' id='par_1_94' title="bbox 466 4922 2044 4991">
     <span class='ocr_line' id='line_1_94' title="bbox 466 4922 2044 4991; baseline 0 -15"><span class='ocrx_word' id='word_1_665' title='bbox 466 4930 691 4976; x_wconf 72' lang='lat' dir='ltr'><strong><em>suerunt</em></strong></span> <span class='ocrx_word' id='word_1_666' title='bbox 724 4922 1025 4977; x_wconf 83' lang='lat' dir='ltr'><strong><em>Jerusalem</em></strong></span> <span class='ocrx_word' id='word_1_667' title='bbox 1068 4924 1126 4976; x_wconf 89' lang='lat' dir='ltr'><strong><em>in</em></strong></span> <span class='ocrx_word' id='word_1_668' title='bbox 1167 4938 1444 4991; x_wconf 87' lang='lat' dir='ltr'><strong><em>pomorum</em></strong></span> <span class='ocrx_word' id='word_1_669' title='bbox 1486 4923 1805 4977; x_wconf 77' lang='lat' dir='ltr'><strong><em>custodiam.</em></strong></span> <span class='ocrx_word' id='word_1_670' title='bbox 1841 4922 2044 4976; x_wconf 85' lang='lat' dir='ltr'><strong><em>Posue-</em></strong></span> 
     </span>
    </p>
   </div>
   <div class='ocr_carea' id='block_1_95' title="bbox 462 5015 2043 5085">
    <p class='ocr_par' dir='ltr' id='par_1_95' title="bbox 462 5015 2043 5085">
     <span class='ocr_line' id='line_1_95' title="bbox 462 5015 2043 5085; baseline 0.001 -17"><span class='ocrx_word' id='word_1_671' title='bbox 462 5022 595 5085; x_wconf 72' lang='lat' dir='ltr'><strong><em>runt</em></strong></span> <span class='ocrx_word' id='word_1_672' title='bbox 643 5015 929 5069; x_wconf 81' lang='lat' dir='ltr'><strong><em>morticina</em></strong></span> <span class='ocrx_word' id='word_1_673' title='bbox 974 5032 1246 5070; x_wconf 86' lang='lat' dir='ltr'><strong><em>servorum</em></strong></span> <span class='ocrx_word' id='word_1_674' title='bbox 1297 5027 1507 5070; x_wconf 87' lang='lat' dir='ltr'><strong><em>tuorum</em></strong></span> <span class='ocrx_word' id='word_1_675' title='bbox 1548 5032 1694 5070; x_wconf 86' lang='lat' dir='ltr'><strong><em>escas</em></strong></span> <span class='ocrx_word' id='word_1_676' title='bbox 1741 5015 2043 5070; x_wconf 82' lang='lat' dir='ltr'><strong><em>volatilibus</em></strong></span> 
     </span>
    </p>
   </div>
   <div class='ocr_carea' id='block_1_96' title="bbox 469 5107 2043 5172">
    <p class='ocr_par' dir='ltr' id='par_1_96' title="bbox 469 5107 2043 5172">
     <span class='ocr_line' id='line_1_96' title="bbox 469 5107 2043 5172; baseline 0.002 -11"><span class='ocrx_word' id='word_1_677' title='bbox 469 5107 586 5162; x_wconf 68' lang='lat' dir='ltr'><strong><em>cali</em></strong></span> <span class='ocrx_word' id='word_1_678' title='bbox 603 5148 618 5172; x_wconf 94' lang='lat'><strong><em>,</em></strong></span> <span class='ocrx_word' id='word_1_679' title='bbox 644 5125 827 5163; x_wconf 88' lang='lat' dir='ltr'><strong><em>carnes</em></strong></span> <span class='ocrx_word' id='word_1_680' title='bbox 854 5118 1160 5163; x_wconf 87' lang='lat' dir='ltr'><strong><em>sanctorum</em></strong></span> <span class='ocrx_word' id='word_1_681' title='bbox 1190 5120 1401 5163; x_wconf 85' lang='lat' dir='ltr'><strong><em>tuorum</em></strong></span> <span class='ocrx_word' id='word_1_682' title='bbox 1435 5109 1613 5165; x_wconf 85' lang='lat' dir='ltr'><strong><em>bestiis</em></strong></span> <span class='ocrx_word' id='word_1_683' title='bbox 1641 5120 1795 5165; x_wconf 75' lang='lat' dir='ltr'><strong><em>terra:</em></strong></span> <span class='ocrx_word' id='word_1_684' title='bbox 1822 5109 1889 5165; x_wconf 70' lang='grc'><strong><em>⁸⁸.</em></strong></span> <span class='ocrx_word' id='word_1_685' title='bbox 1916 5108 2043 5164; x_wconf 61' lang='lat' dir='ltr'><strong><em>Haec</em></strong></span> 
     </span>
    </p>
   </div>
   <div class='ocr_carea' id='block_1_97' title="bbox 467 5202 2044 5275">
    <p class='ocr_par' dir='ltr' id='par_1_97' title="bbox 467 5202 2044 5275">
     <span class='ocr_line' id='line_1_97' title="bbox 467 5202 2044 5275; baseline 0.001 -21"><span class='ocrx_word' id='word_1_686' title='bbox 467 5202 536 5255; x_wconf 88' lang='lat' dir='ltr'><strong><em>ad</em></strong></span> <span class='ocrx_word' id='word_1_687' title='bbox 564 5202 792 5272; x_wconf 77' lang='lat' dir='ltr'><strong><em>gloriam</em></strong></span> <span class='ocrx_word' id='word_1_688' title='bbox 824 5204 1003 5273; x_wconf 78' lang='lat' dir='ltr'><strong><em>gentis</em></strong></span> <span class='ocrx_word' id='word_1_689' title='bbox 1032 5204 1363 5275; x_wconf 79' lang='lat' dir='ltr'><strong><em>vergebant,</em></strong></span> <span class='ocrx_word' id='word_1_690' title='bbox 1396 5219 1567 5274; x_wconf 89' lang='lat' dir='ltr'><strong><em>quare</em></strong></span> <span class='ocrx_word' id='word_1_691' title='bbox 1593 5206 1801 5275; x_wconf 80' lang='lat' dir='ltr'><strong><em>magna</em></strong></span> <span class='ocrx_word' id='word_1_692' title='bbox 1820 5218 1945 5257; x_wconf 90' lang='lat' dir='ltr'><strong><em>cum</em></strong></span> <span class='ocrx_word' id='word_1_693' title='bbox 1981 5202 2044 5256; x_wconf 85' lang='lat' dir='ltr'><strong><em>fl-</em></strong></span> 
     </span>
    </p>
   </div>
   <div class='ocr_carea' id='block_1_98' title="bbox 469 5270 2042 5362">
    <p class='ocr_par' dir='ltr' id='par_1_98' title="bbox 469 5270 2042 5362">
     <span class='ocr_line' id='line_1_98' title="bbox 469 5270 2042 5362; baseline 0.001 -18"><span class='ocrx_word' id='word_1_694' title='bbox 469 5290 630 5344; x_wconf 87' lang='lat' dir='ltr'><strong><em>ducia</em></strong></span> <span class='ocrx_word' id='word_1_695' title='bbox 657 5290 802 5346; x_wconf 86' lang='lat' dir='ltr'><strong><em>dicta</em></strong></span> <span class='ocrx_word' id='word_1_696' title='bbox 830 5299 977 5347; x_wconf 90' lang='lat' dir='ltr'><strong><em>sunt.</em></strong></span> <span class='ocrx_word' id='word_1_697' title='bbox 1010 5291 1211 5347; x_wconf 81' lang='lat' dir='ltr'><strong><em>Verum</em></strong></span> <span class='ocrx_word' id='word_1_698' title='bbox 1244 5270 1354 5348; x_wconf 76' lang='lat' dir='ltr'><strong><em>non</em></strong></span> <span class='ocrx_word' id='word_1_699' title='bbox 1384 5293 1514 5347; x_wconf 89' lang='lat' dir='ltr'><strong><em>talia</em></strong></span> <span class='ocrx_word' id='word_1_700' title='bbox 1546 5300 1703 5348; x_wconf 89' lang='lat' dir='ltr'><strong><em>erant</em></strong></span> <span class='ocrx_word' id='word_1_701' title='bbox 1732 5293 1788 5346; x_wconf 90' lang='lat' dir='ltr'><strong><em>in</em></strong></span> <span class='ocrx_word' id='word_1_702' title='bbox 1819 5300 2042 5362; x_wconf 84' lang='lat' dir='ltr'><strong><em>septua-</em></strong></span> 
     </span>
    </p>
   </div>
   <div class='ocr_carea' id='block_1_99' title="bbox 471 5381 2042 5456">
    <p class='ocr_par' dir='ltr' id='par_1_99' title="bbox 471 5381 2042 5456">
     <span class='ocr_line' id='line_1_99' title="bbox 471 5381 2042 5456; baseline 0.002 -21"><span class='ocrx_word' id='word_1_703' title='bbox 471 5381 680 5450; x_wconf 73' lang='lat' dir='ltr'><strong><em>gesimo</em></strong></span> <span class='ocrx_word' id='word_1_704' title='bbox 734 5383 929 5449; x_wconf 69' lang='lat' dir='ltr'><strong><em>tertio,</em></strong></span> <span class='ocrx_word' id='word_1_705' title='bbox 978 5383 1037 5439; x_wconf 77' lang='lat' dir='ltr'><strong><em>in</em></strong></span> <span class='ocrx_word' id='word_1_706' title='bbox 1077 5399 1187 5454; x_wconf 87' lang='lat' dir='ltr'><strong><em>quo</em></strong></span> <span class='ocrx_word' id='word_1_707' title='bbox 1228 5384 1551 5441; x_wconf 86' lang='lat' dir='ltr'><strong><em>dicebatur:</em></strong></span> <span class='ocrx_word' id='word_1_708' title='bbox 1592 5383 1823 5456; x_wconf 80' lang='lat' dir='ltr'><strong><em>L&#39;tquid,</em></strong></span> <span class='ocrx_word' id='word_1_709' title='bbox 1870 5384 2042 5449; x_wconf 81' lang='lat' dir='ltr'><strong><em>Deus,</em></strong></span> 
     </span>
    </p>
   </div>
   <div class='ocr_carea' id='block_1_100' title="bbox 478 5473 2040 5545">
    <p class='ocr_par' dir='ltr' id='par_1_100' title="bbox 478 5473 2040 5545">
     <span class='ocr_line' id='line_1_100' title="bbox 478 5473 2040 5545; baseline 0.007 -21"><span class='ocrx_word' id='word_1_710' title='bbox 478 5473 721 5542; x_wconf 85' lang='lat' dir='ltr'><strong><em>repulisli</em></strong></span> <span class='ocrx_word' id='word_1_711' title='bbox 750 5474 805 5527; x_wconf 76' lang='lat' dir='ltr'><strong><em>in</em></strong></span> <span class='ocrx_word' id='word_1_712' title='bbox 838 5475 1031 5543; x_wconf 77' lang='lat' dir='ltr'><strong><em>liuent,</em></strong></span> <span class='ocrx_word' id='word_1_713' title='bbox 1070 5477 1243 5530; x_wconf 80' lang='lat' dir='ltr'><strong><em>iratus</em></strong></span> <span class='ocrx_word' id='word_1_714' title='bbox 1271 5487 1349 5530; x_wconf 85' lang='lat' dir='ltr'><strong><em>est</em></strong></span> <span class='ocrx_word' id='word_1_715' title='bbox 1389 5476 1541 5545; x_wconf 83' lang='lat' dir='ltr'><strong><em>[uror</em></strong></span> <span class='ocrx_word' id='word_1_716' title='bbox 1572 5486 1693 5531; x_wconf 84' lang='lat' dir='ltr'><strong><em>tuus</em></strong></span> <span class='ocrx_word' id='word_1_717' title='bbox 1735 5492 1892 5544; x_wconf 83' lang='lat' dir='ltr'><strong><em>super</em></strong></span> <span class='ocrx_word' id='word_1_718' title='bbox 1926 5492 2040 5535; x_wconf 64' lang='lat' dir='ltr'><strong><em>ovet</em></strong></span> 
     </span>
    </p>
   </div>
   <div class='ocr_carea' id='block_1_101' title="bbox 469 5562 2040 5635">
    <p class='ocr_par' dir='ltr' id='par_1_101' title="bbox 469 5562 2040 5635">
     <span class='ocr_line' id='line_1_101' title="bbox 469 5562 2040 5635; baseline 0.006 -22"><span class='ocrx_word' id='word_1_719' title='bbox 469 5576 681 5631; x_wconf 75' lang='lat' dir='ltr'><strong><em>pascua:</em></strong></span> <span class='ocrx_word' id='word_1_720' title='bbox 710 5576 813 5615; x_wconf 73' lang='lat' dir='ltr'><strong><em>tua:</em></strong></span> <span class='ocrx_word' id='word_1_721' title='bbox 837 5562 918 5617; x_wconf 67' lang='grc' dir='ltr'><strong><em>ἐἳ</em></strong></span> <span class='ocrx_word' id='word_1_722' title='bbox 950 5564 1061 5619; x_wconf 87' lang='lat' dir='ltr'><strong><em>Illis</em></strong></span> <span class='ocrx_word' id='word_1_723' title='bbox 1083 5566 1283 5635; x_wconf 91' lang='lat' dir='ltr'><strong><em>quippe</em></strong></span> <span class='ocrx_word' id='word_1_724' title='bbox 1311 5564 1545 5633; x_wconf 86' lang='lat' dir='ltr'><strong><em>abjectio</em></strong></span> <span class='ocrx_word' id='word_1_725' title='bbox 1575 5565 1760 5634; x_wconf 87' lang='lat' dir='ltr'><strong><em>pepuli</em></strong></span> <span class='ocrx_word' id='word_1_726' title='bbox 1792 5564 1849 5618; x_wconf 91' lang='lat' dir='ltr'><strong><em>in</em></strong></span> <span class='ocrx_word' id='word_1_727' title='bbox 1880 5564 2040 5623; x_wconf 86' lang='lat' dir='ltr'><strong><em>linem</em></strong></span> 
     </span>
    </p>
   </div>
   <div class='ocr_carea' id='block_1_102' title="bbox 473 5652 2042 5729">
    <p class='ocr_par' dir='ltr' id='par_1_102' title="bbox 473 5652 2042 5729">
     <span class='ocr_line' id='line_1_102' title="bbox 473 5652 2042 5729; baseline 0.003 -22"><span class='ocrx_word' id='word_1_728' title='bbox 473 5668 646 5722; x_wconf 83' lang='lat' dir='ltr'><strong><em>usque</em></strong></span> <span class='ocrx_word' id='word_1_729' title='bbox 675 5652 1078 5720; x_wconf 80' lang='lat' dir='ltr'><strong><em>declarabatur,</em></strong></span> <span class='ocrx_word' id='word_1_730' title='bbox 1122 5671 1335 5712; x_wconf 74' lang='lat' dir='ltr'><strong><em>necnon</em></strong></span> <span class='ocrx_word' id='word_1_731' title='bbox 1373 5664 1652 5727; x_wconf 86' lang='lat' dir='ltr'><strong><em>postrema</em></strong></span> <span class='ocrx_word' id='word_1_732' title='bbox 1688 5656 2042 5729; x_wconf 70' lang='lat' dir='ltr'><strong><em>Jerosolymze</em></strong></span> 
     </span>
    </p>
   </div>
   <div class='ocr_carea' id='block_1_103' title="bbox 2145 4735 3724 4812">
    <p class='ocr_par' dir='ltr' id='par_1_103' title="bbox 2145 4735 3724 4812">
     <span class='ocr_line' id='line_1_103' title="bbox 2145 4735 3724 4812; baseline 0.004 -25"><span class='ocrx_word' id='word_1_733' title='bbox 2145 4735 2236 4788; x_wconf 87' lang='grc' dir='ltr'>Διὸ</span> <span class='ocrx_word' id='word_1_734' title='bbox 2273 4735 2331 4789; x_wconf 75' lang='grc' dir='ltr'>τὸ</span> <span class='ocrx_word' id='word_1_735' title='bbox 2366 4736 2702 4809; x_wconf 79' lang='grc' dir='ltr'>προφητικὸν</span> <span class='ocrx_word' id='word_1_736' title='bbox 2729 4736 2952 4807; x_wconf 81' lang='grc' dir='ltr'>Πνεῦμα</span> <span class='ocrx_word' id='word_1_737' title='bbox 2986 4738 3224 4804; x_wconf 78' lang='grc' dir='ltr'>ἔντευξιν</span> <span class='ocrx_word' id='word_1_738' title='bbox 3249 4742 3388 4812; x_wconf 80' lang='grc' dir='ltr'>ὑπὲρ</span> <span class='ocrx_word' id='word_1_739' title='bbox 3412 4741 3507 4795; x_wconf 80' lang='grc' dir='ltr'>τοῦ</span> <span class='ocrx_word' id='word_1_740' title='bbox 3526 4742 3724 4807; x_wconf 80' lang='grc' dir='ltr'>παντὸς</span> 
     </span>
    </p>
   </div>
   <div class='ocr_carea' id='block_1_104' title="bbox 2139 4822 3727 4903">
    <p class='ocr_par' dir='ltr' id='par_1_104' title="bbox 2139 4822 3727 4903">
     <span class='ocr_line' id='line_1_104' title="bbox 2139 4822 3727 4903; baseline 0.005 -23"><span class='ocrx_word' id='word_1_741' title='bbox 2139 4822 2460 4898; x_wconf 81' lang='grc' dir='ltr'>,ἀναπέμπει</span> <span class='ocrx_word' id='word_1_742' title='bbox 2494 4827 2621 4881; x_wconf 81' lang='grc' dir='ltr'>λαοῦ</span> <span class='ocrx_word' id='word_1_743' title='bbox 2654 4829 2880 4897; x_wconf 73' lang='grc' dir='ltr'>φάσκον·</span> <span class='ocrx_word' id='word_1_744' title='bbox 2901 4831 2952 4881; x_wconf 91' lang='grc' dir='ltr'><strong><em>Ὁ</em></strong></span> <span class='ocrx_word' id='word_1_745' title='bbox 2983 4830 3144 4896; x_wconf 69' lang='grc' dir='ltr'>Θεὸς,</span> <span class='ocrx_word' id='word_1_746' title='bbox 3169 4831 3442 4900; x_wconf 76' lang='grc' dir='ltr'>ἧλθοσαν</span> <span class='ocrx_word' id='word_1_747' title='bbox 3472 4834 3616 4903; x_wconf 81' lang='grc' dir='ltr'>ἔθνη</span> <span class='ocrx_word' id='word_1_748' title='bbox 3638 4837 3727 4900; x_wconf 82' lang='grc' dir='ltr'>εἰς</span> 
     </span>
    </p>
   </div>
   <div class='ocr_carea' id='block_1_105' title="bbox 2144 4921 3727 4991">
    <p class='ocr_par' dir='ltr' id='par_1_105' title="bbox 2144 4921 3727 4991">
     <span class='ocr_line' id='line_1_105' title="bbox 2144 4921 3727 4991; baseline 0.006 -19"><span class='ocrx_word' id='word_1_749' title='bbox 2144 4922 2259 4987; x_wconf 75' lang='grc' dir='ltr'>τὴν</span> <span class='ocrx_word' id='word_1_750' title='bbox 2314 4921 2722 4989; x_wconf 77' lang='grc' dir='ltr'>κληρονομίαν</span> <span class='ocrx_word' id='word_1_751' title='bbox 2769 4936 2906 4985; x_wconf 87' lang='grc' dir='ltr'>σου,</span> <span class='ocrx_word' id='word_1_752' title='bbox 2956 4922 3210 4991; x_wconf 78' lang='grc' dir='ltr'>ἐμίαναν</span> <span class='ocrx_word' id='word_1_753' title='bbox 3254 4925 3361 4978; x_wconf 78' lang='grc' dir='ltr'><strong><em>τόν</em></strong></span> <span class='ocrx_word' id='word_1_754' title='bbox 3416 4927 3568 4980; x_wconf 83' lang='grc' dir='ltr'>ναὸν</span> <span class='ocrx_word' id='word_1_755' title='bbox 3620 4927 3727 4981; x_wconf 84' lang='grc' dir='ltr'><strong><em>τόν</em></strong></span> 
     </span>
    </p>
   </div>
   <div class='ocr_carea' id='block_1_106' title="bbox 2143 5011 3725 5088">
    <p class='ocr_par' dir='ltr' id='par_1_106' title="bbox 2143 5011 3725 5088">
     <span class='ocr_line' id='line_1_106' title="bbox 2143 5011 3725 5088; baseline 0.006 -24"><span class='ocrx_word' id='word_1_756' title='bbox 2143 5011 2314 5078; x_wconf 78' lang='grc' dir='ltr'>ἅγιόν</span> <span class='ocrx_word' id='word_1_757' title='bbox 2356 5028 2507 5077; x_wconf 92' lang='grc' dir='ltr'>σου,</span> <span class='ocrx_word' id='word_1_758' title='bbox 2547 5015 2751 5067; x_wconf 74' lang='grc' dir='ltr'>ἔθεντο</span> <span class='ocrx_word' id='word_1_759' title='bbox 2786 5014 3172 5084; x_wconf 77' lang='grc' dir='ltr'>Ἰερουσαλὴμ</span> <span class='ocrx_word' id='word_1_760' title='bbox 3214 5020 3300 5082; x_wconf 86' lang='grc' dir='ltr'>εὶς</span> <span class='ocrx_word' id='word_1_761' title='bbox 3336 5019 3725 5088; x_wconf 62' lang='grc' dir='ltr'>ὀπωρορυλά·</span> 
     </span>
    </p>
   </div>
   <div class='ocr_carea' id='block_1_107' title="bbox 2143 5105 3725 5180">
    <p class='ocr_par' dir='ltr' id='par_1_107' title="bbox 2143 5105 3725 5180">
     <span class='ocr_line' id='line_1_107' title="bbox 2143 5105 3725 5180; baseline 0.005 -25"><span class='ocrx_word' id='word_1_762' title='bbox 2143 5105 2557 5159; x_wconf 74' lang='grc' dir='ltr'>χιον-,Ἔθεντο</span> <span class='ocrx_word' id='word_1_763' title='bbox 2584 5106 2656 5159; x_wconf 86' lang='grc' dir='ltr'>τὰ</span> <span class='ocrx_word' id='word_1_764' title='bbox 2684 5108 3009 5177; x_wconf 79' lang='grc' dir='ltr'>θνησιμαῖα</span> <span class='ocrx_word' id='word_1_765' title='bbox 3032 5108 3153 5162; x_wconf 85' lang='grc' dir='ltr'><strong><em>τῶν</em></strong></span> <span class='ocrx_word' id='word_1_766' title='bbox 3179 5109 3415 5163; x_wconf 77' lang='grc' dir='ltr'>δούλων</span> <span class='ocrx_word' id='word_1_767' title='bbox 3434 5127 3550 5164; x_wconf 88' lang='grc' dir='ltr'><strong><em>σου</em></strong></span> <span class='ocrx_word' id='word_1_768' title='bbox 3565 5111 3725 5180; x_wconf 50' lang='grc' dir='ltr'>εϐρώο</span> 
     </span>
    </p>
   </div>
   <div class='ocr_carea' id='block_1_108' title="bbox 2144 5196 3727 5271">
    <p class='ocr_par' dir='ltr' id='par_1_108' title="bbox 2144 5196 3727 5271">
     <span class='ocr_line' id='line_1_108' title="bbox 2144 5196 3727 5271; baseline 0.005 -23"><span class='ocrx_word' id='word_1_769' title='bbox 2144 5212 2299 5257; x_wconf 84' lang='grc' dir='ltr'>ιιατα</span> <span class='ocrx_word' id='word_1_770' title='bbox 2324 5196 2449 5261; x_wconf 87' lang='grc' dir='ltr'>τοῖς</span> <span class='ocrx_word' id='word_1_771' title='bbox 2474 5200 2770 5265; x_wconf 82' lang='grc' dir='ltr'>πετεινοῖς</span> <span class='ocrx_word' id='word_1_772' title='bbox 2790 5200 2896 5254; x_wconf 82' lang='grc' dir='ltr'>τοῦ</span> <span class='ocrx_word' id='word_1_773' title='bbox 2920 5201 3201 5271; x_wconf 84' lang='grc' dir='ltr'>οὐρανοῦ,</span> <span class='ocrx_word' id='word_1_774' title='bbox 3224 5203 3330 5266; x_wconf 82' lang='grc' dir='ltr'>τὰς</span> <span class='ocrx_word' id='word_1_775' title='bbox 3355 5200 3590 5270; x_wconf 79' lang='grc' dir='ltr'>σάρκας</span> <span class='ocrx_word' id='word_1_776' title='bbox 3609 5203 3727 5256; x_wconf 80' lang='grc' dir='ltr'>τῶν</span> 
     </span>
    </p>
   </div>
   <div class='ocr_carea' id='block_1_109' title="bbox 2145 5288 3727 5366">
    <p class='ocr_par' dir='ltr' id='par_1_109' title="bbox 2145 5288 3727 5366">
     <span class='ocr_line' id='line_1_109' title="bbox 2145 5288 3727 5366; baseline 0.004 -25"><span class='ocrx_word' id='word_1_777' title='bbox 2145 5288 2333 5341; x_wconf 81' lang='grc' dir='ltr'>ὁσίων</span> <span class='ocrx_word' id='word_1_778' title='bbox 2380 5304 2498 5343; x_wconf 89' lang='grc' dir='ltr'><strong><em>σου</em></strong></span> <span class='ocrx_word' id='word_1_779' title='bbox 2545 5290 2671 5357; x_wconf 82' lang='grc' dir='ltr'>τοῖς</span> <span class='ocrx_word' id='word_1_780' title='bbox 2711 5292 2939 5360; x_wconf 80' lang='grc' dir='ltr'>θηρίοις</span> <span class='ocrx_word' id='word_1_781' title='bbox 2981 5292 3093 5362; x_wconf 76' lang='grc' dir='ltr'>τῆς</span> <span class='ocrx_word' id='word_1_782' title='bbox 3120 5292 3252 5363; x_wconf 73' lang='grc' dir='ltr'>γῆς.</span> <span class='ocrx_word' id='word_1_783' title='bbox 3290 5293 3474 5347; x_wconf 78' lang='grc' dir='ltr'>Ταῦτα</span> <span class='ocrx_word' id='word_1_784' title='bbox 3522 5294 3632 5366; x_wconf 84' lang='grc' dir='ltr'>γὰρ</span> <span class='ocrx_word' id='word_1_785' title='bbox 3658 5290 3727 5365; x_wconf 77' lang='grc' dir='ltr'>ἦν</span> 
     </span>
    </p>
   </div>
   <div class='ocr_carea' id='block_1_110' title="bbox 2151 5380 3726 5457">
    <p class='ocr_par' dir='ltr' id='par_1_110' title="bbox 2151 5380 3726 5457">
     <span class='ocr_line' id='line_1_110' title="bbox 2151 5380 3726 5457; baseline 0.003 -24"><span class='ocrx_word' id='word_1_786' title='bbox 2151 5380 2602 5451; x_wconf 78' lang='grc' dir='ltr'>σεμνολογήματα</span> <span class='ocrx_word' id='word_1_787' title='bbox 2632 5383 2725 5436; x_wconf 80' lang='grc' dir='ltr'>τοῦ</span> <span class='ocrx_word' id='word_1_788' title='bbox 2760 5382 2964 5445; x_wconf 59' lang='grc' dir='ltr'>ἔθνους</span> <span class='ocrx_word' id='word_1_789' title='bbox 2997 5384 3076 5439; x_wconf 85' lang='grc' dir='ltr'><strong><em>διὸ</em></strong></span> <span class='ocrx_word' id='word_1_790' title='bbox 3117 5384 3213 5438; x_wconf 80' lang='grc' dir='ltr'><strong><em>σὺν</em></strong></span> <span class='ocrx_word' id='word_1_791' title='bbox 3239 5385 3522 5457; x_wconf 72' lang='grc' dir='ltr'>παρρησίᾳ</span> <span class='ocrx_word' id='word_1_792' title='bbox 3557 5385 3726 5456; x_wconf 78' lang='grc' dir='ltr'>πολλῇ</span> 
     </span>
    </p>
   </div>
   <div class='ocr_carea' id='block_1_111' title="bbox 2147 5471 3726 5547">
    <p class='ocr_par' dir='ltr' id='par_1_111' title="bbox 2147 5471 3726 5547">
     <span class='ocr_line' id='line_1_111' title="bbox 2147 5471 3726 5547; baseline 0.004 -23"><span class='ocrx_word' id='word_1_793' title='bbox 2147 5471 2385 5527; x_wconf 86' lang='grc' dir='ltr'>λέλεκτο.</span> <span class='ocrx_word' id='word_1_794' title='bbox 2406 5473 2542 5527; x_wconf 78' lang='grc' dir='ltr'>Ἀλλ’</span> <span class='ocrx_word' id='word_1_795' title='bbox 2566 5475 2626 5527; x_wconf 82' lang='grc' dir='ltr'><strong><em>οὑ</em></strong></span> <span class='ocrx_word' id='word_1_796' title='bbox 2670 5475 2895 5529; x_wconf 79' lang='grc' dir='ltr'>τοιαῦτα</span> <span class='ocrx_word' id='word_1_797' title='bbox 2933 5471 3002 5546; x_wconf 78' lang='grc' dir='ltr'>ἦν</span> <span class='ocrx_word' id='word_1_798' title='bbox 3047 5475 3116 5529; x_wconf 85' lang='grc' dir='ltr'>τὰ</span> <span class='ocrx_word' id='word_1_799' title='bbox 3160 5477 3219 5528; x_wconf 84' lang='grc' dir='ltr'>ὲν</span> <span class='ocrx_word' id='word_1_800' title='bbox 3249 5476 3329 5547; x_wconf 83' lang='grc' dir='ltr'>τῷ</span> <span class='ocrx_word' id='word_1_801' title='bbox 3357 5483 3407 5545; x_wconf 85' lang='grc' dir='ltr'>γ’</span> <span class='ocrx_word' id='word_1_802' title='bbox 3432 5477 3527 5531; x_wconf 78' lang='grc' dir='ltr'>καὶ</span> <span class='ocrx_word' id='word_1_803' title='bbox 3563 5484 3626 5541; x_wconf 93' lang='lat' dir='ltr'><strong><em>o’,</em></strong></span> <span class='ocrx_word' id='word_1_804' title='bbox 3659 5476 3726 5530; x_wconf 80' lang='grc' dir='ltr'>δι’</span> 
     </span>
    </p>
   </div>
   <div class='ocr_carea' id='block_1_112' title="bbox 2146 5559 3727 5637">
    <p class='ocr_par' dir='ltr' id='par_1_112' title="bbox 2146 5559 3727 5637">
     <span class='ocr_line' id='line_1_112' title="bbox 2146 5559 3727 5637; baseline 0.006 -21"><span class='ocrx_word' id='word_1_805' title='bbox 2146 5559 2207 5618; x_wconf 74' lang='grc' dir='ltr'><strong><em>οὗ</em></strong></span> <span class='ocrx_word' id='word_1_806' title='bbox 2238 5564 2453 5633; x_wconf 77' lang='grc' dir='ltr'>ἐλέγετο</span> <span class='ocrx_word' id='word_1_807' title='bbox 2471 5583 2485 5597; x_wconf 78' lang='grc' dir='ltr'><strong>ο</strong></span> <span class='ocrx_word' id='word_1_808' title='bbox 2518 5566 2644 5620; x_wconf 81' lang='grc' dir='ltr'>Ἵνα</span> <span class='ocrx_word' id='word_1_809' title='bbox 2671 5568 2749 5631; x_wconf 83' lang='grc' dir='ltr'><strong><em>τί,</em></strong></span> <span class='ocrx_word' id='word_1_810' title='bbox 2781 5570 2813 5621; x_wconf 89' lang='grc' dir='ltr'><strong><em>ό</em></strong></span> <span class='ocrx_word' id='word_1_811' title='bbox 2853 5568 3016 5634; x_wconf 78' lang='grc' dir='ltr'>Θεὸς,</span> <span class='ocrx_word' id='word_1_812' title='bbox 3040 5567 3260 5624; x_wconf 80' lang='grc' dir='ltr'>ἀπώσω</span> <span class='ocrx_word' id='word_1_813' title='bbox 3287 5571 3374 5634; x_wconf 80' lang='grc' dir='ltr'><strong><em>είς</em></strong></span> <span class='ocrx_word' id='word_1_814' title='bbox 3398 5567 3593 5635; x_wconf 79' lang='grc' dir='ltr'>τέλος,</span> <span class='ocrx_word' id='word_1_815' title='bbox 3617 5568 3727 5637; x_wconf 71' lang='grc' dir='ltr'>ὠρε-</span> 
     </span>
    </p>
   </div>
   <div class='ocr_carea' id='block_1_113' title="bbox 2149 5657 3726 5733">
    <p class='ocr_par' dir='ltr' id='par_1_113' title="bbox 2149 5657 3726 5733">
     <span class='ocr_line' id='line_1_113' title="bbox 2149 5657 3726 5733; baseline 0.003 -24"><span class='ocrx_word' id='word_1_816' title='bbox 2149 5657 2326 5727; x_wconf 80' lang='grc' dir='ltr'>τίσθη</span> <span class='ocrx_word' id='word_1_817' title='bbox 2374 5661 2407 5712; x_wconf 84' lang='grc' dir='ltr'><strong><em>ό</em></strong></span> <span class='ocrx_word' id='word_1_818' title='bbox 2448 5660 2634 5729; x_wconf 70' lang='grc' dir='ltr'>θυμός</span> <span class='ocrx_word' id='word_1_819' title='bbox 2661 5675 2777 5715; x_wconf 84' lang='grc' dir='ltr'><strong><em>σου</em></strong></span> <span class='ocrx_word' id='word_1_820' title='bbox 2807 5661 2905 5715; x_wconf 82' lang='grc' dir='ltr'><strong><em>ἐπὶ</em></strong></span> <span class='ocrx_word' id='word_1_821' title='bbox 2940 5663 3204 5732; x_wconf 73' lang='grc' dir='ltr'>πρόϐατα</span> <span class='ocrx_word' id='word_1_822' title='bbox 3242 5662 3432 5733; x_wconf 83' lang='grc' dir='ltr'>νομῆς</span> <span class='ocrx_word' id='word_1_823' title='bbox 3457 5677 3605 5725; x_wconf 82' lang='grc' dir='ltr'>σου;</span> <span class='ocrx_word' id='word_1_824' title='bbox 3638 5661 3726 5715; x_wconf 83' lang='grc' dir='ltr'>Ἐν</span> 
     </span>
    </p>
   </div>
   <div class='ocr_carea' id='block_1_114' title="bbox 542 5806 2446 5897">
    <p class='ocr_par' dir='ltr' id='par_1_114' title="bbox 542 5806 2446 5897">
     <span class='ocr_line' id='line_1_114' title="bbox 542 5806 2446 5897; baseline 0.002 -34"><span class='ocrx_word' id='word_1_825' title='bbox 542 5806 754 5864; x_wconf 74' lang='lat' dir='ltr'><strong><em>“.l‘sal.</em></strong></span> <span class='ocrx_word' id='word_1_826' title='bbox 789 5824 991 5877; x_wconf 73' lang='lat' dir='ltr'><strong><em>uxr&quot;,</em></strong></span> <span class='ocrx_word' id='word_1_827' title='bbox 1036 5813 1083 5867; x_wconf 86' lang='lat' dir='ltr'><strong><em>l.</em></strong></span> <span class='ocrx_word' id='word_1_828' title='bbox 1162 5813 1207 5845; x_wconf 59' lang='lat'><strong><em>3‘</em></strong></span> <span class='ocrx_word' id='word_1_829' title='bbox 1242 5811 1387 5868; x_wconf 85' lang='lat' dir='ltr'><strong><em>Psal.</em></strong></span> <span class='ocrx_word' id='word_1_830' title='bbox 1420 5828 1648 5879; x_wconf 75' lang='lat' dir='ltr'><strong><em>Lxxvm,</em></strong></span> <span class='ocrx_word' id='word_1_831' title='bbox 1686 5812 1737 5881; x_wconf 79' lang='lat' dir='ltr'><strong><em>l,</em></strong></span> <span class='ocrx_word' id='word_1_832' title='bbox 1772 5811 1827 5869; x_wconf 76' lang='lat'><strong><em>2.</em></strong></span> <span class='ocrx_word' id='word_1_833' title='bbox 1908 5813 1952 5846; x_wconf 77' lang='lat'><strong>&quot;</strong></span> <span class='ocrx_word' id='word_1_834' title='bbox 1986 5810 2132 5870; x_wconf 79' lang='lat' dir='ltr'><strong><em>Psal.</em></strong></span> <span class='ocrx_word' id='word_1_835' title='bbox 2167 5827 2359 5897; x_wconf 45' lang='lat' dir='ltr'><strong><em>nam,</em></strong></span> <span class='ocrx_word' id='word_1_836' title='bbox 2399 5812 2446 5867; x_wconf 90' lang='lat' dir='ltr'><strong><em>l.</em></strong></span> 
     </span>
    </p>
   </div>
  </div>
