4128 6392
437 367 546 426 829

1578 357 2089 418 COMMENTARIA
2124 356 2194 415 1N
2233 353 2576 416 PIALMOS.

3619 354 3724 416 830

435 481 668 545 ἐκείνοις
699 479 810 553 γὰρ
834 479 932 552 τὴν
960 480 1040 543 είς
1063 478 1216 543 τέλος
1248 475 1520 546 ἀποϐολὴν
1553 473 1646 528 τοῦ
1681 473 1870 537 έθνους
1916 474 2019 546 ὲδή·

2144 473 2302 528 ruina
2332 493 2346 528 :
2384 474 2438 528 in
2468 473 2564 528 illo
2594 471 2722 527 item
2759 487 2869 527 non
2904 470 3119 530 faustus
3151 471 3311 539 nnis,
3346 488 3456 528 non
3489 478 3725 544 promis-

433 573 546 636 λου,
578 573 674 627 καὶ
727 574 826 643 τὴν
885 573 1120 643 ἐσχάτην
1168 571 1270 642 τῆς
1306 567 1663 640 Ἰερουσαλὴμ
1691 567 2026 620 ἀπόπτωσιν.

434 667 546 721 Καὶ
574 669 633 719 ὲν
663 666 860 736 ἐκείνῳ
893 665 991 735 μὲν
1023 665 1124 717 οὐκ
1152 663 1452 734 ἐμφέρεται
1490 659 1724 732 χρηστὸν
1757 659 1912 722 τέλος
1941 659 2031 712 οὺ-

432 757 491 811 δὲ
537 757 845 825 ἐπαγγελία
885 773 970 819 τις
999 754 1382 828 θεραπεύουσα
1411 753 1480 806 τὰ
1503 752 1808 822 λελεγμένα
1834 769 1847 781 ·
1880 753 1936 804 ὲν
1969 750 2028 803 δὲ

431 848 512 917 τῷ
547 847 777 919 παρόντι
811 847 947 918 μετὰ
973 846 1040 900 τὰ
1067 831 1369 916 σκυθρωπὰ
1391 843 1753 897 ὲπισυνάπτει
1776 841 1856 912 τῷ
1885 840 2028 908 τῶει

431 937 528 991 τοῦ
579 937 783 1000 παντὸς
831 937 1026 1006 λόγουο
1083 935 1323 1002 Ἀπόδος
1377 933 1498 999 τοῖς
1549 934 1816 1004 γείτοσιν
1865 929 2036 1000 ἡμῶν

433 1029 897 1084 ἑπταπλασίονα
935 1032 1024 1094 είς
1064 1029 1172 1081 τὸν
1205 1028 1439 1082 κόλπον
1472 1025 1692 1091 αὐτῶν,
1724 1025 1830 1078 τὸν
1877 1027 2034 1078 ὀνει-

431 1122 657 1191 δισμὸν
685 1121 906 1186 αὐτῶν,
933 1122 1006 1176 ὃν
1029 1120 1352 1175 ὠνείδισὰν
1377 1136 1472 1184 σε,
1506 1121 1701 1188 Κύριε.
1721 1118 1918 1188 Ἡμεῖς
1945 1117 2034 1181 δὲ,

2141 567 2258 634 sio,
2289 581 2413 636 quae
2461 565 2755 621 recensitis
2796 566 2956 622 malis
3003 565 3310 629 medeatur,
3352 565 3623 634 affertur;
3667 575 3724 621 at

2138 660 2195 713 in
2231 658 2489 729 praesenti
2537 666 2658 727 post
2693 658 2872 711 tristia
2923 657 3015 710 illa
3065 657 3181 711 haec
3214 656 3406 721 inﬁne
3449 659 3723 713 sermonis

2147 751 2338 821 adjicit
2367 770 2379 804 :
2416 750 2590 804 liedde
2618 750 2803 803 vicinis
2835 751 3031 802 nostris
3063 751 3360 820 srptuplum
3393 750 3448 803 in
3493 751 3612 804 sinu
3631 767 3722 805 eo-

2136 860 2257 897 rum
2286 886 2300 909 ,
2361 843 2744 912 improperium
2791 843 3072 912 ipsorum,
3124 859 3226 913 quo
3275 841 3722 910 exprobraret-unt

2136 935 2252 999 tibi,
2274 933 2516 988 Domine.
2541 931 2655 986 Nos
2685 943 2860 986 autent
2889 932 3112 1001 populus
3145 945 3268 986 tuus
3297 942 3343 986 et
3374 949 3488 985 oves
3509 946 3722 999 pascua:

2139 1036 2274 1092 tuae,
2303 1025 2677 1091 conﬁtebimur
2709 1025 2803 1078 tibi
2837 1026 2890 1078 in
2921 1025 3196 1080 sa’culnm.
3234 1023 3302 1078 In
3331 1024 3721 1095 generationem

2136 1129 2186 1175 et
2239 1120 2629 1190 generationem
2674 1118 3112 1173 annuutiabimus
3154 1117 3364 1172 laudent
3411 1126 3577 1172 tuam.
3626 1115 3721 1172 Hae

434 1218 590 1282 λαός
622 1233 739 1274 σου
779 1218 879 1272 καὶ
908 1219 1174 1286 πρόϐατα
1213 1216 1407 1286 νομῆς
1453 1231 1591 1280 σου,
1629 1215 2019 1284 ἀνθομολογηι

2138 1214 2339 1282 quippe
2372 1227 2499 1265 vere
2529 1211 2811 1280 justorum
2844 1228 3006 1267 voces
3037 1219 3186 1266 sunt.

433 1308 661 1378 σόμεθά
685 1323 783 1364 σοι
812 1312 900 1375 εἰς
920 1309 1028 1362 τὸν
1057 1307 1266 1364 αἰῶνα.
1298 1311 1404 1374 Εἰς
1430 1307 1644 1378 γενεὰν
1684 1306 1783 1360 καὶ
1811 1305 2026 1375 γενεὰν
2061 1303 2511 1374 ἐξαγγελοῦμεν
2543 1301 2659 1370 τὴν
2691 1303 2932 1356 αἷνεσίν
2961 1318 3098 1356 σου.
3151 1296 3322 1356 Αὗται
3388 1299 3496 1372 γὰρ
3535 1299 3722 1370 σαφῶς

432 1403 659 1458 δικαίων
693 1404 1024 1474 τυγχάνουσι
1051 1403 1244 1472 φωναί.

1193 1519 1256 1572 II'
1266 1561 1277 1571 .

513 1611 578 1666 Ἦ
629 1611 790 1682 ὀγδόη
844 1612 1153 1683 προφητεία
1205 1611 1298 1664 τοῦ
1344 1610 1516 1678 Ἀσάφ
1568 1626 1740 1663 πολλα
1775 1609 2031 1681 σημαίνει

433 1703 576 1759 κατὰ
603 1705 662 1757 τὸ
686 1703 816 1757 αὐτὸ
847 1703 935 1756 διὰ
972 1703 1073 1773 τῆς
1117 1705 1476 1774 προγραφῆς
1515 1701 1630 1755 ἐστι
1660 1703 1797 1774 γὰρ,
1833 1705 1920 1766 είς
1963 1702 2027 1756 τὸ

2857 1505 2992 1561 VIII.

2204 1603 2409 1658 Octava
2455 1599 2661 1671 Asaphi
2702 1600 2986 1670 prephelia
3031 1601 3202 1654 multa
3250 1600 3305 1654 in
3348 1601 3510 1654 titulo
3554 1602 3718 1657 simul

2131 1694 2336 1750 indicat
2369 1713 2382 1748 :
2415 1709 2538 1747 nam
2568 1693 2790 1755 dicitur,
2820 1696 2872 1746 in
2909 1693 3096 1762 ﬁnem,
3127 1700 3203 1756 et,
3237 1709 3332 1761 pro
3363 1693 3430 1747 iis
3460 1693 3550 1763 qui
3574 1710 3718 1747 com-

429 1796 630 1864 τέλος,
682 1796 806 1861 καὶ,
866 1797 1019 1864 ὑπὲρ
1081 1793 1201 1849 τῶν
1260 1793 1854 1863 ὼλλοιωθησομένων,
1911 1795 2019 1856 καὶ,

2131 1786 2512 1850 mutabuntur,
2540 1793 2628 1847 et,
2659 1785 2899 1854 psalmus
2932 1786 2980 1817 ⁸³
3010 1804 3022 1838 :
3061 1784 3128 1838 ad
3167 1784 3282 1839 hinc
3314 1792 3495 1840 autem
3529 1787 3716 1841 omnia

431 1893 707 1959 ψαλμός·
741 1888 878 1959 πρὸς
916 1889 1130 1950 τούτοις
1163 1887 1364 1940 ἅπασιν
1396 1888 1782 1957 έπιτετήρηται
1821 1886 1895 1948 ὡς
1933 1885 2025 1938 καὶ

425 1980 752 2050 μαρτύριον
799 1980 884 2049 εἴη
924 1978 1082 2049 μόνος
1117 1973 1269 2040 οὖτος
1312 1977 1420 2030 τῶν
1469 1980 1525 2030 ἐν
1575 1976 1722 2046 πάσῃ
1758 1978 1821 2046 τῇ
1857 1974 2024 2046 βίϐλῳ

432 2071 749 2143 φερομένων
794 2069 969 2133 οὕτως
1012 2069 1513 2140 ἐπιγεγραμμένος.
1546 2069 1640 2131 Et;
1693 2069 1788 2138 μὲν
1836 2064 1930 2122 οὖν
1963 2069 2024 2122 τὺ

430 2161 582 2226 τέλος
631 2159 945 2230 ἀναπέμπει
988 2159 1077 2212 διὰ
1117 2161 1178 2212 τὸ
1219 2160 1497 2224 θεσπίζειν
1526 2160 1586 2212 τὸ
1629 2159 1838 2230 μέλλον·
1871 2159 2022 2229 ὑπὲρ

429 2254 488 2307 δὲ
563 2250 683 2306 τῶν
746 2251 1342 2321 ἀλλοιωθησομένων,
1410 2252 1499 2305 διὰ
1555 2251 1652 2323 τὴν
1721 2253 2021 2324 μεταϐολὴν

431 2343 541 2396 τῶν
593 2342 682 2396 διὰ
734 2343 834 2411 τῆς
893 2341 1229 2413 προφητείας
1283 2341 1628 2411 δηλουμένων
1653 2359 1666 2372 ·
1693 2344 2023 2412 μαρτύριον

429 2434 486 2488 δὲ
536 2436 748 2505 εἴρηται
780 2433 869 2488 διὰ
910 2433 972 2486 τὸ
1019 2431 1392 2504 μαρτύρεσθαι
1444 2433 1572 2504 περὶ
1627 2434 1720 2486 τοῦ
1768 2435 1825 2486 ἐν
1872 2432 2020 2502 αὐτῷ

432 2523 997 2594 προαναφωνουμένου
1024 2525 1215 2594 ἀνδρὸς
1247 2523 1343 2576 καὶ
1382 2523 1478 2576 τοῦ
1525 2525 1858 2596 καλουμένου
1886 2525 2018 2579 Υίοῧ

431 2613 742 2687 ἀνθρώπου.
784 2613 912 2666 Υἱδν
970 2614 1079 2684 γάρ
1132 2630 1255 2666 τινα
1311 2612 1599 2684 ἀνθρώπου
1658 2616 1868 2684 εἰσάγει
1925 2617 2019 2670 καὶ

432 2706 600 2779 ἇνδρα
625 2706 806 2772 δεξιᾶς
835 2705 929 2759 τοῦ
974 2705 1110 2760 Θεοῦ
1148 2705 1336 2760 τοῦτον
1358 2708 1633 2777 ὀνομάζει.
1665 2710 1888 2780 Πρῶτον
1921 2710 2018 2780 μὲν

427 2794 524 2853 οὖν
556 2797 651 2851 τοῦ
693 2799 962 2852 Ἰουδαίων
995 2798 1182 2861 ἔθνους
1205 2797 1305 2868 τὴν
1346 2799 1455 2852 ἀπὸ
1485 2799 1761 2868 Αἰγύπτου
1793 2802 2017 2872 πορείαν

428 2889 525 2944 xci.
549 2891 650 2962 τὴν
682 2891 776 2943 ὲπὶ
813 2892 911 2960 τῆς
945 2889 1320 2945 Παλαιστινῶν
1353 2891 1456 2960 γῆς
1487 2893 1698 2962 οἴκησιν
1749 2895 2018 2965 παρίστη-

432 2999 516 3036 σιν
544 2983 603 3035 ἐν
632 2981 964 3052 ἀλληγορίας
989 2983 1177 3054 τρόπῳ
1203 2984 1428 3052 φάσκων
1447 3001 1460 3014 ·
1502 2986 1798 3053 Ἄμπελον
1823 2983 1892 3048 ἐξ
1920 2988 2018 3038 Al-

427 3075 658 3144 τύπτου
696 3073 978 3143 μετῆρας,
1010 3075 1296 3142 ἐξέϐαλες
1341 3075 1486 3144 ἔθνη
1525 3077 1622 3130 καὶ
1659 3078 2016 3146 κατεφύτευ-

2129 1881 2454 1935 observatur
2482 1879 2629 1934 hunc
2657 1881 2836 1934 solum
2868 1879 3137 1948 psalmum
3163 1922 3176 1945 ,
3200 1894 3266 1933 ex
3296 1880 3364 1934 iis
3394 1881 3486 1950 qui
3516 1881 3569 1934 in
3601 1890 3717 1938 toto

2126 1972 2268 2026 libro
2302 1971 2575 2033 feruntur,
2621 1972 2982 2025 testimonium
3024 1971 3276 2025 inscribi.
3321 1970 3376 2024 In
3416 1971 3576 2027 ﬁnem
3613 1974 3717 2030 ita-

2125 2080 2233 2133 que
2264 2064 2513 2126 remittit,
2535 2063 2662 2133 quia
2697 2063 2882 2116 futura
2913 2063 3275 2129 vaticinatur;
3305 2072 3389 2118 est
3417 2080 3582 2127 vero,
3616 2080 3715 2134 pro

2125 2156 2192 2210 iis
2222 2160 2310 2225 qui
2338 2142 2824 2218 commutabuntur,
2851 2155 2920 2209 ob
2943 2158 3296 2210 mutationem
3322 2171 3511 2211 corum
3535 2158 3626 2226 qui
3657 2160 3713 2214 in

2123 2248 2412 2318 prophetia
2455 2249 2816 2313 indicantur;
2860 2249 3217 2300 testimonium
3259 2257 3441 2303 autem
3483 2250 3710 2314 dicitur,

2125 2343 2253 2412 quia
2288 2341 2662 2396 testimonium
2698 2340 2902 2410 praebet
2934 2341 3054 2394 viro
3088 2341 3287 2394 ibidem
3321 2343 3711 2410 praenuntiata,

2121 2443 2177 2489 et
2203 2435 2252 2488 ei
2279 2433 2373 2504 qui
2401 2441 2630 2488 vocatur
2650 2432 2820 2488 Filius
2853 2432 3110 2488 hominis.
3131 2431 3266 2486 Nam
3295 2434 3584 2505 quemdam
3616 2433 3708 2487 Fi-

2121 2529 2252 2583 lium
2300 2527 2540 2581 hominis
2586 2526 2673 2580 hic
2719 2525 2964 2589 inducit,
3016 2533 3071 2579 et
3114 2525 3292 2579 virum
3339 2525 3580 2580 dextera:
3614 2525 3711 2582 Dei

2119 2616 2375 2672 eumdem
2404 2625 2703 2685 nuncupat.
2738 2613 2924 2668 Plinio
2955 2615 3136 2684 itaque
3163 2613 3376 2668 Judaici
3410 2617 3592 2684 populi
3639 2632 3704 2672 ex

2122 2704 2358 2776 Egypto
2389 2706 2631 2769 exitum,
2670 2713 2834 2774 atque
2878 2691 3276 2758 habitationem
3317 2706 3370 2758 in
3414 2705 3707 2761 Palmstina

2119 2798 2412 2868 allegorico
2439 2813 2588 2854 more
2612 2797 2853 2852 declarat
2877 2797 3067 2852 dicens
3094 2816 3106 2850 :
3139 2797 3361 2852 Vineam
3388 2797 3453 2851 de
3472 2797 3705 2870 Egypto

2120 2889 2478 2951 transtulisti,
2511 2889 2714 2958 ejecisti
2747 2898 2923 2958 gentes
2957 2897 3006 2942 et
3039 2889 3296 2958 plantasti
3331 2907 3447 2944 eam
3470 2930 3483 2953 ,
3513 2901 3566 2946 et
3601 2906 3710 2948 caa-

2120 2987 2256 3034 tera.
2278 2978 2485 3034 Deinde
2507 2979 2747 3034 futuram
2773 2979 2895 3048 ejus
2920 2980 3316 3035 desolationem
3343 2982 3430 3036 his
3459 2981 3700 3038 indicat:

2124 3069 2321 3141 thuid
2343 3070 2655 3124 destruxiin
2681 3071 2967 3123 maceriam
2991 3070 3131 3139 ejus,
3163 3079 3212 3124 et
3245 3069 3564 3124 vindemiant
3586 3087 3705 3126 eam

428 3179 548 3229 σας
576 3163 791 3228 αὐτὴν,
818 3165 912 3218 καὶ
936 3165 1004 3217 τὰ
1035 3164 1250 3228 τούτοις
1273 3166 1542 3220 ἀκόλουθα
1560 3185 1573 3198 ·
1606 3165 1725 3221 εἶτα
1753 3168 1903 3238 δηλοῖ
1920 3167 2016 3238 τὴν

2124 3183 2296 3219 onmes
2325 3167 2416 3236 qui
2458 3165 2967 3235 praztergrediuntur
3003 3165 3189 3221 viam?
3221 3165 3296 3220 De
3324 3166 3704 3222 obsidentibus

431 3255 699 3326 ἐσομένην
731 3257 965 3327 ἐρημίαν
993 3258 1174 3310 αὐτῶν
1218 3259 1444 3326 φάσκων
1467 3277 1480 3290 ο
1515 3261 1639 3314 Ἵνα
1665 3261 1720 3313 τί
1745 3261 2018 3327 καθεῖλες

426 3346 536 3401 τὸν
559 3347 831 3416 φραγμὸν
853 3348 1066 3416 αὐτῆς,
1097 3353 1194 3403 καὶ
1231 3353 1530 3422 τρυγῶσιν
1567 3353 1764 3421 αὐτὴν
1793 3353 2018 3421 πάντες

426 3441 484 3493 οἱ
526 3441 1074 3510 παραπορευόμενοι
1103 3442 1217 3510 τὴν
1254 3443 1423 3508 όδόν;
1470 3447 1578 3498 Καὶ
1625 3445 1752 3518 περὶ
1785 3446 1891 3500 τῶν
1921 3464 2017 3500 πο-

427 3527 832 3600 λιορκησάντων
861 3531 918 3584 δὲ
965 3532 1203 3586 διδάσκει
1242 3534 1448 3602 λέγων·
1495 3537 1863 3605 Ἐλυμῂνατο
1908 3539 2016 3591 αὐ-

421 3621 540 3690 τὴν
570 3619 644 3688 ὗς
687 3624 756 3676 ἐκ
795 3623 1042 3693 δρυμοῦ,
1072 3627 1170 3678 καὶ
1208 3627 1419 3696 μονιὸς
1451 3627 1653 3697 ἄγριος
1696 3629 2016 3699 κατενεμή-

423 3727 576 3768 (rato
627 3715 842 3786 αὐτήν.
881 3717 958 3768 Δι’
993 3711 1066 3770 ὧν
1108 3717 1201 3770 δύο
1251 3719 1618 3792 πολιορκητὰς
1655 3719 1873 3774 ἔσεσθαι
1919 3721 2012 3775 τοῦ

427 3805 610 3872 ἔθνους
658 3809 946 3879 σημαίνει·
1000 3810 1028 3862 ὃ
1074 3810 1137 3881 δὴ
1171 3812 1360 3880 γέγονε
1412 3813 1511 3884 μὲν
1558 3813 1652 3866 καὶ
1704 3814 1844 3868 κατὰ
1887 3815 2014 3879 τοὺς

426 3898 532 3952 τῶν
564 3900 917 3955 Βαϐυλωνίων
944 3902 1199 3974 χρόνους·
1238 3904 1455 3976 πρῶτος
1507 3905 1616 3977 γὰρ
1658 3908 1686 3959 ὁ
1729 3906 2014 3977 ’Δσσύριος

428 3990 671 4044 ἐπελθὼν
703 3992 802 4056 τὰς
850 3993 981 4046 δέκα
1019 3994 1190 4063 φυλὰς
1218 3995 1314 4049 τοῦ
1375 3997 1592 4066 Ἰσραὴλ
1636 3999 2013 4068 αἰχμαλώτους

423 4082 712 4154 ἀπήγαγεν
731 4099 743 4112 ·
781 4079 901 4136 εἶτα
933 4083 1071 4154 μετὰ
1099 4084 1286 4138 τοῦτον
1316 4088 1344 4139 ὁ
1367 4086 1707 4152 Βαϐυλώνιος
1739 4091 1864 4152 τοὺς
1890 4091 2013 4142 ὑπο-

422 4169 641 4234 λοίπους
687 4172 1037 4244 ἐχειρώσατο,
1086 4173 1183 4244 τὴν
1224 4175 1580 4248 Ἰερουσαλὴμ
1633 4179 1728 4230 σὺν
1772 4177 1850 4247 τῷ
1899 4178 2010 4249 ναῷ

422 4264 798 4335 πυρπολήσας.
838 4267 902 4318 Ὃ
933 4264 998 4337 δὴ
1038 4265 1284 4330 θεσπίζει
1320 4268 1543 4336 φάσκων
1589 4270 1618 4321 ὁ
1646 4269 1804 4338 λόγος
1827 4283 1842 4299 ⁸
1879 4271 2008 4339 Ἐμ-

2122 3266 2302 3312 autem
2349 3272 2470 3312 eam
2520 3257 2635 3310 huic
2667 3258 2832 3310 tradit
2861 3276 2873 3312 :
2910 3256 3302 3312 Exterminatit
3334 3276 3449 3313 eam
3487 3276 3610 3329 aper
3638 3260 3704 3315 de

2119 3355 2253 3409 silva
2275 3393 2289 3417 ,
2323 3363 2371 3407 et
2401 3355 2688 3424 singularis
2721 3354 2864 3422 ferus
2895 3357 3119 3408 vastavit
3150 3372 3289 3408 eam.
3338 3355 3548 3422 Quibus
3581 3372 3704 3411 ver-

2119 3447 2206 3502 bis
2247 3463 2367 3503 eam
2406 3454 2623 3517 gentem
2665 3462 2695 3499 a
2736 3447 2955 3501 duobus
2995 3447 3358 3502 obsidendam
3400 3448 3698 3518 signiﬁcat.

2117 3536 2276 3603 Quod
2317 3536 2499 3591 evenit
2545 3534 2971 3606 Babyloniorum
3019 3545 3307 3605 tempore:
3349 3551 3476 3589 nam
3525 3537 3699 3608 Assy-

2117 3630 2230 3684 rius
2263 3628 2413 3700 prior
2447 3627 2744 3689 invadens,
2783 3626 2973 3682 decem
3022 3628 3198 3682 tribus
3242 3627 3410 3682 Israel
3453 3627 3700 3696 captivas

2116 3721 2341 3775 abduxit
2365 3739 2378 3787 ;
2409 3720 2606 3774 deinde
2632 3735 2760 3774 vero
2787 3719 3119 3790 Babylonius
3147 3721 3388 3775 incensis
3413 3734 3536 3773 cum
3563 3727 3703 3773 tem-

2116 3815 2206 3885 plo
2248 3812 2640 3884 Jerosolymis,
2686 3814 2930 3881 reliquos
2980 3813 3144 3882 cepit.
3183 3811 3340 3878 Quod
3384 3812 3471 3866 hic
3515 3827 3699 3867 sermo

2113 3909 2442 3960 vaticinatur
2477 3905 2563 3958 his
2613 3905 2831 3960 verbis:
2887 3903 3112 3957 Incensa
3168 3905 3283 3975 igne
3329 3911 3378 3958 et
3425 3903 3696 3972 suﬂ‘ossa:

2113 3997 2350 4067 idipsum
2379 4011 2598 4066 quoque
2628 3995 2999 4049 Romanorum
3036 4004 3281 4064 tempore
3311 3993 3512 4048 accidit
3539 4012 3554 4061 ;
3585 3995 3697 4064 pri-

2112 4104 2202 4143 mo
2237 4089 2457 4160 quidem
2489 4088 2778 4142 obsidente
2811 4087 2966 4151 Tito,
2997 4089 3090 4156 qui
3121 4095 3244 4156 post
3279 4101 3468 4141 eorum
3503 4095 3694 4141 centra

2121 4180 2462 4236 Salvatorem
2518 4191 2767 4235 nostrum
2816 4179 3062 4235 facinora
3093 4220 3107 4243 ,
3161 4180 3424 4248 templum
3476 4195 3694 4248 quoque

2111 4271 2401 4336 incendit;
2456 4270 2653 4325 deinde
2710 4286 2838 4325 vero
2893 4269 3140 4324 Adriano
3191 4270 3495 4338 imperante
3527 4308 3542 4332 ,
3599 4269 3693 4338 qui

423 4356 838 4425 πεπινρςσμένη
883 4357 954 4410 ἐν
997 4358 1138 4426 πυρὶ
1179 4359 1279 4412 καὶ
1317 4360 1770 4430 ἀνεσκαμμένηο
1819 4363 2008 4432 γέγονε

2124 4361 2309 4418 Iudicis
2334 4363 2484 4418 urbis
2526 4361 2733 4416 aditum
2777 4363 2884 4416 lata
2912 4364 3027 4432 lege
3058 4361 3383 4416 interclusit.
3413 4361 3517 4415 Sed
3541 4368 3692 4430 post—

420 4445 479 4499 δὲ
502 4447 596 4500 καὶ
625 4448 719 4500 ἐπὶ
744 4449 842 4518 τῆς
880 4449 1163 4519 Ῥωμαίων
1199 4448 1496 4518 βασιλείας,
1535 4452 1752 4522 πρῶτον
1785 4454 1881 4523 μὲν
1914 4471 2008 4507 πο-

2124 4473 2272 4526 ]ιιιιιιι
2307 4457 2494 4512 ἱειιιωο
2537 4456 2606 4511 de
2646 4456 2934 4510 obsidione
2979 4456 3153 4525 gentis
3201 4456 3532 4508 vaticinatus
3577 4453 3693 4507 fuc-

422 4535 812 4609 λιορκήσαντος
843 4541 1040 4604 αὐτοὺς
1068 4541 1228 4595 Τίτου
1258 4541 1352 4594 τοῦ
1388 4543 1482 4594 καὶ
1509 4543 1570 4596 τὸ
1608 4544 1750 4614 ἱερὸν
1794 4563 2008 4616 πυρπο-

2124 4551 2227 4609 rat,
2278 4545 2333 4598 in
2379 4546 2742 4614 sequentibus
2785 4546 2852 4599 de
2897 4545 3082 4598 divino
3116 4541 3425 4597 Servatoris
3455 4543 3690 4595 adventu

420 4629 684 4700 λήσαντος
729 4631 866 4700 μετὰ
892 4632 961 4685 τά
987 4632 1325 4703 τολμηθέντα
1357 4634 1540 4698 αὐτοῖς
1585 4635 1726 4688 κατὰ
1769 4635 1862 4688 τοῦ
1892 4637 2005 4691 Σω-

2124 4638 2230 4691 Ιιειο
2260 4639 2532 4708 precando
2565 4639 2738 4693 dicit:
2776 4639 2905 4691 Fiat
2945 4655 3132 4691 manus
3179 4649 3273 4690 tua
3320 4653 3475 4704 super
3518 4636 3689 4689 virum

419 4720 589 4791 τῆρος
623 4722 808 4792 ἡμῶν·
845 4722 1036 4776 ἔπειτα
1076 4724 1354 4794 Ἀδριανοῦ
1390 4725 1484 4778 τοῦ
1513 4725 1610 4796 τὴν
1653 4726 1806 4780 πόλιν
1833 4728 2006 4799 αὐτὴν

2124 4729 2332 4784 (extera:
2362 4741 2464 4784 tua:
2487 4771 2500 4793 ,
2539 4741 2585 4784 et
2617 4747 2772 4799 super
2800 4729 3003 4784 Filium
3037 4730 3264 4782 hominis
3300 4745 3451 4798 quem
3491 4729 3690 4795 conﬁr-

420 4808 621 4861 ἄϐατον
656 4811 930 4875 Ἰουδαίοις
963 4808 1101 4864 εἶναι
1133 4813 1610 4885 νομοθετήσαντος.
1655 4817 1790 4870 Ἀλλ’
1819 4819 2004 4889 ἐπειδὴ

2124 4825 2268 4877 uasti
2316 4825 2429 4878 tibi.
2472 4823 2568 4878 llis
2602 4834 2782 4879 autem
2821 4833 3004 4894 rogat,
3038 4834 3096 4876 ut
3125 4824 3210 4877 vir
3239 4824 3473 4876 dextera:
3505 4820 3595 4874 Dei
3630 4822 3686 4873 in

420 4899 596 4952 ταῦτα
652 4903 782 4973 περὶ
828 4903 926 4974 τῆς
973 4904 1291 4976 πολιορκίας
1346 4905 1600 4959 ἐθέσπισε
1651 4908 1746 4961 τοῦ
1799 4909 2003 4975 ἔθνους,

2129 4931 2251 4970 erra
2291 4923 2571 4986 appareat.
2613 4915 2718 4970 Per
2748 4916 2926 4985 ipsum
2963 4917 3106 4970 enim
3131 4955 3144 4978 ,
3183 4915 3396 4984 inquit,
3445 4929 3545 4967 nos
3590 4913 3685 4981 qui

422 4990 626 5060 προϊὼν
667 4995 796 5063 περὶ
839 4996 937 5066 τῆς
989 4997 1254 5068 σωτηρίου
1304 4997 1622 5066 θεοφανείας
1665 5000 1830 5070 εὐχὴν
1873 5002 2008 5054 ἁνα-

2124 5007 2453 5076 suscepimus
2487 5023 2611 5061 eum
2633 5047 2649 5069 ,
2683 5023 2790 5061 non
2831 5007 3174 5062 discedemus
3209 5021 3238 5058 a
3274 5014 3358 5068 te,
3393 5005 3484 5058 sed
3526 5005 3683 5056 etiam

420 5081 630 5151 πέμπει
677 5085 880 5152 λέγων·
923 5089 1238 5156 Γενηθήτω
1283 5090 1320 5157 ἡ
1369 5091 1499 5158 χείρ
1549 5106 1664 5146 σου
1698 5093 1790 5145 ἐπ’
1818 5093 2008 5161 ἄνδρα

2124 5112 2204 5164 )er
2244 5097 2423 5167 ipsum
2458 5113 2559 5151 nos
2592 5099 2938 5153 viviticabis:
2979 5097 3330 5168 quamobrem
3377 5095 3462 5148 his
3501 5092 3684 5148 verbis

419 5171 624 5240 δεξιᾶς
648 5191 784 5240 σου,
812 5178 909 5232 καὶ
934 5179 1033 5232 ἐπὶ
1084 5181 1219 5234 Υίὸν
1249 5182 1563 5249 ἀνθρώπου
1591 5183 1661 5237 ὃν
1692 5184 2007 5251 separatu-

2124 5190 2520 5258 supplicamus:
2574 5188 2799 5244 Domine
2843 5193 3129 5255 virtutum,
3176 5198 3411 5243 converte
3454 5203 3583 5248 nos,
3633 5194 3683 5238 et

418 5280 538 5332 σας
575 5269 828 5334 σεαυτῷ.
867 5273 1182 5344 Παρακαλεῖ
1225 5275 1282 5327 δὲ
1331 5277 1388 5328 ὲν
1432 5276 1643 5340 τούτοις
1695 5278 1783 5330 τὸν
1831 5278 2001 5350 ἄνδρα

2124 5281 2316 5334 νδιεηάε
2346 5281 2537 5351 [aciem
2570 5291 2717 5336 tuam
2750 5298 2846 5353 per
2876 5282 3196 5354 praedictum
3227 5282 3402 5336 vir-um
3425 5322 3440 5348 ,
3470 5289 3517 5333 et
3549 5278 3684 5332 soliti

419 5355 520 5425 τῆς
546 5358 726 5425 δεξιᾶς
753 5363 846 5414 τοῦ
873 5363 1006 5417 Θεοῦ
1034 5364 1264 5434 ὀφθῆναι
1295 5367 1388 5419 ἐπὶ
1418 5366 1542 5436 γῆς.
1575 5369 1652 5420 Δι’
1675 5369 1839 5422 αὑτοῦ
1867 5369 1995 5440 γὰρ,
2095 5373 2311 5428 erimus.

423 5447 608 5517 φησὶν,
645 5451 805 5520 ἡμεῖς
834 5455 884 5505 οί
921 5457 1352 5528 παραδεξάμενοι
1380 5460 1540 5513 αὑτὸν
1574 5460 1636 5512 οὐ
1679 5460 1752 5529 μὴ
1788 5461 2115 5534 ἀποστῶμεν
2182 5466 2290 5518 ἀπὺ
2327 5466 2442 5528 σοῦ,
2476 5467 2611 5521 ἀλλὰ
2645 5465 2737 5522 καὶ
2769 5465 3009 5531 ζωώσεις
3043 5468 3189 5538 ἡμᾶς
3222 5466 3287 5520 δι’
3329 5465 3493 5520 αὐτοῦ
3535 5485 3551 5499 ο
3611 5467 3682 5521 δι’

418 5539 450 5594 ὃ
495 5543 610 5634 καὶ,
637 5544 952 5618 ἱκετεύομεν
1009 5549 1258 5619 λέγοντες
1301 5569 1313 5582 ·
1360 5555 1539 5623 Κύριε
1580 5555 1701 5607 τῶν
1729 5554 2062 5625 δυνάμεων,
2103 5561 2478 5631 ἐπίστρεψον
2513 5563 2685 5634 ἡμᾶς,
2744 5565 2840 5617 καὶ
2888 5563 3184 5632 exigat-or
3239 5563 3300 5616 τὸ
3357 5564 3680 5632 πρόσωπόν

418 5647 560 5697 σου,
595 5633 681 5688 διὰ
710 5635 802 5689 τοῦ
847 5638 1177 5710 δηλωθέντος
1205 5643 1416 5715 ἀνδρὸς,
1453 5646 1549 5700 καὶ
1575 5649 1986 5716 σωθησόμεθα.

494 5812 541 5845 ⁸⁸
562 5812 706 5872 Psal.
750 5833 937 5888 ιιιιι,
973 5819 1021 5874 1.
