  <div class='ocr_page' id='page_1' title='image "/cluster/home/n/w/nwhite01/storage/ocr_20150623/23/nnc1.0046978313/441.png"; bbox 0 0 4128 6392; ppageno 0'>
   <div class='ocr_carea' id='block_1_1' title="bbox 465 329 3725 431">
    <p class='ocr_par' dir='ltr' id='par_1_1' title="bbox 465 329 3725 431">
     <span class='ocr_line' id='line_1_1' title="bbox 465 329 3725 431; baseline -0.015 0"><span class='ocrx_word' id='word_1_1' title='bbox 465 371 565 431; x_wconf 76' lang='grc'><strong>851</strong></span> <span class='ocrx_word' id='word_1_2' title='bbox 1171 367 1444 431; x_wconf 68' lang='grc' dir='ltr'>ΕεδΕΒιι</span> <span class='ocrx_word' id='word_1_3' title='bbox 1474 360 1952 422; x_wconf 68' lang='lat' dir='ltr'><strong>C/ESARIENSIS</strong></span> <span class='ocrx_word' id='word_1_4' title='bbox 1976 354 2125 412; x_wconf 86' lang='lat' dir='ltr'><strong>OPP.</strong></span> <span class='ocrx_word' id='word_1_5' title='bbox 2160 350 2342 409; x_wconf 81' lang='lat' dir='ltr'><strong>PARS</strong></span> <span class='ocrx_word' id='word_1_6' title='bbox 2370 348 2459 407; x_wconf 89' lang='lat' dir='ltr'><strong>lll.</strong></span> <span class='ocrx_word' id='word_1_7' title='bbox 2482 378 2544 391; x_wconf 90' lang='lat'><strong>-—</strong></span> <span class='ocrx_word' id='word_1_8' title='bbox 2568 340 2981 400; x_wconf 75' lang='lat' dir='ltr'><strong>EXEGETICA.</strong></span> <span class='ocrx_word' id='word_1_9' title='bbox 3623 329 3725 385; x_wconf 73' lang='lat'><strong>832</strong></span> 
     </span>
    </p>
   </div>
   <div class='ocr_carea' id='block_1_2' title="bbox 1215 456 3702 548">
    <p class='ocr_par' dir='ltr' id='par_1_2' title="bbox 1215 456 3702 548">
     <span class='ocr_line' id='line_1_2' title="bbox 1215 456 3702 548; baseline 0.004 -10"><span class='ocrx_word' id='word_1_10' title='bbox 1215 483 1310 540; x_wconf 83' lang='lat' dir='ltr'><strong>1x.</strong></span> <span class='ocrx_word' id='word_1_11' title='bbox 2078 477 2123 534; x_wconf 83' lang='lat' dir='ltr'><strong>A</strong></span> <span class='ocrx_word' id='word_1_12' title='bbox 2907 456 3702 548; x_wconf 40' lang='lat' dir='ltr'><strong>“mu...</strong></span> 
     </span>
    </p>
   </div>
   <div class='ocr_carea' id='block_1_3' title="bbox 535 532 2165 648">
    <p class='ocr_par' dir='ltr' id='par_1_3' title="bbox 535 572 2041 648">
     <span class='ocr_line' id='line_1_3' title="bbox 535 572 2041 648; baseline -0.01 -13"><span class='ocrx_word' id='word_1_13' title='bbox 535 582 839 636; x_wconf 85' lang='lat' dir='ltr'><strong>Admodum</strong></span> <span class='ocrx_word' id='word_1_14' title='bbox 864 586 1264 648; x_wconf 75' lang='lat' dir='ltr'><strong>consequenter</strong></span> <span class='ocrx_word' id='word_1_15' title='bbox 1303 575 1367 629; x_wconf 87' lang='lat' dir='ltr'><strong>ad</strong></span> <span class='ocrx_word' id='word_1_16' title='bbox 1410 574 1685 644; x_wconf 73' lang='lat' dir='ltr'><strong>praedicta,</strong></span> <span class='ocrx_word' id='word_1_17' title='bbox 1712 572 1846 636; x_wconf 72' lang='lat' dir='ltr'><strong>haec,</strong></span> <span class='ocrx_word' id='word_1_18' title='bbox 1878 583 2041 639; x_wconf 89' lang='lat' dir='ltr'><strong>quam</strong></span> 
     </span>
    </p>
   </div>
   <div class='ocr_carea' id='block_1_4' title="bbox 2095 532 3725 648">
    <p class='ocr_par' dir='ltr' id='par_1_4' title="bbox 2219 532 3725 648">
     <span class='ocr_line' id='line_1_4' title="bbox 2219 532 3725 648; baseline -0.019 -35"><span class='ocrx_word' id='word_1_19' title='bbox 2219 558 2431 629; x_wconf 86' lang='grc' dir='ltr'>Σφόδρα</span> <span class='ocrx_word' id='word_1_20' title='bbox 2462 553 2769 615; x_wconf 78' lang='grc' dir='ltr'><strong>ἀκολούθως</strong></span> <span class='ocrx_word' id='word_1_21' title='bbox 2807 552 2920 612; x_wconf 84' lang='grc' dir='ltr'>τοῖς</span> <span class='ocrx_word' id='word_1_22' title='bbox 2955 539 3390 648; x_wconf 34' lang='grc' dir='ltr'>προλεχθεῖσιννή</span> <span class='ocrx_word' id='word_1_23' title='bbox 3441 532 3577 606; x_wconf 85' lang='grc' dir='ltr'><strong>μετά</strong></span> <span class='ocrx_word' id='word_1_24' title='bbox 3616 534 3725 648; x_wconf 62' lang='lat' dir='ltr'><strong>xci:</strong></span> 
     </span>
    </p>
   </div>
   <div class='ocr_carea' id='block_1_5' title="bbox 463 626 2093 742">
    <p class='ocr_par' dir='ltr' id='par_1_5' title="bbox 463 626 2044 742">
     <span class='ocr_line' id='line_1_5' title="bbox 463 626 2044 742; baseline -0.009 -15"><span class='ocrx_word' id='word_1_25' title='bbox 463 680 787 733; x_wconf 76' lang='lat' dir='ltr'><strong>tractamus.</strong></span> <span class='ocrx_word' id='word_1_26' title='bbox 833 626 1138 742; x_wconf 57' lang='lat' dir='ltr'><strong>prophelia,</strong></span> <span class='ocrx_word' id='word_1_27' title='bbox 1191 685 1285 737; x_wconf 87' lang='lat' dir='ltr'><strong>pro</strong></span> <span class='ocrx_word' id='word_1_28' title='bbox 1333 665 1688 722; x_wconf 73' lang='lat' dir='ltr'><strong>torcularibus</strong></span> <span class='ocrx_word' id='word_1_29' title='bbox 1709 664 1751 695; x_wconf 80' lang='grc'>⁸⁷</span> <span class='ocrx_word' id='word_1_30' title='bbox 1780 662 2044 729; x_wconf 88' lang='lat' dir='ltr'><strong>inscripta</strong></span> 
     </span>
    </p>
   </div>
   <div class='ocr_carea' id='block_1_6' title="bbox 2092 626 3722 742">
    <p class='ocr_par' dir='ltr' id='par_1_6' title="bbox 2148 626 3722 742">
     <span class='ocr_line' id='line_1_6' title="bbox 2148 626 3722 742; baseline -0.018 -35"><span class='ocrx_word' id='word_1_31' title='bbox 2148 669 2246 722; x_wconf 76' lang='grc' dir='ltr'><strong>ρας</strong></span> <span class='ocrx_word' id='word_1_32' title='bbox 2274 626 2580 721; x_wconf 83' lang='grc' dir='ltr'>προφητεία</span> <span class='ocrx_word' id='word_1_33' title='bbox 2612 646 2763 713; x_wconf 78' lang='grc' dir='ltr'>ὑπὲρ</span> <span class='ocrx_word' id='word_1_34' title='bbox 2796 643 2912 697; x_wconf 84' lang='grc' dir='ltr'>τῶν</span> <span class='ocrx_word' id='word_1_35' title='bbox 2939 635 3144 706; x_wconf 79' lang='grc' dir='ltr'><em>ληνῶν</em></span> <span class='ocrx_word' id='word_1_36' title='bbox 3169 632 3605 742; x_wconf 53' lang='grc' dir='ltr'>προγέγραπται,</span> <span class='ocrx_word' id='word_1_37' title='bbox 3628 626 3722 742; x_wconf 60' lang='grc' dir='ltr'><strong>καὶ</strong></span> 
     </span>
    </p>
   </div>
   <div class='ocr_carea' id='block_1_7' title="bbox 463 720 2093 826">
    <p class='ocr_par' dir='ltr' id='par_1_7' title="bbox 463 720 2045 826">
     <span class='ocr_line' id='line_1_7' title="bbox 463 720 2045 826; baseline -0.009 -8"><span class='ocrx_word' id='word_1_38' title='bbox 463 771 568 826; x_wconf 89' lang='lat' dir='ltr'><strong>est,</strong></span> <span class='ocrx_word' id='word_1_39' title='bbox 598 771 650 817; x_wconf 88' lang='lat' dir='ltr'><strong>et</strong></span> <span class='ocrx_word' id='word_1_40' title='bbox 682 764 747 818; x_wconf 89' lang='lat' dir='ltr'><strong>ad</strong></span> <span class='ocrx_word' id='word_1_41' title='bbox 779 720 1212 817; x_wconf 51' lang='lat' dir='ltr'><strong>liriemrremittit.</strong></span> <span class='ocrx_word' id='word_1_42' title='bbox 1238 759 1559 813; x_wconf 82' lang='lat' dir='ltr'><strong>Torcularia</strong></span> <span class='ocrx_word' id='word_1_43' title='bbox 1585 771 1747 826; x_wconf 90' lang='lat' dir='ltr'><strong>porro</strong></span> <span class='ocrx_word' id='word_1_44' title='bbox 1766 754 1857 807; x_wconf 89' lang='lat' dir='ltr'><strong>hic</strong></span> <span class='ocrx_word' id='word_1_45' title='bbox 1887 759 2045 807; x_wconf 88' lang='lat' dir='ltr'><strong>vocat</strong></span> 
     </span>
    </p>
   </div>
   <div class='ocr_carea' id='block_1_8' title="bbox 2092 720 3722 826">
    <p class='ocr_par' dir='ltr' id='par_1_8' title="bbox 2145 720 3722 826">
     <span class='ocr_line' id='line_1_8' title="bbox 2145 720 3722 826; baseline -0.016 -31"><span class='ocrx_word' id='word_1_46' title='bbox 2145 720 2225 807; x_wconf 84' lang='grc' dir='ltr'><strong>είς</strong></span> <span class='ocrx_word' id='word_1_47' title='bbox 2249 720 2485 805; x_wconf 81' lang='grc' dir='ltr'>τὸτέλος</span> <span class='ocrx_word' id='word_1_48' title='bbox 2507 738 2840 808; x_wconf 80' lang='grc' dir='ltr'><strong>ἀναπέμπει.</strong></span> <span class='ocrx_word' id='word_1_49' title='bbox 2872 731 3078 803; x_wconf 74' lang='grc' dir='ltr'>Ληνοὺς</span> <span class='ocrx_word' id='word_1_50' title='bbox 3099 728 3156 781; x_wconf 84' lang='grc' dir='ltr'>δὲ</span> <span class='ocrx_word' id='word_1_51' title='bbox 3186 723 3503 826; x_wconf 40' lang='grc' dir='ltr'>διάῃτοότων</span> <span class='ocrx_word' id='word_1_52' title='bbox 3529 720 3722 817; x_wconf 50' lang='grc' dir='ltr'>ὁνομάῖ</span> 
     </span>
    </p>
   </div>
   <div class='ocr_carea' id='block_1_9' title="bbox 463 810 2093 936">
    <p class='ocr_par' dir='ltr' id='par_1_9' title="bbox 463 848 2046 926">
     <span class='ocr_line' id='line_1_9' title="bbox 463 848 2046 926; baseline -0.006 -14"><span class='ocrx_word' id='word_1_53' title='bbox 463 857 737 912; x_wconf 87' lang='lat' dir='ltr'><strong>Ecclesias</strong></span> <span class='ocrx_word' id='word_1_54' title='bbox 774 856 869 911; x_wconf 85' lang='lat' dir='ltr'><strong>Dei</strong></span> <span class='ocrx_word' id='word_1_55' title='bbox 908 872 1006 926; x_wconf 91' lang='lat' dir='ltr'><strong>per</strong></span> <span class='ocrx_word' id='word_1_56' title='bbox 1029 864 1202 910; x_wconf 89' lang='lat' dir='ltr'><strong>totum</strong></span> <span class='ocrx_word' id='word_1_57' title='bbox 1224 855 1414 909; x_wconf 89' lang='lat' dir='ltr'><strong>orbem</strong></span> <span class='ocrx_word' id='word_1_58' title='bbox 1459 853 1812 915; x_wconf 89' lang='lat' dir='ltr'><strong>constitutas,</strong></span> <span class='ocrx_word' id='word_1_59' title='bbox 1837 851 1893 904; x_wconf 89' lang='lat' dir='ltr'><strong>in</strong></span> <span class='ocrx_word' id='word_1_60' title='bbox 1922 848 2046 918; x_wconf 90' lang='lat' dir='ltr'><strong>qui-</strong></span> 
     </span>
    </p>
   </div>
   <div class='ocr_carea' id='block_1_10' title="bbox 2089 810 3719 936">
    <p class='ocr_par' dir='ltr' id='par_1_10' title="bbox 2146 810 3719 936">
     <span class='ocr_line' id='line_1_10' title="bbox 2146 810 3719 900; baseline -0.02 -11"><span class='ocrx_word' id='word_1_61' title='bbox 2146 836 2227 900; x_wconf 78' lang='grc' dir='ltr'>ζοι</span> <span class='ocrx_word' id='word_1_62' title='bbox 2265 834 2363 897; x_wconf 82' lang='grc' dir='ltr'><strong>τὰς</strong></span> <span class='ocrx_word' id='word_1_63' title='bbox 2408 832 2527 885; x_wconf 83' lang='grc' dir='ltr'>καθ’</span> <span class='ocrx_word' id='word_1_64' title='bbox 2577 829 2705 899; x_wconf 81' lang='grc' dir='ltr'>ὅλης</span> <span class='ocrx_word' id='word_1_65' title='bbox 2754 826 2854 895; x_wconf 82' lang='grc' dir='ltr'>τῆς</span> <span class='ocrx_word' id='word_1_66' title='bbox 2907 810 3572 890; x_wconf 82' lang='grc' dir='ltr'>οἰκουμένηςἘκκλησίας</span> <span class='ocrx_word' id='word_1_67' title='bbox 3627 810 3719 859; x_wconf 83' lang='grc' dir='ltr'><strong>τοῦ</strong></span> 
     </span>
     <span class='ocr_line' id='line_1_11' title="bbox 2152 903 3694 936; baseline -0.015 16"><span class='ocrx_word' id='word_1_68' title='bbox 2152 928 2182 936; x_wconf 62' lang='grc' dir='ltr'><strong>Α</strong></span> <span class='ocrx_word' id='word_1_69' title='bbox 2252 926 2276 936; x_wconf 86' lang='grc'><strong>-</strong></span> <span class='ocrx_word' id='word_1_70' title='bbox 2332 927 2343 936; x_wconf 92' lang='grc'><strong><em>-</em></strong></span> <span class='ocrx_word' id='word_1_71' title='bbox 2439 919 2465 936; x_wconf 77' lang='grc' dir='ltr'><strong>τ</strong></span> <span class='ocrx_word' id='word_1_72' title='bbox 2531 926 2543 936; x_wconf 89' lang='lat'><strong><em>-</em></strong></span> <span class='ocrx_word' id='word_1_73' title='bbox 2784 920 2798 936; x_wconf 66' lang='grc' dir='ltr'><strong>ε</strong></span> <span class='ocrx_word' id='word_1_74' title='bbox 2869 913 3146 936; x_wconf 27' lang='lat' dir='ltr'><strong>satur..-</strong></span> <span class='ocrx_word' id='word_1_75' title='bbox 3172 903 3694 936; x_wconf 57' lang='lat' dir='ltr'><strong>a..-z‘...........;..,,,.,</strong></span> 
     </span>
    </p>
   </div>
   <div class='ocr_carea' id='block_1_11' title="bbox 463 906 2093 1013">
    <p class='ocr_par' dir='ltr' id='par_1_11' title="bbox 463 906 2049 1013">
     <span class='ocr_line' id='line_1_12' title="bbox 463 906 2049 1013; baseline -0.005 -11"><span class='ocrx_word' id='word_1_76' title='bbox 463 947 568 1002; x_wconf 85' lang='lat' dir='ltr'><strong>hus</strong></span> <span class='ocrx_word' id='word_1_77' title='bbox 610 956 814 1002; x_wconf 64' lang='lat' dir='ltr'><strong>sancta:</strong></span> <span class='ocrx_word' id='word_1_78' title='bbox 857 906 1004 1001; x_wconf 63' lang='lat' dir='ltr'><strong>illius</strong></span> <span class='ocrx_word' id='word_1_79' title='bbox 1042 947 1215 1000; x_wconf 72' lang='lat' dir='ltr'><strong>vinea:</strong></span> <span class='ocrx_word' id='word_1_80' title='bbox 1254 944 1530 999; x_wconf 85' lang='lat' dir='ltr'><strong>vindemia</strong></span> <span class='ocrx_word' id='word_1_81' title='bbox 1572 943 1866 1013; x_wconf 75' lang='lat' dir='ltr'><strong>colligitur.</strong></span> <span class='ocrx_word' id='word_1_82' title='bbox 1920 939 2049 995; x_wconf 84' lang='lat' dir='ltr'><strong>Stu-</strong></span> 
     </span>
    </p>
   </div>
   <div class='ocr_carea' id='block_1_12' title="bbox 2087 906 3717 1013">
    <p class='ocr_par' dir='ltr' id='par_1_12' title="bbox 2146 906 3717 1013">
     <span class='ocr_line' id='line_1_13' title="bbox 2146 906 3717 1013; baseline -0.018 -32"><span class='ocrx_word' id='word_1_83' title='bbox 2146 926 2301 991; x_wconf 86' lang='grc' dir='ltr'>Θεοῦ,</span> <span class='ocrx_word' id='word_1_84' title='bbox 2329 927 2384 978; x_wconf 82' lang='grc' dir='ltr'>ὲν</span> <span class='ocrx_word' id='word_1_85' title='bbox 2409 919 2490 988; x_wconf 75' lang='grc' dir='ltr'>οἷς</span> <span class='ocrx_word' id='word_1_86' title='bbox 2522 926 2550 976; x_wconf 86' lang='grc' dir='ltr'>ὁ</span> <span class='ocrx_word' id='word_1_87' title='bbox 2572 920 2840 994; x_wconf 80' lang='grc' dir='ltr'>τρυγητὸς</span> <span class='ocrx_word' id='word_1_88' title='bbox 2864 916 2963 986; x_wconf 79' lang='grc' dir='ltr'>τῆς</span> <span class='ocrx_word' id='word_1_89' title='bbox 2987 913 3146 981; x_wconf 80' lang='grc' dir='ltr'>ἁγίας</span> <span class='ocrx_word' id='word_1_90' title='bbox 3169 906 3411 1013; x_wconf 68' lang='grc' dir='ltr'>ἀμπέλου</span> <span class='ocrx_word' id='word_1_91' title='bbox 3440 906 3717 1013; x_wconf 49' lang='grc' dir='ltr'>συνῆκται.</span> 
     </span>
    </p>
   </div>
   <div class='ocr_carea' id='block_1_13' title="bbox 462 1000 2092 1108">
    <p class='ocr_par' dir='ltr' id='par_1_13' title="bbox 462 1034 2047 1108">
     <span class='ocr_line' id='line_1_14' title="bbox 462 1034 2047 1108; baseline -0.004 -14"><span class='ocrx_word' id='word_1_92' title='bbox 462 1038 640 1108; x_wconf 91' lang='lat' dir='ltr'><strong>pendo</strong></span> <span class='ocrx_word' id='word_1_93' title='bbox 673 1048 855 1094; x_wconf 87' lang='lat' dir='ltr'><strong>autem</strong></span> <span class='ocrx_word' id='word_1_94' title='bbox 901 1038 1064 1094; x_wconf 88' lang='lat' dir='ltr'><strong>modo</strong></span> <span class='ocrx_word' id='word_1_95' title='bbox 1100 1054 1194 1107; x_wconf 85' lang='lat' dir='ltr'><strong>pro</strong></span> <span class='ocrx_word' id='word_1_96' title='bbox 1245 1036 1623 1102; x_wconf 78' lang='lat' dir='ltr'><strong>torcularibus,</strong></span> <span class='ocrx_word' id='word_1_97' title='bbox 1665 1043 1788 1106; x_wconf 86' lang='lat' dir='ltr'><strong>post</strong></span> <span class='ocrx_word' id='word_1_98' title='bbox 1829 1034 2047 1090; x_wconf 84' lang='lat' dir='ltr'><strong>destru-</strong></span> 
     </span>
    </p>
   </div>
   <div class='ocr_carea' id='block_1_14' title="bbox 2090 1000 3720 1108">
    <p class='ocr_par' dir='ltr' id='par_1_14' title="bbox 2148 1000 3720 1108">
     <span class='ocr_line' id='line_1_15' title="bbox 2148 1000 3720 1108; baseline -0.011 -35"><span class='ocrx_word' id='word_1_99' title='bbox 2148 1018 2472 1090; x_wconf 77' lang='grc' dir='ltr'>Παραδόξως</span> <span class='ocrx_word' id='word_1_100' title='bbox 2525 1017 2583 1068; x_wconf 83' lang='grc' dir='ltr'>δὲ</span> <span class='ocrx_word' id='word_1_101' title='bbox 2638 1011 3099 1108; x_wconf 46' lang='grc' dir='ltr'>προγέγραπται,¹</span> <span class='ocrx_word' id='word_1_102' title='bbox 3125 1001 3279 1108; x_wconf 79' lang='grc' dir='ltr'>ὑπὲρ</span> <span class='ocrx_word' id='word_1_103' title='bbox 3334 1000 3452 1108; x_wconf 57' lang='grc' dir='ltr'>τῶν</span> <span class='ocrx_word' id='word_1_104' title='bbox 3497 1000 3720 1108; x_wconf 38' lang='lat' dir='ltr'><strong>iur-‘0?!&quot;</strong></span> 
     </span>
    </p>
   </div>
   <div class='ocr_carea' id='block_1_15' title="bbox 461 1082 2091 1199">
    <p class='ocr_par' dir='ltr' id='par_1_15' title="bbox 461 1082 2048 1199">
     <span class='ocr_line' id='line_1_16' title="bbox 462 1082 2017 1108; baseline -0.003 -15"><span class='ocrx_word' id='word_1_105' title='bbox 462 1082 639 1108; x_wconf 57' lang='lat' dir='ltr'><strong>rw.“</strong></span> <span class='ocrx_word' id='word_1_106' title='bbox 673 1082 855 1094; x_wconf 58' lang='grc' dir='ltr'>πω...</span> <span class='ocrx_word' id='word_1_107' title='bbox 902 1082 1063 1094; x_wconf 59' lang='grc' dir='ltr'>...νη</span> <span class='ocrx_word' id='word_1_108' title='bbox 1100 1082 1191 1107; x_wconf 61' lang='grc' dir='ltr'><strong>Γ.-</strong></span> <span class='ocrx_word' id='word_1_109' title='bbox 1245 1082 1623 1102; x_wconf 56' lang='grc' dir='ltr'><strong>.-.ηηηηη</strong></span> <span class='ocrx_word' id='word_1_110' title='bbox 1668 1082 1787 1106; x_wconf 47' lang='grc' dir='ltr'>ν..-</span> <span class='ocrx_word' id='word_1_111' title='bbox 1832 1082 2017 1090; x_wconf 76' lang='lat'><strong>__---_</strong></span> 
     </span>
     <span class='ocr_line' id='line_1_17' title="bbox 461 1126 2048 1199; baseline -0.002 -15"><span class='ocrx_word' id='word_1_112' title='bbox 461 1138 605 1184; x_wconf 88' lang='lat' dir='ltr'><strong>ctam</strong></span> <span class='ocrx_word' id='word_1_113' title='bbox 638 1130 876 1199; x_wconf 85' lang='lat' dir='ltr'><strong>priorem</strong></span> <span class='ocrx_word' id='word_1_114' title='bbox 918 1130 1157 1193; x_wconf 89' lang='lat' dir='ltr'><strong>vineam,</strong></span> <span class='ocrx_word' id='word_1_115' title='bbox 1198 1129 1537 1184; x_wconf 86' lang='lat' dir='ltr'><strong>inscribitur.</strong></span> <span class='ocrx_word' id='word_1_116' title='bbox 1571 1126 1663 1181; x_wconf 87' lang='lat' dir='ltr'><strong>llla</strong></span> <span class='ocrx_word' id='word_1_117' title='bbox 1705 1142 1941 1197; x_wconf 82' lang='lat' dir='ltr'><strong>namque</strong></span> <span class='ocrx_word' id='word_1_118' title='bbox 1978 1127 2048 1181; x_wconf 91' lang='lat' dir='ltr'><strong>ab</strong></span> 
     </span>
    </p>
   </div>
   <div class='ocr_carea' id='block_1_16' title="bbox 2093 1082 3723 1199">
    <p class='ocr_par' dir='ltr' id='par_1_16' title="bbox 2150 1082 3723 1199">
     <span class='ocr_line' id='line_1_18' title="bbox 2150 1082 3723 1199; baseline -0.019 -35"><span class='ocrx_word' id='word_1_119' title='bbox 2150 1082 2289 1181; x_wconf 71' lang='grc' dir='ltr'>μετὰ</span> <span class='ocrx_word' id='word_1_120' title='bbox 2319 1082 2409 1162; x_wconf 75' lang='grc' dir='ltr'>τὸν</span> <span class='ocrx_word' id='word_1_121' title='bbox 2450 1082 2757 1176; x_wconf 75' lang='grc' dir='ltr'>ἀφανισμὸν</span> <span class='ocrx_word' id='word_1_122' title='bbox 2790 1102 2887 1171; x_wconf 80' lang='grc' dir='ltr'>τῆς</span> <span class='ocrx_word' id='word_1_123' title='bbox 2937 1097 3207 1199; x_wconf 75' lang='grc' dir='ltr'>προτέρας</span> <span class='ocrx_word' id='word_1_124' title='bbox 3241 1089 3511 1199; x_wconf 57' lang='grc' dir='ltr'><strong>ἀμπέλουἶ</strong></span> <span class='ocrx_word' id='word_1_125' title='bbox 3544 1082 3723 1199; x_wconf 44' lang='grc' dir='ltr'>ζΕκείῖ</span> 
     </span>
    </p>
   </div>
   <div class='ocr_carea' id='block_1_17' title="bbox 462 1176 2092 1291">
    <p class='ocr_par' dir='ltr' id='par_1_17' title="bbox 462 1176 2044 1291">
     <span class='ocr_line' id='line_1_19' title="bbox 465 1176 2042 1199; baseline -0.003 -13"><span class='ocrx_word' id='word_1_126' title='bbox 465 1176 605 1184; x_wconf 76' lang='lat'><strong>--_---</strong></span> <span class='ocrx_word' id='word_1_127' title='bbox 639 1176 876 1199; x_wconf 54' lang='grc' dir='ltr'><strong>νων..-</strong></span> <span class='ocrx_word' id='word_1_128' title='bbox 929 1176 1157 1193; x_wconf 75' lang='lat'><strong>.-.--_---,</strong></span> <span class='ocrx_word' id='word_1_129' title='bbox 1199 1176 1537 1184; x_wconf 79' lang='lat'><strong>-------_------</strong></span> <span class='ocrx_word' id='word_1_130' title='bbox 1571 1176 1663 1181; x_wconf 52' lang='grc' dir='ltr'><strong>,π</strong></span> <span class='ocrx_word' id='word_1_131' title='bbox 1705 1176 1939 1197; x_wconf 58' lang='lat'><strong>-_-_-_-1_-</strong></span> <span class='ocrx_word' id='word_1_132' title='bbox 1980 1176 2042 1181; x_wconf 52' lang='grc' dir='ltr'><strong>η</strong></span> 
     </span>
     <span class='ocr_line' id='line_1_20' title="bbox 462 1219 2044 1291; baseline -0.001 -18"><span class='ocrx_word' id='word_1_133' title='bbox 462 1222 667 1290; x_wconf 76' lang='lat' dir='ltr'><strong>agresti</strong></span> <span class='ocrx_word' id='word_1_134' title='bbox 694 1236 826 1291; x_wconf 87' lang='lat' dir='ltr'><strong>apro</strong></span> <span class='ocrx_word' id='word_1_135' title='bbox 863 1228 1094 1286; x_wconf 89' lang='lat' dir='ltr'><strong>vastata,</strong></span> <span class='ocrx_word' id='word_1_136' title='bbox 1129 1229 1293 1291; x_wconf 89' lang='lat' dir='ltr'><strong>atque</strong></span> <span class='ocrx_word' id='word_1_137' title='bbox 1322 1220 1562 1274; x_wconf 83' lang='lat' dir='ltr'><strong>maceria</strong></span> <span class='ocrx_word' id='word_1_138' title='bbox 1591 1220 1714 1289; x_wconf 84' lang='lat' dir='ltr'><strong>ejus</strong></span> <span class='ocrx_word' id='word_1_139' title='bbox 1742 1219 2044 1283; x_wconf 83' lang='lat' dir='ltr'><strong>destructa,</strong></span> 
     </span>
    </p>
   </div>
   <div class='ocr_carea' id='block_1_18' title="bbox 2091 1176 3721 1291">
    <p class='ocr_par' dir='ltr' id='par_1_18' title="bbox 2146 1176 3721 1291">
     <span class='ocr_line' id='line_1_21' title="bbox 2146 1176 3721 1291; baseline -0.019 -36"><span class='ocrx_word' id='word_1_140' title='bbox 2146 1176 2243 1270; x_wconf 80' lang='grc' dir='ltr'><strong>νης</strong></span> <span class='ocrx_word' id='word_1_141' title='bbox 2271 1198 2380 1268; x_wconf 88' lang='grc' dir='ltr'>γὰρ</span> <span class='ocrx_word' id='word_1_142' title='bbox 2412 1194 2778 1267; x_wconf 85' lang='grc' dir='ltr'>λυμανθείσης</span> <span class='ocrx_word' id='word_1_143' title='bbox 2814 1191 2919 1245; x_wconf 82' lang='grc' dir='ltr'>ὑπὸ</span> <span class='ocrx_word' id='word_1_144' title='bbox 2945 1187 3037 1241; x_wconf 88' lang='grc' dir='ltr'><strong>τοῦ</strong></span> <span class='ocrx_word' id='word_1_145' title='bbox 3070 1184 3262 1257; x_wconf 82' lang='grc' dir='ltr'><strong>ἀγρίου</strong></span> <span class='ocrx_word' id='word_1_146' title='bbox 3294 1181 3420 1291; x_wconf 49' lang='grc' dir='ltr'>συός</span> <span class='ocrx_word' id='word_1_147' title='bbox 3444 1176 3604 1291; x_wconf 50' lang='grc' dir='ltr'><strong>(εἰς),Ἴ</strong></span> <span class='ocrx_word' id='word_1_148' title='bbox 3617 1176 3721 1291; x_wconf 49' lang='grc' dir='ltr'><strong>Χτρῦ</strong></span> 
     </span>
    </p>
   </div>
   <div class='ocr_carea' id='block_1_19' title="bbox 461 1266 2091 1380">
    <p class='ocr_par' dir='ltr' id='par_1_19' title="bbox 461 1266 2051 1376">
     <span class='ocr_line' id='line_1_22' title="bbox 462 1266 2044 1291; baseline -0.001 -1"><span class='ocrx_word' id='word_1_149' title='bbox 462 1266 667 1290; x_wconf 69' lang='grc' dir='ltr'><strong>*δ’ν“¹”“</strong></span> <span class='ocrx_word' id='word_1_150' title='bbox 694 1266 824 1291; x_wconf 63' lang='lat' dir='ltr'><strong>&quot;r&#39;v</strong></span> <span class='ocrx_word' id='word_1_151' title='bbox 872 1266 1094 1286; x_wconf 67' lang='lat'><strong>&quot;&#39;&quot;&quot;&quot;&quot;’</strong></span> <span class='ocrx_word' id='word_1_152' title='bbox 1129 1266 1292 1291; x_wconf 79' lang='lat' dir='ltr'><strong>&quot;&quot;‘l&quot;&quot;&#39;</strong></span> <span class='ocrx_word' id='word_1_153' title='bbox 1324 1266 1496 1274; x_wconf 79' lang='lat'><strong>&quot;&quot;&quot;&quot;&quot;</strong></span> <span class='ocrx_word' id='word_1_154' title='bbox 1513 1266 1562 1273; x_wconf 88' lang='grc'><strong>’““</strong></span> <span class='ocrx_word' id='word_1_155' title='bbox 1595 1266 1712 1289; x_wconf 69' lang='grc' dir='ltr'><strong>νδ““”</strong></span> <span class='ocrx_word' id='word_1_156' title='bbox 1746 1266 2044 1283; x_wconf 71' lang='lat'><strong>&quot;&quot;&quot;&#39;_&quot;&quot;&#39;</strong></span> 
     </span>
     <span class='ocr_line' id='line_1_23' title="bbox 461 1313 2051 1376; baseline -0.002 -10"><span class='ocrx_word' id='word_1_157' title='bbox 461 1313 552 1366; x_wconf 78' lang='lat' dir='ltr'><strong>hic</strong></span> <span class='ocrx_word' id='word_1_158' title='bbox 576 1314 873 1367; x_wconf 89' lang='lat' dir='ltr'><strong>multorum</strong></span> <span class='ocrx_word' id='word_1_159' title='bbox 899 1313 1281 1376; x_wconf 90' lang='lat' dir='ltr'><strong>torcularium,</strong></span> <span class='ocrx_word' id='word_1_160' title='bbox 1306 1328 1415 1367; x_wconf 93' lang='lat' dir='ltr'><strong>non</strong></span> <span class='ocrx_word' id='word_1_161' title='bbox 1446 1313 1609 1367; x_wconf 92' lang='lat' dir='ltr'><strong>unius</strong></span> <span class='ocrx_word' id='word_1_162' title='bbox 1634 1320 1867 1374; x_wconf 90' lang='lat' dir='ltr'><strong>tantum,</strong></span> <span class='ocrx_word' id='word_1_163' title='bbox 1896 1326 2051 1364; x_wconf 87' lang='lat' dir='ltr'><strong>men-</strong></span> 
     </span>
    </p>
   </div>
   <div class='ocr_carea' id='block_1_20' title="bbox 2093 1266 3723 1380">
    <p class='ocr_par' dir='ltr' id='par_1_20' title="bbox 2144 1266 3723 1380">
     <span class='ocr_line' id='line_1_24' title="bbox 2144 1266 3723 1380; baseline -0.022 -29"><span class='ocrx_word' id='word_1_164' title='bbox 2144 1266 2210 1345; x_wconf 65' lang='grc' dir='ltr'>τέ</span> <span class='ocrx_word' id='word_1_165' title='bbox 2250 1266 2505 1363; x_wconf 80' lang='grc' dir='ltr'>φραγμοῦ</span> <span class='ocrx_word' id='word_1_166' title='bbox 2552 1288 2723 1359; x_wconf 85' lang='grc' dir='ltr'>αὐτῆς</span> <span class='ocrx_word' id='word_1_167' title='bbox 2768 1281 3205 1355; x_wconf 80' lang='grc' dir='ltr'><strong>καθαιρεθέντος,</strong></span> <span class='ocrx_word' id='word_1_168' title='bbox 3242 1266 3723 1380; x_wconf 41' lang='grc' dir='ltr'>ὲνταῦθαιπολλῶν</span> 
     </span>
    </p>
   </div>
   <div class='ocr_carea' id='block_1_21' title="bbox 464 1358 2094 1479">
    <p class='ocr_par' dir='ltr' id='par_1_21' title="bbox 464 1402 2047 1475">
     <span class='ocr_line' id='line_1_25' title="bbox 464 1402 2047 1475; baseline -0.001 -19"><span class='ocrx_word' id='word_1_169' title='bbox 464 1406 540 1456; x_wconf 88' lang='lat' dir='ltr'><strong>tio</strong></span> <span class='ocrx_word' id='word_1_170' title='bbox 572 1404 824 1459; x_wconf 84' lang='lat' dir='ltr'><strong>habetur.</strong></span> <span class='ocrx_word' id='word_1_171' title='bbox 883 1404 1150 1460; x_wconf 88' lang='lat' dir='ltr'><strong>Torcular</strong></span> <span class='ocrx_word' id='word_1_172' title='bbox 1199 1413 1379 1458; x_wconf 89' lang='lat' dir='ltr'><strong>autem</strong></span> <span class='ocrx_word' id='word_1_173' title='bbox 1423 1405 1657 1475; x_wconf 88' lang='lat' dir='ltr'><strong>primum</strong></span> <span class='ocrx_word' id='word_1_174' title='bbox 1705 1405 1861 1467; x_wconf 90' lang='lat' dir='ltr'><strong>illud,</strong></span> <span class='ocrx_word' id='word_1_175' title='bbox 1901 1402 2047 1472; x_wconf 93' lang='lat' dir='ltr'><strong>quod</strong></span> 
     </span>
    </p>
   </div>
   <div class='ocr_carea' id='block_1_22' title="bbox 2094 1358 3724 1479">
    <p class='ocr_par' dir='ltr' id='par_1_22' title="bbox 2145 1358 3724 1479">
     <span class='ocr_line' id='line_1_26' title="bbox 2145 1358 3724 1479; baseline -0.018 -40"><span class='ocrx_word' id='word_1_176' title='bbox 2145 1358 2321 1457; x_wconf 81' lang='grc' dir='ltr'>ληνῶν</span> <span class='ocrx_word' id='word_1_177' title='bbox 2473 1383 2655 1436; x_wconf 75' lang='grc' dir='ltr'>οὐκέτι</span> <span class='ocrx_word' id='word_1_178' title='bbox 2682 1358 2814 1450; x_wconf 83' lang='grc' dir='ltr'>μιᾶς</span> <span class='ocrx_word' id='word_1_179' title='bbox 2844 1379 2871 1430; x_wconf 86' lang='grc' dir='ltr'><strong>ό</strong></span> <span class='ocrx_word' id='word_1_180' title='bbox 2898 1376 3055 1443; x_wconf 84' lang='grc' dir='ltr'><strong>λόγος</strong></span> <span class='ocrx_word' id='word_1_181' title='bbox 3086 1366 3431 1479; x_wconf 49' lang='grc' dir='ltr'>μνημονεύει.</span> <span class='ocrx_word' id='word_1_182' title='bbox 3466 1358 3724 1479; x_wconf 38' lang='grc' dir='ltr'>Ληνὸῖνδῗ</span> 
     </span>
    </p>
   </div>
   <div class='ocr_carea' id='block_1_23' title="bbox 462 1450 2092 1563">
    <p class='ocr_par' dir='ltr' id='par_1_23' title="bbox 462 1450 2049 1563">
     <span class='ocr_line' id='line_1_27' title="bbox 464 1450 2047 1475; baseline -0.001 -19"><span class='ocrx_word' id='word_1_183' title='bbox 573 1450 824 1459; x_wconf 70' lang='lat'><strong>_._---__.</strong></span> <span class='ocrx_word' id='word_1_184' title='bbox 893 1450 1139 1460; x_wconf 52' lang='grc' dir='ltr'>--.ηπ</span> <span class='ocrx_word' id='word_1_185' title='bbox 1199 1450 1379 1458; x_wconf 58' lang='grc' dir='ltr'><strong>πη---</strong></span> <span class='ocrx_word' id='word_1_186' title='bbox 1424 1450 1657 1475; x_wconf 62' lang='lat' dir='ltr'><strong>r._.._____</strong></span> <span class='ocrx_word' id='word_1_187' title='bbox 1904 1450 2047 1472; x_wconf 63' lang='grc' dir='ltr'><strong>τη-</strong></span> 
     </span>
     <span class='ocr_line' id='line_1_28' title="bbox 462 1493 2049 1563; baseline 0 -16"><span class='ocrx_word' id='word_1_188' title='bbox 462 1510 632 1547; x_wconf 90' lang='lat' dir='ltr'><strong>unum</strong></span> <span class='ocrx_word' id='word_1_189' title='bbox 665 1504 803 1559; x_wconf 87' lang='lat' dir='ltr'><strong>erat,</strong></span> <span class='ocrx_word' id='word_1_190' title='bbox 845 1494 1160 1550; x_wconf 87' lang='lat' dir='ltr'><strong>declarabat</strong></span> <span class='ocrx_word' id='word_1_191' title='bbox 1197 1495 1369 1551; x_wconf 83' lang='lat' dir='ltr'><strong>Isaias</strong></span> <span class='ocrx_word' id='word_1_192' title='bbox 1408 1497 1493 1553; x_wconf 88' lang='lat' dir='ltr'><strong>his</strong></span> <span class='ocrx_word' id='word_1_193' title='bbox 1534 1496 1751 1550; x_wconf 87' lang='lat' dir='ltr'><strong>verbis:</strong></span> <span class='ocrx_word' id='word_1_194' title='bbox 1782 1493 1850 1547; x_wconf 83' lang='lat' dir='ltr'><strong>Et</strong></span> <span class='ocrx_word' id='word_1_195' title='bbox 1879 1494 2049 1563; x_wconf 67' lang='lat' dir='ltr'><strong>aedi/i-</strong></span> 
     </span>
    </p>
   </div>
   <div class='ocr_carea' id='block_1_24' title="bbox 2095 1450 3725 1563">
    <p class='ocr_par' dir='ltr' id='par_1_24' title="bbox 2150 1450 3725 1563">
     <span class='ocr_line' id='line_1_29' title="bbox 2150 1450 3725 1563; baseline -0.017 -33"><span class='ocrx_word' id='word_1_196' title='bbox 2150 1450 2279 1549; x_wconf 85' lang='grc' dir='ltr'>μίαν</span> <span class='ocrx_word' id='word_1_197' title='bbox 2321 1480 2418 1548; x_wconf 82' lang='grc' dir='ltr'>τὴν</span> <span class='ocrx_word' id='word_1_198' title='bbox 2451 1474 2671 1547; x_wconf 84' lang='grc' dir='ltr'>πρώτην</span> <span class='ocrx_word' id='word_1_199' title='bbox 2705 1471 2892 1543; x_wconf 84' lang='grc' dir='ltr'>ὲδήλου</span> <span class='ocrx_word' id='word_1_200' title='bbox 2921 1469 3014 1523; x_wconf 75' lang='grc' dir='ltr'>καὶ</span> <span class='ocrx_word' id='word_1_201' title='bbox 3037 1470 3066 1520; x_wconf 86' lang='grc' dir='ltr'>ὁ</span> <span class='ocrx_word' id='word_1_202' title='bbox 3102 1464 3327 1523; x_wconf 76' lang='grc' dir='ltr'>Ἡσαΐας</span> <span class='ocrx_word' id='word_1_203' title='bbox 3372 1458 3573 1563; x_wconf 55' lang='grc' dir='ltr'>λέγων’</span> <span class='ocrx_word' id='word_1_204' title='bbox 3614 1450 3725 1563; x_wconf 70' lang='grc' dir='ltr'><strong>καὶ</strong></span> 
     </span>
    </p>
   </div>
   <div class='ocr_carea' id='block_1_25' title="bbox 462 1548 2092 1655">
    <p class='ocr_par' dir='ltr' id='par_1_25' title="bbox 462 1586 2049 1655">
     <span class='ocr_line' id='line_1_30' title="bbox 462 1586 2049 1655; baseline 0 -17"><span class='ocrx_word' id='word_1_205' title='bbox 462 1586 577 1639; x_wconf 85' lang='lat' dir='ltr'><strong>cavi</strong></span> <span class='ocrx_word' id='word_1_206' title='bbox 619 1587 834 1651; x_wconf 86' lang='lat' dir='ltr'><strong>turrim,</strong></span> <span class='ocrx_word' id='word_1_207' title='bbox 887 1596 937 1639; x_wconf 88' lang='lat' dir='ltr'><strong>et</strong></span> <span class='ocrx_word' id='word_1_208' title='bbox 972 1588 1311 1654; x_wconf 83' lang='lat' dir='ltr'><strong>protorcular</strong></span> <span class='ocrx_word' id='word_1_209' title='bbox 1346 1586 1458 1655; x_wconf 82' lang='lat' dir='ltr'><strong>fodi</strong></span> <span class='ocrx_word' id='word_1_210' title='bbox 1501 1589 1555 1640; x_wconf 81' lang='lat' dir='ltr'><strong>in</strong></span> <span class='ocrx_word' id='word_1_211' title='bbox 1600 1588 1715 1654; x_wconf 84' lang='lat' dir='ltr'><strong>ipsa</strong></span> <span class='ocrx_word' id='word_1_212' title='bbox 1736 1586 1804 1650; x_wconf 79' lang='grc'><strong>⁸⁸,</strong></span> <span class='ocrx_word' id='word_1_213' title='bbox 1839 1586 2049 1641; x_wconf 86' lang='lat' dir='ltr'><strong>scilicet</strong></span> 
     </span>
    </p>
   </div>
   <div class='ocr_carea' id='block_1_26' title="bbox 2095 1548 3725 1655">
    <p class='ocr_par' dir='ltr' id='par_1_26' title="bbox 2147 1548 3725 1655">
     <span class='ocr_line' id='line_1_31' title="bbox 2147 1548 3725 1655; baseline -0.022 -23"><span class='ocrx_word' id='word_1_214' title='bbox 2147 1575 2505 1644; x_wconf 77' lang='grc' dir='ltr'><strong>ᾠκοδόμησα</strong></span> <span class='ocrx_word' id='word_1_215' title='bbox 2555 1573 2806 1640; x_wconf 68' lang='grc' dir='ltr'>πύργον,</span> <span class='ocrx_word' id='word_1_216' title='bbox 2855 1566 2955 1620; x_wconf 79' lang='grc' dir='ltr'>καὶ</span> <span class='ocrx_word' id='word_1_217' title='bbox 3006 1559 3338 1655; x_wconf 56' lang='grc' dir='ltr'>προλήνιοκ</span> <span class='ocrx_word' id='word_1_218' title='bbox 3394 1551 3626 1655; x_wconf 28' lang='grc' dir='ltr'>ῶρυξαζ</span> <span class='ocrx_word' id='word_1_219' title='bbox 3655 1548 3725 1600; x_wconf 79' lang='grc' dir='ltr'><strong>ἐν</strong></span> 
     </span>
    </p>
   </div>
   <div class='ocr_carea' id='block_1_27' title="bbox 459 1647 2089 1748">
    <p class='ocr_par' dir='ltr' id='par_1_27' title="bbox 459 1676 2048 1748">
     <span class='ocr_line' id='line_1_32' title="bbox 459 1676 2048 1748; baseline 0.002 -20"><span class='ocrx_word' id='word_1_220' title='bbox 459 1676 640 1729; x_wconf 89' lang='lat' dir='ltr'><strong>vinea.</strong></span> <span class='ocrx_word' id='word_1_221' title='bbox 691 1676 761 1729; x_wconf 86' lang='lat' dir='ltr'><strong>At</strong></span> <span class='ocrx_word' id='word_1_222' title='bbox 810 1685 1101 1747; x_wconf 80' lang='lat' dir='ltr'><strong>postquam</strong></span> <span class='ocrx_word' id='word_1_223' title='bbox 1156 1679 1345 1748; x_wconf 68' lang='lat' dir='ltr'><strong>prima:</strong></span> <span class='ocrx_word' id='word_1_224' title='bbox 1395 1678 1565 1732; x_wconf 89' lang='lat' dir='ltr'><strong>turris</strong></span> <span class='ocrx_word' id='word_1_225' title='bbox 1612 1677 1828 1730; x_wconf 85' lang='lat' dir='ltr'><strong>ruinam</strong></span> <span class='ocrx_word' id='word_1_226' title='bbox 1886 1686 2048 1745; x_wconf 87' lang='lat' dir='ltr'><strong>atque</strong></span> 
     </span>
    </p>
   </div>
   <div class='ocr_carea' id='block_1_28' title="bbox 2095 1647 3725 1748">
    <p class='ocr_par' dir='ltr' id='par_1_28' title="bbox 2149 1647 3725 1743">
     <span class='ocr_line' id='line_1_33' title="bbox 2149 1647 3725 1743; baseline -0.02 -19"><span class='ocrx_word' id='word_1_227' title='bbox 2149 1668 2328 1734; x_wconf 80' lang='grc' dir='ltr'>αὐτῷ,</span> <span class='ocrx_word' id='word_1_228' title='bbox 2360 1666 2556 1738; x_wconf 75' lang='grc' dir='ltr'>δηλαδή</span> <span class='ocrx_word' id='word_1_229' title='bbox 2598 1663 2676 1734; x_wconf 82' lang='grc' dir='ltr'>τῷ</span> <span class='ocrx_word' id='word_1_230' title='bbox 2709 1659 3009 1733; x_wconf 88' lang='grc' dir='ltr'>ἀμπελῶνι.</span> <span class='ocrx_word' id='word_1_231' title='bbox 3059 1654 3193 1707; x_wconf 75' lang='grc' dir='ltr'>Ἀλλ’</span> <span class='ocrx_word' id='word_1_232' title='bbox 3228 1650 3350 1703; x_wconf 74' lang='grc' dir='ltr'>ἐπεὶ</span> <span class='ocrx_word' id='word_1_233' title='bbox 3380 1647 3477 1718; x_wconf 80' lang='grc' dir='ltr'><strong>τὴν</strong></span> <span class='ocrx_word' id='word_1_234' title='bbox 3520 1647 3725 1743; x_wconf 62' lang='grc' dir='ltr'>πτῶσιν</span> 
     </span>
    </p>
   </div>
   <div class='ocr_carea' id='block_1_29' title="bbox 463 1737 2093 1864">
    <p class='ocr_par' dir='ltr' id='par_1_29' title="bbox 463 1766 2093 1864">
     <span class='ocr_line' id='line_1_34' title="bbox 463 1766 2093 1864; baseline 0.002 -45"><span class='ocrx_word' id='word_1_235' title='bbox 463 1766 865 1836; x_wconf 88' lang='lat' dir='ltr'><strong>protoreularis</strong></span> <span class='ocrx_word' id='word_1_236' title='bbox 903 1768 1356 1836; x_wconf 88' lang='lat' dir='ltr'><strong>destructionem,</strong></span> <span class='ocrx_word' id='word_1_237' title='bbox 1400 1770 1637 1839; x_wconf 88' lang='lat' dir='ltr'><strong>itemque</strong></span> <span class='ocrx_word' id='word_1_238' title='bbox 1679 1770 1847 1822; x_wconf 87' lang='lat' dir='ltr'><strong>totius</strong></span> <span class='ocrx_word' id='word_1_239' title='bbox 1877 1768 2048 1822; x_wconf 72' lang='lat' dir='ltr'><strong>vineae</strong></span> <span class='ocrx_word' id='word_1_240' title='bbox 2078 1803 2093 1864; x_wconf 67' lang='grc'><strong>1</strong></span> 
     </span>
    </p>
   </div>
   <div class='ocr_carea' id='block_1_30' title="bbox 2095 1737 3725 1864">
    <p class='ocr_par' dir='ltr' id='par_1_30' title="bbox 2095 1737 3725 1864">
     <span class='ocr_line' id='line_1_35' title="bbox 2095 1737 3725 1863; baseline -0.019 -45"><span class='ocrx_word' id='word_1_241' title='bbox 2095 1803 2124 1863; x_wconf 65' lang='grc' dir='ltr'><strong>Β</strong></span> <span class='ocrx_word' id='word_1_242' title='bbox 2153 1764 2340 1834; x_wconf 76' lang='grc' dir='ltr'>ἐδήλου</span> <span class='ocrx_word' id='word_1_243' title='bbox 2374 1761 2467 1814; x_wconf 87' lang='grc' dir='ltr'><strong>τοῦ</strong></span> <span class='ocrx_word' id='word_1_244' title='bbox 2495 1758 2760 1831; x_wconf 83' lang='grc' dir='ltr'>προτέρου</span> <span class='ocrx_word' id='word_1_245' title='bbox 2788 1754 3020 1825; x_wconf 79' lang='grc' dir='ltr'>πύργου,</span> <span class='ocrx_word' id='word_1_246' title='bbox 3052 1749 3146 1803; x_wconf 83' lang='grc' dir='ltr'>καὶ</span> <span class='ocrx_word' id='word_1_247' title='bbox 3170 1744 3259 1799; x_wconf 84' lang='grc' dir='ltr'><strong>τὸν</strong></span> <span class='ocrx_word' id='word_1_248' title='bbox 3295 1737 3598 1810; x_wconf 73' lang='grc' dir='ltr'>ἀφανισμὸν</span> <span class='ocrx_word' id='word_1_249' title='bbox 3631 1752 3725 1788; x_wconf 83' lang='grc' dir='ltr'><strong>του</strong></span> 
     </span>
     <span class='ocr_line' id='line_1_36' title="bbox 2259 1827 3725 1864; baseline -0.015 18"><span class='ocrx_word' id='word_1_250' title='bbox 2259 1854 2271 1863; x_wconf 74' lang='grc'><strong>“</strong></span> <span class='ocrx_word' id='word_1_251' title='bbox 2365 1852 2375 1864; x_wconf 82' lang='grc'><strong><em>⁸</em></strong></span> <span class='ocrx_word' id='word_1_252' title='bbox 2542 1852 2551 1864; x_wconf 75' lang='grc' dir='ltr'><strong><em>υ</em></strong></span> <span class='ocrx_word' id='word_1_253' title='bbox 2796 1845 2821 1856; x_wconf 75' lang='grc'><strong>’-</strong></span> <span class='ocrx_word' id='word_1_254' title='bbox 2984 1842 3070 1864; x_wconf 50' lang='lat'><strong>-1-</strong></span> <span class='ocrx_word' id='word_1_255' title='bbox 3127 1835 3443 1864; x_wconf 69' lang='lat'><strong>1...-..‘.:.&#39;......-</strong></span> <span class='ocrx_word' id='word_1_256' title='bbox 3493 1827 3725 1864; x_wconf 60' lang='lat' dir='ltr'><strong>Emnlo’nu</strong></span> 
     </span>
    </p>
   </div>
   <div class='ocr_carea' id='block_1_31' title="bbox 464 1833 2094 1931">
    <p class='ocr_par' dir='ltr' id='par_1_31' title="bbox 464 1833 2094 1929">
     <span class='ocr_line' id='line_1_37' title="bbox 464 1833 2094 1929; baseline -0.001 -17"><span class='ocrx_word' id='word_1_257' title='bbox 464 1858 857 1913; x_wconf 85' lang='lat' dir='ltr'><strong>desolationem</strong></span> <span class='ocrx_word' id='word_1_258' title='bbox 911 1859 1027 1914; x_wconf 90' lang='lat' dir='ltr'><strong>illic</strong></span> <span class='ocrx_word' id='word_1_259' title='bbox 1079 1868 1467 1927; x_wconf 87' lang='lat' dir='ltr'><strong>enarraverat;</strong></span> <span class='ocrx_word' id='word_1_260' title='bbox 1512 1861 1637 1929; x_wconf 90' lang='lat' dir='ltr'><strong>jure</strong></span> <span class='ocrx_word' id='word_1_261' title='bbox 1689 1861 1748 1913; x_wconf 89' lang='lat' dir='ltr'><strong>in</strong></span> <span class='ocrx_word' id='word_1_262' title='bbox 1791 1859 2047 1927; x_wconf 68' lang='lat' dir='ltr'><strong>prmscnti</strong></span> <span class='ocrx_word' id='word_1_263' title='bbox 2078 1833 2094 1864; x_wconf 68' lang='grc'><strong><em>³</em></strong></span> 
     </span>
    </p>
   </div>
   <div class='ocr_carea' id='block_1_32' title="bbox 2100 1833 3730 1931">
    <p class='ocr_par' dir='ltr' id='par_1_32' title="bbox 2100 1833 3730 1931">
     <span class='ocr_line' id='line_1_38' title="bbox 2100 1833 3730 1931; baseline -0.018 -23"><span class='ocrx_word' id='word_1_264' title='bbox 2100 1833 2124 1863; x_wconf 62' lang='grc'><strong>)</strong></span> <span class='ocrx_word' id='word_1_265' title='bbox 2154 1833 2461 1923; x_wconf 85' lang='grc' dir='ltr'>προληνίου,</span> <span class='ocrx_word' id='word_1_266' title='bbox 2495 1852 2594 1921; x_wconf 81' lang='grc' dir='ltr'><strong>τήν</strong></span> <span class='ocrx_word' id='word_1_267' title='bbox 2628 1866 2685 1901; x_wconf 84' lang='grc' dir='ltr'><strong>τε</strong></span> <span class='ocrx_word' id='word_1_268' title='bbox 2731 1845 2824 1899; x_wconf 90' lang='grc' dir='ltr'><strong>τοῦ</strong></span> <span class='ocrx_word' id='word_1_269' title='bbox 2872 1842 3071 1905; x_wconf 86' lang='grc' dir='ltr'>παντὸς</span> <span class='ocrx_word' id='word_1_270' title='bbox 3123 1835 3443 1910; x_wconf 74' lang='grc' dir='ltr'>ἀμπελῶνος</span> <span class='ocrx_word' id='word_1_271' title='bbox 3492 1833 3730 1931; x_wconf 69' lang='grc' dir='ltr'>ἐρημίαν</span> 
     </span>
    </p>
   </div>
   <div class='ocr_carea' id='block_1_33' title="bbox 460 1921 2090 2020">
    <p class='ocr_par' dir='ltr' id='par_1_33' title="bbox 460 1938 2047 2020">
     <span class='ocr_line' id='line_1_39' title="bbox 460 1938 2047 2020; baseline 0.001 -17"><span class='ocrx_word' id='word_1_272' title='bbox 460 1949 706 2004; x_wconf 90' lang='lat' dir='ltr'><strong>omnium</strong></span> <span class='ocrx_word' id='word_1_273' title='bbox 754 1951 997 2020; x_wconf 77' lang='lat' dir='ltr'><strong>gentium</strong></span> <span class='ocrx_word' id='word_1_274' title='bbox 1043 1953 1390 2007; x_wconf 89' lang='lat' dir='ltr'><strong>vocationem</strong></span> <span class='ocrx_word' id='word_1_275' title='bbox 1434 1952 1742 2014; x_wconf 87' lang='lat' dir='ltr'><strong>denuntiat,</strong></span> <span class='ocrx_word' id='word_1_276' title='bbox 1789 1938 1914 2005; x_wconf 90' lang='lat' dir='ltr'><strong>cum</strong></span> <span class='ocrx_word' id='word_1_277' title='bbox 1953 1967 2047 2019; x_wconf 88' lang='lat' dir='ltr'><strong>pro</strong></span> 
     </span>
    </p>
   </div>
   <div class='ocr_carea' id='block_1_34' title="bbox 2097 1921 3727 2020">
    <p class='ocr_par' dir='ltr' id='par_1_34' title="bbox 2151 1921 3727 2005">
     <span class='ocr_line' id='line_1_40' title="bbox 2151 1921 3727 2005; baseline -0.017 -7"><span class='ocrx_word' id='word_1_278' title='bbox 2151 1948 2207 1998; x_wconf 81' lang='grc' dir='ltr'>ὲν</span> <span class='ocrx_word' id='word_1_279' title='bbox 2240 1945 2495 2005; x_wconf 80' lang='grc' dir='ltr'>ἐκείνοις·</span> <span class='ocrx_word' id='word_1_280' title='bbox 2541 1941 2765 2001; x_wconf 80' lang='grc' dir='ltr'><strong>εἰκότως</strong></span> <span class='ocrx_word' id='word_1_281' title='bbox 2814 1936 2903 1989; x_wconf 90' lang='grc' dir='ltr'><strong>διά</strong></span> <span class='ocrx_word' id='word_1_282' title='bbox 2951 1932 3043 1986; x_wconf 86' lang='grc' dir='ltr'><strong>τοῦ</strong></span> <span class='ocrx_word' id='word_1_283' title='bbox 3100 1929 3362 2001; x_wconf 83' lang='grc' dir='ltr'>παρόντος</span> <span class='ocrx_word' id='word_1_284' title='bbox 3405 1924 3514 1978; x_wconf 86' lang='grc' dir='ltr'><strong>τῶν</strong></span> <span class='ocrx_word' id='word_1_285' title='bbox 3557 1921 3727 1974; x_wconf 85' lang='grc' dir='ltr'>ἐθνῶν</span> 
     </span>
    </p>
   </div>
   <div class='ocr_carea' id='block_1_35' title="bbox 463 2016 2093 2121">
    <p class='ocr_par' dir='ltr' id='par_1_35' title="bbox 463 2016 2047 2121">
     <span class='ocr_line' id='line_1_41' title="bbox 463 2016 2047 2121; baseline 0.002 -30"><span class='ocrx_word' id='word_1_286' title='bbox 463 2016 822 2094; x_wconf 76' lang='lat' dir='ltr'><strong>torcularibus</strong></span> <span class='ocrx_word' id='word_1_287' title='bbox 868 2040 1208 2110; x_wconf 86' lang='lat' dir='ltr'><strong>prophetiam</strong></span> <span class='ocrx_word' id='word_1_288' title='bbox 1255 2041 1531 2121; x_wconf 75' lang='lat' dir='ltr'><strong>inscribit.</strong></span> <span class='ocrx_word' id='word_1_289' title='bbox 1576 2016 2047 2106; x_wconf 78' lang='lat' dir='ltr'><strong>Quamobremad</strong></span> 
     </span>
    </p>
   </div>
   <div class='ocr_carea' id='block_1_36' title="bbox 2094 2016 3724 2121">
    <p class='ocr_par' dir='ltr' id='par_1_36' title="bbox 2150 2016 3724 2104">
     <span class='ocr_line' id='line_1_42' title="bbox 2150 2016 3724 2104; baseline -0.016 -13"><span class='ocrx_word' id='word_1_290' title='bbox 2150 2037 2403 2091; x_wconf 76' lang='grc' dir='ltr'>ἁπάντων</span> <span class='ocrx_word' id='word_1_291' title='bbox 2435 2034 2532 2104; x_wconf 77' lang='grc' dir='ltr'><strong>τὴν</strong></span> <span class='ocrx_word' id='word_1_292' title='bbox 2564 2032 2757 2102; x_wconf 75' lang='grc' dir='ltr'>κλῆσιν</span> <span class='ocrx_word' id='word_1_293' title='bbox 2798 2024 3228 2096; x_wconf 74' lang='grc' dir='ltr'>εὐαγγελίζεται,</span> <span class='ocrx_word' id='word_1_294' title='bbox 3272 2019 3423 2087; x_wconf 83' lang='grc' dir='ltr'>ὑπὲρ</span> <span class='ocrx_word' id='word_1_295' title='bbox 3456 2016 3575 2071; x_wconf 80' lang='grc' dir='ltr'>τῶν</span> <span class='ocrx_word' id='word_1_296' title='bbox 3613 2019 3724 2082; x_wconf 79' lang='grc' dir='ltr'><strong>λη-</strong></span> 
     </span>
    </p>
   </div>
   <div class='ocr_carea' id='block_1_37' title="bbox 458 2108 2088 2204">
    <p class='ocr_par' dir='ltr' id='par_1_37' title="bbox 458 2108 2049 2204">
     <span class='ocr_line' id='line_1_43' title="bbox 458 2108 2049 2204; baseline 0.001 -20"><span class='ocrx_word' id='word_1_297' title='bbox 458 2130 718 2202; x_wconf 80' lang='lat' dir='ltr'><strong>gaudium</strong></span> <span class='ocrx_word' id='word_1_298' title='bbox 748 2139 803 2186; x_wconf 88' lang='lat' dir='ltr'><strong>et</strong></span> <span class='ocrx_word' id='word_1_299' title='bbox 829 2108 1068 2186; x_wconf 52' lang='lat' dir='ltr'><strong>laititiam</strong></span> <span class='ocrx_word' id='word_1_300' title='bbox 1090 2148 1207 2195; x_wconf 89' lang='lat' dir='ltr'><strong>eos,</strong></span> <span class='ocrx_word' id='word_1_301' title='bbox 1241 2108 1442 2204; x_wconf 79' lang='lat' dir='ltr'><strong>quibus</strong></span> <span class='ocrx_word' id='word_1_302' title='bbox 1466 2132 1820 2203; x_wconf 85' lang='lat' dir='ltr'><strong>Evangelium</strong></span> <span class='ocrx_word' id='word_1_303' title='bbox 1850 2133 2049 2202; x_wconf 65' lang='lat' dir='ltr'><strong>praedi-</strong></span> 
     </span>
    </p>
   </div>
   <div class='ocr_carea' id='block_1_38' title="bbox 2096 2108 3726 2204">
    <p class='ocr_par' dir='ltr' id='par_1_38' title="bbox 2148 2108 3726 2204">
     <span class='ocr_line' id='line_1_44' title="bbox 2148 2108 3726 2204; baseline -0.016 -19"><span class='ocrx_word' id='word_1_304' title='bbox 2148 2130 2270 2185; x_wconf 78' lang='grc' dir='ltr'><strong>νῶν</strong></span> <span class='ocrx_word' id='word_1_305' title='bbox 2302 2125 2614 2198; x_wconf 70' lang='grc' dir='ltr'>ἐπιγράψας</span> <span class='ocrx_word' id='word_1_306' title='bbox 2648 2124 2748 2194; x_wconf 83' lang='grc' dir='ltr'>τὴν</span> <span class='ocrx_word' id='word_1_307' title='bbox 2787 2118 3142 2192; x_wconf 80' lang='grc' dir='ltr'>προφητείαν.</span> <span class='ocrx_word' id='word_1_308' title='bbox 3176 2114 3267 2168; x_wconf 77' lang='grc' dir='ltr'>Διὸ</span> <span class='ocrx_word' id='word_1_309' title='bbox 3296 2112 3386 2204; x_wconf 70' lang='grc' dir='ltr'>ἐπὶ</span> <span class='ocrx_word' id='word_1_310' title='bbox 3421 2108 3594 2204; x_wconf 83' lang='grc' dir='ltr'>χαρὰν</span> <span class='ocrx_word' id='word_1_311' title='bbox 3632 2108 3726 2204; x_wconf 67' lang='grc' dir='ltr'><strong>καὶ</strong></span> 
     </span>
    </p>
   </div>
   <div class='ocr_carea' id='block_1_39' title="bbox 461 2201 2091 2293">
    <p class='ocr_par' dir='ltr' id='par_1_39' title="bbox 461 2201 2049 2293">
     <span class='ocr_line' id='line_1_45' title="bbox 461 2201 2049 2293; baseline 0.001 -16"><span class='ocrx_word' id='word_1_312' title='bbox 461 2201 644 2289; x_wconf 88' lang='lat' dir='ltr'><strong>eatur,</strong></span> <span class='ocrx_word' id='word_1_313' title='bbox 693 2224 889 2278; x_wconf 87' lang='lat' dir='ltr'><strong>invitat</strong></span> <span class='ocrx_word' id='word_1_314' title='bbox 920 2224 1112 2279; x_wconf 91' lang='lat' dir='ltr'><strong>dicens</strong></span> <span class='ocrx_word' id='word_1_315' title='bbox 1142 2244 1155 2280; x_wconf 89' lang='lat'>:</span> <span class='ocrx_word' id='word_1_316' title='bbox 1183 2201 1467 2279; x_wconf 61' lang='lat' dir='ltr'><strong>Exsultate</strong></span> <span class='ocrx_word' id='word_1_317' title='bbox 1516 2201 1646 2279; x_wconf 22' lang='lat' dir='ltr'><strong>Deo:</strong></span> <span class='ocrx_word' id='word_1_318' title='bbox 1666 2201 1903 2293; x_wconf 86' lang='lat' dir='ltr'><strong>adjutori</strong></span> <span class='ocrx_word' id='word_1_319' title='bbox 1953 2242 2049 2278; x_wconf 82' lang='lat' dir='ltr'><strong>uo-</strong></span> 
     </span>
    </p>
   </div>
   <div class='ocr_carea' id='block_1_40' title="bbox 2097 2201 3727 2293">
    <p class='ocr_par' dir='ltr' id='par_1_40' title="bbox 2148 2201 3727 2293">
     <span class='ocr_line' id='line_1_46' title="bbox 2148 2201 3727 2293; baseline -0.016 -16"><span class='ocrx_word' id='word_1_320' title='bbox 2148 2221 2486 2293; x_wconf 78' lang='grc' dir='ltr'>εὐφροσύνην</span> <span class='ocrx_word' id='word_1_321' title='bbox 2524 2214 2877 2288; x_wconf 82' lang='grc' dir='ltr'>προκαλεῖται</span> <span class='ocrx_word' id='word_1_322' title='bbox 2908 2213 3033 2273; x_wconf 86' lang='grc' dir='ltr'>τοὺς</span> <span class='ocrx_word' id='word_1_323' title='bbox 3066 2202 3584 2275; x_wconf 74' lang='grc' dir='ltr'>εὐαγγελιζομένους</span> <span class='ocrx_word' id='word_1_324' title='bbox 3626 2201 3727 2269; x_wconf 88' lang='grc' dir='ltr'>φά-</span> 
     </span>
    </p>
   </div>
   <div class='ocr_carea' id='block_1_41' title="bbox 456 2292 2086 2387">
    <p class='ocr_par' dir='ltr' id='par_1_41' title="bbox 456 2292 2048 2387">
     <span class='ocr_line' id='line_1_47' title="bbox 456 2292 2048 2387; baseline 0.001 -17"><span class='ocrx_word' id='word_1_325' title='bbox 456 2324 595 2381; x_wconf 74' lang='lat' dir='ltr'><strong>ctro,</strong></span> <span class='ocrx_word' id='word_1_326' title='bbox 638 2316 867 2385; x_wconf 80' lang='lat' dir='ltr'><strong>jubilatc</strong></span> <span class='ocrx_word' id='word_1_327' title='bbox 910 2316 1021 2372; x_wconf 85' lang='lat' dir='ltr'><strong>Deo</strong></span> <span class='ocrx_word' id='word_1_328' title='bbox 1049 2316 1241 2372; x_wconf 84' lang='lat' dir='ltr'><strong>Jacob.</strong></span> <span class='ocrx_word' id='word_1_329' title='bbox 1276 2318 1482 2373; x_wconf 85' lang='lat' dir='ltr'><strong>Sumite</strong></span> <span class='ocrx_word' id='word_1_330' title='bbox 1515 2292 1804 2387; x_wconf 79' lang='lat' dir='ltr'><strong>psalmum,</strong></span> <span class='ocrx_word' id='word_1_331' title='bbox 1844 2328 1894 2371; x_wconf 90' lang='lat' dir='ltr'><strong>et</strong></span> <span class='ocrx_word' id='word_1_332' title='bbox 1924 2316 2048 2371; x_wconf 77' lang='lat' dir='ltr'><strong>date</strong></span> 
     </span>
    </p>
   </div>
   <div class='ocr_carea' id='block_1_42' title="bbox 2091 2292 3721 2387">
    <p class='ocr_par' dir='ltr' id='par_1_42' title="bbox 2151 2292 3721 2383">
     <span class='ocr_line' id='line_1_48' title="bbox 2151 2292 3721 2383; baseline -0.015 -13"><span class='ocrx_word' id='word_1_333' title='bbox 2151 2292 2327 2370; x_wconf 77' lang='grc' dir='ltr'>σκων’</span> <span class='ocrx_word' id='word_1_334' title='bbox 2386 2308 2775 2383; x_wconf 67' lang='grc' dir='ltr'>Ἀγαλλιᾶσθε</span> <span class='ocrx_word' id='word_1_335' title='bbox 2829 2305 2908 2371; x_wconf 87' lang='grc' dir='ltr'>τῷ</span> <span class='ocrx_word' id='word_1_336' title='bbox 2963 2302 3084 2368; x_wconf 85' lang='grc' dir='ltr'>Θεῷ</span> <span class='ocrx_word' id='word_1_337' title='bbox 3129 2300 3208 2366; x_wconf 84' lang='grc' dir='ltr'>τῷ</span> <span class='ocrx_word' id='word_1_338' title='bbox 3254 2295 3461 2365; x_wconf 81' lang='grc' dir='ltr'>βοηθῲ</span> <span class='ocrx_word' id='word_1_339' title='bbox 3517 2292 3685 2365; x_wconf 68' lang='grc' dir='ltr'>’ἡμῶν</span> <span class='ocrx_word' id='word_1_340' title='bbox 3708 2311 3721 2323; x_wconf 90' lang='grc'><strong>·</strong></span> 
     </span>
    </p>
   </div>
   <div class='ocr_carea' id='block_1_43' title="bbox 463 2388 2093 2480">
    <p class='ocr_par' dir='ltr' id='par_1_43' title="bbox 463 2410 2048 2480">
     <span class='ocr_line' id='line_1_49' title="bbox 463 2410 2048 2480; baseline 0.001 -18"><span class='ocrx_word' id='word_1_341' title='bbox 463 2418 795 2479; x_wconf 58' lang='lat' dir='ltr'><strong>tympanum,</strong></span> <span class='ocrx_word' id='word_1_342' title='bbox 842 2410 1159 2479; x_wconf 79' lang='lat' dir='ltr'><strong>psalterium</strong></span> <span class='ocrx_word' id='word_1_343' title='bbox 1194 2411 1494 2480; x_wconf 86' lang='lat' dir='ltr'><strong>jucundum</strong></span> <span class='ocrx_word' id='word_1_344' title='bbox 1540 2428 1659 2464; x_wconf 86' lang='lat' dir='ltr'><strong>cum</strong></span> <span class='ocrx_word' id='word_1_345' title='bbox 1705 2410 1934 2466; x_wconf 81' lang='lat' dir='ltr'><strong>cithara.</strong></span> <span class='ocrx_word' id='word_1_346' title='bbox 1982 2411 2048 2464; x_wconf 85' lang='lat' dir='ltr'><strong>Et</strong></span> 
     </span>
    </p>
   </div>
   <div class='ocr_carea' id='block_1_44' title="bbox 2095 2388 3725 2480">
    <p class='ocr_par' dir='ltr' id='par_1_44' title="bbox 2147 2388 3725 2480">
     <span class='ocr_line' id='line_1_50' title="bbox 2147 2388 3725 2480; baseline -0.015 -17"><span class='ocrx_word' id='word_1_347' title='bbox 2147 2408 2493 2471; x_wconf 74' lang='grc' dir='ltr'>ἁλαλάξατε</span> <span class='ocrx_word' id='word_1_348' title='bbox 2522 2403 2617 2469; x_wconf 76' lang='grc' dir='ltr'>τῷ</span> <span class='ocrx_word' id='word_1_349' title='bbox 2650 2401 2773 2467; x_wconf 86' lang='grc' dir='ltr'>Θεῷ</span> <span class='ocrx_word' id='word_1_350' title='bbox 2809 2398 3023 2455; x_wconf 81' lang='grc' dir='ltr'>Ἰακώϐ.</span> <span class='ocrx_word' id='word_1_351' title='bbox 3063 2395 3282 2450; x_wconf 80' lang='grc' dir='ltr'>Λάϐετε</span> <span class='ocrx_word' id='word_1_352' title='bbox 3324 2390 3591 2462; x_wconf 71' lang='grc' dir='ltr'>ψαλμὸν,</span> <span class='ocrx_word' id='word_1_353' title='bbox 3627 2388 3725 2480; x_wconf 70' lang='grc' dir='ltr'>καὶ</span> 
     </span>
    </p>
   </div>
   <div class='ocr_carea' id='block_1_45' title="bbox 458 2478 2088 2573">
    <p class='ocr_par' dir='ltr' id='par_1_45' title="bbox 458 2478 2047 2573">
     <span class='ocr_line' id='line_1_51' title="bbox 458 2478 2047 2573; baseline 0.003 -20"><span class='ocrx_word' id='word_1_354' title='bbox 458 2478 936 2570; x_wconf 64' lang='lat' dir='ltr'><strong>hasequidemiis</strong></span> <span class='ocrx_word' id='word_1_355' title='bbox 984 2501 1077 2571; x_wconf 90' lang='lat' dir='ltr'><strong>qui</strong></span> <span class='ocrx_word' id='word_1_356' title='bbox 1121 2478 1270 2573; x_wconf 84' lang='lat' dir='ltr'><strong>digni</strong></span> <span class='ocrx_word' id='word_1_357' title='bbox 1310 2501 1606 2572; x_wconf 82' lang='lat' dir='ltr'><strong>Evangelio</strong></span> <span class='ocrx_word' id='word_1_358' title='bbox 1650 2512 1802 2568; x_wconf 91' lang='lat' dir='ltr'><strong>sunt,</strong></span> <span class='ocrx_word' id='word_1_359' title='bbox 1844 2503 2047 2572; x_wconf 88' lang='lat' dir='ltr'><strong>quique</strong></span> 
     </span>
    </p>
   </div>
   <div class='ocr_carea' id='block_1_46' title="bbox 2094 2478 3724 2573">
    <p class='ocr_par' dir='ltr' id='par_1_46' title="bbox 2147 2478 3724 2567">
     <span class='ocr_line' id='line_1_52' title="bbox 2147 2478 3724 2567; baseline -0.011 -15"><span class='ocrx_word' id='word_1_360' title='bbox 2147 2502 2282 2554; x_wconf 75' lang='grc' dir='ltr'>δότε</span> <span class='ocrx_word' id='word_1_361' title='bbox 2327 2501 2658 2567; x_wconf 81' lang='grc' dir='ltr'>τύμπανον,</span> <span class='ocrx_word' id='word_1_362' title='bbox 2707 2492 3047 2562; x_wconf 65' lang='grc' dir='ltr'>ψαλτήριον</span> <span class='ocrx_word' id='word_1_363' title='bbox 3091 2486 3349 2558; x_wconf 79' lang='grc' dir='ltr'>τερπνόν</span> <span class='ocrx_word' id='word_1_364' title='bbox 3382 2484 3531 2554; x_wconf 83' lang='grc' dir='ltr'>μετὰ</span> <span class='ocrx_word' id='word_1_365' title='bbox 3565 2478 3724 2535; x_wconf 83' lang='grc' dir='ltr'>κιθά-</span> 
     </span>
    </p>
   </div>
   <div class='ocr_carea' id='block_1_47' title="bbox 458 2576 2088 2664">
    <p class='ocr_par' dir='ltr' id='par_1_47' title="bbox 458 2591 2046 2664">
     <span class='ocr_line' id='line_1_53' title="bbox 458 2591 2046 2664; baseline 0.002 -20"><span class='ocrx_word' id='word_1_366' title='bbox 458 2591 699 2661; x_wconf 83' lang='lat' dir='ltr'><strong>propriis</strong></span> <span class='ocrx_word' id='word_1_367' title='bbox 745 2591 1024 2648; x_wconf 87' lang='lat' dir='ltr'><strong>fructibus</strong></span> <span class='ocrx_word' id='word_1_368' title='bbox 1061 2594 1361 2648; x_wconf 89' lang='lat' dir='ltr'><strong>toreularia</strong></span> <span class='ocrx_word' id='word_1_369' title='bbox 1410 2595 1644 2664; x_wconf 84' lang='lat' dir='ltr'><strong>replent.</strong></span> <span class='ocrx_word' id='word_1_370' title='bbox 1698 2594 1773 2649; x_wconf 93' lang='lat' dir='ltr'><strong>De</strong></span> <span class='ocrx_word' id='word_1_371' title='bbox 1819 2592 2046 2648; x_wconf 84' lang='lat' dir='ltr'><strong>Judaica</strong></span> 
     </span>
    </p>
   </div>
   <div class='ocr_carea' id='block_1_48' title="bbox 2097 2576 3727 2664">
    <p class='ocr_par' dir='ltr' id='par_1_48' title="bbox 2140 2576 3727 2664">
     <span class='ocr_line' id='line_1_54' title="bbox 2140 2576 3727 2664; baseline -0.014 -17"><span class='ocrx_word' id='word_1_372' title='bbox 2140 2612 2275 2664; x_wconf 76' lang='grc' dir='ltr'>ρας.</span> <span class='ocrx_word' id='word_1_373' title='bbox 2318 2591 2502 2644; x_wconf 84' lang='grc' dir='ltr'>Ταῦτα</span> <span class='ocrx_word' id='word_1_374' title='bbox 2536 2590 2634 2660; x_wconf 83' lang='grc' dir='ltr'>μὲν</span> <span class='ocrx_word' id='word_1_375' title='bbox 2659 2583 2752 2641; x_wconf 84' lang='grc' dir='ltr'><strong>οῦν</strong></span> <span class='ocrx_word' id='word_1_376' title='bbox 2780 2589 2890 2648; x_wconf 83' lang='grc' dir='ltr'>τοῖς</span> <span class='ocrx_word' id='word_1_377' title='bbox 2916 2583 3085 2647; x_wconf 82' lang='grc' dir='ltr'>ἀξίοις</span> <span class='ocrx_word' id='word_1_378' title='bbox 3113 2578 3203 2635; x_wconf 89' lang='grc' dir='ltr'><strong>τοῦ</strong></span> <span class='ocrx_word' id='word_1_379' title='bbox 3228 2576 3582 2646; x_wconf 79' lang='grc' dir='ltr'>Εὑαγγελίου,</span> <span class='ocrx_word' id='word_1_380' title='bbox 3616 2576 3727 2637; x_wconf 84' lang='grc' dir='ltr'>τοῖς</span> 
     </span>
    </p>
   </div>
   <div class='ocr_carea' id='block_1_49' title="bbox 458 2668 2088 2756">
    <p class='ocr_par' dir='ltr' id='par_1_49' title="bbox 458 2683 2045 2756">
     <span class='ocr_line' id='line_1_55' title="bbox 458 2683 2045 2756; baseline 0.004 -23"><span class='ocrx_word' id='word_1_381' title='bbox 458 2696 591 2737; x_wconf 77' lang='lat' dir='ltr'><strong>vero</strong></span> <span class='ocrx_word' id='word_1_382' title='bbox 617 2690 783 2752; x_wconf 80' lang='lat' dir='ltr'><strong>gente</strong></span> <span class='ocrx_word' id='word_1_383' title='bbox 812 2683 963 2738; x_wconf 87' lang='lat' dir='ltr'><strong>clare</strong></span> <span class='ocrx_word' id='word_1_384' title='bbox 998 2683 1280 2755; x_wconf 84' lang='lat' dir='ltr'><strong>subjungit</strong></span> <span class='ocrx_word' id='word_1_385' title='bbox 1310 2704 1322 2739; x_wconf 93' lang='lat'>:</span> <span class='ocrx_word' id='word_1_386' title='bbox 1352 2684 1420 2738; x_wconf 86' lang='lat' dir='ltr'><strong>Et</strong></span> <span class='ocrx_word' id='word_1_387' title='bbox 1458 2703 1562 2739; x_wconf 87' lang='lat' dir='ltr'><strong>non</strong></span> <span class='ocrx_word' id='word_1_388' title='bbox 1594 2687 1792 2740; x_wconf 79' lang='lat' dir='ltr'><strong>audivit</strong></span> <span class='ocrx_word' id='word_1_389' title='bbox 1822 2687 2045 2756; x_wconf 82' lang='lat' dir='ltr'><strong>populus</strong></span> 
     </span>
    </p>
   </div>
   <div class='ocr_carea' id='block_1_50' title="bbox 2099 2668 3729 2756">
    <p class='ocr_par' dir='ltr' id='par_1_50' title="bbox 2148 2668 3729 2756">
     <span class='ocr_line' id='line_1_56' title="bbox 2148 2668 3729 2756; baseline -0.014 -16"><span class='ocrx_word' id='word_1_390' title='bbox 2148 2687 2245 2750; x_wconf 75' lang='grc' dir='ltr'><strong>τὰς</strong></span> <span class='ocrx_word' id='word_1_391' title='bbox 2271 2686 2467 2756; x_wconf 82' lang='grc' dir='ltr'>ληνοὺς</span> <span class='ocrx_word' id='word_1_392' title='bbox 2492 2681 2599 2736; x_wconf 85' lang='grc' dir='ltr'><strong>ἀπὸ</strong></span> <span class='ocrx_word' id='word_1_393' title='bbox 2625 2680 2731 2734; x_wconf 87' lang='grc' dir='ltr'><strong>τῶν</strong></span> <span class='ocrx_word' id='word_1_394' title='bbox 2758 2678 2974 2732; x_wconf 88' lang='grc' dir='ltr'>οἰκείων</span> <span class='ocrx_word' id='word_1_395' title='bbox 3002 2674 3230 2745; x_wconf 85' lang='grc' dir='ltr'>καρπῶν</span> <span class='ocrx_word' id='word_1_396' title='bbox 3266 2668 3553 2742; x_wconf 82' lang='grc' dir='ltr'>πληροῦσι.</span> <span class='ocrx_word' id='word_1_397' title='bbox 3595 2668 3729 2737; x_wconf 72' lang='grc' dir='ltr'>Περὶ</span> 
     </span>
    </p>
   </div>
   <div class='ocr_carea' id='block_1_51' title="bbox 458 2760 2088 2839">
    <p class='ocr_par' dir='ltr' id='par_1_51' title="bbox 458 2775 2048 2839">
     <span class='ocr_line' id='line_1_57' title="bbox 458 2775 2048 2839; baseline 0.004 -14"><span class='ocrx_word' id='word_1_398' title='bbox 458 2788 606 2826; x_wconf 75' lang='lat' dir='ltr'><strong>meus</strong></span> <span class='ocrx_word' id='word_1_399' title='bbox 645 2789 818 2828; x_wconf 83' lang='lat' dir='ltr'><strong>vocem</strong></span> <span class='ocrx_word' id='word_1_400' title='bbox 853 2790 1046 2839; x_wconf 83' lang='lat' dir='ltr'><strong>meam,</strong></span> <span class='ocrx_word' id='word_1_401' title='bbox 1081 2784 1129 2829; x_wconf 87' lang='lat' dir='ltr'><strong>et</strong></span> <span class='ocrx_word' id='word_1_402' title='bbox 1162 2775 1337 2829; x_wconf 82' lang='lat' dir='ltr'><strong>Israel</strong></span> <span class='ocrx_word' id='word_1_403' title='bbox 1367 2794 1472 2831; x_wconf 87' lang='lat' dir='ltr'><strong>non</strong></span> <span class='ocrx_word' id='word_1_404' title='bbox 1510 2778 1738 2832; x_wconf 85' lang='lat' dir='ltr'><strong>intendit</strong></span> <span class='ocrx_word' id='word_1_405' title='bbox 1786 2779 1935 2832; x_wconf 83' lang='lat' dir='ltr'><strong>mihi.</strong></span> <span class='ocrx_word' id='word_1_406' title='bbox 1978 2777 2048 2831; x_wconf 88' lang='lat' dir='ltr'><strong>Et</strong></span> 
     </span>
    </p>
   </div>
   <div class='ocr_carea' id='block_1_52' title="bbox 2097 2760 3727 2839">
    <p class='ocr_par' dir='ltr' id='par_1_52' title="bbox 2146 2760 3727 2838">
     <span class='ocr_line' id='line_1_58' title="bbox 2146 2760 3727 2838; baseline -0.014 -4"><span class='ocrx_word' id='word_1_407' title='bbox 2146 2782 2201 2834; x_wconf 85' lang='grc' dir='ltr'>δὲ</span> <span class='ocrx_word' id='word_1_408' title='bbox 2242 2778 2335 2832; x_wconf 83' lang='grc' dir='ltr'><strong>τοῦ</strong></span> <span class='ocrx_word' id='word_1_409' title='bbox 2375 2775 2639 2830; x_wconf 83' lang='grc' dir='ltr'>Ἰουδαίων</span> <span class='ocrx_word' id='word_1_410' title='bbox 2673 2773 2857 2836; x_wconf 75' lang='grc' dir='ltr'>ἔθνους</span> <span class='ocrx_word' id='word_1_411' title='bbox 2910 2769 3097 2838; x_wconf 85' lang='grc' dir='ltr'>σαφῶς</span> <span class='ocrx_word' id='word_1_412' title='bbox 3140 2764 3413 2834; x_wconf 67' lang='grc' dir='ltr'><strong>ἐπιλέγει⁸</strong></span> <span class='ocrx_word' id='word_1_413' title='bbox 3464 2760 3575 2815; x_wconf 76' lang='grc' dir='ltr'><strong>Καὶ</strong></span> <span class='ocrx_word' id='word_1_414' title='bbox 3616 2762 3727 2813; x_wconf 83' lang='grc' dir='ltr'>οὐκ</span> 
     </span>
    </p>
   </div>
   <div class='ocr_carea' id='block_1_53' title="bbox 456 2852 2086 2941">
    <p class='ocr_par' dir='ltr' id='par_1_53' title="bbox 456 2863 2047 2926">
     <span class='ocr_line' id='line_1_59' title="bbox 456 2863 2047 2926; baseline 0.006 -10"><span class='ocrx_word' id='word_1_415' title='bbox 456 2863 642 2918; x_wconf 73' lang='lat' dir='ltr'><strong>dimisi</strong></span> <span class='ocrx_word' id='word_1_416' title='bbox 682 2881 771 2920; x_wconf 79' lang='lat' dir='ltr'><strong>eos</strong></span> <span class='ocrx_word' id='word_1_417' title='bbox 818 2865 1107 2921; x_wconf 80' lang='lat' dir='ltr'><strong>secundum</strong></span> <span class='ocrx_word' id='word_1_418' title='bbox 1154 2866 1420 2923; x_wconf 84' lang='lat' dir='ltr'><strong>desideria</strong></span> <span class='ocrx_word' id='word_1_419' title='bbox 1454 2870 1630 2924; x_wconf 79' lang='lat' dir='ltr'><strong>cordis</strong></span> <span class='ocrx_word' id='word_1_420' title='bbox 1677 2887 1874 2924; x_wconf 88' lang='lat' dir='ltr'><strong>eorum.</strong></span> <span class='ocrx_word' id='word_1_421' title='bbox 1919 2869 2047 2926; x_wconf 58' lang='lat' dir='ltr'><strong>Hae</strong></span> 
     </span>
    </p>
   </div>
   <div class='ocr_carea' id='block_1_54' title="bbox 2097 2852 3727 2941">
    <p class='ocr_par' dir='ltr' id='par_1_54' title="bbox 2147 2852 3727 2941">
     <span class='ocr_line' id='line_1_60' title="bbox 2147 2852 3727 2941; baseline -0.013 -16"><span class='ocrx_word' id='word_1_422' title='bbox 2147 2872 2419 2941; x_wconf 73' lang='grc' dir='ltr'>ἤκουσεν</span> <span class='ocrx_word' id='word_1_423' title='bbox 2444 2872 2477 2923; x_wconf 82' lang='grc' dir='ltr'><em>ὁ</em></span> <span class='ocrx_word' id='word_1_424' title='bbox 2498 2868 2648 2933; x_wconf 80' lang='grc' dir='ltr'>λαός</span> <span class='ocrx_word' id='word_1_425' title='bbox 2671 2883 2792 2936; x_wconf 88' lang='grc' dir='ltr'>μου</span> <span class='ocrx_word' id='word_1_426' title='bbox 2818 2862 2929 2932; x_wconf 83' lang='grc' dir='ltr'>τῆς</span> <span class='ocrx_word' id='word_1_427' title='bbox 2965 2859 3169 2931; x_wconf 68' lang='grc' dir='ltr'>φωνῆς</span> <span class='ocrx_word' id='word_1_428' title='bbox 3183 2875 3323 2928; x_wconf 87' lang='grc' dir='ltr'>μου,</span> <span class='ocrx_word' id='word_1_429' title='bbox 3356 2853 3455 2908; x_wconf 84' lang='grc' dir='ltr'><strong>καί</strong></span> <span class='ocrx_word' id='word_1_430' title='bbox 3492 2852 3727 2922; x_wconf 71' lang='grc' dir='ltr'>Ἰσραὴλ</span> 
     </span>
    </p>
   </div>
   <div class='ocr_carea' id='block_1_55' title="bbox 460 2942 2090 3030">
    <p class='ocr_par' dir='ltr' id='par_1_55' title="bbox 460 2957 2049 3030">
     <span class='ocr_line' id='line_1_61' title="bbox 460 2957 2049 3030; baseline 0.006 -23"><span class='ocrx_word' id='word_1_431' title='bbox 460 2969 628 3025; x_wconf 81' lang='lat' dir='ltr'><strong>po.‘ro</strong></span> <span class='ocrx_word' id='word_1_432' title='bbox 658 2957 1132 3025; x_wconf 88' lang='lat' dir='ltr'><strong>opportunissime</strong></span> <span class='ocrx_word' id='word_1_433' title='bbox 1169 2957 1498 3027; x_wconf 76' lang='lat' dir='ltr'><strong>praecedenti</strong></span> <span class='ocrx_word' id='word_1_434' title='bbox 1536 2962 1833 3030; x_wconf 63' lang='lat' dir='ltr'><strong>prophetiae</strong></span> <span class='ocrx_word' id='word_1_435' title='bbox 1869 2961 2049 3017; x_wconf 58' lang='lat' dir='ltr'><strong>cohae-</strong></span> 
     </span>
    </p>
   </div>
   <div class='ocr_carea' id='block_1_56' title="bbox 2100 2942 3730 3030">
    <p class='ocr_par' dir='ltr' id='par_1_56' title="bbox 2147 2942 3730 3029">
     <span class='ocr_line' id='line_1_62' title="bbox 2147 2942 3730 3029; baseline -0.013 -13"><span class='ocrx_word' id='word_1_436' title='bbox 2147 2965 2219 3016; x_wconf 87' lang='grc' dir='ltr'>οὑ</span> <span class='ocrx_word' id='word_1_437' title='bbox 2252 2960 2559 3029; x_wconf 75' lang='grc' dir='ltr'>προσέσχε</span> <span class='ocrx_word' id='word_1_438' title='bbox 2595 2974 2717 3027; x_wconf 89' lang='grc' dir='ltr'>μοι.</span> <span class='ocrx_word' id='word_1_439' title='bbox 2750 2955 2860 3010; x_wconf 83' lang='lat' dir='ltr'><strong>Kal</strong></span> <span class='ocrx_word' id='word_1_440' title='bbox 2899 2951 3301 3018; x_wconf 70' lang='grc' dir='ltr'>ἐξαπέστειλα</span> <span class='ocrx_word' id='word_1_441' title='bbox 3329 2944 3552 3010; x_wconf 81' lang='grc' dir='ltr'>αὐτοὺς</span> <span class='ocrx_word' id='word_1_442' title='bbox 3580 2942 3730 2998; x_wconf 65' lang='grc' dir='ltr'>κατὰ</span> 
     </span>
    </p>
   </div>
   <div class='ocr_carea' id='block_1_57' title="bbox 457 3038 2087 3121">
    <p class='ocr_par' dir='ltr' id='par_1_57' title="bbox 457 3044 2045 3112">
     <span class='ocr_line' id='line_1_63' title="bbox 457 3044 2045 3112; baseline 0.007 -14"><span class='ocrx_word' id='word_1_443' title='bbox 457 3052 603 3101; x_wconf 84' lang='lat' dir='ltr'><strong>rent.</strong></span> <span class='ocrx_word' id='word_1_444' title='bbox 641 3044 1114 3112; x_wconf 86' lang='lat' dir='ltr'><strong>Quemadmodum</strong></span> <span class='ocrx_word' id='word_1_445' title='bbox 1155 3050 1302 3106; x_wconf 90' lang='lat' dir='ltr'><strong>enim</strong></span> <span class='ocrx_word' id='word_1_446' title='bbox 1337 3050 1450 3105; x_wconf 90' lang='lat' dir='ltr'><strong>illic</strong></span> <span class='ocrx_word' id='word_1_447' title='bbox 1487 3052 1660 3107; x_wconf 84' lang='lat' dir='ltr'><strong>vineae</strong></span> <span class='ocrx_word' id='word_1_448' title='bbox 1690 3053 1907 3109; x_wconf 86' lang='lat' dir='ltr'><strong>ruinam</strong></span> <span class='ocrx_word' id='word_1_449' title='bbox 1947 3053 2045 3109; x_wconf 80' lang='lat' dir='ltr'><strong>de-</strong></span> 
     </span>
    </p>
   </div>
   <div class='ocr_carea' id='block_1_58' title="bbox 2098 3038 3728 3121">
    <p class='ocr_par' dir='ltr' id='par_1_58' title="bbox 2149 3038 3728 3121">
     <span class='ocr_line' id='line_1_64' title="bbox 2149 3038 3728 3121; baseline -0.011 -11"><span class='ocrx_word' id='word_1_450' title='bbox 2149 3057 2221 3109; x_wconf 84' lang='grc' dir='ltr'>τὰ</span> <span class='ocrx_word' id='word_1_451' title='bbox 2251 3053 2690 3121; x_wconf 80' lang='grc' dir='ltr'>ἐπιτηδεύματα</span> <span class='ocrx_word' id='word_1_452' title='bbox 2733 3049 2844 3117; x_wconf 83' lang='grc' dir='ltr'>τῆς</span> <span class='ocrx_word' id='word_1_453' title='bbox 2873 3046 3122 3116; x_wconf 83' lang='grc' dir='ltr'>καρδίας</span> <span class='ocrx_word' id='word_1_454' title='bbox 3165 3042 3381 3099; x_wconf 76' lang='grc' dir='ltr'>αὐτῶν.</span> <span class='ocrx_word' id='word_1_455' title='bbox 3418 3039 3628 3111; x_wconf 83' lang='grc' dir='ltr'>Πολλῆς</span> <span class='ocrx_word' id='word_1_456' title='bbox 3671 3038 3728 3093; x_wconf 76' lang='grc' dir='ltr'>δὲ</span> 
     </span>
    </p>
   </div>
   <div class='ocr_carea' id='block_1_59' title="bbox 455 3132 2085 3216">
    <p class='ocr_par' dir='ltr' id='par_1_59' title="bbox 455 3135 2085 3204">
     <span class='ocr_line' id='line_1_65' title="bbox 455 3135 2085 3204; baseline 0.006 -13"><span class='ocrx_word' id='word_1_457' title='bbox 455 3135 729 3204; x_wconf 86' lang='lat' dir='ltr'><strong>clarabat,</strong></span> <span class='ocrx_word' id='word_1_458' title='bbox 767 3138 843 3192; x_wconf 88' lang='lat' dir='ltr'><strong>ita</strong></span> <span class='ocrx_word' id='word_1_459' title='bbox 879 3140 1047 3194; x_wconf 88' lang='lat' dir='ltr'><strong>etiam</strong></span> <span class='ocrx_word' id='word_1_460' title='bbox 1090 3141 1194 3195; x_wconf 92' lang='lat' dir='ltr'><strong>hoe</strong></span> <span class='ocrx_word' id='word_1_461' title='bbox 1233 3142 1357 3197; x_wconf 92' lang='lat' dir='ltr'><strong>loco</strong></span> <span class='ocrx_word' id='word_1_462' title='bbox 1397 3144 1715 3198; x_wconf 88' lang='lat' dir='ltr'><strong>eorumdem</strong></span> <span class='ocrx_word' id='word_1_463' title='bbox 1760 3144 2085 3203; x_wconf 64' lang='lat' dir='ltr'><strong>hominum!</strong></span> 
     </span>
    </p>
   </div>
   <div class='ocr_carea' id='block_1_60' title="bbox 2097 3132 3727 3216">
    <p class='ocr_par' dir='ltr' id='par_1_60' title="bbox 2097 3132 3727 3216">
     <span class='ocr_line' id='line_1_66' title="bbox 2097 3132 3727 3216; baseline -0.012 -15"><span class='ocrx_word' id='word_1_464' title='bbox 2097 3147 2114 3204; x_wconf 69' lang='grc' dir='ltr'><strong>Ξ</strong></span> <span class='ocrx_word' id='word_1_465' title='bbox 2149 3146 2328 3216; x_wconf 78' lang='grc' dir='ltr'>ἔχεται</span> <span class='ocrx_word' id='word_1_466' title='bbox 2356 3141 2674 3203; x_wconf 81' lang='grc' dir='ltr'>ἀκολουθίας</span> <span class='ocrx_word' id='word_1_467' title='bbox 2702 3138 2873 3193; x_wconf 87' lang='grc' dir='ltr'>ταῦτα</span> <span class='ocrx_word' id='word_1_468' title='bbox 2903 3136 3037 3208; x_wconf 80' lang='grc' dir='ltr'>πρὸς</span> <span class='ocrx_word' id='word_1_469' title='bbox 3060 3136 3158 3207; x_wconf 83' lang='grc' dir='ltr'>τὴν</span> <span class='ocrx_word' id='word_1_470' title='bbox 3185 3132 3492 3205; x_wconf 77' lang='grc' dir='ltr'>ἔμπροσθεν</span> <span class='ocrx_word' id='word_1_471' title='bbox 3520 3147 3727 3203; x_wconf 86' lang='grc' dir='ltr'>προφη-</span> 
     </span>
    </p>
   </div>
   <div class='ocr_carea' id='block_1_61' title="bbox 456 3220 2086 3303">
    <p class='ocr_par' dir='ltr' id='par_1_61' title="bbox 456 3225 2039 3303">
     <span class='ocr_line' id='line_1_67' title="bbox 456 3225 2039 3303; baseline 0.004 -20"><span class='ocrx_word' id='word_1_472' title='bbox 456 3225 936 3299; x_wconf 85' lang='lat' dir='ltr'><strong>inobsequentiam</strong></span> <span class='ocrx_word' id='word_1_473' title='bbox 982 3236 1270 3303; x_wconf 82' lang='lat' dir='ltr'><strong>coarguit;</strong></span> <span class='ocrx_word' id='word_1_474' title='bbox 1303 3240 1360 3290; x_wconf 88' lang='lat' dir='ltr'><strong>et</strong></span> <span class='ocrx_word' id='word_1_475' title='bbox 1419 3236 1565 3289; x_wconf 90' lang='lat' dir='ltr'><strong>sicut</strong></span> <span class='ocrx_word' id='word_1_476' title='bbox 1610 3235 1670 3289; x_wconf 91' lang='lat' dir='ltr'><strong>in</strong></span> <span class='ocrx_word' id='word_1_477' title='bbox 1720 3235 1814 3297; x_wconf 89' lang='lat' dir='ltr'><strong>illo</strong></span> <span class='ocrx_word' id='word_1_478' title='bbox 1860 3236 2039 3290; x_wconf 90' lang='lat' dir='ltr'><strong>virum</strong></span> 
     </span>
    </p>
   </div>
   <div class='ocr_carea' id='block_1_62' title="bbox 2097 3220 3727 3303">
    <p class='ocr_par' dir='ltr' id='par_1_62' title="bbox 2139 3220 3727 3301">
     <span class='ocr_line' id='line_1_68' title="bbox 2139 3220 3727 3301; baseline -0.009 -13"><span class='ocrx_word' id='word_1_479' title='bbox 2139 3235 2311 3289; x_wconf 84' lang='grc' dir='ltr'>τείαν.</span> <span class='ocrx_word' id='word_1_480' title='bbox 2352 3234 2440 3296; x_wconf 83' lang='grc' dir='ltr'>Ὠς</span> <span class='ocrx_word' id='word_1_481' title='bbox 2467 3230 2575 3301; x_wconf 79' lang='grc' dir='ltr'><strong>γὰρ</strong></span> <span class='ocrx_word' id='word_1_482' title='bbox 2605 3231 2721 3283; x_wconf 76' lang='grc' dir='ltr'>ἐκεῖ</span> <span class='ocrx_word' id='word_1_483' title='bbox 2749 3227 2849 3298; x_wconf 82' lang='grc' dir='ltr'>τῆς</span> <span class='ocrx_word' id='word_1_484' title='bbox 2871 3225 3117 3298; x_wconf 86' lang='grc' dir='ltr'>ἀμπέλου</span> <span class='ocrx_word' id='word_1_485' title='bbox 3152 3224 3243 3278; x_wconf 85' lang='grc' dir='ltr'><strong>τὸν</strong></span> <span class='ocrx_word' id='word_1_486' title='bbox 3271 3220 3575 3293; x_wconf 81' lang='grc' dir='ltr'>ἀφανισμὸν</span> <span class='ocrx_word' id='word_1_487' title='bbox 3608 3220 3727 3292; x_wconf 74' lang='grc' dir='ltr'>ἐδή-</span> 
     </span>
    </p>
   </div>
   <div class='ocr_carea' id='block_1_63' title="bbox 455 3313 2085 3391">
    <p class='ocr_par' dir='ltr' id='par_1_63' title="bbox 455 3317 2039 3389">
     <span class='ocr_line' id='line_1_69' title="bbox 455 3317 2039 3389; baseline 0.006 -15"><span class='ocrx_word' id='word_1_488' title='bbox 455 3317 697 3377; x_wconf 73' lang='grc' dir='ltr'>(Ιειιεηε</span> <span class='ocrx_word' id='word_1_489' title='bbox 746 3320 865 3389; x_wconf 88' lang='lat' dir='ltr'><strong>Dei,</strong></span> <span class='ocrx_word' id='word_1_490' title='bbox 909 3330 963 3379; x_wconf 91' lang='lat' dir='ltr'><strong>et</strong></span> <span class='ocrx_word' id='word_1_491' title='bbox 992 3322 1191 3379; x_wconf 87' lang='lat' dir='ltr'><strong>Filium</strong></span> <span class='ocrx_word' id='word_1_492' title='bbox 1242 3324 1482 3382; x_wconf 89' lang='lat' dir='ltr'><strong>hominis</strong></span> <span class='ocrx_word' id='word_1_493' title='bbox 1525 3327 1907 3382; x_wconf 83' lang='lat' dir='ltr'><strong>conﬁrmatum</strong></span> <span class='ocrx_word' id='word_1_494' title='bbox 1949 3327 2039 3383; x_wconf 90' lang='lat' dir='ltr'><strong>in-</strong></span> 
     </span>
    </p>
   </div>
   <div class='ocr_carea' id='block_1_64' title="bbox 2098 3313 3728 3391">
    <p class='ocr_par' dir='ltr' id='par_1_64' title="bbox 2139 3313 3728 3391">
     <span class='ocr_line' id='line_1_70' title="bbox 2139 3313 3728 3391; baseline -0.009 -11"><span class='ocrx_word' id='word_1_495' title='bbox 2139 3326 2253 3391; x_wconf 85' lang='grc' dir='ltr'>λου,</span> <span class='ocrx_word' id='word_1_496' title='bbox 2288 3324 2433 3378; x_wconf 76' lang='grc' dir='ltr'>οὕτω</span> <span class='ocrx_word' id='word_1_497' title='bbox 2506 3322 2600 3376; x_wconf 74' lang='grc' dir='ltr'><strong>καὶ</strong></span> <span class='ocrx_word' id='word_1_498' title='bbox 2638 3320 2874 3375; x_wconf 79' lang='grc' dir='ltr'>ἐνταῦθα</span> <span class='ocrx_word' id='word_1_499' title='bbox 2914 3319 3022 3373; x_wconf 89' lang='grc' dir='ltr'><strong>τῶν</strong></span> <span class='ocrx_word' id='word_1_500' title='bbox 3064 3316 3243 3371; x_wconf 79' lang='grc' dir='ltr'>αὐτῶν</span> <span class='ocrx_word' id='word_1_501' title='bbox 3273 3315 3335 3369; x_wconf 87' lang='grc' dir='ltr'><strong>τὸ</strong></span> <span class='ocrx_word' id='word_1_502' title='bbox 3373 3314 3596 3377; x_wconf 85' lang='grc' dir='ltr'>ἀπειθὲς</span> <span class='ocrx_word' id='word_1_503' title='bbox 3636 3313 3728 3366; x_wconf 74' lang='grc' dir='ltr'><strong>καὶ</strong></span> 
     </span>
    </p>
   </div>
   <div class='ocr_carea' id='block_1_65' title="bbox 457 3404 2087 3491">
    <p class='ocr_par' dir='ltr' id='par_1_65' title="bbox 457 3410 2041 3489">
     <span class='ocr_line' id='line_1_71' title="bbox 457 3410 2041 3489; baseline 0.004 -23"><span class='ocrx_word' id='word_1_504' title='bbox 457 3410 640 3479; x_wconf 82' lang='lat' dir='ltr'><strong>duxit,</strong></span> <span class='ocrx_word' id='word_1_505' title='bbox 687 3414 766 3469; x_wconf 90' lang='lat' dir='ltr'><strong>sic</strong></span> <span class='ocrx_word' id='word_1_506' title='bbox 812 3415 889 3469; x_wconf 91' lang='lat' dir='ltr'><strong>illi</strong></span> <span class='ocrx_word' id='word_1_507' title='bbox 925 3415 1067 3471; x_wconf 89' lang='lat' dir='ltr'><strong>hanc</strong></span> <span class='ocrx_word' id='word_1_508' title='bbox 1114 3417 1401 3487; x_wconf 85' lang='lat' dir='ltr'><strong>subjunxit</strong></span> <span class='ocrx_word' id='word_1_509' title='bbox 1445 3419 1808 3489; x_wconf 87' lang='lat' dir='ltr'><strong>prophetiam,</strong></span> <span class='ocrx_word' id='word_1_510' title='bbox 1843 3419 2041 3475; x_wconf 86' lang='lat' dir='ltr'><strong>inscri-</strong></span> 
     </span>
    </p>
   </div>
   <div class='ocr_carea' id='block_1_66' title="bbox 2097 3404 3727 3491">
    <p class='ocr_par' dir='ltr' id='par_1_66' title="bbox 2142 3404 3727 3491">
     <span class='ocr_line' id='line_1_72' title="bbox 2142 3404 3727 3491; baseline -0.011 -17"><span class='ocrx_word' id='word_1_511' title='bbox 2142 3421 2370 3491; x_wconf 79' lang='grc' dir='ltr'>ἀνήκων</span> <span class='ocrx_word' id='word_1_512' title='bbox 2401 3416 2643 3487; x_wconf 71' lang='grc' dir='ltr'>ἐλέγχει·</span> <span class='ocrx_word' id='word_1_513' title='bbox 2672 3414 2767 3468; x_wconf 73' lang='grc' dir='ltr'><strong>καὶ</strong></span> <span class='ocrx_word' id='word_1_514' title='bbox 2799 3413 2875 3477; x_wconf 86' lang='grc' dir='ltr'><strong>ὡς</strong></span> <span class='ocrx_word' id='word_1_515' title='bbox 2910 3414 2968 3465; x_wconf 83' lang='grc' dir='ltr'>ὲν</span> <span class='ocrx_word' id='word_1_516' title='bbox 3012 3411 3204 3480; x_wconf 82' lang='grc' dir='ltr'>ὲκείνῳ</span> <span class='ocrx_word' id='word_1_517' title='bbox 3232 3407 3401 3478; x_wconf 84' lang='grc' dir='ltr'>ἀνδρα</span> <span class='ocrx_word' id='word_1_518' title='bbox 3431 3405 3611 3471; x_wconf 80' lang='grc' dir='ltr'>δεξιᾶς</span> <span class='ocrx_word' id='word_1_519' title='bbox 3636 3404 3727 3459; x_wconf 88' lang='grc' dir='ltr'><strong>τοῦ</strong></span> 
     </span>
    </p>
   </div>
   <div class='ocr_carea' id='block_1_67' title="bbox 458 3498 2088 3582">
    <p class='ocr_par' dir='ltr' id='par_1_67' title="bbox 458 3507 2038 3582">
     <span class='ocr_line' id='line_1_73' title="bbox 458 3507 2038 3582; baseline 0.007 -26"><span class='ocrx_word' id='word_1_520' title='bbox 458 3510 608 3573; x_wconf 88' lang='lat' dir='ltr'><strong>ptam</strong></span> <span class='ocrx_word' id='word_1_521' title='bbox 640 3522 736 3575; x_wconf 84' lang='lat' dir='ltr'><strong>pro</strong></span> <span class='ocrx_word' id='word_1_522' title='bbox 778 3507 1160 3573; x_wconf 77' lang='lat' dir='ltr'><strong>torcularibus,</strong></span> <span class='ocrx_word' id='word_1_523' title='bbox 1207 3509 1263 3565; x_wconf 90' lang='lat' dir='ltr'><strong>id</strong></span> <span class='ocrx_word' id='word_1_524' title='bbox 1305 3518 1412 3577; x_wconf 89' lang='lat' dir='ltr'><strong>est,</strong></span> <span class='ocrx_word' id='word_1_525' title='bbox 1442 3509 1706 3567; x_wconf 80' lang='lat' dir='ltr'><strong>Ecclesiis</strong></span> <span class='ocrx_word' id='word_1_526' title='bbox 1748 3510 1867 3578; x_wconf 85' lang='lat' dir='ltr'><strong>Dei,</strong></span> <span class='ocrx_word' id='word_1_527' title='bbox 1900 3526 2038 3582; x_wconf 87' lang='lat' dir='ltr'><strong>quas</strong></span> 
     </span>
    </p>
   </div>
   <div class='ocr_carea' id='block_1_68' title="bbox 2096 3498 3726 3582">
    <p class='ocr_par' dir='ltr' id='par_1_68' title="bbox 2142 3498 3726 3581">
     <span class='ocr_line' id='line_1_74' title="bbox 2142 3498 3726 3581; baseline -0.009 -15"><span class='ocrx_word' id='word_1_528' title='bbox 2142 3510 2280 3566; x_wconf 89' lang='grc' dir='ltr'><strong>Θεοῦ</strong></span> <span class='ocrx_word' id='word_1_529' title='bbox 2308 3512 2595 3581; x_wconf 85' lang='grc' dir='ltr'>εἰσήγαγε,</span> <span class='ocrx_word' id='word_1_530' title='bbox 2628 3507 2723 3560; x_wconf 66' lang='grc' dir='ltr'><strong>καὶ</strong></span> <span class='ocrx_word' id='word_1_531' title='bbox 2756 3504 2885 3559; x_wconf 83' lang='grc' dir='ltr'>Υἱὸν</span> <span class='ocrx_word' id='word_1_532' title='bbox 2909 3501 3197 3575; x_wconf 87' lang='grc' dir='ltr'>ἀνθρώπου</span> <span class='ocrx_word' id='word_1_533' title='bbox 3227 3498 3726 3571; x_wconf 85' lang='grc' dir='ltr'>κεκραταιωμένον,</span> 
     </span>
    </p>
   </div>
   <div class='ocr_carea' id='block_1_69' title="bbox 465 3584 2095 3669">
    <p class='ocr_par' dir='ltr' id='par_1_69' title="bbox 465 3592 1225 3659">
     <span class='ocr_line' id='line_1_75' title="bbox 465 3592 1225 3659; baseline 0.013 -10"><span class='ocrx_word' id='word_1_534' title='bbox 465 3592 644 3653; x_wconf 85' lang='lat' dir='ltr'><strong>Filius</strong></span> <span class='ocrx_word' id='word_1_535' title='bbox 664 3596 903 3657; x_wconf 88' lang='lat' dir='ltr'><strong>hominis</strong></span> <span class='ocrx_word' id='word_1_536' title='bbox 919 3601 1225 3659; x_wconf 87' lang='lat' dir='ltr'><strong>constituit.</strong></span> 
     </span>
    </p>
   </div>
   <div class='ocr_carea' id='block_1_70' title="bbox 2098 3584 3728 3669">
    <p class='ocr_par' dir='ltr' id='par_1_70' title="bbox 2142 3584 3728 3669">
     <span class='ocr_line' id='line_1_76' title="bbox 2142 3584 3728 3669; baseline -0.012 -12"><span class='ocrx_word' id='word_1_537' title='bbox 2142 3603 2284 3657; x_wconf 72' lang='grc' dir='ltr'>οὕτω</span> <span class='ocrx_word' id='word_1_538' title='bbox 2347 3601 2436 3654; x_wconf 82' lang='grc' dir='ltr'>διὰ</span> <span class='ocrx_word' id='word_1_539' title='bbox 2475 3598 2583 3653; x_wconf 85' lang='grc' dir='ltr'><strong>τῶν</strong></span> <span class='ocrx_word' id='word_1_540' title='bbox 2620 3595 2997 3669; x_wconf 87' lang='grc' dir='ltr'>προκειμένων</span> <span class='ocrx_word' id='word_1_541' title='bbox 3039 3592 3135 3662; x_wconf 81' lang='grc' dir='ltr'>τὴν</span> <span class='ocrx_word' id='word_1_542' title='bbox 3181 3591 3334 3660; x_wconf 83' lang='grc' dir='ltr'>ὑπὲρ</span> <span class='ocrx_word' id='word_1_543' title='bbox 3374 3587 3495 3643; x_wconf 82' lang='grc' dir='ltr'>τῶν</span> <span class='ocrx_word' id='word_1_544' title='bbox 3523 3584 3728 3655; x_wconf 76' lang='grc' dir='ltr'>ληνῶν</span> 
     </span>
    </p>
   </div>
   <div class='ocr_carea' id='block_1_71' title="bbox 2146 3679 3726 3766">
    <p class='ocr_par' dir='ltr' id='par_1_71' title="bbox 2146 3679 3726 3766">
     <span class='ocr_line' id='line_1_77' title="bbox 2146 3679 3726 3766; baseline -0.011 -16"><span class='ocrx_word' id='word_1_545' title='bbox 2146 3695 2350 3766; x_wconf 69' lang='grc' dir='ltr'>συνῆψε</span> <span class='ocrx_word' id='word_1_546' title='bbox 2375 3693 2733 3765; x_wconf 79' lang='grc' dir='ltr'>προφητείαν,</span> <span class='ocrx_word' id='word_1_547' title='bbox 2758 3687 2960 3760; x_wconf 79' lang='grc' dir='ltr'>δηλαδή</span> <span class='ocrx_word' id='word_1_548' title='bbox 2987 3685 3092 3739; x_wconf 83' lang='grc' dir='ltr'><strong>τῶν</strong></span> <span class='ocrx_word' id='word_1_549' title='bbox 3111 3681 3448 3754; x_wconf 85' lang='grc' dir='ltr'>Ἐκκλησιῶν</span> <span class='ocrx_word' id='word_1_550' title='bbox 3470 3680 3563 3733; x_wconf 84' lang='grc' dir='ltr'><strong>τοῦ</strong></span> <span class='ocrx_word' id='word_1_551' title='bbox 3589 3679 3726 3733; x_wconf 89' lang='grc' dir='ltr'>Θεοῦ</span> 
     </span>
    </p>
   </div>
   <div class='ocr_carea' id='block_1_72' title="bbox 2144 3777 3305 3852">
    <p class='ocr_par' dir='ltr' id='par_1_72' title="bbox 2144 3777 3305 3852">
     <span class='ocr_line' id='line_1_78' title="bbox 2144 3777 3305 3852; baseline -0.014 -10"><span class='ocrx_word' id='word_1_552' title='bbox 2144 3789 2210 3852; x_wconf 72' lang='grc' dir='ltr'><strong>ἃς</strong></span> <span class='ocrx_word' id='word_1_553' title='bbox 2246 3790 2274 3841; x_wconf 83' lang='grc' dir='ltr'>ὁ</span> <span class='ocrx_word' id='word_1_554' title='bbox 2308 3787 2436 3849; x_wconf 84' lang='grc' dir='ltr'>Υἱὸς</span> <span class='ocrx_word' id='word_1_555' title='bbox 2469 3784 2563 3838; x_wconf 91' lang='grc' dir='ltr'><strong>τοῦ</strong></span> <span class='ocrx_word' id='word_1_556' title='bbox 2592 3782 2880 3852; x_wconf 84' lang='grc' dir='ltr'>ἀνθρώπου</span> <span class='ocrx_word' id='word_1_557' title='bbox 2919 3777 3305 3846; x_wconf 79' lang='grc' dir='ltr'>συνεστήσατο.</span> 
     </span>
    </p>
   </div>
   <div class='ocr_carea' id='block_1_73' title="bbox 1229 3870 2959 3927">
    <p class='ocr_par' dir='ltr' id='par_1_73' title="bbox 1229 3870 2959 3927">
     <span class='ocr_line' id='line_1_79' title="bbox 1229 3870 2959 3927; baseline 0 -2"><span class='ocrx_word' id='word_1_558' title='bbox 1229 3870 1298 3927; x_wconf 83' lang='grc' dir='ltr'>Χ.</span> <span class='ocrx_word' id='word_1_559' title='bbox 2902 3873 2959 3925; x_wconf 92' lang='lat' dir='ltr'><strong>l&#39;.</strong></span> 
     </span>
    </p>
   </div>
   <div class='ocr_carea' id='block_1_74' title="bbox 529 3952 2159 4038">
    <p class='ocr_par' dir='ltr' id='par_1_74' title="bbox 529 3952 2045 4028">
     <span class='ocr_line' id='line_1_80' title="bbox 529 3952 2045 4028; baseline 0.009 -18"><span class='ocrx_word' id='word_1_560' title='bbox 529 3952 632 4011; x_wconf 85' lang='lat' dir='ltr'><strong>Hic</strong></span> <span class='ocrx_word' id='word_1_561' title='bbox 660 3955 842 4028; x_wconf 88' lang='lat' dir='ltr'><strong>Asaph</strong></span> <span class='ocrx_word' id='word_1_562' title='bbox 883 3958 1015 4016; x_wconf 87' lang='lat' dir='ltr'><strong>deos</strong></span> <span class='ocrx_word' id='word_1_563' title='bbox 1046 3961 1280 4026; x_wconf 77' lang='lat' dir='ltr'><strong>inducit,</strong></span> <span class='ocrx_word' id='word_1_564' title='bbox 1309 3970 1362 4018; x_wconf 91' lang='lat' dir='ltr'><strong>et</strong></span> <span class='ocrx_word' id='word_1_565' title='bbox 1398 3962 1566 4017; x_wconf 89' lang='lat' dir='ltr'><strong>Deum</strong></span> <span class='ocrx_word' id='word_1_566' title='bbox 1606 3964 1659 4018; x_wconf 94' lang='lat' dir='ltr'><strong>in</strong></span> <span class='ocrx_word' id='word_1_567' title='bbox 1704 3966 1883 4021; x_wconf 90' lang='lat' dir='ltr'><strong>med.o</strong></span> <span class='ocrx_word' id='word_1_568' title='bbox 1913 3966 2045 4022; x_wconf 88' lang='lat' dir='ltr'><strong>deo-</strong></span> 
     </span>
    </p>
   </div>
   <div class='ocr_carea' id='block_1_75' title="bbox 2097 3952 3727 4038">
    <p class='ocr_par' dir='ltr' id='par_1_75' title="bbox 2216 3959 3727 4038">
     <span class='ocr_line' id='line_1_81' title="bbox 2216 3959 3727 4038; baseline -0.009 -13"><span class='ocrx_word' id='word_1_569' title='bbox 2216 3974 2381 4034; x_wconf 77' lang='grc' dir='ltr'>Θεοὺς</span> <span class='ocrx_word' id='word_1_570' title='bbox 2414 3970 2621 4038; x_wconf 84' lang='grc' dir='ltr'>εἰσάγει</span> <span class='ocrx_word' id='word_1_571' title='bbox 2656 3968 2750 4021; x_wconf 60' lang='grc' dir='ltr'><strong>καλ⁵</strong></span> <span class='ocrx_word' id='word_1_572' title='bbox 2778 3966 2910 4019; x_wconf 85' lang='grc' dir='ltr'>Θεὸν</span> <span class='ocrx_word' id='word_1_573' title='bbox 2945 3966 3001 4018; x_wconf 79' lang='grc' dir='ltr'>ἐν</span> <span class='ocrx_word' id='word_1_574' title='bbox 3031 3963 3179 4034; x_wconf 89' lang='grc' dir='ltr'>μέσῳ</span> <span class='ocrx_word' id='word_1_575' title='bbox 3212 3961 3348 4015; x_wconf 90' lang='grc' dir='ltr'>θεῶν</span> <span class='ocrx_word' id='word_1_576' title='bbox 3387 3959 3727 4029; x_wconf 86' lang='grc' dir='ltr'>διακρίνοντα</span> 
     </span>
    </p>
   </div>
   <div class='ocr_carea' id='block_1_76' title="bbox 459 4052 3727 4133">
    <p class='ocr_par' dir='ltr' id='par_1_76' title="bbox 459 4052 3727 4133">
     <span class='ocr_line' id='line_1_82' title="bbox 459 4052 3727 4133; baseline -0.003 -21"><span class='ocrx_word' id='word_1_577' title='bbox 459 4062 606 4111; x_wconf 69' lang='lat' dir='ltr'><strong>Tum.</strong></span> <span class='ocrx_word' id='word_1_578' title='bbox 632 4064 749 4114; x_wconf 80' lang='lat' dir='ltr'><strong>eos,</strong></span> <span class='ocrx_word' id='word_1_579' title='bbox 779 4052 871 4121; x_wconf 89' lang='lat' dir='ltr'><strong>qui</strong></span> <span class='ocrx_word' id='word_1_580' title='bbox 896 4052 973 4107; x_wconf 87' lang='lat' dir='ltr'><strong>dii</strong></span> <span class='ocrx_word' id='word_1_581' title='bbox 1005 4062 1293 4119; x_wconf 90' lang='lat' dir='ltr'><strong>vocantur,</strong></span> <span class='ocrx_word' id='word_1_582' title='bbox 1325 4056 1718 4125; x_wconf 86' lang='lat' dir='ltr'><strong>dijudicantem</strong></span> <span class='ocrx_word' id='word_1_583' title='bbox 1744 4069 1796 4114; x_wconf 88' lang='lat' dir='ltr'><strong>et</strong></span> <span class='ocrx_word' id='word_1_584' title='bbox 1825 4062 2042 4131; x_wconf 86' lang='lat' dir='ltr'><strong>quidem</strong></span> <span class='ocrx_word' id='word_1_585' title='bbox 2145 4067 2270 4129; x_wconf 69' lang='grc' dir='ltr'>τοὺς</span> <span class='ocrx_word' id='word_1_586' title='bbox 2299 4061 2717 4133; x_wconf 83' lang='grc' dir='ltr'>ὠνομασμένους</span> <span class='ocrx_word' id='word_1_587' title='bbox 2750 4059 2904 4121; x_wconf 75' lang='grc' dir='ltr'>θεοὺς</span> <span class='ocrx_word' id='word_1_588' title='bbox 2938 4059 2995 4110; x_wconf 82' lang='grc' dir='ltr'>ὲν</span> <span class='ocrx_word' id='word_1_589' title='bbox 3044 4055 3253 4118; x_wconf 81' lang='grc' dir='ltr'>τούτοις</span> <span class='ocrx_word' id='word_1_590' title='bbox 3283 4057 3310 4107; x_wconf 90' lang='grc' dir='ltr'>ὁ</span> <span class='ocrx_word' id='word_1_591' title='bbox 3347 4052 3518 4121; x_wconf 84' lang='grc' dir='ltr'>Ἀσάφ</span> <span class='ocrx_word' id='word_1_592' title='bbox 3561 4053 3727 4120; x_wconf 86' lang='grc' dir='ltr'>ἀναγ-</span> 
     </span>
    </p>
   </div>
   <div class='ocr_carea' id='block_1_77' title="bbox 459 4140 2089 4224">
    <p class='ocr_par' dir='ltr' id='par_1_77' title="bbox 459 4142 2043 4217">
     <span class='ocr_line' id='line_1_83' title="bbox 459 4142 2043 4217; baseline 0.008 -24"><span class='ocrx_word' id='word_1_593' title='bbox 459 4142 811 4195; x_wconf 85' lang='lat' dir='ltr'><strong>necessario:</strong></span> <span class='ocrx_word' id='word_1_594' title='bbox 863 4159 990 4198; x_wconf 89' lang='lat' dir='ltr'><strong>nam</strong></span> <span class='ocrx_word' id='word_1_595' title='bbox 1041 4147 1168 4216; x_wconf 85' lang='lat' dir='ltr'><strong>quia</strong></span> <span class='ocrx_word' id='word_1_596' title='bbox 1233 4149 1488 4217; x_wconf 86' lang='lat' dir='ltr'><strong>superius</strong></span> <span class='ocrx_word' id='word_1_597' title='bbox 1538 4157 1708 4203; x_wconf 85' lang='lat' dir='ltr'><strong>totam</strong></span> <span class='ocrx_word' id='word_1_598' title='bbox 1758 4149 2043 4207; x_wconf 77' lang='lat' dir='ltr'><strong>Iudaicam</strong></span> 
     </span>
    </p>
   </div>
   <div class='ocr_carea' id='block_1_78' title="bbox 2095 4140 3725 4224">
    <p class='ocr_par' dir='ltr' id='par_1_78' title="bbox 2146 4140 3725 4224">
     <span class='ocr_line' id='line_1_84' title="bbox 2146 4140 3725 4224; baseline -0.012 -13"><span class='ocrx_word' id='word_1_599' title='bbox 2146 4159 2351 4220; x_wconf 77' lang='grc' dir='ltr'>καίωςο</span> <span class='ocrx_word' id='word_1_600' title='bbox 2400 4152 2585 4223; x_wconf 73' lang='grc' dir='ltr'>ἐπειδὴ</span> <span class='ocrx_word' id='word_1_601' title='bbox 2625 4152 2734 4224; x_wconf 79' lang='grc' dir='ltr'><strong>γὰρ</strong></span> <span class='ocrx_word' id='word_1_602' title='bbox 2772 4151 2861 4205; x_wconf 77' lang='grc' dir='ltr'>διὰ</span> <span class='ocrx_word' id='word_1_603' title='bbox 2892 4150 3000 4201; x_wconf 88' lang='grc' dir='ltr'><strong>τῶν</strong></span> <span class='ocrx_word' id='word_1_604' title='bbox 3041 4145 3349 4218; x_wconf 77' lang='grc' dir='ltr'>ἔμπροσθεν</span> <span class='ocrx_word' id='word_1_605' title='bbox 3387 4142 3479 4196; x_wconf 86' lang='grc' dir='ltr'><strong>τοῦ</strong></span> <span class='ocrx_word' id='word_1_606' title='bbox 3527 4140 3725 4203; x_wconf 82' lang='grc' dir='ltr'>παντὸς</span> 
     </span>
    </p>
   </div>
   <div class='ocr_carea' id='block_1_79' title="bbox 461 4232 2091 4314">
    <p class='ocr_par' dir='ltr' id='par_1_79' title="bbox 461 4233 2043 4312">
     <span class='ocr_line' id='line_1_85' title="bbox 461 4233 2043 4312; baseline 0.008 -28"><span class='ocrx_word' id='word_1_607' title='bbox 461 4240 676 4302; x_wconf 71' lang='lat' dir='ltr'><strong>gentem</strong></span> <span class='ocrx_word' id='word_1_608' title='bbox 711 4233 1016 4301; x_wconf 83' lang='lat' dir='ltr'><strong>incusabat,</strong></span> <span class='ocrx_word' id='word_1_609' title='bbox 1053 4250 1453 4310; x_wconf 88' lang='lat' dir='ltr'><strong>consequenter</strong></span> <span class='ocrx_word' id='word_1_610' title='bbox 1483 4243 1536 4295; x_wconf 90' lang='lat' dir='ltr'><strong>in</strong></span> <span class='ocrx_word' id='word_1_611' title='bbox 1569 4245 1822 4312; x_wconf 81' lang='lat' dir='ltr'><strong>praesenti</strong></span> <span class='ocrx_word' id='word_1_612' title='bbox 1853 4260 2043 4305; x_wconf 86' lang='lat' dir='ltr'><strong>eorum</strong></span> 
     </span>
    </p>
   </div>
   <div class='ocr_carea' id='block_1_80' title="bbox 2092 4232 3722 4314">
    <p class='ocr_par' dir='ltr' id='par_1_80' title="bbox 2159 4232 3722 4314">
     <span class='ocr_line' id='line_1_86' title="bbox 2159 4232 3722 4314; baseline -0.012 -11"><span class='ocrx_word' id='word_1_613' title='bbox 2159 4248 2425 4303; x_wconf 86' lang='grc' dir='ltr'>Ἰουδαίων</span> <span class='ocrx_word' id='word_1_614' title='bbox 2475 4246 2662 4308; x_wconf 76' lang='grc' dir='ltr'>ἔθνους</span> <span class='ocrx_word' id='word_1_615' title='bbox 2711 4243 3042 4314; x_wconf 79' lang='grc' dir='ltr'>κατηγόρει,</span> <span class='ocrx_word' id='word_1_616' title='bbox 3105 4238 3414 4301; x_wconf 75' lang='grc' dir='ltr'>ἀκολούθως</span> <span class='ocrx_word' id='word_1_617' title='bbox 3475 4235 3568 4289; x_wconf 70' lang='grc' dir='ltr'><strong>ἐπὶ</strong></span> <span class='ocrx_word' id='word_1_618' title='bbox 3630 4232 3722 4286; x_wconf 90' lang='grc' dir='ltr'><strong>τοῦ</strong></span> 
     </span>
    </p>
   </div>
   <div class='ocr_carea' id='block_1_81' title="bbox 462 4322 2092 4412">
    <p class='ocr_par' dir='ltr' id='par_1_81' title="bbox 462 4325 2045 4407">
     <span class='ocr_line' id='line_1_87' title="bbox 462 4325 2045 4407; baseline 0.009 -30"><span class='ocrx_word' id='word_1_619' title='bbox 462 4325 741 4395; x_wconf 79' lang='lat' dir='ltr'><strong>principes</strong></span> <span class='ocrx_word' id='word_1_620' title='bbox 769 4329 1055 4397; x_wconf 84' lang='lat' dir='ltr'><strong>speciatim</strong></span> <span class='ocrx_word' id='word_1_621' title='bbox 1092 4333 1362 4402; x_wconf 75' lang='lat' dir='ltr'><strong>coarguit.</strong></span> <span class='ocrx_word' id='word_1_622' title='bbox 1410 4333 1611 4389; x_wconf 85' lang='lat' dir='ltr'><strong>Deinde</strong></span> <span class='ocrx_word' id='word_1_623' title='bbox 1646 4337 1775 4406; x_wconf 83' lang='lat' dir='ltr'><strong>quia</strong></span> <span class='ocrx_word' id='word_1_624' title='bbox 1815 4338 1868 4390; x_wconf 91' lang='lat' dir='ltr'><strong>in</strong></span> <span class='ocrx_word' id='word_1_625' title='bbox 1902 4354 2045 4407; x_wconf 69' lang='lat' dir='ltr'><strong>prae—</strong></span> 
     </span>
    </p>
   </div>
   <div class='ocr_carea' id='block_1_82' title="bbox 2092 4322 3722 4412">
    <p class='ocr_par' dir='ltr' id='par_1_82' title="bbox 2146 4322 3722 4412">
     <span class='ocr_line' id='line_1_88' title="bbox 2146 4322 3722 4412; baseline -0.01 -18"><span class='ocrx_word' id='word_1_626' title='bbox 2146 4341 2414 4412; x_wconf 85' lang='grc' dir='ltr'>παρόντος</span> <span class='ocrx_word' id='word_1_627' title='bbox 2440 4340 2563 4402; x_wconf 83' lang='grc' dir='ltr'>τοὺς</span> <span class='ocrx_word' id='word_1_628' title='bbox 2599 4338 2727 4408; x_wconf 82' lang='grc' dir='ltr'>παρ’</span> <span class='ocrx_word' id='word_1_629' title='bbox 2775 4336 2958 4397; x_wconf 75' lang='grc' dir='ltr'>αὐτοῖς</span> <span class='ocrx_word' id='word_1_630' title='bbox 3001 4334 3267 4404; x_wconf 85' lang='grc' dir='ltr'>ἄρχοντας</span> <span class='ocrx_word' id='word_1_631' title='bbox 3316 4329 3461 4392; x_wconf 86' lang='grc' dir='ltr'>ἰδίως</span> <span class='ocrx_word' id='word_1_632' title='bbox 3492 4322 3722 4398; x_wconf 73' lang='grc' dir='ltr'>ἐλέγχει.</span> 
     </span>
    </p>
   </div>
   <div class='ocr_carea' id='block_1_83' title="bbox 462 4416 2092 4505">
    <p class='ocr_par' dir='ltr' id='par_1_83' title="bbox 462 4416 2045 4500">
     <span class='ocr_line' id='line_1_89' title="bbox 462 4416 2045 4500; baseline 0.009 -30"><span class='ocrx_word' id='word_1_633' title='bbox 462 4416 678 4472; x_wconf 87' lang='lat' dir='ltr'><strong>cedenti</strong></span> <span class='ocrx_word' id='word_1_634' title='bbox 713 4419 923 4488; x_wconf 89' lang='lat' dir='ltr'><strong>psalmo</strong></span> <span class='ocrx_word' id='word_1_635' title='bbox 955 4420 1236 4478; x_wconf 85' lang='lat' dir='ltr'><strong>Christum</strong></span> <span class='ocrx_word' id='word_1_636' title='bbox 1269 4424 1387 4491; x_wconf 92' lang='lat' dir='ltr'><strong>Dei,</strong></span> <span class='ocrx_word' id='word_1_637' title='bbox 1424 4427 1602 4480; x_wconf 88' lang='lat' dir='ltr'><strong>virum</strong></span> <span class='ocrx_word' id='word_1_638' title='bbox 1638 4427 1878 4483; x_wconf 73' lang='lat' dir='ltr'><strong>dexterae</strong></span> <span class='ocrx_word' id='word_1_639' title='bbox 1924 4431 2045 4500; x_wconf 86' lang='lat' dir='ltr'><strong>ejus</strong></span> 
     </span>
    </p>
   </div>
   <div class='ocr_carea' id='block_1_84' title="bbox 2094 4416 3724 4505">
    <p class='ocr_par' dir='ltr' id='par_1_84' title="bbox 2148 4420 3724 4505">
     <span class='ocr_line' id='line_1_90' title="bbox 2148 4420 3724 4505; baseline -0.01 -17"><span class='ocrx_word' id='word_1_640' title='bbox 2148 4432 2261 4488; x_wconf 74' lang='grc' dir='ltr'><strong>Εἶτ’</strong></span> <span class='ocrx_word' id='word_1_641' title='bbox 2293 4433 2482 4505; x_wconf 71' lang='grc' dir='ltr'>ἐπειδὴ</span> <span class='ocrx_word' id='word_1_642' title='bbox 2510 4433 2600 4486; x_wconf 69' lang='grc' dir='ltr'><strong>τὸν</strong></span> <span class='ocrx_word' id='word_1_643' title='bbox 2631 4430 2865 4503; x_wconf 87' lang='grc' dir='ltr'>Χριστὸν</span> <span class='ocrx_word' id='word_1_644' title='bbox 2897 4427 2991 4481; x_wconf 90' lang='grc' dir='ltr'><strong>τοῦ</strong></span> <span class='ocrx_word' id='word_1_645' title='bbox 3025 4426 3160 4480; x_wconf 83' lang='grc' dir='ltr'>Θεοῦ</span> <span class='ocrx_word' id='word_1_646' title='bbox 3207 4427 3263 4479; x_wconf 83' lang='grc' dir='ltr'>ὲν</span> <span class='ocrx_word' id='word_1_647' title='bbox 3294 4423 3370 4494; x_wconf 82' lang='grc' dir='ltr'>τῷ</span> <span class='ocrx_word' id='word_1_648' title='bbox 3402 4422 3507 4493; x_wconf 83' lang='grc' dir='ltr'><strong>πρὸ</strong></span> <span class='ocrx_word' id='word_1_649' title='bbox 3537 4420 3724 4475; x_wconf 82' lang='grc' dir='ltr'>τούτου</span> 
     </span>
    </p>
   </div>
   <div class='ocr_carea' id='block_1_85' title="bbox 460 4506 2090 4599">
    <p class='ocr_par' dir='ltr' id='par_1_85' title="bbox 460 4506 2090 4590">
     <span class='ocr_line' id='line_1_91' title="bbox 460 4506 2090 4590; baseline 0.01 -29"><span class='ocrx_word' id='word_1_650' title='bbox 460 4517 513 4564; x_wconf 90' lang='lat' dir='ltr'><strong>et</strong></span> <span class='ocrx_word' id='word_1_651' title='bbox 540 4506 737 4564; x_wconf 88' lang='lat' dir='ltr'><strong>Filium</strong></span> <span class='ocrx_word' id='word_1_652' title='bbox 771 4510 1013 4569; x_wconf 90' lang='lat' dir='ltr'><strong>hominis</strong></span> <span class='ocrx_word' id='word_1_653' title='bbox 1044 4517 1431 4571; x_wconf 80' lang='lat' dir='ltr'><strong>conﬁrmatum</strong></span> <span class='ocrx_word' id='word_1_654' title='bbox 1470 4528 1781 4579; x_wconf 79' lang='lat' dir='ltr'><strong>vocaverat.</strong></span> <span class='ocrx_word' id='word_1_655' title='bbox 1822 4521 1943 4590; x_wconf 91' lang='lat' dir='ltr'><strong>ejus</strong></span> <span class='ocrx_word' id='word_1_656' title='bbox 1987 4523 2042 4577; x_wconf 91' lang='lat' dir='ltr'><strong>in</strong></span> <span class='ocrx_word' id='word_1_657' title='bbox 2076 4508 2090 4562; x_wconf 84' lang='grc' dir='ltr'>Ῑ</span> 
     </span>
    </p>
   </div>
   <div class='ocr_carea' id='block_1_86' title="bbox 2092 4506 3722 4599">
    <p class='ocr_par' dir='ltr' id='par_1_86' title="bbox 2092 4509 3722 4599">
     <span class='ocr_line' id='line_1_92' title="bbox 2092 4509 3722 4599; baseline -0.014 -15"><span class='ocrx_word' id='word_1_658' title='bbox 2092 4509 2119 4562; x_wconf 76' lang='grc'>)</span> <span class='ocrx_word' id='word_1_659' title='bbox 2148 4529 2313 4599; x_wconf 82' lang='grc' dir='ltr'>ἄνδρα</span> <span class='ocrx_word' id='word_1_660' title='bbox 2338 4526 2589 4597; x_wconf 82' lang='grc' dir='ltr'>ὠνόμασε</span> <span class='ocrx_word' id='word_1_661' title='bbox 2615 4522 2794 4588; x_wconf 81' lang='grc' dir='ltr'>δεξιᾶς</span> <span class='ocrx_word' id='word_1_662' title='bbox 2831 4518 2992 4576; x_wconf 79' lang='grc' dir='ltr'>αὐτοῦ</span> <span class='ocrx_word' id='word_1_663' title='bbox 3032 4519 3127 4572; x_wconf 74' lang='grc' dir='ltr'>καὶ</span> <span class='ocrx_word' id='word_1_664' title='bbox 3153 4516 3281 4569; x_wconf 84' lang='grc' dir='ltr'>Υἰὸν</span> <span class='ocrx_word' id='word_1_665' title='bbox 3319 4510 3605 4584; x_wconf 81' lang='grc' dir='ltr'>ἀνθρώπου</span> <span class='ocrx_word' id='word_1_666' title='bbox 3633 4526 3722 4563; x_wconf 87' lang='grc' dir='ltr'>κε-</span> 
     </span>
    </p>
   </div>
   <div class='ocr_carea' id='block_1_87' title="bbox 463 4604 2093 4692">
    <p class='ocr_par' dir='ltr' id='par_1_87' title="bbox 463 4604 2043 4683">
     <span class='ocr_line' id='line_1_93' title="bbox 463 4604 2043 4683; baseline 0.012 -29"><span class='ocrx_word' id='word_1_667' title='bbox 463 4616 627 4657; x_wconf 89' lang='lat' dir='ltr'><strong>earne</strong></span> <span class='ocrx_word' id='word_1_668' title='bbox 650 4604 940 4659; x_wconf 90' lang='lat' dir='ltr'><strong>adventum</strong></span> <span class='ocrx_word' id='word_1_669' title='bbox 977 4606 1064 4662; x_wconf 87' lang='lat' dir='ltr'><strong>his</strong></span> <span class='ocrx_word' id='word_1_670' title='bbox 1095 4608 1432 4679; x_wconf 79' lang='lat' dir='ltr'><strong>signiﬁcans,</strong></span> <span class='ocrx_word' id='word_1_671' title='bbox 1468 4629 1537 4667; x_wconf 90' lang='lat' dir='ltr'><strong>ne</strong></span> <span class='ocrx_word' id='word_1_672' title='bbox 1564 4614 1688 4683; x_wconf 89' lang='lat' dir='ltr'><strong>quis</strong></span> <span class='ocrx_word' id='word_1_673' title='bbox 1712 4615 1890 4683; x_wconf 91' lang='lat' dir='ltr'><strong>ipsum</strong></span> <span class='ocrx_word' id='word_1_674' title='bbox 1925 4634 2043 4673; x_wconf 82' lang='lat' dir='ltr'><strong>mc-</strong></span> 
     </span>
    </p>
   </div>
   <div class='ocr_carea' id='block_1_88' title="bbox 2097 4604 3727 4692">
    <p class='ocr_par' dir='ltr' id='par_1_88' title="bbox 2147 4605 3727 4692">
     <span class='ocr_line' id='line_1_94' title="bbox 2147 4605 3727 4692; baseline -0.013 -18"><span class='ocrx_word' id='word_1_675' title='bbox 2147 4618 2578 4692; x_wconf 86' lang='grc' dir='ltr'>κραταιωμένον,</span> <span class='ocrx_word' id='word_1_676' title='bbox 2613 4617 2712 4688; x_wconf 85' lang='grc' dir='ltr'>τὴν</span> <span class='ocrx_word' id='word_1_677' title='bbox 2756 4614 3019 4685; x_wconf 77' lang='grc' dir='ltr'>ένσαρκον</span> <span class='ocrx_word' id='word_1_678' title='bbox 3064 4607 3231 4663; x_wconf 81' lang='grc' dir='ltr'>αὑτοῦ</span> <span class='ocrx_word' id='word_1_679' title='bbox 3279 4605 3585 4678; x_wconf 85' lang='grc' dir='ltr'>παρουσίαν</span> <span class='ocrx_word' id='word_1_680' title='bbox 3630 4619 3727 4673; x_wconf 85' lang='grc' dir='ltr'>ση-</span> 
     </span>
    </p>
   </div>
   <div class='ocr_carea' id='block_1_89' title="bbox 462 4693 2092 4783">
    <p class='ocr_par' dir='ltr' id='par_1_89' title="bbox 462 4693 2043 4771">
     <span class='ocr_line' id='line_1_95' title="bbox 462 4693 2043 4771; baseline 0.011 -27"><span class='ocrx_word' id='word_1_681' title='bbox 462 4706 585 4745; x_wconf 89' lang='lat' dir='ltr'><strong>rum</strong></span> <span class='ocrx_word' id='word_1_682' title='bbox 616 4693 915 4761; x_wconf 88' lang='lat' dir='ltr'><strong>hominem,</strong></span> <span class='ocrx_word' id='word_1_683' title='bbox 948 4703 1003 4752; x_wconf 94' lang='lat' dir='ltr'><strong>et</strong></span> <span class='ocrx_word' id='word_1_684' title='bbox 1028 4699 1214 4754; x_wconf 90' lang='lat' dir='ltr'><strong>multis</strong></span> <span class='ocrx_word' id='word_1_685' title='bbox 1237 4701 1361 4755; x_wconf 90' lang='lat' dir='ltr'><strong>aliis</strong></span> <span class='ocrx_word' id='word_1_686' title='bbox 1390 4702 1625 4757; x_wconf 89' lang='lat' dir='ltr'><strong>similem</strong></span> <span class='ocrx_word' id='word_1_687' title='bbox 1659 4704 2043 4771; x_wconf 89' lang='lat' dir='ltr'><strong>arbitraretur,</strong></span> 
     </span>
    </p>
   </div>
   <div class='ocr_carea' id='block_1_90' title="bbox 2096 4693 3726 4783">
    <p class='ocr_par' dir='ltr' id='par_1_90' title="bbox 2151 4693 3726 4783">
     <span class='ocr_line' id='line_1_96' title="bbox 2151 4693 3726 4783; baseline -0.013 -18"><span class='ocrx_word' id='word_1_688' title='bbox 2151 4714 2344 4783; x_wconf 87' lang='grc' dir='ltr'>μήνας,</span> <span class='ocrx_word' id='word_1_689' title='bbox 2380 4710 2468 4763; x_wconf 83' lang='grc' dir='ltr'><strong>ἴνα</strong></span> <span class='ocrx_word' id='word_1_690' title='bbox 2501 4710 2572 4780; x_wconf 88' lang='grc' dir='ltr'><strong>μή</strong></span> <span class='ocrx_word' id='word_1_691' title='bbox 2612 4725 2697 4770; x_wconf 86' lang='grc' dir='ltr'><strong>τις</strong></span> <span class='ocrx_word' id='word_1_692' title='bbox 2733 4704 2894 4759; x_wconf 85' lang='grc' dir='ltr'>αὐτὸν</span> <span class='ocrx_word' id='word_1_693' title='bbox 2926 4702 3080 4772; x_wconf 71' lang='grc' dir='ltr'>ψιλὸν</span> <span class='ocrx_word' id='word_1_694' title='bbox 3121 4698 3381 4753; x_wconf 75' lang='grc' dir='ltr'>ὑπολάϐοι</span> <span class='ocrx_word' id='word_1_695' title='bbox 3419 4695 3588 4766; x_wconf 87' lang='grc' dir='ltr'>ἀνδρα</span> <span class='ocrx_word' id='word_1_696' title='bbox 3632 4693 3726 4746; x_wconf 75' lang='grc' dir='ltr'>καὶ</span> 
     </span>
    </p>
   </div>
   <div class='ocr_carea' id='block_1_91' title="bbox 461 4781 2091 4871">
    <p class='ocr_par' dir='ltr' id='par_1_91' title="bbox 461 4781 2045 4860">
     <span class='ocr_line' id='line_1_97' title="bbox 461 4781 2045 4860; baseline 0.008 -21"><span class='ocrx_word' id='word_1_697' title='bbox 461 4781 640 4853; x_wconf 83' lang='lat' dir='ltr'><strong>ipsum</strong></span> <span class='ocrx_word' id='word_1_698' title='bbox 674 4784 761 4840; x_wconf 92' lang='lat' dir='ltr'><strong>hic</strong></span> <span class='ocrx_word' id='word_1_699' title='bbox 793 4785 962 4842; x_wconf 90' lang='lat' dir='ltr'><strong>Deum</strong></span> <span class='ocrx_word' id='word_1_700' title='bbox 990 4791 1248 4860; x_wconf 62' lang='lat' dir='ltr'><strong>praedicat</strong></span> <span class='ocrx_word' id='word_1_701' title='bbox 1278 4791 1364 4847; x_wconf 89' lang='lat' dir='ltr'><strong>his</strong></span> <span class='ocrx_word' id='word_1_702' title='bbox 1392 4792 1575 4847; x_wconf 90' lang='lat' dir='ltr'><strong>verbis</strong></span> <span class='ocrx_word' id='word_1_703' title='bbox 1608 4811 1621 4847; x_wconf 88' lang='lat'>:</span> <span class='ocrx_word' id='word_1_704' title='bbox 1652 4792 1792 4848; x_wconf 88' lang='lat' dir='ltr'><strong>Deus</strong></span> <span class='ocrx_word' id='word_1_705' title='bbox 1822 4797 1964 4849; x_wconf 80' lang='lat' dir='ltr'><strong>stetit</strong></span> <span class='ocrx_word' id='word_1_706' title='bbox 1990 4798 2045 4851; x_wconf 87' lang='lat' dir='ltr'><strong>in</strong></span> 
     </span>
    </p>
   </div>
   <div class='ocr_carea' id='block_1_92' title="bbox 2097 4781 3727 4871">
    <p class='ocr_par' dir='ltr' id='par_1_92' title="bbox 2146 4787 3727 4871">
     <span class='ocr_line' id='line_1_98' title="bbox 2146 4787 3727 4871; baseline -0.012 -14"><span class='ocrx_word' id='word_1_707' title='bbox 2146 4806 2258 4867; x_wconf 87' lang='grc' dir='ltr'>τοῖς</span> <span class='ocrx_word' id='word_1_708' title='bbox 2288 4802 2501 4866; x_wconf 88' lang='grc' dir='ltr'>πολλοῖς</span> <span class='ocrx_word' id='word_1_709' title='bbox 2526 4802 2732 4871; x_wconf 85' lang='grc' dir='ltr'>ὅμοιον,</span> <span class='ocrx_word' id='word_1_710' title='bbox 2768 4797 3008 4865; x_wconf 88' lang='grc' dir='ltr'>θεολογεῖ</span> <span class='ocrx_word' id='word_1_711' title='bbox 3038 4794 3200 4849; x_wconf 74' lang='grc' dir='ltr'>αὐτὸν</span> <span class='ocrx_word' id='word_1_712' title='bbox 3240 4793 3298 4845; x_wconf 77' lang='grc' dir='ltr'>ὲν</span> <span class='ocrx_word' id='word_1_713' title='bbox 3325 4794 3436 4852; x_wconf 88' lang='grc' dir='ltr'>τοῖς</span> <span class='ocrx_word' id='word_1_714' title='bbox 3462 4787 3600 4861; x_wconf 87' lang='grc' dir='ltr'><strong>μετά</strong></span> <span class='ocrx_word' id='word_1_715' title='bbox 3623 4788 3727 4857; x_wconf 83' lang='grc' dir='ltr'>χεῖ-</span> 
     </span>
    </p>
   </div>
   <div class='ocr_carea' id='block_1_93' title="bbox 462 4878 2092 4970">
    <p class='ocr_par' dir='ltr' id='par_1_93' title="bbox 462 4878 2045 4970">
     <span class='ocr_line' id='line_1_99' title="bbox 462 4878 2045 4970; baseline 0.01 -41"><span class='ocrx_word' id='word_1_716' title='bbox 462 4892 735 4970; x_wconf 68' lang='lat' dir='ltr'><strong>sgnagoga</strong></span> <span class='ocrx_word' id='word_1_717' title='bbox 767 4878 985 4935; x_wconf 89' lang='lat' dir='ltr'><strong>deorum</strong></span> <span class='ocrx_word' id='word_1_718' title='bbox 1012 4883 1077 4936; x_wconf 76' lang='grc'><strong>⁸⁸.</strong></span> <span class='ocrx_word' id='word_1_719' title='bbox 1115 4883 1190 4955; x_wconf 85' lang='lat' dir='ltr'><strong>(l)</strong></span> <span class='ocrx_word' id='word_1_720' title='bbox 1222 4883 1298 4937; x_wconf 87' lang='lat' dir='ltr'><strong>Ae</strong></span> <span class='ocrx_word' id='word_1_721' title='bbox 1337 4901 1405 4939; x_wconf 91' lang='lat' dir='ltr'><strong>ne</strong></span> <span class='ocrx_word' id='word_1_722' title='bbox 1430 4885 1554 4955; x_wconf 90' lang='lat' dir='ltr'><strong>quis</strong></span> <span class='ocrx_word' id='word_1_723' title='bbox 1587 4886 1657 4940; x_wconf 90' lang='lat' dir='ltr'><strong>ob</strong></span> <span class='ocrx_word' id='word_1_724' title='bbox 1691 4889 2045 4959; x_wconf 70' lang='lat' dir='ltr'><strong>monarchiae,</strong></span> 
     </span>
    </p>
   </div>
   <div class='ocr_carea' id='block_1_94' title="bbox 2095 4878 3725 4970">
    <p class='ocr_par' dir='ltr' id='par_1_94' title="bbox 2151 4880 3725 4970">
     <span class='ocr_line' id='line_1_100' title="bbox 2151 4880 3725 4970; baseline -0.015 -16"><span class='ocrx_word' id='word_1_725' title='bbox 2151 4915 2249 4970; x_wconf 77' lang='grc' dir='ltr'><strong>ρας</strong></span> <span class='ocrx_word' id='word_1_726' title='bbox 2287 4898 2466 4967; x_wconf 88' lang='grc' dir='ltr'>φήσας</span> <span class='ocrx_word' id='word_1_727' title='bbox 2491 4909 2505 4923; x_wconf 85' lang='grc'>⁶</span> <span class='ocrx_word' id='word_1_728' title='bbox 2541 4896 2593 4947; x_wconf 85' lang='grc' dir='ltr'><em>Ὀ</em></span> <span class='ocrx_word' id='word_1_729' title='bbox 2622 4892 2767 4960; x_wconf 82' lang='grc' dir='ltr'>Θεὸς</span> <span class='ocrx_word' id='word_1_730' title='bbox 2790 4891 2939 4958; x_wconf 80' lang='grc' dir='ltr'>ἔστη</span> <span class='ocrx_word' id='word_1_731' title='bbox 2965 4891 3034 4943; x_wconf 75' lang='grc' dir='ltr'><strong>ἑν</strong></span> <span class='ocrx_word' id='word_1_732' title='bbox 3066 4882 3390 4956; x_wconf 73' lang='grc' dir='ltr'>συναγωγῇ</span> <span class='ocrx_word' id='word_1_733' title='bbox 3421 4881 3587 4937; x_wconf 79' lang='grc' dir='ltr'>θεῶν.</span> <span class='ocrx_word' id='word_1_734' title='bbox 3617 4880 3725 4933; x_wconf 78' lang='grc' dir='ltr'>Καὶ</span> 
     </span>
    </p>
   </div>
   <div class='ocr_carea' id='block_1_95' title="bbox 462 4969 2092 5059">
    <p class='ocr_par' dir='ltr' id='par_1_95' title="bbox 462 4969 2037 5046">
     <span class='ocr_line' id='line_1_101' title="bbox 462 4969 2037 5046; baseline 0.008 -21"><span class='ocrx_word' id='word_1_735' title='bbox 462 4969 577 5025; x_wconf 82' lang='lat' dir='ltr'><strong>sive</strong></span> <span class='ocrx_word' id='word_1_736' title='bbox 609 4971 771 5028; x_wconf 91' lang='lat' dir='ltr'><strong>unius</strong></span> <span class='ocrx_word' id='word_1_737' title='bbox 801 4973 1058 5046; x_wconf 89' lang='lat' dir='ltr'><strong>principii</strong></span> <span class='ocrx_word' id='word_1_738' title='bbox 1098 4977 1366 5033; x_wconf 90' lang='lat' dir='ltr'><strong>rationem</strong></span> <span class='ocrx_word' id='word_1_739' title='bbox 1398 4979 1731 5045; x_wconf 85' lang='lat' dir='ltr'><strong>turbaretur,</strong></span> <span class='ocrx_word' id='word_1_740' title='bbox 1757 4980 2037 5038; x_wconf 87' lang='lat' dir='ltr'><strong>Christum</strong></span> 
     </span>
    </p>
   </div>
   <div class='ocr_carea' id='block_1_96' title="bbox 2092 4969 3722 5059">
    <p class='ocr_par' dir='ltr' id='par_1_96' title="bbox 2145 4973 3722 5059">
     <span class='ocr_line' id='line_1_102' title="bbox 2145 4973 3722 5059; baseline -0.012 -17"><span class='ocrx_word' id='word_1_741' title='bbox 2145 4991 2292 5052; x_wconf 85' lang='grc' dir='ltr'>ὅπως</span> <span class='ocrx_word' id='word_1_742' title='bbox 2322 4986 2395 5059; x_wconf 87' lang='grc' dir='ltr'>μὴ</span> <span class='ocrx_word' id='word_1_743' title='bbox 2421 4985 2717 5058; x_wconf 86' lang='grc' dir='ltr'>ταραχθείη</span> <span class='ocrx_word' id='word_1_744' title='bbox 2743 5002 2827 5048; x_wconf 87' lang='grc' dir='ltr'><strong>τις</strong></span> <span class='ocrx_word' id='word_1_745' title='bbox 2859 4985 2938 5046; x_wconf 81' lang='grc' dir='ltr'><strong>εἰς</strong></span> <span class='ocrx_word' id='word_1_746' title='bbox 2963 4981 3054 5034; x_wconf 79' lang='grc' dir='ltr'><strong>τὸν</strong></span> <span class='ocrx_word' id='word_1_747' title='bbox 3078 4981 3203 5051; x_wconf 82' lang='grc' dir='ltr'><strong>περὶ</strong></span> <span class='ocrx_word' id='word_1_748' title='bbox 3228 4976 3524 5050; x_wconf 83' lang='grc' dir='ltr'>μοναρχίας</span> <span class='ocrx_word' id='word_1_749' title='bbox 3547 4973 3722 5040; x_wconf 85' lang='grc' dir='ltr'>λόγον,</span> 
     </span>
    </p>
   </div>
   <div class='ocr_carea' id='block_1_97' title="bbox 464 5060 2094 5147">
    <p class='ocr_par' dir='ltr' id='par_1_97' title="bbox 464 5060 2039 5141">
     <span class='ocr_line' id='line_1_103' title="bbox 464 5060 2039 5141; baseline 0.011 -27"><span class='ocrx_word' id='word_1_750' title='bbox 464 5060 559 5115; x_wconf 87' lang='lat' dir='ltr'><strong>Dei</strong></span> <span class='ocrx_word' id='word_1_751' title='bbox 610 5062 779 5119; x_wconf 88' lang='lat' dir='ltr'><strong>Deum</strong></span> <span class='ocrx_word' id='word_1_752' title='bbox 826 5082 950 5123; x_wconf 89' lang='lat' dir='ltr'><strong>esse</strong></span> <span class='ocrx_word' id='word_1_753' title='bbox 996 5068 1262 5134; x_wconf 86' lang='lat' dir='ltr'><strong>audiens;</strong></span> <span class='ocrx_word' id='word_1_754' title='bbox 1300 5079 1667 5141; x_wconf 89' lang='lat' dir='ltr'><strong>congruenter</strong></span> <span class='ocrx_word' id='word_1_755' title='bbox 1710 5072 1798 5128; x_wconf 91' lang='lat' dir='ltr'><strong>hic</strong></span> <span class='ocrx_word' id='word_1_756' title='bbox 1838 5076 2039 5132; x_wconf 87' lang='lat' dir='ltr'><strong>multos</strong></span> 
     </span>
    </p>
   </div>
   <div class='ocr_carea' id='block_1_98' title="bbox 2095 5060 3725 5147">
    <p class='ocr_par' dir='ltr' id='par_1_98' title="bbox 2145 5063 3725 5147">
     <span class='ocr_line' id='line_1_104' title="bbox 2145 5063 3725 5147; baseline -0.012 -13"><span class='ocrx_word' id='word_1_757' title='bbox 2145 5080 2276 5133; x_wconf 84' lang='grc' dir='ltr'>Θεὸν</span> <span class='ocrx_word' id='word_1_758' title='bbox 2333 5079 2546 5133; x_wconf 79' lang='grc' dir='ltr'>ἀκούων</span> <span class='ocrx_word' id='word_1_759' title='bbox 2595 5078 2686 5130; x_wconf 83' lang='grc' dir='ltr'><strong>τὸν</strong></span> <span class='ocrx_word' id='word_1_760' title='bbox 2735 5075 2969 5147; x_wconf 85' lang='grc' dir='ltr'>Χριστὸν</span> <span class='ocrx_word' id='word_1_761' title='bbox 3015 5073 3109 5126; x_wconf 83' lang='grc' dir='ltr'><strong>τοῦ</strong></span> <span class='ocrx_word' id='word_1_762' title='bbox 3162 5070 3318 5134; x_wconf 83' lang='grc' dir='ltr'>Θεοῦ,</span> <span class='ocrx_word' id='word_1_763' title='bbox 3366 5068 3588 5129; x_wconf 86' lang='grc' dir='ltr'>εἰκότως</span> <span class='ocrx_word' id='word_1_764' title='bbox 3632 5063 3725 5117; x_wconf 75' lang='grc' dir='ltr'>καὶ</span> 
     </span>
    </p>
   </div>
   <div class='ocr_carea' id='block_1_99' title="bbox 464 5153 2094 5238">
    <p class='ocr_par' dir='ltr' id='par_1_99' title="bbox 464 5153 2038 5234">
     <span class='ocr_line' id='line_1_105' title="bbox 464 5153 2038 5234; baseline 0.008 -25"><span class='ocrx_word' id='word_1_765' title='bbox 464 5153 598 5211; x_wconf 78' lang='lat' dir='ltr'><strong>deos</strong></span> <span class='ocrx_word' id='word_1_766' title='bbox 626 5159 872 5212; x_wconf 89' lang='lat' dir='ltr'><strong>nominat</strong></span> <span class='ocrx_word' id='word_1_767' title='bbox 904 5175 1000 5215; x_wconf 83' lang='lat' dir='ltr'><strong>eos</strong></span> <span class='ocrx_word' id='word_1_768' title='bbox 1040 5161 1134 5232; x_wconf 91' lang='lat' dir='ltr'><strong>qui</strong></span> <span class='ocrx_word' id='word_1_769' title='bbox 1164 5163 1268 5217; x_wconf 85' lang='lat' dir='ltr'><strong>sub</strong></span> <span class='ocrx_word' id='word_1_770' title='bbox 1306 5163 1420 5217; x_wconf 68' lang='lat' dir='ltr'><strong>luce</strong></span> <span class='ocrx_word' id='word_1_771' title='bbox 1456 5163 1798 5234; x_wconf 87' lang='lat' dir='ltr'><strong>ineusantur,</strong></span> <span class='ocrx_word' id='word_1_772' title='bbox 1826 5175 2038 5222; x_wconf 88' lang='lat' dir='ltr'><strong>tantum</strong></span> 
     </span>
    </p>
   </div>
   <div class='ocr_carea' id='block_1_100' title="bbox 2092 5153 3722 5238">
    <p class='ocr_par' dir='ltr' id='par_1_100' title="bbox 2146 5161 3722 5238">
     <span class='ocr_line' id='line_1_106' title="bbox 2146 5161 3722 5238; baseline -0.012 -12"><span class='ocrx_word' id='word_1_773' title='bbox 2146 5174 2396 5236; x_wconf 84' lang='grc' dir='ltr'>πλείονας</span> <span class='ocrx_word' id='word_1_774' title='bbox 2430 5172 2584 5234; x_wconf 82' lang='grc' dir='ltr'>θεοὺς</span> <span class='ocrx_word' id='word_1_775' title='bbox 2629 5168 2884 5238; x_wconf 77' lang='grc' dir='ltr'>ὀνομάζει</span> <span class='ocrx_word' id='word_1_776' title='bbox 2914 5167 3039 5229; x_wconf 75' lang='grc' dir='ltr'>τοὺς</span> <span class='ocrx_word' id='word_1_777' title='bbox 3070 5164 3159 5217; x_wconf 88' lang='grc' dir='ltr'><strong>διά</strong></span> <span class='ocrx_word' id='word_1_778' title='bbox 3186 5163 3294 5215; x_wconf 82' lang='grc' dir='ltr'><strong>τῶν</strong></span> <span class='ocrx_word' id='word_1_779' title='bbox 3328 5161 3453 5227; x_wconf 78' lang='grc' dir='ltr'>έξῆς</span> <span class='ocrx_word' id='word_1_780' title='bbox 3489 5173 3722 5225; x_wconf 83' lang='grc' dir='ltr'>κατηγο-</span> 
     </span>
    </p>
   </div>
   <div class='ocr_carea' id='block_1_101' title="bbox 464 5248 2094 5336">
    <p class='ocr_par' dir='ltr' id='par_1_101' title="bbox 464 5249 2036 5328">
     <span class='ocr_line' id='line_1_107' title="bbox 464 5249 2036 5328; baseline 0.01 -30"><span class='ocrx_word' id='word_1_781' title='bbox 464 5259 575 5299; x_wconf 90' lang='lat' dir='ltr'><strong>non</strong></span> <span class='ocrx_word' id='word_1_782' title='bbox 609 5249 931 5318; x_wconf 76' lang='lat' dir='ltr'><strong>przecipiens</strong></span> <span class='ocrx_word' id='word_1_783' title='bbox 952 5259 1013 5305; x_wconf 89' lang='lat' dir='ltr'><strong>ut</strong></span> <span class='ocrx_word' id='word_1_784' title='bbox 1044 5269 1112 5308; x_wconf 93' lang='lat' dir='ltr'><strong>ne</strong></span> <span class='ocrx_word' id='word_1_785' title='bbox 1136 5262 1458 5309; x_wconf 87' lang='lat' dir='ltr'><strong>cunctemur</strong></span> <span class='ocrx_word' id='word_1_786' title='bbox 1474 5253 1675 5310; x_wconf 88' lang='lat' dir='ltr'><strong>Filium</strong></span> <span class='ocrx_word' id='word_1_787' title='bbox 1698 5274 1915 5328; x_wconf 90' lang='lat' dir='ltr'><strong>quoque</strong></span> <span class='ocrx_word' id='word_1_788' title='bbox 1945 5258 2036 5313; x_wconf 92' lang='lat' dir='ltr'><strong>Dei</strong></span> 
     </span>
    </p>
   </div>
   <div class='ocr_carea' id='block_1_102' title="bbox 2095 5248 3725 5336">
    <p class='ocr_par' dir='ltr' id='par_1_102' title="bbox 2151 5248 3725 5336">
     <span class='ocr_line' id='line_1_108' title="bbox 2151 5248 3725 5336; baseline -0.013 -18"><span class='ocrx_word' id='word_1_789' title='bbox 2151 5264 2466 5336; x_wconf 86' lang='grc' dir='ltr'>ρουμένους,</span> <span class='ocrx_word' id='word_1_790' title='bbox 2504 5261 2784 5331; x_wconf 76' lang='grc' dir='ltr'>μονονουχὶ</span> <span class='ocrx_word' id='word_1_791' title='bbox 2816 5256 3323 5331; x_wconf 79' lang='grc' dir='ltr'>παρακελευόμενος</span> <span class='ocrx_word' id='word_1_792' title='bbox 3362 5252 3435 5323; x_wconf 80' lang='grc' dir='ltr'>μὴ</span> <span class='ocrx_word' id='word_1_793' title='bbox 3468 5248 3725 5302; x_wconf 84' lang='grc' dir='ltr'>ἀποκνεῖν</span> 
     </span>
    </p>
   </div>
   <div class='ocr_carea' id='block_1_103' title="bbox 465 5333 2095 5419">
    <p class='ocr_par' dir='ltr' id='par_1_103' title="bbox 465 5333 2042 5419">
     <span class='ocr_line' id='line_1_109' title="bbox 465 5333 2042 5419; baseline 0.01 -31"><span class='ocrx_word' id='word_1_794' title='bbox 465 5333 636 5390; x_wconf 91' lang='lat' dir='ltr'><strong>Deum</strong></span> <span class='ocrx_word' id='word_1_795' title='bbox 675 5354 891 5398; x_wconf 86' lang='lat' dir='ltr'><strong>vocare.</strong></span> <span class='ocrx_word' id='word_1_796' title='bbox 928 5342 985 5397; x_wconf 91' lang='lat' dir='ltr'><strong>Si</strong></span> <span class='ocrx_word' id='word_1_797' title='bbox 1029 5346 1173 5399; x_wconf 90' lang='lat' dir='ltr'><strong>enim</strong></span> <span class='ocrx_word' id='word_1_798' title='bbox 1218 5348 1396 5417; x_wconf 86' lang='lat' dir='ltr'><strong>gentis</strong></span> <span class='ocrx_word' id='word_1_799' title='bbox 1423 5348 1718 5419; x_wconf 90' lang='lat' dir='ltr'><strong>principes,</strong></span> <span class='ocrx_word' id='word_1_800' title='bbox 1759 5351 1852 5419; x_wconf 92' lang='lat' dir='ltr'><strong>qui</strong></span> <span class='ocrx_word' id='word_1_801' title='bbox 1902 5350 2042 5404; x_wconf 89' lang='lat' dir='ltr'><strong>male</strong></span> 
     </span>
    </p>
   </div>
   <div class='ocr_carea' id='block_1_104' title="bbox 2094 5333 3724 5419">
    <p class='ocr_par' dir='ltr' id='par_1_104' title="bbox 2148 5333 3724 5416">
     <span class='ocr_line' id='line_1_110' title="bbox 2148 5333 3724 5416; baseline -0.013 -6"><span class='ocrx_word' id='word_1_802' title='bbox 2148 5333 2354 5410; x_wconf 70' lang='grc' dir='ltr'>καὶτὸν</span> <span class='ocrx_word' id='word_1_803' title='bbox 2382 5355 2509 5409; x_wconf 83' lang='grc' dir='ltr'>Υἰὸν</span> <span class='ocrx_word' id='word_1_804' title='bbox 2541 5353 2677 5406; x_wconf 88' lang='grc' dir='ltr'>Θεοῦ</span> <span class='ocrx_word' id='word_1_805' title='bbox 2704 5352 2837 5406; x_wconf 83' lang='grc' dir='ltr'>Θεὸν</span> <span class='ocrx_word' id='word_1_806' title='bbox 2870 5349 3184 5404; x_wconf 84' lang='grc' dir='ltr'>ἀποκαλεῖν.</span> <span class='ocrx_word' id='word_1_807' title='bbox 3215 5348 3277 5401; x_wconf 83' lang='grc' dir='ltr'>Εἰ</span> <span class='ocrx_word' id='word_1_808' title='bbox 3308 5346 3415 5416; x_wconf 78' lang='grc' dir='ltr'><strong>γὰρ</strong></span> <span class='ocrx_word' id='word_1_809' title='bbox 3431 5345 3479 5397; x_wconf 83' lang='grc' dir='ltr'><strong>οἰ</strong></span> <span class='ocrx_word' id='word_1_810' title='bbox 3505 5340 3724 5394; x_wconf 76' lang='grc' dir='ltr'>διαϐαλ-</span> 
     </span>
    </p>
   </div>
   <div class='ocr_carea' id='block_1_105' title="bbox 464 5421 2094 5518">
    <p class='ocr_par' dir='ltr' id='par_1_105' title="bbox 464 5426 2038 5511">
     <span class='ocr_line' id='line_1_111' title="bbox 464 5426 2038 5511; baseline 0.008 -28"><span class='ocrx_word' id='word_1_811' title='bbox 464 5426 781 5497; x_wconf 77' lang='lat' dir='ltr'><strong>audiebant,</strong></span> <span class='ocrx_word' id='word_1_812' title='bbox 823 5431 915 5487; x_wconf 92' lang='lat' dir='ltr'><strong>Dei</strong></span> <span class='ocrx_word' id='word_1_813' title='bbox 946 5438 1166 5491; x_wconf 90' lang='lat' dir='ltr'><strong>nomine</strong></span> <span class='ocrx_word' id='word_1_814' title='bbox 1199 5437 1407 5509; x_wconf 81' lang='lat' dir='ltr'><strong>dignati</strong></span> <span class='ocrx_word' id='word_1_815' title='bbox 1455 5447 1606 5505; x_wconf 89' lang='lat' dir='ltr'><strong>sunt,</strong></span> <span class='ocrx_word' id='word_1_816' title='bbox 1639 5442 1803 5510; x_wconf 89' lang='lat' dir='ltr'><strong>quod.</strong></span> <span class='ocrx_word' id='word_1_817' title='bbox 1832 5457 2038 5511; x_wconf 79' lang='lat' dir='ltr'><strong>quaeso,</strong></span> 
     </span>
    </p>
   </div>
   <div class='ocr_carea' id='block_1_106' title="bbox 2096 5421 3726 5518">
    <p class='ocr_par' dir='ltr' id='par_1_106' title="bbox 2146 5421 3726 5518">
     <span class='ocr_line' id='line_1_112' title="bbox 2146 5421 3726 5518; baseline -0.012 -18"><span class='ocrx_word' id='word_1_818' title='bbox 2146 5447 2360 5518; x_wconf 84' lang='grc' dir='ltr'>λόμενοι</span> <span class='ocrx_word' id='word_1_819' title='bbox 2401 5445 2495 5498; x_wconf 87' lang='grc' dir='ltr'><strong>τοῦ</strong></span> <span class='ocrx_word' id='word_1_820' title='bbox 2530 5444 2716 5507; x_wconf 76' lang='grc' dir='ltr'>ἔθνους</span> <span class='ocrx_word' id='word_1_821' title='bbox 2748 5444 3005 5515; x_wconf 79' lang='grc' dir='ltr'>ἄρχοντες</span> <span class='ocrx_word' id='word_1_822' title='bbox 3043 5439 3154 5492; x_wconf 89' lang='grc' dir='ltr'><strong>θεοί</strong></span> <span class='ocrx_word' id='word_1_823' title='bbox 3195 5435 3503 5507; x_wconf 72' lang='grc' dir='ltr'>ἠξιώθησαν</span> <span class='ocrx_word' id='word_1_824' title='bbox 3528 5421 3726 5499; x_wconf 73' lang='grc' dir='ltr'>ὀνομῖι-</span> 
     </span>
    </p>
   </div>
   <div class='ocr_carea' id='block_1_107' title="bbox 464 5520 2094 5611">
    <p class='ocr_par' dir='ltr' id='par_1_107' title="bbox 464 5522 2040 5591">
     <span class='ocr_line' id='line_1_113' title="bbox 464 5522 2040 5591; baseline 0.01 -17"><span class='ocrx_word' id='word_1_825' title='bbox 464 5522 767 5591; x_wconf 87' lang='lat' dir='ltr'><strong>perieulum</strong></span> <span class='ocrx_word' id='word_1_826' title='bbox 800 5524 963 5583; x_wconf 81' lang='lat' dir='ltr'><strong>fuerit</strong></span> <span class='ocrx_word' id='word_1_827' title='bbox 1000 5530 1046 5583; x_wconf 90' lang='lat' dir='ltr'><strong>si</strong></span> <span class='ocrx_word' id='word_1_828' title='bbox 1075 5531 1252 5586; x_wconf 89' lang='lat' dir='ltr'><strong>virum</strong></span> <span class='ocrx_word' id='word_1_829' title='bbox 1270 5532 1506 5587; x_wconf 78' lang='lat' dir='ltr'><strong>dexterae</strong></span> <span class='ocrx_word' id='word_1_830' title='bbox 1527 5533 1621 5589; x_wconf 92' lang='lat' dir='ltr'><strong>Dei</strong></span> <span class='ocrx_word' id='word_1_831' title='bbox 1652 5542 1705 5589; x_wconf 93' lang='lat' dir='ltr'><strong>et</strong></span> <span class='ocrx_word' id='word_1_832' title='bbox 1725 5533 1919 5589; x_wconf 88' lang='lat' dir='ltr'><strong>Filium</strong></span> <span class='ocrx_word' id='word_1_833' title='bbox 1939 5535 2040 5590; x_wconf 90' lang='lat' dir='ltr'><strong>ho-</strong></span> 
     </span>
    </p>
   </div>
   <div class='ocr_carea' id='block_1_108' title="bbox 2095 5520 3725 5611">
    <p class='ocr_par' dir='ltr' id='par_1_108' title="bbox 2148 5520 3725 5611">
     <span class='ocr_line' id='line_1_114' title="bbox 2148 5520 3725 5611; baseline -0.015 -17"><span class='ocrx_word' id='word_1_834' title='bbox 2148 5540 2361 5611; x_wconf 84' lang='grc' dir='ltr'>σθῆναι,</span> <span class='ocrx_word' id='word_1_835' title='bbox 2402 5540 2550 5600; x_wconf 88' lang='grc' dir='ltr'>ποῖος</span> <span class='ocrx_word' id='word_1_836' title='bbox 2579 5536 2645 5590; x_wconf 83' lang='grc' dir='ltr'>ἂν</span> <span class='ocrx_word' id='word_1_837' title='bbox 2672 5535 2881 5604; x_wconf 82' lang='grc' dir='ltr'>γένοιτο</span> <span class='ocrx_word' id='word_1_838' title='bbox 2915 5533 3159 5594; x_wconf 88' lang='grc' dir='ltr'>κίνδυνος</span> <span class='ocrx_word' id='word_1_839' title='bbox 3196 5529 3285 5581; x_wconf 83' lang='grc' dir='ltr'><strong>τὸν</strong></span> <span class='ocrx_word' id='word_1_840' title='bbox 3314 5526 3482 5597; x_wconf 84' lang='grc' dir='ltr'>ἄνδρα</span> <span class='ocrx_word' id='word_1_841' title='bbox 3519 5523 3617 5592; x_wconf 84' lang='grc' dir='ltr'>τῆς</span> <span class='ocrx_word' id='word_1_842' title='bbox 3641 5520 3725 5572; x_wconf 77' lang='grc' dir='ltr'>δε-</span> 
     </span>
    </p>
   </div>
   <div class='ocr_carea' id='block_1_109' title="bbox 462 5610 2092 5699">
    <p class='ocr_par' dir='ltr' id='par_1_109' title="bbox 462 5612 2038 5689">
     <span class='ocr_line' id='line_1_115' title="bbox 462 5612 2038 5689; baseline 0.013 -24"><span class='ocrx_word' id='word_1_843' title='bbox 462 5612 629 5672; x_wconf 83' lang='lat' dir='ltr'><strong>minis</strong></span> <span class='ocrx_word' id='word_1_844' title='bbox 667 5616 1070 5689; x_wconf 76' lang='lat' dir='ltr'><strong>confirmatum,</strong></span> <span class='ocrx_word' id='word_1_845' title='bbox 1106 5622 1275 5677; x_wconf 90' lang='lat' dir='ltr'><strong>Deum</strong></span> <span class='ocrx_word' id='word_1_846' title='bbox 1323 5623 1631 5681; x_wconf 82' lang='lat' dir='ltr'><strong>fateamur?</strong></span> <span class='ocrx_word' id='word_1_847' title='bbox 1672 5626 1878 5683; x_wconf 91' lang='lat' dir='ltr'><strong>Deinde</strong></span> <span class='ocrx_word' id='word_1_848' title='bbox 1909 5644 2038 5685; x_wconf 91' lang='lat' dir='ltr'><strong>vero</strong></span> 
     </span>
    </p>
   </div>
   <div class='ocr_carea' id='block_1_110' title="bbox 2093 5610 3723 5699">
    <p class='ocr_par' dir='ltr' id='par_1_110' title="bbox 2148 5610 3723 5699">
     <span class='ocr_line' id='line_1_116' title="bbox 2148 5610 3723 5699; baseline -0.016 -10"><span class='ocrx_word' id='word_1_849' title='bbox 2294 5632 2387 5687; x_wconf 83' lang='grc' dir='ltr'><strong>τοῦ</strong></span> <span class='ocrx_word' id='word_1_850' title='bbox 2417 5629 2551 5687; x_wconf 82' lang='grc' dir='ltr'>Θεοῦ</span> <span class='ocrx_word' id='word_1_851' title='bbox 2578 5629 2671 5684; x_wconf 72' lang='grc' dir='ltr'>καὶ</span> <span class='ocrx_word' id='word_1_852' title='bbox 2698 5627 2789 5682; x_wconf 76' lang='grc' dir='ltr'>τὸν</span> <span class='ocrx_word' id='word_1_853' title='bbox 2821 5627 2949 5681; x_wconf 81' lang='grc' dir='ltr'>Υἰὺν</span> <span class='ocrx_word' id='word_1_854' title='bbox 2976 5624 3070 5679; x_wconf 87' lang='grc' dir='ltr'><strong>τοῦ</strong></span> <span class='ocrx_word' id='word_1_855' title='bbox 3098 5618 3383 5695; x_wconf 78' lang='grc' dir='ltr'>ἀνθρώπου</span> <span class='ocrx_word' id='word_1_856' title='bbox 3411 5616 3500 5671; x_wconf 69' lang='grc' dir='ltr'>τὶν</span> <span class='ocrx_word' id='word_1_857' title='bbox 3530 5629 3723 5684; x_wconf 58' lang='grc' dir='ltr'>κεκρί-</span> 
     </span>
    </p>
   </div>
   <div class='ocr_carea' id='block_1_111' title="bbox 537 5727 2083 5811">
    <p class='ocr_par' dir='ltr' id='par_1_111' title="bbox 537 5727 2083 5811">
     <span class='ocr_line' id='line_1_117' title="bbox 537 5727 2083 5811; baseline 0.012 -29"><span class='ocrx_word' id='word_1_858' title='bbox 537 5729 581 5761; x_wconf 82' lang='grc'><strong>⁸⁷</strong></span> <span class='ocrx_word' id='word_1_859' title='bbox 611 5727 756 5786; x_wconf 85' lang='lat' dir='ltr'><strong>Psal.</strong></span> <span class='ocrx_word' id='word_1_860' title='bbox 798 5746 963 5798; x_wconf 76' lang='lat' dir='ltr'><strong>Lux,</strong></span> <span class='ocrx_word' id='word_1_861' title='bbox 1001 5735 1053 5789; x_wconf 82' lang='lat' dir='ltr'><strong>l.</strong></span> <span class='ocrx_word' id='word_1_862' title='bbox 1130 5736 1174 5768; x_wconf 75' lang='grc'><strong>³³</strong></span> <span class='ocrx_word' id='word_1_863' title='bbox 1208 5736 1311 5791; x_wconf 87' lang='lat' dir='ltr'><strong>lsa.</strong></span> <span class='ocrx_word' id='word_1_864' title='bbox 1350 5755 1403 5801; x_wconf 91' lang='lat' dir='ltr'><strong>v,</strong></span> <span class='ocrx_word' id='word_1_865' title='bbox 1432 5738 1485 5793; x_wconf 71' lang='lat'><strong>2.</strong></span> <span class='ocrx_word' id='word_1_866' title='bbox 1563 5740 1608 5773; x_wconf 68' lang='grc'><strong>⁸³</strong></span> <span class='ocrx_word' id='word_1_867' title='bbox 1636 5739 1781 5797; x_wconf 82' lang='lat' dir='ltr'><strong>Psal.</strong></span> <span class='ocrx_word' id='word_1_868' title='bbox 1816 5756 2002 5811; x_wconf 72' lang='lat' dir='ltr'><strong>LXXXI,</strong></span> <span class='ocrx_word' id='word_1_869' title='bbox 2032 5743 2083 5800; x_wconf 80' lang='lat' dir='ltr'><strong>l.</strong></span> 
     </span>
    </p>
   </div>
   <div class='ocr_carea' id='block_1_112' title="bbox 540 5840 1493 5910">
    <p class='ocr_par' dir='ltr' id='par_1_112' title="bbox 540 5840 1493 5910">
     <span class='ocr_line' id='line_1_118' title="bbox 540 5840 1493 5910; baseline 0.006 -11"><span class='ocrx_word' id='word_1_870' title='bbox 540 5840 618 5910; x_wconf 69' lang='grc' dir='ltr'><strong>ει)</strong></span> <span class='ocrx_word' id='word_1_871' title='bbox 652 5842 727 5902; x_wconf 89' lang='lat' dir='ltr'><strong>De</strong></span> <span class='ocrx_word' id='word_1_872' title='bbox 754 5846 1066 5902; x_wconf 82' lang='lat' dir='ltr'><strong>monarchia</strong></span> <span class='ocrx_word' id='word_1_873' title='bbox 1103 5848 1222 5905; x_wconf 69' lang='lat' dir='ltr'><strong>vide</strong></span> <span class='ocrx_word' id='word_1_874' title='bbox 1250 5848 1303 5908; x_wconf 81' lang='lat' dir='ltr'><strong>in</strong></span> <span class='ocrx_word' id='word_1_875' title='bbox 1336 5850 1493 5907; x_wconf 73' lang='lat' dir='ltr'><strong>Praef.</strong></span> 
     </span>
    </p>
   </div>
  </div>
