4128 6392
400 386 507 447 833

1534 388 2050 447 COMMENTARIA
2089 389 2156 446 IN
2195 388 2541 447 PSALMOS.

3573 392 3680 450 83d

396 506 698 577 ταιωμένον
725 504 857 558 Θεὸν
888 505 1209 575 όμολογείν;
1244 499 1359 559 Εἶτ’
1400 506 1494 559 ἐπὶ
1534 506 1678 559 τέλει
1709 507 1804 561 τοῦ
1852 525 1976 561 παν-

2092 505 2147 560 ἰιι
2184 504 2292 561 ﬁne
2319 505 2519 576 psalmi
2548 503 2851 559 orationem
2884 501 3153 574 Propheta
3185 502 3391 574 profert
3418 519 3517 575 pro
3548 522 3680 578 gen-

397 599 486 661 τὸς
543 599 569 650 ό
623 596 918 667 Προφήτης
970 595 1136 667 εὐχὴν
1185 595 1500 665 ἀναπέμπει
1546 596 1687 668 ὺπέρ
1728 597 1828 666 τῆς
1879 595 1986 649 τῶν

397 687 566 744 ἐθνῶν
600 686 846 758 κλήσεως
884 685 1108 755 φάσκων
1131 701 1145 715 ⁸
1189 684 1461 749 Ἀνάστα,
1492 688 1525 738 ό
1566 685 1731 752 Θεὸς,
1779 687 1987 755 κρῖνον

395 780 512 849 τὴν
535 778 674 849 r177,
703 777 792 831 ὅτι
825 777 907 831 σὺ
929 777 1561 847 κατακληρονομήσεις
1587 779 1658 831 ἐν
1685 776 1835 833 πᾶσι
1862 777 1987 844 τοῖς

401 874 661 929 ἔθνεσιν.
695 872 880 925 Ἕοικε
913 871 970 924 δὲ
1000 870 1175 942 τούτῳ
1200 871 1491 935 ἀκόλουθος
1519 867 1656 925 εἶναι
1680 874 1708 924 ὁ
1742 870 1827 944 μθ¹
1855 872 1987 942 ψαλ-

399 966 519 1039 μὸς,
570 967 629 1019 ἐν
676 958 721 1032 ᾧ
762 965 858 1017 καὶ
900 963 1049 1034 αὐτῷ
1082 963 1335 1017 λέλεκτο·
1382 964 1529 1031 Θεὸς
1569 963 1723 1019 θεῶν
1768 966 1986 1033 Κύριος

394 1058 683 1126 ἐλάλησε.
733 1058 845 1111 Καὶ
889 1058 947 1111 ἐν
980 1057 1309 1128 ἀμφοτέροις
1347 1057 1390 1110 δ’
1421 1053 1515 1110 οὖν
1548 1056 1683 1121 Θεὸς
1710 1056 1849 1110 θεῶν
1873 1060 1986 1110 είσ-

395 1145 587 1216 ἦκται·
625 1145 722 1199 καὶ
770 1144 932 1199 πάλιν
965 1145 1023 1197 ἐν
1061 1145 1394 1217 ἀμφοτέροις
1436 1147 1638 1218 κρίνων
1674 1149 1985 1221 ἀναγέγρα-

397 1255 549 1293 πται,
586 1238 696 1290 Καὶ
731 1239 789 1291 ἐν
826 1237 923 1308 μὲν
958 1236 1039 1307 τῷ
1072 1239 1300 1309 παρόντι
1334 1238 1603 1294 λέλεκται·
1646 1240 1918 1306 Ἀνάστα,
1952 1245 1985 1297 d

398 1330 564 1396 Θεὸς,
592 1330 801 1399 κρῖνον
828 1331 943 1399 τὴν
962 1331 1102 1400 γῆν,
1127 1330 1215 1384 ὅτι
1241 1331 1323 1384 σὺ
1350 1334 1985 1404 κατακληρονομήσεις

395 1424 465 1476 ἐν
500 1422 652 1478 πᾶσι
677 1422 803 1489 τοῖς
838 1424 1082 1477 ἔθνεσιν
1105 1440 1118 1453 ⁸
1146 1425 1204 1476 ἐν
1227 1423 1285 1476 δὲ
1318 1423 1395 1495 τῷ
1433 1423 1519 1495 μθ¹
1544 1426 1749 1498 σφόδρα
1774 1428 1984 1491 τούτοις

395 1515 702 1579 ἀκολούθως
731 1517 878 1580 ὅπως
906 1516 1145 1580 ἀναστάς
1182 1517 1357 1589 κρίνει
1397 1518 1497 1590 τὴν
1529 1521 1629 1588 γῆν
1676 1521 1983 1592 ὑπογράφει

394 1610 423 1661 ὁ
471 1608 628 1677 λόγος
650 1609 875 1678 φάσκων
895 1626 908 1639 ⁸
943 1609 1088 1675 Θεὸς
1132 1608 1284 1663 θεῶν
1310 1611 1528 1679 Κύριος
1565 1612 1851 1681 ἐλάλησε,
1884 1614 1983 1667 καὶ

392 1702 656 1757 ἐκάλεσε
714 1699 831 1770 τὴν
882 1700 999 1772 γῆν
1044 1701 1161 1755 ἀπὸ
1214 1702 1527 1757 ἀνατολῶν
1580 1704 1760 1771 ἡλίου
1806 1705 1984 1775 μέχρι

394 1794 670 1865 δυσμῶν·
708 1796 802 1849 καὶ
828 1794 955 1866 ἑξῆς
976 1811 989 1824 ⁸
1036 1796 1088 1847 '0
1119 1795 1263 1861 Θεὸς
1287 1795 1567 1865 ἐμφανῶς
1593 1796 1748 1865 ἣξει,
1780 1799 1876 1851 καὶ
1911 1801 1983 1853 οὐ

2090 600 2228 657 tium
2285 600 2594 664 vocatione,
2646 598 2836 653 dicens
2869 616 2882 651 :
2910 594 3101 667 Surge,
3136 595 3299 659 Deus,
3331 596 3523 663 judica
3574 609 3682 654 ter-

2090 708 2228 756 ram,
2266 693 2520 761 quoniam
2552 702 2610 745 tu
2644 690 2985 745 Iuvreditabis
3034 691 3091 744 in
3139 688 3382 745 omnibus
3412 692 3678 761 gentibus.

2097 781 2322 840 Videtur
2378 785 2509 839 huic
2550 786 2762 856 psalmo
2793 784 3253 856 quadragesimus
3282 799 3465 840 nonus
3502 785 3680 843 allinis

2087 894 2231 944 esse,
2264 882 2318 935 in
2353 897 2464 951 quo
2497 882 2661 935 etiam
2693 880 2978 937 dicebatur
3010 899 3023 935 :
3054 879 3197 935 Deus
3230 880 3452 933 deorum
3485 879 3681 935 Domi-

2088 988 2187 1027 nus
2234 972 2439 1026 locutus
2484 982 2563 1026 est
2587 974 2632 1005 9°
2662 991 2674 1026 :
2705 989 2828 1026 nam
2880 974 2936 1026 in
2991 980 3223 1043 utroque
3260 970 3404 1029 Deus
3449 971 3678 1028 deorum

2093 1065 2412 1129 inducitur;
2442 1080 2775 1136 rursumque
2804 1065 2857 1119 in
2892 1066 3160 1119 ambobus
3187 1064 3441 1135 judicare
3478 1065 3679 1119 scribi-

2088 1169 2208 1225 tur;
2238 1158 2293 1212 in
2316 1158 2575 1227 praesenti
2597 1158 2797 1228 quippe
2821 1158 3022 1211 dicitur
3045 1176 3058 1213 :
3086 1156 3273 1228 Surge,
3300 1156 3467 1222 Deus,
3488 1158 3679 1229 judica

2088 1264 2312 1317 terram,
2336 1253 2586 1323 quoniam
2615 1262 2669 1306 tu
2692 1252 3029 1306 Imreditabis
3057 1252 3112 1305 in
3137 1251 3380 1305 omnibus
3405 1252 3676 1323 gentibus;

2085 1348 2140 1402 in
2182 1344 2609 1416 quadragesimo
2659 1354 2842 1400 autem
2890 1360 3058 1408 nono,
3108 1344 3268 1399 valde
3305 1353 3677 1401 consentanea

2088 1439 2215 1493 huic
2245 1437 2481 1500 ratione,
2518 1452 2628 1508 quo
2652 1445 2812 1507 pacto
2845 1451 3076 1504 surgens
3105 1436 3313 1505 iudicet
3346 1444 3549 1490 terram
3582 1437 3678 1491 de-

2085 1530 2350 1585 scribitur
2382 1529 2466 1583 his
2488 1528 2668 1583 verbis
2699 1546 2711 1581 :
2746 1526 2887 1580 Deus
2919 1528 3139 1581 deorum
3168 1525 3433 1581 Dominus
3469 1527 3675 1581 locutus

2084 1632 2183 1683 est,
2224 1629 2274 1674 et
2310 1620 2509 1675 vocavit
2555 1629 2755 1673 terram
2800 1636 2831 1672 a
2882 1618 3012 1672 solis
3058 1628 3178 1672 ortu
3212 1635 3372 1690 usque
3414 1618 3484 1672 ad
3525 1636 3675 1674 occa-

2084 1730 2202 1768 sum
2226 1714 2271 1745 ⁹¹
2298 1731 2311 1775 ;
2346 1728 2409 1767 ac
2446 1712 2707 1783 deinceps
2738 1731 2751 1767 :
2777 1711 2919 1765 Deus
2968 1710 3247 1781 manifeste
3270 1712 3455 1775 ueniet,
3491 1722 3541 1765 et
3573 1727 3675 1766 non

2084 1805 2280 1860 silebit.
2315 1804 2461 1875 Ignis
2496 1806 2551 1858 in
2583 1812 2862 1873 conspectu
2891 1803 3006 1873 ejus
3045 1802 3353 1858 exardescet
3378 1805 3446 1869 ν’,
3478 1811 3532 1859 et
3565 1818 3676 1858 caa-

394 1887 946 1959 παρασιωπήσετιιι.
962 1886 1089 1955 Πῦρ
1108 1885 1364 1940 ἐνώπιον
1378 1887 1565 1941 αὑτοῦ
1590 1886 1976 1953 καυθήσεται,

2086 1905 2241 1951 tera:
2275 1872 2435 1967 queis
2483 1872 2761 1965 quomodo
2798 1872 3152 1965 judicaturus
3198 1895 3272 1949 sit
3312 1902 3556 1951 enarrat.
3611 1893 3677 1951 Et

393 1981 490 2034 καὶ
517 1978 584 2033 τὰ
615 1978 769 2050 ἑξῆς·
803 1978 869 2031 δι’
898 1971 972 2031 ὦν
1001 1978 1148 2040 ὅπως
1177 1977 1359 2048 μέλλει
1391 1978 1597 2049 κρίνειν
1624 1978 1981 2049 διεξέρχεται.

392 2074 505 2128 Καὶ
534 2072 833 2146 ἐπειδήπερ
868 2074 926 2125 ἐν
953 2072 1030 2143 τῷ
1058 2071 1193 2144 μετά
1227 2075 1416 2145 χεῖρας
1442 2072 1708 2126 λέλεκται·
1744 2075 1872 2127 Ὅτι
1899 2074 1982 2129 σὺ

393 2166 1028 2237 κατακληρονομήσεις
1066 2166 1137 2220 ἐν
1174 2165 1326 2220 πᾶσι
1366 2165 1489 2232 τοῖς
1521 2167 1795 2221 ἔθνεσιν·
1834 2168 1981 2222 εικό-

392 2276 502 2323 τως
534 2261 591 2312 ἐν
620 2258 700 2330 τῷ
753 2258 839 2330 μθ’
869 2260 997 2322 τοὺς
1040 2257 1190 2330 παρά
1219 2258 1444 2311 Μωῡσεῖ
1474 2259 1603 2329 περὶ
1628 2259 1982 2314 θυσιῶν’ἀνα-

393 2349 587 2421 τρέπει
631 2349 850 2419 νόμους,
897 2349 1083 2423 ἓτερον
1127 2347 1329 2419 τρόπον
1378 2349 1708 2420 παραδιδοὺς
1757 2348 1983 2419 λογικῆς

393 2441 605 2506 θυσίας,
640 2442 731 2496 τὸν
771 2442 895 2497 καθ’
934 2441 1066 2514 ὅλης
1106 2442 1204 2514 τῆς
1248 2440 1579 2513 οἰκουμένης
1606 2444 1675 2495 -ἐν
1700 2443 1835 2495 πᾶσι
1869 2446 1983 2507 τοῖς

394 2534 606 2589 ἔθνεσιν
637 2534 1055 2607 ἐπιτελούμενον
1078 2552 1092 2564 ⁸
1130 2534 1198 2588 δι’
1241 2533 1271 2587 ὃ
1296 2533 1573 2587 λέλεκται·
1609 2534 1732 2589 Ὅτι
1768 2534 1851 2589 σὺ
1878 2552 1983 2590 κα-

390 2627 943 2699 τακληρονομήσεις
964 2629 1035 2682 ἐν
1059 2624 1213 2684 πᾶσι
1239 2626 1365 2693 τοῖς
1387 2626 1655 2681 ἔθνεσιν.

1137 2743 1240 2796 IA'.

474 2836 533 2888 Ὀ
562 2835 753 2906 παρὼν
781 2834 960 2905 λόγος,
996 2834 1305 2900 τελευταῖος
1334 2834 1409 2889 ὢν
1433 2833 1528 2888 τοῦ
1571 2835 1764 2905 Ἀσάφ,
1793 2836 1978 2906 ἱκετη-

397 2928 520 3002 ρίαν
544 2930 788 3000 περιέχει
819 2929 914 2983 καὶ
941 2929 1286 3001 παράκλησιν
1319 2929 1460 3002 ὑπὲρ
1496 2929 1591 2983 τοῦ
1620 2928 1752 2983 λαοῦ
1790 2929 1978 3001 σφόδρ’

392 3020 718 3085 ἀκολούθως.
764 3021 981 3093 Ἐπειδὴ
1029 3021 1138 3094 γὰρ
1184 3024 1241 3075 ἐν
1281 3024 1393 3087 τοῖς
1438 3020 1677 3091 πρώτοις
1722 3020 1977 3074 ἐθέσπισε

390 3113 487 3187 τὴν
532 3114 765 3187 ἐσχάτην
796 3114 889 3168 τοῦ
922 3112 1087 3167 τόπου
1128 3113 1467 3185 πολιορκίαν,
1504 3110 1602 3167 εἶτ’
1645 3113 1976 3185 ἀναδραμὼν

391 3206 468 3276 τῷ
488 3206 664 3276 χρόνῳ
697 3205 955 3277 δευτέραν
977 3205 1076 3275 τὴν
1106 3206 1195 3257 ὑπ’
1231 3204 1501 3275 Ἀντιόχου
1531 3204 1833 3276 γενομένην
1855 3203 1978 3257 ἕτα-

392 3298 503 3365 ξεν,
545 3292 641 3350 εἶτ’
686 3298 778 3350 ἐπὶ
818 3298 1020 3368 ταύτης
1044 3296 1234 3369 τρίτης
1271 3296 1645 3368 ἐμνημόνευσε
1673 3296 1772 3366 τῆς
1802 3311 1974 3368 προα-

390 3389 594 3462 γούσης
624 3394 737 3454 τοῖς
769 3385 1007 3462 χρόνοις,
1033 3390 1177 3459 λέγω
1217 3390 1273 3442 δὲ
1314 3389 1412 3459 τῆς
1459 3389 1597 3443 κατὰ
1640 3387 1750 3443 τῶν
1784 3389 1975 3441 Ἀσσυ-

393 3482 522 3555 ρίων
550 3482 641 3535 καὶ
664 3482 1016 3536 Βαϐυλωνίων
1046 3482 1220 3554 ἀρχῆς
1240 3498 1252 3511 ⁸
1278 3480 1585 3544 ἀκολούθως
1609 3480 1697 3535 διὰ
1718 3478 1824 3534 τῶν
1849 3497 1976 3550 προ-

387 3575 654 3647 κειμένων
695 3575 879 3647 δέησιν
908 3576 1001 3629 καὶ
1034 3575 1314 3646 ἱκετηρίαν
1348 3574 1661 3645 ἀναπέμπει
1694 3573 1833 3645 ὑπὲρ
1875 3572 1975 3643 τῆς

384 3672 497 3733 τοῖς
526 3669 740 3741 χρόνοις
770 3668 994 3741 πρώτης
1033 3667 1365 3739 πολιορκίας,
1415 3666 1537 3719 καθ’
1577 3666 1644 3736 ἣν
1680 3667 1882 3729 πάντες
1924 3666 1973 3717 οἱ

390 3761 657 3833 περίοικοι
701 3760 803 3831 τῆς
841 3761 1099 3823 Ἰουδαίας
1137 3758 1317 3824 δεξιὰς
1357 3761 1469 3822 τοῖς
1502 3757 1807 3830 Ἀσσυρίοις
1850 3760 1970 3811 κατ’

386 3853 565 3906 αὐτῶν
606 3852 836 3925 ὠρέξαν.
873 3855 938 3906 Ὃ
961 3853 1023 3925 δὴ
1063 3852 1316 3924 σημαίνει
1361 3851 1534 3919 λέγων
1569 3867 1582 3880 ⁸
1624 3850 1701 3904 Τὰ
1738 3849 1974 3919 σκηνώ-

379 3962 538 4016 ματα
580 3944 699 3997 τῶν
744 3944 1081 4014 Ἰδουμαίων
1128 3943 1226 3997 καὶ
1272 3946 1327 3997 οἱ
1367 3941 1750 4012 Ἰσμαηλῖται,
1794 3943 1977 3997 Μωὰό
2020 3964 2028 3974 ·

384 4037 481 4090 καὶ
509 4040 563 4090 οί
598 4036 921 4106 Ἀγαρηνοὶ,
951 4036 1147 4089 Γεϐὰλ
1170 4036 1265 4089 καὶ
1304 4035 1529 4105 Ἀμμὼν
1553 4035 1652 4089 καὶ
1690 4036 1968 4105 Ἀμαλὴκ,

384 4129 723 4198 ἀλλόφυλοι
766 4129 917 4197 μετά
954 4126 1073 4180 τῶν
1117 4128 1557 4181 κατοικούντων
1600 4129 1809 4196 Τύρον.
1858 4129 1971 4182 Kal

383 4220 493 4291 γὰρ
550 4220 647 4273 καὶ
719 4219 971 4289 Ἀσσοὺρ
1020 4218 1507 4289 συμπαρεγένετο
1563 4220 1691 4289 μετ’
1749 4219 1966 4285 αὐτῶν,

382 4312 761 4382 ἐγενήθησαν
815 4314 902 4378 είς
944 4311 1271 4381 ἀντίληψιν
1317 4314 1441 4379 τοῖς
1472 4312 1627 4379 υἱοῖς
1673 4313 1822 4367 Λώτ.
1873 4309 1968 4377 Οἷς

383 4407 511 4477 ἑξῆς
539 4407 599 4460 τὸ
626 4404 1071 4477 καταληψόμενον
1099 4405 1296 4469 αὐτοὺς
1342 4405 1649 4476 ὑπογράφει
1686 4404 1835 4468 τέλος
1861 4405 1966 4475 φά-

383 4520 558 4557 σκων·
603 4503 655 4555 Ὁ
703 4505 847 4568 Θεός
887 4519 1027 4571 μου,
1072 4499 1179 4555 θοῦ
1224 4500 1443 4566 αὐτοὺς
1497 4501 1576 4566 ὡς
1618 4501 1850 4569 τροχὸν,
1888 4502 1968 4566 ὡς

2082 1990 2210 2060 quia
2239 1990 2295 2043 in
2328 1989 2585 2059 praesenti
2615 1988 2825 2042 dictum
2857 1996 2943 2043 est
2968 1987 3269 2053 :Quoniam
3305 1996 3362 2041 tu
3390 1988 3676 2042 Ita'redila-

2083 2083 2162 2137 bis
2203 2083 2261 2136 in
2309 2081 2554 2136 omnibus
2597 2078 2875 2151 gentibus;
2925 2087 3235 2150 opportune
3267 2080 3322 2133 in
3367 2080 3677 2152 quadrage-

2083 2175 2224 2230 simo
2271 2189 2442 2241 nono,
2495 2172 2698 2243 Moysis
2754 2172 2823 2229 de
2870 2172 3169 2228 sacriﬁciis
3218 2173 3365 2243 leges
3423 2172 3672 2243 abrogat,

2082 2268 2363 2337 aliumque
2402 2266 2747 2321 rationabilis
2797 2264 3054 2321 sacriﬁcii
3085 2265 3252 2321 ritum
3294 2265 3482 2332 tradit,
3523 2267 3673 2337 quod

2083 2377 2183 2433 per
2214 2368 2390 2416 totum
2431 2359 2621 2415 orbem
2652 2359 2708 2414 in
2737 2358 2997 2414 omnibus
3027 2359 3285 2430 gentibus
3315 2360 3669 2430 persolvitur.

2082 2454 2262 2521 Quare
2291 2453 2500 2509 dictum
2543 2460 2670 2509 est:
2707 2452 2973 2520 Quoniam
3010 2461 3065 2506 tu
3089 2451 3433 2509 hwreditabis
3473 2454 3530 2509 in
3561 2469 3676 2510 om-

2082 2546 2236 2603 nibus
2269 2545 2533 2618 gentibus.

2821 2741 2917 2798 XI.

2154 2836 2256 2892 Hic
2280 2850 2461 2893 sermo
2489 2835 2584 2907 qui
2615 2844 2929 2907 postremus
2961 2835 3166 2907 Asaphi
3187 2836 3234 2870 "
3262 2844 3369 2903 est,
3389 2836 3666 2909 supplica-

2080 2931 2288 2986 tionem
2320 2945 2385 2985 ac
2409 2929 2853 3000 deprecationem
2885 2945 2985 2999 pro
3014 2931 3220 3001 populo
3246 2930 3545 2986 admodum
3572 2947 3676 3004 op-

2080 3028 2318 3093 portune
2347 3020 2752 3091 complectitur.
2780 3019 2919 3086 Quia
2949 3022 3096 3075 enim
3138 3022 3197 3076 in
3226 3021 3422 3092 primis
3453 3028 3671 3092 postre-

2080 3127 2227 3167 mam
2270 3112 2374 3167 loci
2416 3111 2762 3168 obsidionem
2811 3112 3242 3178 vaticinabatur,
3297 3114 3495 3169 deinde
3539 3129 3673 3169 vero

2082 3206 2262 3278 quoad
2303 3214 2519 3278 tempus
2564 3215 2963 3278 retrogressus,
3021 3208 3322 3264 secundam
3368 3210 3553 3281 posuit
3601 3209 3673 3268 ab

2074 3299 2355 3355 Antiocho
2389 3299 2593 3354 illatam
2639 3300 2872 3365 cladem,
2918 3316 2983 3356 ac
3032 3302 3136 3357 sub
3186 3302 3303 3358 haec
3345 3302 3513 3358 tertio
3547 3303 3671 3359 loco

2075 3392 2261 3463 posuit
2318 3406 2438 3446 eam
2492 3406 2616 3461 quae
2668 3398 2913 3461 tempore
2971 3394 3359 3462 prazcurrebat,
3413 3393 3670 3451 videlicet

2075 3499 2198 3555 quae
2232 3483 2337 3539 sub
2366 3483 2597 3554 imperio
2635 3481 2987 3555 Assyriorum
3023 3492 3077 3539 et
3115 3484 3540 3556 Babyloniorum
3575 3501 3669 3541 ac-

2075 3576 2243 3644 cidit;
2274 3583 2679 3646 consequenter
2708 3575 2765 3631 in
2800 3576 3057 3646 praesenti
3087 3578 3546 3648 supplicationem
3578 3578 3666 3634 of-

2073 3666 2201 3733 fert,
2229 3682 2329 3737 pro
2369 3667 2657 3723 obsidione
2681 3683 2804 3739 quae
2830 3676 3076 3739 tempore
3114 3672 3268 3738 prior
3294 3681 3435 3733 erat,
3470 3671 3526 3725 in
3558 3687 3668 3742 qua

2074 3775 2268 3817 omnes
2305 3759 2509 3816 Judagae
2540 3760 2759 3815 ﬁnitimi
2791 3760 3048 3816 dexteras
3097 3775 3230 3815 suas
3279 3760 3524 3832 Assyriis
3572 3761 3668 3818 ad-

2072 3869 2292 3910 versum
2330 3854 2455 3909 illos
2483 3862 2864 3924 porrexerunt.
2899 3854 3057 3920 Quod
3084 3853 3172 3909 his
3207 3852 3490 3924 signiﬁcat
3520 3873 3535 3910 :
3565 3852 3667 3909 Ta-

2073 3944 2364 3999 bornacula
2394 3944 2759 4000 Idumworum
2799 3954 2851 4001 et
2891 3945 3207 4014 Ismaelitw,
3239 3944 3401 4000 Moab
3437 3954 3488 4001 et
3517 3945 3665 4017 Aga-

2070 4038 2207 4098 reni,
2246 4036 2411 4091 Gebal
2456 4046 2505 4092 et
2537 4038 2767 4091 Ammon
2804 4045 2855 4091 et
2903 4038 3146 4100 Amalec,
3193 4037 3508 4108 alienigenae
3544 4054 3664 4092 cum

2069 4127 2435 4182 habitantibus
2475 4127 2694 4199 Tyrum.
2733 4126 2944 4181 Etenim
2985 4128 3159 4181 Assur
3199 4128 3337 4181 venit
3378 4143 3498 4180 cum
3527 4128 3662 4191 illis,

2071 4218 2203 4289 facti
2248 4226 2373 4272 sunt
2424 4222 2478 4272 in
2522 4215 2853 4287 aa'jutorium
2890 4217 3019 4286 ﬁliis
3053 4216 3177 4272 Lat.
3217 4216 3430 4283 Quibus
3460 4216 3664 4272 deinde

2070 4312 2232 4366 ﬁnem
2266 4326 2375 4382 quo
2420 4311 2727 4382 excipiendi
2778 4316 2908 4366 sunt
2960 4308 3229 4366 describit
3261 4309 3452 4366 dicens
3482 4329 3494 4365 :
3520 4308 3662 4364 Deus

2067 4421 2236 4469 meus,
2266 4420 2400 4473 pone
2439 4404 2561 4457 illos
2609 4413 2665 4457 ut
2701 4414 2898 4467 rotam,
2949 4404 3086 4456 sicut
3119 4402 3374 4471 stipulam
3414 4409 3534 4455 ante
3574 4401 3661 4471 fa-

2068 4497 2199 4549 ciem
2250 4496 2408 4560 uenti,
2452 4497 2588 4550 sicut
2629 4497 2765 4566 ignis
2813 4495 2903 4566 qui
2946 4494 3216 4549 comburet
3264 4493 3479 4558 silvam,
3524 4493 3660 4548 sicut

382 4594 662 4663 καλάμην
701 4593 851 4646 κατὰ
897 4592 1223 4662 πρόσωπον
1271 4590 1518 4660 ἀνέμου,
1577 4592 1719 4646 ὡσεὶ
1772 4592 1891 4660 πῦρ
1932 4592 1963 4645 ὃ

2078 4590 2292 4658 ﬂamma
2317 4588 2583 4644 comburat
2626 4597 2850 4658 montes,
2882 4596 2937 4644 et
2977 4588 3209 4658 reliqua.
3241 4584 3379 4641 Cum
3423 4584 3531 4639 huc
3568 4598 3659 4638 au-

378 4685 689 4755 διαφλέξει
733 4685 980 4755 δρυμὸν,
1027 4683 1169 4737 ὡσεί
1220 4682 1380 4752 φλὸξ
1432 4684 1793 4738 κατακαύσει
1830 4683 1959 4752 ὄρη,

379 4779 473 4832 καὶ
523 4777 593 4832 τά
640 4776 1033 4848 ἐπιφερόμενα.
1085 4775 1256 4829 Ἔνθα
1306 4775 1593 4845 γενόμενος
1652 4776 1964 4843 ἀναγκαίως

378 4871 750 4942 ἐπιτηρήσεις,
786 4870 861 4933 ὡς
894 4869 1027 4921 ὅπου
1076 4866 1349 4939 μέμνηται
1395 4864 1490 4920 τοῦ
1534 4867 1787 4939 Ἀσσοὺρ,
1819 4861 1963 4920 οὗτοι

378 4961 434 5015 δέ
477 4958 617 5034 ἦσαν
650 4963 699 5015 οί
742 4960 1037 5033 Ἀσσύριοι,
1068 4960 1162 5013 καὶ
1202 4959 1310 5012 τῶν
1354 4957 1761 5031 προλεχθέντων
1794 4956 1963 5011 ἐθνῶν

378 5054 476 5125 τὴν
517 5055 635 5108 κατ’
677 5054 856 5107 αὐτῶν
902 5054 1133 5106 ποιεῖται
1165 5051 1367 5125 δέησιν,
1414 5051 1507 5105 καὶ
1539 5050 1636 5122 τὴν
1666 5067 1965 5121 καταστρο-

381 5150 487 5219 φὴν
516 5147 695 5201 αὐτῶν
727 5146 854 5217 ἑξῆς
896 5143 1169 5209 θεσπίζει·
1209 5145 1302 5198 καὶ
1343 5146 1401 5198 ἐν
1439 5142 1517 5215 τῷ
1547 5141 1626 5214 οη⁹
1653 5144 1873 5214 ὁμοίως,
1905 5143 1963 5197 ἐν

379 5234 425 5308 ᾧ
450 5242 519 5294 τὰ
540 5241 680 5295 κατά
711 5240 978 5309 Ἀντίοχον
1012 5237 1402 5311 προανεφώνει,
1426 5237 1485 5300 ὃς
1518 5234 1846 5309 Ἐλληνίζειν
1867 5237 1965 5289 καὶ

382 5334 742 5405 παραϐαίνειν
769 5332 839 5386 τὰ
863 5314 1065 5402 πάτρια
1095 5330 1405 5401 ἠνάγκαζεν
1441 5331 1744 5395 Ἰουδαίους.
1792 5330 1961 5384 Πάλιν

379 5426 489 5496 γὰρ
524 5428 686 5479 κάκεῖ
710 5426 809 5496 τὴν
844 5424 1237 5495 καταστροφὴν
1276 5423 1385 5476 τῶν
1421 5423 1693 5494 πολεμίων
1731 5421 1964 5495 προῠλε-

378 5535 495 5586 γεν.
528 5519 725 5571 Οὐκέτι
756 5518 814 5571 δὲ
843 5519 937 5571 καὶ
976 5519 1034 5571 ἐν
1071 5518 1150 5589 τῷ
1187 5523 1286 5585 ογ¹,
1318 5516 1440 5569 καθ’
1466 5515 1525 5571 ὃν
1558 5518 1592 5589 ή
1627 5515 1830 5587 ἐσχάτη
1868 5516 1966 5568 αὑ-

378 5610 487 5664 τῶν
512 5610 765 5681 ἐδηλοῦτο
793 5610 1055 5682 ἀποϐολή.

452 5697 612 5757 Οὗτοι
643 5706 741 5776 μὲν
769 5701 861 5761 οὖν
894 5708 942 5760 οί
975 5705 1309 5777 συνημμένοι
1345 5704 1437 5756 τοῦ
1477 5703 1645 5756 ’Λσὰφ
1681 5709 1767 5755 ια’.
1814 5702 1872 5754 Ὀ
1902 5701 1957 5754 δὲ

2070 4690 2182 4737 tem
2212 4681 2498 4738 deveneris
2541 4682 2797 4747 observa,
2830 4697 3041 4752 quaso,
3076 4696 3200 4736 eum
3230 4678 3324 4734 ubi
3367 4678 3518 4734 illius
3554 4678 3659 4734 As-

2074 4792 2172 4832 sur
2216 4775 2467 4832 meminit
2496 4774 2681 4846 (erant
2713 4783 2896 4831 autem
2927 4774 2965 4829 il
2987 4772 3244 4845 Assyrii),
3280 4787 3496 4827 necnon
3519 4786 3658 4842 pra:-

2071 4869 2346 4923 dictarum
2400 4868 2682 4938 gentium,
2735 4865 3188 4938 supplicationem
3249 4864 3515 4922 adversus
3561 4879 3656 4920 eos

2071 4962 2343 5027 emittere,
2375 4977 2439 5015 ac
2460 4961 2658 5016 exinde
2686 4959 2989 5015 infaustum
3020 4956 3337 5013 eorumdem
3372 4956 3533 5011 ﬁnem
3562 4971 3656 5011 va-

2071 5052 2293 5107 ticinari
2328 5072 2340 5106 :
2369 5050 2516 5122 quod
2541 5052 2732 5107 itidem
2768 5051 2825 5105 in
2858 5066 3068 5105 Lxxvm
3099 5047 3371 5120 praestitit,
3404 5047 3497 5102 ubi
3526 5047 3654 5103 item

2070 5160 2192 5215 quae
2229 5145 2483 5200 Antiochi
2513 5154 2757 5216 tempore
2803 5144 3125 5199 acciderunt
3164 5140 3519 5213 praenuntiat,
3557 5139 3653 5211 qui

2070 5235 2289 5292 Iudaeos
2318 5235 2581 5306 compulit
2618 5241 2679 5289 ut
2708 5232 3021 5288 Graecorum
3052 5231 3215 5285 ritum
3255 5230 3641 5292 observarent,

2070 5337 2435 5400 paternasque
2462 5328 2609 5398 leges
2630 5324 3167 5395 transgrederentur.
3203 5320 3339 5375 Nam
3373 5321 3485 5375 illic
3511 5336 3652 5392 quo-

2070 5438 2177 5492 que
2213 5420 2491 5476 infelicem
2531 5419 2880 5474 inimicorum
2922 5417 3081 5470 ﬁnem
3115 5413 3386 5487 praedixit.
3424 5410 3496 5465 At
3542 5428 3651 5467 non

2070 5515 2125 5569 in
2156 5530 2356 5579 Lxxm,
2412 5511 2506 5567 ubi
2545 5518 2822 5583 postrema
2853 5506 3166 5564 Iudaeorum
3201 5505 3436 5579 abjectio
3462 5503 3651 5560 decis-

2071 5616 2243 5662 ratur.
3630 5594 3633 5601 λ

2141 5700 2201 5755 lli
2263 5701 2429 5772 igitur
2476 5699 2678 5771 Asaphi
2738 5712 2967 5755 numero
3031 5695 3306 5763 undecim,
3367 5689 3647 5764 conjuncti

444 5862 488 5892 ⁹⁰
518 5859 665 5917 Psal.
708 5876 856 5928 XLIX,
886 5862 936 5915 i.
1014 5863 1055 5895 "
1091 5861 1221 5917 ibid.
1250 5862 1293 5895 "
1328 5859 1462 5915 ibid.
1488 5860 1539 5915 5.
1645 5859 1689 5890 ”
1719 5856 1865 5912 Psal.
1900 5870 2107 5919 Luxu,
2139 5855 2190 5909 i.
