4128 6392
501 375 608 432 833

1193 375 1454 432 EUSEBII
1491 373 1969 432 CESARIENSIS
2007 375 2155 432 OPP.
2197 377 2376 432 PARS
2413 377 2500 433 Ill.
2541 406 2609 418 —
2647 376 3059 437 EXEGETICA.

3661 383 3770 438 836

501 497 650 547 sunt.
688 487 1055 546 Duodecimus
1088 505 1215 544 vero
1244 498 1370 545 ante
1406 491 1677 560 psalmum
1713 506 1744 545 ι.
1770 491 2060 548 collocatus

2177 492 2241 546 ιϐ’
2266 493 2371 564 πρὸ
2393 492 2484 545 τοῦ
2513 499 2554 545 v’
2565 492 2780 563 ψαλμοῦ
2794 494 3195 547 κατατέτακται
3227 494 3295 548 δι’
3320 494 3386 566 ἢν
3417 473 3768 551 ἁποδεδώκαλ-

500 589 604 645 est,
639 580 710 634 ob
735 595 956 633 causam
998 594 1161 648 quam
1195 580 1348 632 illum
1377 581 1716 648 explicantes
1764 581 2072 635 attulimus.

501 670 700 726 Verum
731 683 854 740 post
886 671 988 724 hoc
1019 671 1424 742 compendium,
1461 671 1698 741 primum
1742 682 2073 742 repetentes,

497 764 616 834 ejus
650 764 974 818 sententiam
1001 763 1308 816 minutatim
1342 764 1771 832 explorabimus.

795 877 847 930 l.‘
893 875 1219 932 PSALMUS
1257 876 1502 932 ASAPH.
1546 877 1757 934 LXXII.

575 968 732 1024 v’sns.
771 970 883 1023 1-5.
929 970 1103 1035 Quam
1139 969 1304 1024 bonus
1341 970 1514 1024 Israel
1544 971 1685 1025 Deus
1728 972 1792 1024 iis
1824 972 1914 1041 qui
1946 969 2076 1025 recti

495 1073 616 1116 sunt
642 1062 832 1115 corde!
860 1061 1043 1116 Tertia
1081 1077 1207 1132 pars
1235 1063 1358 1116 libri
1389 1061 1729 1117 Psalmorum
1763 1078 1792 1116 a
1824 1063 2074 1132 prmsenti

496 1154 704 1223 incipit,
739 1164 792 1207 et
821 1156 876 1207 in
908 1169 1148 1207 Lxxxvm
1183 1154 1406 1216 desinit,
1445 1155 1517 1207 ita
1563 1163 1624 1210 ut
1659 1155 1900 1224 psalmos
1933 1170 2076 1209 com-

495 1246 766 1316 plectatur
821 1245 1238 1314 septemdecim,
1285 1261 1519 1314 quorum
1574 1247 1826 1299 undecim
1879 1261 2076 1301 conse-

493 1345 726 1407 quenter
759 1338 932 1406 ipsius
956 1337 1136 1406 Asaph
1169 1345 1296 1392 sunt
1325 1357 1337 1392 :
1368 1339 1492 1390 hinc
1516 1337 1748 1391 ﬁliorum
1775 1339 1914 1392 Core
1939 1354 2076 1408 qua-

495 1437 644 1492 tuor,
672 1428 892 1484 Davidis
935 1445 1096 1493 unus,
1145 1442 1564 1500 postremusque
1614 1430 1857 1483 omnium
1898 1429 2074 1484 Ethan

493 1519 783 1576 Esdraitaa.
818 1520 918 1575 Hic
938 1539 1065 1576 vero
1095 1538 1255 1592 quem
1289 1530 1588 1576 tractamus
1616 1520 1815 1590 Asaphi
1846 1528 1952 1584 est,
1980 1521 2073 1590 qui

494 1614 760 1682 propheta
807 1611 993 1666 Davidi
1035 1621 1345 1667 coaetaneus
1395 1622 1513 1667 erat
1549 1630 1563 1665 :
1596 1611 1946 1681 Psalmusque
1989 1611 2075 1663 in-

497 1703 794 1768 scribitur;
849 1703 977 1772 quia
1023 1703 1088 1757 ad
1131 1704 1334 1758 calcem
1393 1719 1516 1756 cum
1565 1703 1857 1772 impiorum
1893 1701 2075 1756 infau-

496 1804 638 1850 stum
665 1794 892 1856 exitum,
934 1801 1046 1847 tum
1080 1797 1292 1864 piorum
1321 1795 1376 1847 in
1403 1791 1513 1848 Deo
1552 1793 1896 1848 reconditum
1928 1793 2072 1863 opti-

494 1901 642 1940 mum
685 1885 842 1939 linem
878 1886 1279 1955 complectitur.
1316 1887 1447 1951 Quae
1475 1885 1562 1940 his
1604 1886 1888 1940 declarat:
1929 1885 2069 1952 Quia

492 1992 608 2030 ecce
641 1978 729 2044 qui
753 1974 996 2045 elongant
1029 1993 1082 2029 se
1127 1993 1156 2028 a
1193 1986 1240 2029 te
1267 1975 1530 2040 peribunt,
1572 1975 1850 2042 perdidisti
1891 1993 2068 2030 omnes

491 2069 581 2138 qui
601 2068 934 2136 fornicamur
959 2067 1050 2120 abs
1079 2076 1144 2120 te.
1176 2067 1311 2120 Mihi
1343 2077 1517 2120 autem
1543 2067 1811 2121 adhaerere
1839 2067 1946 2120 Deo
1978 2067 2068 2122 bo-

493 2175 616 2213 num
658 2169 753 2214 est.
801 2160 906 2212 Init
957 2169 1139 2213 autem
1183 2175 1212 2213 a
1255 2159 1524 2213 doctrina:
1561 2161 1867 2229 przecept'is,
1913 2161 2068 2228 queis

490 2252 784 2322 impiorum
817 2253 882 2307 ad
920 2253 1194 2323 quoddam
1228 2262 1440 2323 tempus
1486 2252 1766 2308 felicitatis
1796 2256 2067 2308 rationem

490 2343 647 2399 aﬂ'ert
679 2364 690 2399 :
726 2345 954 2413 hujusce
995 2347 1196 2414 quippe
1240 2345 1318 2399 rei
1364 2360 1588 2401 causam
1617 2361 1737 2400 esse
1788 2347 1884 2409 ait,
1920 2347 2066 2416 quod

486 2433 634 2492 Deus
682 2437 860 2492 bonus
925 2437 1248 2507 patiensque
1299 2437 1389 2490 sit.
1437 2436 1680 2506 ldipsum
1731 2451 1862 2492 sane
1909 2438 2067 2492 docet

488 2526 709 2582 divinus
734 2527 1028 2596 Apostolus
1059 2527 1250 2581 dicens
1283 2546 1294 2580 :
1329 2528 1644 2580 Andivm'as
1678 2525 1927 2581 bonitatis
1951 2528 2065 2597 ejus

487 2630 534 2673 ct
569 2617 990 2688 longanimitatis
1021 2619 1332 2682 contemnis,
1365 2619 1616 2688 ignorans
1655 2625 1792 2689 quod
1835 2619 2062 2675 clemen-

491 2713 566 2766 tia
602 2713 699 2766 Dei
743 2713 810 2766 ad
862 2713 1220 2780 paenitentiam
1260 2722 1307 2766 te
1353 2711 1568 2766 adducit
1587 2714 1673 2767 "‘i
1726 2723 1780 2768 et
1825 2715 1956 2770 alibi
1989 2715 2068 2769 di-

488 2815 636 2859 ctum
668 2812 752 2859 est
778 2824 790 2859 :
829 2804 967 2859 Deus
985 2804 1152 2873 judex
1176 2805 1380 2873 justus,
1410 2806 1576 2858 bonus
1601 2816 1649 2859 et
1677 2807 1904 2873 patiens,
1930 2823 2066 2859 nun-

487 2895 615 2966 quid
654 2896 908 2949 irascitur
956 2910 1048 2964 per
1096 2896 1334 2965 singulos
1376 2896 1486 2950 dies
1509 2897 1594 2950 "'3
1637 2896 1834 2968 Utpote
1887 2899 2064 2954 bonus

488 2989 676 3059 igitur,
712 2988 888 3044 Solent
927 3006 1081 3043 suum
1121 2990 1252 3042 oriri
1278 2989 1408 3058 facit
1435 3006 1590 3058 super
1621 2991 1797 3058 justas
1831 3001 1882 3045 et
1922 2993 2065 3061 inju-

487 3091 618 3145 stas,
642 3090 690 3135 et
718 3081 850 3148 pluit
879 3095 1032 3148 super
1061 3083 1229 3134 malos
1261 3091 1310 3134 et
1337 3081 1498 3135 bonos
1520 3083 1587 3137 ⁸⁸.
1617 3081 1771 3137 Unde
1805 3081 2063 3138 Servator

2179 600 2277 654 μεν
2308 584 2488 636 αἰτίαν
2511 587 2636 648 τοὺς
2657 586 2859 648 τόπους
2881 585 3248 657 διηγούμενοι.
3295 588 3454 640 Ἀλλὰ
3478 589 3586 661 γὰρ
3625 591 3764 660 μετὰ

2176 679 2274 750 τὴν
2289 678 2494 730 τούτων
2516 679 2781 749 ἐπιτομὴν
2797 679 2916 751 φέρ’
2932 680 3363 744 ἐπαναλαϐόντες
3394 681 3501 735 ’τὸν
3523 688 3760 754 πρῶτον,

2175 770 2272 841 τὴν
2317 771 2458 823 κατά
2493 771 2658 841 μέρος
2688 772 2852 822 αὑτοῦ
2887 771 3126 824 διάνοιαν
3169 771 3660 843 ἐπιθεωρήσωμεν.

2571 888 2860 939 ΨΑΛΜΟΣ
2893 886 2980 956 Τῼ
3013 887 3206 938 ΑΣΑΦ.
3249 887 3368 939 OB'.

2259 977 2352 1043 Ὡς
2388 977 2607 1046 ἀγαθὸς
2638 977 2718 1042 τῷ
2752 978 2988 1046 Ἰσραὴλ
3037 981 3068 1030 ό
3094 977 3258 1043 Θεὸς,
3285 978 3410 1043 τοῖς
3443 978 3647 1032 εὐθέσι
3684 980 3762 1048 τῇ

2177 1071 2429 1139 καρδίᾳ]
2460 1070 2532 1122 Τὸ
2581 1071 2761 1140 τρίτον
2815 1071 2979 1142 μέρος
3012 1070 3112 1139 τῆς
3164 1071 3342 1140 βίῦλου
3383 1071 3491 1124 τῶν
3517 1073 3760 1143 Ψαλμῶν

2176 1162 2401 1233 ἄρχεται
2430 1163 2526 1232 μὲν
2550 1163 2657 1216 ἀπὸ
2681 1162 2775 1216 τοῦ
2819 1163 3103 1233 παρόντος,
3135 1163 3454 1233 περαιοῦται
3479 1164 3534 1216 δέ
3561 1167 3638 1228 εἰς
3667 1165 3758 1218 τὸν

2177 1261 2288 1324 ﬁni,
2341 1253 2415 1317 ὡς
2458 1256 2584 1316 τοὺς
2621 1255 2828 1317 πάντας
2880 1256 3152 1326 περιέχειν
3194 1255 3440 1324 ψαλμοὺς
3479 1256 3618 1307 ἑπτὰ
3661 1257 3758 1308 καὶ

2174 1345 2304 1399 δέκα
2326 1360 2339 1374 ⁸
2372 1340 2446 1400 ὧν
2477 1346 2672 1418 ἐφεξῆς
2706 1354 2772 1399 ια’
2797 1348 3121 1416 τυγχάνουσι
3148 1347 3242 1399 τοῦ
3276 1347 3445 1416 Ἀσάφ
3467 1365 3480 1378 ·
3506 1343 3626 1400 εἶτα
3649 1347 3757 1400 τῶν

2177 1438 2308 1490 υἱῶν
2367 1437 2511 1508 Κορὲ
2553 1439 2616 1499 δ’,
2669 1436 2892 1490 καὶτοῦ
2950 1437 3112 1489 Δαυῖδ
3163 1432 3263 1500 εἷς,
3321 1438 3414 1491 καὶ
3475 1438 3636 1494 Αίθάν
3660 1438 3756 1492 τοῦ

2187 1529 2499 1602 Ἐσδραίτου
2546 1529 2873 1592 τελευταῖος.
2915 1529 2973 1581 '0
3020 1530 3201 1599 μέντοι
3245 1531 3382 1600 μετὰ
3427 1534 3615 1601 χεῖρας
3658 1529 3753 1584 τοῦ

2187 1622 2358 1690 Ἀσάφ
2384 1621 2687 1695 (προφήτης
2707 1618 2847 1693 δὲῆν
2873 1617 3026 1684 οὗτος
3050 1623 3406 1694 συγχρονίσας
3429 1621 3506 1692 τῷ
3547 1623 3752 1694 Δαυῒδ),

2181 1713 2427 1783 Ψαλμὸς
2469 1715 2566 1783 μὲν
2595 1714 3022 1784 ἐπιγέγραπται,
3048 1713 3135 1765 διὰ
3159 1714 3218 1765 τὸ
3249 1714 3517 1784 περιέχειν
3547 1715 3643 1766 ἐπὶ
3668 1711 3754 1769 τέ·

2173 1801 2254 1854 λει
2283 1802 2391 1855 τῶν
2433 1802 2606 1869 λόγων
2650 1801 2760 1854 τῶν
2805 1802 2904 1872 μὲν
2944 1801 3167 1854 ἀσεϐῶν
3202 1801 3301 1873 τὴν
3346 1805 3748 1875 καταστροφὴν,

2171 1892 2279 1945 τῶν
2304 1893 2348 1946 δ’
2380 1892 2617 1945 εὐσεϐῶν
2645 1892 2705 1945 τὸ
2739 1893 2890 1963 παρά
2913 1891 2991 1962 τῷ
3013 1891 3132 1962 Θεῷ
3164 1893 3588 1962 τεταμιευμένον
3615 1896 3752 1961 ἀγα-

2172 1981 2262 2034 θὸν
2295 1982 2479 2044 τέλος·
2522 1981 2557 2034 ἃ
2601 1980 2665 2051 δὴ
2718 1983 2956 2052 παρίστη
2988 1981 3189 2051 λέγων’
3225 1984 3344 2035 Ὅτι
3391 1983 3518 2037 ἰδοὺ
3559 1987 3612 2037 οἱ
3647 2001 3753 2053 μα-

2170 2074 2492 2141 κρύνοντες
2523 2073 2777 2139 ἑαυτοὺς
2813 2073 2931 2126 ἀπὸ
2974 2073 3089 2126 (τοῦ
3116 2074 3500 2135 ἀπολοῦνται,
3527 2075 3749 2138 ἐξωλό-

2169 2166 2431 2229 θρευσας
2473 2163 2670 2218 πάντα
2715 2164 2822 2216 τὸν
2859 2165 3228 2229 πορνεύων-τα
3262 2165 3377 2217 ἀπὸ
3417 2165 3552 2219 σοῦ.
3593 2167 3746 2236 Ἐμοὶ

2169 2254 2236 2307 δὲ
2257 2255 2322 2306 τὸ
2358 2253 2856 2321 προσκολλᾶσθαι
2887 2254 2966 2320 τῷ
2998 2254 3119 2320 Θεῷ
3147 2256 3369 2325 ἀγαθόν
3391 2257 3562 2309 ἐστιν
3587 2274 3601 2287 ο
3645 2258 3746 2325 ἄρ-

2167 2366 2320 2418 χεται
2351 2348 2394 2400 δ’
2441 2347 2550 2399 ἀπὸ
2593 2347 2930 2417 δογματικῆς
2971 2346 3337 2412 διδασκαλίας,
3365 2347 3434 2400 δι’
3472 2344 3542 2420 ἧς
3569 2348 3747 2401 αἰτίαν

2167 2439 2456 2492 ἀποδίδωσι
2495 2439 2595 2508 τῆς
2635 2439 2744 2491 τῶν
2775 2438 2987 2492 ἀσεϐῶν
3035 2441 3174 2492 κατά
3216 2456 3366 2502 τινας
3401 2441 3624 2510 καιροὺς
3655 2441 3744 2493 εὐέ-

2156 2531 2433 2600 ’πραγίας·
2467 2531 2527 2584 τὸ
2563 2531 2670 2601 γάρ
2702 2531 2906 2599 ἀγαθὸν
2946 2528 3083 2584 εἶναι
3125 2532 3219 2584 καὶ
3263 2531 3614 2602 μακρόθυμον
3653 2532 3745 2585 τὸν

2165 2623 2316 2684 θεὸν,
2356 2622 2511 2676 τοῦτό
2556 2641 2718 2694 φησιν
2754 2623 3015 2695 ὑπάρχειν
3061 2625 3247 2676 αἴτιον.
3286 2626 3350 2676 Ὃ
3395 2623 3458 2694 δὴ
3503 2623 3743 2677 διδάσκει

2167 2717 2258 2768 καὶ
2283 2718 2312 2767 ὁ
2345 2715 2487 2777 θεῖος
2532 2712 2849 2774 Ἀπόστολος
2874 2712 3046 2779 λέγων
3069 2728 3083 2742 ·
3118 2713 3186 2767 Ἦ
3209 2712 3309 2765 τοῦ
3346 2714 3610 2766 πλούτου
3635 2711 3744 2781 τῆς

2164 2809 2576 2874 χρηστότητος
2604 2802 2792 2857 αὑτοῦ
2837 2801 2935 2854 καὶ
2975 2800 3086 2869 τῆς
3125 2803 3532 2870 μακροθυμίας
3573 2818 3746 2856 κατα-

2164 2897 2421 2965 φρονεῖς,
2462 2894 2714 2966 ἀγνοῶν,
2759 2896 2848 2948 ὅτι
2882 2894 2946 2948 τὸ
2998 2895 3270 2964 χρηστὸν
3310 2894 3416 2947 τοῦ
3470 2894 3618 2949 Θεοῦ
3655 2897 3741 2961 εις

2158 2985 2480 3056 μετάνοιάν
2518 3001 2589 3039 σε
2628 2986 2788 3055 ἄγεις
2855 2987 2948 3039 καὶ
2993 2986 3226 3056 ἀλλαχοῦ
3277 2990 3334 3038 ὸέ
3387 2985 3633 3058 εἴρηται·
3679 2987 3740 3039 Ὁ

2167 3080 2311 3143 Θεὸς
2346 3077 2550 3148 κριτὴς
2585 3078 2814 3144 δίκαιος
2855 3078 2952 3131 καὶ
2979 3080 3194 3147 ἀγαθὸς
3230 3079 3323 3131 καὶ
3361 3080 3741 3147 μακρόΰυμος

487 3173 630 3226 hanc
681 3173 1006 3227 sententiam
1051 3171 1118 3226 de
1165 3171 1325 3226 Patre
1373 3173 1601 3243 protulit
1639 3191 1652 3228 :
1690 3172 1859 3227 Nemo
1895 3173 2059 3227 bonus

2162 3167 2244 3236 μὴ
2276 3167 2460 3236 ὀργὴν
2493 3166 2730 3237 ἐπάγων
2761 3169 2887 3222 καθ’
2914 3167 3181 3233 ἑκάστην
3199 3166 3428 3236 ἡμέραν
3499 3167 3583 3229 Ὠς
3605 3170 3738 3236 ἀγιι-

485 3265 591 3320 nisi
625 3281 760 3318 unus
795 3263 934 3318 Deus
965 3264 1029 3320 ’⁷.
1081 3263 1238 3330 Quod
1289 3263 1336 3318 si
1378 3263 1445 3318 de
1487 3263 1628 3318 Filio
1679 3265 2055 3334 perquisieris,

481 3351 793 3421 comperies
829 3366 936 3421 qua
965 3351 1181 3406 ratione
1210 3362 1264 3407 et
1294 3353 1410 3422 ipse
1441 3354 1622 3408 bonus
1652 3355 1760 3418 sit;
1792 3355 1920 3423 quia
1952 3355 2061 3409 sci-

483 3440 612 3494 licet
650 3440 908 3510 splendor
948 3448 1032 3495 est
1075 3441 1214 3494 lucis
1265 3442 1632 3511 sempiternae,
1681 3451 1736 3496 et
1777 3443 2058 3512 speculum

485 3531 605 3586 sine
648 3532 860 3585 macula
893 3540 1134 3602 paterna:
1185 3531 1429 3596 virtutis,
1476 3541 1530 3588 et
1564 3534 1742 3603 imago
1796 3534 2058 3588 bonitatis

482 3623 632 3679 illius
655 3624 719 3678 ’⁸.
752 3622 899 3678 Talis
937 3625 1123 3694 itaque
1166 3623 1310 3679 Deus
1343 3633 1457 3691 est;
1492 3625 1587 3680 sed
1627 3625 1759 3679 illud
1794 3640 1904 3680 non
1938 3641 2058 3680 om-

480 3717 646 3772 nibus
679 3725 904 3783 notum;
937 3732 1126 3772 verum
1153 3717 1256 3770 soli
1285 3715 1492 3779 lsraeli,
1537 3718 1654 3771 viro
1685 3717 1896 3772 scilicet
1928 3733 2056 3787 per-

482 3808 688 3877 spicaci
729 3815 783 3862 et
835 3807 1242 3863 internoscendi
1289 3809 1340 3860 vi
1380 3809 1629 3878 praedito,
1679 3809 1897 3877 qualem
1953 3811 2057 3865 sub

483 3900 598 3956 haec
624 3900 866 3955 declarat
897 3901 983 3954 his
1019 3901 1222 3965 verbis,
1265 3901 1420 3954 rectis
1447 3901 1622 3955 corde.
1673 3901 1778 3966 Qui
1810 3903 1953 3957 enim
2000 3903 2057 3957 in

481 3997 665 4045 mente
705 3990 842 4044 nihil
869 3997 1179 4044 tortuosum
1212 3989 1407 4051 habet,
1452 3990 1545 4043 sed
1574 3999 1722 4043 recta
1751 3998 1805 4043 et
1842 3990 2056 4044 sincera

481 4081 813 4151 cogitatione
873 4081 1229 4149 providentiae
1286 4081 1556 4134 rationem
1609 4082 2052 4150 contemplatur,

483 4172 600 4241 ipse
652 4173 863 4227 scilicet
916 4172 1083 4228 Israel
1133 4173 1317 4237 fuerit,
1361 4173 1451 4227 cui
1494 4171 1640 4226 Deus
1695 4174 1873 4228 bonus
1931 4187 2056 4229 esse

481 4265 849 4333 cognoscitur,
903 4265 1032 4333 quia
1076 4267 1146 4318 ob
1201 4265 1460 4320 bonitatis
1509 4264 1886 4319 excellentiam
1936 4280 2054 4319 om-

480 4370 579 4409 nes
633 4356 849 4409 tolerat.
923 4354 1027 4411 Sed
1092 4355 1234 4410 Detts
1284 4355 1504 4425 quidem
1568 4355 1882 4423 hujusmodi
1944 4367 2047 4410 est.

479 4445 592 4516 Ego
660 4462 791 4501 vero
852 4448 1015 4501 homo
1082 4448 1176 4518 qui
1248 4447 1463 4502 veritati
1539 4447 1777 4512 studeo,
1853 4448 2050 4502 mentis

2163 3257 2254 3321 θὸς
2311 3256 2441 3324 γοῦν
2482 3256 2799 3313 ἀνατέλλει
2852 3258 2959 3310 τὸν
3011 3257 3188 3325 ἥλιον
3234 3258 3419 3311 αὑτοῦ
3483 3259 3581 3311 ἐπὶ
3651 3258 3736 3310 δι-

2161 3352 2369 3412 καίους
2420 3347 2518 3399 καὶ
2567 3347 2833 3412 ἀδίκους,
2889 3347 2988 3399 καὶ
3021 3347 3228 3414 βρέχει
3289 3348 3384 3401 ἐπὶ
3435 3349 3738 3416 πονηροὺς

2109 3467 2117 3474 -
2161 3437 2259 3490 καὶ
2308 3438 2587 3506 ἀγαθούς.
2623 3438 2813 3492 Ἔνθεν
2847 3441 2938 3491 καὶ
2988 3440 3015 3489 ό
3061 3439 3251 3510 Σωτὴρ
3298 3439 3420 3510 ὅρον
3470 3441 3598 3509 περὶ
3643 3440 3736 3492 τοῦ

2166 3530 2377 3601 Πατρὸς
2411 3530 2698 3600 ἐξήνεγκεν
2737 3528 2934 3582 εἰπών·
2975 3529 3182 3594 Οὐδεὶς
3212 3530 3431 3598 ἀγαθὸς
3458 3533 3512 3582 εὶ
3543 3529 3623 3598 μὴ
3649 3527 3738 3597 εἷς

2161 3625 2194 3675 ό
2233 3622 2398 3686 Θεός.
2431 3621 2548 3674 Κάν
2582 3619 2841 3692 ἐξετάζῃς
2873 3621 3000 3692 περὶ
3031 3621 3123 3672 τοῦ
3148 3620 3301 3685 Υἱοῦ,
3336 3623 3554 3695 μαθήσῃ
3587 3624 3738 3684 ὅπως

2159 3715 2277 3768 ἐστὶ
2323 3715 2417 3767 καὶ
2462 3714 2624 3776 αὐτὸς
2662 3714 2896 3782 ἀγαθός·
2952 3714 3184 3784 ἐπείπερ
3225 3714 3568 3784 ἀπαύγασμά
3620 3718 3735 3770 ἐστι

2160 3808 2334 3877 φωτὸς
2365 3807 2532 3860 ἀϊδίου
2568 3807 2662 3860 καὶ
2695 3807 2957 3876 ἔσοπτρον
2989 3805 3318 3876 ἀκηλίδωτον
3361 3805 3460 3876 τῆς
3494 3808 3587 3860 τοῦ
3621 3809 3733 3861 Πα-

2156 3899 2284 3969 τρὸς
2331 3898 2628 3968 ἐνεργείας,
2677 3898 2771 3950 καὶ
2811 3897 2971 3950 εἰκὼν
3008 3897 3106 3966 τῆς
3163 3897 3500 3965 ἀγαθότητος
3543 3900 3728 3953 αὐτοῦ.

2157 3990 2407 4053 Τοιοῦτος
2441 3991 2536 4060 μὲν
2578 3985 2671 4042 οὖν
2717 3992 2744 4042 ὁ
2772 3990 2902 4051 Θεὸς
2936 3989 3203 4057 πέφυκεν·
3257 3989 3522 4056 ἔγνωσται
3568 3989 3625 4042 δὲ
3669 3993 3730 4044 οὐ

2156 4087 2340 4147 πᾶσιν,
2371 4083 2506 4137 ἀλλά
2539 4084 2682 4154 μόνῳ
2705 4083 2782 4152 τῷ
2814 4082 3050 4152 Ἰσραὴλ,
3092 4081 3169 4152 τῷ
3207 4082 3499 4154 διορατικῷ
3530 4083 3728 4154 δηλαδὴ

2155 4176 2248 4228 καὶ
2279 4173 2564 4244 γνωστικῷ
2589 4173 2762 4242 ἀνδρὶ,
2788 4173 2846 4225 ὃν
2879 4172 2941 4242 δὴ
2975 4171 3268 4241 παρίστησι
3296 4174 3579 4226 συνάπτων
3604 4172 3729 4245 ἐξῆς

2156 4268 2249 4319 καὶ
2280 4266 2472 4334 λέγων,
2516 4265 2640 4331 τοῖς
2667 4264 2882 4318 -εὺθέσι
2929 4263 3001 4331 τῇ
3035 4263 3265 4332 καρδίᾳ.
3311 4264 3367 4316 '0
3405 4263 3514 4336 γὰρ
3565 4265 3727 4336 μηδὲν

2157 4359 2366 4412 σκολιὸν
2410 4357 2744 4428 κεκτημένος
2787 4358 2844 4410 ἐν
2886 4359 2952 4426 τῇ
2999 4355 3190 4408 ἐαυτοῦ
3233 4355 3401 4427 ψυχῇ,
3452 4354 3726 4426 λογισμοῖς

2154 4451 2210 4504 δὲ
2239 4450 2416 4522 ὀρθοῖς
2444 4448 2748 4502 ἐπιϐάλλων
2773 4451 2884 4510 τοῖς
2908 4451 3006 4518 τῆς
3037 4447 3290 4517 προνοίας
3323 4447 3522 4516 λόγοις,
3560 4448 3720 4510 αὐτὸς

481 4553 613 4594 meae
677 4539 1025 4594 stoliditatem
1087 4554 1304 4595 enarro.
1355 4538 1568 4592 Etenim
1620 4539 1872 4594 ﬁrmitate
1928 4555 2049 4594 mea

2162 4541 2220 4595 ἂν
2249 4542 2331 4612 εἴη
2365 4543 2394 4593 ὁ
2439 4540 2673 4610 Ἰσραὴλ,
2782 4541 2873 4591 καὶ
2903 4538 3164 4606 ἔγνωσται
3194 4538 3397 4606 ἀγαθὸς
3427 4537 3503 4592 ὢν
3539 4540 3566 4590 ὁ
3595 4537 3727 4604 Θεὸς

477 4640 532 4685 et
584 4647 816 4700 gressu,
863 4632 980 4686 sive
1024 4640 1082 4685 ιιι
1135 4631 1505 4700 metaphorice
1556 4630 1789 4699 loquar,
1854 4631 2048 4686 animae

2162 4629 2218 4684 δι’
2269 4629 2574 4702 ὑπερϐολήν
2626 4646 2686 4682 τε
2735 4628 3068 4698 ἀγαθότητος
3116 4614 3332 4682 πάντων
3383 4630 3723 4701 ἀνεχόμενος.

477 4723 710 4795 pedibus
769 4738 823 4779 et.
882 4723 1074 4778 fulcris
1140 4731 1445 4778 commotus
1504 4737 1642 4792 pene
1711 4731 1766 4776 et
1821 4737 2047 4778 eversus

478 4831 600 4870 sum
650 4829 682 4868 a
733 4831 828 4885 spe
866 4831 986 4870 mea
1027 4815 1082 4870 in
1123 4815 1233 4870 Deo
1274 4816 1552 4886 reposita;
1596 4815 1761 4885 idque
1811 4815 1883 4870 ob
1925 4831 2047 4885 pro-

477 4922 668 4978 speras
698 4907 981 4962 atheorum
1013 4908 1411 4978 impiorumque
1458 4922 1568 4962 res.
1605 4905 1806 4962 Verum
1838 4907 1889 4961 id
1921 4907 2046 4976 qui-

476 5001 600 5056 dem
629 5014 764 5070 pene
792 5015 1082 5070 perpessus
1113 5015 1263 5066 sum;
1302 5009 1355 5054 at
1391 5000 1482 5055 Dei
1525 5000 1702 5070 gratia
1733 5015 2042 5055 concussus

477 5104 588 5144 non
622 5088 741 5157 l‘ui;
773 5106 948 5160 neque
977 5105 1008 5144 a
1037 5091 1127 5144 tali
1163 5091 1492 5160 cogitatione
1525 5098 1818 5160 superatus
1857 5110 1870 5145 :
1907 5092 2043 5146 alias

478 5196 606 5238 vero
631 5182 938 5251 periissem,
970 5189 1024 5237 et
1051 5181 1208 5238 effusi
1234 5191 1419 5239 essent
1449 5199 1673 5254 gressus
1699 5183 1806 5238 mei
1842 5202 1854 5237 :
1891 5198 2039 5248 nam,

474 5286 601 5339 pene
619 5273 772 5341 e/fusi
805 5281 926 5327 sunt
951 5289 1162 5344 gressus
1193 5275 1312 5337 mei,
1345 5274 1442 5329 sed
1497 5290 1611 5329 non
1656 5289 1847 5330 revera
1884 5273 2042 5329 ell‘usi

476 5371 625 5419 sunt.
656 5362 937 5430 Quomodo
968 5373 1148 5420 autem
1182 5381 1404 5436 gressus
1451 5367 1649 5420 animae
1692 5363 2041 5421 elfundantur

477 5454 766 5524 intelliges,
806 5456 850 5510 si
881 5455 1206 5526 perpendas,
1237 5471 1346 5527 qua
1384 5457 1598 5510 ratione
1628 5455 1784 5509 multi
1821 5456 2039 5525 pietatis

476 5545 862 5600 exercitatione
891 5546 1003 5616 jam
1029 5549 1290 5623 provecti,
1322 5545 1682 5616 temperantia
1710 5553 1766 5599 et
1789 5544 2040 5599 castitate

2165 4721 2303 4774 Ἀλλ’
2350 4722 2377 4774 ὁ
2434 4721 2532 4792 μὲν
2592 4720 2723 4782 Θεὸς
2772 4718 3029 4782 τοιοῦτος.
3102 4718 3243 4787 Ἐγὼ
3296 4719 3387 4782 δέ,
3441 4719 3725 4791 ἄνθρωπος

2152 4814 2447 4886 φιλαλήθης
2508 4809 2644 4866 εἶναι
2705 4813 2906 4876 θέλων,
2962 4812 3063 4884 τὴν
3125 4810 3363 4882 ἐμαυτοῦ
3429 4810 3722 4881 διηγοῦμαι

2151 4904 2250 4974 τῆς
2302 4903 2479 4974 ψυχῆς
2507 4902 2756 4976 νωθρίαν.
2787 4900 2998 4971 Μικροῦ
3031 4900 3139 4972 γὰρ
3185 4901 3296 4954 δεῖν
3337 4901 3436 4970 τὴν
3481 4900 3720 4971 ἐμαυτοῦ

2153 4997 2338 5050 στάσιν
2368 4997 2462 5050 καὶ
2483 4995 2659 5066 βάσιν,
2685 4996 2794 5058 καὶ,
2825 4993 2899 5056 ὡς
2932 4993 2997 5046 ἂν
3022 4992 3164 5046 εἴποι
3192 5010 3276 5056 τις
3318 4991 3719 5064 μεταφορικῶς,

2149 5089 2272 5151 τοὺς
2301 5089 2399 5158 τῆς
2429 5087 2604 5158 ψυχῆς
2654 5087 2819 5150 πόδας
2847 5087 2940 5139 καὶ
2984 5085 3051 5138 τὰ
3098 5086 3401 5156 ἐρείσματα
3441 5083 3720 5155 παρετρά-

2152 5197 2260 5246 πην
2293 5179 2357 5231 ἐκ
2379 5179 2478 5249 τῆς
2521 5181 2600 5242 εἰς
2629 5179 2717 5232 τὸν
2744 5177 2875 5230 Θεὸν
2903 5177 3114 5240 ἐλπίδος
3148 5177 3237 5230 διὰ
3265 5177 3363 5239 τὰς
3397 5175 3505 5228 τῶν
3543 5175 3720 5229 ἀθέων

2149 5270 2242 5322 καὶ
2297 5269 2510 5321 ἀσεϐῶν
2559 5267 2765 5340 ἀνδρῶν
2818 5267 3142 5338 εὐπραγίας.
3204 5265 3364 5320 Ἀλλὰ
3422 5265 3575 5336 παρὰ
3625 5280 3718 5334 μι-

2146 5361 2276 5435 κρὸν
2307 5361 2403 5432 μὲν
2425 5360 2565 5414 τοῦτ’
2597 5360 2821 5414 ἔπαθον·
2859 5359 2946 5413 διὰ
2997 5359 3053 5412 δέ
3098 5359 3196 5427 τὴν
3240 5357 3333 5410 τοῦ
3376 5357 3510 5412 Θεοῦ
3559 5356 3718 5427 χάριν

2144 5455 2245 5507 οὑκ
2270 5453 2586 5524 ἐσαλεύθην,
2617 5452 2738 5505 οὐδέ
2777 5449 3152 5523 κατεκράτησέ
3199 5467 3300 5520 μου
3338 5450 3367 5502 ό
3400 5448 3718 5520 προλεχθεξ

2144 5547 2400 5619 λογισμός
2424 5564 2436 5578 ·
2468 5549 2502 5618 ἢ
2555 5547 2664 5618 γὰρ
2703 5547 2768 5600 ἂν
2816 5545 3131 5616 ἀπωλόμην,
3170 5545 3262 5598 καὶ
3296 5543 3472 5598 πάντα
3504 5559 3608 5614 μου
3648 5542 3716 5594 τά

475 5635 735 5690 diuturno
770 5643 1015 5708 tempore
1047 5638 1340 5710 fulgentes,
1377 5639 1596 5694 demum
1629 5635 1697 5691 ad
1732 5636 2035 5692 molliorem

2162 5637 2453 5708 ξιαὸήματα
2488 5635 2683 5707 κέχυτο
2708 5652 2720 5665 ·
2758 5635 2892 5702 παρ’
2941 5635 3143 5704 ὀλίγον
3186 5633 3293 5703 γὰρ
3341 5631 3596 5700 ἐξεχύθη
3644 5631 3718 5685 τὰ

542 5792 588 5825 ⁸⁸
616 5788 771 5847 Rom.
803 5809 864 5859 ιι,
885 5792 938 5848 4.
1004 5795 1049 5828 ’⁵
1071 5793 1214 5851 Psal.
1238 5812 1336 5862 vn,
1382 5795 1466 5854 ιι.
1544 5795 1588 5829 ’⁸
1617 5791 1812 5850 Matth.
1837 5808 1889 5860 ν,
1931 5792 2015 5850 ιδ.

2115 5792 2137 5826 ⁷
2161 5790 2328 5849 Marc.
2363 5811 2412 5859 ι,
2439 5792 2523 5847 l8.
2601 5793 2646 5825 ’°
2683 5791 2810 5864 Sap.
2843 5809 2940 5856 vti,
2974 5791 3078 5858 26;
3108 5789 3271 5844 Hebr.
3307 5806 3344 5853 t,
3378 5790 3431 5845 3.
