4128 6392
375 361 480 418 837

1506 356 2022 421 ,COMMENTARIA
2064 358 2132 414 IN
2169 361 2495 418 PSALMOS

3551 369 3656 426 838

376 477 707 550 διᾳϐήματά
736 495 876 546 μου,
907 478 966 530 οὐ
998 480 1104 550 μὴν
1161 479 1412 550 ἐξεχύθη.
1450 482 1682 553 Noui-ost;
1727 482 1782 535 δὲ
1822 483 1961 546 ὅπως

2076 495 2244 537 Vitam
2273 485 2452 539 allecti
2489 493 2542 539 et
2577 488 2818 556 prolapsi
2851 487 2991 553 sint;
3025 502 3139 543 sive
3171 488 3335 544 etiam
3376 490 3593 560 penitus
3627 509 3656 546 a

377 573 620 644 ἐκχεῖται
652 570 832 641 ψυχῆς
863 570 1195 642 διαϐήματα,
1230 573 1646 643 ἐπιστήσας,ὡς
1683 575 1781 646 ἤδη
1806 575 1968 638 τινὲς,

379 669 756 744 προκόψαντες
808 672 863 722 ἐν
911 671 1141 740 ἀσκήσει
1190 669 1518 731 θεοσεϐείας,
1551 670 1607 720 ἐν
1647 667 1972 742 σωφροσύνῃ

374 782 434 818 τε
468 765 562 818 xui.
586 764 778 835 ἀγνείᾳ
819 762 1224 832 διαλάμψαντες
1276 765 1504 834 μακροῖς
1547 762 1778 832 χρόνοις,
1817 760 1972 814 ὓστε-

379 858 469 930 ρόν
498 875 626 910 ποτε
669 856 1021 927 ὐπεσύρησαν
1063 855 1386 927 χαυνότερον
1419 854 1713 924 βιώσαντες
1741 855 1836 907 καὶ
1865 856 1972 906 ὀλι-

377 949 694 1020 σθήσαντες,
729 949 762 1019 ἢ
808 947 1086 1012 παντελῶς
1116 947 1442 1010 ἐκπεσόντες
1481 947 1573 1000 τοῦ
1605 947 1832 1010 σκοποῦ,
1875 948 1971 1001 καὶ

373 1039 563 1112 ὥσπερ
621 1041 880 1108 ναυάγιον
928 1039 1196 1102 παθόντες
1239 1039 1348 1091 τῶν
1389 1039 1554 1093 πάλαι
1611 1039 1969 1111 συνηγμένων

373 1133 556 1195 αὐτοῖς
588 1131 809 1200 ἀγαθῶν
843 1131 1114 1202 πράξεων.
1159 1131 1376 1184 Τούτων
1420 1130 1529 1202 γὰρ
1554 1132 1654 1184 οὐκ
1695 1131 1761 1184 ἂν
1793 1131 1972 1202 ἀμάρ-

371 1242 487 1288 τοις
527 1221 696 1276 εἰπὼν
745 1222 874 1284 τοὺς
907 1223 1073 1286 πόδας
1116 1222 1214 1293 τῆς
1264 1222 1442 1293 ψυχῆς
1478 1220 1867 1275 σεσαλεῦσθαι·
1907 1224 1966 1275 οὐ

377 1317 484 1389 μὴν
512 1315 648 1370 ἀλλά
704 1316 798 1368 καὶ
851 1314 1006 1378 ὅλους
1065 1314 1437 1377 πεπτωκέναι,
1468 1314 1538 1367 τά
1567 1331 1626 1365 τε
1654 1313 1967 1384 διαδήματα

372 1409 552 1464 αὐτῶν
599 1409 692 1463 καὶ
744 1407 845 1470 τὰς
878 1407 1020 1461 κατὰ
1069 1407 1201 1460 Θεὸν
1262 1406 1488 1478 πορείας
1531 1407 1629 1476 τὴν
1673 1408 1730 1459 ἐν
1772 1405 1968 1478 μακρῷ

372 1503 551 1574 χρόνῳ
583 1500 862 1572 προκοπὴν
895 1499 1232 1572 ἁπορῤεῦσαι
1263 1501 1357 1552 καὶ
1403 1499 1753 1570 ἐκκεχῦσθαι.
1808 1497 1968 1550 Ἀλλά

372 1593 546 1647 ταῦτα
579 1594 680 1664 μὲν
720 1592 873 1662 παρά
912 1592 1126 1662 μικρὸν,
1162 1591 1348 1661 φησὶν,
1391 1590 1613 1653 ἔπαθον,
1649 1593 1707 1644 οὐ
1739 1589 1842 1661 μὴν
1869 1589 1965 1641 πέ-

297 1667 302 1674 .
373 1685 546 1740 πονθα
569 1686 657 1738 διά
683 1684 855 1738 τὸτοῦ
889 1683 1023 1738 Θεοῦ
1061 1667 1226 1747 ἕλέος.
1257 1683 1401 1754 Πλὴν
1433 1683 1663 1755 ἤμελλόν
1699 1700 1762 1752 γε
1790 1681 1963 1736 ταῦτα

374 1777 606 1847 πάσχειν
636 1775 724 1829 διὰ
759 1775 920 1846 ζῆλον
961 1775 1020 1828 ὃν
1067 1774 1292 1845 ἐζήλουν
1318 1775 1410 1827 ἐπὶ
1432 1777 1544 1838 τοῖς
1576 1775 1797 1845 ἀνόμοις
1818 1774 1959 1846 ὁρῶν

371 1870 470 1941 τὴν
500 1871 722 1942 εἰρήνην
750 1869 928 1922 αὐτῶν
963 1869 1058 1922 καὶ
1098 1869 1196 1939 τὴν
1229 1870 1286 1921 ἐν
1317 1867 1533 1937 πλούτῳ
1560 1868 1654 1920 καὶ
1675 1870 1874 1940 τρυφῇ,
1903 1866 1960 1920 ἐν
1993 1853 2034 1907 Β

371 1985 432 2020 τε
461 1968 652 2039 ἀρχαῖς
681 1966 773 2019 καὶ
823 1965 1130 2036 ἀξιώμασιν
1167 1962 1484 2034 εὐημερίαν.
1518 1963 1612 2026 Είς
1654 1961 1826 2015 ταῦτα
1851 1960 1960 2032 γὰρ

373 2057 592 2130 ἀφορῶν
621 2057 965 2128 διεπριόμην,
987 2056 1062 2118 ὼς
1088 2052 1286 2126 μικροῦ
1315 2053 1424 2106 δεῖν
1445 2051 1784 2105 κινδυνεῦσαι
1809 2068 1965 2122 περι-

373 2153 557 2203 πεσεῖν
589 2149 770 2212 ἀθέοις
794 2148 1071 2218 λογισμοῖς
1091 2165 1103 2176 ·
1133 2141 1214 2210 οἷς
1242 2145 1302 2199 οὐ
1334 2145 1728 2215 περιπέπτωκα
1755 2143 1961 2214 δόγμα-

374 2258 458 2294 σιν
513 2241 694 2312 ὀρθοῖς
749 2219 1218 2312 θεραπεύόμενος,
1283 2239 1394 2299 τοῖς
1455 2236 1962 2305 ὐπομιμνήσκουσιν

373 2332 577 2400 ἀγαθὸν
599 2327 738 2384 εἶναι
774 2333 861 2386 τὸν
905 2331 1036 2383 Θεὸν
1074 2330 1167 2383 καὶ
1199 2326 1520 2391 ἀνεξίκακον
1559 2326 1652 2379 καὶ
1687 2325 1962 2396 μακρόθυ-

377 2444 493 2497 μον.
531 2427 731 2497 Διόπερ
751 2425 1187 2494 ἐκπληττόμενος
1218 2420 1381 2476 αὐτοῦ
1419 2421 1513 2474 καὶ
1558 2418 1962 2489 ἀποθαυμάζων

371 2517 471 2587 τὴν
501 2517 803 2589 ὑπερϐολὴν
835 2517 933 2586 τῆς
965 2515 1318 2582 ἀγαθότητος,
1355 2508 1506 2564 εἷπον
1537 2510 1837 2582 ἀρχόμενος
1867 2508 1960 2562 τοῦ

371 2609 534 2676 λόγου
557 2627 571 2640 ·
597 2610 692 2676 Ὡς
715 2608 936 2677 ἀγαθὸς
952 2607 1032 2671 τῷ
1064 2604 1311 2673 Ἰσραὴλ
1345 2606 1376 2656 ό
1410 2601 1575 2667 Θεὸς,
1610 2601 1732 2666 τοῖς
1755 2601 1960 2655 εὺθέσι

375 2697 449 2769 τῇ
469 2699 699 2767 καρδίᾳ.
745 2698 889 2752 Ἀντὶ
915 2696 970 2748 δὲ
999 2695 1111 2749 τοῦ·
1161 2696 1252 2760 Ὡς
1276 2683 1497 2764 ἀγαθὸς
1515 2731 1530 2755 ,
1559 2694 1586 2746 ὁ
1641 2691 1953 2763 Σύμμαχος·

2077 593 2245 646 scopo
2276 577 2600 643 defecerint,
2627 586 2679 634 et
2707 581 2864 650 quasi
2897 579 3247 651 naufragium
3278 581 3331 634 in
3356 581 3515 638 bonis
3541 582 3655 651 jam

2075 671 2323 726 colfectis
2357 673 2615 740 Operihus
2668 672 2920 728 fecerint.
2964 672 3074 729 llos
3119 674 3163 728 si
3198 674 3430 744 pedibus
3462 677 3658 730 animae

2074 771 2382 818 commotos
2412 764 2652 831 dixeris;
2695 765 2804 820 imo
2835 782 2964 820 vero
3010 766 3056 819 si
3094 767 3313 836 penitus
3346 769 3654 838 prolapsos,

2073 862 2238 922 atque
2298 871 2522 925 gressus
2571 872 2784 922 eorum,
2827 858 3258 927 diuturnumque
3319 859 3373 912 in
3427 861 3511 914 via
3563 860 3657 916 Dei

2073 945 2378 1014 profectum
2417 946 2704 1000 vacillasse
2751 954 2806 1000 et
2842 947 3073 1001 effusum
3109 963 3232 1002 esse
3280 948 3654 1013 allirmaveris,

2071 1039 2390 1107 neutiquam
2427 1040 2671 1094 aberres.
2716 1037 2820 1093 Sed
2860 1040 2994 1103 hac,
3035 1040 3230 1110 inquit,
3265 1039 3378 1096 fere
3419 1043 3654 1111 pertuli;

2071 1145 2170 1184 nec
2197 1132 2392 1200 pertuli
2419 1142 2596 1186 tamen
2631 1148 2727 1202 per
2766 1134 3202 1188 misericordiam
3237 1133 3352 1188 Dei.
3386 1135 3655 1190 Caeterum

2069 1224 2205 1276 tanti
2231 1224 2360 1277 mihi
2395 1225 2622 1294 periculi
2660 1225 2714 1278 in
2743 1241 2908 1279 causa
2946 1226 3047 1279 fuit
3085 1229 3233 1282 zelus
3259 1244 3368 1297 quo
3436 1230 3656 1298 iniquo-

2068 1331 2190 1369 rum
2227 1331 2396 1370 causa
2437 1317 2798 1381 accendebar,
2839 1317 2968 1370 dum
3002 1320 3244 1373 viderem
3282 1335 3472 1390 pacem
3505 1324 3653 1392 ipso-

2069 1422 2216 1469 rum,
2255 1423 2470 1463 necuon
2499 1424 2688 1464 eorum
2723 1409 2776 1462 in
2808 1407 3038 1474 divitiis,
3070 1411 3374 1479 voluptate,
3405 1411 3656 1465 domina-

2067 1505 2150 1564 tu,
2186 1499 2546 1570 dignitatibus
2583 1504 2922 1561 felicitatem.
2975 1505 3100 1561 llaec
3140 1507 3442 1578 respiciens
3485 1505 3656 1560 disse-

2067 1593 2258 1656 cabar,
2324 1594 2398 1648 ita
2453 1606 2510 1650 ut
2557 1613 2695 1666 pene
2746 1599 2799 1652 in
2861 1600 3060 1670 impias
3127 1600 3236 1654 labi
3291 1600 3660 1669 cogitationes

2065 1683 2410 1753 perielitarer
2451 1706 2464 1741 :
2504 1688 2556 1741 in
2591 1706 2729 1759 quas
2771 1700 2977 1754 tamen,
3015 1692 3180 1746 rectis
3211 1690 3458 1746 firmatus
3494 1691 3656 1745 insti-

2067 1777 2224 1840 tutis,
2262 1775 2428 1832 Deum
2465 1780 2669 1835 bonum
2724 1784 3019 1853 patientem
3068 1791 3122 1838 et
3170 1784 3496 1838 tolerantem
3529 1798 3656 1838 esse

2064 1872 2577 1935 commonentibus,
2636 1875 2954 1944 neutiquam
3011 1874 3211 1929 decidi.
3285 1874 3653 1941 Quamobrem

2064 1960 2490 2028 praecellentia":
2550 1963 2814 2022 bonitatis
2865 1966 3040 2035 ipsius
3076 1967 3376 2032 demirans,
3430 1981 3494 2020 ac
3536 1975 3655 2020 stu-

2065 2066 2221 2121 pens,
2250 2053 2327 2107 sic
2360 2069 2669 2110 sermonem
2697 2074 2859 2114 orsus
2892 2075 3010 2113 sum
3040 2077 3054 2114 :
3089 2058 3262 2125 Quam
3291 2057 3455 2112 bonus
3480 2056 3654 2111 Israel

2068 2142 2232 2207 Deus,
2270 2147 2424 2200 rectis
2455 2148 2611 2202 corde
2630 2150 2651 2202 .'
2700 2148 2806 2202 Pro
2832 2151 2925 2203 illo
2965 2157 3146 2204 autem
3183 2169 3195 2203 :
3228 2149 3402 2216 Quam
3448 2149 3648 2212 bonus;

2068 2232 2430 2305 Symmachus
2463 2258 2474 2292 :
2503 2239 2664 2306 Sane,
2693 2242 2888 2312 inquit,
2931 2259 3043 2296 vere
3073 2243 3237 2296 bonus
3265 2243 3404 2296 Deus
3431 2241 3648 2310 Israeli,

2062 2330 2209 2398 puris
2249 2331 2425 2386 corde.
2469 2331 2606 2398 Quis
2645 2350 2775 2388 vero
2804 2345 2952 2390 esset
2986 2335 3152 2392 Israel
3176 2337 3262 2392 his
3290 2336 3489 2392 additis
3526 2354 3652 2393 ver-

2064 2423 2150 2478 bis
2201 2424 2523 2487 declaravit,
2554 2428 2701 2495 puris
2746 2432 2922 2484 corde.
2958 2428 3034 2483 Illi
3072 2446 3307 2500 namque
3329 2446 3456 2486 vere
3480 2431 3650 2486 lsrael

2066 2517 2226 2576 sunt;
2263 2527 2434 2580 quare
2468 2527 2496 2564 a
2526 2511 2817 2567 Servatore
2841 2530 3060 2583 quoque
3087 2514 3294 2568 dictum
3329 2522 3412 2568 est
3444 2533 3456 2567 :
3494 2513 3651 2568 Beati

2063 2601 2260 2656 mundo
2313 2603 2489 2669 corde,
2542 2606 2792 2676 quoniam
2825 2607 2926 2676 ipsi
2965 2607 3128 2661 Deum
3159 2606 3467 2662 videbunt"
3504 2626 3519 2662 :
3568 2606 3650 2664 ls-

2065 2694 2178 2749 rael
2206 2705 2384 2750 autem
2405 2695 2580 2749 videns
2613 2695 2781 2751 Deum
2804 2698 3126 2768 explicatur.

374 2792 550 2860 Πλὴν
619 2791 824 2856 ὄντως,
865 2791 1052 2862 φησιν,
1101 2786 1325 2857 ἀγαθὸς
1365 2788 1398 2839 ὁ
1440 2783 1586 2850 Θεὸς
1629 2783 1707 2850 τῷ
1745 2783 2004 2852 Ἰσραὴλ,
2045 2787 2171 2852 τοῖς
2201 2788 2484 2856 καθαροῖς
2518 2788 2633 2856 τὴν
2649 2789 2921 2857 καρδίαν.
2957 2793 3278 2864 Παρέστησε
3310 2800 3419 2866 γάρ
3441 2793 3524 2858 τίς
3559 2791 3646 2867 εἴη

373 2888 403 2938 ό
441 2884 676 2956 Ἰσραὴλ,
700 2882 1036 2951 ἐπισυνάψας
1059 2879 1154 2932 καὶ
1177 2876 1370 2941 εἰπὼν,
1401 2877 1525 2943 τοῖς
1592 2875 1875 2944 καθαροῖς
1900 2874 2016 2944 τὴν
2055 2878 2326 2947 καρδίαν.
2384 2876 2542 2935 Οὗτοι
2584 2883 2691 2954 γάρ
2728 2884 2868 2936 εἰσιν
2909 2886 2937 2937 ὁ
2981 2883 3233 2955 ἀληθινὸς
3293 2885 3538 2958 Ἰσραήλ.
3567 2885 3648 2939 διδ

375 2976 592 3044 ἐλέγετο
621 2976 714 3028 καὶ
740 2974 845 3028 ὐπὸ
869 2973 962 3026 τοῦ
999 2969 1285 3040 Σωτῆροςο
1316 2967 1606 3037 Μακάριοι
1663 2971 1716 3022 οἱ
1771 2968 2018 3036 καθαροὶ
2050 2968 2125 3039 τῇ
2171 2971 2404 3041 καρδίᾳ,
2460 2973 2551 3027 ὅτι
2611 2977 2778 3030 αὐτοὶ
2819 2977 2928 3031 τὸν
2979 2976 3129 3032 Θεὸν
3175 2977 3459 3046 ὄψονται⁸
3501 2978 3648 3032 καὶὸ

388 3069 605 3141 Ἰσραὴλ
629 3068 684 3121 δὲ
716 3065 873 3136 ὀρῶν
906 3066 1014 3120 τὸν
1048 3063 1196 3118 Θεὸν
1225 3061 1604 3134 ἑρμηνεύεται.

445 3185 566 3237 Ὅτι
587 3185 696 3236 οὐκ
721 3181 891 3236 ἔστιν
925 3179 1254 3244 ardre-vouc-
1292 3177 1361 3230 ἐν
1380 3175 1460 3242 τῷ
1480 3175 1714 3239 θανάτῳ
1733 3175 1953 3243 αὐτῶν,

2136 3177 2299 3234 Vens.
2325 3177 2446 3232 4-9.
2469 3177 2611 3244 Quia
2640 3195 2743 3233 non
2771 3187 2850 3233 est
2877 3187 3140 3250 respectus
3173 3180 3332 3232 morti
3361 3195 3564 3243 eorum,
3595 3189 3646 3236 et

374 3278 471 3331 καὶ
508 3274 812 3344 στερέωμα
856 3273 925 3326 ἐν
963 3272 1040 3341 τῇ
1076 3270 1323 3341 μάστιγι
1361 3266 1578 3322 αὐτῶν.
1628 3269 1724 3322 Ἐν
1751 3269 1962 3334 κόποις

373 3366 698 3436 ἀνθρώπων
729 3367 840 3419 οὐκ
889 3365 1031 3431 εἰσί,
1061 3363 1159 3417 καὶ
1193 3363 1343 3432 μετὰ
1389 3358 1715 3426 ἀνθρώπων
1749 3363 1821 3414 οὐ
1847 3376 1962 3428 μα-

373 3453 864 3524 στιγωθήσονται.
922 3453 1026 3507 Διά
1054 3451 1229 3506 τοῦτο
1284 3452 1619 3521 ἐκράτησεν
1658 3451 1881 3518 αὐτοὺς
1918 3450 1957 3518 ἦ

373 3546 753 3614 ὑπερηφανία
803 3547 890 3610 εἰς
932 3544 1126 3608 τέλος.
1177 3542 1264 3605 Ὠς
1296 3543 1353 3595 ἐν
1390 3543 1600 3614 ἱστορίᾳ
1628 3540 1959 3613 διεξέρχεται

373 3639 440 3694 τά
470 3637 782 3710 ταράξαντα
813 3635 978 3690 αὐτοῦ
1013 3637 1111 3706 τὴν
1139 3634 1336 3706 ψυχὴν,
1375 3635 1460 3688 ἵνα
1492 3635 1730 3706 γνῶμεν,
1769 3636 1852 3688 ὅτι
1883 3633 1958 3706 μὴ

373 3733 466 3786 ἐπὶ
494 3735 708 3804 μικροῖς
730 3729 1096 3801 ἐσαλεύθησαν
1126 3728 1293 3782 αὐτοῦ
1328 3729 1378 3781 oi
1407 3728 1565 3792 πόδες
1592 3731 1719 3798 παρ’
1743 3727 1921 3796 ὀλίγον
1939 3743 1952 3756 ·

376 3825 511 3896 μηδέ
553 3824 646 3876 ἐπὶ
665 3825 776 3886 τοῖς
809 3821 1062 3891 τυχοῦσιν
1092 3819 1324 3890 ἤμελλον
1355 3818 1546 3872 ἑαυτοῦ
1577 3817 1855 3888 ἐκχεῖσθαι
1888 3815 1957 3869 τὰ

371 3916 704 3988 διαϐήματα.
749 3913 885 3966 Τίνα
913 3913 970 3966 δὲ
1003 3909 1303 3984 ἦνταῦτα;
1339 3913 1400 3964 Οἱ
1449 3911 1662 3974 ἀσεϐεῖς
1713 3910 1806 3963 καὶ
1867 3909 1956 3962 τὸν

371 4006 506 4060 Θεὸν
534 4007 632 4060 οὐκ
664 4005 884 4067 εἰδότες,
916 4003 1078 4066 οὐτω,
1115 4003 1299 4072 φησιν,
1327 4004 1383 4056 ἐν
1414 4001 1702 4072 εὐσταθείᾳ
1731 4001 1846 4071 βίου
1859 4001 1956 4053 καὶ

373 4097 664 4170 θυμηδίαις
711 4097 935 4166 διῆγον,
995 4093 1090 4147 καὶ
1153 4093 1346 4163 μέχρις
1398 4093 1633 4180 ἐσχάτιης
1697 4089 1956 4158 τελευτῆς

371 4189 641 4260 τοσαύτης
679 4187 959 4258 ἀπήλαυον
1004 4186 1236 4257 τρυφῆς,
1265 4185 1342 4248 ὡς
1373 4186 1467 4238 καὶ
1509 4182 1669 4236 πάνθ’
1715 4180 1956 4235 ὁντινοῦν

372 4280 632 4348 εὐξασθαι
658 4279 766 4332 τῶν
789 4279 918 4331 ἴσων
949 4279 1132 4339 αὐτοῖς
1161 4278 1363 4347 τυχεῖν,
1402 4273 1643 4347 ζηλῶσαί
1677 4290 1736 4326 τε
1779 4272 1955 4326 αὐτῶν

370 4374 433 4428 οὐ
470 4373 630 4444 μόνον
684 4371 782 4442 τὴν
815 4369 979 4440 ζωὴν,
1006 4367 1140 4422 ἀλλά
1167 4368 1260 4421 καὶ
1306 4365 1398 4419 τὸν
1438 4365 1690 4428 θάνατον,
1733 4362 1792 4416 ὃν
1831 4364 1954 4417 οὐδὲ

371 4464 810 4536 παραιτήσασθαι
828 4463 952 4533 ἐξῆν
974 4462 1094 4515 οὐδὲ
1109 4459 1380 4513 ἀπευκτὸν
1409 4455 1739 4529 ἡγήσασθαι.
1767 4454 1954 4519 Οὕτως

371 4559 472 4612 οὐκ
505 4553 574 4628 ἦν
631 4556 918 4618 ἀνάνευσις
952 4555 1008 4607 ἐν
1054 4551 1130 4622 τῷ
1161 4551 1375 4622 θανάτῳ
1409 4551 1608 4604 αὐτῶν.
1653 4549 1814 4602 Ἀλλά
1859 4550 1954 4602 καὶ
1986 4545 2030 4600 D

371 4654 420 4705 εί
455 4649 651 4722 συνέϐη
711 4649 840 4702 ποτὲ
894 4648 1117 4718 μάστιγι
1149 4645 1242 4698 καὶ
1277 4643 1480 4714 πληγῇ,
1508 4641 1755 4696 τουτέστι
1795 4660 1951 4714 περι-

374 4744 559 4798 στάσει
604 4742 699 4794 καὶ
749 4741 1003 4811 συμφορᾷ
1044 4739 1358 4810 περιπεσεῖν
1397 4734 1576 4789 αὐτῶν
1631 4751 1774 4798 τινα,
1822 4733 1855 4804 ἢ
1895 4735 1953 4786 ἐν

371 4839 546 4900 νόσοις
579 4834 932 4903 ἐξετασθῆναι
961 4832 1056 4885 xui
1077 4829 1320 4902 ζημίαις,
1345 4830 1447 4882 οὐκ
1475 4824 1542 4899 ἦν
1578 4827 1864 4898 στερέωμα
1895 4829 1954 4880 ὲν

369 4933 437 5002 τῇ
470 4931 690 5001 μάστιγι
721 4926 920 4980 αὐτῶν.
959 4925 1032 4977 υύ
1058 4923 1166 4995 γὰρ
1197 4922 1393 4994 στερεά
1426 4937 1508 4984 τις
1538 4915 1606 4990 ἦν
1629 4919 1722 4972 καὶ
1757 4920 1951 4990 ἐπίμο-

372 5023 514 5092 νοςὴ
548 5021 666 5074 κατ’
702 5017 882 5074 αὐτῶν
911 5015 1090 5086 πληγή
1116 5031 1128 5044 °
1164 5013 1388 5086 βραχεῖα
1413 5012 1470 5066 δέ
1491 5029 1572 5076 τις
1613 5011 1708 5064 καὶ
1741 5009 1799 5075 ἐξ
1831 5012 1951 5063 ἐπι-

373 5111 540 5183 πολῆς
569 5110 1012 5184 παρατρέχουσα.
1058 5106 1190 5159 Οὐδὲ
1223 5107 1280 5158 ἐν
1311 5105 1502 5166 κόποις
1539 5103 1595 5156 δὲ
1648 5100 1952 5174 ἀνθρώπων

375 5202 714 5276 ἐξητάζοντο,
742 5199 1145 5270 γεωπονοῦντες
1173 5198 1268 5250 καὶ⁹
1287 5195 1384 5267 τὴν
1403 5193 1606 5266 τροφὴν
1627 5195 1734 5248 ἀπὸ
1754 5193 1950 5264 χειρῶν

373 5295 736 5368 ποριζόμενοι,
789 5291 947 5363 πενίᾳ
992 5307 1051 5344 τε
1099 5289 1592 5360 κατατρυχόμενοι·
1644 5286 1950 5340 τούναντίον

373 5387 427 5442 δὲ
452 5387 665 5458 πλούτῳ
681 5384 1094 5459 περιρῤεόμενοι
1113 5377 1532 5452 καθηδυπάθουν
1553 5377 1945 5449 ἐντρυφῶντες,

369 5481 464 5534 καὶ
495 5479 657 5552 μηδὲν
685 5479 867 5549 ὅμοιον
905 5476 1200 5546 πάσχοντες
1231 5474 1345 5535 τοῖς
1388 5471 1591 5534 λοιποῖς
1644 5470 1948 5542 ἀνθρώποις

367 5573 480 5633 τοῖς
509 5567 920 5640 μαστιζομένοις
953 5565 1187 5634 ἑκάστης
1233 5562 1444 5633 ἡμέρας
1474 5560 1541 5613 δι’
1563 5559 1820 5614 ἐπιπόνου
1855 5563 1948 5616 καὶ

355 5660 646 5734 ’μοχθηροῦ
693 5659 826 5728 βίου.
879 5657 976 5712 Διύ
1003 5658 1073 5710 ἐν
1109 5655 1274 5719 κόπῳ
1302 5651 1625 5721 ἀνθρώπων
1661 5655 1771 5706 οὐκ
1805 5654 1944 5715 εἰσί,

429 5821 474 5854 ”
509 5820 700 5877 Matth.
734 5838 784 5892 ν,
817 5822 870 5876 8.

2063 3273 2454 3342 ﬁrmamentum
2486 3273 2541 3326 in
2572 3272 2733 3342 plaga
2767 3273 3024 3342 ipsorum.
3060 3271 3127 3326 In
3160 3271 3433 3326 laboribus
3472 3272 3645 3327 homi-

2063 3382 2187 3418 num
2222 3382 2325 3419 non
2354 3374 2475 3418 sunt
2507 3373 2557 3419 et
2592 3381 2712 3418 cum
2738 3365 3036 3419 hominibus
3073 3381 3177 3418 non
3207 3363 3643 3434 ﬂagellabunlur.

2063 3453 2190 3509 Ideo
2217 3456 2381 3509 tenuit
2401 3471 2487 3507 eos
2514 3454 2760 3523 superbia
2782 3455 2835 3508 in
2861 3455 3040 3523 ﬁnem.
3076 3452 3328 3508 Historia:
3359 3469 3508 3509 more
3525 3469 3646 3524 qua:

2061 3547 2301 3600 animam
2353 3547 2576 3600 turbant
2623 3561 2779 3600 suam
2834 3552 3078 3609 enarrat,
3133 3553 3192 3599 ut
3241 3545 3483 3600 sciamus
3534 3561 3644 3600 non

2061 3654 2231 3711 parva
2261 3639 2329 3694 de
2361 3653 2530 3694 causa
2563 3652 2701 3706 pene
2733 3646 3039 3692 commotus
3085 3636 3205 3706 ejus
3243 3638 3428 3708 pedes,
3464 3652 3643 3707 neque

2060 3733 2131 3787 ob
2164 3747 2254 3788 res
2281 3733 2432 3802 parvi
2469 3733 2734 3786 momenti
2787 3746 2924 3801 pene
2975 3729 3174 3786 effusos
3205 3744 3430 3801 gressus
3465 3729 3642 3799 ipsius

2060 3824 2252 3881 fuisse.
2307 3826 2568 3891 Quaenam
2623 3824 2715 3878 illa
2767 3825 2964 3879 erant?
3000 3824 3178 3894 lmpii,
3233 3822 3429 3893 inquit,
3461 3831 3515 3878 et
3547 3823 3642 3894 qui

2059 3918 2230 3973 Deum
2261 3933 2371 3972 non
2402 3923 2622 3979 norant,
2657 3925 2766 3969 tam
2809 3915 2953 3970 felici
2989 3917 3110 3970 vita:
3141 3914 3397 3980 decursu,
3459 3923 3641 3984 tanta-

2058 4023 2166 4077 que
2224 4008 2503 4077 voluptate
2539 4005 2834 4076 degebant,
2898 4014 2950 4060 et
2988 4021 3162 4076 usque
3210 4005 3278 4060 ad
3332 4013 3646 4061 extremum

2056 4101 2182 4155 vita:
2229 4099 2460 4154 halitum
2515 4106 2594 4152 tot
2637 4098 2849 4153 deliciis
2875 4097 3218 4161 fruebantur,
3245 4105 3305 4151 ut
3335 4113 3495 4152 nemo
3524 4113 3635 4154 non

2057 4199 2270 4262 Optaret
2315 4193 2466 4255 paria
2503 4191 2790 4260 consequi,
2820 4205 2882 4244 ac
2914 4205 3021 4244 non
3052 4190 3229 4244 solum
3262 4189 3384 4244 vitae
3417 4206 3636 4256 eorum,

2057 4282 2154 4339 sed
2190 4284 2355 4338 etiam
2407 4283 2568 4338 morti
2620 4282 2911 4348 invideret,
2979 4283 3074 4338 tali
3121 4283 3351 4348 scilicet,
3415 4283 3634 4354 qualem

2057 4377 2299 4431 abnuere
2328 4390 2391 4430 ac
2425 4376 2753 4430 horrendam
2799 4384 2993 4446 putare
3019 4375 3224 4429 nemini
3274 4375 3482 4430 liceret.
3543 4371 3636 4430 Sic

2057 4485 2167 4523 non
2215 4475 2336 4523 erat
2383 4477 2670 4540 respectus
2726 4468 2888 4521 morti
2944 4483 3154 4522 eorum.
3221 4463 3329 4522 Sed
3389 4467 3553 4522 etiam
3588 4465 3636 4521 si

2056 4561 2278 4630 quando
2307 4562 2650 4632 contingeret
2684 4575 2878 4615 eorum
2909 4560 3147 4630 aliquem
3203 4559 3259 4614 in
3316 4559 3525 4628 plagam
3583 4566 3638 4612 et

2059 4653 2357 4725 flagellum,
2395 4653 2649 4708 videlicet
2676 4654 2730 4706 in
2753 4668 3052 4706 aerumnam
3079 4659 3132 4706 et
3155 4651 3519 4709 calamitatem
3553 4651 3636 4704 in-

2057 4743 2272 4810 cidere;
2309 4746 2423 4798 sive
2457 4743 2646 4798 morbo
2681 4742 2816 4796 allici
2847 4743 2931 4796 vel
2961 4741 3312 4805 detrimento,
3360 4757 3468 4795 non
3519 4751 3635 4796 erat

2057 4833 2460 4888 firmamentum
2512 4835 2564 4888 in
2625 4835 2783 4905 plaga
2840 4834 3105 4903 ipsorum.
3144 4831 3260 4887 Non
3294 4834 3437 4886 enim
3472 4831 3632 4885 firma

2056 4941 2496 4998 permanensque
2526 4926 2654 4980 talis
2689 4926 2934 4996 ipsorum
2961 4913 3114 4996 plaga
3145 4932 3292 4990 erat;
3334 4923 3426 4978 sed
3452 4923 3633 4978 brevis

2055 5020 2514 5090 superficiemque
2554 5019 2784 5088 carptim
2826 5020 3119 5089 attingens.
3150 5017 3337 5087 Neque
3385 5018 3515 5072 item
3575 5016 3633 5072 in

2053 5112 2335 5167 laboribus
2390 5111 2671 5165 hominum
2718 5111 3100 5175 versabantur,
3130 5117 3332 5164 terram
3378 5109 3630 5176 colendo,

2053 5205 2139 5260 vel
2180 5205 2434 5260 manibus
2461 5204 2668 5258 victum
2701 5203 2979 5272 parando;
3021 5219 3128 5257 non
3154 5202 3414 5272 pauperie
3445 5201 3630 5257 afﬂicti

2052 5305 2244 5364 erant;
2268 5312 2456 5352 verum
2481 5311 2513 5350 e
2552 5295 2832 5349 contrario
2863 5295 3067 5350 divitiis
3105 5294 3410 5357 afﬂuentes,
3448 5295 3502 5348 in
3537 5295 3632 5352 de-

2054 5390 2210 5446 licias
2244 5389 2727 5458 immergebantur,
2758 5386 3006 5458 nihilque
3035 5387 3386 5458 patiebantur
3414 5395 3474 5440 ut
3506 5387 3632 5442 reli-

2051 5482 2146 5552 qui
2168 5481 2438 5545 homines,
2471 5479 2563 5550 qui
2601 5479 2846 5550 quotidie
2897 5479 3170 5534 laboriosa
3211 5493 3632 5549 aerumnosaque

2050 5571 2160 5625 vita
2218 5577 2583 5625 macerantur.
2645 5569 2826 5635 Quare
2874 5570 2929 5624 in
2991 5568 3168 5624 labore
3204 5569 3488 5648 hominum
3525 5585 3629 5624 non

2050 5670 2194 5728 sunt,
2225 5671 2274 5717 et
2297 5679 2414 5717 cum
2437 5661 2732 5718 hominibus
2766 5678 2868 5717 non
2902 5661 3335 5732 ﬂagellubuntur.
3376 5660 3630 5734 Symma-
