4128 6392
486 377 590 433 859
1212 374 1479 434 EUSEBll
1513 378 1990 437 CAESARIENSIS
2023 378 2176 436 OPP.
2213 378 2394 435 PARS
2433 379 2518 435 ill.
2550 413 2620 423 —-
2654 381 3068 439 EXEGETICA.
3661 384 3767 439 840

484 493 623 549 chus
649 500 831 548 autem
876 492 954 548 sic
990 492 1382 563 interpretatus
1404 501 1490 549 est
1524 513 1537 548 :
1567 494 1707 561 Quia
1731 512 1835 549 non
1858 496 2061 565 cogita-
2092 501 2114 555 Α

2136 495 2265 554 ,καὶ
2303 496 2455 563 μετὰ
2499 496 2828 564 ἀνθρώπων
2859 497 2931 551 οὐ
2970 495 3551 565 μαστιγωθήσονται.
3603 498 3662 551 '0
3706 498 3766 552 δὲ

484 587 613 640 bant
641 586 705 640 de
725 595 891 640 morte
925 602 941 638 :
968 586 1126 655 ﬁrma
1156 602 1379 657 namque
1406 597 1557 641 erant
1580 587 1837 642 vestibula
1856 604 2068 653 eorum;

2175 586 2470 658 Σύμμαχος
2486 587 2658 651 οὕτως
2675 590 2707 659 ἡ
2716 589 3021 659 ρμήνευσεν
3038 605 3051 618 ·
3068 590 3196 641 ’Ὁτι
3219 591 3329 642 οὐκ
3343 589 3762 659 ὲνεθυμοῦντο,

483 692 548 732 ac
571 678 833 748 deinceps
860 696 872 731 :
896 676 962 731 In
987 678 1225 741 miseria,
1246 678 1445 748 inquit,
1468 680 1570 733 viri
1586 696 1689 733 non
1708 687 1881 742 erant,
1910 696 2071 750 neque

2173 682 2306 750 περὶ
2330 682 2594 737 θανάτου
2614 699 2627 712 ·
2667 684 2881 751 στερεὰ
2906 682 3017 752 γὰρ
3034 678 3115 753 ἦν
3139 682 3211 735 τὰ
3235 683 3518 751 πρόπυλα
3542 683 3758 737 αὐτῶν·

482 785 602 823 cum
628 769 930 824 hominibus
980 769 1430 839 percutiebantur.
1467 771 1609 837 Quia
1641 772 1809 843 igitur
1864 772 1962 826 tali
2014 773 2069 826 in

2173 774 2268 827 xui.
2301 775 2449 845 ἑξῆς·
2488 777 2583 829 Ἐν
2618 776 3006 843 ταλαιπωρίᾳ,
3040 776 3224 845 φησιν,
3249 774 3468 843 ἀνδρὸς
3502 779 3613 829 οὐκ
3637 775 3762 844 ἐτέ-

482 861 799 917 conditione
831 871 1012 926 erant,
1045 864 1161 915 ideo
1189 862 1358 915 tenuit
1386 879 1472 917 eos
1504 863 1769 929 superbia.
1802 864 1939 918 Cum
1972 880 2071 935 par

2172 886 2372 931 νοντο,
2423 867 2565 922 οὐδὲ
2590 868 2741 937 μετά
2789 866 3115 935 ἀνθρώπων
3147 865 3562 932 ἐπλήσσοντο.
3607 868 3761 920 Ἐπεὶ

484 954 681 1012 fuisset
714 956 884 1020 enim,
918 964 978 1012 ut
1028 957 1107 1011 illi
1151 974 1279 1014 vere
1334 958 1509 1029 impii,
1539 959 1841 1013 secundum
1876 959 2070 1013 huma-

2171 957 2263 1016 οὖν
2295 963 2351 1013 ὲν
2384 960 2643 1023 τοιούτοις
2679 956 2839 1031 ἦσαν,
2867 958 2965 1012 διὰ
2989 959 3164 1012 τοῦτο
3184 957 3516 1025 ἐκράτησεν
3540 958 3761 1024 αὐτοὺς

480 1062 612 1101 num
640 1047 917 1118 cogitandi
949 1064 1181 1115 morem,
1215 1050 1519 1122 condignas
1548 1051 1924 1121 impietatibus
1953 1068 2068 1122 poc-

2170 1054 2208 1121 ή
2259 1052 2658 1122 ὑπερηφανία.
2712 1052 2844 1105 Δέον
2877 1050 2985 1122 γὰρ
3036 1050 3251 1114 ἀσεϐεῖς
3307 1049 3501 1112 ὄντας,
3550 1051 3672 1103 ὅσον
3703 1052 3762 1104 ὲν

479 1153 581 1193 nas
616 1139 864 1206 luerent;
916 1140 996 1193 illi
1041 1149 1190 1195 certe
1224 1141 1278 1194 in
1310 1140 1522 1198 deliciis
1552 1143 1678 1197 vita:
1706 1143 2069 1198 versabantur

2171 1144 2533 1217 ἀνθρωπίνοις
2566 1142 2865 1213 λογισμοῖς,
2897 1141 3191 1212 τάπίχειρα
3231 1140 3461 1210 πάσχειν
3491 1143 3604 1203 τοῖς
3632 1141 3763 1194 ἀσει-

481 1228 612 1284 dum
651 1228 764 1283 Deo
796 1230 1000 1286 bellum
1030 1239 1335 1287 moverent.
1377 1232 1560 1299 Quare
1601 1234 1730 1289 dum
1767 1242 2068 1289 attereren-

2171 1236 2411 1308 ϐήμασιν
2429 1253 2441 1266 ·
2476 1237 2525 1288 οἱ
2553 1236 2609 1288 δὲ
2638 1233 3056 1306 κατενετρύφων
3073 1234 3166 1286 τοῦ
3190 1233 3305 1303 βίου
3336 1232 3755 1303 θεομαχοῦντες.

479 1327 572 1374 tur
602 1321 800 1390 seipsis
830 1322 1047 1390 pejores
1077 1324 1405 1388 evadebant,
1431 1334 1482 1378 et
1532 1328 1699 1394 operti
1722 1335 1845 1380 sunt
1868 1326 2069 1395 iniqui-

2171 1332 2246 1381 Δι’
2283 1330 2311 1382 6
2349 1328 2753 1400 ὲπιτριϐόμενοι
2799 1326 3017 1399 χείρους
3059 1327 3265 1379 ἑαυτῶν
3314 1327 3622 1395 ἐγίγνοντο,
3662 1327 3761 1381 καὶ

482 1418 588 1463 tate
623 1419 672 1464 et
701 1410 971 1480 impietate
994 1429 1127 1476 sua;
1161 1429 1261 1484 pro
1295 1431 1406 1486 quo
1427 1414 1792 1487 Symmachus
1821 1436 1834 1471 :
1870 1415 2068 1486 Super-

2170 1420 2593 1490 περιεϐάλοντο
2666 1418 2909 1473 ἀδικίαν
2977 1419 3075 1471 καὶ
3145 1417 3427 1471 ἀσέϐειαν
3493 1417 3753 1471 ἑαυτῶν·

481 1500 593 1564 bia,
628 1500 828 1571 inquit,
866 1503 1042 1556 induti
1074 1513 1218 1568 sunt,
1249 1508 1405 1575 quasi
1435 1508 1627 1561 ltorrea
1672 1523 1737 1561 ea:
1783 1508 2067 1577 iniquitate

2171 1513 2286 1566 ἀνθ’
2316 1508 2375 1567 οὗ
2412 1514 2439 1564 6
2478 1512 2799 1582 Σύμμαχος·
2836 1511 3286 1579 Ὑπερηφανίαν,
3318 1511 3502 1580 φησὶν,
3536 1509 3759 1579 ήμφιὼ-

481 1592 751 1648 habentes.
788 1594 869 1649 Ad
904 1594 1020 1650 haec
1077 1606 1258 1652 autem
1293 1618 1305 1654 :
1342 1599 1592 1654 Prodibit
1619 1603 1775 1673 quasi
1818 1619 1883 1656 ea:
1914 1602 2067 1670 adipe

2170 1624 2382 1668 σαντο,
2431 1604 2743 1670 ἀποθήκας
2782 1603 2851 1667 ἐξ
2900 1603 3135 1668 ἀδικίας
3166 1605 3431 1671 ἔχοντες.
3478 1603 3597 1654 Ἔτι
3652 1601 3757 1674 μὴν

480 1686 739 1756 iniquitas
771 1702 973 1740 eorum.
1015 1685 1188 1756 Cujus
1226 1689 1332 1745 loci
1370 1692 1667 1748 clariorem
1697 1696 1892 1749 extulit
1926 1712 2069 1751 scn-

2170 1697 2305 1771 πρὸς
2326 1697 2555 1759 τούτοις·
2606 1696 3027 1758 Ἐξελεύσεται
3066 1695 3145 1760 ὡς
3177 1694 3245 1747 ἐκ
3274 1696 3525 1760 στέατος
3558 1694 3595 1759 ή
3630 1694 3754 1747 ἀδι-

480 1779 707 1834 tentiam
730 1777 1094 1850 Symmachus
1123 1780 1207 1835 his
1232 1784 1414 1838 verbis
1442 1804 1455 1840 :
1484 1784 1917 1841 Procideruntex
1940 1790 2063 1858 pin-
2099 1842 2110 1858 ,

2125 1844 2140 1858 ι
2171 1791 2270 1844 κία
2308 1788 2504 1843 αὐτῶν
2523 1805 2536 1818 ·
2574 1782 2633 1841 οὗ
2663 1787 2727 1857 δὴ
2756 1787 3099 1858 σαφεστέραν
3131 1788 3158 1839 6
3189 1786 3485 1857 Σύμμαχος
3510 1786 3755 1839 ἀπέδωκε

478 1872 702 1942 guedine
732 1874 872 1927 oculi
903 1890 1085 1928 eorum
1125 1892 1143 1929 :
1163 1876 1417 1933 similiter
1443 1879 1642 1949 Aquila
1674 1884 2065 1952 interpretatus
2100 1872 2108 1899 ³

2125 1872 2142 1898 ’
2168 1884 2268 1953 τὴν
2307 1883 2542 1935 διάνοιαν
2570 1880 2739 1934 εἰπών
2757 1899 2768 1910 ·
2801 1878 3181 1947 Προέπιπτον
3203 1879 3322 1932 ἀπὸ
3357 1878 3755 1946 λιπαρότητος

479 1973 566 2021 est
600 1964 793 2021 dicens
833 1984 846 2020 :
880 1965 1143 2021 Exierunt
1175 1968 1240 2022 ab
1272 1968 1425 2038 adipe
1453 1971 1593 2025 oculi
1616 1990 1823 2027 eorum.
1853 1976 2066 2032 Praeter

2166 1980 2219 2029 οί
2249 1975 2539 2045 ὀφθαλμοὶ
2567 1972 2793 2027 αὐτῶν·
2826 1973 2967 2025 καὶὸ
2999 1971 3227 2034 Ἀκύλας
3254 1970 3311 2023 δὲ
3339 1970 3541 2041 ὁμοίως
3569 1971 3753 2040 ἡρμή-

480 2060 597 2116 llaac
638 2061 851 2132 inquit:
892 2061 1240 2117 Transierunt
1268 2065 1323 2118 in
1368 2066 1614 2135 affectum
1645 2068 1821 2122 cordis
1860 2086 1878 2123 :
1918 2050 2066 2142 cogi-

2166 2085 2321 2122 νεῦσε
2349 2068 2553 2137 φήσας·
2593 2063 2880 2131 Ἐξῆλθον
2901 2062 3018 2118 ἀπὸ
3047 2063 3299 2129 στέατος
3320 2063 3613 2133 ὀφθαλμοὶ
3646 2064 3752 2116 αὺ-

482 2163 723 2209 taverunt
744 2164 794 2208 et
818 2155 983 2209 locuti
1015 2164 1138 2210 sunt
1170 2157 1225 2209 in
1254 2157 1577 2227 iniquitate:
1610 2176 1732 2230 qua:
1772 2162 1854 2217 sic
1890 2162 2064 2219 inter-

2164 2162 2299 2215 τῶν.
2340 2158 2451 2214 Εἶτ’
2492 2160 2584 2213 ἐπὶ
2629 2158 2871 2221 τούτοις·
2900 2156 3263 2225 Διήλθοσαν,
3300 2157 3486 2227 φησὶν,
3519 2158 3605 2221 εις
3631 2154 3754 2208 διά-

478 2254 730 2318 pretatur
761 2245 1127 2321 Symmachus
1156 2268 1168 2303 :
1204 2247 1580 2322 Praztergressi
1604 2262 1727 2307 sunt
1752 2271 1871 2326 qua:
1901 2271 2065 2326 appa—

2164 2254 2336 2306 θεσιν
2365 2249 2631 2319 καρδίας,
2686 2248 3094 2317 διενοήθησαν
3157 2247 3255 2300 καὶ
3310 2245 3630 2313 ἐλάλησαν
3682 2246 3753 2299 ὲν

479 2341 689 2404 rebant,
731 2340 890 2395 corde
942 2340 1242 2396 irridentes.
1275 2341 1413 2397 Nam
1456 2343 1577 2414 ipsa
1607 2359 1775 2416 opera
1807 2345 1903 2402 Dei
1941 2363 2065 2418 quae

2164 2343 2449 2411 πονηρίᾳ·
2488 2341 2524 2396 ἃ
2548 2342 2642 2395 καὶ
2678 2340 2817 2395 αὑτά
2867 2343 2896 2395 6
2931 2338 3227 2411 Σύμμαχος
3277 2339 3626 2410 ήρμήνευσεν
3658 2334 3752 2389 οὖ·-

480 2434 726 2488 omnium
758 2434 937 2489 oculis
965 2435 1411 2506 conspiciuntur,
1442 2444 1497 2492 et
1548 2446 1737 2509 aperta
1769 2438 2065 2509 providen-

2162 2454 2239 2489 τω
2257 2453 2271 2465 ·
2310 2433 2679 2503 Παρέϐαινον
2715 2434 2787 2487 τὰ
2826 2435 3157 2502 φαινόμενα
3190 2430 3265 2500 τῇ
3331 2430 3542 2499 καρδίᾳ
3577 2445 3754 2483 κατα-

480 2526 571 2583 tia:
600 2526 869 2582 miracula
900 2527 1498 2598 praetergrediebautur
1535 2548 1550 2585 :
1588 2544 1716 2585 cum
1743 2538 1927 2587 tamen
1958 2533 2063 2603 ipsi

2158 2526 2526 2598 μωκώμενοι.
2581 2525 2691 2579 Καὶ
2737 2524 2847 2596 γὰρ
2878 2523 3017 2578 αὐτὰ
3060 2523 3129 2578 τὰ
3160 2527 3274 2587 τοῖς
3305 2524 3523 2576 πάντων
3551 2521 3753 2591 ὀφθαλ-

478 2633 545 2675 ea
580 2619 951 2690 intelligerent
978 2626 1036 2675 et
1069 2630 1367 2692 caperent;
1424 2622 1520 2677 sed
1544 2623 1615 2678 ob
1664 2623 1914 2679 stultitia.-
1952 2624 2062 2680 vim

2167 2622 2285 2691 μοῖς
2324 2617 2579 2690 ὁρώμενα
2613 2617 2749 2688 ἔργα
2794 2616 2887 2670 τοῦ
2929 2616 3088 2681 Θεοῦ,
3122 2617 3216 2671 καὶ
3256 2615 3325 2669 τὰ
3368 2615 3623 2686 προφανῆ
3652 2614 3752 2684 τῆς

481 2712 786 2767 illudebant
816 2718 870 2766 et
892 2711 1223 2768 irridebant.
1253 2712 1482 2784 Insuper
1509 2715 1677 2769 locuti
1707 2725 1832 2769 sunt
1867 2716 1922 2769 in
1947 2732 2063 2769 ma—

2164 2712 2427 2783 Προνοίας
2477 2710 2731 2782 θαύματα
2780 2710 3108 2782 παρέϐαινον
3156 2701 3324 2773 οὗτοι,
3371 2707 3617 2770 νοοῦντες
3647 2706 3745 2776 μὲν

478 2802 622 2865 titia,
647 2812 697 2857 et
727 2803 1059 2874 iniquitatem
1084 2806 1139 2859 in
1169 2806 1436 2860 excelsum
1461 2806 1625 2860 locuti
1668 2815 1812 2862 sunt.
1850 2806 2060 2863 Posue-

2165 2805 2260 2858 καὶ
2287 2804 2558 2867 συνιέντες
2578 2804 2737 2867 αὐτὰ,
2771 2801 3241 2873 καταμωκώμενοι
3263 2801 3321 2854 δὲ
3343 2800 3435 2853 καὶ
3462 2798 3750 2870 χλευάζον-

480 2903 607 2947 runt
629 2892 683 2945 in
712 2892 905 2946 calum
936 2911 994 2948 os
1019 2911 1196 2958 suum,
1225 2903 1275 2949 et
1300 2894 1482 2965 lingua
1509 2912 1692 2950 eorum
1730 2898 1975 2954 transivit
2008 2901 2064 2953 in

2162 2913 2253 2960 τες
2274 2896 2339 2948 δι’
2373 2894 2677 2966 ὑπερϐολὴν
2720 2895 2995 2957 ἀπονοίας.
3038 2895 3159 2946 Ἔτι
3190 2893 3297 2964 μὴν
3317 2890 3637 2958 ἐλάλησαν
3681 2891 3752 2943 ἐν

481 2993 644 3039 terra.
690 2982 818 3041 Haec
847 3001 1016 3057 porro
1048 2985 1413 3058 Symmachus
1455 2987 1536 3042 sic
1582 2990 1877 3060 explicavit
1908 3010 1933 3047 :i
1958 2991 2064 3047 Lo-

2165 2989 2441 3057 πονηρίᾳ,
2491 2987 2591 3041 καὶ
2644 2986 2885 3041 ἀδικίαν
2922 2989 3010 3052 είς
3056 2985 3121 3039 τὸ
3168 2985 3327 3054 ὕψος
3367 2984 3746 3053 ἐφθέγγοντο.

476 3079 774 3147 quebantur
803 3093 923 3132 cum
958 3077 1132 3131 multa
1157 3078 1453 3143 calumnia,
1488 3088 1677 3133 contra
1699 3080 1961 3136 excelsum
1985 3083 2063 3137 ιο-

2168 3083 2417 3138 Ἔθεντό
2446 3098 2510 3134 τε
2558 3083 2644 3146 είς
2677 3081 2937 3149 οὐρανὸν
2975 3078 3039 3132 τὸ
3085 3080 3280 3147 στόμα
3316 3075 3543 3141 αὐτῶν,
3575 3075 3673 3128 καὶ
3711 3077 3748 3144 ή

476 3170 793 3242 quebantur.
849 3170 1153 3226 Posuerunt
1185 3172 1241 3225 in
1280 3171 1467 3226 caelum
1503 3189 1561 3227 os
1608 3190 1764 3227 suum
1808 3189 1827 3227 :
1878 3175 2106 3248 lingua(

2120 3193 2127 3247 ς
2160 3175 2415 3245 γλῶσσα
2466 3173 2665 3228 αὐτῶν
2702 3173 2953 3242 διῆλθεν
2989 3171 3087 3224 ἐπὶ
3117 3170 3227 3239 τῆς
3266 3170 3397 3241 γῆς.
3438 3171 3549 3224 Καὶ
3579 3167 3750 3222 ταῦτα

477 3273 656 3319 autem
696 3281 878 3320 eorum
908 3265 1364 3320 obambulationes
1415 3266 1472 3319 in
1528 3274 1692 3321 terra.
1731 3266 2056 3337 Blasphema

2161 3269 2219 3322 δὲ
2269 3271 2297 3322 6
2349 3267 2646 3339 Σύμμαχος
2691 3265 2863 3329 οὕτως
2914 3265 3285 3336 ήρμήνευσεν·
3346 3260 3639 3316 Ἐλάλουν
3678 3260 3747 3314 ἐν

477 3357 681 3428 quippe
729 3357 877 3413 dicta
922 3357 1267 3428 proierentes
1294 3364 1490 3412 contra
1525 3357 1720 3427 Deum,
1751 3359 1910 3430 quasi
1946 3376 2055 3414 non

2160 3357 2364 3427 πολλῇ
2390 3357 2785 3426 συκοφαντίᾳ,
2800 3356 2905 3409 τοῦ
2922 3355 3118 3422 ὕψους
3135 3352 3753 3406 κατελάλουν.Ἕτασ’-

477 3450 705 3513 videret,
734 3466 911 3521 neque
939 3450 1323 3519 curaret;.imo
1370 3452 1530 3522 quasi
1557 3452 1787 3506 omnino
1816 3467 1927 3507 non
1961 3468 2058 3508 ex-

2162 3466 2279 3504 σον
2294 3453 2380 3516 είς
2396 3449 2657 3518 οὐρανὸν
2672 3448 2735 3502 τὸ
2754 3448 2949 3517 στόμα
2964 3446 3161 3500 αὐτῶν
3180 3461 3191 3474 ’
3208 3445 3247 3513 ή
3274 3444 3343 3499 δὲ
3362 3444 3615 3515 γλῶσσα
3641 3446 3746 3497 αὐ-

476 3540 715 3604 sisteret.
768 3543 1118 3614 iniquitatem
1154 3543 1211 3599 in
1264 3545 1543 3600 excelsum
1578 3544 1751 3599 locuti
1786 3551 1937 3610 sunt,
1993 3560 2059 3600 ac

2162 3542 2281 3597 τῶν
2307 3540 2758 3611 περιπατήματα
2794 3540 2864 3593 ἐν
2892 3538 2967 3608 τῇ
3002 3537 3101 3608 γῇ.
3141 3538 3444 3609 Βλάσφημα
3474 3537 3583 3609 γάρ
3620 3553 3745 3609 προ-

475 3648 652 3705 usque
695 3635 764 3691 ad
804 3638 1005 3692 caelum
1038 3652 1102 3694 os
1137 3652 1297 3693 suum
1325 3636 1731 3706 extenderunt;
1784 3638 1890 3694 etsi
1920 3639 2058 3696 viles

2163 3635 2454 3707 φερόμενοι
2485 3636 2704 3705 ῥήματα
2768 3630 2910 3685 κατὰ
2938 3632 3030 3684 τοῦ
3058 3630 3215 3694 Θεοῦ,
3246 3631 3322 3694 ὡς
3348 3631 3485 3701 μήτε
3513 3628 3749 3701 ὁρῶντος

473 3732 661 3781 essent
680 3733 736 3780 et
764 3726 1007 3799 linguam
1032 3742 1189 3783 suam
1216 3728 1272 3782 in
1293 3735 1441 3783 terra
1462 3727 1748 3784 baberent.
1774 3726 1901 3784 Haec
1923 3745 2057 3786 sane

2166 3730 2303 3800 μήτε
2358 3724 2813 3788 ἐπισκοποῦντος,
2876 3726 3011 3795 μήτε
3063 3723 3169 3795 μὴν
3212 3722 3333 3776 ὅλον
3388 3722 3745 3792 ὑπάρχοντος,

475 3828 606 3872 sunt
639 3834 875 3889 quorum
906 3835 1076 3876 causa
1105 3835 1287 3876 meam
1314 3819 1490 3876 fateor
1540 3819 1951 3888 inﬁrmitatem;
1991 3837 2055 3877 ac

2163 3822 2373 3876 ἀδικίαν
2397 3823 2477 3883 εἰς
2498 3819 2560 3872 τὸ
2591 3818 2723 3888 ῦψος
2748 3817 3038 3887 ἐλάλησαν,
3069 3816 3163 3869 καὶ
3197 3816 3361 3887 μέχρι
3393 3814 3486 3868 τοῦ
3520 3812 3746 3884 οὐρανοῦ

474 3908 625 3963 velut
657 3909 712 3962 in
756 3910 919 3980 cippo
953 3910 1363 3965 accusationem
1413 3910 1660 3967 inscribo
1692 3925 1891 3977 meam,
1925 3913 2055 3982 quia

2163 3912 2426 3980 ἐξέτεινον
2460 3912 2667 3965 ἑαυτῶν
2686 3910 2747 3963 τὸ
2777 3910 2972 3980 στόμα·
3002 3909 3097 3962 καὶ
3123 3908 3301 3962 ταῦτα
3327 3908 3573 3962 ταπεινοὶ
3596 3906 3747 3968 ὄντες

472 4014 601 4068 pene
632 4003 762 4055 moti
783 4011 906 4055 sunt
934 4003 1087 4071 pedes
1113 4003 1234 4069 mei,
1267 4010 1317 4057 et
1352 4018 1481 4074 pene
1508 4003 1666 4073 effusi
1691 4013 1815 4058 sunt
1841 4022 2055 4075 gressus

2163 4008 2255 4060 καὶ
2275 4007 2370 4077 τὴν
2400 4004 2649 4074 γλῶσσαν
2682 4003 2775 4055 ἐπὶ
2809 4004 2911 4073 τῆς
2951 4003 3055 4073 γῆς
3102 4002 3335 4073 ἔχοντες.
3372 3998 3540 4054 Ταῦτ’
3580 3994 3647 4069 ἦν
3680 3996 3745 4050 δι’

477 4091 599 4153 mei,
655 4093 780 4162 quia
830 4093 997 4148 τοίαυὶ
1042 4109 1198 4162 super
1235 4095 1467 4164 iniquos,
1508 4109 1689 4163 pacem
1720 4107 2056 4166 peccatorum

2161 4100 2197 4153 δι
2228 4099 2539 4170 ὡμολόγουν
2575 4096 2635 4150 τὸ
2678 4095 2917 4165 ἐμαυτοῦ
2952 4094 3142 4159 πάθος,
3181 4094 3299 4148 κατ’
3336 4090 3578 4163 ἐμαυτοῦ
3625 4105 3746 4158 στη-

474 4183 675 4237 videns.
2160 4192 2384 4245 λιτεύων
2417 4190 2691 4261 ἔγγραφον
2726 4187 3078 4257 κατηγορίαν,
3108 4186 3203 4239 καὶ
3222 4187 3304 4238 ὅτι
3337 4184 3499 4254 παρὰ
3532 4180 3748 4253 μικρὸν

472 4274 898 4343 ἐσαλεύθησαν
923 4279 977 4330 οἱ
1044 4276 1225 4343 πόδες
1241 4294 1381 4347 μου,
1439 4278 1538 4331 καὶ
1598 4293 1717 4346 παρ
1769 4280 1978 4350 ὀλίγον
2032 4282 2288 4352 ἐξεχύθη
2334 4283 2404 4336 τὰ
2463 4278 2793 4348 διαδήματα
2830 4294 2970 4347 μου,
3014 4277 3102 4329 ὅτι
3146 4275 3423 4342 ἐζήλωσα
3462 4274 3563 4328 ἐπὶ
3622 4269 3747 4339 τοῖς

475 4368 743 4440 ἀνόμοις,
768 4369 1018 4438 εἰρήνην
1046 4368 1408 4439 ἁμαρτωλῶν
1436 4370 1687 4439 θεωρῶν.

437 4504 447 4513 ο
548 4485 717 4541 Vens.
752 4484 839 4538 10.
906 4480 1035 4537 Ideo
1082 4476 1421 4539 'conuértetur
1480 4484 1705 4553 populus
1765 4500 1911 4539 meus
1942 4484 2061 4551 hic,

2112 4508 2139 4562 ο
2237 4481 2339 4533 Διὰ
2367 4476 2541 4530 τοῦτο
2574 4474 2923 4544 ἐπιστρέψει
2962 4476 2995 4527 ὁ
3023 4475 3173 4540 λαός
3196 4491 3316 4542 μου
3344 4474 3622 4539 ἐνταῦθα,
3646 4477 3742 4530 καὶ

472 4588 524 4633 et
557 4578 669 4631 des
697 4574 836 4645 pleni
858 4574 1188 4628 invenientur
1215 4573 1270 4627 in
1295 4575 1391 4629 eis.
1419 4573 1597 4629 Athea
1626 4575 1721 4629 illa
1755 4576 2051 4647 impiorum

2160 4572 2374 4643 ’ἡμέραι
2405 4567 2660 4637 πλήρεις
2689 4567 3120 4635 εὑρεθήσονται
3163 4567 3234 4619 ἐν
3269 4567 3499 4633 αὐτοῖς.
3533 4569 3612 4622 Τὰ
3650 4571 3743 4640 μὲν

474 4670 623 4726 dicta
652 4676 925 4725 eteorum
983 4666 1265 4738 superbia,
1322 4681 1444 4736 quae
1478 4681 1661 4721 rerum
1716 4669 2051 4738 potiebatur,

2160 4664 2295 4720 ἄθεα
2321 4661 2428 4716 τῶν
2485 4659 2696 4715 ἀσεϐῶν
2751 4661 2969 4732 ῥήματα
3015 4659 3109 4712 καὶ
3138 4659 3170 4729 ἡ
3204 4659 3529 4729 κρατήσασα
3566 4660 3743 4713 αὐτῶν

475 4763 603 4818 talis
642 4766 761 4816 erat
796 4758 976 4830 qualis
1006 4763 1445 4813 commonstrata
1491 4764 1597 4813 est.
1642 4756 1755 4813 Nec
1802 4759 2057 4830 ignoran-

2161 4756 2508 4828 ὑπερηφανία
2534 4754 2755 4823 τοιαύτη
2793 4770 2875 4815 τις
2892 4748 2960 4822 ἦν
2983 4752 3070 4804 οἶα
3094 4750 3409 4821 δεδήλωται.
3435 4751 3556 4822 Χρὴ
3588 4752 3646 4805 δὲ
3670 4753 3742 4823 μὴ

473 4856 603 4912 dum
623 4856 739 4910 bazc
756 4854 873 4925 ipsa
890 4852 1091 4923 populo
1109 4866 1231 4907 meo
1257 4851 1312 4905 in
1340 4851 1545 4906 bonum
1569 4852 1825 4908 vertisse.
1847 4851 2055 4906 Etiam-

2158 4852 2392 4919 ἀγνοεῖν,
2443 4849 2518 4912 ὡς
2551 4845 2694 4900 αὐτά
2737 4844 2908 4898 ταῦτα
2945 4844 3081 4915 πρὸς
3105 4842 3311 4911 ἀγαθοῦ
3342 4843 3631 4913 γεγένηται
3670 4842 3743 4913 τῷ

474 4952 521 5005 si
581 4949 727 5005 enim
780 4947 849 5003 ad
898 4945 1172 5018 quoddam
1212 4951 1429 5013 tempus
1471 4944 1707 5015 populus
1742 4961 1895 5001 meus
1951 4946 2055 4999 im-

2160 4942 2277 5013 ἐμῷ
2304 4940 2439 5011 λαῷ.
2470 4942 2535 4994 Εἰ
2567 4938 2677 5009 γὰρ
2705 4937 2801 4991 καὶ
2840 4935 2910 4988 τὰ
2954 4934 3186 5006 μάλιστα
3219 4935 3355 5006 πρός
3379 4951 3501 4986 τινα
3553 4934 3743 5005 καιρὸν

474 5041 582 5112 piis
607 5040 716 5095 illis
741 5039 807 5095 ad
835 5045 1187 5109 peccatorum
1233 5035 1606 5105 expiationem
1644 5035 1878 5091 traditus
1916 5037 1988 5091 sit
2035 5054 2048 5089 :

2156 5035 2340 5095 αὐτοῖς
2374 5031 2603 5094 ἐκείνοις
2646 5030 2757 5091 τοῖς
2790 5025 3039 5080 ἀσεϐέσιν
3070 5027 3098 5079 6
3135 5024 3269 5095 ὲμὸς
3312 5023 3439 5086 λαὸς
3470 5024 3740 5095 παρεδόθη

476 5132 576 5187 sed
616 5129 867 5188 stultitiae
900 5141 1093 5182 eorum
1148 5126 1563 5197 exsuperantia,
1618 5141 1738 5195 qua
1788 5127 1959 5181 ruinae
1988 5142 2052 5181 ac

2157 5129 2237 5187 εἰς
2289 5123 2555 5196 ἔκπραξιν
2612 5119 3049 5194 ἁμαρτημάτων,
3086 5117 3201 5170 ἀλλ’
3248 5118 3282 5187 ἡ
3337 5114 3610 5187 ὑπερϐολὴ
3645 5118 3741 5186 τῆς

479 5220 743 5296 perniciei
777 5220 913 5291 ipsis
944 5232 1109 5274 causa
1138 5216 1262 5282 fuit,
1297 5216 1615 5287 quiescendi
1647 5232 1711 5270 ac
1742 5218 2052 5287 respirandi

2155 5214 2262 5268 τῶν
2293 5213 2700 5286 προλεχθέντων
2727 5209 3005 5274 ἀπονοίας,
3044 5207 3251 5261 πτῶσιν
3282 5207 3466 5269 αὐτοῖς
3504 5208 3742 5277 ἐργασα-

482 5316 660 5370 locum
687 5312 889 5383 popqu
910 5325 1031 5365 meo
1062 5308 1235 5364 dabit.
1268 5307 1404 5362 Nam
1443 5324 1567 5364 cum
1597 5308 1673 5361 illi
1705 5308 1776 5363 ob
1801 5308 2052 5377 impieta-

2158 5305 2290 5376 μένη
2325 5303 2420 5356 καὶ
2458 5302 2678 5374 ὀλέθρου
2709 5301 2978 5371 γενομένη
3022 5300 3205 5362 αὐτοῖς
3225 5299 3394 5359 αἰτία,
3427 5296 3607 5351 ἄνεσιν
3648 5298 3740 5349 καὶ

481 5414 563 5460 tes
616 5416 746 5459 suas
800 5400 1040 5471 prolapsi
1092 5398 1390 5470 perierint,
1429 5407 1754 5453 convertetur
1826 5398 2051 5467 populus

2154 5399 2428 5469 ἀναπνοὴν
2482 5396 2559 5467 τῷ
2610 5396 2728 5467 ὲμῷ
2775 5395 2999 5466 παρέξει
3043 5393 3175 5463 λαῷ.
3228 5392 3599 5445 Ἐκπεσὸντων
3632 5390 3740 5461 γὰρ

480 5512 623 5551 meus-
660 5494 784 5557 hic;
824 5492 879 5547 id
908 5499 1014 5557 est,
1064 5493 1121 5547 in
1154 5491 1413 5563 prtesenti
1449 5491 1556 5546 vita
1601 5510 1614 5546 :
1667 5500 1715 5545 et
1757 5491 1866 5544 dies
1913 5490 2053 5559 pleni

2153 5491 2375 5544 ἐκείνων
2412 5489 2505 5542 καὶ
2546 5488 2893 5558 ἀπολομένων
2926 5486 3014 5539 διὰ
3057 5485 3158 5548 τὰς
3196 5485 3405 5548 οἰκείας
3440 5483 3730 5548 ἀσεϐείας,

479 5586 805 5642 invenientur
838 5586 894 5638 in
927 5585 1039 5650 eis;
1077 5584 1133 5639 id
1162 5593 1270 5650 est,
1304 5586 1360 5639 in
1392 5585 1458 5640 iis
1490 5599 1520 5638 e
1552 5584 1756 5654 p0pulo
1790 5598 1913 5637 meo
1959 5583 2050 5651 qui

2154 5587 2187 5638 ό
2216 5585 2366 5649 λαός
2393 5601 2506 5651 μου
2557 5580 2912 5649 ἐπιστρέψει
2943 5579 3232 5642 ἐνταῦθα,
3274 5579 3551 5630 τουτέστιν
3581 5578 3638 5629 ὲν
3657 5573 3738 5643 τῷ

477 5679 629 5748 digni
663 5677 886 5732 iuerint.
936 5676 1062 5732 Dies
1090 5677 1238 5747 pleni
1282 5685 1465 5730 autem
1494 5682 1624 5730 sunt
1657 5675 1718 5738 ii,
1754 5675 1845 5744 qui
1873 5676 2052 5730 omnis

2152 5677 2381 5747 παρόντι
2409 5674 2539 5745 βιῳ·
2576 5673 2676 5727 καὶ
2702 5672 2908 5743 ἡμέραι
2942 5669 3196 5739 πλήρεις
3210 5668 3639 5737 εὑρεθήσονται
3668 5666 3738 5720 ὲν

474 5770 602 5825 boni
636 5769 827 5838 repleti
855 5778 1006 5835 sunt,
1035 5775 1089 5823 et
1119 5768 1214 5838 qui
1244 5768 1454 5839 justum
1481 5768 1608 5821 vita
1631 5768 1869 5838 Spatium
1896 5782 2053 5822 com-

2152 5767 2377 5833 αὐτοῖς,
2399 5766 2596 5839 δηλαδὴ
2631 5768 2745 5829 τοῖς
2790 5766 2847 5817 ὲν
2888 5763 2966 5835 τῷ
2995 5761 3113 5832 ἐμῷ
3143 5761 3256 5832 λαῷ
3285 5760 3472 5825 ἀξίοις.
3502 5760 3746 5839 Πλήρειςἶ

476 5865 645 5937 plent.
678 5858 769 5918 Sic
797 5862 999 5920 alicubi
1025 5861 1227 5919 dicitur
1260 5882 1272 5917 :
1334 5860 1581 5916 Mortuus
1613 5867 1692 5916 est
1725 5859 1909 5929 plenus
1940 5860 2052 5916 dic-
2090 5930 2106 5937 _

2107 5931 2115 5937 _
2153 5861 2208 5915 δὲ
2238 5860 2443 5932 ἡμέραι
2468 5859 2603 5911 εἰσὶν
2625 5860 2676 5911 ai
2710 5857 2912 5920 παντὸς
2928 5854 3135 5925 ἀγαθοῦ
3173 5852 3620 5924 πεπληρωμέναι,
3642 5849 3737 5902 καὶ

2085 5930 2116 5940 Α
