4128 6392
412 412 514 466 851

1478 396 1481 403 λ
1543 411 2057 469 COMMENTARIA
2087 414 2154 469 IN
2190 415 2531 472 PSALMOS.

3556 415 3662 471 852

412 532 503 583 τὸν
548 531 745 583 οἰκεῖον
782 530 968 601 χρόνον
1012 531 1109 600 τῆς
1152 530 1297 602 ζωῆς
1339 531 1773 603 αποπληροῦσαι.
1837 533 1985 587 Οὕτω

2097 553 2213 588 rum
2238 536 2276 588 ί.
2311 534 2459 590 Meus
2484 550 2612 606 ergo
2637 535 2869 606 populus
2902 534 2972 587 ab
3003 533 3071 589 iis
3101 532 3391 586 utilitatem
3424 531 3657 600 accepit.

407 624 656 677 λέλεκταί
702 641 825 688 που,
870 624 949 675 ὅτι
1001 623 1310 691 Ἐκοιμήθη
1346 623 1582 691 πλήρης
1624 624 1876 693 ἡμερῶν.
1933 626 1989 677 '0

413 715 511 785 μὲν
555 711 650 767 οὖν
701 715 832 784 ἐμὸς
874 714 1001 778 λαὸς
1035 716 1100 767 ἐκ
1130 713 1340 768 τούτων
1378 714 1682 786 ὡφέληται’
1712 716 1767 769 οἵ
1791 733 1853 785 γε
1883 718 1989 788 μὴν

410 806 797 878 προλεχθέντες
830 805 1045 868 ἀσεϐεῖς
1094 804 1189 858 καὶ
1228 804 1375 858 ἄθεοι
1404 804 1576 869 οὕτως
1613 806 1863 877 ἠσέϐουν,
1912 809 1990 873 ὡς

410 898 536 959 τοὺς
559 896 799 967 ὁρῶντας
850 896 1149 967 ἀμηχανεῖν
1191 896 1287 948 καὶ
1334 896 1539 965 λέγειν·
1576 897 1709 963 Πῶς
1760 898 1913 969 ἔγνω
1956 904 1990 954 ὁ

412 986 575 1051 Θεὸς,
628 985 724 1039 καὶ
756 988 809 1039 εἱ
841 986 973 1039 ἔστι
1011 985 1233 1056 γνῶσις
1269 987 1339 1040 ἐν
1361 986 1442 1053 τῷ
1478 987 1762 1056 Tib-iaceo;
1799 992 1846 1043 εἰ
1879 991 1988 1062 γάρ

410 1081 557 1131 ἐστιν
587 1080 644 1131 ἐν
692 1078 768 1150 τῷ
826 1079 1067 1150 ’Υψίστῳ
1104 1080 1325 1147 γνῶσις,
1374 1081 1469 1135 καὶ
1507 1082 1555 1134 εἰ
1580 1081 1750 1135 ταῦτα
1794 1085 1984 1155 ἐφορᾷ,

410 1170 505 1223 καὶ
566 1169 692 1233 τούς
742 1170 835 1224 ἐπὶ
887 1170 991 1241 γῆς
1040 1172 1346 1237 ἐπισκοπεῖ,
1396 1172 1514 1236 πῶς
1569 1165 1715 1226 οὗτοι
1764 1174 1987 1228 τοιαῦτα

408 1254 640 1326 δρῶντες
698 1256 1034 1326 εὐθηνοῦσιν,
1087 1260 1180 1311 καὶ
1234 1261 1314 1322 εἰς
1358 1260 1450 1313 τὸν
1495 1261 1667 1314 αἰῶνα
1725 1263 1987 1333 κατέσχον

408 1346 670 1412 πλούτου;
698 1346 869 1416 Κάγὼ
908 1348 985 1412 δέ,
1006 1348 1176 1402 ταῦτα
1206 1349 1446 1421 θεωρῶν,
1472 1350 1845 1424 ἐθορυϐούμην
1876 1358 1988 1417 τοῖς

409 1437 706 1508 λογισμοῖς,
754 1439 829 1502 ῶς
868 1439 1003 1510 πρὸς
1047 1440 1282 1510 ἐμαυτὸν
1322 1442 1556 1495 ἐννοεῖν·
1592 1442 1836 1509 Μήποτε
1872 1444 1988 1514 ἄρα

402 1532 667 1601 ματαίως
691 1530 1015 1585 ἐδικαίωσα
1049 1532 1165 1601 τὴν
1212 1534 1463 1602 καρδίαν
1482 1552 1621 1602 μου,
1652 1536 1748 1589 καὶ
1780 1535 1987 1604 ἐνιψά-

403 1640 528 1693 μην
554 1623 625 1676 ἐν
656 1623 866 1689 ἀθώοις
886 1623 991 1690 τὰς
1013 1624 1214 1692 χεῖράς
1232 1644 1352 1695 μου
1376 1666 1390 1688 ,
1427 1627 1525 1679 καὶ
1557 1627 1850 1696 ἐγενόμην
1884 1645 1986 1695 με-

404 1716 854 1785 μαστιγωμένος
893 1714 1047 1783 ὅλην
1099 1715 1216 1784 τὴν
1247 1717 1495 1786 ἡμέραν,
1541 1718 1638 1770 καὶ
1679 1721 1712 1771 ό
1737 1718 1985 1789 ἔλεγχός

400 1825 520 1877 μου
561 1809 647 1874 εὶς
711 1807 817 1873 τὰς
863 1809 1124 1875 πρωΐας;
1153 1810 1217 1861 Εἰ
1258 1808 1367 1880 γὰρ
1401 1812 1511 1873 τοῖς
1566 1810 1640 1880 μὴ
1681 1808 1852 1863 ταῦτα
1886 1826 1984 1862 πε-

2097 627 2179 681 llli
2222 643 2350 683 vero
2386 627 2627 697 praedicti
2674 627 2825 696 impii
2855 635 2909 681 et
2934 626 3079 681 atbei
3111 640 3178 679 eo
3210 638 3383 693 usque
3411 622 3664 691 impieta-

2096 720 2166 773 tis
2198 725 2587 789 proruperunt,
2638 724 2697 770 ut.
2738 718 2831 787 qui
2882 717 3139 771 videbant
3173 722 3395 784 stupore
3422 712 3662 783 perculsi

2096 808 2341 864 dicerent
2381 829 2394 863 :
2443 808 2718 875 Quomodo
2749 809 2847 862 scit
2882 807 3039 871 Deus,
3087 816 3136 862 et
3170 808 3216 861 si
3244 814 3321 860 est
3354 803 3577 860 scientia
3608 805 3664 857 in

2096 899 2414 954 Altissimo?
2465 898 2600 952 Nam
2644 901 2691 955 si
2734 900 2788 953 in
2821 900 3106 954 Altissimo
3135 898 3360 953 scientia
3406 898 3659 958 exsistat,

2096 991 2251 1061 isque
2294 994 2426 1046 talia
2458 992 2659 1057 videat,
2712 992 3127 1062 terrigenasque
3170 996 3345 1053 curet,
3381 1003 3551 1058 quare
3581 987 3661 1041 illi

2093 1086 2224 1137 talia
2264 1085 2489 1141 edentes
2524 1084 2765 1139 facinora
2789 1100 3051 1155 prospere
3076 1092 3264 1154 agunt,
3290 1090 3343 1137 ct
3381 1083 3437 1136 in
3483 1095 3659 1137 saecu-

2096 1174 2203 1227 lum
2241 1189 2415 1242 usque
2448 1174 2668 1228 divitias
2695 1174 2981 1229 obtinent?
3003 1173 3129 1227 llaec
3148 1187 3279 1228 vero
3311 1170 3661 1240 conspicatus

2093 1280 2215 1335 ego,
2240 1265 2664 1335 cogitationibus
2694 1266 2978 1329 turbabar,
3015 1264 3087 1317 ita
3122 1270 3198 1315 'ut
3232 1275 3399 1331 penes
3453 1275 3538 1315 me
3567 1274 3661 1315 co-

2092 1358 2342 1425 gitarem,
2377 1355 2648 1426 Numquid
2684 1359 2798 1411 sine
2822 1374 2985 1410 causa
3007 1356 3302 1425 justi/icavi
3348 1371 3439 1408 cor
3467 1370 3657 1416 meum,

2093 1456 2141 1499 et
2166 1446 2267 1499 lavi
2298 1446 2433 1500 inter
2461 1448 2758 1501 innocentes
2803 1463 2988 1500 manus
3032 1463 3209 1509 meas,
3260 1453 3308 1498 et
3360 1445 3439 1513 [ui
3485 1445 3664 1515 ﬂagel-

2095 1539 2237 1592 latus
2280 1550 2391 1593 tota
2424 1540 2530 1603 die,
2571 1551 2620 1593 et
2650 1542 2932 1611 castigatio
2979 1557 3096 1594 mea
3125 1541 3181 1592 in
3226 1540 3549 1593 matutinis?
3605 1538 3662 1593 Si

2092 1632 2237 1685 enim
2274 1632 2342 1687 iis
2375 1633 2468 1701 qui
2500 1633 2612 1687 hinc
2637 1634 2859 1687 minime
2881 1642 3148 1704 peragunt
3182 1638 3333 1686 tanta
3366 1632 3498 1686 insit
3532 1647 3661 1701 pro-

2093 1723 2351 1791 speritas,
2410 1725 2464 1778 in
2506 1740 2704 1778 vanum
2734 1739 2861 1793 ergo
2884 1725 3093 1786 laboro,
3127 1721 3402 1792 superﬂue
3434 1722 3665 1791 justitiaa

2096 1816 2312 1880 studeo,
2357 1814 2561 1872 frustra
2614 1822 2668 1871 et
2692 1816 2974 1871 incassum
3016 1830 3211 1868 manus
3240 1822 3294 1869 et
3320 1819 3476 1868 actus
3511 1827 3663 1865 meos

407 1899 657 1970 ποιηκόσι
715 1898 949 1970 τοσαύτη
998 1900 1262 1971 πάρεστιν
1307 1900 1578 1971 εὐθυμία,
1632 1903 1712 1965 εἰς
1763 1902 1985 1973 μάταιον

2090 1907 2296 1978 iniquis
2326 1909 2585 1977 operibus
2615 1923 2785 1978 puros
2822 1907 3072 1971 servavi;
3111 1906 3312 1960 frustra
3347 1904 3576 1974 jeiuuiis
3608 1912 3663 1959 et

407 1988 513 2060 ἄρα
546 1988 655 2057 ἐγὼ
685 1988 879 2052 κοπιῶ,
901 1990 993 2042 καὶ
1012 1990 1283 2061 περιττῶς
1299 1991 1614 2045 ἐσπούδακα
1639 1993 1987 2064 δικαιοσύνης

411 2083 819 2153 ἐπιμελόμενοςο
841 2084 969 2155 εἰκῆ
995 2083 1051 2136 δὲ
1068 2084 1161 2137 καὶ
1177 2084 1351 2155 μάτην
1366 2083 1606 2153 ἐφύλαξά
1630 2101 1728 2155 μου
1745 2086 1843 2149 τὰς
1870 2089 1985 2157 χεῖ-

410 2189 508 2243 ρας
520 2172 717 2236 καὶτὰς
730 2171 955 2245 πράξεις
967 2172 1026 2237 ἐξ
1044 2172 1243 2226 ἀδίκων
1260 2172 1454 2245 ἔργων’
1473 2174 1596 2243 εἰκῆ
1610 2176 1701 2227 κα)⁸
1714 2176 1985 2247 νηστείαις

406 2264 499 2316 καὶ
528 2265 919 2329 κακοπαθείαις
944 2263 1298 2336 κατατρύχων
1330 2266 1564 2337 ἐμαυτὸν
1590 2267 1683 2319 καὶ
1709 2267 1983 2338 μαστίζων

404 2356 583 2407 πᾶσαν
631 2355 845 2427 ἡμέραν
899 2356 1204 2410 διετέλεσα*
1253 2358 1376 2428 εἰκῆ
1410 2358 1502 2411 καὶ
1534 2358 1709 2429 μάτην
1733 2359 1978 2423 ἐπόνουν,

403 2445 520 2517 ἅμα
552 2450 616 2518 τῇ
649 2448 723 2519 ἐῳ
740 2449 1093 2520 ἀνιστάμενος
1120 2449 1211 2501 καὶ
1238 2449 1577 2521 ἐξαγορεύων
1607 2453 1665 2503 ἐν
1693 2453 1812 2514 ταῖς
1847 2453 1983 2523 πρὸς

402 2539 493 2591 τὸν
521 2538 656 2593 Θεὸν
683 2541 867 2611 εὐχαῖς
890 2542 987 2605 τὰς
1012 2541 1248 2614 ἐμαυτοῦ
1274 2542 1551 2613 ἁμαρτίας
1580 2542 1984 2613 ἀποκλαόμενός

402 2647 461 2683 τε
513 2632 606 2685 καὶ
648 2634 773 2696 τούς
834 2637 954 2687 κατ’
1006 2634 1246 2705 ἐμαυτοῦ
1302 2635 1596 2706 προφέρων
1643 2635 1898 2706 ἐλέγχους
1925 2638 1981 2689 ἐν

403 2726 519 2788 ταῖς
553 2726 689 2797 πρὸς
715 2726 805 2779 τὸν
834 2726 965 2779 Θεὸν
996 2727 1439 2799 ἐξομολογήσεσι.
1472 2726 1638 2781 Ταῦτ’
1659 2723 1727 2799 ἦν
1758 2727 1794 2781 ἃ
1828 2726 1981 2781 ἐνθυ-

408 2816 506 2885 μού
515 2835 693 2887 μενος,
719 2819 869 2889 παρὰ
906 2820 1101 2892 μικρὸν
1135 2820 1493 2891 ἐσαλευόμην.
1535 2819 1680 2873 Ἀντῖ
1700 2819 1757 2873 δὲ
1776 2819 1980 2874 τούτων

2093 2001 2355 2055 arumnis
2385 2015 2470 2053 me
2499 1998 2745 2070 quotidie
2772 1996 3037 2069 ﬂagellavi
3060 2005 3113 2050 et
3145 1996 3448 2061 maceravi;
3481 1995 3665 2050 incas—

2094 2106 2215 2147 sum
2244 2091 2511 2156 laboravi,
2537 2105 2661 2145 cum
2685 2105 2884 2145 aurora
2912 2104 3142 2159 surgens
3160 2098 3211 2143 et
3237 2089 3293 2141 in
3321 2087 3662 2141 orationibus

2093 2181 2230 2237 meis
2261 2189 2483 2250 peccata
2525 2195 2643 2235 mea
2672 2180 2940 2234 confitens
2970 2193 3034 2231 ac
3071 2177 3383 2247 deplorans,
3412 2185 3575 2245 atque
3604 2176 3660 2230 in

2092 2271 2536 2328 confessionibus
2558 2271 2668 2327 Deo
2698 2272 2917 2328 emissis
2964 2270 3345 2325 accusationes
3371 2267 3660 2323 adversum

2086 2379 2174 2418 me
2202 2362 2502 2433 proferens.
2532 2362 2659 2418 Haec
2686 2371 2843 2418 erant
2870 2378 2990 2435 quae
3025 2362 3152 2415 dum
3184 2360 3482 2431 c0gitarem
3524 2374 3663 2429 pene

2087 2455 2293 2511 elfusus
2324 2471 2468 2511 sum.
2506 2454 2613 2509 Pro
2647 2454 2757 2509 illis
2784 2469 2915 2510 vero
2948 2452 3310 2524 Symmachus
3356 2452 3436 2506 sic
3485 2451 3658 2505 inter-

2089 2556 2333 2617 pretatus
2368 2554 2488 2603 est:
2526 2546 2799 2601 Fortassis
2832 2548 2999 2617 igitur
3016 2555 3064 2599 et
3091 2562 3183 2614 ego
3209 2544 3414 2613 frustra
3436 2541 3658 2611 purgan

2087 2640 2323 2692 animam
2355 2656 2545 2705 meam,
2568 2650 2619 2693 et
2650 2638 2755 2692 lavi
2784 2640 2839 2691 in
2869 2638 3167 2691 innocentia
3200 2653 3386 2689 manus
3406 2652 3572 2700 meas,
3608 2644 3661 2687 et

2086 2712 2407 2799 perseveravi
2436 2730 2652 2785 delusus
2689 2730 2911 2801 singulis
2953 2728 3159 2795 diebus,
3209 2738 3259 2784 et
3312 2727 3653 2797 reprehensus

2088 2823 2309 2892 singulis
2344 2823 2641 2877 matutinis.

402 2911 431 2963 ὁ
478 2913 773 2984 Σύμμαχος
808 2915 996 2968 τοῦτον
1024 2916 1334 2986 ἡρμήνευσε
1364 2914 1456 2968 τὸν
1491 2915 1691 2987 τρόπον
1718 2932 1731 2945 ·
1808 2916 1978 2981 Ἴσως
2017 2910 2131 2970 οὗν
2157 2916 2317 2986 κάγὼ
2332 2919 2531 2986 μάτην
2552 2917 2812 2985 ὲκάθαρα
2831 2915 3168 2987 τὴνψνυχήν
3182 2934 3323 2985 μου,
3387 2915 3487 2968 καὶ
3538 2913 3657 2966 ἐνι-

405 3009 720 3077 πτόμηνὲν
747 3009 1163 3079 ἀναμαρτησίᾳ
1236 3010 1343 3075 τὰς
1408 3009 1613 3079 χεῖράς
1634 3028 1776 3079 μου,
1841 3010 1939 3064 καὶ
1970 3010 2283 3066 διετέλεσα
2322 3012 2828 3082 μυκτηριζόμενος
2883 3012 3009 3065 καθ’
3065 3010 3334 3078 ἑκάστην
3375 3010 3645 3080 ἡμέραν,

404 3101 501 3155 καὶ
539 3104 935 3174 ἐλεγχόμενος
962 3105 1089 3160 καθ’
1122 3104 1384 3161 ἕκαστον
1409 3105 1643 3174 ὄρθρον.

478 3215 544 3269 El
591 3217 825 3286 ἔλεγον.
867 3218 1235 3287 Διηγήσομαι
1286 3218 1493 3285 οὕτως,
1530 3219 1658 3273 ἰδοὺ
1696 3221 1774 3289 τῇ
1810 3219 1985 3290 γενεᾷ

2161 3216 2329 3274 Vens.
2363 3218 2547 3272 15-17.
2580 3215 2639 3271 Si
2664 3215 2924 3278 dicebam,
2958 3213 3211 3268 Narrabo
3238 3216 3333 3277 sic,
3365 3231 3480 3267 ecce
3504 3230 3658 3283 gene-

405 3306 526 3360 τῶν
560 3308 705 3361 υἱῶν
753 3323 870 3362 σου
919 3310 1337 3378 ἠσυντέθεικα.
1370 3311 1483 3364 Kal
1532 3313 1840 3367 ὑπέλαϐον
1878 3313 1987 3367 τοῦ

406 3399 626 3469 γνῶναι
662 3400 858 3463 τοῦτο,
910 3402 1095 3468 κόπος
1118 3402 1290 3456 ἐστὶν
1322 3402 1579 3457 ἐνώπιόν
1611 3421 1757 3473 μουο
1784 3405 1894 3471 ἕως
1912 3400 1985 3461 οὗ

405 3492 656 3546 εἰσέλθω
702 3494 790 3558 εἰς
827 3492 892 3545 τὸ
923 3493 1315 3562 ἀγιαστήριον
1350 3494 1457 3547 τοῦ
1488 3495 1655 3558 Θεοῦ,
1692 3495 1788 3550 καὶ
1819 3496 1987 3551 συνῶ

405 3589 494 3655 εὶς
518 3588 589 3641 τὰ
609 3589 841 3657 ἔσχατα
867 3587 1084 3641 αὐτῶν.
1108 3589 1189 3641 Τὰ
1219 3587 1583 3659 προλεχθέντα
1610 3591 1666 3641 ἐν
1681 3592 1792 3652 τοῖς
1818 3591 1987 3661 ἐμαυ-

406 3676 499 3734 τοῦ
549 3679 825 3750 λογισμοῖς
872 3680 1211 3751 ἐνεθυμήθην
1250 3680 1382 3733 αὐτὸ
1424 3681 1603 3751 μόνον,
1655 3681 1738 3749 ἐφ’
1763 3676 1861 3745 οἷς·
1890 3682 1983 3735 καὶ

408 3771 742 3828 ἐκινδύνευον
767 3771 923 3827 σάλον
953 3772 1165 3835 παθεῖν,
1201 3772 1261 3825 οὐ
1301 3772 1406 3844 μὴν
1436 3774 1527 3826 καὶ
1550 3772 1873 3845 ἐξηγόρευον
1905 3776 1985 3838 είς

409 3862 646 3935 ἐτέρους.
687 3864 749 3916 Εἰ
771 3862 878 3934 γὰρ
902 3862 1093 3934 κρίνας
1125 3863 1265 3916 οὕτω
1298 3867 1513 3936 φρονεῖν
1545 3864 1642 3937 τὴν
1675 3864 1831 3918 ἄθεον
1850 3863 1982 3916 ταύ-

407 3975 506 4029 την
556 3957 900 4011 διδασκαλίαν
937 3958 1237 4029 προέφερον
1265 3959 1345 4020 εἰς
1372 3958 1623 4029 ἐτέρουςο
1662 3956 1985 4029 παραϐάτης

410 4050 477 4105 ἂν
508 4050 767 4119 ἐγενόμην
791 4048 898 4101 τῶν
926 4050 1165 4103 εὐσεϐῶν
1196 4049 1500 4120 δογμάτων,
1537 4050 1629 4103 καὶ
1661 4051 1758 4112 τὰς
1784 4049 1984 4121 συνθή-

410 4158 511 4207 κας
545 4141 608 4194 ἂν
642 4140 915 4212 παρῆλθον
944 4144 1043 4211 τῆς
1062 4142 1254 4210 γενεᾶς
1282 4140 1389 4196 τῶν
1413 4141 1520 4197 σῶν
1550 4141 1772 4195 τέκνων.
1810 4142 1985 4195 Τέκνα

410 4232 516 4303 γάρ
553 4249 644 4285 σου
702 4232 794 4285 τοῦ
828 4232 963 4285 Θεοῦ
1018 4234 1215 4296 πάντες
1265 4234 1553 4302 γεγόνασιν
1600 4236 1648 4286 oi
1698 4234 1841 4302 ἆγιοι
1891 4234 1985 4287 καὶ

412 4323 673 4391 θεοφιλεῖς
699 4323 908 4395 ἄνδρες.
933 4324 1107 4377 Τενεὰ
1128 4324 1184 4377 δὲ
1210 4323 1388 4378 αὐτῶν
1414 4326 1446 4395 ἡ
1475 4323 1535 4389 ἐξ
1562 4324 1740 4377 αὐτῶν
1768 4324 1983 4395 διαδοχὴ

410 4414 518 4467 τῶν
537 4415 729 4482 ἁγίων,
777 4410 852 4467 ὧν
888 4413 956 4466 τὰ
994 4413 1291 4485 μαθήματα
1328 4413 1422 4467 καὶ
1443 4413 1511 4468 τὰ
1544 4414 1791 4483 δόγματα
1816 4431 1985 4484 παρε-

414 4504 623 4573 χάραξα
675 4504 762 4565 ἂν,
813 4507 862 4557 εἰ
904 4504 1205 4577 προέφερον
1247 4506 1325 4566 εἰς
1366 4503 1585 4574 ἐτέρους
1628 4506 1753 4567 τοὺς
1787 4505 1982 4576 προλε-

414 4596 638 4666 χθέντας
674 4596 908 4667 ἐμαυτοῦ
941 4595 1253 4667 λογισμούς.
1304 4596 1463 4649 Ἀλλὰ
1494 4598 1586 4650 καὶ
1629 4598 1677 4648 εἰ
1727 4600 1983 4667 παρεῖχον

415 4689 649 4759 ἐμαυτὸν
678 4688 770 4741 τοῦ
802 4688 1004 4758 γνῶναι
1030 4689 1127 4751 τὰς
1160 4688 1358 4752 αἰτίας,
1388 4688 1456 4740 δι’
1492 4687 1557 4751 ἃς
1586 4690 1634 4741 οἱ
1670 4689 1984 4760 ἀμαρτωλώ¹

415 4780 638 4852 εὔθυμοι
662 4780 961 4834 διατελοῦσι
992 4780 1085 4833 καὶ
1117 4781 1195 4843 εἰς
1216 4780 1307 4833 τὸν
1325 4778 1496 4832 αἰῶνα
1528 4779 1795 4850 κατέσχον
1823 4779 1986 4833 πλού-

412 4889 527 4935 του,
555 4873 604 4925 οί
629 4872 684 4925 δὲ
714 4873 910 4926 δίκαιοι
953 4871 1365 4925 ταπεινοῦνται·
1422 4870 1542 4923 οὐδέ
1580 4869 1721 4923 οὕτω
1752 4872 1982 4926 κατέλα-

415 4952 507 5014 ϐον
529 4962 593 5015 ἂν
628 4963 725 5026 τὰς
758 4965 1101 5035 ἀπορρήτους
1133 4962 1258 5034 περὶ
1291 4961 1495 5015 τούτων
1522 4962 1751 5032 κρίσεις,
1784 4963 1985 5027 κόπους

414 5055 470 5107 δὲ
518 5055 710 5125 μόνους
761 5054 981 5125 ἐμαυτῷ
1015 5056 1267 5125 συνῆγον,
1295 5056 1374 5118 εἰς
1413 5053 1648 5123 ἀπορίαν
1698 5055 1985 5125 ἐμπίπτων

417 5149 512 5198 καὶ
544 5150 622 5211 εἰς
643 5146 820 5219 ψυχῆς
851 5148 1115 5217 κάματον.
1140 5146 1232 5198 Διό
1261 5163 1427 5217 φησι·
1462 5145 1572 5199 Καὶ
1604 5146 1656 5199 εὶ
1680 5147 1987 5201 ὑπέλαϐον

415 5236 520 5289 τοῦ
562 5234 777 5305 γνῶναι
822 5238 1017 5301 τοῦτο,
1059 5237 1249 5302 κόπος
1283 5236 1454 5289 ἐστὶν
1479 5235 1737 5290 ἐνώπιόν
1763 5255 1913 5305 μου·
1950 5239 1983 5309 ἢ

416 5325 557 5380 κατὰ
585 5326 675 5380 τὸν
708 5327 1023 5398 Σύμμαχον,
1054 5327 1163 5381 Καὶ
1191 5329 1243 5381 εἰ
1285 5326 1629 5397 ἐλογιζὶἲμην
1670 5327 1987 5397 ἐπιγνῶναι

414 5421 591 5474 τοῦτο
612 5460 626 5483 ,
655 5422 879 5489 μόχθος
902 5422 1181 5490 ἐφαίνετό
1214 5438 1331 5490 μοι.
1378 5420 1574 5491 Διόπερ
1610 5419 1752 5491 ὁρῶν
1784 5422 1987 5476 ἀκατά-

415 5510 619 5584 ληπτον
654 5510 817 5566 οὖσαν
854 5513 1159 5585 ἀνθρώποις
1182 5514 1281 5584 τὴν
1312 5512 1515 5565 τούτων
1536 5510 1756 5579 γνῶσιν,
1776 5513 1989 5566 εὐσεϐεῖ

418 5600 696 5673 χρώμενος
722 5604 982 5675 λογισμῷ,
1016 5603 1331 5673 διενοούμην
1376 5602 1508 5672 παρ’
1544 5601 1763 5672 ἐμαυτῷ
1802 5608 1987 5674 κρεῖτ-

418 5711 508 5749 τον
546 5692 683 5749 εἶναι
719 5697 932 5767 ἐπέχειν
963 5698 1056 5749 καὶ
1089 5693 1397 5765 ἐκδέχεσθαι
1430 5696 1533 5769 τὸνι
1566 5696 1865 5767 ἐπιτήδειον
1889 5698 1987 5766 τῆς

496 5848 510 5877 ⁸
546 5846 682 5902 Gen.
720 5863 848 5912 xxv,
874 5848 926 5901 8.

700 5942 969 6001 PATROL.
1016 5940 1131 6001 CIR.
1172 5940 1407 6001 XXIII.

2090 3312 2353 3365 rationem
2385 3310 2620 3380 ﬁliorum
2651 3319 2863 3363 tuorum
2898 3307 3192 3376 reprobavi.
3232 3305 3301 3359 Et
3348 3306 3659 3374 suspicabar

2091 3418 2172 3455 me
2202 3416 2511 3470 cognoscere
2543 3400 2661 3463 hoc,
2695 3400 2846 3453 labor
2874 3409 2950 3453 est
2984 3410 3104 3452 ante
3139 3414 3249 3461 me;
3286 3396 3448 3451 donec
3470 3400 3657 3451 intrent

2089 3494 2144 3547 in
2189 3494 2557 3547 sanctuarium
2588 3490 2707 3555 Dei,
2740 3501 2791 3545 et
2835 3490 3128 3560 intelligam
3161 3489 3212 3542 in
3239 3490 3538 3542 novissimis
3571 3506 3661 3541 eo-

2088 3601 2228 3638 rum.
2259 3582 2523 3638 Praedicta
2550 3584 2606 3637 in
2629 3583 3051 3653 cogitationibus
3079 3590 3284 3636 tantum
3314 3584 3449 3637 meis
3472 3597 3660 3637 versa-

2088 3675 2235 3739 bam,
2271 3675 2414 3745 quod
2446 3674 2750 3745 periculum
2778 3681 2923 3728 esset
2946 3689 3013 3728 ne
3034 3687 3445 3739 commoverer;
3481 3689 3658 3742 neque

2087 3772 2272 3822 tamen
2314 3767 2436 3821 aliis
2477 3766 2821 3821 enarrabam.
2855 3756 2993 3817 Nam
3024 3764 3071 3818 si
3111 3764 3213 3817 hac
3258 3764 3493 3818 admissa
3540 3766 3660 3834 opi-

2087 3859 2273 3926 nione,
2314 3858 2535 3929 impiam
2558 3856 2871 3926 huiusmodi
2902 3856 3207 3910 doctrinam
3237 3857 3357 3911 aliis
3386 3858 3658 3925 protulis—

2089 3965 2227 4011 sem.
2286 3957 2561 4005 temeratae
2584 3948 2687 4020 piae
2731 3949 2996 4004 doctrina:
3039 3962 3168 4002 reus
3201 3947 3426 4002 effectus
3455 3964 3656 4011 essem,

2089 4052 2253 4114 atque
2284 4051 2443 4114 pacta
2492 4042 2861 4115 generationis
2896 4042 3133 4096 filiorum
3191 4051 3410 4096 tuorum
3455 4042 3660 4097 violas-

2090 4152 2224 4192 sem.
2259 4136 2461 4191 Omnes
2494 4136 2694 4206 quippe
2721 4135 2897 4189 sancti
2919 4150 2981 4188 ac
3006 4133 3103 4188 Dei
3138 4141 3384 4187 amantes
3406 4134 3531 4197 viri,
3557 4135 3656 4196 tui,

2088 4226 2255 4293 Deus,
2281 4227 2374 4281 ﬁlii
2400 4235 2549 4283 sunt.
2575 4226 2870 4281 Generatio
2899 4235 3081 4280 autem
3122 4240 3336 4291 eorum,
3377 4227 3659 4281 successio

2090 4328 2405 4374 sanctorum
2459 4325 2566 4383 est,
2620 4331 2853 4387 quorum
2907 4316 3228 4385 disciplinas
3289 4324 3342 4367 et
3407 4316 3659 4385 dogmata

2089 4412 2507 4477 adulterassem,
2561 4411 2608 4467 si
2646 4410 2936 4480 praedictas
2965 4408 3328 4480 cogitationes
3360 4423 3511 4462 meas
3537 4407 3659 4461 aliis

2089 4503 2461 4573 protulissem.
2509 4501 2615 4558 Sed
2671 4504 2717 4558 si
2753 4503 2939 4556 animo
2967 4501 3292 4555 institissent
3342 4499 3411 4552 ad
3459 4513 3661 4567 cogno-

2089 4595 2351 4651 scendum
2384 4611 2505 4665 qua:
2536 4611 2702 4650 causa
2746 4597 2817 4650 sit
2871 4610 2970 4649 cur
3026 4602 3347 4663 peccatores
3399 4605 3659 4660 prospere

2088 4695 2274 4757 agant,
2307 4687 2437 4741 etin
2470 4687 2728 4741 sarculum
2761 4687 2982 4741 divitias
3016 4685 3319 4747 obtineant,
3347 4682 3481 4751 justi
3514 4696 3645 4734 vero

2088 4781 2478 4847 humilientur;
2523 4794 2700 4849 neque
2735 4779 2810 4831 ita
2844 4792 3046 4831 arcana
3082 4776 3184 4828 hac
3229 4774 3297 4828 de
3349 4788 3409 4826 re
3448 4771 3656 4839 judicia

2088 4874 2498 4943 comperissem,
2536 4872 2631 4928 sed
2665 4872 2903 4925 laborem
2954 4869 3220 4922 duntaxat
3269 4865 3400 4919 mihi
3442 4865 3652 4918 intulis-

2089 4978 2203 5018 sem
2237 4982 2251 5017 :
2287 4965 2341 5016 in
2376 4964 2774 5017 dubitationem
2803 4962 2978 5016 solum
3012 4960 3289 5027 animique
3318 4954 3660 5023 defatigatio-

2087 5070 2210 5110 nem
2240 5054 2515 5127 delapsus.
2550 5054 2915 5120 Quamobrem
2952 5052 3028 5105 ait
3088 5069 3100 5104 :
3154 5049 3217 5102 Et
3266 5050 3312 5102 si
3348 5045 3659 5115 suspicabar

2088 5134 2168 5201 me
2191 5164 2496 5217 cognoscere
2530 5148 2644 5212 hoc,
2684 5146 2833 5199 labor
2870 5154 2946 5197 est
3001 5153 3122 5195 ante
3165 5157 3266 5194 me.
3304 5138 3430 5192 Sive
3463 5152 3658 5192 secun-

2088 5241 2216 5295 dum
2267 5239 2675 5310 Symmachum,
2724 5236 2784 5292 Si
2811 5236 3064 5306 putabam
3093 5249 3174 5286 me
3199 5246 3506 5302 cognoscere
3539 5228 3653 5287 hoc,

2090 5332 2241 5386 labor
2274 5332 2545 5386 videbatur
2576 5330 2728 5383 mihi.
2754 5330 3121 5395 Quamobrem
3157 5324 3349 5378 videns
3392 5337 3506 5375 rem
3536 5334 3658 5374 esse

2090 5424 2407 5479 hominibus
2458 5420 3087 5491 incomprehensibilem,
3140 5417 3231 5486 pio
3275 5429 3409 5468 usus
3440 5410 3658 5467 ratioci-

2091 5516 2204 5579 nio,
2244 5531 2456 5570 mecum
2490 5514 2808 5584 reputabam
2842 5512 3014 5567 satius
3043 5524 3166 5565 esse
3194 5514 3252 5561 ut
3287 5522 3375 5561 me
3408 5504 3656 5559 contine—

2089 5624 2227 5672 rem,
2253 5616 2415 5677 atque
2442 5613 2807 5677 opportunum
2845 5604 2972 5658 huic
3003 5600 3300 5673 cognitioni
3324 5606 3537 5666 tempus
3564 5610 3659 5649 ex-

2093 5711 2413 5770 spectarem.
2450 5700 2585 5756 Illud
2615 5708 2794 5754 autem
2830 5705 2969 5761 erat,
3027 5695 3201 5749 Donec
3236 5694 3423 5746 intrem
3454 5692 3505 5742 in
3532 5703 3661 5743 sart-

3279 5927 3354 5988 2'7
