4128 6392
439 409 560 468 σειδ

1167 409 1438 468 EUSEBII
1473 411 1958 470 CIESARIENSIS
1997 413 2147 474 OPl’.
2189 415 2374 471 PARS
2413 415 2607 472 lll.-—
2640 413 3049 472 EXEGETICA.

3602 421 3718 484 8έὸ

451 533 715 586 ctuarium
748 531 865 595 Dei,
916 543 963 586 et
1013 531 1309 604 intelligam
1360 536 1418 590 in
1469 536 1768 591 novissimis
1803 554 2002 602 eorum,

2123 540 2325 593 τούτων
2360 537 2613 608 γνώσεως
2632 539 2841 611 καιρόν.
2868 532 3035 602 Οὗτος
3057 539 3112 592 δὲ
3143 533 3237 611 ἦν,
3270 539 3425 608 ’Έως
3457 542 3717 599 εἰσέλθω

449 624 567 680 sive
594 624 893 682 secundum
927 623 1336 695 Symmachum,
1385 625 1562 680 Donec
1600 629 1790 682 intrem
1823 631 1875 682 in
1908 645 2026 683 san-

449 717 659 792 etuaria
686 715 806 780 Dei,
837 717 1129 787 intelligam
1155 719 1446 772 novissima
1490 736 1693 776 eorum.
1747 722 1884 777 Cum
1920 722 2025 779 hoc

446 806 582 862 mihi
634 808 980 863 commodum
1016 808 1276 879 effugium
1328 809 1396 864 ad
1431 813 1750 881 qumstionis
1796 814 2024 869 solutio-

446 912 570 953 nem
605 898 956 969 reperissem,
998 899 1253 954 videlicet
1295 916 1420 955 eum
1475 903 1542 956 ad
1594 905 1720 959 vitae
1777 905 2025 960 mortalis

444 992 647 1045 exitum
700 997 754 1046 et
813 991 1122 1061 ingressum
1160 991 1214 1045 in
1253 995 1650 1063 promissioncs
1699 995 1794 1052 Dei
1834 999 2022 1052 remit-

440 1081 631 1146 tendo,
657 1081 786 1136 hinc
811 1082 1157 1138 curationem
1183 1098 1247 1138 ac
1267 1088 1702 1144 consolationem
1737 1097 2020 1146 mutuatus

440 1187 564 1228 sum
597 1191 610 1227 :
648 1188 854 1244 gnarus
892 1189 981 1228 me
1027 1189 1153 1228 cum
1201 1175 1342 1230 istuc
1374 1176 1666 1244 devenero,
1699 1181 2020 1250 quaestionis

437 1263 710 1318 rationem
741 1265 1171 1333 intellecturum,
1197 1277 1360 1336 atque
1395 1268 1685 1338 impiorum
1718 1269 2018 1325 novissima

437 1358 788 1430 cogniturum
815 1373 957 1414 esse.
982 1357 1102 1413 Non
1121 1359 1376 1414 convenit
1405 1361 1550 1416 enim
1579 1374 1902 1432 praesentem
1927 1376 2018 1416 so-

438 1446 553 1503 lum
583 1451 748 1504 vitam
785 1459 838 1504 et
869 1450 1204 1521 voluptatem
1235 1450 1548 1523 respicere;
1589 1454 1684 1509 sed
1711 1451 2016 1508 novissima

437 1554 629 1598 eorum
661 1542 1063 1598 consideranda
1096 1552 1246 1598 sunt.
1851 1545 1854 1547 ’

507 1723 675 1780 Vens.
739 1723 927 1780 48-20.
976 1724 1343 1780 Verumtamen
1385 1737 1593 1796 propter
1634 1727 1784 1782 dolos
1831 1745 2013 1784 eorum

433 1815 660 1884 posuisti
711 1815 787 1868 eis
830 1816 1016 1876 mala;
1069 1815 1306 1885 dejecisti
1357 1834 1443 1872 eos
1479 1817 1606 1872 dum
1635 1819 2006 1876 allevarentur.

2129 627 2216 692 είς
2237 625 2626 694 ἀγιαστήριον
2643 627 2750 680 τοῦ
2778 627 2946 692 Θεοῦ,
2965 628 3062 680 καὶ
3086 627 3254 681 συνῶ
3281 632 3369 696 είς
3396 629 3709 702 τὰὲσχατα

2128 717 2354 771 αὐτῶνθ
2391 718 2423 789 ἢ
2474 719 2614 772 κατὰ
2667 718 2757 772 τὸν
2797 719 3111 791 Σύμμαχον,
3144 721 3297 788 ’Ἐως
3341 721 3592 778 εἰσέλθω
3621 729 3709 791 εις

2127 807 2199 859 τὰ
2247 805 2583 876 ἀγιάσματα
2626 806 2733 861 τοῦ
2784 808 2953 873 Θεοῦ,
2980 809 3320 864 συνετισθῶ
3358 811 3429 866 τὰ
3475 811 3709 881 ἔσχατα

2125 898 2341 952 αὐτῶν.
2379 899 2595 970 Ταύτην
2631 898 2687 952 δὲ
2715 898 2888 970 καλὴν
2920 899 3141 971 ἐμαυτῷ
3178 901 3498 972 καταφυγὴν
3532 903 3708 974 εὑρὼν

2123 989 2222 1059 τῆς
2243 989 2349 1043 τών
2370 990 2758 1062 ἀπορουμένων
2790 990 3016 1055 λύσεως,
3043 991 3140 1063 τὴν
3165 991 3479 1064 ἀπαλλαγὴν
3506 994 3706 1067 δηλαδὴ

2121 1079 2215 1133 τοῦ
2243 1079 2438 1151 θνητοῦ
2469 1081 2604 1151 βίου,
2637 1081 2732 1134 καὶ
2753 1080 2848 1152 τὴν
2877 1081 3078 1136 εἴσοδον
3109 1081 3206 1153 τὴν
3228 1082 3320 1134 ἐπὶ
3343 1082 3439 1146 τὰς
3466 1085 3702 1154 ἐπαγγε-

2121 1171 2239 1237 λίας
2271 1173 2363 1225 τοῦ
2394 1172 2553 1235 Θεοῦ,
2581 1172 2876 1244 θεραπείας
2895 1173 3189 1244 ἐτύγχανον
3214 1175 3306 1227 καὶ
3332 1175 3702 1246 παραμυθίας·

2120 1259 2179 1317 εὖ
2205 1263 2380 1329 εἰδὼς,
2422 1264 2496 1328 ώς
2539 1266 2716 1317 ἐκεῖσε
2747 1265 3054 1335 γενόμενος,
3108 1264 3535 1338 συναισθήσομαι
3579 1267 3707 1331 τοὺς

2119 1357 2310 1426 λόγους
2354 1356 2463 1410 τῶν
2500 1357 2885 1428 ὲξητημένων,
2930 1355 3210 1428 γνώσομαι
3259 1375 3320 1410 τε
3374 1358 3441 1412 τὰ
3501 1359 3707 1430 ἔσχατα

2116 1443 2225 1498 τῶν
2279 1443 2512 1499 ἀσεϐῶν.
2565 1447 2660 1519 Μὴ
2711 1447 2819 1520 γὰρ
2873 1449 3143 1520 προσήκει
3199 1451 3280 1514 εἰς
3320 1448 3412 1502 τὸν
3456 1449 3706 1521 παρόντα

2119 1535 2278 1606 μόνον
2322 1537 2649 1592 ἀποϐλέπειν
2699 1539 2815 1610 βίον
2868 1540 2962 1594 καὶ
3022 1543 3102 1606 εἰς
3148 1541 3246 1612 τὴν
3280 1540 3560 1612 παροῦσαν
3605 1541 3704 1595 αὖ·

2115 1624 2222 1678 τῶν
2251 1627 2483 1698 τρυφὴν,
2509 1627 2646 1682 ἀλλὰ
2677 1629 2772 1680 καὶ
2804 1628 2884 1691 εἰς
2913 1628 2983 1682 τὰ
3021 1628 3225 1702 ἔσχατα
3262 1629 3443 1683 αὐτῶν
3468 1632 3704 1703 ἀφορᾷν,

2183 1719 2360 1787 Πλὴν
2409 1719 2508 1774 διὰ
2565 1720 2675 1787 τὰς
2711 1720 3065 1790 δολιότητας
3096 1722 3296 1776 αὐτῶν
3325 1723 3466 1778 ἔθου
3494 1726 3704 1793 αὐτοῖς

2113 1808 2295 1861 κακά·
2350 1810 2672 1876 κατέϐαλες
2703 1811 2925 1878 αὐτοὺς
2958 1814 3028 1866 ἐν
3065 1812 3144 1879 τῷ
3171 1813 3522 1883 ἐπαρθῆναι.
3564 1816 3700 1884 Πῶς

436 1905 711 1973 Quomodo
760 1906 890 1973 facti
942 1915 1064 1960 sunt
1097 1908 1151 1959 in
1198 1907 1574 1964 desolationem
1608 1911 1830 1967 subito?
1867 1912 2002 1981 defe-

2110 1898 2388 1969 ἐγένοντο
2435 1904 2522 1967 είς
2548 1902 2850 1971 ἐρήμωσιν
2883 1903 3170 1969 ἐξάπινα;
3201 1904 3506 1970 ἐξέλιπον,
3538 1907 3699 1962 ἀπώ-

434 2005 640 2061 cerunt,
687 1996 954 2064 perierunt
1003 2005 1217 2065 propter
1267 1999 1803 2056 inconsiderationem
1858 2021 2010 2057 suam

431 2087 572 2142 velut
604 2089 866 2142 somnium
892 2091 1238 2158 surgentium.
1269 2090 1470 2146 Tribus
1502 2091 1758 2148 admissis
1792 2094 1847 2149 in
1869 2110 2012 2164 quae-

429 2181 665 2239 stionem
711 2183 1020 2240 ratiociniis
1044 2225 1060 2249 ,
1094 2184 1242 2238 aliud
1275 2186 1500 2254 impium
1529 2195 1583 2240 et
1613 2189 1834 2242 athcum
1888 2204 2011 2244 esse

428 2274 694 2344 comperi,
745 2289 938 2344 nempe
994 2275 1150 2340 illud,
1205 2276 1347 2346 Ergo
1386 2279 1499 2330 sine
1527 2294 1691 2332 causa
1712 2279 2011 2350 justiﬁcavi

428 2381 520 2420 eor
551 2381 756 2430 meum;
787 2364 934 2420 aliud
966 2380 1116 2432 vero,
1153 2382 1345 2436 nempe
1383 2368 1451 2422 dc
1484 2368 1832 2440 intelligenda
1863 2387 2010 2439 quai-

428 2459 628 2523 stione,
663 2459 880 2529 plenum
925 2459 1108 2511 labore
1137 2466 1192 2512 et
1223 2458 1617 2530 defatigatione
1648 2461 2004 2529 deprehendi,

427 2551 500 2605 ob
546 2550 974 2620 profunditatem
1008 2551 1222 2604 scrlicct
1256 2550 1574 2605 divitiarum
1609 2553 1852 2608 scientiae
1887 2553 2002 2620 Dei,

425 2650 481 2697 et
502 2643 647 2712 quod
667 2642 1245 2712 incomprehensibilia
1267 2643 1376 2697 sint
1395 2644 1599 2713 judicia
1621 2645 1762 2709 ejus,
1780 2657 1832 2700 et
1859 2647 2007 2704 inve-

426 2735 709 2805 stigabiles
735 2735 837 2789 viae
869 2734 1026 2805 ejus;
1059 2737 1112 2790 in
1137 2736 1297 2791 tertio
1327 2744 1509 2792 autem
1543 2739 1786 2805 substiti,
1821 2755 1885 2793 ac
1917 2741 2006 2795 dc-

426 2829 575 2884 crevi
604 2827 834 2897 gradum
869 2829 1066 2884 sistere
1088 2837 1254 2898 atque
1284 2837 1624 2899 exspectare,
1649 2832 2005 2901 omniumque

424 2915 586 2971 finem
617 2915 987 2971 considerare.
1017 2916 1154 2971 Cum
1189 2917 1318 2972 huic
1344 2919 1664 2988 cogitationi
1698 2923 2006 2992 acquievis-

425 3022 563 3070 sem,
599 3016 784 3077 utpote
808 3024 930 3078 qua:
957 3010 1044 3078 pia
1084 3024 1321 3078 veraque
1345 3010 1438 3073 sit,
1465 3027 1532 3066 ex
1555 3011 1660 3066 fide
1685 3011 2000 3082 hujusmodi

423 3101 715 3156 utilitatem
741 3101 946 3171 accepi.
980 3098 1114 3153 Nam
1152 3098 1358 3170 Spiritu
1393 3110 1588 3158 sancto
1619 3104 1833 3161 afﬂatus
1873 3107 2000 3161 novi

421 3191 699 3264 quomodo
723 3201 944 3263 propter
972 3192 1132 3248 dolos
1161 3208 1350 3247 eorum
1401 3209 1512 3249 non
1545 3195 1637 3250 diu
1681 3206 1870 3266 postea
1903 3197 1998 3253 de-

417 3285 668 3356 jecturus
697 3285 768 3340 sit
799 3301 895 3339 eos
929 3283 1090 3348 licus,
1144 3292 1434 3355 postquam
1471 3287 1598 3342 elati
1638 3289 1693 3341 in
1739 3289 1998 3344 sublime-

419 3395 529 3450 que
553 3379 729 3434 evecti
770 3378 1003 3432 fuerant.
1040 3377 1153 3432 Sub
1182 3377 1296 3432 haec
1331 3386 1513 3433 autem
1541 3379 1902 3445 illuminatus,
1933 3397 1998 3438 ac

418 3470 739 3544 prophetica
772 3471 971 3525 virtute
993 3455 1208 3524 ruinam
1241 3471 1389 3541 ipsos
1421 3471 1476 3524 in
1506 3471 1611 3526 line
1641 3483 1996 3544 exceptuan

417 3565 787 3635 prospiciens,
823 3563 948 3632 jure
977 3564 1138 3617 dico:
1175 3563 1450 3629 Quomodo
1491 3565 1625 3632 [acti
1654 3577 1775 3618 sunt
1806 3567 1861 3620 in
1905 3564 1998 3620 de-

418 3657 736 3710 solationem
768 3655 987 3710 subito?
1018 3656 1340 3726 defecerunt,
1368 3659 1637 3726 perierunt
1672 3669 1883 3726 propter
1921 3660 1997 3712 in-

416 3748 891 3804 considerationem
935 3764 1109 3812 suam,
1169 3750 1300 3804 facti
1334 3759 1463 3806 sunt
1511 3753 1639 3805 item
1685 3751 1824 3805 velut
1854 3769 1997 3806 som-

418 3841 570 3895 nium
599 3841 896 3912 surgentis.
932 3841 1067 3894 Dum
1100 3844 1226 3911 quis
1249 3845 1396 3898 enim
1425 3844 1480 3897 in
1509 3845 1721 3899 somnis
1745 3845 1993 3915 quaedam

414 3931 766 4001 imaginatur,
823 3929 1024 3986 somnii
1059 3931 1349 3999 phantasia
1382 3933 1666 4002 deceptus,
1726 3949 1786 3990 se
1840 3941 1997 4004 putat

415 4023 624 4093 aliquid
647 4037 846 4094 agere;
878 4033 1237 4094 experrectus
1269 4041 1402 4081 vero
1431 4042 1556 4081 cum
1583 4035 1687 4090 est,
1731 4043 1996 4084 excusso-

413 4131 523 4187 que
551 4131 767 4180 somno,
804 4124 1112 4172 commenta
1167 4119 1351 4172 omnia
1402 4121 1724 4177 abscedunt.
1763 4118 1854 4174 Sic
1890 4122 1994 4174 ini--

415 4209 632 4280 piorum
663 4209 719 4262 in
749 4209 850 4262 hac
883 4210 993 4263 vita
1026 4212 1403 4266 commentitia
1447 4212 1702 4277 felicitas,
1761 4211 1990 4278 divitiae,

416 4299 695 4370 superbia,
733 4301 894 4355 finem
929 4302 1233 4356 sortientur
1286 4304 1521 4359 similem
1566 4305 1990 4372 somniantibus,

413 4393 506 4461 qui
547 4400 736 4461 postea
772 4394 1100 4463 experrecti,
1125 4396 1334 4450 nullam
1371 4413 1484 4453 rem
1517 4414 1706 4452 carum
1739 4415 1876 4468 quas
1909 4401 1991 4454 vi-

413 4481 545 4536 dere
587 4497 647 4536 se
677 4497 740 4537 ac
770 4490 956 4540 tenere
987 4486 1377 4556 Opinabantur,
1431 4504 1546 4558 pra:
1581 4491 1832 4546 manibus
1863 4495 1994 4546 reli-

2111 1994 2296 2044 λοντο
2345 1991 2443 2045 διὰ
2488 1993 2604 2061 τὴν
2633 1994 2928 2047 ἀϐουλίαν
2965 1994 3165 2048 αὐτῶν
3217 1995 3361 2049 ὡσεὶ
3406 1997 3706 2053 ἐνύπνιον

2113 2081 2587 2152 ἐξεγειρομένων.
2619 2083 2780 2154 Τρισὶ
2813 2084 3092 2154 λογισμοῖς
3135 2084 3408 2139 ἐπιϐαλὼν
3432 2087 3696 2156 περὶτῶν

2111 2177 2274 2248 ἐζητη
2285 2177 2482 2248 μένων,
2512 2177 2601 2230 τὸν
2639 2178 2736 2248 μὲν
2762 2177 2949 2249 ἐώρων
2979 2178 3152 2248 ἀσεϐῆ
3183 2180 3277 2232 καὶ
3301 2179 3458 2233 ἄθεον
3482 2180 3573 2236 τὸν
3607 2181 3698 2235 λέ-

2109 2287 2272 2338 γοντα
2291 2287 2304 2299 ο
2346 2271 2484 2338 Ἀρα
2512 2271 2775 2339 ματαίως
2795 2271 3116 2324 ἐδικαίωσα
3140 2269 3256 2339 τὴν
3282 2271 3535 2341 καρδίαν
3552 2291 3691 2342 μου·

2106 2362 2197 2416 τὸν
2226 2363 2282 2415 δὲ
2315 2363 2414 2432 τῆς
2447 2362 2652 2416 τούτων
2672 2364 3047 2436 καταλήψεως,
3069 2364 3499 2436 πεπληρωμένον
3525 2368 3696 2422 κόπου

2107 2455 2199 2506 καὶ
2224 2455 2388 2507 πόνου
2422 2454 2509 2508 διὰ
2541 2456 2607 2507 τὰ
2639 2454 2776 2527 βάθη
2803 2456 2896 2509 τοῦ
2924 2455 3156 2510 πλούτου
3183 2457 3281 2526 τῆς
3312 2457 3567 2525 γνώσεως
3597 2459 3692 2513 τοῦ

2105 2545 2263 2611 Θεοῦ,
2296 2547 2390 2600 καὶ
2414 2547 2503 2600 διὰ
2541 2547 2600 2602 τὺ
2627 2547 3023 2622 ἀνεξερεύνητα
3052 2547 3189 2602 εἶναι
3229 2549 3297 2602 τὰ
3328 2550 3571 2622 κρίματα
3597 2553 3696 2605 αὐ⁴

2103 2637 2218 2703 τοῦ,
2274 2639 2366 2692 καὶ
2422 2619 2860 2710 ἀνεξιχνιαστους
2896 2619 2996 2704 τὰς
3044 2641 3196 2705 ὁδοὺς
3239 2619 3438 2695 αὑτούλ
3475 2644 3567 2696 ἐπὶ
3603 2644 3703 2700 τὸν

2101 2731 2282 2805 τρίτον
2305 2726 2397 2785 οὖν
2417 2732 2578 2803 ἔστην
2597 2732 2788 2804 κρίνας
2815 2733 3035 2804 ἐπέχειν
3066 2734 3165 2805 μὲν
3195 2735 3352 2798 τέως,
3376 2735 3696 2806 περιμένειν

2101 2824 2158 2878 δὲ
2185 2824 2276 2879 καὶ
2313 2825 2522 2896 ἀφορᾷν
2554 2826 2636 2888 είς
2668 2825 2730 2878 τὸ
2759 2825 2978 2879 πάντων
3017 2827 3190 2889 τέλος.
3229 2825 3416 2898 Τούτῳ
3448 2826 3492 2880 δ’
3526 2828 3693 2898 ἐμπι-

2104 2915 2336 2980 στεύσας
2371 2917 2608 2988 ἐμαυτὸν
2649 2916 2729 2986 τῷ
2767 2915 3010 2989 λογισμῷ
3039 2919 3255 2972 εὐσεϐεῖ
3293 2920 3406 2973 ὄντι
3436 2921 3529 2974 καὶ
3557 2921 3690 2992 ἀλη-

2102 3007 2206 3072 θεῖ,
2240 3009 2298 3075 ἐξ
2326 3010 2496 3078 αὐτῆς
2522 3007 2750 3080 ὠνάμην
2791 3011 2893 3079 τῆς
2943 3011 3198 3075 πίστεως.
3235 3013 3447 3083 Ἐγνων
3479 3013 3587 3086 γὰρ
3633 3015 3698 3082 ἐξ

2101 3101 2372 3174 ὑποϐολῆς
2414 3101 2509 3156 τοῦ
2565 3101 2908 3173 προφητικοῦ
2964 3099 3300 3174 Πνεύματος,
3345 3105 3421 3169 ὼς
3451 3105 3538 3159 διὰ
3589 3107 3692 3171 τὰς

2099 3194 2408 3265 δολιότητας
2439 3195 2618 3248 αὐτῶν
2641 3194 2941 3249 καταϐαλεῖ
2963 3196 3161 3259 αὐτοὺς
3188 3198 3288 3250 οὐκ
3316 3199 3396 3260 εἰς
3425 3197 3633 3269 μακρὸν
3661 3200 3691 3251 ὁ

2100 3286 2252 3351 Θεὸς,
2285 3287 2424 3357 μετὰ
2457 3285 2516 3340 τδ
2554 3287 2858 3358 ἐπαρθῆναι
2889 3288 2983 3340 καὶ
3015 3287 3316 3359 ὑψωθῆναι.
3345 3283 3478 3343 Εἶτα
3515 3306 3682 3359 φωτι-

2102 3378 2268 3444 σθεὶς,
2299 3378 2393 3432 καὶ
2418 3378 2515 3450 τὴν
2546 3378 2752 3432 πτῶσιν
2791 3375 2972 3433 αὐτῶν
3001 3379 3100 3450 τὴν
3137 3380 3230 3432 ἐπὶ
3270 3380 3415 3434 τέλει
3447 3382 3690 3454 καταληα

2097 3469 2340 3542 ψομένην
2369 3471 2565 3536 αὐτοὺς
2595 3474 2906 3544 προφητικῇ
2940 3472 3168 3545 δυνάμει
3198 3473 3444 3539 συνιδὼν,
3464 3475 3696 3540 εἰκότως

2099 3561 2239 3633 φημί
2257 3579 2270 3591 ’
2299 3559 2432 3628 Πῶς
2456 3561 2735 3632 ἐγένοντο
2774 3565 2861 3630 εὶς
2905 3563 3208 3634 ἐρήμωσιν
3235 3565 3526 3632 ἐξάπινα;
3560 3566 3691 3632 ἐξε-

2096 3657 2299 3717 λιπον,
2332 3653 2647 3708 ἀπώλοντο
2679 3654 2778 3710 διὰ
2801 3654 2916 3725 τὴν
2947 3658 3242 3711 ἀϐουλίαν
3267 3657 3487 3723 αὐτῶν,
3527 3659 3693 3728 γεγό-

2097 3746 2219 3800 νασί
2247 3764 2306 3799 τε
2327 3747 2468 3800 ὡσεὶ
2494 3748 2784 3802 ἐνύπνιον
2799 3749 3252 3821 ὲξεγηγερμένου.
3287 3752 3431 3815 Ἕως
3455 3761 3552 3823 μεν
3577 3753 3695 3825 γάρ

2097 3855 2180 3900 τις
2238 3839 2572 3907 φαντάζεται
2609 3841 2946 3913 ὀνειρώττων
2983 3844 3042 3896 ἐν
3077 3846 3187 3907 τοῖς
3227 3843 3438 3910 ὕπνοις,
3465 3845 3609 3899 δοκεῖ
3630 3859 3692 3900 τι

2099 3927 2358 3999 πράττειν
2416 3929 2774 4002 ἀπατώμενος
2817 3937 2884 4006 τῇ
2929 3935 3023 3988 τοῦ
3070 3934 3323 3989 ἐνυπνίου
3368 3935 3682 4008 φαντασίᾳο

2096 4021 2312 4074 ἐπειδὰν
2366 4022 2422 4075 δὲ
2478 4022 2729 4095 διεγερθῇ
2763 4029 2854 4078 τὸν
2905 4025 3076 4081 ὕπνον
3113 4028 3574 4100 υποτριψάμενις,
3608 4030 3687 4084 οτ-

2096 4130 2252 4182 χεται
2282 4113 2430 4184 αὺτῷ
2456 4114 2524 4167 τὰ
2548 4115 2648 4186 τῆς
2677 4126 2998 4184 φαντασίας.
3036 4118 3195 4182 Οὕτω
3226 4120 3284 4172 δὲ
3307 4120 3401 4172 καὶ
3435 4119 3545 4171 τῶν
3564 4121 3687 4174 ἀσε-

2097 4202 2208 4256 ϐῶν
2256 4205 2289 4274 ἡ
2331 4203 2425 4256 τοῦ
2471 4205 2739 4276 παρόντος
2775 4204 2890 4275 βίου
2924 4207 3158 4261 δοκοῦσα.
3200 4209 3504 4278 εὐπραγεξα
3528 4208 3622 4262 καὶ
3653 4211 3691 4262 ὁ

2097 4293 2323 4359 πλοῦτος
2357 4295 2450 4348 καὶ
2481 4298 2513 4367 ἠ
2548 4297 2895 4368 ὑπερηφανία
2937 4301 3122 4371 ὅμοιον
3172 4300 3283 4366 ἔξει
3305 4300 3366 4353 τὸ
3397 4300 3549 4364 τέλος
3569 4302 3683 4364 τοῖς

2094 4386 2469 4458 ὀνειρώττουσι
2505 4389 2598 4442 καὶ
2624 4390 3121 4461 ἐνυπνιαζομένοις,
3164 4391 3354 4444 ἔπειτα
3389 4391 3682 4463 διεγρηγο-

2098 4478 2248 4550 ροῦσι
2288 4483 2381 4532 καὶ
2409 4481 2635 4552 μηδενὸς
2666 4474 2740 4535 ὧν
2771 4483 2988 4536 ἐδόκουν
3020 4485 3151 4554 ὁρᾷν
3189 4501 3248 4536 τε
3283 4483 3378 4537 καὶ
3430 4483 3687 4554 κατέχειν·

412 4580 566 4628 neut.
605 4571 919 4630 Secundum
956 4575 1343 4648 Symmachum
1378 4588 1584 4647 autem,
1617 4582 1766 4636 illius
1819 4584 1940 4638 loco
1972 4605 1983 4639 :

2104 4573 2210 4633 ταῖς
2244 4571 2430 4641 χερσὶν
2489 4572 2931 4644 ὲπειλημμένοις.
2966 4573 3124 4626 Κατὰ
3154 4574 3211 4627 δὲ
3232 4573 3323 4626 τὸν
3356 4573 3685 4645 Σύμμαχον,

423 4665 795 4721 Verumtamen
821 4679 1038 4738 propter
1066 4670 1216 4725 dolos
1243 4673 1468 4740 posuisti
1492 4675 1589 4739 eis,
1625 4675 1705 4730 sic
1739 4676 1940 4731 dicitur
1973 4699 1986 4733 :

427 4757 551 4813 Vere
584 4759 814 4827 inlapsu
857 4763 1086 4829 posuisti
1108 4778 1216 4825 eos,
1259 4763 1500 4831 dejecisti
1527 4782 1615 4819 eos
1650 4766 1706 4818 in
1735 4768 1992 4834 perditio-

410 4867 502 4904 nes
537 4867 555 4904 :
596 4851 767 4904 subito
798 4852 1119 4921 defecerunt,
1179 4857 1477 4923 consumpti
1529 4867 1675 4923 sunt,
1713 4875 1774 4913 ac
1807 4861 1854 4913 si
1885 4878 1990 4914 non

409 4943 760 5008 exstitissent,
793 4947 946 5014 quasi
968 4951 1232 5000 somnium
1265 4949 1660 5018 expergiscenti.
1687 4949 1825 5007 Huic
1857 4967 1989 5010 vero

407 5033 556 5098 voci,
598 5043 827 5102 repente,
889 5044 944 5090 et
1004 5037 1199 5101 subito,
1247 5035 1389 5091 hanc
1446 5038 1749 5096 Servatoris
1796 5058 1986 5100 vocem

409 5129 698 5185 conferas:
720 5131 739 5159 ²
755 5129 1000 5199 Vigilate,
1033 5131 1159 5201 quia
1190 5131 1402 5184 nescitis
1423 5147 1529 5200 qua
1552 5133 1634 5185 die
1654 5143 1704 5187 et
1731 5133 1863 5188 liora
1884 5135 1990 5190 Do-

407 5223 583 5278 minus
622 5233 787 5279 vester
834 5225 1030 5288 veniet;
1083 5239 1148 5278 ac
1197 5240 1418 5280 rursum
1457 5242 1472 5278 :
1512 5223 1691 5281 Veniet
1725 5227 1987 5284 Dominus

408 5315 523 5385 ejus
554 5316 609 5369 in
638 5316 723 5370 die
753 5331 856 5386 qua
896 5332 1000 5370 non
1031 5326 1321 5385 exspectat,
1373 5326 1423 5372 et
1478 5317 1534 5372 in
1577 5319 1711 5374 liora
1747 5338 1852 5392 qua
1884 5339 1988 5377 non

407 5406 551 5463 novit
576 5407 616 5460 ³.

479 5581 724 5647 Domine,
753 5585 808 5639 in
835 5585 1046 5640 civitate
1077 5595 1170 5642 tua
1206 5589 1495 5660 imaginem
1529 5591 1766 5659 ipsorum
1806 5593 1874 5646 ad
1903 5592 1985 5646 ni—

408 5671 573 5723 hilum
606 5672 826 5743 rediges.
859 5671 1125 5746 Superius
1174 5677 1414 5746 dicebat,
1467 5680 1647 5736 Donec
1684 5684 1876 5738 intrent
1924 5683 1981 5738 in

479 5849 500 5881 ’
531 5848 717 5905 Matth.
759 5867 905 5920 ηις,
934 5851 1020 5908 42.
1101 5854 1122 5886 ³
1153 5853 1285 5910 ibid.
1313 5855 1406 5910 50.

2093 4663 2208 4715 doni
2257 4663 2372 4728 τοῦ,
2398 4663 2572 4731 Πλὴν
2611 4664 2709 4718 διὰ
2749 4664 2858 4732 τὰς
2891 4665 3246 4734 δολιότητας
3273 4665 3418 4720 ἔθου
3448 4666 3677 4732 αὐτοῖς,

2091 4753 2278 4806 τοῦτον
2298 4754 2486 4826 εἴρηκε
2505 4755 2596 4808 τὸν
2612 4758 2811 4826 τρόπον
2833 4775 2845 4787 ·
2869 4758 3088 4824 Ὄντως
3114 4758 3184 4811 ἐν
3211 4757 3435 4820 ὀλίσθῳ
3457 4757 3677 4822 ἔταξας

2091 4831 2334 4915 αὐτοὺς,
2366 4849 2689 4917 κατέϐαλες
2709 4851 2932 4918 αὐτοὺς
2956 4853 3043 4917 εὶς
3065 4851 3444 4921 άφανισμούς
3465 4867 3481 4880 ο
3514 4849 3675 4914 ἐξαί-

2092 4960 2248 5011 φνης
2276 4942 2582 5009 ἐξέλιπον,
2599 4942 3004 5012 ἀνηλώθησαν
3026 4943 3107 5009 ὡς
3131 4945 3244 5012 οὐχ
3270 4941 3682 5011 ὑπάρξαντες,.

2089 5035 2170 5100 ὡς
2204 5033 2439 5102 ὄνειρον
2469 5035 2883 5100 ἐξυπνίσαντι.
2919 5036 3013 5098 Εἰς
3037 5034 3094 5087 δὲ
3123 5034 3202 5099 τὸ,
3233 5033 3545 5102 ἐξαίφνης,
3581 5033 3681 5087 καὶ

2092 5125 2172 5191 τὸ,
2206 5126 2483 5192 ἐξάπινα,
2517 5128 2858 5200 παραθήσεις
2893 5129 2993 5198 τὴν
3021 5129 3286 5200 σωτήριον
3347 5126 3530 5195 φωνὴν
3575 5125 3682 5194 τὴν

2093 5217 2355 5286 λέγουσαν
2376 5239 2388 5251 ·
2419 5219 2793 5291 Γρηγορεῖτε,
2829 5219 2919 5273 ὅτι
2939 5221 3052 5273 οὐκ
3087 5218 3286 5273 οἴδατε
3313 5219 3457 5285 ποίᾳ
3487 5218 3679 5286 ἡμέρᾳ

2093 5313 2190 5366 καὶ
2213 5310 2334 5381 ὥρᾳ.
2361 5316 2393 5367 ό
2426 5315 2638 5383 Κύριος
2673 5311 2842 5382 ὑμῶν
2871 5312 3138 5382 ἔρχεται⁸
3161 5311 3254 5365 καὶ
3289 5312 3482 5366 πάλιν·
3504 5310 3679 5375 ’Ἥξει

2093 5407 2126 5458 ό
2158 5406 2372 5473 Κύριος
2407 5404 2594 5459 αὑτοῦ
2625 5406 2694 5458 ἐν
2726 5404 2917 5475 ἡμέρᾳ
2945 5399 2984 5476 ᾗ
3011 5407 3083 5459 οὐ
3114 5404 3443 5474 προσδοκᾷ,
3470 5402 3570 5458 καὶ
3605 5403 3680 5456 ἐν

2091 5496 2213 5565 ὥρᾳ
2240 5493 2279 5569 ᾖ
2311 5501 2382 5552 οὐ
2405 5499 2706 5569 γινώσκει.

2165 5590 2362 5656 Κύριε,
2389 5591 2459 5643 ἐν
2489 5589 2564 5657 τῇ
2587 5592 2758 5644 πόλει
2774 5604 2890 5643 σου
2917 5588 3032 5659 τὴν
3055 5588 3259 5643 εἰκόνα
3285 5584 3486 5642 αὐτῶν
3500 5585 3676 5651 ἐξου-

2092 5680 2388 5747 θενιξσεις.
2440 5681 2721 5753 Ἀνωτέρω
2750 5681 2848 5752 μὲν
2880 5681 3094 5750 ἔλεγεν,
3129 5681 3282 5745 Ἕως
3309 5677 3560 5735 εἰσέλθω
3587 5678 3679 5745 είς
