4128 6392
406 464 515 533 διε

1552 466 2054 528 COMMENTARIA
2090 468 2158 525 IN
2198 464 2532 526 PSALMOS.

3556 466 3662 522 846

402 596 468 654 τὸ
494 595 883 667 ἁγιαστήριον
899 596 1005 651 τοῦ
1029 590 1198 650 Θεοῦ”
1225 593 1315 648 νῦν
1341 594 1397 648 δὲ
1424 595 1476 648 τί
1508 593 1625 648 ποτ’
1644 590 1712 665 ἦν
1731 594 1790 647 τὸ
1822 594 1978 662 ἁγια-

2083 594 2449 647 sanctuarium
2472 594 2563 647 Dei
2584 610 2601 654 ε
2636 607 2783 647 nunc
2799 606 2928 647 vero
2950 589 3227 660 quodnam
3255 590 3325 645 sit
3344 589 3663 657 hujusmodi
3688 618 3692 625 -

403 692 622 764 στήρισν
644 689 883 743 διδάσκει
917 688 1107 757 λέγων’
1124 689 1316 757 Κύριε,
1342 688 1412 739 ἐν
1432 684 1507 755 τῇ
1528 686 1698 739 πόλει
1720 700 1836 739 σου
1868 685 1983 751 τὴν

398 783 603 837 εικόνα
626 780 826 835 αὐτῶν
849 778 1296 844 ἐξουδενώσεις.
1331 777 1520 831 Ἔνθεν
1548 776 1771 840 εἰκότως
1798 778 1826 829 6
1842 776 1983 840 θεῖος

414 869 754 935 Ἀπόστολος,
775 872 929 925 πόλιν
946 870 1195 943 οὐράνιον
1214 869 1346 923 Θεοῦ
1366 868 1521 932 εἰδὼς
1543 868 1744 936 ἔλεγεν·
1759 870 1983 936 Προσε-

397 964 747 1034 ληλύθαμεν
774 961 927 1017 Σιὼν
957 960 1076 1031 ὄρει
1115 961 1211 1016 καὶ
1248 963 1420 1015 πόλει
1457 959 1605 1014 Θεοῦ
1643 958 1855 1024 ζῶντος
1887 958 1981 1012 Ἰε-

393 1054 720 1125 ρουσαλὴμ
746 1053 1099 1123 ἐπουρανίῳ*
1130 1054 1224 1106 καὶ
1254 1052 1432 1107 πάλιν·
1468 1049 1615 1107 Ἡδὲ
1644 1049 1983 1118 ἆνωἹερου-

400 1146 609 1217 (Julius
645 1145 930 1214 ἐλευθέρα
974 1145 1127 1199 ἐστί.
1175 1145 1391 1214 Ταύτην
1424 1138 1517 1197 οὖν
1565 1142 1660 1195 καὶ
1711 1142 1740 1195 6
1791 1138 1982 1211 παρὼν

400 1239 695 1312 Προφήτης
719 1238 819 1311 τὴν
844 1238 998 1293 πόλιν
1019 1237 1113 1292 τοῦ
1134 1236 1268 1290 Θεοῦ
1293 1235 1545 1307 σημαίνει
1564 1234 1758 1304 λέγων’
1782 1234 1979 1302 Κύριε,

398 1334 469 1387 ἐν
491 1332 567 1403 τῇ
586 1336 759 1388 πόλει
796 1347 913 1387 σου
951 1332 1067 1402 τὴν
1093 1334 1297 1387 εἰκόνα
1314 1330 1514 1387 αὐτῶν
1532 1328 1977 1395 ἐξουδενώσεις,

399 1427 464 1480 El
490 1427 588 1497 μὲν
614 1424 722 1495 γὰρ
747 1422 911 1497 ἦσαν,
939 1425 1104 1496 φησὶ,
1150 1422 1484 1494 φυλάξαντες
1514 1421 1614 1493 τὴν
1646 1420 1743 1494 σὴν
1776 1421 1978 1488 εἰκόνα,

398 1518 625 1582 εἰκότως
656 1518 751 1573 καὶ
793 1518 890 1588 τῆς
938 1517 1036 1587 σῆς
1081 1516 1289 1580 πόλεως
1322 1514 1675 1587 κατηξιοῦντο
1702 1532 1716 1545 ο
1771 1514 1893 1567 ἐπεὶ
1924 1514 1981 1567 δὲ

397 1605 705 1673 ἄνθρωπος
728 1605 799 1658 ἐν
826 1604 964 1675 τιμῇ
993 1603 1078 1657 ὢν
1103 1607 1175 1659 οὐ
1201 1605 1455 1673 συνῆκε,
1486 1603 1981 1673 παρεσυνεϐλήθη

397 1696 521 1764 τοῖς
552 1698 801 1767 κτήνεσι
835 1697 960 1764 τοῖς
1001 1698 1300 1767 ἀνοήτοις,
1338 1698 1435 1752 καὶ
1461 1698 1725 1768 ὡμοιώθη
1755 1697 1977 1764 αὐτοῖς,

395 1787 672 1856 ἀναλόγως
700 1805 759 1840 τε
786 1789 852 1858 τῇ
877 1787 1069 1841 ἑαυτοῦ
1134 1788 1299 1859 κακία
1338 1786 1526 1842 ἑαυτὸν
1561 1788 1982 1858 μετεμόρφωσεν

397 1879 479 1943 είς
508 1879 702 1951 ἀγρίου
726 1878 892 1951 θηρὸς
923 1880 1121 1950 τρόπον
1150 1897 1231 1943 τε,
1261 1880 1452 1948 γέγονέ
1473 1897 1530 1933 τε
1555 1880 1720 1942 ἵππος
1738 1879 1979 1950 θηλυμα-

395 1971 513 2042 νὴς,
544 1942 1161 2044 η’λύκοςῦιρπακτικὸς,
1209 1972 1242 2043 ἢ
1270 1942 1391 2041 δφις
1422 1973 1516 2025 καὶ
1538 1942 1805 2043 γέννημα.
1833 1942 1974 2042 ἐχιδ-
2010 1942 2053 1997 Β

396 2063 522 2127 νῶν,
559 2063 593 2134 ἢ
626 2062 754 2117 ἄλλο
794 2081 846 2116 τι
872 2062 1080 2126 τούτοις
1126 2063 1526 2133 παραπλήσιον
1574 2062 1762 2117 τούτου
1814 2058 1972 2134 χάριν

395 2154 585 2228 ὥσπερ
633 2155 882 2227 κίϐδηλον
927 2157 1169 2227 νόμισμα
1210 2155 1306 2226 τὴν
1353 2155 1605 2227 τοιαύτην
1645 2155 1826 2209 εἰκόνα
1873 2156 1974 2226 τῆς

396 2248 589 2303 ἑαυτοῦ
626 2249 833 2314 πόλεως
858 2250 1185 2322 ἀπορρίπτει
1211 2250 1238 2302 6
1266 2248 1419 2312 Θεὸς,
1462 2247 1747 2313 ὲξουδενῶν
1779 2248 1968 2320 αὐτὴν,

393 2340 514 2395 οὐδὲ
556 2339 715 2407 ἀξίαν
759 2341 961 2414 κρίνων
1002 2340 1107 2394 τῶν
1150 2341 1208 2393 ὲν
1258 2342 1325 2411 τῇ
1380 2339 1528 2393 πόλει
1556 2340 1721 2393 αὐτοῦ
1770 2339 1967 2410 μονῶν.

394 2430 594 2484 Πολλαὶ
639 2431 747 2504 γὰρ
801 2430 961 2502 μοναὶ
1007 2429 1159 2502 παρὰ
1200 2428 1278 2501 τῷ
1301 2431 1494 2502 Πατρί·
1522 2431 1588 2484 δι’
1622 2431 1650 2484 ὃ
1691 2430 1966 2484 λέλεκται·

392 2525 587 2593 Κύριε,
614 2522 686 2576 ἐν
710 2520 785 2590 τῇ
808 2522 979 2574 πόλει
993 2536 1109 2574 σου
1134 2519 1250 2589 τὴν
1275 2521 1477 2574 εὶκόνα
1505 2520 1703 2574 αὐτῶν
1730 2520 1970 2585 ἐξουθε-
2004 2564 2007 2569 λ

391 2615 624 2685 νήσεις.
682 2612 853 2666 Τοῦτο
895 2612 994 2683 μὲν
1040 2607 1132 2665 οὖν
1173 2611 1523 2683 προφητικῶς
1560 2613 1589 2663 6
1631 2611 1802 2681 Ἀσὰφ
1836 2613 1973 2665 ἀπε-

391 2706 684 2778 φθέγξατο,
715 2705 903 2775 ῶσπερ
936 2703 1275 2766 ἐπιθειάσας,
1309 2703 1401 2755 καὶ
1422 2701 1484 2755 τὸ
1509 2703 1700 2774 μέλλον
1730 2721 1971 2773 πεφωτι-

394 2799 614 2869 σμένοις
638 2795 818 2867 ψυχῆς
845 2794 1142 2867 ὀφθαλμοῖς
1180 2793 1524 2865 τεθεαμένος.
1563 2795 1674 2866 Τὴν
1702 2794 1758 2847 δὲ
1792 2796 1971 2849 αἰτίαν

384 2890 458 2944 δι’
485 2889 555 2960 ἣν
593 2889 867 2961 ἐφωτίσθη
896 2888 995 2960 τὴν
1037 2887 1190 2942 πόλιν
1218 2885 1311 2942 τοῦ
1339 2884 1476 2940 Θεοῦ
1509 2886 1763 2955 συνιδεῖν,
1799 2887 1967 2959 παρί-

393 3000 550 3055 στησι
576 2982 749 3052 λέγων
778 2981 926 3052 ἑξῆς·

464 3166 593 3221 Ὀτι
624 3165 918 3233 ἐξεκαύθη
937 3164 975 3231 ή
995 3164 1208 3233 καρδία
1232 3182 1372 3233 μου,
1396 3164 1492 3217 καὶ
1534 3167 1588 3217 οἱ
1624 3167 1832 3235 νεφροί
1851 3185 1970 3236 μου

2091 685 2464 738 sanctuarium
2498 685 2690 740 edocet
2718 685 2804 741 his
2836 687 3037 747 verbis,
3072 682 3313 746 Domine,
3354 684 3408 735 in
3449 682 3664 736 civitate

2089 782 2180 826 tua
2210 774 2494 843 imaginem
2528 776 2763 843 ipsorum
2785 775 2854 829 ad
2880 775 3103 829 nihilum
3124 773 3347 843 rediges.
3374 771 3529 828 Unde
3551 789 3670 827 me-

2087 865 2195 918 rito
2225 865 2385 922 divus
2418 867 2734 938 Apostolus,
2763 868 2932 937 utqui
2964 868 3242 924 coelestem
3264 865 3360 922 Dei
3383 866 3685 921 civitatem,

2086 973 2293 1026 nosset,
2330 961 2585 1017 dicebat:
2622 960 2950 1016 Accessimus
2973 962 3043 1015 ad
3078 960 3207 1015 Sion
3235 969 3481 1023 montem,
3521 968 3570 1012 et
3592 960 3668 1012 ci-

2086 1057 2298 1112 vitatem
2331 1052 2431 1108 Dei
2479 1054 2694 1108 viventis
2724 1050 3026 1105 Jerusalem
3078 1053 3401 1117 cmlestem‘;
3437 1063 3502 1104 ac
3540 1061 3669 1102 rur-

2085 1162 2206 1211 sum
2227 1164 2240 1201 :
2260 1145 2366 1200 Illa
2398 1160 2516 1199 vero
2536 1160 2652 1215 qua:
2684 1160 2894 1198 sursum
2910 1153 2985 1197 est
3000 1141 3320 1206 Jerusalem,
3343 1141 3511 1197 libera
3530 1147 3610 1193 est
3622 1142 3668 1196 ⁸.
3690 1183 3696 1189 .

2084 1234 2238 1291 Hanc
2262 1236 2447 1305 itaque
2476 1234 2572 1290 Dei
2594 1234 2867 1289 civitatem
2892 1232 3163 1304 Propheta
3203 1233 3297 1303 qui
3334 1232 3445 1303 jam
3481 1230 3669 1303 loqui-

2082 1335 2175 1382 tur
2227 1327 2308 1383 sic
2360 1326 2603 1381 indicat:
2643 1325 2881 1391 Domine,
2922 1328 2975 1379 in
3025 1326 3233 1380 civitate
3262 1334 3351 1378 tua
3376 1324 3661 1395 imaginem

2083 1422 2320 1489 ipsorum
2347 1419 2416 1474 ad
2450 1418 2673 1473 nihilum
2710 1418 2932 1489 rediges.
2962 1416 3099 1472 Nam
3135 1418 3203 1487 si,
3227 1418 3426 1489 inquit,
3459 1418 3656 1489 imagi-

2084 1525 2210 1565 nem
2242 1515 2663 1564 conservassent
2713 1516 2888 1571 tuam,
2923 1506 3118 1561 merito
3150 1507 3372 1562 civitate
3432 1523 3655 1578 quoque

2082 1610 2178 1657 tua
2209 1600 2398 1655 donati
2428 1606 2616 1655 essent
2644 1618 2657 1653 :
2694 1605 2749 1652 at
2779 1598 2907 1668 quia
2938 1597 3091 1652 homo
3127 1614 3244 1652 cum
3273 1600 3327 1652 in
3354 1598 3551 1654 honore
3581 1616 3658 1654 ese

2083 1704 2182 1759 set,
2218 1709 2321 1747 non
2356 1692 2616 1747 intellexit
2665 1705 2683 1743 :
2740 1701 3077 1758 comparatus
3132 1700 3208 1746 est
3237 1691 3495 1760 jumentis
3524 1693 3655 1746 insi-
3692 1727 3700 1737 υ

2083 1787 2363 1859 pientibus,
2410 1796 2458 1841 et
2501 1786 2692 1840 similis
2729 1785 2901 1854 factus
2951 1796 3027 1841 est
3074 1785 3183 1839 illis
3215 1788 3258 1849 ⁸,
3299 1797 3460 1857 atque
3492 1785 3656 1841 modo

2083 1884 2304 1938 malitiae
2357 1898 2471 1938 suae
2502 1883 2825 1952 congruenti
2855 1895 2978 1937 sese
3009 1882 3064 1935 in
3097 1882 3328 1952 agrestis
3361 1880 3487 1936 ferae
3531 1898 3655 1938 mo-

2080 1990 2198 2030 rem
2214 1974 2627 2040 transmutavit,
2669 1973 2959 2045 factusque
2985 1980 3070 2029 est
3100 1989 3275 2044 equus
3304 1974 3651 2040 emissarius,

2081 2077 2174 2123 aut
2201 2069 2365 2138 lupus
2397 2082 2588 2137 rapax,
2646 2076 2739 2120 aut
2790 2082 3015 2136 serpens
3045 2074 3098 2121 et
3135 2065 3391 2137 genimen
3437 2068 3656 2137 vipera-

2079 2175 2224 2225 rum,
2259 2161 2374 2215 sive
2412 2159 2547 2230 quid
2597 2158 2666 2214 iis
2708 2158 2921 2225 simile;
2982 2157 3107 2212 ideo
3161 2158 3325 2211 talem
3359 2158 3653 2228 imaginem
3688 2202 3691 2203 ν

2078 2252 2236 2322 quasi
2284 2250 2654 2305 adulterinum
2696 2249 2971 2304 numisma
3021 2264 3088 2303 ex
3122 2249 3341 2303 civitate
3375 2265 3476 2303 sua
3508 2248 3652 2304 Deus

2079 2342 2285 2413 abiicit,
2320 2343 2388 2396 ad
2432 2343 2661 2397 nihilum
2696 2342 2914 2412 redigit,
2958 2355 3135 2410 neque
3170 2340 3389 2411 dignam
3442 2340 3655 2409 judicat

2077 2437 2186 2491 illis
2220 2434 2462 2489 civitatis
2494 2449 2607 2489 sua)
2640 2434 3038 2488 mansionibus.
3087 2431 3223 2486 Nam
3260 2431 3403 2503 apud
3432 2431 3649 2486 Patrem

2079 2525 2393 2580 mansiones
2417 2524 2602 2578 multa:
2630 2532 2777 2578 sunt.
2805 2523 2985 2589 Quare
3011 2523 3217 2577 dictum
3250 2529 3336 2578 est
3367 2541 3379 2576 :
3406 2521 3652 2585 Domine,

2077 2616 2132 2668 in
2164 2617 2376 2670 civitate
2408 2625 2501 2669 tua
2532 2616 2817 2685 imaginem
2870 2616 3102 2683 ipsorum
3141 2612 3211 2666 ad
3252 2613 3478 2667 nihilum
3511 2613 3656 2665 redi-

2076 2724 2185 2779 ges.
2222 2706 2334 2761 Hoc
2365 2706 2547 2775 itaque
2572 2704 2890 2774 prophetiae
2912 2704 3094 2773 Asaph
3116 2701 3272 2773 quasi
3313 2701 3524 2764 alllatus
3543 2699 3657 2754 Nu-

2078 2800 2244 2866 mine,
2273 2812 2337 2853 ac
2379 2795 2702 2851 illuminatis
2742 2796 2944 2851 mentis
2983 2795 3160 2850 oculis
3192 2794 3377 2849 futura
3402 2801 3654 2846 contem-

2077 2894 2279 2964 platus,
2312 2891 2530 2945 locutus
2564 2895 2673 2944 est.
2700 2887 2937 2943 Causam
2977 2901 3108 2944 vero
3157 2901 3260 2942 cur
3308 2885 3656 2940 illuminatus

2081 2984 2154 3039 sit
2181 2983 2250 3038 ad
2279 2983 2559 3039 civitatem
2596 2981 2687 3037 Dei
2715 2978 3165 3050 conspiciendam
3194 2993 3321 3033 mox
3363 2976 3540 3047 aperit
3567 2975 3653 3028 dia-

2080 3091 2211 3132 cens
2245 3094 2258 3130 Σ

2150 3166 2317 3223 Vens.
2369 3165 2560 3220 ΞΙ-ἳίι.
2605 3165 2746 3232 Quia
2776 3165 3169 3233 inﬂammatum
3227 3171 3305 3217 est
3334 3179 3425 3217 cor
3458 3176 3652 3225 meum,

389 3255 826 3326 ἡλλοιώθησαν.
845 3254 1058 3326 Ἐπειδὴ
1073 3255 1179 3327 γὰρ
1195 3253 1386 3323 ζηλῶν
1401 3255 1671 3325 ἐζήλωσα
1685 3256 1765 3322 τῷ
1778 3262 1973 3327 Κυρίῳ

2080 3271 2131 3315 ει
2159 3277 2306 3315 renes
2334 3260 2435 3313 mei
2457 3258 2767 3313 commutati
2806 3266 2948 3311 sunt.
2982 3255 3121 3322 Quia
3156 3256 3302 3310 enim
3347 3255 3457 3310 zelo
3485 3256 3655 3310 zelavi

2002 3302 2046 3361 C

390 3346 532 3401 κατὰ
543 3346 631 3399 τὸν
647 3346 929 3417 προφήτην
949 3344 1156 3407 Ἠλίαν,
1174 3344 1381 3410 ὲξειλκό
1387 3364 1494 3417 μην
1504 3364 1564 3399 τε
1573 3350 1684 3412 τοῖς
1699 3352 1974 3420 λογισμοῖς

389 3433 532 3508 ὁρῶν
544 3433 757 3497 ἀσεϐεῖς
777 3433 1231 3504 εὐθυμουμένους
1248 3433 1382 3488 ἀλλὰ
1401 3437 1494 3490 καὶ
1515 3437 1831 3510 ὲπυρούμην
1850 3442 1975 3504 τοὺς

390 3524 622 3595 νεφροὺς
643 3523 819 3578 καὶτὰ
842 3522 979 3594 βάθη
1004 3524 1073 3578 τὰ
1099 3522 1304 3595 κρύφια
1315 3524 1416 3594 τῆς
1427 3526 1667 3595 ἐμαυτοῦ
1685 3528 1882 3600 ψυχῆς·
1905 3530 1971 3584 δι’

387 3617 419 3671 δ
438 3617 533 3672 καὶ
553 3616 755 3685 ἔλεγον,
788 3615 909 3669 Ὅτι
934 3614 1205 3681 ἐζήλωσα
1235 3615 1334 3669 ἐπὶ
1367 3616 1491 3683 τοῖς
1518 3618 1783 3688 ἀνόμοις,
1817 3621 1975 3689 εἱρή-

387 3726 507 3779 νην
532 3706 895 3778 ἁμαρτωλῶν
922 3707 1169 3775 θεωρῶν·
1206 3707 1395 3761 τούτου
1424 3708 1581 3780 χάριν
1598 3708 1838 3781 ἠξιώθην
1864 3730 1974 3781 φωά

389 3801 640 3873 τισθῆναι
671 3800 776 3853 ὑπὸ
800 3801 893 3854 τοῦ
921 3798 1236 3870 Πνεύματος
1267 3801 1361 3855 καὶ
1399 3801 1499 3872 τὴν
1534 3802 1686 3855 πόλιν
1721 3803 1847 3857 ἰδεῖν
1878 3804 1973 3857 τοῦ

388 3893 547 3959 Θεοῦ,
590 3892 715 3956 τούς
759 3909 817 3945 τε
850 3891 1033 3957 ἀξίους
1082 3892 1252 3964 αὐτῆς
1288 3892 1383 3946 καὶ
1423 3894 1548 3958 τοὺς
1596 3895 1692 3966 μή.
1737 3897 1881 3950 Ἀντὶ
1917 3898 1974 3951 δὲ

386 3984 483 4041 τοῦ
502 3986 861 4055 ,Ἐξεκαύθη
896 3985 936 4052 ἡ
967 3985 1180 4053 καρδία
1200 4002 1320 4054 μου
1339 4024 1353 4048 ,
1385 3987 1413 4037 6
1444 3985 1757 4058 Σύμμαχος,
1787 3992 1971 4043 Συνε-

387 4078 696 4144 στέλλετο,
739 4078 921 4149 φησιν,
952 4077 990 4144 ή
1024 4077 1237 4145 καρδία
1250 4096 1369 4147 μου
1389 4117 1405 4143 ,
1432 4081 1528 4133 καὶ
1546 4080 1719 4145 ἐντὸς
1739 4081 1856 4135 τῶν
1879 4099 1972 4135 νε-

387 4169 552 4240 φρῶν
578 4187 698 4239 μου
744 4168 1099 4237 διελεγόμην
1136 4169 1482 4240 ἀντιλέγων.
1513 4168 1626 4224 Εἶθ’
1668 4172 1794 4243 ἑξῆς
1824 4172 1974 4245 εἴρη-

389 4278 501 4315 ται·
542 4262 651 4315 Καὶ
694 4260 809 4331 ἐγώ
851 4260 1351 4328 ἐξουθενημένος,
1402 4262 1500 4315 καὶ
1545 4264 1657 4317 οὐκ
1702 4263 1912 4335 ἔγνων·
1943 4267 1971 4320 ὂ

385 4353 452 4425 δὴ
476 4353 805 4425 σαφέστερον
828 4353 1173 4423 ήρμήνευσεν
1196 4354 1224 4405 ὁ
1252 4353 1546 4424 Σύμμαχος
1565 4353 1756 4421 εἰπὼν,
1774 4359 1971 4426 Ἤμην

385 4445 456 4499 δὲ
483 4445 906 4514 ἀνεπιστήμων
936 4445 1033 4497 καὶ
1059 4443 1145 4513 μὴ
1186 4445 1375 4511 δίδως’
1403 4446 1496 4500 καὶ
1525 4447 1702 4501 πάλιν·
1737 4451 1971 4515 Κτηνώ-

384 4536 498 4604 6ης
515 4536 807 4605 ἐγενήθην
824 4536 982 4603 παρὰ
1006 4537 1109 4589 σοί
1114 4552 1130 4568 ο
1159 4537 1192 4606 ἦ
1222 4537 1359 4590 κατὰ
1378 4538 1469 4590 τὸν
1496 4538 1807 4609 Σύμμαχον,
1824 4544 1971 4607 Κτη-

2078 3354 2304 3409 Domino
2330 3390 2345 3416 ,
2381 3350 2682 3407 secundum
2729 3348 2901 3403 Eliam
2929 3346 3250 3418 prophetam
3278 3348 3322 3411 ",
3366 3350 3655 3419 cogitatio-

2076 3447 2345 3516 nibusque
2367 3443 2694 3499 detrahehar
2714 3457 2837 3497 cum
2863 3456 3145 3499 cernerem
3169 3441 3366 3512 impios
3392 3456 3654 3511 prospere

2078 3552 2274 3607 agere;
2307 3536 2417 3589 imo
2440 3534 2607 3588 etiam
2640 3547 2800 3588 renes
2844 3534 2951 3587 mei
2982 3547 3199 3587 necnon
3240 3530 3511 3601 profunda
3555 3546 3652 3585 oc-

2075 3633 2332 3700 cultaque
2375 3627 2570 3682 animae
2619 3641 2754 3681 mea:
2799 3625 3134 3692 urebantur;
3197 3623 3321 3680 ideo
3375 3624 3647 3688 dicebam,

2078 3721 2219 3788 Quia
2243 3720 2409 3775 celavi
2434 3733 2590 3787 super
2617 3718 2847 3786 iniquos,
2880 3731 3063 3784 pacem
3093 3725 3426 3785 peccatorum
3448 3714 3647 3768 videns.

2075 3810 2256 3876 Quare
2288 3822 2612 3864 concessum
2637 3806 2771 3859 mihi
2812 3805 2913 3860 fuit
2944 3814 3005 3859 ut
3045 3806 3387 3869 illuminarer
3413 3820 3443 3859 a
3468 3804 3648 3875 Spiri-
3686 3858 3689 3861 λ

2073 3911 2131 3957 ιιι
2187 3911 2243 3957 et
2271 3900 2511 3957 viderem
2538 3900 2814 3956 civitatem
2864 3897 2980 3963 Dei,
3024 3914 3235 3954 necnon
3268 3913 3363 3954 eos
3410 3899 3505 3970 qui
3554 3898 3650 3953 illa

2076 3997 2193 4051 sive
2224 3994 2397 4065 digni,
2431 3993 2546 4047 sive
2578 3992 2785 4063 indigni
2816 3999 2964 4046 sunt.
2997 3989 3104 4045 Pro
3146 3991 3240 4045 illo
3285 3998 3490 4056 autem,
3552 3988 3648 4044 In-

2074 4088 2409 4157 ﬂammatum
2438 4094 2516 4140 est
2562 4101 2651 4138 cor
2683 4100 2877 4148 meum,
2910 4081 3294 4154 Symmachus,
3352 4083 3647 4140 Contra/te-

2074 4178 2249 4243 batur,
2281 4176 2479 4247 inquit,
2508 4192 2599 4229 cor
2634 4191 2827 4237 meum,
2858 4182 2905 4226 et
2945 4174 3089 4227 intra
3119 4191 3268 4229 renes
3297 4191 3435 4229 meos
3474 4178 3650 4230 ratio-

2074 4270 2295 4323 cinabar
2327 4267 2711 4322 contradicens.
2745 4265 2951 4321 Deinde
2981 4265 3184 4321 dicitur
3210 4287 3220 4319 :
3244 4266 3311 4320 Et
3333 4283 3425 4338 ego
3466 4268 3534 4321 ad
3566 4269 3655 4322 ni--

2072 4365 2240 4419 hilum
2274 4363 2519 4417 redactus
2550 4378 2692 4424 sunt,
2722 4370 2770 4415 et
2793 4362 3021 4424 nescivi;
3052 4362 3199 4431 quod
3234 4362 3441 4418 clarius
3477 4364 3649 4417 inter-

2073 4464 2319 4527 pretalus
2362 4453 2725 4527 Symmachus
2777 4463 2863 4509 est
2905 4452 3118 4516 dicens,
3160 4454 3323 4507 Eram
3360 4455 3561 4511 inscius
3597 4463 3649 4509 et

2073 4569 2176 4606 non
2204 4566 2534 4621 cognoscens.
2568 4547 2805 4604 Rursum
2840 4567 2853 4602 :
2891 4546 2958 4600 Ut
2978 4546 3276 4615 jumentum
3322 4546 3495 4615 factus
3529 4563 3649 4600 sum

385 4627 587 4694 νωδώς
616 4627 926 4683 διετέλεσα
961 4627 1121 4697 παρὰ
1155 4629 1275 4683 σοί.
1308 4630 1413 4683 Καὶ
1455 4630 1588 4700 ἐγὼ,
1623 4632 1806 4702 φησιν,
1846 4633 1970 4687 δια-

2076 4649 2211 4716 apud
2246 4656 2323 4709 te;
2356 4644 2471 4702 sive
2501 4642 2804 4700 secundum
2838 4640 3245 4711 Symmachum,
3282 4638 3522 4692 Jumenti
3564 4641 3646 4692 in-

385 4719 613 4786 παντὸς
642 4719 791 4789 μετά
818 4719 953 4773 σοῦ⁶
983 4719 1123 4774 κατὰ
1139 4720 1197 4772 δὲ
1224 4721 1312 4773 τὸν
1341 4721 1655 4791 Σύμμαχον,
1687 4724 1798 4776 Kal
1828 4738 1971 4777 συν-

384 4815 547 4884 ήμην
591 4828 691 4868 σοι
733 4813 1077 4879 διαπαντός.
1118 4815 1180 4867 El
1239 4813 1346 4885 γὰρ
1392 4814 1482 4867 καὶ
1522 4814 1592 4867 τὰ
1637 4815 1868 4885 μάλιστα
1901 4817 1962 4869 οὐ

390 4907 605 4976 συνείην
636 4907 764 4976 πρὶν
789 4905 1121 4976 φωτισθῆναι
1148 4905 1242 4960 καὶ
1272 4905 1476 4974 γνῶναι
1496 4905 1565 4959 τὰ
1592 4909 1719 4976 περὶ
1742 4911 1837 4979 τῆς
1862 4909 1962 4979 σῆς

387 4996 593 5059 πόλεως
617 4995 934 5065 λελεγμένα,
963 4997 1056 5049 καὶ
1081 4996 1148 5050 τὰ
1182 4997 1430 5068 περὶτῆς
1462 5000 1669 5063 εἰκόνος
1699 4998 1807 5053 τῶν
1837 5000 1961 5051 ἀσε-

387 5087 517 5142 ϐῶψ
551 5089 645 5142 καὶ
687 5089 736 5140 εἰ
764 5087 921 5158 δίκην
953 5088 1150 5156 ἀλόγου
1194 5090 1425 5159 κτήνους
1452 5090 1727 5145 διετέλεσα
1766 5092 1960 5160 πρότε-

389 5199 481 5253 ρον
508 5182 861 5252 ἁνοηταίνων,
886 5183 978 5234 καὶ
1009 5181 1082 5255 μὴ
1108 5183 1400 5253 δυνάμενος
1424 5182 1698 5237 ἐπιϐαλεῖν
1725 5188 1835 5248 τοῖς
1865 5185 1963 5255 τῆς

385 5276 486 5353 σῆς
519 5275 773 5345 προνοίας
806 5274 1002 5342 λόγοις·
1048 5276 1195 5346 ὅμως
1232 5278 1331 5329 οὐκ
1366 5276 1823 5347 ἁπελιμπανόμην
1866 5295 1959 5331 σου

384 5366 480 5421 τοῦ
499 5366 659 5431 Θεοῦ,
687 5367 807 5421 οὐδὲ
831 5367 1118 5431 ἐξέπιπτον
1132 5369 1227 5439 τῆς
1257 5369 1348 5421 ἐπὶ
1371 5369 1429 5421 σὲ
1453 5368 1686 5432 ἐλπίδος,
1716 5372 1961 5441 συνήμην

384 5458 440 5512 δέ
469 5476 549 5512 σοι
586 5459 909 5523 διαπαντός’
954 5461 1048 5513 καὶ
1080 5460 1222 5513 τοῦτ’
1258 5460 1524 5533 ἔπραττον
1556 5463 1656 5513 οὐκ
1697 5461 1757 5526 ἐξ,
1794 5464 1963 5532 ἐμαυ-

384 5548 482 5603 τοῦ
506 5550 804 5622 δυνάμεως,
828 5551 943 5605 ἀλλ’
970 5554 1035 5605 ὲκ
1054 5552 1155 5622 τῆς
1177 5553 1274 5623 σῆς
1304 5554 1544 5625 χάριτος.
1570 5555 1640 5608 Σὺ
1670 5555 1777 5624 γὰρ
1801 5555 1962 5618 αὐτὸς

385 5644 455 5713 τῇ
477 5642 673 5696 σαυτοῦ
700 5644 1103 5716 φιλανθρωπίᾳ,
1130 5650 1228 5717 τῆς
1262 5648 1403 5717 ἐμῆς
1433 5647 1611 5711 δεξιᾶς
1640 5646 1819 5717 χειρὸς
1844 5650 1963 5700 ὲπι-

387 5729 682 5802 λαϐόμενος
705 5771 719 5798 ,
751 5734 991 5804 συνεῖχες
1023 5736 1118 5788 καὶ
1146 5725 1449 5807 δίεκράτεις
1482 5736 1617 5807 πρὸς
1646 5737 1705 5789 τὸ
1749 5736 1822 5807 μὴ
1847 5736 1962 5789 δια-

458 5905 481 5940 δ
504 5904 669 5964 Hebr.
703 5923 799 5977 xu,
826 5906 915 5962 22.

2071 4743 2186 4787 star
2226 4742 2464 4786 versatus
2493 4748 2608 4786 sum
2637 4731 2774 4799 apud
2810 4740 2875 4785 te.
2922 4730 2991 4783 Et
3033 4745 3144 4800 ego,
3194 4729 3392 4798 inquit,
3446 4743 3647 4796 semper

2072 4834 2272 4886 tecum;
2304 4824 2603 4879 secundum
2623 4822 3009 4893 Symmachum
3036 4818 3237 4884 autem,
3265 4819 3333 4873 Et
3352 4836 3458 4873 una
3476 4829 3643 4872 tecum

2064 4932 2211 4969 eram
2235 4930 2455 4983 semper.
2482 4912 2597 4967 Etsi
2619 4913 2764 4967 enim
2802 4928 2909 4965 non
2938 4912 3297 4981 intelligcham
3323 4911 3643 4979 priusquam

2066 5007 2403 5061 illuminarer
2424 5021 2489 5059 ac
2531 5020 2595 5059 ea
2623 5018 3008 5075 cognoscerem
3032 5019 3151 5073 quae
3185 5004 3252 5057 de
3276 5003 3503 5058 civitate
3524 5011 3640 5067 tua,
3679 5004 3691 5063 ζ

2069 5113 2359 5153 necnonea
2386 5112 2507 5168 quae
2531 5098 2598 5151 de
2629 5097 2867 5167 imagine
2890 5098 3179 5167 impiorum
3209 5096 3354 5151 dicta
3389 5104 3549 5162 sunt;
3578 5112 3642 5151 ac

2066 5189 2284 5244 etiamsi
2310 5190 2484 5243 inStar
2498 5190 2641 5247 bruti
2657 5189 2886 5257 jumenti
2912 5190 3061 5258 prius
3083 5189 3353 5257 degerem,
3376 5189 3644 5257 insipiens

2064 5291 2167 5331 nec
2188 5277 2539 5346 providentiae
2561 5286 2667 5332 tua:
2687 5279 2950 5333 rationem
2971 5278 3233 5347 attingere
3254 5277 3441 5341 valens
3462 5295 3479 5343 ;
3497 5287 3643 5331 atta-

2068 5385 2192 5425 men
2215 5371 2311 5426 abs
2326 5378 2396 5435 te,
2418 5370 2578 5434 Deus,
2609 5387 2717 5426 non
2735 5371 3046 5433 deserelmr,
3078 5385 3256 5440 neque
3282 5370 3379 5425 abs
3403 5385 3499 5440 spe
3522 5386 3641 5426 mea

2072 5462 2124 5516 in
2149 5474 2200 5518 te
2227 5463 2466 5533 reposita
2490 5463 2833 5525 excidebam,
2854 5463 3060 5533 tibique
3081 5477 3293 5532 semper
3315 5464 3566 5518 aderam:
3586 5470 3643 5518 et

2071 5553 2173 5608 hoc
2220 5554 2444 5625 agebam
2497 5569 2609 5608 non
2650 5568 2769 5608 mea
2814 5553 3031 5617 virtute,
3067 5553 3160 5609 sed
3194 5554 3367 5623 gratia
3408 5561 3520 5607 tua.
3558 5552 3641 5607 Tu

2069 5664 2305 5719 namque
2327 5648 2667 5703 humanitate
2688 5655 2802 5708 tua,
2826 5654 3041 5715 arrepta
3064 5662 3225 5700 manu
3250 5644 3472 5699 dextera
3494 5660 3642 5706 mea,

2067 5756 2155 5796 me
2189 5740 2474 5795 detinehas
2506 5740 2980 5811 astringebasquc,
3016 5748 3087 5809 ut
3115 5754 3182 5794 ne
3230 5737 3647 5795 eﬂunderentu

1018 5907 1038 5940 '
1068 5907 1243 5965 Galat.
1279 5924 1348 5974 ιν,
1382 5908 1469 5965 26,
1550 5910 1568 5939 ⁸
1596 5906 1739 5964 Psal.
1769 5920 1970 5975 XLVIII,
2008 5909 2097 5963 2i.
2174 5912 2191 5941 ⁷
2216 5910 2260 5966 ll
2288 5910 2415 5984 Reg.
2451 5928 2565 5978 XIX,
2601 5911 2694 5968 10.
