4128 6392
434 442 541 502 8U

1109 445 1379 505 EUSEBII
1419 444 1906 503 CESARIENSIS
1943 443 2003 500 01

2137 445 2320 502 PARS
2356 442 2447 501 ΠΙ.
2485 469 2558 485 ο·-
2594 443 3005 501 EXEGETICA.

3585 448 3691 505 848

433 569 661 639 vestigia
692 583 834 634 mea,
860 582 1038 638 neque
1066 569 1233 639 pedes
1266 575 1617 622 moverentur
1644 581 1673 620 a
1702 580 1821 620 mea
1860 564 2003 635 apud

2109 564 2318 635 χεῖσθαι
2350 582 2452 636 μου
2494 564 2561 619 τά
2593 564 2752 635 διαϐή
2763 581 2926 635 ματα,
2965 564 3097 636 μηδὲ
3124 583 3247 630 τους
3266 568 3430 633 πόδας
3462 587 3563 641 μου
3595 587 3665 624 σα

430 667 486 715 te
510 660 763 716 statione.
790 659 1136 730 Quapropter
1160 659 1287 712 dico
1324 678 1335 712 :
1379 657 1614 712 Tenuisti
1641 672 1855 709 manum
1875 655 2006 708 dex-

431 761 599 808 teram
640 769 833 807 meam.
864 752 1066 807 Bonam
1096 752 1299 822 quippe
1322 750 1600 806 dexteram
1638 748 1835 812 habui,
1865 762 1998 817 pra:-

426 844 665 899 va'lidam
699 853 754 897 et
785 848 1091 913 paternam,
1124 842 1349 897 dextera
1380 842 1565 896 omnia
1595 849 1649 894 et
1678 841 1777 895 tibi
1802 841 2004 911 placita

426 940 779 1006 peragentem
821 948 1039 1004 :quare
1086 941 1303 1003 arrepta
1370 934 1484 998 illa,
1528 933 1583 985 in
1617 932 1883 987 uoluntate
1914 945 2005 987 tua

423 1024 697 1079 deduxisti
728 1039 845 1089 me;
878 1024 995 1078 sive
1014 1025 1316 1079 secundum
1346 1021 1756 1095 Symmachum,
1783 1025 2005 1080 consilio

428 1124 518 1169 tuo
546 1110 750 1169 duxisti
772 1131 873 1179 me,
916 1130 946 1169 a
992 1117 1210 1170 mortali
1240 1132 1326 1170 me
1357 1119 1466 1169 vita
1503 1115 1817 1180 traducens,
1853 1124 1907 1171 et
1936 1117 2005 1172 ad

425 1205 783 1276 tranquillum
819 1213 1108 1276 tutumque
1142 1204 1350 1274 requiei
1404 1212 1509 1258 tum
1561 1211 1778 1273 portum
1833 1202 2004 1258 dedu-

425 1311 594 1363 cens;
630 1297 704 1350 ita
736 1302 796 1351 ut
828 1297 874 1351 si
899 1295 1181 1350 dexteram
1215 1310 1388 1350 meam
1424 1310 1533 1348 non
1564 1295 1860 1361 tenuisses,
1887 1294 2003 1363 jam

426 1390 557 1443 olim
609 1389 771 1459 quasi
817 1403 848 1441 a
902 1395 1147 1443 torrente
1180 1388 1465 1457 abreptus,
1497 1388 1838 1457 pedibusque
1873 1387 2005 1442 sub-

425 1494 642 1546 versus,
681 1481 735 1534 in
788 1488 1089 1535 extremam
1139 1480 1439 1549 perniciem
1493 1480 1748 1548 delapsus
1799 1494 1999 1533 essent.

426 1571 585 1627 Nunc
617 1587 748 1627 vero
785 1582 842 1625 tu
874 1572 989 1641 ipse
1020 1572 1235 1625 tenuisti
1263 1588 1479 1624 manum
1510 1571 1782 1624 dexteram
1808 1587 1999 1636 meam,

426 1672 475 1716 et
507 1663 561 1715 in
590 1662 859 1716 voluntate
891 1672 983 1714 tua
1015 1662 1288 1716 deduxisti
1322 1678 1401 1715 me
1442 1677 1459 1714 :
1508 1677 1572 1716 ac
1619 1663 1840 1717 demum
1879 1669 2005 1733 post

2107 657 2357 712 λεύεσθαι
2379 659 2477 729 τῆς
2498 657 2650 728 παρά
2677 659 2758 711 σοὶ
2784 658 3045 721 στάσεως.
3078 660 3169 712 Διό
3204 677 3365 733 φημι·
3412 661 3663 729 Ἐκράτη

2106 763 2225 815 σας
2255 747 2366 816 τῆς
2388 748 2584 817 χειρὸς
2628 748 2739 818 τῆς
2773 747 2973 815 δεξιᾶς
3007 767 3146 818 μου.
3182 746 3341 821 Εἶχον
3369 752 3479 822 γὰρ
3519 752 3688 823 καλὴν

2105 838 2304 905 δεξιὰν,
2339 841 2654 912 ἐρρωμένην
2683 841 2774 895 καὶ
2805 841 3074 913 πατρικὴν
3103 840 3203 911 (Ι),
3238 842 3307 896 τά
3344 841 3492 907 δεξιά
3514 844 3688 896 πάντα

2106 934 2283 988 καὶτὰ
2303 951 2386 987 σοι
2408 934 2613 1005 ἀρεστά
2644 935 3011 1007 πράττουσαν·
3040 936 3107 988 δι’
3130 935 3159 987 ὃ
3184 935 3576 1007 ἐπιλαϐόμενος
3592 938 3687 990 αύ-

2105 1030 2222 1100 τῆς,
2252 1027 2329 1096 τῇ
2343 1028 2548 1097 ,βουλῇ
2573 1044 2688 1082 σου
2728 1026 3048 1097 ὡδήγησάς
3080 1044 3174 1097 με·
3212 1027 3244 1098 ἢ
3272 1028 3416 1082 κατὰ
3437 1029 3529 1082 τὸν
3546 1028 3691 1100 Σύμο

2107 1140 2303 1194 μαχον,
2332 1121 2407 1191 τῇ
2428 1122 2766 1191 συμϐουλίᾳ
2803 1137 2920 1175 σου
2957 1120 3278 1190 ὡδήγησάς
3304 1138 3380 1190 με
3400 1162 3415 1186 ,
3445 1121 3536 1175 τὸν
3566 1121 3691 1193 θνη-

2104 1212 2196 1266 τὸν
2218 1210 2629 1283 διαπορθμεύων
2654 1210 2788 1279 βίον,
2824 1211 2917 1264 καὶ
2943 1211 3025 1273 είς
3044 1209 3217 1264 εὖδιον
3245 1212 3339 1263 καὶ
3367 1211 3581 1282 ἀσφαλῆ
3608 1210 3690 1264 λι-

2110 1306 2244 1376 μένα
2269 1307 2369 1377 τῆς
2403 1305 2553 1377 παρὰ
2583 1306 2666 1357 σοὶ
2701 1304 3060 1368 ἀναπαύσεως
3084 1304 3439 1377 χειραγωγῶν
3467 1322 3555 1373 με·
3592 1306 3689 1372 ὡς,

2106 1399 2160 1451 ei
2177 1416 2239 1467 γε
2268 1397 2341 1469 μὴ
2369 1398 2467 1468 τῆς
2495 1396 2676 1461 δεξιᾶς
2700 1398 2797 1468 τῆς
2823 1397 2962 1468 ἐμῆς
2989 1398 3372 1468 κεκρατήκεις,
3398 1396 3565 1451 πάλαι
3600 1397 3688 1461 ἂν,

2105 1488 2296 1560 ὥσπερ
2352 1490 2456 1543 ὑπὸ
2508 1490 2811 1561 χειμάρρου
2869 1490 3275 1560 κατασύροντος
3330 1491 3692 1562 περιτραπεὶς

2104 1581 2231 1643 τοὺς
2253 1580 2354 1649 τῆς
2377 1580 2552 1651 ψυχῆς
2574 1581 2763 1643 πόδας,
2782 1579 3035 1651 πτώματι
3061 1582 3422 1651 περιέπιπτον
3445 1582 3683 1655 ἐξαισίῳ,

2104 1671 2220 1725 Νῦν
2241 1672 2298 1725 δὲ
2329 1672 2392 1725 σὺ
2420 1672 2582 1735 αὐτὸς
2606 1670 2944 1739 ἐκράτησας
2977 1671 3089 1740 τῆς
3116 1672 3313 1742 χειρός
3343 1672 3452 1742 τῆς
3488 1672 3692 1742 δεξιᾶς

426 1766 757 1812 memoratas
813 1757 1141 1811 tentationes
1210 1762 1264 1809 et
1320 1762 1687 1825 tempestates
1762 1755 2002 1809 animam

2106 1779 2239 1832 μου,
2269 1763 2365 1816 καὶ
2392 1762 2462 1817 ἐν
2484 1760 2559 1829 τῇ
2575 1760 2780 1830 ,ϐουλῇ
2808 1778 2923 1816 σου
2945 1761 3264 1831 ὠδήγησάς
3278 1779 3375 1832 με.
3403 1763 3514 1816 Καὶ
3539 1764 3692 1829 τέλος

427 1851 812 1920 perturbantes
851 1863 1050 1910 meam,
1099 1847 1217 1901 sine
1247 1846 1492 1914 periculo
1520 1861 1617 1915 per
1650 1845 1773 1899 vitm
1804 1844 2003 1899 ﬂuctus

2108 1853 2246 1923 μετὰ
2272 1855 2396 1917 τοὺς
2420 1853 2755 1922 δηλωθέντας
2782 1856 3118 1925 πειρασμοὺς
3144 1856 3237 1908 καὶ
3259 1856 3385 1919 τοὺς
3416 1856 3691 1927 χειμῶνας

427 1941 724 1996 deductum
758 1956 874 1992 cum
896 1941 1071 2009 gloria
1103 1938 1382 2005 suscepisti
1415 1954 1516 2002 me,
1547 1938 1684 1991 nihil
1720 1938 1775 1991 in
1802 1944 1883 1991 tot
1912 1952 2003 1989 ca-

2106 1920 2231 2008 τοὺς
2255 1920 2763 2017 ἀναθορυὸήσαντάς
2799 1920 2901 2016 μου
2939 1920 3036 2016 την
3068 1946 3245 2018 ψυχὴν
3266 1988 3279 2013 ,
3309 1920 3582 2017 διαγαγῶν
3621 1968 3688 2021 με

428 2037 583 2092 sibus
644 2036 772 2090 mali
833 2048 1175 2105 perpessum.
1234 2032 1547 2087 Secundum
1614 2030 2002 2102 Symmachum

2106 2036 2403 2101 ἀκινδύνως
2442 2038 2511 2090 τὰ
2546 2038 2639 2091 τοῦ
2682 2038 2797 2108 βίου
2824 2038 3096 2109 ῥεύματα,
3115 2040 3266 2108 μετὰ
3295 2039 3479 2109 δόξης
3510 2056 3691 2110 προσ-

426 2136 632 2195 autem,
669 2127 962 2194 Postremo,
999 2126 1093 2193 ait,
1116 2125 1378 2179 Itonor'me
1406 2124 1623 2192 excepit.

2106 2128 2325 2182 ελάὸου
2341 2146 2438 2197 με,
2463 2129 2625 2200 μηδὲν
2649 2128 2957 2182 πεπονθότα
2974 2131 3079 2183 ὑπὸ
3091 2130 3199 2184 τῶν
3221 2131 3510 2186 τοσούτων.
3531 2133 3690 2186 Κατὰ

2104 2220 2163 2275 δὲ
2196 2221 2286 2275 τὸν
2326 2221 2638 2294 Σύμμαχον,
2676 2225 2990 2292 ”Υστερον,
3033 2224 3186 2294 φησὶ,
3216 2222 3355 2294 τιμὴ
3386 2223 3692 2290 διεδέξατο

2100 2328 2197 2380 με.

495 2417 666 2473 Vens.
697 2414 893 2471 95-28.
940 2411 1083 2480 Quid
1100 2413 1238 2466 enim
1273 2411 1401 2464 mihi
1433 2420 1509 2466 est
1541 2410 1595 2464 in
1629 2410 1781 2476 caelo,
1811 2418 1860 2463 et
1892 2427 1923 2463 a
1957 2418 2006 2463 te

427 2510 551 2583 quid
577 2509 717 2565 volui
756 2522 911 2576 super
940 2508 1178 2560 terram?
1208 2502 1382 2564 Tuus,
1428 2503 1627 2572 inquit,
1675 2518 1802 2575 erga
1834 2503 2006 2558 homi-

429 2620 530 2662 nes
555 2618 730 2668 amor,
754 2598 1134 2655 misericordia
1168 2597 1293 2650 item
1325 2604 1379 2649 et
1414 2596 1585 2665 gratia
1618 2603 1731 2662 tua,
1758 2596 2005 2650 omnium

429 2697 564 2753 mihi
614 2696 887 2751 bonorum
936 2705 1104 2745 causa
1152 2688 1273 2742 fuit.
1337 2686 1453 2739 'I‘ua
1508 2687 1711 2757 quippe
1766 2687 2005 2741 bonitate

426 2805 584 2852 usus,
625 2785 837 2840 tenuisti
877 2799 1094 2835 manum
1147 2780 1423 2834 dexteram
1457 2795 1649 2842 meam,
1683 2786 1737 2833 et
1770 2780 2003 2834 servasti

427 2895 536 2943 me,
560 2879 632 2932 ita
664 2885 724 2931 ut
756 2890 856 2930 nec
893 2875 1059 2944 pedes
1091 2873 1199 2926 mei
1230 2878 1600 2935 moverentur,
1644 2886 1745 2925 nec
1779 2885 2003 2940 gressus

427 2973 535 3028 mei
562 2970 997 3027 effunderentur.
1025 2966 1130 3021 Sed
1156 2966 1318 3020 etiam
1353 2982 1471 3018 cum
1516 2966 1690 3037 gloria
1728 2967 2005 3035 suscepisti

427 3079 547 3117 me:
583 3062 841 3132 quoniam
877 3060 982 3113 hoc
1006 3058 1104 3112 tibi
1134 3064 1321 3126 utpote
1342 3056 1484 3110 bono
1518 3056 1629 3110 Deo
1659 3057 1837 3124 inest;
1870 3057 2004 3110 mihi

424 3159 568 3212 enim
593 3154 727 3208 nihil
754 3153 808 3207 in
840 3152 982 3206 CtBlO
1010 3157 1127 3216 est;
1166 3162 1343 3218 neque
1373 3157 1433 3203 ut
1475 3149 1655 3205 debita
1709 3152 1841 3204 mihi
1888 3151 2004 3205 hazc

2181 2426 2244 2480 Τί
2273 2425 2383 2496 γάρ
2429 2444 2530 2496 μοι
2574 2426 2827 2497 ὑπάρχει
2856 2427 2926 2480 ἐν
2968 2426 3049 2493 τῷ
3090 2428 3344 2497 οὐρανῷ,
3395 2428 3495 2483 καί
3531 2430 3692 2498 παρὰ

2105 2516 2221 2571 σοῦ
2258 2519 2316 2571 τί
2347 2518 2619 2586 ἠθέλησα
2643 2518 2741 2571 ἐπὶ
2765 2517 2874 2587 τῆς
2906 2517 3055 2587 γῆς;
3098 2519 3161 2571 Ἡ
3190 2520 3256 2590 σὴ
3286 2520 3691 2592 φιλανθρωπία..

2107 2609 2261 2680 φησὶ,
2296 2610 2390 2663 καὶ
2423 2609 2482 2662 τὸ
2518 2611 2609 2663 σὸν
2640 2609 2787 2673 ἕλεος
2828 2611 2923 2663 καὶ
2954 2613 2986 2683 ἡ
3019 2610 3179 2682 χάρις
3211 2612 3429 2665 πάντων
3468 2628 3557 2683 μοι
3582 2612 3689 2667 τῶν

2105 2701 2326 2769 ἀγαθῶν
2367 2702 2590 2771 γέγονεν
2622 2701 2787 2755 αίτία.
2826 2703 2903 2773 Τῇ
2949 2703 3056 2774 γὰρ
3107 2703 3303 2757 σαυτοῦ
3345 2704 3691 2774 χρησάμενος

2106 2794 2452 2869 ἀγαθωσύνῃ,
2477 2793 2817 2863 ἐκράτησας
2838 2794 2946 2863 τῆς
2968 2796 3163 2866 χειρὸς
3186 2794 3294 2863 τῆς
3319 2795 3522 2862 δεξιᾶς
3547 2813 3689 2865 μου,

2106 2886 2200 2938 καὶ
2242 2884 2503 2949 διέσωσάς
2551 2904 2653 2955 με,
2697 2886 2837 2939 ὥστε
2883 2886 2957 2958 μὴ
2988 2887 3309 2957 σαλευθῆναι
3340 2887 3465 2949 τοὺς
3499 2887 3687 2953 πόδας,

2110 2979 2244 3048 μηδὲ
2274 2978 2591 3050 διαχυθῆναι
2623 2996 2723 3049 μου
2746 2979 2816 3033 τὰ
2845 2979 3176 3051 διαδήματα.
3227 2979 3391 3033 Ἀλλά
3414 2981 3508 3032 καὶ
3540 2979 3690 3049 μετὰ

2105 3067 2287 3135 δόξης
2312 3068 2691 3136 προσελάϐου
2708 3085 2784 3138 με
2802 3084 2814 3097 ·
2864 3070 3159 3142 ἐπειδήπερ
3182 3071 3264 3123 σοὶ
3285 3071 3442 3124 τοῦτο
3459 3070 3533 3133 ὡς
3553 3072 3689 3138 ἀγα-

2107 3159 2183 3231 θῷ
2209 3159 2326 3231 Θεῴ
2359 3161 2619 3231 πάρεστιν
2638 3177 2650 3190 ·
2680 3161 2801 3231 ἐμοὶ
2827 3161 2935 3233 γὰρ
2963 3162 3115 3216 οὐδὲν
3141 3162 3375 3234 ὑπάρχει
3404 3164 3461 3216 ἐν
3486 3162 3563 3233 τῷ
3594 3163 3688 3215 ού-

428 3253 821 3303 accesserunt:
848 3245 1033 3301 nullus
1069 3260 1200 3300 sane
1236 3246 1371 3300 mihi
1402 3246 1457 3299 in
1489 3245 1631 3299 coelo
1664 3252 1770 3310 est,
1805 3246 1912 3301 nisi
1942 3257 1997 3299 tu

2107 3250 2254 3322 ρανῷ
2280 3291 2294 3316 ,
2344 3251 2464 3303 οὐδὲ
2509 3250 2649 3303 κατά
2698 3251 2918 3322 ὀφειλὴν
2950 3269 3037 3322 μοι
3080 3252 3251 3305 ταῦτα
3282 3253 3536 3321 γέγονεν·
3573 3250 3689 3304 ἀλλ’

423 3342 599 3398 solus.
652 3339 834 3407 Quare
880 3337 1020 3391 nihil
1074 3338 1128 3391 in
1166 3347 1312 3393 terra
1343 3338 1491 3393 volui
1525 3338 1623 3392 abs
1649 3346 1701 3392 te
1728 3338 1998 3403 obtinere,

422 3446 602 3501 neque
633 3429 817 3500 optavi
843 3428 1102 3482 mortales
1132 3427 1417 3498 ﬂuxasque
1447 3444 1537 3484 res
1563 3429 1847 3498 consequi.
1874 3426 2004 3484 Jure

426 3533 610 3578 autem
646 3522 781 3576 nihil
814 3527 921 3574 ate
944 3520 1091 3574 volui
1130 3520 1380 3585 interra,
1413 3521 1542 3591 quia
1564 3521 1817 3575 caelestes
1847 3536 2004 3574 man-

425 3617 609 3671 siones
640 3620 1005 3685 peroptarem,
1023 3619 1076 3666 et
1098 3610 1238 3666 bona
1263 3612 1354 3665 illa
1379 3612 1641 3681 consequi
1661 3619 1989 3681 expeterent.

423 3705 552 3762 ldeo
586 3704 954 3765 tabescebam,
988 3702 1269 3771 vitamque
1314 3702 1681 3767 macerabam,
1721 3716 1817 3756 cor
1865 3701 2004 3755 allii—

423 3803 640 3875 gebam,
672 3801 801 3872 quia
842 3808 895 3855 te
926 3800 1095 3853 Deum
1126 3800 1183 3852 in
1212 3799 1328 3869 spei
1376 3814 1509 3854 mea:
1555 3800 1860 3869 portionem
1898 3814 2000 3869 po-

425 3908 664 3949 sueram.
706 3891 1072 3957 Quamobrem
1119 3890 1243 3945 dico
1270 3910 1282 3943 :
1314 3890 1511 3960 Defecit
1544 3908 1668 3945 caro
1701 3908 1812 3944 mea
1840 3901 1888 3944 et
1912 3907 2002 3944 cor

424 4001 636 4047 meum;
674 3985 814 4038 Deus
864 3983 1039 4037 cordis
1074 3982 1175 4035 mei
1204 3991 1255 4037 et
1286 3997 1411 4050 pars
1445 3998 1562 4035 mea
1592 3982 1733 4035 Deus
1764 3983 1819 4035 in
1849 3992 2001 4035 a’ter-

422 4096 571 4133 num.
604 4077 743 4144 Quia
775 4093 887 4129 ecce
918 4078 1006 4147 qui
1035 4068 1396 4145 elongantsea
1422 4086 1488 4137 te,
1520 4075 1795 4143 peribunt:
1827 4075 2003 4143 perdi—

424 4172 554 4225 disti
586 4186 763 4223 omnes
783 4171 871 4239 qui
900 4172 1236 4239 fornicamur
1257 4169 1349 4222 abs
1374 4179 1440 4222 te.
1460 4167 1595 4221 Mihi
1618 4180 1793 4221 autem
1822 4169 2003 4222 adlue-

426 4274 540 4312 rere
574 4257 679 4311 Deo
715 4257 907 4311 bonum
936 4268 1035 4325 est,
1066 4274 1255 4327 ponere
1292 4260 1347 4310 in
1380 4259 1606 4311 Domino
1628 4273 1768 4326 spem
1792 4275 1999 4323 meam;

426 4360 486 4405 ut
521 4351 832 4404 annuntiem
867 4368 1045 4404 omnes
1072 4350 1255 4404 laudes
1291 4360 1410 4403 tuas
1438 4352 1491 4403 in
1508 4353 1673 4419 portis
1704 4352 1832 4420 ﬁlia:
1848 4352 1999 4406 Sion.

427 4444 695 4515 Superius
734 4443 953 4513 quidem
992 4444 1241 4497 dicebam
1272 4463 1285 4497 :
1323 4442 1391 4495 Et
1426 4461 1519 4513 ego
1565 4460 1765 4512 semper
1794 4455 2000 4508 tecum;

423 4539 539 4592 sive
562 4536 863 4592 secundum
891 4536 1299 4607 Symmachum,
1328 4535 1394 4588 Et
1416 4554 1508 4607 ego
1534 4554 1641 4590 una
1669 4547 1835 4589 tecum
1852 4555 1999 4591 eram

2106 3342 2228 3396 οὐδὲ
2254 3342 2367 3395 ἔστι
2400 3343 2489 3413 μοί
2517 3360 2600 3405 τις
2623 3340 2780 3406 ἄλλος
2811 3346 2867 3396 ὲν
2891 3342 2968 3413 τῷ
2994 3342 3206 3414 ούρανῷ
3232 3343 3265 3414 ἢ
3299 3344 3362 3397 σὺ
3395 3343 3575 3414 μόνος.
3608 3345 3687 3397 Δι’

2106 3436 2134 3489 ὃ
2161 3436 2314 3489 οὐδὲν
2355 3436 2446 3488 ἐπὶ
2476 3437 2574 3507 τῆς
2612 3437 2717 3506 γῆς
2761 3437 2999 3509 ἠθέλησα
3033 3437 3181 3508 παρὰ
3231 3437 3324 3489 σοῦ
3360 3435 3685 3508 κτήσασθαι,

2104 3527 2225 3580 οὐδὲ
2255 3526 2507 3598 ηὐξάμην
2534 3531 2718 3597 τυχεῖν
2749 3527 2960 3597 θνητῶν
2992 3529 3085 3581 καὶ
3116 3529 3392 3599 ἐπικήρων
3422 3528 3683 3601 πραγμά-

2103 3638 2233 3673 των.
2256 3620 2496 3683 Εἰκότως
2515 3620 2570 3673 δὲ
2594 3620 2745 3674 οὐδὲν
2769 3622 2918 3693 παρά
2942 3621 3032 3673 σοῦ
3058 3619 3296 3690 ἠθέλησα
3316 3620 3409 3672 ἐπὶ
3430 3622 3528 3692 τῆς
3551 3623 3653 3692 γῆς
3668 3639 3683 3653 ⁶

2104 3711 2202 3776 τὰς
2224 3712 2332 3784 γὰρ
2354 3714 2411 3765 ὲν
2439 3710 2650 3783 οὐρανῷ
2676 3711 2900 3765 ἐπόθουν
2922 3711 3223 3784 διατριϐὰς,
3250 3711 3344 3765 καὶ
3366 3712 3475 3765 τῶν
3500 3714 3687 3768 αὐτόθι

2106 3803 2324 3873 ἀγαθῶν
2358 3805 2538 3873 τυχεῖν
2571 3804 2838 3875 ηὐχόμην.
2894 3806 2970 3855 Δι’
3004 3804 3031 3855 ὃ
3063 3805 3362 3875 κατέτηκον
3389 3804 3482 3858 τὸν
3513 3807 3687 3874 ὲμαυ-

2105 3895 2197 3948 τοῦ
2233 3894 2376 3964 βίον,
2414 3894 2509 3946 καὶ
2536 3893 2633 3965 τὴν
2667 3895 2759 3946 ἐπὶ
2791 3894 2895 3963 γῆς
2928 3893 3069 3963 ζωὴν
3099 3894 3429 3965 κατέτρυχον
3449 3935 3462 3959 ,
3495 3896 3595 3964 τήν
3625 3911 3685 3947 τε

2106 3987 2330 4058 καρδίαν
2360 4003 2459 4055 μου
2486 3985 2837 4049 κατεπόνουν,
2871 3985 2928 4037 σὲ
2956 3985 3114 4056 μόνον
3134 3984 3225 4038 τὸν
3246 3985 3376 4039 Θεὸν
3395 3988 3493 4057 τῆς
3516 3987 3689 4055 ἐμαυ-

2103 4077 2196 4130 τοῦ
2232 4076 2443 4139 ἐλπίδος
2477 4075 2670 4146 μερίδα
2696 4074 2994 4146 τιθέμενος.
3049 4074 3209 4127 Ὅθεν
3240 4075 3411 4146 φημί·
3462 4074 3686 4139 Ἐξέλι-

2105 4184 2219 4221 πεν
2263 4169 2301 4235 η
2348 4166 2504 4235 σάρξ
2547 4185 2666 4235 μου
2706 4166 2803 4219 καὶ
2836 4166 2874 4233 η
2911 4164 3125 4234 καρδία
3150 4182 3301 4234 μου·
3338 4169 3371 4219 ό
3407 4165 3550 4231 Θεὸς
3576 4163 3687 4233 τῆς

2104 4259 2351 4328 καρδίας
2378 4276 2517 4328 μου,
2544 4258 2641 4310 καὶ
2678 4258 2715 4325 η
2750 4258 2919 4326 μερίς
2933 4274 3051 4326 μου
3069 4260 3100 4310 ό
3132 4256 3274 4323 Θεὸς
3300 4258 3387 4323 είς
3414 4257 3521 4310 τὸν
3551 4256 3687 4309 αἰῶ-

2104 4366 2199 4404 να.
2256 4351 2383 4402 Ὀτι
2422 4348 2549 4401 ὶδοὺ
2607 4351 2660 4401 οί
2686 4348 3099 4417 μακρύνοντες
3130 4347 3383 4413 ἑαυτοὺς
3407 4347 3527 4401 ἀπὸ
3569 4347 3687 4402 σοῦ

2104 4442 2472 4496 ἀπολοῦνται
2489 4458 2501 4471 ·
2519 4440 2971 4507 ἐξωλόθρευσας
2991 4439 3185 4493 πάντα
3201 4440 3306 4492 τὸν
3321 4440 3686 4506 πορνεύοντα

2107 4534 2223 4587 ἀπὸ
2255 4532 2390 4587 σοῦ.
2422 4533 2578 4601 Ἐμοὶ
2608 4533 2675 4585 δὲ
2695 4532 2760 4585 τὸ
2783 4530 3278 4600 προσκολλᾶσθαι
3306 4531 3387 4597 τῷ
3415 4532 3536 4598 Θεῳ
3553 4530 3689 4601 ἀγαρ

422 4646 662 4700 semper;
698 4630 954 4684 nimirum
986 4631 1110 4693 ﬁde,
1143 4630 1427 4684 voluntate
1460 4640 1514 4684 et
1553 4630 1847 4685 dilectione
1872 4646 2002 4701 erga

2108 4629 2216 4682 θον
2242 4628 2393 4690 ἐστι,
2427 4628 2689 4681 τίθεσθαι
2714 4626 2784 4680 ἐν
2811 4624 2891 4691 τῷ
2914 4627 3109 4694 Κυρίῳ
3142 4624 3257 4693 τὴν
3310 4623 3525 4677 ἐλπίδα
3544 4641 3687 4694 μου,

421 4734 476 4776 te
496 4738 617 4777 mea
644 4742 656 4776 :
686 4738 834 4776 nunc
877 4729 1057 4775 autem
1103 4737 1323 4775 causam
1369 4728 1555 4791 aperte
1585 4721 1803 4791 profero
1837 4738 2007 4793 quare

424 4831 534 4869 una
574 4824 756 4869 tecum
806 4829 1021 4883 semper
1050 4813 1267 4877 fuerim,
1300 4820 1463 4882 teque
1494 4813 1799 4883 portionem
1826 4828 2003 4868 meam

424 4907 726 4977 posuerim.
761 4905 1011 4960 Sciebam
1045 4906 1212 4972 enim,
1242 4920 1305 4959 ac
1330 4906 1489 4975 plane
1523 4920 1847 4976 persuasum
1870 4903 2005 4958 mihi

388 4985 405 5011 "
424 5006 563 5062 crat,
597 4997 855 5067 quoniam
891 4996 996 5061 Qui
1018 4995 1265 5066 elongant
1294 5013 1349 5049 se
1368 5012 1401 5047 a
1433 5005 1501 5061 te,
1529 4996 1769 5064 peribunt
1797 5011 1815 5048 :
1836 5010 2008 5066 quare

425 5104 537 5144 non
582 5104 670 5142 me
704 5089 801 5143 abs
830 5095 883 5141 to
914 5087 1117 5149 amovi,
1150 5087 1367 5141 etiamsi
1420 5087 1742 5140 meouomias
1771 5093 1879 5140 tua!
1916 5101 2006 5139 ra-

426 5182 631 5235 tionem
665 5181 999 5250 ignorarem,
1052 5178 1149 5233 sed
1198 5193 1309 5232 una
1348 5186 1529 5232 tecum
1561 5192 1711 5232 eram
1763 5194 2001 5248 semper.

432 5273 566 5328 Sese
600 5288 763 5343 porro
818 5288 847 5325 a
894 5272 1006 5327 Deo
1049 5280 1303 5326 amovcnt
1360 5277 1631 5341 quotquot
1665 5271 1907 5339 peccatis
1953 5279 2007 5325 et

431 5366 607 5418 atheis
638 5366 930 5434 impiisque
966 5363 1390 5435 cogitationibus
1414 5378 1473 5418 se
1501 5361 1611 5417 Deo
1632 5361 1840 5417 alienos
1870 5377 2007 5416 con-

431 5457 665 5511 stituunt
717 5476 730 5509 :
787 5456 878 5524 qui
930 5462 1137 5525 quanto
1186 5455 1405 5525 longius
1460 5453 1529 5508 ab
1578 5468 1645 5509 eo
1693 5452 2003 5515 discedunt,

430 5558 581 5602 tento
619 5547 880 5617 perniciei
916 5547 1276 5617 propinquius
1305 5546 1612 5609 accedunt;
1646 5553 1704 5599 ut
1728 5545 1848 5600 vice
1879 5559 2004 5599 ver-

428 5656 512 5703 sa,
549 5638 659 5693 Deo
687 5639 993 5707 conjuncti,
1024 5654 1150 5693 cum
1175 5640 1283 5694 vita
1334 5638 1685 5707 copulantur,
1715 5644 1770 5690 et
1819 5650 1849 5689 a
1879 5650 2005 5705 per-

428 5732 574 5788 nicie
606 5748 665 5786 se
698 5740 971 5785 amovent.
996 5730 1149 5787 Finis
1171 5747 1333 5804 porro
1362 5746 1552 5786 eorum
1580 5731 1674 5801 qui
1706 5745 1737 5785 a
1758 5729 1868 5786 Deo
1890 5729 2006 5786 dis-

503 5886 578 5956 (Ι)
615 5885 715 5941 Ms.
754 5887 1060 5957 πρακτικήν

2108 4718 2213 4772 τοῦ
2258 4718 2596 4787 ἑξαγγεὶῖίαι
2644 4718 2847 4783 πάσας
2882 4718 2991 4784 τὰς
3017 4719 3280 4783 αἰνέσεις
3308 4732 3424 4770 σου
3453 4717 3524 4769 ἐν
3559 4716 3689 4781 ταῖς

2108 4812 2328 4877 πύλαις
2360 4810 2469 4878 τῆς
2492 4806 2781 4881 θύγατρὸς
2812 4809 2984 4863 Σιών.
3037 4809 3317 4879 Ἀνωτέρω
3352 4809 3450 4879 μὲν
3482 4809 3686 4877 ἔλεγον,

2107 4902 2217 4958 Καὶ
2243 4902 2357 4972 ἐγὼ
2391 4902 2715 4969 διαπαντὸς
2741 4901 2891 4972 μετὰ
2922 4902 3067 4955 σοῦ’
3101 4901 3133 4973 ἥ
3170 4902 3312 4955 κατά
3337 4904 3430 4955 τὸν
3462 4902 3690 4973 Σύμμα-

2108 5013 2221 5065 χον,
2255 4997 2364 5050 Kal
2400 4995 2685 5067 συνήμην
2705 5012 2804 5051 σοι
2831 4995 3187 5062 διαπαντός·
3216 4998 3282 5066 τῇ
3318 4996 3502 5048 πίστει
3527 4995 3692 5065 δηλα-

2106 5087 2169 5157 δὴ
2201 5088 2295 5141 καὶ
2329 5091 2392 5159 τῇ
2430 5089 2747 5160 προαιρέσει
2778 5089 2872 5141 καὶ
2897 5091 2964 5159 τῇ
2990 5087 3125 5159 πρὸς
3160 5088 3220 5140 σὲ
3249 5088 3435 5158 ἀγάπῃ
3454 5105 3467 5118 ·
3492 5086 3689 5142 νυνὶδὲ

2109 5181 2201 5233 καὶ
2224 5180 2321 5251 τὴν
2350 5182 2528 5234 αἰτίαν
2558 5180 2857 5251 καθίστημι
2879 5180 3138 5251 φανερὰν,
3160 5180 3226 5232 δι’
3249 5179 3315 5249 ἢν
3338 5180 3585 5249 συνήμην
3607 5194 3689 5229 σοι

2108 5272 2434 5337 διαπαντὸς,
2466 5273 2559 5326 καὶ
2586 5272 2644 5324 σὲ
2682 5272 2871 5343 μερίδα
2904 5271 3159 5343 ἐτιθέμην
3186 5270 3445 5342 ἐμαυτοῦ.
3504 5269 3689 5341 ’ᾙδειν

2109 5364 2235 5434 γὰρ,
2256 5364 2350 5417 καὶ
2380 5364 2624 5437 ἀκριϐῶς
2655 5364 3019 5436 ἐπεπείσμην,
3049 5364 3130 5417 ὅτι
3176 5366 3241 5417 Οἱ
3278 5363 3691 5432 μακρύνοντες

2109 5455 2362 5523 ἑαυτοὺς
2380 5456 2498 5511 άπὸ
2524 5456 2639 5510 σοῦ
2669 5458 3066 5511 ἀπολοῦνται·
3097 5455 3163 5508 δι’
3190 5455 3218 5507 δ
3252 5456 3353 5508 οὐκ
3381 5453 3691 5525 ὲμάκρυνον

2111 5547 2365 5616 ἐμαυτὸν,
2402 5547 2604 5619 καίπερ
2635 5548 2841 5617 ἀγνοῶν
2872 5550 2994 5611 τοὺς
3022 5548 3211 5616 λόγους
3238 5549 3337 5618 τῆς
3369 5549 3467 5617 σῆς
3490 5544 3694 5615 διοική-

2114 5655 2250 5702 σεως
2275 5680 2289 5705 ,
2319 5640 2455 5695 ἀλλὰ
2493 5641 2741 5713 συνήμην
2772 5659 2852 5695 σοι
2884 5642 3190 5705 διαπαντός.
3252 5638 3606 5711 Μακρύνουσὶ
3636 5635 3695 5690 δὲ

2112 5732 2339 5795 ἑαυτοὺς
2368 5734 2416 5785 οἱ
2440 5735 2560 5797 ταῖς
2591 5734 2771 5789 αὐτῶν
2800 5735 3092 5806 ἁμαρτίαις
3127 5734 3221 5788 καὶ
3250 5734 3360 5796 τοῖς
3385 5729 3568 5795 ἀθέοις
3596 5726 3695 5783 καὶ
