4128 6392
403 342 508 400 819

407 552 503 608 τοῦ
531 551 666 607 Θεοῦ
686 569 699 583 ·
733 552 929 616 οἵτινες
970 551 1079 622 ὅσῳ
1115 552 1448 626 πορρωτάτω
1478 554 1644 608 αὑτοῦ
1680 556 1982 625 γίγνονται,

406 645 646 715 τοσούτῳ
671 645 736 716 τῇ
768 642 1012 714 ἀπωλείᾳ
1043 644 1460 715 πλησιάζουσιν·
1483 644 1558 711 ὡς
1590 646 1986 718 έμπαλιν,συν-

409 738 702 808 απτόμενοι
749 736 829 807 τῷ
871 735 1012 807 Θεῷ,
1045 739 1109 808 τῇ
1144 737 1240 808 μὲν
1264 739 1374 810 ζωῇ
1403 741 1782 805 συνάπτονται,
1804 740 1904 812 τῆς
1929 740 1988 795 δὲ

409 825 686 890 ἀπωλείας
715 825 1102 898 μακρύνονται,
1136 825 1299 891 Τέλος
1319 828 1375 880 δὲ
1401 827 1510 883 τῶν
1533 830 1756 893 ἑαυτοὺς
1783 847 1986 902 μακρυ-

411 919 609 974 νόντων
628 917 846 989 ὄλεθρος
871 917 1151 988 τυγχάνει,
1179 919 1272 972 am
1295 918 1359 991 δὴ
1383 921 1861 992 ὲκπορνευσάντων
1882 922 1991 976 ἀπὸ

411 1010 505 1065 τοῦ
539 1008 696 1064 Θεοῦ.
747 1007 808 1065 Ὀ
840 1011 938 1081 μὲν
963 1005 1055 1063 οὖν
1088 1010 1221 1074 Θεὸς
1251 1011 1441 1065 οὐδένα
1477 1013 1743 1085 μακρύνει
1770 1012 1987 1079 ἑαυτοῦ,

1308 414 1311 418 γ
1533 344 2041 404 COMMENTARIA
2078 349 2145 406 ιιι
2186 353 2530 413 PSALMOS.

405 458 625 516 ἀσεϐέσι
671 457 951 530 λογισμοῖς
993 458 1305 530 ἀλλοτρίους
1349 460 1575 526 ἑαυτοὺς
1613 462 1983 530 καθιστῶντες

2109 469 2308 535 :edunt,
2345 481 2429 527 est
2475 473 2750 540 interitus,
2788 481 2974 546 utpote
2995 475 3089 545 qui
3119 489 3150 530 a
3205 473 3317 532 Deo
3362 491 3462 532 ceu
3496 475 3667 532 forni-

3556 360 3663 418 850

2089 562 2197 616 cati
2227 562 2452 621 fuerint.
2482 564 2627 622 Deus
2657 581 2894 638 namque
2922 567 3197 623 neminem
3221 576 3460 633 amovet,
3487 583 3665 639 neque

2090 653 2191 710 abs
2220 670 2280 712 se
2308 658 2562 728 repellit;
2613 659 2711 716 sed
2761 659 2998 730 quisque
3044 674 3166 716 sese
3216 658 3454 715 alienum
3489 674 3519 713 a
3555 659 3667 714 Deo

2092 739 2245 810 facit,
2275 742 2404 798 dum
2431 761 2532 800 ceu
2563 745 2888 813 fornicatur,
2921 748 3274 818 animamque
3319 764 3477 804 suam
3507 747 3664 804 dedi-

2092 832 2270 887 titiam
2304 835 2543 893 inimicis
2570 837 2666 894 Dei
2695 839 2881 894 tradit.
2905 838 3008 906 Qui
3035 855 3167 896 vero
3199 842 3422 912 proprio
3449 841 3666 897 delectu

2094 939 2216 981 sese
2251 937 2528 994 amovent,
2563 930 2790 985 exitium
2825 932 2931 986 sibi
2968 933 3271 987 attrahunt.
3304 932 3378 988 lis
3412 948 3542 989 vero
3569 935 3667 1004 qui

2093 1029 2216 1070 sese
2249 1018 2510 1086 perniciei
2532 1019 2882 1089 dediderunt,
2917 1021 3061 1078 Deus
3091 1023 3238 1094 quod
3290 1031 3544 1097 superest
3574 1025 3672 1079 ad-

413 1103 531 1157 οὐδὲ
557 1101 886 1157 ἀπωθεῖταιο
911 1101 1026 1154 ἀλλ’
1053 1101 1282 1166 ἕκαστος
1309 1103 1500 1157 ἑαυτὸν
1528 1105 1878 1178 ἀπαλλοτριοῖ
1896 1106 1992 1160 τοῦ

2116 1106 2233 1161 icit.
2269 1106 2408 1174 Quid
2453 1109 2586 1164 illud
2637 1113 2759 1168 est?
2787 1110 3102 1179 Perdidisti,
3141 1115 3338 1185 inquit,
3373 1133 3549 1170 omnes
3580 1115 3671 1186 qui

413 1194 570 1261 Θεοῦ,
596 1194 942 1266 ὲκπορνεύων
988 1196 1081 1249 καὶ
1104 1195 1201 1266 τὴν
1229 1195 1422 1249 ἑαυτοῦ
1449 1195 1624 1268 ψυχὴν
1648 1197 1860 1251 ἔκδοτον
1889 1215 1996 1252 πα-

419 1288 661 1360 ραδιδοὺς
687 1289 800 1350 τοῖς
829 1287 923 1340 τοῦ
949 1287 1084 1340 Θεοῦ
1112 1287 1395 1352 ἐναντίοις.
1447 1290 1511 1342 Οἱ
1542 1289 1598 1342 δὲ
1631 1289 1996 1361 μακρύνοντες

417 1379 642 1443 ἑαυτοὺς
665 1379 724 1442 ἐξ
742 1377 947 1441 οίκείας
973 1379 1345 1449 προαιρέσεως
1366 1378 1706 1434 ἐπισπῶνται
1727 1379 1848 1433 καθ’
1873 1381 1997 1433 ἑαυ-

416 1471 524 1525 τῶν
544 1470 643 1542 τὴν
667 1467 959 1524 ἀπώλειαν.
991 1468 1226 1533 Τούτους
1251 1469 1307 1521 δὲ
1334 1472 1400 1540 τῇ
1423 1469 1667 1541 ἀπωλείᾳ
1686 1469 1995 1524 οἰκειωθέν-

415 1579 516 1626 τας
545 1564 574 1615 ὁ
603 1561 734 1626 Θεὸς
765 1561 926 1625 αὐτὸς
951 1561 1010 1613 τὸ
1035 1560 1166 1633 ’ἑξῆς
1197 1560 1486 1632 διατίθησι.
1521 1561 1585 1613 Τί
1613 1563 1670 1615 δὲ
1703 1557 1771 1633 ἦν
1801 1560 1995 1629 τοῦτο;

431 1652 532 1717 Ἐξ
535 1655 934 1722 ωλόθρευσας,
962 1653 1126 1724 φησὶ,
1149 1651 1344 1707 πάντα
1361 1654 1467 1707 τὸν
1488 1655 1857 1722 πορνεύοντα
1880 1655 1996 1710 ἀπὸ

419 1746 556 1800 σοῦ.
601 1745 861 1818 Πορνεύει
891 1745 949 1798 δὲ
975 1745 1082 1798 ἀπὸ
1110 1743 1204 1798 τοῦ
1233 1744 1366 1798 Θεοῦ
1389 1747 1417 1798 ὁ
1449 1744 1587 1816 μετὰ
1613 1745 1674 1798 τὸ
1703 1745 1999 1816 πλησιάσαι

2094 1197 2432 1267 fornicamur
2456 1200 2549 1257 abs
2585 1213 2651 1257 te.
2680 1202 3006 1259 Foruicatur
3035 1220 3066 1259 a
3099 1205 3231 1272 Deo,
3263 1210 3356 1277 qui
3379 1218 3670 1278 postquam

2095 1292 2162 1346 ad
2193 1309 2315 1348 eum
2351 1295 2580 1366 propius
2605 1305 2941 1362 accesserat,
2964 1300 3033 1354 ab
3056 1300 3176 1370 ipso
3205 1303 3399 1371 procul
3439 1304 3668 1359 recedit.

2094 1381 2216 1453 Ipse
2251 1399 2485 1455 namque
2508 1386 2801 1442 humanam
2822 1390 3061 1444 animam
3082 1390 3439 1462 desponsare,
3469 1401 3523 1448 et
3546 1409 3676 1464 pro-

2098 1474 2212 1541 pria
2248 1476 2459 1529 semina
2500 1476 2555 1530 in
2610 1477 2756 1532 illam
2800 1479 2986 1548 jacere
3037 1497 3144 1535 non
3183 1481 3545 1554 dedignatur;
3583 1487 3675 1540 illa

2097 1580 2228 1620 vero
2254 1567 2517 1624 recedens
2545 1569 2613 1624 ab
2655 1585 2740 1636 eo,
2776 1587 3010 1642 seseque
3058 1573 3180 1628 aliis
3233 1575 3532 1632 admovens
3581 1578 3676 1648 qui

2102 1657 2364 1713 fornicari
2403 1675 2530 1714 cum
2572 1677 2634 1716 ea
2668 1663 2917 1732 cupiunt,
2954 1665 3210 1736 malignis
3234 1666 3443 1721 scilicet
3468 1667 3678 1736 spiritia

2101 1749 2223 1813 bus,
2250 1755 2305 1804 et
2329 1749 2558 1819 impuris
2589 1753 2958 1816 daemonibus,
2997 1763 3091 1808 aut
3121 1755 3304 1824 impiis
3333 1756 3682 1826 cogitationi-

420 1838 569 1909 αὐτῷ
598 1837 878 1910 μακρύνας
906 1837 1116 1893 ἑαυτόν.
1169 1835 1340 1900 Αὐτὸς
1369 1837 1466 1908 μὲν
1494 1837 1604 1910 γὰρ
1636 1839 1731 1892 καὶ
1756 1839 1998 1910 νυμφεύ-

2109 1841 2225 1903 bus,
2274 1841 2390 1896 sive
2421 1842 2579 1897 fmdis
2623 1843 2966 1913 impurisque
2997 1844 3358 1911 facinoribus,
3400 1847 3526 1917 jure
3562 1862 3682 1916 per-

420 1933 574 1986 εσθαι
594 1933 693 1985 οὐκ
711 1930 931 1994 ἀπαξιοῖ
943 1930 1042 2002 τὴν
1057 1930 1401 2001 ἀνθρωπίνην
1419 1929 1618 2001 ψυχὴν,
1637 1933 1730 1984 καὶ
1744 1930 1813 1984 τά
1827 1934 2000 1985 οἰκεῖα

423 2022 711 2093 σπέρματα
740 2023 797 2075 ἐν
826 2021 961 2091 αὐτῇ
993 2019 1423 2089 καταϐάλλεσθαι
1441 2038 1454 2052 ·
1505 2022 1538 2091 ἡ
1565 2021 1621 2074 δὲ
1651 2019 2002 2094 μακρύνουσα

420 2112 618 2184 ἑαυτὴν
638 2112 732 2166 καὶ
756 2112 960 2184 ἑτέροις
988 2110 1300 2183 παρέχουσα
1326 2113 1439 2174 τοῖς
1463 2113 1888 2182 καταπορνεύειν
1912 2113 2003 2164 αύ-

418 2205 519 2277 τὴν
550 2202 792 2256 ἐθέλουσι
812 2243 827 2268 ,
877 2202 1150 2274 πνεύμασι
1181 2205 1436 2274 πονηροῖς
1468 2205 1560 2257 καὶ
1588 2203 1837 2275 δαίμοσιν
1868 2205 2004 2258 ἀκα-

422 2294 662 2368 θάρτοις,
690 2295 722 2365 ἢ
758 2294 1037 2365 λογισμοῖς
1068 2294 1247 2358 ἀθέοις
1277 2297 1371 2349 καὶ
1399 2295 1674 2361 ἀσεϐέσιν,
1706 2296 1740 2366 ἢ
1771 2296 2002 2368 πράξεσι

426 2389 648 2458 μιαραῖς
669 2389 763 2440 καὶ
785 2385 1137 2456 ἀκαθάρτοις,
1155 2388 1377 2450 εἰκότως
1397 2387 1602 2459 ὀλέθρῳ
1624 2388 2001 2459 παραδίδοται.

422 2475 512 2532 Διὸ
534 2477 782 2531 λέλεκται
801 2494 814 2508 °
853 2479 1330 2546 Ἐξωλόθρεὺσας
1352 2477 1548 2531 πάντα
1567 2479 1671 2532 τὸν
1690 2482 2006 2548 πορνεύον-

335 2554 340 2559 ’
422 2585 496 2623 τα
521 2569 640 2624 ἀπὸ
660 2569 798 2624 σοῦ.
846 2569 1008 2623 Ἀλλὰ
1030 2569 1139 2640 γὰρ
1170 2570 1343 2623 ταῦτα
1369 2569 1526 2634 εἰδὼς
1555 2569 1686 2640 ἐγὼ,
1720 2572 1815 2626 καὶ
1847 2573 2005 2643 ἀκρι-

425 2661 535 2726 ϐῶς
560 2662 922 2733 πεπεισμένος
956 2663 1202 2733 περὶτῆς
1233 2663 1334 2734 σῆς
1353 2663 1569 2726 δικαίας
1592 2664 1826 2733 κρίσεως
1846 2705 1860 2725 ,
1907 2665 2006 2736 τὴν

427 2755 672 2808 ἐναντίαν
704 2753 926 2825 εἱλόμην
946 2757 1056 2818 τοῖς
1087 2755 1326 2818 ἀσεϐέσι,
1351 2755 1553 2829 καίπερ
1583 2755 1656 2828 μὴ
1680 2755 1815 2808 νοῶν
1844 2755 1911 2808 τά
1939 2755 2008 2808 σά

430 2848 706 2918 μυστήρια
727 2864 742 2877 ⁶
777 2845 910 2900 ἀλλὰ
944 2847 1036 2900 καὶ
1078 2848 1356 2920 κτηνῶδης
1393 2849 1680 2920 γενόμενος
1721 2849 1872 2920 παρά
1903 2850 2004 2914 σοὶ,

427 2941 575 3012 ὅμως
600 2945 844 3023 συνήμην
869 2958 951 2994 σοι
980 2941 1286 3004 διαπαντός.
1316 2942 1481 2995 Οὐδὲν
1505 2941 1614 3046 γάρ
1641 2943 1765 3014 ἐμοὶ
1793 2942 2007 2997 κάλλιον

428 3033 676 3102 ἐφαίνετο
700 3031 793 3085 τοῦ
817 3032 1248 3104 προσκολλᾶσθαί
1269 3050 1348 3085 σοι
1373 3032 1450 3104 τῷ
1467 3031 1595 3104 ἐμῷ⁷
1604 3032 1744 3104 Θεῷ,
1767 3034 1858 3086 καὶ
1885 3032 2010 3086 ταῦ-

428 3142 496 3180 τα
518 3125 786 3198 αἱρεῖσθαι
816 3126 956 3196 ἅπερ
1009 3125 1176 3188 αὐτὸς
1205 3125 1408 3198 ὥρισας
1430 3127 1524 3180 καὶ
1546 3127 1814 3180 ὲνετείλω.
1851 3126 2008 3180 Οὕτω

429 3217 539 3289 γὰρ
624 3185 1001 3286 κολλώμενος
1024 3216 1103 3283 τῷ
1129 3185 1324 3286 Ιξυρίῳ
1446 3219 1683 3289 πνεῦμά
1700 3221 1852 3274 ἐστι.
1887 3221 2008 3274 Διό·
2035 3185 2077 3242 C

432 3326 537 3381 περ
563 3311 686 3381 ἐμοὶ
708 3309 857 3363 οὐδὲν
887 3309 1101 3362 κάλλιον
1123 3310 1242 3363 οὐδὲ
1270 3313 1514 3382 κρεῖττον
1540 3312 1892 3381 κατεφαίνετο
1915 3311 2009 3365 τοῦ

434 3400 865 3471 προσκολλᾶσθαί
892 3417 994 3454 σοι.
1031 3401 1121 3454 Διό
1143 3418 1304 3472 φημι,
1331 3403 1412 3455 ὅτι
1446 3403 1606 3472 Ἐμοὶ
1629 3404 1695 3458 τὸ
1721 3407 2013 3472 προσκολ-

431 3494 652 3549 λᾶσθαι
684 3492 763 3559 τῷ
790 3492 910 3559 Θεῷ
937 3495 1160 3563 ἀγαθόν
1182 3495 1371 3549 ἐστιν.
1397 3495 1458 3548 Εἰ
1490 3494 1599 3566 γὰρ
1619 3484 1792 3559 οὐδεὶς
1809 3495 2014 3564 ἀγαθὸς

434 3589 483 3640 εί
513 3587 587 3658 μὴ
617 3581 698 3649 εἷς
729 3587 757 3638 ὁ
788 3586 921 3648 Θεὸς
941 3625 955 3648 ,
993 3584 1157 3638 πόθεν
1190 3585 1257 3639 ἂν
1287 3586 1496 3654 γένοιτο
1528 3588 1699 3659 ἑτέρῳ
1728 3605 1781 3640 τι
1812 3587 2012 3656 ἀγαθὸν

437 3679 468 3750 ἢ
489 3680 554 3733 ὲκ
574 3677 668 3732 τοῦ
698 3677 1136 3750 προσκολλᾶσθαι
1160 3676 1307 3749 αὐτῷ
1327 3695 1340 3744 ;
1363 3679 1472 3732 Καὶ
1491 3679 1593 3750 ἥδη
1618 3681 1716 3751 μὲν
1735 3679 2015 3752 άπήλαυον

435 3764 638 3828 παντὸς
668 3765 904 3834 ἀγαθοῦ,
959 3765 1299 3837 κολλώμενος
1344 3767 1441 3821 καὶ
1493 3770 1892 3840 συναπτόμενος
1941 3769 2017 3842 τῷ

436 3856 586 3930 Θεῷ·
632 3857 771 3912 ὥστε
795 3857 1004 3928 λέγειν·
1052 3857 1381 3926 Ἐκολλήθη
1409 3859 1601 3913 ὀπίσω
1629 3877 1745 3914 σου
1779 3861 1817 3926 ὴ
1848 3860 2017 3930 ψυχή

433 3967 570 4020 μου.
631 3951 741 4004 Καὶ⁸
778 3952 858 4014 είς
896 3951 989 4004 τὸν
1043 3950 1302 4021 μέλλοντα
1329 3951 1388 4004 δὲ
1433 3951 1622 4024 χρόνον
1651 3951 1861 4022 ἀγαθὰς
1889 3953 2019 4005 ὑπέσ

438 4059 646 4115 γραφον
665 4043 884 4107 ἐλπίδας
905 4041 1148 4114 ἐμαυτῷ.
1182 4042 1309 4094 Ἕτε
1319 4043 1408 4114 ρόν
1439 4060 1499 4096 τε
1519 4043 1678 4097 τοῦτο
1697 4044 1900 4114 ἀγαθόν
1927 4061 2018 4114 μοι

436 4130 538 4206 ἦν,
566 4136 628 4188 τὸ
657 4137 920 4191 τίθεσθαι
959 4136 1028 4189 ἐν
1060 4135 1258 4204 Κυρίῳ
1288 4135 1404 4204 τὴν
1433 4135 1650 4190 ἐλπίδα
1677 4152 1816 4205 μου.
1853 4123 2034 4200 Τέλος

440 4226 548 4299 γάρ
582 4245 671 4299 μοι
694 4228 793 4300 τῆς
821 4229 1002 4301 πάσης
1029 4229 1243 4295 ἐλπίδος
1271 4226 1338 4302 ἦν
1366 4230 1427 4283 τδ
1446 4231 1786 4301 ἐξαγγεῖλαι
1813 4230 2016 4297 πάσας

2103 1935 2263 1989 niciei
2294 1934 2544 1989 traditur.
2586 1933 2767 2000 Quare
2797 1936 3004 1990 dictum
3034 1944 3153 1992 est:
3181 1935 3480 1992 Perdidisti
3501 1953 3678 1992 omnes

2101 2027 2190 2098 qui
2220 2027 2556 2096 fornicamur
2579 2027 2673 2081 abs
2706 2035 2773 2082 te.
2808 2027 3011 2083 Verum
3034 2043 3133 2099 ego
3155 2029 3270 2085 hazc
3289 2030 3457 2100 probe
3473 2030 3677 2093 sciens,

2103 2133 2167 2172 ac
2199 2118 2357 2187 plane
2389 2117 2457 2171 de
2483 2117 2636 2186 justo
2661 2117 2872 2186 judicio
2899 2127 2992 2172 tuo
3023 2133 3348 2186 persuasus,
3386 2118 3680 2172 adversam

2104 2209 2288 2278 impiis
2303 2209 2436 2279 elegi
2465 2210 2626 2275 viam,
2653 2207 2868 2262 etiamsi
2891 2209 3147 2279 mysteria
3171 2217 3262 2262 tua
3281 2224 3392 2263 non
3410 2209 3682 2278 intellige-

2105 2317 2250 2369 rem;
2271 2301 2365 2357 sed
2382 2309 2435 2357 et
2463 2301 2716 2371 quamvis
2737 2301 3116 2370 utjumentum
3136 2300 3315 2357 factus
3337 2316 3514 2357 essem
3535 2299 3681 2371 apud

2105 2403 2178 2458 te,
2199 2400 2434 2449 attamen
2466 2409 2572 2448 una
2592 2402 2771 2448 tecum
2789 2407 2938 2447 eram
2959 2408 3193 2462 semper.
3219 2392 3362 2448 Nihil
3386 2393 3532 2448 enim
3555 2393 3680 2464 pul-

2105 2485 2292 2541 chrius
2327 2485 2454 2538 mihi
2506 2485 2795 2539 videbatur
2836 2500 2989 2551 esse,
3035 2500 3199 2555 quam
3256 2484 3352 2539 tibi
3402 2484 3512 2540 Deo
3561 2500 3683 2541 meo

2106 2579 2406 2639 adhaerere,
2439 2559 2641 2646 illaque
2685 2577 2912 2646 diligere
2947 2593 3068 2646 qua:
3105 2586 3160 2630 tu
3192 2576 3412 2645 jussisti
3448 2591 3512 2631 ac
3541 2592 3682 2645 prae-

2107 2669 2318 2739 cepisti.
2343 2666 2420 2722 Ita
2445 2667 2591 2722 enim
2628 2667 2715 2737 qui
2754 2665 2986 2719 adliceret
3021 2665 3246 2719 Domino
3296 2683 3430 2720 unus
3461 2665 3682 2733 spiritus

2106 2771 2182 2816 est
2208 2763 2250 2817 ⁸.
2282 2761 2406 2817 ideo
2451 2760 2587 2814 nihil
2629 2759 2760 2812 mihi
2797 2758 3099 2828 pulchrius,
3137 2757 3272 2811 nihil
3303 2757 3500 2812 melius
3529 2756 3681 2809 vide--

2108 2856 2291 2916 batur,
2323 2867 2486 2924 quam
2519 2851 2798 2906 adhaerere
2829 2850 2948 2906 tibi.
2998 2849 3341 2920 Quapropter
3364 2847 3512 2910 dico,
3549 2846 3685 2901 Milli

2110 2947 2380 3000 adliwrere
2408 2944 2514 2998 Deo
2547 2944 2738 2997 bonum
2761 2952 2860 2997 est.
2904 2941 3038 2996 Nam
3071 2942 3118 2997 si
3169 2956 3331 2996 nemo
3369 2941 3547 2996 bonus
3578 2941 3686 2996 nisi

2111 3053 2256 3092 unus
2303 3035 2470 3094 Deus.
2523 3034 2798 3090 undeuam
2858 3033 2952 3087 alii
3011 3033 3252 3103 cuipiam
3298 3032 3429 3086 boui
3479 3031 3689 3100 aliquid

2113 3126 2415 3191 advenerit,
2443 3127 2550 3181 nisi
2600 3141 2664 3179 ex
2712 3140 2777 3180 eo
2809 3125 2954 3194 quod
2984 3121 3097 3178 Deo
3141 3122 3453 3177 adhaereat?
3483 3121 3547 3175 Et
3572 3122 3688 3191 jam

2112 3219 2330 3291 quidem
2353 3217 2500 3273 omni
2531 3216 2752 3272 fruebar
2783 3220 2946 3280 bono,
2975 3215 3258 3270 adhaerens
3279 3222 3332 3269 et
3359 3213 3689 3284 conjunctus

2115 3311 2264 3378 Deo;
2305 3312 2378 3365 ita
2412 3319 2467 3366 ut
2489 3311 2727 3366 dicerem
2760 3330 2772 3365 :
2812 3309 3050 3362 Adhaesit
3079 3309 3261 3361 anima
3289 3323 3405 3360 mea
3427 3315 3546 3376 post
3578 3315 3624 3360 te
3645 3309 3688 3360 ⁹.

2114 3402 2357 3472 Itemque
2407 3401 2474 3455 ad
2529 3400 2772 3455 futurum
2827 3399 3087 3455 saeculum
3137 3398 3337 3452 bonam
3373 3398 3504 3452 mihi
3538 3411 3690 3466 spem

2116 3495 2372 3564 ascripsi.
2405 3493 2474 3548 Et
2503 3509 2636 3549 sane
2672 3493 2818 3547 aliud
2843 3507 3060 3562 quoque
3081 3489 3214 3543 mihi
3242 3489 3447 3543 bonum
3475 3488 3688 3550 aderat,

2118 3586 2349 3653 scilicet,
2399 3601 2588 3654 ponere
2632 3585 2687 3637 in
2731 3583 2959 3638 Domino
3005 3596 3146 3650 spem
3182 3595 3370 3633 meam.
3400 3577 3533 3630 Nam
3564 3577 3692 3631 finis

2116 3679 2298 3735 omnis
2330 3677 2448 3749 spei
2495 3677 2629 3732 mihi
2671 3683 2810 3743 erat,
2847 3685 2904 3729 ut
2934 3675 3244 3728 annuntiem
3277 3687 3454 3726 omnes
3510 3669 3694 3722 laudes

2119 3781 2238 3826 tuas
2267 3773 2323 3826 in
2345 3771 2513 3840 portis
2547 3770 2674 3839 ﬁlim
2699 3767 2846 3823 Sion.
2881 3763 3164 3837 Siquidem
3194 3765 3446 3832 ingressu
3476 3762 3532 3815 in
3564 3760 3694 3817 civi-

2116 3868 2284 3916 tatem
2319 3868 2469 3914 tuam
2500 3859 2775 3930 dignatus,
2816 3857 2884 3913 de
2916 3871 3024 3927 qua
3069 3853 3324 3924 superius
3355 3851 3646 3908 dicebatur
3677 3868 3692 3906 :
3772 3890 3776 3900 .

2117 3953 2362 4016 Domine,
2415 3953 2470 4006 in
2502 3952 2712 4005 civitate
2747 3962 2839 4003 tua
2868 3949 3155 4019 imaginem
3184 3947 3422 4015 ipsorum
3453 3943 3522 3998 ad
3555 3942 3696 3997 nihi-

2121 4043 2231 4096 lum
2260 4041 2494 4113 rediges;
2517 4057 2642 4095 cum
2665 4040 2831 4095 etiam
2854 4039 2923 4094 ad
2946 4038 3199 4094 caelestes
3224 4043 3410 4107 portas
3438 4049 3701 4088 conscen-

2123 4136 2320 4199 derim,
2342 4141 2435 4189 tua
2469 4148 2598 4204 erga
2628 4147 2716 4186 me
2747 4130 3010 4186 beneﬁcia
3056 4129 3312 4184 omnibus
3363 4126 3695 4198 praedicabo.

2125 4229 2228 4285 Uhi
2260 4229 2590 4285 constitutus
2619 4225 2889 4296 promissa
2915 4236 3224 4292 consequar
3251 4231 3363 4286 tua,
3405 4237 3522 4290 quw
3573 4235 3702 4274 ocu-

438 4319 546 4386 τὰς
587 4321 850 4387 αίνέσεις
889 4338 1005 4376 σου
1042 4324 1114 4376 ἐν
1152 4323 1280 4390 ταῖς
1319 4325 1540 4390 πύλαις
1580 4322 1692 4392 τῆς
1727 4323 2007 4393 θυγατρὸς

2125 4321 2206 4375 lus
2237 4305 2338 4374 non
2373 4320 2525 4385 vidit,
2557 4335 2648 4372 nec
2681 4317 2827 4371 auris
2858 4313 3083 4376 audivit,
3115 4329 3206 4367 nec
3237 4314 3292 4366 in
3335 4329 3427 4366 cor
3472 4310 3702 4365 hominis

441 4412 611 4469 Σιών.
661 4413 1031 4479 Καταξιωθεὶς
1055 4415 1163 4485 γάρ
1191 4415 1293 4486 τῆς
1324 4419 1404 4480 είς
1436 4416 1535 4488 τὴν
1574 4416 1727 4470 πόλιν
1762 4433 1854 4469 σου
1882 4415 2007 4468 είσό-

2127 4411 2475 4468 ascenderunt
2499 4412 2564 4466 ¹⁰.
2613 4409 2767 4463 Talia
2812 4409 3014 4480 quippe
3045 4406 3191 4462 Deus
3223 4405 3548 4476 prceparavit
3576 4403 3704 4456 dili-

439 4502 552 4568 δου,
587 4505 716 4576 περὶ
739 4500 807 4577 ἦς
829 4505 1085 4578 ἀνωτέρω
1114 4505 1329 4574 ἐλέγετο
1347 4523 1360 4536 ο
1389 4507 1599 4574 Κύριε,
1643 4505 1713 4558 ἐν
1740 4504 1816 4572 τῇ
1847 4507 2007 4559 πόλει

2125 4503 2366 4575 gentibus
2399 4519 2473 4557 se.

440 4609 556 4649 σου
590 4595 703 4665 τὴν
722 4599 925 4651 εὶκόνα
944 4597 1142 4651 αὐτῶν
1165 4596 1613 4663 ἐξουθενώσεις,
1643 4597 1737 4651 καὶ
1770 4600 1890 4660 ταῖς
1916 4596 2111 4660 πύλαις
2153 4599 2275 4661 ταῖς
2309 4597 2654 4670 ἐπουρανίοις
2703 4594 2903 4658 ἐπιϐὰς
2931 4637 2947 4664 ,
3016 4590 3345 4663 ἀνακηρύξω
3413 4589 3527 4648 τοῖς
3571 4583 3706 4670 πᾶσι

437 4687 537 4752 τὰς
562 4689 640 4751 είς
664 4689 764 4759 ἐμέ
798 4706 890 4742 σου
912 4689 1248 4760 εὐεργεσίας.
1283 4689 1450 4742 Ἔνθα
1478 4689 1766 4758 γενόμενος
1791 4689 1885 4741 καὶ
1943 4688 2052 4741 τῶν
2089 4668 2459 4759 ἐπαγγελιῶν
2501 4706 2594 4741 σου
2637 4687 2932 4756 τεύξομαι,
2969 4683 3041 4750 ἅς
3074 4680 3378 4752 ὀφθαλμὸς
3409 4679 3521 4730 οὐκ
3560 4668 3704 4733 εἶδε.

440 4781 534 4834 καὶ
560 4776 788 4846 οὖςοὺκ
815 4781 1056 4852 ἢκουσε,
1077 4782 1176 4838 καί
1193 4783 1556 4852 ἐπὶκαρδίαν
1573 4781 1885 4851 ἀνθρώπου
1901 4785 2013 4836 οὐκ
2048 4783 2252 4840 ἀνέϐη.
2290 4783 2526 4838 Τοιαῦτα
2552 4781 2660 4854 γὰρ
2682 4783 3010 4850 ἡτοίμασεν
3033 4781 3062 4831 ό
3089 4776 3232 4841 Θεὸς
3290 4773 3415 4838 τοῖς
3479 4763 3709 4838 drum?)-

438 4885 543 4924 σιν
568 4874 774 4928 αὐτόν.

511 4986 603 5058 Μὴ
639 4990 888 5058 κείμενον
916 4989 970 5042 δὲ
1000 4991 1057 5042 έν
1081 4990 1159 5060 τῷ
1201 4989 1493 5061 Ἑϐραῖκῷ,
1533 4990 1668 5061 μηδὲ
1725 4991 1878 5063 παρά
1910 4994 2022 5055 τοῖς

443 5079 648 5144 λοιποῖς
668 5073 1025 5154 ἑρμηνευταῖς
1048 5084 1107 5137 τὸ
1125 5085 1195 5137 ἐν
1217 5084 1346 5150 ταῖς
1359 5085 1580 5150 πύλαις
1599 5083 1709 5154 τῆς
1731 5085 2021 5157 θυγατρὸς

444 5171 614 5237 Σιὼν,
652 5174 800 5245 παρὰ
836 5175 1017 5245 μόνοις
1041 5176 1098 5228 δὲ
1124 5179 1236 5239 τοῖς
1275 5175 1672 5246 Ἐὅδομήκοντα
1701 5176 2022 5247 φερόμενον,

443 5262 750 5329 ὼ6έλισται,
779 5265 868 5319 διὰ
893 5267 954 5318 τὸ
983 5268 1076 5321 καὶ
1100 5268 1349 5339 περιττὸν
1378 5263 1536 5322 εἶναι.
1572 5268 1646 5321 Τὸ
1669 5267 1778 5339 γὰρ
1806 5267 2024 5321 πάντων

445 5355 647 5425 ἀγαθὸν
686 5357 836 5421 τέλος
882 5359 966 5411 ἐπ’
1002 5359 1171 5430 αὐτὴν
1207 5360 1327 5428 ἄγει
1369 5361 1468 5432 τὴν
1503 5361 1822 5430 ἐπουράνιον
1861 5357 2020 5423 Σιὼν,

444 5448 505 5518 ἦε.
521 5467 566 5512 ις
606 5445 673 5519 ἦν
703 5452 735 5520 ἡ
775 5451 1139 5522 ἀποδεδομένη
1161 5451 1254 5504 τοῦ
1293 5453 1425 5506 Θεοῦ
1461 5455 1518 5507 ἐν
1555 5453 1802 5524 οὐρανοῖς
1835 5452 2024 5515 πόλις,

447 5541 712 5613 θυγατρὸς
743 5542 880 5596 Σιὼν
906 5543 1199 5614 νοουμένης
1223 5543 1324 5613 τῆς
1344 5547 1474 5617 παρ’
1502 5546 1636 5616 ἡμῖν
1676 5543 2022 5615 Ἐκκλησίας,

445 5633 520 5696 ῶς
547 5633 636 5687 διά
669 5634 877 5688 πολλῶν
908 5636 1184 5702 ἀποδεῖξαι
1211 5637 1410 5708 ῥᾴδιον.

509 5789 530 5821 ⁸
560 5788 579 5842 ι
607 5789 732 5845 Cor.
766 5807 838 5856 Vl,
876 5790 958 5844 l7.
1037 5793 1055 5822 ³
1091 5789 1235 5846 Psal.
1277 5806 1409 5859 Lxu,
1437 5790 1489 5846 9.
1572 5789 1614 5822 ¹⁰
1646 5789 1664 5843 l
1694 5791 1818 5847 Cor.
1856 5803 1914 5856 ιι,
1941 5789 1993 5844 9.

2209 4988 2346 5043 Cum
2379 4993 2562 5042 autem
2615 4983 2772 5047 illud,
2807 4984 2858 5036 in
2885 4980 3052 5050 portis
3108 4979 3238 5048 ﬁlia:
3260 4974 3409 5042 Sion,
3443 4989 3620 5044 neque
3651 4989 3707 5028 in

2129 5078 2418 5142 Hebraico,
2449 5092 2628 5146 neque
2676 5074 2819 5144 apud
2876 5073 3115 5141 reliquos
3151 5069 3477 5136 interpretes
3498 5064 3702 5134 jaceat,

2129 5172 2226 5226 sed
2243 5169 2386 5240 apud
2406 5169 2553 5224 solos
2572 5166 2929 5236 Septuaginta
2951 5162 3282 5230 lnterpretes
3299 5157 3529 5220 feratur,
3547 5155 3706 5210 obclo

2131 5268 2374 5324 notatur,
2420 5259 2551 5329 quia
2596 5256 2931 5326 superﬂuum
2972 5260 3078 5308 est.
3130 5249 3314 5305 Bonus
3343 5250 3545 5318 quippe
3587 5261 3706 5300 om-

2131 5354 2281 5408 nium
2319 5353 2441 5408 linis
2494 5353 2561 5406 ad
2594 5352 2765 5421 ipsam
2799 5347 2931 5403 Sion
2963 5346 3242 5401 caelestem
3276 5341 3446 5406 ducit,
3477 5355 3598 5410 quae
3622 5344 3709 5393 est

2133 5449 2220 5502 illa
2241 5447 2355 5516 jam
2393 5444 2594 5500 tradita
2627 5443 2821 5498 civitas
2841 5439 2938 5495 Dei
2974 5439 3033 5494 in
3053 5436 3230 5493 cadis.
3269 5433 3405 5488 Nam
3428 5433 3538 5487 lilia
3574 5429 3706 5486 Siun

2131 5537 2376 5594 Ecclesia
2415 5543 2602 5593 nostra
2625 5551 2748 5592 esse
2781 5531 3128 5606 intelligitur,
3158 5537 3217 5587 ut
3252 5525 3504 5597 pluribus
3543 5521 3709 5579 facile

2133 5642 2218 5692 est
2245 5631 2623 5704 comprobare.
