4128 6392
508 378 608 438 851

720 496 772 550 1.
813 494 1292 555 INTELLECTUS
1340 499 1587 555 ASAPH.
1631 499 1861 557 LXXIII.

494 594 513 669 '_
580 605 794 677 thuid,
830 608 994 675 Deus,
1046 611 1287 680 repulisti
1337 614 1392 666 in
1439 615 1619 683 ﬁnem,
1651 616 1821 669 iratus
1867 624 1945 669 est
1990 614 2080 680 [u-

502 716 595 757 ror
652 713 769 757 tuus
804 720 960 779 super
1012 720 1127 760 oves
1187 722 1399 775 pascua:
1455 711 1603 768 tute?
1664 708 1744 762 Ad
1807 708 2077 763 dictorum

501 793 912 863 intelligentiam
965 810 1066 850 nos
1093 795 1296 850 excitat
1347 804 1401 851 et
1440 798 1634 854 invitat
1666 799 1889 868 spiritus
1947 816 2078 871 pro—

499 885 767 954 pheticus.
839 884 945 959 Qui
989 903 1165 955 neque
1206 890 1479 957 psalmum
1543 890 1609 946 de
1659 908 1831 957 more,
1899 910 2075 964 neque

495 977 797 1040 canticum,
828 992 1006 1047 neque
1034 979 1321 1049 hymnum,
1355 996 1534 1051 neque
1559 982 1690 1051 quid
1717 984 1895 1039 simile
1918 986 1973 1039 in
2005 988 2075 1039 ti-

492 1071 610 1125 tulo
644 1072 931 1138 indicavit,
974 1074 1101 1141 quia
1146 1075 1326 1130 tristia
1360 1077 1737 1131 enuntiantur.
1776 1077 1881 1134 Ubi
1921 1080 2073 1135 vide-

492 1168 587 1215 tur
616 1164 947 1233 supplicatio
980 1166 1271 1234 contineri,
1296 1166 1363 1222 de
1387 1183 1496 1237 qua
1530 1168 1749 1224 divinus
1773 1171 2070 1241 Apostolus

491 1265 767 1325 praecepta
800 1257 985 1323 dabat,
1038 1258 1227 1315 dicens
1266 1268 1519 1329 oportere
1564 1276 1666 1317 nos
1697 1276 1886 1318 omnes
1909 1264 2069 1319 emit-

492 1356 608 1403 tere
642 1350 1074 1413 obsecrationes.
1122 1367 1334 1421 preces,
1382 1354 1831 1424 supplicationes,
1863 1359 2067 1427 gratia--

491 1455 615 1495 rum
660 1444 903 1499 actiones
933 1446 999 1498 ¹¹.
1032 1444 1131 1499 Hic
1179 1447 1363 1518 itaque
1394 1463 1576 1503 sermo
1620 1448 1787 1503 Deum
1836 1450 2068 1521 alloqui-

492 1538 607 1596 tur,
634 1538 796 1600 atque
827 1532 1011 1587 futura
1041 1541 1101 1585 ut
1126 1533 1239 1603 jam
1272 1536 1547 1603 praeterita
1573 1537 1888 1606 prophetice
1914 1554 2068 1594 enar-

489 1632 601 1688 rat,
643 1633 972 1693 postremam
1014 1626 1139 1679 item
1171 1624 1641 1697 Jerosolymorum
1700 1629 2063 1699 obsidionem,

488 1730 613 1785 quae
637 1724 762 1785 post
789 1717 1083 1780 salutarem
1106 1716 1415 1773 Adventum
1448 1733 1477 1771 a
1512 1717 1771 1775 Romanis
1801 1719 1943 1775 facta
1957 1732 2062 1788 est,

1186 378 1455 435 EUSEBII
1495 364 1977 440 CESARIENSIS
2016 384 2163 441 OPP.
2208 384 2388 439 PARS
2425 383 2507 440 III.
2532 415 2600 425 —-
2640 382 3045 440 EXEGETICA.

2102 513 2156 568 Δ

3657 383 3767 439 852

2520 504 2867 557 ΣΥΝΕΣΕΩΣ
2899 503 2985 573 Τῼ
3029 500 3235 554 ἈΣΑΦ.
3285 499 3413 554 οΓ¹.

2267 616 2437 670 Ἰνατί
2455 654 2469 680 ,
2502 619 2533 669 ό
2569 615 2731 681 Θεὸς,
2766 614 2986 670 ἀπώσω
3044 616 3131 679 εἱς
3166 613 3341 679 τέλος
3364 652 3377 676 ,
3416 611 3679 680 ὠργίσθη
3728 614 3762 665 d

2184 710 2371 777 θυμός
2402 722 2518 761 σου
2546 707 2643 761 ἐπὶ
2674 708 2935 774 πρόϐατα
2963 703 3153 775 νομῆς
3177 720 3293 759 σου
3309 721 3329 768 ;
3358 702 3624 775 Διεγείρει
3660 701 3761 774 μὲν

2184 800 2330 869 ἡμᾶς
2356 799 2449 852 καὶ
2478 800 2737 870 παρορμᾷ
2761 798 2852 851 ἐπὶ
2878 797 2974 869 τὴν
3000 796 3107 849 τῶν
3131 796 3435 867 λεγομένων
3462 794 3675 848 σύνεσιν
3695 796 3763 847 τὸ

2185 891 2401 961 πνεῦμα
2444 890 2506 943 τὸ
2556 888 2908 960 προφητικόν.
2966 886 3103 942 Οὔτε
3132 887 3189 941 δὲ
3219 887 3431 958 ψαλμὸν
3463 885 3756 957 ἐπιγράφει

2184 984 2447 1055 συνήθως,
2482 981 2603 1036 οὔτε
2635 981 2775 1052 ᾠδὴν
2794 1021 2810 1046 ,
2843 980 2967 1035 οὕτε
2996 979 3182 1049 ὓμνον,
3213 980 3334 1033 οὐδέ
3362 998 3414 1033 τι
3445 979 3552 1032 τῶν
3579 994 3757 1049 παρα-

2180 1073 2440 1143 πλησίων,
2467 1073 2553 1127 διὰ
2572 1074 2633 1125 τὸ
2658 1070 2974 1143 σκυθρωπὸν
2994 1069 3103 1122 τῶν
3123 1068 3631 1139 ἀπαγγελλομένων.
3665 1068 3753 1120 Ἐν

2178 1162 2258 1231 οἷς
2282 1168 2427 1221 δοκεῖ
2457 1165 2689 1231 ἔντευξις
2718 1163 3095 1235 περιέχεσθαι,
3131 1161 3257 1231 περὶ
3286 1157 3354 1233 ἦς
3377 1163 3404 1213 ὁ
3430 1160 3572 1217 Οεῖος
3598 1158 3753 1211 Ἀπό-

2180 1260 2363 1323 στολος
2388 1257 2738 1321 διεκελεύετο,
2759 1256 2867 1310 δεῖν
2889 1255 3060 1324 λέγων
3080 1254 3284 1317 πάντας
3306 1255 3453 1325 ἡμᾶς
3481 1251 3750 1305 ποιεῖσθαι

2176 1350 2417 1421 δεήσεις,
2447 1348 2784 1419 προσευχὰς,
2815 1346 3100 1411 ἐντεύξεις,
3127 1345 3493 1416 εὐχαριστίας.
3529 1346 3748 1411 Ἐντυγ-

2175 1442 2325 1512 χάνει
2358 1440 2486 1508 γοῦν
2512 1441 2540 1492 ὁ
2570 1439 2725 1508 λόγος
2749 1436 2977 1508 τῷΘεῷ,
3010 1437 3359 1509 προφητικῶς
3390 1435 3459 1488 τὰ
3489 1434 3748 1506 μέλλοντα

2172 1532 2246 1595 ὡς
2279 1531 2646 1605 παρῳχηκότα
2677 1529 2885 1595 διεξιὼν
2905 1569 2919 1594 ,
2956 1529 3048 1582 καὶ
3075 1528 3172 1599 τὴν
3203 1526 3436 1597 ἐσχάτην
3468 1526 3747 1597 σημαίνων

2173 1625 2485 1696 πολιορκίαν
2514 1624 2613 1692 τῆς
2642 1622 2993 1696 Ἰερουσαλὴμ
3018 1622 3115 1693 τὴν
3143 1620 3247 1673 ὑπὸ
3284 1619 3567 1690 Ῥωμαίων
3596 1635 3746 1687 γενο-

2174 1717 2341 1788 μένην
2372 1716 2508 1786 μετὰ
2536 1716 2634 1786 τὴν
2664 1717 2926 1788 σωτήριον
2944 1713 3273 1787 Παρουσίαν.
3300 1712 3410 1765 Καὶ
3434 1711 3606 1765 ταῦτα
3636 1728 3742 1783 μη-

450 1800 453 1803 ’
490 1805 786 1877 signiﬁcat.
823 1808 889 1863 Et
940 1809 1053 1863 haec
1098 1824 1222 1863 cum
1261 1811 1504 1865 nondum
1545 1814 1879 1869 constitutus
1912 1815 2053 1869 locus

2171 1808 2228 1861 δὲ
2260 1808 2552 1870 συστάντος
2572 1826 2658 1861 πω
2685 1806 2778 1860 τοῦ
2801 1808 2965 1863 τόπου
2991 1806 3391 1878 προαναφωνεῖ.
3428 1803 3485 1857 '0
3513 1803 3611 1875 μὲν
3633 1803 3739 1874 γάρ

488 1906 657 1963 esset,
676 1904 1027 1970 praenuntiat.
1062 1902 1270 1959 Etenim
1285 1905 1493 1974 Asaph,
1528 1908 1622 1977 qui
1646 1908 1762 1963 haec
1790 1909 2053 1963 vaticina-

2175 1901 2369 1969 Ἀσάφ,
2397 1902 2465 1954 δι’
2490 1896 2549 1956 οὗ
2575 1902 2743 1956 ταῦτα
2773 1901 3174 1973 προεφητεύετο
3192 1940 3207 1966 ,
3233 1900 3525 1971 σύγχρονος
3549 1898 3738 1966 γέγονε

458 1988 598 2052 ἰιιτ,
633 1993 859 2061 aequalis
908 1993 1095 2055 Davidi
1147 2004 1299 2061 erat;
1335 1996 1595 2054 Salomon
1637 2014 1769 2053 vero
1801 2007 1924 2070 post
1957 1999 2053 2054 Da-

2166 1992 2244 2063 τῷ
2275 1994 2462 2047 Δαυῖδ·
2509 1994 2758 2064 Σολομὼν
2787 1994 2843 2048 δὲ
2871 1993 3008 2064 μετὰ
3038 1993 3137 2064 τὴν
3169 1991 3262 2045 τοῦ
3295 1989 3457 2044 Δαυῒδ
3483 1988 3739 2059 τελευτὴν

485 2083 627 2139 vidis
650 2094 901 2149 mortem,
943 2088 1201 2157 templum
1234 2090 1529 2144 exstruxit.
1560 2089 1697 2144 Cum
1724 2099 1905 2145 autem
1926 2090 2053 2146 duas

2166 2086 2435 2156 οἰκοδομεί
2458 2085 2552 2140 τὸν
2589 2085 2743 2139 νεών.
2806 2085 2909 2138 Δύο
2936 2084 2991 2137 δὲ
3026 2083 3316 2155 πορθήσεις
3347 2080 3736 2153 προθεωρήσας

486 2175 593 2233 1οοί
626 2179 961 2237 vastationes
990 2180 1357 2249 praevidisset,
1392 2182 1630 2250 priorem
1658 2182 1869 2238 scilicet
1899 2195 1929 2234 a
1958 2180 2053 2235 Ba-

2162 2174 2257 2231 τοῦ
2278 2176 2465 2240 τόπου,
2502 2177 2599 2248 τήν
2627 2192 2687 2229 τε
2715 2175 2984 2247 προτέραν
3004 2174 3103 2245 τὴν
3127 2173 3233 2227 ὑπὸ
3256 2171 3610 2225 Βαϐυλωνίων
3639 2186 3735 2239 γε-

485 2267 744 2338 byloniis,
776 2276 830 2324 et
860 2270 1156 2327 secundam
1188 2286 1217 2323 a
1261 2270 1526 2327 Romanis
1563 2271 1796 2339 factam;
1824 2273 2060 2342 priorem

483 2359 704 2430 quidem
740 2361 794 2413 in
838 2376 1000 2414 Lxxix
1037 2362 1271 2431 psalmo,
1308 2369 1363 2418 et
1412 2363 1468 2417 in
1513 2379 1700 2419 Lxxxu
1753 2364 2056 2435 signiﬁcat;

484 2451 847 2524 posteriorem
876 2468 1007 2506 vero
1037 2454 1091 2507 in
1130 2454 1386 2521 praesenti
1432 2454 1739 2525 prophetia,
1768 2471 1932 2525 quam
1976 2458 2058 2511 sic

485 2544 741 2605 orditur:
790 2543 1007 2615 thuid,
1054 2544 1190 2600 Deus
1215 2588 1229 2612 ,
1268 2547 1510 2615 repuliin
1559 2549 1615 2600 in
1669 2548 1848 2616 ﬁnem,
1884 2550 2055 2602 iratus

481 2645 560 2692 est
592 2637 743 2714 [uror
771 2646 891 2691 tuus
927 2654 1083 2707 super
1129 2655 1244 2692 oves
1290 2654 1501 2707 pascua!
1532 2643 1678 2696 tum?
1709 2640 2054 2703 Postremum

482 2740 721 2804 namque
776 2736 829 2780 et
874 2727 1146 2798 integrum
1200 2728 1420 2784 illorum
1456 2729 1731 2785 excidium
1787 2746 1898 2785 non
1946 2732 2055 2787 alio

478 2825 727 2887 tempore
770 2816 891 2881 fuit,
928 2833 1092 2889 quam
1122 2834 1243 2874 cum
1278 2820 1540 2874 Servator
1567 2830 1622 2876 et
1658 2820 1924 2878 Dominus
1963 2838 2056 2879 no-

481 2914 594 2965 ster
625 2909 952 2962 sententiam
990 2919 1182 2965 contra
1225 2911 1349 2965 illos
1389 2913 1512 2966 tulit
1539 2912 1768 2969 dicens:
1803 2913 1935 2969 Ecce
1964 2932 2051 2973 re-

481 2996 747 3066 linquetur
782 2998 926 3052 uobis
971 2997 1158 3053 domus
1192 3010 1363 3055 vestra
1408 3002 1617 3059 deserta
1640 3004 1703 3059 ι’.
1741 3006 1821 3061 Ac
1862 3021 2053 3063 conse-

478 3097 712 3160 quenter
743 3105 901 3145 sacer
944 3090 1241 3161 Apostolus
1288 3103 1412 3163 post
1452 3111 1635 3152 rerum
1672 3098 1879 3153 exitum
1913 3099 2051 3154 dixit

478 3182 548 3236 de
597 3181 707 3244 illis
752 3182 1040 3239 scribens:
1070 3183 1314 3241 Pervenit
1357 3185 1425 3239 ad
1466 3204 1553 3242 eos
1591 3190 1675 3243 ira
1719 3191 1770 3246 in
1804 3191 2046 3259 ﬁnem“.

477 3272 580 3333 ilic
619 3288 750 3329 vero
798 3275 1062 3349 propheta
1113 3277 1422 3332 minutatim
1475 3295 1559 3344 ea,
1601 3297 1724 3351 quae
1763 3282 1891 3343 huic
1930 3284 2050 3337 loco

476 3364 736 3425 Romanae
763 3367 1068 3425 obsidionis
1102 3378 1348 3442 tempore
1397 3376 1767 3446 contigerunt,
1808 3376 2051 3432 declarat

475 3461 563 3515 his
584 3448 771 3519 verbis
805 3483 815 3515 :
851 3461 1019 3526 Quasi
1038 3464 1090 3516 in
1124 3463 1258 3517 silva
1302 3465 1565 3535 lignorum
1592 3469 1865 3523 securibus
1907 3471 2052 3524 exci-

474 3552 665 3606 derunt
688 3553 889 3621 januas
912 3553 1024 3622 ejus
1068 3555 1122 3607 in
1188 3556 1454 3624 idipsum,
1489 3558 1739 3616 videlicet
1776 3560 2051 3633 Jerosoly—

474 3658 576 3702 mae
599 3659 687 3710 ;,m
720 3644 891 3695 securi
918 3652 967 3696 et
1001 3645 1150 3697 ascia
1190 3644 1489 3714 dejecerunt
1528 3665 1663 3702 eam.
1700 3648 2049 3706 Incenderunt

473 3731 592 3800 igne
621 3733 982 3784 sanctuarium
1018 3742 1195 3794 tuum;
1228 3735 1281 3788 in
1309 3746 1450 3789 terra
1476 3738 1773 3805 polluerunt
1802 3741 2049 3796 taberna-

471 3820 649 3872 culum
686 3823 911 3875 nominis
956 3824 1054 3878 tui.
1085 3823 1241 3888 Quod
1287 3825 1332 3879 si
1361 3827 1485 3896 quis
1514 3829 1710 3891 dixerit
1733 3830 1847 3885 hinc
1883 3832 2048 3885 etiam

469 3920 716 3983 tempore
758 3913 1183 3985 Babyloniorum
1217 3926 1367 3987 gesta
1400 3934 1544 3985 esse,
1591 3922 1842 3977 advertas
1887 3925 2047 3977 velim

468 4019 593 4074 qua:
627 4016 954 4073 sequuntur,
980 4007 1145 4077 Signa
1178 4020 1359 4063 nostra
1389 4027 1493 4064 non
1523 4012 1770 4079 vidimus,
1794 4014 1914 4082 jam
1945 4032 2048 4068 non

467 4105 547 4148 est
579 4098 850 4163 propheta,
888 4108 938 4151 et
973 4116 1063 4152 nos
1093 4118 1195 4153 non
1229 4112 1499 4171 cognoscet
1536 4106 1781 4173 ampt'ius.
1810 4106 1943 4159 Nam
1972 4107 2047 4161 si-

470 4202 574 4254 gna
617 4187 728 4251 hare
756 4198 915 4245 erant
946 4189 1112 4244 Deum
1147 4193 1418 4261 inspicere
1458 4202 1512 4246 et
1545 4210 1737 4251 curare
1759 4196 2044 4251 Judaicam

469 4288 704 4345 gentem,
729 4293 851 4331 cum
880 4280 1014 4359 ipsis
1038 4283 1329 4350 prophetas
1357 4284 1511 4338 daret
1538 4303 1551 4337 :
1585 4286 1853 4355 siquidem
1878 4289 2045 4343 etiam

468 4384 594 4422 cum
627 4372 768 4434 male
791 4387 850 4426 se
876 4381 1149 4442 gererent,
1183 4375 1477 4444 prophetas
1509 4377 1643 4445 ipsis
1672 4394 1771 4433 ceu
1802 4380 2046 4433 medicos

467 4468 523 4515 et
557 4471 869 4518 servatores
897 4466 1287 4519 constituebat.
1321 4466 1413 4520 Sic
1462 4469 1517 4521 in
1550 4471 1724 4538 prima
1757 4470 2045 4526 obsidione

2162 2269 2394 2339 νομένην
2420 2309 2434 2334 ,
2487 2268 2580 2325 xui
2606 2268 2702 2339 τὴν
2731 2267 2987 2339 δευτέραν
3017 2265 3117 2336 τὴν
3144 2265 3247 2319 ὑπὸ
3287 2265 3601 2334 Ῥωμαίωνσ
3636 2262 3735 2334 τὴν

2165 2362 2262 2431 μὲν
2284 2360 2505 2431 πρώτην
2530 2358 2619 2413 διὰ
2658 2358 2750 2412 τοῦ
2774 2358 2848 2411 00'
2895 2358 3109 2430 ψαλμοῦ
3144 2357 3396 2429 σημαίνει
3417 2356 3511 2409 xui
3531 2354 3619 2407 διὰ
3638 2351 3734 2406 τοῦ

2162 2452 2279 2518 π6’,
2308 2452 2407 2523 τὴν
2438 2453 2495 2506 δὲ
2511 2451 2746 2522 ὑπάτην
2769 2449 2856 2504 διὰ
2882 2453 2981 2521 τῆς
3003 2449 3141 2521 μετὰ
3170 2452 3356 2522 χεῖρας
3377 2447 3738 2520 προφητείας,

2157 2540 2225 2617 ἦς
2252 2545 2556 2615 ἁπάρχεται
2589 2544 2760 2611 λέγων
2785 2561 2797 2573 ·
2846 2544 3020 2599 Ἰνατί
3038 2584 3052 2609 ,
3104 2546 3137 2596 ό
3184 2543 3363 2607 Θεὸς,
3400 2541 3619 2595 ἀπώσω
3648 2541 3735 2605 εις

2157 2635 2362 2700 τέλος,
2390 2635 2649 2704 ὀφγίσθη
2681 2638 2713 2689 ό
2751 2635 2936 2704 θυμός
2976 2650 3092 2689 σου
3121 2634 3220 2686 ἐπὶ
3252 2634 3515 2701 πρόϐατα
3541 2630 3734 2700 νομῆς

2158 2740 2310 2789 σου;
2353 2726 2516 2790 Τέλος
2547 2726 2654 2798 γὰρ
2688 2727 2866 2791 αὐτοῖς
2901 2724 3195 2788 παντελοῦς
3225 2723 3593 2785 ἀποπτὼσεως
3622 2722 3733 2776 οὐδ’

2156 2818 2341 2874 ἄλλοτε
2371 2820 2611 2887 γέγονεν,
2643 2820 2676 2890 ἢ
2708 2820 2795 2872 ὅτε
2821 2821 2850 2873 ὁ
2877 2819 3064 2891 Σωτὴρ
3091 2818 3185 2873 xui
3216 2817 3420 2888 Κύριος
3449 2814 3605 2885 ήμῶν
3631 2813 3729 2885 τὴν

2154 2914 2273 2968 κατ’
2296 2912 2472 2968 αὐτῶν
2502 2911 2832 2981 ἐξηνέγκατο
2863 2912 3134 2981 ἀπόφασιν
3162 2909 3329 2964 εἰπών
3348 2926 3361 2940 ·
3404 2907 3549 2962 Ἰδοὺ
3575 2908 3734 2976 ἀφίε-

2154 3022 2247 3059 ται
2268 3004 2408 3074 ὑμῖν
2436 3009 2469 3059 ὁ
2492 3002 2657 3071 οἶκος
2687 3004 2854 3073 ὑμῶν
2884 3006 3119 3074 ἕρημος.
3172 2996 3268 3066 Οἷς
3297 3000 3603 3063 ἀκολούθως
3636 2999 3733 3053 xui

2150 3100 2179 3155 ὁ
2207 3098 2345 3169 ἱερὸς
2375 3097 2689 3161 Ἀπόστολος
2725 3098 2860 3168 μετὰ
2886 3098 2984 3168 τὴν
3006 3096 3114 3148 τῶν
3146 3095 3484 3166 πραγμάτων
3512 3092 3733 3146 ἑκϐασιν

2153 3187 2380 3259 γράφων
2404 3187 2533 3258 περὶ
2560 3187 2739 3242 αὐτῶν
2760 3188 2941 3256 ἔλεγεν
2965 3204 2978 3217 ·
3019 3189 3285 3255 Ἕςρθασε
3307 3183 3376 3237 δὲ
3393 3185 3487 3238 ἐπ’
3510 3183 3731 3248 αὐτοὺς

2154 3282 2192 3348 ἡ
2221 3280 2366 3349 ὀργὴ
2391 3282 2477 3345 εὶς
2501 3279 2694 3346 τέλος.
2751 3280 2861 3333 Καὶ
2887 3277 3028 3332 κατὰ
3059 3277 3223 3349 μέρος
3248 3276 3305 3331 δὲ
3335 3275 3405 3329 τὰ
3435 3274 3560 3345 ἐξῆς
3594 3292 3731 3344 συμ-

2155 3365 2325 3427 ὄάντα
2364 3373 2443 3442 τῷ
2483 3373 2636 3443 τόπῳ
2678 3372 2770 3425 ἐπὶ
2808 3372 2908 3442 τῆς
2941 3371 3048 3424 τῶν
3086 3370 3375 3442 Ῥωμαίων
3410 3368 3729 3438 πολιορκίας

2153 3464 2476 3536 παρίστησιν
2502 3467 2529 3518 ό
2567 3463 2753 3536 παρὼν
2780 3465 3083 3534 προφήτης,
3118 3463 3175 3515 ἐν
3199 3457 3280 3524 οἷς
3304 3476 3495 3531 φησιν’
3537 3459 3631 3524 Ὠς
3660 3459 3730 3511 ὲν

2151 3556 2350 3626 δρυμῷ
2380 3557 2580 3620 ξύλων
2628 3556 2863 3621 ἀξίναις
2899 3555 3134 3623 ἔκοψαν
3164 3554 3271 3618 τὰς
3305 3553 3489 3619 θύρας
3515 3550 3725 3618 αὐτῆς,

2150 3650 2307 3720 δῆλον
2328 3650 2372 3703 δ’
2395 3651 2476 3702 ότι
2503 3650 2600 3719 τῆς
2627 3647 2997 3718 Ἰερουσαλὴμ,
3025 3645 3123 3701 ἐπὶ
3138 3645 3206 3698 τὸ
3224 3644 3392 3710 αὐτὸ,
3421 3644 3491 3697 ἐν
3511 3643 3727 3697 πέλυκι

2150 3743 2249 3796 καὶ
2286 3741 2656 3808 λαξευτηρίῳ
2684 3738 3053 3807 κατέρραξαν
3071 3735 3283 3802 αὐτήν.
3331 3735 3729 3802 Ἐνεπύρισαν

2147 3832 2217 3883 ἐν
2239 3831 2379 3897 πυρὶ
2407 3831 2473 3882 τὸ
2494 3829 2882 3899 ἀγιαστήριόν
2904 3842 3041 3893 σου,
3066 3830 3151 3891 εὶς
3170 3827 3283 3896 τὴν
3306 3826 3422 3897 γῆν
3440 3825 3727 3894 ἐϐεϐήλωο

2148 3938 2271 3976 σαν
2292 3923 2354 3975 τὸ
2375 3922 2663 3990 σκήνωμα
2687 3921 2791 3974 τοῦ
2818 3922 3109 3989 ὀνόματός
3129 3936 3264 3974 σου.
3308 3920 3369 3972 Εἰ
3394 3919 3450 3973 δὲ
3470 3918 3619 3987 λέγοι
3640 3935 3725 3979 τις

2148 4014 2319 4068 ταῦτα
2354 4015 2447 4067 xui
2481 4014 2570 4065 ἐπὶ
2598 4012 2705 4065 τῶν
2733 4012 2937 4082 χρόνων
2970 4011 3078 4063 τῶν
3113 4011 3468 4064 Βαϐυλωνίων
3507 4009 3725 4078 γεγονέ-

2146 4123 2257 4168 ναι,
2287 4104 2613 4177 προσεκτέον
2633 4106 2746 4167 τοῖς
2768 4104 2915 4173 ἐξῆς,
2946 4103 3010 4156 δι’
3032 4096 3108 4157 ὧν
3129 4102 3343 4174 εἴρηται
3362 4119 3375 4132 ·
3413 4102 3487 4156 Τὰ
3507 4100 3723 4169 σημεῖα

2146 4196 2315 4266 ἡμῶν
2340 4198 2450 4249 οὐκ
2475 4195 2732 4264 εἴδομεν,
2759 4196 2870 4247 οὐκ
2887 4193 3060 4247 ἐστιν
3082 4193 3171 4246 ἔτι
3192 4192 3519 4262 προφήτης,
3542 4192 3635 4245 καὶ
3661 4191 3724 4258 1}-

2140 4287 2262 4358 μᾶς
2291 4290 2363 4342 οὐ
2390 4287 2681 4356 γνώσεται
2704 4286 2813 4340 ἐτι.
2861 4288 3070 4356 Σημεῖα
3099 4286 3207 4357 γὰρ
3237 4282 3304 4357 ἦν
3338 4285 3429 4338 τοῦ
3470 4284 3559 4339 τὸν
3591 4283 3723 4336 Θεὸν

2146 4381 2348 4451 ἐφορᾷν
2373 4380 2465 4434 xui
2486 4374 2801 4434 ἐπισκοπεῖν
2832 4377 2891 4430 τὸ
2924 4376 3191 4430 Ἰουδαίων
3213 4376 3362 4439 ἔθνος
3381 4376 3441 4429 τὸ
3462 4375 3722 4448 παρέχειν

2146 4473 2328 4535 αὐτοῖς
2341 4472 2626 4547 προφήτας
2642 4489 2655 4499 ·
2676 4470 2798 4523 ἐπεὶ
2814 4470 2907 4526 xui
2921 4470 3010 4522 ὅτε
3025 4468 3210 4533 κακῶς
3227 4467 3513 4541 ἔπραττον,
3531 4466 3718 4537 ὥσπερ

469 4568 729 4625 magnum
777 4554 867 4619 Dei
913 4557 1233 4631 prophetam
1274 4558 1567 4615 Ieremiam
1620 4561 1949 4628 habuerunt,
1987 4574 2042 4619 et

2157 4565 2364 4634 ἰατροὺς
2395 4563 2489 4624 καὶ
2524 4563 2774 4635 σωτῆρας
2817 4563 2999 4626 αὐτοῖς
3041 4564 3169 4626 τοὺς
3194 4564 3477 4634 προφήτας
3503 4560 3717 4631 ἐφίστη.

469 4643 720 4713 Baruch;
765 4650 899 4719 quin
936 4650 1115 4705 etiam.
1136 4650 1334 4705 mulier
1376 4653 1622 4721 quaadam
1650 4654 1869 4719 nomine
1904 4654 2044 4712 Olda

464 4738 660 4797 eodem
703 4747 948 4811 tempore
976 4741 1342 4812 prophetavit.
1380 4742 1436 4796 In
1470 4747 1588 4813 ipsa
1619 4761 1836 4815 quoque
1866 4746 2011 4819 Baby

466 4831 742 4885 loniorum
773 4832 997 4903 regione
1030 4833 1260 4887 aderant
1297 4833 1433 4903 ipsis
1466 4834 1715 4891 Ezechiel
1746 4844 1798 4892 et
1824 4837 2034 4899 Daniel.

463 4924 712 4998 praeclari
742 4939 805 4977 ac
852 4925 1136 4996 conspicui
1170 4926 1465 4996 prophetae.
1520 4924 1758 4996 Postque
1805 4929 2040 4984 reditum

463 5029 529 5067 ex
561 5015 900 5083 captivitate,
934 5016 1273 5085 temporibus
1289 5014 1415 5086 Cyri
1446 5022 1501 5069 et
1537 5014 1706 5081 Darii,
1745 5016 2041 5074 Zacharias

461 5113 516 5157 ct
566 5104 797 5175 Aggaeus
848 5106 1125 5176 propheta:
1173 5108 1286 5160 noti
1323 5114 1501 5162 erant.
1547 5105 1829 5185 Quomodo
1878 5110 2042 5177 igitur

461 5196 572 5251 illis
595 5199 931 5267 temporibus
964 5194 1140 5268 aptari
1172 5199 1346 5267 possit
1375 5199 1490 5253 haec
1520 5199 1826 5269 prophetia,
1871 5200 2039 5271 Signa

460 5299 645 5349 nostra
667 5306 769 5343 non
797 5276 1047 5355 vidimus,
1071 5302 1119 5345 et
1140 5293 1258 5361 jam
1296 5310 1399 5347 non
1428 5302 1505 5346 est
1536 5295 1811 5361 propheta,
1851 5304 1899 5346 et
1943 5311 2036 5348 nos

459 5399 567 5443 non
604 5390 876 5450 cognoscet
914 5383 1185 5451 amplius?
1218 5383 1416 5439 Verum
1462 5384 1576 5437 haec
1632 5382 1795 5438 ﬁnem
1844 5385 2037 5445 sortita

459 5480 590 5526 sunt
634 5479 757 5541 post
792 5470 1096 5526 Salvatoris
1146 5474 1460 5538 adventum,
1493 5482 1546 5529 et
1588 5484 1879 5545 postquam
1922 5490 2036 5529 me-

456 5572 698 5621 moratas
719 5578 884 5617 voces
912 5565 1029 5633 ipse
1050 5566 1351 5633 protulerat
1376 5585 1388 5619 :
1414 5581 1523 5619 non
1553 5565 1645 5621 diu
1672 5568 1816 5621 enim
1848 5575 2035 5637 postea

457 5654 823 5722 irrumpentes
852 5644 1083 5709 Romani
1115 5657 1293 5710 locum
1314 5658 1651 5714 deleverunt.
1687 5660 1841 5725 Quod
1866 5661 2032 5715 etiam

530 5806 572 5849 η
610 5806 803 5873 [Tum
839 5824 911 5871 tl.
948 5811 999 5873 1.
1080 5813 1121 5843 ¹²
1159 5809 1293 5875 LuC.
1329 5829 1461 5881 XIII,
1497 5814 1583 5879 53.

2144 4652 2300 4707 Οὕτω
2328 4653 2459 4722 γοῦν
2484 4656 2576 4708 ἐπὶ
2598 4655 2694 4724 τῆς
2722 4653 2948 4725 πρώτης
2974 4653 3285 4725 πολιορκίας
3308 4654 3401 4707 τὸν
3433 4653 3609 4723 μέγαν
3625 4652 3720 4708 τοῦ

2143 4743 2277 4798 Θεοῦ
2301 4746 2585 4817 προφήτην
2613 4745 2878 4816 Ἰερεμίαν
2902 4739 3067 4816 εἶχον,
3089 4744 3183 4801 xui.
3204 4744 3293 4797 τὸν
3315 4744 3525 4815 Βαρούχ
3546 4761 3559 4773 ·
3582 4742 3724 4797 ἀλλὰ

2145 4836 2239 4889 xui
2270 4838 2407 4905 γυνή
2444 4853 2528 4899 τις
2566 4834 2721 4889 Ὀλδᾶ
2746 4834 2982 4905 τοῦνομα
3013 4835 3153 4889 κατὰ
3179 4837 3304 4899 τοὺς
3332 4836 3527 4898 αὐτοὺς
3559 4837 3721 4907 ἐπρο-

2145 4929 2343 4998 φήτευε
2368 4928 2588 4998 χρόνους
2611 4946 2623 4957 ·
2652 4929 2709 4989 ἐν
2727 4931 2860 5000 αὐτῇ
2876 4947 2931 4997 τε
2950 4931 3016 4999 τῇ
3040 4928 3393 4987 Βαϐυλωνίων
3413 4927 3566 5000 χώρα
3593 4946 3719 4982 συν-

2150 5018 2216 5087 ἦν
2269 5019 2453 5080 αὐτοῖς
2489 5018 2735 5089 Ἐςεκιὴλ
2765 5020 2859 5072 xui.
2884 5019 3080 5090 Δανιὴλ
3112 5020 3371 5091 ἐπίσημοι
3404 5021 3498 5072 xui
3528 5021 3721 5089 διαφα-

2148 5112 2258 5172 νεῖς
2294 5110 2568 5180 προφῆται
2593 5127 2608 5141 ο
2638 5113 2731 5163 xui.
2766 5113 2901 5183 μετὰ
2928 5113 3026 5184 τὴν
3061 5113 3270 5172 ἐκεῖθεν
3294 5113 3549 5168 ἐπάνοδον
3578 5117 3720 5169 κατὰ

2145 5203 2271 5265 τοὺς
2298 5202 2481 5273 Κύρου
2517 5205 2610 5257 xui
2642 5206 2865 5275 Δαρείου
2894 5210 3135 5278 χρόνους,
3170 5208 3442 5279 Ζαχαρίας
3466 5208 3560 5261 xui
3598 5209 3720 5276 Ἀγ-

2144 5296 2297 5362 γαῖος
2320 5297 2591 5365 προφῆται
2613 5297 2983 5369 ἐγνωρίζοντο.
3008 5298 3130 5361 Πῶς
3149 5294 3242 5352 οὖν
3262 5295 3371 5353 οἷόν
3388 5318 3448 5353 τε
3463 5297 3530 5371 ἦν
3553 5302 3722 5371 ἐφαρ-

2147 5385 2328 5456 μόζειν
2365 5390 2479 5451 τοῖς
2515 5389 2635 5441 τότε
2682 5382 2891 5459 χρόνοις
2936 5390 3033 5461 τὴν
3072 5391 3349 5461 παροῦσαν
3382 5390 3719 5463 προφητείαν

2144 5479 2458 5547 φάσκουσαν
2474 5496 2487 5509 ⁸
2529 5481 2605 5551 Τὰ
2629 5482 2845 5550 σημεῖα
2870 5482 3037 5551 ἡμῶν
3058 5484 3169 5553 οὐκ
3196 5483 3452 5551 εἴδομεν,
3477 5483 3572 5535 καὶ
3604 5483 3717 5535 οὐκ

2141 5570 2311 5623 ἔστιν
2340 5570 2427 5624 ἔτι
2456 5569 2766 5640 προφήτης
2792 5612 2806 5637 ,
2842 5572 2941 5625 καὶ
2966 5571 3125 5641 ἡμᾶς
3161 5575 3234 5627 οὐ
3270 5571 3558 5643 γνώσεται
3590 5570 3715 5634 ἐτη

2154 5660 2311 5714 Ἀλλὰ
2341 5661 2446 5734 γὰρ
2470 5663 2640 5717 ταῦτα
2668 5664 2854 5729 τέλους
2885 5664 3144 5745 ἐτύγχανε
3170 5664 3308 5741 μετὰ
3330 5664 3428 5745 τὴν
3452 5664 3715 5747 σωτήριον

1666 5816 1707 5847 ¹³
1748 5814 1769 5877 ι
1803 5814 1995 5883 Thess,
2035 5834 2093 5887 ιι,
2133 5816 2213 5885 16,
