4128 6392
471 294 582 350 853

1497 355 1502 362 ,
1567 295 2078 362 COMMENTARIA
2117 296 2186 352 ΙΝ
2208 296 2544 356 ,ΡεΑιΜοε

3600 292 3708 364 εει

474 411 788 482 ΙΙαρουσίαν
820 411 912 467 καὶ
928 412 1027 476 τὰς
1053 412 1436 485 προλεχθείσας
1471 416 1636 470 αὐτοῦ
1671 417 1852 485 φωνὰς
1873 457 1886 481 ,
1925 416 2024 486 μεθ

2149 417 2263 486 ipse
2293 415 2550 470 Servator
2576 413 2758 467 futura
2795 410 3103 466 vaticinans
3139 409 3466 480 signiﬁcavit
3492 425 3586 479 per
3615 426 3712 480 pa-

470 504 540 568 ας
584 505 687 558 οὐκ
730 509 809 569 είς
852 506 1059 577 μακρὸν
1099 508 1416 572 ἐπιστάντες
1457 510 1714 580 Ῥωμαῖοι
1745 509 1835 562 τὸν
1881 509 2044 563 τόπον

473 593 762 662 ἠφάνισαν.
796 596 859 648 Ὃ
879 593 943 665 δὴ
971 595 1063 647 καὶ
1084 595 1241 658 αὐτὸς
1266 595 1448 666 ἐδήλου
1479 595 1746 660 θεσπίζων
1766 597 1826 649 τὸ
1854 597 2044 667 μέλλον

471 683 502 732 6
524 680 712 751 Σωτὴρ
739 680 825 734 διὰ
854 681 1168 753 παραϐολῆς
1191 683 1290 753 τῆς
1309 682 1482 748 οὕτως
1508 685 1736 755 ἐχούσης
1759 702 1772 714 °
1814 686 2042 756 Ὡμοιώ-

469 775 546 839 θη
590 771 629 838 ἠ
672 773 957 836 βασιλεία
1001 773 1118 826 τῶν
1160 774 1431 842 οίφανῶν
1457 776 1741 845 ἀνθρώπῳ
1771 777 2038 843 βασιλεῖ,

471 863 640 930 ὅστις
665 866 912 932 ἐποίησε
939 864 1162 934 γάμους
1180 865 1260 931 τῷ
1283 867 1388 932 υἱῷ
1405 869 1592 922 αὑτοῦ
1607 886 1620 898 ·
1651 869 1748 923 καὶ
1770 869 2042 924 ἀπέστει-

466 958 542 1009 .18
563 955 705 1020 τοὺς
719 955 934 1010 ἑαυτοῦ
945 955 1206 1022 δούιῑους
1218 957 1467 1012 καλέσαι
1485 959 1621 1024 τοὺς
1636 958 2041 1028 κεκλημένους

468 1049 555 1112 είς
565 1045 707 1112 τοὺς
717 1046 960 1116 γάμους·
979 1050 1032 1101 οί
1042 1047 1230 1101 δὲοὺκ
1243 1048 1465 1117 ἤθελον
1473 1049 1686 1104 ἐλθεῖν.
1704 1050 2041 1105 Πάλινάπέ-

466 1138 708 1190 στειλεν
727 1138 964 1206 ἐτέρους
983 1157 996 1170 ·
1017 1142 1071 1194 οὶ
1095 1140 1182 1204 δὲ,
1208 1141 1358 1208 πρὸς
1379 1141 1442 1194 τὸ
1468 1141 1553 1211 μὴ
1579 1140 1828 1209 θελῆσαι
1853 1143 2040 1195 ἀπαν-

467 1226 670 1296 τῆσαι,
694 1229 778 1282 ἔτι
804 1229 900 1283 καὶ
925 1230 1307 1298 διαλαϐόντες
1334 1232 1475 1298 τοὺς
1504 1233 1763 1300 δούλους
1788 1234 2040 1301 ὕϐρισαν

467 1320 562 1372 καὶ
581 1319 953 1376 ἀπέκτειναν.
973 1317 1066 1386 Οἷς
1082 1324 1321 1394 ἐπιλέγει
1340 1342 1352 1355 ⁸
1386 1327 1436 1378 Ὁ
1451 1325 1520 1378 δὲ
1533 1327 1853 1393 βασιλεὺς,
1870 1328 2040 1381 ἀκού-

464 1427 603 1477 σας,
626 1413 906 1482 ὠργίσθη,
932 1416 1031 1468 καὶ
1052 1416 1292 1486 πέμψας
1310 1419 1382 1472 τὰ
1396 1421 1811 1488 στρατεύματα
1829 1422 2035 1487 αὐτοῦ,

464 1503 741 1559 ἀπώλεσε
762 1506 904 1573 τοὺς
925 1509 1128 1576 φονεῖς
1151 1510 1441 1576 ἐκείνους,
1474 1511 1573 1564 καὶ
1597 1511 1711 1579 τὴν
1732 1513 1911 1565 πόλιν
1934 1516 2038 1568 αὑ-

464 1595 584 1649 τῶν
603 1596 919 1666 ἐνέπρησε.
979 1600 1160 1654 Ταῦτα
1182 1603 1211 1654 ό
1238 1601 1428 1673 Σωτὴρ
1456 1604 1514 1656 ἐν
1534 1603 1683 1674 αὐτῷ
1707 1603 1784 1674 τῷ
1807 1604 1937 1677 ἱερῷ
1958 1604 2036 1659 ἔτι

462 1689 584 1742 τότε
609 1691 900 1744 συνεστῶτι
935 1693 1342 1764 ἀναγέγραπται
1373 1695 1642 1767 εἰρηκώς·
1676 1695 1712 1750 ἃ
1740 1699 1834 1750 καὶ
1866 1697 2034 1769 ἐπλη-

2145 510 2389 563 raholam
2425 509 2584 562 istam
2617 504 2844 561 :Simile
2866 505 3067 578 factum
3097 513 3175 558 est
3213 519 3427 574 regnum
3463 500 3712 557 calorum

2143 599 2342 653 homini
2369 599 2497 669 regi,
2529 598 2617 668 qui
2647 597 2768 671 fecit
2800 597 3012 665 nuptias
3039 595 3150 665 filio
3177 611 3273 648 suo
3299 603 3384 648 :et
3421 595 3566 648 misit
3599 609 3714 648 ser-

2143 707 2231 744 vos
2271 675 2482 744 suos‘ut
2520 697 2761 742 vocarent
2805 688 3054 742 invitatos
3089 685 3157 738 ad
3197 685 3408 753 nuptias
3433 699 3452 738 :
3475 682 3558 738 illi
3593 698 3710 740 vero

2142 781 2423 835 noluerunt
2456 781 2646 834 venire.
2687 778 2887 832 Iterum
2917 777 3060 831 misit
3093 777 3233 831 alios‘
3252 777 3372 830 :illi
3415 791 3534 830 vero
3573 790 3713 843 prta-

2143 883 2380 943 terquem
2413 873 2551 942 quod
2581 872 2861 926 noluerunt
2902 873 3094 936 venire,
3117 871 3276 924 etiam
3316 879 3496 938 captos
3537 886 3710 924 servos

2140 965 2467 1019 contumeliis
2499 965 2806 1034 affecerunt,
2839 973 2888 1016 et
2924 963 3223 1017 occiderunt
3244 962 3309 1015 ³⁸.
3347 963 3559 1028 Quibus
3585 963 3712 1017 sub-

2140 1057 2218 1112 dit
2248 1075 2262 1111 :
2291 1055 2400 1110 Rea:
2431 1066 2626 1120 autent,
2650 1055 2890 1120 audiens,
2917 1056 3087 1108 iratus
3113 1063 3208 1118 est,
3235 1063 3303 1120 et,
3322 1054 3497 1108 missis
3517 1054 3712 1108 exerci-

2143 1147 2282 1201 tibus
2327 1148 2438 1200 suis
2458 1186 2472 1210 ,
2498 1147 2724 1216 perdidit
2748 1146 3039 1200 homicidas
3071 1145 3213 1209 illos,
3245 1156 3293 1199 et
3331 1146 3592 1198 civitatem
3619 1161 3708 1199 eo-

2141 1255 2258 1292 rum
2303 1238 2570 1292 succendit
2597 1239 2659 1293 ”.
2695 1237 2820 1292 Haec
2856 1236 3189 1292 Salva-torem
3241 1237 3295 1290 in
3345 1239 3464 1306 ipso
3507 1237 3708 1306 templo

2140 1331 2318 1385 adhuc
2357 1331 2689 1385 consistente
2719 1329 2922 1383 dixisse
2970 1329 3266 1383 scribitur:
3299 1343 3419 1398 qua:
3466 1343 3575 1381 non
3613 1327 3708 1381 diu

2140 1429 2326 1491 postea
2359 1422 2579 1491 impleta
2615 1428 2766 1484 sunt,
2806 1419 3140 1489 Vespasiano
3160 1429 3214 1474 et
3249 1420 3372 1472 Tito
3402 1419 3580 1473 locum
3615 1418 3710 1473 0b-

2139 1511 2443 1568 sidentibus
2471 1531 2486 1568 :
2516 1527 2750 1583 quorum
2782 1522 3021 1580 tempore
3048 1512 3231 1565 nullus
3259 1510 3521 1580 propheta
3564 1509 3707 1578 apud

2137 1601 2261 1656 illos
2301 1600 2474 1657 fuisse
2524 1610 2802 1655 narratur.
2840 1599 3188 1654 Ohsidionem
3242 1599 3425 1669 itaque
3466 1612 3706 1668 praesens

2136 1693 2378 1762 psalmus
2428 1692 2699 1762 signiﬁcat
2729 1711 2741 1745 :
2773 1706 2941 1761 quare
2971 1693 3028 1745 in
3067 1691 3336 1761 principio
3380 1689 3554 1744 dicit:
3601 1687 3702 1742 Ut-

465 1780 622 1852 ροῦτο
633 1782 732 1836 οὐκ
753 1784 831 1846 είς
853 1784 1080 1854 μακρὸν,
1103 1784 1514 1840 Οὐεσπασιανοῦ
1537 1788 1629 1840 καὶ
1640 1787 1800 1840 Τίτου
1821 1788 2027 1860 πολιορ-

2133 1785 2280 1856 quid,
2326 1783 2492 1849 Deus,
2533 1783 2775 1854 repulisti
2816 1785 2871 1836 in
2913 1782 3112 1852 ﬁnem?
3161 1780 3300 1836 Hinc
3348 1795 3478 1836 vero
3517 1779 3706 1854 mirari

461 1874 746 1945 κτισάντων
775 1875 866 1928 τὸν
885 1875 1066 1929 τόπον·
1102 1876 1222 1930 καθ’
1250 1876 1341 1941 οὒς
1370 1877 1661 1949 προφητῶν
1687 1879 1860 1941 οὐδεὶς
1888 1896 2036 1948 γεγο-

462 1962 568 2028 νὼς
594 1966 882 2036 ἱστορεῖται
905 1967 1156 2036 γενέσθαι
1180 1968 1320 2022 κατὰ
1337 1969 1577 2031 τούτους.
1613 1969 1910 2040 Τοιγαροῦν
1935 1987 2033 2022 πο-

461 2052 703 2126 λιορκίαν
737 2057 767 2109 ό
811 2057 948 2127 μετὰ
981 2060 1168 2129 χεῖρας
1212 2059 1510 2130 παρίστησι
1540 2058 1721 2130 λόγος·
1757 2060 1836 2113 διό
1868 2078 2031 2132 φησιν

461 2146 761 2217 ἀρχόμενος
778 2164 791 2178 ·
818 2147 951 2203 Ἵνα
971 2149 1047 2213 τι,
1071 2152 1104 2204 ό
1125 2151 1286 2215 Θεὸς,
1308 2150 1526 2205 ἀπώσω
1545 2152 1631 2218 είς
1652 2150 1854 2218 τέλος;
1877 2153 2031 2205 Ἔστι

459 2229 517 2284 δέ
544 2233 608 2285 ἐκ
643 2233 847 2288 τούτων
876 2235 976 2307 τὴν
1013 2237 1212 2309 ἀρετὴν
1238 2237 1625 2310 ἀποθαυμάσαι
1655 2243 1754 2311 τῆς
1778 2241 2030 2296 θεοπνεύ-

463 2336 586 2374 στου
606 2322 844 2395 Γραφῆς,
870 2324 946 2388 ὡς
970 2325 1038 2378 τὰ
1061 2329 1290 2398 μακροῖς
1317 2326 1542 2399 ὕστερον
1567 2327 1878 2399 πραχθέντα
1908 2328 2031 2400 χρό-

459 2428 570 2475 νοις
605 2414 913 2485 προγνώσει
964 2416 1084 2488 θείᾳ
1138 2417 1453 2490 προείληφε.
1511 2419 1585 2472 Τὸ
1611 2419 1702 2482 δὲ,
1749 2421 1946 2485 Ἰνατί,
1997 2424 2030 2475 d

460 2503 638 2570 Θεὸς,
668 2504 888 2560 ἀπώσω
915 2510 1002 2574 εὶς
1028 2509 1232 2574 τέλος,
1267 2509 1512 2582 εἴρηται,
1551 2511 1737 2581 ἐπειδὴ
1773 2512 2029 2576 πολλάκις

453 2595 734 2662 ἀσεϐείαις
766 2598 860 2652 καὶ
892 2600 1292 2672 πλημμελείαις
1317 2604 1379 2656 τὸ
1424 2603 1688 2657 Ἰουδαίων
1715 2603 1866 2669 ἔθνος
1894 2606 2026 2658 ὑπο-

460 2685 654 2741 πίπτον
678 2690 990 2762 παρεδίδοτο
1015 2694 1125 2756 τοῖς
1149 2692 1445 2763 περιοίκοις
1473 2694 1788 2764 ἀλλοφύλοις
1820 2695 2022 2748 ἔθνεσι·

457 2781 553 2834 καὶ
596 2782 727 2836 ποτὲ
770 2783 866 2854 μὲν
903 2785 1096 2848 αὐτοὺς
1123 2785 1408 2839 Μωαϐῖται
1441 2786 1745 2858 ἐχειροῦντο
1766 2828 1780 2851 ,
1813 2788 1941 2841 ποτέ
1969 2787 2026 2841 δὲ

471 2870 811 2943 Ἀμμανῖται,
836 2874 928 2928 καὶ
955 2874 1140 2929 ἄλλοτε
1163 2875 1220 2929 δέ
1246 2875 1584 2947 Μαδιηναῖοι.
1629 2873 1740 2932 Εἶτ’
1771 2878 2023 2949 ἐπιστρέ-

458 2978 575 3031 φων
611 2963 804 3028 αὐτοὺς
847 2965 1214 3036 ἀνελάμβανεν
1253 2968 1282 3020 ὁ
1325 2967 1484 3032 Θεός·
1551 2968 1644 3022 καὶ
1685 2968 1821 3040 μετά
1850 2968 2022 3023 ταῦτα

457 3051 618 3106 πάλιν
637 3053 1080 3125 παρανομοῦντας
1097 3055 1380 3125 παρεδίδου
1398 3056 1672 3128 πολεμίοις
1688 3057 1910 3130 ἑτέροις,
1929 3058 2022 3112 καὶ

2141 1876 2288 1931 subit
2315 1875 2580 1931 divinitus
2627 1875 2904 1945 inspiratze
2957 1874 3254 1943 Scriptura:
3281 1872 3558 1936 virtutem,
3587 1887 3708 1942 quae

2139 1967 2414 2022 diuturnis
2441 1974 2628 2036 postea
2659 1965 2996 2035 temporibus
3019 1970 3173 2034 gesta
3209 1961 3392 2017 divina
3417 1962 3707 2032 praescion-

2141 2060 2214 2114 Iia
2248 2059 2561 2114 antevertit.
2591 2056 2730 2111 Illud
2769 2064 2972 2117 autem,
3037 2053 3254 2126 Ulquid,
3283 2054 3440 2117 Deus,
3465 2054 3705 2122 repulisti

2141 2150 2195 2204 in
2225 2150 2403 2219 ﬁnem,
2423 2147 2631 2202 dictum
2663 2155 2770 2212 est,
2804 2149 2933 2217 quia
2956 2144 3184 2201 Judaica
3217 2161 3352 2216 gens
3382 2145 3436 2199 in
3459 2145 3707 2214 impieta-

2140 2250 2221 2298 tes
2268 2249 2323 2298 et
2377 2242 2433 2295 in
2492 2241 2702 2295 scelera
2747 2239 3030 2302 decidens,
3088 2236 3335 2292 ﬁnitimis
3384 2235 3706 2306 alienigenis

2135 2331 2391 2404 gentibus
2431 2329 2576 2384 tradi
2616 2328 2860 2395 solebat;
2900 2335 2956 2382 et
2993 2326 3153 2382 modo
3190 2326 3410 2396 quidem
3456 2323 3706 2379 Moabitae

2137 2422 2460 2492 subigebant
2492 2420 2662 2484 illam,
2692 2417 2852 2472 modo
2871 2415 3216 2480 Ammonitae,
3253 2415 3415 2470 modo
3439 2413 3703 2468 Madiani-

2135 2520 2224 2568 tae.
2257 2511 2459 2566 Deinde
2498 2517 2680 2564 autem
2715 2509 2783 2563 ad
2815 2508 3023 2578 frugem
3065 2521 3328 2562 revocans
3357 2503 3525 2569 Deus,
3566 2504 3702 2574 ipsis

2135 2604 2612 2674 patrocinabatur;
2656 2599 2891 2657 subinde
2939 2614 3067 2655 vero
3104 2598 3523 2669 praevaricantes
3579 2596 3703 2651 aliis

2133 2696 2373 2750 inimicis
2403 2693 2672 2757 tradebat,
2723 2708 2786 2747 ac
2835 2707 3030 2747 rursus
3073 2691 3127 2745 in
3159 2689 3451 2760 pristinum
3495 2696 3701 2744 statum

2132 2787 2456 2842 restituebat
2485 2805 2498 2841 :
2523 2793 2576 2842 et
2609 2799 2886 2854 nunquam
2920 2784 2975 2837 in
3009 2782 3170 2837 ﬁnem
3201 2795 3378 2851 usque
3406 2779 3700 2849 abjiciehat

2131 2880 2276 2941 illos,
2301 2879 2397 2935 sed
2433 2879 2581 2934 brevi
2615 2887 2740 2948 post
2769 2885 3016 2947 tempore
3039 2878 3096 2929 in
3128 2874 3357 2930 salutem
3385 2871 3695 2928 revocabat.

2130 2969 2200 3023 At
2236 2977 2356 3040 post
2387 2975 2660 3039 patratum
2696 2969 2765 3022 ab
2800 2968 2882 3023 eis
2911 2974 3103 3022 contra
3138 2963 3484 3019 Servatorem
3531 2977 3692 3016 exse-

2130 3060 2392 3115 orandum
2419 3059 2652 3124 facinus,
2683 3057 2906 3126 pervenit
2934 3056 3002 3109 ad
3034 3073 3121 3110 eos
3150 3057 3235 3108 ira
3263 3055 3317 3106 in.
3344 3055 3500 3124 linem
3521 3053 3588 3116 ¹⁶,
3621 3067 3702 3107 se-

449 3139 612 3208 αῦθις
635 3146 925 3200 ἀνεκτᾶτο·
953 3147 1206 3200 οὐδέποτε
1234 3147 1290 3200 δὲ
1324 3149 1518 3213 αὐτοὺς
1545 3149 1814 3203 ἁπωθείτο
1837 3152 1916 3213 είς
1937 3149 2027 3203 τέ-

2132 3152 2369 3206 cundum
2401 3149 2754 3221 apostolicam
2791 3149 3161 3219 Scripturam;
3195 3147 3267 3202 ita
3296 3155 3354 3200 ut
3386 3151 3510 3214 post
3545 3142 3704 3206 illam.

454 3235 577 3300 λος,
619 3237 754 3308 πρὸς
781 3238 984 3310 βραχὺν
1016 3239 1074 3293 δέ
1102 3256 1220 3292 τινα
1247 3240 1436 3312 καιρὸν
1459 3242 1801 3313 ἐπιστρέφων
1830 3241 2022 3312 ἐνῆγεν

453 3328 536 3390 είς
565 3329 854 3400 σωτηρίαν.
890 3331 1042 3385 Μετὰ
1070 3330 1127 3384 δὲ
1155 3331 1214 3384 τὸ
1239 3331 1378 3384 κατά
1408 3333 1502 3385 τοῦ
1537 3333 1786 3402 Σωτῆρος
1820 3332 2022 3404 τολμη-

455 3421 546 3475 θὲν
573 3422 753 3485 αὐτοῖς
779 3423 908 3491 ἄγος
933 3422 1199 3492 ἔφθασεν
1225 3426 1310 3488 είς
1337 3424 1556 3489 αὐτοὺς
1584 3425 1621 3491 ἠ
1650 3424 1792 3494 ὀργὴ
1821 3427 1908 3489 εἰς
1934 3423 2026 3477 τέ-

453 3515 580 3580 λος,
595 3514 734 3567 κατά
760 3515 858 3584 τὴν
885 3515 1242 3587 ἀποστολικὴν
1262 3514 1500 3587 Γραφὴν,
1523 3514 1597 3578 ὡς
1617 3515 1675 3578 ἐξ
1697 3515 1898 3568 ἐκείνου
1929 3515 2023 3569 καὶ

452 3607 533 3668 είς
552 3603 708 3675 δεῦρο
727 3605 914 3677 μηκέτ’
936 3607 1138 3678 ἐπᾶραι
1158 3607 1396 3677 κεφαλὴν
1420 3607 1633 3670 αὐτούς.
1668 3609 1731 3660 Ὃ
1748 3607 1810 3678 δὴ
1831 3607 2023 3678 σημαί-

450 3712 615 3749 νουσα
645 3699 678 3766 ή
712 3698 1015 3769 προφητεία
1073 3699 1234 3768 φησίν
1253 3716 1266 3728 ·
1326 3699 1519 3763 Ἰνατί,
1547 3701 1579 3752 ὸ
1602 3699 1736 3763 Θεὸς
1762 3738 1776 3762 ,
1804 3698 2023 3752 ἀπώσω

448 3789 538 3852 εἰς
566 3785 776 3852 telae;
798 3789 1228 3859 Σεσιωπημένως
1259 3790 1316 3843 δὲ
1337 3791 1364 3842 6
1393 3790 1549 3858 λόγος
1577 3789 1664 3842 διὰ
1686 3790 1784 3860 τῆς
1813 3791 2022 3861 ἐρωτή-

451 3895 587 3943 σεως
604 3879 821 3950 ᾐνίξατο
843 3881 940 3951 τὴν
955 3881 1092 3936 κατὰ
1106 3881 1196 3935 τοῦ
1214 3882 1464 3953 Σωτῆρος
1487 3882 1519 3951 ἠ
1527 3880 1641 3952 μῶν
1662 3880 1878 3954 πρᾶξιν,
1899 3881 2021 3953 μεθ’

449 3970 516 4043 ἢν
546 3972 643 4025 καὶ
665 3973 745 4036 εἰς
772 3973 923 4036 τέλος
943 3973 1344 4045 ἀπεϐλήθησαν.
1379 3972 1544 4027 Τοῦτο
1572 3973 1627 4026 δὲ
1656 3973 1748 4026 καὶ
1779 3975 1807 4026 6
1831 3973 2022 4044 Σωτὴρ

447 4064 611 4129 αὐτὸς
639 4064 876 4136 παρίστη
905 4065 1107 4134 λέγων⁴
1143 4065 1407 4132 Ποσάκις
1432 4065 1706 4134 ἠθέλησα
1732 4067 2021 4121 ἐπισυνα-

447 4157 650 4228 γαγεῖν
677 4158 750 4212 τὰ
789 4157 970 4213 τέκνα
1009 4174 1125 4215 σου
1146 4199 1162 4224 ,
1197 4158 1268 4212 ὃν
1292 4159 1514 4228 τρόπον
1541 4159 1704 4227 ὄρνις
1735 4157 2025 4213 ἐπισυνά-

445 4266 536 4320 τει
563 4251 636 4305 τὰ
660 4253 883 4305 νοσσία
910 4250 1030 4306 ὑπὸ
1056 4251 1163 4316 τὰς
1191 4253 1504 4320 πτέρυγας,
1541 4252 1640 4306 καὶ
1661 4253 1772 4305 οὐκ
1804 4250 2021 4320 ἠθελή-

445 4357 627 4407 σατε;
661 4342 816 4397 Ἰδοὺ
845 4343 1076 4412 ἀφίεται
1097 4341 1241 4412 ὑμῖν
1259 4345 1292 4396 ὁ
1311 4342 1475 4408 οἶκος
1492 4341 1658 4413 ὑμῶν
1677 4343 1915 4412 ἕρημος.
1949 4341 2024 4395 Τὸ

445 4435 584 4507 γὰρ,
611 4434 876 4502 Ποσάκις
902 4433 1194 4503 ἠθέλησα,
1218 4433 1368 4505 δηλοῖ
1394 4434 1495 4505 τὴν
1519 4432 1712 4505 μακρῷ
1732 4434 1909 4506 χρόνῳ
1937 4435 2024 4486 ἐν-

2131 3243 2498 3298 calamitatem
2545 3256 2654 3296 non
2693 3243 2958 3295 hactenus
3005 3246 3168 3310 caput
3211 3238 3526 3294 extulerint.
3568 3235 3710 3304 Qua;

2132 3333 2443 3403 signiﬁcans
2474 3333 2755 3402 prophetia
2789 3331 2920 3385 dicit
2952 3349 2964 3384 :
2997 3328 3216 3398 thuid,
3264 3329 3426 3390 Deus,
3461 3326 3701 3398 repulisli

2131 3428 2186 3480 in
2222 3427 2421 3495 ﬁnem?
2450 3423 2554 3480 Per
2597 3423 3079 3494 interrogationem
3123 3436 3253 3476 vero
3299 3420 3599 3475 admissum
3643 3418 3699 3472 in

2133 3516 2474 3572 Servatorem
2534 3525 2781 3570 nostrum
2840 3513 3052 3567 facinus
3107 3511 3529 3574 subindicatur,
3587 3524 3698 3578 quo

2130 3617 2352 3680 peracto
2376 3609 2429 3662 in
2461 3606 2622 3661 ﬁnem
2664 3605 2860 3675 abjccti
2893 3613 3039 3659 sunt.
3076 3603 3133 3657 ld
3164 3618 3294 3658 sane
3329 3603 3445 3671 ipse
3477 3615 3698 3671 quoque

2133 3700 2390 3756 Servator
2424 3700 2664 3755 declarat
2697 3698 2925 3753 dicens:
2959 3697 3173 3763 Quoties
3205 3696 3360 3756 volui.
3386 3710 3704 3765 congregare

2130 3794 2272 3863 ﬁlios
2306 3803 2442 3856 tuos,
2487 3789 2928 3861 quemadmodum
2975 3787 3179 3858 gallina
3217 3796 3494 3856 congregat
3523 3785 3698 3854 pullos

2129 3902 2254 3940 suos
2296 3885 2391 3939 sub
2441 3883 2581 3946 alas,
2623 3889 2674 3936 et
2727 3881 3013 3935 noluistis?
3046 3878 3175 3936 Ecce
3206 3880 3528 3950 relinquetur
3554 3878 3698 3933 vobis

2129 3978 2315 4031 domus
2357 3985 2531 4030 vestra
2568 3973 2776 4029 deserta
2802 3973 2866 4028 ³⁷.
2897 3971 3034 4025 lllud
3074 3971 3240 4034 enim,
3271 3969 3486 4042 QuOties
3533 3971 3697 4038 volui,

2131 4071 2335 4124 indicat
2387 4067 2730 4122 tolerantiam
2771 4064 2918 4119 illam
2967 4061 3228 4123 diuturno
3272 4069 3519 4132 tempore
3560 4061 3699 4133 ipsis

2129 4159 2458 4226 exhibitam;
2509 4156 2644 4212 illud
2676 4170 2826 4222 vero,
2867 4163 2915 4210 et
2961 4153 3228 4217 noluistis,
3263 4159 3593 4224 postremam
3628 4149 3699 4205 il-

2129 4248 2306 4303 lorum
2339 4246 2698 4318 abjectionem
2723 4246 3014 4318 signiﬁcat,
3035 4245 3255 4316 quando
3287 4245 3460 4299 iratus
3496 4250 3581 4300 est
3608 4241 3698 4297 fu-

2129 4357 2222 4398 ror
2269 4341 2390 4412 ejus
2418 4355 2582 4412 super
2622 4339 2746 4396 illas
2775 4354 2898 4410 quae
2939 4339 3069 4392 olim
3119 4345 3278 4394 erant
3319 4352 3450 4393 oves
3482 4351 3700 4408 pascua:

2128 4433 2488 4502 ejus.Deinde
2503 4449 2630 4490 vero
2652 4433 2978 4505 supplicatio
3000 4432 3269 4489 emittitur
3289 4431 3376 4488 his
3402 4431 3584 4486 verbis
3609 4449 3700 4484 :—

443 4492 688 4582 δοθεῖσαν
720 4492 903 4591 αὐτοῖς
921 4492 1325 4598 μακροθυμίαν”
1359 4525 1420 4580 τὺ
1443 4492 1649 4591 δὲξκαί
1805 4492 2021 4594 ἠθελή-

2132 4492 2288 4583 V'sns.
2313 4526 2368 4581 2.
2401 4525 2605 4581 Memor
2629 4492 2740 4582 esti;
2760 4492 3063 4598 Isgnagoga:
3087 4533 3212 4588 tum,
3241 4539 3400 4590 quam
3419 4521 3698 4591 possedisti

442 4632 625 4680 σατε,
671 4617 1076 4689 παραστατικὸν
1108 4617 1174 4670 ἂν
1204 4618 1412 4686 γένοιτο
1439 4616 1538 4688 τῆς
1571 4617 1804 4688 ὑστάτης
1840 4616 2017 4671 αὐτῶν

443 4705 740 4776 ἀποϐολῆς,
763 4707 852 4760 ὅτε
872 4708 966 4759 καὶ
991 4705 1234 4777 ὠργίσθη
1266 4707 1294 4759 ὁ
1322 4707 1491 4776 θυμὸς
1517 4705 1680 4759 αὑτοῦ
1703 4708 1796 4760 ἐπὶ
1822 4706 1892 4760 τὰ
1913 4706 2018 4760 πά-

443 4798 534 4855 λαι
562 4799 828 4869 γενόμενα
855 4798 1102 4869 πρόϐατα
1130 4797 1298 4868 νομῆς
1328 4796 1510 4849 αὑτοῦ.
1557 4795 1714 4866 Ἑξῆς
1730 4796 1786 4849 δέ
1809 4799 1838 4850 6
1861 4796 2018 4865 λόγος

447 4885 729 4956 ἱκετηρίαν
757 4885 1021 4956 προσάγει
1041 4885 1214 4953 λέγων
1233 4901 1247 4916 ν
1274 4883 1586 4952 Μνήσθητι
1609 4882 1718 4952 τῆς
1743 4899 2015 4955 συναγω-

443 4976 558 5046 γῆς
600 4993 738 5042 σου,
759 4972 835 5047 ἧς
859 4977 1094 5046 ἐκτήσω
1119 4978 1221 5031 ἀπ’
1250 4975 1462 5046 ἀρχῆς.
1497 4976 1709 5047 Σφόδρα
1739 4976 1795 5030 δὲ
1821 4977 2020 5032 καταλ-

443 5067 619 5138 λήλως
657 5069 974 5139 συναγωγῆς
1004 5067 1374 5139 ἐμνημόνευσε
1394 5106 1410 5132 ,
1444 5067 1539 5120 καὶ
1578 5068 1793 5140 πρῶτον
1833 5070 2018 5140 κτῆμα

439 5159 536 5214 τοῦ
571 5159 706 5214 Θεοῦ
739 5179 901 5232 φησιν
934 5160 1104 5231 αὐτὴν
1135 5160 1414 5229 γεγονέναι
1439 5177 1453 5190 ·
1484 5160 1579 5214 ἅτε
1610 5159 1764 5224 εἰδὼς
1794 5161 1890 5214 καὶ
1917 5162 2018 5231 τὴν

445 5250 522 5322 μὴ
548 5251 608 5318 ἐξ
633 5252 825 5322 ἀρχῆς,
847 5251 960 5305 ἀλλ’
992 5250 1216 5322 ὕστερον
1243 5249 1380 5321 μετά
1406 5251 1505 5322 τὴν
1526 5251 1844 5306 ἀπόπτωσιν
1869 5254 2015 5307 ὲκεί-

440 5361 540 5414 νης
568 5343 628 5410 ἐξ
671 5344 926 5398 ἁπάντων
967 5342 1076 5396 τῶν
1112 5343 1280 5396 ἐθνῶν
1313 5343 1622 5398 ὑποστᾶσαν
1664 5345 2009 5417 Ἐκκλησίαν.

441 5427 552 5498 Ἦς
571 5435 664 5488 καὶ
687 5437 746 5490 ἐν
763 5434 972 5507 ἑτέροις
1000 5435 1324 5505 μνημονεύει
1343 5435 1514 5504 λέγων
1534 5452 1546 5465 ⁸
1588 5436 1642 5487 Ἐ
1649 5453 1683 5488 ν
1695 5435 1864 5503 μέσῳ
1898 5439 2018 5490 Ἐκο

443 5527 704 5593 κλησίας
732 5527 982 5596 ὑμνήσω
1009 5542 1082 5598 σε
1103 5542 1116 5557 ·
1155 5527 1246 5578 καὶ
1274 5527 1432 5580 πάλιν
1459 5543 1472 5556 ο
1517 5509 2016 5598 Εὑηγηθελισὰιιην

517 5639 560 5670 “
601 5639 788 5693 Matth.
825 5657 972 5699 nn.
1005 5639 1117 5694 2-6.
1231 5642 1271 5672 ¹⁵
1312 5640 1440 5695 ibid.
1481 5641 1529 5694 7.

446 5710 488 5741 ¹⁹
529 5709 670 5765 Psal.
713 5726 915 5776 xxxix,
953 5712 1037 5766 10.
1119 5712 1162 5741 ¹⁰
1202 5709 1344 5764 Psal.
1386 5727 1511 5775 ssi,
1542 5710 1632 5765 ‘26.

1639 5641 1680 5672 "
1719 5639 1736 5694 1
1776 5639 1949 5699 Thess
2009 5660 2084 5712 ιι,
2133 5647 2216 5702 16.

2125 4621 2191 4674 ab
2211 4619 2378 4674 initio.
2400 4618 2704 4673 Admodum
2721 4626 3085 4687 congruenter
3107 4615 3446 4688 Synagogam
3465 4629 3698 4670 comme-

2124 4717 2301 4766 morat
2327 4710 2510 4778 aitque
2539 4709 2682 4763 illam
2703 4711 2930 4778 primam
2963 4707 3056 4764 Dei
3075 4707 3477 4778 possessionem
3490 4704 3694 4770 fuisse;

2123 4811 2307 4872 utpote
2341 4801 2433 4872 qui
2471 4810 2657 4858 nosset
2699 4800 3024 4868 Ecclesiam,
3063 4815 3132 4856 ex
3160 4799 3413 4855 omnibus
3445 4797 3697 4868 gentibus

2122 4895 2494 4960 constitutam,
2527 4909 2649 4967 quae
2690 4909 2799 4948 non
2831 4894 2900 4948 ab
2938 4894 3116 4959 initio,
3157 4891 3252 4948 sed
3293 4901 3417 4964 post
3451 4889 3697 4961 Synago-

2125 5003 2206 5058 gae
2239 4987 2456 5042 ruinam
2503 4987 2733 5041 exstitit.
2777 4985 2948 5055 Cujus
2992 4983 3253 5040 Ecclesia:
3274 4984 3410 5038 alias
3449 4982 3698 5037 meminit

2122 5074 2351 5130 dicens:
2387 5072 2455 5129 In
2504 5074 2674 5128 medio
2717 5073 2968 5128 Ecclesiae
3017 5071 3246 5126 laudabo
3295 5082 3341 5126 te
3364 5071 3438 5138 ¹⁸;
3474 5078 3528 5126 et
3572 5085 3714 5124 rur-

2121 5181 2217 5222 sus
2247 5184 2260 5220 :
2289 5164 2613 5224 Annuntiavi
2639 5155 2912 5235 justitiam
2938 5164 2992 5217 in
3025 5161 3263 5216 Ecclesia
3310 5163 3600 5232 magna“;
3633 5176 3698 5217 ac

2118 5257 2317 5311 iterum
2342 5274 2356 5308 ε
2378 5253 2534 5323 Apud
2557 5265 2605 5308 te
2633 5255 2750 5308 laus
2784 5271 2899 5308 mea
2927 5257 2980 5306 in
3007 5253 3246 5308 Ecclesia
3283 5271 3475 5323 magna
3498 5254 3563 5304 ὀ.
3596 5250 3697 5306 Ve—

2123 5363 2241 5400 rum
2277 5361 2386 5402 non
2414 5333 2541 5400 talis
2574 5347 2663 5400 illa
2697 5346 2824 5400 olim
2857 5345 3142 5415 Synagoga
3176 5355 3293 5398 erat
3331 5365 3341 5397 :
3378 5345 3466 5397 illa
3494 5345 3694 5413 quippe

2124 5437 2246 5493 ideo
2277 5438 2358 5492 sic
2403 5437 2704 5492 vocabatur
2733 5436 2876 5506 quod
2930 5450 3040 5490 uno
3079 5439 3135 5491 in
3180 5437 3300 5489 loco
3331 5451 3692 5506 congregare-

2123 5541 2241 5596 tur;
2276 5529 2391 5586 lucc
2431 5545 2558 5583 vero
2589 5528 3006 5598 pnesellentiam
3041 5528 3322 5582 electionis
3366 5543 3478 5582 sua:
3514 5526 3690 5581 decla-

2313 5647 2352 5676 ¹⁷
2396 5644 2582 5699 Matth.
2628 5661 2800 5710 mu,
2837 5644 2901 5699 '57
2926 5685 2939 5710 ,
2977 5645 3065 5700 58.
3171 5645 3216 5675 ¹⁸
3249 5642 3392 5699 Psal.
3433 5660 3522 5698 ut
3549 5684 3562 5708 ,
3598 5643 3686 5697 25.
