4128 6392
436 309 542 364 855

1103 312 1372 373 EUSEBH
1406 315 1878 373 CJESARIENSIS
1915 317 2063 376 OPP'.
2106 318 2288 374 PARS
2326 319 2412 375 111.
2443 351 2512 362 -
2549 318 2959 376 EXEGETICA.

3556 321 3661 378 853

434 439 588 489 rans,
637 423 877 483 Ecclesia
921 428 1139 487 dicitur.
1197 435 1352 500 Quod
1401 437 1445 490 si
1493 437 1618 506 quis
1655 453 1877 494 causam
1913 455 1972 495 re

2100 441 2490 510 δικαιοσύνην
2509 442 2579 495 ἐν
2613 441 2938 509 Ἐκκλησία
2965 440 3165 510 πολλῇ
3183 458 3195 472 ⁸
3223 441 3312 495 καὶ
3338 436 3520 507 αὖθιςο
3546 448 3664 497 Ha-

435 513 620 581 quirat
649 530 749 570 cur
775 531 1071 590 synagoga,
1110 536 1273 591 quam
1305 524 1422 594 ipse
1451 527 1766 596 possederat
1797 529 1866 584 ab
1893 530 2001 585 ini.

433 603 535 671 tio,
567 607 778 674 repulsa
807 608 998 676 fuerit,
1030 609 1147 681 ipse
1171 612 1427 673 Christus
1459 617 1550 673 Dei
1575 635 1671 688 per-
1691 620 1853 675 aliam
1881 637 2002 693 pro-

435 697 675 768 phetiam
721 697 777 752 id
826 699 1078 756 edocebit
1131 703 1321 762 dicens
1363 706 1870 765 :Circumdederunt
1919 729 2000 768 me

433 805 587 844 canes
636 790 811 856 multi,
872 791 1152 866 Synagoga
1205 798 1609 868 malignantium
1643 802 1844 857 obsedit
1893 821 1996 859 me.

433 875 707 934 Foderunt
750 896 940 935 manus
983 900 1127 938 meas
1170 895 1220 940 et
1245 887 1399 956 pedes
1441 907 1604 953 meos,
1638 891 1998 949 dinumerare-

426 975 555 1020 runt
607 969 785 1022 omnia
837 987 960 1025 ossa
1007 991 1141 1029 mea.
1189 975 1497 1032 Diviserunt
1551 980 1652 1034 sibi
1691 985 1998 1040 vestimenta

427 1071 566 1122 mea,
601 1066 649 1110 et
675 1073 830 1124 super
860 1070 1045 1115 vestem
1081 1080 1249 1118 meam
1283 1067 1534 1121 miserunt
1566 1079 1756 1124 sortem
1780 1072 1845 1128 “.
1873 1071 1997 1129 Hac

424 1163 594 1204 causa
642 1149 745 1204 fuit
787 1167 886 1205 cur
936 1155 1085 1223 prior
1131 1157 1224 1210 illa
1279 1156 1562 1230 Synagoga
1622 1163 1993 1233 repelleretur.

426 1238 633 1294 Deinde
669 1257 800 1297 vero
843 1245 1068 1301 subdit:
1101 1246 1387 1304 Redemisti
1424 1254 1624 1322 virgam
1668 1256 1995 1313 hwreditatis

426 1346 553 1390 tute.
583 1337 640 1390 Id
667 1339 934 1406 placantis
963 1357 1114 1398 more
1147 1343 1350 1399 dictum
1383 1365 1396 1400 :
1428 1345 1508 1401 Tu
1533 1349 1700 1412 enim,
1727 1349 1824 1413 ait,
1853 1351 1995 1408 hanc

428 1425 772 1498 Synagogam
801 1429 1102 1500 redemisti,
1123 1448 1186 1487 ac
1215 1432 1434 1504 dignam
1460 1436 1699 1494 habuisti
1722 1455 1844 1509 quae
1863 1457 1993 1511 por-

424 1517 502 1570 tio
523 1527 576 1570 et
605 1519 755 1589 virga
779 1520 1115 1593 hereditatis
1150 1532 1257 1580 tua:
1280 1537 1605 1597 vocaretur;
1631 1545 1756 1585 nam
1785 1533 1994 1601 quando

421 1606 686 1662 dividebat
716 1611 1029 1668 Altissimus
1069 1627 1266 1685 gentes,
1297 1620 1467 1685 portio
1495 1620 1711 1674 Domini
1739 1623 1885 1690 facta
1913 1636 1994 1679 est

420 1694 587 1750 Iacob
641 1700 865 1767 populus
931 1704 1087 1772 ejus,
1152 1705 1421 1774 funiculus
1491 1710 1818 1768 hwreditatis
1877 1715 1991 1784 ejus

2092 535 2173 603 ρὰ
2193 535 2310 589 σοῦ
2335 537 2368 588 ό
2391 534 2634 600 ἔπαινός
2651 551 2772 602 μου
2791 534 2859 586 ἐν
2875 534 3200 601 Ἐκκλησία
3216 533 3469 603 μεγάλῃ.
3513 535 3632 588 Ἀλλ
3649 537 3664 557 ’

2097 627 2159 680 οὐ
2178 626 2398 698 τοιαύτη
2420 627 2564 697 καὶὴ
2599 625 2836 697 προτέρα
2862 624 3121 695 ἐτύγχανε
3149 627 3432 697 συναγωγή
3457 643 3466 652 ·
3495 627 3528 696 ἡ
3564 626 3661 697 μὲν

2097 718 2206 789 γὰρ
2245 720 2310 771 ὲκ
2350 717 2442 772 τοῦ
2473 717 2613 770 κατὰ
2643 717 2702 770 τὸ
2733 715 2863 770 αὐτὸ
2893 715 3214 783 συνάγεσθαι
3248 715 3418 780 οὕτως
3445 716 3660 788 ὠνομα-

2097 807 2292 877 σμένη,
2325 807 2360 878 ἡ
2392 805 2448 858 δὲ
2477 806 2535 859 τὸ
2561 805 2835 876 ἐξαίρετον
2870 803 3189 876 παριστῶσα
3217 803 3318 873 τῆς
3354 802 3659 873 ὲκλογῆς,ἡ

2109 897 2421 970 Ἐκκλησία.
2444 899 2506 952 Εἰ
2530 897 2585 950 δέ
2612 915 2694 961 τις
2723 896 2898 966 ἔροιτο
2914 897 3008 968 τὴν
3024 895 3204 952 αἰτίαν
3231 895 3296 947 δι’
3325 896 3392 964 ἣν
3421 893 3659 964 ἀπεϐλή-

2097 989 2162 1061 θη
2199 991 2230 1060 ἠ
2265 990 2550 1061 συναγωγὴ
2574 1031 2588 1055 ,
2624 992 2689 1059 ἢν
2722 990 2984 1060 ἐκτήσατο
3016 990 3110 1043 ἀπ’
3169 985 3342 1061 ἀρχῆς
3367 1025 3382 1046 ,
3434 985 3593 1048 αὐτὸς
3633 989 3668 1038 ὁ-

2096 1083 2328 1154 Χριστὸς
2365 1082 2457 1136 τοῦ
2487 1081 2621 1136 Θεοῦ
2653 1081 2720 1134 δι’
2754 1081 2942 1153 ἐτέρας
2977 1082 3312 1152 προφητείας
3341 1077 3539 1141 διδάξει
3569 1075 3658 1129 λέ-

2094 1191 2206 1243 γων
2224 1191 2236 1203 ·
2268 1171 2761 1242 Περιεκύκλωσάν
2775 1189 2851 1241 με
2876 1173 3053 1237 κύνες
3081 1171 3316 1234 πολλοὶ,
3339 1166 3656 1240 συναγωγῆ

2094 1268 2586 1337 πονηρευομένων
2611 1267 2893 1337 περιέσχε
2913 1284 3009 1337 με.
3042 1266 3306 1334 Ὠρυξαν
3325 1266 3525 1335 χεῷάς
3542 1284 3657 1336 μου

2093 1357 2189 1410 καὶ
2222 1357 2410 1423 πόδας
2428 1377 2566 1427 μου,
2588 1358 2995 1428 ἐξηρίθμησαν
3023 1356 3217 1410 πάντα
3245 1357 3318 1410 τὰ
3342 1355 3493 1412 ὀστᾶ
3518 1356 3656 1426 μοῦ.

2093 1449 2505 1517 Διεμερίσαντο
2538 1450 2610 1504 τὰ
2644 1449 2842 1519 ἱμάτιά
2861 1469 2980 1519 μου
3008 1441 3278 1517 ἑαυτοῖς,
3308 1451 3404 1504 καὶ
3425 1451 3522 1503 ἐπὶ
3556 1450 3662 1504 τὸν

2093 1541 2408 1609 Ιματισμόν
2430 1558 2548 1610 μου
2577 1541 2795 1595 ἔϐαλον
2826 1541 3073 1610 κλῆρον.
3131 1543 3294 1596 Ταῦτ’
3320 1539 3387 1614 ἦν
3419 1541 3485 1594 τὰ
3515 1543 3660 1597 αἴτια

2093 1629 2158 1681 δι’
2192 1629 2227 1682 ἆ
2256 1632 2288 1700 ἠ
2320 1631 2560 1702 προτέρα
2588 1632 2874 1703 συναγωγὴ
2901 1632 3254 1706 ὀιποϐἐὸλητο⁸
3293 1635 3452 1704 Ἑξῆς
3476 1634 3519 1686 δ’
3543 1636 3661 1687 ἐπι-

2093 1720 2271 1790 λέγει·
2315 1723 2663 1791 Ἐλυτρώσω
2709 1723 2935 1792 ῥάϐδον
2965 1729 3362 1795 κληρονομίας
3387 1742 3532 1780 σου·
3567 1725 3660 1778 δυ-

424 1787 598 1843 Israel
627 1791 694 1843 ".
754 1791 928 1860 Hujus
982 1795 1164 1865 itaque
1223 1798 1554 1858 haereditatis
1617 1813 1723 1860 tua:
1786 1821 1978 1863 memon

2097 1787 2450 1883 σωπητικῶςο
2487 1787 2580 1867 *Σὺ
2611 1787 2724 1884 γὰρ
2738 1856 2751 1878 ,
2785 1817 2978 1885 φησὶν,
3007 1817 3211 1889 ταύτην
3243 1817 3527 1888 ὲλυτρώσω
3562 1817 3662 1888 τὴν

419 1887 562 1936 esto.
623 1880 732 1936 Pro
788 1884 880 1936 illo
929 1894 1150 1954 autem,
1208 1891 1408 1960 virgam
1461 1893 1786 1950 hazreditatis
1842 1904 1984 1962 tuae,

422 1971 640 2042 Aquila,
694 1986 956 2044 sceptrum
1010 1978 1357 2046 hmreditatis,
1419 1985 1811 2055 interpretatus
1870 1997 1984 2055 est;

422 2061 780 2132 Symmachus
811 2084 960 2132 vero,
985 2081 1244 2139 sceptrum
1280 2075 1435 2130 sortis
1461 2084 1584 2130 tute.
1619 2077 1739 2144 Quo
1767 2080 1984 2149 quidem

417 2154 667 2222 docetur,
704 2158 954 2216 homines
999 2177 1226 2231 prorsus
1257 2179 1448 2220 omnes
1491 2165 1584 2222 Dei
1623 2184 1780 2236 esse;
1815 2186 1986 2240 popu-

415 2245 530 2299 lum
569 2255 751 2302 autem
790 2248 892 2320 ipsi
942 2263 1306 2324 segregatum,
1339 2256 1496 2326 quasi
1541 2267 1816 2329 sceptrum
1863 2261 1984 2330 ejus

415 2337 624 2406 regium
652 2336 843 2395 fuisse.

2092 1903 2408 1975 συναγωγὴν
2433 1905 2770 1971 καταξιώσας
2791 1909 2956 1978 αὐτὴν
2982 1910 3078 1981 σὴν
3104 1909 3437 1981 χρηματίσαι
3470 1908 3660 1978 μερίδα

2092 1995 2186 2046 καὶ
2215 1994 2408 2064 ῥάϐδον
2439 1996 2797 2068 κληρονομίας
2829 2015 2950 2051 σου·
3014 1999 3111 2054 ὅτε
3141 2000 3248 2071 γὰρ
3281 1997 3596 2068 διεμέριζεν
3627 2000 3660 2051 ό

2094 2085 2386 2151 ’Ύψιστος
2406 2083 2572 2153 ἔθνη,
2597 2084 2845 2154 ἐγενήθη
2863 2088 3033 2156 μερίς
3055 2088 3272 2156 Κυρίου
3298 2087 3445 2152 λαὸς
3477 2085 3662 2140 αὐτοῦ

2106 2172 2301 2227 Ἰακὼϐ
2321 2214 2334 2238 ,
2365 2175 2691 2245 σχοίνισμα
2742 2179 3139 2248 κληρονομίας
3169 2179 3353 2233 αὐτοῦ
3393 2177 3659 2245 Ἰσραήλ.

2093 2264 2307 2335 Ταύτης
2331 2263 2423 2319 οὖν
2452 2268 2548 2337 τῆς
2580 2268 2776 2321 σαυτοῦ
2805 2269 3164 2340 κληρονομίας
3193 2269 3474 2341 μνήσθητι.
3518 2270 3660 2322 Ἀντὶ

2088 2357 2145 2410 δὲ
2162 2356 2274 2421 τοῦ,
2291 2357 2515 2425 ῥάϐδον
2532 2363 2932 2430 κληρονομίας
2951 2377 3089 2427 σου,
3113 2361 3430 2430 σκῆπτρον
3445 2365 3660 2429 κληρο-

413 2430 655 2497 νομίας,
706 2433 734 2484 ὁ
777 2433 1006 2497 Ἀκύλας
1053 2437 1423 2508 ἡρμήνευσεν·
1475 2440 1504 2492 6
1556 2439 1613 2492 δὲ
1671 2442 1984 2514 Σύμμαχος,
2022 2446 2333 2517 σκῆπτρον
2357 2452 2721 2518 κληρουχίας
2750 2467 2894 2506 σουο
2944 2453 3280 2516 διδάσκοντος
3345 2453 3438 2506 τοῦ
3502 2452 3656 2520 λόγου

414 2517 623 2585 πάντας
650 2522 747 2599 μὲν
777 2524 1095 2596 ἀνθρώπους
1121 2523 1260 2582 εἶναι
1287 2530 1383 2583 τοῦ
1417 2531 1551 2586 Θεοῦ
1575 2573 1590 2598 ,
1623 2535 1715 2588 τὸν
1740 2537 1798 2590 δὲ
1829 2540 2214 2612 ἀφωρισμένον
2239 2543 2402 2596 αὐτοῦ
2431 2544 2555 2598 λαὸν
2610 2545 2796 2618 ὥσπερ
2840 2547 3113 2617 βασιλικὸν
3157 2548 3320 2601 αὑτοῦ
3380 2548 3656 2618 σκῆπτρον

413 2613 715 2680 γεγονέναι.

488 2724 654 2782 Vens.
682 2728 740 2790 ἓ,
763 2730 879 2783 5-7.
905 2730 1138 2786 Montem
1160 2732 1289 2788 Sion
1315 2736 1471 2802 hunc,
1498 2740 1551 2793 in
1566 2757 1668 2810 quo
1701 2742 1977 2800 habitasti.

411 2807 549 2863 Leva
582 2829 768 2868 manus
798 2825 915 2870 tuas
943 2820 998 2872 in
1028 2821 1301 2890 superbias
1340 2823 1395 2877 in
1427 2827 1581 2894 ﬁnem
1601 2843 1620 2880 .'
1643 2841 1843 2900 quanta
1872 2849 1983 2886 ma-

414 2902 647 2971 lignatus
683 2917 762 2960 est
807 2909 1051 2965 inimicus
1093 2914 1147 2966 in
1179 2926 1361 2970 sancto
1385 2919 1406 2970 .'
1438 2919 1568 2984 Quae
1611 2932 1758 2977 esset
1803 2924 1977 2994 virga,

412 2994 531 3049 sive
571 3006 844 3067 sceptrum
878 3004 1179 3058 secundum
1228 3009 1469 3079 reliquos
1513 3012 1858 3084 interpretes,
1892 3016 1979 3071 his

418 3085 693 3156 declarat,
755 3089 986 3146 Hontem
1033 3093 1162 3150 Sion
1220 3097 1394 3165 hunc,
1436 3103 1490 3155 in
1547 3121 1648 3174 quo
1702 3106 1974 3164 habitasti.

411 3176 549 3232 Nam
580 3197 760 3252 regius
795 3199 951 3239 mons
987 3195 1124 3255 erat,
1161 3199 1216 3244 et
1249 3200 1521 3263 sceptrum
1567 3199 1740 3269 regni,
1781 3199 1834 3254 in
1869 3216 1978 3270 quo

410 3279 786 3328 colustructum
822 3277 997 3333 fuerat
1029 3283 1287 3352 templum
1319 3297 1372 3339 et
1403 3287 1599 3343 domus
1623 3290 1976 3350 habitationis

411 3356 528 3414 Dei.
563 3361 742 3427 Quare
771 3369 1075 3436 metropolis
1097 3371 1270 3439 ﬁdelis
1314 3374 1444 3430 Sion
1471 3380 1790 3446 vocabatur,
1823 3393 1877 3438 et
1899 3385 1976 3437 ci-

409 3447 546 3502 uitas
575 3448 673 3502 Dei
713 3451 1050 3524 Jerusalem;
1083 3461 1323 3517 cmlestis
1374 3465 1522 3521 illius
1562 3468 1854 3538 imaginem
1893 3471 1971 3527 fe-

405 3551 558 3602 rens,
601 3538 670 3596 de
696 3557 805 3611 qua
836 3543 1055 3602 divinus
1097 3548 1392 3617 Apostolus
1438 3555 1552 3611 haec
1579 3557 1809 3613 docebat
1835 3579 1850 3614 :
1879 3561 1977 3615 Ac-

406 3628 641 3683 cessistis
671 3631 741 3683 ad
783 3631 912 3687 Sion
959 3646 1208 3702 montem,
1247 3649 1298 3694 et
1325 3643 1588 3698 civitatem
1625 3641 1724 3701 Dei
1764 3649 1974 3706 viventis

406 3904 565 3972 quasi
607 3909 881 3975 praeterita
922 3927 1022 3980 pro
1065 3929 1331 3972 consueto
1375 3934 1526 3975 more
1576 3926 1970 3992 przenuntians.

403 3993 494 4049 Ait
525 3995 746 4066 itaque:
775 3998 843 4052 Et
873 4003 1090 4071 gloriati
1134 4015 1258 4060 sunt
1284 4010 1373 4079 qui
1419 4010 1642 4066 oderunt
1677 4025 1745 4074 te.
1781 4017 1835 4070 in
1870 4035 1970 4072 me-

403 4083 492 4137 dio
543 4086 893 4145 solemnitatis
955 4105 1096 4158 tum;
1146 4097 1281 4162 sive,
1335 4103 1634 4156 secundum
1697 4105 1970 4175 Aquilam,

406 4171 760 4232 Fremuerunt
791 4183 996 4237 inimici
1022 4188 1098 4239 tui
1129 4189 1185 4241 in
1211 4189 1380 4245 medio
1414 4196 1806 4252 constitutionis
1847 4209 1970 4254 tute.

407 4265 708 4323 Posuerunt
738 4273 889 4342 signa
918 4294 1016 4330 sua
1045 4281 1214 4349 signa,
1247 4291 1298 4334 et
1332 4299 1435 4337 non
1460 4298 1808 4354 cognoverunt
1836 4292 1973 4343 sicut

403 4358 458 4411 in
485 4361 628 4413 exitu
664 4378 817 4430 super
849 4381 1132 4421 summum.
1162 4369 1321 4435 Quod
1350 4372 1554 4428 clarius
1585 4375 1972 4446 interpretatus

2159 2745 2324 2810 Ὄρος
2378 2745 2531 2798 Σιὼν
2565 2746 2761 2808 τοῦτο,
2815 2745 2846 2800 ὃ
2881 2749 3349 2815 κατεσκήνωσας
3375 2750 3444 2803 ἐν
3472 2753 3650 2818 αὐτῷ,

2088 2833 2351 2901 Ἔπαρον
2379 2839 2485 2901 τὰς
2511 2835 2710 2904 χεῖράς
2737 2852 2852 2890 σου
2879 2837 2976 2888 ἐπὶ
3005 2837 3111 2902 τὰς
3135 2840 3543 2908 ὑπερηφανίας
3571 2845 3657 2908 εἰς

2081 2923 2254 2990 τέλος
2277 2942 2289 2954 ·
2335 2924 2452 2979 ὅσα
2483 2927 2926 2994 ἐπονηρεὺσατο
2957 2932 2989 2981 ό
3015 2930 3219 2998 ἐχθρὸς
3265 2931 3333 2984 ἐν
3365 2930 3440 2996 τῷ
3472 2935 3655 3003 ἁγίῳ]

2083 3015 2176 3077 Τίς
2207 3012 2274 3086 ἦν
2301 3017 2333 3086 ἡ
2364 3017 2556 3088 ῥάϐδος
2574 3057 2589 3080 ,
2622 3018 2653 3087 ἦ
2679 3017 2816 3071 κατὰ
2844 3019 2969 3081 τοὺς
2993 3019 3209 3083 λοιποὺς
3239 3022 3573 3091 ἑρμηνευτὰς
3602 3024 3656 3080 τί

2081 3109 2201 3160 ποτ’
2241 3104 2309 3180 ἦν
2360 3109 2419 3162 τὸ
2465 3109 2760 3180 προλεχθὲν
2810 3111 3114 3182 σκῆπτρον,
3165 3111 3417 3180 διασαφεῖ
3458 3111 3648 3179 λέγων·

2085 3198 2261 3266 Ὄρος
2282 3199 2432 3253 Σιὼν
2453 3200 2625 3254 τοῦτο
2647 3199 2677 3254 ὃ
2698 3200 3165 3267 κατεσκήνωσας
3187 3203 3255 3255 ἑν
3281 3200 3457 3266 αὐτῷ.
3491 3203 3654 3254 Βασι-

2078 3291 2224 3345 λικὸν
2253 3291 2360 3363 γὰρ
2384 3281 2457 3362 ἦν’
2473 3293 2598 3362 ὅρος
2618 3294 2712 3346 καὶ
2737 3293 3009 3364 σκῆπτρον
3035 3293 3328 3363 βασιλείας,
3355 3297 3408 3347 ἐν
3432 3288 3475 3362 ᾧ
3499 3313 3652 3347 κατε-

2080 3381 2344 3434 σκεύαστο
2369 3382 2398 3432 6
2422 3380 2556 3444 νεὼς
2586 3382 2680 3434 καὶ
2707 3382 2736 3433 6
2759 3377 2906 3444 οἶκος
2938 3382 3037 3451 τῆς
3069 3381 3531 3452 κατασκηνώσεως
3554 3379 3647 3433 τοῦ

2075 3472 2230 3526 Θεοῦ.
2256 3473 2344 3524 Διὸ
2357 3475 2725 3542 μητρόπολις
2754 3472 2941 3541 πιστὴ
2979 3471 3109 3526 Σιὼν
3155 3473 3510 3543 ἐχρημάτιζε,
3557 3473 3649 3526 καὶ

2076 3567 2254 3630 πόλις
2281 3564 2428 3617 Θεοῦ
2471 3564 2823 3636 Ἰερουσαλὴμ
2847 3603 2861 3627 ,
2885 3565 3066 3616 εἰκόνα
3097 3563 3338 3634 φέρουσα
3364 3563 3460 3633 τῆς
3486 3565 3647 3614 ἐπου-

2077 3654 2290 3722 ρανίου,
2332 3655 2458 3726 περὶ
2487 3650 2555 3726 ἦς
2585 3655 2613 3706 6
2640 3653 2778 3719 θεῖος
2806 3653 3122 3716 Ἀπόστολος
3161 3652 3421 3706 διδάσκων
3462 3653 3650 3721 ἔλεγε·

2075 3747 2574 3814 Προσεληλύθατε
2601 3746 2754 3804 Σιὼν
2779 3746 2918 3814 ὄρει,
2948 3746 3044 3798 καὶ
3071 3748 3242 3798 πόλει
3266 3745 3411 3798 Θεοῦ
3435 3743 3648 3811 ζῶντος

2087 3837 2471 3908 Ἰερουσαλὴμ
2509 3839 2860 3905 ἐπουρανίῳ.
2899 3835 3068 3888 Τοῦτο
3092 3835 3136 3887 δ’
3164 3834 3332 3888 εἰπὼν
3355 3876 3369 3900 ,
3401 3835 3527 3905 ἑξῆς
3561 3836 3643 3888 θε-

2075 3926 2254 3990 σπίζει
2279 3927 2348 3981 τὰ
2369 3928 2755 3999 συμϐησόμενα
2772 3926 2849 3998 τῷ
2871 3928 3037 3998 τόπῳ,
3061 3927 3126 3979 τὰ
3152 3925 3410 3996 μέλλοντα
3431 3925 3644 3980 ἔσεσθαι

2072 4018 2147 4081 ὼς
2193 4020 2558 4089 παρῳχηκότα
2589 4018 2829 4088 συνήθως
2874 4017 3194 4089 προφωνῶν.
3257 4018 3415 4086 Λέγει
3445 4018 3487 4071 δ’
3514 4015 3605 4072 οὖν
3627 4037 3640 4050 ·

2072 4108 2182 4162 Καὶ
2202 4108 2689 4178 ἐνεκαυχήσαντο
2713 4112 2766 4162 οἱ
2787 4109 3108 4178 μισοῦντές
3139 4124 3213 4162 σε
3243 4110 3312 4161 ἐν
3338 4110 3504 4179 μέσῳ
3534 4109 3645 4176 τῆς

2073 4198 2284 4266 ἑορτῆς
2307 4214 2422 4253 σου
2442 4216 2456 4229 ·
2488 4200 2520 4270 ἢ
2556 4199 2695 4252 κατὰ
2725 4199 2816 4252 τὸν
2852 4198 3081 4252 Ἀκύλαν
3101 4239 3116 4263 ,
3200 4199 3644 4267 Ἐὄρυχήσανέτο

2073 4292 2125 4344 οί
2141 4290 2412 4359 πολέμιοί
2432 4306 2547 4345 σου
2563 4291 2632 4342 ἐν
2648 4289 2816 4359 μέσῳ
2834 4289 2944 4359 τῆς
2959 4289 3265 4361 συνταγῆς
3278 4305 3413 4344 σου.
3442 4293 3647 4343 Ἒθεν-

2072 4398 2138 4434 το
2177 4380 2249 4434 τὰ
2271 4381 2486 4450 σημεῖα
2506 4381 2702 4434 αὐτῶν
2725 4381 2962 4450 σημεῖα,
2986 4380 3082 4433 καί
3105 4383 3216 4434 οὐκ
3245 4381 3538 4449 ἔγνωσαν,
3562 4382 3643 4445 ὡς

403 4459 487 4506 est
517 4451 878 4524 Symmachus
907 4457 1096 4514 dicens
1121 4480 1135 4514 :
1170 4461 1471 4516 Posuerunt
1490 4465 1642 4534 signa
1672 4483 1774 4520 sua
1797 4471 1970 4523 mani-

2082 4474 2158 4537 εὶς
2180 4473 2292 4540 τὴν
2315 4472 2529 4536 ἔξοδον
2550 4471 2823 4540 ὑπεράνω
2841 4489 2856 4502 ο
2887 4473 2914 4524 ὃ
2936 4472 3000 4544 δὴ
3019 4472 3347 4544 σαφέστερον
3371 4472 3642 4542 ἡρμήνευ-

399 4544 532 4612 [este
575 4548 785 4616 cognita
843 4550 900 4604 in
949 4553 1171 4606 introitu
1226 4570 1458 4608 sursum.
1505 4555 1613 4611 Pro
1672 4558 1766 4613 illo
1817 4560 1967 4626 item,

401 4637 570 4702 Quasi
604 4638 659 4692 in
699 4639 832 4694 silva
863 4641 1128 4712 lignorum
1149 4645 1418 4700 securibus
1440 4647 1748 4702 exciderunt
1765 4651 1967 4719 januas

395 4727 512 4795 ejus
543 4729 594 4782 in
631 4730 879 4798 idipsum,
907 4734 962 4786 in
990 4736 1161 4788 securi
1199 4745 1247 4789 et
1284 4741 1428 4791 ascia
1475 4737 1786 4808 diruperunt
1815 4759 1966 4808 eam;

397 4836 618 4877 rursum
654 4822 1035 4895 Symmachus,
1078 4827 1454 4884 Instrumentis
1483 4831 1665 4903 ligneis
1694 4841 1744 4886 et
1763 4837 1965 4888 securi-

397 4911 491 4966 bus
527 4915 660 4976 suis,
698 4924 747 4967 et
770 4925 952 4982 portas
994 4917 1109 4985 ejus
1141 4934 1259 4971 cum
1290 4919 1517 4974 vectibus
1546 4931 1597 4975 et
1625 4922 1962 4994 furcisdeje-

394 5013 595 5058 cerunt.
639 5003 806 5076 Signa
853 5013 1034 5064 autem
1084 5009 1453 5076 inimicorum,
1507 5029 1628 5083 quas
1673 5015 1966 5073 manifeste

395 5099 520 5158 ante
549 5093 856 5164 ingressum
887 5108 1204 5167 posuerant,
1237 5117 1484 5171 quaenam
1528 5112 1707 5170 erant,
1739 5107 1846 5162 nisi
1879 5107 1964 5162 in-

394 5189 696 5238 strumenta
730 5185 954 5254 bellica,
1002 5205 1224 5246 secures
1256 5191 1542 5259 videlicet,
1592 5197 1754 5250 ascia:
1801 5206 1965 5266 atque

392 5272 565 5333 hastae
597 5283 651 5329 et
681 5278 874 5331 arma?
905 5279 1213 5337 Verisimile
1238 5283 1399 5337 etiam
1434 5291 1516 5338 est
1550 5285 1639 5340 his
1663 5286 1959 5356 signiﬁcari

391 5365 588 5419 vexilla
619 5382 739 5436 quae
769 5380 893 5424 ante
932 5375 1204 5429 exercitus
1243 5373 1581 5430 ferebantur.
1617 5376 1726 5432 Sed
1767 5379 1955 5442 etiam,

393 5456 486 5517 ait,
525 5455 877 5513 Incenderunt
906 5463 1018 5533 igne
1050 5467 1412 5520 sanctuarium
1450 5477 1617 5532 tuum,
1652 5481 1700 5523 et
1732 5471 1786 5524 in
1809 5478 1958 5530 terra

388 5547 687 5614 polluerunt
725 5557 1123 5610 tabernaculum
1159 5560 1388 5614 nominis
1437 5562 1533 5613 tui.
1586 5561 1688 5616 Ubi
1737 5571 1955 5618 senten-

2074 4579 2165 4614 σεν
2191 4565 2219 4614 ὀ
2250 4561 2544 4633 Σύμμαχος
2573 4561 2742 4617 εἰπών
2760 4582 2774 4596 ο
2815 4565 3072 4630 Ἐθηκαν
3101 4565 3173 4617 τὰ
3205 4563 3421 4632 σημεῖα
3448 4563 3644 4617 αὐτῶν

2069 4653 2375 4722 ἐπισήμως
2393 4653 2648 4723 γνώριμα
2670 4653 2817 4707 κατὰ
2838 4653 2953 4720 τὴν
2972 4653 3214 4707 εἴσοδον
3232 4651 3448 4705 ἐπάνω.
3486 4651 3643 4704 Ἀλλὰ

2069 4744 2162 4796 καὶ
2189 4745 2308 4797 ἀντὶ
2330 4744 2443 4809 τοῦ,
2487 4746 2580 4810 Ὡς
2599 4746 2668 4797 ἐν
2691 4743 2892 4814 δρυμῷ
2923 4745 3124 4809 ξύλων
3145 4744 3380 4808 ἀξίναις
3407 4744 3640 4809 ἔκοψαν

2067 4835 2172 4902 τὰς
2192 4837 2374 4903 θύρας
2389 4835 2578 4904 αὐτῆς
2597 4837 2694 4888 ἐπὶ
2712 4838 2775 4889 τὸ
2798 4837 2966 4898 αὐτὸ,
2985 4837 3053 4888 ἐν
3071 4835 3287 4889 πέλυκι
3309 4835 3404 4887 καὶ
3423 4834 3638 4897 λαξευ-

2065 4926 2244 4994 τηρίῳ
2276 4925 2647 4994 κατέρῤαξιιν
2673 4926 2897 4993 αὐτὴν,
2928 4926 3087 4980 πάλιν
3113 4927 3140 4978 6
3171 4925 3494 4996 Σύμμαχος,
3537 4929 3639 4978 Ἑν

2069 5017 2344 5086 ὰρμένοις
2380 5018 2646 5085 ξυλίνοις
2681 5019 2917 5083 ἀξίναις
2944 5017 3127 5071 τῶνδε
3161 5018 3257 5071 καὶ
3297 5019 3403 5084 τὰς
3439 5019 3637 5083 πύλας

2068 5105 2258 5176 αὐτῆς
2283 5107 2430 5177 ὁμοῦ
2457 5108 2527 5160 ὲν
2541 5107 2791 5178 μοχλοῖς
2809 5109 2902 5161 καί
2922 5107 3223 5176 δικράνοις
3249 5107 3632 5176 κατέρριψαν.

2069 5199 2273 5268 Σημεῖα
2296 5198 2352 5250 δὲ
2369 5198 2478 5251 τῶν
2501 5198 2773 5269 πολεμίων
2795 5199 2916 5251 τίνα
2937 5194 3023 5269 ἦν,
3059 5197 3200 5269 ἅπερ
3224 5199 3506 5268 ἐπισήμως
3533 5199 3636 5269 πρὸ

2065 5289 2173 5342 τῶν
2202 5290 2420 5344 εἰσόδων
2448 5291 2670 5361 ἔθηκαν,
2697 5290 2728 5359 ἢ
2761 5289 2828 5342 τὰ
2855 5289 3122 5359 πολεμικὰ
3151 5289 3376 5359 ὄργανα,
3409 5290 3502 5341 καὶ
3542 5306 3636 5340 πε-

2062 5381 2240 5444 λέκεις
2281 5383 2375 5434 καὶ
2419 5382 2596 5446 ὰξίναι
2642 5382 2736 5435 καὶ
2772 5381 2996 5433 τοιαῦτα
3036 5380 3233 5449 δόρατα
3259 5396 3316 5431 τε
3347 5380 3439 5431 καὶ
3473 5379 3631 5441 ὅπλας

2063 5471 2223 5536 Εἰκὸς
2253 5471 2309 5525 δὲ
2335 5474 2430 5526 καλ⁵
2459 5473 2558 5536 τὰς
2589 5472 2825 5543 σημαίας
2853 5472 2951 5534 τὰς
2995 5471 3098 5541 πρὸ
3124 5471 3232 5522 τῶν
3264 5469 3634 5541 στρατοπέδων

2063 5564 2369 5635 φερομένας
2409 5565 2496 5618 διὰ
2541 5563 2744 5617 τούτων
2774 5562 3083 5634 δηλοῦσθαι.
3150 5561 3309 5614 Ἀλλὰ
3342 5563 3432 5615 καὶ
3481 5563 3628 5614 Ἰιῖνευ

459 5701 502 5732 ³³
543 5697 684 5756 Psal.
724 5721 848 5773 xm,
889 5708 1069 5763 l7—l9.
1150 5713 1193 5742 ²²
1231 5712 1387 5772 Deut.
1430 5731 1614 5785 xxx”,
1648 5716 1701 5780 8,
1728 5718 1778 5772 9.
1859 5719 1900 5750 ³³
1941 5716 2102 5773 licbr.
2140 5733 2248 5785 xu,
2285 5718 2372 5773 22.
