4126 6400
393 326 495 385 857

1516 310 2018 384 COMMENTARIA
2056 324 2121 379 IN
2161 322 2496 381 ussuros.

3523 328 3630 384 858

394 446 676 512 πύρισαν,
716 442 882 512 φησὶ,
913 442 982 495 ἐν
1006 441 1147 510 πυρὶ
1175 442 1239 495 τὸ
1266 442 1650 511 ἀγιαστήριόν
1680 456 1795 496 σου
1815 484 1830 509 ,
1865 442 1966 496 καὶ

2080 442 2198 495 tiam
2243 455 2435 495 eorum
2483 454 2606 510 quae
2654 455 2819 509 supra
2869 440 3017 495 dicta
3079 450 3206 497 sunt
3246 444 3439 513 aperit.
3496 445 3633 511 Quia

395 539 482 601 εις
506 533 621 602 τὴν
653 533 770 604 γῆν
799 533 1179 602 ἐϐεϐήλωσαν
1210 533 1276 587 τὸ
1305 532 1591 603 σκήνωμα
1618 532 1724 587 τοῦ
1752 535 1965 602 ὀνόμα-

397 627 497 693 τός
522 640 659 679 σου.
716 626 801 678 Ἐν
821 618 866 693 ᾧ
891 624 1229 696 διερμηνεύει
1259 626 1354 696 τὴν
1384 625 1622 678 διάνοιαν
1649 625 1742 678 τοῦ
1768 625 1969 679 ἀνωτέ-

399 736 478 788 ρω
505 716 848 787 λελεγμένου.
894 717 1108 781 Ἐπειδὴ
1131 715 1240 787 γὰρ
1264 718 1320 771 ἐν
1348 720 1459 780 τοῖς
1487 717 1793 789 ἔμπροσθεν
1819 719 1967 789 εἴρη-

395 826 455 862 το
478 826 490 839 ·
529 810 697 876 Ὄρος
733 805 885 861 Σιὼν
912 807 1084 861 τοῦτο
1115 807 1146 861 ὃ
1186 808 1657 877 κατεσκήνωσας
1683 810 1752 863 ὲν
1775 803 1963 876 αὐτῷ·

395 902 547 963 ὅπως
592 900 1008 968 κατεσκήνωσεν
1052 900 1110 952 ἐν
1143 898 1292 969 αὐτῷ
1340 900 1590 967 διασαφεῖ
1619 900 1712 953 νῦν
1758 903 1965 976 φήσας·

402 991 471 1044 Τὸ
500 991 790 1059 σκήνωμα
822 989 926 1043 τοῦ
956 989 1244 1057 ὀνόματός
1275 1005 1391 1044 σου
1416 1008 1428 1021 ·
1460 992 1729 1061 Σκήνωμα
1759 993 1868 1064 γὰρ
1902 989 1970 1062 ἦν

396 1081 425 1132 ὁ
449 1080 609 1143 τόπος
630 1081 729 1132 οὐκ
750 1077 912 1132 αὑτοῦ
936 1076 1025 1130 τοῦ
1048 1076 1204 1141 Θεοῦ,
1224 1078 1358 1131 ἀλλὰ
1378 1078 1471 1131 τοῦ
1490 1078 1750 1148 ὀνόματος
1772 1077 1936 1132 αὑτοῦ
1952 1096 1964 1108 ·

399 1170 644 1220 Δυσωπεῖ
674 1168 729 1220 δέ
758 1169 841 1237 ἐφ’
866 1168 1077 1237 ἑκάστῳ
1096 1207 1109 1230 ,
1145 1168 1482 1238 προστιθείς·
1544 1167 1632 1220 Ἐν
1661 1168 1810 1238 μέσῳ
1841 1168 1966 1238 γὰρ,

401 1260 554 1329 φησὶ,
586 1259 685 1328 τῆς
702 1259 893 1329 ἑορτῆς
920 1275 1013 1310 σου
1042 1259 1102 1310 τὸ
1129 1259 1481 1329 ἁγιαστήριόν
1513 1276 1603 1311 σου
1632 1258 1723 1311 καὶ
1750 1259 1811 1310 τὺ
1842 1259 1972 1327 σκή-

399 1368 555 1422 νωμα
586 1350 678 1403 τοῦ
703 1350 960 1421 ὀνόματός
991 1367 1103 1402 σου.
1131 1349 1212 1402 Τὰ
1238 1350 1345 1420 γὰρ
1371 1350 1592 1404 τοιαῦτα
1623 1350 1972 1420 δυσωπητικὰ

398 1438 466 1514 ἦν
498 1444 592 1495 καὶ
638 1441 894 1513 ἐγερτικὰ
930 1442 1023 1493 ἐπί
1058 1441 1334 1512 ἐκδίκησιν
1375 1441 1483 1493 τῶν
1535 1441 1968 1512 τετολμημένων,

399 1535 484 1602 ἐφ’
516 1533 584 1604 ῆν
618 1534 879 1603 παρορμᾷ
917 1533 1044 1603 ἑξῆς
1078 1532 1249 1601 λέγων
1269 1549 1281 1562 ·
1337 1534 1604 1601 Ἐπαρον
1634 1533 1741 1599 τὰς
1771 1532 1969 1601 χεῖράς

398 1641 514 1678 σου
544 1625 642 1678 ἐπὶ
672 1628 778 1691 τὰς
805 1627 1217 1693 ὑπερηφανίας
1244 1625 1441 1679 αὐτῶν
1469 1629 1555 1693 εἰς
1586 1627 1759 1693 τέλος
1779 1645 1791 1657 ·
1830 1629 1971 1682 κατὰ

398 1716 453 1769 δέ
475 1716 570 1769 τὸν
598 1714 921 1787 Σύμμαχον·
959 1717 1025 1771 Τὸ
1052 1717 1288 1785 ὕψωμα,
1317 1718 1469 1788 φησί,
1494 1718 1611 1771 τῶν
1630 1718 1831 1771 ποδῶν
1854 1736 1970 1773 σου

2067 532 2211 587 enim
2246 530 2396 600 prius
2428 530 2542 584 haec
2574 529 2789 585 loculus
2817 539 2957 599 erat,
2998 530 3230 587 Montem
3260 534 3387 589 Sion
3418 535 3553 589 hunc
3580 536 3637 591 in

2067 638 2167 693 quo
2196 622 2485 685 habitasti;
2530 622 2806 691 quomodo
2840 623 2896 675 in
2942 638 3008 677 eo
3051 624 3378 679 habitaverit
3407 626 3518 695 jam
3552 623 3641 681 de-

2068 713 2243 767 clarat
2276 711 2484 776 dicens,
2511 710 2933 766 Tabernacutum
2964 715 3193 767 nominis
3228 715 3323 767 tui.
3357 714 3640 769 Taberna-

2069 805 2252 859 culum
2284 804 2487 873 quippe
2518 805 2673 860 locus
2707 812 2846 869 erat,
2879 820 2989 859 non
3020 807 3197 875 ipsius
3235 806 3352 871 Dei,
3400 806 3495 862 sed
3541 822 3641 859 no—

2070 896 2234 951 minis
2265 896 2405 965 ejus.
2441 897 2501 948 ln
2546 895 2779 965 singulis
2812 905 2994 952 autem
3021 900 3381 968 conqueritur
3408 899 3640 968 adjectis

2071 987 2158 1043 bis
2210 988 2392 1043 verbis
2432 1004 2445 1040 :
2480 986 2539 1040 ln
2592 987 2796 1052 medio,
2856 988 3053 1058 inquit,
3110 990 3478 1045 solemnitatis
3510 997 3643 1045 ‘tuze

2071 1078 2445 1132 sanctuarium
2496 1088 2649 1131 tuum
2695 1085 2748 1133 et
2795 1078 3208 1134 tabernaculum
3251 1081 3491 1136 nominis
3537 1082 3637 1133 tui.

2069 1169 2203 1224 Nam
2238 1170 2322 1223 hae
2356 1169 2711 1239 querimoniae
2753 1179 2882 1225 sunt
2931 1171 2999 1225 ad
3045 1172 3392 1225 excitandam
3429 1170 3640 1224 facino—

2071 1277 2192 1315 rum
2226 1261 2509 1324 ultionem,
2540 1262 2608 1315 ad
2642 1277 2802 1330 quam
2833 1262 2935 1315 sub
2964 1261 3079 1315 haec
3104 1270 3363 1329 provocat
3406 1261 3593 1315 dicens
3622 1276 3635 1309 :

2070 1354 2210 1408 Leva
2257 1370 2448 1407 manus
2479 1362 2598 1407 tuas
2627 1354 2681 1405 in
2715 1352 2990 1421 superbias
3020 1368 3201 1405 eorum
3233 1354 3289 1405 in
3328 1353 3520 1421 ﬁnem;
3557 1366 3639 1405 se—

2072 1444 2309 1499 cundum
2345 1442 2731 1514 Symmachum
2762 1458 2890 1496 vero
2931 1462 2944 1495 :
2992 1441 3291 1505 Exattatio,
3328 1444 3424 1505 ait,
3453 1440 3639 1508 pedum

2075 1546 2281 1589 tuorum
2311 1535 2376 1588 de
2408 1534 2579 1588 medio
2603 1534 2817 1588 sublata
2846 1544 2923 1587 est
2949 1534 3016 1587 ad
3042 1535 3338 1587 victoriam.
3373 1532 3642 1587 Exaltatio

2074 1634 2254 1681 autem
2286 1625 2481 1695 pedum
2506 1627 2647 1695 ejus,
2687 1626 2946 1694 templum
2972 1635 3089 1680 erat
3118 1626 3369 1696 precibus
3397 1624 3642 1679 destinav-

2073 1726 2209 1772 tum.
2252 1717 2481 1771 Gloriati
2513 1725 2642 1772 sunt
2669 1717 2760 1785 qui
2790 1716 3022 1771 oderunt
3060 1716 3227 1771 Deum
3257 1718 3310 1771 in
3344 1715 3523 1770 medio
3554 1730 3644 1769 so-

398 1808 704 1875 ἠφανίσθη
740 1809 827 1873 εἰς
858 1809 1044 1872 νῖκος.
1099 1808 1341 1878 ’Ύψωμα
1368 1808 1423 1861 δὲ
1463 1808 1568 1861 τῶν
1600 1809 1772 1861 ποδῶν
1804 1810 1967 1863 αὑτοῦ

2080 1808 2370 1863 lcmnitatis
2400 1808 2542 1876 ejus,
2586 1814 2641 1862 et
2680 1809 2875 1862 merito
2904 1807 3143 1877 quidem.
3175 1807 3313 1873 Quia
3348 1810 3493 1861 enim
3541 1806 3643 1876 ipsi

397 1903 426 1951 ὁ
448 1898 581 1963 νεὼς
608 1894 675 1969 ἦν
705 1900 733 1950 ὁ
764 1899 1075 1969 εὐκτήριος,
1127 1900 1587 1970 Ἐνεκαυχήσαντο
1613 1902 1660 1952 οἰ
1692 1900 1974 1970 μισοῦντες

400 1991 497 2060 τὴν
518 1989 649 2042 Θεὸν
677 1992 733 2042 ἐν
758 1990 905 2059 μέσῳ
930 1990 1028 2061 τῆς
1061 1990 1253 2060 ἑορτῆς
1277 1990 1438 2043 αὑτοῦ
1470 1992 1711 2054 εἰκότως,
1754 1992 1972 2062 Ἐπειδὴ

399 2081 507 2149 γὰρ
526 2081 679 2134 αὐτοὶ
699 2081 948 2151 πρότεροι
966 2081 1056 2133 τὸν
1085 2082 1246 2134 τόπον
1270 2082 1540 2145 οἰκοῦντες
1562 2082 1752 2146 ἀθέους
1775 2085 1975 2153 ἤραντο

400 2175 587 2244 χεῖρας
620 2172 757 2225 κατὰ
782 2173 874 2225 τοῦ
905 2171 1139 2242 Χριστοῦ
1170 2172 1263 2225 τοῦ
1297 2172 1431 2225 Θεοῦ
1458 2174 1516 2225 ἐν
1550 2173 1700 2243 μέσῳ
1737 2174 1833 2245 τῆς
1856 2176 1975 2246 ἑορ-

400 2266 497 2334 τῆς
519 2262 703 2327 αὑτοῦ,
729 2264 874 2333 βοαῖς
898 2281 954 2317 τε
979 2264 1156 2327 ἀθέοις
1186 2264 1278 2316 καὶ
1297 2264 1544 2332 ἐναγέσιν
1569 2266 1887 2337 ἐχρήσαντο,
1914 2267 1971 2319 ἐν

401 2356 536 2426 αὐτῇ
568 2358 633 2425 τῇ
664 2354 755 2406 τοῦ
792 2354 983 2422 Πάσχα
1016 2353 1196 2424 ἡμέρᾳ
1227 2354 1287 2406 τὸ
1319 2348 1456 2423 αἷμα
1489 2354 1652 2407 αὐτοῦ
1686 2354 1806 2407 καθ’
1840 2356 1969 2407 ἑαυ-

399 2446 509 2499 τῶν
536 2447 627 2499 καὶ
653 2446 792 2499 κατὰ
815 2445 923 2497 τῶν
957 2445 1097 2499 ἰδίων
1129 2446 1333 2498 τέκνων
1361 2446 1800 2517 ἐξαιτησάμενοι·
1834 2447 1974 2500 εἰκό-

401 2556 507 2601 τως
546 2540 603 2592 ἐν
649 2538 797 2608 μέσῳ
845 2538 945 2606 τῆς
981 2537 1173 2608 ἑορτῆς
1208 2537 1394 2608 μετῄει
1424 2538 1620 2599 αὐτοὺς
1663 2540 1696 2608 ἡ
1732 2538 1797 2591 ἐκ
1838 2537 1974 2590 Θεοῦ

401 2633 537 2703 ὀργή
559 2649 572 2660 ·
604 2630 679 2693 ὡς
708 2631 800 2681 καὶ
827 2629 1018 2699 ἑτέραν
1050 2629 1383 2698 προφητείαν
1413 2628 1747 2699 πληροῦσθαι
1773 2631 1851 2693 εἰς
1880 2630 1975 2682 αύ-

2077 1902 2237 1971 primi
2264 1902 2442 1955 locum
2470 1901 2792 1963 incolentes,
2830 1900 2884 1952 in
2915 1900 3092 1953 medio
3124 1898 3488 1953 solemnitatis
3525 1897 3645 1967 ejus

2075 1993 2273 2063 impias
2306 2003 2502 2048 contra
2543 1992 2822 2046 Christum
2857 1990 2950 2043 Dei
2998 1992 3241 2044 extulere
3270 2005 3486 2051 manus,
3529 1989 3646 2042 cla-

2077 2087 2431 2155 moribusque
2470 2084 2652 2153 impiis
2682 2090 2735 2137 et
2770 2082 2994 2137 nefariis
3026 2083 3136 2146 usi,
3168 2084 3220 2135 in
3268 2082 3386 2150 ipso
3425 2079 3647 2135 Pascha:

2076 2176 2163 2232 die
2205 2177 2527 2247 sanguinem
2559 2175 2680 2244 ejus
2715 2190 2880 2244 super
2919 2189 2978 2228 se
3025 2182 3079 2227 et
3129 2190 3294 2243 super
3333 2174 3472 2227 tilios
3516 2188 3646 2228 suos

2076 2268 2420 2336 expetierunt
2442 2267 2519 2332 “;
2555 2267 2679 2334 jure
2730 2265 2783 2318 in
2817 2264 2996 2319 medio
3036 2262 3397 2317 solemnitatis
3429 2262 3648 2318 invade-

2074 2360 2166 2413 bat
2205 2374 2301 2413 eos
2347 2358 2428 2411 ira
2475 2355 2610 2423 Dei;
2647 2357 2718 2409 ita
2766 2362 2828 2409 ut
2874 2354 2977 2407 alia
3032 2353 3314 2424 prophetia
3359 2353 3649 2422 impleatur

2074 2467 2181 2521 qua
2212 2451 2278 2505 de
2310 2451 2417 2505 illis
2447 2450 2649 2504 dicitur
2683 2468 2694 2502 :
2726 2445 2793 2499 Ει
2828 2456 3127 2500 convertam
3168 2446 3528 2500 solemnitates
3563 2457 3647 2498 ve-

2074 2551 2214 2596 stras
2269 2543 2327 2595 in
2362 2542 2580 2607 luctum,
2646 2547 2694 2593 et
2746 2537 3075 2594 celebritates
3130 2546 3328 2591 vestras
3384 2537 3440 2590 in
3495 2534 3649 2604 plan-

2074 2644 2216 2686 ctum
2232 2634 2300 2685 ".

400 2725 527 2786 τοὺς
550 2763 565 2785 ,
598 2721 663 2773 δι’
704 2716 771 2793 ἧς
802 2720 1013 2793 εἴρητο·
1052 2721 1160 2775 Καὶ
1202 2720 1593 2789 μεταστρέψω
1624 2722 1730 2787 τὰς
1763 2720 1969 2788 ἑορτὰς
2004 2724 2169 2793 ὑμῶν
2211 2726 2298 2790 εἰς
2343 2722 2561 2789 πένθος
2584 2763 2599 2787 ,
2647 2722 2745 2776 καί
2810 2722 2917 2787 τὰς
2945 2721 3304 2789 πανηγύρεις
3342 2717 3506 2789 ὑμῶν
3564 2716 3651 2782 εἰς

403 2812 642 2881 θρῆνον.

474 2922 668 2980 Εἶπαν
694 2928 762 2979 ἐν
789 2926 861 2995 τῇ
884 2927 1093 2995 καρδίᾳ
1124 2927 1320 2982 αὐτῶν
1337 2932 1396 2983 αἱ
1426 2928 1765 2998 συγγένειαι
1785 2930 1982 2982 αὑτων

402 3018 499 3070 ἐπὶ
523 3018 586 3070 τὸ
614 3019 761 3071 αὑτό
782 3038 792 3049 ·
816 3019 1301 3087 Καταπαύσωμεν
1329 3018 1436 3083 τὰς
1465 3019 1673 3086 ἑορτὰς
1702 3019 1806 3072 τοῦ
1834 3018 1981 3073 Θεοῦ

2162 2927 2325 2981 Vnus.
2351 2925 2403 2986 8,
2423 2927 2475 2981 9.
2498 2924 2823 2977 Dixerunt":
2838 2922 2994 2976 corde
3012 2937 3106 2974 suo
3125 2923 3458 2990 cognationes
3472 2939 3650 2977 eorum

2089 3018 2268 3080 simul,
2286 3017 2562 3083 Quiescere
2575 3017 2837 3086 faciamus
2862 3013 2973 3067 dies
2998 3012 3157 3081 festos
3182 3013 3279 3066 Dei
3296 3030 3327 3065 a
3343 3022 3503 3067 terra.
3526 3014 3653 3069 Haec

403 3108 522 3161 ἀπὸ
553 3107 662 3176 τῆς
686 3108 815 3178 γῆς.
878 3108 957 3160 Τὰ
985 3108 1345 3179 προλεχθέντα
1372 3109 1547 3161 πάντα
1576 3109 1824 3161 δυσσεϐεῖ
1853 3126 1977 3162 σκο-

2080 3119 2279 3180 omnia,
2307 3114 2684 3185 inquit,impio
2703 3113 2936 3167 consilio
2954 3110 3159 3165 inimici
3181 3108 3257 3162 tui
3276 3109 3606 3177 peragebant
3636 3128 3648 3162 :

405 3199 511 3273 πῴ,
534 3201 685 3269 φησὶ,
714 3200 1069 3271 διεπράξαντο
1085 3202 1133 3251 οἱ
1163 3200 1345 3270 ἐχθροί
1371 3217 1462 3252 σου
1483 3217 1495 3229 ·
1519 3202 1579 3253 τό
1604 3218 1663 3253 τε
1691 3200 1798 3272 γὰρ
1824 3203 1976 3269 ἁγια-

406 3291 627 3363 στήριόν
664 3308 756 3343 σου
788 3291 1133 3362 ἐνεπύρισαν,
1166 3291 1260 3344 κα)⁸
1291 3291 1351 3343 τὸ
1382 3293 1644 3361 σκήνωμα
1667 3291 1759 3345 τοῦ
1783 3292 1981 3361 ὀνόμα-

402 3383 494 3445 τός
522 3401 614 3435 σου
646 3383 1009 3454 ἐϐεϐήλωσαν,
1045 3385 1138 3436 καὶ
1164 3383 1233 3436 τὰ
1262 3383 1421 3436 λοιπὰ
1447 3385 1620 3437 πάντα
1648 3384 1980 3454 τετολμήκα-

406 3492 490 3527 σιν
507 3492 519 3504 ·
539 3475 639 3527 οὐκ
660 3475 963 3545 ἀνθρώποις
982 3474 1440 3538 ἐπιϐουλεύοντες,
1457 3476 1575 3527 ούδέ
1594 3476 1755 3528 τόπον
1774 3476 1981 3546 πολιορ-

405 3569 521 3619 κεῖν
551 3566 901 3637 προθέμενοι·
930 3568 1010 3618 σοὶ
1031 3566 1086 3618 δὲ
1106 3565 1185 3636 τῷ
1212 3565 1328 3636 Θεῷ
1356 3564 1738 3635 πολεμοῦντες,
1764 3566 1857 3620 καὶ
1880 3565 1980 3629 τὰς

405 3655 597 3725 ἑορτάς
624 3672 716 3707 σου
740 3656 1035 3709 καταλῦσαι
1059 3654 1443 3725 διανοούμενοι.
1468 3656 1651 3710 Ταῦτα
1674 3657 1758 3720 δὲ,
1785 3658 1833 3709 εἰ
1884 3656 1981 3709 καὶ

407 3749 483 3819 μὴ
520 3748 749 3817 στόματι
783 3748 1003 3801 ἐλάλουν
1024 3789 1038 3811 ,
1082 3748 1220 3801 ἀλλὰ
1246 3751 1368 3811 ταῖς
1399 3748 1646 3821 καρδίαις
1679 3749 1858 3803 αὐτῶν
1889 3751 1981 3803 καὶ

404 3842 522 3901 ταῖς
544 3838 869 3908 ἑνθυμήσεσι
898 3838 1215 3907 ἐλογίζοντο.
1254 3840 1412 3893 Ἀλλὰ
1438 3840 1559 3893 τότε
1596 3841 1691 3911 μὲν
1724 3842 1773 3893 oi
1800 3839 1985 3911 ἐχθροὶ

406 3929 498 3981 τοῦ
531 3929 663 3982 Θεοῦ
696 3929 865 3982 ταῦτα.
896 3928 1229 3999 λογιζόμενοι
1265 3929 1355 3982 τὸν
1391 3930 1557 3984 πάλαι
1588 3928 1666 3999 τῷ
1686 3929 1803 4000 Θεῷ
1836 3931 1985 3998 ἀφω-

413 4020 661 4091 ρισμένον
726 4020 880 4073 τόπον
925 4020 1227 4092 καθῄρουν·
1262 4023 1289 4074 ὁ
1323 4022 1378 4074 δὲ
1427 4022 1595 4092 μέγας
1638 4022 1730 4073 καὶ
1766 4021 1985 4084 δυνατὸς

407 4110 538 4173 Θεὸς
562 4110 671 4163 ἀνθ’
698 4111 815 4173 ἑνὸς
849 4110 1058 4163 ἐκείνου
1089 4110 1188 4174 τὰς
1228 4112 1321 4165 ἀπ’
1347 4112 1619 4165 ἀνατολῶν
1643 4111 1792 4181 ἡλίου
1825 4111 1984 4183 μέχρι

406 4201 624 4270 δυσμῶν
654 4201 773 4255 καθ’
806 4202 932 4273 ὅλης
959 4202 1058 4272 τῆς
1090 4205 1415 4274 οἰκουμένης
1447 4203 1737 4274 ἐκκλησίας
1766 4206 1822 4256 ἐν
1854 4206 1986 4257 πᾶσι

410 4292 630 4362 συνίστη
654 4297 762 4357 τοῖς
790 4293 987 4347 ἔθνεσι.
1021 4295 1130 4347 Καὶ
1155 4298 1204 4348 οί
1234 4296 1331 4366 μὲν
1364 4296 1549 4367 ἐχθροί
1572 4313 1687 4361 σου,
1716 4298 1867 4366 φησί,
1892 4297 1987 4350 καὶ

408 4383 655 4453 πολέμιοι
700 4385 767 4437 τὰ
821 4385 1029 4439 ἑαυτῶν
1077 4390 1275 4456 σημεῖα
1312 4387 1511 4458 ἔθηκαν
1547 4388 1605 4440 ἐν
1653 4389 1841 4460 ὑψηλῷ
1894 4390 1988 4442 καὶ

408 4475 698 4544 ἐπισήμοις
723 4474 929 4539 τόποις,
956 4477 1082 4545 παρ’
1107 4476 1276 4538 αὑτὰς
1304 4476 1404 4539 τὰς
1429 4476 1666 4541 εἰσόδους
1687 4477 1781 4530 τοῦ
1808 4478 1951 4549 ἱεροῦ
1969 4496 1981 4509 ·
2020 4460 2061 4513 D

407 4564 483 4627 ὡς
512 4562 577 4617 ἂν
617 4566 811 4630 πάντες
839 4568 887 4618 οἱ
916 4567 1135 4630 διιόντες
1173 4566 1343 4639 ὁρῷεν
1380 4566 1559 4620 αὐτῶν
1582 4568 1651 4621 τὰ
1676 4569 1985 4639 νικητήρια·

408 4657 569 4728 ⁴ἡμεῖς
600 4657 677 4719 δὲ,
712 4650 786 4709 ὧν
836 4660 898 4710 ἐκ
930 4656 1222 4729 προσώπου
1264 4658 1536 4729 ἰκετήριος
1584 4657 1716 4728 εὐχὴ
1749 4658 1993 4728 ἀναπέμ-

411 4766 593 4813 πεται,
624 4750 698 4803 Τὰ
736 4750 957 4817 σημεῖα
998 4749 1167 4818 ἡμῶν
1201 4752 1311 4803 οὐκ
1342 4750 1599 4817 εἴδομεν.
1642 4749 1765 4811 Πῶς
1798 4749 1855 4802 δὲ
1891 4750 1991 4802 οὐκ

410 4837 621 4907 εἴδομεν
653 4837 807 4907 ἡμῶν
854 4838 920 4891 τὰ
964 4842 1195 4908 σημεῖα,
1232 4839 1344 4891 ἀλλ’
1368 4840 1508 4892 ἐπεὶ
1553 4841 1663 4893 οὐκ
1698 4838 1869 4891 ἔστιν
1905 4839 1992 4892 ἐτι

411 4928 740 4997 προφήτης,
772 4929 869 4982 καί
912 4930 1070 4997 ’ἡμᾶς
1111 4932 1183 4983 οὐ
1215 4933 1504 4999 γνώσεται
1531 4928 1860 4993 ἕτι;-Πάλαι
1893 4930 1992 4999 μὲν

411 5019 521 5090 γὰρ
553 5019 672 5072 καθ’
710 5020 937 5073 ἕκαστον
974 5022 1160 5092 καιρὸν
1206 5022 1299 5074 καὶ
1335 5022 1478 5075 κατὰ
1509 5020 1698 5090 γενεὰς
1728 5022 1822 5073 καί¹
1852 5020 1992 5074 κατὰ

408 5108 657 5180 διαδοχὰς
696 5109 802 5162 τῶν
843 5110 1125 5183 ἡμετέρων
1157 5112 1425 5184 πατέρων,
1456 5112 1728 5183 προφῆται
1758 5112 1993 5181 συνῆσαν

411 5202 592 5265 αὐτοῖς
606 5202 1079 5293 πολιορκουμένοις
1106 5204 1197 5255 καὶ
1213 5206 1291 5267 εἰς
1316 5205 1691 5275 αἰχμαλωσίαν
1714 5205 1994 5272 ἀπαγομέ-

411 5309 553 5355 νοις·
590 5294 725 5364 ὃπερ
752 5289 818 5363 ἦν
862 5289 1116 5364 μέγιστον
1162 5294 1360 5365 δεῖγμα
1398 5297 1490 5349 καὶ
1533 5298 1756 5365 σημεῖον
1793 5294 1885 5347 τοῦ
1917 5295 1992 5365 μὴ

414 5383 810 5449 ἀνεπισκόπους
863 5387 1059 5451 αὐτοὺς
1100 5388 1392 5457 ὑπάρχειν·
1435 5388 1627 5459 ήγοῦν
1662 5387 1992 5458 προνοητικὴ

426 5472 521 5527 τῶν
557 5474 692 5527 ὅλων
728 5476 974 5546 δύναμις,
1020 5478 1208 5551 ὥσπερ
1245 5480 1459 5549 ἰατροὺς
1498 5482 1555 5533 ἐν
1590 5482 1706 5541 ταῖς
1738 5479 1993 5547 ἐσχάταις

413 5572 716 5639 συμφοραῖς
769 5570 894 5633 τοὺς
947 5572 1230 5643 προφήτας
1283 5570 1361 5641 τῷ
1399 5572 1519 5624 τότε
1568 5570 1682 5641 λαῴ
1727 5570 1987 5641 καθίστη·

485 5726 530 5761 ⁸⁸
569 5725 759 5787 Matth,
794 5744 936 5784 xxvii
962 5769 975 5793 ,
1008 5726 1097 5784 25.
1176 5729 1221 5760 ’⁵
1260 5727 1425 5781 Amos
1468 5742 1593 5790 vm,
1628 5725 1696 5779 10

2076 3223 2201 3262 nam
2223 3208 2618 3271 sanctuarium,
2652 3205 2851 3275 inquit,
2887 3212 3043 3257 tuum
3076 3200 3456 3263 incenderunt,
3482 3201 3542 3253 'et
3573 3206 3653 3253 ta-

2078 3300 2437 3355 bernaculum
2516 3292 2754 3353 nominis
2806 3296 2887 3351 tui
2968 3295 3369 3365 profanarum,
3430 3301 3653 3344 caetera-

2078 3408 2185 3462 que
2238 3393 2421 3446 omnia
2488 3390 2607 3445 ausi
2662 3397 2835 3452 sunt,
2894 3402 3004 3441 non
3068 3384 3380 3439 hominibus
3424 3382 3654 3436 insidias

2079 3491 2393 3545 struentes,
2451 3497 2562 3536 non
2633 3481 2813 3534 locum
2870 3478 3049 3546 ipsum
3114 3475 3365 3529 obsidere
3442 3481 3651 3527 tantum

2080 3575 2136 3629 in
2195 3574 2376 3627 animo
2436 3573 2740 3634 habentes;
2794 3569 2887 3623 sed
2957 3568 3054 3621 tibi
3114 3566 3224 3621 Deo
3273 3565 3472 3621 bellum
3536 3578 3655 3617 mo-

2078 3674 2290 3731 ventes,
2330 3673 2385 3721 et
2417 3664 2557 3721 festa
2596 3670 2690 3718 tua
2722 3662 2934 3718 solvere
2965 3659 3292 3729 cogitantes.
3326 3656 3452 3711 Haec
3487 3669 3654 3726 porro

2080 3757 2297 3812 etiamsi
2356 3770 2467 3809 non
2521 3770 2616 3809 ore
2669 3752 3019 3823 proferrent,
3069 3747 3163 3803 sed
3229 3745 3395 3801 corde
3441 3750 3651 3798 mente—

2082 3859 2190 3915 que
2212 3840 2751 3913 cogitabantﬂerum
2785 3840 2861 3893 illi
2898 3839 2991 3893 Dei
3022 3838 3209 3892 hostes
3242 3836 3375 3890 talia
3408 3835 3655 3904 cogitan—

2083 3943 2166 3990 tes
2201 3936 2379 3989 locum
2415 3934 2546 3990 olim
2588 3932 2698 3987 Deo
2728 3931 2969 3985 dicatum
3012 3928 3227 3983 excidio
3257 3926 3601 3979 tradiderunt
3636 3943 3653 3980 :

2084 4041 2316 4096 magnus
2362 4032 2544 4079 autem
2592 4024 2682 4078 ille
2730 4032 3032 4092 potensque
3074 4018 3236 4082 Deus,
3279 4032 3377 4087 pro
3414 4031 3524 4069 uno
3565 4016 3659 4069 illo

2084 4115 2227 4180 loco,
2250 4115 2319 4169 ab
2346 4114 2556 4168 oriente
2578 4113 2693 4167 sole
2728 4127 2901 4181 usque
2934 4109 3001 4163 ad
3033 4123 3291 4163 occasum
3316 4121 3410 4176 per
3439 4104 3661 4158 univer-

2090 4222 2210 4261 sum
2247 4206 2434 4260 orbem
2464 4204 2726 4259 ecclesias
2754 4203 2859 4257 sibi
2894 4217 2990 4271 per
3020 4217 3211 4255 omnes
3242 4206 3431 4268 gentes
3452 4196 3659 4251 consti-

2088 4297 2211 4351 tuit.
2259 4296 2326 4350 Et
2376 4311 2504 4351 vero
2544 4295 2774 4360 inimici,
2809 4294 3004 4362 inquit,
3038 4300 3093 4347 et
3137 4292 3322 4345 hostes
3375 4288 3452 4342 tui
3505 4288 3657 4357 signa

2090 4403 2188 4443 sua
2228 4388 2281 4440 in
2332 4386 2442 4440 alto
2477 4392 2531 4439 et
2574 4386 2629 4438 in
2674 4383 2987 4453 conspicuis
3042 4383 3178 4435 locis
3218 4385 3541 4449 posuerunt,
3592 4376 3660 4429 ad

2091 4479 2239 4546 ipsas
2270 4492 2443 4546 usque
2483 4475 2670 4545 templi
2704 4475 2924 4539 valvas,
2966 4481 3027 4527 ut
3057 4487 3248 4527 omnes
3294 4470 3387 4538 qui
3433 4475 3660 4538 prater-

2092 4569 2266 4633 ibant,
2299 4568 2545 4623 victorias
2578 4567 2794 4620 illorum
2838 4565 3082 4636 symbola
3115 4563 3525 4630 conspicerent;
3558 4574 3661 4612 nos

2092 4669 2294 4724 autem,
2324 4676 2391 4715 ex
2431 4675 2665 4730 quorum
2692 4673 2922 4729 persona
2956 4657 3133 4711 oratio
3168 4654 3435 4715 funditur,
3491 4649 3661 4719 Signa

2092 4762 2276 4807 nostra
2298 4769 2401 4806 non
2432 4751 2677 4805 vidimus.
2704 4748 2988 4815 Quomodo
3022 4747 3175 4815 signa
3214 4750 3404 4797 nostra
3438 4756 3547 4795 non
3579 4740 3660 4794 vi-

2092 4846 2294 4907 dimus,
2330 4843 2439 4899 nisi
2471 4842 2599 4912 quia
2636 4842 2754 4909 jam
2797 4856 2898 4893 non
2924 4848 2999 4892 est
3031 4836 3301 4906 propheta,
3331 4842 3379 4886 et
3426 4849 3518 4885 nos
3554 4848 3662 4884 non

2092 4942 2363 5005 cognoscet
2403 4932 2674 5000 amplius?
2709 4928 2848 4984 Olim
2878 4928 3096 4997 quidem
3133 4924 3361 4993 singulis
3403 4920 3659 4989 tempori-

2092 5029 2216 5090 bus,
2247 5028 2303 5079 in
2351 5022 2795 5095 generationibus
2848 5028 2902 5075 et
2954 5016 3399 5075 successionibus
3444 5020 3662 5083 patrum

2093 5125 2431 5180 nostrorum,
2465 5114 2742 5185 prophetas
2766 5113 2901 5183 ipsis
2934 5110 3180 5165 obsessis
3202 5117 3257 5163 et
3286 5108 3341 5161 in
3371 5105 3661 5174 captivita-

2094 5215 2203 5262 tem
2234 5206 2374 5261 actis
2401 5207 2629 5260 aderant
2667 5224 2679 5258 :
2707 5204 2852 5274 quod
2888 5203 3184 5256 maximum
3224 5206 3342 5253 erat
3372 5213 3665 5268 argumen-

2094 5305 2209 5352 tum
2251 5306 2306 5353 et
2354 5299 2593 5368 signum,
2626 5311 2722 5351 eos
2767 5310 2874 5348 non
2913 5292 3249 5362 providentia
3280 5292 3534 5344 exclusos
3565 5294 3697 5369 tua?

2094 5390 2298 5458 fuisse;
2325 5391 2498 5445 virtus
2526 5390 2670 5444 enim
2710 5388 2801 5441 illa
2829 5385 3097 5440 universis
3132 5384 3443 5453 providens,
3480 5381 3535 5433 in
3564 5394 3662 5435 cx-

2096 5483 2283 5538 tremis
2315 5481 2718 5538 calamitatibus
2769 5478 3064 5548 prophetas
3114 5492 3212 5530 ceu
3262 5475 3501 5528 medicos
3552 5471 3657 5540 ipsi

2095 5576 2222 5631 olim
2256 5576 2453 5647 populo
2482 5572 2848 5629 constituebat
2880 5588 2891 5625 :
2923 5578 2976 5624 et
3020 5569 3143 5622 hinc
3173 5574 3328 5622 erant
3356 5564 3445 5620 Dei
3482 5563 3655 5634 signa.
