4078 6432
426 330 537 387 859

1108 328 1372 385 EUSEBII
1411 328 1886 386 CAESARIENSIS
1926 328 2077 386 OPP.
2122 328 2302 385 PARS
2340 329 2424 385 Ill.
2457 360 2527 370 —
2568 324 2977 384 EXEGETICA.

3580 326 3688 385 800

435 447 592 503 Nunc
633 452 811 501 autem
856 460 980 501 cum
1010 446 1269 515 praedicta
1307 444 1363 500 in
1392 460 1494 501 nos
1523 460 1687 516 opere
1708 445 2006 515 perﬁciun-

2117 446 2400 500 καὶταῦτα
2438 442 2506 518 ἦ)
2536 444 2631 499 τοῦ
2666 444 2799 498 Θεοῦ
2832 443 2899 497 τὰ
2935 443 3152 514 σημεῖα.
3188 440 3301 497 Νὖν
3341 442 3395 497 δὲ
3428 443 3508 506 εἰς
3538 444 3686 515 ἡμᾶς

434 548 548 605 tar,
607 538 773 610 Signa
797 548 981 593 nostra
1007 554 1111 591 non
1140 537 1365 593 vidimus
1393 555 1412 593 :
1441 553 1613 609 quare
1649 539 1768 607 jam
1800 554 1903 592 non
1931 549 2007 592 est

430 631 705 711 propheta,
747 637 798 684 et
830 645 926 683 nos
963 644 1067 683 non
1095 637 1369 699 cognoscet
1397 629 1644 697 amplius.
1670 627 1806 683 Nam
1846 628 1892 683 si
1940 628 2007 682 ad

430 727 596 783 latere
617 725 792 780 solum
814 730 1031 793 tempus
1053 722 1332 794 prophetae
1357 720 1723 783 defecissent,
1751 727 1804 775 et
1821 729 2007 790 postea

427 828 612 872 tamen
661 814 1069 887 apparuissent,
1100 827 1444 883 nequaquam
1493 811 1700 865 dictum
1750 818 1918 875 esset,
1958 818 2006 865 et

429 925 523 963 nos
582 925 686 963 non
734 916 1008 978 cognoscet
1070 906 1317 975 amplius.
1384 904 1503 960 Jam
1544 920 1675 959 vero
1719 903 1845 973 quia
1885 914 2008 972 post

426 1000 676 1071 ipsorum
719 998 772 1052 in
811 995 1160 1051 Servatorem
1206 1010 1394 1061 ausus,
1432 994 1868 1063 irrumpentibus
1900 992 2007 1045 ﬂo-

427 1091 629 1156 manis,
662 1091 953 1161 locumque
995 1106 1027 1144 a
1072 1088 1430 1144 fundamento
1460 1085 1827 1149 diruentihus,
1866 1099 2002 1139 nus-

428 1197 595 1253 quam
638 1182 917 1253 prophetae
959 1181 1202 1237 obsessis
1243 1181 1494 1242 aderant,
1566 1177 1663 1233 sed
1711 1191 1888 1246 neque
1923 1192 2008 1231 se-

426 1277 617 1348 quenti
646 1284 892 1346 tempore
922 1276 1238 1339 adfuerunt,
1266 1289 1366 1328 nec
1389 1287 1629 1342 unquam
1662 1279 1851 1342 postea
1880 1286 2005 1326 sur-

427 1369 634 1425 recturi
665 1379 826 1436 sunt;
856 1369 1166 1423 admirabili
1196 1367 1358 1420 modo
1393 1365 1681 1434 prophetia
1717 1370 2006 1433 postquam

426 1461 663 1528 (Ixerat,
692 1460 820 1515 Jam
858 1478 961 1514 non
992 1469 1070 1514 est
1114 1460 1385 1529 propheta,
1412 1458 1641 1521 addidit,
1676 1466 1726 1509 et
1771 1473 1865 1509 nos
1906 1473 2008 1509 non

429 1561 704 1623 cognoscet
739 1552 988 1622 amplius.
1036 1551 1196 1617 Quod
1252 1564 1383 1605 sane
1425 1564 1535 1603 non
1586 1548 2006 1619 Babyloniorum

428 1652 706 1713 tempore,
740 1656 916 1713 neque
961 1639 1234 1711 superiori
1286 1654 1402 1693 εξνο
1448 1638 1557 1692 dici
1608 1645 1839 1707 poterat.
1873 1635 2007 1688 Nam

427 1735 663 1806 singulis
688 1737 744 1790 in
777 1733 1225 1806 generationibus
1259 1747 1428 1802 penes
1455 1732 1579 1786 illos
1614 1730 2006 1801 prophetarum

2110 540 2367 609 γινόμενα
2389 540 2478 592 ὅτε
2500 539 2566 592 τὰ
2589 536 2952 609 προλεχθέντα
2979 536 3045 588 δι’
3068 535 3242 607 ἔργων
3258 537 3442 607 χωρεῖ,
3473 535 3549 589 Τὰ
3570 550 3683 605 ση-

2104 633 2244 703 μεῖα
2272 632 2440 703 ἡμῶν
2466 634 2575 686 οὐκ
2616 630 2884 699 εἴδομεν·
2912 629 2977 682 δι’
3014 629 3042 681 ὃ
3070 631 3181 683 οὐκ
3221 628 3393 682 ἔστιν
3422 627 3511 681 ἔτι
3540 644 3672 698 προ-

2109 724 2324 795 φήτης,
2356 724 2454 778 καὶ
2484 722 2642 793 ἡμᾶς
2667 724 2738 775 οὐ
2759 721 3047 792 γνώσεται
3071 720 3177 773 ἔτι.
3203 721 3265 773 Εἰ
3293 720 3392 791 μὲν
3414 719 3523 793 γὰρ
3549 719 3686 792 πρὸς

2109 819 2295 890 καιρὸν
2326 818 2527 890 βραχὺν
2555 816 2789 869 διέλιπον
2810 817 2859 868 οἱ
2890 815 3185 885 προφῆται,
3209 810 3326 867 εἷτα
3355 814 3491 885 μετὰ
3512 812 3686 868 ταῦτα

2109 912 2270 965 πάλιν
2314 910 2691 978 ἀνεφάνησαν,
2736 908 2837 960 οὐκ
2882 907 2946 960 ἂν
2990 906 3227 973 ἐλέγετο,
3277 906 3373 959 καὶ
3420 904 3577 975 ἡμᾶς
3614 908 3687 959 οὐ

2109 1003 2395 1071 γνώσεται
2426 1001 2540 1053 ἔτι·
2581 1000 2673 1053 νῦν
2702 1000 2758 1052 δὲ
2790 1000 2977 1069 ἐπειδὴ
3019 998 3156 1070 μετὰ
3185 998 3251 1051 τὰ
3281 998 3422 1051 κατὰ
3455 997 3547 1050 τοῦ
3577 998 3689 1050 Σω-

2108 1096 2274 1167 τῆρος
2303 1094 2640 1164 τολμηθέντα
2670 1094 2871 1157 αὐτοῖς,
2918 1092 3199 1162 Ῥωμαίων
3232 1091 3565 1145 ἐπιστάντων
3594 1090 3690 1143 καὶ

2108 1188 2197 1240 τὸν
2224 1187 2387 1240 τόπον
2416 1188 2479 1239 ὲκ
2507 1186 2722 1257 βάθρων
2757 1185 3176 1257 ὲρημωσάντων,
3204 1183 3440 1254 οὐδαμοῦ
3475 1183 3686 1254 προφῆ-

2108 1297 2196 1333 ται
2229 1279 2483 1351 παρῆσαν
2514 1281 2625 1340 τοῖς
2663 1277 3135 1346 πολιορκουμένοις
3156 1293 3169 1306 ·
3208 1275 3320 1328 ἀλλ’
3349 1275 3469 1327 οὐδὲ
3498 1276 3555 1327 έν
3578 1277 3687 1337 τοῖς

2113 1372 2249 1442 μετὰ
2274 1370 2447 1425 ταῦτα
2473 1372 2683 1442 χρόνοις
2708 1370 3021 1438 γεγόνασιν,
3065 1369 3169 1421 οὐδ’
3191 1367 3422 1439 ἤμελλον
3450 1365 3691 1428 εἰσαῦθίς

2112 1480 2239 1514 ποτε
2286 1460 2712 1532 ἀναστήσεσθαιδ
2771 1459 3097 1529 θαυμαστῶς
3151 1461 3184 1529 ἡ
3238 1459 3538 1529 πρόρῤησις
3595 1458 3692 1527 φή·

2113 1572 2268 1616 σασα,
2301 1555 2422 1607 Οὐκ
2452 1555 2623 1608 ἔστιν
2644 1554 2730 1606 ἔτι
2758 1552 3085 1621 προφήτης,
3110 1552 3378 1622 ἐπήγαγε,
3411 1551 3509 1604 καὶ
3532 1550 3693 1619 ἡμᾶς

2110 1647 2180 1699 οὐ
2229 1643 2517 1713 γνώσεται
2545 1645 2653 1700 ἔτι.
2697 1644 2818 1696 Ὅτι
2871 1642 2985 1695 οὒτ’
3031 1642 3129 1695 ἐπὶ
3180 1641 3287 1694 τῶν
3338 1640 3693 1694 Βαϐυλωνίων

2110 1740 2315 1808 χρόνων
2347 1739 2585 1809 ἥρμοττε
2615 1735 2889 1805 λέγεσθαι,
2918 1734 3030 1788 οὔτ’
3056 1736 3148 1787 ἐπὶ
3172 1733 3278 1786 τῶν
3304 1733 3691 1803 παλαιοτέρων.

430 1805 711 1883 successio
742 1805 949 1895 ﬂoruit,
976 1832 1031 1880 et
1052 1838 1228 1895 usque
1268 1823 1337 1879 ad
1365 1821 1632 1878 Joannem
1685 1820 2005 1892 prophetam

2117 1805 2541 1900 Ἤκμαζε-’γοῦν
2595 1828 2714 1881 καθ’
2763 1828 2999 1896 ἑκάστην
3046 1826 3238 1895 γενεὰν
3279 1826 3407 1894 παρ’
3441 1825 3622 1886 αὐτοῖς
3665 1825 3694 1895 ή

429 1920 753 1991 permansit.

498 2114 668 2170 Vens.
709 2116 795 2177 10,
824 2112 911 2169 Η.
948 2114 1246 2184 Usquequo,
1279 2110 1441 2174 Deus,
1473 2110 1792 2179 improperat
1825 2106 2006 2161 inimi-

430 2210 750 2275 cus,irritst
781 2206 1123 2261 adversarius
1171 2221 1361 2259 nomen
1397 2212 1545 2256 tuum
1596 2202 1652 2254 in
1706 2200 1905 2270 ﬁnem?
1948 2197 2004 2253 In

429 2300 688 2374 praesenti
727 2298 1015 2370 prophetia
1062 2295 1221 2362 illud,
1257 2297 1313 2350 in
1343 2296 1521 2366 ﬁnem,
1563 2294 1885 2363 plerumque
1922 2291 2008 2344 di-

428 2402 578 2449 ctum
601 2392 723 2447 fuit.
754 2393 812 2447 In
844 2390 1115 2462 principio
1143 2403 1383 2458 namque
1428 2386 1748 2440 dicebatur:
1788 2382 2004 2453 thuid,

432 2486 596 2551 Deus,
620 2485 862 2556 reputisti
900 2485 956 2539 in
985 2485 1189 2553 ﬁnem?
1220 2480 1425 2535 Deinde
1449 2494 1579 2535 vero
1607 2497 1619 2532 :
1652 2476 1787 2532 Leva
1818 2493 2005 2530 manus

433 2589 553 2634 tuas
586 2579 642 2633 in
670 2577 943 2647 superbius
972 2577 1028 2630 in
1057 2577 1250 2645 ﬁnem;
1284 2573 1447 2627 tertio
1485 2591 1497 2625 :
1536 2569 1727 2624 Irritat
1758 2568 2007 2622 adversa-

432 2673 546 2726 rius
599 2687 786 2725 nomen
837 2678 983 2723 tuum
1028 2669 1083 2721 in
1132 2668 1324 2736 ﬁnem;
1381 2678 1711 2733 rursumque
1758 2660 2005 2731 :thuid

432 2762 626 2816 avertis
654 2777 868 2815 manum
904 2769 1047 2812 tuam
1075 2767 1124 2813 et
1153 2758 1423 2812 dexteram
1456 2769 1603 2810 tuam
1625 2755 1689 2810 de
1717 2754 1885 2810 medio
1926 2756 2003 2809 si--

433 2870 505 2908 nu
535 2862 624 2907 tuo
656 2853 711 2905 in
734 2853 889 2920 ﬁnem
907 2854 932 2906 1’
958 2849 1126 2915 Queis
1160 2858 1438 2919 postrema
1471 2848 1577 2902 loci
1605 2847 1820 2903 obsidio
1837 2848 2007 2917 signi-

435 2946 647 2999 ﬁcatur.
681 2943 817 2997 Cum
842 2950 1023 2996 autem
1055 2947 1409 3011 percontatur
1429 2946 1483 2993 et
1506 2939 1640 2994 dicit
1664 2959 1677 2994 :
1708 2938 2003 3009 Usquequo,

436 3037 596 3101 Deus,
621 3035 991 3105 improperabit
1012 3034 1253 3087 inimicus
1268 3032 1523 3088 ?edoceri
1545 3033 1696 3103 cupit
1723 3047 2007 3103 quousque

436 3127 623 3183 isthaec
646 3127 1040 3197 perdurabunt,
1081 3133 1136 3180 et
1178 3138 1426 3194 quaenam
1467 3124 1730 3193 temporis
1766 3124 2005 3177 circum-

437 3218 662 3289 scriptio
684 3218 808 3285 erit,
846 3225 900 3273 et
929 3199 1217 3287 usquequo
1250 3216 1491 3271 irritabit
1535 3214 1886 3271 adversarius
1912 3228 2012 3268 no-
2039 3190 2080 3246 (ἶ

438 3327 559 3365 men
583 3318 760 3373 tum},
788 3326 921 3363 num
959 3310 1084 3364 talia
1110 3309 1319 3381 agendo
1340 3310 1394 3363 in
1441 3308 1599 3362 ﬁnem
1631 3315 2013 3377 perseveratu-

436 3418 533 3458 rus
555 3403 647 3457 sit.
680 3401 1094 3471 Consequenter
1116 3402 1309 3455 horum
1341 3414 1563 3454 causam
1598 3398 1874 3469 precando
1904 3398 2012 3454 sci-

438 3494 670 3547 scitatur
713 3492 844 3546 dum
880 3492 1015 3545 dicit
1048 3510 1060 3545 :
1095 3490 1286 3561 thuid
1314 3491 1506 3544 avertis
1537 3505 1752 3542 manum
1790 3499 1935 3542 luam
1967 3496 2017 3541 et

438 3586 712 3639 dexteram
759 3593 903 3637 tuam
952 3582 1016 3636 de
1047 3582 1218 3638 medio
1264 3583 1385 3636 sinu
1435 3591 1523 3635 tuo
1571 3581 1626 3634 in
1666 3579 2019 3649 ﬁnemHIaec

437 3691 603 3747 porro
624 3676 755 3729 dicti
786 3675 1059 3730 sententia
1094 3682 1179 3729 est
1212 3693 1226 3729 :
1266 3675 1423 3728 sinus
1453 3672 1549 3727 Dei
1592 3672 1751 3725 bonis
1781 3671 2019 3741 repletus

439 3777 543 3828 est,
581 3781 752 3837 quare
803 3767 1010 3822 dictum
1059 3774 1143 3821 est
1180 3785 1193 3820 :
1232 3765 1540 3837 Unigenitus
1586 3764 1785 3829 Filius,
1818 3767 1906 3836 qui
1943 3775 2020 3820 est

441 3858 495 3910 in
526 3858 646 3911 sinu
692 3856 898 3922 Patris,
918 3859 1029 3927 ipse
1072 3858 1343 3911 enarravit
1364 3858 1441 3912 ³⁸.
1468 3856 1532 3909 Ει
1558 3863 1643 3911 est
1673 3855 1761 3910 hic
1787 3870 2020 3912 arcanus

442 3952 689 4007 Paterna:
730 3951 1036 4008 divinitatis
1085 3952 1400 4017 thesaurus,
1442 3960 1497 4008 et
1530 3951 1814 4020 plenitudo
1850 3950 2022 4006 bono-

443 4059 565 4098 rum
617 4045 885 4108 omnium,
950 4044 1095 4099 unde
1155 4046 1451 4114 gratiarum
1500 4044 1642 4098 dona
1698 4043 1768 4097 iis
1810 4044 1903 4113 qui
1963 4058 2024 4098 se

443 4136 593 4205 digni
618 4142 746 4189 sunt
782 4134 1032 4204 largitur.
1066 4132 1337 4200 Quoniam
1381 4133 1548 4205 igitur
1578 4133 1646 4188 de
1677 4132 1857 4189 medio
1897 4132 2023 4187 sinu

445 4227 586 4283 dona
618 4227 915 4296 gratiarum
963 4225 1145 4295 dignis
1190 4232 1401 4294 erogat,
1433 4239 1497 4279 ac
1540 4225 1821 4279 dexteram
1865 4238 2021 4278 suam

447 4317 504 4370 in
556 4315 678 4369 illos
722 4315 985 4381 extendit,
1016 4315 1086 4369 ab
1132 4315 1373 4385 indignis
1402 4330 1533 4370 vero
1561 4316 1842 4371 dexteram
1867 4328 2022 4371 suam

448 4405 665 4468 avertit,
698 4404 941 4475 nihilque
974 4421 1039 4460 ex
1061 4405 1221 4459 bonis
1242 4406 1299 4459 in
1334 4412 1636 4459 memorato
1664 4405 1787 4460 sinu
1815 4420 1917 4460 suo
1941 4412 2027 4459 re-

2106 1921 2211 1975 τῶν
2241 1920 2535 1992 προφητῶν
2560 1919 2797 1990 διαδοχὴ,
2826 1918 2859 1987 ἢ
2892 1918 2986 1971 καὶ
3011 1918 3263 1989 διήρκεσε
3293 1917 3485 1987 μέχρις
3510 1914 3692 1969 Ἰωάν-

2105 2031 2194 2066 νου
2228 2012 2319 2065 τοῦ
2360 2012 2661 2083 προφήτου.

2176 2107 2323 2170 Ἕως
2352 2106 2516 2168 πότε,
2551 2107 2582 2156 ό
2615 2103 2781 2168 Θεὸς,
2807 2098 3073 2160 ὀνειδίζει
3102 2101 3134 2152 ὁ
3171 2098 3403 2167 ἐχθρὸς,
3438 2096 3697 2166 παροξύ-

2103 2215 2193 2251 νει
2226 2196 2586 2261 ὑπεναντίος
2610 2195 2677 2249 τὸ
2710 2192 2895 2263 ὄνομά
2919 2207 3036 2247 σου
3067 2193 3154 2257 εὶς
3186 2189 3363 2255 τέλος
3380 2204 3398 2253 ;
3427 2186 3696 2258 Πολλάκις

2105 2288 2320 2360 εἴρηται
2361 2287 2448 2341 διὰ
2473 2287 2573 2357 τῆς
2604 2285 2740 2357 μετὰ
2781 2288 2969 2356 χεῖρας
3003 2282 3337 2354 προφητείας
3368 2283 3449 2348 τὸ,
3486 2283 3574 2347 εὶς
3602 2280 3695 2335 τέ-

2104 2384 2234 2447 λος.
2293 2380 2381 2433 Ἑν
2423 2379 2567 2449 ἀρχῇ
2619 2378 2715 2448 μὲν
2768 2377 2873 2447 γὰρ
2922 2375 3167 2445 ὲλέγετο’
3216 2374 3408 2439 Ἰνατί,
3458 2377 3492 2428 ό
3529 2372 3692 2440 Θεὸς,

2105 2472 2325 2527 ἀπώσω
2346 2475 2433 2537 εὶς
2463 2469 2669 2537 τέλος;
2716 2465 2815 2522 εἷθ’
2857 2469 2984 2539 ἑξῆς
3005 2484 3017 2498 ο
3066 2470 3327 2537 Ἔπαρον
3352 2466 3462 2533 τὰς
3494 2463 3695 2535 χεῖράς

2107 2581 2223 2620 σου
2255 2565 2352 2618 ἐπὶ
2392 2565 2498 2630 τὰς
2538 2563 2951 2632 ὑπερηφανίας
2995 2563 3080 2627 εἰς
3119 2560 3325 2626 τέλος·
3357 2558 3449 2611 καὶ
3477 2556 3690 2628 τρίτον·

2111 2658 2437 2728 Παροξύνει
2477 2661 2509 2712 ό
2540 2657 2898 2721 ὑπεναντίος
2929 2655 2994 2708 τὸ
3021 2651 3204 2721 ὄνομά
3236 2666 3351 2705 σου
3378 2653 3464 2716 εἰς
3485 2649 3687 2716 τέλος·

2110 2752 2204 2804 καὶ
2229 2745 2412 2812 αὖθις
2456 2748 2631 2803 Ἶνατί
2661 2744 3061 2815 ἀποστρέφεις
3084 2745 3200 2811 τὴν
3255 2740 3422 2812 χεῖρά
3448 2735 3564 2795 σου
3593 2739 3691 2793 καὶ

2108 2842 2223 2908 τὴν
2239 2842 2444 2906 δεξιάν
2458 2855 2574 2895 σου
2588 2841 2655 2894 ἐκ
2668 2840 2865 2908 μέσου
2881 2837 2987 2892 τοῦ
3003 2838 3236 2891 κόλπου
3249 2852 3365 2889 σου
3381 2836 3470 2900 είς
3484 2832 3659 2898 τέλος
3674 2848 3694 2895 ;

2108 2938 2176 2991 δι’
2202 2930 2275 2989 ὧν
2307 2938 2336 2988 ὁ
2367 2934 2525 3002 λόγος
2556 2933 2653 3005 τὴν
2684 2932 2999 2986 τελευταίαν
3045 2929 3357 3000 πολιορκίαν
3400 2926 3494 2980 τοῦ
3526 2926 3693 2979 τόπου

2112 3028 2386 3100 σημαίνει.
2426 3024 2832 3095 Πυνθανόμενος
2866 3024 2922 3077 δὲ
2961 3025 3057 3076 καὶ
3095 3022 3300 3091 λέγων’
3335 3020 3489 3085 Ἕως
3528 3020 3695 3083 πότε,

2113 3121 2145 3172 ό
2206 3116 2369 3182 Θεὸς,
2415 3114 2655 3169 ὀνειδιεῖ
2683 3117 2715 3167 ό
2744 3114 2997 3183 ἐχθρός;
3045 3110 3354 3181 διδαχθῆναι
3406 3109 3560 3163 ποοεῖ
3593 3109 3699 3170 ἕως

2116 3206 2245 3257 πότε
2291 3204 2441 3257 ταῦτ’
2482 3203 2656 3268 ἔσται,
2707 3203 2803 3256 καὶ
2846 3202 2931 3265 τίς
2982 3201 3135 3254 ἔσται
3172 3202 3204 3266 ἡ
3243 3198 3554 3271 περιγραφὴ
3599 3198 3697 3251 τοῦ

2116 3298 2328 3368 χρόνου,
2348 3300 2437 3352 καὶ
2458 3297 2618 3369 μέχρι
2652 3296 2794 3359 τίνος
2827 3294 3119 3365 παροξύνει
3138 3294 3215 3365 (1)
3238 3294 3266 3346 ὁ
3292 3292 3609 3355 ὑπεναντίος
3635 3290 3698 3344 τδ

2117 3389 2287 3460 ὄνομά
2321 3407 2434 3451 σου,
2466 3390 2559 3442 καὶ
2592 3390 2639 3441 εἰ
2677 3388 2916 3458 διαμένει
2949 3388 3028 3450 είς
3051 3386 3202 3449 τέλος
3231 3385 3389 3437 τοῦτο
3423 3383 3696 3455 πράττων.

2119 3477 2229 3534 Εἶτ’
2256 3481 2561 3543 ἀκολούθως
2592 3479 2919 3534 πυνθάνεται
2946 3477 3045 3549 τὴν
3070 3476 3274 3530 τούτων
3297 3476 3475 3529 αἰτίαν
3502 3474 3695 3538 ἀξιῶνν

2119 3571 2200 3624 διό
2229 3587 2390 3639 φησιν
2409 3587 2422 3600 ο
2471 3570 2643 3623 Ἰνατί
2676 3568 3072 3636 ἀποστρέφεις
3098 3565 3213 3633 τὴν
3269 3564 3435 3634 χεῖρά
3459 3580 3576 3618 σου
3602 3564 3702 3617 καὶ

2119 3663 2234 3729 τὴν
2259 3661 2464 3725 δεξιάν
2483 3677 2600 3714 σου
2642 3661 2710 3713 ἐκ
2747 3660 2940 3729 μέσου
2973 3659 3077 3712 τοῦ
3106 3659 3337 3711 κόλπου
3361 3672 3477 3711 σου
3502 3660 3589 3724 εὶς
3614 3656 3704 3710 τέ-

2120 3760 2270 3821 λος;
2310 3756 2371 3807 Ἦ
2404 3753 2460 3805 δὲ
2490 3752 2583 3805 τοῦ
2628 3753 2785 3820 λόγου
2818 3751 3022 3805 διάνοια
3055 3749 3241 3803 τοῦτον
3278 3748 3388 3819 ἔχει
3426 3749 3518 3801 τὸν
3541 3747 3666 3801 νοῦν
3686 3764 3701 3779 ·

2122 3851 2150 3901 ὁ
2173 3849 2369 3911 κόλπος
2394 3846 2486 3899 τοῦ
2520 3846 2653 3898 Θεοῦ
2679 3844 2896 3913 ἀγαθῶν
2926 3846 3039 3896 ἐστι
3066 3843 3298 3912 πλήρης,
3323 3841 3403 3893 διὸ
3425 3841 3701 3894 λέλεκταιο

2123 3940 2468 4010 Μονογενὴς
2496 3938 2628 4004 Υἱὸς
2654 3941 2686 3991 ό
2713 3938 2798 3991 ὢν
2824 3939 2910 4001 εὶς
2936 3935 3043 3988 τὸν
3062 3936 3294 3988 κόλπον
3318 3933 3424 3987 τοῦ
3454 3934 3704 4001 Πατρός,

2124 4033 2350 4098 ἐκεῖνος
2378 4030 2740 4100 ἐξηγήσατο.
2774 4029 2885 4082 Καὶ
2912 4027 3057 4080 ἔστιν
3088 4026 3398 4099 ἀπόρρητος
3427 4019 3580 4087 οὗτος
3606 4026 3707 4095 τῆς

2137 4125 2417 4194 Πατρικῆς
2432 4121 2685 4191 θεότητος
2716 4119 2987 4191 θησαυρὸς
3011 4118 3105 4172 καὶ
3132 4117 3404 4187 πλήρωμα
3425 4115 3535 4168 τῶν
3567 4115 3705 4183 ἀγα-

2124 4211 2231 4264 θῶν
2262 4211 2533 4271 ἁπάντων,
2557 4208 2615 4274 ἐξ
2640 4204 2715 4261 ὧν
2746 4207 2925 4261 δίδωσι
2959 4208 3026 4259 τὰ
3054 4206 3370 4277 χαρίσματα
3394 4206 3506 4267 τοῖς
3537 4203 3707 4269 ἀξίοις

2124 4302 2311 4356 αὑτοῦ.
2346 4302 2499 4355 Ἐπεὶ
2540 4299 2720 4355 τοίνυν
2753 4300 2817 4352 ὲκ
2857 4299 3020 4369 μέσου
3064 4297 3160 4351 τοῦ
3206 4297 3407 4351 κόλπου
3446 4296 3516 4350 τὰ
3549 4295 3707 4367 χαρί-

2126 4411 2309 4465 σματα
2338 4395 2450 4457 τοῖς
2501 4391 2670 4457 ἀξίοις
2700 4393 2952 4463 δωρεῖται
2996 4391 3252 4445 ἐκτείνων
3280 4391 3360 4453 εἰς
3387 4389 3582 4453 αὐτοὺς
3608 4389 3708 4458 τὴν

447 4495 687 4552 conditis
733 4496 869 4566 ipsis
918 4496 1215 4567 elargitur;
1244 4497 1367 4567 jure
1415 4497 1753 4564 sciscitatur,
1784 4497 1973 4555 dicens
2007 4517 2018 4552 :

2128 4483 2319 4536 ἑαυτοῦ
2346 4481 2546 4548 δεξιὰν,
2578 4481 2687 4535 ἀπὸ
2711 4481 2769 4534 δὲ
2795 4480 2902 4533 τῶν
2934 4479 3009 4551 μὴ
3030 4479 3213 4565 δάξίων
3250 4478 3580 4548 ἀποστρέφει
3608 4478 3709 4551 τὴν

452 4586 648 4659 thuid
691 4589 880 4641 avertis
930 4604 1144 4641 manum
1197 4597 1341 4642 tuam
1404 4599 1455 4643 et
1494 4590 1766 4644 dexteram
1798 4601 1943 4645 tuam
1964 4593 2027 4647 de

449 4680 621 4733 medio
653 4680 773 4733 sinu
807 4689 894 4731 tuo
929 4679 983 4733 in
1010 4679 1211 4748 ﬁnem?
1239 4679 1588 4751 Rursumque
1630 4682 1685 4737 id
1729 4682 1938 4752 adjicit,
1968 4683 2024 4737 in

452 4772 631 4842 ﬁnem,
663 4770 1006 4843 signiﬁcans,
1039 4772 1097 4826 in
1122 4772 1282 4827 ﬁnem
1317 4773 1452 4843 ipsis
1483 4773 1720 4828 dextera:
1745 4773 1838 4829 Dei
1869 4788 2025 4829 aver-

453 4864 662 4917 sionem
698 4863 937 4916 futuram
966 4878 1109 4919 esse.
1155 4862 1588 4933 lnterrogatione
1613 4872 1794 4919 autem
1825 4881 1925 4921 nos
1956 4867 2023 4922 ad

451 4968 675 5010 causam
700 4954 1121 5025 perquirendam
1158 4955 1390 5021 invitat;
1429 4963 1489 5009 ut
1518 4972 1828 5026 quaeramus
1856 4973 2027 5028 quare

453 5043 534 5098 illi
559 5045 616 5099 in
648 5045 809 5100 ﬁnem
843 5045 1039 5115 abjecti
1065 5046 1198 5100 sint.
1225 5043 1359 5099 Nam
1396 5046 1441 5101 si
1476 5047 1601 5116 quis
1620 5062 1715 5103 eos
1741 5048 1808 5104 de
1828 5064 2024 5120 pecca-

453 5142 512 5189 to
537 5143 593 5191 et
629 5136 917 5207 iniquitate
959 5136 1314 5202 incusaverit,
1346 5144 1401 5191 at
1438 5138 1643 5194 scimus
1663 5140 1790 5193 olim
1829 5140 2027 5195 similia

455 5241 581 5281 cum
612 5226 871 5284 fecissent
891 5242 999 5282 non
1023 5227 1080 5281 in
1108 5227 1270 5282 ﬁnem
1297 5229 1542 5298 abiectos
1568 5229 1739 5286 fuisse
1769 5249 1782 5285 :
1818 5230 2028 5285 inﬁnita

474 5319 656 5388 guippe
694 5326 750 5373 et
778 5319 991 5375 nefaria
1035 5335 1228 5374 eorum
1260 5335 1447 5391 opera,
1480 5321 1767 5384 adulteria,
1802 5320 2030 5375 idolola-

456 5409 636 5470 triam,
689 5411 1076 5480 prophetarum
1123 5412 1300 5467 caedes
1360 5420 1683 5469 enumerant
1724 5413 2027 5483 prophetici

458 5513 769 5569 sermones;
798 5501 894 5556 sed
928 5518 1209 5572 nunquam
1254 5504 1311 5557 in
1344 5503 1507 5558 ﬁnem
1558 5504 1808 5560 derelicti
1850 5514 1977 5560 sunt
2012 5522 2024 5558 :

462 5587 733 5728 prsphletze
765 5605 985 5734 quoqtge
1025 5594 1157 5662 ipsis
1182 5633 1197 5659 ,
1223 5593 1325 5649 etsi
1362 5594 1489 5649 talia
1538 5594 1905 5665 patrantibus,
1933 5592 2030 5647 ad—

642 5690 767 5733 oan.
804 5693 858 5734 ι.
893 5680 920 5734 1
968 5719 982 5734 .

642 5690 767 5733 oan.
804 5693 858 5745 ι,
893 5680 982 5735 18.

2128 4577 2285 4646 χεῖρα
2321 4575 2419 4645 τὴν
2449 4571 2650 4638 δεξιὰν,
2683 4572 2846 4644 μηδὲν
2891 4570 3068 4626 αὐτῶν
3114 4571 3224 4624 τῶν
3255 4573 3314 4625 ὲν
3352 4570 3501 4641 αὐτῷ
3540 4572 3713 4642 δηλω-

2126 4667 2273 4721 θέντι
2328 4667 2512 4737 κόλπῳ
2570 4664 3013 4735 τεταμιευμένων
3064 4663 3285 4733 ἀγαθῶν
3339 4663 3708 4736 δωρούμενοςο

2127 4759 2349 4822 εἰκότως
2424 4757 2749 4812 πυνθάνεται
2798 4755 2998 4824 λέγων·
3065 4755 3239 4809 Ἰνατί
3311 4755 3715 4824 ἀποστρέφεις

2126 4850 2243 4919 τὴν
2265 4848 2431 4919 χεῖρά
2463 4864 2579 4903 σου
2608 4849 2701 4903 καὶ
2730 4847 2844 4916 τὴν
2883 4846 3091 4911 δεξιάν
3129 4861 3247 4900 σου
3282 4846 3351 4899 ἐκ
3378 4846 3574 4915 μέσου
3605 4844 3715 4898 τοῦ

2128 4945 2356 4998 κόλπου
2398 4957 2514 4996 σου
2558 4945 2645 5008 εἰς
2684 4942 2889 5006 τέλος;
2922 4940 3033 4992 Καὶ
3078 4939 3239 4992 πάλιν
3276 4937 3599 5010 προστίθησι
3630 4936 3711 5001 τὸ,

2127 5039 2214 5100 εὶς
2252 5035 2447 5100 τέλος,
2485 5035 2785 5105 σημαίνων,
2825 5033 2900 5094 ὡς
2942 5031 3260 5104 ἀποστροφὴ
3298 5032 3397 5101 τῆς
3438 5030 3533 5083 τοῦ
3575 5029 3712 5083 Θεοῦ

2129 5126 2305 5190 δεξιᾶς
2340 5127 2417 5188 εἰς
2441 5126 2591 5189 τέλος
2624 5124 2772 5177 ἔσται
2817 5124 3017 5186 αὐτοῖς.
3053 5122 3152 5175 Διὰ
3180 5122 3235 5175 δὲ
3266 5122 3365 5192 τῆς
3392 5123 3713 5195 ἐρωτήσεως

2130 5218 2224 5271 ἐπὶ
2263 5216 2360 5287 τὴν
2402 5217 2627 5287 ζήτησιν
2674 5216 2771 5285 τῆς
2816 5213 2993 5277 αἰτίας
3037 5214 3183 5284 ἡμᾶς
3229 5211 3503 5283 διεγείρει,
3536 5212 3612 5274 ὡς
3644 5210 3710 5264 ἂν

2132 5307 2466 5378 ζητήσαιμεν
2494 5307 2545 5358 τί
2577 5308 2637 5359 τὸ
2673 5306 2841 5359 αἴτιον
2870 5306 3158 5375 γεγένηται
3185 5303 3279 5355 τοῦ
3318 5305 3396 5366 εἰς
3429 5302 3579 5365 τέλος
3611 5301 3710 5354 αὺ-

2131 5399 2257 5461 τοὺς
2289 5397 2681 5468 ἁποὸληθῆναι.
2723 5397 2785 5449 Εἰ
2833 5396 2931 5467 μὲν
2959 5395 3070 5464 γὰρ
3107 5393 3377 5464 ἁμαρτίας
3409 5393 3503 5445 καὶ
3529 5408 3709 5462 παρα·-

2134 5487 2325 5557 νομίας
2357 5486 2657 5539 αἰτιάσαιτό
2690 5502 2790 5549 τις,
2818 5483 2953 5536 ἀλλὰ
2989 5483 3082 5536 καὶ
3108 5481 3275 5534 πάλαι
3306 5479 3529 5533 τοιαῦτα
3568 5478 3711 5550 πρά-

2137 5578 2333 5646 ξαντας
2355 5576 2549 5639 αὐτοὺς
2576 5576 2815 5646 ἔγνωμεν
2837 5574 2927 5627 καὶ
2951 5573 3026 5644 μὴ
3052 5570 3403 5633 ἀπωσθέντας
3426 5572 3503 5634 εἰς
3528 5569 3679 5639 τέλος
3692 5574 3727 5627 ’ἠ

531 5769 604 5843 (Ι)
625 5768 779 5828 Forte
801 5772 1077 5844 legendum
1101 5773 1408 5847 παροξυνεῖ,
1430 5783 1482 5833 ct
1512 5792 1657 5843 mox,
1698 5777 1960 5850 διαμενεῖ.
1991 5776 2146 5835 Enn.
