4126 6400
418 361 548 418 ‘86!

1568 361 2070 419 COMMENTARIA
2114 364 2179 421 IN
2216 365 2557 424 PSALMOS.

3566 352 3673 420 862

450 479 673 555 μυρίους
699 478 807 551 γὰρ
827 477 1112 549 ἀθεμίτους
1145 477 1370 550 πράξεις
1397 481 1639 551 μοιχείας
1665 500 1721 535 τε
1751 484 1845 536 καὶ
1878 484 2014 536 εἰδω-

2126 464 2302 549 erant,
2336 488 2649 557 angelorum
2686 486 2942 549 visiones,
2975 484 3213 557 Spiritus
3239 483 3412 541 sancti
3440 498 3683 555 praesen-

446 572 779 643 λολατρείας,
823 571 1115 643 προφητῶν
1160 589 1219 625 τε
1272 573 1581 644 ἀναιρέσεις
1629 575 2021 644 καταλέγουσιν

444 663 624 726 αὐτῶν
648 664 698 715 οἱ
723 662 1047 734 προφητικώ.
1075 661 1221 730 λόγοι
1240 680 1254 692 ο
1298 663 1411 715 ἀλλ’
1444 663 1504 716 οὐ
1551 662 1768 717 πώποτε
1794 667 2020 733 ἐγκατε-

445 755 742 825 λείφθησαν
785 756 862 817 είς
908 753 1075 817 τέλος.
1132 755 1373 825 Συνῆσαν
1428 754 1486 807 δὲ
1544 756 1725 820 αὐτοῖς
1750 797 1764 821 ,
1818 758 2019 829 καίπερ

443 843 666 903 τοιαῦτα
686 842 1031 914 πράττουσιν,
1061 844 1110 895 οἱ
1138 843 1444 913 προφῆταιο
1481 845 1757 913 ἐγίγνοντο
1796 846 1851 898 δὲ
1890 847 2017 916 παρ’

443 937 627 1000 αὐτοῖς
658 936 749 990 καὶ
773 934 1014 1004 ἀγγέλων
1036 935 1363 1003 ἐπιφάνειαι,
1388 936 1480 989 καὶ
1512 937 1650 989 Πνεύ
1660 954 1825 1007 ματος
1858 938 2014 1005 ἁγίου

2124 579 2219 633 tia.
2256 577 2411 644 Quod
2440 594 2569 649 ergo
2612 586 2820 632 tantum
2866 585 2978 632 tam
3015 578 3317 632 inauditum
3351 576 3563 630 facinus
3589 588 3687 629 eo-

2123 685 2266 734 rum,
2301 677 2360 723 ut
2412 670 2468 724 in
2514 670 2674 725 ﬁnem
2721 669 3048 739 abjiciantur
3099 678 3156 724 et
3208 670 3431 723 dextera
3466 666 3564 723 Dei
3620 665 3691 723 ab

2122 761 2202 815 eis
2241 768 2519 815 avertatur
2568 762 2622 815 in
2670 762 2887 815 ﬁnem?
2943 761 3069 817 Haec
3124 776 3288 830 porro
3346 760 3537 815 dicens
3591 758 3689 814 ad—

2122 852 2351 906 missum
2391 853 2460 907 ab
2481 852 2640 907 eisin
2674 852 2955 909 Christum
2984 852 3078 908 Dei
3111 852 3323 906 facinus
3348 851 3515 905 tacite
3554 848 3688 904 sub—

2122 942 2347 996 indicat.

444 1030 734 1101 παρουσία.
762 1029 825 1081 Τί
860 1029 1034 1082 τοίνυν
1059 1030 1119 1082 τὸ
1157 1028 1324 1094 ξένον,
1363 1031 1456 1083 καὶ
1498 1031 1551 1083 τί
1588 1031 1839 1086 τοσοῦτον
1902 1036 2084 1097 αὐτοῖς
2118 1038 2461 1109 τετόλμηται,
2507 1038 2583 1101 ὡς
2624 1039 2704 1102 είς
2749 1038 2900 1101 τέλος
2951 1039 3146 1102 αὑτοὺς
3189 1038 3541 1108 ἀπωσθῆναι,
3595 1035 3691 1087 καὶ

443 1122 541 1191 τὴν
579 1119 757 1184 δεξιὰν
780 1122 873 1173 τοῦ
904 1120 1037 1173 Θεοῦ
1068 1121 1475 1193 ἀποστραφῆναι
1506 1123 1702 1186 αὐτοὺς
1756 1124 1833 1187 εἰς
1870 1124 2052 1190 τέλος;
2089 1128 2272 1195 Λέγων
2306 1128 2360 1182 δὲ
2397 1128 2588 1194 ταῦτα,
2650 1130 2941 1183 αἰνίττεται
2987 1130 3409 1200 σεσιωπημένως
3446 1125 3509 1180 τὸ
3550 1141 3693 1197 πρα-

444 1211 572 1288 χθὲν
592 1211 775 1273 αὐτοῖς
799 1210 940 1264 κατὰ
962 1209 1055 1263 τοῦ
1081 1212 1315 1282 Χριστοῦ
1348 1212 1442 1265 τοῦ
1467 1212 1601 1265 Θεοῦ
1621 1214 1892 1286 τόλμημα.

525 1329 581 1382 '0
614 1328 683 1381 δὲ
728 1328 872 1395 Θεὸς
908 1330 1212 1396 ,βασιλεὺς
1231 1329 1401 1399 ἡμῶν
1441 1332 1554 1400 πρὸ
1593 1331 1805 1398 αἰῶνος
1832 1334 2014 1403 εἰργά-

2192 1327 2358 1384 Vens.
2390 1329 2576 1383 12-18.
2636 1329 2776 1382 Deus
2805 1338 2978 1382 autem
3016 1344 3108 1382 rea:
3154 1338 3329 1383 noster
3371 1338 3491 1384 ante
3522 1347 3691 1385 δαισα-

444 1432 597 1476 σατο
626 1419 927 1487 σωτηρίαν
948 1419 1017 1471 ἐν
1040 1418 1201 1485 μέσῳ
1231 1420 1341 1489 τῆς
1374 1421 1506 1491 γῆς.
1537 1421 1765 1475 Διελθὼν
1794 1423 1861 1476 τὰ
1891 1442 2014 1495 προ-

2124 1424 2233 1477 tum
2268 1433 2510 1490 aperatus
2540 1431 2616 1475 est
2650 1428 2872 1476 salutem
2900 1423 2955 1475 in
2985 1421 3155 1475 medio
3189 1431 3364 1477 terrae.
3389 1420 3686 1493 Postquam

442 1509 762 1579 λελεγμένα,
798 1509 1239 1580 ὲπαναλαμϐάνει
1285 1512 1411 1575 τοὺς
1451 1512 1578 1583 περὶ
1627 1512 1727 1581 τῆς
1767 1514 2014 1584 προνοίας

2121 1514 2379 1584 praedicta
2410 1514 2702 1575 recensuit,
2727 1528 3010 1568 sermones
3055 1513 3123 1567 de
3161 1514 3500 1583 providentia
3542 1530 3687 1569 resu-

442 1599 652 1668 λόγους,
682 1601 776 1654 καὶ
818 1599 918 1670 τῆς
968 1601 1250 1671 δυνάμεως
1282 1600 1374 1654 τοῦ
1416 1601 1551 1655 Θεοῦ
1592 1604 1887 1675 παρίστησι
1920 1605 2014 1668 τὰς

2122 1603 2238 1669 mit,
2271 1612 2433 1670 atque
2460 1602 2675 1656 virtutis
2699 1601 2791 1656 Dei
2826 1601 3064 1672 ingentia
3085 1618 3247 1671 opera
3270 1602 3532 1667 declarat,
3570 1605 3689 1674 pias

444 1690 862 1763 μεγαλουργίας,
891 1691 1160 1763 εὐκαίρως
1192 1693 1434 1757 εὐσεϐεῖς
1465 1695 1784 1765 προϊέμενος
1812 1696 2014 1764 φωνὰς,

438 1782 516 1846 ὡς
567 1783 633 1836 ἂν
677 1784 752 1854 μή
805 1800 889 1846 τις
935 1784 1195 1854 νομίσειε,
1229 1785 1317 1839 διὰ
1364 1785 1424 1839 τὺ
1471 1785 1545 1857 μὴ
1589 1788 1789 1858 ὲφορᾷν
1834 1788 2015 1850 αὑτὸν,

444 1874 580 1945 μηδὲ
624 1874 932 1927 ἐπιστατεῖν
955 1877 1069 1938 τοῖς
1114 1876 1247 1928 πᾶσι
1287 1874 1354 1929 τὰ
1397 1877 1758 1947 προλεχθέντα
1790 1882 2017 1949 γεγενῆ-

444 1962 590 2018 σθαι.
617 1964 708 2016 Διό
738 1981 933 2034 φησιν’
969 1965 1032 2017 Et
1073 1964 1369 2018 καὶταῦτα
1412 1966 1598 2019 τοῦτον
1637 1968 1882 2039 ἐπράχθη
1928 1969 2018 2021 τὸν

440 2055 641 2125 τρόπον
660 2072 672 2084 ·
702 2055 815 2108 ἀλλ’
839 2056 987 2124 ὅμως
1024 2056 1383 2127 πεπείσμεθα,
1412 2058 1493 2109 ὅτι
1529 2059 1592 2111 σὺ
1626 2058 1654 2110 ὁ
1678 2059 1808 2122 Θεὸς
1841 2060 2015 2130 ἡμῶν,

439 2144 499 2199 ὃν
523 2146 618 2199 καὶ
654 2146 873 2216 βασιλέα
900 2146 1054 2218 ἡμῶν
1079 2143 1219 2201 εἶναι
1257 2147 1612 2220 γνωρίζομεν,
1656 2150 1833 2220 κρίσει
1865 2151 2018 2222 βασι-

440 2234 564 2306 λικῇ
614 2237 708 2289 καὶ
757 2236 878 2307 θείᾳ
915 2237 1091 2290 πάντα
1138 2240 1439 2309 οἱκονομεῖς
1492 2239 1585 2293 ἐπὶ
1637 2242 1880 2313 σωτηρίᾳ
1911 2243 2019 2297 τῶν

436 2326 602 2381 ὅλων·
646 2327 708 2380 '0
739 2326 848 2398 γὰρ
908 2328 1051 2394 Θεὸς
1100 2327 1289 2397 ἡμῶν,
1332 2330 1633 2397 ,βασιλεὺς
1686 2331 1855 2401 ἡμῶν
1906 2335 2019 2401 πρὸ

438 2416 653 2483 αἰῶνος
694 2416 1011 2487 εἰργάσατο
1063 2420 1363 2487 σωτηρίαν
1401 2421 1477 2473 ’ἐν
1509 2420 1677 2490 μέσῳ
1732 2421 1841 2489 τῆς
1883 2423 2016 2492 γῆς.

428 2510 594 2587 ,Ὠστ’
625 2511 674 2562 εἰ
724 2510 820 2563 καὶ
860 2510 918 2562 ὲν
955 2511 1055 2580 μιᾷ
1085 2511 1257 2581 γωνίᾳ
1305 2512 1409 2581 γῆς
1449 2512 1672 2567 τοιαῦτα
1713 2514 2019 2587 πραχθῆναι

428 2579 867 2683 ξσυγκεχώρηκας
899 2600 985 2654 διά
1027 2579 1151 2665 τοὺς
1189 2579 1480 2676 οίκήτορας
1522 2604 1617 2659 τοῦ
1660 2579 1861 2659 corr-ou:
1905 2579 2017 2659 ἀλλ’

428 2691 587 2763 ’ὅμως
619 2692 980 2763 πεπείσμεθα,
1004 2693 1087 2747 ὅτι
1122 2694 1241 2757 τοὺς
1265 2694 1385 2748 καθ’
1413 2694 1541 2765 ὅλης
1562 2696 1662 2766 τῆς
1690 2697 2012 2768 οἰκουμένης

427 2768 725 2859 ἷοίκοῦντας
763 2783 1080 2855 ἀνθρώπους
1131 2786 1398 2857 σωτηρίας
1420 2786 1687 2855 ἀξιώσεις,
1719 2788 1809 2841 τὸν
1829 2788 2016 2841 ἑαυτοῦ

425 2874 672 2947 ίΧριστὺν
698 2877 917 2947 ἐγείρας
941 2877 1145 2931 ἆπασιν
1170 2877 1476 2949 ἀνθρώποις
1513 2880 1758 2950 Σωτῆρα.
1794 2881 1901 2933 Καί
1930 2899 2018 2951 μοι

425 2952 585 3045 ξδοκεῖ
606 2966 673 3019 δι’
699 2967 816 3029 ἑνὸς
848 2967 941 3020 τοῦ
976 2967 1115 3037 μετά
1147 2971 1335 3041 χεῖρας
1370 2970 1548 3041 στίχου
1575 2971 1762 3042 ὥσπερ
1786 2972 2018 3026 ἀνταπό-

426 3048 583 3110 δοσιν
624 3058 892 3111 ποιεϊσθαι
934 3060 1042 3112 τῶν
1084 3061 1547 3132 ὲπηπορημένων·
1594 3063 1714 3116 ἀντὶ
1754 3063 1862 3134 γὰρ
1910 3064 2017 3117 τῶν

424 3149 863 3237 ᾳσυμϐεϐηκότων
909 3152 1050 3206 κατά
1077 3152 1170 3206 τοῦ
1202 3154 1528 3224 δηλωθέντος
1572 3156 1759 3219 τόπου,
1790 3157 2017 3226 ὲργάσε-
2043 3177 2087 3237 C

423 3236 549 3306 ⁸τιιιι,
576 3241 760 3311 φησὶν,
792 3240 821 3295 ὁ
852 3242 981 3305 Θεὸς
1026 3244 1296 3315 σωτηρίαν
1328 3244 1386 3297 ἐν
1414 3245 1563 3316 μέσῳ
1586 3247 1684 3316 τῆς
1716 3246 1839 3316 γῆς.
1878 3248 2011 3300 Συν-

438 3330 585 3401 ήθως
608 3331 664 3383 δὲ
694 3332 787 3383 καὶ
822 3331 915 3385 νῦν
946 3332 1014 3385 τὰ
1050 3333 1279 3403 ἐσόμενα
1324 3333 1399 3396 ὡς
1430 3336 1793 3405 παρῳχηκότα
1825 3337 2012 3389 θεσπί-

438 3422 536 3485 ζει.
582 3417 713 3474 Εἶτα
741 3422 979 3477 διδάσκει
1004 3422 1130 3494 ἑξῆς
1166 3424 1354 3487 ὁποίας
1380 3425 1479 3497 ἤδη
1514 3426 1678 3481 πάλαι
1704 3428 1962 3499 πρότερον
1986 3432 2014 3482 ὁ

438 3514 571 3577 Θεὸς
594 3516 994 3585 κατειργάσατο
1027 3515 1461 3587 θαυματουργίας
1492 3518 1663 3586 λέγων
1682 3537 1694 3549 ·
1732 3520 1814 3574 Σὺ
1844 3521 2014 3589 ἐκρα-

436 3606 696 3671 ταίωσας
724 3608 794 3660 ἐν
817 3605 890 3675 τῇ
922 3608 1167 3677 δυνάμει
1194 3624 1311 3663 σου
1351 3610 1465 3678 τὴν
1490 3611 1828 3667 θάλασσαν.
1878 3596 2014 3668 Ἀντί

436 3696 492 3750 δὲ
523 3697 636 3760 τοῦ,
678 3698 759 3751 Σὺ
806 3698 874 3751 δὲ
905 3700 1329 3766 ἑκραταίωσας,
1371 3702 1399 3753 ὁ
1432 3702 1742 3773 Σύμμαχος,
1778 3704 1860 3757 Σὺ
1898 3704 2014 3757 διε-

434 3787 744 3854 σκέδασας
794 3788 869 3855 τῇ
920 3791 1091 3858 ἰσχύϊ
1134 3806 1250 3844 σου
1295 3791 1409 3858 τὴν
1454 3792 1791 3859 θάλασσαν,
1830 3797 2012 3867 ἡρμή-

435 3896 609 3933 νευσε.
642 3881 748 3934 Καί
782 3898 873 3951 μοι
914 3882 1061 3935 δοκεῖ
1100 3883 1189 3936 διὰ
1239 3886 1440 3938 τούτων
1469 3884 1544 3947 ὡς
1568 3887 1703 3955 πρὸς
1731 3886 1830 3957 τὴν
1867 3890 2012 3940 ίστο-

441 3972 562 4035 ρίαν
618 3973 900 4041 σημαίνειν
920 3976 1019 4045 τὴν
1063 3975 1155 4027 ἐπὶ
1224 3976 1466 4038 Μωσέως
1515 3976 1809 4048 γενομένην
1849 3978 2014 4030 δίοδον

395 4122 405 4133 ο
435 4060 531 4114 τοῦ
560 4061 688 4115 λαοῦ
714 4063 802 4115 διὰ
840 4063 937 4133 τῆς
973 4065 1236 4136 Ἐρυθρᾶς
1267 4066 1557 4137 θαλάσσης.
1602 4068 1692 4119 Διὸ
1740 4068 1880 4121 κατά
1918 4070 2014 4139 μὲν

435 4152 529 4204 τὸν
566 4152 860 4221 Σύμμαχον
902 4155 1139 4225 εἴρηται,
1174 4156 1257 4209 Σὺ
1295 4156 1692 4222 διεσκέδασας
1731 4157 1806 4225 τῇ
1851 4159 2017 4225 ἰσχύϊ

433 4258 553 4299 σου
591 4250 702 4312 τὴν
734 4248 1082 4301 θάλασσαν·
1119 4248 1256 4302 κατὰ
1308 4248 1366 4303 δὲ
1410 4250 1499 4303 τὸν
1535 4249 1884 4314 Θεοδοτίωνα,
1928 4250 2014 4304 Σὺ

433 4334 763 4404 διέστησας
813 4338 884 4391 ἐν
918 4338 991 4406 τῇ
1051 4338 1299 4409 δυνάμει
1344 4355 1461 4394 σου
1512 4340 1627 4409 τὴν
1672 4341 2011 4397 θάλασσαν.

437 4423 567 4481 Εττα
614 4430 738 4492 τοὺς
784 4429 1118 4497 Αἰγυπτίους
1165 4430 1261 4483 καὶ
1306 4430 1398 4484 τὸν
1446 4430 1644 4501 Φαραὼ
1687 4431 2013 4485 αἰνίττεσθαί

2120 1702 2425 1764 opportune
2465 1710 2628 1748 voces
2657 1693 2978 1762 proferens:
3016 1709 3083 1748 ne
3126 1693 3250 1762 quis
3301 1702 3514 1763 putaret
3568 1696 3690 1750 ideo

2117 1785 2230 1854 jam
2261 1793 2560 1840 memorata
2611 1792 2759 1854 gesta
2810 1784 2999 1847 fuisse,
3042 1784 3185 1854 quod
3240 1784 3381 1840 Deus
3435 1788 3687 1841 universa

2120 1892 2228 1930 non
2257 1884 2433 1945 curet,
2466 1877 2643 1943 iisque
2668 1892 2775 1931 non
2803 1876 3105 1945 provideat.
3142 1874 3507 1941 Quamobrem
3558 1878 3633 1931 ait
3668 1896 3683 1932 :

2119 1966 2233 2021 Etsi
2276 1968 2391 2022 hate
2433 1969 2527 2021 tali
2577 1962 2738 2021 modo
2769 1975 2919 2037 gesta
2972 1968 3101 2032 sint,
3134 1983 3453 2037 persuasum
3504 1975 3687 2025 tamen

2119 2061 2277 2116 nobis
2320 2067 2423 2120 est,
2464 2068 2518 2115 te
2566 2060 2735 2113 Duem
2792 2067 3060 2122 nostrum,
3111 2075 3271 2129 quem
3326 2075 3507 2131 regem
3559 2060 3685 2114 item

2094 2140 2368 2207 nostrum
2403 2167 2525 2207 esse
2556 2151 2786 2214 scimus,
2808 2150 3016 2220 judicio
3039 2151 3190 2220 regio
3218 2165 3280 2203 ac
3300 2149 3485 2204 divino
3503 2150 3687 2204 omnia

2120 2245 2185 2299 ad
2216 2245 2592 2303 universorum
2623 2243 2852 2298 salutem
2880 2249 3183 2311 temperare
3217 2261 3229 2295 :
3256 2256 3381 2295 nam
3429 2240 3571 2295 Deus
3594 2257 3688 2294 no-

2117 2339 2225 2384 ster
2247 2344 2339 2382 res:
2370 2340 2545 2382 noster
2579 2336 2699 2381 ante
2727 2326 2978 2381 swculum
3009 2335 3251 2395 operatus
3273 2334 3350 2380 est
3380 2326 3604 2381 salutem
3630 2326 3685 2380 in

2118 2422 2289 2476 medio
2313 2419 2596 2493 terrmllta
2629 2426 2686 2473 ut
2713 2418 2925 2473 etiamsi
2962 2418 3149 2472 isthch
3172 2418 3228 2471 in
3255 2432 3363 2471 uno
3394 2424 3557 2472 terra;
3589 2431 3687 2471 au-

2119 2513 2245 2582 gulo
2281 2511 2417 2566 elIici
2446 2511 2757 2580 permiseris
2790 2524 2976 2563 eorum
3012 2524 3178 2565 causa
3200 2509 3293 2579 qui
3324 2509 3498 2564 locum
3541 2510 3689 2564 inca-

2119 2604 2299 2658 Iebant
2318 2643 2332 2667 ,
2364 2616 2688 2672 persuasum
2732 2609 2913 2655 tamen
2957 2601 3256 2657 habeamus
3285 2609 3338 2655 te
3367 2615 3557 2657 omnes
3585 2608 3689 2657 ter-

2119 2710 2234 2748 ram
2282 2695 2580 2748 incolentes
2633 2693 2884 2749 homines
2926 2693 3099 2748 salute
3157 2692 3507 2764 dignaturum
3534 2735 3550 2759 ,
3587 2694 3684 2763 qui

2117 2781 2391 2839 Christum
2429 2793 2580 2836 tuum
2614 2782 2865 2838 excitasti
2897 2783 3138 2837 omnium
3168 2782 3450 2836 hominum
3485 2779 3684 2837 Serva-

2120 2886 2312 2931 torem.
2338 2874 2675 2945 V'ideturque
2709 2874 2843 2928 mihi
2876 2874 2978 2928 hoc
3004 2890 3115 2927 uno
3146 2888 3329 2937 versu,
3356 2873 3513 2942 quasi
3537 2888 3687 2943 quaa-

2118 2968 2356 3022 stionum
2387 2966 2710 3021 solutionem
2736 2966 2981 3036 praeberi.
3028 2964 3161 3018 Nam
3202 2980 3390 3020 eorum
3422 2965 3540 3020 vice
3566 2981 3687 3036 qua:

2117 3067 2309 3114 contra
2340 3058 2662 3128 praedictum
2699 3059 2877 3112 locum
2908 3064 3213 3128 perpetrata
3240 3063 3388 3121 sunt,
3420 3054 3586 3119 Deus,
3608 3059 3687 3112 in-

2118 3150 2258 3220 quit,
2295 3149 2609 3217 operabitur
2634 3148 2861 3203 salutem
2897 3149 2949 3200 ir.
2979 3147 3157 3202 medio
3196 3153 3375 3201 terrae.
3434 3144 3509 3201 De
3536 3162 3687 3203 more

2118 3250 2297 3295 autem
2328 3240 2417 3294 hic
2437 3239 2618 3306 futura
2644 3248 2700 3293 ut
2718 3239 2827 3307 jam
2856 3237 3127 3307 prmterita
3160 3238 3504 3292 vaticinatur.
3526 3237 3688 3292 Dein—

2114 3331 2182 3386 de
2216 3346 2345 3385 vero
2374 3331 2552 3394 docet,
2578 3330 2759 3399 qualia
2803 3328 2918 3396 jam
2956 3328 3082 3382 olim
3114 3328 3358 3399 prodigia
3388 3327 3530 3383 Deus
3550 3344 3684 3398 ope-

2114 3430 2268 3477 ratus
2299 3423 2390 3483 sit,
2427 3422 2507 3476 sic
2532 3422 2760 3490 loquens
2786 3438 2799 3474 :
2837 3419 2916 3473 Tu
2946 3420 3277 3489 confirmasti
3298 3420 3352 3473 in
3376 3420 3566 3474 virtute
3590 3430 3683 3475 tua

2116 3532 2281 3570 mare.
2317 3513 2422 3568 Pro
2454 3514 2547 3567 illo
2580 3521 2784 3574 autem,
2825 3523 2880 3564 tu
2914 3512 3262 3581 conﬁrmasti,
3301 3511 3681 3583 Symmachus,

2118 3605 2196 3658 Tu
2230 3604 2507 3673 dissipasti
2547 3605 2737 3657 virtute
2772 3612 2863 3655 tua
2915 3619 3097 3667 mare,
3136 3603 3523 3674 interpretatus
3574 3613 3679 3660 est.

2116 3694 2180 3747 Et
2212 3694 2343 3748 mihi
2398 3693 2617 3763 quidem
2671 3693 2888 3747 videtur
2923 3692 3181 3748 historice
3220 3694 3683 3766 indicare‘populi

2113 3801 2208 3855 per
2225 3800 2373 3839 mare
2396 3785 2808 3839 Rubrum‘duce
2842 3784 3023 3855 Moyse
3048 3786 3360 3841 transitum.
3386 3784 3565 3852 Quare
3596 3802 3684 3842 se-

2114 3877 2351 3930 cundum
2390 3874 2772 3945 Symmachum
2799 3875 2999 3929 dicitur
3031 3895 3044 3929 :
3078 3874 3157 3930 Tu
3194 3876 3469 3945 dissipasti
3492 3878 3683 3931 virtute

2115 3975 2207 4018 tua
2235 3979 2414 4023 mare:
2440 3965 2741 4019 secundum
2770 3963 3199 4020 Theodotionem
3241 3980 3399 4021 vero:
3431 3965 3509 4018 Tu
3545 3965 3684 4019 divi-

2112 4057 2231 4110 sisti
2273 4056 2329 4110 in
2378 4058 2611 4125 potentia
2674 4066 2767 4109 tua
2823 4073 2989 4109 mare.
3041 4055 3243 4111 Deinde
3296 4055 3582 4127 Egyptios
3627 4065 3684 4111 et

2115 4147 2454 4201 Pharaonem
2507 4148 2834 4202 adumbrare
2882 4148 3016 4202 mihi
3057 4146 3294 4215 videtur,
3316 4148 3553 4206 dicens:
3603 4149 3681 4204 Ta

2113 4241 2408 4294 contrivisti
2429 4241 2606 4308 capita
2648 4239 2940 4294 draconum
2968 4241 3024 4293 in
3055 4256 3215 4309 aqua.
3261 4240 3340 4295 Tu
3382 4241 3679 4311 confregisti

2114 4332 2288 4401 capita
2311 4332 2580 4386 draconis.
2608 4330 2713 4386 Per
2740 4332 3035 4388 draconem
3068 4333 3277 4388 scilicet
3319 4333 3681 4400 Pharaonem,

2113 4436 2210 4490 per
2255 4423 2435 4493 capita
2463 4437 2594 4477 vero
2640 4423 2781 4491 ejus,
2817 4424 3090 4492 principes
3121 4426 3215 4493 qui
3262 4424 3365 4479 sub
3404 4440 3472 4481 eo
3523 4432 3683 4480 erant

435 4530 527 4589 μοι
565 4514 714 4568 δοκεῖ
757 4516 1008 4583 φάσκωνο
1057 4516 1140 4570 Σὺ
1182 4515 1551 4585 συνέτριψας
1598 4516 1705 4582 τὰς
1726 4516 2014 4587 ,κεφαλὰς

2118 4513 2466 4581 subiudicat;
2500 4513 2615 4570 sive
2649 4530 2745 4585 per
2776 4516 3063 4580 dracones,
3107 4514 3421 4586 Egyptios;
3453 4531 3550 4584 per
3584 4530 3681 4571 ca-

431 4601 552 4657 τῶν
573 4605 914 4673 δρακόντων
944 4605 1044 4659 ἐπὶ
1073 4606 1178 4660 τοῦ
1215 4605 1468 4672 ὕδατοςο
1505 4606 1588 4660 σὺ
1625 4607 2013 4675 συνέθλασας

429 4695 538 4760 τὰς
591 4695 858 4765 κεφαλὰς
897 4696 1003 4751 τοῦ
1048 4696 1405 4765 δράκοντοςο
1455 4698 1723 4769 δράκοντα
1775 4700 1872 4770 μὲν
1919 4699 2012 4753 τὸν

429 4785 648 4857 Φαραὼ,
686 4786 927 4855 κεφαλὰς
957 4787 1015 4840 δὲ
1057 4786 1220 4840 αὑτοῦ
1272 4788 1399 4851 τοὺς
1431 4788 1522 4840 ὑπ’
1554 4790 1715 4843 αὐτὸν
1748 4790 2011 4861 ἄρχοντας

430 4876 831 4945 αἰνιττόμενοςο
869 4877 903 4946 ἢ
951 4877 1249 4947 δράκοντας
1292 4880 1420 4943 τοὺς
1459 4879 1804 4949 Αἰγυπτίους,
1843 4894 2011 4951 κεφα-

430 4967 526 5031 λὰς
565 4968 623 5021 δὲ
664 4967 840 5021 αὐτῶν
880 4967 1006 5032 τοὺς
1036 4972 1327 5038 τριστάτας
1372 4973 1467 5025 καὶ
1510 4973 1637 5033 τοὺς
1677 4975 2008 5045 ἡγουμένους

430 5058 610 5111 αὐτῶν
662 5058 960 5129 ὀνομάζων.
1016 5060 1089 5113 Τὸ
1130 5062 1221 5126 δὲ,
1256 5062 1521 5129 Ἕδωκας
1567 5064 1757 5118 αὐτὸν
1797 5063 2009 5134 ,βρῶμα

428 5148 591 5214 λαοῖς
624 5149 747 5214 τοῖς
770 5150 1061 5218 Αἰθίοψιν,
1094 5152 1235 5205 εἴποι
1269 5153 1335 5207 ἄν
1358 5171 1440 5217 τις
1477 5154 1546 5207 τὰ
1578 5154 1745 5226 νεκρὰ
1782 5155 2008 5226 σώματα

429 5238 627 5305 αὐτῶν,
659 5240 1030 5310 έκϐρασθέντα
1073 5243 1169 5312 τῆς
1204 5243 1495 5313 θαλάσσης,
1532 5245 1696 5316 βορὰν
1727 5247 2005 5314 γεγονέναι

427 5334 538 5395 τοῖς
589 5334 856 5395 πετεινοῖς
902 5332 994 5385 τοῦ
1048 5333 1296 5404 ούρανοῦ.
1340 5336 1484 5389 Ἀντὶ
1525 5336 1583 5388 δὲ
1612 5335 1726 5402 τοῦ,
1759 5338 1882 5404 τοῖς
1909 5341 2005 5392 Αί-

426 5425 649 5490 θιοψιν,
673 5424 702 5475 ὁ
743 5424 844 5494 μὲν
880 5424 1127 5487 Ἀκύλας,
1168 5425 1293 5492 τοῖς
1328 5426 1836 5497 ἐξελευσομένας,
1878 5431 1907 5481 ὁ
1946 5429 2004 5482 δὲ

403 5514 735 5575 “Θεοδσείων,
775 5514 854 5580 τῷ
896 5515 1152 5585 ἐσχάτῳ,
1188 5518 1282 5571 καὶ
1318 5518 1349 5589 ἡ
1395 5521 1617 5591 πέμπτη
1666 5520 1895 5584 ἐκδοσις,
1923 5520 2004 5585 τῷ

423 5604 815 5672 ἐξεληλυθότι
840 5645 855 5670 ,
910 5608 1279 5678 ἠρμήνευσαν.
1329 5609 1450 5664 Τῶν
1502 5612 1603 5681 μὲν
1649 5615 1717 5683 τῇ
1768 5612 2005 5684 Ἐρυθρᾷ

424 5692 667 5766 θαλάσσῃ
720 5697 1242 5753 καταποντωθέντων
1298 5701 1678 5772 μνημονεύσας
1732 5704 1762 5755 6
1822 5703 1998 5773 λόγος,

420 5782 550 5868 δέἧς
604 5785 841 5849 καὶτῶν
887 5789 1025 5866 μετά
1072 5791 1243 5853 ταῦτα
1288 5794 1688 5873 πεπραγμένων
1740 5796 1997 5869 ἀναφέρει

2113 4605 2223 4675 pita
2248 4619 2375 4658 vero
2393 4619 2603 4668 eorum,
2636 4604 2908 4675 principes
2946 4613 3001 4660 et
3040 4605 3208 4660 duces
3247 4620 3437 4659 eorum
3469 4604 3681 4675 signiﬁ-

2111 4704 2219 4752 cat.
2249 4696 2382 4752 iltud
2408 4704 2609 4760 autem,
2645 4695 2850 4751 Dedisti
2877 4712 2996 4750 eam
3032 4712 3206 4751 escam
3238 4695 3445 4766 populi:
3467 4696 3681 4756 Ethio-

2109 4788 2285 4857 pibus.
2310 4790 2392 4845 sic
2417 4789 2651 4858 explicet
2691 4788 2984 4857 quispiam,
3013 4790 3158 4858 quod
3184 4800 3447 4845 cadavera
3488 4805 3678 4846 eorum

2109 4878 2177 4930 ad
2228 4878 2384 4933 littus
2413 4878 2583 4932 maris
2616 4878 2821 4947 rejecta
2851 4877 2906 4931 in
2959 4892 3145 4933 escam
3193 4881 3504 4937 volatilibus
3551 4883 3676 4939 caeli

2109 4965 2332 5021 fuerint.
2366 4966 2474 5021 Pro
2505 4968 2599 5021 illo
2622 4974 2827 5032 autem,
2858 4966 3222 5037 Ethiopibus,
3249 4972 3441 5040 Aquila
3460 5012 3477 5035 ,
3506 4988 3679 5043 egres-

2108 5059 2287 5122 suris;
2318 5057 2637 5122 Theodotio,
2662 5059 2983 5121 novissimo;
3016 5061 3207 5129 quinta
3238 5062 3425 5127 editio,
3447 5079 3673 5132 egresso,

2108 5153 2447 5222 interpretati
2478 5158 2626 5206 sunt.
2660 5149 2955 5220 Postquam
2987 5166 3176 5206 eorum
3204 5154 3297 5223 qui
3328 5155 3382 5207 in
3410 5155 3545 5208 mari
3567 5152 3676 5210 Ru-

2106 5244 2207 5298 bro
2229 5243 2461 5299 demersi
2504 5250 2632 5297 sunt
2662 5245 2865 5297 mentio
2894 5244 3033 5298 facta
3062 5253 3167 5306 est,
3194 5243 3296 5298 sub
3340 5244 3452 5297 haec
3483 5258 3674 5299 eorum

2105 5352 2226 5406 qua}
2248 5343 2435 5406 postea
2465 5342 2617 5404 gesta
2650 5342 2777 5388 sunt
2810 5336 3129 5389 memoriam
3168 5334 3409 5397 relricat,
3440 5334 3670 5395 dicens:

2108 5429 2188 5483 Tu
2237 5427 2488 5494 dirupisti
2532 5425 2703 5496 fontes
2739 5435 2789 5480 et
2813 5433 3089 5482 torrentes.
3119 5425 3237 5481 Non
3264 5427 3407 5481 enim
3457 5424 3675 5497 Moyses

2103 5527 2222 5575 erat
2253 5521 2343 5588 qui
2369 5526 2577 5588 petram
2604 5518 2754 5589 virga
2781 5519 3113 5588 percutiens,
3134 5533 3202 5574 ex
3223 5518 3314 5571 illa
3341 5517 3529 5573 eduxit
3548 5517 3671 5575 fon-

2104 5620 2187 5667 tes
2219 5619 2273 5665 et
2305 5619 2605 5678 torrentes;
2645 5612 2741 5667 sed
2783 5619 2863 5675 tu,
2910 5610 3075 5676 Deus,
3109 5626 3253 5675 eras,
3283 5610 3376 5681 qui
3420 5611 3535 5666 hate
3570 5626 3669 5683 per

2108 5703 2346 5775 Moysen]
2395 5703 2658 5757 miracula
2685 5703 2959 5773 patrabas.
2995 5703 3151 5769 Quod
3198 5703 3415 5761 additur
3459 5711 3662 5767 autem.

2106 5794 2148 5855 Τ
2154 5812 2183 5851 ιι
2211 5795 2427 5851 siccasti
2460 5796 2646 5865 (invios
2690 5794 2904 5863 Etham,
2932 5795 2996 5851 ad
3027 5794 3317 5852 Jordanem
3369 5795 3663 5861 referatur,
