  <div class='ocr_page' id='page_1' title='image "/cluster/home/n/w/nwhite01/storage/ocr_20150623/23/nnc1.0046978313/457.png"; bbox 0 0 4078 6432; ppageno 0'>
   <div class='ocr_carea' id='block_1_1' title="bbox 456 309 567 370">
    <p class='ocr_par' dir='ltr' id='par_1_1' title="bbox 456 309 567 370">
     <span class='ocr_line' id='line_1_1' title="bbox 456 309 567 370; baseline 0.018 -2"><span class='ocrx_word' id='word_1_1' title='bbox 456 309 567 370; x_wconf 75' lang='lat'><strong>863</strong></span> 
     </span>
    </p>
   </div>
   <div class='ocr_carea' id='block_1_2' title="bbox 1128 306 3037 367">
    <p class='ocr_par' dir='ltr' id='par_1_2' title="bbox 1128 306 3037 367">
     <span class='ocr_line' id='line_1_2' title="bbox 1128 306 3037 367; baseline -0.001 -4"><span class='ocrx_word' id='word_1_2' title='bbox 1128 308 1399 365; x_wconf 79' lang='lat' dir='ltr'><strong>EUSEBH</strong></span> <span class='ocrx_word' id='word_1_3' title='bbox 1436 307 1909 364; x_wconf 66' lang='lat' dir='ltr'><strong>CAESARIENSIS</strong></span> <span class='ocrx_word' id='word_1_4' title='bbox 1945 307 2096 364; x_wconf 85' lang='lat' dir='ltr'><strong>OPP.</strong></span> <span class='ocrx_word' id='word_1_5' title='bbox 2138 306 2317 364; x_wconf 81' lang='lat' dir='ltr'><strong>PARS</strong></span> <span class='ocrx_word' id='word_1_6' title='bbox 2355 308 2444 365; x_wconf 95' lang='grc'><strong>111.</strong></span> <span class='ocrx_word' id='word_1_7' title='bbox 2484 339 2554 351; x_wconf 86' lang='grc'><strong><em>-</em></strong></span> <span class='ocrx_word' id='word_1_8' title='bbox 2586 308 2994 367; x_wconf 78' lang='lat' dir='ltr'><strong>EXEGETICA.</strong></span> <span class='ocrx_word' id='word_1_9' title='bbox 3032 352 3037 361; x_wconf 80' lang='lat'><strong>.</strong></span> 
     </span>
    </p>
   </div>
   <div class='ocr_carea' id='block_1_3' title="bbox 3605 310 3713 367">
    <p class='ocr_par' dir='ltr' id='par_1_3' title="bbox 3605 310 3713 367">
     <span class='ocr_line' id='line_1_3' title="bbox 3605 310 3713 367; baseline 0.009 -2"><span class='ocrx_word' id='word_1_10' title='bbox 3605 310 3713 367; x_wconf 79' lang='grc'><strong>864</strong></span> 
     </span>
    </p>
   </div>
   <div class='ocr_carea' id='block_1_4' title="bbox 456 423 2008 499">
    <p class='ocr_par' dir='ltr' id='par_1_4' title="bbox 456 423 2005 495">
     <span class='ocr_line' id='line_1_4' title="bbox 456 423 2005 495; baseline -0.002 -14"><span class='ocrx_word' id='word_1_11' title='bbox 456 437 620 493; x_wconf 69' lang='lat' dir='ltr'><strong>quam</strong></span> <span class='ocrx_word' id='word_1_12' title='bbox 657 424 751 479; x_wconf 79' lang='lat' dir='ltr'><strong>ﬁlii</strong></span> <span class='ocrx_word' id='word_1_13' title='bbox 796 423 963 481; x_wconf 88' lang='lat' dir='ltr'><strong>Israel</strong></span> <span class='ocrx_word' id='word_1_14' title='bbox 997 433 1119 495; x_wconf 89' lang='lat' dir='ltr'><strong>post</strong></span> <span class='ocrx_word' id='word_1_15' title='bbox 1167 425 1370 494; x_wconf 76' lang='lat' dir='ltr'><strong>Moysis</strong></span> <span class='ocrx_word' id='word_1_16' title='bbox 1415 426 1831 493; x_wconf 88' lang='lat' dir='ltr'><strong>mortem,duce</strong></span> <span class='ocrx_word' id='word_1_17' title='bbox 1874 423 2005 481; x_wconf 80' lang='lat' dir='ltr'><strong>Jesu</strong></span> 
     </span>
    </p>
   </div>
   <div class='ocr_carea' id='block_1_5' title="bbox 2108 423 3712 499">
    <p class='ocr_par' dir='ltr' id='par_1_5' title="bbox 2128 423 3712 499">
     <span class='ocr_line' id='line_1_5' title="bbox 2128 423 3712 499; baseline 0.004 -21"><span class='ocrx_word' id='word_1_18' title='bbox 2128 423 2228 495; x_wconf 78' lang='grc' dir='ltr'><strong>τὴν</strong></span> <span class='ocrx_word' id='word_1_19' title='bbox 2277 426 2495 497; x_wconf 84' lang='grc' dir='ltr'>μνήμην</span> <span class='ocrx_word' id='word_1_20' title='bbox 2528 426 2701 494; x_wconf 86' lang='grc' dir='ltr'>λέγων</span> <span class='ocrx_word' id='word_1_21' title='bbox 2720 442 2733 455; x_wconf 88' lang='grc'><strong>·</strong></span> <span class='ocrx_word' id='word_1_22' title='bbox 2769 426 2853 479; x_wconf 84' lang='grc' dir='ltr'><strong><em>Σὺ</em></strong></span> <span class='ocrx_word' id='word_1_23' title='bbox 2881 424 3192 495; x_wconf 69' lang='grc' dir='ltr'>διέρῤηξας</span> <span class='ocrx_word' id='word_1_24' title='bbox 3220 424 3416 496; x_wconf 73' lang='grc' dir='ltr'>πηγὰς</span> <span class='ocrx_word' id='word_1_25' title='bbox 3446 426 3545 481; x_wconf 72' lang='grc' dir='ltr'><strong>καί</strong></span> <span class='ocrx_word' id='word_1_26' title='bbox 3590 447 3712 499; x_wconf 65' lang='grc' dir='ltr'>χει-</span> 
     </span>
    </p>
   </div>
   <div class='ocr_carea' id='block_1_6' title="bbox 454 515 2029 588">
    <p class='ocr_par' dir='ltr' id='par_1_6' title="bbox 454 515 2029 588">
     <span class='ocr_line' id='line_1_6' title="bbox 454 515 2029 588; baseline -0.003 -15"><span class='ocrx_word' id='word_1_27' title='bbox 454 517 788 574; x_wconf 66' lang='lat' dir='ltr'><strong>exsiccatum</strong></span> <span class='ocrx_word' id='word_1_28' title='bbox 837 517 1066 588; x_wconf 82' lang='lat' dir='ltr'><strong>pedibus</strong></span> <span class='ocrx_word' id='word_1_29' title='bbox 1114 521 1471 574; x_wconf 86' lang='lat' dir='ltr'><strong>transierunt.</strong></span> <span class='ocrx_word' id='word_1_30' title='bbox 1498 515 1595 573; x_wconf 88' lang='lat' dir='ltr'><strong>Est</strong></span> <span class='ocrx_word' id='word_1_31' title='bbox 1628 524 1809 572; x_wconf 87' lang='lat' dir='ltr'><strong>autem</strong></span> <span class='ocrx_word' id='word_1_32' title='bbox 1857 516 2029 587; x_wconf 84' lang='lat' dir='ltr'><strong>ﬁgura</strong></span> 
     </span>
    </p>
   </div>
   <div class='ocr_carea' id='block_1_7' title="bbox 452 607 2025 683">
    <p class='ocr_par' dir='ltr' id='par_1_7' title="bbox 452 607 2025 683">
     <span class='ocr_line' id='line_1_7' title="bbox 452 607 2025 683; baseline -0.001 -19"><span class='ocrx_word' id='word_1_33' title='bbox 452 611 777 681; x_wconf 80' lang='lat' dir='ltr'><strong>periteptica,</strong></span> <span class='ocrx_word' id='word_1_34' title='bbox 824 626 947 682; x_wconf 69' lang='lat' dir='ltr'><strong>quae</strong></span> <span class='ocrx_word' id='word_1_35' title='bbox 997 627 1096 682; x_wconf 92' lang='lat' dir='ltr'><strong>pro</strong></span> <span class='ocrx_word' id='word_1_36' title='bbox 1141 612 1409 683; x_wconf 76' lang='lat' dir='ltr'><strong>singulari</strong></span> <span class='ocrx_word' id='word_1_37' title='bbox 1460 610 1729 681; x_wconf 84' lang='lat' dir='ltr'><strong>pluralem</strong></span> <span class='ocrx_word' id='word_1_38' title='bbox 1786 607 2025 664; x_wconf 79' lang='lat' dir='ltr'><strong>adhibet.</strong></span> 
     </span>
    </p>
   </div>
   <div class='ocr_carea' id='block_1_8' title="bbox 454 698 2028 773">
    <p class='ocr_par' dir='ltr' id='par_1_8' title="bbox 454 698 2028 773">
     <span class='ocr_line' id='line_1_8' title="bbox 454 698 2028 773; baseline 0.001 -19"><span class='ocrx_word' id='word_1_39' title='bbox 454 701 649 755; x_wconf 84' lang='lat' dir='ltr'><strong>Etham</strong></span> <span class='ocrx_word' id='word_1_40' title='bbox 696 718 827 757; x_wconf 88' lang='lat' dir='ltr'><strong>vero</strong></span> <span class='ocrx_word' id='word_1_41' title='bbox 875 702 1095 773; x_wconf 88' lang='lat' dir='ltr'><strong>Aquila,</strong></span> <span class='ocrx_word' id='word_1_42' title='bbox 1136 703 1334 758; x_wconf 83' lang='lat' dir='ltr'><strong>solidos</strong></span> <span class='ocrx_word' id='word_1_43' title='bbox 1383 702 1613 771; x_wconf 75' lang='lat' dir='ltr'><strong>ﬂuvios;</strong></span> <span class='ocrx_word' id='word_1_44' title='bbox 1666 698 2028 772; x_wconf 79' lang='lat' dir='ltr'><strong>Symmachus</strong></span> 
     </span>
    </p>
   </div>
   <div class='ocr_carea' id='block_1_9' title="bbox 384 788 2029 864">
    <p class='ocr_par' dir='ltr' id='par_1_9' title="bbox 384 788 2029 864">
     <span class='ocr_line' id='line_1_9' title="bbox 384 788 2029 864; baseline -0.001 -18"><span class='ocrx_word' id='word_1_45' title='bbox 384 788 399 809; x_wconf 72' lang='grc'><em>²’</em></span> <span class='ocrx_word' id='word_1_46' title='bbox 452 800 656 859; x_wconf 88' lang='lat' dir='ltr'><strong>autem,</strong></span> <span class='ocrx_word' id='word_1_47' title='bbox 681 794 950 864; x_wconf 85' lang='lat' dir='ltr'><strong>antiquos,</strong></span> <span class='ocrx_word' id='word_1_48' title='bbox 979 794 1171 848; x_wconf 89' lang='lat' dir='ltr'><strong>edidit.</strong></span> <span class='ocrx_word' id='word_1_49' title='bbox 1205 792 1332 849; x_wconf 65' lang='lat' dir='ltr'><strong>Haec</strong></span> <span class='ocrx_word' id='word_1_50' title='bbox 1357 793 1578 863; x_wconf 85' lang='lat' dir='ltr'><strong>quidem</strong></span> <span class='ocrx_word' id='word_1_51' title='bbox 1605 791 1904 847; x_wconf 91' lang='lat' dir='ltr'><strong>secundum</strong></span> <span class='ocrx_word' id='word_1_52' title='bbox 1937 791 2029 845; x_wconf 89' lang='lat' dir='ltr'><strong>lit-</strong></span> 
     </span>
    </p>
   </div>
   <div class='ocr_carea' id='block_1_10' title="bbox 450 882 2027 955">
    <p class='ocr_par' dir='ltr' id='par_1_10' title="bbox 450 882 2027 955">
     <span class='ocr_line' id='line_1_10' title="bbox 450 882 2027 955; baseline 0.001 -20"><span class='ocrx_word' id='word_1_53' title='bbox 450 890 621 937; x_wconf 90' lang='lat' dir='ltr'><strong>teram</strong></span> <span class='ocrx_word' id='word_1_54' title='bbox 650 882 796 937; x_wconf 90' lang='lat' dir='ltr'><strong>dicta</strong></span> <span class='ocrx_word' id='word_1_55' title='bbox 827 884 958 939; x_wconf 91' lang='lat' dir='ltr'><strong>sint.</strong></span> <span class='ocrx_word' id='word_1_56' title='bbox 994 884 1225 955; x_wconf 86' lang='lat' dir='ltr'><strong>Tropice</strong></span> <span class='ocrx_word' id='word_1_57' title='bbox 1253 891 1433 939; x_wconf 88' lang='lat' dir='ltr'><strong>autem</strong></span> <span class='ocrx_word' id='word_1_58' title='bbox 1460 883 1733 954; x_wconf 90' lang='lat' dir='ltr'><strong>loquendo</strong></span> <span class='ocrx_word' id='word_1_59' title='bbox 1772 882 1886 938; x_wconf 68' lang='lat' dir='ltr'><strong>haac</strong></span> <span class='ocrx_word' id='word_1_60' title='bbox 1909 882 2027 937; x_wconf 88' lang='lat' dir='ltr'><strong>loca</strong></span> 
     </span>
    </p>
   </div>
   <div class='ocr_carea' id='block_1_11' title="bbox 448 972 2023 1046">
    <p class='ocr_par' dir='ltr' id='par_1_11' title="bbox 448 972 2023 1046">
     <span class='ocr_line' id='line_1_11' title="bbox 448 972 2023 1046; baseline 0.003 -19"><span class='ocrx_word' id='word_1_61' title='bbox 448 972 649 1030; x_wconf 77' lang='lat' dir='ltr'><strong>referet</strong></span> <span class='ocrx_word' id='word_1_62' title='bbox 681 977 953 1046; x_wconf 86' lang='lat' dir='ltr'><strong>quispiam</strong></span> <span class='ocrx_word' id='word_1_63' title='bbox 985 976 1053 1030; x_wconf 90' lang='lat' dir='ltr'><strong>ad</strong></span> <span class='ocrx_word' id='word_1_64' title='bbox 1087 977 1333 1033; x_wconf 81' lang='lat' dir='ltr'><strong>occultas</strong></span> <span class='ocrx_word' id='word_1_65' title='bbox 1359 984 1414 1032; x_wconf 89' lang='lat' dir='ltr'><strong>et</strong></span> <span class='ocrx_word' id='word_1_66' title='bbox 1444 975 1745 1031; x_wconf 83' lang='lat' dir='ltr'><strong>invisibiles</strong></span> <span class='ocrx_word' id='word_1_67' title='bbox 1771 977 2023 1040; x_wconf 87' lang='lat' dir='ltr'><strong>virtutes,</strong></span> 
     </span>
    </p>
   </div>
   <div class='ocr_carea' id='block_1_12' title="bbox 444 1063 2025 1137">
    <p class='ocr_par' dir='ltr' id='par_1_12' title="bbox 444 1063 2025 1137">
     <span class='ocr_line' id='line_1_12' title="bbox 444 1063 2025 1137; baseline 0.005 -19"><span class='ocrx_word' id='word_1_68' title='bbox 444 1063 699 1137; x_wconf 75' lang='lat' dir='ltr'><strong>dicetque</strong></span> <span class='ocrx_word' id='word_1_69' title='bbox 719 1082 814 1123; x_wconf 88' lang='lat' dir='ltr'><strong>eas</strong></span> <span class='ocrx_word' id='word_1_70' title='bbox 845 1084 971 1124; x_wconf 91' lang='lat' dir='ltr'><strong>esse</strong></span> <span class='ocrx_word' id='word_1_71' title='bbox 1004 1069 1298 1134; x_wconf 87' lang='lat' dir='ltr'><strong>dracones,</strong></span> <span class='ocrx_word' id='word_1_72' title='bbox 1333 1075 1391 1123; x_wconf 93' lang='lat' dir='ltr'><strong>ut</strong></span> <span class='ocrx_word' id='word_1_73' title='bbox 1422 1068 1512 1123; x_wconf 92' lang='lat' dir='ltr'><strong>hic</strong></span> <span class='ocrx_word' id='word_1_74' title='bbox 1544 1078 1839 1137; x_wconf 85' lang='lat' dir='ltr'><strong>vocantur;</strong></span> <span class='ocrx_word' id='word_1_75' title='bbox 1873 1086 2025 1126; x_wconf 90' lang='lat' dir='ltr'><strong>mare</strong></span> 
     </span>
    </p>
   </div>
   <div class='ocr_carea' id='block_1_13' title="bbox 445 1160 2022 1232">
    <p class='ocr_par' dir='ltr' id='par_1_13' title="bbox 445 1160 2022 1232">
     <span class='ocr_line' id='line_1_13' title="bbox 445 1160 2022 1232; baseline 0.006 -23"><span class='ocrx_word' id='word_1_76' title='bbox 445 1162 628 1212; x_wconf 86' lang='lat' dir='ltr'><strong>autem</strong></span> <span class='ocrx_word' id='word_1_77' title='bbox 670 1160 882 1229; x_wconf 87' lang='lat' dir='ltr'><strong>tropice</strong></span> <span class='ocrx_word' id='word_1_78' title='bbox 926 1169 1231 1232; x_wconf 89' lang='lat' dir='ltr'><strong>sumptum,</strong></span> <span class='ocrx_word' id='word_1_79' title='bbox 1259 1177 1449 1218; x_wconf 89' lang='lat' dir='ltr'><strong>eorum</strong></span> <span class='ocrx_word' id='word_1_80' title='bbox 1480 1178 1603 1219; x_wconf 87' lang='lat' dir='ltr'><strong>esse</strong></span> <span class='ocrx_word' id='word_1_81' title='bbox 1644 1162 1977 1218; x_wconf 87' lang='lat' dir='ltr'><strong>domicilium</strong></span> <span class='ocrx_word' id='word_1_82' title='bbox 2007 1182 2022 1231; x_wconf 91' lang='lat'><strong>;</strong></span> 
     </span>
    </p>
   </div>
   <div class='ocr_carea' id='block_1_14' title="bbox 445 1250 2021 1327">
    <p class='ocr_par' dir='ltr' id='par_1_14' title="bbox 445 1250 2021 1327">
     <span class='ocr_line' id='line_1_14' title="bbox 445 1250 2021 1327; baseline 0.004 -22"><span class='ocrx_word' id='word_1_83' title='bbox 445 1250 845 1319; x_wconf 89' lang='lat' dir='ltr'><strong>perdraconem</strong></span> <span class='ocrx_word' id='word_1_84' title='bbox 862 1269 992 1308; x_wconf 91' lang='lat' dir='ltr'><strong>vero</strong></span> <span class='ocrx_word' id='word_1_85' title='bbox 1005 1255 1173 1309; x_wconf 91' lang='lat' dir='ltr'><strong>multa</strong></span> <span class='ocrx_word' id='word_1_86' title='bbox 1188 1255 1370 1325; x_wconf 87' lang='lat' dir='ltr'><strong>capita</strong></span> <span class='ocrx_word' id='word_1_87' title='bbox 1389 1255 1701 1319; x_wconf 91' lang='lat' dir='ltr'><strong>habentem,</strong></span> <span class='ocrx_word' id='word_1_88' title='bbox 1723 1256 2021 1327; x_wconf 89' lang='lat' dir='ltr'><strong>principem</strong></span> 
     </span>
    </p>
   </div>
   <div class='ocr_carea' id='block_1_15' title="bbox 444 1342 2023 1418">
    <p class='ocr_par' dir='ltr' id='par_1_15' title="bbox 444 1342 2023 1418">
     <span class='ocr_line' id='line_1_15' title="bbox 444 1342 2023 1418; baseline 0.004 -23"><span class='ocrx_word' id='word_1_89' title='bbox 444 1342 809 1411; x_wconf 84' lang='lat' dir='ltr'><strong>malignorum</strong></span> <span class='ocrx_word' id='word_1_90' title='bbox 855 1345 1148 1415; x_wconf 88' lang='lat' dir='ltr'><strong>spirituum</strong></span> <span class='ocrx_word' id='word_1_91' title='bbox 1197 1346 1469 1402; x_wconf 90' lang='lat' dir='ltr'><strong>indicari:</strong></span> <span class='ocrx_word' id='word_1_92' title='bbox 1519 1347 1585 1402; x_wconf 90' lang='lat' dir='ltr'><strong>ad</strong></span> <span class='ocrx_word' id='word_1_93' title='bbox 1616 1364 1778 1418; x_wconf 90' lang='lat' dir='ltr'><strong>quem</strong></span> <span class='ocrx_word' id='word_1_94' title='bbox 1822 1349 2023 1403; x_wconf 78' lang='lat' dir='ltr'><strong>dixerit</strong></span> 
     </span>
    </p>
   </div>
   <div class='ocr_carea' id='block_1_16' title="bbox 444 1432 2022 1510">
    <p class='ocr_par' dir='ltr' id='par_1_16' title="bbox 444 1432 2022 1510">
     <span class='ocr_line' id='line_1_16' title="bbox 444 1432 2022 1510; baseline 0.005 -24"><span class='ocrx_word' id='word_1_95' title='bbox 444 1432 715 1503; x_wconf 84' lang='lat' dir='ltr'><strong>quispiam</strong></span> <span class='ocrx_word' id='word_1_96' title='bbox 748 1435 863 1490; x_wconf 56' lang='lat' dir='ltr'><strong>ha’c</strong></span> <span class='ocrx_word' id='word_1_97' title='bbox 896 1437 1170 1506; x_wconf 84' lang='lat' dir='ltr'><strong>pertinere</strong></span> <span class='ocrx_word' id='word_1_98' title='bbox 1203 1458 1217 1493; x_wconf 89' lang='lat'><strong>:</strong></span> <span class='ocrx_word' id='word_1_99' title='bbox 1263 1437 1340 1491; x_wconf 87' lang='lat' dir='ltr'><strong>Tu</strong></span> <span class='ocrx_word' id='word_1_100' title='bbox 1372 1439 1868 1510; x_wconf 78' lang='lat' dir='ltr'><strong>confregisticapita</strong></span> <span class='ocrx_word' id='word_1_101' title='bbox 1897 1440 2022 1494; x_wconf 86' lang='lat' dir='ltr'><strong>dra-</strong></span> 
     </span>
    </p>
   </div>
   <div class='ocr_carea' id='block_1_17' title="bbox 440 1523 2021 1599">
    <p class='ocr_par' dir='ltr' id='par_1_17' title="bbox 440 1523 2021 1599">
     <span class='ocr_line' id='line_1_17' title="bbox 440 1523 2021 1599; baseline 0.004 -21"><span class='ocrx_word' id='word_1_102' title='bbox 440 1525 615 1589; x_wconf 80' lang='lat' dir='ltr'><strong>conis,</strong></span> <span class='ocrx_word' id='word_1_103' title='bbox 646 1523 839 1579; x_wconf 76' lang='lat' dir='ltr'><strong>dedisti</strong></span> <span class='ocrx_word' id='word_1_104' title='bbox 876 1543 993 1580; x_wconf 84' lang='lat' dir='ltr'><strong>eum</strong></span> <span class='ocrx_word' id='word_1_105' title='bbox 1021 1543 1194 1581; x_wconf 88' lang='lat' dir='ltr'><strong>escam</strong></span> <span class='ocrx_word' id='word_1_106' title='bbox 1234 1528 1441 1597; x_wconf 82' lang='lat' dir='ltr'><strong>populis</strong></span> <span class='ocrx_word' id='word_1_107' title='bbox 1477 1526 1836 1599; x_wconf 64' lang='lat' dir='ltr'><strong>zEt/tiopibus.</strong></span> <span class='ocrx_word' id='word_1_108' title='bbox 1866 1530 2021 1597; x_wconf 64' lang='lat' dir='ltr'><strong>Quaa-</strong></span> 
     </span>
    </p>
   </div>
   <div class='ocr_carea' id='block_1_18' title="bbox 441 1615 2016 1691">
    <p class='ocr_par' dir='ltr' id='par_1_18' title="bbox 441 1615 2016 1691">
     <span class='ocr_line' id='line_1_18' title="bbox 441 1615 2016 1691; baseline 0.004 -22"><span class='ocrx_word' id='word_1_109' title='bbox 441 1624 528 1670; x_wconf 87' lang='lat' dir='ltr'><strong>ret</strong></span> <span class='ocrx_word' id='word_1_110' title='bbox 558 1615 698 1670; x_wconf 90' lang='lat' dir='ltr'><strong>idem</strong></span> <span class='ocrx_word' id='word_1_111' title='bbox 722 1618 942 1685; x_wconf 89' lang='lat' dir='ltr'><strong>quinam</strong></span> <span class='ocrx_word' id='word_1_112' title='bbox 978 1617 1263 1689; x_wconf 62' lang='lat' dir='ltr'><strong>Ethiopes</strong></span> <span class='ocrx_word' id='word_1_113' title='bbox 1291 1620 1563 1691; x_wconf 66' lang='lat' dir='ltr'><strong>allegoria:</strong></span> <span class='ocrx_word' id='word_1_114' title='bbox 1598 1637 1749 1677; x_wconf 90' lang='lat' dir='ltr'><strong>more</strong></span> <span class='ocrx_word' id='word_1_115' title='bbox 1795 1621 2016 1688; x_wconf 84' lang='lat' dir='ltr'><strong>fuerint,</strong></span> 
     </span>
    </p>
   </div>
   <div class='ocr_carea' id='block_1_19' title="bbox 440 1706 2019 1784">
    <p class='ocr_par' dir='ltr' id='par_1_19' title="bbox 440 1706 2019 1784">
     <span class='ocr_line' id='line_1_19' title="bbox 440 1706 2019 1784; baseline 0.006 -25"><span class='ocrx_word' id='word_1_116' title='bbox 440 1706 696 1777; x_wconf 84' lang='lat' dir='ltr'><strong>dicetque</strong></span> <span class='ocrx_word' id='word_1_117' title='bbox 720 1723 816 1763; x_wconf 87' lang='lat' dir='ltr'><strong>eos</strong></span> <span class='ocrx_word' id='word_1_118' title='bbox 840 1725 964 1764; x_wconf 90' lang='lat' dir='ltr'><strong>esse</strong></span> <span class='ocrx_word' id='word_1_119' title='bbox 990 1710 1085 1780; x_wconf 89' lang='lat' dir='ltr'><strong>qui</strong></span> <span class='ocrx_word' id='word_1_120' title='bbox 1117 1710 1300 1766; x_wconf 89' lang='lat' dir='ltr'><strong>anima</strong></span> <span class='ocrx_word' id='word_1_121' title='bbox 1340 1720 1469 1767; x_wconf 91' lang='lat' dir='ltr'><strong>sunt</strong></span> <span class='ocrx_word' id='word_1_122' title='bbox 1496 1713 1671 1783; x_wconf 76' lang='lat' dir='ltr'><strong>nigra,</strong></span> <span class='ocrx_word' id='word_1_123' title='bbox 1703 1728 1884 1784; x_wconf 91' lang='lat' dir='ltr'><strong>quosa</strong></span> <span class='ocrx_word' id='word_1_124' title='bbox 1907 1729 2019 1768; x_wconf 90' lang='lat' dir='ltr'><strong>me-</strong></span> 
     </span>
    </p>
   </div>
   <div class='ocr_carea' id='block_1_20' title="bbox 438 1799 2017 1875">
    <p class='ocr_par' dir='ltr' id='par_1_20' title="bbox 438 1799 2017 1875">
     <span class='ocr_line' id='line_1_20' title="bbox 438 1799 2017 1875; baseline 0.004 -23"><span class='ocrx_word' id='word_1_125' title='bbox 438 1806 653 1853; x_wconf 89' lang='lat' dir='ltr'><strong>morato</strong></span> <span class='ocrx_word' id='word_1_126' title='bbox 683 1799 926 1855; x_wconf 89' lang='lat' dir='ltr'><strong>dracone</strong></span> <span class='ocrx_word' id='word_1_127' title='bbox 960 1801 1171 1856; x_wconf 84' lang='lat' dir='ltr'><strong>comedi</strong></span> <span class='ocrx_word' id='word_1_128' title='bbox 1203 1804 1300 1871; x_wconf 89' lang='lat' dir='ltr'><strong>ait,</strong></span> <span class='ocrx_word' id='word_1_129' title='bbox 1320 1804 1617 1874; x_wconf 81' lang='lat' dir='ltr'><strong>eademque</strong></span> <span class='ocrx_word' id='word_1_130' title='bbox 1663 1805 2017 1875; x_wconf 88' lang='lat' dir='ltr'><strong>proportione</strong></span> 
     </span>
    </p>
   </div>
   <div class='ocr_carea' id='block_1_21' title="bbox 438 1887 2015 1959">
    <p class='ocr_par' dir='ltr' id='par_1_21' title="bbox 438 1887 2015 1959">
     <span class='ocr_line' id='line_1_21' title="bbox 438 1887 2015 1959; baseline 0.008 -20"><span class='ocrx_word' id='word_1_131' title='bbox 438 1902 547 1953; x_wconf 83' lang='lat' dir='ltr'><strong>qua</strong></span> <span class='ocrx_word' id='word_1_132' title='bbox 595 1887 632 1942; x_wconf 92' lang='lat' dir='ltr'><strong>ii</strong></span> <span class='ocrx_word' id='word_1_133' title='bbox 677 1890 769 1959; x_wconf 90' lang='lat' dir='ltr'><strong>qui</strong></span> <span class='ocrx_word' id='word_1_134' title='bbox 819 1893 1082 1949; x_wconf 83' lang='lat' dir='ltr'><strong>salutaris</strong></span> <span class='ocrx_word' id='word_1_135' title='bbox 1114 1892 1278 1949; x_wconf 79' lang='lat' dir='ltr'><strong>Verbi</strong></span> <span class='ocrx_word' id='word_1_136' title='bbox 1323 1911 1523 1951; x_wconf 85' lang='lat' dir='ltr'><strong>carnes</strong></span> <span class='ocrx_word' id='word_1_137' title='bbox 1559 1895 1894 1951; x_wconf 87' lang='lat' dir='ltr'><strong>comedunt:</strong></span> <span class='ocrx_word' id='word_1_138' title='bbox 1928 1895 2015 1951; x_wconf 89' lang='lat' dir='ltr'><strong>his</strong></span> 
     </span>
    </p>
   </div>
   <div class='ocr_carea' id='block_1_22' title="bbox 437 1980 2015 2055">
    <p class='ocr_par' dir='ltr' id='par_1_22' title="bbox 437 1980 2015 2055">
     <span class='ocr_line' id='line_1_22' title="bbox 437 1980 2015 2055; baseline 0.006 -26"><span class='ocrx_word' id='word_1_139' title='bbox 437 1988 841 2047; x_wconf 88' lang='lat' dir='ltr'><strong>consequenter</strong></span> <span class='ocrx_word' id='word_1_140' title='bbox 867 1980 1045 2037; x_wconf 86' lang='lat' dir='ltr'><strong>fontes</strong></span> <span class='ocrx_word' id='word_1_141' title='bbox 1072 1984 1322 2055; x_wconf 89' lang='lat' dir='ltr'><strong>diruptos</strong></span> <span class='ocrx_word' id='word_1_142' title='bbox 1351 1985 1407 2039; x_wconf 90' lang='lat' dir='ltr'><strong>in</strong></span> <span class='ocrx_word' id='word_1_143' title='bbox 1450 1995 1723 2040; x_wconf 86' lang='lat' dir='ltr'><strong>torrentes</strong></span> <span class='ocrx_word' id='word_1_144' title='bbox 1754 1993 1807 2039; x_wconf 92' lang='lat' dir='ltr'><strong>et</strong></span> <span class='ocrx_word' id='word_1_145' title='bbox 1834 1985 2015 2041; x_wconf 86' lang='lat' dir='ltr'><strong>sicca-</strong></span> 
     </span>
    </p>
   </div>
   <div class='ocr_carea' id='block_1_23' title="bbox 339 2066 2011 2147">
    <p class='ocr_par' dir='ltr' id='par_1_23' title="bbox 339 2066 2011 2147">
     <span class='ocr_line' id='line_1_23' title="bbox 339 2066 2011 2147; baseline 0.007 -30"><span class='ocrx_word' id='word_1_146' title='bbox 339 2083 348 2091; x_wconf 69' lang='lat'><strong>&#39;</strong></span> <span class='ocrx_word' id='word_1_147' title='bbox 436 2072 524 2121; x_wconf 84' lang='lat' dir='ltr'><strong>tos</strong></span> <span class='ocrx_word' id='word_1_148' title='bbox 573 2066 787 2133; x_wconf 88' lang='lat' dir='ltr'><strong>ﬂuvios,</strong></span> <span class='ocrx_word' id='word_1_149' title='bbox 820 2074 1033 2142; x_wconf 88' lang='lat' dir='ltr'><strong>tropico</strong></span> <span class='ocrx_word' id='word_1_150' title='bbox 1067 2074 1195 2130; x_wconf 90' lang='lat' dir='ltr'><strong>item</strong></span> <span class='ocrx_word' id='word_1_151' title='bbox 1245 2091 1396 2130; x_wconf 92' lang='lat' dir='ltr'><strong>more</strong></span> <span class='ocrx_word' id='word_1_152' title='bbox 1440 2077 1712 2147; x_wconf 83' lang='lat' dir='ltr'><strong>explicare</strong></span> <span class='ocrx_word' id='word_1_153' title='bbox 1760 2076 2011 2131; x_wconf 88' lang='lat' dir='ltr'><strong>tentabit.</strong></span> 
     </span>
    </p>
   </div>
   <div class='ocr_carea' id='block_1_24' title="bbox 436 2154 2013 2238">
    <p class='ocr_par' dir='ltr' id='par_1_24' title="bbox 436 2154 2013 2238">
     <span class='ocr_line' id='line_1_24' title="bbox 436 2154 2013 2238; baseline 0.008 -28"><span class='ocrx_word' id='word_1_154' title='bbox 436 2154 541 2211; x_wconf 86' lang='lat' dir='ltr'><strong>Sed</strong></span> <span class='ocrx_word' id='word_1_155' title='bbox 572 2174 673 2215; x_wconf 90' lang='lat' dir='ltr'><strong>nos</strong></span> <span class='ocrx_word' id='word_1_156' title='bbox 700 2169 985 2232; x_wconf 89' lang='lat' dir='ltr'><strong>postquam</strong></span> <span class='ocrx_word' id='word_1_157' title='bbox 1019 2180 1082 2221; x_wconf 91' lang='lat' dir='ltr'><strong>ea</strong></span> <span class='ocrx_word' id='word_1_158' title='bbox 1126 2165 1191 2220; x_wconf 88' lang='lat' dir='ltr'><strong>ad</strong></span> <span class='ocrx_word' id='word_1_159' title='bbox 1217 2167 1452 2221; x_wconf 90' lang='lat' dir='ltr'><strong>litteram</strong></span> <span class='ocrx_word' id='word_1_160' title='bbox 1473 2166 1909 2238; x_wconf 81' lang='lat' dir='ltr'><strong>explanavimu-s,</strong></span> <span class='ocrx_word' id='word_1_161' title='bbox 1945 2168 2013 2223; x_wconf 85' lang='lat' dir='ltr'><strong>ad</strong></span> 
     </span>
    </p>
   </div>
   <div class='ocr_carea' id='block_1_25' title="bbox 432 2254 2012 2331">
    <p class='ocr_par' dir='ltr' id='par_1_25' title="bbox 432 2254 2012 2331">
     <span class='ocr_line' id='line_1_25' title="bbox 432 2254 2012 2331; baseline 0.006 -28"><span class='ocrx_word' id='word_1_162' title='bbox 432 2254 630 2305; x_wconf 64' lang='lat' dir='ltr'><strong>caetera</strong></span> <span class='ocrx_word' id='word_1_163' title='bbox 661 2261 1027 2312; x_wconf 84' lang='lat' dir='ltr'><strong>transeamus.</strong></span> <span class='ocrx_word' id='word_1_164' title='bbox 1060 2256 1196 2312; x_wconf 91' lang='lat' dir='ltr'><strong>Cum</strong></span> <span class='ocrx_word' id='word_1_165' title='bbox 1222 2258 1555 2315; x_wconf 86' lang='lat' dir='ltr'><strong>declarasset</strong></span> <span class='ocrx_word' id='word_1_166' title='bbox 1586 2258 1847 2330; x_wconf 82' lang='lat' dir='ltr'><strong>prOpheta</strong></span> <span class='ocrx_word' id='word_1_167' title='bbox 1876 2275 2012 2331; x_wconf 89' lang='lat' dir='ltr'><strong>qua-</strong></span> 
     </span>
    </p>
   </div>
   <div class='ocr_carea' id='block_1_26' title="bbox 432 2339 2009 2417">
    <p class='ocr_par' dir='ltr' id='par_1_26' title="bbox 432 2339 2009 2417">
     <span class='ocr_line' id='line_1_26' title="bbox 432 2339 2009 2417; baseline 0.008 -22"><span class='ocrx_word' id='word_1_168' title='bbox 432 2339 505 2396; x_wconf 89' lang='lat' dir='ltr'><strong>lia</strong></span> <span class='ocrx_word' id='word_1_169' title='bbox 550 2343 816 2400; x_wconf 87' lang='lat' dir='ltr'><strong>miracula</strong></span> <span class='ocrx_word' id='word_1_170' title='bbox 870 2346 1014 2404; x_wconf 91' lang='lat' dir='ltr'><strong>Deus</strong></span> <span class='ocrx_word' id='word_1_171' title='bbox 1045 2358 1173 2403; x_wconf 85' lang='lat' dir='ltr'><strong>ante</strong></span> <span class='ocrx_word' id='word_1_172' title='bbox 1223 2350 1421 2405; x_wconf 68' lang='lat' dir='ltr'><strong>saecula</strong></span> <span class='ocrx_word' id='word_1_173' title='bbox 1465 2366 1558 2406; x_wconf 82' lang='lat' dir='ltr'><strong>rex</strong></span> <span class='ocrx_word' id='word_1_174' title='bbox 1609 2351 1865 2417; x_wconf 87' lang='lat' dir='ltr'><strong>ediderit,</strong></span> <span class='ocrx_word' id='word_1_175' title='bbox 1894 2352 2009 2407; x_wconf 68' lang='lat' dir='ltr'><strong>hzcc</strong></span> 
     </span>
    </p>
   </div>
   <div class='ocr_carea' id='block_1_27' title="bbox 429 2432 2005 2507">
    <p class='ocr_par' dir='ltr' id='par_1_27' title="bbox 429 2432 2005 2507">
     <span class='ocr_line' id='line_1_27' title="bbox 429 2432 2005 2507; baseline 0.008 -22"><span class='ocrx_word' id='word_1_176' title='bbox 429 2432 594 2488; x_wconf 85' lang='lat' dir='ltr'><strong>etiam</strong></span> <span class='ocrx_word' id='word_1_177' title='bbox 623 2436 809 2507; x_wconf 86' lang='lat' dir='ltr'><strong>adjicit</strong></span> <span class='ocrx_word' id='word_1_178' title='bbox 837 2458 849 2494; x_wconf 90' lang='lat'>:</span> <span class='ocrx_word' id='word_1_179' title='bbox 887 2439 1029 2495; x_wconf 87' lang='lat' dir='ltr'><strong>Tuus</strong></span> <span class='ocrx_word' id='word_1_180' title='bbox 1060 2450 1135 2495; x_wconf 89' lang='lat' dir='ltr'><strong>est</strong></span> <span class='ocrx_word' id='word_1_181' title='bbox 1165 2441 1297 2506; x_wconf 85' lang='lat' dir='ltr'><strong>dies,</strong></span> <span class='ocrx_word' id='word_1_182' title='bbox 1322 2452 1370 2498; x_wconf 88' lang='lat' dir='ltr'><strong>et</strong></span> <span class='ocrx_word' id='word_1_183' title='bbox 1404 2452 1495 2496; x_wconf 85' lang='lat' dir='ltr'><strong>tua</strong></span> <span class='ocrx_word' id='word_1_184' title='bbox 1517 2452 1595 2497; x_wconf 84' lang='lat' dir='ltr'><strong>est</strong></span> <span class='ocrx_word' id='word_1_185' title='bbox 1626 2459 1751 2499; x_wconf 76' lang='lat' dir='ltr'><strong>nox.</strong></span> <span class='ocrx_word' id='word_1_186' title='bbox 1779 2443 2005 2498; x_wconf 86' lang='lat' dir='ltr'><strong>Tantam</strong></span> 
     </span>
    </p>
   </div>
   <div class='ocr_carea' id='block_1_28' title="bbox 428 2525 2006 2605">
    <p class='ocr_par' dir='ltr' id='par_1_28' title="bbox 428 2525 2006 2605">
     <span class='ocr_line' id='line_1_28' title="bbox 428 2525 2006 2605; baseline 0.008 -27"><span class='ocrx_word' id='word_1_187' title='bbox 428 2525 631 2596; x_wconf 86' lang='lat' dir='ltr'><strong>quippe</strong></span> <span class='ocrx_word' id='word_1_188' title='bbox 688 2544 871 2584; x_wconf 89' lang='lat' dir='ltr'><strong>rerum</strong></span> <span class='ocrx_word' id='word_1_189' title='bbox 926 2534 1281 2589; x_wconf 88' lang='lat' dir='ltr'><strong>mutationem</strong></span> <span class='ocrx_word' id='word_1_190' title='bbox 1334 2542 1392 2589; x_wconf 93' lang='lat' dir='ltr'><strong>tu</strong></span> <span class='ocrx_word' id='word_1_191' title='bbox 1450 2537 1603 2591; x_wconf 91' lang='lat' dir='ltr'><strong>solus</strong></span> <span class='ocrx_word' id='word_1_192' title='bbox 1656 2537 2006 2605; x_wconf 89' lang='lat' dir='ltr'><strong>omnipotens</strong></span> 
     </span>
    </p>
   </div>
   <div class='ocr_carea' id='block_1_29' title="bbox 427 2623 2005 2699">
    <p class='ocr_par' dir='ltr' id='par_1_29' title="bbox 427 2623 2005 2699">
     <span class='ocr_line' id='line_1_29' title="bbox 427 2623 2005 2699; baseline 0.008 -29"><span class='ocrx_word' id='word_1_193' title='bbox 427 2627 688 2687; x_wconf 79' lang='lat' dir='ltr'><strong>operatus</strong></span> <span class='ocrx_word' id='word_1_194' title='bbox 730 2638 811 2677; x_wconf 90' lang='lat' dir='ltr'><strong>es.</strong></span> <span class='ocrx_word' id='word_1_195' title='bbox 855 2623 1323 2689; x_wconf 83' lang='lat' dir='ltr'><strong>Quemadmodum</strong></span> <span class='ocrx_word' id='word_1_196' title='bbox 1376 2629 1519 2683; x_wconf 88' lang='lat' dir='ltr'><strong>enim</strong></span> <span class='ocrx_word' id='word_1_197' title='bbox 1552 2627 1705 2682; x_wconf 85' lang='lat' dir='ltr'><strong>ﬁrma</strong></span> <span class='ocrx_word' id='word_1_198' title='bbox 1756 2637 1908 2699; x_wconf 90' lang='lat' dir='ltr'><strong>petra</strong></span> <span class='ocrx_word' id='word_1_199' title='bbox 1949 2630 2005 2683; x_wconf 92' lang='lat' dir='ltr'><strong>in</strong></span> 
     </span>
    </p>
   </div>
   <div class='ocr_carea' id='block_1_30' title="bbox 429 2708 2001 2783">
    <p class='ocr_par' dir='ltr' id='par_1_30' title="bbox 429 2708 2001 2783">
     <span class='ocr_line' id='line_1_30' title="bbox 429 2708 2001 2783; baseline 0.008 -20"><span class='ocrx_word' id='word_1_200' title='bbox 429 2708 654 2766; x_wconf 88' lang='lat' dir='ltr'><strong>ﬂuidam</strong></span> <span class='ocrx_word' id='word_1_201' title='bbox 689 2716 976 2769; x_wconf 87' lang='lat' dir='ltr'><strong>materiam</strong></span> <span class='ocrx_word' id='word_1_202' title='bbox 1010 2733 1301 2783; x_wconf 83' lang='lat' dir='ltr'><strong>conversa,</strong></span> <span class='ocrx_word' id='word_1_203' title='bbox 1341 2719 1517 2775; x_wconf 79' lang='lat' dir='ltr'><strong>fontes</strong></span> <span class='ocrx_word' id='word_1_204' title='bbox 1547 2728 1600 2775; x_wconf 84' lang='lat' dir='ltr'><strong>et</strong></span> <span class='ocrx_word' id='word_1_205' title='bbox 1628 2729 1900 2776; x_wconf 90' lang='lat' dir='ltr'><strong>torrentes</strong></span> <span class='ocrx_word' id='word_1_206' title='bbox 1938 2737 2001 2776; x_wconf 76' lang='lat' dir='ltr'><strong>ex</strong></span> 
     </span>
    </p>
   </div>
   <div class='ocr_carea' id='block_1_31' title="bbox 427 2803 2004 2873">
    <p class='ocr_par' dir='ltr' id='par_1_31' title="bbox 427 2803 2004 2873">
     <span class='ocr_line' id='line_1_31' title="bbox 427 2803 2004 2873; baseline 0.007 -16"><span class='ocrx_word' id='word_1_207' title='bbox 427 2803 546 2873; x_wconf 82' lang='lat' dir='ltr'><strong>ipsa</strong></span> <span class='ocrx_word' id='word_1_208' title='bbox 576 2804 827 2870; x_wconf 80' lang='lat' dir='ltr'><strong>eﬂ&#39;ecisti,</strong></span> <span class='ocrx_word' id='word_1_209' title='bbox 864 2824 927 2862; x_wconf 87' lang='lat' dir='ltr'><strong>ac</strong></span> <span class='ocrx_word' id='word_1_210' title='bbox 962 2826 1180 2865; x_wconf 89' lang='lat' dir='ltr'><strong>rursum</strong></span> <span class='ocrx_word' id='word_1_211' title='bbox 1226 2810 1517 2866; x_wconf 88' lang='lat' dir='ltr'><strong>ﬂuviorum</strong></span> <span class='ocrx_word' id='word_1_212' title='bbox 1560 2813 1770 2867; x_wconf 86' lang='lat' dir='ltr'><strong>alveum</strong></span> <span class='ocrx_word' id='word_1_213' title='bbox 1804 2829 1833 2867; x_wconf 85' lang='lat' dir='ltr'><strong>e</strong></span> <span class='ocrx_word' id='word_1_214' title='bbox 1871 2829 2004 2868; x_wconf 87' lang='lat' dir='ltr'><strong>con—</strong></span> 
     </span>
    </p>
   </div>
   <div class='ocr_carea' id='block_1_32' title="bbox 427 2895 2001 2963">
    <p class='ocr_par' dir='ltr' id='par_1_32' title="bbox 427 2895 2001 2963">
     <span class='ocr_line' id='line_1_32' title="bbox 427 2895 2001 2963; baseline 0.008 -17"><span class='ocrx_word' id='word_1_215' title='bbox 427 2895 599 2948; x_wconf 85' lang='lat' dir='ltr'><strong>trario</strong></span> <span class='ocrx_word' id='word_1_216' title='bbox 647 2896 963 2963; x_wconf 76' lang='lat' dir='ltr'><strong>exsiccasti,</strong></span> <span class='ocrx_word' id='word_1_217' title='bbox 1012 2901 1085 2953; x_wconf 90' lang='lat' dir='ltr'><strong>ita</strong></span> <span class='ocrx_word' id='word_1_218' title='bbox 1120 2907 1174 2955; x_wconf 88' lang='lat' dir='ltr'><strong>et</strong></span> <span class='ocrx_word' id='word_1_219' title='bbox 1218 2900 1359 2956; x_wconf 91' lang='lat' dir='ltr'><strong>diem</strong></span> <span class='ocrx_word' id='word_1_220' title='bbox 1393 2901 1658 2956; x_wconf 82' lang='lat' dir='ltr'><strong>arbitratu</strong></span> <span class='ocrx_word' id='word_1_221' title='bbox 1687 2910 1779 2956; x_wconf 89' lang='lat' dir='ltr'><strong>tuo</strong></span> <span class='ocrx_word' id='word_1_222' title='bbox 1815 2904 1869 2957; x_wconf 91' lang='lat' dir='ltr'><strong>in</strong></span> <span class='ocrx_word' id='word_1_223' title='bbox 1903 2920 2001 2959; x_wconf 93' lang='lat' dir='ltr'><strong>no-</strong></span> 
     </span>
    </p>
   </div>
   <div class='ocr_carea' id='block_1_33' title="bbox 425 2989 1999 3059">
    <p class='ocr_par' dir='ltr' id='par_1_33' title="bbox 425 2989 1999 3059">
     <span class='ocr_line' id='line_1_33' title="bbox 425 2989 1999 3059; baseline 0.007 -21"><span class='ocrx_word' id='word_1_224' title='bbox 425 2996 568 3040; x_wconf 85' lang='lat' dir='ltr'><strong>ctem</strong></span> <span class='ocrx_word' id='word_1_225' title='bbox 591 2989 790 3055; x_wconf 85' lang='lat' dir='ltr'><strong>vertis,</strong></span> <span class='ocrx_word' id='word_1_226' title='bbox 820 2998 983 3059; x_wconf 90' lang='lat' dir='ltr'><strong>atque</strong></span> <span class='ocrx_word' id='word_1_227' title='bbox 1003 3008 1222 3046; x_wconf 91' lang='lat' dir='ltr'><strong>rursum</strong></span> <span class='ocrx_word' id='word_1_228' title='bbox 1259 3002 1472 3047; x_wconf 83' lang='lat' dir='ltr'><strong>noctem</strong></span> <span class='ocrx_word' id='word_1_229' title='bbox 1499 2993 1554 3048; x_wconf 89' lang='lat' dir='ltr'><strong>in</strong></span> <span class='ocrx_word' id='word_1_230' title='bbox 1581 2994 1723 3049; x_wconf 93' lang='lat' dir='ltr'><strong>diem</strong></span> <span class='ocrx_word' id='word_1_231' title='bbox 1756 3011 1999 3050; x_wconf 91' lang='lat' dir='ltr'><strong>commu-</strong></span> 
     </span>
    </p>
   </div>
   <div class='ocr_carea' id='block_1_34' title="bbox 424 3077 2069 3169">
    <p class='ocr_par' dir='ltr' id='par_1_34' title="bbox 424 3077 2069 3169">
     <span class='ocr_line' id='line_1_34' title="bbox 424 3077 2069 3169; baseline 0.006 -38"><span class='ocrx_word' id='word_1_232' title='bbox 424 3085 541 3132; x_wconf 88' lang='lat' dir='ltr'><strong>tas:</strong></span> <span class='ocrx_word' id='word_1_233' title='bbox 578 3077 696 3149; x_wconf 88' lang='lat' dir='ltr'><strong>ipse</strong></span> <span class='ocrx_word' id='word_1_234' title='bbox 742 3080 1033 3136; x_wconf 85' lang='lat' dir='ltr'><strong>luminaria</strong></span> <span class='ocrx_word' id='word_1_235' title='bbox 1076 3092 1130 3139; x_wconf 90' lang='lat' dir='ltr'><strong>et</strong></span> <span class='ocrx_word' id='word_1_236' title='bbox 1155 3091 1303 3138; x_wconf 88' lang='lat' dir='ltr'><strong>astra</strong></span> <span class='ocrx_word' id='word_1_237' title='bbox 1337 3083 1392 3138; x_wconf 91' lang='lat' dir='ltr'><strong>in</strong></span> <span class='ocrx_word' id='word_1_238' title='bbox 1421 3085 1561 3139; x_wconf 76' lang='lat' dir='ltr'><strong>ccclo</strong></span> <span class='ocrx_word' id='word_1_239' title='bbox 1600 3086 1784 3141; x_wconf 88' lang='lat' dir='ltr'><strong>lucere</strong></span> <span class='ocrx_word' id='word_1_240' title='bbox 1820 3085 1995 3141; x_wconf 83' lang='lat' dir='ltr'><strong>fecisti</strong></span> <span class='ocrx_word' id='word_1_241' title='bbox 2025 3109 2069 3169; x_wconf 69' lang='grc' dir='ltr'><strong>ρ</strong></span> 
     </span>
    </p>
   </div>
   <div class='ocr_carea' id='block_1_35' title="bbox 419 3170 1998 3249">
    <p class='ocr_par' dir='ltr' id='par_1_35' title="bbox 419 3170 1998 3249">
     <span class='ocr_line' id='line_1_35' title="bbox 419 3170 1998 3249; baseline 0.004 -23"><span class='ocrx_word' id='word_1_242' title='bbox 419 3170 533 3237; x_wconf 88' lang='lat' dir='ltr'><strong>eis;</strong></span> <span class='ocrx_word' id='word_1_243' title='bbox 563 3172 662 3226; x_wconf 89' lang='lat' dir='ltr'><strong>soli</strong></span> <span class='ocrx_word' id='word_1_244' title='bbox 692 3188 916 3228; x_wconf 92' lang='lat' dir='ltr'><strong>cursum</strong></span> <span class='ocrx_word' id='word_1_245' title='bbox 952 3190 1112 3230; x_wconf 92' lang='lat' dir='ltr'><strong>suum</strong></span> <span class='ocrx_word' id='word_1_246' title='bbox 1147 3176 1462 3247; x_wconf 88' lang='lat' dir='ltr'><strong>assignasti,</strong></span> <span class='ocrx_word' id='word_1_247' title='bbox 1504 3178 1865 3249; x_wconf 89' lang='lat' dir='ltr'><strong>omnibusque</strong></span> <span class='ocrx_word' id='word_1_248' title='bbox 1890 3188 1998 3235; x_wconf 91' lang='lat' dir='ltr'><strong>ter-</strong></span> 
     </span>
    </p>
   </div>
   <div class='ocr_carea' id='block_1_36' title="bbox 422 3261 1995 3339">
    <p class='ocr_par' dir='ltr' id='par_1_36' title="bbox 422 3261 1995 3339">
     <span class='ocr_line' id='line_1_36' title="bbox 422 3261 1995 3339; baseline 0.005 -22"><span class='ocrx_word' id='word_1_249' title='bbox 422 3261 605 3318; x_wconf 75' lang='lat' dir='ltr'><strong>minos</strong></span> <span class='ocrx_word' id='word_1_250' title='bbox 644 3266 999 3333; x_wconf 85' lang='lat' dir='ltr'><strong>constituisti,</strong></span> <span class='ocrx_word' id='word_1_251' title='bbox 1048 3275 1102 3322; x_wconf 93' lang='lat' dir='ltr'><strong>et</strong></span> <span class='ocrx_word' id='word_1_252' title='bbox 1153 3270 1310 3339; x_wconf 90' lang='lat' dir='ltr'><strong>quasi</strong></span> <span class='ocrx_word' id='word_1_253' title='bbox 1358 3269 1594 3325; x_wconf 85' lang='lat' dir='ltr'><strong>conﬁnia</strong></span> <span class='ocrx_word' id='word_1_254' title='bbox 1646 3270 1995 3338; x_wconf 86' lang='lat' dir='ltr'><strong>distribuisti,</strong></span> 
     </span>
    </p>
   </div>
   <div class='ocr_carea' id='block_1_37' title="bbox 424 3356 1997 3431">
    <p class='ocr_par' dir='ltr' id='par_1_37' title="bbox 424 3356 1997 3431">
     <span class='ocr_line' id='line_1_37' title="bbox 424 3356 1997 3431; baseline 0.007 -23"><span class='ocrx_word' id='word_1_255' title='bbox 424 3356 665 3426; x_wconf 87' lang='lat' dir='ltr'><strong>annique</strong></span> <span class='ocrx_word' id='word_1_256' title='bbox 698 3364 1057 3428; x_wconf 88' lang='lat' dir='ltr'><strong>tempestates</strong></span> <span class='ocrx_word' id='word_1_257' title='bbox 1097 3376 1194 3431; x_wconf 90' lang='lat' dir='ltr'><strong>per</strong></span> <span class='ocrx_word' id='word_1_258' title='bbox 1224 3378 1387 3417; x_wconf 89' lang='lat' dir='ltr'><strong>omne</strong></span> <span class='ocrx_word' id='word_1_259' title='bbox 1432 3363 1690 3418; x_wconf 73' lang='lat' dir='ltr'><strong>saeculum</strong></span> <span class='ocrx_word' id='word_1_260' title='bbox 1732 3364 1913 3421; x_wconf 88' lang='lat' dir='ltr'><strong>varias</strong></span> <span class='ocrx_word' id='word_1_261' title='bbox 1940 3365 1997 3419; x_wconf 88' lang='lat' dir='ltr'><strong>in</strong></span> 
     </span>
    </p>
   </div>
   <div class='ocr_carea' id='block_1_38' title="bbox 419 3447 1993 3526">
    <p class='ocr_par' dir='ltr' id='par_1_38' title="bbox 419 3447 1993 3526">
     <span class='ocr_line' id='line_1_38' title="bbox 419 3447 1993 3526; baseline 0.007 -26"><span class='ocrx_word' id='word_1_262' title='bbox 419 3447 694 3505; x_wconf 86' lang='lat' dir='ltr'><strong>sectiones</strong></span> <span class='ocrx_word' id='word_1_263' title='bbox 727 3450 984 3507; x_wconf 83' lang='lat' dir='ltr'><strong>divisisti.</strong></span> <span class='ocrx_word' id='word_1_264' title='bbox 1018 3449 1299 3521; x_wconf 88' lang='lat' dir='ltr'><strong>Siquidem</strong></span> <span class='ocrx_word' id='word_1_265' title='bbox 1322 3471 1445 3509; x_wconf 89' lang='lat' dir='ltr'><strong>cum</strong></span> <span class='ocrx_word' id='word_1_266' title='bbox 1470 3470 1639 3509; x_wconf 88' lang='lat' dir='ltr'><strong>unum</strong></span> <span class='ocrx_word' id='word_1_267' title='bbox 1665 3455 1736 3511; x_wconf 85' lang='lat' dir='ltr'><strong>sit</strong></span> <span class='ocrx_word' id='word_1_268' title='bbox 1762 3465 1993 3526; x_wconf 87' lang='lat' dir='ltr'><strong>tempus,</strong></span> 
     </span>
    </p>
   </div>
   <div class='ocr_carea' id='block_1_39' title="bbox 420 3541 1996 3618">
    <p class='ocr_par' dir='ltr' id='par_1_39' title="bbox 420 3541 1996 3618">
     <span class='ocr_line' id='line_1_39' title="bbox 420 3541 1996 3618; baseline 0.005 -24"><span class='ocrx_word' id='word_1_269' title='bbox 420 3555 530 3607; x_wconf 78' lang='lat' dir='ltr'><strong>una</strong></span> <span class='ocrx_word' id='word_1_270' title='bbox 571 3548 626 3597; x_wconf 88' lang='lat' dir='ltr'><strong>et</strong></span> <span class='ocrx_word' id='word_1_271' title='bbox 649 3541 842 3598; x_wconf 88' lang='lat' dir='ltr'><strong>eadem</strong></span> <span class='ocrx_word' id='word_1_272' title='bbox 871 3544 1024 3600; x_wconf 89' lang='lat' dir='ltr'><strong>orbis</strong></span> <span class='ocrx_word' id='word_1_273' title='bbox 1066 3545 1357 3613; x_wconf 90' lang='lat' dir='ltr'><strong>revolutio,</strong></span> <span class='ocrx_word' id='word_1_274' title='bbox 1382 3554 1462 3610; x_wconf 93' lang='lat' dir='ltr'><strong>tu,</strong></span> <span class='ocrx_word' id='word_1_275' title='bbox 1492 3546 1657 3611; x_wconf 90' lang='lat' dir='ltr'><strong>Deus,</strong></span> <span class='ocrx_word' id='word_1_276' title='bbox 1690 3549 1781 3618; x_wconf 91' lang='lat' dir='ltr'><strong>qui</strong></span> <span class='ocrx_word' id='word_1_277' title='bbox 1813 3549 1996 3602; x_wconf 89' lang='lat' dir='ltr'><strong>omnia</strong></span> 
     </span>
    </p>
   </div>
   <div class='ocr_carea' id='block_1_40' title="bbox 418 3634 1990 3700">
    <p class='ocr_par' dir='ltr' id='par_1_40' title="bbox 418 3634 1990 3700">
     <span class='ocr_line' id='line_1_40' title="bbox 418 3634 1990 3700; baseline 0.005 -15"><span class='ocrx_word' id='word_1_278' title='bbox 418 3638 614 3700; x_wconf 87' lang='lat' dir='ltr'><strong>potes,</strong></span> <span class='ocrx_word' id='word_1_279' title='bbox 658 3634 828 3688; x_wconf 91' lang='lat' dir='ltr'><strong>variis</strong></span> <span class='ocrx_word' id='word_1_280' title='bbox 880 3636 1338 3691; x_wconf 89' lang='lat' dir='ltr'><strong>conversionibus</strong></span> <span class='ocrx_word' id='word_1_281' title='bbox 1391 3644 1563 3691; x_wconf 89' lang='lat' dir='ltr'><strong>totum</strong></span> <span class='ocrx_word' id='word_1_282' title='bbox 1618 3637 1990 3693; x_wconf 87' lang='lat' dir='ltr'><strong>distribuisti:</strong></span> 
     </span>
    </p>
   </div>
   <div class='ocr_carea' id='block_1_41' title="bbox 416 3724 1995 3799">
    <p class='ocr_par' dir='ltr' id='par_1_41' title="bbox 416 3724 1995 3799">
     <span class='ocr_line' id='line_1_41' title="bbox 416 3724 1995 3799; baseline 0.004 -22"><span class='ocrx_word' id='word_1_283' title='bbox 416 3727 662 3778; x_wconf 65' lang='lat' dir='ltr'><strong>aestatem</strong></span> <span class='ocrx_word' id='word_1_284' title='bbox 694 3725 809 3779; x_wconf 84' lang='lat' dir='ltr'><strong>veri</strong></span> <span class='ocrx_word' id='word_1_285' title='bbox 835 3724 1089 3795; x_wconf 68' lang='lat' dir='ltr'><strong>iunxisti,</strong></span> <span class='ocrx_word' id='word_1_286' title='bbox 1117 3742 1235 3782; x_wconf 89' lang='lat' dir='ltr'><strong>eam</strong></span> <span class='ocrx_word' id='word_1_287' title='bbox 1267 3734 1532 3783; x_wconf 90' lang='lat' dir='ltr'><strong>autumno</strong></span> <span class='ocrx_word' id='word_1_288' title='bbox 1560 3729 1995 3799; x_wconf 90' lang='lat' dir='ltr'><strong>circumscripsi-</strong></span> 
     </span>
    </p>
   </div>
   <div class='ocr_carea' id='block_1_42' title="bbox 418 3814 1992 3889">
    <p class='ocr_par' dir='ltr' id='par_1_42' title="bbox 418 3814 1992 3889">
     <span class='ocr_line' id='line_1_42' title="bbox 418 3814 1992 3889; baseline 0.004 -22"><span class='ocrx_word' id='word_1_289' title='bbox 418 3814 511 3875; x_wconf 82' lang='lat' dir='ltr'><strong>sti,</strong></span> <span class='ocrx_word' id='word_1_290' title='bbox 543 3815 792 3886; x_wconf 90' lang='lat' dir='ltr'><strong>hyemem</strong></span> <span class='ocrx_word' id='word_1_291' title='bbox 822 3833 948 3872; x_wconf 88' lang='lat' dir='ltr'><strong>vere</strong></span> <span class='ocrx_word' id='word_1_292' title='bbox 973 3818 1283 3873; x_wconf 87' lang='lat' dir='ltr'><strong>terminasti</strong></span> <span class='ocrx_word' id='word_1_293' title='bbox 1310 3839 1323 3873; x_wconf 87' lang='lat'><strong>:</strong></span> <span class='ocrx_word' id='word_1_294' title='bbox 1354 3818 1468 3873; x_wconf 65' lang='lat' dir='ltr'><strong>haec</strong></span> <span class='ocrx_word' id='word_1_295' title='bbox 1500 3820 1700 3889; x_wconf 79' lang='lat' dir='ltr'><strong>quippe</strong></span> <span class='ocrx_word' id='word_1_296' title='bbox 1723 3821 1908 3874; x_wconf 89' lang='lat' dir='ltr'><strong>omnia</strong></span> <span class='ocrx_word' id='word_1_297' title='bbox 1935 3828 1992 3874; x_wconf 88' lang='lat' dir='ltr'><strong>tu</strong></span> 
     </span>
    </p>
   </div>
   <div class='ocr_carea' id='block_1_43' title="bbox 418 3905 1994 3982">
    <p class='ocr_par' dir='ltr' id='par_1_43' title="bbox 418 3905 1994 3982">
     <span class='ocr_line' id='line_1_43' title="bbox 418 3905 1994 3982; baseline 0.007 -24"><span class='ocrx_word' id='word_1_298' title='bbox 418 3905 692 3965; x_wconf 86' lang='lat' dir='ltr'><strong>formasti.</strong></span> <span class='ocrx_word' id='word_1_299' title='bbox 725 3906 994 3973; x_wconf 84' lang='lat' dir='ltr'><strong>Quoniam</strong></span> <span class='ocrx_word' id='word_1_300' title='bbox 1046 3910 1210 3980; x_wconf 78' lang='lat' dir='ltr'><strong>igitur</strong></span> <span class='ocrx_word' id='word_1_301' title='bbox 1242 3920 1320 3975; x_wconf 90' lang='lat' dir='ltr'><strong>tu,</strong></span> <span class='ocrx_word' id='word_1_302' title='bbox 1349 3913 1441 3982; x_wconf 91' lang='lat' dir='ltr'><strong>qui</strong></span> <span class='ocrx_word' id='word_1_303' title='bbox 1471 3928 1500 3966; x_wconf 90' lang='lat' dir='ltr'><strong>a</strong></span> <span class='ocrx_word' id='word_1_304' title='bbox 1539 3914 1739 3967; x_wconf 70' lang='lat' dir='ltr'><strong>saaculo</strong></span> <span class='ocrx_word' id='word_1_305' title='bbox 1768 3920 1822 3967; x_wconf 90' lang='lat' dir='ltr'><strong>et</strong></span> <span class='ocrx_word' id='word_1_306' title='bbox 1867 3920 1994 3969; x_wconf 90' lang='lat' dir='ltr'><strong>ante</strong></span> 
     </span>
    </p>
   </div>
   <div class='ocr_carea' id='block_1_44' title="bbox 416 3998 1993 4075">
    <p class='ocr_par' dir='ltr' id='par_1_44' title="bbox 416 3998 1993 4075">
     <span class='ocr_line' id='line_1_44' title="bbox 416 3998 1993 4075; baseline 0.005 -25"><span class='ocrx_word' id='word_1_307' title='bbox 416 3998 677 4052; x_wconf 63' lang='lat' dir='ltr'><strong>saxulum</strong></span> <span class='ocrx_word' id='word_1_308' title='bbox 720 4013 814 4053; x_wconf 81' lang='lat' dir='ltr'><strong>rex</strong></span> <span class='ocrx_word' id='word_1_309' title='bbox 862 4010 1047 4056; x_wconf 89' lang='lat' dir='ltr'><strong>noster</strong></span> <span class='ocrx_word' id='word_1_310' title='bbox 1081 4004 1315 4066; x_wconf 88' lang='lat' dir='ltr'><strong>es,talia</strong></span> <span class='ocrx_word' id='word_1_311' title='bbox 1364 4004 1626 4058; x_wconf 88' lang='lat' dir='ltr'><strong>miracula</strong></span> <span class='ocrx_word' id='word_1_312' title='bbox 1658 4013 1711 4060; x_wconf 93' lang='lat' dir='ltr'><strong>et</strong></span> <span class='ocrx_word' id='word_1_313' title='bbox 1750 4004 1993 4075; x_wconf 90' lang='lat' dir='ltr'><strong>prodigia</strong></span> 
     </span>
    </p>
   </div>
   <div class='ocr_carea' id='block_1_45' title="bbox 414 4088 1991 4162">
    <p class='ocr_par' dir='ltr' id='par_1_45' title="bbox 414 4088 1991 4162">
     <span class='ocr_line' id='line_1_45' title="bbox 414 4088 1991 4162; baseline 0.006 -20"><span class='ocrx_word' id='word_1_314' title='bbox 414 4088 600 4154; x_wconf 88' lang='lat' dir='ltr'><strong>edere,</strong></span> <span class='ocrx_word' id='word_1_315' title='bbox 627 4100 793 4162; x_wconf 89' lang='lat' dir='ltr'><strong>atque</strong></span> <span class='ocrx_word' id='word_1_316' title='bbox 847 4100 942 4148; x_wconf 86' lang='lat' dir='ltr'><strong>tuo</strong></span> <span class='ocrx_word' id='word_1_317' title='bbox 986 4102 1123 4149; x_wconf 91' lang='lat' dir='ltr'><strong>nutu</strong></span> <span class='ocrx_word' id='word_1_318' title='bbox 1174 4096 1470 4150; x_wconf 87' lang='lat' dir='ltr'><strong>constituta</strong></span> <span class='ocrx_word' id='word_1_319' title='bbox 1495 4112 1562 4151; x_wconf 80' lang='lat' dir='ltr'><strong>ex</strong></span> <span class='ocrx_word' id='word_1_320' title='bbox 1612 4097 1904 4153; x_wconf 89' lang='lat' dir='ltr'><strong>contrariis</strong></span> <span class='ocrx_word' id='word_1_321' title='bbox 1935 4098 1991 4152; x_wconf 90' lang='lat' dir='ltr'><strong>in</strong></span> 
     </span>
    </p>
   </div>
   <div class='ocr_carea' id='block_1_46' title="bbox 416 4183 1993 4259">
    <p class='ocr_par' dir='ltr' id='par_1_46' title="bbox 416 4183 1993 4259">
     <span class='ocr_line' id='line_1_46' title="bbox 416 4183 1993 4259; baseline 0.003 -22"><span class='ocrx_word' id='word_1_322' title='bbox 416 4183 693 4237; x_wconf 87' lang='lat' dir='ltr'><strong>contraria</strong></span> <span class='ocrx_word' id='word_1_323' title='bbox 720 4192 934 4239; x_wconf 84' lang='lat' dir='ltr'><strong>vertere</strong></span> <span class='ocrx_word' id='word_1_324' title='bbox 965 4186 1146 4250; x_wconf 90' lang='lat' dir='ltr'><strong>soles;</strong></span> <span class='ocrx_word' id='word_1_325' title='bbox 1179 4187 1373 4242; x_wconf 88' lang='lat' dir='ltr'><strong>merito</strong></span> <span class='ocrx_word' id='word_1_326' title='bbox 1413 4187 1527 4257; x_wconf 89' lang='lat' dir='ltr'><strong>jam</strong></span> <span class='ocrx_word' id='word_1_327' title='bbox 1578 4187 1993 4259; x_wconf 88' lang='lat' dir='ltr'><strong>supplicationi-</strong></span> 
     </span>
    </p>
   </div>
   <div class='ocr_carea' id='block_1_47' title="bbox 414 4272 1990 4349">
    <p class='ocr_par' dir='ltr' id='par_1_47' title="bbox 414 4272 1990 4349">
     <span class='ocr_line' id='line_1_47' title="bbox 414 4272 1990 4349; baseline 0.004 -22"><span class='ocrx_word' id='word_1_328' title='bbox 414 4272 520 4329; x_wconf 85' lang='lat' dir='ltr'><strong>bus</strong></span> <span class='ocrx_word' id='word_1_329' title='bbox 540 4288 750 4329; x_wconf 92' lang='lat' dir='ltr'><strong>annuas</strong></span> <span class='ocrx_word' id='word_1_330' title='bbox 785 4276 988 4331; x_wconf 88' lang='lat' dir='ltr'><strong>nostris</strong></span> <span class='ocrx_word' id='word_1_331' title='bbox 1036 4294 1293 4349; x_wconf 83' lang='lat' dir='ltr'><strong>rogamus</strong></span> <span class='ocrx_word' id='word_1_332' title='bbox 1320 4297 1334 4333; x_wconf 88' lang='lat'>:</span> <span class='ocrx_word' id='word_1_333' title='bbox 1367 4286 1421 4333; x_wconf 92' lang='lat' dir='ltr'><strong>et</strong></span> <span class='ocrx_word' id='word_1_334' title='bbox 1449 4295 1647 4333; x_wconf 88' lang='lat' dir='ltr'><strong>memor</strong></span> <span class='ocrx_word' id='word_1_335' title='bbox 1690 4288 1801 4333; x_wconf 81' lang='lat' dir='ltr'><strong>esto</strong></span> <span class='ocrx_word' id='word_1_336' title='bbox 1833 4279 1990 4348; x_wconf 80' lang='lat' dir='ltr'><strong>hujus</strong></span> 
     </span>
    </p>
   </div>
   <div class='ocr_carea' id='block_1_48' title="bbox 413 4364 1987 4440">
    <p class='ocr_par' dir='ltr' id='par_1_48' title="bbox 413 4364 1987 4440">
     <span class='ocr_line' id='line_1_48' title="bbox 413 4364 1987 4440; baseline 0.003 -23"><span class='ocrx_word' id='word_1_337' title='bbox 413 4364 539 4434; x_wconf 88' lang='lat' dir='ltr'><strong>(pro</strong></span> <span class='ocrx_word' id='word_1_338' title='bbox 561 4365 654 4419; x_wconf 73' lang='lat' dir='ltr'><strong>illo</strong></span> <span class='ocrx_word' id='word_1_339' title='bbox 681 4365 861 4435; x_wconf 80' lang='lat' dir='ltr'><strong>hujus,</strong></span> <span class='ocrx_word' id='word_1_340' title='bbox 882 4366 1264 4440; x_wconf 87' lang='lat' dir='ltr'><strong>Symmachus,</strong></span> <span class='ocrx_word' id='word_1_341' title='bbox 1282 4371 1412 4435; x_wconf 70' lang='lat' dir='ltr'><strong>lucc,</strong></span> <span class='ocrx_word' id='word_1_342' title='bbox 1431 4372 1822 4440; x_wconf 88' lang='lat' dir='ltr'><strong>interpretatus</strong></span> <span class='ocrx_word' id='word_1_343' title='bbox 1842 4371 1947 4440; x_wconf 87' lang='lat' dir='ltr'><strong>est)</strong></span> <span class='ocrx_word' id='word_1_344' title='bbox 1973 4386 1987 4434; x_wconf 90' lang='lat'><strong>;</strong></span> 
     </span>
    </p>
   </div>
   <div class='ocr_carea' id='block_1_49' title="bbox 2126 514 3710 593">
    <p class='ocr_par' dir='ltr' id='par_1_49' title="bbox 2126 514 3710 593">
     <span class='ocr_line' id='line_1_49' title="bbox 2126 514 3710 593; baseline -0.005 -23"><span class='ocrx_word' id='word_1_345' title='bbox 2126 514 2409 583; x_wconf 62' lang='grc' dir='ltr'>Μρῤους.</span> <span class='ocrx_word' id='word_1_346' title='bbox 2438 516 2513 569; x_wconf 80' lang='grc' dir='ltr'><strong>Οὐ</strong></span> <span class='ocrx_word' id='word_1_347' title='bbox 2560 516 2669 588; x_wconf 88' lang='grc' dir='ltr'>γὰρ</span> <span class='ocrx_word' id='word_1_348' title='bbox 2713 516 2948 587; x_wconf 81' lang='grc' dir='ltr'><strong>Μωσῆς,</strong></span> <span class='ocrx_word' id='word_1_349' title='bbox 3000 517 3185 590; x_wconf 77' lang='grc' dir='ltr'>φησὶν,</span> <span class='ocrx_word' id='word_1_350' title='bbox 3232 514 3302 592; x_wconf 76' lang='grc' dir='ltr'><strong>ἦν</strong></span> <span class='ocrx_word' id='word_1_351' title='bbox 3335 521 3365 574; x_wconf 81' lang='grc' dir='ltr'><strong>ὁ</strong></span> <span class='ocrx_word' id='word_1_352' title='bbox 3399 521 3466 592; x_wconf 68' lang='grc' dir='ltr'>τῇ</span> 
     </span>
    </p>
   </div>
   <div class='ocr_carea' id='block_1_50' title="bbox 2128 605 3709 685">
    <p class='ocr_par' dir='ltr' id='par_1_50' title="bbox 2128 605 3709 685">
     <span class='ocr_line' id='line_1_50' title="bbox 2128 605 3709 685; baseline 0.008 -28"><span class='ocrx_word' id='word_1_353' title='bbox 2128 605 2303 677; x_wconf 76' lang='grc' dir='ltr'>τύψας</span> <span class='ocrx_word' id='word_1_354' title='bbox 2343 607 2442 679; x_wconf 80' lang='grc' dir='ltr'>τὴν</span> <span class='ocrx_word' id='word_1_355' title='bbox 2485 607 2689 679; x_wconf 85' lang='grc' dir='ltr'>πέτραν</span> <span class='ocrx_word' id='word_1_356' title='bbox 2742 608 2835 663; x_wconf 74' lang='grc' dir='ltr'>καὶ</span> <span class='ocrx_word' id='word_1_357' title='bbox 2876 607 3159 678; x_wconf 83' lang='grc' dir='ltr'>ἐξαγαγὼν</span> <span class='ocrx_word' id='word_1_358' title='bbox 3200 609 3260 677; x_wconf 81' lang='grc' dir='ltr'>ἐξ</span> <span class='ocrx_word' id='word_1_359' title='bbox 3303 611 3474 683; x_wconf 79' lang='grc' dir='ltr'>αὐτῆς</span> <span class='ocrx_word' id='word_1_360' title='bbox 3523 611 3709 685; x_wconf 79' lang='grc' dir='ltr'>πηγὰς</span> 
     </span>
    </p>
   </div>
   <div class='ocr_carea' id='block_1_51' title="bbox 2130 697 3706 774">
    <p class='ocr_par' dir='ltr' id='par_1_51' title="bbox 2130 697 3706 774">
     <span class='ocr_line' id='line_1_51' title="bbox 2130 697 3706 774; baseline 0.006 -22"><span class='ocrx_word' id='word_1_361' title='bbox 2130 701 2223 752; x_wconf 78' lang='grc' dir='ltr'>καὶ</span> <span class='ocrx_word' id='word_1_362' title='bbox 2254 700 2587 773; x_wconf 70' lang='grc' dir='ltr'><strong>χειμάρρους</strong></span> <span class='ocrx_word' id='word_1_363' title='bbox 2607 718 2618 732; x_wconf 83' lang='lat'><strong>&#39;</strong></span> <span class='ocrx_word' id='word_1_364' title='bbox 2656 700 2792 755; x_wconf 90' lang='grc' dir='ltr'><strong>ἀλλά</strong></span> <span class='ocrx_word' id='word_1_365' title='bbox 2822 703 2885 756; x_wconf 80' lang='grc' dir='ltr'>σὺ</span> <span class='ocrx_word' id='word_1_366' title='bbox 2922 697 3085 774; x_wconf 83' lang='grc' dir='ltr'>ἦσθα,</span> <span class='ocrx_word' id='word_1_367' title='bbox 3117 703 3313 769; x_wconf 80' lang='grc' dir='ltr'>όΘεδς,</span> <span class='ocrx_word' id='word_1_368' title='bbox 3345 705 3375 758; x_wconf 98' lang='lat'><strong>6</strong></span> <span class='ocrx_word' id='word_1_369' title='bbox 3409 704 3582 761; x_wconf 86' lang='grc' dir='ltr'>ταῦτα</span> <span class='ocrx_word' id='word_1_370' title='bbox 3615 705 3706 762; x_wconf 84' lang='grc' dir='ltr'><strong>διά</strong></span> 
     </span>
    </p>
   </div>
   <div class='ocr_carea' id='block_1_52' title="bbox 2136 787 3706 868">
    <p class='ocr_par' dir='ltr' id='par_1_52' title="bbox 2136 787 3706 868">
     <span class='ocr_line' id='line_1_52' title="bbox 2136 787 3706 868; baseline 0.009 -29"><span class='ocrx_word' id='word_1_371' title='bbox 2136 787 2379 852; x_wconf 85' lang='grc' dir='ltr'>Μωσέως</span> <span class='ocrx_word' id='word_1_372' title='bbox 2438 788 2895 858; x_wconf 81' lang='grc' dir='ltr'>παραδοξοποιῶν.</span> <span class='ocrx_word' id='word_1_373' title='bbox 2932 792 3043 846; x_wconf 76' lang='grc' dir='ltr'>Καὶ</span> <span class='ocrx_word' id='word_1_374' title='bbox 3071 794 3131 847; x_wconf 86' lang='grc' dir='ltr'>τὸ</span> <span class='ocrx_word' id='word_1_375' title='bbox 3151 794 3531 868; x_wconf 82' lang='grc' dir='ltr'>ἐπιλεγόμενον</span> <span class='ocrx_word' id='word_1_376' title='bbox 3554 797 3611 852; x_wconf 88' lang='grc' dir='ltr'>δὲ</span> <span class='ocrx_word' id='word_1_377' title='bbox 3643 798 3706 853; x_wconf 81' lang='grc' dir='ltr'><strong>ἐν</strong></span> 
     </span>
    </p>
   </div>
   <div class='ocr_carea' id='block_1_53' title="bbox 2126 878 3703 963">
    <p class='ocr_par' dir='ltr' id='par_1_53' title="bbox 2126 878 3703 963">
     <span class='ocr_line' id='line_1_53' title="bbox 2126 878 3703 963; baseline 0.01 -32"><span class='ocrx_word' id='word_1_378' title='bbox 2126 878 2223 949; x_wconf 85' lang='grc' dir='ltr'><strong>τῷ,</strong></span> <span class='ocrx_word' id='word_1_379' title='bbox 2250 880 2332 933; x_wconf 89' lang='grc' dir='ltr'><strong>Σὺ</strong></span> <span class='ocrx_word' id='word_1_380' title='bbox 2362 880 2661 951; x_wconf 78' lang='grc' dir='ltr'>ὲξήρανας</span> <span class='ocrx_word' id='word_1_381' title='bbox 2694 885 2995 955; x_wconf 83' lang='grc' dir='ltr'>ποταμοὺς</span> <span class='ocrx_word' id='word_1_382' title='bbox 3036 886 3230 958; x_wconf 79' lang='grc' dir='ltr'><strong>Ὴθὰμ.</strong></span> <span class='ocrx_word' id='word_1_383' title='bbox 3277 888 3599 963; x_wconf 81' lang='grc' dir='ltr'><strong>ἀναφέροιτο</strong></span> <span class='ocrx_word' id='word_1_384' title='bbox 3635 890 3703 946; x_wconf 76' lang='grc' dir='ltr'><strong>ἀν</strong></span> 
     </span>
    </p>
   </div>
   <div class='ocr_carea' id='block_1_54' title="bbox 2127 970 3704 1054">
    <p class='ocr_par' dir='ltr' id='par_1_54' title="bbox 2127 970 3704 1054">
     <span class='ocr_line' id='line_1_54' title="bbox 2127 970 3704 1054; baseline 0.011 -33"><span class='ocrx_word' id='word_1_385' title='bbox 2127 970 2220 1022; x_wconf 81' lang='grc' dir='ltr'>ἐπὶ</span> <span class='ocrx_word' id='word_1_386' title='bbox 2257 971 2346 1024; x_wconf 84' lang='grc' dir='ltr'>τὸν</span> <span class='ocrx_word' id='word_1_387' title='bbox 2385 973 2673 1044; x_wconf 73' lang='grc' dir='ltr'>Ἰορδάνην,</span> <span class='ocrx_word' id='word_1_388' title='bbox 2718 974 2777 1028; x_wconf 86' lang='grc' dir='ltr'><strong>ὃν</strong></span> <span class='ocrx_word' id='word_1_389' title='bbox 2826 976 3264 1051; x_wconf 61' lang='grc' dir='ltr'>ἀωξηρανθέντα</span> <span class='ocrx_word' id='word_1_390' title='bbox 3309 980 3520 1054; x_wconf 87' lang='grc' dir='ltr'>διῆλθον</span> <span class='ocrx_word' id='word_1_391' title='bbox 3574 985 3704 1039; x_wconf 77' lang='grc' dir='ltr'>ποσὶ</span> 
     </span>
    </p>
   </div>
   <div class='ocr_carea' id='block_1_55' title="bbox 2130 1061 3701 1148">
    <p class='ocr_par' dir='ltr' id='par_1_55' title="bbox 2130 1061 3701 1148">
     <span class='ocr_line' id='line_1_55' title="bbox 2130 1061 3701 1148; baseline 0.011 -34"><span class='ocrx_word' id='word_1_392' title='bbox 2130 1061 2267 1132; x_wconf 88' lang='grc' dir='ltr'><strong>μετά</strong></span> <span class='ocrx_word' id='word_1_393' title='bbox 2296 1063 2394 1135; x_wconf 78' lang='grc' dir='ltr'><strong>τὴν</strong></span> <span class='ocrx_word' id='word_1_394' title='bbox 2420 1066 2661 1131; x_wconf 82' lang='grc' dir='ltr'><strong>Μωσέως</strong></span> <span class='ocrx_word' id='word_1_395' title='bbox 2704 1068 2957 1142; x_wconf 80' lang='grc' dir='ltr'>τελευτὴν</span> <span class='ocrx_word' id='word_1_396' title='bbox 2988 1073 3035 1125; x_wconf 91' lang='grc' dir='ltr'>οἱ</span> <span class='ocrx_word' id='word_1_397' title='bbox 3070 1073 3173 1125; x_wconf 76' lang='grc' dir='ltr'>υἱοὶ</span> <span class='ocrx_word' id='word_1_398' title='bbox 3206 1071 3438 1147; x_wconf 85' lang='grc' dir='ltr'>Ἰσραὴλ,</span> <span class='ocrx_word' id='word_1_399' title='bbox 3460 1075 3701 1148; x_wconf 71' lang='grc' dir='ltr'>ήγουμάο</span> 
     </span>
    </p>
   </div>
   <div class='ocr_carea' id='block_1_56' title="bbox 2126 1154 3697 1237">
    <p class='ocr_par' dir='ltr' id='par_1_56' title="bbox 2126 1154 3697 1237">
     <span class='ocr_line' id='line_1_56' title="bbox 2126 1154 3697 1237; baseline 0.012 -31"><span class='ocrx_word' id='word_1_400' title='bbox 2126 1172 2217 1207; x_wconf 91' lang='grc' dir='ltr'><strong>νου</strong></span> <span class='ocrx_word' id='word_1_401' title='bbox 2244 1154 2421 1210; x_wconf 80' lang='grc' dir='ltr'>αὐτῶν</span> <span class='ocrx_word' id='word_1_402' title='bbox 2466 1158 2661 1231; x_wconf 87' lang='grc' dir='ltr'>Ἰησοῦ.</span> <span class='ocrx_word' id='word_1_403' title='bbox 2702 1160 2857 1215; x_wconf 84' lang='grc' dir='ltr'>Ἐστι</span> <span class='ocrx_word' id='word_1_404' title='bbox 2890 1162 2945 1215; x_wconf 86' lang='grc' dir='ltr'>δὲ</span> <span class='ocrx_word' id='word_1_405' title='bbox 2973 1167 3001 1217; x_wconf 88' lang='lat'><strong>6</strong></span> <span class='ocrx_word' id='word_1_406' title='bbox 3028 1165 3227 1237; x_wconf 84' lang='grc' dir='ltr'>τρόπος</span> <span class='ocrx_word' id='word_1_407' title='bbox 3251 1170 3697 1237; x_wconf 72' lang='grc' dir='ltr'>περιληπτικὸς,</span> 
     </span>
    </p>
   </div>
   <div class='ocr_carea' id='block_1_57' title="bbox 2124 1246 3699 1331">
    <p class='ocr_par' dir='ltr' id='par_1_57' title="bbox 2124 1246 3699 1331">
     <span class='ocr_line' id='line_1_57' title="bbox 2124 1246 3699 1331; baseline 0.012 -33"><span class='ocrx_word' id='word_1_408' title='bbox 2124 1246 2244 1299; x_wconf 76' lang='grc' dir='ltr'>ἀντὶ</span> <span class='ocrx_word' id='word_1_409' title='bbox 2275 1248 2368 1301; x_wconf 93' lang='grc' dir='ltr'><strong>τοῦ</strong></span> <span class='ocrx_word' id='word_1_410' title='bbox 2402 1250 2581 1305; x_wconf 79' lang='grc' dir='ltr'>ἑνικοῦ</span> <span class='ocrx_word' id='word_1_411' title='bbox 2618 1253 2993 1324; x_wconf 83' lang='grc' dir='ltr'><strong>πληθυντικῶς</strong></span> <span class='ocrx_word' id='word_1_412' title='bbox 3026 1261 3506 1331; x_wconf 85' lang='grc' dir='ltr'>προενηνεγμένος.</span> <span class='ocrx_word' id='word_1_413' title='bbox 3541 1261 3615 1315; x_wconf 88' lang='grc' dir='ltr'><strong>Τὸ</strong></span> <span class='ocrx_word' id='word_1_414' title='bbox 3643 1263 3699 1317; x_wconf 84' lang='grc' dir='ltr'>δὲ</span> 
     </span>
    </p>
   </div>
   <div class='ocr_carea' id='block_1_58' title="bbox 2136 1337 3701 1426">
    <p class='ocr_par' dir='ltr' id='par_1_58' title="bbox 2136 1337 3701 1426">
     <span class='ocr_line' id='line_1_58' title="bbox 2136 1337 3701 1426; baseline 0.014 -36"><span class='ocrx_word' id='word_1_415' title='bbox 2136 1337 2335 1408; x_wconf 83' lang='grc' dir='ltr'>Ἠθάμ,</span> <span class='ocrx_word' id='word_1_416' title='bbox 2366 1342 2395 1394; x_wconf 97' lang='lat'><strong>6</strong></span> <span class='ocrx_word' id='word_1_417' title='bbox 2443 1344 2541 1413; x_wconf 85' lang='grc' dir='ltr'>μὲν</span> <span class='ocrx_word' id='word_1_418' title='bbox 2577 1344 2806 1409; x_wconf 83' lang='grc' dir='ltr'><strong>Ἀκύλας</strong></span> <span class='ocrx_word' id='word_1_419' title='bbox 2856 1349 3141 1418; x_wconf 78' lang='grc' dir='ltr'><strong>στερεοὺς</strong></span> <span class='ocrx_word' id='word_1_420' title='bbox 3185 1352 3491 1421; x_wconf 71' lang='grc' dir='ltr'>ποταμοὺς</span> <span class='ocrx_word' id='word_1_421' title='bbox 3522 1353 3701 1426; x_wconf 76' lang='grc' dir='ltr'>ἡρμή-</span> 
     </span>
    </p>
   </div>
   <div class='ocr_carea' id='block_1_59' title="bbox 2122 1434 3701 1517">
    <p class='ocr_par' dir='ltr' id='par_1_59' title="bbox 2122 1434 3701 1517">
     <span class='ocr_line' id='line_1_59' title="bbox 2122 1434 3701 1517; baseline 0.014 -37"><span class='ocrx_word' id='word_1_422' title='bbox 2122 1446 2330 1495; x_wconf 89' lang='grc' dir='ltr'>νευσεν,</span> <span class='ocrx_word' id='word_1_423' title='bbox 2361 1436 2389 1486; x_wconf 89' lang='lat'><strong>6</strong></span> <span class='ocrx_word' id='word_1_424' title='bbox 2418 1434 2474 1486; x_wconf 86' lang='grc' dir='ltr'>δὲ</span> <span class='ocrx_word' id='word_1_425' title='bbox 2502 1436 2793 1508; x_wconf 76' lang='grc' dir='ltr'><strong>Σύμμαχος</strong></span> <span class='ocrx_word' id='word_1_426' title='bbox 2820 1439 3127 1507; x_wconf 64' lang='grc' dir='ltr'>ἀρχαίους.</span> <span class='ocrx_word' id='word_1_427' title='bbox 3162 1442 3268 1495; x_wconf 78' lang='grc' dir='ltr'><strong>Καὶ</strong></span> <span class='ocrx_word' id='word_1_428' title='bbox 3297 1442 3470 1499; x_wconf 87' lang='grc' dir='ltr'>ταῦτα</span> <span class='ocrx_word' id='word_1_429' title='bbox 3499 1445 3598 1517; x_wconf 85' lang='grc' dir='ltr'><strong>μὲν</strong></span> <span class='ocrx_word' id='word_1_430' title='bbox 3624 1446 3701 1513; x_wconf 83' lang='grc' dir='ltr'><strong>ὡς</strong></span> 
     </span>
    </p>
   </div>
   <div class='ocr_carea' id='block_1_60' title="bbox 2123 1521 3698 1601">
    <p class='ocr_par' dir='ltr' id='par_1_60' title="bbox 2123 1521 3698 1601">
     <span class='ocr_line' id='line_1_60' title="bbox 2123 1521 3698 1601; baseline 0.015 -30"><span class='ocrx_word' id='word_1_431' title='bbox 2123 1522 2257 1591; x_wconf 82' lang='grc' dir='ltr'>πρὸς</span> <span class='ocrx_word' id='word_1_432' title='bbox 2288 1521 2384 1594; x_wconf 75' lang='grc' dir='ltr'><strong>τήν</strong></span> <span class='ocrx_word' id='word_1_433' title='bbox 2424 1525 2568 1592; x_wconf 80' lang='grc' dir='ltr'>λέξιν</span> <span class='ocrx_word' id='word_1_434' title='bbox 2602 1528 2858 1599; x_wconf 75' lang='grc' dir='ltr'>εἰρήσθω.</span> <span class='ocrx_word' id='word_1_435' title='bbox 2886 1531 3173 1601; x_wconf 85' lang='grc' dir='ltr'>Τροπικῶς</span> <span class='ocrx_word' id='word_1_436' title='bbox 3211 1535 3257 1587; x_wconf 85' lang='grc' dir='ltr'>δ’</span> <span class='ocrx_word' id='word_1_437' title='bbox 3292 1535 3359 1590; x_wconf 83' lang='grc' dir='ltr'>ἄν</span> <span class='ocrx_word' id='word_1_438' title='bbox 3396 1553 3481 1601; x_wconf 90' lang='grc' dir='ltr'><strong>τις</strong></span> <span class='ocrx_word' id='word_1_439' title='bbox 3504 1537 3698 1593; x_wconf 77' lang='grc' dir='ltr'>ἐπισα-</span> 
     </span>
    </p>
   </div>
   <div class='ocr_carea' id='block_1_61' title="bbox 2121 1612 3699 1698">
    <p class='ocr_par' dir='ltr' id='par_1_61' title="bbox 2121 1612 3699 1698">
     <span class='ocr_line' id='line_1_61' title="bbox 2121 1612 3699 1698; baseline 0.013 -34"><span class='ocrx_word' id='word_1_440' title='bbox 2121 1612 2226 1665; x_wconf 88' lang='grc' dir='ltr'>λὼν</span> <span class='ocrx_word' id='word_1_441' title='bbox 2254 1617 2364 1678; x_wconf 88' lang='grc' dir='ltr'>τοῖς</span> <span class='ocrx_word' id='word_1_442' title='bbox 2389 1617 2573 1682; x_wconf 86' lang='grc' dir='ltr'>τόποις</span> <span class='ocrx_word' id='word_1_443' title='bbox 2610 1621 2811 1674; x_wconf 83' lang='grc' dir='ltr'>ἀνοίσει</span> <span class='ocrx_word' id='word_1_444' title='bbox 2853 1623 3025 1677; x_wconf 75' lang='grc' dir='ltr'>ταῦτα</span> <span class='ocrx_word' id='word_1_445' title='bbox 3062 1626 3154 1678; x_wconf 79' lang='grc' dir='ltr'>ἐπὶ</span> <span class='ocrx_word' id='word_1_446' title='bbox 3181 1625 3439 1698; x_wconf 88' lang='grc' dir='ltr'>δυνάμεις</span> <span class='ocrx_word' id='word_1_447' title='bbox 3474 1629 3699 1698; x_wconf 75' lang='grc' dir='ltr'><strong>ἀφανεῖς</strong></span> 
     </span>
    </p>
   </div>
   <div class='ocr_carea' id='block_1_62' title="bbox 2121 1704 3696 1788">
    <p class='ocr_par' dir='ltr' id='par_1_62' title="bbox 2121 1704 3696 1788">
     <span class='ocr_line' id='line_1_62' title="bbox 2121 1704 3696 1788; baseline 0.013 -34"><span class='ocrx_word' id='word_1_448' title='bbox 2121 1704 2214 1755; x_wconf 76' lang='grc' dir='ltr'>καὶ</span> <span class='ocrx_word' id='word_1_449' title='bbox 2238 1704 2520 1775; x_wconf 85' lang='grc' dir='ltr'>ἀοράτους,</span> <span class='ocrx_word' id='word_1_450' title='bbox 2548 1710 2716 1774; x_wconf 82' lang='grc' dir='ltr'>αύτάς</span> <span class='ocrx_word' id='word_1_451' title='bbox 2737 1707 2874 1767; x_wconf 75' lang='grc' dir='ltr'>εἶναι</span> <span class='ocrx_word' id='word_1_452' title='bbox 2900 1713 3071 1782; x_wconf 81' lang='grc' dir='ltr'>λέγων</span> <span class='ocrx_word' id='word_1_453' title='bbox 3096 1716 3221 1779; x_wconf 76' lang='grc' dir='ltr'>τοὺς</span> <span class='ocrx_word' id='word_1_454' title='bbox 3245 1716 3541 1788; x_wconf 85' lang='grc' dir='ltr'>δράκοντας</span> <span class='ocrx_word' id='word_1_455' title='bbox 3570 1719 3696 1784; x_wconf 77' lang='grc' dir='ltr'>τοὺς</span> 
     </span>
    </p>
   </div>
   <div class='ocr_carea' id='block_1_63' title="bbox 2050 1770 3697 1885">
    <p class='ocr_par' dir='ltr' id='par_1_63' title="bbox 2050 1770 3697 1885">
     <span class='ocr_line' id='line_1_63' title="bbox 2050 1770 3697 1885; baseline 0.014 -38"><span class='ocrx_word' id='word_1_456' title='bbox 2050 1770 2089 1824; x_wconf 75' lang='grc' dir='ltr'><strong>Β</strong></span> <span class='ocrx_word' id='word_1_457' title='bbox 2120 1770 2351 1852; x_wconf 78' lang='grc' dir='ltr'>ἐνταῦθά</span> <span class='ocrx_word' id='word_1_458' title='bbox 2388 1770 2835 1874; x_wconf 55' lang='grc' dir='ltr'>ὠνομασμένους</span> <span class='ocrx_word' id='word_1_459' title='bbox 2888 1770 3161 1863; x_wconf 76' lang='grc' dir='ltr'>θάλασσάν</span> <span class='ocrx_word' id='word_1_460' title='bbox 3202 1770 3291 1864; x_wconf 49' lang='grc' dir='ltr'>τε.</span> 
     </span>
    </p>
   </div>
   <div class='ocr_carea' id='block_1_64' title="bbox 2116 1890 3698 1981">
    <p class='ocr_par' dir='ltr' id='par_1_64' title="bbox 2116 1890 3698 1981">
     <span class='ocr_line' id='line_1_64' title="bbox 2116 1890 3698 1981; baseline 0.014 -39"><span class='ocrx_word' id='word_1_461' title='bbox 2116 1890 2318 1946; x_wconf 87' lang='grc' dir='ltr'>τούτων</span> <span class='ocrx_word' id='word_1_462' title='bbox 2349 1896 2680 1968; x_wconf 76' lang='grc' dir='ltr'><strong>οἰκητήριον,</strong></span> <span class='ocrx_word' id='word_1_463' title='bbox 2722 1900 2882 1953; x_wconf 74' lang='grc' dir='ltr'>αὐτόν</span> <span class='ocrx_word' id='word_1_464' title='bbox 2912 1920 2969 1955; x_wconf 88' lang='grc' dir='ltr'><strong>τε</strong></span> <span class='ocrx_word' id='word_1_465' title='bbox 3018 1903 3107 1956; x_wconf 74' lang='grc' dir='ltr'>τὸν</span> <span class='ocrx_word' id='word_1_466' title='bbox 3136 1904 3371 1976; x_wconf 83' lang='grc' dir='ltr'>ἄρχοντα</span> <span class='ocrx_word' id='word_1_467' title='bbox 3404 1906 3512 1961; x_wconf 89' lang='grc' dir='ltr'><strong>τῶν</strong></span> <span class='ocrx_word' id='word_1_468' title='bbox 3534 1924 3698 1981; x_wconf 79' lang='grc' dir='ltr'>πονη-</span> 
     </span>
    </p>
   </div>
   <div class='ocr_carea' id='block_1_65' title="bbox 2118 1983 3695 2073">
    <p class='ocr_par' dir='ltr' id='par_1_65' title="bbox 2118 1983 3695 2073">
     <span class='ocr_line' id='line_1_65' title="bbox 2118 1983 3695 2073; baseline 0.015 -39"><span class='ocrx_word' id='word_1_469' title='bbox 2118 1983 2225 2053; x_wconf 88' lang='grc' dir='ltr'><strong>ρῶν</strong></span> <span class='ocrx_word' id='word_1_470' title='bbox 2270 1988 2592 2056; x_wconf 83' lang='grc' dir='ltr'>πνευμάτων</span> <span class='ocrx_word' id='word_1_471' title='bbox 2646 1993 3003 2062; x_wconf 75' lang='grc' dir='ltr'><strong>σημαίνεσθαι</strong></span> <span class='ocrx_word' id='word_1_472' title='bbox 3051 1995 3141 2049; x_wconf 83' lang='grc' dir='ltr'><strong>διά</strong></span> <span class='ocrx_word' id='word_1_473' title='bbox 3185 1998 3279 2051; x_wconf 90' lang='grc' dir='ltr'><strong>τοῦ</strong></span> <span class='ocrx_word' id='word_1_474' title='bbox 3320 2000 3695 2073; x_wconf 76' lang='grc' dir='ltr'>πολυκεφάλου</span> 
     </span>
    </p>
   </div>
   <div class='ocr_carea' id='block_1_66' title="bbox 2114 2074 3693 2163">
    <p class='ocr_par' dir='ltr' id='par_1_66' title="bbox 2114 2074 3693 2163">
     <span class='ocr_line' id='line_1_66' title="bbox 2114 2074 3693 2163; baseline 0.015 -37"><span class='ocrx_word' id='word_1_475' title='bbox 2114 2074 2404 2146; x_wconf 87' lang='grc' dir='ltr'>δράκοντος</span> <span class='ocrx_word' id='word_1_476' title='bbox 2424 2096 2435 2106; x_wconf 88' lang='grc'>·</span> <span class='ocrx_word' id='word_1_477' title='bbox 2478 2081 2603 2151; x_wconf 76' lang='grc' dir='ltr'>περὶ</span> <span class='ocrx_word' id='word_1_478' title='bbox 2631 2076 2691 2135; x_wconf 77' lang='grc' dir='ltr'><strong>οὗ</strong></span> <span class='ocrx_word' id='word_1_479' title='bbox 2724 2086 2910 2154; x_wconf 80' lang='grc' dir='ltr'>φήσειέ</span> <span class='ocrx_word' id='word_1_480' title='bbox 2935 2104 3015 2163; x_wconf 86' lang='grc' dir='ltr'><strong>τις</strong></span> <span class='ocrx_word' id='word_1_481' title='bbox 3048 2089 3293 2160; x_wconf 81' lang='grc' dir='ltr'>εἰρῆσθαι</span> <span class='ocrx_word' id='word_1_482' title='bbox 3321 2091 3403 2155; x_wconf 87' lang='grc' dir='ltr'>τὸ,</span> <span class='ocrx_word' id='word_1_483' title='bbox 3432 2092 3515 2147; x_wconf 87' lang='grc' dir='ltr'><strong>Σὺ</strong></span> <span class='ocrx_word' id='word_1_484' title='bbox 3541 2108 3693 2149; x_wconf 85' lang='grc' dir='ltr'>συν-</span> 
     </span>
    </p>
   </div>
   <div class='ocr_carea' id='block_1_67' title="bbox 2112 2166 3693 2251">
    <p class='ocr_par' dir='ltr' id='par_1_67' title="bbox 2112 2166 3693 2251">
     <span class='ocr_line' id='line_1_67' title="bbox 2112 2166 3693 2251; baseline 0.015 -33"><span class='ocrx_word' id='word_1_485' title='bbox 2112 2166 2375 2233; x_wconf 82' lang='grc' dir='ltr'>ἐθλιισας</span> <span class='ocrx_word' id='word_1_486' title='bbox 2400 2168 2505 2237; x_wconf 87' lang='grc' dir='ltr'>τὰς</span> <span class='ocrx_word' id='word_1_487' title='bbox 2530 2174 2795 2241; x_wconf 58' lang='grc' dir='ltr'>κεφαλὰς</span> <span class='ocrx_word' id='word_1_488' title='bbox 2819 2176 2923 2230; x_wconf 87' lang='grc' dir='ltr'><strong>τοῦ</strong></span> <span class='ocrx_word' id='word_1_489' title='bbox 2960 2176 3307 2248; x_wconf 73' lang='grc' dir='ltr'>δράκοντος,</span> <span class='ocrx_word' id='word_1_490' title='bbox 3334 2183 3560 2251; x_wconf 80' lang='grc' dir='ltr'>ἔδωκας</span> <span class='ocrx_word' id='word_1_491' title='bbox 3589 2187 3693 2242; x_wconf 83' lang='grc' dir='ltr'><strong>αὺ-</strong></span> 
     </span>
    </p>
   </div>
   <div class='ocr_carea' id='block_1_68' title="bbox 2112 2256 3693 2363">
    <p class='ocr_par' dir='ltr' id='par_1_68' title="bbox 2112 2256 3693 2363">
     <span class='ocr_line' id='line_1_68' title="bbox 2112 2256 3693 2363; baseline 0.018 -55"><span class='ocrx_word' id='word_1_492' title='bbox 2112 2256 2217 2309; x_wconf 80' lang='grc' dir='ltr'><strong>τὸν</strong></span> <span class='ocrx_word' id='word_1_493' title='bbox 2233 2258 2445 2363; x_wconf 62' lang='grc' dir='ltr'>,ϐρῶμα</span> <span class='ocrx_word' id='word_1_494' title='bbox 2476 2262 2647 2328; x_wconf 77' lang='grc' dir='ltr'>λαοῖς</span> <span class='ocrx_word' id='word_1_495' title='bbox 2670 2264 2794 2331; x_wconf 85' lang='grc' dir='ltr'>τοῖς</span> <span class='ocrx_word' id='word_1_496' title='bbox 2821 2268 3072 2359; x_wconf 66' lang='grc' dir='ltr'>Αἰθίοψι.</span> <span class='ocrx_word' id='word_1_497' title='bbox 3114 2273 3345 2343; x_wconf 80' lang='grc' dir='ltr'>Ζητήσει</span> <span class='ocrx_word' id='word_1_498' title='bbox 3372 2274 3429 2329; x_wconf 87' lang='grc' dir='ltr'>δὲ</span> <span class='ocrx_word' id='word_1_499' title='bbox 3461 2278 3490 2329; x_wconf 90' lang='lat'><strong>6</strong></span> <span class='ocrx_word' id='word_1_500' title='bbox 3519 2276 3693 2363; x_wconf 51' lang='grc' dir='ltr'>τορῇα</span> 
     </span>
    </p>
   </div>
   <div class='ocr_carea' id='block_1_69' title="bbox 2111 2350 3693 2436">
    <p class='ocr_par' dir='ltr' id='par_1_69' title="bbox 2111 2350 3693 2436">
     <span class='ocr_line' id='line_1_69' title="bbox 2111 2350 3693 2436; baseline 0.015 -36"><span class='ocrx_word' id='word_1_501' title='bbox 2111 2365 2199 2412; x_wconf 87' lang='grc' dir='ltr'><strong>τος</strong></span> <span class='ocrx_word' id='word_1_502' title='bbox 2226 2350 2318 2403; x_wconf 79' lang='grc' dir='ltr'>καὶ</span> <span class='ocrx_word' id='word_1_503' title='bbox 2352 2353 2503 2416; x_wconf 75' lang='grc' dir='ltr'>τινὰς</span> <span class='ocrx_word' id='word_1_504' title='bbox 2529 2354 2789 2419; x_wconf 82' lang='grc' dir='ltr'>Αἰθίοπας</span> <span class='ocrx_word' id='word_1_505' title='bbox 2833 2359 2908 2430; x_wconf 92' lang='lat' dir='ltr'><strong>(l)</strong></span> <span class='ocrx_word' id='word_1_506' title='bbox 2938 2354 3131 2432; x_wconf 78' lang='grc' dir='ltr'>’νόμοις</span> <span class='ocrx_word' id='word_1_507' title='bbox 3178 2362 3527 2436; x_wconf 74' lang='grc' dir='ltr'><strong>ἀλληγορίας,</strong></span> 
     </span>
    </p>
   </div>
   <div class='ocr_carea' id='block_1_70' title="bbox 2113 2440 3692 2523">
    <p class='ocr_par' dir='ltr' id='par_1_70' title="bbox 2113 2440 3692 2523">
     <span class='ocr_line' id='line_1_70' title="bbox 2113 2440 3692 2523; baseline 0.015 -32"><span class='ocrx_word' id='word_1_508' title='bbox 2113 2440 2211 2504; x_wconf 80' lang='grc' dir='ltr'><strong>τὰς</strong></span> <span class='ocrx_word' id='word_1_509' title='bbox 2246 2442 2422 2513; x_wconf 75' lang='grc' dir='ltr'>ψυχάς</span> <span class='ocrx_word' id='word_1_510' title='bbox 2455 2448 2944 2520; x_wconf 82' lang='grc' dir='ltr'>μεμελανωμένους</span> <span class='ocrx_word' id='word_1_511' title='bbox 2976 2454 3198 2522; x_wconf 73' lang='grc' dir='ltr'>φάσκων</span> <span class='ocrx_word' id='word_1_512' title='bbox 3226 2450 3385 2510; x_wconf 82' lang='grc' dir='ltr'>εἶναι·</span> <span class='ocrx_word' id='word_1_513' title='bbox 3409 2457 3502 2523; x_wconf 79' lang='grc' dir='ltr'>οὓς</span> <span class='ocrx_word' id='word_1_514' title='bbox 3523 2459 3580 2513; x_wconf 86' lang='grc' dir='ltr'><strong>δέ</strong></span> <span class='ocrx_word' id='word_1_515' title='bbox 3597 2461 3692 2515; x_wconf 73' lang='grc' dir='ltr'>καὶ</span> 
     </span>
    </p>
   </div>
   <div class='ocr_carea' id='block_1_71' title="bbox 2108 2528 3690 2620">
    <p class='ocr_par' dir='ltr' id='par_1_71' title="bbox 2108 2528 3690 2620">
     <span class='ocr_line' id='line_1_71' title="bbox 2108 2528 3690 2620; baseline 0.016 -40"><span class='ocrx_word' id='word_1_516' title='bbox 2108 2528 2308 2584; x_wconf 89' lang='grc' dir='ltr'>ἐσθίειν</span> <span class='ocrx_word' id='word_1_517' title='bbox 2356 2535 2472 2605; x_wconf 79' lang='grc' dir='ltr'>ἐρεῖ</span> <span class='ocrx_word' id='word_1_518' title='bbox 2512 2538 2601 2590; x_wconf 82' lang='grc' dir='ltr'><strong>τὸν</strong></span> <span class='ocrx_word' id='word_1_519' title='bbox 2650 2540 3013 2612; x_wconf 84' lang='grc' dir='ltr'>προλεχθέντα</span> <span class='ocrx_word' id='word_1_520' title='bbox 3066 2544 3366 2615; x_wconf 88' lang='grc' dir='ltr'>δράκοντα,</span> <span class='ocrx_word' id='word_1_521' title='bbox 3413 2549 3690 2620; x_wconf 78' lang='grc' dir='ltr'><strong>ἀναλόγως</strong></span> 
     </span>
    </p>
   </div>
   <div class='ocr_carea' id='block_1_72' title="bbox 2106 2624 3690 2712">
    <p class='ocr_par' dir='ltr' id='par_1_72' title="bbox 2106 2624 3690 2712">
     <span class='ocr_line' id='line_1_72' title="bbox 2106 2624 3690 2712; baseline 0.016 -40"><span class='ocrx_word' id='word_1_522' title='bbox 2106 2624 2217 2686; x_wconf 86' lang='grc' dir='ltr'>τοῖς</span> <span class='ocrx_word' id='word_1_523' title='bbox 2243 2625 2478 2680; x_wconf 85' lang='grc' dir='ltr'>ἐσθίουσι</span> <span class='ocrx_word' id='word_1_524' title='bbox 2509 2630 2602 2683; x_wconf 89' lang='grc' dir='ltr'><strong>τοῦ</strong></span> <span class='ocrx_word' id='word_1_525' title='bbox 2638 2634 2904 2705; x_wconf 76' lang='grc' dir='ltr'>σωτηρίου</span> <span class='ocrx_word' id='word_1_526' title='bbox 2948 2636 3119 2705; x_wconf 80' lang='grc' dir='ltr'>Λόγου</span> <span class='ocrx_word' id='word_1_527' title='bbox 3154 2637 3252 2702; x_wconf 77' lang='grc' dir='ltr'><strong>τὰς</strong></span> <span class='ocrx_word' id='word_1_528' title='bbox 3286 2641 3524 2712; x_wconf 83' lang='grc' dir='ltr'>σάρκας·</span> <span class='ocrx_word' id='word_1_529' title='bbox 3561 2642 3690 2697; x_wconf 85' lang='grc' dir='ltr'>ἀκο-</span> 
     </span>
    </p>
   </div>
   <div class='ocr_carea' id='block_1_73' title="bbox 2105 2712 3689 2806">
    <p class='ocr_par' dir='ltr' id='par_1_73' title="bbox 2105 2712 3689 2806">
     <span class='ocr_line' id='line_1_73' title="bbox 2105 2712 3689 2806; baseline 0.016 -42"><span class='ocrx_word' id='word_1_530' title='bbox 2105 2712 2308 2779; x_wconf 86' lang='grc' dir='ltr'>λούθως</span> <span class='ocrx_word' id='word_1_531' title='bbox 2339 2717 2396 2770; x_wconf 80' lang='grc' dir='ltr'>δὲ</span> <span class='ocrx_word' id='word_1_532' title='bbox 2439 2720 2647 2786; x_wconf 75' lang='grc' dir='ltr'>τούτοις</span> <span class='ocrx_word' id='word_1_533' title='bbox 2690 2725 2780 2777; x_wconf 72' lang='grc' dir='ltr'>καὶ</span> <span class='ocrx_word' id='word_1_534' title='bbox 2826 2728 3009 2798; x_wconf 88' lang='grc' dir='ltr'>πηγάς</span> <span class='ocrx_word' id='word_1_535' title='bbox 3055 2731 3403 2802; x_wconf 80' lang='grc' dir='ltr'>ῥηγνυμένας</span> <span class='ocrx_word' id='word_1_536' title='bbox 3453 2736 3533 2799; x_wconf 80' lang='grc' dir='ltr'><strong>εἰς</strong></span> <span class='ocrx_word' id='word_1_537' title='bbox 3577 2753 3689 2806; x_wconf 83' lang='grc' dir='ltr'>χει-</span> 
     </span>
    </p>
   </div>
   <div class='ocr_carea' id='block_1_74' title="bbox 2108 2806 3685 2899">
    <p class='ocr_par' dir='ltr' id='par_1_74' title="bbox 2108 2806 3685 2899">
     <span class='ocr_line' id='line_1_74' title="bbox 2108 2806 3685 2899; baseline 0.015 -42"><span class='ocrx_word' id='word_1_538' title='bbox 2108 2806 2351 2878; x_wconf 71' lang='grc' dir='ltr'>μάρρους</span> <span class='ocrx_word' id='word_1_539' title='bbox 2385 2812 2478 2865; x_wconf 71' lang='grc' dir='ltr'><strong>καὶ</strong></span> <span class='ocrx_word' id='word_1_540' title='bbox 2512 2819 2788 2887; x_wconf 81' lang='grc' dir='ltr'>ποταμοὺς</span> <span class='ocrx_word' id='word_1_541' title='bbox 2836 2820 3368 2895; x_wconf 78' lang='grc' dir='ltr'>άποξηραινομένους</span> <span class='ocrx_word' id='word_1_542' title='bbox 3413 2827 3685 2899; x_wconf 82' lang='grc' dir='ltr'>τροπικῶς</span> 
     </span>
    </p>
   </div>
   <div class='ocr_carea' id='block_1_75' title="bbox 2103 2897 3687 2995">
    <p class='ocr_par' dir='ltr' id='par_1_75' title="bbox 2103 2897 3687 2995">
     <span class='ocr_line' id='line_1_75' title="bbox 2103 2897 3687 2995; baseline 0.016 -46"><span class='ocrx_word' id='word_1_543' title='bbox 2103 2897 2391 2954; x_wconf 87' lang='grc' dir='ltr'>ἀποδοῦναι</span> <span class='ocrx_word' id='word_1_544' title='bbox 2442 2906 2784 2977; x_wconf 82' lang='grc' dir='ltr'>πειράσεται.</span> <span class='ocrx_word' id='word_1_545' title='bbox 2831 2912 2967 2964; x_wconf 82' lang='grc' dir='ltr'>Ἀλλ’</span> <span class='ocrx_word' id='word_1_546' title='bbox 3003 2914 3179 2983; x_wconf 80' lang='grc' dir='ltr'>ἡμεῖς,</span> <span class='ocrx_word' id='word_1_547' title='bbox 3223 2916 3358 2987; x_wconf 77' lang='grc' dir='ltr'>πρὸς</span> <span class='ocrx_word' id='word_1_548' title='bbox 3407 2917 3548 2985; x_wconf 78' lang='grc' dir='ltr'>λέξιν</span> <span class='ocrx_word' id='word_1_549' title='bbox 3589 2919 3687 2995; x_wconf 74' lang='grc' dir='ltr'>τὴν</span> 
     </span>
    </p>
   </div>
   <div class='ocr_carea' id='block_1_76' title="bbox 2102 2990 3679 3083">
    <p class='ocr_par' dir='ltr' id='par_1_76' title="bbox 2102 2990 3679 3083">
     <span class='ocr_line' id='line_1_76' title="bbox 2102 2990 3679 3083; baseline 0.016 -40"><span class='ocrx_word' id='word_1_550' title='bbox 2102 2990 2337 3047; x_wconf 78' lang='grc' dir='ltr'>διάνοιαν</span> <span class='ocrx_word' id='word_1_551' title='bbox 2384 2997 2815 3066; x_wconf 80' lang='grc' dir='ltr'>ἀποδεδωκότες,</span> <span class='ocrx_word' id='word_1_552' title='bbox 2864 3004 2958 3057; x_wconf 75' lang='grc' dir='ltr'>ἐπὶ</span> <span class='ocrx_word' id='word_1_553' title='bbox 3008 3004 3075 3058; x_wconf 81' lang='grc' dir='ltr'><strong>τά</strong></span> <span class='ocrx_word' id='word_1_554' title='bbox 3124 3007 3249 3078; x_wconf 73' lang='grc' dir='ltr'><strong>ἑξῆς</strong></span> <span class='ocrx_word' id='word_1_555' title='bbox 3294 2990 3679 3083; x_wconf 74' lang='grc' dir='ltr'>διαϐησόμεθα.</span> 
     </span>
    </p>
   </div>
   <div class='ocr_carea' id='block_1_77' title="bbox 2102 3084 3687 3177">
    <p class='ocr_par' dir='ltr' id='par_1_77' title="bbox 2102 3084 3687 3177">
     <span class='ocr_line' id='line_1_77' title="bbox 2102 3084 3687 3177; baseline 0.015 -40"><span class='ocrx_word' id='word_1_556' title='bbox 2102 3084 2467 3177; x_wconf 80' lang='grc' dir='ltr'>Παραστήσας</span> <span class='ocrx_word' id='word_1_557' title='bbox 2510 3090 2539 3142; x_wconf 90' lang='lat'><strong>6</strong></span> <span class='ocrx_word' id='word_1_558' title='bbox 2586 3094 2873 3167; x_wconf 73' lang='grc' dir='ltr'>προφήτης</span> <span class='ocrx_word' id='word_1_559' title='bbox 2912 3099 3069 3151; x_wconf 77' lang='grc' dir='ltr'>ὁποῖα.</span> <span class='ocrx_word' id='word_1_560' title='bbox 3108 3100 3390 3172; x_wconf 75' lang='grc' dir='ltr'>εἴργασται</span> <span class='ocrx_word' id='word_1_561' title='bbox 3434 3103 3687 3177; x_wconf 84' lang='grc' dir='ltr'>θαύματα</span> 
     </span>
    </p>
   </div>
   <div class='ocr_carea' id='block_1_78' title="bbox 2100 3176 3683 3269">
    <p class='ocr_par' dir='ltr' id='par_1_78' title="bbox 2100 3176 3683 3269">
     <span class='ocr_line' id='line_1_78' title="bbox 2100 3176 3683 3269; baseline 0.015 -41"><span class='ocrx_word' id='word_1_562' title='bbox 2100 3176 2128 3227; x_wconf 92' lang='lat'><strong>6</strong></span> <span class='ocrx_word' id='word_1_563' title='bbox 2173 3176 2279 3244; x_wconf 86' lang='grc' dir='ltr'>πρὸ</span> <span class='ocrx_word' id='word_1_564' title='bbox 2324 3179 2532 3236; x_wconf 81' lang='grc' dir='ltr'>αἰώνων</span> <span class='ocrx_word' id='word_1_565' title='bbox 2573 3182 2821 3252; x_wconf 81' lang='grc' dir='ltr'>βασιλεὺς</span> <span class='ocrx_word' id='word_1_566' title='bbox 2848 3185 3001 3252; x_wconf 81' lang='grc' dir='ltr'>Θεὸς,</span> <span class='ocrx_word' id='word_1_567' title='bbox 3041 3188 3121 3243; x_wconf 77' lang='grc' dir='ltr'>ἔτι</span> <span class='ocrx_word' id='word_1_568' title='bbox 3167 3193 3261 3245; x_wconf 59' lang='grc' dir='ltr'><strong>καὶ¹</strong></span> <span class='ocrx_word' id='word_1_569' title='bbox 3307 3193 3480 3250; x_wconf 90' lang='grc' dir='ltr'>ταῦτα</span> <span class='ocrx_word' id='word_1_570' title='bbox 3514 3214 3683 3269; x_wconf 82' lang='grc' dir='ltr'>προσ-</span> 
     </span>
    </p>
   </div>
   <div class='ocr_carea' id='block_1_79' title="bbox 2098 3263 3683 3354">
    <p class='ocr_par' dir='ltr' id='par_1_79' title="bbox 2098 3263 3683 3354">
     <span class='ocr_line' id='line_1_79' title="bbox 2098 3263 3683 3354; baseline 0.016 -39"><span class='ocrx_word' id='word_1_571' title='bbox 2098 3263 2280 3335; x_wconf 85' lang='grc' dir='ltr'>τίθησι</span> <span class='ocrx_word' id='word_1_572' title='bbox 2307 3267 2509 3335; x_wconf 82' lang='grc' dir='ltr'>λέγων·</span> <span class='ocrx_word' id='word_1_573' title='bbox 2538 3270 2623 3338; x_wconf 77' lang='grc' dir='ltr'>Σή</span> <span class='ocrx_word' id='word_1_574' title='bbox 2660 3274 2833 3327; x_wconf 83' lang='grc' dir='ltr'>ἐστιν</span> <span class='ocrx_word' id='word_1_575' title='bbox 2866 3276 2904 3341; x_wconf 74' lang='grc' dir='ltr'><em>ἠ</em></span> <span class='ocrx_word' id='word_1_576' title='bbox 2952 3276 3162 3346; x_wconf 72' lang='grc' dir='ltr'>ἡμέρα,</span> <span class='ocrx_word' id='word_1_577' title='bbox 3187 3280 3281 3333; x_wconf 77' lang='grc' dir='ltr'>καὶ</span> <span class='ocrx_word' id='word_1_578' title='bbox 3310 3280 3403 3349; x_wconf 80' lang='grc' dir='ltr'>’σή</span> <span class='ocrx_word' id='word_1_579' title='bbox 3446 3263 3620 3339; x_wconf 63' lang='grc' dir='ltr'>ἐστιν</span> <span class='ocrx_word' id='word_1_580' title='bbox 3641 3285 3683 3354; x_wconf 75' lang='grc' dir='ltr'><strong><em>ἡ</em></strong></span> 
     </span>
    </p>
   </div>
   <div class='ocr_carea' id='block_1_80' title="bbox 2098 3355 3685 3446">
    <p class='ocr_par' dir='ltr' id='par_1_80' title="bbox 2098 3355 3685 3446">
     <span class='ocr_line' id='line_1_80' title="bbox 2098 3355 3685 3446; baseline 0.014 -38"><span class='ocrx_word' id='word_1_581' title='bbox 2098 3355 2233 3421; x_wconf 77' lang='grc' dir='ltr'>νύξ.</span> <span class='ocrx_word' id='word_1_582' title='bbox 2267 3359 2377 3431; x_wconf 81' lang='grc' dir='ltr'><strong>Τὴν</strong></span> <span class='ocrx_word' id='word_1_583' title='bbox 2402 3360 2510 3433; x_wconf 81' lang='grc' dir='ltr'><strong>γὰρ</strong></span> <span class='ocrx_word' id='word_1_584' title='bbox 2538 3362 2807 3435; x_wconf 79' lang='grc' dir='ltr'>τοσαύτην</span> <span class='ocrx_word' id='word_1_585' title='bbox 2848 3365 2957 3418; x_wconf 91' lang='grc' dir='ltr'><strong>τῶν</strong></span> <span class='ocrx_word' id='word_1_586' title='bbox 3003 3370 3345 3441; x_wconf 82' lang='grc' dir='ltr'>πραγμάτων</span> <span class='ocrx_word' id='word_1_587' title='bbox 3384 3373 3685 3446; x_wconf 73' lang='grc' dir='ltr'>μεταϐολὴν</span> 
     </span>
    </p>
   </div>
   <div class='ocr_carea' id='block_1_81' title="bbox 2101 3451 3685 3538">
    <p class='ocr_par' dir='ltr' id='par_1_81' title="bbox 2101 3451 3685 3538">
     <span class='ocr_line' id='line_1_81' title="bbox 2101 3451 3685 3538; baseline 0.012 -36"><span class='ocrx_word' id='word_1_588' title='bbox 2101 3451 2164 3503; x_wconf 78' lang='grc' dir='ltr'>σὺ</span> <span class='ocrx_word' id='word_1_589' title='bbox 2203 3452 2362 3522; x_wconf 81' lang='grc' dir='ltr'>μόνος</span> <span class='ocrx_word' id='word_1_590' title='bbox 2395 3455 2422 3505; x_wconf 88' lang='lat'><strong>6</strong></span> <span class='ocrx_word' id='word_1_591' title='bbox 2452 3456 2856 3529; x_wconf 79' lang='grc' dir='ltr'>παντοδύναμος</span> <span class='ocrx_word' id='word_1_592' title='bbox 2888 3460 3148 3530; x_wconf 76' lang='grc' dir='ltr'>εἰργάσω.</span> <span class='ocrx_word' id='word_1_593' title='bbox 3181 3462 3268 3525; x_wconf 82' lang='grc' dir='ltr'><strong>Ὠς</strong></span> <span class='ocrx_word' id='word_1_594' title='bbox 3297 3461 3405 3536; x_wconf 76' lang='grc' dir='ltr'><strong>γάρ</strong></span> <span class='ocrx_word' id='word_1_595' title='bbox 3438 3465 3537 3538; x_wconf 79' lang='grc' dir='ltr'>τὴν</span> <span class='ocrx_word' id='word_1_596' title='bbox 3566 3484 3685 3521; x_wconf 86' lang='grc' dir='ltr'>στε-</span> 
     </span>
    </p>
   </div>
   <div class='ocr_carea' id='block_1_82' title="bbox 2100 3541 3685 3630">
    <p class='ocr_par' dir='ltr' id='par_1_82' title="bbox 2100 3541 3685 3630">
     <span class='ocr_line' id='line_1_82' title="bbox 2100 3541 3685 3630; baseline 0.013 -37"><span class='ocrx_word' id='word_1_597' title='bbox 2100 3541 2318 3613; x_wconf 79' lang='grc' dir='ltr'>ρέμνιον</span> <span class='ocrx_word' id='word_1_598' title='bbox 2342 3544 2544 3617; x_wconf 76' lang='grc' dir='ltr'>πέτραν</span> <span class='ocrx_word' id='word_1_599' title='bbox 2566 3549 2645 3611; x_wconf 87' lang='grc' dir='ltr'><strong>εἰς</strong></span> <span class='ocrx_word' id='word_1_600' title='bbox 2663 3550 2893 3622; x_wconf 76' lang='grc' dir='ltr'>ῥευστὴν</span> <span class='ocrx_word' id='word_1_601' title='bbox 2917 3552 3104 3605; x_wconf 76' lang='grc' dir='ltr'>οὐσίαν</span> <span class='ocrx_word' id='word_1_602' title='bbox 3132 3554 3477 3623; x_wconf 76' lang='grc' dir='ltr'>μεταϐαλὼν,</span> <span class='ocrx_word' id='word_1_603' title='bbox 3501 3559 3685 3630; x_wconf 68' lang='grc' dir='ltr'>πηγὰς</span> 
     </span>
    </p>
   </div>
   <div class='ocr_carea' id='block_1_83' title="bbox 2098 3632 3685 3713">
    <p class='ocr_par' dir='ltr' id='par_1_83' title="bbox 2098 3632 3685 3713">
     <span class='ocr_line' id='line_1_83' title="bbox 2098 3632 3685 3713; baseline 0.013 -30"><span class='ocrx_word' id='word_1_604' title='bbox 2098 3632 2191 3685; x_wconf 82' lang='grc' dir='ltr'>καὶ</span> <span class='ocrx_word' id='word_1_605' title='bbox 2218 3635 2547 3706; x_wconf 72' lang='grc' dir='ltr'>χειμάρρους</span> <span class='ocrx_word' id='word_1_606' title='bbox 2588 3638 2645 3705; x_wconf 84' lang='grc' dir='ltr'>ἐξ</span> <span class='ocrx_word' id='word_1_607' title='bbox 2690 3640 2861 3711; x_wconf 76' lang='grc' dir='ltr'>αὐτῆς</span> <span class='ocrx_word' id='word_1_608' title='bbox 2884 3642 3145 3713; x_wconf 80' lang='grc' dir='ltr'>εἰργάσω,</span> <span class='ocrx_word' id='word_1_609' title='bbox 3168 3646 3263 3698; x_wconf 71' lang='grc' dir='ltr'>καὶ</span> <span class='ocrx_word' id='word_1_610' title='bbox 3323 3647 3592 3702; x_wconf 84' lang='grc' dir='ltr'>ἀνάπαλιν</span> <span class='ocrx_word' id='word_1_611' title='bbox 3615 3650 3685 3705; x_wconf 71' lang='grc' dir='ltr'><strong>τὰ</strong></span> 
     </span>
    </p>
   </div>
   <div class='ocr_carea' id='block_1_84' title="bbox 2096 3727 3683 3815">
    <p class='ocr_par' dir='ltr' id='par_1_84' title="bbox 2096 3727 3683 3815">
     <span class='ocr_line' id='line_1_84' title="bbox 2096 3727 3683 3815; baseline 0.011 -36"><span class='ocrx_word' id='word_1_612' title='bbox 2096 3727 2203 3781; x_wconf 87' lang='grc' dir='ltr'><strong>τῶν</strong></span> <span class='ocrx_word' id='word_1_613' title='bbox 2240 3730 2499 3800; x_wconf 68' lang='grc' dir='ltr'>τωταμῶν</span> <span class='ocrx_word' id='word_1_614' title='bbox 2536 3732 2777 3803; x_wconf 73' lang='grc' dir='ltr'>ῥεύματα</span> <span class='ocrx_word' id='word_1_615' title='bbox 2830 3737 2911 3797; x_wconf 84' lang='grc' dir='ltr'>εὶς</span> <span class='ocrx_word' id='word_1_616' title='bbox 2946 3737 3006 3789; x_wconf 87' lang='grc' dir='ltr'>τὸ</span> <span class='ocrx_word' id='word_1_617' title='bbox 3052 3738 3291 3792; x_wconf 83' lang='grc' dir='ltr'>ἐναντίον</span> <span class='ocrx_word' id='word_1_618' title='bbox 3336 3743 3683 3815; x_wconf 84' lang='grc' dir='ltr'>καταστήσας</span> 
     </span>
    </p>
   </div>
   <div class='ocr_carea' id='block_1_85' title="bbox 2096 3820 3682 3902">
    <p class='ocr_par' dir='ltr' id='par_1_85' title="bbox 2096 3820 3682 3902">
     <span class='ocr_line' id='line_1_85' title="bbox 2096 3820 3682 3902; baseline 0.013 -31"><span class='ocrx_word' id='word_1_619' title='bbox 2096 3820 2397 3893; x_wconf 70' lang='grc' dir='ltr'>ἐξήρανας*</span> <span class='ocrx_word' id='word_1_620' title='bbox 2430 3824 2572 3878; x_wconf 71' lang='grc' dir='ltr'>οὕτω</span> <span class='ocrx_word' id='word_1_621' title='bbox 2626 3829 2717 3879; x_wconf 73' lang='grc' dir='ltr'>καὶ</span> <span class='ocrx_word' id='word_1_622' title='bbox 2759 3827 2856 3899; x_wconf 83' lang='grc' dir='ltr'><strong>τὴν</strong></span> <span class='ocrx_word' id='word_1_623' title='bbox 2900 3830 3115 3902; x_wconf 81' lang='grc' dir='ltr'>ἡμέραν</span> <span class='ocrx_word' id='word_1_624' title='bbox 3156 3833 3244 3885; x_wconf 83' lang='grc' dir='ltr'>ὅτε</span> <span class='ocrx_word' id='word_1_625' title='bbox 3284 3833 3459 3900; x_wconf 77' lang='grc' dir='ltr'>θέλεις</span> <span class='ocrx_word' id='word_1_626' title='bbox 3495 3853 3682 3891; x_wconf 69' lang='grc' dir='ltr'>νυκτο-</span> 
     </span>
    </p>
   </div>
   <div class='ocr_carea' id='block_1_86' title="bbox 2096 3913 3683 4000">
    <p class='ocr_par' dir='ltr' id='par_1_86' title="bbox 2096 3913 3683 4000">
     <span class='ocr_line' id='line_1_86' title="bbox 2096 3913 3683 4000; baseline 0.011 -36"><span class='ocrx_word' id='word_1_627' title='bbox 2096 3915 2287 3977; x_wconf 84' lang='grc' dir='ltr'>ποιεῖς,</span> <span class='ocrx_word' id='word_1_628' title='bbox 2320 3913 2554 3985; x_wconf 79' lang='grc' dir='ltr'>ἔμπαλίν</span> <span class='ocrx_word' id='word_1_629' title='bbox 2586 3935 2645 3969; x_wconf 89' lang='grc' dir='ltr'><strong>τε</strong></span> <span class='ocrx_word' id='word_1_630' title='bbox 2690 3917 2787 3989; x_wconf 83' lang='grc' dir='ltr'>τὴν</span> <span class='ocrx_word' id='word_1_631' title='bbox 2825 3920 2995 3974; x_wconf 87' lang='grc' dir='ltr'>νύκτα</span> <span class='ocrx_word' id='word_1_632' title='bbox 3039 3924 3400 3993; x_wconf 81' lang='grc' dir='ltr'>μετατρέπεις</span> <span class='ocrx_word' id='word_1_633' title='bbox 3438 3929 3520 3990; x_wconf 84' lang='grc' dir='ltr'><strong>είς</strong></span> <span class='ocrx_word' id='word_1_634' title='bbox 3545 3927 3683 4000; x_wconf 77' lang='grc' dir='ltr'><strong>ἡμέ-</strong></span> 
     </span>
    </p>
   </div>
   <div class='ocr_carea' id='block_1_87' title="bbox 2096 4004 3682 4090">
    <p class='ocr_par' dir='ltr' id='par_1_87' title="bbox 2096 4004 3682 4090">
     <span class='ocr_line' id='line_1_87' title="bbox 2096 4004 3682 4090; baseline 0.012 -37"><span class='ocrx_word' id='word_1_635' title='bbox 2096 4019 2227 4072; x_wconf 89' lang='grc' dir='ltr'>ραν·</span> <span class='ocrx_word' id='word_1_636' title='bbox 2270 4004 2430 4069; x_wconf 77' lang='grc' dir='ltr'>αύτὸς</span> <span class='ocrx_word' id='word_1_637' title='bbox 2460 4006 2554 4059; x_wconf 72' lang='grc' dir='ltr'>καὶ</span> <span class='ocrx_word' id='word_1_638' title='bbox 2596 4012 2886 4083; x_wconf 51' lang='grc' dir='ltr'>(ζωστῆρας</span> <span class='ocrx_word' id='word_1_639' title='bbox 2922 4014 2979 4064; x_wconf 82' lang='grc' dir='ltr'>ὲν</span> <span class='ocrx_word' id='word_1_640' title='bbox 3016 4013 3230 4090; x_wconf 85' lang='grc' dir='ltr'>ούρανῷ</span> <span class='ocrx_word' id='word_1_641' title='bbox 3280 4017 3682 4090; x_wconf 77' lang='grc' dir='ltr'>κατηστέρισας</span> 
     </span>
    </p>
   </div>
   <div class='ocr_carea' id='block_1_88' title="bbox 2094 4084 3681 4181">
    <p class='ocr_par' dir='ltr' id='par_1_88' title="bbox 2094 4084 3681 4181">
     <span class='ocr_line' id='line_1_88' title="bbox 2094 4084 3681 4181; baseline 0.012 -36"><span class='ocrx_word' id='word_1_642' title='bbox 2094 4095 2296 4159; x_wconf 76' lang='grc' dir='ltr'>αὐτοῖς,</span> <span class='ocrx_word' id='word_1_643' title='bbox 2325 4098 2418 4149; x_wconf 52' lang='grc' dir='ltr'><strong>καὶ¹</strong></span> <span class='ocrx_word' id='word_1_644' title='bbox 2443 4099 2578 4170; x_wconf 81' lang='grc' dir='ltr'>ἡλίῳ</span> <span class='ocrx_word' id='word_1_645' title='bbox 2600 4100 2842 4166; x_wconf 79' lang='grc' dir='ltr'>διέταξας</span> <span class='ocrx_word' id='word_1_646' title='bbox 2862 4084 3113 4175; x_wconf 85' lang='grc' dir='ltr'>δρόμους,</span> <span class='ocrx_word' id='word_1_647' title='bbox 3146 4084 3304 4178; x_wconf 76' lang='grc' dir='ltr'>όρους</span> <span class='ocrx_word' id='word_1_648' title='bbox 3326 4124 3387 4161; x_wconf 87' lang='grc' dir='ltr'><strong>τε</strong></span> <span class='ocrx_word' id='word_1_649' title='bbox 3515 4084 3681 4175; x_wconf 67' lang='grc' dir='ltr'>παντὶ</span> 
     </span>
    </p>
   </div>
   <div class='ocr_carea' id='block_1_89' title="bbox 2093 4187 3678 4272">
    <p class='ocr_par' dir='ltr' id='par_1_89' title="bbox 2093 4187 3678 4272">
     <span class='ocr_line' id='line_1_89' title="bbox 2093 4187 3678 4272; baseline 0.011 -34"><span class='ocrx_word' id='word_1_650' title='bbox 2093 4187 2480 4259; x_wconf 85' lang='grc' dir='ltr'>νομοθετήσας,</span> <span class='ocrx_word' id='word_1_651' title='bbox 2508 4190 2694 4264; x_wconf 81' lang='grc' dir='ltr'>ὥσπερ</span> <span class='ocrx_word' id='word_1_652' title='bbox 2736 4193 3019 4267; x_wconf 84' lang='grc' dir='ltr'>μεθορίους</span> <span class='ocrx_word' id='word_1_653' title='bbox 3048 4196 3246 4262; x_wconf 84' lang='grc' dir='ltr'>διείλας</span> <span class='ocrx_word' id='word_1_654' title='bbox 3272 4199 3364 4253; x_wconf 82' lang='grc' dir='ltr'>τὸν</span> <span class='ocrx_word' id='word_1_655' title='bbox 3388 4199 3678 4272; x_wconf 75' lang='grc' dir='ltr'>σύμπαντα</span> 
     </span>
    </p>
   </div>
   <div class='ocr_carea' id='block_1_90' title="bbox 2093 4280 3678 4379">
    <p class='ocr_par' dir='ltr' id='par_1_90' title="bbox 2093 4280 3678 4379">
     <span class='ocr_line' id='line_1_90' title="bbox 2093 4280 3678 4379; baseline 0.01 -47"><span class='ocrx_word' id='word_1_656' title='bbox 2093 4280 2263 4333; x_wconf 79' lang='grc' dir='ltr'>αίῶνα</span> <span class='ocrx_word' id='word_1_657' title='bbox 2319 4285 2799 4355; x_wconf 87' lang='grc' dir='ltr'>κατακερματίσας</span> <span class='ocrx_word' id='word_1_658' title='bbox 2850 4289 2924 4352; x_wconf 82' lang='grc' dir='ltr'><strong>είς</strong></span> <span class='ocrx_word' id='word_1_659' title='bbox 2969 4289 3199 4361; x_wconf 79' lang='grc' dir='ltr'>διάφορα</span> <span class='ocrx_word' id='word_1_660' title='bbox 3244 4293 3511 4379; x_wconf 45' lang='grc' dir='ltr'>τμήμηατα</span> <span class='ocrx_word' id='word_1_661' title='bbox 3551 4295 3678 4359; x_wconf 80' lang='grc' dir='ltr'>τοὺς</span> 
     </span>
    </p>
   </div>
   <div class='ocr_carea' id='block_1_91' title="bbox 2092 4369 3675 4454">
    <p class='ocr_par' dir='ltr' id='par_1_91' title="bbox 2092 4369 3675 4454">
     <span class='ocr_line' id='line_1_91' title="bbox 2092 4369 3675 4454; baseline 0.009 -31"><span class='ocrx_word' id='word_1_662' title='bbox 2092 4369 2186 4424; x_wconf 89' lang='grc' dir='ltr'><strong>τοῦ</strong></span> <span class='ocrx_word' id='word_1_663' title='bbox 2234 4374 2431 4436; x_wconf 84' lang='grc' dir='ltr'>παντὸς</span> <span class='ocrx_word' id='word_1_664' title='bbox 2462 4376 2710 4429; x_wconf 76' lang='grc' dir='ltr'>ἐνιαυτοῦ</span> <span class='ocrx_word' id='word_1_665' title='bbox 2771 4380 3012 4451; x_wconf 87' lang='grc' dir='ltr'>καιρούς.</span> <span class='ocrx_word' id='word_1_666' title='bbox 3052 4382 3200 4446; x_wconf 77' lang='grc' dir='ltr'>Ἐνὸς</span> <span class='ocrx_word' id='word_1_667' title='bbox 3232 4384 3340 4454; x_wconf 80' lang='grc' dir='ltr'><strong>γὰρ</strong></span> <span class='ocrx_word' id='word_1_668' title='bbox 3385 4369 3536 4450; x_wconf 62' lang='grc' dir='ltr'>ὄντος</span> <span class='ocrx_word' id='word_1_669' title='bbox 3578 4383 3675 4440; x_wconf 85' lang='grc' dir='ltr'><strong>τοῦ</strong></span> 
     </span>
    </p>
   </div>
   <div class='ocr_carea' id='block_1_92' title="bbox 413 4456 2008 4547">
    <p class='ocr_par' dir='ltr' id='par_1_92' title="bbox 413 4463 1988 4534">
     <span class='ocr_line' id='line_1_92' title="bbox 413 4463 1988 4534; baseline 0.006 -26"><span class='ocrx_word' id='word_1_670' title='bbox 413 4472 811 4529; x_wconf 88' lang='lat' dir='ltr'><strong>precamurque</strong></span> <span class='ocrx_word' id='word_1_671' title='bbox 853 4468 912 4513; x_wconf 93' lang='lat' dir='ltr'><strong>ut</strong></span> <span class='ocrx_word' id='word_1_672' title='bbox 959 4463 1227 4517; x_wconf 87' lang='lat' dir='ltr'><strong>malorum</strong></span> <span class='ocrx_word' id='word_1_673' title='bbox 1276 4479 1398 4534; x_wconf 66' lang='lat' dir='ltr'><strong>quae</strong></span> <span class='ocrx_word' id='word_1_674' title='bbox 1456 4464 1615 4517; x_wconf 90' lang='lat' dir='ltr'><strong>nobis</strong></span> <span class='ocrx_word' id='word_1_675' title='bbox 1669 4463 1988 4517; x_wconf 86' lang='lat' dir='ltr'><strong>acciderunt</strong></span> 
     </span>
    </p>
   </div>
   <div class='ocr_carea' id='block_1_93' title="bbox 2108 4456 3677 4547">
    <p class='ocr_par' dir='ltr' id='par_1_93' title="bbox 2108 4464 3677 4547">
     <span class='ocr_line' id='line_1_93' title="bbox 2108 4464 3677 4547; baseline 0.011 -32"><span class='ocrx_word' id='word_1_676' title='bbox 2108 4464 2305 4535; x_wconf 70' lang='grc' dir='ltr'>(ρόνου,</span> <span class='ocrx_word' id='word_1_677' title='bbox 2344 4467 2552 4539; x_wconf 77' lang='grc' dir='ltr'>καὶτῆς</span> <span class='ocrx_word' id='word_1_678' title='bbox 2600 4469 2693 4522; x_wconf 92' lang='grc' dir='ltr'><strong>τοῦ</strong></span> <span class='ocrx_word' id='word_1_679' title='bbox 2736 4472 2933 4537; x_wconf 76' lang='grc' dir='ltr'>παντὸς</span> <span class='ocrx_word' id='word_1_680' title='bbox 2966 4474 3386 4547; x_wconf 87' lang='grc' dir='ltr'>ἀνακυκλήσεως</span> <span class='ocrx_word' id='word_1_681' title='bbox 3416 4479 3547 4547; x_wconf 81' lang='grc' dir='ltr'>μιᾶς</span> <span class='ocrx_word' id='word_1_682' title='bbox 3582 4480 3677 4533; x_wconf 74' lang='grc' dir='ltr'><strong>καὶ</strong></span> 
     </span>
    </p>
   </div>
   <div class='ocr_carea' id='block_1_94' title="bbox 411 4549 1992 4623">
    <p class='ocr_par' dir='ltr' id='par_1_94' title="bbox 411 4549 1992 4623">
     <span class='ocr_line' id='line_1_94' title="bbox 411 4549 1992 4623; baseline 0.004 -21"><span class='ocrx_word' id='word_1_683' title='bbox 411 4549 773 4606; x_wconf 79' lang='lat' dir='ltr'><strong>mutationem</strong></span> <span class='ocrx_word' id='word_1_684' title='bbox 804 4550 1027 4607; x_wconf 86' lang='lat' dir='ltr'><strong>eﬂicias.</strong></span> <span class='ocrx_word' id='word_1_685' title='bbox 1072 4552 1178 4608; x_wconf 85' lang='lat' dir='ltr'><strong>Pro</strong></span> <span class='ocrx_word' id='word_1_686' title='bbox 1223 4555 1317 4609; x_wconf 89' lang='lat' dir='ltr'><strong>illo</strong></span> <span class='ocrx_word' id='word_1_687' title='bbox 1365 4564 1567 4617; x_wconf 87' lang='lat' dir='ltr'><strong>autem,</strong></span> <span class='ocrx_word' id='word_1_688' title='bbox 1601 4554 1680 4608; x_wconf 88' lang='lat' dir='ltr'><strong>Tu</strong></span> <span class='ocrx_word' id='word_1_689' title='bbox 1700 4554 1992 4623; x_wconf 79' lang='lat' dir='ltr'><strong>fabricatus</strong></span> 
     </span>
    </p>
   </div>
   <div class='ocr_carea' id='block_1_95' title="bbox 409 4644 1984 4718">
    <p class='ocr_par' dir='ltr' id='par_1_95' title="bbox 409 4644 1984 4718">
     <span class='ocr_line' id='line_1_95' title="bbox 409 4644 1984 4718; baseline 0.003 -22"><span class='ocrx_word' id='word_1_690' title='bbox 409 4656 465 4696; x_wconf 77' lang='lat' dir='ltr'><strong>es</strong></span> <span class='ocrx_word' id='word_1_691' title='bbox 497 4658 749 4696; x_wconf 85' lang='lat' dir='ltr'><strong>auroram</strong></span> <span class='ocrx_word' id='word_1_692' title='bbox 778 4655 827 4697; x_wconf 87' lang='lat' dir='ltr'><strong>et</strong></span> <span class='ocrx_word' id='word_1_693' title='bbox 850 4644 1037 4709; x_wconf 79' lang='lat' dir='ltr'><strong>solem,</strong></span> <span class='ocrx_word' id='word_1_694' title='bbox 1062 4647 1279 4716; x_wconf 88' lang='lat' dir='ltr'><strong>Aquila,</strong></span> <span class='ocrx_word' id='word_1_695' title='bbox 1306 4647 1383 4702; x_wconf 89' lang='lat' dir='ltr'><strong>Tu</strong></span> <span class='ocrx_word' id='word_1_696' title='bbox 1406 4648 1722 4718; x_wconf 72' lang='lat' dir='ltr'><strong>prazparasti</strong></span> <span class='ocrx_word' id='word_1_697' title='bbox 1752 4647 1984 4700; x_wconf 83' lang='lat' dir='ltr'><strong>Iuntina-</strong></span> 
     </span>
    </p>
   </div>
   <div class='ocr_carea' id='block_1_96' title="bbox 410 4734 1305 4805">
    <p class='ocr_par' dir='ltr' id='par_1_96' title="bbox 410 4734 1305 4805">
     <span class='ocr_line' id='line_1_96' title="bbox 410 4734 1305 4805; baseline 0.009 -22"><span class='ocrx_word' id='word_1_698' title='bbox 410 4746 467 4785; x_wconf 86' lang='lat' dir='ltr'><strong>re</strong></span> <span class='ocrx_word' id='word_1_699' title='bbox 492 4741 541 4785; x_wconf 88' lang='lat' dir='ltr'><strong>et</strong></span> <span class='ocrx_word' id='word_1_700' title='bbox 564 4736 749 4797; x_wconf 83' lang='lat' dir='ltr'><strong>solem,</strong></span> <span class='ocrx_word' id='word_1_701' title='bbox 782 4734 1170 4805; x_wconf 87' lang='lat' dir='ltr'><strong>interpretatus</strong></span> <span class='ocrx_word' id='word_1_702' title='bbox 1203 4748 1305 4793; x_wconf 87' lang='lat' dir='ltr'><strong>est.</strong></span> 
     </span>
    </p>
   </div>
   <div class='ocr_carea' id='block_1_97' title="bbox 2099 4556 3677 4643">
    <p class='ocr_par' dir='ltr' id='par_1_97' title="bbox 2099 4556 3677 4643">
     <span class='ocr_line' id='line_1_97' title="bbox 2099 4556 3677 4643; baseline 0.011 -36"><span class='ocrx_word' id='word_1_703' title='bbox 2099 4556 2198 4625; x_wconf 82' lang='grc' dir='ltr'>τῆς</span> <span class='ocrx_word' id='word_1_704' title='bbox 2231 4557 2399 4628; x_wconf 76' lang='grc' dir='ltr'>αὐτῆς</span> <span class='ocrx_word' id='word_1_705' title='bbox 2435 4558 2621 4631; x_wconf 75' lang='grc' dir='ltr'>οὔσης,</span> <span class='ocrx_word' id='word_1_706' title='bbox 2663 4562 2726 4615; x_wconf 77' lang='grc' dir='ltr'>σὺ</span> <span class='ocrx_word' id='word_1_707' title='bbox 2771 4564 2799 4616; x_wconf 90' lang='lat'><strong>6</strong></span> <span class='ocrx_word' id='word_1_708' title='bbox 2836 4564 3011 4619; x_wconf 84' lang='grc' dir='ltr'>πάντα</span> <span class='ocrx_word' id='word_1_709' title='bbox 3037 4566 3259 4632; x_wconf 82' lang='grc' dir='ltr'>δυνατὸς</span> <span class='ocrx_word' id='word_1_710' title='bbox 3285 4567 3418 4634; x_wconf 80' lang='grc' dir='ltr'>Θεὸς</span> <span class='ocrx_word' id='word_1_711' title='bbox 3448 4572 3677 4643; x_wconf 77' lang='grc' dir='ltr'>τροπαῖς</span> 
     </span>
    </p>
   </div>
   <div class='ocr_carea' id='block_1_98' title="bbox 2090 4645 3672 4731">
    <p class='ocr_par' dir='ltr' id='par_1_98' title="bbox 2090 4645 3672 4731">
     <span class='ocr_line' id='line_1_98' title="bbox 2090 4645 3672 4731; baseline 0.011 -34"><span class='ocrx_word' id='word_1_712' title='bbox 2090 4645 2364 4718; x_wconf 75' lang='grc' dir='ltr'>διαφόροις</span> <span class='ocrx_word' id='word_1_713' title='bbox 2400 4647 2598 4713; x_wconf 84' lang='grc' dir='ltr'>διεῖλας</span> <span class='ocrx_word' id='word_1_714' title='bbox 2637 4650 2698 4703; x_wconf 82' lang='grc' dir='ltr'>τὸ</span> <span class='ocrx_word' id='word_1_715' title='bbox 2740 4652 2866 4716; x_wconf 80' lang='grc' dir='ltr'>πᾶν,</span> <span class='ocrx_word' id='word_1_716' title='bbox 2916 4654 3071 4726; x_wconf 83' lang='grc' dir='ltr'>θέρος</span> <span class='ocrx_word' id='word_1_717' title='bbox 3113 4656 3211 4727; x_wconf 84' lang='grc' dir='ltr'>μὲν</span> <span class='ocrx_word' id='word_1_718' title='bbox 3242 4656 3364 4729; x_wconf 77' lang='grc' dir='ltr'>ἔαρι</span> <span class='ocrx_word' id='word_1_719' title='bbox 3409 4659 3672 4731; x_wconf 73' lang='grc' dir='ltr'>συνάψας,</span> 
     </span>
    </p>
   </div>
   <div class='ocr_carea' id='block_1_99' title="bbox 2084 4739 3679 4825">
    <p class='ocr_par' dir='ltr' id='par_1_99' title="bbox 2084 4739 3679 4825">
     <span class='ocr_line' id='line_1_99' title="bbox 2084 4739 3679 4825; baseline 0.009 -32"><span class='ocrx_word' id='word_1_720' title='bbox 2084 4739 2256 4811; x_wconf 86' lang='grc' dir='ltr'>τούτῳ</span> <span class='ocrx_word' id='word_1_721' title='bbox 2275 4740 2331 4793; x_wconf 74' lang='grc' dir='ltr'>δὲ</span> <span class='ocrx_word' id='word_1_722' title='bbox 2355 4741 2670 4814; x_wconf 85' lang='grc' dir='ltr'>μετόπωρον</span> <span class='ocrx_word' id='word_1_723' title='bbox 2702 4745 3066 4817; x_wconf 73' lang='grc' dir='ltr'>περιγράψας,</span> <span class='ocrx_word' id='word_1_724' title='bbox 3083 4746 3328 4820; x_wconf 87' lang='grc' dir='ltr'>χειμῶνά</span> <span class='ocrx_word' id='word_1_725' title='bbox 3346 4766 3405 4802; x_wconf 90' lang='grc' dir='ltr'><strong>τε</strong></span> <span class='ocrx_word' id='word_1_726' title='bbox 3427 4755 3679 4825; x_wconf 81' lang='grc' dir='ltr'>περιορί-</span> 
     </span>
    </p>
   </div>
   <div class='ocr_carea' id='block_1_100' title="bbox 409 4823 3680 4913">
    <p class='ocr_par' dir='ltr' id='par_1_100' title="bbox 409 4823 3680 4913">
     <span class='ocr_line' id='line_1_100' title="bbox 409 4823 3680 4913; baseline 0.006 -37"><span class='ocrx_word' id='word_1_727' title='bbox 409 4839 509 4886; x_wconf 87' lang='grc' dir='ltr'><strong>σας</strong></span> <span class='ocrx_word' id='word_1_728' title='bbox 530 4823 649 4895; x_wconf 78' lang='grc' dir='ltr'>ἔαρι</span> <span class='ocrx_word' id='word_1_729' title='bbox 670 4841 682 4854; x_wconf 89' lang='grc'>·</span> <span class='ocrx_word' id='word_1_730' title='bbox 724 4827 900 4881; x_wconf 89' lang='grc' dir='ltr'>πάντα</span> <span class='ocrx_word' id='word_1_731' title='bbox 927 4828 1035 4900; x_wconf 76' lang='grc' dir='ltr'><strong>γάρ</strong></span> <span class='ocrx_word' id='word_1_732' title='bbox 1054 4828 1221 4883; x_wconf 87' lang='grc' dir='ltr'>ταῦτα</span> <span class='ocrx_word' id='word_1_733' title='bbox 1256 4833 1320 4885; x_wconf 83' lang='grc' dir='ltr'>σὺ</span> <span class='ocrx_word' id='word_1_734' title='bbox 1345 4831 1602 4895; x_wconf 77' lang='grc' dir='ltr'>ἔπλασας.</span> <span class='ocrx_word' id='word_1_735' title='bbox 1635 4832 1787 4885; x_wconf 76' lang='grc' dir='ltr'>Ἐπεὶ</span> <span class='ocrx_word' id='word_1_736' title='bbox 1811 4832 1988 4885; x_wconf 84' lang='grc' dir='ltr'>τοίνυν</span> <span class='ocrx_word' id='word_1_737' title='bbox 2032 4836 2093 4887; x_wconf 76' lang='grc' dir='ltr'>σὺ</span> <span class='ocrx_word' id='word_1_738' title='bbox 2122 4836 2149 4887; x_wconf 88' lang='lat'><strong>6</strong></span> <span class='ocrx_word' id='word_1_739' title='bbox 2175 4833 2234 4898; x_wconf 83' lang='grc' dir='ltr'>ἐξ</span> <span class='ocrx_word' id='word_1_740' title='bbox 2255 4833 2447 4897; x_wconf 85' lang='grc' dir='ltr'>αίῶνος</span> <span class='ocrx_word' id='word_1_741' title='bbox 2475 4836 2568 4887; x_wconf 77' lang='grc' dir='ltr'><strong>καὶ</strong></span> <span class='ocrx_word' id='word_1_742' title='bbox 2594 4835 2696 4906; x_wconf 80' lang='grc' dir='ltr'>πρὸ</span> <span class='ocrx_word' id='word_1_743' title='bbox 2720 4837 2912 4901; x_wconf 84' lang='grc' dir='ltr'>αἰῶνος</span> <span class='ocrx_word' id='word_1_744' title='bbox 2954 4838 3204 4909; x_wconf 81' lang='grc' dir='ltr'>βασιλεὺς</span> <span class='ocrx_word' id='word_1_745' title='bbox 3242 4841 3398 4913; x_wconf 83' lang='grc' dir='ltr'>ήμῶν</span> <span class='ocrx_word' id='word_1_746' title='bbox 3446 4842 3680 4898; x_wconf 84' lang='grc' dir='ltr'>τοιαῦτα</span> 
     </span>
    </p>
   </div>
   <div class='ocr_carea' id='block_1_101' title="bbox 367 4917 3744 5007">
    <p class='ocr_par' dir='ltr' id='par_1_101' title="bbox 367 4917 3744 5007">
     <span class='ocr_line' id='line_1_101' title="bbox 367 4917 3744 5007; baseline 0.006 -39"><span class='ocrx_word' id='word_1_747' title='bbox 367 4924 370 4928; x_wconf 71' lang='grc'>“</span> <span class='ocrx_word' id='word_1_748' title='bbox 407 4917 657 4986; x_wconf 84' lang='grc' dir='ltr'>πέφυκας</span> <span class='ocrx_word' id='word_1_749' title='bbox 683 4920 1075 4993; x_wconf 76' lang='grc' dir='ltr'>μεγαλουργεῖν</span> <span class='ocrx_word' id='word_1_750' title='bbox 1102 4923 1195 4976; x_wconf 78' lang='grc' dir='ltr'><strong>καὶ</strong></span> <span class='ocrx_word' id='word_1_751' title='bbox 1219 4924 1680 4993; x_wconf 77' lang='grc' dir='ltr'>παραδοξοποιείν,</span> <span class='ocrx_word' id='word_1_752' title='bbox 1722 4925 2073 4995; x_wconf 80' lang='grc' dir='ltr'>μεταϐάλλειν</span> <span class='ocrx_word' id='word_1_753' title='bbox 2096 4944 2155 4979; x_wconf 87' lang='grc' dir='ltr'><strong>τε</strong></span> <span class='ocrx_word' id='word_1_754' title='bbox 2188 4929 2252 4981; x_wconf 92' lang='grc' dir='ltr'><strong>ἐκ</strong></span> <span class='ocrx_word' id='word_1_755' title='bbox 2278 4926 2387 4981; x_wconf 90' lang='grc' dir='ltr'><strong>τῶν</strong></span> <span class='ocrx_word' id='word_1_756' title='bbox 2410 4927 2665 4981; x_wconf 79' lang='grc' dir='ltr'>ἐναντίων</span> <span class='ocrx_word' id='word_1_757' title='bbox 2702 4931 2782 4992; x_wconf 90' lang='grc' dir='ltr'><strong>εἰς</strong></span> <span class='ocrx_word' id='word_1_758' title='bbox 2819 4930 2885 4983; x_wconf 82' lang='grc' dir='ltr'><strong>τά</strong></span> <span class='ocrx_word' id='word_1_759' title='bbox 2913 4932 3132 4987; x_wconf 79' lang='grc' dir='ltr'>ἐναντία</span> <span class='ocrx_word' id='word_1_760' title='bbox 3161 4932 3229 4987; x_wconf 82' lang='grc' dir='ltr'>τὰ</span> <span class='ocrx_word' id='word_1_761' title='bbox 3294 4934 3370 5006; x_wconf 80' lang='grc' dir='ltr'>τῷ</span> <span class='ocrx_word' id='word_1_762' title='bbox 3440 4933 3519 5007; x_wconf 83' lang='grc' dir='ltr'><strong>σῷ</strong></span> <span class='ocrx_word' id='word_1_763' title='bbox 3554 4942 3678 4987; x_wconf 84' lang='grc' dir='ltr'>νεύ-</span> <span class='ocrx_word' id='word_1_764' title='bbox 3730 4972 3744 4981; x_wconf 81' lang='lat'><strong>.</strong></span> 
     </span>
    </p>
   </div>
   <div class='ocr_carea' id='block_1_102' title="bbox 407 5012 3677 5097">
    <p class='ocr_par' dir='ltr' id='par_1_102' title="bbox 407 5012 3677 5097">
     <span class='ocr_line' id='line_1_102' title="bbox 407 5012 3677 5097; baseline 0.005 -36"><span class='ocrx_word' id='word_1_765' title='bbox 407 5025 536 5078; x_wconf 84' lang='grc' dir='ltr'>ματι</span> <span class='ocrx_word' id='word_1_766' title='bbox 562 5012 969 5082; x_wconf 75' lang='grc' dir='ltr'>παριστάμενα·</span> <span class='ocrx_word' id='word_1_767' title='bbox 995 5015 1216 5078; x_wconf 82' lang='grc' dir='ltr'>εἰκότως</span> <span class='ocrx_word' id='word_1_768' title='bbox 1233 5014 1616 5083; x_wconf 75' lang='grc' dir='ltr'>ἀντιϐολοῦμεν</span> <span class='ocrx_word' id='word_1_769' title='bbox 1674 5017 1769 5071; x_wconf 77' lang='grc' dir='ltr'>καὶ</span> <span class='ocrx_word' id='word_1_770' title='bbox 1790 5016 1885 5071; x_wconf 93' lang='grc' dir='ltr'><strong>νῦν</strong></span> <span class='ocrx_word' id='word_1_771' title='bbox 1924 5020 2046 5079; x_wconf 83' lang='grc' dir='ltr'>ταῖς</span> <span class='ocrx_word' id='word_1_772' title='bbox 2082 5019 2375 5091; x_wconf 81' lang='grc' dir='ltr'>ἡμετέραις</span> <span class='ocrx_word' id='word_1_773' title='bbox 2422 5020 2721 5091; x_wconf 79' lang='grc' dir='ltr'>ἱκετηρίαις</span> <span class='ocrx_word' id='word_1_774' title='bbox 2755 5022 3057 5088; x_wconf 83' lang='grc' dir='ltr'>ἐπινεῦσαι,</span> <span class='ocrx_word' id='word_1_775' title='bbox 3101 5024 3407 5097; x_wconf 82' lang='grc' dir='ltr'>μνησθῆναί</span> <span class='ocrx_word' id='word_1_776' title='bbox 3438 5043 3499 5079; x_wconf 87' lang='grc' dir='ltr'><strong>τε</strong></span> <span class='ocrx_word' id='word_1_777' title='bbox 3540 5021 3677 5081; x_wconf 85' lang='grc' dir='ltr'>ταύ-</span> 
     </span>
    </p>
   </div>
   <div class='ocr_carea' id='block_1_103' title="bbox 403 5103 3673 5192">
    <p class='ocr_par' dir='ltr' id='par_1_103' title="bbox 403 5103 3673 5192">
     <span class='ocr_line' id='line_1_103' title="bbox 403 5103 3673 5192; baseline 0.006 -38"><span class='ocrx_word' id='word_1_778' title='bbox 403 5119 503 5173; x_wconf 82' lang='grc' dir='ltr'><strong>της</strong></span> <span class='ocrx_word' id='word_1_779' title='bbox 535 5103 678 5172; x_wconf 71' lang='grc' dir='ltr'>(ἀντὶ</span> <span class='ocrx_word' id='word_1_780' title='bbox 703 5103 758 5157; x_wconf 86' lang='grc' dir='ltr'><strong>δέ</strong></span> <span class='ocrx_word' id='word_1_781' title='bbox 788 5104 904 5168; x_wconf 85' lang='grc' dir='ltr'>τοῦ,</span> <span class='ocrx_word' id='word_1_782' title='bbox 938 5108 1180 5175; x_wconf 83' lang='grc' dir='ltr'>ταύτης,</span> <span class='ocrx_word' id='word_1_783' title='bbox 1212 5107 1398 5162; x_wconf 84' lang='grc' dir='ltr'>ταῦτα</span> <span class='ocrx_word' id='word_1_784' title='bbox 1456 5111 1484 5162; x_wconf 89' lang='grc' dir='ltr'>ὁ</span> <span class='ocrx_word' id='word_1_785' title='bbox 1550 5110 1846 5181; x_wconf 87' lang='grc' dir='ltr'>Σύμμαχος</span> <span class='ocrx_word' id='word_1_786' title='bbox 1883 5111 2248 5182; x_wconf 83' lang='grc' dir='ltr'>ἡρμήνευσεν)</span> <span class='ocrx_word' id='word_1_787' title='bbox 2279 5128 2292 5142; x_wconf 90' lang='grc'><strong>·</strong></span> <span class='ocrx_word' id='word_1_788' title='bbox 2347 5113 2497 5175; x_wconf 82' lang='grc' dir='ltr'>ὅπως</span> <span class='ocrx_word' id='word_1_789' title='bbox 2546 5113 2641 5166; x_wconf 78' lang='grc' dir='ltr'>καὶ</span> <span class='ocrx_word' id='word_1_790' title='bbox 2687 5114 2772 5183; x_wconf 78' lang='grc' dir='ltr'><strong>ἐφ’</strong></span> <span class='ocrx_word' id='word_1_791' title='bbox 2817 5115 2973 5186; x_wconf 83' lang='grc' dir='ltr'>ήμῶν</span> <span class='ocrx_word' id='word_1_792' title='bbox 3030 5117 3331 5190; x_wconf 80' lang='grc' dir='ltr'>μεταϐολὴν</span> <span class='ocrx_word' id='word_1_793' title='bbox 3384 5118 3673 5192; x_wconf 83' lang='grc' dir='ltr'>ποιήσειας</span> 
     </span>
    </p>
   </div>
   <div class='ocr_carea' id='block_1_104' title="bbox 403 5192 3670 5282">
    <p class='ocr_par' dir='ltr' id='par_1_104' title="bbox 403 5192 3670 5282">
     <span class='ocr_line' id='line_1_104' title="bbox 403 5192 3670 5282; baseline 0.008 -37"><span class='ocrx_word' id='word_1_794' title='bbox 403 5192 510 5246; x_wconf 84' lang='grc' dir='ltr'><strong>τῶν</strong></span> <span class='ocrx_word' id='word_1_795' title='bbox 551 5197 1076 5265; x_wconf 77' lang='grc' dir='ltr'>προκαταλαϐόντων</span> <span class='ocrx_word' id='word_1_796' title='bbox 1119 5202 1265 5272; x_wconf 79' lang='grc' dir='ltr'>ἡμᾶς</span> <span class='ocrx_word' id='word_1_797' title='bbox 1302 5202 1508 5257; x_wconf 84' lang='grc' dir='ltr'>κακῶν.</span> <span class='ocrx_word' id='word_1_798' title='bbox 1563 5204 1710 5257; x_wconf 81' lang='grc' dir='ltr'>Ἀντὶ</span> <span class='ocrx_word' id='word_1_799' title='bbox 1766 5204 1824 5257; x_wconf 85' lang='grc' dir='ltr'>δὲ</span> <span class='ocrx_word' id='word_1_800' title='bbox 1870 5203 1983 5269; x_wconf 88' lang='grc' dir='ltr'>τοῦ,</span> <span class='ocrx_word' id='word_1_801' title='bbox 2060 5206 2144 5259; x_wconf 87' lang='grc' dir='ltr'><strong>Σὺ</strong></span> <span class='ocrx_word' id='word_1_802' title='bbox 2180 5208 2513 5276; x_wconf 68' lang='grc' dir='ltr'>κατηρτίσω</span> <span class='ocrx_word' id='word_1_803' title='bbox 2549 5208 2780 5278; x_wconf 71' lang='grc' dir='ltr'>φαῦσιν</span> <span class='ocrx_word' id='word_1_804' title='bbox 2825 5211 2923 5265; x_wconf 80' lang='grc' dir='ltr'>καὶ</span> <span class='ocrx_word' id='word_1_805' title='bbox 2980 5212 3177 5280; x_wconf 78' lang='grc' dir='ltr'>ἥλιον,</span> <span class='ocrx_word' id='word_1_806' title='bbox 3226 5216 3255 5268; x_wconf 88' lang='lat'><strong>6</strong></span> <span class='ocrx_word' id='word_1_807' title='bbox 3292 5214 3545 5282; x_wconf 84' lang='grc' dir='ltr'>Ἀκύλας,</span> <span class='ocrx_word' id='word_1_808' title='bbox 3584 5214 3670 5271; x_wconf 88' lang='grc' dir='ltr'><strong>Σὺ</strong></span> 
     </span>
    </p>
   </div>
   <div class='ocr_carea' id='block_1_105' title="bbox 404 5285 1779 5370">
    <p class='ocr_par' dir='ltr' id='par_1_105' title="bbox 404 5285 1779 5370">
     <span class='ocr_line' id='line_1_105' title="bbox 404 5285 1779 5370; baseline 0.01 -32"><span class='ocrx_word' id='word_1_809' title='bbox 404 5285 736 5355; x_wconf 73' lang='grc' dir='ltr'>ἡτοίμασας</span> <span class='ocrx_word' id='word_1_810' title='bbox 766 5292 1050 5362; x_wconf 63' lang='grc' dir='ltr'>φωστήξρα</span> <span class='ocrx_word' id='word_1_811' title='bbox 1076 5296 1174 5350; x_wconf 79' lang='grc' dir='ltr'>καὶ</span> <span class='ocrx_word' id='word_1_812' title='bbox 1205 5294 1384 5365; x_wconf 79' lang='grc' dir='ltr'>ἥλιον</span> <span class='ocrx_word' id='word_1_813' title='bbox 1415 5300 1779 5370; x_wconf 83' lang='grc' dir='ltr'>ἡρμήνευσεν.</span> 
     </span>
    </p>
   </div>
   <div class='ocr_carea' id='block_1_106' title="bbox 474 5376 2008 5471">
    <p class='ocr_par' dir='ltr' id='par_1_106' title="bbox 474 5376 1977 5462">
     <span class='ocr_line' id='line_1_106' title="bbox 474 5376 1977 5462; baseline 0.014 -33"><span class='ocrx_word' id='word_1_814' title='bbox 474 5376 641 5437; x_wconf 68' lang='lat' dir='ltr'><strong>Vens.</strong></span> <span class='ocrx_word' id='word_1_815' title='bbox 669 5383 755 5447; x_wconf 80' lang='grc'><strong>18,</strong></span> <span class='ocrx_word' id='word_1_816' title='bbox 778 5384 969 5441; x_wconf 72' lang='grc'><strong>19-21.</strong></span> <span class='ocrx_word' id='word_1_817' title='bbox 989 5392 1243 5445; x_wconf 78' lang='lat' dir='ltr'><strong>Inimicus</strong></span> <span class='ocrx_word' id='word_1_818' title='bbox 1263 5392 1638 5462; x_wconf 83' lang='lat' dir='ltr'><strong>improperavit</strong></span> <span class='ocrx_word' id='word_1_819' title='bbox 1661 5393 1909 5457; x_wconf 85' lang='lat' dir='ltr'><strong>Domino,</strong></span> <span class='ocrx_word' id='word_1_820' title='bbox 1926 5404 1977 5449; x_wconf 82' lang='lat' dir='ltr'><strong>et</strong></span> 
     </span>
    </p>
   </div>
   <div class='ocr_carea' id='block_1_107' title="bbox 2108 5376 3669 5471">
    <p class='ocr_par' dir='ltr' id='par_1_107' title="bbox 2164 5387 3669 5471">
     <span class='ocr_line' id='line_1_107' title="bbox 2164 5387 3669 5471; baseline 0.009 -30"><span class='ocrx_word' id='word_1_821' title='bbox 2164 5387 2408 5457; x_wconf 76' lang='grc' dir='ltr'>Ἐχθρὸς</span> <span class='ocrx_word' id='word_1_822' title='bbox 2433 5387 2707 5443; x_wconf 83' lang='grc' dir='ltr'>ὠνείδισε</span> <span class='ocrx_word' id='word_1_823' title='bbox 2748 5388 2829 5455; x_wconf 81' lang='grc' dir='ltr'>τῷ</span> <span class='ocrx_word' id='word_1_824' title='bbox 2874 5391 3088 5460; x_wconf 79' lang='grc' dir='ltr'>Κυρίῳ,</span> <span class='ocrx_word' id='word_1_825' title='bbox 3127 5394 3226 5448; x_wconf 79' lang='grc' dir='ltr'><strong>καί</strong></span> <span class='ocrx_word' id='word_1_826' title='bbox 3268 5395 3420 5464; x_wconf 79' lang='grc' dir='ltr'>λαὸς</span> <span class='ocrx_word' id='word_1_827' title='bbox 3461 5398 3669 5471; x_wconf 69' lang='grc' dir='ltr'>ἄφρων</span> 
     </span>
    </p>
   </div>
   <div class='ocr_carea' id='block_1_108' title="bbox 401 5470 2008 5563">
    <p class='ocr_par' dir='ltr' id='par_1_108' title="bbox 401 5470 1976 5542">
     <span class='ocr_line' id='line_1_108' title="bbox 401 5470 1976 5542; baseline 0.014 -22"><span class='ocrx_word' id='word_1_828' title='bbox 401 5470 625 5536; x_wconf 78' lang='lat' dir='ltr'><strong>populus</strong></span> <span class='ocrx_word' id='word_1_829' title='bbox 652 5474 903 5542; x_wconf 79' lang='lat' dir='ltr'><strong>insipiens</strong></span> <span class='ocrx_word' id='word_1_830' title='bbox 938 5479 1174 5535; x_wconf 80' lang='lat' dir='ltr'><strong>incitavit</strong></span> <span class='ocrx_word' id='word_1_831' title='bbox 1204 5499 1391 5536; x_wconf 86' lang='lat' dir='ltr'><strong>nomen</strong></span> <span class='ocrx_word' id='word_1_832' title='bbox 1441 5493 1613 5541; x_wconf 78' lang='lat' dir='ltr'><strong>tuum.</strong></span> <span class='ocrx_word' id='word_1_833' title='bbox 1653 5482 1738 5539; x_wconf 84' lang='lat' dir='ltr'><strong>Ne</strong></span> <span class='ocrx_word' id='word_1_834' title='bbox 1792 5485 1976 5539; x_wconf 80' lang='lat' dir='ltr'><strong>tradas</strong></span> 
     </span>
    </p>
   </div>
   <div class='ocr_carea' id='block_1_109' title="bbox 2108 5470 3667 5563">
    <p class='ocr_par' dir='ltr' id='par_1_109' title="bbox 2108 5479 3667 5563">
     <span class='ocr_line' id='line_1_109' title="bbox 2108 5479 3667 5563; baseline 0.012 -33"><span class='ocrx_word' id='word_1_835' title='bbox 2108 5480 2392 5549; x_wconf 68' lang='grc' dir='ltr'>παρώξυνε</span> <span class='ocrx_word' id='word_1_836' title='bbox 2435 5480 2501 5532; x_wconf 86' lang='grc' dir='ltr'>τὸ</span> <span class='ocrx_word' id='word_1_837' title='bbox 2544 5479 2731 5550; x_wconf 78' lang='grc' dir='ltr'>ὄνομά</span> <span class='ocrx_word' id='word_1_838' title='bbox 2770 5498 2906 5539; x_wconf 88' lang='grc' dir='ltr'>σου.</span> <span class='ocrx_word' id='word_1_839' title='bbox 2950 5483 3046 5552; x_wconf 73' lang='grc' dir='ltr'><strong>Μὴ</strong></span> <span class='ocrx_word' id='word_1_840' title='bbox 3082 5485 3359 5555; x_wconf 79' lang='grc' dir='ltr'>παραδῷς</span> <span class='ocrx_word' id='word_1_841' title='bbox 3401 5490 3527 5558; x_wconf 80' lang='grc' dir='ltr'>τοῖς</span> <span class='ocrx_word' id='word_1_842' title='bbox 3560 5497 3667 5563; x_wconf 70' lang='grc' dir='ltr'>θηε-</span> 
     </span>
    </p>
   </div>
   <div class='ocr_carea' id='block_1_110' title="bbox 402 5560 2008 5658">
    <p class='ocr_par' dir='ltr' id='par_1_110' title="bbox 402 5560 1977 5639">
     <span class='ocr_line' id='line_1_110' title="bbox 402 5560 1977 5639; baseline 0.012 -29"><span class='ocrx_word' id='word_1_843' title='bbox 402 5560 585 5616; x_wconf 82' lang='lat' dir='ltr'><strong>bestiis</strong></span> <span class='ocrx_word' id='word_1_844' title='bbox 616 5566 855 5619; x_wconf 80' lang='lat' dir='ltr'><strong>animant</strong></span> <span class='ocrx_word' id='word_1_845' title='bbox 894 5571 1224 5639; x_wconf 81' lang='lat' dir='ltr'><strong>conﬁtentem</strong></span> <span class='ocrx_word' id='word_1_846' title='bbox 1258 5573 1369 5627; x_wconf 86' lang='lat' dir='ltr'><strong>tibi.</strong></span> <span class='ocrx_word' id='word_1_847' title='bbox 1405 5572 1557 5628; x_wconf 89' lang='lat' dir='ltr'><strong>Talia</strong></span> <span class='ocrx_word' id='word_1_848' title='bbox 1597 5586 1727 5630; x_wconf 80' lang='lat' dir='ltr'><strong>sunt</strong></span> <span class='ocrx_word' id='word_1_849' title='bbox 1758 5576 1977 5631; x_wconf 89' lang='lat' dir='ltr'><strong>inenar-</strong></span> 
     </span>
    </p>
   </div>
   <div class='ocr_carea' id='block_1_111' title="bbox 2108 5560 3665 5658">
    <p class='ocr_par' dir='ltr' id='par_1_111' title="bbox 2108 5560 3665 5658">
     <span class='ocr_line' id='line_1_111' title="bbox 2108 5560 3665 5658; baseline 0.016 -41"><span class='ocrx_word' id='word_1_850' title='bbox 2108 5575 2229 5639; x_wconf 71' lang='grc' dir='ltr'>,ίοις</span> <span class='ocrx_word' id='word_1_851' title='bbox 2265 5570 2479 5641; x_wconf 71' lang='grc' dir='ltr'><strong>ψυχὴν</strong></span> <span class='ocrx_word' id='word_1_852' title='bbox 2518 5570 3081 5646; x_wconf 74' lang='grc' dir='ltr'>ἐξομολογουμένην</span> <span class='ocrx_word' id='word_1_853' title='bbox 3108 5594 3229 5635; x_wconf 86' lang='grc' dir='ltr'>σοι.</span> <span class='ocrx_word' id='word_1_854' title='bbox 3287 5578 3369 5636; x_wconf 76' lang='grc' dir='ltr'>Τά</span> <span class='ocrx_word' id='word_1_855' title='bbox 3420 5583 3522 5655; x_wconf 81' lang='grc' dir='ltr'>μὲν</span> <span class='ocrx_word' id='word_1_856' title='bbox 3564 5560 3665 5658; x_wconf 56' lang='grc' dir='ltr'>τῆς</span> 
     </span>
    </p>
   </div>
   <div class='ocr_carea' id='block_1_112' title="bbox 404 5651 2008 5745">
    <p class='ocr_par' dir='ltr' id='par_1_112' title="bbox 404 5651 1973 5735">
     <span class='ocr_line' id='line_1_112' title="bbox 404 5651 1973 5735; baseline 0.009 -30"><span class='ocrx_word' id='word_1_857' title='bbox 404 5651 591 5710; x_wconf 88' lang='lat' dir='ltr'><strong>rabilis</strong></span> <span class='ocrx_word' id='word_1_858' title='bbox 642 5656 860 5713; x_wconf 88' lang='lat' dir='ltr'><strong>virtutis</strong></span> <span class='ocrx_word' id='word_1_859' title='bbox 894 5669 998 5715; x_wconf 70' lang='lat' dir='ltr'><strong>tuae</strong></span> <span class='ocrx_word' id='word_1_860' title='bbox 1031 5678 1216 5732; x_wconf 89' lang='lat' dir='ltr'><strong>opera,</strong></span> <span class='ocrx_word' id='word_1_861' title='bbox 1254 5666 1437 5735; x_wconf 86' lang='lat' dir='ltr'><strong>qualia</strong></span> <span class='ocrx_word' id='word_1_862' title='bbox 1483 5666 1818 5721; x_wconf 89' lang='lat' dir='ltr'><strong>declaratum</strong></span> <span class='ocrx_word' id='word_1_863' title='bbox 1868 5674 1973 5721; x_wconf 88' lang='lat' dir='ltr'><strong>est.</strong></span> 
     </span>
    </p>
   </div>
   <div class='ocr_carea' id='block_1_113' title="bbox 2108 5651 3661 5745">
    <p class='ocr_par' dir='ltr' id='par_1_113' title="bbox 2108 5651 3661 5745">
     <span class='ocr_line' id='line_1_113' title="bbox 2108 5651 3661 5745; baseline 0.01 -28"><span class='ocrx_word' id='word_1_864' title='bbox 2108 5666 2179 5733; x_wconf 76' lang='grc' dir='ltr'><strong>’ἧς</strong></span> <span class='ocrx_word' id='word_1_865' title='bbox 2240 5663 2615 5735; x_wconf 74' lang='grc' dir='ltr'>ἀνεκφράστου</span> <span class='ocrx_word' id='word_1_866' title='bbox 2678 5667 2960 5737; x_wconf 86' lang='grc' dir='ltr'>δυνάμεως</span> <span class='ocrx_word' id='word_1_867' title='bbox 3024 5671 3160 5744; x_wconf 82' lang='grc' dir='ltr'>ἔργα</span> <span class='ocrx_word' id='word_1_868' title='bbox 3219 5651 3442 5732; x_wconf 81' lang='grc' dir='ltr'>τοιαῦτά</span> <span class='ocrx_word' id='word_1_869' title='bbox 3496 5651 3661 5745; x_wconf 35' lang='grc' dir='ltr'>τιναν,</span> 
     </span>
    </p>
   </div>
   <div class='ocr_carea' id='block_1_114' title="bbox 406 5743 2008 5840">
    <p class='ocr_par' dir='ltr' id='par_1_114' title="bbox 406 5743 1969 5831">
     <span class='ocr_line' id='line_1_114' title="bbox 406 5743 1969 5831; baseline 0.012 -34"><span class='ocrx_word' id='word_1_870' title='bbox 406 5743 609 5800; x_wconf 81' lang='lat' dir='ltr'><strong>ﬂorum</strong></span> <span class='ocrx_word' id='word_1_871' title='bbox 640 5757 697 5802; x_wconf 87' lang='lat' dir='ltr'><strong>ut</strong></span> <span class='ocrx_word' id='word_1_872' title='bbox 719 5748 772 5802; x_wconf 92' lang='lat' dir='ltr'><strong>in</strong></span> <span class='ocrx_word' id='word_1_873' title='bbox 795 5754 968 5806; x_wconf 89' lang='lat' dir='ltr'><strong>nostri</strong></span> <span class='ocrx_word' id='word_1_874' title='bbox 999 5757 1224 5814; x_wconf 67' lang='lat' dir='ltr'><strong>gratiam</strong></span> <span class='ocrx_word' id='word_1_875' title='bbox 1252 5759 1556 5816; x_wconf 84' lang='lat' dir='ltr'><strong>recorderis</strong></span> <span class='ocrx_word' id='word_1_876' title='bbox 1580 5761 1969 5831; x_wconf 86' lang='lat' dir='ltr'><strong>supplicamus.</strong></span> 
     </span>
    </p>
   </div>
   <div class='ocr_carea' id='block_1_115' title="bbox 2108 5743 3662 5840">
    <p class='ocr_par' dir='ltr' id='par_1_115' title="bbox 2114 5743 3662 5840">
     <span class='ocr_line' id='line_1_115' title="bbox 2114 5743 3662 5840; baseline 0.013 -36"><span class='ocrx_word' id='word_1_877' title='bbox 2114 5756 2237 5806; x_wconf 77' lang='grc' dir='ltr'>ποῖα</span> <span class='ocrx_word' id='word_1_878' title='bbox 2282 5753 2571 5827; x_wconf 80' lang='grc' dir='ltr'>δεδήλωται</span> <span class='ocrx_word' id='word_1_879' title='bbox 2611 5758 2883 5829; x_wconf 82' lang='grc' dir='ltr'>τυγχάνει.</span> <span class='ocrx_word' id='word_1_880' title='bbox 2914 5743 3127 5815; x_wconf 78' lang='grc' dir='ltr'>Τούτων</span> <span class='ocrx_word' id='word_1_881' title='bbox 3167 5763 3223 5817; x_wconf 81' lang='grc' dir='ltr'><strong>δέ</strong></span> <span class='ocrx_word' id='word_1_882' title='bbox 3261 5781 3316 5817; x_wconf 83' lang='grc' dir='ltr'><strong>σε</strong></span> <span class='ocrx_word' id='word_1_883' title='bbox 3356 5743 3662 5840; x_wconf 76' lang='grc' dir='ltr'>μνησθῆναι</span> 
     </span>
    </p>
   </div>
   <div class='ocr_carea' id='block_1_116' title="bbox 480 5869 1675 5947">
    <p class='ocr_par' dir='ltr' id='par_1_116' title="bbox 480 5869 1675 5947">
     <span class='ocr_line' id='line_1_116' title="bbox 480 5869 1675 5947; baseline 0.014 -25"><span class='ocrx_word' id='word_1_884' title='bbox 480 5869 555 5942; x_wconf 80' lang='lat' dir='ltr'><strong>ti)</strong></span> <span class='ocrx_word' id='word_1_885' title='bbox 594 5870 677 5926; x_wconf 82' lang='lat' dir='ltr'><strong>An</strong></span> <span class='ocrx_word' id='word_1_886' title='bbox 711 5872 994 5946; x_wconf 82' lang='lat' dir='ltr'><strong>legendum</strong></span> <span class='ocrx_word' id='word_1_887' title='bbox 1028 5895 1169 5943; x_wconf 80' lang='grc' dir='ltr'>τινες</span> <span class='ocrx_word' id='word_1_888' title='bbox 1207 5881 1675 5947; x_wconf 65' lang='grc' dir='ltr'>Αἰθίοπεςίῐςυιτ.</span> 
     </span>
    </p>
   </div>
  </div>
