4126 6400
392 416 499 474 865

1532 416 2037 477 COMMENTARIA
2076 423 2140 478 IN
2179 422 2521 481 PSALMOS.

3544 424 3651 483 866

390 540 484 596 καὶ
506 540 589 610 ἐφ’
618 538 775 611 ήμῶν
804 540 1136 613 ἱκετεύομεν.
1173 542 1392 615 Ἐπειδὴ
1435 544 1529 597 καὶ
1563 544 1659 599 νῦν
1696 547 1746 600 οἱ
1792 546 1975 618 ἐχθροὶ

2077 545 2214 613 Quia
2238 546 2348 617 jam
2382 546 2587 601 inimici
2636 544 2934 616 hostesque
2968 545 3163 610 nostri,
3206 560 3315 600 non
3358 545 3520 600 nobis
3561 544 3650 599 de-

390 630 483 685 καὶ
516 631 566 683 οἱ
600 630 869 701 πολέμιοι,
917 631 1015 703 οὐχ
1060 633 1207 704 ἡμᾶς
1256 633 1382 697 τοὺς
1434 634 1839 707 πολεμηθέντας
1881 636 1976 690 καὶ

390 722 732 794 ὑποχειρίους
753 725 935 787 αὐτοῖς
956 725 1294 796 γενομένους,
1313 726 1446 779 ἀλλὰ
1478 728 1536 780 σὲ
1557 727 1646 780 τὸν
1666 727 1798 781 Θεὸν
1824 727 1975 799 ήμῶν

386 813 729 879 ὀνειδίζουσι⁸
766 816 859 870 καὶ
892 815 1020 879 λαὸς
1040 818 1226 889 ἄφρων
1252 818 1279 870 6
1316 818 1375 870 σὲ
1404 818 1492 871 τὸν
1528 818 1658 873 Θὲὸν
1693 820 1767 892 μὴ
1797 819 1972 887 εἰδὼς,

388 908 481 961 ἐπὶ
503 906 723 978 δαίμοσι
754 908 810 961 δὲ
844 911 938 962 καὶ
984 910 1230 980 πολυθέῳ
1253 909 1428 983 πλάνῃ
1468 909 1839 982 καυχώμενος,
1878 912 1977 983 οὐχ

386 1002 554 1071 ἡμᾶς,
591 1001 726 1054 ἀλλά
759 1000 818 1055 σὲ
866 1002 1043 1056 καὶτὸ
1070 1003 1160 1056 σὸν
1188 1003 1359 1075 ὄνομα
1399 1004 1751 1075 παρώξυνενο
1787 1000 1847 1059 οὗ
1875 1006 1975 1075 χά-

390 1106 473 1161 ριν
529 1090 759 1161 δεόμεθα
797 1092 889 1145 καὶ
926 1090 1310 1163 ἀντιϐολοῦμεν
1333 1134 1348 1157 ,
1395 1094 1469 1165 μὴ
1512 1094 1758 1158 ἐκδότους
1795 1112 1975 1168 παρα-

383 1182 565 1238 δοῦναι
592 1186 706 1248 τοῖς
733 1185 964 1256 ἀπηνέσι
992 1185 1153 1257 θηρσὶ
1176 1186 1275 1250 τὰς
1297 1186 1474 1256 ψυχὰς
1500 1186 1608 1240 τῶν
1634 1188 1978 1258 ἐξομολογου-

388 1274 565 1347 μένων
608 1294 713 1339 σοι,
752 1278 885 1348 μηδὲ
932 1277 1101 1350 λήθην
1146 1279 1471 1350 ποιήσασθαι
1499 1281 1578 1343 εἰς
1608 1279 1668 1332 τὸ
1694 1281 1974 1345 παντελὲς,

388 1366 463 1436 μὴ
496 1364 630 1437 βορά
647 1366 934 1436 γενώμεθα
958 1366 1162 1437 θηρίων
1190 1366 1367 1437 ψυχὰς
1397 1365 1595 1419 ἐσθίειν
1619 1367 1939 1435 πεφυκότων
1960 1384 1973 1397 ο

384 1458 568 1511 ὁποῖαί
614 1460 749 1511 εἰσιν
794 1459 852 1511 αἱ
897 1458 1267 1528 ἁντικείμεναι
1312 1458 1587 1528 δυνάμεις,
1624 1459 1678 1509 αἱ
1721 1456 1832 1509 τῶν
1883 1456 1978 1526 ψυ-

386 1547 495 1617 χῶν
542 1548 650 1601 τῶν
699 1548 1052 1619 ἀνθρωπίνων
1097 1548 1371 1602 ἐπίϐουλοί
1428 1565 1488 1601 τε
1550 1548 1645 1602 καὶ
1690 1548 1972 1619 πολέμιοι·

384 1638 520 1692 ἀλλά
544 1639 651 1710 γὰρ
682 1640 1011 1707 ἐπιϐλεψον
1030 1642 1118 1705 εἷς
1132 1640 1246 1707 τὴν
1261 1639 1552 1707 διαθήκην
1562 1654 1698 1705 σου,
1719 1640 1814 1695 καὶ
1843 1642 1977 1711 μνή-

385 1728 542 1800 σθητι
581 1730 683 1801 τῆς
722 1731 995 1802 συνθήκης
1028 1748 1143 1797 σου,
1183 1732 1251 1784 δι’
1278 1728 1344 1805 ἦς
1385 1732 1690 1803 ηὐδόκησας
1725 1732 1895 1786 σῶσαι
1917 1734 1976 1787 τὸ

382 1821 491 1875 τῶν
514 1821 817 1894 ἀνθρώπων
841 1823 1016 1890 γένος,
1047 1823 1238 1894 καινήν
1274 1822 1535 1894 διαθήκην
1559 1824 1740 1887 αὐτοῖς
1763 1824 1852 1877 διά
1879 1824 1971 1878 τοῦ

2078 639 2294 694 bellatis
2341 639 2556 708 sibique
2591 638 2875 708 subjectis,
2907 636 3001 692 sed
3038 637 3135 701 tibi
3171 637 3283 694 Deo
3324 645 3516 693 nostro
3547 638 3651 691 im-

2077 736 2370 800 properaut
2398 749 2411 783 :
2440 735 2494 783 et
2517 729 2751 799 populus
2782 729 3068 800 insipiens,
3094 730 3186 799 qui
3216 736 3270 783 te
3298 725 3466 781 Deum
3502 727 3649 797 ignoo

2077 830 2181 884 rat,
2216 822 2660 890 daeinonibusque
2709 834 2773 875 ac
2812 822 3106 875 multorum
3150 820 3434 878 numinum
3462 832 3650 872 errore

2076 913 2361 983 gloriatur,
2382 928 2491 966 non
2526 927 2646 977 nos,
2675 911 2770 967 sed
2801 919 2852 967 te
2880 920 2934 967 et
2964 927 3163 967 nomen
3188 918 3340 965 tuum
3378 909 3645 974 incitavit;

2077 1006 2199 1060 ideo
2229 1004 2601 1073 supplicamus
2629 1012 2683 1058 et
2717 1018 2976 1075 rogamus
2996 1043 3011 1069 ,
3046 1018 3117 1058 ne
3152 1003 3362 1057 animas
3390 1000 3651 1057 conﬁten-

2079 1099 2211 1150 tium
2239 1095 2339 1149 tibi
2374 1096 2708 1151 immanibus
2746 1095 2879 1151 feris
2910 1094 3193 1151 dedititias
3229 1093 3437 1157 tradas,
3474 1107 3651 1163 neque

2076 1202 2178 1242 nos
2215 1188 2269 1240 in
2296 1197 2614 1257 perpetuum
2638 1187 3003 1250 obliviscaris,
3031 1202 3101 1241 ne
3126 1187 3422 1241 bestiarum
3441 1185 3653 1239 animas

2075 1279 2344 1333 devorare
2404 1280 2691 1333 solitarum
2741 1294 2869 1334 esca
2914 1278 3211 1335 evadamus
3244 1297 3256 1333 :
3287 1277 3477 1348 quales
3522 1284 3653 1330 sunt

2076 1367 2402 1422 adversariae
2436 1375 2735 1436 potestates
2756 1408 2771 1432 ,
2805 1384 2925 1439 quae
2959 1368 3218 1423 humanis
3248 1367 3537 1421 animabus
3568 1367 3654 1420 in-

2076 1459 2350 1516 sidiantur
2395 1474 2459 1513 ac
2494 1460 2693 1516 bellum
2727 1461 2971 1516 inferunt
3005 1462 3138 1517 :sed
3183 1463 3380 1531 respice
3407 1460 3461 1513 in
3486 1461 3654 1514 testa-

2076 1560 2308 1604 mentum
2343 1559 2510 1614 tuum,
2542 1559 2597 1606 et
2630 1567 2842 1607 memor
2874 1561 2993 1607 esto
3016 1553 3163 1621 pacti
3189 1552 3292 1616 tui,
3325 1567 3434 1621 quo
3464 1550 3656 1604 huma-

2074 1659 2204 1697 num
2240 1659 2411 1713 genus
2445 1646 2655 1700 salvum
2690 1644 2869 1700 facere
2900 1645 2999 1700 tibi
3021 1646 3375 1715 complacuit,
3400 1659 3522 1697 cum
3550 1657 3652 1697 no-

2074 1748 2202 1786 vum
2231 1734 2366 1803 ipsis
2413 1742 2796 1789 testamentum
2845 1752 2942 1806 per
2971 1736 3246 1791 Christum
3281 1743 3432 1789 tuum
3456 1732 3656 1803 elargi-

2074 1832 2164 1881 tus
2195 1841 2275 1881 es.
2297 1825 2524 1881 Etiamsi
2553 1827 2697 1881 enim
2720 1829 2939 1897 quidam
2968 1836 3116 1893 sunt,
3141 1834 3322 1883 mente
3350 1827 3652 1890 obscurati,

382 1912 620 1983 Χριστοῦ
660 1930 751 1966 σου
797 1913 1186 1985 δεδωρημένος.
1230 1915 1293 1967 Εἰ
1341 1913 1450 1985 γὰρ
1491 1916 1585 1967 καὶ
1626 1914 1696 1968 τὰ
1742 1916 1975 1985 μάλιστα

2076 1918 2167 1988 qui
2212 1917 2367 1973 domo
2407 1920 2749 1988 iniquitatum
2794 1921 2986 1989 repleti
3016 1929 3200 1983 sunt,
3231 1935 3334 1975 nec
3371 1920 3652 1975 Christum

383 2004 641 2074 γεγόνασί
678 2024 824 2069 τινες
864 2007 1237 2079 ἐσκοτωμένοι
1278 2008 1377 2080 τὴν
1418 2008 1659 2062 διάνοιαν
1703 2010 1798 2062 καὶ
1831 2010 1975 2076 οἴκῳ

382 2098 643 2167 ἀνομιῶν
670 2100 1106 2172 πεπληρωμένοι,
1151 2100 1224 2172 μὴ
1250 2100 1682 2172 παραδεξάμενοι
1717 2101 1809 2154 τὸν
1839 2102 1973 2169 Χρι-

385 2188 509 2241 στόν
554 2206 669 2253 σου,
712 2189 847 2242 ἀλλὰ
893 2191 956 2243 σὺ
993 2190 1068 2253 ὡς
1113 2191 1492 2262 φιλάνθρωπος
1539 2192 1670 2254 Θεὸς
1707 2190 1815 2243 τῶν
1866 2190 1974 2243 σῶν

383 2279 616 2349 πτωχῶν
659 2280 732 2352 μὴ
771 2282 1125 2353 ἀποστραφῇς
1159 2282 1258 2347 τὰς
1299 2284 1598 2356 ἱκετηρίας.
1633 2283 1790 2347 Τίνες
1821 2283 1866 2335 δ’
1908 2283 1974 2336 ἂν

382 2366 493 2424 εἷεν
524 2372 574 2423 οἱ
609 2373 815 2441 πτωχοὶ
836 2374 884 2425 οἱ
931 2373 1100 2426 ταῦτα
1150 2375 1289 2447 ὑπὲρ
1329 2376 1528 2439 παντὸς
1568 2376 1850 2446 εὐχόμενοι
1879 2372 1972 2427 τοῦ

381 2458 534 2525 λαοῦ,
561 2461 675 2515 ἀλλ’
705 2463 755 2515 οἱ
781 2463 872 2516 τοῦ
898 2464 1153 2535 Σωτῆρος
1181 2466 1337 2537 ἡμῶν
1361 2467 1599 2537 μαθηταὶ
1628 2468 1720 2520 καὶ
1745 2467 1977 2519 ἀπόστο-

382 2550 464 2605 λοι
522 2554 657 2625 πρὸς
708 2553 801 2617 οὓς
852 2554 1105 2624 ἐλέγετο·
1158 2557 1448 2626 Μακάριοι
1509 2562 1561 2611 οἱ
1619 2559 1839 2627 πτωχοὶ
1894 2556 1976 2623 τῷ

385 2646 695 2714 πνεύματι,
729 2646 816 2699 ὅτι
854 2648 1107 2717 ὑμετέρα
1137 2650 1309 2703 ἐστὶν
1342 2651 1695 2718 η’,βασιλεία
1730 2649 1848 2703 τῶν
1871 2651 1973 2703 οὺ-

314 2810 315 2813 η
379 2736 616 2805 partim;
638 2737 857 2803 Τούτοις
882 2739 989 2812 γὰρ
1013 2741 1107 2794 καὶ
1137 2741 1366 2804 Ἦσαῖας
1394 2741 1690 2813 ἐμαρτύρει
1718 2743 1781 2794 ὲκ
1810 2757 1977 2811 προσ-

385 2833 537 2887 ώπου
566 2833 740 2902 λέγων
779 2834 872 2889 τοῦ
912 2834 1177 2907 Χριστοῦ·
1213 2835 1454 2904 Πνεῦμα
1482 2839 1701 2904 Κυρίου
1734 2836 1823 2888 ἐπ’
1850 2835 1972 2905 ἐμὲ,

386 2923 459 2982 οὗ
501 2928 734 2981 εἵνεκεν
779 2928 987 2997 ἕχρισέ
1036 2945 1132 2997 με,
1174 2930 1677 2998 εὐαγγελίσασθαι
1721 2927 1977 2995 πτωχοῖς

386 3019 728 3075 ἀπέσταλκέ
754 3037 849 3088 με.
888 3014 1044 3074 Οὗτοι
1080 3020 1227 3089 γοῦν.
1258 3020 1625 3091 ὑπερηύχοντο
1653 3020 1745 3073 τοῦ
1777 3020 1976 3083 παντὸς

384 3109 537 3173 λαοῦ,
577 3110 857 3181 μονονουχὶ
890 3112 1158 3182 φήσαντες
1186 3111 1253 3165 ἂν
1284 3114 1332 3165 οἱ
1363 3113 1563 3176 πάντες
1594 3113 1747 3166 αὐτοὶ
1778 3112 1976 3183 ὁμοίως

385 3194 583 3272 Παύλῳ
608 3202 670 3255 τό
690 3219 703 3232 ·
726 3203 1017 3272 Ηὺχόμην
1038 3203 1303 3274 ἀνάθεμα
1326 3201 1477 3258 εἶναι
1506 3204 1657 3273 ὑπὲρ
1675 3204 1792 3257 τῶν
1810 3204 1977 3258 ἀδελ⁶

2072 2019 2224 2064 tuum
2258 2011 2563 2080 recipiunt;
2599 2019 2651 2064 at
2678 2019 2733 2064 tu
2760 2020 2946 2081 utpote
2978 2012 3121 2066 Deus
3146 2013 3389 2067 clemens
3414 2012 3653 2066 homini-

2072 2102 2197 2164 bus,
2223 2117 2522 2172 pauperum
2548 2110 2767 2157 tuorum
2798 2103 3226 2173 supplicationes
3254 2119 3321 2158 ne
3360 2103 3651 2159 averseris.

2074 2192 2307 2260 Quinam
2347 2210 2476 2249 vero
2519 2210 2790 2264 pauperes
2824 2202 2973 2257 sunt,
3010 2196 3101 2264 qui
3134 2211 3233 2264 pro
3273 2195 3531 2250 universo
3564 2210 3654 2264 po-

2074 2285 2204 2355 pulo
2220 2285 2349 2338 talia
2377 2292 2692 2354 precantur,
2720 2285 2828 2339 nisi
2847 2286 3100 2354 discipuli
3135 2285 3444 2341 Servatoris
3476 2284 3652 2341 nostri

2073 2385 2127 2432 et
2166 2377 2418 2447 apostoli,
2449 2376 2650 2444 quibus
2679 2377 2963 2432 dicebatur
2996 2396 3007 2431 :
3042 2378 3195 2433 Beati
3226 2395 3478 2449 pauperes
3502 2380 3654 2448 spiri-

2075 2474 2152 2529 tu,
2183 2468 2431 2536 quoniam
2460 2476 2691 2521 vestrum
2740 2476 2819 2520 est
2863 2483 3082 2537 regnum
3133 2470 3383 2523 ctelorum
3411 2470 3499 2523 "‘2
3526 2468 3653 2523 Haec

2073 2560 2220 2613 enim
2257 2558 2427 2612 Isaias
2465 2574 2532 2612 ex
2564 2574 2799 2628 persona
2829 2557 3035 2613 Christi
3059 2561 3458 2615 testiﬁcabatur
3489 2579 3503 2615 :
3538 2561 3655 2629 Spi-

2074 2653 2210 2705 ritus
2235 2650 2451 2704 Domini
2475 2666 2630 2719 super
2645 2667 2746 2715 me,
2765 2667 2824 2705 eo
2843 2650 2980 2720 quod
3010 2654 3219 2706 unxerit
3251 2668 3365 2714 me;
3392 2653 3654 2724 evangeli-

2076 2758 2198 2796 zare
2226 2741 2540 2810 pauperibus
2580 2742 2724 2795 misit
2750 2758 2832 2795 me
2853 2742 2917 2795 ’⁸.
2946 2740 3011 2795 Hi
3041 2742 3225 2811 itaque
3262 2757 3363 2813 pro
3394 2744 3655 2800 universo

2074 2836 2276 2906 populo
2305 2835 2695 2905 precabantur,
2729 2834 2872 2889 idem
2908 2834 3019 2889 fere
3058 2834 3304 2890 dicentes
3333 2836 3481 2905 quod
3511 2834 3647 2890 Pau-

2076 2930 2207 2983 lus:
2259 2926 2520 2996 Optabam
2559 2926 2838 2979 anathema
2879 2942 2991 2979 esse
3040 2940 3135 2995 pro
3192 2926 3447 2995 fratribus
3501 2928 3651 2992 meis,

2075 3021 2313 3091 coqnatis
2336 3020 2463 3073 meis
2482 3017 2766 3073 secundum
2795 3034 3026 3082 carnem,
3046 3020 3136 3088 qui
3161 3028 3282 3072 sunt
3304 3017 3569 3073 Israelita:
3584 3020 3650 3070 ”.

2076 3111 2184 3181 Ipsi
2209 3126 2427 3182 quoque
2455 3110 2731 3180 propheta:
2768 3111 2885 3173 Dei,
2919 3112 3012 3181 qui
3044 3118 3267 3181 propter
3304 3110 3485 3180 ipsum
3525 3124 3658 3181 pau-

2077 3218 2234 3273 peres
2261 3209 2439 3261 erant,
2476 3203 2589 3255 hmc
2630 3217 2728 3271 pro
2761 3208 2873 3255 tota
2902 3209 3063 3271 gente
3097 3201 3482 3272 precabantur.

384 3296 514 3367 φῶν
537 3315 676 3367 μου,
707 3297 825 3350 τῶν
857 3298 1167 3368 συγ-γενῶν
1181 3317 1300 3368 μου
1358 3300 1506 3353 κατά
1567 3299 1782 3368 σάρκα,
1809 3299 2026 3364 οἵτινές
2061 3300 2220 3352 εἰσιν
2270 3298 2651 3365 Ἰσραηλῖται.
2693 3298 2803 3351 Καὶ
2852 3298 3005 3351 αὐτοὶ
3052 3297 3109 3350 δὲ
3158 3300 3208 3350 οἱ
3247 3298 3523 3369 προφῆται
3558 3297 3655 3352 τοῦ

385 3388 542 3453 Θεοῦ,
574 3389 639 3442 δι’
671 3390 833 3444 αὐτὸν
861 3392 1249 3463 πτωχεύοντες,
1292 3392 1444 3447 ταῦθ’
1470 3394 1609 3466 ὑπὲρ
1638 3392 1730 3446 τοῦ
1769 3393 1968 3456 παντὸς
2006 3392 2354 3446 καθικέτευον
2380 3392 2582 3455 ἔθνους.

474 3482 760 3549 Ἀνάστα,
817 3488 850 3538 ὁ
910 3486 1077 3552 Θεὸς,
1128 3486 1386 3540 δίκασον
1439 3487 1554 3555 τὴν
1602 3486 1781 3555 δίκην
1836 3504 1972 3553 σου,

2150 3484 2315 3540 Vsus.
2340 3485 2522 3539 22-23.
2567 3481 2826 3555 Exsurge,
2854 3484 3016 3547 Deus,
3030 3483 3217 3553 judica
3244 3499 3461 3537 causam
3486 3492 3654 3549 tuam,

386 3574 687 3647 μνήσθητι
712 3575 833 3631 τῶν
861 3577 1217 3648 ὀνειδισμῶν
1246 3592 1382 3643 σου,
1417 3580 1532 3635 τῶν
1558 3578 1677 3633 ὑπὸ
1712 3578 1973 3647 ἄφρονος

389 3668 545 3735 ὅλην
582 3666 699 3735 τὴν
737 3666 984 3737 ἡμέραν.
1019 3669 1116 3737 Μὴ
1157 3669 1412 3737 ἐπιλάϐῃ
1461 3669 1572 3737 τῆς
1617 3667 1823 3737 φωνῆς
1860 3667 1976 3721 τῶν

387 3757 617 3827 ἐχθρῶν
654 3776 770 3813 σου
796 3798 810 3823 ,
852 3760 891 3826 ᾐ
948 3761 1331 3829 ὑπερηφανία
1378 3759 1496 3813 τῶν
1530 3760 1875 3829 μισούντων
1903 3773 1976 3811 σε

390 3849 573 3917 ἀνέϐη
622 3850 969 3917 διαπαντός.
1032 3851 1250 3923 Ἐπειδὴ
1289 3844 1389 3922 ούχ
1451 3852 1611 3922 ἡμεῖς
1671 3849 1976 3921 ἠδικήμεθα

393 3939 527 3993 ἀλλὰ
560 3941 622 3994 σύ
645 3959 657 3971 ·
689 3943 748 3994 σὲ
777 3941 886 4015 γὰρ
909 3943 1186 3997 ὠνείδισεν
1211 3946 1238 3997 6
1262 3943 1475 4016 ἐχθρὸς,
1505 3944 1598 3997 καὶ
1626 3943 1751 4007 λαὸς
1784 3944 1976 4014 ἄφρων

390 4033 453 4085 τὸ
491 4034 581 4087 σὸν
623 4033 793 4105 ὄνομα
832 4034 1150 4105 παρώξυνε·
1204 4034 1394 4088 τούτου
1433 4036 1589 4108 χάριν
1629 4034 1910 4105 ἀνάστηθι,
1947 4035 1976 4087 6

392 4124 544 4189 Θεὸς,
577 4127 669 4179 καὶ
700 4127 921 4180 δίκασον
949 4127 1046 4199 τὴν
1084 4127 1240 4199 δίκην
1275 4146 1388 4181 σου.
1436 4128 1593 4181 Κατά
1620 4128 1676 4180 δὲ
1708 4126 1799 4181 τὸν
1827 4126 1974 4198 Σύμ-

394 4234 599 4287 μαχον·
643 4217 841 4286 Στῆϐι,
875 4223 907 4273 ό
955 4220 1133 4285 Θεὸς,
1178 4220 1573 4290 προμάχησον
1620 4220 1729 4287 τῆς
1774 4218 1976 4289 μάχης

391 4325 529 4373 σου,
571 4312 668 4365 καὶ
717 4313 1151 4381 μνημόνευσον
1207 4313 1313 4366 τοῦ
1364 4313 1637 4377 ὀνείδους
1666 4329 1781 4366 σου
1814 4312 1975 4379 παρὰ

391 4400 652 4471 ἄφρονος
680 4404 785 4457 τοῦ
808 4404 905 4458 διὰ
931 4405 1135 4471 πάσης
1168 4405 1411 4473 ἡμέρας.
1446 4404 1543 4471 Μὴ
1577 4402 1833 4471 ἐπιλάϐῃ
1865 4402 1975 4470 τῆς

391 4495 597 4565 φωνῆς
621 4496 739 4549 τῶν
760 4499 1061 4566 πολεμίων
1080 4512 1217 4558 σου,
1242 4496 1435 4565 ἤγουν
1452 4497 1527 4569 (1)
1547 4496 1663 4549 τῶν
1681 4497 1976 4564 ἀνθεστη-

394 4588 586 4640 κότων
614 4602 734 4651 σοι,
764 4588 977 4657 μέχρις
1007 4584 1078 4643 οὗ
1102 4589 1531 4653 ἀναϐαίνοντος
1551 4586 1977 4653 ἀδιαλείπτως;

392 4678 503 4730 Και
532 4677 692 4750 μέχρι
710 4679 910 4732 τούτων
928 4680 1140 4733 ἵσταται
1157 4682 1184 4731 6
1201 4680 1355 4748 λόγος
1380 4678 1712 4750 παρακαλῶν
1735 4679 1825 4731 τὸν
1845 4679 1977 4732 Θεὸν

394 4767 739 4839 διαναστῆναι
770 4772 861 4823 καὶ
894 4772 1107 4827 δικάσαι
1135 4771 1232 4843 τὴν
1268 4772 1422 4842 δίκην
1452 4769 1641 4833 αὑτοῦ,
1671 4770 1974 4842 μνησθῆναί

2077 3593 2273 3630 memor
2302 3586 2411 3629 esto
2437 3575 2835 3644 opprobriorum
2865 3584 3095 3639 tuorum,
3126 3588 3307 3626 eorum
3336 3588 3454 3642 qum
3478 3571 3543 3624 ab
3570 3572 3655 3624 in-

2077 3669 2296 3736 sipiente
2326 3676 2448 3721 sunt
2478 3676 2591 3720 tota
2618 3667 2721 3721 die.
2759 3664 2841 3719 Ne
2873 3665 3203 3720 obliviscaris
3232 3681 3376 3719 voces
3408 3664 3654 3717 inimico-

2078 3778 2194 3813 rum
2228 3769 2461 3823 tuorum,
2495 3759 2743 3827 superbia
2763 3776 2942 3813 eorum
2973 3761 3064 3830 qui
3096 3768 3144 3812 te
3174 3758 3394 3811 oderunt
3418 3756 3654 3810 ascendit

2075 3869 2295 3922 semper.
2330 3852 2468 3918 Quia
2522 3868 2631 3905 non
2685 3868 2786 3906 nos
2844 3852 3041 3922 injuria
3091 3849 3270 3905 allecti
3318 3864 3531 3912 smnus,
3557 3848 3655 3903 sed

2077 3952 2135 3998 tu
2165 3964 2177 3998 :
2213 3960 2335 3998 nam
2364 3945 2463 3999 tibi
2498 3945 2757 3999 inimicus
2788 3943 3197 4015 improperavit,
3227 3950 3280 3997 et
3311 3943 3545 4013 populus
3571 3942 3656 3996 iu-

2078 4039 2284 4108 sipiens
2324 4037 2572 4091 incitavit
2605 4053 2800 4091 nomen
2837 4045 3024 4102 tuum;
3056 4035 3180 4090 ideo
3212 4048 3467 4103 exsurge,
3487 4031 3651 4097 Deus,

2075 4138 2130 4184 et
2180 4129 2367 4199 judica
2417 4143 2642 4183 causam
2694 4138 2866 4183 tuam.
2901 4127 3217 4181 Secundum
3266 4124 3654 4197 Symmachum

2076 4230 2257 4277 autem
2297 4242 2308 4276 :
2348 4220 2469 4284 Sta,
2503 4221 2666 4284 Deus,
2698 4236 2965 4290 propugna
2998 4228 3259 4272 certamen
3291 4227 3460 4280 tuum,
3491 4227 3540 4271 et
3573 4232 3657 4271 rc-

2077 4312 2297 4366 cordare
2327 4312 2592 4381 opprobrii
2626 4312 2701 4363 tui
2739 4310 2804 4364 ab
2841 4311 3117 4378 insipiente
3146 4324 3239 4379 per
3284 4316 3450 4361 totam
3496 4308 3653 4362 diem.

2079 4402 2162 4457 Ne
2196 4402 2526 4456 obliviscaris
2559 4418 2706 4455 voces
2736 4402 3071 4454 inimicorum
3100 4410 3332 4464 tuorum,
3364 4399 3418 4452 id
3445 4410 3542 4463 est,
3570 4417 3659 4454 eo-

2077 4511 2194 4547 rum
2226 4495 2315 4564 qui
2352 4494 2449 4546 tibi
2495 4493 2777 4547 obsistunt.
2818 4491 3093 4562 Usquequo
3129 4490 3409 4545 ascendent
3456 4489 3656 4543 indesi-

2076 4586 2298 4638 nenter?
2333 4583 2397 4635 Et
2428 4584 2533 4636 huc
2569 4583 2771 4637 desinit
2800 4597 3004 4646 sermo,
3031 4581 3201 4636 Deum
3234 4595 3438 4651 rogans
3471 4587 3530 4633 ut
3557 4596 3657 4633 ex-

2078 4686 2265 4746 surgat
2310 4683 2363 4729 et
2402 4674 2611 4744 judicet
2654 4688 2879 4729 causam
2917 4688 3070 4727 suam
3102 4673 3530 4740 recordeturque
3560 4686 3657 4739 op-

2077 4768 2282 4837 probrii
2317 4767 2384 4819 ab
2414 4765 2802 4836 insipientibus
2830 4764 2987 4829 illati,
3026 4779 3203 4834 neque
3235 4764 3495 4818 oblivioni
3542 4771 3656 4815 tra-

397 4876 455 4912 τε
489 4859 581 4912 τοῦ
612 4860 913 4931 ὀνειδισμοῦ
961 4863 1067 4915 τῶν
1102 4850 1384 4934 ἀφ’ρόνων,
1427 4863 1559 4934 μηδὲ
1610 4862 1747 4933 λήθῃ
1793 4877 1972 4933 παρα-

2076 4862 2168 4915 dat
2196 4876 2356 4914 voces
2385 4859 2731 4914 inimicorum
2761 4875 2825 4913 ac
2848 4859 3156 4928 superbiam
3181 4872 3371 4910 eorum
3395 4855 3488 4925 qui
3513 4871 3657 4910 sem-

398 4950 580 5004 δοῦναι
608 4952 708 5015 τὰς
736 4954 919 5021 φωνὰς
946 4955 1052 5008 τῶν
1086 4954 1296 5025 ἐχθρῶν
1330 4956 1423 5008 καὶ
1469 4955 1567 5018 τὰς
1596 4953 1974 5026 ὑπερηφανίας

397 5040 506 5095 τῶν
545 5042 831 5107 διαπαντὸς
878 5046 1272 5119 ἐπαιρομένων.
1330 5048 1403 5100 Ob
1463 5048 1570 5118 μὴν
1613 5048 1973 5115 ἐπισυνῆπται

400 5132 607 5198 τούτοις
638 5136 763 5208 ἑξῆς
796 5139 1130 5210 χρηστοτέρα
1155 5156 1238 5202 τις
1268 5140 1578 5211 ἀπόκρισις,
1607 5138 1726 5192 οὐδὲ
1754 5138 1974 5207 ἀγαθῶν

402 5227 702 5295 ἐπαγγελία
758 5233 869 5294 τοῖς
914 5231 1216 5301 δεηθεῖσιν,
1267 5232 1404 5303 ὅπερ
1442 5232 1589 5285 ἔστιν
1638 5232 1722 5301 ἐφ’
1772 5231 1972 5302 ἐτέρων

402 5316 600 5388 εὑρεῖν.
631 5321 827 5391 Διόπερ
858 5324 1158 5393 ἀρχόμενος
1186 5326 1214 5377 6
1240 5323 1393 5392 λόγος
1418 5324 1680 5393 ἀπωσμὸν
1718 5325 1797 5386 εἰς
1824 5314 1976 5386 τέλος

404 5408 657 5464 ἐθέσπισε
681 5415 793 5476 τοῖς
820 5413 1185 5485 δηλουμένοις,
1215 5416 1307 5468 καὶ
1336 5416 1401 5468 δι’
1429 5416 1548 5469 ὅλου
1571 5415 1651 5477 τὸ,
1673 5417 1757 5480 εἰς
1779 5414 1973 5479 τέλος,

406 5500 579 5570 ἐπῆγε
607 5504 813 5573 τῇντῶν
852 5505 1193 5576 σκυθρωπῶν
1224 5509 1546 5579 προρρήσει.
1574 5505 1763 5559 Ἔνθεν
1797 5504 1978 5577 ὁρμώ-

410 5610 570 5661 μενος
613 5595 707 5647 καὶ
743 5597 771 5648 6
814 5596 953 5661 θεῖος
998 5598 1339 5661 Ἀπόστολος,
1381 5598 1606 5668 γράφων
1648 5597 1774 5668 περὶ
1801 5596 1979 5651 αὐτῶν

410 5687 561 5756 ἔλεγε
596 5690 656 5742 τὸ
682 5733 697 5756 ,
738 5693 1006 5761 Ἔφθασε
1039 5693 1107 5746 δὲ
1134 5696 1219 5760 εις
1258 5694 1479 5760 αὐτοὺς
1514 5694 1552 5761 ἡ
1586 5692 1729 5762 ὀργὴ
1763 5695 1848 5759 είς
1871 5692 2065 5759 τέλος.

2078 4969 2176 5023 per
2206 4952 2563 5006 extolluntur.
2602 4951 2785 5021 Neque
2813 4960 2994 5005 tamen
3050 4951 3134 5005 his
3189 4950 3332 5005 bona
3371 4949 3656 5018 responsio

2077 5042 2353 5111 adjicitur,
2379 5057 2553 5111 neque
2582 5043 2884 5095 orationem
2916 5042 3182 5095 bonorum
3211 5041 3502 5110 promissio
3529 5052 3659 5092 con-

2077 5134 2340 5202 sequitur,
2368 5134 2512 5202 quod
2541 5134 2662 5189 aliis
2694 5133 2747 5187 in
2776 5133 3001 5202 psalmis
3032 5133 3271 5202 reperire
3297 5139 3399 5186 est.
3428 5130 3553 5185 ideo
3586 5131 3658 5184 ab

2076 5227 2301 5281 exordio
2336 5227 2692 5295 abjectionem
2726 5235 3039 5296 perpetuam
3074 5223 3388 5278 memoratis
3424 5220 3658 5275 homini-

2081 5319 2186 5373 bus
2218 5318 2644 5381 vaticinabatur,
2680 5324 2736 5371 et
2770 5318 2822 5370 in
2860 5325 2973 5371 toto
2997 5316 3208 5383 psalmo
3234 5314 3471 5367 tristium
3510 5328 3655 5383 pras-

2082 5412 2309 5467 dictioni
2361 5412 2514 5478 illud,
2550 5413 2605 5465 in
2659 5413 2835 5481 ﬁnem,
2884 5410 3145 5465 subdidit.
3184 5408 3320 5462 llinc
3368 5408 3657 5462 occasione

2084 5516 2239 5575 capta
2276 5505 2496 5560 divinus
2523 5506 2836 5575 Apostolus,
2872 5505 2939 5559 de
2969 5503 3161 5558 iisdem
3199 5500 3450 5558 scribens
3476 5500 3653 5556 dixit:

2085 5595 2333 5652 Pervenit
2354 5606 2530 5651 autem
2564 5596 2633 5650 ad
2664 5613 2751 5651 eos
2777 5598 2860 5651 ira
2894 5597 2947 5651 in
2975 5595 3212 5666 ﬁnem”.

480 5799 523 5829 "
569 5797 752 5853 Matth.
787 5817 853 5865 v,
886 5803 940 5857 5.
1016 5803 1062 5836 ³⁸
1104 5800 1207 5860 lsa.
1248 5820 1371 5872 ut,
1410 5804 1459 5858 l.
1536 5804 1582 5835 "
1620 5801 1779 5858 Rom.
1814 5818 1901 5871 Ix,
1932 5802 1976 5864 ὅ,

2154 5804 2198 5837 ³⁰
2241 5805 2258 5860 Ι
2294 5805 2484 5863 Thess.
2524 5822 2600 5873 ιι,
2642 5808 2729 5861 16.

483 5891 529 5954 (ι
546 5896 560 5956 )
602 5890 758 5946 Forte
785 5895 937 5963 ἤχου.
