4128 6392
439 414 546 474 807

528 528 584 586 ί.
614 525 683 584 IN
722 527 952 595 FINEM,
994 527 1084 582 NE
1120 528 1568 596 CORRUMPAS,
1607 527 1933 585 PSALMUS

969 598 1217 653 ASAPll.
1262 599 1493 655 LXXIV.

508 709 759 767 Υιιεπὲ.
799 711 1181 781 Conﬁtebimur
1243 713 1360 777 tibi,
1420 713 1584 779 Deus,
1643 713 2008 783 conﬁtebimur
2041 718 2089 774 Α

440 803 556 868 tibi,
590 814 639 857 et
685 806 1040 859 invocabimus
1071 824 1257 860 nomen
1301 819 1469 861 tuum.
1500 806 1608 860 Pro
1642 808 1733 862 illo
1771 826 1783 860 :
1822 805 1887 859 In
1943 807 2010 875 ﬁ—

436 912 573 963 nem,
606 914 670 951 ne
700 914 1031 967 corrumpas,
1063 898 1423 970 Symmachus
1450 900 1530 954 sic
1563 900 1957 969 interpretatur
1990 916 2005 952 :

437 987 796 1056 Trittmphalis
837 992 900 1045 de
930 992 1323 1061 incorruptione
1356 991 1593 1060 psalmus
1629 991 1846 1059 Asaphi.
1880 989 2009 1044 Ser-

431 1094 525 1135 mo
556 1081 723 1152 igitur
752 1089 838 1137 est
874 1084 942 1138 de
972 1084 1401 1153 incorruptione,
1430 1098 1550 1152 qua
1568 1082 1734 1152 justis
1756 1083 2008 1137 recondi-

429 1180 543 1237 tur,
567 1174 770 1244 quibus
796 1175 960 1230 etiam
990 1176 1235 1231 victoria:
1262 1176 1483 1245 prmmia
1514 1190 1614 1230 ceu
1645 1175 1699 1229 in
1733 1173 2011 1229 thesauris

428 1267 673 1335 reposita
705 1274 855 1322 sunt.
892 1267 1254 1334 Quamobrem
1285 1267 1627 1337 triumphalis
1668 1267 1849 1321 dictus
1879 1274 1966 1322 est
1993 1286 2006 1321 :

429 1369 533 1410 nos
560 1366 741 1411 autem
770 1357 999 1413 remittit
1032 1358 1087 1412 in
1119 1357 1301 1423 tinem,
1335 1358 1401 1413 de
1431 1372 1541 1428 quo
1562 1357 1860 1426 Apostolus
1890 1357 1968 1410 ait
1993 1376 2006 1411 :

433 1443 637 1501 Deinde
679 1448 825 1517 ﬁnis,
860 1465 981 1504 cum
1026 1448 1309 1503 tradiderit
1339 1465 1555 1520 regnum
1592 1447 1701 1503 Deo
1744 1457 1795 1502 et
1834 1448 2009 1512 Patri,

432 1553 555 1593 cum
581 1538 900 1593 destruxerit
922 1556 1127 1593 omnem
1156 1540 1509 1608 principatum
1539 1548 1590 1593 et
1618 1547 1928 1608 potestatem
1959 1548 2012 1591 et

434 1631 698 1684 virtutem.
729 1630 945 1700 Oportet
987 1632 1123 1685 enim
1172 1632 1323 1684 illum
1356 1647 1596 1701 regnare,
1641 1631 1803 1685 donec
1850 1638 2011 1697 ponat

432 1738 612 1776 omnes
646 1723 885 1777 inimicos
917 1725 1012 1777 sub
1040 1722 1256 1791 pedibus
1295 1723 1429 1793 ejus.
1467 1724 1769 1777 Novissima
1793 1723 2009 1775 inimica

1115 413 1384 470 EUSEBll
1421 412 1897 470 CxESARlENSIS
1931 411 2082 470 OPP.
2128 413 2309 470 PARS
2348 415 2433 473 Ill.
2473 447 2542 459 --
2579 415 2988 474 EXEGETICA.

3590 425 3750 482 808‘

2127 531 2236 584 ΕΙΣ
2272 530 2363 585 T0
2397 532 2637 598 ΤΕΑΟΣ,
2676 533 3243 611 Μῌ-ιιᾼφοειιᾞε,
3283 534 3573 589 manus
3609 540 3698 611 τᾳ

2739 606 2935 658 ΑΣΑΦ.
2974 607 3091 656 οΔ’.

2200 713 2791 785 Ἐξομολογησόμεθά
2817 733 2915 770 σοι
2935 756 2950 781 ,
2983 720 3016 771 ὀ
3045 717 3189 783 Θεὸς
3206 758 3222 782 ,
3250 717 3699 790 ἐξομολογησό-

2112 802 2265 872 μεθά
2291 819 2411 868 σοι,
2440 804 2541 859 καὶ
2562 806 3039 878 ἐπικαλεσόμεθα
3069 806 3135 860 τὸ
3158 806 3347 876 ὄνομά
3379 825 3517 863 σου.
3554 812 3701 865 Ἀντὶ

2115 897 2241 961 τοῦ,
2276 900 2381 963 Εἰς
2411 897 2476 951 τὸ
2526 899 2721 965 τέλος,
2755 897 2842 967 μὴ
2888 898 3269 968 διαφθείρῃς,
3307 901 3336 953 6
3382 901 3697 973 Σύμμαχος,

2129 990 2447 1056 Ἐπινίκιος
2480 992 2614 1060 περὶ
2663 992 3003 1061 ἀφθαρσίας
3045 992 3289 1062 ψαλμὸς
3331 994 3439 1049 τοῦ
3493 994 3698 1069 Ἀσὰφ,

2118 1083 2487 1151 ἡρμήνευσεν.
2531 1082 2744 1136 Οὐκοῦν
2795 1083 2923 1155 περὶ
2972 1082 3281 1155 ἀφθαρσίας
3312 1086 3341 1137 6
3398 1085 3557 1154 λόγος
3600 1090 3699 1159 τῆς

2116 1176 2229 1236 τοῖς
2255 1172 2484 1237 δικαίοις
2505 1174 2896 1246 ἀποκειμένης,
2922 1171 3003 1238 οἷς
3030 1175 3125 1228 καὶ
3150 1174 3218 1228 τὰ
3243 1178 3341 1246 τῆς
3374 1176 3530 1247 νίκης
3558 1178 3696 1231 ἀπο-

2116 1264 2540 1337 τεθησαύρισται
2575 1265 2822 1339 βραδεῖα.
2869 1266 2962 1319 Δ-ιὺ
3013 1266 3109 1321 καὶ
3148 1267 3410 1332 ὲπινίκιος
3445 1270 3691 1342 εῑρηται·

2117 1355 2435 1427 ἀναπέμπει
2475 1357 2532 1410 δὲ
2562 1359 2710 1428 ἡμᾶς
2738 1358 2832 1412 καὶ
2860 1360 2941 1422 εις
2977 1357 3038 1411 τὸ
3064 1358 3236 1424 τέλος,
3271 1361 3400 1433 περὶ
3441 1356 3505 1414 οὗ
3532 1380 3696 1435 φησιν

2115 1446 2145 1497 6
2187 1445 2538 1511 Ἀπόστολοςο
2572 1444 2719 1502 Εἶτα
2761 1447 2828 1502 τὸ
2873 1448 3080 1515 τέλος,
3110 1449 3257 1505 ὅταν
3299 1452 3540 1520 παραδῷ
3579 1452 3698 1523 τὴν

2111 1535 2441 1599 ,βασιλείαν
2468 1535 2547 1602 τῷ
2588 1536 2709 1603 Θεῷ
2739 1538 2837 1592 καὶ
2881 1539 3064 1607 Πατρὶ
3086 1581 3101 1607 ,
3144 1540 3290 1595 ὅταν
3344 1543 3695 1614 καταργήσῃ

2114 1627 2321 1682 πᾶσαν
2352 1630 2550 1699 ἀρχὴν
2583 1632 2679 1684 καὶ
2711 1631 2917 1687 πᾶσαν
2943 1634 3236 1699 ἐξουσίαν
3273 1636 3371 1689 καὶ
3412 1636 3687 1707 δύναμιν.

2113 1720 2211 1773 Δεῖ
2236 1722 2347 1790 γὰρ
2387 1722 2572 1777 αὑτὸν
2626 1725 2995 1792 βασιλεύειν,
3034 1727 3208 1796 ἄχρις
3235 1724 3307 1784 οὗ
3339 1728 3414 1797 θῇ
3460 1730 3691 1797 πάντας

433 1811 735 1868 destruetur
767 1831 906 1867 mors
927 1815 995 1869 ³¹.
1029 1816 1087 1868 ln
1117 1816 1221 1871 [ine
1253 1818 1470 1885 quippe,
1502 1823 1768 1900 quotquot
1818 1816 1873 1869 in
1905 1815 2002 1870 hoc

2110 1811 2251 1877 τοὺς
2291 1812 2541 1897 έχθροὺς
2573 1816 2693 1869 ὑπὸ
2740 1815 2881 1881 τοὺς
2919 1816 3110 1884 πόδας
3156 1819 3362 1873 αὑτοῦ.
3394 1822 3691 1888 Ἐσχατος

434 1906 657 1968 saeculo,
691 1907 746 1959 in
782 1906 926 1960 bono
956 1905 1269 1976 hujusmodi
1300 1908 1599 1961 certamine
1628 1909 1897 1973 vicerunt,
1926 1907 2002 1961 in-

2108 1904 2318 1972 ἐχθρὸς
2350 1906 2721 1975 καταργεῖται
2750 1910 2783 1961 ό
2820 1908 3094 1976 θάνατος.
3142 1910 3239 1973 Εἰς
3278 1911 3455 1964 ἐκεῖνο
3482 1913 3590 1983 γὰρ
3624 1915 3686 1967 τὸ

433 2004 747 2067 corruptam
798 1998 971 2050 vitam
1014 2006 1439 2066 consequentur.
1485 1997 1641 2063 Quod
1689 1999 1791 2053 sub
1842 1997 2001 2051 linem

2108 1996 2259 2058 τέλος
2279 1999 2325 2049 οἱ
2363 1997 2505 2049 κατὰ
2547 1998 2638 2051 τὸν
2667 1999 2935 2052 ἐνεστῶτα
2967 2000 3139 2054 αἰῶνα
3164 2002 3256 2055 τὸν
3299 2003 3461 2057 καλὸν
3499 2006 3685 2073 ἀγῶνα

432 2102 672 2156 praesens
694 2089 934 2157 psalmus
960 2088 1200 2142 declarat
1224 2090 1309 2143 his
1339 2088 1515 2144 verbis
1542 2108 1554 2143 :
1584 2089 1651 2141 Et
1680 2092 1859 2141 omnia
1885 2104 2003 2141 cor-

432 2195 540 2235 nua
562 2191 893 2250 peccatorum
925 2181 1274 2251 confringam,
1308 2191 1357 2233 et
1402 2180 1777 2235 exaltabuntur
1805 2196 2004 2233 cornua

424 2273 582 2344 justi.
619 2271 751 2325 Nam
806 2287 932 2326 cum
988 2272 1211 2342 perinde
1261 2279 1425 2340 atque
1455 2266 1749 2341 Apostolus
1796 2286 2003 2326 cornua

429 2363 823 2433 confringenda
853 2378 976 2419 esse
1003 2363 1251 2429 dixisset,
1282 2363 1489 2417 addidit
1533 2362 1665 2416 illud
1702 2379 1715 2416 :
1744 2361 1812 2414 Et
1855 2362 2005 2416 exat-

431 2455 684 2510 labuntur
716 2472 917 2509 cornua
939 2455 1094 2523 justi,
1127 2461 1290 2524 atque
1314 2454 1416 2508 hoc
1445 2453 1728 2524 prmsentis
1770 2453 2004 2522 prophe-

429 2549 520 2603 tiae
543 2548 998 2617 complementum
1030 2554 1134 2602 est.
1173 2546 1353 2612 Quare
1389 2556 1445 2600 et
1476 2545 1717 2615 psalmus
1745 2552 1799 2599 et
1828 2544 2004 2597 canti-

427 2652 555 2693 cum
605 2637 769 2692 simul
818 2643 1200 2705 nuncupatur;
1250 2650 1316 2691 ex
1355 2650 1588 2705 persona
1616 2642 1796 2688 autem
1828 2635 2005 2701 justo—

429 2743 552 2782 rum
581 2727 795 2782 initium
844 2728 995 2781 ducit
1027 2728 1216 2782 dicens
1251 2745 1262 2779 :
1297 2724 1672 2795 Conﬁtebimur
1709 2723 2001 2788 tibi,Deus,

427 2817 790 2886 conﬁtebimur
815 2817 928 2880 tibi,
956 2826 1006 2870 et
1034 2816 1388 2871 invocabimus
1434 2832 1622 2870 nomen
1674 2826 1840 2871 tuum.
1866 2814 2004 2884 Ipsis

425 2923 663 2977 namque
720 2908 853 2962 solis
907 2908 1161 2962 convenit
1212 2906 1486 2961 confessio
1530 2922 1655 2961 cum
1707 2907 2003 2977 gratiarum

426 2998 666 3062 actione,
691 3012 799 3067 qua
833 2994 1091 3051 Servator
1137 2996 1193 3050 in
1224 2994 1534 3063 Evangeliis
1586 2994 1733 3049 Patri
1778 2994 2004 3049 conﬁte—

425 3088 588 3143 batur
619 3088 850 3144 dicens:
884 3086 1154 3157 Conﬁteor
1188 3087 1305 3150 tibi,
1338 3087 1521 3151 Pater,
1554 3086 1775 3139 Domine
1808 3086 1925 3139 costi
1954 3094 2005 3139 et

426 3190 583 3236 teme
596 3181 661 3234 ³¹.
698 3178 899 3251 Primo
931 3188 1112 3233 autem
1146 3178 1496 3243 conﬁtentur,
1528 3177 1721 3232 deinde
1750 3179 2005 3232 invocant

2109 2089 2451 2159 νενικηκότες
2502 2088 2598 2160 τῆς
2656 2090 2933 2162 ἀφθάρτου
2985 2090 3132 2161 ζωῆς
3182 2092 3492 2157 τεύξονται·
3545 2096 3573 2148 ὃ
3621 2096 3688 2168 δὴ

2110 2177 2245 2246 πρὸς
2271 2180 2382 2239 τοῖς
2405 2176 2733 2241 τελευταίοις
2770 2180 2863 2231 καὶ
2892 2181 2919 2232 6
2949 2181 3087 2250 μετὰ
3115 2183 3302 2252 χεῖρας
3335 2183 3491 2252 λόγος
3524 2188 3687 2256 παρίο

2112 2283 2268 2336 στησι
2296 2266 2487 2335 λέγων’
2503 2268 2610 2321 Καὶ
2638 2268 2833 2322 πάντα
2856 2270 2928 2323 τὰ
2945 2269 3163 2339 κέρατα
3186 2270 3301 2325 τῶν
3327 2274 3686 2343 ἁμαρτωλῶν

2109 2358 2436 2411 συνθλάσω
2458 2398 2473 2423 ,
2514 2358 2615 2411 καὶ
2659 2359 3040 2428 ὑψωθήσεται
3084 2361 3155 2414 τὰ
3205 2363 3420 2432 κέρατα
3445 2366 3550 2418 τοῦ
3596 2365 3683 2419 δι-

2110 2449 2303 2502 καίου.
2332 2448 2641 2519 Συμφώνως
2665 2451 2772 2520 γὰρ
2795 2451 2872 2522 τῷ
2912 2452 3214 2525 Ἀποστόλῳ
3238 2455 3267 2506 6
3296 2455 3485 2526 παρὼν
3529 2457 3684 2524 λόγος

2112 2536 2377 2608 κλασθήσε
2387 2537 2507 2591 σθαι
2537 2537 2605 2590 τά
2626 2539 2833 2609 κέρατα
2855 2537 3042 2604 εἰπὼν,
3066 2541 3310 2610 ἐπήγαγε
3328 2541 3408 2605 τὸ,
3426 2541 3680 2610 Ὑψωθή-

2109 2643 2277 2682 σεται
2305 2628 2379 2681 τὰ
2400 2628 2617 2696 κέρατα
2642 2629 2747 2682 τοῦ
2774 2628 3033 2685 δικαίου’
3075 2632 3168 2684 καὶ
3193 2630 3335 2685 τοῦτ’
3365 2631 3477 2685 ἔστι
3504 2633 3563 2685 τὸ
3584 2632 3681 2702 τῆς

2111 2718 2391 2790 παρούσης
2418 2719 2755 2789 προφητείας
2792 2720 3184 2791 συμπέρασμα.
3215 2723 3307 2775 Διὸ
3339 2724 3433 2775 καὶ
3468 2722 3680 2792 ψαλμὺς

2110 2810 2205 2865 καὶ
2238 2810 2349 2881 ᾠδὴ
2388 2811 2530 2864 κατὰ
2560 2811 2622 2863 τὸ
2660 2812 2791 2865 αὐτὸ
2828 2812 3140 2883 ὠνόμασται
3162 2830 3174 2845 ·
3207 2816 3272 2867 ὲκ
3303 2812 3591 2887 προσώπου
3622 2814 3681 2867 δὲ

2108 2902 2216 2955 τῶν
2247 2903 2470 2957 δικαίων
2496 2904 2596 2975 τὴν
2631 2905 2910 2977 καταρχὴν
2935 2909 3163 2961 ποιεῖται
3196 2908 3392 2963 εἰπών·
3437 2909 3678 2979 Ἐξομο-

2109 2992 2489 3063 λογησόμεθά
2513 3010 2631 3059 σοι,
2665 2999 2698 3049 ὀ
2744 2998 2909 3063 Θεὸς,
2958 2990 3521 3070 ἐξομολογησόμεθά
3554 3015 3675 3067 σοι,

2110 3083 2208 3136 καὶ
2249 3084 2725 3155 ἐπικαλεσόμεθα
2779 3086 2846 3141 τὸ
2894 3088 3083 3158 ὄνομά
3137 3106 3273 3146 σου.
3322 3092 3519 3154 Μόνοις
3568 3093 3680 3163 γὰρ

2109 3175 2290 3238 αὐτοῖς
2318 3176 2514 3248 πρέπει
2541 3178 2573 3249 ἡ
2606 3172 3020 3251 εὐχαριστήριος
3041 3179 3442 3254 ἐξομολόγησις,
3468 3182 3569 3236 καθ
3607 3184 3679 3255 ῆν

420 3287 626 3327 nomen
657 3273 799 3340 ejus,
831 3285 938 3340 qua
973 3271 1320 3326 invocatione
1346 3271 1578 3325 salutem
1609 3286 1639 3324 a
1670 3269 1782 3323 Deo
1809 3284 2002 3326 conse-

2111 3267 2204 3318 καὶ
2233 3268 2261 3318 6
2287 3267 2477 3340 Σωτὴρ
2509 3268 2901 3340 ἐξωμολογεῖτο
2925 3273 2983 3326 ὲν
3007 3273 3365 3341 Εὑαγγελίοις
3405 3274 3539 3345 πρὸς
3580 3274 3674 3328 τὸν

419 3370 683 3435 quentur,
716 3369 776 3415 ut
805 3361 910 3416 fert
941 3361 1145 3416 dictum
1176 3360 1310 3414 illud
1339 3380 1351 3415 :
1380 3360 1448 3414 Et
1482 3362 1652 3415 omnis
1703 3363 1997 3432 quicunque

418 3454 737 3510 invocaverit
770 3470 955 3509 nomen
988 3452 1225 3517 Domini,
1249 3453 1427 3508 salvus
1460 3454 1559 3506 erit
1581 3453 1648 3506 ³³.
1667 3452 1853 3509 Potest
1874 3454 2001 3509 item

418 3545 512 3600 hic
546 3561 729 3602 sermo
785 3545 854 3601 ad
908 3544 1311 3600 confessionem
1346 3545 1632 3599 instituere
1662 3560 1779 3609 eos,
1805 3545 1898 3615 qui
1945 3545 2001 3601 in

422 3637 748 3709 praecedenti
794 3636 1011 3691 ruinam
1064 3634 1547 3707 Jerosolymorum,
1575 3644 1630 3690 et
1672 3644 2001 3706 postremam

419 3729 542 3799 ejus
587 3727 929 3785 obsidionem
976 3726 1411 3795 deploraverunt.
1444 3727 1578 3779 Nam
1623 3729 1714 3796 qui
1748 3726 1999 3796 superius

420 3819 673 3876 dixerant
724 3839 736 3874 :
786 3817 1002 3889 thuid,
1037 3816 1200 3883 Deus,
1237 3817 1477 3885 repulisti
1509 3818 1564 3870 in
1595 3818 1773 3887 ﬁnem,
1827 3818 1997 3870 iratus

419 3922 500 3968 est
557 3912 708 3980 furor
742 3920 861 3965 tuus
884 3926 1038 3979 super
1072 3927 1185 3964 oves
1216 3925 1428 3978 pascua:
1461 3910 1652 3964 ture"?
1681 3918 1735 3965 et
1756 3917 1950 3964 caetera
1978 3928 1993 3977 ;

420 4019 572 4059 nunc
618 4003 887 4057 docentur
941 4000 1191 4055 confiteri
1226 4000 1358 4066 Deo,
1391 4009 1446 4056 et
1488 4001 1744 4055 invocare
1795 4015 1997 4055 nomen

418 4095 561 4167 ejus.
598 4094 737 4160 Quia
783 4109 899 4159 gero
926 4091 1123 4161 duplex
1150 4092 1517 4149 confessionis
1544 4093 1738 4147 modus
1769 4098 1874 4158 est,
1906 4106 1998 4145 ne-

419 4186 664 4244 cessario
711 4186 800 4240 hic
856 4186 940 4241 bis
972 4186 1193 4253 ﬁdicitur
1236 4188 1371 4241 illud
1404 4206 1417 4241 :
1447 4185 1829 4255 Conﬁtebimur
1875 4184 1988 4236 tibi.

416 4278 522 4335 Per
555 4279 788 4348 primum
813 4280 1035 4349 quippe,
1068 4286 1125 4333 ut
1155 4294 1252 4348 par
1296 4286 1400 4344 est,
1436 4277 1714 4331 confessio
1738 4290 1837 4345 pro
1865 4290 1991 4345 pec-

414 4370 558 4425 catis
589 4370 956 4441 signiﬁcatur;
988 4386 1081 4436 per
1114 4370 1414 4425 secundum
1444 4385 1573 4424 vero
1618 4369 1655 4423 ii
1700 4369 1793 4438 qui
1836 4367 1990 4436 prius

414 4462 837 4526 confitebantur,
880 4478 977 4533 pro
1008 4462 1166 4517 bonis
1201 4461 1439 4532 acceptis
1469 4461 1771 4532 gratiarum
1817 4459 1989 4512 actio-

415 4570 539 4609 ncm
566 4554 837 4611 emittunt.

2106 3356 2327 3428 Πατέρα
2388 3360 2610 3426 φάσκων
2635 3376 2648 3389 ·
2737 3357 3241 3432 Ἐξομολογοῦμαί
3293 3377 3425 3427 σοι,
3458 3363 3675 3431 Πάτερ,

2100 3450 2278 3518 Κύριε
2306 3449 2410 3503 τοῦ
2439 3450 2699 3518 οὐρανοῦ
2724 3451 2823 3505 καὶ
2846 3451 2956 3519 τῆς
2986 3450 3119 3522 γῆς.
3149 3454 3372 3526 Πρῶτον
3397 3455 3453 3509 δὲ
3481 3456 3669 3526 ἐξομο-

2100 3538 2381 3607 λογοῦνται
2403 3581 2418 3604 ,
2448 3536 2565 3594 εἶτα
2612 3541 2994 3597 ἐπικαλοῦνται
3033 3544 3093 3597 τὸ
3126 3545 3294 3615 ὄνομα
3352 3545 3551 3610 αὑτοῦ,
3584 3547 3673 3600 διὰ

2099 3633 2198 3702 τῆς
2236 3633 2446 3686 τοιᾶσδε
2495 3631 2835 3704 ἐπικλήσεως
2888 3635 3040 3706 παρὰ
3085 3635 3162 3706 τῷ
3206 3635 3323 3706 Θεῷ
3361 3636 3673 3707 τευξόμενοι

2101 3725 2401 3795 σωτηρίας,
2434 3727 2574 3778 κατά
2598 3724 2659 3777 τὸ
2691 3724 2896 3793 φάσκον
2938 3726 3114 3795 λόγιον
3136 3744 3149 3759 ’
3195 3728 3303 3781 Kal
3359 3726 3474 3795 πᾶς
3501 3728 3568 3794 ὃς
3593 3728 3670 3781 ἂν

2096 3815 2523 3884 ἐπικαλέσηται
2545 3816 2612 3869 τὸ
2635 3814 2821 3886 ὄνομα
2850 3818 3093 3885 Κυρίου,
3120 3819 3475 3884 σωθήσεται.
3497 3820 3665 3872 Δύνα-

2094 3921 2183 3956 ται
2215 3903 2271 3955 δὲ
2297 3906 2324 3957 6
2346 3904 2500 3972 λόγος
2526 3904 2901 3971 διδασκαλικὸς
2933 3904 3069 3962 εἶναι
3102 3908 3537 3979 ὲξομολογήσεως
3559 3909 3669 3962 τῶν

2096 3992 2152 4044 ὲν
2183 3991 2258 4062 τῷ
2305 3991 2411 4063 πρὸ
2442 3992 2630 4045 τούτου
2667 3994 3162 4066 ἀποκλαυσαμένων
3187 3996 3285 4066 τὴν
3334 3996 3540 4049 πτῶσιν
3565 3994 3666 4068 τῆς

2105 4082 2455 4156 Ἰερουσαλὴμ
2481 4082 2576 4138 καὶ
2616 4085 2712 4157 τὴν
2753 4087 2985 4159 ἐσχάτην
3019 4088 3188 4159 αὐτῆς
3236 4088 3567 4161 πολιορκίαν.
3598 4091 3663 4145 Οἱ

2092 4180 2200 4249 γὰρ
2230 4175 2506 4249 εἰρηκότες
2563 4180 2620 4230 ὲν
2661 4179 2774 4241 τοῖς
2817 4179 3146 4250 ἔμπροσθεν,
3194 4180 3385 4246 Ἰνατί,
3423 4183 3457 4234 ὁ
3496 4180 3661 4249 Θεὸς,
3706 4174 3707 4177 ¹

2091 4267 2308 4323 ἀπώσω
2339 4270 2425 4334 εἰς
2448 4268 2640 4335 τέλος,
2670 4269 2930 4338 ὠργίσθη
2961 4274 2993 4324 ό
3026 4273 3211 4341 θυμός
3245 4289 3361 4326 σου
3390 4272 3487 4326 ἐπὶ
3514 4275 3659 4342 πρό-

2090 4362 2235 4414 ϐατα
2266 4358 2456 4428 νομῆς
2486 4374 2601 4413 σου
2624 4378 2642 4423 ;
2670 4360 2765 4413 καὶ
2793 4360 2861 4414 τὰ
2888 4360 3035 4432 ἑξῆς,
3057 4363 3395 4417 διδάσκονται
3423 4362 3518 4417 νῦν
3546 4363 3659 4431 ἐξο-

2091 4450 2430 4522 μολογεῖσθαι
2483 4450 2561 4520 τῷ
2620 4451 2738 4521 Θεῷ
2796 4454 2890 4506 καὶ
2948 4454 3322 4508 ἐπικαλεῖσθαι
3377 4456 3438 4508 τὸ
3488 4456 3657 4526 ὄνομα

2088 4542 2271 4596 αὑτοῦ.
2317 4542 2531 4613 Ἐπειδὴ
2582 4542 2755 4606 διττός
2811 4545 2957 4597 εστιν
3001 4547 3030 4597 6
3080 4545 3179 4615 τῆς
3226 4546 3656 4619 ὲξομολογήσεως

409 4648 645 4718 τρόπος,
696 4648 1007 4716 ἀναγκαίως
1048 4647 1298 4719 δεύτερον
1345 4648 1558 4719 εἴρηται
1603 4647 1695 4699 ἐπὶ
1738 4644 1831 4698 τοῦ
1872 4642 2135 4713 παρόντος
2164 4639 2245 4702 τὸ,
2296 4637 2879 4708 Ἐξομολογιησόμεθά
2907 4655 3031 4693 σοι·
3070 4640 3163 4694 τοῦ
3192 4643 3288 4712 μὲν
3309 4641 3544 4713 πρώτου,
3579 4643 3656 4707 ὡς

410 4742 576 4806 εἰκὸς,
600 4743 684 4811 ἐφ’
715 4743 983 4813 ἁμαρτίας
1012 4742 1112 4812 τὴν
1144 4740 1525 4813 ἐξομολόγησιν
1565 4739 1867 4811 δηλοῦντος,
1896 4737 1988 4792 τοῦ
2012 4736 2056 4789 δ’
2089 4734 2211 4804 ἑξῆς
2234 4733 2333 4803 τὴν
2359 4732 2442 4800 ἐφ’
2467 4725 2548 4794 οἷς
2589 4726 2647 4784 εὖ
2678 4731 3006 4785 πεπόνθασιν
3034 4733 3083 4785 οἱ
3116 4734 3176 4786 τὸ
3214 4733 3427 4805 πρῶτον
3466 4733 3654 4805 ἐξομο‹

411 4832 771 4903 λογησάμενοι
804 4832 1170 4905 εὐχαριστίαν.

481 4951 647 5009 Vens.
680 4955 733 5018 5,
759 4954 811 5010 4.
856 4953 1100 5009 Narrabo
1125 4956 1395 5009 mirabilia
1430 4967 1540 5020 tua,
1577 4970 1695 5009 cum
1729 4968 1970 5019 accepero

2146 4945 2509 5014 Διηγήσομαι
2560 4944 2633 4998 τὰ
2677 4942 2977 5013 θαυμάσια
3027 4958 3143 4996 σου
3164 4983 3179 5007 ,
3229 4938 3375 4996 ὅταν
3420 4944 3652 4998 ἐκλάόω

412 5056 634 5115 tempus,
667 5063 758 5116 ego
807 5048 1147 5102 rectitudines
1166 5048 1442 5116 judicabo.
1473 5046 1647 5102 Hasce
1682 5045 1774 5100 Dei
1815 5060 1980 5100 voces

2105 5037 2318 5104 εαιρὸν,
2370 5035 2484 5103 ἐγὼ
2526 5034 2855 5099 εὐθύτητας
2890 5030 3087 5100 κρινῶ.
3121 5030 3255 5084 Θεοῦ
3296 5033 3476 5101 φωνὰς
3510 5028 3649 5087 εἶναι

410 5151 553 5203 esse,
596 5136 865 5191 dictorum
918 5138 1187 5193 sententia
1229 5138 1511 5193 declarat:
1547 5137 1679 5192 illud
1729 5136 1974 5206 quippe:

412 5227 525 5300 Ego
546 5230 876 5284 rectitudines
895 5231 1177 5299 judicabo;
1204 5247 1264 5286 ac
1288 5246 1509 5287 rursum
1533 5230 1665 5285 illud
1690 5248 1703 5285 :
1734 5229 1841 5299 Ego
1861 5246 1977 5283 con-

2078 5128 2175 5191 τὰς
2206 5126 2573 5198 προκειμένας
2610 5127 2638 5177 6
2680 5124 2803 5187 νοῦς
2837 5124 2946 5176 τῶν
2984 5124 3286 5193 λεγομένων
3329 5125 3646 5196 παρίστησι.

2080 5219 2153 5271 T6
2183 5218 2311 5288 γὰρ,
2347 5217 2492 5285 Ἐγὼ
2515 5216 2842 5281 εὺθύτητας
2865 5214 3064 5283 κρινῶ,
3086 5218 3181 5270 καὶ
3211 5216 3371 5270 πάλιν
3398 5218 3477 5280 τὸ,
3510 5218 3650 5286 Ἐγὼ

409 5322 617 5391 ﬁrmavi
638 5321 907 5377 columnas
922 5324 1056 5393 ejus,
1073 5324 1328 5379 videlicet
1349 5334 1536 5389 terrm;
1562 5332 1724 5393 atque
1743 5324 1845 5378 sub
1863 5324 1976 5377 haec

2105 5308 2413 5376 vrepéwaa
2453 5307 2593 5373 τοὺς
2624 5308 2889 5372 στύλους
2926 5306 3134 5375 αὐτῆς,
3171 5307 3326 5378 δῆλον
3363 5308 3407 5360 δ’
3434 5308 3516 5360 ὅτι
3546 5307 3649 5378 τῆς

409 5411 563 5473 illud,
593 5410 662 5464 Et
689 5415 864 5465 omnia
880 5430 1077 5467 cornua
1091 5424 1420 5482 peccatorum
1436 5415 1783 5485 confringam,
1812 5429 1972 5483 quem

2105 5400 2179 5469 ’ἧς
2204 5438 2218 5466 ,
2260 5399 2356 5452 καὶ
2410 5398 2538 5467 ἑξῆς
2587 5398 2686 5460 τὸ,
2740 5397 2849 5451 Kal
2899 5396 3095 5452 πάντα
3142 5399 3213 5453 τὰ
3263 5398 3479 5467 κέρατα
3528 5398 3648 5453 τῶν

408 5496 590 5555 dicere
624 5505 929 5569 conveniat,
960 5504 1069 5559 nisi
1092 5503 1302 5560 Deum?
1334 5504 1391 5559 Si
1436 5506 1619 5577 itaque
1649 5522 1713 5561 ex
1742 5521 1973 5576 persona

2105 5490 2436 5559 ὲμαρτωλῶν
2475 5488 2834 5559 συγκλάσω,
2884 5489 2989 5542 τίνι
3038 5488 3104 5543 ἂν
3144 5488 3371 5560 ἁρμόζοι
3400 5488 3642 5560 λέγεινῆ

410 5589 507 5646 Dei
558 5591 672 5649 haec
719 5593 995 5659 dicantur,
1024 5612 1124 5651 cur
1173 5599 1313 5653 alius
1364 5599 1457 5668 qui
1508 5598 1676 5654 Deum
1723 5609 1969 5665 noverat,

2072 5582 2224 5652 Θεῷ;
2260 5583 2323 5635 El
2350 5581 2529 5634 τοίνυν
2562 5582 2627 5634 ἐκ
2659 5579 2953 5653 προσώπου
2989 5580 3084 5635 τοῦ
3118 5581 3253 5634 Θεοῦ
3279 5582 3450 5635 ταῦτα
3491 5580 3644 5649 λέγε-

405 5681 585 5754 ipsum
616 5683 773 5753 quasi
801 5687 1126 5756 compellare
1174 5689 1255 5744 sic
1304 5689 1517 5745 videtur
1543 5708 1557 5744 :
1584 5689 1836 5745 Narrabo
1870 5693 1971 5746 mi—
2000 5722 2002 5729 ι

2105 5692 2177 5741 αι,
2208 5674 2324 5738 πῶς
2349 5674 2534 5745 ἔτερος
2564 5672 2721 5737 εἰδὼς
2741 5673 2894 5736 Θεὸν,
2914 5673 2989 5738 ὡς
3020 5675 3156 5739 πρὸς
3187 5673 3347 5728 αὑτὸν
3371 5674 3644 5742 ἀναφωνεί

472 5841 514 5874 ⁸¹
556 5839 573 5897 Ι
606 5842 730 5900 Cor.
769 5860 860 5911 xv,
893 5845 1080 5902 24—26.
1159 5847 1202 5881 ³¹
1242 5845 1429 5903 Matth.
1466 5864 1552 5913 xi,
1588 5846 1675 5904 25.
1752 5849 1797 5883 ⁸⁸
1834 5847 1950 5906 Joel
1984 5867 1999 5907 ι

2105 5851 2189 5919 5‘2;
2232 5851 2349 5907 Act.
2379 5867 2436 5919 ιι,
2467 5849 2527 5905 21
2556 5868 2569 5918 ;
2599 5849 2756 5907 Rom.
2788 5866 2842 5911 ι.
2880 5850 2968 5909 l5.
3044 5850 3089 5883 "
3126 5849 3271 5908 Psal.
3308 5865 3510 5921 Lxxm,
3552 5851 3601 5906 Ι.
