4126 6400
389 428 495 486 869

1516 423 2023 483 COMMENTARIA
2061 423 2129 480 ΙΝ
2166 424 2509 482 PSALMOS.

3527 420 3635 478 870

386 549 591 617 λέγων’
628 545 995 616 Διηγήσομαι
1023 545 1097 600 τὰ
1140 545 1441 615 θαυμάσια
1475 561 1592 601 σου
1622 544 1769 599 ὅταν
1804 542 1943 597 λάϐε

2067 542 2262 597 rabilia
2292 554 2407 609 tua,
2447 560 2566 597 cum
2607 559 2849 613 accepero
2892 553 3113 614 tempus,
3147 559 3211 599 ac
3245 543 3451 599 infert:
3488 543 3631 609 Quo-

382 639 614 708 καιρὸν,
650 639 745 693 καὶ
773 639 1046 710 ἐπιφέρει·
1067 639 1195 691 ’Ὀτι
1218 642 1249 692 ὀ
1286 638 1428 705 Θεὸς
1454 638 1660 707 κριτής
1686 638 1837 691 ἐστι’
1874 637 1967 690 καὶ

382 731 570 794 πάλιν,
600 731 724 784 Ὅτι
752 730 1039 799 ποτήριον
1057 731 1129 784 ἐν
1155 732 1305 801 χειρὶ
1333 732 1557 798 Κυρίου
1586 731 1757 784 οἴνου
1784 729 1966 798 ἀκρά-

379 838 520 887 του;
548 822 675 887 Πῶς
697 822 754 875 δέ
786 821 922 893 πρὸς
953 821 1163 885 τούτοις
1187 823 1390 877 ἅπασιν
1413 823 1653 892 ἐπιλέγει
1670 838 1685 852 ⁶
1725 822 1872 892 Ἐγὼ
1896 821 1965 874 δὲ

378 914 695 984 ἀναγγελῶ
736 917 824 981 είς
863 914 970 968 τὸν
996 916 1202 982 αἰῶνα,
1234 916 1411 985 ψαλῶ
1457 916 1538 983 τῷ
1580 917 1702 982 Θεῷ
1743 916 1958 981 Ἰακώϐ,

378 1006 479 1060 καὶ
503 1005 702 1061 πάντα
721 1008 793 1060 τὰ
817 1005 1039 1075 κέρατα
1061 1007 1179 1061 τῶν
1208 1009 1574 1079 ἁμαρτωλῶν
1601 1008 1930 1079 συγκλάσω
1942 1024 1963 1072 ;

377 1098 521 1169 Ὅρα
555 1095 735 1151 τοίνυν
765 1098 812 1151 εί
839 1097 914 1169 μὴ
958 1098 1045 1152 διά
1070 1099 1275 1153 τούτων
1296 1102 1324 1154 6
1350 1100 1640 1171 μονογενὴς
1683 1099 1777 1153 τοῦ
1827 1099 1961 1153 Θεοῦ

376 1188 547 1257 Λόγος
570 1189 670 1252 τὰς
689 1189 897 1253 οἰκείας
926 1190 1211 1261 ἐνεργείας
1233 1191 1475 1245 διδάσκει
1502 1192 1603 1262 τὴν
1628 1191 1722 1245 τοῦ
1748 1192 1960 1264 Πατρὸς

375 1276 587 1346 διεξιὼν
611 1280 905 1351 ωολογίαν.
950 1283 1089 1354 Φησὶ
1110 1282 1242 1353 γοῦν
1263 1302 1277 1315 ·
1319 1283 1684 1355 Διηγήσομαι
1716 1285 1790 1339 τὰ
1820 1288 1961 1339 θαυ-

374 1369 567 1439 μάσια
615 1386 732 1427 σου
774 1373 921 1427 ὅταν
950 1373 1113 1429 λάϐω
1156 1377 1388 1443 καιρόν.
1447 1376 1507 1430 '0
1558 1376 1659 1447 μὲν
1707 1376 1957 1444 Ἀκύλας,

377 1459 557 1514 Ὅταν
578 1460 740 1516 λάϐω
763 1463 1071 1535 συνταγάς
1087 1481 1100 1495 ·
1136 1467 1165 1519 6
1191 1466 1247 1520 δὲ
1266 1466 1579 1538 Σύμμαχος,
1600 1468 1777 1521 Ὅταν
1797 1464 1960 1522 λάϐω

374 1551 490 1621 τὴν
521 1554 903 1626 συναγωγήν.
940 1558 1052 1612 Καί
1082 1576 1170 1629 μοι
1204 1559 1352 1613 δοκεῖ
1372 1560 1646 1632 εὐκαίρως
1676 1559 1957 1632 εἰρηκέναι

373 1644 457 1709 τὸ,
491 1645 670 1699 Ὅταν
723 1646 885 1701 λάϐω
946 1651 1275 1719 συνταγὰς,
1323 1651 1377 1723 ἢ,
1426 1650 1540 1719 τὴν
1572 1651 1954 1722 συναγωγήν.

387 1734 812 1805 Ἐπαγγὲλλεται
869 1738 980 1810 γὰρ
1048 1742 1243 1811 καιροῦ
1298 1741 1596 1813 λαϐόμενος
1646 1742 1824 1797 πάντα
1886 1742 1983 1796 τά

2053 636 2200 688 niam
2234 636 2375 690 Deus
2417 637 2587 705 judex
2631 647 2745 699 est;
2798 654 2861 693 ac
2904 654 3123 694 rursum
3154 659 3165 692 :
3195 638 3336 704 Quia
3383 638 3527 692 calix
3576 639 3633 693 in

2054 744 2214 780 manu
2248 728 2461 782 Domini
2494 730 2600 783 vini
2634 731 2807 783 meri?
2846 729 2959 784 Cur
2986 730 3071 785 his
3099 730 3356 785 omnibus
3401 730 3630 799 subjun-

2051 820 2129 890 git
2156 839 2168 873 :
2195 820 2304 890 Ego
2335 830 2507 875 autem
2535 822 2858 875 annuntiabo
2888 822 2943 875 in
2975 822 3248 886 swculum,
3270 822 3495 875 cantabo
3516 820 3629 878 Deo

2050 910 2241 975 Jacob,
2304 923 2354 967 et
2401 915 2581 967 omnia
2634 930 2833 968 cornua
2875 926 3206 982 peccatorum
3254 914 3626 985 confringam.’

2048 1004 2439 1061 Animadverte
2463 1006 2629 1076 igitur
2664 1023 2792 1061 num
2830 1009 2916 1063 his
2944 1009 3125 1063 verbis
3159 1009 3497 1079 unigenitum
3525 1006 3625 1063 Dei

2049 1093 2310 1159 Verbum,
2334 1112 2454 1166 quae
2484 1100 2549 1153 ad
2580 1097 2759 1154 Patris
2787 1099 3043 1154 deitatem
3066 1107 3312 1168 spectant
3335 1114 3624 1162 enarratis,

2049 1201 2151 1243 sua
2184 1202 2352 1258 opera
2387 1191 2652 1244 enuntiet.
2694 1190 2786 1245 Ait
2811 1191 2994 1261 itaque
3023 1210 3034 1245 :
3064 1190 3315 1246 Narrabo
3351 1191 3623 1245 mirabilia

2049 1289 2142 1334 tua
2178 1297 2297 1334 cum
2330 1297 2572 1351 accepero
2615 1294 2834 1350 tempus.
2866 1283 3061 1353 Aquila
3107 1298 3237 1339 vero
3282 1283 3365 1340 sic
3409 1283 3573 1339 habet
3604 1301 3622 1339 :

2049 1369 2185 1428 Cum
2233 1387 2479 1441 accepero
2522 1381 2725 1441 tempus
2776 1382 3065 1437 statutum;
3112 1370 3472 1444 Symmachus
3524 1388 3623 1427 au‘

2048 1465 2158 1515 tem
2191 1479 2205 1515 :
2237 1459 2372 1515 Cum
2423 1476 2669 1531 accepero
2715 1478 3057 1535 synagogam.
3091 1461 3429 1533 Videturque
3486 1462 3621 1519 mihi

2046 1548 2162 1604 haec
2206 1559 2512 1621 opportune
2558 1551 2703 1607 dicta
2749 1569 2872 1609 esse
2910 1573 2923 1608 :
2960 1552 3093 1609 Cum
3144 1557 3623 1623 accepero‘tempus

2046 1651 2327 1707 statutum,
2369 1646 2478 1709 vel,
2527 1662 2868 1717 synagogam.
2920 1645 3217 1702 Pollicetur
3242 1645 3447 1717 quippe
3475 1647 3621 1703 sein

2046 1739 2295 1804 tempore
2338 1744 2646 1806 opportuno
2693 1739 2876 1792 omnia
2923 1737 3104 1792 Patris
3164 1740 3219 1792 in
3264 1737 3508 1793 Ecclesia
3553 1754 3619 1793 ex

374 1824 655 1897 θαυμάσια
684 1828 778 1882 τοῦ
804 1829 1017 1901 Πατρὸς
1039 1830 1398 1903 διηγήσασθαι
1436 1834 1530 1886 ἐπί
1558 1834 1661 1904 τῆς
1689 1834 1749 1899 ἐξ
1783 1835 1943 1890 ἐθνῶν

2052 1823 2306 1891 gentibus
2340 1835 2490 1894 gesta
2536 1827 2805 1881 mirabilia
2835 1836 3208 1894 narraturum,
3238 1844 3401 1900 quam
3433 1828 3615 1884 Eccle-
3710 1904 3713 1907 γ

387 1916 710 1991 Ἐκκλησίας
734 1962 749 1986 ,
790 1923 854 1991 ἣν
905 1923 1068 1987 αὐτὸς
1109 1925 1137 1975 ὁ
1171 1925 1357 1996 Πατὴρ
1386 1928 1749 1996 ἐπηγγέλλετο
1801 1929 1948 2001 αὐτῷ

372 2012 821 2082 είπὼν·Αἴτησαι
870 2017 1007 2084 παρ’
1048 2018 1224 2086 ἐμοῦ,
1271 2020 1369 2072 καὶ
1419 2019 1592 2073 δώσω
1640 2038 1738 2075 σοι
1803 2024 1947 2091 ἔθνη

369 2102 487 2171 τὴν
512 2107 921 2175 κληρονομίαν
952 2123 1088 2172 σου,
1132 2110 1231 2163 καὶ
1264 2110 1377 2179 τὴν
1420 2111 1791 2183 κατάσχεσίν
1832 2130 1948 2169 σου

368 2193 443 2248 τὰ
478 2192 703 2262 πέρατα
733 2196 843 2265 τῆς
875 2196 1006 2267 γῆς.
1037 2199 1202 2255 Ὅταν
1227 2196 1317 2254 οὖν
1362 2200 1530 2265 λάϐω,
1558 2205 1710 2274 φησὶ,
1746 2205 1948 2277 ταύτην

368 2283 467 2355 τὴν
502 2284 792 2357 συνταγὴν,
845 2288 939 2339 καὶ
966 2288 1185 2341 ἐπειδὰν
1220 2288 1366 2359 τύχω
1388 2290 1577 2343 τούτου
1616 2292 1707 2345 τοῦ
1734 2293 1946 2365 καιροῦ,

366 2375 667 2444 τηνικαῦτα
708 2379 837 2448 παρ’
873 2379 1058 2441 αὐτοῖς
1090 2382 1202 2443 τοῖς
1241 2380 1299 2447 ἐξ
1350 2380 1519 2435 ἐθνῶν
1564 2384 1949 2454 ἐπιστρέφουσι

368 2466 702 2538 διηγήσομαι
734 2468 912 2522 πάντα
961 2468 1028 2522 τὰ
1071 2469 1351 2541 Θαυμάσιά
1388 2490 1500 2526 σου.
1531 2468 1626 2537 Οἷς
1669 2474 1941 2543 ἐπιλέγει·

378 2556 527 2626 Ἐγὼ
553 2559 882 2626 εὐθύτητας
917 2560 1117 2628 κρινῶ.
1150 2562 1505 2635 Δικαιοσύνης
1527 2563 1633 2636 γὰρ
1658 2565 1751 2618 καὶ
1783 2565 1947 2619 εύθύι

364 2664 525 2720 τητος
591 2648 750 2720 ἔργον
804 2651 864 2703 τὸ
902 2651 976 2722 μὴ
1018 2652 1306 2717 Ἰουδαίους
1362 2656 1554 2725 μόνους
1602 2658 1943 2728 προσίεσθαι,

365 2740 504 2812 μηδὲ
531 2740 669 2808 τὸέξ
703 2742 951 2814 Ἀϐραὰμ
970 2744 1125 2812 γένος
1150 2746 1291 2799 κατὰ
1306 2747 1404 2818 τὴν
1430 2748 1669 2813 Μωσέως
1723 2752 1940 2822 κλῆσιν.

362 2833 480 2889 ἀλλ’
510 2833 569 2901 ἐξ
601 2834 857 2888 ἁπάντων
894 2835 1002 2889 τῶν
1030 2837 1198 2891 ἐθνῶν
1245 2840 1342 2909 τὴν
1386 2840 1616 2914 ἐκλογὴν
1667 2844 1940 2898 ποιεῖσθαι

364 2926 476 2980 τῶν
503 2926 845 2997 σωζομένων.
882 2929 1083 3001 Διόπερ
1132 2931 1160 2983 6
1194 2932 1400 3002 Πέτρος
1430 2936 1486 2987 ἐν
1522 2938 1644 2999 ταῖς
1672 2936 1942 3009 Πράξεσιν

360 3016 777 3089 ἀναγέγραπται
829 3019 1097 3090 εἰρηκώς·
1144 3020 1269 3074 Ἐπ’
1313 3023 1602 3091 ἀληθείας
1646 3022 1811 3093 οῖδα,
1857 3028 1947 3082 ὅτι

360 3111 473 3164 οὐκ
509 3110 642 3165 ἐστι
672 3111 1193 3181 προσωπολήπτης
1222 3117 1254 3168 ὀ
1286 3117 1460 3181 Θεός·
1493 3118 1630 3172 ἀλλ’
1658 3119 1729 3173 ἐν
1764 3122 1942 3175 παντὶ

2050 1913 2187 1967 siam
2220 1915 2322 1985 ipsi
2348 1916 2507 1972 Pater
2542 1919 2794 1987 promisit
2825 1920 2910 1974 his
2938 1920 3120 1975 verbis
3147 1939 3160 1974 :
3198 1919 3422 1975 Postula
3457 1939 3489 1974 a
3516 1938 3619 1985 me,

2047 2016 2096 2060 et
2130 2006 2267 2061 dabo
2301 2010 2395 2063 tibi
2426 2020 2599 2079 gentes
2632 2011 2988 2066 ha'reditatem
3036 2022 3202 2078 tuam,
3237 2023 3287 2067 et
3334 2015 3605 2082 possessio

2049 2116 2164 2154 nem
2196 2110 2342 2156 tuam
2378 2104 2626 2158 terminos
2657 2113 2811 2159 terra:
2826 2106 2891 2160 ³⁵.
2930 2105 3063 2161 Cum
3096 2121 3225 2177 ergo
3258 2106 3362 2161 hoc
3406 2114 3619 2176 tempus

2049 2200 2311 2255 stantum,
2336 2193 2532 2264 inquit,
2552 2209 2829 2264 accepero,
2853 2203 2907 2250 et
2927 2212 3050 2250 cum
3076 2196 3218 2251 hanc
3242 2197 3594 2266 opportunita

2048 2290 2155 2338 tem
2176 2293 2506 2340 consecutus
2525 2301 2638 2347 ero,
2669 2295 2798 2342 tunc
2814 2289 3066 2343 omnibus
3085 2289 3334 2358 gentibus
3357 2304 3477 2359 quae
3495 2305 3617 2347 sese

2049 2378 2421 2431 converterint
2466 2378 2700 2432 narrabo
2749 2379 2929 2433 omnia
2960 2380 3230 2434 mirabilia
3265 2388 3378 2435 tua.
3405 2379 3617 2446 Quibus

2050 2467 2235 2523 subdit
2263 2487 2276 2523 :
2307 2468 2418 2539 Ego
2453 2472 2791 2525 rectitudines
2814 2472 3088 2540 judicabo.
3119 2471 3355 2528 Iustitia:
3380 2490 3617 2545 namque

2049 2566 2102 2614 et
2142 2560 2491 2619 rectitudinis
2525 2577 2664 2634 Opus
2694 2572 2798 2629 est,
2826 2579 2935 2618 non
2962 2564 3178 2621 Judaeos
3211 2567 3390 2622 solum
3420 2568 3620 2622 admit-

2049 2658 2183 2714 tere,
2215 2668 2393 2724 neque
2436 2655 2729 2711 Abrahami
2783 2672 2954 2727 genus
3005 2658 3268 2712 duntaxat
3319 2659 3616 2715 secundum

2048 2742 2250 2814 Moysis
2294 2746 2633 2801 vocationem
2681 2748 2950 2817 recipere,
2983 2750 3077 2805 sed
3112 2750 3370 2805 omnibus
3399 2766 3465 2805 ex
3493 2766 3597 2822 gen

2048 2835 2196 2889 tibus
2229 2838 2621 2893 servandorum
2672 2842 2992 2897 electionem
3020 2840 3216 2897 facere.
3249 2839 3615 2907 Quamobrem

2047 2926 2242 2983 Petrus
2289 2929 2344 2983 in
2393 2930 2620 2985 Actibus
2672 2930 2878 2987 dixisse
2920 2933 3233 2988 scribitur:
3283 2932 3352 2988 In
3401 2935 3616 2993 veritate

2047 3024 2294 3090 comperi,
2340 3025 2464 3093 quia
2506 3042 2610 3081 non
2652 3035 2731 3079 est
2770 3043 3114 3096 personarum
3163 3037 3403 3097 acceptor
3442 3030 3584 3086 Deus

2048 3114 2141 3168 sed
2170 3116 2225 3168 in
2264 3117 2407 3170 omni
2436 3127 2584 3186 gente
2620 3119 2712 3188 qui
2755 3119 2899 3172 timet
2932 3136 3050 3173 eum
3085 3130 3326 3189 acceptus
3348 3130 3425 3175 est
3451 3122 3534 3177 illi
3548 3123 3616 3178 ⁸⁸.

356 3201 519 3256 έθνει
548 3203 583 3256 δ
653 3171 1033 3271 φοϐούμενοςὶ
1071 3171 1257 3260 αῦτὸν
1308 3171 1519 3276 δεκτός
1561 3171 1730 3265 ἐστιν
1757 3171 1938 3280 at};

2045 3204 2248 3261 Paulus
2297 3218 2473 3262 autem
2512 3206 2699 3263 Judaeo
2731 3208 2988 3278 primum,
3027 3218 3211 3279 postea
3254 3211 3442 3268 ϐιωοο
3475 3229 3615 3284 prae

359 3293 468 3349 Καὶ
498 3295 526 3346 ό
564 3293 775 3359 Παῦλος
796 3294 854 3349 δὲ
895 3297 1135 3368 Ἰουδαίῳ
1162 3316 1222 3351 τε
1267 3299 1484 3370 πρῶτον
1515 3305 1608 3355 καὶ
1635 3304 1856 3377 Ἕλληνι
1881 3308 1940 3361 τὸ

360 3386 689 3456 Εὑαγγέλιον
731 3388 1092 3459 κηρύττεσθαί
1125 3408 1257 3460 φησι
1289 3392 1462 3461 λέγων
1482 3411 1495 3426 ο
1531 3397 1613 3449 Οὐ
1640 3396 1748 3466 γὰρ
1783 3399 1942 3454 ἐπαι-

356 3479 656 3547 σχύνομαι
680 3478 747 3532 τὸ
764 3480 1134 3550 Εύαηέλιον
1150 3499 1162 3511 ·
1183 3481 1435 3550 δύναμις
1465 3485 1573 3554 γὰρ
1598 3486 1745 3542 Θεοῦ
1768 3489 1940 3543 ἐστιν

356 3573 444 3640 είς
469 3553 771 3640 σωτηρίαν
798 3574 978 3627 παντὶ
1021 3574 1103 3640 τῷ
1154 3577 1532 3643 πιστεύοντι,
1580 3580 1836 3645 Ἰουδαίῳ
1873 3601 1938 3637 τε

357 3661 593 3731 πρῶτον
642 3663 741 3717 καὶ
768 3664 1050 3733 ”Ελληνι.
1102 3668 1462 3737 Δικαιοσύνη
1505 3670 1614 3739 γὰρ
1668 3673 1814 3726 Θεοῦ
1868 3674 1938 3726 ἐν

355 3752 519 3819 αὐτῷ
580 3754 1087 3809 ἀποκαλύπτεται.
1157 3752 1253 3821 Οἷς
1325 3759 1634 3825 ἀκολούθως
1706 3752 1973 3818 ἐνταῦθα’

355 3845 554 3914 φάσκει
586 3845 679 3899 τό⁸
724 3846 872 3916 Ἐγὼ
902 3849 1236 3916 εὐθύτητος
1278 3851 1481 3917 κρινῶ.
1524 3852 1636 3905 Εἶτ’
1669 3855 1930 3923 ἐπιλέγει·

369 3936 582 4006 Ἐτάκη
609 3937 647 4005 ὴ
672 3937 748 4007 γῆ
789 3937 888 3991 καὶ
918 3937 1139 4004 πάντες
1173 3942 1227 3994 οἱ
1254 3943 1676 4010 κατοικοῦντες
1708 3945 1929 4012 αὑτήνο

354 4027 470 4097 ἐγὼ
503 4028 838 4099 ἐστερέωσα
862 4030 1006 4096 τοὺς
1028 4032 1297 4099 στύλους
1318 4034 1526 4103 αὐτῆς.
1560 4036 1718 4091 Κατὰ
1745 4038 1800 4091 δὲ
1843 4040 1934 4093 τὸν

356 4117 672 4190 Σύμμαχον,
715 4120 1190 4187 Συσταθήσεται,
1235 4124 1419 4194 φησὶν,
1464 4127 1504 4193 η
1538 4126 1613 4195 γῆ
1645 4127 1767 4182 σὺν
1808 4120 1947 4200 τοῖς

354 4213 747 4267 κατοικοῦσιν
796 4213 1023 4279 αὐτήν·
1058 4215 1172 4284 ἐγὼ
1215 4215 1450 4285 ἢδρασα
1481 4220 1621 4286 τοὺς
1665 4223 1932 4289 στύλους

352 4300 559 4370 αὐτῆς.
594 4298 778 4357 Ταῦτα
806 4304 862 4357 δὲ
888 4306 1001 4368 τοῖς
1042 4306 1099 4357 ἐν
1123 4304 1201 4376 τῷ
1231 4307 1338 4377 πρὸ
1366 4309 1556 4361 τούτου
1588 4309 1931 4382 λελεγμένοις

350 4394 566 4465 εἴρηται
601 4396 924 4466 συμφώνως.
986 4399 1052 4450 Ἢ
1100 4399 1210 4469 γὰρ
1262 4400 1681 4472 πολιορκηθεῖσα
1733 4405 1806 4475 γῆ
1834 4405 1928 4457 καὶ

2040 3297 2334 3353 dicandum
2371 3297 2723 3369 Evangelium
2760 3316 2882 3356 esse
2931 3301 3065 3356 dicit
3107 3302 3193 3358 his
3233 3304 3414 3361 verbis
3445 3322 3459 3359 :
3492 3304 3615 3361 Non

2038 3388 2175 3441 enim
2197 3388 2441 3442 erubesco
2466 3387 2804 3459 Evangelium
2827 3408 2845 3445 :
2876 3391 3042 3445 virtus
3061 3408 3198 3446 entm
3226 3393 3321 3447 Dei
3344 3406 3421 3449 est
3448 3396 3500 3449 in
3528 3413 3597 3451 sa

2038 3478 2200 3531 lulem
2231 3480 2374 3532 omni
2410 3481 2659 3545 credenti,
2689 3480 2879 3536 Judwo
2907 3485 3157 3551 primum,
3191 3494 3242 3539 et
3272 3484 3477 3542 Grazco.
3507 3485 3613 3541 Ju-

2037 3568 2188 3621 stitia
2219 3569 2359 3622 enim
2385 3568 2482 3622 Dei
2510 3570 2564 3623 in
2592 3571 2707 3638 ipso
2742 3571 3005 3624 revelatur
3022 3571 3089 3627 ⁸⁷.
3119 3572 3329 3637 Quibus
3360 3572 3449 3627 hic
3474 3588 3610 3628 con-

2037 3667 2332 3729 sequenter
2357 3661 2558 3715 dicitur
2584 3681 2597 3716 :
2634 3660 2744 3731 Ego
2767 3661 3102 3717 rectitudines
3116 3662 3388 3732 judicabo.
3409 3662 3611 3720 Deinde

2037 3751 2260 3821 subjicit
2299 3771 2311 3805 :
2345 3751 2652 3823 Liquefacta
2683 3765 2760 3807 est
2793 3764 2935 3808 terra
2962 3771 3011 3807 et
3041 3771 3218 3809 omnes
3243 3756 3332 3825 qui
3368 3755 3609 3811 habitant

2036 3864 2069 3899 η
2108 3862 2169 3899 ea
2204 3862 2224 3900 :
2252 3862 2343 3916 ego
2391 3846 2708 3915 conﬁrmavi
2769 3845 3044 3899 columnas
3101 3846 3235 3913 ejus.
3294 3842 3607 3901 Secundum

2038 3937 2424 4009 Symmachum
2459 3952 2587 3992 vero
2616 3956 2627 3990 :
2664 3936 3049 4003 Constituetur,
3081 3938 3277 4007 inquit,
3315 3947 3457 3992 terra
3487 3954 3608 3992 cum

2033 4028 2393 4084 habitantibus
2436 4030 2492 4083 in
2539 4046 2600 4083 ea
2632 4043 2652 4081 :
2681 4046 2772 4097 ego
2800 4030 3107 4098 conﬁrmavi
3154 4030 3425 4085 columnas
3470 4030 3606 4098 ejus.

2033 4118 2159 4173 Haec
2204 4134 2366 4189 porro
2416 4119 2774 4189 praecedentis
2824 4120 3016 4189 psalmi
3059 4120 3220 4175 dictis
3246 4120 3421 4175 aliinia
3453 4130 3602 4187 sunt,

2031 4212 2203 4268 Terra
2247 4213 2517 4283 siquidem
2548 4214 2767 4268 obsessa
2802 4221 2855 4267 et
2887 4214 2999 4284 igni
3031 4214 3249 4278 tradita,
3280 4216 3349 4271 de
3381 4232 3488 4287 qua
3517 4217 3606 4271 di-

2030 4305 2254 4359 cebatur
2278 4324 2377 4360 z—
2399 4304 2567 4370 Quasi
2581 4306 2635 4357 in
2653 4305 2786 4358 silva
2806 4304 3068 4375 lignorum
3098 4307 3367 4361 securibus
3402 4310 3601 4364 excide-

2030 4406 2153 4451 runt
2171 4396 2371 4466 januas
2404 4397 2518 4466 ejus
2552 4398 2607 4449 in
2641 4396 2891 4464 idipsum,
2924 4400 2977 4451 in
3006 4399 3179 4452 securi
3210 4407 3261 4453 et
3288 4402 3436 4453 ascia
3467 4401 3582 4471 deje

350 4489 487 4561 πυρὶ¹
505 4490 889 4561 παραδοθεῖσα,
925 4490 1053 4561 περὶ
1076 4486 1144 4562 ἦς
1177 4490 1394 4560 ἐλέγετο
1411 4494 1603 4559 ο-Ώς
1629 4495 1699 4547 ἐν
1729 4496 1929 4567 δρυμῷ

2040 4497 2209 4543 terunt
2230 4506 2366 4543 eam.
2396 4488 2749 4543 Incenderunt
2795 4491 2910 4559 igne
2953 4492 3319 4543 sanctuarium
3347 4500 3514 4556 tuum,
3552 4494 3605 4546 in

349 4580 552 4645 ξύλων
582 4582 819 4651 ἀξίναις
848 4584 1082 4653 ἔκοψαν
1124 4585 1232 4651 τὰς
1275 4586 1458 4653 θύρας
1489 4588 1678 4656 αὐτῆς
1709 4590 1809 4643 ἐπὶ
1861 4591 1926 4644 τὸ

347 4673 521 4737 αὐτὸ,
552 4674 621 4727 ἐν
651 4672 865 4729 πέλυκι
896 4692 971 4728 κα
1019 4676 1391 4744 λαξευτηρίῳ
1420 4674 1790 4747 κατέρῤαξαν
1815 4684 1925 4736 αὐ-

350 4764 485 4831 τήν.
536 4766 902 4834 ἐνεπύρισαν
943 4768 1014 4820 ἐν
1050 4767 1193 4836 πυρὶ
1240 4769 1304 4821 τὸ
1358 4768 1748 4839 ἀγιαστήριόν
1782 4786 1922 4837 σου,

343 4859 432 4922 εἰς
456 4856 571 4925 τὴν
590 4857 703 4927 γῆν
716 4858 1098 4924 ἐϐεϐήλωσαν
1118 4860 1183 4913 τὸ
1195 4860 1485 4930 σκήνωμα
1500 4863 1606 4917 τοῦ
1631 4865 1923 4933 ὀνόματός

344 4962 463 5002 σου
483 4949 747 5002 ⁸-ταῦτα
772 4950 1021 5003 παθοῦσα
1049 4951 1243 5022 ἐτάκη,
1283 4954 1375 5006 καὶ
1423 4954 1624 5018 πάντες
1654 4957 1703 5008 οἱ
1732 4974 1939 5011 κατοι-·

344 5040 567 5104 κοῦντες
592 5041 761 5112 αὐτὴν
793 5042 883 5097 διὰ
923 5043 1020 5106 τὰς
1051 5044 1305 5107 ἀσεϐείας
1352 5045 1530 5100 αὐτῶν
1576 5047 1798 5101 τοιαῦτα
1829 5066 1921 5101 πε-

345 5125 593 5180 πόνθασι.
627 5128 774 5201 Πλὴν
822 5130 1026 5185 τούτων
1054 5132 1477 5203 ἀπολλυμένων,
1526 5136 1672 5205 ἐγὼ,
1725 5138 1913 5209 φησὶν,

339 5215 678 5286 ἐστερέωσα
702 5219 845 5287 τοὺς
871 5223 1140 5288 στύλους
1159 5222 1370 5291 αὐτῆς.
1392 5225 1557 5288 Τίνας
1579 5226 1623 5278 δ’
1651 5225 1717 5279 ἂν
1741 5227 1916 5292 εἴποις

339 5306 564 5371 τούτους
602 5309 635 5381 ἢ
664 5311 790 5374 τοὺς
844 5312 1021 5382 ἱεροὺς
1048 5312 1379 5376 ἀποστόλους
1398 5314 1493 5368 καὶ
1544 5316 1752 5381 πάντας
1787 5320 1915 5383 τοὺς

336 5397 434 5453 τοῦ
465 5399 720 5473 Σωτῆρος
754 5402 911 5474 ήμῶν
959 5404 1207 5474 μαθητάς
1250 5423 1310 5458 τε
1356 5407 1450 5459 καὶ
1481 5407 1911 5477 εὐαγγελιστάς;

2032 4593 2172 4637 terra
2191 4582 2490 4650 polluerunt
2518 4582 2914 4636 tabernaculum
2935 4584 3158 4637 nominis
3185 4585 3261 4636 tui
3294 4584 3372 4649 ³⁸;
3400 4614 3471 4624 -
3492 4586 3605 4640 haec

2029 4690 2214 4744 passa,
2249 4674 2543 4745 liquefacta
2575 4684 2692 4742 est;
2729 4684 2782 4731 et
2808 4692 2914 4730 una
2941 4692 3131 4731 omnes
3160 4679 3253 4746 qui
3286 4676 3609 4733 habitabant

2026 4770 2081 4822 in
2114 4785 2178 4824 ea
2212 4771 2549 4839 impietatum
2580 4786 2803 4825 suarum
2834 4785 3002 4825 causa
3036 4771 3150 4825 haec
3184 4773 3427 4841 perpessi
3454 4780 3603 4827 sunt.

2026 4860 2293 4914 Caaterum
2340 4862 2424 4915 his
2474 4863 2850 4931 pereuntibus,
2890 4880 3006 4933 ego,
3047 4864 3246 4933 inquit,
3297 4866 3604 4933 conﬁrmavi

2025 4951 2299 5005 columnas
2344 4952 2479 5022 ejus.
2511 4952 2659 5017 Quas
2702 4969 2797 5009 eas
2841 4969 2963 5011 esse
3004 4954 3231 5019 dixeris,
3260 4956 3364 5011 nisi
3413 4970 3603 5013 sacros

2024 5044 2304 5113 apostolos
2348 5050 2402 5097 et
2450 5059 2641 5099 omnes
2677 5042 2984 5100 Servatoris
3019 5047 3190 5102 noetri
3217 5047 3518 5118 discipulos
3546 5056 3603 5103 et

2022 5134 2419 5204 evangelistas?
2471 5133 2607 5188 Nam
2652 5150 2776 5189 cum
2826 5150 2892 5190 ex
2923 5136 3134 5191 readem
3183 5146 3326 5191 terra
3365 5137 3601 5207 prodiis—

2023 5235 2164 5289 sent,
2195 5226 2463 5280 columnae
2486 5233 2541 5280 et
2567 5225 2978 5281 ﬁrmamentum
3008 5228 3265 5283 Ecclesiae
3294 5227 3420 5283 facti
3444 5236 3594 5285 sunt.

2020 5318 2367 5388 Quapropter
2424 5317 2628 5373 Paulus
2673 5320 3047 5388 apostolorum
3089 5321 3409 5390 coryphmos
3442 5321 3599 5376 colu-

2017 5425 2176 5464 mnas
2199 5410 2426 5464 vocabat
2458 5410 2647 5465 dicens
2681 5408 2948 5465 :Jacobus
2975 5419 3025 5464 et
3058 5408 3259 5480 Cephas
3276 5409 3596 5477 etloannes,

353 5486 444 5555 Ἐξ
471 5490 642 5561 αὐτῆς
663 5490 773 5563 γὰρ
806 5492 1017 5563 ἐκείνης
1046 5494 1404 5566 προελθόντες
1425 5496 1523 5566 τῆς
1561 5497 1684 5567 γῆς,
1727 5501 1909 5555 στῦλοι

2040 5502 2107 5554 mi
2143 5500 2381 5553 videntur
2418 5502 2676 5555 columnte
2701 5517 2812 5556 esse
2836 5501 2901 5556 ³³.
2952 5521 2957 5529 '

338 5580 433 5634 καὶ
490 5581 771 5654 ἑδραίωμα
827 5586 1082 5655 γεγόνασι
1131 5587 1230 5658 τῆς
1280 5589 1627 5661 Ἐκκλησίας.
1669 5592 1761 5645 Διὸ
1805 5594 1899 5646 καὶ
1947 5594 2158 5658 Παῦλος
2227 5594 2353 5657 τοὺς
2427 5593 2759 5664 κορυφαίους
2828 5592 2935 5646 τῶν
2994 5592 3309 5650 ἀποστόλων
3372 5593 3597 5662 στύλους

337 5672 589 5743 ὠνόμαζε
612 5674 815 5745 λέγων’
846 5678 1111 5746 Ἰάκωϐος
1139 5680 1237 5734 καὶ
1262 5680 1473 5750 Κηφᾶς
1498 5683 1596 5736 καὶ
1624 5683 1920 5752 Ἰωάννης,
1949 5687 2005 5739 οἱ
2038 5686 2365 5752 δοκοῦντες
2393 5684 2605 5739 στῦλοι
2633 5681 2807 5739 εἶναι.

397 5851 443 5883 ³⁵
482 5850 626 5909 Psal.
665 5869 740 5922 ιι,
778 5854 831 5910 8.
909 5856 953 5890 ³⁸
991 5857 1111 5913 Act.
1146 5874 1176 5913 ι
1201 5898 1214 5925 ,
1250 5858 1337 5914 54.
1417 5860 1461 5894 ³⁷
1499 5858 1658 5916 Rom.
1696 5876 1745 5927 l,
1782 5862 1868 5930 l6,
1905 5862 1943 5918 i'

2067 5866 2111 5899 ³⁸
2148 5864 2294 5923 Psal.
2334 5880 2534 5933 Lxxm,
2574 5866 2688 5922 5-7.
2766 5866 2813 5898 ³³
2850 5862 3025 5920 Galat.
3062 5878 3136 5929 ιι,
3172 5862 3206 5917 9
