4078 6432
434 434 534 489 87!
1110 432 1378 487 EUSEBII
1421 429 1900 486 CfESARlENSIS
1937 429 2085 486 ΟΡΡ.
2123 431 2304 487 PARS
2342 432 2426 489 lll.
2459 465 2529 475 ——-
2565 434 2972 492 EXEGETICA.
3574 445 3680 501 87?.

505 544 670 601 Vsus.
700 547 753 610 5‘,
791 546 845 601 6.
885 545 1012 598 Dixi
1047 547 1238 617 iniquis
1268 561 1286 600 :
1323 546 1501 600 Nolite
1541 547 1717 616 inique
1747 563 1934 617 agere;
1961 554 2005 599 et

2184 544 2342 602 Εἴπα
2379 549 2502 616 τοῖς
2535 551 2972 621 παρανομοῦσι,
3003 551 3100 620 Μὴ
3129 555 3519 624 παρανομεῖτε
3535 598 3550 620 ,
3581 560 3681 614 καὶ

430 639 847 709 delinquentibus
865 655 882 691 :
900 639 1075 692 Nolite
1095 640 1332 693 exaltare
1356 656 1538 693 cornu.
1556 639 1853 694 Columnas
1881 640 2002 709 qui-

429 729 553 785 dem
580 737 782 785 sanctaa
813 737 866 783 et
889 729 1173 784 catholica:
1200 729 1460 784 Ecclesiae
1482 745 1605 800 ego,
1632 729 1807 798 inquit
1836 727 2000 794 Deus,

431 820 660 886 ﬁrmavi,
706 830 892 892 utpote
937 824 1030 892 qui
1073 838 1141 878 ex
1189 831 1488 877 memorata
1527 830 1674 878 terra
1714 820 2004 892 liquefacta

430 928 554 968 cum
607 913 1006 969 habitatoribus
1050 915 1187 980 suis,
1226 915 1376 984 ipsos
1420 915 1712 984 elegerim;
1762 915 2004 986 reliquos

432 1021 563 1060 vero
596 1013 944 1061 contestatus
966 1021 1112 1071 sum,
1141 1005 1463 1076 praecipiens
1491 1006 1600 1061 illis
1633 1006 1890 1076 ipsosque
1912 1021 2006 1060 co-

433 1103 659 1156 hortans
709 1109 768 1156 ut
819 1117 887 1156 ne
916 1102 1100 1172 inique
1128 1110 1370 1172 agerent.
1410 1099 1720 1154 Secundum
1753 1098 2003 1170 Symma-

426 1194 590 1247 chum
611 1208 740 1247 vero
769 1211 780 1247 :
815 1193 941 1246 Dixi
967 1193 1254 1260 seditiosis,
1277 1191 1472 1262 inquit,
1496 1190 1578 1245 Ne
1605 1191 1850 1246 seditiose
1875 1207 2005 1261 aga—

426 1285 599 1346 tis;et
632 1285 848 1354 iniquis,
903 1283 1085 1339 Nolite
1107 1283 1345 1337 exaltare
1373 1299 1554 1338 cornu.
1586 1281 1932 1337 Ne~extollite
1952 1284 2005 1336 in

426 1376 598 1429 altum
645 1393 808 1430 cornu
848 1385 1079 1430 vestrum
1124 1376 1390 1446 loquentes
1435 1377 1630 1428 cervice
1653 1375 2002 1445 iniquitatem.

429 1465 630 1522 Eadem
661 1484 790 1523 vero
822 1468 940 1539 ipsa
968 1477 1200 1538 possunt
1233 1468 1298 1521 ad
1323 1468 1490 1521 alium
1516 1467 1786 1530 ordinem,
1815 1483 2004 1522 eorum

430 1558 680 1614 videlicet
731 1561 821 1628 qui
867 1575 933 1613 ex
987 1559 1406 1614 circumcisione
1460 1568 1608 1624 sunt,
1653 1559 1866 1620 referri,
1913 1560 2005 1629 qui

429 1660 622 1705 contra
652 1649 997 1705 Servatorem
1029 1650 1348 1704 seditionem
1387 1658 1692 1716 moverunt,
1727 1658 1782 1704 et
1814 1651 2008 1705 adver-

429 1752 525 1791 sus
576 1753 699 1792 eum
752 1738 1466 1808 insurrexerunt:quorum
1502 1755 1670 1794 causa
1716 1739 2007 1810 liquefacta

428 1837 514 1885 est
544 1837 688 1884 terra
719 1846 910 1886 eorum
942 1837 996 1885 et
1021 1845 1214 1885 onmes
1243 1833 1334 1900 qui
1371 1832 1690 1887 habitabant
1713 1833 1766 1888 in
1787 1833 2007 1888 ελδε-

428 1929 605 1978 terum
637 1925 892 1978 omnibus
925 1940 1142 1994 quoque
1170 1941 1267 1996 per
1292 1925 1478 1978 orbem
1505 1926 1759 1994 gentibus
1785 1935 2005 1996 aposto—
2041 1899 2080 1954 Β

430 2017 604 2070 lorum
629 2017 1013 2086 praedicatione
1032 2017 1356 2072 testiﬁcatus
1378 2023 1483 2079 est,
1504 2026 1563 2072 ut
1587 2033 1656 2072 ne
1677 2017 1860 2088 inique
1881 2034 2006 2089 age-

429 2118 570 2171 rent,
589 2117 643 2163 et
667 2109 1047 2178 peccatoribus
1070 2117 1130 2163 ut
1158 2125 1229 2164 ne
1251 2110 1454 2179 peccati
1486 2124 1656 2164 cornu
1680 2110 2003 2175 exaltarent,

430 2216 605 2271 neque
652 2217 774 2257 sese
813 2201 1070 2256 efferrent
1096 2209 1151 2254 et
1196 2209 1518 2273 arroganter
1565 2212 1806 2271 agerent,
1830 2218 2006 2271 neque

429 2294 785 2362 loquerentur
817 2294 1079 2349 adversus
1105 2293 1274 2350 Deum
1300 2295 1673 2364 iniquitatem:
1704 2293 1848 2367 quod
1875 2309 2008 2350 sane

434 2393 562 2440 ante
606 2386 839 2455 agebant
869 2400 993 2440 cum
1023 2386 1405 2456 multiplicium
1435 2385 1660 2442 deorum
1685 2387 1859 2441 errori
1885 2388 2006 2441 ani-

429 2490 576 2531 mum
613 2477 954 2541 adhiberent,
985 2486 1038 2532 et
1065 2477 1233 2532 Deum
1259 2479 1638 2534 universorum
1668 2478 2002 2549 ignorarent.

497 2568 665 2624 Vsus.
700 2569 815 2624 7-9.
861 2571 1001 2636 Quia
1032 2587 1194 2641 neque
1235 2570 1298 2623 ab
1335 2571 1551 2635 oriente,
1593 2586 1752 2642 neque
1777 2570 1840 2623 ab
1869 2572 2007 2624 occi-

427 2661 597 2728 dente,
621 2681 781 2734 neque
815 2682 846 2718 a
877 2664 1096 2718 desertis
1132 2664 1416 2727 montibus,
1449 2665 1697 2733 quoniam
1741 2662 1883 2718 Deus
1909 2662 2006 2732 ju-

426 2753 528 2806 dex
572 2744 668 2806 est.
701 2754 762 2807 Et
805 2755 921 2809 haec
961 2769 1201 2825 quoque,
1251 2755 1349 2819 ait,
1388 2771 1485 2824 per
1535 2756 1810 2825 apostolos
1857 2769 2006 2809 meos

429 2846 682 2902 omnibus
709 2847 1024 2901 hominibus
1053 2845 1380 2901 testiﬁcatus
1425 2861 1568 2910 sum,
1598 2857 1657 2901 ut
1686 2846 1877 2916 judicii
1913 2845 2006 2902 Dei

430 2936 871 3000 recordarentur,
899 2947 952 2992 et
992 2937 1173 2992 omnis
1201 2937 1510 3008 iniquitatis
1546 2939 1704 2994 linem
1741 2938 2003 3003 facerent,

431 3027 678 3096 persuasi
720 3027 1094 3083 universorum
1121 3028 1362 3097 judicem
1407 3045 1515 3083 non
1547 3030 1735 3098 procul
1770 3029 1961 3086 abesse
1986 3071 2002 3096 ,

430 3119 524 3174 sed
578 3120 763 3173 omnia
821 3121 1067 3190 implere,
1112 3129 1167 3176 et
1221 3121 1426 3193 ubique
1488 3129 1810 3192 praesentem
1859 3139 2000 3177 esse.

2106 641 2230 706 τοῖς
2273 641 2698 710 ἁμαρτάνουσι,
2739 643 2836 711 Μὴ
2886 644 3118 712 ὑψοῦτε
3162 644 3360 713 κέρας.
3403 648 3541 712 Τοὺς
3583 650 3680 720 μὲν

2108 731 2332 796 στύλους
2373 733 2472 803 τῆς
2517 734 2683 802 ἁγίας
2726 735 2821 787 καὶ
2858 735 3152 806 καθολικῆς
3189 737 3511 808 Ἐκκλησίας
3547 739 3677 808 ἐγὼ,

2107 822 2269 894 φησὶν
2303 823 2332 874 ὁ
2351 822 2503 888 Θεὸς,
2542 823 2849 895 ἐστερέωσα
2870 842 2883 854 ·
2908 825 2990 878 ὃτι
3012 825 3088 896 (1)
3109 827 3465 898 ἐκλεξάμενος
3482 828 3680 894 αὐτοὺς

2105 915 2170 967 ἐκ
2199 914 2298 984 τῆς
2333 914 2688 985 ἀποδοθείσης
2720 915 2825 986 γῆς
2849 917 3110 989 τακείσης
3155 920 3292 990 μετά
3329 919 3438 973 τῶν
3474 922 3680 976 οἰκούν-

2104 1023 2212 1059 των
2246 1007 2416 1079 αὐτήν
2438 1023 2451 1036 ⁸
2482 1010 2594 1072 τοῖς
2639 1009 2696 1062 δὲ
2729 1007 2933 1071 λοιποῖς
2973 1008 3420 1082 διεμαρτυράμην
3450 1012 3680 1067 διαστει-

2105 1097 2336 1168 λάμενος
2369 1098 2462 1152 καὶ
2496 1099 2832 1170 παραινέσας
2862 1097 2935 1169 μὴ
2955 1104 3308 1172 παρανομεῖν.
3331 1103 3486 1156 Κατά
3506 1103 3562 1156 δὲ
3589 1105 3680 1159 τὸν

2106 1189 2439 1261 Σύμμαχον·
2485 1191 2674 1254 Εἷπα,
2724 1192 2878 1262 φησὶ,
2932 1192 3056 1257 τοῖς
3105 1193 3535 1260 στασιάζουσι,
3582 1195 3677 1264 Μὴ

2105 1279 2486 1340 στασιάζετεο
2542 1279 2643 1333 καὶ
2690 1280 2816 1347 τοῖς
2854 1283 3245 1350 παρανόμοις,
3283 1282 3379 1350 Μὴ
3411 1284 3678 1353 ἐπαίρετε

2106 1369 2303 1437 κέρας.
2366 1371 2462 1439 Μὴ
2496 1371 2769 1440 ἐπαίρετε
2816 1375 2904 1439 εἰς
2961 1374 3120 1442 ὕψος
3164 1375 3230 1427 τὸ
3282 1375 3458 1444 κέρας
3512 1375 3678 1446 ὑμῶν

2103 1460 2437 1527 λαλοῦντες
2489 1461 2767 1530 τραχήλῳ
2811 1464 3086 1534 ἀνομίαν.
3129 1465 3363 1517 Δύναται
3411 1465 3467 1518 δέ
3507 1465 3678 1518 ταῦτα

2107 1551 2242 1623 πρὸς
2263 1553 2324 1604 τὸ
2348 1552 2532 1624 ἕτερον
2561 1554 2746 1625 τάγμα
2775 1556 2837 1608 τὸ
2860 1559 2922 1608 ἐκ
2948 1557 3248 1630 περιτομῆς
3270 1556 3544 1626 λέγεσθαι,
3570 1557 3678 1610 τῶν

2108 1645 2659 1699 καταστασιασάντων
2693 1645 2787 1698 τοῦ
2824 1648 3074 1718 Σωτῆρος
3108 1649 3203 1700 καὶ
3230 1649 3680 1720 κατεπαρθέντω)

2107 1733 2302 1788 αὑτοῦ·
2353 1736 2420 1789 δι’
2465 1736 2560 1801 οὓς
2615 1737 2783 1808 ἐτάκη
2814 1738 2992 1792 αὐτῶν
3037 1741 3070 1810 ἡ
3131 1742 3202 1810 γῆ
3249 1739 3344 1792 καὶ
3389 1741 3588 1804 πάντες
3628 1741 3678 1792 oi

2108 1832 2486 1897 κατοικοῦντες
2537 1834 2726 1906 αὐτήν.
2771 1835 2919 1906 Πλὴν
2969 1835 3204 1897 καὶτοῖς
3249 1835 3370 1887 καθ’
3414 1835 3541 1906 ὅλης
3581 1838 3678 1908 τῆς

2106 1924 2430 1996 οἰκουμένης
2463 1924 2639 1978 ἔθνεσι
2667 1925 2756 1980 διὰ
2781 1926 2874 1979 τοῦ
2902 1925 3010 1979 τῶν
3041 1925 3352 1979 ἀποστόλων
3392 1927 3680 1998 κηρύγμα-

2105 2033 2196 2080 τος
2245 2015 2590 2087 ἐμαρτύρατο
2622 2016 2696 2087 μὴ
2743 2018 3102 2088 παρανομεῖν,
3155 2017 3248 2068 καὶ
3288 2019 3399 2080 τοῖς
3427 2019 3677 2089 ἁμαρτά-

2106 2125 2256 2162 νουσι
2290 2109 2364 2179 μὴ
2405 2106 2572 2177 ὑψοῦν
2599 2107 2658 2161 τὸ
2684 2109 2784 2178 τῆς
2827 2107 3102 2180 ἁμαρτίας
3132 2107 3321 2180 κέρας,
3355 2109 3488 2180 μηδὲ
3523 2112 3678 2163 ἐπαί-

2109 2198 2296 2272 ρεσθαι
2333 2199 2427 2251 xul.
2471 2199 2976 2271 καταθρασύνεσθαι
3000 2240 3014 2264 ,
3051 2199 3184 2270 μηδέ
3230 2199 3408 2254 λαλεῖν
3462 2203 3676 2257 ἀδικίαν

2107 2290 2246 2344 κατά
2284 2289 2377 2344 τοῦ
2418 2291 2585 2344 Θεοῦ·
2629 2292 2764 2362 ὅπερ
2817 2292 3081 2363 πρότερον
3132 2291 3396 2363 ἔπραττον
3433 2295 3677 2366 πολυθέῳ

2107 2383 2463 2454 προσέχοντες
2519 2383 2693 2454 πλάνῃ
2719 2425 2735 2449 ,
2783 2384 2878 2437 καὶ
2928 2383 3021 2437 τὸν
3069 2383 3178 2436 τῶν
3225 2384 3362 2439 ὅλων
3412 2385 3544 2440 Θεὸν
3600 2390 3676 2458 μὴ

2107 2474 2323 2537 εἰδότες.

2179 2565 2297 2619 Ὅτι
2329 2566 2468 2620 οὔτε
2493 2568 2609 2620 ἀπὸ
2635 2568 2884 2635 ἐξόδων,
2916 2571 3054 2625 οὔτε
3085 2573 3201 2627 ἀπὸ
3242 2572 3510 2642 δυσμῶν,
3540 2572 3677 2626 οὔτε

2105 2655 2222 2709 ἀπὸ
2265 2655 2500 2724 ἐρήμων
2535 2656 2736 2724 ὀρέων,
2767 2658 2855 2712 ὅτι
2894 2663 2928 2715 ό
2961 2660 3104 2727 Θεὸς
3145 2663 3350 2730 κριτής
3385 2664 3536 2716 ἐστι.
3566 2665 3679 2718 Kul.

2104 2746 2296 2811 ταῦτα,
2313 2746 2468 2818 φησὶ,
2490 2746 2937 2822 διεμαρτυράμην
2963 2752 3050 2806 διὰ
3070 2754 3177 2808 τῶν
3195 2755 3344 2824 ἐμῶν
3367 2755 3678 2810 ἀποστόλων

2105 2839 2308 2895 ἅπασιν
2360 2843 2704 2915 ἀνθρώποις,
2756 2844 3112 2915 μνημονεύειν
3163 2845 3263 2916 τῆς
3301 2847 3533 2918 κρίσεως
3583 2845 3677 2899 τοῦ

2105 2931 2278 3000 Θεοῦ,
2331 2935 2426 2988 καὶ
2469 2936 2781 2990 παύσασθαι
2831 2937 3013 3010 πάσης
3063 2939 3440 3008 παρανομίας,
3490 2956 3679 2992 ταπει-

2108 3025 2336 3095 σμένους
2381 3029 2463 3082 ὅτι
2513 3029 2572 3082 οὐ
2625 3029 2812 3100 uappa
2851 3046 2954 3083 που
2999 3031 3307 3103 ἀφέστηκεν
3351 3035 3379 3085 ὁ
3407 3031 3516 3085 τῶν
3541 3031 3678 3086 ὅλων

2106 3119 2298 3188 κριτής
2317 3136 2330 3148 ·
2363 3120 2540 3175 πάντα
2566 3120 2623 3174 δὲ
2648 3122 2846 3192 πληροῖ
2865 3122 2960 3176 καὶ
3000 3124 3273 3194 πανταχοῦ
3302 3123 3551 3196 πάρεστι.
3587 3124 3679 3178 Διὸ

431 3211 612 3278 Quare
645 3213 903 3267 convenit
947 3229 1048 3269 nos
1097 3215 1252 3286 quasi
1298 3213 1354 3267 in
1400 3214 1574 3268 oculis
1614 3214 1733 3284 ejus
1761 3214 2005 3271 viventes

2108 3212 2374 3282 προσήκει
2393 3211 2468 3276 ὼς
2497 3214 2554 3266 ἐν
2577 3211 2876 3284 ὀφθαλμοῖς
2898 3215 3062 3268 αὐτοϋ
3102 3216 3312 3280 ζῶντας
3337 3216 3680 3288 ἐπιστρεφῶς

434 3306 620 3359 animo
651 3305 716 3359 ad
749 3321 873 3360 eum
918 3321 1186 3362 converso
1230 3307 1444 3378 degere.
1481 3305 1666 3376 Neque
1705 3307 1849 3361 enim
1877 3322 2002 3376 pro-

431 3397 522 3450 cul
553 3397 728 3458 abest,
758 3399 829 3450 ita
863 3407 922 3451 ut
954 3398 1283 3454 arbitremur
1308 3415 1430 3454 eum
1459 3399 1616 3469 longe
1647 3415 1677 3454 a
1707 3401 1867 3455 nobis
1906 3401 2004 3454 ha-

434 3488 629 3550 bitare,
671 3489 785 3543 sive
829 3490 884 3543 in
935 3489 1165 3552 oriente,
1203 3490 1317 3545 sive
1379 3491 1434 3544 in
1462 3491 1765 3556 occidente,
1808 3492 1922 3546 sive
1948 3493 2003 3546 in

430 3579 667 3635 desertis
694 3591 746 3634 et
780 3582 1075 3636 montibus.
1109 3581 1242 3635 Nam
1284 3583 1493 3638 medius
1525 3591 1580 3637 et
1612 3599 1854 3652 praesens
1881 3584 2004 3637 uni-

432 3675 630 3739 versis,
660 3674 825 3742 judex
854 3675 1098 3729 omnium
1129 3683 1233 3730 est.
1262 3675 1461 3730 Judicii
1496 3684 1675 3731 autem
1715 3676 1860 3730 illius
1889 3675 2005 3730 olli-

431 3765 582 3819 cium
632 3774 736 3827 est,
767 3776 825 3819 ut
869 3766 1163 3836 unicuique
1211 3781 1309 3836 pro
1355 3766 1553 3821 merito
1597 3767 1822 3829 tribuat,
1856 3767 2002 3822 hunc

432 3857 679 3910 humiliet
708 3865 760 3910 et
795 3857 941 3911 hunc
965 3859 1198 3925 exaltet;
1231 3859 1501 3928 superbos
1529 3858 1746 3928 quidem
1773 3859 2004 3930 illosque

398 3989 405 3997 .
432 3944 524 4013 qui
551 3960 722 3999 cornu
752 3961 910 4000 suum
940 3946 993 3999 in
1024 3947 1189 4000 altum
1214 3949 1482 4003 extollunt
1512 3948 1791 4014 humiliet,
1826 3951 2003 4004 humi-

436 4037 513 4090 les
541 4051 672 4091 vero
700 4038 919 4100 exaltet,
953 4039 1253 4092 secundum
1289 4040 1418 4094 illud
1451 4059 1464 4094 :
1496 4039 1634 4094 Deus
1660 4041 1894 4108 superbis
1923 4059 2004 4096 re-

433 4128 596 4191 sistit,
624 4128 908 4184 humilibus
953 4140 1128 4184 autem
1161 4131 1254 4185 dat
1287 4133 1514 4202 gratiam
1533 4133 1598 4184 ‘°.
1636 4133 2000 4198 Quamobrem

434 4219 510 4271 ait
544 4237 556 4272 :
590 4219 729 4285 Quia
763 4237 924 4291 neque
953 4222 1017 4275 ab
1047 4225 1267 4284 oriente,
1301 4241 1460 4293 neque
1494 4226 1557 4278 ab
1595 4226 1876 4288 occidente,
1908 4241 2002 4279 ne-

433 4325 532 4378 que
583 4326 615 4362 a
663 4310 882 4365 desertis
937 4316 1239 4378 montibus;
1283 4330 1384 4385 pro
1410 4317 1608 4385 quibus
1643 4315 2002 4387 Symmachus

434 4399 516 4455 sic
546 4399 934 4470 interpretatus
963 4413 1046 4458 est
1079 4422 1095 4459 :
1127 4403 1249 4458 Non
1281 4407 1418 4459 enim
1453 4405 1516 4458 ab
1548 4407 1762 4472 oriente,
1798 4422 1902 4460 non
1936 4404 2001 4458 ab

435 4495 719 4558 occidente,
755 4512 914 4566 neque
946 4513 977 4548 a
1009 4495 1212 4550 deserto
1240 4497 1496 4549 montium
1523 4511 1541 4548 :
1571 4495 1659 4549 sed
1681 4495 1820 4550 Deus
1834 4495 2001 4564 judea:

2094 3297 2504 3356 πολιτεύεσθαι.
2529 3305 2604 3357 Οὐ
2626 3305 2735 3376 γὰρ
2759 3305 2973 3377 μακρὰν
3006 3306 3334 3379 ἀφέστηκεν,
3360 3308 3435 3370 ὡς
3461 3307 3678 3378 νομίσαι

2110 3392 2298 3463 πόρρω
2333 3409 2435 3445 που
2469 3394 2780 3464 ἀπῳκίσθαι
2818 3395 3011 3461 αὐτὸν,
3060 3397 3094 3468 ἢ
3144 3398 3279 3468 πρὸς
3313 3399 3506 3462 αὑταῖς
3552 3398 3681 3454 ἀνα-

2107 3483 2305 3548 τολαῖς,
2331 3484 2363 3555 ἢ
2391 3485 2532 3539 κατὰ
2564 3485 2634 3538 τὰ
2664 3486 2924 3557 δυσμιαῖα
2955 3488 3119 3559 μέρη,
3156 3490 3188 3558 ἦ
3222 3507 3323 3542 που
3354 3491 3411 3544 ἐν
3425 3491 3681 3563 ἐρημίαις

2111 3577 2204 3630 καὶ
2230 3578 2400 3648 ὄρεσι.
2446 3579 2623 3642 Μέσος
2649 3577 2757 3649 γάρ
2795 3581 3078 3652 ἐπιπαρὼν
3110 3584 3220 3646 τοῖς
3273 3585 3447 3648 πᾶσι,
3488 3584 3681 3656 κριτὴς

2108 3669 2216 3723 τῶν
2240 3670 2376 3725 ὅλων
2409 3671 2545 3724 ἐστί.
2583 3673 2783 3744 Ἔργον
2809 3690 2868 3726 τε
2899 3672 3062 3727 αὐτοῦ
3085 3674 3186 3744 τῆς
3214 3675 3448 3745 κρίσεως
3478 3676 3538 3729 τὸ
3559 3677 3681 3730 κατ’

2108 3760 2263 3826 ἀξίαν
2289 3762 2583 3832 ἀπονέμειν
2621 3765 2854 3834 ἑκάστῳ,
2890 3765 2984 3817 καὶ
3021 3763 3205 3818 τοῦτον
3249 3765 3347 3836 μὲν
3372 3766 3680 3831 ταπεινοῦν,

2105 3853 2292 3908 τοῦτον
2340 3854 2398 3908 δὲ
2427 3854 2628 3924 ὑψοῦνο
2670 3855 2957 3909 ταπεινοῦν
3005 3857 3102 3927 μὲν
3127 3858 3255 3920 τοὺς
3300 3858 3682 3928 ὑπερηφάνους

2108 3950 2202 4002 καὶ
2252 3951 2378 4014 τοὺς
2433 3951 2756 4022 ἐπαίροντας
2810 3952 2890 4015 είς
2951 3950 3082 4020 ὕψος
3129 3951 3191 4004 τὸ
3237 3951 3404 4024 κέρας
3467 3951 3677 4007 αὐτῶν·

2109 4040 2276 4110 ὑψοῦν
2313 4043 2371 4097 δέ
2407 4044 2532 4106 τοὺς
2561 4045 2876 4108 ταπεινοὺς,
2906 4044 3049 4098 κατὰ
3075 4043 3136 4096 τό
3156 4060 3169 4072 ·
3213 4045 3277 4098 '0
3308 4045 3452 4110 Θεὸς
3496 4048 3679 4113 ὑπερ-

2106 4132 2360 4201 ηφάνοις
2399 4132 2819 4188 ἀντιτάσσεται
2839 4174 2854 4198 ,
2903 4134 3203 4200 ταπεινοῖς
3233 4134 3302 4188 δὲ
3341 4135 3546 4188 δίδωσι
3571 4135 3681 4205 χά-

2099 4242 2222 4292 ριν.
2267 4225 2359 4278 Διό
2408 4242 2602 4296 φησιν·
2638 4226 2757 4279 Ὅτι
2802 4225 2940 4280 οὔτε
2995 4228 3115 4281 ἀπὸ
3146 4225 3372 4292 ἐξόδων
3423 4227 3522 4280 καὶ
3559 4226 3678 4281 ἀπὸ

2106 4314 2419 4369 ἀνατολῶν
2435 4314 2635 4380 ἡλίου,
2652 4315 2791 4368 οὔτε
2814 4314 2933 4368 ἀπὸ
2958 4315 3227 4385 δυσμῶν,
3250 4316 3385 4369 οὔτε
3402 4315 3522 4369 ἀπὸ
3539 4314 3679 4384 ἐρή-

2102 4423 2233 4474 μων
2277 4407 2487 4475 ὀρέων·
2515 4408 2630 4461 ἀνθ’
2653 4400 2728 4461 ὧν
2756 4411 2787 4462 ὁ
2825 4410 3118 4480 Σύμμαχος
3145 4406 3332 4462 τοῦτον
3364 4409 3677 4479 ἡρμήνευσε

2106 4498 2198 4551 τὸν
2221 4499 2448 4569 τρόπον’
2489 4503 2572 4554 Οὐ
2610 4502 2719 4571 γὰρ
2756 4503 2874 4556 ἀπὸ
2905 4499 3225 4568 ἀνατολῆς,
3255 4499 3396 4555 οὐδὲ
3426 4501 3544 4554 ἀπὸ
3578 4500 3680 4552 δύ-

434 4586 572 4639 Ιιιιησ
599 4586 807 4656 quidem
837 4587 1102 4653 humiliat,
1136 4586 1270 4640 hunc
1301 4597 1477 4641 autem
1509 4587 1732 4641 exultat.
1780 4587 1845 4640 Et
1896 4587 2005 4644 hoc

2107 4604 2280 4654 σεως,
2315 4588 2457 4642 οὐδὲ
2484 4590 2602 4645 ἀπὸ
2643 4591 2866 4660 ἐρήμου
2896 4591 3106 4658 ὀρέων·
3140 4590 3277 4644 ἀλλ’
3315 4592 3348 4643 ό
3381 4589 3525 4654 Θεὸς
3560 4606 3681 4656 κρι-

435 4694 588 4746 sane,
623 4680 818 4749 inquit,
854 4681 1227 4734 necessarium
1270 4687 1355 4734 est
1400 4693 1588 4732 omnes
1631 4677 1880 4733 homines
1908 4693 2004 4731 co-

434 4787 717 4839 gnoscere,
777 4771 917 4837 Quia
965 4770 1108 4825 calia;
1151 4771 1207 4824 in
1251 4786 1414 4823 manu
1468 4769 1682 4822 Domini
1724 4769 1830 4822 vini
1873 4768 2005 4821 meri

433 4861 616 4928 plenus
647 4861 822 4915 misto.
846 4860 915 4914 Et
947 4861 1218 4915 inclinavit
1263 4877 1327 4914 ea:
1373 4860 1469 4913 hoc
1495 4861 1550 4912 in
1583 4860 1712 4925 hoc;
1742 4869 2004 4914 verumta-

435 4969 552 5005 men
581 4953 687 5021 [ω
713 4975 732 5006 ι
733 4953 826 5023 jus
853 4969 956 5007 non
981 4964 1058 5007 est
1079 4953 1376 5020 exinanita,
1408 4951 1578 5006 bibent
1613 4968 1789 5006 omnes
1821 4967 2006 5022 pecca-

438 5056 576 5100 tores
621 5056 794 5100 terra'.
848 5045 1155 5099 Secundum
1208 5044 1593 5114 Symmachum
1641 5059 1772 5099 vero
1806 5064 1817 5098 :
1847 5043 2006 5098 Calix

433 5138 574 5190 enim
608 5137 663 5189 in
692 5153 851 5190 manu
882 5136 1114 5200 Domini,
1149 5144 1200 5190 et
1229 5137 1406 5189 vinum
1442 5150 1641 5187 merum
1691 5133 1894 5202 replens
1927 5133 2007 5202 ef-

438 5230 635 5299 fusum,
663 5231 741 5282 ita
785 5239 842 5283 ut
893 5231 1107 5283 trahant
1155 5229 1219 5281 ab
1267 5229 1399 5295 ipso.
1439 5225 1806 5279 Verumtamen
1854 5224 2006 5292 {taces

435 5324 551 5392 ejus
576 5321 820 5391 guttatim
848 5322 1137 5388 expriment
1167 5318 1390 5373 bibentes
1416 5316 1640 5385 improbi
1681 5326 1854 5369 terrm.
1883 5313 2006 5368 Haec

436 5417 588 5477 item,
622 5415 720 5477 ait,
749 5428 940 5468 omnes
971 5413 1216 5467 homines
1257 5411 1441 5474 docui,
1474 5425 1542 5464 ne
1591 5410 1843 5479 ignorent
1876 5407 2009 5460 cali-

435 5520 552 5556 cem
602 5504 753 5556 illum
801 5518 991 5557 omnes
1039 5517 1278 5566 manere,
1307 5516 1467 5571 quem
1518 5499 1716 5568 cuique
1747 5505 2010 5566 temperat

434 5609 487 5648 et
541 5594 859 5648 commiscet
917 5595 1296 5649 universorum
1339 5591 1527 5662 judex.
1565 5589 1676 5643 Hoc
1724 5603 1886 5658 porro
1926 5589 2004 5642 in-

438 5684 653 5752 telligas
697 5699 765 5737 ex
813 5685 904 5748 iis,
935 5700 1056 5753 qua:
1101 5685 1157 5737 in
1204 5685 1502 5753 pr0phetiis
1530 5681 1598 5736 dc
1624 5683 1794 5738 calice
1825 5682 2008 5736 ferun-

507 5775 554 5807 ⁸⁰
592 5773 706 5828 Jac.
745 5791 816 5836 ιγ,
849 5777 901 5828 6.

500 5867 576 5939 (l)
607 5867 691 5920 An
727 5865 1009 5937 legendum
1040 5868 1132 5921 ἅτε
1153 5869 1175 5919 ?
1202 5867 1359 5920 Enn.

2109 4678 2219 4746 τὴς
2254 4678 2470 4732 τοῦτον
2505 4678 2622 4748 μὲν
2667 4679 2950 4743 ταπεινοῖ,
2991 4679 3206 4732 τοῦτον
3252 4676 3321 4730 δὲ
3358 4677 3523 4746 spot.
3569 4677 3680 4730 Kal

2106 4769 2264 4824 τοῦτο
2281 4771 2358 4835 δὲ,
2375 4771 2558 4841 φησὶν,
2571 4772 2860 4840 ἀναγκαῖον
2883 4769 3078 4823 εἰδέναι
3110 4769 3314 4830 πάντας
3340 4767 3676 4839 ἀνθρώπους,

2111 4861 2231 4914 Ὅτι
2274 4860 2559 4930 ποτήριον
2606 4861 2676 4914 ἐν
2714 4859 2864 4929 χειρί
2909 4859 3132 4927 Κυρίου
3177 4859 3346 4912 οινου
3394 4855 3678 4924 ἀκράτου,

2107 4951 2336 5020 πλῆρες
2377 4951 2768 5021 κεράσματος.
2816 4950 2929 5004 Kal
2966 4949 3209 5005 ἔκλινεν
3247 4951 3318 5004 ἐκ
3354 4950 3567 5002 τούτου
3595 4949 3682 5012 είς

2105 5043 2311 5098 τοῦτο’
2343 5043 2511 5112 πλὴν
2553 5046 2588 5097 ὁ
2633 5043 2877 5112 τρυγίας
2908 5042 3093 5096 αὐτοῦ
3145 5043 3256 5096 οὐκ
3310 5037 3642 5105 ἐξεκενώθη
3662 5076 3680 5100 ,

2105 5135 2344 5188 πίονται
2372 5134 2596 5200 πάντες
2641 5137 2696 5188 οι
2741 5133 3075 5204 ἁμαρτωλοὶ
3107 5131 3218 5200 τῆς
3261 5129 3390 5202 γῆς.
3425 5129 3582 5184 Κατά
3623 5128 3682 5180 δέ

2106 5229 2198 5282 τὸν
2223 5227 2516 5298 Σύμμαχον
2536 5243 2551 5258 ⁶
2587 5225 2882 5294 Ποτήριον
2904 5226 3016 5294 γὰρ
3040 5225 3111 5278 ἐν
3136 5235 3282 5292 χειρι
3314 5223 3556 5289 Κυρίου.
3583 5219 3681 5273 καὶ

2107 5317 2270 5385 οἶνος
2319 5317 2576 5386 ἄκρατος
2629 5316 2877 5385 πληρῶν
2914 5317 3192 5384 ἐκχυθείς
3221 5353 3236 5377 ,
3278 5314 3436 5367 ὥστε
3483 5312 3684 5366 ἕλκειν

2108 5413 2210 5467 ἀπ’
2245 5411 2452 5464 αὑτοῦ.
2482 5409 2656 5478 Πλὴν
2692 5410 2800 5474 τὰς
2829 5409 3074 5477 τρυτίας
3101 5406 3287 5461 αὐτοῦ
3333 5406 3682 5475 ἐκστρατγί-

2108 5519 2291 5558 σουσι
2325 5503 2607 5568 πίνοντες
2645 5505 2701 5555 οὶ
2759 5500 2981 5570 φαῦλοι
3012 5499 3120 5568 τῆς
3158 5497 3289 5568 γῆς.
3324 5499 3433 5552 Kal.
3485 5501 3683 5562 ταῦτα,

2108 5595 2298 5664 φησὶν,
2322 5592 2539 5659 ἐδίδαξα
2561 5594 2768 5655 πάντας
2797 5589 3136 5662 ἀνθρώπους,
3157 5591 3230 5654 ὡς
3252 5590 3317 5643 ἂν
3347 5591 3421 5661 μὴ
3449 5591 3682 5659 ἀγνοεῖν,

2109 5686 2189 5738 ὅτι
2225 5685 2509 5756 περιμένει
2528 5686 2652 5748 τοὺς
2676 5685 2882 5749 πάντας
2907 5683 2968 5733 τὸ
2995 5683 3271 5752 ποτήριον,
3305 5682 3442 5753 ὅπερ
3467 5682 3602 5736 tuac.-
3621 5699 3684 5752 ῖῳ

4046 1507 4078 1544 ιι
