4078 6432
419 387 524 444 873

1538 387 2041 445 COMMENTARIA
2082 390 2149 446 IN
2188 388 2508 447 PSALMOS

3547 399 3650 457 874

416 503 668 575 κίρνησιν
693 503 722 556 ὀ
760 500 866 558 τῶν
887 501 1023 556 ὅλων
1055 502 1263 573 κριτής.
1315 501 1547 572 Νοήσεις
1594 502 1652 555 δὲ
1679 502 1836 556 τοῦτο
1877 504 1968 557 άπί

2084 510 2203 569 tur;
2258 504 2313 559 in
2355 502 2589 559 Jeremia
2622 505 2822 575 quippe
2867 506 3131 576 scriptum
3176 516 3261 564 est
3301 528 3314 563 :
3355 509 3508 566 Dixit
3542 512 3654 568 Do-

413 592 522 645 τῶν
554 593 612 644 ἑν
636 594 756 655 ταῖς
779 592 1135 663 προφητείαις
1164 592 1497 663 λελεγμένων
1522 596 1652 665 περὶ
1692 596 1949 667 ποτηρίου
1969 613 1981 624 ·

412 683 721 753 γέγραπται
763 682 893 750 γοῦν
922 686 979 736 ἑν
1014 683 1250 755 Ἱερεμίᾳ
1278 685 1480 747 οὕτως·
1516 681 1662 738 Eius
1700 688 1912 754 Κύριος
1953 691 1987 742 ὁ

413 774 559 839 Θεὸς
623 773 861 841 Ἰσραὴλ
909 773 1058 841 πρὸς
1104 773 1202 844 μέ·
1259 774 1413 828 Λάϐε
1448 777 1514 828 τὸ
1559 776 1843 845 ποτήριον
1878 778 1985 832 τοῦ

410 863 579 918 οἵνου
608 863 714 916 τοῦ
738 863 997 931 ἀκράτου
1023 866 1091 917 ἐκ
1111 866 1307 933 χειρός
1321 884 1461 935 μου,
1480 867 1574 920 καὶ
1599 867 1819 934 ποτιεΐς
1839 868 1984 923 αὐτὸ

409 954 606 1008 πάντα
636 954 707 1007 τὰ
736 955 900 1022 ἔθνη,
939 954 1086 1022 πρὸς
1114 955 1152 1009 ά
1181 956 1294 1025 ἐγὼ
1325 957 1710 1021 ἐξαποστελῶ
1741 976 1813 1013 σε
1836 959 1984 1028 πρὸς

405 1045 647 1110 αὐτούς.
684 1045 794 1097 Καὶ
843 1046 1082 1100 πίονται
1118 1047 1216 1099 καὶ
1249 1047 1619 1118 ἐξεμοῦνται,
1666 1050 1764 1103 καὶ
1802 1051 1982 1120 ἐκμα-

402 1135 694 1201 νήσονται
737 1137 856 1190 ἀπὸ
898 1136 1220 1206 προσώπου
1260 1139 1369 1207 τῆς
1402 1141 1720 1209 μαχαίρας,
1755 1138 1831 1212 ἧς
1868 1143 1982 1213 ἐγὼ

402 1227 721 1282 ἀποστελῶ
751 1226 1058 1295 ἀναμέσον
1086 1228 1302 1285 αὐτῶν.
1331 1230 1441 1283 Καὶ
1466 1230 1687 1285 ἔλαϐον
1710 1230 1776 1286 τὸ
1802 1234 1981 1301 ποτή-

395 1334 531 1386 ριον
552 1319 620 1372 ἐκ
644 1320 838 1387 χειρὸς
860 1320 1103 1387 Κυρίου,
1129 1320 1227 1373 καὶ
1250 1321 1504 1378 ἐπότισα
1524 1323 1721 1376 πάντα
1745 1324 1816 1378 τὰ
1834 1325 1977 1395 ἔθνη

401 1408 548 1477 πρὸς
577 1408 615 1462 ἃ
638 1410 957 1464 ἀπέστειλέ
977 1428 1054 1480 με
1071 1413 1286 1481 Κύριος
1314 1414 1406 1466 ἐπ’
1431 1416 1602 1483 αὐτὰ,
1624 1416 1738 1484 τὴν
1771 1419 1976 1487 Ἰερου-

399 1501 607 1570 σαλὴμ
634 1503 732 1555 καί
758 1502 864 1570 τὰς
889 1504 1097 1569 πόλεις
1138 1504 1343 1568 Ἰούδα,
1370 1506 1469 1560 καὶ
1485 1508 1767 1575 βασιλεῖς
1791 1510 1976 1564 αὑτοῦ

399 1590 498 1643 καὶ
527 1590 823 1662 ἄρχοντας
852 1594 1062 1658 αὐτοῦ,
1094 1595 1198 1649 τοῦ
1230 1596 1414 1651 θεῖναι
1456 1600 1677 1665 αὐτοὺς
1714 1602 1802 1665 είς
1843 1600 1977 1669 ἐρή-

393 1698 607 1749 μωσιν,
646 1684 743 1737 καὶ
768 1687 858 1750 εὶς
888 1685 1111 1741 ἄϐατον
1147 1687 1246 1740 καὶ
1284 1690 1370 1753 εἰς
1397 1693 1709 1760 συριγμόν·
1744 1693 1840 1745 καὶ
1868 1693 1975 1746 τὸν

398 1774 604 1843 Φαραὼ
625 1776 891 1839 βασιλέα
916 1779 1212 1847 Αἰγύπτου
1239 1779 1337 1832 καὶ
1359 1781 1500 1846 τοὺς
1523 1782 1734 1850 παῖδας
1762 1786 1969 1848 αὐτοῦ,

395 1866 495 1920 καὶ
533 1868 673 1934 τοὺς
707 1869 1074 1939 μεγιστᾶνας
1116 1871 1322 1927 αὐτοῦ·
1370 1873 1465 1927 καὶ
1508 1873 1635 1945 ἑξῆς
1677 1893 1828 1947 φησι·
1864 1877 1974 1931 Καὶ
2005 1851 2045 1906 Β

395 1955 629 2024 πάντας
660 1960 802 2025 τοὺς
826 1962 1107 2028 βασιλεῖς
1135 1964 1247 2032 τῆς
1293 1963 1404 2034 γῆς
1443 1964 1561 2018 τῶν
1587 1968 1972 2037 ἀλλοφύλων,

394 2047 511 2117 τὴν
552 2050 914 2116 Ἀσκάλωνα,
954 2054 1054 2107 καὶ
1088 2058 1203 2122 τὴν
1238 2055 1453 2120 Γάζαν,
1489 2058 1587 2111 καὶ
1623 2058 1736 2127 τὴν
1776 2060 1975 2115 Ἀκκά-

387 2155 535 2209 ρων,
570 2141 665 2193 καὶ
702 2141 814 2210 τὴν
863 2143 1211 2213 Ἰδουμαίαν,
1258 2148 1355 2199 καὶ
1386 2147 1502 2215 τὴν
1528 2151 1841 2217 Μωαϐῖτιν,
1875 2153 1973 2206 καὶ

392 2232 536 2299 τοὺς
564 2234 733 2300 υἱοὺς
770 2236 1011 2304 Ἁμμὼν,
1047 2237 1145 2290 καὶ
1182 2238 1411 2305 πάντας
1439 2241 1723 2307 βασιλεῖς
1758 2243 1968 2313 Τύρου,

392 2320 624 2388 πάντας
647 2325 931 2392 βασιλεῖς
954 2327 1235 2393 Σιδῶνος,
1277 2330 1376 2382 καὶ
1424 2332 1654 2396 πάντας
1687 2334 1971 2400 βασιλεῖς

389 2411 588 2477 νήσου
626 2414 770 2479 τοὺς
801 2416 871 2469 ἐν
901 2416 981 2482 τῷ
1010 2415 1200 2486 πέραν
1241 2419 1354 2488 τῆς
1391 2420 1727 2490 θαλάσσης.
1769 2424 1903 2477 Μεθ’
1933 2425 1968 2478 ἃ

391 2504 635 2574 ἐπιλέγει
674 2505 867 2571 οὕτως·
901 2509 1050 2563 Εἷπε
1075 2512 1291 2580 Κύριος
1325 2514 1743 2581 παντοκράτωρ
1764 2516 1797 2568 ό
1826 2515 1969 2579 Θεὸς

403 2595 659 2664 Ἰσραήλ·
686 2599 857 2652 Πίετε
882 2600 980 2653 καὶ
1001 2604 1362 2671 μεθύσθητε,
1392 2605 1490 2659 καὶ
1513 2605 1846 2673 ἐξεμέσετε,
1869 2608 1966 2661 καὶ

390 2689 647 2754 πεσεῖτε,
682 2692 781 2745 καὶ
813 2695 884 2747 οὐ
909 2692 996 2763 μὴ
1035 2696 1337 2765 ἀναστῆτε
1363 2698 1479 2752 ἀπὸ
1507 2698 1826 2767 προσώπου
1861 2700 1967 2768 τῆς

386 2780 702 2849 μαχαίρας,
724 2778 798 2852 ἧς
824 2784 937 2852 ἐγὼ
957 2784 1274 2840 ἀποστελῶ
1306 2788 1612 2857 άναμέσον
1645 2788 1829 2859 ὑμῶν.
1856 2791 1966 2843 Καὶ

388 2871 560 2924 ἔσται
600 2872 746 2926 ὅταν
770 2873 856 2942 μὴ
884 2876 1227 2939 βούλωνται
1252 2877 1538 2944 δέξασθαι
1580 2879 1641 2933 τὸ
1681 2881 1968 2951 ποτήριον

387 2958 459 3011 ἐκ
484 2958 592 3029 τῆς
617 2964 816 3031 χειρός
843 2978 982 3028 σου,
1011 2963 1167 3019 ὥστε
1195 2966 1373 3033 πιεῖν,
1399 2969 1496 3023 καὶ
1518 2969 1673 3038 ἐρεῖς
1699 2971 1847 3039 πρὸς
1870 2973 1966 3025 αὐ-

386 3052 550 3115 τούς.
584 3053 780 3119 Οὕτως
803 3051 933 3109 εἷπε
963 3058 1178 3126 Κύριος
1214 3057 1333 3112 τῶν
1356 3061 1681 3130 δυνάμεων·
1720 3064 1965 3128 Πιόντες

388 3142 618 3195 πίεσθε.
666 3144 743 3195 Δι’
777 3137 851 3197 ὧν
897 3145 1135 3200 διδάσκει
1183 3149 1211 3200 ό
1242 3147 1398 3217 λόγος
1420 3150 1574 3221 δίκην
1623 3151 1806 3222 ίατροῦ
1851 3155 1961 3216 τοῖς
1989 3194 2033 3252 c

386 3232 660 3303 δεομένοις
711 3237 914 3306 πικρᾶς
960 3238 1232 3291 άντιδότου
1282 3240 1374 3293 τὸν
1425 3239 1557 3293 Θεὸν
1598 3242 1820 3311 ἐπάγειν
1862 3244 1961 3308 τὰς

386 3322 657 3389 κολάσεις,
708 3326 784 3390 ὡς
831 3326 897 3380 ἂν
943 3327 1221 3398 ἑμέσαιεν,
1275 3330 1367 3384 καὶ
1417 3331 1812 3387 ἀποκενώσειεν
1862 3336 1962 3407 τὴν

388 3415 760 3471 πλεονάσασαν
788 3420 846 3471 ἐν
876 3420 1057 3483 αὐτοῖς
1091 3421 1311 3474 κακίαν·
1345 3423 1438 3476 καὶ
1465 3422 1686 3494 πρώτην
1708 3442 1770 3493 γε
1791 3425 1959 3497 αὐτὴν

385 3510 482 3580 τὴν
527 3508 879 3582 Ἰερουσαλὴμ
905 3511 997 3565 τοῦ
1032 3512 1311 3583 λεχθέντος
1342 3514 1505 3569 ποτοῦ
1544 3518 1811 3570 πιεῖσθαι·
1840 3515 1959 3572 εἶτα

384 3597 442 3654 δὲ
478 3600 548 3654 τὰ
590 3602 750 3655 λοιπὰ
784 3603 931 3675 ἔθνη,
965 3604 1041 3668 ὡς
1066 3606 1159 3658 καὶ
1192 3604 1407 3660 πάντων
1432 3608 1528 3678 τῆς
1556 3608 1748 3678 ὁμοίας
1778 3609 1960 3675 τευξο-

389 3690 564 3764 μένων
609 3694 926 3766 καθάρσεως
972 3696 1058 3750 διὰ
1108 3698 1215 3751 τῶν
1269 3698 1727 3769 ἑπαχθησομένων
1777 3702 1957 3763 αὐτοῖς

381 3784 683 3855 τιμωριῶν.
727 3786 836 3838 Καὶ
878 3786 938 3839 τὸ
976 3788 1147 3857 παρὸν
1181 3782 1272 3841 οὖν
1307 3787 1482 3856 λόγιον
1518 3789 1866 3861 καταλλήλως
1889 3793 1954 3862 τῇ

382 3876 694 3946 προφητικῇ
745 3874 1062 3946 διδασκαλία
1110 3879 1367 3949 ποτήριον
1417 3872 1555 3931 εἷναι
1607 3877 1843 3931 διδάσκει
1899 3882 1957 3932 ὲν

382 3966 527 4036 χειρὶ
552 3966 778 4037 Κυρίου,
801 3967 857 4019 ὲν
882 3960 926 4033 ᾧ
945 3967 1070 4031 τοὺς
1092 3968 1320 4021 ἑκάστου
1344 3970 1590 4038 καρποὺς
1613 3969 1952 4038 συναγαγὼν,

383 4055 569 4130 ὥσπερ
607 4058 842 4130 ἄκρατον
884 4055 1024 4113 οἶνον
1068 4058 1376 4133 ἐργάζεται.
1425 4056 1537 4113 Εἶτ’
1581 4061 1852 4115 ἐπιδίδωσι
1896 4062 1955 4115 τὸ

381 4153 504 4205 κατ’
528 4149 683 4215 ἀξίαν
710 4151 859 4222 πόμα
883 4150 1163 4219 ἀναλόγως
1186 4154 1303 4215 ταῖς
1326 4153 1553 4206 ἑκάστου
1586 4152 1815 4223 πράξεσι
1843 4171 1958 4225 κιρ-

381 4241 489 4294 νῶν
538 4242 668 4295 αὐτὸ
706 4241 847 4296 κατὰ
882 4243 975 4295 τὸν
1006 4242 1101 4296 τοῦ
1132 4242 1340 4297 δικαίου
1386 4242 1561 4312 λόγον.
1601 4244 1693 4317 Μὴ
1721 4245 1830 4317 γὰρ
1854 4248 1953 4311 τὰς

381 4332 589 4402 φαύλας
626 4335 852 4405 πράξεις
890 4335 1055 4406 μόνας
1106 4335 1360 4400 ἑκάστου,
1396 4335 1534 4390 ἀλλὰ
1566 4337 1787 4401 καὶτὰς
1812 4339 1951 4407 άγα-

381 4427 479 4488 ea;
501 4424 828 4493 λογίζεσθαι,
855 4425 1195 4496 σταθμᾶσθαι
1223 4443 1283 4480 τε
1310 4425 1497 4497 ὥσπερ
1524 4428 1833 4499 συμμετρίᾳ
1859 4430 1953 4483 καὶ

2089 592 2265 647 minus
2305 590 2445 646 Deus
2486 591 2661 647 Israel
2691 595 2759 648 ad
2790 611 2871 650 me
2894 637 2910 661 ,
2944 596 3102 653 Sume
3130 600 3349 655 calicem
3380 603 3487 657 vini
3520 609 3653 660 meri
3680 630 3681 633 η

2087 683 2151 738 de
2195 700 2354 737 manu
2400 701 2536 752 mea,
2605 697 2654 740 et
2695 687 2900 756 potabis
2945 690 3059 758 ipso
3104 708 3281 747 omnes
3326 703 3537 765 gentes,
3583 698 3653 751 ad

2084 792 2217 845 quas
2243 792 2335 845 ego
2366 777 2572 829 mittam
2602 786 2666 833 te.
2698 778 2766 831 Et
2800 772 3055 857 bibentet
3079 794 3279 837 voment
3307 796 3355 838 et
3386 787 3652 844 insanient

2085 882 2119 919 a
2139 866 2273 933 facie
2294 867 2489 937 gladii,
2512 884 2661 938 quem
2687 885 2775 938 ego
2799 870 3005 923 mittam
3027 872 3083 925 in
3105 874 3331 928 medium
3352 893 3551 933 eorum.
3579 880 3650 933 Et

2084 962 2258 1029 accepi
2303 962 2519 1015 calicem
2560 962 2622 1016 de
2667 979 2828 1016 manu
2871 962 3120 1031 Domini,
3163 977 3210 1020 et
3251 971 3427 1036 potavi
3469 988 3646 1027 omnes

2080 1060 2254 1120 gentes
2305 1052 2373 1105 ad
2404 1070 2532 1122 quas
2564 1056 2707 1107 misit
2735 1072 2813 1108 me
2847 1054 3100 1111 Dominus
3119 1074 3137 1111 :
3166 1058 3465 1116 Jerusalem
3491 1075 3540 1118 et
3569 1067 3649 1119 ci-

2080 1140 2266 1193 vitates
2290 1140 2432 1196 Juda
2453 1182 2467 1206 ,
2496 1160 2638 1213 reges
2666 1145 2779 1213 ejus
2807 1153 2856 1198 et
2886 1147 3145 1215 principes
3176 1150 3289 1219 ejus
3308 1191 3323 1215 ,
3355 1153 3423 1206 ad
3452 1170 3651 1223 ponen-

2077 1232 2205 1284 dum
2234 1249 2322 1287 eos
2352 1235 2406 1287 in
2437 1236 2811 1301 solitudinem,
2840 1238 2898 1290 in
2931 1239 3158 1305 inviam,
3188 1253 3236 1295 et
3266 1243 3321 1296 in
3350 1246 3651 1303 subsanna-

2082 1324 2272 1376 tionem
2295 1341 2312 1377 :
2339 1333 2388 1378 et
2415 1323 2749 1381 Pharaonem
2777 1345 2944 1398 regem
2971 1330 3189 1401 Egypti
3208 1375 3221 1397 ,
3249 1344 3297 1387 et
3324 1352 3510 1404 pueros
3532 1340 3647 1409 ejus

2076 1423 2127 1468 et
2154 1417 2433 1484 optimates
2463 1419 2577 1487 ejus
2610 1420 2652 1450 ’δι
2681 1436 2694 1484 ;
2725 1434 2786 1472 ac
2818 1421 3075 1492 deinceps
3104 1425 3180 1479 ait
3205 1444 3217 1479 :
3255 1425 3323 1479 Et
3352 1445 3528 1485 omnes
3559 1450 3647 1488 re-

2076 1519 2162 1573 ges
2192 1515 2345 1560 terrae
2379 1507 2824 1578 alienigenarum,
2855 1511 3201 1579 Ascalonem,
3232 1516 3435 1572 Gazam
3463 1532 3512 1575 et
3542 1527 3650 1576 Ac-

2076 1614 2321 1652 caronem
2340 1638 2357 1664 ,
2390 1598 2686 1654 Idumwam
2719 1611 2771 1655 et
2809 1601 3153 1661 Moabitidem
3179 1648 3192 1672 ,
3218 1611 3358 1677 ﬁlios
3379 1613 3604 1669 Ammon
3627 1655 3646 1681 ,

2074 1698 2122 1742 et
2151 1707 2323 1745 omnes
2354 1709 2493 1763 reges
2524 1692 2687 1763 Tyri,
2715 1703 2765 1748 et
2792 1712 2969 1751 omnes
3000 1716 3142 1770 rcges
3169 1701 3383 1757 Sidonis
3406 1745 3421 1770 ,
3449 1715 3499 1759 et
3532 1725 3648 1761 om-

2074 1799 2161 1836 nes
2188 1800 2327 1853 reges
2352 1782 2551 1838 Insula:
2576 1795 2723 1840 trans
2750 1804 2894 1842 mare
2921 1789 2986 1844 ι’.
3022 1789 3217 1848 Postea
3244 1811 3375 1850 vero
3402 1799 3483 1852 sic
3511 1815 3649 1856 con-

2074 1874 2245 1928 cludit
2275 1894 2288 1929 :
2320 1875 2469 1929 Dixit
2500 1875 2755 1931 Dominus
2788 1881 3114 1949 omnipotens
3143 1884 3283 1939 Deus
3309 1886 3483 1942 Israel
3505 1907 3525 1945 :
3548 1891 3647 1945 Bi-

2074 1963 2177 2018 bite
2202 1974 2252 2019 et
2284 1966 2649 2032 inebriamini,
2680 1979 2730 2022 et
2760 1973 2973 2026 vometis
2998 2012 3013 2037 ,
3044 1985 3093 2028 et
3126 1980 3481 2043 procumbetis
3502 2021 3518 2047 ,
3551 2001 3644 2041 nec

2072 2057 2350 2125 resurgetis
2376 2074 2407 2111 a
2430 2057 2565 2126 facie
2587 2059 2754 2129 gladii
2773 2101 2787 2124 ,
2811 2078 2961 2131 quem
2983 2080 3076 2133 ego
3101 2068 3306 2120 mittam
3331 2071 3384 2123 in
3413 2074 3640 2129 medium

2072 2149 2246 2200 vestri.
2274 2146 2342 2201 Et
2370 2151 2500 2214 erit,
2527 2151 2575 2203 si
2595 2151 2861 2206 noluerint
2885 2157 3117 2222 accipere
3142 2158 3362 2213 calicem
3387 2161 3451 2217 de
3476 2181 3641 2219 manu

2072 2246 2161 2290 tua
2180 2279 2195 2305 ,
2228 2248 2285 2290 ut
2313 2238 2521 2303 bibant,
2552 2240 2693 2294 dices
2722 2241 2791 2293 ad
2819 2258 2906 2297 eos
2929 2284 2945 2309 ,
2979 2243 3069 2298 Sic
3097 2245 3226 2300 dicit
3251 2248 3510 2307 Dominus
3541 2255 3644 2308 vir-

2071 2337 2238 2383 tutum
2256 2371 2269 2394 ,
2294 2330 2519 2384 bibentes
2550 2330 2732 2386 bibetis
2758 2334 2823 2388 ".
2854 2334 3017 2400 Queis
3040 2337 3323 2405 ediscitur,
3357 2341 3524 2399 Deum
3553 2348 3641 2403 in.

2069 2432 2183 2476 star
2221 2424 2415 2477 medici
2440 2462 2454 2487 ,
2495 2438 2741 2478 amarum
2768 2427 3071 2482 antidotum
3098 2434 3380 2501 egentibus
3407 2436 3637 2505 olierre,

2068 2528 2263 2583 nempe
2302 2514 2722 2584 castigationes,
2755 2524 2814 2569 ut
2844 2528 3130 2585 evomant,
3167 2523 3541 2595 malitiamque
3570 2528 3640 2582 il-

2067 2603 2175 2656 lam
2221 2603 2606 2659 exuberantem
2651 2620 2815 2675 quam
2856 2607 3005 2663 intus
3044 2609 3245 2666 habent
3291 2626 3635 2688 exonerent;

2066 2694 2410 2766 primamque
2441 2694 2744 2753 Jerusalem
2779 2714 2844 2755 eo
2877 2701 3047 2756 calice
3077 2705 3404 2774 potandam;
3439 2707 3638 2766 deinde

2066 2785 2303 2854 reliquas
2343 2798 2530 2857 gentes
2551 2828 2566 2854 ,
2609 2790 2736 2859 quia
2766 2805 2954 2847 omnes
2988 2792 3152 2848 simili
3185 2799 3505 2868 purgatione
3540 2816 3639 2871 per

2064 2877 2244 2933 illatas
2268 2880 2655 2951 castigationes
2682 2886 2979 2939 evacuandi
3002 2896 3151 2943 sunt.
3171 2890 3422 2946 Praesens
3452 2893 3638 2963 itaque

2064 2968 2333 3023 sententia
2373 2971 2599 3040 perinde
2645 2979 2810 3042 atque
2861 2974 3177 3045 prophetica
3226 2978 3316 3033 illa
3351 2980 3635 3048 doctrina,

2064 3060 2286 3114 calicem
2316 3076 2437 3116 esse
2462 3062 2619 3117 docet
2649 3064 2704 3118 in
2738 3079 2903 3120 manu
2932 3066 3148 3123 Domini
3172 3087 3187 3137 ;
3226 3072 3282 3128 in
3310 3089 3419 3144 quo
3448 3078 3638 3147 singu-

2063 3150 2239 3204 lorum
2278 3151 2500 3208 fructus
2542 3156 2842 3224 colligens,
2893 3159 3049 3228 quasi
3081 3176 3292 3217 merum
3328 3166 3510 3220 vinum
3541 3186 3637 3224 ex-

2064 3244 2268 3314 primit.
2311 3243 2515 3300 Deinde
2547 3262 2675 3300 vero
2708 3264 2806 3317 pro
2832 3248 3065 3317 justitim
3098 3255 3331 3321 ralione,
3366 3266 3419 3313 et
3445 3261 3637 3329 cujus-

2062 3351 2167 3406 que
2219 3336 2415 3390 merito
2456 3347 2642 3407 potum
2680 3348 3025 3411 temperans,
3052 3345 3319 3418 cujusque
3354 3352 3634 3409 actionum

2062 3426 2412 3495 proportione
2440 3428 2624 3481 habita
2647 3468 2661 3490 ,
2696 3430 2831 3499 ipsis
2863 3432 3157 3488 blbendum
3194 3439 3468 3508 propinat.
3511 3441 3636 3500 Non

2059 3519 2202 3573 enim
2236 3535 2401 3588 prava
2430 3520 2697 3575 duntaxat
2726 3523 3066 3594 singulorum
3098 3544 3265 3598 opera
3291 3569 3305 3594 ,
3337 3533 3434 3587 sed
3461 3537 3629 3593 etiam

2058 3611 2201 3665 bona
2228 3611 2590 3667 exanninanda
2618 3622 2672 3668 et
2701 3631 2854 3685 aequa
2889 3618 3044 3675 lance
3076 3623 3427 3691 ponderanda
3455 3638 3589 3684 sunt
3624 3677 3630 3683 .

2059 3710 2221 3771 atque
2245 3713 2634 3774 congruentem
2666 3707 3002 3778 singulorum
3036 3716 3296 3781 Operibus
3320 3727 3505 3786 potum
3541 3736 3632 3790 pa-

2058 3808 2182 3848 rare
2222 3810 2360 3864 opus
2410 3805 2513 3851 est.
2544 3796 2700 3863 Quod
2738 3800 2855 3869 ipse
2887 3803 3130 3858 declarat
3161 3806 3246 3862 his
3275 3810 3455 3865 verbis
3483 3830 3496 3865 :
3556 3811 3628 3867 Et

2056 3885 2325 3939 inclinavit
2365 3902 2428 3940 ea:
2472 3887 2567 3940 hoc
2607 3890 2660 3941 in
2706 3891 2840 3953 hoc;
2884 3894 2957 3948 ita
3002 3903 3058 3948 ut
3098 3913 3205 3950 una
3247 3901 3627 3959 commistione

2057 3980 2197 4031 mala
2229 3980 2565 4048 singulorum
2595 3996 2758 4049 opera
2790 3984 2947 4040 bonis
2975 3995 3363 4058 temperentur.
3396 3992 3503 4049 Pro
3534 3996 3627 4050 illo

2056 4079 2237 4124 autem
2257 4110 2272 4131 ,
2308 4070 2595 4126 Inclinavit
2634 4089 2699 4127 ea:
2724 4074 2822 4128 hoc
2851 4077 2907 4129 in
2940 4077 3035 4131 hoc
3055 4119 3070 4143 ,
3114 4080 3507 4155 Symmachus,
3537 4087 3628 4142 Ita

2056 4173 2111 4215 ut
2142 4163 2354 4217 trahant
2381 4164 2444 4216 ab
2473 4167 2586 4234 ipso
2614 4206 2629 4231 ,
2663 4167 3051 4238 interpretatus
3085 4185 3210 4242 est;
3247 4184 3301 4231 et
3341 4186 3398 4231 ut
3437 4180 3626 4237 faecem

2055 4248 2244 4301 bibant
2274 4265 2465 4305 onmes
2496 4261 2817 4320 peccatores
2858 4264 3039 4313 terra}.
3093 4260 3211 4316 Non
3251 4267 3394 4319 enim
3437 4271 3625 4325 mistio

2053 4343 2387 4408 temperata,
2427 4340 2521 4394 sed
2552 4342 2697 4411 quod
2729 4353 3033 4399 extremum
3068 4363 3130 4401 ae
3175 4353 3451 4407 turbidum
3496 4364 3581 4411 est
3605 4398 3622 4424 ,

2052 4430 2297 4497 gravium
2327 4430 2592 4485 scelerum
2620 4433 2727 4487 reis
2755 4445 3082 4492 reservatur.
3114 4437 3293 4504 Quare
3324 4442 3625 4497 secundum

400 4517 709 4587 .ατάλληλον
750 4520 863 4581 τοῖς
918 4518 1146 4572 ἑκάστου
1197 4517 1376 4590 ἔργοις
1421 4518 1838 4589 ἀπεργάσασθαι
1890 4523 1949 4575 τὸ

2066 4513 2439 4587 Symmachum
2464 4522 2671 4576 dictum
2696 4530 2780 4577 est
2801 4543 2812 4577 :
2831 4524 3198 4583 Verumtamen
3213 4532 3365 4599 fceces
3378 4534 3491 4603 ejus
3505 4544 3625 4604 gut-

377 4610 586 4678 κρᾶμα.
621 4610 685 4663 Ὃ
704 4608 768 4679 δὴ
796 4610 1093 4681 παρίστησι
1120 4608 1292 4676 λέγον·
1320 4607 1432 4662 Καὶ
1455 4610 1696 4664 ἔκλινεν
1716 4610 1785 4663 ἐκ
1812 4614 1946 4666 τού-

2054 4618 2206 4670 tatim
2236 4620 2527 4688 expriment
2554 4619 2779 4676 bibentes
2811 4624 3035 4692 improbi
3066 4636 3240 4683 terrte.

377 4719 484 4756 του
516 4706 604 4769 εὶς
640 4705 842 4759 τοῦτο·
895 4705 970 4768 ὡς
1025 4704 1090 4757 ἂν
1139 4704 1239 4774 μία
1276 4702 1495 4771 γένοιτο
1529 4705 1725 4775 κρᾶσις
1762 4705 1872 4760 τῶν
1910 4726 1969 4762 τε
2009 4713 2241 4765 ἑκάστου
2312 4714 2597 4786 μοχθηρῶν
2633 4715 2883 4788 πράξεων
2933 4720 3027 4772 καὶ
3072 4721 3180 4773 τῶν
3223 4722 3624 4795 χρηστοτέρων.

390 4795 534 4848 Ἀντὶ
571 4794 627 4848 δὲ
672 4795 787 4861 τοῦ,
844 4795 1183 4860 Ἐξέκλινεν
1247 4796 1315 4849 ἐκ
1354 4796 1569 4850 τούτου
1614 4800 1702 4863 εἰς
1747 4799 1945 4866 τοῦτο,
1988 4805 2016 4856 ὁ
2054 4805 2367 4877 Σύμμαχος,
2418 4809 2595 4861 Ὥστε
2643 4809 2847 4863 ἕλκειν
2896 4813 2995 4865 ἀπ’
3042 4815 3248 4878 αὑτοῦ,
3291 4818 3624 4888 ἡρμήνευσε·

372 4889 474 4958 τὴν
504 4888 561 4942 δὲ
597 4889 773 4961 τρύγα
813 4891 1049 4944 πιεῖσθαι
1076 4890 1282 4952 πάντας
1310 4891 1435 4952 τοὺς
1462 4891 1815 4963 ἁμαρτωλοὺς
1848 4895 1943 4965 τῆς
1980 4898 2101 4968 γῆς.
2139 4901 2333 4955 Οὐκέτι
2364 4902 2472 4972 γὰρ
2496 4905 2703 4973 κρᾶμα,
2728 4904 2864 4958 ἀλλὰ
2910 4907 2971 4960 τὸ
3013 4907 3236 4977 ἔσχατον
3276 4912 3367 4963 καὶ
3406 4911 3627 4982 θολερὸν

372 4984 485 5046 τοῖς
508 4984 577 5037 τὰ
599 4983 809 5053 μεγάλα
836 4984 1207 5055 ἡμαρτηκόσιν
1237 4985 1639 5039 ἁποκείσεσθαι.
1677 4987 1767 5039 Διὸ
1799 4989 1942 5042 κατὰ
1978 4993 2068 5045 τὸν
2097 4994 2388 5065 Σύμμαχον
2414 4996 2647 5068 εἴρηται·
2677 5000 2851 5068 Πλὴν
2900 5003 3005 5065 τὰς
3065 5005 3308 5072 cpit-flag
3335 5006 3625 5075 ἐκστραγο

376 5076 572 5145 γιοῦσι
605 5081 881 5145 πίνοντες
905 5083 956 5133 οἱ
985 5078 1205 5148 φαῦλοι
1247 5078 1359 5147 τῆς
1391 5080 1523 5150 γῆς.

458 5197 596 5267 Ἐγὼ
624 5197 694 5251 δὲ
715 5198 1030 5268 ἀπαγγελῶ
1055 5202 1140 5264 είς
1168 5200 1273 5253 τὸν
1296 5188 1499 5263 αἰῶνα,
1530 5200 1707 5268 ψαλῶ
1729 5201 1807 5266 τῷ
1826 5201 1946 5266 Θεῷ

384 5286 598 5343 Ἰακώϐ.
634 5289 715 5341 Τὰ
742 5289 839 5359 μὲν
866 5290 1230 5360 προλεχθέντα
1263 5291 1440 5344 πάντα
1469 5288 1596 5344 εἶπα
1624 5296 1737 5355 τοῖς
1770 5310 1948 5364 παραυ

374 5379 633 5449 νομοῦσι,
691 5382 785 5433 καὶ
838 5381 1213 5454 διεστειλάμην
1272 5384 1444 5436 ἅπασι
1507 5385 1942 5455 μαρτυράμενος.

385 5470 526 5538 Ἐγὼ
561 5471 616 5523 δὲ
656 5472 684 5523 ὁ
714 5472 970 5543 ἀνωτέρω
1002 5474 1187 5526 εἰπών·
1226 5473 1592 5543 Διηγήσομαι
1620 5473 1693 5527 τὰ
1719 5474 1942 5545 θαυμά-

370 5561 479 5615 σιά
520 5577 656 5627 σου,
705 5562 848 5616 ὅταν
890 5562 1052 5617 λάϐω
1106 5565 1332 5633 καιρόν·
1391 5566 1482 5618 καί
1527 5564 1688 5618 πάλιν
1742 5568 1937 5636 φήσας·

384 5654 525 5724 Ἐγὼ
570 5656 897 5723 εὐθύτητας
941 5656 1137 5726 κρινῶ·
1192 5656 1287 5710 καὶ
1341 5653 1494 5721 αὖθις
1552 5654 1742 5711 εἰπών·
1803 5657 1944 5710 Ἐννὼ

2120 5201 2284 5259 Vens.
2320 5204 2406 5269 10,
2444 5203 2532 5258 Η.
2569 5204 2679 5275 Ego
2702 5216 2878 5260 autem
2900 5209 3227 5262 annuntiabo
3252 5210 3305 5262 in
3327 5213 3583 5266 smculum
3600 5253 3614 5274 ,

2047 5291 2270 5346 cantabo
2305 5290 2413 5345 Deo
2442 5293 2630 5347 Jacob.
2667 5294 2842 5363 Supra
2876 5308 3175 5351 memorata
3209 5302 3392 5355 omnia
3426 5303 3612 5372 inique

2045 5385 2331 5453 agentibus
2369 5384 2508 5448 dixi,
2551 5393 2606 5440 et
2651 5394 2993 5441 contestatus
3036 5391 3293 5445 omnibus
3345 5402 3617 5463 prrecepta

2044 5471 2191 5527 dedi.
2221 5475 2330 5544 Ego
2354 5489 2482 5528 vero
2504 5476 2595 5543 qui
2620 5476 2873 5545 superius
2897 5477 3039 5541 dixi,
3071 5476 3316 5534 Narrabo
3343 5483 3616 5537 mirabilia

2041 5576 2156 5629 tua,
2188 5583 2304 5618 cum
2336 5583 2579 5633 accepero
2615 5576 2814 5636 tempus
2848 5568 2916 5601 ⁸⁸*
2945 5587 2959 5634 ;
2995 5586 3074 5624 ac.
3090 5586 3309 5625 rursum
3336 5592 3350 5626 :
3388 5574 3500 5644 Ego
3530 5590 3615 5629 rev

2050 5658 2329 5713 ctitudines
2371 5658 2615 5713 iudicabo
2649 5660 2734 5722 δίς
2777 5663 3119 5725 iterumque,
3156 5662 3265 5733 Ego
3305 5666 3617 5736 conﬁrmari

414 5774 485 5841 7“
522 5808 613 5864 Jer
669 5825 795 5871 xxv,
832 5810 1015 5865 {5-19.
1094 5810 1137 5844 “
1176 5812 1308 5867 ibid.
1340 5811 1528 5869 20-‘2‘2.
1608 5814 1651 5848 ³⁵³
1690 5813 1820 5868 ibid.
1847 5813 1919 5867 ‘37
1973 5813 2065 5871 28.
2110 5814 2574 5887 0”'Psal.Lxx1v,
2604 5817 2658 5882 2,
2684 5817 2739 5873 5.
2812 5818 2856 5850 ³³
2884 5818 2991 5874 ibid
3048 5820 3080 5874 5

653 5905 922 5969 Ρηιιοι..
957 5906 1076 5967 Gn.
1110 5909 1341 5969 XXI“.

3175 5917 3255 5979 28
