4078 6432
455 379 562 439 875

1119 380 1384 437 EUSEBH
1423 377 1902 435 CAESA‘RIENSIS
1942 376 2091 432 OPP.
2133 375 2314 431 PARS
2354 375 2440 430 Ill.
2465 405 2533 416 -—
2574 372 2984 428 EXEGETICA.

3592 366 3706 422 8'16

455 501 728 554 columnas
759 515 871 569 ejus
906 500 980 566 ‘5;
1019 508 1303 570 postquam
1338 498 1594 568 praedicta
1641 496 2024 566 peccatoribus

2130 495 2462 562 ἐστερέωσα
2494 491 2636 558 τοὺς
2666 492 2931 554 στύλους
2962 484 3167 555 αὐτῆς·
3190 485 3336 556 μετὰ
3372 502 3431 538 το
3463 484 3706 555 κηρῦξαι

455 591 747 661 praedicari
801 598 854 645 et
906 590 1231 645 testillcatus
1280 606 1435 654 sum,
1468 596 1522 643 et
1552 596 1839 659 postquam
1873 586 2019 657 judi-

454 683 536 738 cis
569 683 1049 736 rationem‘omnes
1074 680 1265 735 edocui
1293 720 1306 744 ,
1338 680 1468 749 quid
1496 679 1687 732 faciam
1710 679 1732 731 ?
1762 676 1827 731 In
1851 694 2020 732 mcu-

404 754 417 801 I’
453 775 568 828 lum
600 773 824 827 cantabo
861 773 969 827 Deo
1000 772 1187 827 Jacob.
1216 772 1353 827 Novi
1382 772 1584 843 quippe
1616 786 1738 825 eum
1772 772 1862 841 qui
1896 770 2020 824 reli-

452 869 592 938 giosi
635 868 734 921 viri
779 867 920 923 Deus
963 874 1080 931 est,
1127 875 1337 937 patrem
1373 883 1497 923 esse
1529 882 1710 921 meum
1748 887 1759 920 :
1808 867 2021 938 ipsique

454 958 722 1025 cantabo,
756 958 859 1029 ipsi
892 960 1156 1028 praeclara
1187 967 1339 1028 gesta
1369 972 1487 1012 mea
1522 957 1879 1011 annuntiabo.
1914 955 2021 1010 Dev

452 1049 581 1104 inde
608 1065 740 1104 vero
771 1059 995 1119 accepta
1027 1066 1055 1103 a
1085 1048 1245 1104 Patre
1267 1048 1547 1118 iudicandi
1578 1055 1844 1119 potestate
1863 1089 1876 1111 ,
1904 1064 2022 1100 om-

453 1142 545 1193 nia
592 1157 796 1194 cornua
842 1150 1176 1209 peccatorum
1218 1140 1589 1209 confringant;
1633 1154 1756 1193 cum
1804 1137 2021 1208 quidem

452 1247 563 1301 quo
591 1242 836 1303 tempore
868 1234 1178 1297 tolerantia,
1218 1232 1479 1301 patientia
1512 1238 1564 1285 et
1598 1230 2023 1286 mansuetudine

454 1322 716 1377 utendum
760 1330 914 1388 erat,
962 1323 1112 1393 ipsos
1156 1322 1344 1378 extolli
1389 1322 1798 1387 concesserim;
1833 1337 2022 1377 verum

458 1414 514 1469 in
549 1414 655 1471 ﬁne
688 1430 894 1470 cornua
936 1430 1125 1470 eorum
1162 1423 1352 1470 contra
1402 1415 1573 1470 Deum
1612 1414 1753 1469 elata
1782 1412 2025 1468 confrin-

446 1526 623 1584 ‘gam;
668 1512 895 1581 viceque
941 1526 1099 1567 versa
1149 1526 1361 1566 cornua
1401 1511 1573 1582 justi,
1609 1511 1736 1580 quia
1784 1510 2025 1565 demissa

457 1609 656 1667 erant,
723 1603 997 1658 exaltabo.
1052 1603 1206 1657 Tunc
1254 1618 1381 1657 vero
1429 1603 1759 1658 exaltabitur
1804 1602 2021 1671 justus,

457 1694 677 1762 quando
708 1708 814 1747 una
845 1709 969 1748 cum
998 1709 1123 1764 rege
1154 1709 1255 1749 suo
1283 1693 1533 1764 regnabit
1558 1693 1855 1749 secundum
1881 1694 2025 1763 Apo-

459 1784 659 1838 stolum
695 1786 788 1854 qui
823 1785 897 1838 ait
922 1803 935 1839 :
962 1783 1230 1839 Primitias
1258 1786 1394 1839 enim
1419 1784 1700 1848 Christus;
1724 1784 1908 1838 deinde
1934 1784 2023 1854 qui

2124 587 2217 638 καὶ
2255 582 2635 656 μαρτύρασθαι
2666 580 2735 634 τὰ
2775 578 3140 652 προλεχθέντα,
3183 580 3294 639 τοῖς
3335 577 3702 647 ἁμαρτωλοῖς,

2125 677 2219 730 καὶ
2255 675 2391 747 μετά
2420 676 2479 727 τὸ
2506 673 2712 739 διδάξαι
2739 672 2828 725 τὸν
2858 672 2985 741 περὶ
3013 669 3112 739 τῆς
3135 669 3367 743 κρίσεως
3392 668 3546 737 λόγον
3574 671 3707 732 τοὺς

2125 770 2353 833 πάντας,
2396 769 2446 820 τί
2484 766 2708 838 «pago;
2754 768 2857 830 Εἰς
2891 764 2997 817 τὸν
3031 760 3215 815 αἰῶνα
3244 761 3422 830 ψαλῶ
3458 761 3539 826 τῷ
3579 762 3705 826 Θεῷ

2138 862 2349 915 Ἰακώϐ.
2385 857 2515 914 Οἶδα
2544 862 2651 931 γὰρ
2677 858 2914 931 ἐμαυτοῦ
2947 857 3156 929 πατέρα
3178 856 3270 908 τὸν
3291 856 3577 925 γενόμενον
3606 856 3703 909 τοῦ

2126 952 2402 1022 θεοφιλοῦς
2433 953 2585 1016 Θεὸν,
2634 951 2870 1019 κάκείνῳ
2910 948 3082 1017 ψαλῶ,
3129 949 3364 1019 κάκείνῳ
3408 949 3705 1019 ἀπαγγελῶ

2124 1043 2192 1096 τὰ
2236 1044 2475 1115 ἐμαυτοῦ
2519 1043 2935 1113 κατορθώματα.
2985 1038 3097 1094 Εἴθ’
3140 1040 3282 1093 οὕτω
3322 1039 3501 1093 λαϐὼν
3550 1040 3706 1111 παρὰ

2125 1135 2219 1188 τοῦ
2272 1136 2484 1207 Πατρὸς
2528 1135 2626 1206 τὴν
2674 1134 2769 1187 τοῦ
2828 1135 3034 1204 κρίνειν
3080 1132 3348 1198 ἐξουσίαν,
3396 1132 3591 1186 πάντα
3629 1133 3707 1187 τὰ

2127 1227 2343 1296 κέρατα
2388 1228 2505 1281 τῶν
2538 1227 2902 1297 ἁμαρτωλῶν
2944 1227 3291 1296 συγκλάσω·
3338 1227 3706 1296 συγχωρήσας

2132 1318 2229 1389 μὲν
2285 1320 2465 1381 αὐτοῖς
2514 1318 2836 1389 ἐπαίρεσθαι
2887 1317 3029 1370 κατά
3069 1317 3267 1387 «καιρὸν
3319 1316 3440 1369 καθ’
3490 1317 3547 1369 ὃν
3595 1315 3704 1369 ἔδει

2128 1410 2431 1480 χρήσασθαι
2484 1412 2545 1481 τῇ
2600 1411 2786 1480 ἀνοχῇ,
2844 1409 2938 1461 καὶ
2980 1412 3043 1479 τῇ
3102 1407 3452 1479 μακροθυμίᾳ
3495 1408 3589 1463 καὶ
3630 1410 3697 1480 τῇ

2129 1502 2472 1572 χρηστότητι·
2512 1502 2650 1572 πλὴν
2694 1504 2785 1554 ἐπὶ
2822 1501 2961 1553 τέλει
2993 1502 3058 1553 τά
3092 1502 3297 1575 κέρατα
3329 1499 3504 1554 αὐτῶν
3540 1518 3702 1554 κατε-

2129 1593 2409 1663 παρθέντα
2449 1593 2542 1646 τοῦ
2587 1593 2719 1647 Θεοῦ
2770 1594 3080 1662 συγκλάσωο
3122 1594 3390 1647 ἀνάπαλιν
3428 1593 3482 1647 δὲ
3511 1594 3578 1647 τὰ
3604 1595 3699 1647 τοῦ

2128 1683 2332 1737 δικαίου
2367 1684 2574 1754 κέρατα
2608 1683 2826 1751 ὑψώσω,
2874 1683 3102 1752 ἐπείπερ
3138 1678 3204 1753 ἦν
3238 1681 3697 1752 τεταπεινωμένα.

2130 1776 2262 1829 Τότε
2309 1776 2365 1829 δὲ
2403 1776 2765 1847 ὑψωθήσεται,
2809 1776 3025 1829 ἐπειδὰν
3067 1775 3438 1848 συμϐασιλεύῃ
3472 1774 3547 1845 τῷ
3576 1776 3702 1829 ἐαυ-

459 1876 660 1930 Christi
692 1887 814 1930 sunt
848 1878 903 1930 in
937 1877 1161 1931 adventu
1189 1878 1301 1946 ejus
1324 1895 1343 1942 ;
1366 1878 1551 1933 deinde
1583 1878 1736 1947 ﬁnis,
1762 1894 1880 1930 cum
1914 1887 2024 1931 tra-

2130 1868 2217 1921 τοῦ
2251 1867 2458 1938 βασιλεῖ
2478 1868 2618 1921 κατὰ
2642 1869 2733 1920 τὸν
2774 1867 3111 1932 ’Λπόστολον,
3137 1868 3195 1930 ὃς
3219 1884 3400 1939 φησιν·
3445 1865 3699 1935 Ἀπαρχή

458 1965 654 2019 diderit
691 1982 906 2036 regnum
946 1967 1053 2020 Deo
1084 1977 1135 2021 et
1174 1968 1358 2034 Patri,
1392 1986 1511 2021 cum
1546 1968 1866 2022 destruxerit
1912 1985 2028 2023 om-

456 2073 575 2111 nem
604 2066 913 2126 potestatem
941 2068 989 2111 et
1026 2061 1271 2113 virtutem
1298 2060 1365 2112 ⁸⁸.
1400 2059 1629 2126 Quando
1657 2060 1867 2115 scilicet
1895 2060 2029 2129 justi

438 2148 582 2217 ,vitaa
616 2150 942 2205 immortalis
982 2152 1212 2207 calicem
1253 2153 1481 2220 bibent;
1522 2168 1683 2223 quem
1726 2153 1862 2222 ipsis
1903 2168 2030 2222 pro-

457 2240 609 2296 misit
646 2242 833 2297 dicens
864 2261 877 2297 :
912 2242 1089 2297 Donec
1130 2243 1307 2297 bibam
1347 2244 1501 2298 illum
1542 2260 1731 2299 novum
1769 2244 2029 2300 vobiscum

456 2331 517 2386 in
549 2349 706 2403 regno
736 2334 982 2388 caelorum
1010 2336 1077 2388 ⁸⁷.

536 2609 590 2663 1.
632 2607 701 2662 ΙΝ
755 2607 991 2670 FINEM,
1032 2608 1100 2663 ΙΝ
1142 2607 1427 2671 HYMNIS,
1470 2609 1796 2667 PSALMUS
1833 2604 1993 2666 lPSl'

777 2678 1028 2744 ASAPH,
1073 2679 1454 2735 CANTICUM.
1500 2680 1710 2735 LXXV.

530 2788 702 2847 Vsus.
737 2790 793 2859 2,
829 2792 882 2846 5.
919 2791 1095 2847 Notus
1122 2793 1177 2846 in
1201 2791 1397 2846 Iudaea
1426 2792 1564 2847 Deus
1584 2834 1598 2858 ,
1625 2794 1679 2847 in
1707 2790 1883 2848 Israel
1912 2809 2030 2847 ma-

458 2897 619 2954 gnum
648 2899 832 2936 nomen
865 2884 1000 2949 eius.
1031 2882 1131 2937 Hic
1164 2885 1407 2953 psalmus
1440 2886 1562 2939 item
1590 2901 1656 2939 ex
1687 2901 1915 2941 numero
1941 2900 2035 2940 eo-

458 2981 693 3028 rum-est
717 2974 810 3040 qui
842 2974 908 3028 ad
930 2975 1133 3029 bonum
1163 2976 1322 3030 ﬁnem
1354 2978 1675 3032 remittunt:
1715 2980 2031 3048 praeceden-

432 3065 816 3136 ‘tique-al‘ﬁnis
838 3107 852 3133 ,
884 3065 951 3120 de
975 3066 1187 3136 judicio
1216 3066 1307 3123 Dei
1339 3068 1505 3123 verba
1544 3068 1692 3123 facit.
1742 3068 1896 3135 Quod
1939 3070 2034 3124 de-

434 3158 651 3227 tinceps
683 3158 768 3212 his
800 3158 982 3212 verbis
1015 3158 1296 3213 declarat:
1328 3158 1406 3213 De
1432 3162 1558 3214 calo
1589 3160 1827 3213 auditum
1858 3162 2032 3231 fecisti

456 3248 721 3318 iudicium
738 3258 918 3315 ,‘terra
942 3252 1151 3304 tremuit
1177 3260 1225 3304 et
1254 3253 1479 3322 quievit,
1504 3269 1622 3305 cum
1646 3263 1948 3325 exsurgeret
1974 3255 2029 3307 in

456 3341 715 3413 iudicium
750 3342 922 3407 Deus,
955 3353 1013 3397 ut
1045 3342 1219 3398 salvos
1272 3344 1468 3414 faceret
1504 3363 1681 3401 omnes
1727 3358 2029 3402 mansuetos

462 3443 637 3489 terrae.
682 3433 749 3488 Et
779 3436 835 3489 in
868 3435 960 3489 illo
1005 3436 1223 3506 quidem
1267 3437 1468 3507 iniquis
1510 3438 1814 3504 dicebatur,
1853 3437 2033 3493 Nolite

458 3526 701 3581 "exaltare
725 3544 887 3581 cornu
905 3568 919 3593 ,
943 3536 993 3581 et
1020 3529 1181 3581 nolite
1202 3529 1455 3583 extollere
1483 3531 1537 3584 in
1565 3530 1733 3583 altum
1758 3547 1923 3585 cornu
1952 3548 2034 3585 re-

460 3626 632 3672 strum
659 3618 743 3683 ⁸⁸;
774 3619 830 3673 in
859 3620 1116 3689 praesenti
1145 3636 1276 3674 vero
1298 3660 1312 3685 ,
1345 3618 1568 3675 Turbati
1596 3631 1718 3675 sunt
1746 3639 1921 3676 omnes
1954 3623 2035 3676 in-

463 3711 708 3780 sipientes
736 3711 909 3765 corde.
946 3711 1284 3766 Dormierunt
1318 3730 1562 3767 somnum
1590 3731 1743 3767 suum
1766 3754 1780 3780 ,
1816 3724 1865 3768 et
1899 3715 2033 3768 nihil

454 3801 769 3855 invenerunt
802 3818 977 3856 omnes
1008 3803 1106 3856 viri
1136 3803 1463 3858 divitiarum.
1494 3802 1560 3857 Hi
1590 3818 1717 3859 vero
1748 3812 1906 3859 erant
1936 3804 2033 3873 qui

456 3908 673 3948 cornua
719 3895 1046 3951 extulerant.
1102 3894 1198 3950 His
1246 3910 1409 3965 porro
1445 3895 1791 3951 altissimum
1840 3897 2033 3967 dogma

452 3986 722 4053 ‘traditur,
758 3994 818 4040 ut
863 3987 1101 4041 sciamus
1146 3987 1240 4056 qui
1283 3988 1353 4041 sit
1386 4003 1547 4043 verus
1570 3986 1777 4052 Israel,
1821 3994 1874 4043 et
1915 4002 2036 4057 quas

455 4078 538 4132 'sit
565 4078 687 4148 elus
738 4078 1041 4133 secundum
1081 4086 1284 4133 rectam
1323 4094 1615 4150 veramque
1646 4080 1909 4134 rationem
1943 4095 2033 4135 re—

455 4169 588 4239 ‘gio,
625 4184 745 4239 qua:
777 4176 1005 4224 vocatur
1032 4168 1257 4237 Iudaea;
1293 4185 1414 4239 quae
1461 4170 1592 4225 item
1646 4185 1773 4225 vera
1814 4169 2037 4226 Jerusa-

473 4278 567 4318 ,λιιι
588 4300 601 4325 ,
623 4260 767 4330 quod
786 4261 877 4315 Dei
896 4261 1251 4315 domicilium.
1276 4259 1401 4315 Haec
1425 4260 1660 4331 Spiritus
1686 4263 2035 4332 propheticus

2128 1961 2238 2030 γὰρ
2261 1960 2532 2028 Χριστός·
2568 1956 2695 2013 εἶτα
2720 1962 2773 2013 οἱ
2794 1960 2897 2013 τοῦ
2930 1959 3185 2028 Χριστοῦ
3214 1959 3284 2012 ἐν
3304 1959 3376 2027 τῇ
3402 1958 3704 2027 παρουσίᾳ

2129 2050 2333 2103 αὑτοῦ·
2370 2047 2497 2103 εἶτα
2526 2050 2592 2103 τὸ
2620 2050 2810 2114 τέλος,
2857 2049 3004 2102 ὅταν
3046 2048 3346 2118 παραδιδῷ
3384 2048 3498 2116 τὴν
3517 2049 3703 2112 ,ϐασι-

2128 2138 2301 2189 λείαν
2329 2136 2407 2200 τῷ
2438 2135 2558 2201 Θεῷ
2586 2136 2684 2189 καὶ
2711 2137 2913 2205 Πατρὶ,
2951 2137 3095 2190 ὅταν
3121 2137 3468 2207 καταργήσῃ
3496 2135 3705 2191 πᾶσαν

2128 2227 2418 2292 ἐξουσίαν
2447 2226 2545 2279 καὶ
2574 2227 2849 2295 δύναμιν.
2896 2228 3023 2279 Ὅτε
3065 2229 3158 2280 καὶ
3193 2229 3404 2283 πίονται
3430 2230 3477 2280 οἱ
3506 2228 3703 2280 δίκαιοι

2132 2320 2389 2389 ποτήριον
2437 2317 2581 2390 ζωῆς
2623 2318 2911 2373 ἀθανάτουο
2959 2321 3093 2391 ὅπερ
3142 2320 3324 2383 αὐτοῖς
3373 2318 3702 2389 ἐπήγγελται

2131 2409 2316 2463 εἰπών’
2351 2410 2498 2475 Ἕως
2524 2410 2600 2465 ἂν
2627 2413 2740 2464 πίω
2774 2412 2917 2465 αὐτὸ
2950 2413 3159 2465 καινὸν
3190 2414 3317 2481 μεθ’
3342 2411 3509 2481 ὑμῶν
3534 2413 3603 2465 ἐν
3628 2412 3704 2481 τῇ

2126 2502 2411 2568 βασιλείᾳ
2441 2502 2559 2554 τῶν
2588 2502 2858 2571 οὐρανῶν

2132 2616 2240 2668 ΕΙΣ
2272 2618 2357 2670 ΤΟ
2385 2618 2623 2683 ΤΕΛΟΣ,
2651 2619 2742 2671 ΕΝ
2764 2620 3053 2758 ἔέἷίΝΟᾶἓῖ
3082 2620 3370 2673 ΨΑΛΜΟΣ
3397 2620 3483 2690 Τῼ
3505 2618 3703 2682 ama,

2204 2793 2486 2858 Γνωστός
2515 2795 2585 2847 ἐν
2613 2794 2690 2864 τῇ
2727 2794 2977 2863 Ἰουδαίᾳ
3003 2798 3034 2848 ό
3062 2795 3224 2862 Θεὸς,
3255 2796 3324 2849 ἐν
3350 2795 3429 2860 τῷ
3466 2795 3705 2864 Ἰσραὴλ

2126 2887 2281 2956 μέγα
2304 2886 2368 2939 τὸ
2384 2882 2570 2956 ὄνομα
2594 2887 2799 2941 αὑτοῦ.
2823 2888 2941 2941 Τῶν
2959 2889 3045 2941 ἐπ’
3068 2888 3268 2957 ἀγαθὸν
3288 2887 3437 2950 τέλος
3462 2889 3704 2958 ἀναπεμ-

2133 2978 2339 3031 πόντων
2362 2980 2453 3031 καὶ
2471 2981 2498 3031 ὁ
2521 2978 2709 3050 παρὼν
2736 2979 2990 3049 τυγχάνει
3024 2979 3257 3050 ψαλμός.
3286 2981 3504 3050 Συνᾴδει
3536 2980 3590 3031 δὲ
3628 2978 3704 3048 τῷ

2135 3070 2240 3141 πρὸ
2274 3068 2460 3136 αὐτοῦ,
2496 3072 2621 3134 τοὺς
2664 3071 2791 3141 περὶ
2818 3074 2917 3142 τῆς
2947 3070 3178 3140 κρίσεως
3205 3070 3296 3124 τοῦ
3336 3070 3467 3123 Θεοῦ
3513 3070 3706 3136 λόγους

2134 3164 2421 3235 περιέχων.
2473 3164 2536 3216 '0
2578 3162 2641 3233 δὴ
2692 3162 2991 3233 παρίστησι
3026 3162 3247 3231 φάσκων
3280 3162 3423 3232 ἑξῆς·
3471 3162 3565 3215 Ἐκ
3592 3159 3704 3214 τοῦ

2133 3255 2392 3325 οὐρανοῦ
2423 3252 2751 3325 ἢκόντισας
2776 3256 2996 3324 κρίσιν,
3032 3253 3106 3324 τῆ
3138 3254 3399 3323 ἐφοϐήθη
3426 3254 3524 3307 καὶ
3551 3253 3707 3321 ήσύ-

2133 3362 2324 3417 χασεν
2352 3348 2423 3401 ἐν
2450 3347 2530 3412 τῷ
2563 3346 2900 3416 ἀναστῆναι
2929 3349 3017 3412 είς
3044 3348 3247 3415 κρίσιν
3278 3346 3385 3400 τὸν
3420 3346 3569 3399 Θεὸν
3597 3342 3703 3399 τοῦ

2132 3437 2327 3492 σῶσαι
2351 3436 2580 3504 πάντας
2608 3437 2750 3503 τοὺς
2770 3437 2977 3505 πραεῖς
2996 3436 3108 3506 τῆς
3127 3436 3258 3506 γῆς.
3288 3436 3398 3490 Καὶ
3424 3439 3481 3489 ἐν
3510 3435 3704 3505 ἐκείνῳ

2136 3531 2234 3602 μὲν
2270 3531 2485 3600 ἐλέγετο
2525 3532 2636 3594 τοῖς
2664 3529 3077 3601 παρανομοῦσι·
3114 3528 3211 3598 Μὴ
3246 3529 3475 3598 ὐψοῦτε
3504 3529 3701 3597 κέρας,

2133 3624 2231 3677 καὶ
2256 3623 2341 3693 μὴ
2374 3623 2644 3690 ἐπαίρετε
2671 3625 2757 3685 εἰς
2780 3621 2937 3689 ὕψος
2959 3622 3022 3675 τὸ
3050 3622 3222 3690 κέρας
3241 3619 3424 3690 ὑμῶν·
3457 3622 3514 3674 ἐν
3540 3620 3601 3674 δὲ
3628 3620 3704 3690 τῷ

2136 3714 2274 3784 μετά
2314 3714 2518 3784 χεῖρας·
2582 3710 3046 3779 Ἐταράχθησαν,
3103 3711 3287 3781 φησὶν,
3332 3714 3385 3763 οἱ
3422 3712 3703 3765 ἁσύνετοι

2134 3804 2208 3873 τῇ
2235 3803 2466 3873 καρδίᾳ·
2496 3803 2786 3857 ὕπνωσαν
2808 3802 3003 3855 ὕπνον
3021 3801 3237 3865 αὐτῶν,
3266 3800 3363 3855 καὶ
3385 3804 3498 3870 οὐχ
3524 3797 3705 3868 εὗρον

2134 3894 2315 3949 οὐδὲν
2359 3892 2581 3958 πάντες
2619 3895 2673 3947 οἱ
2716 3891 2931 3961 ἄνδρες
2969 3890 3075 3945 τοῦ
3114 3892 3401 3945 πλούτου.
3457 3884 3615 3943 Οὗτοι
3647 3890 3704 3942 δὲ

2132 3983 2272 4059 ἦσαν
2316 3989 2362 4040 οἱ
2409 3987 2477 4041 τά
2518 3985 2725 4057 κέρατα
2771 3982 3046 4053 ὑψοῦντες.
3083 3983 3334 4037 Παιδεύει
3377 3984 3432 4037 δὲ
3475 3984 3563 4036 διὰ
3597 3983 3704 4036 τῶν

2134 4078 2505 4149 προκειμένων
2541 4078 2569 4129 ὁ
2606 4076 2761 4145 λόγος
2804 4074 2977 4145 δόγμα
3009 4074 3323 4145 βαθύτατον,
3355 4076 3429 4138 ὼς
3460 4075 3522 4127 ἂν
3548 4074 3705 4127 εἰδεί-

2133 4186 2273 4239 ημεν
2317 4168 2399 4231 τίς
2441 4167 2571 4220 ποτέ
2602 4169 2751 4219 ἐστιν
2784 4168 2813 4219 ὁ
2846 4166 3098 4236 ἀληθινὸς
3141 4168 3377 4238 Ἰσραὴλ,
3420 4168 3513 4220 καὶ
3549 4166 3633 4229 τίς
3668 4168 3701 4238 ἡ

2133 4262 2319 4312 τούτου
2358 4258 2500 4312 κατά
2528 4259 2618 4313 τὸν
2662 4257 2832 4329 ἀληθῆ
2871 4257 3027 4325 λόγον
3065 4257 3216 4328 χώρα
3262 4259 3296 4328 ἡ
3330 4255 3700 4329 ὀνομαζομένη

450 4353 797 4425 praecellenti
842 4352 1109 4421 sapientia
1155 4352 1464 4421 dispensat,
1520 4359 1681 4421 atque
1711 4368 1815 4405 una
1846 4353 1912 4408 iis
1942 4353 2028 4423 qui

2149 4352 2394 4406 Ἰουδαίου
2426 4351 2509 4414 τίς
2533 4369 2593 4403 τε
2629 4353 2662 4423 ἡ
2696 4349 2923 4420 ἀληθινὴ
2978 4348 3351 4419 Ἰερουσαλὴμ,
3392 4352 3485 4401 καὶ
3525 4352 3705 4402 ὁποῖον

463 4444 734 4515 ahjectius
766 4443 994 4497 Judaico
1024 4459 1175 4498 more
1199 4458 1312 4497 rem
1339 4443 1683 4513 intelligunt,
1705 4444 2028 4513 voluptatem

2135 4443 2195 4497 τὸ
2215 4443 2306 4496 τοῦ
2322 4442 2456 4495 Θεοῦ
2476 4443 2807 4512 οἰκητήριον.
2834 4441 3015 4494 Ταῦτα
3042 4442 3101 4494 τὸ
3120 4441 3457 4513 προφητικὸν
3479 4441 3705 4512 Πνεῦμα

462 4535 538 4589 ob
567 4534 849 4588 nominum
888 4533 1305 4589 similitudinem
1346 4533 1540 4599 affert;
1582 4548 1676 4587 eos
1721 4542 1900 4589 autem
1943 4537 2028 4605 qui

2144 4535 2260 4605 μεθ’
2281 4533 2723 4605 ὑπερϐαλλούσης
2753 4534 2943 4602 σοφίας
2966 4535 3255 4603 οίκονομεῖ’
3288 4529 3422 4603 όμοῦ
3464 4532 3556 4585 καὶ
3594 4532 3707 4593 τοῖς

465 4625 792 4697 speculandi
823 4627 871 4679 vi
907 4625 1119 4696 praediti
1152 4633 1281 4680 sunt
1307 4623 1508 4680 divinis
1540 4626 1805 4680 inStitutis
1833 4627 2028 4683 erudit.

2139 4623 2533 4694 ταπεινώτερον
2559 4624 2652 4677 καὶ
2694 4621 3022 4676 Ἰουδαῖκώτε
3033 4639 3120 4693 ρον
3145 4620 3513 4691 ἀκροωμένοις
3542 4619 3603 4671 Ou
3612 4636 3708 4689 μη-

456 4715 685 4772 'Judaeus
708 4717 892 4787 itaque
914 4716 1005 4786 qui
1033 4716 1168 4770 nihil
1195 4715 1340 4770 aliud
1361 4725 1444 4770 est
1463 4755 1478 4778 ,
1501 4731 1661 4785 quam
1683 4732 1813 4770 caro
1832 4724 1885 4770 et
1907 4732 2028 4771 san-

2138 4714 2257 4767 δίαν
2291 4715 2533 4786 παρέχον
2572 4714 2657 4767 διά
2698 4714 2797 4782 τῆς
2841 4712 3157 4783 ὁμωνυμίας
3194 4712 3300 4766 τῶν
3342 4711 3705 4780 δηλουμένων,

466 4807 589 4879 guis
612 4849 627 4874 ,
658 4809 866 4861 carnali
892 4815 946 4861 et
970 4820 1233 4875 corporeo
1263 4821 1413 4860 more
1442 4805 1556 4859 hac
1582 4806 1763 4861 audiet
1791 4824 1803 4872 ;
1834 4806 2028 4863 deinde

2137 4808 2272 4879 ὁμοῦ
2325 4810 2418 4861 καὶ
2470 4810 2593 4870 τοὺς
2639 4806 2999 4878 θεωρητικοὺς
3064 4803 3402 4873 παιδεύματα
3459 4800 3707 4853 διδάσκον

460 4914 594 4954 vero
629 4899 942 4962 extolletur,
976 4913 1141 4952 sensu
1173 4897 1358 4951 carnis
1389 4912 1501 4951 sum
1545 4904 1747 4952 temere
1776 4896 2028 4966 inﬂatus,

2140 4882 2296 4953 θείων
2325 4900 2627 4970 δογμάτων.
2658 4899 2716 4951 Ὀ
2749 4898 2847 4968 μὲν
2880 4890 2971 4950 οῦν
3013 4895 3279 4957 Ἰουδαῖος,
3301 4893 3460 4945 πλέον
3493 4892 3643 4944 οὐδὲν
3670 4892 3704 4961 ἦ

463 5008 642 5063 neque
666 5000 828 5063 caput
855 4999 1047 5046 tenens
1070 4989 1371 5046 secundum
1398 4988 1455 5043 S.
1485 4990 1824 5060 Apostolum.
1854 4990 2028 5057 Quare

2140 4993 2277 5063 σὰρξ
2311 4993 2405 5045 καὶ⁸
2442 4988 2579 5062 αἷμα
2612 4989 2911 5059 τυγχάνων,
2960 4987 3225 5058 σαρκίνως
3262 4985 3353 5038 καὶ
3384 4982 3708 5054 σωματικῶς

463 5098 525 5137 se
556 5082 809 5137 lsraelem
840 5096 994 5144 esse,
1032 5088 1193 5151 atque
1222 5078 1486 5143 Judaaam,
1524 5079 1659 5133 nihil
1692 5080 1840 5134 aliud
1867 5096 2028 5151 quam

2135 5082 2424 5137 ἀκούσεται
2460 5082 2566 5136 τῶν
2599 5080 2994 5151 προκειμένωνο
3041 5079 3274 5132 κᾶπειτα
3317 5074 3704 5145 ἐπαρθήσεται,

461 5171 876 5229 ΡαΙωεῑίηοτυηι
914 5174 1190 5242 regionem
1228 5188 1350 5228 esse
1392 5171 1640 5242 putabit;
1684 5171 1869 5227 locum
1901 5188 2028 5227 vero

2133 5176 2253 5244 είκῇ
2282 5174 2637 5244 φυσιούμενος
2665 5172 2769 5225 ὑπὸ
2799 5170 2891 5224 τοῦ
2916 5170 3034 5233 νοὸς
3057 5170 3157 5239 τῆς
3185 5165 3383 5239 σαρκὸς
3405 5165 3589 5227 αὑτοῦ,
3614 5166 3707 5217 καὶ

460 5261 558 5317 Dei
593 5278 691 5333 pro
725 5271 946 5318 terrena
988 5261 1290 5317 Jerusalem
1324 5262 1586 5317 habebit:
1629 5263 1884 5331 quoniam
1929 5263 2028 5319 He-

2132 5267 2192 5318 οὐ
2220 5266 2434 5337 κρατῶν
2471 5267 2569 5337 τὴν
2598 5263 2836 5334 κεφαλὴν
2864 5262 3004 5317 κα.τά
3045 5261 3135 5313 τὸν
3176 5260 3316 5330 ἱερὸν
3366 5256 3707 5310 ’Δπόστολον.

462 5353 650 5407 braica
681 5354 844 5408 lectio
871 5355 927 5408 in
960 5353 1141 5409 Salem
1168 5356 1359 5408 locum
1403 5354 1524 5424 ejus
1564 5351 1769 5406 factum
1800 5369 1922 5409 esse
1954 5356 2028 5409 di-

2135 5357 2225 5410 Διὸ
2264 5357 2455 5409 ἑαυτὸν
2503 5356 2602 5432 μὲν
2640 5352 2775 5408 εἶναι
2815 5354 2905 5407 τὸν
2950 5351 3164 5423 Ἰσραὴλ
3198 5354 3460 5423 οἰήσεται,
3493 5350 3587 5402 καὶ
3609 5347 3709 5419 τὴν

456 5443 576 5497 ιοὶιε
613 5460 721 5514 quo
753 5446 882 5498 item
918 5446 1082 5499 modo
1123 5446 1320 5515 reliqui
1366 5445 1727 5516 interpretes,
1759 5448 1813 5501 in
1855 5445 2028 5501 Salem

2147 5448 2404 5501 Ἰουδαίαν
2430 5448 2534 5500 οὐδ’
2580 5447 2772 5517 ἑτέραν
2815 5443 2952 5499 εἶναι
2982 5445 3081 5514 τῆς
3114 5443 3484 5497 Παλαιστίνων
3503 5439 3706 5512 χώρας,

464 5534 755 5602 videlicet,
786 5537 1098 5592 ediderunt.
1142 5538 1247 5603 Qui
1279 5553 1411 5593 vero
1449 5538 1631 5593 divina
1675 5539 1916 5594 imbutus
1953 5539 2028 5591 di-

2137 5538 2351 5592 καὶτὸν
2391 5540 2552 5593 τόπον
2595 5537 2689 5590 τοῦ
2732 5537 2888 5599 Θεοῦ,
2928 5536 3025 5605 τὴν
3063 5535 3153 5587 ἐπὶ
3178 5537 3280 5606 γῆς
3333 5530 3685 5603 Ἰερουσαλήμ

463 5625 697 5695 sciplina
739 5635 859 5690 est,
909 5644 1033 5681 cum
1078 5629 1393 5693 edidicerit,
1443 5645 1550 5685 non
1600 5646 1790 5685 omnes
1837 5631 1929 5701 qui
1970 5646 2028 5685 ex

2139 5630 2496 5702 ἐπειδήπερὴ
2539 5629 2798 5701 Ἐϐραϊκὴ
2838 5626 2985 5692 λέξις
3024 5627 3265 5697 περιέχει
3294 5628 3351 5679 ἐν
3388 5626 3575 5696 Σαλὴμ
3616 5641 3710 5692 γε·

539 5780 584 5812 ⁴⁸
622 5779 764 5837 Psal.
800 5798 987 5850 um,
1019 5782 1085 5853 4,
1118 5785 1150 5837 5
1247 5786 1292 5819 ⁸ο
1331 5785 1349 5838 l
1382 5787 1506 5843 Cor.
1546 5806 1635 5855 xv,
1666 5791 1757 5858 95,
1793 5792 1881 5845 ‘24.
1960 5792 2000 5821 ⁸⁷
2044 5788 2225 5844 Matth.
2268 5804 2390 5843 xxvl
2413 5830 2426 5856 ,
2461 5788 2550 5844 29.
2628 5789 2672 5821 ⁸⁸
2713 5787 2857 5843 Psal.
2893 5801 3074 5853 LXXIV,
3109 5786 3160 5852 5,
3192 5784 3241 5839 6.
