4078 6432
356 422 458 478 877

1470 426 1969 481 COMMENTARIA
2009 429 2075 483 iN
2111 429 2448 488 PSALMOS.

3481 437 3582 490 878

351 535 563 605 γονέναι
588 535 676 588 τὸν
703 533 863 589 τόπον
886 534 1069 590 αὐτοῦ·
1101 537 1194 591 καὶ
1217 539 1265 591 οἱ
1297 538 1472 592 λοιποὶ
1507 539 1563 593 δὲ
1595 542 1918 612 ἑρμηνευταὶ

2024 542 2223 600 lsraele
2268 551 2424 610 sunt,
2466 544 2628 599 Israel
2662 561 2822 601 esse:
2874 562 3047 617 neque
3090 557 3356 617 quotquot
3398 565 3585 606 semen

350 629 537 682 τοῦτον
566 629 909 700 ἡρμήνευσαν
934 631 1023 682 τὸν
1049 631 1272 702 τρόπον,
1294 632 1365 684 ἐν
1389 632 1601 702 Σαλὴμ
1629 633 1919 688 ἐκδεδωκό-

349 737 463 782 τες.
516 720 573 772 Ὀ
600 719 655 772 δὲ
677 722 790 783 τοῖς
816 719 978 784 θείοις
999 721 1231 792 δόγμασι
1264 739 1328 794 με
1338 723 1762 793 μαθητευμένος,
1797 743 1920 778 παι-

349 809 578 875 δευθεὶς,
609 812 690 864 ὅτι
718 813 780 864 οὐ
814 812 1015 876 πάντες
1051 815 1099 866 oi
1130 813 1188 880 ἐξ
1236 814 1451 885 Ἰσραὴλ
1488 807 1631 868 οὗτοι
1678 817 1916 888 Ἰσραὴλ,

353 903 469 955 οὐδὲ
515 904 627 956 ὅσοι
669 904 888 975 σπέρμα
939 905 1188 976 Ἀϐραάμ
1226 909 1352 970 εἰσι,
1379 908 1594 971 «πάντες
1633 909 1812 962 τέκνα·
1857 910 1917 962 οὐ

348 992 457 1065 γὰρ
471 993 720 1046 τὰτέκνα
744 995 842 1064 τῆς
870 996 1068 1065 σαρκὸς
1090 996 1259 1050 ταῦτα
1280 999 1442 1052 τέκνα
1492 1000 1584 1053 τοῦ
1615 1001 1768 1066 Θεοῦ,
1787 1001 1920 1056 ἀλλὰ

347 1081 418 1134 τὰ
444 1083 610 1136 τέκνα
651 1084 750 1154 τῆς
788 1085 1117 1153 ἐπαγγελίας
1147 1087 1420 1155 λογίζεται
1464 1091 1542 1152 εἰς
1574 1090 1811 1162 σπέρμα·
1841 1090 1919 1144 ἔτι

345 1189 407 1226 τε
449 1174 760 1237 ἐπακούσας
803 1175 897 1228 τοῦ
944 1177 1107 1230 αὑτοῦ
1155 1178 1474 1233 Ἀποστόλου
1515 1177 1782 1250 λέγοντος,
1839 1185 1920 1236 Οὐ

348 1262 458 1334 γὰρ
498 1268 532 1318 ὁ
575 1265 645 1318 ἐν
695 1264 776 1330 τῷ
799 1267 1032 1336 φανερῷ
1079 1269 1356 1336 Ἰουδαῖός
1387 1272 1578 1336 ἐστιν,
1613 1273 1753 1327 οὐδὲ
1787 1275 1825 1341 ἡ
1853 1277 1923 1328 ἐν

347 1352 428 1420 τῷ
455 1356 688 1425 φανερῷ
716 1358 785 1410 ἐν
816 1358 992 1426 σαρκὶ
1027 1361 1327 1430 περιτομή·
1357 1363 1494 1416 ἀλλ’
1512 1348 1562 1416 ’ὁ
1585 1364 1655 1417 ἐν
1677 1363 1757 1429 τῷ
1781 1383 1921 1434 κρυ-

347 1445 476 1511 πτῷ
527 1447 824 1514 Ἰουδαῖος,
878 1450 975 1503 καὶ
1021 1452 1302 1520 περιτομὴ
1354 1453 1603 1522 καρδίας
1641 1455 1712 1508 ἐν
1746 1458 1922 1509 πνεύ-

342 1556 504 1608 ματι,
540 1542 610 1593 οὐ
641 1540 949 1610 γράμματι·
984 1537 1056 1596 οὗ
1091 1544 1124 1595 ό
1161 1542 1406 1607 ἔπαινος
1444 1545 1555 1597 οὐκ
1596 1543 1666 1608 ἐξ
1704 1545 1923 1614 ἀνθρὼ-

348 1644 498 1696 πων,
545 1633 678 1686 ἀλλ’
721 1632 789 1684 ἐκ
834 1631 941 1684 τοῦ
989 1632 1154 1686 Θεοῦ·
1204 1635 1295 1686 καὶ
1342 1633 1521 1688 πάλιν·
1578 1635 1768 1704 Ἡμεῖς
1811 1637 1922 1705 γάρ

345 1725 535 1794 ἐσμεν
565 1725 633 1778 ἐν
663 1725 948 1796 περιτομῇ
981 1728 1034 1779 οἱ
1062 1727 1131 1778 ἐν
1163 1726 1453 1794 πνεύματι
1495 1725 1643 1779 Θεοῦ
1671 1729 1920 1795 ,λατρεύ-

345 1834 538 1883 οντες,
571 1816 668 1870 καὶ
693 1820 802 1872 οὐκ
833 1819 902 1871 ἐν
929 1817 1104 1886 σαρκί
1132 1819 1496 1883 πεποιθότες·
1539 1816 1618 1869 ἔτι
1662 1819 1766 1889 μὴν
1804 1820 1923 1872 ἐπι-

2019 634 2322 701 Abraham,
2362 636 2502 692 ﬁlios
2544 638 2668 706 ejus
2709 652 2831 692 esse
2867 657 2881 692 :
2916 653 3025 692 non
3057 639 3202 692 enim
3236 640 3330 694 lilii
3361 643 3544 697 carnis
3568 682 3584 706 ,

2021 724 2056 779 ii
2089 725 2182 778 lilii
2217 725 2309 782 Dei
2344 733 2503 796 sunt,
2536 725 2631 782 sed
2676 727 2768 781 lilii
2815 729 3230 797 promissionis,
3276 729 3312 782 ii
3358 745 3456 798 pro
3498 745 3587 786 se-

2020 817 2166 872 mine
2199 827 2624 889 computantur;
2655 835 2780 874 cum
2813 821 3046 875 audierit
3089 822 3216 876 item
3259 823 3393 877 illud
3439 825 3588 895 Apo—

2021 905 2146 959 stoli
2177 906 2414 973 dictum,
2451 907 2574 961 Non
2606 908 2742 961 enim
2781 910 2869 977 qui
2911 911 2963 962 in
3009 911 3320 980 manifesto,
3364 913 3584 969 Judwus

2019 1004 2096 1049 est
2117 1033 2132 1060 ,
2162 1013 2318 1066 neque
2347 1014 2462 1068 qua:
2490 998 2545 1051 in
2580 999 2860 1066 manifesto
2903 1001 2958 1052 in
2987 1017 3142 1054 carne
3181 1011 3257 1055 est
3306 1004 3587 1058 circumci-

2020 1087 2136 1149 sio;
2163 1090 2250 1141 sed
2272 1089 2361 1158 qui
2382 1090 2435 1142 in
2459 1090 2785 1152 abscondito,
2806 1090 3026 1146 Judwus
3051 1103 3164 1146 est:
3185 1103 3234 1147 et
3256 1095 3587 1149 circumcisio

2023 1177 2195 1232 cordis
2224 1180 2282 1232 in
2315 1180 2529 1248 spiritu,
2565 1196 2666 1233 non
2699 1180 2898 1245 littera,
2931 1183 3081 1250 cujus
3116 1185 3235 1238 laus
3266 1202 3369 1239 non
3400 1201 3464 1239 ea:
3493 1186 3587 1241 Ito-

2023 1269 2283 1333 minibus,
2317 1271 2406 1323 sed
2436 1285 2504 1328 ea:
2539 1270 2648 1324 Deo
2677 1280 2754 1324 est
2789 1271 2862 1338 Μ’;
2896 1287 2960 1326 ac
3001 1288 3220 1328 rursum
3242 1314 3255 1339 ,
3306 1274 3420 1329 Nos
3449 1279 3588 1330 enim

2021 1376 2201 1413 sumus
2229 1359 2285 1412 in
2313 1360 2709 1414 circumcisione
2735 1362 2822 1431 qui
2855 1363 2909 1415 in
2953 1364 3139 1431 spiritu
3175 1363 3272 1417 Dei
3295 1367 3546 1420 servimus
3569 1405 3586 1430 ,

2021 1467 2181 1522 neque
2224 1453 2278 1504 in
2324 1468 2482 1506 carne
2520 1452 2836 1521 conﬁdimus
2867 1455 2954 1521 5°;
2994 1471 3117 1509 cum
3161 1456 3590 1512 consideraverit

2021 1543 2184 1596 etiam
2219 1543 2350 1598 illud
2372 1583 2386 1608 ,
2421 1543 2681 1612 Respicite
2724 1543 2900 1598 Israel
2940 1548 3225 1600 secundum
3274 1565 3485 1602 carnem
3515 1551 3585 1612 ⁸⁸,

2021 1640 2208 1703 utpote
2248 1635 2455 1690 scilicet
2492 1637 2598 1690 alio
2637 1638 2967 1703 exsistente,
2998 1639 3090 1709 qui
3129 1656 3240 1693 non
3283 1642 3585 1696 secundum

2021 1740 2241 1780 carnem
2261 1765 2277 1790 ,
2310 1726 2406 1783 sed
2433 1729 2733 1783 secundum
2767 1730 3018 1800 spiritum
3049 1747 3213 1787 verus
3254 1731 3421 1788 Israel
3458 1743 3584 1801 est;

2021 1815 2135 1871 haec
2165 1818 2394 1874 edoctus
2414 1859 2428 1883 ,
2460 1833 2648 1876 verum
2680 1821 2934 1877 lsraelem
2964 1823 3213 1878 admittet
3243 1840 3366 1880 eum
3397 1827 3490 1895 qui
3518 1844 3585 1881 ex

347 1910 552 1979 στήσας
578 1910 657 1972 τὸ,
692 1909 952 1963 Βλέπετε
996 1908 1100 1962 τὸν
1144 1908 1377 1978 Ἰσραὴλ
1410 1909 1560 1962 κατὰ
1589 1908 1803 1978 σάρκα,
1844 1912 1918 1976 ὡς

2020 1922 2184 1978 opere
2210 1909 2634 1967 demonstratur.
2665 1912 2872 1968 Nomen
2902 1929 3064 1984 porro
3093 1916 3357 1984 accipitur
3389 1933 3489 1987 pro
3519 1935 3586 1973 eo

345 2001 534 2073 ἑτέρου
567 2001 718 2065 ὄντος
749 2000 842 2054 τοῦ
875 2003 948 2072 μὴ
973 2001 1112 2055 κατὰ
1146 2003 1342 2070 σάρκα,
1378 2001 1513 2054 ἀλλὰ
1535 2001 1674 2054 κατὰ
1703 2003 1918 2074 πνεῦμα

2021 2000 2112 2070 qui
2146 2001 2280 2056 videt
2312 2004 2520 2067 Deum;
2551 2020 2680 2075 ergo
2721 2005 2897 2059 virum
2945 2009 3344 2077 perspicacem,
3389 2011 3586 2065 notitia

344 2094 596 2164 ἀληθινοῦ
641 2095 873 2165 Ἰσραήλ·
901 2094 1106 2158 τούτοις
1140 2093 1640 2164 μεμαθητευμένος,
1671 2093 1760 2146 τὸν
1792 2093 1921 2164 ἀλη-

346 2187 488 2240 θινὸν
533 2186 746 2258 Ἰσραὴλ
777 2185 1048 2250 ἐκδέξεται
1080 2181 1216 2240 εἶναι
1246 2185 1337 2238 τὸν
1369 2187 1434 2239 ἐκ
1468 2185 1562 2238 τοῦ
1599 2187 1920 2258 πράγματος

347 2279 758 2350 σημαινόμενον.
793 2276 1285 2348 Μεταλαμϐάνεται
1307 2274 1438 2347 γοῦν
1464 2277 1698 2348 τοῦνομα
1724 2281 1802 2342 είς
1828 2280 1918 2332 τὸν

343 2373 553 2444 ὁρῶντα
578 2372 669 2425 τὸν
699 2372 849 2424 Θεόν·
879 2371 970 2423 τὸν
1012 2370 1316 2442 διορατικὸν
1358 2371 1536 2423 τοίνυν
1565 2371 1658 2424 καὶ
1688 2388 1916 2440 γνωστι-

345 2463 438 2516 κδν
464 2464 557 2515 καὶ
590 2460 1008 2533 ἐπιστημονικὸν
1038 2461 1204 2530 ἄνδρα
1243 2461 1402 2531 μόνον
1441 2455 1576 2513 εἶναι
1615 2461 1703 2513 τὸν
1735 2461 1919 2532 ἀληθι-

343 2555 432 2606 νὸν
467 2554 680 2626 Ἰσραὴλ
701 2555 1076 2623 ἀποφανεῖται·
1101 2552 1158 2604 ὃν
1181 2553 1214 2622 ἡ
1248 2550 1386 2622 μετὰ
1411 2555 1596 2622 χεῖρας
1621 2553 1916 2624 παρίστησι

344 2644 488 2710 λέξις
534 2646 832 2714 φάσκουσα·
885 2646 980 2696 Ἐν
1018 2643 1096 2709 τῷ
1143 2643 1382 2712 Ἰσραὴλ
1423 2641 1577 2712 μέγα
1621 2644 1686 2698 τὸ
1732 2645 1918 2714 ὄνομα

344 2737 550 2792 αὐτοῦ.
590 2737 828 2808 Ἐλέγχει
861 2737 918 2789 δὲ
947 2725 1049 2788 τὸν’
1075 2735 1324 2789 Ἰουδαῖον
1352 2737 1450 2789 οὐκ
1488 2737 1635 2802 ἄξιον
1667 2736 1792 2790 ὄντα
1817 2736 1916 2806 τῆς

346 2829 714 2902 προσηγορίας
745 2827 838 2880 τοῦ
877 2827 1092 2898 Ἰσραὴλ
1139 2830 1166 2881 ὁ
1211 2830 1547 2900 προφητικδς
1588 2829 1743 2897 λόγος
1783 2828 1916 2880 ἀπο-

343 2922 648 2992 τεινόμενος
668 2921 804 2993 πρὸς
824 2921 1020 2985 αὐτοὺς
1042 2921 1134 2975 καὶ
1155 2920 1345 2990 λέγων·
1375 2921 1518 2974 Οὐαὶ
1544 2921 1720 2986 ἔθνος
1742 2921 1917 2989 ἀμαρ-

343 3011 556 3079 τωλὸν,
599 3013 748 3077 λαὸς
785 3011 1021 3081 πλήρης
1062 3009 1374 3080 ἁμαρτιῶν·
1435 3011 1549 3075 καὶ,
1602 3011 1916 3065 Ἀκούσατε

344 3094 530 3171 λόγον
562 3105 804 3171 Κυρίου,
833 3102 1118 3173 ἄρχοντες
1145 3102 1440 3171 Σοδόμων·
1469 3101 1795 3172 προσέχετε
1818 3103 1916 3155 νό-

340 3213 460 3264 μον
491 3195 656 3258 Θεοῦ,
705 3196 853 3260 λαὸς
885 3195 1212 3263 Γομόρρας.
1253 3195 1460 3267 Ὥσπερ
1504 3191 1596 3248 οὖν
1631 3197 1660 3247 ὁ
1693 3195 1913 3264 φάσκων

344 3287 474 3357 περὶ
503 3285 608 3337 τῶν
632 3284 819 3339 ἐθνῶν·
849 3285 991 3341 Λιότι
1019 3285 1112 3338 ἀπ’
1133 3285 1404 3339 ἀνατολῶν
1443 3285 1591 3356 ἡλίου
1636 3285 1794 3357 μέχρι
1823 3285 1914 3338 δυ’

346 3375 499 3446 σμῶν
523 3376 828 3440 δεδόξασται
861 3377 920 3430 τὸ
947 3376 1116 3448 ὄνομα
1148 3377 1310 3430 αὑτοῦ
1349 3379 1410 3430 ὲν
1443 3381 1553 3440 τοῖς
1589 3377 1788 3450 ἔθνεσι,
1819 3377 1916 3432 καὶ

342 3467 416 3521 ἐν
447 3466 625 3518 παντὶ
657 3467 816 3532 τόπῳ
847 3467 1106 3535 θυμίαμα
1151 3467 1512 3536 προσάγεται
1552 3467 1633 3532 τῷ
1674 3468 1917 3536 ὀνόματί

338 3575 480 3627 μου,
521 3557 619 3611 καὶ
656 3560 837 3611 θυσία
878 3557 1121 3626 καθαρά·
1164 3561 1258 3612 καὶ
1288 3559 1466 3612 πάλιν·
1497 3561 1650 3612 Διότι
1669 3558 1822 3627 μέγα
1849 3557 1916 3611 τὸ

343 3649 532 3720 ὄνομά
560 3668 678 3718 μου
709 3651 777 3702 ἐν
810 3649 932 3716 τοῖς
968 3651 1190 3713 ἔθνεσι,
1225 3650 1410 3720 σαφῶς
1438 3651 1729 3720 παρίστησι
1761 3651 1918 3703 δύνα-

345 3743 469 3797 σθαι
495 3742 566 3794 τὰ
588 3742 712 3814 ἔθνη
743 3738 879 3796 εἶναι
899 3743 989 3795 τὸν
1026 3741 1259 3813 Ἰσραὴλ,
1294 3741 1450 3814 εἴπερ
1475 3743 1544 3795 ἐν
1565 3742 1643 3807 τῷ
1677 3742 1915 3810 Ἰσραὴλ

337 3832 493 3904 μέγα
520 3832 586 3886 τὸ
614 3833 799 3901 ὄνομα
821 3833 1027 3887 αὑτοῦ.
1056 3834 1164 3886 Καὶ
1195 3833 1330 3904 πρὸς
1357 3833 1453 3903 μὲν
1492 3833 1778 3896 Ἰουδαίους
1803 3834 1916 3885 ἐλέ-

345 3942 486 3993 γετο·
504 3924 688 3994 Ὑμεῖς
700 3924 1105 3992 δὲβεϐηλοῦτε
1117 3925 1282 3988 αὐτὸ,
1302 3925 1456 3994 δῆλον
1475 3923 1519 3978 δ’
1546 3924 1628 3976 ὄτι
1642 3925 1703 3977 τὸ
1748 3923 1916 3993 ὄνομα

343 4018 437 4072 τοῦ
465 4018 620 4072 Θεοῦ.
656 4019 765 4072 Καὶ
795 4015 947 4082 αὖθις
983 4018 1196 4090 εἴρηται
1240 4016 1376 4088 πρὸς
1408 4017 1622 4082 αὐτούς·
1659 4019 1737 4070 Δι’
1761 4017 1916 4086 ὑμᾶς

344 4110 671 4178 διαπαντὸς
708 4113 771 4165 τὸ
818 4111 1004 4180 ὄνομά
1047 4128 1166 4180 μου
1207 4109 1657 4178 ,ϐλασφημεῖται
1692 4109 1762 4161 ἐν
1792 4108 1916 4174 τοῖς

344 4204 602 4259 ἔθνεσιν.
648 4205 712 4257 Ei
749 4202 923 4256 τοίνυν
961 4205 994 4274 ἡ
1033 4201 1170 4273 μετὰ
1215 4205 1403 4272 χεῖρας
1440 4201 1629 4272 Γραφὴ
1678 4200 1915 4254 διδάσκει

345 4297 549 4348 ἐκεῖνον
576 4290 713 4348 εἶναι
741 4294 830 4347 τὸν
875 4293 1108 4364 Ἰσραὴλ,
1143 4295 1270 4364 παρ’
1297 4286 1340 4360 ᾧ
1369 4292 1430 4344 τὸ
1465 4291 1560 4344 τοῦ
1593 4291 1725 4344 Θεοῦ
1760 4290 1914 4354 δοξά-

345 4387 497 4453 ζεται
525 4387 714 4458 ὄνομα,
747 4389 811 4440 ὲκ
841 4386 948 4440 τῶν
977 4385 1277 4456 εἰρημένων
1303 4370 1494 4453 γένοιτ’
1520 4385 1585 4438 ἂν
1619 4384 1915 4456 κατάδηλος

342 4481 374 4533 ὁ
414 4478 641 4548 ὀφείλων
690 4477 940 4546 λέγεσθαι
973 4476 1173 4547 κυρίως
1228 4475 1459 4546 Ἰσραήλ.
1523 4476 1821 4545 Ἀναλόγως
1857 4476 1916 4529 δὲ

343 4570 520 4641 τούτῳ
551 4570 760 4641 νοήσεις
788 4569 880 4622 καὶ
906 4567 1004 4640 τὴν
1049 4567 1325 4620 Ἰουδαίαν·
1372 4565 1498 4620 ἔνθα
1535 4567 1643 4637 γάρ
1689 4569 1834 4619 ἐστιν
1879 4569 1911 4638 ή

345 4661 544 4732 γνῶσις
569 4660 663 4714 τοῦ
698 4659 852 4726 Θεοῦ,
883 4659 1020 4730 αὓτη
1056 4659 1202 4711 ἐστὶν
1227 4662 1260 4729 ὴ
1308 4657 1554 4711 Ἰουδαία.
1589 4657 1756 4710 Τοῦτο
1786 4658 1915 4726 γοῦν

345 4755 381 4826 ἠ
419 4754 458 4806 Γ
463 4753 609 4825 ραφὴ
649 4752 943 4824 παρίστησι
976 4751 1223 4818 λέγουσα·
1254 4748 1537 4813 Γνωστὸς
1564 4749 1633 4800 ἐν
1665 4747 1739 4815 τῇ
1780 4749 1918 4802 Ἰου-

345 4845 482 4913 Gala
509 4849 542 4900 ό
575 4847 736 4911 Θεός.
769 4845 832 4896 Εἰ
859 4845 916 4897 δὲ
950 4843 1023 4914 μὴ
1048 4843 1106 4896 τὸ
1130 4844 1360 4914 πρᾶγμα
1389 4840 1480 4893 ἐπὶ
1505 4842 1602 4911 τῆς
1640 4841 1913 4904 Ἰουδαίας,

345 4935 489 5005 λέγω
507 4937 562 4989 δὲ
580 4937 677 5006 τῆς
700 4935 1068 4988 Παλαιστίνων
1093 4933 1274 5004 χώρας
1300 4932 1622 5002 εὑρίσκοιτο,
1657 4931 1914 5002 πλείστης

347 5027 512 5098 οῦσης
539 5026 973 5098 εἰδωλολατρείας
997 5027 1054 5078 ἐν
1081 5027 1215 5097 αὐτῇ
1241 5025 1558 5096 γενομένης,
1581 5023 1759 5077 αὐτῶν
1792 5025 1914 5076 Ἰου-

348 5123 512 5175 δαίων
538 5121 600 5172 τὸ
625 5119 844 5172 παλαιὸν
869 5118 1418 5190 εἰδωλολατρευόντων
1441 5119 1498 5169 ὲν
1520 5116 1678 5186 αὐτῇ,
1700 5117 1774 5178 ὡς
1794 5117 1918 5178 τοὺς

350 5215 634 5284 προφήτας
671 5211 990 5280 ἀπελέγχειν
1035 5213 1228 5274 αὐτοὺς
1265 5210 1360 5263 καὶ
1397 5209 1598 5277 λέγειν·
1623 5207 1784 5261 Κατὰ
1809 5207 1920 5276 γὰρ

348 5307 454 5358 τὸν
479 5303 726 5372 ἀριθμὸν
754 5301 870 5354 τῶν
896 5300 1133 5354 πόλεών
1160 5316 1275 5355 σου
1302 5297 1463 5369 ἦσαν
1483 5299 1606 5352 θεοί
1627 5313 1744 5350 σου
1785 5298 1920 5350 Ἰού-

348 5396 444 5462 δα,
468 5396 563 5448 καὶ
593 5395 741 5448 κατὰ
759 5393 1002 5463 ἀριθμὸν
1021 5392 1300 5461 ἀμφόδων
1330 5389 1713 5460 Ἰερουσαλὴμ
1738 5389 1918 5442 ἔθυον

348 5487 424 5555 τῇ
459 5486 641 5540 Βαάλ·
671 5485 787 5548 πῶς
807 5484 1027 5537 δυνατὸν
1053 5483 1254 5553 ταύτην
1292 5479 1428 5536 εἶναι
1454 5479 1706 5550 λέγεσθαι
1727 5478 1825 5549 τὴν
1853 5477 1913 5530 τὸ

349 5573 587 5642 γνωστὸν
615 5572 708 5626 τοῦ
739 5570 873 5624 Θεοῦ
904 5570 1243 5640 κεκτημένην
1276 5569 1565 5635 Ἰουδαίαν;
1615 5567 1713 5622 Διά
1758 5567 1811 5620 τί
1854 5567 1910 5620 δὲ

424 5792 468 5824 δ’
503 5791 662 5846 Rom.
716 5793 892 5858 11,28,
928 5791 1019 5846 29.
1097 5791 1141 5823 ⁸ο
1181 5789 1414 5859 Philipp.
1453 5801 1538 5852 Ill,
1575 5787 1631 5859 ᾖ.
1707 5786 1918 5859 ’ξι-οο

2018 5785 2182 5859 t,AI8.
2230 5784 2460 5859 *κδ’-1⁵η,
2499 5800 2552 5846 ι,
2589 5784 2672 5859 4..Δ
2715 5843 2717 5847 ,

1739 5856 1922 5929 ”_Jer.
1962 5874 2032 5923 ιι,
2063 5856 2153 5913 28.
2229 5856 2272 5890 ⁸⁸
2315 5857 2418 5912 Isa.
2455 5871 2576 5922 XIX,
2616 5853 2698 5910 19.

352 5861 441 5917 11.
518 5864 561 5894 ⁸⁸
601 5862 732 5918 ibid.
767 5857 771 5858 ν
808 5863 854 5895 ⁸⁸
889 5862 1022 5918 ibid.
1060 5861 1142 5916 1‘2.
1219 5862 1263 5892 "
1297 5857 1401 5915 lsa.
1443 5874 1539 5925 ιιι,
1581 5857 1633 5911 5.

1941 3243 1986 3300 C

2018 2094 2303 2164 praeditum
2336 2103 2390 2150 et
2419 2097 2676 2162 doctum,
2722 2098 2895 2152 solum
2935 2114 3058 2154 esse
3100 2115 3288 2154 verum
3330 2100 3584 2158 lsraelem

2018 2185 2354 2253 declarabit,
2397 2189 2612 2258 qualem
2659 2188 2775 2243 haec
2815 2190 3085 2244 sententia
3133 2191 3314 2260 prodit
3359 2192 3583 2260 dicens,
3609 2239 3622 2252 .

2020 2277 2087 2332 In
2113 2277 2284 2333 Israel
2310 2296 2556 2349 magnum
2584 2297 2767 2334 nomen
2789 2279 2924 2348 ejus.
2950 2280 3163 2335 Evincit
3186 2298 3316 2337 vero
3335 2281 3583 2338 Judaeum

2017 2368 2234 2426 lsraelis
2261 2372 2483 2426 nomine
2512 2372 2732 2442 dignum
2765 2389 2872 2426 non
2913 2389 3035 2435 esse
3065 2374 3419 2443 propheticus
3467 2391 3584 2430 ser-

2018 2475 2142 2525 mo,
2173 2461 2266 2531 qui
2299 2461 2448 2531 ipsos
2476 2462 2700 2530 respicit
2734 2470 2786 2516 et
2815 2463 2894 2518 sic
2926 2463 3091 2516 habet
3121 2483 3132 2516 :
3177 2463 3263 2516 Va:
3293 2465 3434 2534 genti
3463 2481 3584 2534 pec-

2018 2550 2205 2603 catrici
2226 2589 2241 2614 ,
2266 2552 2456 2618 populo
2485 2551 2634 2619 pleno
2667 2553 2894 2619 peccatis
2930 2553 2975 2583 ⁸³
2999 2570 3013 2618 ;
3041 2561 3121 2618 et,
3152 2551 3344 2606 Audite
3374 2553 3585 2606 verbum

2017 2639 2254 2710 Domini,
2283 2643 2540 2711 principes
2593 2641 2979 2697 Sodomorum:
3027 2643 3278 2698 attendite
3312 2643 3415 2715 legi
3445 2644 3582 2711 Dei,

2016 2733 2237 2802 populus
2267 2733 2572 2787 Gomorrhm
2599 2734 2666 2787 ⁵⁸.
2703 2734 3170 2800 Quemadmodum
3205 2737 3368 2789 etiam
3397 2737 3490 2806 qui
3518 2737 3586 2791 de

2018 2823 2271 2890 gentibus
2295 2823 2462 2888 dicit,
2494 2825 2562 2878 ab
2593 2825 2803 2879 oriente
2866 2826 2979 2879 sole
3033 2837 3204 2896 usqve
3231 2827 3296 2880 ad
3325 2826 3582 2882 occiden-

2017 2921 2161 2977 tem,
2195 2913 2366 2982 gloria
2396 2915 2661 2969 celebrari
2701 2931 2894 2970 nomen
2929 2932 3088 2970 suum
3120 2917 3173 2970 in
3205 2919 3457 2986 gentibus
3485 2936 3499 2984 ;
3533 2928 3583 2973 et

2017 3005 2070 3058 in
2104 3006 2246 3058 omni
2275 3005 2387 3060 loco
2409 3046 2424 3070 ,
2455 3007 2559 3070 ait,
2599 3007 2887 3076 thymiama
2918 3009 3136 3077 oﬂ'erlur
3165 3011 3363 3064 nomini
3394 3028 3503 3065 meo
3533 3023 3584 3066 et

2018 3096 2339 3164 sacriﬁcium
2369 3097 2622 3151 mundum
2652 3098 2734 3164 5";
2765 3112 2827 3152 ac
2856 3115 3111 3162 rursum,
3155 3099 3294 3166 Quia
3338 3119 3585 3172 magnum

2017 3194 2094 3239 est
2119 3202 2304 3239 nomen
2327 3203 2499 3243 meum
2519 3188 2571 3240 in
2595 3187 2832 3256 gentibus
2853 3188 2933 3253 I’5;
2961 3197 3143 3256 aperte
3167 3188 3405 3242 declarat
3425 3205 3587 3258 posse

2017 3284 2208 3346 gentes
2238 3276 2405 3333 Israel
2433 3293 2555 3334 esse
2574 3318 2588 3342 ,
2623 3278 2891 3346 siquidem
2922 3279 2976 3331 in
3013 3276 3182 3330 Israel
3212 3297 3457 3351 magnum
3490 3298 3588 3335 no-

2018 3385 2134 3421 men
2163 3368 2297 3436 ejus.
2329 3367 2531 3424 Iudaeis
2560 3385 2690 3423 vero
2721 3368 3002 3422 dicebatur
3027 3386 3040 3420 :
3079 3367 3180 3420 Vos
3213 3379 3387 3422 autem
3411 3369 3588 3439 profa-

2017 3461 2157 3515 natis
2182 3459 2314 3514 illud
2342 3461 2410 3526 ‘3,
2441 3459 2692 3514 videlicet
2721 3475 2920 3514 nomen
2950 3457 3062 3514 Dei.
3096 3457 3445 3529 Rursumque
3478 3463 3587 3517 illis

2017 3552 2224 3606 dictum
2269 3561 2389 3607 est:
2415 3551 2638 3619 Propter
2677 3569 2763 3605 vos
2802 3565 2999 3618 semper
3027 3567 3209 3603 nomen
3241 3567 3409 3604 meum
3441 3552 3587 3606 blas-

2015 3642 2292 3710 phematur
2332 3645 2386 3696 in
2428 3645 2667 3712 gentibus
2697 3643 2764 3695 ⁸⁷.
2802 3642 2860 3695 Si
2905 3643 3087 3710 itaque
3136 3642 3250 3696 haec
3303 3641 3587 3713 Scriptura

2015 3735 2173 3789 docet
2201 3734 2353 3788 illum
2386 3751 2508 3790 esse
2552 3733 2805 3790 lsraelem
2852 3749 3016 3804 penes
3066 3750 3225 3803 quem
3260 3751 3459 3790 nomen
3491 3735 3586 3791 Dei

2018 3827 2349 3890 celebratur,
2400 3842 2466 3882 ex
2502 3826 2616 3896 jam
2664 3826 2828 3880 dictis
2875 3827 3224 3883 manifestum
3278 3828 3442 3882 fuerit
3491 3829 3587 3897 qui

2016 3934 2144 3974 vere
2190 3926 2244 3974 et
2290 3919 2509 3988 proprie
2557 3918 2724 3974 Israel
2767 3921 3046 3974 vocandus
3076 3921 3166 3974 sit.
3224 3919 3587 3988 Proportione

2016 4010 2250 4080 quadam
2286 4009 2354 4065 de
2381 4009 2567 4064 Iudaea
2604 4011 2745 4065 idem
2781 4011 3073 4080 intelligas.
3105 4010 3240 4064 Nam
3276 4011 3366 4063 ubi
3399 4011 3589 4080 cogni-

2015 4100 2094 4154 tio
2139 4099 2236 4155 Dei
2285 4107 2401 4164 est,
2452 4100 2529 4154 ibi
2579 4097 2764 4154 Judeea
2813 4100 3056 4177 exsistit.
3099 4099 3254 4164 Quod
3291 4100 3376 4154 bis
3403 4100 3587 4156 verbis

2018 4192 2303 4262 Scriptura
2345 4191 2626 4247 declarat:
2667 4190 2840 4245 Notus
2884 4192 2938 4244 in
2983 4191 3177 4244 Judwa
3222 4190 3382 4247 Deus.
3431 4191 3588 4257 Quod

2017 4285 2062 4339 si
2094 4284 2148 4338 id
2181 4300 2291 4338 non
2317 4285 2373 4337 in
2401 4281 2586 4338 Iudaea
2608 4324 2622 4346 ,
2657 4284 2770 4338 sivi:
2802 4283 2855 4336 in
2885 4281 3298 4338 Palaestinorum
3328 4293 3474 4338 terra
3503 4299 3592 4338 re-

2018 4376 2245 4445 peritur,
2294 4391 2418 4429 cum
2454 4376 2624 4428 multa
2670 4374 2741 4428 ibi
2790 4374 3096 4428 idololatria
3151 4374 3336 4440 fuerit,
3368 4375 3590 4445 quando

2018 4467 2144 4520 olim
2189 4465 2360 4521 Judaei
2411 4466 2555 4520 idola
2599 4465 2888 4531 colebant,
2925 4469 2998 4518 ita
3029 4475 3088 4520 ut
3121 4467 3399 4536 prOpIietae
3439 4467 3589 4536 ipsos

2019 4567 2379 4631 coarguerent
2406 4575 2468 4613 ac
2497 4557 2776 4620 dicerent,
2819 4556 2960 4612 Nam
2991 4559 3275 4613 secundum
3313 4577 3588 4612 numerum
3642 4575 3647 4580 '

2021 4651 2292 4703 civitatum
2330 4659 2543 4702 tuarum
2576 4659 2724 4702 erant
2759 4647 2836 4700 dii
2877 4649 2973 4713 tui,
3011 4647 3156 4702 Juda
3177 4689 3191 4713 ,
3225 4659 3273 4702 et
3303 4650 3589 4703 secundum

2023 4757 2297 4794 numerum
2355 4739 2613 4793 biviorum
2688 4737 2987 4793 Jerusalem
3047 4739 3423 4808 sacriﬁcabant
3493 4741 3593 4807 ipsi

2021 4833 2161 4886 Baal
2190 4832 2257 4893 ⁸⁸,
2288 4831 2380 4901 qui
2416 4831 2532 4884 ﬁeri
2560 4841 2739 4901 potest
2767 4831 2908 4884 hanc
2937 4829 3042 4883 dici
3071 4827 3313 4884 Judaam
3351 4846 3470 4899 quae
3498 4847 3592 4885 no-

2021 4924 2196 4976 titiam
2231 4922 2324 4975 Dei
2359 4922 2646 4978 obtineat?
2676 4921 2788 4976 Cur
2815 4921 2945 4975 item
2972 4935 3080 4974 non
3117 4921 3270 4975 dicas
3301 4919 3589 4992 IEgyptioo

2020 5031 2140 5069 rum
2172 5015 2447 5085 regionem
2476 5029 2541 5068 eo
2570 5014 2832 5068 vocabulo
2860 5015 3110 5084 dignam,
3143 5014 3208 5068 de
3239 5029 3344 5082 qua
3381 5013 3588 5069 dictum

2019 5115 2135 5173 est,
2179 5105 2248 5158 Et
2276 5106 2374 5158 erit
2405 5104 2574 5158 altare
2604 5104 2828 5157 Domino
2863 5106 2915 5156 in
2950 5113 3089 5157 terra
3134 5103 3354 5173 aﬂgypti
3385 5106 3468 5171 ³⁰;
3523 5120 3588 5158 ac

2019 5212 2210 5251 rursus
2231 5239 2244 5259 ,
2295 5195 2362 5248 Et
2390 5206 2546 5250 notus
2593 5197 2693 5249 erit
2737 5195 2992 5248 Dominus
3023 5194 3290 5264 {Egypliis
3315 5197 3340 5249 .9
3373 5187 3505 5248 Nam
3541 5197 3587 5250 si

2019 5305 2185 5359 penes
2223 5303 2319 5344 eos
2350 5289 2551 5358 quibus
2586 5296 2749 5342 notus
2784 5295 2868 5342 est
2904 5286 3045 5342 Deus
3074 5275 3261 5341 Iudaea
3291 5287 3585 5356 reperitur,

2018 5379 2150 5449 quid
2197 5379 2454 5448 impediat
2497 5377 2792 5447 quominus
2841 5390 3032 5432 omnes
3081 5377 3174 5446 qui
3218 5377 3586 5446 cognitionem

2021 5471 2114 5527 Dei
2145 5477 2471 5540 acceperunt
2494 5469 2551 5523 in
2572 5468 2757 5523 Judaea
2781 5483 2904 5523 esse
2933 5467 3228 5522 dicantur?
3256 5468 3436 5533 Quare
3461 5485 3588 5522 con-

2019 5572 2305 5634 sequenter
2333 5563 2401 5617 ad
2428 5562 2644 5627 istlnec,
2671 5560 2916 5616 Ecclesia
2947 5560 3038 5615 Dei
3071 5576 3166 5631 per
3195 5567 3368 5615 totum
3398 5562 3585 5616 orbem

2737 5785 2783 5816 ⁸³
2825 5785 2957 5842 ibid.
2994 5784 3077 5841 l0.
3178 5784 3225 5817 ⁸³
3266 5783 3490 5841 Malach.
3530 5799 3584 5852 I,
