4078 6432
489 357 594 413 879
1180 350 1445 408 EUSEBII
1483 350 1959 408 CESARIENSIS
1985 352 2141 413 ὈΡΡ.
2190 357 2368 415 PARS
2398 354 2490 413 111.
2518 388 2586 399 -
2606 354 3017 412 EXEGETICA.
3612 357 3722 415 880

479 476 775 532 constituta
796 514 811 539 ,
840 473 894 529 in
919 486 1025 543 qua
1052 470 1145 542 qui
1179 480 1263 526 est
1296 486 1462 542 super
1491 472 1675 526 omnia
1706 468 1849 527 Deus
1879 479 2043 527 notus
2071 480 2089 535 Λ

2106 512 2115 534 ,
2145 474 2244 526 οὐκ
2274 475 2340 529 ἂν
2366 474 2539 536 εἴποις
2573 472 2670 543 τὴν
2699 470 3007 540 Αἰγυπτίων
3039 468 3220 540 χώραν
3246 467 3401 533 ἀξίαν
3424 469 3522 540 τῆς
3549 488 3716 542 προσ-

476 578 563 625 eet
584 608 598 631 ,
632 565 817 621 Judaaa
849 570 1211 634 congruenter
1241 562 1351 617 dici
1381 562 1575 632 possit.
1608 560 1795 632 Neque
1823 562 2044 620 aberres

2143 566 2392 636 ηγορίας,
2421 563 2549 635 περί¹
2582 558 2649 635 ἦς
2677 561 2909 635 εἰρηταν
2945 561 3055 615 Καὶ
3086 559 3255 613 ἔσται
3284 561 3718 630 θυσιαστήριον

478 664 525 716 si
557 661 709 715 dicas
749 657 992 712 Judaeam
1017 671 1169 722 esse,
1202 662 1373 709 totam
1404 653 1671 708 divinitus
1716 653 2040 723 inspiratam

2140 654 2220 719 τῷ
2249 656 2442 723 Κυρίῳ
2472 656 2541 708 ἐν
2569 654 2729 724 χώρᾳ
2758 654 3081 723 Αἰγύπτουο
3111 653 3204 706 καὶ
3229 648 3402 715 αὖθις·
3432 652 3543 705 Καὶ
3568 670 3713 721 γνω-

475 762 531 807 οι
560 750 841 805 Judaicam
875 749 1232 817 scripturam,
1257 761 1380 816 quae
1406 761 1504 801 ceu
1537 745 1813 815 possessio
1842 752 1897 799 et
1923 759 2041 798 am-

2138 745 2287 812 στὸς
2310 747 2482 803 ἔσται
2511 747 2725 816 Κύριος
2761 744 2887 810 to};
2926 745 3297 812 Αἰγυπτίοις;
3328 746 3388 797 Εἰ
3436 743 3544 816 γὰρ
3584 745 3710 816 παρ’

474 845 623 899 bitus
655 842 768 897 veri
800 841 1017 897 lsraelis
1048 840 1357 909 nuncupari
1399 843 1612 908 potest,
1656 836 1787 907 quia
1828 836 1883 891 in
1918 835 2038 905 ipsa

2136 832 2217 901 οἷς
2241 838 2479 905 γνωστός
2509 839 2653 891 ἐστιν
2675 839 2704 890 6
2725 836 2856 899 Θεὸς
2886 836 3035 907 παρὰ
3056 837 3262 901 τούτοις
3294 840 3388 891 καὶ
3412 840 3445 909 ἡ
3484 839 3710 891 Ἰουδαία

474 934 715 1004 cognitio
738 932 833 987 Dei
859 932 1190 987 continetur.
1223 928 1349 984 Pari
1378 930 1563 999 itaque
1594 928 1756 984 modo
1784 942 1911 983 vera
1940 925 2035 983 Ju-

2137 929 2411 999 τυγχάνει,
2454 928 2506 981 τί
2542 926 2602 980 τὸ
2646 925 2852 980 κωλῦον
2882 925 2956 997 μὴ
2995 926 3199 990 πάντας
3229 928 3354 991 τοὺς
3384 930 3482 998 τὴν
3511 928 3709 997 γνῶσιν

472 1026 585 1079 daea
619 1033 673 1079 et
704 1040 866 1079 verus
894 1023 1058 1079 Israel
1087 1022 1439 1092 intelligatur.

2139 1019 2493 1091 ἀνειληφότας
2524 1019 2617 1073 τοῦ
2650 1019 2784 1073 Θεοῦ
2817 1022 2873 1072 ἐν
2901 1023 2965 1090 τῇ
3013 1021 3238 1092 Ἰουδαίᾳ
3260 1017 3396 1074 εἶναι
3427 1020 3705 1089 λέγεσθαι;

470 1121 691 1184 Τούτοις
724 1116 815 1173 οὖν
847 1120 1122 1186 ἀναλόγως
1155 1118 1247 1171 καὶ
1284 1120 1315 1187 ή
1351 1117 1471 1170 καθ’
1496 1116 1623 1187 ὅλης
1655 1115 1755 1187 τῆς
1784 1112 2107 1184 οἰκουμένης
2140 1115 2436 1187 Ἐκκλησία
2462 1115 2616 1181 Θεοῦ,
2643 1118 2700 1168 ὲν
2822 1115 2851 1166 6
2889 1115 2980 1166 ἐπὶ
3036 1116 3249 1169 πάντων
3279 1114 3407 1177 Θεὸς
3469 1114 3707 1184 γνωστὸς

468 1212 543 1265 ὢν
576 1212 849 1283 τυγχάνει,
892 1212 1121 1266 Ἰουδαία
1146 1227 1205 1262 τε
1236 1209 1470 1277 εὐλόγως
1500 1208 1565 1262 ἂν
1605 1207 1814 1279 ῥηθείη.
1879 1207 1990 1260 Οὐκ
2046 1206 2110 1260 ἂν
2143 1207 2199 1259 δὲ
2231 1208 2497 1278 ἁμάρτοις
2540 1208 2803 1263 Ἰουδαίαν
2838 1204 2976 1262 εἶναι
3023 1208 3195 1276 λέγων
3244 1209 3423 1261 πᾶσαν
3456 1209 3554 1278 τὴν
3587 1207 3707 1261 θεό-

467 1322 726 1359 πνευστον
754 1307 847 1358 καὶ
886 1303 1177 1375 Ἰουδαῖκὴν
1225 1301 1465 1373 Γραφὴν,
1515 1302 1700 1371 κτῆμα
1725 1294 1889 1352 οὖσαν
1934 1296 2027 1350 καὶ
2065 1298 2139 1360 ὡς
2166 1298 2470 1370 περίχωρον
2496 1298 2589 1352 τοῦ
2618 1297 2868 1369 ἀληθινοῦ
2912 1298 3144 1370 Ἰσραὴλ,
3175 1297 3260 1352 διὰ
3298 1298 3371 1356 vro
3417 1300 3513 1369 τὴν
3566 1297 3707 1366 γνῶ-

468 1418 552 1454 σιν
588 1400 680 1452 τοῦ
718 1399 849 1452 Θεοῦ
881 1401 937 1453 ὲν
969 1401 1105 1470 αὐτῇ
1145 1396 1508 1470 περιέχεσθαι.
1552 1394 1708 1449 Οῦτω
1743 1395 1840 1466 μὲν
1870 1388 1961 1446 οὖν
1997 1393 2030 1465 ἡ
2069 1391 2295 1464 ἀληθινὴ
2333 1392 2562 1448 Ἰουδαία
2594 1392 2688 1446 καὶ
2751 1394 2778 1446 6
2809 1392 3056 1464 ἀληθινὸς
3106 1390 3321 1463 Ἰσραὴλ
3382 1391 3701 1465 νοηθήσεται

466 1492 606 1547 κατὰ
636 1492 723 1545 τὸν
747 1492 927 1562 ὅμοιον
956 1491 1174 1563 τρόπον.

504 1674 507 1679 _
534 1608 703 1663 Vens.
734 1609 789 1663 '5.
836 1607 1144 1680 Perpendas
1186 1622 1317 1663 vero
1358 1607 1631 1678 quomodo
1660 1606 1831 1674 factus
1861 1612 1939 1658 est
1971 1603 2028 1656 in

2199 1597 2434 1669 Νοήσεις
2464 1598 2522 1652 δὲ
2547 1598 2695 1661 ὅπως
2722 1599 2974 1669 ἐγενήθη
3004 1599 3074 1653 ἐν
3103 1600 3307 1672 εἰρήνῃ
3337 1603 3371 1656 ό
3396 1603 3577 1670 τόπος
3595 1608 3702 1659 αὺ-

462 1716 589 1771 pase
638 1698 782 1752 locus
831 1697 943 1766 ejus
965 1738 980 1761 ,
1020 1705 1069 1750 et
1101 1695 1362 1750 habitatio
1390 1697 1503 1765 ejus
1530 1697 1586 1749 in
1618 1694 1769 1750 Sion.
1813 1692 1947 1747 Nam
1979 1692 2028 1747 si

2129 1689 2256 1755 τοῦ,
2289 1688 2388 1743 καί
2416 1690 2481 1743 τὸ
2512 1690 2964 1760 κατοικητήριον
2988 1692 3174 1746 αὑτοῦ
3203 1694 3273 1745 ἐν
3307 1693 3474 1747 Σιών.
3504 1696 3568 1748 Εί
3599 1698 3699 1769 μὲν

462 1792 615 1845 locus
647 1789 770 1853 ille,
804 1803 965 1857 quem
996 1786 1167 1843 Judaei
1195 1788 1250 1841 in
1288 1788 1497 1842 honore
1525 1787 1836 1851 habebant,
1868 1784 2027 1840 bellis
2059 1812 2072 1867 ι

2086 1814 2097 1865 ε
2128 1780 2236 1851 γὰρ
2277 1783 2304 1833 6
2348 1780 2499 1852 παρὰ
2548 1780 2821 1845 Ἰουδαίοις
2858 1780 3167 1853 τιμώμενος
3205 1784 3365 1848 τόπος
3394 1785 3696 1858 ἀπόρθητος

460 1890 515 1936 et
546 1879 945 1935 vastationibus
974 1894 1083 1933 non
1113 1879 1384 1935 obnoxius
1432 1878 1655 1941 fuisset,
1701 1876 1897 1932 merito
1923 1874 2023 1930 Ju-

2127 1873 2222 1927 καὶ
2271 1873 2613 1945 ἀπολέμητος
2666 1875 2996 1945 πεφύλακτο,
3046 1877 3203 1947 λόγον
3250 1875 3360 1950 εἶχε
3401 1884 3699 1953 συγχωρεῖν

458 1972 591 2027 dacis
642 1970 868 2026 concedi
919 1980 1104 2039 posset
1157 1985 1282 2025 eum
1332 1971 1513 2040 ipsum
1571 1984 1694 2024 esse
1750 1969 1932 2023 locum
1991 1980 2025 2022 a

2138 1966 2399 2020 Ἰουδαίων
2432 1969 2617 2021 παισὶν
2654 1970 2815 2023 αὐτὸν
2856 1965 2992 2024 εῖναι
3031 1971 3269 2042 νομίζειν
3310 1973 3403 2027 τὸν
3448 1975 3551 2027 ὑπὸ
3587 1974 3696 2029 τῶν

460 2061 746 2130 Scriptura
789 2060 1110 2115 indicatum.
1143 2059 1299 2126 Quod
1343 2061 1390 2116 si
1442 2061 1531 2115 ille
1579 2074 1611 2113 a
1653 2058 2024 2114 fundamentis

2124 2058 2355 2130 Γραφῶν
2382 2059 2724 2131 δηλούμενον·
2759 2065 2809 2115 εἰ
2839 2063 2882 2117 δ’
2905 2057 3056 2127 οὗτος
3083 2064 3179 2134 μὲν
3202 2066 3266 2118 ὲκ
3291 2065 3505 2136 βάθρων
3526 2067 3696 2139 ἀνῆρ-

455 2155 673 2209 dirutus
704 2160 757 2208 et
786 2168 929 2223 saepe
958 2162 1150 2224 captus
1181 2153 1249 2208 ab
1279 2153 1531 2209 hostibus
1562 2151 1694 2220 fuit,
1749 2159 1805 2207 et
1844 2161 2024 2206 tamen

2122 2166 2212 2203 ται
2239 2149 2400 2213 ἁλοὺς
2431 2149 2690 2215 πολλάκις
2720 2153 2823 2205 ὑπὸ
2863 2153 3157 2224 πολεμίων,
3206 2156 3262 2209 ὲν
3300 2157 3487 2228 εἰρήνῃ
3520 2157 3575 2211 δὲ
3600 2157 3690 2212 λέ-

462 2246 617 2301 locus
648 2245 769 2316 ejus
802 2246 855 2301 in
883 2260 1017 2317 pace
1048 2261 1171 2301 esse
1215 2246 1449 2313 dicatur,
1518 2261 1629 2301 non
1675 2261 1807 2303 sane
1847 2245 2024 2315 possit

2122 2257 2278 2309 γεται
2311 2242 2576 2313 ὑπάρχειν
2603 2244 2631 2295 6
2658 2242 2821 2306 τόπος
2844 2244 3027 2298 αὐτοῦ’
3059 2245 3157 2298 οὐκ
3180 2244 3245 2298 ἂν
3267 2246 3479 2300 δύναιτο
3504 2248 3693 2318 ἀληθεῖ

454 2354 641 2394 revera
667 2338 846 2409 putari
871 2339 1025 2393 locus
1048 2337 1143 2393 Dei
1170 2353 1290 2394 esse
1308 2379 1323 2403 ,
1351 2339 1444 2409 qui
1472 2339 1793 2409 plerumque
1819 2338 1888 2393 ab
1915 2337 2024 2391 ini-

2121 2334 2261 2405 λόγῳ
2288 2334 2602 2405 νομίζεσθαι
2628 2335 2791 2399 τόπος
2812 2332 2952 2389 εἶναι
2978 2336 3071 2389 τοῦ
3099 2335 3232 2389 Θεοῦ
3257 2338 3285 2391 6
3307 2337 3565 2402 πολλάκις
3586 2339 3692 2393 ὑπὸ

452 2429 612 2483 micis
643 2428 947 2484 debellatus
975 2429 1066 2484 sit.
1092 2428 1272 2494 Quare
1298 2428 1408 2497 jam
1441 2444 1551 2483 non
1590 2429 1744 2492 dicit,
1774 2430 1830 2482 in
1862 2426 2022 2482 Jeru-

2121 2424 2395 2495 πολεμίων
2428 2425 2608 2487 ἁλούς.
2642 2426 2733 2478 Διὸ
2760 2426 2882 2485 οὐδὲ
2910 2426 3160 2497 ὠνόμασε
3188 2427 3302 2491 νῦν,
3333 2426 3431 2480 ἐπὶ
3452 2426 3686 2495 τὴνἾε-

453 2521 655 2584 salem,
707 2536 779 2575 ne
828 2519 953 2591 quis
1004 2519 1277 2574 laberetur
1321 2518 1605 2574 Judaicam
1654 2520 1847 2575 urbem
1897 2534 2021 2575 esse

2108 2514 2464 2595 .povaaxlm,
2488 2516 2562 2579 ὼς
2598 2517 2663 2570 ἂν
2696 2518 2769 2588 μή
2801 2535 2884 2581 τις
2911 2518 3130 2572 ἐκπέσοι
3151 2517 3241 2570 ἐπὶ
3266 2517 3361 2589 τὴν
3402 2519 3689 2590 Ἰουδαῖκὴν

452 2611 785 2683 cogitando;
827 2610 923 2666 sed
975 2610 1097 2665 loco
1144 2611 1292 2665 illius
1338 2625 1523 2665 veram
1571 2611 1897 2665 sententiam
1939 2611 2020 2667 sic

2120 2607 2292 2660 πόλιν“
2331 2609 2451 2661 ἀντὶ
2489 2608 2545 2661 δὲ
2582 2608 2784 2679 ταύτης
2812 2609 2911 2679 τὴν
2953 2608 3189 2663 διάνοιαν
3229 2609 3322 2663 τοῦ
3367 2611 3686 2682 πράγματος

451 2704 760 2775 expressit,
810 2701 1010 2758 Factus
1038 2714 1115 2759 est
1156 2705 1210 2757 in
1242 2702 1419 2758 Salem
1463 2704 1607 2758 locus
1655 2704 1788 2773 ejus.
1837 2704 2017 2760 Salem

2120 2700 2463 2771 παρέστησεν
2504 2699 2692 2753 εἰπών’
2752 2700 3029 2770 Ἐγενήθη
3070 2701 3140 2755 ἐν
3182 2700 3393 2770 Σαλὴμ
3429 2705 3463 2756 ό
3504 2703 3684 2767 τόπος

448 2812 581 2854 vero
606 2812 712 2865 pax
740 2796 1089 2866 explicatur:
1137 2808 1307 2864 quare
1351 2794 1493 2864 apud
1538 2794 1890 2866 Septuaginta
1927 2793 2017 2849 ln-

2112 2792 2324 2847 αὺτοῦ.
2377 2792 2564 2864 Σαλὴμ
2628 2792 2686 2846 δὲ
2742 2792 3101 2864 ἑρμηνεύεται
3154 2792 3382 2862 εἰρήνη*
3415 2793 3494 2847 διὸ
3536 2794 3688 2867 παρὰ

449 2896 720 2957 terprctes
747 2886 954 2940 dictum
982 2892 1066 2941 est
1084 2926 1100 2949 ,
1132 2883 1334 2940 Factus
1361 2894 1438 2939 est
1468 2885 1524 2939 in
1550 2901 1677 2954 pace
1703 2887 1847 2940 locus
1875 2888 2012 2950 eius.

2115 2887 2227 2947 τοῖς
2278 2883 2681 2956 Ἐϐδομήκοντα
2724 2884 2955 2956 εἴρηται·
3009 2886 3287 2955 Ἐτενήθη
3319 2885 3389 2939 ἐν
3418 2884 3625 2954 εἰρήνη
3653 2887 3688 2941 ὁ

451 2978 507 3033 Si
542 2980 705 3048 igitur
736 2978 931 3031 animae
963 2978 1110 3032 omni
1142 2992 1373 3047 prorsus
1402 2977 1545 3032 bello
1579 2977 1764 3032 libera:
1800 2978 1855 3031 in
1888 2993 2015 3047 pro-

2115 2976 2299 3041 τόπος
2336 2977 2542 3030 αὐτοῦ.
2570 2978 2633 3030 Εἰ
2679 2976 2777 3047 μὲν
2819 2971 2912 3030 οῦν
2948 2976 3042 3029 καὶ
3073 2978 3166 3031 ἐπὶ
3208 2977 3312 3046 γῆς
3352 2977 3690 3049 εὑρίσκοιντο

448 3071 731 3139 speritate,
757 3069 938 3140 quiete
962 3075 1017 3125 et
1046 3070 1443 3139 tranquillitate
1468 3069 1749 3140 degentes,
1779 3070 1834 3124 in
1865 3078 2011 3125 terra

2113 3066 2278 3137 ψυχαὶ
2331 3067 2532 3131 παντὸς
2574 3068 3011 3140 ἠλευθερωμὲναι
3044 3067 3278 3139 πολέμου
3309 3070 3366 3122 ὲν
3397 3068 3685 3140 εὐπαθείᾳ

446 3159 813 3230 reperiantur,
844 3159 967 3229 jure
998 3159 1253 3213 dicantur
1285 3159 1387 3213 illa:
1420 3160 1573 3214 locus
1603 3158 1697 3215 Dei
1738 3174 1891 3223 esse,
1926 3142 2056 3215 utJ

2071 3141 2208 3213 ἶκαὶ
2264 3159 2530 3231 ἀταραξίᾳ
2589 3162 2681 3214 καὶ
2730 3160 2938 3232 γαλήνῃ
2986 3161 3285 3230 διάγουσαι,
3345 3163 3569 3225 εἰκότως
3616 3163 3681 3216 ἂν

446 3260 574 3321 pote
607 3266 725 3320 quae
755 3250 1020 3320 Spiritum
1050 3248 1294 3302 divinum
1328 3252 1384 3303 in
1417 3265 1476 3305 se
1505 3252 1744 3320 capiant.
1792 3250 1918 3306 ldeo
1945 3252 2014 3309 de

2110 3251 2349 3319 λεχθεῖεν
2380 3250 2474 3303 καὶ
2503 3243 2662 3305 αὗται
2688 3250 2851 3315 τόπος
2878 3251 2970 3304 τοῦ
2995 3251 3149 3315 Θεοῦ,
3178 3252 3254 3315 ὡς
3285 3252 3350 3305 ἂν
3380 3253 3682 3323 χωρητικαὶ

445 3341 649 3396 talibus
678 3340 885 3395 dictum
915 3347 1032 3403 est,
1077 3339 1394 3394 Inhabitabo
1432 3342 1487 3394 in
1526 3341 1634 3394 illis
1672 3352 1723 3395 ει
1763 3341 2010 3395 inambu-

2110 3338 2265 3396 οὖσαι
2300 3341 2443 3394 θείου
2473 3342 2805 3412 Πνεύματος.
2847 3343 2936 3395 Διὸ
2957 3343 3082 3413 περὶ
3108 3341 3217 3395 τῶν
3243 3342 3498 3395 τοιούτων
3528 3344 3681 3414 εἰρη-

446 3432 565 3488 laba
587 3473 603 3497 ,
634 3441 683 3487 et
714 3448 800 3487 ero
832 3432 1047 3486 illorum
1082 3432 1221 3487 Deus
1246 3471 1260 3497 ,
1291 3441 1341 3487 et
1372 3433 1474 3501 ipsi
1502 3440 1656 3487 erunt
1694 3432 1822 3485 mihi
1848 3448 2013 3501 popu-

2109 3449 2198 3486 ται
2228 3432 2309 3497 τὸ,
2354 3433 2681 3501 Ἐνοικήσω
2720 3435 2789 3487 ἐν
2829 3434 3033 3500 αὐτοῖς
3068 3433 3168 3487 καί
3202 3435 3678 3503 ἐμπεριπατήσω,

444 3526 528 3579 lus
558 3527 624 3577 ‘°.
657 3523 810 3590 Quod
843 3524 891 3580 si
936 3525 1074 3580 tales
1108 3525 1163 3579 in
1192 3532 1337 3579 terra
1368 3540 1591 3595 perraro
1619 3525 2009 3595 inveniantur;

2110 3526 2209 3579 καὶ
2237 3526 2451 3595 ἔσομαι
2483 3525 2679 3580 αὐτῶν
2712 3526 2874 3591 Θεὸς,
2925 3526 3022 3579 καί
3068 3528 3236 3580 αὺτοί
3288 3526 3534 3580 ἔσονταί
3576 3544 3677 3597 μοι

443 3632 568 3671 cum
596 3623 785 3672 contra
807 3618 863 3671 in
887 3616 1105 3671 civitate
1127 3616 1221 3671 Dei
1250 3660 1265 3682 ,
1295 3616 1507 3672 caelesti
1541 3615 1635 3671 Dei
1671 3616 2011 3671 domicilium

2106 3621 2275 3686 λαός.
2299 3622 2363 3672 Εἰ
2384 3620 2439 3674 δὲ
2461 3622 2699 3685 σπανίως
2723 3621 2821 3691 μὲν
2843 3622 3176 3692 εὑρίσκοιντο
3196 3622 3287 3676 ἐπὶ
3307 3624 3408 3694 γῆς
3424 3623 3680 3688 τοιοῦτοι,

442 3708 685 3777 angelis,
739 3708 1118 3779 archangelis,
1168 3708 1370 3763 divinis
1412 3708 1743 3775 virtutibus,
1795 3708 2007 3778 spiriti-

2104 3714 2167 3767 ’ὲν
2214 3714 2271 3767 δὲ
2318 3715 2383 3783 τῇ
2442 3714 2557 3765 κατ’
2606 3714 2832 3784 οὐρανὸν
2890 3712 3302 3787 χρηματιζούσῃ
3346 3714 3476 3768 Θεοῦ
3527 3714 3680 3769 πόλει

443 3797 657 3867 busque
704 3798 913 3855 sanctis
956 3800 1366 3869 frequentetur;
1399 3799 1524 3869 jure
1552 3799 1700 3855 dicat
1731 3799 2006 3871 quispiam

2106 3803 2411 3875 πληθύειτὸ
2424 3803 2519 3858 τοῦ
2541 3803 2675 3857 Θεοῦ
2701 3806 3031 3877 οἰκητήριον,
3059 3807 3116 3859 ὲν
3141 3806 3407 3875 ἀγγέλοις,
3436 3807 3529 3859 καὶ
3549 3807 3678 3877 ἁρχ-

429 3891 514 3945 ibi
561 3893 741 3945 locum
785 3890 879 3946 Dei
924 3907 1083 3956 esse,
1128 3903 1181 3947 et
1223 3892 1372 3946 illam
1415 3907 1597 3947 veram
1627 3908 1750 3947 esse
1780 3908 2005 3963 pacem,

2106 3896 2377 3965 αγγέλοις,
2402 3898 2495 3949 ml.
2534 3895 2703 3959 θείαις
2732 3896 3013 3966 δυνάμεσι,
3036 3898 3130 3950 καὶ
3154 3897 3456 3967 πνεύμασιν
3480 3897 3675 3965 ἁγίοις·

437 3992 559 4046 qua:
601 3976 777 4031 Salem
820 3978 908 4031 hic
937 3976 1199 4032 Hebraice
1229 3986 1595 4047 nuncupatur.
1643 3977 1822 4043 Quare
1863 3981 2008 4049 Apo-

2107 3989 2329 4052 εἰκότως
2356 3989 2446 4041 τὸν
2470 3988 2632 4041 τόπον
2649 3987 2741 4041 τοῦ
2766 3990 2900 4042 Θεοῦ
2927 3990 3054 4060 παρ’
3076 3990 3300 4052 ἐκείνοις
3322 3989 3462 4042 εἴποι
3484 3989 3549 4043 ἄν
3568 4002 3674 4054 τις,

421 4071 617 4122 ~stolus
645 4082 769 4121 cum
800 4075 987 4123 nosset
1015 4084 1135 4123 eam
1165 4068 1383 4123 dicebat
1410 4088 1423 4123 :
1460 4068 1569 4123 Illa
1598 4086 1715 4124 vero
1742 4086 1858 4139 qua:
1886 4086 2008 4124 sur-

2106 4078 2363 4149 κάκείνην
2408 4075 2546 4133 εἶναι
2584 4081 2683 4151 τὴν
2727 4081 2948 4151 εἰρήνην
2989 4079 3203 4149 ἀληθῶς
3233 4079 3421 4153 Σαλὴμ
3445 4079 3678 4133 ἐνταῦθα

426 4174 559 4210 sum
603 4167 681 4211 est
721 4157 1018 4212 Jerusalem
1067 4159 1231 4213 libera
1260 4169 1370 4223 est,
1416 4177 1533 4231 qute
1574 4170 1649 4215 est
1681 4172 1848 4215 mater
1904 4178 2001 4214 no-

2106 4165 2249 4224 καττὰ
2272 4172 2369 4243 τὴν
2416 4170 2704 4242 Ἑϐραῖκὴν
2732 4171 2912 4241 φωνὴν
2944 4171 3355 4242 ὠνομασμένην.
3398 4171 3490 4224 Διὸ
3520 4171 3612 4224 καὶ
3644 4170 3680 4224 ὁ

438 4259 555 4303 stra
582 4252 647 4303 σί.
675 4250 806 4303 Nam
838 4250 1015 4305 Salem
1036 4252 1339 4321 explicatur
1364 4268 1500 4320 pax;
1528 4252 1826 4309 Jerusalem
1853 4268 2003 4318 vero,

2105 4261 2425 4325 Ἀπόστολος
2442 4261 2643 4330 ταύτην
2664 4261 2815 4325 εἰδὼς
2838 4261 3040 4331 ἔλεγεν·
3080 4263 3219 4318 Ἡδὲ·
3235 4264 3355 4317 ἄνω
3387 4264 3674 4331 Ἰερουσα-

436 4343 567 4395 visio
609 4341 755 4410 pacis
781 4357 799 4394 :
840 4343 999 4409 cujus
1048 4344 1188 4398 lares
1236 4345 1291 4397 in
1335 4344 1652 4399 cmlestibus
1693 4344 2004 4415 divinisque

2105 4352 2230 4421 λὴμ
2244 4352 2528 4421 ἐλευθέρα
2550 4352 2738 4419 ἐστὶν,
2764 4353 2895 4421 ἣτις
2914 4353 3044 4407 ἐστί
3064 4357 3261 4424 μήτηρ
3282 4353 3467 4423 ἡμῶν.
3487 4354 3673 4426 Σαλήμ

433 4434 731 4488 virtutibus
757 4435 1026 4489 exsistunt
1053 4453 1066 4488 :
1099 4435 1153 4487 in
1182 4435 1383 4504 quibus
1412 4434 1554 4501 Deus
1580 4436 1696 4504 ipse
1724 4435 1965 4490 ambulat
1984 4476 1998 4500 ,
2030 4479 2043 4535 1

2062 4482 2078 4533 ι
2111 4444 2208 4515 μὲν
2234 4446 2342 4517 γὰρ
2375 4444 2732 4535 ἑρμηνεύεται
2764 4446 2992 4514 εἰρήνη,
3045 4448 3395 4519 Ἰερουσαλὴμ
3438 4447 3496 4500 δὲ
3538 4448 3672 4515 ὅρα-

438 4532 625 4595 utpote
669 4541 788 4594 qure
828 4525 947 4588 eius
990 4524 1247 4579 deitatem
1292 4541 1487 4595 capere
1527 4526 1763 4579 valeant.
1798 4524 2003 4580 Deinde
2032 4524 2048 4535 '

2068 4524 2073 4529 ’
2105 4552 2205 4602 σις
2246 4536 2506 4606 εἰρήνης·
2550 4531 2617 4608 ἦς
2652 4537 2713 4590 τὺ
2751 4538 2995 4607 ἐφέστιον
3035 4540 3092 4591 ὲν
3128 4541 3246 4602 ταῖς
3294 4539 3415 4593 κατῖ
3446 4539 3678 4611 οὐρανὸν

434 4616 675 4670 dicitur:
725 4614 792 4668 Et
836 4615 1095 4668 habitatio
1135 4616 1248 4683 ejus
1280 4616 1335 4667 in
1365 4614 1514 4669 Sion.
1549 4614 1745 4669 Postea
1774 4614 2005 4682 subjun-

2104 4627 2274 4692 θείαις
2301 4628 2553 4699 τυγχάνει
2583 4628 2891 4699 δυνάμεσινο
2924 4631 2981 4683 ὲν
3018 4624 3105 4693 αἷς
3138 4633 3166 4683 ό
3207 4630 3337 4693 Θεὸς
3368 4631 3530 4693 αὐτὸς
3566 4631 3670 4701 ὲμ-

437 4709 581 4776 gitur
610 4727 623 4762 :
648 4737 723 4747 -——
746 4705 912 4760 Vatis.
940 4708 993 4759 4.
1040 4705 1126 4758 Ibi
1166 4707 1419 4776 confregit
1458 4706 1717 4775 potentias
1748 4722 2000 4770 arcuum,

2103 4723 2413 4789 περιπατεῖ,
2453 4724 2786 4791 χωρητικαίς
2816 4721 3002 4787 οῦσαις
3045 4723 3143 4791 τῆς
3188 4722 3350 4776 αὑτοῦ
3397 4722 3666 4793 θεότητος.

434 4799 598 4852 telum
619 4837 633 4859 ,
665 4796 901 4867 gladium
929 4804 977 4849 et
1009 4795 1223 4849 bellum.
1271 4795 1372 4849 Hic
1403 4812 1622 4851 rursum
1643 4839 1657 4862 ,
1690 4797 1735 4850 si
1778 4797 1834 4849 in
1879 4812 2004 4851 sen-

2114 4811 2270 4880 Ἑξῆς
2292 4810 2499 4875 τούτοις
2522 4811 2755 4881 λέγεταιο
2788 4812 2898 4864 Καὶ
2924 4813 2986 4865 τὸ
3012 4811 3461 4881 κατοικητήριον
3483 4813 3669 4867 αὐτοῦ

433 4886 582 4942 sibili
629 4894 682 4941 et
729 4892 943 4941 terrena
997 4884 1131 4939 Sion
1185 4886 1299 4940 haec
1342 4895 1491 4957 gesta
1521 4895 1743 4949 essent,
1779 4902 1887 4941 non
1921 4904 2003 4943 es-

2100 4906 2170 4958 ὲν
2219 4906 2388 4959 Σιών.
2440 4902 2572 4958 Εἶτα
2622 4906 2879 4959 συνάπτει
2930 4904 3151 4975 φάσκων
3202 4906 3231 4958 6
3280 4904 3455 4973 λόγος*
3519 4902 3678 4960 Ἐκεῖ

434 4985 518 5035 set
556 4994 722 5033 causa
768 4978 1040 5032 invidendi
1082 4976 1285 5035 iudicis
1330 4979 1409 5033 sic
1447 4978 1722 5047 explicare
1766 4981 2002 5035 volenti-

2098 4994 2424 5063 συνέτριψε
2455 4997 2528 5049 τὰ
2565 4995 2746 5063 κράτη
2776 4994 2893 5049 τῶν
2921 4995 3133 5062 τόξων,
3178 4995 3370 5049 ὅπλον
3410 4994 3509 5048 καί
3525 4997 3670 5065 ῥομ-

431 5070 575 5136 bus;
619 5069 764 5139 quod
798 5070 843 5125 si
894 5069 1026 5138 ipsis
1057 5070 1218 5125 rebus
1247 5071 1415 5139 gestis
1446 5070 1782 5125 contrarium
1835 5087 2002 5142 appa-

2100 5088 2284 5156 φαίαν
2311 5086 2410 5141 καὶ
2447 5087 2731 5155 πόλεμον.
2776 5089 2885 5140 Καὶ
2922 5087 3154 5141 ἐνταῦθα
3182 5087 3340 5140 πάλιν
3368 5089 3417 5140 εἰ
3450 5086 3548 5157 μὲν
3576 5084 3670 5139 ἐπὶ

430 5168 578 5225 reat,
630 5160 758 5230 quia
809 5161 864 5214 in
906 5160 1192 5215 obsidione
1239 5162 1585 5215 inimicorum
1630 5162 1811 5217 diruta
1855 5163 1996 5231 fuit;

2098 5177 2195 5246 τῆς
2241 5176 2505 5248 αἰσθητῆς
2547 5180 2641 5232 καὶ
2681 5178 2918 5245 ἐπιγείου
2966 5177 3101 5231 Σιὼν
3142 5178 3312 5232 ταῦτα
3359 5177 3665 5246 πέπρακτο,

431 5249 807 5303 necessarium
838 5256 922 5304 est
956 5250 1045 5303 hic
1082 5249 1333 5313 Sionem,
1376 5265 1498 5320 quae
1535 5265 1658 5304 cum
1703 5266 1837 5321 pace
1876 5268 2001 5307 con-

2097 5265 2216 5319 οὐδὲ
2239 5266 2344 5321 ἔδει
2375 5267 2587 5336 φθονεῖν
2630 5268 2899 5330 Ἰουδαίοις
2931 5265 3102 5330 οὕτως
3134 5266 3445 5337 ἐκδέχεσθαι
3478 5266 3665 5336 βουλο-

431 5346 614 5409 gruat,
646 5341 967 5412 intelligere,
991 5341 1197 5395 scilicet
1228 5340 1522 5396 Ecclesiam
1552 5340 1645 5396 Dei
1676 5359 1691 5409 ;
1723 5345 1804 5397 vel
1834 5344 1997 5399 etiam

2101 5357 2305 5427 μένοιςο
2350 5360 2398 5411 εἰ
2442 5358 2498 5411 δὲ
2545 5360 2653 5412 πᾶν
2680 5358 2986 5413 τούναντίον
3025 5358 3083 5421 ἐξ
3118 5360 3295 5413 αὐτῶν
3332 5361 3523 5430 ὁρᾶται
3554 5358 3666 5411 τῶν

432 5430 707 5484 caelestem
752 5432 897 5484 illam
940 5432 1007 5486 de
1047 5447 1154 5501 qua
1195 5432 1414 5487 divinus
1449 5434 1743 5502 Apostolus
1771 5434 1884 5489 haec
1910 5435 1998 5491 de-

2099 5450 2454 5519 πραγμάτων,
2484 5449 2572 5502 διὰ
2599 5450 2659 5503 τὸ
2685 5450 3012 5521 ἠρημῶσθαι
3034 5450 3130 5522 τὴν
3162 5449 3299 5503 Σιὼν
3329 5453 3392 5503 ὲκ
3422 5453 3522 5520 τῆς
3552 5449 3661 5503 τῶν

432 5520 659 5573 claravit
686 5539 699 5574 :
734 5521 1043 5576 Accessistis
1078 5522 1147 5575 ad
1183 5523 1314 5576 Sion
1346 5532 1573 5577 montem
1599 5565 1613 5588 ,
1646 5533 1698 5578 et
1731 5527 1996 5581 civitatem

2096 5540 2368 5611 πολεμίων
2399 5520 2735 5613 πολιορκίας,
2766 5520 2977 5612 ἀνάγκη
3012 5520 3433 5615 τῇνάποδοθείσῃ
3465 5543 3654 5612 εἰρήνῃ

432 5608 530 5663 Dei
554 5611 789 5677 uiuentis,
818 5612 1115 5667 Jerusalem
1149 5614 1403 5668 calestem
1428 5655 1443 5679 ,
1476 5625 1523 5669 et
1557 5616 1842 5671 multorum
1878 5618 1996 5672 mil-

2136 5608 2441 5702 αταλλήλως
2492 5608 2583 5684 καὶ
2635 5632 2734 5701 τὴν
2782 5608 2918 5685 sic.»
2966 5608 3339 5704 ἐκλαμϐάνειν,
3394 5608 3529 5701 ἤτοι-
3736 5664 3744 5667 ς

504 5763 549 5794 ⁸⁸
589 5758 756 5819 chit.
795 5782 918 5825 xxi"
946 5806 964 5835 ,
1004 5768 1087 5823 12.
1166 5770 1205 5801 ⁶¹
1249 5769 1429 5826 Galat.
1472 5787 1543 5837 tv,
1575 5771 1664 5827 κο.
