4078 6432
370 415 474 472 881

1502 405 2005 463 COMMENTARIA
2043 406 2105 461 ΙΝ
2148 405 2485 463 PSALMOS.

3509 407 3615 461 88%!

384 524 712 598 Ἐκκλησίαν
754 523 848 579 τοῦ
883 522 1040 587 Θεοῦ,
1076 521 1108 593 ἢ
1143 520 1239 592 τὴν
1273 520 1611 591 ἐπουράνιον,
1647 512 1714 591 ἢν
1742 520 1771 572 ὁ
1805 518 1942 582 θεῖος

2049 518 2178 573 lium
2209 520 2516 590 angelorum
2546 518 2934 590 frequentiam,
2966 527 3017 574 et
3049 518 3341 574 Ecclesium
3381 520 3615 588 primiti-

384 618 707 681 Ἀπόστολος
740 617 977 688 παρίστη
1025 614 1222 683 λέγων·
1257 614 1758 681 Προσεληλύθατε
1791 610 1943 665 Σιὼν

369 712 513 783 ὄρει,
545 708 643 765 καὶ
667 706 839 762 πόλει
862 707 1008 761 Θεοῦ
1036 702 1247 770 ζῶντος
1282 701 1666 773 Ἰερουσαλὴμ
1694 702 1945 770 ἐπουρα-

366 807 498 873 νίῳ,
544 803 641 859 καὶ
681 800 968 873 μυριάσιν
1004 799 1273 868 ἀγγέλων
1308 798 1655 866 πανηγύρει,
1686 796 1784 850 καὶ
1816 798 1942 849 Ἐκ-

369 897 597 965 κλησίᾳ
634 895 1017 963 πρωτοτόκων
1062 889 1603 960 ἀπογεγραμμένων
1645 889 1715 941 ἐν
1764 891 1941 957 οὐρα-

367 990 517 1055 νοῖς.
553 985 817 1041 Ἐνταῦθα
847 986 955 1057 γὰρ
987 985 1251 1056 μηδεμιᾶς
1286 982 1555 1053 ἁμαρτίας
1588 981 1936 1052 ἐνεργούσης,

371 1080 504 1152 μηδέ
530 1096 671 1143 τινος
699 1077 1002 1147 ὑφεστῶτος
1032 1074 1216 1145 ψυχῶν
1248 1073 1526 1145 πολεμίου,
1562 1073 1940 1144 συντέτριπται

2042 627 2221 665 uorum
2247 613 2337 682 qui
2362 612 2645 681 conscripti
2669 621 2791 666 sunt
2816 613 2870 666 in
2897 613 3037 666 caelis
3069 613 3135 667 “.
3168 600 3434 668 Hic‘enim
3463 614 3615 668 nullo

2046 714 2274 774 peccato
2300 704 2517 772 vigente
2540 744 2554 768 ,
2588 704 2850 774 nulloque
2878 705 3184 759 animarum
3216 704 3442 759 inimico
3474 706 3615 761 exsi-

2045 804 2221 853 stente
2243 837 2258 862 ,
2309 786 2567 867 potentiae
2610 812 2837 853 arcuum
2878 797 3130 851 contritae
3161 804 3326 861 sunt,
3360 796 3527 851 telum
3559 803 3614 850 et

2043 889 2256 960 gladius
2302 890 2482 944 ablata
2525 896 2696 953 sunt,
2743 890 2818 943 ita
2863 897 2922 943 ut
2969 889 3036 943 de
3079 889 3146 944 lis
3188 890 3280 959 qui
3325 888 3419 943 illa
3467 903 3617 942 man-

2044 981 2200 1037 sione
2228 981 2435 1051 dignati
2466 988 2595 1036 sunt
2623 980 2875 1047 dicatur,
2906 980 3171 1035 Abscessit
3220 980 3395 1045 dolor,
3451 981 3615 1033 tristi-

2050 1073 2127 1126 tia
2154 1082 2203 1127 et
2238 1075 2460 1143 gemitus
2493 1073 2558 1126 ⁸³.

368 1176 436 1229 τὰ
484 1173 657 1245 κράτη
704 1169 812 1223 τῶν
853 1167 1041 1232 τόξων,
1084 1165 1351 1236 ἀνῄρηται
1386 1183 1444 1218 τε
1473 1164 1634 1217 ὅπλον
1678 1165 1770 1217 καὶ
1807 1162 2066 1235 ῥομφαίαο
2123 1164 2199 1227 ὡς
2246 1164 2498 1233 λέγεσθαι
2549 1165 2677 1236 περῖ⁹
2730 1163 2839 1218 τῶν
2893 1162 3330 1235 καταξιουμένων
3360 1164 3459 1235 τῆς
3496 1164 3614 1219 ἐκεῖ

367 1266 662 1338 διατριϐῆς
713 1263 955 1331 Ἀπέδρα
987 1261 1171 1328 ὀδύνη
1206 1259 1303 1314 καὶ
1334 1261 1498 1328 λύπη
1531 1259 1629 1314 καὶ
1659 1261 2014 1329 στεναγμός.

437 1380 705 1448 Φωτίζεις
742 1380 823 1435 σὺ
858 1376 1211 1448 θαυμαστῶς
1256 1378 1374 1431 ἀπὸ
1418 1379 1601 1448 ὀρέων
1650 1379 1933 1441 αἰωνίων,

366 1472 783 1543 ἐταράχθησαν
806 1473 859 1526 οἱ
885 1470 1165 1525 ἀσύνετοι
1193 1467 1268 1538 τῇ
1302 1469 1529 1539 καρδίᾳ.
1567 1470 1780 1542 Σφόδρα
1810 1470 1938 1523 ἁκο-

368 1563 587 1628 λούθως,
626 1562 763 1634 μετὰ
790 1561 850 1614 τὸ
884 1561 1228 1638 παραστῆσαι
1252 1561 1343 1613 τὸν
1374 1560 1537 1615 τόπον
1565 1561 1658 1614 τοῦ
1686 1561 1842 1623 Θεοῦ,
1864 1562 1940 1614 δι-

364 1652 572 1717 δάσκει,
618 1653 700 1706 ὅτι
746 1651 1162 1705 ἀποκέκλεισται
1191 1650 1322 1704 εἴσω
1352 1650 1444 1704 τοῦ
1469 1652 1635 1706 τόπου
1684 1652 1847 1707 αὑτοῦ
1874 1653 1940 1706 τὰ

2114 1377 2277 1434 Vens.
2312 1380 2364 1434 5.
2387 1378 2668 1433 Illuminas
2692 1391 2746 1433 tu
2768 1379 3080 1434 mirabiliter
3108 1398 3139 1433 a
3170 1379 3433 1434 montibus
3460 1390 3612 1435 αἰετ-

2041 1470 2146 1532 nis,
2186 1469 2539 1524 turbatisunt
2564 1471 2869 1540 insipientes
2893 1472 3066 1525 corde.
3084 1471 3386 1526 Admodum
3419 1486 3614 1527 conse-

2043 1568 2291 1633 quenter,
2324 1570 2608 1632 postquam
2632 1563 2809 1617 locum
2840 1560 2934 1621 Dei
2974 1561 3290 1624 declaravit,
3310 1561 3467 1616 docet
3504 1576 3613 1616 non

2045 1654 2189 1708 intra
2215 1655 2393 1708 locum
2419 1653 2729 1722 liujusmodi
2759 1651 3013 1707 concludi
3034 1653 3205 1718 bona;
3243 1650 3337 1707 sed
3361 1666 3483 1706 eum
3511 1665 3611 1704 ccu

366 1744 561 1813 ἀγαθά·
588 1744 808 1807 ἀκτῖνας
830 1743 874 1796 δ’
900 1743 1084 1814 ὥσπερ
1114 1743 1385 1813 ἐκπέμπει
1411 1744 1504 1796 καὶ
1531 1745 1623 1797 ἐπ)⁴
1648 1745 1775 1806 τοὺς
1806 1747 1941 1816 πορ-

2045 1745 2230 1800 radios
2266 1745 2462 1799 exinde
2500 1746 2750 1799 emittere
2794 1744 2861 1798 ad
2901 1758 2995 1799 eos
3028 1742 3469 1814 quirlongissime
3520 1741 3612 1796 siti

367 1834 609 1905 ρωτάτω.
659 1832 750 1886 Διό
793 1851 924 1906 φησι
949 1849 962 1863 ο
998 1833 1263 1898 Φωτίζεις
1317 1833 1398 1887 σὺ
1442 1833 1795 1904 θαυμαστῶς
1827 1833 1942 1889 ἀπὸ

2049 1845 2199 1893 sunt.
2235 1836 2600 1903 Quamobrem
2632 1837 2708 1889 ait
2728 1852 2753 1889 ιε
2803 1834 3093 1891 Illuminas
3136 1843 3192 1889 tu
3239 1833 3556 1888 mirabiliter
3580 1850 3617 1887 a

365 1926 546 1997 ὀρέων
575 1926 842 1979 αἰωνίων.
889 1925 1023 1978 Τίνα
1054 1925 1110 1977 δὲ
1158 1922 1227 1997 ἧν
1266 1926 1334 1980 τὰ
1367 1926 1560 1981 αἰώνια
1604 1927 1727 1999 ὅρη,
1763 1926 1876 1980 ἀλλ’
1909 1927 1940 1998 ἢ

365 2018 501 2074 Σιὼν
551 2019 643 2072 καὶ¹
687 2020 720 2090 ή
757 2017 964 2089 Σαλὴμ,
996 2016 1065 2070 τὰ
1108 2017 1195 2071 διὰ
1236 2019 1345 2072 τῶν
1395 2018 1701 2091 ἔμπροσθεν
1749 2019 1943 2072 ἀποδο-

364 2111 553 2176 θέντα;
589 2109 827 2163 Ἀνωθεν
858 2108 988 2178 γοῦν
1020 2110 1128 2163 ἀπὸ
1162 2110 1271 2164 τῶν
1310 2111 1573 2179 οὐρανίων
1614 2110 1942 2182 ὑψωμάτων,

363 2203 551 2273 ὥσπερ
590 2203 654 2255 ἐκ
689 2201 850 2255 τινῶν
895 2202 1128 2255 αἰωνίων
1155 2202 1317 2274 ὀρῶν,
1355 2200 1454 2265 τὰς
1499 2202 1671 2268 αὐγὰς
1706 2202 1815 2255 τῶν
1846 2204 1944 2273 τῆς

365 2294 617 2365 Θεότητος
642 2293 807 2347 αὐτοῦ
842 2294 1241 2366 μαρμαρυγῶν,
1273 2295 1367 2348 καὶ
1402 2294 1562 2367 μέχρι
1588 2294 1693 2348 τῶν
1727 2295 1819 2347 ἐπὶ
1840 2295 1945 2365 γῆς

364 2385 681 2457 ἐκπέμπων,
720 2386 943 2454 φωτίζει
971 2386 1070 2450 τὰς
1102 2385 1212 2439 τῶν
1242 2385 1405 2452 ἀξίων
1433 2385 1630 2458 ψυχὰς,
1664 2385 1945 2457 καταλάμ-

366 2495 482 2533 πων
515 2477 684 2540 αὑτὰς
708 2477 786 2548 τῷ
810 2477 949 2548 ἁγίῳ
971 2476 1133 2545 αὑτοῦ
1160 2477 1433 2549 Πνεῦματι
1449 2495 1463 2508 ·
1496 2477 1701 2540 ταύτας
1736 2478 1831 2549 μὲν
1851 2474 1943 2531 οῦν

364 2569 619 2638 φωτίζειο
655 2570 781 2631 τοὺς
806 2568 1130 2633 δὲὰναξίους
1158 2567 1266 2621 τῶν
1299 2567 1491 2637 φώτων
1523 2567 1685 2622 αὐτοῦ
1720 2568 1943 2639 προνοίᾳ

361 2660 465 2730 τῆς
507 2658 900 2732 δικαιοκρισίας
940 2657 1101 2711 αὐτοῦ
1150 2658 1545 2730 μετερχόμενος
1586 2657 1820 2730 Θορυόεἰ.
1852 2659 1944 2712 Διὸ

367 2751 606 2821 ἐπιλέγει
629 2766 644 2781 ⁸
700 2749 1153 2821 Ἐταράχθησαν
1193 2750 1414 2815 πάντες
1459 2753 1512 2804 οἱ
1545 2750 1824 2805 ἀσύνετοι
1866 2749 1943 2819 τῇ

365 2838 595 2908 καρδίᾳ.
646 2838 915 2892 Ἀσύνετοι
959 2839 1068 2911 γὰρ
1099 2839 1312 2910 ἀληθῶς
1348 2840 1499 2904 ὄντες
1543 2844 1610 2912 τῇ
1661 2840 1941 2913 καρδίᾳ,ἢ

363 2931 505 2984 κατὰ
540 2930 630 2983 τὸν
663 2930 975 3001 Σύμμαχον,
1020 2930 1388 3000 ὑπερήφανοι
1418 2931 1534 3001 τὴν
1576 2932 1844 3001 καρδίαν,
1879 2933 1941 2985 οὐ

365 3019 723 3090 παρεδέξαντο
767 3019 861 3073 τοῦ
905 3019 1079 3089 φωτὸς
1110 3019 1202 3072 τοῦ
1236 3020 1369 3073 Θεοῦ
1410 3021 1510 3085 τὰς
1552 3019 1939 3092 μαρμαρυγὰς,

2046 1930 2312 1983 montibus
2352 1928 2585 1983 azternis.
2633 1927 2867 1994 Quinam
2899 1936 3114 1983 montes
3156 1928 3235 1982 illi
3264 1926 3474 1990 aeterni,
3506 1924 3614 1980 nisi

2046 2018 2180 2073 Sion
2214 2025 2277 2074 et
2303 2016 2507 2082 Salem,
2534 2018 2601 2072 de
2644 2019 2844 2089 quibus
2880 2017 3132 2088 superius
3158 2018 3380 2071 actum?
3408 2015 3485 2069 Ex
3520 2032 3616 2070 su-

2043 2111 2229 2181 pernis
2278 2110 2446 2180 igitur
2492 2116 2547 2164 et
2588 2109 2909 2165 coelestibus
2954 2110 3352 2172 cacuminibus,
3406 2123 3506 2162 ceu
3544 2123 3616 2163 ex

2042 2201 2263 2256 aeternis
2297 2199 2601 2263 montibus,
2647 2197 2870 2253 deitatis
2901 2212 3014 2253 sua:
3043 2197 3228 2252 radios
3283 2197 3350 2251 ad
3384 2196 3615 2265 terrige-

2043 2309 2145 2349 nas
2175 2309 2351 2364 usque
2385 2293 2662 2356 amittens,
2696 2304 2886 2346 eorum
2925 2289 3018 2359 qui
3049 2290 3196 2359 digni
3245 2294 3372 2344 sunt
3397 2289 3616 2343 animas

2044 2383 2285 2439 illustrat
2324 2381 2640 2454 Spirituque
2667 2391 2860 2437 sancto
2895 2396 2996 2436 suo
3040 2381 3332 2434 illuminat.
3364 2378 3496 2442 Has,
3521 2379 3610 2433 in-

2045 2489 2233 2544 quam,
2278 2473 2580 2538 illuminat;
2613 2486 2713 2525 suo
2752 2478 2933 2524 autem
2960 2470 3163 2524 lumine
3194 2469 3449 2539 indignos
3475 2468 3610 2538 justi

2038 2565 2231 2637 judicii
2263 2566 2345 2619 sui
2362 2563 2702 2635 providentia
2720 2562 2984 2617 invadens
3003 2562 3313 2616 conturbat.
3333 2559 3615 2626 Quamob-

2041 2673 2156 2712 rem
2207 2655 2412 2719 subdit,
2445 2653 2668 2709 Turbati
2704 2662 2828 2707 sunt
2871 2669 3047 2708 omnes
3098 2653 3399 2722 insipientes
3432 2651 3609 2706 corde.

2041 2744 2175 2799 Nam
2211 2760 2336 2799 cum
2367 2759 2557 2800 revera
2587 2742 2908 2812 insipientes
2936 2743 3135 2807 corde;
3164 2743 3279 2798 sive
3309 2742 3610 2797 secundum

2046 2834 2468 2907 Symmachum,
2516 2837 2724 2905 superbi
2753 2836 2928 2900 corde,
2974 2843 3181 2899 essent,
3229 2835 3426 2890 divina:
3470 2834 3611 2889 lucis

2042 2929 2225 2985 radios
2273 2943 2384 2983 non
2430 2936 2786 2998 exceperunt,
2831 2928 2953 2983 ideo
3003 2927 3208 2982 turbati
3257 2932 3408 2982 sunt.
3441 2924 3612 2980 Iidem

2040 3036 2172 3077 vero
2199 3021 2302 3091 ipsi
2326 3027 2617 3091 postquam
2646 3020 2975 3074 dormierunt
3001 3036 3243 3074 somnum
3272 3035 3446 3081 suum,
3479 3018 3615 3073 nihil

362 3113 444 3168 διὸ
476 3114 871 3186 ἐταράχθησαν.
905 3115 967 3167 Ol
1000 3114 1045 3168 δ’
1074 3114 1247 3181 αὐτοὶ,
1278 3117 1372 3168 καὶ
1418 3114 1809 3181 ὑπνώσαντες
1835 3113 1942 3167 τὸν

2042 3114 2345 3169 invenerunt
2392 3115 2446 3167 in
2503 3114 2746 3167 manibus
2793 3115 2926 3178 suis,
2977 3113 3105 3183 quia
3152 3113 3253 3167 viri
3302 3111 3613 3169 divitiarum

363 3205 558 3259 ὕπνον
603 3205 820 3271 αὐτῶν,
852 3210 965 3277 οὐχ
1001 3202 1182 3276 εὗρον
1228 3206 1408 3262 οὐδὲν
1446 3208 1517 3261 ἐν
1564 3207 1694 3272 ταῖς
1735 3206 1944 3277 χερσὶν

362 3294 591 3359 αὐτῶν,
636 3295 849 3366 ἄνδρες
897 3296 1048 3359 ὄντες
1098 3297 1385 3350 πλούτου.
1420 3296 1565 3367 Πρὸς
1619 3295 1790 3367 βραχὺ
1833 3296 1942 3368 γὰρ

362 3386 744 3459 όνειρώξαντες
774 3391 839 3461 τῇ
870 3388 965 3443 τοῦ
993 3386 1186 3461 θνητοῦ
1221 3388 1333 3460 βίου
1366 3388 1652 3459 φαντασίᾳ,
1676 3390 1769 3442 καὶ
1801 3389 1944 3460 μέγα

365 3481 727 3551 φρονήσαντες
758 3480 851 3534 ἐπὶ
874 3480 1103 3551 πλούτῳ,
1128 3480 1371 3552 ἐνόμιζόν
1396 3498 1540 3545 τινες
1568 3477 1725 3545 εἶναι,
1756 3499 1945 3541 κατεν-

362 3572 675 3642 τρυφῶντες
706 3576 825 3636 ταῖς
856 3573 967 3627 ἀπὸ
1010 3572 1111 3626 τοῦ
1152 3573 1380 3626 πλούτου
1430 3573 1812 3647 ποριζομέναις
1842 3576 1943 3630 αὐ-

362 3665 473 3726 τοῖς
520 3663 899 3734 ἡδυπαθείαιςο
937 3663 1012 3727 ὡς
1043 3663 1099 3717 δὲ
1149 3664 1243 3718 τοῦ
1285 3663 1453 3719 ὕπνου
1488 3666 1939 3738 διεγρηγόρησαν,

367 3754 728 3824 μεταστάντες
756 3754 849 3807 τοῦ
891 3755 1154 3826 παρόντος
1190 3754 1326 3825 βίου,
1371 3750 1527 3827 εὗρον
1570 3756 1795 3821 ἑαυτοὺς
1844 3757 1943 3810 οὐκ

364 3843 583 3913 ἔχοντας
626 3844 798 3909 οὐδὲν,
832 3844 954 3897 οὐδὲ
993 3862 1047 3898 τι
1095 3848 1213 3909 ταῖς
1246 3846 1404 3918 χερσὶ
1457 3844 1809 3916 κρατοῦντας.
1853 3849 1944 3901 Διὸ

363 3933 612 3988 λέλεκταί
644 3946 776 3987 που·
824 3934 925 4003 Μὴ
961 3936 1145 4005 φοϐοῦ
1181 3936 1327 3989 ὅταν
1365 3938 1686 4008 πλουτήσῃ
1724 3939 1943 4010 ἄνθρω-

366 4040 499 4090 πος,
534 4025 631 4078 καὶ
663 4025 810 4079 ὅταν
850 4026 1173 4096 πληθυνθῇ
1225 4028 1263 4095 ἡ
1295 4028 1443 4092 δόξα
1478 4029 1586 4084 τοῦ
1619 4031 1790 4085 οἴκου
1832 4033 1941 4085 αὺ-

364 4116 500 4170 τοῦ·
530 4115 618 4169 ὅτι
652 4119 763 4171 οὐκ
794 4118 865 4172 ἐν
907 4116 986 4184 τῷ
1023 4118 1431 4185 ἀποθνήσκειν
1461 4122 1648 4176 αὐτὸν
1683 4122 1942 4191 λήψεται

364 4210 440 4261 τὰ
484 4207 700 4271 πάντα,
752 4208 894 4263 οὐδὲ
934 4211 1450 4281 συγκαταϐήσεται
1497 4211 1657 4279 αὐτῷ
1707 4214 1746 4282 ἠ
1795 4202 1943 4279 δόξα

365 4298 573 4352 αὐτοῦ.
605 4299 796 4353 Ἔνθεν
831 4300 1053 4365 εἰκότως
1096 4303 1145 4355 οἱ
1179 4302 1392 4375 άληθῶς
1423 4303 1667 4358 ἀσύνετοι
1698 4308 1763 4377 τῇ
1805 4324 1941 4378 καρ-

365 4389 454 4461 δίᾳ
491 4391 867 4462 ἐταράχθησαν
912 4392 1029 4459 ἀπὸ
1070 4394 1462 4464 ἐπιτιμήσεως
1496 4395 1601 4450 τοῦ
1637 4396 1786 4451 Θεοῦ
1831 4399 1941 4453 Ἰα-

2043 3213 2220 3263 erant.
2252 3204 2388 3261 Nam
2429 3220 2554 3260 cum
2587 3206 2653 3260 ad
2694 3207 2857 3261 breve
2890 3213 3104 3275 tempus
3132 3205 3188 3258 in
3210 3205 3460 3261 mortalis
3482 3205 3626 3260 vitae

2039 3297 2328 3368 phantasia
2358 3295 2773 3359 dormitassent,
2807 3303 2861 3351 et
2893 3296 3062 3350 altum
3114 3296 3181 3350 de
3212 3295 3420 3350 divitiis
3454 3311 3611 3367 sape-

2039 3399 2184 3454 rent,
2218 3388 2324 3443 rati
2370 3403 2430 3443 se
2486 3388 2694 3458 aliquid
2750 3402 2892 3453 esse,
2928 3388 2985 3441 in
3025 3387 3421 3457 voluptatibus,
3469 3403 3610 3458 quas

2039 3481 2143 3537 sibi
2181 3480 2386 3535 divitiae
2412 3480 2802 3542 conciliabant,
2848 3478 3079 3534 demersi
3110 3488 3261 3534 sunt.
3292 3479 3611 3551 Experrecti

2041 3582 2245 3639 autem,
2288 3580 2453 3644 atque
2488 3588 2555 3628 ex
2586 3572 2690 3627 hac
2728 3572 2836 3626 vita
2874 3572 3147 3637 translati,
3179 3587 3299 3628 sese
3340 3573 3479 3627 nihil
3510 3573 3611 3627 ha-

2039 3666 2255 3731 bentes,
2283 3680 2385 3721 nec
2408 3664 2685 3739 quidpiam
2721 3664 2974 3719 manibus
3004 3670 3254 3719 tenentes
3301 3663 3608 3734 deprehen-

2039 3758 2255 3813 derunt.
2272 3757 2450 3824 Quare
2475 3756 2671 3812 alicubi
2691 3756 2895 3811 dictum
2920 3763 3004 3811 est
3026 3754 3071 3785 “
3091 3770 3105 3807 :
3126 3754 3207 3809 Ne
3226 3755 3465 3808 timueris
3488 3770 3611 3807 cum

2039 3849 2179 3904 dives
2202 3849 2373 3919 factus
2407 3848 2569 3918 fuerit
2600 3848 2774 3911 homo,
2816 3856 2865 3901 et
2918 3864 3035 3901 cum
3062 3846 3421 3915 multiplicata
3450 3846 3610 3915 fuerit

2039 3942 2213 4014 gloria
2237 3941 2421 3996 domus
2440 3940 2587 4009 ejus;
2617 3940 2866 4010 quoniam
2897 3955 3014 3993 cum
3037 3938 3293 3992 interierit
3317 3954 3419 3991 non
3441 3945 3611 3992 sumet

2042 4034 2239 4099 omnia,
2260 4049 2418 4104 neque
2437 4031 2708 4085 descendet
2737 4048 2854 4085 cum
2887 4048 2945 4085 eo
2966 4032 3137 4102 gloria
3157 4031 3291 4100 ejus.
3331 4030 3481 4086 Unde
3509 4045 3611 4085 nec

2041 4124 2311 4179 immerito
2344 4124 2423 4179 illi
2462 4139 2584 4179 vere
2609 4124 2928 4194 insipientes
2957 4124 3121 4179 corde
3148 4125 3352 4179 turbati
3388 4131 3517 4181 sunt
3544 4124 3611 4178 ab

2040 4218 2388 4287 increpatione
2410 4216 2503 4271 Dei
2518 4215 2716 4282 Iacob;
2734 4217 2870 4284 sive,
2888 4218 3183 4273 secundum
3201 4218 3623 4289 Symmachum,

2042 4326 2076 4364 a
2110 4309 2321 4380 fremitu
2359 4306 2847 4380 [comminatione].
2887 4306 3042 4363 Tunc
3080 4308 3225 4363 enim
3282 4308 3621 4362 sententiam

2041 4398 2177 4469 justi
2221 4398 2417 4468 judicii
2464 4396 2561 4453 Dei
2616 4399 2935 4462 subeuntes,
2973 4401 3169 4453 merito
3221 4399 3609 4464 turbabuntur,

367 4481 517 4534 κώϐ·
552 4482 584 4553 ἥ
612 4482 752 4535 κατά
782 4483 871 4536 τὸν
910 4466 1222 4555 Σόμμαχον,
1267 4486 1383 4539 ἀπὸ
1421 4486 1849 4557 ἑμϐριμήσεωςο
1883 4490 1942 4542 τὸ

2042 4491 2171 4562 quia
2201 4491 2633 4545 dormitaverunt
2662 4490 2982 4545 conscensis
3010 4492 3166 4560 equis
3192 4490 3327 4554 suis,
3360 4490 3607 4545 videlicet

367 4569 663 4639 τηνικαῦτα
682 4571 789 4641 γὰρ
826 4573 929 4625 ὑπὸ
948 4573 1219 4643 ἀπόφασιν
1250 4575 1527 4645 γενόμενοι
1561 4576 1658 4647 τῆς
1686 4576 1780 4630 τοῦ
1807 4578 1940 4631 Θεοῦ

365 4660 791 4734 δικαιοκρισίας,
852 4665 1282 4737 ταραχθήσονται
1338 4668 1593 4734 εἰκότως,
1649 4670 1941 4744 ἐπειδήπερ

367 4752 662 4820 ἐνύσταξαν
693 4756 1077 4826 ἐπιϐεϐηκότες
1104 4761 1213 4821 τοῖς
1250 4757 1457 4811 ἐαυτῶν
1484 4759 1688 4823 ἵπποις,
1740 4760 1938 4833 δηλαδὴ

366 4849 478 4911 τοῖς
494 4847 808 4911 ἀκολάστοις
828 4848 1068 4919 σώμασι·
1098 4849 1212 4903 δέον
1235 4850 1593 4922 ἐγρηγορέναι
1615 4851 1707 4904 καὶ
1728 4852 1942 4922 νήφειν,

369 4939 805 5010 μνημονεύοντας
838 4940 980 4993 θείου
1021 4941 1436 5012 προστάγματος
1467 4941 1713 5010 λέγοντες
1732 4959 1745 4973 ·
1784 4945 1935 5012 Γρηο

367 5030 621 5100 γορεῖτε,
674 5032 762 5084 ὅτι
809 5034 920 5085 οὐκ
969 5031 1167 5087 οἴδατε
1203 5032 1319 5100 τὴν
1365 5032 1592 5102 ἡμέραν
1636 5032 1778 5087 οὐδὲ
1824 5033 1947 5101 τὴν»

365 5119 544 5190 ὥραν.
575 5123 637 5176 Oi
664 5121 720 5174 δὲ
762 5122 1052 5188 ἐνύσταςον
1084 5124 1178 5177 καὶ¹
1224 5124 1480 5177 ὓπνωσαν
1515 5123 1681 5177 ὕπνον
1721 5124 1899 5177 αὐτῶν
1920 5166 1934 5190 ,

364 5211 595 5283 ὀνείροις
626 5215 720 5266 καὶ
766 5215 1143 5285 φαντάσμασιν
1175 5215 1500 5282 ἐκδοθέντες,
1538 5218 1721 5280 ἵπποις
1743 5234 1803 5269 τε
1843 5216 1938 5288 θη-

366 5301 626 5374 λυμανέσι
666 5308 776 5369 τοῖς
809 5306 985 5359 αὐτῶν
1024 5306 1234 5378 σώμασι
1260 5308 1609 5379 χρησάμενοι.
1639 5303 1797 5362 Οὗτοι
1823 5327 1934 5361 τοι-

366 5393 570 5466 γαροῦν
624 5396 821 5460 πάντες
863 5399 912 5451 οἱ
966 5399 1094 5451 ποτε
1128 5399 1225 5469 μὲν
1257 5399 1537 5470 λεγόμενοι
1579 5400 1825 5454 ἀσύνετοι
1867 5404 1932 5472 τῇ

366 5486 586 5557 καρδίᾳ,
616 5489 744 5541 ποτέ
783 5489 839 5541 δέ
879 5490 1069 5561 ἄνδρες
1099 5490 1192 5542 τοῦ
1226 5489 1476 5555 πλούτου,
1515 5491 1632 5543 νυνὶ
1669 5490 1726 5544 δὲ
1754 5490 1935 5544 ἐπιϐε-

366 5577 598 5649 ϐηκότες
646 5581 770 5643 τοὺς
820 5580 1038 5645 ἵππους.
1067 5582 1203 5645 τέως
1255 5582 1354 5653 μὲν
1405 5582 1545 5636 κατὰ
1591 5582 1690 5653 τὴν
1739 5581 1938 5653 θνητὴν

369 5668 516 5740 ζωὴν
564 5670 878 5738 ὲνύστιιιξσιν,
908 5673 943 5745 ἢ
974 5673 1116 5727 κατὰ
1155 5674 1248 5727 τὸν
1289 5673 1598 5745 Σύμμαχον,
1644 5673 1939 5743 ἐκαρώθη-

2044 4585 2260 4640 lascivis
2295 4583 2616 4654 corporibus
2639 4602 2653 4651 ;
2696 4598 2820 4636 cum
2844 4583 3178 4652 oportuisset
3202 4582 3425 4653 vigilare
3449 4591 3502 4636 et
3522 4597 3606 4637 so-

2041 4676 2159 4731 brie
2187 4690 2656 4746 agere,memores
2678 4674 2846 4729 divini
2866 4675 3117 4745 praecepti
3148 4674 3382 4730 dicentis
3409 4692 3422 4727 :
3466 4672 3607 4743 Vigi-

2041 4771 2294 4841 late,quia
2317 4770 2527 4824 nescitis
2552 4768 2709 4833 diem,
2734 4785 2892 4839 neque
2917 4768 3102 4822 horam
3122 4768 3186 4821 ⁸⁵.
3217 4768 3296 4821 llli
3330 4782 3455 4822 vero
3489 4767 3590 4821 dor

2042 4859 2327 4922 mitabant,
2365 4869 2418 4915 et
2453 4858 2791 4914 dormierunt
2819 4873 3068 4913 somnum
3096 4874 3276 4920 suum,
3297 4858 3526 4913 somniis
3556 4864 3606 4913 et

2040 4950 2342 5021 phantasiis
2389 4949 2598 5015 dediti,
2640 4951 2904 5020 equisque
2961 4930 3180 5004 las‘civis
3206 4991 3221 5017 ,
3280 4951 3607 5020 corporibus

2041 5056 2238 5112 nempe
2272 5041 2387 5098 suis
2426 5041 2533 5097 usi.
2566 5040 2631 5095 Hi
2665 5042 2850 5111 itaque
2896 5055 3088 5095 omnes
3118 5041 3234 5110 qui,
3280 5043 3444 5097 modo
3467 5043 3607 5097 insi—

2039 5135 2249 5205 pientes
2302 5132 2488 5197 corde,
2545 5134 2705 5188 modo
2734 5135 2837 5189 viri
2873 5134 3208 5197 divitiarum,
3246 5150 3392 5188 nunc
3423 5150 3613 5191 ascen-

2040 5221 2231 5276 dentes
2266 5236 2437 5291 equos
2487 5231 2777 5287 vocantur,
2806 5223 2934 5277 dum
2983 5225 3035 5277 iu
3092 5225 3346 5294 przesenti
3382 5226 3493 5278 vita
3522 5226 3613 5281 de-

2039 5319 2252 5381 gerent,
2270 5310 2719 5380 dormitaverunt;
2744 5314 2858 5368 sive
2875 5313 3175 5368 secundum
3196 5313 3607 5386 Symmachum,

2041 5405 2274 5471 soporati
2303 5414 2444 5471 sunt,
2492 5420 2688 5476 soporo
2717 5414 2770 5461 et
2818 5405 3081 5461 ebrietate
3112 5408 3306 5462 anima:
3341 5407 3610 5478 depressi.

2042 5488 2246 5547 Deinde
2280 5509 2429 5558 vero,
2450 5494 2772 5550 dormierunt
2801 5514 3041 5551 somnum
3063 5516 3237 5563 suum,
3270 5501 3426 5555 vanis
3445 5501 3615 5570 phan-

2040 5576 2200 5639 tasiis
2236 5584 2440 5653 dediti;
2473 5602 2535 5641 ac
2560 5587 2775 5642 demum
2810 5591 3197 5662 expergefacti,
3244 5594 3448 5647 turbati
3483 5598 3615 5649 sunt

2045 5676 2115 5729 ab
2149 5675 2523 5747 increpatione
2550 5676 2644 5733 Dei
2667 5677 2856 5736 Iacob.
2886 5681 2983 5736 llic
3014 5698 3175 5753 porro
3203 5692 3317 5741 erat
3356 5684 3616 5742 Servator

321 5794 335 5843 λ
442 5830 487 5859 ει·
528 5828 690 5887 llebr.
728 5831 967 5897 1:11.22.
1048 5833 1092 5865 σε
1132 5831 1233 5888 lsa.
1273 5831 1479 5904 L1,“.
1559 5832 1940 5889 6*Psame

2060 5834 2143 5902 Π,
2172 5834 2255 5891 l8.
2333 5837 2376 5869 ⁸⁸
2417 5835 2604 5895 Matth.
2640 5856 2763 5903 ην,
2802 5840 2883 5895 l5.
