4078 6432
513 390 620 448 885
1198 397 1462 454 EUSEBII
1501 398 1980 454 CzESARlENSlS
2015 397 2164 454 OPP.
2199 395 2381 452 PARS
2420 394 2508 452 ll‘i.
2549 423 2620 437 —
2657 392 3069 450 EXEGETICA.
3640 383 3758 440 884

514 512 723 570 noster,
770 503 864 560 Dei
921 505 1179 567 Verbum,
1221 507 1315 575 qui
1372 506 1474 576 ipsi
1521 505 1691 562 Iacob
1730 506 1872 563 Deus
1919 507 2068 564 visus

2174 524 2316 575 σαν,
2359 506 2512 576 κάρῳ
2540 503 2633 556 καὶ
2666 502 2803 574 μέθῃ
2837 501 3015 572 ψυχῆς
3048 500 3507 572 περιενεχθέντεςο
3540 497 3659 556 εἶτα
3688 501 3767 555 δὲ

510 596 683 652 fuisse
713 596 766 650 in
802 595 1084 667 Scriptura
1105 597 1276 652 fertur
1306 617 1319 652 :
1349 599 1551 668 quique
1573 599 1837 669 judicium
1872 601 1925 654 in
1956 615 2068 654 om-

2177 600 2472 652 ὕπνωσαν
2505 594 2700 646 ὕπνον
2746 589 2962 654 αὐτῶν,
3008 590 3323 659 φαντασίαις
3361 589 3610 660 ματαίαις
3657 593 3762 644 ἐκ·

511 701 608 740 ιιμε
639 701 668 739 a
698 685 857 741 Patre
899 688 1124 756 accepit.
1994 741 1997 747 .

2178 689 2417 751 δοθέντες
2437 703 2449 715 ·
2480 685 2575 738 καὶ
2603 683 2752 746 τέλος
2789 670 3208 745 διυπνισθέντες,
3239 681 3612 753 ἐταράχθησαν
3639 681 3774 735 ἀπδ-

507 779 873 848 ἐπιτιμήσεως
892 780 986 833 τοῦ
1020 780 1151 834 Θεοῦ
1193 781 1406 836 Ἰακώϐ.
1445 775 1610 846 Οῦτος
1639 783 1694 836 δὲ
1726 780 1793 856 ῆν
1821 787 1850 838 6
1877 785 2142 856 ἡμέτερος
2168 784 2376 854 Σωτὴρ,
2423 783 2452 833 6
2480 778 2573 833 τοῦ
2601 776 2736 830 Θεοῦ
2764 777 2954 845 Λόγος.
2987 778 3016 829 6
3054 776 3134 846 τῷ
3174 775 3365 829 Ἰακὼϐ
3397 775 3758 848 ἀναγεγραμ-

509 869 668 938 μένος
700 864 878 939 ὧφθαι
905 872 1055 935 Θεὸς,
1091 874 1118 924 6
1145 873 1241 944 τὴν
1269 875 1410 928 κατά
1444 876 1658 930 πάντων
1685 878 1863 950 κρίσιν
1892 878 2042 948 παρά
2063 876 2156 930 τοῦ
2190 876 2402 946 Πατρὸς
2434 869 2876 940 ἀναδεδεγμένοςο

2246 989 2330 1043 Σὺ
2357 987 2604 1058 φοϐερὸς
2641 983 2716 1050 εἴ,
2750 984 2846 1039 καὶ
2884 985 2975 1049 τίς
3014 981 3439 1051 ἀντιστήσεται
3459 997 3592 1044 σοι;
3629 980 3755 1034 ἀπὸ

2173 1082 2305 1134 τότε
2327 1081 2365 1146 ή
2397 1079 2540 1150 ὀργή
2574 1097 2710 1132 σου.
2743 1073 2868 1139 Τοῖς
2900 1075 2973 1146 μὴ
3009 1073 3308 1145 βουληθεῖσι
3339 1071 3432 1124 τοῦ
3467 1071 3608 1124 θείου
3631 1086 3752 1140 φω-

2172 1172 2263 1235 τὸς
2292 1172 2389 1234 τὰς
2420 1171 2589 1238 αὑγάς
2631 1166 3035 1240 παραδέξασθαι
3065 1165 3292 1236 φοϐερὸς
3325 1159 3464 1216 εἶναι
3510 1161 3749 1231 λέγεται.

507 1273 628 1311 sum
663 1255 830 1311 Deum
855 1258 1254 1328 alloquebatur,
1288 1260 1570 1316 Illuminas
1611 1272 1667 1316 tu
1700 1264 2015 1318 mirabiliter
2037 1282 2068 1318 a

2175 1262 2264 1314 Διὸ
2288 1263 2541 1333 ἀνωτέρω
2584 1262 2682 1333 μὲν
2723 1259 2872 1330 αὐτῷ
2900 1256 3236 1329 προσεφώνει
3277 1256 3355 1326 τῷ
3386 1254 3504 1325 Θεῷ
3534 1254 3712 1320 λέγων
3739 1272 3746 1276 ·

507 1348 769 1402 montibus
789 1349 1031 1411 aeternis;
1073 1366 1219 1406 nunc
1252 1361 1432 1408 autem
1466 1355 1640 1409 eidem
1690 1355 1766 1408 ait
1801 1375 1813 1410 :
1851 1356 1928 1409 Tu
1969 1366 2068 1410 ter-

2169 1352 2435 1417 Φωτίζεις
2465 1353 2546 1407 σὺ
2575 1349 2932 1422 θαυμαστῶς
2963 1349 3079 1403 ἀπὸ
3125 1350 3307 1416 ὀρέων
3325 1349 3575 1400 αἰωνίων
3593 1363 3605 1375 ·
3631 1347 3753 1400 νυνὶ

507 1438 681 1492 ribilis
705 1455 780 1504 es,
805 1449 853 1493 et
883 1442 1000 1510 quis
1038 1443 1242 1496 resistet
1276 1444 1408 1499 tibi?
1441 1442 1559 1514 Ipse
1605 1445 1789 1516 itaque
1833 1455 1888 1501 ct
1935 1448 2068 1502 lucis

2169 1445 2226 1500 δέ
2257 1445 2334 1517 τῷ
2369 1445 2536 1514 αὐτῷ,
2567 1445 2650 1498 Σὺ
2675 1444 2924 1513 φοϐερὸς
2949 1442 3022 1505 εἷ,
3056 1441 3153 1494 καὶ
3187 1441 3278 1504 τίς
3322 1438 3753 1508 ἀντιστήσεταί

508 1532 761 1603 largitor,
795 1535 1135 1590 etterribilis
1166 1545 1291 1609 est;
1320 1538 1388 1592 iis
1408 1539 1615 1593 scilicet
1645 1540 1736 1609 qui
1765 1540 1820 1594 in
1851 1539 2068 1597 dextera

2171 1549 2308 1598 σοι;
2333 1535 2542 1588 Οὐκοῦν
2568 1535 2596 1587 ὁ
2628 1535 2788 1597 αὐτὸς
2831 1535 2924 1586 καὶ
2957 1531 3132 1602 φωτὸς
3166 1530 3425 1602 πάροχος,
3457 1531 3551 1583 καὶ
3589 1529 3756 1600 φοϐε-

508 1630 657 1686 sunt,
700 1622 840 1678 lucis
873 1604 1319 1694 administrator;
1365 1629 1431 1682 iis
1467 1629 1562 1699 qui
1597 1629 1653 1683 in
1683 1631 1928 1691 sinistra.
1964 1637 2068 1685 ter-

2175 1626 2267 1697 ρὸς
2299 1625 2592 1696 τυγχάνει·
2628 1629 2738 1688 τοῖς
2787 1624 2885 1695 μὲν
2910 1623 3101 1687 δεξιοῖς
3138 1621 3312 1690 φωτὸς
3351 1621 3599 1692 χορηγὸς,
3631 1622 3751 1683 τοῖς

506 1711 704 1776 ribilis,
727 1713 926 1782 quibus
953 1716 1112 1769 etiam
1135 1715 1278 1770 dicet
1300 1731 1312 1767 :
1333 1716 1486 1771 Abite
1506 1719 1559 1771 in
1582 1720 1751 1789 ignem
1798 1728 2068 1786 aeternum,

2176 1717 2232 1770 δὲ
2258 1718 2564 1788 ἀριστεροῖς
2593 1716 2841 1786 φοϐερὸς,
2865 1710 2946 1777 οἷς
2970 1713 3033 1784 δὴ
3064 1713 3157 1766 καὶ
3195 1713 3354 1782 φήσει
3372 1729 3384 1742 ’
3413 1713 3751 1779 Πορεύεσθε

505 1814 754 1868 paratum
785 1804 994 1860 diabolo
1013 1822 1061 1861 et
1092 1809 1291 1878 angelis
1314 1809 1424 1878 ejus
1443 1811 1508 1865 °°.
1534 1809 1736 1867 Deinde
1759 1811 1962 1877 subdit,
1988 1811 2068 1865 Ea:

2171 1809 2259 1871 εὶς
2289 1806 2355 1859 τό
2404 1806 2523 1875 πῦρ
2564 1806 2630 1859 τὸ
2659 1805 2898 1860 αἰώνιον
2926 1803 2993 1857 τὸ
3037 1803 3480 1871 ’ἡτοιμασμένον
3511 1801 3591 1867 τῷ
3621 1802 3766 1854 δια--

475 1013 483 1028 ο
579 982 744 1040 Vens.
765 986 817 1041 8.
838 986 916 1040 Tu
931 987 1180 1042 terribilis
1197 1006 1274 1054 es,
1288 999 1336 1042 et
1353 992 1468 1060 quis
1486 993 1686 1046 resistet
1711 993 1803 1047 tibi
1823 995 1924 1048 ?ex
1948 1002 2069 1045 tunc

510 1077 595 1129 ira
621 1087 731 1130 tua.
770 1076 842 1132 lis
865 1081 957 1148 qui
986 1081 1183 1136 divinae
1204 1082 1340 1136 lucis
1374 1084 1556 1138 radios
1578 1086 1826 1154 excipere
1854 1085 2067 1148 nolunt,

506 1166 772 1221 terribilis
807 1183 930 1222 esse
962 1168 1184 1223 dicitur.
1221 1170 1562 1242 Quapropter
1594 1173 1673 1227 sic
1705 1173 1960 1244 superius
1989 1175 2065 1244 ip-

510 1905 632 1948 tunc
666 1897 746 1950 ira
795 1908 906 1953 tua.
941 1897 1020 1952 Ex
1068 1907 1218 1965 tunc,
1251 1916 1281 1953 a
1323 1916 1558 1971 quonam
1608 1909 1870 1973 tempore,
1903 1904 2009 1958 nisi
2039 1919 2069 1957 a

508 1999 616 2054 quo
640 1984 1065 2041 dormitavcrunt
1093 1989 1186 2058 qui
1235 1989 1601 2044 ascenderunt
1629 2007 1818 2060 equos,
1850 1999 1903 2047 et
1944 1991 2074 2046 dor-

416 2135 418 2138 τ
507 2075 747 2130 inierunt
780 2092 1031 2132 somnum
1069 2094 1228 2134 suum
1277 2080 1597 2150 insipientes
1644 2083 1860 2137 corde?
1902 2081 1980 2137 Ex
2007 2098 2073 2138 eo

509 2182 746 2238 namque
793 2178 1039 2238 tempore
1083 2171 1188 2226 sibi
1229 2172 1365 2242 ipsis
1393 2173 1903 2228 thesaurizaverunt
1936 2174 2072 2228 iram

506 2261 560 2314 in
593 2260 680 2315 die
718 2260 838 2324 irrc;
869 2263 941 2315 ita
979 2271 1038 2316 ut
1067 2264 1201 2333 ipsis
1246 2265 1499 2319 dicatur:
1535 2265 1618 2319 Ite
1648 2265 1716 2318 ad
1741 2266 1912 2320 lumen
1935 2268 2072 2336 ignis

503 2351 762 2415 restri,.et
803 2351 870 2405 ad
909 2353 1180 2421 ﬂammam
1214 2371 1371 2425 quam
1407 2355 1717 2409 accendistis
1747 2356 1812 2410 ⁸⁷.
1861 2354 2072 2427 Singuli

505 2461 740 2516 namque
755 2461 862 2516 quo
878 2456 1120 2516 tempore
1138 2455 1387 2517 peccant,
1403 2463 1468 2502 ex
1482 2462 1544 2501 eo
1563 2449 1696 2500 iram
1721 2447 1821 2502 sibi
1852 2447 2074 2503 thesau-

507 2537 680 2589 rizaut
697 2537 990 2606 :siquidcm
1007 2553 1103 2608 per
1117 2539 1252 2592 iram
1270 2538 1588 2608 intelligitur
1606 2539 1926 2608 supplicium
1948 2553 2076 2608 pec--

502 2629 752 2684 cautibus
767 2629 1124 2685 reconditum.
1143 2629 1346 2685 Deinde
1371 2645 1499 2686 vero
1516 2629 1716 2684 dicitur
1734 2645 1746 2680 :
1764 2627 1980 2683 —Vi-:ns
2014 2628 2067 2682 9'.

507 2717 720 2772 Decmlo
743 2719 983 2772 auditum
1001 2720 1172 2788 fecisti
1185 2720 1469 2789 judicium.
1490 2719 1813 2774 Accuratius
1836 2718 2075 2773 animad-

503 2817 708 2874 vertas,
743 2826 849 2864 non
875 2811 1080 2866 dictum
1120 2810 1310 2877 fuisse,
1343 2812 1544 2880 fecisti,
1582 2811 1697 2875 sed,
1725 2810 1963 2864 auditum
1991 2811 2072 2879 fe-

503 2901 643 2954 cisti.
679 2901 1154 2972 Anlcquamenim
1182 2902 1374 2972 judicii
1405 2911 1628 2971 tempus
1645 2902 1858 2956 eveniat
1885 2903 1952 2957 iis
1977 2901 2071 2972 qui

502 3001 631 3048 ante
664 2993 930 3062 judicium
965 2995 1250 3048 mortalem
1283 2994 1445 3047 vitam
1491 2993 1696 3058 obiere,
1725 3009 1820 3063 per
1856 2993 2070 3048 divinas

501 3081 787 3150 lcclioncs,
821 3098 1102 3138 scrmoucs
1143 3082 1211 3138 de
1239 3083 1426 3138 divino
1453 3083 1663 3154 judicio
1696 3084 1843 3153 ipsos
1881 3083 2071 3140 audire

501 3166 654 3224 fecit.
690 3168 795 3224 Sed
822 3184 967 3224 nunc
999 3169 1214 3240 quidem
1256 3170 1496 3225 futurum
1523 3171 1892 3240 judiciumde
1928 3173 2071 3228 caelo

503 3261 752 3316 auditum
796 3261 925 3317 fecit
959 3281 972 3316 :
1017 3264 1437 3332 superveniente
1477 3272 1658 3318 autem
1705 3264 1841 3333 justi
1877 3263 2069 3332 judicii

502 3349 600 3406 Dei
625 3362 864 3422 tempore
881 3351 1068 3424 (Vens.
1091 3353 1200 3426 10),
1241 3354 1621 3425 terra,.inquit,
1643 3356 1852 3408 tremuit
1868 3365 1916 3410 et
1933 3357 2073 3426 quie-

501 3445 597 3505 vit,
626 3461 743 3497 cum
773 3455 1072 3516 exsurgeret
1118 3447 1172 3499 in
1202 3446 1464 3515 judicium
1500 3446 1660 3511 Deus,
1694 3457 1752 3500 ut
1789 3447 1965 3501 salvos
1994 3448 2072 3516 {a-

502 3545 636 3589 cerct
653 3550 827 3589 omnes
856 3545 1155 3590 mansuetos
1179 3539 1556 3607 terrazAperte
1577 3546 1757 3593 autem
1782 3539 1866 3594 bis
1888 3539 2070 3594 decla-

503 3634 749 3696 rat,.qu:n
775 3627 847 3682 sit
879 3627 1070 3696 judicii
1098 3643 1296 3694 causa;
1333 3629 1410 3682 uti
1435 3629 1646 3685 scilicet
1667 3631 1846 3685 salvos
1867 3630 2069 3686 faceret

501 3728 815 3775 mansuetos
833 3730 1007 3775 terrae.
1024 3719 1157 3774 Nam
1173 3722 1239 3777 de
1262 3721 1444 3793 impiis
1465 3724 1670 3777 dictum
1687 3732 1770 3779 est
1789 3741 1802 3774 :
1834 3722 1957 3778 Non
1986 3741 2069 3779 rc-

500 3819 712 3879 surgent
737 3809 882 3878 impii
908 3810 961 3862 in
983 3809 1213 3878 judicio,
1254 3827 1414 3880 neque
1435 3823 1733 3880 peccatores
1768 3814 1823 3866 in
1848 3815 2068 3868 concilio

491 3903 782 3973 justorum.
816 3900 1079 3964 Quoniam
1100 3902 1239 3955 novit
1269 3902 1523 3958 Dominus
1546 3906 1682 3958 viam
1699 3906 1988 3974 justorum,
2019 3914 2070 3959 et

499 3987 602 4038 iter
635 3987 914 4057 impiorum
941 3990 1130 4058 peribit
1159 3992 1224 4045 ⁸⁸.
1245 3991 1379 4047 Cum
1401 3997 1907 4066 surrexeritjtaque
1924 3996 2068 4052 Deus

501 4075 558 4128 in
600 4077 904 4145 judicium,
952 4089 1013 4135 ut
1070 4085 1252 4139 salvos
1300 4084 1461 4140 faciat
1515 4102 1708 4141 omnes
1751 4099 2068 4144 mansuetos

497 4174 679 4234 teme,
713 4177 860 4225 terra
889 4181 1085 4228 tremet
1115 4187 1166 4229 et
1197 4176 1466 4245 quiescet.
1491 4175 1624 4231 Nam
1660 4181 1929 4234 mansueti
1957 4181 2072 4250 qui-

498 4259 622 4314 dem
657 4263 884 4318 salutem
917 4266 1279 4334 obtincbunt;
1312 4269 1404 4324 alii
1453 4278 1656 4334 autem,
1706 4270 1800 4324 irae
1849 4273 2068 4327 traden-

498 4360 609 4407 tur.
642 4351 870 4424 Reliqua
907 4372 1034 4411 vero
1068 4366 1236 4426 terra,
1265 4367 1318 4413 et
1349 4359 1445 4430 qui
1477 4360 1658 4415 medio
1693 4362 1746 4414 in
1779 4369 1924 4417 statu
1953 4379 2069 4418 ver»

499 4452 713 4508 santur,
739 4455 1021 4516 assumpto
1055 4448 1146 4503 Dei
1171 4451 1365 4505 timore
1404 4465 1434 4504 a
1466 4453 1879 4521 perturbatione
1911 4455 2067 4525 quie-

497 4543 751 4590 scent.—-
787 4537 958 4593 Vens.
994 4541 1082 4594 ll.
1105 4540 1366 4606 Quoniam
1411 4544 1659 4613 cogitatio
1689 4543 1914 4600 hominis
1945 4563 2068 4599 con-

498 4628 732 4694 ﬁtebitur
775 4627 890 4693 tibi,
937 4639 987 4684 et
1026 4630 1263 4700 reliquid:
1309 4635 1645 4702 cogitationis
1688 4635 1826 4688 diem
1871 4636 2062 4705 festum

497 4726 652 4786 agent
693 4717 807 4772 tibi.
839 4717 906 4773 Et
939 4719 1053 4774 boc-
1087 4721 1164 4774 ait
1195 4720 1436 4776 futurum
1476 4738 1600 4778 esse
1641 4739 1764 4778 cum
1805 4735 2064 4798 exsurget

498 4805 838 4875 injudicium
874 4808 1038 4876 Deus,
1075 4821 1134 4866 ut
1180 4813 1360 4868 salvos
1389 4813 1552 4867 faciat
1579 4830 1769 4870 omnes
1805 4832 2062 4873 mansue-

498 4905 583 4952 tos
599 4908 757 4953 terra:
781 4919 796 4966 ;
822 4902 952 4972 quid
985 4903 1132 4960 aliud
1161 4904 1214 4958 id
1238 4904 1419 4970 fuerit,
1452 4922 1614 4976 quam
1645 4907 1789 4978 quod
1814 4911 2061 4980 cogitatio

495 4989 723 5046 hominis
755 4995 1086 5063 conﬁtebitur
1112 4997 1208 5050 tibi
1225 5000 1261 5052 ?'
1280 4997 1468 5053 Omnis
1498 5000 1697 5069 quippe
1719 5001 1922 5071 lingua,
1949 5018 2065 5056 om—

498 5082 583 5136 nis
600 5082 876 5138 hominum
897 5087 1156 5155 cogitatio
1187 5088 1493 5158 mentisque
1520 5091 1796 5159 perceptio
1822 5099 2064 5160 tempore

491 5172 682 5242 judicii
711 5177 1058 5232 conﬁtebitur
1097 5177 1228 5242 Deo,
1262 5179 1482 5248 quando
1531 5182 1744 5234 occulta
1782 5181 2062 5236 hominum

494 5266 902 5336 revelabuntur.
938 5267 1008 5322 Et
1052 5271 1305 5340 reliquiw,
1337 5271 1532 5341 inquit,
1565 5273 1896 5342 cogitationis
1925 5273 2063 5326 diem

496 5354 688 5422 festum
723 5369 876 5426 agent
916 5358 1031 5414 tibi.
1069 5359 1208 5426 Quid
1239 5377 1406 5432 porro
1436 5361 1601 5417 fuerit
1638 5363 1794 5426 illud,
1825 5365 2060 5434 reliquias

497 5446 857 5514 cogitationis,
891 5449 999 5504 nisi
1048 5452 1396 5506 ratiocinium
1442 5453 1587 5506 omni
1645 5469 1810 5524 prava
1853 5457 2062 5524 cogita-

497 5536 642 5591 tione
674 5541 997 5608 purgatum?
1035 5542 1212 5598 simile
1244 5545 1312 5599 iis
1349 5543 1416 5598 de
1447 5545 1646 5614 quibus
1691 5546 1894 5599 dictum
1930 5553 2013 5600 est
2047 5565 2060 5600 :

498 5621 750 5692 Reliquiw
792 5628 1075 5683 secundum
1096 5633 1402 5688 electionem
1435 5637 1623 5703 gratia:
1654 5637 1810 5705 facta:
1843 5648 1961 5691 sunt
1993 5637 2056 5692 ‘9.

572 5777 615 5807 ⁸⁵
655 5777 842 5834 Matth.
880 5799 1008 5849 xxv,
1045 5784 1134 5838 Ill.
1213 5787 1381 5844 87lsa.
1421 5805 1480 5850 1.,
1521 5791 1600 5843 ll.

1682 5793 1722 5822 μ
1755 5789 1898 5846 Psal.
1942 5807 1992 5851 ι.
2031 5792 2153 5848 5.6.

2175 1898 2330 1964 ϐὀλῳ
2356 1897 2454 1950 καὶ
2480 1897 2603 1962 τοῖς
2639 1896 2915 1967 ἀγγέλοις
2937 1891 3290 1950 αὐτοῦ..Εἷθ’
3319 1891 3445 1963 ἐξῆς
3472 1893 3745 1963 ἐπιφέρει·

2187 1990 2328 2044 Ἀπὸ
2369 1991 2500 2043 τότε
2538 1991 2576 2058 ἡ
2617 1987 2761 2059 ὀργή
2805 2003 2942 2042 σου.
2989 1987 3120 2040 Ἀπὸ
3152 1986 3272 2038 τότε
3316 1986 3394 2049 δὲ,
3439 1984 3590 2045 πότε,
3630 1983 3747 2037 ἀλλ’

2173 2081 2330 2152 ἢάφ’
2381 2076 2440 2135 οὗ
2477 2081 2771 2148 ἐνύσταξαν
2821 2082 2872 2134 οἱ
2921 2078 3306 2148 ἐπιϐεϐηκότες
3348 2078 3474 2140 τοὺς
3523 2077 3746 2141 ἵππους,

2174 2174 2268 2228 καὶ
2311 2175 2564 2227 ὓπνωσαν
2608 2172 2773 2227 ὕπνον
2820 2171 2997 2226 αὐτῶν
3029 2172 3077 2224 οἱ
3121 2168 3371 2223 ἀσύνετοι
3402 2171 3470 2239 τῇ
3510 2167 3743 2240 καρδίας

2187 2267 2274 2333 Ἐξ
2301 2267 2506 2320 ἐκείνου
2541 2267 2648 2338 γὰρ
2677 2267 2828 2318 αὐτοὶ
2871 2267 3080 2326 ἑαυτοῖς
3115 2262 3474 2334 ἐθησαύρισαν
3497 2263 3660 2332 ὀργὴν
3685 2264 3747 2315 ἐν

2173 2358 2356 2430 ἡμέρᾳ.
2384 2358 2550 2428 ὀργῆς
2568 2375 2581 2388 ο
2617 2359 2692 2421 ὼς
2712 2355 2963 2424 λέγεσθαι
3000 2355 3134 2426 πρὸς
3161 2353 3380 2417 αὐτούς·
3413 2354 3746 2421 Πορεύεσθε

2173 2449 2252 2514 τῷ
2298 2449 2443 2518 sper
2499 2448 2605 2502 τοῦ
2649 2447 2836 2516 πυρὸς
2862 2445 3046 2517 ὑμῶν,
3083 2446 3178 2500 καὶ
3211 2444 3284 2514 τῇ
3328 2446 3505 2514 φλογὶ
3542 2439 3582 2516 ᾖ
3642 2445 3746 2510 ἐξ-

2171 2541 2484 2594 εκαύσατε.
2524 2540 2789 2603 Ἕκαστος
2815 2539 2923 2611 γάρ
2960 2538 3080 2592 καθ’
3113 2538 3171 2590 ὃν
3205 2538 3392 2608 καιρὸν
3418 2537 3744 2610 ἁμαρτάνει,

2172 2631 2282 2684 ἀπὸ
2311 2631 2432 2684 τότε
2463 2631 2630 2702 ὀργὴν
2659 2630 2835 2700 ἐαυτῷ
2867 2630 3212 2700 θησαυρίζειο
3255 2629 3422 2701 ὀργῆς
3450 2630 3742 2700 νοουμένης

2171 2725 2268 2794 τῆς
2288 2723 2400 2785 τοῖς
2419 2722 2798 2793 πλημμελοῦσι
2819 2738 3072 2791 τεταμιευ
3081 2721 3247 2791 μένης
3270 2720 3554 2791 τιμωρίας.
3587 2720 3741 2790 Ἑξῆς

2171 2813 2228 2866 δέ
2274 2813 2518 2884 εἴρηταιο
2564 2814 2666 2866 Ἐκ
2708 2811 2813 2865 τοῦ
2849 2809 3107 2878 οὐρανοῦ
3152 2810 3476 2877 ήκούτισας
3518 2811 3739 2878 κρίσιν.

2171 2904 2415 2975 Πρόσχες
2445 2904 2500 2956 δὲ
2552 2902 2844 2974 ἐπιμελῶς,
2889 2901 2963 2964 ὡς
2999 2901 3098 2954 οὐκ
3147 2900 3378 2972 εἴρηται,
3427 2901 3751 2967 ἐποίησας,

2173 2994 2287 3048 ἀλλ’
2315 2995 2662 3062 τἰκούτισας.
2693 2993 2827 3064 Πρὶν
2851 2991 2958 3062 γὰρ
2986 2989 3237 3059 ἐπιϐῆναι
3269 2989 3358 3042 τὸν
3390 2990 3487 3059 τῆς
3511 2989 3738 3060 κρίσεως

2174 3087 2362 3157 καιρὸν
2382 3089 2491 3150 τοῖς
2513 3087 2618 3158 πρὸ
2632 3086 2732 3155 τῆς
2755 3083 2984 3154 κρίσεως
3001 3083 3091 3135 τὸν
3109 3082 3296 3152 θνητὸν
3321 3081 3432 3152 βίον
3448 3081 3737 3145 διανύουσι,

2096 3155 2138 3213 C
2170 3155 2295 3242 τοὺς
2317 3178 2445 3249 περὶ
2598 3175 2828 3248 κρίσεως
2849 3173 3037 3241 λόγους
3059 3171 3390 3241 ἀκουσθῆναι
3417 3172 3636 3241 ἐποίησε
3655 3171 3740 3224 διὰ

2167 3271 2275 3325 τῶν
2287 3271 2444 3324 θείων
2459 3269 2916 3338 ἀναγνωσμάτων.
2934 3264 3093 3318 Ἀλλά
3106 3263 3199 3316 νῦν
3218 3263 3315 3333 μὲν
3331 3265 3395 3315 ἐκ
3409 3263 3500 3315 τοῦ
3514 3264 3570 3315 οὐ
3580 3260 3736 3334 ρανοῦ

2169 3361 2436 3430 ἀκουστὴν
2469 3359 2692 3428 ἐποίησε
2729 3358 2828 3428 τὴν
2853 3354 3148 3426 μέλλουσαν
3189 3353 3397 3424 κρίσιν’
3423 3352 3740 3415 ἐπιστάντος

2167 3451 2223 3504 δὲ
2254 3449 2346 3502 τοῦ
2377 3448 2568 3521 καιροῦ
2603 3449 2700 3519 τῆς
2734 3446 2828 3500 τοῦ
2872 3443 3006 3498 Θεοῦ
3047 3442 3462 3513 δικαιοκρισίας,
3492 3446 3542 3495 Γ
3546 3442 3604 3511 ἦ,
3640 3459 3741 3513 φη-

2169 3543 2273 3608 σὶν,
2303 3543 2564 3611 ἐφοϐήθη
2601 3541 2698 3592 καὶ
2732 3540 3050 3606 ἡσύχασεν
3077 3537 3145 3588 ἐν
3175 3533 3254 3599 τῷ
3296 3533 3630 3602 ἀναστῆναι
3656 3536 3741 3598 εις

2167 3635 2369 3703 κρίσιν
2392 3635 2499 3687 τὸν
2539 3632 2707 3696 Θεὸν,
2753 3631 2858 3684 τοῦ
2892 3627 3085 3682 σῶσαι
3115 3625 3344 3691 πάντας
3367 3626 3507 3691 τοὺς
3540 3624 3743 3694 πραεῖς

2168 3724 2278 3792 τῆς
2306 3725 2438 3794 γῆς.
2471 3724 2662 3792 Σαφῶς
2695 3722 2751 3775 δέ
2779 3721 3074 3792 παρίστησι
3107 3717 3194 3771 διὰ
3225 3716 3427 3769 τούτων
3455 3719 3483 3769 6
3504 3716 3656 3783 λόγος
3682 3715 3742 3767 τὸ

2168 3817 2337 3869 αἴτιον
2368 3819 2465 3886 τῆς
2494 3815 2726 3886 κρίσεως
2745 3832 2756 3842 ·
2785 3812 2930 3882 ὑπὲρ,
2950 3811 3057 3880 γάρ
3082 3807 3175 3861 τοῦ
3207 3806 3376 3860 σῶσαι
3402 3807 3526 3870 τοὺς
3551 3807 3743 3876 πραεῖς

2167 3908 2268 3978 τῆς
2294 3910 2415 3979 γῆς.
2448 3907 2584 3978 Περὶ
2630 3904 2737 3975 γὰρ
2760 3903 2868 3955 τῶν
2907 3900 3116 3954 ἀσεϐῶν
3151 3899 3398 3970 εἴρηταισ
3443 3899 3563 3950 Οὐκ
3602 3897 3732 3948 ἀνα-

2169 3997 2500 4065 στήσονται
2529 3993 2762 4057 ἀσεϐεῖς
2794 3993 2862 4044 ὲν
2888 3989 3100 4058 κρίσει,
3141 3987 3281 4042 οὐδὲ
3315 3983 3645 4056 ἁμαρτωλοὶ
3673 3983 3730 4037 ἐν

2164 4085 2366 4154 ,Βουλῆ
2384 4085 2643 4138 δικαίων·
2659 4083 2747 4136 ὅτι
2773 4081 3048 4152 γινώσκει
3069 4084 3282 4151 Κύριος
3307 4078 3451 4133 ὁδὸν
3475 4074 3738 4138 δικαίων,

2169 4179 2265 4231 καὶ
2284 4177 2423 4241 ὁδὸς
2447 4175 2682 4230 ἀσεϐῶν
2715 4175 3038 4229 ἀπολεῖται.
3074 4173 3424 4233 Ἀναστάντος
3447 4169 3620 4221 τοίνυν
3647 4165 3742 4219 τοῦ

2167 4270 2299 4324 Θεοῦ
2318 4272 2395 4332 είς
2419 4269 2600 4340 κρίσιν
2619 4268 2756 4339 ὑπὲρ
2770 4264 2862 4320 τοῦ
2879 4267 3051 4320 σῶσαι
3076 4266 3284 4327 πάντας
3297 4264 3422 4323 τοὺς
3439 4261 3630 4331 πραεῖς
3644 4258 3741 4329 τῆς

2167 4363 2289 4433 γῆς,
2305 4363 2375 4430 γῆ
2394 4358 2758 4430 φοϐηθήσεται
2781 4359 2874 4410 καὶ
2903 4357 3185 4428 ἡσυχάσει.
3218 4357 3280 4408 Οί
3305 4354 3401 4424 μὲν
3419 4352 3527 4422 γὰρ
3549 4351 3742 4422 πραεῖς

2169 4450 2443 4515 τεύξονται
2475 4450 2572 4520 τῆς
2609 4447 2896 4519 σωτηρίας,
2927 4449 2975 4500 οἱ
3003 4448 3058 4500 δὲ
3077 4451 3142 4519 τῇ
3174 4446 3310 4517 ὀργῇ
3342 4442 3742 4514 παραδοθήσον-

2169 4563 2258 4599 ται
2276 4561 2289 4575 °
2325 4546 2358 4615 ἡ
2387 4543 2444 4595 δὲ
2474 4541 2631 4611 λοιπὴ
2655 4543 2725 4612 γῆ
2757 4541 2851 4594 καὶ
2893 4541 2943 4593 οἱ
2971 4540 3066 4612 τὴν
3119 4539 3287 4609 μέσην
3330 4535 3610 4604 εἰληφότες
3639 4549 3740 4586 κα-

2166 4638 2423 4690 τάστασιν
2452 4633 2750 4687 παύσονται
2783 4632 2883 4701 τῆς
2908 4631 3151 4702 ταραχῆς
3177 4630 3266 4682 τὸν
3291 4627 3431 4680 θεῖον
3457 4623 3739 4694 ἀνειληφό-

2164 4746 2254 4793 τες
2289 4728 2470 4797 φόϐον.
2496 4720 2615 4780 Ὅτι
2655 4725 2936 4792 ἐνθύμιον
2957 4722 3265 4792 ἀνθρώπου
3301 4716 3740 4788 ἐξομολογήσε-

2165 4822 2261 4874 ται
2286 4835 2404 4883 σοι,
2431 4819 2526 4872 καὶ
2546 4815 2992 4887 ἐγκατάλειμμα.
3009 4814 3290 4882 ἐνθυμίου
3315 4808 3586 4880 ἑορτάσει
3617 4821 3736 4860 σοι.

2167 4914 2278 4967 Καὶ
2306 4911 2463 4964 τοῦτό
2510 4927 2672 4980 φησιν
2706 4907 2922 4960 ἔσεσθαι
2963 4909 3020 4961 ἐν
3061 4905 3139 4976 τῷ
3172 4904 3465 4974 ἀναστῆναι
3490 4901 3582 4953 τὸν
3608 4899 3738 4952 Θεὸν

2167 5007 2244 5067 εἰς
2269 5004 2466 5074 κρίσιν,
2488 5001 2581 5053 τοῦ
2611 5000 2778 5052 σῶσαι
2803 4999 3005 5062 πάντας
3026 4999 3150 5061 τοὺς
3179 4997 3370 5067 πραεῖς
3397 4994 3496 5062 τῆς
3529 4992 3649 5062 γῆς.
3673 4988 3739 5043 Τί

2166 5095 2222 5148 δὲ
2275 5094 2431 5148 τοῦτο
2472 5093 2527 5162 ἣ,
2571 5093 2850 5160 ἐνθύμιον
2883 5089 3192 5159 ἀνθρώπου
3236 5081 3742 5156 ἐξομολογήσαιιὶ

2168 5201 2264 5239 σοι
2281 5202 2300 5248 ;
2327 5184 2481 5238 Πᾶσα
2512 5183 2620 5254 γάρ
2647 5183 2867 5251 γλῶσσα
2898 5183 2990 5236 καὶ
3015 5183 3121 5244 πᾶς
3165 5178 3419 5249 λογισμὸς
3447 5176 3541 5229 καὶ
3581 5175 3737 5228 ἐνθύ-

2171 5293 2334 5348 μησις
2364 5273 2663 5346 ἀνθρώπων
2710 5273 3153 5344 ἐξομολογήσεται
3195 5268 3272 5339 τῷ
3313 5265 3431 5336 Θεῷ
3471 5264 3611 5318 κατά
3649 5264 3739 5316 τὸν

2165 5367 2264 5437 τῆς
2291 5365 2523 5435 κρίσεως
2563 5362 2770 5434 καιρὸν,
2817 5363 2903 5414 ὅτε
2931 5362 2999 5415 τὰ
3035 5357 3250 5431 κρυπτά
3289 5358 3395 5409 τῶν
3439 5354 3740 5427 ἀνθρώπων

2166 5455 2374 5528 φανερά
2396 5455 2699 5526 γενήσεται.
2730 5454 2838 5507 Καὶ
2869 5451 3302 5524 ἐγκατάλειμμα
3327 5449 3404 5513 δὲ,
3433 5448 3616 5517 φησὶν,
3643 5447 3740 5498 ἑνί

2164 5550 2375 5618 θυμίου
2396 5547 2665 5616 ἑορτάσει
2692 5563 2808 5600 σοι.
2841 5547 2904 5598 Τί
2921 5547 2963 5598 δ’
2987 5544 3051 5598 ἂν
3077 5544 3284 5612 γένοιτο
3304 5539 3748 5611 ἐγκατάλειμμα

2162 5639 2444 5706 ἐνθυμίου
2484 5637 2517 5708 ἢ
2549 5638 2576 5689 ό
2605 5636 3009 5708 κεκαθαρμένος
3036 5635 3142 5688 ἀπὸ
3165 5634 3342 5703 πάσης
3373 5631 3608 5702 πονηρᾶς
3645 5631 3745 5682 ἐν-

2234 5793 2274 5822 ⁸³³
2299 5790 2453 5847 Rom.
2494 5805 2582 5848 τι,
2617 5792 2667 5845 5.
