4078 6432
420 377 526 433 885

1547 390 2048 448 COMMENTARIA
2088 392 2155 447 IN
2193 392 2527 451 PSALMOS‘.

3552 384 3658 462 sse

420 496 706 571 θυμήσεως
725 500 1007 575 λογισμόζς
1036 506 1218 577 ὅμοιος
1235 509 1310 564 ὢν
1331 506 1559 576 ἐκέινο.ς
1587 516 1713 586 περὶ
1735 508 1810 569 ὧν
1839 516 1975 587 εἴρη-

2091 514 2182 570 Sic
2205 517 2369 587 igitur
2394 532 2449 573 et
2478 531 2656 586 Ipsum
2696 517 3088 591 [ratiocinium]
3116 520 3355 590 reliquiae
3379 512 3663 593 cogitatioé

417 605 507 642 ται
531 606 544 619 ⁸
576 591 801 661 Λεῖμμα
829 596 954 648 κατ’
981 597 1246 668 ἐκλογὴν
1272 601 1513 670 χάριτος
1539 603 1801 673 γέγονεν.
1836 606 1989 661 Οὕτω

417 681 547 749 γοῦν
590 684 750 747 αὐτὸς
785 688 1199 762 ἐγκατάλειμμα
1234 694 1485 764 ἐνθυμίου
1542 696 1881 768 ὠνόμασταιο
1910 698 1990 752 διὸ

418 773 665 843 ἑορτάσει
704 777 845 842 τότε,
879 778 973 834 ἅτε
1001 781 1065 853 δὴ
1108 784 1248 838 κατά
1291 786 1480 857 καιρὸν
1524 787 1622 852 τὰς
1666 790 1991 859 ἐπαγγελίας

418 862 707 920 ἀπολαϐὼν
735 869 833 939 τῆς
862 871 1109 941 οὐρανίου
1145 874 1438 944 βασιλείας.

488 954 765 1041 Εῠξασθε
794 959 890 1012 καὶ
913 960 1166 1017 ἀπόδοτε
1192 967 1388 1035 Κυρίῳ
1414 967 1494 1033 τῷ
1528 967 1648 1034 θεῷ
1669 969 1777 1037 τὰς
1807 973 1993 1041 εὐχὰς

420 1040 608 1109 ὑμῶν,
641 1044 864 1113 πάντες
912 1052 966 1102 οἱ
1002 1052 1217 1119 -κύκλῳ
1252 1055 1467 1110 αὐτοῦ·
1502 1056 1581 1123 τῷ
1625 1060 1851 1130 φοϐερῷ
1880 1040 1989 1115 καὶ

418 1132 831 1203 ἀφαιρουμένῳ
883 1141 1189 1209 πνεύματα
1249 1144 1583 1214 ἀρχόντων,
1635 1149 1717 1215 τῷ
1765 1150 1989 1221 φοϐερῷ

415 1226 577 1293 παρὰ
596 1227 719 1293 τοῖς
741 1228 1072 1291 ,βασιλεῦσι
1100 1233 1209 1303 τῆς
1232 1236 1368 1306 γῆς.
1394 1239 1721 1306 Συντελεσας
1745 1243 1835 1296 τὸν
1863 1247 1990 1316 περὶ

413 1317 515 1386 τῆς
550 1318 781 1389 κρίσεως
827 1321 922 1375 τοῦ
968 1323 1103 1377 Θεοῦ
1151 1325 1327 1396 λόγον,
1374 1334 1772 1402 παραινετικῶς
1809 1335 1991 1389 λοιπὸν

414 1409 580 1460 πᾶσιν
616 1411 744 1478 ἡμῖν
778 1414 1103 1483 προστάττει
1129 1415 1402 1487 εύχεσθαι,
1433 1421 1526 1473 καὶ
1556 1422 1861 1476 ἀποδιδόναι
1880 1427 1993 1479 Κυ-

417 1499 515 1570 ρίῳ
538 1500 615 1570 τῷ
642 1500 758 1571 Θεῷ
796 1504 950 1573 ἡμῶν
976 1505 1076 1568 τὰς
1108 1507 1271 1576 εὐχάς
1294 1527 1307 1540 ·
1349 1510 1431 1573 ὡς
1462 1510 1541 1563 ἔτι
1575 1512 1631 1565 δὲ
1652 1514 1839 1584 καιρός
1876 1516 1991 1568 ἐστι

410 1591 553 1644 κατὰ
578 1592 670 1645 τὸν
698 1595 968 1670 ἐνεστῶτα
993 1597 1126 1667 βίον,
1157 1601 1477 1670 ἀναγκαίως
1504 1603 1660 1657 τοῦτο
1685 1607 1855 1658 ποιεῖν
1883 1624 1990 1660 πα-

413 1688 607 1754 ραινεῖ.
642 1686 820 1756 Εύχάς
850 1689 907 1742 δὲ
941 1690 1041 1755 τὰς
1074 1692 1402 1761 ἐπαγγελίας
1441 1694 1628 1748 εἴωθεν
1670 1698 1988 1768 ὀνομάζειν·

409 1772 490 1825 διὸ
515 1773 759 1829 λέλεκται
785 1794 798 1807 ·
841 1778 981 1833 Ἐὰν
1003 1780 1151 1849 εὔξῃ
1174 1784 1387 1850 εὐχὴν,
1416 1783 1502 1852 μὴ
1542 1786 1991 1855 χρονίσῃςᾰπο·

2089 607 2179 662 nis
2205 621 2458 663 vocatum
2494 618 2616 677 est;
2650 619 2984 681 quapropter
3004 618 3136 668 tunc
3164 610 3365 669 festum
3397 623 3539 685 aget,
3576 623 3661 669 ut—

2090 707 2216 769 pote
2265 701 2321 752 in
2372 708 2617 770 tempore
2648 715 2749 756 suo
2790 702 3183 771 promissiones
3231 704 3383 775 regni
3422 706 3663 764 caelestis

2094 798 2470 860 accepturum.

2161 963 2326 1021 Vens.
2356 966 2559 1031 12,15.
2600 966 2778 1022 Vovete
2814 980 2861 1023 et
2907 969 3104 1024 reddite
3141 970 3366 1025 Domino
3397 972 3504 1028 Deo
3540 983 3659 1028 vota

2064 1066 2283 1129 .vestra,
2314 1074 2489 1112 omnes
2523 1060 2611 1129 qui
2656 1060 2708 1113 in
2757 1060 2978 1113 circuitu
3010 1062 3121 1130 ejus
3150 1063 3274 1117 estis
3309 1079 3327 1118 :
3360 1064 3585 1119 terribili
3608 1070 3659 1120 et

2089 1148 2139 1201 ei
2167 1148 2255 1217 qui
2288 1148 2459 1216 aufert
2487 1150 2706 1218 spiritus
2734 1150 3046 1220 principum,
3081 1153 3306 1207 terribili
3334 1155 3473 1223 apud
3501 1171 3644 1226 reges

2094 1248 2269 1293 terrae.
2303 1239 2569 1296 Ahsoluto
2596 1240 2664 1296 de
2696 1240 2789 1296 Dei
2829 1241 3037 1311 judicio
3071 1259 3342 1313 sermone,
3378 1246 3659 1303 hortantis

2089 1344 2244 1383 more
2270 1330 2515 1401 praecipit
2542 1328 2723 1388 nobis
2778 1340 2835 1386 ut
2863 1348 3167 1389 voveamus'
3189 1342 3242 1389 et
3272 1335 3499 1391 Domino
3540 1336 3654 1394 Deo

2089 1429 2277 1473 nostro
2309 1430 2435 1475 vota
2462 1421 2751 1478 reddamus
2781 1442 2794 1477 :
2831 1422 2959 1476 dum
2985 1423 3160 1479 adhuc
3184 1425 3237 1479 in
3265 1427 3518 1495 praesenti
3546 1427 3663 1485 vita

2089 1517 2304 1580 tempus
2349 1511 2522 1575 adest,
2555 1513 2703 1567 ut-id
2735 1528 2961 1583 agamus
3008 1531 3121 1571 nos
3165 1518 3478 1572 necessario
3505 1532 3656 1573 com-

2089 1611 2294 1659 monet.
2326 1603 2466 1659 Vota
2503 1613 2681 1669 autem
2714 1607 3102 1676 promissiones
3133 1626 3449 1681 nuncupare
3478 1612 3617 1669 solet
3633 1631 3669 1681 ;~

2089 1712 2259 1766 quare
2284 1696 2489 1751 dictum
2521 1704 2606 1752 est
2639 1717 2650 1752 :
2681 1698 2741 1753 Si
2778 1709 2952 1754 votum
3000 1703 3218 1768 voveris,
3244 1720 3305 1757 ne
3333 1702 3509 1759 tardes
3537 1703 3659 1760 red-

2089 1786 2240 1842 dere:
2274 1788 2457 1843 melius
2488 1791 2625 1843 enim
2643 1800 2720 1844 est
2744 1808 2848 1845 non
2878 1809 3075 1860 vovere,
3100 1812 3256 1865 quam
3279 1812 3454 1851 vovere
3476 1807 3524 1851 et
3551 1814 3665 1853 non

408 1867 647 1923 δοῦναι·
683 1872 908 1940 ἀγαθὸν
938 1872 1005 1926 τὸ
1045 1876 1131 1943 μὴ
1179 1875 1487 1942 εὔξασθαι,
1518 1878 1557 1947 ἢ
1592 1879 1658 1932 τὸ
1698 1879 1975 1944 εὔξασθαι

2091 1878 2304 1934 reddere
2333 1882 2400 1937 ⁷ο.
2429 1880 2821 1954 Unusquisque
2861 1900 2989 1956 ergo
3032 1857 3281 1942 nostrum
3313 1889 3664 1960 propositum

408 1961 509 2013 καὶ
531 1961 618 2030 μὴ
653 1963 1003 2022 ἀποδοῦναι.
1032 1967 1303 2031 Ἕκαστος
1347 1967 1526 2023 τοίνυν
1559 1969 1664 2023 τῶν
1704 1971 1859 2041 ήμῶν
1886 1972 1984 2043 τὴν

408 2054 602 2107 ἑαυτοῦ
648 2056 903 2127 πρόθεσιν
945 2061 1040 2113 καὶ
1069 2060 1168 2131 τὴν
1193 2061 1397 2114 οἰκείαν
1439 2062 1767 2131 ἐπαγγελίαν
1796 2063 1985 2135 ὥσπερ

407 2147 572 2217 εὐχὴν
597 2148 912 2212 ἀποδιδότω,
951 2151 1295 2222 μεμνημένος
1327 2151 1420 2205 τοῦ
1453 2155 1718 2224 φήσαντος
1737 2173 1750 2187 ’
1785 2155 1985 2210 Θῦσον

405 2236 488 2303 τῷ
522 2237 642 2304 Θεῷ
694 2243 915 2297 θυσίαν
944 2244 1249 2312 αἰνέσεως,
1281 2245 1377 2298 καὶ
1419 2246 1641 2313 ἀπόδος
1682 2248 1763 2313 τῷ
1791 2251 1985 2318 Κυρίῳ

404 2331 514 2397 τὰς
536 2331 723 2401 εὐχάς
752 2348 869 2389 σου
888 2352 901 2365 ο
940 2336 1038 2389 καὶ
1065 2337 1421 2392 ἐπικάλεσαί
1439 2358 1516 2409 με
1544 2339 1614 2394 ἐν
1639 2340 1824 2412 ’ἡμέρᾳ
1858 2342 1984 2399 θλί-

405 2424 587 2491 ψεως,
620 2425 1052 2496 καὶέεελοῦμαὶ
1073 2442 1167 2492 σε,
1196 2430 1292 2483 καὶ
1323 2430 1601 2498 δοξάσεις
1617 2451 1712 2502 με.
1744 2434 1856 2488 Νῦν
1884 2436 1983 2507 μὲν

406 2510 519 2577 οὖν,
554 2517 737 2586 φησὶν,
770 2518 1030 2582 εὔξασθε
1058 2519 1156 2573 καὶ
1193 2522 1465 2575 ἀπόδοτε.
1508 2525 1698 2579 Ἔσται
1726 2524 1833 2598 γὰρ
1862 2544 1983 2581 και-

410 2606 502 2678 ρὸς
529 2609 587 2660 ὲν
612 2602 655 2676 ᾧ
688 2610 887 2673 πάντες
918 2612 966 2663 οἱ
992 2611 1176 2683 κύκλῳ
1208 2613 1371 2667 αὐτοῦ
1405 2616 1607 2669 οἴσουσι
1631 2617 1797 2689 δῶρα.
1824 2619 1980 2674 Κατά

405 2698 513 2771 γὰρ
544 2700 635 2753 τὸν
663 2702 761 2773 τῆς
798 2702 1069 2772 βασιλείας
1108 2704 1271 2757 αὐτοῦ
1320 2706 1505 2778 καιρὸν
1532 2707 1813 2776 βασιλεῖς
1845 2713 1981 2780 Θαρ-

405 2790 536 2856 σεῖς
564 2791 662 2844 καὶ
688 2791 868 2860 νῆσοι
885 2791 1042 2861 δῶρα
1071 2794 1468 2862 προσάξουσι,
1492 2797 1773 2865 βασιλεῖς
1815 2800 1977 2868 Ἀρά-

405 2882 523 2934 ϐων
555 2880 653 2934 καὶ
682 2884 842 2936 Σαϐὰ
868 2880 1026 2951 δῶρα
1054 2885 1474 2953 προσοίσουσι,
1509 2884 1605 2941 καὶ
1637 2891 1979 2958 προσκυνή-

404 2986 628 3025 σουσιν
667 2970 826 3038 αὐτῷ
866 2974 1086 3040 πάντες
1114 2978 1168 3029 οἱ
1205 2977 1485 3044 βασιλεῖς
1529 2979 1639 3047 τῆς
1676 2980 1806 3049 γῆς.
1844 2982 1976 3034 Τότε

401 3061 533 3129 γοῦν
557 3062 849 3135 καθημένῳ
896 3066 986 3118 ἐπὶ
1033 3065 1220 3137 θρόνου
1252 3066 1409 3139 δόξης
1454 3070 1617 3123 αὐτοῦ
1668 3074 1975 3144 προσκυνή-

403 3168 553 3205 σουσι
585 3153 782 3217 πάντες
825 3154 962 3224 μετά
1011 3154 1197 3227 δώρων
1219 3173 1233 3187 ·
1282 3159 1545 3223 τουτέστι,
1600 3160 1714 3230 μεθ’
1750 3155 1824 3215 ὧν
1858 3164 1976 3215 ἐπι·
2001 3186 2046 3248 C

402 3242 628 3313 φέρεται
682 3244 909 3309 ἕκαστος
963 3247 1208 3317 καρπῶν.
1271 3250 1468 3320 Διόπερ
1526 3250 1600 3314 ὡς
1651 3251 1729 3304 ἔτι
1785 3253 1972 3324 καιρός

401 3334 568 3398 ἔστιν,
599 3335 845 3389 ἐντεῦθεν
877 3337 974 3408 ἤδη
1018 3341 1274 3408 παραινεῖ
1304 3339 1560 3405 εὔξασθαι
1598 3343 1689 3395 καὶ
1732 3345 1973 3397 ἀποδιδό-

400 3440 519 3478 ναιο
554 3424 629 3489 ὡς
670 3425 756 3490 ἂν,
791 3429 916 3490 τοὺς
945 3427 1153 3480 ἑαυτῶν
1191 3428 1494 3499 θησαυροὺς
1527 3434 1968 3505 ταμιευσάμενοι,

399 3517 542 3571 κατὰ
590 3519 778 3591 καιρὸν
810 3520 956 3590 αὐτῷ
996 3523 1469 3593 προσκομίσωμεν,
1514 3523 1651 3589 ἄξιοι
1693 3527 1969 3597 γενόμενοι

396 3607 507 3661 τῶν
530 3609 866 3663 κυκλούντων
887 3612 1047 3665 αύτοῦ
1076 3612 1169 3667 τὸν
1194 3613 1396 3684 θρόνον.
1425 3602 1631 3678 Πάντες
1659 3616 1766 3687 γὰρ
1788 3617 1973 3688 κύκλῳ

400 3698 563 3751 αὑτοῦ
593 3701 969 3770 προσοίσουσιν
999 3702 1146 3774 αύτῷ
1171 3704 1337 3774 δῶρα,
1366 3705 1578 3777 φοϐερῷ
1606 3706 1715 3760 ὄντι
1744 3711 1855 3771 τοῖς
1892 3710 1965 3780 μὴ

402 3789 789 3861 πλησιάζουσιν
825 3793 1005 3863 αὐτῷ,
1039 3795 1171 3865 μηδὲ
1204 3795 1433 3868 τάδῶρα
1459 3799 1842 3871 προσφέρουσι.
1879 3802 1969 3854 Διὸ

402 3883 733 3951 ἐπιλέγεται·
760 3883 847 3949 Τῷ
869 3886 1093 3954 φοϐερῷ
1115 3886 1211 3940 καὶ
1231 3888 1640 3959 ἀφαιρουμένῳ
1663 3894 1967 3962 πνεύματα

397 3972 719 4039 ἀρχόντων,
754 3974 978 4043 φοϐερῷ
1002 3977 1159 4045 παρὰ
1189 3978 1312 4044 τοῖς
1333 3981 1664 4043 ,ϐασιλεῦσι
1688 3984 1808 4052 τῆς
1829 3986 1961 4055 γῆς.

397 4061 471 4115 Τὸ
484 4062 619 4135 γὰρ,
650 4066 731 4116 Οὐ
754 4064 840 4133 μὴ
871 4069 1189 4136 καταμείνῃ
1222 4070 1286 4122 τὸ
1313 4070 1547 4140 πνεῦμά
1557 4090 1675 4140 μου
1703 4073 1801 4126 ἐπὶ
1828 4075 1968 4142 τοὺς

396 4152 565 4219 υἱοὺς
596 4154 935 4224 ἀνθρώπων,
981 4156 1297 4228 λεχθήσεται
1336 4160 1430 4214 καὶ
1472 4163 1558 4214 ἐπ’
1603 4164 1822 4219 ἐκείνων
1857 4167 1965 4220 τῶν

398 4259 528 4297 ποτε
561 4245 658 4315 μὲν
686 4246 959 4316 ἀρχόντων
1001 4249 1094 4301 καὶ
1136 4251 1450 4321 ἡγουμένων
1489 4255 1961 4325 χρηματισάντων,

394 4334 487 4386 κα)⁸
532 4334 844 4406 Πνεύματος
881 4337 1035 4405 ἁγίου
1070 4339 1531 4407 καταξιωθέντων,
1563 4344 1622 4396 οὐ
1656 4346 1763 4416 μὴν
1800 4347 1965 4414 ἀξίως

394 4422 704 4494 βιωσάντων
726 4427 825 4497 τῆς
850 4428 1085 4497 χάριτοςο
1109 4431 1201 4499 ἀφ’
1215 4424 1288 4485 ὧν
1313 4433 1621 4504 ἀφαιρεῖται
1640 4436 1699 4489 τὸ
1723 4438 1958 4510 πνεῦμα,

2085 1976 2139 2023 et
2171 1971 2592 2039 promissionem
2621 1988 2799 2040 suam,
2837 1990 2935 2029 ceu
2978 1984 3163 2031 votum
3198 1978 3411 2043 reddat,
3446 1995 3659 2037 memor

2083 2058 2211 2114 dicti
2247 2061 2396 2115 illius
2424 2080 2437 2115 :
2473 2060 2703 2118 Immola
2730 2064 2840 2119 Deo
2870 2068 3192 2136 sacri/icium
3228 2068 3426 2135 laudis,
3454 2080 3506 2125 et
3535 2072 3657 2127 red-

2084 2149 2147 2204 de
2178 2150 2403 2205 Domino
2433 2162 2553 2206 vota
2584 2164 2676 2208 tua
2706 2169 2725 2207 :
2759 2164 2809 2208 et
2834 2156 3013 2211 invoca
3044 2174 3123 2211 me
3145 2160 3200 2212 in
3231 2159 3317 2214 die
3346 2161 3653 2217 tribulatio-

2083 2241 2187 2305 nis,
2225 2250 2276 2295 et
2307 2259 2491 2296 eruam
2535 2252 2603 2309 te,
2635 2253 2682 2298 et
2729 2245 3052 2316 gloriﬁcabis
3082 2266 3162 2303 me
3186 2251 3251 2305 τί.
3277 2249 3433 2306 Nunc
3465 2253 3649 2323 igitur,

2083 2334 2179 2401 ait,
2214 2332 2398 2391 Vovete
2419 2344 2468 2392 et
2497 2335 2713 2395 reddite.
2743 2337 2979 2411 Tempus
3013 2340 3156 2398 enim
3187 2340 3360 2396 aderit
3388 2359 3496 2413 quo
3529 2359 3654 2399 om—

2081 2442 2181 2483 nes
2208 2427 2299 2498 qui
2330 2429 2386 2483 in
2421 2430 2655 2485 circuitu
2680 2431 2799 2501 ejus
2831 2440 2958 2487 sunt
2980 2432 3207 2489 afferent
3227 2448 3470 2491 munera.
3515 2432 3665 2489 Nam.

2081 2527 2324 2590 tempore
2350 2522 2504 2593 regni
2534 2523 2706 2593 ipsius
2729 2541 2871 2595 neges
2904 2525 3123 2581 Tharsis
3146 2537 3193 2581 et
3216 2528 3403 2582 insula:
3430 2545 3669 2585 munera-

2082 2611 2319 2679 o/ferent,
2350 2624 2493 2683 reges
2534 2614 2770 2668 Arabum
2811 2625 2860 2669 et
2906 2616 3051 2672 Saba
3098 2617 3237 2671 dona
3281 2618 3560 2685 adducent,
3599 2630 3673 2676 ειυς

2080 2701 2380 2756 adorabunt
2429 2721 2548 2758 eum
2605 2723 2780 2761 omnes
2811 2724 2953 2778 reges
3001 2718 3154 2764 terra:
3184 2710 3253 2765 ".
3280 2708 3436 2765 Tunc
3467 2712 3671 2782 ipsum:

2078 2792 2133 2846 in
2171 2794 2366 2849 throno
2397 2796 2584 2866 gloriae
2628 2813 2739 2853 sua:
2768 2800 3067 2863 sedentem,
3102 2815 3291 2855 omnes
3324 2816 3448 2855 cum
3488 2801 3648 2860 donis

2080 2882 2403 2951 adorabunt,
2445 2886 2499 2941 id
2530 2895 2633 2952 est,
2659 2903 2781 2942 cum
2815 2890 2951 2955 suis,
2987 2905 3125 2960 quos
3167 2889 3415 2957 aﬂ'erent,
3456 2891 3649 2947 fructi-

2077 2975 2247 3032 tibus.
2278 2976 2487 3032 idcirco
2514 2978 2642 3033 dum
2670 2980 2847 3036 adhuc
2876 2988 3090 3052 tempus
3114 2990 3218 3050 est,
3249 2994 3434 3039 monet
3471 2995 3529 3040 ut
3551 3002 3648 3041 vo-

2076 3082 2301 3124 veamus
2348 3078 2402 3124 et
2459 3070 2771 3138 reddamus,
2803 3081 2863 3127 ut
2907 3088 3031 3127 cum
3087 3074 3375 3133 thesauros
3423 3084 3644 3133 nostros

2076 3159 2505 3227 condiderimus,
2550 3178 2645 3219 eos
2690 3172 2995 3235 opportuno
3028 3174 3272 3237 tempore
3311 3169 3413 3240 ipsi
3450 3169 3643 3225 adera-

2074 3266 2219 3317 mus,
2245 3252 2395 3323 digni
2438 3254 2612 3310 habiti
2652 3263 2714 3311 ut
2744 3260 2887 3312 inter
2913 3273 3007 3313 eos
3038 3259 3131 3329 qui
3162 3260 3420 3315 thronum
3468 3261 3642 3332 ipsius

2072 3340 2416 3398 circumdant
2454 3361 2894 3402 annumeremur.
2928 3346 3131 3404 Omnes
3152 3350 3296 3404 enim
3319 3350 3377 3405 in
3410 3351 3643 3407 circuitu

2071 3431 2190 3501 ejus
2212 3433 2438 3490 afferent
2468 3436 2570 3506 ipsi
2615 3453 2860 3503 munera,
2890 3440 2983 3509 qui
3012 3455 3122 3494 non
3152 3440 3537 3498 accedentibus
3571 3446 3661 3499 ad,-

2071 3538 2219 3587 eum,
2269 3542 2371 3582 nec
2424 3544 2651 3583 munera
2701 3529 2781 3583 illi
2827 3530 3179 3587 oderentibus
3228 3532 3491 3588 terribilis
3528 3540 3657 3593 est.

2070 3599 2249 3679 Quare
2274 3616 2353 3671 sic
2373 3617 2720 3674 concluditur
2750 3637 2763 3672 :
2797 3618 3042 3673 Terribili
3066 3629 3116 3674 et
3145 3622 3193 3674 ei
3218 3623 3308 3691 qui
3330 3622 3503 3691 aufert
3529 3624 3657 3693 spi-

2070 3706 2205 3759 ritus
2258 3708 2571 3776 principum,
2626 3708 2845 3763 terribili
2892 3709 3032 3777 apud
3087 3727 3228 3782 reges
3279 3720 3451 3767 teme.
3497 3713 3637 3769 lllud

2067 3799 2212 3851 enim
2255 3817 2268 3852 :
2300 3798 2423 3853 Non
2451 3800 2773 3869 permanebit
2800 3804 3019 3870 spiritus
3047 3821 3190 3860 meus
3222 3808 3275 3860 in
3304 3806 3432 3875 ﬁliis
3462 3806 3635 3860 homi-

2069 3908 2193 3944 num
2212 3892 2278 3956 ⁷³,
2314 3891 2381 3946 de
2409 3891 2518 3948 illis
2548 3908 2766 3964 quoque
2791 3894 3003 3949 dicetur
3045 3896 3139 3966 qui
3181 3897 3312 3951 olim
3357 3897 3635 3970 principes

2066 3989 2121 4036 et
2152 3980 2320 4037 duces
2348 3982 2660 4049 audiebant,
2694 3994 2748 4040 et
2777 3985 2984 4055 Spiritu
3013 3996 3202 4044 sancto
3230 3990 3434 4060 dignati
3462 4001 3591 4046 sunt
3615 4008 3629 4057 ;

2068 4071 2163 4125 sed
2216 4087 2325 4126 non
2361 4072 2523 4142 digno
2573 4082 2796 4143 accepta
2843 4078 3016 4146 gratia
3067 4079 3229 4133 modo
3265 4080 3518 4135 vixerunt
3555 4100 3568 4136 :
3602 4097 3635 4137 a

2066 4161 2265 4229 quibus
2306 4162 2532 4231 spiritus
2570 4162 2869 4230 auferetur,
2902 4174 2963 4220 ut
2992 4183 3058 4222 eo
3084 4169 3311 4238 ’privati,
3337 4172 3635 4241 promerito

2066 4254 2335 4322 supplicio
2362 4253 2649 4310 dedantur.
2687 4254 2999 4312 Secundum
3031 4258 3418 4331 Symmachum
3451 4278 3581 4318 vero
3614 4282 3629 4318 :

2064 4343 2404 4414 Legislatori,
2445 4346 2706 4415 auferenti
2728 4348 2936 4418 quidem
2961 4352 3206 4419 spiritum
3233 4352 3445 4420 ducum,
3480 4354 3633 4408 terri-

2072 4441 2168 4495 bili
2184 4451 2360 4496 autem
2377 4442 2582 4513 regibus
2607 4452 2779 4499 terrm.
2906 4458 2909 4461 '
3431 4430 3447 4453 ⁸

391 4512 558 4577 ὅπως,
630 4515 978 4587 στερηθέντες
1025 4519 1222 4585 αὐτοῦ,
1266 4525 1331 4593 τῇ
1387 4526 1731 4598 προσηκούσῃ
1783 4531 2122 4602 παραδοθῶσι
2154 4532 2411 4605 τιμωρίᾳ.
2442 4512 2445 4513 ν
2480 4534 2635 4587 Κατά
2685 4535 2744 4588 δὲ
2791 4534 2884 4588 τὸν
2934 4536 3260 4608 Σύμμαχον,
3320 4537 3403 4604 Τῷ
3456 4555 3630 4608 νομο-

389 4606 554 4677 δότῃ,
586 4610 933 4679 ἀφαιροῦντι
959 4614 1076 4681 μὲν
1112 4616 1346 4686 πνεῦμα
1372 4619 1700 4689 ἡγεμόνων,
1733 4625 1961 4693 φοϐερῷ
1998 4626 2065 4680 δὲ
2086 4627 2210 4693 τοῖς
2233 4627 2565 4690 ,βασιλεῦσι
2589 4628 2699 4697 τῆς
2734 4627 2848 4699 γῆς

387 4722 497 4775 ΕΙΣ
546 4724 631 4777 ΤΟ
678 4726 898 4781 ΤΕΛοΣ
935 4729 1485 4815 1³1111ΞξιΙΔξεὲρΥ1ὶ1,
1524 4738 1813 4794 ΨΑΛΜΟΣ
1867 4743 1954 4815 Τῼ

2074 4746 2110 4798 l.
2151 4744 2221 4799 IN
2259 4744 2467 4800 FINEM
2503 4744 2639 4801 PRO
2677 4746 2987 4813 lDlTHUM,
3026 4748 3344 4806 PSALMUS
3378 4750 3627 4810 ASAPH.

988 4801 1180 4854 ΑΣΑΦ.
1222 4805 1355 4871 oq'.

458 4902 639 4973 Φωνῇ
663 4923 783 4973 μου
828 4907 977 4977 πρὸς
1009 4912 1229 4983 Ιςύριον
1272 4914 1584 4985 ἐκέκραξα,
1633 4920 1804 4991 φωνῇ
1838 4940 1956 4991 μου

384 4992 535 5062 πρὸς
569 4994 677 5047 τόν
711 4997 885 5062 Θεὸν,
925 4999 1023 5052 καὶ
1054 5005 1360 5073 προσέσχε
1380 5025 1499 5075 μοι.
1530 5009 1618 5080 Τῷ
1654 5012 1750 5081 μὲν
1786 5013 1954 5083 Ἀσὰφ

384 5083 596 5155 εἴρηται
628 5087 664 5138 6‘
696 5086 927 5158 ψαλμὺς,
981 5091 1265 5161 ἀνήνεκται
1313 5095 1369 5147 δὲ
1411 5099 1490 5161 είς
1534 5100 1818 5170 πρόσωπον
1860 5104 1953 5157 τοῦ

398 5176 647 5248 Ἰδιθοὺμ,
673 5180 810 5252 ὑπὲρ
829 5175 893 5235 οὗ
913 5184 980 5237 τὰ
1009 5187 1356 5259 ὲμφερόμενα
1376 5192 1451 5263 τῷ
1479 5193 1676 5268 ψαλμῷ
1706 5200 1956 5253 συνετάτ-

381 5286 523 5321 τετο.
559 5270 719 5323 ’Ὅθεν
744 5275 772 5325 ὀ
819 5275 1129 5348 Σύμμαχος,
1172 5282 1274 5335 Διά
1319 5285 1593 5357 Ἰδιθοὺμ,
1626 5292 1654 5343 ὁ
1692 5291 1749 5343 δὲ
1796 5294 1955 5346 Ἀκύ-

377 5358 506 5454 λας,
561 5361 691 5415 Ἐπὶ
742 5365 1006 5437 Ἰδιθοὺμ,
1067 5373 1431 5443 ήρμήνευσαν.
1485 5381 1595 5434 Καὶ
1650 5382 1743 5435 νῦν
1802 5384 1900 5454 μὲν
1927 5388 1955 5439 ὁ

392 5451 748 5549 bluam-eoi);
795 5458 933 5527 μετά
973 5465 1160 5534 χεῖρας
1194 5464 1382 5535 λόγους
1432 5471 1713 5537 συντάξας,
1766 5451 1952 5549 ὥσπερ

376 5540 693 5608 διδάσκαλος
724 5548 935 5622 μαθητῇ
959 5553 1261 5627 ὲμμελετᾷν
1286 5557 1361 5628 τῷ
1397 5560 1627 5633 Ἰδιθοὺμ
1654 5540 1953 5635 παραδέδω-

377 5648 471 5685 κεν
491 5651 504 5663 ·
538 5635 570 5705 ἦ
602 5635 785 5711 ὥσπερ
838 5642 1020 5713 ἰατρὸς
1049 5645 1127 5715 τῷ
1171 5646 1470 5718 θεραπείας·
1500 5652 1735 5725 δεομένῳ
1777 5657 1950 5728 σωτή-

2724 4816 2959 4873 LXXVI.

2128 4925 2295 4982 Vens.
2325 4928 2379 4980 2.
2436 4928 2569 4982 Voce
2608 4946 2723 4983 mea
2772 4931 2841 4985 ad
2888 4932 3173 4989 Dominum
3227 4934 3472 5001 clamavi,
3508 4954 3628 4992 voce

2056 5036 2171 5073 mea
2217 5020 2285 5074 ad
2318 5020 2507 5087 Deum,
2537 5031 2585 5075 et
2624 5023 2847 5084 intendit
2904 5026 3050 5081 mihi.
3098 5025 3348 5084 Psalmus
3396 5029 3463 5083 ab
3508 5030 3627 5103 ipso

2053 5110 2237 5181 Asaph
2266 5113 2445 5168 dictus
2472 5123 2557 5169 est
2577 5154 2591 5180 ,
2616 5113 2852 5173 refertur
2884 5127 3061 5173 autem
3097 5119 3161 5174 ad
3189 5134 3480 5189 personam
3510 5119 3589 5176 Idi
3610 5151 3622 5162 -

2053 5202 2228 5265 thum,
2250 5219 2350 5273 pro
2380 5220 2488 5274 quo
2504 5202 2568 5260 ea
2596 5222 2717 5280 quae
2743 5208 2795 5261 in
2819 5209 3029 5279 psalmo
3050 5209 3299 5265 feruntur
3321 5212 3645 5289 composita.

2062 5302 2209 5349 sunt.
2247 5293 2398 5351 Unde
2452 5295 2843 5367 Symmachus,
2881 5299 3104 5369 Propter
3145 5299 3403 5366 Idithum,
3428 5303 3624 5372 Aquila

2059 5397 2209 5445 vero,
2239 5382 2409 5453 Super
2440 5382 2679 5439 Iditlmm
2710 5388 3054 5457 interpretati
3088 5397 3235 5446 sunt.
3258 5390 3326 5444 Et
3356 5390 3467 5465 jam
3509 5391 3625 5461 qui-

2058 5473 2178 5529 dem
2203 5474 2384 5553 Asaph
2408 5476 2509 5533 hos
2534 5490 2814 5539 sermones
2848 5479 2947 5534 abs
2977 5494 3035 5535 se
3052 5480 3229 5536 editos
3252 5482 3410 5552 quasi
3445 5482 3622 5559 magi-

2059 5578 2171 5625 ster
2208 5570 2476 5645 discipulo
2500 5572 2603 5642 ipsi
2642 5572 2875 5627 ldilhum
2920 5574 2986 5629 ad
3012 5575 3377 5632 meditandum
3407 5578 3615 5635 tradit:

2056 5660 2138 5715 vel
2191 5663 2346 5731 quasi
2400 5662 2645 5718 medicus
2695 5665 2744 5719 ei
2784 5663 2877 5735 qui
2928 5667 3134 5724 medela
3189 5676 3328 5741 eget,
3384 5671 3629 5727 salutare

453 5790 495 5820 ⁷ο
534 5790 709 5849 Eccle.
749 5813 800 5863 γ,
838 5799 899 5865 5,
936 5799 987 5853 4.
1064 5802 1104 5834 ⁷³
1149 5802 1289 5860 Psal.
1324 5822 1477 5875 xux,
1514 5808 1597 5877 Μ,
1644 5811 1725 5865 15.
1806 5814 1847 5844 τ’
1888 5811 1975 5867 Ps:

2074 5817 2223 5885 Lxxif,
2263 5816 2347 5881 lt),
2391 5818 2471 5873 ll.
2550 5819 2593 5852 ⁷³
2632 5818 2763 5877 Gen.
2797 5838 2881 5877 γι.
2913 5822 2965 5878 5.
