4078 6432
448 353 559 416 8B7

1128 361 1401 425 EUSEBH
1439 365 1925 424 CESARIENSIS
1963 369 2114 425 OPP.
2150 370 2331 427 PARS
2369 370 2971 429 Ill.—EXEGET[CA.

3587 375 3711 432 883

443 472 799 545 pharmacum
850 476 917 532 ad
945 476 1193 534 levamen
1224 482 1401 537 morbi
1436 498 1582 554 aegro
1610 482 1788 539 oll‘ert.
1832 483 1891 539 ln
1923 501 1993 541 sui

2126 504 2239 559 ριον
2268 487 2558 559 φάρμακον
2590 488 2681 542 ἐπὶ
2710 487 2769 541 τὸ
2809 485 3111 558 χρήσασθαι
3156 487 3443 560 αὐτῷνκαῖ
3475 488 3709 556 ὠφελεῖ-

442 568 748 637 perioribus
777 581 955 625 autem
990 587 1089 643 pro
1111 573 1299 629 eodem
1339 576 1458 631 viro
1488 578 1604 648 ipse
1648 578 1815 634 Daxid
1862 582 1993 637 modi

2129 577 2252 630 σθαι
2285 577 2375 630 τὸν
2407 576 2870 648 θεραπευόμενον*
2911 578 2969 629 ὲν
3004 578 3059 630 δὲ
3094 580 3205 642 τοῖς
3231 578 3535 649 ἔμπροσθεν
3557 579 3703 650 ὑπὲρ

440 656 732 726 psalmum.
766 660 930 715 modo
953 663 1225 718 canticum
1258 666 1497 730 scripsit.
1530 667 1709 734 Quare
1734 671 1785 724 in
1813 673 1993 740 psalmi

2123 667 2215 720 τοῦ
2244 667 2408 722 αὑτοῦ
2456 668 2646 741 ἀνδρὸς
2690 670 2719 721 6
2756 668 2915 721 Δαυῗδ
2956 668 3086 721 ποτὲ
3134 669 3233 739 μὲν
3260 669 3422 740 ᾠδὴν,
3463 670 3593 722 ποτὲ
3638 671 3701 723 δὲ

439 762 648 801 xxxvltt
697 749 776 805 sic
806 750 967 807 habet
992 754 1277 825 inscriptio
1310 774 1325 814 :
1352 756 1417 810 In
1449 760 1606 827 ﬁnem
1634 776 1729 830 pro
1760 760 2018 822 [dit/tum,

440 839 707 893 canticum
738 841 840 910 ipsi
867 842 1061 899 David.
1087 845 1241 912 Quod
1273 849 1357 903 vir
1383 850 1484 905 iste
1515 850 1699 907 Davidi
1725 860 1778 907 et
1800 854 2019 924 Asapho

437 929 668 998 aqualis
730 929 918 1002 fuerit,
974 946 1163 991 narrat
1222 935 1502 1010 Scriptum
1563 941 2017 1015 Paralipomenon

438 1018 515 1072 uti
574 1021 830 1090 superius
880 1029 1458 1085 commonstr‘avimus.
1514 1030 1753 1104 Mihique
1801 1036 2019 1089 videtur

439 1108 679 1165 lditlium
732 1112 977 1169 doctrina
1035 1116 1101 1171 de
1151 1116 1496 1176 Providentia
1544 1139 1682 1194 opus
1734 1125 2014 1188 habuisse.

439 1201 569 1271 quia
597 1217 663 1258 ex
696 1201 1010 1262 hominibus
1041 1210 1241 1265 multos
1265 1212 1472 1267 videret
1502 1214 1718 1285 impios,
1749 1220 2013 1288 superbos

2122 758 2332 830 ψαλμὸν
2357 759 2584 832 ἔγραφε.
2615 760 2705 813 Διὸ
2730 761 2786 813 ἐν
2814 760 2912 830 μὲν
2945 760 3021 831 τῷ
3045 760 3124 832 λη’
3146 761 3347 831 ψαλμῷ
3393 763 3698 830 ἐπεγέγρα-

2121 870 2243 915 πτο,
2262 855 2367 918 Εἰς
2393 852 2457 905 τὸ
2480 852 2654 919 τέλος
2674 852 2826 921 ὑπὲρ
2842 851 3104 921 Ἰδιθοὺμ,
3129 852 3251 921 ᾠδὴ
3269 850 3346 917 τῷ
3360 852 3556 907 Δαυῒδ.
3575 856 3697 907 Ὅτι

2117 946 2174 999 δὲ
2202 948 2228 999 6
2256 946 2394 1017 ἀνὴρ
2420 939 2574 1009 οὗτος
2626 945 2975 1016 συγχρονίσαι
3020 945 3236 1014 λέγεται
3270 947 3347 1016 τῷ
3392 946 3550 1000 Δαυῒδ
3603 948 3695 1001 καὶ

2115 1036 2192 1108 τῷ
2227 1037 2413 1106 Ἁσάφ,
2438 1038 2472 1109 ἡ
2512 1036 2620 1090 τῶν
2642 1036 3137 1109 Παραλειπομένων
3165 1039 3459 1110 παρίστησι
3480 1040 3692 1109 Γραφὴ,

2116 1127 2189 1190 ὡς
2220 1130 2413 1192 ἐντοῖς
2455 1128 2761 1200 ἔμπροσθεν
2797 1128 3179 1200 ἀπεδείξαμεν.
3211 1130 3319 1184 Καί
3362 1147 3449 1199 μοι
3490 1130 3633 1183 δοκεί
3663 1131 3693 1182 6

2128 1219 2357 1291 ’ῐδιθουμ
2401 1220 2746 1284 διδασκαλίας
2790 1221 3073 1292 δεδεῆσθαι
3119 1220 3214 1274 τοῦ
3260 1221 3388 1293 περὶ
3432 1221 3691 1294 Προνοίας

437 1298 493 1345 et
522 1300 866 1362 arrogantes,
898 1296 1104 1353 divitiis
1134 1307 1187 1355 et
1229 1303 1409 1372 ampla
1440 1320 1499 1359 re
1552 1306 1806 1364 familiari
1851 1312 1993 1365 luxu-

2111 1310 2291 1380 λόγου,
2317 1310 2405 1364 διά
2435 1311 2496 1365 τὸ
2532 1315 2759 1384 συνορᾷν
2793 1314 2850 1366 ἐν
2880 1312 2957 1384 τῷ
2978 1313 3087 1366 τῶν
3112 1313 3396 1385 ἀνθρώπον
3427 1313 3526 1384 βίῳ
3559 1312 3689 1366 πολ-

431 1386 676 1455 riantes;
712 1405 776 1445 ac
818 1392 934 1448 vice
978 1410 1131 1449 versa
1165 1394 1349 1465 justos
1384 1398 1629 1468 abiectos
1648 1409 1701 1456 et
1733 1403 1800 1458 ab
1827 1405 1993 1475 impii:

2110 1402 2235 1466 λοὺς
2263 1403 2451 1467 ἀθέους
2480 1405 2575 1457 καὶ
2602 1404 2817 1469 ἀσεϐεῖς
2851 1406 3244 1476 ἐπαιρομένους
3290 1407 3383 1459 καὶ
3416 1406 3689 1476 μεγαλαυ-

431 1496 748 1553 oppressos.
787 1485 929 1542 Vero
976 1488 1154 1546 simile
1208 1492 1376 1563 igitur
1406 1503 1490 1550 est
1543 1497 1693 1552 illum
1726 1498 1839 1553 btec
1868 1516 1993 1569 aegre

2108 1494 2422 1566 χουμένους,
2466 1495 2679 1567 πλούτῳ
2725 1514 2785 1549 τε
2823 1498 2916 1551 καὶ
2954 1498 3241 1569 περιουσίᾳ
3273 1497 3684 1569 ἐντρυφῶνταςο

430 1576 646 1640 tulisse.
681 1594 856 1650 eaque
886 1580 953 1637 de
988 1598 1048 1638 re
1100 1592 1214 1639 tum
1273 1584 1460 1641 Davidi
1509 1596 1622 1643 tum
1678 1590 1778 1660 ipsi
1825 1594 1993 1663 Asapl

2106 1585 2343 1649 δικαίους
2380 1586 2436 1639 δὲ
2488 1588 2721 1657 ἔμπαλιν
2756 1589 3209 1659 ταπεινουμένους
3255 1589 3350 1642 καὶ
3401 1588 3536 1659 πρὸς
3583 1589 3702 1641 τῶν·

428 1669 595 1723 verba
646 1669 864 1736 fecisse,
892 1674 1075 1743 qualia
1103 1691 1169 1730 ex
1217 1678 1459 1749 antiquis
1487 1680 1577 1735 alii
1607 1682 1953 1752 proferebant
1988 1706 1993 1740 :

2104 1676 2315 1731 ἀσεϐῶν
2350 1680 2872 1751 καταπονουμένους.
2914 1680 3077 1743 Εἰκὸς
3109 1680 3239 1749 γοῦν
3269 1680 3431 1734 αὐτὸν
3451 1681 3542 1732 ἐπὶ
3569 1678 3689 1732 τού-

430 1757 541 1814 Cur
558 1760 708 1829 impii
732 1779 974 1832 prospere
992 1777 1175 1836 agunt,
1203 1780 1250 1823 et
1279 1772 1333 1823 in
1362 1770 1559 1827 divitiis
1582 1782 1993 1835 consenuerunt!

2104 1785 2218 1833 τοις
2243 1770 2656 1836 ἀποδυσπετείν,
2686 1772 2779 1825 καὶ
2802 1772 2991 1841 λόγους
3015 1771 3167 1835 τινὰς
3187 1772 3531 1842 κεκινηκέναι
3554 1770 3689 1840 πρός

427 1847 616 1904 Semen
645 1868 824 1905 eorum
857 1871 951 1923 pro
1001 1866 1117 1910 voto
1141 1873 1160 1909 :
1192 1861 1342 1924 pueri
1368 1878 1547 1916 eorum
1572 1863 1826 1936 ludentes,
1847 1886 1993 1924 assu-

2100 1881 2159 1917 τε
2191 1864 2351 1919 αὐτὸν
2376 1866 2466 1919 τὸν
2493 1865 2652 1919 Δαυῖδ
2695 1867 2789 1919 καὶ
2824 1864 2961 1936 πρὸς
2983 1865 3073 1918 τὸν
3110 1864 3308 1947 Ἀσάφ,
3336 1840 3552 1927 ὁποίους
3575 1862 3697 1917 ὲκί--

425 1951 621 1995 ruentes
647 1942 955 2010 psalterium
987 1956 1036 1999 et
1072 1949 1353 2005 citharam.
1375 1951 1515 2007 Dicit
1539 1964 1713 2009 autem
1736 1958 1961 2014 Domino
1981 1977 2001 2016 :

424 2031 657 2086 Abscede
681 2049 713 2086 a
737 2050 815 2088 me
835 2050 853 2088 :
872 2036 984 2090 vias
1021 2047 1139 2093 tuas
1161 2043 1297 2095 scire
1320 2044 1441 2097 nolo
1459 2044 1523 2099 ⁷⁸.
1556 2045 1682 2103 Haec
1716 2056 1774 2103 ut
1805 2052 2001 2106 verisi-

421 2124 551 2177 mile
577 2132 661 2179 cst
693 2132 749 2178 et
780 2126 980 2182 similia
1011 2134 1274 2199 quaerenti
1324 2132 1591 2204 ldithum,
1609 2140 1773 2196 modo
1805 2141 1998 2208 David,

420 2215 586 2269 modo
651 2216 855 2288 Asapb,
891 2223 1049 2290 quasi
1089 2225 1337 2295 magistri
1386 2238 1439 2283 et
1504 2232 1724 2295 medici,
1765 2233 1832 2288 ad
1878 2251 1999 2290 eam

420 2306 526 2376 ipsi
564 2307 880 2363 elevandam
916 2312 1251 2381 Opinionem,
1302 2317 1565 2376 doctrinae
1596 2324 1770 2379 verba
1813 2326 1998 2381 trade-

418 2396 566 2454 bant.
599 2400 942 2472 Quapropter
987 2406 1042 2459 in
1071 2423 1281 2462 xxxvm
1313 2426 1439 2465 eum
1492 2413 1560 2469 ad
1600 2415 1732 2470 talia
1766 2416 1997 2472 dicenda

418 2488 742 2547 instituebat
775 2511 788 2548 :
826 2492 954 2549 Dixi
985 2511 1003 2548 .'
1044 2496 1359 2553 Custodiam
1413 2503 1525 2556 vias
1564 2521 1730 2566 meas,
1780 2515 1839 2559 ut
1892 2524 2005 2561 non-

414 2578 720 2653 delinquam
744 2584 797 2637 in
834 2586 1017 2655 lingua
1049 2604 1183 2642 mea.
1216 2587 1385 2644 Posui
1418 2593 1500 2646 ori
1539 2611 1651 2649 meo
1676 2596 1993 2663 custodiam,

416 2688 537 2727 cum
567 2677 876 2733 consisteret
922 2690 1165 2747 peccator
1205 2681 1484 2738 adversum
1514 2704 1594 2740 me
1623 2704 1641 2741 :
1671 2689 1911 2745 obmutui
1945 2700 1996 2745 et

416 2766 729 2823 humiliatus
762 2786 878 2823 sum
927 2780 975 2824 et
1018 2774 1165 2837 silui,
1194 2784 1247 2829 et
1279 2784 1505 2844 caetera,
1530 2794 1651 2848 qua:
1692 2782 1808 2837 suis
1859 2783 1994 2839 locis

417 2858 834 2928 explicavimus.
872 2861 931 2915 In
991 2878 1081 2918 un
1137 2873 1318 2921 autem
1368 2869 1621 2923 eumdem
1680 2870 1858 2940 ipsum
1907 2874 1995 2929 his

414 2950 601 3006 verbis
634 2951 885 3007 edocuit:
907 2951 1095 3009 Nonne
1126 2956 1233 3011 Deo
1254 2958 1487 3027 subjecta
1507 2960 1607 3013 erit
1634 2963 1813 3017 anima
1841 2969 1996 3022 mea?

2102 1956 2332 2009 vouvxa‘t
2348 1956 2524 2027 ἕτεροι
2547 1956 2655 2010 τῶν
2678 1956 2944 2019 παλαιῶν,
2979 1957 3055 2020 ὡς
3077 1960 3104 2010 6
3120 1957 3307 2011 εἰπών·
3339 1958 3520 2011 Ἰνατί
3540 1957 3685 2010 ἀσε-

2100 2045 2220 2111 ϐεῖς
2240 2047 2586 2114 εὐθηνοῦσι,
2613 2050 3061 2102 πεπαλαίωνται
3096 2047 3164 2101 δὲ
3186 2048 3282 2101 καὶ
3312 2049 3382 2101 ἐν
3407 2049 3649 2115 πλούτῳ
3666 2090 3691 2110 ,ν

2109 2136 2174 2189 '0
2199 2139 2427 2205 σπόρος
2453 2138 2651 2193 αὐτῶν
2682 2138 2832 2193 κατὰ
2864 2139 3103 2208 ψυχήν
3135 2139 3207 2192 τὰ
3249 2137 3316 2191 δὲ
3344 2138 3547 2192 παιδία
3587 2141 3688 2193 αὐ-

2098 2228 2217 2283 τῶν
2244 2230 2545 2293 παίζοντα,
2587 2232 3086 2301 ἀναλαμϐάνοντα
3116 2230 3452 2300 ψαλτήριον
3475 2230 3572 2285 καὶ
3596 2248 3697 2285 κισ

2098 2321 2303 2392 θάραν.
2338 2323 2507 2392 Λέγει
2542 2324 2609 2376 δὲ
2628 2325 2822 2393 Κιιρίῳ
2841 2340 2855 2354 ο
2902 2325 3164 2379 Ἀπόστα
3192 2324 3290 2378 ἀπ’
3314 2323 3481 2393 ἐμοῦο
3506 2324 3686 2393 ὁδούς

2096 2428 2212 2468 σου
2245 2413 2464 2468 εἰδέναι
2495 2418 2566 2469 οὑ
2593 2416 2915 2485 βούλομαι.
2947 2414 3186 2470 Τοιαῦτά
3226 2433 3366 2480 τινα,
3414 2415 3489 2478 ὡς
3515 2416 3683 2481 εἰκὸς,

2096 2506 2459 2577 ὲπαποροῦντι
2491 2506 2567 2578 τῷ
2613 2506 2865 2577 ἰδιθοὺμ,
2906 2503 2993 2560 οἷα
3033 2507 3341 2561 διδάσκαλοι
3382 2507 3476 2560 καὶ
3512 2507 3698 2577 ἰατροὶ.

2097 2597 2224 2649 ποτὲ
2251 2597 2349 2667 μὲν
2390 2599 2417 2650 6
2449 2596 2627 2660 Δαυῖδ,
2662 2598 2791 2651 ποτὲ
2814 2598 2869 2651 δὲ
2898 2600 2925 2651 6
2974 2599 3169 2668 Ἀσὰφ,
3199 2598 3544 2662 διδασκαλίας
3578 2616 3683 2651 παο

2096 2690 2274 2758 ρεῖχον
2307 2687 2406 2757 τῆς
2430 2689 2641 2742 τοιᾶσδε
2672 2688 2829 2759 δόξης
2852 2690 3271 2761 θεραπευτικάς.
3311 2690 3471 2744 Ὅθεν
3496 2693 3554 2745 ὲν
3583 2692 3681 2761 μὲν

2092 2778 2171 2848 τῷ
2196 2777 2277 2849 λη’
2303 2778 2481 2832 τοιάδε
2507 2779 2682 2847 λέγειν
2706 2781 2867 2834 αὐτὸν
2897 2781 3207 2834 ἐδίδασκεν·Δ
3224 2777 3398 2859 Εἷπα·
3428 2781 3697 2846 Φυλάξω-

2093 2869 2201 2935 τὰς
2225 2869 2404 2937 ὁδούς
2425 2889 2544 2940 μου
2568 2872 2673 2925 τοῦ
2692 2872 2777 2941 μὴ
2796 2873 3157 2941 ἁμαρτάνειν
3180 2875 3245 2927 ἐν
3267 2873 3517 2943 γλώσσῃ
3536 2892 3678 2943 μου.

2107 2961 2359 3032 Ἐθέμην
2386 2961 2465 3028 τῷ
2491 2964 2743 3031 στόματι
2764 2982 2885 3032 μου
2919 2964 3206 3033 φυλακὴν
3236 2966 3304 3018 ἑν
3324 2965 3403 3030 τῷ
3445 2965 3681 3033 συστῆ-

416 3040 483 3095 ab
514 3042 624 3109 ipso
651 3043 790 3096 enim
809 3044 1047 3100 salutare
1078 3063 1269 3101 meum.
1303 3047 1445 3102 Nam
1461 3060 1510 3104 et
1548 3052 1655 3119 ipse
1692 3052 1834 3107 Deus
1848 3070 1992 3109 meus

2095 3069 2191 3107 ναι
2218 3053 2325 3107 τὸν
2354 3054 2703 3123 ἁμαρτωλὸν
2727 3056 3009 3109 ἐναντίον
3030 3075 3149 3125 μου
3170 3074 3182 3087 ο
3216 3056 3537 3126 ἐκωφώθην
3579 3057 3679 3111 καὶ

414 3145 465 3188 et
498 3132 747 3190 Salvator
786 3153 950 3201 meus,
998 3152 1268 3211 susceptor
1310 3159 1455 3197 meus
1480 3160 1583 3197 non
1614 3144 1854 3199 movebar
1884 3164 1991 3200 am-

2095 3143 2492 3213 ἐταπεινώθην
2524 3146 2621 3198 καὶ
2654 3128 2935 3215 ἐσίγησα,
2980 3149 3072 3202 καὶ
3097 3149 3167 3201 τὰ
3207 3148 3416 3212 τούτοις
3450 3148 3578 3219 ἑξῆς
3600 3168 3611 3177 ·
3641 3147 3680 3203 ἃ.

412 3227 573 3295 ptius.
602 3228 885 3300 Quousque
906 3231 1111 3286 irruitis
1146 3234 1201 3286 in
1232 3234 1515 3300 hominem,
1548 3237 1844 3307 interﬁcitis
1876 3241 1990 3294 uni-

2095 3235 2158 3306 δὴ
2177 3236 2317 3289 κατά
2342 3237 2469 3299 τοὺς
2494 3237 2724 3301 οἰκείους
2740 3237 2935 3302 τόπους
2953 3240 3320 3311 παραθέμενοι
3348 3240 3683 3312 διεσαφήσασ

412 3321 550 3374 versi
577 3324 705 3377 vos?
735 3320 979 3389 Quorum
1003 3325 1164 3379 etiam
1205 3337 1438 3383 mentem
1472 3344 1570 3398 pro
1599 3331 1796 3385 collata
1836 3333 1993 3388 nobis

415 3413 592 3482 gratia
615 3416 1423 3489 exposuimus..Consequenter
1453 3422 1636 3491 Asaph
1663 3423 1838 3477 eidem
1873 3426 1992 3479 viro

413 3506 519 3561 hoc
554 3507 609 3562 in
638 3509 850 3577 psalmo
877 3508 1222 3580 disciplinam
1260 3512 1449 3576 tradit,
1480 3520 1538 3567 ut
1570 3514 1625 3569 in
1672 3516 1991 3571 tentationi-

410 3600 517 3657 bus
544 3600 775 3670 hujusce
802 3603 949 3669 vitae,
988 3610 1152 3673 atque
1188 3603 1245 3658 in
1271 3604 1339 3660 iis
1366 3620 1489 3675 qua:
1516 3607 1633 3676 ipse
1657 3622 1721 3661 ex
1751 3609 1989 3677 prophe-

411 3685 504 3740 tiis
548 3686 647 3742 abs
676 3702 736 3742 se
781 3687 1092 3743 enuntiatis
1112 3688 1181 3743 de
1210 3690 1500 3759 impiorum
1548 3691 1779 3755 insultu,
1813 3693 1990 3763 deque

410 3776 597 3847 populi
638 3776 734 3833 Dei
778 3777 1081 3848 abjeclione
1130 3780 1298 3850 probe
1324 3789 1572 3845 noverat,
1608 3798 1716 3838 non
1747 3785 1990 3841 turbare-

409 3874 536 3934 tur,
578 3869 673 3925 sed
706 3871 763 3925 in
799 3871 1114 3940 bujusmodi
1157 3873 1426 3943 angustiis
1467 3874 1535 3929 ad
1561 3874 1753 3942 Deum,
1788 3893 1885 3933 ceu
1920 3879 1987 3933 ad

409 3962 705 4019 salutarem
738 3973 957 4034 portum
1012 3964 1355 4035 confugeret,
1414 3969 1703 4039 ipsumque
1733 3971 1988 4039 precibus

409 4053 602 4108 sedulo
651 4055 1025 4124 compellaret,
1068 4065 1125 4113 et
1150 4073 1213 4113 ea
1244 4058 1473 4125 diceret,
1511 4075 1633 4130 qua:
1673 4061 1797 4130 ipsi,
1827 4062 1986 4131 quasi

407 4146 670 4215 magister
700 4146 755 4200 in
789 4150 1041 4215 praesenti
1092 4150 1302 4219 psalmo
1330 4150 1607 4208 offerebat.
1642 4151 1759 4217 Qua
1794 4168 1986 4209 susce-

406 4246 500 4304 pta
524 4236 614 4292 ille
644 4236 957 4307 disciplina,
993 4239 1190 4295 animae
1220 4256 1333 4295 suae
1360 4242 1502 4296 hanc
1538 4243 1805 4298 medelam
1836 4244 1996 4297 adhi-

404 4324 594 4388 bebat,
624 4325 692 4380 ad
717 4327 970 4383 solatium
992 4344 1151 4384 suum
1181 4329 1267 4385 his
1298 4347 1431 4387 usus
1455 4332 1638 4387 verbis
1665 4352 1678 4387 :
1718 4332 1849 4387 Voce
1872 4350 1985 4387 mea

406 4415 487 4468 ad
504 4415 790 4471 Dominum
813 4418 1060 4481 clamavi,
1095 4436 1215 4475 voce
1252 4439 1369 4476 mea
1402 4422 1469 4475 ad
1505 4422 1695 4487 Deum,
1718 4433 1767 4477 et
1809 4426 1981 4477 inten-

2097 3344 2214 3397 μεν.
2258 3328 2347 3381 Ἐν
2389 3329 2445 3382 δὲ
2472 3328 2551 3399 τῷ
2584 3329 2664 3394 ξα⁹
2697 3330 2856 3383 πάλιν
2898 3332 2926 3383 6
2963 3331 3123 3394 αὐτὸς
3159 3332 3331 3400 λέγων
3375 3331 3467 3385 τὸν
3514 3333 3689 3386 αὐτὸν»

2094 3417 2395 3471 ἐδίδασκεν·
2449 3419 2594 3487 Οὐχὶ
2630 3418 2710 3485 τῷ
2749 3419 2871 3485 Θεῷ
2936 3421 3374 3490 ὑποταγήσεται
3420 3422 3458 3489 ἠ
3503 3421 3673 3491 ψυχή

2085 3526 2204 3577 μου
2217 3525 2235 3573 ;
2270 3509 2404 3579 παρ’
2433 3510 2619 3565 αὺτοῦ
2668 3510 2777 3581 γὰρ
2810 3512 2875 3565 τὸ
2910 3512 3206 3581 σωτήριόν
3243 3532 3381 3583 μου.
3411 3516 3521 3568 Kal
3564 3516 3677 3585 γὰρ

2090 3602 2273 3669 αὐτὸς
2297 3606 2442 3669 Θεός
2465 3623 2584 3673 μου
2612 3605 2708 3657 καὶ
2738 3604 2941 3675 Σωτήρ
2962 3624 3102 3674 μου,
3132 3607 3509 3676 ἁντιλήπτωρ
3530 3625 3675 3677 μου,

2089 3695 2161 3748 οὐ
2188 3694 2273 3763 μὴ
2303 3695 2580 3750 σαλευθῶ
2608 3697 2937 3751 ἐπιπλεῖον.
2972 3699 3127 3764 ’Έως
3159 3699 3303 3753 πότε
3332 3700 3684 3758 ἐπιτίθεσθε·

2088 3784 2182 3838 ἐπ’
2206 3784 2539 3853 ἄνθρωπον,
2570 3789 2855 3855 φονεύετε
2892 3787 3115 3854 πάντες
3140 3790 3341 3857 ὑμεῖς;
3364 3791 3474 3844 Καὶ
3497 3777 3674 3844 ταῦτα

2090 3876 2147 3930 δὲ
2176 3879 2357 3930 ὁποῖον
2389 3877 2498 3948 ἔχει
2531 3879 2654 3933 νοῦν
2699 3880 2838 3934 κατὰ
2880 3881 2979 3950 τὴν
3008 3881 3251 3933 δοθεῖσαν
3286 3882 3444 3953 χάριν
3493 3884 3685 3955 ήρμή--

2088 3987 2291 4024 νευται.
2337 3965 2431 4034 Οἷς
2482 3972 2787 4035 ἀκολούθως
2833 3972 2925 4024 καὶ
2968 3975 2996 4026 6
3038 3973 3209 4041 Ἀσᾶιφ
3259 3972 3346 4025 διὰ
3394 3973 3501 4025 τῶν
3531 3974 3674 4044 μετά

2088 4064 2276 4132 χεῖρας
2299 4061 2374 4132 τῷ
2418 4062 2565 4133 αύτῴ
2605 4064 2758 4134 ἀνδρὶ
2806 4063 3141 4134 παραδίδωσι
3180 4063 3525 4117 διδασκαλίαν
3570 4063 3669 4117 τοῦ

2090 4154 2164 4225 μὴ
2190 4154 2548 4222 ταράττεσθαι
2577 4155 2635 4206 ὲν
2676 4158 2789 4217 τοῖς
2822 4155 2914 4208 τοῦ
2947 4156 3061 4224 βίου
3112 4157 3502 4227 πειρατηρίοις,
3530 4154 3667 4227 μηδὲ

2083 4248 2142 4299 ὲν
2171 4240 2252 4308 οἷς
2298 4244 2437 4314 ἔγνω
2482 4248 2547 4298 ὲκ
2586 4246 2693 4299 τῶν
2751 4247 3059 4318 ἔμπροσθεν
3106 4250 3272 4302 αὐτοῦ
3322 4250 3682 4320 προφτγτειῶν¹

2084 4336 2212 4408 περῒ⁹
2240 4338 2337 4408 τῆς
2366 4337 2473 4390 τῶν
2504 4338 2713 4392 ἀσεϐῶν
2742 4340 3181 4404 ἐπαναστάσεως,
3207 4342 3305 4411 τῆς
3331 4359 3389 4395 τε
3414 4343 3510 4394 τοῦ
3535 4341 3667 4396 λαοῦ

2082 4430 2177 4480 τοῦ
2203 4427 2335 4481 Θεοῦ
2360 4430 2759 4495 ταπεινώσεως·
2790 4434 3153 4501 καταφεύγειν
3177 4435 3232 4486 δὲ
3257 4434 3333 4497 ὠς
3357 4434 3448 4486 ἐπὶ
3472 4433 3683 4505 λιμένα.

404 4504 485 4558 dit
523 4506 670 4560 mihi.
708 4506 807 4570 Eo,
840 4509 1043 4579 inquit,
1063 4509 1225 4566 modo
1256 4526 1342 4566 me
1369 4514 1672 4576 composui,
1703 4527 1755 4566 ut
1782 4513 1979 4583 dignus

2095 4520 2350 4591 σωτήριον
2379 4520 2435 4574 ἐν
2466 4525 2585 4585 ταῖς
2622 4526 2855 4578 τοιαῖσδε
2902 4526 3231 4596 ἀμηχανίαις
3259 4526 3344 4578 ἐπ’
3382 4526 3544 4579 αὑτὸν
3576 4525 3683 4579 τὸν·

404 4597 704 4653 attentione
736 4597 829 4653 Dei
862 4615 1060 4663 essem,
1087 4616 1259 4671 quare
1285 4602 1508 4655 intendit
1539 4602 1687 4656 mihi.
1712 4601 1981 4673 Talesque

400 4702 567 4745 voces
599 4698 652 4745 et
684 4691 954 4746 clamores
983 4693 1163 4756 emisi,
1197 4694 1289 4763 qui
1334 4694 1481 4764 digni
1534 4694 1721 4748 auditu
1769 4694 1980 4751 Deies—

401 4789 545 4837 sent.
582 4782 949 4847 Quamobrem
973 4785 1275 4839 secundum
1306 4784 1693 4856 Symmachum
1726 4786 1926 4841 dicitur
1961 4806 1975 4842 :

409 4872 545 4928 Voce
583 4892 700 4928 mea
729 4875 798 4928 ad
836 4875 1028 4941 Deum,
1063 4887 1112 4930 et
1139 4878 1405 4932 clamante
1438 4894 1518 4932 me
1552 4878 1621 4932 ad
1661 4878 1852 4945 Deum,
1875 4897 1978 4934 au-

395 4983 481 5023 res
511 4986 636 5024 suas
664 4968 907 5039 praebuit.
932 4967 1029 5025 His
1063 4969 1364 5025 docebatur
1400 4970 1634 5025 lditltum
1671 4987 1738 5026 ne
1761 4980 1979 5041 putaret

396 5054 568 5112 Deum
610 5061 799 5130 procul
833 5060 953 5115 esse
1004 5061 1373 5117 clamantibus
1426 5061 1494 5115 ad
1546 5078 1624 5117 se.
1666 5061 1799 5116 Nam
1833 5064 1877 5119 si
1908 5065 1976 5120 ad

396 5148 630 5218 primam
690 5167 877 5207 vocem
934 5152 1051 5223 ipse
1091 5155 1386 5224 prepitium
1422 5155 1525 5211 sibi
1566 5155 1733 5211 Deum
1770 5157 1976 5212 factum

395 5254 519 5294 csse
567 5244 822 5307 senserit,
851 5245 967 5313 ipsa
1025 5261 1084 5301 re
1127 5246 1429 5302 docebatur
1476 5247 1723 5302 divinum
1774 5265 1977 5304 numen

397 5343 598 5401 umque
627 5334 839 5403 adesse,
863 5345 917 5391 et
950 5334 1311 5394 Providentia:
1335 5339 1527 5395 oculos
1557 5339 1737 5411 dignis
1762 5357 1978 5412 semper

394 5422 731 5490 prOSpicere.

2087 4610 2239 4675 Θεὸν,
2275 4614 2391 4675 ταῖς
2423 4629 2483 4664 τε
2514 4613 2649 4683 πρὸς
2683 4616 2843 4669 αὐτὸν
2893 4618 3192 4688 ἱκετηρίαις
3239 4618 3538 4688 σχολάζειν,
3571 4621 3671 4674 καὶ

2086 4703 2259 4756 ταῦτα
2299 4704 2501 4773 λέγειν,
2537 4707 2678 4777 ἅπερ
2712 4707 2861 4777 αύτῷ
2902 4708 2989 4761 διὰ
3016 4708 3111 4761 τοῦ
3151 4710 3511 4780 προκειμένου
3539 4710 3681 4780 daal--

2089 4794 2215 4864 μοῦ,
2250 4790 2336 4848 οἷα
2384 4797 2722 4861 διδάσκαλος,
2758 4799 3062 4869 παρεδίδου.
3102 4800 3212 4852 Καὶ
3248 4800 3381 4869 δῆτα
3416 4801 3673 4872 παραλα·

2086 4885 2195 4939 ϐὼν
2216 4886 2276 4939 τὸ
2307 4888 2534 4959 μάθημα
2564 4890 2738 4953 τοῦτο,
2773 4891 2870 4960 τὴν
2916 4890 3109 4944 ἑαυτοῦ
3141 4891 3317 4961 ψυχὴν
3342 4892 3681 4964 ὲθεράπευε,.

2083 4978 2399 5048 κατεπᾴδων
2426 4981 2586 5043 αὐτὸς
2616 4981 2792 5051 ἐαυτῷ
2820 4982 2911 5034 καὶ
2943 4982 3113 5050 λέγων
3132 5000 3145 5013 ·
3173 4982 3346 5051 Φωνῇ
3370 5002 3487 5051 μου
3512 4984 3666 5053 πρὸς

2082 5070 2300 5137 Κύριον
2344 5070 2655 5141 ἐκέκραξα,
2691 5071 2859 5141 φωνῇ
2891 5092 3009 5142 μου
3046 5074 3332 5142 πρὸςτὸν
3357 5076 3526 5139 Θειῖν,
3565 5074 3664 5128 καί

2085 5162 2393 5232 προσέσχε
2415 5183 2535 5233 μοι.
2563 5166 2814 5218 Τοιοῦτον
2844 5167 2972 5238 γὰρ,
3011 5168 3195 5236 φησὶν,
3256 5167 3493 5237 ἐμαυτὸν
3532 5184 3646 5237 παρ

2082 5252 2396 5320 εσκεύαζον,
2429 5256 2505 5319 ὡς
2525 5256 2670 5321 ἄξιον
2698 5252 2832 5310 εἶναι
2856 5258 2952 5328 τῆς
2975 5260 3248 5330 προσοχῆς
3271 5260 3363 5313 τοῦ
3394 5259 3551 5313 Θεοῦ·
3583 5260 3663 5313 διὸ

2083 5344 2388 5415 προσέσχε
2417 5365 2545 5415 μοι·
2585 5349 2679 5401 καὶ
2720 5350 2973 5413 τοιαύτας
3020 5367 3079 5402 τε
3115 5350 3297 5419 ἠφίειν
3334 5351 3518 5419 φωνὰς
3569 5351 3659 5405 κειὶ

2086 5434 2232 5504 βοὰς,
2267 5436 2342 5501 ὡς
2369 5438 2523 5503 ἀξίας
2557 5437 2695 5495 εἶναι
2724 5443 2893 5505 αὐτὰς
2920 5442 3022 5513 τῆς
3049 5442 3147 5495 τοῦ
3179 5442 3314 5496 Θεοῦ
3349 5444 3538 5512 ἀκοῆς.
3571 5442 3660 5497 Διὸ

399 5514 541 5607 κατὰ
569 5517 659 5569 τὸν
701 5518 997 5590 Σύμμαχον
1041 5521 1279 5594 εἴρηται·
1312 5524 1485 5594 Φωνῇ
1530 5542 1651 5594 μου
1682 5525 1830 5595 πρὸς
1875 5528 1982 5580 τὸν
2020 5529 2189 5593 Θεὸν,
2218 5532 2317 5585 καὶ
2329 5533 2681 5603 ,βοήσαντος
2700 5553 2815 5605 μου
2842 5536 2992 5605 πρὸς
3030 5537 3137 5590 τὸν
3164 5537 3333 5601 Θεὸν,
3388 5537 3657 5607 παρέσχε

394 5606 505 5670 τὰς
525 5609 709 5672 ακοὰς
736 5610 944 5667 αὐτοῦ.
977 5612 1075 5667 Διά
1103 5613 1304 5669 τούτων
1333 5615 1441 5688 γὰρ
1467 5616 1773 5672 ὲὸιδάσκετο
1803 5620 1831 5672 6
1866 5618 2099 5691 Ἰδιθοὺμ
2160 5621 2246 5695 μὴΔ
2285 5623 2524 5696 νομίζειν
2543 5627 2735 5700 πὸρῤω
2769 5646 2872 5684 που
2898 5630 3198 5699 ἀφεστάναι
3242 5629 3335 5684 τὸν
3385 5606 3518 5685 Θεδν
3545 5606 3665 5682 τῶν

476 5784 523 5862 τε
562 5786 655 5843 10b
687 5790 809 5852 xxi,
847 5791 999 5845 ἴση.
