4126 6400
360 376 475 433 889'
1492 368 1999 431 COMMENTARIA
2029 368 2094 426 IN
2134 370 2480 429 PSALMOS‘.

3506 374 3613 431 890

360 483 746 557 ἐπιϐοωμένων
774 483 957 540 αὐτόν.
990 485 1053 539 Εἰ
1081 484 1188 559 γὰρ
1241 487 1356 558 ἅμα
1416 484 1497 556 τῷ
1528 486 1628 557 τὴν
1673 484 1857 557 φωνὴν
1882 485 2203 559 ἀναπέμψαι
2230 486 2427 557 ᾔσθετο
2470 485 2709 557 ἐπηκόου
2759 485 2925 541 αὑτοῦ
2959 485 3253 559 γενομένου
3292 484 3386 541 τοῦ
3456 486 3627 567 Θεοῦ,

360 580 541 642 αὐτοῖς
564 576 745 649 ἔργοις
771 575 1075 629 ἐδιδάσκετο
1113 576 1390 649 πανταχοῦ
1421 578 1674 648 παρεῖναι
1692 576 1755 629 τὸ
1810 576 1984 644 Θεῖον,
2026 579 2122 632 καὶ
2179 577 2305 643 τοὺς
2353 577 2454 649 τῆς
2519 577 2784 649 Προνοίας
2838 577 3150 650 ὀφθαλμοὺς
3217 579 3420 648 ἐφορᾷν
3488 578 3620 643 τοὺς

357 668 560 735 ἀξίους.

443 782 605 837 Ἀλλὰ
661 786 754 839 καὶ
805 785 875 840 ἐν
928 785 1117 855 ἡμέρᾳ
1172 786 1434 856 θλίψεὼς
1478 805 1620 856 μου,
1648 786 1803 859 φησὶ,
1838 786 1946 840 τὸν

2118 781 2283 837 Veas.
2318 783 2372 837 3.
2416 781 2522 836 Sed
2550 782 2711 835 etiam
2741 782 2797 834 in
2836 781 2921 835 die
2949 780 3310 837 tribulationis
3349 799 3497 848 mete,
3534 786 3623 842 in-

363 879 512 932 Θεὸν
542 876 869 945 ἐξεζήτησα
899 879 1028 944 ταῖς
1059 879 1231 947 χερσί
1260 897 1379 948 μου
1406 880 1628 945 νυκτὸς
1664 878 1943 932 ἐναντίον

360 969 568 1031 αὐτοῦ,
602 967 699 1021 καὶ
748 971 822 1022 οὐ
866 968 953 1037 μὴ
1004 969 1339 1038 ήπατήθην.
1368 971 1479 1023 Καὶ
1507 971 1586 1023 ὄτι
1623 969 1720 1040 μὲν
1751 969 1944 1023 πολλαὶ

363 1063 420 1115 al
469 1061 676 1131 θλίψεις
721 1061 828 1115 τῶν
876 1061 1101 1115 δικαίων
1152 1062 1378 1133 (ἐπειδὴ
1426 1063 1755 1134 ἀπείραστος
1802 1063 1944 1133 ἀνὴρ

363 1154 665 1225 ἀδόκιμος),
684 1153 952 1216 παντοίως
975 1154 1315 1208 διδάσκουσιν
1346 1157 1395 1207 οἱ
1419 1154 1550 1208 θεῖοι
1576 1155 1725 1223 λόγοι
1742 1171 1755 1185 ⁸
1784 1154 1858 1218 ὼς
1888 1155 1944 1207 δὲ

364 1246 671 1315 θλιϐόμενοι
715 1246 996 1317 κρείττους
1038 1246 1246 1300 ἑαυτῶν
1272 1246 1567 1315 ἐγίγνοντο,
1592 1246 1818 1318 δοκιμὴν
1845 1247 1945 1317 τῆς

364 1337 573 1391 ἑαυτῶν
596 1338 926 1409 παρέχοντες
952 1338 1249 1409 ὑπομονῆς,
1280 1340 1339 1392 οὐ
1365 1341 1472 1411 μὴν
1499 1340 1850 1411 συγχεόμενοι
1870 1339 1947 1402 ὡς

366 1430 633 1501 εἰλιγγιᾷν
661 1431 754 1483 καὶ
777 1428 1146 1502 θορυϐεῖσθαι,
1176 1431 1418 1485 διδάσκει
1441 1433 1469 1484 ὁ
1492 1430 1681 1497 εἰπὼν,
1701 1434 1796 1485 Ἐν
1822 1432 1949 1485 θλί-

364 1524 467 1589 ψει
499 1520 845 1587 ἐπλάτυνάς
878 1538 975 1591 με,
1010 1522 1105 1575 καὶ
1144 1525 1172 1575 ὁ
1213 1523 1356 1586 θεῖος
1389 1524 1708 1586 Ἀπόστολος
1736 1522 1910 1592 λέγων
1929 1539 1942 1553 ⁸

367 1613 731 1681 Θλιὸόμενοι,
765 1612 902 1665 ἀλλ’
937 1616 1008 1667 οὐ
1038 1615 1615 1685 στενοχωρούμενοι’
1653 1617 1947 1669 καταϐαλο

363 1704 626 1772 λόμενοι.
650 1704 788 1757 ἀλλ’
804 1706 915 1758 οὐκ
940 1704 1349 1776 ἀπολλύμενοι
1367 1725 1380 1738 ⁸
1410 1708 1778 1777 διωκόμενοι,
1807 1707 1944 1762 ἀλλ’

363 1793 476 1844 οὐκ
502 1796 1082 1862 ἐγκαταλειπόμενοι.
1125 1795 1311 1861 Οὕτως
1338 1791 1430 1851 οῦν
1457 1799 1551 1850 καὶ
1582 1798 1818 1851 ἐνταῦθά
1841 1815 1948 1868 φη-

364 1897 453 1935 σιν
474 1896 488 1911 ·
523 1884 627 1937 Ἐν
653 1884 845 1953 ἡμέρᾳ
867 1886 1127 1956 θλίψεως
1148 1906 1266 1956 μου
1293 1888 1401 1941 τὸν
1425 1888 1575 1941 Θεὸν
1598 1889 1945 1956 ἐξεζήτησα·

364 1975 426 2029 οὐ
453 1975 562 2045 γάρ
592 1954 898 2029 ἀπέϐλεπον
939 1954 1034 2030 ἐπὶ
1069 1954 1195 2041 τοῦς
1230 1978 1531 2043 θλίϐοντας,
1564 1981 1673 2032 οὐδ’
1706 1954 1796 2033 ἐπὶ
1823 1954 1948 2046 τοὺς

365 2068 759 2139 ἐπαιρομένους
778 2084 791 2097 ’
826 2070 1167 2141 ἐπιστρέφων
1195 2070 1251 2123 δὲ
1279 2070 1518 2140 ἐμαυτοῦ
1548 2071 1609 2125 τὸ
1641 2073 1739 2143 τῆς
1770 2073 1945 2145 ψυχῆς

364 2160 520 2230 ὄμμα
570 2161 707 2231 πρὸς
749 2160 841 2214 τὸν
886 2160 1019 2213 Θεόν
1066 2161 1187 2215 κατ’
1219 2162 1382 2215 αὐτὸν
1410 2164 1501 2216 τὸν
1530 2162 1642 2231 τῆς
1685 2167 1947 2234 θλίψεως

366 2253 578 2323 καιρὸν,
597 2252 759 2304 αὑτὸν
785 2251 1089 2323 ἐξεξήτουν.
1109 2253 1364 2323 Ἐζήτουν
1394 2252 1450 2306 δέ
1482 2254 1644 2308 αὐτὸν
1670 2258 1788 2318 ταῖς
1824 2273 1883 2326 χε
1894 2273 1949 2326 ρ-

368 2346 422 2399 σί
452 2363 574 2417 μου,
602 2345 980 2415 δεδιδαγμένος
1006 2347 1251 2417 ἐπαίρειν
1275 2347 1454 2410 ὁσίους
1481 2351 1670 2419 χεῖρας
1694 2348 1837 2402 κατὰ
1855 2350 1947 2403 τόν

369 2439 648 2509 φάσκοντα
664 2438 820 2507 λόγον
835 2455 849 2469 ο
873 2439 1171 2507 Βούλομαι
1195 2438 1263 2491 δὲ
1284 2439 1425 2505 τοὺς
1451 2438 1674 2508 ἄνδρας
1696 2441 1950 2509 προσεύ-

369 2533 580 2599 χεσθαι
604 2572 618 2595 ,
672 2531 1031 2599 ἐπαίροντας
1086 2530 1295 2596 ὁσίους
1352 2530 1576 2599 χεῖρας.
1638 2533 1748 2585 Καὶ
1802 2532 1951 2586 τοῦτ’

370 2620 640 2692 ἔπραττον
670 2622 731 2673 οὐ
758 2620 827 2673 δι’
859 2620 1074 2692 ἡμέρας
1110 2621 1289 2691 μόνον,
1327 2622 1465 2675 ἀλλὰ
1494 2624 1588 2676 καὶ
1617 2623 1705 2677 διὰ
1732 2626 1948 2692 νυκτὸς,

368 2712 471 2776 τὰς
497 2713 683 2785 χεῖράς
718 2730 818 2784 μου
849 2715 1091 2787 ἐπαῖρων
1122 2714 1363 2769 ἐναντίον
1402 2714 1589 2780 αὐτοῦ,
1620 2717 1714 2769 καῖ⁹
1744 2716 1831 2769 διὰ
1853 2719 1951 2788 τῆς

369 2806 699 2876 προσευχῆς,
732 2806 827 2858 καὶ
855 2804 941 2858 διὰ
965 2806 1074 2859 τῶν
1104 2805 1242 2877 πρὸς
1271 2805 1430 2859 αὐτὸν
1459 2806 1648 2875 φωνῶν
1676 2806 1950 2877 ἐπιζητῶν

370 2898 550 2951 αὐτόν.
581 2896 693 2959 Διὸ,
720 2896 894 2951 ταῦτα
940 2898 1216 2968 πράττων,
1251 2901 1373 2952 Οὐκ
1413 2898 1760 2966 ήπατήθην·
1805 2897 1954 2970 εὑρί-

371 3006 532 3042 σκετο
562 2989 669 3060 γάρ
723 3008 811 3061 μοι
853 2990 1215 3060 ζητούμενος⁹
1251 2991 1330 3044 διὸ
1355 2990 1663 3060 προσέσχε
1696 3009 1821 3060 μοι,
1856 2991 1951 3045 καὶ

365 3080 467 3144 τὰς
497 3080 691 3133 ἐαυτοῦ
718 3080 888 3144 ἀκοὰς
931 3082 1053 3151 ἐμοὶ
1087 3082 1359 3153 παρέσχεν
1398 3082 1542 3135 Ἀντὶ
1573 3081 1629 3134 δὲ
1667 3082 1782 3145 τοῦ,
1820 3083 1952 3149 Ταῖς

369 3175 544 3243 χερσί
567 3191 685 3243 μου
709 3173 930 3239 νυκτὸς
959 3174 1237 3229 ἐναντίον
1269 3174 1475 3240 αὐτοῦ,
1512 3175 1612 3228 καὶ
1658 3177 1765 3229 οὐκ
1794 3177 1950 3243 ἠπα-

369 3266 580 3332 τήθην,
610 3267 638 3318 ὁ
668 3266 964 3335 Σύμμαχος
1001 3264 1188 3318 τοῦτον
1221 3268 1535 3336 ἡρμήνευσε
1577 3266 1668 3321 τὸν
1710 3268 1911 3337 τρόπον
1933 3284 1951 3299 ”

378 3353 444 3409 Ἠ
471 3355 599 3423 χείρ
639 3372 759 3423 μου
809 3353 1032 3420 νυκτὸς
1069 3354 1345 3408 ἐκτέτατο
1378 3354 1684 3423 διηνεκῶς.
1735 3356 1951 3427 Ταύτην

2042 874 2183 945 quit,
2210 874 2375 928 Deum
2401 875 2656 943 exquisivi
2682 872 2926 927 manibus
2949 875 3076 927 meis
3100 884 3248 928 nocte
3271 886 3457 930 contra
3479 894 3619 946 eum,

2041 974 2091 1019 et
2130 982 2233 1019 non
2284 982 2401 1019 sum
2441 967 2704 1034 deceptus.
2741 964 2897 1030 Quod
2935 966 3118 1019 multa:
3167 966 3279 1021 sint
3324 970 3621 1038 proborum

2042 1059 2387 1113 calamitates
2415 1059 2561 1126 (nam
2610 1060 2695 1111 vir
2744 1073 2852 1111 non
2902 1065 3145 1114 tentatus
3180 1059 3444 1131 inglorius
3492 1062 3620 1133 est),

2044 1151 2358 1209 omnimode
2398 1150 2596 1204 docent
2634 1149 2831 1204 divinae
2875 1148 3176 1221 Scriptura:
3208 1171 3220 1205 :
3250 1152 3395 1222 quod
3436 1164 3621 1209 autem

2046 1241 2098 1295 in
2121 1243 2389 1297 aerumnis
2404 1242 2666 1312 degentes
2690 1242 2794 1296 sibi
2821 1243 2956 1312 ipsis
2982 1245 3295 1313 superiores
3325 1248 3621 1309 evaserint,

2044 1335 2585 1405 experimentumque
2612 1335 2887 1403 patientim
2908 1351 3022 1390 sum
3054 1335 3329 1401 dederint,
3366 1353 3476 1392 non
3499 1354 3627 1393 con-

2046 1424 2153 1480 fusi
2184 1425 2257 1479 ita
2291 1433 2351 1480 ut
2381 1425 2649 1495 vertigine
2684 1426 2997 1482 laborarent
3029 1438 3082 1481 et
3129 1410 3504 1495 turbarentur,
3550 1432 3625 1485 ita

2046 1518 2205 1573 docet
2233 1518 2345 1579 ille,
2389 1516 2456 1570 In
2492 1516 2836 1571 tribulatione
2863 1519 3112 1573 dilatasti
3143 1521 3270 1573 mihi
3292 1521 3369 1589 7‘;
3406 1521 3626 1579 divinus

2046 1609 2171 1664 item
2207 1610 2503 1680 Apostolus
2535 1610 2648 1665 haec
2685 1611 2872 1676 tradit,
2911 1611 3328 1668 Tribulationem
3366 1616 3623 1684 patimur,

2046 1703 2136 1755 sed
2176 1718 2279 1755 non
2310 1704 2715 1772 angustiamur;
2756 1702 3062 1773 dejicimur,
3096 1705 3186 1759 sed
3222 1722 3323 1759 non
3355 1707 3625 1775 perimus;

2046 1794 2457 1863 persecutionem
2509 1797 2775 1862 patimur,
2825 1794 2915 1849 sed
2964 1813 3068 1850 non
3117 1796 3627 1868 derelinquimur”.

2050 1882 2140 1938 Sic
2172 1885 2340 1955 igitur
2366 1884 2458 1939 hic
2502 1886 2615 1939 ait:
2646 1885 2712 1939 In
2750 1885 2834 1939 die
2887 1886 3245 1941 tribulationis
3292 1906 3421 1942 mea:
3461 1890 3628 1943 Deum

2047 1978 2324 2048 exquisivi.
2385 1976 2503 2031 Non
2550 1978 2695 2033 enim
2759 1977 2827 2032 ad
2866 1979 3276 2034 tribulationem
3306 1980 3625 2049 inferentes,

2048 2084 2159 2123 non
2189 2069 2257 2122 ad
2291 2068 2533 2123 tumidos
2572 2069 2697 2124 illos
2725 2069 3118 2138 respiciebam;
3151 2072 3244 2126 sed
3275 2074 3436 2126 oculo
3470 2090 3625 2128 men-

2049 2155 2121 2215 tis
2154 2176 2286 2215 mea:
2331 2160 2399 2214 ad
2434 2159 2603 2214 Deum
2658 2159 3016 2215 tribulationis
3063 2168 3306 2232 tempore
3336 2178 3623 2230 converso,

2049 2251 2228 2323 ipsum
2263 2252 2641 2322 exquirebam.
2684 2250 2939 2307 Manibus
2973 2269 3103 2307 vero
3141 2256 3280 2308 meis
3314 2257 3626 2325 quaerebam

2049 2358 2195 2406 eum,
2229 2343 2514 2399 institutus
2546 2344 2611 2398 ad
2645 2343 2903 2398 levandas
2950 2353 3169 2400 sanctas
3200 2360 3394 2401 manus
3430 2362 3632 2401 secun-

2050 2436 2179 2489 dum
2210 2435 2429 2491 eﬂ‘atum
2462 2436 2595 2489 illud
2621 2455 2634 2490 :
2671 2435 2798 2490 Volo
2823 2447 2999 2491 autem
3028 2438 3165 2491 uiros
3195 2454 3369 2504 orare,
3401 2438 3641 2495 levantes

2050 2538 2262 2583 sanetas
2305 2545 2492 2582 manus
2515 2529 2582 2583 ⁷⁷.
2610 2527 2777 2598 quue
2813 2542 2923 2582 non
2968 2527 3056 2584 die
3092 2530 3292 2592 solum,
3332 2530 3427 2585 sed
3464 2532 3627 2585 etiam

2050 2628 2210 2675 nocte
2254 2635 2450 2675 manus
2493 2635 2647 2675 meas
2699 2628 2890 2677 contra
2932 2636 3057 2676 eum
3092 2622 3403 2693 erigebant;
3457 2624 3530 2676 ita
3575 2634 3632 2677 ut

2050 2718 2158 2765 tam
2190 2714 2440 2769 oratione
2465 2730 2628 2784 quam
2671 2716 2900 2771 vocibus
2925 2715 3147 2771 emissis
3180 2716 3331 2769 illum
3376 2717 3635 2786 exquire-

2050 2819 2187 2859 rem.
2247 2804 2591 2876 Quapropter
2628 2806 2742 2861 baac
2795 2823 2963 2875 agens
3017 2824 3121 2861 non
3170 2824 3287 2861 sum
3336 2808 3579 2877 deceptus
3614 2823 3632 2860 :

2052 2911 2178 2952 nam
2205 2899 2541 2969 perquisitus
2573 2898 2664 2952 ille
2697 2900 2951 2954 inventus
2984 2913 3013 2952 a
3044 2915 3130 2953 me
3157 2898 3279 2961 fuit,
3323 2910 3371 2954 et
3405 2900 3633 2954 intendit

2053 2991 2203 3056 mihi,
2235 3005 2506 3060 auresque
2540 2990 2674 3043 mihi
2707 2991 2955 3060 praebuit.
2990 2992 3097 3044 Pro
3133 2992 3226 3046 illo
3257 2999 3460 3055 autem,
3506 2990 3631 3044 Mo-

2053 3080 2206 3135 nibus
2236 3081 2365 3133 meis
2397 3094 2545 3134 nocte
2574 3090 2761 3134 contra
2798 3097 2938 3145 eum,
2982 3090 3031 3134 et
3082 3098 3185 3135 non
3219 3098 3335 3135 sum
3359 3082 3641 3151 deceptus,

2055 3171 2416 3243 Symmachus
2463 3174 2565 3227 hoc
2610 3173 2774 3227 modo
2822 3173 3213 3244 interpretatus
3265 3182 3383 3241 est,
3439 3174 3632 3228 Manus

2053 3281 2169 3318 mea
2198 3273 2348 3318 nocte
2373 3273 2588 3318 extensa
2626 3274 2743 3318 erat
2780 3266 3013 3320 assidue.
3051 3265 3203 3320 Hanc
3237 3267 3421 3338 itaque
3461 3268 3635 3319 maxi-

2053 3373 2199 3411 mam
2234 3365 2288 3411 et
2311 3359 2484 3412 solam
2519 3365 2715 3413 nactus
2745 3374 2865 3412 sum
2902 3359 3358 3413 consolationem.
3392 3356 3499 3411 Seu
3525 3359 3643 3411 alio-

370 3445 469 3517 μὲν
500 3443 593 3500 οῦν
623 3443 768 3517 εἶχον
798 3447 1059 3518 μεγίστην
1093 3446 1187 3499 καὶ
1231 3447 1398 3517 μόνην
1444 3447 1951 3519 παραμυθίαν.Ἀλ-

2058 3449 2242 3512 modo,
2276 3449 2587 3504 aﬂlictionis
2620 3467 2752 3505 meae
2777 3461 3019 3521 tempore
3057 3451 3329 3505 neminem
3359 3465 3424 3505 ex
3458 3450 3633 3504 homi-

366 3538 475 3603 λως
508 3539 584 3603 δὲ,
612 3540 822 3605 οὐδενὸς
847 3539 1146 3611 ἠνειχόμην
1188 3538 1518 3611 παρακαλεῖν
1563 3558 1629 3610 με
1669 3541 1764 3594 καὶ
1792 3540 1951 3613 θερα-

367 3630 557 3685 πεύειν
606 3631 882 3693 ἐθέλοντος
932 3630 1219 3701 ἀνθρώπου
1253 3632 1309 3683 ἐν
1337 3630 1414 3701 τῷ
1449 3632 1547 3702 τῆς
1579 3630 1811 3701 θλίψεώς
1847 3650 1947 3703 μου

368 3721 561 3793 καιρῷ.
594 3721 686 3774 Διό
714 3722 953 3790 ἐπιλέγει
973 3740 987 3752 ι
1030 3720 1401 3790 Ἄπηνήνατο
1428 3723 1881 3792 παρακληθῆναι
1908 3724 1947 3792 ή

366 3813 538 3883 ψυχή
569 3833 689 3884 μου
714 3831 728 3845 ο
770 3814 803 3885 ἢ
838 3816 978 3869 κατὰ
1027 3814 1119 3868 τὸν
1163 3813 1477 3885 Σύμμαχον,
1512 3820 1632 3871 Οὐκ
1686 3817 1952 3873 ἐπείθετο

368 3906 829 3976 παρηγορεῖσθαι
873 3907 912 3974 ἡ
951 3907 1123 3976 ψυχή
1152 3922 1303 3975 μου·
1338 3907 1452 3960 ἀλλ’
1488 3908 1798 3977 ἀνθρώποις
1854 3910 1952 3980 μὲν

367 4000 468 4052 οὐκ
492 3999 810 4070 ἐπειθόμην,
844 4001 952 4064 τοῖς
983 4000 1156 4063 ἄλλως
1188 4018 1255 4071 με
1285 4003 1621 4072 παρηγορεῖν
1654 4002 1747 4054 καὶ
1775 4018 1951 4071 παρα-

367 4090 585 4144 καλεῖν
627 4074 940 4161 ἐμνήσθην
983 4091 1038 4145 δὲ
1088 4093 1195 4147 τοῦ
1242 4094 1389 4147 Θεοῦ
1429 4093 1525 4146 καὶ
1560 4093 1948 4161 ηὑρράνθηνυ

369 4183 612 4253 ὰπήρκει
640 4183 746 4253 γάρ
784 4201 872 4253 μοι
914 4186 948 4254 ἡ
986 4183 1080 4236 τοῦ
1107 4184 1241 4237 Θεοῦ
1286 4186 1474 4256 μνήμη
1516 4185 1651 4255 πρὸς
1692 4185 1954 4258 εὐφροσύ-

366 4289 467 4345 νην
485 4291 500 4305 ο
530 4274 666 4327 ἀλλὰ
697 4274 791 4328 καὶ
817 4274 1231 4345 ἠδολέσχησα,
1261 4278 1413 4347 φησὶ,
1447 4278 1543 4331 καὶ
1572 4277 1956 4347 ὠλιγοψύχη-

366 4380 484 4421 σα’
520 4366 635 4419 ἀνθ’
666 4360 726 4420 οὗ
766 4369 794 4419 ὁ
834 4366 1129 4438 Σύμμαχος
1157 4369 1490 4440 ἡρμήνευσε,
1528 4368 1857 4422 Διελάλουν
1883 4370 1954 4422 ἐν

366 4458 600 4529 ἐμαυτῷ
649 4460 743 4513 καὶ
788 4461 1372 4529 ἐλειποθύμουν.”οτι
1410 4460 1525 4531 μὲν,
1556 4460 1707 4529 φησὶ,
1735 4457 1954 4530 ἐμαυτῷ

366 4551 663 4617 διελάλουν,
698 4551 1087 4623 ἐλειποθύμουν
1113 4568 1125 4580 ·
1174 4554 1267 4606 καὶ
1313 4554 1400 4605 ὅτε
1454 4552 1775 4622 ἠδολεσχουν
1824 4552 1953 4622 παρ’

369 4640 612 4711 ἐμαυτῷ,
647 4641 949 4713 τηνικαῦτα
983 4642 1309 4713 ὠλιγοψύχει
1345 4643 1405 4696 τὸ
1437 4640 1655 4712 πνεῦμά
1684 4660 1785 4713 μου
1808 4657 1821 4670 ’
1862 4643 1953 4695 ὅτε

366 4732 423 4785 δὲ
449 4733 937 4804 ἀνεμιμνησκόμην
975 4734 1070 4787 τοῦ
1119 4733 1276 4797 Θεοῦ,
1311 4732 1649 4804 εὐφροσύνης
1686 4731 1955 4804 ἐπληρού-

2054 3541 2221 3596 nibus
2253 3540 2602 3595 admittebam
2636 3542 2728 3611 qui
2762 3542 2922 3596 vellet
2967 3557 3053 3597 me
3081 3541 3375 3602 consolari,
3423 3556 3486 3594 ac
3514 3554 3632 3596 me-

2051 3631 2166 3686 deri
2207 3631 2380 3685 dolori
2413 3647 2554 3686 meo.
2584 3630 2764 3697 Quare
2792 3632 2976 3686 subdit
3003 3650 3016 3685 :
3044 3661 3113 3670 —
3144 3629 3309 3687 Vens.
3341 3630 3396 3685 4.
3441 3630 3641 3685 Renuit

2051 3723 2319 3778 consolari
2344 3724 2522 3777 anima
2554 3740 2703 3787 mea;
2723 3725 2857 3788 sive,
2888 3723 3186 3779 secundum
3219 3723 3639 3793 Symmachum,

2055 3815 2178 3870 Non
2222 3815 2639 3885 persuadebatur
2672 3816 3085 3870 consolationem
3131 3815 3406 3869 admittere
3450 3818 3642 3869 anima-

2052 3924 2209 3972 mea;
2257 3909 2351 3963 sed
2391 3908 2705 3962 hominibus
2746 3908 2965 3978 quidem
3009 3907 3282 3962 consolari
3332 3913 3383 3961 et
3420 3906 3639 3960 hortari

2051 4000 2364 4057 volentibus
2401 4016 2511 4054 non
2556 4000 3035 4069 obtemperabam;
3083 4015 3272 4054 verum
3322 4015 3520 4052 memor
3553 3999 3643 4068 {ni-

2056 4094 2151 4148 Dei
2179 4103 2228 4147 et
2259 4092 2547 4146 delectatus
2596 4107 2758 4146 sum:
2789 4104 2913 4146 nam
2955 4091 3050 4146 Dei
3083 4091 3345 4146 memoria
3397 4092 3462 4145 ad
3499 4092 3645 4146 laeti-7

2053 4185 2185 4238 tiam
2230 4184 2363 4238 mihi
2417 4186 2553 4240 satis
2592 4192 2744 4249 erat;
2788 4184 2921 4253 quin
2954 4183 3114 4237 etiam
3161 4183 3256 4244 ait,
3312 4183 3645 4236 exercitatus.

2053 4292 2194 4341 sum,
2229 4287 2278 4330 et
2312 4275 2504 4346 defecit
2538 4276 2756 4343 spiritus
2796 4289 2975 4337 meus;
3002 4290 3100 4343 pro
3130 4289 3239 4343 quo
3269 4272 3635 4345 Symmachus

2056 4370 2447 4439 interpretatus
2477 4378 2583 4433 est,
2615 4366 2891 4438 Loquebar
2920 4369 2974 4419 in
3021 4367 3219 4435 meipso
3247 4375 3296 4418 et
3336 4366 3513 4419 animo
3542 4366 3631 4420 de-

2056 4462 2319 4532 ﬁciebam.
2380 4461 2687 4529 Quoniam,
2749 4462 2945 4534 inquit,
3009 4462 3271 4532 loquebar
3310 4462 3441 4515 mihi
3493 4462 3632 4532 ipsi,

2057 4552 2240 4605 animo
2290 4551 2609 4605 deliciebam
2638 4572 2650 4606 :
2682 4560 2733 4606 et
2772 4568 2897 4605 cum
2942 4554 3279 4606 exercitarer
3325 4552 3465 4621 apud
3514 4567 3635 4607 me-

2057 4644 2257 4713 ipsum,
2306 4651 2438 4697 tunc
2484 4642 2774 4699 deﬁciebat
2820 4643 3048 4714 Spiritus
3086 4660 3275 4709 meus;
3326 4659 3450 4697 cum
3502 4658 3645 4697 vero»

2057 4735 2152 4791 Dei
2199 4737 2543 4801 recordarer,
2580 4737 2765 4792 laztitia
2810 4737 3100 4807 replebar;
3156 4735 3250 4791 sed
3305 4735 3465 4790 etiam
3506 4751 3637 4789 cum

373 4843 479 4897 μην
497 4840 513 4856 ⁶
544 4826 679 4879 ἀλλὰ
705 4828 799 4879 καὶ
827 4825 1004 4898 ζητῶν
1034 4826 1195 4882 αὑτὸν
1218 4828 1340 4891 ταῖς
1386 4826 1541 4897 χερσί
1591 4843 1691 4896 μου
1741 4825 1951 4890 νυκτὸς,

2060 4842 2182 4880 eum
2215 4828 2468 4882 manibus
2496 4828 2632 4882 meis
2662 4834 2825 4881 noctu
2854 4828 3221 4897 exquirerem,
3265 4842 3373 4880 non
3406 4828 3638 4881 aberra-

367 4917 467 4970 οὐκ
500 4916 840 4988 ήπατὼμην·
877 4918 1128 4991 εὕρισκον
1154 4920 1262 4987 γὰρ
1305 4919 1493 4990 ὥσπερ
1538 4918 1762 4990 πλησίον
1816 4935 1958 4991 παρ-

368 5009 584 5063 ιστιῖντὰ
620 5027 729 5080 μοι,
766 5010 860 5063 καὶ
886 5011 983 5081 τῆς
1017 5011 1198 5082 φωνῆς
1221 5028 1321 5082 μου
1348 5013 1581 5082 ἐπήκοον
1612 5011 1951 5082 γιγνόμενον.

440 5101 965 5170 Προκατελάϐοντο
1014 5103 1292 5172 φυλακὰς
1345 5106 1400 5157 ol
1458 5103 1755 5172 ὀφθαλμοί
1809 5119 1950 5171 μου,

368 5190 736 5261 ἐταράχθην,
758 5192 853 5245 καί
911 5194 1027 5245 οὐκ
1080 5191 1377 5258 ἐλάλησα.
1427 5192 1489 5245 0E
1543 5190 1813 5254 θλίϐοντες
1863 5208 1952 5261 με,

372 5284 526 5353 φησὶ,
551 5284 799 5354 λογισμοὶ
825 5282 1052 5336 τοιοῦτοι
1079 5278 1239 5354 ἦσαν.
1260 5282 1477 5354 Ἐπειδὴ
1509 5282 1617 5354 γὰρ
1650 5281 1836 5354 ἐώρων
1855 5281 1955 5354 τὴν

370 5376 640 5447 ἀποϐολὴν
696 5376 789 5429 τοῦ
835 5376 986 5438 λαοῦ,
1012 5377 1077 5447 ἢν
1124 5376 1417 5429 ὲθέσπισαν
1465 5377 1513 5429 οἱ
1565 5375 1957 5448 προλεχθέντες

372 5471 701 5541 προφητικώ
730 5469 898 5538 λόγοι,
918 5464 1174 5540 ἐθορυϐού
1185 5486 1290 5539 μην
1324 5469 1565 5532 εἰκότως.
1590 5469 1684 5522 καὶ
1712 5468 1953 5521 ἐνενόουν

372 5558 509 5630 πρὸς
557 5559 791 5629 ἐμαυτὸν
837 5560 885 5611 εἰ
928 5559 1295 5629 ἀθεράπευτον
1337 5560 1517 5622 αὐτοῖς
1564 5558 1715 5612 ἔσται
1760 5558 1821 5611 τὸ
1854 5576 1954 5612 κα-

373 5650 489 5705 κόν.
518 5651 591 5704 Τὸ
623 5651 719 5722 μὲν
742 5651 851 5722 γὰρ
881 5650 1254 5721 ἁποϐληθῆναι
1278 5651 1474 5714 αὐτοὺς
1501 5649 1677 5722 καιρῷ
1720 5666 1825 5703 τινι
1859 5651 1953 5704 καὶ⁶

449 5807 494 5839 ’⁵
537 5806 679 5864 Psal.
710 5824 785 5874 1v,
816 5808 873 5863 2.
948 5805 1056 5862 "ll
1086 5807 1212 5865 Cor.
1254 5780 1326 5877 ni,
1360 5806 1416 5873 8,
1449 5805 1501 5862 9.
1579 5807 1666 5863 "l
1701 5805 1841 5862 Tim.
1879 5821 1917 5861 ιι
1942 5845 1957 5873 ,
1993 5805 2048 5862 8.

2059 4914 2182 4969 bam
2210 4934 2222 4968 :
2260 4930 2383 4968 nam
2412 4916 2589 4986 ipsum
2616 4931 2721 4970 ceu
2743 4915 3005 4979 vicinum,
3046 4923 3366 4985 prmsentem
3394 4912 3547 4977 mihi,
3578 4922 3648 4968 ett-

2056 5006 2177 5061 voci
2207 5021 2341 5061 mea:
2372 5008 2664 5076 pr0pitium
2689 5006 3180 5076 deprehendebam.

2126 5097 2292 5153 Vens.
2333 5098 2385 5154 5.
2426 5100 2856 5169 Anticipaverunt
2888 5100 3095 5169 vigilias
3126 5098 3263 5152 oculi
3289 5096 3409 5159 mei,
3447 5093 3632 5147 turba-

2056 5199 2141 5244 tus
2168 5207 2284 5243 sum
2304 5199 2355 5246 et
2378 5208 2479 5245 non
2506 5208 2623 5245 sum
2666 5193 2891 5247 locutus.
2925 5192 3303 5262 Cogitationes
3346 5204 3467 5258 qua:
3498 5187 3643 5241 mihi

2058 5282 2402 5339 amictionem
2431 5285 2716 5354 pariebant
2750 5286 2885 5340 tales
2922 5292 3098 5339 erant.
3130 5282 3269 5349 Quia
3312 5283 3457 5370 enim
3484 5279 3643 5349 abjev

2058 5380 2293 5433 ctionem
2325 5378 2532 5448 populi,
2567 5393 2730 5448 quam
2767 5375 3052 5431 memorati
3084 5372 3389 5445 prophetici
3425 5384 3639 5426 sermo-

2059 5485 2160 5524 nes
2211 5469 2491 5523 vaticinati
2518 5478 2664 5531 sunt,
2713 5466 3136 5538 prospiciebant,
3174 5463 3299 5533 jure
3339 5460 3639 5524 turbabar,

2060 5575 2385 5631 mecumque
2438 5561 2797 5631 reputabant,
2867 5575 2997 5614 num
3055 5559 3299 5628 ipsorum
3351 5555 3650 5609 calamitas

2061 5653 2180 5708 sine
2210 5650 2451 5709 remedio
2501 5650 2685 5709 futura
2729 5651 2821 5707 sit.
2867 5648 3002 5705 Nam
3028 5649 3172 5721 quod
3205 5658 3451 5709 tetnoorc
3496 5660 3645 5717 ιιιιοο
