4126 6400
551 377 651 433 891

1301 377 1567 435 EUSEBll
1608 381 2086 439 CAESARIENSIS
2123 382 2274 442 OPP.
2308 385 2488 441 PARS
2521 385 2608 442 lli.
2645 417 2715 426 —
2751 382 3154 441 EXEGETICA.

3682 382 3804 439 899-

551 491 677 546 dam
712 485 1022 558 abiiciendi,
1067 493 1122 542 et
1162 489 1308 558 quod
1351 491 1404 546 in
1433 491 1590 548 linem
1626 495 1859 566 idipsum
1897 497 2116 567 passuri

2224 498 2301 560 εἰς
2341 499 2492 562 τέλος
2523 498 2716 562 αὐτοὺς
2747 496 2904 550 τοῦτο
2932 496 3123 551 παθεῖν
3155 494 3438 548 ἐπίστευον
3470 496 3534 566 τῇ
3570 511 3784 569 προφη-

550 589 755 644 essent,
789 580 846 635 id
894 595 1027 635 sane
1071 581 1362 636 credebam
1400 583 1786 655 obtemperans
1823 587 2118 658 prophetiae

2224 589 2335 658 τείᾳ
2373 587 2636 660 λεγούσῃ⁶
2683 588 2876 651 Ἰνατί,
2926 590 2958 642 ό
3004 586 3167 652 Θεὸς,
3201 587 3420 640 ἀπώσω
3463 589 3550 653 εὶς
3585 585 3781 655 τέλος,

550 672 754 726 dicenti
793 690 807 726 :
845 669 1068 742 thuid,
1127 671 1292 738 Deus,
1342 679 1582 743 repulisti
1627 679 1683 732 in
1718 681 1898 748 ﬁnem,
1948 682 2118 737 iratus

550 771 628 817 est
657 763 810 833 [uror
854 773 974 817 tuus
1008 779 1162 832 super
1194 782 1308 820 oves
1340 781 1549 835 pascua:
1576 779 1677 824 tua:
1698 771 1784 824 7°?
1810 787 1873 825 ac
1904 771 1958 826 in
2001 788 2119 828 me-

551 854 673 925 ipso
707 854 906 910 dubius
937 856 1228 924 haerebam,
1263 859 1451 914 istliaac
1492 863 1776 919 revolvens
1809 881 1823 918 :
1865 863 2119 935 Nunquid

550 948 606 1000 in
642 958 894 1000 aeternum
938 949 1174 1017 projicie:
1225 951 1499 1017 Dominus,
1535 964 1627 1006 aut
1673 972 1775 1009 non
1811 967 2033 1023 apponet
2063 965 2120 1008 ut

551 1042 876 1107 complaceat
905 1041 1114 1099 adhuc?
1147 1052 1200 1098 et
1236 1054 1451 1099 cmtera.
1495 1045 1620 1101 Haec
1658 1048 1906 1116 cogitans
1942 1049 2122 1103 turba-

550 1128 687 1198 bar;
723 1133 815 1187 sed
846 1135 899 1186 in
934 1136 1252 1189 memoriam
1286 1137 1595 1205 repetebam
1621 1137 1738 1192 dies
1768 1140 2039 1211 antiquos,
2069 1147 2122 1194 et

550 1233 727 1275 annos
767 1231 1001 1276 αειεηιοε
1033 1238 1098 1276 ex
1123 1226 1292 1276 veteri
1341 1224 1622 1292 Scriptura
1658 1240 1867 1278 mecum
1899 1233 2121 1295 reputa-

549 1307 701 1374 bam,
737 1312 956 1380 quoties
985 1312 1238 1366 videlicet
1263 1329 1386 1366 cum
1420 1314 1568 1382 ipsos
1588 1315 1796 1384 peccati
1827 1329 1992 1370 causa
2021 1315 2120 1369 ab-

544 1398 792 1467 iecisset,
821 1403 1037 1456 reduxit
1074 1411 1288 1470 tamen;
1322 1415 1372 1458 et
1410 1421 1532 1458 cum
1565 1406 1728 1474 impie
1769 1417 1990 1476 agentes
2020 1409 2119 1463 ho-

550 1491 732 1547 stibus
774 1493 1115 1559 tradidisset,
1173 1497 1370 1549 iterum
1422 1498 1646 1566 recepit.
1691 1497 1800 1552 Cur
1833 1513 1960 1568 ergo
1996 1514 2120 1553 cum

548 1584 679 1638 olim
715 1593 840 1656 post
883 1588 1066 1656 gravia
1109 1589 1314 1642 scelera
1347 1597 1626 1643 revocaret
1657 1605 1774 1654 eos,
1811 1605 1985 1660 neque
2030 1606 2120 1645 re-

548 1677 777 1745 pelleret
827 1678 882 1730 in
927 1678 1087 1733 linem
1142 1694 1244 1734 nec
1298 1680 1645 1734 abscinderet
1691 1681 2119 1736 misericordiam

550 1784 741 1837 suam;
782 1771 920 1824 nihil
946 1773 1054 1827 tale
1081 1772 1195 1842 jam
1224 1773 1406 1839 faciet,
1456 1784 1510 1831 et
1541 1777 1894 1834 humanitatis
1933 1779 2122 1850 pristi-

2218 680 2481 748 ὠργίσθη
2532 683 2566 733 ὀ
2615 680 2800 749 θυμός
2842 693 2958 733 σου
2989 679 3087 732 ἐπὶ
3118 680 3378 747 πρόϐατα
3403 677 3593 747 νομῆς
3633 694 3785 744 σου;

2218 771 2516 842 ἐνηπόρουν
2554 771 2611 824 δὲ
2641 771 2776 842 πρὸς
2807 770 3040 841 ἐμαυτὸν
3063 769 3435 840 διανοούμενος
3458 770 3660 824 ταῦτα’
3688 773 3786 840 Μὴ

2217 865 2304 929 εὶς
2324 863 2463 930 τοὺς
2478 861 2695 929 αἰῶνας
2718 861 3016 917 ἀπώσεται
3036 864 3271 931 Κύριος,
3289 862 3327 930 ἣ
3362 865 3433 916 οὐ
3457 863 3786 932 προσθήσει

2217 956 2324 1009 τοῦ
2355 953 2677 1023 εὐδοκήσαι
2705 955 2823 1018 En;
2849 954 2942 1008 καὶ
2965 954 3031 1007 τὰ
3064 955 3208 1024 ἑξῆς.
3241 954 3423 1008 Ταῦτα
3445 954 3787 1026 λογιζόμενος

2221 1045 2593 1116 ἐταραττόμην
2615 1063 2627 1076 ·
2667 1045 2782 1098 ἀλλ’
2807 1046 3000 1116 ἔφερόν
3037 1063 3095 1098 τε
3116 1048 3180 1116 τῇ
3210 1047 3397 1118 μνήμῃ
3427 1046 3524 1109 τὰς
3554 1046 3785 1109 παλαιὰς

2221 1138 2433 1207 ἡμέρας
2453 1136 2546 1189 καὶ
2573 1137 2642 1189 τὰ
2659 1136 2716 1202 ἐξ
2741 1136 2932 1199 αίῶνος
2959 1135 3052 1207 ἔτη
3079 1136 3185 1188 ἀπὸ
3211 1136 3318 1188 τῶν
3345 1135 3586 1189 παλαιῶν
3610 1137 3787 1207 Γραμ-

2225 1229 2408 1298 μάτων
2442 1229 2853 1298 ἀναλεγόμενος,
2888 1229 3075 1291 ὁσάκις
3123 1228 3545 1298 ἁμαρτήσαντας
3589 1227 3783 1291 αὐτοὺς

2221 1318 2527 1382 ἀποϐαλὼν,
2559 1321 2922 1390 ἐπανήγαγεν,
2951 1320 3042 1373 καὶ
3065 1318 3339 1388 πολεμίοις
3365 1318 3631 1388 παραδοὺς
3654 1318 3782 1370 ἀσε-

2222 1409 2467 1473 ϐοῦντας,
2505 1407 2660 1475 αὖθις
2689 1413 3046 1482 ἀνεκτήσατο.
3069 1411 3133 1464 Τί
3161 1406 3252 1464 οὖν
3276 1409 3442 1464 πάλαι
3465 1411 3562 1480 μὲν
3589 1410 3784 1473 αὐτοὺς

2222 1502 2316 1555 καὶ
2353 1503 2491 1572 μετά
2521 1503 2698 1566 δεινὰς
2728 1503 3112 1574 πλημμηλείας,
3137 1504 3466 1567 ἀνεκαλεῖτο,
3503 1503 3576 1574 μὴ
3599 1506 3675 1564 εἰς
3697 1501 3790 1552 τέ-

2221 1593 2309 1656 λος
2343 1594 2745 1664 ἀπωθούμενος,
2781 1594 2914 1665 μηδὲ
2955 1595 3277 1648 ἀποκόπτων
3309 1595 3369 1647 τὸ
3398 1595 3546 1658 ἔλεος
3585 1591 3746 1645 αύτοῦ
3766 1606 3781 1620 ⁸

2221 1681 2316 1735 νῦν
2341 1682 2397 1736 δέ
2429 1683 2578 1736 οὐδὲν
2601 1683 2804 1736 τούτων
2832 1685 3065 1754 ποιήσει,
3089 1683 3256 1755 λήθην
3279 1683 3334 1737 δέ
3363 1683 3472 1749 ἕξει
3503 1683 3599 1753 τῆς
3623 1679 3798 1735 αὑτοῦ.

2222 1772 2626 1844 φιλανθρωπίας
2659 1775 2752 1827 καὶ
2789 1775 3110 1845 ἐπιλήσεται.
3134 1773 3225 1826 τοῦ
3259 1775 3594 1844 οίκτειρῆσαι
3625 1775 3652 1826 ό
3685 1789 3787 1842 μα-

551 1875 634 1913 me
681 1861 1179 1932 misericordiaque
1226 1865 1606 1931 obliviscetur,
1660 1869 1752 1938 qui
1803 1848 2014 1938 patiens
2066 1876 2120 1924 et

2224 1862 2491 1934 κρόθυμος
2523 1864 2616 1916 καὶ
2655 1863 2936 1927 πολυέλεικ
2983 1863 3077 1917 καὶ
3129 1863 3548 1934 φιλοικτίρμων;
3599 1861 3791 1914 Ταῦτα

550 1952 733 2005 multa:
771 1953 1178 2019 misericordiae,
1228 1963 1283 2010 et
1330 1957 1741 2013 miserationum
1785 1975 1976 2016 amans
2003 1961 2123 2016 est?

550 2041 676 2098 Haec
710 2052 869 2099 nocte
913 2063 1124 2100 mecum
1159 2048 1500 2116 reputabam,
1535 2057 1589 2104 et
1639 2052 1937 2120 scopebam.
1962 2052 2124 2122 spiri-

550 2138 666 2185 tum
693 2148 893 2197 meum,
925 2150 1075 2191 meas
1105 2136 1318 2191 scilicet
1341 2139 1700 2208 cogitationes
1722 2142 2042 2196 examinans
2070 2151 2126 2196 et

549 2224 868 2292 explorans,
920 2226 1351 2298 discernensque
1400 2222 1676 2300 spiritum,
1722 2249 1852 2288 num
1887 2235 2016 2304 quid
2055 2234 2123 2289 ad

551 2313 844 2369 dubiorum
895 2318 1222 2374 solutionem
1272 2320 1589 2390 subjiceret.
1634 2321 1742 2377 Pro
1790 2325 1882 2378 illo
1918 2335 2119 2392 autem,

552 2409 969 2476 anticipaverunt
995 2411 1202 2481 vigilias
1228 2413 1366 2465 oculi
1398 2415 1519 2478 mei,
1551 2414 1934 2485 Symmachus,
1963 2418 2124 2486 impe-

551 2499 786 2566 diebant,
818 2504 1016 2573 inquit,
1059 2522 1271 2559 sursum
1310 2508 1541 2574 aspicere
1582 2509 1722 2562 oculi
1768 2511 1888 2563 mei.
1942 2511 2000 2564 In
2039 2527 2125 2567 me

551 2609 789 2664 namque
825 2603 904 2649 tot
933 2598 1291 2665 cogitationes
1321 2602 1584 2671 colligens
1613 2591 1966 2656 occludebam
1989 2619 2124 2657 ocuu

551 2685 636 2742 los
677 2702 849 2752 meos,
895 2695 952 2741 ut
999 2705 1068 2743 ne
1103 2691 1155 2743 in
1206 2693 1488 2746 sensibilia
1530 2693 1833 2762 impingens
1867 2709 1896 2747 a
1928 2709 2126 2766 prope-

554 2778 661 2833 sito
692 2780 1012 2835 abducerer.
1049 2781 1266 2838 Clausis
1315 2784 1498 2854 itaque
1546 2787 1792 2854 corporis
1825 2786 2022 2850 oculis,
2069 2786 2125 2840 in

552 2872 766 2942 meipso
807 2873 1008 2928 dubius
1047 2873 1338 2940 haerebam,
1381 2892 1490 2930 non
1539 2892 1672 2931 voce
1718 2877 1968 2947 loquens,
2014 2893 2125 2933 non

555 2963 723 3016 alium
785 2966 1151 3034 compellans,
1216 2969 1310 3021 sed
1368 2967 1484 3038 ipse
1537 2985 1748 3024 mecum
1799 2975 2121 3042 cogitabam.

555 3053 734 3118 Quare
773 3070 871 3124 pro
905 3055 1022 3120 illo,
1067 3057 1335 3111 Turbatus
1365 3076 1503 3125 sum,
1539 3071 1587 3114 et
1620 3077 1723 3114 non
1753 3079 1869 3116 sum
1897 3063 2121 3127 locutus,

2228 1953 2417 2015 νυκτὸς
2460 1953 2595 2024 πρὸς
2639 1953 2869 2023 ἐμαυτὸν
2913 1952 3304 2024 διελογιζόμην,
3340 1953 3432 2006 καὶ
3463 1953 3524 2004 τὸ
3571 1949 3789 2020 πνεῦμά

2227 2060 2328 2113 μου
2371 2043 2651 2108 ἐσκαλλον,
2678 2044 2964 2116 διερευνῶν
2997 2046 3089 2098 καὶ
3118 2043 3419 2115 βασανίζων
3457 2043 3581 2106 τοὺς
3613 2045 3796 2112 ἐμαυι

2223 2135 2316 2188 τοῦ
2361 2136 2670 2207 λογισμοὺς,
2706 2136 3009 2209 ἀνακρίνων
3059 2153 3118 2188 τε
3150 2135 3211 2189 τὺ
3239 2135 3472 2207 πνεῦμα,
3505 2134 3558 2188 εἰ
3583 2152 3634 2187 τι
3681 2135 3791 2206 ἄρα

2225 2226 2483 2280 ύποϐἀλοι
2525 2227 2659 2298 πρὸς
2699 2227 2994 2299 θεραπείαν
3022 2227 3128 2281 τῶν
3161 2227 3539 2299 ἠπορημένων.
3558 2226 3701 2279 Ἀντὶ
3731 2227 3790 2279 δὲ

2223 2319 2339 2382 τοῦ,
2368 2319 2885 2388 Προκατελάϐοντο
2914 2320 3189 2388 φυλακὰς
3230 2322 3283 2373 οἱ
3317 2318 3607 2388 ὀφθαλμοί
3645 2336 3788 2387 μου,

2223 2413 2252 2465 ὁ
2293 2410 2604 2482 Σύμμαχος,
2625 2411 2936 2474 Ἑκώλυον,
2986 2412 3139 2482 φησὶ,
3184 2412 3290 2478 τὰς
3337 2411 3694 2480 ἀναϐλέψας
3733 2412 3789 2465 οι

2226 2504 2518 2573 ὀφθαλμοί
2539 2521 2676 2572 μου.
2709 2503 2962 2572 Συνάγων
2993 2503 3098 2573 γὰρ
3119 2506 3198 2567 εἰς
3224 2504 3456 2574 ἐμαυτὸν
3477 2503 3601 2568 τοὺς
3621 2507 3790 2574 ἐμαυ-

2223 2596 2317 2649 τοῦ
2356 2596 2665 2667 λογισμοὺς,
2698 2595 2860 2666 ἐμυον
2889 2597 2958 2650 τὰ
2988 2598 3228 2668 ὄμματα,
3255 2596 3329 2659 ὡς
3354 2596 3417 2650 ἂν
3452 2598 3524 2668 μὴ
3560 2600 3672 2660 τοῖς
3704 2597 3790 2650 ai-

2227 2688 2441 2759 σθητοῖς
2482 2688 2819 2758 προϐάλλων,
2849 2690 3234 2762 περιελκοίμην
3280 2688 3371 2742 τοῦ
3407 2688 3783 2760 προκειμένου.

2225 2781 2391 2833 Μύων
2423 2777 2515 2833 οὖν
2541 2781 2666 2844 τοὺς
2698 2781 3008 2852 ὀφθαλμοὺς
3035 2781 3129 2834 τοῦ
3158 2779 3426 2852 σώματος,
3460 2780 3595 2850 πρὸς
3616 2781 3786 2850 ἐμαυ-

2225 2871 2314 2923 τὸν
2338 2871 2646 2943 διηπόρουν,
2675 2873 2734 2924 οὐ
2761 2875 2912 2943 φωνῇ
2936 2872 3319 2944 φθεγγόμενος,
3353 2871 3470 2924 οὐδὲ
3503 2871 3637 2941 πρὸς
3673 2871 3790 2924 ἓτε-

2230 2981 2318 3035 ρον
2349 2964 2542 3029 λαλῶν,
2571 2964 2733 3028 αὐτὸς
2763 2965 2822 3018 δὲ
2861 2966 2996 3037 πρὸς
3032 2965 3263 3036 ἐμαυτὸν
3291 2965 3503 3018 ἐννοῶν.
3535 2963 3624 3016 Διὸ
3669 2963 3790 3016 ἀντὶ

2224 3057 2742 3127 τοῦ,Ἑτιιράχθην,
2768 3058 2866 3111 καὶ
2909 3061 3019 3112 οὐκ
3050 3057 3344 3125 ἐλάλησα,
3372 3057 3466 3112 καλ⁸
3505 3057 3608 3110 τῶν
3640 3056 3798 3125 ἑξῆς,

553 3148 862 3210 etcaeteris,
908 3147 1051 3218 apud
1089 3148 1471 3218 Symmachum
1519 3152 1737 3215 dicitur.
1785 3154 2121 3222 Dubitabam,

2227 3149 2374 3217 παρὰ
2395 3148 2469 3219 τῷ
2484 3149 2554 3202 Συ
2563 3150 2763 3220 μμάχῳ
2783 3148 2994 3219 εἴρηται
3011 3166 3022 3176 ·
3043 3149 3394 3216 Διηπόρουν,
3413 3147 3507 3200 καὶ
3525 3149 3633 3201 οὐκ
3653 3146 3790 3200 ἐλά·

553 3248 604 3292 et
628 3256 731 3292 non
758 3238 962 3293 locutus
991 3257 1126 3294 sum.
1155 3271 1225 3312 _-—
1249 3240 1416 3296 νεεδ.
1452 3241 1506 3308 6,
1541 3243 1590 3295 7.
1623 3243 1991 3314 Recogitabam
2012 3245 2122 3300 dies

552 3331 824 3400 pristinos,
863 3348 1027 3385 annos
1065 3333 1154 3402 qui
1186 3350 1217 3385 a
1251 3336 1444 3387 swculo
1470 3343 1589 3387 sunt
1621 3335 1674 3388 in
1707 3339 2010 3391 memoriam
2041 3356 2124 3392 re-

553 3423 826 3479 oocabam.
862 3423 964 3479 Sed
1012 3425 1245 3493 psalmos
1288 3443 1428 3480 meos
1463 3437 1620 3480 noctu
1667 3445 1785 3482 cum
1815 3429 1968 3485 corde
2012 3449 2123 3486 meo

551 3515 878 3569 recitabam:
907 3525 956 3570 et
982 3517 1058 3570 vir
1091 3533 1320 3584 prwsens
1353 3527 1467 3571 erat
1511 3521 1728 3588 spiritus
1779 3538 1944 3577 meus.
1982 3522 2120 3577 Cum

552 3607 628 3662 ita
668 3609 895 3678 pervigil
925 3609 1195 3678 degerem,
1226 3618 1280 3664 et
1317 3619 1502 3666 noctes
1537 3612 1813 3670 insomnes
1843 3615 2118 3680 ducerem,

551 3713 616 3752 ea
661 3699 896 3753 sollicite
941 3700 1223 3754 volvebam
1273 3701 1478 3765 animo,
1509 3718 1630 3771 quae
1681 3705 1936 3772 superius
1980 3706 2124 3760 dicta

553 3795 682 3841 sunt
711 3807 723 3841 :
750 3787 918 3853 Quasi
956 3789 1008 3841 in
1047 3789 1181 3841 silva
1213 3790 1473 3858 lignorum
1514 3791 1779 3847 securibus
1821 3794 2124 3848 exciderunt

543 3877 744 3947 januas
767 3879 880 3946 ejus
913 3878 963 3930 in
995 3877 1242 3945 idipsum,
1271 3879 1324 3931 in
1354 3881 1523 3932 securi
1561 3891 1610 3933 et
1644 3882 1791 3934 ascia
1811 3883 2122 3952 diruperunt

554 3985 690 4022 eam.
729 3968 796 4021 In
831 3978 971 4022 terra
999 3969 1300 4034 polluerunt
1338 3970 1739 4025 tabernaculum
1770 3976 1996 4028 nominis
2023 3977 2122 4028 tui.

551 4060 810 4114 Dixerunt
869 4062 922 4114 in
968 4061 1121 4114 corde
1165 4078 1259 4114 suo
1308 4065 1641 4132 cognationes
1695 4082 1875 4118 eorum
1933 4069 2125 4122 simul:

555 4153 832 4233 Quiescere
883 4154 1142 4223 faciamus
1192 4155 1302 4209 dies
1345 4155 1505 4223 festos
1555 4157 1650 4210 Dei
1693 4175 1725 4210 a
1758 4167 1918 4213 terra.
1965 4159 2127 4230 Signa

551 4255 735 4300 nostra
763 4263 864 4298 non
897 4246 1142 4309 vidimus,
1165 4247 1281 4315 jam
1305 4264 1406 4300 non
1427 4248 1792 4317 estpropheta,
1815 4259 1864 4304 et
1896 4268 1989 4305 nos
2025 4268 2127 4305 non

552 4344 822 4405 cognoscet
861 4339 1085 4404 amplius
1120 4338 1181 4390 ⁷9.
1222 4338 1281 4392 1η
1310 4339 1394 4394 his
1419 4339 1581 4408 igitur
1623 4339 1962 4404 dubitabam,
1995 4357 2123 4394 num

551 4425 695 4479 mala
725 4426 1036 4495 hujusmodi
1080 4428 1356 4497 perpessis
1388 4431 1688 4484 remedium
1738 4430 1980 4485 futurum
2031 4434 2123 4487 sit.

552 4513 966 4586 Verisimileque
987 4524 1071 4571 est
1100 4518 1357 4582 ldithum,
1394 4533 1516 4572 cum
1545 4519 1750 4590 Asaphi
1784 4523 2118 4591 prophetiam

2225 3243 2408 3306 λησα.
2432 3270 2502 3278 -
2534 3238 2974 3309 Ὰνελογιζόμην
3016 3242 3120 3304 τὰς
3147 3238 3368 3307 ἡμέρας
3401 3238 3505 3303 τὰς
3537 3237 3788 3304 πρώτας,

2225 3333 2294 3384 τὰ
2315 3332 2418 3400 ἐτη
2438 3333 2510 3386 τὰ
2529 3331 2629 3385 ἀπ’
2645 3330 2857 3396 αἰῶνος
2886 3331 3431 3399 ἀνεμιμνησκόμην.
3449 3330 3624 3382 Ἀλλὰ
3645 3331 3798 3397 W-

2219 3425 2373 3493 μούς
2397 3442 2516 3492 μου
2551 3423 2768 3489 νυκτὸς
2805 3424 2952 3492 πρὸς
3001 3423 3112 3491 τὴν
3154 3423 3402 3491 καρδίαν
3435 3440 3554 3490 μου
3595 3419 3792 3474 διελά-

2225 3521 2378 3571 λουν
2401 3533 2414 3546 ·
2466 3515 2564 3570 καὶ
2613 3516 2765 3584 ἀνὴρ
2813 3515 3018 3570 συνὼν
3060 3515 3127 3568 τὸ
3175 3513 3408 3583 πνεῦμά
3440 3530 3574 3582 μου.
3608 3510 3796 3576 Οὕτως

2226 3611 2586 3682 ἐπαγρύπνως
2621 3609 2979 3680 διακείμενος,
3021 3609 3114 3662 καὶ⁴
3152 3607 3249 3669 τὰς
3281 3605 3480 3667 νύκτας
3507 3604 3798 3674 διαγρηγο-

2228 3701 2356 3771 ρῶν,
2393 3699 2703 3771 ἐφρόντιζον
2738 3699 2865 3769 περὶ
2898 3698 3004 3751 τῶν
3036 3696 3340 3768 ἔμπροσθεν
3370 3695 3435 3748 δι’
3461 3688 3536 3748 ὧν
3567 3694 3752 3764 εἴρητο
3775 3709 3792 3725 ·

2237 3794 2329 3858 Ὡς
2367 3793 2436 3846 ἐν
2479 3790 2677 3860 δρυμῷ
2711 3791 2913 3855 ξύλων
2943 3790 3178 3854 ἀξίναις
3205 3788 3438 3856 ἔκοψαν
3474 3787 3580 3852 τὰς
3613 3788 3804 3854 θύρας

2225 3883 2414 3951 αὐτῆς
2445 3883 2542 3936 ἐπὶ
2576 3883 2641 3936 τὸ
2672 3881 2838 3946 αὐτὸ,
2872 3881 3088 3935 πέλυκι
3134 3880 3232 3932 καὶ
3281 3878 3648 3946 λαξευτηρίῳ
3673 3893 3798 3929 «κα-

2226 3974 2516 4043 τέῤῥαξαν
2571 3973 2782 4039 αὑτήν.
2831 3975 2932 4038 Εἰς
2976 3972 3089 4039 τὴν
3134 3971 3250 4042 γῆν
3303 3971 3686 4036 ἐόεόήλωσαν
3729 3969 3797 4023 τὸ

2226 4065 2515 4134 σκήνωμα
2555 4065 2656 4119 τοῦ
2685 4063 2973 4132 ὀνόματός
3014 4077 3148 4116 σου.
3183 4059 3374 4117 Εἶπαν
3397 4062 3466 4114 ἐν
3486 4060 3559 4129 τῇ
3585 4060 3807 4130 καρδίᾳ·

2225 4157 2423 4210 αὐτῶν
2454 4159 2511 4210 al
2545 4154 2885 4225 συγγένειαι
2931 4153 3128 4207 αὐτῶν
3155 4153 3252 4205 ἐπὶ
3299 4150 3366 4204 τὸ
3415 4151 3581 4204 αὐτά
3609 4153 3801 4203 Κατα-

2227 4249 2550 4316 παύσωμεν
2578 4247 2681 4312 τὰς
2719 4244 2927 4315 ἑορτὰς
2960 4244 3063 4298 τοῦ
3096 4244 3241 4297 Θεοῦ
3274 4242 3391 4296 ἀπὸ
3420 4239 3684 4311 τῆςλγῆς.
3723 4241 3802 4292 Τὰ

2226 4337 2443 4406 σημεῖα
2485 4335 2653 4405 ἡμῶν
2691 4339 2801 4389 οὐκ
2827 4335 3083 4404 εἴδομεν,
3112 4336 3220 4387 οὐκ
3256 4334 3424 4386 ἔστιν
3451 4331 3540 4384 ἔτι
3571 4329 3800 4399 προφή-

2230 4447 2356 4495 της,
2388 4428 2483 4480 καὶ
2534 4425 2687 4496 ἡμᾶς
2723 4430 2794 4480 οὺ
2838 4426 3122 4497 γνώσεται
3166 4425 3410 4480 ἕτι.Ἐπὶ
3455 4423 3664 4485 τούτοις
3707 4418 3802 4476 οὖν

2228 4518 2538 4589 διηπόρουν,
2557 4520 2603 4570 εἰ
2632 4517 2894 4589 θεραπεία
2919 4516 3070 4570 ἔσται
3097 4518 3208 4579 τοῖς
3233 4514 3406 4568 ταῦτα
3429 4512 3801 4567 πεπονθόσι“τά

551 4606 816 4668 audisset,
846 4614 899 4660 et
919 4608 1047 4660 talia
1078 4623 1262 4662 secum
1295 4617 1592 4679 reputaret,
1618 4611 1938 4680 prophetam
1963 4616 2120 4684 quasi

2228 4612 2392 4665 κακά.
2418 4611 2529 4665 Καὶ
2559 4611 2704 4674 εἰκός
2726 4627 2788 4678 γε
2818 4605 2886 4680 ἦν
2916 4609 3006 4662 τὸν
3033 4607 3265 4678 Ἰδιθοὺμ
3295 4606 3676 4659 ἐπακούσαντα
3701 4606 3802 4677 τῆς

549 4703 870 4772 magistrum
935 4703 1339 4773 interrogasse,
1406 4720 1470 4759 ac
1519 4705 1908 4776 interrogantis
1972 4725 2124 4765 more

548 4793 690 4847 hanc
742 4794 978 4850 movisse
1034 4795 1387 4864 quazstionem
1430 4797 1609 4862 :Quid
1654 4798 1856 4868 igitur,
1915 4816 1948 4854 o
1998 4818 2124 4872 pro-

550 4886 752 4956 pheta?
789 4900 912 4938 cum
953 4884 1064 4962 hmo
1100 4887 1415 4955 prophetice
1449 4887 1675 4952 dixeris,
1720 4889 1965 4947 ediscere
1994 4909 2123 4946 nos-

549 4993 715 5046 seque
745 4979 903 5032 velim
934 4996 946 5030 :
981 5008 1053 5017 —-
1086 4977 1252 5033 Vsus.
1288 4980 1438 5034 8-H).
1474 4979 1728 5050 Nunquid
1763 4983 1819 5035 in
1867 4992 2120 5038 aeternum

545 5071 787 5139 projiciet
833 5070 1110 5130 Dominus.
1133 5081 1181 5125 et
1211 5089 1313 5124 non
1347 5082 1567 5140 apponet
1596 5083 1652 5126 ut
1673 5074 1996 5143 complaceat
2020 5076 2088 5128 ad
2099 5105 2118 5118 -

547 5163 686 5218 huc?
715 5172 806 5215 aut
837 5164 890 5216 in
922 5164 1078 5231 ﬁnem
1122 5164 1542 5218 misericordiam
1588 5181 1741 5218 suam
1780 5165 2053 5221 abscindet
2086 5185 2118 5220 a

547 5253 881 5323 generatione
925 5255 980 5306 in
1009 5255 1436 5323 generationem?
1475 5264 1567 5307 aut
1597 5254 1930 5308 obliviscetur
1964 5257 2120 5310 mise-

548 5344 654 5396 reri
685 5343 842 5408 Deus,
894 5353 985 5397 aut
1015 5345 1295 5397 continebit
1322 5346 1376 5398 in
1407 5347 1488 5398 ira
1524 5345 1914 5400 misericOrdias
1950 5349 2118 5402 suas?

549 5433 630 5488 Ad
662 5435 797 5490 tales
830 5437 1228 5505 propositiones
1266 5437 1448 5508 Asaph
1479 5437 1780 5491 doctrinam
1837 5454 1991 5492 suam
2029 5455 2123 5508 pa-

550 5529 710 5590 ravit,
743 5533 1010 5594 psalmum
1039 5542 1133 5595 pro
1155 5528 1274 5597 ipso
1297 5527 1531 5582 ldithum
1562 5529 1936 5592 conscribens,
1965 5546 2122 5584 eum-

485 5633 496 5645 -
555 5629 659 5682 que
693 5615 760 5667 ad
806 5617 935 5670 talia
963 5616 1191 5671 dicenda
1226 5618 1556 5673 instituens:
1596 5619 1725 5675 Voce
1764 5637 1877 5676 mea
1909 5620 1979 5675 ad
2016 5621 2120 5676 Do-

633 5767 652 5782 '
717 5766 857 5823 Psal.
895 5787 1100 5837 Lxxttt,
1136 5774 1185 5827 i.
1263 5774 1304 5805 τ’
1347 5774 1504 5840 ἱὶ;ἱι1.,
1536 5773 1653 5828 5-9.

2227 4704 2320 4756 τοῦ
2361 4704 2530 4771 Ἀσάφ
2560 4701 2913 4773 προφητείας,
2941 4702 3032 4756 καὶ
3058 4700 3230 4753 ταῦτα
3270 4697 3404 4769 πρὸς
3436 4697 3625 4750 ἐαυτὸν
3657 4697 3804 4766 λογι-

2230 4795 2480 4865 σάμενον,
2518 4792 2864 4863 ἐπαπορῆσαι
2904 4791 3039 4863 πρὸς
3091 4791 3180 4844 τὸν
3234 4789 3515 4861 προφήτην
3548 4788 3622 4851 ὡς

2225 4885 2557 4949 διδάσκαλον,
2610 4884 2874 4956 ἐρώτησίν
2935 4901 2995 4936 τε
3052 4881 3199 4952 αὐτῷ
3266 4881 3656 4951 προσαγαγεῖν,
3707 4879 3803 4932 καὶ

2225 4977 2412 5048 ὥσπερ
2455 4978 2575 5029 τινὰ
2612 4977 2957 5047 προτείνοντα
2992 4974 3251 5044 πρότασιν
3293 4972 3482 5041 φάναι*
3517 4970 3582 5021 Τί
3613 4965 3725 5032 οὖν,
3757 4964 3804 5022 ὦ

2228 5073 2510 5142 προφῆτα;
2534 5071 2716 5141 ἐπειδὴ
2735 5070 2907 5122 ταῦτα
2931 5069 3359 5139 προεφήτευσας,
3385 5065 3645 5136 βούλομαι
3672 5065 3807 5132 γνῶ-

2227 5181 2312 5216 ναι
2344 5164 2435 5216 καὶ
2466 5161 2677 5232 μαθεῖν,
2711 5160 2806 5228 Μὴ
2835 5163 2922 5226 εὶς
2947 5160 3086 5225 τοὺς
3114 5158 3330 5222 αἰῶνας
3366 5155 3666 5209 ἀπώσεται
3686 5158 3808 5209 Κύ-

2218 5273 2370 5322 ριος,
2401 5253 2499 5308 καὶ
2532 5255 2602 5307 οὺ
2624 5251 2956 5321 προσθήσει
2987 5251 3091 5304 τοῦ
3126 5247 3452 5316 εὐδοκῆσαι
3484 5249 3606 5310 ἕεις
3639 5246 3678 5314 ἢ
3713 5250 3810 5312 εἰς

2225 5345 2399 5410 τέλος
2421 5346 2483 5399 τὸ
2511 5345 2681 5410 ἕλεος
2700 5344 2884 5398 αὐτοῦ
2906 5343 3198 5410 ἀποκόψει
3221 5342 3338 5394 ἀπὸ
3361 5339 3568 5410 γενεᾶς
3590 5340 3681 5403 εις
3706 5327 3831 5407 ’περ’

2223 5438 2404 5497 νεά-νε
2447 5437 2482 5504 ἢ
2528 5437 2880 5504 ἐπιλήσεται
2922 5435 3029 5489 τοῦ
3073 5431 3438 5502 (τίκτειρῆσαι
3483 5434 3515 5484 ό
3563 5429 3727 5494 Θεὸς,
3765 5431 3806 5497 ἢ

2223 5531 2466 5595 συνέξει
2499 5531 2566 5582 ἐν
2605 5529 2680 5596 τῇ
2717 5527 2864 5598 ὀργῇ
2902 5527 3044 5592 τοὺς
3070 5525 3408 5594 οὶκτιρμοὺς
3439 5520 3658 5583 αὐτοῦ;
3690 5522 3811 5576 Καὶ

2220 5623 2284 5694 δὴ
2341 5621 2474 5694 πρὸς
2515 5620 2718 5684 ταύτας
2764 5619 2863 5684 τὰς
2913 5619 3203 5690 προτάσεις
3246 5617 3344 5686 τὴν
3394 5611 3740 5668 διδασκαλίαν
3779 5614 3812 5666 ὁ
