4126 6400
395 334 502 394 895

1520 330 2025 388 COMMENTARIA
2063 329 2131 387 IN
2169 325 2511 385 PSALMOS.

3538 309 3642 366 894

406 451 580 522 Ἀσάφ
630 452 882 518 ἐποιεῖτο,
929 451 1067 523 ὑπὲρ
1117 450 1291 506 αὐτοῦ
1328 449 1422 505 τοῦ
1469 451 1701 522 Ἱδιθοὺμ
1745 452 1971 524 γράφων

2080 450 2273 504 minam
2297 446 2545 511 clamavi,
2575 461 2695 499 voce
2723 459 2837 498 mea
2856 442 2925 497 ad
2948 443 3137 506 Deum,
3166 448 3227 495 eL
3242 432 3463 493 intendit
3484 431 3641 495 mihi,

396 544 485 598 τὸν
514 544 746 615 ψαλμὸν,
780 544 1043 598 διδάσκων
1080 562 1141 598 τε
1174 545 1335 599 αὐτὸν
1382 545 1595 613 λέγειν·
1646 544 1817 613 Φωνῇ
1850 562 1969 613 μου

395 635 546 703 πρὸς
594 635 701 687 τὸν
746 637 961 704 Κύριον
982 636 1292 705 ἐκέκραξα,
1323 636 1490 705 φωνῇ
1531 653 1649 704 μου
1690 636 1838 703 πρὸς
1869 636 1974 688 τὸν

397 724 566 787 Θεὸν,
592 726 689 778 καὶ
717 727 1021 795 προσέσχε
1037 744 1138 796 μοι
1155 744 1169 756 '
1202 726 1471 779 παιδεύων
1491 726 1563 797 μὴ
1585 725 1975 796 πολυπραγμο-

394 820 501 869 νεῖν
529 816 630 878 τὰς
660 818 753 871 τοῦ
789 818 923 871 Θεοῦ
955 818 1148 887 βουλάς
1168 835 1182 848 ⁶
1232 821 1418 889 εὐχαῖς
1448 818 1505 870 δὲ
1540 816 1837 887 σχολάζειν,
1882 816 1975 869 καὶ

393 907 618 972 ταύταις
662 910 847 977 μόναις
894 912 1177 981 προσέχειν
1227 911 1318 963 τὸν
1369 910 1491 963 νοῦν
1520 907 1844 962 εὐσεϐοῦντα
1883 908 1977 961 καὶ

2075 550 2377 611 auctorque
2408 539 2486 592 illi
2520 545 2623 600 est,
2662 546 2719 590 ut
2754 552 2822 590 ne
2857 536 2949 591 Dei
2977 534 3208 589 consilia
3240 528 3516 584 curiosius
3548 540 3646 579 ex-

2074 636 2269 705 ploret,
2326 632 2420 688 sed
2447 629 2789 685 orationibus
2817 635 2989 691 vacet,
3030 628 3208 695 iisque
3236 623 3369 679 solis
3400 616 3650 673 intendat

2075 724 2338 787 animum,
2376 720 2564 793 pietati
2606 719 2843 773 deditum
2899 725 2952 771 et
2985 715 3188 785 judicia
3229 713 3321 765 Dei
3371 708 3651 764 celebran-

2076 822 2207 869 tem.
2258 812 2392 866 Nam
2437 808 2984 875 incomprehensibilia
3022 815 3145 860 sunt
3175 802 3380 873 judicia
3412 799 3559 868 ejus,
3596 802 3647 850 et

2078 905 2465 975 investigabiles
2494 906 2589 958 via:
2613 904 2725 972 ejus
2746 902 2812 954 3°.

392 999 744 1071 εὐφημοῦντα
788 1000 881 1052 τοῦ
912 977 1096 1063 Θεοῦ-1
1120 1001 1220 1063 τὰς
1266 1000 1494 1070 κρίσεις.
1528 998 1978 1067 Ἀνεξερεύνητα
2010 992 2115 1063 γάρ
2144 994 2217 1048 τὰ
2240 995 2491 1063 κρίματα
2518 993 2724 1056 αὐτοῦ,
2787 989 2884 1044 καὶ
2915 988 3355 1057 ἀνεξιχνίαστοι
3407 984 3467 1036 al
3522 977 3648 1035 ὁδοὶ

390 1110 600 1148 αυτου.

465 1190 575 1243 Καὶ
631 1186 787 1254 εἶπα,
832 1190 961 1243 Νῦν
1010 1189 1325 1258 ἠρξάμηντ
1362 1189 1511 1256 αὕτη
1553 1189 1591 1255 η
1645 1189 1969 1250 ἀλλοίωσις

352 1316 369 1342 ι
398 1277 510 1347 τῆς
539 1280 738 1344 δεξιᾶς
772 1281 878 1334 τοῦ
909 1282 1211 1348 Ὑψίστου.
1231 1282 1374 1334 Ἀντὶ
1405 1282 1594 1335 τούτου
1631 1282 1659 1333 ὁ
1696 1280 1792 1350 μὲν
1823 1278 1974 1331 Ἀκύ-

397 1371 514 1435 λας,
562 1372 673 1429 Καὶ
722 1369 878 1436 εἶπα,
926 1374 1417 1444 φησὶν,άρρωστία
1461 1391 1611 1442 μου·
1660 1372 1812 1437 αὕτη
1861 1371 1971 1423 ἁλ-

396 1465 643 1529 λοίωσις
668 1464 868 1529 δεξιᾶς
910 1464 1188 1534 Ὑψίστου
1208 1483 1223 1495 ·
1252 1468 1280 1518 ὁ
1312 1465 1367 1518 δὲ
1400 1466 1713 1536 Σύμμαχος,
1754 1461 1974 1532 Τρῶσίς

394 1573 513 1625 μου
545 1557 716 1609 ἐστὶν
746 1556 1197 1624 ἐπιδευτέρωσις
1229 1555 1430 1623 δεξιᾶς
1453 1558 1560 1610 τοῦ
1603 1557 1881 1624 Ὑψίστου
1900 1572 1912 1584 ·
1936 1557 1968 1624 ἡ

398 1644 456 1699 δὲ
506 1644 730 1715 πέμπτη
782 1644 1009 1708 ἔκδοσις,
1050 1646 1161 1698 Καὶ
1204 1642 1361 1709 εἶπα,
1398 1647 1580 1715 φησὶν,
1614 1644 1821 1708 ὼδῖνές
1854 1662 1971 1712 μου

396 1733 556 1788 εὶσὶν
610 1734 935 1798 ἀλλοίωσις
978 1733 1178 1799 δεξιᾶς
1209 1736 1316 1789 τοῦ
1350 1736 1651 1804 Ὑψίστου.
1682 1734 1825 1805 Πρὸς
1861 1736 1973 1796 τοῖς

2147 1178 2318 1233 Vens.
2351 1178 2440 1231 Η.
2488 1176 2555 1229 Et
2578 1175 2712 1239 dixi,
2750 1174 2906 1226 Nunc
2939 1171 3088 1240 cmpi,
3126 1169 3235 1222 lucc
3263 1165 3485 1219 mutatio
3520 1159 3686 1215 dett:-l

2075 1282 2200 1325 tera:
2226 1268 2514 1323 Altissimi.
2547 1266 2655 1319 Pro
2685 1266 2779 1318 illo
2809 1274 2991 1318 autem
3024 1264 3104 1317 sic
3138 1259 3332 1329 Aquila
3377 1256 3530 1318 dicit,
3578 1251 3648 1305 Et

2071 1364 2208 1425 dixi,
2271 1362 2562 1430 inﬁrmitas
2611 1375 2725 1413 mea
2750 1375 2767 1410 :
2799 1358 2908 1410 lucc
2956 1354 3179 1408 mutatio
3214 1350 3439 1405 dextera:
3475 1345 3649 1399 Altis—

2074 1455 2245 1517 simi;
2268 1452 2628 1522 Symmachus
2674 1464 2823 1510 vero,
2861 1447 3062 1501 Vulnus
3108 1458 3279 1497 meum
3313 1448 3389 1493 est
3437 1435 3650 1491 iteratio

2076 1545 2303 1599 dextera:
2356 1543 2653 1605 Altissimi;
2696 1541 2886 1611 quinta
2926 1544 3107 1591 autem
3159 1534 3368 1589 editio:
3401 1529 3469 1583 Et
3511 1528 3648 1591 disci,

2077 1632 2277 1701 inquit,
2309 1630 2514 1683 dolores
2560 1629 2660 1682 mei
2690 1637 2810 1681 sunt
2840 1627 3065 1680 mutatio
3099 1623 3328 1677 dextera:
3364 1618 3649 1672 Altissimi.

2077 1725 2157 1778 Ad
2192 1722 2469 1793 proposita
2502 1722 2614 1790 jam
2645 1720 2831 1784 dubia,
2865 1720 2978 1775 haec
3024 1719 3175 1779 item,
3209 1714 3408 1783 inquit,
3439 1724 3652 1765 mecum

398 1824 874 1895 προηπορημένοις
900 1827 992 1877 καὶ
1023 1826 1213 1891 ταῦτα,
1248 1803 1563 1898 φη·σὶ,πρὸς
1592 1803 1828 1895 ἐμαυτὸν
1892 1827 1978 1877 ὲν-

2080 1816 2420 1886 reputabam,
2451 1814 2812 1884 cogitationes
2841 1813 3051 1867 scilicet
3078 1811 3200 1864 illas
3231 1808 3385 1878 queis
3410 1807 3523 1875 jam
3552 1803 3654 1857 du-

358 1988 363 1993 γ
411 1914 618 1978 ενόουν,
652 1915 733 1968 ὅτι
774 1915 822 1967 οἱ
861 1914 1091 1968 τοιοῦτοι
1130 1916 1402 1984 λογισμοὶ,
1442 1916 1510 1969 δι⁷
1550 1909 1624 1969 ὧν
1641 1917 1845 1986 ἀρτίως
1878 1916 1975 1968 ἐπ-

400 2007 663 2077 ηπόρουν,
696 2008 975 2078 ἀρρωστία
1017 2026 1117 2077 μου
1144 2010 1301 2073 εἰσὶν,
1332 2008 1364 2079 ἢ
1395 2008 1579 2071 ὠδῖνες
1608 2009 1762 2072 εἰσὶν,
1788 2006 1976 2079 ἣτρώ-

401 2114 515 2160 σεις
550 2098 648 2169 μού
688 2099 949 2163 εἰσιν.Ἐξ
978 2099 1260 2163 ἀσθενείας
1288 2099 1396 2171 γὰρ
1425 2099 1602 2171 ψυχῆς
1634 2101 1760 2163 τοὺς
1798 2099 1975 2159 τοιούέ

402 2204 530 2252 τους
558 2192 878 2261 προήκαμεν
905 2190 1115 2257 λόγους,
1136 2191 1231 2244 καλ⁸
1261 2191 1367 2244 ἀπὸ
1392 2191 1643 2263 τρώσεως
1664 2192 1866 2263 ψυχῆςο
1895 2210 1977 2245 τε·

398 2280 679 2350 τρωμένος
712 2282 817 2353 γὰρ
846 2284 939 2335 καὶ
966 2282 1242 2349 συναλγῶν
1270 2283 1345 2347 ὡς
1378 2285 1518 2355 ὑπὲρ
1554 2285 1746 2338 ἑαυτοῦ
1773 2285 1969 2356 μελῶν·

397 2372 534 2425 ἀλλὰ
563 2374 656 2425 καὶ
676 2372 878 2426 ὠδίνων
898 2374 972 2436 ὡς
997 2375 1136 2444 ὑπὲρ
1166 2375 1486 2445 σπλάγχνων
1511 2377 1725 2429 οἰκείων
1751 2375 1975 2429 τοιαῦτα

401 2461 765 2533 ἐφθεγξάμην.
794 2463 977 2517 Ταῦτα
1014 2465 1363 2530 δεπέπονθα,
1399 2466 1694 2537 ἐπειδήπερ
1725 2462 1862 2519 εἶδον
1882 2467 1975 2521 ἀλ-

400 2553 613 2607 λοίωσιν
666 2556 958 2627 γενομένην
1009 2558 1109 2627 τῆς
1157 2558 1336 2623 δεξιᾶς
1364 2556 1457 2610 τοῦ
1501 2557 1773 2626 Ὑψίστου.
1799 2558 1973 2611 Πάλαι

406 2645 507 2716 μὲν
548 2646 655 2717 γὰρ
698 2646 833 2717 αὕτη
870 2648 1255 2717 κατειργάζετο
1289 2649 1460 2702 πολλά
1505 2667 1565 2701 τε
1599 2649 1850 2719 θαύματα
1880 2649 1973 2702 καὶ

403 2738 735 2807 παραδόξους
762 2740 1087 2811 ,εὐεργεσίας
1112 2741 1190 2811 τῷ
1220 2740 1332 2811 λαῷ
1360 2742 1706 2811 παρέχουσαι·
1757 2742 1872 2794 νυνὶ
1916 2741 1973 2794 δὲ

406 2827 690 2891 ἀλλοίωσις
716 2830 1003 2899 γεγένηται
1026 2832 1123 2902 τῆς
1151 2830 1329 2896 δεξιᾶς
1351 2832 1443 2884 τοῦ
1471 2831 1741 2901 Ὑψίστου.
1770 2832 1861 2884 Διὸ
1882 2833 1974 2884 καὶ

407 2919 593 2983 ὠδῖνές
634 2938 702 2990 με
738 2922 997 2992 κατέσχον
1019 2940 1031 2952 ·
1065 2922 1308 2992 ὁμολογῶ
1337 2922 1638 2992 τετρῶσθαι
1672 2922 1770 2993 τὴν
1798 2922 1973 2993 ψυχὴν

403 3010 684 3083 ἀρρωστία
734 3015 826 3065 καὶ
874 3014 1127 3084 ἀσθενείᾳ
1157 3015 1426 3082 γνώσεως.
1460 3015 1569 3086 Τὴν
1601 3015 1658 3067 δὲ
1690 3014 1972 3068 ἀλλοίωσιν

403 3103 504 3172 τῆς
544 3103 720 3169 δεξιᾶς
768 3104 860 3157 τοῦ
900 3105 1033 3157 Θεοῦ
1065 3105 1271 3176 ἑώρων,
1298 3107 1843 3176 ἀναμιμνησκόμενος
1866 3107 1973 3160 τῶν

405 3196 648 3249 παλαιῶν
689 3196 865 3267 ἔργων
891 3197 1090 3251 ἀύτοῦ.
1123 3172 1211 3250 Ᾰιό
1247 3172 1436 3268 φησιν’
1474 3172 1833 3267 ’Ἐμνήσθην
1862 3198 1980 3252 τῶν
2006 3172 2047 3229 C

401 3286 588 3356 ἔργων
603 3289 821 3356 Κυρίου
844 3290 960 3343 ἀπὸ
983 3289 1094 3357 τῆς
1112 3289 1303 3359 ἀρχῆς
1324 3290 1442 3344 τῶν
1463 3293 1810 3359 θαυμασίων
1840 3307 1974 3346 σου.

402 3378 513 3430 Καὶ
560 3380 867 3447 μελετηήσω
916 3382 986 3434 ἐν
1026 3380 1175 3435 πᾶσι
1201 3382 1323 3447 τοῖς
1355 3383 1550 3452 ἔργοις
1576 3397 1691 3436 σου
1715 3423 1729 3447 ,
1780 3384 1877 3437 καὶ
1911 3385 1981 3437 ἐν

402 3468 532 3532 τοῖςΔ
574 3470 1003 3538 ἐπιτηδεύμασί
1048 3486 1163 3524 σου
1211 3472 1784 3540 ἁδολεσχήσω.ᾌνθ’
1826 3467 1899 3526 ὧν
1952 3475 1980 3526 ὁ

404 3560 700 3631 Σύμμαχος
750 3561 938 3615 τοῦτον
988 3564 1299 3633 ἡρμήνευσε
1346 3563 1436 3616 τὸν
1480 3564 1711 3634 τρόπον’
1769 3565 1981 3632 Ἀνεμι-

398 3655 764 3720 μνησκόμην
806 3652 911 3717 τὰς
950 3654 1252 3721 περινοίας
1280 3656 1521 3723 Κυρίου,
1556 3654 1877 3708 ἀναπολῶν
1907 3655 1980 3707 τὰ

403 3743 621 3812 ἀρχαῖα
646 3743 928 3812 τεράστια
971 3760 1087 3799 σου
1127 3746 1225 3799 καὶ
1268 3746 1621 3816 διεμελὲτων
1648 3745 1849 3811 πάσας
1875 3748 1979 3813 τὰς

405 3835 650 3904 πράξεις
674 3854 811 3901 σου,
843 3839 938 3891 καὶ
958 3839 1039 3905 {ea
1057 3838 1455 3908 μηχανήματά
1482 3854 1597 3893 σου
1628 3839 1975 3909 διηγούμην,

403 3927 575 3981 ταῦτα
605 3928 888 3998 ἀναφέρων
930 3932 993 3999 τῇ
1047 3931 1495 4001 μνήμῃ.”Επειτα
1524 3930 1618 3983 νῦν
1646 3930 1878 3995 ἀκούων,
1904 3931 1979 3995 ὡς

404 4019 491 4082 εὶς
522 4017 695 4082 τέλος
726 4016 966 4084 ἀπώσω,
998 4019 1093 4071 καί
1122 4019 1380 4088 ὠργίσθη
1428 4023 1460 4073 ὀ
1506 4020 1693 4089 θυμός
1734 4035 1849 4072 σου
1881 4019 1979 4072 ἐπὶ

406 4111 668 4178 πρόϐατα
697 4110 886 4180 νομῆς
914 4126 1052 4176 σου,
1089 4114 1312 4175 εἰκότως
1338 4114 1611 4184 ἐνενόησα,
1645 4115 1725 4166 ὃτι
1753 4112 1979 4165 ἀλλοίω-

406 4201 490 4264 σίς
540 4203 653 4254 ὲστι
697 4203 795 4271 τῆς
842 4202 1021 4267 δεξιᾶς
1069 4203 1162 4256 τοῦ
1202 4203 1474 4273 Ὑψίστου.
1516 4204 1834 4274 Μεταὸολῆς
1872 4205 1979 4275 γὰρ

404 4291 577 4343 ταῦτα
631 4294 830 4361 σημεῖα
881 4293 974 4346 καὶ
1027 4292 1359 4357 ἀλλοιώσεως
1386 4294 1485 4365 τῆς
1522 4294 1687 4348 πάλαι
1717 4294 1808 4347 τοῦ
1845 4291 1978 4346 Θεοῦ

405 4384 535 4453 περὶ
558 4383 647 4435 τὸν
683 4384 808 4436 λαὸν
845 4385 1188 4455 κηδεμονίας.
1738 4418 1740 4421 τ

486 4475 539 4526 Ὀ
572 4475 733 4541 Θεὸς,
767 4476 837 4529 ἐν
867 4475 944 4541 τῷ
974 4477 1118 4546 ἁγίῳ
1144 4478 1182 4545 ἡ
1211 4476 1350 4541 ὁδὸς
1368 4477 1555 4531 αὑτοῦ
1579 4492 1596 4510 ο
1623 4477 1713 4542 τίς
1728 4475 1861 4541 θεὸς
1883 4475 1983 4544 μέ-

404 4582 514 4633 γας
534 4565 615 4631 ὠς
639 4568 671 4618 ό
704 4566 849 4630 Θεὸς
875 4564 1080 4633 ήμῶν;
1104 4567 1187 4619 Σὺ
1215 4562 1270 4620 εἷ
1293 4570 1325 4620 ὀ
1356 4567 1497 4631 Θεὸς
1528 4570 1559 4620 ὀ
1608 4564 1793 4620 ποιῶν
1841 4569 1981 4620 θαυ-

402 4656 613 4725 μάσια.
641 4656 751 4727 Τὴν
782 4657 1064 4710 ἀλλοίωσιν
1101 4659 1199 4728 τῆς
1242 4657 1421 4722 δεξιᾶς
1446 4656 1539 4710 τοῦ
1578 4657 1828 4727 Ὑψίστου
1862 4675 1986 4710 συν-

409 4743 532 4796 ιδὼν
563 4746 722 4796 ὁποῖα
752 4744 1047 4815 εἰργάσατο
1068 4757 1080 4769 ⁸
1116 4746 1235 4798 ἀντὶ
1270 4746 1378 4817 γὰρ
1410 4746 1527 4808 ἑνὸς
1559 4745 1742 4809 ἔθνους
1770 4746 1985 4799 πάντων

407 4836 515 4889 τῶν
545 4836 710 4888 ἐθνῶν
751 4836 1069 4907 εὐεργετικὴ
1110 4838 1346 4906 κατέστη
1372 4856 1385 4868 ·
1422 4838 1603 4890 οὐκέτι
1630 4837 1736 4908 γὰρ
1762 4838 1840 4889 ἑνὶ
1873 4836 1985 4904 λαῷ

406 4924 505 4996 τὴν
534 4925 762 4996 δύναμιν
785 4925 972 4990 αὐτοῦ,
1000 4924 1134 4978 ἀλλὰ
1158 4927 1251 4979 καὶ
1282 4928 1414 4979 πᾶσι
1435 4930 1547 4989 τοῖς
1567 4926 1741 4979 ἔθνεσι
1769 4926 1859 4979 καὶ
1882 4929 1986 4979 πᾶ-

409 5032 462 5068 σι
500 5019 609 5079 τοῖς
639 5016 787 5079 λαοῖς
834 5016 1126 5088 ἐγνώρισε·
1179 5017 1368 5087 διόπερ
1406 5017 1839 5089 ἐκπληττόμενος
1889 5016 1983 5069 καὶ

404 5107 828 5176 ἀποθαυμάζων,
852 5109 1024 5179 φημί’
1062 5112 1093 5163 ὁ
1142 5110 1301 5175 Θεὸς,
1335 5110 1403 5162 ἐν
1450 5108 1528 5174 τῷ
1573 5110 1717 5177 ἁγίῳ
1758 5108 1795 5175 η
1845 5108 1983 5173 ὁδός

407 5215 522 5252 σου
549 5217 561 5229 ο
590 5200 844 5253 ἐπέκεινα
870 5200 979 5271 γάρ
1016 5202 1131 5254 ἐστι
1165 5202 1264 5271 τῆς
1291 5202 1488 5271 θνητῆς
1522 5201 1786 5271 φύσεωςὴ
1818 5202 1984 5254 κατά-

407 5289 565 5360 ληψις
598 5291 697 5361 τῆς
736 5292 854 5345 ὁδοῦ
901 5309 1021 5345 σου·
1055 5293 1182 5346 ὥστ’
1218 5296 1283 5347 ἂν
1312 5295 1547 5361 εὐλόγως
1581 5294 1745 5362 φάναι
1792 5294 1880 5347 τό·
1917 5296 1978 5347 Ὢ

401 5381 591 5447 ,βάθος
624 5387 889 5439 πλούτου
918 5386 1016 5439 καὶ
1046 5387 1264 5454 σοφίας
1287 5388 1385 5439 καὶ
1410 5386 1685 5456 γνώσεως
1715 5388 1882 5451 Θεοῦ,
1901 5389 1980 5453 ὼς

407 5468 843 5539 ἀνεξερεηύνητα
872 5473 942 5527 τὰ
974 5476 1225 5543 κρίματα
1265 5477 1473 5540 αὑτοῦ,
1509 5477 1605 5529 καὶ
1640 5476 1982 5545 ἀνεξιχνία-

406 5571 541 5615 στοι
573 5566 632 5617 αὶ
667 5563 793 5618 ὀδοὶ
836 5566 1041 5620 αὑτοῦ.
1078 5568 1268 5620 Οὐκέτ’
1296 5563 1387 5621 οῦν
1416 5569 1681 5640 προσήκει
1707 5568 1984 5639 πολυπρα-

502 5720 547 5751 ⁸⁰
586 5718 743 5775 Rom.
782 5736 868 5787 xi,
904 5722 991 5778 55.
1070 5722 1111 5754 ⁸¹
1155 5721 1299 5779 Psal.
1337 5738 1531 5790 Lxxui,
1573 5724 1627 5778 l.

2081 1907 2206 1961 bius
2246 1905 2414 1960 animi
2464 1919 2637 1968 eram,
2679 1911 2771 1957 aut
2824 1901 3215 1965 inﬁrmitatem,
3264 1904 3357 1950 aut
3409 1895 3649 1961 dolores,

2081 2008 2174 2052 aut
2212 2000 2437 2053 vulnera
2483 2011 2602 2051 mea
2644 2011 2785 2050 esse.
2819 1993 2954 2047 Nam
3004 2008 3069 2047 ex
3115 1991 3309 2045 animae
3338 1987 3653 2041 inﬁrmitate

2080 2091 2218 2145 tales
2243 2104 2524 2146 sermones
2557 2088 2780 2157 protuli,
2814 2100 3025 2140 necnon
3058 2099 3128 2137 ex
3153 2082 3374 2136 vulnere
3412 2077 3647 2131 animae:

2079 2185 2399 2238 vulneratus
2430 2180 2631 2249 nempe
2653 2187 2706 2233 et
2737 2178 2924 2232 dolore
2954 2175 3180 2230 allectus
3209 2188 3329 2228 sum
3362 2169 3519 2240 quasi
3547 2181 3649 2238 pro

2080 2274 2341 2329 membris
2386 2273 2559 2336 meis;
2593 2285 2785 2325 verum
2833 2269 2996 2323 etiam
3049 2264 3208 2336 quasi
3242 2259 3429 2316 dolore
3463 2268 3656 2330 partu-

2078 2368 2229 2421 riens
2270 2381 2368 2435 pro
2409 2363 2710 2418 visceribus
2762 2360 2917 2416 meis
2948 2358 3076 2411 talia
3123 2356 3317 2411 ell‘atus
3349 2367 3489 2407 sum.
3524 2349 3651 2403 Haec

2080 2473 2242 2528 porro
2273 2472 2392 2511 sum
2424 2469 2737 2525 perpessus,
2770 2452 2895 2521 quia
2922 2450 3031 2505 vidi
3061 2448 3259 2502 factam
3291 2445 3525 2499 dexterae
3556 2440 3650 2493 Al-

2082 2548 2281 2603 tissimi
2309 2548 2688 2601 mutationem.
2731 2543 2871 2599 Olim
2897 2542 3096 2612 quippe
3152 2540 3371 2593 dextera
3414 2536 3504 2589 illa
3549 2533 3653 2587 mi-

2080 2639 2274 2693 rabilia
2304 2639 2474 2692 multa
2502 2636 2854 2707 operabatur,
2891 2630 3153 2685 benelicia
3185 2625 3523 2681 incredibilia
3552 2637 3653 2693 po-

2080 2731 2207 2801 pulo
2236 2730 2558 2796 conferens;
2590 2742 2735 2782 nunc
2767 2740 2895 2780 vero
2918 2723 3153 2777 dexterm
3180 2718 3393 2772 Excelsi
3422 2714 3652 2769 mutatio

2079 2821 2226 2874 facta
2266 2828 2369 2876 est.
2419 2818 2781 2885 Quamobrem
2814 2816 3035 2869 dolores
3073 2827 3158 2865 me
3190 2809 3525 2868 detinebant,
3578 2804 3655 2858 fa-

2079 2920 2303 2981 teorque
2324 2926 2411 2966 me
2432 2911 2614 2964 animo
2645 2910 2987 2962 vulneratum
3009 2921 3073 2959 ex
3107 2902 3298 2956 morbo
3332 2909 3385 2955 et
3421 2896 3658 2953 inﬁrmi-

2081 3012 2192 3058 tate
2258 3001 2610 3073 cognitionis.
2663 2999 3020 3053 Mutationem
3079 3010 3205 3049 vero
3264 2994 3500 3048 dextera:
3556 2988 3653 3043 Dei

2080 3095 2506 3165 conspiciebam,
2558 3091 2880 3147 recordatus
2933 3089 3150 3142 illorum
3199 3085 3475 3155 quondam
3526 3096 3655 3151 ope-

2080 3203 2199 3240 rum
2231 3188 2372 3255 ejus.
2405 3185 2749 3255 Quapropter
2770 3182 2885 3235 ait:
2923 3209 2987 3219 -—-
3012 3177 3177 3232 Vrsas.
3213 3175 3301 3237 12,
3336 3176 3420 3227 15.
3450 3170 3654 3225 Memor

2080 3281 2159 3350 fui
2186 3295 2399 3347 operum
2429 3278 2664 3336 Domini,
2691 3274 2754 3327 ab
2788 3275 2937 3327 initio
2965 3271 3289 3326 mirabilium
3321 3277 3527 3320 tuorum
3556 3281 3573 3317 :
3604 3272 3651 3316 et

2080 3372 2370 3427 meditabor
2398 3372 2453 3424 in
2483 3367 2721 3423 omnibus
2743 3365 2982 3434 operibus
3019 3365 3144 3426 tuis,
3177 3371 3224 3415 et
3250 3362 3302 3413 in
3329 3357 3652 3412 adinventio-

2080 3465 2228 3519 nibus
2282 3466 2387 3517 tuis
2433 3462 2728 3518 exercebar.
2766 3459 2872 3514 Pro
2908 3458 3107 3527 quibus
3153 3454 3513 3526 Symmachus
3550 3451 3652 3504 hoc

2081 3557 2242 3611 modo
2285 3556 2678 3624 interpretatus
2725 3562 2859 3611 esL:
2890 3547 3225 3603 Recordabar
3273 3544 3651 3614 cogitationum

2080 3647 2313 3712 Domini,
2344 3648 2519 3699 animo
2552 3646 2755 3700 voluens
2781 3645 2997 3712 antiqua
3022 3638 3263 3709 prodigia
3298 3646 3410 3689 tua.
3448 3634 3513 3686 Et
3544 3649 3651 3687 me—
3736 3669 3741 3673 -

2080 3740 2292 3793 ditabar
2340 3756 2515 3792 omnes
2557 3738 2784 3790 actiones
2828 3744 2970 3795 tuas,
3008 3743 3057 3786 et
3106 3730 3524 3783 machinamenta
3558 3735 3651 3778 tua

2080 3814 2391 3895 narrabdm,
2420 3832 2534 3885 haec
2560 3829 2820 3884 memoria
2844 3833 3116 3895 repetens.
3138 3821 3342 3876 Deinde
3375 3835 3500 3873 vero
3524 3832 3650 3870 cum

2075 3925 2188 3994 jam
2219 3924 2459 3986 audiam,
2501 3919 2775 3992 quomodo
2822 3918 3064 3987 repulisti
3094 3917 3149 3968 in
3183 3915 3359 3983 ﬁnem,
3401 3920 3447 3964 et
3481 3910 3650 3961 iratus

2080 4025 2155 4070 est
2187 4016 2339 4084 furor
2380 4024 2501 4067 tuus
2550 4028 2704 4081 super
2750 4028 2865 4065 oves
2894 4024 3105 4078 pascua:
3157 4016 3258 4059 tua:
3280 4006 3322 4037 ⁸¹
3346 4023 3359 4070 ;
3385 4003 3507 4072 jure
3542 4001 3651 4069 upi-

2080 4115 2242 4162 natus
2275 4122 2394 4163 sum
2420 4121 2541 4161 esse
2564 4104 2922 4158 mutationem
2948 4101 3184 4155 dextera:
3212 4095 3499 4151 Altissimi.
3528 4092 3653 4146 Haec

2080 4198 2280 4268 quippe
2332 4196 2488 4266 signa
2535 4204 2662 4249 sunt
2712 4193 3027 4246 mutationis
3080 4188 3198 4254 Dei,
3254 4203 3317 4242 ac
3362 4183 3663 4239 amotionis

2080 4290 2202 4358 ejus
2222 4290 2289 4343 ab
2320 4289 2433 4353 illa,
2464 4301 2625 4357 quam
2666 4285 2794 4339 olim
2833 4284 2900 4339 de
2928 4282 3129 4353 pupulo
3154 4280 3399 4351 gerebat,
3451 4275 3660 4333 sollici-

2082 4381 2288 4436 tudine.

2154 4475 2320 4529 Vens.
2353 4472 2438 4534 14,
2477 4471 2565 4524 15.
2606 4468 2771 4534 Deus,
2814 4467 2869 4521 in
2897 4475 3082 4521 sancto
3105 4466 3189 4520 via
3216 4465 3328 4533 ejus
3352 4463 3499 4532 :quis
3525 4460 3656 4515 deus

2089 4582 2311 4634 magnus
2339 4566 2475 4617 sicut
2510 4562 2649 4616 Deus
2684 4562 2894 4615 noster?
2926 4568 2979 4611 tu
3007 4576 3059 4612 es
3094 4558 3235 4610 Deus
3274 4557 3362 4625 qui
3390 4555 3523 4623 facis
3549 4554 3653 4605 mi-

2086 4657 2303 4710 rabilia.
2348 4656 2483 4711 Cum
2536 4654 2748 4709 videam
2801 4651 3151 4705 mutationem
3206 4648 3438 4702 dexterae
3481 4646 3651 4697 Altis-

2087 4751 2231 4815 simi,
2259 4757 2315 4804 et
2343 4749 2524 4818 qualia
2551 4755 2773 4818 operata
2805 4745 2909 4809 sit;
2950 4757 3074 4796 nam
3106 4740 3268 4795 unius
3323 4738 3498 4808 gentis
3531 4736 3659 4787 loco.

2081 4840 2195 4911 jam
2228 4840 2486 4895 omnibus
2519 4838 2771 4907 gentibus
2806 4834 3045 4890 beneﬁca
3078 4839 3193 4896 est;
3227 4845 3333 4883 non
3378 4827 3520 4881 enim
3557 4824 3655 4877 uni

2088 4933 2287 5003 populo
2320 4939 2381 4986 ut
2426 4931 2578 4993 olim,
2629 4928 2724 4983 sed
2770 4926 3025 4981 omnibus
3054 4922 3305 4993 gentibus
3340 4926 3393 4972 ct
3439 4915 3663 4986 populis

2088 5024 2342 5077 virtutem
2371 5035 2524 5073 suam
2563 5026 2746 5072 intem
2781 5015 2947 5081 fecit;
2979 5014 3100 5067 ideo
3136 5018 3361 5079 stupens
3403 5016 3457 5061 et
3486 5006 3624 5060 mira

2088 5111 2305 5168 bundus
2353 5111 2480 5162 aio:
2509 5109 2671 5174 Deus,
2724 5109 2778 5161 in
2822 5114 3004 5160 sancto
3027 5105 3110 5157 via
3155 5112 3276 5164 tua;
3313 5100 3511 5154 etenim
3553 5097 3665 5152 vias

2088 5212 2194 5258 tua;
2236 5202 2648 5271 comprehensio
2699 5200 2992 5252 humanam
3038 5201 3288 5249 naturain
3330 5195 3657 5258 exsuperat;

2086 5296 2161 5350 ita
2191 5302 2249 5348 ut
2280 5295 2371 5349 hic
2419 5294 2663 5363 apposite
2699 5291 2912 5344 dicatur
2944 5306 2957 5341 :
2994 5286 3035 5341 Ο
3073 5283 3298 5338 altitudo
3323 5281 3650 5344 divitiarum,

2085 5385 2359 5455 sapientiae
2409 5393 2458 5438 et
2504 5381 2734 5436 scientia:
2779 5378 2889 5441 Dei,
2929 5393 3086 5446 quam
3111 5369 3654 5442 incomprehensibilia

2088 5476 2435 5546 suntjudicia
2457 5475 2591 5544 ejus,
2635 5482 2681 5526 et
2717 5467 3108 5538 investigabiles
3140 5466 3235 5518 via:
3280 5462 3394 5531 ejus
3420 5461 3499 5515 ⁸³1
3530 5458 3651 5513 Non

2091 5568 2235 5621 ultra
2263 5582 2391 5638 ergo
2420 5566 2634 5622 curiose
2676 5561 2972 5633 inquirere,
3005 5566 3096 5612 aut
3128 5565 3336 5613 secreta
3363 5553 3662 5626 explorare

1700 5724 1743 5755 ⁸²
1784 5722 1942 5777 Rom.
1977 5737 2029 5775 XI
2056 5762 2068 5786 ,
2104 5721 2192 5775 55.
