4078 6432
504 329 610 387 895
1214 325 1481 381 EUSEBll
1514 324 1991 381 CASSARIENSIS
2025 325 2177 382 OPP.
2215 324 2395 380 PARS
2423 323 2511 382 111.
2553 351 2622 364 -
2649 322 3058 382 EXEGETICA.
3672 326 3803 383 896

503 448 757 505 convenit
788 463 949 503 :nam
981 448 1096 517 quis
1143 449 1281 502 novit
1312 464 1522 502 sensum
1559 448 1797 513 Domini,
1831 458 1920 503 aut
1952 450 2069 519 quis
2102 488 2113 512 Α

2184 448 2562 519 γμονεῖν,οὑδὲ
2604 447 2674 500 τὰ
2715 448 3004 519 ἀπόρρητα
3052 444 3455 518 διερευνᾶσθαι·
3506 448 3608 515 τίς
3660 450 3794 521 γάρ

502 542 839 596 consiliarius
887 544 1001 609 ejus
1031 540 1227 609 fuit”?
1260 540 1469 596 Idcirco
1512 541 1641 597 dum
1694 542 1809 597 haec
1848 543 2072 613 cogitat,

2183 541 2327 609 ἔγνω
2358 540 2511 593 νοῦν
2548 541 2791 607 Κυρίου,
2818 539 2855 607 ἢ
2897 539 2988 605 τίς
3031 539 3373 608 σύμϐουλος
3398 539 3589 594 αὐτοῦ
3641 541 3793 610 ἐγέ-

500 632 913 704 obstupefactus
948 635 1015 689 de
1063 634 1431 704 prolunditate
1480 636 1759 705 sapientiae
1812 635 1903 691 Dei
1954 638 2070 693 ait:

2175 647 2351 696 rato;
2381 632 2474 685 Διὸ
2504 633 2641 685 κατά
2669 632 2857 703 καιρὸν
2880 629 3046 684 ταῦτα
3068 632 3344 701 ἐννοήσας,
3375 632 3785 704 ὑπερεκπλήτ-

505 725 663 791 Deus,
689 727 743 779 in
769 735 951 779 sancto
976 726 1058 779 via
1090 736 1181 779 tua
1199 728 1345 796 :quis
1374 726 1499 780 deus
1524 744 1744 797 magnus
1768 729 1903 780 sicut
1938 728 2075 782 Deus

2173 739 2324 775 τεται
2371 721 2431 775 τὸ
2464 721 2625 791 βάθος
2655 722 2756 792 τῆς
2804 723 2995 789 σοφίας
3029 721 3119 774 τοῦ
3154 721 3308 786 Θεοῦ,
3347 722 3436 775 καί
3468 740 3670 792 φησιν·
3722 726 3782 777 '0

499 820 718 873 noster?
753 828 807 870 tu
834 834 888 871 es
913 816 1053 871 Deus
1076 820 1166 887 qui
1190 818 1325 888 facis
1362 819 1648 873 mirabilia.
1686 819 1815 886 Quae
1846 822 1955 875 sint
1986 822 2075 874 illa

2177 812 2339 878 Θεὸς,
2380 811 2450 864 ἐν
2482 810 2560 876 τῷ
2588 813 2733 881 ἁγίῳ
2760 812 2798 879 ἠ
2828 811 2967 877 ὁδός
2995 827 3111 866 σου
3133 827 3147 842 ·
3181 812 3273 878 τίς
3318 813 3451 878 θεὸς
3465 813 3661 881 μέγας
3685 815 3776 879 ὡς

500 909 768 962 mirabilia
813 910 916 966 sub
944 910 1055 963 haec
1089 910 1480 978 interpretatur
1509 911 1697 966 dicens
1724 931 1735 965 :
1766 910 1963 965 Nolam
2003 912 2077 980 fe-

2175 910 2207 960 ό
2240 908 2385 972 Θεὸς
2421 905 2627 977 quor,-
2672 906 2753 959 σὺ
2787 902 2845 959 εἷ
2879 908 2910 959 ό
2952 903 3097 971 Θεὸς
3139 906 3170 957 ό
3218 901 3405 956 ποιῶν
3429 902 3767 971 θαυμάσια.

497 1002 619 1053 cisti
654 1003 706 1055 in
740 1002 946 1068 populis
973 1004 1215 1056 virtutem
1243 1012 1427 1065 tuam;
1451 1019 1547 1073 pro
1572 1019 1679 1073 quo
1710 1002 2075 1074 Symmachus

2176 1001 2310 1053 Ποῖα
2340 1001 2396 1053 δὲ
2426 1000 2701 1070 θαυμάσια
2726 998 3073 1069 διερμηνεύει
3102 996 3227 1067 ἐξῆς
3252 996 3448 1050 εἰπών·
3485 998 3768 1065 Ἐγνώρι-

494 1091 688 1156 edidit,
724 1091 921 1145 Natant
946 1094 1117 1160 fecisti
1146 1095 1200 1146 in
1238 1094 1477 1163 gentibus
1512 1094 1878 1163 fortitudinem
1904 1107 2071 1149 tuam.

2174 1106 2291 1155 σας
2337 1091 2407 1142 ἐν
2453 1091 2577 1155 τοῖς
2631 1089 2803 1155 λαοῖς
2851 1089 2967 1155 τὴν
3012 1088 3270 1155 δύναμιν
3319 1105 3464 1142 σου·
3492 1088 3609 1141 ἀνθ’
3640 1083 3702 1141 οὗ
3734 1092 3766 1143 ὁ

496 1181 631 1236 Nam
682 1184 1141 1251 quemadmodum
1186 1186 1315 1238 olim
1350 1185 1536 1253 (Vens.
1575 1187 1659 1257 16)
1711 1188 1978 1243 redemisti
2020 1192 2075 1243 in

2176 1180 2471 1252 Σύμμαχος
2527 1182 2788 1246 ἐξέδωκε’
2826 1184 2875 1233 Γ
2878 1179 3124 1246 νωστὴν
3171 1180 3463 1246 ἐποίησας
3503 1180 3572 1232 ἐν
3630 1181 3763 1247 τοῖς

496 1270 711 1326 brachio
755 1284 844 1325 tuo
879 1275 1127 1342 populum
1169 1286 1337 1336 tuum,
1379 1276 1725 1344 ﬁlios-Iacob
1766 1286 1816 1330 et
1844 1276 2072 1347 Joseph,

2172 1273 2375 1328 ἔθνεσι
2404 1274 2516 1341 τὴν
2546 1276 2728 1343 ἰσχύν
2766 1275 3119 1344 σου.Ὣσπερ
3153 1272 3261 1342 γὰρ
3294 1270 3608 1340 ἐλυτρώσω
3648 1273 3758 1329 πάξ

388 1372 391 1377 ‘
494 1362 716 1430 quando
759 1364 959 1418 liberos
1002 1380 1095 1418 eos
1142 1366 1381 1420 eduxisti
1432 1382 1497 1421 ex
1533 1374 1679 1422 terra
1720 1368 1961 1439 Egypti,

2173 1367 2260 1419 λαι
2294 1366 2423 1420 ποτὲ
2446 1367 2515 1419 ἐν
2539 1365 2617 1430 τῷ
2646 1366 2919 1435 βραχιόνί
2966 1382 3081 1419 σου
3126 1363 3230 1417 τὸν
3262 1365 3414 1418 λαόν
3454 1379 3590 1429 σου,
3613 1365 3762 1431 τοὺς

496 1452 660 1506 domo
714 1455 1031 1520 servitutis;
1080 1458 1270 1510 eodem
1302 1473 1520 1527 quoque
1576 1460 1735 1514 modo
1762 1462 1897 1528 jam,
1947 1478 2071 1516 cum

2173 1456 2341 1521 υἱοὺς
2376 1455 2575 1509 Ἰακὼϐ
2600 1456 2693 1509 καὶ
2735 1455 2968 1523 Ἰωσὴφ,
3002 1454 3077 1507 ὅτ’
3106 1454 3429 1525 ὴλευθέρους
3466 1455 3664 1519 αὐτοὺς
3692 1455 3759 1508 ἐκ

495 1542 639 1598 facta
669 1554 753 1599 est
802 1550 1032 1601 mutatio
1063 1550 1299 1604 dexterae
1337 1552 1627 1617 Altissimi,
1675 1563 1857 1607 notam
1898 1556 2071 1610 fecisti

2173 1549 2273 1619 γῆς
2303 1549 2602 1617 Αἰγύπτου,
2637 1549 2694 1616 ἐξ
2738 1549 2884 1601 οἴκου
2935 1548 3178 1611 δουλείας
3217 1547 3307 1601 τὸν
3348 1548 3505 1601 αὑτὸν
3552 1548 3754 1618 τρόπον

494 1636 548 1690 in
581 1639 795 1706 populis
823 1640 1076 1696 virtutem
1115 1650 1284 1707 tuam,
1317 1650 1372 1698 et
1421 1646 1476 1699 in
1509 1647 1761 1715 gentibus
1790 1646 2071 1702 fortitudi~

2172 1640 2267 1691 καὶ
2296 1638 2409 1701 νῦν,
2440 1642 2528 1693 ὅτε
2559 1640 2781 1708 γέγονεν
2816 1640 3099 1702 ἀλλοίωσις
3129 1640 3225 1709 τῆς
3258 1638 3436 1705 δεξιᾶς
3466 1639 3557 1693 τοῦ
3598 1640 3752 1709 Ὑψί-

492 1743 617 1784 nem
648 1739 820 1787 tuam.
2102 1798 2135 1803 _
2174 1748 2323 1793 στου,
2355 1731 2660 1802 ἐγνώρισάς
2707 1735 2763 1785 ἐν
2806 1737 2918 1797 τοῖς
2951 1732 3096 1796 λαοῖς
3122 1732 3219 1803 τὴν
3251 1731 3478 1802 δύναμίν
3508 1748 3620 1796 σου,
3657 1733 3755 1787 καὶ

2101 1798 2142 1851 Β
2173 1824 2231 1875 ἐν
2260 1826 2371 1886 τοῖς
2398 1798 2580 1876 ἔθνεσι
2609 1825 2706 1894 τὴν
2744 1823 2895 1892 ἰσχύν
2930 1840 3045 1875 σου.

569 1924 730 1983 Vsus.
777 1930 861 1983 17.
912 1930 1165 1986 Viderunt
1220 1945 1267 1989 te
1324 1953 1496 2005 aquw,
1540 1938 1699 2001 Deus,
1738 1938 1975 1992 viderunt
2020 1949 2069 1993 te

2240 1935 2507 1989 Εἵδοσάν
2532 1950 2604 1988 σε
2634 1935 2844 1997 ὕδατα,
2868 1939 2899 1989 ὁ
2935 1937 3077 2001 Θεὸς
3097 1978 3110 1999 ,
3143 1936 3393 1989 εἵδοσάν
3419 1951 3493 1989 σε
3524 1937 3718 1991 ὕδατα
3737 1979 3754 2003 ,

491 2036 661 2089 atque.
704 2030 753 2073 et
789 2022 1097 2089 timuerunt,
1125 2036 1173 2079 et
1210 2028 1436 2083 turbata?
1458 2040 1581 2083 sunt
1624 2029 1823 2100 abyssi.
1864 2030 2067 2084 Admoo

2167 2024 2263 2077 καὶ
2302 2024 2725 2092 ἐφοϐήθησαν,
2762 2026 2858 2077 καὶ
2907 2026 3327 2095 ἐταράχθησαν
3367 2030 3425 2080 at
3467 2028 3750 2081 ἄϐυσσοι.

488 2113 614 2166 dum
645 2128 1043 2185 consequenter
1097 2131 1380 2193 postquam
1436 2126 1669 2187 dixerat,
1733 2123 1934 2177 Notam
1988 2124 2067 2193 fe-

2167 2116 2377 2187 Σςρόδρα
2409 2116 2715 2180 ἀκολούθως
2744 2118 3040 2189 προειπὼν,
3112 2118 3468 2188 Ἐγνώρισας
3509 2118 3577 2172 ὲν
3622 2120 3755 2186 τοῖς

486 2205 602 2257 cisti
637 2207 690 2259 in
710 2210 917 2277 populis
944 2213 1185 2267 virtutem
1222 2226 1390 2277 tuam.
1425 2220 1559 2283 sive,
1586 2220 1885 2275 secundum
1917 2218 2068 2289 Sym-

2164 2208 2334 2273 λαοῖς
2382 2208 2495 2276 τὴν
2544 2209 2801 2278 δύναμιν
2833 2226 2976 2264 σου·
3039 2212 3071 2282 ἢ
3109 2213 3251 2265 κατά
3281 2214 3373 2266 τὸν
3422 2214 3749 2284 Σύμμαχον,

489 2298 767 2359 machum.
826 2300 1027 2357 Notam
1083 2305 1256 2375 fecisti
1300 2311 1354 2363 in
1406 2311 1643 2381 gentibus
1700 2311 2063 2379 fortitudinem

2163 2299 2460 2367 Γνωστὴν
2480 2302 2773 2367 ἐποίησας
2794 2302 2863 2355 ἐν
2882 2301 3005 2367 τοῖς
3026 2303 3230 2357 ἔθνεσι
3255 2304 3371 2371 τὴν
3394 2306 3579 2374 δσχύν
3603 2321 3753 2373 σου,

486 2394 653 2449 tuam,
679 2389 858 2446 futura
898 2399 1226 2467 vaticinans,
1259 2401 1514 2455 virtutem
1552 2400 1685 2454 Novi
1728 2401 2063 2457 Testamenti

2164 2391 2459 2462 παρίστησι
2488 2394 2585 2463 τὴν
2617 2392 2842 2463 δύναμιν
2869 2394 2967 2464 τῆς
2998 2396 3202 2464 Καινῆς
3222 2396 3501 2467 Διαθήκης
3534 2414 3755 2468 προφη-

486 2479 802 2546 prophetice
834 2484 1090 2540 declarat.
1114 2489 1294 2554 Quare
1324 2490 1401 2543 ait
1456 2508 1469 2545 :
1516 2490 1773 2545 Viderunt
1804 2501 1850 2546 te
1884 2509 2058 2563 aqum,

2162 2484 2327 2545 τικῶς
2346 2483 2414 2536 τὰ
2438 2485 2694 2553 μέλλοντα
2719 2486 3009 2550 θεσπίζων.
3043 2488 3134 2541 Διό
3163 2507 3355 2559 φησιν’
3385 2488 3651 2542 Εἶδοσάν
3671 2505 3748 2543 σε

486 2564 649 2624 Deus.
677 2571 912 2627 viderunt
944 2586 990 2629 te
1019 2595 1189 2646 aqua',
1219 2589 1268 2633 et
1313 2582 1620 2635 timuerunt.
1653 2583 1807 2637 Sicut
1833 2584 1975 2637 enim
2006 2585 2060 2638 in

2162 2574 2371 2640 ὕδατα,
2390 2579 2422 2629 ὀ
2441 2577 2602 2643 Θεὸς,
2625 2578 2874 2631 ειδοσάν
2892 2594 2965 2632 σε
2988 2579 3193 2643 ὕδατα,
3219 2580 3313 2633 καὶ
3335 2579 3740 2649 ἐφοϐήθησαν.

486 2658 540 2712 in
572 2663 719 2715 exitu
744 2666 871 2718 olim
910 2667 1139 2721 liliurum
1168 2669 1332 2725 Israel
1361 2688 1423 2725 ex
1468 2672 1723 2743 IEgypto,
1757 2690 1900 2726 mare
1933 2673 2059 2726 vidit

2163 2666 2374 2739 Ὥσπερ
2404 2669 2511 2740 γὰρ
2546 2670 2711 2723 πάλαι
2737 2672 2864 2723 ποτὲ
2889 2672 2979 2723 ἐπὶ
3009 2673 3106 2742 τῆς
3132 2672 3190 2736 ἐξ
3210 2672 3483 2741 Αἰγύπτου
3516 2673 3742 2743 πορείας

482 2762 533 2808 et
563 2758 719 2825 fugit,
742 2756 999 2814 Iordanis
1032 2778 1309 2818 conversus
1346 2775 1422 2818 est
1446 2776 1735 2818 retrorsum
1760 2765 1836 2831 l"‘;
1868 2766 2057 2819 eodem

2159 2758 2268 2811 τῶν
2300 2760 2429 2811 υἱῶν
2474 2761 2687 2832 Ἰσραὴλ
2713 2802 2726 2824 ,
2778 2762 2815 2827 ἡ
2852 2762 3134 2815 θάλασσα
3164 2759 3317 2827 εἶδε,
3369 2764 3464 2816 καὶ
3497 2763 3736 2832 ἔφυγεν.

486 2847 647 2899 modo
684 2848 737 2900 in
770 2850 1002 2904 adventu
1050 2852 1438 2918 Emmanuelis,
1504 2856 1577 2925 (id
1634 2863 1737 2920 est,
1788 2856 2057 2911 nobiscum

2160 2852 2193 2903 ὁ
2231 2850 2527 2918 Ἰορδάνης
2550 2853 2818 2921 ἐστράφη
2842 2856 2928 2917 εἰς
2957 2860 3027 2907 τὰ
3049 2855 3271 2907 ὀπίσω·
3307 2855 3399 2907 τὸν
3429 2855 3591 2907 αὑτὸν
3615 2854 3735 2924 τρό-

488 2932 672 3008 Deus,)
698 2956 820 2993 eum
848 2944 1080 2997 accessit
1104 2946 1167 2996 ad
1200 2944 1491 3000 Iordanem
1521 2946 1765 3011 ﬂuvium,
1801 2963 1954 3017 aqua:
1976 2951 2057 3003 vi-

2159 2959 2259 2994 πον
2302 2943 2394 2995 καὶ
2441 2942 2582 2996 κατὰ
2621 2944 2719 3014 τὴν
2767 2944 3068 3016 παρουσίαν
3112 2945 3205 2998 τοῦ
3255 2945 3619 3016 Ἑμμανουὴλ,
3645 2945 3735 3015 δη-

481 3025 675 3081 dentes
697 3044 817 3081 «eum
852 3039 1073 3100 stupore
1111 3036 1374 3103 perculsae
1393 3045 1540 3091 sunt.
1568 3039 1707 3103 Quin
1734 3041 1894 3093 etiam
1915 3042 2055 3094 mul-

2157 3034 2289 3105 λαδὴ
2329 3034 2421 3087 τοῦ
2460 3036 2578 3105 μεθ’
2608 3037 2764 3107 ἡμῶν
2807 3037 2940 3089 Θεοῦ
2963 3077 2976 3100 ,
3021 3038 3255 3109 ὁπηνίκα
3289 3039 3490 3109 παρῄει
3518 3038 3611 3091 ἐπὶ
3642 3039 3734 3091 τὸν

480 3117 657 3172 titudo
693 3124 1016 3191 populorum
1060 3125 1110 3177 in
1146 3125 1408 3183 Ecclesiis
1459 3129 1551 3183 Dei
1601 3132 1848 3195 collecta,
1896 3134 2090 3202 aquist

2118 3139 2121 3192 ς
2169 3123 2437 3195 Ἰορδάνην
2470 3127 2733 3196 ποταμὸν,
2765 3128 2940 3181 ἰδόντα
2964 3129 3127 3183 αὐτὸν
3152 3129 3217 3182 τά
3248 3129 3414 3183 ὕδατα
3440 3129 3728 3199 ἐξεπλάγη.

480 3208 788 3265 consimilis
822 3210 1010 3279 (Vens.
1052 3214 1133 3283 18)
1170 3219 1469 3272 secundum
1522 3223 1897 3291 propheticmn
1941 3240 2058 3277 ser-

2159 3215 2233 3267 Οὐ
2258 3215 2362 3285 μὴν
2396 3217 2528 3270 ἀλλὰ
2561 3220 2653 3270 καὶ
2679 3218 2748 3270 τὰ
2776 3216 2953 3288 πλήθη
2988 3220 3095 3272 τῶν
3130 3221 3186 3271 ἐν
3219 3223 3338 3282 ταῖς
3388 3220 3733 3291 Ἐκκλησίαις

483 3314 719 3362 nionem,
768 3302 879 3356 Vox
908 3308 1139 3373 gentium
1171 3309 1483 3373 multarum,
1521 3314 1712 3366 similis
1748 3316 1898 3385 aquis
1927 3316 2056 3368 mul-

2154 3305 2249 3357 τοῦ
2267 3306 2401 3359 Θεοῦ
2428 3325 2721 3380 συγκροτου
2732 3312 2905 3381 μένων
2927 3313 3091 3377 λαῶν,
3117 3312 3268 3365 ῦὸασι
3291 3313 3732 3383 παρωμοιωμένα

479 3388 548 3442 tis
572 3390 639 3452 ⁸⁸,
679 3390 843 3446 Deum
906 3396 1048 3451 inter
1088 3398 1336 3455 homines
1382 3404 1814 3473 peregrinantem
1857 3410 2053 3462 mentis

2155 3398 2297 3450 κατὰ
2323 3398 2413 3450 τὸν
2446 3402 2721 3468 φάσκοντα
2748 3404 3079 3475 προφητικὸν
3109 3404 3263 3472 λόγον
3282 3446 3296 3468 ,
3338 3404 3508 3472 Φωνὴ
3542 3404 3730 3458 ἐθνῶν

479 3482 652 3537 oculis
676 3484 889 3549 videns,
922 3488 1148 3543 salutari
1181 3492 1375 3546 timore
1412 3504 1661 3564 correpta
1696 3505 1801 3559 est,
1847 3496 1913 3551 de
1942 3515 2051 3568 quo

2153 3490 2402 3544 πολλῶν
2458 3495 2630 3561 ὁμοία
2658 3495 2890 3549 ὑδάτων
2923 3496 3198 3551 πολλῶν
3231 3497 3403 3551 ἰδόντα
3428 3498 3603 3568 ψυχῆς
3633 3499 3728 3569 ὀφ-

476 3570 699 3639 dicitur,
746 3575 967 3632 Initium
1018 3582 1293 3649 sapientia?
1349 3585 1506 3638 timor
1563 3586 1655 3639 Dei
1692 3587 1758 3643 ⁸⁸.
1796 3586 2047 3653 Quaudiu

2152 3579 2376 3652 θαλμοῖς
2404 3584 2492 3636 τὸν
2526 3586 2604 3647 εἰς
2636 3586 2953 3657 ἀνθρώπους
2984 3588 3412 3660 ἐπιδεδημηκότα
3440 3590 3569 3643 Θεὸν
3592 3631 3605 3653 ,
3644 3591 3730 3659 φό-

475 3666 622 3719 enim
651 3683 803 3737 aquae
835 3672 937 3724 illa:
990 3688 1147 3727 caacae
1192 3683 1368 3738 erant,
1416 3677 1581 3732 Deum
1616 3694 1722 3733 non
1768 3681 2045 3745 videbant,

2151 3672 2243 3725 6ον
2275 3674 2533 3728 ἀνέλαϐον
2565 3680 2851 3749 σωτήριον,
2886 3681 3014 3751 περὶ
3044 3674 3103 3733 οὗ
3132 3684 3371 3752 εἴρηταιο
3418 3683 3599 3751 Ἀρχὴ
3627 3700 3730 3736 σο·-

475 3772 577 3812 nec
604 3761 799 3816 timore
825 3764 944 3830 ejus
968 3764 1172 3819 allectat
1199 3778 1386 3835 erant;
1414 3785 1559 3824 nunc
1585 3782 1762 3825 autem
1796 3788 2044 3841 magnam

2149 3767 2289 3833 φίας
2327 3770 2509 3834 φόϐος
2564 3769 2730 3822 Θεοῦ.
2793 3772 2935 3835 Ἕως
2973 3774 3070 3841 μὲν
3114 3773 3219 3843 γὰρ
3252 3774 3626 3841 τυφλώττοντα
3658 3773 3727 3847 ἦν

475 3851 766 3907 utilitatem
799 3871 861 3908 ex
894 3860 1359 3928 contemplatione
1414 3871 1468 3917 et
1520 3864 1834 3932 cognitione
1884 3864 2044 3919 Verbi

2147 3855 2320 3907 ταῦτα
2344 3856 2411 3909 τά
2445 3857 2631 3921 ὕδατα,
2657 3861 2754 3930 οὐχ
2782 3860 2925 3933 ἐώρα
2952 3863 3040 3915 τὸν
3067 3864 3219 3924 Θεὸν,
3238 3866 3358 3917 οὐδὲ
3392 3866 3554 3934 φόϐον
3584 3863 3725 3937 εἶχεν

475 3942 617 4009 apud
653 3959 711 3997 se
741 3946 1146 4015 peregrinantis
1178 3964 1527 4021 aereperunt.
1562 3952 1910 4026 Rursumque
1959 3973 2046 4011 se-

2147 3945 2312 3998 αὐτοῦ
2335 3963 2347 3974 ’
2379 3949 2497 4000 νυνὶ
2515 3948 2569 4001 δὲ
2596 3951 2661 4003 τὰ
2688 3952 2896 4019 μεγάλα
2920 3954 3195 4024 ὠφέληται
3220 3955 3325 4008 ἀπὸ
3352 3956 3451 4025 τῆς
3478 3956 3604 4022 θέας
3632 3960 3725 4012 καὶ

472 4030 711 4085 cundum
748 4034 1053 4101 historiam,
1090 4055 1214 4093 cum
1258 4040 1515 4097 Servator
1547 4045 1846 4114 discipulos
1877 4047 2044 4115 jussit

2144 4036 2245 4105 τῆς
2277 4037 2530 4105 γνώσεως
2560 4041 2653 4094 τοῦ
2690 4044 3125 4114 ἐπιδημήσαντος
3161 4048 3341 4110 αὐτοῖς
3377 4049 3554 4117 λόγου.
3615 4052 3723 4103 Καὶ

474 4125 768 4180 ascendere
814 4130 866 4181 in
898 4133 1207 4187 naviculam
1242 4145 1294 4188 et
1329 4137 1715 4203 transfretare;
1764 4146 1815 4193 et
1847 4148 2042 4209 quarta

2144 4124 2297 4191 αὖθις
2324 4132 2460 4183 κατά
2489 4133 2585 4201 τὴν
2619 4134 2877 4206 ἱστορίαν,
2907 4138 3143 4207 ὁπηνίκα
3176 4140 3203 4191 ὁ
3231 4139 3418 4210 Σωτὴρ
3448 4143 3722 4209 ἠνάγκασε

474 4216 655 4284 vigilia
690 4222 866 4274 uovtis
908 4224 1053 4275 venit
1087 4224 1153 4277 ad
1205 4224 1299 4282 eus
1332 4229 1618 4282 ambulans
1648 4245 1814 4299 supra
1852 4247 2038 4296 mare;

2142 4221 2269 4282 τοὺς
2296 4222 2541 4292 μαθητὰς
2570 4225 2812 4278 ἀνελθεῖν
2836 4229 2915 4290 εἰς
2943 4230 3002 4281 τὸ
3024 4230 3206 4283 πλοῖον
3237 4233 3330 4284 καὶ
3355 4234 3616 4304 προάγειν
3644 4238 3720 4301 εἰς

470 4313 605 4360 tunc
638 4309 799 4362 etiam
833 4312 1083 4366 viderunt
1120 4330 1243 4368 eum
1279 4332 1431 4387 aqua:
1460 4326 1512 4371 et
1537 4320 1856 4375 timuerunt.
1910 4323 2039 4375 Item

2142 4311 2203 4363 τὸ
2244 4314 2449 4383 πέραν·
2486 4312 2603 4369 εἶτα
2644 4319 2877 4391 τετάρτῃ
2923 4322 3134 4393 φυλακῇ
3172 4324 3271 4391 τῆς
3303 4326 3495 4390 νυκτὸς
3529 4329 3722 4399 ἤρχετο

469 4397 691 4467 quando
753 4400 1053 4471 increpavit
1106 4416 1297 4461 ventos
1354 4417 1407 4462 et
1447 4426 1614 4472 mare,
1663 4420 1715 4465 et
1770 4411 1910 4466 facta
1956 4421 2039 4467 est

2144 4403 2278 4470 πρὸς
2306 4406 2501 4471 αὐτοὺς
2532 4410 2847 4476 περιπατῶν
2878 4413 2969 4464 ἐπὶ
2998 4414 3096 4485 τῆς
3124 4415 3425 4487 θαλάσσης·
3476 4397 3576 4473 καλ.
3601 4421 3720 4473 τότε

470 4490 842 4557 tranquillitas
867 4508 1081 4563 magna,
1110 4498 1342 4550 turbataa
1368 4508 1495 4552 sunt
1524 4501 1729 4569 abyssi,
1765 4509 1818 4553 et
1854 4504 2033 4555 multi-
2076 4485 2080 4532 1

2112 4495 2117 4523 ’
2149 4490 2285 4548 εἶδον
2306 4498 2466 4550 αὑτὸν
2490 4498 2675 4563 ὕδατα,
2701 4504 2793 4556 καὶ
2815 4480 3179 4576 ἐφοϐήθησαν.
3219 4480 3493 4564 Ἀλλάῗκαὶ
3512 4515 3599 4566 ὅτε
3625 4515 3722 4566 ἐπ-

466 4578 603 4633 tudo
642 4582 854 4637 sonitus
909 4600 1193 4654 aquarum.
1227 4586 1349 4641 Haac
1390 4605 1551 4658 porro
1584 4591 1885 4645 secundum
1922 4609 2045 4662 pro-

2150 4590 2376 4660 ετίμησε
2397 4594 2506 4655 τοῖς
2537 4594 2757 4664 ἀνέμοις
2787 4598 2954 4669 καὶτῇ
2980 4599 3243 4672 θαλάσσῃ,
3264 4604 3356 4656 καὶ
3384 4606 3596 4673 ἐγένετο
3623 4623 3722 4675 γα-

468 4672 709 4743 phetiam
759 4676 824 4729 ad
860 4676 1094 4731 litteram
1128 4680 1525 4749 implebantur;
1576 4684 1878 4737 secundum
1910 4701 2039 4739 vero

2143 4680 2274 4753 λήνη
2312 4684 2519 4754 μεγάλη
2540 4726 2552 4749 ,
2586 4688 2964 4759 ἐταράγθησαν
2998 4693 3051 4744 αἱ
3084 4693 3328 4757 ἄϐυσσοι,
3380 4672 3474 4748 καὶ
3519 4672 3721 4769 πλῆθος

466 4766 788 4833 penitiorem
848 4779 1101 4835 mentem,
1156 4788 1352 4842 aqum,
1424 4790 1615 4844 nempe
1662 4778 2039 4834 ecclesiastica

2141 4772 2305 4843 ἤχους
2336 4774 2542 4839 ὓδατος.
2579 4779 2685 4830 Καὶ
2716 4780 2887 4833 ταῦτα
2922 4782 3017 4851 μὲν
3057 4784 3289 4840 ἐτελεῖτο
3323 4766 3627 4860 συμφώνως
3651 4794 3716 4865 τῇ

465 4856 760 4910 multitudo
790 4860 1045 4916 omnibus
1090 4878 1152 4917 ex
1191 4866 1446 4934 gentibus
1504 4867 1755 4931 collecta,
1820 4870 2037 4933 initium

2141 4866 2445 4938 προφητείᾳ
2474 4868 2607 4939 πρὸς
2635 4869 2798 4935 λέξιν,
2829 4872 2963 4943 πρὸς
2989 4873 3046 4927 δὲ
3069 4874 3323 4942 διάνοιαν,
3360 4856 3427 4931 τά
3449 4856 3558 4949 μὲν
3589 4856 3716 4934 ὖδαζ

463 4947 744 5014 sapientia:
789 4948 992 5004 elieetze
1046 4962 1192 5016 sunt,
1232 4962 1414 5023 utpote
1466 4972 1585 5024 qua:
1618 4957 1803 5010 divino
1838 4958 2037 5011 timore

2137 4974 2225 5021 τα,
2262 4958 2403 5027 λέγω
2425 4961 2480 5013 δὲ
2510 4962 2577 5014 τὰ
2609 4963 2785 5034 πλήθη
2819 4966 2885 5018 τὰ
2914 4968 3342 5039 ἐκκλησιαστικὰ
3375 4971 3434 5037 ἐξ
3459 4947 3715 5031 ἀπάντων

462 5033 669 5089 ιιιῐεοιίο
702 5036 924 5104 fuerint,
955 5043 1253 5097 secundum
1288 5046 1440 5106 illud,
1487 5046 1708 5100 Initium
1757 5048 2032 5116 sapientia:

2140 5050 2248 5102 τῶν
2276 5051 2443 5104 ἐθνῶν
2470 5033 2806 5125 συνηγμένα,
2835 5058 2973 5128 ἀρχὴ
3002 5033 3187 5126 accola;
3214 5033 3431 5131 γέγονε,
3454 5065 3546 5117 τὸν
3575 5066 3710 5120 θεῖον

460 5123 620 5177 timor
650 5124 859 5181 Domini
881 5129 945 5183 ’".
984 5131 1179 5201 Ahyssi
1217 5149 1364 5198 vero,
1389 5151 1508 5204 qua:
1534 5137 1764 5191 diversae
1781 5138 1850 5192 ab
1875 5140 2033 5208 aquis

2140 5143 2475 5198 ἀναλαϐόντα
2525 5123 2685 5214 φόϐον
2732 5123 3010 5214 κατὰ·
3052 5123 3236 5222 ’.Ᾰρχη
3282 5123 3502 5224 σοφίας
3530 5160 3712 5225 φόϐος

458 5228 637 5279 erant,
673 5222 903 5277 turbatae
938 5233 1087 5289 sunt,
1141 5227 1211 5279 ita
1257 5235 1315 5279 nt
1367 5231 1607 5283 sonitum
1636 5246 1699 5283 ac
1736 5232 2027 5285 tumultum

2139 5238 2389 5303 Kvplov°
2421 5240 2475 5289 αἱ
2504 5239 2559 5291 δὲ
2593 5239 2836 5307 ἄϐυσσοι,
2871 5243 3051 5314 ἕτεραι
3079 5242 3233 5298 οὖσαι
3265 5222 3413 5319 παρὰ
3443 5249 3511 5302 τὰ
3531 5222 3710 5304 ’ὕδατα

457 5304 723 5365 facerent.
751 5312 958 5368 Dixeris
989 5330 1150 5383 porro
1175 5318 1402 5389 abyssos
1434 5336 1555 5374 esse
1577 5323 1816 5390 gentium
1845 5323 2026 5375 incre-

2128 5326 2525 5398 ἐταράχθησαν,
2551 5330 2626 5392 ὡς
2644 5326 2774 5400 ἦχον
2805 5304 2897 5385 καὶ
2920 5304 3145 5404 θάρυόον
3172 5304 3489 5407 παρασχεῖν.
3526 5340 3709 5403 Εἴποις

458 5396 712 5454 dularum
759 5402 1001 5466 ordines,
1058 5422 1177 5475 qum
1225 5410 1394 5463 variis
1449 5412 1784 5481 temporibus
1838 5421 2028 5466 contra

2128 5417 2174 5471 δ’
2213 5396 2417 5482 ἂν
2450 5396 2717 5485 ἀόύσσους
2745 5420 2881 5477 εἶναι
2927 5396 2995 5477 τά
3031 5396 3285 5496 τάγματα
3320 5396 3429 5482 τῶν
3465 5396 3706 5483 ἀπίστων

463 5483 762 5546 Ecclesiam
800 5495 1164 5567 insurgentes,
1203 5503 1613 5569 persecutiones
1654 5504 2025 5558 concitarunt.

2131 5508 2300 5561 ἐθνῶν
2330 5508 2437 5562 τῶν
2464 5513 2529 5580 τῇ
2577 5512 2873 5583 Ἐκκλησία
2902 5514 3045 5568 κατά
3085 5518 3309 5589 καιροὺς
3336 5518 3705 5590 ἐπανισταμέ·

468 5576 574 5634 Sed
606 5584 780 5651 primo
805 5588 1023 5656 quidem
1070 5604 1227 5661 aqua:
1258 5591 1429 5647 Deum
1468 5594 1787 5661 timuerunt,
1840 5602 2028 5666 postea

2129 5615 2269 5663 νων,
2317 5600 2411 5652 καὶ
2454 5576 2582 5663 τοῦς
2621 5604 2741 5655 κατ’
2765 5576 2942 5674 ἀὐτῆς
2981 5576 3253 5676 διωγμοὺς
3290 5576 3703 5680 ἐπεγειρόντων·

554 5758 597 5790 ⁸³
636 5756 737 5815 lsa.
774 5778 870 5830 ιι,
908 5766 994 5821 15.
1074 5765 1115 5802 ⁸³
1158 5769 1301 5827 Psal.
1340 5788 1501 5840 cxm,
1538 5776 1587 5829 5.
1668 5778 1711 5809 ⁸⁵
1757 5778 1925 5833 ιικοκιι
1987 5794 2135 5837 mu.

1757 5778 1925 5833 lzzcsh
1987 5794 2135 5837 mu.
2171 5782 2225 5833 Ξ.
2303 5782 2345 5811 ⁸⁸
2386 5780 2531 5837 Psal.
2568 5798 2661 5844 cx.
2705 5784 2789 5839 10.
2868 5784 2910 5816 ⁸⁷
2951 5783 3097 5841 Psal.
3130 5802 3218 5853 cx,
3258 5786 3341 5841 10.
