4078 6432
330 367 445 425 897

1453 368 1960 429 COMMENTARIA
2001 376 2071 431 ΙΝ
2109 377 2447 438 PSALMOS.

3486 398 3591 456 898

343 488 509 544 ’Ἄλλά
540 488 640 561 μὲν
667 487 859 559 πρῶτα
886 487 1055 541 ὕδατα
1084 487 1329 559 ἐφοϐεῖτο
1353 488 1443 543 τὸν
1469 490 1624 556 Θεὸν,
1652 494 1707 545 αἱ
1732 492 1789 545 δὲ
1818 492 1891 565 δη

2014 508 2328 555 memorata:
2375 503 2560 575 abyssi
2593 504 2822 561 turbatae
2868 516 2999 563 sunt
3056 528 3068 567 :
3113 519 3310 580 prteter
3339 512 3428 567 illa
3459 530 3591 573 vero

330 583 589 638 λωθεῖσαι
604 580 825 635 ἄϐυσσοι
844 580 1199 651 ἐταράττοντο
1211 598 1225 611 ο
1245 579 1426 653 τρίτον
1444 582 1501 637 δὲ
1518 583 1704 654 τάγμα
1721 586 1916 655 τυγχά-

2019 589 2214 646 tertius
2244 593 2378 648 ordo
2414 604 2684 665 superest,
2719 613 2912 668 nempe
2964 601 3215 665 nubium,
3247 619 3369 673 quae
3399 621 3591 661 vocem

328 695 410 731 νει
444 676 597 747 παρά
628 676 693 729 τὰ
720 674 1017 745 λελεγμένα
1044 674 1105 727 τὺ
1127 673 1234 727 τῶν
1263 675 1500 744 νεφελῶν
1524 718 1539 740 ,
1575 677 1603 729 6
1630 677 1693 749 δὴ
1730 679 1891 750 φωνὴ⁴

2016 680 2303 739 dederunt.
2337 686 2468 751 Quze
2514 690 2688 744 nuhes
2716 690 2820 744 illa:
2849 700 3027 756 erant,
3061 694 3164 747 nisi
3209 695 3408 763 quibus
3449 712 3589 765 pra:-

329 771 519 824 έδωκε.
550 770 705 832 Τίνες
730 769 785 821 δὲ
809 764 949 839 ἦσαν
974 770 1029 822 αί
1057 767 1306 835 νεφέλαι,
1333 768 1446 822 ἀλλ’
1473 768 1505 839 ἦ
1532 772 1586 823 αί
1610 770 1915 823 κελευσθεῖ-

329 876 419 910 aut
452 858 525 928 μὴ
559 856 767 929 βρέχειν
798 858 891 909 ἐπὶ
918 858 1009 909 τὸν
1040 858 1302 929 πρότερον
1324 858 1645 929 ἀμπελῶνα,
1679 861 1822 913 κατά
1852 860 1912 914 τὸ

324 950 505 1020 φῆσαν
541 950 719 1017 λόγιον
743 966 755 979 ·
789 950 897 1003 Καὶ
939 950 1071 1016 ταῖς
1095 951 1377 1018 νεφέλαις
1406 951 1758 1020 έντελοῦμαι
1802 953 1910 1006 τοῦ

314 1041 406 1111 μὴ
434 1041 649 1109 ,ϐρέξαι
680 1041 771 1094 ἐπ’
806 1040 993 1094 αὑτὸν
1014 1081 1031 1107 ,
1064 1040 1223 1111 δῆλον
1254 1041 1332 1104 δὲ,
1363 1043 1443 1095 ὅτι
1478 1042 1569 1095 τὸν
1596 1044 1660 1095 ὲκ
1691 1061 1911 1115 περιτο.

330 1132 436 1202 μῆς
460 1131 620 1195 λαόν;
652 1130 888 1199 Νεφέλαι
911 1130 965 1183 δὲ
994 1130 1415 1201 πεπληρωμέναι
1448 1116 1656 1185 ύδάτων
1687 1133 1760 1203 μὴ
1788 1132 1909 1185 ὕου-

328 1239 417 1275 σαι
450 1222 539 1274 ἐπὶ
570 1222 659 1275 τὸν
692 1222 915 1274 παλαιὸν
942 1222 1238 1291 ἀμπελῶνα
1267 1223 1411 1286 τίνες
1435 1222 1499 1276 ἂν
1526 1221 1636 1277 εἷεν
1666 1224 1697 1295 ἢ
1732 1227 1779 1277 οἱ
1813 1224 1905 1277 τοῦ

316 1315 577 1385 Σωτῆρος
608 1314 844 1384 μαθηταὶ
864 1315 957 1366 καὶ
982 1313 1265 1367 ἀπόστολοι
1296 1315 1389 1367 καὶ
1412 1316 1791 1384 εύαγγελισταὶ
1808 1356 1822 1377 ,
1855 1316 1903 1369 οἳ

321 1405 443 1459 καθ’
464 1405 589 1477 ὅλης
621 1405 719 1475 τῆς
733 1405 1053 1476 οἰκουμένης
1084 1405 1173 1458 τὸν
1206 1406 1525 1477 ἐπουράνιον
1558 1407 1711 1460 ὑετὸν
1730 1408 1903 1461 διαδε-

314 1494 571 1560 δωκότες,
592 1498 772 1567 φωνὴν
800 1497 1028 1561 ἔδωκαν,
1051 1497 1190 1550 ὥστε
1205 1500 1285 1560 εἰς
1316 1498 1496 1552 πᾶσαν
1517 1499 1614 1570 τὴν
1632 1500 1734 1569 γῆν
1752 1499 1901 1565 ἐξελ-

320 1588 434 1642 θεῖν
458 1589 548 1642 τὸν
571 1590 806 1658 φθόγγον
827 1589 1029 1654 αὐτῶν,
1061 1591 1154 1644 καὶ
1174 1592 1253 1654 είς
1274 1590 1341 1643 τὰ
1363 1590 1576 1662 πέρατα
1600 1591 1701 1659 τῆς
1724 1593 1903 1644 οἰκου-

322 1681 491 1751 μένης
513 1682 579 1734 τά
611 1683 829 1752 ῥήματα
859 1682 1067 1747 αὐτῶν;
1098 1684 1187 1735 Διὸ
1211 1683 1490 1737 λέλεκται·
1520 1684 1733 1752 Φωνὴν
1760 1685 1901 1737 ἔδω-

316 1791 434 1827 καν
462 1776 521 1826 al
546 1774 823 1842 νεφέλαι·
862 1770 960 1826 κῑιὶ
994 1774 1103 1843 γὰρ
1138 1775 1208 1828 τὰ
1229 1775 1386 1843 βέλη
1421 1792 1536 1830 σου
1589 1776 1900 1844 διαπορεύ-

318 1884 503 1921 mat.
534 1836 665 1921 Ποία
692 1867 749 1919 δὲ
777 1868 844 1920 τά
870 1836 1154 1938 βέλη-ἢ-τά
1177 1836 1418 1939 σωτήρια
1448 1869 1541 1921 καὶ
1567 1868 1635 1922 τά
1666 1836 1898 1921 ἐκλεκτά
1933 1836 1973 1893 Β

314 1960 387 2013 τά
418 1958 785 2029 τιτρώσκοντα
816 1959 915 2022 τὰς
943 1958 1053 2011 τῶν
1089 1958 1409 2030 σωζομένων
1465 1959 1640 2030 ψυχὰς
1661 1999 1675 2022 ,
1723 1959 1788 2011 δι’
1822 1954 1898 2011 ὦν

312 2056 352 2127 ἡ
395 2058 580 2124 νύμφη
628 2052 864 2121 Χριστοῦ
907 2053 939 2123 ἡ
986 2052 1281 2122 Ἐκκλησία
1312 2052 1614 2123 τετρῶσθαι
1646 2054 1899 2123 ὁμολογεῖ

315 2145 600 2214 φάσκουσα
620 2160 633 2173 ·
665 2144 784 2196 Ὅτι
809 2142 1138 2212 τετρωμένη
1164 2142 1399 2212 ἀγάπης
1421 2144 1569 2212 έγώ;
1594 2144 1703 2197 Καὶ
1735 2144 1898 2208 αὐτὸς

313 2236 370 2291 δὲ
399 2239 428 2290 6
456 2236 647 2307 Σωτὴρ
679 2234 829 2305 βέλος
857 2234 1140 2304 ὠνόμαστο
1173 2235 1315 2288 κατά
1346 2234 1438 2288 τὸν
1489 2236 1713 2290 εἰπόντα
1761 2253 1897 2309 προ-

311 2329 518 2400 φήτηνο
572 2326 793 2393 Ἔθηκέ
814 2343 890 2395 με
916 2327 995 2392 ὠς
1018 2326 1205 2391 ,ϐέλος
1236 2325 1523 2379 ἐκλεκτὸν
1542 2368 1555 2387 ,
1602 2327 1700 2381 καὶ
1728 2327 1798 2381 ἐν
1820 2327 1898 2397 τῇ

306 2419 571 2489 φαρέτρα
598 2418 783 2473 αὑτοῦ
807 2418 1035 2487 ἔκρυψέ
1062 2436 1139 2487 με
1165 2436 1178 2449 ·
1243 2418 1402 2472 Ἀλλά
1428 2419 1520 2472 τοῦ
1557 2420 1655 2491 μὲν
1681 2420 1896 2491 Πατρός

314 2512 466 2582 βέλος
501 2507 568 2582 ἦν
600 2513 629 2564 6
667 2512 961 2583 μονογενὴς
980 2510 1143 2564 αὐτοῦ
1170 2511 1339 2579 Λόγος
1360 2529 1371 2539 ·
1396 2509 1490 2563 τοῦ
1522 2511 1578 2563 δὲ
1612 2510 1742 2564 Υἱοῦ
1766 2510 1893 2583 βέλη

311 2604 604 2674 ἐτύγχανον
632 2606 677 2655 οἱ
708 2603 1013 2665 ἀπόστολοι,
1042 2604 1135 2656 καὶ
1162 2603 1231 2656 τὰ
1251 2602 1368 2655 θεία
1396 2603 1491 2657 καὶ
1520 2604 1893 2675 πεπυρωμένα

307 2696 474 2749 αὐτοῦ
502 2697 675 2765 λόγια.
734 2697 823 2749 Διὸ
855 2695 1102 2750 λέλεκται
1131 2697 1189 2747 ὲν
1216 2695 1294 2766 τῷ
1330 2697 1461 2767 περὶ
1486 2695 1580 2749 τοῦ
1607 2695 1890 2765 ἀγαπητοῦ

305 2784 506 2855 ψαλμῷ
530 2801 541 2814 ·
599 2784 681 2838 Τὰ
707 2785 867 2852 βέλη
902 2801 1019 2839 σου
1051 2785 1418 2854 ἠκονημένα,
1453 2787 1589 2840 λαοὶ
1614 2786 1893 2842 ὑποκάτω

307 2894 424 2930 σου
456 2877 801 2930 πεσοῦνται.
864 2876 1018 2929 Οὕτω
1044 2876 1086 2929 δ’
1120 2873 1213 2931 οὖν
1244 2879 1338 2931 καὶ
1368 2878 1603 2932 ἐνταῦθα
1640 2880 1888 2951 εἴρηται·

308 2969 417 3022 Καὶ
440 2969 550 3038 γὰρ
571 2969 641 3023 τὰ
654 2967 809 3035 ,βέλη
833 2986 947 3023 σου
972 2968 1444 3038 διαπορεύονται.
1470 2972 1888 3043 Περιτρέχονται

307 3056 415 3127 γὰρ
439 3057 752 3127 ἅπανταχοῦ
780 3059 845 3111 τὰ
877 3057 971 3111 τοῦ
998 3060 1233 3130 Χριστοῦ
1262 3060 1389 3130 βέλη
1418 3061 1759 3133 διεπορεύετο
1788 3079 1888 3133 κη-

2014 782 2230 843 ceptum
2255 776 2429 831 fuerat
2461 795 2527 833 ne
2558 781 2806 849 pluerent
2853 798 3016 851 super
3052 784 3266 837 vineam
3305 786 3449 839 illam
3478 788 3591 856 pri-

2014 868 2249 932 stinam;
2284 870 2583 924 secundum
2616 873 2770 934 illud,
2811 873 2877 925 Et
2947 874 3169 928 nubibus
3216 878 3476 932 mandabo
3530 898 3590 935 ne

2010 957 2197 1024 pluant
2227 975 2383 1026 super
2414 978 2528 1016 eam
2559 962 2777 1017 imbrem
2814 965 2858 996 ⁸⁸
2881 983 2894 1030 ;
2919 967 3171 1021 videlicet
3212 985 3379 1038 super
3417 988 3577 1041 popu-

2010 1049 2121 1104 lum
2154 1066 2218 1105 ex
2262 1052 2724 1109 circumcisione?
2771 1054 2956 1111 Nubes
2986 1062 3166 1111 autem
3201 1063 3359 1128 aquis
3392 1064 3583 1132 plerue,

2007 1157 2111 1196 nec
2146 1159 2311 1213 super
2337 1146 2550 1199 vineam
2604 1146 2749 1200 illam
2802 1149 3088 1217 pristinam
3135 1155 3403 1219 pluentes,
3437 1171 3585 1223 qum-

2008 1248 2134 1286 nam
2187 1234 2389 1288 fuerint
2429 1238 2531 1291 nisi
2586 1236 2890 1292 Salvatoris
2946 1240 3224 1311 discipuli.
3264 1246 3494 1312 apostoli
3529 1256 3584 1301 et

2005 1327 2371 1393 evangelistze,
2408 1328 2501 1397 qui
2540 1345 2634 1397 per
2672 1339 2845 1384 totum
2893 1332 3081 1386 orbem
3128 1337 3404 1389 caelestem
3464 1338 3584 1407 plu-

2003 1418 2149 1471 viam
2174 1419 2571 1487 impertientes,
2610 1437 2795 1475 vocem
2834 1423 3127 1485 dederunt,
3162 1427 3233 1479 ita
3274 1429 3411 1481 utin
3449 1445 3581 1482 om—

2003 1525 2129 1564 nem
2152 1517 2355 1565 terram
2378 1513 2573 1566 exierit
2598 1529 2767 1569 sonus
2791 1530 2999 1573 eorum,
3055 1527 3107 1570 et
3142 1517 3195 1570 in
3248 1518 3382 1573 ﬁnes
3427 1519 3580 1576 orbis

2002 1610 2164 1656 terra:
2204 1603 2366 1657 verba
2412 1604 2639 1658 eorum?
2668 1602 2793 1659 Ideo
2832 1606 3038 1658 dictum
3074 1618 3154 1661 est
3189 1626 3199 1659 :
3232 1606 3421 1678 (Vens.
3464 1608 3577 1681 i9.)

2011 1692 2201 1745 Vocem
2224 1692 2478 1745 dederunt
2500 1693 2681 1756 nubes,
2710 1697 2897 1748 etenim
2915 1697 3123 1765 sagitla'
3148 1708 3251 1750 tum
3277 1710 3573 1755 transeunt.

2002 1784 2265 1851 Quaenam
2291 1787 2521 1855 sagittae,
2557 1789 2661 1841 nisi
2706 1790 2975 1843 salutares
3012 1798 3064 1843 et
3094 1790 3279 1845 electae
3306 1793 3429 1858 illm,
3457 1809 3577 1863 qua:

2003 1878 2214 1932 animas
2252 1878 2487 1933 salutem
2524 1890 2915 1934 consecuturas
2969 1882 3467 1952 vulnerant,queis
3516 1900 3577 1941 se

2001 1968 2203 2024 Christi
2228 1985 2431 2038 sponsa
2454 1969 2698 2024 Ecclesia
2730 1972 3071 2025 vulneratam
3100 1974 3301 2028 latetur
3332 1975 3416 2030 his
3448 1992 3572 2030 ver-

2001 2059 2107 2118 bis,
2142 2058 2281 2124 Quia
2312 2061 2588 2114 vulnerata
2619 2079 2797 2116 amore
2825 2080 2941 2117 sum
2965 2064 3049 2117 '9?
3074 2064 3297 2135 Ipseque
3324 2066 3576 2124 Salvator

2000 2152 2196 2221 sagitta
2232 2160 2461 2206 vocatur
2502 2154 2642 2223 apud
2703 2155 3021 2225 pr0phetam
3052 2158 3344 2221 dicentem,
3380 2160 3570 2216 Posuit

1999 2259 2080 2297 me
2108 2245 2261 2313 quasi
2289 2246 2535 2315 sagittam
2586 2246 2827 2307 electam,
2860 2256 2909 2300 et
2952 2250 3004 2301 in
3034 2234 3282 2317 pharetra
3313 2268 3411 2305 sua
3447 2252 3574 2307 abs-

1998 2336 2175 2390 condit
2209 2354 2288 2391 me
2310 2338 2377 2392 ’°.
2429 2337 2533 2391 Sed
2564 2336 2743 2391 Patris
2769 2338 2985 2407 quidem
3011 2342 3205 2411 sagitta
3231 2344 3571 2413 unigenitum

1996 2426 2117 2496 ejus
2163 2424 2403 2480 Verbum
2454 2434 2608 2493 erat;
2650 2426 2772 2481 Filii
2813 2443 2941 2482 vero
2990 2432 3197 2500 sagittae
3241 2441 3398 2485 erant
3439 2450 3573 2505 apo-

1996 2520 2144 2583 stoli,
2178 2534 2393 2573 necnon
2421 2519 2601 2574 divina
2633 2528 2687 2575 et
2737 2521 2905 2590 ignita
2940 2522 3061 2591 ejus
3090 2524 3328 2593 eloquia.
3361 2525 3567 2591 Quam-

1994 2609 2181 2664 obrem
2217 2609 2270 2662 in
2305 2610 2517 2678 psalmo
2544 2611 2610 2663 de
2642 2609 2841 2663 dilecto
2865 2611 3067 2665 dicitur
3123 2632 3135 2667 :
3195 2612 3417 2683 Sagitta:
3466 2624 3570 2668 tua:

1994 2709 2185 2761 acutte,
2240 2700 2424 2768 populi
2450 2699 2544 2753 sub
2582 2709 2629 2753 te
2653 2700 2931 2757 cadent“.
2969 2703 3059 2757 Sic
3095 2706 3277 2774 itaque
3322 2704 3375 2760 in
3425 2722 3567 2777 prte-

1994 2790 2133 2844 senti
2162 2788 2366 2843 dictum
2395 2796 2479 2843 est
2523 2809 2536 2844 :
2583 2788 2791 2843 Etenim
2843 2794 3055 2861 sagitta:
3116 2804 3219 2847 tute
3270 2805 3565 2851 transeunt.

1991 2871 2128 2926 Nam
2156 2875 2366 2943 sagitta
2390 2875 2591 2930 Christi
2634 2878 2835 2946 ubique
2886 2879 3246 2947 praedicantes
3280 2898 3565 2951 percurre-

1989 2966 2155 3034 bant;
2191 2967 2311 3021 ideo
2345 2983 2519 3021 vocem
2550 2966 2804 3021 dederunt
2835 2970 3029 3031 nubes;
3083 2971 3177 3025 sed
3222 2975 3409 3038 etiam,
3469 2975 3570 3028 in-

1990 3058 2129 3130 quit,
2160 3073 2259 3112 vox
2291 3061 2509 3112 tonitrui
2533 3061 2611 3113 tui
2642 3061 2697 3113 in
2723 3072 2860 3116 rota.
2884 3060 3213 3117 Tonitruum
3268 3064 3355 3118 hic
3395 3081 3566 3119 evan-

312 3148 568 3220 ρύττοντα
589 3167 603 3179 ”
634 3149 714 3203 διὸ
741 3149 951 3219 φωνὴν
981 3150 1211 3205 ἔδωκαν·
1237 3154 1296 3205 αἱ
1324 3153 1572 3221 νεφέλαι
1594 3172 1607 3185 ’
1633 3153 1767 3207 ἀλλά
1795 3153 1887 3207 καὶ

1991 3151 2219 3222 gelicam
2251 3151 2692 3221 praedicationem
2725 3154 3055 3209 subindicat.
3090 3154 3243 3211 Sicut
3274 3158 3419 3211 enim
3456 3173 3566 3213 vox

305 3241 477 3308 Φωνὴ
504 3241 613 3307 τῆς
644 3240 1056 3311 βροντῆςσου,
1090 3245 1271 3315 φησιν,
1297 3246 1368 3298 έν
1388 3245 1468 3311 τῷ
1490 3245 1702 3313 τροχῷ·
1734 3245 1886 3317 βρον-

304 3334 405 3406 τὴν
435 3334 493 3388 δὲ
522 3334 755 3388 ἐνταῦθα
784 3336 844 3388 τὸ
877 3337 1138 3408 κήρυγμα
1174 3337 1236 3389 τὸ
1276 3339 1628 3407 εὐαγγελικὸν
1656 3340 1887 3393 αίνίττε-

304 3443 413 3480 ται.
486 3428 574 3490 Ὠς
607 3428 715 3497 γὰρ
757 3427 907 3498 φωνὴ
939 3426 1167 3499 βροντῆς
1196 3429 1445 3501 οὐράνιος
1475 3431 1733 3501 τυγχάνει
1765 3430 1883 3501 βοὴ,

305 3521 400 3574 καὶ
437 3522 614 3575 πᾶσαν
662 3520 1005 3593 ἀνθρωπίνην
1051 3522 1460 3591 ὑπερϐάλλουσα
1493 3523 1721 3595 δύναμιν
1745 3564 1759 3588 ,
1793 3525 1884 3579 τὸν

306 3612 467 3665 αὐτὸν
492 3612 690 3683 τρόπον
719 3613 811 3666 καὶ
837 3613 896 3665 τὸ
927 3613 1279 3682 εὐαγγελικὸν
1307 3617 1569 3686 κήρυγμα
1592 3658 1606 3682 ,
1636 3615 1884 3688 οὐράνιον

302 3705 586 3775 τυγχάνον,
616 3707 715 3758 ούκ
742 3705 1087 3777 ἀνθρωπίνην
1119 3710 1392 3777 περιεῖχεν
1418 3706 1591 3778 ἰσχύν.
1620 3708 1751 3761 Οὐδὲ
1776 3710 1883 3780 γάρ

304 3798 369 3851 ὲκ
401 3798 601 3869 θνητῆς
631 3797 824 3868 βουλῆς
852 3799 1103 3869 ὡρμᾶτοο
1153 3799 1249 3851 σὺν
1276 3798 1427 3869 θεῖκῇ
1459 3798 1517 3851 δὲ
1548 3798 1768 3869 δυνάμει
1792 3800 1883 3853 τὸν

307 3891 595 3960 σύμπαντα
623 3890 857 3961 ἐπλήρου
892 3890 1111 3961 κόσμον.
1154 3890 1244 3943 Διὸ
1274 3890 1368 3943 καὶ
1398 3891 1522 3954 τοὺς
1553 3890 1882 3956 ἀποστόλους

304 3982 466 4035 αὐτοῦ
486 3983 514 4034 6
536 3983 726 4053 Σωτὴρ
746 3981 1083 4051 βοανῆργες
1105 3981 1404 4052 ὠνόμαζεν,
1434 3983 1569 4052 ὅπερ
1590 3982 1882 4055 ἑρμηνεύε-

304 4092 393 4129 ται
418 4074 835 4143 υΙοὶβροντῆς.
852 4074 1058 4128 Οὐκοῦν
1076 4075 1170 4128 καὶ
1192 4072 1424 4127 ἐνταῦθα
1442 4074 1749 4138 ἀκολούθως
1769 4077 1881 4139 τοῖς

303 4163 610 4237 ἔμπροσθεν
642 4166 851 4236 εἴρηται
872 4181 884 4193 °
918 4164 1089 4232 Φωνὴ
1124 4164 1234 4231 τῆς
1259 4163 1526 4233 βροντῆς
1558 4180 1673 4217 σου
1702 4164 1771 4217 ἐν
1801 4161 1881 4229 τῷ

301 4254 511 4326 τροχῷ.
544 4256 747 4327 Τροχὸν
770 4256 829 4309 δὲ
859 4256 1111 4328 σημαίνει
1137 4255 1227 4308 τὸν
1256 4254 1545 4325 σύμπαντα
1576 4253 1688 4323 βίον
1706 4270 1720 4284 °
1757 4253 1882 4307 ἐπεὶ

302 4349 395 4402 καὶ
420 4350 477 4401 ὲν
504 4348 581 4419 τῷ
625 4348 870 4419 Ἐζεκιὴλ
900 4347 1091 4419 τροχὸς
1121 4351 1177 4400 ὲν
1205 4346 1385 4418 τροχῷ
1417 4346 1662 4399 λέλεκται
1688 4348 1716 4398 6
1745 4344 1880 4415 σύμ-

302 4459 411 4505 πας
429 4440 538 4494 τῶν
565 4439 866 4509 ἀνθρώπων
902 4440 1032 4510 βίος.
1063 4440 1217 4492 Ἔστι
1250 4439 1348 4510 μὲν
1374 4434 1466 4492 οὖν
1499 4438 1692 4509 τροχὸς
1713 4438 1741 4489 6
1785 4437 1878 4490 κό-

1988 3245 2215 3297 tonitrui
2263 3245 2502 3299 caelestis
2539 3245 2752 3299 sonitus
2791 3254 2895 3313 est,
2926 3248 3325 3318 humanamque
3346 3264 3565 3305 omnem

1987 3336 2245 3391 virtutem
2267 3344 2593 3406 exsuperat;
2629 3337 2710 3391 sic
2761 3344 2814 3391 et
2866 3342 3179 3409 evangelica
3227 3341 3562 3409 praedicatio,

1987 3428 2229 3483 caelestis
2253 3445 2378 3482 cum
2405 3429 2496 3495 sit,
2532 3442 2643 3482 non
2678 3428 2915 3481 humana
2946 3431 3144 3483 virtute
3178 3430 3399 3499 praedita
3424 3438 3561 3484 erat.

1986 3518 2172 3589 Neque
2206 3520 2353 3574 enim
2386 3535 2453 3574 ex
2476 3518 2691 3573 mortali
2730 3518 3011 3573 voluntate
3033 3521 3306 3590 prodibat,
3338 3519 3431 3575 sed
3473 3520 3561 3573 di-

1984 3614 2111 3668 vina
2144 3620 2414 3683 potestate
2443 3620 2617 3667 totum
2650 3614 2909 3683 implebat
2937 3613 3145 3667 urbem.
3182 3611 3392 3665 Idcirco
3423 3627 3560 3680 apo-

1985 3707 2156 3760 stolos
2205 3720 2336 3761 suos
2383 3704 2642 3760 Servator
2692 3706 2985 3774 Boanerges
3021 3705 3376 3775 nuncupavit,
3417 3703 3561 3772 quod

1986 3798 2259 3870 signiﬁcat
2294 3798 2436 3866 ﬁlios
2487 3800 2729 3853 tonitrui.
2780 3797 2881 3851 Hic
2930 3802 3113 3867 itaque
3162 3806 3562 3866 consequenter

1984 3892 2055 3945 ad
2092 3892 2276 3962 priora
2301 3892 2507 3945 dictum
2530 3900 2634 3957 est,
2684 3891 2798 3945 Vox
2822 3891 3044 3944 tonitrui
3079 3892 3156 3944 tui
3185 3891 3238 3944 in
3273 3902 3412 3945 rota.
3448 3887 3561 3943 Ro-

1983 3987 2092 4033 tam
2124 3980 2276 4044 dicit,
2313 3987 2484 4034 totam
2514 3982 2678 4035 vitam
2726 3982 3043 4051 signiﬁcans
3082 4000 3095 4035 :
3148 3996 3274 4035 nam
3329 3981 3383 4035 in
3434 3978 3561 4034 Eze-

1983 4075 2157 4130 chiele
2193 4077 2238 4108 ⁹²
2271 4084 2382 4129 tota
2418 4075 2700 4129 hominum
2745 4075 2855 4128 vita
2897 4083 3014 4127 rota
3060 4074 3112 4127 in
3158 4081 3277 4127 rota
3332 4072 3555 4127 dicitur.

1982 4166 2121 4221 Rota
2152 4168 2277 4222 item
2310 4177 2394 4223 est
2420 4166 2657 4221 mundus
2700 4166 2793 4236 qui
2839 4165 3105 4236 sphaarica
3143 4164 3315 4218 forma
3337 4171 3441 4222 est,
3476 4171 3557 4217 at-

1981 4277 2088 4331 quc
2112 4261 2167 4314 in
2197 4260 2464 4315 circulum
2489 4268 2758 4313 movetur.
2793 4257 2891 4311 Hic
2921 4264 3103 4310 autem
3130 4266 3247 4310 rota
3269 4264 3351 4311 est
3382 4256 3557 4310 homi-

1982 4370 2112 4408 num
2141 4353 2274 4415 vita,
2310 4367 2431 4422 qum
2480 4351 2809 4407 indesinenti
2858 4350 3217 4405 conversione
3250 4355 3498 4403 movetur
3535 4367 3553 4406 :

1982 4462 2104 4516 quae
2125 4460 2292 4499 causa
2322 4451 2406 4499 est
2435 4451 2495 4499 ut
2532 4450 2650 4497 rota
2693 4444 2746 4497 in
2783 4450 2899 4497 rota
2931 4442 3075 4497 dicta
3125 4442 3304 4495 fuerit.
3357 4438 3559 4495 Secun-

304 4551 437 4605 σμος
466 4533 806 4605 σφαιροειδὴς
821 4532 915 4597 ὣν,
946 4531 1422 4604 κυκλοφορητικῶς
1450 4550 1508 4585 τε
1542 4532 1876 4602 κινούμενος.

1991 4535 2114 4590 dum
2144 4533 2395 4603 Aquilam
2427 4548 2580 4593 vero,
2621 4531 2734 4586 Vox
2756 4533 2975 4584 tonitrui
3002 4532 3079 4583 tui
3109 4532 3160 4583 in
3192 4539 3342 4592 rota;
3366 4543 3555 4583 secun-

314 4624 573 4677 Ἐνταῦθα
597 4625 652 4677 δὲ
676 4624 867 4695 τροχὸς
887 4626 915 4677 6
935 4624 1043 4676 τῶν
1066 4624 1162 4677 ἀνθ
1173 4622 1367 4695 ρώπων
1394 4624 1510 4676 ἐστὶ
1536 4623 1667 4693 βίος,
1700 4625 1877 4678 ἀπαυ-

303 4733 423 4770 στον
452 4717 550 4789 τὴν
586 4718 821 4789 στροφὴν
853 4716 1197 4788 ποιούμενος·
1255 4715 1334 4768 διὸ
1366 4716 1459 4768 καὶ
1486 4714 1680 4786 τροχὸς
1714 4717 1771 4767 ὲν
1800 4714 1878 4787 τῷ

299 4808 477 4881 τροχῷ
500 4809 732 4879 εἴρηται.
756 4808 912 4860 Κατά
936 4808 991 4860 δὲ
1010 4808 1100 4860 τὸν
1136 4807 1385 4869 Ἀκύλαν,
1414 4805 1585 4875 Φωνὴ
1610 4805 1879 4875 ,βροντῆς

300 4915 415 4953 σου
450 4899 519 4952 ἐν
550 4899 630 4963 τῷ
668 4897 856 4967 τροχῷ
877 4917 889 4929 ·
928 4898 1067 4951 κατά
1096 4900 1153 4952 δὲ
1180 4899 1267 4952 τὸν
1302 4897 1633 4968 Σύμμαχον,
1689 4892 1879 4965 Ἦχος

292 4988 557 5057 ,βροντῆς
581 5004 696 5044 σου
727 4990 796 5043 έν
816 4988 894 5054 τῷ
912 4990 1103 5059 τροχῷ
1122 5008 1134 5020 ·
1161 4990 1299 5043 κατὰ
1328 4990 1384 5042 δὲ
1414 4989 1503 5041 τὸν
1528 4988 1872 5053 Θεοδοαίωνα,

298 5080 469 5146 Φωνὴ
492 5078 759 5149 βροντῆς
784 5095 900 5133 σου
920 5082 988 5134 ἐν
1011 5079 1089 5145 τῷ
1111 5079 1318 5149 τροχῷ.
1353 5080 1462 5133 Καὶ
1488 5080 1584 5133 θέα
1604 5080 1751 5143 ὅπως
1777 5096 1875 5131 κα-

297 5172 365 5226 τὰ
394 5172 601 5235 πάντας
622 5175 747 5235 τοὺς
776 5172 1111 5243 ὲρμηνευτάς
1134 5172 1347 5241 τροχὸς
1373 5172 1684 5242 ὠνόμασται
1706 5189 1716 5200 ·
1755 5171 1875 5223 ἐπεὶ

299 5264 391 5315 καὶ
419 5264 453 5333 ἡ
496 5262 759 5332 Ἐϐραῖκὴ
786 5261 931 5327 λέξις
952 5262 1256 5331 βαγελγὲλ
1285 5261 1547 5333 περιέχει,
1567 5262 1701 5332 ὅπερ
1727 5259 1873 5313 ἐστὶν

296 5354 364 5406 ἐν
396 5352 476 5418 τῷ
501 5351 719 5421 τροχῷο
779 5353 919 5406 οὕτω
953 5352 1008 5405 δὲ
1051 5352 1365 5422 ὠνόμασται
1400 5354 1490 5405 καὶ
1524 5353 1581 5404 ὲν
1617 5351 1693 5422 τῷ
1728 5351 1873 5415 Ἐζε-

297 5446 439 5517 κιήλ.
471 5446 639 5499 Ἔνθα
665 5446 970 5515 γενόμενος,
995 5444 1449 5519 παρασημειώσῃ,
1480 5446 1555 5509 ὡς
1577 5444 1672 5498 καὶ
1696 5446 1728 5515 ἡ
1755 5443 1875 5498 θεία

300 5536 487 5609 Γραφὴ
511 5536 572 5589 τὸ
604 5536 856 5606 περιέχον
879 5536 1072 5607 τροχὸς
1092 5532 1221 5589 οἶδε.
1265 5537 1355 5588 Διὸ
1375 5535 1686 5605 σφαιροειδῆ
1711 5552 1876 5605 φασιν

295 5623 433 5688 εἶναι
481 5627 573 5680 τὸν
620 5626 839 5698 κόσμον.
910 5628 1060 5681 Ἐπεὶ
1102 5628 1195 5682 καὶ
1228 5629 1285 5680 έν
1311 5626 1388 5697 τῷ
1420 5625 1623 5697 Ἔσδρα
1651 5625 1681 5677 6
1710 5626 1876 5697 Ζοροε

1976 4627 2105 4682 dum
2147 4625 2558 4697 Symmachum,
2593 4622 2814 4681 Sonitus
2845 4625 3065 4677 tonitrui
3088 4624 3163 4675 tui
3190 4625 3242 4675 in
3286 4631 3436 4684 rota;
3464 4636 3553 4675 se-

1975 4719 2221 4773 cundum
2256 4717 2711 4780 Theodotionem,
2753 4717 2862 4771 Vox
2896 4715 3118 4770 tonitrui
3176 4715 3252 4767 tui
3301 4714 3353 4766 in
3410 4720 3549 4767 rota.

1977 4808 2043 4863 Et
2071 4810 2484 4865 animadvertas
2533 4809 2693 4863 velim
2731 4806 3031 4863 secundum
3069 4820 3258 4859 omnes
3287 4803 3554 4871 interpre-

1978 4908 2082 4964 tes,
2115 4909 2253 4957 rota.
2290 4900 2498 4953 dictum
2526 4899 2693 4954 fuisse
2731 4899 2895 4969 :quia
2932 4897 3195 4951 Hebraica
3225 4896 3409 4961 lectio,
3440 4894 3547 4947 Ba-

1978 4991 2162 5060 gelgel,
2190 4989 2529 5053 circumfert,
2564 4991 2616 5043 id
2642 4999 2727 5045 est
2756 4990 2807 5042 in
2828 4999 2946 5041 rota
2968 5004 2985 5051 ;
3011 4988 3090 5042 sic
3120 4994 3298 5040 autem
3326 4988 3379 5038 in
3410 4984 3546 5039 Eze-

1976 5082 2150 5138 chiele
2178 5096 2396 5152 quoque
2418 5090 2662 5136 vocatur.
2687 5080 2802 5135 Huc
2814 5096 2937 5135 cum
2961 5079 3267 5144 deveneris,
3290 5077 3553 5132 observes

1974 5174 2133 5229 velim
2177 5173 2417 5227 divinam
2455 5172 2795 5243 Scripturam
2828 5171 2879 5225 id
2905 5171 3047 5241 quod
3096 5170 3551 5239 circumpositum

1972 5272 2056 5321 est
2076 5278 2174 5333 pro
2196 5270 2315 5317 rota
2352 5263 2573 5317 habere.
2598 5262 2781 5328 Quare
2824 5261 3085 5315 mundum
3121 5264 3185 5313 ad
3220 5261 3445 5329 sphaarre
3474 5261 3550 5314 si-

1983 5351 2344 5407 militudinem
2378 5350 2740 5405 constitutum
2774 5350 2947 5403 aiunt.
2979 5347 3111 5401 Nam
3149 5349 3203 5401 in
3233 5348 3404 5402 Esdra
3443 5346 3551 5401 Zo-

1982 5442 2206 5498 robabel
2236 5442 2483 5497 victoria:
2514 5440 2795 5511 praemium
2825 5456 2855 5493 a
2898 5456 3025 5510 rege
3052 5442 3368 5509 reportavit,
3400 5449 3555 5509 post-

1982 5547 2146 5605 quam
2179 5532 2390 5587 dixerat
2420 5551 2434 5587 :
2472 5532 2726 5602 Magnum
2747 5541 2824 5586 est
2856 5533 3062 5598 calum,
3097 5542 3145 5586 et
3188 5548 3405 5601 magnus
3446 5534 3555 5597 σοι,

1982 5626 2108 5697 quia
2136 5625 2352 5679 vertitur
2372 5625 2423 5679 in
2438 5626 2659 5679 circuitu
2676 5625 2809 5687 curti,
2831 5632 2881 5677 et
2898 5624 3172 5679 revertitur
3195 5624 3251 5678 in
3277 5624 3557 5693 proprium

364 5806 411 5839 ⁸⁸
449 5804 553 5861 lsa.
588 5821 641 5870 γ,
679 5804 731 5859 6.
807 5802 1049 5878 "-Cant.
1093 5804 1224 5858 ".5.
1300 5805 1344 5837 ὀ
1389 5820 1490 5860 .sa.
1536 5819 1681 5869 thx,
1710 5803 1776 5874 ξε.
1853 5804 1891 5835 ⁹¹

1991 5804 2093 5859 sal.
2129 5819 2275 5870 xuv,
2312 5801 2365 5857 6.
2444 5804 2488 5835 "
2530 5800 2727 5857 Ezecb.
2763 5817 2819 5870 t,
2859 5800 2942 5857 ιο.
