4126 6400
494 406 600 464 899

1230 400 1499 456 EUSEBJI
1552 398 2030 456 CAESARIENSIS
2070 395 2220 452 OPP.
2264 393 2446 448 PARS
2473 393 2558 448 111.
2597 423 2664 435 —
2695 389 3103 447 EXECETICA.

3639 391 3747 449 σου

495 525 667 578 locum
696 524 751 577 in
784 539 887 576 uno
922 521 1005 575 die
1030 521 1095 574 ’3.
1133 521 1263 586 Qua:
1291 520 1592 574 secundum
1626 518 1906 590 physicam
1937 531 2064 570 con-

2168 513 2334 568 ϐάόελ
2352 513 2418 566 τὰ
2439 513 2728 596 νικητήρια
2745 510 3095 581 ἀπηνέγκατο
3114 507 3261 580 παρὰ
3278 507 3356 579 τῷ
3379 507 3586 578 βασιλεῖ
3604 511 3748 582 εἰρη-

495 616 878 668 siderationem
913 613 1056 666 dicta
1083 613 1215 666 sint.
1243 611 1367 666 Haec
1391 628 1575 682 porro,
1595 627 1716 681 qua:
1741 618 2062 672 tractamus,

494 706 790 773 evangelici
834 703 924 756 Dei
975 703 1240 758 adventus
1271 704 1525 757 virtutem
1563 704 1958 767 vaticinantur;
2009 708 2066 753 ut.

495 800 746 851 videlicet
779 799 897 865 ejus
955 814 1118 868 opera
1175 799 1466 850 multitudo
1498 798 1738 866 gentium
1775 796 1940 847 Deum
1973 810 2066 846 co-

495 889 760 952 gnoverit,
798 888 1246 958 abyssi'turhatte
1283 887 1505 947 fuerint,
1551 893 1865 938 memoratae
1895 884 2066 936 nubes

493 995 679 1032 vocem
718 979 998 1043 dederint;
1037 981 1247 1055 sagitta:
1263 979 1382 1048 ejus
1410 979 1752 1042 transierint,
1777 986 1944 1045 utque
1965 990 2066 1027 vox

485 1070 725 1125 tonitrui
762 1069 880 1137 ejus
910 1070 1070 1124 fuerit
1096 1071 1148 1122 in
1174 1077 1323 1135 rota;
1365 1070 1430 1123 ad
1471 1070 1583 1122 haec
1614 1084 1742 1122 vero
1773 1067 1977 1130 omnia,
2007 1074 2066 1118 ut

494 1160 709 1229 fulgura
742 1161 862 1228 ejus
896 1161 949 1213 in
981 1160 1113 1213 orbe
1137 1162 1509 1230 apparuerint.
1541 1159 1672 1226 Qua:
1705 1159 1915 1228 fulgura
1947 1157 2066 1226 ejus

493 1268 615 1306 esse
641 1252 866 1314 dixeris,
903 1253 1009 1306 nisi
1069 1252 1414 1322 splendorem
1467 1253 1859 1306 charismatum
1895 1250 2064 1304 sancti

497 1343 738 1413 Spiritus
769 1347 860 1414 qui
895 1360 990 1412 per
1025 1353 1196 1397 totum
1227 1346 1414 1399 orbem
1447 1345 1724 1414 fulgurat?
1766 1342 1908 1396 Nam
1943 1343 2068 1395 diri-

495 1435 666 1488 siones
695 1437 990 1505 gratiarum
1037 1447 1182 1500 sunt,
1242 1438 1377 1490 idem
1412 1455 1528 1492 vero
1562 1436 1811 1505 Spiritus.
1865 1435 1932 1489 Et
1971 1437 2066 1489 atii

495 1526 702 1594 quidem
765 1541 856 1592 per
906 1524 1164 1594 Spiritum
1205 1526 1368 1580 datur
1405 1544 1574 1581 sermo
1629 1527 1924 1595 sapientia’,
1971 1526 2066 1578 alii

496 1632 668 1669 sermo
703 1618 956 1680 scientiae,
993 1618 1089 1670 alii
1119 1619 1347 1686 ﬁdes“,
1395 1629 1448 1673 et
1502 1627 1719 1673 caetera.
1777 1618 1907 1683 Qua1
1942 1633 2064 1671 cum

495 1711 812 1779 pratstantia
843 1712 1030 1796 gratiae
1056 1710 1151 1766 Dei
1181 1713 1323 1765 dona
1360 1713 1490 1775 sint,
1519 1729 1616 1767 ceu
1644 1713 1855 1782 fulgura
1882 1711 2068 1765 Eccle-

497 1803 632 1856 siam
670 1803 790 1871 ejus
822 1804 1121 1858 illustrant.

2169 607 2297 668 κὼς·
2325 604 2523 674 Μέγας
2540 608 2570 657 ὀ
2587 602 2860 671 οὐρανὸς,
2882 602 2976 653 καὶ
3000 599 3187 670 μέγας
3204 603 3236 653 d
3254 600 3445 667 ἣλιος,
3465 601 3554 653 ὅτι
3577 604 3748 668 στρέ-

2168 716 2336 767 φεται
2367 697 2436 750 ἐν
2466 695 2545 760 τῷ
2573 697 2776 760 κύκλῳ
2799 694 2902 746 τοῦ
2924 693 3203 762 οὐρανοῦ,
3235 693 3330 744 καί
3357 693 3749 761 ἐπανέρχεται

2167 795 2253 857 εἰς
2282 789 2388 842 τὸν
2414 787 2569 839 ἴδιον
2599 786 2783 838 τόπον
2811 785 2880 836 ἐν
2912 783 3100 852 ἡμέρῃ
3127 781 3251 851 μιᾷ.
3301 783 3486 835 Ταῦτα
3524 785 3620 853 μὲν
3652 781 3748 837 οὖν

2169 883 2309 936 κατὰ
2353 879 2584 950 φυσικήν
2615 878 2864 950 Θεωρίαν.
2928 876 3008 928 Τὰ
3037 876 3092 927 δὲ
3131 875 3466 946 προκείμενα
3501 874 3745 939 θεσπίζει

2167 977 2266 1045 τῆς
2294 973 2648 1042 εύσγγελικῆς
2678 968 2998 1039 θεοφανείας
3030 969 3126 1038 τὴν
3161 968 3384 1038 δύναμιν
3410 985 3422 997 ·
3457 969 3546 1020 καὶ
3574 967 3744 1031 ὡςδϋ

2169 1068 2336 1138 αὐτῆς
2361 1067 2428 1119 τὰ
2458 1064 2634 1135 πλήθη
2675 1065 2768 1134 μὲν
2805 1061 2912 1115 τῶν
2940 1061 3106 1113 ἐθνῶν
3123 1061 3219 1112 τὸν
3247 1061 3377 1112 Θεὸν
3406 1060 3616 1128 ἐπέγνω
3641 1102 3656 1125 ,
3687 1061 3745 1114 αἱ

2167 1161 2222 1213 δὲ
2250 1160 2474 1214 ἄϐυσσοι
2503 1155 2882 1227 ἐταράχθησαν
2905 1195 2919 1218 ,
2953 1155 3008 1206 αἱ
3035 1154 3090 1206 δὲ
3127 1153 3504 1225 προλεχθεῖσαι
3529 1153 3748 1222 νεφέλαι

2168 1253 2373 1305 ἔδωκαν
2399 1253 2580 1322 φωνὴν
2599 1293 2612 1316 ,
2651 1251 2743 1302 καὶ
2777 1250 2915 1302 ὥστε
2943 1249 3011 1302 τὰ
3041 1247 3164 1319 βέλη
3201 1246 3366 1300 αὐτοῦ
3399 1246 3744 1318 διεπορεύθη,

2169 1344 2262 1396 καὶ
2305 1344 2379 1406 ὡς
2413 1343 2560 1414 φωνὴ
2596 1343 2695 1411 τῆς
2725 1342 2948 1412 βροντῆς
2979 1339 3141 1392 αὐτοῦ
3178 1340 3398 1407 γέγονεν
3431 1340 3488 1390 ἐν
3519 1337 3596 1406 τῷ
3623 1353 3749 1408 τρο-

2169 1433 2274 1504 χῷ·
2318 1434 2411 1486 καὶ
2463 1433 2554 1484 ἐπὶ
2603 1433 2735 1484 πᾶσι
2775 1430 2986 1492 τούτοις
3030 1431 3103 1490 ὼς
3142 1429 3341 1496 ἕφαναν
3376 1429 3430 1480 αί
3459 1425 3749 1497 ἶάστραπαὶ

2169 1525 2329 1579 αὑτοῦ
2349 1527 2414 1595 τῇ
2439 1524 2748 1596 οἰκουμένῃ.
2783 1524 2948 1585 Τίνας
2972 1522 3014 1573 δ’
3049 1521 3114 1574 ἂν
3148 1524 3323 1584 εἴποις
3344 1519 3443 1583 τὰς
3462 1518 3747 1590 ἀστραπὰς

2169 1618 2329 1672 αὑτοῦ
2355 1619 2388 1689 ἢ
2417 1617 2484 1669 τὰ
2507 1616 2682 1685 φέγγη
2706 1613 2814 1666 τῶν
2835 1613 2928 1666 τοῦ
2955 1612 3112 1680 ἁγίου
3135 1611 3274 1664 Πνεύ
3285 1627 3451 1680 ματος
3470 1627 3537 1679 χα
3549 1608 3747 1680 ρισμά-

2168 1729 2274 1764 των
2298 1709 2365 1762 τὰ
2391 1708 2770 1778 ἀστράπτοντα
2795 1705 2915 1758 καθ’
2939 1704 3068 1774 ὅλης
3094 1703 3193 1772 τῆς
3219 1703 3572 1772 οἰκουμένης;
3604 1703 3750 1754 Διαι-

2161 1800 2365 1868 ρέσεις
2397 1797 2505 1866 γὰρ
2536 1793 2917 1864 χαρισμάτων
2943 1792 3060 1845 εὶσί
3079 1830 3093 1854 ,
3128 1789 3200 1844 τδ
3217 1791 3284 1844 δὲ
3307 1790 3452 1844 αὐτὸ
3484 1787 3744 1857 Πνεῦμα.

493 1894 605 1948 Καὶ
634 1893 679 1959 ᾦ
701 1895 817 1963 μὲν
844 1896 940 1949 διὰ
973 1895 1078 1949 τοῦ
1109 1899 1454 1967 Πνεύματος
1487 1899 1713 1954 δίδοται
1740 1900 1920 1966 λόγος
1963 1898 2202 1966 σοφίας,
2227 1895 2325 1947 καὶ
2361 1893 2528 1958 ἄλλῳ
2577 1891 2759 1958 λόγος
2805 1886 3098 1957 γνώσεως,
3152 1886 3250 1939 καὶ
3302 1886 3470 1953 ἄλλῳ
3523 1886 3746 1949 πίστις,

495 1987 675 2039 καὶτὰ
697 1987 1095 2050 λοιπά-ἅτινα,
1157 1988 1408 2058 ἐξαίρετα
1446 1990 1576 2045 ὄντα
1607 1991 1700 2044 τοῦ
1741 1990 1875 2044 Θεοῦ
1926 1991 2274 2063 χαρίσματα,
2329 1985 2689 2056 ἐξαστράπτει
2736 1982 2829 2035 καὶ
2881 1980 3225 2051 καταλάμπει
3276 1980 3376 2050 τὴν
3425 1977 3750 2050 Ἐκκλησίαν

493 2085 674 2139 αὐτοῦ.

567 2202 847 2259 νεηε.20.
892 2204 955 2259 1η
991 2207 1127 2260 mari
1151 2207 1236 2259 via
1274 2214 1366 2260 tua
1390 2215 1439 2260 et
1483 2209 1809 2263 semittetua:
1841 2209 1896 2261 in
1919 2207 2069 2278 aquis
2105 2208 2145 2265 Β

495 2296 697 2358 multis,
721 2305 770 2349 et
801 2298 1019 2366 vestigia
1052 2307 1145 2350 tua
1176 2315 1278 2351 non
1315 2309 1712 2369 cognoscentur.
1746 2299 2063 2369 Congruen-

495 2395 578 2441 ter
604 2386 716 2456 jam
739 2388 974 2452 traditis,
1005 2405 1276 2444 concussa
1292 2399 1346 2443 et
1371 2397 1645 2444 commota
1667 2397 1751 2444 est
1773 2399 1939 2444 terra.
1959 2388 2065 2444 Pro

496 2482 593 2535 illo
623 2481 791 2546 enim,
845 2493 896 2537 et
950 2484 1283 2546 contremuit,
1337 2483 1637 2538 secundum
1681 2498 1870 2538 omnes
1904 2483 2068 2536 inter-

496 2583 701 2643 pretes,
749 2582 798 2627 et
845 2584 1104 2628 commota
1136 2584 1235 2637 est,
1289 2575 1514 2631 dicitur.
1555 2575 1632 2628 Eo
1686 2587 1865 2631 autem
1905 2575 2066 2629 modo

496 2671 770 2718 commota
799 2671 883 2718 est
916 2673 1081 2728 terra,
1132 2681 1241 2735 quo
1303 2666 1504 2721 dicitur
1544 2667 1597 2720 in
1642 2665 1950 2736 Evangeliis
1981 2667 2064 2718 ’δε

497 2750 570 2807 Ει
594 2754 1216 2822 ingredienteSalvatore
1245 2755 1692 2827 Hierosolymam,
1707 2767 1968 2810 commota
1989 2766 2066 2811 est

499 2846 672 2899 omnis
711 2846 894 2899 civitas
925 2845 1124 2911 dicens,
1156 2848 1287 2912 Quis
1311 2857 1388 2902 est
1413 2849 1537 2904 hic?
1579 2848 1731 2903 Sicut
1775 2850 1920 2903 enim
1972 2864 2070 2918 per

499 2936 684 2990 locum
741 2937 843 3005 ipsi
878 2939 1116 2994 civitatis
1151 2939 1342 2994 incolae
1374 2941 1749 3011 designantur,
1786 2941 1859 2994 ita
1883 2950 1938 2996 et
1967 2942 2068 2995 hoc

502 3025 625 3079 loco
685 3028 832 3095 ipsos
875 3037 1038 3083 terra:
1086 3029 1296 3084 incolas
1341 3038 1644 3085 commotos
1676 3039 1730 3085 et
1768 3045 2068 3086 concussos

499 3132 623 3171 esse
656 3117 878 3172 dicitur.
930 3118 1112 3184 Quare
1166 3135 1232 3174 ex
1284 3120 1600 3189 evangelica
1653 3122 2066 3190 praedicatione,

501 3208 558 3262 in
593 3208 964 3262 testimonium
993 3210 1249 3265 omnibus
1279 3212 1532 3280 gentibus
1579 3213 1924 3281 annuntiata,
1951 3230 2070 3288 om-

501 3297 654 3351 nium
710 3312 872 3352 aures
903 3306 1192 3353 commota:
1247 3309 1398 3354 sunt.
1429 3300 1846 3372 .Consequenter
1886 3314 2068 3359 autem

501 3402 773 3443 concussa
824 3397 879 3442 et
929 3397 1200 3444 commota
1253 3403 1340 3447 est
1386 3399 1532 3447 terra
1585 3402 1806 3465 propter
1837 3410 1901 3450 ea
1949 3412 2070 3466 quae

500 3478 656 3550 prius
689 3479 886 3532 tradita
913 3488 1060 3535 sunt.
1095 3479 1227 3534 Nam
1259 3483 1305 3536 si
1348 3483 1647 3538 illuxerunt
1695 3485 1910 3555 fulgura
1948 3487 2069 3556 ejus

2255 2199 2351 2251 Ἐν
2384 2195 2458 2266 τῇ
2491 2195 2772 2263 θαλάσσῃ
2807 2194 2845 2260 ἠ
2883 2193 3019 2258 ὁδός
3053 2207 3169 2246 σου
3208 2193 3305 2246 καί
3334 2211 3392 2249 αι
3421 2197 3600 2263 τρῖϐοι
3630 2211 3752 2251 σου

2164 2293 2233 2345 ἐν
2259 2291 2437 2343 ὕδασι
2483 2285 2755 2352 πολλοῖς,
2793 2285 2988 2338 καὶτὰ
3031 2285 3170 2354 ἴχνη
3210 2300 3325 2338 σου
3361 2288 3432 2339 οὺ
3482 2287 3749 2356 γνωσθή-

2165 2397 2394 2438 σοιται.
2451 2378 2784 2441 Ἀκολούθως
2834 2381 2948 2441 τοῖς
3007 2377 3418 2448 ἀποδεδομένοις
3478 2380 3746 2453 ἐσαλεύθη

2167 2475 2259 2527 καὶ
2303 2471 2520 2543 ἐσείσθη
2574 2470 2736 2542 ήγῆ.
2781 2469 2927 2522 Ἀντί
2975 2469 3081 2539 γὰρ
3135 2468 3252 2532 τοῦ,
3301 2469 3395 2522 καί
3441 2472 3745 2540 ἔντρομος,

2168 2567 2309 2620 κατὰ
2341 2567 2545 2628 πάντας
2567 2565 2694 2627 τοὺς
2725 2562 3084 2634 ἐρμηνευτὰς,
3115 2563 3210 2615 καὶ
3239 2563 3484 2631 ἐσείσθη
3511 2563 3743 2635 εἴρηται.

2169 2658 2324 2712 Οὕτω
2353 2657 2408 2710 δέ
2441 2656 2660 2725 ἐσείσθη
2703 2659 2735 2726 ἡ
2777 2657 2869 2725 γῆ,
2903 2655 2978 2719 ὡς
3016 2654 3228 2726 εἴρηται
3276 2657 3332 2707 ἐν
3354 2655 3744 2723 Εὑαγγελίοις,

2167 2754 2276 2807 Καὶ
2343 2754 2725 2816 εἰσελθόντος
2771 2750 2874 2803 τοῦ
2927 2748 3198 2818 Σωτῆρος
3239 2751 3324 2815 εἷς
3369 2749 3748 2820 Ἰεροσόλυμα

2167 2847 2414 2914 ἐσείσθη
2445 2843 2612 2899 πᾶσα
2636 2844 2673 2910 ἠ
2705 2844 2883 2908 πόλις
2907 2841 3204 2911 λέγουσα·
3240 2843 3334 2907 Τίς
3353 2842 3525 2895 ἐστιν
3546 2839 3746 2907 οὗτος

2181 2942 2266 3004 Ὡς
2308 2940 2415 3010 γὰρ
2443 2941 2490 2992 οἱ
2536 2937 2633 3008 τὴν
2681 2938 2833 2991 πόλιν
2882 2936 3155 3000 οἰκοῦντες
3193 2935 3479 3006 ἐδηλοῦντο
3525 2935 3614 2989 διὰ
3651 2933 3744 2989 τοῦ

2169 3034 2354 3095 τόπου,
2383 3031 2522 3085 κατὰ
2560 3031 2650 3083 τὸν
2683 3031 2844 3084 αὐτὸν
2873 3029 3074 3102 τρόπον
3111 3030 3206 3083 καὶ
3239 3030 3330 3083 νῦν
3361 3031 3486 3092 τοὺς
3517 3028 3615 3100 τὴν
3643 3029 3746 3100 γῆν

2169 3123 2450 3186 οἰκοῦντας
2487 3122 2810 3191 κλονηθῆναί
2840 3138 2971 3192 φησι
3008 3121 3104 3174 καὶ
3139 3121 3413 3192 σεισθῆναι
3446 3121 3506 3173 τὸ
3543 3120 3744 3189 λόγιον.

2171 3213 2262 3266 Διὸ
2297 3215 2447 3266 πᾶσα
2477 3213 2613 3284 ἀκοὴ
2640 3212 2922 3282 κεκίνηται
2955 3213 3019 3264 ἐκ
3058 3210 3150 3264 τοῦ
3182 3209 3536 3279 εύαγγελικοῦ
3573 3209 3747 3282 κηρύ-

2171 3324 2379 3377 γματος
2405 3308 2482 3369 εἰς
2529 3305 2827 3377 μαρτύριον
2877 3307 3009 3358 πᾶσι
3040 3309 3151 3368 τοῖς
3197 3303 3372 3356 ἔθνεσι
3407 3306 3751 3376 κεκηρυγμέ-

2173 3417 2284 3454 νου.
2324 3398 2654 3461 Ἀκολούθως
2696 3397 2751 3450 δέ
2793 3397 3060 3466 ἐσαλεύθη
3102 3399 3195 3451 καὶ
3245 3397 3460 3468 ἐσείσθη
3513 3399 3545 3468 ἡ
3591 3383 3747 3469 γῆ,’ῆ

2173 3488 2436 3558 ἐκλονήθη
2478 3487 2565 3540 διὰ
2593 3488 2660 3540 τὰ
2693 3487 2999 3558 ἔμπροσθεν
3025 3487 3344 3560 λελεγμένα.
3382 3489 3445 3541 El
3479 3488 3586 3559 γὰρ
3617 3488 3750 3555 ἐφα-

499 3569 620 3623 orbi
643 3576 822 3632 terrae,
854 3570 899 3623 si
935 3585 1035 3625 vox
1065 3572 1291 3626 tonitrui
1323 3573 1444 3642 ejus
1479 3575 1723 3630 insonuit
1755 3577 1814 3631 in
1837 3587 1988 3643 .rota,
2024 3581 2068 3633 si

2175 3596 2271 3633 ναν
2312 3581 2366 3632 αἱ
2407 3579 2681 3649 ἀστραπαὶ
2722 3577 2887 3632 αὑτοῦ
2926 3583 2992 3650 τῇ
3035 3580 3343 3653 οἰκουμένῃ,
3376 3581 3410 3650 ή
3457 3580 3606 3650 φωνὴ
3648 3579 3750 3650 τῆς

502 3658 715 3727 sagittae
748 3658 868 3728 ejus
915 3660 970 3713 in
1000 3675 1191 3717 omnes
1221 3665 1576 3728 transierunt,
1624 3666 1670 3720 si
1701 3667 1876 3722 nubes
1907 3669 2070 3725 dede-

497 3755 633 3802 runt
657 3764 843 3804 vocem
880 3766 1057 3814 suam,
1081 3767 1146 3806 ex
1177 3751 1262 3808 his
1286 3755 1541 3811 omnibus
1576 3759 1825 3826 sequitur
1845 3775 2075 3814 concus-

506 3855 622 3894 sam
669 3848 723 3894 et
748 3849 1074 3897 commotam
1106 3841 1276 3899 fuisse
1307 3852 1531 3902 terram.
1561 3847 1844 3914 Quomodo
1889 3859 2072 3906 autem

493 3929 559 3985 in
611 3931 751 3984 mari
784 3933 870 3985 via
903 3932 1025 4001 ejus
1077 3934 1260 4000 fuerit,
1313 3947 1367 3993 et
1417 3940 1622 3995 semita:
1667 3941 1786 4011 ejus
1822 3943 1876 3997 in
1916 3944 2073 4014 aquis

505 4020 714 4084 multis,
743 4036 806 4074 ac
842 4025 1115 4091 quomodo
1149 4029 1376 4099 vestigia
1427 4031 1547 4099 ejus
1581 4047 1690 4086 non
1731 4049 2065 4103 cognoscan-

499 4116 618 4174 tur,
651 4126 713 4165 ex
747 4112 921 4180 ipsius
951 4114 1016 4169 ad
1052 4117 1354 4188 discipulos
1387 4123 1749 4190 promissione
1777 4124 2068 4194 intelligas,

507 4216 630 4270 qua:
663 4201 743 4255 sic
771 4203 934 4256 habet
968 4223 980 4258 :
1015 4204 1214 4262 Euntes
1253 4210 1431 4265 docete
1467 4229 1642 4268 omnes
1688 4225 1862 4285 gentes
1893 4218 1946 4269 in
1977 4234 2072 4271 no-

500 4291 646 4344 mine
675 4308 787 4346 meo
817 4294 892 4360 9°;
926 4303 979 4349 et
1019 4315 1033 4351 :
1069 4296 1203 4353 Ecce
1233 4317 1324 4371 ego
1356 4303 1619 4358 vobiscum
1670 4324 1788 4360 sum
1829 4309 2069 4365 omnibus

503 4378 691 4434 diebus
735 4398 895 4451 usque
949 4385 1017 4436 ad
1049 4393 1552 4446 consummationem
1590 4398 1773 4449 surculi
1813 4399 1878 4452 ⁸⁷.
1934 4397 2069 4452 Nam

508 4469 712 4539 ubique
763 4478 1032 4527 terrarum
1078 4476 1364 4548 discipulis
1413 4483 1528 4538 suis
1560 4484 1908 4541 invisibiliter
1932 4503 2070 4558 pra:-

505 4578 656 4628 nens,
688 4565 740 4618 in
771 4568 909 4620 mari
944 4569 1086 4630 vitai.
1117 4579 1170 4625 et
1195 4573 1251 4626 in
1286 4575 1472 4630 multis
1510 4577 1749 4646 gentium
1777 4579 1934 4647 aquis
1957 4595 2071 4631 am-

505 4650 768 4711 bulabat:
803 4657 964 4726 idque
988 4663 1201 4715 occulta
1231 4671 1284 4717 et
1311 4665 1570 4720 invisibili
1603 4669 1804 4721 virtute
1843 4683 2071 4738 perage-

499 4749 598 4803 bat
637 4766 650 4802 :
689 4763 860 4817 quare
890 4751 1112 4817 dicitur,
1151 4754 1217 4806 Et
1247 4757 1466 4826 vestigia
1504 4768 1595 4812 tua
1621 4776 1725 4813 non
1753 4776 2070 4830 cognoscen-

498 4847 612 4894 tur.
648 4837 774 4894 Haec
803 4841 1004 4911 itaque
1035 4843 1087 4896 in
1115 4845 1342 4900 salutari
1372 4847 1467 4902 Dei
1494 4849 1733 4904 adventu
1768 4851 2067 4920 impleban-

503 4935 614 4984 tur.
650 4928 774 4985 llaec
808 4941 1008 4995 autem,
1041 4935 1236 5005 inquit,
1263 4939 1316 4992 in
1349 4941 1573 4994 salutari
1599 4941 1718 5010 ejus
1735 4942 1800 4996 ad
1822 4942 2069 4997 homines

501 5021 741 5075 adventu
780 5039 875 5092 per
902 5028 1255 5082 mutationem
1289 5029 1526 5087 dextera:
1551 5031 1817 5088 Altissimi
1853 5035 1933 5089 sic
1963 5033 2068 5086 im-

501 5111 648 5181 pleta
675 5123 836 5179 sunt;
867 5118 1324 5184 quemadmodum
1378 5122 1504 5174 olim
1535 5123 1590 5177 in
1637 5126 1819 5194 priore
1848 5126 2067 5196 populo,

505 5204 724 5271 quando
766 5205 980 5261 eductis
1027 5209 1135 5262 illis
1187 5225 1256 5264 ex
1300 5219 1447 5267 terra
1501 5213 1720 5287 Egypti
1769 5233 1866 5287 per
1919 5233 2070 5273 mare

503 5295 798 5349 transitum
822 5300 1054 5352 munivit
1085 5319 1097 5354 :
1133 5308 1266 5356 tunc
1299 5305 1441 5358 enim
1472 5316 1898 5363 commonstrata
1953 5309 2066 5362 vir-

502 5388 620 5437 tute
657 5399 776 5449 sua,
801 5387 942 5440 viam
969 5396 1022 5442 et
1064 5391 1288 5446 semitas
1318 5393 1371 5447 in
1403 5395 1561 5464 aquis
1597 5396 1782 5452 multis
1818 5399 2064 5467 paravit;

505 5473 580 5527 ita
620 5483 677 5527 ut
711 5485 1044 5545 praeeuntem
1098 5481 1276 5550 ipsum
1328 5491 1476 5540 totus
1527 5484 1693 5541 Israel
1733 5488 1788 5541 in
1830 5489 2066 5542 transitu

505 5569 674 5621 maris
697 5579 1036 5638 sequeretur,
1067 5572 1427 5646 incessusque
1457 5577 1576 5647 ejus
1608 5579 1826 5650 ignotus
1861 5580 2067 5635 incom-

507 5656 992 5731 prehensibilisque
1022 5662 1334 5720 hominibus
1373 5674 1539 5734 esset,
1569 5668 1789 5738 quando
1839 5668 2066 5726 deduxit

2174 3670 2401 3742 βροντῆς
2429 3670 2589 3725 αὐτοῦ
2613 3669 2875 3741 ἐξήχησεν
2914 3672 2972 3724 ἐν
2996 3671 3074 3742 τῷ
3097 3671 3291 3742 τροχῷ,
3326 3673 3375 3723 εἰ
3400 3672 3467 3725 τὰ
3499 3671 3626 3742 βέλη
3650 3672 3749 3724 αὐ-

2172 3763 2266 3815 τοῦ
2306 3764 2399 3815 sui.
2423 3762 2631 3825 πάντας
2662 3761 3070 3833 διαπορεύηται,
3097 3766 3144 3816 εί
3186 3766 3241 3816 αἱ
3271 3765 3488 3833 νεφέλαι
3512 3765 3609 3836 τὴν
3648 3764 3748 3816 αὑ-

2172 3856 2280 3910 τῶν
2305 3856 2508 3910 ἔδωκαν
2541 3857 2742 3928 φωνὴν,
2771 3857 3057 3910 ἀκόλουθον
3082 3853 3148 3929 ἦν
3176 3859 3240 3910 ἐκ
3260 3856 3463 3912 τούτων
3489 3858 3747 3911 ἁπάντων

2173 3947 2494 4018 κλονηθῆναι
2522 3946 2614 3998 καὶ
2651 3946 2972 4017 σαλευθῆναι
3001 3947 3098 4018 τὴν
3128 3947 3252 4017 γῆν.
3289 3947 3476 4009 Ὅπως
3512 3947 3566 4000 δέ
3594 3949 3650 3999 ἐν
3676 3949 3744 4018 τῇ

2173 4036 2413 4107 θαλάσσῃ
2450 4038 2483 4107 ή
2514 4035 2630 4098 ὁδὸς
2654 4035 2819 4088 αὐτοῦ
2846 4037 3057 4104 γέγονε,
3085 4036 3178 4088 καὶ
3205 4037 3260 4088 αἱ
3297 4035 3470 4104 τρίϐοι
3496 4034 3658 4087 αὐτοῦ
3687 4036 3745 4087 ἐν

2175 4125 2329 4179 ὕδασι
2363 4126 2596 4190 πολλοῖς,
2641 4127 2734 4180 καὶ
2761 4126 2836 4189 ὡς
2862 4125 2930 4179 τὰ
2959 4125 3077 4197 ἴχνη
3109 4125 3271 4179 αὑτοῦ
3303 4127 3361 4178 οὐ
3396 4125 3744 4194 γινώσκεται,

2173 4219 2290 4288 εἴσῃ
2317 4220 2614 4287 ἐπιστήσας
2639 4221 2703 4288 τῇ
2734 4217 2868 4289 πρὸς
2898 4219 3021 4280 τοὺς
3053 4217 3297 4288 μαθητὰς
3322 4216 3621 4289 ἐπαγγελίᾳ
3647 4218 3747 4270 αὕ-

2171 4309 2263 4362 τοῦ
2296 4311 2543 4381 φησάσῃ·
2571 4309 2967 4379 Πορευθέντες
3001 4312 3418 4380 μαθητεύσατε
3451 4309 3642 4363 πάντα
3672 4309 3746 4362 τὰ

2172 4401 2314 4468 ἔθνη
2361 4403 2431 4454 ἐν
2475 4401 2553 4466 τῷ
2603 4401 2848 4470 ὀνόματί
2897 4419 3050 4470 μου·
3094 4403 3206 4464 καὶ,
3260 4401 3404 4455 Ἰδοὺ
3455 4401 3570 4470 ἐγὼ
3615 4404 3745 4469 μεθ’

2171 4489 2337 4560 ὑμῶν
2367 4494 2484 4560 εἰμι
2513 4491 2714 4556 πάσας
2743 4494 2849 4556 τὰς
2871 4491 3096 4561 ἡμέρας
3119 4492 3228 4558 ἓως
3256 4490 3364 4559 τῆς
3389 4493 3747 4556 συντελείας

2173 4583 2279 4636 τοῦ
2337 4582 2574 4650 αἰῶνος.
2634 4584 2905 4656 Ἀοράτως
2955 4584 3063 4657 γὰρ
3113 4583 3424 4654 ἁπανταχοῦ
3485 4583 3581 4654 τῆς
3641 4585 3749 4655 γῆς

2174 4673 2346 4726 συνὼν
2386 4678 2498 4738 τοῖς
2530 4675 2692 4728 αὑτοῦ
2723 4676 2996 4747 μαθηταῖς
3035 4680 3091 4729 ἐν
3130 4680 3195 4747 τῇ
3224 4675 3316 4729 τοῦ
3354 4676 3468 4746 βίου
3504 4676 3747 4746 θαλάσσῃ

2173 4767 2405 4831 καὶτοῖς
2439 4769 2650 4832 πολλοῖς
2681 4769 2786 4821 τῶν
2831 4769 3000 4822 ἐθνῶν
3051 4769 3236 4823 ὕδασιν
3284 4770 3603 4842 ἐπορεύετο·
3652 4773 3750 4823 καὶ

2173 4858 2314 4912 τοῦτ’
2343 4859 2608 4932 ἔπραττεν
2641 4861 2858 4933 ἀοράτῳ
2893 4862 2984 4914 καί
3016 4863 3210 4932 ἀφανεῖ
3241 4862 3498 4932 δυνάμει·
3540 4862 3620 4914 διὸ
3659 4861 3754 4914 λέ-

2099 4923 2144 4977 D
2170 4950 2356 5005 λεκται
2390 4923 2427 4983 ’-
2467 4953 2577 5006 Καὶ
2637 4923 2719 5006 τὰ.
2762 4923 2900 5023 τχέυη
2961 4923 3078 5008 σού
3142 4957 3212 5008 οὐ
3264 4923 3747 5024 πήρωσθ-ήσονται.

2172 5041 2357 5095 Ταῦτα
2401 5043 2500 5113 μὲν
2529 5040 2621 5097 οῦν
2657 5044 2958 5118 ἐπληροῦτο
3008 5047 3146 5100 κατὰ
3178 5047 3276 5118 τὴν
3317 5049 3584 5118 σωτήριον
3625 5047 3753 5100 θεο-

2171 5131 2397 5200 φάνειαν
2423 5150 2435 5162 ·
2471 5132 2627 5186 Οὕτω
2655 5134 2711 5186 δὲ
2742 5135 2934 5196 ταῦτα,
2965 5137 3149 5206 φησὶν,
3182 5138 3388 5206 ἐγίνετο
3413 5138 3504 5190 ἐπὶ
3530 5138 3631 5207 τῆς
3665 5140 3753 5202 εἰς

2171 5220 2488 5291 ἀνθρώπους
2511 5225 2810 5295 παρουσίας
2834 5227 3016 5291 αὑτοῦ,
3046 5228 3186 5281 κατὰ
3216 5229 3314 5299 τὴν
3340 5228 3618 5282 ἀλλοίωσιν
3644 5233 3753 5302 τῆς

2166 5311 2343 5376 δεξιᾶς
2369 5312 2461 5365 τοῦ
2501 5315 2752 5384 Ὑψίστου
2775 5335 2786 5346 ·
2819 5317 3004 5392 ὥσπερ
3037 5320 3130 5373 καὶ
3159 5320 3328 5374 πάλαι
3358 5321 3452 5373 ἐπὶ
3483 5321 3578 5374 τοῦ
3606 5340 3755 5394 προ-

2165 5402 2322 5473 τέρου
2361 5403 2488 5458 λαοῦ
2527 5409 2760 5476 ὁπηνίκα
2795 5409 3076 5479 ἐξαγαγὼν
3113 5400 3316 5475 αὐτοὺς
3347 5414 3411 5466 ἐκ
3443 5417 3547 5486 γῆς
3572 5415 3756 5483 Δξεγύ-

2168 5510 2300 5545 πτου
2335 5494 2558 5567 διήγαγε
2595 5498 2682 5552 διὰ
2709 5501 2808 5570 τῆς
2841 5501 3148 5573 θαλάσσης·
3185 5506 3278 5558 καὶ
3314 5506 3436 5558 τότε
3479 5507 3586 5578 γὰρ
3625 5507 3757 5563 δει-

2168 5586 2298 5649 κνὺς
2331 5588 2430 5651 τὰς
2477 5589 2675 5661 ἀρετὰς
2725 5593 2887 5647 αὐτοῦ
2929 5595 3044 5649 ὁδὸν
3094 5598 3266 5650 ἐποίει
3299 5599 3390 5652 καὶ
3439 5600 3659 5670 τρίϐους
3689 5605 3757 5656 ἐν

2170 5673 2322 5729 ὕδασι
2362 5679 2592 5747 πολλοῖς,
2626 5683 2702 5748 ὡς
2749 5687 3142 5758 προηγουμένῳ
3189 5690 3335 5760 αὐτῷ
3361 5692 3758 5750 ἐπακολουθεῖν

588 5811 634 5844 ⁸³
669 5813 732 5867 111
765 5815 921 5871 Esdr.
959 5833 1032 5883 Iv,
1070 5821 1159 5876 “5-4.
1233 5823 1279 5857 "‘
1320 5823 1492 5881 lCor.
1531 5841 1643 5892 xu,
1680 5828 1733 5894 4,
1772 5828 1824 5895 8,
1858 5830 1910 5887 9.
1985 5833 2030 5865 ’⁸

2168 5835 2258 5890 lth.
2293 5851 2415 5904 nt,
2454 5838 2538 5893 10.
2616 5842 2660 5874 ’⁸
2701 5841 2889 5899 Matth.
2928 5825 3126 5912 xxviii,
3166 5849 3251 5908 19.
3327 5853 3370 5886 ⁸⁷
3415 5854 3522 5910 ibid
3579 5855 3676 5911 20.
