4126 6400
337 350 437 406 θοι

1440 348 1949 407 COMMENTARIA
1981 351 2048 407 ΙΝ
2089 352 2430 409 PSALMOS.

3493 354 3601 410 909.

327 465 473 533 ὲντῇ
503 474 696 533 πορειᾳ
721 461 821 531 τῆς
840 459 1121 533 θαλάσσης
1147 461 1239 516 τὸν
1264 462 1443 517 πάντα
1476 464 1711 535 Ἰσραὴλ,
1737 465 1909 533 ἄγνω-

2016 463 2206 535 (VEns.
2227 464 2318 536 21)
2358 466 2495 519 sicut
2537 482 2651 520 oves
2691 465 2943 535 populum
2968 480 3122 519 suum
3149 466 3201 518 in
3237 482 3395 520 manu
3423 463 3602 537 Moysi

329 554 454 606 στὸν
485 569 545 604 τε
580 548 719 605 εἶναι
754 552 852 604 καὶ
901 551 1286 623 ἀκατάληπτον
1330 552 1638 625 ἀνθρώποις
1676 554 1773 626 τὴν
1816 573 1916 608 που

327 645 483 718 ρείαν
516 643 705 707 αὐτοῦ,
754 644 845 696 ὅτε
899 644 993 696 καὶ
1034 644 1316 716 ὡδήγησεν
1368 646 1448 711 ὡς
1497 648 1761 714 πρόϐατα
1811 647 1919 699 τὸν

324 736 482 792 λαὸν
528 735 715 789 αὐτοῦ
756 736 825 788 ἐν
869 736 1016 805 χειρὶ
1053 734 1281 806 Ηωῦσῆ
1313 738 1410 791 καὶ
1454 737 1685 806 Ἀαρών.
1726 739 1919 803 ’Ἄλλος

336 830 436 901 μὲν
468 824 561 883 οὖν
594 829 663 881 τὰ
708 829 1044 900 προκείμενα
1090 829 1305 883 ἅπαντα
1347 832 1438 884 ἐπὶ
1467 833 1565 903 τὴν
1610 832 1783 897 ἔξοδον
1816 834 1915 905 τὴν

324 922 420 974 ἀπ’
450 920 727 989 Αἰγύπτου
754 921 979 986 ἀνοίσει,
1006 921 1125 974 τότε
1153 922 1540 994 πεπληρῶσθαι
1579 925 1803 993 φάσκων
1829 925 1911 988 τὸ,

323 1012 593 1066 Εἶδοσάν
618 1029 693 1065 σε
717 1012 927 1076 ὕδατα,
957 1015 989 1066 ό
1016 1012 1178 1079 Θεὸς,
1202 1014 1451 1067 ετδοσάν
1476 1032 1549 1069 σε
1576 1016 1785 1081 ὕδατα,
1815 1017 1914 1070 καὶ

323 1100 759 1170 ἐφοϐήθησαν,
823 1103 1248 1171 ἐταράχθησαν
1311 1104 1612 1171 ἄϐυσσοι,
1680 1106 1913 1175 πλῆθος

324 1192 519 1263 ἤχους
542 1194 767 1261 -ῧδατος
790 1213 803 1225 ·
841 1197 1020 1249 πᾶσαν
1048 1214 1109 1249 τε
1141 1199 1239 1269 τὴν
1273 1199 1576 1269 περικοπὴν
1608 1200 1915 1264 ἀκολούθως

326 1287 418 1339 ἐπὶ
448 1286 548 1358 τὴν
587 1288 709 1341 τότε
753 1288 1089 1359 πραχθεῖσαν
1136 1290 1376 1361 ἱστορίαν
1409 1291 1752 1362 ἀναπέμψειο
1800 1292 1912 1360 ἐγὼ

324 1377 402 1442 δὲ,
440 1379 515 1450 μὴ
544 1379 718 1451 εὑρὼν
745 1381 892 1444 ὅπως
922 1380 989 1433 τά
1015 1382 1141 1452 ἑξῆς
1171 1384 1439 1453 εἰρημένα
1474 1385 1614 1437 κατὰ
1644 1383 1741 1455 τὴν
1766 1384 1914 1449 λέξιν

326 1470 629 1543 ἐπληροῦτο
653 1489 666 1502 ·
714 1473 773 1525 οὐ
804 1472 913 1542 γὰρ
951 1474 1220 1544 μέμνηται
1248 1477 1275 1527 6
1304 1476 1581 1538 Μωῦσέως
1622 1476 1805 1546 νόμος,
1836 1477 1915 1540 ὼς

325 1563 547 1631 νεφέλαι
578 1564 722 1627 τινὲς
756 1565 896 1617 κατά
934 1565 1026 1618 τὸν
1061 1566 1249 1638 καιρὸν
1304 1569 1508 1621 ἐκεῖνον
1560 1568 1742 1639 φωνὴν
1788 1569 1914 1622 ἔδω-

325 1671 428 1707 καν
465 1655 815 1725 σωματικῶς,
848 1656 970 1709 οὐδὲ
1002 1657 1076 1718 ὠς
1121 1657 1246 1728 βέλη
1288 1658 1522 1729 αἰσθητά
1548 1659 1910 1731 διεπορεύετο,

325 1744 446 1797 οὐδὲ
479 1745 554 1809 ὼς
582 1745 678 1818 ὅλῃ
707 1746 1001 1819 οἰκουμένῃ
1049 1746 1250 1815 ἕφαναν
1296 1749 1350 1799 αἱ
1397 1749 1675 1819 ἀστραπαὶ
1721 1750 1909 1813 αὑτοῦ,

2021 567 2070 610 et
2097 556 2301 611 Aaron.
2334 557 2490 612 Alius
2522 573 2636 612 τωο
2663 558 2847 611 omnia
2901 558 2968 612 ad
3011 560 3220 612 exitum
3252 572 3320 611 ex
3362 557 3599 629 Egypto

2020 646 2239 711 referet,
2281 648 2536 717 dicetque
2578 648 2692 701 haec
2750 648 2939 711 verba,
3004 646 3262 700 Viderunt
3329 657 3376 701 te
3424 664 3599 717 aquae,

2020 736 2185 803 Deus,
2220 741 2462 792 viderunt
2516 748 2565 793 te
2607 755 2774 808 aqum,
2808 749 2856 791 et
2887 740 3191 804 timuerunt,
3221 739 3449 792 turbata:
3477 747 3600 791 sunt

2020 832 2223 902 abyssi,
2278 830 2563 884 multitudo
2614 832 2818 885 sonitus
2871 847 3150 901 aquarum,
3195 838 3326 883 tunc
3378 832 3600 899 impleta

2018 921 2191 978 fuisse
2227 944 2238 978 :
2267 930 2546 991 totamque
2570 923 2874 977 clausulam
2896 922 2963 976 ad
2996 923 3146 975 illam
3179 922 3465 975 historiam
3511 938 3600 976 re.

2019 1018 2213 1084 ducet;
2245 1034 2344 1088 ego
2368 1033 2496 1072 vero
2526 1032 2651 1071 cum
2677 1016 3376 1086 nusquam'deprehcndam
3398 1031 3459 1069 ea
3479 1032 3600 1085 qua;

2020 1120 2327 1184 sequuntur
2351 1111 2417 1164 ad
2446 1112 2682 1165 litteram
2719 1118 2869 1180 gesta
2901 1110 3101 1174 fuisse;
3149 1109 3349 1179 Moysis
3395 1109 3600 1178 quippe

2012 1203 2104 1258 lex
2134 1218 2242 1256 non
2275 1202 2541 1265 meminit,
2578 1202 2751 1254 nubes
2787 1200 3051 1269 quasdam
3082 1200 3174 1252 illo
3206 1207 3450 1268 tempore
3477 1214 3593 1252 cor-

2018 1310 2189 1366 poreo
2224 1309 2376 1348 more
2405 1308 2597 1348 vocem
2630 1292 2867 1355 dedisse,
2896 1308 3074 1361 neque
3110 1292 3340 1345 sensiles
3367 1292 3599 1359 sagittas

2018 1387 2330 1451 transiisse,
2356 1402 2531 1456 neque
2563 1402 2658 1455 per
2688 1393 2861 1438 totum
2898 1386 3086 1438 orbem
3124 1384 3339 1454 fulgura
3382 1380 3503 1453 ejus
3535 1384 3600 1437 il—

2018 1478 2245 1541 luxisse,
2278 1495 2387 1549 quo
2418 1486 2663 1547 tempore
2722 1478 2798 1530 illi
2851 1478 2904 1530 iu
2960 1477 3177 1540 deserto
3232 1484 3407 1540 erant,
3449 1493 3598 1542 eam,

2015 1588 2135 1643 qua:
2164 1573 2296 1626 mihi
2333 1579 2447 1624 tum
2483 1570 2859 1631 succurrebat,
2904 1570 2969 1622 ad
3011 1570 3227 1638 singula
3257 1570 3374 1622 loca
3429 1569 3601 1622 inter-

2014 1665 2372 1735 pretationem
2399 1662 2607 1716 addidi.
2652 1661 2827 1726 Quam
2865 1676 2995 1714 vero
3028 1677 3091 1715 ex
3141 1661 3226 1713 his
3267 1660 3601 1729 interpreta-

2016 1757 2222 1810 tionem
2266 1754 2516 1824 amplecti
2556 1752 2771 1816 debeat,
2822 1768 2886 1806 ex
2933 1752 3156 1821 proprio
3186 1752 3397 1821 judicio
3428 1752 3601 1806 lector

325 1835 445 1887 καθ’
471 1836 530 1888 ὃν
561 1838 750 1908 χρόνον
780 1832 921 1908 ἦσαν
957 1839 1013 1888 ὲν
1043 1840 1106 1908 τῇ
1137 1839 1328 1908 ἐρήμῳ
1350 1878 1363 1901 ,
1398 1837 1495 1908 τὴν
1529 1838 1908 1893 ὑποπεσοῦσαν

2013 1846 2295 1917 intelliget.

326 1931 408 1991 el;
444 1928 569 1991 τοὺς
617 1927 815 1991 τόπους
856 1928 1152 1999 ἑρμηνείαν
1200 1928 1534 2001 παρεθέμην.
1593 1929 1810 1983 ὐποίαν
1848 1931 1903 1983 δὲ
1941 1936 2045 2008 χρὴ
2077 1934 2184 1989 τῶν
2224 1935 2529 2007 εἰρημένων
2582 1932 2814 2003 ὲκδοχῶν
2855 1933 3126 2005 αἱρεῖσθαι
3157 1932 3276 2003 θείᾳ
3305 1932 3380 2003 (Ι)
3422 1927 3599 2002 κρίσει

325 2020 353 2071 ὁ
384 2018 725 2088 ἐντυγχάνων
759 2019 983 2071 εἴσεται.

715 2114 1070 2167 ΣΥΝΕΣΕΩΣ
1100 2114 1186 2184 Τῼ
1219 2115 1411 2167 ΑΣΑΦ.
1448 2116 1563 2167 OZ'.

395 2212 752 2276 Προσέχετε,
779 2209 929 2273 λαός
954 2224 1094 2276 μου,
1126 2206 1234 2260 τὸν
1258 2208 1446 2276 νόμον
1472 2225 1591 2276 μου
1616 2224 1629 2237 ·
1666 2209 1911 2261 κλίνατε

324 2298 393 2353 τὸ
437 2294 547 2364 οὖς
576 2297 746 2367 ὑμῶν
775 2300 859 2364 εἰς
892 2300 966 2351 τὰ
989 2297 1231 2367 ῥήματα
1278 2298 1384 2351 τοῦ
1431 2298 1728 2367 στόματός
1766 2318 1905 2367 μου.

325 2390 635 2463 Παρορμῶν
664 2392 811 2461 ἡμᾶς
840 2392 867 2442 ὁ
892 2389 1048 2458 λόγος
1079 2391 1170 2442 ἐπὶ
1212 2390 1310 2459 τὴν
1347 2389 1556 2443 σύνεσιν
1598 2390 1706 2443 τῶν
1744 2392 1911 2461 ἐμφε-

314 2482 591 2554 ρομένων,
626 2481 937 2547 Συνέσεως
964 2481 1061 2551 τὴν
1090 2481 1403 2553 ἐπιγραφὴν
1431 2483 1750 2553 ἐποιήσατοο
1779 2482 1910 2535 ταύ-

324 2592 424 2646 της
450 2574 559 2646 γάρ
578 2573 809 2645 δεόμεθα
835 2575 914 2637 είς
943 2573 1115 2644 θήραν
1135 2574 1233 2645 τῆς
1262 2575 1630 2645 προκειμένης
1652 2576 1911 2639 διανοίας.

324 2666 549 2739 Πρῶτον
611 2666 709 2737 μὲν
754 2661 846 2720 οὖν
907 2666 1192 2737 ζητήσειεν
1245 2666 1308 2720 ἄν
1352 2684 1434 2730 τις
1469 2667 1724 2735 εὐλόγως,
1772 2669 1915 2732 τίνος

326 2759 617 2831 πρόσωπον
648 2758 908 2830 τυγχάνει
945 2759 1006 2811 τὸ
1040 2758 1247 2827 φάσκον
1280 2762 1336 2811 ἐν
1366 2760 1530 2829 ἀρχῇ,
1559 2758 1912 2828 Προσέχετε,

312 2852 474 2915 λαός
494 2869 633 2920 μου,
665 2851 772 2904 τὸν
810 2852 996 2919 νόμον
1023 2869 1141 2920 μου
1171 2869 1183 2881 °
1228 2853 1473 2905 κλίνατε
1502 2851 1567 2903 τὸ
1613 2847 1721 2917 οὖς
1744 2849 1915 2919 ὑμῶν

318 2944 414 3007 ,εὶς
444 2944 517 2995 τὰ
554 2942 794 3011 ῥήματα
838 2944 941 2997 τοῦ
992 2944 1285 3012 στόματός
1320 2962 1459 3012 μου.
1515 2943 1651 2995 Οῠτε
1692 2943 1798 3015 γὰρ
1831 2943 1909 3014 τῷ

340 3033 511 3103 Ἀσάφ
555 3033 678 3087 οὔτε
729 3034 807 3105 τῷ
846 3034 1007 3088 Δαυῒδ
1045 3035 1272 3106 ἁρμόζει
1324 3035 1493 3088 ταῦτα
1538 3036 1748 3103 λέγειν·
1787 3037 1910 3089 ἐπεὶ

331 3125 407 3197 μὴ
439 3126 727 3197 νομοθέται
762 3127 1049 3194 γεγόνασιν
1091 3119 1236 3179 οὗτοι
1258 3143 1270 3155 ο
1317 3125 1438 3179 οὔτε
1481 3127 1563 3190 τὸ,
1600 3122 1718 3192 Οὖς
1747 3126 1911 3195 ὑμῶν

2258 2112 2744 2168 INTELLECTUS
2798 2112 3041 2169 ASAPH.
3084 2112 3323 2167 LXXVII

2088 2206 2377 2271 Attendite,
2412 2205 2601 2275 popule
2658 2219 2823 2269 meus,
2878 2203 3040 2273 legem
3076 2222 3245 2258 meam
3286 2222 3304 2257 :
3348 2206 3601 2262 incinat:

2018 2318 2199 2355 aurem
2227 2310 2456 2353 vestram
2485 2300 2539 2352 in
2574 2298 2729 2352 verba
2762 2298 2871 2350 oris
2906 2297 3025 2350 mei.
3053 2296 3189 2351 Cum
3217 2297 3283 2350 ad
3322 2296 3599 2354 dictorum

2016 2392 2438 2467 intelligentiam
2468 2404 2570 2445 nos
2620 2403 2801 2443 sermo
2848 2396 3127 2457 provocet,
3190 2386 3494 2443 Intellectus
3540 2390 3599 2445 in

2016 2485 2177 2539 titulo
2213 2483 2385 2537 fertur
2413 2500 2428 2549 ;
2470 2497 2535 2537 eo
2561 2482 2761 2550 quippe
2792 2480 3102 2550 indigemus
3133 2478 3198 2533 ad
3232 2480 3352 2549 ejus
3375 2489 3600 2535 senten-

2020 2576 2633 2647 tiaminvestigandam.
2683 2575 2747 2629 Et
2794 2576 2971 2645 primo
3022 2572 3241 2643 quidem
3295 2584 3602 2643 Opportune

2023 2680 2318 2741 qumratur,
2352 2687 2472 2741 quae
2498 2685 2731 2740 persona
2773 2669 2889 2723 haec
2922 2667 3081 2721 initio
3110 2668 3282 2730 dicat,
3314 2669 3594 2732 attendite,

2022 2760 2209 2829 popule
2237 2777 2401 2824 meus,
2436 2760 2598 2829 legem
2628 2775 2835 2822 meam;
2886 2758 3139 2811 inclinate
3162 2774 3342 2811 aurem
3372 2769 3598 2812 vestram

2020 2854 2075 2905 in
2104 2852 2260 2906 verba
2309 2853 2417 2905 oris
2479 2853 2598 2905 mei.
2650 2850 2772 2904 Non
2824 2850 2968 2905 enim
3022 2848 3213 2903 Davidi
3258 2848 3343 2903 vel
3377 2849 3598 2919 Asapho

2018 2945 2132 2998 haec
2163 2946 2345 2999 dicere
2372 2945 2661 2998 conveniat
2696 2962 2709 2998 :
2746 2943 2825 2997 illi
2859 2943 3058 3013 quippe
3102 2942 3446 3012 legislatures
3480 2957 3594 2995 non

2018 3037 2197 3103 fuere;
2231 3053 2410 3108 neque
2452 3037 2612 3101 illud,
2665 3037 2860 3089 Aurem
2905 3042 3127 3088 vestram
3179 3035 3234 3087 in
3286 3032 3441 3087 verba
3487 3035 3596 3087 oris

2018 3129 2139 3190 mei,
2185 3127 2269 3181 vel
2312 3126 2567 3181 Davidem
2603 3126 2685 3180 vel
2714 3124 2994 3195 Asaphum
3051 3123 3236 3179 dicere
3287 3137 3386 3193 par
3432 3130 3595 3177 erat:

320 3220 417 3285 εὶς
444 3220 517 3272 τὰ
535 3219 775 3288 ῥήματα
820 3218 927 3272 τοῦ
973 3219 1269 3288 στόματός
1309 3236 1450 3288 μου,
1484 3218 1695 3289 ἔπρεπε
1740 3218 1909 3287 λέγειν

2019 3233 2195 3287 neque
2236 3218 2382 3271 enim
2410 3217 2632 3287 propria
2669 3217 2837 3271 verba
2870 3214 3259 3285 proferebant,
3298 3212 3389 3268 sed
3425 3212 3595 3267 divini

326 3309 447 3381 ἦτοι
479 3309 570 3362 τὸν
614 3309 809 3378 Ἀσάφ,
849 3308 881 3379 ἢ
908 3308 1000 3361 τὸν
1027 3308 1221 3360 Δαυῖδο
1254 3308 1313 3360 οὑ
1347 3307 1454 3377 γὰρ
1490 3310 1661 3360 οἰκεῖα
1695 3308 1915 3379 ῥήματα

328 3402 686 3473 προσέφερον,
717 3404 783 3473 τῇ
827 3401 883 3454 δὲ
924 3401 1017 3453 τοῦ
1067 3401 1212 3453 θείου
1246 3400 1561 3471 Πνεύματος
1594 3401 1754 3472 βουλῇ
1799 3402 1915 3471 διη-

328 3493 601 3547 κονοῦντο.
629 3492 719 3545 Διὸ
751 3491 1059 3557 συνέσεως
1089 3491 1512 3562 ἐπιγέγραπται,
1542 3490 1617 3554 ὡς
1663 3492 1728 3543 ἂν
1750 3508 1914 3583 χσυν-

328 3584 480 3656 ῶμεν
512 3586 596 3648 τίς
621 3585 679 3638 τέ
714 3586 860 3638 ἐστιν
884 3584 913 3635 6
946 3582 1119 3637 ταῦτα
1142 3582 1335 3652 λέγων,
1372 3583 1465 3635 καὶ
1495 3583 1577 3645 τίς
1598 3584 1625 3634 6
1653 3582 1785 3646 λαὸς
1812 3584 1912 3636 αὑ-

324 3675 443 3741 τοῦ,
473 3676 564 3728 καὶ
600 3676 682 3739 τίς
725 3678 753 3728 ὁ
782 3675 978 3746 νόμος’
1013 3675 1199 3747 ἕτερος
1240 3674 1347 3744 γάρ
1374 3672 1548 3727 ἔοικεν
1586 3670 1725 3727 εἶναι
1762 3674 1913 3746 παρὰ

326 3766 419 3818 τὸν
454 3766 753 3829 Μωῡσέως.
789 3765 975 3820 Ταῦτα
1003 3767 1045 3820 δ’
1081 3766 1357 3819 ὲπιλύεται
1380 3766 1441 3817 τὸ
1468 3766 1818 3834 Εὑαγγέλιον,
1854 3768 1913 3820 ὲν

332 3853 377 3929 ᾧ
406 3860 646 3931 εἴρηται’
700 3862 893 3916 Ταῦτα
939 3861 1136 3916 πάντα
1174 3861 1481 3927 ἐλάλησεν
1515 3863 1547 3913 ό
1586 3860 1815 3926 Ἰησοῦς
1842 3861 1912 3913 ἐν

328 3953 693 4021 παραϐολαῖς
746 3954 870 4020 τοῖς
904 3954 1130 4024 ὄχλοις,
1187 3955 1284 4008 καὶ
1338 3953 1515 4021 χωρὶς
1564 3952 1912 4021 παραϐολῆς

327 4046 440 4098 οὐκ
473 4046 677 4099 ἐλάλει
704 4046 908 4112 αὐτοῖς
931 4062 943 4075 ’
978 4047 1137 4112 ὅπως
1176 4045 1460 4113 πληρωθῇ
1490 4046 1555 4099 τὸ
1592 4044 1783 4112 ῥηθὲν
1813 4044 1912 4098 διὰ

325 4137 434 4191 τοῦ
460 4138 772 4207 προφήτου
815 4127 1131 4208 λέγοντοςό
1179 4137 1413 4202 Ἀνοίξω
1444 4139 1513 4189 ἐν
1546 4137 1911 4204 παραϐολαῖς

324 4229 391 4284 τὸ
421 4233 613 4301 στόμα
636 4248 755 4300 μου
781 4248 793 4261 ο
822 4230 1139 4299 ἐρεύξομαι
1170 4229 1547 4297 κεκρυμμένα
1575 4228 1694 4282 ἀπὸ
1733 4244 1912 4281 nata--

326 4321 529 4391 ϐολῆς.
562 4324 660 4377 Διά
690 4323 843 4376 ποίου
879 4323 935 4375 δὲ
977 4324 1255 4393 προφήτου
1301 4321 1472 4375 ταῦτα
1514 4322 1697 4392 εἴρητο
1743 4321 1775 4391 ἢ
1822 4320 1908 4373 διὰ

324 4418 420 4471 τοῦ
483 4418 844 4490 προκειμένου
904 4418 1111 4487 Ἀσάφ;
1165 4419 1229 4468 Ὃ
1293 4416 1365 4487 μὴ
1424 4414 1695 4477 συνιέντες
1742 4414 1904 4478 τινὲς,

325 4511 671 4582 προσέθηκαν
712 4512 769 4563 ὲν
808 4511 884 4581 τῷ
919 4508 1237 4579 Εὐαγγελίῳ
1268 4508 1349 4568 τὸ,
1391 4506 1488 4560 διὰ
1526 4507 1762 4561 Ἡσαΐου
1796 4506 1903 4559 τοῦ

2019 3307 2257 3379 Spiritus
2306 3306 2574 3363 voluntati
2634 3305 3049 3360 ministrabant.
3101 3303 3228 3358 ldeo
3262 3296 3595 3358 Intellectus

2016 3401 2356 3464 inscribitur,
2415 3406 2475 3453 ut
2509 3399 2882 3469 intelligamus
2926 3400 3050 3468 quis
3084 3395 3201 3449 haec
3251 3394 3420 3457 dicat,
3466 3395 3594 3464 quis

2015 3492 2250 3559 populus
2302 3490 2446 3559 ejus,
2487 3506 2611 3559 quae
2666 3490 2782 3557 lex;
2843 3503 2969 3541 nam
3019 3486 3238 3540 videtur
3276 3485 3380 3538 alia
3412 3500 3442 3537 a
3478 3486 3595 3553 lege

2014 3582 2217 3655 Moysis
2249 3599 2393 3638 esse.
2438 3582 2563 3637 Haec
2591 3596 2758 3653 porro
2782 3580 2947 3635 solvit
2980 3576 3335 3647 E’vangelium
3362 3576 3429 3639 ⁸⁸,
3462 3591 3590 3629 cum

2012 3676 2132 3728 ait:
2176 3674 2304 3727 IIwc
2336 3674 2514 3727 omnia
2554 3673 2760 3725 locutus
2798 3680 2877 3725 est
2908 3668 3065 3723 Jesus
3107 3668 3162 3720 in
3209 3665 3479 3734 parabolis
3520 3664 3589 3717 ad

2013 3765 2217 3830 turbas,
2254 3776 2304 3821 et
2325 3768 2436 3820 sine
2460 3765 2721 3834 parabola
2754 3781 2858 3817 non
2904 3760 3216 3832 loquebatur
3238 3760 3344 3823 eis;
3374 3766 3433 3811 ut
3484 3758 3588 3810 im-

2010 3857 2241 3924 pleretur
2274 3856 2410 3927 quod
2434 3857 2631 3909 dictum
2660 3864 2775 3909 erat
2819 3870 2910 3918 per
2952 3853 3259 3922 prophetam
3306 3850 3585 3905 dicentem.

2009 3951 2259 4018 Aperiam
2302 3951 2355 4003 in
2382 3948 2655 4021 parabolis
2690 3964 2746 4002 os
2776 3962 2967 4009 meum,
2999 3942 3249 3997 eructabo
3279 3941 3591 3995 abscondita

2011 4059 2043 4094 a
2101 4042 2495 4096 constitutione.
2552 4038 2656 4094 Per
2705 4054 2867 4108 quem
2914 4036 3237 4106 prophetam
3281 4033 3395 4085 haec
3442 4032 3588 4085 dicta

2011 4139 2161 4197 sunt,
2194 4133 2299 4186 nisi
2333 4146 2429 4202 per
2459 4131 2607 4184 hunc
2646 4126 2964 4196 Asaplium?
3020 4123 3178 4190 Quod
3236 4137 3344 4177 non
3385 4120 3589 4175 intelli-

2010 4232 2201 4294 gentes
2248 4222 2471 4292 quidam
2509 4220 2829 4289 adjecerunt
2872 4215 3186 4285 Evangelia,
3238 4229 3329 4282 Per
3380 4209 3588 4265 Isaiam

2009 4316 2314 4386 prophetam
2373 4329 2391 4367 :
2445 4312 2540 4367 sed
2598 4312 2649 4363 in
2686 4308 2960 4364 accuratis
2994 4305 3421 4375 exemplaribus,
3465 4303 3588 4358 sine

2008 4409 2377 4462 additamento
2418 4406 2535 4468 illo,
2566 4418 2658 4473 per
2710 4400 2938 4463 Isaiam,
2977 4399 3051 4452 ita
3083 4396 3408 4467 simpliciter
3441 4395 3582 4448 dici-

2006 4509 2118 4565 tur,
2147 4511 2205 4553 ut
2231 4499 2535 4567 impleretur
2566 4494 2703 4567 quod
2735 4493 2938 4546 dictum
2969 4498 3088 4545 erat
3132 4504 3222 4556 per
3276 4486 3584 4557 prophetam

325 4577 666 4671 προφήτου·
726 4604 784 4654 ὲν
837 4577 893 4654 δέ
942 4619 1005 4671 γε
1051 4577 1172 4664 τοῖς
1209 4577 1495 4671 ἀκριϐέσιν
1550 4598 1905 4669 ἀντιγράφοις

2013 4595 2287 4657 dicentem,
2330 4591 2577 4660 Aperiam
2608 4588 2663 4640 in
2692 4583 2969 4655 parabolis
3005 4599 3062 4635 os
3105 4596 3297 4652 meum,
3334 4577 3583 4632 eructabo

324 4694 450 4748 ἄνευ
474 4698 574 4767 τῆς
602 4694 918 4766 προσθήκης
953 4694 1053 4764 τῆς
1092 4692 1188 4746 διὰ
1225 4692 1485 4755 Ἡσαΐου,
1514 4690 1699 4753 ἁπλῶς
1731 4689 1904 4752 οὕτως

324 4787 567 4857 εἴρηται*
607 4788 800 4851 Ὅπως
829 4784 1117 4854 πληρωθῇ
1142 4784 1208 4837 τὸ
1249 4782 1439 4851 ῥηθὲν
1482 4781 1581 4835 διὰ
1617 4781 1722 4835 τοῦ
1765 4797 1905 4849 προ-

322 4878 517 4946 φήτου
538 4877 824 4947 λέγοντος
841 4896 852 4908 ·
890 4877 1125 4941 Ἀνοίξω
1144 4878 1213 4929 ὲν
1235 4875 1599 4943 παραϐολαῖς
1620 4873 1685 4927 τὸ
1712 4875 1905 4943 στόμα

318 4988 470 5040 μου·
522 4970 836 5040 ἐρεύξομαι
894 4967 1273 5039 κεκρυμμένα
1309 4969 1427 5023 ἀπὸ
1479 4965 1835 5035 καταϐολῆς,
1866 4966 1903 5020 ἃ

321 5062 386 5133 δὴ
418 5062 641 5135 φέρεται
671 5066 729 5117 ὲν
759 5065 870 5126 τοῖς
913 5062 1316 5135 προκειμένοις,
1354 5062 1414 5114 οὐ
1464 5061 1567 5133 μὴν
1614 5060 1671 5113 ἐν
1702 5062 1768 5131 τῇ
1802 5057 1896 5112 τοῦ

333 5152 555 5205 Ἡσαΐου
613 5151 937 5223 προφητείᾳ.
999 5148 1206 5204 Οὐκοῦν
1268 5152 1333 5203 ὲκ
1386 5152 1485 5221 τῆς
1540 5148 1899 5220 εὐαγγελικῆς

322 5245 678 5317 παραθέσεως
723 5246 751 5297 6
788 5244 978 5315 Σωτὴρ
1012 5243 1078 5297 ἂν
1123 5244 1227 5313 εἴη,
1264 5244 1358 5295 καὶ
1403 5243 1521 5295 οὐδὲ
1559 5242 1734 5307 ἀλλος,
1764 5244 1793 5295 6
1838 5240 1898 5306 ἐξ

319 5335 523 5388 οἰκείου
585 5332 877 5407 προσώπου
931 5332 1156 5402 φάσκων
1208 5334 1299 5385 ἐπὶ
1348 5332 1441 5385 τοῦ
1497 5332 1762 5403 παρόντος
1802 5332 1896 5384 τό·

321 5425 677 5493 Προσέχετε,
726 5425 875 5489 λαός
915 5441 1053 5492 μου,
1104 5423 1210 5476 τὸν
1262 5425 1449 5493 νόμον
1494 5442 1631 5493 μου.
1681 5424 1795 5475 Ἵνα
1842 5422 1900 5474 δὲ

322 5516 570 5587 συνῶμεν
615 5516 797 5582 αὑτὸν,
838 5513 1147 5580 συνέσεως
1189 5515 1290 5586 τὴν
1344 5516 1668 5586 προγραφὴν
1708 5515 1897 5584 ἐποιή-

322 5624 484 5661 σατο’
514 5609 591 5671 ὡς
622 5609 758 5680 μήτε
791 5607 1004 5678 ψαλμὸν
1041 5609 1173 5679 μήτε
1216 5608 1359 5680 ᾠδὴν
1395 5610 1532 5681 μήτε
1577 5626 1630 5662 τι
1661 5606 1898 5663 τοιοῦτον

393 5727 438 5757 ’³
474 5724 664 5779 Matth.
702 5741 799 5779 xm
823 5766 837 5784 .
870 5725 964 5787 '54,
1002 5726 1094 5784 35.

396 5818 474 5891 (1)
512 5816 696 5881 Forte,
728 5818 922 5888 οἰκείᾳ.

2011 4686 2324 4742 abscondita
2354 4701 2385 4737 a
2418 4680 2811 4743 constitutione,
2847 4691 2969 4746 qua:
3003 4674 3093 4727 hic
3124 4672 3418 4733 habentur,
3471 4684 3585 4723 non

2007 4790 2189 4835 autem
2216 4778 2273 4831 in
2308 4774 2596 4847 prophetia
2631 4772 2807 4827 lsaiaz.
2844 4768 2923 4823 Ex
2956 4764 3272 4833 evangelico
3306 4763 3474 4831 igitur
3508 4768 3585 4815 te-

2007 4869 2265 4925 stimonio
2288 4865 2546 4921 Servator
2569 4870 2623 4917 et
2653 4877 2761 4915 non
2781 4861 2922 4913 alius
2954 4856 3137 4922 fuerit,
3157 4853 3249 4924 qui
3268 4868 3334 4907 ex
3362 4850 3583 4921 propria

2005 4974 2237 5031 persona
2260 4959 2312 5011 in
2332 4955 2587 5025 praesenti
2608 4952 2763 5017 dicit,
2788 4947 3077 5010 Attendite,
3100 4944 3287 5013 popule
3312 4958 3479 5003 meus,
3506 4939 3583 4993 le-

2004 5070 2118 5124 gem
2138 5066 2328 5105 meam.
2358 5048 2424 5103 Ut
2446 5055 2625 5101 autem
2646 5044 3014 5113 intelligamus
3037 5040 3211 5108 ipsam
3230 5050 3371 5096 esse,
3389 5031 3583 5086 inscri—

2004 5147 2245 5219 ptionem
2265 5140 2594 5200 Intellectus,
2611 5137 2823 5209 posuit;
2845 5136 2920 5187 ita
2938 5140 2997 5185 ut
3018 5144 3193 5198 neque
3204 5125 3469 5219 psalmus,
3484 5138 3581 5177 ne-

2004 5214 2111 5306 que
2139 5234 2437 5297 canticum,
2470 5244 2645 5299 neque
2668 5225 2799 5296 quid
2834 5221 3011 5278 simile
3040 5219 3155 5272 haec
3194 5214 3580 5270 existimentur

2006 5303 2160 5391 esse,
2194 5327 2289 5384 sed
2323 5322 2527 5380 Christi
2560 5320 2627 5375 ad
2665 5316 2930 5389 populum
2981 5325 3163 5373 suum,
3192 5307 3308 5363 sive
3354 5304 3420 5359 ad
3474 5303 3580 5356 Ec-

2008 5420 2228 5475 clesiam
2275 5431 2431 5471 suam
2494 5410 2822 5471 doctrinam,
2860 5419 2968 5476 qua
3026 5402 3092 5456 de
3149 5397 3361 5455 Judaici
3392 5396 3579 5466 pepuli

2006 5511 2306 5568 sceleribus
2339 5508 2503 5562 verba
2538 5503 2688 5559 facit.
2741 5498 3010 5570 P0pulum
3048 5506 3214 5565 porro
3241 5490 3360 5560 ejus
3410 5487 3578 5541 alium

2006 5619 2126 5661 esse
2172 5603 2239 5657 ab
2272 5617 2335 5657 eo
2365 5600 2456 5671 qui
2492 5599 2546 5653 in
2575 5592 2930 5668 sequentibus
2961 5592 3256 5644 accusatur
3279 5579 3578 5651 intelliges,
