4078 6432
521 418 627 474 903

1199 406 1468 464 EUSEBll
1505 399 1982 463 CESARIENSIS
2001 397 2120 456 ~0Pl

2220 396 2380 453 PARS
2409 395 2497 453 Ill.
2542 427 2612 438 —
2646 394 3063 452 EXEGETICA.

3638 386 3765 441 90%|»

523 537 570 594 si
600 531 874 588 Zachariae
902 527 1237 598 prophetiam
1290 525 1376 580 his
1405 521 1678 585 conferas,
1706 535 1826 590 qua}
1867 520 1949 574 sic
1978 519 2073 572 ba-
2105 539 2120 579 λ

2220 513 2419 586 ιμίζειν
2449 511 2586 569 εἶναι
2630 515 2700 570 τὰ
2736 516 3021 586 λεγόμενα,
3054 511 3188 566 ἀλλὰ
3223 508 3458 582 Χριστοῦ
3500 506 3773 562 διδασκα-

523 628 613 681 bet
648 642 661 678 :
700 619 879 676 Gaude
927 618 1168 676 multum,
1211 617 1327 684 ﬁlia
1361 615 1528 674 Sion;
1557 612 1809 680 prmdica,
1853 611 1968 679 ﬁlia
1992 607 2088 662 Je-

526 715 772 770 rusalem.
808 711 939 765 Ecce
974 727 1061 778 eg»
1101 710 1266 764 venio.
1303 717 1348 760 et
1392 707 1638 758 habitabo
1674 707 1726 757 in
1777 704 1945 757 medio
1989 703 2086 764 tui,

525 808 648 859 dicit
674 807 920 856 Dominus
981 800 1043 854 Et
1069 801 1365 868 confugiunt
1395 810 1563 868 gentes
1601 797 1775 848 multu-
1808 794 1876 847 ad
1914 795 2090 846 Domi-

527 917 670 958 num,
713 909 760 951 et
817 906 966 949 erunt
1011 895 1136 946 mihi
1179 895 1228 946 in
1274 895 1545 960 populum,
1580 902 1627 945 et
1649 908 1738 960 ego
1784 907 1872 943 ero
1939 891 2013 942 eis
2041 889 2091 940 in

532 989 714 1042 Deum.
752 985 814 1039 Et
845 986 1162 1054 cognoscetis
1185 985 1308 1051 quia
1347 982 1597 1034 Dominus
1635 981 1958 1047 omnipotens
1990 980 2090 1030 mi-

530 1081 595 1133 sit
633 1097 709 1132 me
760 1077 826 1130 ad
876 1093 958 1128 vos
977 1077 1038 1123 θ’.
1081 1073 1177 1126 llic.
1230 1075 1542 1127 consideres
1595 1072 1749 1124 velini
1810 1069 2092 1122 Dominum

532 1189 591 1229 se
619 1175 686 1227 ab
721 1175 828 1224 alio
863 1170 1088 1221 Domino
1119 1167 1492 1234 omnipotente
1526 1165 1751 1215 missum
1788 1160 2093 1220 testificari,

534 1280 598 1319 ac
646 1281 703 1318 se
733 1263 835 1318 sibi
867 1277 930 1313 ex
967 1259 1224 1311 munibus
1275 1254 1528 1324 gentibus
1578 1253 1931 1306 collecturum
1977 1264 2097 1302 esse

532 1356 790 1426 populum
823 1352 1156 1421 promittere.
1181 1347 1292 1400 lloc
1320 1348 1491 1414 ipsum
1519 1345 1701 1414 itaque
1725 1342 1817 1396 Dei
1838 1340 2093 1404 Verbum,

536 1445 794 1514 p0puluin
825 1457 888 1495 ex
923 1439 1174 1509 gentibus
1223 1436 1304 1490 sic
1345 1433 1721 1501 alloquebatur
1761 1446 1775 1482 :
1809 1428 2094 1490 Attendite,

535 1534 724 1604 popule
755 1547 922 1596 meus,
954 1530 1115 1599 legem
1148 1543 1337 1580 meam.
1369 1523 1564 1594 Legem
1598 1539 1726 1578 vero
1749 1537 1901 1576 suam
1933 1518 2102 1573 Evan—

538 1628 734 1696 gelium
758 1639 879 1677 esse
911 1622 1089 1680 docet.
1116 1624 1183 1673 de
1217 1633 1326 1686 quo
1348 1616 1518 1671 Isaias
1551 1615 1632 1669 sic
1665 1612 2094 1668 vaticinabatur:

540 1715 682 1769 Nam
710 1729 774 1767 ex
806 1711 933 1767 Sion
989 1711 1150 1765 exibit
1185 1711 1290 1770 lex,
1349 1717 1398 1762 et
1446 1706 1656 1761 uerbum
1683 1705 1895 1759 Domini
1920 1702 1982 1756 de
2009 1700 2101 1755 Je-

2187 609 2307 664 λίαν
2352 609 2488 679 πρὸς
2525 607 2617 660 τὸν
2662 607 2825 660 αὐτοῦ
2870 607 3014 667 λαὸν,
3062 601 3258 673 δηλαδὴ
3296 601 3393 670 τὴν
3429 599 3768 666 Ἐκκλησίαν

2189 699 2353 753 αὐτοῦ
2422 701 2549 770 περὶ
2616 699 2726 750 τῶν
2795 695 3272 767 παρανομημάτων
3335 691 3425 744 τοῦ
3491 690 3766 742 Ἰουδαίων

2190 790 2372 852 ἔθνους
2420 789 2879 859 δαστελλομένου.
2937 790 3165 857 Νοήσεις
3213 786 3268 837 δὲ
3297 785 3387 836 τὸν
3424 783 3582 834 αὑτοῦ
3625 783 3765 834 λαὸν

2190 883 2374 952 ἕτερον
2399 882 2528 935 ὄντα
2559 876 2708 954 “inpii
2737 882 2827 934 τὸν
2860 883 2918 932 ,ὲν
2948 883 3058 942 τοῖς
3091 879 3216 947 ἑξῆς
3263 876 3764 946 κατηγορούμενον,

2190 974 2288 1044 τὴν
2322 974 2586 1044 Ζαχαρίου
2638 974 2969 1045 προφητείαν
3015 971 3221 1033 τούτοις
3267 969 3546 1040 παραθεὶς,
3582 969 3645 1020 δι’
3693 964 3766 1038 ἦς

2193 1065 2436 1135 εἴρηται·
2469 1065 2641 1130 Χαῖρε
2683 1063 2938 1132 σφόδρα,
2984 1064 3231 1132 θύγατερ
3267 1061 3436 1120 Σινὼν,
3484 1060 3760 1127 κήρυττε,

2193 1159 2443 1227 θύγατερ
2487 1155 2885 1224 Ἰερουσαλήμ.
2931 1155 3074 1208 Ἰδοὺ
3102 1154 3214 1221 ἐγὼ
3240 1155 3502 1222 ἔρχομαι,
3537 1152 3632 1206 καί
3661 1171 3764 1206 κα-

2194 1247 2562 1315 τασκηνώσω
2592 1249 2661 1300 ἐν
2695 1248 2862 1316 μέσῳ
2891 1263 3027 1311 σου,
3061 1245 3220 1315 λέγει
3257 1248 3486 1311 Κύριος.
3522 1247 3629 1298 Καὶ
3655 1265 3763 1300 κα-

2193 1336 2586 1406 ταφεύξονται
2623 1337 2764 1402 ἔθνη
2815 1337 3014 1388 πολλὰ
3064 1335 3158 1387 ἐπί
3212 1335 3318 1388 τὸν
3367 1337 3613 1402 Κύριον,
3663 1338 3762 1389 καὶ

2190 1431 2440 1486 ἔσονταί
2465 1448 2566 1499 μοι
2618 1432 2703 1496 είς
2751 1429 2924 1493 λαὸν,
2975 1427 3132 1496 κάγὼ
3180 1427 3392 1496 ἔσομαι
3446 1428 3648 1493 αὐτοῖς
3678 1432 3768 1495 είς
3865 1456 3869 1458 -

2199 1523 2365 1576 Θεόν.
2415 1521 2522 1575 Καὶ
2576 1521 2902 1591 γνώσεσθε,
2943 1520 3030 1573 ὅτι
3082 1522 3296 1588 Κύριος
3346 1520 3768 1588 παντοκράτωρ

2197 1613 2614 1679 ἐξαπέσταλκέ
2649 1630 2725 1682 με
2758 1613 2906 1679 πρὸς
2939 1612 3094 1681 ὑμᾶς
3161 1613 3268 1665 Θέα
3311 1612 3419 1683 γὰρ
3453 1615 3509 1665 ὲν
3536 1613 3768 1676 τούτοις,

2197 1707 2272 1770 ὡς
2301 1707 2329 1758 ὁ
2361 1705 2564 1776 Κύριος
2596 1704 2929 1759 ἀπεστάλθαι
2971 1704 3159 1757 ἑαυτὸν
3186 1704 3435 1774 ὁμολογεῖ
3465 1705 3554 1772 ὑφ’
3582 1705 3769 1774 ἐτέρου

539 1805 794 1868 rusalem,
822 1813 872 1857 et
901 1801 1161 1871 judicabit
1207 1801 1342 1853 inter
1391 1807 1564 1869 gentes
1591 1798 1630 1848 ί.
1685 1795 1798 1848 Hoc
1838 1793 2100 1848 Jerelnias

2220 1796 2405 1867 (oplou
2435 1796 2889 1866 παντοκράτορος,
2925 1794 3102 1865 ἑαυτῷ
3145 1813 3205 1848 τε
3258 1793 3318 1860 ὲξ
3366 1797 3617 1849 ἁπάντων
3661 1796 3772 1850 τῶν

544 1912 740 1950 novum
772 1899 1155 1948 testamentum
1193 1889 1404 1943 vocavit
1452 1887 1642 1941 dicens
1673 1902 1684 1936 :
1715 1884 1848 1938 Ecce
1876 1883 1986 1939 dies
2012 1901 2098 1938 ve—

2220 1864 2368 1940 ιθνιῦν
2397 1864 3082 1954 συνάξειν-ἐπαγγέλλεται
3105 1887 3250 1940 λαόν.
3286 1887 3455 1951 Αὐτὸς
3485 1884 3575 1940 οὖν
3616 1881 3776 1952 οὗτος

543 1991 714 2050 niunt,
760 1985 888 2038 dicit
956 1983 1234 2044 Dommus,
1272 1989 1333 2032 vet
1396 1978 1669 2046 disponam
1738 1985 2102 2030 testamentum

2220 1983 2230 2033 ὃ
2260 1978 2351 2032 τοῦ
2385 1977 2518 2031 Θεοῦ
2550 1978 2719 2044 Λόγος
2757 1977 2836 2047 τῷ
2876 1977 2933 2044 ἐξ
2969 1979 3136 2031 ἐθνῶν
3161 1978 3277 2049 λαῷ
3305 1978 3642 2049 προσεφώνει
3686 1979 3778 2032 λέ-

541 2093 879 2142 novum,non
944 2076 1230 2128 secundum
1280 2077 1647 2123 testamentum
1688 2068 1825 2137 quod
1867 2066 2104 2134 disposui

2220 2085 2345 2140 {IOV'
2383 2068 2715 2137 Προσέχετε
2749 2070 2898 2130 λαός
2926 2086 3065 2137 μου.
3118 2071 3222 2122 τὸν
3265 2071 3453 2138 νόμον
3487 2088 3626 2138 μου.
3670 2071 3778 2123 Νό-

543 2169 781 2240 patribus
816 2183 996 2222 eorum
1027 2167 1068 2218 '.
1103 2162 1274 2218 Isaias
1325 2166 1520 2215 iterum
1567 2160 1678 2212 haec
1716 2157 1783 2211 de
1817 2155 2104 2212 Servatore

2220 2181 2307 2233 ξιον
2331 2163 2387 2216 δὲ
2420 2160 2583 2216 αὐτοῦ
2625 2162 2686 2213 τὸ
2718 2161 3046 2230 Εὐαγγέλιον
3081 2157 3216 2215 εῖναι
3259 2161 3517 2224 διδάσκει,
3557 2162 3685 2233 περὶ
3713 2152 3777 2214 οὗ

545 2259 943 2330 ρνεειιυηῑίοὶιεῐ
985 2276 998 2310 :
1034 2254 1166 2308 Ecce
1186 2269 1315 2322 puer
1355 2269 1497 2306 meus
1531 2267 1682 2320 quem
1724 2249 1876 2318 elegi,
1915 2247 2106 2302 electus

2220 2255 2300 2306 ιαί
2331 2251 2552 2315 Ἡσαΐας
2583 2251 2831 2314 ἐθέσπιζε
2860 2250 3033 2320 λέγων
3052 2268 3065 2280 ·
3103 2253 3197 2304 Ἐκ
3223 2253 3332 2320 γὰρ
3365 2250 3516 2305 Σιὼν
3541 2252 3781 2315 ἐξελεύ-

534 2368 736 2405 -meus:
784 2350 1008 2416 suscepit
1047 2363 1163 2400 eum
1219 2346 1400 2398 anima
1476 2359 1612 2396 mea.
1663 2339 1933 2394 Judicium
1985 2355 2109 2409 gen-

549 2443 684 2496 tibus
715 2441 914 2509 a/I'eret.
957 2436 1081 2492 Non
1113 2435 1405 2497 contendet,
1434 2443 1485 2488 et
1514 2449 1618 2486 non
1633 2430 1916 2502 clamabit.
1949 2446 2112 2500 neque

533 2533 794 2586 audietur
846 2531 990 2598 [oras
1047 2545 1144 2583 vox
1186 2529 1320 2597 ejus.
1379 2526 1658 2581 Calamam
1705 2536 2111 2592 conquassatum

549 2643 653 2680 non
697 2623 1013 2693 confringet,
1045 2630 1093 2675 et
1137 2621 1302 2674 linum
1351 2619 1617 2689 fumigans
1654 2633 1757 2670 non
1794 2615 2109 2684 exstinguat,

549 2715 639 2770 sed
662 2716 716 2768 in
746 2715 1018 2768 veritatem
1069 2710 1197 2780 feret
1219 2710 1482 2778 judicium
1511 2723 1530 2761 :
1563 2706 1907 2774 resplendebit
1933 2717 1982 2760 et
2011 2722 2113 2759 non

554 2801 848 2869 frangetur,
879 2798 1040 2851 donec
1068 2807 1228 2866 ponat
1263 2797 1316 2849 in
1350 2804 1491 2849 terra
1521 2795 1810 2864 judicium,
1839 2805 1888 2848 et
1929 2796 1984 2848 in
2027 2811 2114 2846 no-

556 2893 691 2944 mine
731 2890 843 2958 ejus
888 2897 1061 2959 gentes
1107 2887 1450 2956 sperabunt'.
1503 2885 1610 2939 Pro
1655 2886 1748 2940 illo
1780 2886 1944 2946 enim,
1980 2893 2027 2938 et
2059 2885 2115 2937 in

557 2981 763 3033 nomine
783 2978 896 3047 ejus
927 2987 1100 3047 gentes
1142 2976 1447 3045 sperabunt,
1485 2974 1810 3029 Hebraicum
1853 2973 2037 3034 habet,
2064 2983 2116 3027 et

546 3071 612 3122 .in
645 3069 752 3138 lege
787 3072 923 3137 ejus,
949 3076 1007 3120 ut
1043 3074 1096 3121 et
1120 3066 1313 3136 reliqui
1343 3079 1533 3120 omnes
1575 3066 1900 3134 interpretes
1931 3063 2116 3119 edide-

2193 2360 2372 2399 O’Etat
2408 2345 2608 2412 νόμος,
2648 2343 2742 2396 καὶ
2783 2344 2964 2411 λόγος
3004 2344 3220 2410 Κυρίου
3262 2344 3332 2408 ἐξ
3364 2341 3778 2410 Ἰερουσαλὴμ.

2209 2435 2306 2489 καὶ
2333 2433 2518 2502 κρινεῖ
2542 2432 2846 2501 ἀναμέσον
2878 2431 2996 2486 τῶν
3019 2433 3226 2487 ἐθνῶν.
3263 2435 3460 2487 Τοῦτον
3485 2434 3540 2486 δὲ
3565 2435 3654 2486 καὶ
3689 2435 3758 2485 ἰε

2212 2527 2405 2598 ρεμίας
2460 2525 2720 2597 διαθήκην
2777 2526 2968 2597 καινὴν
3021 2525 3304 2596 ὠνόμασεν
3362 2524 3561 2578 είπὼν·
3634 2524 3782 2577 Ἰδοὺ

2209 2616 2418 2686 ἡμέραι
2460 2617 2753 2685 ἔρχονται,
2801 2618 2962 2688 λέγει
3010 2617 3244 2685 Κύριος,
3291 2616 3387 2670 καί
3426 2614 3780 2683 διαθήσομαι

2211 2707 2508 2775 Διαθήκην
2529 2709 2764 2777 καινὴν,
2796 2710 2868 2762 οὐ
2901 2707 3051 2761 κατὰ
3080 2708 3191 2776 τὴν
3224 2707 3518 2775 διαθήκην
3556 2707 3634 2775 ἦν
3665 2706 3774 2761 διε-

2213 2797 2400 2867 θέμην
2428 2799 2546 2865 τοῖς
2570 2799 2867 2868 πατράσιν
2893 2797 3092 2854 αὐτῶν
3137 2798 3248 2852 Καὶ
3280 2799 3506 2861 Ἡσαΐας
3531 2799 3588 2851 δὲ
3620 2799 3780 2852 πάλιν

2214 2891 2342 2959 περὶ
2385 2890 2478 2943 τοῦ
2511 2891 2758 2962 Σωτῆρος
2804 2889 3058 2961 άνεφὼνει
3115 2891 3289 2959 λέγων
3311 2906 3325 2920 ·
3374 2889 3520 2945 Ἰδοὺ
3572 2894 3605 2944 ό
3643 2889 3781 2954 παῖς

2209 2998 2329 3050 μου
2367 2981 2441 3035 ὃν
2481 2981 2748 3051 ᾑρέτισα,
2792 2986 2825 3037 ό
2865 2983 3147 3048 ἐκλεκτός
3173 2998 3294 3050 μου
3315 2999 3330 3014 ο
3383 2980 3782 3049 προσεδέξατο

2207 3071 2403 3125 αὑτὸν
2427 3073 2465 3139 ἠ
2497 3072 2666 3140 ψυχή
2691 3090 2831 3141 μου.
2875 3073 3089 3141 Κρίσιν
3122 3072 3247 3137 τοῖς
3270 3071 3778 3136 έθνεσινθέξοίσει.

560 3169 708 3223 runt,
740 3159 1012 3221 videlicet,
1041 3159 1092 3212 in
1133 3159 1240 3228 lege
1287 3157 1421 3227 ejus.
1462 3156 1723 3212 Hortatur
1752 3158 1934 3228 itaque
1963 3156 2120 3212 Chri-

2224 3166 2346 3218 Οῠκ
2375 3163 2582 3233 ἐρίσει,
2617 3164 2757 3218 οὐδὲ
2789 3165 3136 3234 κραυγάσει,
3174 3163 3315 3218 οὐδὲ
3341 3164 3784 3231 ἀκουσθήσεται

549 3262 682 3306 stus
728 3252 984 3320 populum
1041 3265 1201 3305 suum
1254 3264 1324 3304 ex
1380 3250 1653 3317 gentibus,
1702 3249 1789 3305 his
1830 3249 2031 3314 verbis,
2061 3255 2120 3304 ut

2222 3254 2338 3321 ἔξω
2385 3254 2425 3322 ἡ
2467 3253 2634 3324 φωνὴ
2682 3255 2890 3308 αὐτοῦ.
2936 3254 3218 3325 Κάλαμωρ
3260 3255 3789 3324 συντεθλασμένον

563 3341 845 3395 attendant
891 3339 996 3408 legi
1045 3353 1177 3392 suae.
1212 3335 1283 3392 Ut
1337 3337 1620 3392 attendant
1671 3337 1840 3402 enim,
1904 3351 2014 3390 non
2059 3343 2122 3390 ut

563 3433 754 3488 leviter
804 3431 1046 3492 audiant,
1107 3436 1349 3501 exoptat,
1416 3439 1577 3500 atque
1638 3430 1821 3483 animo
1871 3435 2126 3485 accurate

564 3527 905 3600 perpendam
943 3527 1359 3597 intelligantque
1391 3525 1568 3596 legem
1599 3539 1756 3581 suam
1777 3563 1794 3588 ,
1824 3523 1934 3578 imo
1961 3523 2126 3578 etiam

553 3623 829 3676 inclinent
863 3636 1048 3676 aurem
1099 3634 1252 3674 suam
1284 3621 1339 3674 in
1368 3621 1534 3675 verba
1577 3619 1691 3674 oris
1738 3618 1931 3688 ipsius,
1967 3626 2129 3687 atque

570 3713 669 3781 ipsi
706 3712 806 3782 legi
844 3725 955 3766 suae
977 3722 1035 3764 ut
1066 3711 1347 3765 attendant
1371 3709 1637 3781 praecipit,
1670 3710 1799 3779 quia
1821 3709 2126 3765 doctrinam

556 3816 724 3854 suam
785 3803 839 3855 in
912 3800 1187 3870 parabolis
1237 3801 1501 3856 tradebat.
1558 3800 1739 3866 Quare
1803 3799 2125 3870 subjungit:

570 3890 808 3946 —Vsas.
845 3892 900 3946 2.
935 3892 1184 3960 Aperiunt
1220 3892 1276 3945 in
1311 3891 1566 3961 parabola
1617 3908 1674 3947 os
1715 3908 1907 3956 meum,
1949 3892 2132 3962 loquar

558 3986 948 4054 yropositfones
976 3986 1040 4038 ab
1077 3985 1245 4040 initio.
1281 3983 1436 4051 Quod
1487 3985 1616 4040 item
1650 3986 1808 4041 docet
1851 4001 2132 4041 sacrorum

565 4075 983 4145 'Evangeliorum
1061 4077 1372 4145 scriptura,
1443 4090 1550 4145 qua
1619 4075 1820 4131 dicitur
1860 4077 1883 4109 ⁵
1944 4076 2134 4132 :ch

579 4168 751 4219 omnia
779 4165 980 4219 locutus
1008 4175 1085 4220 est
1106 4164 1263 4220 Jesus
1302 4167 1354 4219 in
1383 4165 1652 4236 parabolis
1680 4167 1749 4220 ad
1783 4168 2059 4232 turbas,.et
2088 4184 2133 4220 ss

563 4271 603 4309 ,ε
632 4256 893 4323 parabola
939 4273 1041 4311 non
1081 4258 1400 4328 loquebatur
1437 4259 1544 4322 eis;
1569 4268 1626 4311 ut
1667 4259 1970 4327 impleretur
2000 4259 2136 4330 quod

574 4348 774 4400 dictum
816 4356 934 4401 erat
987 4363 1078 4417 per
1121 4348 1428 4418 prophetam
1482 4351 1760 4413 dicentem,
1811 4352 2058 4419 Aperiam
2083 4352 2138 4404 in

563 4433 848 4504 parabolis
886 4451 943 4486 os
979 4450 1170 4500 meum,
1205 4437 1454 4490 eructabo
1513 4437 1824 4491 abscondita
1853 4455 1887 4491 a
1937 4439 2137 4493 consti-

2221 3349 2295 3401 οὐ
2337 3346 2629 3412 κατεάξει,
2677 3347 2774 3400 καὶ
2817 3347 2992 3401 λίνον
3041 3348 3378 3417 τυφόμενον
3425 3349 3497 3402 οὐ
3542 3349 3747 3402 σϐέσει
3768 3363 3784 3378 ·

2223 3439 2360 3493 ἀλλ’
2391 3440 2479 3504 εις
2510 3437 2798 3504 ἀλήθειαν
2821 3436 3043 3501 ἐξοίσει
3066 3439 3268 3507 κρίσιν
3329 3438 3670 3507 ἀναλάμψει
3695 3439 3784 3490 καί

2225 3535 2299 3587 οὐ
2327 3531 2794 3602 θραυσθήσεται,
2821 3530 2930 3596 ἕως
2954 3529 3032 3585 ἂν
3055 3529 3128 3600 θῇ
3151 3531 3250 3585 ἐπὶ
3282 3529 3390 3598 τῆς
3419 3529 3530 3600 γῆς
3555 3531 3785 3599 κρίσιν·

2227 3625 2326 3679 καί
2365 3623 2444 3690 τῷ
2479 3625 2721 3693 ὀνόματι
2757 3625 2943 3678 αὐτοῦ
2974 3625 3119 3692 ἔθνη
3166 3624 3470 3678 ἐλπιοῦσι.
3511 3623 3655 3676 Ἀντὶ
3686 3622 3792 3693 γὰρ

2226 3715 2342 3781 τοῦ,
2393 3714 2492 3768 καὶ
2544 3713 2624 3779 τῷ
2669 3715 2912 3784 ὀνόματι
2966 3715 3150 3768 αὑτοῦ
3201 3715 3344 3782 ἔθνη
3405 3713 3703 3778 ἐλπιοῦσι,
3733 3714 3794 3766 τὸ

2237 3805 2542 3879 Ἐὁραῖκὸν,
2576 3805 2677 3859 καὶ
2711 3803 2790 3871 τῷ
2825 3808 2986 3873 νόμῳ
3015 3805 3222 3870 αὑτοῦ,
3251 3806 3515 3875 περιέχει.
3540 3806 3615 3869 ὡς
3657 3821 3778 3874 cup.-

2230 3896 2421 3968 φώνως
2448 3897 2543 3950 καὶ
2571 3898 2619 3950 οἱ
2642 3895 2819 3950 λοιποὶ⁹
2864 3897 3063 3958 πάντες
3089 3896 3418 3966 ἑρμηνευταὶ
3443 3893 3790 3957 ὲκδεδὼκασι,

2230 3989 2327 4043 καὶ
2357 3988 2438 4053 τῷ
2476 3989 2635 4058 νόμῳ
2679 3987 2865 4043 αὑτοῦ
2904 3987 3200 4059 εἰρηκότες.
3251 3987 3512 4056 Παραινεῖ
3553 3985 3730 4040 τοίνυν
3766 3988 3794 4038 ὁ

2231 4080 2464 4151 Χριστὸς
2491 4079 2570 4151 τῷ
2605 4077 2797 4134 ἑαυτοῦ
2830 4077 2944 4149 λαῷ
2985 4077 3063 4148 τῷ
3103 4077 3161 4144 ἐξ
3185 4077 3354 4130 ὲθνῶν
3386 4077 3473 4131 διὰ
3511 4077 3618 4131 τῶν
3660 4091 3792 4148 προ-

2232 4171 2496 4242 κειμένων
2532 4171 2820 4244 προσέχειν
2845 4169 2924 4242 τῷ
2965 4171 3114 4242 νόμῳ
3143 4169 3325 4224 αὑτοῦ.
3360 4169 3654 4241 Προσέχειν
3691 4169 3794 4238 γὰρ

2238 4260 2501 4330 βούλεται,
2540 4261 2634 4313 καὶ
2676 4261 2775 4330 οὐχ
2820 4259 2896 4323 ὡς
2939 4258 3126 4329 ἔτυχεν
3170 4258 3425 4312 ἀκούειν·
3471 4258 3695 4329 θεωρεῖν
3738 4257 3796 4309 δὲ

2235 4351 2707 4420 κατανενοημένως
2739 4350 2832 4402 καὶ
2863 4351 3098 4404 συνιέναι
3129 4348 3220 4401 τὸν
3245 4347 3406 4403 αὑτοῦ
3440 4348 3600 4420 νόμον
3619 4365 3631 4378 ⁸
3665 4345 3795 4402 ἀλλὰ

2238 4445 2332 4496 καὶ
2361 4443 2561 4497 κλίνειν
2589 4443 2650 4495 τὺ
2676 4439 2768 4504 οὖς
2813 4445 2891 4505 είς
2935 4443 3002 4497 τὰ
3035 4444 3254 4513 ῥήματα
3282 4442 3374 4496 τοῦ
3407 4443 3666 4514 στόματος
3704 4441 3796 4496 αύ-

579 4525 798 4578 tutione.
831 4522 939 4577 Pro
971 4524 1064 4578 illo
1091 4524 1260 4587 enim,
1290 4523 1503 4594 Loquar
1523 4527 1905 4595 propositiones
1938 4526 2003 4580 ab
2041 4527 2118 4580 ini

2237 4533 2354 4598 τοῦ,
2389 4535 2483 4587 καὶ
2525 4533 2809 4604 προσέχειν
2849 4531 2926 4604 τῷ
2965 4533 3112 4604 νόμῳ
3156 4533 3320 4587 αὑτοῦ
3353 4531 3798 4605 παρακελεύεται,

580 4617 676 4677 tio,
710 4613 1010 4680 Mattheus,
1044 4613 1309 4669 Hebraeus
1336 4629 1459 4668 cum
1502 4624 1669 4681 esset,
1705 4617 1920 4685 propria
1966 4617 2137 4671 inter-

570 4705 886 4777 pretatione
930 4719 1066 4759 usus
1096 4703 1276 4758 dixit:
1307 4703 1574 4758 Eructabo
1607 4705 1914 4760 abscondita
1947 4723 1980 4760 a
2013 4723 2139 4761 con-

569 4800 873 4853 .stitutione.
898 4797 1068 4868 Cujus
1115 4798 1235 4853 loco
1265 4799 1482 4868 Aquila,
1524 4797 1719 4852 I‘luam
1763 4801 2042 4869 (enigmata
2079 4817 2143 4854 ea;

572 4891 756 4956 .initio,
795 4889 986 4954 edidit,
1029 4888 1386 4961 Symmachus
1416 4903 1577 4953 vero,
1633 4891 1902 4944 Scaturire
1947 4891 2143 4958 faciam

584 4985 971 5054 propositiones
1014 4983 1281 5052 antiquas.
1350 4979 1489 5035 Cum
1541 4996 1707 5051 porro
1753 4980 1990 5038 Verbum
2047 4981 2143 5038 Dei

581 5077 792 5146 prioris
850 5075 1034 5146 populi
1102 5074 1486 5130 accusationes
1543 5073 1924 5129 instituturum
1977 5081 2145 5138 esset,

578 5181 899 5233 causasque
949 5165 1242 5220 allaturum
1293 5178 1461 5234 quare
1483 5163 1932 5235 depulsi'essent,
1961 5181 2153 5222 neces-

579 5256 740 5310 :sario
771 5256 1027 5310 Ecclesia:
1071 5269 1184 5310 suae
1222 5259 1466 5329 praecipit
1487 5264 1548 5312 ut
1567 5255 1729 5311 dictis
1766 5255 2034 5321 attendat,
2065 5253 2152 5308 in-

581 5353 912 5424 telligatque
966 5352 1158 5406 allatas
1190 5352 1246 5406 in
1297 5353 1758 5424 comparationem
1799 5351 2000 5421 prioris
2045 5365 2150 5420 po-

583 5445 704 5514 :puli
736 5443 1130 5510 accusationes,
1151 5453 1213 5499 ut
1241 5460 1310 5501 ne
1333 5446 1568 5500 similem
1600 5447 1656 5499 in
1676 5459 1864 5499 casum
1899 5443 2149 5508 labatur;

586 5536 693 5589 :sed
732 5535 1046 5603 hujusmodi
1097 5535 1411 5590 narratione
1436 5535 1629 5590 eilocta
1672 5534 1850 5604 qualis
1878 5533 2003 5587 illos
2027 5531 2151 5587 linis

586 5626 893 5694 exceperit,
917 5627 1162 5695 exemplo
1192 5625 1286 5680 illo
1311 5627 1379 5681 ad
1409 5627 1685 5680 meliorem
1729 5624 1939 5694 frugem
1987 5637 2148 5678 revo-

2245 4624 2539 4696 ὲπειδήπερ
2572 4623 2672 4688 τὰς
2699 4623 3042 4688 διδασκαλίας
3085 4625 3142 4676 ὲν
3178 4623 3511 4695 παρτδολᾱίς
3549 4625 3798 4677 ἐποιεῖτο.

2245 4716 2336 4768 Διὸ
2393 4715 2628 4782 ἐπιλέγει
2653 4731 2667 4745 ⁸
2734 4713 2966 4778 Ἀνοίξω
3013 4714 3083 4767 ἐν
3129 4711 3438 4782 παραϐολῇ
3493 4711 3561 4766 τὸ
3614 4712 3800 4781 στόμα

2243 4825 2382 4877 μου,
2430 4806 2752 4876 φθέγξομαι
2789 4804 3176 4874 προϐλήματα
3225 4804 3325 4858 ἀπ’
3382 4803 3604 4873 ἀρχῆς·
3663 4803 3693 4857 δ
3743 4801 3800 4856 δὲ

2246 4897 2482 4953 διδάσκει
2508 4899 2604 4951 καὶ
2641 4901 2674 4968 ὴ
2707 4897 2814 4951 τῶν
2849 4895 3008 4968 ἱερῶν
3035 4897 3378 4964 Εὑαγγελίων
3406 4896 3614 4967 γραφὴ,
3641 4895 3706 4948 δι’
3740 4888 3802 4966 ἦς

2247 4990 2480 5062 εἴρηται,
2531 4991 2614 5044 δτι
2662 4988 2864 5044 Πάντα
2913 4988 3099 5042 ταῦτα
3151 4987 3454 5054 ἐλάλησεν
3496 4987 3530 5039 ὁ
3581 4983 3800 5053 Ἰησοῦς

2241 5083 2313 5136 ἐν
2337 5081 2700 5150 παραϐολαῖς
2727 5080 2850 5146 τοῖς
2878 5079 3103 5148 ὄχλοις,
3130 5079 3227 5132 καὶ
3261 5079 3441 5148 χωρίς
3470 5073 3803 5146 παραϐολῆς

2248 5175 2359 5227 οὐκ
2390 5171 2593 5227 ἐλάλει
2614 5172 2847 5238 αὐτοῖς’
2877 5170 3035 5237 ὅπως
3066 5167 3349 5239 πληρωθῇ
3383 5168 3447 5223 τὸ
3481 5167 3673 5238 ῥηθὲν
3716 5165 3808 5220 διὰ

2252 5262 2357 5317 τοῦ
2388 5263 2694 5332 προφήτου
2727 5260 3042 5330 λέγοντος·
3091 5261 3322 5327 Ἀνοίξω
3353 5261 3423 5314 ἐν
3453 5255 3806 5328 παραϐολαῖς

2252 5349 2318 5404 τὸ
2345 5351 2537 5420 στόμα
2573 5366 2722 5421 μου·
2751 5349 3057 5418 ἐρεύξομαι
3088 5349 3462 5420 κεκρυμμένα
3491 5347 3608 5404 ἀπὸ
3642 5361 3794 5400 καιιι

2256 5438 2458 5508 ϐολῆς.
2499 5440 2641 5495 ’Δντὶ
2666 5441 2776 5513 γὰρ
2803 5441 2920 5505 τοῦ,
2946 5442 3270 5511 Φθέγξομαι
3299 5439 3687 5511 προϐλήματα
3715 5437 3797 5491 ἀπ

2255 5530 2469 5600 ἀρχῆς,
2525 5531 2770 5603 Ἐὕραῖος
2827 5531 2903 5585 ὢν
2955 5533 2984 5585 ὁ
3033 5533 3328 5600 Ματθαῖος,
3378 5532 3552 5614 οἰκείρι
3609 5527 3811 5583 ἐκδόσει

2256 5625 2514 5695 κέχρηται
2547 5624 2734 5691 εἰπὼν,
2774 5625 3120 5696 Ἔρεύξομαι
3148 5623 3519 5696 κεκρυμμένα
3555 5621 3675 5679 ἀπὸ
3718 5635 3795 5673 κα

668 5780 715 5811 ⁸⁸
754 5778 894 5834 Zach
955 5797 1022 5846 ιι,
1060 5780 1147 5845 10,
1183 5781 1243 5835 ll
1350 5783 1364 5813 ¹
1406 5779 1488 5835 lsa
1548 5796 1620 5847 ιι,
1655 5779 1705 5845 5,
1733 5780 1764 5834 4
1861 5781 1882 5812 ³
1920 5778 2097 5835 lerem

2220 5793 2302 5843 ιιι,
2341 5778 2432 5843 51,
2467 5779 2556 5836 52.
2632 5781 2653 5813 ³
2692 5779 2792 5836 lsa.
2831 5797 2976 5846 mi,
3014 5781 3036 5834 l
3076 5782 3140 5836 4.
