  <div class='ocr_page' id='page_1' title='image "/cluster/home/n/w/nwhite01/storage/ocr_20150623/23/nnc1.0046978313/478.png"; bbox 0 0 4078 6432; ppageno 0'>
   <div class='ocr_carea' id='block_1_1' title="bbox 300 350 409 407">
    <p class='ocr_par' dir='ltr' id='par_1_1' title="bbox 300 350 409 407">
     <span class='ocr_line' id='line_1_1' title="bbox 300 350 409 407; baseline -0.018 0"><span class='ocrx_word' id='word_1_1' title='bbox 300 350 409 407; x_wconf 78' lang='lat'>903</span> 
     </span>
    </p>
   </div>
   <div class='ocr_carea' id='block_1_2' title="bbox 1396 346 2384 406">
    <p class='ocr_par' dir='ltr' id='par_1_2' title="bbox 1396 346 2384 406">
     <span class='ocr_line' id='line_1_2' title="bbox 1396 346 2384 406; baseline -0.002 -1"><span class='ocrx_word' id='word_1_2' title='bbox 1396 346 1771 405; x_wconf 73' lang='lat' dir='ltr'>COMMENTA</span> <span class='ocrx_word' id='word_1_3' title='bbox 1782 348 1901 403; x_wconf 79' lang='lat' dir='ltr'>RIA</span> <span class='ocrx_word' id='word_1_4' title='bbox 1940 346 2006 403; x_wconf 83' lang='lat' dir='ltr'>IN</span> <span class='ocrx_word' id='word_1_5' title='bbox 2045 346 2384 406; x_wconf 77' lang='lat' dir='ltr'>PSALMOS.</span> 
     </span>
    </p>
   </div>
   <div class='ocr_carea' id='block_1_3' title="bbox 3438 353 3546 409">
    <p class='ocr_par' dir='ltr' id='par_1_3' title="bbox 3438 353 3546 409">
     <span class='ocr_line' id='line_1_3' title="bbox 3438 353 3546 409; baseline 0.009 -1"><span class='ocrx_word' id='word_1_6' title='bbox 3438 353 3546 409; x_wconf 80' lang='lat'>906</span> 
     </span>
    </p>
   </div>
   <div class='ocr_carea' id='block_1_4' title="bbox 299 465 1863 544">
    <p class='ocr_par' dir='ltr' id='par_1_4' title="bbox 299 465 1863 544">
     <span class='ocr_line' id='line_1_4' title="bbox 299 465 1863 544; baseline -0.001 -19"><span class='ocrx_word' id='word_1_7' title='bbox 299 469 587 539; x_wconf 68' lang='grc' dir='ltr'>τασολῆς·</span> <span class='ocrx_word' id='word_1_8' title='bbox 627 470 743 525; x_wconf 78' lang='grc' dir='ltr'>ἀνθ’</span> <span class='ocrx_word' id='word_1_9' title='bbox 772 465 833 527; x_wconf 76' lang='grc' dir='ltr'>οὗ</span> <span class='ocrx_word' id='word_1_10' title='bbox 878 474 907 526; x_wconf 98' lang='lat'>6</span> <span class='ocrx_word' id='word_1_11' title='bbox 954 471 1053 544; x_wconf 75' lang='grc' dir='ltr'>μὲν</span> <span class='ocrx_word' id='word_1_12' title='bbox 1090 470 1339 536; x_wconf 79' lang='grc' dir='ltr'>Ἀκύλας,</span> <span class='ocrx_word' id='word_1_13' title='bbox 1381 472 1676 541; x_wconf 78' lang='grc' dir='ltr'>Ὀμόρήσω</span> <span class='ocrx_word' id='word_1_14' title='bbox 1725 471 1863 525; x_wconf 68' lang='lat' dir='ltr'><strong>alr-l-</strong></span> 
     </span>
    </p>
   </div>
   <div class='ocr_carea' id='block_1_5' title="bbox 1966 465 3545 544">
    <p class='ocr_par' dir='ltr' id='par_1_5' title="bbox 1977 469 3545 541">
     <span class='ocr_line' id='line_1_5' title="bbox 1977 469 3545 541; baseline 0.004 -17"><span class='ocrx_word' id='word_1_15' title='bbox 1977 476 2153 525; x_wconf 88' lang='lat' dir='ltr'><strong>cetur.</strong></span> <span class='ocrx_word' id='word_1_16' title='bbox 2206 469 2343 526; x_wconf 89' lang='lat' dir='ltr'><strong>Cum</strong></span> <span class='ocrx_word' id='word_1_17' title='bbox 2401 469 2631 528; x_wconf 74' lang='lat' dir='ltr'>dixisset</span> <span class='ocrx_word' id='word_1_18' title='bbox 2676 487 2691 523; x_wconf 88' lang='lat'><strong>:</strong></span> <span class='ocrx_word' id='word_1_19' title='bbox 2742 470 2993 541; x_wconf 73' lang='lat' dir='ltr'><strong>Aperiunt</strong></span> <span class='ocrx_word' id='word_1_20' title='bbox 3048 471 3103 525; x_wconf 89' lang='lat' dir='ltr'>in</span> <span class='ocrx_word' id='word_1_21' title='bbox 3172 473 3428 541; x_wconf 83' lang='lat' dir='ltr'><strong>parabola</strong></span> <span class='ocrx_word' id='word_1_22' title='bbox 3487 492 3545 530; x_wconf 85' lang='lat' dir='ltr'>os</span> 
     </span>
    </p>
   </div>
   <div class='ocr_carea' id='block_1_6' title="bbox 301 562 1872 635">
    <p class='ocr_par' dir='ltr' id='par_1_6' title="bbox 301 562 1872 635">
     <span class='ocr_line' id='line_1_6' title="bbox 301 562 1872 635; baseline -0.002 -19"><span class='ocrx_word' id='word_1_23' title='bbox 301 581 492 635; x_wconf 61' lang='grc' dir='ltr'>πιατα</span> <span class='ocrx_word' id='word_1_24' title='bbox 532 562 602 627; x_wconf 79' lang='grc' dir='ltr'>ἐξ</span> <span class='ocrx_word' id='word_1_25' title='bbox 655 562 939 632; x_wconf 73' lang='grc' dir='ltr'>ἀρχῆθεν,</span> <span class='ocrx_word' id='word_1_26' title='bbox 995 563 1325 617; x_wconf 68' lang='grc' dir='ltr'>ἐκδέδωκεν*</span> <span class='ocrx_word' id='word_1_27' title='bbox 1371 563 1400 614; x_wconf 89' lang='lat'>6</span> <span class='ocrx_word' id='word_1_28' title='bbox 1442 562 1499 615; x_wconf 85' lang='grc' dir='ltr'>δὲ</span> <span class='ocrx_word' id='word_1_29' title='bbox 1558 562 1872 632; x_wconf 81' lang='grc' dir='ltr'>Σύμμαχος,</span> 
     </span>
    </p>
   </div>
   <div class='ocr_carea' id='block_1_7' title="bbox 316 651 1875 724">
    <p class='ocr_par' dir='ltr' id='par_1_7' title="bbox 316 651 1875 724">
     <span class='ocr_line' id='line_1_7' title="bbox 316 651 1875 724; baseline -0.003 -15"><span class='ocrx_word' id='word_1_30' title='bbox 316 656 659 709; x_wconf 72' lang='grc' dir='ltr'>Ἀναϐλύσω</span> <span class='ocrx_word' id='word_1_31' title='bbox 699 654 1085 724; x_wconf 79' lang='grc' dir='ltr'>προϐλήματα</span> <span class='ocrx_word' id='word_1_32' title='bbox 1113 654 1347 723; x_wconf 80' lang='grc' dir='ltr'>ἀρχαῖα.</span> <span class='ocrx_word' id='word_1_33' title='bbox 1377 654 1600 708; x_wconf 81' lang='grc' dir='ltr'>Μέλλων</span> <span class='ocrx_word' id='word_1_34' title='bbox 1636 653 1692 706; x_wconf 89' lang='grc' dir='ltr'>δέ</span> <span class='ocrx_word' id='word_1_35' title='bbox 1721 653 1750 704; x_wconf 92' lang='lat'>6</span> <span class='ocrx_word' id='word_1_36' title='bbox 1780 651 1875 704; x_wconf 75' lang='grc' dir='ltr'>τοῦ</span> 
     </span>
    </p>
   </div>
   <div class='ocr_carea' id='block_1_8' title="bbox 298 741 1875 817">
    <p class='ocr_par' dir='ltr' id='par_1_8' title="bbox 298 741 1875 817">
     <span class='ocr_line' id='line_1_8' title="bbox 298 741 1875 817; baseline -0.003 -18"><span class='ocrx_word' id='word_1_37' title='bbox 298 746 433 799; x_wconf 81' lang='grc' dir='ltr'>Θεοῦ</span> <span class='ocrx_word' id='word_1_38' title='bbox 471 747 641 813; x_wconf 83' lang='grc' dir='ltr'>Λόγος</span> <span class='ocrx_word' id='word_1_39' title='bbox 664 746 761 809; x_wconf 84' lang='grc' dir='ltr'>τάς</span> <span class='ocrx_word' id='word_1_40' title='bbox 806 746 1138 817; x_wconf 81' lang='grc' dir='ltr'>κατηγορίας</span> <span class='ocrx_word' id='word_1_41' title='bbox 1169 745 1261 799; x_wconf 84' lang='grc' dir='ltr'>τοῦ</span> <span class='ocrx_word' id='word_1_42' title='bbox 1299 746 1565 817; x_wconf 78' lang='grc' dir='ltr'>προτέρου</span> <span class='ocrx_word' id='word_1_43' title='bbox 1607 741 1875 796; x_wconf 88' lang='grc' dir='ltr'>ποιεῖσθαι</span> 
     </span>
    </p>
   </div>
   <div class='ocr_carea' id='block_1_9' title="bbox 296 836 1876 908">
    <p class='ocr_par' dir='ltr' id='par_1_9' title="bbox 296 836 1876 908">
     <span class='ocr_line' id='line_1_9' title="bbox 296 836 1876 908; baseline -0.003 -17"><span class='ocrx_word' id='word_1_44' title='bbox 296 839 447 900; x_wconf 77' lang='grc' dir='ltr'>λαοῦ,</span> <span class='ocrx_word' id='word_1_45' title='bbox 480 840 573 891; x_wconf 74' lang='grc' dir='ltr'>καὶ</span> <span class='ocrx_word' id='word_1_46' title='bbox 611 837 709 900; x_wconf 71' lang='grc' dir='ltr'>τὰς</span> <span class='ocrx_word' id='word_1_47' title='bbox 753 838 935 901; x_wconf 88' lang='grc' dir='ltr'>αίτίας</span> <span class='ocrx_word' id='word_1_48' title='bbox 966 839 1032 891; x_wconf 90' lang='grc' dir='ltr'>δι’</span> <span class='ocrx_word' id='word_1_49' title='bbox 1070 838 1136 903; x_wconf 75' lang='grc' dir='ltr'>ἃς</span> <span class='ocrx_word' id='word_1_50' title='bbox 1179 837 1545 908; x_wconf 76' lang='grc' dir='ltr'>ἀποϐέϐληται</span> <span class='ocrx_word' id='word_1_51' title='bbox 1581 836 1876 907; x_wconf 85' lang='grc' dir='ltr'>παρατίθε-</span> 
     </span>
    </p>
   </div>
   <div class='ocr_carea' id='block_1_10' title="bbox 299 928 1877 1001">
    <p class='ocr_par' dir='ltr' id='par_1_10' title="bbox 299 928 1877 1001">
     <span class='ocr_line' id='line_1_10' title="bbox 299 928 1877 1001; baseline -0.001 -18"><span class='ocrx_word' id='word_1_52' title='bbox 299 931 441 994; x_wconf 91' lang='grc' dir='ltr'>σθαι,</span> <span class='ocrx_word' id='word_1_53' title='bbox 476 931 786 998; x_wconf 84' lang='grc' dir='ltr'>ἀναγκαίως</span> <span class='ocrx_word' id='word_1_54' title='bbox 826 933 891 1001; x_wconf 82' lang='grc' dir='ltr'>τῇ</span> <span class='ocrx_word' id='word_1_55' title='bbox 936 931 1127 983; x_wconf 80' lang='grc' dir='ltr'>ἑαυτοῦ</span> <span class='ocrx_word' id='word_1_56' title='bbox 1169 929 1466 1001; x_wconf 67' lang='grc' dir='ltr'>Ἐκκλησία</span> <span class='ocrx_word' id='word_1_57' title='bbox 1509 928 1877 1001; x_wconf 87' lang='grc' dir='ltr'>παρακελεύε-</span> 
     </span>
    </p>
   </div>
   <div class='ocr_carea' id='block_1_11' title="bbox 296 1019 1875 1094">
    <p class='ocr_par' dir='ltr' id='par_1_11' title="bbox 296 1019 1875 1094">
     <span class='ocr_line' id='line_1_11' title="bbox 296 1019 1875 1094; baseline -0.001 -19"><span class='ocrx_word' id='word_1_58' title='bbox 296 1040 385 1075; x_wconf 87' lang='grc' dir='ltr'>ται</span> <span class='ocrx_word' id='word_1_59' title='bbox 416 1022 701 1094; x_wconf 81' lang='grc' dir='ltr'>προσέχειν</span> <span class='ocrx_word' id='word_1_60' title='bbox 730 1024 839 1084; x_wconf 82' lang='grc' dir='ltr'>τοῖς</span> <span class='ocrx_word' id='word_1_61' title='bbox 866 1022 1195 1093; x_wconf 77' lang='grc' dir='ltr'>λεγομένοις,</span> <span class='ocrx_word' id='word_1_62' title='bbox 1233 1022 1326 1074; x_wconf 70' lang='grc' dir='ltr'>καὶ</span> <span class='ocrx_word' id='word_1_63' title='bbox 1360 1021 1597 1073; x_wconf 82' lang='grc' dir='ltr'>συνιέναι</span> <span class='ocrx_word' id='word_1_64' title='bbox 1623 1019 1722 1083; x_wconf 84' lang='grc' dir='ltr'>τὰς</span> <span class='ocrx_word' id='word_1_65' title='bbox 1768 1038 1875 1073; x_wconf 80' lang='grc' dir='ltr'>πα-</span> 
     </span>
    </p>
   </div>
   <div class='ocr_carea' id='block_1_12' title="bbox 298 1109 1873 1183">
    <p class='ocr_par' dir='ltr' id='par_1_12' title="bbox 298 1109 1873 1183">
     <span class='ocr_line' id='line_1_12' title="bbox 298 1109 1873 1183; baseline -0.003 -17"><span class='ocrx_word' id='word_1_66' title='bbox 298 1113 547 1183; x_wconf 84' lang='grc' dir='ltr'>ραθέσεις</span> <span class='ocrx_word' id='word_1_67' title='bbox 591 1113 691 1183; x_wconf 86' lang='grc' dir='ltr'>τῆς</span> <span class='ocrx_word' id='word_1_68' title='bbox 730 1112 838 1165; x_wconf 85' lang='grc' dir='ltr'>τῶν</span> <span class='ocrx_word' id='word_1_69' title='bbox 884 1112 1128 1165; x_wconf 82' lang='grc' dir='ltr'>παλαιῶν</span> <span class='ocrx_word' id='word_1_70' title='bbox 1174 1112 1525 1183; x_wconf 79' lang='grc' dir='ltr'>κατηγορίας,</span> <span class='ocrx_word' id='word_1_71' title='bbox 1566 1110 1639 1173; x_wconf 86' lang='grc' dir='ltr'>ὼς</span> <span class='ocrx_word' id='word_1_72' title='bbox 1686 1109 1751 1163; x_wconf 83' lang='grc' dir='ltr'>ἂν</span> <span class='ocrx_word' id='word_1_73' title='bbox 1799 1111 1873 1183; x_wconf 80' lang='grc' dir='ltr'>μὴ</span> 
     </span>
    </p>
   </div>
   <div class='ocr_carea' id='block_1_13' title="bbox 294 1202 1873 1276">
    <p class='ocr_par' dir='ltr' id='par_1_13' title="bbox 294 1202 1873 1276">
     <span class='ocr_line' id='line_1_13' title="bbox 294 1202 1873 1276; baseline -0.003 -19"><span class='ocrx_word' id='word_1_74' title='bbox 294 1208 406 1268; x_wconf 91' lang='grc' dir='ltr'>τοῖς</span> <span class='ocrx_word' id='word_1_75' title='bbox 445 1206 624 1268; x_wconf 74' lang='grc' dir='ltr'>αὐτοῖς</span> <span class='ocrx_word' id='word_1_76' title='bbox 653 1204 959 1276; x_wconf 78' lang='grc' dir='ltr'>περιπέσοι,</span> <span class='ocrx_word' id='word_1_77' title='bbox 991 1202 1235 1274; x_wconf 82' lang='grc' dir='ltr'>μαθοῦσα</span> <span class='ocrx_word' id='word_1_78' title='bbox 1262 1204 1318 1256; x_wconf 79' lang='grc' dir='ltr'>δε</span> <span class='ocrx_word' id='word_1_79' title='bbox 1349 1205 1414 1256; x_wconf 86' lang='grc' dir='ltr'>ἐκ</span> <span class='ocrx_word' id='word_1_80' title='bbox 1446 1203 1544 1273; x_wconf 81' lang='grc' dir='ltr'>τῆς</span> <span class='ocrx_word' id='word_1_81' title='bbox 1575 1206 1703 1274; x_wconf 73' lang='grc' dir='ltr'>περὶ</span> <span class='ocrx_word' id='word_1_82' title='bbox 1730 1202 1873 1255; x_wconf 76' lang='grc' dir='ltr'>ἐκεί-</span> 
     </span>
    </p>
   </div>
   <div class='ocr_carea' id='block_1_14' title="bbox 296 1293 1874 1366">
    <p class='ocr_par' dir='ltr' id='par_1_14' title="bbox 296 1293 1874 1366">
     <span class='ocr_line' id='line_1_14' title="bbox 296 1293 1874 1366; baseline -0.002 -18"><span class='ocrx_word' id='word_1_83' title='bbox 296 1314 401 1348; x_wconf 87' lang='grc' dir='ltr'>νων</span> <span class='ocrx_word' id='word_1_84' title='bbox 442 1296 742 1366; x_wconf 82' lang='grc' dir='ltr'>διηγήσεως</span> <span class='ocrx_word' id='word_1_85' title='bbox 788 1297 969 1348; x_wconf 86' lang='grc' dir='ltr'>ὁποῖον</span> <span class='ocrx_word' id='word_1_86' title='bbox 1011 1296 1208 1357; x_wconf 79' lang='grc' dir='ltr'>αὐτοὺς</span> <span class='ocrx_word' id='word_1_87' title='bbox 1252 1293 1518 1358; x_wconf 77' lang='grc' dir='ltr'>διεδέξατο</span> <span class='ocrx_word' id='word_1_88' title='bbox 1558 1293 1727 1356; x_wconf 83' lang='grc' dir='ltr'>τέλος,</span> <span class='ocrx_word' id='word_1_89' title='bbox 1771 1311 1874 1345; x_wconf 88' lang='grc' dir='ltr'>σω-</span> 
     </span>
    </p>
   </div>
   <div class='ocr_carea' id='block_1_15' title="bbox 296 1384 1871 1458">
    <p class='ocr_par' dir='ltr' id='par_1_15' title="bbox 296 1384 1871 1458">
     <span class='ocr_line' id='line_1_15' title="bbox 296 1384 1871 1458; baseline -0.001 -19"><span class='ocrx_word' id='word_1_90' title='bbox 296 1388 599 1458; x_wconf 78' lang='grc' dir='ltr'>φρονίςοιτο</span> <span class='ocrx_word' id='word_1_91' title='bbox 624 1390 687 1439; x_wconf 81' lang='grc' dir='ltr'>ὲκ</span> <span class='ocrx_word' id='word_1_92' title='bbox 715 1387 809 1439; x_wconf 76' lang='grc' dir='ltr'>τοῦ</span> <span class='ocrx_word' id='word_1_93' title='bbox 840 1385 1298 1457; x_wconf 71' lang='grc' dir='ltr'>παραδείγματος.</span> <span class='ocrx_word' id='word_1_94' title='bbox 1345 1384 1527 1438; x_wconf 78' lang='grc' dir='ltr'>Εἰπὼν</span> <span class='ocrx_word' id='word_1_95' title='bbox 1545 1402 1558 1414; x_wconf 88' lang='grc'><strong>·</strong></span> <span class='ocrx_word' id='word_1_96' title='bbox 1588 1385 1871 1448; x_wconf 77' lang='grc' dir='ltr'>Διανοίξω</span> 
     </span>
    </p>
   </div>
   <div class='ocr_carea' id='block_1_16' title="bbox 292 1476 1871 1548">
    <p class='ocr_par' dir='ltr' id='par_1_16' title="bbox 292 1476 1871 1548">
     <span class='ocr_line' id='line_1_16' title="bbox 292 1476 1871 1548; baseline -0.003 -15"><span class='ocrx_word' id='word_1_97' title='bbox 292 1480 363 1533; x_wconf 82' lang='grc' dir='ltr'>ἐν</span> <span class='ocrx_word' id='word_1_98' title='bbox 393 1479 704 1547; x_wconf 75' lang='grc' dir='ltr'>παραϐολῇ</span> <span class='ocrx_word' id='word_1_99' title='bbox 740 1479 803 1531; x_wconf 86' lang='grc' dir='ltr'>τὸ</span> <span class='ocrx_word' id='word_1_100' title='bbox 850 1480 1042 1548; x_wconf 84' lang='grc' dir='ltr'>στόμα</span> <span class='ocrx_word' id='word_1_101' title='bbox 1082 1496 1216 1547; x_wconf 84' lang='grc' dir='ltr'>μου,</span> <span class='ocrx_word' id='word_1_102' title='bbox 1254 1476 1577 1547; x_wconf 74' lang='grc' dir='ltr'>φθέγξομαι</span> <span class='ocrx_word' id='word_1_103' title='bbox 1613 1476 1871 1544; x_wconf 75' lang='grc' dir='ltr'>προϐλή-</span> 
     </span>
    </p>
   </div>
   <div class='ocr_carea' id='block_1_17' title="bbox 287 1560 1868 1641">
    <p class='ocr_par' dir='ltr' id='par_1_17' title="bbox 287 1560 1868 1641">
     <span class='ocr_line' id='line_1_17' title="bbox 287 1560 1868 1641; baseline -0.001 -19"><span class='ocrx_word' id='word_1_104' title='bbox 287 1586 447 1639; x_wconf 83' lang='grc' dir='ltr'>ματα</span> <span class='ocrx_word' id='word_1_105' title='bbox 475 1569 573 1623; x_wconf 84' lang='grc' dir='ltr'>ἀ.τ’</span> <span class='ocrx_word' id='word_1_106' title='bbox 622 1569 833 1638; x_wconf 78' lang='grc' dir='ltr'>ἀρχῆς,</span> <span class='ocrx_word' id='word_1_107' title='bbox 869 1571 1117 1639; x_wconf 60' lang='grc' dir='ltr'>ἐπιφέρει</span> <span class='ocrx_word' id='word_1_108' title='bbox 1154 1570 1251 1626; x_wconf 87' lang='grc' dir='ltr'>τὰς</span> <span class='ocrx_word' id='word_1_109' title='bbox 1296 1567 1390 1621; x_wconf 83' lang='grc' dir='ltr'>τοῦ</span> <span class='ocrx_word' id='word_1_110' title='bbox 1432 1567 1697 1641; x_wconf 85' lang='grc' dir='ltr'>προτέρου</span> <span class='ocrx_word' id='word_1_111' title='bbox 1739 1560 1868 1621; x_wconf 69' lang='grc' dir='ltr'>λαοῦ</span> 
     </span>
    </p>
   </div>
   <div class='ocr_carea' id='block_1_18' title="bbox 292 1658 1869 1732">
    <p class='ocr_par' dir='ltr' id='par_1_18' title="bbox 292 1658 1869 1732">
     <span class='ocr_line' id='line_1_18' title="bbox 292 1658 1869 1732; baseline -0.001 -19"><span class='ocrx_word' id='word_1_112' title='bbox 292 1662 644 1732; x_wconf 78' lang='grc' dir='ltr'>κατηγορίας.</span> <span class='ocrx_word' id='word_1_113' title='bbox 694 1661 976 1732; x_wconf 77' lang='grc' dir='ltr'>Παραϐολῇ</span> <span class='ocrx_word' id='word_1_114' title='bbox 1018 1661 1125 1731; x_wconf 76' lang='grc' dir='ltr'>γάρ</span> <span class='ocrx_word' id='word_1_115' title='bbox 1178 1660 1405 1723; x_wconf 83' lang='grc' dir='ltr'>ἐκείνοις</span> <span class='ocrx_word' id='word_1_116' title='bbox 1448 1659 1713 1729; x_wconf 90' lang='grc' dir='ltr'>κέχρηται</span> <span class='ocrx_word' id='word_1_117' title='bbox 1747 1658 1869 1712; x_wconf 74' lang='grc' dir='ltr'>ἀντὶ</span> 
     </span>
    </p>
   </div>
   <div class='ocr_carea' id='block_1_19' title="bbox 295 1749 1868 1824">
    <p class='ocr_par' dir='ltr' id='par_1_19' title="bbox 295 1749 1868 1824">
     <span class='ocr_line' id='line_1_19' title="bbox 295 1749 1868 1824; baseline -0.003 -17"><span class='ocrx_word' id='word_1_118' title='bbox 295 1754 688 1823; x_wconf 82' lang='grc' dir='ltr'>ὑποδείγματος</span> <span class='ocrx_word' id='word_1_119' title='bbox 725 1756 804 1816; x_wconf 85' lang='grc' dir='ltr'>είς</span> <span class='ocrx_word' id='word_1_120' title='bbox 830 1753 1102 1824; x_wconf 79' lang='grc' dir='ltr'>ἡμετέραν</span> <span class='ocrx_word' id='word_1_121' title='bbox 1137 1752 1436 1805; x_wconf 83' lang='grc' dir='ltr'>νουθεσίαν.</span> <span class='ocrx_word' id='word_1_122' title='bbox 1463 1752 1573 1804; x_wconf 70' lang='grc' dir='ltr'>Καὶ</span> <span class='ocrx_word' id='word_1_123' title='bbox 1599 1749 1720 1803; x_wconf 85' lang='grc' dir='ltr'>καθ’</span> <span class='ocrx_word' id='word_1_124' title='bbox 1753 1750 1868 1803; x_wconf 84' lang='grc' dir='ltr'>ἐτέ-</span> 
     </span>
    </p>
   </div>
   <div class='ocr_carea' id='block_1_20' title="bbox 1978 562 3546 636">
    <p class='ocr_par' dir='ltr' id='par_1_20' title="bbox 1978 562 3546 636">
     <span class='ocr_line' id='line_1_20' title="bbox 1978 562 3546 636; baseline 0.002 -19"><span class='ocrx_word' id='word_1_125' title='bbox 1978 579 2171 623; x_wconf 88' lang='lat' dir='ltr'><strong>meum,</strong></span> <span class='ocrx_word' id='word_1_126' title='bbox 2207 562 2397 633; x_wconf 86' lang='lat' dir='ltr'><strong>loquar</strong></span> <span class='ocrx_word' id='word_1_127' title='bbox 2423 563 2806 633; x_wconf 84' lang='lat' dir='ltr'><strong>propositiones</strong></span> <span class='ocrx_word' id='word_1_128' title='bbox 2837 562 2901 615; x_wconf 83' lang='lat' dir='ltr'>ab</span> <span class='ocrx_word' id='word_1_129' title='bbox 2927 562 3099 627; x_wconf 87' lang='lat' dir='ltr'><strong>initio,</strong></span> <span class='ocrx_word' id='word_1_130' title='bbox 3132 563 3331 632; x_wconf 89' lang='lat' dir='ltr'><strong>prioris</strong></span> <span class='ocrx_word' id='word_1_131' title='bbox 3361 565 3546 636; x_wconf 84' lang='lat' dir='ltr'><strong>populi</strong></span> 
     </span>
    </p>
   </div>
   <div class='ocr_carea' id='block_1_21' title="bbox 1977 652 3544 726">
    <p class='ocr_par' dir='ltr' id='par_1_21' title="bbox 1977 652 3544 726">
     <span class='ocr_line' id='line_1_21' title="bbox 1977 652 3544 726; baseline 0.003 -18"><span class='ocrx_word' id='word_1_132' title='bbox 1977 654 2361 710; x_wconf 75' lang='lat' dir='ltr'>accusationes</span> <span class='ocrx_word' id='word_1_133' title='bbox 2387 654 2597 724; x_wconf 79' lang='lat' dir='ltr'>adjicit.</span> <span class='ocrx_word' id='word_1_134' title='bbox 2626 652 2892 709; x_wconf 89' lang='lat' dir='ltr'><strong>Parabola</strong></span> <span class='ocrx_word' id='word_1_135' title='bbox 2917 654 3117 726; x_wconf 88' lang='lat' dir='ltr'><strong>quippe</strong></span> <span class='ocrx_word' id='word_1_136' title='bbox 3146 656 3379 725; x_wconf 84' lang='lat' dir='ltr'><strong>exempli</strong></span> <span class='ocrx_word' id='word_1_137' title='bbox 3421 656 3544 713; x_wconf 90' lang='lat' dir='ltr'><strong>loco</strong></span> 
     </span>
    </p>
   </div>
   <div class='ocr_carea' id='block_1_22' title="bbox 1977 744 3545 805">
    <p class='ocr_par' dir='ltr' id='par_1_22' title="bbox 1977 744 3545 805">
     <span class='ocr_line' id='line_1_22' title="bbox 1977 744 3545 805; baseline 0.003 -4"><span class='ocrx_word' id='word_1_138' title='bbox 1977 747 2147 802; x_wconf 84' lang='lat' dir='ltr'><strong>utitur</strong></span> <span class='ocrx_word' id='word_1_139' title='bbox 2173 746 2240 800; x_wconf 91' lang='lat' dir='ltr'>ad</span> <span class='ocrx_word' id='word_1_140' title='bbox 2270 753 2515 801; x_wconf 89' lang='lat' dir='ltr'><strong>nostram</strong></span> <span class='ocrx_word' id='word_1_141' title='bbox 2568 746 2991 803; x_wconf 90' lang='lat' dir='ltr'><strong>institutionem.</strong></span> <span class='ocrx_word' id='word_1_142' title='bbox 3036 744 3347 803; x_wconf 87' lang='lat' dir='ltr'><strong>Secundum</strong></span> <span class='ocrx_word' id='word_1_143' title='bbox 3381 749 3545 805; x_wconf 88' lang='lat' dir='ltr'><strong>aliam</strong></span> 
     </span>
    </p>
   </div>
   <div class='ocr_carea' id='block_1_23' title="bbox 1976 839 3546 909">
    <p class='ocr_par' dir='ltr' id='par_1_23' title="bbox 1976 839 3546 909">
     <span class='ocr_line' id='line_1_23' title="bbox 1976 839 3546 909; baseline 0.002 -15"><span class='ocrx_word' id='word_1_144' title='bbox 1976 855 2107 894; x_wconf 75' lang='lat' dir='ltr'><strong>vero</strong></span> <span class='ocrx_word' id='word_1_145' title='bbox 2131 840 2438 909; x_wconf 79' lang='lat' dir='ltr'><strong>explicandi</strong></span> <span class='ocrx_word' id='word_1_146' title='bbox 2472 840 2740 894; x_wconf 87' lang='lat' dir='ltr'><strong>rationem</strong></span> <span class='ocrx_word' id='word_1_147' title='bbox 2782 840 2872 893; x_wconf 90' lang='lat' dir='ltr'>hic</span> <span class='ocrx_word' id='word_1_148' title='bbox 2915 856 3117 901; x_wconf 89' lang='lat' dir='ltr'><strong>sermo,</strong></span> <span class='ocrx_word' id='word_1_149' title='bbox 3164 841 3290 896; x_wconf 80' lang='lat' dir='ltr'><strong>ideo</strong></span> <span class='ocrx_word' id='word_1_150' title='bbox 3328 839 3546 898; x_wconf 86' lang='lat' dir='ltr'><strong>Judaici</strong></span> 
     </span>
    </p>
   </div>
   <div class='ocr_carea' id='block_1_24' title="bbox 1977 931 3538 1003">
    <p class='ocr_par' dir='ltr' id='par_1_24' title="bbox 1977 931 3538 1003">
     <span class='ocr_line' id='line_1_24' title="bbox 1977 931 3538 1003; baseline 0.001 -18"><span class='ocrx_word' id='word_1_151' title='bbox 1977 932 2158 1003; x_wconf 89' lang='lat' dir='ltr'><strong>populi</strong></span> <span class='ocrx_word' id='word_1_152' title='bbox 2196 931 2437 986; x_wconf 84' lang='lat' dir='ltr'><strong>facinora</strong></span> <span class='ocrx_word' id='word_1_153' title='bbox 2482 939 2785 995; x_wconf 75' lang='lat' dir='ltr'><strong>enumerat,</strong></span> <span class='ocrx_word' id='word_1_154' title='bbox 2827 933 2955 1003; x_wconf 92' lang='lat' dir='ltr'><strong>quia</strong></span> <span class='ocrx_word' id='word_1_155' title='bbox 2999 934 3251 1003; x_wconf 87' lang='lat' dir='ltr'><strong>superius</strong></span> <span class='ocrx_word' id='word_1_156' title='bbox 3280 934 3538 989; x_wconf 75' lang='lat' dir='ltr'><strong>dixerat:</strong></span> 
     </span>
    </p>
   </div>
   <div class='ocr_carea' id='block_1_25' title="bbox 1980 1023 3544 1096">
    <p class='ocr_par' dir='ltr' id='par_1_25' title="bbox 1980 1023 3544 1096">
     <span class='ocr_line' id='line_1_25' title="bbox 1980 1023 3544 1096; baseline 0.002 -19"><span class='ocrx_word' id='word_1_157' title='bbox 1980 1024 2200 1096; x_wconf 85' lang='lat' dir='ltr'><strong>thuid,</strong></span> <span class='ocrx_word' id='word_1_158' title='bbox 2264 1023 2427 1087; x_wconf 82' lang='lat' dir='ltr'><strong>Deus,</strong></span> <span class='ocrx_word' id='word_1_159' title='bbox 2466 1025 2709 1094; x_wconf 84' lang='lat' dir='ltr'><strong>repulisti</strong></span> <span class='ocrx_word' id='word_1_160' title='bbox 2749 1025 2805 1077; x_wconf 86' lang='lat' dir='ltr'>in</span> <span class='ocrx_word' id='word_1_161' title='bbox 2842 1026 3021 1093; x_wconf 73' lang='lat' dir='ltr'><strong>ﬁnem,</strong></span> <span class='ocrx_word' id='word_1_162' title='bbox 3060 1026 3230 1080; x_wconf 82' lang='lat' dir='ltr'><strong>iratus</strong></span> <span class='ocrx_word' id='word_1_163' title='bbox 3263 1034 3341 1081; x_wconf 81' lang='lat' dir='ltr'>est</span> <span class='ocrx_word' id='word_1_164' title='bbox 3390 1026 3544 1095; x_wconf 70' lang='lat' dir='ltr'><strong>furor</strong></span> 
     </span>
    </p>
   </div>
   <div class='ocr_carea' id='block_1_26' title="bbox 1975 1117 3545 1188">
    <p class='ocr_par' dir='ltr' id='par_1_26' title="bbox 1975 1117 3545 1188">
     <span class='ocr_line' id='line_1_26' title="bbox 1975 1117 3545 1188; baseline 0.003 -18"><span class='ocrx_word' id='word_1_165' title='bbox 1975 1127 2097 1170; x_wconf 84' lang='lat' dir='ltr'><strong>tuus</strong></span> <span class='ocrx_word' id='word_1_166' title='bbox 2143 1132 2297 1184; x_wconf 85' lang='lat' dir='ltr'><strong>super</strong></span> <span class='ocrx_word' id='word_1_167' title='bbox 2319 1133 2435 1169; x_wconf 85' lang='lat' dir='ltr'><strong>oves</strong></span> <span class='ocrx_word' id='word_1_168' title='bbox 2476 1131 2689 1184; x_wconf 79' lang='lat' dir='ltr'><strong>pascua:</strong></span> <span class='ocrx_word' id='word_1_169' title='bbox 2718 1126 2822 1171; x_wconf 76' lang='lat' dir='ltr'><strong>tua:</strong></span> <span class='ocrx_word' id='word_1_170' title='bbox 2863 1118 2925 1170; x_wconf 72' lang='lat'>&#39;1&#39;</span> <span class='ocrx_word' id='word_1_171' title='bbox 2959 1124 3010 1172; x_wconf 90' lang='lat' dir='ltr'>et</span> <span class='ocrx_word' id='word_1_172' title='bbox 3063 1118 3264 1172; x_wconf 83' lang='lat' dir='ltr'><strong>similia</strong></span> <span class='ocrx_word' id='word_1_173' title='bbox 3315 1133 3438 1188; x_wconf 66' lang='lat' dir='ltr'><strong>quae</strong></span> <span class='ocrx_word' id='word_1_174' title='bbox 3473 1117 3545 1174; x_wconf 85' lang='lat' dir='ltr'>de</span> 
     </span>
    </p>
   </div>
   <div class='ocr_carea' id='block_1_27' title="bbox 1972 1206 3543 1263">
    <p class='ocr_par' dir='ltr' id='par_1_27' title="bbox 1972 1206 3543 1263">
     <span class='ocr_line' id='line_1_27' title="bbox 1972 1206 3543 1263; baseline 0 0"><span class='ocrx_word' id='word_1_175' title='bbox 1972 1208 2188 1263; x_wconf 77' lang='lat' dir='ltr'><strong>illorum</strong></span> <span class='ocrx_word' id='word_1_176' title='bbox 2220 1206 2505 1261; x_wconf 90' lang='lat' dir='ltr'><strong>obsidione</strong></span> <span class='ocrx_word' id='word_1_177' title='bbox 2531 1206 2679 1260; x_wconf 81' lang='lat' dir='ltr'><strong>dicta</strong></span> <span class='ocrx_word' id='word_1_178' title='bbox 2718 1214 2870 1262; x_wconf 91' lang='lat' dir='ltr'><strong>sunt.</strong></span> <span class='ocrx_word' id='word_1_179' title='bbox 2905 1206 3039 1261; x_wconf 88' lang='lat' dir='ltr'>Nam</span> <span class='ocrx_word' id='word_1_180' title='bbox 3073 1208 3162 1262; x_wconf 85' lang='lat' dir='ltr'>hic</span> <span class='ocrx_word' id='word_1_181' title='bbox 3190 1223 3377 1262; x_wconf 88' lang='lat' dir='ltr'><strong>eorum</strong></span> <span class='ocrx_word' id='word_1_182' title='bbox 3409 1224 3543 1263; x_wconf 91' lang='lat' dir='ltr'><strong>cau-</strong></span> 
     </span>
    </p>
   </div>
   <div class='ocr_carea' id='block_1_28' title="bbox 1971 1294 3543 1367">
    <p class='ocr_par' dir='ltr' id='par_1_28' title="bbox 1971 1294 3543 1367">
     <span class='ocr_line' id='line_1_28' title="bbox 1971 1294 3543 1367; baseline -0.001 -15"><span class='ocrx_word' id='word_1_183' title='bbox 1971 1298 2282 1366; x_wconf 90' lang='lat' dir='ltr'><strong>sas&#39;aperit.</strong></span> <span class='ocrx_word' id='word_1_184' title='bbox 2318 1294 2383 1348; x_wconf 84' lang='lat' dir='ltr'><strong>Et</strong></span> <span class='ocrx_word' id='word_1_185' title='bbox 2413 1295 2539 1365; x_wconf 88' lang='lat' dir='ltr'><strong>quia</strong></span> <span class='ocrx_word' id='word_1_186' title='bbox 2588 1296 2644 1351; x_wconf 89' lang='lat' dir='ltr'>in</span> <span class='ocrx_word' id='word_1_187' title='bbox 2692 1296 3020 1366; x_wconf 52' lang='lat' dir='ltr'><strong>praecedenti</strong></span> <span class='ocrx_word' id='word_1_188' title='bbox 3080 1297 3290 1367; x_wconf 90' lang='lat' dir='ltr'><strong>psalmo</strong></span> <span class='ocrx_word' id='word_1_189' title='bbox 3334 1296 3543 1351; x_wconf 88' lang='lat' dir='ltr'><strong>dictum</strong></span> 
     </span>
    </p>
   </div>
   <div class='ocr_carea' id='block_1_29' title="bbox 1969 1385 3534 1457">
    <p class='ocr_par' dir='ltr' id='par_1_29' title="bbox 1969 1385 3534 1457">
     <span class='ocr_line' id='line_1_29' title="bbox 1969 1385 3534 1457; baseline -0.002 -13"><span class='ocrx_word' id='word_1_190' title='bbox 1969 1396 2096 1444; x_wconf 85' lang='lat' dir='ltr'><strong>est:</strong></span> <span class='ocrx_word' id='word_1_191' title='bbox 2152 1385 2408 1457; x_wconf 76' lang='lat' dir='ltr'><strong>Nunquid</strong></span> <span class='ocrx_word' id='word_1_192' title='bbox 2468 1387 2521 1439; x_wconf 89' lang='lat' dir='ltr'>in</span> <span class='ocrx_word' id='word_1_193' title='bbox 2576 1396 2830 1441; x_wconf 70' lang='lat' dir='ltr'><strong>(eternum</strong></span> <span class='ocrx_word' id='word_1_194' title='bbox 2885 1388 3128 1457; x_wconf 84' lang='lat' dir='ltr'><strong>projiciet</strong></span> <span class='ocrx_word' id='word_1_195' title='bbox 3180 1388 3457 1449; x_wconf 85' lang='lat' dir='ltr'><strong>Dominus,</strong></span> <span class='ocrx_word' id='word_1_196' title='bbox 3483 1396 3534 1441; x_wconf 88' lang='lat' dir='ltr'>et</span> 
     </span>
    </p>
   </div>
   <div class='ocr_carea' id='block_1_30' title="bbox 1971 1479 3542 1549">
    <p class='ocr_par' dir='ltr' id='par_1_30' title="bbox 1971 1479 3542 1549">
     <span class='ocr_line' id='line_1_30' title="bbox 1971 1479 3542 1549; baseline -0.001 -14"><span class='ocrx_word' id='word_1_197' title='bbox 1971 1497 2075 1535; x_wconf 86' lang='lat' dir='ltr'>non</span> <span class='ocrx_word' id='word_1_198' title='bbox 2103 1488 2326 1548; x_wconf 85' lang='lat' dir='ltr'><strong>apponet</strong></span> <span class='ocrx_word' id='word_1_199' title='bbox 2361 1487 2419 1531; x_wconf 89' lang='lat' dir='ltr'>ut</span> <span class='ocrx_word' id='word_1_200' title='bbox 2451 1479 2772 1548; x_wconf 88' lang='lat' dir='ltr'><strong>complaceat</strong></span> <span class='ocrx_word' id='word_1_201' title='bbox 2814 1480 3024 1536; x_wconf 82' lang='lat' dir='ltr'><strong>adhuc?</strong></span> <span class='ocrx_word' id='word_1_202' title='bbox 3049 1488 3141 1534; x_wconf 86' lang='lat' dir='ltr'>aut</span> <span class='ocrx_word' id='word_1_203' title='bbox 3172 1481 3227 1533; x_wconf 91' lang='lat' dir='ltr'>in</span> <span class='ocrx_word' id='word_1_204' title='bbox 3254 1481 3410 1549; x_wconf 78' lang='lat' dir='ltr'><strong>ﬁnem</strong></span> <span class='ocrx_word' id='word_1_205' title='bbox 3437 1481 3542 1535; x_wconf 82' lang='lat' dir='ltr'><strong>mi—</strong></span> 
     </span>
    </p>
   </div>
   <div class='ocr_carea' id='block_1_31' title="bbox 1968 1567 3542 1640">
    <p class='ocr_par' dir='ltr' id='par_1_31' title="bbox 1968 1567 3542 1640">
     <span class='ocr_line' id='line_1_31' title="bbox 1968 1567 3542 1640; baseline 0.001 -18"><span class='ocrx_word' id='word_1_206' title='bbox 1968 1567 2317 1622; x_wconf 86' lang='lat' dir='ltr'><strong>sericordiam</strong></span> <span class='ocrx_word' id='word_1_207' title='bbox 2344 1584 2499 1623; x_wconf 88' lang='lat' dir='ltr'><strong>suam</strong></span> <span class='ocrx_word' id='word_1_208' title='bbox 2538 1568 2831 1633; x_wconf 87' lang='lat' dir='ltr'><strong>abscindet,</strong></span> <span class='ocrx_word' id='word_1_209' title='bbox 2863 1587 2894 1623; x_wconf 93' lang='lat' dir='ltr'>a</span> <span class='ocrx_word' id='word_1_210' title='bbox 2934 1570 3268 1639; x_wconf 78' lang='lat' dir='ltr'><strong>generatione</strong></span> <span class='ocrx_word' id='word_1_211' title='bbox 3301 1570 3353 1623; x_wconf 84' lang='lat' dir='ltr'>in</span> <span class='ocrx_word' id='word_1_212' title='bbox 3385 1585 3542 1640; x_wconf 82' lang='lat' dir='ltr'><strong>gene-</strong></span> 
     </span>
    </p>
   </div>
   <div class='ocr_carea' id='block_1_32' title="bbox 1968 1658 3546 1723">
    <p class='ocr_par' dir='ltr' id='par_1_32' title="bbox 1968 1658 3546 1723">
     <span class='ocr_line' id='line_1_32' title="bbox 1968 1658 3546 1723; baseline 0.001 -11"><span class='ocrx_word' id='word_1_213' title='bbox 1968 1661 2267 1715; x_wconf 82' lang='lat' dir='ltr'><strong>rationem?</strong></span> <span class='ocrx_word' id='word_1_214' title='bbox 2309 1670 2401 1713; x_wconf 89' lang='lat' dir='ltr'>aut</span> <span class='ocrx_word' id='word_1_215' title='bbox 2445 1658 2778 1713; x_wconf 78' lang='lat' dir='ltr'><strong>obliviscetur</strong></span> <span class='ocrx_word' id='word_1_216' title='bbox 2823 1661 3060 1715; x_wconf 76' lang='lat' dir='ltr'><strong>misereri</strong></span> <span class='ocrx_word' id='word_1_217' title='bbox 3106 1660 3268 1723; x_wconf 90' lang='lat' dir='ltr'><strong>Deus,</strong></span> <span class='ocrx_word' id='word_1_218' title='bbox 3296 1669 3388 1713; x_wconf 90' lang='lat' dir='ltr'>aut</span> <span class='ocrx_word' id='word_1_219' title='bbox 3422 1676 3546 1715; x_wconf 86' lang='lat' dir='ltr'><strong>con-</strong></span> 
     </span>
    </p>
   </div>
   <div class='ocr_carea' id='block_1_33' title="bbox 1970 1750 3543 1821">
    <p class='ocr_par' dir='ltr' id='par_1_33' title="bbox 1970 1750 3543 1821">
     <span class='ocr_line' id='line_1_33' title="bbox 1970 1750 3543 1821; baseline 0.001 -17"><span class='ocrx_word' id='word_1_220' title='bbox 1970 1750 2151 1804; x_wconf 83' lang='lat' dir='ltr'><strong>tinebit</strong></span> <span class='ocrx_word' id='word_1_221' title='bbox 2182 1752 2235 1804; x_wconf 86' lang='lat' dir='ltr'>in</span> <span class='ocrx_word' id='word_1_222' title='bbox 2261 1751 2345 1805; x_wconf 89' lang='lat' dir='ltr'>ira</span> <span class='ocrx_word' id='word_1_223' title='bbox 2374 1767 2473 1805; x_wconf 87' lang='lat' dir='ltr'>sua</span> <span class='ocrx_word' id='word_1_224' title='bbox 2495 1751 2887 1805; x_wconf 77' lang='lat' dir='ltr'><strong>misericordias</strong></span> <span class='ocrx_word' id='word_1_225' title='bbox 2914 1768 3040 1805; x_wconf 77' lang='lat' dir='ltr'><strong>suas</strong></span> <span class='ocrx_word' id='word_1_226' title='bbox 3058 1754 3085 1804; x_wconf 79' lang='lat'><strong><em>?</em></strong></span> <span class='ocrx_word' id='word_1_227' title='bbox 3117 1751 3239 1821; x_wconf 89' lang='lat' dir='ltr'><strong>jure</strong></span> <span class='ocrx_word' id='word_1_228' title='bbox 3261 1758 3386 1821; x_wconf 87' lang='lat' dir='ltr'><strong>post</strong></span> <span class='ocrx_word' id='word_1_229' title='bbox 3424 1751 3543 1805; x_wconf 74' lang='lat' dir='ltr'><strong>htec</strong></span> 
     </span>
    </p>
   </div>
   <div class='ocr_carea' id='block_1_34' title="bbox 296 1841 1863 1918">
    <p class='ocr_par' dir='ltr' id='par_1_34' title="bbox 296 1843 1863 1918">
     <span class='ocr_line' id='line_1_34' title="bbox 296 1843 1863 1918; baseline -0.002 -19"><span class='ocrx_word' id='word_1_230' title='bbox 296 1865 393 1918; x_wconf 84' lang='grc' dir='ltr'>ραν</span> <span class='ocrx_word' id='word_1_231' title='bbox 417 1847 471 1899; x_wconf 86' lang='grc' dir='ltr'>δὲ</span> <span class='ocrx_word' id='word_1_232' title='bbox 517 1846 753 1899; x_wconf 82' lang='grc' dir='ltr'>διάνοιαν</span> <span class='ocrx_word' id='word_1_233' title='bbox 792 1849 819 1899; x_wconf 93' lang='lat'>6</span> <span class='ocrx_word' id='word_1_234' title='bbox 850 1845 1036 1916; x_wconf 86' lang='grc' dir='ltr'>παρὼν</span> <span class='ocrx_word' id='word_1_235' title='bbox 1072 1845 1225 1915; x_wconf 78' lang='grc' dir='ltr'>λόγος</span> <span class='ocrx_word' id='word_1_236' title='bbox 1262 1845 1361 1909; x_wconf 85' lang='grc' dir='ltr'>τὰς</span> <span class='ocrx_word' id='word_1_237' title='bbox 1405 1845 1745 1915; x_wconf 83' lang='grc' dir='ltr'>παρανομίας</span> <span class='ocrx_word' id='word_1_238' title='bbox 1774 1843 1863 1897; x_wconf 79' lang='grc' dir='ltr'>τοῦ</span> 
     </span>
    </p>
   </div>
   <div class='ocr_carea' id='block_1_35' title="bbox 1966 1841 3540 1918">
    <p class='ocr_par' dir='ltr' id='par_1_35' title="bbox 1973 1841 3540 1913">
     <span class='ocr_line' id='line_1_35' title="bbox 1973 1841 3540 1913; baseline 0 -17"><span class='ocrx_word' id='word_1_239' title='bbox 1973 1844 2256 1913; x_wconf 83' lang='lat' dir='ltr'><strong>proposita</strong></span> <span class='ocrx_word' id='word_1_240' title='bbox 2311 1842 2498 1906; x_wconf 88' lang='lat' dir='ltr'><strong>dubia,</strong></span> <span class='ocrx_word' id='word_1_241' title='bbox 2559 1858 2759 1899; x_wconf 89' lang='lat' dir='ltr'><strong>causas</strong></span> <span class='ocrx_word' id='word_1_242' title='bbox 2799 1852 3047 1898; x_wconf 87' lang='lat' dir='ltr'><strong>recenset</strong></span> <span class='ocrx_word' id='word_1_243' title='bbox 3106 1858 3205 1897; x_wconf 89' lang='lat' dir='ltr'>cur</span> <span class='ocrx_word' id='word_1_244' title='bbox 3252 1841 3540 1897; x_wconf 70' lang='lat' dir='ltr'><strong>Iudaicam</strong></span> 
     </span>
    </p>
   </div>
   <div class='ocr_carea' id='block_1_36' title="bbox 304 1936 1869 2008">
    <p class='ocr_par' dir='ltr' id='par_1_36' title="bbox 304 1936 1869 2008">
     <span class='ocr_line' id='line_1_36' title="bbox 304 1936 1869 2008; baseline -0.003 -17"><span class='ocrx_word' id='word_1_245' title='bbox 304 1939 570 1991; x_wconf 80' lang='grc' dir='ltr'>Ἰουδαίων</span> <span class='ocrx_word' id='word_1_246' title='bbox 617 1937 801 2000; x_wconf 82' lang='grc' dir='ltr'>ἔθνους</span> <span class='ocrx_word' id='word_1_247' title='bbox 852 1936 1413 2008; x_wconf 84' lang='grc' dir='ltr'>συγκαταριθμεῖται,</span> <span class='ocrx_word' id='word_1_248' title='bbox 1465 1936 1759 2007; x_wconf 80' lang='grc' dir='ltr'>ἐπειδήπερ</span> <span class='ocrx_word' id='word_1_249' title='bbox 1812 1936 1869 1987; x_wconf 79' lang='grc' dir='ltr'>ὲν</span> 
     </span>
    </p>
   </div>
   <div class='ocr_carea' id='block_1_37' title="bbox 290 2024 1869 2100">
    <p class='ocr_par' dir='ltr' id='par_1_37' title="bbox 290 2024 1869 2100">
     <span class='ocr_line' id='line_1_37' title="bbox 290 2024 1869 2100; baseline -0.003 -18"><span class='ocrx_word' id='word_1_250' title='bbox 290 2033 400 2093; x_wconf 88' lang='grc' dir='ltr'>τοῖς</span> <span class='ocrx_word' id='word_1_251' title='bbox 434 2028 739 2100; x_wconf 76' lang='grc' dir='ltr'>ἔμπροσθεν</span> <span class='ocrx_word' id='word_1_252' title='bbox 781 2028 1024 2097; x_wconf 89' lang='grc' dir='ltr'>ἐλέγετο·</span> <span class='ocrx_word' id='word_1_253' title='bbox 1068 2030 1191 2081; x_wconf 87' lang='grc' dir='ltr'>Ἵνα</span> <span class='ocrx_word' id='word_1_254' title='bbox 1238 2028 1315 2094; x_wconf 86' lang='grc' dir='ltr'>τί,</span> <span class='ocrx_word' id='word_1_255' title='bbox 1367 2030 1400 2081; x_wconf 84' lang='grc' dir='ltr'>ό</span> <span class='ocrx_word' id='word_1_256' title='bbox 1436 2026 1599 2093; x_wconf 85' lang='grc' dir='ltr'>Θεὸς,</span> <span class='ocrx_word' id='word_1_257' title='bbox 1650 2024 1869 2081; x_wconf 80' lang='grc' dir='ltr'>ἀπώσω</span> 
     </span>
    </p>
   </div>
   <div class='ocr_carea' id='block_1_38' title="bbox 289 2118 1868 2189">
    <p class='ocr_par' dir='ltr' id='par_1_38' title="bbox 289 2118 1868 2189">
     <span class='ocr_line' id='line_1_38' title="bbox 289 2118 1868 2189; baseline -0.003 -13"><span class='ocrx_word' id='word_1_258' title='bbox 289 2123 376 2187; x_wconf 60' lang='grc' dir='ltr'>τις</span> <span class='ocrx_word' id='word_1_259' title='bbox 402 2122 594 2187; x_wconf 83' lang='grc' dir='ltr'>τέλος,</span> <span class='ocrx_word' id='word_1_260' title='bbox 629 2121 889 2189; x_wconf 76' lang='grc' dir='ltr'>ὠργίσθη</span> <span class='ocrx_word' id='word_1_261' title='bbox 918 2124 949 2173; x_wconf 86' lang='grc' dir='ltr'>ό</span> <span class='ocrx_word' id='word_1_262' title='bbox 976 2121 1160 2189; x_wconf 81' lang='grc' dir='ltr'>θυμός</span> <span class='ocrx_word' id='word_1_263' title='bbox 1190 2134 1305 2173; x_wconf 89' lang='grc' dir='ltr'>σου</span> <span class='ocrx_word' id='word_1_264' title='bbox 1347 2118 1445 2171; x_wconf 76' lang='grc' dir='ltr'>ἐπὶ</span> <span class='ocrx_word' id='word_1_265' title='bbox 1478 2120 1742 2188; x_wconf 76' lang='grc' dir='ltr'>πρόϐατα</span> <span class='ocrx_word' id='word_1_266' title='bbox 1769 2136 1868 2171; x_wconf 90' lang='grc' dir='ltr'>νο-</span> 
     </span>
    </p>
   </div>
   <div class='ocr_carea' id='block_1_39' title="bbox 286 2210 1866 2283">
    <p class='ocr_par' dir='ltr' id='par_1_39' title="bbox 286 2210 1866 2283">
     <span class='ocr_line' id='line_1_39' title="bbox 286 2210 1866 2283; baseline -0.006 -13"><span class='ocrx_word' id='word_1_267' title='bbox 286 2212 406 2282; x_wconf 85' lang='grc' dir='ltr'>μῆς</span> <span class='ocrx_word' id='word_1_268' title='bbox 434 2229 549 2268; x_wconf 89' lang='grc' dir='ltr'>σου</span> <span class='ocrx_word' id='word_1_269' title='bbox 572 2229 590 2277; x_wconf 91' lang='grc'><strong><em>;</em></strong></span> <span class='ocrx_word' id='word_1_270' title='bbox 622 2214 716 2266; x_wconf 72' lang='grc' dir='ltr'>καὶ</span> <span class='ocrx_word' id='word_1_271' title='bbox 748 2215 846 2265; x_wconf 83' lang='grc' dir='ltr'>ὅσα</span> <span class='ocrx_word' id='word_1_272' title='bbox 874 2212 1010 2266; x_wconf 84' lang='grc' dir='ltr'>ἄλλα</span> <span class='ocrx_word' id='word_1_273' title='bbox 1048 2213 1174 2283; x_wconf 75' lang='grc' dir='ltr'>περὶ</span> <span class='ocrx_word' id='word_1_274' title='bbox 1208 2214 1307 2283; x_wconf 76' lang='grc' dir='ltr'>τῆς</span> <span class='ocrx_word' id='word_1_275' title='bbox 1331 2210 1744 2281; x_wconf 77' lang='grc' dir='ltr'>καταλαϐούσης</span> <span class='ocrx_word' id='word_1_276' title='bbox 1769 2211 1866 2262; x_wconf 82' lang='grc' dir='ltr'>αύ-</span> 
     </span>
    </p>
   </div>
   <div class='ocr_carea' id='block_1_40' title="bbox 288 2301 1864 2375">
    <p class='ocr_par' dir='ltr' id='par_1_40' title="bbox 288 2301 1864 2375">
     <span class='ocr_line' id='line_1_40' title="bbox 288 2301 1864 2375; baseline -0.001 -19"><span class='ocrx_word' id='word_1_277' title='bbox 288 2306 412 2367; x_wconf 77' lang='grc' dir='ltr'>τοὺς</span> <span class='ocrx_word' id='word_1_278' title='bbox 458 2304 771 2375; x_wconf 87' lang='grc' dir='ltr'>πολιορκίας</span> <span class='ocrx_word' id='word_1_279' title='bbox 820 2304 1053 2372; x_wconf 87' lang='grc' dir='ltr'>ἐλέγετο.</span> <span class='ocrx_word' id='word_1_280' title='bbox 1105 2303 1215 2367; x_wconf 82' lang='grc' dir='ltr'>Τὰς</span> <span class='ocrx_word' id='word_1_281' title='bbox 1268 2301 1377 2374; x_wconf 80' lang='grc' dir='ltr'>γὰρ</span> <span class='ocrx_word' id='word_1_282' title='bbox 1431 2303 1634 2356; x_wconf 85' lang='grc' dir='ltr'>τούτων</span> <span class='ocrx_word' id='word_1_283' title='bbox 1684 2302 1864 2365; x_wconf 87' lang='grc' dir='ltr'>αἰτίας</span> 
     </span>
    </p>
   </div>
   <div class='ocr_carea' id='block_1_41' title="bbox 1972 1932 3534 2004">
    <p class='ocr_par' dir='ltr' id='par_1_41' title="bbox 1972 1932 3534 2004">
     <span class='ocr_line' id='line_1_41' title="bbox 1972 1932 3534 2004; baseline -0.001 -15"><span class='ocrx_word' id='word_1_284' title='bbox 1972 1945 2183 2004; x_wconf 81' lang='lat' dir='ltr'><strong>gentem</strong></span> <span class='ocrx_word' id='word_1_285' title='bbox 2209 1934 2287 1987; x_wconf 91' lang='lat' dir='ltr'>ira</span> <span class='ocrx_word' id='word_1_286' title='bbox 2315 1935 2369 1988; x_wconf 92' lang='lat' dir='ltr'>in</span> <span class='ocrx_word' id='word_1_287' title='bbox 2400 1934 2559 1989; x_wconf 83' lang='lat' dir='ltr'><strong>linem</strong></span> <span class='ocrx_word' id='word_1_288' title='bbox 2596 1935 2876 1990; x_wconf 86' lang='lat' dir='ltr'><strong>invaserit.</strong></span> <span class='ocrx_word' id='word_1_289' title='bbox 2918 1935 3146 2003; x_wconf 86' lang='lat' dir='ltr'><strong>Ipseque</strong></span> <span class='ocrx_word' id='word_1_290' title='bbox 3176 1932 3434 1989; x_wconf 75' lang='lat' dir='ltr'><strong>Servatur</strong></span> <span class='ocrx_word' id='word_1_291' title='bbox 3474 1935 3534 1987; x_wconf 90' lang='lat' dir='ltr'>in</span> 
     </span>
    </p>
   </div>
   <div class='ocr_carea' id='block_1_42' title="bbox 1971 2026 3536 2097">
    <p class='ocr_par' dir='ltr' id='par_1_42' title="bbox 1971 2026 3536 2097">
     <span class='ocr_line' id='line_1_42' title="bbox 1971 2026 3536 2097; baseline -0.003 -17"><span class='ocrx_word' id='word_1_292' title='bbox 1971 2027 2303 2097; x_wconf 85' lang='lat' dir='ltr'><strong>Evangeliis,</strong></span> <span class='ocrx_word' id='word_1_293' title='bbox 2358 2027 2629 2081; x_wconf 88' lang='lat' dir='ltr'><strong>similibus</strong></span> <span class='ocrx_word' id='word_1_294' title='bbox 2695 2043 2792 2082; x_wconf 82' lang='lat' dir='ltr'>eos</span> <span class='ocrx_word' id='word_1_295' title='bbox 2855 2026 3016 2082; x_wconf 89' lang='lat' dir='ltr'><strong>dictis</strong></span> <span class='ocrx_word' id='word_1_296' title='bbox 3074 2026 3536 2096; x_wconf 66' lang='lat' dir='ltr'><strong>alloquebatur“:</strong></span> 
     </span>
    </p>
   </div>
   <div class='ocr_carea' id='block_1_43' title="bbox 1971 2115 3541 2187">
    <p class='ocr_par' dir='ltr' id='par_1_43' title="bbox 1971 2115 3541 2187">
     <span class='ocr_line' id='line_1_43' title="bbox 1971 2115 3541 2187; baseline -0.003 -16"><span class='ocrx_word' id='word_1_297' title='bbox 1971 2117 2185 2183; x_wconf 81' lang='lat' dir='ltr'><strong>Quoties</strong></span> <span class='ocrx_word' id='word_1_298' title='bbox 2208 2118 2347 2171; x_wconf 83' lang='lat' dir='ltr'><strong>volui</strong></span> <span class='ocrx_word' id='word_1_299' title='bbox 2399 2134 2711 2187; x_wconf 84' lang='lat' dir='ltr'><strong>congregare</strong></span> <span class='ocrx_word' id='word_1_300' title='bbox 2741 2117 2880 2186; x_wconf 87' lang='lat' dir='ltr'><strong>ﬁlios</strong></span> <span class='ocrx_word' id='word_1_301' title='bbox 2914 2127 3053 2178; x_wconf 87' lang='lat' dir='ltr'><strong>tuos,</strong></span> <span class='ocrx_word' id='word_1_302' title='bbox 3098 2115 3541 2187; x_wconf 84' lang='lat' dir='ltr'><strong>quemadmodum</strong></span> 
     </span>
    </p>
   </div>
   <div class='ocr_carea' id='block_1_44' title="bbox 1966 2208 3541 2281">
    <p class='ocr_par' dir='ltr' id='par_1_44' title="bbox 1966 2208 3541 2281">
     <span class='ocr_line' id='line_1_44' title="bbox 1966 2208 3541 2281; baseline -0.001 -17"><span class='ocrx_word' id='word_1_303' title='bbox 1966 2211 2172 2281; x_wconf 83' lang='lat' dir='ltr'><strong>gallina</strong></span> <span class='ocrx_word' id='word_1_304' title='bbox 2200 2219 2476 2281; x_wconf 84' lang='lat' dir='ltr'><strong>congregat</strong></span> <span class='ocrx_word' id='word_1_305' title='bbox 2508 2210 2681 2279; x_wconf 85' lang='lat' dir='ltr'><strong>pullos</strong></span> <span class='ocrx_word' id='word_1_306' title='bbox 2716 2226 2837 2264; x_wconf 85' lang='lat' dir='ltr'><strong>suos</strong></span> <span class='ocrx_word' id='word_1_307' title='bbox 2869 2208 2965 2263; x_wconf 84' lang='lat' dir='ltr'>sub</span> <span class='ocrx_word' id='word_1_308' title='bbox 3020 2210 3160 2277; x_wconf 86' lang='lat' dir='ltr'><strong>alas,</strong></span> <span class='ocrx_word' id='word_1_309' title='bbox 3182 2218 3231 2263; x_wconf 91' lang='lat' dir='ltr'>et</span> <span class='ocrx_word' id='word_1_310' title='bbox 3255 2208 3541 2263; x_wconf 71' lang='lat' dir='ltr'><strong>noluistis?</strong></span> 
     </span>
    </p>
   </div>
   <div class='ocr_carea' id='block_1_45' title="bbox 1969 2299 3307 2370">
    <p class='ocr_par' dir='ltr' id='par_1_45' title="bbox 1969 2299 3307 2370">
     <span class='ocr_line' id='line_1_45' title="bbox 1969 2299 3307 2370; baseline 0.001 -17"><span class='ocrx_word' id='word_1_311' title='bbox 1969 2299 2105 2354; x_wconf 85' lang='lat' dir='ltr'><strong>Ecce</strong></span> <span class='ocrx_word' id='word_1_312' title='bbox 2128 2301 2452 2370; x_wconf 80' lang='lat' dir='ltr'><strong>relinquetur</strong></span> <span class='ocrx_word' id='word_1_313' title='bbox 2481 2300 2622 2354; x_wconf 84' lang='lat' dir='ltr'><strong>vobis</strong></span> <span class='ocrx_word' id='word_1_314' title='bbox 2654 2300 2840 2354; x_wconf 84' lang='lat' dir='ltr'><strong>domus</strong></span> <span class='ocrx_word' id='word_1_315' title='bbox 2875 2309 3049 2354; x_wconf 80' lang='lat' dir='ltr'><strong>vestra</strong></span> <span class='ocrx_word' id='word_1_316' title='bbox 3078 2299 3307 2355; x_wconf 83' lang='lat' dir='ltr'><strong>deserta.</strong></span> 
     </span>
    </p>
   </div>
   <div class='ocr_carea' id='block_1_46' title="bbox 289 2390 3540 2467">
    <p class='ocr_par' dir='ltr' id='par_1_46' title="bbox 289 2390 3540 2467">
     <span class='ocr_line' id='line_1_46' title="bbox 289 2390 3540 2467; baseline -0.002 -18"><span class='ocrx_word' id='word_1_317' title='bbox 289 2397 577 2467; x_wconf 84' lang='grc' dir='ltr'>παρίστησι</span> <span class='ocrx_word' id='word_1_318' title='bbox 623 2396 712 2449; x_wconf 81' lang='grc' dir='ltr'>διὰ</span> <span class='ocrx_word' id='word_1_319' title='bbox 741 2396 849 2449; x_wconf 85' lang='grc' dir='ltr'>τῶν</span> <span class='ocrx_word' id='word_1_320' title='bbox 884 2395 1277 2466; x_wconf 77' lang='grc' dir='ltr'>προκειμένων.</span> <span class='ocrx_word' id='word_1_321' title='bbox 1332 2395 1437 2448; x_wconf 74' lang='grc' dir='ltr'>Καὶ</span> <span class='ocrx_word' id='word_1_322' title='bbox 1505 2394 1693 2464; x_wconf 79' lang='grc' dir='ltr'>ἐπειδὴ</span> <span class='ocrx_word' id='word_1_323' title='bbox 1735 2396 1792 2446; x_wconf 92' lang='grc' dir='ltr'>ἐν</span> <span class='ocrx_word' id='word_1_324' title='bbox 1860 2390 1939 2462; x_wconf 82' lang='grc' dir='ltr'>τῷ</span> <span class='ocrx_word' id='word_1_325' title='bbox 1971 2392 2078 2464; x_wconf 82' lang='grc' dir='ltr'>πρὸ</span> <span class='ocrx_word' id='word_1_326' title='bbox 2122 2392 2309 2445; x_wconf 88' lang='grc' dir='ltr'>τούτου</span> <span class='ocrx_word' id='word_1_327' title='bbox 2355 2392 2569 2461; x_wconf 79' lang='grc' dir='ltr'>ἐλέγετο</span> <span class='ocrx_word' id='word_1_328' title='bbox 2606 2391 2833 2463; x_wconf 74' lang='grc' dir='ltr'>ψαλμῷ·</span> <span class='ocrx_word' id='word_1_329' title='bbox 2871 2392 2967 2460; x_wconf 76' lang='grc' dir='ltr'>Μή</span> <span class='ocrx_word' id='word_1_330' title='bbox 3014 2395 3095 2458; x_wconf 81' lang='grc' dir='ltr'>είς</span> <span class='ocrx_word' id='word_1_331' title='bbox 3134 2392 3277 2458; x_wconf 86' lang='grc' dir='ltr'>τοὺς</span> <span class='ocrx_word' id='word_1_332' title='bbox 3320 2390 3540 2458; x_wconf 61' lang='grc' dir='ltr'>αἰῶνας</span> 
     </span>
    </p>
   </div>
   <div class='ocr_carea' id='block_1_47' title="bbox 287 2473 3538 2561">
    <p class='ocr_par' dir='ltr' id='par_1_47' title="bbox 287 2473 3538 2561">
     <span class='ocr_line' id='line_1_47' title="bbox 287 2473 3538 2561; baseline -0.002 -14"><span class='ocrx_word' id='word_1_333' title='bbox 287 2492 583 2547; x_wconf 80' lang='grc' dir='ltr'>ἀπώσεται</span> <span class='ocrx_word' id='word_1_334' title='bbox 618 2494 849 2561; x_wconf 84' lang='grc' dir='ltr'>Κύριος,</span> <span class='ocrx_word' id='word_1_335' title='bbox 882 2492 976 2545; x_wconf 77' lang='grc' dir='ltr'>καὶ</span> <span class='ocrx_word' id='word_1_336' title='bbox 1008 2494 1078 2545; x_wconf 85' lang='grc' dir='ltr'>οὺ</span> <span class='ocrx_word' id='word_1_337' title='bbox 1107 2489 1439 2558; x_wconf 78' lang='grc' dir='ltr'>προσθήσει</span> <span class='ocrx_word' id='word_1_338' title='bbox 1466 2490 1570 2544; x_wconf 90' lang='grc' dir='ltr'>τοῦ</span> <span class='ocrx_word' id='word_1_339' title='bbox 1597 2489 1922 2557; x_wconf 73' lang='grc' dir='ltr'>εὐδοκήσαι</span> <span class='ocrx_word' id='word_1_340' title='bbox 1952 2490 2071 2552; x_wconf 82' lang='grc' dir='ltr'>ἐτι;</span> <span class='ocrx_word' id='word_1_341' title='bbox 2096 2487 2134 2557; x_wconf 80' lang='grc' dir='ltr'>ἢ</span> <span class='ocrx_word' id='word_1_342' title='bbox 2161 2490 2248 2555; x_wconf 78' lang='grc' dir='ltr'>είς</span> <span class='ocrx_word' id='word_1_343' title='bbox 2276 2487 2452 2554; x_wconf 69' lang='grc' dir='ltr'>τέ’λος</span> <span class='ocrx_word' id='word_1_344' title='bbox 2499 2488 2565 2542; x_wconf 85' lang='grc' dir='ltr'>τὸ</span> <span class='ocrx_word' id='word_1_345' title='bbox 2592 2487 2763 2554; x_wconf 80' lang='grc' dir='ltr'>ἕλεος</span> <span class='ocrx_word' id='word_1_346' title='bbox 2821 2473 3005 2542; x_wconf 74' lang='grc' dir='ltr'>αὐτοῦ</span> <span class='ocrx_word' id='word_1_347' title='bbox 3063 2489 3359 2556; x_wconf 76' lang='grc' dir='ltr'>ἀποκόψει</span> <span class='ocrx_word' id='word_1_348' title='bbox 3416 2488 3538 2542; x_wconf 81' lang='grc' dir='ltr'>ἀπὸ</span> 
     </span>
    </p>
   </div>
   <div class='ocr_carea' id='block_1_48' title="bbox 290 2566 3539 2657">
    <p class='ocr_par' dir='ltr' id='par_1_48' title="bbox 290 2566 3539 2657">
     <span class='ocr_line' id='line_1_48' title="bbox 290 2566 3539 2657; baseline -0.002 -15"><span class='ocrx_word' id='word_1_349' title='bbox 290 2589 496 2657; x_wconf 81' lang='grc' dir='ltr'>γενεᾶς</span> <span class='ocrx_word' id='word_1_350' title='bbox 570 2591 657 2655; x_wconf 79' lang='grc' dir='ltr'>εὶς</span> <span class='ocrx_word' id='word_1_351' title='bbox 699 2587 945 2657; x_wconf 85' lang='grc' dir='ltr'>γενεάν;</span> <span class='ocrx_word' id='word_1_352' title='bbox 980 2586 1014 2654; x_wconf 78' lang='grc' dir='ltr'>ἢ</span> <span class='ocrx_word' id='word_1_353' title='bbox 1064 2566 1415 2651; x_wconf 73' lang='grc' dir='ltr'>ἐπιλήσεται</span> <span class='ocrx_word' id='word_1_354' title='bbox 1496 2585 1601 2639; x_wconf 86' lang='grc' dir='ltr'>τοῦ</span> <span class='ocrx_word' id='word_1_355' title='bbox 1644 2582 2012 2653; x_wconf 72' lang='grc' dir='ltr'>οἰκτειρήσω</span> <span class='ocrx_word' id='word_1_356' title='bbox 2059 2586 2093 2638; x_wconf 86' lang='grc' dir='ltr'>ό</span> <span class='ocrx_word' id='word_1_357' title='bbox 2142 2584 2307 2650; x_wconf 84' lang='grc' dir='ltr'>Θεὸς,</span> <span class='ocrx_word' id='word_1_358' title='bbox 2350 2582 2388 2653; x_wconf 84' lang='grc' dir='ltr'><strong><em>ἣ</em></strong></span> <span class='ocrx_word' id='word_1_359' title='bbox 2437 2582 2681 2648; x_wconf 80' lang='grc' dir='ltr'>συνέξει</span> <span class='ocrx_word' id='word_1_360' title='bbox 2723 2584 2793 2635; x_wconf 85' lang='grc' dir='ltr'>ἐν</span> <span class='ocrx_word' id='word_1_361' title='bbox 2830 2582 2904 2653; x_wconf 77' lang='grc' dir='ltr'>τῇ</span> <span class='ocrx_word' id='word_1_362' title='bbox 2968 2581 3116 2652; x_wconf 79' lang='grc' dir='ltr'>ὀργῇ</span> <span class='ocrx_word' id='word_1_363' title='bbox 3159 2583 3345 2637; x_wconf 85' lang='grc' dir='ltr'>αὐτοῦ</span> <span class='ocrx_word' id='word_1_364' title='bbox 3395 2582 3539 2649; x_wconf 87' lang='grc' dir='ltr'>τοὺς</span> 
     </span>
    </p>
   </div>
   <div class='ocr_carea' id='block_1_49' title="bbox 288 2674 3539 2749">
    <p class='ocr_par' dir='ltr' id='par_1_49' title="bbox 288 2674 3539 2749">
     <span class='ocr_line' id='line_1_49' title="bbox 288 2674 3539 2749; baseline -0.002 -16"><span class='ocrx_word' id='word_1_365' title='bbox 288 2680 621 2749; x_wconf 76' lang='grc' dir='ltr'>οὶκτιρμοὺς</span> <span class='ocrx_word' id='word_1_366' title='bbox 648 2680 868 2744; x_wconf 64' lang='lat' dir='ltr'><strong>aurai;</strong></span> <span class='ocrx_word' id='word_1_367' title='bbox 898 2679 1120 2741; x_wconf 81' lang='grc' dir='ltr'>εἰκότως</span> <span class='ocrx_word' id='word_1_368' title='bbox 1154 2677 1337 2748; x_wconf 83' lang='grc' dir='ltr'>ἐπειδὴ</span> <span class='ocrx_word' id='word_1_369' title='bbox 1360 2677 1586 2731; x_wconf 75' lang='grc' dir='ltr'>τοιαῦτα</span> <span class='ocrx_word' id='word_1_370' title='bbox 1615 2677 1979 2748; x_wconf 87' lang='grc' dir='ltr'>ἐπηπόρηται,</span> <span class='ocrx_word' id='word_1_371' title='bbox 2042 2676 2142 2739; x_wconf 78' lang='grc' dir='ltr'>τὰς</span> <span class='ocrx_word' id='word_1_372' title='bbox 2176 2678 2354 2741; x_wconf 77' lang='grc' dir='ltr'>αἰτίας</span> <span class='ocrx_word' id='word_1_373' title='bbox 2393 2677 2486 2729; x_wconf 72' lang='grc' dir='ltr'>ἐπὶ</span> <span class='ocrx_word' id='word_1_374' title='bbox 2543 2676 2637 2729; x_wconf 80' lang='grc' dir='ltr'>τοῦ</span> <span class='ocrx_word' id='word_1_375' title='bbox 2671 2675 2936 2747; x_wconf 86' lang='grc' dir='ltr'>παρόντος</span> <span class='ocrx_word' id='word_1_376' title='bbox 2988 2674 3278 2743; x_wconf 82' lang='grc' dir='ltr'>καταλέγει</span> <span class='ocrx_word' id='word_1_377' title='bbox 3316 2674 3418 2746; x_wconf 82' lang='grc' dir='ltr'>τῆς</span> <span class='ocrx_word' id='word_1_378' title='bbox 3456 2675 3539 2738; x_wconf 83' lang='grc' dir='ltr'>είς</span> 
     </span>
    </p>
   </div>
   <div class='ocr_carea' id='block_1_50' title="bbox 286 2767 3538 2843">
    <p class='ocr_par' dir='ltr' id='par_1_50' title="bbox 286 2767 3538 2843">
     <span class='ocr_line' id='line_1_50' title="bbox 286 2767 3538 2843; baseline -0.002 -18"><span class='ocrx_word' id='word_1_379' title='bbox 286 2772 347 2826; x_wconf 78' lang='grc' dir='ltr'>τὸ</span> <span class='ocrx_word' id='word_1_380' title='bbox 383 2772 532 2835; x_wconf 77' lang='grc' dir='ltr'>τέλος</span> <span class='ocrx_word' id='word_1_381' title='bbox 568 2771 924 2843; x_wconf 80' lang='grc' dir='ltr'>μετελθούσης</span> <span class='ocrx_word' id='word_1_382' title='bbox 948 2770 1006 2823; x_wconf 87' lang='grc' dir='ltr'>τὸ</span> <span class='ocrx_word' id='word_1_383' title='bbox 1047 2770 1312 2823; x_wconf 83' lang='grc' dir='ltr'>Ἰουδαίων</span> <span class='ocrx_word' id='word_1_384' title='bbox 1342 2768 1491 2832; x_wconf 82' lang='grc' dir='ltr'>έθνος</span> <span class='ocrx_word' id='word_1_385' title='bbox 1519 2770 1707 2840; x_wconf 83' lang='grc' dir='ltr'>ὀργῆς.</span> <span class='ocrx_word' id='word_1_386' title='bbox 1741 2771 1851 2822; x_wconf 76' lang='grc' dir='ltr'>Καὶ</span> <span class='ocrx_word' id='word_1_387' title='bbox 1890 2769 2052 2832; x_wconf 82' lang='grc' dir='ltr'>αὐτὸς</span> <span class='ocrx_word' id='word_1_388' title='bbox 2085 2770 2141 2823; x_wconf 83' lang='grc' dir='ltr'>δὲ</span> <span class='ocrx_word' id='word_1_389' title='bbox 2170 2771 2244 2841; x_wconf 50' lang='grc' dir='ltr'>λέν</span> <span class='ocrx_word' id='word_1_390' title='bbox 2284 2770 2633 2840; x_wconf 85' lang='grc' dir='ltr'>Εύαγγελίοις</span> <span class='ocrx_word' id='word_1_391' title='bbox 2666 2772 2693 2822; x_wconf 91' lang='lat'>6</span> <span class='ocrx_word' id='word_1_392' title='bbox 2724 2768 2915 2840; x_wconf 81' lang='grc' dir='ltr'>Σωτὴρ</span> <span class='ocrx_word' id='word_1_393' title='bbox 2964 2767 3354 2840; x_wconf 87' lang='grc' dir='ltr'>παραπλησίως</span> <span class='ocrx_word' id='word_1_394' title='bbox 3424 2770 3538 2829; x_wconf 86' lang='grc' dir='ltr'>τοῖς</span> 
     </span>
    </p>
   </div>
   <div class='ocr_carea' id='block_1_51' title="bbox 288 2860 3535 2934">
    <p class='ocr_par' dir='ltr' id='par_1_51' title="bbox 288 2860 3535 2934">
     <span class='ocr_line' id='line_1_51' title="bbox 288 2860 3535 2934; baseline -0.001 -20"><span class='ocrx_word' id='word_1_395' title='bbox 288 2863 662 2934; x_wconf 87' lang='grc' dir='ltr'>προκειμένοις</span> <span class='ocrx_word' id='word_1_396' title='bbox 736 2864 869 2933; x_wconf 85' lang='grc' dir='ltr'>πρὸς</span> <span class='ocrx_word' id='word_1_397' title='bbox 942 2864 1069 2926; x_wconf 76' lang='grc' dir='ltr'>τοὺς</span> <span class='ocrx_word' id='word_1_398' title='bbox 1113 2863 1308 2925; x_wconf 79' lang='grc' dir='ltr'>αὐτοὺς</span> <span class='ocrx_word' id='word_1_399' title='bbox 1356 2862 1670 2915; x_wconf 83' lang='grc' dir='ltr'>ἀπετείνετο</span> <span class='ocrx_word' id='word_1_400' title='bbox 1715 2862 1920 2930; x_wconf 82' lang='grc' dir='ltr'>λέγων’</span> <span class='ocrx_word' id='word_1_401' title='bbox 1958 2862 2221 2929; x_wconf 83' lang='grc' dir='ltr'>Ποσάκις</span> <span class='ocrx_word' id='word_1_402' title='bbox 2246 2862 2517 2931; x_wconf 81' lang='grc' dir='ltr'>ἠθέλησα</span> <span class='ocrx_word' id='word_1_403' title='bbox 2556 2860 3019 2930; x_wconf 72' lang='grc' dir='ltr'>ἐπισυναγαγεῖν</span> <span class='ocrx_word' id='word_1_404' title='bbox 3065 2860 3134 2913; x_wconf 86' lang='grc' dir='ltr'>τὰ</span> <span class='ocrx_word' id='word_1_405' title='bbox 3175 2860 3361 2913; x_wconf 84' lang='grc' dir='ltr'>τέκνα</span> <span class='ocrx_word' id='word_1_406' title='bbox 3396 2876 3535 2923; x_wconf 90' lang='grc' dir='ltr'>σου,</span> 
     </span>
    </p>
   </div>
   <div class='ocr_carea' id='block_1_52' title="bbox 287 2950 3537 3029">
    <p class='ocr_par' dir='ltr' id='par_1_52' title="bbox 287 2950 3537 3029">
     <span class='ocr_line' id='line_1_52' title="bbox 287 2950 3537 3029; baseline -0.001 -20"><span class='ocrx_word' id='word_1_407' title='bbox 287 2956 359 3009; x_wconf 83' lang='grc' dir='ltr'>ὃν</span> <span class='ocrx_word' id='word_1_408' title='bbox 396 2958 617 3024; x_wconf 84' lang='grc' dir='ltr'>τρόπον</span> <span class='ocrx_word' id='word_1_409' title='bbox 660 2958 823 3026; x_wconf 81' lang='grc' dir='ltr'>ὅρνις</span> <span class='ocrx_word' id='word_1_410' title='bbox 849 2956 1201 3029; x_wconf 77' lang='grc' dir='ltr'>ἐπισυνάγει</span> <span class='ocrx_word' id='word_1_411' title='bbox 1236 2957 1305 3011; x_wconf 82' lang='grc' dir='ltr'>τὸ</span> <span class='ocrx_word' id='word_1_412' title='bbox 1340 2958 1561 3011; x_wconf 82' lang='grc' dir='ltr'>νοσσία</span> <span class='ocrx_word' id='word_1_413' title='bbox 1592 2957 1710 3012; x_wconf 86' lang='grc' dir='ltr'>ὑπὸ</span> <span class='ocrx_word' id='word_1_414' title='bbox 1750 2957 1853 3023; x_wconf 85' lang='grc' dir='ltr'>τὰς</span> <span class='ocrx_word' id='word_1_415' title='bbox 1894 2956 2209 3027; x_wconf 85' lang='grc' dir='ltr'>πτέρυγας,</span> <span class='ocrx_word' id='word_1_416' title='bbox 2237 2958 2334 3012; x_wconf 78' lang='grc' dir='ltr'>καὶ</span> <span class='ocrx_word' id='word_1_417' title='bbox 2362 2960 2473 3012; x_wconf 80' lang='grc' dir='ltr'>οὐκ</span> <span class='ocrx_word' id='word_1_418' title='bbox 2500 2956 2868 3026; x_wconf 65' lang='grc' dir='ltr'>ήθελήσατες</span> <span class='ocrx_word' id='word_1_419' title='bbox 2904 2955 3045 3010; x_wconf 84' lang='grc' dir='ltr'>Ἰδοὺ</span> <span class='ocrx_word' id='word_1_420' title='bbox 3105 2957 3339 3025; x_wconf 71' lang='grc' dir='ltr'>ἀφίεται</span> <span class='ocrx_word' id='word_1_421' title='bbox 3393 2950 3537 3023; x_wconf 84' lang='grc' dir='ltr'>ὑμῖν</span> 
     </span>
    </p>
   </div>
   <div class='ocr_carea' id='block_1_53' title="bbox 286 3047 968 3122">
    <p class='ocr_par' dir='ltr' id='par_1_53' title="bbox 286 3047 968 3122">
     <span class='ocr_line' id='line_1_53' title="bbox 286 3047 968 3122; baseline 0 -16"><span class='ocrx_word' id='word_1_422' title='bbox 286 3054 320 3106; x_wconf 86' lang='grc' dir='ltr'>ό</span> <span class='ocrx_word' id='word_1_423' title='bbox 343 3047 504 3119; x_wconf 78' lang='grc' dir='ltr'>οἶκος</span> <span class='ocrx_word' id='word_1_424' title='bbox 539 3052 707 3121; x_wconf 83' lang='grc' dir='ltr'>ὑμῶν</span> <span class='ocrx_word' id='word_1_425' title='bbox 731 3052 968 3122; x_wconf 72' lang='grc' dir='ltr'>ἕρημος.</span> 
     </span>
    </p>
   </div>
   <div class='ocr_carea' id='block_1_54' title="bbox 358 3162 1863 3239">
    <p class='ocr_par' dir='ltr' id='par_1_54' title="bbox 358 3167 1855 3239">
     <span class='ocr_line' id='line_1_54' title="bbox 358 3167 1855 3239; baseline 0.002 -19"><span class='ocrx_word' id='word_1_426' title='bbox 358 3168 506 3221; x_wconf 89' lang='grc' dir='ltr'>Ὅσα</span> <span class='ocrx_word' id='word_1_427' title='bbox 541 3168 889 3237; x_wconf 75' lang='grc' dir='ltr'>ἠκούσαμεν</span> <span class='ocrx_word' id='word_1_428' title='bbox 913 3167 1014 3223; x_wconf 74' lang='grc' dir='ltr'>καὶ</span> <span class='ocrx_word' id='word_1_429' title='bbox 1040 3168 1305 3239; x_wconf 75' lang='grc' dir='ltr'>ἔγνωμεν</span> <span class='ocrx_word' id='word_1_430' title='bbox 1333 3168 1504 3233; x_wconf 84' lang='grc' dir='ltr'>αὐτὰ,</span> <span class='ocrx_word' id='word_1_431' title='bbox 1534 3170 1631 3223; x_wconf 78' lang='grc' dir='ltr'>καὶ</span> <span class='ocrx_word' id='word_1_432' title='bbox 1662 3172 1716 3223; x_wconf 77' lang='grc' dir='ltr'>οἱ</span> <span class='ocrx_word' id='word_1_433' title='bbox 1742 3181 1855 3223; x_wconf 80' lang='grc' dir='ltr'>πα-</span> 
     </span>
    </p>
   </div>
   <div class='ocr_carea' id='block_1_55' title="bbox 1966 3162 3536 3239">
    <p class='ocr_par' dir='ltr' id='par_1_55' title="bbox 2038 3162 3536 3233">
     <span class='ocr_line' id='line_1_55' title="bbox 2038 3162 3536 3233; baseline -0.003 -12"><span class='ocrx_word' id='word_1_434' title='bbox 2038 3167 2205 3223; x_wconf 79' lang='lat' dir='ltr'><strong>Vsns.</strong></span> <span class='ocrx_word' id='word_1_435' title='bbox 2227 3168 2279 3222; x_wconf 76' lang='lat'><strong>3.</strong></span> <span class='ocrx_word' id='word_1_436' title='bbox 2330 3166 2547 3233; x_wconf 81' lang='lat' dir='ltr'><strong>Quanta</strong></span> <span class='ocrx_word' id='word_1_437' title='bbox 2591 3164 2888 3219; x_wconf 81' lang='lat' dir='ltr'><strong>audivimus</strong></span> <span class='ocrx_word' id='word_1_438' title='bbox 2918 3172 2969 3217; x_wconf 91' lang='lat' dir='ltr'>et</span> <span class='ocrx_word' id='word_1_439' title='bbox 3009 3162 3346 3233; x_wconf 86' lang='lat' dir='ltr'><strong>cognovimus</strong></span> <span class='ocrx_word' id='word_1_440' title='bbox 3369 3180 3452 3229; x_wconf 87' lang='lat' dir='ltr'>ea,</span> <span class='ocrx_word' id='word_1_441' title='bbox 3482 3171 3536 3217; x_wconf 88' lang='lat' dir='ltr'>et</span> 
     </span>
    </p>
   </div>
   <div class='ocr_carea' id='block_1_56' title="bbox 286 3258 1858 3332">
    <p class='ocr_par' dir='ltr' id='par_1_56' title="bbox 286 3258 1858 3332">
     <span class='ocr_line' id='line_1_56' title="bbox 286 3258 1858 3332; baseline 0.001 -20"><span class='ocrx_word' id='word_1_442' title='bbox 286 3258 448 3326; x_wconf 78' lang='grc' dir='ltr'>τέρες</span> <span class='ocrx_word' id='word_1_443' title='bbox 494 3258 661 3329; x_wconf 75' lang='grc' dir='ltr'>ἡμῶν</span> <span class='ocrx_word' id='word_1_444' title='bbox 702 3259 1069 3328; x_wconf 74' lang='grc' dir='ltr'>διηγήσαντο</span> <span class='ocrx_word' id='word_1_445' title='bbox 1111 3260 1273 3329; x_wconf 74' lang='grc' dir='ltr'>ἡμῖν.</span> <span class='ocrx_word' id='word_1_446' title='bbox 1316 3260 1398 3313; x_wconf 84' lang='grc' dir='ltr'>Τὰ</span> <span class='ocrx_word' id='word_1_447' title='bbox 1435 3260 1530 3331; x_wconf 88' lang='grc' dir='ltr'>μέν</span> <span class='ocrx_word' id='word_1_448' title='bbox 1572 3260 1763 3332; x_wconf 82' lang='grc' dir='ltr'>πρῶτα</span> <span class='ocrx_word' id='word_1_449' title='bbox 1799 3259 1858 3325; x_wconf 78' lang='grc' dir='ltr'>ἐξ</span> 
     </span>
    </p>
   </div>
   <div class='ocr_carea' id='block_1_57' title="bbox 287 3348 1859 3424">
    <p class='ocr_par' dir='ltr' id='par_1_57' title="bbox 287 3348 1859 3424">
     <span class='ocr_line' id='line_1_57' title="bbox 287 3348 1859 3424; baseline 0.001 -20"><span class='ocrx_word' id='word_1_450' title='bbox 287 3352 403 3415; x_wconf 81' lang='grc' dir='ltr'>ἑνὸς</span> <span class='ocrx_word' id='word_1_451' title='bbox 435 3351 650 3420; x_wconf 86' lang='grc' dir='ltr'>ἐλέγετο</span> <span class='ocrx_word' id='word_1_452' title='bbox 682 3352 995 3423; x_wconf 82' lang='grc' dir='ltr'>προσώπου,</span> <span class='ocrx_word' id='word_1_453' title='bbox 1030 3354 1169 3423; x_wconf 82' lang='grc' dir='ltr'>ὅπερ</span> <span class='ocrx_word' id='word_1_454' title='bbox 1197 3354 1341 3416; x_wconf 90' lang='grc' dir='ltr'>τίνος</span> <span class='ocrx_word' id='word_1_455' title='bbox 1374 3348 1440 3424; x_wconf 80' lang='grc' dir='ltr'>ἦν</span> <span class='ocrx_word' id='word_1_456' title='bbox 1483 3352 1859 3405; x_wconf 86' lang='grc' dir='ltr'>ἀποδέδεικται</span> 
     </span>
    </p>
   </div>
   <div class='ocr_carea' id='block_1_58' title="bbox 290 3442 1860 3515">
    <p class='ocr_par' dir='ltr' id='par_1_58' title="bbox 290 3442 1860 3515">
     <span class='ocr_line' id='line_1_58' title="bbox 290 3442 1860 3515; baseline 0 -20"><span class='ocrx_word' id='word_1_457' title='bbox 290 3444 389 3514; x_wconf 83' lang='grc' dir='ltr'>μὲν</span> <span class='ocrx_word' id='word_1_458' title='bbox 440 3445 504 3495; x_wconf 81' lang='grc' dir='ltr'>ἐκ</span> <span class='ocrx_word' id='word_1_459' title='bbox 534 3442 628 3495; x_wconf 77' lang='grc' dir='ltr'>τοῦ</span> <span class='ocrx_word' id='word_1_460' title='bbox 672 3444 856 3498; x_wconf 80' lang='grc' dir='ltr'>αὐτοῦ.</span> <span class='ocrx_word' id='word_1_461' title='bbox 905 3444 1442 3515; x_wconf 81' lang='grc' dir='ltr'>Συμπαραλαμϐάνει</span> <span class='ocrx_word' id='word_1_462' title='bbox 1475 3444 1532 3496; x_wconf 87' lang='grc' dir='ltr'>δὲ</span> <span class='ocrx_word' id='word_1_463' title='bbox 1574 3443 1667 3496; x_wconf 75' lang='grc' dir='ltr'>καὶ</span> <span class='ocrx_word' id='word_1_464' title='bbox 1696 3443 1860 3514; x_wconf 79' lang='grc' dir='ltr'>ἕτερα</span> 
     </span>
    </p>
   </div>
   <div class='ocr_carea' id='block_1_59' title="bbox 287 3533 1859 3606">
    <p class='ocr_par' dir='ltr' id='par_1_59' title="bbox 287 3533 1859 3606">
     <span class='ocr_line' id='line_1_59' title="bbox 287 3533 1859 3606; baseline -0.001 -20"><span class='ocrx_word' id='word_1_465' title='bbox 287 3533 633 3596; x_wconf 78' lang='grc' dir='ltr'>ὑποκαταϐὰς</span> <span class='ocrx_word' id='word_1_466' title='bbox 676 3534 777 3603; x_wconf 83' lang='grc' dir='ltr'>τῆς</span> <span class='ocrx_word' id='word_1_467' title='bbox 814 3533 976 3587; x_wconf 77' lang='grc' dir='ltr'>αὑτοῦ</span> <span class='ocrx_word' id='word_1_468' title='bbox 1007 3533 1280 3606; x_wconf 87' lang='grc' dir='ltr'>θεότητος,</span> <span class='ocrx_word' id='word_1_469' title='bbox 1312 3535 1407 3588; x_wconf 72' lang='grc' dir='ltr'>καὶ</span> <span class='ocrx_word' id='word_1_470' title='bbox 1446 3533 1859 3605; x_wconf 84' lang='grc' dir='ltr'>ἀνθρωπινώτε-</span> 
     </span>
    </p>
   </div>
   <div class='ocr_carea' id='block_1_60' title="bbox 288 3618 1861 3697">
    <p class='ocr_par' dir='ltr' id='par_1_60' title="bbox 288 3618 1861 3697">
     <span class='ocr_line' id='line_1_60' title="bbox 288 3618 1861 3697; baseline 0.001 -21"><span class='ocrx_word' id='word_1_471' title='bbox 288 3642 378 3696; x_wconf 90' lang='grc' dir='ltr'>ρον</span> <span class='ocrx_word' id='word_1_472' title='bbox 418 3624 805 3696; x_wconf 82' lang='grc' dir='ltr'>φθεγγόμενος,</span> <span class='ocrx_word' id='word_1_473' title='bbox 839 3626 915 3689; x_wconf 84' lang='grc' dir='ltr'>ὼς</span> <span class='ocrx_word' id='word_1_474' title='bbox 945 3625 1011 3679; x_wconf 82' lang='grc' dir='ltr'>ἂν</span> <span class='ocrx_word' id='word_1_475' title='bbox 1046 3627 1107 3678; x_wconf 90' lang='grc' dir='ltr'>ἐκ</span> <span class='ocrx_word' id='word_1_476' title='bbox 1153 3625 1446 3697; x_wconf 84' lang='grc' dir='ltr'>προσώπου</span> <span class='ocrx_word' id='word_1_477' title='bbox 1479 3618 1539 3678; x_wconf 77' lang='grc' dir='ltr'>οὗ</span> <span class='ocrx_word' id='word_1_478' title='bbox 1573 3625 1861 3694; x_wconf 83' lang='grc' dir='ltr'>ἀνείληφεν</span> 
     </span>
    </p>
   </div>
   <div class='ocr_carea' id='block_1_61' title="bbox 286 3712 1861 3787">
    <p class='ocr_par' dir='ltr' id='par_1_61' title="bbox 286 3712 1861 3787">
     <span class='ocr_line' id='line_1_61' title="bbox 286 3712 1861 3787; baseline -0.001 -19"><span class='ocrx_word' id='word_1_479' title='bbox 286 3714 569 3785; x_wconf 85' lang='grc' dir='ltr'>ἀνθρώπου</span> <span class='ocrx_word' id='word_1_480' title='bbox 603 3714 696 3767; x_wconf 80' lang='grc' dir='ltr'>τοῦ</span> <span class='ocrx_word' id='word_1_481' title='bbox 727 3714 1017 3785; x_wconf 87' lang='grc' dir='ltr'>γενομένου</span> <span class='ocrx_word' id='word_1_482' title='bbox 1058 3715 1122 3766; x_wconf 84' lang='grc' dir='ltr'>ἐκ</span> <span class='ocrx_word' id='word_1_483' title='bbox 1166 3715 1478 3787; x_wconf 88' lang='grc' dir='ltr'>σπέρματος</span> <span class='ocrx_word' id='word_1_484' title='bbox 1522 3712 1681 3767; x_wconf 84' lang='grc' dir='ltr'>Δαυῖδ</span> <span class='ocrx_word' id='word_1_485' title='bbox 1722 3715 1861 3767; x_wconf 80' lang='grc' dir='ltr'>κατᾶ</span> 
     </span>
    </p>
   </div>
   <div class='ocr_carea' id='block_1_62' title="bbox 289 3800 1858 3880">
    <p class='ocr_par' dir='ltr' id='par_1_62' title="bbox 289 3800 1858 3880">
     <span class='ocr_line' id='line_1_62' title="bbox 289 3800 1858 3880; baseline -0.002 -19"><span class='ocrx_word' id='word_1_486' title='bbox 289 3808 495 3880; x_wconf 76' lang='grc' dir='ltr'>σάρκαο</span> <span class='ocrx_word' id='word_1_487' title='bbox 540 3800 601 3861; x_wconf 72' lang='grc' dir='ltr'>οὗ</span> <span class='ocrx_word' id='word_1_488' title='bbox 638 3808 736 3879; x_wconf 82' lang='grc' dir='ltr'>τὴν</span> <span class='ocrx_word' id='word_1_489' title='bbox 784 3807 995 3876; x_wconf 87' lang='grc' dir='ltr'>γένεσιν</span> <span class='ocrx_word' id='word_1_490' title='bbox 1048 3807 1248 3879; x_wconf 81' lang='grc' dir='ltr'>ἱστορεῖ</span> <span class='ocrx_word' id='word_1_491' title='bbox 1292 3807 1354 3860; x_wconf 85' lang='grc' dir='ltr'>τὸ</span> <span class='ocrx_word' id='word_1_492' title='bbox 1387 3805 1714 3875; x_wconf 82' lang='grc' dir='ltr'>Εὐαγγέλιον</span> <span class='ocrx_word' id='word_1_493' title='bbox 1754 3807 1858 3875; x_wconf 82' lang='grc' dir='ltr'>φά-</span> 
     </span>
    </p>
   </div>
   <div class='ocr_carea' id='block_1_63' title="bbox 289 3898 1860 3972">
    <p class='ocr_par' dir='ltr' id='par_1_63' title="bbox 289 3898 1860 3972">
     <span class='ocr_line' id='line_1_63' title="bbox 289 3898 1860 3972; baseline -0.001 -18"><span class='ocrx_word' id='word_1_494' title='bbox 289 3919 415 3954; x_wconf 83' lang='grc' dir='ltr'>σκον</span> <span class='ocrx_word' id='word_1_495' title='bbox 443 3918 455 3928; x_wconf 90' lang='grc'>·</span> <span class='ocrx_word' id='word_1_496' title='bbox 511 3901 729 3967; x_wconf 77' lang='grc' dir='ltr'>Βίϐλος</span> <span class='ocrx_word' id='word_1_497' title='bbox 788 3900 1081 3972; x_wconf 85' lang='grc' dir='ltr'>γενέσεως</span> <span class='ocrx_word' id='word_1_498' title='bbox 1153 3900 1356 3968; x_wconf 86' lang='grc' dir='ltr'>Ἰησοῦ</span> <span class='ocrx_word' id='word_1_499' title='bbox 1404 3898 1663 3968; x_wconf 86' lang='grc' dir='ltr'>Χριστοῦ</span> <span class='ocrx_word' id='word_1_500' title='bbox 1726 3898 1860 3953; x_wconf 83' lang='grc' dir='ltr'>υἱοῦ</span> 
     </span>
    </p>
   </div>
   <div class='ocr_carea' id='block_1_64' title="bbox 287 3991 1861 4064">
    <p class='ocr_par' dir='ltr' id='par_1_64' title="bbox 287 3991 1861 4064">
     <span class='ocr_line' id='line_1_64' title="bbox 287 3991 1861 4064; baseline -0.002 -17"><span class='ocrx_word' id='word_1_501' title='bbox 287 3993 486 4057; x_wconf 79' lang='grc' dir='ltr'>Δαυῒδ,</span> <span class='ocrx_word' id='word_1_502' title='bbox 529 3994 664 4048; x_wconf 79' lang='grc' dir='ltr'>υἱοῦ</span> <span class='ocrx_word' id='word_1_503' title='bbox 721 3993 987 4063; x_wconf 79' lang='grc' dir='ltr'>Ἀϐραάμ.</span> <span class='ocrx_word' id='word_1_504' title='bbox 1041 3993 1240 4064; x_wconf 88' lang='grc' dir='ltr'>Διόπερ</span> <span class='ocrx_word' id='word_1_505' title='bbox 1304 3991 1861 4063; x_wconf 79' lang='grc' dir='ltr'>συμπαραλαμδάνων</span> 
     </span>
    </p>
   </div>
   <div class='ocr_carea' id='block_1_65' title="bbox 256 4080 1861 4155">
    <p class='ocr_par' dir='ltr' id='par_1_65' title="bbox 256 4080 1861 4155">
     <span class='ocr_line' id='line_1_65' title="bbox 256 4080 1861 4155; baseline -0.003 -17"><span class='ocrx_word' id='word_1_506' title='bbox 256 4098 259 4101; x_wconf 75' lang='lat'><em>‘</em></span> <span class='ocrx_word' id='word_1_507' title='bbox 285 4088 410 4149; x_wconf 69' lang='grc' dir='ltr'>τοὺς</span> <span class='ocrx_word' id='word_1_508' title='bbox 442 4084 583 4137; x_wconf 89' lang='grc' dir='ltr'>κατά</span> <span class='ocrx_word' id='word_1_509' title='bbox 611 4084 789 4155; x_wconf 82' lang='grc' dir='ltr'>σάρκα</span> <span class='ocrx_word' id='word_1_510' title='bbox 817 4085 1095 4155; x_wconf 86' lang='grc' dir='ltr'>ὁμογενεῖς</span> <span class='ocrx_word' id='word_1_511' title='bbox 1138 4083 1301 4137; x_wconf 78' lang='grc' dir='ltr'>αὐτοῦ</span> <span class='ocrx_word' id='word_1_512' title='bbox 1331 4082 1652 4153; x_wconf 90' lang='grc' dir='ltr'>γενομένους</span> <span class='ocrx_word' id='word_1_513' title='bbox 1688 4080 1861 4151; x_wconf 90' lang='grc' dir='ltr'>μαθη-</span> 
     </span>
    </p>
   </div>
   <div class='ocr_carea' id='block_1_66' title="bbox 286 4172 1861 4246">
    <p class='ocr_par' dir='ltr' id='par_1_66' title="bbox 286 4172 1861 4246">
     <span class='ocr_line' id='line_1_66' title="bbox 286 4172 1861 4246; baseline -0.003 -16"><span class='ocrx_word' id='word_1_514' title='bbox 286 4178 383 4240; x_wconf 77' lang='grc' dir='ltr'>τὰς</span> <span class='ocrx_word' id='word_1_515' title='bbox 429 4178 523 4230; x_wconf 77' lang='grc' dir='ltr'>καὶ</span> <span class='ocrx_word' id='word_1_516' title='bbox 581 4175 931 4238; x_wconf 86' lang='grc' dir='ltr'>ἀποστόλους,</span> <span class='ocrx_word' id='word_1_517' title='bbox 981 4174 1353 4246; x_wconf 81' lang='grc' dir='ltr'>πληθυντικῶς</span> <span class='ocrx_word' id='word_1_518' title='bbox 1406 4174 1737 4244; x_wconf 82' lang='grc' dir='ltr'>διεξέρχεται</span> <span class='ocrx_word' id='word_1_519' title='bbox 1791 4172 1861 4226; x_wconf 81' lang='grc' dir='ltr'>τά</span> 
     </span>
    </p>
   </div>
   <div class='ocr_carea' id='block_1_67' title="bbox 290 4262 1860 4338">
    <p class='ocr_par' dir='ltr' id='par_1_67' title="bbox 290 4262 1860 4338">
     <span class='ocr_line' id='line_1_67' title="bbox 290 4262 1860 4338; baseline -0.001 -19"><span class='ocrx_word' id='word_1_520' title='bbox 290 4267 426 4337; x_wconf 83' lang='grc' dir='ltr'>μετὰ</span> <span class='ocrx_word' id='word_1_521' title='bbox 457 4269 643 4338; x_wconf 85' lang='grc' dir='ltr'>χεῖρας</span> <span class='ocrx_word' id='word_1_522' title='bbox 673 4266 874 4335; x_wconf 83' lang='grc' dir='ltr'>λέγων’</span> <span class='ocrx_word' id='word_1_523' title='bbox 915 4266 1061 4318; x_wconf 90' lang='grc' dir='ltr'>Ὅσα</span> <span class='ocrx_word' id='word_1_524' title='bbox 1089 4265 1436 4334; x_wconf 80' lang='grc' dir='ltr'>ἠκούσαμεν</span> <span class='ocrx_word' id='word_1_525' title='bbox 1473 4262 1570 4316; x_wconf 77' lang='grc' dir='ltr'>καὶ</span> <span class='ocrx_word' id='word_1_526' title='bbox 1595 4264 1860 4333; x_wconf 76' lang='grc' dir='ltr'>ἔγνωμεν</span> 
     </span>
    </p>
   </div>
   <div class='ocr_carea' id='block_1_68' title="bbox 286 4357 1859 4431">
    <p class='ocr_par' dir='ltr' id='par_1_68' title="bbox 286 4357 1859 4431">
     <span class='ocr_line' id='line_1_68' title="bbox 286 4357 1859 4431; baseline -0.002 -18"><span class='ocrx_word' id='word_1_527' title='bbox 286 4358 458 4413; x_wconf 80' lang='grc' dir='ltr'>αὐτά.</span> <span class='ocrx_word' id='word_1_528' title='bbox 492 4360 617 4413; x_wconf 89' lang='grc' dir='ltr'>Ὅτε</span> <span class='ocrx_word' id='word_1_529' title='bbox 646 4359 743 4429; x_wconf 85' lang='grc' dir='ltr'>μὲν</span> <span class='ocrx_word' id='word_1_530' title='bbox 776 4358 884 4431; x_wconf 82' lang='grc' dir='ltr'>γὰρ</span> <span class='ocrx_word' id='word_1_531' title='bbox 912 4360 1004 4413; x_wconf 78' lang='grc' dir='ltr'>τὸν</span> <span class='ocrx_word' id='word_1_532' title='bbox 1026 4359 1153 4412; x_wconf 86' lang='grc' dir='ltr'>λαὸν</span> <span class='ocrx_word' id='word_1_533' title='bbox 1179 4358 1371 4411; x_wconf 79' lang='grc' dir='ltr'>ἑαυτοῦ</span> <span class='ocrx_word' id='word_1_534' title='bbox 1396 4358 1730 4422; x_wconf 87' lang='grc' dir='ltr'>ἀνεκαλεῖτο,</span> <span class='ocrx_word' id='word_1_535' title='bbox 1766 4357 1859 4411; x_wconf 82' lang='grc' dir='ltr'>καὶ</span> 
     </span>
    </p>
   </div>
   <div class='ocr_carea' id='block_1_69' title="bbox 286 4449 1858 4522">
    <p class='ocr_par' dir='ltr' id='par_1_69' title="bbox 286 4449 1858 4522">
     <span class='ocr_line' id='line_1_69' title="bbox 286 4449 1858 4522; baseline -0.003 -17"><span class='ocrx_word' id='word_1_536' title='bbox 286 4454 481 4506; x_wconf 86' lang='grc' dir='ltr'>οἰκεῖον</span> <span class='ocrx_word' id='word_1_537' title='bbox 503 4452 665 4522; x_wconf 82' lang='grc' dir='ltr'>νόμον</span> <span class='ocrx_word' id='word_1_538' title='bbox 686 4453 870 4515; x_wconf 80' lang='grc' dir='ltr'>αὐτοῖς</span> <span class='ocrx_word' id='word_1_539' title='bbox 900 4450 1290 4521; x_wconf 80' lang='grc' dir='ltr'>προύϐάλλετο,</span> <span class='ocrx_word' id='word_1_540' title='bbox 1316 4450 1546 4520; x_wconf 84' lang='grc' dir='ltr'>παρῄνει</span> <span class='ocrx_word' id='word_1_541' title='bbox 1572 4466 1631 4502; x_wconf 87' lang='grc' dir='ltr'>τε</span> <span class='ocrx_word' id='word_1_542' title='bbox 1660 4449 1858 4502; x_wconf 85' lang='grc' dir='ltr'>κλίνειν</span> 
     </span>
    </p>
   </div>
   <div class='ocr_carea' id='block_1_70' title="bbox 1962 3250 3533 3329">
    <p class='ocr_par' dir='ltr' id='par_1_70' title="bbox 1962 3250 3533 3329">
     <span class='ocr_line' id='line_1_70' title="bbox 1962 3250 3533 3329; baseline -0.006 -16"><span class='ocrx_word' id='word_1_543' title='bbox 1962 3272 2138 3329; x_wconf 84' lang='lat' dir='ltr'><strong>patres</strong></span> <span class='ocrx_word' id='word_1_544' title='bbox 2174 3258 2343 3311; x_wconf 85' lang='lat' dir='ltr'><strong>nostri</strong></span> <span class='ocrx_word' id='word_1_545' title='bbox 2392 3254 2741 3309; x_wconf 80' lang='lat' dir='ltr'><strong>narrarerunt</strong></span> <span class='ocrx_word' id='word_1_546' title='bbox 2779 3252 2950 3307; x_wconf 89' lang='lat' dir='ltr'><strong>nobis.</strong></span> <span class='ocrx_word' id='word_1_547' title='bbox 2987 3250 3177 3306; x_wconf 79' lang='lat' dir='ltr'><strong>Priora</strong></span> <span class='ocrx_word' id='word_1_548' title='bbox 3207 3250 3425 3321; x_wconf 87' lang='lat' dir='ltr'><strong>quidem</strong></span> <span class='ocrx_word' id='word_1_549' title='bbox 3462 3266 3533 3306; x_wconf 79' lang='lat' dir='ltr'><strong>ex</strong></span> 
     </span>
    </p>
   </div>
   <div class='ocr_carea' id='block_1_71' title="bbox 1960 3346 3532 3419">
    <p class='ocr_par' dir='ltr' id='par_1_71' title="bbox 1960 3346 3532 3419">
     <span class='ocr_line' id='line_1_71' title="bbox 1960 3346 3532 3419; baseline -0.008 -14"><span class='ocrx_word' id='word_1_550' title='bbox 1960 3351 2129 3405; x_wconf 90' lang='lat' dir='ltr'><strong>unius</strong></span> <span class='ocrx_word' id='word_1_551' title='bbox 2151 3363 2385 3419; x_wconf 87' lang='lat' dir='ltr'><strong>persona</strong></span> <span class='ocrx_word' id='word_1_552' title='bbox 2418 3346 2758 3408; x_wconf 87' lang='lat' dir='ltr'><strong>dicebantur,</strong></span> <span class='ocrx_word' id='word_1_553' title='bbox 2793 3358 3040 3413; x_wconf 65' lang='lat' dir='ltr'><strong>quaenam</strong></span> <span class='ocrx_word' id='word_1_554' title='bbox 3074 3357 3206 3395; x_wconf 89' lang='lat' dir='ltr'><strong>vero</strong></span> <span class='ocrx_word' id='word_1_555' title='bbox 3250 3356 3315 3395; x_wconf 89' lang='lat' dir='ltr'>ea</span> <span class='ocrx_word' id='word_1_556' title='bbox 3362 3348 3532 3405; x_wconf 85' lang='lat' dir='ltr'><strong>esset,</strong></span> 
     </span>
    </p>
   </div>
   <div class='ocr_carea' id='block_1_72' title="bbox 1962 3435 3627 3504">
    <p class='ocr_par' dir='ltr' id='par_1_72' title="bbox 1962 3435 3627 3504">
     <span class='ocr_line' id='line_1_72' title="bbox 1962 3435 3627 3504; baseline -0.01 -1"><span class='ocrx_word' id='word_1_557' title='bbox 1962 3463 2031 3503; x_wconf 80' lang='lat' dir='ltr'><strong>ex</strong></span> <span class='ocrx_word' id='word_1_558' title='bbox 2058 3445 2249 3501; x_wconf 90' lang='lat' dir='ltr'><strong>iisdem</strong></span> <span class='ocrx_word' id='word_1_559' title='bbox 2290 3443 2451 3498; x_wconf 89' lang='lat' dir='ltr'><strong>dictis</strong></span> <span class='ocrx_word' id='word_1_560' title='bbox 2497 3441 2929 3496; x_wconf 89' lang='lat' dir='ltr'><strong>demonstratum</strong></span> <span class='ocrx_word' id='word_1_561' title='bbox 2963 3443 3067 3491; x_wconf 90' lang='lat' dir='ltr'><strong>est.</strong></span> <span class='ocrx_word' id='word_1_562' title='bbox 3097 3435 3217 3490; x_wconf 82' lang='lat' dir='ltr'><strong>Alia</strong></span> <span class='ocrx_word' id='word_1_563' title='bbox 3258 3449 3388 3490; x_wconf 89' lang='lat' dir='ltr'><strong>vero</strong></span> <span class='ocrx_word' id='word_1_564' title='bbox 3416 3435 3533 3504; x_wconf 84' lang='lat' dir='ltr'>jam</span> <span class='ocrx_word' id='word_1_565' title='bbox 3622 3488 3627 3493; x_wconf 68' lang='grc'>,</span> 
     </span>
    </p>
   </div>
   <div class='ocr_carea' id='block_1_73' title="bbox 1964 3526 3532 3593">
    <p class='ocr_par' dir='ltr' id='par_1_73' title="bbox 1964 3526 3532 3593">
     <span class='ocr_line' id='line_1_73' title="bbox 1964 3526 3532 3593; baseline -0.008 0"><span class='ocrx_word' id='word_1_566' title='bbox 1964 3537 2197 3593; x_wconf 90' lang='lat' dir='ltr'><strong>assumit</strong></span> <span class='ocrx_word' id='word_1_567' title='bbox 2242 3548 2271 3587; x_wconf 83' lang='lat' dir='ltr'>a</span> <span class='ocrx_word' id='word_1_568' title='bbox 2320 3533 2520 3587; x_wconf 88' lang='lat' dir='ltr'><strong>deitate</strong></span> <span class='ocrx_word' id='word_1_569' title='bbox 2579 3546 2701 3587; x_wconf 87' lang='lat' dir='ltr'><strong>sese</strong></span> <span class='ocrx_word' id='word_1_570' title='bbox 2751 3528 3065 3591; x_wconf 85' lang='lat' dir='ltr'><strong>demittcns,</strong></span> <span class='ocrx_word' id='word_1_571' title='bbox 3110 3534 3158 3580; x_wconf 81' lang='lat' dir='ltr'>eI</span> <span class='ocrx_word' id='word_1_572' title='bbox 3208 3526 3532 3580; x_wconf 89' lang='lat' dir='ltr'><strong>humaniore</strong></span> 
     </span>
    </p>
   </div>
   <div class='ocr_carea' id='block_1_74' title="bbox 1961 3616 3529 3699">
    <p class='ocr_par' dir='ltr' id='par_1_74' title="bbox 1961 3616 3529 3699">
     <span class='ocr_line' id='line_1_74' title="bbox 1961 3616 3529 3699; baseline -0.01 -15"><span class='ocrx_word' id='word_1_573' title='bbox 1961 3631 2192 3699; x_wconf 91' lang='lat' dir='ltr'><strong>loquens</strong></span> <span class='ocrx_word' id='word_1_574' title='bbox 2241 3639 2413 3687; x_wconf 84' lang='lat' dir='ltr'><strong>more,</strong></span> <span class='ocrx_word' id='word_1_575' title='bbox 2442 3623 2598 3693; x_wconf 89' lang='lat' dir='ltr'><strong>quasi</strong></span> <span class='ocrx_word' id='word_1_576' title='bbox 2660 3636 2727 3675; x_wconf 83' lang='lat' dir='ltr'>ex</span> <span class='ocrx_word' id='word_1_577' title='bbox 2780 3633 3013 3689; x_wconf 84' lang='lat' dir='ltr'><strong>persona</strong></span> <span class='ocrx_word' id='word_1_578' title='bbox 3059 3616 3318 3675; x_wconf 86' lang='lat' dir='ltr'><strong>hominis.</strong></span> <span class='ocrx_word' id='word_1_579' title='bbox 3367 3632 3529 3686; x_wconf 86' lang='lat' dir='ltr'><strong>quem</strong></span> 
     </span>
    </p>
   </div>
   <div class='ocr_carea' id='block_1_75' title="bbox 1966 3705 3527 3786">
    <p class='ocr_par' dir='ltr' id='par_1_75' title="bbox 1966 3705 3527 3786">
     <span class='ocr_line' id='line_1_75' title="bbox 1966 3705 3527 3786; baseline -0.009 -13"><span class='ocrx_word' id='word_1_580' title='bbox 1966 3714 2267 3786; x_wconf 87' lang='lat' dir='ltr'><strong>assumpsit</strong></span> <span class='ocrx_word' id='word_1_581' title='bbox 2310 3729 2375 3769; x_wconf 81' lang='lat' dir='ltr'><strong>ex</strong></span> <span class='ocrx_word' id='word_1_582' title='bbox 2430 3713 2638 3766; x_wconf 87' lang='lat' dir='ltr'><strong>semine</strong></span> <span class='ocrx_word' id='word_1_583' title='bbox 2691 3707 2861 3763; x_wconf 82' lang='lat' dir='ltr'><strong>David</strong></span> <span class='ocrx_word' id='word_1_584' title='bbox 2908 3705 3210 3763; x_wconf 88' lang='lat' dir='ltr'><strong>secundum</strong></span> <span class='ocrx_word' id='word_1_585' title='bbox 3257 3720 3527 3761; x_wconf 90' lang='lat' dir='ltr'><strong>carnem:</strong></span> 
     </span>
    </p>
   </div>
   <div class='ocr_carea' id='block_1_76' title="bbox 1963 3796 3529 3877">
    <p class='ocr_par' dir='ltr' id='par_1_76' title="bbox 1963 3796 3529 3877">
     <span class='ocr_line' id='line_1_76' title="bbox 1963 3796 3529 3877; baseline -0.01 -14"><span class='ocrx_word' id='word_1_586' title='bbox 1963 3809 2123 3877; x_wconf 92' lang='lat' dir='ltr'><strong>cujus</strong></span> <span class='ocrx_word' id='word_1_587' title='bbox 2155 3805 2557 3877; x_wconf 77' lang='lat' dir='ltr'><strong>generationem</strong></span> <span class='ocrx_word' id='word_1_588' title='bbox 2576 3808 2763 3857; x_wconf 90' lang='lat' dir='ltr'><strong>narrat</strong></span> <span class='ocrx_word' id='word_1_589' title='bbox 2782 3798 3133 3870; x_wconf 88' lang='lat' dir='ltr'><strong>Evangelium</strong></span> <span class='ocrx_word' id='word_1_590' title='bbox 3158 3797 3245 3852; x_wconf 91' lang='lat' dir='ltr'>his</span> <span class='ocrx_word' id='word_1_591' title='bbox 3265 3796 3445 3851; x_wconf 83' lang='lat' dir='ltr'><strong>verbis</strong></span> <span class='ocrx_word' id='word_1_592' title='bbox 3464 3796 3484 3826; x_wconf 89' lang='lat'><strong>&#39;</strong></span> <span class='ocrx_word' id='word_1_593' title='bbox 3512 3811 3529 3847; x_wconf 90' lang='lat'>:</span> 
     </span>
    </p>
   </div>
   <div class='ocr_carea' id='block_1_77' title="bbox 1961 3887 3533 3969">
    <p class='ocr_par' dir='ltr' id='par_1_77' title="bbox 1961 3887 3533 3969">
     <span class='ocr_line' id='line_1_77' title="bbox 1961 3887 3533 3969; baseline -0.009 -14"><span class='ocrx_word' id='word_1_594' title='bbox 1961 3900 2119 3955; x_wconf 85' lang='lat' dir='ltr'><strong>Liber</strong></span> <span class='ocrx_word' id='word_1_595' title='bbox 2136 3897 2484 3969; x_wconf 80' lang='lat' dir='ltr'><strong>generationis</strong></span> <span class='ocrx_word' id='word_1_596' title='bbox 2518 3894 2647 3949; x_wconf 79' lang='lat' dir='ltr'><strong>Iesu</strong></span> <span class='ocrx_word' id='word_1_597' title='bbox 2671 3892 2873 3949; x_wconf 84' lang='lat' dir='ltr'><strong>Christi</strong></span> <span class='ocrx_word' id='word_1_598' title='bbox 2891 3892 2993 3960; x_wconf 84' lang='lat' dir='ltr'><strong>ﬁlii</strong></span> <span class='ocrx_word' id='word_1_599' title='bbox 3015 3889 3207 3956; x_wconf 81' lang='lat' dir='ltr'><strong>David,</strong></span> <span class='ocrx_word' id='word_1_600' title='bbox 3230 3890 3330 3958; x_wconf 75' lang='lat' dir='ltr'><strong>ﬁlii</strong></span> <span class='ocrx_word' id='word_1_601' title='bbox 3358 3887 3533 3942; x_wconf 85' lang='lat' dir='ltr'><strong>Abra-</strong></span> 
     </span>
    </p>
   </div>
   <div class='ocr_carea' id='block_1_78' title="bbox 1962 3980 3531 4056">
    <p class='ocr_par' dir='ltr' id='par_1_78' title="bbox 1962 3980 3531 4056">
     <span class='ocr_line' id='line_1_78' title="bbox 1962 3980 3531 4056; baseline -0.009 -10"><span class='ocrx_word' id='word_1_602' title='bbox 1962 3993 2107 4045; x_wconf 83' lang='lat' dir='ltr'><strong>ham.</strong></span> <span class='ocrx_word' id='word_1_603' title='bbox 2141 3988 2512 4056; x_wconf 84' lang='lat' dir='ltr'><strong>Quamobrem</strong></span> <span class='ocrx_word' id='word_1_604' title='bbox 2568 3983 2868 4054; x_wconf 86' lang='lat' dir='ltr'><strong>assumptis</strong></span> <span class='ocrx_word' id='word_1_605' title='bbox 2918 3996 3103 4037; x_wconf 88' lang='lat' dir='ltr'><strong>secum</strong></span> <span class='ocrx_word' id='word_1_606' title='bbox 3160 3980 3447 4049; x_wconf 87' lang='lat' dir='ltr'><strong>discipulis</strong></span> <span class='ocrx_word' id='word_1_607' title='bbox 3475 3987 3531 4033; x_wconf 86' lang='lat' dir='ltr'>et</span> 
     </span>
    </p>
   </div>
   <div class='ocr_carea' id='block_1_79' title="bbox 1964 4070 3531 4153">
    <p class='ocr_par' dir='ltr' id='par_1_79' title="bbox 1964 4070 3531 4153">
     <span class='ocr_line' id='line_1_79' title="bbox 1964 4070 3531 4153; baseline -0.008 -17"><span class='ocrx_word' id='word_1_608' title='bbox 1964 4081 2251 4153; x_wconf 87' lang='lat' dir='ltr'><strong>apostolis,</strong></span> <span class='ocrx_word' id='word_1_609' title='bbox 2292 4079 2386 4149; x_wconf 90' lang='lat' dir='ltr'>qui</span> <span class='ocrx_word' id='word_1_610' title='bbox 2442 4076 2747 4133; x_wconf 90' lang='lat' dir='ltr'><strong>secundum</strong></span> <span class='ocrx_word' id='word_1_611' title='bbox 2796 4088 3018 4131; x_wconf 87' lang='lat' dir='ltr'><strong>carnem</strong></span> <span class='ocrx_word' id='word_1_612' title='bbox 3072 4071 3317 4141; x_wconf 86' lang='lat' dir='ltr'><strong>ejusdem</strong></span> <span class='ocrx_word' id='word_1_613' title='bbox 3371 4070 3531 4140; x_wconf 86' lang='lat' dir='ltr'><strong>cujus</strong></span> 
     </span>
    </p>
   </div>
   <div class='ocr_carea' id='block_1_80' title="bbox 1962 4162 3526 4243">
    <p class='ocr_par' dir='ltr' id='par_1_80' title="bbox 1962 4162 3526 4243">
     <span class='ocr_line' id='line_1_80' title="bbox 1962 4162 3526 4243; baseline -0.008 -15"><span class='ocrx_word' id='word_1_614' title='bbox 1962 4174 2079 4243; x_wconf 89' lang='lat' dir='ltr'><strong>ipse</strong></span> <span class='ocrx_word' id='word_1_615' title='bbox 2102 4171 2317 4243; x_wconf 78' lang='lat' dir='ltr'><strong>generis</strong></span> <span class='ocrx_word' id='word_1_616' title='bbox 2342 4179 2520 4231; x_wconf 90' lang='lat' dir='ltr'><strong>erant,</strong></span> <span class='ocrx_word' id='word_1_617' title='bbox 2550 4166 2834 4238; x_wconf 86' lang='lat' dir='ltr'><strong>pluraliter</strong></span> <span class='ocrx_word' id='word_1_618' title='bbox 2865 4165 2982 4219; x_wconf 66' lang='lat' dir='ltr'><strong>haec</strong></span> <span class='ocrx_word' id='word_1_619' title='bbox 3014 4163 3269 4219; x_wconf 87' lang='lat' dir='ltr'><strong>edisserit</strong></span> <span class='ocrx_word' id='word_1_620' title='bbox 3296 4162 3486 4217; x_wconf 88' lang='lat' dir='ltr'><strong>dicens</strong></span> <span class='ocrx_word' id='word_1_621' title='bbox 3514 4181 3526 4215; x_wconf 94' lang='lat'>:</span> 
     </span>
    </p>
   </div>
   <div class='ocr_carea' id='block_1_81' title="bbox 1964 4254 3529 4333">
    <p class='ocr_par' dir='ltr' id='par_1_81' title="bbox 1964 4254 3529 4333">
     <span class='ocr_line' id='line_1_81' title="bbox 1964 4254 3529 4333; baseline -0.007 -14"><span class='ocrx_word' id='word_1_622' title='bbox 1964 4266 2180 4333; x_wconf 80' lang='lat' dir='ltr'><strong>Quanta</strong></span> <span class='ocrx_word' id='word_1_623' title='bbox 2211 4263 2509 4318; x_wconf 82' lang='lat' dir='ltr'><strong>audivimus</strong></span> <span class='ocrx_word' id='word_1_624' title='bbox 2537 4269 2585 4314; x_wconf 87' lang='lat' dir='ltr'>et</span> <span class='ocrx_word' id='word_1_625' title='bbox 2610 4258 2946 4330; x_wconf 84' lang='lat' dir='ltr'><strong>cognovimus</strong></span> <span class='ocrx_word' id='word_1_626' title='bbox 2977 4273 3062 4310; x_wconf 78' lang='lat' dir='ltr'>ea.</span> <span class='ocrx_word' id='word_1_627' title='bbox 3098 4254 3376 4325; x_wconf 84' lang='lat' dir='ltr'><strong>Siquidem</strong></span> <span class='ocrx_word' id='word_1_628' title='bbox 3402 4269 3529 4308; x_wconf 85' lang='lat' dir='ltr'>cum</span> 
     </span>
    </p>
   </div>
   <div class='ocr_carea' id='block_1_82' title="bbox 1963 4346 3531 4428">
    <p class='ocr_par' dir='ltr' id='par_1_82' title="bbox 1963 4346 3531 4428">
     <span class='ocr_line' id='line_1_82' title="bbox 1963 4346 3531 4428; baseline -0.008 -17"><span class='ocrx_word' id='word_1_629' title='bbox 1963 4357 2223 4428; x_wconf 88' lang='lat' dir='ltr'><strong>populum</strong></span> <span class='ocrx_word' id='word_1_630' title='bbox 2270 4368 2430 4409; x_wconf 93' lang='lat' dir='ltr'><strong>suum</strong></span> <span class='ocrx_word' id='word_1_631' title='bbox 2466 4352 2780 4414; x_wconf 87' lang='lat' dir='ltr'><strong>advocaret,</strong></span> <span class='ocrx_word' id='word_1_632' title='bbox 2813 4364 2877 4404; x_wconf 88' lang='lat' dir='ltr'>ac</span> <span class='ocrx_word' id='word_1_633' title='bbox 2923 4348 3198 4419; x_wconf 90' lang='lat' dir='ltr'><strong>propriam</strong></span> <span class='ocrx_word' id='word_1_634' title='bbox 3223 4346 3326 4417; x_wconf 89' lang='lat' dir='ltr'><strong>ipsi</strong></span> <span class='ocrx_word' id='word_1_635' title='bbox 3358 4346 3531 4416; x_wconf 81' lang='lat' dir='ltr'><strong>legem</strong></span> 
     </span>
    </p>
   </div>
   <div class='ocr_carea' id='block_1_83' title="bbox 1964 4433 3531 4519">
    <p class='ocr_par' dir='ltr' id='par_1_83' title="bbox 1964 4433 3531 4519">
     <span class='ocr_line' id='line_1_83' title="bbox 1964 4433 3531 4519; baseline -0.01 -16"><span class='ocrx_word' id='word_1_636' title='bbox 1964 4451 2315 4519; x_wconf 87' lang='lat' dir='ltr'><strong>proponeret,</strong></span> <span class='ocrx_word' id='word_1_637' title='bbox 2366 4443 2730 4512; x_wconf 88' lang='lat' dir='ltr'><strong>invitaretque</strong></span> <span class='ocrx_word' id='word_1_638' title='bbox 2773 4447 2834 4495; x_wconf 89' lang='lat' dir='ltr'>ut</span> <span class='ocrx_word' id='word_1_639' title='bbox 2876 4439 3203 4493; x_wconf 89' lang='lat' dir='ltr'><strong>inclinarent</strong></span> <span class='ocrx_word' id='word_1_640' title='bbox 3247 4450 3437 4490; x_wconf 83' lang='lat' dir='ltr'><strong>aurem</strong></span> <span class='ocrx_word' id='word_1_641' title='bbox 3462 4433 3531 4487; x_wconf 86' lang='lat' dir='ltr'>ad</span> 
     </span>
    </p>
   </div>
   <div class='ocr_carea' id='block_1_84' title="bbox 284 4526 1863 4616">
    <p class='ocr_par' dir='ltr' id='par_1_84' title="bbox 284 4539 1861 4616">
     <span class='ocr_line' id='line_1_84' title="bbox 284 4539 1861 4616; baseline -0.004 -17"><span class='ocrx_word' id='word_1_642' title='bbox 284 4545 345 4599; x_wconf 79' lang='grc' dir='ltr'>τὸ</span> <span class='ocrx_word' id='word_1_643' title='bbox 371 4541 463 4609; x_wconf 83' lang='grc' dir='ltr'>οὖς</span> <span class='ocrx_word' id='word_1_644' title='bbox 488 4548 599 4609; x_wconf 86' lang='grc' dir='ltr'>τοῖς</span> <span class='ocrx_word' id='word_1_645' title='bbox 624 4543 784 4598; x_wconf 78' lang='grc' dir='ltr'>αὑτοῦ</span> <span class='ocrx_word' id='word_1_646' title='bbox 820 4545 1045 4616; x_wconf 78' lang='grc' dir='ltr'>ῥήμασι,</span> <span class='ocrx_word' id='word_1_647' title='bbox 1083 4543 1179 4596; x_wconf 81' lang='grc' dir='ltr'>σὺν</span> <span class='ocrx_word' id='word_1_648' title='bbox 1210 4540 1492 4612; x_wconf 79' lang='grc' dir='ltr'>αὑθεντείᾳ</span> <span class='ocrx_word' id='word_1_649' title='bbox 1522 4540 1773 4611; x_wconf 75' lang='grc' dir='ltr'>βασιλικῇ</span> <span class='ocrx_word' id='word_1_650' title='bbox 1802 4539 1861 4603; x_wconf 80' lang='grc' dir='ltr'>ἐξ</span> 
     </span>
    </p>
   </div>
   <div class='ocr_carea' id='block_1_85' title="bbox 1966 4526 3530 4616">
    <p class='ocr_par' dir='ltr' id='par_1_85' title="bbox 1966 4526 3530 4604">
     <span class='ocr_line' id='line_1_85' title="bbox 1966 4526 3530 4604; baseline -0.012 -8"><span class='ocrx_word' id='word_1_651' title='bbox 1966 4541 2131 4597; x_wconf 89' lang='lat' dir='ltr'><strong>verba</strong></span> <span class='ocrx_word' id='word_1_652' title='bbox 2166 4553 2288 4601; x_wconf 87' lang='lat' dir='ltr'><strong>sua,</strong></span> <span class='ocrx_word' id='word_1_653' title='bbox 2319 4534 2645 4591; x_wconf 89' lang='lat' dir='ltr'><strong>auctoritate</strong></span> <span class='ocrx_word' id='word_1_654' title='bbox 2682 4533 2831 4604; x_wconf 82' lang='lat' dir='ltr'><strong>regia</strong></span> <span class='ocrx_word' id='word_1_655' title='bbox 2875 4547 2943 4587; x_wconf 79' lang='lat' dir='ltr'><strong>ex</strong></span> <span class='ocrx_word' id='word_1_656' title='bbox 2982 4530 3147 4585; x_wconf 88' lang='lat' dir='ltr'><strong>unius</strong></span> <span class='ocrx_word' id='word_1_657' title='bbox 3178 4541 3413 4598; x_wconf 89' lang='lat' dir='ltr'><strong>persona</strong></span> <span class='ocrx_word' id='word_1_658' title='bbox 3432 4526 3530 4579; x_wconf 89' lang='lat' dir='ltr'><strong>ad—</strong></span> 
     </span>
    </p>
   </div>
   <div class='ocr_carea' id='block_1_86' title="bbox 285 4630 1853 4709">
    <p class='ocr_par' dir='ltr' id='par_1_86' title="bbox 285 4630 1853 4709">
     <span class='ocr_line' id='line_1_86' title="bbox 285 4630 1853 4709; baseline -0.004 -19"><span class='ocrx_word' id='word_1_659' title='bbox 285 4637 403 4701; x_wconf 76' lang='grc' dir='ltr'>ἐνὸς</span> <span class='ocrx_word' id='word_1_660' title='bbox 431 4636 722 4709; x_wconf 83' lang='grc' dir='ltr'>προσώπου</span> <span class='ocrx_word' id='word_1_661' title='bbox 750 4635 1081 4707; x_wconf 82' lang='grc' dir='ltr'>προεφέρετο</span> <span class='ocrx_word' id='word_1_662' title='bbox 1103 4633 1202 4705; x_wconf 88' lang='grc' dir='ltr'>τὴν</span> <span class='ocrx_word' id='word_1_663' title='bbox 1230 4632 1603 4703; x_wconf 90' lang='grc' dir='ltr'>παραγγελίαν</span> <span class='ocrx_word' id='word_1_664' title='bbox 1619 4648 1634 4662; x_wconf 90' lang='grc'><strong>·</strong></span> <span class='ocrx_word' id='word_1_665' title='bbox 1659 4631 1755 4684; x_wconf 82' lang='grc' dir='ltr'>νῦν</span> <span class='ocrx_word' id='word_1_666' title='bbox 1776 4630 1853 4695; x_wconf 81' lang='grc' dir='ltr'>δὲ,</span> 
     </span>
    </p>
   </div>
   <div class='ocr_carea' id='block_1_87' title="bbox 285 4724 1858 4800">
    <p class='ocr_par' dir='ltr' id='par_1_87' title="bbox 285 4724 1858 4800">
     <span class='ocr_line' id='line_1_87' title="bbox 285 4724 1858 4800; baseline -0.004 -18"><span class='ocrx_word' id='word_1_667' title='bbox 285 4730 371 4783; x_wconf 79' lang='grc' dir='ltr'>ὅτε</span> <span class='ocrx_word' id='word_1_668' title='bbox 392 4729 500 4782; x_wconf 84' lang='grc' dir='ltr'>τῶν</span> <span class='ocrx_word' id='word_1_669' title='bbox 524 4728 764 4782; x_wconf 85' lang='grc' dir='ltr'>παλαιῶν</span> <span class='ocrx_word' id='word_1_670' title='bbox 792 4728 1231 4800; x_wconf 82' lang='grc' dir='ltr'>ἀναγνωσμάτων</span> <span class='ocrx_word' id='word_1_671' title='bbox 1255 4727 1603 4799; x_wconf 77' lang='grc' dir='ltr'>ἐπιτέμνεται</span> <span class='ocrx_word' id='word_1_672' title='bbox 1627 4724 1725 4797; x_wconf 79' lang='grc' dir='ltr'>τὴν</span> <span class='ocrx_word' id='word_1_673' title='bbox 1749 4724 1858 4794; x_wconf 85' lang='grc' dir='ltr'>διή-</span> 
     </span>
    </p>
   </div>
   <div class='ocr_carea' id='block_1_88' title="bbox 286 4815 1856 4893">
    <p class='ocr_par' dir='ltr' id='par_1_88' title="bbox 286 4815 1856 4893">
     <span class='ocr_line' id='line_1_88' title="bbox 286 4815 1856 4893; baseline -0.005 -18"><span class='ocrx_word' id='word_1_674' title='bbox 286 4839 464 4893; x_wconf 89' lang='grc' dir='ltr'>γησιν,</span> <span class='ocrx_word' id='word_1_675' title='bbox 502 4823 794 4875; x_wconf 88' lang='grc' dir='ltr'>κοινοποιεῖ</span> <span class='ocrx_word' id='word_1_676' title='bbox 820 4821 910 4874; x_wconf 81' lang='grc' dir='ltr'>τὸν</span> <span class='ocrx_word' id='word_1_677' title='bbox 938 4820 1093 4888; x_wconf 89' lang='grc' dir='ltr'>λόγον</span> <span class='ocrx_word' id='word_1_678' title='bbox 1122 4821 1553 4892; x_wconf 81' lang='grc' dir='ltr'>ὑπομιμνήσκων</span> <span class='ocrx_word' id='word_1_679' title='bbox 1582 4816 1652 4870; x_wconf 87' lang='grc' dir='ltr'>τὰ</span> <span class='ocrx_word' id='word_1_680' title='bbox 1690 4815 1856 4869; x_wconf 82' lang='grc' dir='ltr'>πάλαι</span> 
     </span>
    </p>
   </div>
   <div class='ocr_carea' id='block_1_89' title="bbox 286 4908 1858 4987">
    <p class='ocr_par' dir='ltr' id='par_1_89' title="bbox 286 4908 1858 4987">
     <span class='ocr_line' id='line_1_89' title="bbox 286 4908 1858 4987; baseline -0.006 -18"><span class='ocrx_word' id='word_1_681' title='bbox 286 4915 671 4987; x_wconf 84' lang='grc' dir='ltr'>πεπραγμένα,</span> <span class='ocrx_word' id='word_1_682' title='bbox 692 4914 786 4969; x_wconf 74' lang='grc' dir='ltr'>καὶ</span> <span class='ocrx_word' id='word_1_683' title='bbox 805 4914 879 4979; x_wconf 86' lang='grc' dir='ltr'>ὡς</span> <span class='ocrx_word' id='word_1_684' title='bbox 898 4913 963 4967; x_wconf 82' lang='grc' dir='ltr'>ἂν</span> <span class='ocrx_word' id='word_1_685' title='bbox 990 4917 1101 4978; x_wconf 90' lang='grc' dir='ltr'>τοῖς</span> <span class='ocrx_word' id='word_1_686' title='bbox 1125 4916 1258 4968; x_wconf 80' lang='grc' dir='ltr'>πᾶσι</span> <span class='ocrx_word' id='word_1_687' title='bbox 1276 4912 1527 4985; x_wconf 88' lang='grc' dir='ltr'>γνώριμα</span> <span class='ocrx_word' id='word_1_688' title='bbox 1548 4908 1858 4978; x_wconf 85' lang='grc' dir='ltr'>ἐπαναλαμ-</span> 
     </span>
    </p>
   </div>
   <div class='ocr_carea' id='block_1_90' title="bbox 286 4999 1859 5078">
    <p class='ocr_par' dir='ltr' id='par_1_90' title="bbox 286 4999 1859 5078">
     <span class='ocr_line' id='line_1_90' title="bbox 286 4999 1859 5078; baseline -0.006 -16"><span class='ocrx_word' id='word_1_689' title='bbox 286 5008 459 5064; x_wconf 83' lang='grc' dir='ltr'>6άνων</span> <span class='ocrx_word' id='word_1_690' title='bbox 487 5010 556 5063; x_wconf 85' lang='grc' dir='ltr'>τὰ</span> <span class='ocrx_word' id='word_1_691' title='bbox 588 5007 697 5062; x_wconf 79' lang='grc' dir='ltr'>ἀπὸ</span> <span class='ocrx_word' id='word_1_692' title='bbox 723 5008 820 5078; x_wconf 85' lang='grc' dir='ltr'>τῆς</span> <span class='ocrx_word' id='word_1_693' title='bbox 856 5006 1129 5076; x_wconf 83' lang='grc' dir='ltr'>ἱστορικῆς</span> <span class='ocrx_word' id='word_1_694' title='bbox 1159 5005 1379 5077; x_wconf 65' lang='grc' dir='ltr'>Γραφῆς</span> <span class='ocrx_word' id='word_1_695' title='bbox 1412 5001 1730 5075; x_wconf 89' lang='grc' dir='ltr'>δηλούμενα.</span> <span class='ocrx_word' id='word_1_696' title='bbox 1768 4999 1859 5053; x_wconf 88' lang='grc' dir='ltr'>Διό</span> 
     </span>
    </p>
   </div>
   <div class='ocr_carea' id='block_1_91' title="bbox 287 5092 1857 5173">
    <p class='ocr_par' dir='ltr' id='par_1_91' title="bbox 287 5092 1857 5173">
     <span class='ocr_line' id='line_1_91' title="bbox 287 5092 1857 5173; baseline -0.008 -17"><span class='ocrx_word' id='word_1_697' title='bbox 287 5119 448 5173; x_wconf 84' lang='grc' dir='ltr'>φησιν</span> <span class='ocrx_word' id='word_1_698' title='bbox 461 5118 475 5131; x_wconf 71' lang='grc' dir='ltr'><strong>ο</strong></span> <span class='ocrx_word' id='word_1_699' title='bbox 496 5101 645 5155; x_wconf 88' lang='grc' dir='ltr'>Ὅσα</span> <span class='ocrx_word' id='word_1_700' title='bbox 664 5100 1012 5167; x_wconf 76' lang='grc' dir='ltr'>ἠκούσαμεν</span> <span class='ocrx_word' id='word_1_701' title='bbox 1026 5096 1123 5151; x_wconf 77' lang='grc' dir='ltr'>καὶ</span> <span class='ocrx_word' id='word_1_702' title='bbox 1146 5097 1410 5166; x_wconf 73' lang='grc' dir='ltr'>ἔγνωμεν</span> <span class='ocrx_word' id='word_1_703' title='bbox 1430 5092 1601 5149; x_wconf 82' lang='grc' dir='ltr'>αὑτά.</span> <span class='ocrx_word' id='word_1_704' title='bbox 1618 5092 1693 5146; x_wconf 85' lang='grc' dir='ltr'>Ού</span> <span class='ocrx_word' id='word_1_705' title='bbox 1725 5092 1857 5145; x_wconf 81' lang='grc' dir='ltr'>πάν-</span> 
     </span>
    </p>
   </div>
   <div class='ocr_carea' id='block_1_92' title="bbox 283 5181 1856 5254">
    <p class='ocr_par' dir='ltr' id='par_1_92' title="bbox 283 5181 1856 5254">
     <span class='ocr_line' id='line_1_92' title="bbox 283 5181 1856 5254; baseline -0.005 -12"><span class='ocrx_word' id='word_1_706' title='bbox 283 5206 392 5242; x_wconf 84' lang='grc' dir='ltr'>των</span> <span class='ocrx_word' id='word_1_707' title='bbox 422 5188 477 5242; x_wconf 86' lang='grc' dir='ltr'>δέ</span> <span class='ocrx_word' id='word_1_708' title='bbox 513 5191 629 5241; x_wconf 87' lang='grc' dir='ltr'>ἐστι</span> <span class='ocrx_word' id='word_1_709' title='bbox 653 5187 714 5240; x_wconf 83' lang='grc' dir='ltr'>τὸ</span> <span class='ocrx_word' id='word_1_710' title='bbox 743 5186 963 5240; x_wconf 86' lang='grc' dir='ltr'>ἀκούειν</span> <span class='ocrx_word' id='word_1_711' title='bbox 1000 5186 1092 5239; x_wconf 75' lang='grc' dir='ltr'>καὶ</span> <span class='ocrx_word' id='word_1_712' title='bbox 1127 5184 1430 5254; x_wconf 86' lang='grc' dir='ltr'>γινώσκειν,</span> <span class='ocrx_word' id='word_1_713' title='bbox 1460 5182 1573 5237; x_wconf 84' lang='grc' dir='ltr'>ἀλλ’</span> <span class='ocrx_word' id='word_1_714' title='bbox 1606 5182 1640 5252; x_wconf 79' lang='grc' dir='ltr'><strong>ἢ</strong></span> <span class='ocrx_word' id='word_1_715' title='bbox 1682 5181 1856 5253; x_wconf 88' lang='grc' dir='ltr'>μόνων</span> 
     </span>
    </p>
   </div>
   <div class='ocr_carea' id='block_1_93' title="bbox 284 5271 1858 5348">
    <p class='ocr_par' dir='ltr' id='par_1_93' title="bbox 284 5271 1858 5348">
     <span class='ocr_line' id='line_1_93' title="bbox 284 5271 1858 5348; baseline -0.008 -11"><span class='ocrx_word' id='word_1_716' title='bbox 284 5284 390 5337; x_wconf 80' lang='grc' dir='ltr'>τῶν</span> <span class='ocrx_word' id='word_1_717' title='bbox 422 5281 708 5336; x_wconf 87' lang='grc' dir='ltr'>συνιέντων</span> <span class='ocrx_word' id='word_1_718' title='bbox 745 5280 870 5343; x_wconf 83' lang='grc' dir='ltr'>τοὺς</span> <span class='ocrx_word' id='word_1_719' title='bbox 920 5279 1129 5348; x_wconf 84' lang='grc' dir='ltr'>λόγους.</span> <span class='ocrx_word' id='word_1_720' title='bbox 1162 5277 1258 5331; x_wconf 78' lang='grc' dir='ltr'>Διὸ</span> <span class='ocrx_word' id='word_1_721' title='bbox 1301 5278 1396 5331; x_wconf 73' lang='grc' dir='ltr'>καὶ</span> <span class='ocrx_word' id='word_1_722' title='bbox 1433 5278 1462 5329; x_wconf 93' lang='lat'>6</span> <span class='ocrx_word' id='word_1_723' title='bbox 1486 5275 1747 5338; x_wconf 81' lang='grc' dir='ltr'>Φίλιππος</span> <span class='ocrx_word' id='word_1_724' title='bbox 1780 5271 1858 5344; x_wconf 86' lang='grc' dir='ltr'>τῷ</span> 
     </span>
    </p>
   </div>
   <div class='ocr_carea' id='block_1_94' title="bbox 283 5366 1857 5444">
    <p class='ocr_par' dir='ltr' id='par_1_94' title="bbox 283 5366 1857 5444">
     <span class='ocr_line' id='line_1_94' title="bbox 283 5366 1857 5444; baseline -0.005 -18"><span class='ocrx_word' id='word_1_725' title='bbox 283 5373 520 5444; x_wconf 71' lang='grc' dir='ltr'>εὐνούχῳ</span> <span class='ocrx_word' id='word_1_726' title='bbox 550 5372 731 5441; x_wconf 72' lang='grc' dir='ltr'>ἔλεγεν</span> <span class='ocrx_word' id='word_1_727' title='bbox 749 5389 762 5402; x_wconf 88' lang='grc'><strong>·</strong></span> <span class='ocrx_word' id='word_1_728' title='bbox 793 5366 945 5440; x_wconf 74' lang='grc' dir='ltr'>Ἀρα</span> <span class='ocrx_word' id='word_1_729' title='bbox 984 5368 1296 5440; x_wconf 85' lang='grc' dir='ltr'>γινώσκεις</span> <span class='ocrx_word' id='word_1_730' title='bbox 1324 5368 1363 5423; x_wconf 80' lang='grc' dir='ltr'><em>ἂ</em></span> <span class='ocrx_word' id='word_1_731' title='bbox 1390 5366 1821 5438; x_wconf 70' lang='grc' dir='ltr'>ἀναγινώσκεις</span> <span class='ocrx_word' id='word_1_732' title='bbox 1838 5380 1857 5429; x_wconf 91' lang='grc'><strong><em>;</em></strong></span> 
     </span>
    </p>
   </div>
   <div class='ocr_carea' id='block_1_95' title="bbox 297 5457 1859 5534">
    <p class='ocr_par' dir='ltr' id='par_1_95' title="bbox 297 5457 1859 5534">
     <span class='ocr_line' id='line_1_95' title="bbox 297 5457 1859 5534; baseline -0.006 -16"><span class='ocrx_word' id='word_1_733' title='bbox 297 5466 434 5518; x_wconf 82' lang='grc' dir='ltr'>Ἀλλ’</span> <span class='ocrx_word' id='word_1_734' title='bbox 464 5465 583 5519; x_wconf 80' lang='grc' dir='ltr'>οὐδὲ</span> <span class='ocrx_word' id='word_1_735' title='bbox 616 5466 778 5518; x_wconf 76' lang='grc' dir='ltr'>πᾶσιν</span> <span class='ocrx_word' id='word_1_736' title='bbox 806 5466 853 5517; x_wconf 89' lang='grc' dir='ltr'>οἱ</span> <span class='ocrx_word' id='word_1_737' title='bbox 878 5463 1111 5534; x_wconf 88' lang='grc' dir='ltr'>πατέρες</span> <span class='ocrx_word' id='word_1_738' title='bbox 1143 5460 1489 5532; x_wconf 87' lang='grc' dir='ltr'>διηγήσαντο.</span> <span class='ocrx_word' id='word_1_739' title='bbox 1523 5459 1636 5512; x_wconf 85' lang='grc' dir='ltr'>Ούκ</span> <span class='ocrx_word' id='word_1_740' title='bbox 1662 5457 1859 5527; x_wconf 77' lang='grc' dir='ltr'>ἔχομεν</span> 
     </span>
    </p>
   </div>
   <div class='ocr_carea' id='block_1_96' title="bbox 283 5548 1857 5630">
    <p class='ocr_par' dir='ltr' id='par_1_96' title="bbox 283 5548 1857 5630">
     <span class='ocr_line' id='line_1_96' title="bbox 283 5548 1857 5630; baseline -0.009 -17"><span class='ocrx_word' id='word_1_741' title='bbox 283 5559 413 5628; x_wconf 74' lang='grc' dir='ltr'>γοῦν</span> <span class='ocrx_word' id='word_1_742' title='bbox 446 5561 608 5630; x_wconf 80' lang='grc' dir='ltr'>ἡμεῖς</span> <span class='ocrx_word' id='word_1_743' title='bbox 640 5559 688 5611; x_wconf 78' lang='grc' dir='ltr'>οἱ</span> <span class='ocrx_word' id='word_1_744' title='bbox 729 5557 787 5624; x_wconf 73' lang='grc' dir='ltr'>ἐξ</span> <span class='ocrx_word' id='word_1_745' title='bbox 819 5556 987 5609; x_wconf 82' lang='grc' dir='ltr'>ἐθνῶν</span> <span class='ocrx_word' id='word_1_746' title='bbox 1024 5555 1101 5625; x_wconf 87' lang='grc' dir='ltr'>τῷ</span> <span class='ocrx_word' id='word_1_747' title='bbox 1128 5554 1258 5625; x_wconf 85' lang='grc' dir='ltr'>θείῳ</span> <span class='ocrx_word' id='word_1_748' title='bbox 1296 5552 1439 5622; x_wconf 90' lang='grc' dir='ltr'>λόγῳ</span> <span class='ocrx_word' id='word_1_749' title='bbox 1472 5548 1857 5622; x_wconf 79' lang='grc' dir='ltr'>προσελθόντες</span> 
     </span>
    </p>
   </div>
   <div class='ocr_carea' id='block_1_97' title="bbox 283 5641 1856 5721">
    <p class='ocr_par' dir='ltr' id='par_1_97' title="bbox 283 5641 1856 5721">
     <span class='ocr_line' id='line_1_97' title="bbox 283 5641 1856 5721; baseline -0.01 -14"><span class='ocrx_word' id='word_1_750' title='bbox 283 5653 631 5716; x_wconf 80' lang='grc' dir='ltr'>διδασκάλους</span> <span class='ocrx_word' id='word_1_751' title='bbox 697 5649 1103 5721; x_wconf 62' lang='grc' dir='ltr'>ἐπιγράψασθαι</span> <span class='ocrx_word' id='word_1_752' title='bbox 1148 5646 1256 5700; x_wconf 87' lang='grc' dir='ltr'>τῶν</span> <span class='ocrx_word' id='word_1_753' title='bbox 1302 5645 1461 5699; x_wconf 83' lang='grc' dir='ltr'>θείων</span> <span class='ocrx_word' id='word_1_754' title='bbox 1521 5641 1856 5714; x_wconf 88' lang='grc' dir='ltr'>μαθημάτων</span> 
     </span>
    </p>
   </div>
   <div class='ocr_carea' id='block_1_98' title="bbox 1962 4617 3530 4699">
    <p class='ocr_par' dir='ltr' id='par_1_98' title="bbox 1962 4617 3530 4699">
     <span class='ocr_line' id='line_1_98' title="bbox 1962 4617 3530 4699; baseline -0.011 -12"><span class='ocrx_word' id='word_1_755' title='bbox 1962 4631 2317 4687; x_wconf 88' lang='lat' dir='ltr'><strong>monitionem</strong></span> <span class='ocrx_word' id='word_1_756' title='bbox 2352 4627 2702 4699; x_wconf 80' lang='lat' dir='ltr'><strong>proferebat;</strong></span> <span class='ocrx_word' id='word_1_757' title='bbox 2742 4638 2888 4679; x_wconf 91' lang='lat' dir='ltr'><strong>nunc</strong></span> <span class='ocrx_word' id='word_1_758' title='bbox 2918 4637 3048 4679; x_wconf 89' lang='lat' dir='ltr'><strong>vero</strong></span> <span class='ocrx_word' id='word_1_759' title='bbox 3094 4636 3218 4676; x_wconf 91' lang='lat' dir='ltr'>cum</span> <span class='ocrx_word' id='word_1_760' title='bbox 3274 4617 3530 4687; x_wconf 85' lang='lat' dir='ltr'><strong>antiqua-</strong></span> 
     </span>
    </p>
   </div>
   <div class='ocr_carea' id='block_1_99' title="bbox 1964 4710 3531 4784">
    <p class='ocr_par' dir='ltr' id='par_1_99' title="bbox 1964 4710 3531 4784">
     <span class='ocr_line' id='line_1_99' title="bbox 1964 4710 3531 4784; baseline -0.01 -8"><span class='ocrx_word' id='word_1_761' title='bbox 1964 4737 2087 4776; x_wconf 88' lang='lat' dir='ltr'>rum</span> <span class='ocrx_word' id='word_1_762' title='bbox 2105 4721 2400 4776; x_wconf 86' lang='lat' dir='ltr'><strong>lectionum</strong></span> <span class='ocrx_word' id='word_1_763' title='bbox 2430 4716 2802 4772; x_wconf 84' lang='lat' dir='ltr'><strong>narrationem</strong></span> <span class='ocrx_word' id='word_1_764' title='bbox 2834 4712 3158 4784; x_wconf 87' lang='lat' dir='ltr'><strong>compendio</strong></span> <span class='ocrx_word' id='word_1_765' title='bbox 3192 4710 3380 4772; x_wconf 83' lang='lat' dir='ltr'><strong>refert,</strong></span> <span class='ocrx_word' id='word_1_766' title='bbox 3411 4723 3531 4763; x_wconf 87' lang='lat' dir='ltr'><strong>ser-</strong></span> 
     </span>
    </p>
   </div>
   <div class='ocr_carea' id='block_1_100' title="bbox 1964 4798 3528 4881">
    <p class='ocr_par' dir='ltr' id='par_1_100' title="bbox 1964 4798 3528 4881">
     <span class='ocr_line' id='line_1_100' title="bbox 1964 4798 3528 4881; baseline -0.01 -15"><span class='ocrx_word' id='word_1_767' title='bbox 1964 4828 2183 4868; x_wconf 89' lang='lat' dir='ltr'><strong>monem</strong></span> <span class='ocrx_word' id='word_1_768' title='bbox 2235 4809 2396 4881; x_wconf 87' lang='lat' dir='ltr'><strong>quasi</strong></span> <span class='ocrx_word' id='word_1_769' title='bbox 2453 4809 2511 4862; x_wconf 92' lang='lat' dir='ltr'>in</span> <span class='ocrx_word' id='word_1_770' title='bbox 2589 4804 2868 4861; x_wconf 86' lang='lat' dir='ltr'><strong>communi</strong></span> <span class='ocrx_word' id='word_1_771' title='bbox 2926 4803 3195 4867; x_wconf 86' lang='lat' dir='ltr'><strong>enuntiat,</strong></span> <span class='ocrx_word' id='word_1_772' title='bbox 3253 4800 3344 4854; x_wconf 86' lang='lat' dir='ltr'><strong>illa</strong></span> <span class='ocrx_word' id='word_1_773' title='bbox 3397 4798 3528 4852; x_wconf 91' lang='lat' dir='ltr'><strong>olim</strong></span> 
     </span>
    </p>
   </div>
   <div class='ocr_carea' id='block_1_101' title="bbox 1966 4888 3533 4973">
    <p class='ocr_par' dir='ltr' id='par_1_101' title="bbox 1966 4888 3533 4973">
     <span class='ocr_line' id='line_1_101' title="bbox 1966 4888 3533 4973; baseline -0.012 -15"><span class='ocrx_word' id='word_1_774' title='bbox 1966 4911 2121 4973; x_wconf 88' lang='lat' dir='ltr'><strong>gesta</strong></span> <span class='ocrx_word' id='word_1_775' title='bbox 2151 4912 2606 4960; x_wconf 86' lang='lat' dir='ltr'><strong>commemorans,</strong></span> <span class='ocrx_word' id='word_1_776' title='bbox 2633 4903 2689 4951; x_wconf 89' lang='lat' dir='ltr'>et</span> <span class='ocrx_word' id='word_1_777' title='bbox 2716 4910 2838 4965; x_wconf 62' lang='lat' dir='ltr'><strong>qua:</strong></span> <span class='ocrx_word' id='word_1_778' title='bbox 2868 4893 2925 4948; x_wconf 90' lang='lat' dir='ltr'>in</span> <span class='ocrx_word' id='word_1_779' title='bbox 2962 4890 3189 4947; x_wconf 88' lang='lat' dir='ltr'><strong>historia</strong></span> <span class='ocrx_word' id='word_1_780' title='bbox 3234 4888 3533 4957; x_wconf 82' lang='lat' dir='ltr'><strong>Scripturae</strong></span> 
     </span>
    </p>
   </div>
   <div class='ocr_carea' id='block_1_102' title="bbox 1965 4976 3533 5045">
    <p class='ocr_par' dir='ltr' id='par_1_102' title="bbox 1965 4976 3533 5045">
     <span class='ocr_line' id='line_1_102' title="bbox 1965 4976 3533 5045; baseline -0.009 0"><span class='ocrx_word' id='word_1_781' title='bbox 1965 4990 2218 5045; x_wconf 88' lang='lat' dir='ltr'><strong>feruntur</strong></span> <span class='ocrx_word' id='word_1_782' title='bbox 2270 5002 2372 5044; x_wconf 85' lang='lat' dir='ltr'>ceu</span> <span class='ocrx_word' id='word_1_783' title='bbox 2438 4986 2696 5041; x_wconf 86' lang='lat' dir='ltr'><strong>omnibus</strong></span> <span class='ocrx_word' id='word_1_784' title='bbox 2773 4992 2899 5038; x_wconf 82' lang='lat' dir='ltr'><strong>nota</strong></span> <span class='ocrx_word' id='word_1_785' title='bbox 2976 4996 3283 5036; x_wconf 87' lang='lat' dir='ltr'><strong>resumens.</strong></span> <span class='ocrx_word' id='word_1_786' title='bbox 3350 4976 3533 5044; x_wconf 76' lang='lat' dir='ltr'><strong>Quare</strong></span> 
     </span>
    </p>
   </div>
   <div class='ocr_carea' id='block_1_103' title="bbox 1963 5067 3533 5147">
    <p class='ocr_par' dir='ltr' id='par_1_103' title="bbox 1963 5067 3533 5147">
     <span class='ocr_line' id='line_1_103' title="bbox 1963 5067 3533 5147; baseline -0.008 -11"><span class='ocrx_word' id='word_1_787' title='bbox 1963 5081 2040 5136; x_wconf 84' lang='lat' dir='ltr'>ait</span> <span class='ocrx_word' id='word_1_788' title='bbox 2082 5097 2097 5135; x_wconf 92' lang='lat'><strong>:</strong></span> <span class='ocrx_word' id='word_1_789' title='bbox 2148 5079 2365 5147; x_wconf 82' lang='lat' dir='ltr'><strong>Quanta</strong></span> <span class='ocrx_word' id='word_1_790' title='bbox 2431 5076 2729 5130; x_wconf 83' lang='lat' dir='ltr'><strong>audivimus</strong></span> <span class='ocrx_word' id='word_1_791' title='bbox 2789 5084 2839 5129; x_wconf 88' lang='lat' dir='ltr'>et</span> <span class='ocrx_word' id='word_1_792' title='bbox 2904 5072 3239 5143; x_wconf 83' lang='lat' dir='ltr'><strong>cognouimus</strong></span> <span class='ocrx_word' id='word_1_793' title='bbox 3294 5086 3377 5125; x_wconf 85' lang='lat' dir='ltr'>ea.</span> <span class='ocrx_word' id='word_1_794' title='bbox 3411 5067 3533 5123; x_wconf 76' lang='lat' dir='ltr'>Non</span> 
     </span>
    </p>
   </div>
   <div class='ocr_carea' id='block_1_104' title="bbox 1960 5161 3533 5243">
    <p class='ocr_par' dir='ltr' id='par_1_104' title="bbox 1960 5161 3533 5243">
     <span class='ocr_line' id='line_1_104' title="bbox 1960 5161 3533 5243; baseline -0.011 -14"><span class='ocrx_word' id='word_1_795' title='bbox 1960 5173 2205 5229; x_wconf 89' lang='lat' dir='ltr'><strong>omnium</strong></span> <span class='ocrx_word' id='word_1_796' title='bbox 2230 5185 2395 5243; x_wconf 89' lang='lat' dir='ltr'><strong>porro</strong></span> <span class='ocrx_word' id='word_1_797' title='bbox 2425 5177 2511 5224; x_wconf 91' lang='lat' dir='ltr'>est</span> <span class='ocrx_word' id='word_1_798' title='bbox 2533 5168 2722 5224; x_wconf 88' lang='lat' dir='ltr'><strong>audire</strong></span> <span class='ocrx_word' id='word_1_799' title='bbox 2754 5173 2809 5222; x_wconf 93' lang='lat' dir='ltr'>et</span> <span class='ocrx_word' id='word_1_800' title='bbox 2840 5178 3193 5235; x_wconf 81' lang='lat' dir='ltr'><strong>cognoscere,</strong></span> <span class='ocrx_word' id='word_1_801' title='bbox 3217 5161 3310 5217; x_wconf 90' lang='lat' dir='ltr'>sed</span> <span class='ocrx_word' id='word_1_802' title='bbox 3341 5175 3533 5215; x_wconf 89' lang='lat' dir='ltr'><strong>eorum</strong></span> 
     </span>
    </p>
   </div>
   <div class='ocr_carea' id='block_1_105' title="bbox 1958 5252 3532 5333">
    <p class='ocr_par' dir='ltr' id='par_1_105' title="bbox 1958 5252 3532 5333">
     <span class='ocr_line' id='line_1_105' title="bbox 1958 5252 3532 5333; baseline -0.01 -12"><span class='ocrx_word' id='word_1_803' title='bbox 1958 5274 2172 5321; x_wconf 87' lang='lat' dir='ltr'><strong>tantum</strong></span> <span class='ocrx_word' id='word_1_804' title='bbox 2205 5264 2301 5333; x_wconf 92' lang='lat' dir='ltr'>qui</span> <span class='ocrx_word' id='word_1_805' title='bbox 2340 5274 2647 5317; x_wconf 89' lang='lat' dir='ltr'><strong>sermonem</strong></span> <span class='ocrx_word' id='word_1_806' title='bbox 2699 5258 3029 5327; x_wconf 83' lang='lat' dir='ltr'><strong>intelligunt.</strong></span> <span class='ocrx_word' id='word_1_807' title='bbox 3063 5254 3271 5308; x_wconf 82' lang='lat' dir='ltr'><strong>Idcirco</strong></span> <span class='ocrx_word' id='word_1_808' title='bbox 3315 5252 3532 5306; x_wconf 73' lang='lat' dir='ltr'><strong>dicebat</strong></span> 
     </span>
    </p>
   </div>
   <div class='ocr_carea' id='block_1_106' title="bbox 1959 5343 3535 5424">
    <p class='ocr_par' dir='ltr' id='par_1_106' title="bbox 1959 5343 3535 5424">
     <span class='ocr_line' id='line_1_106' title="bbox 1959 5343 3535 5424; baseline -0.014 -9"><span class='ocrx_word' id='word_1_809' title='bbox 1959 5357 2213 5415; x_wconf 86' lang='lat' dir='ltr'><strong>eunucho</strong></span> <span class='ocrx_word' id='word_1_810' title='bbox 2240 5355 2521 5424; x_wconf 86' lang='lat' dir='ltr'><strong>Philippus</strong></span> <span class='ocrx_word' id='word_1_811' title='bbox 2552 5370 2565 5405; x_wconf 89' lang='lat'>:</span> <span class='ocrx_word' id='word_1_812' title='bbox 2605 5350 2840 5403; x_wconf 78' lang='lat' dir='ltr'><strong>Putasne</strong></span> <span class='ocrx_word' id='word_1_813' title='bbox 2883 5346 3134 5417; x_wconf 86' lang='lat' dir='ltr'><strong>intelligis</strong></span> <span class='ocrx_word' id='word_1_814' title='bbox 3165 5361 3283 5417; x_wconf 81' lang='lat' dir='ltr'><strong>qua:</strong></span> <span class='ocrx_word' id='word_1_815' title='bbox 3320 5344 3448 5414; x_wconf 81' lang='lat' dir='ltr'><strong>legis</strong></span> <span class='ocrx_word' id='word_1_816' title='bbox 3478 5343 3535 5393; x_wconf 67' lang='grc'>⁸9</span> 
     </span>
    </p>
   </div>
   <div class='ocr_carea' id='block_1_107' title="bbox 1964 5438 3533 5511">
    <p class='ocr_par' dir='ltr' id='par_1_107' title="bbox 1964 5438 3533 5511">
     <span class='ocr_line' id='line_1_107' title="bbox 1964 5438 3533 5511; baseline -0.008 -5"><span class='ocrx_word' id='word_1_817' title='bbox 1964 5451 2070 5507; x_wconf 85' lang='lat' dir='ltr'><strong>Sed</strong></span> <span class='ocrx_word' id='word_1_818' title='bbox 2101 5465 2209 5504; x_wconf 90' lang='lat' dir='ltr'>non</span> <span class='ocrx_word' id='word_1_819' title='bbox 2238 5447 2493 5502; x_wconf 90' lang='lat' dir='ltr'><strong>omnibus</strong></span> <span class='ocrx_word' id='word_1_820' title='bbox 2524 5458 2815 5499; x_wconf 86' lang='lat' dir='ltr'><strong>narravere</strong></span> <span class='ocrx_word' id='word_1_821' title='bbox 2849 5448 3053 5511; x_wconf 88' lang='lat' dir='ltr'><strong>patres.</strong></span> <span class='ocrx_word' id='word_1_822' title='bbox 3087 5438 3198 5495; x_wconf 87' lang='lat' dir='ltr'><strong>Nos</strong></span> <span class='ocrx_word' id='word_1_823' title='bbox 3228 5440 3411 5509; x_wconf 87' lang='lat' dir='ltr'><strong>itaque</strong></span> <span class='ocrx_word' id='word_1_824' title='bbox 3439 5438 3533 5509; x_wconf 87' lang='lat' dir='ltr'>qui</span> 
     </span>
    </p>
   </div>
   <div class='ocr_carea' id='block_1_108' title="bbox 1961 5531 3532 5612">
    <p class='ocr_par' dir='ltr' id='par_1_108' title="bbox 1961 5531 3532 5612">
     <span class='ocr_line' id='line_1_108' title="bbox 1961 5531 3532 5612; baseline -0.008 -16"><span class='ocrx_word' id='word_1_825' title='bbox 1961 5558 2029 5596; x_wconf 78' lang='lat' dir='ltr'><strong>cx</strong></span> <span class='ocrx_word' id='word_1_826' title='bbox 2051 5540 2305 5612; x_wconf 82' lang='lat' dir='ltr'><strong>gentibus</strong></span> <span class='ocrx_word' id='word_1_827' title='bbox 2327 5538 2395 5591; x_wconf 90' lang='lat' dir='ltr'>ad</span> <span class='ocrx_word' id='word_1_828' title='bbox 2425 5535 2669 5591; x_wconf 90' lang='lat' dir='ltr'><strong>divinum</strong></span> <span class='ocrx_word' id='word_1_829' title='bbox 2702 5533 2929 5589; x_wconf 72' lang='lat' dir='ltr'><strong>verbum</strong></span> <span class='ocrx_word' id='word_1_830' title='bbox 2971 5531 3327 5595; x_wconf 84' lang='lat' dir='ltr'><strong>accessimus,</strong></span> <span class='ocrx_word' id='word_1_831' title='bbox 3352 5540 3532 5601; x_wconf 76' lang='lat' dir='ltr'><strong>patres</strong></span> 
     </span>
    </p>
   </div>
   <div class='ocr_carea' id='block_1_109' title="bbox 1961 5624 3533 5690">
    <p class='ocr_par' dir='ltr' id='par_1_109' title="bbox 1961 5624 3533 5690">
     <span class='ocr_line' id='line_1_109' title="bbox 1961 5624 3533 5690; baseline -0.009 0"><span class='ocrx_word' id='word_1_832' title='bbox 1961 5645 2179 5690; x_wconf 82' lang='lat' dir='ltr'><strong>nostros</strong></span> <span class='ocrx_word' id='word_1_833' title='bbox 2204 5630 2503 5689; x_wconf 87' lang='lat' dir='ltr'><strong>secundum</strong></span> <span class='ocrx_word' id='word_1_834' title='bbox 2543 5643 2763 5685; x_wconf 88' lang='lat' dir='ltr'><strong>carnem</strong></span> <span class='ocrx_word' id='word_1_835' title='bbox 2801 5627 3113 5683; x_wconf 72' lang='lat' dir='ltr'><strong>divinarum</strong></span> <span class='ocrx_word' id='word_1_836' title='bbox 3158 5625 3317 5680; x_wconf 87' lang='lat' dir='ltr'><strong>nobis</strong></span> <span class='ocrx_word' id='word_1_837' title='bbox 3364 5624 3533 5679; x_wconf 69' lang='lat' dir='ltr'><strong>disti-</strong></span> 
     </span>
    </p>
   </div>
   <div class='ocr_carea' id='block_1_110' title="bbox 354 5786 1863 5871">
    <p class='ocr_par' dir='ltr' id='par_1_110' title="bbox 354 5794 1859 5871">
     <span class='ocr_line' id='line_1_110' title="bbox 354 5794 1859 5871; baseline -0.009 -5"><span class='ocrx_word' id='word_1_838' title='bbox 354 5812 376 5843; x_wconf 83' lang='lat'><strong>&#39;</strong></span> <span class='ocrx_word' id='word_1_839' title='bbox 411 5809 553 5866; x_wconf 86' lang='lat' dir='ltr'><strong>Psal.</strong></span> <span class='ocrx_word' id='word_1_840' title='bbox 591 5822 794 5871; x_wconf 73' lang='lat' dir='ltr'><strong>tum,</strong></span> <span class='ocrx_word' id='word_1_841' title='bbox 835 5808 885 5860; x_wconf 82' lang='lat' dir='ltr'>l.</span> <span class='ocrx_word' id='word_1_842' title='bbox 962 5804 983 5835; x_wconf 90' lang='grc'>⁶</span> <span class='ocrx_word' id='word_1_843' title='bbox 1022 5803 1211 5857; x_wconf 78' lang='lat' dir='ltr'><strong>Matth.</strong></span> <span class='ocrx_word' id='word_1_844' title='bbox 1245 5818 1411 5869; x_wconf 57' lang='grc' dir='ltr'>χχιιι,</span> <span class='ocrx_word' id='word_1_845' title='bbox 1445 5802 1533 5857; x_wconf 82' lang='grc'>57.</span> <span class='ocrx_word' id='word_1_846' title='bbox 1610 5802 1627 5831; x_wconf 87' lang='grc'><strong>⁷</strong></span> <span class='ocrx_word' id='word_1_847' title='bbox 1668 5794 1859 5852; x_wconf 78' lang='lat' dir='ltr'><strong>Matth.</strong></span> 
     </span>
    </p>
   </div>
   <div class='ocr_carea' id='block_1_111' title="bbox 1966 5786 2536 5871">
    <p class='ocr_par' dir='ltr' id='par_1_111' title="bbox 1967 5786 2536 5865">
     <span class='ocr_line' id='line_1_111' title="bbox 1967 5786 2536 5865; baseline -0.009 -18"><span class='ocrx_word' id='word_1_848' title='bbox 1967 5792 2021 5847; x_wconf 77' lang='grc'>1.</span> <span class='ocrx_word' id='word_1_849' title='bbox 2080 5792 2117 5865; x_wconf 41' lang='grc'>,³</span> <span class='ocrx_word' id='word_1_850' title='bbox 2143 5790 2263 5846; x_wconf 82' lang='lat' dir='ltr'><strong>Act.</strong></span> <span class='ocrx_word' id='word_1_851' title='bbox 2294 5802 2415 5857; x_wconf 70' lang='lat' dir='ltr'><strong>riu,</strong></span> <span class='ocrx_word' id='word_1_852' title='bbox 2448 5786 2536 5844; x_wconf 75' lang='lat'>30.</span> 
     </span>
    </p>
   </div>
   <div class='ocr_carea' id='block_1_112' title="bbox 605 5892 1305 5959">
    <p class='ocr_par' dir='ltr' id='par_1_112' title="bbox 605 5892 1305 5959">
     <span class='ocr_line' id='line_1_112' title="bbox 605 5892 1305 5959; baseline -0.007 -1"><span class='ocrx_word' id='word_1_853' title='bbox 605 5898 877 5959; x_wconf 72' lang='lat' dir='ltr'>PATBOL.</span> <span class='ocrx_word' id='word_1_854' title='bbox 916 5893 1032 5957; x_wconf 80' lang='lat' dir='ltr'><strong>Gn.</strong></span> <span class='ocrx_word' id='word_1_855' title='bbox 1072 5892 1305 5958; x_wconf 68' lang='lat' dir='ltr'>XXIII.</span> 
     </span>
    </p>
   </div>
   <div class='ocr_carea' id='block_1_113' title="bbox 3131 5875 3213 5935">
    <p class='ocr_par' dir='ltr' id='par_1_113' title="bbox 3131 5875 3213 5935">
     <span class='ocr_line' id='line_1_113' title="bbox 3131 5875 3213 5935; baseline 0 0"><span class='ocrx_word' id='word_1_856' title='bbox 3131 5875 3213 5935; x_wconf 78' lang='lat'>29</span> 
     </span>
    </p>
   </div>
  </div>
