4078 6432
468 350 481 361 ’
508 336 617 394 907
1142 330 1415 389 EUSEBII
1451 328 1931 389 CESARIENSIS
1966 330 2117 388 OPP.
2158 328 2341 387 PARS
2376 328 2463 387 ιη.
2502 359 2574 370 -—
2609 326 3019 386 EXECETICA.
3660 333 3793 389 908

505 462 775 533 plinarum
796 456 1085 528 magistros
1109 454 1384 510 ascribere
1407 467 1517 508 non
1541 468 1866 525 possumus;
1892 468 2073 509 verum

2182 452 2308 517 τοὺς
2338 449 2478 505 κατὰ
2504 449 2683 521 σάρκα
2716 448 2989 519 πατέρας·
3018 447 3130 501 ἀλλ’
3154 448 3183 501 ὃ
3213 465 3277 518 γε
3301 449 3491 522 Σωτὴρ
3517 448 3577 515 ἐξ
3598 451 3792 506 αὑτοῦ

508 548 765 603 Servator
790 561 915 602 cum
952 561 1015 601 ex
1049 560 1146 600 sua
1182 552 1296 598 tum
1317 560 1384 599 ex
1407 545 1803 615 apostolorum,
1832 545 2073 614 discipu-

2183 540 2473 613 προσώπου
2508 541 2602 594 καὶ
2632 540 2740 595 τῶν
2774 538 2916 593 κατὰ
2950 538 3128 612 σάρκα
3160 541 3224 593 ὲκ
3253 540 3359 593 τῶν
3386 541 3565 597 αὐτῶν
3596 544 3788 597 πατέ-

507 641 679 693 lorum
702 645 757 693 et
784 636 1242 707 evangelistarum
1276 651 1524 701 suorum,
1540 636 1634 707 qui
1662 635 1857 692 iisdem
1880 636 2073 707 quibus

2186 651 2292 704 ρων
2335 631 2641 703 γενομένων
2687 634 3002 688 ἀποστόλων
3044 632 3209 687 αὑτοῦ
3258 634 3354 685 καὶ
3387 632 3641 705 μαθητῶν
3674 635 3788 687 καὶ

506 729 623 799 ipse
640 728 887 798 patribus
908 726 1207 782 secundum
1230 741 1452 782 carnem
1475 728 1743 799 progeniti
1774 736 1922 793 sunt,
1952 743 2079 799 per-

506 834 664 881 sona,
698 818 797 873 has
836 816 1042 888 profert
1078 832 1282 874 voces:
1310 818 1529 885 Quanta
1560 818 1858 873 audivimus
1901 826 1951 871 et
1989 834 2079 871 eoo

502 910 775 979 gnovimus
792 926 875 975 ea,
895 918 944 962 et
968 918 1143 978 patres
1171 910 1341 964 nostri
1367 919 1715 963 narraverunt
1740 908 1888 964 nobis
1908 912 1932 965 .9
1955 908 2081 964 Haec

501 1001 648 1056 enim
696 1002 801 1072 ipsi
834 1016 864 1055 a
892 1001 1140 1071 patribus
1174 1010 1398 1072 accepta
1426 1002 1587 1057 nobis
1624 1017 1690 1055 ex
1717 1001 1961 1073 gentium
1992 1015 2079 1055 se-

502 1094 648 1148 mine
672 1093 830 1156 ortis,
850 1100 910 1146 ut
932 1093 1158 1164 ignaris,
1176 1093 1604 1155 annuntiabunt,
1620 1092 2000 1161 docebuntque
2015 1107 2079 1146 ea

502 1199 624 1253 qua:
673 1184 915 1253 antiquis
958 1183 1067 1238 illis
1095 1183 1473 1254 contigerunt;
1498 1198 1619 1253 quae
1648 1198 1679 1236 a
1708 1182 1955 1252 patribus
1984 1196 2080 1252 per

502 1276 909 1332 successionem
934 1275 1060 1332 filiis
1090 1274 1310 1341 tradita,
1348 1284 1402 1331 et
1427 1291 1649 1332 rursum
1681 1291 1804 1346 qua:
1838 1274 1908 1329 ab
1927 1275 2079 1330 hisce

500 1370 568 1424 ad
604 1378 852 1440 posteros
870 1369 1297 1433 transmissa,ex
1326 1369 1522 1439 hisque
1544 1368 1741 1423 iterum
1776 1367 1843 1422 ad
1862 1367 2002 1422 filios
2023 1365 2081 1420 fi-

501 1462 699 1517 liorum
729 1462 1006 1517 memoriae
1024 1462 1273 1517 mandata
1305 1471 1452 1517 sunt.
1472 1461 1813 1532 Quapropter
1837 1461 2041 1515 dicitur
2061 1479 2075 1516 :

499 1581 569 1592 -—-
589 1550 758 1606 Vsus.
779 1552 829 1605 4.
856 1552 979 1605 Νοη
998 1562 1118 1607 sunt
1143 1553 1410 1607 occultata
1430 1571 1460 1606 a
1487 1552 1615 1621 ﬁliis
1636 1568 1820 1607 eorum
1840 1552 1895 1605 in
1920 1565 2077 1621 gene-

500 1645 705 1698 ratione
758 1644 948 1699 altera.
984 1642 1284 1700 Narrantes
1316 1643 1499 1698 laudes
1534 1643 1747 1698 Domini
1773 1652 1823 1698 et
1860 1643 2076 1697 uirtutes

501 1736 640 1805 ejus,
667 1747 717 1792 et
740 1738 1017 1791 mirabilia
1045 1737 1158 1807 ejus
1193 1754 1310 1808 qua:
1340 1737 1481 1807 fecit.
1516 1736 1682 1790 Multa
1728 1735 1948 1807 quidem
1977 1750 2078 1789 no-

2181 724 2583 794 εὑαγγελιστῶν
2612 724 2820 791 ταύτας
2852 725 3185 799 προφέρεται
3212 726 3311 790 τὰς
3345 727 3525 795 φωνὰς
3555 724 3740 795 λέγων
3763 744 3780 757 ⁸

2185 819 2334 872 Ὅσα
2361 819 2713 888 ἠκούσαμεν
2744 818 2839 871 καὶ
2872 818 3137 888 ἔγνωμεν
3161 818 3334 882 αὐτὰ,
3367 819 3463 872 καὶ
3497 822 3552 872 οι
3586 818 3785 873 πατέ-

2174 924 2281 976 ρες
2299 907 2466 979 ἡμῶν
2494 908 2864 979 διηγήσαντο
2890 909 3067 979 mlier;
3089 910 3270 964 Ταῦτα
3293 911 3401 982 γὰρ
3427 914 3491 965 ὲκ
3513 913 3779 986 πατέρων

2180 998 2335 1050 αὐτοὶ
2365 998 2780 1070 παρειληφότες,
2817 999 2947 1070 ἡμῖν
2984 1003 3095 1063 τοῖς
3132 1000 3193 1065 ἐξ
3225 1000 3393 1054 ὲθνῶν
3427 1002 3503 1065 ὡς
3538 1003 3610 1075 μὴ
3648 1005 3776 1056 ἑπι-

2183 1090 2470 1161 σταμένοις
2506 1091 2914 1161 ἀπαγγελοῦσι,
2959 1092 3301 1157 διδάσκοντες
3356 1096 3501 1165 ἡμᾶς
3533 1094 3601 1149 τὰ
3649 1098 3774 1160 τοῖς

2183 1182 2431 1248 παλαιοῖς
2464 1183 2882 1254 συμόεὸηκόταο
2916 1184 2953 1238 ἃ.
2996 1183 3059 1255 δὴ
3091 1184 3231 1238 κατὰ
3279 1185 3528 1257 διαδοχὴν
3560 1189 3623 1241 ὲκ
3660 1205 3771 1240 πα-

2177 1272 2353 1344 τέρων
2380 1273 2619 1343 ἠκούσθη
2654 1277 2768 1337 τοῖς
2802 1275 2979 1335 παισὶ,
3012 1275 3105 1328 καὶ
3144 1275 3305 1329 πάλιν
3334 1275 3393 1342 ἐξ
3428 1276 3651 1329 ἐκείνων
3684 1280 3769 1341 εἰς

2178 1366 2304 1429 τοὺς
2339 1366 2830 1437 μεταγενεστέρους
2863 1365 3141 1437 ἐλήλυθεν,
3177 1368 3241 1420 ὲκ
3274 1365 3480 1420 τούτων
3510 1385 3569 1420 τε
3606 1364 3765 1431 αὖθις

2179 1459 2257 1522 εἰς
2283 1458 2477 1520 παῖδας
2501 1457 2704 1511 παίδων
2727 1460 2794 1529 τῇ
2823 1462 3009 1530 μνήμῃ
3041 1459 3336 1531 παρεδόθη.
3364 1460 3453 1513 Διὺ
3478 1461 3727 1515 λέλεκται
3746 1480 3762 1493 ·

2184 1552 2305 1603 Οὐκ
2351 1550 2569 1617 ἐκρύϐη
2608 1548 2727 1602 ἀπὸ
2774 1548 2891 1602 τῶν
2942 1550 3167 1604 τέκνων
3193 1549 3394 1604 αὐτῶν
3437 1554 3525 1618 εἰς
3552 1554 3766 1622 γενεὰν

2178 1634 2406 1708 ἑτέραν.
2446 1639 2958 1709 Ἀπαγγέλλοντες
2988 1642 3095 1709 τὰς
3119 1642 3382 1709 αὶνέσεις
3405 1642 3510 1697 τοῦ
3541 1646 3764 1712 Κυρίου

2180 1733 2278 1787 καὶ
2303 1733 2410 1799 τὰς
2446 1733 2809 1799 δυναστείας
2847 1734 3055 1799 αὐτοῦ,
3084 1735 3180 1789 καὶ
3218 1736 3293 1790 τὰ
3319 1736 3622 1805 θαυμάσια
3653 1739 3765 1791 αὺ-

498 1830 585 1885 bis
613 1845 645 1884 a
676 1830 922 1901 patribus
954 1830 1157 1884 tradita
1186 1837 1333 1893 sunt,
1362 1830 1429 1884 de
1454 1828 1733 1885 beneﬁciis
1762 1843 1793 1883 a
1822 1827 1934 1883 Deo
1972 1827 2073 1883 sibi

2179 1824 2285 1879 τοῦ
2306 1824 2345 1878 ἁ
2363 1820 2635 1893 ἐποίησε.
2659 1825 2836 1879 Πολλὰ
2869 1826 2966 1897 μέν
3000 1829 3117 1880 ὲστι
3141 1827 3210 1881 τὰ
3238 1830 3609 1902 παραδοθέντα
3632 1832 3765 1901 ἡμῖν

498 1923 740 1991 collatis;
775 1939 944 1978 unum
1001 1930 1183 1977 autem
1236 1923 1483 1976 omnium
1530 1922 1767 1977 maxime
1825 1936 2079 1977 necessa-

502 2014 666 2078 rium,
698 2020 782 2068 est
808 2012 1208 2077 testimonium,
1240 2012 1436 2082 lexque
1461 2013 1515 2067 in
1537 2012 1848 2069 testimonio
1878 2012 2073 2081 posita,

500 2119 665 2174 quam
704 2104 837 2172 ipsis
871 2102 1080 2173 scripto
1112 2101 1356 2167 tradidit,
1397 2102 1718 2173 praecipiens
1748 2111 1806 2156 ut
1846 2100 2078 2156 medita-

499 2203 689 2250 rentur
727 2196 922 2266 ipsam,
956 2202 1009 2248 et
1038 2192 1159 2263 ejus
1180 2193 1586 2248 meditationem
1620 2193 1764 2255 ﬁliis,
1784 2193 2076 2263 nepotibus

496 2295 551 2342 et
578 2288 809 2357 posteris
831 2300 926 2356 per
948 2284 1351 2339 successionem
1390 2284 1682 2337 traderent.
1711 2282 2076 2349 Quamobrem

501 2380 578 2433 ait
602 2398 613 2432 :
639 2376 894 2432 —VEns.
926 2377 980 2432 5.
1008 2374 1075 2429 Et
1105 2376 1379 2430 suscitavit
1414 2376 1770 2430 testimonium
1798 2376 1853 2429 in
1882 2373 2071 2439 Iacob,

499 2482 548 2527 et
588 2472 749 2543 legem
782 2470 955 2541 posuit
985 2470 1040 2523 in
1088 2468 1281 2525 Israel.
1324 2467 1720 2523 Testimonium
1778 2469 2077 2523 vocabatur

505 2565 918 2620 tabernaculum
957 2562 1279 2625 testimonii,
1300 2561 1353 2615 in
1382 2577 1493 2632 quo
1518 2561 1764 2632 deposita
1794 2570 1913 2615 erat
1944 2574 2071 2613 arca

498 2654 857 2719 Testamcnti,
892 2654 980 2707 lex
1021 2653 1077 2707 in
1117 2667 1244 2706 arca
1284 2652 1485 2722 posita,
1515 2667 1725 2707 necnon
1789 2651 2071 2706 cherubim

497 2754 549 2800 ct
578 2744 1042 2815 propitiatorium,
1075 2741 1490 2806 candelabrum,
1524 2758 1711 2797 mensa
1747 2749 1799 2796 et
1824 2743 2071 2813 proposi-

497 2836 576 2890 tio
597 2850 795 2905 panum
833 2852 845 2887 :
886 2849 1008 2904 quae
1052 2833 1242 2903 jussus
1276 2833 1456 2888 facere
1505 2831 1739 2904 Moyses,
1771 2834 2072 2888 secundum

500 2925 778 2995 exemplar
806 2924 950 2995 quod
986 2924 1090 2994 ipsi
1124 2928 1179 2978 in
1204 2932 1387 2979 monte
1418 2933 1702 2979 ostensum
1744 2923 1920 2979 fuerat
1949 2940 2077 2979 con-

497 3016 720 3070 struxit.
756 3013 861 3069 Sed
890 3014 1019 3068 olim
1053 3013 1270 3083 quidem
1324 3015 1410 3069 lex
1450 3015 1539 3069 illa
1592 3022 1647 3069 et
1699 3015 2073 3071 testimonium

498 3107 633 3163 illud
686 3106 892 3162 Jacobo
927 3115 981 3161 et
1015 3107 1201 3161 Israrli
1260 3108 1457 3161 tradita
1509 3106 1744 3162 fuerant.
1803 3105 2073 3173 Quoniam

497 3216 627 3256 vero
666 3200 734 3254 iis
788 3201 1028 3269 acceptis
1088 3200 1165 3253 illi
1223 3200 1554 3271 transgressi
1594 3207 1741 3263 sunt,
1776 3200 1901 3269 jure
1954 3201 2072 3269 ipse

498 3310 621 3348 cum
660 3293 826 3347 alium
873 3293 976 3347 sibi
1012 3299 1260 3361 parasset
1315 3291 1595 3362 populum,
1631 3290 1885 3360 aliudque
1916 3293 2073 3345 testi-

500 3386 766 3451 monium,
803 3385 1055 3439 videlicet
1083 3400 1286 3454 corpus
1334 3384 1561 3447 Christi,
1602 3383 1747 3454 quod
1780 3383 1873 3437 Dei
1909 3382 2071 3438 Verbi

500 3483 553 3535 in
583 3481 702 3550 ipso
736 3479 1033 3534 habitantis
1065 3480 1325 3548 templum
1367 3486 1507 3545 erat,
1549 3486 1608 3532 ut
1645 3484 1760 3548 ipse
1792 3480 1869 3532 ait
1900 3499 1912 3534 :
1950 3479 2073 3533 Sol-

498 3573 600 3627 uite
631 3571 879 3642 templum
910 3572 1028 3634 hoc,
1048 3580 1103 3624 et
1123 3571 1177 3623 in
1208 3570 1371 3624 tribus
1403 3570 1585 3625 diebus
1606 3571 1847 3626 excitabo
1870 3572 2004 3625 illud
2027 3572 2069 3638 ⁹;

498 3667 567 3720 ad
601 3665 717 3719 haec
753 3664 920 3719 etiam
955 3664 1154 3734 populo
1186 3679 1287 3718 suo
1334 3664 1506 3735 legem
1562 3666 1720 3719 aliam
1743 3706 1757 3730 ,
1798 3665 2072 3735 evangeli-

497 3773 619 3813 cam
644 3754 1121 3823 videlicet,tradit.
1161 3754 1283 3810 Ideo
1310 3755 1365 3810 in
1387 3756 1660 3827 principio
1685 3754 1851 3825 hujus
1876 3754 2073 3826 psalmi

496 3849 621 3904 ait:
652 3846 937 3910 Attandite,
968 3846 1155 3915 popule
1189 3864 1356 3912 meus,
1395 3846 1557 3918 legem
1586 3862 1787 3911 meam;
1816 3855 2071 3901 caeterum

497 3944 669 4013 legem
715 3941 993 4008 antiquam
1028 3945 1081 3993 et
1137 3948 1376 3993 veterem
1436 3938 1909 4007 testificationem)
1947 3954 2073 3991 nam

501 4037 582 4089 sic
615 4036 1004 4105 interpretatus
1053 4033 1417 4106 Symmachus
1453 4040 1559 4097 est,
1581 4032 1770 4088 dicens
1802 4053 1813 4087 :
1854 4031 1922 4085 Et
1958 4041 2072 4086 sta-

498 4127 596 4179 tuit
629 4128 1046 4196 testiﬁcationem
1070 4125 1264 4196 Jacob)
1296 4140 1420 4178 cum
1452 4125 1633 4194 priore
1664 4124 1864 4194 populo
1895 4123 2075 4192 dispo-

495 4220 626 4285 suit,
648 4220 966 4289 pracipiens
997 4218 1130 4288 ipsis
1157 4226 1215 4272 ut
1237 4225 1361 4272 nota
1386 4216 1625 4271 facerent
1648 4231 1713 4271 ea
1746 4216 1867 4270 ﬁliis
1898 4224 1950 4270 et
1979 4233 2075 4270 ne-

494 4313 715 4383 potibus
742 4312 879 4379 suis,
918 4321 976 4365 ut
996 4311 1276 4382 generatio
1309 4311 1459 4365 nulla
1486 4314 1781 4382 ignoraret,
1813 4310 1904 4365 sed
1938 4309 2072 4379 legis

494 4404 744 4459 doctrina
790 4404 845 4458 in
887 4405 1122 4475 posteris
1177 4418 1393 4473 quoque
1450 4410 1713 4457 maneret.
1749 4401 1957 4455 idcirco
1987 4401 2073 4454 di-

2178 1916 2283 1968 ὑπδ
2320 1914 2430 1968 τῶν
2482 1916 2755 1987 πατέρων,
2798 1916 2941 1988 ἆπερ
2988 1918 3186 1982 αὐτοὺς
3228 1921 3257 1972 6
3299 1919 3431 1983 Θεὸς
3462 1920 3767 1991 εὐεργετῶν

2175 2006 2500 2078 διεπράξατο
2516 2026 2530 2038 ο
2555 2006 2613 2061 ἓν
2637 2008 2693 2061 δὲ
2718 2008 2773 2061 τὸ
2796 2008 3011 2063 πάντων
3033 2011 3454 2083 ἀναγκαιότερον
3481 2013 3654 2066 έκεῖνο
3672 2007 3764 2085 ἦν,

2176 2096 2320 2166 λέγω
2338 2097 2394 2151 δὲ
2425 2097 2485 2150 τὸ
2508 2096 2826 2169 μαρτύριον,
2850 2098 2945 2152 καὶ
2976 2100 3004 2152 6
3040 2101 3097 2153 ὲν
3137 2100 3215 2172 τῷ
3257 2102 3540 2174 μαρτυρίῳ
3577 2103 3764 2174 νόμος,

2177 2190 2237 2243 ὃν
2274 2191 2566 2262 ἐγγράφως
2626 2192 2812 2255 αὐτοῖς
2858 2192 3209 2265 παρέδωκεν,
3251 2195 3629 2267 ἐντειλάμενος
3665 2213 3765 2269 με-

2176 2281 2337 2353 λετᾷν
2371 2284 2423 2334 ὲκ
2459 2282 2626 2353 αὐτῷ,
2654 2286 2745 2339 καὶ
2789 2288 2895 2351 τοῖς
2927 2287 3107 2340 αύτῶν
3151 2288 3305 2340 παισί
3338 2306 3399 2341 τε
3429 2290 3521 2341 καὶ
3564 2289 3768 2359 ἀπογό-

2176 2392 2286 2438 νοις
2314 2378 2425 2438 τοῖς
2452 2375 2592 2428 κατὰ
2614 2376 2862 2448 διαδοχὴν
2888 2378 3269 2449 γενησομένοις
3290 2380 3639 2451 παραδιδόναι
3667 2380 3765 2454 τὴν

2176 2467 2366 2520 τούτου
2403 2466 2651 2539 μελέτην.
2684 2468 2774 2521 Διό
2796 2486 2956 2541 φησιο
2986 2470 3095 2522 Καὶ
3123 2471 3427 2537 ἀνέστησε
3440 2474 3767 2542 μαρτύριον

2174 2561 2247 2614 ἐν
2286 2560 2499 2624 Ἰακὼϐ,
2532 2561 2630 2615 καὶ
2656 2563 2844 2632 νόμον
2873 2566 3037 2619 ἔθετο
3064 2564 3135 2617 ἐν
3164 2564 3419 2632 Ἰσραήλ.
3449 2567 3765 2641 Μαρτύριον

2174 2651 2231 2704 δὲ
2264 2652 2510 2706 ἐκαλεῖτο
2535 2655 2567 2725 ἡ
2600 2655 2772 2726 σκηνὴ
2802 2655 2895 2708 τοῦ
2924 2656 3247 2727 μαρτυρίου,
3277 2658 3334 2709 ὲν
3428 2658 3684 2712 ἀπέκειτο
3727 2662 3761 2730 ἡ

2176 2744 2409 2808 κιϐωτὸς
2455 2746 2555 2816 τῆς
2586 2748 2893 2819 Διαθήκης,
2935 2750 3027 2802 καὶ
3060 2750 3087 2802 6
3116 2752 3172 2803 ὲν
3202 2752 3268 2822 τῇ
3324 2749 3546 2821 κιϐωτῷ
3578 2751 3762 2823 νόμος,

2175 2835 2244 2889 τά
2268 2852 2327 2887 τε
2357 2837 2622 2907 χερουόὶμ
2648 2838 2741 2891 καὶ
2770 2838 2831 2891 τὸ
2869 2838 3200 2911 ἱλαστήριον,
3237 2842 3330 2894 καὶ⁵
3358 2842 3391 2913 ἡ
3420 2839 3634 2912 λυχνία,
3668 2840 3765 2908 καὶ

2176 2930 2210 3001 ἡ
2242 2928 2512 3000 τράπεζα,
2544 2931 2638 2984 καὶ
2660 2931 2694 3001 ὴ
2722 2930 2978 3004 πρόθεσις
3012 2932 3120 2985 τῶν
3148 2933 3326 3004 ἄρτων
3347 2950 3360 2962 ’
3394 2933 3539 3005 ἅπερ
3576 2920 3765 2995 κελευ-

2178 3022 2327 3087 σθεὶς
2351 3023 2574 3095 ποιῆσαι
2601 3024 2836 3094 Μωσῆς,
2867 3024 3009 3076 κατὰ
3040 3025 3133 3077 τὸν
3160 3024 3329 3079 τύπον
3358 3025 3447 3093 τὸν
3485 3024 3760 3096 δειχθέντα

2177 3115 2324 3187 αὐτῷ
2368 3117 2425 3169 ὲν
2476 3114 2554 3185 τῷ
2601 3115 2718 3186 ὄρει
2766 3115 3188 3171 κατεσκεύασεν.
3236 3116 3398 3170 Ἀλλὰ
3450 3116 3619 3171 πάλαι
3664 3118 3762 3188 μὲν

2181 3208 2387 3269 ἐκεῖνος
2416 3207 2444 3258 6
2478 3206 2640 3277 νόμος
2676 3206 2770 3259 καὶ
2795 3205 2855 3258 τὸ
2902 3206 3198 3278 μαρτύριον
3237 3210 3414 3262 ἐκεῖνο
3454 3209 3530 3280 τῷ
3568 3208 3760 3263 Ἰακὼϐ

2179 3298 2271 3350 καὶ
2299 3296 2378 3368 τῷ
2393 3297 2607 3369 Ἰσραὴλ
2632 3298 2827 3352 δέδοτο.
2849 3300 3065 3371 Ἐπειδὴ
3092 3300 3147 3352 δὲ
3184 3300 3502 3372 παρέϐησαν
3531 3303 3581 3355 οἱ
3610 3286 3759 3375 παρ-

2183 3387 2500 3459 ειληφότες,
2555 3387 2779 3451 εἰκότως
2840 3386 3026 3458 ἕτερον
3077 3388 3254 3458 ἐαυτῷ
3297 3387 3759 3459 καταρτισάμενος

2179 3478 2305 3532 λαὸν
2332 3480 2425 3532 καὶ
2454 3478 2748 3550 μαρτύριον
2778 3478 2987 3550 ἕτερον,
3034 3479 3095 3531 τὸ
3142 3478 3378 3551 Χριστοῦ
3403 3479 3561 3549 σῶμα
3582 3518 3598 3543 ,
3633 3476 3759 3533 ναὸν

2178 3568 2237 3621 δν
2264 3568 2358 3622 τοῦ
2394 3568 2669 3632 οἰκοῦντος
2702 3570 2759 3621 ὲν
2790 3568 2938 3639 αύτῷ
2965 3569 3099 3622 Θεοῦ
3134 3569 3328 3637 Λόγου,
3358 3567 3433 3631 ὡς
3461 3567 3623 3631 αὐτὸς
3653 3566 3759 3620 ἐδτ-

2178 3659 2334 3725 δαξεν
2374 3660 2572 3714 εἰπών·
2609 3662 2847 3716 Λύσατε
2900 3661 3005 3714 τὸν
3051 3660 3200 3715 ναὸν
3242 3660 3493 3727 τοῦτον,
3545 3661 3642 3714 καὶ
3690 3661 3762 3714 ἐν

2178 3752 2378 3821 τρισὶν
2406 3752 2654 3823 ἡμέραις
2678 3752 2863 3822 ,ἐγερῶ
2898 3754 3085 3807 αὐτόν
3103 3771 3115 3783 ·
3152 3754 3245 3808 καὶ
3275 3753 3410 3825 πρὸς
3435 3755 3644 3820 τούτοις
3667 3758 3765 3810 καὶ

2179 3846 2340 3917 νόμον
2359 3845 2546 3917 ἕτερον
2574 3846 2664 3901 τὸν
2705 3846 3056 3915 εύαγγελικὸν
3083 3846 3161 3917 τῷ
3195 3848 3387 3901 ἑαυτοῦ
3421 3848 3534 3920 λαῷ
3580 3867 3761 3921 παρα-

2178 3938 2379 3993 δίδωσι.
2421 3940 2508 3993 Διὸ
2545 3942 2603 3993 ὲν
2631 3942 2772 4013 ἀρχῇ
2803 3940 2910 3993 τῶν
2945 3943 3319 4014 προκειμένων
3353 3942 3537 4012 ἔλεγε·
3569 3946 3763 4011 Προσ-

2178 4033 2364 4102 έχετε,
2390 4034 2539 4099 λαός
2561 4052 2703 4103 μου,
2747 4033 2855 4087 τὸν
2897 4035 3084 4103 νόμον
3105 4052 3256 4103 μου·
3293 4034 3432 4105 πλὴν
3481 4034 3617 4088 ἀλλὰ
3666 4035 3761 4089 τὸν

2181 4126 2410 4179 παλαιὸν
2440 4125 2601 4196 νόμον
2632 4126 2724 4178 καὶ
2745 4125 2843 4194 τὴν
2874 4126 3110 4179 παλαιὰν
3154 4126 3553 4199 διαμαρτυρίαν
3596 4124 3761 4194 (οὕτω

2179 4218 2286 4288 γὰρ
2329 4218 2672 4288 ήρμήνευσεν
2713 4218 2739 4270 ό
2790 4218 3084 4288 Σύμμαχος
3119 4220 3319 4271 εἰπών·
3370 4219 3481 4272 Καὶ
3533 4218 3761 4289 ἔστησε

2178 4308 2606 4376 διαμαρτυρίαν
2637 4307 2718 4373 τῷ
2756 4308 2983 4380 Ἰακώϐ)
3010 4308 3086 4378 τῷ
3120 4309 3369 4381 προτέρῳ
3398 4309 3510 4380 λαῷ
3530 4310 3757 4373 διέθετο,

2179 4400 2549 4469 ἐντειλάμενος
2584 4400 2765 4462 αὐτοῖς
2803 4400 3067 4471 γνωρίσαι
3102 4400 3239 4453 αὐτὰ
3270 4404 3381 4465 τοῖς
3416 4404 3551 4465 υἱοῖς
3578 4401 3757 4455 αὐτῶν

493 4506 640 4553 ctum
674 4504 792 4552 est:
833 4526 903 4538 ——
940 4496 1107 4551 Vsus.
1134 4494 1187 4550 6.
1224 4496 1289 4548 Ut
1341 4504 1621 4564 cognoscat
1668 4493 1934 4562 generatio
1980 4491 2061 4544 al-

2183 4492 2277 4546 καὶ
2301 4489 2607 4558 ἀπογόνοις,
2650 4488 2726 4553 ὡς
2769 4489 2834 4544 ἂν
2872 4489 3140 4560 μηδεμίαν
3183 4490 3334 4544 λάθοι
3382 4491 3599 4560 γενεὰν,
3637 4490 3752 4544 διαο

496 4602 629 4654 tera,
660 4591 762 4661 filii
787 4590 878 4661 qui
923 4599 1227 4651 nascentur,
1262 4596 1310 4641 et
1346 4596 1650 4657 exsurgent,
1692 4595 1740 4640 et
1776 4584 2071 4638 narrabant

493 4703 556 4740 ea
574 4685 700 4754 ﬁliis
727 4685 862 4739 suis.
891 4682 1356 4751 Complementum
1390 4688 1569 4733 autem
1594 4686 1648 4733 et
1674 4692 1875 4748 scopus
1901 4676 2071 4731 medi-

495 4777 718 4832 tationis
763 4776 900 4845 legis
954 4774 1044 4827 hic
1079 4782 1196 4827 erat
1229 4792 1338 4825 :-——
1367 4771 1533 4825 Vens.
1565 4770 1615 4824 7.
1650 4767 1720 4823 Ut
1769 4780 1964 4835 ponant
2019 4770 2073 4822 in

494 4870 604 4923 Deo
634 4885 796 4938 spem,
826 4879 874 4921 ct
911 4883 1013 4919 non
1047 4865 1426 4918 obliviscantur
1459 4880 1671 4933 operum
1698 4862 1814 4927 Dei,
1840 4871 1889 4918 et
1919 4880 2071 4915 man—

493 4977 622 5026 data
651 4973 764 5042 ejus
789 4971 1109 5041 exquirant;
1137 4978 1195 5021 ut
1224 4985 1325 5022 non
1358 4968 1491 5037 ﬁant
1521 4966 1655 5020 sicut
1672 4977 1846 5035 patres
1866 4982 2067 5025 eorum.

492 5070 760 5140 generatio
796 5084 960 5137 prava
1006 5074 1055 5119 et
1102 5079 1423 5133 exasperans
1454 5078 1471 5115 :
1502 5063 1767 5132 generatio
1802 5078 1918 5132 qua:
1967 5078 2071 5115 non

491 5175 689 5227 direxit
724 5189 814 5227 cor
843 5187 1015 5235 suum,
1044 5177 1095 5222 et
1127 5184 1230 5222 non
1260 5166 1432 5237 ﬁdelis
1472 5165 1573 5234 fuit
1618 5181 1735 5219 cum
1764 5166 1873 5219 Deo
1907 5166 2070 5236 spiri-

496 5293 580 5337 tus
608 5281 741 5350 ejus.
775 5278 907 5345 Quae
962 5277 1056 5331 illa
1087 5275 1238 5346 prior
1281 5281 1496 5344 patrum
1522 5272 1821 5343 generatio,
1852 5272 1958 5326 nisi
2007 5286 2070 5325 ea

496 5403 617 5457 quae
661 5397 905 5455 tempore
946 5381 1148 5454 Moysis
1188 5379 1338 5435 erat?
1363 5386 1583 5449 propter
1637 5391 1798 5447 quam
1854 5375 2068 5447 Moyses

496 5496 749 5558 acceptas
797 5486 931 5557 legis
963 5485 1179 5540 tabulas
1212 5483 1500 5548 contrivit;
1546 5481 1625 5537 sic
1659 5482 1805 5537 enim
1858 5479 2068 5551 Moyses

497 5590 623 5644 illos
654 5588 1058 5659 generationem
1109 5600 1334 5655 pravam
1366 5591 1420 5639 et
1451 5596 1764 5653 perversam
1808 5580 2066 5643 vocabat,

503 5686 620 5741 haec
657 5686 710 5739 in
742 5686 862 5739 illos
892 5683 1255 5754 pronuntians
1285 5702 1298 5738 :
1326 5680 1456 5759 Filii
1492 5678 1881 5752 vituperabiles,
1912 5695 2065 5751 gene-

568 5848 589 5879 '
629 5842 788 5899 Joan.
830 5858 893 5907 ιι,
926 5841 1014 5897 l9.

2178 4584 2327 4655 μένοι
2355 4582 2412 4635 δὲ
2440 4585 2473 4652 ἡ
2498 4580 2592 4634 τοῦ
2636 4582 2801 4652 νόμου
2845 4582 3160 4635 διδασκαλία
3190 4583 3285 4636 καὶ
3320 4584 3399 4646 εἰς
3441 4583 3570 4647 τοὺς
3619 4581 3756 4654 μετὰ

2172 4673 2345 4728 ταῦτα
2383 4672 2798 4742 γενησομένους.
2840 4672 2930 4724 Διὸ
2978 4672 3263 4726 λέλεκται·
3298 4673 3491 4738 Ὅπως
3524 4673 3604 4727 ἂν
3635 4671 3758 4743 γνῷ

2173 4765 2347 4834 γενεὰ
2378 4764 2581 4832 ἑτέρα,
2617 4764 2733 4817 υίοὶ
2772 4765 3201 4834 τεχθησόμενοι
3241 4767 3337 4819 καὶ
3373 4765 3756 4833 ἀναστήσον-

2172 4874 2286 4920 ται,
2321 4857 2417 4909 καὶ
2447 4857 2889 4927 ἀναγγελοῦσεν
2912 4859 3062 4911 αὐτὰ
3100 4857 3224 4923 τοῖς
3248 4858 3399 4924 υἱοῖς
3433 4857 3651 4912 αὐτῶν.
3683 4858 3756 4911 Τὸ

2172 4948 2228 5000 δὲ
2254 4948 2625 5019 συμπέρασμα
2657 4948 2755 5019 τῆς
2787 4948 2880 5002 τοῦ
2906 4950 3072 5020 νόμου
3108 4951 3335 5022 μελέτης
3367 4951 3460 5004 καὶ
3497 4952 3525 5003 ό
3555 4951 3757 5016 σκοπὸς

2172 5033 2323 5103 οὗτος
2360 5036 2447 5109 ἦν,
2481 5039 2617 5093 Ἵνα
2659 5040 2873 5094 θῶνται
2904 5042 3001 5095 ἐπὶ
3050 5043 3157 5095 τὸν
3187 5043 3333 5097 Θεὸν
3355 5042 3471 5111 τὴν
3514 5043 3752 5107 ἐλπίδα,

2172 5131 2270 5185 καὶ
2299 5130 2384 5201 μὴ
2410 5132 2805 5186 ἐπιλάθωνται
2843 5133 2959 5187 τῶν
2986 5136 3173 5205 ἔργων
3202 5136 3308 5189 τοῦ
3336 5135 3506 5201 Θεοῦ,
3528 5135 3628 5189 καὶ
3649 5138 3757 5201 τὰς

2170 5223 2434 5290 ἐντολὰς
2477 5224 2659 5278 αὐτοῦ
2692 5223 3099 5293 ἐκζητήσωσιν
3122 5243 3136 5256 °
3185 5228 3286 5281 ἵνα
3337 5227 3424 5296 μὴ
3463 5227 3755 5297 γένωνται

2170 5316 2250 5382 ὡς
2289 5319 2343 5370 οἱ
2385 5315 2637 5385 πατέρες
2670 5317 2867 5371 αὐτῶν
2885 5357 2899 5382 ,
2942 5319 3117 5388 γενεὰ
3162 5319 3382 5373 σκολιὰ
3431 5319 3532 5373 καὶ
3564 5333 3752 5387 παρα-

2171 5409 2603 5478 πικραίνουσαο
2636 5410 2807 5481 γενεὰ
2846 5410 2976 5479 ἣτις
3002 5413 3073 5466 οὐ
3104 5414 3439 5480 κατηύθυνε
3474 5410 3591 5481 τὴν
3611 5427 3754 5480 καρ-

2170 5498 2309 5553 δίαν
2331 5498 2551 5568 αῠτῆς,
2585 5500 2683 5553 καὶ
2728 5503 2839 5554 οὐκ
2868 5501 3165 5570 ἐπιστώθη
3191 5500 3341 5571 μετὰ
3374 5500 3481 5554 τοῦ
3513 5500 3660 5555 Θεοῦ
3684 5500 3753 5553 τὸ

2171 5591 2408 5661 πνεῦμα
2460 5591 2668 5660 αὐτῆς.
2706 5593 2803 5657 Τίς
2856 5593 2913 5648 δὲ
2963 5589 3033 5665 ἦν
3079 5596 3113 5664 ἡ
3162 5594 3400 5667 προτέρα
3446 5594 3608 5663 γενεὰ
3643 5591 3754 5645 τῶν

2173 5684 2421 5755 πατέρων
2454 5683 2567 5738 ἀλλ’
2601 5684 2634 5755 ἢ
2668 5686 2752 5739 ἐπ’
2788 5685 2951 5741 αὐτοῦ
2992 5687 3235 5752 Μωσέως
3266 5688 3531 5760 γενομένη
3554 5707 3567 5756 ;
3592 5686 3660 5742 δι’
3685 5686 3754 5757 ἢν
