4078 6432
331 367 437 425 909

1417 369 1921 428 COMMENTARIA
1960 368 2026 425 IN
2059 369 2393 427 PSALM-OS.

3469 370 3574 427 οπο

330 486 621 557 δεξάμενος
648 488 854 560 Μωσῆς
880 488 980 554 τὰς
1024 488 1237 554 πλάκας
1277 490 1375 562 τῆς
1420 492 1737 563 νομοθεσίας
1783 509 1909 545 συν-

2014 493 2150 545 ratio
2194 508 2361 562 prava
2411 499 2461 547 et
2494 504 2755 561 perversa,
2799 488 3028 544 haccine
3058 486 3282 543 Domino
3318 487 3579 546 redditis?

333 579 584 651 ἐτριψεν·
619 579 791 645 οὕτως
814 581 944 649 γοῦν
982 582 1076 635 καὶ
1118 582 1279 647 αὐτὸς
1308 585 1512 656 Μωσῆς
1553 586 1745 656 γενεὰν
1779 602 1906 639 σκο-

332 672 453 725 λιὰν
496 672 592 725 καλ⁸
622 672 1056 744 διεστραμμένην
1104 674 1301 739 αὐτοὺς
1354 675 1568 739 ἐκάλει,
1616 679 1696 739 είς
1728 676 1907 730 αὐτῶν

334 763 624 838 πρόσωπον
664 765 1076 836 ἀποτεινόμενος
1120 767 1213 820 καὶ
1244 765 1447 835 λέγων·
1490 766 1676 821 Τέκνα
1710 782 1910 836 μωμη-

332 854 423 918 τὰ,
451 853 627 923 γενεὰ
661 856 881 910 σκολιὰ
906 856 1003 909 καὶ
1029 855 1484 927 διεστραμμένη,
1507 858 1690 912 ταῦτα
1716 859 1911 926 Κυρίῳ

332 946 760 1002 ἁνταποδίδοτε
774 963 794 1011 ;
818 948 968 1001 οὕτω
1000 949 1150 1015 λαὸς
1168 950 1363 1019 μωρὸς
1385 950 1482 1003 καί
1513 950 1648 1019 οὐχὶ
1678 952 1907 1020 σοφόςπ

346 1038 486 1091 Ἀλλ’
518 1038 603 1092 ἵνα
651 1038 725 1111 μὴ
758 1038 809 1092 oi
857 1041 993 1111 μετὰ
1042 1040 1216 1094 ταῦτα
1265 1039 1616 1113 γενησόμενοι
1648 1044 1757 1105 τοῖς
1802 1059 1908 1095 πα·-

331 1128 524 1201 epam
555 1130 987 1185 ἀποτελεσθῶσιν
1014 1132 1208 1203 ὅμοιοι,
1242 1131 1520 1203 ἔγγραφον
1549 1133 1733 1195 αὐτοῖς
1766 1149 1906 1203 παρ-

334 1222 499 1276 έδωκε
544 1221 655 1302 τὸν·
670 1222 851 1294 νόμον,
874 1224 968 1278 καὶ
989 1225 1088 1295 τὴν
1120 1224 1538 1296 διαμαρτυρίαν,
1557 1224 1622 1277 δι’
1647 1218 1714 1295 ἧς
1734 1239 1905 1293 κατηο

333 1316 488 1385 γορεῖ
525 1313 622 1386 μὲν
652 1314 759 1367 τῶν
799 1315 1068 1387 πατέρων,
1101 1316 1433 1370 διεστείλατο
1462 1316 1519 1369 δὲ
1558 1316 1652 1369 καὶ
1684 1315 1909 1384 διεμαρο

332 1403 535 1474 τύρατο
571 1408 685 1471 τοῖς
714 1405 925 1470 τέκνοις
957 1407 1030 1479 μὴ
1064 1406 1441 1479 ἐξομοιοῦσθαι
1493 1410 1605 1471 τοῖς
1645 1407 1903 1478 πατράσι,

339 1495 471 1566 μηδὲ
508 1498 574 1567 τῇ
608 1496 849 1570 προτέρᾳ
886 1500 1069 1569 γενεᾷ,
1119 1497 1253 1566 ἣτις
1301 1501 1373 1552 οὐ
1420 1498 1754 1567 κατηύθυνε
1793 1496 1908 1565 τὴν

334 1586 585 1655 καρδίαν
612 1586 823 1657 αὐτῆς,
859 1588 956 1642 καί
978 1590 1087 1642 οὐκ
1114 1587 1415 1656 ἐπιστώθη
1444 1588 1593 1658 μετὰ
1623 1586 1729 1641 τοῦ
1762 1586 1909 1641 Θεοῦ

333 1678 401 1733 τὸ
430 1678 664 1748 πνεῦμα
694 1678 903 1748 αὐτῆς.
940 1680 1015 1733 Ob
1050 1680 1159 1751 γὰρ
1199 1679 1412 1749 φύσεως
1439 1678 1647 1751 φαύλης
1671 1673 1760 1750 ἦν,
1787 1678 1911 1731 οὐδὲ

2009 585 2200 639 siccine
2224 593 2446 654 popqus
2476 584 2671 637 stultus
2701 591 2752 638 et
2778 598 2883 637 non
2897 583 3105 652 sapiens
3132 583 3217 636 "i
3246 580 3352 638 Sed
3382 589 3442 637 ut
3481 599 3579 638 eo-

2007 687 2134 728 rum
2175 682 2400 745 nepOtes
2442 674 2693 745 patribus
2724 673 2931 729 similes
2962 688 3072 728 non
3100 672 3413 740 evaderent,
3441 674 3582 730 scri-

2010 773 2161 834 ptam
2200 765 2336 835 ipsis
2384 765 2556 835 legem
2597 764 2843 828 tradidit,
2882 771 2937 820 et
2976 764 3441 831 testilicationem,
3469 780 3580 835 qua

2009 864 2194 927 patres
2233 855 2451 928 quidem
2479 857 2771 921 incusavit,
2796 857 3056 928 praecepit
3086 863 3267 911 autem
3298 865 3353 912 et
3389 856 3582 913 testiﬁ-
3679 873 3689 888 ·

2012 957 2168 1004 catus
2196 948 2321 1003 ﬁliis
2342 955 2450 1014 est,
2488 955 2548 1002 ut
2576 964 2645 1003 ne
2671 948 2918 1019 patribus
2941 947 3149 1003 simiies
3173 956 3380 1013 essent,
3403 962 3582 1019 neque

2013 1039 2184 1108 priori
2215 1038 2291 1099 illi
2322 1038 2681 1111 generationi.
2704 1054 2821 1110 quae
2848 1055 2953 1092 non
2979 1036 3174 1092 direxit
3204 1054 3295 1091 cor
3328 1054 3505 1106 suum,
3531 1051 3582 1094 et

2013 1145 2116 1183 non
2163 1127 2337 1198 ﬁdelis
2382 1129 2484 1198 fuit
2526 1144 2644 1181 cum
2676 1127 2785 1182 Deo
2814 1128 3034 1198 spiritus
3056 1127 3193 1198 ejus.
3221 1125 3406 1197 Neque
3434 1129 3582 1183 enim

2011 1236 2191 1293 pravae
2227 1230 2435 1276 natura:
2463 1230 2601 1285 erat,
2631 1236 2808 1291 neque
2837 1219 2991 1274 mala:
3017 1220 3457 1285 constitutionis;
3487 1220 3583 1275 sed

2014 1329 2083 1369 ex
2120 1314 2401 1369 voluntate
2427 1312 2537 1369 Deo
2561 1312 2971 1383 obsequentiam
2996 1312 3332 1378 detrectans,
3361 1327 3582 1366 exacer-

2014 1405 2163 1459 bavit
2185 1421 2335 1473 eum,
2366 1413 2528 1474 atque
2549 1420 2615 1458 ex
2645 1404 2991 1474 perversione
3008 1412 3253 1459 tortuosa
3269 1405 3456 1458 ell‘ecta
3477 1414 3583 1458 est.-

2014 1492 2379 1561 Quamobrem
2431 1495 2729 1551 secundum
2771 1493 3156 1564 Symmachum
3205 1494 3412 1549 dictum
3451 1504 3582 1550 est:

2019 1583 2297 1641 Generatio
2326 1585 2498 1641 invita
2526 1584 2705 1651 corde,
2739 1595 2788 1640 et
2810 1586 3030 1656 inﬁrma
3052 1602 3178 1658 erga
3200 1585 3368 1641 Deum
3392 1586 3588 1654 spiritu

2017 1693 2134 1731 ειιο.

333 1773 677 1843 κατασκευῆς
703 1775 964 1845 πονηρᾶς,
994 1775 1058 1827 ὲκ
1089 1774 1460 1846 προαιρέσεως
1522 1773 1579 1827 δὲ
1648 1772 1981 1827 ἀνανεύουσα
2020 1771 2294 1844 πρὸςτὴν
2340 1772 2438 1827 τοῦ
2472 1771 2608 1826 Θεοῦ
2647 1771 2892 1844 ὑπακοὴν
2938 1773 3349 1844 παοεπίκρανε,
3386 1770 3480 1826 καὶ
3522 1773 3589 1826 ἐκ

334 1861 664 1934 διαστροφῆς
705 1864 892 1918 σκολιὰ
926 1864 1113 1935 γέγονε
1136 1882 1149 1897 ·
1186 1866 1267 1919 διὸ
1304 1866 1445 1920 κατά
1490 1866 1581 1920 τὸν
1617 1866 1913 1938 Σύμμαχον
1952 1868 2194 1938 είρηται·
2251 1868 2444 1922 Γενεὰ
2484 1867 2873 1937 ἀπροαίρετος
2909 1866 2987 1937 τῇ
3043 1867 3276 1936 καρδίᾳ,
3316 1866 3414 1921 καί
3455 1862 3591 1921 ἀϐέ-

337 1956 499 2022 ϐαιος
524 1957 674 2025 πρὸς
698 1957 806 2011 τὸν
827 1958 975 2013 Θεὸν
999 1957 1081 2024 τῷ
1114 1962 1409 2032 πνεύματι
1453 1961 1534 2029 τῷ
1561 1961 1803 2032 ἑαυτῆς.

416 2072 536 2126 Υἱοὶ
583 2074 825 2145 Ἐςοραῒμ
844 2115 859 2140 ,
897 2077 1269 2145 ἐντείνοντες
1307 2079 1404 2133 καί
1432 2078 1777 2147 βάλλοντες
1814 2082 1911 2135 τό-

2084 2075 2251 2132 Vens.
2307 2075 2361 2131 9.
2394 2072 2529 2129 Filii
2574 2074 2831 2145 Ephraim
2865 2073 3187 2129 intendentes
3218 2081 3270 2128 et
3296 2074 3587 2129 emittente:

338 2162 485 2230 ξοις,
514 2164 905 2235 ἐστράφησαν
931 2167 1001 2220 ἐν
1026 2168 1215 2237 ἡμέρᾳ
1243 2170 1526 2241 πολέμου.
1563 2173 1622 2227 '0
1656 2172 1754 2244 μὲν
1779 2173 1914 2242 ἀγα-

340 2254 430 2319 θὸς
457 2256 549 2310 καὶ
565 2256 939 2329 φιλάνθρωπος
959 2258 1161 2332 Κύριος
1181 2265 1294 2326 τοῖς
1318 2262 1553 2334 πρώτοις
1576 2267 1914 2339 προπάτορσι

338 2348 432 2403 τοῦ
476 2349 743 2403 Ἰουδαίων
784 2350 967 2416 ἔθνους
1020 2352 1155 2423 ἔργα
1198 2354 1399 2418 παντὸς
1443 2355 1598 2425 λόγου
1634 2359 1916 2429 κρείττονα

339 2440 673 2495 ἐνεδείκνυτο
707 2443 776 2497 τὰ
816 2444 902 2496 διὰ
944 2445 1217 2509 Μωσέως·
1260 2448 1309 2500 οἱ
1347 2447 1403 2500 δὲ
1434 2448 1675 2517 ἐγίνοντο
1710 2450 1914 2522 σκληρ-

340 2528 564 2600 αύχενες
605 2532 698 2584 καὶ
731 2531 806 2595 ὡς
838 2533 1049 2605 ἀληθῶς
1096 2533 1223 2599 λαὸς
1254 2542 1433 2609 μωρὸς
1458 2540 1551 2592 καὶ
1583 2540 1702 2609 οὐχὶ
1732 2542 1912 2610 σοφὸς,

341 2620 436 2674 καὶ
488 2622 650 2692 γενεὰ
702 2624 891 2678 σκολιὰ
939 2626 1032 2678 καὶ
1087 2626 1519 2702 διεστραμμένη.
1597 2632 1757 2686 Ἀλλὰ
1807 2633 1915 2685 τῶν

348 2710 571 2783 πρώτων
608 2715 860 2769 τοιούτων
887 2716 1330 2789 ἀπελεγχθέντων
1355 2761 1370 2787 ,
1420 2723 1582 2794 νόμον
1631 2728 1744 2787 τοῖς
1778 2723 1916 2796 μετὰ

340 2802 513 2857 ταῦτα
544 2806 830 2875 παρεδίδου
853 2849 867 2869 .
903 2809 1344 2884 διαστειλάμενος
1396 2816 1489 2869 κα⁹ι
1543 2816 1916 2890 διαμαρτυρά-

345 2909 504 2963 μενος
540 2895 598 2948 ὲν
624 2896 773 2968 αὐτῷ
795 2898 863 2952 τά
889 2914 948 2951 τε
980 2901 1228 2971 πρακτέα
1258 2902 1351 2956 καὶ
1384 2904 1452 2958 τὰ
1493 2906 1568 2977 μή
1590 2924 1602 2936 ·
1639 2908 1917 2979 παραινῶν

340 2997 401 3039 τε
434 2984 506 3055 μὴ
539 2987 821 3056 μιμεῖσθαι
853 2990 981 3052 τοὺς
1007 2991 1268 3063 πατέρας,
1297 2993 1429 3065 μηδὲ
1460 2996 1560 3067 τὴν
1596 2996 1787 3066 γενεὰν
1818 2998 1917 3070 τὴν

346 3074 581 3141 σκολιὰν,
620 3076 752 3148 μηδὲ
796 3079 893 3151 τὴν
926 3084 1487 3156 παραπικραίνουσαν,
1517 3084 1650 3156 ἣτις
1677 3091 1751 3143 οὐ
1782 3107 1919 3145 κατ-

342 3168 569 3235 ηύθυνε
615 3169 729 3238 τὴν
774 3172 1026 3239 καρδίαν
1067 3172 1291 3244 αὐτῆς,
1328 3177 1425 3231 καὶ
1465 3179 1576 3233 οὐκ
1620 3180 1917 3250 ἐπιστώθη
1958 3210 1963 3215 ι

339 3259 491 3328 μετὰ
533 3260 640 3314 τοῦ
691 3262 839 3316 Θεοῦ
870 3265 933 3317 τὸ
962 3267 1198 3336 πνεῦμα
1235 3267 1439 3337 αὐτῆς.
1484 3273 1545 3325 Ol
1593 3272 1668 3337 δὲ,
1703 3273 1919 3344 χείρους

343 3350 453 3403 τῶν
488 3352 738 3424 πατέρων
771 3357 1086 3426 γενόμενοι,
1120 3356 1269 3415 οὐδὲν
1313 3361 1410 3432 μὲν
1456 3360 1562 3415 ἀπὸ
1593 3362 1692 3435 τῆς
1735 3377 1916 3437 παρα-

342 3441 588 3515 δοθείσης
631 3444 724 3499 τοῦ
775 3448 939 3518 νόμου
989 3452 1203 3523 γραφῆς
1275 3450 1577 3523 ὠφελοῦντο
1631 3458 1709 3520 είς
1754 3456 1915 3528 βάθος

344 3534 543 3599 κακίας
576 3537 907 3603 ἐλαύνοντες.
934 3542 1043 3596 Καὶ
1081 3543 1287 3613 πρῶτοί
1324 3563 1388 3614 γε
1437 3547 1639 3601 τούτων
1686 3543 1826 3621 ἦσαν
1867 3548 1916 3603 οἱ

343 3627 452 3680 υίοὶ
492 3629 750 3702 Ἐφραῒμ,
779 3632 1097 3703 τιμηθέντες
1132 3636 1229 3705 μὲν
1262 3635 1523 3709 ὲξαιρετῷ
1543 3642 1672 3711 τιμῇ
1704 3640 1792 3693 διὰ
1823 3640 1914 3694 τοῦ

343 3718 444 3788 τὴν
470 3720 648 3774 αὐτῶν
687 3722 857 3793 φυλὴν
884 3724 977 3777 καὶ
1007 3724 1097 3777 τὸν
1126 3724 1302 3780 αὐτῶν
1335 3727 1532 3800 κλῆρον
1558 3730 1917 3803 προκριθῆναι

347 3811 440 3863 τοῦ
469 3814 669 3878 παντὸς
692 3814 896 3879 ἔθνους,
924 3817 1017 3870 καὶ
1039 3816 1135 3888 τὴν
1163 3819 1394 3876 κιϐωτὸν
1425 3822 1519 3875 τοῦ
1546 3823 1680 3877 Θεοῦ
1706 3825 1799 3878 καὶ
1820 3824 1917 3897 τὴν

349 3902 552 3974 σκηνὴν
573 3904 667 3957 τοῦ
694 3908 988 3979 μαρτυρίου
1012 3911 1110 3982 τὴν
1142 3910 1245 3964 ὑπὸ
1276 3914 1518 3977 Μωσέως
1544 3916 1601 3967 ὲν
1630 3918 1695 3987 τῇ
1725 3918 1918 3988 ἐρήμῳ

349 3997 883 4052 κατασκευασθεῖσαν
950 4002 1305 4069 ὑποδέξασθαι
1361 4006 1643 4078 πρώτους·
1702 4010 1730 4062 ὁ
1788 4010 1917 4079 γοῦν

346 4086 512 4151 τόπος
538 4089 566 4141 ὁ
590 4091 646 4143 ὲν
675 4090 851 4161 Σηλῶ,
882 4092 1008 4147 ἔνθα
1040 4097 1072 4166 ή
1109 4097 1280 4170 σκηνὴ
1308 4100 1404 4152 καὶ
1439 4096 1498 4151 τὸ
1525 4100 1789 4171 ἀγίασμα,
1812 4101 1919 4173 πρὸ

348 4180 447 4250 τῆς
496 4182 876 4254 Ἰερουσαλὴμ,
928 4185 1027 4257 τῆς
1076 4187 1244 4258 φυλῆς
1303 4189 1538 4261 Ἐφραῒμ
1591 4192 1912 4263 ἐτύγχανεν·

347 4270 484 4325 ἀλλὰ
528 4272 733 4344 πρῶτοι
779 4274 979 4345 ταύτης
1008 4278 1260 4347 τυχόντες
1299 4280 1396 4351 τῆς
1450 4281 1614 4352 τιμῆς
1642 4321 1657 4347 ,
1710 4284 1922 4337 εἰδωλο-

348 4360 541 4434 λάτραι
606 4366 873 4433 γεγόνασι.
926 4367 1034 4419 Καὶ
1082 4368 1197 4421 ἔστι
1245 4385 1309 4437 γε
1368 4369 1465 4442 τὴν
1531 4370 1773 4444 ἱστορίαν
1811 4374 1917 4427 τῶν

346 4454 751 4527 πεπραγμένων
798 4457 981 4519 αὐτοῖς
1030 4457 1137 4509 ἀπὸ
1174 4458 1271 4527 τῆς
1315 4458 1495 4528 βίϐλου
1547 4460 1657 4513 τῶν
1698 4463 1917 4534 Κριτῶν

346 4540 724 4607 ἀναλέξασθαι.
754 4546 994 4617 Ἐλέγχει
1018 4546 1073 4599 δὲ
1104 4550 1196 4602 καὶ
1214 4553 1242 4602 ὁ
1268 4549 1456 4623 παρὼν
1476 4552 1685 4624 ψαλμὸς
1713 4552 1918 4625 προῖὼν

348 4632 473 4703 ἑξῆς
498 4635 593 4687 καὶ
622 4634 792 4703 λέγων
820 4638 949 4709 περὶ
975 4639 1150 4692 αὐτῶν
1166 4655 1179 4668 ·
1220 4641 1514 4696 Ἀπώσατο
1539 4644 1604 4697 τὸ
1629 4644 1918 4715 σκήνωμα

359 4726 593 4797 Ἰωσὴφ,
626 4729 723 4783 καὶ
758 4730 871 4799 τὴν
902 4732 1110 4801 φυλὴν
1146 4732 1385 4805 Ἐφραῒμ
1417 4738 1526 4790 οὐκ
1562 4738 1909 4803 ἐξελέξατο·

347 4821 441 4873 καὶ
496 4821 688 4875 πάλιν·
740 4824 851 4877 Kal
899 4825 1179 4881 ἀπώσατο
1222 4828 1338 4896 τὴν
1382 4830 1621 4899 σκηνὴν
1657 4831 1873 4902 Σηλὼμ
1895 4872 1911 4898 ,

346 4913 634 4984 σκήνωμα
663 4910 733 4971 οὗ
764 4919 1225 4984 κατεσκήνωσεν
1249 4921 1320 4974 ἐν
1342 4921 1690 4990 ἀνθρώποις·
1708 4926 1800 4978 καὶ
1818 4925 1915 4998 τὴν

345 5005 522 5059 αἰτίαν
576 5008 903 5080 παρίστησιν
972 5008 1139 5064 εἰπών
1176 5028 1189 5040 ·
1260 5012 1770 5083 Μετεστράςοησαν
1828 5019 1917 5084 εἰς

344 5097 527 5162 τόξον
552 5102 862 5169 στρεϐλόν.
898 5104 1008 5157 Kal
1046 5102 1426 5175 παρώργισαν
1469 5107 1656 5161 αὑτὸν
1696 5109 1767 5164 ἐν
1792 5113 1917 5176 τοῖς

342 5192 591 5259 βουνοῖς
628 5195 847 5259 αὐτῶν,
872 5196 969 5249 καὶ
999 5197 1069 5251 ἐν
1097 5197 1219 5263 τοῖς
1240 5198 1528 5267 γλυπτοῖς
1555 5199 1751 5255 αὐτῶν
1767 5217 1915 5271 παρ⁴

342 5284 652 5353 εζόἱλωσαν
699 5289 930 5354 ainer
956 5289 1195 5352 Εἰκότως
1238 5284 1329 5344 οὖν
1371 5290 1465 5344 καὶ
1510 5290 1598 5345 διὰ
1628 5291 1735 5346 τῶν
1783 5310 1913 5365 προ-

342 5378 609 5449 κειμένων
646 5381 891 5452 είρηται·
937 5382 1053 5436 Υἱοὶ
1102 5383 1375 5454 Ἐφραῒμ,
1420 5385 1787 5452 ἐντείνοντες
1819 5386 1917 5444 καί

343 5469 679 5538 βάλλοντες
703 5471 902 5537 τόξον,
918 5472 1310 5542 ἐστράφησαν
1328 5476 1400 5535 ἐν
1420 5475 1609 5545 ἡμέρᾳ
1628 5475 1915 5546 πολέμου.

344 5560 467 5624 Πῶς
493 5562 550 5615 δὲ
581 5562 931 5635 ἐστράφησαν
979 5564 1308 5638 σαφέστερον
1352 5567 1679 5641 παρίστησιν
1712 5567 1913 5622 εἰπών·

345 5650 449 5704 Kal
487 5651 769 5721 ἐγένοντο,
805 5657 891 5721 εἰς
921 5654 1100 5720 τόξον
1127 5659 1436 5727 στρεϐλόν.
1487 5648 1612 5714 Δέον
1640 5656 1750 5730 γὰρ
1791 5658 1917 5728 βάλ-

420 5806 463 5837 ¹⁰
499 5806 655 5863 Deut.
683 5823 857 5875 um,
892 5808 946 5863 6.

2014 2167 2266 2233 arcubus,
2298 2168 2434 2221 versi
2472 2175 2594 2221 sunt
2640 2167 2695 2221 in
2748 2150 3012 2220 diebe'lli.
3043 2164 3227 2219 Bonus
3269 2164 3485 2233 quidem
3532 2178 3589 2221 et

2014 2262 2256 2317 clemens
2290 2260 2556 2315 Dominus
2587 2260 2779 2331 primis
2808 2258 3048 2314 Judaicae
3085 2260 3261 2330 gentis
3284 2259 3458 2316 atavis
3489 2276 3587 2330 per

2015 2352 2251 2423 Moysem
2271 2352 2653 2408 inenarrabilis
2670 2366 2833 2422 opera
2849 2350 3038 2423 edidit:
3059 2350 3158 2420 ipsi
3172 2365 3298 2405 vero
3312 2350 3448 2405 dura
3465 2366 3584 2406 cer-

2014 2421 2133 2498 vice
2158 2442 2454 2508 fuerunt,et
2472 2457 2655 2498 revera
2676 2421 2914 2512 populus
2924 2441 3125 2496 stultus
3140 2452 3191 2497 et
3210 2456 3319 2495 non
3346 2443 3584 2512 sapiens,

2014 2541 2068 2588 et
2102 2537 2385 2603 generatio
2415 2542 2656 2589 tortuosa
2686 2540 2740 2588 et
2781 2548 3056 2602 perversa.
3092 2531 3198 2587 Sed
3223 2548 3345 2598 cum
3374 2536 3586 2605 priores

2016 2624 2139 2682 illos
2170 2627 2308 2681 tales
2338 2624 2507 2681 fuisse
2537 2626 2949 2697 comprobatum
3005 2624 3190 2689 fuerit,
3226 2626 3462 2697 posteris
3491 2641 3588 2681 eo-

2017 2731 2136 2770 rum
2175 2717 2346 2787 legem
2380 2717 2624 2780 tradidit,
2662 2726 2935 2787 przecepta
2974 2717 3112 2772 dans
3156 2718 3284 2778 illis.
3323 2718 3591 2774 ettestili-

2016 2817 2173 2864 catus
2205 2824 2455 2879 quamam
2504 2809 2735 2879 agenda,
2780 2824 2809 2863 a
2850 2809 3047 2879 quibus
3083 2807 3465 2864 abstinendum
3495 2823 3590 2865 es-

2019 2908 2101 2954 set
2126 2914 2141 2954 :
2173 2901 2470 2954 cobortans
2501 2915 2717 2971 quoque
2752 2915 2822 2954 ne
2864 2909 3047 2970 patres
3080 2915 3255 2970 neque
3281 2900 3594 2971 generatio.

2018 3008 2143 3047 nem
2178 2992 2324 3046 illam
2355 3000 2660 3046 tortuosam
2693 2999 2747 3047 et
2775 2999 3189 3063 exasperantem
3216 2993 3588 3059 imitarentur,

2016 3099 2133 3154 qate
2177 3100 2281 3138 non
2331 3083 2525 3139 direxit
2554 3099 2645 3139 cor
2674 3099 2848 3148 suum,
2880 3094 2929 3139 et
2977 3101 3081 3139 non
3114 3084 3286 3154 ﬁdelis
3334 3086 3433 3156 fuit
3472 3103 3591 3140 cum

2018 3174 2128 3230 Deo
2159 3177 2379 3244 spiritus
2408 3175 2544 3243 ejus.
2576 3176 2655 3229 Illi
2697 3191 2828 3231 vero
2848 3216 2863 3242 ,
2891 3178 3137 3247 patribus
3160 3177 3491 3257 deteriores,
3523 3179 3593 3234 ab

2021 3272 2124 3327 sibi
2154 3272 2357 3326 tradita
2396 3271 2532 3342 legis
2564 3270 2840 3341 scriptura
2870 3273 3120 3330 utilitatis
3148 3270 3283 3328 nihil
3328 3290 3588 3345 percepe-

2021 3371 2188 3431 runt;
2223 3364 2317 3418 sed
2348 3363 2403 3417 in
2446 3361 2778 3433 profundum
2814 3364 3080 3418 malorum
3128 3364 3266 3434 lapsi
3312 3373 3459 3420 sunt.
3488 3362 3571 3419 H0

2018 3473 2141 3513 rum
2172 3456 2335 3528 primi
2370 3462 2525 3512 erant
2557 3455 2651 3510 ﬁlii
2680 3454 2964 3525 Ephraim,
2995 3455 3091 3526 qui
3127 3455 3456 3526 preecellenti
3484 3455 3589 3511 ho—

2018 3568 2153 3607 nore
2181 3551 2390 3616 donati,
2425 3549 2568 3621 quod
2598 3549 2776 3605 tribus
2818 3555 2873 3603 et
2909 3563 3028 3604 sors
3067 3536 3257 3604 eorum
3302 3548 3399 3603 toti
3441 3550 3589 3620 genti

2017 3641 2314 3715 praebabita
2374 3641 2557 3707 fuerit,
2590 3649 2643 3697 et
2689 3656 2870 3695 arcam
2918 3639 3012 3695 Dei
3071 3628 3591 3712 tabernaculumque

2017 3735 2316 3792 testimonii
2370 3734 2438 3789 ab
2475 3733 2661 3806 Moyse
2705 3736 2759 3788 in
2800 3736 3015 3789 deserto
3057 3741 3431 3788 constructum
3483 3734 3590 3804 ipsi

2018 3826 2178 3896 primi
2203 3824 2517 3896 acceperint
2548 3842 2559 3877 :
2596 3840 2722 3879 nam
2746 3824 2902 3880 locus
2926 3823 3015 3879 ille
3045 3823 3102 3878 in
3125 3822 3260 3889 Silo,
3284 3824 3376 3879 ubi
3406 3826 3592 3880 tabero

2020 3918 2277 3972 naculum
2332 3925 2385 3971 et
2420 3916 2782 3972 sanctiﬁcatio
2822 3915 3135 3987 (antequam
3183 3915 3239 3970 in
3285 3913 3588 3991 Jerusalem

2017 4009 2186 4079 esset)
2216 4009 2464 4079 degebat,
2506 4008 2683 4064 tribus
2726 4006 2981 4078 Ephraim
3029 4014 3165 4063 erat.
3227 4007 3423 4063 Verum
3461 4002 3588 4063 cum

2018 4099 2123 4171 ipsi
2154 4100 2315 4171 primi
2368 4107 2522 4154 tanto
2550 4096 2759 4154 honore
2786 4098 2994 4170 dignati
3029 4108 3255 4163 essent,
3282 4098 3588 4155 idololatria

2018 4192 2195 4247 cliecti
2229 4198 2377 4247 sunt.
2407 4192 2485 4247 Ac
2507 4192 2706 4262 cuique
2737 4191 2865 4247 licet
2895 4192 3180 4248 historiam
3210 4205 3393 4247 rerum
3427 4192 3495 4249 ab
3516 4192 3588 4247 il-

2018 4285 2086 4340 lis
2135 4294 2410 4355 gestarum
2441 4299 2508 4339 ex
2536 4284 2677 4339 libro
2705 4280 2959 4338 Judicum
2996 4282 3273 4355 colligere.
3309 4282 3462 4354 Ipsos
3492 4300 3589 4338 au-

2018 4389 2127 4437 tem
2158 4395 2400 4453 praesens
2432 4382 2677 4451 psalmus
2712 4380 2768 4435 in
2804 4380 3157 4450 sequentibus
3192 4394 3407 4451 quoque
3429 4396 3588 4436 coar-

2018 4475 2156 4545 guit,
2199 4473 2386 4528 dicens
2415 4487 2430 4525 :
2458 4470 2666 4541 Repulit
2701 4471 3098 4527 tabernaculum
3147 4471 3365 4541 Ioseph,
3399 4483 3447 4527 et
3489 4474 3587 4527 tri-

2020 4564 2142 4618 bum
2173 4562 2429 4633 Ephraim
2446 4581 2551 4619 non
2580 4564 2768 4634 elegit;
2798 4573 2851 4619 et
2881 4577 3101 4618 rursum
3138 4582 3151 4617 :
3185 4562 3253 4617 Et
3284 4565 3471 4632 repulit
3507 4579 3587 4619 ta-

2020 4654 2360 4710 bernaculum
2389 4651 2526 4718 Silo,
2552 4654 2947 4708 tabernaculum
2975 4655 3236 4707 suumubi
3262 4655 3511 4710 habitavit
3534 4657 3588 4709 in

1945 4761 1991 4817 Ι)
2019 4743 2349 4811 hominibus;
2386 4758 2717 4815 causamque
2756 4744 2961 4815 profert
2988 4744 3074 4801 bis
3096 4746 3313 4801 verbis:
3340 4746 3590 4801 Conversi

2015 4847 2137 4894 sunt
2176 4840 2229 4893 in
2258 4852 2440 4893 arcum
2459 4852 2695 4910 pravum.
2729 4837 2799 4890 Et
2838 4838 3175 4891 irritaverant
3204 4854 3320 4891 eum
3353 4839 3404 4892 in
3436 4840 3589 4894 colli-

2016 4930 2111 4986 bus
2134 4932 2265 4996 suis,
2292 4940 2341 4986 et
2374 4932 2430 4986 in
2459 4930 2788 5001 sculptilibus
2818 4931 2928 4984 suis
2960 4931 3031 4985 ad
3061 4930 3443 4986 aamulationem
3467 4950 3586 4988 eum

2016 5032 2444 5092 provocaverunt.
2472 5020 2602 5077 Jure
2626 5038 2757 5091 ergo
2784 5020 2840 5076 in
2866 5021 3221 5091 praesentibus
3235 5020 3438 5076 dictum
3465 5031 3546 5078 est
3571 5044 3583 5078 :

2020 5112 2155 5167 Filii
2185 5112 2437 5181 Ephraim
2463 5112 2786 5166 intendentes
2833 5121 2883 5165 et
2912 5111 3175 5166 mittentes
3225 5128 3431 5177 arcum,
3453 5113 3589 5168 versi

2020 5214 2142 5258 sunt
2174 5205 2229 5256 in
2251 5202 2336 5257 die
2366 5202 2510 5257 belli.
2538 5202 2659 5268 Quo
2690 5208 2850 5272 pacto
2880 5208 3062 5256 autem
3102 5203 3354 5259 conversi
3386 5202 3590 5258 fuerint

2021 5293 2222 5349 Clarius
2276 5292 2516 5347 ostendit
2571 5291 2801 5347 dicens:
2838 5288 2907 5345 Et
2964 5290 3095 5359 facti
3138 5300 3260 5345 sunt
3311 5292 3368 5345 in
3404 5309 3587 5346 arcum

2019 5400 2259 5454 pravum.
2316 5382 2451 5437 Nam
2502 5396 2625 5437 cum
2678 5380 3009 5450 oportuisset
3045 5379 3151 5435 tela
3188 5381 3481 5438 immittere
3533 5390 3591 5439 et

2022 5474 2224 5529 bellum
2270 5471 2474 5529 inferre
2503 5471 2745 5528 inimicis
2794 5470 2911 5536 Dei,
2950 5470 3256 5526 idololatrte
3318 5472 3397 5527 illi
3449 5488 3590 5543 pra:-

2014 5572 2285 5636 optarunt
2306 5563 2506 5621 bellum
2523 5578 2744 5619 movere
2768 5560 2899 5618 Deo.
2925 5560 3104 5629 Quare
3118 5562 3301 5618 subdit
3326 5563 3589 5627 :—Veus.

2022 5660 2110 5715 10.
2147 5657 2271 5716 Non
2290 5656 2661 5745 ‘custodierunt
2720 5665 3087 5713 testamentum
3119 5655 3238 5722 Dei,
3266 5664 3319 5713 et
3371 5655 3449 5712 ine
3478 5657 3593 5730 lege
