4078 6432
507 330 605 386 9H
1234 334 1502 391 EUSEBII
1534 336 2021 395 CESARIENSIS
2057 339 2207 397 OPP.
2249 340 2431 398 PARS
2473 344 2562 400 Ill.
2602 377 2673 386 -—
2713 345 3128 403 EXECETICA.
3658 354 3776 409 εις

503 448 618 516 ejus
647 447 926 503 noluerunt
959 450 1251 504 ambulare.
1284 449 1388 505 Per
1422 451 1563 509 ﬁlios
1605 468 1771 523 porro
1819 454 2060 524 prraiu

2180 453 2292 508 λειν
2338 456 2431 509 καὶ
2463 457 2719 529 πολεμεῖν
2773 461 2900 524 τοὺς
2952 460 3032 531 τῷ
3083 460 3202 531 Θεῳ
3260 460 3577 533 πολεμίους,
3607 468 3655 519 oi
3706 468 3769 521 δὲ

506 540 745 609 reliquos
778 555 967 597 omnes
997 546 1163 598 totius
1198 544 1374 612 gentis
1425 545 1655 615 populos
1700 547 2060 617 metaphorict

2180 546 2691 619 εἰδωλολατροῦντες
2741 550 2978 621 πόλεμον
3019 553 3220 622 ἧραντο
3268 553 3410 607 κατά
3459 554 3553 607 τοῦ
3600 556 3763 612 Θεοῦ.

504 634 806 702 signiﬁcat,
850 633 960 687 imo
1005 635 1168 689 etiam
1222 636 1495 705 quoslibet
1538 639 1788 693 moribus
1846 639 2075 704 similes,

501 724 717 779 etiamsi
767 739 876 778 non
929 741 997 779 ex
1028 725 1218 781 eadem
1252 727 1397 782 tribu
1429 726 1654 783 fuerint.
1708 728 1846 785 Nam
1894 731 1989 801 qui
2020 731 2077 787 in

500 816 855 885 sequentibus
879 820 1218 887 temporibus
1252 836 1312 876 se
1346 821 1445 876 abs
1483 820 1786 878 Jerusalem
1817 840 2075 896 segrega-

502 920 649 973 runt,
680 918 735 963 et
767 911 822 964 in
852 910 1101 966 Samaria
1144 914 1287 968 idola
1331 916 1638 980 coluerunt,
1674 916 1769 972 lilii
1818 917 2076 989 Ephraim

498 1008 675 1054 erant.
710 1001 902 1058 Merito
922 1020 1053 1076 ergo
1078 1022 1202 1060 cum
1234 1007 1404 1063 totius
1432 1010 1609 1079 gentis
1639 1018 2076 1081 transgressores

499 1092 638 1148 ﬁlios
668 1095 941 1150 Abraham
988 1107 1259 1165 vocasset,
1293 1102 1581 1158 confertim
1610 1120 1802 1161 omnes
1836 1106 2071 1172 incusat,

495 1184 687 1242 dicens
718 1206 731 1241 :
771 1218 841 1228 -—
888 1188 1057 1245 Vens.
1100 1192 1190 1258 Η,
1224 1192 1311 1248 ιε.
1348 1193 1415 1247 Et
1441 1194 1590 1247 obliti
1620 1208 1740 1250 sunt
1775 1196 2073 1265 benefacto-

493 1293 611 1329 rum
628 1278 763 1346 ejus,
793 1288 843 1333 et
870 1281 1196 1335 mirabilium
1224 1285 1338 1353 ejus
1368 1302 1485 1355 qute
1516 1288 1745 1340 ostendit
1761 1289 1857 1341 eis.
1876 1287 2072 1343 Coram

491 1369 731 1435 patribus
774 1389 957 1426 eorum
993 1374 1117 1443 fecit
1163 1376 1435 1429 mirabilia
1482 1377 1538 1430 in
1574 1386 1718 1431 terra
1745 1377 1984 1449 Egypti,
2017 1381 2071 1434 in

492 1479 678 1531 campo
714 1464 941 1521 Taneos.
972 1466 1107 1521 Nam
1134 1468 1380 1522 omnium
1403 1484 1593 1523 eorum
1624 1470 1781 1525 obliti
1820 1487 1941 1540 quae
1973 1488 2070 1542 pa-

492 1552 666 1609 tribus
686 1557 802 1611 suis
816 1566 1038 1614 ostensa
1064 1568 1215 1623 sunt,
1232 1575 1382 1613 arma
1404 1561 1649 1616 tulerunt
1664 1572 1854 1617 contra
1876 1562 2066 1628 Deum,

489 1660 615 1699 cum
646 1648 853 1703 nollent
884 1649 939 1703 in
986 1650 1103 1720 lege
1129 1649 1248 1720 ejus
1295 1651 1616 1705 ambulare:
1652 1652 1864 1707 etiamsi
1902 1668 2068 1723 penes

493 1736 641 1807 ipsos
669 1749 816 1797 esset
850 1750 909 1796 ut
957 1751 1182 1813 possent
1227 1750 1281 1798 et
1308 1744 1531 1799 vellent.
1558 1742 1639 1797 Illi
1677 1760 1808 1799 vero
1828 1746 1932 1801 etsi
1966 1746 2067 1799 hac

2179 638 2270 690 Διὸ
2324 640 2601 708 ἐπιλέγει·
2648 644 2771 695 Οὐκ
2822 642 3133 711 ἐφύλαξαν
3172 643 3287 711 τὴν
3330 644 3624 713 διαθήκην
3652 650 3765 703 τοῦ

2181 729 2351 793 Θεοῦ,
2390 731 2488 784 καὶ
2518 732 2590 785 ἐν
2618 730 2700 797 τῷ
2748 734 2910 802 νόμῳ
2949 733 3137 787 αὐτοῦ
3190 736 3301 789 οὐκ
3330 736 3765 805 ἠϐουλήθησαν

2178 822 2554 887 πορεύεσθαι.
2598 824 2709 877 Καὶ
2735 826 2857 887 τοὺς
2879 824 3099 888 λοιποὺς
3128 825 3186 878 δὲ
3217 826 3309 879 τοῦ
3338 828 3542 891 παντὸς
3572 828 3763 894 ἔθνους

2179 910 2333 983 δηλοῖ
2365 916 2747 987 μεταφορικῶς
2775 915 2862 969 διὰ
2901 916 3007 969 τῶν
3043 916 3176 969 υἱῶν
3220 916 3481 988 Ἐφραῒμ,
3508 920 3603 972 καὶ
3632 920 3761 983 τοὺς

2174 1005 2392 1073 ὁμοίους
2421 1008 2529 1070 τοῖς
2553 1008 2794 1078 τρόποις,
2824 1010 2873 1060 εί
2906 1009 3000 1062 καὶ
3031 1009 3105 1080 μὴ
3128 1008 3228 1078 τῆς
3262 1009 3434 1079 αὐτῆς
3463 1010 3760 1081 ἐτύγχανον

2174 1092 2327 1157 ὄντες
2358 1094 2553 1165 φυλῆς,
2580 1098 2881 1166 σημαίνων.
2923 1096 3075 1149 Ἐπεὶ
3120 1098 3214 1151 καὶ
3261 1098 3311 1150 οί
3364 1100 3424 1151 ἐν
3473 1101 3585 1161 τοῖς
3618 1100 3761 1170 μετὰ

2174 1185 2345 1239 ταῦτα
2374 1186 2590 1259 χρόνοις
2618 1188 3014 1259 ἀποσχίσαντες
3048 1190 3147 1260 τῆς
3188 1190 3544 1260 Ἰερουσαλὴμ
3573 1191 3667 1245 καὶ
3693 1192 3760 1245 ἐν

2172 1280 2238 1347 τῇ
2273 1278 2554 1351 Σαμαρείᾳ
2586 1280 3143 1352 είδωλολατρήσαντες
3178 1283 3283 1334 υἱοὶ
3312 1277 3453 1352 ἦσαν
3493 1284 3757 1354 Ἐφραῖμ.

2172 1368 2413 1433 Εἰκότως
2435 1366 2528 1423 οὖν
2556 1373 2681 1436 τοὺς
2707 1372 3028 1443 παραϐάτας
3049 1373 3143 1426 τοῦ
3170 1373 3371 1437 παντὸς
3398 1373 3583 1438 ἔθνους
3607 1376 3758 1441 υἱοὺς

2184 1460 2435 1532 Ἀϐραὰμ
2465 1463 2759 1533 ὀνομάσας,
2811 1465 3022 1536 ἀθρόως
3069 1465 3344 1519 διαϐάλλει
3390 1467 3518 1529 τοὺς
3548 1466 3759 1531 πάντας

2170 1552 2343 1621 λέγων
2363 1570 2375 1583 ·
2416 1556 2527 1609 Kal
2570 1556 2939 1612 ἐπελάθοντο
2990 1557 3110 1611 τῶν
3164 1558 3519 1627 εὐεργεσιῶν
3568 1560 3758 1615 αὑτοῦ

2169 1644 2268 1697 καὶ
2327 1643 2449 1697 τῶν
2495 1648 2844 1717 θαυμασίων
2873 1649 3096 1713 αὐτοῦ,
3135 1644 3223 1704 ὧν
3266 1650 3499 1714 ἔδειξεν
3527 1650 3756 1718 αὐτοῖς.

2183 1736 2487 1791 Ἐναντίον
2518 1739 2638 1794 τῶν
2677 1740 2949 1810 πατέρων
2983 1741 3203 1809 αὐτῶν,
3246 1742 3286 1797 ἆ
3320 1744 3572 1811 ἐποίησε
3609 1747 3757 1800 θαυ-

492 1841 761 1903 potestate
794 1834 1068 1898 instructi,
1109 1844 1261 1891 recto
1294 1837 1577 1906 proposito
1614 1836 1693 1890 uti
1734 1838 2060 1903 noluerunt;

2164 1824 2351 1892 μάσια
2378 1826 2449 1879 ἐν
2474 1827 2553 1898 γῆ
2581 1831 2883 1899 Αἰγύπτου
2907 1832 2976 1883 ἐν
3003 1832 3187 1897 πεδίῳ
3244 1833 3493 1900 Τάνεως.
3525 1836 3755 1891 Πάντων

489 1925 584 1981 sed
617 1925 730 1980 Deo
774 1934 923 1997 terga
953 1926 1149 1982 dantes
1196 1928 1251 1982 in
1296 1927 1515 1981 illorum
1548 1928 1679 1983 olim
1731 1928 2064 1982 mirabilium

487 2018 607 2087 ejus
629 2017 955 2073 oblivionem
994 2027 1279 2074 venerunt.
1317 2020 1573 2085 Qualium
1624 2028 1804 2075 autem
1838 2021 2065 2075 mirabi-

490 2110 641 2174 lium,
672 2111 779 2165 nisi
811 2125 1000 2166 eorum
1036 2127 1158 2181 qua:
1196 2112 1328 2167 olim
1380 2112 1434 2166 in
1463 2111 1699 2183 Egypto
1733 2120 1883 2184 gesta
1914 2122 2063 2178 sunt,

488 2214 663 2270 neque
690 2200 745 2254 in
768 2207 880 2255 tota
902 2198 1161 2271 Egypto,
1192 2199 1290 2255 sed
1326 2200 1379 2254 in
1401 2215 1598 2270 campo
1620 2198 1869 2255 Taneosl
1906 2199 2063 2267 Quod

485 2300 668 2347 tamen
691 2290 907 2363 Moyses
944 2292 997 2345 in
1034 2292 1318 2361 Scriptura
1349 2307 1448 2347 sua
1483 2307 1589 2345 non
1612 2291 2063 2358 declaravit;sed

487 2384 694 2455 Asapb,
716 2385 809 2455 qui
836 2384 1099 2454 propheta
1143 2392 1281 2451 erat,
1310 2384 1366 2438 in
1399 2385 1651 2454 prazsenti
1678 2382 1858 2448 docet,
1890 2383 2061 2437 admi-

485 2478 657 2531 randa
689 2477 780 2531 illa
811 2478 862 2531 in
889 2475 1125 2546 Egypto
1159 2484 1331 2545 gesta,
1365 2491 1395 2529 a
1437 2475 1620 2546 Moyse
1658 2475 1712 2529 in
1741 2489 1935 2545 campo
1957 2474 2065 2527 Ta-

483 2583 617 2624 neos
646 2568 790 2623 edita
824 2568 1011 2623 fuisse.
1036 2567 1275 2623 Rursum
1314 2569 1461 2622 enim
1493 2569 1549 2621 in
1576 2568 1932 2637 sequentibus
1954 2568 2057 2621 ait:

481 2660 633 2716 Sicut
681 2661 855 2729 posuit
906 2662 960 2713 in
1000 2659 1234 2729 Egypto
1268 2659 1422 2729 signa
1452 2676 1570 2724 sua,
1597 2668 1647 2714 et
1676 2660 1917 2729 prodigia
1962 2676 2060 2712 sua

480 2754 537 2807 in
563 2769 746 2821 campo
801 2752 1026 2806 Taneos.
1061 2752 1173 2806 Cur
1211 2752 1266 2806 in
1312 2765 1506 2821 campo
1554 2748 1807 2805 Taneos?
1835 2749 1972 2818 Quia
2006 2750 2058 2803 in

481 2842 584 2897 hoc
614 2844 851 2897 maxime
878 2841 1212 2897 daemoniaca
1238 2843 1319 2897 vis
1358 2842 1639 2896 obtinebat
1678 2861 1690 2896 :
1728 2849 1859 2895 tunc
1889 2842 2058 2895 multa

479 2943 731 3006 poterant
769 2934 1047 2990 daemones
1093 2935 1149 2989 in
1179 2949 1373 3004 campo
1408 2932 1624 2988 Taneos
1657 2935 1964 2989 constituti.
2000 2934 2058 2988 ld

479 3043 607 3083 vero
635 3026 802 3083 lsnias
837 3026 1100 3096 propheta
1132 3026 1375 3079 declarat
1406 3027 1461 3079 in
1492 3026 1702 3081 visione
1718 3024 1958 3097 Egypti,
1980 3027 2059 3081 di-

478 3132 611 3172 cens
647 3136 660 3171 :
699 3115 766 3169 Et
795 3116 947 3171 stulti
996 3126 1150 3168 erunt
1206 3116 1466 3183 principes
1527 3114 1753 3182 Taneos,
1798 3116 2055 3184 sapientes

481 3210 778 3264 consiliarii
814 3210 974 3280 regis,
1005 3210 1287 3263 consilium
1314 3224 1493 3263 eorum
1520 3208 1742 3261 stultum
1772 3209 1883 3278 ﬁet.
1912 3208 2057 3275 Quo-

478 3302 631 3355 modo
657 3301 841 3355 dicetis
865 3304 1006 3372 regi:
1026 3300 1157 3354 Filii
1178 3301 1496 3364 sapientium
1522 3315 1615 3352 nos
1638 3315 1841 3364 sumus,
1858 3298 1960 3367 ﬁlii
1976 3315 2031 3352 re
2047 3326 2059 3338 -

475 3409 599 3463 gum
625 3393 714 3462 qui
744 3409 775 3444 a
805 3392 1065 3459 principio
1096 3390 1352 3460 fuerunt?
1384 3387 1485 3442 Ubi
1516 3397 1637 3441 sunt
1664 3389 1928 3453 sapientes
1955 3388 2053 3451 tui,

474 3492 524 3538 et
550 3483 861 3536 annuntient
888 3482 1002 3544 tibi,
1027 3492 1077 3535 et
1107 3480 1289 3534 dicant
1334 3480 1451 3543 tibi,
1475 3478 1601 3548 quid
1632 3478 1841 3532 consilii
1864 3476 2055 3532 Domi-

476 3593 575 3629 nus
610 3576 802 3644 ceperit
854 3591 1012 3637 super
1061 3573 1391 3644 Egyptum?
1438 3571 1752 3640 Defecerunt
1795 3572 2052 3640 principes

478 3666 705 3730 Taneos,
737 3675 786 3720 et
813 3667 1078 3735 perierunt
1125 3664 1383 3733 principes
1417 3661 1718 3731 Mempheos
1742 3663 1807 3716 “.
1841 3660 2052 3717 Daemo-

475 3771 571 3811 nes
601 3765 782 3810 autem
818 3754 1040 3823 maligni
1074 3763 1251 3819 erant,
1281 3763 1339 3807 ut
1372 3752 1669 3808 verisimile
1708 3761 1814 3815 est,
1837 3756 1926 3819 qui
1956 3769 2052 3821 per

468 3847 691 3900 oracula
740 3856 795 3900 et
837 3844 1209 3899 divinationes
1259 3846 1551 3913 quamdam
1598 3844 1876 3914 sapientia:
1919 3860 2045 3911 spe-

467 3938 607 3992 ciem
638 3937 1054 4006 prolitebantur,
1091 3946 1147 3991 et
1173 3936 1242 3990 ob
1268 3935 1417 3990 illam
1447 3951 1636 3991 eorum
1661 3935 1752 4005 qui
1783 3935 1839 3989 in
1870 3936 2046 3990 diver—

471 4028 548 4083 sis
584 4027 808 4099 Egypti
842 4027 979 4082 locis
1007 4027 1281 4097 principes
1314 4034 1471 4082 erant
1509 4027 1809 4081 consiliarii
1860 4025 2039 4081 eﬂecti

470 4128 619 4175 sunt.
649 4119 789 4173 Num
825 4119 963 4175 forte
991 4121 1085 4191 qui
1129 4120 1419 4191 praestigiis
1443 4119 1778 4192 Egyptiacis
1821 4134 2043 4189 Operam

469 4213 690 4277 «labant,
723 4221 777 4266 et
804 4212 840 4265 ii
893 4214 985 4283 qui
1015 4213 1290 4269 veneﬁciis
1337 4212 1452 4267 suis
1482 4210 1655 4283 Moysi
1688 4212 2039 4275 obstiterunt,

2168 1915 2277 1989 γὰρ
2306 1917 2509 1973 τούτων
2548 1920 2717 1992 λήθην
2762 1924 3120 1994 πεποιημένοι
3159 1924 3269 1978 τῶν
3316 1927 3454 1997 πρὸς
3489 1931 3614 1991 τοὺς
3647 1946 3756 1982 πα-

2166 2007 2330 2080 τέρας
2361 2008 2543 2063 αὐτῶν
2575 2011 3046 2083 ἐπιδεδειγμένων,
3078 2015 3217 2068 ὅπλα
3243 2018 3443 2087 ἤραντο
3481 2019 3621 2072 κατὰ
3649 2019 3749 2074 τοῦ

2165 2099 2322 2162 Θεοῦ,
2356 2101 2415 2152 οὐ
2444 2099 2796 2173 βουληθέντες
2820 2102 2924 2176 [ἐν]
2950 2105 3027 2175 τῷ
3043 2106 3192 2178 νόμῳ
3213 2109 3376 2161 αὑτοῦ
3398 2111 3749 2182 πορεύεσθαι,

2166 2193 2341 2245 καίτοι
2391 2196 2476 2245 ἐπ’
2521 2195 2717 2259 αὐτοὺς
2767 2202 3017 2268 κειμένου
3072 2200 3166 2253 τοῦ
3216 2200 3474 2256 δύνασθαι
3529 2206 3747 2259 καὶτοῦ

2167 2283 2470 2354 βούλεσθαι.
2509 2288 2571 2339 Oi
2601 2288 2659 2340 δὲ
2703 2290 2801 2361 τὴν
2836 2290 3062 2362 δύναμιν
3091 2293 3334 2363 ἔχοντες,
3375 2297 3478 2349 οὐκ
3518 2298 3749 2369 ἠϐουλή-

2165 2375 2336 2446 θησαν
2364 2376 2498 2448 ὀρθῇ
2535 2379 2842 2450 χρήσασθαι
2889 2383 3242 2452 προαιρέσειο
3284 2384 3430 2439 νῶτα
3461 2386 3519 2439 δὲ
3566 2387 3747 2451 δόντες

2164 2466 2240 2537 τῷ
2272 2466 2419 2536 Θεῷ,
2461 2467 2631 2540 λήθην
2685 2472 3009 2541 ἐποιήσαντο
3055 2472 3164 2525 τῶν
3212 2475 3377 2529 πάλαι
3425 2476 3745 2547 θαυμασίων

2162 2557 2351 2612 αὑτοῦ.
2390 2559 2565 2612 Ποίων
2607 2559 2664 2612 δὲ
2709 2560 3028 2633 θαυμασίων
3081 2563 3115 2634 ἢ
3158 2564 3267 2617 τῶν
3304 2566 3363 2618 ὲν
3412 2568 3551 2638 αὐτῇ
3596 2584 3746 2635 γενο-

2165 2649 2343 2720 μένων
2399 2652 2461 2720 τῇ
2521 2651 2814 2722 Αἰγύπτῳ,
2864 2654 2957 2706 καὶ
3002 2654 3101 2707 οὐκ
3152 2655 3211 2708 ἐν
3258 2657 3407 2730 πάσῃ
3444 2658 3742 2730 Αἰγύπτῳ,

2160 2741 2275 2794 ἀλλ’
2315 2743 2372 2793 ἐν
2404 2740 2483 2811 τῷ
2539 2744 2638 2814 τῆς
2671 2744 2889 2808 Τάνεως
2924 2745 3119 2817 πεδίῳ;
3159 2749 3332 2821 Ὅπερ
3376 2752 3585 2821 Μωσῆς
3643 2754 3743 2823 μὲν

2158 2832 2259 2885 οὐκ
2293 2832 2525 2904 ἐδήλωσε
2559 2834 2646 2887 διὰ
2682 2835 2780 2905 τῆς
2829 2836 3021 2889 ἑαυτοῦ
3054 2840 3272 2912 Γραφῆς
3295 2859 3307 2871 ·
3358 2843 3387 2895 ὁ
3431 2843 3487 2897 δὲ
3541 2845 3734 2916 Ἀσάφ,

2162 2925 2448 2996 προφήτης
2481 2925 2581 2989 ὢν,
2604 2925 2846 2981 διδάσκει
2878 2928 2966 2983 διὰ
2999 2929 3107 2983 τῶν
3147 2934 3548 3004 προκειμένων,
3579 2937 3653 3000 ὡς
3682 2940 3743 2992 ἐν

2157 3017 2237 3088 τῷ
2270 3017 2437 3088 πεδίῳ
2465 3018 2685 3082 Τάνεως
2727 3019 2796 3073 τὰ
2841 3022 2897 3074 ἐν
2948 3023 3208 3095 Αἰγύπτῳ
3251 3025 3562 3096 πραχθέντα
3610 3027 3740 3082 θαύ-

2165 3127 2310 3181 ματα
2348 3108 2437 3164 διά
2478 3112 2724 3176 Μωσέως
2772 3114 3119 3188 ἐπετελέσθη.
3176 3118 3336 3186 Λέγει
3369 3119 3414 3173 δ’
3457 3116 3551 3175 οὖν
3585 3118 3741 3186 αὖθις

2160 3202 2363 3275 προῖὼν
2395 3204 2483 3258 διά
2523 3205 2633 3258 τῶν
2665 3205 2825 3277 ὲξῆςο
2881 3208 2978 3273 Ὣς
3029 3209 3195 3263 ἔθετο
3238 3213 3307 3263 ἐν
3344 3215 3620 3283 Αἰγύπτῳ
3664 3215 3739 3269 τὰ

2155 3296 2377 3365 σημεῖα
2420 3297 2605 3352 αὐτοῦ
2667 3299 2766 3352 καί
2827 3301 2899 3353 τὰ
2954 3300 3167 3368 τέρατα
3211 3305 3397 3360 αὑτοῦ
3432 3306 3502 3359 ἐν
3556 3308 3738 3375 πεδίῳ

2163 3388 2409 3456 Τάνεως.
2443 3389 2544 3443 Διὰ
2567 3390 2621 3444 τί
2656 3390 2712 3444 δὲ
2741 3395 2799 3446 ἐν
2830 3392 2906 3464 τῷ
2930 3394 3031 3464 τῆς
3063 3396 3279 3460 Τὰνεως
3324 3399 3525 3469 πεδίῳ;
3562 3401 3737 3455 Ἐπει-

2155 3480 2326 3554 δήπερ
2354 3483 2413 3535 ἐν
2442 3481 2617 3554 τούτῳ
2650 3483 2883 3554 μάλιστα
2908 3486 2975 3539 τὰ
2998 3486 3096 3555 τῆς
3116 3486 3435 3559 δαιμονικῆς
3459 3490 3734 3560 ἐνεργείας

2155 3573 2450 3644 ἐπεκράτει
2473 3590 2486 3602 ·
2516 3575 2641 3627 τότε
2670 3574 2841 3627 πολλά
2873 3592 2931 3627 τε
2965 3576 3147 3645 ἴσχυον
3180 3579 3298 3630 κατ’
3328 3581 3503 3633 ἐκεῖνο
3540 3580 3732 3652 καιροῦ

2153 3666 2201 3718 οἱ
2234 3666 2292 3719 ὲν
2318 3668 2385 3737 τῇ
2438 3666 2601 3720 Τάνει
2654 3665 2928 3737 ἱδρυμένοι
2963 3667 3235 3737 δαίμονες.
3270 3669 3439 3722 Τοῦτο
3483 3670 3542 3724 δὲ
3584 3672 3735 3744 δηλοῖ

2164 3757 2390 3820 Ἡσαΐας
2442 3758 2470 3809 ό
2523 3758 2806 3828 προφήτης
2857 3759 2915 3810 ὲν
2964 3760 3031 3828 τῇ
3086 3760 3271 3830 ὁράσει
3317 3761 3419 3832 τῆς
3455 3761 3732 3831 Αἰγύπτου

2151 3848 2325 3917 λέγων
2346 3865 2359 3878 ·
2404 3849 2514 3903 Καὶ
2560 3850 2742 3917 μωροὶ
2774 3849 3019 3903 ἔσονται
3062 3854 3115 3903 οἱ
3150 3850 3436 3920 ἄρχοντες
3484 3854 3731 3923 Τάνεως,

2151 3941 2205 3991 οι
2231 3938 2409 4007 σοφοὶ
2430 3940 2757 4009 σύμϐουλοι
2782 3940 2886 3994 τοῦ
2909 3940 3233 4008 βασιλέως,
3248 3944 3285 4010 ή
3303 3943 3505 4013 βουλὴ
3531 3944 3729 4001 αὐτῶν

2149 4029 2617 4100 μωρανθήσεται.
2650 4029 2782 4096 Πῶς
2806 4031 2989 4098 ἐρεῖτε
3018 4031 3097 4097 τῷ
3122 4034 3389 4097 βασιλεῖ,
3432 4037 3547 4090 Υἱοὶ
3575 4052 3724 4091 συθ·-

2149 4119 2301 4173 ετῶν
2344 4120 2536 4188 ἡμεῖς,
2578 4121 2695 4175 υἱοὶ
2729 4120 3039 4184 ,βασιλέων
3081 4123 3199 4176 τῶν
3231 4124 3300 4190 ἐξ
3337 4126 3565 4195 ἀρχῆς;
3596 4128 3721 4184 Ποῦ

2147 4212 2307 4265 εἰσὶν
2342 4215 2396 4267 οἱ
2424 4212 2606 4281 σοφοί
2634 4228 2769 4279 σου,
2795 4214 2891 4267 καὶ
2923 4214 3449 4284 ἀναγγειλὰτωσάν
3471 4232 3591 4281 σοι,
3624 4219 3721 4273 καὶ

468 4304 743 4374 principes
764 4304 979 4361 'l‘aneos
1001 4312 1054 4360 et
1073 4307 1346 4375 sapientes
1368 4304 1671 4361 consiliarii
1698 4305 1843 4375 regis
1863 4304 2043 4358 erant?

2164 4302 2486 4357 ςίπάτωσάν
2511 4318 2608 4357 σοι
2652 4304 2710 4357 τί
2747 4305 3144 4369 ,βεϐούλευται
3184 4308 3398 4375 Κύριος
3420 4309 3514 4362 ἐπ’
3541 4311 3719 4380 Αἴτν-

467 4396 831 4463 Quamobrqn
858 4396 983 4467 jure
1013 4412 1134 4468 qua:
1165 4412 1262 4467 per
1293 4395 1531 4467 Moysem
1556 4396 1611 4449 in
1641 4393 1877 4466 Egypto
1902 4394 2042 4449 facta

2164 4407 2330 4459 sror;
2373 4394 2682 4459 Ἐξέλιπον
2718 4398 2771 4449 οὶ
2810 4395 3096 4464 ἄρχοντες
3140 4397 3395 4465 Τάνεως,
3426 4401 3525 4455 καὶ
3567 4401 3721 4456 ἀπώ-

467 4499 612 4555 sunt,
645 4488 700 4542 in
718 4499 916 4558 campo
954 4487 1167 4543 Taneos
1203 4488 1344 4543 edita
1381 4503 1504 4542 esse
1531 4486 1620 4541 hic
1652 4487 1967 4541 edocemur.

2164 4490 2326 4540 ἱοντο
2358 4489 2411 4540 οἱ
2439 4486 2725 4556 ἄρχοντες
2758 4488 3061 4557 Μέμφεως.
3091 4489 3355 4560 Δαίμονες
3374 4491 3431 4544 δὲ
3454 4487 3615 4563 ἦσαν,
3642 4492 3717 4556 ὡς

465 4585 629 4649 εἰκὸς,
662 4584 887 4656 πονηροὶ
918 4583 1005 4636 διὰ
1057 4582 1320 4654 χρησμῶν
1379 4582 1474 4635 καὶ
1529 4582 1793 4653 μαντειῶν
1849 4581 2041 4651 σοφίαν
2079 4582 2202 4635 τινὰ
2264 4582 2740 4653 ἐπαγγελλόμενοι,
2765 4583 2859 4635 καὶ
2887 4586 2943 4637 ἐν
2975 4584 3173 4666 ταύτῃ.
3209 4586 3318 4639 τῶν
3350 4586 3491 4656 κατὰ
3522 4589 3718 4651 τόπους

466 4676 807 4749 κρατούντων
868 4675 970 4747 τῆς
1032 4674 1307 4744 Δίγύπτου
1345 4673 1637 4745 σύμϐουλοι
1700 4675 1995 4744 γινόμενοι.
2048 4675 2271 4745 Μήποτε
2322 4674 2379 4728 δὲ
2430 4676 2524 4727 καὶ
2573 4676 2621 4727 οί
2669 4678 2789 4738 ταῖς
2835 4677 3108 4741 γοητείᾶις
3150 4681 3271 4741 ταῖς
3321 4679 3716 4748 Αίγυπτιακαῖς

464 4772 909 4846 προσανέχοντες,
939 4772 991 4825 οἴ
1015 4789 1073 4825 τε
1101 4771 1447 4834 ἀντιστάντες
1475 4772 1664 4825 Μωσεῖ
1682 4772 1801 4832 ταῖς
1824 4770 2195 4842 φαρμακείαις
2224 4770 2423 4834 αὐτῶν,
2441 4771 2492 4824 οἱ
2524 4772 2783 4841 ἄρχοντες
2809 4766 2948 4842 ἦσαν
3012 4772 3249 4837 Τάνεως,
3281 4774 3374 4828 καὶ
3437 4775 3487 4827 οί
3554 4775 3707 4844 σοφοὶ

463 4868 749 4940 σύμϐουλοι
796 4868 887 4921 τοῦ
923 4866 1212 4939 βασιλέως;
1284 4866 1482 4937 Διόπερ
1528 4867 1752 4929 εἰκότως
1799 4867 1858 4918 ἐν
1906 4865 2071 4937 πεδίῳ
2137 4866 2354 4930 Τάνεως
2384 4868 2412 4918 ὁ
2443 4864 2630 4937 παρὼν
2664 4866 2819 4933 λόγος
2872 4866 3110 4921 διδάσκει
3156 4866 3471 4939 πεπρᾶχθαι
3514 4868 3583 4923 τὰ
3628 4868 3714 4921 διὰ

465 4963 704 5029 Μωσέως
736 4967 794 5019 ἐν
812 4964 1072 5035 Αἰγύπτῳ
1102 4963 1459 5035 γεγενημένα.

536 5077 700 5135 Vens.
739 5080 824 5134 l3.
860 5079 1310 5150 lnterrupt'tmare
1340 5087 1389 5133 et
1427 5079 1669 5149 perduxit
1694 5095 1804 5143 eos,
1837 5090 1885 5132 et
1919 5087 2030 5132 sta-

2206 5075 2482 5143 Διέρῤηξε
2519 5075 2839 5129 θάλασσαν
2860 5075 2957 5128 καὶ
2988 5075 3268 5146 διήγαγεν
3291 5076 3532 5142 αὐτοὺς,
3565 5091 3712 5143 παρ-

464 5173 568 5225 tuit
598 5188 761 5242 aquas
794 5173 946 5241 quasi
990 5183 1176 5226 utrem.
1210 5170 1341 5237 Quae
1367 5170 1419 5224 in
1452 5169 1685 5242 Egypto
1714 5169 1855 5225 facta
1880 5177 2029 5230 sunt,

2164 5170 2402 5235 ‘O'tnoer
2451 5166 2640 5224 ὕδατα
2689 5165 2832 5221 ὡσεὶ
2873 5167 3088 5224 ἀσκόν.
3117 5168 3198 5221 Τὰ
3233 5168 3330 5238 μὲν
3359 5168 3417 5221 ἐν
3446 5168 3583 5237 αὐτῇ
3613 5184 3710 5220 πε-

471 5278 581 5316 uno
610 5262 777 5317 verbo
792 5263 1107 5331 complexus
1135 5260 1310 5315 dixit:
1346 5260 1478 5328 Quae
1517 5262 1639 5329 fecit
1676 5259 1948 5313 mirabilia
1979 5261 2035 5313 in

2164 5258 2432 5330 ιραγμὲνα
2466 5261 2531 5330 τῇ
2578 5256 2835 5328 Αἰγύπτῳ
2870 5256 2958 5312 διὰ
3006 5260 3135 5329 μιᾶς
3178 5258 3474 5329 ἐπετέμετο
3512 5258 3709 5323 λέξεως

471 5358 611 5407 terra
636 5351 877 5422 ﬂgypti,
910 5361 964 5408 et
993 5353 1182 5422 adjicit
1225 5367 1290 5407 ea
1318 5366 1442 5422 quae
1462 5366 1573 5406 non
1607 5365 1955 5417 noveramus,
1979 5352 2034 5404 in

2164 5350 2307 5404 ίπών
2324 5367 2338 5380 ·
2374 5351 2432 5404 Ἃ
2454 5348 2705 5417 ἐποίησε
2733 5347 3032 5419 θαυμάσια
3057 5349 3127 5403 ἐν
3152 5346 3229 5418 γῇ
3257 5349 3579 5418 Αἰγύπτου,
3613 5349 3707 5401 καὶ

462 5460 647 5513 campo
676 5445 895 5500 Taneos.
920 5445 1180 5511 Quaenam
1206 5445 1297 5500 illa
1322 5445 1593 5500 mirabilia
1620 5450 1805 5499 essent
1833 5440 2033 5514 Moysis

2164 5441 2397 5514 προσθεὶς
2422 5442 2559 5512 ὅπερ
2592 5441 2691 5494 οὐκ
2719 5440 2961 5513 ᾔδειμεν,
2985 5440 3056 5494 ἐν
3088 5440 3271 5506 πεδίῳ
3300 5440 3545 5506 Τάνεως.
3571 5438 3704 5491 Τίνα

460 5533 746 5605 Scriptura
800 5536 977 5593 fusius
1009 5548 1245 5593 enarrat.
1285 5535 1395 5592 Sed
1426 5551 1665 5608 praesens
1698 5536 1940 5605 psalmus
1964 5549 2028 5590 ea

2167 5535 2193 5587 ἐ
2221 5529 2290 5605 ἦν
2317 5534 2386 5587 τὰ
2408 5531 2707 5603 θαυμάσια,
2742 5534 2820 5596 είς
2854 5531 3052 5595 πλάτος
3086 5532 3183 5602 μὲν
3207 5534 3241 5603 ἡ
3273 5530 3513 5594 Μωσέως
3550 5546 3703 5601 περι-

458 5626 812 5699 paucioribus
860 5627 1003 5682 infra
1045 5636 1315 5697 recenset,
1356 5628 1545 5685 dicens
1589 5644 1604 5682 :
1663 5626 1927 5683 Convertit
1969 5627 2023 5683 in

2164 5642 2244 5698 χει
2279 5625 2492 5699 Γραφή-
2532 5625 2877 5696 ἐπιτέμνεται
2912 5624 2969 5678 δὲ
3007 5623 3179 5680 ταῦτα
3205 5627 3234 5679 ὁ
3273 5623 3465 5698 παρὼν
3493 5621 3702 5694 ψαλμὺς

532 5782 572 5814 ⁸⁸
604 5780 706 5836 lsa.
732 5796 844 5849 six,
880 5782 1060 5839 ll—ll’r.
