4078 6432
360 414 466 471 915

1442 405 1944 465 COMMENTARIA
1987 405 2054 461 1N
2094 405 2437 464 PSALMOS.

3501 417 3606 475 9H

356 536 416 589 ὲν
452 536 563 597 τοῖς
607 533 743 604 μετὰ
773 532 942 587 ταῦτα
979 533 1181 601 λέγων·
1219 530 1637 600 Μετέστρεψεγ
1677 532 1763 596 εις
1788 524 1918 597 αἷμα

2033 528 2341 597 sanguinem
2378 528 2602 596 ﬂumina
2621 544 2825 595 eorum,
2859 540 2908 584 et
2936 532 3127 587 imbres
3149 550 3330 589 eorum
3371 552 3434 591 ne
3466 538 3607 591 bibe-

354 624 499 689 τοὺς
525 622 830 692 ποταμοὺς
849 620 1064 684 αὐτῶν,
1104 621 1290 676 καὶτὰ
1306 620 1646 690 όμϐρήματα
1668 618 1824 684 ὅπως
1839 618 1926 689 μὴ

353 716 597 769 πίωσιν.
635 713 1091 778 Ἐξαπέστειλεν
1111 717 1198 780 είς
1221 713 1442 779 αὐτοὺς
1464 712 1811 782 κοινόμυιαν
1831 711 1928 763 καὶ

354 806 689 876 κατέφαγεν
730 806 986 872 αὐτοὺς,
1030 808 1125 860 καὶ
1174 806 1243 860 τὰ
1287 805 1497 868 τούτοις
1547 804 1923 874 ἐπιλεγόμενα.

354 898 539 952 Ταῦτα
591 898 687 969 μὲν
724 892 817 951 οὖν
879 899 999 950 κατ’
1045 897 1357 965 Αἰγυπτίων
1402 896 1613 965 ἐγίνετο
1657 897 1715 949 ὲν
1760 893 1929 965 πεδίῳ

354 990 571 1054 Τάνεως
595 1007 609 1021 ·
642 989 679 1043 ἃ.
709 989 773 1061 δὴ
811 989 1096 1062 παρελθὼν
1130 990 1222 1041 ἐπὶ
1268 986 1362 1041 τοῦ
1391 988 1656 1058 παρόντος
1689 987 1718 1039 ό
1752 986 1926 1055 λόγος,

352 1083 451 1147 τὰς
482 1085 562 1147 είς
605 1082 697 1136 τὸν
734 1081 861 1135 λαὸν
893 1082 1212 1152 εὐεργεσίας
1258 1080 1577 1153 προτάττει·
1604 1079 1679 1142 ὡς
1713 1077 1929 1148 διῆλθον

351 1175 450 1247 τὴν
497 1173 807 1243 Θάλασσαν,
850 1176 930 1237 είς
978 1158 1148 1227 πολλὰ
1204 1174 1344 1245 μέρη
1393 1170 1766 1242 διαιρεθέντων
1821 1170 1929 1223 τῶν

354 1268 592 1322 ὑδάτων·
629 1266 658 1319 δ
697 1266 762 1337 δὴ
804 1265 1133 1337 παρίσταται
1161 1266 1249 1319 διὰ
1282 1250 1372 1318 τοῦ
1406 1265 1701 1333 φάσκοντος
1732 1263 1890 1332 λόγου
1910 1279 1924 1294 ·

354 1359 438 1425 Τῷ
460 1358 868 1412 καταδιελόντι
896 1357 1011 1426 τὴν
1037 1356 1316 1425 Ἐρυθρὰν
1340 1354 1655 1411 θάλασσαν
1677 1357 1764 1420 εὶς
1784 1352 1931 1409 διαι-

344 1450 579 1520 ρέσεις,
636 1450 735 1504 καί
777 1450 1115 1520 διαγαγόντι
1156 1449 1263 1503 τόν
1320 1448 1556 1517 Ἰσραὴλ
1592 1447 1689 1502 διὰ
1734 1446 1929 1517 μέσου

351 1542 561 1610 αὐτῆς.
590 1543 727 1595 Φασὶ
764 1542 894 1611 γοῦν
935 1540 1201 1611 Ἐϐραίων
1235 1541 1425 1603 παῖδες
1456 1542 1535 1603 εὶς
1565 1537 1631 1592 ιϐ’
1666 1539 1929 1609 τμήματα

354 1634 643 1708 διῃρῆσθαι
684 1634 854 1705 αὐτὴν
911 1634 1029 1687 κατ’
1056 1632 1289 1705 ἀριθμὸν
1332 1632 1440 1686 τῶν
1489 1632 1557 1684 t6'
1608 1629 1790 1699 φυλῶν
1834 1630 1927 1683 τοῦ

354 1725 514 1781 λαοῦ·
560 1725 702 1781 ὥστε
751 1725 1148 1797 ἀφωρισμένως
1190 1724 1428 1796 ἑκάστην
1474 1722 1699 1777 διελθεῖν
1732 1722 1926 1794 φυλὴν,

352 1817 496 1870 κατὰ
527 1817 627 1887 τὴν
648 1815 1086 1887 ἀπονεμηθεῖσαν
1117 1815 1253 1885 αὐτῇ
1282 1812 1525 1884 πορείαν.
1560 1812 1927 1882 Διισταμένων

2031 628 2166 673 rent.
2204 618 2350 674 Misit
2388 622 2441 673 in
2473 636 2560 675 eos
2592 624 2938 693 cwnomgiam
2967 634 3019 678 et
3041 628 3264 682 comedit
3278 646 3387 693 eos,
3419 639 3475 685 et
3497 646 3605 685 cae-

2033 720 2171 765 tera.
2200 709 2326 765 Haec
2355 713 2537 781 itaque
2572 721 2764 768 contra
2781 713 3142 786 Egyptiosin
3165 734 3358 791 campo
3387 720 3599 779 Taneos

2029 801 2395 872 contigerunt,
2414 818 2535 872 qua:
2562 811 2949 862 transcurrens
2975 807 3031 862 in
3060 814 3314 879 praesenti
3341 813 3605 869 beneﬁcia

2028 891 2085 947 in
2118 893 2373 962 populum
2424 895 2742 964 praemittit:
2779 905 2837 950 ut
2871 899 3082 955 scilicet
3133 903 3291 972 aquis
3333 904 3519 975 plures
3547 908 3603 960 in

2030 998 2212 1058 partes
2246 986 2459 1053 divisis,
2485 1004 2635 1045 mare
2680 994 3078 1060 pertransierit,
3107 996 3256 1063 quod
3294 998 3382 1055 bis
3424 1000 3603 1056 verbis

2027 1078 2339 1134 declaratur
2371 1098 2385 1134 :
2421 1079 2526 1146 Qui
2551 1081 2733 1135 divisit
2768 1099 2914 1137 mare
2942 1082 3177 1138 Rubrum
3206 1087 3260 1141 in
3299 1087 3599 1154 divisiones,

2027 1181 2079 1224 et
2119 1170 2302 1226 eduxit
2342 1171 2516 1228 Israel
2546 1190 2638 1244 per
2673 1176 2902 1230 medium
2951 1178 3067 1246 ejus
3103 1178 3168 1233 “.
3202 1178 3372 1234 Aiunt
3420 1182 3603 1253 itaque

2030 1258 2240 1315 Hebraei
2271 1261 2327 1315 in
2359 1262 2644 1318 duodecim
2676 1266 2948 1321 sectiones
2983 1267 3221 1323 divisum
3253 1269 3424 1326 fuisse
3454 1288 3603 1328 mare

2028 1353 2329 1408 secundum
2352 1371 2637 1411 numerum
2666 1357 2953 1414 duodecim
2991 1361 3175 1430 p0puli
3206 1363 3450 1418 tribuum
3476 1384 3491 1431 ;
3527 1368 3601 1419 ita

2031 1452 2089 1498 ut
2112 1446 2339 1516 singulae
2366 1448 2541 1504 tribus
2568 1451 2859 1521 separatim
2893 1452 2946 1505 in
2976 1455 3253 1522 assignato
3284 1453 3389 1509 sibi
3419 1463 3601 1507 meatu

2028 1540 2445 1608 pertransirent.
2477 1541 2611 1597 Cum
2662 1559 2826 1612 porro
2863 1560 3017 1614 aqua:
3072 1545 3395 1613 intermedio
3426 1546 3604 1616 spatio

2029 1630 2291 1700 sejunctas
2314 1642 2520 1697 essent,
2553 1642 2608 1688 et
2637 1635 2789 1689 arida
2814 1650 2956 1691 terra
2988 1637 3044 1690 in
3078 1638 3258 1691 medio
3282 1637 3598 1700 haberetur,

2027 1736 2370 1793 consequens
2403 1732 2521 1779 erat
2538 1741 2709 1795 aquas
2735 1726 2788 1780 in
2811 1727 3090 1781 cumulum
3124 1738 3341 1784 evectas
3356 1729 3603 1784 contine-

2026 1815 2095 1879 ri,
2134 1816 2190 1870 in
2238 1832 2363 1872 aere
2409 1818 2648 1873 tumidas
2686 1818 2884 1873 elevari
2924 1826 2978 1873 et
3013 1819 3213 1883 attolli,
3261 1820 3317 1874 in
3370 1822 3603 1890 ipsoque

351 1905 410 1959 δὲ
432 1905 542 1958 τῶν
575 1905 803 1969 ὑδάτων,
848 1904 944 1957 καὶ
992 1903 1161 1974 ξηρᾶς
1190 1902 1295 1972 γῆς
1325 1904 1383 1955 ὲν
1421 1901 1500 1972 τῷ
1544 1899 1747 1972 μεταξὺ
1800 1918 1918 1955 συν-

2026 1922 2151 1962 aere
2186 1910 2343 1978 quasi
2407 1910 2461 1963 in
2511 1917 2632 1965 utre
2666 1910 2951 1977 concludi;
2999 1923 3331 1982 quapropter
3358 1912 3596 1967 dicitur:

351 1998 665 2070 ισταμένης,
692 1995 983 2050 ἀκόλουθον
1014 1992 1081 2067 ἦν
1114 1994 1342 2064 συνοχὴν
1368 1992 1610 2061 γίνεσθαι
1640 1993 1747 2047 τῶν
1789 1993 1915 2047 ὑδά-

2025 1995 2092 2049 Et
2126 2000 2307 2051 statuit
2365 2015 2526 2069 aquas
2577 2000 2728 2063 quasi
2763 2008 2949 2053 utrem.

348 2112 476 2160 των,
529 2096 604 2159 ὡς
658 2093 985 2166 κυρτοῦσθαι
1029 2091 1168 2145 αὐτὰ
1228 2091 1561 2161 συνεχόμενα
1608 2090 1745 2162 πρὸς
1797 2091 1997 2162 ἄλληλα
2046 2094 2139 2147 καὶ
2203 2097 2263 2148 ὲν
2323 2094 2472 2165 αὐτῷ
2538 2094 2613 2163 τῷ
2659 2093 2781 2165 ἀέρι
2824 2094 3141 2166 ἐπαίρεσθαι
3203 2095 3297 2148 καὶ
3355 2094 3596 2166 ὑψοῦσθα

350 2190 687 2263 κυρτούμενα
719 2192 811 2244 καὶ
844 2187 1301 2261 μετεωριζόμενα,
1344 2188 1439 2241 καὶ
1461 2188 1650 2261 ὥσπερ
1702 2190 1762 2242 ὲν
1813 2190 1969 2259 ἀσκῷ
2007 2190 2083 2261 τῷ
2112 2195 2233 2263 ἀέρι
2276 2193 2689 2264 περικλειόμενα
2712 2209 2725 2222 ·
2757 2192 2837 2245 διὸ
2882 2191 3153 2245 λέλεκται·
3183 2193 3594 2261 Παρέστησενι

347 2284 535 2338 ὕδατα
562 2283 706 2336 ὡσεὶ
737 2282 951 2337 ἀσκόν.

414 2378 568 2432 Μετὰ
610 2378 669 2431 δὲ
698 2376 759 2429 τὸ
813 2377 1129 2448 τηλικοῦτον
1175 2376 1376 2448 θαῦμα,
1434 2375 1752 2446 ὡδήγησεν
1805 2380 1915 2433 αὐ-

347 2469 509 2535 τοὺς,
540 2469 723 2539 φησὶν,
795 2467 864 2520 ἐν
916 2466 1137 2535 νεφέλῃ
1187 2466 1430 2536 ἡμέρας,
1492 2466 1915 2538 ὲπισκιαζούσης

349 2559 443 2612 καὶ
476 2557 683 2628 σκέπην
745 2556 927 2618 αὐτοῖς
980 2553 1323 2627 παρεχούσης
1377 2558 1475 2627 τῆς
1521 2556 1771 2627 νεφέλης,
1838 2556 1915 2622 ὡς

349 2650 416 2704 ἂν
448 2648 521 2720 μὴ
544 2649 648 2701 ὑπὸ
666 2647 759 2702 τοῦ
793 2648 1032 2718 φλογμοῦ
1081 2647 1175 2701 τοῦ
1223 2646 1450 2717 ἡλιακοῦ
1507 2650 1910 2702 καταπονοῖντο.

350 2740 714 2812 Καταλλήλως
774 2741 829 2796 δὲ
887 2745 954 2815 τῇ
1018 2742 1115 2812 τῆς
1166 2742 1377 2812 ἡμέρας
1424 2740 1649 2813 νεφέλῃ,
1721 2740 1911 2805 στύλος

348 2834 518 2907 πυρὸς
575 2834 663 2888 διὰ
727 2835 825 2906 τῆς
882 2835 1075 2898 νυκτὸς
1146 2834 1387 2904 προῆγεν
1455 2834 1690 2898 αὐτοὺς,
1770 2834 1912 2905 ἡμέ-

356 2944 454 2996 ραν
515 2926 695 2989 αὑτοῖς
750 2927 1017 2996 φωτεινὴν
1093 2924 1563 2997 ἀπεργαζόμενος·
1627 2924 1708 2979 διὸ
1762 2925 1911 2978 λέλε-

350 3032 496 3079 κται,
532 3015 640 3070 Kal
686 3015 838 3084 ὅλην
885 3015 1001 3084 τὴν
1042 3016 1231 3069 νύκτα
1269 3016 1339 3067 ἐν
1375 3013 1652 3084 φωτισμῷ
1702 3017 1910 3083 πυρός.

361 3107 491 3163 Ἐπὶ
541 3105 752 3169 τούτοις
809 3107 1053 3175 λέγεται·
1094 3105 1370 3175 Διέῤῥηξε
1427 3104 1651 3173 πέτραν
1700 3105 1810 3171 ἐν,
1839 3104 1914 3174 τῇ

2077 2380 2241 2434 Vens.
2271 2381 2354 2434 14.
2397 2378 2526 2435 Post
2548 2389 2755 2433 tantum
2784 2378 3103 2433 miraculum
3125 2380 3343 2433 deduxit
3372 2396 3482 2444 eos,
3515 2380 3599 2435 in-

2019 2474 2159 2544 quit,
2204 2474 2259 2526 in
2287 2472 2419 2526 nube
2460 2473 2987 2540 diei,adumbrante,
3024 2479 3187 2542 atque
3217 2481 3594 2543 tegumentum
3690 2514 3697 2525 .

2019 2564 2295 2633 praebente
2311 2563 2475 2627 nube,
2510 2572 2568 2617 ut
2589 2578 2656 2618 ne
2677 2562 2811 2619 solis
2836 2571 2971 2619 testu
3001 2562 3330 2619 laborarent.
3352 2561 3418 2618 Ut
3436 2578 3598 2632 porro

2019 2657 2161 2709 nube
2178 2655 2284 2709 diei
2306 2656 2643 2725 tegebantur,
2677 2655 2758 2724 sic
2786 2662 3148 2725 congruenter
3179 2654 3433 2733 columna
3456 2654 3597 2724 ignis

2008 2747 2140 2818 ipsis
2174 2754 2336 2799 noctu
2354 2747 2576 2816 praeibat
2604 2747 2808 2800 claram
2840 2745 2982 2800 diem
3016 2744 3255 2801 eﬂiciens
3276 2765 3288 2799 :
3311 2761 3482 2815 quare
3510 2747 3595 2800 di-

2009 2837 2180 2892 citur:
2200 2836 2269 2889 Et
2282 2846 2394 2890 tota
2420 2846 2567 2891 nocte
2585 2838 2639 2890 in
2671 2835 3060 2889 illuminatione
3080 2836 3239 2905 ignis.
3260 2835 3338 2889 Ad
3372 2834 3487 2890 haec
3514 2834 3599 2889 di-

2008 2929 2189 2984 citur:
2221 2927 2387 2983 Vens.
2424 2928 2510 2983 15.
2550 2927 2843 2996 Interrupit
2875 2935 3078 2994 petram
3112 2926 3167 2979 in
3192 2934 3456 2991 eremo,et
3478 2936 3598 2995 pot-

2010 3021 2117 3075 avit
2143 3036 2230 3075 eos
2251 3018 2389 3073 velut
2412 3020 2467 3073 in
2505 3019 2695 3090 abysso
2734 3018 2923 3073 multa.
2946 3017 3214 3074 Observes
3239 3033 3405 3087 porro
3438 3019 3597 3073 velim

2018 3112 2108 3166 hic
2132 3112 2295 3167 etiam
2324 3112 2535 3182 c0piam
2558 3124 2819 3180 aquarum
2853 3109 3100 3179 abyssum
3134 3110 3341 3164 vocari.
3368 3108 3475 3164 Pro
3504 3111 3599 3164 illo

347 3200 542 3271 ἐρήμῳ
570 3240 585 3265 ,
644 3202 740 3255 καὶ
786 3201 1065 3253 ἐπότισεν
1120 3199 1341 3264 αὐτοὺς
1398 3198 1479 3265 ὠς
1531 3198 1601 3252 ἐν
1667 3199 1916 3265 ἁϐύσσῳ

2020 3212 2221 3266 autem,
2254 3204 2533 3271 interrupit
2586 3211 2814 3271 petram,
2846 3200 3064 3269 Aquila,
3094 3200 3274 3256 divisit
3318 3212 3493 3271 petras
3541 3204 3598 3256 in

348 3294 571 3363 πολλῇ.
600 3295 767 3365 Τήρει
801 3294 857 3346 δὲ
886 3295 1032 3357 ὅπως
1063 3294 1157 3347 καὶ
1204 3290 1437 3345 ἐνταῦθα
1477 3291 1540 3344 τὸ
1578 3291 1779 3359 πλῆθος
1808 3291 1918 3345 τῶν

350 3384 565 3438 ὑδάτων.
590 3384 866 3438 ἄϐυσσον
904 3384 1214 3455 ὠνόμασεν.
1251 3383 1394 3436 Ἀντὶ
1423 3382 1481 3436 δὲ
1511 3380 1629 3448 τοῦ,
1651 3381 1919 3451 διέρρηξε

347 3473 592 3545 πέτραν,
637 3477 666 3528 ὁ
720 3476 968 3541 Ἀκύλας,
1006 3476 1219 3543 ἔσχισε
1285 3473 1541 3542 πέτρους
1582 3475 1652 3527 ἐν
1697 3471 1914 3543 ἐρήμῳ,

348 3567 598 3636 ιξέδωκε,
626 3568 914 3632 δουλεύσας
932 3571 997 3640 τῇ
1043 3568 1302 3639 Ἐϐραῖκῇ
1333 3569 1539 3639 γραφῇ,
1570 3566 1635 3619 δι’
1672 3561 1738 3637 ἧς
1770 3583 1917 3637 παρ-

350 3660 585 3725 ίσταται,
621 3661 695 3723 ὡς
755 3660 815 3713 ού
852 3662 949 3732 μία
982 3662 1156 3732 πέτρα
1189 3656 1313 3731 ἦνὴ
1350 3658 1698 3713 ἀναδλύσασα
1734 3659 1916 3722 αὐτοῖς

347 3750 418 3805 τὰ
451 3750 650 3816 ὕδατα,
710 3750 845 3804 ἀλλὰ
890 3750 1098 3804 πολλαί.
1137 3750 1298 3803 Ὅθεν
1345 3748 1374 3801 ὁ
1407 3749 1548 3811 θεῖος
1599 3748 1916 3813 Ἀπόστολος

348 3844 767 3914 ἐπισημαίνεται
815 3843 1018 3912 λέγων·
1069 3844 1314 3895 Ἐπινον
1368 3841 1480 3911 γὰρ
1533 3841 1602 3895 ἐκ
1654 3854 1916 3909 πνευμα-

349 3933 523 4003 τικῆς
570 3935 1026 4002 ἀκολουθούσης
1048 3933 1308 4000 αὐτοὺς·
1345 3933 1595 4002 πέτρας·
1648 3933 1688 3999 ἠ
1730 3932 1917 3999 πέτρα

347 4024 418 4079 δὲ
462 4025 539 4095 ἦν
590 4029 623 4080 ό
682 4024 967 4094 Χριστός·
1023 4027 1100 4091 ὼς
1155 4024 1469 4097 ἅπανταχοῦ
1532 4024 1915 4097 παρεπομένης

351 4117 545 4181 αὐτοὺς
572 4117 775 4189 πέτρας
796 4159 811 4183 ,
847 4119 938 4171 καὶ
978 4117 1117 4172 κατὰ
1149 4117 1421 4189 σταθμοὺς
1446 4116 1539 4170 καὶ
1577 4115 1717 4170 κατὰ
1749 4114 1917 4187 μονὰς

352 4203 449 4262 καὶ
516 4204 657 4259 κατὰ
709 4206 887 4260 πάντα
946 4206 1112 4261 τόπον
1179 4206 1481 4280 παρούσης.
1548 4207 1916 4279 Ἐπιτηρήσας

350 4296 409 4350 δὶ
436 4296 591 4351 τοῦτο
611 4298 705 4351 καὶ
736 4301 793 4351 ὲν
813 4302 877 4370 τῇ
903 4300 1142 4364 Μωσέως
1173 4301 1423 4371 εὑρήσεις
1476 4300 1666 4371 Γραφῇ
1691 4318 1704 4331 ·
1738 4302 1795 4352 ὲν
1819 4298 1917 4369 μὲν

351 4389 459 4464 γὰρ
491 4392 559 4462 τῇ
598 4390 792 4463 Ἐξόδῳ
837 4391 1081 4463 εἴρηται·
1114 4393 1222 4447 Kal
1252 4392 1661 4461 παρενέϐαλον
1696 4392 1766 4445 ἐν
1792 4393 1915 4444 Ῥα-

351 4481 545 4553 φιδεῖν
588 4482 689 4536 καὶ
725 4485 834 4537 οὐκ
874 4479 952 4553 ἦν·
979 4483 1133 4552 ὕδωρ
1165 4483 1324 4537 πιεῖν
1349 4482 1429 4549 τῷ
1454 4483 1598 4549 λαῷ.
1628 4484 1735 4537 Καὶ
1764 4483 1916 4537 ἐλοι-

2018 3312 2212 3359 eremo,
2241 3294 2434 3359 edidit,
2467 3292 2747 3348 Hebraicze
2791 3289 3046 3346 videlicet
3092 3291 3290 3348 litterae
3324 3292 3593 3356 serviens,

2017 3401 2127 3457 qua
2156 3384 2467 3440 declaratur
2509 3399 2621 3438 non
2655 3398 2843 3447 unam,
2878 3383 2973 3439 sed
3002 3384 3190 3455 plures
3241 3389 3427 3453 petras
3460 3381 3595 3451 ipsis

2018 3493 2189 3549 aquas
2215 3477 2485 3533 emisisse.
2523 3474 2677 3531 Unde
2700 3475 2922 3531 divinus
2943 3476 3242 3546 Apostolus
3272 3475 3389 3530 haec
3418 3476 3485 3529 ad
3498 3492 3596 3529 no-

2022 3576 2134 3622 tat:
2163 3565 2419 3621 Bibebant
2438 3574 2613 3620 autem
2634 3580 2699 3619 ea:
2724 3565 2998 3634 spirituali
3025 3573 3372 3635 consequente
3400 3580 3487 3617 eos
3509 3580 3596 3632 pe-

2016 3665 2133 3711 tra:
2151 3667 2302 3727 petra
2317 3665 2615 3710 autemerat
2632 3654 2872 3710 Christus
2892 3654 3133 3721 £3.Quasi
3150 3654 3357 3709 scilicet
3372 3668 3467 3709 eos
3486 3653 3596 3707 ubi-

2015 3768 2121 3821 que
2137 3758 2289 3822 petra
2321 3759 2738 3819 sequeretur,ac
2757 3747 2815 3802 in
2835 3746 3186 3809 stationibus,
3211 3745 3267 3799 in
3297 3745 3595 3817 mansipni-

2014 3846 2139 3909 bus,
2182 3846 2240 3899 in
2278 3844 2534 3913 omnique
2563 3843 2683 3897 loco
2725 3856 2967 3912 praesens
3002 3838 3239 3894 adesset.
3302 3836 3439 3891 Illud
3455 3852 3596 3907 quo-

2013 3954 2120 4008 que
2140 3938 2192 3990 in
2212 3936 2409 4008 Moysis
2422 3935 2703 4004 Scriptura
2721 3933 3013 3989 observare
3026 3931 3151 3987 licet
3166 3948 3183 3999 ;
3198 3945 3324 3984 nam
3339 3929 3395 3984 in
3408 3929 3596 3986 Exodo

2014 4029 2261 4085 dicitur:
2302 4030 2370 4081 Et
2423 4026 2786 4081 castrametati
2814 4034 2937 4080 sunt
2978 4026 3033 4079 in
3060 4022 3348 4092 Rapltidin,
3398 4032 3449 4076 et
3490 4039 3596 4078 non

2013 4131 2129 4176 erat
2147 4120 2337 4191 populo
2366 4137 2501 4191 aqua
2536 4120 2604 4173 ad
2628 4118 2926 4172 bibendum.
2958 4116 3025 4169 Et
3040 4116 3290 4186 jurgatus
3321 4124 3399 4169 est
3428 4130 3595 4183 popu-

2017 4215 2097 4269 lus
2128 4230 2245 4268 cum
2274 4213 2497 4284 Moyse;
2532 4228 2594 4266 ac
2626 4210 2859 4267 deinde:
2887 4209 3036 4263 Dixit
3062 4208 3320 4263 Dominus
3351 4208 3419 4261 ad
3440 4207 3595 4277 Moy-

2015 4324 2124 4362 sem
2150 4322 2169 4359 :
2200 4304 2457 4359 Antecede
2486 4303 2736 4374 populum
2762 4311 2811 4356 et
2842 4317 2988 4356 sume
3006 4311 3170 4354 tecum
3200 4315 3266 4354 ea:
3301 4300 3595 4353 senioribus

2013 4392 2213 4461 populi,
2233 4401 2281 4444 et
2304 4392 2502 4460 uirgam
2513 4406 2616 4458 qua
2636 4387 3122 4457 percussistimare,
3139 4396 3188 4440 et
3205 4384 3381 4440 vades.
3406 4384 3486 4438 En
3502 4402 3595 4455 ego

2014 4483 2272 4537 stetiante
2292 4489 2340 4533 te
2366 4479 2439 4532 ibi
2458 4494 2616 4546 supra
2633 4486 2833 4546 petram
2866 4477 2920 4530 in
2953 4475 3153 4530 Choreb
3186 4492 3204 4529 :
3233 4484 3283 4529 et
3303 4474 3595 4543 percutiant

352 4571 575 4641 δορεῐτο
613 4576 646 4628 ό
669 4574 818 4639 λαὸς
846 4572 991 4642 πρὸς
1016 4574 1244 4642 Μωσῆν
1263 4590 1277 4603 ·
1311 4576 1404 4628 καὶ
1436 4575 1563 4645 ἑξῆς
1586 4592 1599 4605 ·
1625 4570 1774 4628 Εἷπε
1795 4574 1909 4627 Κύι-

2020 4584 2209 4641 petram
2233 4586 2276 4628 et
2299 4572 2457 4628 exibit
2479 4587 2543 4625 ea:
2566 4588 2628 4625 ea
2657 4586 2817 4633 aqua,
2847 4578 2896 4623 et
2928 4568 3062 4623 bibet
3086 4567 3343 4636 populus;
3372 4566 3594 4636 fecitque

345 4682 479 4735 ριος
506 4664 655 4734 πρὸς
679 4664 905 4731 Μωσῆν
941 4681 954 4695 ·
984 4667 1365 4734 Προπορεύου
1394 4666 1499 4720 τοῦ
1534 4665 1688 4723 λαοῦ
1714 4703 1728 4729 ,
1763 4663 1909 4719 λάϐε

349 4755 420 4811 δὲ
442 4757 593 4826 μετὰ
614 4757 872 4811 σεαυτοῦ
888 4757 1003 4812 ἀπὸ
1034 4756 1151 4812 τῶν
1174 4757 1589 4827 πρεσϐυτέρων
1601 4759 1708 4813 τοῦ
1736 4756 1913 4824 λαοῦ,

351 4849 447 4903 καὶ
504 4848 620 4917 τὴν
666 4848 893 4917 ῥάϐδον
927 4852 996 4904 ὲν
1036 4844 1077 4921 ᾖ
1102 4851 1403 4917 ἑπάταξας
1432 4851 1549 4920 τὴν
1569 4852 1921 4915 θάλασσαν..

350 4939 449 4995 καί
490 4942 775 5011 πορεύσῃ.
822 4942 945 5009 Ἰδὲ,
979 4944 1092 5012 ἐγὼ
1118 4944 1346 5012 ἕστηκα
1386 4943 1501 5012 πρὸ
1540 4942 1647 4997 τοῦ
1685 4958 1760 4998 σε
1790 4942 1919 4997 ἐκεῖ

349 5030 449 5086 ἐπὶ
497 5031 609 5100 τῆς
659 5033 876 5102 πέτρας
899 5034 968 5101 ἐν
990 5035 1187 5104 Χωρέϐ
1203 5055 1215 5067 ·
1253 5037 1351 5094 καὶ
1389 5034 1630 5101 πατάξω
1665 5034 1778 5105 τὴν
1807 5036 1927 5091 πέον

351 5142 516 5193 τραγ,
542 5126 640 5179 καί
663 5126 1043 5191 ἐξελεύσεται
1076 5128 1145 5193 ἐξ
1175 5129 1361 5197 αὐτῆς
1388 5130 1563 5198 ὕδωρ,
1593 5129 1690 5183 καὶ
1720 5129 1917 5183 πίεται

352 5219 570 5284 ἀλαός.
604 5219 714 5272 Kal
764 5219 1051 5288 ἐποίησεν
1081 5221 1266 5288 οὕτως
1303 5221 1545 5289 Μωσῆς.
1599 5221 1782 5275 Ταῦτα
1815 5221 1914 5292 μὲν

351 5303 442 5362 οὖν
469 5309 734 5381 ὲνἘξόδῳ
752 5328 764 5340 ·
795 5313 853 5364 έν
877 5310 933 5364 δὲ
945 5315 1055 5376 τοῖς
1083 5313 1355 5383 Ἀριθμοίς
1370 5314 1452 5366 λέ)
1463 5330 1615 5367 εκται
1634 5313 1771 5367 ’Καὶ
1806 5309 1913 5382 ἥλ-

353 5404 460 5457 θον
506 5405 559 5457 ol
591 5403 708 5457 vlol
755 5403 991 5472 Ἰσραὴλ
1037 5403 1203 5458 πᾶσα
1236 5407 1274 5473 ἠ
1310 5404 1631 5475 συναγωγὴ
1681 5408 1767 5471 εις
1798 5405 1914 5473 τὴν

350 5491 577 5562 ἔρημον
600 5494 757 5558 Σεῐν,
792 5496 889 5549 καὶ
918 5498 1027 5549 οὐκ
1057 5492 1136 5565 ἦν
1173 5496 1326 5565 ὕδωρ
1353 5497 1426 5566 τῇ
1452 5497 1791 5567 συναγωγῇ,
1815 5499 1913 5553 καί

350 5584 759 5652 ἠθροίσθησαν
779 5587 877 5639 ἐπὶ
904 5586 1129 5655 Μωσῆν
1152 5588 1251 5641 καὶ
1288 5588 1517 5655 Ἀαρών.
1549 5589 1658 5642 Kal
1688 5588 1914 5642 ἐλοιδο-

347 5675 505 5744 ρεῖτο
534 5679 567 5730 ό
605 5678 753 5743 λαὸς
779 5678 927 5746 πρὸς
968 5678 1214 5741 Μωσῆν.
1262 5677 1371 5736 Καὶ
1415 5679 1570 5750 ἑξῆς·
1616 5678 1916 5742 ἘλάΙῃσε

2020 4666 2227 4737 Moyses
2251 4667 2327 4719 ita
2354 4666 2418 4717 ⁸⁵.
2451 4662 2577 4719 llaec
2604 4664 2657 4716 in
2683 4661 2903 4728 Exodo;
2938 4661 2994 4714 in
3021 4659 3273 4715 Numeris
3295 4665 3477 4713 autem
3505 4657 3592 4711 di-

2018 4761 2204 4817 citur:
2247 4758 2605 4826 Veneruntque
2656 4754 2758 4824 ﬁlii
2791 4752 2964 4807 Israel
3006 4752 3171 4806 omnis
3214 4748 3498 4805 multitudo
3536 4753 3592 4801 in

2017 4852 2275 4907 desertum
2304 4848 2421 4915 Sin,
2459 4856 2507 4901 et
2552 4864 2654 4901 non
2687 4854 2800 4900 crat
2835 4860 2975 4913 aqua
3010 4841 3362 4907 multitudini,
3396 4850 3444 4894 et
3468 4857 3592 4893 con-

2016 4950 2260 4997 uenerunt
2300 4938 2367 4993 ad
2391 4938 2624 5007 Moysem
2647 4946 2695 4990 et
2722 4935 2901 4991 Aaron
2930 4947 2946 4984 :
2973 4942 3023 4985 et
3043 4932 3293 5002 jurgatus
3324 4942 3398 4985 est
3426 4946 3591 4999 popu-

2019 5034 2099 5089 lus
2124 5042 2306 5087 contra
2334 5030 2605 5101 Moysem;
2630 5047 2691 5084 ac
2719 5026 3205 5085 deindez-Locutns
3233 5036 3305 5078 est
3335 5022 3590 5077 Dominus

2019 5125 2087 5179 ad
2135 5123 2368 5195 Moysen:
2402 5124 2579 5178 dicens
2601 5121 2801 5177 :‘Tolle
2834 5123 3055 5191 virgam,
3088 5128 3137 5172 et
3166 5133 3422 5187 congrega
3452 5114 3591 5168 mul-

2020 5218 2315 5280 titudinem,
2352 5224 2488 5269 tu.ct
2520 5215 2702 5268 Aaron
2744 5214 2912 5284 frater
2952 5223 3094 5275 tuus,
3124 5219 3173 5263 et
3212 5207 3491 5278 loquemini
3522 5206 3590 5258 ad

2018 5319 2215 5378 petram
2258 5324 2435 5360 coram
2465 5308 2561 5369 eis,
2588 5316 2637 5359 et
2667 5305 2815 5358 dabit
2859 5321 3023 5373 aquas
3067 5319 3214 5355 suas.
3252 5299 3317 5353 Et
3347 5299 3588 5368 eﬁ'eretur

2018 5403 2144 5470 ipsis
2176 5418 2314 5470 aqua
2344 5399 2408 5454 de
2435 5408 2602 5467 petra,
2639 5408 2685 5451 et
2724 5397 2973 5465 potabilis
3005 5395 3398 5448 multitudinem
3424 5402 3473 5446 et
3494 5392 3589 5460 ju-

2022 5504 2195 5549 menta
2231 5509 2411 5549 eorum
2438 5493 2500 5547 ι’,
2530 5490 2660 5546 Jure
2704 5506 2832 5562 ergo
2861 5489 2989 5559 quia
3018 5488 3184 5543 variis
3215 5488 3270 5541 in
3311 5486 3445 5540 locis
3470 5485 3587 5539 visa

2020 5593 2106 5641 est
2140 5597 2293 5655 petra
2322 5598 2516 5653 aquam
2569 5582 3008 5643 subministrare,
3044 5578 3113 5634 de
3151 5578 3332 5648 priore
3370 5576 3589 5647 quidem

2023 5678 2078 5733 in
2111 5677 2361 5749 prementi
2384 5675 2584 5731 dicitur
2618 5693 2629 5709 ο
2673 5672 2957 5738 interrupit
3001 5682 3201 5739 petitam
3234 5671 3287 5723 in
3313 5686 3506 5734 eremo,
3539 5675 3588 5721 et

306 5790 313 5803 ‘
423 5790 466 5821 ¹¹
501 5786 657 5847 Psal.
681 5806 876 5858 cx-uv,
910 5792 999 5858 l3,
1026 5792 1111 5848 [Δ.
1191 5793 1233 5824 ⁸³
1272 5791 1289 5845 1
1319 5792 1447 5848 Cor.
1481 5808 1533 5859 κ,
1571 5793 1622 5847 4.
1702 5792 1746 5825 ⁸⁸
1773 5791 1918 5847 Exod

2020 5790 2293 5857 “1,1,2,
2326 5790 2378 5857 5,
2413 5787 2467 5845 6.
2547 5789 2589 5821 “
2621 5781 2780 5841 Num.
2817 5802 2908 5851 xx,
2941 5784 2992 5849 l,
3023 5782 3080 5849 9.,
3112 5781 3237 5848 7,8.
