4078 6432
478 426 584 481 915

1198 422 1468 479 EUSEBII
1505 418 1986 479 CASSARIENSIS
2022 420 2175 480 OPP.
2220 421 2399 479 PARS
2434 422 2524 478 111.
2558 455 2631 469 --
2668 423 3071 483 EXEGETICA.

3639 430 3760 486 9l6

477 544 769 614 adaquavit
814 559 901 600 eos
936 542 1072 599 velut
1112 544 1169 598 in
1199 545 1393 616 abysso
1446 545 1649 610 multa;
1682 545 1751 600 de
1788 545 1893 599 alia
1933 560 2053 601 vero

2165 545 2383 613 Κύριος
2426 545 2575 614 πρὸς
2622 546 2852 616 Μωσῆν
2893 546 3122 617 λέγων·
3158 545 3314 607 Λάϐε
3357 546 3470 614 τὴν
3499 548 3759 618 ῥάϐδον,

476 632 675 690 deinde
699 633 1096 704 subjungitz—
1126 630 1295 687 Vsus.
1328 633 1416 691 16.
1446 632 1514 687 Et
1537 631 1755 687 deduxit
1780 648 1969 703 aquam
2000 630 2066 685 de

473 724 932 794 petra,etdedu.tit
950 733 1205 795 tanquam
1230 725 1455 795 ﬂumina
1472 740 1659 795 aquas.
1680 723 2065 779 Verumtamen

474 832 601 870 cum
619 822 697 871 tot
720 816 827 871 illis
843 815 1257 871 subministrata
1277 816 1420 870 bona
1434 815 1686 881 fuissent,
1707 813 2065 870 nihilominus

478 915 853 977 opposuerunt
910 921 1141 977 peccare
1201 907 1389 976 (Vsus.
1440 906 1553 977 17),
1606 922 1840 978 peccare
1883 914 2065 961 autem

483 1015 595 1053 non
626 998 755 1063 sibi,
787 999 882 1055 sed
934 998 1061 1069 ipsi.
1091 997 1153 1053 1n
1186 999 1369 1071 ipsum
1436 1000 1581 1055 enim
1645 998 1815 1054 Deum
1862 1013 2066 1070 pecca-

475 1100 591 1144 tum
619 1105 809 1145 eorum
846 1090 1114 1151 vertebat,
1165 1089 1295 1145 dum
1342 1104 1439 1160 per
1475 1088 1970 1145 contradictionem
2006 1089 2062 1143 in

472 1184 653 1254 ipsum
706 1182 873 1252 impie
930 1188 1177 1253 agerent.
1228 1181 1410 1247 Quare
1441 1181 1670 1250 subiicit
1704 1200 1716 1236 :
1755 1180 2063 1236 Exacerba-

474 1284 656 1329 verunt
694 1272 975 1329 Excelsum
1008 1272 1062 1326 in
1083 1273 1375 1343 inaquoso;
1407 1272 1524 1327 sive
1567 1272 1869 1328 secundum
1894 1272 2064 1343 Aqui~

473 1368 605 1431 lam,
654 1364 721 1419 Ut
756 1364 1070 1419 rebellarent
1109 1373 1295 1419 contra
1333 1363 1618 1418 Excelsum
1651 1365 1709 1420 in
1744 1366 1915 1429 invio;
1947 1365 2063 1421 sive

472 1457 775 1514 secundum
812 1457 1225 1529 Symmachum,
1267 1455 1335 1510 Ut
1385 1455 1754 1515 contenderent
1791 1473 1909 1510 cum
1947 1455 2062 1515 Ea:-

472 1548 611 1602 celso
647 1548 699 1601 in
726 1548 817 1601 siti
858 1548 910 1601 in
953 1548 1112 1602 invio.
1154 1546 1334 1613 Quare
1377 1556 1557 1601 autem
1593 1548 2063 1603 exacerbaverunt

473 1640 765 1696 Excelsum
818 1639 872 1693 in
923 1640 1189 1708 inaquoso
1241 1640 1429 1695 docuit
1469 1639 1717 1711 Moyses;
1770 1648 2058 1711 postquam

468 1734 617 1788 enim
670 1730 1075 1803 suppeditasset
1108 1733 1191 1787 eis
1238 1746 1436 1801 aquam
1471 1732 1538 1787 de
1574 1742 1747 1802 petra,
1782 1733 1898 1787 haec
1931 1748 2061 1786 nar-

468 1832 557 1879 rat
588 1825 668 1891 “,:
706 1822 771 1877 Et
801 1824 1003 1877 vocavit
1033 1838 1221 1877 nomen
1255 1824 1359 1876 loci
1386 1822 1552 1887 illius,
1593 1822 1836 1881 Teutatio
1870 1836 1917 1877 et
1941 1824 2058 1890 iur-

2168 638 2265 692 καί
2302 639 2719 707 ἐκκλησίασον
2744 640 2861 709 τὴν
2885 640 3248 712 συναγωγὴν
3266 641 3349 695 σὺ
3387 645 3485 696 καὶ
3525 644 3761 712 Ἀαρὼν

2166 731 2201 783 ό
2225 729 2491 799 ἀδελφός
2522 746 2659 798 σου,
2687 732 2787 786 καί
2834 732 3139 799 λαλήσετε
3179 734 3329 803 πρὸς
3369 734 3485 802 thr
3525 736 3760 804 πέτραν

2164 819 2443 873 ἐναντίον
2488 821 2705 885 αὐτῶν,
2748 824 2846 878 καὶ
2888 824 3067 879 δώσει
3096 827 3165 879 τὰ
3188 826 3377 880 ὕδατα
3406 826 3614 895 αὐτῆς.
3635 828 3754 881 Kal

2163 911 2463 977 ἐξοίσεται
2474 914 2679 981 αὐτοῖς
2706 915 2862 984 ὕδωρ
2886 917 2956 971 ἐκ
2975 917 3086 986 τῆς
3105 917 3345 987 πέτρας,
3370 920 3468 975 καὶ
3495 920 3756 975 ποτιεῖτε

2164 1004 2280 1074 thr
2329 1006 2693 1077 συναγωγὴν
2745 1010 2844 1062 καὶ
2892 1012 2964 1064 τὰ
3026 1009 3216 1079 κτήνη
3251 1011 3470 1067 αὐτῶν.
3511 1013 3755 1078 Εἰκότως

2163 1090 2258 1149 οὖν
2286 1097 2583 1169 ἐπειδήπερ
2612 1100 2670 1151 ὲν
2700 1098 2980 1171 διαφόροις
3016 1102 3201 1165 τόποις
3226 1103 3474 1172 φαίνεται
3500 1105 3533 1175 ἡ
3572 1105 3753 1175 πέτρα

2164 1192 2518 1261 χορηγήσασα
2539 1191 2599 1244 τὸ
2627 1189 2790 1263 ὕδωρ,
2815 1194 2944 1263 περὶ
2981 1193 3079 1264 μὲν
3105 1195 3203 1266 τῆς
3232 1196 3504 1268 προτέρας
3532 1195 3619 1251 διὰ
3639 1195 3753 1251 τῶν

2164 1281 2546 1352 προκειμένων
2581 1284 2826 1355 εἴρηται·
2859 1283 3139 1353 Διέρῤηξε
3171 1286 3395 1355 πέτραν
3431 1288 3501 1340 ἐν
3530 1286 3751 1357 ἐρήμῳ,

2163 1372 2261 1426 καί
2294 1374 2575 1428 ἐπότισεν
2600 1376 2823 1442 αὐτοὺς
2851 1378 2932 1443 ὡς
2960 1379 3029 1431 ἐν
3060 1378 3312 1446 ἀϐύσσῳ
3343 1379 3547 1447 πολλῇ
3566 1397 3579 1410 ·
3614 1381 3754 1451 περὶ

2162 1464 2219 1517 δὲ
2245 1465 2343 1535 τῆς
2367 1465 2558 1537 ἐτέρας
2592 1467 2719 1538 ἑξῆς
2750 1469 2944 1537 ἐπάγει
2965 1484 2978 1500 ⁸
3003 1470 3113 1525 Kal
3144 1469 3440 1542 ἐξήγαγεν
3486 1472 3640 1540 ὕδωρ
3676 1474 3751 1528 ἐκ

2163 1555 2404 1624 πέτρας,
2435 1559 2533 1611 καί
2563 1560 2899 1630 κατήγαγεν
2922 1561 3002 1628 ὡς
3029 1562 3335 1633 ποταμοὺς
3361 1563 3567 1617 ὕδατα.
3600 1564 3754 1637 Πλὴν

2162 1648 2297 1702 ἀλλὰ
2322 1650 2590 1704 τοσούτων
2607 1653 2790 1717 αὐτοῖς
2802 1655 3237 1727 χορηγηθέντων,
3256 1657 3406 1727 ὅμως
3422 1656 3756 1728 προσέθεντο

2162 1742 2257 1797 τοῦ
2286 1743 2643 1815 ἁμαρτάνειν,
2678 1748 2770 1799 καὶ
2803 1748 3137 1818 ἁμαρτάνειν
3195 1750 3295 1819 ούχ
3351 1750 3585 1815 ἑαυτοῖς,
3636 1750 3754 1803 ἀλλ’

2161 1835 2325 1906 αὐτῷ.
2348 1838 2653 1893 Κατάύτοῦ
2678 1840 2787 1912 γὰρ
2816 1840 2909 1893 τοῦ
2941 1840 3077 1894 Θεοῦ
3101 1842 3197 1913 τὴν
3218 1843 3489 1913 ἁμαρτίαν
3505 1843 3757 1915 ἡμάρτα-

466 1918 632 1988 gium,
658 1925 871 1986 propter
901 1915 1139 1987 jurgium
1160 1918 1396 1987 ﬁliorum
1430 1914 1621 1979 Israel,
1652 1925 1701 1971 et
1728 1917 1853 1986 quia
1884 1926 2053 1971 tenta-

2157 1941 2266 1985 νον,
2319 1926 2645 1993 ἀσεϐοῦντες
2696 1929 2787 1982 διὰ
2825 1929 2927 2000 τῆς
2957 1930 3091 2001 πρὸς
3116 1931 3275 1985 αὐτὸν
3298 1914 3635 2000 ἀντιλογίαςτν
3660 1932 3757 1987 Διὸ

468 2013 650 2062 ver'ant
672 2008 957 2062 Dominum
975 2008 1313 2072 dicentes,An
1333 2018 1411 2062 est
1430 2006 1566 2062 Deus
1582 2009 1639 2067 in
1662 2008 1834 2074 nobis,
1852 2026 2008 2065 necne
2026 2013 2051 2066 ?

2161 2015 2421 2085 ἐπιλέγει·
2451 2021 2909 2089 Παρεπίκραναν
2924 2020 3032 2075 τὸν
3050 2022 3339 2091 Ὕψιστον
3351 2022 3422 2076 ἐν
3436 2023 3692 2091 ἀνύδρῳ·
3717 2023 3754 2095 ἦ

466 2102 611 2160 κατὰ
624 2104 714 2157 τὸν
731 2104 984 2169 Ἀκύλαν,
1020 2103 1129 2157 Τοῦ
1152 2105 1498 2173 προτερισαι
1526 2104 1861 2173 Ὑψίστῳέν
1884 2106 2078 2172 ἀϐάτῳ
2098 2126 2111 2140 ·
2168 2111 2200 2182 ἢ
2235 2112 2377 2167 κατὰ
2398 2114 2489 2167 τὸν
2528 2116 2847 2187 Σύμμαχον,
2882 2116 3250 2170 Φιλονεικεῖν
3274 2116 3355 2182 τῷ
3383 2116 3638 2185 Ὑψίστῳ
3681 2116 3754 2167 ὲν

466 2196 718 2265 δίψειὲν
756 2197 970 2262 ἀϐάτῳ.
1007 2196 1107 2250 Διὰ
1132 2196 1184 2255 τι
1222 2196 1279 2251 δὲ
1305 2196 1721 2268 παρεπίκραναν
1760 2198 1851 2255 τὸν
1884 2199 2145 2269 ’Ὕψιστον
2205 2204 2264 2255 ὲν
2297 2204 2530 2280 ἀνύδρῳ,
2589 2208 2791 2273 ἐδίδαξε
2846 2208 3053 2279 Μωσῆς
3078 2223 3093 2238 ⁸
3133 2208 3271 2278 μετὰ
3302 2207 3411 2279 γὰρ
3453 2206 3514 2260 τὸ
3568 2224 3750 2278 παρα.-

466 2294 617 2361 σχεῖν
637 2294 821 2355 αὑτοῖς
849 2293 914 2345 ὲκ
940 2290 1147 2361 πέτρας
1181 2289 1241 2343 τὸ
1270 2289 1433 2361 ὕδωρ,
1471 2291 1671 2361 ἱστορεῖ
1698 2289 1871 2358 λέγων
1889 2308 1903 2323 ·
1930 2291 2039 2344 Kal
2065 2291 2418 2363 ἐπωνόμασε
2449 2298 2513 2352 τὸ
2540 2297 2726 2366 ὄνομα
2758 2297 2865 2352 τοῦ
2897 2298 3084 2351 τόπου
3116 2297 3373 2362 ἐκείνου,
3414 2297 3754 2368 Πειρασμὸς

466 2383 569 2436 καὶ
614 2381 997 2449 λοιδόρησις,
1055 2378 1153 2432 διὰ
1206 2378 1322 2448 τὴν
1357 2378 1665 2448 λοιδορίαν
1720 2380 1837 2435 τῶν
1880 2380 2027 2435 υἱῶν
2099 2382 2356 2455 Ἰσραὴλ,
2390 2389 2489 2443 καὶ
2540 2390 2637 2446 διὰ
2666 2390 2732 2445 τὸ
2774 2389 3065 2459 πειράζειν
3108 2389 3331 2456 αὐτοὺς
3372 2391 3593 2458 Κύριον
3648 2392 3753 2447 λέ-

462 2492 713 2548 νοντας·
748 2475 817 2528 El
854 2474 987 2528 ἐστι
1010 2471 1156 2539 Θεὸς
1183 2471 1254 2527 ἐν
1280 2471 1445 2542 ἡμῖν,
1478 2473 1514 2541 ἣ
1552 2475 1623 2527 οὐ
1650 2490 1667 2535 ;

537 2566 700 2627 Vitas.
735 2566 945 2632 18,19.
996 2565 1067 2621 Et
1114 2575 1444 2622 tentaverunt
1487 2567 1659 2623 Deum
1698 2586 1752 2623 tn
1808 2569 2053 2624 cordibus

2233 2568 2343 2629 Kal
2373 2568 2775 2637 ἐξεπείρασαν
2813 2566 2920 2621 τὸν
2954 2566 3103 2622 Θεὸν
3130 2567 3201 2621 ἐν
3228 2568 3498 2637 καρδίαις
3526 2569 3749 2637 αὐτῶν,

462 2660 596 2724 suis,
633 2669 691 2714 ut
719 2667 952 2729 peterent
978 2675 1156 2714 escam
1202 2659 1484 2714 animabus
1505 2663 1638 2717 suis.
1685 2662 1751 2715 Et
1785 2663 1926 2717 male
1982 2664 2053 2717 lo-

2170 2663 2277 2715 τοῦ
2302 2659 2544 2729 αἰτῆσαι
2562 2659 2774 2729 βρῶμα
2795 2659 2924 2726 ταῖς
2948 2660 3177 2730 ψυχαῖς
3207 2660 3423 2715 αὐτῶν.
3453 2662 3563 2716 Καὶ
3590 2680 3753 2719 κατεκ-

462 2752 572 2810 cuti
594 2762 714 2806 sunt
742 2752 805 2805 de
842 2749 969 2805 Deo.
1000 2750 1288 2817 Quomodo
1319 2752 1459 2807 male
1504 2752 1672 2807 locuti
1709 2755 1820 2807 sint
1851 2752 1918 2809 de
1951 2754 2053 2810 Deo

2168 2755 2452 2823 λάλησαν
2490 2753 2594 2807 τοῦ
2649 2752 2819 2807 Θεοῦ.
2854 2753 3043 2816 Ὅπως
3076 2752 3450 2825 κατελάλησαν
3490 2756 3582 2809 τοῦ
3614 2758 3750 2813 Θεοῦ

460 2842 1082 2914 norratMoysesdicens
1104 2843 1143 2883 ⁸⁷
1172 2862 1186 2897 :
1208 2842 1276 2897 Et
1300 2846 1651 2901 murmuravit
1666 2847 1835 2899 omnis
1849 2863 2053 2916 congre-

2167 2848 2260 2901 καὶ
2288 2846 2495 2916 Μωσῆς
2523 2846 2763 2899 διδάσκει
2813 2844 3019 2915 λέγων·
3074 2843 3189 2899 Kal
3227 2846 3546 2915 ἐγόγγυζον
3582 2848 3749 2904 πᾶσα

462 2937 609 3008 galia
637 2937 870 3007 ﬁliorum
887 2933 1062 2989 Israel
1091 2943 1277 2990 contra
1293 2934 1343 2988 Μ
1350 2953 1525 3006 oysem
1542 2946 1591 2992 et
1618 2937 1820 3003 Aaron,
1840 2948 1888 2995 et
1906 2938 2053 2993 dixe-

2164 2935 2485 3006 συναγωγὴ
2508 2935 2654 2991 υἱῶν
2699 2935 2946 3005 Ἰσραὴλ
2974 2936 3073 2988 ἐπὶ
3106 2937 3334 3006 Μωσῆν
3366 2937 3467 2991 καί
3502 2938 3744 3009 Ἀαρὼν,

462 3039 586 3083 runt
609 3028 678 3083 ad
690 3045 777 3083 eos
795 3044 813 3081 :
836 3026 1052 3082 Utinam
1071 3029 1267 3082 mortui
1279 3045 1509 3087 essemus
1525 3032 1763 3099 percussi
1779 3050 1811 3085 a
1829 3032 2053 3087 Domina

2163 3030 2262 3083 καὶ
2316 3029 2495 3087 εἶπαν
2543 3028 2693 3095 πρὸς
2753 3028 2977 3094 αὐτούς
3000 3046 3012 3058 ’
3067 3029 3323 3097 Ὄφελον
3368 3030 3746 3101 ἀπεθάνομεν

459 3123 519 3177 in
551 3130 695 3176 terra
717 3118 960 3191 ﬁgypti,
993 3119 1203 3191 quando
1243 3120 1554 3176 sedebamus
1579 3139 1735 3191 super
1768 3124 1976 3190 lebetes,
2005 3137 2053 3180 et

2160 3121 2493 3191 πληγέντες
2544 3121 2661 3175 ὑπὸ
2724 3121 2947 3190 Κυρίου
3003 3121 3073 3173 ὲν
3110 3120 3189 3189 τῇ
3227 3123 3549 3191 Αἰγύπτου,
3598 3124 3742 3177 ὅταν

459 3214 858 3271 eomedebamus
895 3229 1055 3283 panes
1105 3213 1174 3267 ad
1202 3214 1574 3269 saturitatem!
1610 3215 1751 3282 Quia
1792 3217 2053 3272 eduxistis

461 3325 579 3373 nos,
630 3316 689 3362 ut
722 3305 1026 3362 occideretis
1058 3314 1224 3359 totam
1270 3304 1407 3359 hanc
1456 3307 1850 3361 multitudinem
1890 3308 2050 3377 fame.

459 3400 659 3456 Postea
677 3414 810 3455 vero
853 3398 929 3454 ait
977 3398 1191 3471 Moyses
1232 3399 1301 3453 ad
1352 3400 1612 3470 populum
1640 3399 1725 3454 ¹⁸ε
1768 3397 1882 3454 Nos
1933 3418 2052 3457 vero

457 3490 585 3562 quid
622 3506 806 3545 sumus
836 3504 856 3544 :
886 3506 989 3543 non
1031 3490 1171 3543 enim
1199 3499 1390 3544 contra
1412 3507 1505 3544 nos
1544 3506 1786 3544 murmur
1821 3502 2052 3547 vestrum

456 3594 559 3647 est,
585 3583 676 3639 sed
708 3592 897 3638 contra
935 3581 1125 3638 Deum.
1158 3582 1404 3638 Accedite
1440 3600 1623 3637 coram
1654 3582 1761 3638 Deo
1785 3600 1803 3637 :
1845 3586 2050 3640 audivit

455 3676 597 3730 enim
627 3690 868 3728 murmur
897 3684 1146 3729 vestrum.
1192 3673 1325 3730 Post
1354 3674 1467 3729 hac
1502 3682 1683 3729 autem
1716 3676 1782 3739 η,
1814 3674 2049 3731 Locutus

456 3776 548 3823 est
568 3766 827 3822 Dominus
852 3766 921 3821 ad
951 3764 1187 3838 Moysen:
1202 3765 1380 3821 dicens
1418 3782 1435 3820 :
1470 3783 1562 3839 ego
1599 3767 1779 3821 audivi
1808 3785 2051 3822 murmur

459 3859 699 3930 ﬁliorum
751 3858 952 3925 Israel,
993 3866 1099 3915 etc.
1152 3857 1282 3914 Haec
1327 3859 1495 3929 igitur
1544 3867 1813 3915 memorat
1869 3876 2051 3916 sermo

457 3967 704 4024 praesens
732 3952 819 4008 his
855 3952 1039 4007 verbis
1070 3970 1085 4007 :
1119 3954 1189 4006 Et
1227 3960 1554 4006 tentavernnt
1594 3950 1758 4006 Deum
1787 3953 1843 4007 in
1874 3953 2052 4007 cordi-

458 4045 556 4098 bus
589 4044 724 4107 suis,
766 4052 825 4097 ut
854 4052 1086 4112 peterent
1123 4059 1300 4099 escam
1330 4041 1612 4097 animabus
1638 4044 1769 4097 suis.
1803 4041 1873 4102 Et
1912 4043 2052 4097 male

457 4137 624 4191 locuti
666 4145 789 4191 sunt
832 4136 897 4191 de
950 4136 1080 4203 Deo,
1122 4145 1173 4191 et
1216 4135 1495 4201 dixerunt,
1544 4134 1817 4208 Numquid
1857 4139 2049 4205 poterit

456 4228 599 4282 Deus
628 4243 824 4297 par-are
853 4244 1090 4281 mensam
1125 4228 1180 4281 in
1214 4226 1422 4281 deserto
1443 4230 1467 4283 ?
1485 4256 1556 4266 —
1578 4224 1749 4288 Vsus.
1784 4227 1876 4287 20.
1903 4227 2050 4293 Quo-

454 4322 601 4375 niam
622 4322 879 4390 percussit
908 4329 1111 4390 petram
1142 4333 1193 4374 et
1223 4320 1491 4389 ﬂuxerunt
1522 4336 1693 4390 aqua,
1713 4330 1765 4373 et
1790 4330 2046 4377 torrentes

455 4411 883 4475 inundaverunt;
915 4411 1168 4483 numquid
1207 4421 1257 4465 et
1289 4426 1479 4479 panem
1517 4413 1708 4480 poterit
1753 4412 1904 4477 dare,
1954 4402 2049 4469 aut

2160 3214 2525 3284 ἐκαθίσαμεν
2550 3213 2651 3266 ἐπὶ
2700 3212 2817 3267 τῶν
2854 3213 3145 3278 λεϐήτων,
3182 3214 3283 3267 καὶ
3317 3214 3618 3285 ἐφάγομεν
3644 3216 3744 3285 ἆρ-

2166 3326 2310 3375 τους
2388 3310 2476 3374 είς
2546 3304 2959 3376 πλησμονήν]
3020 3307 3139 3361 Ὅτι
3203 3306 3524 3377 ἐξηγάγετε
3590 3310 3745 3380 ἡμᾶς

2159 3396 2503 3459 ἀποκτεῖναι
2558 3396 2766 3451 πᾶσαν
2820 3395 2935 3465 τὴν
2990 3394 3354 3465 συναγωγὴν
3395 3400 3621 3467 ταύτην
3673 3400 3744 3452 ἐν

2158 3489 2331 3559 λιμῷ.
2359 3490 2471 3543 Καὶ
2501 3489 2639 3561 μετὰ
2682 3488 2857 3549 ταῦτα
2887 3484 3006 3543 εἶπε
3036 3490 3241 3561 Μωσῆς
3274 3491 3409 3562 πρὸς
3448 3492 3539 3547 τὸν
3576 3493 3700 3547 λαόν
3725 3513 3739 3527 ο

2172 3582 2360 3653 Ἡμεῖς
2398 3582 2467 3635 δὲ
2515 3584 2573 3636 τί
2619 3581 2841 3653 ἐσμενε;
2871 3584 2943 3636 οὐ
2977 3582 3087 3651 γὰρ
3121 3587 3249 3637 καθ’
3270 3583 3440 3654 ἡμῶν
3463 3588 3497 3639 ό
3533 3605 3742 3657 γογγυ-

2159 3675 2314 3745 σμὸς
2341 3674 2510 3744 ὺμῶν
2542 3674 2731 3736 ἐστιν,
2769 3674 2929 3728 ἀλλὰ
2971 3674 3121 3728 κατὰ
3149 3675 3253 3737 τοῦ
3288 3675 3741 3746 Θεοῦ.Προσέλ-

2158 3769 2289 3821 θετε
2314 3767 2593 3819 ἐναντίον
2628 3766 2734 3820 τοῦ
2768 3765 2936 3828 Θεοῦ,
2971 3766 3293 3834 είσακήκοε
3333 3769 3445 3837 γὰρ
3474 3770 3577 3823 τοῦ
3609 3788 3741 3840 γογ-

2159 3859 2392 3929 γυσμοῦ
2435 3858 2620 3929 ὑμῶν.
2687 3859 2797 3913 Καὶ
2846 3859 2984 3931 μετὰ
3037 3861 3239 3921 ταῦτα⁹
3295 3862 3593 3932 Ἐλάλησε
3623 3865 3740 3917 Κύ-

2150 3969 2281 4019 ριος
2340 3950 2490 4020 πρὸς
2550 3948 2779 4018 Μωσῆν
2838 3950 3060 4021 λέγων·
3134 3951 3282 4021 Ἐγὼ
3342 3952 3577 4020 ἀκήκοα
3630 3954 3737 4009 τὸν

2157 4043 2505 4114 γογγυσμὸν
2553 4043 2700 4097 υἱῶν
2732 4042 3002 4112 Ἰσραὴλ,
3064 4044 3158 4097 καὶ
3204 4044 3273 4097 τὰ
3310 4042 3459 4115 ἑξῆς.
3520 4045 3736 4102 Τούτων

2156 4132 2248 4190 οὖν
2289 4141 2636 4207 μεμνημένος
2666 4134 2761 4189 καὶ
2793 4137 2823 4187 ὁ
2855 4134 3044 4207 παρὼν
3077 4135 3251 4204 λόγος,
3280 4132 3401 4190 εἷπε
3424 4154 3439 4167 ⁸
3473 4137 3583 4193 Kal
3610 4137 3739 4202 ἐξε-

2157 4227 2457 4295 πείρασαν
2490 4225 2597 4279 τὸν
2620 4226 2771 4281 Θεὸν
2794 4227 2864 4281 ὲν
2896 4227 3166 4295 καρδίαις
3196 4228 3414 4292 αὐτῶν,
3443 4229 3550 4287 τοῦ
3582 4228 3738 4298 αὶτῆ.

2155 4332 2259 4371 σαι
2278 4316 2492 4387 ,βρῶμα
2511 4316 2641 4383 ταῖς
2661 4317 2888 4387 ψυχαῖς
2916 4315 3133 4379 αὐτῶν,
3168 4319 3276 4373 Kal
3308 4319 3737 4386 κατελάλησαν

2156 4411 2261 4465 τοῦ
2292 4410 2459 4476 Θεοῦ,
2501 4405 2828 4464 καὶεῖπαν·
2874 4411 2972 4480 Μὴ
3010 4411 3335 4479 δυνήσεται
3361 4417 3392 4467 ὀ
3414 4414 3558 4480 Θεὸς
3582 4415 3735 4468 ἐτοιο

455 4519 650 4573 parare
677 4521 911 4559 mensam
939 4504 1131 4574 populo
1161 4506 1297 4559 suo?
1321 4503 1446 4560 Haec
1499 4505 1719 4574 quidem
1777 4507 1831 4561 in
1876 4508 2050 4562 histo-

2154 4502 2338 4573 μάσαι
2363 4501 2657 4571 τράπεζαν
2685 4504 2755 4557 ἐν
2775 4503 3003 4574 ἐρήμῳ;
3040 4506 3201 4559 Ἐπεὶ
3226 4504 3486 4571 ἐπάταξε
3512 4506 3734 4575 πέτραν

454 4596 539 4650 ria
596 4612 707 4652 non
752 4596 1037 4662 feruntur,
1074 4588 1169 4652 sed
1211 4598 1300 4651 hic
1335 4597 1663 4653 observatur
1712 4614 1808 4656 eos
1853 4600 2044 4656 isthaec

453 4692 746 4762 cogitasse.
812 4691 1184 4753 Tentavernnt,
1233 4693 1434 4764 inquit,
1482 4692 1652 4747 Deum
1696 4693 1752 4746 in
1796 4693 2045 4751 cordibus

450 4783 585 4848 suis,
612 4789 690 4848 et,
735 4781 880 4836 Male
931 4783 1096 4836 locuti
1125 4793 1249 4837 sunt
1298 4782 1362 4838 de
1404 4783 1531 4838 Deo.
1562 4782 1851 4851 Quomodo
1902 4786 2045 4841 male

450 4875 622 4930 locuti
661 4881 813 4939 sunt,
844 4875 951 4930 nisi
984 4875 1100 4930 haec
1131 4874 1447 4947 cogitando,
1476 4875 1579 4931 etsi
1614 4876 1666 4931 id
1698 4876 1920 4933 minime
1959 4878 2040 4933 la-

450 4966 559 5021 biis
608 4968 961 5037 protulerint,
1011 4968 1106 5023 sed
1163 4979 1343 5024 mente
1387 4969 1741 5034 revolverint,
1786 4986 1906 5040 quae
1953 4971 2045 5025 ille

446 5058 697 5113 cordium
728 5061 977 5132 cognitor
1014 5063 1153 5117 bene
1194 5063 1345 5117 novit
1378 5064 1735 5133 audivitque?
1762 5062 2043 5130 Quamob-

447 5167 563 5205 rem
600 5151 804 5207 dicitur
850 5173 958 5215 ς-ο-
992 5154 1157 5211 Vens.
1187 5156 1278 5213 21.
1310 5156 1526 5211 Audivit
1557 5157 1815 5212 Dominus
1855 5168 1905 5211 et
1935 5157 2046 5212 dis-

448 5241 596 5297 tulit.
636 5240 744 5297 Pro
801 5260 911 5315 quo
960 5246 1174 5316 Aquila,
1205 5255 1253 5300 et
1292 5265 1396 5302 non
1426 5248 1740 5317 supersedit,
1771 5248 2044 5318 interpre-

447 5342 598 5390 tatus
628 5344 735 5401 est,
786 5338 841 5392 id
891 5347 997 5403 est,
1028 5355 1138 5395 non
1182 5340 1437 5407 distulit;
1491 5340 1853 5411 Symmachus
1886 5355 2038 5407 vero,

444 5437 497 5485 ct
546 5428 720 5483 iratus
750 5438 849 5485 est.
889 5429 1093 5487 Deinde
1128 5430 1225 5497 ait,
1286 5431 1355 5485 Et
1403 5432 1538 5502 ignis
1574 5448 1823 5485 accensus
1864 5440 1941 5485 est
1985 5432 2042 5484 in

442 5518 637 5585 Jacob,
668 5530 716 5576 et
744 5523 827 5576 ira
852 5524 1089 5577 ascendit
1124 5525 1177 5578 in
1217 5523 1412 5578 Israel.
1441 5524 1597 5593 Apud
1634 5523 1873 5596 Moysem
1902 5540 2042 5593 quo-

444 5627 555 5677 que
590 5613 851 5669 scribitur
878 5616 960 5671 ‘°:
991 5608 1059 5668 Et
1086 5625 1200 5670 erat
1230 5616 1452 5685 populus
1480 5634 1821 5671 murmurans
1855 5628 2041 5671 contra

447 5702 758 5766 Dominum,
795 5714 846 5758 et
888 5705 1089 5759 audivit
1133 5706 1395 5760 Dominus
1425 5717 1475 5762 et
1516 5708 1687 5761 iratus
1717 5712 1835 5762 est:
1883 5719 1933 5762 et
1964 5710 2042 5762 in-

439 5808 631 5854 census
658 5802 736 5847 est
764 5795 819 5849 in
847 5798 923 5851 eis
958 5797 1093 5867 ignis
1121 5815 1153 5851 a
1181 5796 1431 5866 Domino,
1465 5808 1515 5853 et
1542 5797 1809 5855 devoravit
1830 5808 2037 5870 partem

434 5962 443 5981 ρ
519 5909 562 5949 ⁸⁸
597 5908 769 5972 Εκοά.
799 5928 931 5980 xvu,
962 5912 1015 5968 7.
1097 5914 1137 5947 ⁸⁷
1169 5911 1340 5972 Exod.
1374 5930 1484 5982 xw,
1517 5914 1572 5985 2,
1604 5916 1656 5973 5.
1740 5916 1784 5948 ’⁸
1813 5916 1942 5972 ibid.
1976 5914 2098 5985 7,9.

2148 4595 2249 4648 καὶ
2275 4595 2583 4664 ἐρρύησαν
2609 4595 2819 4661 ὕδατα,
2860 4596 2959 4649 καὶ
2980 4599 3286 4667 χείμαρροι
3318 4601 3731 4669 κατεκλύσθη-

2149 4702 2301 4739 σαν·
2324 4686 2411 4756 μὴ
2460 4687 2560 4745 καὶ
2597 4688 2782 4756 ἄρτον
2828 4687 3079 4742 δύναται
3101 4689 3333 4757 δοῦναι,
3352 4691 3389 4759 ἢ
3422 4691 3731 4761 ἑτοιμάσαι

2147 4777 2440 4847 τράπεζαν
2454 4779 2536 4845 τῷ
2562 4780 2689 4845 λαῷ
2730 4780 2941 4843 αὐτοῦ;
2973 4782 3061 4835 Ἐν
3083 4782 3180 4853 μὲν
3203 4779 3294 4836 οὖν
3327 4787 3394 4854 τῇ
3431 4786 3641 4857 ἱστορίᾳ
3668 4787 3726 4839 οὐ

2149 4871 2373 4943 φέρεται
2401 4874 2575 4927 ταῦτα
2600 4890 2613 4904 ν
2640 4872 2872 4928 ἐνταῦθα
2904 4872 2962 4927 δὲ
2985 4875 3301 4945 τετήρηται,
3329 4877 3402 4940 ὡς
3425 4877 3533 4948 ἄρα
3558 4878 3729 4931 ταῦτα

2145 4962 2499 5034 διενοήθησαν
2521 4976 2536 4991 ⁸
2576 4961 3020 5028 Ἐξεπείρασαν.
3052 4962 3158 5034 γάρ
3177 4980 3329 5033 φησι,
3353 4963 3462 5017 τὸν
3492 4966 3641 5017 Θεὸν
3660 4966 3729 5018 ἑν

2146 5054 2417 5122 καρδίαις
2456 5052 2689 5118 αὐτῶν,
2735 5054 2849 5116 καὶ,
2915 5054 3355 5122 Κατελάλησαν
3395 5054 3501 5109 τοῦ
3554 5054 3722 5108 Θεοῦ.

2145 5147 2269 5211 Πῶς
2291 5147 2349 5200 δὲ
2382 5148 2756 5221 κατελάλησαν
2797 5148 2828 5219 ἢ
2871 5147 2993 5205 τάδε
3021 5147 3411 5219 διανοηθέντες,
3451 5151 3500 5201 εἰ
3530 5148 3623 5201 xal
3650 5148 3723 5219 μὴ

2142 5238 2346 5307 χείλεσι
2391 5237 2774 5310 φθεγξάμενοι,
2808 5238 2945 5292 ἀλλὰ
2970 5242 3089 5301 ταῖς
3118 5237 3315 5309 ψυχαῖς
3356 5238 3722 5308 λογισάμενοι,

2106 5342 2109 5343 ⁷
2140 5334 2175 5387 ἃ
2202 5334 2264 5406 δὴ
2319 5336 2347 5388 ὁ
2392 5334 2830 5406 καρδιογνώστης
2864 5330 3020 5394 εἰδὼς
3066 5331 3265 5402 ῆκουσε
3293 5349 3307 5398 ;
3344 5331 3435 5386 Διὸ
3464 5331 3679 5402 εἴρηται
3707 5348 3719 5360 ·

2145 5426 2402 5481 Ἤκουσε
2441 5430 2656 5496 Κύριος
2710 5429 2811 5481 καὶ
2866 5424 3212 5485 ἀνεϐάλετο.
3276 5424 3419 5479 Ἀνθ⁹
3451 5418 3514 5479 οὗ
3546 5426 3574 5477 ὁ
3626 5425 3723 5496 μὲν

2153 5517 2402 5585 Ἀκύλας,
2421 5520 2527 5574 Kal
2542 5520 3048 5588 ἀνυπερθέτησεν,
3075 5519 3406 5591 ἡρμήνευσε,
3425 5518 3720 5582 τουτέστιν,

2138 5615 2237 5684 οὐχ
2266 5610 2564 5682 ὑπερέθετο
2587 5627 2601 5641 ⁸
2627 5611 2655 5663 6
2682 5610 2738 5663 δὲ
2770 5609 3082 5681 Σύμμαχος,
3119 5609 3232 5662 Kal
3246 5608 3514 5678 ἐχολώθη
3538 5624 3553 5640 ο
3582 5603 3721 5673 εἶτα,

2145 5707 2253 5761 Kal
2282 5706 2402 5772 πῦρ
2428 5702 2687 5772 ἀνήφθη,
2721 5703 2906 5771 φησὶν,
2924 5701 3224 5765 ὲνῚακὼὸ,
3251 5702 3350 5755 καί
3376 5701 3524 5772 ὀργὴ
3537 5700 3722 5770 ἀνέϐη

2139 5798 2239 5852 ἐπὶ
2270 5796 2376 5857 τὸν
2417 5795 2673 5863 Ἰσραήλ.
2722 5794 2833 5848 Καὶ
2881 5794 3027 5865 παρὰ
3067 5795 3257 5851 Μωσεῖ
3284 5793 3340 5853 δὲ
3370 5794 3681 5867 γέγραπται
3704 5808 3715 5819 ⁸

2212 5915 2253 5947 ¹⁹
2282 5912 2416 5982 ibid,
2461 5912 2546 5982 ll,
2576 5911 2660 5971 12.
2740 5912 2787 5944 ¹⁰
2812 5910 2975 5967 Num.
3009 5927 3085 5980 ιι,
3128 5909 3244 5965 1-5.
