4078 6432
341 378 449 435 917

1432 371 1935 431 COMMENTARIA
1975 370 2044 427 1N
2079 369 2419 429 PSALMOS.

3480 350 3586 404 9l8

342 490 453 545 Kal
511 484 591 559 ἦν
628 489 661 541 ό
689 485 839 553 λαὸς
882 481 1176 556 roristh
1200 482 1479 542 ἐναντιον
1519 484 1763 552 Κυρίου.
1818 482 1914 537 καὶ

2026 493 2334 537 castrorum.
2365 480 2433 534 Et
2470 477 2718 533 clamavit
2758 473 2977 545 populus
3006 471 3073 527 ad
3110 466 3371 541 Magum,
3402 476 3449 521 el
3482 482 3596 535 pre-

340 582 574 651 ἤκουσε
618 581 853 648 Κύριος,
900 580 997 633 καὶ
1044 580 1311 651 ἐθυμώθη
1357 581 1501 651 ὀργὴ
1549 580 1768 636 αὑτοῦ·
1814 583 1915 636 καὶ

341 672 634 738 ἐξεκαύθη
666 668 736 723 ὲν
779 667 982 735 αὐτοῖς
1006 667 1125 738 πῦρ
1148 669 1307 738 παρὰ
1343 670 1584 738 Κυρίου,
1619 670 1717 724 καὶ
1745 670 1914 724 κατέ-

343 778 495 832 gare
538 760 721 832 μέρος
762 759 873 828 τῆς
924 760 1324 830 παρεμϐολῆς.
1364 760 1475 816 Kal
1515 760 1841 831 ἐκέκραξεν
1885 767 1917 817 ὀ

342 853 494 918 λαός
516 849 919 919 πρὸςκΜωσῆν
937 868 950 881 ο
980 850 1076 905 καὶ
1101 850 1327 917 ηὔξατο
1369 850 1592 921 Μωσῆς
1622 853 1771 923 πρὸς
1804 855 1919 908 Κύ-

341 961 493 1014 ριον,
514 943 611 997 καὶ
656 943 922 1000 ἐκόπασε
949 941 1014 995 τὸ
1064 943 1204 1013 πῦρ.
1235 943 1343 998 Kal
1374 943 1602 1013 ἐκλήθη
1640 944 1706 999 τὸ
1733 945 1920 1015 ὄνομα

344 1037 450 1091 τοῦ
476 1036 664 1090 τόπου
683 1036 917 1090 ἐκείνου
951 1036 1373 1106 Ἐμπυρισμός,
1411 1036 1499 1091 ὅτι
1527 1036 1819 1106 ἐξεκαύθη
1850 1038 1921 1091 ἑν

346 1125 549 1192 αὐτοῖς
577 1124 697 1193 πῦρ
725 1124 887 1192 παρὰ
934 1126 1175 1193 Κυρίου.
1210 1127 1303 1179 Διὸ
1335 1126 1430 1180 καὶ
1462 1127 1518 1180 ὲν
1549 1126 1627 1198 τῷ
1650 1127 1786 1198 μετὰ
1818 1130 1922 1199 χεῖ-

349 1236 450 1291 ρας
486 1219 699 1290 εἴρηται
727 1237 742 1251 ο
777 1220 886 1274 Kal
916 1217 1153 1288 ἀνήφθη
1180 1220 1297 1288 πῦρ
1318 1220 1388 1273 ἐν
1415 1220 1630 1285 Ἰακὼϐ,
1658 1222 1754 1275 καὶ
1773 1221 1917 1291 ὀργὴ

346 1311 527 1379 ἀνέϐη
550 1310 649 1364 ἐπὶ
677 1310 785 1367 τὸν
819 1311 1077 1379 Ἰσραὴλ,
1103 1311 1191 1365 ὅτι
1211 1314 1322 1365 οὐκ
1348 1312 1721 1367 ἐπίστευσαν
1746 1314 1816 1366 ἐν
1842 1314 1921 1379 τῷ

348 1401 490 1468 Θεῷ,
521 1401 664 1456 οὐδὲ
710 1400 980 1471 ἤλπισαν
1017 1403 1115 1456 ἐπὶ
1156 1403 1222 1457 τὸ
1255 1403 1551 1472 σωτήριον
1579 1405 1785 1459 αὐτοῦ.
1808 1406 1921 1465 Καὶ

345 1494 681 1550 ἐνετείλατο
711 1493 993 1563 νεφέλαις
1027 1494 1423 1563 ὑπεράνωθεν,
1459 1497 1554 1550 καὶ
1602 1499 1784 1566 θύρας
1823 1500 1925 1553 οὺ-

342 1582 531 1652 ρανοῦ
546 1582 788 1651 ἀνέῳξε.
819 1583 929 1638 Καὶ
960 1583 1201 1653 ἔϐρεξεν
1229 1586 1321 1639 ἐπ’
1344 1587 1566 1653 αὐτοὺς
1582 1586 1783 1657 μάννα
1811 1606 1923 1658 φα-

347 1675 495 1745 τεῖν,
520 1674 619 1728 καὶ
663 1674 844 1743 ἄρτον
890 1677 1151 1745 οὐρανοῦ
1203 1677 1424 1732 ἔδωκεν
1460 1655 1683 1747 αὐτοῖς.
1716 1655 1923 1750 Ἄρτον

347 1764 617 1836 ἀγγέλων
666 1764 887 1835 ἔφαγεν
931 1766 1258 1835 ἅνθρωπος.
1308 1769 1381 1822 Τὸ
1431 1769 1508 1835 δὲ,
1561 1771 1923 1826 Ἐνετείλατο

348 1857 629 1928 νεφέλαις
656 1858 1057 1927 ὑπεράνωθεν,
1089 1861 1419 1915 αἰνίττεσθαί
1442 1862 1729 1948 ,μοιδοκεῖ
1752 1862 1921 1936 πρρσ-
1951 1893 1993 1948 Β

348 1968 534 2022 ταγμα
576 1950 819 2005 δεδόσθαι
871 1951 1189 2022 ἀγγελικαῖς
1233 1938 1515 2024 δυνάμεσι,
1549 1958 1671 2018 ταῖς
1714 1956 1795 2020 εἰς
1851 1955 1921 2011 τὰ

348 2042 627 2116 παράδοξα
669 2044 787 2097 τότε
836 2044 1294 2117 διακονουμέναις,
1329 2047 1396 2099 δι’
1423 2039 1497 2101 ὧν
1526 2049 1621 2107 καὶ
1652 2047 1712 2113 τὸ
1747 2047 1922 2118 μάννα

349 2137 668 2207 ἐχορηγεῖτο
711 2135 791 2207 τῷ
828 2135 960 2207 λαῷ.
1001 2137 1374 2209 Διδασκόμεθα
1418 2139 1480 2201 δὲ
1521 2140 1628 2201 καὶ,
1650 2140 1919 2206 ἐντεῦθεν,

348 2226 423 2292 ὡς
457 2226 566 2298 ἄρα
597 2227 815 2297 νεφέλαι
837 2229 894 2282 αἱ
922 2229 1210 2297 ἀγγελικαὶ
1229 2230 1484 2302 δυνάμεις
1509 2231 1819 2302 κέκληνται,
1847 2232 1922 2297 ὡς

348 2320 442 2372 καὶ
472 2322 529 2373 ἐν
554 2318 632 2390 τῷ
682 2321 942 2389 φάσκοντι
973 2324 1227 2394 προφήτῃ
1253 2340 1269 2355 ·
1303 2323 1412 2383 Καὶ
1462 2323 1591 2390 ταῖς
1640 2310 1923 2394 νεφέλαις

347 2410 699 2481 ἐντελοῦμαι
744 2412 850 2465 τοῦ
910 2412 997 2483 μὴ
1052 2413 1265 2480 ,βρέξαι
1335 2416 1423 2481 εἰς
1474 2415 1660 2470 αὐτὸν
1710 2417 1917 2470 ὑετόν·

349 2501 489 2555 ὥστε
520 2505 645 2567 τοὺς
694 2504 957 2573 ἀγγέλους
1003 2504 1239 2567 νοεῖσθαι
1286 2506 1383 2571 τὰς
1437 2508 1696 2577 νεφέλας,
1736 2507 1924 2581 ὥσπερ

348 2590 439 2648 (οὖν
462 2595 556 2648 καὶ
606 2595 859 2650 ἐνταῦθα.
907 2597 1015 2650 Καὶ
1048 2598 1195 2661 εικός
1226 2615 1286 2667 γε
1318 2594 1387 2670 ἦν
1418 2598 1505 2653 διὰ
1541 2600 1639 2671 μὲν
1672 2601 1924 2675 πονηρῶν

348 2683 628 2755 δυνάμεων
655 2684 754 2747 τὰς
804 2688 924 2737 κατ’
962 2686 1277 2753 Αἰγυπτίων
1312 2674 1677 2741 ἐπιτελεῖσθαι
1710 2674 1925 2759 πληγὰς

348 2776 491 2830 κατὰ
516 2777 607 2830 τὸν
633 2777 909 2846 φάσκοντα
950 2777 1106 2846 λόγον
1130 2796 1145 2811 ο
1192 2779 1574 2845 Ὰπέστειλεν
1598 2784 1685 2847 εὶς
1705 2780 1925 2847 αὐτοὺς

349 2870 536 2941 ὀργὴν
559 2871 657 2925 καὶ
694 2871 906 2941 θυμὸν,
958 2873 1168 2953 θλίψιν
1193 2874 1289 2927 καὶ
1335 2873 1691 2941 ἀποστολὴν
1714 2872 1788 2927 δι’
1824 2874 1927 2943 αγ-

349 2962 542 3035 γέλων
596 2962 907 3033 πονηρῶνο
946 2964 1013 3019 τὰ
1063 2967 1119 3019 δὲ
1140 2968 1483 3040 χρηστότερα
1528 2968 1593 3021 δι’
1615 2968 1803 3021 αἰσίων
1833 2952 1927 3031 καὶ

348 3052 534 3118 δεξιῶν
560 3054 807 3123 ἀγγέλων
836 3056 1186 3135 γεγενῆσθαι.
1223 3059 1313 3111 Διὸ
1342 3057 1590 3111 λέλεκται
1613 3075 1627 3087 ο
1659 3058 1769 3112 Καὶ
1800 3059 1926 3112 m-

349 3147 590 3202 τείλατο
616 3145 899 3216 νεφέλαις
929 3148 1328 3227 ὑπεράνωθεν,
1345 3150 1639 3219 καὶθύρας
1663 3149 1924 3219 ούρανοῦ

2018 585 2169 629 catus
2199 582 2276 628 est
2316 570 2525 642 Moyses
2554 568 2858 629 Dominum,
2888 574 2936 618 et
2968 562 3190 617 cessavit
3222 560 3381 631 ignis.
3406 556 3477 611 Et
3506 573 3593 611 uo—

2018 677 2197 722 catum
2223 674 2300 721 est
2329 680 2515 719 nomen
2535 661 2637 716 loci
2671 660 2842 723 illius,
2873 654 3204 719 Incendium,
3241 650 3365 723 quia
3391 650 3594 705 exarsit

2018 762 2074 815 in
2122 761 2198 815 eis
2251 759 2386 829 ignis
2445 772 2479 810 a
2524 752 2772 809 Domino.
2823 747 3168 817 Quapropter
3226 743 3281 797 in
3340 739 3595 813 praesenti

2018 851 2230 921 psalmo
2251 848 2454 902 dictum
2477 849 2561 900 est
2588 860 2601 896 :
2657 839 2725 894 Et
2762 853 3009 893 accensus
3038 844 3115 890 est
3145 834 3283 905 ignis
3319 833 3374 886 in
3403 829 3593 892 Iacob,

2018 948 2070 995 et
2124 938 2208 992 ira
2260 934 2495 991 ascendit
2536 934 2593 987 in
2626 929 2822 995 Israel,
2881 923 3274 998 (VERS.22—25)
3327 923 3450 993 quia
3492 935 3595 975 non

2019 1030 2354 1087 crediderunt
2389 1026 2442 1080 in
2476 1024 2607 1086 Deo,
2636 1038 2731 1077 nec
2760 1026 3095 1091 sperat'erunt
3123 1018 3179 1069 in
3201 1013 3431 1069 salutari
3457 1011 3605 1080 ejus.

2021 1122 2090 1176 Et
2120 1120 2388 1178 mandavit
2420 1117 2642 1173 nubibus
2664 1114 2899 1182 desuper,
2932 1119 2981 1166 et
3004 1109 3203 1180 jauuas
3229 1106 3344 1160 caeli
3370 1102 3594 1172 aperuit.

2022 1214 2092 1267 Et
2120 1215 2254 1283 pluit
2304 1212 2420 1268 illis
2444 1226 2641 1264 manna
2692 1206 2760 1265 ad
2807 1199 3256 1262 manducandum,
3303 1205 3353 1252 et
3407 1209 3599 1265 panem

2020 1305 2136 1367 cali
2163 1304 2306 1366 dedit
2341 1304 2439 1361 eis.
2476 1301 2672 1354 Panem
2704 1295 3009 1367 angelorum
3048 1289 3384 1346 manducavit
3418 1288 3607 1345 homo.

2020 1396 2158 1452 lllud
2189 1404 2392 1461 autem,
2425 1392 2699 1447 Mandavit
2728 1387 2949 1444 nubibus
2979 1387 3221 1453 desuper,
3251 1379 3601 1437 subindicare

2020 1489 2234 1547 videtur
2266 1480 2419 1553 mibi,
2462 1484 2778 1543 mandatum
2811 1479 3074 1551 angelicis
3112 1475 3431 1538 virtutibus,
3475 1486 3601 1542 qua:

2023 1584 2091 1640 ad
2138 1581 2387 1655 prodigia
2439 1577 2650 1635 edenda
2696 1583 2830 1629 tunc
2878 1569 3285 1631 ministrabant,
3336 1564 3610 1623 traditum

2021 1692 2165 1741 esse,
2188 1683 2241 1729 et
2265 1673 2333 1728 ab
2364 1671 2470 1729 illis
2502 1668 2701 1744 populo
2729 1679 2931 1729 manna
2965 1660 3371 1733 suppeditatum
3403 1656 3599 1712 fuisse.

2023 1769 2163 1824 Hinc
2196 1770 2334 1829 item,
2353 1765 2646 1821 edocemur
2680 1760 2955 1832 angelicas
2984 1756 3235 1811 virtutes,
3256 1751 3395 1807 forte
3424 1749 3601 1807 nubes

2022 1867 2242 1919 vocatas
2286 1859 2474 1922 fuisse,
2530 1851 2988 1926 quemadmodum
3022 1854 3086 1903 et.
3118 1847 3172 1901 in
3207 1845 3472 1916 propheta
3504 1842 3619 1913 qui

2023 1953 2100 2007 ait
2129 1970 2141 2006 ε
2180 1948 2247 2003 Ει
2281 1946 2504 2001 nubibus
2547 1942 2813 1998 mandabo
2848 1957 2910 1995 ne
2932 1938 3116 2011 pluant
3157 1952 3319 2005 super
3343 1950 3461 1990 eam
3498 1934 3603 1987 im-

2024 2046 2166 2100 brem
2205 2043 2253 2074 ἰ
2277 2061 2291 2097 :
2323 2042 2399 2096 ita
2427 2046 2489 2094 ut
2518 2036 2691 2107 angeli
2714 2035 2887 2089 nubes
2912 2046 3035 2087 esse
3054 2030 3448 2099 intelligantur,
3475 2041 3605 2097 per-

2024 2136 2152 2199 inde
2204 2142 2370 2205 atque
2399 2133 2454 2186 in
2478 2130 2582 2184 hoc
2610 2130 2731 2182 loco
2761 2145 2773 2179 :
2806 2140 2869 2179 ac
2892 2138 2990 2195 par
3017 2129 3191 2178 erat-a
3220 2119 3472 2192 malignis
3496 2119 3606 2173 vir-

2022 2229 2230 2283 tutibus
2268 2227 2455 2299 plagas
2483 2220 2756 2293 .E‘gyptiis
2799 2214 2992 2286 inﬂigi,
3019 2222 3079 2268 ut
3111 2213 3200 2268 his
3243 2211 3602 2268 enuntiatur:

2024 2321 2176 2376 Misit
2210 2321 2263 2374 in
2284 2300 2371 2377 eos
2401 2319 2540 2371 iram
2569 2324 2629 2369 et
2650 2313 2881 2383 furorem
2907 2318 2957 2362 et
2991 2306 3409 2368 tribulationem,
3433 2311 3481 2356 et
3502 2301 3607 2355 int-

2024 2415 2323 2477 missionem
2357 2426 2449 2481 per
2478 2406 2689 2479 angelos
2720 2404 2924 2468 malos;
2952 2410 3140 2455 contra
3185 2413 3316 2454 vero
3344 2411 3466 2467 quae
3495 2409 3617 2449 me-
3712 2403 3718 2408 '

2024 2509 2164 2564 liora
2192 2512 2351 2563 erant
2390 2517 2487 2575 per
2518 2488 2727 2555 faustos
2755 2498 3068 2569 probosque
3090 2491 3311 2564 angelos
3332 2488 3604 2562 praestari.

2026 2599 2207 2665 Quare
2244 2594 2464 2656 dicitur,
2498 2590 2567 2646 Et
2601 2589 2871 2644 mandavit
2919 2585 3142 2641 nubibus
3177 2582 3417 2650 desu‘per,
3447 2588 3497 2632 et
3523 2578 3609 2649 ja-

2026 2707 2162 2746 nuas
2209 2688 2325 2743 coeli
2381 2686 2607 2755 aperuit.
2665 2681 2873 2737 Januas
2925 2678 3049 2736 caeli
3106 2685 3322 2747 apertas
3361 2670 3608 2727 coelestia

2025 2797 2193 2854 opera
2222 2795 2344 2835 esse
2373 2776 2709 2834 existimato.
2744 2770 2940 2828 Omnia
2978 2768 3180 2839 quippe
3207 2779 3330 2835 quas
3366 2759 3602 2816 mirabili

2027 2873 2189 2931 modo
2215 2889 2247 2927 a
2264 2872 2375 2927 Deo
2404 2868 2858 2942 perpetrabantur
2874 2862 3059 2919 divina
3081 2866 3132 2915 et
3159 2855 3403 2914 coelestia
3425 2860 3606 2917 erant,

2027 2983 2148 3039 qua:
2176 2980 2299 3021 cum
2325 2979 2435 3017 non
2464 2962 2675 3025 ﬁerent,
2700 2956 3016 3013 hominibus
3039 2950 3463 3012 claudebantur;
3480 2958 3611 2999 cum

2028 3066 2208 3111 autem
2242 3051 2512 3124 stupenda
2561 3050 2770 3104 ratione
2803 3045 2949 3102 edita
2982 3051 3145 3109 sunt,
3184 3040 3267 3098 sic
3299 3054 3399 3095 ceu
3441 3049 3612 3106 quas-

2028 3147 2154 3202 dam
2203 3145 2457 3201 coelestes
2486 3142 2685 3212 januas
2723 3138 2857 3210 ipsis
2889 3135 3189 3192 reserabat.
3221 3130 3330 3185 Pro
3368 3129 3462 3185 illo
3508 3140 3612 3180 au-

349 3240 591 3307 ἀνέῳξε.
640 3240 822 3311 Θύρας
860 3222 1169 3312 δὲκούρανοῧ
1200 3244 1592 3314 ἀνοιγνυμένας
1633 3242 1733 3307 τὰς
1771 3244 1926 3314 οὐρα-

2030 3247 2163 3301 tem,
2210 3237 2413 3301 Panem
2445 3235 2752 3306 angelorum
2796 3229 3132 3284 manducavit
3183 3227 3358 3291 homo,
3389 3221 3627 3292 Aquila,

351 3328 494 3393 νίους
520 3330 630 3383 νόει
662 3328 909 3401 πράξεις.
934 3331 1119 3384 Πάντα
1135 3331 1242 3405 γὰρ
1267 3332 1335 3394 τὰ
1364 3332 1677 3404 παραδόξως
1707 3332 1925 3386 ὑπὸ·τοῦ

351 3421 484 3475 Θεοῦ
536 3423 898 3495 πεπραγμένα
942 3423 1061 3489 θεῖα
1098 3423 1193 3487 καὶ
1241 3424 1466 3495 οὐράνια
1525 3421 1593 3497 ἦν
1619 3440 1630 3452 ·
1658 3423 1695 3478 ἃ
1740 3424 1803 3497 δὴ
1834 3425 1928 3489 καὶ

351 3512 659 3585 ἀνθρώποις
715 3515 1123 3580 ἀποκέκλειστο,
1171 3516 1259 3568 ὅτε
1296 3515 1372 3587 μὴ
1429 3516 1673 3587 ἐγίγνετο
1696 3532 1711 3547 ο
1750 3518 1838 3571 ὅτε
1871 3516 1927 3570 δὲ

350 3605 667 3695 παραδόξως
709 3607 974 3686 ἐγίγνετο,
1004 3604 1192 3678 ὥσπερ
1224 3585 1397 3678 θύρας
1446 3585 1599 3672 τινὰς
1645 3608 1929 3687 οὐρανίους

353 3694 590 3769 ἀνέῳγεν
640 3680 843 3764 αὐτοῖς.
905 3698 1052 3752 Ἀντὶ
1093 3697 1149 3750 δὲ
1205 3698 1336 3763 τοῦ,
1394 3700 1601 3768 Ἄρτον
1658 3678 1928 3771 ἀνά-ἐλῶν

353 3791 575 3861 ἔφαγεν
620 3791 947 3869 ἅνθρωπος,
992 3792 1020 3844 ὁ
1062 3789 1312 3857 Ἀκύλας,
1349 3792 1555 3859 Ἄρτον
1611 3790 1928 3846 δυναστῶν

354 3883 575 3953 ἔφαγεν
595 3882 773 3959 ἀνὴρ,
805 3883 1150 3966 ἡρμήνευσεν
1207 3884 1245 3935 δ’
1260 3882 1317 3935 δὲ
1336 3882 1650 3961 Σύμμαχος,
1676 3883 1785 3937 Kal
1817 3900 1929 3939 πυ-

348 3975 462 4046 ρὸν
501 3974 786 4051 οὐράνιον
835 3960 1143 4043 παρέσχεν
1181 3974 1404 4041 αὐτοῖς,
1441 3958 1622 4043 ἄρτον
1651 3976 1928 4051 μεγάλων

354 4048 601 4138 ἔφαγεν⁷
643 4068 969 4147 ἅνθρωπος.
1022 4069 1132 4121 Καὶ
1187 4068 1342 4139 τήρει
1389 4069 1537 4131 ὅπως
1579 4071 1628 4147 ἡΔ
1666 4048 1926 4141 Ἑϐραῖκὴ

356 4160 508 4232 φωνὴ
544 4162 605 4220 οὐ
667 4144 908 4233 περιέχει
950 4160 1033 4225 τὸ,
1074 4161 1291 4236 Ἀρτον
1326 4144 1630 4230 ἀγγέλωνέ
1670 4161 1782 4215 ἀλλ’
1809 4162 1926 4233 ἦτοι

356 4253 497 4307 κατὰ
533 4253 624 4307 τὸν
691 4252 940 4318 Ἀκύλαν,
973 4253 1156 4321 ἄρτον
1184 4252 1533 4306 δυναστῶν·
1590 4253 1623 4324 ἢ
1656 4252 1797 4306 κατὰ
1835 4252 1927 4306 τὸν

357 4344 669 4423 Σύμμαχον,
698 4342 1199 4423 ἄρτον
1222 4342 1276 4414 ἢ·
1294 4344 1434 4396 κατὰ
1454 4343 1545 4397 τὸν
1577 4342 1924 4410 Θεοδοτίωνα,

355 4434 538 4503 ἄρτον
589 4434 905 4490 δυναστῶν
931 4454 947 4468 ο
996 4433 1201 4506 ἢκατὰ
1246 4434 1342 4516 τὴν
1393 4436 1652 4516 πέμπτην
1696 4436 1924 4503 ἔκδοσιν,

357 4525 538 4595 ἄρτον
564 4527 902 4583 δυναστῶν.
946 4528 1231 4598 Ἀγγέλων
1257 4514 1333 4593 δὲ,
1349 4514 1535 4593 ὀὐδεὶς
1560 4530 1923 4601 ήρμήνευσεν.

2033 3330 2238 3386 Panem
2294 3329 2587 3399 potentium
2644 3322 2984 3378 manducavit
3039 3321 3150 3384 vir,
3214 3318 3610 3387 interpretatus

2027 3429 2145 3490 est;
2182 3419 2553 3494 Symmachus.
2586 3432 2738 3480 vero,
2771 3413 2844 3468 Et
2875 3414 3199 3483 frumentum
3229 3408 3432 3463 caleste
3471 3419 3612 3474 pra:-

2029 3516 2141 3579 buit
2161 3518 2256 3583 eis,
2285 3530 2474 3584 panem
2499 3525 2809 3587 magnorum
2840 3505 3173 3561 manducavit
3207 3502 3375 3557 homo.
3403 3497 3635 3558 antlﬂg,

2027 3608 2156 3663 dum
2184 3616 2356 3662 autem
2388 3602 2713 3658 Hebraicam
2748 3613 2936 3655 vocem
2960 3611 3069 3651 non
3095 3595 3296 3649 habere
3322 3589 3477 3653 illud,
3511 3605 3607 3656 pa-

2027 3718 2143 3756 nem
2191 3698 2530 3768 angelorum;
2561 3693 2656 3748 sed
2685 3691 2801 3746 sive
2847 3686 3146 3744 secundum
3205 3681 3477 3752 Aquilam,
3512 3694 3610 3747 pa-

2027 3810 2143 3847 nem
2162 3790 2450 3860 potentium
2470 3786 2628 3850 ,°,sive
2660 3781 2963 3840 secundum
2994 3775 3609 3850 Symmachum,panem

2026 3894 2375 3951 magnorum;
2408 3877 2523 3933 sive
2570 3872 2873 3929 secundum
2923 3866 3379 3927 Theodotionem,
3418 3876 3609 3931 panem

2024 3972 2313 4043 potentium
2335 3983 2353 4033 ;
2372 3967 2454 4023 vel
2487 3964 2785 4022 secundum
2807 3962 3053 4032 quintam
3079 3957 3394 4018 editionem,
3422 3967 3611 4022 panem

2025 4062 2331 4134 potentium.
2375 4057 2695 4129 Angelorum
2738 4069 2869 4110 vero
2899 4052 3040 4107 alius
3087 4063 3249 4104 nemo
3282 4047 3613 4115 interpreta-

2028 4164 2120 4211 tus
2151 4161 2256 4219 est,
2290 4153 2421 4223 quia
2461 4149 2789 4204 Hebraicum
2818 4144 3096 4213 exemplar
3142 4154 3252 4194 non
3288 4138 3367 4192 sic
3413 4135 3610 4199 habet;

2028 4255 2089 4301 ut
2114 4262 2183 4302 ne
2210 4246 2334 4317 quis
2368 4244 2665 4299 arbitretur
2696 4239 2972 4311 angelicas
3010 4236 3174 4291 etiam
3204 4233 3439 4287 virtutes
3479 4244 3610 4284 sen-

2028 4339 2117 4393 sili
2142 4340 2219 4393 uti
2270 4338 2549 4393 alimento.
2588 4336 2645 4391 ln
2680 4330 2990 4404 Evangeliis
3042 4335 3225 4383 autem
3256 4324 3514 4380 Servalor
3555 4330 3613 4377 et

2028 4430 2296 4487 Dominus
2325 4438 2513 4487 noster
2552 4444 2648 4484 eos
2686 4425 2955 4498 coarguit,
2979 4423 3070 4495 qui
3116 4425 3371 4490 putarent
3411 4431 3612 4472 manna

2032 4527 2234 4596 populo
2285 4525 2342 4579 in
2393 4522 2689 4581 solitudine
2740 4517 3254 4581 subministratum,
3294 4511 3613 4581 angelorum
3723 4581 3737 4595 .

371 4618 519 4681 Ἐπεὶ
573 4618 720 4689 μηδὲ
761 4618 1144 4692 τὸοΈῦραῖκὸν
1192 4621 1378 4675 τοῦτον
1417 4621 1652 4693 ἔχειτὸν
1707 4621 1926 4693 τρόπον,

2032 4633 2153 4674 esse
2179 4618 2395 4685 cibum;
2419 4630 2590 4687 quare
2616 4613 2751 4669 dicit
2767 4614 2812 4645 “
2848 4630 2861 4666 :
2892 4610 3078 4673 Amen,
3111 4623 3264 4661 amen
3298 4604 3417 4659 dico
3448 4602 3612 4668 vobis,

358 4710 442 4762 ινα
470 4710 543 4781 μή
570 4727 653 4774 τις
704 4710 903 4782 νομίσῃ
943 4712 1036 4766 καὶ
1087 4712 1187 4776 τὰς
1218 4712 1514 4782 ἀγγελικὰς
1552 4713 1808 4784 δυνάμεις
1840 4712 1927 4766 αἰ-

360 4800 527 4872 σθητῇ
548 4802 783 4872 χρῆσθαι
806 4805 1000 4875 τροφῇ.
1025 4804 1315 4875 Μέμφετοιι
1347 4805 1405 4858 δὲ
1435 4807 1529 4858 καὶ
1560 4807 1588 4859 ὁ
1617 4806 1807 4876 Σωτὴρ
1840 4805 1934 4859 καὶ

357 4892 560 4963 Κύριος
611 4892 767 4963 ἡμῶν
800 4896 857 4947 ἐν
891 4895 1243 4963 Εὐαγγελίοις
1290 4899 1403 4960 τοῖς
1460 4894 1789 4967 νομίζουσιν,
1849 4898 1932 4951 ὅτι

358 4982 602 5053 ἀγγέλων
641 4978 709 5065 ἦν
758 4983 933 5056 τροφὴ
988 4984 1048 5037 τὸ
1091 4985 1148 5038 ἐν
1176 4987 1242 5055 τῇ
1291 4986 1481 5057 ἐρήμῳ
1524 4985 1828 5059 χορηγηθὲν
1853 4986 1931 5057 τῷ

357 5074 467 5146 λαῷ
506 5075 680 5146 μάννα
709 5092 723 5105 ο
766 5075 846 5128 διὸ
880 5076 1063 5145 ἔλεγεν
1090 5097 1098 5104 ·
1154 5075 1357 5151 Ἀμὴν,
1388 5076 1549 5146 ἀμὴν
1566 5076 1718 5147 λέγω
1743 5078 1885 5147 ὑμῖν
1913 5095 1927 5110 ο

358 5168 429 5221 οὐ
458 5164 682 5234 Μωσῆς
727 5164 986 5218 δέδωκεν
1016 5165 1157 5235 ὑμῖν
1178 5166 1297 5219 τὸν
1318 5166 1498 5234 ἄρτον
1534 5168 1602 5220 ἐκ
1625 5167 1731 5221 τοῦ
1754 5170 1932 5237 οὐρα-

357 5256 466 5310 νοῦ
507 5255 615 5310 τὸν
668 5258 959 5323 ἀληθινόν
980 5275 993 5287 ·
1030 5258 1309 5312 καὶ-πάλιν
1338 5276 1363 5295 ·‹
1397 5261 1458 5312 Ol
1496 5258 1745 5327 πατέρες
1767 5258 1934 5330 ὑμῶν

356 5345 582 5416 ἔφαγον
597 5347 666 5399 ἐν
687 5346 761 5415 τῇ
776 5347 988 5417 ἐρήμῳ
1013 5347 1078 5401 τὸ
1103 5346 1325 5416 μάννα,
1352 5349 1447 5401 καὶ
1481 5348 1803 5403 ἀπέθανον.
1830 5344 1935 5405 Οὗ-

356 5438 458 5505 τός
487 5439 660 5492 ἐστιν
690 5442 722 5493 ό
748 5439 925 5507 ἄρτος
954 5442 986 5492 ὀ
1012 5438 1079 5491 ἐκ
1114 5438 1231 5492 τοῦα
1249 5439 1511 5508 οὐρανοῦ
1541 5441 1931 5507 καταϐαίνων,

357 5530 457 5583 ἵνα
479 5548 567 5597 τις
589 5531 658 5594 ἐξ
679 5530 865 5584 αὑτοῦ
895 5530 1058 5599 φάγῃ
1091 5531 1204 5584 καὶί
1222 5529 1708 5600 ,αὴ-ἀποθνήσκῃ.
1741 5533 1804 5586 El
1834 5533 1938 5604 μὲν

359 5618 471 5688 οὖν,
501 5624 946 5693 φησὶν,οὑράνιος
974 5620 1041 5694 ἦν
1074 5623 1256 5695 ἄρτος,
1291 5617 1336 5692 ᾧ
1363 5624 1737 5696 χρῆσθαιτοὺς
1771 5625 1935 5695 ἀγγέ-

429 5805 470 5837 ²¹
499 5802 604 5859 lsa.
634 5823 687 5871 γ,
716 5807 767 5860 6.
842 5809 885 5839 ²²
916 5806 1071 5862 Joan.
1106 5825 1177 5872 νι,
1209 5808 1309 5864 52..
1374 5810 1417 5840 ³³
1441 5808 1570 5864 ibiJ.
1598 5807 1687 5876 l9,
1722 5807 1810 5863 50.

2035 4729 2138 4766 non
2157 4709 2366 4782 Moyses
2399 4708 2541 4765 dedit
2558 4707 2699 4763 vobis
2710 4721 2897 4778 panem
2920 4702 2984 4758 de
2999 4703 3124 4756 coelo
3142 4717 3196 4755 ve
3208 4714 3362 4763 rum;
3399 4712 3463 4753 ac
3488 4711 3615 4750 rur-

2030 4818 2157 4885 vsum
2192 4803 2276 4859 '3:
2309 4800 2500 4855 Patres
2537 4802 2695 4855 uestri
2721 4799 3169 4854 manducaverunt
3214 4808 3413 4847 manna
3440 4792 3493 4844 in
3520 4789 3615 4843 de-

2034 4902 2194 4957 serto,
2228 4901 2279 4945 et
2320 4892 2518 4946 mortui
2550 4901 2695 4947 sunt.
2737 4890 2837 4945 Hic
2874 4900 2951 4945 est
2994 4889 3145 4959 panis
3179 4886 3267 4957 qui
3295 4885 3359 4937 de
3379 4882 3505 4936 caelo
3525 4880 3618 4935 de-

2034 4984 2258 5050 scendit,
2293 4996 2351 5039 ut
2379 4987 2428 5039 si
2456 4987 2570 5056 quis
2612 5001 2677 5040 ea:
2712 4985 2827 5054 ipso
2861 4982 3160 5043 manducet,
3196 4994 3300 5031 non
3329 4976 3615 5029 moriatur.

2038 5075 2095 5130 Si
2141 5077 2347 5146 itaque,
2383 5076 2478 5143 ait,
2509 5076 2750 5131 caelestis
2787 5080 2933 5130 esset
2968 5072 3125 5142 panis
3154 5084 3261 5139 quo
3288 5066 3367 5121 uti
3394 5067 3627 5137 angelos

2034 5168 2333 5223 verisimile
2354 5176 2460 5230 est,
2495 5181 2838 5238 nequaquam
2865 5163 3069 5219 mortui
3095 5168 3277 5217 essent
3306 5157 3398 5229 qui
3436 5172 3502 5211 ex
3524 5155 3618 5208 illo

2037 5275 2178 5331 pane
2205 5260 2259 5313 in
2299 5261 2519 5315 deserto
2552 5264 2908 5331 gustaverant
2935 5276 2947 5311 :
2981 5263 3034 5310 at
3064 5255 3191 5325 quia
3218 5267 3319 5307 nec
3348 5248 3613 5311 caelestis,

2037 5370 2138 5406 nec
2172 5368 2297 5407 vero
2336 5352 2494 5423 panis
2528 5354 2846 5423 angelorum
2880 5356 3017 5414 erat,
3057 5349 3177 5403 ideo
3219 5344 3420 5400 mortui
3467 5349 3613 5396 sunt.

2038 5445 2138 5498 Hic
2169 5460 2295 5500 vere
2340 5446 2587 5501 cmlestis
2630 5445 2790 5516 panis
2822 5452 2928 5507 est,
2974 5441 3133 5511 cujus
3165 5437 3416 5510 quisquis
3449 5436 3620 5499 parti-

2039 5552 2171 5608 ccps
2220 5537 2421 5602 fuerit,
2473 5552 2751 5608 nunquam
2802 5535 3085 5590 morietur.
3136 5532 3271 5598 Quis
3317 5530 3407 5584 hic
3462 5526 3621 5591 panis

2040 5636 2188 5685 esset
2215 5628 2374 5684 docet
2410 5629 2497 5684 llis
2526 5629 2706 5685 verbis
2742 5647 2755 5682 :
2793 5627 2959 5683 Panis
2994 5635 3167 5681 autem
3200 5622 3296 5677 Dei
3328 5631 3404 5677 est
3438 5620 3526 5692 qui
3554 5618 3649 5684 de.
