4078 6432
485 404 591 462 919

1151 401 1421 464 EUSEBII
1457 405 1936 463 CESARIENSIS
1972 407 2123 465 OPP.
2166 406 2351 464 PARS
2387 406 2475 465 Ill.
2514 438 2586 450 —
2622 403 3032 463 EXEGETICA.

487 520 617 575 calo
656 517 942 585 descendit,
974 520 1066 591 qui
1092 519 1186 574 dat
1216 522 1377 576 vitam
1418 523 1613 579 mundo
1637 527 1703 580 “.
1736 524 1792 579 ld
1817 526 1945 581 item
1979 524 2067 583 de-

2170 526 2304 590 ςλους
2336 525 2504 591 εἰκὸς,
2535 525 2646 579 οὐδ’
2675 524 2743 579 ἂν
2775 523 3048 578 ἀπίθανον
3077 523 3126 576 οἱ
3156 523 3213 575 ἓν
3244 523 3309 593 τῇ
3348 519 3538 593 ἐρήμῳ
3580 538 3745 593 μεταο

487 611 663 667 clarat
684 611 874 666 dicens
902 629 914 665 :
950 609 1063 681 Ego
1090 629 1205 665 sum
1232 614 1385 682 panis
1417 617 1535 668 vita:
1560 630 1578 668 :
1612 617 1701 685 qui
1734 618 1868 670 venit
1897 617 1967 671 ad
1989 633 2071 671 me

487 719 592 756 non
614 702 826 766 esuriet,
863 711 912 755 et
930 703 1019 772 qui
1050 702 1213 756 credit
1237 704 1289 757 in
1315 720 1395 759 me
1418 722 1521 759 non
1548 706 1688 759 sitiet
1718 722 1946 777 unquam
1972 710 2018 740 ”
2049 727 2063 775 ;

487 807 552 847 ac
584 808 807 847 rursum
845 812 858 848 :
893 792 1007 864 Ego
1045 812 1163 848 sum
1193 797 1345 864 panis
1394 799 1535 852 vivus
1567 800 1656 868 qui
1704 798 1767 853 de
1803 800 1932 853 coelo
1979 799 2072 853 de-

484 884 683 942 scendi.
722 884 782 941 Si
812 888 927 957 quis
974 888 1370 943 manducauerit
1424 906 1490 944 ex
1529 907 1664 960 pane
1691 908 1824 955 meo,
1857 893 1986 946 vivet
2014 894 2069 946 in

488 985 740 1030 crternum
763 980 828 1033 ".
857 976 1041 1050 Itaque
1058 982 1315 1051 angelicae
1330 997 1550 1052 quoque
1577 983 1809 1038 virtutes
1842 998 1908 1039 ex
1940 998 2069 1053 par-

484 1072 801 1143 ticipatione
840 1074 1000 1131 Verbi
1029 1077 1139 1131 vita
1190 1075 1449 1132 fruuntur
1476 1086 1699 1133 aeterna.
1727 1078 1860 1131 Nam
1888 1080 2064 1133 solum

484 1163 823 1235 unigenitum
864 1166 957 1222 Dei
993 1165 1255 1232 Verbum,
1310 1169 1655 1225 rationabilis
1701 1172 1882 1225 omnis
1932 1171 2065 1226 sub-

484 1257 702 1310 stantia:
745 1258 1064 1313 alimentum
1115 1268 1223 1317 est.
1264 1260 1627 1326 Quamobrem
1672 1263 1920 1332 apposite
1963 1261 2068 1317 He-

486 1346 675 1402 braica
706 1349 869 1404 lectio
912 1349 967 1402 in
1002 1353 1253 1420 praesenti
1284 1368 1391 1406 non
1448 1352 1612 1407 habet
1664 1354 1821 1419 illud,
1871 1353 2067 1407 Panem

486 1443 795 1512 angelorum
824 1444 1160 1497 manducavit
1193 1444 1368 1499 homo.

2175 617 2397 687 σχόντες
2444 616 2607 688 ἄρτου
2630 633 2644 647 ·
2674 616 2769 669 νῦν
2811 616 2869 668 δὲ
2922 615 3046 667 ἐπεὶ
3070 614 3170 667 οὐκ
3206 608 3276 685 ἦν
3322 613 3590 684 οὐράνιος,
3628 613 3755 666 οὐδὲ

2171 704 2241 779 ἦν
2270 708 2483 778 ἀληθῶς
2508 709 2669 779 ἄρτος
2697 706 2963 775 ἀγγέλων,
2985 704 3073 758 διὰ
3094 703 3250 758 τοῦτο
3275 703 3561 757 ἀπέθανον.
3583 699 3755 766 οὗτος

2171 800 2228 853 δέ
2263 802 2409 853 ἐστιν
2441 798 2656 869 ἀληθῶς
2671 797 2920 868 οὐράνιος
2948 796 3133 866 ἄρτος,
3162 786 3270 847 οὖὸ
3299 792 3624 863 μεταλαϐὼν.
3649 794 3755 845 οὐκ

2173 891 2238 944 ἂν
2261 889 2520 944 ἀποθάνοι
2564 889 2714 942 ποτέ.
2752 887 2862 941 Καὶ
2883 887 2967 951 τίς
2999 881 3151 949 οὗτος
3177 882 3244 957 ἦν
3271 885 3511 940 διδάσκει
3542 885 3718 954 λέγων
3736 903 3750 915 ·

2186 987 2239 1038 '0
2285 985 2397 1055 γὰρ
2435 985 2612 1052 ἄρτος
2643 983 2749 1036 τοῦ
2798 982 2946 1036 Θεοῦ
3008 981 3179 1033 ἐστιν
3207 984 3240 1034 ό
3272 979 3643 1033 καταϐαίνων
3678 979 3759 1032 ἐκ

2171 1076 2277 1131 τοῦ
2326 1074 2585 1143 ούρανοῦ
2633 1074 2731 1127 καὶ
2791 1071 2946 1141 ζωὴν
3000 1072 3205 1138 διδοὺς
3237 1070 3317 1137 τῷ
3342 1072 3577 1140 κόσμῳ·
3605 1086 3758 1141 παρ-

2182 1167 2363 1240 ίστησι
2389 1185 2449 1221 τε
2469 1167 2629 1221 αὑτὸν
2647 1166 2818 1235 λέγων
2833 1179 2847 1194 ⁸
2867 1165 3011 1235 Ἐγώ
3034 1166 3148 1234 ειμι
3172 1168 3203 1218 ό
3224 1164 3399 1231 ἄρτος
3427 1161 3534 1230 τῆς
3568 1161 3751 1230 ζωῆςο

2172 1264 2205 1316 ό
2232 1262 2553 1331 ἐρχόμενος
2588 1258 2736 1327 πρὸς
2761 1257 2840 1328 μέ
2879 1260 2951 1311 οὐ
2981 1257 3065 1327 μὴ
3111 1253 3403 1319 πεινάσει,
3444 1256 3540 1308 καὶ
3585 1258 3616 1308 ὀ
3665 1269 3759 1309 πι-

2169 1356 2403 1407 στεύων
2426 1356 2513 1418 εἱς
2543 1352 2669 1421 ἐμὲ,
2700 1353 2771 1405 οὺ
2812 1350 2899 1420 μὴ
2933 1350 3181 1418 διψήσει
3235 1348 3499 1402 πώποτε·
3536 1348 3630 1400 καὶ
3658 1340 3759 1400 αὖα

2172 1445 2255 1510 θις
2284 1462 2298 1475 ’
2351 1443 2497 1514 Ἐγώ
2521 1447 2635 1513 εἰμι
2659 1446 2691 1497 ό
2722 1442 2901 1511 ἄρτος
2947 1445 2979 1496 ό
3022 1440 3133 1503 ζῶν
3162 1445 3195 1494 ό
3228 1441 3297 1494 ἐκ
3340 1440 3447 1493 τοῦ
3494 1436 3759 1507 οὐρανοῦ

484 1536 762 1605 καταϐάς.
804 1539 945 1593 Ἐάν
990 1558 1079 1607 τις
1110 1540 1268 1609 φάγῃ
1309 1540 1378 1594 ἐκ
1410 1540 1518 1594 τοῦ
1552 1541 1697 1611 ἐμοῦ
1720 1542 1899 1610 ἄρτου
1920 1582 1936 1608 ,
1967 1542 2203 1608 ζήσεται
2230 1544 2316 1608 εὶς
2345 1542 2452 1595 τὸν
2474 1539 2678 1594 αὶῶνα.
2702 1539 2910 1593 Οὐκοῦν
2935 1540 3029 1593 καὶ
3053 1540 3108 1593 αἱ
3162 1538 3447 1608 ἀγγελικαὶ
3499 1536 3759 1605 δυνάμεις

483 1633 548 1685 ὲκ
564 1634 659 1704 τῆς
686 1634 778 1687 τοῦ
813 1635 983 1704 Λόγου
1015 1636 1365 1707 μεταλήψεως
1422 1636 1636 1691 αἰώνιον
1700 1638 1843 1708 ζωὴν
1900 1638 2257 1709 καρποῦνται.
2307 1637 2481 1700 Μόνος
2510 1637 2619 1707 γὰρ
2651 1638 2679 1689 ὁ
2705 1636 2999 1708 μονογενὴς
3041 1634 3135 1688 τοῦ
3164 1634 3299 1688 Θεοῦ
3359 1634 3530 1702 Λόγος
3575 1632 3759 1703 πάσης

482 1728 703 1799 λογικῆς
748 1729 933 1794 οὐσίας
985 1731 1271 1803 Θρεπτικὸς
1320 1732 1595 1803 τυγχάνει.
1655 1734 1853 1801 Διόπερ
1911 1734 2154 1804 ἀκριϐῶς
2216 1734 2250 1804 ἡ
2320 1732 2580 1803 Ἐὁραῖκὴ
2636 1731 2941 1800 ἀνάγνωσις
3012 1732 3072 1784 ὲν
3110 1732 3221 1794 τοίς
3277 1727 3656 1801 προκειμένοις
3690 1725 3756 1779 οὔ

483 1821 723 1893 περιέχει
740 1822 818 1887 τὸ,
858 1825 1063 1892 Ἄρτον
1090 1824 1363 1894 ἀγγέλων
1388 1826 1610 1896 ἔφαγεν
1629 1825 1958 1894 ἄνθρωπος.

555 1939 723 1995 Vsus.
771 1940 961 1995 26-51.
1003 1942 1221 1996 Cibaria
1275 1944 1420 1997 misit
1470 1945 1543 1997 eis
1599 1942 1668 1996 ad
1712 1946 2069 1998 saturitatem.
2108 1953 2146 2005 Β

484 2035 783 2091 Transtulit
809 2036 1063 2090 Austrum
1085 2038 1148 2092 de
1180 2038 1327 2100 cazlo,
1352 2048 1401 2092 et
1426 2038 1635 2092 induxit
1675 2040 1730 2092 in
1758 2039 1950 2092 virtute
1972 2056 2071 2092 sua

482 2128 748 2196 Africum.
788 2126 857 2181 Et
883 2130 1013 2196 pluit
1058 2145 1214 2198 super
1255 2147 1343 2184 eos
1391 2132 1529 2184 sicut
1565 2131 1827 2199 pulverem
1860 2147 2068 2196 carnes,

483 2230 534 2274 et
566 2221 700 2273 sicut
728 2236 947 2273 arenam
971 2223 1201 2275 marium
1222 2224 1464 2277 volatilia
1491 2233 1722 2291 pennata
1750 2239 1767 2276 .'
1793 2234 1840 2277 et
1869 2224 2072 2277 cecide-

481 2321 607 2365 runt
642 2313 694 2365 in
746 2311 918 2365 medio
950 2322 1249 2366 castrorum
1299 2330 1502 2373 eorum,
1546 2314 1688 2366 circa
1725 2314 2071 2367 tabernacula

479 2418 681 2456 eorum.
721 2401 787 2454 Et
826 2402 1273 2456 manducaverunt
1307 2414 1353 2457 et
1382 2405 1613 2458 saturati
1654 2414 1775 2458 sunt
1816 2404 1993 2466 nimis,
2020 2412 2069 2457 et

481 2493 801 2547 desiderium
846 2513 1026 2556 eorum
1062 2500 1244 2552 attulit
1288 2501 1363 2553 eis
1388 2539 1402 2562 ,
1456 2516 1557 2553 non
1598 2509 1721 2554 sunt
1760 2500 2003 2569 fraudati
2036 2518 2070 2555 ι

480 2585 738 2641 desiderio
771 2589 1089 2644 suo.Adhuc
1110 2608 1230 2644 esca
1265 2607 1445 2645 eorum
1472 2600 1585 2645 erat
1608 2594 1660 2644 in
1684 2609 1772 2646 ore
1808 2593 2066 2659 ipsorum,

483 2690 533 2733 et
572 2680 653 2732 ira
690 2678 783 2733 Dei
829 2680 1063 2733 ascendit
1094 2696 1249 2749 super
1277 2697 1404 2735 eos:
1446 2692 1493 2735 et
1530 2682 1721 2736 occidit
1762 2681 1939 2751 plures
1980 2698 2069 2735 eo-

484 2786 624 2833 rum,
661 2780 710 2823 et
758 2770 946 2824 electos
993 2770 1168 2824 Israel
1218 2771 1504 2841 impedivit.
1538 2771 1695 2838 Quod
1745 2788 1853 2825 non
1906 2772 2068 2826 modo

483 2880 701 2935 panem.
738 2863 836 2919 sed
864 2864 1027 2919 etiam
1057 2864 1346 2933 opsonium
1378 2864 1758 2935 procuraverit
1790 2864 1871 2919 eis
1910 2864 2069 2918 docet

482 2956 1041 3026 Moysis-Scriptura,
1076 2956 1134 3010 in
1167 2955 1355 3017 Exodo
1397 2956 1617 3025 quidem
1648 2957 1837 3013 dicens
1870 2958 1913 2988 ’⁷
1950 2977 1960 3012 :
2001 2951 2066 3010 Et

479 3047 729 3101 dixerunt
766 3045 975 3117 Moyses
1008 3057 1061 3102 et
1094 3048 1274 3102 Aaron
1304 3048 1373 3102 ad
1407 3058 1574 3102 totum
1604 3058 1798 3102 coetum
1830 3048 2067 3117 ﬁliorum

482 3136 693 3193 Israel:
724 3138 938 3208 Vespere
968 3140 1143 3194 scietis
1169 3141 1306 3209 quod
1339 3139 1594 3192 Dominus
1622 3139 1860 3193 eduxerit
1894 3156 1980 3192 vos
2004 3138 2067 3192 de

485 3238 628 3283 terra
654 3228 905 3299 Egypti;
935 3246 1088 3283 mane
1111 3238 1287 3283 autem
1313 3229 1553 3283 videbitis
1576 3230 1802 3300 gloriam
1833 3229 2062 3291 Domini,

481 3322 609 3393 quia
643 3321 846 3374 audivit
885 3337 1037 3375 onme
1086 3337 1327 3374 murmur
1369 3330 1619 3375 vestrum.
1674 3320 1834 3373 Dabit
1881 3322 2067 3390 quippe

483 3413 628 3467 vobis
676 3412 930 3466 Dominus
974 3427 1176 3480 vespere
1216 3427 1399 3465 carnes
1437 3412 1504 3465 ad
1546 3411 1990 3476 manducandum,
2022 3423 2070 3465 et

488 3520 643 3558 mane
670 3518 829 3571 panes
853 3502 921 3556 ad
942 3504 1299 3557 saturitatem.
1326 3501 1520 3557 Postea
1542 3518 1670 3556 vero
1687 3502 1965 3573 subjungit
1988 3502 2031 3532 "
2054 3519 2066 3554 :

486 3594 557 3649 Et
581 3596 782 3664 factum
824 3605 902 3649 est
935 3611 1158 3663 vespere,
1192 3604 1242 3649 et
1267 3594 1501 3649 ascendit
1549 3595 1813 3659 coturnix,
1854 3603 1903 3648 et
1952 3610 2073 3663 ope-

484 3688 594 3742 ruit
622 3699 804 3744 castra
833 3703 851 3741 :
876 3704 1027 3741 mane
1054 3704 1169 3741 vero
1210 3703 1297 3741 ros
1318 3687 1490 3756 jacuit
1520 3687 1573 3739 in
1614 3686 1835 3739 circuitu
1864 3696 2072 3740 castro-

482 3791 709 3837 rum:et
736 3797 853 3837 ecce
877 3783 935 3835 in
978 3780 1112 3851 [acie
1128 3779 1451 3842 solitudinis,
1497 3779 1666 3832 tenuis
1708 3779 1844 3831 sicut
1876 3778 2069 3846 pulvis,

483 3872 637 3927 albus
666 3873 801 3926 sicut
850 3872 1045 3941 pruina
1067 3886 1224 3939 super
1244 3878 1463 3925 terram.
1501 3867 1605 3923 Sed
1638 3868 1765 3939 quia
1789 3877 1979 3937 postea
2013 3867 2072 3922 in

479 3964 733 4020 Numeris
761 3964 963 4020 dictum
994 3964 1133 4020 est"
1153 3983 1241 4017 :--
1254 3962 1448 4033 Vulgus
1477 3977 1676 4032 quoque
1714 3962 2071 4029 promiscuum

479 4058 725 4128 ﬂagravit
745 4055 1045 4118 desiderio;
1076 4064 1125 4109 et
1161 4055 1395 4109 sedentes
1424 4052 1621 4122 ﬂebant
1651 4052 1753 4121 ﬁlii
1792 4050 1990 4116 Israel,
2020 4062 2068 4104 et

479 4149 725 4202 dixerunt
758 4163 777 4203 :
813 4147 944 4214 Quis
966 4146 1113 4200 dabit
1144 4147 1291 4201 nobis
1325 4148 1552 4201 carnes?
1598 4143 1958 4209 Recordamur
1987 4145 2071 4214 pi-

482 4240 653 4293 scium
688 4256 817 4309 quos
847 4237 1244 4293 comedebamus
1271 4240 1327 4291 in
1354 4236 1586 4308 Egypto
1615 4238 1808 4308 gratis,
1835 4247 1883 4291 et
1909 4253 2070 4290 cucu-

481 4347 647 4384 meres
670 4340 717 4384 et
748 4345 963 4399 pepones
989 4339 1038 4383 et
1060 4346 1246 4398 porros
1276 4338 1325 4383 et
1345 4344 1482 4398 cepe.
1510 4328 1668 4382 Nunc
1690 4338 1863 4381 autem
1887 4329 2068 4381 anima

479 4432 665 4474 ηοςινα
693 4418 943 4488 peranda
996 4417 1201 4474 Deinde
1230 4418 1523 4489 subjicitur
1546 4420 1590 4450 ³ο
1625 4438 1637 4473 :
1670 4418 1733 4471 Et
1761 4420 1892 4471 abiit
1920 4418 1972 4472 Μ
1982 4438 2069 4489 0y-

480 4526 562 4565 ses
593 4511 648 4563 in
673 4519 850 4564 castra
875 4511 982 4577 ipse
1011 4518 1057 4563 et
1081 4510 1308 4563 seniores
1333 4508 1524 4565 Israel.
1553 4508 1619 4561 Et
1647 4510 1866 4578 spiritus
1893 4526 2069 4580 egres-

2256 1944 2667 2015 Ἐπισιτισμδν
2717 1941 3075 1996 ἀπέστειλεν
3119 1940 3324 2006 αὐτοῖς
3363 1941 3449 2005 είς
3485 1942 3755 2007 πλησμο-

2172 2037 2305 2103 νήν.
2380 2038 2627 2107 Ἁπῆρεν
2675 2038 2869 2091 Νότον
2894 2034 2963 2099 ἐξ
3011 2034 3291 2102 οὐρανοῦ,
3322 2034 3420 2086 καὶ
3456 2030 3756 2102 ἐπήγαγεν

2170 2129 2239 2182 ἐν
2272 2128 2346 2198 τῇ
2383 2129 2633 2198 δυνάμει
2668 2127 2853 2182 αὐτοῦ
2890 2127 3060 2182 Λίϐα.
3091 2126 3201 2180 Καὶ
3246 2124 3487 2194 ἔϐρεξεν
3526 2125 3616 2177 ἐπ’
3643 2126 3754 2178 αὑ-

2170 2220 2311 2285 τοὺς
2341 2219 2483 2273 ὡσεὶ
2531 2220 2683 2289 χοῦν
2715 2217 2967 2286 σάρκας,
3002 2217 3101 2272 καὶ
3128 2217 3268 2271 ὡσεὶ
3308 2217 3506 2286 ἅμμον
3532 2219 3753 2271 θαλασ-

2170 2311 2299 2365 σῶν
2327 2313 2565 2366 πετεινὰ
2594 2309 2857 2378 πτερωτά
2876 2327 2889 2341 ⁸
2920 2312 3015 2364 καὶ
3037 2311 3335 2364 ἐπέπεσεν
3362 2311 3432 2363 ἐν
3452 2308 3620 2379 μέσῳ
3645 2308 3751 2376 τῆς

2170 2403 2549 2474 παρεμϐολῆς
2581 2401 2797 2465 αὐτῶν,
2831 2403 3034 2468 κύκλῳ
3063 2402 3184 2456 τῶν
3214 2401 3619 2472 σκηνωμάτων
3651 2405 3749 2456 αὐ-

2170 2496 2305 2553 τῶν.
2332 2498 2442 2551 Καὶ
2462 2496 2688 2565 ἔφαγον
2719 2495 2817 2549 καὶ
2847 2495 3324 2564 ἐνεπλήσθησαν
3362 2494 3617 2564 σφόδρα,
3658 2496 3749 2548 καὶ

2150 2591 2285 2657 ,τὴν
2309 2590 2627 2659 ἐπιθυμίαν
2670 2588 2869 2643 αὐτῶν
2906 2588 3159 2657 ἤνεγκεν
3194 2588 3418 2654 αὐτοῖς,
3448 2591 3560 2641 οὐκ
3589 2589 3748 2641 ἐστε-

2162 2679 2446 2748 ρήθησαν
2512 2678 2631 2733 ἀπὸ
2685 2678 2795 2746 τῆς
2847 2679 3163 2747 ἐπιθυμίας
3208 2676 3427 2731 αὐτῶν.
3472 2679 3593 2731 Ἔτι
3644 2676 3749 2744 τῆς

2164 2773 2446 2840 ,ϐρώσεως
2473 2772 2665 2839 οὔσης
2690 2771 2761 2824 ἐν
2786 2768 2866 2835 τῷ
2897 2770 3147 2839 στόματι
3171 2767 3368 2822 αὐτῶν
3398 2768 3495 2821 καὶ
3524 2771 3560 2837 ἠ
3607 2770 3747 2838 ὀργὴ

2168 2865 2274 2920 τοῦ
2330 2864 2477 2920 Θεοῦ
2536 2864 2721 2930 ἀνέϐη
2766 2864 2860 2916 ἐπ’
2903 2862 3153 2929 αὐτούς·
3183 2862 3277 2915 καὶ
3305 2862 3751 2916 ἀπέκτεινενέν

2169 2956 2295 3023 τοῖς
2342 2957 2625 3011 πλείοσιν
2687 2954 2907 3019 αὐτῶν,
2944 2954 3044 3007 καὶ
3085 2953 3227 3019 τοὺς
3281 2954 3601 3019 ἐκλεκτοὺς
3646 2952 3749 3006 τοῦ

2185 3051 2432 3119 Ἰσραὴλ
2466 3048 2894 3104 συνεπόδισεν.
2933 3048 3055 3100 Ὅτι
3090 3047 3165 3118 μὴ
3200 3046 3357 3117 μόνου
3403 3048 3590 3118 ἄρτου,
3618 3046 3751 3099 ἀλλὰ

2169 3146 2263 3199 καὶ
2290 3145 2419 3214 ὄψου
2442 3144 2769 3216 προενόησεν
2803 3144 3004 3206 αὐτοῖς,
3036 3142 3384 3196 διδάσκεικαὶ
3421 3144 3453 3210 ή
3512 3142 3751 3205 Μωσέως

2169 3237 2453 3309 Γραφὴ,ὲν
2482 3236 2577 3306 μὲν
2606 3235 2800 3305 Ἐξὸδῳ
2829 3235 3079 3303 λέγουσα·
3117 3234 3229 3289 Kal
3264 3230 3393 3288 εἷπε
3405 3231 3627 3300 Μωσῆς
3653 3235 3749 3289 καὶ

2186 3328 2401 3397 Ἀαρὼν
2428 3328 2569 3395 πρὸς
2628 3328 2835 3381 πᾶσαν
2866 3326 3227 3399 συναγωγὴν
3280 3325 3427 3380 υίῶν
3479 3327 3744 3394 Ἰσραήλ·

2183 3418 2479 3487 Ἑσπέραν
2518 3418 2844 3488 γνώσεσθε,
2880 3418 2969 3471 ὅτι
3005 3420 3221 3485 Κύριος
3273 3416 3567 3486 ἐξήγαγεν
3595 3414 3750 3485 ὑμᾶς

2170 3512 2239 3565 ἐκ
2271 3510 2377 3582 τῆς
2401 3512 2706 3580 Αἰγύπτου
2723 3527 2736 3541 ο
2763 3510 2913 3579 πρωῒ
2936 3509 3004 3563 δὲ
3027 3510 3253 3580 ὄψεσθε
3284 3509 3397 3577 τὴν
3420 3509 3608 3572 δόξαν
3639 3511 3754 3561 Κυ·

2163 3604 2322 3672 ρίου,
2345 3606 2414 3657 ἐν
2441 3602 2521 3669 τῷ
2550 3603 2907 3657 εἰσακοῦσαι
2943 3601 3130 3657 αὐτὸν
3156 3601 3351 3656 πάντα
3399 3601 3509 3655 τὸν
3551 3618 3752 3671 γογγυ-

2172 3696 2330 3764 σμόν
2354 3695 2542 3765 ὑμῶν,
2567 3696 2637 3749 ἐν
2659 3694 2739 3760 τῷ
2764 3694 2994 3749 διδόναι
3022 3694 3129 3749 τὸν
3161 3695 3382 3761 Κύριον
3403 3693 3545 3762 ὑμῖν
3570 3690 3751 3746 ἐσπέ-

2165 3804 2280 3856 ρας
2309 3786 2453 3856 κρέα
2487 3786 2719 3856 φαγεῖν,
2777 3784 2876 3840 καὶ
2922 3784 3143 3854 ἄρτους
3192 3784 3255 3837 τὸ
3281 3783 3434 3853 πρωῒ
3476 3786 3562 3847 εις
3601 3786 3752 3849 πλη-

2171 3881 2429 3951 σμονήν.
2446 3882 2553 3935 Καὶ
2577 3879 2816 3947 ἐπιλέγει
2834 3878 2977 3948 ἑξῆς·
3008 3878 3117 3931 Καὶ
3139 3876 3375 3947 ἐγένετο
3402 3874 3752 3942 ἐσπέρα,και

2170 3972 2352 4040 ἀνέϐη
2378 3971 2801 4042 ὀρτυγομήτρα,
2817 3972 2915 4024 καὶ
2929 3970 3198 4038 ἐκάλυψε
3217 3967 3331 4037 τὴν
3346 3966 3748 4036 παρεμϐολήνο

2170 4063 2238 4117 τὸ
2262 4064 2410 4131 πρωϊ
2421 4062 2490 4114 δέ
2507 4061 2744 4132 ἐγένετο
2761 4060 3255 4129 καταπαυομένης
3270 4056 3378 4126 τῆς
3400 4059 3624 4126 δρόσου
3648 4057 3751 4111 κύο

2171 4159 2297 4224 κλφ
2315 4155 2425 4224 τῆς
2456 4154 2861 4225 παρεμϐολῆς·
2900 4156 2998 4208 καὶ
3026 4154 3153 4208 ἰδοὺ
3168 4155 3264 4208 ἐπὶ
3290 4152 3613 4221 προσώπου
3643 4151 3750 4221 τῆς

2171 4248 2413 4318 ἐρήμου,
2442 4246 2671 4301 λεπτὸν
2696 4247 2837 4300 ὡσεὶ
2869 4247 3095 4308 κόνιον,
3136 4245 3361 4300 λευκὸν
3388 4246 3531 4298 ὡσεὶ
3563 4243 3749 4314 πάγος

2170 4340 2270 4393 ἐπὶ
2299 4338 2407 4408 τῆς
2462 4340 2595 4410 τῆς.
2644 4340 2783 4392 Ἀλλ’
2811 4341 2997 4411 ἐπειδὴ
3040 4339 3180 4411 μετὰ
3222 4338 3394 4393 ταῦτα
3427 4338 3641 4411 εἴρηται
3694 4339 3750 4390 ὲν

2186 4433 2241 4486 Ἀ
2254 4432 2335 4505 ριο
2345 4433 2671 4503 μοῖςσ-Καὶ
2690 4438 2721 4488 ό
2735 4434 2835 4487 ἐπί
2833 4450 3042 4503 μικτος
3063 4433 3133 4487 ἐν
3155 4432 3359 4497 αὐτοῖς
3374 4432 3748 4500 ἐπεθύμησεν

2171 4521 2507 4591 ἐπιθυμίαν,
2540 4522 2635 4575 καὶ
2650 4524 3009 4589 καθίσαντες
3035 4523 3260 4576 ἔκλαον
3288 4527 3339 4576 οἱ
3356 4522 3466 4575 υἱοὶ
3486 4520 3747 4589 Ἰσραὴλ,

481 4620 573 4657 sus
604 4612 682 4657 est
730 4620 763 4657 a
798 4602 1049 4665 Domino,
1080 4611 1129 4656 et
1176 4603 1352 4657 emisit
1389 4604 1709 4656 coturnicem
1748 4620 1778 4656 a
1826 4604 1983 4668 mari,
2015 4612 2065 4658 et

2172 4614 2269 4667 καὶ
2293 4610 2490 4677 εἶπαν,
2528 4615 2622 4680 Τίς
2654 4617 2911 4684 ψωμίσει
2940 4615 3084 4683 ἡμῖν
3107 4614 3289 4683 κρέα;
3334 4613 3748 4683 Ἐμνήσθημεγ

478 4697 661 4765 injecit
692 4696 748 4749 in
778 4705 958 4749 castra
988 4696 1173 4750 itinere
1199 4696 1355 4749 unius
1383 4696 1487 4749 diei
1524 4696 1579 4748 in
1602 4696 1824 4748 circuitu
1856 4706 2063 4749 castro-

478 4804 619 4850 rum,
652 4790 806 4858 quasi
838 4786 1043 4842 duobus
1082 4786 1270 4841 cubitis
1301 4803 1457 4857 super
1487 4798 1705 4842 terram.
1733 4787 1799 4841 Et
1844 4806 2061 4859 surgens

476 4880 699 4951 populus
724 4889 831 4933 toto
856 4879 941 4932 die
968 4879 1061 4933 illo
1085 4888 1135 4933 et
1160 4890 1328 4941 nocte,
1352 4881 1681 4951 congregazit
1710 4883 2062 4951 unusquisque

477 4970 615 5040 quod
644 4970 927 5039 suﬂ‘iciebat
960 4986 978 5023 :
1013 4971 1101 5041 qui
1149 4970 1394 5032 multum,
1440 4988 1544 5024 non
1572 4971 2059 5040 superabundavit;

474 5073 525 5116 et
544 5063 634 5132 qui
663 5077 874 5130 parum,
894 5079 997 5115 non
1023 5063 1267 5132 indiguit.
1287 5063 1391 5129 Qui
1422 5080 1631 5133 parum,
1652 5065 1855 5134 collegit
1883 5065 2058 5121 decem

475 5172 647 5209 coras.
674 5154 742 5207 Et
766 5156 979 5209 siccata:
1011 5166 1131 5209 sunt
1158 5157 1212 5209 in
1230 5157 1367 5210 vasis
1404 5157 1455 5209 in
1488 5157 1710 5210 circuitu
1738 5168 2055 5223 castrorum,

475 5264 593 5316 qua:
622 5247 845 5302 aderant
878 5264 1083 5311 carnes,
1138 5258 1412 5318 antequam
1442 5249 1744 5318 deﬁcerent.
1770 5250 1837 5305 Et
1886 5253 2057 5307 iratus

474 5342 553 5386 est
588 5333 889 5390 Dominus:
919 5347 968 5390 et
1020 5347 1259 5390 vocatum
1297 5348 1374 5391 est
1414 5355 1598 5394 nomen
1631 5340 1731 5393 loci
1764 5340 1930 5404 illius,
1965 5341 2059 5395 Se-

472 5426 663 5493 pulcra
703 5430 1156 5498 concupiscentiw,
1181 5431 1307 5500 quia
1344 5432 1420 5484 ibi
1464 5433 1775 5501 sepelierunt
1806 5436 2057 5504 populum

472 5520 562 5587 qui
609 5523 1387 5593 concupiverat;—opportuue
1415 5526 1863 5595 igiturulausula,
1893 5543 2055 5596 quam

476 5619 800 5675 tractamus,
834 5614 949 5669 btec
981 5614 1139 5670 docet
1163 5617 1248 5670 his
1284 5619 1467 5673 verbis
1500 5637 1512 5670 ε
1551 5618 1771 5673 Cibaria
1802 5621 1946 5673 misit
1980 5621 2055 5673 eis

475 5702 545 5755 ad
574 5707 934 5771 saturitatem,
961 5716 1015 5763 et
1042 5719 1257 5764 cmtera.
1291 5709 1460 5766 Docet
1482 5719 1665 5765 autem
1692 5713 1929 5767 volatilia
1964 5714 2056 5767 illa

548 5825 594 5901 ff
613 5821 770 5901 ἔγημε
803 5824 992 5901 v_u._3s.
1069 5829 1113 5861 τι
1149 5828 1373 5885 ibid.35.
1480 5832 1526 5864 η
1551 5829 1682 5887 ibid.
1714 5831 1909 5901 51,52.

478 5894 522 5926 ³⁸
552 5892 682 5949 ibid.
709 5894 797 5953 50.
828 5896 917 5952 54.

2024 5835 2066 5864 ’⁷
2091 5834 2261 5891 Exod.
2294 5851 2406 5903 xvn,
2448 5834 2565 5892 6-8.

2168 4702 2311 4768 τοὺς
2340 4705 2568 4771 ἰχθύας,
2617 4703 2724 4769 οὓς
2760 4704 3052 4772 ῆσθίομεν
3083 4705 3155 4757 ἐν
3185 4703 3462 4771 Αἰγύπτῳ
3502 4701 3747 4768 δωρεὰν,

2167 4795 2266 4847 καὶ
2295 4794 2438 4861 τοὺς
2462 4794 2733 4861 σικυοὺς,
2750 4796 2847 4849 καὶ
2877 4795 3019 4861 τοὺς
3059 4794 3349 4860 πέπονας,
3372 4794 3471 4847 καὶ
3499 4794 3573 4847 τὰ
3608 4792 3748 4860 πρά-

2166 4901 2269 4950 σα,
2299 4887 2397 4940 καὶ
2428 4888 2500 4940 τὰ
2521 4888 2767 4956 κρόμυα.
2782 4888 2935 4941 Νυνὶ
2959 4887 3026 4941 δέ
3052 4890 3089 4957 ὴ
3109 4886 3280 4956 ψυχὴ
3313 4885 3481 4956 νήμῶν
3496 4884 3749 4951 κατάξη-

2156 4998 2285 5048 ρος.
2313 4976 2446 5032 Εἶτα
2464 4980 2771 5048 ὲπιλέγεται
2806 4982 2957 5052 ἑξῆς
2990 4982 3101 5034 Καὶ
3134 4980 3370 5049 ἀπῆλθε
3390 4977 3615 5045 Μωσῆς
3664 4980 3750 5042 εἰς

2165 5073 2280 5141 τὴν
2308 5073 2713 5143 παρεμϐολὴν,
2751 5073 2934 5140 αὐτὸς
2973 5074 3071 5127 καὶ
3121 5076 3177 5127 οἱ
3223 5074 3609 5141 πρεσϐύτεροι
3642 5069 3750 5124 τοῦ

2179 5165 2444 5232 Ἰσραήλ.
2464 5166 2571 5220 Καὶ
2587 5167 2819 5235 πνεῦμα
2844 5167 3065 5235 ἐξῆλθε
3077 5166 3235 5236 παρὰ
3250 5168 3493 5235 Κυρίου,
3512 5166 3609 5219 καὶ
3626 5165 3751 5230 ἐξέ-

2166 5258 2389 5323 ϐρασεν
2405 5258 2847 5327 ὀρτυγομήτραν
2860 5258 2977 5312 ἀπὸ
2998 5257 3105 5326 τῆς
3124 5257 3463 5324 θαλάσσης,
3500 5257 3597 5310 καὶ
3613 5255 3749 5309 ἐπέ-ο

2166 5348 2350 5400 ϐαλεν
2376 5349 2471 5403 ἐπὶ
2497 5349 2611 5416 τὴν
2632 5350 3016 5417 παρεμϐολὴν
3027 5349 3171 5403 ὁδὸν
3201 5349 3448 5419 ἡμέρας,
3470 5349 3750 5403 ἐντεῦθεν

2165 5440 2369 5503 κύκλῳ
2398 5439 2507 5507 τῆς
2536 5442 2913 5510 παρεμϐολῆς
2932 5442 3073 5495 ὡσεὶ
3089 5441 3319 5509 δίπηχυ
3346 5443 3461 5496 ἀπὸ
3480 5440 3589 5509 τῆς
3615 5440 3743 5510 γῆς-

2165 5530 2271 5583 Kal
2299 5531 2567 5597 ἀναστὰς
2592 5535 2623 5585 ό
2642 5533 2785 5597 λαὸς
2823 5534 2978 5599 ὅλην
2995 5532 3109 5601 τὴν
3128 5534 3356 5602 ἡμέραν
3388 5534 3628 5600 ἐκείνην
3648 5531 3745 5584 καὶ

2165 5621 2318 5688 ὅλην
2342 5622 2455 5690 τὴν
2481 5625 2692 5689 νύκτα,
2731 5626 2830 5687 καὶ
2872 5624 3221 5694 συνήγαγεν
3252 5626 3513 5690 ἕκαστος
3546 5626 3610 5677 τὸ
3640 5625 3745 5692 ἀρ-

2163 5714 2342 5768 κοῦν
2377 5720 2410 5769 ό
2441 5715 2507 5768 τὸ
2534 5717 2691 5769 πολὺ
2719 5720 2827 5769 οὐκ
2858 5717 3219 5781 ἐπλεόνασε,
3248 5718 3343 5770 nr”
3380 5721 3411 5771 ό
3444 5716 3506 5769 τὸ
3538 5718 3748 5784 ὀλίγον

2671 5834 2892 5905 "ibid.,
2931 5835 3016 5899 l3,
3058 5836 3213 5889 14-6.
3327 5836 3371 5867 ²⁹
3392 5832 3556 5890 Num.
3585 5834 3740 5899 “,4.
