4078 6432
340 407 440 460 9'2!

1453 400 1964 460 COMMENTAth
2002 397 2073 456 ΙΝ
2112 396 2453 456 PSALMOS.

3514 392 3622 451 922

337 524 451 578 οὐκ
469 516 886 591 ἠλαττόνησεν
900 535 916 551 ’
941 521 975 574 ό
991 519 1061 575 τὸ
1088 519 1631 593 ὀλίγονβυιῆγατε
1652 523 1799 578 δέκα
1822 525 1921 578 κό-

2023 532 2187 577 vento
2203 521 2456 591 impulsa,
2476 516 2728 587 injcastra
2742 516 2911 573 fuisse
2924 515 3123 572 delata.
3143 512 3457 570 Secundum
3470 513 3624 586 Sym-

333 634 500 688 ρους.
558 619 668 670 Kal
721 616 953 686 ἔψυξεν
982 616 1053 669 ἐν
1080 616 1205 682 τοῖς
1233 617 1542 686 ψυκτῆρσι
1575 619 1781 681 κύκλῳ
1814 617 1926 686 τῆς

338 706 721 778 παρεμϐολῆς
764 706 837 761 τὰ
858 706 1004 776 κρέα
1041 703 1123 778 ἦν
1156 708 1290 775 πρὶν
1326 708 1366 775 ἢ
1395 708 1666 763 ἐκλιπεῖν
1694 709 1793 780 (1).
1818 708 1928 762 Kal

341 798 604 869 ὠργίσθη
635 799 872 866 Κύριος.
904 798 1009 851 Kal
1039 796 1267 867 ἐκλήθη
1302 797 1368 851 τὸ
1397 798 1582 868 ὄνομα
1616 798 1724 852 τοῦ
1742 798 1928 853 τόπου

335 894 595 956 ἐκείνου,
626 892 920 961 Μνήματα
938 892 1274 961 ἐπιθυμίας,
1303 890 1782 959 ὅτιέκεῖὲθαψαν
1820 890 1930 944 τὸν

332 984 490 1038 λαὸν
516 983 623 1037 τέν
650 982 1343 1053 ἐπιθυμητήν-εἰκότως
1373 978 1466 1037 οὖν
1482 984 1577 1037 καὶ¹
1605 984 1639 1054 ἡ
1664 981 1803 1054 μετά
1828 985 1931 1054 χεῖο

340 1091 439 1146 ρας
491 1076 766 1147 περικοπή
836 1074 1077 1129 διδάσκει
1134 1073 1308 1127 ταῦτα
1374 1073 1641 1143 λέγουσα’
1712 1074 1931 1128 Ἐπισι-

336 1166 551 1236 τισμὸν
576 1166 937 1222 ἀπέστειλεν
969 1166 1176 1234 αὐτοῖς
1197 1168 1285 1233 εὶς
1317 1165 1713 1236 πλησμονὴν,
1747 1168 1841 1221 καὶ
1861 1166 1931 1220 τὰ

337 1258 483 1328 ἑξῆς.
543 1259 905 1323 Διδάσκειοδὲ,
937 1260 1013 1323 ὼς
1038 1259 1149 1332 ἄρα
1193 1259 1283 1313 ὑπ’
1316 1260 1535 1331 ἀνέμων
1592 1261 1932 1333 ἐλαυνόμενα

334 1347 403 1402 τά
436 1341 613 1422 πτηνά
647 1350 979 1422 κατεφέρετο
1006 1352 1087 1413 είς
1105 1350 1205 1421 τὴν
1233 1350 1609 1423 παρεμϐολήν.
1641 1353 1753 1405 Καὶ
1786 1352 1930 1421 κατά

334 1440 425 1494 τὸν
450 1442 745 1513 Σύμμαχον
779 1442 837 1496 δὲ
880 1441 1125 1515 εἴρηται·
1164 1444 1269 1509 Ὃς
1313 1440 1463 1514 ἦρεν
1490 1440 1691 1512 Εὗρον
1731 1444 1801 1509 ἐξ
1831 1448 1931 1500 οὐ-

329 1534 540 1602 ρανοῦ,
568 1534 665 1588 καί
694 1534 995 1605 ἐπήγαγεν
1023 1535 1095 1588 ὲν
1130 1533 1206 1604 τῇ
1243 1535 1573 1603 δυναστείᾳ
1611 1537 1798 1592 αὐτοῦ
1826 1538 1933 1591 Νό-

336 1622 461 1691 τον,
497 1628 641 1681 ὡσεί
666 1628 862 1697 ἅμμον
877 1630 1209 1685 θαλασσιῖψ
1232 1628 1474 1683 πετεινὰ
1503 1630 1788 1699 πτερωτά.
1819 1631 1929 1686 Καὶ

332 1717 627 1773 ἐπέϐαλεν
645 1718 826 1773 ἔνδον
849 1721 936 1785 εὶς
955 1717 1069 1787 τὴν
1097 1718 1489 1789 παρεμϐολὴν
1501 1718 1701 1775 αὐτῶν
1727 1720 1933 1788 κύκλῳ

332 1808 451 1862 τῶν
476 1810 740 1879 σκηνῶν.
776 1812 887 1865 Kal
912 1811 1231 1880 φαγόντες,
1266 1810 1745 1880 ἐνεπλήσθησαν
1774 1813 1929 1880 σφό-

331 1900 444 1969 δρα
467 1917 480 1929 ⁸
506 1900 609 1954 καί
658 1900 773 1971 τὴν
802 1902 1123 1971 ἐπιθυμίαν
1158 1901 1358 1957 αὐτῶν
1402 1902 1659 1973 ἤνεγκεν
1702 1903 1926 1969 αὐτοῖς,

2029 614 2286 668 machum
2300 627 2429 668 vero
2444 611 2650 665 dicitur
2678 607 2813 676 τρυε
2840 609 2962 663 tulit
2985 606 3189 662 Eurum
3207 606 3271 662 de
3288 607 3436 669 caelo,
3465 617 3514 660 et
3537 608 3623 661 in-

2026 705 2181 757 duxit
2229 705 2287 757 in
2317 703 2508 758 virtute
2556 718 2654 755 sua
2698 700 2924 766 Notum,
2961 700 3117 771 quasi
3142 716 3357 755 arenam
3392 702 3619 755 marium

2027 798 2270 854 volatilia
2311 806 2563 867 pennata.
2601 796 2671 851 Et
2701 798 2877 867 injecit
2924 796 3066 850 intus
3096 796 3152 848 in
3181 804 3364 849 castra
3414 810 3617 860 eorum,

2026 893 2084 946 in
2114 892 2338 945 circuitu
2375 890 2857 946 tabernaculorum.
2885 888 2954 942 Et
2976 888 3356 942 manducantes
3387 891 3619 943 saturati

2027 993 2151 1038 sunt
2173 982 2324 1037 valde
2352 998 2369 1036 :
2395 992 2443 1037 et
2466 981 2941 1050 concupiscentiam
2968 996 3151 1034 eorum
3179 978 3360 1033 attulit
3385 980 3482 1043 eis,
3514 996 3619 1034 non

2028 1076 2343 1131 abstiterunt
2384 1092 2418 1129 a
2472 1074 2894 1144 concupiscentia
2941 1090 3061 1127 sua.
3096 1071 3230 1129 Cum
3281 1073 3454 1127 adhuc
3496 1090 3621 1128 esca

2027 1186 2209 1224 eorum
2230 1178 2364 1224 esset
2397 1186 2450 1221 in
2481 1168 2722 1222 dentibus
2755 1184 2960 1233 eorum,
2983 1167 3067 1220 ira
3102 1166 3267 1237 igitur
3296 1166 3393 1220 Dei
3423 1167 3619 1220 invasit

2025 1261 2172 1329 illos,
2204 1269 2254 1315 et
2288 1259 2482 1313 occidit
2511 1260 2812 1329 pinguiores
2840 1274 3043 1323 eorum,
3067 1266 3116 1312 et
3130 1257 3373 1326 juniores
3398 1257 3618 1312 Israelis

2028 1356 2338 1423 prostravit.
2372 1352 2499 1408 llaac
2519 1368 2684 1424 porro
2707 1354 2832 1422 jure
2863 1353 3013 1424 passi
3036 1360 3186 1406 sunt.
3217 1350 3354 1404 Nam
3388 1352 3479 1406 ille
3504 1352 3621 1422 qui-

2030 1446 2152 1502 dem
2189 1446 2256 1500 ad
2284 1446 2538 1517 potentia).
2566 1460 2682 1502 sua:
2709 1446 2974 1501 indicium
3004 1441 3330 1498 mirabiliter
3362 1444 3453 1497 illa
3488 1459 3620 1514 sup—

2030 1537 2331 1608 peditavit;
2354 1536 2458 1607 ipsi
2484 1552 2613 1593 vero
2634 1537 2977 1592 insaturabili
3002 1538 3252 1593 carnium
3280 1535 3620 1590 comestione

2033 1630 2139 1695 usi,
2180 1630 2567 1687 intestinorum
2608 1630 2801 1684 morbo
2834 1631 3148 1700 perierunt:
3187 1629 3392 1701 ingenti
3447 1627 3618 1681 mira-

2031 1726 2157 1779 culo
2192 1739 2302 1778 non
2350 1724 2595 1778 animum
2650 1721 2997 1782 adhibentes.
3041 1736 3144 1776 nec
3199 1720 3428 1792 gloriam
3482 1718 3618 1775 tanti

2031 1812 2266 1883 prodigii
2317 1814 2529 1868 auctori
2570 1812 2913 1879 referentes;
2947 1812 3043 1868 sed
3090 1813 3187 1866 toti
3219 1811 3481 1866 carnibus
3525 1810 3621 1866 de-

2034 1903 2159 1969 diti,
2184 1920 2342 1959 suam
2372 1905 2475 1960 sibi
2505 1905 2800 1975 perniciem
2832 1912 3222 1975 procurarunt.

332 1996 445 2048 οὑκ
484 1992 847 2063 ἀπέστησαν
901 1993 1013 2063 τῆς
1061 1995 1377 2065 ἐπιθυμίας
1405 1996 1625 2054 αὐτῶν.
1667 1998 1788 2050 Ἔτι
1815 1996 1926 2065 τῆς
1956 1997 2243 2065 ,ϐρώσεως
2302 1996 2502 2051 αὐτῶν
2547 1998 2742 2066 οὔσης
2775 1999 2846 2052 ὲν
2890 1998 3015 2065 τοῖς
3084 1998 3337 2054 ὀδοῦσιν
3397 1999 3617 2061 αὐτῶν,

330 2090 479 2161 ὀργὴ
531 2087 647 2146 οὖν
698 2092 846 2146 Θεοῦ
900 2091 1167 2161 ἐπῆλθεν
1212 2092 1436 2161 αὐτοῖς,
1478 2094 1577 2147 καί
1610 2093 1926 2150 ἀπέκτεινε
1959 2094 2105 2160 τοὺς
2159 2093 2604 2162 λιπαρωτέρους
2647 2094 2847 2149 αὐτῶν
2879 2096 2977 2149 καὶ
3046 2095 3189 2162 τοὺς
3252 2097 3619 2162 νεανίσκους

328 2184 436 2241 τοῦ
478 2184 716 2253 Ἰσραὴλ
754 2184 1015 2240 ὤκλασε.
1052 2187 1161 2239 Καὶ
1188 2185 1343 2240 ταῦτ’
1369 2186 1607 2258 ἔπασχον
1674 2187 1949 2256 εὐλόγωςο
1989 2188 2017 2236 ὁ
2054 2188 2151 2258 μὲν
2198 2187 2305 2259 γὰρ
2349 2186 2532 2250 αὐτοῖς
2577 2189 2657 2251 εὶς
2695 2186 2915 2251 ἔνδειξιν
2962 2188 3060 2259 τῆς
3104 2186 3269 2240 αὑτοῦ
3334 2187 3617 2259 δυνάμεως

330 2277 649 2350 παραδόξως
675 2280 769 2331 καὶ
794 2278 967 2332 ταῦτα
985 2282 1277 2351 παρεῖχενο
1345 2283 1393 2334 οἱ
1460 2281 1518 2334 δὲ
1582 2282 1846 2353 ἀπλήστῳ
1908 2280 2183 2353 χρώμενοι
2226 2284 2292 2352 τῇ
2342 2280 2685 2353 κρεωφαγία,
2724 2281 2990 2352 χολερικῷ
3031 2280 3193 2335 πάθει
3227 2280 3615 2350 διεφθείροντο,

334 2374 408 2447 μὴ
447 2376 806 2446 προσέχοντες
853 2376 951 2448 μὲν
1010 2376 1088 2448 τῷ
1145 2376 1238 2431 τοῦ
1296 2378 1601 2449 παραδόξου
1645 2378 1904 2450 θαύματι,
1985 2379 2121 2451 μηδὲ
2177 2376 2490 2443 δοξάζοντες
2567 2378 2659 2432 τὸν
2712 2376 3142 2445 παραδοξοποιόν
3166 2393 3179 2406 ·
3238 2375 3349 2430 ὅλοι
3400 2376 3457 2430 δὲ
3505 2374 3617 2431 τῶν

329 2470 549 2543 σαρκῶν
580 2471 911 2542 γιγνόμενοι,
947 2472 1027 2525 διὸ
1061 2473 1157 2525 καὶ
1184 2474 1503 2527 ἐπεσπῶντο
1542 2475 1754 2536 ἑαυτοῖς
1787 2472 2029 2544 ὄλεθρον.

414 2590 509 2643 Ἐν
552 2588 699 2644 πᾶσι
752 2591 986 2657 τούτοις
1038 2590 1307 2661 ἥμαρτον
1360 2592 1469 2657 έτι,
1511 2594 1607 2647 καί
1650 2596 1760 2649 οὐκ
1790 2596 1918 2649 ἐπί-

2092 2590 2261 2649 Vens.
2294 2592 2386 2657 52,
2413 2593 2504 2649 53.
2537 2591 2605 2646 In
2651 2592 2891 2647 omnibus
2922 2593 3003 2646 Itis
3040 2600 3383 2660 peccaverunt
3421 2589 3612 2651 adhuc.

326 2690 599 2729 στευσαν
627 2676 697 2729 ἐν
716 2676 836 2742 τοῖς
864 2679 1218 2746 θαυμασίοις
1247 2680 1452 2734 αὐτοῦ.
1484 2682 1594 2734 Kal
1632 2682 1919 2747 ἐξέλιπον

2021 2697 2068 2741 et
2092 2705 2195 2741 non
2222 2686 2560 2741 crediderunt
2592 2687 2644 2740 in
2679 2684 3015 2738 mirabilibus
3041 2684 3174 2753 ejus.
3213 2682 3280 2737 Et
3313 2681 3613 2752 defecerunt

326 2769 397 2822 ἐν
415 2771 764 2838 ματαιότητι
783 2774 839 2823 al
866 2769 1075 2839 ἡμέραι
1106 2772 1305 2825 αὐτῶν
1330 2773 1425 2826 καί
1458 2772 1531 2827 τὰ
1580 2774 1688 2844 ἔτη
1721 2776 1919 2831 αὐτῶν

2021 2781 2073 2833 in
2090 2781 2321 2834 vanitate
2340 2779 2452 2833 dies
2479 2794 2681 2844 eorum,
2698 2786 2747 2830 et
2763 2777 2890 2828 anni
2914 2791 3093 2828 eorum
3112 2791 3231 2827 cum
3254 2774 3609 2838 festinatione.

324 2865 475 2932 μετὰ
503 2860 804 2931 σπουδῆς.
849 2864 1194 2932 Ἐλεγκτικὸς
1236 2864 1309 2917 ὢν
1355 2865 1450 2918 καὶ
1484 2869 1917 2939 κατηγορητικὸς

328 2955 429 3024 τῆς
466 2952 734 3007 Ἰουδαίων
759 2954 1061 3025 μοχθηρίας
1082 2954 1109 3004 ὁ
1140 2955 1315 3023 λόγος,
1347 2956 1751 3027 καταρίθμησιν
1775 2960 1920 3011 ποιεῖ

328 3043 423 3097 καὶ
449 3042 560 3095 τῶν
592 3043 1139 3115 πεπλημμελημένων
1168 3045 1370 3109 αὐτοῖς,
1412 3047 1711 3117 παριστῶν,
1742 3049 1823 3101 ὃτι
1843 3048 1917 3121 μὴ

332 3135 508 3207 μάτην
538 3135 734 3199 αὐτοὺς
746 3136 813 3189 τὰ
832 3137 929 3207 τῆς
961 3138 1128 3208 ὀργῆς
1142 3136 1233 3190 τοῦ
1250 3138 1386 3191 Θεοῦ
1406 3138 1691 3211 μετῆλθεν.
1719 3140 1820 3194 Καὶ
1852 3142 1916 3213 δὴ

324 3224 588 3287 διδάσκει,
621 3225 696 3289 ὼς
727 3226 819 3279 καὶ
857 3227 993 3297 μετὰ
1020 3227 1087 3281 τὰ
1101 3228 1463 3300 προλεχθέντα
1496 3230 1696 3299 πάντα,
1730 3232 1919 3300 αὔξον-

326 3334 420 3380 τες
450 3317 656 3370 ἑαυτῶν
690 3318 757 3371 τὰ
787 3320 949 3383 κακά,
972 3320 1219 3390 ἥμαρτον
1248 3320 1354 3375 ἔτι·
1392 3322 1487 3375 καὶ
1512 3324 1779 3397 ἥμαρτον,
1798 3326 1919 3379 ἐπεὶ

328 3411 429 3462 οὐκ
472 3410 798 3463 ἐπίστευσαν
828 3414 939 3474 τοῖς
969 3412 1294 3483 θαυμασίοις
1324 3414 1511 3471 αὑτοῦ.
1542 3417 1777 3471 Τοιαῦτα
1808 3417 1917 3488 γὰρ

327 3502 622 3572 ὀφθαλμοῖς
661 3501 915 3572 ὁρῶντες,
941 3503 1199 3557 ἐνικῶντο
1219 3505 1322 3558 ὑπὸ
1342 3506 1444 3576 τῆς
1477 3507 1773 3579 ἐπιθυμίας
1817 3509 1915 3579 (2).

330 3588 484 3657 Εῗτα,
523 3595 621 3647 καὶ
650 3593 935 3659 ἐξέλιπον
964 3595 1033 3647 έν
1061 3585 1408 3665 ματαιότητι
1455 3600 1515 3651 al
1556 3598 1767 3669 ἡμέραι
1814 3602 1919 3653 αὑ-

331 3682 469 3738 τῶν.
501 3683 630 3736 Δέον
649 3682 757 3754 γὰρ
792 3682 1031 3755 θεωροὺς
1058 3683 1384 3754 γενομένους
1413 3684 1521 3738 τῶν
1542 3684 1637 3738 τοῦ
1661 3684 1797 3739 Θεοῦ
1824 3701 1920 3755 με-

329 3776 602 3847 γαλουργη
614 3777 820 3847 μάτων,
850 3776 1003 3839 ὅλους
1037 3776 1233 3841 αὐτοὺς
1260 3778 1537 3831 ἀναθεῖναι
1568 3776 1749 3849 αὐτῷ’
1782 3780 1829 3831 οί
1862 3777 1919 3831 δὲ

332 3866 663 3939 θρεμμάτων
696 3868 905 3937 ἀλόγων
942 3868 1097 3939 δίκην
1137 3872 1203 3941 τῇ
1239 3870 1347 3924 τῶν
1382 3871 1653 3942 σωμάτων
1696 3872 1919 3942 προσεῖ-

2018 2873 2153 2928 Cum
2177 2887 2357 2927 sermo
2380 2872 2434 2925 in
2471 2869 2746 2942 arguenda
2763 2877 2816 2923 et
2845 2866 3145 2922 incusanda
3172 2866 3480 2921 Iudaeorum
3512 2866 3615 2918 im-

2017 2967 2287 3035 probitate
2305 2964 2554 3025 totussit,
2582 2977 2769 3017 eorum
2802 2960 3006 3015 scelera
3025 2965 3329 3022 enumerat,
3348 2960 3616 3014 declarat-

2017 3072 2123 3127 que
2145 3073 2252 3111 non
2271 3057 2388 3112 sine
2405 3070 2572 3111 causa
2596 3055 2746 3125 ipsos
2767 3053 2903 3107 iram
2927 3052 3019 3107 Dei
3045 3051 3415 3107 invasisse.Ac
3434 3051 3613 3117 docet,

2016 3164 2112 3205 eos
2131 3149 2521 3221 postpraidicta
2539 3148 2629 3201 illa
2643 3148 2845 3209 omnia,
2862 3146 3002 3199 mala
3022 3153 3284 3217 augentes
3301 3161 3419 3207 sua,
3437 3145 3613 3200 adhuc

2018 3256 2310 3313 peccasse:
2343 3256 2599 3312 peccasse
2620 3240 2831 3295 scilicet
2849 3240 2977 3310 quia
2998 3254 3105 3293 non
3131 3238 3474 3295 crediderunt
3507 3240 3615 3293 mi-

2017 3331 2211 3386 rabilia
2239 3330 2382 3401 ejus.
2416 3330 2551 3386 Cum
2588 3329 2720 3384 talia
2775 3344 3011 3398 namque
3061 3328 3197 3398 ipsis
3246 3330 3420 3384 oculis
3460 3328 3613 3382 vide-

2015 3429 2158 3486 rent,
2193 3437 2223 3476 a
2256 3421 2706 3492 concupiscentia
2759 3436 2859 3475 sua
2901 3420 3323 3489 superabantur.
3382 3418 3608 3485 Deinde,

2016 3523 2067 3569 et
2116 3512 2415 3583 defecerunt
2442 3515 2496 3567 in
2528 3513 2760 3567 vanitate
2792 3511 2904 3566 dies
2934 3528 3136 3566 eorum.
3163 3513 3301 3567 Cum
3335 3511 3612 3582 oportuis-

2018 3618 2101 3665 set
2133 3608 2278 3665 enim
2316 3607 2461 3671 illos,
2496 3612 2839 3677 spectatores
2862 3619 3058 3674 nempe
3084 3602 3463 3674 prodigiorum
3488 3599 3605 3666 Dei,

2016 3706 2165 3754 totos
2216 3713 2338 3754 sese
2384 3697 2491 3768 ipsi
2521 3697 2921 3765 “committere;
2952 3695 3030 3749 illi
3075 3701 3266 3751 contra
3319 3693 3607 3749 brutorum

2018 3791 2194 3847 instar
2241 3789 2491 3861 corporis
2541 3788 2769 3846 vanitati
2823 3788 3063 3842 animum
3114 3785 3423 3853 habebant,
3481 3800 3606 3842 cum

2020 3886 2254 3940 stultitia
2301 3890 2356 3939 et
2401 3880 2716 3952 insipientia
2766 3886 3200 3950 conquerentes,
3248 3878 3496 3948 nihilque
3539 3894 3608 3935 ex

332 3978 423 4032 χον
475 3963 814 4033 ματαιότητι,
839 3964 897 4015 ὲν
920 3962 1112 4034 ἀλογίᾳ
1134 3963 1229 4016 καὶ
1252 3964 1409 4036 ἀνοίᾳ
1461 3964 1913 4037 κατηγοροῦντες,

2021 3978 2180 4034 bonis
2224 3976 2330 4033 sibi
2379 3972 2815 4031 subministratis
2861 3971 2931 4026 ad
2980 3970 3078 4027 Dei
3133 3971 3500 4042 cognitionem
3554 3981 3610 4027 et

331 4053 427 4108 καὶ
480 4053 647 4124 μηδὲν
698 4054 859 4107 πλέον
906 4055 971 4108 ὲκ
1018 4055 1127 4109 τῶν
1159 4057 1239 4120 είς
1267 4056 1464 4123 αὐτοὺς
1492 4057 1917 4130 χορηγουμένων

331 4148 410 4210 είς
443 4145 643 4214 γνῶσιν
674 4146 808 4200 Θεοῦ
858 4148 953 4201 καὶ
992 4147 1171 4220 ψυχῆς
1224 4149 1497 4222 σωτηρίαν
1550 4150 1915 4222 ποριζόμενοι.

332 4233 518 4298 Οὕτως
550 4231 643 4289 οὖν
668 4235 956 4301 ἐξέλιπον
993 4238 1064 4292 ἐν
1085 4241 1448 4310 ματαιότητιῖ
1474 4244 1534 4295 al
1564 4240 1778 4311 ἡμέραι
1808 4243 1918 4295 αὺ-

330 4324 450 4379 τῶν
466 4344 479 4357 ·
514 4327 574 4380 οὐ
610 4326 791 4396 μόνον,
819 4328 954 4383 άλλά
976 4330 1071 4383 καὶ
1098 4331 1169 4384 τὰ
1195 4331 1299 4400 ἐτη
1328 4329 1529 4387 αὐτῶν
1547 4332 1699 4403 μετὰ
1726 4348 1919 4387 σπου-

330 4416 445 4485 δῆς
476 4418 719 4483 ἐξέλιπον
744 4437 757 4450 ·
796 4420 937 4475 κατά
984 4421 1164 4475 κοινοῦ
1191 4423 1299 4495 γάρ
1330 4425 1622 4479 ἀκουστέον
1648 4424 1763 4490 τοῦ,
1787 4425 1917 4491 ἐξέ-

330 4512 537 4562 λιπον·
568 4510 684 4562 ἀνθ’
701 4502 761 4563 οὗ
791 4512 1089 4583 πεποίηκεν
1115 4515 1143 4567 ὁ
1171 4514 1428 4579 Ἀκύλαςο
1456 4516 1565 4568 Καὶ
1598 4514 1920 4569 συνετέλε-

332 4614 445 4653 σεν
468 4600 548 4667 ὡς
573 4601 765 4671 ἀτμὸν
795 4601 903 4669 τὰς
928 4602 1154 4673 ἡμέρας
1193 4605 1409 4668 αὐτῶν,
1442 4605 1541 4659 καί
1577 4607 1650 4660 τὰ
1676 4606 1780 4675 ἐτη
1813 4608 1921 4661 αὑ-

330 4691 450 4745 τῶν
493 4692 892 4749 κατέσπευσε.
923 4693 1029 4747 Τοῦ
1084 4697 1183 4767 μὲν
1230 4696 1339 4767 γὰρ
1370 4698 1427 4749 ὲν
1457 4697 1778 4769 ματαιότητι
1818 4697 1919 4762 τὰς

330 4782 541 4855 ἡμέρας
574 4784 1061 4849 καταναλίσκοντος
1098 4787 1193 4840 καὶ
1221 4787 1289 4841 τὰ
1317 4786 1409 4860 ἐτη
1440 4788 1919 4860 παρατρέχεικατ·

329 4877 716 4947 εσπευσμένως
734 4894 747 4907 ·
775 4875 870 4930 τοῦ
901 4878 957 4931 δὲ
1006 4878 1105 4942 τὰς
1134 4877 1350 4951 ἡμέρας
1378 4880 1435 4933 ὲν
1467 4880 1604 4949 φωτὶ
1627 4880 1719 4933 καὶ
1745 4881 1802 4933 ὲν
1823 4880 1915 4949 ἔρ-

328 4981 443 5033 γοις
470 4967 694 5035 ἀγαθοῖς
720 4968 1066 5033 ὲκτελυῦντος
1099 4971 1155 5022 αἱ
1188 4970 1389 5042 ἡμέραι
1418 4973 1517 5026 οὐκ
1549 4971 1913 5038 ἐκλείπουσιν,

328 5054 464 5134 ἀλλά
483 5056 705 5128 πλήρεις
722 5058 981 5126 γίνονται,
999 5060 1092 5114 καὶ
1106 5060 1175 5115 τὰ
1197 5061 1292 5132 ἐτη
1316 5061 1481 5115 αὑτοῦ
1502 5061 1691 5133 ὲντελῆ
1714 5062 1916 5133 τυγχά-

328 5163 408 5199 νει
448 5148 539 5200 καὶ
568 5151 1033 5223 μεμακρυμμένα.
1066 5152 1157 5206 Διό
1190 5154 1464 5218 κάκείνοις
1494 5158 1606 5219 τοῖς
1638 5155 1776 5226 μετά
1802 5173 1914 5209 τοι-

2020 4070 2215 4126 anima.-
2262 4069 2497 4125 salutem
2546 4064 2918 4121 conferentes.
2950 4062 3042 4119 Sic
3073 4063 3260 4136 itaque
3309 4064 3607 4135 defecerunt

2019 4165 2077 4219 in
2100 4164 2333 4218 vanitate
2367 4162 2479 4216 dies
2511 4175 2728 4224 eorum;
2753 4172 2930 4229 neque
2958 4156 3011 4212 id
3045 4163 3282 4221 tantum,
3316 4156 3413 4212 sed
3444 4157 3606 4213 etiam

2020 4258 2147 4311 anni
2176 4273 2357 4311 eorum
2378 4272 2496 4309 cum
2527 4253 2867 4325 festinatione
2892 4248 3250 4307 defecerunt:
3275 4265 3401 4305 nam
3432 4250 3565 4305 illud
3590 4291 3604 4318 ,

2018 4351 2340 4422 defecerunt,
2373 4350 2430 4404 in
2472 4347 2750 4405 communi
2787 4361 2889 4418 pro
2928 4352 3164 4415 utroque
3205 4344 3604 4415 accipiendum.

2018 4443 2125 4499 Pro
2158 4458 2268 4515 quo
2298 4441 2495 4512 Aquila
2533 4438 2703 4497 edidit
2735 4459 2748 4495 :
2782 4437 2853 4493 Et
2894 4436 3279 4493 consummavit
3315 4436 3471 4506 quasi
3516 4452 3607 4489 va-

2017 4555 2195 4609 porem
2227 4537 2339 4592 dies
2370 4553 2571 4599 eorum,
2606 4543 2656 4589 et
2709 4550 2877 4588 annos
2930 4547 3113 4587 eorum
3163 4530 3414 4601 festinare
3459 4528 3601 4600 fecit.

2018 4629 2151 4700 Ejus
2178 4630 2380 4700 quippe
2407 4627 2500 4699 qui
2533 4628 2589 4681 in
2617 4627 2856 4681 vanitate
2885 4623 3003 4679 dies
3032 4638 3163 4679 suos
3195 4620 3471 4691 transigit,
3502 4636 3603 4674 an-

2018 4721 2075 4775 ni
2111 4720 2436 4776 festinanter
2467 4717 2808 4783 decurrunt;
2844 4715 2966 4785 ejus
3013 4722 3208 4769 contra
3251 4712 3346 4784 qui
3395 4712 3513 4768 dies
3545 4713 3602 4768 in

2018 4812 2141 4867 luce
2168 4823 2221 4868 et
2243 4811 2401 4868 bonis
2426 4810 2687 4882 operibus
2722 4806 2972 4871 insumit,
3006 4804 3126 4861 dies
3156 4820 3266 4859 non
3300 4802 3600 4867 deﬁciunt;

2019 4902 2114 4957 sed
2148 4902 2293 4973 pleni
2326 4901 2585 4965 evadunt,
2622 4908 2677 4956 et
2702 4899 2830 4953 anni
2863 4899 2984 4969 ejus
3015 4895 3241 4968 perfecti
3273 4902 3326 4950 et
3358 4895 3599 4950 diuturni

2018 5002 2169 5048 sunt.
2193 4993 2561 5059 Quamobrem
2593 4992 2661 5049 iis
2689 4992 2783 5062 qui
2813 4998 2937 5061 post
2970 4996 3051 5044 tot
3079 4996 3288 5059 patrata
3309 4988 3596 5081 miracula,

2018 5087 2074 5141 in
2118 5085 2500 5141 incredulitate
2544 5091 2971 5148 consenuerunt,
3004 5082 3129 5137 vita:
3153 5089 3368 5151 tempus
3399 5095 3598 5134 vanum

2016 5186 2100 5234 est
2130 5186 2184 5233 et
2216 5177 2542 5234 festinanter
2584 5177 2843 5232 decurrit.
2872 5177 2915 5228 A
2950 5174 3227 5229 miraculis
3253 5174 3434 5244 itaque
3465 5172 3594 5235 illis,

329 5238 499 5302 αὐτας
520 5241 973 5310 παραδοξοποιίας
1004 5248 1061 5299 ἐν
1088 5246 1313 5317 ἀπιστίᾳ
1340 5264 1549 5318 καταγη
1561 5246 1785 5319 ράσασιν
1815 5247 1917 5318 μά-

329 5344 479 5353 --.ΑΑ
503 5331 590 5353 -.μὶ
625 5333 767 5353 ἉΑῨ-γ
805 5351 841 5353 _,
883 5335 897 5353 ι
1266 5338 1275 5353 v
1425 5340 1436 5353 ο
1550 5340 1562 5353 ι
1721 5341 1733 5353 ι
1762 5341 1773 5353 ο
1825 5341 1837 5353 ο

2021 5279 2073 5326 et
2108 5287 2138 5325 a
2167 5270 2382 5325 collatis
2413 5269 2515 5326 sibi
2548 5268 2828 5324 beneficiis
2858 5268 2993 5322 nihil
3019 5268 3202 5322 statim
3236 5238 3448 5321 fructus
3474 5281 3597 5336 per-

328 5344 479 5434 ταιος
620 5333 1009 5405 ἐσπευσμένως
1036 5338 1389 5409 παρατρέχων
1415 5340 1442 5391 ό
1467 5340 1675 5411 χρόνος.
1706 5341 1912 5393 Αὐτίκα

2021 5363 2334 5434 cipiebant;
2370 5364 2465 5417 sed
2514 5378 2611 5432 per
2661 5361 2868 5415 illatam
2917 5359 3020 5416 sibi
3047 5359 3307 5414 ultionem
3340 5331 3596 5414 meliores

328 5416 371 5470 δ’
397 5412 492 5472 οὖν
518 5419 609 5472 διά
637 5421 736 5491 μὲν
763 5422 871 5476 τῶν
899 5425 1188 5497 θαυμάτων
1212 5428 1305 5482 καί
1326 5428 1433 5483 τῶν
1454 5431 1532 5494 είς
1553 5430 1747 5493 αὐτοὺς
1767 5431 1916 5502 εὐερ-

402 5620 421 5674 ί
429 5620 479 5688 1)
509 5621 625 5696 Kal
648 5620 947 5696 ἔψυξεν...
973 5624 1045 5677 τὰ
1070 5624 1211 5693 κρέα
1240 5625 1319 5693 ἦν
1346 5627 1488 5694 πρὶν
1523 5629 1561 5696 ἢ
1589 5628 1913 5683 ἐπιλείπειν.

330 5688 561 5770 Phrasis
626 5688 851 5770 (altialii?
913 5688 1207 5770 _nn'ndt)sa.
1254 5688 1561 5770 Esemplari
1589 5696 1911 5752 Vaticanum

328 5762 596 5838 Ycrsionis
646 5761 977 5838 bXXviralis
1027 5766 1186 5838 habet
1223 5768 1391 5838 #:Kal.
1425 5761 1644 5838 ’ἐψυξαν
1700 5771 1913 5838 ἑαυτοῖς

328 5830 580 5902 ψυγμοὺς
612 5830 794 5904 κύκλῳ
825 5835 922 5907 τῆς
968 5836 1339 5909 παρεμϐολῆς.
1371 5838 1450 5893 Τὰ
1484 5830 1619 5907 κρέα
1649 5838 1727 5893 ἱτι
1754 5834 1821 5905 ἦν
1851 5830 1907 5894 ὲν

2015 5457 2338 5513 evadebant.
2371 5454 2551 5523 Quare
2576 5455 2773 5510 deinde
2813 5452 2999 5509 subdit
3031 5450 3270 5507 :—Vsns
3323 5451 3411 5507 54.
3458 5449 3595 5508 Cum

2013 5635 2127 5702 τοῖς
2149 5630 2357 5684 ὀδοῦσιν
2385 5607 2565 5702 αὐτῶν
2593 5628 2757 5702 πρινὴ
2789 5628 3083 5691 ἐκλείπειν,
3117 5628 3211 5682 καὶ
3237 5625 3439 5698 Κύριος
3466 5627 3593 5691 ὲθτν

2019 5700 2195 5773 μώθη,
2222 5718 2277 5773 κ.
2302 5718 2351 5753 τ.
2383 5701 2433 5755 λ.
2466 5700 2625 5754 Enrr.

2091 5773 2169 5843 (2)
2212 5772 2312 5827 Ms.
2354 5773 2408 5827 in
2440 5786 2613 5843 marg.
2660 5791 2674 5827 :
2709 5774 2814 5842 ι’ρ.
2853 5772 3127 5840 ἀπιστίας.
