4126 6400
482 425 592 483 ωδ

1216 419 1488 479 unseen
1524 415 2006 476 cessamus
2040 416 2193 477 ore.
2227 412 2409 473 rans
2443 416 2534 476 ιιι.
2570 448 2641 459 -
2677 384 3085 472 εχεοετιει.

3647 406 3763 461 εει

482 537 744 593 occideret
763 552 852 591 eos
874 534 1179 607 quarebaut
1198 551 1341 600 eum,
1364 544 1413 589 et
1434 534 1828 588 revertebantur
1850 542 1901 588 et
1923 532 2064 586 dilu-

2172 532 2370 601 γεσιῶν
2400 532 2551 586 οὐδὲν
2593 530 2753 585 πλέον
2803 528 3040 584 ἐκτῶντο
3076 525 3212 598 πρὸς
3261 522 3546 594 ὠφέλειαν,
3577 522 3670 577 διὰ
3691 524 3762 577 δὲ

481 631 603 686 culo
627 629 895 683 veniebant
928 627 998 681 ad
1025 626 1507 683 Deum.Verberati
1537 627 1739 697 quippe
1767 632 1822 681 et
1860 626 2071 695 suppli-

481 720 571 775 cio
611 718 787 773 allecti
822 718 1106 773 brutorum
1134 718 1507 788 jumentorum
1542 719 1717 772 instar
1763 718 1831 771 ad
1876 717 2064 773 verbe-

480 805 656 861 rantis
689 819 912 859 sensum
945 804 1347 859 revocabantur
1376 801 1567 871 (Vens.
1601 801 1714 873 55),
1743 816 1868 855 cum
1890 818 1957 857 ex
1981 817 2068 857 re-

480 903 569 950 cta
604 896 816 951 ratione
849 894 918 948 ad
949 895 1228 949 meliorem
1262 909 1321 948 se
1349 892 1558 964 frugem
1593 909 1701 947 non
1734 894 2068 963 reciperent.

479 989 631 1056 Quos
683 990 764 1046 sic
821 989 1125 1059 alloquitur
1173 986 1502 1056 Scriptura:
1540 985 1721 1041 Nolite
1766 988 1885 1057 ﬁeri
1929 987 2065 1041 sicut

479 1098 641 1151 equus
692 1092 743 1136 et
792 1081 989 1144 mulus,
1021 1078 1208 1151 quibus
1233 1096 1336 1132 non
1359 1088 1439 1132 est
1472 1078 1788 1133 intellectus.
1820 1077 1885 1131 In
1915 1096 2065 1134 camo

480 1184 530 1228 et
567 1173 717 1243 freno
751 1172 1004 1226 maxillas
1042 1186 1226 1225 eorum
1256 1171 1551 1239 constringe
1570 1170 1660 1240 qui
1694 1186 1791 1222 non
1815 1172 2067 1239 approxi-

478 1276 627 1320 mant
658 1265 728 1318 ad
762 1275 828 1319 te.
858 1264 1035 1318 Multa
1060 1263 1275 1333 ﬂagella
1298 1272 1653 1331 peccatorum,
1679 1272 1946 1330 sperantes
1968 1280 2066 1318 au-

482 1368 585 1412 tem
620 1359 675 1411 in
710 1357 937 1411 Domino
965 1354 1331 1410 misericordia
1359 1353 1712 1408 circumdabit
1731 1355 1794 1407 ³⁸.

2170 626 2269 697 τῆς
2295 624 2699 695 μετερχομένης
2730 622 2927 684 αὐτοὺς
2956 620 3124 691 ὀργῆς
3150 616 3429 689 κρείττους
3448 616 3754 685 ἐγίγνοντο.

2170 716 2261 768 Διὸ
2292 715 2418 787 ἐξῆς
2448 715 2691 783 ἐπιλέγει
2715 731 2728 744 ·
2767 714 2950 766 Ὅταν
2977 710 3327 765 ἀπέκτεινεν
3356 709 3594 775 αὐτοὺς,
3620 709 3759 773 ἑξε-

2169 806 2385 873 ζήτουν
2410 805 2615 869 αὐτὸν,
2651 803 2750 857 καὶ
2773 803 3143 869 ἐπέστρεφον
3165 799 3264 857 καὶ
3290 797 3565 867 ὥρθριζον
3596 802 3759 869 πρὸς

2169 897 2278 952 τὸν
2309 898 2477 952 Θεόν.
2514 893 2915 965 Μαστιζόμενοι
2963 894 3071 963 γὰρ
3096 892 3188 945 καὶ
3220 890 3587 961 κολαζόμενοι,
3613 910 3755 965 κτη-

2172 989 2277 1042 νῶν
2306 989 2515 1056 ἀλόγων
2539 987 2694 1057 δίκην
2728 986 2977 1056 αἴσθησιν
3010 983 3379 1054 ἀνελάμϐανον
3404 984 3496 1041 τοῦ
3517 985 3757 1041 τύπτον-

2169 1100 2281 1147 τος,
2308 1082 2449 1153 λόγῳ
2482 1083 2578 1152 μὲν
2604 1078 2748 1151 ὀρθῷ
2774 1079 2848 1151 μὴ
2877 1080 3329 1151 σωφρονιζόμενοι
3346 1094 3359 1107 ·
3388 1078 3523 1148 πρὸς
3546 1078 3642 1142 οὓς
3672 1074 3757 1132 εἴ-

2171 1192 2275 1230 πεν
2302 1174 2369 1228 ἂν
2392 1177 2420 1229 ό
2451 1174 2635 1242 λόγος·
2660 1171 2765 1240 Μὴ.
2783 1172 3021 1242 γίνεσθε
3043 1171 3121 1237 ὡς
3138 1172 3320 1235 ἵππος
3348 1170 3446 1224 καὶ
3474 1172 3751 1240 ἡμίονος,

2168 1264 2260 1336 οἷς
2290 1271 2403 1323 οὐκ
2436 1267 2569 1320 ἐστι
2602 1266 2995 1331 σύνεσις.,Ἑν
3026 1263 3193 1333 κημῷ
3240 1262 3340 1319 καὶ
3382 1262 3609 1330 χαλινῷ
3637 1268 3751 1331 τὰς

2169 1362 2457 1431 σιαγόνας
2484 1358 2682 1413 αὐτῶν
2729 1356 2903 1426 ἇγξαι
2949 1355 3068 1411 τῶν
3111 1358 3196 1427 μὴ
3224 1355 3568 1427 ἐγγιζόντων
3594 1357 3753 1427 πρὸς

478 1453 572 1507 σέ.
588 1453 816 1507 Πολλαὶ
845 1456 903 1506 αἱ
926 1451 1216 1521 μάστιγες
1240 1448 1359 1503 τῶν
1386 1449 1777 1519 ἁμαρτωλῶν·
1815 1452 1956 1521 τοὺς
1983 1456 2052 1510 δὲ
2080 1457 2428 1520 ἐλπίζοντας
2460 1453 2556 1507 ἐπὶ
2588 1453 2805 1520 Κύρων
2831 1452 3004 1516 ἕλεος
3036 1448 3351 1505 κυκλώσει.

416 1548 421 1620 ξ
559 1544 727 1602 Vsus.
762 1545 851 1613 56,
888 1546 977 1600 57.
1020 1544 1090 1599 Et
1138 1545 1436 1599 dilexerunt
1478 1562 1597 1599 eum
1638 1547 1695 1600 in
1736 1563 1825 1602 ore
1864 1567 1981 1616 suo,
2019 1564 2071 1607 et

478 1636 664 1709 lingua
716 1654 817 1692 sua
850 1638 1054 1692 mentiti
1100 1647 1223 1692 sunt
1267 1639 1335 1692 ei.
1364 1636 1470 1692 Cor
1514 1647 1691 1692 autem
1732 1657 1914 1697 eorum
1963 1662 2067 1701 non

475 1738 593 1783 erat
621 1737 821 1783 rectum
847 1746 964 1783 cum
994 1744 1076 1793 eo,
1104 1745 1196 1783 nec
1226 1728 1407 1799 ﬁdeles
1439 1728 1608 1783 habiti
1634 1742 1756 1785 sunt
1805 1736 1861 1788 in
1905 1745 2068 1791 testa-

475 1830 651 1877 mento
677 1821 813 1891 ejus.
846 1821 984 1876 Cum
1032 1838 1087 1875 In
1121 1822 1207 1877 sui
1240 1822 1477 1891 gratiam
1522 1822 1785 1878 miracula
1837 1826 2064 1884 ederen-

477 1920 588 1979 tur,
617 1929 727 1968 non
777 1912 1074 1968 credebant
1108 1932 1122 1968 :
1154 1913 1425 1968 verberati
1480 1921 1662 1968 autem
1696 1924 1752 1971 et
1786 1917 2060 1975 interfecti

475 2006 893 2061 revertebantur
920 2004 989 2060 ad
1021 2004 1213 2061 Deum.
1232 2003 1433 2061 Verum
1464 2006 1517 2061 id
1547 2023 1656 2062 non
1689 2009 1900 2065 sincere
1921 2027 2061 2082 prae-

477 2097 719 2161 stabant,
758 2096 855 2152 sed
903 2097 1160 2153 simulate
1210 2105 1425 2152 tantum
1480 2106 1531 2155 et
1583 2100 1853 2157 labiorum
1897 2112 2061 2161 tenus
2094 2095 2135 2147 Β

473 2187 571 2245 Dei
625 2188 817 2244 laudes
864 2188 1238 2253 celebrabant,
1272 2206 1375 2245 nec
1406 2206 1545 2260 puro
1581 2207 1712 2248 sane
1744 2195 1960 2262 animo;
1992 2198 2067 2252 ita

473 2288 535 2335 ut
578 2280 688 2337 illis
740 2281 844 2336 hoc
899 2280 1103 2335 dictum
1134 2282 1469 2338 conveniat:
1504 2282 1742 2353 Populus
1777 2286 1861 2341 hic
1903 2287 2065 2344 labiis

472 2388 557 2427 me
584 2372 831 2436 honorat,
867 2389 959 2426 cor
991 2382 1168 2427 autem
1216 2391 1396 2428 eorum
1434 2374 1585 2447 longe
1615 2387 1691 2431 est
1728 2395 1761 2431 a
1790 2395 1890 2436 me.
1924 2378 2068 2434 Fru-

476 2478 594 2521 stra
628 2475 805 2520 autem
841 2466 1019 2520 colunt
1048 2466 1210 2522 me“.
1264 2466 1330 2521 Et
1374 2468 1478 2539 ipsi
1512 2469 1734 2539 quidem
1760 2471 1829 2525 ad
1857 2480 2065 2529 tantam

475 2558 883 2629 improbitatem
918 2558 1290 2627 devenerunt;
1320 2559 1411 2615 ille
1438 2576 1570 2615 vero
1604 2561 1734 2617 boni
1780 2564 1954 2634 patris
1988 2565 2067 2619 in-

472 2659 613 2714 star,
668 2650 873 2721 majore
923 2666 1051 2722 erga
1111 2652 1235 2707 illos
1289 2651 1669 2708 misericordia
1732 2664 2063 2718 commotus,

481 2742 755 2813 propitius
805 2752 922 2797 erat
968 2742 1206 2811 peccatis
1236 2758 1449 2805 eorum,
1484 2759 1661 2814 neque
1685 2745 1938 2799 tradebat
1968 2760 2064 2801 eos

475 2833 533 2888 in
567 2840 867 2886 extremam
896 2832 1227 2901 perniciem;
1256 2834 1364 2887 imo
1393 2850 1521 2889 vero
1551 2834 1852 2890 daemonem
1883 2844 2065 2891 exter-

481 2923 833 2987 minatorem,
862 2932 915 2977 et
957 2924 1051 2977 ira:
1096 2938 1206 2979 sua:
1246 2924 1556 2980 ministrum
1597 2927 1936 2997 ultoremque
1965 2944 2063 2981 an-

476 3013 681 3082 gelum,
707 3013 801 3083 qui
835 3014 987 3068 l'uror
1005 3015 1127 3084 ejus
1158 3016 1477 3080 vocabatur,
1505 3019 1721 3089 placato
1752 3018 1913 3075 Patre
1936 3037 2058 3082 suo,

473 3105 544 3159 ab
572 3104 764 3161 iisdem
790 3106 1086 3161 avertebat.
1114 3106 1293 3171 Quare
1318 3106 1524 3162 dictum
1560 3118 1644 3163 est
1678 3109 1937 3166 z—Vaas.
1966 3112 2035 3166 '58

475 3194 596 3265 Ipse
644 3206 821 3250 autem
866 3207 943 3251 est
993 3199 1313 3263 misericors,
1344 3208 1394 3253 et
1418 3201 1678 3269 propitius
1712 3202 1801 3271 ﬁet
1830 3204 2058 3272 peccatis

475 3308 682 3356 eorum,
728 3301 779 3346 et
834 3308 932 3345 non
971 3292 1251 3361 disperdet.
1300 3291 1366 3345 Et
1412 3292 1699 3347 abundabit
1748 3304 1804 3347 ut
1857 3306 2060 3350 avertat

473 3386 613 3439 iram
644 3402 820 3449 suam,
851 3386 915 3438 et’
932 3402 1034 3439 non
1061 3385 1305 3439 accendet
1339 3403 1544 3440 omnem
1569 3388 1705 3440 iram
1731 3404 1899 3442 suam.
1920 3387 2057 3451 Nam

471 3493 600 3534 cum
650 3492 745 3533 eos
801 3478 1068 3548 patienter
1118 3478 1307 3542 ferret,
1345 3479 1585 3533 nondum
1641 3480 1693 3533 iu
1744 3480 1903 3534 linem
1934 3482 2057 3537 illos

477 3566 824 3637 repudiabat.
853 3564 1167 3621 Secundum
1194 3565 1581 3638 Symmachum
1607 3574 1787 3620 autem
1814 3567 2013 3621 dicitur
2042 3586 2055 3622 :

478 3657 601 3726 Ipse
634 3659 958 3720 misericors,
979 3659 1239 3728 propitius
1261 3667 1494 3726 peccato,
1517 3667 1566 3711 et
1602 3674 1706 3711 nun
1733 3657 2057 3726 disperdens.

476 3749 546 3804 Et
580 3752 805 3805 multum
836 3751 1025 3805 avertit
1080 3752 1219 3803 iram
1255 3765 1429 3813 suam,
1467 3758 1517 3803 et
1551 3767 1655 3804 non
1693 3751 1940 3805 excitavit
1983 3760 2061 3803 to-

476 3852 587 3895 tum
617 3842 853 3911 furorem
886 3858 1063 3899 suum.
1087 3841 1170 3896 Ad
1206 3841 1321 3895 haec
1355 3841 1515 3895 aliam
1551 3842 1606 3896 in
1634 3858 1729 3897 eos
1757 3843 2063 3904 accusatio-

474 3950 601 3989 nem
659 3934 897 3989 instituit
947 3933 1138 3990 dicens
1180 3953 1195 3990 :
1227 3964 1295 3975 -—
1334 3933 1499 3991 Vens.
1534 3937 1620 3991 59.
1661 3934 1728 3988 Et
1756 3936 2060 3997 recordatus

475 4035 553 4079 est
592 4026 719 4096 quia
759 4042 883 4079 caro
919 4035 1066 4092 sunt,
1104 4027 1323 4094 spiritus
1384 4027 1578 4081 uadens
1618 4037 1668 4081 et
1700 4045 1803 4081 non
1832 4029 2060 4087 rediens.

481 4117 622 4186 Quia
643 4120 789 4173 enim
823 4119 912 4187 qui
937 4117 1172 4172 adliceret
1200 4118 1442 4185 Domino,
1466 4137 1601 4175 unus
1625 4121 1842 4191 spiritus
1869 4130 1968 4185 est,
1989 4129 2061 4185 cl,

477 4212 569 4281 qui
611 4210 842 4266 adhwret
874 4212 1047 4277 carni,
1080 4228 1240 4265 unum
1267 4228 1453 4283 corpus
1474 4214 1643 4285 est”;
1664 4213 1787 4283 jure
1814 4214 2063 4269 carnales

476 4311 530 4359 et
558 4321 853 4376 corporeos
883 4304 1008 4360 illos
1039 4320 1163 4361 esse
1208 4306 1279 4362 ob
1323 4308 1573 4377 corporis
1619 4315 1674 4361 et
1717 4307 2061 4378 voluptatum

484 4412 751 4459 amorem,
782 4407 835 4453 et
861 4412 1083 4452 carnem
1115 4413 1238 4453 esse
1272 4397 1449 4456 factos
1481 4399 1583 4457 ait.
1611 4397 1737 4453 Ideo
1763 4398 1898 4452 dicit
1928 4396 2065 4453 :Re-

475 4488 724 4543 cordatus
774 4498 852 4543 est
897 4490 1023 4560 quia
1069 4507 1196 4546 caro
1227 4500 1369 4547 sunt.
1405 4490 1691 4564 Quomodo
1721 4496 1901 4544 autem
1934 4505 2065 4544 caro

475 4581 587 4635 sint
619 4580 721 4635 sub
748 4580 863 4636 haec
896 4582 1135 4653 explicat
1164 4583 1251 4640 bis
1280 4584 1463 4640 verbis
1494 4602 1513 4641 εΔ
1536 4580 1983 4652 δρὶνὶιυε,υαάθηε
2015 4590 2064 4636 et

482 4688 588 4725 non
627 4672 854 4728 rediens.
886 4671 1023 4728 Nam
1078 4675 1306 4745 spiritus
1336 4676 1519 4729 carnis
1550 4683 1826 4738 terrenus,
1857 4683 2066 4731 morta-

2235 1553 2344 1608 Καὶ
2371 1549 2697 1621 ἠγάπησαν
2720 1547 2906 1601 αὑτὸν
2928 1547 2999 1600 ἐν
3018 1545 3098 1611 τῷ
3125 1548 3373 1616 στόματι
3404 1544 3619 1610 αὐτῶν,
3643 1560 3751 1599 και

2164 1646 2240 1715 τῇ
2268 1644 2522 1716 γλώσσῃ
2553 1640 2752 1696 αὐτῶν
2778 1640 3120 1709 ἐψεύσαντο
3148 1638 3325 1703 αὐτῷ.
3344 1640 3405 1693 Ἡ
3432 1638 3501 1692 δὲ
3531 1639 3755 1707 καρδιά

2162 1736 2362 1793 αὐτῶν
2382 1736 2494 1789 οὐκ
2526 1732 2725 1789 εὐθεῖα
2758 1734 2884 1801 μετ’
2912 1731 3120 1797 αὐτοῦ,
3152 1731 3296 1785 οὐδὲ
3324 1729 3754 1798 ἐπιστώθησαν

2162 1830 2232 1885 ἐν
2275 1828 2352 1897 τῇ
2396 1825 2649 1893 διαθήκῃ
2705 1823 2911 1879 αὑτοῦ.
2945 1823 3065 1877 Τῶν
3115 1824 3214 1894 μὲν
3258 1822 3575 1894 παραδόξων
3609 1823 3753 1875 ἀπο-

2164 1922 2422 1985 λαύοντες
2471 1920 2572 1973 οὐκ
2618 1917 2930 1970 ἐπίστευον·
2982 1914 3364 1989 μαστιζόμενοι
3394 1915 3449 1968 δὲ
3486 1914 3579 1967 καὶ
3607 1915 3751 1967 ἀπο-

2168 2009 2523 2081 κτεινόμενοι,
2569 2006 2904 2077 ἐπέστρεφον
2952 2004 3088 2076 πρὸς
3137 2005 3228 2059 τὸν
3275 2004 3425 2058 Θεόν.
3457 2004 3595 2057 Ἀλλ’
3624 2004 3753 2058 οὐδὲ

2163 2101 2322 2156 τοῦτο
2354 2098 2594 2171 γνησίως
2622 2097 2859 2160 ἐποίουν,
2892 2096 3251 2168 προσποιήσει
3280 2094 3336 2147 δὲ
3364 2095 3457 2151 καὶ
3495 2094 3756 2166 εἰρωνείᾳ

2170 2194 2331 2268 μέχρι
2361 2190 2583 2263 χειλέων
2616 2190 2883 2259 εὐφημεῖν
2913 2188 3151 2253 ἐδόκουν,
3177 2188 3238 2240 ού
3275 2187 3380 2259 μὴν
3408 2185 3631 2258 καθαρῷ
3660 2186 3755 2238 λο-

2164 2283 2347 2355 γισμῷ
2378 2282 2523 2336 τοῦτ’
2554 2281 2821 2350 ἔπραττον
2840 2297 2852 2309 ·
2884 2279 2960 2343 ὡς
3000 2280 3094 2332 καὶ
3132 2280 3218 2332 ἐπ’
3248 2278 3426 2332 αὐτῶν
3455 2278 3755 2350 ἁρμόττειν

2164 2377 2226 2431 τὸ
2272 2376 2449 2446 φῆσαν
2491 2373 2705 2442 λόγιον·
2747 2372 2799 2423 '0
2830 2371 2979 2437 λαὸς
3010 2366 3187 2437 οὗτος
3232 2369 3353 2438 τοῖς
3396 2369 3628 2437 χείλεσι
3671 2385 3756 2438 με

2165 2466 2304 2538 τιμᾷ
2324 2484 2336 2497 ·
2366 2467 2413 2534 ἠγ
2430 2466 2499 2519 δὲ
2528 2465 2745 2533 καρδία
2775 2462 2973 2518 αὐτῶν
2994 2465 3192 2531 πόρρω
3219 2460 3429 2530 ἀπέχει
3451 2459 3552 2515 ἀπ’
3575 2461 3752 2530 ἐμοῦ.

2166 2558 2376 2633 Μάτην
2413 2557 2481 2611 δὲ
2516 2558 2799 2611 σέϐονταί
2821 2573 2917 2625 με.
2946 2555 3057 2608 Καὶ
3084 2555 3235 2607 αὐτοὶ
3263 2554 3359 2625 μὲν
3388 2554 3468 2617 εἰς
3494 2551 3753 2609 τοσοῦτον

2163 2650 2401 2720 ἡλαυνον,
2442 2648 2773 2721 μοχθηρίας·
2823 2650 2851 2701 ὁ
2882 2646 2963 2712 δὲ,
3000 2645 3204 2718 πατρὸς
3244 2643 3447 2713 ἀγαθοῦ
3480 2643 3633 2714 δίκην
3667 2640 3753 2697 οἷ-

2164 2760 2291 2795 κτον
2321 2740 2496 2795 αὐτῶν
2533 2740 2755 2795 πλείονα
2783 2739 3096 2811 λαμϐάνων,
3130 2737 3377 2795 ἱλάσκετο
3405 2738 3524 2799 ταῖς
3564 2737 3752 2808 ἁμαρ-

2162 2834 2301 2898 τίαις
2350 2832 2549 2899 αὐτῶν,
2584 2834 2677 2887 καὶ
2722 2834 2782 2886 οὐ
2832 2832 3113 2905 παρεδίδου
3173 2831 3368 2893 αὐτοὺς
3407 2831 3485 2893 είς
3513 2828 3754 2898 ἐσχάτην

2161 2927 2456 2999 διαφθοράν
2478 2944 2489 2955 ·
2523 2925 2658 2979 ἀλλά
2686 2927 2780 2979 καὶ
2813 2925 2904 2977 τὸν
2940 2922 3260 2995 φθοροποιὸν
3281 2923 3510 2993 δαίμονα
3539 2921 3633 2974 καὶ
3664 2923 3753 2976 τὸν

2159 3022 2270 3091 τῆς,
2300 3021 2472 3092 ὀργῆς
2504 3019 2783 3091 ὑπηρέτην
2822 3016 3050 3086 ἄγγελον
3082 3016 3342 3088 τιμωρὸν,
3377 3015 3545 3086 θυμὸν
3580 3015 3751 3068 αὑτοῦ

2160 3092 2577 3181 ὀνομαζόμενον,
2606 3109 2950 3180 ἀπέστρεφεν
2977 3108 3035 3175 ἐξ
3058 3108 3255 3171 αὐτῶν,
3291 3108 3381 3162 τὸν
3411 3107 3603 3162 ἑαυτοῦ
3630 3108 3754 3161 [Ια-

2159 3204 2291 3275 τέρα
2339 3203 2478 3273 ὑπὲρ
2520 3201 2697 3255 αὐτῶν
2730 3201 3109 3271 ἱλασκόμενος.,
3143 3200 3233 3253 Διὸ
3274 3202 3517 3273 εἴρηται·
3552 3201 3752 3266 Αὐτὸς

2158 3296 2225 3349 δέ
2257 3296 2429 3349 ἐστιν
2467 3295 2780 3363 οἰκτίρμων
2832 3293 2931 3346 καὶ
2973 3293 3241 3348 ίλάσεται
3276 3292 3404 3359 ταῖς
3436 3293 3751 3362 ἁμαρτίαις

2159 3387 2375 3453 αὐτῶν,
2405 3388 2502 3441 καὶ
2532 3389 2605 3441 οὐ
2639 3385 2955 3455 διαφθερεῖ.
2988 3386 3095 3440 Καὶ
3126 3385 3429 3453 πληθυνεῖ
3463 3385 3569 3439 τοῦ
3592 3386 3749 3439 ἁπο-

2161 3479 2417 3549 στρέψαι
2444 3481 2550 3533 τὸν
2574 3477 2764 3547 θυμόν
2785 3477 2992 3542 αὐτοῦ,
3026 3478 3124 3531 καὶ
3153 3476 3287 3546 οὐχί
3316 3477 3599 3531 ἐκκαύσει
3628 3475 3749 3531 πᾶ·-

2162 3588 2282 3626 σαν
2315 3570 2430 3640 τὴν
2464 3570 2650 3640 ὀργὴν
2676 3569 3011 3623 αὑτοῦ.¹Έτι
3058 3568 3169 3640 γὰρ
3210 3569 3331 3622 τότε
3380 3567 3752 3640 μακροθύμως

2162 3664 2358 3727 αὐτοὺς
2387 3664 2580 3731 ἔφερεν
2612 3662 2765 3714 οὔπω
2789 3661 2866 3723 είς
2889 3660 3042 3723 τέλος
3089 3660 3285 3723 αὐτοὺς
3335 3658 3749 3731 ἁταυθούμενος.

2162 3755 2319 3808 Κατὰ
2362 3755 2419 3808 δὲ
2469 3754 2559 3808 τὸν
2603 3752 2923 3823 Σύμμαχον·
2959 3751 3172 3819 Αὐτὸς,
3216 3752 3401 3823 φησὶν,
3447 3750 3747 3820 ἐλεήμων,

2162 3846 2505 3911 ἐξιλάσκων
2537 3846 2844 3917 ἁμαρτίας,
2872 3845 2967 3900 καὶ
2993 3843 3079 3915 μὴ
3112 3844 3485 3913 διαφθείρων.
3509 3843 3621 3897 Καὶ
3638 3843 3749 3896 ἐπὶ

2163 3940 2323 3997 πολὺ
2353 3939 2735 4008 ἀπέστρεψεν
2762 3937 2877 4007 τὴν
2906 3938 3094 4007 ὀργὴν
3120 3938 3325 4003 αὐτοῦ,
3360 3938 3460 3991 καὶ
3510 3939 3583 3991 οὐ
3616 3935 3753 4005 διή-

2164 4048 2358 4103 γειρεν
2403 4030 2551 4085 ὅλον
2596 4031 2704 4085 τὸν
2736 4029 2926 4100 θυμὸν
2950 4030 3156 4086 αὐτοῦ.
3175 4031 3297 4084 Ἐπὶ
3330 4029 3536 4092 τούτοις
3562 4028 3753 4085 ᾶλλοτι

2164 4125 2344 4179 αὐτῶν
2392 4127 2688 4197 κατηγορεῖ
2728 4124 2936 4193 λέγων·
2972 4123 3084 4177 Καὶ
3128 4124 3420 4193 ἐμνήσθη,
3446 4122 3536 4176 ὅτι
3586 4122 3753 4190 σάρξ

2163 4216 2303 4277 εἱσι,
2351 4214 2592 4283 πνεῦμα
2641 4215 3046 4283 πορευόμενον
3089 4214 3186 4267 καὶ
3218 4216 3329 4268 οὐκ
3355 4211 3748 4282 ἐπιστρέφον.

2177 4305 2391 4376 Ἐπειδὴ
2434 4306 2541 4375 γὰρ
2586 4308 2618 4359 ό
2661 4303 3039 4374 κολλώμενος
3077 4303 3155 4370 τῷ
3186 4305 3383 4372 Κυρίῳ
3410 4303 3481 4358 ἐν
3508 4303 3754 4374 πνεῦμά

2163 4396 2315 4462 ἐστι,
2360 4396 2457 4449 καὶ
2499 4400 2531 4451 ό
2562 4396 2942 4466 κολλώμενος
2969 4394 3043 4465 τῇ
3072 4397 3250 4465 σαρκὶ
3281 4396 3347 4450 ἒν
3385 4396 3558 4465 σῶμα
3590 4398 3755 4466 τίνε-

2165 4506 2279 4554 ται,
2305 4490 2529 4553 εἰκότως
2563 4488 2819 4561 κρεώδεις
2852 4488 3002 4554 τινὰς
3029 4490 3121 4542 καὶ
3148 4489 3443 4561 σαρκώδεις
3467 4490 3632 4559 φησιν
3651 4492 3757 4542 αὺ-

2164 4584 2291 4645 τοὺς
2320 4581 2598 4651 γεγονέναι
2644 4582 2733 4636 διὰ
2774 4582 2835 4635 τὸ
2882 4580 3159 4653 φιλήδονον
3204 4582 3297 4635 καὶ
3346 4581 3753 4652 φιλοσώματον,

2167 4675 2261 4728 καὶ
2278 4673 2450 4738 οὕτως
2476 4675 2671 4738 αὐτοὺς
2698 4674 2948 4743 γενέσθαι
2973 4674 3196 4746 σάρκας.
3217 4676 3304 4727 Διό
3323 4691 3485 4744 φησιν
3500 4694 3512 4704 ·
3546 4676 3759 4745 Ἐμνή-

473 4763 565 4824 lis,
595 4770 648 4818 et
679 4764 852 4820 ruinae
879 4766 1175 4823 obnoxius.
1212 4766 1373 4822 Tales
1405 4775 1563 4822 erant
1596 4766 1672 4820 illi
1702 4774 1949 4837 tempore
1978 4766 2064 4820 di-

2167 4765 2285 4830 σθη
2336 4764 2423 4816 ὅτι
2468 4762 2626 4831 σάρξ
2671 4765 2811 4817 εἱσι.
2845 4763 2967 4827 Πῶς
2994 4765 3050 4817 δὲ
3081 4764 3280 4833 σάρκες
3307 4759 3446 4834 ἦσαν
3493 4764 3757 4834 διασαφεῖ

474 4856 608 4909 luvii
669 4858 736 4912 de
778 4858 978 4927 quibus
1026 4858 1228 4914 dicitur
1261 4878 1275 4913 :
1311 4859 1434 4911 Non
1466 4860 1791 4928 permanebit
1844 4861 2060 4929 spiritus

2166 4855 2340 4924 λέγων
2392 4854 2546 4925 ἐξῆς·
2586 4854 2828 4923 Πνεῦμα
2871 4857 3277 4924 πορευόμενον
3322 4854 3418 4907 καὶ
3460 4856 3572 4907 οὐκ
3624 4855 3759 4908 ἑπι-

475 4965 620 5002 meus
650 4950 703 5003 in
730 4949 1049 5017 hominibus,
1076 4952 1202 5021 quia
1244 4967 1431 5004 carnes
1466 4962 1588 5003 sunt
1610 4949 1655 4981 ³⁸
1680 4968 1695 5015 ;
1728 4951 1803 5005 ita
1834 4960 1891 5004 ut
1917 4950 2057 5004 alius

2166 4945 2448 5016 στρέφον.
2486 4944 2557 4997 Τὸ
2586 4945 2693 5016 γὰρ
2724 4944 2939 5015 πνεῦμα
2964 4945 3062 5015 τῆς
3093 4945 3291 5015 σαρκὸς
3326 4943 3589 5012 τοιοῦτρν,
3619 4945 3760 5012 γεῶ-

475 5040 551 5095 sit
579 5041 811 5110 spiritus
840 5040 1062 5097 divinus
1089 5041 1248 5096 initio
1282 5042 1597 5099 hominibus
1631 5042 1875 5106 inditus;
1916 5042 2056 5099 alius

2164 5036 2250 5101 δες
2284 5039 2377 5090 καὶ
2422 5036 2614 5107 θνητὸν
2663 5038 2756 5090 καὶ
2801 5037 3189 5108 ἀπολλύμενον.
3222 5036 3463 5090 Τοιοῦτοι
3511 5036 3569 5089 δέ
3603 5053 3759 5099 τινες

473 5146 606 5185 vero
631 5132 859 5201 spiritus
888 5134 1094 5188 carnis.
1128 5131 1265 5186 Nam
1306 5135 1533 5203 spiritus
1564 5135 1748 5189 carnis
1777 5136 1902 5190 talis
1934 5136 2053 5190 lue-

2164 5130 2477 5198 γεγόνεισαν
2526 5130 2620 5182 καὶ
2671 5130 2721 5182 οἱ
2773 5130 2866 5182 ἐπὶ
2917 5129 3013 5183 τοῦ
3067 5126 3479 5199 κατακλυσμοῦ,
3510 5129 3643 5199 περὶ
3675 5122 3759 5182 ὦν

476 5225 550 5277 rit
581 5225 761 5293 qualis
794 5225 884 5279 ille
916 5226 1010 5294 qui
1042 5225 1097 5279 in
1124 5226 1302 5281 brutis
1331 5234 1435 5292 est,
1467 5227 1695 5298 spiritus
1722 5228 1931 5282 scilicet
1960 5243 2057 5283 va-

2164 5223 2343 5295 εἴρητο
2366 5236 2381 5252 ·
2425 5223 2506 5275 Ui)
2534 5220 2620 5291 μὴ
2655 5222 2979 5291 καταμείνῃ
3020 5221 3085 5275 τὸ
3119 5221 3357 5291 πνεῦμά
3382 5239 3503 5290 μου
3528 5221 3600 5274 ἐν
3627 5221 3761 5290 τοῖς

476 5313 614 5370 dens
663 5324 717 5371 et
762 5331 871 5371 non
921 5317 1160 5373 rediens.
1194 5317 1379 5387 lpsum
1415 5335 1545 5373 vero
1575 5320 1797 5389 proprio
1837 5319 2060 5375 nomine

2164 5316 2513 5382 ἀνθρώποις,
2542 5314 2641 5368 διὰ
2662 5315 2724 5369 τὸ
2748 5312 2899 5369 εἶναι
2923 5316 3145 5381 αὐτοὺς
3165 5315 3427 5385 σάρκας·
3458 5315 3533 5379 ὠς
3558 5315 3758 5386 ἐτέρου

478 5406 815 5473 prudentium
844 5409 1021 5463 carnis
1052 5416 1212 5463 vocat
1242 5410 1561 5480 Apostolus,
1596 5428 1718 5465 cum
1755 5411 1831 5466 ait
1866 5432 1877 5465 :
1916 5410 2060 5464 Nam

2168 5408 2266 5478 μὲν
2308 5408 2459 5471 ὄντος
2507 5408 2601 5460 τοῦ
2634 5408 2776 5463 θείου
2815 5408 3125 5479 πνεύματος
3156 5410 3247 5462 τοῦ
3291 5409 3411 5463 κατ’
3440 5408 3618 5479 ἀρχὰς
3665 5409 3763 5462 ἁν-

478 5496 760 5564 prudentia
802 5500 978 5552 carnis
1012 5499 1294 5553 inimicitia
1324 5509 1402 5554 est
1452 5502 1507 5554 in
1555 5501 1717 5553 Deum
1748 5517 1765 5554 :
1795 5502 1893 5570 legi
1923 5502 2061 5553 enim

2166 5498 2404 5571 θρώποις
2434 5499 2887 5570 ἐμπνευσθέντος,
2917 5500 3105 5573 ἐτέρου
3161 5501 3218 5555 δὲ
3262 5500 3356 5555 τοῦ
3406 5500 3506 5570 τῆς
3550 5500 3764 5572 σαρκὸς

481 5584 579 5638 Dei
605 5603 707 5639 non
728 5587 1031 5656 subjicitur,
1062 5605 1219 5659 neque
1247 5590 1381 5644 enim
1404 5600 1592 5659 potest.
1631 5590 1918 5645 Prudentia
1945 5608 2063 5645 vero

2166 5591 2492 5662 πνεύματος.
2521 5592 2593 5644 Τό
2621 5590 2686 5660 γέ
2716 5609 2797 5646 τοι
2823 5592 2922 5662 τῆς
2952 5593 3151 5665 σαρκὸς
3182 5598 3397 5664 πνεῦμα
3420 5591 3657 5645 τοιοῦτον
3688 5592 3764 5646 ἂν

480 5673 719 5741 spiritus,
753 5676 859 5729 vita
886 5686 936 5730 et
964 5679 1154 5744 pax”.
1182 5678 1275 5733 Sic
1303 5694 1467 5749 porro
1497 5680 1588 5749 qui
1619 5686 1942 5736 lncusantur
1965 5696 2061 5735 ca-

2164 5684 2273 5754 εἴη,
2305 5678 2416 5738 οἷον
2471 5683 2569 5741 καὶ
2610 5683 2671 5736 τὸ
2722 5684 2781 5737 ἐν
2827 5687 2938 5749 τοῖς
2981 5685 3194 5754 ἀλόγοις
3240 5684 3417 5751 ζώοις,
3447 5685 3583 5752 ὅπερ
3632 5685 3763 5739 ἐστὶ

556 5793 594 5822 ³⁸
631 5793 773 5848 Psal.
807 5812 954 5853 xm.
990 5797 1044 5861 9,
1084 5800 1165 5853 l0.
1274 5801 1317 5832 ⁵⁸
1352 5800 1539 5854 Matth.
1577 5812 1665 5865 xv,
1696 5801 1748 5865 8,
1782 5800 1837 5859 9.
1868 5819 1883 5868 ;
1943 5801 2044 5859 lsa.

484 5861 527 5892 ³³
562 5861 717 5920 Rom.
750 5883 863 5921 \‘lll.
895 5866 949 5921 6.
986 5869 1033 5920 Τ.

2164 5821 2243 5868 Ix,
2309 5806 2385 5859 ιδ.
2494 5806 2742 5861 ί¹²¹1ίῖοι⁶
2804 5823 2879 5871 γι,
2942 5807 3028 5869 lli,
3072 5806 3157 5862 17.
3271 5808 3316 5841 ³⁸
3353 5808 3489 5866 Gen.
3544 5822 3636 5870 γι,
3698 5806 3765 5868 5,
