4078 6432
329 417 435 476 935
1420 415 1928 474 COMMENTARIA
1960 414 2027 472 IN
2066 416 2411 474 PSALMOS.
3491 423 3597 476 926

325 535 542 605 πνεῦμα
572 534 932 609 πορευόμενον
975 535 1069 589 καὶ
1114 534 1214 589 οὐκ
1258 534 1904 610 ὲπιστρέφον.’ονομὰζει

2020 554 2074 594 ro
2109 538 2240 593 facti
2274 537 2593 608 sunt,quod
2624 552 2829 608 corpus
2862 536 3189 609 diligerent;
3214 545 3273 591 ut
3296 537 3601 608 justissima

324 628 381 681 δὲ
406 626 536 681 αὐτὸ
564 626 747 699 οἰκείῳ
775 628 998 699 ὀνόματι
1030 631 1058 681 ὁ
1094 628 1434 696 Ἀπόστολος,
1462 631 1737 701 φρόνημα
1763 646 1910 701 σαρ⁶

2020 630 2081 685 Lle
2113 630 2221 686 illis
2250 629 2465 683 dicatur
2492 648 2505 683 :
2534 627 2707 682 Homo
2737 644 2854 681 cum
2884 629 2939 681 in
2968 628 3162 682 honore
3186 637 3343 691 esset,
3378 645 3481 683 non
3509 629 3599 681 in-

325 720 532 785 κὸς-,ὲν
573 713 655 782 οἷς
700 736 861 790 φησι*
923 723 993 774 Τὸ
1045 721 1157 790 γὰρ
1206 722 1483 791 φρόνημα
1535 721 1645 791 τῆς
1685 726 1911 792 σαρκὸς

2020 722 2235 785 tellexit,
2262 730 2600 791 comparatus
2628 730 2707 774 est
2729 720 2984 789 jumentis
3014 718 3406 786 insipientibus,
3438 728 3487 773 et
3520 719 3600 772 si-

325 812 512 880 ἑχθρα
532 813 618 877 εὶς
648 812 796 865 Θεόν
814 829 827 843 ·
860 811 940 876 τῷ
976 814 1086 881 γὰρ
1116 814 1276 883 νόμῳ
1300 814 1408 868 τοῦ
1444 814 1592 868 Θεοῦ
1618 817 1733 885 οὐχ
1761 818 1911 871 ὐπο-

2020 816 2159 870 milis
2192 816 2366 884 factus
2394 822 2473 868 est
2502 814 2612 868 illis
2628 813 2689 868 ³⁸.

325 904 632 971 τάσσεται,
662 905 807 963 οὐδὲ
840 904 948 975 γὰρ
981 905 1231 961 δύναται
1251 924 1263 936 ·
1299 907 1365 960 τὸ
1404 908 1473 961 δὲ
1501 909 1777 978 φρόνημα
1808 910 1916 965 τοῦ
1953 911 2293 980 πνεύματος
2326 908 2437 977 ζωὴ
2478 908 2574 961 καὶ
2608 906 2837 976 εἰρήνη.
2868 905 3023 959 Οὕτω
3049 905 3105 958 δὲ
3136 904 3339 978 σάρκες
3373 906 3423 958 el
3478 922 3601 958 κατ-

325 998 681 1070 ηγορούμενοι
726 999 1039 1068 γεγόνεισαν
1086 1002 1151 1054 ὲκ
1196 1000 1289 1054 τοῦ
1338 1000 1772 1072 φιλοσωματεῖν·
1801 1003 1878 1067 ὡς
1914 1005 2007 1057 καὶ
2069 1003 2196 1074 περὶ
2249 1000 2428 1055 αὐτῶν
2496 1000 2809 1053 δικαιότατα
2836 997 2901 1051 ἂν
2930 997 3181 1069 εἰρῆσθαι
3213 997 3309 1050 τό·
3347 998 3598 1066 Ἄνθρω-

326 1103 439 1159 πος
473 1090 545 1143 ἐν
576 1089 713 1161 τιμῇ
750 1089 836 1144 ὢν
862 1092 930 1144 οὐ
959 1091 1212 1160 συνῆκε,
1240 1093 1749 1163 παρασυνεϐλήθη
1780 1094 1909 1161 τοῖς
1945 1094 2194 1165 κτήνεσι
2220 1093 2345 1160 τοῖς
2372 1092 2671 1162 ἀνοήτοις,
2707 1091 2806 1144 καὶ
2839 1089 3099 1159 ὡμοιώθη
3127 1085 3355 1154 αὐτοῖς.

400 1202 667 1269 Ποσάκις
713 1205 1169 1273 παρεπίκραναν
1217 1207 1405 1261 αὐτὸν
1452 1207 1523 1261 ἐν
1567 1206 1644 1277 τῇ
1691 1207 1909 1278 ἐρήμῳ,

326 1294 710 1365 παρώργισαν
739 1296 927 1351 αὐτὸν
956 1297 1027 1350 ἐν
1052 1296 1129 1368 τῇ
1168 1298 1406 1367 ἀνύδρῳ
1433 1300 1454 1353 .'
1494 1300 1603 1353 Kal
1631 1299 1913 1369 ἐπέστρε-

324 1387 454 1452 ψαν
475 1386 572 1438 καὶ
603 1386 930 1455 ἐπείρασαν
960 1388 1067 1442 τὸν
1100 1388 1268 1456 Θεὸν,
1299 1390 1399 1444 καὶ
1428 1390 1537 1445 τὸν
1569 1392 1777 1461 ’Ἃγιον
1803 1392 1911 1445 τοῦ

339 1476 580 1545 Ἰσραὴλ
608 1477 991 1546 παρώξυναν.
1031 1482 1152 1534 Οὐκ
1195 1480 1595 1550 ἐμνήσθησαν
1643 1480 1752 1550 τῆς
1792 1499 1913 1552 χει-

324 1569 431 1637 ρὸς
459 1569 667 1631 αὐτοῦ,
699 1568 925 1638 ήμέρας
949 1566 1026 1641 ἧς
1050 1570 1429 1642 ἐλυτρώσατο
1462 1573 1684 1639 αὐτοὺς
1708 1573 1777 1627 ὲκ
1799 1591 1916 1642 χει-

324 1660 430 1728 ρὸς
459 1663 907 1729 θλίϐοντος.Ὠς
947 1666 1113 1719 ἔθετο
1150 1667 1220 1719 ἐν
1249 1667 1527 1736 Αἰγύπτῳ
1569 1664 1641 1719 τὰ
1687 1665 1913 1735 σημεῖα

327 1755 536 1820 αὐτοῦ,
571 1756 673 1810 καὶ
724 1756 795 1812 τὰ
835 1756 1051 1825 τέρατα
1096 1758 1283 1811 αὐτοῦ
1326 1758 1387 1810 ἐν
1452 1757 1637 1822 πεδίῳ
1666 1756 1912 1823 Τάνεως.

328 1848 746 1918 Μετέστρεψεν
776 1852 863 1915 εἰς
895 1845 1037 1919 αἷμα
1065 1850 1204 1917 τοὺς
1232 1850 1539 1921 ποταμοὺς
1565 1848 1783 1911 αὐτῶν,
1814 1848 1913 1904 καὶ

330 1940 403 1995 τὰ
449 1940 793 2011 ὀμϐρήματα
841 1941 1038 1999 αὐτῶν
1075 1942 1235 2009 ὅπως
1273 1942 1354 2011 μὴ
1402 1944 1643 1995 πίωσιν.
1674 1940 1915 2006 Ἐξαπέοι

2086 1207 2254 1263 Vens.
2282 1206 2352 1261 40
2377 1236 2399 1247 -
2418 1206 2509 1261 48.
2555 1205 2773 1272 Quoties
2800 1202 3241 1257 exacerbaverunt
3278 1218 3396 1255 eum
3431 1203 3485 1254 in
3508 1201 3600 1253 de-

2016 1314 2178 1366 serto,
2209 1303 2263 1355 in
2290 1302 2427 1354 iram
2464 1300 2858 1353 concitaverunt
2887 1312 3003 1349 eum
3034 1296 3087 1348 in
3122 1305 3260 1349 terra
3297 1294 3601 1364 inaqnosa!

2016 1396 2085 1449 Et
2132 1396 2371 1449 conversi
2422 1403 2543 1448 sunt
2591 1402 2641 1447 et
2688 1400 3017 1445 tentaverunt
3048 1389 3239 1453 Deum,
3267 1399 3316 1442 et
3343 1388 3601 1443 Sanctum

2016 1486 2195 1541 Israel
2232 1484 2701 1540 exacerbaverant.
2744 1480 2869 1536 Non
2916 1489 3038 1535 sunt
3092 1482 3356 1534 recordati
3411 1495 3602 1532 manus

2011 1579 2146 1649 ejus,
2181 1578 2286 1631 diei
2314 1594 2417 1647 qua
2448 1575 2665 1630 redemit
2691 1591 2778 1629 eos
2810 1573 2874 1628 de
2901 1589 3064 1626 manu
3092 1571 3420 1625 tnbulantis.
3454 1570 3602 1625 Sicut

2011 1672 2188 1741 posuit
2215 1670 2269 1723 in
2296 1668 2531 1739 t/Egypto
2563 1668 2716 1738 signa
2745 1684 2866 1730 sua,
2890 1674 2940 1720 et
2965 1662 3212 1734 prodigia
3239 1680 3338 1717 sua
3372 1663 3429 1717 in
3458 1679 3605 1716 cant-

2012 1780 2081 1834 po
2106 1762 2332 1817 Taneos.
2366 1761 2635 1816 Convertit
2674 1761 2729 1814 in
2764 1760 3078 1831 sanguinem
3123 1757 3349 1826 ﬂumina
3397 1772 3601 1818 eorum,

2014 1862 2065 1908 et
2089 1853 2280 1907 imbres
2308 1869 2490 1907 eorum
2520 1868 2583 1906 ne
2605 1850 2859 1905 biberent.
2892 1848 3043 1903 Misit
3072 1849 3125 1902 in
3148 1864 3235 1902 eos
3259 1848 3605 1917 coenomyiam

2016 1956 2065 2000 et
2098 1945 2323 1999 comedit
2354 1961 2466 2009 eos,
2493 1953 2543 1998 et
2570 1960 2766 1997 ranam
2795 1951 2845 1997 et
2867 1940 3186 2012 disperdidit
3216 1956 3325 1995 eos.
3358 1938 3425 1992 Et
3460 1940 3605 1993 dedit

330 2037 574 2088 στειλεν
601 2036 681 2100 εὶς
714 2034 936 2107 αὐτοὺς
966 2036 1301 2104 κυνόμυιαν
1327 2034 1425 2087 καὶ
1450 2034 1784 2103 κατέφαγεν
1808 2033 1915 2086 αὑ-

2020 2039 2242 2109 αιηιρὶηἱ
2285 2037 2519 2107 fructum
2550 2052 2755 2101 eorum,
2791 2043 2842 2089 et
2882 2034 3090 2089 labores
3132 2049 3315 2088 eorum
3365 2033 3602 2086 locusta.

330 2125 498 2191 τοὺς,
528 2125 626 2179 καὶ
670 2124 984 2195 βάτραχον
1016 2126 1113 2181 καὶ
1146 2125 1477 2195 διέφθειρεν
1521 2128 1765 2192 αὐτούς.
1802 2125 1915 2182 Καὶ

329 2217 514 2276 ἔδωκε
561 2215 639 2285 τῇ
686 2217 936 2289 ἑρυσίϐῃ
980 2216 1087 2270 τὸν
1128 2218 1361 2286 καρπὸν
1389 2214 1605 2283 αὐτῶν,
1634 2215 1734 2271 καὶ
1773 2216 1917 2283 τοὺς

330 2310 556 2375 πόνους
586 2306 786 2361 αὐτῶν
818 2307 894 2377 τῇ
929 2307 1149 2384 ἀκρίδι.
1181 2309 1293 2363 Καὶ
1320 2307 1685 2373 ἀπέκτεινεν,
1711 2310 1782 2364 ἐν
1809 2326 1918 2379 χα-

330 2400 475 2470 λάζῃ
520 2400 635 2469 τὴν
674 2400 948 2469 ἄμπελον
984 2399 1215 2467 αὐτῶν,
1251 2401 1347 2455 καὶ
1389 2401 1496 2467 τὰς
1544 2402 1919 2472 συκαμίνους

331 2484 529 2551 αὐτῶν
556 2492 626 2546 ἐν
653 2491 728 2564 τῇ
755 2491 976 2562 πάχνη.
1021 2492 1129 2552 Kal
1162 2492 1504 2560 παρέδωκεν
1539 2495 1627 2559 εἰς
1652 2493 1920 2563 χάλαζαν

332 2591 406 2646 τὰ
433 2591 621 2660 κτήνη
643 2593 861 2656 αὐτῶν,
882 2592 981 2653 καὶ
1007 2592 1122 2659 τὴν
1141 2591 1399 2661 ὕπαρξιν
1422 2592 1623 2647 αὐτῶν
1645 2592 1726 2659 τῷ
1750 2594 1914 2661 πυρί.

332 2682 488 2736 Μετὰ
520 2684 589 2737 τὰ
615 2684 977 2759 προλεχθέντα
1009 2685 1186 2738 πάντα
1206 2683 1511 2761 παρέμενον
1540 2686 1919 2757 παραπικραί-

332 2790 531 2839 νοντες,
566 2774 810 2827 τουτέστι
846 2776 1042 2846 πικρὸν
1068 2777 1279 2839 ἑαυτοῖς
1308 2777 1398 2830 τὸν
1445 2776 1577 2830 Θεὸν
1623 2775 1922 2830 καθιστῶν-

332 2884 443 2934 τες,
481 2867 716 2939 χρηστὸν
745 2866 873 2922 ὄντα
913 2870 979 2939 τῇ
1013 2868 1169 2938 φύσει
1207 2868 1299 2927 καὶ
1344 2868 1545 2937 ἀγαθὸν
1575 2868 1668 2922 καὶ
1695 2867 1918 2936 γλυκὺν,

332 2961 445 3021 τοῖς
495 2958 552 3011 δὲ
592 2959 862 3036 τιμωρίας
902 2959 1072 3024 ἀξίοις
1117 2959 1312 3030 πικρὸν
1357 2958 1730 3031 νομιζόμενον.
1762 2953 1921 3013 Οὗτοι

332 3043 464 3112 γοῦν
498 3046 546 3098 oi
583 3046 638 3099 ἒν
663 3048 728 3117 τῇ
766 3048 957 3125 ἐρήμῳ
991 3046 1347 3118 παρώργισαν
1377 3049 1557 3111 αὐτὸν,
1585 3050 1798 3113 ἑαυτοῖς
1822 3048 1921 3120 τὴν

333 3136 503 3208 ὀργὴν
535 3137 927 3218 ἐπισπώμενοι.
958 3140 1066 3193 Καὶ
1090 3141 1250 3199 πάλιν
1283 3140 1617 3217 ἐπέστρεφον
1651 3140 1746 3194 καλ⁴
1769 3141 1919 3194 ἐπεί-

337 3231 499 3301 ραζον
532 3230 622 3284 τὸν
655 3231 806 3295 Θεὸν,
845 3232 939 3287 καὶ
974 3232 1065 3285 τὸν
1092 3234 1274 3302 Ἄγιον
1308 3233 1402 3293 τοῦ
1420 3233 1634 3306 Ἰσραὴλ
1665 3230 1922 3306 παρώξυ-

335 3338 444 3375 νον.
465 3321 575 3375 Kal.
595 3321 769 3377 ταῦτα
791 3323 969 3378 πάντα
995 3324 1314 3395 διέπραττον
1345 3327 1419 3397 μὴ
1451 3325 1921 3397 ἀναλαμϐάνοντες

336 3415 402 3484 τῇ
450 3416 638 3486 μνήμῃ
668 3415 768 3478 τὰς
814 3416 979 3470 πάλαι
1007 3392 1310 3488 δειχθείσας
1346 3392 1537 3482 ταύτοῖς
1584 3392 1920 3489 παραδόξους
1946 3392 1988 3449 c

337 3506 624 3577 δυνάμεις·
648 3508 768 3561 καθ’
797 3505 855 3570 ὃν
886 3510 1076 3580 καιρὸν
1098 3509 1461 3580 λυτρούμενος
1489 3510 1686 3573 αὐτοὺς
1716 3511 1782 3565 ὲκ
1804 3527 1919 3578 χει-

339 3599 432 3673 ρὸς
474 3599 748 3665 θλίϐοντος
791 3601 884 3654 τοῦ
935 3601 1154 3672 Φαραὼ,
1182 3601 1474 3672 ἠλευθέρου
1498 3602 1599 3672 τῆς
1628 3601 1735 3657 τῶν
1760 3602 1924 3671 Αιγυ-

337 3693 508 3745 πτίων
541 3692 881 3757 δυναστείας,
912 3693 1183 3766 διαφόρως
1209 3695 1335 3757 τοὺς
1376 3694 1607 3765 ἐχθροὺς
1633 3693 1812 3752 αὐτῶν
1840 3694 1924 3747 αἰσ-

336 3784 619 3856 κιζόμενος
644 3788 699 3839 ὲν
723 3787 802 3856 τῲ
825 3787 1042 3851 Τάνεως
1069 3788 1234 3859 πεδίῳ
1255 3806 1267 3819 ·
1294 3788 1351 3841 ὲν
1372 3779 1415 3855 ᾧ
1440 3785 1659 3858 πρῶτον
1679 3786 1924 3855 ἐγίγνετο

336 3877 370 3947 ἡ
417 3876 509 3931 τοῦ
550 3879 797 3949 ποταμοῦ
829 3880 908 3945 εἰς
945 3874 1082 3950 αἷμα
1114 3878 1402 3950 μεταϐολὴ,
1442 3879 1760 3951 Αίγυπτίοις
1788 3874 1925 3932 οὖσα

337 3969 582 4042 τοιαύτη,
610 3971 669 4023 οὐ
701 3969 806 4041 μὴν
845 3971 1076 4036 καὶτοῖς
1109 3968 1684 4043 βοηθουμένοις.’⁹Οθεν
1718 3970 1812 4022 καὶ
1852 3967 1924 4021 τὰ

336 4054 683 4134 ὁμϐρήματα
708 4062 967 4134 αὑτῶν,ἢ
1016 4063 1158 4122 κατὰ
1204 4063 1293 4119 τὸν
1332 4062 1581 4126 Ἀκύλαν,
1613 4065 1673 4116 al
1703 4059 1924 4130 κατάρο

339 4153 491 4219 ῥοιαί
517 4151 733 4218 αὐτῶν,
764 4153 796 4224 ἢ
823 4154 963 4208 κατὰ
993 4154 1083 4208 τὸν
1110 4154 1425 4226 Σύμμαχον,
1461 4155 1533 4219 τὰ
1567 4153 1773 4222 ῥεῖθρα
1819 4154 1925 4208 αὑ-

340 4240 495 4307 τῶν,
543 4244 900 4313 μετεϐάλλετο
950 4246 1030 4309 εἰς
1085 4229 1248 4317 αἷμα.
1302 4247 1459 4306 Πᾶσα
1509 4244 1619 4317 γὰρ
1667 4244 1923 4308 σύστασις

340 4335 550 4389 ὑδάτων
581 4336 649 4389 τὰ
686 4338 845 4407 ὃμοια
873 4336 949 4408 τῷ
976 4337 1204 4409 ποταμῷ
1247 4337 1503 4409 ἔπασχεν.
1524 4335 1686 4391 Ἀλλὰ
1719 4336 1922 4392 τούτων

337 4428 593 4499 οὐδεμίαν
635 4430 914 4484 ἐποιοῦντο
948 4432 1165 4504 μνήμην
1208 4432 1256 4483 οἱ
1285 4429 1769 4501 κατηγορούμενοι,
1804 4428 1923 4487 οὐδὲ

337 4523 404 4591 τῇ
430 4520 517 4572 διὰ
543 4521 641 4591 τῆς
672 4522 969 4593 κυνομυίας
997 4523 1117 4581 κατ’
1144 4523 1457 4591 Αἰγυπτίων
1487 4522 1669 4597 πληγῇ
1710 4525 1922 4595 προσεῖ-

337 4630 433 4682 χον
457 4612 548 4664 τὸν
573 4612 719 4678 νοῦν,
740 4613 861 4666 οὐδὲ
885 4616 950 4685 τῇ
972 4613 1059 4667 διὰ
1089 4614 1197 4668 τῶν
1220 4614 1503 4687 βατράχων
1534 4615 1776 4686 μάστιγι,
1799 4615 1922 4669 οὐδὲ

336 4707 406 4775 τῇ
425 4703 514 4757 διὰ
542 4704 642 4775 τῆς
668 4706 927 4779 ἐρυσίϐης
963 4706 1061 4778 (1)·
1099 4707 1213 4765 ἀλλ’
1245 4707 1354 4761 οὐδ’
1381 4708 1533 4770 ,ὅπως
1566 4707 1633 4760 δι’
1657 4708 1853 4771 αὐτοὺς
1872 4708 1920 4767 οἱ

2017 2129 2087 2183 Et
2131 2129 2326 2185 occidit
2364 2130 2421 2182 in
2450 2127 2711 2200 grandine
2754 2127 2959 2180 vineam
2990 2142 3194 2190 eorum,
3232 2135 3281 2180 et
3310 2142 3486 2179 moros
3516 2141 3607 2179 eo-

2015 2238 2136 2276 rum
2163 2223 2219 2276 in
2240 2223 2457 2292 pruina.
2493 2220 2563 2275 Et
2595 2219 2817 2273 tradidit
2856 2220 3106 2289 grandini
3128 2219 3372 2289 jumenta
3399 2235 3603 2283 eorum,

2015 2328 2064 2372 et
2103 2315 2486 2387 possessionem
2535 2327 2717 2366 eorum
2764 2311 2892 2381 igni.
2927 2309 3056 2366 Post
3109 2309 3370 2380 praedicta
3394 2311 3603 2372 omnia,

2016 2408 2431 2469 exacerbantes,
2470 2404 2667 2474 inquit,
2705 2410 3150 2473 permanserunt,
3185 2403 3239 2456 id
3290 2411 3395 2466 est,
3432 2400 3602 2456 Deum

2017 2503 2125 2559 sibi
2174 2500 2431 2556 acerbum
2479 2498 2900 2560 constituentes,
2934 2495 3029 2564 qui
3066 2502 3250 2548 tamen
3285 2500 3607 2548 mansuetus

2016 2604 2236 2658 natura,
2273 2595 2451 2650 bonus
2493 2600 2547 2647 et
2573 2590 2753 2645 dulcis
2783 2598 2905 2657 est;
2940 2589 3037 2644 sed
3065 2590 3133 2643 ab
3169 2589 3236 2643 iis
3269 2587 3363 2658 qui
3396 2588 3607 2657 suppli-

2017 2691 2102 2745 cio
2127 2688 2279 2759 digni
2312 2693 2443 2741 sunt
2473 2683 2706 2739 acerbus
2734 2682 3104 2737 existimatur.
3139 2679 3204 2734 Hi
3238 2680 3402 2749 igitur
3428 2680 3521 2749 qui
3550 2680 3607 2732 in

2017 2779 2238 2834 deserto
2284 2775 2641 2829 irritaverunt
2687 2788 2836 2839 eum,
2882 2771 2989 2827 sibi
3040 2772 3178 2825 iram
3232 2778 3601 2824 attraxerunt.

2018 2871 2369 2940 Rursumque
2399 2868 2754 2923 vertebantur
2790 2872 2849 2920 ut
2876 2870 3151 2920 tentarent
3173 2862 3364 2926 Deum,
3393 2874 3445 2917 et
3468 2861 3611 2918 San-

2019 2970 2170 3017 ctum
2193 2962 2362 3016 Israel
2388 2960 2803 3016 exacerbarent.
2827 2957 2957 3013 Haec
2982 2972 3148 3027 porro
3165 2955 3349 3010 omnia
3374 2954 3612 3025 agebant

2018 3055 2166 3127 quod
2197 3054 2476 3109 mirabiles
2498 3052 2619 3107 illas
2650 3051 2754 3105 sibi
2777 3050 2909 3104 olim
2938 3047 3214 3103 exhibitas
3241 3045 3471 3100 virtutes
3493 3061 3609 3100 me-

2020 3148 2192 3202 moria
2220 3161 2330 3200 non
2362 3150 2672 3215 repeterent
2701 3160 2717 3198 :
2750 3156 2862 3213 quo
2897 3151 3143 3211 tempore
3173 3138 3242 3194 de
3279 3153 3443 3193 manu
3467 3136 3611 3191 Pha-

2020 3240 2207 3294 raonis
2240 3254 2299 3293 se
2324 3237 2686 3307 Opprimentis
2716 3234 2951 3291 redemit
2978 3249 3096 3299 eos,
3131 3242 3185 3289 et
3217 3231 3285 3286 ab
3318 3230 3610 3303 Egyptio-

2021 3345 2142 3384 rum
2174 3328 2458 3384 dominatu
2492 3327 2763 3391 liberavit,
2794 3326 3089 3394 variasque
3134 3322 3372 3407 inimicis
3417 3337 3611 3377 eorum

2022 3425 2221 3481 inﬂixit
2247 3426 2436 3497 plagas
2466 3428 2521 3478 in
2556 3438 2752 3493 campo
2785 3420 2828 3475 T
2833 3436 3000 3476 aneos
3033 3439 3045 3473 :
3085 3419 3177 3473 ubi
3219 3419 3395 3488 primo
3428 3417 3611 3471 conti-

2023 3521 2101 3592 git
2150 3519 2391 3574 ﬂuminis
2441 3519 2496 3572 in
2552 3517 2875 3587 sanguinem
2928 3514 3182 3576 mutatio,
3215 3527 3336 3582 quae
3387 3510 3608 3581 quidem

2024 3611 2298 3684 Egyptiis
2344 3610 2472 3666 talis
2519 3619 2658 3674 erat,
2686 3623 2795 3662 non
2819 3613 3001 3662 autem
3033 3605 3102 3660 iis
3132 3603 3224 3674 qui
3248 3603 3607 3672 juvabautur.

2024 3703 2205 3770 Quare
2239 3703 2444 3758 imbres
2476 3715 2698 3772 quoque
2725 3715 2938 3765 eorum,
2971 3697 3086 3753 sive
3112 3694 3415 3752 secundum
3438 3693 3613 3764 Aqui~

2023 3790 2153 3857 lam,
2187 3792 2367 3861 ﬂuxus
2389 3805 2601 3854 eorum;
2622 3790 2737 3845 sive
2761 3787 3063 3844 secundum
3092 3784 3503 3858 Symmachum,
3527 3784 3613 3837 al-

2023 3886 2102 3940 vei
2128 3901 2333 3949 eorum,
2363 3883 2419 3937 in
2449 3884 2771 3953 sanguinem
2807 3880 3179 3937 vertebantur.
3195 3877 3386 3932 Omnis
3412 3877 3613 3947 quippe

2024 3992 2291 4048 aquarum
2341 3976 2616 4039 collectio,
2652 3974 2804 4044 paria
2846 3972 3058 4029 ﬂumini
3106 3986 3271 4043 passa
3318 3977 3423 4027 est.
3457 3969 3527 4026 At
3572 3970 3611 4025 ii

2022 4071 2117 4140 qui
2163 4075 2514 4132 accusantur,
2536 4068 2743 4122 nullam
2795 4080 2985 4121 eorum
3040 4064 3361 4121 memoriam
3408 4064 3614 4119 retine-

2023 4159 2177 4223 bant,
2207 4174 2386 4229 neque
2436 4158 2619 4213 animo
2672 4156 2993 4227 repetebant
3028 4155 3611 4231 ccenomyize‘plagam

2023 4250 2297 4324 Egyptiis
2332 4250 2661 4314 immissam,
2700 4265 2807 4306 non
2839 4264 3099 4304 ranarum
3130 4263 3309 4318 neque
3352 4248 3613 4318 aeruginis

2023 4343 2332 4412 ﬂagellum;
2383 4342 2480 4398 sed
2540 4356 2719 4411 neque
2768 4354 2877 4411 qua
2928 4339 3144 4394 ratione
3188 4338 3406 4392 illorum
3437 4337 3614 4408 gratia

2023 4434 2266 4508 Egyptii
2314 4435 2561 4497 locustae,
2595 4430 3108 4503 grandini,pruinze
3159 4436 3215 4484 et
3263 4429 3374 4498 igni
3429 4427 3613 4482 traditi

2023 4528 2459 4606 castigabantur.
2480 4524 2697 4579 Horum,
2721 4524 3154 4593 experimentum
3177 4535 3302 4576 cum
3324 4535 3489 4591 opere
3518 4535 3611 4574 ce-
3648 4552 3651 4553 ν

2024 4622 2255 4692 pissent,
2289 4621 2641 4675 immemores
2692 4629 2874 4671 tamen
2923 4614 3168 4669 omnium
3215 4619 3394 4667 erant.
3431 4612 3615 4677 Quare

2028 4711 2331 4773 secundum
2371 4706 2763 4780 Symmachum
2810 4705 3022 4760 dictum
3053 4714 3136 4760 est
3171 4723 3185 4758 :
3225 4701 3350 4756 Non
3380 4710 3501 4756 sunt
3530 4718 3616 4754 re-

337 4797 625 4865 Αἰγύπτιοι
667 4798 848 4871 ἀκρίδι
893 4801 987 4853 καὶ
1038 4799 1269 4877 χαλάζῃ,
1300 4802 1395 4854 καὶ
1436 4800 1617 4873 πάχνη
1646 4802 1741 4854 καὶ
1786 4800 1921 4873 πυρὶ

2028 4802 2235 4859 cordati
2278 4817 2466 4855 manus
2513 4801 2649 4868 ejus,
2685 4799 2789 4853 diei
2812 4815 2917 4870 qua
2946 4798 3187 4852 liberavit
3229 4813 3315 4850 eos
3345 4794 3409 4849 de
3437 4793 3612 4847 tribu-

340 4890 736 4962 παραδοθέντες
768 4892 1100 4958 ἐκολάζοντο.
1136 4894 1354 4950 Τούτων
1385 4894 1429 4948 δ’
1459 4894 1641 4967 ἔργοις
1675 4892 1772 4965 τὴν
1804 4895 1922 4946 πεῖ-

340 4997 442 5054 ραν
492 4983 793 5053 εἰληφότες,
823 4986 1135 5057 ἀμνήμονες
1173 4986 1432 5041 ἁπάντων
1484 4986 1779 5056 ἐγίγνοντο.
1829 4986 1921 5039 Διὸ

339 5074 481 5128 κατὰ
508 5073 598 5128 τὸν
628 5075 922 5147 Σύμμαχον
965 5077 1210 5155 εἴρηται·
1251 5080 1372 5133 Οὐκ
1405 5078 1921 5150 ἀνεμιμνήσκοντο

340 5166 455 5234 τὴν
502 5167 671 5236 χεῖρα
710 5168 912 5232 αὑτοῦ,
938 5169 1049 5239 τὴν
1076 5170 1303 5243 ἡμέραν
1326 5171 1397 5225 ἐν
1421 5165 1461 5244 ᾖ
1491 5172 1785 5240 ἐρρύσατο
1815 5172 1922 5225 αὺ-

338 5256 482 5323 τοὺς
515 5259 583 5311 ἐκ
619 5259 722 5313 τοῦ
754 5261 1095 5328 θλίϐοντοςι
1138 5262 1242 5316 τοῦ
1286 5262 1653 5330 ποιήσαντος
1696 5263 1768 5318 τὰ
1806 5278 1921 5330 ση-

341 5348 473 5415 μεῖα
507 5350 694 5403 αὑτοῦ
729 5350 829 5405 καὶ
861 5351 933 5405 τὰ
962 5351 1174 5421 τέρατα
1205 5354 1391 5409 αὑτοῦ
1419 5354 1489 5408 ἐν
1510 5356 1808 5426 Αἰγύπτῳ,
1852 5357 1922 5409 ἐν

340 5439 523 5505 πεδίῳ
576 5441 827 5511 Τάνεως·
864 5444 968 5499 τοῦ
1008 5448 1447 5515 μεταϐαλόντος
1488 5450 1575 5515 εὶς
1614 5443 1757 5518 αἷμα
1783 5448 1924 5515 τοὺς

341 5534 645 5601 ποταμοὺς
695 5537 913 5603 αὐτῶν,
941 5538 1040 5592 καὶ
1089 5540 1161 5595 τὰ
1199 5540 1405 5614 ῥεῖθρα
1451 5538 1668 5606 αὐτῶν,
1698 5541 1799 5596 ἵνα
1832 5540 1920 5612 μὴ

342 5625 524 5679 πίωσι
548 5643 561 5656 ·
590 5627 696 5681 τοῦ
724 5628 1171 5702 ἐπιπέμψαντος
1208 5629 1413 5703 αὐτοῖς
1444 5632 1777 5705 κυνόμυιαν
1809 5647 1922 5699 φα·-

413 5741 457 5773 ³⁶
482 5741 626 5797 Psal.
657 5759 847 5809 xum,
872 5745 964 5801 2i.

417 5856 491 5927 (1)
526 5855 625 5912 Ms.
658 5854 934 5929 ἐρισύθης.

2027 4897 2195 4960 laute,
2221 4895 2336 4966 ejus
2390 4895 2480 4964 qui
2534 4893 2657 4962 fecit
2707 4893 2861 4962 signa
2906 4908 3008 4945 sua
3049 4899 3099 4945 et
3146 4888 3388 4958 prodigia
3418 4904 3517 4942 sua
3558 4887 3615 4939 in

2026 4989 2281 5059 Afyypto,
2318 4988 2372 5040 in
2400 5002 2585 5054 campo
2605 4984 2845 5046 Taneos;
2869 4984 2959 5054 qui
2987 4981 3284 5036 immutavit
3317 4980 3370 5032 in
3405 4978 3617 5047 sangui-

2026 5097 2143 5136 nem
2171 5079 2396 5148 ﬂumina
2428 5095 2631 5143 eorum,
2663 5087 2711 5131 et
2743 5077 2915 5130 alveos
2951 5092 3132 5131 eorum
3156 5082 3332 5127 utnon
3352 5071 3613 5135 biberent;

2026 5171 2117 5242 qui
2158 5170 2302 5223 misit
2330 5171 2459 5237 ipsis
2504 5168 2851 5238 canomyiam
2902 5166 2969 5220 ad
3003 5162 3377 5219 comedendum
3420 5177 3531 5223 eos,
3565 5172 3615 5215 et

2027 5277 2218 5315 ranam
2252 5259 2321 5313 ad
2357 5257 2762 5328 disperdendum
2791 5273 2914 5320 eos;
2961 5256 3050 5325 qui
3078 5252 3221 5307 dedit
3249 5252 3471 5322 aerugini
3497 5250 3585 5319 [ru
3603 5278 3616 5291 -

2025 5362 2141 5406 ctus
2172 5367 2354 5405 eorum
2384 5359 2433 5404 et
2467 5350 2673 5404 labores
2701 5364 2883 5402 eorum
2915 5346 3165 5407 locustw;
3196 5343 3287 5415 qui
3341 5342 3528 5396 occidit
3560 5342 3616 5397 in

2023 5444 2525 5515 grandinevineam
2572 5459 2774 5507 eorum,
2807 5452 2855 5495 et
2879 5456 3180 5510 sycomoros
3206 5453 3386 5492 eorum
3416 5438 3467 5489 in
3497 5450 3615 5488 ver-

2026 5552 2141 5602 me;
2170 5537 2261 5607 qui
2292 5533 2513 5601 tradidit
2536 5534 2670 5602 pesti
2688 5532 2934 5601 jumenta
2963 5546 3165 5593 eorum,
3190 5539 3239 5583 et
3262 5528 3614 5598 possessiones

2025 5646 2205 5687 eorum
2236 5629 2441 5686 avibus.
2473 5628 2579 5687 Pro
2603 5628 2697 5685 illo
2739 5636 2944 5691 autem,
2976 5624 3221 5695 aerugini,
3254 5620 3619 5695 Symmachus
3714 5613 3723 5621 ’
