4126 6400
500 384 607 444 927

503 526 763 582 similiter
789 533 1033 596 myzetar,
1069 523 1185 580 sive
1212 526 1439 596 azrugini
1462 540 1482 589 ;
1513 524 1710 595 Aquila
1740 533 1947 591 autem,
1980 524 2103 579 bra-

2206 527 2331 599 γεῖν
2366 527 2610 596 αὐτοὺς,
2654 528 2755 582 καὶ
2793 526 3105 595 βάτραχον
3149 522 3475 593 διαφθεῖραι
3522 522 3744 588 αὐτούς
3772 538 3790 555 ο

502 619 619 687 cito,
656 619 998 688 interpretati
1031 624 1199 685 sunt;
1227 633 1291 672 ac
1322 634 1542 673 rursum
1574 634 1673 688 pro
1708 619 1822 681 illo,
1859 619 2091 687 pruinae,

2206 620 2309 675 τοῦ
2336 620 2550 689 δόντος
2583 620 2665 686 τῷ
2701 617 2928 689 μυζήτῃ
2967 618 3041 673 τὰ
3069 617 3409 689 γεννήματα
3433 615 3649 681 αὐτῶν,
3684 614 3793 669 καὶ

505 711 889 787 Symmachus,
927 713 1109 778 vermi,
1146 713 1366 782 Aquila,
1403 711 1457 765 in
1500 712 1692 782 glacie,
1724 710 1917 765 edidit.
1971 709 2097 765 Ha:c

2206 712 2342 778 τοὺς
2370 713 2597 778 κόπους
2624 711 2825 767 αὐτῶν
2866 711 2942 781 τῇ
2973 709 3170 780 ἀκρίόι
3194 728 3208 742 ν
3256 708 3365 763 τοῦ
3393 710 3789 764 ἀποκτείναν-

503 818 671 875 porro
716 818 747 857 a
795 802 981 875 Moyse
1013 804 1383 874 praetermissa
1415 804 1503 858 hic
1534 813 1867 859 enarrantur
1900 823 1913 858 :
1951 804 2098 857 vidc-

2206 822 2300 871 τος
2323 806 2393 859 ἐν
2422 803 2648 875 χαλάζῃ
2675 806 2791 875 τὴν
2815 805 3088 875 ἄμπελον
3116 801 3313 861 αὐτῶν
3335 802 3433 857 καὶ
3464 801 3569 867 τὰς
3599 818 3793 855 συκο-

502 904 597 951 tur
625 904 804 950 autem
834 910 1020 966 terugo
1038 903 1092 949 et
1114 906 1373 966 myzetes.
1407 896 1549 950 idem
1584 913 1707 951 csse
1731 897 1825 965 qui
1857 912 1888 950 a
1914 896 2097 968 Moyse

2206 900 2418 966 μόρους
2465 898 2665 952 αὐτῶν
2707 899 2776 952 ἐν
2821 898 3118 967 σκώληκιο
3148 895 3255 949 τοῦ
3287 894 3570 960 ἐκδόντος
3597 893 3793 962 λοιμῷ

501 988 682 1059 cinips
714 996 961 1043 vocatur.
996 986 1133 1041 Nam
1180 1002 1305 1041 cum
1344 987 1544 1059 Moysis
1581 986 1868 1058 Scriptura
1907 989 2094 1044 decem

2206 991 2271 1042 τὰ
2301 988 2491 1056 κτήνη
2523 989 2741 1055 αὐτῶν,
2769 989 2867 1043 καὶ
2914 990 2985 1042 τὰ
3016 986 3285 1057 κτήματα
3311 983 3510 1039 αὐτῶν
3531 983 3789 1049 οἰωνοῖς.

1156 379 1429 440 EUSEBII
1487 380 1977 439 CiSARlENSlS
2014 382 2166 439 OPP.
2216 381 2396 441 PARS
2435 382 2524 441 Ill.
2553 416 2619 425 —
2658 381 3070 439 EXEGETICA.
3681 380 3789 437 ονε

502 1080 694 1152 plagas
720 1090 1021 1147 memoret;
1056 1080 1142 1135 hic
1170 1095 1372 1142 sermo,
1399 1080 1744 1151 sanguinem,
1775 1095 1957 1143 ranas,
1977 1095 2097 1133 ete-

505 1175 804 1247 nomyiam,
827 1176 1121 1239 locustam,
1166 1174 1511 1246 grandinem,
1546 1174 1919 1244 jumentorum
1952 1191 2097 1229 mor-

504 1274 637 1333 tem,
667 1268 1159 1339 primogenitorum
1182 1268 1413 1333 obitum,
1443 1268 1720 1323 recensuit
1743 1284 1757 1333 ;
1784 1284 1891 1322 non
1917 1276 2096 1322 autem

504 1358 774 1429 ciniphes,
809 1375 917 1412 non
971 1369 1239 1424 tumores,
1275 1374 1383 1413 non
1416 1358 1707 1423 tenebras;
1740 1372 1838 1427 pro
1866 1357 1973 1411 illis
2000 1369 2100 1410 lu-

506 1458 616 1506 tem
643 1451 939 1525 aeruginem
971 1449 1107 1504 dixit
1138 1459 1190 1504 et
1226 1451 1473 1519 pruinam
1499 1466 1513 1513 ;
1544 1464 1777 1517 quorum
1814 1449 1954 1511 loco,
1974 1463 2093 1517 my-

507 1552 661 1598 zeten
695 1552 789 1597 aut
817 1544 1108 1608 bruchum,
1142 1559 1380 1598 vermem
1414 1552 1508 1597 aut
1532 1543 1762 1614 glaciem
1792 1540 1989 1611 reliqui
2019 1540 2098 1594 in-

509 1632 794 1701 terpretati
821 1642 971 1687 sunt.

2212 1082 2356 1134 Ἀντὶ
2408 1080 2464 1134 δὲ
2511 1080 2627 1146 τοῦ,
2686 1079 2759 1150 τῇ
2806 1081 3051 1149 ἐρυσίόῃ
3105 1080 3222 1149 (l),
3269 1078 3299 1131 6
3351 1076 3449 1148 μὲν
3492 1075 3794 1146 Σύμμαχος

2197 1172 2401 1245 ὁμοίως
2433 1172 2514 1239 τῷ
2540 1172 2790 1242 μυζήτῃ,
2823 1175 2853 1226 6
2897 1173 2951 1226 δὲ
2999 1171 3229 1234 Ἀκύλας
3261 1168 3342 1235 τῷ
3387 1168 3653 1237 βρούχῳ,
3687 1168 3796 1237 ἠρ-

2205 1267 2470 1337 μήνευσε·
2528 1268 2623 1319 καὶ
2674 1265 2836 1319 πάλιν
2885 1265 3007 1319 ἀντὶ
3057 1262 3174 1326 τοῦ,
3212 1260 3289 1330 τῆ
3338 1259 3565 1330 πάχνη,
3608 1259 3637 1312 6
3687 1258 3795 1327 μὲν

2201 1355 2496 1426 Σύμμαχος
2520 1354 2599 1421 τῷ
2629 1355 2917 1424 σκώληκι.
2952 1355 2981 1407 6
3012 1355 3069 1408 δὲ
3116 1353 3343 1417 Ἀκύλας
3374 1352 3444 1405 ἐν
3489 1349 3673 1418 κρύει,
3696 1350 3795 1402 ἐκ·

2200 1447 2485 1502 δεδώκασι.
2523 1448 2921 1519 Σεσιωπημένα
2970 1448 3027 1500 δὲ
3072 1447 3247 1501 ταῦτα
3282 1442 3434 1515 παρὰ
3482 1442 3673 1496 Μωσεῖ
3726 1439 3793 1493 τὸ

2202 1541 2378 1611 παρὸν
2403 1540 2583 1609 λόγιον
2612 1541 3060 1606 ἐδίδαξεν.Ἔοικε
3085 1540 3142 1593 δέ
3174 1542 3207 1609 ἡ
3239 1537 3466 1610 ἐρυσίϐη
3505 1535 3596 1590 καὶ
3627 1536 3656 1588 6
3686 1550 3793 1603 μυ-

2202 1628 2373 1702 ζήτης
2406 1632 2567 1696 αὐτὸς
2598 1629 2736 1687 εἶναι
2769 1634 2798 1685 6
2831 1632 2981 1703 παρὰ
3028 1633 3218 1687 Μωσεῐ
3253 1628 3589 1701 κεκλημένος
3634 1625 3791 1693 κνίψ.

510 1728 623 1799 Τῆς
656 1727 764 1799 γὰρ
798 1728 1042 1790 Μωσέως
1075 1727 1300 1798 Γραφῆς
1340 1727 1786 1798 μνημονευούσης
1845 1726 1977 1780 δέκα
2036 1726 2279 1798 πληγῶν,
2350 1730 2379 1781 6
2415 1730 2604 1803 παρὼν
2672 1731 2827 1800 λόγος
2870 1730 2964 1784 τοῦ
3006 1731 3237 1801 αἵματος
3281 1728 3649 1799 ἐμνημόνευσε
3694 1723 3800 1776 καὶ

509 1818 618 1873 τῶν
650 1819 936 1890 βατράχων
985 1820 1078 1872 καὶ
1109 1819 1210 1889 τῆς
1251 1821 1549 1889 κυνομυίας
1584 1821 1679 1873 καὶ
1729 1821 1827 1891 τῆς
1883 1820 2103 1891 ἁκρίδος
2141 1821 2233 1875 καὶ
2259 1821 2360 1889 τῆς
2392 1824 2653 1893 χαλάζης,
2722 1825 2815 1878 καὶ
2850 1824 2944 1877 τοῦ
2995 1822 3222 1877 θανάτου
3251 1822 3360 1875 τῶν
3391 1818 3626 1890 κτηνῶν,
3695 1814 3799 1866 καὶ

510 1912 605 1965 τοῦ
638 1912 867 1965 Θανάτου
901 1910 1009 1964 τῶν
1078 1912 1464 1982 πρωτοτόκων·
1509 1913 1750 1966 σκνιπῶν
1796 1929 1854 1965 τε
1893 1912 2013 1981 (sic)
2044 1912 2143 1964 ούκ
2182 1914 2450 1985 ἐμνήσθη,
2519 1917 2638 1969 ούδέ
2688 1914 2798 1969 τῶν
2848 1914 3184 1985 φλυκτανῶν,
3219 1914 3340 1967 οὐδὲ
3383 1911 3479 1971 τοῦ
3521 1910 3751 1971 σκότους
3779 1928 3797 1941 ·

511 2007 633 2061 ἀντὶ
677 2008 733 2060 δὲ
778 2008 980 2059 τούτων
1028 2006 1287 2078 ἐρυσίϐην
1314 2001 1433 2059 εἶπε
1468 2007 1561 2059 καὶ
1597 2007 1842 2078 πάχνην·
1877 2006 1993 2060 ἀνθ’
2027 1999 2101 2059 ὧν
2142 2006 2387 2080 μυζήτην
2459 2011 2493 2080 ἢ
2531 2009 2781 2080 βροῦχον,
2818 2010 2851 2082 ἢ
2923 2007 3201 2080 σκώληκα,
3236 2008 3270 2078 ἢ
3313 2006 3478 2079 κρύος
3520 2004 3571 2057 οἱ
3614 2002 3798 2054 λοιποὶ

510 2104 888 2175 ἡρμήνευσαν.

579 2205 745 2261 Vsus.
779 2206 971 2260 49-5].
1015 2205 1164 2260 Misit
1187 2207 1243 2261 in
1274 2223 1361 2261 eos
1385 2208 1522 2261 iram
1551 2207 1935 2278 indignationis
1961 2225 2095 2268 sum.
2132 2212 2172 2266 Β

506 2295 923 2365 indignationem
957 2306 1005 2350 et
1040 2297 1178 2349 iram
1202 2306 1251 2349 et
1276 2296 1694 2361 tribulationem,
1720 2298 2100 2352 immissionem

509 2408 606 2460 per
622 2391 834 2459 angelos
851 2391 1040 2444 malos.
1059 2390 1210 2443 Viam
1228 2389 1351 2459 fecit
1381 2390 1582 2445 semita:
1620 2392 1716 2443 ira:
1734 2408 1865 2454 sua,
1881 2407 1982 2443 non
2012 2406 2100 2459 pe-

510 2484 676 2553 percit
707 2500 738 2536 a
765 2493 930 2537 morte
950 2482 1231 2536 animabus
1261 2498 1465 2547 eorum,
1501 2493 1550 2537 et
1569 2483 1813 2553 jumenta
1834 2499 2017 2535 eorum
2046 2485 2101 2537 in

509 2588 675 2631 morte
712 2577 990 2631 conclusit.
1031 2575 1100 2628 Et
1123 2577 1383 2643 percussit
1416 2592 1567 2630 omne
1592 2577 1999 2646 primogenitum
2045 2577 2100 2629 in

513 2668 902 2739 terrangypti,
920 2670 1187 2736 primitias
1208 2670 1377 2721 omnis
1401 2667 1604 2721 laboris
1624 2685 1807 2722 eorum
1839 2669 1893 2721 in
1926 2668 2100 2720 taber-

510 2762 716 2815 naculis
730 2761 918 2817 Cham.
942 2760 1147 2815 Praater
1162 2776 1225 2814 ea
1239 2776 1362 2830 qua:
1380 2762 1632 2828 superius
1647 2764 1678 2814 d
1690 2763 1793 2814 icta
1811 2769 1962 2823 sunt,
1986 2762 2101 2813 haec

511 2854 677 2906 etiam
702 2860 896 2906 contra
931 2851 1221 2921 ίΕεγιιιίοε
1248 2866 1347 2919 pro
1394 2852 1571 2906 salute
1605 2852 1789 2921 populi
1836 2858 2098 2921 Operatus

512 2943 658 2999 Deus
688 2942 975 2999 estzMisit
998 2944 1053 2997 in
1082 2960 1169 2997 eos
1194 2945 1334 2996 iram
1355 2944 1742 3013 indignationis
1786 2960 1917 3001 sum.
1961 2944 2101 2996 indi-

512 3036 817 3105 gnationem
859 3045 909 3088 et
940 3037 1080 3088 iram
1105 3044 1153 3089 et
1183 3035 1601 3089 tribulationem.
1644 3036 1780 3089 Cum
1801 3044 1979 3090 autem
2019 3037 2099 3089 ira

511 3136 567 3180 et
598 3125 903 3197 indignatio
931 3125 1251 3194 frequenter
1277 3134 1632 3191 memoretur,
1668 3127 1757 3181 hic
1784 3143 1965 3181 sermo
1996 3128 2100 3181 htt-

511 3216 608 3286 jus
654 3216 808 3270 vocis
865 3214 1325 3285 signiﬁcationem
1382 3215 1441 3270 in
1494 3216 1854 3285 sequentibus
1924 3218 2101 3285 aperit

514 3307 728 3374 dicens,
759 3306 1154 3362 Immissionem
1184 3323 1276 3377 per
1332 3308 1548 3378 angelos
1592 3308 1795 3369 malos;
1842 3311 1956 3364 sive
2009 3326 2097 3364 se-

515 3402 757 3457 cundum
782 3402 1194 3473 Symmachum,
1214 3400 1602 3457 Immissionem
1624 3403 1931 3471 angelorum
1955 3404 2099 3456 mala

515 3494 873 3563 inferentium.
902 3492 1039 3547 Nam
1071 3495 1391 3564 angelorum
1432 3494 1575 3548 mala
1614 3494 1965 3549 inferentium
1994 3497 2099 3547 im-

516 3588 730 3652 missio,
764 3587 1066 3642 secundum
1099 3587 1400 3641 humanum
1450 3587 1729 3657 cogitandi
1775 3602 1981 3641 morem
2020 3588 2099 3641 ira
2129 3576 2171 3633 C

515 3686 572 3733 et
603 3679 906 3749 indignatio
935 3678 1027 3734 Dei
1054 3694 1178 3734 esse
1206 3687 1448 3749 putatur.
1478 3677 1599 3733 Non
1640 3680 1789 3733 enim
1828 3679 1925 3734 ira:
1951 3695 2105 3733 com-

517 3771 817 3826 motionem
864 3771 922 3826 in
981 3771 1094 3827 Deo
1142 3774 1458 3833 existimare
1510 3784 1940 3829 consentaneum
1976 3760 2101 3840 est;

516 3866 613 3920 sed
661 3865 931 3935 supplicia
975 3865 1163 3936 impiis
1192 3866 1341 3935 justo
1385 3865 1481 3922 Dei
1524 3866 1738 3937 judicio
1768 3883 1865 3938 per
1894 3868 2107 3922 immis-

519 3957 733 4013 sionem
759 3958 1103 4029 angelorum,
1126 3960 1300 4029 quiad
1324 3960 1426 4014 hoc
1442 3959 1683 4029 deputati
1705 3967 1854 4023 sunt,
1880 3958 2104 4027 inﬂicta,

521 4048 604 4103 ira
631 4057 687 4103 et
712 4048 1022 4120 indignatio
1049 4058 1337 4105 vocantur.
1367 4052 1637 4107 Caeterum
1667 4068 1792 4106 cum
1836 4051 2106 4124 Egyptiis

522 4140 898 4196 immissiones
961 4142 1282 4211 angelorum
1334 4144 1481 4196 mala
1538 4142 1892 4198 inferentium
1951 4145 2108 4199 factae

522 4231 778 4294 fuissent,
810 4232 928 4302 ipse
953 4234 1094 4286 riam
1127 4232 1256 4289 fecit
1278 4236 1488 4290 semitae
1515 4238 1611 4290 ira:
1640 4251 1772 4299 suas,
1806 4236 2105 4291 secundum

524 4322 915 4393 Symmachum
956 4341 1106 4388 vero,
1136 4327 1325 4380 stravit
1369 4328 1560 4382 collem
1595 4328 1691 4381 ira:
1732 4344 1864 4382 sum.
1902 4326 2107 4397 Hisque

526 4414 788 4469 traditum
838 4418 1037 4487 populo
1070 4426 1316 4489 tempore
1350 4420 1515 4474 illatae
1549 4419 1820 4490 Egyptiis
1846 4420 2108 4475 vindictae

524 4507 819 4577 mysticum
850 4510 1058 4562 cultum
1104 4510 1459 4566 subindicare
1501 4511 1633 4565 mihi
1683 4511 1916 4566 videtur.
1950 4511 2107 4566 Tunc

523 4601 669 4657 enim
693 4600 918 4671 jubetur
942 4601 1167 4658 Pascha:
1205 4602 1402 4658 festum
1442 4603 1730 4666 celebrari,
1753 4610 1809 4657 et
1834 4603 2107 4659 immolari

525 4688 727 4763 agnum
768 4694 837 4748 ad
881 4695 1190 4766 symbolum
1216 4694 1355 4765 Agni
1388 4694 1482 4750 Dei
1523 4710 1622 4766 pro
1649 4694 1967 4751 hominibus
2007 4696 2109 4750 im-

524 4784 789 4849 molandi,
817 4787 1118 4856 inungique
1148 4788 1416 4858 sanguine
1450 4786 1890 4857 snperliminaria
1917 4787 2108 4842 domo-

2285 2205 2743 2270 Ὲξαπέστειλεν
2768 2209 2855 2273 εις
2882 2206 3104 2273 αὐτοὺς
3129 2207 3317 2277 ὀργὴν
3348 2207 3538 2277 θυμοῦ
3577 2208 3791 2272 αὑτοῦ,

2206 2298 2397 2365 θυμὸν
2425 2298 2524 2351 καὶ
2565 2298 2751 2368 ὀργὴν
2788 2299 2888 2352 καὶ
2920 2299 3152 2367 θλίψιν,
3193 2298 3548 2366 ἀποστολὴν
3587 2299 3662 2351 δι’
3688 2301 3801 2369 ἀτ-

2206 2389 2400 2459 γέλων
2436 2392 3105 2460 πονηρῶν.Ὧδοποίηοέ
3141 2394 3341 2461 τρίϐον
3387 2392 3455 2462 τῇ
3501 2392 3649 2464 ὀργῇ
3686 2397 3801 2450 αὐ-

2206 2481 2334 2547 τοῦ,
2362 2486 2473 2537 οὐκ
2501 2484 2783 2553 ἐφείσατο
2812 2485 2932 2539 ἀπὸ
2962 2484 3223 2541 θανάτου
3264 2486 3383 2539 τῶν
3430 2486 3645 2556 ψυχῶν
3686 2490 3801 2540 αὑ-

2207 2576 2346 2639 τῶν,
2374 2577 2474 2633 καὶ
2495 2578 2565 2631 τὰ
2597 2577 2788 2647 κτηνὴ
2818 2576 3018 2633 αὐτῶν
3057 2582 3145 2645 εἰς
3188 2579 3453 2635 θάνατον
3485 2581 3801 2633 συνέκλει-

2206 2686 2300 2724 σε.
2337 2668 2451 2725 Καὶ
2500 2670 2761 2736 ἐπάταξε
2793 2671 2916 2727 πᾶν
2966 2674 3342 2740 πρωτότοκον
3384 2672 3454 2724 ἐν
3496 2671 3574 2741 γῆ
3615 2674 3799 2741 Αίγύ-

2207 2779 2353 2827 πτῳ,
2386 2763 2671 2832 ἀπαρχὴν
2708 2764 2935 2830 παντὸς
2959 2765 3149 2817 πόνου
3176 2764 3376 2817 αὐτῶν
3400 2765 3469 2817 ἐν
3492 2763 3615 2829 τοῖς
3645 2780 3801 2831 σκη-

2206 2855 2437 2924 νώμασι
2470 2856 2617 2925 Χάμ.
2658 2857 2802 2928 Πρὸς
2855 2859 2969 2919 τοῖς
3018 2856 3254 2926 λεχθεῖσι
3304 2857 3397 2909 καὶ
3438 2856 3612 2908 ταῦτα
3649 2855 3797 2909 κατὰ

2206 2948 2315 3001 τῶν
2349 2949 2663 3017 Αἰγυπτίων
2706 2949 2847 3019 ὑπὲρ
2878 2948 2980 3019 τῆς
3018 2949 3292 3019 σωτηρίας
3317 2946 3410 3001 τοῦ
3441 2947 3569 3000 λαοῦ
3604 2950 3632 3000 6
3660 2947 3798 3012 Θεὸς

2208 3039 2523 3111 εἰργάζετο·
2573 3040 3027 3104 Ἐξαπέστειλεν
3071 3041 3159 3106 εἰς
3200 3038 3422 3104 αὐτοὺς
3474 3037 3657 3109 ὀργὴν
3690 3041 3798 3091 θυ-

2203 3134 2321 3204 μοῦ
2365 3135 2571 3200 αὑτοῦ,
2598 3134 2789 3205 θυμόν
2832 3134 2930 3188 καὶ
2966 3134 3154 3204 ὀργὴν
3196 3133 3295 3188 καὶ
3326 3135 3555 3202 θλίψιν.
3590 3134 3801 3188 Πολλα-

2208 3227 2301 3299 χοῦ
2331 3227 2388 3279 δὲ
2412 3228 2509 3295 τῆς
2526 3227 2695 3297 ὀργῆς
2715 3225 3120 3298 ὀνομαζομένης
3149 3226 3239 3279 καὶ
3266 3224 3359 3278 τοῦ
3387 3224 3624 3296 θυμοῦ,ὸ
3655 3241 3800 3296 παρ-

2207 3319 2282 3371 ὼν
2317 3318 2472 3387 λόγος
2503 3320 2603 3389 τὴν
2661 3320 2900 3373 διάνοιαν
2930 3318 3223 3392 ἐρμηνεύει
3257 3319 3355 3389 τῆς
3392 3320 3648 3388 τοιαύτης
3678 3337 3797 3387 φωρ

2207 3406 2304 3481 νῆς
2339 3409 2467 3478 ἐξῆς
2501 3410 2800 3478 ἐπιλέγων·
2848 3410 3220 3479 Ἀποστολὴν
3277 3411 3350 3463 δι’
3385 3410 3654 3479 ἀγγέλων
3683 3424 3798 3463 πο-

2207 3501 2441 3570 νηρῶν⁸
2473 3503 2505 3573 ἢ
2533 3501 2674 3555 κατὰ
2699 3502 2789 3555 τὸν
2820 3502 3143 3573 Σύμμαχον,
3192 3501 3651 3569 Ἐπαποστολὴν
3683 3503 3797 3570 ἁγ-

2206 3592 2401 3661 γέλων
2431 3593 2797 3647 κακούντων.
2817 3594 2880 3645 Ἢ
2914 3593 3021 3664 γὰρ
3054 3592 3162 3647 τῶν
3201 3593 3513 3645 κακούντων
3540 3592 3797 3661 ἀγγέλων

2206 3682 2549 3754 ἐπαποστολὴ
2603 3682 2679 3747 ὡς
2728 3683 2865 3754 πρὸς
2914 3682 3236 3754 ἀνθρώπους
3285 3683 3570 3752 ἐνομίζετο
3620 3683 3799 3754 θυμὸς

2206 3771 2344 3829 εἷναι
2392 3776 2484 3829 καὶ
2530 3776 2667 3847 ὀργὴ
2713 3774 2869 3829 Θεοῦ.
2906 3776 2979 3829 Οὐ
3015 3776 3122 3845 γὰρ
3149 3775 3213 3845 δὴ
3248 3774 3417 3838 πάθος
3450 3771 3589 3828 εἶναι
3620 3775 3801 3847 ὀργῆς

2207 3866 2337 3936 περὶ
2385 3865 2476 3918 τὸν
2520 3863 2653 3917 Θεὸν
2691 3866 2954 3937 προσήκει
2982 3863 3257 3936 νομίζειν·
3289 3865 3388 3929 τὰς
3424 3865 3483 3918 δὲ
3511 3864 3651 3918 κατὰ
3685 3866 3802 3917 τῶν

2206 3955 2417 4011 ἀσεϐῶν
2454 3956 2729 4028 τιμωρίας
2771 3957 2950 4027 κρίσει
2990 3957 3174 4027 δικαίᾳ
3217 3955 3353 4009 Θεοῦ
3395 3956 3462 4009 δι’
3489 3956 3802 4023 ἀποστολὴν

2205 4049 2453 4118 ἀγγέλων
2476 4049 2584 4102 τῶν
2611 4049 2692 4112 εἰς
2718 4048 2875 4102 τοῦτο
2895 4048 3242 4119 τεταγμένων
3274 4048 3599 4117 γιγνομένας
3620 4048 3802 4118 ὀργὴν

2207 4143 2302 4195 καὶ
2360 4141 2529 4213 θυμὸν
2581 4140 2884 4195 καλεῖσθαι.
2940 4139 3085 4212 Πλὴν
3130 4139 3267 4193 ἀλλὰ
3321 4142 3434 4203 τοῖς
3475 4139 3802 4206 Αἰγυπτίοις

2207 4236 2583 4307 ἐπαποστολῆς
2631 4235 2880 4305 ἀγγέλων
2921 4234 3232 4288 κακούντων
3278 4233 3593 4304 γενομένης,
3628 4232 3802 4294 αὐτὸς

2206 4330 2510 4402 ὡδοποίησε
2541 4329 2727 4401 τρίϐον
2754 4331 2819 4399 τῇ
2850 4329 2986 4400 ὀργῇ
3018 4327 3181 4381 αὐτοῦ
3203 4342 3219 4358 ·
3269 4328 3409 4380 κατὰ
3442 4327 3498 4379 δὲ
3523 4326 3613 4377 τὸν
3650 4326 3803 4394 Σύμ-

2211 4438 2405 4492 μαχον,
2450 4419 2777 4488 διέστρωσε
2821 4417 3089 4486 ἀτραπὸν
3134 4416 3209 4486 τῇ
3257 4414 3402 4484 ὀργῇ
3432 4412 3639 4467 αὐτοῦ.
3682 4414 3802 4466 Καί

2212 4530 2301 4583 μοι
2346 4512 2491 4565 δοκεῖ
2538 4511 2627 4564 διὰ
2665 4510 2870 4563 τούτων
2898 4507 3229 4563 αἰνίττεσθαι
3260 4506 3360 4575 τὴν
3392 4501 3802 4574 παραδοθεῖσαν

2206 4604 2286 4673 τῷ
2312 4602 2426 4674 λαῷ
2449 4602 2713 4675 μυστικὴν
2744 4601 3001 4673 λατρείαν
3023 4597 3163 4653 κατὰ
3181 4596 3271 4650 τὸν
3296 4596 3484 4668 καιρὸν
3505 4593 3603 4663 τῆς
3628 4593 3802 4645 ἐπελ-

2209 4694 2405 4765 θούσης
2453 4696 2565 4757 τοῖς
2599 4692 2916 4761 Αἰγυπτίοις
2940 4690 3123 4761 ὀργῆς.
3140 4689 3272 4741 Τότε
3304 4686 3414 4757 γὰρ
3445 4686 3805 4739 διὰταττεται

2208 4787 2307 4858 τὴν
2334 4785 2428 4839 τοῦ
2453 4786 2648 4857 Πάσχα
2677 4784 2872 4856 ἑορτὴν
2898 4781 3227 4844 ἐπιτελέσαι,
3250 4779 3520 4841 θύσαντας
3545 4777 3644 4848 μὲν
3667 4777 3805 4847 πρό-

523 4890 678 4941 rum,
724 4884 782 4932 ut
836 4878 942 4934 hoc
995 4889 1315 4950 conspecto,
1365 4878 1762 4934 exterminator
1810 4879 2105 4935 abstineret

2212 4877 2373 4932 ϐατον
2407 4879 2548 4931 κατὰ
2582 4877 2848 4949 σύμϐολον
2870 4876 2963 4930 τοῦ
3001 4875 3284 4947 μέλλοντος
3310 4873 3451 4943 ὑπὲρ
3482 4869 3801 4941 ἀνθρώπων

524 4983 558 5023 a
613 4968 816 5025 damno
852 4970 958 5025 hoc
1019 4971 1309 5039 agentibus
1365 4969 1661 5025 inferendo.
1718 4968 1990 5041 Scriptum
2024 4984 2103 5026 est

2208 4970 2537 5041 ’τυθήσεσθαι
2594 4971 2789 5041 Ἀμνοῦ
2836 4970 2930 5024 τοῦ
2952 4968 3107 5035 Θεοῦ,
3144 4967 3437 5040 χρίσαντας
3482 4964 3536 5017 δὲ
3581 4962 3805 5015 ἑαυτῶν

522 5063 667 5117 cnim
694 5078 707 5114 :
739 5061 808 5115 Et
830 5064 1082 5117 transibit
1102 5063 1363 5117 Dominus
1414 5063 1484 5116 ad
1512 5063 1913 5133 percutiendum
1937 5063 2108 5134 Egy-

523 5155 687 5221 ptios,
708 5164 757 5208 et
774 5155 970 5209 videbit
997 5156 1304 5226 sanguinem
1326 5156 1379 5209 in
1408 5156 1804 5223 superliminari
1817 5166 1865 5209 et
1889 5158 1941 5209 in
1960 5167 2109 5210 utro—

523 5262 621 5315 que
645 5255 813 5314 poste.
842 5245 909 5299 Et
949 5247 1295 5313 pertransibit
1346 5245 1603 5301 Dominus
1637 5248 1892 5313 januam,
1926 5256 1974 5301 et
2000 5264 2104 5300 non

525 5341 787 5407 permittet
829 5339 1031 5409 ingredi
1075 5341 1537 5395 exterminatorem
1581 5342 1637 5394 in
1666 5341 1853 5395 domos
1900 5350 2102 5395 vestras

527 5430 597 5482 ad
622 5432 1018 5499 percutiendum
1038 5432 1106 5489 "’.

2213 5062 2311 5125 τὰς
2346 5062 2505 5131 φλιὰς
2542 5060 2652 5113 τῶν
2680 5060 2843 5113 οἴκων
2867 5059 2944 5130 τῷ
2987 5059 3205 5130 αἵματι·
3239 5056 3315 5120 ὡς
3345 5055 3431 5118 ἂν,
3466 5053 3621 5107 τοῦτο
3667 5052 3804 5105 θεα-

2213 5155 2445 5224 σάμενος
2496 5154 2525 5205 6
2574 5152 2915 5224 ὀλοθρευτὴς,
2961 5149 3332 5221 ἀναχωρήσειε
3377 5146 3479 5215 τῆς
3510 5144 3653 5197 κατὰ
3684 5143 3811 5197 τῶν

2209 5245 2364 5299 τοῦτο
2405 5244 2725 5316 πραξάντων
2774 5244 3052 5315 ἐπιϐολῆς.
3106 5243 3422 5314 Γέγραπται
3468 5240 3621 5309 γοῦν·
3682 5239 3805 5292 Καὶ

2209 5340 2641 5407 παρελεύσεται
2685 5339 2900 5406 Κύριος
2930 5337 3188 5403 πατάξαι
3216 5336 3357 5400 τοὺς
3386 5332 3750 5402 Αἰγυπτίους
3779 5347 3799 5361 ο

2207 5433 2307 5487 καὶ
2334 5433 2543 5501 ὄψεται
2567 5433 2632 5485 τὸ
2662 5428 2804 5502 αἷμα
2848 5432 2944 5485 ἐπὶ
2971 5431 3080 5499 τῆς
3112 5428 3316 5500 φλιᾶς,
3348 5429 3445 5482 καὶ
3481 5428 3572 5481 ἐπ’
3599 5426 3803 5494 ἀμφο-

528 5520 710 5588 τέρων
760 5523 878 5576 τῶν
921 5523 1217 5593 σταθμῶν.
1268 5524 1377 5578 Καὶ
1423 5527 1849 5594 παρελεύσεται
1893 5524 2106 5592 Κύριος
2144 5526 2259 5580 τὶιν
2287 5528 2508 5595 θύραν
2542 5527 2639 5585 καὶ
2662 5528 2774 5580 οὐκ
2802 5524 3023 5594 ἀφήσει
3045 5526 3152 5577 τὸν
3208 5523 3604 5591 ὀλοθρεύοντα
3664 5520 3802 5570 εἱσ-

529 5614 730 5666 ελθεῐν
755 5616 842 5681 εἰς
865 5616 973 5680 τὰς
1005 5618 1197 5682 οἰκίας
1223 5616 1391 5685 ὑμῶν
1420 5617 1699 5680 πατάξαι.

606 5722 711 5779 Sed
748 5727 857 5782 illis
885 5728 1103 5797 quidem
1136 5732 1277 5786 viam
1313 5735 1524 5803 paravit
1554 5742 1610 5789 ttt
1644 5734 1938 5806 ell‘ugcrent
1974 5736 2108 5791 iram

617 5882 657 5911 ³⁷
688 5880 854 5937 Exod.
893 5901 985 5948 sn,
1019 5884 1107 5939 25.

2301 5731 2461 5783 Ἀλλὰ
2504 5730 2711 5795 τούτοις
2763 5724 2875 5801 μὲν
2906 5728 3202 5798 ὡδοποίησε
3237 5728 3419 5799 τρίεον
3448 5726 3580 5797 πρὸς
3604 5726 3668 5781 τὸ

2276 5890 2352 5957 (ι)
2389 5887 2486 5945 Ms.
2525 5887 2771 5959 ἐρισύϐη.
