4078 6432
294 347 406 405 9‘29

1394 345 1908 405 COMMENTARIA
1942 346 2011 402 IN
2048 346 2389 405 PSALMOS.

3468 354 3575 412 030

296 464 491 533 φυγεῖν
518 459 614 531 τὴν
630 459 800 533 ὀργὴν
826 458 990 513 αὐτοῦ
1011 473 1026 489 '
1060 458 1170 514 τῶν
1194 459 1252 515 δὲ
1272 460 1587 531 Αἰγυπτίων
1610 464 1710 517 οὐκ
1735 462 1879 533 ἐφεί-

1993 478 2148 519 suam
2176 482 2189 519 :
2227 462 2501 536 Egyptiis
2528 480 2658 521 vero
2679 480 2788 522 non
2813 467 3089 538 pepercit;
3118 484 3302 523 verum
3343 468 3395 523 in
3432 485 3579 523 mor-

296 570 464 609 σατο’
498 551 785 623 παρεδίδου
833 551 892 606 δὲ
936 552 1018 615 εἰς
1072 551 1300 607 θάνατον
1332 552 1432 617 τάς
1476 552 1653 625 ψυχὰς
1682 554 1883 619 αὐτῶν,

293 647 463 715 ἀξίων
494 645 663 699 δντων
686 646 785 717 τῆς
812 644 1066 716 τοιαύτης
1086 644 1359 717 τιμωρίας
1378 664 1393 678 ο
1427 647 1744 719 ἐπειδήπερ,
1770 649 1889 701 ἀσε-

292 741 472 803 ϐείαις
512 737 858 809 ὲκδεδομένοι
895 736 991 791 καὶ
1044 740 1112 808 τῇ
1142 738 1389 810 πολυθέῳ
1414 739 1509 793 καὶ
1543 741 1885 813 Αίγυπτιακῇ

290 830 703 903 δεισιδαιμονίᾳ,
754 828 899 900 ἄλλῳ
944 828 1158 896 θανάτῳ
1215 831 1316 895 τὰς
1367 831 1546 902 ψυχὰς
1591 832 1887 903 ἐτύγχανον

295 924 739 996 βεϐαπτισμένοι.
768 922 969 994 Διόπερ
995 925 1022 976 6
1051 923 1241 995 παρὼν
1282 924 1439 993 λόγος
1466 925 1528 978 ού
1559 926 1736 979 κοινὸν
1789 925 1887 979 θά-

292 1037 453 1073 νατον
489 1018 880 1092 ἐπεληλυθέναι
911 1021 1094 1083 αὐτοῖς
1123 1018 1384 1085 διδάσκει,
1418 1018 1551 1072 ἀλλά
1575 1018 1760 1091 ψυχῶν
1790 1019 1887 1072 θά-

295 1111 550 1165 νατον.’0
591 1110 701 1183 γὰρ
746 1110 1090 1183 ὀλοθρευτὴς,
1128 1103 1173 1179 ᾧ
1225 1111 1622 1182 παρεδόθησαν,
1656 1113 1772 1182 ἅμα
1817 1114 1882 1184 τῇ

296 1203 393 1257 τοῦ
424 1203 677 1275 σώματος
708 1202 968 1269 διαλύσει,
993 1203 1092 1266 τὰς
1120 1201 1298 1273 ψυχὰς
1324 1203 1504 1256 αὐτῶν
1525 1204 1883 1276 παρελάμϐα-

298 1313 408 1359 νεν,
435 1296 515 1359 εἰς
544 1293 763 1366 δλεθρον
795 1294 963 1357 αὑτάς
986 1294 1235 1362 ἀπάγων.
1265 1294 1355 1347 Διὸ
1385 1295 1480 1349 καὶ
1507 1290 1662 1359 αὖθις
1684 1296 1885 1366 γέγρα-

296 1405 465 1441 πταιο
500 1390 623 1441 οὐκ
678 1387 962 1456 ἐφείσατο
1015 1387 1136 1441 ἀπὸ
1195 1386 1458 1443 θανάτου
1506 1386 1626 1441 τῶν
1668 1387 1885 1457 ψυχῶν

292 1479 511 1533 αὐτῶν.
556 1475 689 1533 Εἶτα
731 1480 987 1548 διασαφεῖ
1030 1478 1204 1549 λέγων
1254 1479 1419 1551 ἑξῆςο
1462 1479 1577 1537 Kal
1624 1479 1883 1544 ἐπάταξε

291 1572 416 1627 πᾶν
462 1574 839 1643 πρωτότοκον
883 1572 953 1626 ἐν
983 1571 1062 1643 τῇ
1104 1573 1400 1642 Αἰγύπτῳ,
1442 1571 1725 1642 ἀπαρχὴν
1764 1570 1884 1626 τῶν

290 1668 495 1721 πόνων
544 1663 762 1719 αὐτῶν.
797 1664 944 1718 Ἀντὶ
991 1664 1049 1719 δὲ
1095 1664 1213 1729 τοῦ,
1264 1664 1549 1733 ἀπαρχὴν
1610 1663 1731 1719 τῶν
1776 1666 1883 1718 πό-

288 1777 413 1815 νων
465 1757 665 1816 αὐτῶν
733 1757 805 1811 ἐν
866 1756 991 1824 τοῖς
1040 1754 1396 1828 σκηνώμασι
1448 1756 1605 1827 Χάμ·
1656 1759 1684 1811 ό
1733 1756 1879 1830 Σύμ-

295 1867 500 1922 μαχος·
554 1848 850 1918 Πρωτεῒον
897 1846 1215 1918 δυνάμεων
1278 1846 1499 1911 αὐτῶν,
1546 1848 1877 1919 ἡρμήνευσε.

297 1942 379 1998 Τὰ
440 1942 550 2015 γὰρ
602 1941 926 2013 πρωτότοκα
987 1940 1084 1995 καὶ
1142 1942 1408 2013 πρωτεῖον
1456 1934 1525 2010 ἦν
1578 1939 1677 2010 τῆς
1726 1939 1884 1994 δυνά-

295 2053 443 2108 μεως
503 2034 613 2088 τῶν
665 2032 1065 2105 γεννησάντων.
1127 2032 1228 2087 Διά
1290 2032 1389 2104 μὲν
1426 2027 1520 2086 οὖν
1559 2031 1667 2085 τῶν
1728 2031 1873 2105 πρώ-

288 2146 399 2182 των
425 2126 670 2198 πληγῶν,
689 2125 880 2199 ὥσπερ
903 2127 984 2189 εἰς
1011 2125 1299 2196 μετάνοιαν
1322 2125 1522 2189 αὐτοὺς
1545 2124 1883 2196 προσκαλού-

295 2239 454 2293 μενος
478 2220 566 2274 διά
585 2221 685 2292 τῆς
713 2218 915 2290 ἀνοχῆς
940 2220 1037 2272 καὶ
1066 2217 1471 2290 μακροθυμίας,
1504 2218 1882 2290 πεφεισμένως

278 2314 473 2377 αὐτοῖς
506 2312 679 2383 ἐπῆγε
706 2310 807 2374 τὰς
831 2309 1121 2383 τιμωρίας.
1141 2310 1265 2363 Ἐπὶ
1300 2311 1444 2364 τέλει
1488 2310 1545 2363 δὲ
1589 2311 1689 2364 ούκ
1730 2311 1881 2381 ἐφεί-

292 2422 423 2459 σατο
476 2404 587 2459 ἀπὸ
634 2402 867 2458 θανάτου
912 2402 1021 2456 τῶν
1057 2402 1248 2473 ψυχῶν
1289 2402 1497 2456 αὐτῶν
1528 2401 1665 2456 ἀλλὰ
1691 2402 1786 2457 καὶ
1811 2402 1883 2456 τά

292 2501 466 2571 κτήνη
498 2497 676 2552 αὐτῶν
705 2499 786 2562 είς
817 2498 1047 2552 θάνατον
1087 2496 1450 2552 συνέκλεισεν.
1470 2496 1623 2550 Ἐπεὶ
1652 2496 1747 2550 καὶ
1771 2497 1881 2549 πᾶν

292 2591 635 2664 πρωτότοκον
667 2591 725 2644 ὲν
750 2592 821 2662 γῇ
849 2588 1113 2661 Αἰγύπτῳ
1145 2591 1419 2663 ἀνῃρεῖτο,
1454 2588 1667 2660 κτηνῶν
1692 2607 1753 2643 τε
1785 2591 1880 2643 καὶ

290 2684 517 2756 ἀνδρῶν.
546 2682 758 2756 Σφόδρα
802 2682 859 2736 δὲ
905 2682 1148 2754 ἀκριϐῶς
1181 2683 1274 2735 ἐπὶ
1311 2684 1411 2753 μὲν
1437 2682 1547 2735 τῶν
1576 2681 1883 2755 ἀνθρώπων

289 2776 507 2848 θανάτῳ
540 2776 673 2848 φησί
691 2776 791 2840 τάς
820 2775 998 2846 ψυχὰς
1021 2774 1198 2829 αὐτῶν
1228 2775 1654 2845 παραδεδόσθαι·
1684 2772 1752 2848 ἦν
1772 2776 1881 2849 γὰρ

289 2873 319 2924 6
347 2870 668 2943 ὀλοθρευτὴς
696 2870 929 2940 δαίμων,
965 2872 993 2923 6
1032 2872 1132 2935 τὰς
1163 2869 1341 2941 ψυχὰς
1374 2870 1554 2923 αὐτῶν
1604 2871 1699 2924 καὶ
1743 2870 1881 2942 μετά

292 2962 521 3016 θάνατον
570 2962 1046 3033 παραλαμϐάνωνο
1081 2963 1175 3017 ἐπὶ
1205 2962 1261 3015 δὲ
1293 2962 1401 3015 τῶν
1441 2963 1654 3031 κτηνῶν
1698 2964 1879 3018 οὐκέτι

289 3053 476 3125 ψυχῶν
512 3055 937 3125 ἐμνημόνευσεν,
972 3053 1107 3108 ἀλλά
1136 3054 1297 3125 μόνου
1331 3054 1422 3108 τοῦ
1453 3055 1630 3109 κοινοῦ
1659 3056 1754 3109 καὶ
1777 3074 1881 3110 σω-

295 3145 522 3215 ματικοῦ
556 3146 786 3200 θανάτου
813 3158 826 3172 ⁸
867 3148 927 3201 ού
972 3146 1081 3219 γὰρ
1127 3146 1343 3218 μετέχει
1392 3148 1572 3219 ψυχῆς
1611 3147 1683 3202 τά
1710 3150 1878 3221 κτήνη

290 3234 391 3305 τῆς
459 3234 597 3305 μετά
660 3234 759 3307 τὴν
812 3235 906 3289 τοῦ
957 3235 1207 3307 σώματος
1257 3235 1408 3291 λύσιν
1456 3238 1881 3309 παραμενούσης
1907 3268 1949 3324 C

288 3328 490 3399 ὁμοίως
541 3331 662 3391 ταῖς
694 3328 802 3382 τῶν
852 3328 1156 3400 ἀνθρώπων
1188 3328 1409 3400 ψυχαῖς.
1440 3328 1551 3400 Τὴν
1600 3330 1657 3384 δὲ
1710 3330 1879 3402 αὐτὴν

296 3419 539 3490 ἱστορίαν
589 3419 864 3492 διαφόρως
911 3420 1120 3491 Μωσῆς
1166 3437 1226 3473 τε
1278 3420 1374 3473 καὶ
1405 3422 1434 3473 6
1480 3419 1673 3492 παρὼν
1723 3420 1879 3489 λόγος

293 3511 633 3582 ἡρμήνευσεν
653 3528 667 3542 ⁸
692 3510 721 3563 6
756 3511 852 3582 μὲν
881 3510 1203 3583 ὀλοθρευτὴν
1236 3510 1406 3566 εἰπὼν
1443 3510 1756 3583 διακονῆσαι
1789 3512 1879 3566 τὸν

294 3603 520 3657 θάνατον
553 3603 660 3658 τῶν
708 3604 1068 3676 πρωτοτόκων
1089 3622 1102 3635 ·
1139 3607 1167 3658 6
1194 3605 1249 3658 δὲ
1284 3603 1475 3677 παρὼν
1506 3603 1663 3674 λόγος
1685 3605 1753 3658 δι’
1782 3606 1879 3674 ἀγ-

292 3694 463 3762 γέλων
496 3694 745 3767 πονηρῶν
775 3694 949 3748 ταῦτα
981 3696 1279 3766 γεγονέναι.
1310 3697 1488 3749 Κάκεῖ
1534 3697 1631 3768 μὲν
1674 3698 1703 3749 6
1750 3698 1880 3751 Μω-

296 3786 392 3856 σῆς
431 3785 509 3856 τῷ
551 3786 744 3857 αἵματι
777 3786 1060 3858 κεχρῖσθαι
1093 3787 1193 3852 τάς
1225 3787 1405 3858 φλιὰς,
1440 3787 1717 3841 καὶτοῦτο
1778 3806 1879 3858 φυ-

294 3875 579 3948 λακτήριον
614 3876 895 3945 γεγονέναι
943 3878 1053 3931 τῶν
1096 3878 1470 3949 διαφυγόντων
1499 3879 1591 3933 τὸν
1623 3878 1867 3951 ὀλοθρευ-

292 3968 421 4037 τήν⁸
455 3966 690 4021 ἐνταῦθα
719 3967 775 4020 δὲ
806 3967 1199 4040 ὡδοποιηκέναι
1232 3969 1418 4041 τρίϐον
1446 3970 1662 4041 εἴρηται
1691 3971 1719 4023 6
1746 3970 1880 4034 Θεὸς

294 4058 429 4130 πρὸς
459 4058 520 4111 τὸ
560 4059 864 4128 ἀποφυγεῖν
896 4058 994 4132 τὴν
1024 4060 1194 4134 ὀργὴν
1223 4060 1410 4115 αὑτοῦ.
1446 4060 1633 4115 Ταῦτα
1663 4061 1739 4126 δὲ,
1775 4078 1879 4132 φη-

296 4151 369 4212 σί,
400 4150 731 4203 συνετελεῖτο
762 4152 820 4204 ὲν
853 4153 965 4216 τοῖς
1004 4152 1328 4224 σκηνώμασι
1375 4152 1504 4223 Χάμ
1526 4170 1539 4183 ο
1570 4153 1626 4224 ἢ,
1649 4153 1720 4206 ἐν
1746 4152 1877 4220 ταῖς

293 4242 640 4309 σκηνώσεσι
672 4244 819 4314 Χὰμ,
866 4243 1009 4298 κατά
1052 4245 1143 4299 τὸν
1192 4244 1485 4317 Σύμμαχον
1506 4263 1519 4276 ·
1559 4244 1615 4316 ἦ,
1645 4245 1716 4299 ὲν
1746 4244 1876 4311 ταῖς

292 4333 551 4401 σκέπαις
598 4335 746 4405 Χὰμ,
794 4336 938 4390 κατά
984 4337 1075 4391 τὸν
1119 4338 1365 4392 Ἀκύλαν.
1403 4342 1484 4392 Δι’
1510 4332 1584 4393 ὧν
1630 4338 1877 4394 διδασκό-

298 4423 434 4495 μεθα
466 4425 563 4497 τὴν
594 4426 868 4496 Αἴγυπτον
897 4429 1175 4497 γεγονέναι
1212 4428 1542 4501 σκηνώματα
1586 4428 1681 4484 τοῦ
1723 4430 1872 4501 Χάμ.

295 4518 473 4587 Τριῶν
510 4519 620 4589 γὰρ
660 4520 868 4574 παίδων
899 4520 991 4574 τοῦ
1021 4521 1146 4574 Νῶε
1182 4523 1509 4594 γενομένων,
1544 4522 1686 4594 Σὴμ,
1719 4522 1871 4594 Χάμ,

1995 563 2103 609 tem
2159 556 2385 610 tradidit
2433 558 2648 613 animas
2702 574 2917 626 eorum,
2972 561 3262 629 dignorum
3318 577 3451 617 sane
3482 561 3580 615 tali

1990 647 2283 719 supplicio,
2330 648 2460 719 quia
2498 648 2877 719 impietatibus
2908 660 2961 706 et
2990 651 3328 724 Aigyptiacze
3373 654 3581 709 multo-

1988 755 2109 794 rum
2156 740 2383 819 deorum
2425 742 2809 812 superstitioni
2852 744 3061 809 dediti,
3113 745 3219 799 alia
3269 745 3326 800 in
3378 752 3579 812 morte,

1988 820 2185 887 animai
2206 833 2441 897 scilicet,
2473 835 2711 891 demersi
2746 844 2925 891 erant.
2958 836 3140 903 Quare
3166 837 3253 891 hic
3284 853 3395 892 non
3424 855 3578 893 com-

1986 939 2207 979 munem
2256 932 2489 980 mortem
2544 925 2682 997 ipsis
2731 928 2941 981 illatam
2991 944 3116 984 esse
3166 929 3439 998 docetur;
3482 933 3577 988 sed

1986 1025 2219 1070 mortem
2256 1018 2585 1073 animarum.
2611 1018 2747 1073 Nam
2781 1021 3177 1076 exterminator
3204 1024 3313 1091 ille,
3345 1024 3433 1079 cui
3466 1034 3579 1078 tra-

1985 1102 2089 1159 diti
2124 1112 2275 1172 sunt,
2305 1108 2491 1162 statim
2517 1115 2681 1179 atque
2714 1124 2944 1181 corpora
2975 1112 3243 1167 dissoluta
3273 1123 3423 1181 sunt,
3457 1116 3581 1170 ani-

1985 1211 2106 1251 mas
2143 1182 2504 1270 abripuil,'in
2558 1202 2858 1271 perniciem
2922 1204 3202 1260 abducens
3237 1222 3351 1263 eas.
3397 1206 3578 1273 Quare

1984 1304 2206 1346 rursum
2246 1292 2526 1358 scribitur,
2564 1293 2688 1349 Non
2737 1296 2965 1365 pepercit
3012 1314 3043 1349 a
3085 1308 3250 1351 morte
3296 1300 3577 1354 animabus

1983 1399 2186 1438 eorum.
2220 1382 2416 1440 Postea
2446 1401 2577 1441 vero
2602 1387 2718 1443 haec
2743 1388 2986 1445 declarat
3014 1407 3025 1442 :
3062 1389 3129 1444 Et
3164 1393 3425 1459 percussit
3460 1410 3577 1446 om-

1984 1489 2047 1528 ne
2076 1475 2485 1547 primogenitum
2517 1478 2571 1531 in
2614 1488 2758 1533 terra
2806 1480 3052 1552 ngypti,
3092 1483 3361 1550 primitias
3404 1484 3578 1541 omnis

1985 1565 2185 1621 laboris
2212 1584 2417 1622 eorum.
2450 1567 2559 1623 Pro
2589 1570 2683 1624 illo
2722 1578 2926 1635 autem,
2954 1573 3221 1641 primitias
3255 1573 3452 1628 laboris
3482 1590 3569 1629 co-

1982 1674 2101 1712 rum
2132 1661 2187 1713 in
2216 1660 2595 1727 .‘tabernaculis
2646 1661 2835 1728 Cham,
2870 1662 3265 1736 Symmachus,
3307 1668 3577 1736 primitias

1981 1753 2191 1808 uirtutis
2224 1771 2427 1819 eorum,
2455 1756 2852 1826 interpretatus
2880 1765 2984 1813 est.
3017 1757 3153 1813 Nam
3188 1759 3573 1832 primogenita,

1982 1846 2240 1912 primitias
2262 1848 2481 1903 virtutis
2516 1848 2858 1919 gignentium
2887 1858 3066 1904 erant.
3100 1853 3207 1907 Per
3235 1852 3444 1922 primas
3472 1854 3579 1907 ita-

1916 1920 1957 1973 Β
1985 1952 2093 2008 que
2134 1939 2323 2010 plagas
2365 1940 2526 2010 quasi
2566 1940 2635 1994 ad
2680 1941 3063 2012 paenitentiam
3109 1920 3259 2014 ipsos
3300 1960 3574 2011 evocans,

1985 2045 2081 2100 per
2119 2031 2527 2100 patientiam'et
2555 2032 2901 2087 tolerantiam
2938 2049 3117 2099 suam,
3147 2035 3409 2105 paulatim
3440 2036 3577 2107 ipsis

1985 2127 2252 2198 supplicia
2313 2126 2603 2183 inferebat.
2654 2127 2713 2182 ln
2747 2128 2855 2184 line
2896 2145 3028 2185 vero
3078 2146 3189 2185 non
3242 2133 3485 2201 pepercit
3544 2147 3575 2186 a

1984 2224 2160 2272 morte
2212 2216 2504 2274 animabus
2552 2233 2775 2285 eorum;
2819 2219 2915 2274 sed
2960 2219 3125 2274 etiam
3176 2220 3427 2290 jumenta
3477 2238 3575 2277 eo-

1983 2322 2106 2362 rum
2148 2309 2203 2363 in
2243 2318 2421 2364 morte
2470 2310 2766 2365 conclusit.
2823 2310 2959 2365 Nam
3011 2328 3175 2367 omne
3236 2314 3577 2385 primogeni-

1986 2407 2101 2453 tum
2142 2400 2198 2454 in
2246 2408 2393 2455 terra
2448 2399 2670 2472 Egypti
2715 2400 3092 2465 occidebatur,
3142 2413 3251 2458 tam
3292 2404 3575 2474 jumento-

1983 2507 2129 2556 rum,
2182 2507 2345 2562 quam
2383 2492 2689 2547 hominum.
2741 2491 2849 2547 Sed
2896 2504 3153 2548 accurate
3183 2495 3477 2551 admodum
3510 2498 3579 2553 de

1983 2583 2301 2639 hominibus
2323 2584 2546 2654 quidem
2582 2584 2659 2637 ait
2684 2585 2899 2639 animas
2928 2600 3119 2640 eorum
3146 2586 3307 2641 morti
3339 2587 3577 2645 traditas

1984 2674 2157 2731 fuisse
2196 2693 2210 2728 :
2257 2675 2447 2730 aderat
2494 2676 2697 2746 quippe
2744 2675 2959 2730 daemon
3007 2679 3426 2743 exterminator,
3478 2681 3575 2750 qui

1983 2768 2196 2823 animas
2220 2768 2383 2821 etiam
2414 2783 2603 2822 eorum
2654 2777 2775 2837 post
2819 2778 3052 2824 mortem
3100 2771 3397 2840 abriperet.
3436 2772 3575 2829 Cum

1983 2860 2051 2916 de
2076 2860 2345 2931 jumentis
2378 2875 2544 2930 pnrro
2579 2862 2782 2931 agitur,
2832 2878 2943 2916 non
2992 2863 3136 2916 ultra
3182 2863 3394 2919 animas
3421 2880 3575 2919 com-

1983 2960 2283 3019 memorat;
2344 2955 2439 3007 sed
2494 2953 2672 3008 solum
2722 2969 3069 3009 communem
3126 2964 3181 3011 et
3231 2959 3573 3027 corporalem

1983 3053 2218 3101 mortem
2252 3065 2265 3099 :
2299 3045 2553 3116 jumenta
2608 3048 2880 3117 siquidem
2930 3064 3040 3102 non
3087 3050 3302 3106 animus
3350 3052 3573 3118 habent,

1983 3153 2104 3208 quae
2142 3146 2269 3208 post
2318 3140 2568 3209 corporis
2622 3139 2951 3195 solutionem
3015 3150 3293 3207 maneant,
3348 3144 3577 3214 perinde

1984 3241 2145 3300 atque
2188 3232 2473 3287 hominum
2523 3233 2739 3287 animae.
2791 3231 2944 3288 Hanc
2995 3250 3128 3289 vero
3181 3236 3357 3305 ipsam
3400 3237 3576 3293 histo-

1982 3323 2120 3377 riam
2167 3322 2388 3379 divcrso
2432 3324 2599 3379 modo
2640 3324 2855 3396 Moyses
2907 3335 2962 3380 et
3000 3326 3089 3381 hic
3134 3330 3379 3397 psalmus
3411 3345 3576 3387 enar-

1980 3421 2127 3469 raut.
2152 3413 2287 3469 Nam
2316 3415 2408 3470 ille
2430 3417 2649 3486 quidem
2685 3418 2824 3472 dixit
2853 3420 3340 3477 exterminatorem
3367 3423 3575 3492 primo-

1979 3508 2291 3577 genitorum
2332 3508 2496 3587 morti
2544 3509 2935 3575 ministrasse;
2978 3510 3066 3565 hic
3107 3528 3237 3566 vero
3268 3528 3450 3570 sermo
3478 3531 3574 3585 per

1980 3601 2207 3670 angelos
2237 3600 2412 3655 malos
2450 3601 2565 3655 haec
2597 3601 2744 3655 facta
2780 3603 2955 3659 fuisse
2996 3613 3204 3658 narrat.
3256 3605 3431 3676 Atque
3461 3608 3572 3661 illic

1978 3693 2199 3762 quidem
2251 3692 2468 3765 Moyses
2539 3695 2811 3765 sanguine
2894 3698 3336 3764 superliminaria
3403 3707 3571 3754 uncta

1978 3768 2154 3838 fuisse
2172 3792 2382 3850 narrat,
2407 3784 2577 3839 ethoc
2603 3787 2817 3855 signum
2838 3786 3009 3840 fuisse
3032 3787 3101 3839 ad
3138 3789 3357 3842 tutelam
3380 3804 3569 3843 eorum

1977 3872 2070 3940 qui
2103 3872 2173 3927 ab
2219 3875 2648 3929 exterminatore
2705 3875 3049 3945 effugerunt;
3101 3878 3189 3932 hic
3245 3893 3375 3933 vero
3424 3878 3570 3936 Deus

1976 3961 2119 4015 viam
2152 3960 2350 4018 fecisse
2382 3962 2587 4017 dicitur
2616 3972 2669 4018 et
2701 3966 2975 4029 semitam,
3016 3976 3072 4020 ut
3102 3968 3402 4039 effugerent
3432 3969 3567 4023 iram

1978 4067 2156 4107 suam.
2195 4052 2323 4109 Haec
2352 4071 2541 4125 porro,
2570 4056 2770 4126 inquit,
2796 4057 2852 4110 in
2886 4058 3258 4114 tabernaculis
3285 4059 3457 4114 Cham
3488 4061 3569 4117 ef-

1979 4146 2120 4201 fecta
2146 4156 2297 4214 sunt,
2344 4149 2460 4203 sive
2486 4149 2789 4204 secundum
2829 4148 3244 4221 Symmachum,
3275 4156 3331 4207 in
3359 4153 3569 4208 habita-

1978 4240 2212 4295 tionibus
2248 4239 2454 4302 Cham;
2486 4242 2601 4297 sive
2648 4243 2955 4298 secundum
3000 4244 3277 4315 Aquilam,
3328 4246 3384 4300 in
3419 4248 3566 4302 tectis

1977 4330 2164 4388 Cham.
2207 4332 2375 4400 Queis
2424 4334 2719 4390 edocemur
2764 4334 3062 4407 Egyptum
3107 4336 3278 4394 fuisse
3311 4340 3566 4395 taberna-

1976 4423 2101 4477 cula
2136 4424 2329 4479 Cham.
2362 4424 2502 4480 Cum
2534 4427 2679 4482 enim
2710 4426 2839 4483 Noae
2869 4435 2984 4482 tres
3015 4427 3110 4481 filii
3146 4428 3372 4494 fuerint,
3411 4429 3562 4497 Sen),

1976 4516 2170 4580 Cham.
2195 4517 2422 4589 Japhet;
2452 4518 2622 4574 Cham
2656 4520 2761 4575 fuit
2792 4528 2945 4591 pater
2974 4520 3271 4587 Chanaan;
3301 4522 3562 4578 Chanaan

307 4610 505 4680 Ὶάφεθ,
530 4614 559 4665 6
590 4611 721 4683 Χάμ
747 4613 938 4682 γέγονε
967 4614 1150 4685 πατὴρ
1176 4614 1268 4667 τοῦ
1298 4614 1540 4681 Χαναὰν,
1568 4616 1789 4669 Χαναὰν
1817 4615 1873 4669 δὲ

1980 4625 2110 4666 vero
2169 4621 2322 4680 pater
2364 4611 2641 4676 Mesraim,
2696 4613 2791 4683 qui
2855 4621 2975 4667 erat
3019 4613 3323 4684 Egyptus;
3376 4629 3407 4669 a
3453 4630 3562 4685 quo

295 4704 477 4775 πατὴρ
528 4703 623 4757 τοῦ
654 4705 934 4777 Μεσραῖμ,
963 4705 1022 4769 ὃς
1060 4701 1129 4778 ἦν
1167 4706 1463 4777 Αἴγυπτος,
1497 4707 1591 4777 ἀφ’
1626 4702 1686 4761 οὗ
1711 4706 1877 4775 Αἰγύ-

295 4813 439 4849 πτιοι
467 4795 667 4860 πάντες
686 4813 699 4827 ·
735 4795 863 4850 ὥστ’
897 4798 1121 4862 εἰκότως
1151 4798 1251 4871 τὴν
1290 4797 1399 4852 τῶν
1431 4797 1741 4867 Αἰγυπτίων
1766 4796 1876 4867 χώ-

298 4905 395 4960 ραν
442 4888 777 4960 σκηνώματα
826 4888 920 4943 τοῦ
967 4890 1315 4962 προπάτορος
1369 4889 1465 4944 τοῦ
1499 4888 1761 4961 Μεσραῖμ
1794 4890 1875 4941 εἰ·

1974 4700 2214 4774 }Egyptii
2247 4719 2473 4769 omnes;
2519 4705 2593 4759 ita
2623 4711 2683 4759 ut
2710 4706 2836 4774 jure
2874 4704 3253 4776 Egyptiorum
3294 4706 3445 4778 regio
3472 4715 3560 4760 ta-

1971 4795 2269 4851 bernacula
2325 4797 2410 4852 avi
2460 4796 2713 4853 Mesraim
2767 4813 2892 4854 esse
2942 4798 3179 4854 dicatur.
3244 4797 3344 4853 Hic
3391 4814 3557 4868 porro

1971 4886 2146 4942 Cham
2173 4896 2312 4955 erat,
2350 4890 2441 4960 qui
2472 4891 2681 4961 primus
2715 4889 3009 4962 Egyptum
3039 4889 3290 4945 incoluit.

298 4985 513 5055 ρῆσθαιο
544 4980 711 5049 Οὗτος
753 4986 812 5039 δὲ
858 4982 927 5057 ῆν
956 4989 985 5041 6
1016 4986 1150 5058 Χάμ
1194 4986 1291 5058 τὴν
1347 4986 1617 5056 Αἴγυπτον
1666 4985 1882 5057 πρῶτος
1908 4982 2155 5053 οἰκήσας.

360 5083 468 5137 Καὶ
503 5082 739 5152 ἀπῆρεν
764 5084 837 5150 ὠς
893 5086 1155 5153 πρόϐατα
1192 5085 1301 5138 τὸν
1336 5085 1492 5140 λαὸν
1528 5083 1736 5146 αὐτοῦ,
1776 5082 1873 5136 καὶ

293 5175 357 5230 τὰ
404 5175 549 5247 ἑξῆς.
602 5175 758 5230 Μετά
798 5178 899 5248 τὴν
934 5177 1077 5232 κατά
1124 5196 1234 5232 των
1285 5178 1599 5248 Αἰγυπτίων
1639 5177 1872 5249 δεκάτην

296 5267 525 5339 πληγὴν,
555 5267 705 5333 ὅπως
728 5269 826 5340 τὴν
863 5270 958 5323 ἀπ’
986 5270 1262 5340 Αἰγύπτου
1292 5271 1515 5343 πορείαν
1548 5269 1871 5342 πεποίηνται

292 5356 526 5411 διδάσκει
570 5360 796 5428 φάσκων
816 5377 830 5391 ·
885 5362 996 5416 Kal
1048 5362 1282 5433 ἀπῆρεν
1326 5363 1407 5428 ὡς
1452 5363 1717 5431 πρόϐατα
1764 5361 1871 5415 τὸν

294 5448 442 5503 λαὸν
487 5450 675 5506 αὐτοῦ
702 5492 717 5517 ,
779 5453 877 5507 καί
933 5453 1234 5525 ἀνήγαγεν
1287 5452 1509 5519 αὐτοὺς
1564 5452 1665 5505 καὶ
1723 5452 1866 5506 ὡσεί

292 5543 569 5613 ποίμνιον
614 5545 682 5598 ἐν
726 5545 940 5616 ἐρήμῳ.
992 5547 1105 5601 Kal
1155 5547 1473 5617 ὡδήγησεν
1518 5546 1741 5612 αὐτοὺς
1797 5546 1868 5599 ἐν

293 5632 506 5699 ἐπωτίδα
550 5637 649 5689 καὶ
704 5640 813 5691 οὐκ
858 5638 1225 5693 ἐδειλίασαν.
1281 5638 1438 5693 Κατά
1469 5639 1527 5692 δὲ
1577 5637 1670 5692 τὸν
1705 5637 1865 5692 Ἀκύ-

293 5736 409 5778 Ααν·
459 5727 571 5781 Καὶ
613 5729 1042 5801 καθωδήγησεν
1080 5732 1301 5798 αὐτοὺς
1347 5735 1435 5799 εις
1480 5733 1863 5799 πεποίθησιν,

293 5822 383 5875 καὶ
411 5822 522 5875 οὐκ
548 5821 960 5893 ἐπτοήθησανο
996 5826 1135 5880 κατὰ
1164 5825 1219 5879 δὲ
1242 5826 1332 5881 τὸν
1361 5826 1676 5896 Σύμμαχον,
1694 5824 1862 5892 Ὠδιὶ-

2046 5078 2219 5137 Ὓειιε.
2255 5080 2348 5147 52,
2386 5080 2474 5136 53.
2523 5079 2593 5134 Et
2654 5080 2877 5136 abstulit
2939 5080 3076 5133 sicut
3142 5096 3258 5133 oves
3305 5080 3554 5147 populum

1973 5190 2150 5240 suum,
2194 5183 2302 5230 etc.
2364 5173 2499 5231 Post
2558 5175 2826 5229 decimam
2866 5172 3252 5245 Egyptiorum
3314 5174 3549 5243 plagam,

1971 5269 2247 5338 quomodo
2292 5268 2473 5323 exitus
2513 5283 2581 5322 ex
2616 5266 2855 5339 Egypto
2899 5266 3189 5335 contigerit
3241 5266 3326 5321 his
3370 5266 3553 5321 verbis

1972 5362 2130 5417 docet
2185 5380 2196 5414 :
2248 5359 2317 5415 Et
2370 5360 2590 5415 abstulit
2637 5362 2775 5415 sicut
2816 5375 2931 5413 oves
2980 5358 3229 5427 populum
3280 5376 3456 5424 suum,
3502 5371 3551 5414 et

1974 5453 2218 5523 perduxit
2246 5471 2334 5508 eos
2371 5465 2623 5524 tanquam
2649 5470 2855 5524 gregem
2891 5453 2943 5506 in
2970 5452 3177 5506 deserto
3207 5469 3223 5505 :
3252 5463 3301 5507 et
3333 5451 3552 5507 deduxit

1972 5565 2059 5602 eos
2105 5549 2161 5601 in
2214 5562 2302 5615 spe
2330 5555 2378 5601 et
2413 5562 2518 5600 non
2567 5548 2887 5609 timuerunt;
2940 5546 3240 5600 secundum
3298 5545 3549 5616 Aquilam

1972 5656 2101 5696 vero
2136 5638 2244 5695 :Et
2270 5639 2487 5695 deduxit
2515 5654 2601 5695 cos
2630 5640 2683 5691 in
2716 5638 2937 5707 fiducia,
2967 5647 3017 5691 et
3056 5654 3156 5690 non
3194 5638 3362 5691 territi
3391 5649 3548 5699 sunt;

1974 5736 2274 5791 secundum
2326 5731 2740 5804 Symmachum,
2797 5729 3027 5784 Deduxit
3077 5747 3164 5784 eos
3210 5732 3321 5785 sine
3362 5731 3551 5783 timore

1973 5836 2020 5879 et
2052 5836 2290 5890 terrore;
2327 5836 2376 5880 ct
2410 5824 2652 5879 inimicos
2684 5838 2862 5877 eorum
2896 5821 3097 5890 operuit
3132 5837 3296 5875 mare.
3336 5819 3401 5874 Et
3435 5821 3550 5874 inec
