4078 6432
509 306 613 364 951
1188 309 1457 367 EUSEBII
1495 309 1974 367 CESARIENSIS
2011 308 2165 366 OPP.
2208 308 2389 367 PARS
2429 308 2519 365 Ill.
2560 341 2628 353 -—-
2670 305 3088 364 EXEGETICA.
3696 296 3821 353 932

511 420 734 493 quidem
792 428 919 477 ante
975 435 1162 477 eorum
1222 423 1277 477 in
1332 422 1551 479 deserto
1610 423 2094 479 commorationem

2199 436 2393 494 γησεν
2430 420 2653 488 αὐτοὺς
2674 421 2938 489 ἀφόϐους
2968 416 3066 471 καὶ
3097 413 3463 481 ἁπτοήτους·
3496 412 3600 466 και
3642 413 3818 477 τοὺς

512 521 667 584 gesta
693 522 852 580 sunt;
887 528 1063 583 neque
1093 515 1237 569 enim
1270 530 1451 570 sermo
1479 516 1622 570 serie
1665 531 1847 570 rerum
1882 516 2085 582 utitur;

2198 515 2445 585 ἐχθροὺς
2477 512 2677 568 αὐτῶν
2710 510 3021 579 ἐκάλυψεν
3048 509 3086 575 ἠ
3121 506 3423 561 θάλασσα.
3464 505 3576 559 Καὶ
3604 503 3816 558 ταῦτα

514 602 612 657 sed
662 613 850 673 utpote
906 605 961 659 in
1018 605 1223 676 hymno
1268 616 1323 661 et
1368 608 1584 662 cantico
1620 615 1951 677 praepostere
2001 624 2089 663 res

2199 607 2301 677 μὲν
2345 605 2586 678 πρότερα
2625 600 2694 676 ἦν
2717 604 2819 675 τῆς
2867 602 3010 657 κατά
3052 601 3153 672 τὴν
3186 599 3391 671 ἔρημον
3450 596 3771 668 διατριϐῆς
3795 611 3813 626 ⁸

512 703 755 749 enarrat.
798 694 979 761 Quare
1009 712 1133 750 cum
1163 712 1228 751 ea
1251 714 1372 768 qua:
1416 698 1551 769 ipsis
1580 699 1636 753 in
1670 700 1887 755 deserto
1916 700 2092 756 couti-

2198 699 2258 752 οὐ
2291 698 2394 769 μὴν
2436 697 2531 751 κα)⁸
2577 698 2606 750 ὁ
2638 697 2793 766 λόγος
2824 699 2892 768 τῇ
2924 694 3074 760 τάξει
3106 692 3372 763 κέχρηται
3404 690 3511 743 τῶν
3558 706 3814 760 πεπρα-

513 796 726 856 gerant,
774 796 828 841 et
881 797 1104 859 peccata
1152 805 1275 860 quae
1317 792 1370 844 in
1408 793 1705 848 solitudine
1733 793 2087 858 admiserant,

2198 792 2413 861 γμένων
2435 807 2446 819 ·
2493 791 2568 854 ὡς
2595 792 2651 843 ἐν
2682 789 2834 860 ὕμνῳ
2868 789 2928 842 δὲ
2954 788 3049 841 καὶ
3079 786 3192 858 ᾠδῇ
3220 784 3289 838 τὰ
3317 783 3547 853 δεύτερα
3581 782 3816 854 πρῶτα

509 880 836 949 quotiesque
866 879 1047 951 ipsum
1082 884 1545 939 exacerbaverant
1571 893 1921 953 enarrasset;
1951 898 2095 957 post-

508 983 573 1023 ea
604 969 850 1038 priorum
879 971 1213 1027 mentionem
1245 973 1398 1037 facit,
1432 984 1491 1029 ut
1520 992 1826 1033 sermonem
1859 993 1967 1033 non
2000 980 2089 1033 tri-

510 1061 709 1126 stibus,
734 1063 827 1117 sed
860 1061 955 1118 Dei
980 1064 1260 1121 beneﬁciis
1282 1067 1729 1124 circumscribat.
1752 1070 2093 1141 Quapropter

511 1151 613 1205 sub
642 1151 758 1205 hrec
795 1153 960 1208 rebus
1007 1168 1037 1207 a
1085 1153 1196 1209 Deo
1240 1156 1293 1209 in
1337 1156 1571 1227 Egypto
1603 1159 1797 1228 gestis,
1836 1169 1891 1215 et
1924 1160 2092 1215 maris

512 1241 953 1301 Rubritransitui
974 1245 1126 1301 addit
1146 1247 1279 1302 illud
1306 1248 1564 1305 :—Vens.
1591 1250 1681 1315 54,
1696 1251 1781 1306 55.
1794 1250 1861 1305 Et
1886 1252 2093 1306 induxit

510 1350 596 1388 eos
650 1336 705 1388 in
749 1347 979 1391 montem
1021 1340 1461 1408 sanctiﬁcationis
1506 1358 1638 1406 sua,
1678 1353 1906 1397 montem
1955 1344 2092 1398 hunc

511 1443 663 1495 quem
689 1430 969 1499 acquisivit
1006 1430 1229 1485 dextera
1253 1433 1389 1500 ejus.
1425 1432 1523 1488 Hic
1551 1449 1614 1489 ea
1643 1450 1765 1505 quae
1793 1436 1846 1489 in
1876 1435 2093 1493 deserto

512 1520 1093 1590 eontigerantsilentio
1120 1524 1312 1589 mittit,
1345 1528 1470 1596 quia
1500 1542 1689 1582 eorum
1716 1530 2091 1585 recensionem

510 1613 871 1680 praemiserat.
924 1613 1078 1670 Mons
1129 1624 1307 1669 autem
1348 1620 1596 1686 quinam,
1648 1618 1757 1673 nisi
1806 1617 2012 1683 Sionis,
2037 1621 2092 1674 in

511 1717 622 1773 quo
670 1702 973 1758 Jerusalem
1028 1706 1133 1759 sub
1178 1706 1293 1761 haec
1342 1716 1467 1777 post
1514 1708 1719 1779 Asaphi
1767 1718 1823 1764 et
1870 1708 2092 1766 Davidis

2197 884 2379 956 τίθησι
2417 885 2511 937 καὶ
2540 883 2609 937 τὰ
2638 882 2827 954 πρῶτα
2855 881 3102 953 δεύτερα.
3132 878 3221 932 Διὸ
3249 877 3319 931 τά
3346 877 3487 931 κατά
3514 875 3613 947 τὴν
3649 875 3812 947 ἕρη-

2202 995 2301 1048 μον
2345 977 2644 1048 συμϐάντα,
2679 976 2773 1029 καὶ
2804 976 2903 1029 ὅσα
2934 976 3178 1045 ἥμαρτον
3219 972 3279 1026 ἐν
3308 974 3373 1042 τῇ
3423 971 3637 1041 ἐρήμῳ,
3697 969 3811 1021 καὶ

2198 1070 2387 1134 ὁσάκις
2420 1071 2845 1141 παρεπίκραινον
2881 1064 3407 1139 προδιηγησάμενος,
3437 1062 3575 1133 μετά
3605 1061 3809 1114 ταῦτα

2199 1163 2297 1234 τὴν
2336 1164 2445 1216 τῶν
2480 1164 2711 1234 πρώτων
2748 1162 2966 1231 μνήμην
2996 1161 3251 1222 ποιεῖται,
3289 1156 3366 1219 ὡς
3396 1156 3460 1209 ἂν
3493 1154 3586 1207 τὸν
3621 1153 3806 1220 λόγον

2201 1254 2557 1326 περιγράψειε
2592 1254 2664 1326 μὴ
2692 1254 2772 1316 είς
2800 1252 3037 1323 λυπηρὰ,
3067 1251 3181 1305 ἀλλ’
3212 1250 3305 1303 ἐπὶ
3349 1250 3461 1310 ταῖς
3501 1244 3598 1299 τοῦ
3642 1243 3805 1296 Θεοῦ

2200 1346 2560 1416 εὐεργεσίαις.
2593 1345 2791 1416 Διόπερ
2822 1342 2949 1413 ἑξῆς
2982 1342 3336 1396 ἐπισυνάπτει
3363 1342 3474 1401 τοῖς
3507 1338 3652 1395 κατά
3684 1337 3804 1406 τὴν

2201 1433 2472 1502 Αἴγυπτον
2502 1434 2605 1487 ὑπὸ
2630 1434 2724 1486 τοῦ
2769 1433 2903 1485 Θεοῦ
2932 1432 3359 1504 πεπραγμένοις,
3401 1428 3497 1482 καὶ
3525 1430 3593 1497 τῇ
3624 1426 3801 1495 διόδῳ

2204 1526 2304 1596 τῆς
2321 1526 2589 1597 Ἐρυθρᾶς
2621 1524 2917 1595 Θαλάσσης,
2943 1524 3149 1587 τὸ,Καί
3190 1520 3514 1590 εισήγαγεν
3557 1516 3799 1581 αὐτοὺς

2199 1625 2287 1688 εὶς
2326 1621 2462 1689 ὄρος
2499 1619 2862 1689 ἀγιάσματος
2916 1617 3123 1681 αὐτοῦ,
3154 1614 3291 1684 ὄρος
3333 1613 3511 1667 τοῦτο
3543 1610 3574 1663 ὃ
3607 1609 3801 1675 ext-ri.

2199 1730 2349 1769 σατο
2376 1714 2415 1781 ἡ
2449 1712 2617 1776 δεξιὰ
2654 1710 2871 1764 αὐτοῦ’
2900 1709 2970 1764 τὰ
3013 1708 3155 1763 κατά
3179 1708 3278 1778 τὴν
3301 1706 3508 1777 ἔρημον
3544 1702 3797 1756 ἐνταῦθα

510 1804 757 1865 tempora
803 1802 1013 1849 structa
1060 1797 1181 1851 est?
1242 1796 1451 1853 Deinde
1516 1801 1888 1856 narrationem
1932 1817 2090 1856 resu-

2198 1806 2613 1875 ἀποσιωπήσας,
2641 1805 2729 1858 διὰ
2750 1803 2812 1857 τὸ
2838 1802 3223 1874 προειληφέναι
3251 1798 3433 1853 αὐτῶν
3463 1798 3562 1869 τὴν
3587 1798 3795 1869 διήγη-

516 1887 615 1939 mit
646 1886 719 1939 ita
782 1887 1011 1956 loquens
1047 1906 1060 1940 :
1116 1886 1185 1941 Et
1233 1888 1386 1959 ejecit
1428 1907 1461 1944 a
1497 1890 1632 1959 facie
1662 1907 1842 1944 eorum
1898 1902 2094 1961 gentes.

514 1989 569 2034 et
640 1990 781 2033 sorte
832 1982 1011 2033 divisit
1060 1982 1135 2035 eis
1205 1991 1398 2036 terram
1439 1984 1491 2036 in
1548 1984 1785 2053 funiculo
1844 1984 2099 2039 distribu-

509 2072 692 2125 tionis.
750 2071 816 2124 Et
865 2072 1107 2126 habitare
1136 2073 1259 2141 fecit
1315 2076 1368 2128 in
1404 2075 1763 2131 tabernaculis
1791 2094 1973 2130 eorum
1998 2079 2097 2131 tri-

509 2160 609 2218 bus
647 2162 843 2220 Israel.
875 2164 1169 2238 Postquam
1205 2168 1513 2238 ingressum
1542 2169 1597 2223 in
1630 2178 1829 2223 terram
1861 2171 2095 2239 promis-

511 2259 689 2314 sionis
732 2260 1079 2325 memoravit,
1123 2267 1178 2315 et
1206 2260 1482 2330 quomodo
1518 2261 1909 2331 occupaverint
1942 2276 2097 2315 mon-

510 2356 625 2404 tem
669 2348 824 2409 Sion.
869 2366 1029 2420 quem
1065 2352 1245 2420 longis
1289 2359 1480 2421 postea
1521 2352 1860 2422 temporibus
1901 2350 2093 2416 David,

508 2442 686 2511 pulsis
718 2443 899 2513 gladio
927 2442 1195 2499 Jebusaeis
1226 2444 1499 2512 obtinuit;
1534 2444 1820 2501 historiam
1846 2445 2095 2511 resumit,

512 2536 840 2605 compendio
868 2550 1126 2599 narrans,
1158 2536 1437 2606 quomodo
1466 2545 1591 2605 post
1614 2546 1848 2591 mortem
1870 2536 2094 2608 Moysis,

511 2629 652 2683 duce
676 2626 806 2682 Jesu
841 2628 951 2683 filio
974 2626 1142 2693 Nave,
1172 2628 1498 2683 transierint
1537 2628 1593 2683 iu
1622 2636 1824 2683 terram
1862 2632 2097 2698 promis-

509 2721 710 2786 sionis,
740 2728 795 2774 et
826 2719 1163 2789 alienigenas
1188 2719 1330 2774 bello
1352 2720 1422 2774 ab
1451 2735 1510 2774 se
1542 2719 1787 2775 devictos
1826 2736 1854 2773 a
1878 2721 2098 2788 regione

516 2811 818 2881 exegerint,
847 2819 900 2865 et
936 2810 1182 2865 funiculo
1208 2811 1511 2865 dimensam
1544 2820 1744 2865 terram
1777 2819 1925 2866 sorte
1953 2812 2099 2865 divi.

509 2902 702 2957 serint.
734 2902 939 2957 Deinde
960 2902 1111 2972 ipsos
1140 2903 1335 2957 iterum
1354 2906 1602 2973 coarguit
1655 2900 1845 2972 (Vens.
1881 2903 2094 2974 56-58),

516 2996 709 3049 dicens
764 3010 860 3049 eos
897 2995 1175 3064 prioribus
1211 2995 1267 3048 in
1301 2994 1521 3049 deserto
1551 2995 1812 3049 admissis
1858 2996 2098 3066 peccatis

510 3102 653 3141 nova
702 3086 839 3139 mala
894 3085 1171 3140 addidisse
1224 3104 1237 3139 :
1294 3101 1357 3139 ac
1388 3094 1678 3155 postquam
1716 3092 1918 3140 terram
1954 3088 2097 3140 obti-

518 3178 793 3240 nuissent,
826 3176 994 3231 Deum
1048 3178 1326 3232 excelsum
1376 3178 1451 3233 ibi
1500 3178 1697 3231 iterum
1752 3186 1994 3234 tentasse
2042 3185 2096 3231 et

510 3268 891 3331 exacerbasse,
942 3275 995 3322 et
1046 3268 1362 3322 testimonia
1418 3268 1538 3337 ejus
1586 3282 1685 3338 per
1717 3266 1956 3338 Moysem
1988 3269 2095 3324 sibi

511 3358 720 3411 tradita
755 3372 864 3410 non
890 3355 1234 3424 custodisse;
1272 3355 1367 3413 sed
1386 3372 1505 3412 sese
1524 3357 1788 3413 avertisse
1826 3373 1889 3412 ac
1906 3359 2099 3429 despe-

514 3450 664 3507 xisse
691 3450 1151 3522 quemadmodum
1178 3456 1359 3520 patres
1388 3465 1599 3515 eorum,
1633 3459 1685 3504 et
1709 3465 1897 3505 versos
1929 3451 2099 3507 fuisse

514 3543 572 3598 in
604 3558 792 3598 arcum
828 3559 1079 3615 pravum.
1121 3539 1258 3597 Nam
1300 3558 1422 3597 cum
1459 3543 1795 3613 oportuisset
1842 3544 2098 3600 inimicos

514 3637 613 3693 Dei
641 3645 695 3694 et
728 3638 1075 3693 adversarias
1116 3637 1220 3691 sibi
1264 3644 1564 3707 potestates
1601 3637 1721 3693 telis
1756 3637 2019 3707 impetere
2044 3645 2098 3692 et

514 3732 845 3798 confodere;
894 3730 999 3801 ipsi
1044 3730 1207 3785 idolis
1250 3730 1417 3785 dediti
1470 3730 1638 3785 Deum
1672 3730 2010 3800 blasphemis
2046 3739 2100 3785 et

513 3825 746 3879 nefariis
774 3825 957 3879 verbis
991 3824 1333 3893 impetivere.
1375 3823 1556 3889 Quare
1596 3823 1725 3877 facti
1761 3832 1891 3877 sunt
1924 3821 1979 3876 in
2010 3838 2099 3876 ar-

510 3932 641 3972 cum
698 3933 925 3989 pravum
960 3937 974 3972 :
1006 3917 1150 3988 quod
1202 3917 1305 3971 sub
1359 3918 1573 3972 initium
1624 3916 1961 3971 declaratum
2009 3915 2096 3971 his

510 4011 701 4066 verbis
733 4020 816 4065 est
855 4030 868 4065 :
904 4008 1037 4063 Filii
1084 4009 1340 4078 Epitraim
1383 4009 1708 4063 intendentes
1750 4017 1801 4062 et
1834 4010 2095 4062 mittentes

515 4103 771 4167 arcubus,
799 4104 1033 4156 conversi
1063 4112 1187 4157 sunt
1216 4104 1270 4155 in
1299 4102 1382 4155 die
1417 4101 1559 4155 belli.
1593 4101 1878 4167 Quomodo
1912 4110 2095 4153 autem

513 4194 772 4248 conversi
810 4194 1013 4248 fuerint
1055 4195 1110 4248 in
1170 4210 1358 4247 arcum
1420 4209 1647 4263 pravum
1710 4193 1951 4247 declarat
2005 4207 2099 4262 po-

515 4295 635 4341 stea
665 4286 853 4341 dicens
897 4304 910 4339 :
961 4285 1028 4339 Et
1080 4286 1422 4339 irritaverant
1474 4301 1592 4338 eum
1642 4284 1696 4337 in
1747 4283 1992 4349 collibus,
2048 4293 2097 4336 et

516 4383 573 4437 in
594 4380 925 4451 sculptilibus
990 4382 1101 4436 suis
1131 4380 1199 4435 ad
1258 4380 1650 4435 wmulationem
1686 4386 2097 4448 provocaverunt

512 4491 658 4530 eum.

2200 1915 2307 1951 σιν.
2339 1899 2500 1968 Ὅρος
2527 1897 2584 1949 δὲ
2620 1899 2770 1949 ποῖον
2801 1895 2833 1966 ἢ
2865 1895 2926 1947 τὸ
2950 1893 3106 1956 Σιὼν,
3138 1894 3223 1961 ἐφ’
3244 1886 3289 1959 ᾧ
3321 1889 3678 1963 Ἰερουσαλὴμ
3706 1890 3793 1961 (1)

2198 1992 2422 2063 ὕστερον
2452 1990 2591 2060 μετά
2621 1991 2747 2052 τοὺς
2768 1988 2990 2060 χρόνους
3024 1986 3116 2040 τοῦ
3158 1986 3328 2054 Ἀσὰφ
3368 1985 3464 2037 καὶ
3494 1982 3587 2035 τοῦ
3616 1981 3791 2035 Acut-8

2197 2081 2548 2153 ᾡκοδομήθης
2602 2075 2699 2134 εἴτ’
2745 2076 3189 2148 ἐπαναλαμϐάνει
3240 2075 3339 2147 τὴν
3391 2074 3645 2145 διήγησιν
3695 2072 3788 2127 διὰ

2196 2175 2304 2229 τῶν
2332 2175 2455 2245 ἑξῆς
2482 2174 2655 2241 λέγων
2674 2189 2687 2203 °
2727 2170 2838 2226 Καὶ
2865 2170 3152 2235 ἐξέϐαλεν
3174 2168 3293 2222 ἀπὸ
3321 2164 3648 2235 προσώπου
3675 2167 3789 2219 αὐ-

2196 2266 2316 2321 τῶν
2338 2267 2507 2333 ἔθνη,
2538 2265 2635 2318 καὶ
2668 2262 3150 2329 ἐκληροδότησεν
3174 2258 3395 2324 αὐτοὺς
3424 2258 3495 2312 ἐν
3530 2258 3787 2326 σχοινίφ

2198 2356 2620 2425 κληροδοσίας.
2669 2356 2778 2410 Kal
2826 2353 3287 2421 κατεσκήνωσεν
3336 2352 3406 2405 ἐν
3450 2349 3577 2417 τοῖς
3625 2364 3784 2416 σκη-

2196 2447 2465 2518 νώμασιν
2490 2447 2689 2501 αὐτῶν
2733 2447 2839 2512 τὰς
2875 2446 3075 2514 φυλὰς
3105 2442 3211 2497 τοῦ
3256 2440 3523 2510 Ἰσραήλ.
3552 2441 3783 2510 Μνημο-

2198 2541 2391 2603 νεύσας
2437 2540 2535 2609 τῆς
2591 2537 2793 2592 εἰσόδου
2836 2537 2935 2607 τῆς
2980 2536 3058 2597 εἰς
3092 2532 3191 2605 τὴν
3243 2532 3348 2603 γῆν
3395 2531 3496 2601 τῆς
3538 2533 3781 2599 ἐπαγγε-

2197 2632 2336 2696 λίας.
2366 2633 2459 2686 καὶ
2493 2632 2568 2695 ὼς
2606 2628 2937 2698 ἀπειλήφασι
2960 2627 3021 2679 τὸ
3046 2626 3171 2697 ὅρος
3222 2626 3274 2678 τὸ
3315 2625 3473 2687 Σιὼν,
3501 2624 3640 2694 ὅπερ
3681 2640 3784 2692 μα-

2197 2728 2349 2797 κροῖς
2400 2724 2624 2795 ὓστερον
2669 2722 2881 2793 χρόνοις
2923 2720 3190 2790 ἐκτήσατο
3233 2716 3393 2771 Δαυῒδ
3436 2717 3493 2769 ἐν
3531 2715 3781 2787 ῥομφαίᾳ

2195 2818 2286 2871 τὸν
2332 2817 2651 2871 Ἰεϐουσαῖον
2683 2814 2901 2878 ἐλάσας,
2931 2810 3371 2881 ἐπαναλαμϐάνει
3402 2810 3501 2881 τὴν
3535 2808 3779 2880 ἱστορίαν

2197 2911 2348 2964 ἐπιτε
2359 2910 2641 2981 μνόμενος,
2666 2907 2741 2970 ὡς
2770 2907 2906 2978 μετά
2930 2904 3025 2975 τὴν
3050 2902 3305 2973 τελευτὴν
3329 2901 3592 2966 Μωσέως,
3615 2902 3782 2970 ήγου·

2201 2998 2364 3070 μένου
2392 2996 2570 3049 αὐτῶν
2606 2994 2780 3066 Ἰησοῦ
2818 2993 2911 3047 τοῦ
2938 2992 3118 3061 Ναυῆ,
3145 2990 3421 3062 παρῆλθον
3449 2990 3528 3052 εἰς
3552 2989 3649 3060 τὴν
3674 2989 3779 3057 γῆν

2198 3090 2299 3161 τῆς
2342 3087 2693 3157 ἐπαγγελίας,
2740 3088 2831 3141 καὶ
2880 3086 2952 3149 ὼς
2994 3084 3244 3149 ἐξέϐαλον
3288 3085 3414 3147 τοὺς
3449 3081 3779 3151 ἀλλοφύλους

2202 3183 2420 3253 πολέμῳ
2445 3182 2812 3252 κρατήσαντες
2854 3180 2953 3251 τῆς
2982 3178 3184 3249 χώρας,
3212 3178 3303 3232 καὶ
3325 3178 3397 3241 ὡς
3432 3177 3621 3248 κλήρῳ
3651 3176 3781 3229 διεί-

2200 3276 2357 3329 λαντο
2390 3275 2585 3345 σχοίνῳ
2617 3275 2981 3345 μετρήσαντες
3004 3272 3103 3341 τὴν
3132 3272 3253 3342 γῆν.
3282 3266 3392 3323 Εἶτ’
3419 3266 3576 3333 αὖθις
3600 3268 3778 3322 αὐτῶν

2200 3368 2521 3438 κατηγορεῖ,
2578 3365 2866 3427 διδάσκων,
2900 3364 2974 3427 ὡς
3032 3364 3169 3435 πρὸς
3212 3366 3324 3427 τοῖς
3368 3360 3779 3434 ἡμαρτημένοις

2199 3457 2342 3511 κατά
2380 3456 2476 3527 τὴν
2509 3456 2713 3528 ἔρημον
2744 3454 3061 3526 προσθήκας
3094 3453 3275 3506 κακῶν
3306 3454 3655 3525 ἐποιήσαντο·
3685 3454 3781 3505 auxi.

2203 3549 2340 3620 μετά
2386 3549 2448 3601 τὸ
2489 3547 2791 3619 κτήσασθαι
2840 3546 2937 3617 τήν
2975 3546 3099 3616 γῆν,
3145 3546 3440 3617 ἐπείρασαν
3488 3545 3648 3599 πάλιν
3694 3547 3781 3599 ἐν-

2198 3641 2371 3695 ταῦθα
2400 3640 2495 3693 καὶ
2534 3640 2945 3711 παρεπίκραναν
2974 3639 3064 3692 τὸν
3110 3639 3242 3693 Θεὸν
3271 3640 3362 3693 τὸν
3395 3639 3640 3710 ὕψιστον,
3683 3640 3779 3693 καὶ

2198 3732 2266 3785 τὰ
2294 3733 2567 3805 μαρτύρια
2594 3733 2758 3786 αὑτοῦ
2796 3735 2867 3787 τά
2895 3733 2981 3786 διά
3007 3734 3250 3796 Μωσέως
3277 3732 3459 3796 αὐτοῖς
3484 3732 3778 3805 παραδεδο-

2202 3823 2339 3895 μένα
2365 3825 2464 3877 οὐκ
2496 3824 2766 3893 ἐφύλαξαν
2785 3842 2799 3855 ·
2837 3824 2949 3878 ἀλλ’
2976 3823 3326 3896 ἀπέστρεψαν
3358 3824 3452 3878 καὶ
3482 3823 3772 3896 ἠθέτησαν,

2200 3918 2381 3982 καθὼς
2405 3921 2454 3972 οἱ
2483 3920 2714 3990 πατέρες
2739 3918 2937 3983 αὐτῶν,
2980 3918 3075 3971 καὶ⁵
3114 3917 3483 3989 μετετέθησαν
3514 3920 3594 3982 εἰς
3623 3919 3774 3983 τόξον

2201 4010 2476 4083 στρεϐλόν.
2520 4011 2646 4063 Δέον
2672 4011 2780 4082 γὰρ
2818 4012 2945 4073 τοὺς
2970 4009 3196 4081 ἐχθροὺς
3240 4008 3333 4062 τοῦ
3367 4009 3503 4062 Θεοῦ
3547 4010 3640 4073 καὶ
3676 4009 3774 4073 τὰς

2200 4103 2489 4174 πολεμίους
2521 4103 2697 4156 αὐτῶν
2726 4103 2980 4172 δυνάμεις
3007 4101 3104 4165 τὰς
3135 4101 3513 4172 ἀντικειμένας
3541 4099 3775 4165 τοξεύειν

2199 4198 2293 4249 καὶ
2327 4195 2557 4265 βάλλειν,
2584 4196 2632 4245 οἱ
2661 4194 2716 4247 δὲ
2745 4192 3299 4263 εἰδωλολατρήσαντες
3334 4191 3423 4245 τὸν
3464 4191 3597 4244 Θεὸν
3631 4190 3776 4244 ἔϐαλ-

2198 4287 2288 4341 λον
2320 4287 2657 4357 βλασφήμοις
2702 4286 2795 4337 καὶ
2826 4283 3102 4355 ἀθεμίτοις
3132 4282 3326 4350 λόγοις.
3363 4281 3453 4334 Διὸ
3491 4282 3774 4350 γεγόνασιν

2200 4382 2279 4445 εἰς
2304 4380 2454 4444 τόξον
2482 4377 2735 4448 στρεϐλόν
2761 4393 2774 4406 ⁸
2803 4376 2831 4429 ὃ
2862 4376 2925 4445 δὴ
2959 4376 3076 4428 κατ’
3108 4373 3279 4445 ἀρχὰς
3309 4372 3494 4443 ἐδήλου
3515 4374 3579 4425 τὸ
3599 4373 3777 4442 λόγιον

2205 4467 2381 4537 φῆσαν
2404 4483 2417 4496 ⁸
2457 4467 2575 4519 Υἱοὶ
2616 4465 2858 4534 Ἐφραῒμ
2901 4465 3269 4530 ἐντείνοντες
3295 4465 3394 4518 καὶ
3436 4463 3777 4555 βάλλονξες

513 4570 735 4635 τόξοις,
771 4566 1164 4637 ἐστράφησαν
1207 4567 1276 4620 ἐν
1305 4567 1495 4637 ἡμέρᾳ
1525 4568 1815 4637 πολέμου.
1864 4567 1987 4629 Πῶς
2032 4566 2088 4617 δέ
2126 4564 2473 4635 ἐστράφησαν
2498 4564 2576 4625 εἰς
2602 4562 2752 4626 τόξον
2784 4561 3038 4630 στρεϐλὸν
3097 4561 3350 4629 διασαφεῖ
3385 4559 3559 4629 λέγων
3618 4560 3772 4633 ἐξῆςο

512 4665 627 4723 Καὶ
669 4662 1051 4733 παρώργισαν
1077 4662 1263 4717 αὐτὸν
1298 4663 1368 4716 ὲν
1410 4662 1534 4728 τοῖς
1562 4660 1815 4726 βουνοῖς
1844 4659 1922 4731 (2)
1962 4659 2059 4712 καὶ
2098 4658 2168 4711 ἐν
2204 4658 2326 4721 τοῖς
2354 4659 2639 4723 γλυπτοῖς
2677 4655 2874 4709 αὐτῶν
2905 4653 3336 4721 παρεζήλωσαν
3365 4656 3573 4708 αὐτόν.

587 4779 752 4835 Vens.
788 4780 877 4835 59.
912 4778 1129 4832 Audiuit
1164 4778 1300 4833 Deus
1340 4786 1391 4832 et
1420 4778 1634 4848 sprevit,
1673 4786 1722 4830 et
1758 4776 1828 4829 ad
1868 4775 2091 4829 nihilum

2272 4775 2570 4826 Ἤκουσεν
2598 4774 2629 4825 ὀ
2661 4769 2807 4834 Θεὸς
2831 4769 2927 4821 καὶ
2979 4767 3242 4835 ὺπερίδε,
3271 4768 3373 4821 καί
3402 4764 3778 4829 ἐξουδένωσσ

515 4870 712 4941 redegit
746 4869 895 4924 valde
928 4868 1122 4923 Israel.
1154 4868 1451 4938 Postquam
1484 4868 1624 4921 mala
1662 4867 1730 4921 ab
1759 4866 1894 4936 ipsis
1928 4867 2089 4921 etiam

515 4964 576 5019 in
608 4972 754 5018 terra
798 4963 1180 5032 promissionis
1212 4968 1521 5031 perpetrata
1548 4960 1850 5025 recensuit,
1878 4958 2089 5027 justum

516 5053 613 5109 Dei
640 5054 906 5124 judicium
953 5061 1142 5124 postea
1187 5052 1448 5115 declarat,
1494 5049 1925 5120 comprobatque
1966 5048 2090 5118 jure

514 5158 615 5199 eos
661 5153 785 5213 post
826 5144 1085 5214 praedicta
1135 5144 1315 5196 omnia
1364 5142 1446 5195 ira
1490 5139 1586 5195 Dei
1633 5142 1853 5195 invasos
1897 5139 2087 5194 fuisse.

517 5236 653 5290 Nam
682 5253 807 5291 cum
845 5238 990 5292 versi
1026 5243 1154 5292 sunt
1190 5237 1246 5291 in
1280 5251 1467 5290 arcum
1497 5251 1749 5305 pravum,
1779 5242 1834 5289 et
1863 5250 1987 5289 cum
2014 5236 2091 5287 ir-

518 5331 810 5384 ritaveruut
843 5347 962 5383 eum
990 5331 1044 5383 in
1072 5329 1293 5383 collibus
1314 5330 1448 5393 suis,
1473 5329 1598 5383 etin
1618 5327 1949 5397 sculptilibus
1974 5327 2084 5381 suis

518 5421 588 5475 ad
624 5421 1011 5475 wmulationem
1040 5432 1449 5490 prouocauerunt
1472 5436 1629 5485 eum;
1662 5431 1793 5475 tunc
1822 5419 1965 5474 Deus
1990 5433 2092 5475 nec

519 5514 668 5582 ipsos
701 5514 925 5575 intueri,
959 5513 1097 5567 tales
1132 5514 1346 5569 scilicet
1374 5529 1497 5568 cum
1531 5520 1737 5580 essent,
1775 5527 1877 5567 nec
1907 5512 1961 5566 in
1994 5525 2089 5566 eos

517 5606 821 5673 respicere;
862 5606 972 5657 imo
1016 5620 1145 5660 vero
1196 5622 1373 5679 neque
1414 5607 1637 5677 impiam
1678 5620 1866 5662 eorum
1895 5619 2085 5660 vocem

603 5756 678 5827 (ι)
709 5753 771 5808 F.
814 5757 875 5810 τδ
910 5756 1071 5827 ἱερόν.

2199 4868 2431 4936 σφόδρα
2468 4864 2574 4917 τὸν
2618 4861 2872 4929 Ἰσραήλ.
2922 4859 3239 4924 Καταλέξας
3269 4860 3363 4913 καὶ
3407 4859 3477 4911 τὰ
3511 4861 3568 4912 ἐν
3596 4861 3663 4930 τῇ
3703 4858 3775 4928 τῇ

2193 4966 2291 5035 τῆς
2314 4958 2641 5027 ἐπαγγελίας
2665 4953 3029 5025 πεπραγμένα
3058 4953 3239 5016 αὐτοῖς
3259 4952 3423 5015 κακὰ,
3446 4951 3776 5023 παρίστησιν

2196 5057 2320 5125 ἐξῆς
2348 5054 2444 5124 τὴν
2473 5049 2865 5119 δικαιοκρισίαν
2907 5047 3001 5099 τοῦ
3043 5046 3200 5110 Θεοῦ,
3244 5046 3477 5107 δεικνὺς,
3510 5044 3585 5107 ὡς
3620 5043 3773 5098 εὐλό-

2193 5164 2305 5217 γως
2344 5144 2480 5215 μετά
2528 5142 2702 5194 πάντα
2734 5139 2801 5191 τὰ
2840 5137 3243 5209 προλελεγμένα
3278 5135 3538 5206 μετῆλθεν
3580 5134 3775 5198 αὐτοὺς

2197 5239 2230 5306 ή
2255 5237 2412 5307 ὀργή.
2437 5235 2563 5286 ’Ὀτε
2586 5232 2694 5303 γὰρ
2726 5231 3074 5299 ἐστράφησαν
3104 5231 3182 5291 είς
3204 5228 3356 5293 τόξον
3388 5226 3662 5297 στρεϐλὸν,
3682 5226 3775 5279 καὶ

2193 5330 2280 5382 ὅτε
2308 5326 2689 5394 παρώργισαν
2708 5324 2897 5377 αὑτὸν
2919 5324 2989 5375 ἐν
3012 5322 3135 5387 τοῖς
3156 5322 3399 5386 ,βουνοις
3430 5318 3649 5377 αὐτῶν.
3675 5318 3775 5373 καί

2201 5420 2270 5473 ἐν
2298 5418 2419 5481 τοῖς
2459 5414 2747 5485 γλυπτοῖς
2773 5412 2971 5466 αὐτῶν
3007 5410 3437 5479 παρεζήλωσαν
3472 5409 3683 5478 αὐτὰς,
3713 5407 3776 5463 τὸ

2198 5509 2500 5579 τηνικαῦτα.
2543 5508 2663 5559 οὐδὲ
2710 5505 3002 5575 ἐμϐλέπειν
3029 5504 3223 5566 αὐτοὺς
3267 5506 3296 5557 ὁ
3330 5503 3463 5566 Θεὸς
3488 5500 3773 5565 «meum

2196 5604 2372 5664 ὄντας,
2399 5601 2511 5653 ἀλλ’
2538 5599 2658 5650 οὐδὲ
2684 5600 2815 5668 ὁρᾷν
2840 5595 2988 5665 ἠξίου
3015 5614 3027 5627 ’
3060 5595 3175 5649 ἀλλ’
3200 5595 3319 5649 οὐδὲ
3347 5594 3565 5650 ἀκούειν
3591 5588 3773 5652 αὐτῶν

2236 5756 2337 5828 (Ξ)
2374 5758 2479 5824 Γρ.
2520 5752 2740 5827 βωμοῖς.
