  <div class='ocr_page' id='page_1' title='image "/cluster/home/n/w/nwhite01/storage/ocr_20150623/23/nnc1.0046978313/492.png"; bbox 0 0 4078 6432; ppageno 0'>
   <div class='ocr_carea' id='block_1_1' title="bbox 324 352 431 411">
    <p class='ocr_par' dir='ltr' id='par_1_1' title="bbox 324 352 431 411">
     <span class='ocr_line' id='line_1_1' title="bbox 324 352 431 411; baseline 0 0"><span class='ocrx_word' id='word_1_1' title='bbox 324 352 431 411; x_wconf 71' lang='lat'><strong>933</strong></span> 
     </span>
    </p>
   </div>
   <div class='ocr_carea' id='block_1_2' title="bbox 1459 346 2451 409">
    <p class='ocr_par' dir='ltr' id='par_1_2' title="bbox 1459 346 2451 409">
     <span class='ocr_line' id='line_1_2' title="bbox 1459 346 2451 409; baseline 0.002 -5"><span class='ocrx_word' id='word_1_2' title='bbox 1459 346 1965 405; x_wconf 82' lang='lat' dir='ltr'><strong>COMMENTARIA</strong></span> <span class='ocrx_word' id='word_1_3' title='bbox 2002 347 2071 404; x_wconf 83' lang='grc' dir='ltr'><strong>ΙΝ</strong></span> <span class='ocrx_word' id='word_1_4' title='bbox 2110 348 2451 409; x_wconf 75' lang='lat' dir='ltr'><strong>PSALMOS.</strong></span> 
     </span>
    </p>
   </div>
   <div class='ocr_carea' id='block_1_3' title="bbox 3482 348 3588 406">
    <p class='ocr_par' dir='ltr' id='par_1_3' title="bbox 3482 348 3588 406">
     <span class='ocr_line' id='line_1_3' title="bbox 3482 348 3588 406; baseline 0.019 -2"><span class='ocrx_word' id='word_1_5' title='bbox 3482 348 3588 406; x_wconf 62' lang='lat'><strong>954</strong></span> 
     </span>
    </p>
   </div>
   <div class='ocr_carea' id='block_1_4' title="bbox 322 467 1913 544">
    <p class='ocr_par' dir='ltr' id='par_1_4' title="bbox 322 467 1907 544">
     <span class='ocr_line' id='line_1_4' title="bbox 322 467 1907 544; baseline -0.002 -19"><span class='ocrx_word' id='word_1_6' title='bbox 322 472 422 544; x_wconf 78' lang='grc' dir='ltr'><strong>τῆς</strong></span> <span class='ocrx_word' id='word_1_7' title='bbox 450 468 681 534; x_wconf 84' lang='grc' dir='ltr'><strong>ἀσεϐοῦς</strong></span> <span class='ocrx_word' id='word_1_8' title='bbox 713 468 919 541; x_wconf 80' lang='grc' dir='ltr'><strong>φωνῆς.</strong></span> <span class='ocrx_word' id='word_1_9' title='bbox 949 468 1040 523; x_wconf 82' lang='grc' dir='ltr'><strong>Διδ</strong></span> <span class='ocrx_word' id='word_1_10' title='bbox 1072 468 1313 538; x_wconf 74' lang='grc' dir='ltr'><strong>ἐπιλέγει</strong></span> <span class='ocrx_word' id='word_1_11' title='bbox 1335 485 1348 498; x_wconf 86' lang='grc'><strong>·</strong></span> <span class='ocrx_word' id='word_1_12' title='bbox 1380 468 1678 525; x_wconf 82' lang='grc' dir='ltr'><strong>Ἤκουσεν</strong></span> <span class='ocrx_word' id='word_1_13' title='bbox 1699 471 1733 523; x_wconf 86' lang='grc' dir='ltr'><em>ὁ</em></span> <span class='ocrx_word' id='word_1_14' title='bbox 1761 467 1907 534; x_wconf 84' lang='grc' dir='ltr'><strong>Θεὸς</strong></span> 
     </span>
    </p>
   </div>
   <div class='ocr_carea' id='block_1_5' title="bbox 2012 467 3587 544">
    <p class='ocr_par' dir='ltr' id='par_1_5' title="bbox 2012 467 3587 543">
     <span class='ocr_line' id='line_1_5' title="bbox 2012 467 3587 543; baseline -0.001 -21"><span class='ocrx_word' id='word_1_15' title='bbox 2012 470 2199 526; x_wconf 87' lang='lat' dir='ltr'><strong>audire</strong></span> <span class='ocrx_word' id='word_1_16' title='bbox 2250 472 2605 543; x_wconf 72' lang='lat' dir='ltr'><strong>dignabatur.</strong></span> <span class='ocrx_word' id='word_1_17' title='bbox 2662 469 3030 539; x_wconf 83' lang='lat' dir='ltr'><strong>Quamobrem</strong></span> <span class='ocrx_word' id='word_1_18' title='bbox 3097 467 3303 534; x_wconf 87' lang='lat' dir='ltr'><strong>subdit,</strong></span> <span class='ocrx_word' id='word_1_19' title='bbox 3363 468 3587 522; x_wconf 74' lang='lat' dir='ltr'><strong>Audiuit</strong></span> 
     </span>
    </p>
   </div>
   <div class='ocr_carea' id='block_1_6' title="bbox 323 558 1913 633">
    <p class='ocr_par' dir='ltr' id='par_1_6' title="bbox 323 558 1913 633">
     <span class='ocr_line' id='line_1_6' title="bbox 323 558 1913 633; baseline -0.004 -13"><span class='ocrx_word' id='word_1_20' title='bbox 323 567 422 620; x_wconf 85' lang='grc' dir='ltr'><strong>καί</strong></span> <span class='ocrx_word' id='word_1_21' title='bbox 497 563 763 633; x_wconf 84' lang='grc' dir='ltr'><strong>ὐπερίδε,</strong></span> <span class='ocrx_word' id='word_1_22' title='bbox 812 561 956 618; x_wconf 84' lang='grc' dir='ltr'><strong>κατὰ</strong></span> <span class='ocrx_word' id='word_1_23' title='bbox 995 563 1086 616; x_wconf 82' lang='grc' dir='ltr'><strong>τὸν</strong></span> <span class='ocrx_word' id='word_1_24' title='bbox 1131 561 1384 625; x_wconf 69' lang='grc' dir='ltr'><strong>Ἀκύλαν,</strong></span> <span class='ocrx_word' id='word_1_25' title='bbox 1433 562 1535 616; x_wconf 83' lang='grc' dir='ltr'><strong>καί</strong></span> <span class='ocrx_word' id='word_1_26' title='bbox 1586 558 1913 630; x_wconf 83' lang='grc' dir='ltr'><strong>ἀνυπερθέ-</strong></span> 
     </span>
    </p>
   </div>
   <div class='ocr_carea' id='block_1_7' title="bbox 324 654 1909 729">
    <p class='ocr_par' dir='ltr' id='par_1_7' title="bbox 324 654 1909 729">
     <span class='ocr_line' id='line_1_7' title="bbox 324 654 1909 729; baseline -0.003 -18"><span class='ocrx_word' id='word_1_27' title='bbox 324 672 472 725; x_wconf 73' lang='lat' dir='ltr'><strong>mas</strong></span> <span class='ocrx_word' id='word_1_28' title='bbox 491 674 504 687; x_wconf 86' lang='grc'><strong>·</strong></span> <span class='ocrx_word' id='word_1_29' title='bbox 545 656 741 729; x_wconf 77' lang='grc' dir='ltr'><strong>μηκέτι</strong></span> <span class='ocrx_word' id='word_1_30' title='bbox 787 655 1053 727; x_wconf 87' lang='grc' dir='ltr'><strong>ἀναϐολὴν</strong></span> <span class='ocrx_word' id='word_1_31' title='bbox 1085 656 1219 727; x_wconf 85' lang='grc' dir='ltr'><strong>μηδὲ</strong></span> <span class='ocrx_word' id='word_1_32' title='bbox 1263 654 1556 727; x_wconf 79' lang='grc' dir='ltr'><strong>ὑπέρθεσιν</strong></span> <span class='ocrx_word' id='word_1_33' title='bbox 1595 656 1780 717; x_wconf 84' lang='grc' dir='ltr'><strong>αὐτοῖς</strong></span> <span class='ocrx_word' id='word_1_34' title='bbox 1819 654 1909 707; x_wconf 81' lang='grc' dir='ltr'><strong>ὲν-</strong></span> 
     </span>
    </p>
   </div>
   <div class='ocr_carea' id='block_1_8' title="bbox 323 747 1911 820">
    <p class='ocr_par' dir='ltr' id='par_1_8' title="bbox 323 747 1911 820">
     <span class='ocr_line' id='line_1_8' title="bbox 323 747 1911 820; baseline -0.002 -16"><span class='ocrx_word' id='word_1_35' title='bbox 323 750 446 814; x_wconf 84' lang='grc' dir='ltr'><strong>δούς</strong></span> <span class='ocrx_word' id='word_1_36' title='bbox 468 768 480 779; x_wconf 69' lang='grc'><strong>⁸</strong></span> <span class='ocrx_word' id='word_1_37' title='bbox 521 748 663 804; x_wconf 86' lang='grc' dir='ltr'><strong>κατά</strong></span> <span class='ocrx_word' id='word_1_38' title='bbox 711 748 770 802; x_wconf 85' lang='grc' dir='ltr'><strong>δὲ</strong></span> <span class='ocrx_word' id='word_1_39' title='bbox 821 748 913 802; x_wconf 84' lang='grc' dir='ltr'><strong>τὸν</strong></span> <span class='ocrx_word' id='word_1_40' title='bbox 971 747 1284 820; x_wconf 75' lang='grc' dir='ltr'><strong>Σύμμαχον,</strong></span> <span class='ocrx_word' id='word_1_41' title='bbox 1333 749 1442 803; x_wconf 87' lang='lat' dir='ltr'><strong>Kal</strong></span> <span class='ocrx_word' id='word_1_42' title='bbox 1496 748 1911 818; x_wconf 81' lang='grc' dir='ltr'><strong>ἀπεδοκίμασε</strong></span> 
     </span>
    </p>
   </div>
   <div class='ocr_carea' id='block_1_9' title="bbox 323 837 1909 912">
    <p class='ocr_par' dir='ltr' id='par_1_9' title="bbox 323 837 1909 912">
     <span class='ocr_line' id='line_1_9' title="bbox 323 837 1909 912; baseline -0.003 -16"><span class='ocrx_word' id='word_1_43' title='bbox 323 842 562 912; x_wconf 74' lang='grc' dir='ltr'><strong>σφόδρα</strong></span> <span class='ocrx_word' id='word_1_44' title='bbox 594 839 701 894; x_wconf 85' lang='grc' dir='ltr'><strong>τὸν</strong></span> <span class='ocrx_word' id='word_1_45' title='bbox 744 837 996 908; x_wconf 75' lang='grc' dir='ltr'><strong>Ἰσραήλ.</strong></span> <span class='ocrx_word' id='word_1_46' title='bbox 1028 839 1214 904; x_wconf 85' lang='grc' dir='ltr'><strong>Οῦτως</strong></span> <span class='ocrx_word' id='word_1_47' title='bbox 1237 840 1295 893; x_wconf 86' lang='grc' dir='ltr'><strong>δὲ</strong></span> <span class='ocrx_word' id='word_1_48' title='bbox 1322 840 1552 911; x_wconf 73' lang='grc' dir='ltr'><strong>ἥκουσεν</strong></span> <span class='ocrx_word' id='word_1_49' title='bbox 1593 842 1622 893; x_wconf 80' lang='grc' dir='ltr'><strong>ὁ</strong></span> <span class='ocrx_word' id='word_1_50' title='bbox 1652 839 1807 904; x_wconf 85' lang='grc' dir='ltr'><strong>Θεὸς,</strong></span> <span class='ocrx_word' id='word_1_51' title='bbox 1833 838 1909 904; x_wconf 85' lang='grc' dir='ltr'><strong>ὡς</strong></span> 
     </span>
    </p>
   </div>
   <div class='ocr_carea' id='block_1_10' title="bbox 324 931 1911 1004">
    <p class='ocr_par' dir='ltr' id='par_1_10' title="bbox 324 931 1911 1004">
     <span class='ocr_line' id='line_1_10' title="bbox 324 931 1911 1004; baseline -0.003 -15"><span class='ocrx_word' id='word_1_52' title='bbox 324 935 422 989; x_wconf 78' lang='grc' dir='ltr'><strong>καὶ</strong></span> <span class='ocrx_word' id='word_1_53' title='bbox 448 933 541 987; x_wconf 72' lang='grc' dir='ltr'><strong>ἐπὶ</strong></span> <span class='ocrx_word' id='word_1_54' title='bbox 565 932 871 1003; x_wconf 84' lang='grc' dir='ltr'><strong>Σοδομιτῶν</strong></span> <span class='ocrx_word' id='word_1_55' title='bbox 898 931 1085 1004; x_wconf 76' lang='grc' dir='ltr'><strong>εἴρητο</strong></span> <span class='ocrx_word' id='word_1_56' title='bbox 1105 948 1118 962; x_wconf 82' lang='grc'><em>’</em></span> <span class='ocrx_word' id='word_1_57' title='bbox 1156 931 1329 1001; x_wconf 75' lang='grc' dir='ltr'><strong>Φωνὴ</strong></span> <span class='ocrx_word' id='word_1_58' title='bbox 1358 932 1641 1002; x_wconf 79' lang='grc' dir='ltr'><strong>Σοδόμων</strong></span> <span class='ocrx_word' id='word_1_59' title='bbox 1672 931 1770 986; x_wconf 83' lang='grc' dir='ltr'><strong>καί</strong></span> <span class='ocrx_word' id='word_1_60' title='bbox 1797 933 1911 985; x_wconf 88' lang='grc' dir='ltr'><strong>Γο-</strong></span> 
     </span>
    </p>
   </div>
   <div class='ocr_carea' id='block_1_11' title="bbox 323 1022 1911 1098">
    <p class='ocr_par' dir='ltr' id='par_1_11' title="bbox 323 1022 1911 1098">
     <span class='ocr_line' id='line_1_11' title="bbox 323 1022 1911 1098; baseline -0.001 -18"><span class='ocrx_word' id='word_1_61' title='bbox 323 1028 549 1098; x_wconf 76' lang='grc' dir='ltr'><strong>μόρρας</strong></span> <span class='ocrx_word' id='word_1_62' title='bbox 576 1022 700 1092; x_wconf 84' lang='grc' dir='ltr'><strong>βοᾷ</strong></span> <span class='ocrx_word' id='word_1_63' title='bbox 743 1024 893 1094; x_wconf 88' lang='grc' dir='ltr'><strong>πρὸς</strong></span> <span class='ocrx_word' id='word_1_64' title='bbox 925 1024 1025 1094; x_wconf 85' lang='grc' dir='ltr'><strong>μέ.</strong></span> <span class='ocrx_word' id='word_1_65' title='bbox 1066 1024 1189 1078; x_wconf 86' lang='grc' dir='ltr'><strong>Τῶν</strong></span> <span class='ocrx_word' id='word_1_66' title='bbox 1222 1025 1333 1097; x_wconf 87' lang='grc' dir='ltr'><strong>γὰρ</strong></span> <span class='ocrx_word' id='word_1_67' title='bbox 1369 1024 1583 1079; x_wconf 87' lang='grc' dir='ltr'><strong>ἀσεϐῶν</strong></span> <span class='ocrx_word' id='word_1_68' title='bbox 1630 1024 1770 1079; x_wconf 87' lang='grc' dir='ltr'><strong>αύτά</strong></span> <span class='ocrx_word' id='word_1_69' title='bbox 1817 1025 1911 1079; x_wconf 83' lang='grc' dir='ltr'><strong>κέ-</strong></span> 
     </span>
    </p>
   </div>
   <div class='ocr_carea' id='block_1_12' title="bbox 323 1112 1911 1192">
    <p class='ocr_par' dir='ltr' id='par_1_12' title="bbox 323 1112 1911 1192">
     <span class='ocr_line' id='line_1_12' title="bbox 323 1112 1911 1192; baseline -0.002 -18"><span class='ocrx_word' id='word_1_70' title='bbox 323 1136 497 1192; x_wconf 86' lang='grc' dir='ltr'><strong>κραγε</strong></span> <span class='ocrx_word' id='word_1_71' title='bbox 528 1118 621 1172; x_wconf 82' lang='grc' dir='ltr'><strong>καὶ</strong></span> <span class='ocrx_word' id='word_1_72' title='bbox 656 1118 754 1189; x_wconf 82' lang='grc' dir='ltr'><strong>βοᾷ</strong></span> <span class='ocrx_word' id='word_1_73' title='bbox 780 1117 851 1171; x_wconf 87' lang='grc' dir='ltr'><strong>τά</strong></span> <span class='ocrx_word' id='word_1_74' title='bbox 884 1119 984 1189; x_wconf 84' lang='grc' dir='ltr'><strong>τῆς</strong></span> <span class='ocrx_word' id='word_1_75' title='bbox 1008 1116 1261 1182; x_wconf 85' lang='grc' dir='ltr'><strong>ἀσεϐείας</strong></span> <span class='ocrx_word' id='word_1_76' title='bbox 1282 1118 1611 1190; x_wconf 83' lang='grc' dir='ltr'><strong>πράγματα·</strong></span> <span class='ocrx_word' id='word_1_77' title='bbox 1644 1112 1722 1172; x_wconf 79' lang='grc' dir='ltr'><strong>ὧν</strong></span> <span class='ocrx_word' id='word_1_78' title='bbox 1746 1118 1911 1171; x_wconf 84' lang='grc' dir='ltr'><strong>ἀκού-</strong></span> 
     </span>
    </p>
   </div>
   <div class='ocr_carea' id='block_1_13' title="bbox 326 1208 1910 1281">
    <p class='ocr_par' dir='ltr' id='par_1_13' title="bbox 326 1208 1910 1281">
     <span class='ocr_line' id='line_1_13' title="bbox 326 1208 1910 1281; baseline -0.003 -13"><span class='ocrx_word' id='word_1_79' title='bbox 326 1232 425 1278; x_wconf 89' lang='grc' dir='ltr'><strong>σας</strong></span> <span class='ocrx_word' id='word_1_80' title='bbox 442 1215 471 1267; x_wconf 89' lang='grc' dir='ltr'>ὁ</span> <span class='ocrx_word' id='word_1_81' title='bbox 491 1208 624 1275; x_wconf 83' lang='grc' dir='ltr'><strong>Θεὸς</strong></span> <span class='ocrx_word' id='word_1_82' title='bbox 647 1210 932 1266; x_wconf 82' lang='grc' dir='ltr'><strong>ἀπώσατο</strong></span> <span class='ocrx_word' id='word_1_83' title='bbox 956 1210 1071 1280; x_wconf 81' lang='grc' dir='ltr'><strong>τὴν</strong></span> <span class='ocrx_word' id='word_1_84' title='bbox 1094 1211 1337 1279; x_wconf 85' lang='grc' dir='ltr'><strong>σκηνὴν</strong></span> <span class='ocrx_word' id='word_1_85' title='bbox 1361 1211 1595 1281; x_wconf 81' lang='grc' dir='ltr'><strong>Σηλὼμ,</strong></span> <span class='ocrx_word' id='word_1_86' title='bbox 1619 1210 1910 1280; x_wconf 80' lang='grc' dir='ltr'><strong>σκήνωμα</strong></span> 
     </span>
    </p>
   </div>
   <div class='ocr_carea' id='block_1_14' title="bbox 330 1298 1910 1372">
    <p class='ocr_par' dir='ltr' id='par_1_14' title="bbox 330 1298 1910 1372">
     <span class='ocr_line' id='line_1_14' title="bbox 330 1298 1910 1372; baseline -0.003 -16"><span class='ocrx_word' id='word_1_87' title='bbox 330 1298 405 1359; x_wconf 88' lang='grc' dir='ltr'><strong>οὗ</strong></span> <span class='ocrx_word' id='word_1_88' title='bbox 435 1299 901 1367; x_wconf 77' lang='grc' dir='ltr'><strong>κατεσκήνωσεν</strong></span> <span class='ocrx_word' id='word_1_89' title='bbox 929 1300 1000 1353; x_wconf 78' lang='grc' dir='ltr'><strong>ἐν</strong></span> <span class='ocrx_word' id='word_1_90' title='bbox 1032 1300 1380 1368; x_wconf 84' lang='grc' dir='ltr'><strong>ἀνθρώποις.</strong></span> <span class='ocrx_word' id='word_1_91' title='bbox 1431 1301 1518 1355; x_wconf 85' lang='grc' dir='ltr'><strong>Ἐν</strong></span> <span class='ocrx_word' id='word_1_92' title='bbox 1550 1300 1660 1372; x_wconf 80' lang='grc' dir='ltr'><strong>γὰρ</strong></span> <span class='ocrx_word' id='word_1_93' title='bbox 1705 1303 1771 1372; x_wconf 80' lang='grc' dir='ltr'><strong>τῇ</strong></span> <span class='ocrx_word' id='word_1_94' title='bbox 1807 1301 1910 1371; x_wconf 86' lang='grc' dir='ltr'><strong>Ση-</strong></span> 
     </span>
    </p>
   </div>
   <div class='ocr_carea' id='block_1_15' title="bbox 324 1389 1910 1463">
    <p class='ocr_par' dir='ltr' id='par_1_15' title="bbox 324 1389 1910 1463">
     <span class='ocr_line' id='line_1_15' title="bbox 324 1389 1910 1463; baseline -0.001 -18"><span class='ocrx_word' id='word_1_95' title='bbox 324 1390 448 1463; x_wconf 85' lang='grc' dir='ltr'><strong>λὼμ</strong></span> <span class='ocrx_word' id='word_1_96' title='bbox 494 1390 709 1463; x_wconf 85' lang='grc' dir='ltr'><strong>πρῶτον</strong></span> <span class='ocrx_word' id='word_1_97' title='bbox 742 1390 870 1462; x_wconf 74' lang='grc' dir='ltr'><strong>ἔστη</strong></span> <span class='ocrx_word' id='word_1_98' title='bbox 913 1392 946 1461; x_wconf 82' lang='grc' dir='ltr'>ἡ</span> <span class='ocrx_word' id='word_1_99' title='bbox 990 1389 1182 1461; x_wconf 86' lang='grc' dir='ltr'><strong>σκηνὴ,</strong></span> <span class='ocrx_word' id='word_1_100' title='bbox 1233 1389 1360 1443; x_wconf 76' lang='grc' dir='ltr'><strong>ἔνθα</strong></span> <span class='ocrx_word' id='word_1_101' title='bbox 1397 1392 1580 1463; x_wconf 81' lang='grc' dir='ltr'><strong>ἱερᾶτο</strong></span> <span class='ocrx_word' id='word_1_102' title='bbox 1617 1391 1766 1443; x_wconf 77' lang='grc' dir='ltr'><strong>Ἠλεὶ</strong></span> <span class='ocrx_word' id='word_1_103' title='bbox 1816 1391 1910 1443; x_wconf 79' lang='grc' dir='ltr'><strong>καὶ</strong></span> 
     </span>
    </p>
   </div>
   <div class='ocr_carea' id='block_1_16' title="bbox 324 1481 1904 1555">
    <p class='ocr_par' dir='ltr' id='par_1_16' title="bbox 324 1481 1904 1555">
     <span class='ocr_line' id='line_1_16' title="bbox 324 1481 1904 1555; baseline -0.001 -17"><span class='ocrx_word' id='word_1_104' title='bbox 324 1483 601 1555; x_wconf 83' lang='grc' dir='ltr'><strong>Σαμουὴλ,</strong></span> <span class='ocrx_word' id='word_1_105' title='bbox 646 1482 722 1547; x_wconf 83' lang='grc' dir='ltr'>ὡς</span> <span class='ocrx_word' id='word_1_106' title='bbox 770 1483 1096 1554; x_wconf 80' lang='grc' dir='ltr'><strong>παρίστησιν</strong></span> <span class='ocrx_word' id='word_1_107' title='bbox 1138 1484 1172 1554; x_wconf 82' lang='grc' dir='ltr'>ἡ</span> <span class='ocrx_word' id='word_1_108' title='bbox 1214 1482 1406 1554; x_wconf 80' lang='grc' dir='ltr'><strong>Γραφὴ</strong></span> <span class='ocrx_word' id='word_1_109' title='bbox 1445 1482 1553 1536; x_wconf 86' lang='grc' dir='ltr'><strong>τῶν</strong></span> <span class='ocrx_word' id='word_1_110' title='bbox 1588 1481 1904 1536; x_wconf 86' lang='grc' dir='ltr'><strong>Βασιλειῶν.</strong></span> 
     </span>
    </p>
   </div>
   <div class='ocr_carea' id='block_1_17' title="bbox 323 1569 1910 1645">
    <p class='ocr_par' dir='ltr' id='par_1_17' title="bbox 323 1569 1910 1645">
     <span class='ocr_line' id='line_1_17' title="bbox 323 1569 1910 1645; baseline -0.001 -17"><span class='ocrx_word' id='word_1_111' title='bbox 323 1575 540 1645; x_wconf 84' lang='grc' dir='ltr'><strong>Ταύτην</strong></span> <span class='ocrx_word' id='word_1_112' title='bbox 565 1569 658 1629; x_wconf 81' lang='grc' dir='ltr'><strong>οὖν</strong></span> <span class='ocrx_word' id='word_1_113' title='bbox 687 1572 945 1629; x_wconf 80' lang='grc' dir='ltr'><strong>ἀπώσατο</strong></span> <span class='ocrx_word' id='word_1_114' title='bbox 984 1572 1208 1645; x_wconf 86' lang='grc' dir='ltr'><strong>πρώτην</strong></span> <span class='ocrx_word' id='word_1_115' title='bbox 1232 1574 1332 1645; x_wconf 86' lang='grc' dir='ltr'><strong>τὴν</strong></span> <span class='ocrx_word' id='word_1_116' title='bbox 1372 1574 1431 1626; x_wconf 84' lang='grc' dir='ltr'><strong>ὲν</strong></span> <span class='ocrx_word' id='word_1_117' title='bbox 1459 1572 1658 1645; x_wconf 83' lang='grc' dir='ltr'><strong>Σηλὼμ</strong></span> <span class='ocrx_word' id='word_1_118' title='bbox 1700 1573 1910 1644; x_wconf 88' lang='grc' dir='ltr'><strong>σκήνω-</strong></span> 
     </span>
    </p>
   </div>
   <div class='ocr_carea' id='block_1_18' title="bbox 326 1665 1908 1739">
    <p class='ocr_par' dir='ltr' id='par_1_18' title="bbox 326 1665 1908 1739">
     <span class='ocr_line' id='line_1_18' title="bbox 326 1665 1908 1739; baseline -0.001 -16"><span class='ocrx_word' id='word_1_119' title='bbox 326 1686 411 1723; x_wconf 89' lang='grc' dir='ltr'><strong>σιν</strong></span> <span class='ocrx_word' id='word_1_120' title='bbox 434 1668 521 1723; x_wconf 86' lang='grc' dir='ltr'><strong>διά</strong></span> <span class='ocrx_word' id='word_1_121' title='bbox 551 1667 652 1731; x_wconf 84' lang='grc' dir='ltr'><strong>τὰς</strong></span> <span class='ocrx_word' id='word_1_122' title='bbox 672 1666 928 1730; x_wconf 88' lang='grc' dir='ltr'><strong>ἀσεϐείας</strong></span> <span class='ocrx_word' id='word_1_123' title='bbox 954 1666 1154 1721; x_wconf 76' lang='grc' dir='ltr'><strong>αὐτῶν.</strong></span> <span class='ocrx_word' id='word_1_124' title='bbox 1182 1666 1275 1720; x_wconf 83' lang='grc' dir='ltr'><strong>Διὸ</strong></span> <span class='ocrx_word' id='word_1_125' title='bbox 1304 1665 1446 1720; x_wconf 82' lang='grc' dir='ltr'><strong>κατὰ</strong></span> <span class='ocrx_word' id='word_1_126' title='bbox 1481 1667 1573 1720; x_wconf 85' lang='grc' dir='ltr'><strong>τὸν</strong></span> <span class='ocrx_word' id='word_1_127' title='bbox 1611 1666 1908 1739; x_wconf 84' lang='grc' dir='ltr'><strong>Σύμμαχον</strong></span> 
     </span>
    </p>
   </div>
   <div class='ocr_carea' id='block_1_19' title="bbox 324 1757 1904 1833">
    <p class='ocr_par' dir='ltr' id='par_1_19' title="bbox 324 1757 1904 1833">
     <span class='ocr_line' id='line_1_19' title="bbox 324 1757 1904 1833; baseline -0.002 -18"><span class='ocrx_word' id='word_1_128' title='bbox 324 1760 540 1833; x_wconf 87' lang='grc' dir='ltr'><strong>εἴρηται</strong></span> <span class='ocrx_word' id='word_1_129' title='bbox 562 1778 576 1791; x_wconf 90' lang='grc'><strong>·</strong></span> <span class='ocrx_word' id='word_1_130' title='bbox 602 1758 713 1815; x_wconf 88' lang='lat' dir='ltr'><strong>Kal</strong></span> <span class='ocrx_word' id='word_1_131' title='bbox 737 1758 1029 1827; x_wconf 72' lang='grc' dir='ltr'><strong>ἀπέρριψε</strong></span> <span class='ocrx_word' id='word_1_132' title='bbox 1056 1757 1172 1826; x_wconf 80' lang='grc' dir='ltr'><strong>τὴν</strong></span> <span class='ocrx_word' id='word_1_133' title='bbox 1194 1758 1510 1826; x_wconf 86' lang='grc' dir='ltr'><strong>σκήνωσιν</strong></span> <span class='ocrx_word' id='word_1_134' title='bbox 1531 1757 1647 1827; x_wconf 79' lang='grc' dir='ltr'><strong>τὴν</strong></span> <span class='ocrx_word' id='word_1_135' title='bbox 1670 1759 1904 1828; x_wconf 72' lang='grc' dir='ltr'><strong>Σηλὼμ,</strong></span> 
     </span>
    </p>
   </div>
   <div class='ocr_carea' id='block_1_20' title="bbox 323 1849 1905 1922">
    <p class='ocr_par' dir='ltr' id='par_1_20' title="bbox 323 1849 1905 1922">
     <span class='ocr_line' id='line_1_20' title="bbox 323 1849 1905 1922; baseline -0.001 -16"><span class='ocrx_word' id='word_1_136' title='bbox 323 1852 425 1907; x_wconf 76' lang='grc' dir='ltr'><strong>καὶ</strong></span> <span class='ocrx_word' id='word_1_137' title='bbox 452 1851 567 1922; x_wconf 79' lang='grc' dir='ltr'><strong>τὴν</strong></span> <span class='ocrx_word' id='word_1_138' title='bbox 601 1849 916 1918; x_wconf 82' lang='grc' dir='ltr'><strong>σκήνωσιν</strong></span> <span class='ocrx_word' id='word_1_139' title='bbox 940 1849 1059 1919; x_wconf 81' lang='grc' dir='ltr'><strong>τὴν</strong></span> <span class='ocrx_word' id='word_1_140' title='bbox 1090 1849 1437 1919; x_wconf 72' lang='grc' dir='ltr'><strong>ἱδρυθεῖσαν</strong></span> <span class='ocrx_word' id='word_1_141' title='bbox 1462 1850 1534 1904; x_wconf 84' lang='grc' dir='ltr'><strong>ἐν</strong></span> <span class='ocrx_word' id='word_1_142' title='bbox 1553 1849 1905 1919; x_wconf 84' lang='grc' dir='ltr'><strong>ἀνθρώποις.</strong></span> 
     </span>
    </p>
   </div>
   <div class='ocr_carea' id='block_1_21' title="bbox 326 1941 1909 2015">
    <p class='ocr_par' dir='ltr' id='par_1_21' title="bbox 326 1941 1909 2015">
     <span class='ocr_line' id='line_1_21' title="bbox 326 1941 1909 2015; baseline -0.002 -16"><span class='ocrx_word' id='word_1_143' title='bbox 326 1945 516 2009; x_wconf 86' lang='grc' dir='ltr'><strong>Ὅπως</strong></span> <span class='ocrx_word' id='word_1_144' title='bbox 554 1944 613 1998; x_wconf 84' lang='grc' dir='ltr'><strong>δὲ</strong></span> <span class='ocrx_word' id='word_1_145' title='bbox 656 1946 769 2007; x_wconf 86' lang='grc' dir='ltr'><strong>τοῖς</strong></span> <span class='ocrx_word' id='word_1_146' title='bbox 811 1941 1121 2015; x_wconf 86' lang='grc' dir='ltr'><strong>ἀνθρώποις</strong></span> <span class='ocrx_word' id='word_1_147' title='bbox 1150 1941 1423 2014; x_wconf 82' lang='grc' dir='ltr'><strong>παρεδόθη</strong></span> <span class='ocrx_word' id='word_1_148' title='bbox 1468 1944 1503 2013; x_wconf 77' lang='grc' dir='ltr'>ἡ</span> <span class='ocrx_word' id='word_1_149' title='bbox 1549 1942 1784 2006; x_wconf 86' lang='grc' dir='ltr'><strong>κιϐωτὸς</strong></span> <span class='ocrx_word' id='word_1_150' title='bbox 1822 1941 1909 1996; x_wconf 80' lang='grc' dir='ltr'><strong>διὰ</strong></span> 
     </span>
    </p>
   </div>
   <div class='ocr_carea' id='block_1_22' title="bbox 323 2033 1909 2107">
    <p class='ocr_par' dir='ltr' id='par_1_22' title="bbox 323 2033 1909 2107">
     <span class='ocr_line' id='line_1_22' title="bbox 323 2033 1909 2107; baseline -0.001 -18"><span class='ocrx_word' id='word_1_151' title='bbox 323 2036 394 2089; x_wconf 78' lang='grc' dir='ltr'><strong>τὰ</strong></span> <span class='ocrx_word' id='word_1_152' title='bbox 424 2036 746 2107; x_wconf 82' lang='grc' dir='ltr'><strong>ἀσεϐήματα</strong></span> <span class='ocrx_word' id='word_1_153' title='bbox 768 2033 861 2088; x_wconf 91' lang='grc' dir='ltr'><strong>τοῦ</strong></span> <span class='ocrx_word' id='word_1_154' title='bbox 902 2034 1054 2099; x_wconf 90' lang='grc' dir='ltr'><strong>λαοῦ,</strong></span> <span class='ocrx_word' id='word_1_155' title='bbox 1081 2035 1175 2089; x_wconf 75' lang='grc' dir='ltr'><strong>καὶ</strong></span> <span class='ocrx_word' id='word_1_156' title='bbox 1198 2034 1275 2098; x_wconf 83' lang='grc' dir='ltr'><strong>ὡς</strong></span> <span class='ocrx_word' id='word_1_157' title='bbox 1308 2033 1620 2106; x_wconf 78' lang='grc' dir='ltr'><strong>ἐκράτησαν</strong></span> <span class='ocrx_word' id='word_1_158' title='bbox 1646 2034 1818 2106; x_wconf 82' lang='grc' dir='ltr'><strong>αὐτῆς</strong></span> <span class='ocrx_word' id='word_1_159' title='bbox 1858 2036 1909 2088; x_wconf 83' lang='grc' dir='ltr'><strong>οἱ</strong></span> 
     </span>
    </p>
   </div>
   <div class='ocr_carea' id='block_1_23' title="bbox 325 2125 1911 2201">
    <p class='ocr_par' dir='ltr' id='par_1_23' title="bbox 325 2125 1911 2201">
     <span class='ocr_line' id='line_1_23' title="bbox 325 2125 1911 2201; baseline -0.002 -18"><span class='ocrx_word' id='word_1_160' title='bbox 325 2128 595 2201; x_wconf 83' lang='grc' dir='ltr'><strong>πολέμιοι,</strong></span> <span class='ocrx_word' id='word_1_161' title='bbox 624 2128 912 2200; x_wconf 82' lang='grc' dir='ltr'><strong>ἀπήγαγόν</strong></span> <span class='ocrx_word' id='word_1_162' title='bbox 943 2145 1002 2182; x_wconf 89' lang='grc' dir='ltr'><strong>τε</strong></span> <span class='ocrx_word' id='word_1_163' title='bbox 1044 2129 1174 2198; x_wconf 80' lang='grc' dir='ltr'><strong>παρ’</strong></span> <span class='ocrx_word' id='word_1_164' title='bbox 1218 2128 1450 2189; x_wconf 80' lang='grc' dir='ltr'><strong>ἑαυτοῖς,</strong></span> <span class='ocrx_word' id='word_1_165' title='bbox 1477 2126 1573 2180; x_wconf 79' lang='grc' dir='ltr'><strong>καὶ</strong></span> <span class='ocrx_word' id='word_1_166' title='bbox 1616 2125 1691 2190; x_wconf 88' lang='grc' dir='ltr'>ὡς</span> <span class='ocrx_word' id='word_1_167' title='bbox 1715 2127 1764 2178; x_wconf 90' lang='grc' dir='ltr'><strong>οἱ</strong></span> <span class='ocrx_word' id='word_1_168' title='bbox 1804 2126 1911 2180; x_wconf 78' lang='grc' dir='ltr'><strong>υἱοὶ</strong></span> 
     </span>
    </p>
   </div>
   <div class='ocr_carea' id='block_1_24' title="bbox 338 2217 1912 2295">
    <p class='ocr_par' dir='ltr' id='par_1_24' title="bbox 338 2217 1912 2295">
     <span class='ocr_line' id='line_1_24' title="bbox 338 2217 1912 2295; baseline -0.001 -20"><span class='ocrx_word' id='word_1_169' title='bbox 338 2220 551 2295; x_wconf 83' lang='grc' dir='ltr'><strong>Ἰσραὴλ</strong></span> <span class='ocrx_word' id='word_1_170' title='bbox 584 2220 994 2294; x_wconf 82' lang='grc' dir='ltr'><strong>ὲτροπώθησαν,</strong></span> <span class='ocrx_word' id='word_1_171' title='bbox 1030 2221 1125 2275; x_wconf 76' lang='grc' dir='ltr'><strong>καὶ</strong></span> <span class='ocrx_word' id='word_1_172' title='bbox 1165 2220 1242 2284; x_wconf 84' lang='grc' dir='ltr'><strong>ὡς</strong></span> <span class='ocrx_word' id='word_1_173' title='bbox 1276 2221 1325 2273; x_wconf 86' lang='lat' dir='ltr'><strong>oi</strong></span> <span class='ocrx_word' id='word_1_174' title='bbox 1363 2219 1469 2274; x_wconf 78' lang='grc' dir='ltr'><strong>υἱοὶ</strong></span> <span class='ocrx_word' id='word_1_175' title='bbox 1501 2219 1648 2272; x_wconf 76' lang='grc' dir='ltr'><strong>Ἠλεὶ</strong></span> <span class='ocrx_word' id='word_1_176' title='bbox 1694 2217 1912 2273; x_wconf 86' lang='grc' dir='ltr'><strong>πεπτώ-</strong></span> 
     </span>
    </p>
   </div>
   <div class='ocr_carea' id='block_1_25' title="bbox 325 2309 1911 2387">
    <p class='ocr_par' dir='ltr' id='par_1_25' title="bbox 325 2309 1911 2387">
     <span class='ocr_line' id='line_1_25' title="bbox 325 2309 1911 2387; baseline -0.003 -18"><span class='ocrx_word' id='word_1_177' title='bbox 325 2332 505 2380; x_wconf 87' lang='grc' dir='ltr'><strong>κασιν,</strong></span> <span class='ocrx_word' id='word_1_178' title='bbox 530 2316 579 2369; x_wconf 89' lang='grc' dir='ltr'><strong>οἰ</strong></span> <span class='ocrx_word' id='word_1_179' title='bbox 608 2317 771 2387; x_wconf 84' lang='grc' dir='ltr'><strong>ἱερεῖς</strong></span> <span class='ocrx_word' id='word_1_180' title='bbox 794 2315 971 2379; x_wconf 77' lang='grc' dir='ltr'><strong>ὄντες,</strong></span> <span class='ocrx_word' id='word_1_181' title='bbox 1000 2315 1029 2368; x_wconf 80' lang='grc' dir='ltr'><strong>ὃ</strong></span> <span class='ocrx_word' id='word_1_182' title='bbox 1050 2330 1112 2367; x_wconf 88' lang='grc' dir='ltr'><strong>τε</strong></span> <span class='ocrx_word' id='word_1_183' title='bbox 1132 2312 1337 2366; x_wconf 87' lang='grc' dir='ltr'><strong>τούτων</strong></span> <span class='ocrx_word' id='word_1_184' title='bbox 1365 2311 1549 2383; x_wconf 82' lang='grc' dir='ltr'><strong>πατὴρ</strong></span> <span class='ocrx_word' id='word_1_185' title='bbox 1571 2309 1646 2374; x_wconf 86' lang='grc' dir='ltr'><strong>ὡς</strong></span> <span class='ocrx_word' id='word_1_186' title='bbox 1664 2309 1911 2365; x_wconf 84' lang='grc' dir='ltr'><strong>ἀπώλετο</strong></span> 
     </span>
    </p>
   </div>
   <div class='ocr_carea' id='block_1_26' title="bbox 326 2401 1910 2480">
    <p class='ocr_par' dir='ltr' id='par_1_26' title="bbox 326 2401 1910 2480">
     <span class='ocr_line' id='line_1_26' title="bbox 326 2401 1910 2480; baseline -0.003 -19"><span class='ocrx_word' id='word_1_187' title='bbox 326 2409 420 2462; x_wconf 78' lang='grc' dir='ltr'><strong>ὲπὶ</strong></span> <span class='ocrx_word' id='word_1_188' title='bbox 442 2411 509 2480; x_wconf 78' lang='grc' dir='ltr'><strong>τῇ</strong></span> <span class='ocrx_word' id='word_1_189' title='bbox 542 2408 650 2462; x_wconf 83' lang='grc' dir='ltr'><strong>τῶν</strong></span> <span class='ocrx_word' id='word_1_190' title='bbox 675 2408 880 2462; x_wconf 86' lang='grc' dir='ltr'><strong>παίδων</strong></span> <span class='ocrx_word' id='word_1_191' title='bbox 912 2406 1162 2478; x_wconf 77' lang='grc' dir='ltr'><strong>ἀγγελίᾳ,</strong></span> <span class='ocrx_word' id='word_1_192' title='bbox 1193 2408 1225 2477; x_wconf 86' lang='grc' dir='ltr'>ἠ</span> <span class='ocrx_word' id='word_1_193' title='bbox 1259 2402 1778 2477; x_wconf 80' lang='grc' dir='ltr'><strong>πρώτη,παρίστ·ησι</strong></span> <span class='ocrx_word' id='word_1_194' title='bbox 1803 2401 1910 2457; x_wconf 83' lang='grc' dir='ltr'><strong>τῶν</strong></span> 
     </span>
    </p>
   </div>
   <div class='ocr_carea' id='block_1_27' title="bbox 326 2494 1911 2570">
    <p class='ocr_par' dir='ltr' id='par_1_27' title="bbox 326 2494 1911 2570">
     <span class='ocr_line' id='line_1_27' title="bbox 326 2494 1911 2570; baseline -0.003 -18"><span class='ocrx_word' id='word_1_195' title='bbox 326 2499 639 2553; x_wconf 83' lang='grc' dir='ltr'><strong>Βασιλειῶν.</strong></span> <span class='ocrx_word' id='word_1_196' title='bbox 671 2498 762 2552; x_wconf 84' lang='grc' dir='ltr'><strong>Διὸ</strong></span> <span class='ocrx_word' id='word_1_197' title='bbox 786 2499 1001 2570; x_wconf 72' lang='grc' dir='ltr'><strong>εἴρηται</strong></span> <span class='ocrx_word' id='word_1_198' title='bbox 1034 2495 1297 2551; x_wconf 76' lang='grc' dir='ltr'><strong>ἐνταῦθα’</strong></span> <span class='ocrx_word' id='word_1_199' title='bbox 1330 2496 1442 2550; x_wconf 84' lang='grc' dir='ltr'><strong>Καί</strong></span> <span class='ocrx_word' id='word_1_200' title='bbox 1479 2496 1763 2551; x_wconf 79' lang='grc' dir='ltr'><strong>ἀπώσατο</strong></span> <span class='ocrx_word' id='word_1_201' title='bbox 1794 2494 1911 2564; x_wconf 80' lang='grc' dir='ltr'><strong>τὴν</strong></span> 
     </span>
    </p>
   </div>
   <div class='ocr_carea' id='block_1_28' title="bbox 326 2585 1911 2662">
    <p class='ocr_par' dir='ltr' id='par_1_28' title="bbox 326 2585 1911 2662">
     <span class='ocr_line' id='line_1_28' title="bbox 326 2585 1911 2662; baseline -0.004 -13"><span class='ocrx_word' id='word_1_202' title='bbox 326 2592 569 2662; x_wconf 80' lang='grc' dir='ltr'><strong>σκηνὴν</strong></span> <span class='ocrx_word' id='word_1_203' title='bbox 617 2591 812 2661; x_wconf 73' lang='grc' dir='ltr'><strong>Σηλῶ,</strong></span> <span class='ocrx_word' id='word_1_204' title='bbox 858 2590 1152 2661; x_wconf 80' lang='grc' dir='ltr'><strong>σκήνωμα</strong></span> <span class='ocrx_word' id='word_1_205' title='bbox 1202 2585 1276 2647; x_wconf 84' lang='grc' dir='ltr'><strong>οὗ</strong></span> <span class='ocrx_word' id='word_1_206' title='bbox 1329 2588 1798 2659; x_wconf 74' lang='grc' dir='ltr'><strong>κατεσκήνωσεν</strong></span> <span class='ocrx_word' id='word_1_207' title='bbox 1842 2589 1911 2642; x_wconf 83' lang='grc' dir='ltr'><strong>ἐν</strong></span> 
     </span>
    </p>
   </div>
   <div class='ocr_carea' id='block_1_29' title="bbox 327 2680 1912 2753">
    <p class='ocr_par' dir='ltr' id='par_1_29' title="bbox 327 2680 1912 2753">
     <span class='ocr_line' id='line_1_29' title="bbox 327 2680 1912 2753; baseline -0.003 -15"><span class='ocrx_word' id='word_1_208' title='bbox 327 2683 680 2753; x_wconf 77' lang='grc' dir='ltr'><strong>ἀνθρώποις.</strong></span> <span class='ocrx_word' id='word_1_209' title='bbox 725 2682 834 2738; x_wconf 84' lang='lat' dir='ltr'><strong>Kal</strong></span> <span class='ocrx_word' id='word_1_210' title='bbox 863 2682 1208 2752; x_wconf 83' lang='grc' dir='ltr'><strong>παρέδωκεν</strong></span> <span class='ocrx_word' id='word_1_211' title='bbox 1233 2684 1320 2748; x_wconf 83' lang='grc' dir='ltr'><strong>εἰς</strong></span> <span class='ocrx_word' id='word_1_212' title='bbox 1352 2682 1768 2750; x_wconf 68' lang='grc' dir='ltr'><strong>αἰχμαλωσίαν</strong></span> <span class='ocrx_word' id='word_1_213' title='bbox 1797 2680 1912 2749; x_wconf 83' lang='grc' dir='ltr'><strong>τὴν</strong></span> 
     </span>
    </p>
   </div>
   <div class='ocr_carea' id='block_1_30' title="bbox 330 2771 1912 2847">
    <p class='ocr_par' dir='ltr' id='par_1_30' title="bbox 330 2771 1912 2847">
     <span class='ocr_line' id='line_1_30' title="bbox 330 2771 1912 2847; baseline -0.002 -17"><span class='ocrx_word' id='word_1_214' title='bbox 330 2776 514 2847; x_wconf 83' lang='grc' dir='ltr'><strong>ἰσχὺν</strong></span> <span class='ocrx_word' id='word_1_215' title='bbox 552 2775 770 2831; x_wconf 82' lang='grc' dir='ltr'><strong>αὐτῶν.</strong></span> <span class='ocrx_word' id='word_1_216' title='bbox 816 2776 962 2830; x_wconf 77' lang='grc' dir='ltr'><strong>Ἀντὶ</strong></span> <span class='ocrx_word' id='word_1_217' title='bbox 997 2775 1055 2829; x_wconf 82' lang='grc' dir='ltr'><strong>δὲ</strong></span> <span class='ocrx_word' id='word_1_218' title='bbox 1080 2774 1196 2838; x_wconf 91' lang='grc' dir='ltr'><strong>τοῦ,</strong></span> <span class='ocrx_word' id='word_1_219' title='bbox 1231 2774 1347 2842; x_wconf 78' lang='grc' dir='ltr'><strong>τὴν</strong></span> <span class='ocrx_word' id='word_1_220' title='bbox 1385 2774 1563 2845; x_wconf 87' lang='grc' dir='ltr'><strong>ίσχὺν</strong></span> <span class='ocrx_word' id='word_1_221' title='bbox 1595 2771 1813 2839; x_wconf 86' lang='grc' dir='ltr'><strong>αὐτῶν,</strong></span> <span class='ocrx_word' id='word_1_222' title='bbox 1834 2773 1912 2828; x_wconf 69' lang='grc' dir='ltr'><strong>τὸ</strong></span> 
     </span>
    </p>
   </div>
   <div class='ocr_carea' id='block_1_31' title="bbox 329 2865 1911 2941">
    <p class='ocr_par' dir='ltr' id='par_1_31' title="bbox 329 2865 1911 2941">
     <span class='ocr_line' id='line_1_31' title="bbox 329 2865 1911 2941; baseline -0.001 -19"><span class='ocrx_word' id='word_1_223' title='bbox 329 2868 547 2938; x_wconf 80' lang='grc' dir='ltr'><strong>κράτος</strong></span> <span class='ocrx_word' id='word_1_224' title='bbox 591 2869 791 2923; x_wconf 84' lang='grc' dir='ltr'><strong>αὐτῶν</strong></span> <span class='ocrx_word' id='word_1_225' title='bbox 848 2869 1190 2941; x_wconf 80' lang='grc' dir='ltr'><strong>ὴρμήνευσεν</strong></span> <span class='ocrx_word' id='word_1_226' title='bbox 1232 2869 1262 2921; x_wconf 87' lang='grc' dir='ltr'>ὁ</span> <span class='ocrx_word' id='word_1_227' title='bbox 1299 2865 1549 2932; x_wconf 84' lang='grc' dir='ltr'><strong>Ἀκύλας.</strong></span> <span class='ocrx_word' id='word_1_228' title='bbox 1590 2868 1808 2941; x_wconf 83' lang='grc' dir='ltr'><strong>Κράτος</strong></span> <span class='ocrx_word' id='word_1_229' title='bbox 1853 2868 1911 2921; x_wconf 85' lang='grc' dir='ltr'><strong>δὲ</strong></span> 
     </span>
    </p>
   </div>
   <div class='ocr_carea' id='block_1_32' title="bbox 328 2960 1911 3032">
    <p class='ocr_par' dir='ltr' id='par_1_32' title="bbox 328 2960 1911 3032">
     <span class='ocr_line' id='line_1_32' title="bbox 328 2960 1911 3032; baseline 0 -17"><span class='ocrx_word' id='word_1_230' title='bbox 328 2961 507 3015; x_wconf 80' lang='grc' dir='ltr'><strong>αὐτῶν</strong></span> <span class='ocrx_word' id='word_1_231' title='bbox 537 2964 633 3015; x_wconf 77' lang='grc' dir='ltr'><strong>καὶ</strong></span> <span class='ocrx_word' id='word_1_232' title='bbox 663 2962 815 3032; x_wconf 82' lang='grc' dir='ltr'><strong>ἰσχὺν</strong></span> <span class='ocrx_word' id='word_1_233' title='bbox 858 2962 953 3014; x_wconf 73' lang='grc' dir='ltr'><strong>καὶ</strong></span> <span class='ocrx_word' id='word_1_234' title='bbox 983 2960 1264 3032; x_wconf 81' lang='grc' dir='ltr'><strong>καλλονὴν,</strong></span> <span class='ocrx_word' id='word_1_235' title='bbox 1294 2964 1375 3026; x_wconf 89' lang='grc' dir='ltr'><strong>εἰς</strong></span> <span class='ocrx_word' id='word_1_236' title='bbox 1404 2961 1777 3032; x_wconf 77' lang='grc' dir='ltr'><strong>αἰχμαλωσίαν</strong></span> <span class='ocrx_word' id='word_1_237' title='bbox 1818 2962 1911 3015; x_wconf 76' lang='grc' dir='ltr'><strong>καὶ</strong></span> 
     </span>
    </p>
   </div>
   <div class='ocr_carea' id='block_1_33' title="bbox 329 3052 1907 3127">
    <p class='ocr_par' dir='ltr' id='par_1_33' title="bbox 329 3052 1907 3127">
     <span class='ocr_line' id='line_1_33' title="bbox 329 3052 1907 3127; baseline 0 -20"><span class='ocrx_word' id='word_1_238' title='bbox 329 3056 410 3118; x_wconf 90' lang='grc' dir='ltr'><strong>εἰς</strong></span> <span class='ocrx_word' id='word_1_239' title='bbox 446 3057 637 3126; x_wconf 81' lang='grc' dir='ltr'><strong>χεῖρας</strong></span> <span class='ocrx_word' id='word_1_240' title='bbox 683 3053 955 3117; x_wconf 66' lang='grc' dir='ltr'><strong>θλίϐοντως</strong></span> <span class='ocrx_word' id='word_1_241' title='bbox 1001 3054 1376 3127; x_wconf 86' lang='grc' dir='ltr'><strong>παραδοθέντα</strong></span> <span class='ocrx_word' id='word_1_242' title='bbox 1409 3053 1531 3107; x_wconf 90' lang='grc' dir='ltr'><strong>τίνα</strong></span> <span class='ocrx_word' id='word_1_243' title='bbox 1567 3053 1633 3108; x_wconf 83' lang='grc' dir='ltr'><strong>ἂν</strong></span> <span class='ocrx_word' id='word_1_244' title='bbox 1674 3052 1907 3126; x_wconf 74' lang='grc' dir='ltr'><strong>εἴποιςῆ</strong></span> 
     </span>
    </p>
   </div>
   <div class='ocr_carea' id='block_1_34' title="bbox 326 3146 1982 3241">
    <p class='ocr_par' dir='ltr' id='par_1_34' title="bbox 326 3146 1982 3241">
     <span class='ocr_line' id='line_1_34' title="bbox 326 3146 1982 3241; baseline 0 -42"><span class='ocrx_word' id='word_1_245' title='bbox 326 3147 426 3217; x_wconf 82' lang='grc' dir='ltr'><strong>τὴν</strong></span> <span class='ocrx_word' id='word_1_246' title='bbox 456 3147 707 3211; x_wconf 76' lang='grc' dir='ltr'><strong>κιϐωτὸν,</strong></span> <span class='ocrx_word' id='word_1_247' title='bbox 744 3146 811 3218; x_wconf 75' lang='grc' dir='ltr'><strong>ἢν</strong></span> <span class='ocrx_word' id='word_1_248' title='bbox 852 3148 882 3200; x_wconf 86' lang='grc' dir='ltr'><strong>ὁ</strong></span> <span class='ocrx_word' id='word_1_249' title='bbox 919 3146 1109 3219; x_wconf 86' lang='grc' dir='ltr'><strong>παρὼν</strong></span> <span class='ocrx_word' id='word_1_250' title='bbox 1141 3147 1435 3200; x_wconf 76' lang='grc' dir='ltr'><strong>αἰνίττεται</strong></span> <span class='ocrx_word' id='word_1_251' title='bbox 1466 3147 1624 3216; x_wconf 86' lang='grc' dir='ltr'><strong>λόγος</strong></span> <span class='ocrx_word' id='word_1_252' title='bbox 1653 3147 1905 3217; x_wconf 83' lang='grc' dir='ltr'><strong>φάσκων·</strong></span> <span class='ocrx_word' id='word_1_253' title='bbox 1939 3183 1982 3241; x_wconf 77' lang='lat' dir='ltr'>c</span> 
     </span>
    </p>
   </div>
   <div class='ocr_carea' id='block_1_35' title="bbox 329 3235 1913 3306">
    <p class='ocr_par' dir='ltr' id='par_1_35' title="bbox 329 3235 1913 3306">
     <span class='ocr_line' id='line_1_35' title="bbox 329 3235 1913 3306; baseline -0.001 -17"><span class='ocrx_word' id='word_1_254' title='bbox 329 3235 436 3290; x_wconf 88' lang='lat' dir='ltr'><strong>Kal</strong></span> <span class='ocrx_word' id='word_1_255' title='bbox 484 3235 828 3306; x_wconf 84' lang='grc' dir='ltr'><strong>παρέδωκεν</strong></span> <span class='ocrx_word' id='word_1_256' title='bbox 865 3238 954 3302; x_wconf 83' lang='grc' dir='ltr'><strong>είς</strong></span> <span class='ocrx_word' id='word_1_257' title='bbox 987 3237 1406 3306; x_wconf 72' lang='grc' dir='ltr'><strong>αἰχμαλωσίαν</strong></span> <span class='ocrx_word' id='word_1_258' title='bbox 1449 3235 1562 3304; x_wconf 81' lang='grc' dir='ltr'><strong>τὴν</strong></span> <span class='ocrx_word' id='word_1_259' title='bbox 1591 3235 1776 3305; x_wconf 89' lang='grc' dir='ltr'><strong>ἰσχὺν</strong></span> <span class='ocrx_word' id='word_1_260' title='bbox 1804 3236 1913 3288; x_wconf 87' lang='grc' dir='ltr'><strong>αὐ-</strong></span> 
     </span>
    </p>
   </div>
   <div class='ocr_carea' id='block_1_36' title="bbox 327 3326 1912 3397">
    <p class='ocr_par' dir='ltr' id='par_1_36' title="bbox 327 3326 1912 3397">
     <span class='ocr_line' id='line_1_36' title="bbox 327 3326 1912 3397; baseline 0.001 -17"><span class='ocrx_word' id='word_1_261' title='bbox 327 3326 467 3391; x_wconf 87' lang='grc' dir='ltr'><strong>τῶν,</strong></span> <span class='ocrx_word' id='word_1_262' title='bbox 494 3327 591 3380; x_wconf 83' lang='grc' dir='ltr'><strong>καὶ</strong></span> <span class='ocrx_word' id='word_1_263' title='bbox 619 3326 735 3395; x_wconf 81' lang='grc' dir='ltr'><strong>τὴν</strong></span> <span class='ocrx_word' id='word_1_264' title='bbox 757 3326 1070 3396; x_wconf 77' lang='grc' dir='ltr'><strong>καλλονὴν</strong></span> <span class='ocrx_word' id='word_1_265' title='bbox 1094 3327 1293 3381; x_wconf 85' lang='grc' dir='ltr'><strong>αὐτῶν</strong></span> <span class='ocrx_word' id='word_1_266' title='bbox 1317 3329 1404 3393; x_wconf 81' lang='grc' dir='ltr'><strong>εἰς</strong></span> <span class='ocrx_word' id='word_1_267' title='bbox 1430 3326 1632 3397; x_wconf 75' lang='grc' dir='ltr'><strong>χεῖρας</strong></span> <span class='ocrx_word' id='word_1_268' title='bbox 1658 3327 1912 3397; x_wconf 83' lang='grc' dir='ltr'><strong>έχθροῦ;</strong></span> 
     </span>
    </p>
   </div>
   <div class='ocr_carea' id='block_1_37' title="bbox 342 3419 1912 3493">
    <p class='ocr_par' dir='ltr' id='par_1_37' title="bbox 342 3419 1912 3493">
     <span class='ocr_line' id='line_1_37' title="bbox 342 3419 1912 3493; baseline 0 -19"><span class='ocrx_word' id='word_1_269' title='bbox 342 3420 502 3474; x_wconf 83' lang='grc' dir='ltr'><strong>Ἀλλά</strong></span> <span class='ocrx_word' id='word_1_270' title='bbox 530 3419 702 3475; x_wconf 89' lang='grc' dir='ltr'><strong>ταῦτα</strong></span> <span class='ocrx_word' id='word_1_271' title='bbox 748 3422 848 3492; x_wconf 81' lang='grc' dir='ltr'><strong>μὲν</strong></span> <span class='ocrx_word' id='word_1_272' title='bbox 891 3421 1207 3493; x_wconf 81' lang='grc' dir='ltr'><strong>παρέδωκεν</strong></span> <span class='ocrx_word' id='word_1_273' title='bbox 1242 3422 1320 3484; x_wconf 85' lang='grc' dir='ltr'><strong>εἰς</strong></span> <span class='ocrx_word' id='word_1_274' title='bbox 1348 3424 1536 3492; x_wconf 86' lang='grc' dir='ltr'><strong>χεῖρας</strong></span> <span class='ocrx_word' id='word_1_275' title='bbox 1570 3419 1786 3492; x_wconf 78' lang='grc' dir='ltr'><strong>ἐχθροῦ,</strong></span> <span class='ocrx_word' id='word_1_276' title='bbox 1820 3420 1912 3474; x_wconf 81' lang='grc' dir='ltr'><strong>τὸν</strong></span> 
     </span>
    </p>
   </div>
   <div class='ocr_carea' id='block_1_38' title="bbox 325 3512 1915 3586">
    <p class='ocr_par' dir='ltr' id='par_1_38' title="bbox 325 3512 1915 3586">
     <span class='ocr_line' id='line_1_38' title="bbox 325 3512 1915 3586; baseline 0 -19"><span class='ocrx_word' id='word_1_277' title='bbox 325 3513 386 3567; x_wconf 86' lang='grc' dir='ltr'><strong>δὲ</strong></span> <span class='ocrx_word' id='word_1_278' title='bbox 414 3513 540 3567; x_wconf 82' lang='grc' dir='ltr'><strong>λαὸν</strong></span> <span class='ocrx_word' id='word_1_279' title='bbox 588 3514 903 3586; x_wconf 68' lang='grc' dir='ltr'><strong>συνέτριψεν</strong></span> <span class='ocrx_word' id='word_1_280' title='bbox 940 3516 998 3567; x_wconf 86' lang='grc' dir='ltr'><strong>ὲν</strong></span> <span class='ocrx_word' id='word_1_281' title='bbox 1043 3512 1307 3585; x_wconf 78' lang='grc' dir='ltr'><strong>ῥομφαίᾳ.</strong></span> <span class='ocrx_word' id='word_1_282' title='bbox 1357 3512 1448 3565; x_wconf 86' lang='grc' dir='ltr'><strong>Διὸ</strong></span> <span class='ocrx_word' id='word_1_283' title='bbox 1480 3512 1727 3566; x_wconf 85' lang='grc' dir='ltr'><strong>λέλεκται</strong></span> <span class='ocrx_word' id='word_1_284' title='bbox 1774 3513 1915 3567; x_wconf 81' lang='grc' dir='ltr'><strong>κατὰ</strong></span> 
     </span>
    </p>
   </div>
   <div class='ocr_carea' id='block_1_39' title="bbox 326 3604 1915 3677">
    <p class='ocr_par' dir='ltr' id='par_1_39' title="bbox 326 3604 1915 3677">
     <span class='ocr_line' id='line_1_39' title="bbox 326 3604 1915 3677; baseline 0 -18"><span class='ocrx_word' id='word_1_285' title='bbox 326 3606 418 3659; x_wconf 73' lang='grc' dir='ltr'><strong>τὸν</strong></span> <span class='ocrx_word' id='word_1_286' title='bbox 468 3605 793 3677; x_wconf 84' lang='grc' dir='ltr'><strong>Σύμμαχον·</strong></span> <span class='ocrx_word' id='word_1_287' title='bbox 844 3604 955 3660; x_wconf 79' lang='lat' dir='ltr'><strong>Kal</strong></span> <span class='ocrx_word' id='word_1_288' title='bbox 992 3604 1283 3670; x_wconf 80' lang='grc' dir='ltr'><strong>ἐξέδωκεν</strong></span> <span class='ocrx_word' id='word_1_289' title='bbox 1327 3606 1415 3672; x_wconf 85' lang='grc' dir='ltr'><strong>είς</strong></span> <span class='ocrx_word' id='word_1_290' title='bbox 1462 3605 1769 3675; x_wconf 82' lang='grc' dir='ltr'><strong>μάχαιραν</strong></span> <span class='ocrx_word' id='word_1_291' title='bbox 1807 3604 1915 3659; x_wconf 88' lang='grc' dir='ltr'><strong>τὸν</strong></span> 
     </span>
    </p>
   </div>
   <div class='ocr_carea' id='block_1_40' title="bbox 326 3696 1914 3767">
    <p class='ocr_par' dir='ltr' id='par_1_40' title="bbox 326 3696 1914 3767">
     <span class='ocr_line' id='line_1_40' title="bbox 326 3696 1914 3767; baseline 0 -14"><span class='ocrx_word' id='word_1_292' title='bbox 326 3696 482 3753; x_wconf 71' lang='grc' dir='ltr'><strong>λαὸν</strong></span> <span class='ocrx_word' id='word_1_293' title='bbox 504 3698 714 3761; x_wconf 77' lang='grc' dir='ltr'><strong>αὐτοῦ,</strong></span> <span class='ocrx_word' id='word_1_294' title='bbox 742 3698 840 3751; x_wconf 77' lang='grc' dir='ltr'><strong>καὶ</strong></span> <span class='ocrx_word' id='word_1_295' title='bbox 872 3697 987 3764; x_wconf 79' lang='grc' dir='ltr'><strong>τὴν</strong></span> <span class='ocrx_word' id='word_1_296' title='bbox 1041 3698 1446 3767; x_wconf 74' lang='grc' dir='ltr'><strong>κληρονομίαν</strong></span> <span class='ocrx_word' id='word_1_297' title='bbox 1483 3698 1670 3752; x_wconf 84' lang='grc' dir='ltr'><strong>αὐτοῦ</strong></span> <span class='ocrx_word' id='word_1_298' title='bbox 1708 3700 1914 3767; x_wconf 79' lang='grc' dir='ltr'><strong>ὑπερί-</strong></span> 
     </span>
    </p>
   </div>
   <div class='ocr_carea' id='block_1_41' title="bbox 328 3788 1915 3863">
    <p class='ocr_par' dir='ltr' id='par_1_41' title="bbox 328 3788 1915 3863">
     <span class='ocr_line' id='line_1_41' title="bbox 328 3788 1915 3863; baseline 0.02 -46"><span class='ocrx_word' id='word_1_299' title='bbox 328 3791 467 3845; x_wconf 50' lang='lat' dir='ltr'><strong>a&quot;.</strong></span> <span class='ocrx_word' id='word_1_300' title='bbox 498 3792 596 3844; x_wconf 57' lang='grc' dir='ltr'><strong>καὶ</strong></span> <span class='ocrx_word' id='word_1_301' title='bbox 634 3791 698 3862; x_wconf 66' lang='grc' dir='ltr'><strong>δὴ</strong></span> <span class='ocrx_word' id='word_1_302' title='bbox 737 3789 1084 3862; x_wconf 72' lang='grc' dir='ltr'><strong>ὑπεριδόντος</strong></span> <span class='ocrx_word' id='word_1_303' title='bbox 1124 3790 1321 3854; x_wconf 82' lang='grc' dir='ltr'><strong>αὐτοὺς</strong></span> <span class='ocrx_word' id='word_1_304' title='bbox 1368 3788 1463 3843; x_wconf 89' lang='grc' dir='ltr'><strong>τοῦ</strong></span> <span class='ocrx_word' id='word_1_305' title='bbox 1497 3790 1655 3857; x_wconf 87' lang='grc' dir='ltr'><strong>Θεοῦ,</strong></span> <span class='ocrx_word' id='word_1_306' title='bbox 1685 3790 1755 3845; x_wconf 92' lang='grc' dir='ltr'><strong>τά</strong></span> <span class='ocrx_word' id='word_1_307' title='bbox 1788 3791 1915 3863; x_wconf 78' lang='grc' dir='ltr'><strong>ἑξῆς</strong></span> 
     </span>
    </p>
   </div>
   <div class='ocr_carea' id='block_1_42' title="bbox 329 3881 1915 3952">
    <p class='ocr_par' dir='ltr' id='par_1_42' title="bbox 329 3881 1915 3952">
     <span class='ocr_line' id='line_1_42' title="bbox 329 3881 1915 3952; baseline 0.003 -16"><span class='ocrx_word' id='word_1_308' title='bbox 329 3882 560 3952; x_wconf 73' lang='grc' dir='ltr'><strong>ἐγίνετο.</strong></span> <span class='ocrx_word' id='word_1_309' title='bbox 603 3882 740 3937; x_wconf 87' lang='grc' dir='ltr'><strong>Τίνα</strong></span> <span class='ocrx_word' id='word_1_310' title='bbox 783 3883 842 3935; x_wconf 79' lang='grc' dir='ltr'><strong>δὲ</strong></span> <span class='ocrx_word' id='word_1_311' title='bbox 881 3882 1091 3949; x_wconf 86' lang='grc' dir='ltr'><strong>ταῦτα;</strong></span> <span class='ocrx_word' id='word_1_312' title='bbox 1138 3881 1282 3949; x_wconf 87' lang='grc' dir='ltr'><strong>Τοὺς</strong></span> <span class='ocrx_word' id='word_1_313' title='bbox 1318 3883 1684 3951; x_wconf 86' lang='grc' dir='ltr'><strong>νεανίσκους</strong></span> <span class='ocrx_word' id='word_1_314' title='bbox 1717 3886 1915 3940; x_wconf 84' lang='grc' dir='ltr'><strong>αὐτῶν</strong></span> 
     </span>
    </p>
   </div>
   <div class='ocr_carea' id='block_1_43' title="bbox 330 3975 1916 4046">
    <p class='ocr_par' dir='ltr' id='par_1_43' title="bbox 330 3975 1916 4046">
     <span class='ocr_line' id='line_1_43' title="bbox 330 3975 1916 4046; baseline -0.001 -14"><span class='ocrx_word' id='word_1_315' title='bbox 330 3976 626 4046; x_wconf 72' lang='grc' dir='ltr'><strong>κατέφαγε</strong></span> <span class='ocrx_word' id='word_1_316' title='bbox 650 3975 791 4044; x_wconf 82' lang='grc' dir='ltr'><strong>πῦρ,</strong></span> <span class='ocrx_word' id='word_1_317' title='bbox 835 3976 932 4030; x_wconf 83' lang='grc' dir='ltr'><strong>καὶ</strong></span> <span class='ocrx_word' id='word_1_318' title='bbox 977 3978 1038 4030; x_wconf 85' lang='grc' dir='ltr'><strong>αἱ</strong></span> <span class='ocrx_word' id='word_1_319' title='bbox 1066 3975 1349 4043; x_wconf 78' lang='grc' dir='ltr'><strong>παρθένοι</strong></span> <span class='ocrx_word' id='word_1_320' title='bbox 1379 3975 1578 4031; x_wconf 86' lang='grc' dir='ltr'><strong>αὐτῶν</strong></span> <span class='ocrx_word' id='word_1_321' title='bbox 1608 3979 1718 4031; x_wconf 84' lang='grc' dir='ltr'><strong>οὐκ</strong></span> <span class='ocrx_word' id='word_1_322' title='bbox 1742 3978 1916 4032; x_wconf 83' lang='grc' dir='ltr'><strong>ἐπεν-</strong></span> 
     </span>
    </p>
   </div>
   <div class='ocr_carea' id='block_1_44' title="bbox 330 4067 1915 4139">
    <p class='ocr_par' dir='ltr' id='par_1_44' title="bbox 330 4067 1915 4139">
     <span class='ocr_line' id='line_1_44' title="bbox 330 4067 1915 4139; baseline -0.003 -12"><span class='ocrx_word' id='word_1_323' title='bbox 330 4069 625 4138; x_wconf 81' lang='grc' dir='ltr'><strong>θήθησαν.</strong></span> <span class='ocrx_word' id='word_1_324' title='bbox 665 4067 823 4122; x_wconf 83' lang='grc' dir='ltr'><strong>Κατὰ</strong></span> <span class='ocrx_word' id='word_1_325' title='bbox 844 4068 900 4122; x_wconf 81' lang='grc' dir='ltr'><strong>δὲ</strong></span> <span class='ocrx_word' id='word_1_326' title='bbox 939 4069 1030 4122; x_wconf 81' lang='grc' dir='ltr'><strong>τὸν</strong></span> <span class='ocrx_word' id='word_1_327' title='bbox 1069 4068 1322 4133; x_wconf 83' lang='grc' dir='ltr'><strong>Ἀκύλαν,</strong></span> <span class='ocrx_word' id='word_1_328' title='bbox 1360 4071 1484 4138; x_wconf 87' lang='grc' dir='ltr'><strong>Οὐχ</strong></span> <span class='ocrx_word' id='word_1_329' title='bbox 1522 4069 1915 4139; x_wconf 81' lang='grc' dir='ltr'><strong>ὑπεμνήσθη-</strong></span> 
     </span>
    </p>
   </div>
   <div class='ocr_carea' id='block_1_45' title="bbox 329 4159 1910 4230">
    <p class='ocr_par' dir='ltr' id='par_1_45' title="bbox 329 4159 1910 4230">
     <span class='ocr_line' id='line_1_45' title="bbox 329 4159 1910 4230; baseline 0.002 -16"><span class='ocrx_word' id='word_1_330' title='bbox 329 4175 485 4214; x_wconf 80' lang='grc' dir='ltr'><strong>σαν·</strong></span> <span class='ocrx_word' id='word_1_331' title='bbox 536 4159 678 4214; x_wconf 88' lang='grc' dir='ltr'><strong>κατά</strong></span> <span class='ocrx_word' id='word_1_332' title='bbox 716 4160 775 4212; x_wconf 82' lang='grc' dir='ltr'><strong>δὲ</strong></span> <span class='ocrx_word' id='word_1_333' title='bbox 816 4159 907 4213; x_wconf 85' lang='grc' dir='ltr'><strong>τὸν</strong></span> <span class='ocrx_word' id='word_1_334' title='bbox 956 4159 1273 4230; x_wconf 86' lang='grc' dir='ltr'><strong>Σύμμαχον,</strong></span> <span class='ocrx_word' id='word_1_335' title='bbox 1335 4162 1456 4213; x_wconf 85' lang='grc' dir='ltr'><strong>Οὐκ</strong></span> <span class='ocrx_word' id='word_1_336' title='bbox 1502 4161 1910 4230; x_wconf 78' lang='grc' dir='ltr'><strong>ἐπῃνέθησαν.</strong></span> 
     </span>
    </p>
   </div>
   <div class='ocr_carea' id='block_1_46' title="bbox 330 4248 1914 4324">
    <p class='ocr_par' dir='ltr' id='par_1_46' title="bbox 330 4248 1914 4324">
     <span class='ocr_line' id='line_1_46' title="bbox 330 4248 1914 4324; baseline 0.003 -20"><span class='ocrx_word' id='word_1_337' title='bbox 330 4251 527 4304; x_wconf 73' lang='grc' dir='ltr'><strong>Οὐκέτι</strong></span> <span class='ocrx_word' id='word_1_338' title='bbox 555 4250 663 4321; x_wconf 78' lang='grc' dir='ltr'><strong>γὰρ</strong></span> <span class='ocrx_word' id='word_1_339' title='bbox 710 4248 848 4321; x_wconf 86' lang='grc' dir='ltr'><strong>μετά</strong></span> <span class='ocrx_word' id='word_1_340' title='bbox 893 4248 1077 4320; x_wconf 77' lang='grc' dir='ltr'><strong>ὓμνων</strong></span> <span class='ocrx_word' id='word_1_341' title='bbox 1117 4251 1211 4302; x_wconf 59' lang='grc' dir='ltr'><strong>καὶ¹</strong></span> <span class='ocrx_word' id='word_1_342' title='bbox 1249 4250 1486 4304; x_wconf 85' lang='grc' dir='ltr'><strong>ἐπαίνων</strong></span> <span class='ocrx_word' id='word_1_343' title='bbox 1525 4250 1770 4324; x_wconf 82' lang='grc' dir='ltr'><strong>συνήθως</strong></span> <span class='ocrx_word' id='word_1_344' title='bbox 1794 4257 1914 4318; x_wconf 88' lang='grc' dir='ltr'><strong>ταῖς</strong></span> 
     </span>
    </p>
   </div>
   <div class='ocr_carea' id='block_1_47' title="bbox 330 4342 1912 4416">
    <p class='ocr_par' dir='ltr' id='par_1_47' title="bbox 330 4342 1912 4416">
     <span class='ocr_line' id='line_1_47' title="bbox 330 4342 1912 4416; baseline 0.002 -20"><span class='ocrx_word' id='word_1_345' title='bbox 330 4343 703 4414; x_wconf 81' lang='grc' dir='ltr'><strong>γαμουμέναις</strong></span> <span class='ocrx_word' id='word_1_346' title='bbox 729 4342 1076 4413; x_wconf 80' lang='grc' dir='ltr'><strong>παρεδίδοντο</strong></span> <span class='ocrx_word' id='word_1_347' title='bbox 1100 4342 1347 4412; x_wconf 84' lang='grc' dir='ltr'><strong>ἀνδράσι,</strong></span> <span class='ocrx_word' id='word_1_348' title='bbox 1375 4343 1516 4397; x_wconf 85' lang='grc' dir='ltr'><strong>κατὰ</strong></span> <span class='ocrx_word' id='word_1_349' title='bbox 1536 4343 1633 4416; x_wconf 84' lang='grc' dir='ltr'><strong>τὴν</strong></span> <span class='ocrx_word' id='word_1_350' title='bbox 1660 4344 1770 4399; x_wconf 83' lang='grc' dir='ltr'><strong>τῶν</strong></span> <span class='ocrx_word' id='word_1_351' title='bbox 1802 4345 1912 4399; x_wconf 83' lang='grc' dir='ltr'><strong>λοι-</strong></span> 
     </span>
    </p>
   </div>
   <div class='ocr_carea' id='block_1_48' title="bbox 330 4433 1912 4509">
    <p class='ocr_par' dir='ltr' id='par_1_48' title="bbox 330 4433 1912 4509">
     <span class='ocr_line' id='line_1_48' title="bbox 330 4433 1912 4509; baseline 0.002 -21"><span class='ocrx_word' id='word_1_352' title='bbox 330 4435 448 4488; x_wconf 86' lang='grc' dir='ltr'><strong>πῶν</strong></span> <span class='ocrx_word' id='word_1_353' title='bbox 469 4434 786 4506; x_wconf 83' lang='grc' dir='ltr'><strong>ἑρμηνείαν,</strong></span> <span class='ocrx_word' id='word_1_354' title='bbox 815 4434 903 4488; x_wconf 82' lang='grc' dir='ltr'><strong>διὰ</strong></span> <span class='ocrx_word' id='word_1_355' title='bbox 922 4434 1018 4505; x_wconf 83' lang='grc' dir='ltr'><strong>τὴν</strong></span> <span class='ocrx_word' id='word_1_356' title='bbox 1042 4433 1452 4488; x_wconf 86' lang='grc' dir='ltr'><strong>καταλαϐοῦσαν</strong></span> <span class='ocrx_word' id='word_1_357' title='bbox 1477 4436 1662 4501; x_wconf 81' lang='grc' dir='ltr'><strong>αὐτοῖς</strong></span> <span class='ocrx_word' id='word_1_358' title='bbox 1687 4436 1763 4509; x_wconf 77' lang='grc'><strong>(1)</strong></span> <span class='ocrx_word' id='word_1_359' title='bbox 1792 4437 1912 4491; x_wconf 85' lang='grc' dir='ltr'><strong>τότε</strong></span> 
     </span>
    </p>
   </div>
   <div class='ocr_carea' id='block_1_49' title="bbox 2013 561 3589 635">
    <p class='ocr_par' dir='ltr' id='par_1_49' title="bbox 2013 561 3589 635">
     <span class='ocr_line' id='line_1_49' title="bbox 2013 561 3589 635; baseline 0.001 -18"><span class='ocrx_word' id='word_1_360' title='bbox 2013 561 2156 618; x_wconf 80' lang='lat' dir='ltr'><strong>Deus</strong></span> <span class='ocrx_word' id='word_1_361' title='bbox 2183 572 2234 618; x_wconf 88' lang='lat' dir='ltr'><strong>et</strong></span> <span class='ocrx_word' id='word_1_362' title='bbox 2263 566 2477 635; x_wconf 77' lang='lat' dir='ltr'><strong>spreuit,</strong></span> <span class='ocrx_word' id='word_1_363' title='bbox 2531 565 2833 621; x_wconf 82' lang='lat' dir='ltr'><strong>secundum</strong></span> <span class='ocrx_word' id='word_1_364' title='bbox 2889 563 3143 635; x_wconf 85' lang='lat' dir='ltr'><strong>Aquilam</strong></span> <span class='ocrx_word' id='word_1_365' title='bbox 3186 578 3337 629; x_wconf 89' lang='lat' dir='ltr'><strong>vero,</strong></span> <span class='ocrx_word' id='word_1_366' title='bbox 3373 561 3443 616; x_wconf 88' lang='lat' dir='ltr'><strong>Et</strong></span> <span class='ocrx_word' id='word_1_367' title='bbox 3483 579 3589 618; x_wconf 81' lang='lat' dir='ltr'><strong>non</strong></span> 
     </span>
    </p>
   </div>
   <div class='ocr_carea' id='block_1_50' title="bbox 2011 653 3589 728">
    <p class='ocr_par' dir='ltr' id='par_1_50' title="bbox 2011 653 3589 728">
     <span class='ocr_line' id='line_1_50' title="bbox 2011 653 3589 728; baseline 0.003 -21"><span class='ocrx_word' id='word_1_368' title='bbox 2011 653 2243 720; x_wconf 74' lang='lat' dir='ltr'><strong>distulit,</strong></span> <span class='ocrx_word' id='word_1_369' title='bbox 2269 657 2479 711; x_wconf 89' lang='lat' dir='ltr'><strong>nullum</strong></span> <span class='ocrx_word' id='word_1_370' title='bbox 2508 657 2748 728; x_wconf 90' lang='lat' dir='ltr'><strong>spatium</strong></span> <span class='ocrx_word' id='word_1_371' title='bbox 2778 672 2955 728; x_wconf 88' lang='lat' dir='ltr'><strong>neque</strong></span> <span class='ocrx_word' id='word_1_372' title='bbox 2976 657 3297 712; x_wconf 80' lang='lat' dir='ltr'><strong>dilationem</strong></span> <span class='ocrx_word' id='word_1_373' title='bbox 3321 655 3432 710; x_wconf 85' lang='lat' dir='ltr'><strong>illis</strong></span> <span class='ocrx_word' id='word_1_374' title='bbox 3456 670 3589 711; x_wconf 89' lang='lat' dir='ltr'><strong>con-</strong></span> 
     </span>
    </p>
   </div>
   <div class='ocr_carea' id='block_1_51' title="bbox 2010 746 3589 820">
    <p class='ocr_par' dir='ltr' id='par_1_51' title="bbox 2010 746 3589 820">
     <span class='ocr_line' id='line_1_51' title="bbox 2010 746 3589 820; baseline 0.002 -21"><span class='ocrx_word' id='word_1_375' title='bbox 2010 746 2249 813; x_wconf 85' lang='lat' dir='ltr'><strong>cedens;</strong></span> <span class='ocrx_word' id='word_1_376' title='bbox 2296 748 2598 803; x_wconf 88' lang='lat' dir='ltr'><strong>secundum</strong></span> <span class='ocrx_word' id='word_1_377' title='bbox 2634 748 3021 820; x_wconf 83' lang='lat' dir='ltr'><strong>Symmachum</strong></span> <span class='ocrx_word' id='word_1_378' title='bbox 3051 764 3205 814; x_wconf 91' lang='lat' dir='ltr'><strong>vero,</strong></span> <span class='ocrx_word' id='word_1_379' title='bbox 3237 746 3306 802; x_wconf 81' lang='lat' dir='ltr'><strong>Et</strong></span> <span class='ocrx_word' id='word_1_380' title='bbox 3334 747 3589 818; x_wconf 81' lang='lat' dir='ltr'><strong>reproba-</strong></span> 
     </span>
    </p>
   </div>
   <div class='ocr_carea' id='block_1_52' title="bbox 2009 838 3589 905">
    <p class='ocr_par' dir='ltr' id='par_1_52' title="bbox 2009 838 3589 905">
     <span class='ocr_line' id='line_1_52' title="bbox 2009 838 3589 905; baseline 0.003 -14"><span class='ocrx_word' id='word_1_381' title='bbox 2009 838 2083 892; x_wconf 70' lang='grc' dir='ltr'><strong>υἱ(</strong></span> <span class='ocrx_word' id='word_1_382' title='bbox 2112 839 2264 894; x_wconf 83' lang='lat' dir='ltr'><strong>valde</strong></span> <span class='ocrx_word' id='word_1_383' title='bbox 2292 839 2487 896; x_wconf 82' lang='lat' dir='ltr'><strong>Israel.</strong></span> <span class='ocrx_word' id='word_1_384' title='bbox 2522 840 2613 895; x_wconf 87' lang='lat' dir='ltr'><strong>Sic</strong></span> <span class='ocrx_word' id='word_1_385' title='bbox 2643 849 2827 897; x_wconf 88' lang='lat' dir='ltr'><strong>autem</strong></span> <span class='ocrx_word' id='word_1_386' title='bbox 2860 841 3073 897; x_wconf 81' lang='lat' dir='ltr'><strong>audivit</strong></span> <span class='ocrx_word' id='word_1_387' title='bbox 3097 840 3265 905; x_wconf 88' lang='lat' dir='ltr'><strong>Deus,</strong></span> <span class='ocrx_word' id='word_1_388' title='bbox 3295 850 3356 895; x_wconf 88' lang='lat' dir='ltr'><strong>ut</strong></span> <span class='ocrx_word' id='word_1_389' title='bbox 3388 841 3456 897; x_wconf 88' lang='lat' dir='ltr'><strong>de</strong></span> <span class='ocrx_word' id='word_1_390' title='bbox 3486 840 3589 896; x_wconf 88' lang='lat' dir='ltr'><strong>So-</strong></span> 
     </span>
    </p>
   </div>
   <div class='ocr_carea' id='block_1_53' title="bbox 2008 928 3590 987">
    <p class='ocr_par' dir='ltr' id='par_1_53' title="bbox 2008 928 3590 987">
     <span class='ocr_line' id='line_1_53' title="bbox 2008 928 3590 987; baseline 0.001 -4"><span class='ocrx_word' id='word_1_391' title='bbox 2008 928 2234 985; x_wconf 90' lang='lat' dir='ltr'><strong>domitis</strong></span> <span class='ocrx_word' id='word_1_392' title='bbox 2276 931 2481 987; x_wconf 88' lang='lat' dir='ltr'><strong>dicitur</strong></span> <span class='ocrx_word' id='word_1_393' title='bbox 2526 951 2539 986; x_wconf 93' lang='lat'>:</span> <span class='ocrx_word' id='word_1_394' title='bbox 2602 931 2715 987; x_wconf 72' lang='lat' dir='ltr'><strong>Vox</strong></span> <span class='ocrx_word' id='word_1_395' title='bbox 2776 930 3129 987; x_wconf 87' lang='lat' dir='ltr'><strong>Sodomorum</strong></span> <span class='ocrx_word' id='word_1_396' title='bbox 3182 940 3233 985; x_wconf 88' lang='lat' dir='ltr'><strong>et</strong></span> <span class='ocrx_word' id='word_1_397' title='bbox 3282 929 3590 985; x_wconf 73' lang='lat' dir='ltr'><strong>Gomorrhw</strong></span> 
     </span>
    </p>
   </div>
   <div class='ocr_carea' id='block_1_54' title="bbox 2009 1019 3588 1093">
    <p class='ocr_par' dir='ltr' id='par_1_54' title="bbox 2009 1019 3588 1093">
     <span class='ocr_line' id='line_1_54' title="bbox 2009 1019 3588 1093; baseline 0.002 -20"><span class='ocrx_word' id='word_1_398' title='bbox 2009 1019 2209 1074; x_wconf 89' lang='lat' dir='ltr'><strong>clamat</strong></span> <span class='ocrx_word' id='word_1_399' title='bbox 2257 1022 2326 1075; x_wconf 90' lang='lat' dir='ltr'><strong>ad</strong></span> <span class='ocrx_word' id='word_1_400' title='bbox 2374 1022 2545 1078; x_wconf 76' lang='lat' dir='ltr'><strong>me“.</strong></span> <span class='ocrx_word' id='word_1_401' title='bbox 2603 1021 2895 1093; x_wconf 89' lang='lat' dir='ltr'><strong>lmpiorum</strong></span> <span class='ocrx_word' id='word_1_402' title='bbox 2949 1024 3097 1077; x_wconf 88' lang='lat' dir='ltr'><strong>enim</strong></span> <span class='ocrx_word' id='word_1_403' title='bbox 3140 1024 3226 1078; x_wconf 87' lang='lat' dir='ltr'><strong>vel</strong></span> <span class='ocrx_word' id='word_1_404' title='bbox 3269 1022 3386 1092; x_wconf 90' lang='lat' dir='ltr'><strong>ipsa</strong></span> <span class='ocrx_word' id='word_1_405' title='bbox 3424 1022 3588 1092; x_wconf 89' lang='lat' dir='ltr'><strong>impia</strong></span> 
     </span>
    </p>
   </div>
   <div class='ocr_carea' id='block_1_55' title="bbox 2007 1114 3590 1184">
    <p class='ocr_par' dir='ltr' id='par_1_55' title="bbox 2007 1114 3590 1184">
     <span class='ocr_line' id='line_1_55' title="bbox 2007 1114 3590 1184; baseline 0.001 -17"><span class='ocrx_word' id='word_1_406' title='bbox 2007 1122 2159 1184; x_wconf 84' lang='lat' dir='ltr'><strong>gesta</strong></span> <span class='ocrx_word' id='word_1_407' title='bbox 2208 1114 2448 1170; x_wconf 83' lang='lat' dir='ltr'><strong>clamant</strong></span> <span class='ocrx_word' id='word_1_408' title='bbox 2487 1124 2542 1171; x_wconf 90' lang='lat' dir='ltr'><strong>et</strong></span> <span class='ocrx_word' id='word_1_409' title='bbox 2578 1115 2971 1172; x_wconf 82' lang='lat' dir='ltr'><strong>vociferantur.</strong></span> <span class='ocrx_word' id='word_1_410' title='bbox 3004 1147 3073 1158; x_wconf 90' lang='lat'><strong>--</strong></span> <span class='ocrx_word' id='word_1_411' title='bbox 3100 1114 3270 1173; x_wconf 73' lang='lat' dir='ltr'><strong>Vens.</strong></span> <span class='ocrx_word' id='word_1_412' title='bbox 3315 1116 3405 1172; x_wconf 87' lang='lat'><strong>60.</strong></span> <span class='ocrx_word' id='word_1_413' title='bbox 3459 1115 3590 1182; x_wconf 82' lang='lat' dir='ltr'><strong>Quae</strong></span> 
     </span>
    </p>
   </div>
   <div class='ocr_carea' id='block_1_56' title="bbox 2009 1205 3590 1276">
    <p class='ocr_par' dir='ltr' id='par_1_56' title="bbox 2009 1205 3590 1276">
     <span class='ocr_line' id='line_1_56' title="bbox 2009 1205 3590 1276; baseline 0 -18"><span class='ocrx_word' id='word_1_414' title='bbox 2009 1205 2238 1260; x_wconf 88' lang='lat' dir='ltr'><strong>audiens</strong></span> <span class='ocrx_word' id='word_1_415' title='bbox 2269 1205 2411 1261; x_wconf 87' lang='lat' dir='ltr'><strong>Deus</strong></span> <span class='ocrx_word' id='word_1_416' title='bbox 2441 1208 2633 1276; x_wconf 80' lang='lat' dir='ltr'><strong>repulit</strong></span> <span class='ocrx_word' id='word_1_417' title='bbox 2662 1206 3064 1261; x_wconf 83' lang='lat' dir='ltr'><strong>tabernaculum</strong></span> <span class='ocrx_word' id='word_1_418' title='bbox 3100 1206 3292 1273; x_wconf 88' lang='lat' dir='ltr'><strong>Silam,</strong></span> <span class='ocrx_word' id='word_1_419' title='bbox 3345 1206 3590 1260; x_wconf 85' lang='lat' dir='ltr'><strong>taberna-</strong></span> 
     </span>
    </p>
   </div>
   <div class='ocr_carea' id='block_1_57' title="bbox 2007 1297 3590 1354">
    <p class='ocr_par' dir='ltr' id='par_1_57' title="bbox 2007 1297 3590 1354">
     <span class='ocr_line' id='line_1_57' title="bbox 2007 1297 3590 1354; baseline -0.001 -2"><span class='ocrx_word' id='word_1_420' title='bbox 2007 1298 2185 1353; x_wconf 78' lang='lat' dir='ltr'><strong>culum</strong></span> <span class='ocrx_word' id='word_1_421' title='bbox 2230 1297 2321 1353; x_wconf 90' lang='lat' dir='ltr'><strong>ubi</strong></span> <span class='ocrx_word' id='word_1_422' title='bbox 2369 1298 2624 1353; x_wconf 84' lang='lat' dir='ltr'><strong>habitavit</strong></span> <span class='ocrx_word' id='word_1_423' title='bbox 2671 1300 2727 1353; x_wconf 86' lang='lat' dir='ltr'><strong>in</strong></span> <span class='ocrx_word' id='word_1_424' title='bbox 2773 1298 3096 1354; x_wconf 85' lang='lat' dir='ltr'><strong>hominibus.</strong></span> <span class='ocrx_word' id='word_1_425' title='bbox 3145 1297 3284 1353; x_wconf 90' lang='lat' dir='ltr'><strong>Nam</strong></span> <span class='ocrx_word' id='word_1_426' title='bbox 3330 1299 3382 1352; x_wconf 89' lang='lat' dir='ltr'><strong>in</strong></span> <span class='ocrx_word' id='word_1_427' title='bbox 3420 1298 3590 1353; x_wconf 84' lang='lat' dir='ltr'><strong>Silom</strong></span> 
     </span>
    </p>
   </div>
   <div class='ocr_carea' id='block_1_58' title="bbox 2008 1390 3586 1461">
    <p class='ocr_par' dir='ltr' id='par_1_58' title="bbox 2008 1390 3586 1461">
     <span class='ocr_line' id='line_1_58' title="bbox 2008 1390 3586 1461; baseline -0.001 -17"><span class='ocrx_word' id='word_1_428' title='bbox 2008 1393 2244 1460; x_wconf 85' lang='lat' dir='ltr'><strong>primum</strong></span> <span class='ocrx_word' id='word_1_429' title='bbox 2278 1390 2430 1445; x_wconf 87' lang='lat' dir='ltr'><strong>stetit</strong></span> <span class='ocrx_word' id='word_1_430' title='bbox 2467 1390 2906 1456; x_wconf 85' lang='lat' dir='ltr'><strong>tabernaculum,</strong></span> <span class='ocrx_word' id='word_1_431' title='bbox 2952 1391 3010 1445; x_wconf 90' lang='lat' dir='ltr'><strong>in</strong></span> <span class='ocrx_word' id='word_1_432' title='bbox 3037 1406 3145 1461; x_wconf 90' lang='lat' dir='ltr'><strong>qua</strong></span> <span class='ocrx_word' id='word_1_433' title='bbox 3173 1405 3457 1444; x_wconf 89' lang='lat' dir='ltr'><strong>sacrorum</strong></span> <span class='ocrx_word' id='word_1_434' title='bbox 3491 1404 3586 1442; x_wconf 86' lang='lat' dir='ltr'><strong>an-</strong></span> 
     </span>
    </p>
   </div>
   <div class='ocr_carea' id='block_1_59' title="bbox 2009 1481 3590 1552">
    <p class='ocr_par' dir='ltr' id='par_1_59' title="bbox 2009 1481 3590 1552">
     <span class='ocr_line' id='line_1_59' title="bbox 2009 1481 3590 1552; baseline -0.003 -13"><span class='ocrx_word' id='word_1_435' title='bbox 2009 1485 2210 1541; x_wconf 83' lang='lat' dir='ltr'><strong>tistites</strong></span> <span class='ocrx_word' id='word_1_436' title='bbox 2240 1491 2399 1539; x_wconf 90' lang='lat' dir='ltr'><strong>erant</strong></span> <span class='ocrx_word' id='word_1_437' title='bbox 2426 1482 2543 1538; x_wconf 83' lang='lat' dir='ltr'><strong>Heli</strong></span> <span class='ocrx_word' id='word_1_438' title='bbox 2572 1490 2626 1537; x_wconf 90' lang='lat' dir='ltr'><strong>et</strong></span> <span class='ocrx_word' id='word_1_439' title='bbox 2659 1481 2902 1543; x_wconf 85' lang='lat' dir='ltr'><strong>Samuel.</strong></span> <span class='ocrx_word' id='word_1_440' title='bbox 2938 1490 2997 1537; x_wconf 91' lang='lat' dir='ltr'><strong>ut</strong></span> <span class='ocrx_word' id='word_1_441' title='bbox 3029 1484 3273 1537; x_wconf 85' lang='lat' dir='ltr'><strong>declarat</strong></span> <span class='ocrx_word' id='word_1_442' title='bbox 3303 1481 3590 1552; x_wconf 84' lang='lat' dir='ltr'><strong>Scriptura</strong></span> 
     </span>
    </p>
   </div>
   <div class='ocr_carea' id='block_1_60' title="bbox 2007 1574 3588 1649">
    <p class='ocr_par' dir='ltr' id='par_1_60' title="bbox 2007 1574 3588 1649">
     <span class='ocr_line' id='line_1_60' title="bbox 2007 1574 3588 1649; baseline -0.003 -18"><span class='ocrx_word' id='word_1_443' title='bbox 2007 1576 2399 1649; x_wconf 76' lang='lat' dir='ltr'><strong>Regnorum”.</strong></span> <span class='ocrx_word' id='word_1_444' title='bbox 2423 1577 2537 1632; x_wconf 87' lang='lat' dir='ltr'><strong>Hoc</strong></span> <span class='ocrx_word' id='word_1_445' title='bbox 2565 1579 2747 1649; x_wconf 87' lang='lat' dir='ltr'><strong>itaque</strong></span> <span class='ocrx_word' id='word_1_446' title='bbox 2769 1578 3006 1647; x_wconf 91' lang='lat' dir='ltr'><strong>primum</strong></span> <span class='ocrx_word' id='word_1_447' title='bbox 3035 1576 3089 1630; x_wconf 93' lang='lat' dir='ltr'><strong>in</strong></span> <span class='ocrx_word' id='word_1_448' title='bbox 3117 1574 3288 1629; x_wconf 88' lang='lat' dir='ltr'><strong>Silom</strong></span> <span class='ocrx_word' id='word_1_449' title='bbox 3321 1582 3588 1631; x_wconf 87' lang='lat' dir='ltr'><strong>statutum</strong></span> 
     </span>
    </p>
   </div>
   <div class='ocr_carea' id='block_1_61' title="bbox 2009 1666 3592 1742">
    <p class='ocr_par' dir='ltr' id='par_1_61' title="bbox 2009 1666 3592 1742">
     <span class='ocr_line' id='line_1_61' title="bbox 2009 1666 3592 1742; baseline -0.002 -18"><span class='ocrx_word' id='word_1_450' title='bbox 2009 1672 2426 1726; x_wconf 86' lang='lat' dir='ltr'><strong>tabernaculum</strong></span> <span class='ocrx_word' id='word_1_451' title='bbox 2479 1678 2704 1742; x_wconf 83' lang='lat' dir='ltr'><strong>propter</strong></span> <span class='ocrx_word' id='word_1_452' title='bbox 2758 1671 3070 1741; x_wconf 89' lang='lat' dir='ltr'><strong>impietates</strong></span> <span class='ocrx_word' id='word_1_453' title='bbox 3129 1683 3319 1724; x_wconf 87' lang='lat' dir='ltr'><strong>eorum</strong></span> <span class='ocrx_word' id='word_1_454' title='bbox 3371 1666 3592 1738; x_wconf 83' lang='lat' dir='ltr'><strong>repulit.</strong></span> 
     </span>
    </p>
   </div>
   <div class='ocr_carea' id='block_1_62' title="bbox 2010 1757 3592 1833">
    <p class='ocr_par' dir='ltr' id='par_1_62' title="bbox 2010 1757 3592 1833">
     <span class='ocr_line' id='line_1_62' title="bbox 2010 1757 3592 1833; baseline -0.003 -18"><span class='ocrx_word' id='word_1_455' title='bbox 2010 1760 2191 1827; x_wconf 86' lang='lat' dir='ltr'><strong>Quare</strong></span> <span class='ocrx_word' id='word_1_456' title='bbox 2236 1762 2534 1818; x_wconf 88' lang='lat' dir='ltr'><strong>secundum</strong></span> <span class='ocrx_word' id='word_1_457' title='bbox 2577 1761 2963 1833; x_wconf 81' lang='lat' dir='ltr'><strong>Symmachum</strong></span> <span class='ocrx_word' id='word_1_458' title='bbox 3012 1760 3256 1815; x_wconf 91' lang='lat' dir='ltr'><strong>dicitur:</strong></span> <span class='ocrx_word' id='word_1_459' title='bbox 3290 1757 3361 1813; x_wconf 88' lang='lat' dir='ltr'><strong>Et</strong></span> <span class='ocrx_word' id='word_1_460' title='bbox 3401 1759 3592 1828; x_wconf 80' lang='lat' dir='ltr'><strong>abjecit</strong></span> 
     </span>
    </p>
   </div>
   <div class='ocr_carea' id='block_1_63' title="bbox 2014 1849 3592 1920">
    <p class='ocr_par' dir='ltr' id='par_1_63' title="bbox 2014 1849 3592 1920">
     <span class='ocr_line' id='line_1_63' title="bbox 2014 1849 3592 1920; baseline -0.001 -16"><span class='ocrx_word' id='word_1_461' title='bbox 2014 1850 2410 1905; x_wconf 82' lang='lat' dir='ltr'><strong>tabernaculum</strong></span> <span class='ocrx_word' id='word_1_462' title='bbox 2458 1850 2652 1915; x_wconf 86' lang='lat' dir='ltr'><strong>Silam,</strong></span> <span class='ocrx_word' id='word_1_463' title='bbox 2696 1859 2746 1905; x_wconf 86' lang='lat' dir='ltr'><strong>et</strong></span> <span class='ocrx_word' id='word_1_464' title='bbox 2784 1849 3186 1905; x_wconf 86' lang='lat' dir='ltr'><strong>tabernaculum</strong></span> <span class='ocrx_word' id='word_1_465' title='bbox 3226 1849 3502 1920; x_wconf 75' lang='lat' dir='ltr'><strong>ﬁrmatum</strong></span> <span class='ocrx_word' id='word_1_466' title='bbox 3540 1849 3592 1902; x_wconf 84' lang='lat' dir='ltr'><strong>in</strong></span> 
     </span>
    </p>
   </div>
   <div class='ocr_carea' id='block_1_64' title="bbox 2007 1941 3564 2012">
    <p class='ocr_par' dir='ltr' id='par_1_64' title="bbox 2007 1941 3564 2012">
     <span class='ocr_line' id='line_1_64' title="bbox 2007 1941 3564 2012; baseline -0.002 -14"><span class='ocrx_word' id='word_1_467' title='bbox 2007 1944 2329 1999; x_wconf 73' lang='lat' dir='ltr'><strong>hominibus.</strong></span> <span class='ocrx_word' id='word_1_468' title='bbox 2361 1944 2647 2012; x_wconf 90' lang='lat' dir='ltr'><strong>Quomodo</strong></span> <span class='ocrx_word' id='word_1_469' title='bbox 2680 1954 2861 2000; x_wconf 89' lang='lat' dir='ltr'><strong>autem</strong></span> <span class='ocrx_word' id='word_1_470' title='bbox 2892 1943 3209 1998; x_wconf 89' lang='lat' dir='ltr'><strong>hominibus</strong></span> <span class='ocrx_word' id='word_1_471' title='bbox 3243 1943 3442 1997; x_wconf 88' lang='lat' dir='ltr'><strong>tradita</strong></span> <span class='ocrx_word' id='word_1_472' title='bbox 3472 1941 3564 1996; x_wconf 83' lang='lat' dir='ltr'><strong>fue</strong></span> 
     </span>
    </p>
   </div>
   <div class='ocr_carea' id='block_1_65' title="bbox 2010 2034 3589 2107">
    <p class='ocr_par' dir='ltr' id='par_1_65' title="bbox 2010 2034 3589 2107">
     <span class='ocr_line' id='line_1_65' title="bbox 2010 2034 3589 2107; baseline -0.003 -15"><span class='ocrx_word' id='word_1_473' title='bbox 2010 2038 2083 2092; x_wconf 87' lang='lat' dir='ltr'><strong>rit</strong></span> <span class='ocrx_word' id='word_1_474' title='bbox 2118 2052 2246 2091; x_wconf 87' lang='lat' dir='ltr'><strong>arca</strong></span> <span class='ocrx_word' id='word_1_475' title='bbox 2291 2037 2360 2092; x_wconf 89' lang='lat' dir='ltr'><strong>ob</strong></span> <span class='ocrx_word' id='word_1_476' title='bbox 2398 2037 2706 2107; x_wconf 90' lang='lat' dir='ltr'><strong>impietates</strong></span> <span class='ocrx_word' id='word_1_477' title='bbox 2741 2036 2950 2107; x_wconf 88' lang='lat' dir='ltr'><strong>populi,</strong></span> <span class='ocrx_word' id='word_1_478' title='bbox 2983 2044 3037 2090; x_wconf 91' lang='lat' dir='ltr'><strong>et</strong></span> <span class='ocrx_word' id='word_1_479' title='bbox 3069 2035 3348 2106; x_wconf 88' lang='lat' dir='ltr'><strong>quomodo</strong></span> <span class='ocrx_word' id='word_1_480' title='bbox 3378 2034 3589 2089; x_wconf 90' lang='lat' dir='ltr'><strong>inimici</strong></span> 
     </span>
    </p>
   </div>
   <div class='ocr_carea' id='block_1_66' title="bbox 2009 2123 3592 2197">
    <p class='ocr_par' dir='ltr' id='par_1_66' title="bbox 2009 2123 3592 2197">
     <span class='ocr_line' id='line_1_66' title="bbox 2009 2123 3592 2197; baseline -0.001 -16"><span class='ocrx_word' id='word_1_481' title='bbox 2009 2127 2258 2197; x_wconf 87' lang='lat' dir='ltr'><strong>ceperint</strong></span> <span class='ocrx_word' id='word_1_482' title='bbox 2314 2127 2487 2191; x_wconf 85' lang='lat' dir='ltr'><strong>illam,</strong></span> <span class='ocrx_word' id='word_1_483' title='bbox 2541 2126 2982 2195; x_wconf 78' lang='lat' dir='ltr'><strong>abduxerintque</strong></span> <span class='ocrx_word' id='word_1_484' title='bbox 3036 2140 3265 2192; x_wconf 89' lang='lat' dir='ltr'><strong>secum;</strong></span> <span class='ocrx_word' id='word_1_485' title='bbox 3321 2123 3417 2179; x_wconf 87' lang='lat' dir='ltr'><strong>ﬁlii</strong></span> <span class='ocrx_word' id='word_1_486' title='bbox 3462 2139 3592 2179; x_wconf 77' lang='lat' dir='ltr'><strong>vero</strong></span> 
     </span>
    </p>
   </div>
   <div class='ocr_carea' id='block_1_67' title="bbox 2010 2214 3591 2290">
    <p class='ocr_par' dir='ltr' id='par_1_67' title="bbox 2010 2214 3591 2290">
     <span class='ocr_line' id='line_1_67' title="bbox 2010 2214 3591 2290; baseline -0.003 -15"><span class='ocrx_word' id='word_1_487' title='bbox 2010 2220 2180 2276; x_wconf 89' lang='lat' dir='ltr'><strong>lsrael</strong></span> <span class='ocrx_word' id='word_1_488' title='bbox 2204 2220 2259 2274; x_wconf 93' lang='lat' dir='ltr'><strong>in</strong></span> <span class='ocrx_word' id='word_1_489' title='bbox 2285 2218 2470 2290; x_wconf 83' lang='lat' dir='ltr'><strong>fugam</strong></span> <span class='ocrx_word' id='word_1_490' title='bbox 2498 2220 2642 2275; x_wconf 86' lang='lat' dir='ltr'><strong>versi</strong></span> <span class='ocrx_word' id='word_1_491' title='bbox 2684 2218 2817 2284; x_wconf 89' lang='lat' dir='ltr'><strong>sint,</strong></span> <span class='ocrx_word' id='word_1_492' title='bbox 2849 2218 2946 2273; x_wconf 83' lang='lat' dir='ltr'><strong>lilii</strong></span> <span class='ocrx_word' id='word_1_493' title='bbox 2985 2216 3107 2273; x_wconf 83' lang='lat' dir='ltr'><strong>Heli</strong></span> <span class='ocrx_word' id='word_1_494' title='bbox 3150 2217 3244 2287; x_wconf 90' lang='lat' dir='ltr'><strong>qui</strong></span> <span class='ocrx_word' id='word_1_495' title='bbox 3281 2214 3591 2271; x_wconf 80' lang='lat' dir='ltr'><strong>sacerdotes</strong></span> 
     </span>
    </p>
   </div>
   <div class='ocr_carea' id='block_1_68' title="bbox 2008 2308 3591 2383">
    <p class='ocr_par' dir='ltr' id='par_1_68' title="bbox 2008 2308 3591 2383">
     <span class='ocr_line' id='line_1_68' title="bbox 2008 2308 3591 2383; baseline -0.002 -16"><span class='ocrx_word' id='word_1_496' title='bbox 2008 2318 2166 2368; x_wconf 89' lang='lat' dir='ltr'><strong>erant</strong></span> <span class='ocrx_word' id='word_1_497' title='bbox 2209 2312 2529 2379; x_wconf 86' lang='lat' dir='ltr'><strong>ceciderint,</strong></span> <span class='ocrx_word' id='word_1_498' title='bbox 2577 2326 2878 2383; x_wconf 89' lang='lat' dir='ltr'><strong>eorumque</strong></span> <span class='ocrx_word' id='word_1_499' title='bbox 2920 2320 3094 2381; x_wconf 91' lang='lat' dir='ltr'><strong>pater,</strong></span> <span class='ocrx_word' id='word_1_500' title='bbox 3118 2318 3344 2380; x_wconf 86' lang='lat' dir='ltr'><strong>accepto</strong></span> <span class='ocrx_word' id='word_1_501' title='bbox 3373 2309 3438 2364; x_wconf 86' lang='lat' dir='ltr'><strong>de</strong></span> <span class='ocrx_word' id='word_1_502' title='bbox 3468 2308 3591 2364; x_wconf 84' lang='lat' dir='ltr'><strong>tiliis</strong></span> 
     </span>
    </p>
   </div>
   <div class='ocr_carea' id='block_1_69' title="bbox 2012 2400 3592 2475">
    <p class='ocr_par' dir='ltr' id='par_1_69' title="bbox 2012 2400 3592 2475">
     <span class='ocr_line' id='line_1_69' title="bbox 2012 2400 3592 2475; baseline -0.003 -16"><span class='ocrx_word' id='word_1_503' title='bbox 2012 2404 2224 2471; x_wconf 88' lang='lat' dir='ltr'><strong>nuntio,</strong></span> <span class='ocrx_word' id='word_1_504' title='bbox 2270 2403 2516 2475; x_wconf 85' lang='lat' dir='ltr'><strong>perierit,</strong></span> <span class='ocrx_word' id='word_1_505' title='bbox 2575 2410 2764 2458; x_wconf 89' lang='lat' dir='ltr'><strong>narrat</strong></span> <span class='ocrx_word' id='word_1_506' title='bbox 2813 2402 3028 2474; x_wconf 90' lang='lat' dir='ltr'><strong>primus</strong></span> <span class='ocrx_word' id='word_1_507' title='bbox 3077 2400 3391 2473; x_wconf 79' lang='lat' dir='ltr'><strong>Regnorum</strong></span> <span class='ocrx_word' id='word_1_508' title='bbox 3434 2400 3592 2455; x_wconf 89' lang='lat' dir='ltr'><strong>liber.</strong></span> 
     </span>
    </p>
   </div>
   <div class='ocr_carea' id='block_1_70' title="bbox 2012 2492 3592 2568">
    <p class='ocr_par' dir='ltr' id='par_1_70' title="bbox 2012 2492 3592 2568">
     <span class='ocr_line' id='line_1_70' title="bbox 2012 2492 3592 2568; baseline -0.003 -19"><span class='ocrx_word' id='word_1_509' title='bbox 2012 2496 2358 2568; x_wconf 84' lang='lat' dir='ltr'><strong>Quapropter</strong></span> <span class='ocrx_word' id='word_1_510' title='bbox 2392 2496 2481 2551; x_wconf 91' lang='lat' dir='ltr'><strong>hic</strong></span> <span class='ocrx_word' id='word_1_511' title='bbox 2528 2496 2773 2552; x_wconf 87' lang='lat' dir='ltr'><strong>dicitur:</strong></span> <span class='ocrx_word' id='word_1_512' title='bbox 2826 2494 2897 2548; x_wconf 86' lang='lat' dir='ltr'><strong>Et</strong></span> <span class='ocrx_word' id='word_1_513' title='bbox 2948 2494 3139 2564; x_wconf 80' lang='lat' dir='ltr'><strong>repulit</strong></span> <span class='ocrx_word' id='word_1_514' title='bbox 3191 2492 3592 2547; x_wconf 87' lang='lat' dir='ltr'><strong>tabernaculum</strong></span> 
     </span>
    </p>
   </div>
   <div class='ocr_carea' id='block_1_71' title="bbox 2013 2570 3580 2654">
    <p class='ocr_par' dir='ltr' id='par_1_71' title="bbox 2013 2570 3580 2654">
     <span class='ocr_line' id='line_1_71' title="bbox 2013 2570 3580 2654; baseline -0.002 -14"><span class='ocrx_word' id='word_1_515' title='bbox 2013 2587 2147 2654; x_wconf 86' lang='lat' dir='ltr'><strong>Silo,</strong></span> <span class='ocrx_word' id='word_1_516' title='bbox 2194 2586 2593 2641; x_wconf 85' lang='lat' dir='ltr'><strong>tabernaculum</strong></span> <span class='ocrx_word' id='word_1_517' title='bbox 2641 2586 2732 2639; x_wconf 87' lang='lat' dir='ltr'><strong>ubi</strong></span> <span class='ocrx_word' id='word_1_518' title='bbox 2775 2570 3034 2640; x_wconf 74' lang='lat' dir='ltr'><strong>habitabit</strong></span> <span class='ocrx_word' id='word_1_519' title='bbox 3072 2587 3128 2639; x_wconf 89' lang='lat' dir='ltr'><strong>in</strong></span> <span class='ocrx_word' id='word_1_520' title='bbox 3172 2584 3493 2638; x_wconf 86' lang='lat' dir='ltr'><strong>hominibus.</strong></span> <span class='ocrx_word' id='word_1_521' title='bbox 3524 2614 3580 2625; x_wconf 93' lang='lat'><strong>—</strong></span> 
     </span>
    </p>
   </div>
   <div class='ocr_carea' id='block_1_72' title="bbox 2010 2679 3592 2749">
    <p class='ocr_par' dir='ltr' id='par_1_72' title="bbox 2010 2679 3592 2749">
     <span class='ocr_line' id='line_1_72' title="bbox 2010 2679 3592 2749; baseline -0.003 -13"><span class='ocrx_word' id='word_1_522' title='bbox 2010 2680 2180 2737; x_wconf 75' lang='lat' dir='ltr'><strong>Vens.</strong></span> <span class='ocrx_word' id='word_1_523' title='bbox 2207 2680 2298 2736; x_wconf 82' lang='grc'><strong>61.</strong></span> <span class='ocrx_word' id='word_1_524' title='bbox 2325 2679 2396 2734; x_wconf 86' lang='grc' dir='ltr'><strong>Ει</strong></span> <span class='ocrx_word' id='word_1_525' title='bbox 2420 2680 2646 2735; x_wconf 86' lang='lat' dir='ltr'><strong>tradidit</strong></span> <span class='ocrx_word' id='word_1_526' title='bbox 2668 2680 2722 2734; x_wconf 83' lang='lat' dir='ltr'><strong>in</strong></span> <span class='ocrx_word' id='word_1_527' title='bbox 2750 2680 3108 2749; x_wconf 82' lang='lat' dir='ltr'><strong>captivitatem</strong></span> <span class='ocrx_word' id='word_1_528' title='bbox 3126 2680 3367 2732; x_wconf 86' lang='lat' dir='ltr'><strong>virtutem</strong></span> <span class='ocrx_word' id='word_1_529' title='bbox 3389 2692 3592 2731; x_wconf 87' lang='lat' dir='ltr'><strong>eorum.</strong></span> 
     </span>
    </p>
   </div>
   <div class='ocr_carea' id='block_1_73' title="bbox 2011 2770 3591 2843">
    <p class='ocr_par' dir='ltr' id='par_1_73' title="bbox 2011 2770 3591 2843">
     <span class='ocr_line' id='line_1_73' title="bbox 2011 2770 3591 2843; baseline -0.003 -16"><span class='ocrx_word' id='word_1_530' title='bbox 2011 2773 2117 2829; x_wconf 89' lang='lat' dir='ltr'><strong>Pro</strong></span> <span class='ocrx_word' id='word_1_531' title='bbox 2152 2774 2246 2828; x_wconf 92' lang='lat' dir='ltr'><strong>illo</strong></span> <span class='ocrx_word' id='word_1_532' title='bbox 2280 2782 2487 2839; x_wconf 90' lang='lat' dir='ltr'><strong>autem,</strong></span> <span class='ocrx_word' id='word_1_533' title='bbox 2512 2774 2759 2828; x_wconf 81' lang='lat' dir='ltr'><strong>virtutem</strong></span> <span class='ocrx_word' id='word_1_534' title='bbox 2802 2790 3005 2837; x_wconf 73' lang='lat' dir='ltr'><strong>eorum,</strong></span> <span class='ocrx_word' id='word_1_535' title='bbox 3051 2772 3270 2843; x_wconf 82' lang='lat' dir='ltr'><strong>Aquila,</strong></span> <span class='ocrx_word' id='word_1_536' title='bbox 3312 2770 3473 2824; x_wconf 86' lang='lat' dir='ltr'><strong>robur</strong></span> <span class='ocrx_word' id='word_1_537' title='bbox 3508 2786 3591 2824; x_wconf 83' lang='lat' dir='ltr'><strong>eo-</strong></span> 
     </span>
    </p>
   </div>
   <div class='ocr_carea' id='block_1_74' title="bbox 2010 2861 3591 2932">
    <p class='ocr_par' dir='ltr' id='par_1_74' title="bbox 2010 2861 3591 2932">
     <span class='ocr_line' id='line_1_74' title="bbox 2010 2861 3591 2932; baseline -0.002 -18"><span class='ocrx_word' id='word_1_538' title='bbox 2010 2878 2151 2927; x_wconf 89' lang='lat' dir='ltr'><strong>rum,</strong></span> <span class='ocrx_word' id='word_1_539' title='bbox 2198 2862 2585 2932; x_wconf 83' lang='lat' dir='ltr'><strong>interpretatus</strong></span> <span class='ocrx_word' id='word_1_540' title='bbox 2633 2871 2736 2919; x_wconf 89' lang='lat' dir='ltr'><strong>est.</strong></span> <span class='ocrx_word' id='word_1_541' title='bbox 2761 2861 2953 2918; x_wconf 80' lang='lat' dir='ltr'><strong>Robur</strong></span> <span class='ocrx_word' id='word_1_542' title='bbox 2994 2871 3204 2928; x_wconf 89' lang='lat' dir='ltr'><strong>autem,</strong></span> <span class='ocrx_word' id='word_1_543' title='bbox 3241 2863 3496 2917; x_wconf 87' lang='lat' dir='ltr'><strong>virtutem</strong></span> <span class='ocrx_word' id='word_1_544' title='bbox 3541 2870 3591 2915; x_wconf 87' lang='lat' dir='ltr'><strong>et</strong></span> 
     </span>
    </p>
   </div>
   <div class='ocr_carea' id='block_1_75' title="bbox 2011 2955 3593 3027">
    <p class='ocr_par' dir='ltr' id='par_1_75' title="bbox 2011 2955 3593 3027">
     <span class='ocr_line' id='line_1_75' title="bbox 2011 2955 3593 3027; baseline -0.001 -17"><span class='ocrx_word' id='word_1_545' title='bbox 2011 2955 2496 3027; x_wconf 90' lang='lat' dir='ltr'><strong>pulchritudinem,</strong></span> <span class='ocrx_word' id='word_1_546' title='bbox 2546 2956 2601 3010; x_wconf 88' lang='lat' dir='ltr'><strong>in</strong></span> <span class='ocrx_word' id='word_1_547' title='bbox 2649 2957 3019 3026; x_wconf 84' lang='lat' dir='ltr'><strong>captivitatem</strong></span> <span class='ocrx_word' id='word_1_548' title='bbox 3063 2964 3118 3012; x_wconf 89' lang='lat' dir='ltr'><strong>et</strong></span> <span class='ocrx_word' id='word_1_549' title='bbox 3164 2956 3219 3010; x_wconf 92' lang='lat' dir='ltr'><strong>in</strong></span> <span class='ocrx_word' id='word_1_550' title='bbox 3256 2972 3454 3010; x_wconf 91' lang='lat' dir='ltr'><strong>manus</strong></span> <span class='ocrx_word' id='word_1_551' title='bbox 3485 2955 3593 3009; x_wconf 84' lang='lat' dir='ltr'><strong>ini-</strong></span> 
     </span>
    </p>
   </div>
   <div class='ocr_carea' id='block_1_76' title="bbox 2011 3049 3593 3121">
    <p class='ocr_par' dir='ltr' id='par_1_76' title="bbox 2011 3049 3593 3121">
     <span class='ocr_line' id='line_1_76' title="bbox 2011 3049 3593 3121; baseline -0.001 -17"><span class='ocrx_word' id='word_1_552' title='bbox 2011 3050 2141 3104; x_wconf 89' lang='lat' dir='ltr'><strong>mici</strong></span> <span class='ocrx_word' id='word_1_553' title='bbox 2180 3049 2405 3116; x_wconf 87' lang='lat' dir='ltr'><strong>tradita,</strong></span> <span class='ocrx_word' id='word_1_554' title='bbox 2436 3066 2559 3121; x_wconf 68' lang='lat' dir='ltr'><strong>quae</strong></span> <span class='ocrx_word' id='word_1_555' title='bbox 2587 3050 2792 3107; x_wconf 80' lang='lat' dir='ltr'><strong>dixeris</strong></span> <span class='ocrx_word' id='word_1_556' title='bbox 2830 3066 2978 3116; x_wconf 90' lang='lat' dir='ltr'><strong>esse,</strong></span> <span class='ocrx_word' id='word_1_557' title='bbox 3024 3051 3133 3106; x_wconf 90' lang='lat' dir='ltr'><strong>nisi</strong></span> <span class='ocrx_word' id='word_1_558' title='bbox 3176 3065 3384 3113; x_wconf 90' lang='lat' dir='ltr'><strong>arcam,</strong></span> <span class='ocrx_word' id='word_1_559' title='bbox 3429 3065 3593 3120; x_wconf 82' lang='lat' dir='ltr'><strong>quam</strong></span> 
     </span>
    </p>
   </div>
   <div class='ocr_carea' id='block_1_77' title="bbox 2012 3131 3585 3212">
    <p class='ocr_par' dir='ltr' id='par_1_77' title="bbox 2012 3131 3585 3212">
     <span class='ocr_line' id='line_1_77' title="bbox 2012 3131 3585 3212; baseline -0.001 -15"><span class='ocrx_word' id='word_1_560' title='bbox 2012 3131 2114 3198; x_wconf 37' lang='lat' dir='ltr'><strong>hic.</strong></span> <span class='ocrx_word' id='word_1_561' title='bbox 2148 3159 2331 3199; x_wconf 88' lang='lat' dir='ltr'><strong>sermo</strong></span> <span class='ocrx_word' id='word_1_562' title='bbox 2381 3144 2698 3200; x_wconf 74' lang='lat' dir='ltr'><strong>suliindicat</strong></span> <span class='ocrx_word' id='word_1_563' title='bbox 2735 3145 2946 3209; x_wconf 89' lang='lat' dir='ltr'><strong>dicens,</strong></span> <span class='ocrx_word' id='word_1_564' title='bbox 2984 3144 3049 3197; x_wconf 84' lang='lat' dir='ltr'><strong>Et</strong></span> <span class='ocrx_word' id='word_1_565' title='bbox 3082 3143 3303 3197; x_wconf 85' lang='lat' dir='ltr'><strong>tradidit</strong></span> <span class='ocrx_word' id='word_1_566' title='bbox 3339 3144 3397 3197; x_wconf 91' lang='lat' dir='ltr'><strong>in</strong></span> <span class='ocrx_word' id='word_1_567' title='bbox 3427 3143 3585 3212; x_wconf 86' lang='lat' dir='ltr'><strong>capti-</strong></span> 
     </span>
    </p>
   </div>
   <div class='ocr_carea' id='block_1_78' title="bbox 2014 3237 3595 3307">
    <p class='ocr_par' dir='ltr' id='par_1_78' title="bbox 2014 3237 3595 3307">
     <span class='ocr_line' id='line_1_78' title="bbox 2014 3237 3595 3307; baseline 0 -16"><span class='ocrx_word' id='word_1_568' title='bbox 2014 3238 2226 3291; x_wconf 82' lang='lat' dir='ltr'><strong>vitatem</strong></span> <span class='ocrx_word' id='word_1_569' title='bbox 2256 3238 2500 3292; x_wconf 80' lang='lat' dir='ltr'><strong>virtutem</strong></span> <span class='ocrx_word' id='word_1_570' title='bbox 2542 3255 2747 3303; x_wconf 88' lang='lat' dir='ltr'><strong>eorum,</strong></span> <span class='ocrx_word' id='word_1_571' title='bbox 2781 3247 2831 3292; x_wconf 91' lang='lat' dir='ltr'><strong>et</strong></span> <span class='ocrx_word' id='word_1_572' title='bbox 2858 3238 3301 3307; x_wconf 81' lang='lat' dir='ltr'><strong>pulchritudinem</strong></span> <span class='ocrx_word' id='word_1_573' title='bbox 3330 3254 3511 3293; x_wconf 88' lang='lat' dir='ltr'><strong>eorum</strong></span> <span class='ocrx_word' id='word_1_574' title='bbox 3542 3237 3595 3291; x_wconf 82' lang='lat' dir='ltr'><strong>in</strong></span> 
     </span>
    </p>
   </div>
   <div class='ocr_carea' id='block_1_79' title="bbox 2013 3331 3576 3404">
    <p class='ocr_par' dir='ltr' id='par_1_79' title="bbox 2013 3331 3576 3404">
     <span class='ocr_line' id='line_1_79' title="bbox 2013 3331 3576 3404; baseline 0 -19"><span class='ocrx_word' id='word_1_575' title='bbox 2013 3349 2204 3386; x_wconf 85' lang='lat' dir='ltr'><strong>manus</strong></span> <span class='ocrx_word' id='word_1_576' title='bbox 2228 3333 2429 3387; x_wconf 87' lang='lat' dir='ltr'><strong>inimici</strong></span> <span class='ocrx_word' id='word_1_577' title='bbox 2446 3331 2710 3389; x_wconf 74' lang='lat' dir='ltr'><strong>?-—VERS.</strong></span> <span class='ocrx_word' id='word_1_578' title='bbox 2736 3332 2917 3388; x_wconf 65' lang='lat'><strong>62-64.</strong></span> <span class='ocrx_word' id='word_1_579' title='bbox 2935 3331 3039 3387; x_wconf 86' lang='lat' dir='ltr'><strong>Sed</strong></span> <span class='ocrx_word' id='word_1_580' title='bbox 3061 3334 3175 3387; x_wconf 66' lang='lat' dir='ltr'><strong>haec</strong></span> <span class='ocrx_word' id='word_1_581' title='bbox 3192 3332 3410 3404; x_wconf 85' lang='lat' dir='ltr'><strong>quidem</strong></span> <span class='ocrx_word' id='word_1_582' title='bbox 3431 3331 3576 3386; x_wconf 87' lang='lat' dir='ltr'><strong>tradi</strong></span> 
     </span>
    </p>
   </div>
   <div class='ocr_carea' id='block_1_80' title="bbox 2015 3426 3593 3499">
    <p class='ocr_par' dir='ltr' id='par_1_80' title="bbox 2015 3426 3593 3499">
     <span class='ocr_line' id='line_1_80' title="bbox 2015 3426 3593 3499; baseline 0.001 -18"><span class='ocrx_word' id='word_1_583' title='bbox 2015 3426 2165 3481; x_wconf 87' lang='lat' dir='ltr'><strong>ditin</strong></span> <span class='ocrx_word' id='word_1_584' title='bbox 2180 3443 2377 3483; x_wconf 86' lang='lat' dir='ltr'><strong>manus</strong></span> <span class='ocrx_word' id='word_1_585' title='bbox 2404 3427 2637 3493; x_wconf 88' lang='lat' dir='ltr'><strong>inimici,</strong></span> <span class='ocrx_word' id='word_1_586' title='bbox 2657 3429 2916 3499; x_wconf 89' lang='lat' dir='ltr'><strong>populum</strong></span> <span class='ocrx_word' id='word_1_587' title='bbox 2937 3444 3067 3482; x_wconf 84' lang='lat' dir='ltr'><strong>vero</strong></span> <span class='ocrx_word' id='word_1_588' title='bbox 3093 3427 3352 3483; x_wconf 86' lang='lat' dir='ltr'><strong>contrivit</strong></span> <span class='ocrx_word' id='word_1_589' title='bbox 3388 3427 3593 3498; x_wconf 84' lang='lat' dir='ltr'><strong>gladio.</strong></span> 
     </span>
    </p>
   </div>
   <div class='ocr_carea' id='block_1_81' title="bbox 2014 3514 3595 3589">
    <p class='ocr_par' dir='ltr' id='par_1_81' title="bbox 2014 3514 3595 3589">
     <span class='ocr_line' id='line_1_81' title="bbox 2014 3514 3595 3589; baseline -0.001 -18"><span class='ocrx_word' id='word_1_590' title='bbox 2014 3516 2141 3573; x_wconf 87' lang='lat' dir='ltr'><strong>ldeo</strong></span> <span class='ocrx_word' id='word_1_591' title='bbox 2168 3519 2468 3573; x_wconf 90' lang='lat' dir='ltr'><strong>secundum</strong></span> <span class='ocrx_word' id='word_1_592' title='bbox 2504 3516 2891 3589; x_wconf 85' lang='lat' dir='ltr'><strong>Symmachum</strong></span> <span class='ocrx_word' id='word_1_593' title='bbox 2925 3516 3167 3571; x_wconf 90' lang='lat' dir='ltr'><strong>dicitur:</strong></span> <span class='ocrx_word' id='word_1_594' title='bbox 3198 3514 3269 3568; x_wconf 88' lang='lat' dir='ltr'><strong>Et</strong></span> <span class='ocrx_word' id='word_1_595' title='bbox 3293 3514 3520 3567; x_wconf 87' lang='lat' dir='ltr'><strong>tradidit</strong></span> <span class='ocrx_word' id='word_1_596' title='bbox 3542 3516 3595 3569; x_wconf 86' lang='lat' dir='ltr'><strong>in</strong></span> 
     </span>
    </p>
   </div>
   <div class='ocr_carea' id='block_1_82' title="bbox 2015 3607 3594 3679">
    <p class='ocr_par' dir='ltr' id='par_1_82' title="bbox 2015 3607 3594 3679">
     <span class='ocr_line' id='line_1_82' title="bbox 2015 3607 3594 3679; baseline -0.003 -15"><span class='ocrx_word' id='word_1_597' title='bbox 2015 3609 2335 3664; x_wconf 75' lang='lat' dir='ltr'><strong>maduerunt</strong></span> <span class='ocrx_word' id='word_1_598' title='bbox 2381 3610 2633 3679; x_wconf 84' lang='lat' dir='ltr'><strong>populum</strong></span> <span class='ocrx_word' id='word_1_599' title='bbox 2692 3626 2848 3664; x_wconf 84' lang='lat' dir='ltr'><strong>suum</strong></span> <span class='ocrx_word' id='word_1_600' title='bbox 2907 3618 2956 3662; x_wconf 88' lang='lat' dir='ltr'><strong>et</strong></span> <span class='ocrx_word' id='word_1_601' title='bbox 3017 3607 3381 3662; x_wconf 76' lang='lat' dir='ltr'><strong>hwreditatem</strong></span> <span class='ocrx_word' id='word_1_602' title='bbox 3440 3622 3594 3660; x_wconf 85' lang='lat' dir='ltr'><strong>suam</strong></span> 
     </span>
    </p>
   </div>
   <div class='ocr_carea' id='block_1_83' title="bbox 2016 3700 3586 3774">
    <p class='ocr_par' dir='ltr' id='par_1_83' title="bbox 2016 3700 3586 3774">
     <span class='ocr_line' id='line_1_83' title="bbox 2016 3700 3586 3774; baseline -0.003 -16"><span class='ocrx_word' id='word_1_603' title='bbox 2016 3702 2227 3774; x_wconf 84' lang='lat' dir='ltr'><strong>sprevit.</strong></span> <span class='ocrx_word' id='word_1_604' title='bbox 2292 3701 2405 3757; x_wconf 89' lang='lat' dir='ltr'><strong>Deo</strong></span> <span class='ocrx_word' id='word_1_605' title='bbox 2460 3710 2642 3757; x_wconf 88' lang='lat' dir='ltr'><strong>autem</strong></span> <span class='ocrx_word' id='word_1_606' title='bbox 2709 3700 2859 3771; x_wconf 90' lang='lat' dir='ltr'><strong>ipsos</strong></span> <span class='ocrx_word' id='word_1_607' title='bbox 2895 3708 3211 3771; x_wconf 85' lang='lat' dir='ltr'><strong>spernente.</strong></span> <span class='ocrx_word' id='word_1_608' title='bbox 3244 3715 3305 3754; x_wconf 90' lang='lat' dir='ltr'><strong>ea</strong></span> <span class='ocrx_word' id='word_1_609' title='bbox 3342 3714 3464 3769; x_wconf 65' lang='lat' dir='ltr'><strong>quae</strong></span> <span class='ocrx_word' id='word_1_610' title='bbox 3496 3715 3586 3754; x_wconf 87' lang='lat' dir='ltr'><strong>se-</strong></span> 
     </span>
    </p>
   </div>
   <div class='ocr_carea' id='block_1_84' title="bbox 2014 3789 3593 3864">
    <p class='ocr_par' dir='ltr' id='par_1_84' title="bbox 2014 3789 3593 3864">
     <span class='ocr_line' id='line_1_84' title="bbox 2014 3789 3593 3864; baseline -0.004 -17"><span class='ocrx_word' id='word_1_611' title='bbox 2014 3801 2262 3864; x_wconf 89' lang='lat' dir='ltr'><strong>quuntur</strong></span> <span class='ocrx_word' id='word_1_612' title='bbox 2312 3800 2633 3848; x_wconf 85' lang='lat' dir='ltr'><strong>evenerunt.</strong></span> <span class='ocrx_word' id='word_1_613' title='bbox 2678 3791 2810 3859; x_wconf 71' lang='lat' dir='ltr'><strong>Quae</strong></span> <span class='ocrx_word' id='word_1_614' title='bbox 2836 3792 2963 3846; x_wconf 90' lang='lat' dir='ltr'><strong>illa?</strong></span> <span class='ocrx_word' id='word_1_615' title='bbox 2987 3789 3213 3845; x_wconf 84' lang='lat' dir='ltr'><strong>Juvenes</strong></span> <span class='ocrx_word' id='word_1_616' title='bbox 3235 3806 3417 3844; x_wconf 90' lang='lat' dir='ltr'><strong>eorum</strong></span> <span class='ocrx_word' id='word_1_617' title='bbox 3450 3805 3593 3843; x_wconf 89' lang='lat' dir='ltr'><strong>com-</strong></span> 
     </span>
    </p>
   </div>
   <div class='ocr_carea' id='block_1_85' title="bbox 2013 3882 3594 3954">
    <p class='ocr_par' dir='ltr' id='par_1_85' title="bbox 2013 3882 3594 3954">
     <span class='ocr_line' id='line_1_85' title="bbox 2013 3882 3594 3954; baseline -0.002 -16"><span class='ocrx_word' id='word_1_618' title='bbox 2013 3882 2121 3938; x_wconf 88' lang='lat' dir='ltr'><strong>edit</strong></span> <span class='ocrx_word' id='word_1_619' title='bbox 2173 3884 2333 3954; x_wconf 88' lang='lat' dir='ltr'><strong>ignis,</strong></span> <span class='ocrx_word' id='word_1_620' title='bbox 2390 3891 2441 3937; x_wconf 89' lang='lat' dir='ltr'><strong>et</strong></span> <span class='ocrx_word' id='word_1_621' title='bbox 2487 3882 2712 3953; x_wconf 85' lang='lat' dir='ltr'><strong>virgines</strong></span> <span class='ocrx_word' id='word_1_622' title='bbox 2743 3899 2925 3937; x_wconf 89' lang='lat' dir='ltr'><strong>eorum</strong></span> <span class='ocrx_word' id='word_1_623' title='bbox 2967 3898 3071 3935; x_wconf 88' lang='lat' dir='ltr'><strong>non</strong></span> <span class='ocrx_word' id='word_1_624' title='bbox 3105 3891 3229 3936; x_wconf 87' lang='lat' dir='ltr'><strong>sunt</strong></span> <span class='ocrx_word' id='word_1_625' title='bbox 3258 3884 3594 3945; x_wconf 70' lang='lat' dir='ltr'><strong>lamentata;</strong></span> 
     </span>
    </p>
   </div>
   <div class='ocr_carea' id='block_1_86' title="bbox 2016 3976 3592 4047">
    <p class='ocr_par' dir='ltr' id='par_1_86' title="bbox 2016 3976 3592 4047">
     <span class='ocr_line' id='line_1_86' title="bbox 2016 3976 3592 4047; baseline -0.001 -13"><span class='ocrx_word' id='word_1_626' title='bbox 2016 3977 2317 4035; x_wconf 87' lang='lat' dir='ltr'><strong>secundum</strong></span> <span class='ocrx_word' id='word_1_627' title='bbox 2350 3976 2602 4047; x_wconf 82' lang='lat' dir='ltr'><strong>Aquilam</strong></span> <span class='ocrx_word' id='word_1_628' title='bbox 2636 3993 2770 4033; x_wconf 89' lang='lat' dir='ltr'><strong>vero</strong></span> <span class='ocrx_word' id='word_1_629' title='bbox 2790 4017 2806 4041; x_wconf 93' lang='lat'><strong>,</strong></span> <span class='ocrx_word' id='word_1_630' title='bbox 2835 3994 2935 4031; x_wconf 83' lang='lat' dir='ltr'><strong>non</strong></span> <span class='ocrx_word' id='word_1_631' title='bbox 2963 3986 3087 4031; x_wconf 81' lang='lat' dir='ltr'><strong>sunt</strong></span> <span class='ocrx_word' id='word_1_632' title='bbox 3112 3976 3476 4044; x_wconf 69' lang='lat' dir='ltr'><strong>desponsata;</strong></span> <span class='ocrx_word' id='word_1_633' title='bbox 3509 3992 3592 4032; x_wconf 87' lang='lat' dir='ltr'><strong>se-</strong></span> 
     </span>
    </p>
   </div>
   <div class='ocr_carea' id='block_1_87' title="bbox 2015 4065 3593 4139">
    <p class='ocr_par' dir='ltr' id='par_1_87' title="bbox 2015 4065 3593 4139">
     <span class='ocr_line' id='line_1_87' title="bbox 2015 4065 3593 4139; baseline 0.001 -16"><span class='ocrx_word' id='word_1_634' title='bbox 2015 4068 2252 4124; x_wconf 89' lang='lat' dir='ltr'><strong>cundum</strong></span> <span class='ocrx_word' id='word_1_635' title='bbox 2308 4065 2696 4139; x_wconf 86' lang='lat' dir='ltr'><strong>Symmachum</strong></span> <span class='ocrx_word' id='word_1_636' title='bbox 2746 4076 2953 4132; x_wconf 84' lang='lat' dir='ltr'><strong>autem,</strong></span> <span class='ocrx_word' id='word_1_637' title='bbox 3006 4084 3111 4121; x_wconf 87' lang='lat' dir='ltr'><strong>non</strong></span> <span class='ocrx_word' id='word_1_638' title='bbox 3160 4077 3284 4122; x_wconf 85' lang='lat' dir='ltr'><strong>sunt</strong></span> <span class='ocrx_word' id='word_1_639' title='bbox 3337 4067 3593 4125; x_wconf 74' lang='lat' dir='ltr'><strong>laudata.</strong></span> 
     </span>
    </p>
   </div>
   <div class='ocr_carea' id='block_1_88' title="bbox 2014 4159 3595 4230">
    <p class='ocr_par' dir='ltr' id='par_1_88' title="bbox 2014 4159 3595 4230">
     <span class='ocr_line' id='line_1_88' title="bbox 2014 4159 3595 4230; baseline -0.001 -15"><span class='ocrx_word' id='word_1_640' title='bbox 2014 4160 2132 4216; x_wconf 91' lang='lat' dir='ltr'><strong>Non</strong></span> <span class='ocrx_word' id='word_1_641' title='bbox 2160 4163 2301 4215; x_wconf 91' lang='lat' dir='ltr'><strong>ultra</strong></span> <span class='ocrx_word' id='word_1_642' title='bbox 2332 4161 2818 4222; x_wconf 87' lang='lat' dir='ltr'><strong>enim,sccundum</strong></span> <span class='ocrx_word' id='word_1_643' title='bbox 2845 4160 3087 4230; x_wconf 90' lang='lat' dir='ltr'><strong>reliquos</strong></span> <span class='ocrx_word' id='word_1_644' title='bbox 3105 4159 3595 4230; x_wconf 89' lang='lat' dir='ltr'><strong>interpretes,cum</strong></span> 
     </span>
    </p>
   </div>
   <div class='ocr_carea' id='block_1_89' title="bbox 2016 4249 3595 4324">
    <p class='ocr_par' dir='ltr' id='par_1_89' title="bbox 2016 4249 3595 4324">
     <span class='ocr_line' id='line_1_89' title="bbox 2016 4249 3595 4324; baseline -0.003 -17"><span class='ocrx_word' id='word_1_645' title='bbox 2016 4252 2234 4324; x_wconf 86' lang='lat' dir='ltr'><strong>hymnis</strong></span> <span class='ocrx_word' id='word_1_646' title='bbox 2268 4260 2322 4306; x_wconf 88' lang='lat' dir='ltr'><strong>et</strong></span> <span class='ocrx_word' id='word_1_647' title='bbox 2348 4251 2628 4318; x_wconf 89' lang='lat' dir='ltr'><strong>laudibus,</strong></span> <span class='ocrx_word' id='word_1_648' title='bbox 2665 4258 2725 4307; x_wconf 90' lang='lat' dir='ltr'><strong>ut</strong></span> <span class='ocrx_word' id='word_1_649' title='bbox 2749 4258 3076 4307; x_wconf 88' lang='lat' dir='ltr'><strong>consuetum</strong></span> <span class='ocrx_word' id='word_1_650' title='bbox 3107 4249 3459 4320; x_wconf 88' lang='lat' dir='ltr'><strong>desponsatis</strong></span> <span class='ocrx_word' id='word_1_651' title='bbox 3489 4257 3595 4314; x_wconf 88' lang='lat' dir='ltr'><strong>est,</strong></span> 
     </span>
    </p>
   </div>
   <div class='ocr_carea' id='block_1_90' title="bbox 2014 4342 3589 4413">
    <p class='ocr_par' dir='ltr' id='par_1_90' title="bbox 2014 4342 3589 4413">
     <span class='ocr_line' id='line_1_90' title="bbox 2014 4342 3589 4413; baseline -0.002 -14"><span class='ocrx_word' id='word_1_652' title='bbox 2014 4345 2150 4400; x_wconf 88' lang='lat' dir='ltr'><strong>viris</strong></span> <span class='ocrx_word' id='word_1_653' title='bbox 2185 4344 2566 4410; x_wconf 89' lang='lat' dir='ltr'><strong>tradebantur,</strong></span> <span class='ocrx_word' id='word_1_654' title='bbox 2598 4346 2669 4400; x_wconf 91' lang='lat' dir='ltr'><strong>ob</strong></span> <span class='ocrx_word' id='word_1_655' title='bbox 2704 4344 3008 4400; x_wconf 89' lang='lat' dir='ltr'><strong>immissam</strong></span> <span class='ocrx_word' id='word_1_656' title='bbox 3038 4350 3173 4397; x_wconf 88' lang='lat' dir='ltr'><strong>tunc</strong></span> <span class='ocrx_word' id='word_1_657' title='bbox 3209 4343 3343 4413; x_wconf 89' lang='lat' dir='ltr'><strong>ipsis</strong></span> <span class='ocrx_word' id='word_1_658' title='bbox 3373 4342 3589 4396; x_wconf 89' lang='lat' dir='ltr'><strong>calami-</strong></span> 
     </span>
    </p>
   </div>
   <div class='ocr_carea' id='block_1_91' title="bbox 2019 4433 3594 4505">
    <p class='ocr_par' dir='ltr' id='par_1_91' title="bbox 2019 4433 3594 4505">
     <span class='ocr_line' id='line_1_91' title="bbox 2019 4433 3594 4505; baseline -0.002 -17"><span class='ocrx_word' id='word_1_659' title='bbox 2019 4442 2205 4490; x_wconf 88' lang='lat' dir='ltr'><strong>tatem.</strong></span> <span class='ocrx_word' id='word_1_660' title='bbox 2243 4433 2553 4490; x_wconf 85' lang='lat' dir='ltr'><strong>Secundum</strong></span> <span class='ocrx_word' id='word_1_661' title='bbox 2582 4433 2725 4489; x_wconf 80' lang='lat' dir='ltr'><strong>LXX</strong></span> <span class='ocrx_word' id='word_1_662' title='bbox 2746 4434 3079 4505; x_wconf 81' lang='lat' dir='ltr'><strong>interpretes</strong></span> <span class='ocrx_word' id='word_1_663' title='bbox 3106 4440 3309 4499; x_wconf 90' lang='lat' dir='ltr'><strong>autem,</strong></span> <span class='ocrx_word' id='word_1_664' title='bbox 3343 4433 3398 4486; x_wconf 92' lang='lat' dir='ltr'><strong>in</strong></span> <span class='ocrx_word' id='word_1_665' title='bbox 3421 4433 3594 4502; x_wconf 84' lang='lat' dir='ltr'><strong>capti-</strong></span> 
     </span>
    </p>
   </div>
   <div class='ocr_carea' id='block_1_92' title="bbox 332 4524 1913 4598">
    <p class='ocr_par' dir='ltr' id='par_1_92' title="bbox 332 4524 1906 4598">
     <span class='ocr_line' id='line_1_92' title="bbox 332 4524 1906 4598; baseline 0.001 -19"><span class='ocrx_word' id='word_1_666' title='bbox 332 4527 635 4598; x_wconf 84' lang='grc' dir='ltr'><strong>συμφοράν.</strong></span> <span class='ocrx_word' id='word_1_667' title='bbox 677 4525 834 4579; x_wconf 88' lang='grc' dir='ltr'><strong>Κατά</strong></span> <span class='ocrx_word' id='word_1_668' title='bbox 863 4526 920 4578; x_wconf 85' lang='grc' dir='ltr'><strong>δὲ</strong></span> <span class='ocrx_word' id='word_1_669' title='bbox 952 4525 1049 4596; x_wconf 81' lang='grc' dir='ltr'><strong>τὴν</strong></span> <span class='ocrx_word' id='word_1_670' title='bbox 1079 4524 1187 4579; x_wconf 83' lang='grc' dir='ltr'><strong>τῶν</strong></span> <span class='ocrx_word' id='word_1_671' title='bbox 1231 4525 1631 4598; x_wconf 75' lang='grc' dir='ltr'><strong>Ἐϐδομήκοντα</strong></span> <span class='ocrx_word' id='word_1_672' title='bbox 1677 4528 1906 4593; x_wconf 75' lang='grc' dir='ltr'><strong>ἔκδοσιν,</strong></span> 
     </span>
    </p>
   </div>
   <div class='ocr_carea' id='block_1_93' title="bbox 2012 4524 3592 4598">
    <p class='ocr_par' dir='ltr' id='par_1_93' title="bbox 2017 4526 3592 4595">
     <span class='ocr_line' id='line_1_93' title="bbox 2017 4526 3592 4595; baseline -0.002 -15"><span class='ocrx_word' id='word_1_673' title='bbox 2017 4528 2231 4582; x_wconf 86' lang='lat' dir='ltr'><strong>vitatem</strong></span> <span class='ocrx_word' id='word_1_674' title='bbox 2258 4535 2413 4592; x_wconf 66' lang='lat' dir='ltr'><strong>actae,</strong></span> <span class='ocrx_word' id='word_1_675' title='bbox 2437 4543 2562 4582; x_wconf 92' lang='lat' dir='ltr'><strong>cum</strong></span> <span class='ocrx_word' id='word_1_676' title='bbox 2586 4536 2951 4592; x_wconf 89' lang='lat' dir='ltr'><strong>morerentur,</strong></span> <span class='ocrx_word' id='word_1_677' title='bbox 2969 4543 3079 4581; x_wconf 90' lang='lat' dir='ltr'><strong>non</strong></span> <span class='ocrx_word' id='word_1_678' title='bbox 3107 4534 3227 4582; x_wconf 87' lang='lat' dir='ltr'><strong>erat</strong></span> <span class='ocrx_word' id='word_1_679' title='bbox 3252 4526 3345 4595; x_wconf 89' lang='lat' dir='ltr'><strong>qui</strong></span> <span class='ocrx_word' id='word_1_680' title='bbox 3363 4526 3592 4595; x_wconf 79' lang='lat' dir='ltr'><strong>lugeret,</strong></span> 
     </span>
    </p>
   </div>
   <div class='ocr_carea' id='block_1_94' title="bbox 330 4618 1909 4692">
    <p class='ocr_par' dir='ltr' id='par_1_94' title="bbox 330 4618 1909 4692">
     <span class='ocr_line' id='line_1_94' title="bbox 330 4618 1909 4692; baseline 0.004 -20"><span class='ocrx_word' id='word_1_681' title='bbox 330 4619 665 4690; x_wconf 80' lang='grc' dir='ltr'><strong>αἰχμάλωτοι</strong></span> <span class='ocrx_word' id='word_1_682' title='bbox 698 4618 1043 4690; x_wconf 84' lang='grc' dir='ltr'><strong>ἀπαχθεῖσαι,</strong></span> <span class='ocrx_word' id='word_1_683' title='bbox 1078 4619 1136 4672; x_wconf 82' lang='grc' dir='ltr'><strong>ὲν</strong></span> <span class='ocrx_word' id='word_1_684' title='bbox 1173 4619 1252 4691; x_wconf 85' lang='grc' dir='ltr'><strong>τῷ</strong></span> <span class='ocrx_word' id='word_1_685' title='bbox 1294 4620 1546 4692; x_wconf 86' lang='grc' dir='ltr'><strong>θνήσκειν</strong></span> <span class='ocrx_word' id='word_1_686' title='bbox 1591 4622 1761 4687; x_wconf 86' lang='grc' dir='ltr'><strong>αύτάς</strong></span> <span class='ocrx_word' id='word_1_687' title='bbox 1807 4625 1909 4679; x_wconf 85' lang='grc' dir='ltr'><strong>οὐκ</strong></span> 
     </span>
    </p>
   </div>
   <div class='ocr_carea' id='block_1_95' title="bbox 331 4707 1910 4786">
    <p class='ocr_par' dir='ltr' id='par_1_95' title="bbox 331 4707 1910 4786">
     <span class='ocr_line' id='line_1_95' title="bbox 331 4707 1910 4786; baseline 0.004 -22"><span class='ocrx_word' id='word_1_688' title='bbox 331 4707 473 4783; x_wconf 71' lang='grc' dir='ltr'><strong>εἶχον</strong></span> <span class='ocrx_word' id='word_1_689' title='bbox 513 4713 638 4776; x_wconf 79' lang='grc' dir='ltr'><strong>τοὺς</strong></span> <span class='ocrx_word' id='word_1_690' title='bbox 681 4710 1031 4778; x_wconf 86' lang='grc' dir='ltr'><strong>πενθοῦντας,</strong></span> <span class='ocrx_word' id='word_1_691' title='bbox 1073 4712 1161 4766; x_wconf 86' lang='grc' dir='ltr'><strong>διὰ</strong></span> <span class='ocrx_word' id='word_1_692' title='bbox 1193 4712 1255 4766; x_wconf 87' lang='grc' dir='ltr'><strong>τὸ</strong></span> <span class='ocrx_word' id='word_1_693' title='bbox 1309 4714 1384 4784; x_wconf 83' lang='grc' dir='ltr'><strong>μὴ</strong></span> <span class='ocrx_word' id='word_1_694' title='bbox 1432 4716 1686 4786; x_wconf 89' lang='grc' dir='ltr'><strong>παρεῖναι</strong></span> <span class='ocrx_word' id='word_1_695' title='bbox 1726 4717 1910 4780; x_wconf 80' lang='grc' dir='ltr'><strong>αὐτοῖς</strong></span> 
     </span>
    </p>
   </div>
   <div class='ocr_carea' id='block_1_96' title="bbox 328 4804 1909 4876">
    <p class='ocr_par' dir='ltr' id='par_1_96' title="bbox 328 4804 1909 4876">
     <span class='ocr_line' id='line_1_96' title="bbox 328 4804 1909 4876; baseline 0.004 -19"><span class='ocrx_word' id='word_1_696' title='bbox 328 4805 456 4867; x_wconf 80' lang='grc' dir='ltr'><strong>τοὺς</strong></span> <span class='ocrx_word' id='word_1_697' title='bbox 499 4804 869 4875; x_wconf 82' lang='grc' dir='ltr'><strong>προσήκοντας</strong></span> <span class='ocrx_word' id='word_1_698' title='bbox 894 4821 907 4835; x_wconf 88' lang='grc'><strong>·</strong></span> <span class='ocrx_word' id='word_1_699' title='bbox 958 4804 1094 4859; x_wconf 89' lang='grc' dir='ltr'><strong>ἀλλά</strong></span> <span class='ocrx_word' id='word_1_700' title='bbox 1137 4805 1231 4859; x_wconf 72' lang='grc' dir='ltr'><strong>καὶ</strong></span> <span class='ocrx_word' id='word_1_701' title='bbox 1286 4808 1341 4861; x_wconf 86' lang='grc' dir='ltr'><strong>οἰ</strong></span> <span class='ocrx_word' id='word_1_702' title='bbox 1377 4808 1553 4876; x_wconf 79' lang='grc' dir='ltr'><strong>ἱερεῖς</strong></span> <span class='ocrx_word' id='word_1_703' title='bbox 1598 4808 1798 4863; x_wconf 85' lang='grc' dir='ltr'><strong>αὐτῶν</strong></span> <span class='ocrx_word' id='word_1_704' title='bbox 1839 4811 1909 4865; x_wconf 89' lang='grc' dir='ltr'><strong>ἐν</strong></span> 
     </span>
    </p>
   </div>
   <div class='ocr_carea' id='block_1_97' title="bbox 325 4887 1905 4969">
    <p class='ocr_par' dir='ltr' id='par_1_97' title="bbox 325 4887 1905 4969">
     <span class='ocr_line' id='line_1_97' title="bbox 325 4887 1905 4969; baseline 0.005 -23"><span class='ocrx_word' id='word_1_705' title='bbox 325 4895 589 4964; x_wconf 75' lang='grc' dir='ltr'><strong>ῥομφαίᾳ</strong></span> <span class='ocrx_word' id='word_1_706' title='bbox 614 4896 848 4948; x_wconf 71' lang='grc' dir='ltr'><strong>ἔπεσαν</strong></span> <span class='ocrx_word' id='word_1_707' title='bbox 888 4887 1069 4966; x_wconf 65' lang='grc' dir='ltr'><strong>(οὗτοί</strong></span> <span class='ocrx_word' id='word_1_708' title='bbox 1086 4896 1131 4949; x_wconf 83' lang='grc' dir='ltr'><strong>δ’</strong></span> <span class='ocrx_word' id='word_1_709' title='bbox 1166 4891 1306 4967; x_wconf 85' lang='grc' dir='ltr'><strong>ἦσαν</strong></span> <span class='ocrx_word' id='word_1_710' title='bbox 1342 4898 1392 4951; x_wconf 88' lang='grc' dir='ltr'><strong>οἱ</strong></span> <span class='ocrx_word' id='word_1_711' title='bbox 1426 4897 1519 4952; x_wconf 92' lang='grc' dir='ltr'><strong>τοῦ</strong></span> <span class='ocrx_word' id='word_1_712' title='bbox 1562 4899 1711 4953; x_wconf 74' lang='grc' dir='ltr'><strong>Ἠλεὶ</strong></span> <span class='ocrx_word' id='word_1_713' title='bbox 1747 4899 1905 4969; x_wconf 90' lang='grc' dir='ltr'><strong>υἱοί),</strong></span> 
     </span>
    </p>
   </div>
   <div class='ocr_carea' id='block_1_98' title="bbox 329 4984 1908 5059">
    <p class='ocr_par' dir='ltr' id='par_1_98' title="bbox 329 4984 1908 5059">
     <span class='ocr_line' id='line_1_98' title="bbox 329 4984 1908 5059; baseline 0.001 -18"><span class='ocrx_word' id='word_1_714' title='bbox 329 4987 428 5041; x_wconf 82' lang='grc' dir='ltr'><strong>καί</strong></span> <span class='ocrx_word' id='word_1_715' title='bbox 466 4989 525 5042; x_wconf 84' lang='lat' dir='ltr'><strong>al</strong></span> <span class='ocrx_word' id='word_1_716' title='bbox 568 4984 743 5056; x_wconf 79' lang='grc' dir='ltr'><strong>χῆραι</strong></span> <span class='ocrx_word' id='word_1_717' title='bbox 775 4985 844 5040; x_wconf 84' lang='grc' dir='ltr'><strong>δὲ</strong></span> <span class='ocrx_word' id='word_1_718' title='bbox 879 4987 1077 5041; x_wconf 83' lang='grc' dir='ltr'><strong>αὐτῶν</strong></span> <span class='ocrx_word' id='word_1_719' title='bbox 1115 4990 1188 5042; x_wconf 86' lang='grc' dir='ltr'><strong>οὺ</strong></span> <span class='ocrx_word' id='word_1_720' title='bbox 1236 4990 1749 5059; x_wconf 80' lang='grc' dir='ltr'><strong>κλαυσθήσονται.</strong></span> <span class='ocrx_word' id='word_1_721' title='bbox 1797 4991 1908 5045; x_wconf 80' lang='grc' dir='ltr'><strong>Καὶ</strong></span> 
     </span>
    </p>
   </div>
   <div class='ocr_carea' id='block_1_99' title="bbox 328 5079 1908 5153">
    <p class='ocr_par' dir='ltr' id='par_1_99' title="bbox 328 5079 1908 5153">
     <span class='ocr_line' id='line_1_99' title="bbox 328 5079 1908 5153; baseline 0.004 -20"><span class='ocrx_word' id='word_1_722' title='bbox 328 5080 475 5133; x_wconf 71' lang='grc' dir='ltr'><strong>ἔστιν</strong></span> <span class='ocrx_word' id='word_1_723' title='bbox 504 5080 684 5151; x_wconf 80' lang='grc' dir='ltr'><strong>εὑρεῖν</strong></span> <span class='ocrx_word' id='word_1_724' title='bbox 706 5080 764 5132; x_wconf 83' lang='grc' dir='ltr'><strong>ἐν</strong></span> <span class='ocrx_word' id='word_1_725' title='bbox 786 5082 852 5151; x_wconf 82' lang='grc' dir='ltr'><strong>τῇ</strong></span> <span class='ocrx_word' id='word_1_726' title='bbox 886 5079 1076 5153; x_wconf 78' lang='grc' dir='ltr'><strong>πρώτῃ</strong></span> <span class='ocrx_word' id='word_1_727' title='bbox 1107 5082 1216 5135; x_wconf 85' lang='grc' dir='ltr'><strong>τῶν</strong></span> <span class='ocrx_word' id='word_1_728' title='bbox 1242 5082 1556 5149; x_wconf 87' lang='grc' dir='ltr'><strong>Βασιλειῶν,</strong></span> <span class='ocrx_word' id='word_1_729' title='bbox 1591 5084 1758 5151; x_wconf 84' lang='grc' dir='ltr'><strong>ὅπως,</strong></span> <span class='ocrx_word' id='word_1_730' title='bbox 1798 5084 1908 5141; x_wconf 86' lang='grc' dir='ltr'><strong>τῶν</strong></span> 
     </span>
    </p>
   </div>
   <div class='ocr_carea' id='block_1_100' title="bbox 329 5171 1906 5247">
    <p class='ocr_par' dir='ltr' id='par_1_100' title="bbox 329 5171 1906 5247">
     <span class='ocr_line' id='line_1_100' title="bbox 329 5171 1906 5247; baseline 0.005 -22"><span class='ocrx_word' id='word_1_731' title='bbox 329 5171 460 5225; x_wconf 86' lang='grc' dir='ltr'><strong>υἱῶν</strong></span> <span class='ocrx_word' id='word_1_732' title='bbox 494 5172 642 5226; x_wconf 74' lang='grc' dir='ltr'><strong>Ἠλεὶ</strong></span> <span class='ocrx_word' id='word_1_733' title='bbox 673 5174 947 5228; x_wconf 89' lang='grc' dir='ltr'><strong>πεσόντων</strong></span> <span class='ocrx_word' id='word_1_734' title='bbox 976 5176 1033 5226; x_wconf 76' lang='grc' dir='ltr'><strong>ὲν</strong></span> <span class='ocrx_word' id='word_1_735' title='bbox 1073 5174 1151 5245; x_wconf 85' lang='grc' dir='ltr'><strong>τῷ</strong></span> <span class='ocrx_word' id='word_1_736' title='bbox 1191 5175 1432 5247; x_wconf 83' lang='grc' dir='ltr'><strong>πολέμῳ,</strong></span> <span class='ocrx_word' id='word_1_737' title='bbox 1477 5177 1533 5229; x_wconf 87' lang='grc' dir='ltr'><strong>αἱ</strong></span> <span class='ocrx_word' id='word_1_738' title='bbox 1570 5177 1774 5231; x_wconf 88' lang='grc' dir='ltr'><strong>τούτων</strong></span> <span class='ocrx_word' id='word_1_739' title='bbox 1805 5194 1906 5246; x_wconf 85' lang='grc' dir='ltr'><strong>γυ-</strong></span> 
     </span>
    </p>
   </div>
   <div class='ocr_carea' id='block_1_101' title="bbox 329 5262 1910 5339">
    <p class='ocr_par' dir='ltr' id='par_1_101' title="bbox 329 5262 1910 5339">
     <span class='ocr_line' id='line_1_101' title="bbox 329 5262 1910 5339; baseline 0.003 -22"><span class='ocrx_word' id='word_1_740' title='bbox 329 5265 533 5327; x_wconf 82' lang='grc' dir='ltr'><strong>ναῖκες,</strong></span> <span class='ocrx_word' id='word_1_741' title='bbox 563 5262 728 5334; x_wconf 85' lang='grc' dir='ltr'><strong>χῆραι</strong></span> <span class='ocrx_word' id='word_1_742' title='bbox 776 5264 1240 5335; x_wconf 80' lang='grc' dir='ltr'><strong>καταλειφθεῖσαι,</strong></span> <span class='ocrx_word' id='word_1_743' title='bbox 1267 5266 1438 5320; x_wconf 81' lang='grc' dir='ltr'><strong>δεινὸν</strong></span> <span class='ocrx_word' id='word_1_744' title='bbox 1478 5266 1777 5339; x_wconf 83' lang='grc' dir='ltr'><strong>ὑπέμειναν</strong></span> <span class='ocrx_word' id='word_1_745' title='bbox 1814 5266 1910 5322; x_wconf 86' lang='grc' dir='ltr'><strong>θά-</strong></span> 
     </span>
    </p>
   </div>
   <div class='ocr_carea' id='block_1_102' title="bbox 328 5356 1911 5432">
    <p class='ocr_par' dir='ltr' id='par_1_102' title="bbox 328 5356 1911 5432">
     <span class='ocr_line' id='line_1_102' title="bbox 328 5356 1911 5432; baseline 0.004 -23"><span class='ocrx_word' id='word_1_746' title='bbox 328 5373 509 5411; x_wconf 89' lang='grc' dir='ltr'><strong>νατον.</strong></span> <span class='ocrx_word' id='word_1_747' title='bbox 560 5357 651 5410; x_wconf 86' lang='grc' dir='ltr'><strong>Διὸ</strong></span> <span class='ocrx_word' id='word_1_748' title='bbox 687 5356 935 5411; x_wconf 83' lang='grc' dir='ltr'><strong>λέλεκται</strong></span> <span class='ocrx_word' id='word_1_749' title='bbox 984 5358 1128 5412; x_wconf 84' lang='grc' dir='ltr'><strong>κατὰ</strong></span> <span class='ocrx_word' id='word_1_750' title='bbox 1179 5358 1270 5412; x_wconf 85' lang='grc' dir='ltr'><strong>τὸν</strong></span> <span class='ocrx_word' id='word_1_751' title='bbox 1323 5358 1640 5432; x_wconf 88' lang='grc' dir='ltr'><strong>Σύμμαχον,</strong></span> <span class='ocrx_word' id='word_1_752' title='bbox 1691 5360 1803 5416; x_wconf 87' lang='lat' dir='ltr'><strong>Kal</strong></span> <span class='ocrx_word' id='word_1_753' title='bbox 1848 5364 1911 5416; x_wconf 81' lang='grc' dir='ltr'><strong>αἱ</strong></span> 
     </span>
    </p>
   </div>
   <div class='ocr_carea' id='block_1_103' title="bbox 329 5447 1909 5524">
    <p class='ocr_par' dir='ltr' id='par_1_103' title="bbox 329 5447 1909 5524">
     <span class='ocr_line' id='line_1_103' title="bbox 329 5447 1909 5524; baseline 0.003 -22"><span class='ocrx_word' id='word_1_754' title='bbox 329 5447 709 5517; x_wconf 68' lang='grc' dir='ltr'><strong>χηρευθεῖσαι</strong></span> <span class='ocrx_word' id='word_1_755' title='bbox 735 5447 937 5503; x_wconf 83' lang='grc' dir='ltr'><strong>αὐτῶν</strong></span> <span class='ocrx_word' id='word_1_756' title='bbox 964 5452 1075 5503; x_wconf 81' lang='grc' dir='ltr'><strong>οὐκ</strong></span> <span class='ocrx_word' id='word_1_757' title='bbox 1099 5449 1414 5504; x_wconf 75' lang='grc' dir='ltr'><strong>ἔκλαυσαν</strong></span> <span class='ocrx_word' id='word_1_758' title='bbox 1438 5467 1451 5481; x_wconf 82' lang='lat'><strong><em>°</em></strong></span> <span class='ocrx_word' id='word_1_759' title='bbox 1484 5451 1603 5505; x_wconf 84' lang='grc' dir='ltr'><strong>οὐδὲ</strong></span> <span class='ocrx_word' id='word_1_760' title='bbox 1640 5452 1748 5524; x_wconf 84' lang='grc' dir='ltr'><strong>γὰρ</strong></span> <span class='ocrx_word' id='word_1_761' title='bbox 1773 5453 1909 5507; x_wconf 82' lang='grc' dir='ltr'><strong>ὑπέ-</strong></span> 
     </span>
    </p>
   </div>
   <div class='ocr_carea' id='block_1_104' title="bbox 331 5536 1910 5612">
    <p class='ocr_par' dir='ltr' id='par_1_104' title="bbox 331 5536 1910 5612">
     <span class='ocr_line' id='line_1_104' title="bbox 331 5536 1910 5612; baseline 0.004 -18"><span class='ocrx_word' id='word_1_762' title='bbox 331 5557 557 5612; x_wconf 86' lang='grc' dir='ltr'><strong>στησαν,</strong></span> <span class='ocrx_word' id='word_1_763' title='bbox 596 5540 735 5594; x_wconf 83' lang='grc' dir='ltr'><strong>ὥστε</strong></span> <span class='ocrx_word' id='word_1_764' title='bbox 773 5541 1038 5596; x_wconf 88' lang='grc' dir='ltr'><strong>κλαῦσαι·</strong></span> <span class='ocrx_word' id='word_1_765' title='bbox 1092 5541 1471 5595; x_wconf 87' lang='grc' dir='ltr'><strong>συναπώλοντο</strong></span> <span class='ocrx_word' id='word_1_766' title='bbox 1514 5543 1572 5596; x_wconf 85' lang='grc' dir='ltr'><strong>δὲ</strong></span> <span class='ocrx_word' id='word_1_767' title='bbox 1616 5544 1710 5597; x_wconf 75' lang='grc' dir='ltr'><strong>καὶ</strong></span> <span class='ocrx_word' id='word_1_768' title='bbox 1750 5536 1910 5600; x_wconf 78' lang='grc' dir='ltr'><strong>αὗται</strong></span> 
     </span>
    </p>
   </div>
   <div class='ocr_carea' id='block_1_105' title="bbox 328 5633 1903 5709">
    <p class='ocr_par' dir='ltr' id='par_1_105' title="bbox 328 5633 1903 5709">
     <span class='ocr_line' id='line_1_105' title="bbox 328 5633 1903 5709; baseline 0.003 -22"><span class='ocrx_word' id='word_1_769' title='bbox 328 5636 441 5697; x_wconf 83' lang='grc' dir='ltr'><strong>τοῖς</strong></span> <span class='ocrx_word' id='word_1_770' title='bbox 492 5634 832 5706; x_wconf 84' lang='grc' dir='ltr'><strong>τικτομένοις</strong></span> <span class='ocrx_word' id='word_1_771' title='bbox 894 5633 1037 5689; x_wconf 81' lang='grc' dir='ltr'><strong>κατὰ</strong></span> <span class='ocrx_word' id='word_1_772' title='bbox 1093 5634 1191 5706; x_wconf 84' lang='grc' dir='ltr'><strong>τὴν</strong></span> <span class='ocrx_word' id='word_1_773' title='bbox 1252 5634 1566 5704; x_wconf 83' lang='grc' dir='ltr'><strong>φάσκουσαν</strong></span> <span class='ocrx_word' id='word_1_774' title='bbox 1624 5637 1865 5709; x_wconf 79' lang='grc' dir='ltr'><strong>ἱστορίαν</strong></span> <span class='ocrx_word' id='word_1_775' title='bbox 1889 5656 1903 5669; x_wconf 89' lang='grc'><strong>·</strong></span> 
     </span>
    </p>
   </div>
   <div class='ocr_carea' id='block_1_106' title="bbox 2014 4617 3587 4691">
    <p class='ocr_par' dir='ltr' id='par_1_106' title="bbox 2014 4617 3587 4691">
     <span class='ocr_line' id='line_1_106' title="bbox 2014 4617 3587 4691; baseline -0.004 -17"><span class='ocrx_word' id='word_1_776' title='bbox 2014 4620 2161 4691; x_wconf 89' lang='lat' dir='ltr'><strong>quod</strong></span> <span class='ocrx_word' id='word_1_777' title='bbox 2193 4636 2304 4675; x_wconf 91' lang='lat' dir='ltr'><strong>non</strong></span> <span class='ocrx_word' id='word_1_778' title='bbox 2343 4619 2596 4676; x_wconf 90' lang='lat' dir='ltr'><strong>adessent</strong></span> <span class='ocrx_word' id='word_1_779' title='bbox 2644 4621 2934 4691; x_wconf 83' lang='lat' dir='ltr'><strong>propinqui</strong></span> <span class='ocrx_word' id='word_1_780' title='bbox 2990 4635 3214 4686; x_wconf 88' lang='lat' dir='ltr'><strong>earum;</strong></span> <span class='ocrx_word' id='word_1_781' title='bbox 3270 4620 3381 4673; x_wconf 90' lang='lat' dir='ltr'><strong>imo</strong></span> <span class='ocrx_word' id='word_1_782' title='bbox 3424 4617 3587 4671; x_wconf 89' lang='lat' dir='ltr'><strong>etiam</strong></span> 
     </span>
    </p>
   </div>
   <div class='ocr_carea' id='block_1_107' title="bbox 2014 4710 3590 4785">
    <p class='ocr_par' dir='ltr' id='par_1_107' title="bbox 2014 4710 3590 4785">
     <span class='ocr_line' id='line_1_107' title="bbox 2014 4710 3590 4785; baseline -0.003 -17"><span class='ocrx_word' id='word_1_783' title='bbox 2014 4712 2315 4769; x_wconf 80' lang='lat' dir='ltr'><strong>sacerdotes</strong></span> <span class='ocrx_word' id='word_1_784' title='bbox 2370 4730 2553 4768; x_wconf 90' lang='lat' dir='ltr'><strong>eorum</strong></span> <span class='ocrx_word' id='word_1_785' title='bbox 2617 4715 2672 4767; x_wconf 88' lang='lat' dir='ltr'><strong>in</strong></span> <span class='ocrx_word' id='word_1_786' title='bbox 2717 4714 2897 4785; x_wconf 87' lang='lat' dir='ltr'><strong>gladio</strong></span> <span class='ocrx_word' id='word_1_787' title='bbox 2942 4713 3239 4768; x_wconf 85' lang='lat' dir='ltr'><strong>ceciderunt</strong></span> <span class='ocrx_word' id='word_1_788' title='bbox 3291 4710 3368 4783; x_wconf 89' lang='lat' dir='ltr'><strong>(hi</strong></span> <span class='ocrx_word' id='word_1_789' title='bbox 3423 4724 3590 4782; x_wconf 91' lang='lat' dir='ltr'><strong>porro</strong></span> 
     </span>
    </p>
   </div>
   <div class='ocr_carea' id='block_1_108' title="bbox 2014 4806 3592 4877">
    <p class='ocr_par' dir='ltr' id='par_1_108' title="bbox 2014 4806 3592 4877">
     <span class='ocr_line' id='line_1_108' title="bbox 2014 4806 3592 4877; baseline -0.002 -16"><span class='ocrx_word' id='word_1_790' title='bbox 2014 4815 2176 4862; x_wconf 86' lang='lat' dir='ltr'><strong>erant</strong></span> <span class='ocrx_word' id='word_1_791' title='bbox 2231 4807 2329 4861; x_wconf 88' lang='lat' dir='ltr'><strong>lilii</strong></span> <span class='ocrx_word' id='word_1_792' title='bbox 2392 4806 2556 4875; x_wconf 83' lang='lat' dir='ltr'><strong>Heli),</strong></span> <span class='ocrx_word' id='word_1_793' title='bbox 2591 4817 2641 4861; x_wconf 87' lang='lat' dir='ltr'><strong>et</strong></span> <span class='ocrx_word' id='word_1_794' title='bbox 2695 4807 2869 4863; x_wconf 70' lang='lat' dir='ltr'><strong>vidule</strong></span> <span class='ocrx_word' id='word_1_795' title='bbox 2904 4825 3086 4863; x_wconf 89' lang='lat' dir='ltr'><strong>eorum</strong></span> <span class='ocrx_word' id='word_1_796' title='bbox 3130 4824 3236 4862; x_wconf 88' lang='lat' dir='ltr'><strong>non</strong></span> <span class='ocrx_word' id='word_1_797' title='bbox 3299 4806 3592 4877; x_wconf 82' lang='lat' dir='ltr'><strong>plorabun-</strong></span> 
     </span>
    </p>
   </div>
   <div class='ocr_carea' id='block_1_109' title="bbox 2018 4898 3592 4973">
    <p class='ocr_par' dir='ltr' id='par_1_109' title="bbox 2018 4898 3592 4973">
     <span class='ocr_line' id='line_1_109' title="bbox 2018 4898 3592 4973; baseline 0 -21"><span class='ocrx_word' id='word_1_798' title='bbox 2018 4908 2123 4955; x_wconf 90' lang='lat' dir='ltr'><strong>tur.</strong></span> <span class='ocrx_word' id='word_1_799' title='bbox 2156 4898 2217 4953; x_wconf 91' lang='lat' dir='ltr'><strong>ln</strong></span> <span class='ocrx_word' id='word_1_800' title='bbox 2273 4901 2447 4971; x_wconf 89' lang='lat' dir='ltr'><strong>primo</strong></span> <span class='ocrx_word' id='word_1_801' title='bbox 2500 4899 2815 4972; x_wconf 80' lang='lat' dir='ltr'><strong>Regnorum</strong></span> <span class='ocrx_word' id='word_1_802' title='bbox 2871 4902 3015 4956; x_wconf 86' lang='lat' dir='ltr'><strong>libro</strong></span> <span class='ocrx_word' id='word_1_803' title='bbox 3066 4902 3282 4973; x_wconf 87' lang='lat' dir='ltr'><strong>legitur,</strong></span> <span class='ocrx_word' id='word_1_804' title='bbox 3322 4915 3445 4955; x_wconf 89' lang='lat' dir='ltr'><strong>cum</strong></span> <span class='ocrx_word' id='word_1_805' title='bbox 3496 4898 3592 4953; x_wconf 82' lang='lat' dir='ltr'><strong>ﬁlii</strong></span> 
     </span>
    </p>
   </div>
   <div class='ocr_carea' id='block_1_110' title="bbox 2017 4992 3593 5061">
    <p class='ocr_par' dir='ltr' id='par_1_110' title="bbox 2017 4992 3593 5061">
     <span class='ocr_line' id='line_1_110' title="bbox 2017 4992 3593 5061; baseline 0.002 -15"><span class='ocrx_word' id='word_1_806' title='bbox 2017 4992 2135 5049; x_wconf 85' lang='lat' dir='ltr'><strong>Heli</strong></span> <span class='ocrx_word' id='word_1_807' title='bbox 2170 4995 2226 5049; x_wconf 92' lang='lat' dir='ltr'><strong>in</strong></span> <span class='ocrx_word' id='word_1_808' title='bbox 2263 4995 2407 5050; x_wconf 87' lang='lat' dir='ltr'><strong>bello</strong></span> <span class='ocrx_word' id='word_1_809' title='bbox 2433 4995 2785 5061; x_wconf 83' lang='lat' dir='ltr'><strong>cecidissent,</strong></span> <span class='ocrx_word' id='word_1_810' title='bbox 2827 5011 3017 5052; x_wconf 90' lang='lat' dir='ltr'><strong>eorum</strong></span> <span class='ocrx_word' id='word_1_811' title='bbox 3053 5010 3253 5050; x_wconf 81' lang='lat' dir='ltr'><strong>uxores</strong></span> <span class='ocrx_word' id='word_1_812' title='bbox 3286 4995 3481 5051; x_wconf 86' lang='lat' dir='ltr'><strong>viduas</strong></span> <span class='ocrx_word' id='word_1_813' title='bbox 3509 5010 3593 5049; x_wconf 89' lang='lat' dir='ltr'><strong>re-</strong></span> 
     </span>
    </p>
   </div>
   <div class='ocr_carea' id='block_1_111' title="bbox 2016 5085 3594 5156">
    <p class='ocr_par' dir='ltr' id='par_1_111' title="bbox 2016 5085 3594 5156">
     <span class='ocr_line' id='line_1_111' title="bbox 2016 5085 3594 5156; baseline 0.001 -17"><span class='ocrx_word' id='word_1_814' title='bbox 2016 5085 2199 5150; x_wconf 87' lang='lat' dir='ltr'><strong>lictas,</strong></span> <span class='ocrx_word' id='word_1_815' title='bbox 2228 5101 2448 5156; x_wconf 81' lang='lat' dir='ltr'><strong>gravem</strong></span> <span class='ocrx_word' id='word_1_816' title='bbox 2502 5089 2837 5145; x_wconf 86' lang='lat' dir='ltr'><strong>sustinuisse</strong></span> <span class='ocrx_word' id='word_1_817' title='bbox 2882 5103 3141 5145; x_wconf 86' lang='lat' dir='ltr'><strong>mortem.</strong></span> <span class='ocrx_word' id='word_1_818' title='bbox 3181 5089 3362 5156; x_wconf 88' lang='lat' dir='ltr'><strong>Quare</strong></span> <span class='ocrx_word' id='word_1_819' title='bbox 3390 5089 3594 5143; x_wconf 87' lang='lat' dir='ltr'><strong>dicitur</strong></span> 
     </span>
    </p>
   </div>
   <div class='ocr_carea' id='block_1_112' title="bbox 2018 5177 3593 5253">
    <p class='ocr_par' dir='ltr' id='par_1_112' title="bbox 2018 5177 3593 5253">
     <span class='ocr_line' id='line_1_112' title="bbox 2018 5177 3593 5253; baseline 0.003 -20"><span class='ocrx_word' id='word_1_820' title='bbox 2018 5177 2321 5233; x_wconf 84' lang='lat' dir='ltr'><strong>secundum</strong></span> <span class='ocrx_word' id='word_1_821' title='bbox 2349 5178 2761 5251; x_wconf 86' lang='lat' dir='ltr'><strong>Symmachum,</strong></span> <span class='ocrx_word' id='word_1_822' title='bbox 2795 5180 2863 5235; x_wconf 86' lang='lat' dir='ltr'><strong>Et</strong></span> <span class='ocrx_word' id='word_1_823' title='bbox 2891 5181 3123 5237; x_wconf 70' lang='lat' dir='ltr'><strong>viduata:</strong></span> <span class='ocrx_word' id='word_1_824' title='bbox 3148 5200 3330 5237; x_wconf 88' lang='lat' dir='ltr'><strong>eorum</strong></span> <span class='ocrx_word' id='word_1_825' title='bbox 3350 5200 3455 5238; x_wconf 88' lang='lat' dir='ltr'><strong>non</strong></span> <span class='ocrx_word' id='word_1_826' title='bbox 3476 5184 3593 5253; x_wconf 84' lang='lat' dir='ltr'><strong>plo-</strong></span> 
     </span>
    </p>
   </div>
   <div class='ocr_carea' id='block_1_113' title="bbox 2017 5274 3592 5347">
    <p class='ocr_par' dir='ltr' id='par_1_113' title="bbox 2017 5274 3592 5347">
     <span class='ocr_line' id='line_1_113' title="bbox 2017 5274 3592 5347; baseline 0.004 -23"><span class='ocrx_word' id='word_1_827' title='bbox 2017 5279 2267 5326; x_wconf 83' lang='lat' dir='ltr'><strong>raverunt</strong></span> <span class='ocrx_word' id='word_1_828' title='bbox 2292 5286 2311 5325; x_wconf 89' lang='lat'><strong><em>:</em></strong></span> <span class='ocrx_word' id='word_1_829' title='bbox 2341 5288 2520 5342; x_wconf 91' lang='lat' dir='ltr'><strong>neque</strong></span> <span class='ocrx_word' id='word_1_830' title='bbox 2548 5274 2691 5328; x_wconf 90' lang='lat' dir='ltr'><strong>enim</strong></span> <span class='ocrx_word' id='word_1_831' title='bbox 2726 5274 3067 5330; x_wconf 79' lang='lat' dir='ltr'><strong>exsistebant</strong></span> <span class='ocrx_word' id='word_1_832' title='bbox 3094 5285 3152 5329; x_wconf 90' lang='lat' dir='ltr'><strong>ut</strong></span> <span class='ocrx_word' id='word_1_833' title='bbox 3176 5275 3306 5331; x_wconf 89' lang='lat' dir='ltr'><strong>llcre</strong></span> <span class='ocrx_word' id='word_1_834' title='bbox 3334 5284 3592 5347; x_wconf 86' lang='lat' dir='ltr'><strong>possent;</strong></span> 
     </span>
    </p>
   </div>
   <div class='ocr_carea' id='block_1_114' title="bbox 2014 5353 3594 5434">
    <p class='ocr_par' dir='ltr' id='par_1_114' title="bbox 2014 5353 3594 5434">
     <span class='ocr_line' id='line_1_114' title="bbox 2014 5353 3594 5434; baseline 0.004 -17"><span class='ocrx_word' id='word_1_835' title='bbox 2014 5378 2141 5417; x_wconf 91' lang='lat' dir='ltr'><strong>nam</strong></span> <span class='ocrx_word' id='word_1_836' title='bbox 2165 5377 2274 5417; x_wconf 90' lang='lat' dir='ltr'><strong>una</strong></span> <span class='ocrx_word' id='word_1_837' title='bbox 2305 5378 2429 5418; x_wconf 88' lang='lat' dir='ltr'><strong>cum</strong></span> <span class='ocrx_word' id='word_1_838' title='bbox 2458 5372 2616 5434; x_wconf 89' lang='lat' dir='ltr'><strong>partu</strong></span> <span class='ocrx_word' id='word_1_839' title='bbox 2648 5381 2751 5420; x_wconf 90' lang='lat' dir='ltr'><strong>suo</strong></span> <span class='ocrx_word' id='word_1_840' title='bbox 2778 5366 3064 5420; x_wconf 74' lang='lat' dir='ltr'><strong>exstinctae</strong></span> <span class='ocrx_word' id='word_1_841' title='bbox 3096 5375 3245 5429; x_wconf 88' lang='lat' dir='ltr'><strong>sunt,</strong></span> <span class='ocrx_word' id='word_1_842' title='bbox 3273 5376 3331 5421; x_wconf 93' lang='lat' dir='ltr'><strong>ut</strong></span> <span class='ocrx_word' id='word_1_843' title='bbox 3357 5353 3460 5422; x_wconf 75' lang='lat' dir='ltr'><strong>fert</strong></span> <span class='ocrx_word' id='word_1_844' title='bbox 3479 5368 3594 5423; x_wconf 69' lang='lat' dir='ltr'><strong>haec</strong></span> 
     </span>
    </p>
   </div>
   <div class='ocr_carea' id='block_1_115' title="bbox 2012 5454 3594 5525">
    <p class='ocr_par' dir='ltr' id='par_1_115' title="bbox 2012 5454 3594 5525">
     <span class='ocr_line' id='line_1_115' title="bbox 2012 5454 3594 5525; baseline 0.004 -17"><span class='ocrx_word' id='word_1_845' title='bbox 2012 5454 2285 5512; x_wconf 87' lang='lat' dir='ltr'><strong>historia:</strong></span> <span class='ocrx_word' id='word_1_846' title='bbox 2314 5454 2385 5509; x_wconf 87' lang='lat' dir='ltr'><strong>Et</strong></span> <span class='ocrx_word' id='word_1_847' title='bbox 2427 5457 2630 5525; x_wconf 79' lang='lat' dir='ltr'><strong>factum</strong></span> <span class='ocrx_word' id='word_1_848' title='bbox 2669 5469 2748 5513; x_wconf 85' lang='lat' dir='ltr'><strong>est</strong></span> <span class='ocrx_word' id='word_1_849' title='bbox 2790 5460 2843 5512; x_wconf 89' lang='lat' dir='ltr'><strong>in</strong></span> <span class='ocrx_word' id='word_1_850' title='bbox 2882 5458 3064 5514; x_wconf 77' lang='lat' dir='ltr'><strong>diebus</strong></span> <span class='ocrx_word' id='word_1_851' title='bbox 3104 5460 3213 5514; x_wconf 87' lang='lat' dir='ltr'><strong>illis</strong></span> <span class='ocrx_word' id='word_1_852' title='bbox 3245 5472 3594 5517; x_wconf 74' lang='lat' dir='ltr'><strong>convenerunt</strong></span> 
     </span>
    </p>
   </div>
   <div class='ocr_carea' id='block_1_116' title="bbox 2012 5548 3593 5620">
    <p class='ocr_par' dir='ltr' id='par_1_116' title="bbox 2012 5548 3593 5620">
     <span class='ocr_line' id='line_1_116' title="bbox 2012 5548 3593 5620; baseline 0.005 -19"><span class='ocrx_word' id='word_1_853' title='bbox 2012 5548 2272 5620; x_wconf 78' lang='lat' dir='ltr'><strong>allophyli</strong></span> <span class='ocrx_word' id='word_1_854' title='bbox 2319 5550 2373 5604; x_wconf 88' lang='lat' dir='ltr'><strong>in</strong></span> <span class='ocrx_word' id='word_1_855' title='bbox 2425 5549 2619 5606; x_wconf 90' lang='lat' dir='ltr'><strong>bellum</strong></span> <span class='ocrx_word' id='word_1_856' title='bbox 2663 5562 2853 5607; x_wconf 88' lang='lat' dir='ltr'><strong>contra</strong></span> <span class='ocrx_word' id='word_1_857' title='bbox 2902 5551 3080 5607; x_wconf 84' lang='lat' dir='ltr'><strong>Israel</strong></span> <span class='ocrx_word' id='word_1_858' title='bbox 3102 5555 3182 5619; x_wconf 70' lang='grc' dir='ltr'><strong>⁸ος</strong></span> <span class='ocrx_word' id='word_1_859' title='bbox 3221 5554 3419 5610; x_wconf 79' lang='lat' dir='ltr'><strong>deinde</strong></span> <span class='ocrx_word' id='word_1_860' title='bbox 3463 5570 3593 5610; x_wconf 87' lang='lat' dir='ltr'><strong>vero</strong></span> 
     </span>
    </p>
   </div>
   <div class='ocr_carea' id='block_1_117' title="bbox 2014 5643 3591 5719">
    <p class='ocr_par' dir='ltr' id='par_1_117' title="bbox 2014 5643 3591 5719">
     <span class='ocr_line' id='line_1_117' title="bbox 2014 5643 3591 5719; baseline 0.004 -25"><span class='ocrx_word' id='word_1_861' title='bbox 2014 5653 2140 5697; x_wconf 86' lang='lat' dir='ltr'><strong>cum</strong></span> <span class='ocrx_word' id='word_1_862' title='bbox 2172 5643 2371 5701; x_wconf 81' lang='lat' dir='ltr'><strong>exisset</strong></span> <span class='ocrx_word' id='word_1_863' title='bbox 2402 5645 2636 5716; x_wconf 83' lang='lat' dir='ltr'><strong>populus</strong></span> <span class='ocrx_word' id='word_1_864' title='bbox 2663 5644 2733 5702; x_wconf 86' lang='lat' dir='ltr'><strong>ad</strong></span> <span class='ocrx_word' id='word_1_865' title='bbox 2762 5661 3019 5718; x_wconf 85' lang='lat' dir='ltr'><strong>pugnam,</strong></span> <span class='ocrx_word' id='word_1_866' title='bbox 3056 5647 3237 5703; x_wconf 74' lang='lat' dir='ltr'><strong>Casus</strong></span> <span class='ocrx_word' id='word_1_867' title='bbox 3267 5657 3364 5715; x_wconf 82' lang='lat' dir='ltr'><strong>est,</strong></span> <span class='ocrx_word' id='word_1_868' title='bbox 3392 5649 3591 5719; x_wconf 87' lang='lat' dir='ltr'><strong>inquit,</strong></span> 
     </span>
    </p>
   </div>
   <div class='ocr_carea' id='block_1_118' title="bbox 400 5753 2013 5834">
    <p class='ocr_par' dir='ltr' id='par_1_118' title="bbox 400 5753 2013 5834">
     <span class='ocr_line' id='line_1_118' title="bbox 400 5753 2013 5834; baseline 0.006 -25"><span class='ocrx_word' id='word_1_869' title='bbox 400 5755 446 5787; x_wconf 84' lang='grc'><strong>³⁸</strong></span> <span class='ocrx_word' id='word_1_870' title='bbox 473 5753 609 5810; x_wconf 89' lang='lat' dir='ltr'><strong>Gen.</strong></span> <span class='ocrx_word' id='word_1_871' title='bbox 639 5772 793 5822; x_wconf 86' lang='lat' dir='ltr'><strong>xvm,</strong></span> <span class='ocrx_word' id='word_1_872' title='bbox 822 5756 913 5812; x_wconf 73' lang='lat'><strong>20.</strong></span> <span class='ocrx_word' id='word_1_873' title='bbox 990 5756 1032 5789; x_wconf 82' lang='grc'><strong>³⁹</strong></span> <span class='ocrx_word' id='word_1_874' title='bbox 1060 5754 1080 5809; x_wconf 88' lang='grc'><strong>1</strong></span> <span class='ocrx_word' id='word_1_875' title='bbox 1114 5756 1246 5825; x_wconf 84' lang='lat' dir='ltr'><strong>Reg.</strong></span> <span class='ocrx_word' id='word_1_876' title='bbox 1280 5771 1355 5819; x_wconf 82' lang='lat' dir='ltr'><strong>Iv.</strong></span> <span class='ocrx_word' id='word_1_877' title='bbox 1380 5773 1478 5811; x_wconf 82' lang='lat' dir='ltr'><strong>vn.</strong></span> <span class='ocrx_word' id='word_1_878' title='bbox 1557 5758 1602 5790; x_wconf 67' lang='grc' dir='ltr'><strong>⁸ο</strong></span> <span class='ocrx_word' id='word_1_879' title='bbox 1640 5761 1660 5814; x_wconf 88' lang='grc'><strong>1</strong></span> <span class='ocrx_word' id='word_1_880' title='bbox 1691 5757 1821 5834; x_wconf 82' lang='lat' dir='ltr'><strong>Reg.</strong></span> <span class='ocrx_word' id='word_1_881' title='bbox 1855 5776 1932 5829; x_wconf 89' lang='lat' dir='ltr'><strong>Iv,</strong></span> <span class='ocrx_word' id='word_1_882' title='bbox 1960 5761 2013 5817; x_wconf 78' lang='grc'><strong>1.</strong></span> 
     </span>
    </p>
   </div>
   <div class='ocr_carea' id='block_1_119' title="bbox 402 5847 1487 5924">
    <p class='ocr_par' dir='ltr' id='par_1_119' title="bbox 402 5847 1487 5924">
     <span class='ocr_line' id='line_1_119' title="bbox 402 5847 1487 5924; baseline 0.005 -21"><span class='ocrx_word' id='word_1_883' title='bbox 402 5849 476 5921; x_wconf 74' lang='grc'><strong>(1)</strong></span> <span class='ocrx_word' id='word_1_884' title='bbox 511 5847 773 5921; x_wconf 79' lang='lat' dir='ltr'><strong>Syntaxis</strong></span> <span class='ocrx_word' id='word_1_885' title='bbox 800 5852 1037 5924; x_wconf 80' lang='lat' dir='ltr'><strong>postulat</strong></span> <span class='ocrx_word' id='word_1_886' title='bbox 1064 5851 1283 5917; x_wconf 83' lang='grc' dir='ltr'><strong>αὐτούς.</strong></span> <span class='ocrx_word' id='word_1_887' title='bbox 1328 5851 1487 5908; x_wconf 77' lang='lat' dir='ltr'><strong>Eutr.</strong></span> 
     </span>
    </p>
   </div>
  </div>
