4126 6400
498 347 603 406 935

1162 347 1428 405 EUSEBII
1462 347 1946 405 CESARIENSIS
1983 347 2134 406 OPP.
2174 346 2359 404 PARS
2397 345 2484 403 Ill.
2517 378 2587 388 —
2622 346 3029 404 EXEGETICA.

3642 351 3752 408 956

500 468 677 524 Israel
705 484 722 522 :
750 477 799 523 et
830 468 977 537 facta
1020 477 1098 523 est
1131 468 1291 539 plaga
1331 484 1526 539 magna
1555 468 1707 523 ralde
1737 483 1756 522 .'
1787 477 1838 523 et
1875 469 2065 524 cecide-

2173 467 2285 523 Kal
2326 463 2581 537 ἐγενήθη
2614 463 2685 519 ἐν
2711 464 2840 531 ταῖς
2880 463 3130 535 ἡμέραις
3157 465 3433 529 ἐκείναις,
3468 464 3562 518 καὶ
3598 481 3754 520 συν-

494 573 623 616 runt
650 563 715 617 de
744 562 916 616 Israel
950 563 1171 632 triginta
1200 561 1373 616 millia
1400 578 1466 616 ea:
1502 562 1776 616 ordinibus
1812 578 1830 615 :
1861 570 1910 615 et
1948 578 2065 616 arca

2176 560 2538 629 αθροίζονται
2564 561 2903 628 ἀλλόφυλοι
2930 561 3017 624 εὶς
3047 558 3314 626 πόλεμον
3347 556 3445 609 ἐπὶ
3477 556 3715 625 Ἰσραήλ
3733 574 3748 588 ·

500 655 597 709 Dei
625 665 781 724 capta
817 665 918 719 est,
950 664 1000 709 et
1029 654 1184 709 ambo
1222 655 1323 721 ﬁlii
1355 654 1478 710 Heli
1503 657 1700 710 mortui
1728 665 1871 720 sunt,
1901 655 2074 725 Oplmi

493 757 546 800 et
581 746 825 801 Plsinees.
863 746 929 799 Et
970 747 1204 801 cucurrit
1234 747 1315 800 vir
1354 745 1645 801 Jeminwus
1688 763 1753 801 ea:
1780 748 1993 811 castris,
2024 756 2077 801 et

495 840 631 893 venit
660 840 719 892 in
745 838 916 894 Silam
945 840 999 893 in
1030 840 1129 893 illa
1156 838 1264 903 die,
1295 839 1467 893 scissa
1496 849 1655 901 veste,
1684 850 1735 893 et
1764 855 2074 909 conspersus

490 930 698 998 pulvere
721 940 897 999 caput.
931 930 999 984 Et
1027 948 1143 985 ecce
1174 930 1295 985 Heli
1328 932 1381 984 in
1406 932 1539 984 sella
1561 931 1631 984 ad
1652 941 1860 1002 portam
1890 943 2076 986 contra

493 1021 691 1077 bivium
730 1034 996 1093 spectans.
1030 1023 1166 1078 Erat
1188 1025 1329 1078 enim
1362 1041 1453 1078 cor
1480 1025 1594 1095 ejus
1620 1041 1810 1094 pauens
1831 1042 1926 1095 pro
1947 1043 2074 1079 arca

494 1112 611 1170 Dei.
648 1113 763 1170 Sub
807 1116 922 1171 haec
967 1117 1172 1171 dicitur
1205 1134 1219 1171 ι
1258 1114 1392 1169 Erat
1433 1127 1609 1171 autem
1647 1116 1768 1171 Heli
1795 1119 1950 1187 quasi
1979 1134 2073 1171 no-

492 1206 713 1276 naginta
746 1216 860 1260 octo
891 1224 1173 1269 annorum,
1206 1217 1257 1262 et
1287 1209 1429 1262 oculi
1467 1208 1581 1277 ejus
1614 1208 1992 1278 caligaverant,
2022 1217 2073 1263 et

491 1314 595 1350 non
628 1296 857 1353 videbat.
906 1296 969 1351 Et
1004 1299 1082 1352 vir
1111 1299 1203 1353 ille
1230 1299 1481 1354 accedens
1504 1299 1678 1353 dixit:
1704 1298 1816 1370 Ego
1844 1318 1961 1354 sum
1985 1303 2074 1370 qui

491 1391 604 1444 veni
631 1406 697 1445 ex
718 1392 931 1453 castris,
953 1401 1002 1445 et
1024 1408 1117 1461 ego
1145 1407 1209 1446 ea:
1232 1392 1343 1445 acie
1368 1392 1482 1462 fugi
1503 1391 1677 1445 hodie.
1703 1390 1770 1444 Et
1802 1393 1900 1457 ait,
1933 1393 2072 1459 Quid

491 1493 669 1537 actum
700 1495 799 1549 est,
844 1485 925 1553 ﬁli
964 1486 1080 1539 mi?
1126 1483 1195 1537 Et
1221 1486 1488 1552 respondit
1515 1499 1644 1552 puer
1675 1493 1724 1538 et
1750 1484 1929 1539 dixit:
1963 1484 2074 1538 Fu-

489 1570 587 1639 git,
620 1570 819 1639 inquit,
851 1569 1025 1626 Israel
1060 1589 1092 1625 a
1118 1572 1258 1641 facie
1302 1572 1716 1641 allopltylorum,
1743 1583 1792 1628 et
1822 1574 1968 1642 facta
1995 1585 2072 1629 est

488 1659 649 1729 plaga
672 1676 865 1729 magna
895 1660 950 1713 in
977 1661 1193 1729 populo,
1219 1671 1268 1715 et
1293 1661 1449 1716 ambo
1473 1661 1576 1729 ﬁlii
1602 1662 1680 1714 tui
1708 1665 1904 1717 mortui
1926 1672 2069 1728 sunt,

485 1759 538 1803 et
566 1767 694 1804 arca
723 1751 823 1805 Dei
854 1763 1011 1821 capta
1042 1763 1143 1809 est.
1183 1753 1252 1807 Et
1280 1754 1484 1823 factum
1518 1766 1597 1810 est
1629 1773 1748 1810 cum
1779 1772 2070 1810 memoras-

2177 648 2275 708 εἷθ’
2321 653 2446 725 ἑξῆς
2484 652 2833 726 προελθόντος
2880 650 2974 704 τοῦ
3031 649 3160 705 λαοῦ
3211 652 3291 713 εις
3340 650 3432 703 τὸν
3480 650 3751 720 πόλεμον,

2175 748 2396 809 Πταίει,
2428 747 2611 817 φησιν,
2641 745 2797 813 ἀνὴρ
2834 742 3069 811 Ἰσραήλ
3089 760 3101 772 ·
3142 742 3240 795 καὶ
3272 742 3508 811 ἐγένετο
3543 743 3751 810 πληγὴ

2168 838 2402 908 μεγάλη
2436 839 2701 908 σφόδραο
2736 838 2834 890 καὶ
2861 836 3091 890 ἔπεσαν
3112 834 3182 899 ἐξ
3224 836 3467 903 Ἰσραὴλ
3489 836 3755 903 τριακον-

2173 946 2248 983 τα
2296 929 2561 998 χιλιάδες
2611 928 2921 998 ταγμάτων
2945 945 2958 957 ·
3008 928 3107 981 καὶ
3166 927 3204 994 ἠ
3252 928 3498 992 κιϐωτὸς
3532 925 3602 979 δέ
3638 927 3753 981 τοῦ

2176 1021 2325 1075 Θεοῦ
2348 1020 2603 1089 ἐλήφθη,
2628 1020 2728 1074 καὶ
2763 1020 3085 1089 ἀμφότεροι
3119 1022 3173 1073 οι
3195 1018 3312 1073 υιοὶ
3350 1018 3502 1073 Ἠλεὶ
3528 1017 3752 1073 ἀπέθαρ

2173 1131 2303 1177 νον,
2348 1113 2538 1182 Ὀφνεὶ
2577 1112 2675 1167 καὶ
2712 1112 2935 1178 Φινεές.
2964 1112 3073 1166 Kal
3105 1110 3358 1180 ἔδραμεν
3399 1111 3553 1180 ἀνὴρ
3592 1112 3754 1180 Ἰεμι-

2172 1205 2340 1270 ναῒος
2367 1206 2435 1259 ἐκ
2476 1202 2584 1272 τῆς
2633 1204 3035 1273 παρατάξεως,
3073 1204 3171 1257 καὶ
3199 1203 3387 1271 ἦλθεν
3423 1205 3510 1269 εις
3532 1203 3753 1273 Σηλὼμ

2173 1298 2242 1350 ἐν
2275 1296 2349 1365 τῇ
2378 1295 2569 1365 ἠμέρᾳ
2591 1296 2814 1365 ἐκείνῃ,
2841 1297 2911 1351 τὰ
2938 1295 3133 1365 ἱμάτια
3162 1295 3347 1349 αὑτοῦ
3372 1295 3747 1364 διερρωγότα,

2174 1388 2271 1442 καὶ
2306 1388 2380 1458 γῆ
2426 1389 2524 1442 ἐπὶ
2568 1386 2677 1455 τῆς
2723 1386 2993 1457 κεφαλῆς
3024 1387 3230 1441 αὐτοῦ.
3276 1387 3384 1442 Kal
3431 1387 3559 1440 ιδοὺ
3592 1388 3751 1442 Ἠλεὶ

2173 1481 2271 1533 ἐπὶ
2301 1481 2407 1535 τοῦ
2438 1481 2650 1550 δίε-ερον
2680 1480 2839 1548 παρὰ
2879 1480 2995 1548 τὴν
3026 1482 3232 1547 πύλην
3272 1481 3587 1535 σκοπεύων
3633 1478 3752 1547 τὴν

2172 1572 2377 1627 δίοδον
2397 1590 2409 1603 ·
2448 1573 2536 1626 ὅτι
2571 1569 2652 1643 ἦν
2690 1572 2729 1639 ή
2762 1571 2975 1641 καρδία
3012 1573 3197 1626 αὐτοῦ
3222 1573 3579 1641 ἐξεστηκυῆι
3612 1573 3750 1642 περὶ

2171 1662 2284 1731 τῆς
2314 1662 2562 1718 κιϐωτοῦ
2609 1662 2715 1717 τοῦ
2771 1662 2939 1717 Θεοῦ.
2987 1659 3102 1715 Εἶθ’
3156 1661 3283 1742 έξῇς
3335 1664 3581 1735 εἴρηται·
3633 1667 3751 1720 Kal

2184 1756 2336 1811 Ἠλεὶ
2366 1756 2444 1822 ὡς
2468 1761 2555 1826 ιιηθ
2588 1756 2739 1809 ἐτῶν
2761 1771 2776 1786 ο
2814 1755 2913 1809 καὶ
2951 1760 3002 1809 ot
3029 1756 3320 1825 ὀφθαλμοὶ
3351 1757 3536 1810 αὐτοῦ
3560 1756 3757 1812 ἐπανι-

487 1852 566 1897 set
611 1860 794 1898 arcam
855 1844 970 1908 Dei,
1030 1846 1217 1900 cecidit
1272 1847 1338 1901 de
1385 1847 1520 1903 sella
1570 1859 1861 1904 retrorsum
1902 1848 2065 1917 juxta

2166 1852 2456 1920 ἐστησαν,
2490 1854 2588 1907 καὶ
2630 1854 2739 1906 οὐκ
2782 1854 3017 1907 ἐϐλεπε.
3065 1853 3175 1905 Kal
3214 1855 3248 1905 ό
3284 1851 3440 1920 ἀνὴρ
3490 1855 3755 1920 προσελ-

486 1938 703 2002 ostium,
729 1949 777 1993 et
802 1941 1088 1994 contritum
1116 1949 1195 1995 est
1224 1940 1444 1996 dorsum
1468 1942 1606 2009 ejus,
1629 1951 1680 1996 et
1707 1952 1945 1997 mortuus
1968 1952 2067 2010 est,

485 2033 612 2100 quia
656 2048 815 2086 senex
855 2033 1009 2087 homo
1039 2043 1155 2087 erat
1195 2043 1245 2088 et
1272 2036 1472 2104 gravis.
1506 2034 1691 2089 Nurus
1734 2045 1908 2089 autem
1954 2036 2070 2105 ejus

484 2138 623 2177 uxor
648 2122 868 2178 Pliinees
890 2142 1171 2195 praegnans
1195 2135 1311 2179 erat
1342 2127 1616 2197 vicinaque
1645 2129 1864 2195 partui:
1892 2138 1941 2182 et
1975 2145 2071 2181 au-

485 2212 601 2269 dito
634 2217 818 2269 nuntio
847 2217 986 2285 quod
1018 2227 1174 2285 capta
1209 2226 1345 2271 esset
1390 2234 1519 2271 arca
1569 2217 1687 2283 Dei,
1733 2228 1783 2273 et
1831 2230 2070 2274 mortuus

484 2318 623 2363 esset
652 2325 801 2362 socer
829 2325 978 2373 suus,
1024 2318 1073 2363 et
1113 2310 1191 2363 vir
1222 2326 1373 2372 suus,
1406 2311 1549 2380 ﬂevit
1586 2319 1636 2365 et
1678 2312 1896 2379 peperit,
1946 2312 2071 2381 quia

486 2402 757 2456 irruerant
786 2402 995 2457 dolores
1026 2405 1081 2457 in
1107 2420 1244 2469 eam,
1281 2413 1330 2457 et
1361 2405 1416 2459 in
1449 2413 1676 2474 tempore
1705 2423 1800 2461 suo
1826 2408 1903 2477 (l)
1928 2422 2072 2459 mor-

486 2505 579 2547 tua
603 2504 699 2548 est.
736 2495 803 2547 Et
842 2496 1094 2549 dixerunt
1128 2498 1375 2551 mulieres
1424 2514 1542 2568 quae
1586 2498 1835 2552 astabant
1876 2500 1945 2561 ei,
1992 2497 2071 2553 Ne

485 2588 706 2652 timeas,
754 2588 879 2657 quia
923 2588 1097 2656 ﬁlium
1142 2588 1390 2655 peperisti
1428 2604 1446 2641 :
1483 2605 1599 2658 qua:
1636 2606 1739 2642 non
1777 2590 2065 2659 respondit,

486 2695 647 2747 neque
676 2678 1069 2733 animadvertit.
1107 2678 1302 2733 Postea
1346 2680 1629 2750 subjungit
1658 2700 1669 2734 :
1705 2678 1773 2734 Et
1815 2681 2070 2750 allophyli

486 2783 796 2841 acceperunt
830 2788 1010 2825 arcam
1041 2771 1159 2835 Dei,
1188 2783 1236 2826 et
1268 2783 1670 2842 asportaverunt
1704 2790 1819 2827 eam
1851 2776 1904 2828 in
1935 2777 2070 2827 Azo-

488 2870 620 2914 tum.
660 2860 725 2914 Et
758 2872 1069 2929 acceperunt
1103 2863 1367 2932 allopliyli
1396 2880 1577 2917 arcam
1616 2862 1857 2927 Domini,
1902 2875 1948 2918 et
1979 2868 2067 2919 in-

489 2954 719 3007 tulerunt
748 2972 864 3008 eam
895 2956 948 3008 in
984 2956 1200 3008 domum
1232 2954 1421 3025 Dagon
1442 2955 1508 3009 “.
1546 2954 1670 3008 Haec
1696 2971 1863 3025 porro
1885 2957 2067 3012 omnia

487 3044 577 3099 hic
603 3044 928 3113 compendio
966 3055 1339 3099 memorantur
1374 3065 1387 3099 :
1419 3061 1543 3099 nam
1580 3046 1967 3115 subjungitur:
1998 3079 2068 3088 —

486 3134 653 3191 Vsus.
672 3136 760 3191 65.
785 3136 847 3189 Et
862 3138 1123 3191 excitatus
1142 3147 1218 3191 est
1241 3148 1489 3209 tanquam
1505 3140 1770 3193 dormiens
1787 3140 2061 3201 Dominus,

2168 1944 2289 1999 θὼν
2317 1936 2530 2011 ,εἶπενο
2575 1943 2715 2013 Ἐγώ
2748 1948 2865 2013 ειμι
2912 1948 2945 1999 ό
2996 1944 3162 2011 ἥκων
3194 1945 3264 1998 ἐκ
3301 1942 3411 2013 τῆς
3450 1947 3750 2014 παρεμϐο-

2167 2035 2305 2105 λῆς,
2346 2036 2443 2089 zeal
2472 2036 2585 2105 ἐγὼ
2616 2037 2683 2089 ἐκ
2714 2035 2817 2103 τῆς
2848 2036 3229 2104 παρατάξεως
3265 2037 3749 2107 πέφευγασήμε-

2160 2144 2293 2195 ρον.
2321 2126 2429 2180 Kal
2458 2124 2587 2180 εἷπε
2612 2142 2627 2156 ·
2665 2128 2725 2180 Τί
2741 2128 2870 2180 ἐστι
2904 2127 2970 2180 τὸ
3005 2128 3251 2197 regam-oo
3267 2125 3451 2196 ῥῆμα,
3484 2128 3705 2182 τέκνον
3727 2143 3752 2192 ;

2168 2221 2278 2276 Kal
2311 2222 2598 2290 ἀπεκρίθη
2632 2221 2695 2276 τὸ
2722 2221 3055 2289 παιδάριον,
3106 2222 3199 2275 καὶ
3234 2218 3396 2275 εἴπεο
3437 2221 3751 2290 Πέφευτεν

2168 2313 2323 2382 ἀνὴρ
2386 2314 2628 2382 Ἰσραὴλ
2683 2314 2750 2367 ἐκ
2808 2313 3129 2381 προσώπου
3174 2315 3580 2383 ἀλλοφύλων,
3638 2314 3748 2367 real

2168 2406 2370 2475 πληγὴ
2401 2406 2632 2475 μεγάλη
2667 2406 2909 2476 γέγονεν
2929 2407 2999 2458 ἐν
3019 2406 3098 2471 τῷ
3124 2406 3270 2471 λαῷ,
3300 2405 3398 2459 καὶ
3421 2407 3748 2477 ἀμφότεροι

2167 2500 2222 2550 οι
2248 2499 2364 2551 vlol
2394 2516 2509 2551 σου
2538 2498 2881 2562 τεθνήκασι,
2932 2498 3029 2551 καὶ
3078 2500 3116 2566 ἡ
3151 2498 3392 2564 κιϐωτὸς
3432 2498 3538 2553 τοῦ
3592 2498 3748 2552 Θασῦ

2166 2591 2419 2658 ἐλήφθη.
2461 2590 2571 2643 Καὶ
2620 2591 2877 2659 ἐγένετο,
2904 2591 2984 2655 ὠς
3028 2589 3299 2658 ἐμνήσθη
3340 2589 3451 2658 τῆς
3490 2591 3744 2645 κιϐωτοῦ

2167 2683 2272 2736 τοῦ
2304 2683 2471 2743 Θεοῦ,
2513 2682 2609 2735 καὶ
2654 2682 2876 2736 ἔπεσεν
2903 2683 3021 2735 ἀπὸ
3064 2683 3170 2736 τοῦ
3204 2682 3417 2750 δίφρου
3454 2683 3747 2751 ὀπισθίοις

2165 2772 2449 2841 ἐχόμενος
2474 2773 2583 2840 τῆς
2615 2774 2832 2840 πύλης,
2877 2774 2975 2827 καὶ
3003 2775 3321 2842 συνετρίϐη
3360 2778 3392 2828 ὁ
3424 2773 3611 2841 νῶτος
3631 2774 3748 2829 αὐ-

2167 2861 2293 2925 τοῦ,
2341 2862 2438 2914 καὶ
2479 2860 2805 2915 ἀπέθανεν·
2838 2863 2927 2915 ὅτι
2974 2866 3316 2931 πρεσϐύτης
3362 2866 3394 2917 ό
3430 2865 3742 2933 ἄνθρωπος

2166 2952 2263 3005 καὶ
2289 2953 2504 3019 βαρύς.
2534 2952 2646 3005 Kal
2683 2954 2886 3022 νύμφη
2919 2954 3103 3007 αὐτοῦ
3144 2954 3297 3023 ⁸γυνὴ
3347 2956 3549 3022 Φινεὲς
3584 2972 3739 3012 Wf-

2166 3046 2447 3113 ειληςρυῖα
2490 3045 2594 3098 τοῦ
2637 3047 2831 3099 τεκεῖν
2855 3063 2868 3076 ο
2916 3048 3012 3099 καὶ
3052 3047 3283 3114 ἤκουσε
3332 3048 3448 3117 τὴν
3477 3049 3741 3121 ἀπαπα-

2165 3140 2327 3201 λίίιν,
2374 3138 2463 3193 ὅτι
2508 3138 2743 3208 ἐλήφθη
2772 3142 2810 3208 ἠ
2856 3142 3095 3206 κιϐωτὸς
3133 3141 3239 3195 τοῦ
3288 3142 3467 3208 Θεοῦ,
3506 3144 3605 3198 καὶ
3648 3145 3741 3199 ὅτι

486 3239 739 3299 tanquam
773 3239 953 3299 potens
970 3240 1018 3283 et
1038 3207 1352 3297 crapulatus-
1376 3249 1408 3285 a
1436 3233 1572 3287 vino.
1607 3232 1901 3301 Postquam
1934 3250 2061 3288 arca

2166 3228 2452 3296 τέθνηκεν
2497 3232 2528 3282 ὀ
2577 3207 2861 3297 πενθερὸς
2893 3230 3083 3298 αὐτῆς
3124 3232 3219 3285 καὶ
3255 3236 3287 3287 ό
3330 3232 3486 3301 ἀνὴρ
3527 3232 3738 3304 αὐτῆς,

485 3330 647 3392 capta
689 3321 791 3375 fuit
843 3323 911 3376 ab
952 3321 1259 3391 allophylis,
1296 3335 1348 3376 et
1386 3332 1677 3393 postquam
1720 3341 1884 3394 supra
1917 3327 2062 3380 dicta

483 3420 676 3467 contra
708 3415 965 3483 populum
1007 3423 1159 3485 gesta
1206 3421 1356 3479 sunt,
1399 3430 1554 3469 suam
1590 3414 1733 3470 Deus
1774 3417 2063 3486 providen-

485 3506 615 3560 tiam
662 3514 1144 3573 commonstrans,
1192 3508 1451 3563 invisibili
1506 3510 1707 3565 virtute
1762 3511 2063 3580 allophylos

485 3600 715 3655 incessit
749 3606 803 3653 et
837 3600 1140 3654 ulciscitur.
1191 3600 1373 3666 Quare
1406 3600 1611 3653 dictum
1652 3610 1736 3655 est
1767 3620 1779 3654 :
1822 3599 1890 3653 Et
1925 3602 2064 3653 exci-

486 3702 626 3747 tatus
657 3703 731 3747 est
778 3702 1027 3763 tanquam
1066 3692 1333 3746 dormiens
1364 3691 1643 3753 Dominus,
1684 3701 1933 3760 tanquam
1964 3708 2062 3760 po-

484 3796 595 3839 tens
623 3797 671 3840 et
707 3786 1014 3853 crapulatus
1058 3802 1089 3837 a
1138 3785 1286 3845 vino;
1326 3784 1625 3839 secundum
1676 3781 2060 3854 Symmachum

483 3893 634 3943 vero,
673 3878 947 3947 Tanquam
992 3889 1173 3946 potens
1226 3878 1439 3946 loquens
1474 3891 1540 3930 ea:
1578 3876 1726 3938 vino;
1762 3874 2063 3930 secundum

486 3970 759 4039 Aquilam,
816 3969 1090 4040 Tanquam
1139 3978 1319 4037 potens
1351 3968 1655 4037 crapulatus
1681 3983 1745 4021 ea:
1774 3968 1911 4020 vino.
1958 3967 2061 4021 De-

486 4058 613 4113 inde
647 4059 889 4127 seipsum
922 4058 1192 4122 excitans,
1230 4059 1484 4113 inimicos
1519 4072 1650 4112 suos
1680 4057 1939 4127 percutit,
1981 4056 2062 4110 vi-

482 4149 680 4204 delicet
715 4150 806 4217 qui
839 4165 1021 4204 arcam
1064 4150 1375 4205 testamenti
1410 4157 1670 4219 ceperant
1719 4146 1906 4216 (Vens.
1946 4147 2059 4215 66),

484 4249 539 4295 et
565 4241 799 4309 percutit
821 4255 915 4296 eos
938 4241 991 4295 in
1022 4243 1344 4310 posteriora,
1370 4241 1573 4311 datque
1601 4241 1682 4295 eis
1709 4241 2061 4311 approbrium

484 4332 898 4402 sempiternum.
947 4331 1231 4398 Quomodo
1266 4332 1598 4401 percusserit
1637 4346 1731 4386 eos
1775 4332 1829 4386 in
1872 4339 2058 4401 poste-

488 4424 635 4477 riora
675 4422 901 4477 historia
933 4421 1195 4485 declarat,
1231 4438 1353 4493 quaa
1387 4423 1468 4478 sic
1516 4422 1677 4476 habet
1706 4422 1761 4476 in
1793 4424 1970 4491 primo
2001 4422 2062 4475 li-

484 4514 586 4569 bro
635 4513 947 4585 Regnorum
970 4514 1014 4545 “
1046 4532 1058 4567 :
1097 4513 1166 4567 Et
1197 4523 1484 4585 aggravata
1515 4522 1591 4568 est
1624 4530 1811 4566 manus
1844 4512 2059 4567 Domini

402 4618 411 4623 “
485 4622 641 4676 super
669 4610 907 4672 Azotios,
946 4619 994 4663 et
1029 4610 1216 4680 afﬂixit
1241 4626 1352 4673 eos,
1382 4618 1430 4663 et
1466 4610 1725 4678 percussit
1758 4624 1845 4661 eos
1882 4609 1936 4660 in
1966 4624 2061 4676 po-

481 4701 687 4756 dicibus
711 4718 915 4767 eorum,
946 4702 1173 4755 Azotum
1201 4710 1250 4756 et
1278 4703 1407 4771 ﬁnes
1436 4701 1581 4769 ejus;
1608 4709 1662 4755 et
1692 4716 1910 4755 rursum
1943 4720 1955 4754 :
1989 4700 2059 4753 Et

484 4795 748 4849 translata
796 4804 898 4856 est,
949 4796 1148 4864 inquit,
1199 4810 1325 4847 arca
1376 4792 1591 4847 Domini
1621 4810 1677 4845 in
1709 4791 1972 4856 Gettltam,
2007 4801 2057 4846 et

483 4887 684 4955 factum
708 4895 786 4940 est
821 4895 1097 4956 postquam
1140 4885 1410 4940 translata
1453 4894 1552 4948 est,
1586 4884 1730 4954 facta
1761 4894 1837 4938 est
1866 4901 2054 4939 manus

483 4981 701 5036 Domini
736 4982 791 5035 in
818 4979 964 5044 urbe,
998 4980 1307 5049 fortitudine
1333 4996 1525 5049 magna
1546 4977 1716 5033 valde.
1752 4976 1819 5031 Et
1843 4994 2055 5047 percus-

484 5078 552 5129 sit
583 5077 720 5131 viros
751 5074 898 5129 urbis
930 5092 963 5129 a
990 5090 1149 5144 parvo
1176 5091 1338 5145 usque
1367 5072 1436 5126 ad
1466 5089 1735 5144 magnum,
1766 5083 1815 5126 et
1842 5088 2056 5141 percus-

483 5172 552 5223 sit
580 5187 667 5224 eos
699 5172 753 5224 in
780 5169 1053 5239 podicibus
1081 5185 1285 5223 eorum.
1320 5166 1389 5221 Et
1419 5168 1632 5220 mittunt
1663 5183 1843 5220 arcam
1874 5166 1971 5221 Dei
2000 5167 2057 5220 in

484 5262 797 5317 Ascalonem
839 5276 858 5315 :
898 5271 949 5316 et
991 5262 1354 5316 clamauerunt
1402 5259 1727 5313 Ascalonita:
1777 5257 2006 5311 dicentes
2038 5274 2057 5310 :

486 5354 629 5421 Quid
681 5353 945 5408 avertistis
989 5368 1170 5405 arcam
1217 5351 1316 5404 Dei
1362 5348 1428 5403 ad
1472 5346 1886 5418 interﬁciendum
1916 5350 2055 5403 nos?

487 5444 626 5501 lliuc
667 5444 988 5515 subjungit:
1028 5444 1169 5509 Quia
1199 5442 1344 5511 facta
1391 5451 1468 5495 e.t
1509 5440 1749 5510 confusio
1788 5441 1969 5495 mortis
2001 5440 2055 5495 in

558 5600 596 5629 ιι
629 5598 645 5651 ι
675 5599 807 5670 Reg.
838 5616 888 5661 ν,
932 5598 1051 5663 1,2.
1130 5598 1174 5629 ιι
1208 5597 1362 5661 ἰὶιὶι1.,
1396 5595 1449 5650 6.

565 5778 641 5848 (ιι)
680 5776 739 5831 ιιι
771 5784 854 5832 εει
889 5776 973 5830 sui
1000 5783 1207 5842 partus.

2166 3321 2262 3374 καὶ
2313 3322 2578 3375 ἕκλαυσε
2632 3322 2730 3375 καὶ
2773 3322 2996 3383 ἔτεκεν,
3041 3323 3129 3375 ὅτι
3175 3324 3643 3394 ἐπεστράφησαν
3675 3331 3741 3381 al

2162 3410 2369 3475 ὠδῖνες
2398 3409 2584 3478 αὐτῆς
2615 3412 2707 3463 ἐπ’
2735 3412 2957 3479 αὐτήν·
2992 3414 3091 3467 καὶ
3128 3415 3198 3467 ἐν
3226 3412 3304 3479 τῷ
3344 3416 3525 3484 καιρῷ
3548 3415 3742 3487 αὐτῆς

2163 3502 2551 3569 ἀποθνήσκει.
2577 3504 2685 3559 Kal
2713 3502 2891 3558 εἶπαν
2919 3505 3073 3574 αὐτῇ
3103 3510 3160 3559 at
3189 3507 3467 3574 γυναῖκες
3488 3510 3548 3561 αἱ
3585 3524 3740 3579 παρ-

2162 3593 2473 3661 εστηκυῖαι
2516 3593 2703 3662 αὐτῇ·
2744 3594 2840 3663 Μὴ
2882 3597 3090 3663 φοϐοῦ,
3140 3596 3228 3649 ὅτι
3279 3595 3413 3650 υίὸν
3459 3597 3738 3665 τέτοκαςο

2164 3685 2261 3737 καὶ
2307 3687 2417 3738 οὐκ
2467 3686 2789 3753 ἀπεκρίθη,
2836 3687 2936 3739 καὶ
2981 3690 3091 3741 οὐκ
3135 3689 3395 3755 ἐνόησεν
3438 3687 3478 3755 ἠ
3526 3688 3744 3757 καρδία

2163 3780 2371 3847 αὐτῆς.
2406 3782 2514 3833 Καὶ
2548 3780 2670 3851 ἑξῆς
2704 3781 3011 3848 ὲπιλέγεται
3043 3781 3251 3845 τούτοις
3272 3798 3285 3811 ·
3318 3781 3431 3835 Kal
3474 3782 3745 3853 ἀλλόφυ-

2162 3876 2259 3927 λοι
2300 3874 2519 3927 ἐλαὸον
2558 3873 2670 3941 τὴν
2715 3874 2960 3927 κιϐωτὸν
2992 3874 3097 3927 τοῦ
3145 3874 3313 3938 Θεοῦ,
3337 3874 3439 3927 καὶ
3468 3874 3744 3946 εὶσήνετι

2165 3984 2281 4023 καν
2330 3967 2525 4033 αὐτὴν
2565 3970 2652 4032 είς
2682 3966 2943 4026 Ἄζωτον.
2985 3966 3097 4019 Kal
3125 3967 3345 4020 ἔλαθον
3382 3971 3437 4022 oi
3467 3969 3742 4036 ἀλλόφυ-

2163 4061 2260 4112 λοι
2296 4057 2411 4124 τὴν
2456 4058 2703 4111 κιϐωτὸν
2735 4059 2975 4124 Κυρίου,
3018 4058 3113 4109 καὶ
3152 4057 3514 4128 εἰσήνεγκαν
3542 4057 3745 4127 αὐτὴν

2162 4153 2249 4217 εὶς
2291 4148 2461 4204 οἷκον
2500 4150 2721 4221 Δαγὼν.
2766 4150 2981 4203 Τούτων
3028 4152 3091 4220 δὴ
3142 4152 3358 4205 πάντων
3390 4152 3743 4224 ἐπιτέμνεται

2162 4245 2262 4315 τὴν
2295 4246 2510 4315 μνήμην
2537 4246 2565 4296 ὁ
2600 4242 2789 4314 παρὼν
2813 4242 2986 4311 λόγος,
3021 4243 3112 4295 καὶ
3152 4242 3425 4311 ἐπιλέγει·
3460 4243 3569 4298 Kal
3606 4243 3745 4312 ἐξη-

2162 4336 2339 4405 γέρθη
2385 4337 2464 4402 ὼς
2505 4339 2537 4390 ὀ
2576 4334 2786 4389 ὑπνῶν
2827 4337 3060 4403 Κύριος,
3100 4336 3181 4401 ὡς
3212 4335 3470 4404 δυνατὸς
3502 4336 3600 4391 καὶ
3651 4353 3744 4391 κε-

2163 4427 2583 4496 κραιπαληκὼς
2609 4427 2679 4491 ἐξ
2711 4428 2879 4481 οἴνου
2932 4428 3085 4481 Μετὰ
3128 4429 3187 4480 τὸ
3219 4428 3486 4499 ληφθῆναι
3522 4430 3624 4499 τὴν
3654 4447 3744 4484 κι-

2162 4519 2333 4573 ϐωτὸν
2367 4519 2471 4572 ὑπὸ
2512 4519 2621 4571 τῶν
2652 4519 2983 4587 ἀλλοφύλων,
3015 4520 3107 4571 καὶ
3144 4520 3279 4589 μετὰ
3324 4520 3384 4571 τὺ
3427 4519 3742 4590 πραχεῆναι

2164 4612 2235 4665 τὰ
2266 4612 2674 4685 προλελεγμένα
2703 4613 2842 4666 κατὰ
2869 4612 2961 4665 τοῦ
2989 4612 3141 4673 λαοῦ,
3169 4611 3266 4678 τὴν
3296 4611 3600 4682 ἐπισκοπὴν
3643 4613 3746 4665 αὐ-

2165 4706 2258 4760 τοῦ
2305 4707 2517 4770 δεικνὺς
2566 4708 2593 4758 ὁ
2646 4705 2811 4769 Θεὸς,
2865 4705 3182 4775 μετέρχεται
3232 4706 3356 4766 τοὺς
3410 4702 3747 4772 ἀλλοφύλους

2163 4799 2379 4869 ἀοράτῳ
2410 4799 2633 4869 δυνάμει
2664 4798 2904 4861 κολάζων
2936 4796 3149 4859 αὐτούς.
3187 4796 3277 4849 Διὸ
3311 4795 3559 4850 λέλεκται
3578 4812 3593 4826 ⁶
3628 4797 3747 4851 Kal

2163 4889 2450 4958 ἐξηγέρθη
2475 4890 2555 4954 ὡς
2581 4893 2612 4943 ό
2638 4888 2845 4943 ὑπνῶν
2870 4889 3105 4956 Κύριος,
3125 4889 3204 4953 ὡς
3228 4887 3484 4952 δυνατὸς
3510 4902 3748 4954 mpm-

2164 4978 2447 5045 παληκὼς
2497 4978 2568 5042 ἐξ
2612 4978 2815 5031 οἷνου’
2853 4978 2994 5031 κατὰ
3039 4977 3096 5030 δὲ
3140 4977 3230 5031 τὸν
3279 4977 3594 5048 Σύμμαχον,
3648 4978 3746 5043 Ὠς

2162 5071 2418 5137 δυνατὸς
2439 5071 2741 5126 διαλαλῶν
2772 5071 2841 5134 ἐξ
2864 5071 3063 5125 οινου·
3092 5069 3236 5125 κατὰ
3263 5071 3319 5124 δὲ
3353 5072 3443 5124 τὸν
3485 5070 3741 5136 Ἀκύλαν,

2173 5165 2267 5231 Ὠς
2304 5163 2560 5229 δυνατὸς
2604 5163 3096 5232 κεκραιπαληκὼς
3139 5164 3209 5229 ἐξ
3241 5165 3431 5218 οἴνου.
3461 5160 3593 5218 Εἶτα
3634 5164 3747 5217 διε-

2162 5258 2353 5329 γείρας
2397 5258 2556 5320 αὐτὸς
2590 5257 2801 5317 ἑαυτὸν,
2837 5258 3105 5310 πατάσσει
3135 5259 3261 5320 τοὺς
3293 5256 3519 5329 ἐχθροὺς
3548 5255 3741 5320 αὑτοῦ,

2161 5348 2359 5420 δηλαδὴ
2394 5349 2517 5411 τοὺς
2560 5348 2657 5418 τὴν
2707 5346 2935 5401 κιϐωτὸν
2975 5347 3076 5416 τῆς
3119 5347 3393 5417 Διαθήκης
3435 5345 3743 5399 ἀπολαϐόν-

2161 5456 2288 5503 τας·
2344 5438 2439 5492 nat
2474 5442 2736 5494 πατάσσει
2786 5438 2981 5503 αὐτοὺς
3010 5440 3089 5501 εἰς
3124 5437 3195 5491 τὰ
3221 5437 3415 5503 ὀπίσω,
3457 5435 3642 5493 δίδωσί
3680 5452 3743 5489 τε
