4126 6400
386 375 492 432 957

1512 375 2018 434 COMMENTARIA
2055 375 2123 432 IN
2162 375 2501 433 PSALMOS.

3532 378 3643 437 938

383 492 565 555 αὐτοῖς
595 491 793 555 ὄνειδος
822 491 1058 548 αἰώνιον.
1093 494 1217 558 Πῶς
1246 494 1302 547 δὲ
1343 494 1422 559 είς
1452 496 1520 550 τὰ
1545 496 1719 549 ὀπίσω
1762 496 1955 550 ἐπάτα-

2060 504 2173 549 tota
2195 501 2322 549 urbe
2343 496 2520 566 gravis
2557 494 2732 561 valde,
2772 506 2829 549 ut
2863 496 3080 550 intravit
3104 511 3230 549 arca
3266 493 3365 548 Dei
3398 494 3560 548 illuc:
3590 506 3642 550 et

384 581 473 648 ξεν
502 582 719 647 αὑτοὺς,
754 582 994 637 διδάσκει
1039 585 1074 655 ἡ
1112 584 1323 655 ἱστορία
1365 583 1554 639 τοῦτον
1589 588 1646 637 ὲν
1674 588 1741 656 τῇ
1771 585 1965 658 πρώτῃ

380 674 490 728 τῶν
533 673 829 729 Βασιλειῶν
877 674 1072 745 ἔχουσα
1116 674 1208 729 τδν
1256 675 1455 747 τρόπον
1474 694 1488 707 ο
1530 677 1638 730 Kal
1670 677 1963 745 ἐϐαρύνθη

380 765 508 836 χείρ
540 767 759 834 Κυρίου
785 766 884 820 ἐπὶ
923 768 1067 834 τοὺς
1107 766 1424 834 Ἀζωτίους,
1455 768 1554 822 καὶ
1599 767 1964 823 ἐϐασάνισεν

378 856 619 923 αὐτοὺς,
661 858 761 911 καί
800 857 1099 921 ἐπάταξεν
1128 857 1351 924 αὐτοὺς
1380 860 1469 924 είς
1500 858 1608 925 τὰς
1639 858 1817 926 ἕδρας
1852 861 1962 913 αὺ-

378 946 515 1013 τῶν,
551 946 667 1015 τὴν
695 946 939 1008 Ἄζωτον
968 948 1069 1003 καί
1099 949 1175 1003 τὰ
1206 949 1339 1018 ὅρια
1380 949 1571 1018 αὐτῆς
1591 967 1605 981 ⁸
1644 950 1739 1003 καὶ
1772 946 1925 1013 αὖθις
1945 966 1960 980 ο

374 1036 490 1094 Kal
529 1036 811 1107 μετῆλθε,
855 1039 1040 1110 φησὶν,
1078 1040 1118 1108 ἠ
1160 1041 1408 1107 κιϐωτὸς
1450 1040 1557 1095 τοῦ
1599 1040 1824 1108 Κυρίου
1874 1042 1963 1107 είς

375 1130 587 1187 Γεθθά.
621 1130 735 1186 Kal
764 1130 999 1200 ἐγένετο
1014 1132 1166 1202 μετὰ
1194 1132 1262 1186 τό
1284 1132 1596 1203 μετελθεῖν
1622 1132 1837 1202 αὐτὴν,
1862 1132 1961 1186 καί

374 1224 599 1292 γίνεται
649 1222 781 1291 χείρ
828 1224 1047 1292 Κυρίου
1093 1221 1163 1277 ἐν
1210 1222 1286 1293 τῇ
1329 1226 1501 1279 πόλει
1555 1224 1770 1293 κράτος
1807 1223 1964 1295 μέγα

376 1313 631 1383 σφόδρα.
680 1313 790 1368 Kal
828 1314 1088 1378 ἐπάταξε
1128 1315 1273 1383 τοὺς
1311 1316 1536 1384 ἄνδρας
1574 1316 1686 1385 τῆς
1727 1319 1962 1384 πόλεως

374 1404 495 1459 ἀπὸ
533 1403 749 1473 μικροῦ
776 1403 886 1470 ἕως
922 1403 1211 1474 μεγάλου,
1262 1405 1361 1458 καί
1395 1405 1696 1470 ἐπάταξεν
1737 1407 1962 1474 αὐτοὺς

373 1499 461 1562 είς
500 1496 607 1562 τὰς
653 1496 831 1564 ἕδρας
872 1496 1089 1551 αὐτῶν.
1124 1497 1234 1552 Kal
1272 1497 1799 1563 ἐξαποστέλλουσι
1845 1498 1962 1566 τὴν

372 1587 626 1643 κιϐωτὸν
665 1587 773 1642 τοῦ
813 1590 962 1643 Θεοῦ
994 1592 1082 1656 είς
1128 1589 1470 1652 Ἀσκάλωνα
1492 1606 1504 1618 ·
1554 1589 1654 1644 καὶ
1695 1590 1961 1658 ἐϐόησαν

372 1684 428 1734 οἱ
470 1679 889 1735 Ἀσκαλωνῖται
932 1682 1215 1752 λέγοντες
1234 1698 1247 1711 ·
1289 1683 1350 1736 Τί
1382 1682 1801 1750 ἀπεστρέψατε
1845 1681 1959 1751 τὴν

371 1774 620 1827 κιϐωτόν
655 1773 763 1829 τοῦ
795 1774 942 1829 Θεοῦ
986 1777 1323 1830 θανατῶσαι
1352 1773 1543 1844 ripae;
1574 1777 1685 1830 Καὶ
1716 1776 1954 1844 ἐπιλέγει

2065 584 2287 637 viventes
2338 592 2389 637 et
2428 585 2624 637 mortui
2667 584 2904 652 percussi
2951 592 3103 636 erant
3144 584 3197 635 in
3243 582 3548 651 podicibus;
3591 591 3644 636 et

2065 676 2301 731 ascendit
2352 676 2557 731 clamor
2595 676 2743 730 urbis
2789 678 2844 730 in
2887 677 3094 730 caelum.
3142 674 3265 730 Ideo
3302 677 3359 729 in
3389 675 3645 745 praesenti

2064 768 2275 837 psalmo
2321 767 2527 822 dictum
2574 774 2660 821 est
2691 786 2705 821 :
2736 765 2805 819 Et
2842 768 3099 835 percussit
3142 767 3383 821 inimicos
3431 782 3555 819 suos
3590 767 3645 820 in

2064 860 2378 925 posteriora,
2429 859 2765 927 opprobrium
2811 858 3187 926 sempiternum
3233 857 3377 910 dedit
3404 858 3501 914 eis.
3529 855 3643 927 0p-

2064 950 2345 1020 probrium
2379 952 2580 1021 quippe
2617 958 2736 1005 erat
2780 952 2836 1004 in
2871 950 3159 1019 podicibus
3196 964 3492 1019 percussos
3520 949 3642 1004 illos

2062 1040 2258 1106 fuisse,
2307 1050 2499 1112 utpote
2541 1041 2636 1111 qui
2673 1042 2742 1097 iis
2781 1042 2835 1095 in
2872 1041 3121 1111 partibus
3157 1040 3348 1096 lascivi
3381 1040 3641 1096 fuissent.

2063 1133 2319 1190 Inimicos
2352 1136 2574 1206 quidem
2606 1150 2735 1190 suos
2784 1134 2865 1190 sic
2905 1136 3053 1190 ultus
3080 1144 3200 1202 est;
3235 1134 3486 1204 pr0prios
3512 1148 3644 1190 vero

2063 1229 2170 1285 sibi
2205 1229 2314 1283 alio
2364 1230 2530 1284 modo
2564 1229 2876 1298 castigavit.
2928 1228 3111 1294 Quare
3159 1229 3368 1283 dictum
3420 1238 3645 1284 est:—

2066 1319 2229 1376 Vens.
2255 1321 2347 1375 67.
2383 1320 2450 1374 Et
2477 1322 2667 1389 repulit
2701 1319 3098 1374 tabernaculum
3119 1311 3332 1387 Joseplz.
3356 1318 3643 1384 Quodnam

2063 1412 2195 1467 illud
2228 1413 2335 1468 nisi
2367 1412 2579 1467 Silom?
2616 1412 2746 1467 Erat
2775 1412 2920 1467 enim
2956 1427 3019 1467 ea
3055 1427 3122 1466 ex
3153 1420 3303 1466 sorte
3339 1405 3597 1481 Ephraim
3625 1432 3639 1466 :

2066 1504 2325 1575 Ephraim
2355 1514 2535 1561 autem
2573 1506 2716 1561 ﬁlius
2745 1504 2944 1574 .loseph
2980 1512 3113 1558 erat.
3151 1503 3277 1558 Ideo
3312 1503 3538 1561 subdit:
3573 1503 3645 1557 Et

2060 1597 2253 1665 repulit
2279 1596 2678 1650 tabernaculum
2706 1594 2920 1664 .loseph,
2950 1604 2999 1649 et
3031 1596 3223 1648 tribum
3257 1593 3510 1662 Ephraim
3539 1610 3643 1648 non

2060 1688 2250 1758 elegit;
2297 1688 2514 1743 etiamsi
2555 1687 2791 1757 primum
2835 1701 2956 1741 eam
3001 1686 3272 1757 elegisset,
3305 1696 3361 1741 et
3387 1685 3627 1740 taberna-

2060 1781 2240 1833 culum
2264 1779 2465 1849 .loseph
2493 1780 2645 1849 prius
2676 1778 2953 1835 all‘ecisset
2977 1780 3211 1835 honore.
3240 1780 3421 1845 Quare
3470 1779 3641 1835 Silom
3706 1774 3715 1784 ’

371 1866 526 1937 ἑξῆς·
568 1867 690 1921 Ὅτι
724 1867 975 1937 ἐγενήθη
1010 1868 1315 1937 σύγχυσις
1343 1869 1603 1922 θανάτου
1638 1869 1708 1921 ἐν
1739 1868 1851 1937 ὅλῃ
1877 1867 1953 1937 τῇ

2057 1873 2111 1925 in
2146 1878 2445 1927 extremam
2476 1870 2826 1925 solitudinem
2858 1871 3079 1926 redacta
3107 1879 3213 1927 est.
3240 1869 3310 1925 lis
3329 1886 3459 1926 vero
3482 1872 3645 1927 docet

371 1961 545 2013 πόλει
562 1958 777 2027 βαρεῖα
802 1959 1057 2028 σφόδρα,
1082 1959 1163 2025 ὡς
1190 1959 1480 2028 εἰσῆλθεν
1511 1960 1550 2029 ἡ
1581 1961 1826 2026 κιϐωτός
1846 1958 1954 2013 τοῦ

2059 1964 2309 2032 exemplo
2363 1962 2511 2016 illius
2560 1961 2754 2025 Silom,
2802 1969 2863 2016 ut
2908 1978 2979 2017 ne
3007 1962 3177 2016 altum
3215 1964 3432 2033 sapiant
3458 1963 3552 2033 qui
3584 1965 3641 2018 in

374 2051 521 2106 Θεοῦ
568 2051 723 2105 ἐκεῖ·
777 2052 877 2105 καί
929 2055 983 2105 οἱ
1030 2051 1240 2119 ζῶντες
1288 2051 1389 2105 καί
1438 2056 1493 2107 ol
1546 2054 1955 2120 ἀποθανόντες

2057 2049 2360 2106 Jerusalem
2406 2051 2676 2116 habitant,
2723 2052 2869 2122 quod
2915 2053 3329 2108 tabernaculum
3361 2062 3416 2108 et
3455 2069 3637 2108 arcam

368 2140 769 2210 ἐπλήχθησαν
800 2145 886 2209 είς
911 2144 1018 2208 τὰς
1039 2143 1217 2211 ἕδρας
1238 2159 1252 2173 ·
1294 2143 1393 2197 καί
1433 2144 1617 2212 ἀνέϐη
1650 2145 1690 2212 η
1722 2143 1954 2212 κραυγὴ

2059 2144 2372 2213 acceperint
2403 2160 2415 2195 :
2447 2142 2650 2213 quippe
2679 2143 2878 2197 similia
2910 2144 3104 2213 primis
3128 2144 3368 2214 passuri,
3392 2146 3498 2199 nisi
3530 2143 3641 2199 Deo

373 2229 486 2298 τῆς
502 2233 731 2299 πόλεως
746 2235 833 2299 είς
858 2233 965 2287 τόν
991 2235 1273 2302 οὐρανόν.
1297 2236 1396 2288 Διὰ
1420 2234 1484 2306 δὴ
1509 2235 1682 2290 ταῦτα
1708 2235 1955 2290 λέλεκται

2059 2234 2210 2304 digni
2237 2232 2565 2299 elliciantur,
2602 2234 2749 2305 quod
2788 2250 2922 2289 sane
2951 2236 3201 2305 sequenti
3231 2244 3476 2305 tempore
3508 2251 3643 2290 cun-

369 2323 428 2373 ὲν
457 2321 537 2392 τῷ
569 2322 796 2396 παρόντι
826 2323 1055 2396 ψαλμᾷν
1091 2327 1201 2380 Kal
1242 2325 1504 2390 ἐπάταξε
1531 2326 1673 2393 τοὺς
1705 2326 1958 2394 ἐχθροὺς
2061 2327 2204 2396 tigit.

366 2414 552 2469 αὑτοῦ
588 2418 674 2481 είς
711 2416 785 2470 τὰ
809 2418 1033 2470 ὀπίσωο
1065 2417 1294 2484 ὄνειδος
1355 2418 1595 2472 αἰώνιον
1655 2418 1880 2472 ἔδωκεν
1940 2417 2163 2484 αὐτοῖς.
2204 2419 2446 2481 Ὄνειὸος
2494 2419 2602 2489 γὰρ
2638 2416 2706 2489 ἧν
2773 2418 2834 2470 τὸ
2881 2420 2938 2470 ἐν
2971 2426 3092 2482 ταις
3140 2424 3324 2491 εόραις
3366 2420 3641 2492 πληγῆναι

368 2511 584 2574 αὑτοὺς,
619 2512 696 2575 ὡς
759 2512 826 2567 ἂν
860 2514 1341 2578 ἀκολασταίνοντας
1386 2518 1445 2568 ὲν
1508 2515 1735 2578 ἐκείνοις
1771 2518 1884 2578 τοῖς
1923 2515 2134 2587 μέρεσι.
2205 2516 2344 2578 Τοὺς
2395 2515 2496 2583 μὲν
2544 2515 2771 2585 ἐχθροὺς
2812 2514 2985 2578 οὑτως
3036 2517 3444 2587 ὲτιμωρήσατω
3515 2519 3642 2580 τοὺς

368 2602 428 2656 δὲ
463 2605 692 2670 οἰκείους
761 2606 932 2678 ἑτέρῳ
968 2609 1286 2679 μετήρχετο.
1322 2609 1413 2662 Διὸ
1459 2609 1672 2682 εἴρητοο
1699 2608 1811 2663 Kal
1874 2608 2155 2663 ἀπώσατο
2203 2609 2270 2662 τὸ
2309 2609 2602 2678 σκήνωμα
2675 2607 2905 2675 Ἰωσήφ.
2955 2607 3207 2660 Ποῖον-δὲ
3248 2606 3406 2661 τοῦτο
3456 2608 3573 2662 ἀλλ’
3604 2609 3640 2680 ἢ

367 2697 468 2769 τὴν
493 2698 691 2770 Σηλώμ
713 2716 727 2766 ;
750 2696 857 2753 Ἦν
879 2701 988 2773 γὰρ
1013 2701 1149 2772 αὑτὴ
1174 2703 1274 2773 τῆς
1301 2702 1663 2774 κληρονομίας
1713 2702 1984 2774 Ἐφραΐμ·
2036 2702 2272 2777 Ἐφραῒμ
2305 2702 2361 2756 δὲ
2410 2702 2503 2756 τοῦ
2546 2701 2743 2771 Ἰωσὴφ
2810 2700 2924 2763 υἱὸς
2952 2696 3042 2771 ἦν.
3077 2699 3169 2753 Διὸ
3214 2700 3456 2770 ἐπιλέγει
3478 2717 3491 2731 ·
3528 2699 3643 2753 Kal

366 2792 650 2848 ἀπώσατο
725 2796 792 2849 τό
830 2796 1119 2866 σκήνωμα
1164 2797 1421 2867 Ἰωσὴφ,
1472 2798 1570 2852 καὶ
1619 2798 1736 2867 τὴν
1777 2799 1985 2869 φυλὴν
2034 2799 2278 2868 Ἐφραῒμ
2329 2800 2440 2851 οὐκ
2531 2795 2850 2861 ἐξελέξατο
2874 2812 2889 2827 ο
2940 2794 3145 2866 καίπερ
3199 2793 3369 2864 αὑτὴν
3417 2794 3645 2865 πρώτην

368 2884 747 2956 ἐκλεξάμενος,
781 2890 873 2941 καὶ
915 2888 975 2941 τὸ
1013 2891 1270 2960 σκήνωμα
1310 2890 1510 2960 Ἰωσὴφ
1541 2890 1756 2961 πρῶτον
1814 2894 2074 2962 τιμήσας.
2095 2890 2186 2943 Διὸ
2220 2892 2316 2944 καὶ
2345 2891 2377 2960 ἠ
2407 2888 2607 2960 Σηλὼμ
2666 2890 2747 2951 είς
2784 2887 3020 2958 ἐσχάτην
3081 2887 3317 2958 ἐρημίαν
3377 2886 3638 2957 κατέστη.

368 2976 621 3030 Πωδεὺει
641 2978 698 3030 δὲ
721 2978 809 3032 διὰ
844 2980 1048 3034 τούτων
1077 2984 1104 3035 ὁ
1132 2982 1289 3051 λόγος
1351 2982 1438 3035 διὰ
1470 2981 1562 3036 τοῦ
1631 2983 2077 3054 παραδείγματος
2137 2984 2237 3055 τῆς
2280 2982 2479 3055 Σηλὼμ
2528 2982 2603 3053 μὴ
2676 2981 2817 3050 μέγα
2850 2982 3065 3050 φρονεῖν
3097 2979 3224 3041 τοὺς
3251 2980 3309 3031 ὲν
3337 2980 3405 3048 τῇ
3444 2978 3645 3048 Ἱερουο

369 3070 570 3141 σαλὴμ,
598 3072 696 3144 τὴν
724 3074 929 3146 σκηνὴν
958 3076 1051 3129 καὶ
1084 3077 1184 3147 τὴν
1219 3076 1449 3130 κιϐωτὸν
1512 3076 1971 3150 ὑποδεξαμένους
2013 3079 2297 3132 πείσεσθαι
2341 3078 2451 3151 γὰρ
2499 3077 2567 3131 τὰ
2608 3077 2771 3147 ὃμοια
2809 3076 2921 3136 τοῖς
2963 3069 3221 3144 πρώτοις,
3267 3072 3317 3124 εἰ
3363 3069 3438 3141 μὴ
3501 3068 3642 3133 ὁὶξιοι

368 3162 599 3232 γίνοιντο
646 3166 742 3220 τοῦ
793 3167 963 3223 Θεοῦ·
998 3168 1028 3221 ὃ
1068 3169 1132 3241 δὴ
1179 3171 1273 3247 καὶ
1323 3170 1504 3240 ἀπέϐη
1547 3172 1605 3224 ἐν
1637 3173 1749 3234 τοῖς
1807 3170 1945 3242 μετὰ
1982 3172 2153 3226 ταῦτα
2187 3172 2416 3244 χρόνοις.
2588 3192 2598 3201 ·

438 3285 545 3339 Kal
578 3285 897 3351 ἐξελέξατο
926 3287 1042 3356 τὴν
1071 3288 1279 3358 φυλὴν
1306 3289 1512 3354 Ἰούδα,
1538 3290 1605 3343 τὸ
1634 3290 1769 3358 ὄρος
1802 3290 1953 3344 Σιὼν

2126 3290 2293 3346 Vens.
2341 3288 2431 3353 68,
2480 3288 2569 3343 69.
2632 3285 2699 3340 Et
2738 3286 2892 3356 elegit
2943 3282 3137 3336 tribum
3179 3279 3359 3345 Iuda,
3411 3287 3641 3332 montem

368 3375 402 3429 ὃ
427 3375 727 3446 ἠγάπησε.
762 3380 872 3433 Kal
909 3380 1296 3449 ᾠκοδόμησεν
1324 3385 1404 3448 ὠς
1424 3380 1848 3451 μονοκερώτων
1884 3383 1951 3435 τό

369 3466 635 3536 ἀγίασμα
669 3468 856 3523 αὐτοῦ
881 3470 950 3523 ὲν
976 3470 1051 3539 τῇ
1084 3470 1182 3541 τῇ,
1221 3473 1617 3542 ὲθεμελίωσεν
1642 3471 1837 3541 αὐτὴν
1865 3475 1952 3539 εὶς

366 3559 475 3613 τὸν
505 3559 709 3615 αἰῶνα.
744 3561 920 3632 Φυλὴν
962 3563 1059 3633 μὲν
1102 3563 1274 3634 φυλῆς
1308 3562 1821 3634 ὰντικατηλλάξατο,
1852 3563 1952 3634 τὴν

367 3651 539 3723 φυλὴν
557 3654 812 3725 Βενιαμὶν
835 3655 955 3708 ἀντὶ
980 3654 1079 3724 τῆς
1105 3655 1276 3726 φυλῆς
1310 3656 1506 3726 Ἰωσήφ
1523 3673 1536 3685 ·
1573 3656 1669 3708 καί⁵
1698 3655 1860 3708 τόπον
1892 3656 1950 3708 δὲ

365 3744 487 3797 ἀντὶ
509 3742 674 3797 τόπου
709 3745 911 3810 εἵλατο,
946 3745 1044 3815 τῆς
1066 3745 1265 3816 Σηλὼμ
1301 3746 1400 3818 τὴν
1435 3746 1789 3818 Ἰερουσαλὴμ
1817 3764 1951 3818 προ-

366 3837 558 3907 κρίνας
581 3854 595 3869 ’
627 3838 763 3891 ἀλλὰ
790 3840 883 3892 καὶ
920 3838 1044 3910 ὅρος
1079 3840 1198 3891 ἀντὶ
1229 3839 1388 3910 ὅρους
1411 3841 1687 3908 ἠγάπησε,
1725 3838 1786 3891 τὸ
1812 3836 1950 3891 Σιὼν

364 3926 563 3998 δηλαδὴ
606 3929 724 3982 ἀντὶ⁶
776 3928 868 3982 τοῦ
902 3929 1061 4001 ὅρους
1109 3929 1204 3982 τοῦ
1254 3932 1310 3983 ὲν
1344 3928 1563 4001 Σηλώμ.
1614 3925 1752 3983 Εἶτά
1785 3946 1950 3998 φησιο

365 4019 473 4073 Kal
512 4019 898 4089 ᾠκοδόμησεν
946 4021 1029 4086 ὡς
1080 4020 1504 4089 μονοκερώτων
1559 4020 1625 4074 τὸ
1689 4020 1954 4089 ἀγίασμα

363 4110 584 4164 αὑτοῦ·
625 4110 763 4164 κατὰ
810 4110 867 4164 δὲ
916 4110 1007 4164 τὸν
1065 4111 1295 4164 Ἀκύλαν
1319 4150 1334 4175 ,
1398 4112 1506 4165 Kal
1560 4109 1955 4180 ᾠκοδόμησεν

365 4203 580 4272 ὁμοίως
601 4202 863 4271 ὑψηλοῖς
894 4204 1159 4273 ἀγίασμα
1186 4202 1371 4257 αὐτοῦ
1391 4220 1403 4232 ·
1438 4201 1578 4256 κατὰ
1610 4201 1665 4254 δὲ
1689 4202 1779 4254 τὸν
1802 4200 1872 4253 Σὺ
1882 4218 1949 4271 μ-

368 4311 561 4364 μαχον,
594 4293 703 4347 Kal
730 4293 1120 4364 ᾠκοδόμησεν
1148 4295 1228 4359 ὡς
1250 4292 1322 4346 τὰ
1352 4292 1564 4361 ὑψηλὰ
1594 4291 1663 4345 τὸ
1685 4292 1953 4361 ἀγίασμα

364 4384 573 4441 αὐτοῦ.
621 4386 851 4455 Ὁμοίως
883 4381 975 4439 οὖν
1010 4386 1233 4458 ὑψηλοῖς
1266 4385 1363 4438 καὶ
1401 4385 1479 4449 ὡς
1502 4383 1572 4437 τὰ
1604 4384 1714 4457 ὕψη
1746 4383 1951 4454 ᾠκοδό-

368 4490 509 4544 μησε
533 4472 594 4526 τὸ
619 4475 865 4545 ἁγίασμα
895 4474 1082 4529 αὑτοῦ.
1123 4475 1461 4545 Ἀναπέμπει
1493 4474 1537 4528 δ’
1561 4476 1708 4545 ἡμᾶς
1739 4477 1767 4528 ό
1794 4473 1951 4542 λόγος

366 4567 446 4628 είς
478 4566 611 4635 βαθὺ
643 4568 736 4621 καὶ
769 4568 1080 4640 ἀπόρρητον
1120 4567 1263 4634 νοῦν,
1307 4567 1601 4632 διδάσκων,
1630 4567 1705 4631 ὡς
1754 4566 1816 4619 τὸ
1855 4565 1950 4619 ἐπὶ

2057 3382 2211 3444 Sion,
2262 3399 2413 3446 quem
2458 3380 2664 3434 dilexit.
2712 3377 2781 3431 Et
2813 3376 3100 3445 a'tliﬁcavit
3138 3374 3273 3427 sicut
3304 3371 3642 3425 unicornium

2054 3478 2408 3547 sancti/icium
2450 3492 2606 3530 suum
2643 3476 2696 3528 in
2733 3484 2895 3534 terra,
2939 3471 3183 3541 fundavit
3212 3487 3328 3523 eam
3367 3469 3422 3521 in
3466 3482 3640 3520 sacu-

2053 3569 2188 3626 lum.
2212 3568 2441 3622 Tribum
2487 3583 2589 3638 pro
2624 3567 2769 3622 tribu
2802 3563 3179 3626 commutavit,
3206 3561 3408 3615 tribum
3439 3558 3639 3626 Benja-

2053 3663 2167 3717 min
2191 3677 2289 3733 pro
2313 3662 2457 3715 tribu
2478 3658 2679 3729 Ioseph
2706 3677 2718 3713 :
2742 3664 2795 3713 et
2830 3657 3008 3710 locum
3035 3667 3133 3724 pro
3151 3653 3271 3706 loco
3287 3650 3484 3721 elegit;
3508 3648 3639 3703 Hie-

2053 3755 2388 3825 rosolymam
2436 3750 2551 3805 Silo
2600 3760 2973 3818 anteponens;
3021 3746 3130 3799 imo
3179 3743 3341 3798 etiam
3396 3749 3634 3794 montem

2054 3863 2154 3917 pro
2188 3852 2374 3899 monte
2397 3842 2610 3907 dilexit,
2644 3840 2777 3895 Sion
2807 3837 3082 3900 videlicet,
3112 3849 3210 3905 pro
3237 3839 3422 3887 monte
3456 3832 3550 3902 qui
3580 3831 3635 3885 in

2056 3916 2172 3984 Silo
2208 3936 2347 3984 erat.
2397 3926 2600 3981 Deinde
2657 3924 2773 3978 ait:
2801 3921 2870 3975 Et
2910 3919 3194 3989 cediﬁcavit
3241 3917 3377 3971 sicut
3423 3916 3641 3968 unicor-

2056 4022 2203 4075 nium
2248 4019 2605 4087 sancti/icium
2639 4028 2833 4077 suum;
2864 4008 3165 4068 secundum
3208 4007 3459 4077 Aquilam
3483 4021 3638 4069 vero,

2055 4113 2127 4168 Et
2156 4111 2437 4181 adiﬁcavit
2479 4108 2652 4163 simile
2694 4105 2916 4160 excelsis
2950 4100 3303 4171 sancti/icium
3329 4114 3519 4162 suum;
3551 4112 3640 4153 se-

2055 4205 2295 4260 cundum
2346 4198 2737 4272 Symmachum
2791 4205 2994 4258 autem,
3039 4192 3107 4246 Et
3138 4190 3418 4255 a'di/icavit
3450 4198 3505 4241 ut
3538 4204 3637 4243 ea:-

2022 4360 2027 4363 ,
2055 4296 2197 4351 celsa
2225 4292 2580 4361 sancti/icium
2616 4304 2792 4343 suum.
2839 4284 3216 4339 Sanctiﬁcium
3248 4283 3433 4349 itaque
3469 4291 3633 4333 Suum

2055 4387 2234 4443 simile
2274 4382 2530 4441 excelsis,
2566 4390 2661 4433 aut
2694 4385 2754 4432 ut
2784 4376 3001 4430 excelsa
3050 4371 3359 4427 mdilicavit.
3392 4368 3505 4423 Nos
3538 4382 3639 4420 au-

2054 4487 2163 4533 tem
2193 4476 2261 4530 ad
2296 4473 2627 4545 profundum
2659 4478 2713 4525 ct
2754 4481 3015 4522 arcanum
3063 4478 3285 4520 sensum
3336 4474 3517 4515 sermo
3550 4474 3638 4511 re-

2054 4570 2245 4631 mittit,
2287 4567 2493 4621 docens
2523 4561 2887 4619 sanctilicium
2924 4557 3058 4611 illud
3092 4556 3147 4609 in
3177 4563 3343 4615 terra,
3379 4552 3434 4604 in
3470 4550 3635 4603 Jeru-

324 4656 470 4743 ,γῆς
511 4658 755 4729 ἀγίασμα
795 4658 857 4711 τὸ
887 4660 981 4711 ἐπὶ
1024 4661 1121 4729 τῆς
1158 4658 1513 4729 Ἰερουσαλὴμ
1561 4659 1656 4711 καὶ
1705 4657 1784 4728 τῷ
1835 4657 1950 4728 ὄρει

2057 4660 2226 4715 salem
2251 4666 2305 4712 et
2334 4658 2390 4712 in
2421 4665 2602 4710 monte
2629 4652 2761 4706 Sion
2792 4649 3179 4708 constitutum,
3217 4642 3633 4699 similitudinem

366 4748 505 4801 Σιὼν
531 4750 806 4803 καταστὰν
853 4750 1115 4821 ὁμοίωσιν
1160 4745 1277 4821 εἶχε
1305 4749 1413 4803 τῶν
1458 4751 1515 4802 ὲν
1558 4751 1673 4811 τοῖς
1708 4748 1953 4819 ὑψηλοῖς,

368 4841 461 4893 καὶ
482 4842 795 4914 ᾠκοδόμητο
825 4842 900 4905 ὡς
931 4842 1000 4897 τὰ
1030 4843 1139 4914 ὕψη
1164 4846 1287 4898 κατ’
1317 4843 1501 4895 είκόνα
1530 4843 1624 4894 καὶ
1658 4841 1782 4894 καθ’
1805 4840 1955 4911 ὁμοί-

366 4948 500 4983 ωσιν
529 4933 817 5003 γενόμενον
844 4932 951 4985 τῶν
979 4934 1036 4987 ὲν
1076 4934 1328 5006 οὐρανοῖς
1368 4931 1617 5002 ὑψηλῶν·
1647 4930 1682 4985 ἃ
1709 4931 1774 5002 δὴ
1808 4930 1903 4984 καὶ
1925 4931 1954 4983 ὁ

380 5024 699 5088 ’Λπόστολος
719 5026 957 5095 παρίστη
984 5025 1157 5094 λέγων
1177 5042 1190 5057 ⁸
1224 5027 1285 5080 Ἡ
1304 5024 1372 5077 δὲ
1402 5025 1525 5078 ἅνω
1562 5022 1953 5091 Ἰερουσαλὴμ

368 5115 650 5183 ἐλευθέρα
700 5116 904 5169 ἐστίν·
947 5118 1060 5179 καὶ,
1110 5117 1611 5185 Προσεληλύθατε
1653 5115 1805 5169 Σιὼν
1831 5115 1953 5183 ὄρει

370 5206 468 5258 καὶ
502 5208 672 5261 πόλει
710 5207 860 5261 Θεοῦ
907 5206 1122 5273 ζῶντος
1170 5207 1559 5277 Ἰερουσαλὴμ
1593 5207 1947 5275 ἐπουρανίῳ.

371 5296 461 5348 Διὸ
506 5297 642 5349 κατὰ
690 5298 780 5350 τὸν
830 5299 1060 5352 Ἀκύλαν
1108 5300 1356 5370 είρηται,
1403 5301 1512 5353 Kal
1560 5298 1951 5366 ᾠκοδόμησεν

371 5387 585 5454 ὁμοίως
610 5388 870 5455 ὑψηλοῖς
900 5391 1164 5459 ἁγίασμα
1196 5391 1382 5445 αὐτοῦ
1399 5406 1412 5421 ο
1437 5391 1579 5445 κατὰ
1604 5390 1661 5444 δὲ
1692 5390 1782 5443 τὸν
1809 5390 1879 5441 Σύ
1888 5406 1954 5458 μ-

376 5494 567 5546 μαχον,
595 5480 701 5531 Kal
730 5478 1113 5548 ᾠκοδόμησεν
1147 5482 1226 5547 ὡς
1255 5482 1328 5536 τὰ
1356 5483 1566 5551 ὑψηλὰ
1588 5482 1653 5536 τό
1688 5482 1953 5552 ἀγίασμα

372 5565 591 5619 αὐτοῦ’
623 5566 766 5619 κατὰ
788 5567 845 5620 δὲ
881 5570 1007 5633 τοὺς
1041 5570 1460 5641 Ἑϐδομήκοντα,
1497 5573 1592 5638 Ὧς
1620 5569 1949 5640 μονοκερώ-

374 5670 491 5707 των
509 5654 857 5725 ᾠκοδόμησε
883 5658 950 5711 τὸ
972 5659 1234 5727 ἁγίασμα
1261 5660 1475 5714 αὐτοῦ’
1506 5661 1768 5715 νοούντων
1794 5662 1826 5731 ή
1836 5659 1951 5731 μῶν

448 5808 492 5840 ⁸³
522 5808 640 5865 Gal.
673 5828 743 5873 Iv,
779 5810 871 5864 26.
945 5811 991 5841 ’⁸⁵
1023 5809 1157 5864 llcl).
1192 5827 1290 5875 xu,
1321 5811 1411 5869 2‘2.

658 5909 927 5967 l’ATnot.
962 5906 1079 5967 Gn.
1117 5906 1353 5967 XXIII.

2058 4748 2319 4804 habuisse
2350 4760 2475 4800 cum
2501 4758 2566 4799 co
2592 4740 2739 4811 quod
2774 4740 2828 4793 in
2862 4736 3095 4791 excelsis
3124 4742 3229 4797 est,
3278 4740 3333 4787 et
3359 4731 3427 4785 ad
3456 4730 3636 4784 excel-

2058 4856 2247 4896 sorum
2279 4838 2499 4891 modum
2530 4839 2908 4889 constructum
2933 4828 3128 4890 fuisse,
3165 4825 3234 4879 ad
3259 4824 3547 4893 imaginem
3581 4828 3638 4876 et

2058 4928 2473 4986 similitudinem
2528 4925 2871 4979 excelsorum
2930 4918 3271 4983 cmlestium;
3321 4930 3444 4985 qua:
3504 4913 3635 4966 item

2054 5016 2681 5093 Apostolusdeclaravit
2713 5014 2904 5068 dicens
2931 5031 2943 5066 :
2974 5010 3082 5064 Illa
3112 5026 3229 5063 vero
3269 5023 3386 5077 qua:
3420 5021 3632 5060 sursum

2054 5122 2132 5168 est
2169 5111 2468 5166 Jerusalem
2521 5108 2686 5161 libera
2717 5114 2795 5159 est
2821 5104 2899 5170 “;
2926 5111 3000 5164 et,
3037 5100 3341 5153 Accessistis
3396 5097 3464 5150 ad
3504 5095 3635 5150 Sion

2055 5215 2283 5258 montem
2327 5212 2375 5255 et
2426 5201 2687 5253 civitatem
2730 5196 2827 5249 Dei
2866 5194 3102 5253 viventis,
3136 5189 3433 5243 Jerusalem
3481 5186 3634 5239 crete--

2055 5304 2186 5348 stem
2207 5293 2272 5347 “.
2308 5294 2486 5358 Quare
2515 5289 2816 5345 secundum
2847 5285 3101 5354 Aquilam
3131 5282 3354 5338 dicitur.
3397 5277 3466 5330 Et
3495 5276 3630 5330 (edi-

2060 5386 2237 5455 ﬁcavit
2272 5383 2441 5437 simile
2471 5380 2691 5435 excelsis
2721 5376 3079 5446 sancti/icium
3105 5387 3289 5428 suum:
3329 5368 3629 5425 secundum

2061 5474 2450 5546 Symmachum
2470 5486 2623 5533 vero,
2660 5469 2730 5523 Et
2757 5468 3039 5536 wdiﬁcavit
3066 5474 3121 5518 ut
3143 5462 3353 5517 excelsa
3391 5458 3633 5525 sanctiﬁ-

2059 5570 2198 5621 cium
2220 5582 2405 5629 suum;
2432 5541 2733 5619 secundum
2766 5558 2906 5612 LXX
2937 5572 3066 5613 vero
3094 5557 3444 5623 lntcrpretes,
3471 5547 3633 5602 Ᾱίιέξ-

2060 5660 2235 5730 ﬁcavit
2291 5659 2423 5713 sicut
2484 5653 2817 5710 unicornium
2867 5649 3220 5717 sanctiﬁcium
3290 5659 3464 5698 suum.
3521 5639 3634 5695 Non

3300 5894 3379 5952 30
