4078 6432
499 334 613 394 959

1186 328 1459 386 EUSEBII
1496 328 1984 386 CAESARIENSIS
2016 329 2174 387 OPP.
2217 330 2398 387 PARS
2437 331 2527 387 lll.
2556 364 2626 375 -—
2654 333 3073 391 EXEGETICA.

3676 336 3805 393 ΜΘ

506 473 679 531 porro
729 452 1084 526 intelligimus
1140 454 1438 507 nnicomes
1501 468 1623 507 esse
1673 467 1792 517 eos,
1854 469 2068 524 quorun

2196 458 2576 527 μονοκέρωτας
2597 451 2735 509 εἶναι
2763 456 2889 519 τοὺς
2920 456 2980 509 τὸ
3005 456 3063 509 ἒν
3094 454 3263 527 κέρας
3296 456 3801 526 ἐπιγραφομένους

508 565 681 606 unum
708 563 878 603 cornu
920 545 1254 615 descriptum
1286 545 1341 598 in
1371 544 1512 598 cmlo
1542 552 1648 608 est,
1678 560 1817 615 quos
1847 544 2085 615 Aposto-

509 644 595 699 lus
620 642 705 697 his
734 640 917 694 verbis
952 637 1268 691 declarabat
1297 656 1312 691 :
1351 634 1420 689 Et
1448 635 1516 689 ad
1544 636 1833 689 niultorum
1859 637 2089 691 millium

507 735 814 806 angelorum
858 730 1235 795 celebritatem,
1280 739 1331 783 et
1371 727 1669 783 Ecclesiam
1711 730 2090 801 primogenita-

505 846 646 894 rum,
688 828 777 898 qui
808 825 1057 894 descripti
1104 832 1227 878 sunt
1254 824 1311 877 in
1361 823 1504 878 caelis
1531 823 1599 879 ".
1635 822 1741 879 Sed
1783 824 1969 889 etiam,
2004 824 2089 878 in-

504 921 643 992 quit,
683 921 738 972 in
770 928 913 971 terra
951 915 1190 985 fundavit
1223 930 1341 969 eam
1364 915 1420 967 in
1457 914 1734 969 saxulum.
1774 913 2087 969 Secundum

504 1010 893 1084 Symmachum
927 1016 1131 1070 autem,
1164 1008 1298 1060 sicut
1330 1016 1547 1072 terram,
1579 1024 1736 1077 quam
1756 1006 1997 1076 fundavit
2032 1009 2087 1061 in

505 1104 779 1158 swculum.
816 1101 951 1155 Nam
984 1099 1349 1156 sanctiﬁcium
1386 1099 1519 1154 illud
1565 1099 1797 1170 quodin
1836 1100 2085 1156 sensibili

501 1206 556 1253 et
588 1207 807 1253 terrena
838 1194 1147 1250 Jerusalem
1201 1201 1305 1257 est,
1348 1194 1429 1249 sic
1474 1193 1763 1249 mdilicavit
1806 1195 1863 1249 in
1913 1203 2081 1250 terra.

502 1288 659 1343 Sicut
686 1288 833 1343 enim
866 1294 1011 1341 terra
1066 1284 1245 1339 media
1280 1284 1423 1339 inter
1452 1299 1622 1355 aquas
1666 1285 2085 1355 comprehendi-

501 1390 592 1435 tur
627 1378 927 1435 secundum
974 1375 1339 1447 Scripturam,
1374 1377 1447 1430 ita
1477 1385 1531 1431 et
1558 1375 1859 1433 Jerusalem
1903 1377 2082 1434 media

501 1472 646 1526 inter
675 1470 1012 1539 alienigenas
1042 1475 1235 1539 gentes
1275 1466 1455 1537 posita
1494 1475 1633 1521 erat.
1665 1466 1845 1533 Quare
1872 1468 2080 1523 dictum

500 1571 583 1618 est
617 1564 672 1616 in
697 1562 999 1632 pr0phetiis
1030 1580 1042 1615 :
1076 1560 1204 1614 Hcec
1230 1569 1308 1614 est
1332 1557 1654 1627 Jerusalem,
1681 1562 1735 1616 in
1764 1561 1935 1615 medio
1957 1578 2081 1632 gen-

500 1657 633 1710 tium
658 1655 810 1724 posui
832 1654 985 1707 illam
1005 1654 1071 1708 ⁴⁶.
1095 1651 1209 1708 Sub
1231 1654 1345 1708 haec
1362 1662 1543 1708 autem
1572 1653 1675 1707 ait:
1696 1683 1765 1693 —-
1794 1652 1957 1709 Vens.
1990 1654 2077 1709 70.

500 1746 673 1818 Elegit
704 1745 873 1799 David
905 1762 1110 1800 servum
1132 1763 1313 1812 suum,
1343 1744 1411 1801 de
1440 1761 1551 1816 quo
1580 1746 1787 1801 dictum
1826 1754 1911 1811 est
1939 1765 1950 1799 :
1980 1744 2078 1799 In-

2190 550 2310 603 κατ’
2338 550 2567 621 οὐρανὸν
2586 590 2601 613 ,
2631 549 2725 613 οὓς
2754 549 2941 621 ἐδήλου
2980 549 3153 617 λέγων
3189 550 3219 601 ὁ
3256 548 3578 611 Ἂπόστολος
3598 565 3611 578 ·
3663 548 3799 603 Καὶ

2182 644 2472 715 μυριάσιν
2532 644 2804 714 ἀγγέλων
2853 644 3184 711 πανηγύρει
3206 681 3223 707 ,
3278 643 3379 696 καὶ
3446 643 3799 711 Ἐκκλησίᾳ

2188 739 2577 806 πρωτοτόκων
2612 734 3151 807 ἀπογεγραμμένων
3182 735 3253 789 ἐν
3277 735 3574 803 οὐρανοῖς.
3611 735 3793 790 Ἀλλὰ

2189 831 2281 883 καὶ
2303 830 2372 883 ἐν
2393 828 2469 897 τῇ
2508 828 2607 899 γῇ,
2657 829 2843 900 φησὶν,
2890 827 3289 897 ἐθεμελίωσεν
3315 826 3511 894 αὐτὴν
3545 829 3634 893 εἰς
3663 828 3793 881 τὸν

2186 915 2390 970 αἰῶνα.
2427 916 2585 970 Κατὰ
2622 915 2681 970 δέ
2714 915 2807 970 τὸν
2854 915 3170 987 Σύμμαχον,
3218 915 3316 981 Ὧς
3357 916 3473 984 τὴν
3506 914 3643 987 γῆν,
3690 914 3792 986 ἣν

2186 1010 2581 1078 ἐθεμελίωσεν
2606 1010 2695 1075 είς
2730 1009 2839 1063 τὸν
2863 1009 3069 1064 αίῶνα.
3109 1010 3183 1063 Τὸ
3210 1010 3319 1081 γὰρ
3344 1010 3595 1081 ἁγίασμα
3624 1010 3683 1063 τὸ
3714 1011 3786 1063 ἐν

2184 1104 2251 1174 τῇ
2292 1102 2522 1174 αἱσθητῇ
2568 1102 2663 1155 καὶ
2704 1103 2931 1174 ἐπιγείῳ
2978 1103 3334 1176 Ἰερουσαλὴμ
3371 1105 3543 1168 οὕτως
3566 1103 3782 1175 ᾠκοδό-

2188 1212 2360 1267 μησεν
2407 1197 2489 1259 είς
2516 1195 2614 1266 τὴν
2650 1196 2777 1265 γῆν.
2809 1196 3020 1267 Ὠσπερ
3046 1197 3156 1268 γὰρ
3199 1198 3234 1267 ἡ
3259 1197 3333 1267 γῆ
3371 1197 3509 1267 μέση
3538 1197 3781 1269 ἀπείλη-

2184 1306 2316 1343 πται
2346 1287 2555 1342 ὑδάτων
2584 1288 2723 1342 κατὰ
2754 1288 2854 1359 τὴν
2886 1289 3141 1360 Γραφήν·
3176 1289 3319 1343 οὕτω
3362 1290 3459 1342 καὶ
3502 1292 3535 1361 ἡ
3571 1291 3781 1362 Ἰερου-

2184 1380 2369 1453 σαλὴμ
2406 1381 2546 1453 μέση
2574 1380 2683 1435 τῶν
2715 1380 3029 1450 ἀλλοφύλων
3064 1381 3234 1436 ἐθνῶν
3266 1384 3629 1454 συνειστήκει.
3674 1383 3781 1437 Διὸ

2182 1472 2430 1526 λέλεκται
2466 1474 2524 1527 ἐν
2558 1473 2947 1545 προφητείαις’
2982 1474 3144 1542 Αὕτη
3173 1474 3211 1541 ἠ
3246 1474 3665 1543 Ἰερουσαλὴμ,
3696 1476 3778 1530 ἐν

2176 1567 2344 1635 μέσῳ
2378 1565 2495 1619 τῶν
2523 1566 2717 1620 ἐθνῶν
2751 1567 2985 1620 τέθεικα
3013 1566 3226 1634 αὐτήν.
3254 1566 3366 1621 Εἶτ’
3391 1568 3486 1621 ἐπὶ
3516 1567 3730 1633 τούτοις
3753 1585 3769 1598 -

2192 1660 2560 1725 Ἐξελέξατο,
2595 1659 2750 1731 φησὶ,
2780 1660 2961 1713 Δαυῒδ
2988 1660 3096 1713 τὸν
3130 1658 3359 1714 δοῦλον
3378 1658 3601 1726 αὐτοῦ,
3630 1662 3773 1732 περὶ

2179 1748 2240 1807 οὗ
2278 1753 2494 1825 είρηται
2515 1771 2527 1783 ·
2572 1749 2771 1821 Εὗρον
2800 1751 2983 1806 Δαυῒδ
3008 1752 3115 1805 τὸν
3141 1751 3375 1819 δοῦλόν,
3400 1770 3541 1821 μου,
3569 1752 3773 1822 ἄνδρα

496 1844 610 1899 veni
673 1842 844 1897 David
901 1859 1107 1897 servum
1163 1859 1366 1908 meum,
1416 1844 1587 1897 virum
1645 1844 1931 1897 secundum
1984 1859 2068 1897 cor

2178 1845 2329 1900 κατὰ
2376 1844 2491 1912 τὴν
2531 1844 2781 1911 καρδίαν
2818 1861 2938 1912 μου
2962 1859 2975 1871 ⁸
3026 1843 3088 1895 ὃν
3124 1842 3441 1908 ἐξελέξατο,
3478 1845 3575 1915 οὐχ
3614 1845 3773 1901 ὥστε

496 1950 701 1997 meum;
723 1949 882 2003 quem
909 1934 1093 2004 elegit,
1124 1948 1231 1988 non
1259 1942 1472 1989 tantum
1505 1941 1563 1987 ut
1591 1934 1805 2004 primus
1828 1949 1897 1988 ex
1927 1934 2073 1988 tribu

493 2024 632 2081 Juda
664 2033 956 2097 regnaret,
1009 2026 1104 2080 sed
1149 2026 1221 2079 ita
1253 2033 1312 2079 ut
1356 2024 1555 2095 dignus
1603 2024 1962 2094 judicaretur,
2006 2041 2075 2080 ex

493 2116 651 2184 cujus
697 2116 905 2171 semine
946 2116 1201 2171 Christus
1232 2116 1325 2171 Dei
1378 2116 1640 2187 prodiret.
1674 2115 1846 2187 Elegit
1892 2125 2073 2171 autem

491 2225 614 2264 eum
645 2209 894 2279 pluribus
922 2209 1099 2279 ipsum
1135 2208 1399 2264 fratribus
1426 2210 1542 2264 suis
1569 2218 1931 2280 anteponens.
1968 2209 2073 2264 Ac-

490 2302 743 2370 cepitque
775 2317 898 2356 eum
930 2317 995 2355 ex
1038 2302 1295 2372 gregibus
1330 2302 1524 2367 ovium,
1568 2312 1616 2355 et
1658 2302 1721 2355 de
1749 2311 1865 2369 post
1898 2301 2073 2370 fetan-

489 2401 586 2447 les.
618 2393 753 2447 Nam
788 2395 881 2463 qui
915 2395 1146 2448 suscitat
1190 2394 1256 2448 de
1292 2404 1437 2449 terra
1477 2395 1719 2465 inopem,
1756 2405 1808 2451 et
1834 2397 1901 2450 de
1931 2404 2072 2451 ster-

489 2500 617 2539 core
653 2486 813 2555 erigit
852 2500 1169 2555 pauperem,
1220 2483 1482 2538 Davidem
1527 2485 1789 2539 humilem
1821 2495 1875 2539 et
1921 2487 2071 2555 ahje-

489 2583 663 2642 ctum,
695 2577 770 2629 ita
811 2582 869 2627 ut
897 2588 997 2628 nec
1035 2588 1163 2627 cum
1199 2573 1462 2629 fratribus
1495 2576 1611 2629 suis
1649 2591 2071 2632 connumerare-

489 2677 609 2734 tur,
659 2683 838 2737 neque
877 2682 977 2736 pro
1013 2667 1133 2721 viro
1192 2666 1507 2731 haberetur,
1565 2668 1763 2739 elegit,
1807 2669 1958 2737 prius
2012 2669 2069 2722 in

488 2762 753 2831 pastorali
791 2761 1125 2825 institutum,
1164 2768 1221 2814 et
1247 2775 1311 2814 ex
1340 2774 1475 2813 cura
1498 2759 1731 2814 fetarum
1762 2778 1923 2832 quam
1947 2778 2070 2831 ges-

489 2862 660 2918 serat,
696 2853 951 2908 edoctum
990 2867 1156 2924 quam
1200 2863 1461 2907 accurata
1511 2854 1826 2908 sollicitudo
1852 2856 2065 2923 egenti-

487 2947 590 2999 bus
624 2945 930 2999 adhibenda
964 2952 1131 3000 esset.
1167 2943 1300 2999 Inde
1341 2954 1661 3016 susceptum
1694 2948 1847 3000 illum
1881 2963 1947 3000 ex
1992 2948 2068 3000 ir-

483 3037 897 3091 rationabilium
938 3035 1122 3091 ovium
1148 3037 1414 3105 pastorali
1450 3052 1604 3101 cura,
1638 3038 1895 3106 produxit
1921 3038 2065 3094 Deus

2176 1937 2392 2008 πρῶτον
2419 1938 2483 1989 ἐκ
2517 1936 2690 2007 φυλῆς
2727 1935 2897 1988 Ἰούδα
2931 1934 3247 2005 βασιλεῦσαι
3281 1936 3462 2006 μόνον,
3493 1935 3628 1990 ἀλλὰ
3663 1936 3766 1991 καὶ

2175 2030 2315 2083 ὥστε
2358 2031 2508 2097 ἄξιον
2550 2029 2803 2101 κριθῆναι
2848 2028 2943 2081 τοῦ
3004 2028 3288 2100 προελθεῖν
3328 2030 3392 2082 ἐκ
3443 2029 3765 2101 σπέρματος

2174 2122 2341 2178 αὐτοῦ
2372 2122 2463 2175 τὸν
2487 2121 2721 2193 Χριστὸν
2746 2119 2840 2172 τοῦ
2863 2117 3019 2172 Θεοῦ.
3052 2116 3363 2185 Ἐξελέξατο
3386 2118 3445 2172 δὲ
3468 2108 3629 2172 αὐτὸν
3648 2117 3765 2174 τῶν

2174 2216 2420 2286 ἀδελφῶν
2479 2216 2741 2269 πλειόνων
2794 2214 2963 2267 ὄντων
3021 2212 3341 2283 προκρίνας.
3400 2213 3654 2267 ’Δνέλασέ
3697 2229 3761 2266 τε

2173 2310 2335 2363 αὐτὸν
2364 2312 2428 2362 ἐκ
2465 2308 2574 2363 τῶν
2605 2309 2869 2380 ποιμνίων
2902 2304 3020 2361 τῶν
3044 2306 3373 2375 προϐάτων,
3407 2307 3508 2361 καί
3552 2308 3760 2372 ἐξόπι-

2172 2406 2321 2455 σθεν
2350 2399 2468 2455 τιῖἱν
2506 2401 2944 2471 λοχευομένων.
2996 2401 3055 2454 '0
3090 2399 3199 2469 γὰρ
3246 2400 3477 2472 ἐγείρων
3513 2400 3622 2455 ἀπὸ
3650 2400 3761 2472 γῆς

2171 2494 2386 2564 πτωχὸν
2436 2496 2528 2547 καὶ
2562 2495 2670 2547 ἀπὸ
2720 2495 2951 2564 κοπρίας
2978 2492 3212 2546 ἀνιστῶν
3258 2493 3486 2564 πένητα,
3529 2494 3623 2547 καὶ
3660 2494 3761 2548 τὸν

2171 2584 2331 2637 Δαυῖδ
2378 2585 2632 2636 ταπεινὸν
2693 2584 2821 2637 ὄντα
2872 2584 2967 2637 καὶ
3001 2583 3453 2655 ἀπερριμμένον,
3500 2585 3578 2648 ὡς
3615 2585 3755 2656 μηδὲ

2173 2674 2734 2746 συγκαταριθμεῖσθαι
2783 2678 2895 2739 τοῖς
2941 2675 3106 2728 αὑτοῦ
3154 2676 3433 2745 ἀδελφοῖς,
3482 2676 3619 2748 μηδὲ
3670 2678 3765 2741 εἰς

2170 2768 2337 2839 ἄνδρα
2364 2768 2693 2835 λογίζεσθαι,
2729 2767 3009 2833 ἐξελέξατο
3041 2767 3666 2839 προπαιδαγωγούμενον
3693 2769 3759 2824 ἐν

2168 2863 2233 2930 τῇ
2274 2863 2634 2930 ποιμαντικῇ,
2670 2860 2764 2912 καὶ
2796 2860 2882 2912 διὰ
2909 2861 3009 2930 τῆς
3043 2861 3150 2914 τῶν
3189 2860 3560 2930 λοχευομένων
3585 2860 3757 2932 θρεμ-

2172 2952 2355 3021 μάτων
2390 2950 2643 3019 προνοίας
2682 2950 2743 3002 τὸ
2778 2950 3040 3018 ἐπιμελὲς
3072 2949 3179 3003 τῶν
3212 2949 3483 3020 δεομένων
3521 2949 3757 3021 κηδεμο-

2165 3045 2285 3107 νίας
2308 3042 2775 3112 ἐκδιδασκόμενον.
2815 3043 3007 3096 Ἔνθεν
3041 3044 3202 3097 αὐτὸν
3239 3042 3526 3097 ἀναλαϐὼν
3548 3045 3615 3098 ἐκ
3649 3043 3753 3113 τῆς

483 3138 540 3185 ct
587 3130 871 3184 constituit
916 3136 976 3183 ut
1004 3127 1195 3200 (Vens.
1224 3129 1312 3198 7|)
1364 3138 1599 3197 pasceret
1639 3129 1808 3183 Jacob
1858 3147 2063 3184 servum

2170 3136 2275 3188 τῶν
2320 3134 2529 3204 ἀλόγων
2575 3136 2864 3208 προϐάτων
2913 3136 3309 3206 ποιμαντικῆς,
3368 3136 3681 3207 προήγαγεν
3718 3137 3755 3189 ὁ

484 3238 663 3284 suum,
686 3231 737 3275 et
771 3220 946 3275 Israel
976 3220 1525 3276 Itwreditatcmsuam.
1564 3220 1630 3275 Ut
1668 3223 1811 3276 enim
1850 3223 2065 3292 experi-

483 3320 728 3368 mentum
786 3314 871 3368 sui
918 3312 1145 3367 dederat
1197 3313 1251 3366 in
1292 3314 1553 3383 pastorali
1602 3314 2063 3368 irrationabilium

482 3407 667 3461 ovium
699 3421 853 3469 cura,
888 3407 1289 3461 rationabiliori
1323 3407 1449 3461 ovili
1492 3405 1779 3475 praefectus
1805 3414 1907 3461 est.
1939 3405 2061 3472 Quo

480 3506 642 3568 pacto
677 3507 857 3553 autem
895 3515 1094 3569 pecora
1132 3506 1383 3570 pasceret
1414 3498 1713 3553 declaravit
1742 3498 1857 3569 ipse
1911 3496 2061 3552 Sauli

480 3593 703 3648 dicens:
731 3592 928 3646 Pastor
954 3592 1139 3663 agebat
1171 3609 1349 3645 servus
1374 3601 1494 3646 tuus
1520 3592 1662 3661 patri
1688 3608 1783 3644 suo
1806 3591 1863 3643 in
1900 3590 2059 3644 ovili:

478 3695 529 3740 et
563 3684 775 3755 quando
805 3685 1039 3739 veniebat
1076 3684 1154 3738 leo
1185 3694 1277 3737 aut
1310 3700 1489 3750 ursus,
1518 3694 1565 3738 et
1596 3684 1887 3753 arripiebat
1917 3700 2061 3737 ovem

476 3791 543 3830 ea:
566 3792 737 3847 grege,
766 3787 883 3846 post
914 3776 1067 3829 illum
1094 3776 1329 3840 adibam,
1360 3786 1409 3829 el
1439 3777 1677 3844 percussi
1707 3776 1859 3829 illum
1890 3784 1939 3829 et
1967 3791 2061 3829 ex-

479 3870 623 3922 traxi
663 3884 728 3922 ex
757 3885 846 3923 ore
884 3869 1020 3938 ejus.
1067 3867 1134 3921 Et
1166 3869 1455 3922 insurrexil
1492 3869 1549 3921 in
1594 3886 1693 3931 me,
1729 3878 1779 3921 et
1818 3883 2058 3936 compre-

478 3960 635 4015 hendi
661 3962 839 4033 fauces
883 3962 1019 4032 ejus,
1052 3968 1101 4014 et
1134 3963 1371 4030 percussi
1402 3961 1669 4033 occidique
1699 3962 1877 4017 illum.
1918 3959 2057 4015 Leo-

479 4071 596 4107 nem
633 4065 682 4108 et
725 4072 909 4107 ursum
952 4056 1211 4123 percussit
1244 4072 1421 4110 servus
1460 4064 1600 4109 tuus.
1633 4054 1702 4107 Et
1730 4057 1831 4109 erit
1870 4056 2059 4109 alieni-

476 4164 607 4217 gena
624 4155 670 4199 et
702 4147 1100 4201 incircumcisus
1130 4156 1186 4200 ut
1209 4164 1345 4201 unus
1366 4163 1430 4201 ea:
1449 4148 1580 4206 illis.
1603 4148 1693 4216 qui
1722 4147 2058 4214 exprobravit

477 4240 611 4292 aciei
635 4238 730 4292 Dei
760 4239 993 4295 viventis.
1031 4238 1097 4291 Et
1124 4240 1201 4292 ait
1227 4239 1431 4293 David:
1455 4238 1716 4293 Dominus
1746 4240 1835 4309 qui
1865 4239 2057 4308 eripuit

478 4346 557 4383 me
581 4330 645 4383 de
674 4347 835 4383 manu
860 4330 1023 4383 leonis
1052 4339 1101 4385 el
1128 4331 1192 4385 de
1218 4348 1380 4384 manu
1400 4331 1537 4395 ursi,
1563 4330 1652 4384 ille
1677 4347 1757 4383 me
1785 4332 1965 4399 eripiet
1992 4330 2057 4393 de

474 4438 636 4474 manu
696 4422 1003 4491 alienigena:
1050 4422 1410 4475 incircumcisi
1456 4423 1612 4475 istius
1634 4423 1700 4476 "7.
1762 4421 1859 4475 His
1909 4423 2053 4475 enim

2172 3225 2304 3288 Θεὸς
2336 3228 2429 3279 καὶ
2462 3227 2762 3297 κατέστησε
2804 3228 3139 3295 ποιμαίνειν
3178 3225 3380 3281 Ἰακὼϐ
3396 3226 3504 3281 τὸν
3524 3226 3753 3280 δοῦλον

2170 3318 2357 3371 αὐτοῦ
2398 3320 2493 3371 καὶ
2529 3319 2766 3387 Ἰσραὴλ
2808 3318 2923 3387 τὴν
2964 3318 3371 3387 κληρονομίαν
3409 3318 3617 3373 αὐτοῦ.
3661 3316 3750 3383 Ὦς

2169 3412 2279 3484 γὰρ
2307 3412 2534 3483 δοκιμὴν
2568 3412 2837 3464 δεδωκότα
2862 3413 2920 3463 ἐν
2950 3413 3016 3481 τῇ
3041 3410 3149 3463 τῶν
3183 3411 3392 3479 ἀλόγων
3414 3410 3751 3482 Θρεμμάτων

2170 3507 2522 3574 ποιμαντικῇ,
2562 3504 2656 3556 ἐπὶ
2684 3504 2783 3574 τὴν
2823 3502 3190 3573 λογικωτέραν
3219 3502 3449 3574 καθίστη
3487 3502 3745 3575 ποίμνην.

2171 3597 2359 3659 Ὅπως
2406 3596 2448 3649 δ’
2490 3596 2774 3665 ἐποίμαινε
2821 3594 2890 3647 τὰ
2937 3593 3231 3666 Θρέμματα
3286 3594 3526 3665 παρίστη
3572 3593 3749 3661 λέγων

2168 3687 2328 3749 αὐτὸς
2352 3686 2484 3757 πρὸς
2506 3687 2595 3739 τὸν
2624 3686 2797 3739 Σαούλ
2822 3703 2835 3715 ο
2863 3687 3200 3755 Ποιμαίνων
3218 3680 3298 3756 ἦν
3326 3688 3359 3739 ό
3380 3683 3605 3751 δοῦλός
3628 3698 3748 3738 σου

2166 3777 2248 3843 τῷ
2280 3779 2455 3845 πατρὶ
2484 3776 2670 3832 αὐτοῦ
2696 3778 2767 3829 ἐν
2798 3777 2879 3842 τῷ
2909 3778 3163 3846 ποιμνίῳ
3184 3793 3195 3804 ·
3230 3776 3328 3829 καὶ
3361 3776 3509 3829 ὅταν
3528 3775 3748 3845 ἤρχετο

2168 3872 2201 3922 ό
2223 3869 2379 3923 λέων
2400 3870 2437 3938 ἣ
2470 3868 2651 3936 ἄρκος
2665 3868 2763 3937 (1),
2781 3866 2877 3920 καὶ
2903 3865 3198 3933 ἐλάμϐανε
3220 3866 3520 3934 πρόϐατον
3541 3866 3612 3920 ἐκ
3632 3865 3745 3935 τῆς

2166 3961 2410 4031 ἀγέλης,
2440 3961 2535 4013 καὶ
2562 3959 3006 4028 ἐξεπορευόμην
3026 3959 3217 4012 ὀπίσω
3236 3958 3446 4025 αὑτοῦ,
3472 3957 3573 4012 καὶ
3596 3958 3715 4012 emi
3736 3988 3741 3991 λ

2164 4052 2316 4116 ταξα
2335 4051 2540 4114 αὐτὸν,
2559 4051 2655 4105 καὶ
2678 4051 2993 4115 ἐξέσπασα
3012 4050 3079 4102 ἐκ
3102 4049 3206 4103 τοῦ
3223 4050 3519 4117 στόματος
3532 4046 3737 4103 αὐτοῦ.

2164 4146 2275 4199 Καὶ
2304 4146 2668 4197 ἐπανίστατο
2700 4144 2791 4195 ἐπ’
2830 4143 2955 4212 ἐμὲ,
2983 4142 3081 4196 καὶ
3132 4142 3438 4221 ἐκράτησα
3481 4140 3589 4196 τοῦ
3629 4138 3740 4212 φά-

2157 4255 2383 4307 ρυγγος
2405 4235 2613 4299 αὑτοῦ,
2632 4236 2730 4288 καὶ
2752 4234 3021 4298 ἐπάταξα
3044 4232 3138 4287 καὶ
3167 4230 3516 4286 ἐθανάτωσα
3532 4231 3738 4293 αὐτὸν,

2092 4319 2100 4327 ’
2164 4328 2263 4381 καὶ
2288 4329 2395 4381 τὸν
2423 4328 2642 4381 λέοντα
2675 4325 2772 4379 καὶ
2811 4325 2926 4393 τὴν
2964 4324 3150 4393 ἄρκον
3174 4322 3431 4375 ἔτυπτεν
3458 4323 3491 4376 ό
3522 4321 3741 4387 δοῦλός

2164 4434 2300 4471 σου.
2328 4416 2438 4470 Καὶ
2469 4417 2639 4470 ἔσται
2664 4418 2695 4468 ὁ
2716 4414 3066 4482 ἀλλόφυλος
3089 4415 3120 4464 ὀ
3136 4410 3532 4478 ἀπερίτμητος
3554 4408 3635 4473 ὡς
3654 4400 3740 4472 εἷς

473 4527 601 4567 cum
632 4511 755 4566 ﬁdei
793 4520 846 4566 et
879 4511 1103 4581 pietatis
1145 4526 1259 4566 suae
1313 4510 1751 4580 experimentum
1788 4508 2052 4575 dedisset,

2170 4512 2405 4573 τούτων,
2446 4510 2514 4575 ὃς
2536 4508 2809 4561 ὠνείδισε
2835 4503 3161 4574 παρατάξει
3191 4502 3340 4557 θεοῦ
3376 4500 3610 4566 ζῶντος.
3631 4496 3739 4554 Καὶ

473 4619 689 4659 necnon
732 4603 1090 4672 providentia
1127 4617 1291 4673 quam
1325 4602 1393 4657 de
1438 4602 1730 4672 pecoribus
1766 4600 1867 4655 sibi
1905 4616 2056 4654 com-

475 4696 659 4751 missis
687 4696 929 4766 gerebat,
963 4694 1106 4751 Deus
1140 4695 1304 4763 elegit
1332 4709 1455 4748 eum
1488 4704 1541 4748 et
1584 4692 1651 4746 ad
1682 4693 1969 4763 imperium
1996 4692 2053 4747 in

474 4787 887 4849 rationabiliora
920 4801 1119 4858 pecora
1151 4786 1418 4855 provexit.
1452 4786 1549 4840 llle
1584 4799 1714 4840 vero
1754 4785 1858 4840 sibi
1901 4800 2055 4840 com-

473 4880 672 4935 missos
700 4880 933 4950 populos
970 4896 1080 4933 non
1115 4878 1431 4941 crudeliter,
1480 4894 1587 4931 non
1616 4878 1772 4942 dure,
1815 4894 1925 4933 non
1961 4894 2057 4934 su-

474 4972 680 5041 perbe,
750 4971 846 5025 sed
904 4972 959 5025 in
1030 4970 1346 5025 innocentia
1411 4970 1596 5025 cordis
1654 4970 1740 5026 sui
1797 4971 2057 5039 pascebat

475 5062 667 5133 (Vens.
700 5064 819 5132 72);
866 5065 1003 5128 sive,
1031 5064 1335 5118 secundum
1392 5063 1645 5132 Aquilam
1682 5070 1756 5119 .et
1801 5061 2055 5134 Symma-

473 5156 659 5218 chum,
696 5156 980 5209 secundum
1014 5156 1407 5224 simplicitatem
1440 5154 1614 5209 cordis
1651 5156 1757 5210 sui.
1792 5153 1861 5208 Et
1894 5156 1945 5207 in
1971 5155 2055 5207 in-

474 5248 765 5305 tellectibus
795 5268 1046 5304 manuum
1088 5268 1310 5305 suarum
1352 5251 1568 5305 deduxit
1594 5269 1702 5307 eos.
1740 5250 2055 5306 Secundum

472 5341 723 5409 Aquilam
767 5358 919 5406 vero,
957 5342 1023 5395 Et
1065 5344 1119 5397 in
1167 5345 1448 5412 prudentia
1486 5344 1787 5413 palmarum
1830 5358 2051 5397 suarum

470 5428 686 5484 deduxit
721 5447 843 5495 eos;
876 5433 1175 5486 secundum
1203 5431 1613 5504 Symmachum,
1650 5434 1718 5486 Et
1762 5432 2048 5487 secundum

469 5524 755 5587 puritatem
806 5540 1059 5577 manuum
1106 5541 1325 5578 suarum
1358 5525 1575 5579 deduxit
1623 5543 1729 5580 eos.
1780 5524 2047 5580 Pascebat

470 5611 654 5681 itaque
699 5614 868 5667 David
905 5616 1203 5668 humanum
1257 5618 1694 5687 rationabileque
1733 5617 1911 5680 ovile;
1949 5615 2045 5671 sed

542 5706 586 5738 ⁸³
620 5707 751 5761 llcb.
790 5724 887 5770 xu,
915 5706 1000 5761 29..
1047 5708 1091 5739 ⁸⁸
1117 5706 1314 5766 Ezech.
1352 5726 1404 5777 ν,
1438 5710 1489 5764 5.
1570 5710 1614 5741 ⁸⁷
1645 5711 1663 5765 l
1696 5708 1829 5779 Reg.
1869 5724 2007 5775 xvu,
2040 5707 2141 5781 54.,

547 5806 621 5876 (1)
665 5806 916 5878 Ἄρκτος.

2163 4600 2291 4656 εἷπε
2319 4601 2498 4655 Δαυΐδ
2518 4618 2530 4631 ο
2560 4601 2794 4667 Κύριος,
2825 4598 2893 4663 ὃς
2920 4594 3195 4661 ἐξείλατό
3215 4610 3293 4664 με
3320 4593 3389 4647 ἐκ
3414 4590 3613 4663 χειρὸς
3635 4588 3740 4644 τοῦ

2161 4694 2410 4758 λέοντος
2437 4692 2535 4744 καὶ
2560 4692 2629 4744 ἐκ
2651 4689 2850 4760 χειρὸς
2879 4687 2990 4756 τῆς
3014 4687 3225 4756 ἄρκου,
3249 4680 3428 4751 οὗτος
3450 4679 3742 4749 ἐξελεῖταί

2156 4800 2234 4852 με
2266 4783 2333 4835 ἐκ
2383 4782 2581 4851 χειρὸς
2625 4780 2731 4834 τοῦ
2780 4780 3139 4846 ἀλλοφύλου
3186 4775 3293 4829 τοῦ
3340 4771 3740 4843 ἀπεριτμήτου

2161 4876 2397 4928 τούτου.
2430 4874 2527 4925 Διὰ
2558 4872 2667 4943 γὰρ
2703 4870 2907 4923 τούτων
2938 4869 3168 4939 δοκιμὴν
3204 4866 3476 4920 δεδωκότα
3508 4862 3740 4925 πίστεως

2164 4967 2258 5020 καὶ
2280 4965 2579 5027 εὐσεϐείας,
2610 4964 2708 5033 τῆς
2731 4980 2791 5014 τε
2820 4961 2927 5014 τῶν
2956 4962 3047 5012 ὑπ’
3074 4959 3235 5012 αὑτὸν
3263 4958 3595 5029 θρεμμάτων
3620 4953 3741 5008 ἀλό-

2162 5078 2273 5129 γων
2304 5059 2580 5129 προνοίας,
2604 5056 2886 5122 ἐξελέξατο
2909 5054 3043 5117 Θεὸς
3066 5054 3159 5106 καὶ
3186 5054 3501 5123 προήγαγεν
3525 5048 3621 5101 ἐπὶ
3641 5046 3741 5129 τὴν

2160 5128 2267 5205 τῶν
2299 5128 2673 5221 λογικωτέρων
2707 5147 3039 5220 θρεμμάτων
3086 5147 3282 5217 ἀρχήν.
3325 5144 3381 5197 '0
3425 5143 3513 5207 δὲ,
3548 5128 3739 5195 ὐποδεῖ

2164 5246 2393 5315 ξάμενος
2412 5246 2538 5305 τοὺς
2567 5241 2972 5313 παραδοθέντας
3006 5237 3176 5307 αὐτῷ,
3200 5239 3302 5291 οὐκ
3335 5233 3583 5306 ἀπηνῶς,
3616 5229 3739 5285 οὐδὲ

2163 5338 2431 5409 σκληρῶς,
2458 5338 2578 5390 οὐδὲ
2606 5334 2993 5406 ὑπερηφάνως,
3021 5331 3135 5384 ἀλλ’
3162 5332 3219 5382 ἐν
3241 5327 3447 5399 ἀκακία
3472 5327 3572 5397 τῆς
3605 5338 3737 5397 καρ-

2158 5433 2276 5495 δίας
2298 5430 2463 5485 αὺτοῦ
2486 5429 2803 5498 ἐποίμαινεν
2824 5425 3041 5488 αὐτούς’
3062 5424 3093 5495 ἣ
3112 5423 3252 5478 κατὰ
3277 5423 3367 5477 τὸν
3384 5419 3614 5474 Ἀκύλαν
3643 5415 3736 5470 καὶ

2156 5525 2473 5595 Σύμμαχον,
2490 5522 2636 5575 κατὰ
2646 5521 2769 5588 τὴν
2792 5520 3102 5585 ἁπλότητα
3124 5515 3234 5585 τῆς
3256 5513 3504 5583 καρδίας
3523 5506 3731 5565 αὐτοῦ.

2157 5617 2263 5671 Καὶ
2296 5618 2363 5669 ἐν
2392 5614 2519 5680 ταῖς
2556 5612 2849 5667 συνέσεσι
2883 5610 3001 5665 τῶν
3034 5608 3250 5680 χειρῶν
3284 5604 3471 5662 αὑτοῦ
3504 5598 3734 5674 (Mein.-
