4078 6432
323 419 422 475 941

1357 400 1360 402 ’
1454 412 1961 471 COMMENTARIA
2002 412 2067 468 IN
2107 409 2447 466 PSALMOS.

3465 416 3580 470 97:3-

318 546 432 586 σεν
457 528 696 593 αὐτούς.
731 527 887 581 Κατὰ
914 528 970 581 δὲ
997 528 1087 581 τὸν
1124 528 1378 593 Ἀκύλαν,
1421 529 1529 583 Καὶ
1566 529 1636 582 ἐν
1676 527 1891 597 φρονή-

2006 541 2115 582 ιιοη
2149 526 2204 580 in
2249 524 2517 595 sapientia
2546 524 2808 591 humana,
2851 541 2960 582 non
2999 527 3286 598 prudentia
3316 531 3534 602 propria
3557 574 3572 596 ,

318 633 458 673 0'80't
491 617 730 686 ταρσῶν
770 619 957 672 αὐτοῦ
997 620 1428 690 καθωδήγ-ησεν
1471 620 1712 686 αὐτούς.
1741 619 1900 673 Κατὰ.

316 711 374 765 δὲ
397 711 487 764 τὸν
524 711 840 781 Σύμμαχον,
864 711 973 766 Kal
1002 712 1154 765 κατὰ
1200 712 1315 780 τὴν
1343 714 1741 780 καθαριότητα
1781 711 1901 765 τῶν

316 803 530 876 χειρῶν
556 804 741 858 αὑτοῦ
768 804 1088 874 ὡδήγησεν
1107 805 1347 870 αὐτούς.
1379 804 1695 875 Ἐποίμαινε
1721 802 1900 857 τοίνυν

319 897 349 948 6
375 894 535 948 Δαυῖδ
565 896 665 966 τὴν
700 894 1049 968 ἀνθρωπίνην
1094 897 1188 950 καὶ
1224 896 1448 967 λογικὴν
1481 896 1750 968 ωίμνην·
1783 894 1900 950 ἀλλ’

315 990 416 1042 οὑκ
446 991 504 1042 ὲν
540 988 704 1060 σοφία
742 987 1080 1061 ἀνθρωπίνῃ,
1109 988 1230 1041 οὑδὲ
1255 988 1312 1041 ὲν
1335 991 1400 1060 τῇ
1436 986 1629 1042 ἑαυτοῦ
1667 985 1901 1050 συνέσει,

316 1080 430 1134 ἀλλ’
455 1083 512 1134 ὲν
538 1078 741 1150 ἀκακία
770 1080 864 1133 καὶ
895 1080 1180 1151 ἁπλότητι,
1219 1079 1317 1152 τὴν
1351 1080 1531 1133 πᾶσαν
1573 1075 1895 1150 ἐγχειρίζων

313 1171 392 1243 τῷ
420 1171 540 1242 Θεῷ
574 1171 850 1243 φροντίδα.
900 1172 1011 1243 Τήν
1040 1188 1104 1241 γε
1141 1170 1248 1242 μὴν
1299 1169 1494 1224 ἑαυτοῦ
1543 1169 1758 1225 σύνεσιν
1806 1167 1895 1224 διὰ

313 1263 424 1315 τῶν
461 1261 661 1333 χειρῶν
688 1262 1056 1328 ἐπεδείκνυτο,
1091 1262 1337 1316 τουτέστι
1378 1261 1464 1314 διὰ
1500 1260 1609 1316 τῶν
1642 1261 1897 1336 πράξεων

315 1355 409 1408 καὶ
429 1353 517 1407 διὰ
541 1353 634 1407 τοῦ
661 1353 800 1424 βίου,
825 1355 919 1407 καὶ
943 1353 1042 1424 τῆς
1067 1352 1260 1424 λοιπῆς
1285 1352 1577 1416 πολιτείας.
1599 1354 1709 1406 Καὶ
1734 1353 1897 1424 μέχρι

312 1443 503 1496 τούτου
548 1444 760 1496 ἵσταται
807 1445 876 1497 τὰ
914 1445 1012 1515 τῆς
1044 1442 1326 1514 παρούσης
1367 1441 1695 1507 ὑποθέσεως,
1727 1459 1896 1513 κατη-

314 1537 504 1607 γορίαν
527 1537 852 1609 περιέχοντα
871 1537 970 1606 τῆς
989 1535 1084 1589 τοῦ
1123 1535 1388 1589 Ἰουδαίων
1413 1534 1544 1589 λαοῦ
1569 1534 1889 1606 μοχθηρίας,

310 1628 656 1683 διδασκαλίαν
686 1648 744 1682 τε
774 1630 873 1701 τῆς
904 1630 998 1684 τοῦ
1025 1629 1160 1682 Θεοῦ
1190 1629 1570 1701 μακροθυμίας
1595 1628 1684 1682 διὰ
1709 1627 1809 1692 τὰς
1832 1630 1890 1680 ὲν

2005 615 2103 672 Sed
2137 617 2192 672 in
2229 615 2540 671 innocentia
2575 623 2630 670 et
2659 615 3026 684 simplicitate,
3064 625 3232 674 totam
3257 634 3444 673 curam
3465 619 3578 674 Deo

2007 706 2378 771 committens,
2420 721 2573 759 suam
2598 721 2728 760 vero
2756 707 3170 778 intelligentiam
3199 711 3487 776 manibus,
3521 713 3576 767 id

2006 807 2092 856 est
2129 799 2409 869 operibus,
2439 800 2563 853 vitae
2602 814 2800 868 genere
2824 806 2879 854 et
2905 800 3116 870 reliquo
3154 801 3404 858 instituto
3428 819 3578 858 com-

2002 891 2364 948 monstrahat.
2400 889 2466 943 Et
2496 891 2603 946 huc
2633 889 2835 946 desinit
2877 907 3118 962 praesens
3170 896 3574 964 argumentum,

2004 981 2373 1052 improbitatis
2417 981 2630 1037 Judaici
2677 983 2864 1054 populi
2904 985 3312 1040 accusationem
3349 986 3578 1043 divina:-

2002 1089 2107 1145 que
2136 1075 2410 1144 patientia:
2439 1074 2744 1130 doctrinam
2767 1077 3156 1146 complectens,
3189 1080 3576 1136 concinnatum

2003 1169 2069 1220 ad
2103 1167 2424 1235 praepositas
2460 1165 2726 1234 quasdam
2772 1165 2970 1222 dubias
2998 1183 3183 1233 voces,
3207 1170 3273 1223 ad
3308 1186 3446 1240 quas
3473 1185 3575 1230 ceu

1999 1255 2246 1314 defensio
2276 1257 2522 1327 quaedam
2549 1257 2684 1327 justi
2718 1257 2810 1314 Dei
2835 1259 3030 1329 judicii
3065 1263 3381 1318 necessario
3418 1263 3576 1318 insti-

2000 1351 2192 1407 tuitur.
2233 1349 2358 1405 Hzec
2386 1367 2549 1422 porro
2575 1352 2760 1406 omnia
2808 1366 2931 1416 nos,
2962 1352 3056 1425 qui
3085 1368 3152 1408 ex
3190 1355 3444 1424 gentibus
3483 1372 3578 1412 su-

2001 1459 2146 1506 mus,
2174 1443 2426 1500 Christus
2461 1442 2556 1498 Dei
2597 1444 2809 1508 edocet,
2836 1443 3032 1513 priscis
3068 1446 3334 1515 exemplis
3374 1462 3476 1502 nos
3505 1448 3577 1503 ad

2000 1532 2208 1605 frugem
2241 1549 2528 1600 revocans,
2562 1541 2622 1590 ut
2654 1534 2810 1590 initio
2840 1535 3113 1590 sermonis
3141 1536 3350 1590 dictum
3396 1551 3428 1592 a
3469 1553 3574 1594 no-

1999 1627 2082 1683 bis
2115 1635 2219 1683 est.

312 1721 428 1784 τοῖς
466 1721 776 1794 ἔμπροσθεν
814 1721 1247 1794 ὲπηπορημένας
1287 1722 1492 1792 φωνὰς,
1528 1721 1664 1793 πρὸς
1695 1720 1761 1785 ἃς
1784 1721 1972 1794 ὥσπερ
2009 1720 2272 1791 ἀπολογία
2304 1738 2388 1784 τις
2454 1721 2764 1790 ἀναγκαίως
2798 1722 3154 1793 ἐπενήνεκται
3185 1724 3283 1794 τῆς
3313 1722 3408 1778 τοῦ
3439 1722 3576 1779 Θεοῦ

314 1813 729 1887 δικαιοκρισίας.
763 1815 948 1869 Ταῦτα
981 1816 1037 1869 δὲ
1077 1817 1256 1870 πάντα
1291 1819 1438 1888 ἡμᾶς
1483 1817 1610 1878 τοὺς
1659 1815 1717 1881 ἐξ
1757 1816 1926 1869 ἐθνῶν
1963 1820 1992 1870 6
2034 1816 2270 1888 Χριστὸς
2314 1815 2410 1869 τοῦ
2443 1817 2580 1870 Θεοῦ
2619 1815 2881 1880 παιδεύει,
2930 1816 3276 1888 σωφρονίζων
3312 1819 3459 1889 ἡμᾶς
3489 1817 3578 1872 διὰ

279 1902 422 1961 ’τῶν
454 1907 696 1962 παλαιῶν
729 1908 1209 1981 παραδειγμάτων,
1243 1907 1431 1979 ὥσπερ
1453 1904 1546 1962 οὖν
1571 1908 1894 1980 ἀρχομένοις
1932 1910 2063 1980 ἡμῖν
2096 1907 2312 1979 εἴρηται
2339 1908 2430 1960 τοῦ
2464 1908 2644 1977 λόγου.

688 2021 979 2075 ΨΑΛΜΟΣ
1017 2023 1104 2093 Τῼ
1142 2023 1336 2074 Asse.
1379 2023 1508 2076 OH'.

393 2113 455 2166 '0
500 2114 663 2179 Θεὸς,
696 2113 971 2182 ἣλθοσιιν
1011 2113 1157 2182 ἔθνη
1195 2117 1282 2182 είς
1327 2112 1443 2181 τὴν
1486 2114 1894 2184 κληρονομίαν

309 2221 448 2272 σου,
487 2206 739 2274 ἐμίαναν
788 2206 896 2259 τὸν
944 2206 1096 2260 ναὸν
1139 2206 1246 2260 τὸν
1276 2206 1448 2276 ἅγιόν
1501 2222 1618 2261 σου
1643 2247 1658 2271 ,
1691 2206 1896 2261 ἔθεντο

320 2295 710 2364 Ἰερουσαλὴμ
736 2297 823 2361 εὶς
845 2296 1363 2364 όπωροφυλάκιον.
1393 2297 1516 2351 ’Ὁτι
1542 2299 1648 2370 πρὸ
1681 2297 1775 2350 τοῦ
1803 2297 1895 2351 τὸν

309 2387 434 2441 ναὸν
478 2387 895 2459 οἰκοδομηθῆναι
953 2387 1042 2441 τὸν
1087 2390 1145 2443 ὲν
1187 2389 1561 2462 Ἰερουσαλὴμ,
1596 2391 1816 2459 γέγονεν
1867 2391 1896 2444 ὁ

320 2477 492 2548 Ἀσὰφ
526 2478 602 2548 τῷ
631 2478 792 2531 Δαυῖδ
823 2479 1196 2550 συνακμάσας,
1228 2479 1383 2551 δῆλον
1414 2485 1480 2534 ἐκ
1499 2482 1598 2552 τῆς
1635 2481 1891 2552 ἱστορίας.

299 2569 668 2641 ,Προφῆτικῶς
700 2566 793 2624 οῦν
830 2570 899 2624 τὰ
935 2571 1194 2642 μέλλοντα
1239 2575 1467 2643 μακροῖς
1516 2571 1738 2643 ὕστερον
1770 2573 1894 2644 χρό-

307 2678 418 2722 νοις
465 2660 840 2732 συμϐήσεσθαι
883 2662 979 2715 καὶ
1021 2661 1109 2716 διὰ
1162 2662 1271 2714 τῶν
1307 2663 1592 2736 παρόντων
1624 2663 1888 2729 θεσπίζει.

320 2750 480 2803 Ἀλλὰ
500 2751 588 2805 δια
619 2752 717 2822 μὲν
750 2752 842 2804 τοῦ
881 2758 922 2804 o'
958 2754 1051 2806 καὶ
1082 2751 1130 2822 γ’
1165 2754 1262 2824 τὴν
1289 2754 1526 2826 ὑστάτην
1554 2755 1654 2824 τῆς
1687 2755 1893 2820 πόλεως

308 2843 508 2897 ἅλωσιν
537 2846 742 2898 καὶτὸν
773 2845 998 2916 ἔσχατον
1032 2848 1342 2920 ἀφανισμὸν
1377 2847 1469 2901 τοῦ
1502 2848 1652 2913 ναοῦ,
1683 2850 1774 2902 τὸν
1799 2851 1891 2904 ἐπὶ

317 2934 606 3006 Ῥωμαίων
636 2937 924 3008 γενόμενον
981 2939 1120 3006 μετὰ
1170 2941 1268 3010 τὴν
1310 2939 1452 2994 κατὰ
1500 2940 1593 2993 τοῦ
1641 2941 1891 3013 Σωτῆρος

308 3026 466 3097 ἡμῶν
493 3028 694 3100 τόλμαν
731 3029 839 3084 τῶν
867 3032 1188 3104 οἰκητόρων,
1220 3033 1615 3103 προανεφώνει,
1646 3034 1722 3099 ὡς
1754 3053 1889 3107 προ-

308 3120 680 3175 αποδέδεικται
701 3139 715 3152 '
742 3122 830 3176 διὰ
875 3123 930 3177 δὲ
961 3118 1070 3179 τῶν
1105 3125 1243 3195 μετὰ
1283 3129 1469 3198 χεῖρας
1503 3127 1890 3199 ἐπεληλυθέναι

312 3216 410 3286 μὲν
441 3215 565 3286 ἔθνη
609 3218 676 3287 τῇ
707 3217 1042 3290 κληρονομία
1079 3217 1175 3272 τοῦ
1218 3218 1374 3284 Θεοῦ,
1414 3220 1507 3273 καὶ
1547 3221 1636 3274 τὸν
1664 3223 1719 3274 ὲν
1750 3221 1886 3292 αὑτῇ

309 3306 445 3384 νεῲν
474 3309 858 3378 μεμιαγκέναι,
897 3311 1067 3380 αὑτήν
1098 3327 1156 3363 τε
1190 3311 1288 3382 τὴν
1316 3311 1470 3365 πόλιν
1502 3314 1581 3376 είς
1603 3313 1890 3385 ὀπωροφύ-

2186 2020 2236 2076 1.
2277 2019 2601 2075 PSALMUS
2638 2018 2770 2075 IPSI
2809 2019 3060 2076 ASAPH.
3098 2021 3387 2077 LXXVIII.

2072 2109 2240 2176 Deus,
2266 2119 2514 2164 venerunt
2551 2120 2729 2181 gentes
2760 2113 2814 2165 in
2842 2111 3201 2167 [nereditatem
3242 2122 3387 2166 tuam
3406 2152 3421 2177 ,
3461 2111 3578 2182 pol-

2000 2201 2210 2256 luerunt
2242 2202 2491 2273 templum
2525 2212 2769 2256 sanetum
2803 2213 2981 2266 tuum,
3013 2214 3301 2274 posuerunt
3347 2203 3576 2258 Jerusa-

1951 2284 1955 2289 ’
1999 2295 2099 2347 lem
2147 2296 2202 2348 in
2247 2311 2523 2363 pomorum
2573 2294 2896 2351 custodiam.
2949 2296 3108 2361 Quod
3146 2307 3273 2350 ante
3303 2296 3487 2366 templi
3522 2298 3577 2350 in

1996 2381 2339 2453 Jerosolyma
2383 2385 2854 2440 constructionem
2882 2385 3065 2455 Asaph
3096 2386 3322 2458 aequalis
3354 2393 3409 2440 et
3437 2400 3578 2440 coae-

1996 2481 2197 2528 taneus
2228 2473 2417 2528 Davidi
2451 2473 2652 2539 fuerit,
2687 2491 2753 2530 ex
2785 2477 3014 2532 historia
3049 2477 3272 2546 planum
3303 2485 3407 2532 est.
3440 2475 3577 2530 Pro-

1997 2564 2212 2634 phetice
2263 2579 2395 2635 ergo
2435 2581 2558 2636 quae
2587 2566 2853 2621 diuturno
2882 2575 3009 2638 post
3036 2578 3282 2638 tempore
3310 2575 3578 2622 eventura

1993 2663 2152 2708 erant
2196 2655 2250 2709 in
2297 2658 2555 2724 praesenti
2600 2658 2955 2714 vaticinatur.
3002 2658 3110 2714 Sed
3147 2659 3202 2712 in
3237 2674 3412 2714 uxnl
3446 2659 3572 2729 qui-

1994 2747 2148 2814 dem,
2178 2755 2518 2818 postremum
2553 2750 2708 2804 urbis
2737 2751 3050 2815 excidium,
3082 2760 3137 2806 et
3167 2753 3415 2805 ultimam
3445 2760 3579 2806 tem-

1993 2839 2068 2910 pli
2115 2842 2328 2894 ruinam
2357 2857 2478 2911 quae
2507 2843 2610 2897 sub
2651 2841 2913 2898 Romanis
2963 2854 3086 2913 post
3136 2845 3337 2899 civium
3369 2844 3492 2914 ejus
3521 2844 3576 2897 in

2005 2931 2343 2988 Salvatorem
2377 2941 2629 2988 nostrum
2659 2950 2828 2989 ausus
2853 2936 3118 3006 contigit,
3147 2936 3578 3006 prmnuntiahat,

1993 3033 2053 3078 ut
2079 3027 2337 3095 superius
2368 3028 2784 3098 comprobatum
2812 3040 2914 3083 est.
2947 3028 3005 3082 In
3036 3032 3292 3100 praesenti
3323 3045 3455 3084 vero
3483 3045 3579 3084 ve-

1991 3118 2143 3172 nisse
2166 3118 2386 3188 quidem
2418 3129 2608 3189 gentes
2642 3121 2696 3173 in
2731 3120 3107 3176 haereditatem
3142 3120 3275 3186 Dei,
3308 3122 3578 3191 templum

1991 3210 2136 3280 quod
2162 3211 2217 3264 in
2245 3225 2307 3266 ea
2330 3218 2449 3265 erat
2475 3212 2759 3282 polluisse,
2791 3214 3074 3284 ipsamque
3095 3214 3284 3269 urbem
3313 3215 3368 3269 in
3397 3229 3584 3284 pomo-

1992 3316 2113 3355 rum
2136 3302 2440 3356 custodiam
2465 3303 2718 3372 posuisse
2743 3303 3018 3373 signiﬁcat
3043 3323 3056 3369 ;
3086 3320 3262 3375 neque
3289 3312 3474 3360 tamen
3503 3305 3580 3359 ait

305 3369 492 3452 λάκιον
524 3369 826 3453 τεθείκέναι
845 3369 920 3471 ⁷ση
931 3369 1109 3472 μαίνει
1135 3419 1148 3432 ·
1185 3369 1254 3455 οὐ¹
1291 3403 1395 3474 μὴν
1426 3369 1577 3474 πυρὶ⁷
1603 3369 1891 3475 παραδεδό-

1995 3393 2107 3466 igni
2159 3396 2420 3449 traditum
2467 3398 2649 3450 locum
2703 3396 2905 3464 fuisse,
2939 3413 3117 3467 neque
3159 3398 3285 3450 talia
3315 3413 3578 3467 passum,

311 3488 434 3542 σθαι
457 3490 546 3544 τὸν
575 3491 758 3555 τόπον,
777 3492 897 3546 οὐδὲ
921 3493 1146 3547 τοιαῦτα
1168 3494 1496 3548 πεπονθέναι
1518 3498 1679 3548 ὁποῖα
1707 3496 1892 3568 ἐδήλου

307 3579 394 3632 διὰ
417 3581 509 3634 τοῦ
535 3582 1068 3654 προλεχθέντος.Ἔτι
1089 3585 1144 3638 δὲ
1167 3585 1254 3639 διὰ
1275 3585 1368 3640 τοῦ
1390 3587 1654 3658 παρόντος
1675 3588 1895 3660 προστί-

309 3671 487 3740 θησιν,
507 3673 583 3736 ὡς
610 3673 718 3746 ἄρα
740 3676 789 3728 οἱ
815 3675 903 3728 τὸν
923 3675 1088 3729 τόπον
1115 3679 1404 3748 μιάναντες
1434 3679 1660 3744 πολλοὺς
1684 3681 1893 3735 ἀνεῖλον

305 3761 486 3826 ὁσίους
507 3763 701 3846 ἄνδρες
725 3765 818 3818 καὶ
837 3764 971 3818 Θεοῦ
995 3765 1213 3830 δούλους
1233 3786 1246 3798 ·
1270 3762 1344 3822 ὧν
1373 3769 1442 3822 τὰ
1465 3769 1636 3842 νεκρὰ
1664 3770 1893 3842 σώματα

310 3851 386 3924 μὴ
409 3856 862 3926 συγχωρήσαντες
881 3859 946 3928 τῇ
980 3856 1120 3910 κατὰ
1145 3857 1305 3927 φύσιν
1330 3859 1701 3932 παραδοθῆναι
1723 3865 1890 3934 ταφῇ,

304 3947 418 4008 τοῖς
450 3950 715 4010 πετεινοῖς
766 3947 860 4001 τοῦ
903 3949 1133 4020 ούρανοῦ
1169 3949 1333 4021 βορὰν
1379 3951 1580 4006 ἔθεντο.
1608 3955 1790 4007 Ταῦτα
1835 3955 1893 4008 δὲ

306 4035 408 4087 οὐκ
453 4035 518 4089 ἂν
551 4036 733 4108 εὕροις
787 4040 1101 4111 πραχθέντα
1147 4043 1270 4097 οὑτε
1319 4043 1461 4097 κατὰ
1507 4045 1608 4118 τὴν
1656 4047 1893 4119 ὑστάτην

308 4126 624 4199 πολιορκίαν
662 4127 756 4182 τοῦ
786 4131 952 4184 τόπου
975 4149 986 4161 ·
1021 4133 1145 4188 ἐπεὶ
1182 4135 1317 4206 μηδὲ
1357 4137 1602 4209 ὑπῆρχεν
1631 4141 1743 4202 τοῖς
1769 4140 1890 4192 τότε

308 4219 440 4289 παρ’
461 4220 642 4283 αὑτοῖς
668 4221 857 4287 ὁσίοις,
889 4223 996 4277 τῶν
1024 4225 1119 4296 τὴν
1153 4227 1306 4281 πόλιν
1329 4230 1640 4296 οἰκούντων,
1664 4233 1891 4292 ἀνοσίων

307 4309 400 4360 καὶ
429 4309 640 4364 ἀσεϐῶν
673 4311 927 4366 ἁπάντων
958 4317 1256 4384 γεγονότων
1285 4317 1370 4371 διὰ
1401 4319 1469 4374 τὰ
1495 4320 1634 4374 κατὰ
1659 4321 1752 4374 τοῦ
1780 4323 1892 4376 Σω-

306 4397 474 4471 τῆρος
506 4401 662 4472 ἡμῶν
714 4404 854 4457 κατά
897 4423 955 4458 τε
987 4407 1096 4460 τῶν
1145 4409 1457 4464 ἀποστόλων
1502 4411 1668 4466 αὑτοῦ
1707 4413 1889 4467 τετολ-

309 4494 527 4563 μημένα
583 4496 785 4559 αὐτοῖς.
827 4497 964 4551 Ἀλλ’
1000 4500 1120 4553 οὐδὲ
1173 4502 1268 4554 ἐπὶ
1308 4505 1406 4576 τῆς
1458 4506 1538 4569 είς
1592 4507 1889 4563 Βαϐυλῶνα

305 4582 684 4652 αἰχμαλωσίας
733 4586 916 4658 εὕροις
945 4589 1013 4642 ἂν
1057 4590 1125 4644 τὰ
1175 4592 1312 4663 μετὰ
1361 4597 1549 4666 χεῖρας
1587 4599 1885 4668 γενόμενα·

1998 3487 2180 3557 qualia
2216 3488 2272 3540 in
2311 3480 2574 3556 praedicto
2606 3487 2822 3556 psalmo
2853 3489 3131 3543 narrabat.
3164 3489 3328 3544 Addit
3355 3492 3582 3560 insuper

1998 3577 2053 3631 in
2083 3580 2371 3647 praesenti,
2403 3593 2500 3633 eos
2533 3578 2626 3648 qui
2657 3579 2840 3631 locum
2873 3579 3217 3648 polluerunt,
3251 3582 3457 3636 multos
3486 3595 3582 3636 oe-

1997 3669 2198 3725 cidisse
2239 3670 2384 3724 viros
2417 3677 2642 3724 sanctos
2672 3678 2726 3725 et
2757 3669 2853 3725 Dei
2882 3685 3110 3725 servos:
3149 3686 3385 3741 quorum
3429 3687 3579 3728 mor-

1996 3770 2090 3816 tua
2119 3776 2345 3830 corpora
2378 3777 2488 3815 non
2517 3761 2762 3817 sinentes
2794 3763 3037 3816 naturali
3069 3765 3367 3834 sepultura:
3392 3764 3574 3830 tradi,

1995 3855 2053 3909 in
2078 3869 2259 3910 escam
2285 3853 2600 3909 volatilibus
2629 3855 2753 3909 coeli
2788 3864 3112 3925 posuerunt.
3146 3855 3271 3911 Haec
3293 3873 3457 3928 porro
3485 3875 3581 3929 ge-

1996 3956 2082 4004 sta
2124 3963 2234 4000 non
2273 3947 2663 4016 deprehendas
2703 3949 2758 4002 in
2792 3957 3072 4018 postrema
3107 3951 3212 4005 loci
3245 3952 3573 4008 obsidione:

1997 4041 2129 4111 quia
2171 4040 2286 4094 haec
2316 4055 2422 4094 non
2448 4040 2701 4095 accidere
2726 4043 2858 4097 viris
2893 4043 3105 4098 sanctis
3131 4045 3225 4114 qui
3256 4061 3422 4115 penes
3454 4047 3578 4103 illos

1993 4140 2171 4188 erant.
2231 4131 2269 4185 li
2329 4148 2568 4203 namque
2621 4135 2714 4204 qui
2743 4137 2931 4190 urbem
2988 4137 3301 4193 incolebant
3358 4140 3577 4194 scelesti

1993 4238 2183 4279 omnes
2213 4233 2268 4279 et
2302 4225 2454 4294 impii
2495 4235 2690 4290 erant,
2726 4227 2796 4282 ob
2841 4244 2972 4284 suos
3001 4231 3054 4284 in
3097 4229 3440 4287 Servatorem
3479 4249 3580 4288 no-

1993 4324 2166 4372 strum
2198 4324 2252 4372 et
2281 4317 2335 4371 in
2367 4317 2487 4387 ejus
2514 4321 2791 4388 apostolos
2823 4338 3010 4378 ausus.
3047 4321 3154 4380 Sed
3187 4341 3364 4395 neque
3395 4327 3451 4381 in
3476 4327 3579 4382 Ba-

1991 4404 2244 4475 bylonica
2294 4406 2615 4475 captivitate
2661 4408 2778 4463 haec
2825 4408 2966 4465 facta
3011 4416 3292 4483 reperias,
3341 4418 3470 4486 quia
3509 4433 3579 4472 ne

1991 4503 2124 4551 tunc
2164 4497 2384 4567 quidem
2425 4500 2604 4554 sancti
2648 4509 2702 4556 et
2744 4504 2993 4574 religiosi
3034 4506 3136 4559 viri
3189 4522 3218 4561 a
3263 4507 3578 4579 Babyloniis

1990 4586 2254 4641 trucidati
2299 4588 2355 4642 in
2401 4590 2635 4646 historia
2683 4592 2956 4650 feruntur.
3006 4595 3366 4661 Quandonam
3409 4599 3578 4670 igitur

305 4673 427 4774 ius}
456 4675 588 4744 μηδὲ
626 4677 747 4730 τότε
779 4680 958 4744 ὁσίους
983 4681 1184 4753 ἄνδρας
1214 4685 1306 4737 καὶ
1347 4685 1614 4756 θεοφιλεῖς
1643 4689 1747 4742 ὑπὸ
1779 4689 1887 4750 τῶν

1994 4678 2110 4732 hac
2141 4679 2361 4750 impleta
2399 4681 2595 4736 fuere?
2635 4683 2754 4738 Non
2785 4694 2962 4755 potest
3000 4688 3148 4742 aliud
3177 4689 3407 4744 indicari
3440 4700 3576 4746 tem-

305 4761 661 4821 Βαῦυλωνίων
705 4769 1072 4844 ἀνῃρῆσθαιή
1109 4775 1319 4846 ἱστορία
1360 4779 1716 4849 παραδίδωσι.
1752 4782 1888 4835 Πότε

300 4851 484 4908 τοίνυν
535 4856 836 4930 ἐπληροῦτο
861 4860 1070 4930 ταῦτα;
1124 4864 1238 4917 Οὑκ
1293 4864 1439 4920 ἔστιν
1479 4867 1666 4940 ἕτερον
1715 4872 1890 4924 εἰπεῖν

304 4944 519 5015 χρόνον,
550 4948 582 5017 ἢ
619 4949 710 5003 τὸν
734 4951 829 5003 ἐπὶ
865 4953 1158 5026 Ἀντιόχου,
1191 4957 1314 5011 καθ’
1352 4959 1469 5030 ὂνή
1513 4960 1622 5014 τῶν
1662 4963 1891 5018 Μακκα-

304 5034 474 5090 ϐαίων
503 5039 688 5113 γραφὴ
720 5043 789 5098 τὰ
813 5045 952 5114 μετὰ
988 5051 1176 5119 χεῖρας
1213 5050 1588 5123 προλεγόμενα
1618 5053 1685 5107 δι’
1713 5054 1890 5127 ἔργων

303 5130 660 5200 κεχωρηκότα
685 5131 945 5191 δείκνυσι.
966 5137 1280 5207 Γέγραπται
1305 5140 1435 5210 γοῦν
1466 5143 1522 5194 ὲν
1543 5144 1680 5216 αὑτῇ
1702 5146 1890 5200 τοῦτον

300 5217 408 5306 τὸνΔ
435 5221 666 5291 τρόπον·
699 5225 811 5279 Kal
858 5229 1247 5300 ὑπέστρεψεν
1302 5235 1599 5305 Ἀντίοχος
1631 5238 1784 5306 μετὰ
1821 5241 1888 5292 τὸ

303 5299 563 5377 παὶάξαι
597 5315 713 5385 τὴν
743 5319 1049 5387 Αἴγυπτον
1168 5323 1248 5390 τῷ
1263 5323 1318 5393 ρ’
1343 5325 1443 5382 καὶ
1469 5299 1527 5396 ᾖ
1552 5299 1650 5383 καί
1676 5337 1725 5399 γ’
1747 5331 1888 5396 ἔτει,

302 5401 402 5454 καὶ
431 5403 616 5474 ἀνέϐη
637 5407 737 5461 ἐπὶ
767 5410 1010 5481 Ἰσραὴλ
1034 5413 1104 5466 ἐν
1131 5415 1292 5482 ὄχλῳ
1310 5417 1521 5486 βαρεῖ·
1552 5421 1652 5473 καὶ
1682 5420 1890 5490 εἰσῆλ-

300 5493 407 5546 θεν
433 5497 521 5561 είς
551 5498 619 5550 τὸ
653 5501 919 5572 ἀγίασμα
945 5504 1017 5557 ἐν
1044 5508 1444 5577 ὑπερηφανίᾳ.
1472 5513 1582 5565 Καὶ
1613 5513 1794 5566 ἔλαϐε
1823 5515 1891 5568 τὸ

300 5584 689 5655 θυμιατήριον
741 5591 809 5645 τὸ
852 5596 1150 5664 χρυσοῦν,
1176 5598 1275 5651 καὶ
1325 5599 1440 5668 τὴν
1477 5604 1741 5670 λυχνίαν
1781 5605 1890 5660 τοῦ

299 5675 515 5742 φωτὸς,
549 5680 650 5733 καὶ
685 5682 883 5738 πάντα
919 5687 991 5741 τὰ
1014 5691 1205 5757 σκεύη
1229 5692 1440 5760 αὐτῆς,
1481 5694 1580 5747 καὶ
1605 5694 1720 5763 τὴν
1747 5696 1883 5764 τρά-

297 5765 484 5827 πεζαν
511 5771 624 5841 τῆς
656 5776 1026 5845 προθέσεως,
1057 5783 1156 5836 καὶ
1189 5783 1264 5838 τὰ
1309 5785 1572 5840 σπονδιά
1591 5827 1607 5850 ,
1640 5786 1739 5841 καὶ
1771 5788 1878 5854 τὰς

298 5857 554 5932 φιάλας,
605 5865 705 5920 καί
757 5869 865 5938 τὰς
918 5872 1174 5940 θυΐσκας
1203 5874 1310 5943 τὰς
1353 5876 1590 5947 χρυσᾶς
1613 5919 1627 5945 ,
1679 5878 1776 5934 καί
1815 5880 1885 5936 τὸ

1995 4785 2125 4838 pus,
2178 4772 2284 4826 nisi
2327 4770 2624 4838 Antiochi,
2669 4777 2773 4831 sub
2797 4793 2907 4847 quo
2953 4777 3390 4834 Machahaeorum
3438 4783 3577 4837 scri-

1989 4870 2148 4931 ptura
2178 4902 2192 4925 ,
2244 4879 2366 4932 qua:
2413 4864 2501 4918 hic
2551 4871 2992 4934 praenuntiantur
3033 4873 3333 4942 contigisse
3363 4883 3571 4930 narrat.

1991 4951 2266 5025 Scriptum
2299 4958 2486 5026 itaque
2515 4959 2590 5012 ibi
2622 4961 2821 5030 legitur
2847 4983 2859 5018 :
2899 4967 2970 5017 Et
3003 4982 3240 5020 reversus
3272 4977 3351 5021 est
3378 4968 3574 5022 Antio-

1988 5047 2147 5114 chus,
2190 5059 2469 5118 postquam
2521 5056 2784 5121 percussit
2817 5055 3147 5128 sEgyptum,
3179 5062 3234 5116 in
3281 5064 3573 5116 centesimo

1987 5150 2039 5193 et
2067 5140 2480 5211 quadragesimo
2530 5148 2683 5200 tertio
2720 5165 2893 5211 anno;
2945 5161 2994 5204 et
3034 5154 3271 5207 ascendit
3314 5157 3369 5209 in
3403 5155 3578 5211 Israel

1991 5249 2110 5285 cum
2141 5233 2480 5290 multitudine
2510 5240 2659 5306 gravi
2685 5255 2704 5303 ;
2735 5250 2784 5294 et
2815 5242 3088 5313 ingressus
3125 5248 3280 5300 estin
3321 5261 3578 5302 sanctua-

1992 5325 2133 5376 rium
2181 5342 2299 5378 cum
2352 5328 2623 5396 superbia,
2675 5342 2725 5385 et
2774 5336 2975 5403 accepit
3019 5338 3195 5391 altare
3230 5356 3494 5405 aureum,
3524 5349 3577 5398 et

1991 5416 2372 5473 candelabrum
2403 5421 2644 5489 luminis,
2687 5434 2738 5479 et
2763 5427 3008 5483 universa
3038 5447 3165 5485 vasa
3197 5433 3334 5502 ejus,
3360 5443 3410 5487 et
3441 5450 3582 5488 πιθεῖ-

1993 5525 2108 5564 sam
2139 5512 2518 5580 propositionis
2538 5557 2554 5581 ,
2586 5527 2635 5570 et
2669 5518 2923 5574 libatoria
2943 5561 2959 5587 ,
2992 5533 3041 5576 et
3075 5523 3286 5592 phialas
3307 5569 3321 5591 ,
3353 5535 3403 5578 et
3434 5542 3580 5579 mor-

1995 5601 2191 5655 tariola
2225 5620 2426 5669 aurea,
2459 5615 2510 5661 et
2564 5609 2767 5676 velum,
2819 5622 2870 5666 et
2925 5630 3184 5681 coronas,
3232 5627 3282 5671 et
3327 5628 3579 5674 ornatum

1992 5695 2087 5763 qui
2125 5696 2179 5749 in
2220 5697 2356 5766 facie
2396 5701 2574 5769 templi
2618 5713 2754 5759 erat.
2801 5704 2872 5758 Et
2911 5712 3223 5764 comminuit
3268 5713 3489 5766 omnia:
3523 5721 3576 5768 ct

1993 5793 2190 5860 accepit
2223 5794 2502 5853 thesauros
2532 5801 2800 5868 occultos,
2826 5819 2957 5874 quos
2987 5807 3202 5861 invenit.
3237 5805 3306 5862 Et
3343 5807 3574 5861 sublatis

1993 5885 2257 5956 omnibus,
2282 5904 2519 5948 reversus
2541 5892 2674 5950 abiit
2697 5896 2749 5951 in
2778 5905 2973 5954 terram
3003 5916 3176 5956 suam.
3213 5899 3280 5956 Et
3311 5900 3434 5970 fecit
3465 5916 3573 5954 cu:-
