4078 6432
519 399 623 457 θιδ

1187 395 1450 452 EUSEBII
1487 393 1968 452 CESARIENSIS
2009 395 2159 451 υΡΡ.
2202 396 2381 451 PARS
2405 395 2493 452 Ill.
2527 423 2595 436 ——
2635 392 3047 450 EXEGETICA.

3659 397 3779 452 9-H

519 519 637 571 dem
699 530 988 585 magnam:
1037 523 1084 567 et
1135 514 1308 582 factus
1362 523 1440 568 est
1480 515 1725 582 planctus
1770 530 1988 583 magnus
2036 514 2088 565 in

2193 512 2636 581 καταπέτασμα,
2678 511 2776 564 καὶ
2808 509 2947 577 τοὺς
2975 509 3334 578 στεφάνους.
3372 507 3467 560 καὶ
3514 508 3620 562 τὸν
3661 513 3775 565 κό-

526 607 715 661 lsrael.
756 605 824 658 Et
864 607 1078 674 scripsit
1113 621 1207 659 rex
1245 607 1388 660 omni
1427 623 1585 676 regno
1623 624 1721 660 suo
1745 647 1760 670 ,
1808 615 1867 658 ut
1914 616 2086 660 essent

520 713 694 751 omnes
721 697 945 766 populus
974 713 1109 750 unus
1136 736 1152 760 ,
1182 706 1233 751 et
1262 698 1576 768 relinqueret
1615 699 1974 768 unusquisque
2012 699 2087 751 le-

518 806 629 859 gem
654 804 807 841 suam
827 788 895 842 ⁸⁸.
920 786 987 840 Et
1018 788 1276 855 amplexa
1301 801 1424 842 sunt
1451 805 1628 842 omnes
1670 798 1847 858 gentes
1873 788 2084 842 verbum

519 881 652 950 regis
677 897 696 935 :
732 889 782 934 et
821 879 978 932 multi
1013 896 1080 934 ea:
1117 881 1246 949 [iliis
1288 879 1464 936 Israel
1500 888 1879 935 consenserunt
1917 881 2087 934 cultui

518 973 668 1035 eius,
723 981 776 1026 et
835 950 1266 1041 sacriﬁcaverunt
1305 971 1497 1037 idolis,
1535 981 1585 1026 et
1623 972 2088 1039 coinquinaverunt

518 1062 813 1117 Sabbatum
838 1064 904 1116 δ’.
936 1063 1066 1118 Post
1096 1063 1211 1117 haec
1234 1072 1412 1118 autem
1444 1063 1678 1118 dicitur:
1705 1061 1774 1116 Et
1803 1063 2089 1132 aediﬁcavit

517 1153 961 1207 abominationem
998 1152 1342 1206 desolationis
1373 1153 1428 1206 in
1456 1153 1642 1208 altari.
1673 1151 1741 1206 Et
1770 1154 1823 1206 in
1854 1153 2090 1207 civitati-

519 1245 614 1299 bus
649 1243 797 1298 Juda
844 1245 900 1298 in
946 1244 1174 1298 circuitu
1221 1243 1618 1313 aadiﬁcaverunt
1668 1244 1907 1308 altaria,
1945 1253 1995 1298 et
2035 1245 2089 1297 in

517 1336 684 1404 portis
723 1336 874 1400 suis,
914 1344 964 1390 et
1003 1337 1059 1388 in
1097 1336 1286 1403 plateis
1330 1335 1622 1406 thymiama
1667 1335 1972 1390 adolebant.
2019 1331 2089 1388 Et

520 1426 682 1481 libros
718 1425 794 1496 (1)
841 1427 1035 1494 psalmi
1088 1443 1218 1497 quos
1255 1428 1558 1482 invenerunt
1613 1429 1943 1492 scindentes,
1974 1431 2092 1496 igne

519 1518 913 1572 combusserunt
945 1519 1014 1574 '°.
1055 1517 1475 1588 Adjiciturquc:
1513 1517 1581 1572 Et
1622 1521 1777 1573 multi
1815 1521 1870 1574 in
1913 1519 2089 1574 Israel

519 1607 835 1678 definierunt
866 1610 919 1662 in
947 1625 1036 1674 se,
1068 1618 1126 1661 ut
1154 1625 1256 1664 non
1281 1609 1664 1665 manducarent
1695 1612 1990 1666 immunda.
2022 1610 2090 1664 Et

517 1703 782 1772 elegerunt
819 1703 981 1766 mori,
1030 1713 1088 1756 ut
1134 1720 1238 1757 non
1281 1705 1769 1760 contaminarentur
1815 1707 1981 1771 cibis,
2041 1715 2090 1760 et

520 1795 715 1846 mortui
760 1803 904 1849 sunt.
956 1794 1024 1846 Et
1069 1794 1214 1863 facta
1241 1805 1319 1849 est
1347 1797 1431 1850 ira
1459 1813 1654 1868 magna
1685 1799 1739 1850 in
1771 1796 1948 1851 Israel
1978 1797 2093 1852 val-

2189 623 2348 674 σμον
2378 606 2484 658 τὸν
2504 608 2654 657 κατὰ
2680 604 3006 671 πρόσωπον
3051 601 3158 655 τοῦ
3183 601 3350 654 ναοῦ.
3389 601 3496 654 Kal
3517 601 3778 658 ἐλέπισε

2187 695 2410 749 πάνταο
2442 697 2538 750 καὶ
2570 697 2748 750 ἔλαϐε
2789 696 2930 763 τοὺς
2956 693 3300 763 θησαιφοὺς
3331 693 3471 758 τοὺς
3503 695 3775 762 ἀποκρύ-

2187 805 2360 855 φους,
2395 783 2504 852 οὗς
2532 783 2690 856 εὗρε.
2728 787 2839 839 Kal
2881 786 3083 840 λαϐὼν
3117 785 3464 854 σύμπαντα,
3491 784 3773 853 ἐπιστρέ-

2187 882 2309 948 ψας
2343 878 2617 946 ἀπῆλθον
2664 881 2752 944 εις
2783 878 2898 945 τὴν
2933 878 3051 948 γῆν
3099 875 3306 931 αὑτοῦ.
3353 876 3465 930 Kal
3513 876 3773 944 ἐποίησε

2187 973 2586 1041 φονοκτονίαν
2607 971 2882 1041 μεγάλην
2901 987 2914 1000 ·
2957 971 3054 1023 καὶ
3081 970 3317 1038 ἐγένετο
3360 967 3581 1034 πένθος
3609 969 3774 1038 μέγα

2186 1063 2285 1117 ἐπὶ
2326 1062 2582 1130 Ἰσραήλ.
2633 1063 2741 1116 Kal
2789 1063 3053 1132 ἔγραψεν
3080 1063 3113 1114 ό
3146 1060 3444 1126 ,βασιλεὺς
3482 1058 3652 1127 πάσῃ
3689 1059 3774 1127 τῇ

2182 1155 2470 1223 βασιλείᾳ
2501 1157 2688 1210 αὐτοῦ
2715 1151 2866 1209 εἶναι
2891 1155 3124 1220 πάντας
3144 1153 3299 1207 λαὸν
3318 1153 3445 1216 ἕνα,
3464 1153 3563 1206 καὶ
3592 1153 3776 1222 ἐγκα-

2189 1246 2462 1301 ταλιπεῖν
2492 1247 2749 1314 ἕκαστος
2785 1247 2857 1301 τὰ
2892 1247 3113 1316 νόμιμα
3164 1243 3373 1298 αὐτοῦ.
3411 1244 3520 1298 Kal
3555 1244 3777 1298 ἀπεδέ-

2190 1338 2372 1403 ξαντο
2399 1338 2595 1393 πάντα
2629 1339 2700 1392 τὰ
2734 1337 2879 1406 ἔθνη
2927 1340 3034 1391 τὸν
3077 1337 3263 1406 λόγον
3287 1335 3395 1390 τοῦ
3423 1335 3734 1402 βασιλέως
3756 1352 3772 1366 ο

2190 1433 2290 1484 καί
2320 1448 2387 1499 γε
2419 1430 2635 1483 πολλοὶ
2673 1429 2796 1484 ἀπὸ
2843 1429 2989 1483 υἱῶν
3031 1427 3269 1496 Ἰσραὴλ
3321 1425 3665 1494 εὐδόκησαν
3691 1424 3776 1494 τῇ

2189 1523 2432 1590 λατρεία
2481 1522 2700 1586 αὐτοῦ,
2746 1522 2842 1574 καὶ
2893 1522 3124 1575 ἔθυσαν
3153 1519 3278 1586 τοῖς
3320 1517 3619 1583 εἰδώλοις,
3669 1519 3776 1572 καὶ

2189 1615 2570 1681 ἐϐεσήλωσαν
2590 1614 2656 1668 τὸ
2691 1614 3010 1668 Σάϐϐατον.
3027 1614 3136 1665 Καὶ
3160 1611 3298 1685 μετὰ
3320 1609 3493 1664 ταῦτα
3518 1610 3739 1682 εἴρηται
3755 1627 3771 1639 ·

2193 1707 2299 1762 Kal
2326 1705 2673 1775 ᾠκοδόμησε
2715 1703 3032 1773 βδέλυγμα
3070 1701 3420 1771 ἐρημώσεως
3438 1700 3535 1753 ἐπὶ
3574 1701 3641 1753 τὸ
3670 1704 3777 1755 θυ-

2193 1798 2566 1866 σιαστήριον.
2591 1797 2701 1850 Kal
2726 1812 2791 1866 γε
2817 1796 2887 1847 ἐν
2923 1797 3141 1848 πόλεσι
3178 1791 3365 1848 Ἰούδα
3386 1792 3590 1859 κύκλῳ
3620 1794 3775 1858 ᾠκο-

519 1886 583 1938 de
613 1886 678 1939 σι.
713 1885 836 1940 llaec
866 1901 1030 1957 porro
1057 1886 1334 1941 diuturnis
1364 1897 1553 1957 postea
1578 1889 1944 1960 temporibus,
1967 1897 2092 1959 post

2193 1888 2468 1958 δόμησαν
2480 1888 2722 1957 βωμούς
2739 1907 2753 1920 ο
2783 1887 2878 1939 καί
2901 1886 2997 1940 διὰ
3019 1885 3138 1939 τῶν
3160 1883 3355 1953 θυρῶν
3373 1883 3494 1937 τῶν
3511 1884 3774 1944 οἰκείων,
3801 1894 3816 1912 ‘

520 1980 808 2050 Assyriaca
840 1989 895 2033 et
929 1979 1168 2044 Medica,
1205 1988 1328 2050 post
1357 1980 1578 2036 Persica
1608 1988 1663 2035 et
1689 1989 1820 2048 post
1849 1981 2087 2036 Alexan-

518 2072 601 2125 dri
637 2071 945 2126 Macedonis
987 2083 1218 2128 mortem
1263 2080 1415 2143 gesta
1448 2081 1595 2128 sunt.
1637 2071 1707 2124 At
1742 2071 1976 2143 Spiritus
2006 2073 2090 2128 di-

519 2163 679 2218 vinus
730 2177 828 2232 per
870 2162 1018 2216 hunc
1066 2165 1388 2233 prophetam
1439 2163 1554 2218 haec
1604 2163 1722 2234 ipsa
1761 2164 2090 2219 vaticinatur

518 2255 709 2310 dicens
735 2274 748 2308 :
777 2255 937 2318 Deus,
965 2267 1210 2311 venerunt
1233 2267 1409 2327 gentes
1432 2259 1485 2311 in
1515 2257 1876 2312 hareditatem
1905 2267 2051 2312 tuam
2072 2300 2087 2325 ,

517 2345 815 2412 polluerunt
848 2346 1096 2416 templum
1124 2357 1369 2400 sanctum
1399 2357 1546 2400 tuum
1567 2387 1582 2410 ,
1614 2358 1900 2416 posuerunt
1934 2349 2093 2402 Jeru-

518 2437 683 2490 salem
715 2438 767 2490 in
794 2453 1070 2505 pomorum
1100 2440 1418 2492 custodiam.
1449 2437 1704 2494 —VEIts.
1731 2438 1850 2496 9-4.
1899 2439 2092 2494 Posue-

517 2539 644 2582 runt
689 2531 972 2584 morticina
1019 2546 1285 2584 servorum
1331 2539 1543 2583 tuorum
1585 2547 1733 2583 escas
1785 2530 2090 2585 volatilibus

516 2621 635 2673 caeli
656 2659 670 2682 ,
704 2636 888 2674 carnes
919 2631 1225 2676 sanctorum
1255 2630 1468 2673 tuorum
1506 2620 1684 2674 bestiis
1721 2629 1895 2675 terrae.
1940 2619 2093 2691 Effu-

517 2710 708 2764 derunt
730 2713 1034 2782 sanguinem
1073 2729 1254 2766 eorum
1289 2723 1540 2780 tanquam
1571 2727 1762 2780 aquam
1786 2711 1841 2764 in
1867 2711 2091 2766 circuitu

517 2801 848 2868 Jerusalem,
882 2813 930 2858 et
961 2821 1063 2856 non
1109 2814 1221 2857 erat
1268 2805 1357 2872 qui
1400 2802 1662 2871 sepeliret.
1696 2800 1856 2855 Facti
1905 2819 2090 2858 sumus

519 2894 856 2962 opprobrium
904 2895 1084 2950 vicinis
1137 2895 1369 2956 nostris,
1413 2893 1762 2947 subsannatio
1802 2902 1852 2946 et
1895 2892 2092 2948 derisio

518 2985 587 3037 iis
631 2986 721 3054 qui
761 2987 816 3040 in
859 2987 1086 3040 circuitu
1128 2995 1312 3040 nostro
1344 2995 1488 3039 sunt.
1524 2984 1630 3038 Pro
1663 2985 1757 3038 illo
1786 2992 1967 3039 autem
1991 3025 2005 3049 ,
2037 2988 2091 3040 in

517 3091 793 3144 pomorum
823 3077 1121 3132 custodiam
1142 3117 1157 3141 ,
1189 3077 1420 3147 Aquila,
1451 3078 1505 3131 in
1537 3092 1779 3130 acervum
1809 3076 2046 3144 lapidum
2071 3093 2090 3142 ;

522 3166 885 3237 Symmachus
915 3183 1045 3223 vero
1064 3207 1079 3231 ,
1109 3168 1164 3223 in
1192 3167 1362 3222 saltus
1384 3209 1400 3233 ,
1426 3166 1735 3222 ediderunt.

2196 1981 2290 2034 καὶ
2326 1982 2394 2034 ἐν
2426 1981 2554 2046 ταῖς
2604 1981 2910 2045 πλατείαις
2941 1978 3197 2048 ἐθυμίων
3243 1976 3335 2030 ἐπ’
3367 1976 3608 2041 αὐτούς.
3661 1974 3776 2028 Kal

2196 2075 2266 2128 τὰ
2309 2075 2518 2138 βιϐλία
2561 2074 2666 2126 τοῦ
2705 2071 2949 2142 ψαλμοῦ
2995 2070 3033 2124 ἃ
3064 2065 3244 2138 εὗρον
3268 2067 3773 2137 κατασχίσαντες,

2195 2165 2557 2233 ἐνεπύρισαν
2580 2165 2649 2216 ἐν
2687 2164 2830 2231 πυρί
2837 2205 2850 2216 .
2884 2161 2992 2214 Καὶ
3016 2160 3360 2228 ὲπιλέγεταιο
3392 2159 3500 2212 Kal
3554 2156 3774 2211 πολλοὶ

2195 2257 2264 2310 ἐν
2305 2257 2540 2324 Ἰσραὴλ
2566 2255 2971 2324 ὠχιφώθησαν
2991 2253 3060 2306 ἐν
3091 2251 3292 2318 αὐτοῖς
3317 2251 3425 2305 τοῦ
3448 2249 3536 2320 μὴ
3560 2248 3776 2319 φαγεῖν

2197 2348 2387 2401 κοινά.
2431 2348 2539 2401 Kal
2567 2346 2938 2410 ἀπεδέξαντο
2969 2343 3314 2408 ἀποθανεῖν,
3350 2344 3452 2396 ἶνα
3488 2342 3575 2412 μὴ
3602 2356 3776 2410 μιαν-

2197 2439 2343 2494 θὼσι
2383 2439 2505 2506 τοῖς
2537 2439 2834 2507 βρώμασι,
2879 2437 2977 2490 καὶ
3009 2436 3330 2492 ἀπέθανον.
3383 2434 3493 2489 Kal
3536 2433 3775 2503 ἐγένετο

2197 2531 2343 2600 ὀργὴ
2377 2531 2609 2601 μεγάλη
2653 2530 2751 2583 ἐπὶ
2784 2529 3021 2598 Ἰσραὴλ
3056 2528 3313 2597 σφόδρα.
3353 2525 3538 2581 Ταῦτα
3576 2525 3632 2578 δέ
3662 2541 3769 2596 μα-

2198 2625 2347 2692 κροῖς
2389 2621 2611 2691 ὕστερον
2654 2619 2955 2691 ἐπληροῦτο
2993 2620 3203 2690 χρόνοις
3235 2616 3374 2688 μετὰ
3408 2615 3477 2669 τὰ
3513 2613 3772 2684 Ἀσσύρια

2200 2712 2290 2764 καὶ
2321 2710 2561 2780 Μηδικὰ,
2612 2711 2705 2763 καὶ
2757 2709 2894 2780 μετὰ
2937 2709 3006 2762 τὰ
3054 2707 3298 2780 Περσικὰ
3344 2708 3438 2760 καὶ
3486 2704 3626 2778 μετὰ
3668 2706 3774 2776 τὴν

2211 2800 2556 2874 Ἀλεξάνδρου
2608 2801 2702 2855 τοῦ
2749 2802 3052 2864 Μακέδονος
3111 2800 3389 2871 τελευτήν.
3433 2798 3510 2852 Τό
3553 2813 3618 2866 γε
3663 2795 3772 2868 μὴν

2198 2893 2423 2964 Πνεῦμα
2469 2895 2530 2946 τὸ
2580 2893 2720 2946 θεῖον
2767 2894 2853 2946 διὰ
2904 2893 2999 2946 τοῦ
3057 2891 3194 2963 μετὰ
3249 2892 3437 2962 χεῖρας
3485 2889 3772 2960 προφήτου

2199 2987 2337 3040 αὐτὰ
2369 2987 2432 3060 δὴ
2474 2987 2646 3039 ταῦτα
2679 2987 2925 3048 θεσπίζει
2953 2985 3139 3053 λέγον·
3187 2985 3242 3036 '0
3279 2983 3452 3050 Θεὸς,
3490 2981 3770 3052 εἰσήλθο-

2198 3092 2319 3129 σαν
2349 3077 2491 3144 ἔθνη
2525 3080 2610 3142 εις
2638 3076 2753 3145 τὴν
2781 3076 3183 3144 κληρονομίαν
3217 3092 3356 3141 σου,
3385 3074 3640 3144 ἐμίαναν
3665 3069 3773 3123 τὸν

2197 3169 2349 3222 ναὸν
2403 3169 2511 3222 τὸν
2568 3169 2738 3239 ἅγιόν
2786 3183 2900 3221 σου
2921 3209 2937 3235 ,
2990 3169 3194 3222 έθεντο
3249 3165 3635 3236 Ἰερουσαλὴμ
3685 3164 3771 3227 είς

519 3262 1038 3332 ιτπωροςρυλιὶκιον.
1067 3264 1308 3317 Ἐθεντο
1338 3263 1409 3316 τὰ
1445 3262 1771 3332 θνησιμαῖα
1811 3262 1930 3317 τῶν
1994 3263 2230 3316 δούλων
2261 3280 2378 3317 σου
2407 3263 2614 3332 βρῶμα
2657 3263 2780 3330 τοῖς
2821 3263 3112 3329 πετεινοῖς
3160 3262 3268 3317 τοῦ
3326 3259 3607 3330 οὐρανοῦ,
3665 3259 3773 3322 τὰς

519 3354 752 3422 σάρκας
802 3353 919 3407 τῶν
945 3355 1131 3408 ὁσίων
1161 3369 1278 3408 σου
1334 3353 1459 3418 τοῖς
1517 3356 1743 3422 θηρίοις
1805 3354 1916 3424 τῆς
1962 3353 2089 3424 γῆς.
2144 3355 2422 3425 Ἑξέχεαν
2463 3357 2528 3408 τὸ
2562 3351 2702 3424 αἷμα
2731 3356 2929 3408 αὐτῶν
2965 3357 3044 3422 ὡς
3076 3355 3232 3422 ὓδωρ
3295 3355 3498 3419 κύκλῳ
3556 3353 3771 3420 Ἰερου-

517 3446 746 3516 σαλὴμ,
773 3446 872 3500 καὶ
919 3449 1030 3501 οὐκ
1068 3442 1148 3517 ἦν
1181 3450 1214 3500 ὀ
1261 3446 1517 3502 θάπτων.
1557 3448 1953 3517 Ἐγενήθημεν
2001 3448 2231 3515 ὄνειδος
2277 3449 2400 3514 τοῖς
2436 3451 2698 3519 γείτοσιν
2730 3449 2917 3518 ἡμῶν,
2955 3447 3366 3518 μυκτηρισμὸς
3402 3447 3500 3500 καὶ
3550 3448 3769 3515 χλευα-

517 3536 674 3606 σμὸς
717 3537 840 3603 τοῑς
878 3539 1081 3602 κύκλῳ
1125 3539 1313 3608 ἡμῶν.
1368 3540 1517 3593 ’Λντὶ
1563 3540 1620 3594 δὲ
1662 3541 1780 3605 τοῦ,
1825 3543 1910 3606 είς
1961 3541 2475 3612 ὀπωροφυλάκιον,
2537 3544 2564 3595 ὁ
2608 3543 2706 3613 μὲν
2752 3541 3003 3605 ’Λκύλας,
3052 3543 3140 3606 εἱς
3193 3539 3580 3610 λιθολογίαν,
3616 3536 3646 3588 ὁ
3708 3535 3767 3588 δέ

518 3629 830 3700 Σύμμαχος,
858 3631 944 3695 είς
973 3630 1236 3700 δρυμοὺς
1269 3629 1618 3686 ἐπιδεδώκασι.

589 3719 756 3774 Vsus.
789 3720 821 3774 5
870 3718 1164 3790 Usquequo,
1184 3719 1423 3786 Domine,
1451 3723 1698 3777 irasceris
1721 3723 1774 3776 in
1795 3723 1982 3792 finem,
2009 3739 2093 3776 ac-
2119 3724 2167 3786 ο

517 3811 765 3866 cendetur
809 3812 947 3866 velut
989 3811 1127 3882 ignis
1159 3811 1303 3865 zelus
1334 3819 1455 3866 tuus
1485 3815 1510 3868 .9
1544 3810 1775 3868 Videtur
1802 3813 1932 3867 mihi
1962 3829 2090 3884 pro-

519 3903 678 3972 pheta
730 3901 915 3972 Asaph
965 3910 1090 3973 post
1135 3903 1548 3960 accusationem
1597 3903 1813 3960 Judaici
1865 3905 2088 3974 populi,

518 4008 681 4063 quam
719 3993 772 4046 in
804 3992 1132 4064 praecedenti
1161 3993 1434 4056 instituit,
1465 3993 1582 4049 haec
1625 3994 1876 4065 apposite
1926 3992 2090 4048 indu-

2268 3721 2422 3786 ’Ἕως
2443 3720 2606 3781 πότε,
2632 3719 2824 3787 Κύριε,
2852 3717 3185 3789 ὀργισθήσῃ
3219 3718 3304 3782 είς
3329 3715 3521 3782 τέλος,
3551 3718 3768 3773 ἐκκαυ-

2195 3807 2440 3877 θήσεται
2457 3809 2536 3874 ὠς
2559 3808 2678 3877 πῦρ
2705 3811 2738 3862 ό
2770 3807 2947 3875 ζῆλός
2968 3823 3121 3870 σου;
3144 3809 3300 3859 Δοκεῖ
3326 3823 3414 3877 μοι
3435 3807 3464 3858 ὁ
3488 3811 3771 3880 προφήτης

2209 3899 2380 3969 Ἀσὰφ
2403 3901 2541 3970 μετὰ
2567 3899 2664 3970 τὴν
2693 3899 2787 3952 τοῦ
2823 3900 3088 3954 Ἰουδαίων
3115 3899 3298 3963 ἔθνους
3325 3901 3676 3972 κατηγορίαν,
3701 3901 3775 3972 ἢν

2197 3990 2489 4061 πεποίηται
2520 3992 2580 4044 ἐν
2629 3990 2709 4062 τῷ
2755 3991 2860 4062 πρὸ
2916 3994 3138 4053 τούτου,
3187 3990 3256 4043 τὰ
3312 3991 3645 4062 προκείμενα
3679 3993 3774 4046 καὶ

517 4100 681 4148 cere,
727 4099 849 4155 quae
893 4084 1054 4155 quasi
1103 4084 1170 4138 ad
1207 4084 1570 4154 placationem
1615 4096 1668 4141 et
1707 4086 1775 4140 ad
1821 4085 2087 4140 medelam

2195 4081 2503 4145 ἀκολούθως
2558 4083 2808 4151 ἐπάγειν,
2850 4083 3197 4154 ἐξιλεούμενα
3245 4081 3434 4153 ὥσπερ
3472 4083 3566 4136 καὶ
3611 4083 3774 4154 θερα-

517 4191 707 4231 corum
740 4191 860 4246 qua:
894 4178 1046 4246 prius
1073 4178 1403 4247 reprehensa
1433 4175 1585 4232 fuere
1609 4177 1908 4246 composita
1939 4184 2087 4232 sunt.

2199 4173 2431 4226 πεύοντα
2475 4174 2544 4227 τὰ
2569 4173 2658 4227 διὰ
2703 4173 2813 4226 τῶν
2853 4173 3160 4247 ἔμπροσθεν
3198 4174 3558 4247 ἐληλεγμένα.
3589 4177 3773 4230 Κατα-

519 4266 786 4322 Recenset
813 4268 996 4337 itaque
1023 4270 1174 4322 varia
1203 4271 1396 4324 mortis
1419 4285 1620 4340 genera
1647 4269 1964 4325 Iudaeorum
1993 4270 2090 4340 qui

2199 4263 2345 4333 λέγει
2373 4265 2503 4333 γοῦν
2538 4265 2664 4329 τοὺς
2693 4265 2831 4338 ὑπὲρ
2874 4266 3151 4331 εὐσεϐείας
3194 4266 3454 4330 θανάτους
3485 4267 3596 4320 τῶν
3640 4268 3770 4338 παρ’

518 4375 619 4431 pro
665 4360 867 4429 pietate
912 4361 1232 4432 martyrium
1285 4368 1420 4416 tunc
1474 4363 1783 4418 subierunt.
1843 4361 2090 4428 Quorum

2201 4359 2383 4422 αὐτοῖς
2411 4358 2683 4422 Ἰουδαίοις
2719 4359 3219 4430 μεμαρτυρηκότων
3237 4375 3250 4389 ·
3279 4353 3354 4414 ὧν
3374 4360 3443 4412 τὰ
3475 4360 3771 4433 θνησιμαῑα

518 4451 811 4505 morticina
875 4452 1082 4507 inimici
1132 4453 1226 4508 Dei
1279 4453 1335 4507 in
1382 4469 1540 4510 escas
1601 4454 1916 4510 volatilibus
1960 4453 2091 4509 caeli

2194 4451 2244 4502 οἱ
2271 4449 2456 4521 ἐχθροὶ
2499 4448 2594 4503 τοῦ
2624 4449 2760 4502 Θεοῦ
2807 4449 2987 4502 ἔθεντο
3019 4449 3280 4521 βρώματα
3340 4454 3453 4514 τοῖς
3501 4453 3770 4514 πετεινοῖς

517 4542 824 4608 dederunt,
856 4553 910 4598 et
944 4558 1144 4600 carnes
1188 4551 1508 4599 sanctorum
1544 4545 1636 4601 Dei
1679 4545 1872 4602 bestiis
1907 4552 2086 4600 terrae.

2197 4538 2291 4592 τοῦ
2333 4538 2563 4610 οὐρανοῦ
2585 4579 2599 4602 ,
2628 4539 2852 4602 καὶτὰς
2896 4539 3105 4610 σάρκας
3146 4539 3252 4593 τῶν
3293 4539 3456 4593 ὁσίων
3501 4540 3594 4593 τοῦ
3635 4538 3767 4593 Θεοῦ

516 4631 833 4705 Opportune
861 4635 1026 4704 igitur
1053 4649 1152 4705 pro
1177 4635 1246 4690 iis
1274 4633 1444 4690 Deum
1479 4636 1660 4706 placat
1690 4675 1706 4699 ,
1739 4650 1803 4690 ac
1835 4636 1880 4691 si
1915 4637 2091 4691 sacri-

2197 4631 2309 4693 τοῖς
2341 4629 2548 4700 θηρίοις
2585 4629 2684 4699 τῆς
2718 4629 2838 4700 γῆς.
2880 4631 3174 4702 Εὑκαίρως·
3206 4628 3382 4682 τοίνυν
3432 4629 3526 4684 ἐπὶ
3560 4629 3767 4692 τούτοις

517 4723 703 4778 licium
760 4723 865 4794 ipsi
917 4730 1095 4778 morte
1146 4729 1466 4778 sanctorum
1521 4739 1751 4779 suorum
1801 4723 2085 4780 oll‘eratur.

2201 4722 2476 4776 ἱλάσκεται
2507 4724 2600 4775 τὸν
2642 4722 2775 4776 Θεὸν
2799 4762 2814 4787 ,
2854 4722 3055 4777 ὡσανεὶ
3081 4723 3269 4786 θυσίας
3311 4721 3460 4792 αὺτῷ
3500 4739 3768 4794 προσενη-

518 4815 881 4883 Quamobrem
923 4816 1037 4870 ait:
1072 4813 1368 4886 Usquequo,
1401 4815 1642 4880 Domine,
1674 4817 1920 4871 irasceris
1949 4818 2002 4871 in
2027 4818 2092 4886 ﬁ-

2198 4815 2464 4886 νεγμένης
2500 4815 2596 4868 τοῦ
2629 4815 2859 4869 θανάτου
2883 4816 2992 4870 τῶν
3041 4815 3201 4869 ὁσίων
3233 4814 3418 4870 αὑτοῦ.
3455 4815 3547 4868 Διὸ
3569 4831 3729 4886 φησιν
3748 4828 3766 4846 ⁸

518 4909 678 4962 nem?
703 4906 770 4960 ad
801 4906 1046 4976 priorum
1082 4908 1397 4962 memoriam
1428 4922 1738 4963 sermonem
1770 4907 2042 4965 reducens
2064 4950 2079 4974 ,

2199 4906 2346 4971 Ἕως
2386 4907 2559 4971 πότε,
2595 4907 2771 4974 Κύριε
2792 4947 2806 4970 ,
2839 4906 3172 4977 ὀργισθήσῃ
3217 4908 3304 4972 είς
3355 4905 3566 4972 τέλος;
3618 4908 3770 4959 Ἀνα-

517 5000 676 5070 queis
729 4998 1064 5054 dicebatur:
1106 4996 1322 5070 thuid,
1385 4997 1550 5061 Deus,
1609 4999 1853 5068 repuliin
1909 5002 1964 5054 in
2015 5003 2086 5072 ﬁ-

2196 4995 2428 5066 πέμπων
2465 4997 2555 5050 τὸν
2585 4997 2740 5066 λόγον
2780 4998 2871 5050 ἐπὶ
2910 4997 3008 5069 τὴν
3043 4999 3262 5069 μνήμην
3301 4997 3410 5051 τῶν
3442 4996 3765 5069 ἔμπροσθεν,

517 5105 634 5142 nem
663 5087 902 5142 ωινυιι
934 5087 1080 5143 enim
1112 5095 1413 5142 extremam
1446 5088 1592 5142 illam
1625 5089 1811 5158 populi
1861 5091 2078 5145 ruinam

2193 5087 2257 5141 δι’
2283 5081 2359 5142 ὧν
2390 5089 2601 5162 εἴρητο⁸
2645 5089 2836 5154 Ἶνατί,
2880 5091 2915 5143 ὁ
2957 5089 3120 5156 Θεὸς,
3173 5088 3393 5143 ἀπώσω
3433 5091 3522 5154 εὶς
3561 5088 3767 5154 τέλος;

515 5188 570 5234 et
594 5179 953 5250 abjectionem
977 5179 1244 5239 cohiberi.
1262 5187 1318 5235 et
1341 5194 1436 5249 per
1461 5179 1746 5250 sanguinis
1763 5189 2086 5236 sanctorum

2193 5179 2447 5233 Βούλεται
2479 5179 2587 5252 γὰρ
2627 5181 2725 5252 τὴν
2769 5183 2847 5244 είς
2893 5181 3044 5244 τέλος
3085 5181 3400 5234 ἀπόπτωσιν
3439 5181 3532 5234 καὶ
3570 5179 3768 5232 ἀποδο-

517 5286 742 5325 suorum
780 5271 1099 5327 memoriam
1153 5271 1291 5326 iram
1348 5271 1551 5327 sedari.
1604 5262 1908 5341 Utrumque
1955 5287 2086 5327 vero

2194 5271 2291 5343 λὴν
2321 5271 2412 5324 τοῦ
2452 5271 2582 5325 λαοῦ
2621 5271 2992 5342 ἐπισχεθῆναι,
3019 5273 3112 5326 καὶ
3144 5273 3211 5326 τὰ
3239 5271 3338 5342 τῆς
3369 5271 3538 5343 ὀργῆς
3559 5271 3769 5325 παύσα-

515 5360 746 5424 dictum,
783 5375 998 5430 nempe,
1038 5360 1337 5433 Usquequo,
1375 5361 1620 5425 Domine,
1665 5363 1912 5416 irasceris
1943 5363 1998 5415 in
2028 5363 2090 5430 fi-

2199 5362 2319 5416 σθαι
2347 5361 2433 5415 διὰ
2461 5362 2560 5432 τῆς
2601 5364 2820 5433 μνήμης
2863 5363 2957 5416 τοῦ
2985 5363 3214 5434 αἵματος
3246 5364 3352 5416 τῶν
3387 5363 3549 5420 ὁσίων
3581 5358 3768 5415 αὐτοῦ.

517 5455 672 5509 nem?
697 5462 751 5508 et
771 5454 917 5524 quod
941 5453 1212 5524 sequitur,
1251 5453 1574 5508 Exardcscet
1603 5455 1738 5508 sicut
1768 5455 1902 5526 ignis
1939 5455 2086 5509 zelus

2196 5457 2331 5509 Κατ’
2377 5455 2682 5526 ἀμφότερον
2723 5455 2780 5507 δὲ
2813 5456 3023 5532 ἀκούσῃ
3065 5457 3146 5523 τὸ,
3174 5458 3321 5523 Ἕως
3367 5457 3528 5523 πότε,
3570 5456 3768 5523 Κύριε,

589 5633 634 5666 ⁸⁸
668 5632 689 5686 Ῑ
727 5633 902 5690 Mach.
935 5650 986 5699 ι,
1015 5634 1106 5690 21.
1184 5635 1227 5668 ⁸⁸
1268 5635 1397 5690 ibid.
1435 5635 1525 5690 Η.
1604 5633 1650 5665 ⁵ο
1690 5634 1954 5707 ibid._57..

2193 5635 2240 5692 LI.
2274 5635 2362 5692 65.
2444 5637 2488 5670 τ’
2527 5637 2672 5695 Psal.
2707 5653 2916 5706 LXXIII,
2957 5637 3009 5692 Ι.

577 5785 661 5854 ιίι)
694 5785 817 5844 llaec
838 5788 892 5846 iu
915 5787 1101 5846 Bibliis
1125 5791 1342 5861 paulum
1369 5790 1585 5847 diversa
1616 5798 1766 5847 sunt.
1800 5828 1807 5835 .
