4078 6432
366 373 473 427 9i5

1492 376 2000 435 COMMENTARIA
2039 378 2108 434 IN
2149 370 2495 433 PSALMOS.

3509 374 3615 431 946

361 488 691 561 ὁργισθήσῃ
719 492 807 557 εἰς
845 490 1051 557 τέλος
1078 492 1172 545 καὶ
1216 491 1357 545 κατὰ
1384 494 1509 557 τοὺς
1540 494 1667 565 ἑξῆς
1687 494 1946 563 ’ἐπιλεγο-

2058 502 2180 549 tuus
2205 497 2228 549 .9
2254 490 2678 560 sicvintelligas:
2716 489 3013 559 Quousque
3046 489 3161 544 hate
3190 491 3383 545 erunt?
3412 489 3621 547 Dicitur

365 583 578 655 μένους,
620 580 1083 649 Ἐκκαυθήσεται
1107 582 1187 647 ὡς
1211 582 1330 649 πῦρ
1359 585 1391 635 ό
1418 580 1597 650 ζῆλος
1618 600 1770 646 σου;
1804 585 1947 648 Ἕως

361 674 493 727 πότε
522 672 631 744 γὰρ
664 674 755 727 καὶ
780 671 938 726 τοῦτο
962 672 1148 739 ἐσταις
1181 674 1442 728 Λέλεκται
1470 675 1528 728 δὲ
1560 677 1588 730 ὁ
1614 675 1773 746 ζῆλος
1808 675 1949 729 κατά

361 764 677 837 παραϐολὴν
714 765 823 818 τῶν
865 766 934 818 δι’
965 765 1270 837 ὑπερϐολὴν
1308 765 1597 831 διαθέσεως
1645 767 1949 837 ζηλούντων

358 857 459 923 τὰς
489 857 695 910 ἑαυτῶν
726 857 990 928 γαμετὰς,
1015 859 1063 911 εί
1090 858 1405 929 προσέχοιεν
1427 858 1632 929 ἐτεροις
1657 858 1910 929 ἀνδράσιν
1929 875 1941 887 ·

360 948 506 1003 οὑτω
531 949 660 1018 γοῦν
691 949 785 1002 καὶ
818 949 913 1003 ἐπὶ
949 949 1042 1002 τοῦ
1084 949 1217 1002 Θεοῦ
1271 950 1371 1019 τὴν
1408 948 1686 1022 ἐκδίκησιν
1718 949 1825 1004 τῶν
1852 950 1948 1013 τὰς

364 1041 503 1113 πρὸς
542 1040 705 1093 αὑτὸν
772 1039 1049 1111 συνθήκας
1095 1040 1538 1113 παραϐαινόντων
1583 1039 1743 1112 ζῆλον
1790 1041 1947 1095 εἴωθε

364 1133 549 1186 καλεῖν
599 1132 630 1185 ὁ
676 1130 853 1200 λόγος.
900 1132 1155 1186 Ἱκετεύει
1198 1133 1377 1186 τοίνυν
1421 1135 1450 1186 ὁ
1495 1134 1785 1206 Προφήτης
1830 1135 1948 1202 ἢτοι

361 1222 421 1289 ἐξ
458 1221 589 1276 ἰδίου
621 1221 934 1294 προσώπου,
964 1223 997 1293 ἢ
1029 1223 1123 1276 καὶ
1155 1222 1230 1287 ὼς
1269 1226 1334 1276 ἐκ
1360 1223 1467 1276 τῶν
1495 1223 1635 1278 κατά
1662 1226 1789 1288 τοὺς
1830 1226 1948 1279 Ἀν-

359 1315 541 1385 τιόχου
592 1315 815 1389 χρόνους
870 1315 1262 1382 διασωθέντων,
1314 1316 1451 1387 μετὰ
1494 1316 1594 1388 τὴν
1646 1317 1950 1389 πρόρρησιν

358 1406 470 1462 τῶν
501 1408 801 1479 μελλόντων
836 1408 1052 1462 ἔσεσθαι
1092 1409 1233 1463 κατά
1273 1409 1538 1479 Ἀντίοχον
1574 1409 1665 1463 τὸν
1703 1410 1802 1480 τῆς
1847 1411 1950 1463 Συ-

362 1497 483 1569 ρίας
508 1499 749 1569 βασιλέα,
784 1498 903 1553 καθ’
932 1500 991 1553 ὃν
1020 1501 1069 1553 oi
1096 1502 1233 1554 ὅσιοι
1269 1500 1363 1554 τοῦ
1390 1500 1524 1554 Θεοῦ
1560 1502 1652 1554 τὸν
1692 1502 1831 1573 ὑπὲρ
1858 1502 1949 1555 εὑ-

361 1591 576 1656 σεϐείας
621 1592 852 1646 θάνατον
884 1592 1355 1664 ὑπομεμενήκασι,
1397 1593 1708 1648 παύσασθαι
1748 1593 1849 1663 μὲν
1880 1595 1949 1649 τὰ

357 1682 456 1751 τῆς
489 1682 659 1753 ὀργῆς
686 1683 784 1754 τῆς
820 1682 964 1737 κατὰ
992 1684 1087 1736 τοῦ
1126 1684 1278 1750 λαοῦ,
1313 1685 1587 1756 μετελθεῖν
1615 1686 1673 1739 δέ
1728 1686 1851 1750 τοὺς
1898 1688 1953 1739 ἐ-

359 1771 555 1841 χθροὺς
579 1772 767 1829 αὑτοῦ.
781 1773 870 1826 Διό
895 1790 1080 1845 φησιν·
1111 1776 1359 1846 Ἕκχεον
1381 1776 1497 1845 τὴν
1517 1778 1702 1847 ὀργήν
1719 1794 1835 1833 σου
1855 1780 1953 1833 ἐπὶ

2050 594 2232 641 autem
2264 586 2437 651 zelus,
2462 584 2530 639 ad
2559 584 2872 654 exemplum
2903 597 3093 638 eorum
3126 584 3218 652 qui
3252 584 3433 639 nimiae
3476 586 3623 653 zelo—

2049 677 2211 749 typia:
2238 677 2431 732 allecti:
2463 683 2721 733 tenentur
2738 690 2867 745 erga
2887 690 3110 740 uxores,
3134 676 3181 731 si
3213 677 3280 731 ad
3309 678 3447 733 alios
3476 678 3624 735 viros

2051 769 2348 835 accedant;
2384 769 2466 823 sic
2497 768 2644 825 enim
2672 776 2727 823 et
2758 768 2815 821 in
2839 766 2951 823 Deo
2982 768 3247 824 ultionem
3302 784 3493 824 eorum
3528 769 3622 840 qui

2051 870 2208 933 pacta
2234 877 2359 918 cum
2391 878 2459 918 eo
2493 861 2630 916 inita
2664 861 2994 932 transgressi
3050 872 3204 923 sunt,
3241 862 3419 917 zelum
3475 862 3624 917 Seri-

2051 963 2210 1025 ptura
2234 954 2373 1009 solet
2403 953 2697 1023 appellare.
2728 952 3013 1023 Supplieat
3031 968 3162 1024 ergo
3186 952 3483 1023 Propheta,
3508 955 3624 1009 sive

2049 1061 2115 1101 ex
2146 1046 2365 1116 pr0pria
2396 1060 2652 1116 persona,
2672 1044 2788 1101 sive
2811 1059 2999 1099 eorum
3028 1045 3247 1099 nomine
3264 1044 3357 1115 qui
3381 1052 3626 1115 tempore

2052 1135 2309 1189 Antiochi
2342 1136 2479 1191 salvi
2514 1134 2645 1190 facti
2667 1141 2819 1199 sunt,
2854 1144 2977 1203 post
3005 1133 3414 1205 praedictionem
3432 1148 3625 1189 eorum

2051 1244 2171 1300 qua:
2200 1237 2444 1300 tempore
2477 1228 2735 1283 Antiochi
2766 1226 2938 1298 Syria:
2973 1227 3121 1297 regis
3151 1233 3415 1281 eventura
3442 1235 3621 1290 erant,

2052 1320 2274 1391 quando
2299 1320 2475 1374 sancti
2506 1317 2599 1373 Dei
2638 1333 2738 1388 pro
2766 1317 2968 1387 pietate
3003 1324 3237 1371 mortem
3269 1315 3523 1379 subiere,
3565 1323 3624 1371 ut

2051 1420 2231 1468 cesset
2284 1412 2365 1465 ira
2430 1410 2633 1481 populo
2687 1409 2958 1473 immissa,
2994 1416 3049 1463 et
3102 1406 3323 1462 invadat
3375 1406 3628 1477 inimicos

2052 1500 2193 1570 ejus.
2226 1499 2591 1565 Quamobrem
2616 1500 2691 1553 ait
2723 1518 2736 1554 :
2769 1496 3024 1553 —Vens.
3060 1496 3115 1561 6,
3146 1497 3196 1552 7.
3232 1495 3459 1565 E/Tunde
3489 1498 3626 1550 iram

2056 1603 2203 1647 tuam
2230 1593 2284 1647 in
2305 1601 2480 1663 gentes
2512 1608 2629 1662 qua:
2652 1602 2703 1645 te
2729 1608 2832 1646 non
2865 1600 3145 1653 noverunt,
3167 1599 3215 1643 et
3245 1590 3299 1643 in
3324 1606 3485 1660 regna
3510 1604 3626 1659 ante

2054 1702 2241 1740 nomen
2302 1693 2449 1738 tuum
2499 1701 2604 1739 non
2658 1684 3047 1739 invocaverunt.
3106 1682 3245 1748 Quia
3294 1680 3629 1761 comederunt

2054 1777 2243 1840 Jacob,
2278 1786 2328 1830 et
2351 1777 2523 1853 locum
2551 1777 2665 1846 ejus
2722 1775 3111 1831 desolaverunt.
3144 1775 3461 1845 Opportune
3511 1774 3635 1853 επεὶ-ι

359 1863 433 1915 τὰ
463 1863 607 1931 ἔθνη
640 1863 713 1917 τὰ
736 1863 823 1933 μὴ
855 1864 1226 1933 γινώσκοντά
1251 1881 1346 1932 σε,
1378 1868 1476 1922 καὶ
1508 1869 1609 1922 ἐπὶ
1627 1870 1946 1938 ,ϐασιλείας

2052 1869 2216 1924 stimo
2242 1870 2333 1924 hic
2392 1868 2580 1923 Jacobi
2635 1869 2972 1924 mentionem
3028 1868 3169 1933 fieri,
3201 1868 3273 1923 ob
3305 1868 3627 1937 religionem

358 1952 421 2007 ατ
467 1952 531 2007 τὸ
579 1952 767 2022 ὄνομά
803 1970 921 2009 σου
960 1957 1071 2009 οὐκ
1106 1956 1575 2015 ἐπεκαλέσαντο.
1620 1961 1740 2014 Ὅτι
1784 1960 1950 2014 κατέ-

359 2062 553 2115 φαγον
592 2046 700 2099 τὸν
736 2045 953 2111 Ἰακὼϐ,
986 2048 1086 2101 καὶ
1126 2048 1234 2103 τὸν
1272 2051 1458 2103 τόπον
1489 2052 1676 2106 αὑτοῦ
1719 2051 1951 2121 ὴρήμιιμ

358 2151 501 2189 σαν.
534 2138 691 2191 Κατὰ
736 2138 927 2208 καιρόν
975 2138 1029 2191 δὲ
1077 2142 1135 2193 ἐν
1178 2142 1387 2206 τούτοις
1424 2142 1518 2196 τοῦ
1565 2143 1759 2197 Ἰακὼϐ
1796 2139 1949 2215 οἶμαι

360 2229 686 2301 πεποιῆσθαι
715 2230 813 2301 τὴν
848 2232 1068 2303 μνήμην
1092 2232 1191 2304 τῆς
1217 2233 1311 2286 τοῦ
1341 2234 1571 2287 παλαιοῦ
1605 2236 1949 2307 προπάτορος

360 2320 670 2386 θεοσεϐείας
711 2322 892 2376 ἕνεκα.
931 2324 1018 2388 Ὠς
1050 2325 1160 2396 γὰρ
1206 2326 1637 2399 ὑπομιμνήσκων
1686 2328 1775 2382 τὸν
1818 2329 1949 2382 Θεὸν

359 2410 455 2464 τοῦ
495 2412 773 2483 θεοφιλοῦς
801 2416 993 2488 ἀνδρὸς
1024 2417 1119 2470 καὶ
1150 2417 1248 2488 τῆς
1278 2419 1486 2473 ἐκείνου
1518 2419 1736 2491 ἀρετῆς,
1778 2421 1949 2475 δυσω-

365 2505 459 2556 πεῖ
501 2504 591 2559 διὰ
640 2506 739 2577 τῆς
788 2508 997 2561 ἐκείνου
1035 2510 1275 2580 μνήμης,
1324 2510 1419 2563 καὶ
1472 2511 1704 2565 ίλεοῦται
1746 2512 1813 2566 τὰ
1845 2531 1949 2566 πα-

365 2595 540 2667 ρόντα.
587 2599 675 2652 Ἐν
702 2600 800 2669 μὲν
841 2601 919 2672 τῷ
956 2601 1063 2672 πρὸ
1105 2602 1297 2656 τούτου
1336 2604 1556 2675 ψαλμῷ,
1589 2606 1825 2677 ὁπηνίκα
1852 2607 1947 2661 τοῦ

372 2686 567 2760 Ἰωσὴφ
600 2691 1004 2761 ἐμνημόνευεν,
1041 2695 1103 2747 οὑ
1153 2695 1243 2748 τὸν
1288 2696 1504 2766 Ἰωσὴφ,
1534 2694 1670 2750 ἀλλὰ
1709 2698 1770 2751 τὸ
1817 2699 1948 2770 σκή-

360 2792 521 2847 νωμα
552 2780 715 2833 αὑτοῦ
746 2782 1147 2856 ἀποϐεϐλῆσθαι
1179 2784 1330 2855 ἔλεγε
1374 2785 1459 2840 διὰ
1489 2787 1580 2841 τοῦ
1601 2806 1614 2818 ·
1644 2788 1754 2843 Καὶ
1786 2789 1945 2843 ἀπώ-

361 2882 512 2923 σατο
542 2871 608 2923 τὸ
635 2872 925 2944 σκήνωμα
951 2876 1194 2946 Ἰωσὴφ,
1220 2878 1316 2931 καὶ
1346 2879 1461 2947 τὴν
1478 2882 1685 2950 φυλὴν
1707 2884 1947 2953 Ἐφραῒμ

361 2964 473 3015 οὐκ
511 2962 853 3030 ἐξελέξατο,
886 2966 979 3020 τοῦ
1024 2968 1182 3037 λόγου
1235 2970 1589 3040 σημαίνοντος
1623 2973 1715 3026 τόν
1750 2975 1808 3027 ἐν
1846 2976 1949 3045 Ση-

362 3050 484 3123 λὼμ
530 3053 725 3108 τόπονο
762 3057 991 3130 ἐπείπερ
1040 3060 1097 3112 ἐν
1150 3059 1333 3131 κλήρῳ
1376 3062 1476 3133 τῆς
1522 3064 1698 3133 φυλῆς
1754 3063 1947 3137 Ἰωσὴφ

363 3141 541 3196 ἔκειτο
570 3146 603 3215 ή
635 3145 833 3217 Σηλὼμ
852 3165 866 3178 ο
895 3150 953 3201 ἐν
987 3150 1194 3215 τούτοις
1221 3152 1278 3205 δὲ
1308 3153 1401 3206 τοῦ
1449 3153 1643 3207 Ἰακὼϐ
1675 3156 1946 3227 μέμνηται

2052 1959 2217 2030 prisci
2252 1960 2397 2015 illius
2431 1959 2594 2014 atavi.
2645 1957 2781 2013 Nam
2821 1959 2983 2014 talem
3018 1959 3197 2013 virum
3227 1957 3339 2013 Deo
3368 1958 3627 2013 dilectum

2050 2054 2280 2123 ejusque
2303 2051 2565 2105 virtutem
2609 2050 2713 2121 ipsi
2768 2048 2881 2105 Deo
2915 2063 3379 2114 commemorans,
3410 2048 3627 2104 videtur

2048 2144 2171 2213 ejus
2200 2143 2475 2199 mentione
2507 2141 2649 2196 facta
2680 2142 2860 2211 ipsum
2892 2141 3202 2211 deprecari,
3221 2149 3276 2195 et
3298 2140 3354 2194 in
3370 2141 3627 2210 praesenti

2050 2252 2183 2293 casu
2238 2236 2535 2307 propitium
2599 2233 2850 2289 reddere.
2906 2232 2963 2288 In
3018 2232 3351 2305 praecedenti
3405 2233 3626 2304 quidem

2049 2329 2282 2398 psalmo,
2321 2328 2544 2398 quando
2578 2325 2878 2396 Josephum
2906 2327 3255 2391 memoravit,
3286 2342 3397 2380 non
3447 2327 3627 2396 ipsum

2049 2420 2369 2491 Josephum,
2394 2421 2491 2477 sed
2522 2419 2941 2475 tabernaculum
2971 2419 3092 2489 ejus
3142 2420 3424 2490 repulsum
3457 2418 3628 2473 fuisse

2050 2514 2189 2569 dixit
2222 2513 2309 2568 his
2338 2513 2521 2567 verbis
2556 2533 2568 2567 :
2617 2511 2685 2565 Et
2722 2511 2912 2580 repulit
2959 2510 3355 2564 tabernaculum
3403 2509 3621 2579 Joseph,

2050 2615 2098 2659 et
2137 2604 2330 2658 tribum
2362 2603 2617 2674 Ephraim
2650 2621 2751 2658 non
2800 2603 2951 2674 elegit
2987 2603 3058 2668 ⁵³,
3102 2602 3301 2672 hisque
3348 2602 3626 2673 signiﬁcat

2051 2698 2229 2753 locum
2265 2696 2417 2751 illum
2450 2696 2507 2750 in
2554 2696 2669 2750 Silo
2699 2696 2905 2762 situm;
2937 2694 3066 2766 quia
3114 2695 3169 2748 in
3222 2695 3369 2749 tribu
3425 2692 3626 2765 Joseph

2052 2789 2165 2844 Silo
2190 2789 2429 2860 jacebat.
2465 2788 2563 2843 Hic
2591 2804 2723 2844 vero
2753 2787 3018 2842 Jacobum
3052 2786 3302 2843 meminit
3335 2793 3392 2841 et
3440 2787 3623 2840 locum

2050 2879 2171 2949 ejus
2204 2897 2217 2932 :
2253 2894 2348 2948 per
2378 2877 2665 2943 Jacobum,
2690 2878 2929 2948 religiosi
2964 2876 3113 2932 illius
3137 2876 3238 2931 viri
3263 2884 3511 2946 posteros
3536 2875 3620 2929 in-

2047 2973 2270 3038 dicans;
2301 2988 2396 3042 per
2422 2972 2599 3026 locum
2623 2986 2754 3026 vero
2774 2970 2917 3040 ejus,
2950 2969 3414 3040 Hierosolymam,
3458 2982 3626 3040 quam

2050 3066 2103 3118 in
2138 3066 2489 3120 solitudinem
2519 3064 2654 3119 verti
2687 3071 2933 3134 tempore
2956 3063 3212 3117 Antiochi
3234 3063 3484 3133 contigit.
3511 3062 3626 3117 Sub

2051 3157 2165 3211 haec
2195 3155 2381 3225 adjicit
2416 3175 2429 3210 :
2457 3186 2525 3194 —
2558 3154 2733 3210 Vens.
2757 3155 2817 3209 8.
2845 3153 2926 3211 Ne
2954 3154 3251 3210 memineris
3279 3154 3621 3225 iniquitatum

363 3232 579 3285 καὶτοῦ
610 3234 778 3287 τόπου
827 3236 1020 3291 αὐτοῦ’
1055 3238 1142 3292 διὰ
1177 3241 1277 3311 μὲν
1312 3242 1406 3295 τοῦ
1448 3244 1640 3297 Ἰακὼϐ
1661 3245 1786 3308 τοὺς
1817 3246 1946 3299 ἀπο-

2053 3256 2357 3301 nostrarum
2402 3247 2765 3316 antiquarum.
2812 3245 2919 3301 Eos
2966 3244 3197 3316 qui-pro
3235 3243 3485 3314 pristinis
3514 3245 3625 3299 illis

362 3322 550 3391 γόνους
591 3324 685 3378 τοῦ
723 3325 999 3396 θεοφιλοῦς
1052 3330 1243 3403 ἀνδρὸς
1282 3333 1477 3404 δηλῶν,
1512 3336 1599 3389 διὰ
1635 3336 1694 3389 δὲ
1732 3336 1824 3389 τοῦ
1852 3338 1943 3391 τό-

362 3434 465 3470 που
492 3417 657 3471 αύτοῦ
688 3419 786 3491 τὴν
819 3421 1172 3494 Ἰερουσαλὴμ
1200 3424 1501 3496 σημαίνων,
1524 3427 1591 3498 ἢν
1632 3429 1712 3492 είς
1745 3427 1949 3501 ἔρημον

363 3509 537 3564 ἐλθεῖν
562 3511 703 3565 κατὰ
726 3514 849 3575 τοὺς
892 3513 1161 3585 Ἀντιόχου
1190 3517 1388 3587 συνέϐη
1414 3519 1656 3589 χρόνους.
1682 3514 1797 3573 Εἶθ’
1820 3520 1949 3591 ἐξῆς

362 3602 629 3672 ἐπιλέγει·
681 3604 779 3673 Μὴ
826 3606 1108 3675 μνησθῇς
1150 3608 1321 3677 ήμῶν
1363 3611 1624 3678 ἀνομιῶν
1663 3612 1943 3680 ἀρχαίων.

361 3694 427 3747 Ol
458 3694 503 3747 δ’
542 3694 682 3767 ὑπὲρ
728 3697 969 3768 ἀρχαίων
1014 3700 1426 3771 ἁμαρτημάτων
1470 3703 1748 3775 εὐχόμενοι
1797 3704 1944 3775 δῆλοι

361 3783 428 3841 ἂν
466 3782 575 3839 εἷεν
614 3787 689 3859 μὴ
734 3789 1016 3861 νεωτέροις
1060 3793 1366 3862 ἐνεχόμενοι
1407 3795 1757 3866 πταίσμασιν,
1806 3798 1947 3849 Ἀντὶ

361 3872 420 3929 δὲ
450 3876 566 3943 τοῦ,
598 3878 754 3945 Ταχὺ
791 3882 1407 3947 προκαταλαϐἐτωσαν
1437 3883 1595 3953 ἡμᾶς
1635 3889 1688 3939 οὶ
1734 3890 1948 3955 οἰκτιρ-

248 3982 251 3985 ·
362 3968 460 4037 μοι
486 3983 629 4033 σου,
661 3969 752 4024 ὅτι
783 3971 1248 4043 ἐπτωχεύοναμεν
1273 3974 1529 4043 σφόδρα,
1556 3977 1585 4029 ὁ
1617 3976 1943 4048 Σύμμαχος,

368 4060 657 4129 Τάχυνον,
685 4064 1181 4131 προκαταλαϐέτω
1212 4067 1370 4135 ἡμᾶς
1399 4068 1470 4120 τὰ
1510 4068 1650 4137 enen
1681 4085 1818 4128 σου.
1856 4070 1945 4124 ὅτι

361 4151 745 4225 ἡτονήσαμεν
769 4158 1024 4227 σφόδρα,
1054 4161 1417 4231 ήρμήνευσεν.
1445 4164 1655 4234 Ὥσπερ
1690 4164 1746 4217 δὲ
1780 4165 1945 4238 ἀθλη-

360 4244 480 4314 τὴς,
511 4246 738 4312 πολλοὺς
772 4250 1012 4314 ὑποστὰς
1037 4251 1252 4319 ἀγῶνας
1294 4253 1388 4306 καὶ
1419 4253 1613 4318 ἄολους
1646 4256 1943 4326 ὑπομείνας

362 4335 589 4402 πολλοὺς
632 4339 691 4392 ἐν
729 4341 967 4410 φροντίδι
1013 4342 1336 4414 καθέστηκε,
1378 4347 1453 4417 μή
1499 4364 1575 4418 πη
1621 4348 1945 4421 ἐξατονήσας

362 4425 505 4499 πέσῃ
523 4443 537 4457 ο
568 4427 661 4481 τὸν
693 4430 855 4484 αὑτὸν
876 4432 1077 4502 τρόπον
1116 4434 1210 4486 καὶ
1238 4434 1346 4486 οἵδε
1411 4436 1709 4490 ἱκετεύουσι
1736 4456 1944 4509 προκα-

359 4516 697 4589 ταληφθῆναι
746 4523 841 4575 καὶ
888 4522 1140 4593 βοηθείας
1184 4527 1384 4596 τυχεῖν..
1435 4528 1525 4580 Διό
1569 4546 1732 4597 (pater
1786 4530 1942 4599 Ταχὺ

2049 3341 2293 3409 peccatis
2348 3340 2681 3409 supplicant,
2728 3340 2908 3408 palam
2948 3347 3033 3393 est
3076 3354 3186 3392 non
3220 3353 3346 3394 esse
3398 3337 3626 3408 nuperis

2048 3432 2262 3488 delictis
2303 3432 2593 3486 obnoxios.
2646 3430 2752 3485 Pro
2789 3431 2881 3484 illo
2911 3438 3092 3486 autem
3126 3470 3143 3496 ,
3182 3429 3303 3485 Cito
3342 3431 3627 3498 anticipent

2049 3541 2143 3579 nos
2190 3522 2570 3577 misericordia:
2628 3531 2753 3588 tute,
2795 3522 2921 3591 quia
2955 3537 3209 3591 pauperes
3259 3521 3391 3590 facti
3442 3537 3625 3575 sumus

2048 3616 2204 3669 nimis
2224 3656 2247 3680 ,
2278 3614 2665 3687 Symmachus,
2692 3613 2961 3677 Accelera,
2984 3613 3306 3681 praeveniunt
3341 3628 3435 3666 nos
3471 3612 3627 3664 mise-

2050 3704 2298 3758 ricordia:
2325 3714 2450 3768 tum,
2484 3705 2611 3772 quia
2647 3703 2909 3771 inﬁrmati
2938 3718 3122 3755 sumus
3152 3700 3323 3765 valde,
3358 3702 3624 3770 interpre-

2048 3801 2196 3848 tatus
2229 3802 2332 3847 est.
2368 3790 2839 3857 Quemadmodum
2869 3791 3013 3845 enim
3046 3790 3252 3847 athleta
3302 3791 3397 3860 qui
3454 3790 3626 3842 multa

2049 3885 2218 3938 subiit
2251 3883 2574 3949 certamina,
2615 3892 2669 3937 et
2725 3898 2937 3954 pugnas
2985 3882 3190 3937 multas
3236 3882 3527 3945 sustinuit,
3568 3882 3627 3934 in

2049 3976 2424 4031 sollicitudine
2451 3974 2618 4046 degit,
2655 3989 2723 4029 ne
2749 3973 2983 4029 debilior
3029 3972 3209 4028 factus
3262 3973 3517 4039 labatur;
3552 3972 3626 4026 ita

2050 4066 2104 4118 hi
2143 4079 2361 4134 quoque
2417 4070 2714 4132 precantur
2770 4078 2829 4117 se
2878 4062 3194 4132 praemuniri
3253 4068 3307 4116 et
3359 4062 3623 4116 auxilium

2047 4157 2335 4227 consequi.
2368 4156 2548 4222 Quare
2580 4156 2733 4210 aiunt
2763 4174 2779 4211 :
2811 4153 2933 4211 Cito
2964 4155 3255 4223 anticipent
3287 4172 3383 4209 nos
3415 4155 3625 4209 miseri-

2047 4250 2243 4303 cordia:
2297 4258 2421 4312 tuw,
2477 4263 2603 4316 quia
2645 4261 2903 4315 pauperes
2957 4245 3089 4313 facti
3134 4261 3317 4299 sumus
3346 4246 3525 4300 nimis.
3552 4275 3621 4284 ~—

2048 4339 2215 4395 Vsas.
2251 4339 2304 4395 9.
2350 4338 2563 4409 Adjuva
2591 4354 2710 4403 nos,
2740 4336 2881 4391 Deus
2909 4338 3145 4392 salvator
3177 4347 3375 4402 noster,
3408 4347 3621 4407 propter

2047 4432 2275 4502 gloriam
2304 4430 2534 4483 nominis
2567 4429 2644 4481 tui
2671 4444 2692 4492 ;
2717 4426 2962 4493 Domine,
3001 4427 3166 4481 libera
3195 4444 3312 4487 nos,
3362 4436 3412 4480 et
3442 4428 3625 4494 propi-

2050 4525 2155 4577 tius
2185 4531 2297 4576 esto
2325 4521 2554 4591 peccatis
2587 4519 2787 4573 nostris
2818 4527 3033 4587 propter
3065 4534 3253 4572 nomen
3295 4526 3464 4570 tuum.
3498 4515 3625 4569 Haec

361 4612 973 4678 προκαταλαϐέτωσαν
1021 4615 1178 4686 ἡμᾶς
1228 4621 1283 4671 oi
1342 4620 1629 4688 οἰκτιρμοί
1680 4637 1817 4684 σου,
1852 4623 1941 4677 ὅτι

2049 4613 2319 4683 Propheta
2357 4628 2424 4667 ex
2454 4626 2689 4682 persona
2728 4624 2919 4663 eorum
2951 4609 3045 4678 qui
3080 4616 3325 4678 tempore
3370 4607 3625 4661 Antiochi

359 4698 819 4772 ézthedoaper
846 4706 1098 4775 σφόδρα.
1138 4709 1451 4778 Βοήθησον
1476 4711 1639 4781 ἡμῖν,
1670 4716 1703 4767 ὁ
1733 4713 1878 4780 Θεὸς
1909 4719 1945 4770 ὁ

361 4793 562 4862 σωτὴρ
612 4795 799 4865 ἡμῶν,
854 4798 1063 4853 ἕνεκεν
1108 4799 1216 4869 τῆς
1264 4802 1449 4871 δοξῆς
1495 4804 1601 4858 τοῦ
1650 4806 1941 4876 ὀνόματός

360 4900 477 4940 σου
501 4905 513 4916 ·
545 4889 743 4955 Κύριε,
765 4890 950 4957 ῥῦσαι
972 4892 1147 4961 ἡμᾶς,
1181 4894 1279 4948 καὶ
1304 4895 1581 4966 ἱλάσθητι
1600 4898 1729 4965 ταῖς
1755 4902 1943 4969 ἀμαρ-

362 4978 515 5045 τίαις
556 4979 724 5048 ἡμῶν
764 4981 973 5035 ἕνεκεν
1005 4985 1110 5039 τοῦ
1149 4987 1437 5055 ὀνόματός
1459 5004 1594 5044 σου.
1630 4993 1741 5044 Καὶ
1769 4993 1943 5047 ταῦτα

360 5068 391 5119 ὁ
428 5069 717 5139 Προφήτης
741 5071 805 5123 ἐκ
834 5071 1127 5143 προσώπου
1172 5075 1281 5128 τῶν
1314 5076 1453 5130 κατὰ
1493 5078 1759 5149 Ἀντίοχον
1795 5080 1947 5149 βασι-

363 5156 458 5211 λέα
482 5157 853 5229 δεδιωγμένων
879 5163 1210 5233 προφέρεται
1235 5182 1248 5195 °
1282 5168 1633 5237 προφητικῶς
1660 5169 1760 5240 τὴν
1786 5170 1948 5242 εὐχὴν

360 5248 451 5303 διὰ
478 5250 577 5320 τῆς
609 5252 827 5323 γραφῆς
858 5256 969 5318 τοῖς
995 5255 1246 5325 μέλλουσι
1274 5257 1563 5313 διώκεσθαι
1603 5261 1938 5329 καταλιπὼν,

361 5339 438 5404 ὼς
481 5340 548 5394 ἂν
586 5341 756 5412 ἔχοιεν
795 5342 854 5410 ἐξ
905 5345 1121 5415 ἑτοίμου
1162 5347 1380 5413 εἰδέναι,
1428 5350 1629 5413 ὁποίοις
1677 5353 1941 5422 προσήκει

363 5432 659 5503 κεχρῆσθαι
701 5433 897 5498 αὑτοὺς
933 5434 1111 5504 λόγοις
1152 5439 1207 5489 ἐν
1253 5442 1370 5502 ταῖς
1402 5440 1534 5511 πρὸς
1563 5440 1653 5492 τὸν
1687 5441 1818 5494 Θεὸν
1850 5442 1940 5494 εύ-

369 5524 502 5591 χαῖς.
535 5523 611 5575 Οὑ
661 5524 765 5595 μὴν
807 5526 886 5588 είς
928 5526 1169 5591 ἐκείνους
1224 5529 1417 5599 μόνους
1452 5531 1666 5584 ἵσταται
1696 5531 1764 5585 τὰ
1792 5532 1945 5601 λεγό-

372 5631 533 5684 μενα·
587 5615 847 5685 ἁρμόσειε
892 5618 951 5672 δέ
1006 5621 1098 5673 καὶ
1145 5624 1276 5675 πᾶσι
1327 5626 1438 5687 τοῖς
1470 5622 1539 5677 τὰ
1586 5624 1939 5695 παραπλήσια

373 5704 651 5759 τεπονθόσι
674 5746 689 5772 ,
718 5708 839 5761 ἐπεὶ
864 5710 955 5762 κοιλ¹
986 5713 1043 5763 ἐν
1071 5716 1179 5777 τοῖς
1206 5716 1324 5769 καθ’
1356 5717 1498 5787 ἡμᾶς
1529 5716 1802 5787 διωγμοῖς,
1843 5735 1941 5788 μυ-

435 5862 479 5891 ⁸³
520 5861 665 5917 Psal.
699 5879 879 5920 Lxxvn
910 5907 921 5931 ,
958 5868 1047 5924 0'1.

2051 4705 2196 4776 regis
2250 4702 2613 4769 vexabantur,
2658 4699 3011 4771 pronuntiat;
3065 4700 3368 4753 orationem
3428 4696 3495 4751 iis
3531 4696 3625 4766 qui

2050 4797 2491 4869 persecutionem
2530 4797 2749 4866 passuri
2796 4803 2954 4849 erant
3009 4793 3271 4861 scriptam
3312 4790 3627 4860 prOphetice

2050 4890 2401 4959 relinquens,
2459 4898 2519 4941 ut
2574 4887 2628 4941 in
2690 4897 2945 4957 promptu
2990 4898 3328 4954 cognoscere
3374 4890 3622 4950 possent,

2050 4982 2251 5051 quibus
2279 4981 2357 5034 uti
2391 4978 2577 5034 verbis
2611 4978 2664 5032 in
2719 4978 2837 5034 suis
2884 4977 2953 5031 ad
2992 4975 3163 5031 Deum
3194 4973 3452 5044 precibus
3484 4988 3624 5043 opus

2050 5080 2216 5128 esset.
2248 5068 2437 5140 Neque
2470 5070 2539 5125 iis
2568 5070 2746 5125 solum
2784 5069 2901 5123 haec
2926 5067 3126 5122 tradita
3166 5074 3330 5132 sunt;
3366 5064 3624 5121 omnibus

2046 5164 2250 5233 quippe
2273 5162 2475 5218 similia
2500 5161 2838 5230 patientibus
2874 5165 3215 5228 competunt,
3248 5156 3378 5225 quia
3415 5155 3471 5208 in
3502 5170 3626 5224 per-

2048 5256 2423 5313 sccutionibus
2441 5271 2562 5325 qua:
2593 5262 2781 5310 nostra
2808 5262 2967 5308 aetate
2984 5251 3357 5321 contigerunt,
3379 5250 3622 5305 sexcenti

2048 5363 2213 5420 supra
2244 5347 2529 5403 recensitis
2565 5346 2763 5401 similia
2794 5352 2924 5400 sunt
2955 5343 3225 5413 perpessi,
3279 5342 3375 5412 qui
3420 5355 3624 5410 oppor—

2048 5447 2179 5495 tune
2210 5441 2400 5509 utique
2422 5438 2624 5492 talibus
2654 5436 2818 5493 dictis
2851 5436 2937 5490 usi
2969 5435 3196 5499 fuerint,
3234 5434 3393 5505 queis
3440 5432 3507 5486 ad
3544 5432 3619 5484 ita

2049 5532 2378 5602 loquendum
2420 5530 2761 5585 instituimur
2794 5548 2806 5583 :
2858 5528 3082 5597 Propter
3110 5528 3337 5598 gloriam
3375 5525 3621 5580 nominis

2052 5624 2147 5686 tui,
2179 5622 2424 5685 Domine,
2470 5620 2637 5674 libera
2683 5636 2793 5673 nos.
2829 5617 3059 5672 Etiamsi
3098 5619 3243 5673 enim
3276 5633 3378 5672 nos
3409 5616 3617 5671 auxilio

2051 5717 2198 5787 digni
2226 5731 2337 5771 non
2383 5715 2588 5781 simus,
2622 5722 2675 5768 at
2724 5726 2923 5768 nomen
2976 5713 3166 5783 gloria:
3215 5719 3322 5766 tua:
3369 5725 3437 5765 ne
3477 5707 3621 5779 apud
