2039 3216
246 174 299 204 9η

582 177 718 207 EUSEBII
736 172 978 206 C£SARIENSIS
996 176 1073 206 OPP.
1093 177 1185 206 PARS
1200 177 1245 207 Ill.
1260 191 1296 198 -
1307 176 1513 207 EXEGETlCA.

1817 177 1879 206 9η

243 234 339 268 tentes
353 233 569 270 blasphemetur,
580 242 613 263 ac
623 237 647 264 si
659 243 715 263 non
727 236 818 264 valeat
824 243 877 264 nos
888 236 1002 264 liberare

1053 239 1063 268 ι
1079 236 1133 272 ρίοι
1149 236 1185 264 τὰ
1203 237 1284 273 ὃμοια
1297 238 1355 269 τοῖς
1369 235 1556 272 προλεχθεῖσιν
1578 235 1833 271 ὑπομεμὲνὴγασιν·
1846 235 1878 262 οἱ

243 278 280 305 Et
299 281 439 315 propitius,
457 281 557 316 inquit,
576 286 631 309 esto
658 283 772 316 peccatis
797 283 895 309 nostri:
918 287 1024 317 propter

241 332 334 351 nomen
350 329 432 353 tuum.
447 324 581 361 Superius
598 326 707 361 quidem
720 326 862 354 dicebatur
881 336 888 354 :
907 326 948 354 Ne
967 335 1023 354 me-

240 370 348 397 mineris
375 372 546 406 iniquitatem
574 377 727 400 nostrarum
748 374 919 408 antiquarum
943 381 952 400 :
974 374 1022 401 sed

239 415 294 442 iliic
310 416 430 450 quidem,
442 417 625 452 iniquitatum,
644 418 755 446 dicitur.
782 419 941 454 lniquitates
955 427 1022 448 sane

237 462 302 488 olim
318 463 517 492 admiseramus
532 471 679 501 antequam
691 466 793 494 divinis
813 467 919 503 legibus
940 468 1020 496 obse-

236 514 383 541 queremur
395 517 402 542 ;
419 517 484 544 quaa-
492 511 590 537 merito
597 511 715 546 antiquae
725 512 866 540 dicuntur.
878 512 945 540 Nam
956 517 1020 541 ante

236 551 283 579 Dei
299 554 483 588 cognitionem
499 556 603 582 scelera
618 560 713 583 nostra
728 556 886 592 iniquitates
900 559 1019 593 antiquae

234 601 326 631 erant;
345 606 419 626 nunc
436 607 500 627 vero
512 608 573 627 cum
586 601 643 629 haec
657 609 802 636 precamur
816 611 869 630 non
888 604 1018 639 iniquita-

233 644 291 670 tui'n
305 645 431 677 ulterius,
446 645 493 673 sed
507 650 682 680 peccatorum
699 647 777 675 nobis
789 649 894 675 conscii
906 656 1015 682 sumus;

232 693 260 716 at
277 690 312 717 iis
323 697 433 726 quoque
448 691 582 725 propitius
596 695 656 720 esto
672 699 812 727 rogamus,
829 696 941 728 propter
966 702 1016 721 no-

230 740 294 762 men
311 740 386 762 tuum
402 735 475 771 quod
492 736 649 763 invoCatum
673 741 716 764 est
738 746 822 773 super
838 747 899 766 nos.
925 740 1015 774 Siqui-

229 780 290 808 dem
308 782 412 808 nomini
439 782 586 809 consulens
610 786 657 809 tuo
681 791 736 818 quo
763 791 813 811 nos
837 792 1013 817 exornamur,

228 827 367 860 propitius
380 831 440 854 esto
456 828 577 861 peccatis
588 828 692 856 nostris
712 838 717 855 :
733 837 766 856 ne
780 828 848 856 forte
859 830 938 857 nobis
948 830 1013 857 sub-

225 871 338 906 jugatis.
367 872 471 899 inimici
493 873 652 908 blasphema
673 874 745 901 dicta
762 875 790 901 in
810 882 909 902 nomen
934 879 1011 902 tuum

1075 282 1121 308 καὶ
1130 283 1265 319 εὐκαίρως
1283 283 1430 319 χρήσαιντο
1439 282 1500 313 ταῖς
1512 281 1705 317 προκειμέναις
1717 281 1829 315 φωναῖς,
1840 281 1877 307 ἐν

1073 325 1117 360 αἷς
1139 328 1320 365 διδασκόμεθα
1344 328 1448 362 λέγειν·
1478 327 1602 354 Ἕνεκεν
1621 325 1677 361 τῆς
1703 325 1795 360 δόξης
1815 325 1875 354 τοῦ

1072 374 1218 408 ὀνόματός
1229 382 1298 406 σου,
1308 374 1406 408 Κύριε,
1412 372 1505 407 ῥῦσαι
1514 371 1602 407 ἡμᾶς.
1612 371 1672 399 Κᾶν
1681 371 1818 407 γὰρήμείς
1831 371 1874 408 μὴ

1071 419 1140 453 ἄξιοι
1155 416 1230 455 ὦμεν
1245 420 1379 455 βοηθείας,
1394 419 1462 446 ἀλλὰ
1473 419 1505 445 τό
1518 427 1550 453 γε
1567 418 1651 453 ὄνομα
1661 417 1711 453 τῆς
1724 417 1773 453 σῆς
1788 415 1872 454 δόξης

1072 466 1109 501 μὴ
1127 465 1339 501 βλασφημείσθω
1354 465 1431 500 παρά
1445 466 1502 497 τοῖς
1518 464 1632 497 ἔθνεσιν,
1649 463 1738 499 ὡςμή
1754 463 1870 499 ἰσχῦσαν

1070 513 1144 547 ἡμᾶς
1158 512 1292 548 ῥύσασθαι
1302 521 1308 527 ·
1324 512 1378 540 Καὶ
1395 511 1544 545 ἱλάσθητί,
1561 510 1590 537 δέ
1605 519 1682 546 φησι,
1697 509 1762 542 ταῖς
1774 511 1871 544 ἀμαρ-

1069 557 1145 590 τίαις
1161 557 1245 591 ἡμῶν
1262 557 1366 584 ἕνεκεν
1387 557 1440 583 τοῦ
1465 555 1610 590 ὀνόματός
1632 563 1701 582 σου.
1725 555 1868 591 ’Δνωτέρω

1069 603 1118 637 μὲν
1137 600 1183 630 οὖν
1199 602 1320 637 ἐλέγετο·
1338 603 1387 637 Μὴ
1404 601 1545 637 μνησθῇς
1562 600 1646 635 ἡμῶν
1663 599 1793 636 ἀνομιῶν
1808 601 1867 635 ἀρ-

1067 648 1176 682 χαίων·
1192 648 1250 675 ἀλλ’
1267 649 1325 674 ἐκεῖ
1340 648 1390 683 μὲν
1405 646 1549 682 ἀνομιῶν·
1564 646 1674 681 ἀνομίαι
1686 646 1715 672 δὲ
1727 643 1797 682 ἦσαν
1807 646 1864 673 πά-

1066 693 1109 720 λαι
1124 695 1188 729 ἡμῖν
1205 693 1398 729 πεπραγμέναι
1415 693 1468 729 πρὸ
1481 693 1530 728 τῆς
1556 692 1604 719 τοῦ
1627 692 1702 719 θείου
1716 692 1798 728 νόμον
1811 691 1866 720 ὑπ-

1067 741 1164 775 ακοῆς,
1181 741 1283 772 αἵτινες
1310 740 1422 772 εἰκότως
1442 741 1553 776 ἀρχαῖαι
1575 740 1706 775 εἰρηνται.
1718 738 1790 775 Πρὸς
1807 738 1867 776 γὰρ

1064 786 1115 820 τῆς
1132 786 1178 812 τοῦ
1195 787 1262 813 Θεοῦ
1280 786 1407 820 γνώσεως
1423 786 1457 813 τὰ
1477 786 1711 821 πλημμελούμενα
1725 786 1790 821 ἡμῖν
1801 786 1865 813 ἀνο-

1065 833 1177 867 μήματα
1190 832 1224 868 ἦν
1240 834 1355 868 ἀρχαῖα·
1378 833 1425 860 νῦν
1448 833 1486 865 δὲ,
1504 833 1548 859 ὅτε
1571 832 1606 859 τὰ
1628 834 1678 868 τῆς
1693 832 1775 868 εὐχῆς
1791 832 1862 859 ἀνα-

1064 878 1219 914 πέμπωμεν,
1234 879 1325 906 ούκέτι
1343 880 1392 915 μὲν
1412 879 1537 914 ἀνομίας,
1556 878 1694 914 ἁμαρτίας
1708 878 1737 905 δὲ
1754 878 1863 910 ἑαυτοῖς

227 917 366 952 proferant
381 918 504 945 dicentes
521 926 574 944 :—
588 918 671 946 Vsus.
694 920 737 947 10.
757 920 807 947 Ubi
824 926 862 948 est
878 921 948 948 Deus
967 930 1002 948 eo-

1064 925 1237 960 συνοίδαμεν·
1265 925 1332 952 ἀλλὰ
1358 926 1404 951 καὶ
1433 925 1534 956 ταύτας
1560 924 1701 960 ῑλασθῆναι
1728 923 1861 959 ἀξιοῦμεν

226 966 307 992 rum?
320 964 354 990 At
371 964 448 996 illud,
463 964 518 996 ubi,
540 965 632 992 dicere
642 974 782 1001 nunquam
797 967 1008 1001 permittuntur;

224 1010 271 1038 sed
284 1016 311 1037 tu
323 1010 451 1038 Servator
462 1015 555 1039 noster
568 1012 735 1047 conspicuus
741 1012 865 1043 eﬂ‘eetus,
876 1013 1010 1041 ulciscere

224 1056 385 1092 sanguinem
402 1064 544 1085 servorum
564 1062 687 1092 tuorum,
704 1059 752 1094 qui
772 1059 875 1087 elI‘usus
897 1065 949 1088 est.
967 1060 1007 1087 Ad

223 1103 281 1129 haec
292 1103 320 1130 in
336 1103 463 1137 precibus
477 1108 600 1139 tempore
617 1106 818 1139 persecutionis
833 1106 949 1133 dicenda
964 1107 1006 1134 in-

221 1148 361 1175 stituimur
372 1169 378 1181 ,
394 1148 547 1176 hostiarum
572 1154 600 1177 et
629 1150 854 1179 holocaustorum
873 1153 932 1180 loco
947 1161 1008 1180 san-

219 1194 328 1228 guinem
347 1198 507 1222 sanctorum
522 1200 674 1231 martyrum
690 1203 885 1232 proponentes,
909 1206 941 1226 ac
959 1199 1006 1226 liu-

218 1250 341 1284 jusmodi
367 1251 584 1286 supplicationes
604 1254 771 1281 emittentes.
803 1254 867 1282 ΙΙωο
896 1264 1006 1291 quoque

219 1301 281 1324 ante
292 1305 343 1325 nos
360 1298 407 1332 qui
431 1298 459 1325 in
472 1297 589 1326 Iudaico
615 1300 717 1336 populo
739 1301 838 1328 similia
857 1304 932 1329 'sunt
950 1310 1006 1336 per-

216 1343 301 1377 pessi,
319 1348 471 1372 memorato
486 1349 609 1380 tempore
622 1346 714 1375 dicere
726 1347 913 1375 edoeebantur
930 1359 936 1376 :
951 1357 1005 1383 quo

215 1393 242 1416 et
259 1390 330 1424 apud
343 1390 404 1418 illos
415 1392 544 1426 generosi
560 1396 694 1427 martyres
709 1395 917 1422 commonstrati
930 1400 1003 1424 sunt.

215 1433 318 1462 llorum
339 1437 463 1463 meminit
493 1437 711 1466 Machabzeorum
739 1441 876 1475 scriptura
901 1442 948 1469 διε
976 1442 1003 1469 in

211 1481 301 1516 iisque
313 1486 373 1509 erat
389 1482 537 1512 Eleazarus
552 1485 594 1511 vir
606 1485 734 1518 illustris,
750 1491 829 1514 aetate
845 1493 1002 1522 provectus,

211 1527 257 1561 qui
273 1536 433 1563 generosam
447 1534 562 1557 mortem
579 1538 629 1566 pro
644 1533 745 1567 pietate
762 1541 826 1569 erga
845 1534 928 1561 Deum
940 1538 1002 1564 vitae

211 1575 339 1609 pnetulit.
357 1575 409 1603 Sed
421 1577 502 1604 etiam
517 1579 640 1612 quaedam
653 1580 785 1609 mirabilis
802 1586 904 1616 septem
922 1583 1000 1610 lilio—
1014 1583 1036 1614 C

211 1629 272 1648 rum
289 1626 387 1655 mater,
404 1624 554 1652 certamine
578 1627 701 1661 martyrii
724 1628 797 1654 omni
813 1629 893 1656 laude
909 1638 998 1664 supe-

210 1668 268 1695 rior
292 1669 436 1704 perfuncta
452 1676 509 1705 est;
538 1672 586 1699 ﬁlii
610 1681 720 1709 quoque
744 1674 818 1703 illius
834 1680 937 1711 septem
951 1685 997 1704 va-

210 1714 266 1742 rias
282 1723 387 1750 pugnas
401 1717 562 1750 subeuntes,
578 1718 695 1747 faustam
708 1724 918 1756 perseverantia:
941 1725 997 1751 vir-

208 1765 292 1789 tutem
308 1762 456 1792 exhibuere
469 1765 503 1791 ⁵⁵.
521 1764 573 1792 Alii
590 1774 701 1801 quoque
715 1768 826 1802 plurimi
843 1770 932 1797 sancti
944 1770 994 1797 viri

208 1809 292 1840 fuere,
300 1817 415 1844 quorum
424 1816 537 1839 mortem
544 1816 571 1839 et
579 1814 722 1847 sanguinis
731 1813 891 1843 elTusionem
901 1816 928 1843 in
937 1823 995 1843 ora-

205 1855 280 1883 tione
295 1864 385 1884 sermo
397 1862 594 1885 commemorat
610 1859 655 1888 his
670 1861 760 1888 verbis
779 1870 786 1888 :
802 1859 835 1887 Et
848 1862 994 1890 innotescat

205 1902 232 1928 in
245 1902 396 1930 nationibus
411 1912 500 1930 coram
510 1905 595 1932 oculis
609 1907 706 1934 nostris
717 1907 784 1934 ultio
792 1909 930 1943 sanguinis
938 1918 994 1937 ser-

206 1956 295 1974 vorum
304 1953 419 1981 tuorum.
430 1950 475 1985 qui
483 1951 583 1985 effusus
591 1957 641 1979 est.
651 1952 703 1980 Alii
712 1954 821 1989 quidem
833 1956 993 1990 sanguinem

205 2002 285 2022 suum
300 1996 379 2030 quasi
397 1996 526 2024 libamina
542 2006 592 2033 pro
608 2003 664 2026 tota
677 2004 757 2035 gente
770 2001 923 2035 tradidere;
946 2003 992 2029 alii

205 2047 268 2067 vero
284 2048 338 2067 non
357 2041 457 2069 similia
474 2044 559 2078 passi,
576 2045 630 2072 alio
650 2047 732 2074 modo
748 2055 798 2081 pro
821 2048 921 2083 pietate
935 2057 992 2076 cer-

207 2089 297 2113 tamen
316 2087 439 2115 inierunt
463 2091 620 2118 carceribus
648 2094 809 2128 mancipati,
828 2098 855 2123 et
874 2096 991 2123 vinculis

202 2143 356 2170 constricti.
372 2144 495 2177 Quorum
511 2146 576 2174 item
602 2149 721 2183 gemitus
737 2155 764 2178 et
783 2152 893 2180 dolores
908 2153 991 2180 labo-

201 2196 301 2224 resque
314 2195 468 2225 opportune
481 2192 509 2219 in
524 2194 649 2221 oratione
665 2203 862 2225 commemorat
875 2199 988 2227 dicens:

1061 971 1104 997 διὰ
1119 971 1150 997 τὸ
1165 971 1379 1006 ὲπικεκλημένον
1396 971 1461 1006 ἡμῖν
1478 971 1524 997 σὺν
1539 971 1634 1005 ὄνομα.
1649 969 1702 996 Τοῦ
1721 969 1775 1005 γὰρ
1790 978 1860 997 σαυ-

1059 1016 1106 1043 τοῦ
1121 1017 1278 1052 φειδόμενος
1298 1017 1429 1053 ὀνόματος
1451 1016 1498 1043 τοῦ
1515 1017 1681 1052 κοσμοῦντος
1697 1017 1780 1051 ἡμᾶς,
1800 1015 1860 1044 ιλά-

1061 1062 1137 1098 σθητι
1154 1065 1213 1095 ταῖς
1229 1063 1379 1098 ἁμαρτίαις
1399 1062 1489 1098 ἡμῶν,
1507 1063 1621 1098 μήποτε,
1642 1062 1770 1094 λαϐόντες
1783 1063 1859 1098 ἡμᾶς

1060 1108 1232 1143 ὑποχειρίους
1250 1109 1274 1134 οἱ
1291 1108 1394 1143 ἐχθροὶ,
1409 1108 1628 1143 βλασψημήσωσι
1648 1107 1679 1134 τδ
1705 1108 1750 1135 σὺν
1771 1107 1858 1143 ὄνομα

1059 1154 1197 1188 λέγοντες·
1224 1154 1288 1181 Ποῦ
1310 1155 1396 1181 ἐστιν
1418 1156 1435 1181 ό
1460 1155 1532 1188 Θεὸς
1556 1153 1674 1187 amor;
1697 1154 1778 1182 Ἀλλὰ
1799 1154 1855 1190 γὰρ

1057 1199 1136 1225 τοῦτο
1154 1199 1213 1234 μὲν,
1229 1199 1298 1232 ποῦ,
1314 1200 1401 1226 εἰπεῖν
1416 1199 1508 1230 αὐτοῖς
1524 1198 1561 1234 μὴ
1579 1199 1768 1235 συγχωρηθείη
1779 1207 1785 1213 ·
1805 1200 1855 1235 ὲμ-

1057 1244 1143 1279 φανὴς
1157 1244 1185 1271 δὲ
1199 1245 1393 1279 γενόμενος,σί›
1410 1245 1491 1276 αὐτὸς
1507 1246 1521 1271 ὁ
1539 1244 1634 1280 Σωτὴρ
1647 1245 1726 1280 ἡμῶν
1747 1244 1796 1280 τὴν
1809 1245 1855 1271 ὲκ-

1056 1288 1162 1323 δίκησιν
1177 1289 1287 1323 ποίησαι
1304 1289 1350 1315 τοῦ
1366 1289 1481 1324 αἵματος
1504 1289 1558 1316 τῶν
1571 1289 1671 1316 δούλων
1687 1298 1734 1316 σου
1748 1289 1795 1317 τοῦ
1807 1290 1853 1316 ὲκ-

1056 1333 1213 1368 κεχυμένου.
1229 1334 1320 1360 Ταῦτα
1331 1334 1420 1367 λέγειν
1439 1335 1468 1361 ἐν
1481 1335 1573 1369 εὐχαῖς
1585 1334 1770 1370 παιδευόμεθα
1782 1334 1852 1362 κατὰ

1056 1380 1118 1411 τοὺς
1135 1379 1189 1406 τῶν
1202 1380 1330 1415 διωγμῶν
1343 1380 1466 1416 καιροὺς,
1484 1381 1544 1407 ἀντὶ
1561 1380 1656 1413 Θυσίας
1673 1382 1721 1408 καὶ
1742 1381 1854 1408 ὁλοκαυ-

1054 1426 1189 1461 τωμάτων
1211 1426 1245 1453 τὰ
1268 1426 1371 1461 αἵματα
1389 1427 1443 1453 τῶν
1463 1427 1548 1461 ἁγίων
1566 1426 1712 1463 μαρτύρων
1733 1427 1853 1464 προϐαλρ

1055 1470 1161 1506 λόμενοι
1177 1492 1184 1502 ,
1219 1473 1265 1498 καὶ
1296 1472 1424 1504 τοιαύτας
1454 1472 1662 1508 ἀναπέμποντες
1699 1473 1848 1509 ἱκετηρίας.

1055 1517 1148 1543 Ταῦτα
1162 1518 1190 1544 δὲ
1207 1519 1253 1544 καὶ
1269 1518 1322 1554 προ
1336 1519 1414 1554 ἡμῶν
1435 1519 1459 1545 οἱ
1481 1520 1510 1546 ἐν
1526 1519 1566 1555 τῷ
1585 1520 1717 1547 Ἰουδαίων
1730 1521 1801 1548 ἔθνει
1817 1521 1850 1549 τὰ

1054 1564 1134 1598 ὅμοια
1149 1564 1313 1596 πεπονθότες
1327 1566 1396 1592 κατὰ
1416 1566 1461 1593 τὸν
1481 1566 1635 1602 δηλωθέντα
1651 1567 1745 1602 καιρὸν
1761 1567 1849 1602 λέγειν

1052 1609 1237 1636 ἐδιδάσκοντο·
1261 1610 1321 1637 καθ’
1342 1611 1372 1637 ὃν
1390 1612 1455 1647 παρ’
1476 1612 1567 1644 αὐτοῖς
1582 1614 1699 1646 γενναῖοι
1714 1613 1849 1649 μάρτυρες

1051 1656 1260 1691 ἀπεδείχθησαν,
1273 1653 1323 1683 Ὧν
1339 1657 1475 1693 μέμνηται
1495 1660 1512 1694 ὴ
1532 1659 1626 1694 γραφὴ
1645 1659 1700 1686 τῶν
1713 1659 1848 1695 καλουμέ-

1050 1702 1101 1728 νῶν
1116 1703 1319 1729 Μακκαϐαίων”
1338 1705 1367 1730 ἐν
1383 1702 1423 1737 οἷς
1444 1703 1477 1741 ἦν
1496 1705 1658 1741 Ἐλεάζαρός
1677 1715 1729 1739 τις,
1747 1700 1855 1741 ὲπιφαέ

1049 1747 1097 1782 νὴς
1119 1748 1199 1784 ἀνὴρ,
1219 1749 1397 1784 προϐεϐηκὼς
1420 1750 1468 1786 μὲν
1491 1751 1540 1787 τὴν
1558 1751 1675 1787 ἡλικίαν,
1694 1752 1725 1779 τὸ
1745 1752 1774 1779 δὲ
1788 1753 1847 1787 μετ’

1049 1794 1171 1825 εὐκλείας
1196 1794 1309 1821 θάνατον
1329 1797 1378 1832 τῆς
1394 1796 1466 1832 ζωῆς
1482 1798 1566 1833 αὐτῆς
1587 1799 1760 1834 προτιμήσας
1775 1799 1845 1834 ὑπὲρ

1048 1840 1096 1875 τῆς
1110 1841 1149 1872 είς
1166 1841 1210 1867 τὸν
1230 1842 1295 1868 Θεὸν
1318 1842 1468 1875 εὐσεϐείας.
1490 1844 1571 1870 Ἀλλά
1594 1844 1641 1871 καὶ
1663 1845 1754 1880 μήτηρ
1776 1844 1847 1872 ἐπτά

1048 1888 1150 1914 παίδων
1167 1888 1306 1924 θαυμασία
1330 1899 1371 1922 τις
1388 1891 1434 1917 καὶ
1449 1892 1519 1927 ὑπὲρ
1538 1892 1626 1919 πάντα
1640 1893 1718 1926 λόγον
1733 1892 1846 1928 ὲναθλή-

1047 1943 1117 1961 σασα
1127 1934 1165 1970 τῷ
1180 1936 1327 1972 μαρτυρίῳ
1337 1945 1344 1952 ·
1360 1938 1452 1969 παῖδές
1467 1946 1496 1964 τε
1508 1938 1612 1974 ταύτης
1622 1939 1692 1965 ἑπτὰ
1704 1939 1844 1975 διαφόροις

1047 1980 1213 2013 ὑποστάντες
1233 1982 1341 2015 ἄθλοις,
1364 1982 1483 2016 ἐξαίσιον
1505 1984 1606 2020 ἀρετὴν
1628 1985 1776 2020 καρτερίας
1798 1985 1842 2011 ὲν-

1046 2025 1189 2058 εδείξαντο.
1206 2026 1298 2053 Ἄλλοι
1313 2036 1343 2053 τε
1363 2027 1439 2063 παρὰ
1454 2029 1558 2061 τούτοις
1576 2029 1696 2056 πλεῖστοι
1711 2030 1790 2062 ὅσιοι,
1803 2027 1842 2056 ὧν

1044 2071 1095 2105 τῆς
1105 2071 1234 2106 τελευτῆς
1250 2073 1297 2100 καὶ
1310 2073 1363 2100 τῶν
1378 2074 1501 2109 αἱμάτων
1514 2075 1566 2109 τῆς
1585 2075 1723 2110 ὲκχύσεως
1738 2075 1781 2102 διὰ
1791 2076 1842 2111 τῆς

1045 2117 1125 2152 εὐχῆς
1140 2118 1316 2153 μνημονεύων
1332 2120 1346 2145 ὁ
1359 2120 1436 2154 λόγος
1457 2121 1539 2156 φησί·
1553 2121 1607 2148 Kal
1629 2122 1792 2156 γνωσθήτω
1804 2122 1842 2148 ἐν

1044 2162 1105 2195 τοῖς
1120 2163 1240 2190 ἔθνεσιν
1255 2164 1383 2192 ἐνώπιον
1399 2165 1458 2193 τῶν
1475 2166 1638 2201 ὀφθαλμῶν
1654 2167 1740 2202 ἡμῶν
1752 2168 1771 2202 ἠ
1788 2168 1839 2195 ὲκ-

1043 2207 1163 2242 δίκησις
1178 2209 1231 2236 τοῦ
1245 2210 1370 2244 αἵματος
1386 2210 1446 2237 τῶν
1465 2211 1584 2239 δούλων
1600 2219 1659 2239 σου
1688 2212 1741 2239 τοῦ
1760 2214 1839 2240 ἐκκε-

199 2249 234 2255 ~
249 2235 332 2264 Vens.
348 2237 391 2265 ll.
410 2237 531 2266 Introeat
542 2240 569 2267 in
579 2247 719 2275 conspectu
733 2248 777 2270 tuo
789 2246 901 2279 gemitus
917 2255 989 2273 com-

199 2282 345 2295 ..ι-Δέιμιμυ...
371 2284 527 2295 Π-.....εειε.ν
718 2290 724 2295 1
747 2290 752 2295 .
837 2292 843 2295 .
865 2292 882 2295 ,μ

1104 2235 1110 2242 ι
1152 2235 1159 2241 ι
1217 2235 1224 2236 ί
1248 2235 1365 2244 ηῐηνντ)
1390 2235 1433 2237 τί·
1467 2235 1572 2239 ν-νννννν
1602 2235 1655 2239 -νν
1691 2235 1738 2239 ’ν’
1760 2235 1828 2240 ἠν-π’

1053 2254 1184 2288 ηψένου.
1200 2256 1230 2282 Οἱ
1245 2256 1293 2291 μὲν
1310 2256 1344 2283 τά
1367 2257 1470 2292 αἵματα
1489 2257 1592 2285 ἑαυτῶν
1611 2258 1705 2295 ὥσπερ
1723 2259 1839 2290 σπονδὰς

199 2282 357 2315 peditorum.
371 2284 548 2320 Compeditos
558 2295 634 2321 vero,
651 2297 704 2316 non
718 2290 809 2318 labere
820 2292 843 2319 si
856 2292 933 2321 dicas
941 2302 988 2322 eos

199 2336 260 2356 esse
276 2330 321 2364 qui
350 2330 378 2357 in
402 2332 565 2361 mortalibus
591 2336 755 2369 corporibus
779 2341 837 2363 toto
852 2339 916 2366 vitae
931 2348 987 2368 suae

149 2376 152 2379 ”
199 2378 322 2410 tempore
335 2378 466 2404 macerati
483 2383 558 2406 sunt.
574 2379 669 2412 Qualis
679 2386 739 2408 erat
754 2381 856 2411 Paulus
872 2384 984 2413 dicens:

198 2419 256 2448 Nos
282 2427 371 2449 autem
392 2424 504 2452 viventes
532 2425 559 2452 in
583 2426 765 2462 tabernaculo,
790 2430 986 2464 ingemiscimus

196 2469 300 2501 gravati
312 2469 352 2502 '°;
370 2473 397 2497 et
409 2478 518 2498 rursum
531 2482 537 2498 :
555 2472 654 2507 Infelix
665 2482 710 2509 ego
727 2476 814 2507 homo,
828 2479 886 2512 quis
902 2488 942 2506 me
954 2480 986 2506 li-

197 2514 297 2541 berabit
306 2515 338 2542 de
353 2523 461 2551 corpore
476 2519 568 2546 mortis
584 2520 663 2555 hujus
676 2521 721 2548 ‘7?
745 2522 826 2550 Tales
840 2530 919 2552 erant
935 2526 982 2554 Dei

196 2561 346 2595 prophetae,
370 2571 522 2598 onmesque
550 2566 596 2600 qui
622 2567 649 2593 in
667 2569 832 2603 corporibus
859 2572 917 2599 suis
934 2580 985 2600 nec

196 2603 302 2632 deliciis
318 2613 368 2632 nec
380 2607 567 2642 voluptatibus
582 2610 666 2637 dediti
685 2611 806 2642 fuerunt.
829 2616 876 2642 sed
889 2622 985 2644 contra

196 2649 278 2676 vitam
298 2656 376 2678 suam
396 2653 516 2682 alllixcre
540 2656 665 2690 jejuniis,
692 2658 844 2691 laboribus,
868 2662 984 2697 aliisque

195 2696 322 2724 ascetieis
336 2700 586 2734 macerationibus;
606 2704 653 2738 qui
677 2712 730 2731 non
746 2713 795 2739 pro
810 2713 840 2733 se
863 2696 982 2741 tantum,

194 2740 242 2767 sed
256 2742 338 2769 etiam
351 2751 401 2777 pro
416 2749 474 2772 toto
489 2748 590 2781 populo
608 2749 663 2776 imo
674 2754 785 2783 pectore
794 2752 828 2778 ad
843 2752 925 2780 Deum
940 2740 982 2780 in;

196 2787 389 2819 gemiscebant.
404 2790 494 2823 Quare
516 2794 616 2821 dicitur
635 2805 640 2821 :
662 2794 780 2823 Iutroeat
798 2798 824 2824 in
842 2806 981 2833 conspectu

224 2862 289 2912 “ull
304 2865 393 2893 Maeli.
412 2876 455 2899 νι,
475 2869 518 2896 18.
557 2872 579 2888 ⁸⁵
601 2872 622 2899 ll
639 2875 725 2903 Maeli.
745 2883 792 2903 vu.
832 2877 854 2893 ⁵⁸
875 2876 897 2905 ΙΙ
914 2877 978 2907 Cor.
995 2888 1022 2912 ν,

230 2909 269 2946 Ci)
288 2913 341 2946 Γρ.
359 2914 491 2949 εἱργμοίς,

1042 2301 1113 2336 ,ὅπερ
1134 2301 1182 2327 τοῦ
1198 2302 1299 2334 παντὸς
1319 2303 1410 2335 ἔθνους
1432 2303 1629 2332 ὲκδεδώκασιν·
1651 2305 1676 2331 οἱ
1696 2305 1735 2337 δὲ,
1752 2305 1789 2341 μὴ
1803 2304 1839 2332 τὰ

1045 2347 1121 2381 {item
1136 2347 1239 2379 τούτοις
1249 2349 1422 2382 πεπονθότες,
1431 2350 1503 2386 ἄλλῳ
1512 2351 1605 2386 τρόπῳ
1616 2351 1662 2377 τὸν
1678 2351 1750 2385 ὑπὲρ
1760 2352 1838 2378 εὐσε-

1042 2388 1118 2424 ὀέίας
1129 2393 1278 2429 ὑπέμειναν
1290 2395 1394 2429 ἀγῶνα,
1403 2395 1494 2431 ἔργοις
1506 2397 1543 2432 (l)
1558 2397 1604 2423 καὶ
1617 2397 1725 2433 δεσμοῖς
1741 2397 1837 2424 πεδούο

1043 2446 1129 2472 μενοι.
1146 2435 1196 2464 Ὧν
1212 2440 1258 2465 καὶ
1274 2440 1364 2467 αὐτῶν
1381 2441 1444 2472 τοὺς
1465 2443 1634 2478 στεναγμοὺς
1653 2443 1700 2470 καὶ
1715 2443 1764 2475 τὰς
1780 2443 1837 2471 ὀδὺ·

1040 2492 1089 2515 νας
1104 2484 1151 2510 καὶ
1166 2484 1229 2516 τοὺς
1248 2486 1346 2518 πόνους
1360 2487 1495 2522 εὐκαίρως
1513 2487 1557 2514 διὰ
1570 2488 1621 2523 τῆς
1640 2489 1723 2524 εὐχῆς
1735 2490 1836 2525 ἀναμι-

1041 2531 1154 2564 μνήσκει
1172 2530 1274 2565 λέγων·
1299 2533 1466 2561 Εἱσελθέτω
1489 2534 1617 2561 ἐνώπιόν
1645 2543 1704 2562 σου
1723 2537 1740 2562 δ
1764 2544 1834 2563 στεο

1036 2576 1148 2610 ναγμὸς
1169 2576 1227 2603 τῶν
1243 2578 1466 2613 πεπεδημένων.
1502 2580 1711 2616 Πεπεδημένους
1729 2581 1760 2608 δὲ
1783 2581 1833 2608 οὐκ

1036 2621 1068 2647 ἂν
1086 2621 1218 2657 ἁμάρτοις
1234 2623 1318 2651 εἰπὼν
1333 2625 1378 2650 καὶ
1393 2626 1457 2656 τοὺς
1475 2626 1505 2652 ὲν
1526 2627 1583 2658 τοῖς
1600 2626 1707 2661 θνητοῖς
1724 2626 1832 2662 σώμασι

1038 2667 1126 2693 πάντα
1150 2664 1197 2693 τὸν
1210 2668 1259 2702 τῆς
1282 2669 1354 2704 ζωῆς
1372 2670 1463 2696 αὐτῶν
1485 2670 1542 2705 βίον
1567 2672 1830 2707 κατατρυχομένους,

1042 2711 1148 2743 Ὀποίος
1161 2710 1194 2747 ἦν
1208 2713 1313 2745 Παῦλος
1335 2714 1435 2748 λέγων’
1451 2715 1550 2750 Ἡμεῖς
1568 2717 1596 2743 οἱ
1607 2715 1714 2750 ζῶντες
1733 2717 1768 2744 ὲν
1790 2718 1833 2752 τῷ

1038 2757 1144 2791 σκήνει
1168 2759 1347 2794 στενάζομεν
1358 2761 1558 2796 βαρούμενοι·
1586 2763 1633 2789 καὶ
1656 2763 1753 2790 πάλιν·
1776 2765 1830 2791 Ta-

1035 2803 1185 2837 Ja/pror;
1206 2805 1262 2839 ἐγὼ
1285 2804 1448 2841 ἅνθρωπος,
1469 2808 1515 2841 τίς
1530 2816 1567 2843 με
1582 2809 1708 2842 ῥύσεται
1726 2808 1761 2837 ἐκ
1774 2807 1830 2837 τοῦ

1040 2881 1066 2909 tl.
1106 2881 1127 2898 ⁸⁷
1148 2881 1227 2912 Rom.
1246 2890 1300 2912 vn.
1319 2884 1363 2912 ει.
