4078 6432
382 405 490 462 919

1517 397 2024 456 COMMENTARIA
2063 398 2130 454 IN
2169 397 2507 455 PSALMOS.

3539 404 3645 462 950

377 521 650 591 σώματος
694 518 802 573 τοῦ
847 518 1106 573 θανάτου
1146 519 1392 582 τούτου;
1440 516 1684 571 Τοιοῦτοι
1726 516 1784 569 δὲ
1831 510 1967 586 ἦσαν

2077 524 2171 568 tuo
2213 513 2436 584 gemitus
2478 510 2908 578 compeditorum.
2943 509 3178 577 Quinam
3217 527 3382 582 porro
3411 514 3520 570 sint
3549 521 3644 587 qui

377 612 471 665 καὶ
505 611 554 662 οἱ
577 607 672 662 τοῦ
706 609 841 664 Θεοῦ
869 610 1163 680 προφῆται,
1196 608 1289 661 καὶ
1317 608 1519 671 πάντες
1546 608 1596 660 οἱ
1631 607 1706 678 μὴ
1735 605 1969 675 καθηδυ-

377 698 674 764 παθοῦντες
707 701 766 753 ὲν
797 701 909 762 τοῖς
948 699 1152 753 ἑαυτῶν
1185 698 1398 771 σώμασι
1421 739 1436 762 ,
1483 699 1618 770 μηδὲ
1654 701 1834 770 τρυφῇ
1876 698 1968 751 καὶ

373 792 536 865 ἡδονῇ
570 791 948 862 σχολάζοντες
1002 790 1305 863 τοῦμπαλιν
1352 792 1409 845 δὲ
1451 790 1730 855 πιέζοντες
1758 790 1964 843 ἑαυτῶν

373 887 472 957 τὴν
505 884 649 957 ζωὴν
680 885 916 948 ἀσιτίαις
955 885 1049 938 καὶ
1091 885 1274 948 πόνοις
1302 885 1396 938 καὶ
1425 887 1543 947 ταῖς
1573 883 1760 947 ἄλλαις
1786 883 1961 951 ἀσκη-

373 981 551 1041 τικαῖς
578 977 997 1040 κακοπαθείαις
1029 977 1078 1030 οἳ
1109 976 1203 1030 καὶ
1234 977 1332 1047 οὐχ
1365 976 1507 1048 ὑπὲρ
1541 975 1746 1029 ἑαυτῶν
1778 975 1957 1046 μόνον,

373 1068 508 1124 ἀλλά
549 1069 644 1122 καὶ
690 1068 830 1140 ὑπὲρ
872 1066 966 1121 τοῦ
1011 1068 1209 1131 παντὸς
1232 1066 1361 1120 λαοῦ
1404 1069 1468 1121 ὲκ
1510 1066 1705 1138 βάθους
1737 1066 1961 1137 καρδίας

375 1159 513 1230 πρὸς
539 1159 629 1212 τὸν
654 1149 785 1211 Θεὸν
811 1156 1042 1211 ἔστενον.
1077 1157 1169 1209 Διὸ
1189 1156 1463 1209 λέλεκται·
1501 1155 1835 1209 Είσελθέτω
1862 1151 1960 1204 ἐν·

372 1250 560 1305 ὠπιόν
595 1266 713 1305 σου
748 1254 781 1304 ό
809 1249 1143 1319 στεναγμὸς
1179 1247 1298 1302 τῶν
1328 1246 1772 1316 πεπεδημένων.
1807 1245 1963 1307 Τίνες

2077 605 2145 659 ad
2181 605 2296 658 hate
2330 603 2563 658 dicenda
2602 603 2833 657 instituti
2869 611 2997 658 sunt
3031 603 3136 658 sub
3190 603 3305 659 haec
3354 607 3527 675 aperit
3558 607 3644 663 his

2075 694 2260 750 verbis
2287 714 2298 747 :
2338 692 2683 746 Patrocinare
2711 692 2840 762 ﬁliis
2876 694 3190 747 occisorum.
3221 693 3331 750 Nos
3351 695 3640 766 .siquidem

2072 800 2182 839 non
2213 784 2360 854 digni
2391 784 2560 839 habiti
2584 799 2775 840 sumus
2803 784 2898 853 qui
2921 784 2988 837 ad
3016 793 3244 839 mortem
3271 801 3445 855 usque
3465 796 3645 841 certa-

2069 890 2277 940 remus,
2323 889 2387 929 ac
2430 889 2530 945 pro
2581 873 2692 929 Deo
2736 875 3060 944 sanguinem
3097 873 3491 942 funderemus;
3547 876 3644 932 sed

2070 967 2198 1038 quia
2230 967 2323 1022 ﬁlii
2351 982 2541 1022 sumus
2567 982 2755 1022 eorum
2779 966 2874 1037 qui
2905 967 3020 1020 haec
3054 974 3182 1021 sunt
3221 968 3487 1037 perpessi,
3526 969 3640 1023 vir.-

2071 1067 2187 1113 tute
2213 1066 2429 1128 patrum
2458 1066 2772 1113 nostrorum
2797 1058 2999 1121 ornati,
3032 1073 3320 1128 precamur
3339 1067 3399 1112 ut
3426 1059 3642 1114 illorum

2068 1151 2244 1220 gratia
2261 1149 2699 1205 misericordiam
2720 1164 3147 1220 consequamur.
3175 1148 3355 1215 Quare
3375 1149 3640 1207 dicimus:

2073 1239 2428 1293 Patrocinare
2457 1239 2587 1308 ﬁliis
2609 1240 2922 1292 occisorum.

373 1344 431 1397 δέ
461 1346 566 1398 είσι
593 1344 644 1399 οἱ
673 1343 844 1398 ταῦτα
885 1343 1257 1414 διδασκόμενοι
1299 1341 1500 1411 λέγειν,
1551 1341 1677 1412 ἑξῆς
1705 1337 1997 1411 παρίστησι
2061 1334 2319 1404 φάσκων’
2362 1335 2751 1402 Περιποίησαι
2783 1332 2929 1399 τοὺς
2973 1332 3142 1398 υἱοὺς
3169 1331 3289 1386 τῶν
3319 1335 3644 1387 τεθανατω-

369 1434 586 1506 μένων.
631 1436 821 1507 Ἡμεῖς
853 1434 949 1506 μὲν
998 1435 1107 1506 γὰρ
1167 1434 1228 1487 ού
1286 1433 1670 1505 κατηξιώμεθα
1705 1431 1866 1503 μέχρι
1928 1428 2160 1482 Θανάτου
2193 1424 2586 1494 ἀγωνίσασθαι,
2625 1424 2746 1476 οὐδὲ
2788 1424 2926 1495 ὑπὲρ
2970 1423 3105 1502 βεοῢ
3144 1423 3378 1477 κενῶσαι
3408 1424 3476 1478 τὰ
3515 1426 3643 1478 ἐαυ*

374 1531 483 1585 τῶν
508 1533 745 1604 αἵματα⁸
776 1531 889 1586 ἀλλ’
920 1530 1103 1601 ἐπειδὴ
1131 1529 1236 1584 τῶν
1257 1529 1429 1582 ταῦτα
1457 1529 1800 1592 πεπονθότων
1827 1525 1995 1596 ἐσμὲν
2033 1523 2158 1586 υἱοὶ,
2191 1519 2576 1591 σεμνυνόμενοι
2621 1519 2712 1572 ἐπὶ
2745 1521 2812 1588 τῇ
2858 1517 2966 1571 τῶν
3009 1517 3260 1572 πατὲοων
3315 1517 3504 1590 ἀρετῇ,
3531 1517 3644 1572 δεό..

377 1625 518 1696 μεθα
544 1625 610 1678 δι’
645 1624 884 1688 ἐκείνους
936 1620 1239 1693 ἐλεηθῆναι.
1289 1620 1381 1673 Διό
1414 1637 1593 1693 φαμεν
1614 1639 1626 1650 ·
1660 1617 2047 1687 Περιποίησαι
2075 1611 2217 1677 τοὺς
2236 1611 2410 1676 υἱοὺς
2440 1609 2559 1662 τῶν
2586 1606 3093 1677 τεθανατωμένων.

441 1716 682 1783 Ἀπόδος
694 1717 815 1783 τοῖς
828 1716 1092 1784 γείτοσιν
1105 1717 1142 1784 ἡ
1143 1716 1273 1786 μῶν
1286 1714 1742 1770 ἑπταπλασίονα
1755 1714 1804 1764 εἰ
1810 1731 1842 1777 ς
1855 1708 1963 1762 τὸν

376 1811 609 1865 κόλπον
623 1811 698 1863 αὑ
705 1807 840 1874 τῶν,
853 1807 960 1862 τὸν
971 1809 1312 1879 ὀνειδισμὸν
1323 1807 1541 1871 αὐτῶν,
1560 1805 1632 1860 ὃν
1644 1801 1963 1859 ὼνείδισάν

2138 1701 2306 1758 Vsus.
2355 1701 2540 1755 12-14.
2583 1699 2756 1754 Redde
2792 1700 2971 1753 vicinis
3009 1699 3205 1752 nostris
3247 1701 3543 1768 septuplum
3585 1703 3645 1756 in

2069 1796 2189 1850 sinu
2217 1811 2420 1859 eorum,
2447 1794 2824 1862 improperium
2866 1793 3119 1860 ipsorum,
3143 1791 3281 1860 quod
3304 1792 3647 1861 exprobrave-

377 1922 472 1971 σε,
502 1907 696 1976 Κύριε.
727 1906 916 1977 Ἡμεῖς
943 1905 1011 1959 δὲ
1038 1907 1190 1973 λαός
1218 1923 1334 1959 σου
1357 1905 1456 1961 καὶ
1486 1903 1751 1972 πρόϐατα
1774 1899 1966 1971 νομῆς

2072 1897 2191 1941 runt
2219 1888 2333 1953 tibi,
2377 1886 2619 1940 Domine.
2657 1883 2774 1938 Nos
2809 1894 2983 1938 autem
3022 1883 3246 1952 populus
3285 1894 3404 1938 tuus
3449 1895 3498 1940 et
3528 1904 3644 1942 oves

376 2013 513 2063 σου,
530 1996 1133 2066 ἀνθομολογησόμεθά
1153 2012 1253 2051 σοι
1280 1999 1366 2062 εις
1385 1995 1491 2050 τὸν
1512 1994 1715 2049 αἰῶνα.
1743 1997 1846 2061 Ε’ίς
1869 2011 1964 2064 γε-

377 2090 522 2144 νεὰν
551 2089 651 2143 καί
684 2089 897 2160 γενεὰν
931 2089 1376 2160 ἐξαγγελοῦμεν
1401 2090 1514 2157 τὴν
1541 2088 1784 2142 αἵνεσίν
1819 2103 1957 2142 σου.

390 2180 564 2251 Ἦμᾶς
583 2178 682 2250 μὲν
725 2178 1098 2250 περιποίησαι,
1125 2178 1173 2231 εἰ
1207 2179 1299 2232 καὶ
1333 2177 1409 2250 μὴ
1445 2177 1510 2230 δι’
1538 2179 1705 2248 ἡμᾶς,
1730 2177 1863 2230 ἀλλά
1877 2176 1964 2230 διὰ

378 2272 502 2335 τοὺς
533 2271 793 2342 πατέρας.
824 2271 949 2334 Τοῖς
991 2270 1047 2324 δὲ
1088 2269 1324 2340 γείτοσιν
1367 2269 1545 2341 ἡμῶν,
1585 2269 1827 2323 τουτέστι
1851 2273 1964 2334 τοῖς

381 2362 833 2434 ἐπανισταμένοις
852 2364 982 2434 ἡμῖν
1000 2363 1198 2417 καὶτὸν
1213 2361 1332 2416 καθ’
1349 2364 1382 2434 ἡ
1390 2362 1504 2433 μῶν
1522 2362 1754 2434 πόλεμον
1771 2363 1966 2433 διεγεί-

380 2471 584 2526 ρουσιν,
633 2455 830 2518 ἀπόδος
885 2454 953 2508 τὰ
1009 2455 1302 2526 ἀμοιϐαῖα,
1352 2454 1817 2531 πολυπλασιάζων.
1864 2456 1965 2527 τὴν

377 2548 732 2620 ὀφειλομένην
756 2549 941 2611 αὐτοῖς
989 2547 1131 2618 ὑπὲρ
1182 2540 1256 2601 ὧν
1289 2547 1522 2620 ἔδρασαν
1552 2547 1842 2619 τιμωρίαν,
1887 2549 1964 2620 μὴ

377 2644 490 2705 τοῖς
519 2640 640 2694 καθ’
671 2641 826 2713 ἡμῶν
855 2639 1218 2712 ἀρκεσθέντες
1247 2643 1456 2706 κακοῖς,
1492 2639 1606 2693 ἀλλ’
1636 2641 1737 2712 ἤδη
1775 2641 1872 2695 καὶ
1904 2641 1964 2694 σὲ

378 2731 470 2786 τὸν
499 2732 591 2785 ἐπὶ
619 2732 838 2786 πάντων
860 2730 1064 2804 Κύριον
1093 2731 1435 2803 βλασφήμοις
1466 2733 1562 2785 καὶ
1594 2732 1966 2798 όνειδιστικοῖς

380 2825 794 2898 περιϐάλλοντες
825 2825 1024 2894 λόγοις.
1063 2823 1202 2878 Ἀλλ’
1233 2824 1459 2888 ἐκείνοις
1482 2824 1603 2896 μὲν,
1633 2827 1818 2896 φησὶν,
1841 2826 1966 2879 ἀπό-

377 2917 468 2981 δος
506 2918 603 2989 τὴν
634 2917 791 2985 ἀξίαν
832 2917 1101 2989 τιμωρίαν
1131 2913 1267 2987 πρὸς
1295 2914 1560 2985 ὡφελείας
1602 2915 1780 2969 αὐτῶν
1807 2933 1968 2987 γενη-

382 3007 634 3080 σομένην,
653 3009 1128 3082 ὲπιστρεφομένων
1153 3007 1247 3062 καὶ
1283 3005 1762 3079 σωφρονιζομένων
1784 3008 1850 3061 δι’
1877 3009 1968 3062 a6-

379 3099 497 3170 τῆς·
528 3100 675 3170 ἡμᾶς
699 3099 754 3153 δὲ
786 3098 946 3164 σῶζε,
982 3101 1108 3162 τοὺς
1137 3099 1288 3163 υἱοὺς
1323 3098 1432 3153 τῶν
1460 3099 1921 3170 τεθανατωμένων
1945 3116 1961 3131 ο

380 3191 452 3257 οἳ,
500 3193 548 3245 εί
590 3189 684 3244 καὶ
726 3192 800 3262 μὴ
843 3193 953 3253 τοῖς
997 3189 1235 3262 πατράσι
1267 3190 1570 3262 γεγόναμεν
1611 3191 1807 3261 ὅμοιοι,
1848 3189 1962 3242 ἀλλ’

379 3283 528 3354 ὅμως
559 3300 652 3336 σου
700 3282 1038 3354 τυγχάνομεν
1070 3283 1197 3348 λαὸς
1230 3285 1324 3337 καὶ
1361 3283 1464 3353 τῆς
1502 3284 1600 3354 σῆς
1627 3283 1800 3354 νομῆς
1831 3283 1964 3355 πρό-

381 3372 549 3427 ϐατα·
595 3371 676 3424 διὺ
717 3371 1325 3442 ἁνθομολογησόμεθά
1360 3386 1458 3426 σοι
1495 3375 1582 3438 είς
1613 3372 1718 3425 τὸν
1747 3370 1962 3437 αἰῶνα,

381 3463 828 3536 εὐχαριστοῦντες
844 3463 1040 3536 δηλαδὴ
1063 3465 1155 3518 καὶ
1173 3464 1299 3527 τοὺς
1323 3464 1628 3537 πρέποντας
1654 3462 1854 3534 ὕμνους
1870 3463 1964 3516 καὶ

380 3555 684 3625 δοξολογίας
703 3557 842 3628 ὑπὲρ
858 3549 932 3610 ὧν
951 3551 1008 3610 εὖ
1034 3554 1379 3627 πεπόνθαμεν
1398 3555 1479 3608 σοὶ¹
1499 3554 1575 3625 ναξ)
1593 3554 1806 3607 πάντων
1826 3555 1962 3622 ἀγαέ-

382 3649 492 3703 θῶν
525 3650 710 3721 δοτῆρι
749 3648 868 3718 Θεῷ
890 3648 1323 3718 ἀναπέμποντες.
1356 3647 1584 3718 Ἐφεξῆς
1615 3663 1672 3698 τε
1693 3646 1842 3700 κατὰ
1868 3663 1964 3716 γε·

382 3742 528 3797 νεὰν
559 3741 658 3795 καὶ
695 3742 908 3811 γενεὰν
939 3741 1383 3810 ἐξαγγελοῦμεν
1426 3739 1542 3808 τὴν
1577 3739 1816 3793 αἵνεσίν
1847 3754 1964 3794 σου

385 3832 570 3886 παισὶν
589 3832 881 3904 ἡμετέροις
896 3832 988 3885 καὶ
1009 3831 1212 3885 παίδων
1230 3831 1406 3894 παισὶ,
1424 3830 1688 3900 διαδόχοις
1707 3847 1766 3882 τε
1785 3829 1964 3882 αὐτῶν

383 3925 496 3988 τοῖς
523 3923 662 3994 μετά
697 3922 1294 3994 ταῦτασγενησομένοις,
1318 3921 1508 3993 ῶσπερ
1529 3921 1730 3990 ἀγαθὸν
1764 3921 1964 3994 κλῆρον

384 4011 797 4084 παραδώσοντες
829 4011 929 4081 τῆς
963 4011 1222 4075 αἰνέσεως
1261 4010 1330 4064 τά
1369 4012 1612 4082 σωτήρια
1645 4011 1959 4082 μαθήματα.

385 4125 494 4180 ΕΙΣ
521 4127 610 4180 ΤΟ
634 4125 873 4186 ΤΕΛΟΣ,
899 4125 1082 4177 ΥΠΕΡ
1108 4125 1244 4178 ΤΩΝ
1265 4125 1962 4191 ΑΛΛΟΙΩΘΗΣΟΜΕΝΩΝ,

829 4194 1235 4248 ΜΑΡΤΥΡιυΝ
1265 4195 1353 4265 Τῼ
1379 4195 1573 4248 amo.

1145 4288 1264 4342 08'.

467 4399 523 4454 '0
545 4402 874 4472 ποιμαίνων
907 4401 1014 4457 τόν
1053 4401 1312 4470 Ἰσραὴλ,
1348 4403 1632 4473 πρόσχες,
1667 4405 1700 4457 ό
1735 4401 1970 4473 ὁδηγῶν

383 4490 528 4549 ὡσεὶ
558 4495 857 4562 πρόϐατον
880 4493 986 4548 τὸν
1026 4493 1259 4565 Ἰωσήφ.
1289 4495 1564 4566 Τέσσαρές
1594 4496 1731 4548 εἰσιν
1761 4496 1808 4549 οξ
1849 4498 1968 4547 ἐπι-

2067 1995 2282 2048 pascuaz
2305 1988 2427 2045 tute,
2453 1977 2820 2048 conﬁtebimur
2845 1976 2938 2030 tibi
2959 1976 3013 2029 in
3040 1977 3314 2030 saxulum.
3333 1975 3401 2033 In
3428 1994 3648 2049 genera-

2069 2075 2263 2127 tionem
2283 2082 2332 2126 et
2354 2072 2744 2142 generationem
2772 2069 3210 2123 annuntiabimus
3235 2069 3445 2124 laudem
3475 2081 3643 2127 tuam.

2066 2164 2235 2220 Nobis
2266 2163 2630 2235 patrocinare,
2664 2161 2769 2217 etsi
2800 2176 2908 2215 non
2948 2161 3123 2215 nostri
3165 2176 3356 2227 causa,
3393 2162 3488 2217 sed
3517 2179 3646 2233 pro-

2067 2265 2190 2329 pter
2221 2263 2406 2328 patres
2438 2263 2680 2310 nostros.
2707 2253 2914 2308 Viciuis
2938 2270 3071 2309 vero
3099 2253 3327 2318 nostris,
3364 2253 3419 2308 id
3441 2262 3527 2310 est
3572 2255 3643 2310 iis

2066 2350 2162 2421 qui
2191 2351 2484 2419 insurgunt
2509 2349 2562 2402 in
2594 2363 2718 2411 nos,
2751 2347 3019 2417 nobisque
3048 2347 3249 2401 bellum
3282 2355 3526 2414 movent,
3560 2348 3647 2402 vi—

2068 2457 2160 2497 ces
2199 2442 2493 2503 retribuas,
2528 2439 2899 2510 multiplicans
2952 2439 3083 2493 illud
3113 2439 3417 2496 sceleribus
3456 2454 3647 2494 eorum

2069 2534 2310 2588 debitum
2352 2533 2704 2603 supplicium.
2754 2531 2872 2586 Non
2923 2539 3008 2587 sat
3061 2533 3172 2587 illis
3227 2533 3328 2587 fuit
3375 2534 3517 2588 mala
3560 2535 3647 2588 iu-

2069 2625 2277 2682 ﬂixisse
2321 2626 2518 2692 nobis;
2550 2624 2646 2681 sed
2692 2634 2745 2679 te
2783 2639 3004 2695 quoque
3033 2626 3418 2680 universorum
3473 2625 3649 2680 Domi-

2069 2734 2201 2773 num
2232 2717 2569 2788 blasphemis
2614 2724 2668 2772 ct
2713 2717 3127 2773 contumeliosis
3155 2717 3320 2773 dictis
3363 2717 3651 2788 impezive-

2069 2821 2220 2866 runt.
2249 2809 2451 2866 Verum
2493 2809 2602 2865 illis
2650 2809 2718 2863 ad
2762 2809 3052 2864 utilitatem
3102 2823 3258 2863 suam
3291 2809 3648 2880 promeritum

2068 2905 2237 2960 redde
2288 2903 2660 2973 supplicium;
2710 2903 2786 2957 ita
2834 2911 2896 2957 ut
2937 2917 3006 2958 eo
3046 2909 3442 2958 convertantur
3481 2913 3536 2958 et
3581 2903 3650 2958 ad

2069 2997 2351 3051 meliorem
2393 3011 2452 3050 se
2491 2996 2701 3063 frugem
2734 2995 3035 3066 recipiant;
3069 3011 3170 3052 nos
3209 3003 3388 3052 autem
3436 2996 3650 3051 occiso-

2067 3105 2188 3144 rum
2228 3089 2390 3156 ﬁlios,
2417 3088 2592 3144 salute
2631 3088 2795 3152 dona,
2836 3088 2955 3159 qui,
2994 3087 3207 3144 etiamsi
3242 3104 3354 3142 non
3400 3087 3651 3160 patribus

2071 3184 2279 3239 similes
2314 3183 2601 3249 fuerimus,
2650 3190 2892 3238 attamen
2923 3184 3159 3254 populus
3201 3190 3330 3239 tuus
3373 3199 3564 3239 sumus
3596 3191 3652 3237 et

2072 3295 2202 3335 oves
2234 3294 2451 3350 pascua:
2486 3285 2625 3344 tum;
2658 3293 2826 3349 quare
2869 3277 3237 3347 conﬁtebimur
3270 3277 3365 3330 tibi
3398 3277 3452 3330 in
3479 3290 3651 3330 siccu-

2073 3370 2212 3435 lum,
2257 3371 2462 3441 gratias
2520 3371 2732 3425 scilicet
2783 3378 3011 3440 agentes
3046 3369 3370 3440 dcbitosque
3422 3369 3654 3440 hymnos

2071 3468 2126 3516 et
2149 3461 2338 3516 laudes
2367 3476 2468 3530 pro
2495 3462 2737 3530 acceptis
2761 3460 3045 3516 beneﬁciis
3075 3461 3174 3514 tibi
3202 3461 3448 3514 omnium
3481 3460 3655 3514 bono-

2071 3568 2194 3609 rum
2224 3553 2473 3624 largitori
2511 3552 2624 3608 Deo
2657 3554 2992 3609 emittentes.
3032 3551 3300 3621 Deinceps
3331 3565 3460 3606 vero
3489 3552 3545 3604 in
3570 3568 3653 3622 ge-

2072 3647 2396 3700 nerationem
2438 3655 2488 3699 et
2526 3645 2917 3716 generationem
2968 3644 3408 3700 annuntiabimus
3442 3643 3653 3698 laudem

2071 3748 2218 3793 tuam
2252 3739 2379 3795 ﬁliis
2406 3740 2636 3804 nostris,
2669 3739 2795 3812 ﬁliis
2820 3739 3054 3793 ﬁliorum
3089 3748 3144 3792 et
3167 3752 3358 3793 eorum
3391 3737 3649 3807 posteris,

2072 3832 2369 3887 salutarem
2423 3830 2603 3887 laudis
2655 3839 2762 3886 tua:
2816 3831 3186 3902 disciplinam,
3237 3844 3338 3886 ceu
3392 3830 3652 3900 optimam

2073 3934 2299 3990 sortem,
2330 3926 2631 3980 tradentes.

2073 4123 2125 4178 1.
2161 4120 2229 4176 ΙΝ
2273 4120 2505 4183 FINEM,
2545 4118 2682 4175 PRO
2718 4119 2805 4174 IIS
2838 4119 2956 4186 QUI
2998 4117 3652 4186 COMMUTABUNTUR,

2475 4190 2899 4248 TESTIMONIU
2912 4191 2972 4245 Μ·
2990 4192 3239 4246 ASAPH.

2746 4283 2984 4338 LXXIX.

2145 4399 2314 4456 Vens.
2351 4399 2407 4454 2.
2451 4399 2556 4467 Qui
2579 4400 2756 4469 pascis
2799 4398 2997 4464 Israel,
3033 4399 3265 4465 intende,
3306 4401 3396 4472 qui
3440 4400 3668 4455 deducis,

2073 4493 2211 4548 velut
2255 4509 2398 4547 ovem
2428 4491 2645 4562 Joseph.
2676 4492 2921 4559 Quatuor
2962 4501 3093 4548 sunt
3122 4492 3397 4562 inscripti,
3429 4491 3538 4547 Pro
3588 4495 3655 4548 iis

385 4585 794 4657 γεγραμμένοι,
833 4585 1000 4654 Ὑπὲρ
1056 4583 1174 4640 τῶν
1217 4585 1822 4657 ἀλλοιωθησομένων·
1878 4584 1967 4640 δύο

2073 4587 2164 4656 qui
2200 4585 2701 4650 commulabuntur;
2753 4585 2864 4641 duo
2900 4585 3123 4657 quidem
3174 4584 3419 4649 Davidis,
3470 4601 3562 4640 ιιι
3604 4593 3659 4638 et.

390 4675 489 4745 μὲν
515 4674 610 4730 τοῦ
635 4677 818 4741 Δαυῒδ,
844 4680 873 4732 6
897 4678 973 4732 νϐ’
1001 4679 1094 4732 καὶ
1123 4679 1152 4732 ό
1177 4678 1278 4751 ξη’,
1301 4679 1409 4733 τῶν
1447 4680 1504 4732 δὲ
1533 4678 1663 4733 υἱῶν
1695 4679 1842 4752 Κορὲ
1869 4674 1971 4747 εἷς,

387 4769 418 4822 6
451 4768 554 4839 μδ,
589 4769 685 4823 καὶ
732 4769 826 4823 τοῦ
871 4770 1042 4841 Ἀσάφ
1093 4770 1353 4834 ὡσαύτως
1383 4772 1412 4825 6
1480 4771 1618 4842 μετά
1671 4775 1874 4844 χεῖρας.
1912 4771 1973 4828 '0

391 4859 490 4930 μὲν
521 4854 612 4912 οὖν
641 4859 716 4913 v0'
757 4860 1072 4915 ἀπόπτωσιν
1101 4861 1194 4915 τοῦ
1241 4861 1510 4916 Ἰουδαίων
1553 4861 1738 4928 ἔθνους
1785 4864 1972 4936 ἐδήλου

390 4953 484 5006 καὶ
529 4954 718 5026 κλῆσιν
755 4953 948 5008 ἐθνῶν·
986 4953 1138 5024 ἔλεγε
1168 4954 1214 5007 δ’
1241 4952 1334 5009 οὖν
1368 4955 1687 5026 ἀρχόμενος,
1726 4955 1780 5008 ’0
1806 4955 1971 5024 Θεὸς,

390 5046 610 5102 ἀπώσω
647 5047 824 5117 ἡμᾶς,
851 5049 969 5105 καὶ
1008 5047 1280 5114 καθεῖλες
1312 5048 1490 5118 ἡμᾶς,
1528 5047 1846 5118 ἀψγίσθης,
1879 5048 1975 5101 καὶ

391 5138 462 5192 τὰ
491 5139 700 5203 τούτοις
725 5139 870 5211 ἑξῆς.
902 5135 1038 5193 Εἶτα
1083 5139 1307 5212 προῖὼν,
1355 5141 1558 5212 ὲπῆγεο
1587 5139 1768 5194 Μωὰδ
1793 5139 1976 5207 λέϐης

393 5230 504 5300 τῆς
540 5231 788 5298 ἐλπίδος
813 5250 954 5302 μου.
993 5233 1119 5288 Ἐπὶ
1151 5232 1266 5302 τὴν
1307 5233 1635 5303 Ἰδουμαίαν
1657 5232 1876 5287 ἐκτενῶ
1908 5231 1976 5286 τὸ

392 5323 675 5395 ὑπόδημά
691 5343 833 5394 μου,
854 5325 983 5394 ἐμοὶ
1009 5325 1349 5394 ἀλλόφυλοι
1378 5325 1703 5394 ἐφιλίασαν
1721 5342 1735 5357 ⁸
1763 5324 1818 5394 ἢ,
1842 5328 1979 5381 ὑπε-

395 5418 686 5486 τάγησαν.
705 5417 976 5481 Ὡσαύτως
1008 5419 1104 5471 καὶ
1134 5418 1164 5470 6
1191 5415 1293 5489 ξη’,
1311 5418 1490 5487 Ὑπὲρ
1514 5417 1630 5472 τῶν
1643 5419 1975 5486 ἀλλοιωθη-

396 5508 672 5576 σομένων
699 5509 1196 5582 ἐπιγεγραμμένος,
1215 5507 1283 5562 τά
1315 5509 1461 5580 πάθη
1487 5509 1581 5563 τοῦ
1606 5510 1856 5581 Σωτῆρος
1883 5510 1978 5563 καὶ

396 5595 494 5668 τὴν
528 5598 622 5652 τοῦ
661 5598 876 5672 Ἰσραὴλ
905 5600 1174 5671 ἀποϐολὴν
1210 5597 1505 5672 παρίστησι
1544 5599 1747 5669 λέγων’
1791 5603 1982 5668 Γενη-

399 5688 556 5757 θήτω
585 5691 624 5758 ἡ
653 5690 904 5759 τράπεζα
927 5693 1126 5747 αὐτῶν
1148 5691 1404 5746 ἐνώπιον
1426 5690 1625 5746 αὐτῶν
1647 5694 1733 5758 εἰς
1760 5692 1981 5761 παγίδα

401 5781 501 5834 καί
537 5784 623 5847 εὶς
663 5783 1065 5838 ἀνταπόδοσιν
1097 5785 1193 5838 καὶ
1234 5786 1320 5849 είς
1362 5782 1749 5838 σκάνδαλονγ
1787 5788 1981 5837 Σκοτι-

402 5869 725 5939 σθήτωσαν
777 5878 829 5929 οἱ
868 5875 1158 5946 ὀφθαλμοὶ
1207 5874 1404 5930 αὐτῶν
1441 5873 1545 5929 τοῦ
1574 5872 1660 5945 μὴ
1699 5872 1975 5943 βλέπειν,

2074 4693 2267 4744 vaut,
2308 4677 2543 4733 ﬁliorum
2574 4676 2715 4732 Core
2765 4693 2930 4742 unus,
2965 4693 3114 4741 xmv,
3153 4676 3357 4747 Asaphi
3395 4677 3523 4730 item
3567 4675 3659 4730 hic

2074 4787 2237 4841 quem
2283 4779 2607 4826 tractamus.
2657 4768 3155 4841 Quinquagcsimus
3212 4784 3391 4823 nonus
3444 4768 3658 4837 lapsum

2073 4862 2285 4920 Judaici
2321 4865 2506 4934 populi
2536 4871 2590 4919 et
2621 4864 2961 4918 vocationem
3001 4860 3244 4932 gentium
3280 4858 3656 4930 signiﬁcabat,

2076 4958 2162 5012 his
2192 4957 2374 5011 verbis
2415 4971 2579 5011 orsus
2608 4974 2620 5009 :
2659 4953 2818 5020 Deus,
2861 4953 3102 5023 repulisti
3144 4969 3238 5008 nos
3263 4962 3313 5005 et
3347 4949 3658 5006 destruxisti

2075 5067 2194 5113 nos,
2231 5049 2401 5102 iratus
2441 5065 2518 5111 es,
2555 5057 2608 5102 ct
2641 5057 2836 5101 caetera
2863 5062 2982 5118 quae
3017 5053 3343 5116 sequuntur.
3383 5042 3498 5098 Sub
3541 5042 3658 5097 haec

2077 5155 2257 5196 autem
2296 5159 2310 5195 :
2347 5138 2508 5193 Moab
2549 5139 2684 5194 lebes
2715 5141 2823 5208 spei
2849 5155 2993 5194 meat.
3031 5138 3103 5192 In
3137 5137 3436 5192 Idumteam
3477 5145 3659 5197 exten~

2077 5235 2201 5286 dam
2245 5231 2654 5285 calceamentum
2687 5245 2896 5293 meum;
2932 5229 3061 5282 mihi
3086 5228 3340 5297 allopltyli
3378 5227 3539 5280 amici
3570 5225 3659 5296 fa-

2079 5319 2149 5372 cti
2171 5326 2324 5381 sunt,
2356 5317 2489 5378 sive,
2525 5314 2723 5369 subditi
2745 5326 2888 5371 sunt.
2923 5313 3185 5368 Similiter
3211 5327 3407 5376 LXVIII,
3440 5310 3548 5364 Pro
3589 5311 3658 5365 iis

2077 5411 2166 5481 qui
2197 5409 2663 5464 comm'utabuntur
2697 5408 3013 5477 inscriptus,
3065 5405 3344 5460 cruciatus
3396 5401 3658 5458 Servato-

2080 5505 2159 5559 ris
2210 5514 2266 5559 et
2322 5501 2540 5558 israelis
2585 5500 2945 5570 abjectionem
2997 5498 3246 5552 declarat
3298 5495 3383 5550 his
3429 5495 3652 5550 verbis;

2080 5595 2209 5652 Fiat
2238 5614 2420 5652 mensa
2448 5612 2628 5651 eorum
2663 5611 2841 5649 coram
2872 5594 3000 5664 ipsis
3035 5592 3088 5646 in
3121 5591 3389 5661 laqueum,
3421 5598 3470 5643 et
3502 5589 3557 5642 in
3586 5603 3660 5642 re-

2082 5691 2421 5746 tributionem
2458 5698 2508 5744 et
2534 5691 2588 5743 in
2633 5687 2969 5744 scandalum.
3011 5683 3371 5739 Obscurentur
3395 5681 3536 5735 oculi
3572 5695 3661 5734 εο-

2083 5802 2200 5838 rum
2242 5800 2304 5838 ne
2347 5783 2577 5846 videant,
2617 5791 2665 5836 et
2713 5781 2932 5834 dorsum
2963 5793 3145 5831 eorum
3184 5790 3385 5844 semper
3423 5775 3660 5827 incunva.

2083 5876 2312 5948 E/funde
2333 5891 2485 5944 super
2515 5891 2599 5930 eos
2633 5877 2768 5930 iram
2804 5884 2969 5936 tuam,
3002 5881 3053 5926 et
3087 5870 3236 5940 furor
3259 5870 3354 5923 ira:
3385 5878 3490 5921 tua:
3517 5879 3656 5918 ceu;-
