2039 3216
249 178 300 208 951

588 177 724 206 EUSEBII
749 176 994 206 CESARIENSIS
1012 174 1088 204 OPP.
1112 174 1202 203 PARS
1219 175 1264 204 ΙΙΙ.
1283 192 1319 198 --
1337 175 1541 205 EXEGETICA.

1828 177 1889 206 95S

247 234 392 271 prehendat
416 243 469 263 eos.
487 234 551 263 Fiat
569 235 701 263 habitatio
719 243 811 263 eorum
831 235 947 268 deserta,
964 238 991 262 et
1006 234 1019 261 ὦ

1071 233 1134 263 ,καὶ
1160 233 1216 261 τὸν
1245 234 1342 262 νῶτον
1368 234 1462 262 αὐτὸν
1493 235 1656 268 διαπαντὸς
1684 235 1885 272 σύῃιαμψον.

224 311 227 314 ,
248 281 428 310 tabernaculis
448 290 539 310 eorum
557 290 610 310 non
632 283 669 310 sit
682 283 728 318 qui
747 282 886 310 inhabitet.
903 282 1036 316 Quoniam

245 335 323 364 quem
338 332 368 354 tu
379 329 533 363 percussisti
545 329 675 363 persecuti
689 333 762 361 sunt,
784 334 810 356 ct
824 337 903 365 super
917 328 1036 356 dolorem

245 374 386 401 vulnerum
409 382 528 401 meorum
548 374 718 403 addiderunt.
736 375 769 403 Hi
791 376 902 411 quidem
924 375 1036 404 Davidis

245 424 320 448 sunt.
336 420 468 448 Filiorum
483 429 548 449 vero
570 421 640 450 Core
661 430 734 455 xtlv,
752 423 797 450 cui
814 423 919 453 titulus,
935 422 989 449 Pro
1001 422 1034 449 iis

243 466 290 499 qui
315 468 568 502 eommutabuntur,
597 469 734 496 canticum
761 477 812 504 pro
840 469 944 496 Dilecto
966 469 1035 496 emi-

244 511 291 543 sit,
317 512 397 547 cujus
426 513 573 541 adventum
599 515 762 550 vaticinans,
787 516 957 543 vocationem
983 515 1034 542 Ec-

243 556 335 584 clesiae
352 566 384 585 ex
402 559 531 594 gentibus
552 559 667 593 addidit,
682 561 734 588 hoc
745 568 804 588 eam
817 560 898 588 modo
913 560 1034 588 subindi-

242 610 310 630 cans
325 614 331 631 :
345 604 426 637 Audi,
449 605 519 639 ﬁlia,
537 610 561 633 et
578 606 645 638 vide,
670 612 694 634 et
712 607 813 634 inclina
840 616 931 635 aurem
948 613 1031 639 tuum,

240 653 266 675 et
281 648 433 678 obliviscere
442 652 569 686 populum
585 657 657 679 tuum
671 658 694 680 et
711 653 819 680 domum
830 655 913 689 patris
929 655 985 686 tui.,
998 654 1031 681 Et

241 697 406 731 concupiscet
422 705 468 724 rex
482 698 601 726 decorem
615 704 700 732 tuum,
711 702 836 735 quoniam
854 702 909 735 ipse
922 706 960 728 est
975 701 1031 728 Do-

239 744 327 770 minus
343 747 414 776 tuus,
429 748 454 771 et
473 744 703 778 adorabunteum,
718 747 776 779 ﬁlia
795 746 859 781 Tyri
872 747 899 774 in
915 748 1031 774 muneri-

239 790 298 818 bus.
313 790 415 818 Eodem
431 791 523 826 itaque
543 792 624 818 modo
640 792 684 819 hic
704 801 784 827 quem
799 796 960 826 tractamus,
975 794 1028 821 Pro

237 837 272 864 iis
290 837 335 871 qui
354 828 770 873 coinmutabuntur»inscriptus,
791 846 823 866 ac
838 839 865 866 in
886 839 966 866 linem
987 848 1029 867 re-

237 884 358 914 mittens,
379 883 482 910 Christi
497 884 655 916 adventum,
671 884 777 912 Judaici
803 886 895 920 populi
912 887 1025 921 captivi-

237 932 321 956 tatem
340 932 367 956 et
386 928 636 963 Hierosolymorum
658 929 815 957 incendium
827 931 924 965 quoda
942 932 1025 967 Baby-

236 974 320 1002 loniis
335 974 436 1001 factum
453 980 495 1002 est
519 976 694 1010 praenuntiat.
712 976 804 1003 Primo
818 970 928 1011 quidem
952 978 1027 1004 ordi-

236 1023 282 1046 tur
296 1020 330 1047 ab
343 1020 418 1047 exitu
435 1020 593 1049 Iudaeorum
613 1030 647 1049 ex
665 1022 794 1057 Egypto,
814 1029 840 1051 et
859 1024 1026 1052 habitatione

233 1073 329 1093 eorum
353 1067 381 1093 in
408 1067 551 1096 Palaestina
576 1078 582 1095 :
606 1068 704 1096 deinde
731 1069 825 1103 adjicit
854 1070 1025 1098 obsidionem

234 1115 295 1147 post
325 1112 383 1140 haec
410 1113 444 1140 ab
468 1113 589 1149 Assyriis
613 1118 640 1141 et
664 1114 822 1150 Babyloniis
847 1115 947 1143 factam
967 1117 1024 1143 :ad

233 1157 292 1185 haec
322 1162 413 1186 autem
443 1160 671 1194 supplicationem
698 1159 814 1188 eﬂ'undit
842 1169 891 1196 pro
921 1162 1023 1190 Christi

231 1204 350 1232 adventu
377 1214 385 1232 :
412 1213 473 1240 quae
501 1205 658 1240 singulatim
691 1206 720 1233 in
754 1206 836 1241 hujus
874 1208 1023 1243 prophetiae

231 1249 458 1285 interpretatione
487 1251 709 1286 explicabuntur.
736 1251 817 1279 initio
842 1257 932 1281 autem
959 1262 1022 1281 cum

231 1295 278 1330 qui
300 1296 387 1330 pascit
409 1295 490 1324 Israel
514 1297 636 1331 psalmus
659 1300 754 1324 evocat
770 1297 835 1325 :hic
859 1306 940 1333 porro
964 1303 1022 1326 erat

230 1340 280 1369 Dei
298 1340 430 1374 Verbum.
456 1342 497 1369 uti
516 1343 676 1378 plerumque
700 1343 949 1379 comprobavimus,
975 1345 1022 1372 de-

229 1386 368 1415 clarantes
395 1395 450 1414 non
475 1387 559 1415 Deum
586 1389 632 1423 qui
660 1397 743 1424 super
766 1389 858 1416 omnia
881 1394 943 1421 est,
969 1391 1021 1418 sub

230 1432 350 1461 hominis
380 1433 465 1468 ﬁgura
494 1434 584 1461 visum
614 1434 771 1462 Abrahamo
800 1435 904 1469 fuisse;
933 1445 1020 1471 neque

229 1477 316 1513 Moysi
338 1479 450 1506 oracula
471 1479 584 1513 fudisse.
604 1488 655 1507 nec
680 1481 707 1508 in
724 1481 830 1509 deserto
846 1484 1020 1517 praecessisse

228 1524 378 1558 populum;
391 1525 438 1552 sed
456 1525 529 1555 hunc
546 1534 602 1553 non
616 1526 699 1553 alium
710 1535 782 1559 esse,
795 1536 876 1562 quam
892 1536 953 1555 eum
972 1530 1018 1564 qui

1088 280 1215 315 Ἕκχεον
1226 281 1272 308 ἐπ’
1284 282 1396 316 αὐτοὺς
1419 282 1476 316 τὴν
1494 282 1588 318 ὀργήν
1602 290 1672 315 σου,
1689 282 1739 310 καὶ
1753 284 1770 310 ὀ
1785 283 1886 318 θυμὸς

1086 326 1141 361 τῆς
1161 326 1253 363 ὁρτῆς
1273 335 1332 355 σου
1354 327 1516 356 καταλάϐοι
1539 329 1661 362 αὐτούς.
1681 329 1842 364 Γενηθήτω
1860 331 1883 365 ἠ

1085 371 1214 406 ἔπαυλις
1225 372 1326 400 αὐτῶν
1339 373 1529 410 ἠρημωμένη.
1553 374 1602 403 καὶ
1620 375 1655 401 ἐν
1677 375 1740 409 τοῖς
1756 375 1893 410 omni»:

1082 424 1177 452 μασιν
1189 417 1288 445 αὐτῶν
1295 418 1339 453 μὴ
1350 419 1427 446 ἐστω
1444 421 1460 446 ὁ
1472 419 1616 447 κατοικῶν
1627 429 1634 437 ·
1645 420 1691 447 ὅτι
1703 420 1740 447 ὃν
1752 421 1792 448 σὺ
1803 420 1882 448 ἐπά-

1085 463 1178 497 ταξας
1192 464 1386 497 κατεδίωξαν,
1403 466 1451 492 καὶ
1472 466 1521 493 ἐπὶ
1543 466 1578 493 τὸ
1599 466 1693 502 ἄλγος
1707 466 1767 494 τῶν
1785 462 1887 501 τραυ·’

1081 508 1184 543 μάτων
1209 519 1270 544 μου
1294 511 1494 545 προσέθηκαν.
1522 508 1601 539 Οὗτοι
1627 512 1676 548 μὲν
1703 510 1750 539 οὖν
1777 513 1802 540 οἱ
1828 512 1878 540 τοῦ

1084 555 1173 582 Δαυϊδ.
1183 556 1243 583 Τῶν
1257 556 1284 583 δὲ
1300 556 1364 583 υἱῶν
1373 558 1444 593 Κορὲ
1457 558 1471 583 ὁ
1483 557 1630 593 μδ¹,⁴Υπὲρ
1645 557 1704 585 τῶν
1713 559 1879 593 ἀλλοιωθη-

1083 600 1220 635 σομένων
1233 601 1281 637 τὴν
1296 603 1450 638 ἐπιγραφὴν
1466 602 1545 638 ἔχων,
1561 603 1632 640 ᾠδὴν
1649 603 1790 639 ἀνέπεμπε
1803 603 1877 639 ὑπὲρ

1081 646 1129 673 τοῦ
1149 647 1314 682 Ἀγαττητοῦ,
1328 646 1358 676 οὗ
1377 649 1426 685 τὴν
1447 649 1596 684 παρουσίαν
1613 649 1743 681 θεσπίσας
1763 649 1878 676 ἐπισυν-

1081 693 1151 728 ῆπτε
1175 693 1224 729 τὴν
1245 693 1340 728 κλῆσιν
1364 694 1413 729 τῆς
1437 694 1466 726 ἐξ
1487 694 1571 721 ἐθνῶν
1593 694 1756 730 Ἑκκλησίας
1779 694 1876 723 τοῦτον

1081 739 1265 774 αἰνιττόμενος
1291 740 1336 767 τὸν
1361 741 1476 776 τρόπον’
1492 742 1648 774 Ἄκουσον,
1671 741 1806 776 θύγατερ,
1823 742 1874 768 καὶ

1080 785 1187 812 κλῖνον
1208 786 1241 812 τὸ
1262 784 1317 819 οὖς
1335 794 1403 819 σου,
1425 787 1475 813 καὶ
1490 787 1634 815 ἐπιλάθου
1651 787 1704 814 τοῦ
1721 787 1798 814 λαοῦ
1813 795 1874 815 σου

1080 832 1129 858 καὶ
1142 832 1194 859 τοῦ
1206 833 1292 859 οἴκου
1306 832 1359 859 τοῦ
1373 834 1484 867 πατρός
1497 841 1565 860 σου.
1589 834 1643 861 Kal
1665 833 1843 869 ἐπιθυμήσει
1856 835 1874 861 δ

1076 878 1227 911 βασιλεὺς
1247 878 1300 905 τοῦ
1320 878 1454 912 κάλλους
1472 886 1541 912 σου,
1559 879 1604 906 ὅτι
1619 879 1711 912 ιιὺτός
1726 879 1791 906 ἐστι
1815 879 1873 906 Κύ-

1074 924 1140 957 ριός
1164 932 1233 956 σου,
1254 925 1303 951 καὶ
1327 924 1599 958 προσκυνήσουσιν
1623 925 1718 958 αὐτῷ,
1741 924 1873 960 θυγάτηρ

1080 970 1173 1004 Τύρου
1190 970 1224 997 ἐν
1240 970 1353 1004 δώροις.
1370 971 1448 998 Κατὰ
1471 971 1516 997 τὸν
1539 971 1620 998 αὑτὸν
1639 969 1685 998 οὖν
1702 971 1801 1007 τρόπον
1823 971 1872 997 καὶ

1076 1017 1090 1042 ὁ
1105 1017 1173 1051 μετὰ
1187 1017 1377 1052 χεῖραςὙπὲρ
1398 1017 1456 1045 τῶν
1466 1018 1754 1052 ἀλλοιωθησομένων
1777 1019 1871 1052 ἐπιγε-

1075 1063 1245 1098 γραμμένος,
1271 1064 1318 1090 καὶ
1340 1065 1381 1095 είς
1406 1064 1436 1090 τὸ
1455 1064 1531 1096 τέλος
1552 1064 1732 1100 ἀναπέμπων,
1752 1063 1869 1100 Χριστοῦ

1075 1108 1235 1144 παρουσίαν,
1251 1109 1297 1135 τοῦ
1312 1118 1342 1135 τε
1363 1110 1495 1136 Ἰουδαίων
1507 1110 1598 1142 ἔθνους
1618 1111 1668 1145 τὴν
1683 1109 1869 1145 αἰχμαλωσίαν

1074 1155 1121 1181 καὶ
1136 1155 1181 1181 τὸν
1195 1156 1358 1191 ἐμπρησμὸν
1371 1157 1419 1191 τῆς
1439 1157 1613 1192 Ἰερουσαλὴμ
1625 1156 1654 1183 ὃν
1668 1156 1800 1183 πέπονθεν
1816 1156 1868 1182 ὑπὸ

1074 1200 1251 1228 Βαϐυλωνίων
1272 1204 1469 1238 προαναφωνεῖ.
1497 1202 1608 1238 Πρῶτον
1624 1204 1672 1238 μὲν
1694 1200 1740 1229 οὖν
1765 1202 1867 1238 διεξέρ-

1073 1256 1149 1282 χεται
1173 1248 1223 1283 τὴν
1249 1249 1297 1275 ἀπ’
1318 1249 1456 1284 Αἰγύπτου
1478 1249 1532 1276 τῶν
1552 1249 1687 1275 Ἰουδαίων
1705 1248 1804 1281 ἔξοδον,
1819 1247 1866 1274 καὶ

1073 1293 1121 1330 τὴν
1138 1294 1294 1330 κατοίκησιν
1309 1294 1399 1322 αὐτῶν
1413 1295 1460 1329 τὴν
1473 1295 1520 1321 ἐπὶ
1542 1295 1591 1330 τῆς
1605 1295 1659 1321 τῶν
1674 1294 1865 1329 ,Παλαιστίνων

1072 1341 1140 1376 γῆς·
1161 1341 1257 1368 ἔπειτα
1281 1342 1412 1368 συνάπτει
1427 1342 1475 1377 τὴν
1495 1341 1563 1377 μετὰ
1584 1341 1670 1368 ταῦτα
1692 1340 1864 1367 εἰσελθοῦσαν

1072 1387 1162 1418 αὐτοῖς
1172 1387 1330 1421 πολιορκίαν
1339 1388 1391 1414 ὑπὸ
1406 1388 1554 1423 Ἀσσυρίων
1566 1387 1613 1413 καὶ
1621 1386 1807 1413 Βαϐυλωνίων
1818 1386 1863 1412 καὶ

1072 1432 1140 1467 πρὸς
1155 1431 1259 1463 τούτοις
1273 1433 1412 1468 ἱκετηρίαν
1431 1432 1567 1459 ἐκτίθεται
1581 1432 1651 1468 ὑπὲρ
1667 1433 1716 1468 τῆς
1733 1431 1780 1458 τοῦ
1797 1432 1863 1468 Χρι-

1072 1477 1135 1504 στοῦ
1149 1478 1321 1512 ἐπιφανείαςν
1335 1478 1420 1505 ταῦτα
1433 1479 1461 1505 δὲ
1474 1478 1545 1505 κατὰ
1559 1478 1640 1514 μέρος
1652 1478 1821 1513 δειχθήσεται
1835 1479 1861 1504 ὲν

1071 1526 1103 1560 τῇ
1115 1525 1167 1552 τῶν
1178 1526 1424 1562 προφητευομένων
1440 1526 1585 1562 ἑρμηνείᾳ·
1599 1525 1668 1552 κατὰ
1681 1525 1709 1552 δὲ
1718 1525 1766 1561 τὴν
1777 1524 1861 1561 ἀρχὴν

227 1569 255 1596 in
271 1568 415 1604 Evangelio
436 1570 503 1597 dicit
519 1579 525 1596 :
544 1572 691 1607 Antequam
715 1573 850 1600 Abraham
863 1575 953 1608 ﬁeret,
972 1584 1018 1611 ego

1071 1571 1244 1598 ἀνακαλεῖται
1267 1573 1281 1598 ὁ
1298 1572 1403 1607 ψαλμὸς
1423 1572 1468 1598 τὸν
1488 1571 1664 1607 ποιμαίνοντα
1681 1571 1725 1598 τὸν
1744 1571 1859 1606 Ἰσραήλ-

227 1622 287 1645 sum
295 1614 336 1647 ‘3;
352 1620 388 1647 et,
406 1615 540 1642 Abraham
551 1621 626 1651 pater
646 1623 729 1645 vester
743 1619 885 1646 exsultavit
903 1626 931 1646 ut
946 1622 1018 1649 vide-

227 1665 266 1688 ret
278 1660 347 1687 diem
362 1669 460 1694 meum,
473 1667 498 1690 et
513 1662 619 1694 ridit,et
630 1665 736 1698 gavisus
751 1670 790 1692 est
798 1666 843 1693 ηδ’.
854 1667 942 1700 Ipsum
954 1675 1018 1703 ergo

224 1706 282 1740 jam
297 1711 394 1734 evocat
407 1707 502 1736 dicens
519 1718 526 1735 :
544 1709 596 1742 Qui
605 1711 692 1743 pascis
711 1710 809 1745 Israel,
818 1712 932 1744 intende,
950 1719 1016 1747 etc.,

226 1756 359 1787 rogatque
376 1758 406 1781 ut
431 1754 558 1784 ostendat
578 1755 674 1783 faciem
697 1765 774 1786 suam
801 1766 851 1792 pro
879 1761 1017 1787 communi

226 1799 350 1826 omnium
373 1800 478 1834 salute,
503 1802 706 1837 adventumque
731 1803 792 1838 ejus
813 1807 1016 1840 quamprimum

225 1844 385 1880 contingere
403 1847 540 1882 supplicat
563 1848 605 1876 his
624 1849 715 1876 verbis
732 1857 738 1874 ε
756 1849 851 1877 Επίιιι
872 1853 1016 1886 potentiam

225 1894 309 1923 tuam,
326 1896 350 1919 et
376 1893 434 1920 veni
449 1898 477 1920 ut
502 1894 589 1921 salvos
616 1895 702 1929 facias
719 1904 788 1928 nos;
804 1905 835 1924 ac
853 1898 933 1925 tertio
952 1906 1015 1926 cum

223 1936 300 1968 dicit,
315 1936 431 1964 Ostende
447 1939 542 1972 facient
558 1945 631 1967 luant
643 1961 650 1972 ,
666 1946 691 1968 et
703 1942 770 1968 salvi
785 1944 893 1971 erimus.
915 1944 1016 1973 Deinde

223 1989 289 2009 vero
306 1982 441 2011 adventus
455 1985 565 2011 modum
580 1986 702 2013 declarat
713 1987 808 2016 dicens
822 1997 828 2014 :
847 1989 910 2016 Fiat
921 1999 1015 2018 manus

223 2032 271 2055 tua
293 2036 371 2062 super
391 2029 476 2056 virum
490 2030 605 2058 dextera:
620 2037 681 2065 tum,
698 2038 722 2059 et
734 2042 812 2068 super
828 2035 914 2069 ﬁlium
930 2036 1016 2066 homi-

222 2073 276 2105 nis,
288 2082 364 2108 quem
383 2076 548 2113 conﬁrmasti
564 2077 621 2109 tibi.
635 2078 825 2114 lncorporeum
842 2089 959 2116 namque
969 2083 1014 2110 Dei

223 2117 343 2146 Verbum
366 2127 455 2155 rogat,
474 2126 503 2149 ut
521 2131 569 2157 per
592 2124 681 2151 virum
698 2126 818 2154 dexterae
836 2135 903 2159 suae,
926 2133 952 2155 et
967 2136 1015 2163 per

221 2164 321 2200 Filium
336 2167 455 2198 hominis
472 2170 620 2198 beneficam
640 2172 769 2200 virtutem
790 2182 867 2206 suam
884 2177 1012 2204 omnibus

220 2212 362 2247 largiatur.
387 2213 477 2244 Divini
503 2216 594 2252 itaque
614 2222 640 2245 et
655 2219 784 2248 salutaris
812 2222 947 2250 adventus
962 2223 1013 2250 hac

219 2258 326 2291 ratione
350 2261 516 2296 mentionem
535 2262 615 2297 fecit;
634 2264 743 2293 lsraelis
760 2274 826 2294 vero
850 2268 957 2295 ruinam
974 2269 1010 2296 ita

218 2305 384 2337 vaticinatur
402 2314 409 2332 :
425 2305 522 2344 thuid
536 2309 692 2339 destruzisti
708 2314 851 2340 maceriam
862 2314 942 2348 ejus?
957 2317 1011 2343 sci-

219 2350 282 2377 licet
293 2351 389 2382 viuere.
406 2360 488 2388 quam
510 2362 543 2382 ex
568 2355 686 2391 Aigypto
703 2359 853 2392 transtulit,
873 2366 898 2387 et
922 2362 1011 2389 vinde-

218 2396 303 2423 miant
318 2406 376 2424 eam
392 2407 482 2426 omnes
492 2401 537 2435 qui
551 2403 803 2439 prwtergrediztntur
818 2406 897 2433 viam.
911 2406 1009 2440 Exter—

217 2443 329 2473 minavit
340 2452 397 2471 eam
411 2453 474 2479 aper
493 2446 525 2473 de
538 2448 604 2474 silva
617 2467 624 2480 ,
640 2454 663 2475 et
679 2449 823 2484 singularis
839 2452 910 2486 [erus
929 2453 1010 2488 depa-

217 2492 274 2514 stus
291 2493 330 2515 est
344 2497 412 2518 eam.
427 2489 541 2517 Incensa
554 2492 610 2526 igni
623 2498 648 2518 et
661 2494 788 2528 suffossa.
806 2495 868 2523 llaec
882 2497 915 2525 de
931 2498 1009 2526 vinea

216 2541 393 2568 percurrens.
405 2535 525 2567 Judaicm
537 2540 626 2573 gentis
641 2541 822 2569 vastationem
839 2545 1007 2577 praenuntia-

215 2581 271 2607 hat.
287 2581 352 2610 Jure
374 2583 467 2618 itaque
486 2585 516 2611 in
545 2585 625 2612 titulo
642 2586 700 2613 base
725 2587 797 2614 dicta
820 2590 1007 2617 testimonium

217 2633 350 2655 vocantur
367 2637 449 2656 :nam
473 2631 660 2663 testimonium
677 2634 734 2661 haec
752 2635 842 2663 futura
856 2645 917 2664 esse
927 2638 1005 2665 dixit.

216 2673 295 2700 Unde
317 2675 387 2708 apud
413 2675 608 2711 Symmachum
629 2684 657 2706 et
687 2681 832 2715 Aquilam,
854 2683 1007 2716 testiﬁcatio

215 2718 328 2746 dicitur.
346 2720 423 2748 Illius
438 2726 528 2749 autem
541 2723 612 2755 loco,
627 2732 674 2757 pro
699 2726 732 2752 iis
745 2727 790 2760 qui
806 2729 1006 2756 commutaban-

214 2768 274 2796 tur,
296 2764 488 2801 Symmachus,
502 2776 549 2802 pro
565 2769 696 2802 ﬂoribus;
712 2772 810 2806 Aquila
826 2782 899 2808 vero,
914 2782 962 2809 pro
973 2775 1004 2801 li-

225 2810 268 2843 iis,
288 2811 460 2846 interpretati
477 2818 551 2841 sunt.
578 2815 790 2851 Prospcritalem
807 2820 940 2855 siquidem
956 2821 1003 2849 Ju—

251 2888 274 2905 "
291 2887 369 2918 Joau.
389 2899 453 2925 vm,
473 2892 517 2920 58.
557 2894 589 2909 ⁵⁸·
612 2894 678 2924 ibid.
694 2896 738 2924 56.

1071 1614 1147 1650 οὗτος
1161 1618 1189 1644 δὲ
1203 1617 1236 1653 ἦν
1253 1619 1267 1645 ὁ
1281 1618 1328 1644 τοῦ
1343 1618 1410 1645 Θεοῦ
1422 1618 1516 1652 Λόγος,
1530 1618 1568 1650 ὡς
1586 1618 1712 1649 πολλάκις
1723 1617 1862 1650 ἀπεδείξα-

1072 1672 1119 1698 μεν
1131 1664 1327 1699 παριστῶντες,
1337 1664 1374 1699 μὴ
1386 1664 1430 1691 τὸν
1443 1664 1571 1690 ἐπέκεινα
1583 1663 1628 1690 τὸν
1641 1664 1708 1691 ὅλων
1716 1663 1782 1690 Θεὸν
1792 1663 1861 1691 εἶναι

1068 1710 1113 1736 τὸν
1124 1707 1213 1744 ὦφθαι
1224 1710 1263 1745 τῷ
1279 1710 1403 1745 Ἀϐραὰμ
1413 1712 1441 1738 ὲν
1453 1711 1547 1747 ἀνδρὸς
1564 1711 1681 1746 σχήματι
1692 1710 1861 1746 ἀναγεγραμ-

1071 1756 1159 1791 μένον,
1171 1757 1218 1783 καὶ
1227 1755 1265 1791 τῷ
1276 1757 1388 1783 Μωῡσεῖ
1399 1756 1638 1791 κεχρηματικέναι,
1653 1755 1700 1781 καὶ
1714 1757 1742 1783 ὲν
1756 1757 1788 1790 τῇ
1799 1755 1861 1790 ἐρή-

1070 1811 1113 1837 μῳ
1129 1802 1329 1838 προωδευκέναι
1341 1802 1388 1828 τοῦ
1398 1802 1472 1828 λαοῦ’
1489 1800 1557 1829 εἶναι
1573 1802 1601 1828 δὲ
1616 1801 1707 1828 τοῦτον
1721 1801 1860 1836 οὐδέτερον

1067 1848 1114 1874 τοῦ
1137 1848 1166 1874 ὲν
1194 1848 1372 1882 Εὑαγγελίοις
1399 1848 1554 1883 εἰρηκότοςσ
1576 1847 1651 1881 Πρὶν
1670 1847 1797 1881 Ἀϐραὰμ
1812 1855 1859 1881 γε-

1067 1894 1172 1921 νέσθαι
1184 1894 1240 1928 ἐγώ
1251 1896 1308 1928 ειμι
1319 1903 1325 1908 ·
1336 1894 1394 1926 καὶ,
1408 1894 1535 1928 Ἀϐραὰμ
1547 1895 1562 1921 ὁ
1571 1893 1669 1928 πατὴρ
1679 1893 1760 1928 ὑμῶν
1770 1893 1861 1928 ἠγαλ-

1066 1940 1194 1967 λιάσατο
1204 1941 1254 1967 ἵνα
1266 1941 1314 1975 ιδῃ
1327 1940 1384 1974 τὴν
1396 1940 1509 1975 ἡμέραν
1523 1940 1580 1975 τὴν
1592 1940 1679 1975 ἐμὴν,
1692 1940 1740 1967 καὶ
1752 1938 1797 1966 ἴδε
1809 1939 1859 1965 καὶ

1066 1987 1169 2021 ἐχάρη.
1200 1987 1285 2013 Αὐτὸν
1300 1987 1331 2022 δὴ
1346 1985 1392 2013 οὖν
1408 1987 1454 2012 ἐπὶ
1470 1987 1517 2012 τοῦ
1534 1987 1667 2022 παρόντος
1682 1985 1857 2013 ἀνακαλεῖται

1067 2033 1179 2066 φάσκων
1188 2041 1194 2047 ·
1204 2033 1234 2059 ’0
1242 2033 1407 2067 ποιμαίνων
1414 2032 1467 2059 τὸν
1479 2032 1608 2066 Ἰσραὴλ,
1618 2033 1761 2069 πρρσχες,
1770 2031 1817 2057 καὶ
1823 2030 1859 2057 τὰ

1066 2079 1129 2114 ἑξῆς
1139 2098 1146 2111 ,
1161 2079 1291 2113 ἐπιφᾶναι
1301 2087 1330 2105 τε
1343 2079 1373 2105 τὸ
1382 2079 1526 2114 πρόσωπον
1538 2078 1620 2105 αὑτοῦ
1629 2078 1698 2113 ὑπὲρ
1708 2078 1756 2113 τῆς
1766 2078 1858 2113 κοινῆς

1066 2126 1193 2152 ἁπάντων
1203 2126 1339 2161 σωτηρίας
1347 2125 1490 2158 ἀντιϐολεῖ,
1497 2126 1546 2160 τήν
1553 2134 1583 2151 τε
1592 2126 1742 2161 παρουσίαν
1750 2121 1856 2161 αὑτοῠῇ

1066 2171 1147 2206 τάχος
1169 2170 1294 2205 γενέσθαι
1315 2171 1386 2203 ἀξιοῖ
1399 2170 1501 2205 λέγων·
1517 2171 1683 2206 Ἐξέγειρον
1695 2170 1752 2205 τὴν
1764 2171 1856 2197 δυνα-

1066 2217 1171 2243 στείαν
1181 2225 1238 2244 σου
1247 2236 1254 2249 ,
1265 2217 1313 2243 καὶ
1323 2217 1392 2243 ἐλθὲ
1401 2237 1408 2249 ,
1417 2218 1460 2250 εὶς
1470 2217 1504 2243 τὸ
1512 2217 1610 2244 σῶσαι
1620 2216 1707 2251 ἡμᾶς.
1720 2217 1818 2252 Τρίτον
1827 2216 1857 2244 δὲ

1031 2258 1051 2284 Ι)
1066 2263 1161 2295 εἰπὼν,
1176 2264 1340 2298 Ἐπίφανον
1354 2263 1387 2289 τὸ
1400 2264 1563 2298 πρόσωπόν
1573 2271 1631 2289 σου
1640 2283 1647 2295 ,
1664 2263 1711 2290 καὶ
1721 2263 1855 2296 σωθησό-

1064 2312 1150 2343 μεθα,
1162 2309 1207 2336 τὸν
1216 2310 1313 2345 τρόπον
1322 2310 1370 2345 τῆς
1382 2309 1541 2344 ἐπιφανείας
1552 2309 1715 2345 παρίστησιν
1725 2308 1789 2344 ἑξῆς
1798 2309 1855 2335 ἑπι-

1064 2355 1151 2390 λέγων
1161 2364 1168 2372 ·
1178 2356 1338 2390 Γενηθήτω
1346 2356 1364 2389 ἡ
1378 2356 1442 2391 χείρ
1450 2364 1508 2384 σου
1517 2356 1563 2382 ἐπ’
1574 2355 1668 2389 ἄνδρα
1675 2355 1776 2388 δεξιᾶς
1783 2362 1853 2387 σου,

1064 2403 1112 2428 καὶ
1127 2402 1176 2429 ἐπὶ
1189 2402 1258 2429 υἱὸν
1272 2403 1439 2436 ἀνθρώπου,
1457 2402 1493 2429 ὃν
1508 2402 1710 2436 ἐκραταίωσας
1725 2400 1851 2433 σεαυτῷ.

1064 2448 1114 2474 Τὸν
1137 2448 1191 2484 γὰρ
1205 2449 1350 2485 ἀσώματον
1365 2449 1413 2475 τοῦ
1434 2448 1500 2475 Θεοῦ
1522 2449 1606 2482 Λόγον
1621 2448 1691 2482 ἁξιοῖ
1707 2448 1741 2475 δι’
1757 2447 1853 2483 ἀνδρὸς

1062 2492 1151 2525 δεξιᾶς
1163 2494 1245 2521 αὐτοῦ
1261 2495 1307 2521 καὶ
1320 2494 1363 2521 διὰ
1376 2494 1441 2521 Υἱοῦ
1457 2494 1600 2530 ἀνθρώπου
1615 2495 1665 2529 τὴν
1677 2492 1852 2530 εὖεργετικὴν

1063 2540 1144 2566 αὐτοῦ
1164 2540 1278 2577 δύναμιν
1298 2541 1470 2577 δωρήσασθαι
1485 2543 1542 2573 τοῖς
1561 2542 1637 2568 πᾶσι.
1666 2541 1723 2576 Τῆς
1741 2541 1789 2578 μὲν
1805 2538 1853 2566 οὖν

1063 2587 1196 2621 σωτηρίου
1221 2587 1381 2622 θεοφανείας
1397 2588 1445 2622 τὴν
1464 2588 1574 2623 μνήμην
1594 2587 1687 2614 τοῦτον
1703 2587 1852 2622 ἐποιήσατο

1060 2633 1106 2659 τὸν
1121 2634 1231 2668 τρόπον,
1248 2635 1297 2671 τὴν
1311 2635 1338 2661 δὲ
1349 2635 1395 2661 τοῦ
1414 2635 1520 2671 Ἰσραὴλ
1532 2635 1690 2662 ἀπόπτωσιν
1705 2634 1798 2669 ὠδὲπη
1809 2633 1851 2660 θε-

1062 2681 1151 2713 σπίζει
1164 2681 1249 2715 λέγων
1260 2691 1266 2697 ³
1285 2682 1370 2709 Ἰνατί
1388 2682 1522 2715 καθεῖλες
1530 2682 1584 2709 τὸν
1593 2682 1727 2717 φραγμὸν
1739 2680 1849 2715 αῠτῆς;

1059 2727 1178 2763 δηλονότι
1188 2729 1237 2764 τῆς
1252 2728 1385 2764 ἀμπέλου,
1398 2729 1432 2764 ἣν
1445 2728 1619 2763 ὲξΑίγύπτου
1633 2730 1784 2764 μετήγαγε,
1799 2728 1848 2755 καὶ

1060 2775 1207 2810 τρυγῶσιν
1221 2777 1318 2809 αὐτὴν
1330 2776 1440 2809 πάντες
1456 2778 1484 2802 οἱ
1503 2778 1778 2812 παραπορευόμενοι
1791 2777 1848 2811 τὴν⁴

1060 2822 1139 2849 ἐξόν,
1165 2823 1350 2858 Ἐλινμήνοτο
1369 2824 1463 2858 αὐτὴν
1490 2822 1524 2857 ὗς
1542 2824 1575 2851 ἐκ
1590 2823 1712 2865 δρυμοῦ,
1730 2824 1778 2852 καὶ
1792 2832 1846 2860 μο-
