4092 6404
373 368 482 426 933

1537 365 2048 425 COMMENTARIA
2089 365 2156 422 IN
2193 366 2529 428 PSALMOS.

3528 371 3633 425 954

370 486 502 551 νιὸς
516 485 718 554 ἄκριας
732 482 1173 555 κατενεμήσατο
1190 482 1402 551 αὐτήν.
1449 483 1951 553 Ἐμπεπυρισμένη

2066 481 2308 537 dazorum
2344 484 2564 541 brevem
2611 490 2665 539 et
2695 492 3125 555 temporaneam,
3160 482 3387 538 ﬂoribus
3416 494 3471 539 et
3505 486 3635 541 Iiliis

370 577 442 632 ἐν
469 576 613 645 πυρὶ
641 577 742 630 καὶ
773 575 1254 647 κατεσκαμμένην.
1285 572 1471 629 Ταῦτα
1492 574 1620 645 περὶ
1646 575 1743 645 τῆς
1768 573 1948 644 ἀμπέ-

371 668 467 724 λου
492 668 736 733 διελθὼν,
756 669 856 738 τὴν
876 668 970 722 τοῦ
1002 667 1274 723 Ἰουδαίων
1298 667 1485 731 ἔθνους
1516 665 1698 720 ὲθέσπι
1709 666 1800 731 ζεν
1829 666 1952 736 ἐρη-

376 758 525 832 μίαν.
583 759 823 823 Εἰκότως
863 753 955 813 οὖν
989 760 1048 813 έν
1078 761 1145 830 τῇ
1193 758 1484 829 προγραφῇ
1526 755 1621 810 καὶ¹
1654 753 1952 827 μαρτύριον

372 851 634 924 κέκληται
652 852 723 905 τὰ
744 851 1038 922 λεγόμεναο
1068 850 1363 923 μαρτύριον
1383 848 1491 922 γὰρ
1516 848 1689 902 ταῦτα
1708 846 1948 914 ἔσεσθαι,

372 940 465 994 καὶ
486 940 906 1012 διεμαρτύρατο.
932 939 1092 995 Ὅθεν
1119 939 1270 1011 παρὰ
1287 938 1364 1011 τῷ
1382 941 1453 992 Συ
1461 938 1663 1010 μμάχῳ
1686 938 1782 992 καὶ
1800 936 1952 1009 παρὰ

374 1026 450 1098 τῷ
480 1027 680 1100 ’Λκύλᾳ
694 1029 989 1099 μαρτυρία
1007 1028 1243 1101 εἴρηται.
1282 1028 1427 1083 Ἀντί.
1443 1029 1501 1083 δὲ
1518 1029 1634 1095 τοῦ,
1661 1028 1813 1098 ὑπὲρ
1832 1027 1952 1082 τῶν

374 1119 971 1190 ἀλλοιωθησομένω,
998 1123 1027 1175 6
1059 1121 1158 1191 μὲν
1188 1122 1503 1193 Σύμμαχος,
1530 1120 1683 1190 ὑπὲρ
1707 1120 1828 1176 τῶν
1854 1120 1953 1175 ἀν-

377 1211 516 1278 θῶν,
546 1212 575 1264 6
596 1212 653 1268 δὲ
690 1213 937 1281 Ἀκύλας,
970 1212 1123 1283 ὑπὲρ
1146 1213 1267 1268 τῶν
1293 1214 1530 1283 κρίνων,
1569 1215 1946 1287 ήρμήνευσαν·

376 1305 559 1361 ἄνθεσι
588 1306 682 1359 καὶ
707 1303 911 1377 κρίνοις
936 1304 1033 1376 τὴν
1061 1305 1393 1378 πρόσκαιρον
1425 1305 1631 1377 βραχὺν
1652 1306 1951 1378 γενομένην

376 1398 507 1453 ποτὲ
544 1396 639 1452 τοῦ
671 1396 937 1452 Ἰουδαίων
961 1396 1147 1460 ἔθνους
1179 1398 1485 1468 εὐπραγίαν
1509 1394 1951 1468 παραᾶάλλοντος

372 1491 467 1547 τοῦ
505 1491 684 1560 λόγου.
732 1492 1071 1561 Ἀναπέμπει
1101 1490 1238 1562 δῆτα
1277 1492 1306 1544 6
1346 1491 1640 1562 Προφήτης
1669 1490 1952 1561 ἱκετηρίαν

375 1581 511 1656 πρὸς
539 1582 633 1637 τὸν
665 1582 831 1637 πάλαι
862 1580 1143 1653 ἐφορῶντα
1170 1583 1266 1636 καὶ
1297 1581 1698 1635 ἐπισκοποῦντα
1723 1581 1815 1639 τὸν
1852 1583 1953 1635 ’Ῑσ-

376 1674 518 1748 ραὴλ
534 1673 631 1728 τοῦ
646 1673 781 1728 Θεοῦ
807 1674 978 1743 Λόγον
1000 1714 1015 1738 ,
1042 1675 1136 1728 καὶ
1164 1673 1354 1729 τοῦτον
1383 1673 1820 1746 ἀνακαλούμενός
1849 1684 1952 1746 φηέ

375 1785 460 1822 σιν
478 1785 492 1800 ο
531 1768 584 1821 Ὁ
614 1768 941 1837 ποιμαίνων
962 1766 1069 1821 τὸν
1097 1767 1367 1835 Ἰσραὴλ,
1391 1766 1686 1835 πρόσχες·
1722 1765 1865 1820 οὕτω
1893 1766 1957 1819 δὲ

371 1861 610 1916 δυσωπεῖ
641 1861 1070 1931 ὑπομιμνήσκων
1099 1859 1197 1930 τῆς
1231 1860 1399 1913 πάλαι
1430 1860 1593 1914 αὐτοῦ
1622 1859 1947 1929 ἐπισκοπῆς.

372 1953 498 2017 Τοῖς
521 1952 631 2021 γὰρ
665 1954 799 2020 σοῖς,
823 1952 990 2024 φησὶ,
1023 1950 1305 2024 θρέμμασι
1334 1952 1429 2005 καὶ
1454 1953 1568 2016 τοῖς
1600 1954 1712 2015 σοῖς
1746 1950 1952 2023 προϐά-

371 2064 485 2110 τοις
515 2046 771 2118 πρόσχες,
799 2046 829 2098 6
851 2044 980 2098 ποτὲ
1001 2045 1273 2115 ποιμάνας
1297 2045 1457 2100 αὐτά.
1488 2046 1551 2099 El
1574 2044 1683 2115 γὰρ
1706 2044 1799 2099 καί
1821 2060 1951 2097 ποτε

372 2138 559 2192 ἄλλοτε
588 2138 687 2210 τὴν
719 2137 1081 2209 ποιμαντικὴν
1111 2137 1410 2208 ὑπέμεινας
1451 2136 1756 2209 ἀνθρώπων
1786 2152 1952 2207 φρον-

370 2230 489 2284 τίδα
511 2272 527 2296 ,
559 2229 846 2302 ὡδήγησάς
882 2247 944 2284 τε
983 2230 1075 2284 τὸν
1117 2231 1175 2284 ὲν
1201 2228 1510 2301 ἀνθρώποις
1540 2229 1830 2301 γενόμενόν
1856 2246 1950 2283 σου

368 2322 528 2387 λαὸν,
559 2322 764 2376 τούτων
807 2321 986 2377 αὐτῶν
1020 2322 1321 2394 μνήσθητυ
1358 2323 1455 2376 καὶ
1491 2322 1566 2394 μὴ
1596 2322 1830 2395 παρίδῃς
1858 2321 1951 2387 οὒς

367 2414 640 2485 τοσαύτης
666 2414 905 2486 ἠξίωσας
932 2415 1207 2487 προνοίας.
1234 2415 1481 2487 Πρόσχες
1507 2410 1601 2470 οὖν
1620 2456 1635 2481 ,
1667 2415 1829 2485 φησὶ,
1859 2415 1953 2468 καί⁸

370 2508 703 2580 κατανόησον
732 2509 891 2563 ὁποῖα
925 2508 1192 2563 πέπονθεν
1215 2508 1250 2580 ή
1274 2508 1340 2579 σὴ
1362 2507 1585 2579 ποίμνη,
1616 2508 1711 2560 καὶ
1731 2505 1809 2569 ὡς
1832 2506 1952 2561 ὲλυ-

374 2601 580 2672 μήνατο
615 2602 812 2665 αὐτοὺς
837 2596 901 2666 ὗς
937 2603 1002 2655 ἐκ
1032 2601 1261 2674 δρυμοῦ,
1288 2601 1383 2654 καὶ
1415 2600 1595 2672 μονιὸς
1623 2600 1814 2670 ἄγριος
1846 2615 1948 2652 κα-

368 2693 706 2763 τενεμήσατο
751 2692 948 2764 αὐτὴν,
985 2692 1077 2746 καὶ
1113 2692 1191 2756 ὡς
1229 2692 1451 2761 γέγονεν
1492 2692 1947 2763 ὲμπεπυρισμένη

369 2783 506 2857 πυρὶ
537 2785 632 2838 καὶ
661 2784 1049 2855 ἀνεσκαμμένη
1081 2783 1191 2837 ἀπὸ
1224 2784 1594 2856 ἐπιτιμήσεως
1621 2782 1714 2837 τοῦ
1742 2783 1953 2856 προσώ-

369 2890 475 2930 που
512 2892 628 2931 σου.
660 2875 910 2928 Διδάσκει
934 2874 991 2927 δὲ
1012 2873 1183 2927 ταῦτα
1211 2874 1269 2926 ἐν
1293 2872 1571 2943 Πνεύματι
1599 2873 1741 2945 ἁγίῳ
1769 2873 1797 2925 6
1817 2874 1950 2944 Προ-

371 2967 550 3037 φήτης
578 2965 639 3019 τὸ
682 2966 949 3020 Ἰουδαίων
979 2964 1131 3029 ἔθνος
1151 3008 1167 3034 ,
1205 2965 1433 3037 μελετᾷν
1460 2966 1567 3019 καὶ
1586 2965 1949 3035 ἀπαγγέλλειν

369 3055 658 3128 προλαϐὼν
677 3058 801 3120 τοὺς
822 3056 1046 3129 χρόνους
1068 3057 1162 3111 καὶ
1188 3056 1259 3110 τὰ
1286 3058 1587 3129 πράγματα
1605 3073 1621 3089 ο
1646 3057 1713 3111 ἵν’
1730 3058 1950 3112 ἐπειδὰν

369 3147 564 3247 ἐπιστῇ
610 3148 703 3201 καὶ
734 3146 799 3201 δι’
831 3146 1008 3219 ἔργων
1049 3147 1273 3218 χωρήσῃ
1315 3145 1384 3200 τὰ
1429 3146 1944 3218 προπεφητευμένα,
1976 3187 2020 3247 C

368 3235 573 3307 δέχοιεν
606 3238 663 3305 ἐξ
701 3238 920 3308 ἑτοίμου
960 3238 1060 3308 τῆς
1094 3238 1230 3308 πρὸς
1256 3238 1347 3292 τὸν
1373 3236 1507 3291 Θεὸν
1538 3238 1820 3309 ἱκετηρίας
1849 3239 1950 3309 τὴν

369 3330 591 3399 γνῶσιν.
625 3330 722 3390 Τίς
749 3330 806 3383 δέ
835 3332 982 3383 ἐστιν
1013 3332 1042 3384 6
1067 3330 1369 3400 ποιμαίνων
1396 3330 1488 3383 τὸν
1524 3329 1759 3402 Ἰσραὴλ,
1789 3331 1952 3395 αὐτὸς

370 3424 701 3495 παρίστησιν
724 3424 752 3476 6
783 3422 984 3476 εἰπών’
1055 3422 1196 3493 Ἐγώ
1218 3426 1335 3492 εἰμι
1367 3426 1401 3477 ό
1430 3423 1653 3493 ποιμὴν
1683 3426 1717 3477 ό
1744 3423 1948 3489 καλὸς,

369 3510 469 3564 καὶ
495 3511 767 3581 γινώσκω
802 3513 876 3566 τὰ
893 3508 1025 3581 ἐμὰ,
1063 3512 1163 3567 καὶ
1196 3510 1566 3583 γινώσκουσί
1592 3530 1669 3583 με
1696 3512 1768 3567 τὰ
1805 3512 1947 3582 ἐμά·

370 3600 465 3654 καὶ
494 3597 681 3665 αὖθις·
742 3603 888 3674 Ἐγώ
912 3606 1031 3672 ειμι
1063 3607 1096 3658 ό
1127 3603 1353 3673 ποιμὴν
1381 3607 1415 3659 ό
1442 3604 1629 3671 καλὸς
1648 3645 1664 3671 ,
1709 3605 1806 3659 καὶ
1837 3603 1952 3673 τὴν

371 3692 583 3761 ψυχήν
606 3711 726 3763 μου
755 3696 950 3763 τίθημι
982 3693 1136 3763 ὑπὲρ
1157 3694 1275 3748 τῶν
1300 3695 1628 3764 προϐάτων.
1692 3696 1864 3759 Αὐτὸς
1893 3696 1951 3749 δὲ

368 3777 438 3854 ἦν
469 3782 565 3836 καὶ
589 3785 618 3835 6
649 3783 739 3837 τὸν
774 3783 968 3855 Ἰωσὴφ
1003 3784 1135 3838 ῶσεὶ
1162 3786 1433 3857 πρόϐατον
1460 3787 1670 3858 ὁδηγῶν
1704 3788 1823 3858 ἤτοι
1850 3788 1951 3860 τὴν

370 3875 544 3947 φυλὴν
564 3914 579 3940 ,
632 3874 666 3946 ἢ
694 3874 756 3928 τὸ
788 3877 897 3930 πᾶν
940 3877 1207 3931 Ἰουδαίων
1241 3878 1393 3942 ἔθνος
1427 3878 1811 3951 μεταφορικῶς
1842 3880 1952 3933 ἀπὸ

373 3972 505 4039 μιᾶς
535 3969 818 4039 ὀνομάζων
851 3971 1023 4041 φυλῆς
1043 3971 1142 4042 τῆς
1165 3971 1258 4025 τοῦ
1300 3972 1524 4043 Ἰωσήφ·
1571 3972 1720 4043 ἢκαὶ
1752 3973 1950 4043 μᾶλλον

310 4063 321 4076 '
368 4061 532 4115 αὐτὸν
558 4061 650 4114 τὸν
682 4061 848 4133 ἄνδρα
880 4062 970 4115 τὸν
997 4062 1098 4132 τῆς
1125 4063 1300 4133 φυλῆς
1328 4062 1672 4135 προπάτορα.
1734 4064 1950 4135 Ἐπειδὴ

370 4154 536 4225 συνῆν
568 4152 717 4224 αὐτῷ
764 4152 1232 4225 ὲπιὸουλευομένῳ
1265 4154 1372 4207 ὑπὸ
1408 4153 1516 4207 τῶν
1546 4153 1790 4224 ἀδελφῶν
1812 4194 1827 4218 ,
1858 4157 1951 4209 καὶ

369 4246 801 4317 πιπρασκομένῳ
841 4249 956 4309 τοῖς
992 4246 1385 4318 Ἰσμαηλίταις,
1430 4247 1524 4301 καὶ
1561 4248 1641 4311 είς
1679 4250 1950 4317 Αἴγυπτον

368 4337 750 4409 καταγομένῳ,
780 4338 874 4391 καὶ
900 4336 978 4408 τῷ
997 4339 1248 4409 Πετεφρῇ
1273 4337 1597 4404 δουλεύοντι,
1621 4341 1719 4412 τήν
1740 4358 1800 4394 τε
1827 4341 1951 4395 ἀκό-

367 4428 561 4483 λαστον
574 4429 860 4485 δέσποιναν
888 4430 1368 4501 ὰποστρεφομένῳ,
1387 4426 1463 4496 ὡς
1484 4434 1563 4496 εἰς
1582 4433 1949 4506 δεσμωτήριόν

2050 585 2359 645 comparat.
2413 574 2880 647 Supplicationem
2912 577 3080 647 igitur
3122 576 3322 631 emittit
3362 575 3632 647 Propheta

2052 668 2120 722 ad
2161 682 2284 722 eum
2325 669 2420 739 qui
2451 670 2581 724 olim
2623 669 2879 725 lsraelem
2926 669 3153 724 curabat
3193 676 3248 723 et
3286 669 3631 740 inspiciebat,

2052 758 2148 814 Dei
2178 759 2392 815 scilicet
2413 758 2678 827 Verbum,
2703 761 2851 832 quod
2883 762 3147 815 invocans
3171 761 3249 814 ait
3284 775 3299 812 :
3332 760 3437 826 Qui
3456 764 3632 830 pascis

2054 850 2249 919 Israel,
2279 852 2508 909 intende.
2542 851 2634 909 Sic
2676 861 2858 909 autem
2898 852 3076 922 ipsum
3123 851 3341 907 ﬂectere
3378 862 3630 917 conatur,

2052 948 2331 1018 antiquam
2356 948 2477 1019 ejus
2511 950 2565 1003 in
2592 950 2852 1020 populum
2877 946 3275 1017 inspectionem
3299 960 3635 1001 commemo-

2051 1053 2205 1096 rans.
2236 1039 2376 1105 Tua,
2408 1041 2610 1112 inquit,
2643 1056 2864 1112 pecora,
2892 1054 3133 1110 ovesque
3164 1046 3288 1094 tuas
3324 1053 3507 1103 cures,
3538 1039 3633 1109 qui

2051 1131 2181 1185 olim
2219 1133 2484 1202 pascebas
2525 1134 2670 1188 illas.
2721 1132 2854 1187 Nam
2898 1132 2946 1188 si
2979 1131 3256 1202 quondam
3302 1131 3632 1201 pastoralem

2052 1221 2335 1276 hominum
2378 1221 2802 1277 sollicitudinem
2851 1222 3093 1286 subiisti,
3127 1221 3175 1276 si
3220 1221 3503 1291 populum,
3535 1222 3631 1290 qui

2051 1312 2197 1368 inter
2213 1312 2466 1368 homines
2487 1313 2624 1368 alios
2640 1322 2769 1367 tuus
2797 1311 3104 1375 dicebatur,
3120 1310 3420 1375 deduxisti,
3437 1312 3631 1366 horum

2053 1411 2350 1469 memento,
2369 1419 2548 1475 neque
2574 1404 2848 1475 despicias
2870 1418 2967 1459 eos
2994 1418 3134 1475 quos
3171 1412 3325 1457 tanta
3347 1404 3632 1473 providen-

2052 1495 2128 1548 tia
2158 1495 2414 1567 dignatus
2442 1511 2525 1552 es.
2556 1494 2783 1551 Intende
2811 1495 2999 1565 igitur,
3031 1493 3231 1565 inquit,
3255 1501 3310 1548 et
3342 1478 3631 1549 considera

2052 1596 2259 1656 quanta
2306 1602 2437 1659 grex
2470 1587 2562 1642 ille
2613 1594 2743 1643 tuus
2791 1587 3054 1657 patiatur,
3096 1584 3371 1656 quomodo
3413 1586 3629 1640 vineam

2053 1680 2201 1735 illam
2260 1682 2704 1737 exterminaverit
2765 1695 2897 1751 aper
2924 1680 2992 1735 de
3037 1680 3195 1745 silva,
3240 1688 3297 1734 et
3337 1680 3635 1749 singularis

2055 1772 2208 1828 ferus
2251 1773 2515 1843 depastus
2552 1774 2624 1829 sit
2675 1788 2820 1837 eam,
2864 1772 3140 1844 quomodo
3194 1770 3359 1826 fuerit
3407 1772 3631 1826 incensa

2053 1864 2168 1936 igni
2195 1873 2249 1922 et
2291 1865 2526 1922 suffossa
2583 1867 2653 1921 ab
2703 1866 3080 1935 increpatione
3127 1865 3315 1919 vultus
3360 1864 3461 1918 tui.
3506 1862 3632 1918 Haec

2050 1970 2216 2025 porro
2248 1956 2303 2011 in
2331 1956 2539 2026 Spiritu
2571 1964 2761 2013 sancto
2796 1955 3076 2011 Iudaicam
3109 1960 3321 2026 gentem
3360 1953 3631 2024 Propheta

2051 2050 2231 2114 docet,
2264 2058 2514 2119 tempora
2539 2056 2593 2104 et
2619 2056 2850 2105 eventus
2888 2063 3075 2105 rerum
3110 2045 3366 2102 meditari
3390 2061 3454 2100 ac
3492 2060 3632 2116 prte-

2050 2142 2307 2198 nuntiare
2357 2156 2672 2211 occupans;
2700 2147 2759 2195 ut
2786 2155 2909 2195 cum
2957 2154 3045 2194 res
3072 2152 3196 2208 quae
3229 2138 3285 2191 in
3345 2135 3631 2207 prophetia

2051 2233 2307 2289 feruntur
2337 2233 2683 2299 advenerint,
2719 2232 2777 2286 in
2814 2238 3071 2303 promptu
3104 2211 3368 2311 notitiam.
3390 2228 3539 2284 illius
3562 2228 3631 2283 ad

2051 2325 2221 2381 Deum
2258 2327 2475 2382 emissae
2507 2324 2927 2395 supplicationis
2974 2324 3312 2393 exciperent.
3342 2320 3479 2387 Quis
3499 2337 3632 2377 vero

2051 2417 2125 2473 sit
2148 2417 2242 2487 qui
2268 2418 2444 2487 pascit
2474 2415 2664 2482 lsrael,
2690 2416 2934 2471 declarat
2962 2415 3081 2486 ipse
3102 2415 3195 2486 qui
3225 2414 3301 2468 ait
3330 2433 3344 2468 :
3371 2413 3483 2485 Ego
3512 2430 3631 2469 sum

2049 2519 2237 2581 pastor
2280 2509 2468 2573 bonus,
2514 2518 2563 2563 et
2601 2525 2858 2579 cognosco
2892 2525 3058 2571 meas,
3088 2516 3138 2561 et
3178 2516 3497 2577 cognoscunt
3548 2523 3631 2563 me

2050 2620 2181 2661 mea:
2206 2606 2285 2672 5°;
2312 2609 2367 2658 et
2395 2616 2618 2657 rursum
2651 2620 2664 2656 :
2698 2600 2810 2671 Ego
2852 2616 2970 2655 sum
3012 2609 3195 2669 pastor
3212 2598 3398 2663 bonus,
3426 2607 3475 2652 et
3511 2600 3630 2653 ani-

2048 2713 2191 2751 mam
2224 2711 2395 2749 meam
2421 2710 2556 2763 pono
2577 2709 2672 2763 pro
2702 2692 2880 2747 ovibus
2901 2692 2967 2745 ⁶⁰.
2996 2691 3117 2761 Ipse
3138 2705 3265 2745 vero
3286 2697 3404 2745 erat
3418 2691 3511 2760 qui
3536 2688 3630 2745 Jo-

2050 2788 2307 2859 sephum,
2332 2788 2418 2842 vel
2445 2786 2647 2841 tribum
2675 2784 2819 2855 ejus,
2852 2792 2912 2838 ut
2943 2798 3099 2838 ovem
3139 2781 3475 2848 deducebat;
3513 2782 3631 2837 sive

2050 2881 2215 2935 etiam
2247 2886 2417 2933 totam
2445 2877 2730 2932 Judaicam
2766 2882 2983 2947 gentem
3021 2874 3395 2943 metaphorice
3419 2873 3488 2927 ab
3516 2888 3629 2928 una

2049 2971 2194 3025 tribu
2220 2969 2421 3039 Joseph
2453 2968 2850 3033 subindicans;
2885 2966 2999 3021 sive
3028 2964 3214 3034 potius
3237 2964 3417 3034 ipsum
3449 2965 3630 3018 virum

2051 3060 2232 3115 tribus
2256 3058 2679 3129 progenitorem.
2711 3055 2983 3122 Quoniam
3018 3053 3125 3125 ipsi
3149 3052 3368 3107 insidiis
3398 3051 3632 3105 fratrum

2052 3152 2323 3224 impetito,
2358 3150 2649 3206 lsmaelitis
2678 3147 2924 3211 vendito,
2955 3146 3013 3200 in
3042 3144 3337 3217 [Egyptum
3370 3144 3627 3206 deducto,

2051 3244 2337 3315 Petcphrte
2366 3242 2646 3309 servienti,
2671 3239 3002 3309 impudicam
3031 3238 3310 3294 dominam
3332 3238 3627 3301 aversanti,

2051 3338 2107 3392 in
2137 3351 2414 3392 carcerem
2451 3335 2581 3390 item
2631 3333 2902 3401 conjecto,
2932 3330 3143 3385 aderat.
3179 3328 3315 3382 Nam
3360 3328 3416 3381 in
3449 3324 3631 3381 omni-

2049 3430 2153 3484 bus
2182 3428 2268 3483 his
2305 3427 2549 3482 adfuisse
2570 3424 2774 3497 M'oysis
2810 3424 3088 3493 scriptura
3125 3429 3522 3477 commemorat
3546 3420 3627 3475 di-

2050 3535 2182 3576 cens
2211 3536 2224 3571 :
2256 3519 2326 3572 Et
2357 3528 2473 3573 erat
2501 3517 2763 3573 Dominus
2810 3532 2930 3570 cum
2970 3514 3164 3581 Ioseph
3184 3516 3250 3568 ⁶¹.
3287 3511 3444 3567 Unde
3473 3527 3628 3567 com-

2050 3612 2269 3668 modius
2316 3611 2549 3667 vertisse
2572 3609 2707 3662 mihi
2743 3609 2960 3663 videtur
3012 3606 3339 3669 Theodotio,
3372 3607 3464 3676 qni
3497 3605 3575 3658 ait
3610 3624 3624 3659 :

2051 3704 2158 3771 Qui
2183 3702 2396 3758 deducis
2425 3703 2579 3773 quasi
2611 3718 2755 3757 ovem
2797 3700 3013 3769 Joseph.
3045 3699 3123 3753 lla
3155 3715 3374 3771 quoque
3422 3698 3629 3753 dixeris

2051 3796 2235 3867 ipsum
2262 3795 2542 3859 lsraelem,
2566 3795 2659 3865 qui
2693 3794 2907 3865 primus
2938 3794 3041 3847 hoc
3071 3794 3294 3848 nomine
3324 3791 3629 3861 appellatus

2050 3898 2158 3954 est,
2186 3904 2217 3942 a
2253 3895 2473 3958 pastore
2510 3888 2735 3942 duetum
2768 3886 2961 3942 fuisse.
2995 3884 3097 3940 Hic
3126 3899 3254 3939 vero
3281 3881 3450 3936 Jacob
3485 3886 3625 3941 erat,

2052 3980 2197 4036 ﬁlius
2244 3980 2416 4035 Isaac.
2460 3978 2597 4033 Nam
2625 3979 2716 4033 ille
2746 3989 2870 4032 eum
2903 3977 3053 4032 solus
3092 3976 3149 4029 in
3180 3972 3627 4042 McSOpotamiam

2052 4087 2148 4142 spe
2168 4073 2225 4126 in
2252 4070 2421 4126 Deum
2446 4072 2616 4125 fultus
2644 4069 3026 4133 descenderet,
3048 4073 3324 4137 pastorem
3354 4078 3515 4118 suum
3546 4063 3632 4115 in-

2050 4164 2202 4220 venit
2243 4164 2338 4234 qui
2388 4163 2577 4219 aderat
2602 4162 2729 4226 sibi,
2772 4160 3012 4215 Verbum
3056 4159 3267 4215 scilicet
3315 4156 3433 4220 Dei,
3483 4152 3628 4225 quod

2051 4254 2154 4325 ipsi
2179 4268 2443 4324 apparere
2468 4254 2697 4308 solebat.
2731 4251 3052 4321 Opportune
3074 4252 3258 4319 itaque
3288 4246 3400 4302 Deo
3422 4245 3631 4315 suppli-

2051 4360 2206 4409 cans,
2231 4360 2341 4399 non
2392 4345 2607 4399 turbam
2657 4343 2950 4414 impiorum
3002 4348 3290 4405 memorat,
3329 4340 3425 4396 sed
3463 4338 3630 4392 unius

2050 4446 2265 4492 tantum
2296 4446 2349 4492 et
2378 4438 2607 4492 alterius
2630 4452 2693 4491 ex
2717 4436 3122 4505 religiosisillis
3151 4435 3281 4489 olim
3312 4432 3447 4487 viris
3478 4446 3631 4485 men-

366 4537 429 4574 τε
451 4520 849 4595 καθειργμένῳ,
887 4521 974 4574 Ἑν
1000 4523 1134 4575 πᾶσι
1154 4521 1283 4591 γοῦν
1303 4521 1513 4586 τούτοις
1533 4524 1947 4595 ἐπισημαίνεται

2054 4530 2256 4583 tionem
2292 4528 2446 4594 facit,
2488 4544 2553 4583 ex
2587 4527 3000 4598 progenitorum
3047 4526 3249 4579 virtute
3286 4529 3340 4577 et
3369 4520 3632 4590 religione

367 4610 403 4681 ἡ
438 4610 717 4672 Μωῦσέως
755 4610 939 4682 γραφὴ
978 4609 1242 4679 λέγουσα·
1281 4612 1393 4665 Kal
1426 4607 1506 4683 ἦν
1548 4614 1768 4681 Κύριος
1795 4617 1950 4685 μετὰ

381 4702 623 4772 Ἰωσήφ.
639 4702 799 4756 Ὅθεν
836 4720 924 4773 μοι
940 4702 1088 4756 δοκεῖ
1118 4702 1450 4774 κυριώτερον
1484 4705 1886 4775 ήρμηνευκέναι
1919 4709 1948 4760 6

366 4790 657 4845 Θεοδοτίων
699 4793 899 4862 φήσαςο
957 4792 1019 4845 '0
1052 4791 1402 4862 καθοδηγῶν
1443 4794 1588 4847 ὡσεὶ
1651 4796 1950 4862 πρόϐατον

368 4885 474 4936 τὸν
513 4883 745 4954 Ἰωσήφ.
781 4883 938 4939 Οῦτω
966 4885 1011 4938 δ’
1038 4886 1103 4939 ἂν
1131 4885 1306 4949 εἴποις
1334 4885 1431 4940 καὶ
1459 4886 1826 4956 πεποιμάνθαι
1854 4890 1951 4942 αύ-

368 4976 459 5031 τὸν
487 4977 580 5030 τὸν
629 4978 845 5049 Ἰσραὴλ
872 4979 963 5032 τὸν
991 4979 1207 5050 πρῶτον
1234 4998 1340 5051 χρη
1350 4979 1653 5050 ματίσαντα
1678 4980 1851 5052 ταύτῃ
1881 4984 1947 5053 τῇ

368 5071 726 5142 προσηγορίᾳ.
754 5067 863 5124 τΗν
889 5071 946 5124 δὲ
975 5065 1129 5136 οὗτος
1170 5071 1385 5138 Ἰακὼϐ,
1408 5075 1437 5127 6
1462 5075 1589 5137 παῖς
1610 5072 1703 5126 τοῦ
1738 5074 1941 5129 Ἰσαάκ.

382 5162 534 5219 Ἐπεὶ
558 5164 806 5227 κάκεῖνος
833 5165 990 5234 μόνος
1008 5168 1087 5230 είς
1112 5166 1212 5238 τὴν
1240 5167 1410 5239 μέσην
1425 5167 1534 5222 τῶν
1562 5168 1822 5239 ποταμῶν
1848 5187 1946 5222 κα-

369 5252 541 5315 ταϐὰς
576 5254 713 5324 μετὰ
752 5256 852 5326 τῆς
892 5257 972 5321 είς
998 5256 1090 5310 τὸν
1120 5258 1251 5312 Θεὸν
1282 5259 1494 5323 ἐλπίδος
1514 5300 1528 5324 ,
1560 5258 1721 5312 αὐτὸν
1748 5259 1946 5332 εὕρατο

370 5343 604 5414 ποιμένα
638 5346 729 5399 τὸν
767 5346 993 5401 συνόντα
1023 5347 1172 5417 αύτῷ
1197 5348 1291 5401 τοῦ
1332 5348 1468 5403 Θεοῦ
1494 5350 1694 5419 Λόγον,
1724 5349 1816 5402 τὸν
1846 5349 1945 5413 τὰς

370 5436 689 5502 ἐπιφανείας
716 5437 862 5509 αύτῴ
895 5441 1279 5511 πεποιημένον.
1342 5442 1627 5515 Εὐκαίρως
1654 5438 1747 5495 οὖν
1773 5444 1945 5496 δυσω-

371 5525 491 5580 πῶν
521 5527 550 5579 6
575 5527 730 5595 λόγος
767 5529 858 5584 τὸν
885 5530 1047 5597 Θεὸν,
1090 5532 1153 5585 οὐ
1182 5531 1428 5602 βούλεται
1463 5533 1560 5604 μὲν
1590 5534 1680 5586 τοῦ
1713 5534 1946 5606 πλήθους

440 5779 487 5819 ⁸³
524 5779 681 5838 Joan.
721 5799 784 5849 ι,
828 5784 907 5839 H.
986 5784 1028 5817 ‘°
1068 5783 1224 5851 ibid.,
1266 5784 1348 5841 Η.
1427 5786 1467 5819 ⁶¹
1508 5786 1641 5844 Gen.
1684 5801 1881 5855 xxxn,
1917 5787 1969 5841 2.

2050 4630 2301 4692 posteros
2334 4636 2523 4674 eorum
2550 4616 2979 4674 misericordiam
3011 4615 3272 4684 consequi
3305 4612 3625 4682 deprecans.

2050 4743 2122 4755 —
2158 4711 2322 4766 Vens.
2372 4712 2426 4767 5.
2486 4709 2585 4765 Hic
2639 4724 2770 4764 vero
2818 4709 2936 4778 ipse
2974 4708 3066 4778 qui
3127 4714 3441 4763 sanctorum
3498 4702 3628 4756 olim

2052 4802 2298 4858 virorum
2330 4811 2517 4873 pastor
2543 4801 2666 4865 fuit,
2701 4801 2748 4855 is
2769 4802 2863 4870 qui
2895 4798 3213 4854 cherubinis
3244 4796 3465 4851 vehitur
3486 4802 3626 4847 erat.

2053 4897 2395 4961 Quibusnam
2457 4892 2802 4954 cherubinis,
2850 4890 2958 4945 nisi
2993 4890 3062 4944 iis
3096 4888 3189 4958 qui
3242 4886 3310 4939 ab
3348 4882 3633 4937 Ezechieln

2049 4988 2156 5042 visi
2206 4996 2366 5049 sunt,
2417 5000 2653 5055 quorum
2705 4982 2972 5052 imagines
3017 4988 3071 5033 et
3136 4976 3382 5048 symbola
3441 4975 3632 5044 jussus

2049 5077 2265 5149 Moyses
2302 5092 2466 5147 supra
2495 5090 2680 5130 arcam
2712 5092 2777 5130 ex
2805 5089 2938 5128 auro
2959 5070 3173 5142 posuit?
3202 5067 3496 5123 Cherubim
3529 5080 3630 5118 au-

2051 5177 2160 5223 tem
2198 5168 2447 5223 meminit
2478 5167 2730 5222 Ezechiel
2755 5167 2860 5219 hoc
2900 5172 3062 5234 pacto
3091 5163 3320 5231 loquens
3349 5178 3361 5213 :
3401 5157 3467 5210 Et
3497 5156 3628 5221 vidi,

2051 5268 2102 5314 et
2123 5277 2238 5315 ecce
2278 5276 2433 5328 super
2467 5260 2893 5328 ﬁrmamentum,
2932 5255 3070 5325 quod
3112 5263 3227 5308 erat
3273 5265 3429 5320 super
3473 5259 3629 5315 caput

2053 5351 2343 5415 cherubim,
2374 5352 2528 5422 quasi
2560 5351 2697 5419 lapis
2742 5348 2999 5417 sapphiri,
3036 5346 3336 5401 similitudo
3370 5341 3546 5394 throni
3572 5341 3631 5393 in

2051 5445 2244 5512 ipso".
2276 5444 2470 5499 Postea
2501 5458 2632 5497 vero
2665 5442 2741 5507 ait
2776 5457 2790 5492 :
2826 5440 2894 5493 Et
2929 5454 3137 5510 egressa
3178 5445 3253 5489 est
3293 5433 3469 5504 gloria
3514 5429 3628 5486 Ds-

2052 5537 2185 5590 mini
2227 5554 2257 5589 a
2299 5537 2478 5590 limine
2541 5536 2748 5601 domus,
2788 5543 2836 5602 et
2872 5531 3107 5587 ascendit
3133 5545 3286 5599 super
3318 5525 3583 5582 cherubim
3607 5541 3628 5581 .‘

2052 5786 2093 5818 ⁸³
2135 5785 2329 5843 Ezech.
2373 5801 2420 5852 ι,
2454 5783 2542 5838 26.
