4092 6404
499 357 607 413 955

1177 358 1444 414 EUSEBll
1482 359 1963 421 CESARIENSIS
1997 364 2149 423 OPP.
2188 366 2373 423 PARS
2411 365 2501 423 Ill.
2531 395 2601 409 -
2624 366 3035 427 EXEGETICA.

3633 373 3754 432 956

496 480 547 525 et
573 482 968 540 assumpserunt
990 472 1254 527 cherubim
1282 477 1400 529 alas
1425 493 1575 540 suos,
1593 486 1643 531 et
1662 476 1862 532 elevata
1881 488 2004 533 sunt
2032 498 2045 533 ι

2170 481 2279 536 τῶν
2309 481 2521 535 ἀσεϐῶν
2551 484 2907 553 μνημονεύειν
2928 502 2941 515 ·
3000 485 3119 550 ένὸς
3145 486 3202 541 δὲ
3232 489 3323 542 καὶ
3350 486 3598 561 δευτέρου
3629 488 3753 542 τῶν

499 570 641 614 terra
668 564 721 615 in
746 571 1024 629 conspectu
1069 580 1182 618 meo
1209 564 1337 617 dum
1364 566 1603 622 exirent:
1646 576 1697 620 et
1734 576 1869 623 rota:
1904 568 2069 623 luere-

498 649 625 703 bont
647 651 797 718 ipsis.
820 649 887 703 Et
903 660 1158 705 steterunt
1185 653 1253 706 ad
1268 654 1657 721 prwliminaria
1685 666 1853 723 porta:
1878 655 2067 711 domus

494 757 525 795 e
568 742 775 811 regione
823 743 1035 811 positaz,
1079 754 1129 797 et
1173 744 1346 813 gloria
1389 743 1487 798 Dei
1531 744 1707 799 Israel
1746 756 1862 800 erat
1905 762 2068 815 supra

495 844 581 884 eos
600 832 663 883 ⁸³.
693 830 884 886 Viden‘
908 848 1016 902 quo
1047 841 1207 903 pacto
1248 834 1337 888 hic
1362 850 1561 891 currus
1593 834 1688 891 Dei
1719 835 2066 892 describatur

494 923 563 978 de
602 940 712 994 quo
759 926 890 983 alibi
940 926 1165 992 dicitur,
1216 926 1420 983 Currus
1463 927 1562 983 Dei
1614 929 1789 985 decem
1828 930 2063 985 millibus

495 1016 770 1085 multiplex
812 1020 985 1073 millia
1017 1018 1353 1075 (celantium?
1384 1019 1677 1075 Cherubim
1712 1036 1843 1076 vero
1866 1036 2065 1079 currus

490 1117 648 1163 erant
669 1149 685 1174 ,
712 1110 785 1163 ita
804 1118 863 1163 ut
889 1125 1057 1182 supra
1087 1119 1251 1181 caput
1280 1112 1522 1182 ipsorum
1547 1113 1732 1169 throni
1764 1113 2064 1170 similitudo

490 1208 660 1264 esset,
714 1211 769 1256 et
810 1218 977 1273 supra
1026 1204 1284 1257 thronum
1315 1203 1485 1273 gloria
1530 1203 1765 1259 Domini.
1802 1203 2062 1271 Quaenam

488 1299 640 1349 esset
670 1293 845 1363 gloria
876 1292 1091 1348 Domini
1123 1295 1280 1348 initio
1326 1295 1449 1350 libri
1478 1295 1812 1361 declaratur,
1842 1297 1933 1351 ubi
1979 1297 2062 1352 di-

486 1383 635 1439 citur
662 1401 677 1435 ι
700 1383 872 1453 Super
892 1386 1158 1441 cherubim
1185 1388 1338 1456 quasi
1364 1387 1556 1455 species
1577 1395 1693 1441 erat
1718 1386 1911 1456 lapidis
1940 1404 2062 1456 sap-

487 1477 651 1540 pltiri,
681 1478 977 1533 similitudo
1011 1478 1183 1535 throni
1215 1495 1368 1549 super
1397 1480 1570 1547 ipsum
1597 1492 1615 1532 :
1644 1487 1695 1534 et
1731 1494 1885 1548 super
1914 1481 2064 1535 simi-

489 1567 765 1622 litudinem
799 1570 972 1624 throni
1009 1571 1304 1626 similitudo
1327 1571 1480 1641 quasi
1509 1571 1700 1639 species
1732 1571 1956 1626 hominis
1972 1572 2063 1627 de-

2169 572 2335 626 πάλαι
2363 572 2626 643 θεοφιλῶν
2651 576 2858 647 ἀνδρῶν
2888 580 3105 649 μνήμην
3127 584 3379 646 ποιεῖται,
3399 581 3487 635 διὰ
3507 582 3609 651 τῆς
3632 582 3750 635 τῶν

2167 662 2526 733 προπατόρων
2546 664 2748 734 ἀρετῆς
2775 667 2865 720 καὶ
2887 666 3191 732 θεοσεϐείας
3210 670 3335 733 τοὺς
3360 669 3420 734 ἐξ
3443 670 3620 724 αὐτῶν
3647 687 3751 739 γε-

2165 752 2422 822 νομένους
2443 754 2593 808 ὲλέου
2615 757 2797 825 τυχεῖν
2819 756 3199 829 ποτνιώμενος.
3236 759 3294 812 Ὀ
3318 760 3374 813 δὲ
3400 759 3557 823 αὐτὸς
3583 751 3747 823 οὗτος

2164 845 2193 897 6
2218 846 2326 900 τῶν
2354 847 2524 915 ἁγίων
2547 847 2757 919 ἀνδρῶν
2784 866 2915 902 ποτε
2940 850 3228 920 γενόμενος
3254 851 3479 922 ποιμὴν,
3504 852 3597 905 καὶ
3623 853 3744 913 τοῖς

2164 936 2428 1009 χερουϐὶμ
2458 939 2817 1010 ἐποχούμενος
2846 935 2933 1011 ἦν.
2973 941 3153 1004 Ποίοις
3182 941 3240 995 δὲ
3271 942 3534 1013 χερουϐὶμ
3561 940 3593 1011 ἦ
3620 945 3742 1007 τοῖς

2164 1028 2315 1099 παρὰ
2328 1028 2406 1099 τῷ
2435 1030 2679 1102 Ἐζεκιὴλ
2702 1032 3148 1103 τεθεωρημένοις,
3170 1026 3245 1087 ὧν
3262 1033 3472 1096 εἰκόνας
3495 1034 3585 1086 καὶ⁵
3602 1032 3743 1104 σύμ-
3814 1066 3819 1069 -

2162 1118 2299 1171 ϐολα
2319 1120 2564 1191 Μωῦσῆς
2584 1120 2671 1174 διὰ
2694 1122 2893 1193 χρυσοῦ
2916 1123 3169 1193 ὑπεράνω
3189 1122 3286 1192 τῆς
3301 1120 3531 1176 κιϐωτοῦ
3550 1120 3741 1174 κελευ-

2164 1206 2311 1270 σθεὶς
2339 1209 2549 1275 euolat;
2581 1210 2870 1282 Μέμνηται
2899 1211 2957 1265 δὲ
2984 1210 3092 1265 τῶν
3123 1211 3431 1283 χερουϐὶμὸ
3466 1209 3731 1281 Ἐζεκιὴλ,

2160 1295 2351 1350 τοῦτον
2380 1297 2551 1367 λέγων
2574 1300 2661 1354 τὸν
2680 1301 2898 1371 τρόπον·
2923 1302 3034 1356 Καὶ
3055 1298 3237 1363 εἶδον.
3263 1302 3361 1359 καὶ
3379 1300 3503 1355 ὶδοὺ
3532 1300 3737 1354 ἐπάνω

2161 1388 2266 1442 τοῦ
2294 1389 2699 1461 στερεώματος
2720 1391 2823 1447 τοῦ
2844 1394 2995 1461 ὑπὲρ
3024 1392 3297 1463 κεφαλῆς
3328 1392 3433 1446 τοῦ
3454 1392 3735 1462 χερουϐὶμ

2160 1481 2240 1549 ὡς
2259 1483 2428 1548 λίθος
2450 1484 2785 1552 σαπςρείρου
2805 1486 3063 1554 ὁμοίωμα
3084 1486 3297 1553 θρόνου
3315 1485 3405 1537 ἐπ’
3422 1482 3597 1548 αὐτῷ.
3621 1485 3735 1536 Καὶ

2162 1574 2281 1645 μεθ’
2313 1576 2475 1648 ἕτερά
2507 1594 2669 1649 φησι·
2692 1579 2802 1633 Καὶ
2823 1576 3041 1647 ἐξῆλθε
3060 1577 3209 1643 δόξα
3232 1578 3450 1646 Κυρίου
3479 1576 3595 1631 ἀπὸ
3623 1576 3733 1630 τοῦ

484 1677 663 1729 super.
697 1661 765 1716 Et
802 1663 909 1716 vidi
935 1665 1090 1733 quasi
1123 1665 1350 1732 formam
1380 1665 1563 1719 electri
1592 1682 1626 1717 a
1666 1665 1832 1733 specie
1860 1665 2045 1719 lumbo-

2159 1670 2387 1737 αὶθρίου
2434 1671 2540 1726 τοῦ
2572 1672 2741 1728 οἷκον
2761 1710 2780 1738 ,
2834 1672 2933 1725 καὶ
2971 1671 3152 1741 ἐπέϐη
3184 1671 3281 1725 ἐπὶ
3314 1671 3385 1725 τὰ
3415 1672 3726 1739 χερουϐίμ’

489 1770 608 1807 rum
632 1764 682 1809 et
708 1754 967 1824 desuper;
1008 1765 1059 1809 et
1103 1773 1137 1809 a
1178 1757 1343 1824 specie
1376 1756 1675 1809 lumborum
1713 1756 2045 1826 usquetdeor-

2161 1759 2256 1813 καὶ
2280 1760 2533 1815 ἀνέλαϐε
2554 1763 2625 1816 τὰ
2642 1764 2925 1833 χερουϐὶμ
2953 1763 3058 1829 τὰς
3075 1761 3369 1831 πτέρυγας
3391 1760 3605 1823 αὐτῶν,
3628 1759 3733 1813 καὶ

489 1862 627 1909 sum,
663 1848 817 1916 quasi
849 1849 1045 1915 species
1069 1849 1230 1918 ignis,
1260 1857 1310 1901 et
1337 1848 1429 1900 lux
1462 1847 1576 1916 ejus
1603 1848 1657 1900 in
1683 1847 1938 1913 circuitu;
1966 1848 2045 1904 ad-

2160 1850 2671 1923 ἐμετεωρίσθησαν
2697 1854 2815 1907 ἀπὸ
2848 1854 2958 1921 τῆς
2984 1853 3095 1924 γῆς
3114 1836 3369 1907 ὲνῶπιον
3394 1851 3537 1921 ἐμοῦ
3556 1851 3626 1905 ἐν
3649 1850 3734 1917 τῷ

484 1936 752 2009 jicitque:
789 1938 917 1992 llwc
961 1940 1092 1993 visio
1126 1940 1495 1995 similitudinis
1530 1941 1718 2011 gloriae
1755 1941 2045 1997 Domini“.

2159 1943 2429 2007 ἐξελθεῖν
2450 1942 2621 2005 αὐτὰ,
2649 1943 2747 1995 καὶ
2773 1946 2825 1997 ol
2850 1943 3050 2011 τροχοὶ
3069 1943 3341 2012 ἐχόμενοι
3362 1940 3578 1995 αὐτῶν.
3615 1941 3732 1997 Καὶ

483 2031 757 2097 ἔστησαν
776 2033 874 2085 ἐπὶ
899 2034 970 2087 τὰ
990 2035 1253 2102 πρόθυρα
1281 2034 1388 2102 τῆς
1411 2036 1610 2103 πύλης
1630 2035 1735 2090 τοῦ
1794 2036 1965 2091 οἴκου
2022 2036 2132 2105 τῆς
2164 2036 2453 2091 ἀπέναντι
2472 2075 2488 2101 ,
2523 2035 2623 2090 καὶ
2658 2035 2808 2100 δόξα
2838 2035 2984 2090 Θεοῦ
3030 2034 3275 2103 Ἰσραὴλ
3306 2030 3383 2105 ἦν
3409 2034 3501 2087 ἐπ’
3532 2031 3734 2087 αὐτῶν

481 2122 776 2191 ὑπεράνω.
822 2124 983 2194 Ὁρᾷς
1015 2125 1163 2187 ὅπως
1194 2128 1251 2178 ἐν
1279 2125 1488 2189 τούτοις
1520 2126 1580 2179 τὸ
1617 2126 1770 2196 ἅρμα
1796 2125 1890 2178 τοῦ
1921 2126 2056 2179 Θεοῦ
2093 2126 2466 2197 διαγράφεται,
2528 2126 2655 2197 περὶ
2677 2119 2736 2178 οῦ
2765 2126 3008 2179 λέλεκται
3042 2128 3096 2179 ὲν
3127 2125 3326 2196 ἑτέρῳ,
3356 2124 3423 2178 Τὸ
3448 2122 3603 2193 ἅρμα
3618 2121 3734 2178 τοῦ

484 2218 631 2272 Θεοῦ
646 2218 1093 2286 μιφιοπλάσιον
1138 2220 1404 2289 χιλιάδες
1450 2222 1897 2286 εὺθηνούντων;
1919 2222 2195 2292 Χερουϐὶμ
2234 2223 2292 2276 δὲ
2314 2218 2383 2293 ἦν
2402 2221 2472 2293 ⁵τὸ
2499 2222 2683 2292 ἆρμα,
2717 2220 2793 2283 ὠς
2819 2219 2957 2291 ὑπὲρ
3012 2219 3247 2289 κεφαλῆς
3278 2218 3465 2290 θρόνου
3527 2215 3729 2287 ὁμοίω·

485 2327 581 2380 μα,
612 2313 703 2364 καὶ
723 2311 816 2365 ἐπὶ
837 2311 1008 2383 τούτῳ
1028 2312 1152 2377 δόξα
1181 2315 1408 2385 Κυρίου.
1442 2316 1537 2378 Τίς
1590 2317 1648 2369 δὲ
1707 2319 1739 2387 ή
1766 2314 1892 2380 δόξα
1918 2315 2123 2386 Κυρίου
2159 2311 2226 2385 ἦν
2279 2316 2396 2368 κατ’
2430 2314 2602 2386 ἀρχὰς
2638 2314 2735 2385 τῆς
2780 2310 2961 2383 βίϐλου
2992 2310 3247 2379 δηλοῦται
3272 2350 3287 2377 ,
3314 2308 3441 2362 ἔνθα
3478 2309 3728 2380 εἴρηται·

494 2404 782 2468 Ὑπεράνω
807 2404 925 2457 τῶν
953 2406 1233 2475 χερουϐὶμ
1271 2407 1351 2471 ὡς
1379 2407 1581 2473 ὅρασις
1610 2404 1690 2477 ἦν
1736 2409 1911 2463 λίθου
1964 2408 2335 2476 σαπςρείρου,
2368 2407 2629 2475 ὁμοίωμα
2689 2406 2905 2473 θρόνου
2934 2404 3026 2459 ἐπ’
3061 2403 3278 2458 αὑτοῦ·
3315 2402 3415 2455 καὶ
3450 2401 3547 2454 ἐπὶ
3618 2400 3731 2454 τοῦ

480 2494 841 2564 ὁμοιώμοτος
867 2496 974 2550 τοῦ
1007 2499 1223 2565 θρόνου
1248 2499 1509 2567 ὁμοίωμα
1544 2500 1624 2564 ὡς
1684 2495 1843 2565 εἶδος
1867 2499 2184 2568 ἀνθρώπου
2236 2499 2481 2552 ἀνωθεν.
2508 2498 2617 2551 Καὶ
2636 2493 2798 2551 εἶδον
2820 2497 2900 2563 ὡς
2920 2495 3063 2565 ὄψιν
3118 2495 3409 2563 ἠλέκτρου
3432 2492 3551 2547 ἀπὸ
3599 2491 3733 2560 όρά.

476 2604 634 2653 σεως
662 2590 892 2657 ὀσφύος
927 2588 1039 2655 ἕως
1093 2590 1216 2645 ἄνω
1236 2606 1251 2623 ο
1294 2591 1396 2645 καὶ
1427 2592 1547 2647 ἀπὸ
1572 2592 1837 2661 ὁράσεως
1887 2594 2119 2662 ὀσφύος
2153 2592 2267 2660 ἕως
2298 2590 2489 2656 κάτω,
2541 2590 2622 2657 ὡς
2653 2590 2863 2658 ὅρασις
2899 2587 3121 2659 πυρὸς,
3155 2587 3253 2642 καὶ
3295 2586 3512 2657 φέγγος
3539 2583 3729 2639 αὑτοῦ

478 2684 717 2750 κύκλον
746 2686 841 2737 καὶ
872 2684 1112 2753 ἐπιλέγει
1130 2702 1143 2715 ·
1170 2686 1331 2754 Αὕτη
1361 2687 1399 2753 ἠ
1426 2686 1635 2754 ὅρασις
1664 2687 2029 2756 όμοιώματος
2064 2687 2250 2754 δόξης
2275 2686 2515 2754 Κυρίου.

555 2775 718 2829 Vides
773 2776 1048 2845 quomodo
1096 2777 1325 2847 gloriam
1386 2777 1480 2832 Dei
1537 2778 1593 2832 in
1626 2780 1823 2834 throno
1853 2778 2049 2834 seden-

478 2877 587 2923 tem
611 2868 911 2936 explicans,
942 2868 1169 2923 formam
1206 2869 1442 2924 hominis
1472 2870 1865 2941 descripserit?
1891 2870 2049 2937 Quae-

481 2971 608 3010 nam
672 2957 777 3010 alia
838 2956 1004 3011 fuerit
1050 2957 1143 3012 illa
1194 2957 1432 3014 hominis
1483 2959 1698 3028 forma,
1752 2975 1874 3030 qua:
1936 2974 2047 3016 non

480 3048 599 3118 ipse
641 3046 817 3111 Deus,
869 3049 964 3103 sed
1006 3049 1179 3117 gloria
1231 3051 1325 3105 Dei
1371 3050 1517 3107 dicta
1558 3058 1666 3117 est,
1715 3068 1880 3121 quam
1925 3052 2049 3107 uni-

476 3139 721 3209 genitum
761 3138 854 3195 Dei
886 3139 1121 3195 Verbum
1148 3181 1163 3205 ,
1197 3142 1344 3211 quod
1375 3144 1670 3214 aliquando
1698 3145 1928 3215 gloriam
1952 3142 2046 3200 Dei

480 3230 679 3294 Patris,
711 3232 1008 3302 aliquando
1053 3235 1292 3302 speciem
1337 3235 1575 3292 hominis
1620 3244 1841 3307 propter
1869 3237 2048 3292 homi-

2235 2779 2397 2849 Ὁρᾷς
2430 2778 2576 2839 ὅπως
2598 2775 2627 2828 6
2655 2775 2809 2844 λόγος
2838 2773 2935 2845 τὴν
2964 2772 3057 2826 ἐπὶ
3081 2770 3174 2826 τοῦ
3206 2771 3393 2842 θρόνου
3422 2768 3730 2840 ὀχουμένην

2148 2874 2306 2939 δόξαν
2350 2872 2485 2927 Θεοῦ
2521 2872 2891 2943 διερμηνεύων
2928 2865 3064 2933 εἶδος
3102 2866 3387 2939 ἀνθρώπου
3431 2865 3725 2936 διέγραψε;

2153 2964 2218 3017 Τί
2250 2965 2293 3018 δ’
2321 2964 2387 3018 ἂν
2414 2964 2624 3033 γένοιτο
2652 2963 2809 3017 τοῦτο
2831 2961 2892 3014 τὸ
2924 2956 3060 3023 εἶδος
3085 2959 3177 3012 τοῦ
3212 2957 3495 3028 ἀνθρώπου
3521 2997 3536 3021 ,
3586 2958 3729 3026 ὅπερ

2148 3054 2252 3107 οὐκ
2279 3054 2443 3117 αὐτὸς
2496 3056 2525 3107 6
2554 3053 2706 3117 Θεὸς,
2739 3051 2875 3107 ἀλλὰ
2900 3050 3025 3114 δόξα
3055 3050 3147 3103 τοῦ
3175 3049 3309 3103 Θεοῦ
3342 3048 3587 3119 εἴρηται,
3618 3048 3653 3117 ἢ
3696 3050 3729 3101 6

2152 3142 2445 3214 μονογενὴς
2484 3141 2577 3196 τοῦ
2618 3139 2751 3195 Θεοῦ
2788 3140 2988 3209 Λόγοςο
3029 3139 3089 3195 ὃν
3117 3139 3243 3192 ποτὲ
3278 3139 3374 3209 μὲν
3401 3137 3556 3203 δόξαν
3586 3136 3726 3190 Θεοῦ

2149 3231 2243 3286 τοῦ
2287 3232 2499 3303 Πατρδς
2524 3232 2775 3301 ὀνομάζει
2797 3269 2812 3296 ,
2861 3227 2990 3283 ποτὲ
3013 3228 3069 3281 δὲ
3096 3223 3232 3291 εἶδος
3264 3226 3548 3298 ἀνθρώπου
3575 3227 3639 3278 δι’
3663 3226 3728 3280 ὃν

477 3335 601 3377 nem
633 3337 796 3392 quem
827 3325 1146 3394 assumpsit,
1168 3327 1484 3396 nuncupat?
1511 3327 1672 3396 cujus
1698 3342 1817 3397 qua:
1838 3327 1904 3383 ad
1932 3327 2045 3383 dei-

2148 3324 2433 3395 ἀνείληφεν
2449 3322 2732 3393 ἄνθρωπον
2751 3338 2766 3388 ;
2790 3313 2849 3376 οῦ
2864 3321 2932 3375 τὰ
2955 3321 3052 3392 μὲν
3066 3320 3165 3389 τῆς
3187 3317 3460 3386 θεολογίας
3477 3317 3728 3388 ἠλέκτρῳ

475 3424 644 3471 tatem
675 3417 998 3487 spectabant
1018 3418 1244 3484 electro,
1281 3419 1461 3475 omnis
1492 3419 1733 3475 materiae
1760 3419 2050 3489 pretiosis-

472 3508 634 3573 simo,
664 3508 843 3563 simile
885 3509 1201 3577 dicebatur;
1229 3524 1351 3580 qua:
1393 3526 1526 3566 vero
1571 3527 1603 3565 a
1634 3511 1833 3567 lumbis
1877 3526 2048 3582 usque

470 3601 728 3658 deorsum
786 3609 963 3666 erant,
1017 3602 1183 3656 modo
1238 3602 1440 3671 speciei
1480 3602 1643 3673 ignis,
1700 3602 1862 3657 modo
1908 3602 2045 3658 lucis

471 3694 783 3764 splendori;
808 3693 937 3763 quia
971 3709 1094 3763 quae
1111 3694 1167 3748 in
1195 3701 1407 3749 natura:
1432 3694 1773 3749 consortium
1795 3694 2043 3761 veniunt,

472 3787 722 3844 homines
778 3788 992 3843 scilicet
1035 3787 1092 3841 in
1140 3794 1290 3841 terra
1345 3787 1652 3853 constituti,
1684 3786 1837 3841 vario
1884 3787 2045 3841 modo

469 3880 591 3949 ejus
611 3881 907 3936 virtutibus
937 3896 1077 3950 opus
1100 3881 1304 3935 habent
1335 3898 1346 3932 :
1388 3896 1514 3934 nam
1546 3880 1584 3934 ii
1615 3880 1710 3950 qui
1744 3881 1862 3935 luce
1879 3879 2044 3950 digna

471 3970 701 4037 faciunt,
720 3971 1060 4025 illuminante
1082 3970 1134 4024 vi
1164 3970 1437 4041 indigent;
1470 3970 1562 4039 qui
1592 3984 1722 4024 vero
1742 3969 1864 4039 igne
1880 3970 2043 4039 digna

468 4068 805 4132 perpetrant,
839 4060 1195 4115 comburente
1242 4069 1297 4114 et
1344 4059 1543 4114 ultrice
1594 4058 1818 4113 virtute.
1869 4046 2044 4113 Caile—

470 4152 637 4205 stium
670 4165 832 4220 porro
877 4150 1139 4220 imagines
1180 4156 1233 4205 et
1266 4150 1509 4222 symbola
1557 4148 1827 4204 adornare
1849 4148 2042 4219 jussus

470 4238 705 4310 Moyses,
729 4240 1010 4296 cherubim
1037 4256 1103 4295 ex
1135 4255 1271 4296 auro
1304 4240 1540 4296 confecit
1573 4259 1587 4294 :
1616 4240 1730 4295 haec
1750 4254 1880 4295 vero
1901 4254 2042 4295 arcae

468 4331 801 4394 insidebant,
856 4332 913 4386 in
950 4346 1185 4402 quorum
1246 4330 1426 4386 medio
1476 4330 1922 4401 prepitiatorium
1971 4346 2041 4386 ex

466 4437 604 4476 auro
662 4422 864 4477 factum
916 4423 1549 4492 consistebatzeratque
1602 4421 2039 4492 propitiatorium

466 4514 522 4567 in
554 4513 732 4569 medio
758 4515 1040 4569 cherubim
1074 4514 1277 4585 auriga:
1306 4515 1481 4569 instar
1514 4513 1650 4584 ipsis
1681 4512 2036 4582 impositum;

466 4606 542 4659 ita
593 4615 655 4660 ut
686 4606 1127 4676 propitiatorium
1159 4605 1294 4660 illud
1334 4621 1400 4661 ex
1432 4620 1565 4660 auro
1593 4603 1821 4671 factum,
1858 4604 2037 4673 imago

463 4703 518 4751 ct
547 4696 827 4767 exemplar
856 4704 1005 4753 esset
1032 4697 1153 4767 ejus
1183 4697 1277 4767 qui
1308 4711 1476 4767 super
1504 4695 1787 4750 cherubim
1824 4695 1881 4750 in
1908 4694 2036 4750 Eze-

462 4789 638 4844 chiele
678 4789 940 4858 propheta
970 4789 1123 4845 visus
1152 4797 1268 4856 est;
1299 4804 1461 4859 quem
1495 4786 1736 4842 Verbum
1769 4803 1891 4843 esse
1935 4786 2030 4842 Dei

460 4880 1035 4933 commonstravimus.
1066 4878 1247 4944 Quare
1284 4880 1503 4933 divinus
1524 4877 1822 4949 Apostolus
1853 4877 2031 4947 ipsum

462 4969 700 5025 Verbum
748 4970 1191 5040 propitiatorium
1234 4979 1413 5035 vocat,
1444 4970 1633 5025 dicens
1671 4986 1683 5022 :
1716 4968 1882 5035 Quem
1916 4984 2033 5036 pro-

458 5061 634 5128 posuit
681 5059 820 5114 Deus
868 5060 1295 5129 propitiutorium
1342 5075 1432 5128 per
1476 5060 1632 5128 [idem
1682 5059 1737 5111 in
1780 5059 2031 5129 sanguine

459 5152 571 5221 ejus
603 5153 671 5205 “.
712 5150 840 5205 llmc
870 5159 1050 5204 autem
1099 5164 1130 5203 a
1159 5150 1342 5220 Moyse
1388 5166 1455 5205 ex
1483 5164 1617 5205 auro
1650 5149 1878 5221 ﬁgurate
1905 5165 2031 5203 con-

462 5244 639 5308 lecta,
694 5244 977 5299 cherubim
1030 5242 1153 5297 dico
1191 5253 1246 5299 et
1289 5243 1773 5314 propitiatorium,
1827 5243 2029 5313 populo

460 5337 724 5405 praeibam
755 5336 811 5389 in
850 5335 1167 5398 solitudine,
1203 5351 1389 5390 coram
1423 5335 1701 5411 Ephraim,
1744 5335 2027 5407 Benjamin

460 5434 516 5481 et
547 5426 818 5484 Manasse.
848 5426 986 5481 Nam
1009 5428 1066 5482 in
1106 5428 1256 5482 exitu
1288 5428 1576 5483 duodecim
1604 5428 1867 5491 tribuum,
1902 5436 2029 5483 ante

461 5528 643 5568 arcam
680 5522 792 5571 tres
821 5517 1001 5573 tribus
1043 5516 1611 5579 castrametabantur,
1645 5530 1839 5584 nempe
1864 5512 2025 5580 Juda,

462 5605 710 5660 lssachar
738 5615 792 5661 et
813 5606 1094 5673 Zabulon;
1126 5622 1306 5661 arcam
1338 5606 1464 5662 item
1494 5616 1604 5662 tres
1631 5606 1803 5660 tribus
1835 5621 2029 5674 seque-

464 5694 680 5759 bantur,
722 5713 913 5767 nempe
942 5699 1219 5767 Ephraim,
1260 5697 1539 5767 Benjamin
1579 5704 1633 5752 et
1682 5696 1952 5763 Manassc,
1994 5713 2025 5752 a

541 5806 583 5837 ⁵³
617 5807 812 5865 Ezcch.
846 5829 896 5878 Χ,
926 5812 991 5867 18

1090 5813 1132 5844 ⁸⁸⁸
1171 5812 1364 5869 Ezech.
1401 5832 1446 5879 ι,
1481 5815 1568 5871 26.
1649 5816 1691 5849 ⁸⁵
1719 5814 1874 5871 Rom.
1915 5832 1995 5883 ιιι,
2032 5818 2119 5875 25.

2145 3415 2224 3486 τῷ
2244 3416 2422 3485 πάσης
2446 3413 2575 3485 ῦλης
2593 3410 3008 3485 τιμαλφεστέρῳ
3028 3410 3407 3483 παρεικὰζετω
3438 3410 3505 3462 τὰ
3529 3409 3586 3461 δὲ
3610 3409 3727 3462 ἀπὸ

2143 3504 2345 3574 ὀσφύος
2371 3505 2464 3558 καὶ
2493 3504 2662 3567 κάτω,
2695 3502 2770 3574 πὴ
2794 3502 2890 3573 μὲν
2919 3502 3105 3576 ὁράσει
3134 3502 3323 3573 πυρὸς,
3354 3502 3431 3572 rd}
3456 3501 3511 3554 δὲ
3542 3501 3726 3569 φωτὸς

2139 3596 2339 3665 φέγγει
2357 3612 2370 3625 ’
2394 3595 2579 3666 ἐπειδὴ
2604 3595 2671 3649 τὰ
2695 3596 2759 3648 ὲκ
2786 3596 3052 3665 γενέσεως
3078 3594 3301 3666 μέτοχα,
3323 3594 3415 3647 καὶ
3435 3594 3485 3645 οί
3502 3592 3595 3644 ἐπὶ
3616 3591 3726 3661 γῆς

2142 3688 2420 3759 ἄνθρωποι
2454 3688 2725 3760 διαφόρων
2769 3688 2934 3741 αὐτοῦ
2967 3686 3246 3758 δυνάμεως
3279 3685 3576 3739 ὲπιδέονται
3597 3701 3611 3714 ’
3670 3684 3726 3737 οἱ

2144 3780 2245 3850 μὲν
2268 3779 2444 3850 φωτὸς
2468 3778 2592 3843 ἄξια
2620 3778 2923 3850 πράξαντες
2946 3778 3045 3849 τῆς
3072 3777 3400 3847 φωτιστικῆς
3419 3776 3722 3849 ἐνεργείας,

2142 3869 2268 3937 erat
2288 3869 2355 3923 τὰ
2382 3869 2552 3940 πυρὸς
2581 3869 2706 3933 ἄξια
2729 3869 2828 3939 τῆς
2853 3868 3153 3940 καυπικῆς
3174 3868 3269 3921 καλ⁵
3295 3866 3536 3940 τιμωροῦ
3558 3867 3726 3921 δυνά.-

2144 3977 2307 4030 μεως.
2375 3961 2494 4015 Τῶν
2527 3960 2572 4014 δ’
2607 3958 2875 4032 οὐρανίων
2902 3958 3117 4022 εἰκόνας
3149 3960 3243 4013 καὶ
3275 3958 3515 4028 σύμϐολα
3544 3975 3721 4011 κατα-

2143 4052 2404 4106 σκευάσαι
2420 4053 2658 4124 Μωῡσῆς
2674 4051 3003 4116 κελευσθεὶς,
3018 4051 3085 4105 τὰ
3106 4051 3369 4124 χερουϐὶμ
3382 4050 3489 4104 ἀπὸ
3512 4049 3722 4123 χρυσοῦ

2141 4141 2541 4196 κατεσκεύασεν
2561 4159 2574 4171 ·
2607 4140 2858 4195 ἐπέκειτό
2882 4157 2941 4193 τε
2966 4139 3140 4194 ταῦτα
3172 4144 3236 4212 τῇ
3269 4139 3517 4210 κιϐωτῷ,
3551 4138 3723 4210 μέσον

2139 4233 2329 4305 ἔχοντα
2355 4233 2417 4287 τὸ
2446 4233 2753 4305 ίλαστήριον
2774 4235 2839 4286 ὲκ
2860 4232 3062 4304 χρυσοῦ
3090 4234 3451 4304 πεποιημένον
3472 4248 3485 4261 ·
3522 4231 3617 4285 καὶ⁸
3647 4227 3723 4304 ἦν

2138 4328 2200 4380 τὸ
2224 4327 2532 4398 ἱλαστήριον
2560 4326 2725 4398 μέσον
2754 4326 2862 4380 τῶν
2886 4324 3151 4398 χερουϐὶμ
3180 4324 3389 4397 ἡνιόχου
3412 4322 3568 4393 δίκην
3593 4323 3720 4375 ἐπι-

2140 4419 2390 4489 κείμενον
2422 4419 2634 4481 αὐτοῖς’
2667 4417 2796 4473 ὥστ’
2824 4418 2962 4474 εἶναι
2996 4421 3179 4475 εἰκόνα
3208 4419 3299 4473 καὶ
3328 4417 3496 4470 τύπον
3520 4417 3580 4468 τὸ
3607 4416 3723 4469 ἀπὸ

2138 4509 2341 4581 χρυσοῦ
2377 4510 2739 4582 πεποιημένον
2772 4512 3081 4585 ἱλαστήριον
3126 4510 3225 4566 τοῦ
3262 4512 3319 4564 ὲν
3350 4508 3429 4579 τῷ
3457 4510 3718 4579 προφήτῃ

2151 4598 2399 4671 Ἐζεκιὴλ
2426 4600 2565 4670 ὑπὲρ
2589 4599 2657 4653 τὰ
2691 4601 2958 4673 χερουϐὶμ
2988 4601 3273 4670 ὀφθέντος·
3305 4598 3362 4652 ὃν
3396 4596 3722 4652 ἀποδείκνυ-

2141 4709 2239 4762 μεν
2266 4687 2403 4744 εἶναι
2430 4691 2522 4745 τὸν
2547 4692 2718 4761 Λόγον
2747 4693 2840 4747 τοῦ
2868 4692 3023 4747 Θεοῦ.
3043 4692 3205 4746 Ὅθεν
3229 4694 3256 4745 6
3277 4691 3417 4754 θεῖος
3451 4691 3719 4743 Ἀπόστο-

2136 4782 2225 4845 λος
2261 4781 2565 4853 ἱλαστήριον
2592 4784 2753 4837 αὐτὸν
2782 4784 2939 4838 καλεῖ
2965 4783 3137 4853 λέγων
3156 4798 3169 4812 ’
3216 4782 3326 4835 Ὃν
3368 4779 3652 4850 προέθετο
3682 4783 3722 4835 ὁ

2140 4874 2285 4940 Θεὸς
2311 4876 2663 4945 ἱλαστήριον
2684 4875 2783 4930 διὰ
2804 4876 3063 4941 πίστεως
3081 4874 3152 4928 ἐν
3174 4872 3253 4938 τῷ
3276 4871 3462 4927 αὐτοῦ
3486 4872 3715 4941 αἵματι.

2137 4964 2320 5020 Ταῦτα
2357 4966 2413 5019 δὲ
2442 4966 2686 5031 τυπικῶς
2710 4965 2859 5039 παρὰ
2883 4968 3106 5021 Μωῦσεῖ
3124 4966 3211 5019 διὰ
3240 4964 3443 5037 χρυσοῦ
3476 4981 3718 5036 πεποιή-

2139 5054 2295 5124 μένα,
2324 5054 2466 5125 λέγω
2492 5056 2549 5110 δὲ
2572 5056 2641 5110 τὰ
2672 5055 2935 5129 χερουϐὶμ
2960 5056 3053 5110 καὶ
3080 5055 3141 5108 τὸ
3172 5056 3498 5127 ἱλαστήριον,
3532 5071 3717 5127 προη-

2134 5151 2282 5216 γεῖτο
2307 5148 2399 5202 τοῦ
2425 5150 2481 5202 έν
2512 5152 2579 5220 τῇ
2612 5150 2803 5221 ἐρήμῳ
2830 5148 2961 5205 λαοῦ
2989 5148 3129 5204 κατὰ
3154 5149 3441 5221 πρόσωπον
3473 5148 3720 5221 Ἐφραῒμ.

2135 5242 2228 5293 καὶ
2260 5241 2515 5313 Βενιαμὶν
2548 5243 2641 5296 καὶ⁸
2669 5243 2955 5313 Μανασσῆ.
3022 5243 3110 5297 Ἐν
3139 5241 3247 5311 γὰρ
3274 5244 3338 5312 τῇ
3374 5240 3569 5313 πορεία
3601 5240 3717 5295 τῶν

2136 5330 2213 5384 ιϐ’
2238 5333 2417 5402 φυλῶν
2447 5333 2752 5406 ἔμπροσθεν
2787 5334 2887 5406 μὲν
2911 5335 3011 5406 τῆς
3056 5334 3291 5388 κιϐωτοῦ
3334 5333 3718 5405 παρενέϐαλον

2133 5425 2297 5496 φυλαὶ
2323 5428 2490 5495 τρεῖς,
2539 5426 2729 5491 Ἰούδα,
2756 5428 2851 5482 καὶ
2890 5427 3132 5497 Ἰσαχαρ,
3160 5428 3253 5481 καὶ
3279 5424 3561 5489 Ζαϐουλὼν
3586 5442 3601 5455 ο
3629 5426 3713 5479 εἴ·

2131 5535 2295 5572 ποντο
2315 5518 2373 5571 δὲ
2392 5521 2456 5590 τῇ
2481 5518 2699 5590 κιϐωτῷ
2718 5518 2919 5589 ὁμοίως
2941 5518 3101 5589 φυλαὶ
3122 5519 3293 5589 τρεῖς,
3328 5515 3591 5587 Ἐφραῒμ,
3614 5517 3717 5571 καὶ

2129 5609 2418 5681 Βενιαμὶν,
2464 5611 2557 5665 καὶ
2601 5612 2903 5682 Μανασσῆ,
2939 5613 3080 5667 κατὰ
3112 5614 3282 5666 νώτου
3315 5612 3716 5668 ἀκολουθοῦσαι

2127 5702 2235 5765 τοῖς
2262 5703 2542 5774 χερουϐίμ.
2559 5703 2647 5757 Διὸ
2668 5703 2913 5759 λέλεκται
2934 5703 3195 5758 ἐνταῦθα·
3214 5702 3541 5774 Ἐμφάνηοι
3566 5708 3717 5759 καθ-
