4078 6432
366 352 474 411 957

1531 350 2039 411 (ΖΟΠΜΕΝΤΑΒΙΔ
2073 351 2143 408 IN
2180 350 2519 409 PSALMOS.

3524 359 3633 419 058

365 468 586 538 ἡμενος
616 465 713 520 ἐπὶ
744 465 864 521 τῶν
918 466 1199 538 χερουδὶμ
1240 476 1521 525 arar-ctor-
1559 470 1822 540 Ἐφραῒμ,
1855 486 1936 525 κα

2058 477 2216 539 tergo
2235 469 2523 524 cherubim
2547 475 2865 539 sequentes.
2890 468 3256 535 Quamobrem
3278 472 3368 527 hic
3387 471 3590 528 dicitur
3616 494 3629 528 :

368 559 674 628 Βενιαμὶν,
708 558 808 612 καὶ
832 559 1160 629 Μανασσῆ.
1196 561 1288 614 Διὸ
1321 561 1465 615 κατὰ
1490 562 1583 616 τὸν
1625 563 1854 617 Ἀκύλαν
1878 565 1954 617 sl-

370 666 567 726 ρηταν
606 650 924 720 ιΚαθήμενε
966 651 1091 718 τοῖς
1125 652 1408 721 χερουϐὶμ
1432 691 1447 718 ,
1494 651 1819 723 ἐπιφάνηθι
1865 654 1953 720 εὶς

365 746 693 815 πρόσωπον
728 744 999 813 Ἐφραῒμ,
1032 743 1133 797 καὶ
1162 744 1466 814 Βενιαμὶν,
1494 745 1594 799 καὶ
1625 743 1948 815 Μανασσῆ.

364 837 437 890 Σὺ
464 835 594 909 γὰρ,
621 836 808 907 φησὶν,
837 837 867 888 6
888 838 969 900 εἰς
988 836 1283 908 πρόσωπον
1307 836 1404 890 καὶ
1423 836 1656 892 ἐνώπιον
1689 837 1947 910 Ἐφραῒμ,

364 927 459 981 καὶ
476 927 753 999 Βενιαμὶν,
784 928 879 982 καὶ
902 928 1169 999 Μανασσῆ
1200 929 1673 1001 προπορευόμενος
1699 930 1947 1003 ὲμφάνη-

366 1017 438 1073 θι.
486 1019 861 1073 ’Δνακαλεῖται
897 1019 953 1073 δὲ
982 1022 1043 1073 ὲν
1072 1020 1285 1084 τούτοις
1308 1021 1402 1075 τὸν
1437 1020 1533 1074 τοῦ
1561 1021 1697 1075 Θεοῦ
1726 1022 1899 1091 Λόγον
1921 1024 1951 1076 6

364 1110 656 1182 Προφήτης
680 1110 787 1164 ἀπὸ
806 1110 915 1164 τῶν
933 1111 1347 1183 γνωριζομένων
1368 1112 1444 1184 τῷ
1466 1112 1580 1184 λαῷ
1600 1112 1699 1185 τὴν
1724 1115 1950 1187 ἐπίκλη-

362 1218 451 1255 σιν
477 1203 832 1274 ποιούμενοςο
863 1202 980 1256 ἀλλ’
1013 1204 1115 1257 οὐκ
1157 1204 1267 1258 ἀπὸ
1291 1204 1394 1275 τῆς
1422 1204 1699 1269 θεοπτίας,
1733 1206 1840 1275 τῆς
1871 1207 1950 1279 τῷ

362 1297 626 1368 Προφήτῃ
660 1295 909 1367 Ἐζεκιὴλ
929 1296 1286 1367 τεθεαμένης.
1308 1298 1561 1351 Δυσωπεῖ
1581 1297 1638 1351 δὲ
1665 1298 1755 1353 τὸν
1778 1316 1949 1371 παρα-

362 1385 694 1457 καλούμενον
720 1387 810 1441 διὰ
834 1387 936 1458 τῆς
961 1388 1129 1459 εὐχῆς
1146 1405 1159 1418 ·
1204 1389 1269 1442 El
1292 1388 1401 1462 γὰρ
1431 1390 1753 1461 ὑπέμεινας,
1790 1393 1946 1462 φησὶ,

361 1478 539 1550 καιρῷ
558 1494 665 1533 τινι
688 1479 1010 1551 προοδεῦσαι
1035 1482 1131 1535 ἀνθ
1141 1480 1358 1553 ρώπων,
1384 1482 1606 1536 καὶτῶν
1631 1483 1947 1555 προλεχθει-

359 1572 471 1625 σῶν
503 1572 811 1643 ἡγήσασθαι
841 1573 1022 1642 φυλῶν
1045 1615 1059 1639 ,
1085 1574 1181 1627 καὶ
1208 1573 1304 1629 νῦν
1336 1577 1450 1639 τοῖς
1477 1575 1661 1641 αὐτοῖς
1690 1576 1945 1647 χειμαζο-

359 1662 543 1733 μένοις
574 1659 668 1717 nail
689 1664 1083 1736 ἀπολλυμένοις
1112 1664 1389 1736 ἐμφάνηθι
1413 1683 1426 1697 ·
1449 1666 1544 1719 καὶ
1573 1667 1637 1719 σύ
1661 1683 1726 1736 γε
1760 1667 1944 1733 αὐτὸς,

357 1755 386 1807 6
418 1755 513 1808 καὶ
544 1756 666 1810 τότε
710 1758 984 1827 ποιμάνας
1019 1758 1114 1811 καὶ
1161 1761 1618 1831 προηγησάμενος
1654 1760 1749 1813 τοῦ
1791 1760 1941 1825 λαοῦ,

355 1846 658 1917 ἐξέγειρον
693 1848 810 1918 τὴν
851 1850 1220 1905 δυναστείαν
1260 1868 1377 1906 σου
1398 1893 1413 1916 ,
1444 1853 1542 1906 καὶ
1580 1854 1721 1909 ἐλθὲ
1756 1857 1844 1919 εὶς
1872 1852 1941 1907 τὸ

357 1936 552 1993 σῶσαι
582 1938 759 2008 ἡμᾶς.
808 1940 1061 1993 Ἱκετεύει
1087 1958 1147 1994 τε
1185 1944 1243 1995 ἐν
1272 1942 1483 2006 τούτοις
1504 1943 1603 2015 τὴν
1630 1946 1710 2007 εἰς
1732 1943 1943 2015 ἀνθρώ-

356 2045 493 2095 πους
524 2031 687 2085 αὑτοῦ
715 2032 896 2101 ἄφιξιν
928 2035 1258 2106 ποιήσασθαι
1290 2036 1385 2089 καὶ
1411 2039 1538 2101 τοὺς
1561 2038 1941 2109 ἀποστραφέν-

353 2138 455 2186 τας
487 2124 581 2177 καὶ
631 2127 689 2178 ὲν
722 2126 1038 2179 ἀποπτώσει
1067 2128 1393 2199 γενομένους
1426 2129 1588 2183 πάλιν
1630 2129 1936 2197 ἀναλαϐεῖν,

355 2215 516 2269 πάλιν
544 2216 638 2269 καὶ
670 2218 752 2279 εἰς
785 2218 945 2273 αὐτὸν
970 2220 1297 2291 ἐπιπρέψαι
1332 2221 1575 2291 ποιῆσαι,
1634 2223 1725 2277 Διὸ
1750 2222 1934 2291 λέγει’

366 2307 420 2360 ‘0
462 2310 627 2376 Θεὸς,
661 2311 1032 2380 ἐπίστρεψον
1064 2310 1222 2382 ἡμᾶς
1247 2312 1346 2365 καὶ
1374 2314 1674 2383 salsam-or
1702 2314 1769 2367 τὸ
1798 2316 1939 2384 πρό-

350 2402 561 2453 σωπόν
596 2416 714 2456 σου
733 2441 747 2465 ,
781 2402 879 2455 καὶ
909 2404 1326 2472 σωθησόμεθα.
1376 2407 1554 2474 Κύριε
1582 2409 1615 2460 ό
1645 2406 1788 2473 Θεὸς
1819 2407 1939 2461 τῶν

354 2490 669 2561 δυνάμεων
688 2532 704 2558 ,
758 2494 870 2560 ἓως
908 2496 1053 2548 πότε
1081 2495 1281 2565 ὀργίζᾷι
1307 2496 1405 2549 ἐπὶ
1434 2496 1549 2565 τὴν
1584 2498 1933 2567 προσευχὴν

350 2584 472 2639 τῶν
511 2584 749 2640 δούλων
791 2588 944 2652 σοῦ;
1005 2588 1061 2640 ’0
1092 2587 1384 2660 λεγόμενος
1412 2590 1506 2642 ἐπὶ
1534 2590 1629 2644 τοῦ
1670 2592 1937 2661 παρόντος

352 2678 556 2750 Κύριος
588 2680 682 2733 καὶ
714 2680 844 2744 Θεὸς
869 2680 979 2734 τῶν
1007 2681 1319 2753 δυνάμεων,
1353 2684 1515 2747 αὐτὸς
1556 2680 1626 2755 ἦν
1666 2686 1875 2749 ἐκεῖνος
1904 2686 1934 2737 6

353 2769 655 2841 ποιμαίνων
682 2772 772 2826 τὸν
804 2773 1057 2844 ἀληθινὸν
1102 2775 1317 2847 Ἰσραὴλ
1336 2814 1350 2839 ,
1387 2777 1481 2829 καὶ
1505 2777 1778 2849 ὀδηγήσας
1804 2779 1935 2832 ὡσεὶ

352 2863 620 2934 πρόϐατον
642 2866 733 2919 τὸν
761 2867 976 2937 Ἰωσὴφ,
1006 2870 1099 2921 καὶ
1120 2870 1149 2921 6
1171 2869 1479 2940 καθήμενος
1500 2871 1591 2923 ἐπὶ
1616 2871 1726 2925 τῶν
1746 2888 1935 2942 χερου-

352 2953 451 3022 ϋίμ
469 2970 483 2983 ·
508 2953 813 3024 προοδεύων
832 2973 889 3009 τε
913 2957 1153 3012 ἐναντίον
1183 2959 1422 3030 Ἐφραῖμ
1445 2960 1537 3013 καὶ
1562 2962 1817 3031 Βενιαμὶν
1839 2963 1933 3016 καὶ

350 3044 641 3115 Μανασσῆ.
673 3046 877 3117 Κύριος
905 3048 960 3101 δὲ
984 3052 1078 3104 καὶ
1109 3052 1243 3117 Θεὸς
1265 3052 1371 3105 τῶν
1391 3053 1673 3123 δυνάμεων
1694 3054 1929 3125 εἴρηται,

2055 559 2453 628 Manifestum,
2519 563 2609 632 qui
2675 561 2821 617 sedes
2877 577 3033 631 super
3092 562 3355 617 cherubim
3385 603 3402 627 ,
3453 580 3633 618 coram

2056 651 2338 722 Ephraim,
2380 653 2664 722 Benjamin
2712 664 2763 709 et
2814 653 3086 709 Manasse.
3152 653 3277 709 ldeo
3331 655 3642 711 secundum;

2051 743 2308 815 Aquilam
2355 744 2563 800 dicitur
2597 764 2613 800 :
2649 746 2898 801 Insidens
2941 761 3097 814 super
3133 746 3420 813 cherubim,
3456 751 3632 803 mani~

2052 839 2250 909 festare
2279 840 2334 893 in
2364 839 2503 908 facie
2536 838 2817 909 Ephraim,
2850 837 3133 907 Benjamin
3162 847 3213 893 et
3253 837 3525 894 Manasse.
3547 837 3630 895 Tu

2050 931 2219 999 enim,
2256 932 2456 1002 inquit,
2495 932 2590 1001 qui
2629 931 2684 985 in
2727 930 2867 985 facie
2907 930 3186 1000 Ephraim,
3240 929 3523 999 Benjamin
3578 941 3633 986 et

2051 1020 2305 1077 Manasse
2352 1018 3038 1091 procedis,‘maniiestare.
3084 1017 3141 1072 ln
3176 1018 3263 1073 his
3283 1028 3465 1072 autem
3495 1015 3632 1070 Pro-

2050 1112 2211 1185 pheta
2245 1111 2341 1166 Dei
2369 1111 2607 1167 Verbum
2657 1118 2871 1174 evocat,
2894 1111 2964 1165 ab
3004 1110 3074 1164 iis
3113 1126 3236 1179 quae
3274 1110 3472 1179 populo
3502 1115 3630 1162 nota

2048 1211 2208 1259 erant
2235 1218 2433 1258 nomen
2467 1203 2589 1273 ejus
2616 1212 2901 1265 mutuans,
2937 1201 3031 1256 sed
3066 1217 3174 1255 non
3204 1216 3236 1256 a
3285 1201 3469 1255 divina
3498 1198 3629 1255 Eze-

2049 1297 2242 1352 chielis
2264 1296 2500 1351 visione.
2532 1293 2714 1365 Ipsum
2747 1302 2929 1348 autem
2961 1294 3046 1348 his
3066 1293 3246 1347 verbis
3274 1292 3630 1363 supplicando

2049 1389 2343 1459 compellat
2383 1407 2398 1443 :
2431 1386 2487 1441 Si
2512 1388 2751 1457 quodam
2785 1395 3050 1457 tempore,
3076 1387 3274 1457 inquit,
3315 1385 3628 1442 hominibus

2048 1483 2260 1538 anteire
2307 1482 2565 1552 dignatus
2609 1496 2694 1544 es,
2726 1487 3169 1549 memoratasque
3192 1479 3370 1533 tribus
3405 1479 3625 1543 ducere,

2048 1589 2197 1629 nunc
2228 1574 2365 1645 ipsis
2386 1572 2788 1629 ﬂuctuantibus
2811 1578 2870 1627 et
2905 1571 3264 1642 pereuntibus
3292 1585 3523 1641 appare;
3544 1577 3624 1636 tu,

2046 1667 2293 1737 inquam,
2328 1665 2446 1737 ipse
2488 1664 2582 1736 qui
2615 1665 2746 1719 olim
2798 1664 3060 1735 populum
3102 1662 3365 1732 pascebas
3413 1662 3628 1732 ipsique

2047 1760 2316 1825 anteibas,
2352 1760 2527 1813 excita
2554 1759 2845 1826 potentiam
2880 1767 3028 1811 tuam
3072 1766 3120 1810 et
3168 1756 3304 1821 veni,
3350 1764 3409 1809 ut
3452 1755 3626 1810 salvos

2045 1850 2217 1918 facias
2251 1865 2368 1904 nos.
2403 1847 2501 1903 His
2530 1861 2662 1903 vero
2704 1846 2978 1916 supplicat
3006 1853 3067 1899 ut
3098 1845 3165 1900 ad
3199 1844 3451 1899 homines
3480 1858 3629 1899 acce-

2043 1940 2157 2004 dat,
2180 1947 2236 1994 et
2287 1956 2384 1994 eos
2411 1938 2508 2009 qui
2546 1936 2724 1993 aversi
2759 1944 2813 1991 et
2857 1936 2994 2005 lapsi
3032 1945 3209 1999 erant,
3243 1935 3439 1989 iterum
3470 1950 3627 1989 resu-

2042 2037 2179 2095 mat,
2212 2028 2411 2084 iterum
2445 2028 2514 2082 ad
2569 2042 2630 2083 se
2682 2033 2992 2081 convertat.
3045 2023 3391 2094 QuaprOpter
3437 2024 3571 2078 dicit
3609 2044 3623 2080 :

2041 2122 2205 2186 Deus,
2230 2131 2469 2175 converte
2496 2137 2613 2183 nos,
2643 2129 2694 2173 et
2746 2121 2961 2172 ostende
2990 2118 3182 2186 [aciem
3212 2128 3378 2184 tuam,
3411 2127 3460 2171 et
3491 2118 3627 2173 salvi

2038 2213 2333 2266 erimus.—
2351 2209 2515 2266 Vens.
2551 2210 2602 2264 5.
2630 2207 2853 2261 Domine
2874 2206 3015 2261 Deus
3059 2208 3336 2272 virtutum,
3362 2224 3628 2278 quousque

2040 2302 2290 2355 irasceris
2326 2316 2482 2369 super
2514 2299 2810 2355 orationem
2848 2313 3120 2351 servorum
3151 2300 3407 2352 tuorum?
3438 2296 3541 2362 Qui
3570 2299 3627 2352 in

2039 2394 2297 2466 praesenti
2318 2393 2523 2448 dicitur
2572 2390 2837 2446 Dominus
2870 2396 2924 2445 et
2949 2388 3096 2443 Deus
3119 2389 3410 2455 virtutum,
3444 2390 3491 2444 is
3510 2390 3626 2459 ipse

2037 2497 2156 2544 erat
2201 2487 2297 2558 qui
2360 2485 2625 2557 pascebat
2677 2498 2866 2538 verum
2904 2479 3187 2546 lsraelem,
3240 2490 3294 2535 et
3324 2480 3603 2541 dcdm-eba

2037 2582 2184 2637 sicut
2220 2594 2374 2634 ovem
2399 2576 2624 2647 Ioseph,
2648 2584 2703 2630 et
2732 2574 2826 2645 qui
2859 2574 3085 2629 sedebat
3118 2588 3284 2644 super
3316 2573 3626 2642 cherubim,

2035 2682 2091 2730 et
2120 2675 2214 2745 qui
2242 2670 2530 2727 incedebat
2559 2684 2745 2723 coram
2773 2666 3058 2738 Ephraim,
3098 2665 3384 2735 Bcnjamin
3421 2675 3475 2721 et
3503 2666 3621 2721 Ma-

2036 2784 2217 2823 nasse.
2264 2765 2532 2823 Dominis
2562 2770 2743 2817 autem
2788 2768 2841 2818 et
2902 2759 3046 2816 Deus
3085 2760 3347 2814 virtutum
3397 2760 3621 2828 dicitur,

2036 2869 2097 2916 ut
2124 2860 2254 2914 alibi
2293 2859 2404 2913 dux
2433 2856 2709 2913 exercitus
2739 2862 2795 2909 et
2829 2853 3053 2909 virtutis
3080 2850 3319 2914 Domini,
3343 2867 3407 2905 ac
3438 2854 3621 2922 magni

2038 2953 2257 3009 consihi
2289 2949 2553 3023 Angelus.
2580 2947 2709 3003 Jesu
2740 2947 2925 3017 itaque
2972 2944 3180 3017 bloysis
3200 2946 3534 3011 successori,
3567 2947 3623 3000 in

2036 3046 2212 3101 forma
2257 3043 2497 3099 hominis
2526 3054 2797 3112 apparens
2839 3038 2965 3109 quis
3000 3038 3118 3108 ipse
3145 3044 3293 3094 esset
3322 3036 3622 3092 conﬁteba-

350 3137 427 3200 ὡς
456 3138 513 3191 ὲν
556 3138 764 3210 ἑτέροις
795 3141 1233 3214 ἀρχιστράτηγος
1272 3145 1555 3217 δυνάμεως
1589 3147 1794 3217 Κυρίου
1842 3147 1936 3200 καὶ⁹

2040 3147 2151 3200 tur.
2195 3139 2431 3193 dicens:
2471 3134 2583 3206 Ego
2615 3150 2733 3188 sum
2780 3132 2891 3186 dua:
2934 3132 3260 3187 exercituum
3315 3139 3366 3185 et
3414 3132 3622 3187 virtutis

350 3230 595 3302 μεγάλης
608 3231 1090 3303 βουλῆςἊγγελος.
1104 3237 1193 3308 Τῷ
1214 3238 1309 3309 μὲν
1325 3234 1418 3291 οὖν
1432 3239 1937 3308 διαδόχῳΜωῦσέως

364 3321 535 3393 Ἰησοῦ
556 3365 571 3389 ,
606 3325 665 3377 ὲν
702 3326 939 3396 σχήματι
973 3327 1164 3399 ἀνδρὸς
1198 3330 1420 3399 φανεὶς,
1455 3331 1646 3385 ἑαυτὸν
1669 3331 1936 3402 ὡμολόγει

348 3415 495 3478 ὅστις
509 3410 577 3486 ἦν
596 3415 769 3485 λέγων
786 3432 800 3445 ’
836 3416 982 3486 Ἐγώ
1002 3421 1118 3488 εἰμι
1134 3421 1611 3491 ἀρχιστράτηγος
1633 3422 1937 3493 δυνάμεως

350 3508 591 3575 Κυρίου.
627 3509 713 3562 Ἐν
738 3509 794 3562 δὲ
817 3508 892 3579 τῷ
918 3510 1118 3581 Ἡσαΐᾳ
1142 3510 1392 3566 λέλεκται
1410 3553 1425 3579 ,
1442 3514 1523 3566 ὅτι
1546 3513 1790 3567 Παιδίον
1812 3515 1937 3583 ἐγε-

348 3599 504 3667 νήθη
536 3601 683 3671 ἡμῖν
705 3640 722 3667 ,
751 3602 882 3668 υἱὸς
907 3605 1007 3659 καὶ
1036 3605 1214 3674 ἐδόθη
1246 3605 1411 3675 ἡμῖν.
1470 3603 1553 3662 οὗ
1581 3606 1620 3673 ή
1653 3607 1809 3677 ἀρχὴ
1835 3608 1934 3662 ἐπὶ

347 3694 457 3747 τοῦ
480 3693 641 3763 ὤμου
663 3697 872 3763 αὑτοῦ,
904 3697 1001 3751 καὶ
1025 3698 1294 3753 καλεῖται
1325 3698 1392 3753 τὸ
1416 3698 1608 3768 ὄνομα
1639 3702 1825 3756 αὑτοῦ
1840 3716 1935 3772 με·

350 3784 541 3854 τάλης
557 3786 1100 3859 βουλῆςἍγγελος.
1127 3790 1286 3844 Κατὰ
1305 3792 1362 3845 δὲ
1377 3793 1502 3856 τοὺς
1525 3792 1743 3857 λοιποὺς
1766 3795 1936 3866 ἑρμη-

349 3878 570 3941 νευτάς·
604 3879 748 3947 Θεὸς
782 3880 1058 3948 δυνατὸς,
1082 3883 1518 3954 ἐξουσιαστὴς,
1552 3888 1752 3957 ἅρχων
1772 3890 1931 3958 εἰρή-

236 4006 239 4007 ν
348 3985 465 4035 νης
490 4010 505 4033 ,
540 3970 738 4040 πατὴρ
774 3972 1008 4040 αἰῶνος.
1078 3974 1250 4029 Τοῦτο
1279 3977 1456 4030 τοίνυν
1486 3978 1793 4034 διδάσκεται
1828 3982 1933 4034 ὑπὸ

348 4061 443 4112 τοῦ
478 4060 793 4132 Πνεύματος
828 4063 926 4117 τοῦ
963 4066 1305 4137 προφητικοῦ
1335 4069 1501 4140 εὐχὴν
1531 4070 1873 4142 ἀναπέμπειν
1903 4076 1933 4127 6

350 4152 729 4223 καταλειφθεὶς
764 4155 969 4227 ἔρημος
999 4157 1124 4222 λαὸς
1147 4199 1161 4224 ,
1198 4160 1292 4213 καὶ
1318 4161 1467 4232 αὐτῷ
1498 4162 1704 4231 λέγειν’
1754 4166 1931 4233 Κύριε

346 4246 384 4298 ό
416 4244 560 4311 Θεὸς
586 4246 705 4299 τῶν
737 4246 1083 4317 δυνάμεων,
1136 4250 1247 4318 ἕως
1279 4252 1424 4307 πότε
1459 4253 1658 4324 ὀργίζῃ
1690 4254 1789 4308 ἐπὶ
1817 4255 1932 4324 τὴν

348 4337 704 4407 προσευχὴν
720 4340 826 4394 τοῦ
851 4340 1077 4395 δούλου
1102 4357 1252 4407 σου;
1290 4344 1429 4400 Ἀνθ’
1444 4339 1505 4399 οὗ
1528 4347 1577 4399 οἱ
1602 4347 1778 4401 λοιποὶ
1802 4349 1929 4403 πάν-

348 4446 441 4493 τες
478 4431 811 4503 έρμηνευταὶ
832 4472 848 4497 ,
881 4434 988 4488 τοῦ
1019 4434 1176 4488 λαοῦ
1224 4452 1371 4504 σου,
1401 4439 1773 4510 ήρμήνευσαν.
1836 4442 1928 4494 Δι-

2039 3231 2257 3285 Domini
2284 3230 2350 3284 “.
2386 3227 2447 3282 ln
2466 3227 2604 3283 Isaia
2629 3242 2757 3281 vero
2786 3224 2993 3280 dictum
3020 3234 3106 3279 est
3131 3243 3143 3279 :
3186 3222 3331 3278 Puer
3358 3235 3513 3277 natus
3544 3234 3624 3278 est

2038 3325 2211 3388 nobis,
2263 3334 2314 3377 et
2353 3322 2499 3392 ﬁlius
2548 3320 2707 3374 datus
2751 3328 2829 3373 est
2874 3317 3044 3373 nobis.
3078 3315 3245 3385 Cujus
3293 3319 3621 3386 principatus

2036 3434 2193 3487 super
2229 3416 2503 3469 humerum
2531 3414 2668 3482 ejus,
2694 3420 2745 3466 et
2770 3410 3044 3465 vocabitur
3072 3425 3257 3462 nomen
3282 3409 3399 3477 ejus
3443 3412 3623 3479 magni

2037 3510 2244 3566 consilii
2275 3508 2489 3579 angelus
2512 3508 2578 3561 ⁸⁷.
2614 3504 2926 3562 Secundum
2953 3502 3197 3585 reliquos
3244 3502 3567 3572 interpretes
3602 3522 3617 3558 :

2035 3602 2179 3658 Deus
2227 3602 2408 3672 fortis,
2451 3611 2660 3670 potens,
2704 3599 2945 3667 princeps
3000 3596 3172 3665 pacis,
3224 3605 3376 3662 pater
3415 3597 3617 3652 saeculi.

2036 3695 2153 3751 Iloc
2184 3696 2371 3765 itaque
2404 3693 2634 3747 docetur
2689 3706 2722 3745 a
2780 3688 2986 3760 Spiritu
3037 3687 3358 3758 prophetico
3387 3689 3620 3757 populus

2035 3789 2130 3858 qui
2186 3787 2485 3843 derelictus
2536 3794 2640 3849 est,
2672 3793 2731 3838 ut
2754 3782 2974 3838 emittat
3014 3781 3323 3835 orationem
3369 3794 3423 3835 et
3471 3781 3619 3836 dicat

2036 3880 2171 3951 ipsi:
2197 3879 2421 3932 Domine
2447 3878 2585 3932 Deus
2612 3879 2889 3942 virtutum,
2907 3891 3176 3945 quousque
3198 3875 3446 3928 irasceris
3464 3890 3619 3943 super

2036 3973 2327 4026 orationem
2371 3972 2505 4024 servi
2546 3971 2661 4025 tui?
2704 3968 2812 4023 Pro
2836 3984 2946 4039 quo
2976 3968 3176 4037 reliqui
3217 3983 3409 4022 omnes
3446 3968 3617 4024 inter-

2034 4071 2237 4136 pretes,
2258 4065 2441 4133 populi
2471 4065 2570 4128 tui,
2607 4062 2948 4133 interpretati
2972 4069 3123 4115 sunt.
3148 4060 3425 4116 Docentur
3452 4078 3617 4133 porro

2033 4172 2227 4228 panem
2256 4158 2618 4227 lacrymarum
2649 4155 2938 4210 comedere
2972 4169 3073 4224 pro
3102 4153 3331 4209 ausibus
3367 4155 3517 4220 suis,
3556 4164 3618 4210 ut

2032 4250 2177 4304 mala
2210 4264 2311 4305 sua
2361 4247 2555 4303 ﬂentes
2590 4262 2655 4302 ac
2708 4248 2977 4318 lugentes,
3013 4246 3448 4301 consolationem
3470 4248 3613 4303 obti-

2030 4351 2217 4405 neant,
2251 4348 2309 4395 ut
2338 4341 2394 4395 in
2426 4340 2860 4395 beatitudinibus
2883 4339 3087 4393 dicitur
3118 4357 3132 4393 :
3169 4339 3323 4393 Beati
3343 4341 3434 4410 qui
3460 4342 3611 4409 ﬂent,

2029 4436 2281 4505 quoniam
2302 4432 2564 4488 ridebunt.
2604 4434 2757 4487 Beati
2780 4434 2871 4499 qui
2913 4433 3107 4503 lugent,
3136 4434 3388 4503 quoniam
3427 4450 3613 4489 conso-

346 4520 635 4576 δάσκονται
677 4524 735 4578 δὲ
766 4526 860 4579 καὶ
888 4526 1052 4597 ἄρτον
1084 4526 1334 4600 δακρύων
1374 4508 1576 4585 ἐσθίειν
1606 4533 1691 4602 ἐφ’
1731 4529 1809 4597 οἷς
1840 4550 1929 4587 τεο

2038 4527 2284 4581 labuntur
2328 4527 2393 4581 ⁸⁸.
2455 4526 2766 4582 Secundum
2838 4525 3227 4597 Symmachum
3281 4534 3461 4581 autem
3495 4545 3509 4580 :
3544 4559 3610 4572 -η

348 4612 682 4685 τολμήκασιν
705 4633 718 4646 ·
764 4616 854 4682 ἵν’,
901 4618 1379 4691 ἀποκλαυσάμενοι
1428 4621 1499 4675 τὰ
1544 4623 1751 4677 ἑαυτῶν
1785 4625 1931 4679 κακὰ

348 4703 444 4757 καὶ
472 4704 861 4776 πενθήσαντες,
887 4708 1101 4780 τύχοιεν
1122 4712 1521 4784 παρακλήσεως
1547 4715 1688 4770 κατὰ
1715 4718 1806 4769 τὸν
1827 4718 1931 4790 φή-

347 4814 519 4851 σαντα
550 4802 926 4872 μακαρισμὸν⁹
956 4805 1245 4873 Μακάριοι
1274 4811 1327 4861 ol
1358 4808 1692 4875 κλαίοντες,
1728 4810 1817 4863 ὅτι
1836 4826 1931 4879 τε·

344 4887 663 4943 λάσθνται·
691 4893 972 4961 μακάριοι
996 4899 1050 4949 οὶ
1084 4898 1448 4965 πενθοῦντες
1466 4941 1481 4965 ,
1505 4901 1595 4954 ὅτι
1622 4905 1929 4969 παρακλη-

347 4980 655 5048 θήσονται.
676 4985 835 5039 Κατὰ
852 4986 910 5039 δὲ
930 4987 1023 5041 τὸν
1043 4988 1339 5061 Σύμμαχον
1357 5010 1369 5023 ·
1401 4992 1734 5063 Ἐψώμισας
1748 4994 1926 5065 ἡμᾶς,

347 5074 548 5143 φησὶν,
586 5074 769 5143 ἄρτον
808 5078 1117 5148 δακρύων,
1166 5084 1266 5138 καὶ
1288 5086 1576 5155 ἐπότισας
1600 5087 1759 5159 ἡμᾶς
1780 5090 1931 5158 μετὰ

346 5162 620 5232 δακρύων
648 5168 862 5237 μέτρῳ.
932 5172 996 5225 El
1028 5173 1137 5245 γὰρ
1165 5177 1260 5229 καὶ
1289 5176 1357 5230 τὰ
1391 5178 1624 5248 μάλιστα
1651 5180 1928 5252 κλαυθμοῦ

347 5256 441 5309 καὶ
471 5258 721 5330 δακρύων
745 5261 884 5327 ἄξιοι
913 5266 1248 5339 γεγόναμεν,
1291 5268 1432 5323 ὥστε
1458 5270 1579 5324 ἀντὶ
1602 5272 1767 5342 ἄρτου
1802 5272 1927 5342 τρέ-

347 5348 545 5414 φεσθαι
593 5351 888 5424 κλαυθμοῖς
939 5358 1033 5411 καὶ
1086 5363 1449 5430 στεναγμοῖς,
1485 5361 1580 5414 καὶ
1614 5361 1923 5427 ποτίζεσθαι

346 5436 577 5509 δάκρυσι
620 5442 713 5495 καὶ
758 5445 938 5513 γόοις⁹
996 5447 1111 5501 ἀλλ’
1152 5450 1292 5503 αὐτὰ
1330 5450 1502 5504 ταῦτα
1535 5454 1926 5525 μεμετρημένα

348 5528 479 5598 ἡμῖν
508 5530 759 5598 γινέσθω,
793 5532 933 5588 ὥστε
968 5536 1043 5608 μὴ
1077 5538 1158 5602 εἰς
1189 5539 1414 5609 ἄπειρον
1446 5542 1577 5611 ήμίν
1611 5544 1926 5615 παραταθῆ-

347 5639 436 5677 ναι
461 5640 474 5654 ⁸
503 5624 662 5695 λῆξαι
692 5626 749 5681 δέ
784 5646 933 5697 ποτε,
970 5632 1061 5685 καὶ
1091 5633 1413 5703 μεταϐαλεῖν
1444 5635 1538 5687 ἐπὶ
1561 5633 1622 5687 τὸ
1652 5635 1927 5704 φαιδρότε-

424 5782 468 5813 ⁶⁸
506 5779 620 5837 Jos.
657 5800 707 5851 ν,
744 5785 827 5840 Η.
906 5788 947 5817 θ’
988 5787 1090 5846 lsa.
1131 5806 1222 5855 Ix,
1259 5789 1310 5845 6.
1392 5793 1433 5823 εσ
1472 5790 1663 5847 Matth.
1706 5811 1755 5857 ν,
1790 5794 1845 5849 5.

2028 4619 2199 4677 Vens.
2254 4621 2307 4676 6.
2353 4618 2559 4676 Cibasti
2591 4636 2709 4684 nos,
2743 4619 2943 4690 inquit,
2974 4633 3110 4686 pane
3143 4618 3522 4687 lacrymarum,
3560 4629 3612 4672 et

2026 4715 2222 4782 potasti
2252 4730 2346 4769 nos
2376 4730 2492 4767 cum
2513 4713 2763 4783 lacrymis
2779 4727 3049 4766 mensura.
3072 4710 3188 4766 Etsi
3215 4725 3449 4780 namque
3480 4710 3613 4766 ﬂetu

2027 4814 2082 4860 et
2115 4807 2373 4878 lacrymis
2398 4806 2546 4877 digni
2579 4806 2755 4861 simus
2779 4846 2794 4871 ,
2830 4812 2890 4858 ut
2920 4806 3041 4858 loco
3067 4804 3251 4874 panis.
3293 4804 3513 4860 ﬂetibus
3546 4820 3616 4859 ae

2027 4898 2321 4969 gemitibus
2348 4899 2582 4963 alamur,
2616 4898 2881 4969 lacrymis
2907 4907 2962 4951 et
2995 4896 3483 4951 lamentationibus
3514 4913 3613 4967 po-

2031 4998 2212 5045 temur
2237 5008 2253 5057 ;
2284 4998 2341 5045 at
2364 4991 2478 5046 huic
2508 4992 2627 5061 ipsa
2656 4998 2971 5047 mensurate
3000 4988 3161 5043 nobis
3190 4988 3494 5055 tradantur,
3535 4991 3618 5044 ita

2031 5090 2091 5138 ut
2122 5099 2234 5138 non
2257 5087 2312 5138 in
2352 5083 2627 5139 inﬁnitum
2670 5082 3009 5153 procedant,
3044 5080 3142 5135 sed
3171 5081 3466 5152 aliquando
3487 5096 3608 5137 ces-

2028 5183 2172 5239 sent,
2206 5190 2271 5229 ac
2291 5177 2347 5232 in
2372 5175 2702 5247 jucundiora
2735 5179 3037 5229 mutentur.
3067 5171 3149 5227 Tu
3172 5174 3318 5228 enim
3346 5172 3536 5243 (Vens.
3557 5175 3615 5245 7)

2028 5270 2255 5337 posuisti
2302 5286 2397 5324 nos
2439 5270 2492 5323 in
2538 5267 3012 5323 contradictionem
3047 5267 3233 5321 vicinis
3279 5269 3496 5330 nostris,
3559 5276 3611 5322 et

2028 5362 2233 5416 inimici
2260 5363 2430 5418 nostri
2459 5361 2916 5417 subsannaverunt
2945 5378 3040 5415 nos
3071 5376 3090 5415 :
3116 5361 3214 5431 qui
3268 5376 3380 5415 non
3431 5360 3611 5415 simile

2028 5456 2309 5527 quidpiam
2338 5456 2467 5511 olim
2491 5455 2613 5511 ausi
2649 5465 2838 5510 contra
2876 5469 2979 5510 nos
3000 5460 3149 5521 sunt,
3174 5468 3299 5507 cum
3342 5460 3395 5509 te
3432 5459 3613 5522 patro-

2031 5563 2162 5603 num
2196 5548 2543 5605 haberemus.
2572 5548 2938 5614 Quamobrem
2983 5548 3175 5617 (Vens.
3204 5546 3260 5614 8)
3296 5559 3607 5617 precamur,

2031 5650 2089 5698 et
2126 5652 2179 5700 tc
2215 5642 2387 5701 Deum
2440 5644 2702 5700 virtutum
2745 5642 3085 5709 invocamus,
3123 5641 3495 5711 supplicantes
3546 5643 3612 5696 ut
