4078 6432
498 371 609 430 959
1176 370 1446 425 EUSEBII
1486 368 1967 427 CAESARIENSIS
2006 370 2158 427 OPP.
2200 370 2381 427 PARS
2420 371 2509 426 lll.
2541 401 2606 412 —-
2636 369 3049 427 EXEGETICA.
3661 373 3785 432 960

501 506 603 546 nos
631 495 939 545 convertas.
992 486 1147 554 Quod
1198 504 1333 543 sane
1385 488 1598 543 eveniet
1645 488 1692 543 si
1749 488 2082 558 conspicuus

2187 507 2294 561 ρον.
2334 491 2407 543 Σὺ
2436 489 2544 561 γὰρ
2564 490 2717 543 ἔθου
2750 487 2907 558 ἡμᾶς
2930 490 3019 553 εις
3045 487 3392 556 ἀντιλογίαν
3424 486 3548 552 τοῖς
3580 487 3786 557 γείτο-

503 584 603 638 tias
632 591 686 637 et
707 583 914 636 vultum
941 589 1094 634 tuum
1124 579 1387 635 ostendas
1408 580 1589 635 nobis.
1614 577 1749 633 Nam
1780 581 1829 635 si
1860 580 1912 635 id
1941 596 2075 635 con-

2187 597 2289 636 σιν
2313 581 2500 651 ἡμῶν,
2536 582 2633 635 καὶ
2658 584 2713 635 οί
2739 582 2938 651 ἐχθροί
2966 581 3134 650 ἡμῶν
3156 578 3565 649 ἐμυκττψισαν
3585 579 3780 649 ἡμᾶς.

501 674 754 737 cedatur,
792 674 929 727 salvi
974 673 1203 736 erimus,
1255 688 1321 727 ac
1373 688 1473 729 nos
1528 688 1748 743 quoque
1783 673 2076 729 dicemus:

2190 674 2353 746 μηδὲν
2396 674 2602 728 τούτων
2640 675 2806 729 πάλαι
2836 674 2957 727 καθ’
2997 673 3153 744 ἡμῶν
3191 673 3529 744 τολμῶντες,
3563 674 3654 726 ὅτε
3708 692 3780 727 σε

502 768 781 837 Signatum
840 780 919 819 est
971 782 1128 835 super
1161 783 1257 821 nos
1308 767 1483 820 lumen
1535 766 1711 821 vultus
1761 767 1862 832 tui,
1892 765 2080 820 Domi-

2188 766 2496 837 προστάτην
2524 768 2763 837 είχομεν.
2794 767 2883 820 Διὸ
2901 766 3153 836 δεόμεθα,
3174 767 3269 820 καὶ
3290 765 3384 819 τὸν
3403 766 3537 821 Θεὸν
3558 766 3672 819 τῶν
3688 764 3769 819 δυ-

500 876 564 914 ne
600 862 664 912 “.
2190 858 2258 913 νά
2264 876 2407 929 μεων
2420 858 2692 911 ἁνακαλού
2701 858 2861 928 μεθα,
2875 860 3033 911 επιστ
3042 858 3203 930 ρέψαι
3216 858 3364 928 ἡμᾶς
3389 857 3492 911 καθ
3499 856 3781 921 ικετεῦσνέ

497 967 607 1013 τες.
644 951 887 1004 Τοῦτοδὲ
909 950 1063 1005 ἔσται
1088 952 1136 1003 εί
1158 952 1427 1022 ἐπιφανὴς
1451 952 1647 1020 γένοιο,
1678 953 1855 1007 καὶτὸ
1916 949 2111 1006 σαυτοῦ
2152 950 2441 1021 πρόσωπον
2476 949 2797 1015 ἐπιδείξειας
2836 953 2985 1021 ἡμῖν.
3048 950 3251 1003 Τούτου
3311 949 3421 1019 γὰρ
3452 948 3772 1019 γενομένου,

498 1042 855 1113 σωθησόμεθα
881 1042 1123 1109 λέξοντες
1146 1042 1211 1096 ἂν
1242 1045 1337 1097 καὶ
1364 1045 1525 1114 ἡμεῖς
1543 1061 1558 1077 ·
1598 1044 1957 1115 Ἐσημειὼθη
1987 1044 2080 1114 ἐφ’
2120 1042 2279 1113 ἡμᾶς
2310 1043 2377 1096 τὸ
2410 1043 2536 1113 φῶς
2565 1041 2673 1097 τοῦ
2704 1043 3027 1111 προσώπου
3060 1058 3199 1107 σου,
3227 1042 3425 1111 Κύριε.

568 1152 732 1208 Vens.
765 1155 819 1209 9.
859 1153 1075 1208 Vineam
1108 1154 1173 1209 de
1194 1154 1429 1226 Egypto
1479 1159 1804 1213 transtulisti
1831 1175 1850 1213 :
1882 1160 2083 1229 ejecisti

2256 1160 2562 1228 ’Ἄμπελον
2576 1160 2645 1225 ἐξ
2665 1161 2965 1229 Αἰγύπτου
2980 1159 3243 1230 μετῆρας
3260 1176 3273 1189 ³
3296 1158 3580 1224 ἐξέϐαλες
3598 1157 3768 1226 ἔθνη,

497 1256 674 1317 gentes
709 1254 759 1300 et
796 1247 1057 1315 plantasti
1084 1264 1223 1302 eam.
1269 1248 1393 1302 Dua:
1437 1251 1642 1305 itineris
1682 1251 1836 1320 fuisti
1867 1252 1922 1304 in
1960 1267 2083 1305 con-

2187 1250 2279 1302 καὶ
2297 1253 2748 1319 κατεφύτευσας
2768 1250 2982 1317 αὐτήν.
3014 1251 3412 1318 Ὠδοποίησας
3430 1248 3773 1317 ἔμπροσθεν

497 1347 677 1407 specta
702 1338 837 1407 ejus,
866 1348 913 1392 et
945 1339 1204 1406 plantasti
1234 1340 1440 1395 radices
1472 1342 1610 1410 ejus,
1635 1351 1685 1396 et
1718 1342 1952 1410 implevit
1986 1351 2083 1395 ter:

2187 1340 2491 1409 αὑτῆς,καί
2509 1344 2960 1412 κατεφύτευσας
2977 1344 3085 1404 τὰς
3091 1342 3257 1412 ῥίζας
3272 1339 3582 1409 αὑτῆς,καὶ
3590 1338 3771 1405 ἐπλή-

499 1448 636 1485 ram.
655 1430 1122 1501 Supplicationem
1153 1432 1376 1489 ordiens
1401 1433 1693 1504 PrOpheta,
1717 1449 1840 1489 eum
1871 1433 1965 1504 qui
1988 1449 2080 1504 pa-

2187 1446 2333 1490 βωσε
2354 1432 2468 1501 τὴν
2484 1433 2620 1502 γῆν.
2641 1434 2964 1505 Ἀρχόμενος
2983 1434 3081 1504 τῆς
3105 1433 3387 1503 ἱκετηρίας
3406 1434 3435 1485 6
3454 1430 3771 1500 Προφήτης,

499 1527 603 1581 scit
635 1526 801 1579 Israel
824 1526 1110 1582 evocabat.
1144 1525 1275 1581 Erat
1307 1536 1489 1582 autem
1522 1527 1687 1584 Israel
1717 1543 1749 1581 a
1779 1535 2078 1582 memorata

2187 1524 2267 1576 τὸν
2284 1526 2637 1595 ποιμαίνοντα
2653 1528 2742 1580 τὸν
2753 1526 2970 1598 Ἰσραὴλ
2985 1522 3431 1580 ἀνεκαλεῖτοῙΗν
3445 1523 3501 1576 δὲ
3511 1524 3539 1574 ὁ
3549 1520 3772 1592 Ἰσραὴλ

498 1618 589 1672 hic
613 1618 771 1672 vinea
805 1616 1079 1674 diversus.
1112 1618 1250 1673 Nam
1292 1621 1383 1676 ille
1411 1622 1630 1691 quidem
1666 1636 1881 1691 semper
1909 1635 1940 1674 a
1972 1620 2077 1675 Do-

2187 1616 2370 1687 ἕτερος
2399 1619 2494 1689 τῆς
2528 1619 2761 1673 ἐνταῦθα
2800 1619 3099 1691 λεγομένης
3135 1618 3401 1689 ἀμπέλου.
3452 1618 3512 1671 '0
3538 1618 3637 1688 μὲν
3660 1616 3771 1687 γάρ

499 1712 652 1764 mino
682 1710 963 1781 pascitur;
998 1712 1113 1767 haec
1143 1724 1324 1768 autem
1357 1715 1516 1769 vinea
1547 1715 1601 1768 in
1641 1714 1879 1783 pejorem
1907 1713 2077 1768 multo

2187 1708 2270 1761 ἀεὶ
2294 1726 2381 1761 ποι
2389 1709 2635 1779 μαίνεται
2654 1711 2758 1763 ὑπὸ
2773 1711 2864 1765 τοῦ
2882 1712 3087 1782 Κυρίου
3109 1729 3123 1742 ·
3141 1714 3174 1783 ὴ
3194 1711 3251 1763 δὲ
3267 1710 3515 1782 παροῦσα
3529 1709 3774 1780 ἄμπελος

499 1804 871 1858 conditionem
938 1804 1258 1860 declinavit.
1339 1804 1445 1860 Per
1509 1806 1833 1875 religiosum
1897 1813 2079 1885 autem

2187 1803 2381 1875 πολλὴν
2406 1805 2665 1875 ὑπέμεινε
2689 1805 2785 1876 τὴν
2819 1807 2911 1858 ἐπὶ
2934 1806 3003 1858 τὰ
3023 1806 3189 1877 χείρῳ
3213 1807 3405 1876 ῥοπήν.
3438 1807 3689 1858 Δυσωπεῖ
3715 1804 3774 1859 δέ

499 1898 712 1964 virum,
770 1897 921 1950 illum
974 1913 1171 1967 nempe
1229 1898 1360 1952 olim
1414 1896 1716 1963 lsraelem,
1777 1896 1886 1952 Deo
1952 1912 2080 1967 sup.

2187 1896 2273 1949 διὰ
2297 1897 2391 1950 τοῦ
2417 1898 2699 1968 θεοφιλοῦς
2718 1899 2909 1970 ἀνδρὸς
2934 1899 3027 1951 τοῦ
3072 1898 3238 1951 πάλαι
3279 1898 3498 1971 Ἰσραὴλ
3524 1899 3616 1951 τὸν
3636 1896 3773 1952 Θεὸν

499 1989 667 2057 plicat
702 1996 759 2042 ut
794 1990 1031 2059 posteris
1068 1991 1185 2045 suis
1226 1992 1368 2045 male
1414 1991 1701 2061 agentibus
1754 1991 2077 2061 prospiciat.

498 2079 689 2134 Faerit
723 2088 854 2135 vero
894 2080 1083 2146 Israel,
1112 2083 1400 2153 perspicax
1442 2083 1623 2137 omnis
1660 2084 1865 2147 anima,
1895 2098 2019 2154 qua:
2053 2097 2083 2134 a

498 2174 642 2227 bono
685 2183 904 2243 pastore
949 2189 1166 2244 semper
1217 2176 1483 2246 pascitur.
1538 2174 1710 2230 Vinea
1764 2183 1944 2229 autem
1989 2173 2081 2229 Dei

500 2265 741 2329 dicatur,
793 2281 915 2335 quae
953 2266 1250 2339 imaginem
1276 2278 1461 2324 servat
1486 2269 1607 2338 ejus
1631 2269 1724 2339 qui
1756 2271 1811 2323 in
1842 2268 2085 2337 Evange-

502 2358 574 2412 lio
613 2356 798 2411 dixit:
846 2356 955 2427 Ego
1007 2375 1126 2412 sum
1175 2358 1299 2413 vitis
1354 2376 1479 2413 vera
1502 2361 1580 2426 7°;
1638 2362 1797 2414 vinea
1847 2374 1976 2413 vero
2016 2374 2084 2415 ex

497 2444 733 2516 Αἲιεςιριο
765 2449 1054 2514 translata,
1082 2455 1168 2503 est
1201 2450 1382 2504 anima
1414 2451 1831 2505 subversionem
1866 2464 2027 2518 passa
2065 2471 2076 2504 :

498 2544 677 2612 qualis
730 2543 833 2598 fuit
882 2543 1148 2600 Jtidaicus
1199 2546 1437 2615 populus
1487 2546 1583 2616 qui
1634 2544 1767 2599 olim
1815 2544 2082 2600 diuturno

497 2640 745 2702 tempore
778 2633 921 2687 idola
953 2633 1009 2687 in
1045 2632 1283 2705 Egypto
1317 2635 1513 2698 coluit,
1547 2650 1612 2689 ac
1662 2650 1787 2689 cum
1834 2635 2082 2689 modicos

500 2722 715 2779 fructus
747 2724 1091 2794 protulisset,
1121 2733 1182 2778 ut
1205 2724 1273 2780 de
1299 2725 1407 2779 illis
1433 2725 1763 2779 testiﬁcatur
1789 2723 2005 2796 Moyses
2028 2727 2083 2781 in

500 2828 701 2884 magno
731 2815 948 2869 cantico
981 2813 1098 2868 hac
1131 2814 1382 2871 scribens
1413 2834 1427 2869 ε
1459 2813 1602 2867 Ναηι
1633 2805 1698 2867 e'a:
1729 2816 1878 2869 vinea
1910 2814 2084 2869 Sodo-

503 2921 712 2957 morum
740 2905 891 2959 vinea
915 2922 1119 2969 eorum,
1152 2916 1203 2960 et
1233 2907 1434 2975 palmes
1461 2923 1642 2960 eorum
1670 2923 1735 2961 ea:
1767 2906 2079 2963 Gomorrha.

509 2993 622 3048 Uva
649 3010 829 3048 eorum
859 3012 960 3050 uva
1008 2996 1172 3065 fellis,
1220 2998 1402 3051 botrus
1452 2997 1830 3051 amaritudinis
1876 3016 2080 3054 eorum.

505 3085 686 3141 Furor
714 3088 1009 3144 draconum
1038 3091 1215 3144 vinum
1246 3108 1447 3153 eorum,
1478 3100 1527 3145 et
1559 3091 1711 3159 furor
1732 3093 1975 3161 aspidum
2003 3094 2085 3146 in-

505 3179 767 3234 sanabilis
788 3180 868 3247 “;
900 3182 1117 3237 etiamsi
1146 3182 1462 3253 bujusmodi
1486 3194 1692 3247 essent,
1718 3184 1854 3254 ipsis
1878 3185 2087 3255 prospi-

504 3274 657 3328 ciens
703 3271 847 3330 Deus
888 3275 1314 3345 transplantavit
1355 3292 1474 3341 eos,
1522 3277 1739 3333 radices
1785 3292 1973 3332 eorum
2017 3294 2085 3332 ex

507 3364 832 3436 Egyptiaco
861 3374 985 3421 satu
1015 3368 1253 3421 evellens
1273 3408 1287 3431 ,
1326 3368 1382 3421 in
1414 3368 1685 3439 aliamque
1730 3377 1934 3424 terram
1966 3369 2087 3439 pin-

504 3474 773 3528 guemque
826 3460 1003 3514 locum
1064 3459 1432 3525 transferens,
1484 3469 1543 3515 ut
1586 3462 1746 3516 docet
1790 3461 1962 3516 Isaias
2001 3462 2087 3517 his

504 3551 689 3606 verbis
722 3570 735 3605 :
780 3551 945 3605 Vinea
976 3552 1122 3621 facta
1150 3562 1228 3606 est
1264 3552 1455 3607 dilecto
1477 3554 1535 3605 in
1566 3570 1731 3607 cornu
1754 3553 1811 3607 in
1838 3553 1950 3608 loco
1970 3554 2089 3622 pin-

504 3647 613 3714 gui.
663 3643 730 3697 Et
777 3661 947 3712 sepem
991 3645 1376 3713 circumposui,
1416 3653 1466 3699 et
1504 3644 1719 3712 vallavi,
1760 3653 1811 3699 et
1849 3646 2088 3713 plantavi

504 3730 712 3791 vineam
758 3738 973 3793 Sorech.
1026 3737 1096 3791 Et
1127 3738 1387 3806 aediﬁcavi
1430 3740 1620 3791 turrim
1661 3739 1719 3792 in
1753 3738 1924 3792 medio
1949 3739 2084 3808 ejus,

504 3839 555 3883 et
593 3830 927 3898 protorcular
960 3830 1073 3899 fodi
1102 3832 1155 3884 in
1181 3847 1244 3885 ea
1260 3832 1326 3884 τ’.
1352 3831 1417 3884 Εῐ
1440 3847 1573 3886 sane
1602 3848 1727 3886 cum
1758 3833 1812 3886 in
1836 3833 2087 3903 pinguio-

504 3938 621 3977 rem
662 3934 717 3977 et
749 3924 921 3978 multo
953 3924 1233 3978 meliorem
1281 3923 1519 3995 [Egypto
1562 3925 1839 3995 regionem
1892 3926 2089 3995 praedi-

505 4020 651 4067 ctam
693 4014 909 4068 vineam
961 4015 1363 4081 transtulisset,
1400 4031 1521 4072 eam
1555 4016 1629 4071 ibi
1663 4017 1950 4088 plantavit.
1984 4016 2085 4071 De-

506 4102 656 4165 inde,
684 4111 872 4173 utpote
921 4106 1162 4174 optimus
1193 4106 1455 4174 agritcla,
1500 4118 1625 4177 post
1666 4108 1899 4177 primam
1940 4108 2085 4161 illam

506 4195 950 4261 translationem,
990 4196 1101 4251 dux
1132 4196 1346 4254 itineris
1376 4197 1479 4252 fuit
1509 4215 1565 4252 In
1603 4207 1902 4270 conspectu
1942 4199 2083 4268 ejus,

507 4284 802 4342 fruticibus
844 4288 1063 4354 amotis,
1102 4291 1360 4360 omnique
1399 4291 1575 4345 aliena
1612 4293 1838 4346 materia
1879 4292 2085 4355 excisa,

507 4385 571 4431 ut
599 4377 703 4448 ipsi
739 4380 925 4437 nullus
969 4381 1108 4436 obex
1134 4382 1200 4436 ad
1233 4381 1509 4436 fructuum
1543 4384 1893 4439 emissionem
1925 4385 2086 4440 ades-

507 4479 611 4527 set.
657 4470 763 4527 Pro
793 4473 886 4526 illo
912 4481 1113 4539 autem,
1146 4474 1265 4528 Dux
1298 4477 1503 4529 itineris
1536 4476 1688 4545 fuisti
1725 4478 1781 4529 in
1811 4486 2087 4544 conspectu

2186 1993 2266 2053 είς
2298 1991 2356 2043 τὸ
2390 1992 2679 2061 ἐπιϐλέψαι
2710 1992 2895 2054 κακῶς
2929 1992 3227 2062 πράττουσι
3256 1993 3369 2054 τοῖς
3404 1990 3611 2044 ἐκείνου
3636 1979 3770 2045 ἀπὸ-

2184 2086 2379 2153 γόνοις.
2418 2085 2514 2154 Είη
2548 2086 2593 2138 δ’
2622 2085 2687 2138 ἂν
2728 2084 2943 2155 Ἰσραὴλ
2989 2086 3082 2138 καὶ
3112 2086 3260 2137 πᾶσα
3299 2082 3582 2155 διορατικὴ
3624 2083 3771 2154 ψυχὴ

2188 2175 2291 2227 ὑπὸ
2334 2174 2427 2227 τοῦ
2472 2174 2636 2227 καλοῦ
2676 2174 2932 2245 ποιμένος
2973 2174 3061 2227 διὰ
3102 2174 3302 2238 παντὸς
3348 2172 3765 2244 ποιμαινομένη.

2186 2266 2413 2335 Λεχθείη
2447 2266 2489 2318 δ’
2532 2265 2597 2319 ἂν
2632 2267 2724 2318 καὶ
2757 2265 2999 2336 ἄμπελος
3042 2265 3178 2318 Θεοῦ
3224 2267 3257 2336 ἡ
3308 2265 3405 2335 τὴν
3444 2264 3628 2317 εἰκόνα
3666 2264 3769 2316 σώ-

2187 2356 2352 2419 ζουσα
2395 2356 2489 2408 τοῦ
2520 2359 2791 2426 φήσαντος
2834 2359 2891 2410 ἐν
2939 2358 3327 2426 Εὐαγγελίοις·
3380 2356 3523 2426 Ἐγώ
3563 2359 3679 2426 ειμι
3726 2356 3768 2424 ή

2186 2444 2453 2511 ἄμπελος
2488 2446 2525 2512 ἡ
2576 2448 2850 2515 ἀληθινή.
2898 2449 2965 2501 'H
2998 2448 3040 2501 δ’
3071 2447 3131 2513 ἐξ
3162 2447 3439 2516 Αἰγύπτου
3487 2464 3769 2518 μετενηνε-

2187 2536 2361 2606 γμένη
2416 2538 2658 2608 ἄμπελος
2726 2543 2758 2611 ή
2816 2541 3064 2594 παθοῦσα
3120 2542 3453 2615 διαστροφὴν
3514 2542 3769 2613 τυγχάνει

2186 2630 2375 2701 ψυχή·
2418 2634 2600 2695 ὁποῖος
2640 2633 2860 2701 γέγονεν
2914 2637 2942 2688 6
3002 2635 3271 2690 Ἰουδαίων
3320 2635 3448 2701 λαὸς
3493 2633 3763 2689 εἰδωλολα-

2187 2724 2396 2793 τρήσας
2449 2728 2505 2778 ἐν
2553 2725 2811 2796 Αἰγύπτῳ
2864 2730 3092 2799 μακροῖς
3142 2727 3375 2799 χρόνοις,
3426 2728 3656 2799 μικρούς
3703 2743 3765 2781 τε

2187 2817 2655 2887 προενεγκάμενος
2702 2820 2944 2889 καρποὺς
2984 2819 3059 2883 ὡς
3109 2822 3378 2892 μαρτυρεί
3424 2820 3667 2891 Μωῡσῆς
3710 2821 3767 2873 ἐν

2191 2910 2397 2981 μεγάλῃ
2424 2911 2533 2981 ᾠδῇ
2550 2911 2774 2982 γράφων
2800 2912 2971 2965 ταῦτα
2992 2913 3119 2983 περὶ
3142 2912 3317 2966 αὐτῶν
3336 2929 3351 2943 ·
3393 2912 3496 2967 Ἐκ
3521 2913 3632 2983 γὰρ
3658 2914 3766 2983 ἀμ-

2190 3003 2379 3056 πέλου
2412 3004 2689 3072 Σοδόμων
2718 3005 2754 3070 ἡ
2786 3005 3052 3073 ἄμπελος
3078 3005 3297 3072 αὐτῶν,
3328 3006 3430 3059 καὶ
3472 3008 3511 3076 ἡ
3539 3010 3765 3075 κλημα-

2192 3094 2281 3159 τίς
2312 3094 2511 3148 αὐτῶν
2534 3096 2602 3149 ἐκ
2636 3098 2958 3166 Γομόῤῥιις.
3006 3099 3068 3153 Ἡ
3094 3098 3381 3167 σταφυλὴ
3410 3098 3610 3153 αὐτῶν
3631 3112 3766 3152 στα-

2192 3185 2357 3253 φυλὴ
2393 3185 2603 3254 χολῆς,
2633 3188 2859 3253 βότρυς
2892 3170 3143 3255 πικρίας
3173 3187 3391 3244 αὐτῶν.
3418 3188 3617 3257 Θυμὸς
3635 3186 3767 3255 δρα-

2191 3278 2421 3329 κόντων
2454 3281 2485 3330 ό
2518 3274 2679 3343 οἶνος
2710 3278 2926 3342 αὐτῶν,
2963 3280 3059 3331 καὶ
3089 3279 3275 3348 θυμὸς
3296 3278 3571 3334 ἀσπίδων
3600 3280 3765 3333 ἀνία-

2189 3386 2291 3434 τος
2313 3386 2327 3397 ·
2364 3370 2497 3422 ἀλλὰ
2523 3370 2629 3440 γὰρ
2660 3370 2753 3422 καὶ
2783 3369 2955 3434 οὕτως
2984 3370 3206 3440 ἔχοντας
3238 3371 3435 3434 αὐτοὺς
3465 3370 3762 3441 ἐπισκεψά·

2193 3479 2351 3532 μενος
2405 3464 2433 3515 6
2489 3463 2619 3524 Θεὸς
2678 3462 3092 3532 μετεφῦτευσεν,
3147 3461 3452 3534 ἐκριζώσας
3510 3464 3611 3534 μὲν
3671 3465 3764 3534 τῆς

2190 3553 2564 3623 Αἰγυπτιακῆς
2612 3554 2917 3623 συμφυΐας,
2960 3554 3372 3624 μεταφυτεύσας
3410 3554 3468 3607 δὲ
3507 3557 3567 3608 ἐν
3609 3556 3767 3626 ἐτέρᾳ

2190 3641 2343 3713 χώρᾳ
2378 3641 2471 3694 καὶ
2506 3641 2856 3711 τόπῳνπίονι,
2887 3641 2963 3706 ὡς
3007 3641 3246 3695 διδάσκει
3289 3641 3463 3710 λέγων
3506 3640 3763 3705 Ἡσαΐαςο

2202 3734 2499 3803 Ἆμπελὼν
2532 3734 2781 3803 ἐγενήθη
2818 3733 2899 3799 τῷ
2931 3733 3294 3803 ἠγαπημένῳ
3340 3735 3410 3788 ἐν
3452 3734 3651 3803 κέρατι
3698 3733 3766 3787 ἐν

2188 3830 2348 3889 τόπῳ
2386 3828 2569 3879 πίονι.
2604 3826 2711 3879 Καὶ
2745 3826 3017 3895 φραγμὸν
3044 3826 3388 3894 περιέθηκα,
3425 3826 3525 3882 καὶ
3554 3823 3769 3895 ἐχαρά-

2186 3936 2375 3985 κωσα,
2411 3920 2507 3973 καὶ
2546 3920 2850 3988 ἐφύτευσα
2876 3918 3150 3987 ἄμπελον
3194 3918 3423 3987 Σαφήχ.
3463 3919 3575 3973 Kal
3619 3919 3765 3985 ᾠκο-

2188 4011 2424 4078 δόμησα
2469 4012 2698 4080 πύργον
2734 4011 2804 4063 ἐν
2840 4011 3009 4080 μέσῳ
3039 4010 3248 4077 αὑτοῦ,
3292 4010 3391 4064 καὶ
3441 4009 3768 4079 προλήνιον

2187 4103 2386 4169 ὼρυξα
2431 4103 2501 4155 ἐν
2539 4101 2719 4166 αὐτῷ.
2750 4102 2859 4155 Καὶ
2902 4102 2965 4173 δὴ
3014 4104 3071 4156 ἐν
3104 4103 3256 4172 τόπῳ
3310 4102 3454 4155 πίονι
3507 4102 3602 4155 καὶ
3633 4099 3765 4153 πολὺ

2189 4195 2455 4265 κρείττονι
2478 4196 2575 4265 τῆς
2622 4194 2897 4261 Αἰγύπτου
2933 4193 3115 4265 χώρας
3148 4194 3474 4265 μεταγαγὼν
3502 4194 3600 4265 τὴν
3636 4210 3767 4265 προ-

2189 4286 2466 4355 λεχθεῖσαν
2499 4288 2740 4357 ἄμπελον
2771 4287 3189 4355 κατεφύτευσεν.
3223 4284 3359 4353 Εἶθ’,
3395 4280 3484 4340 οἷα
3523 4286 3767 4359 γεωργὸς

2188 4379 2428 4449 ἄριστος,
2463 4380 2601 4450 μετὰ
2629 4380 2725 4450 τὴν
2745 4379 2965 4453 πρώτην
2996 4382 3450 4453 μεταμόσχευσιν,
3468 4380 3765 4449 ὡδοποίησε

2190 4472 2498 4541 ἔμπροσθεν
2544 4472 2734 4541 αὐτῆς,
2776 4451 2885 4524 πᾶν
2928 4472 2988 4525 τὸ
3033 4451 3319 4541 βλαστικὺν
3361 4471 3763 4533 άποσκευάσας,

504 4565 641 4634 ejus,
676 4564 1060 4637 Symmachus,
1090 4569 1349 4622 Amovisti
1377 4570 1431 4621 in
1455 4578 1732 4637 conspectu
1749 4569 1886 4637 ejus,
1911 4569 2083 4622 inter-

2190 4566 2281 4618 καὶ
2307 4567 2486 4618 πᾶσαν
2516 4564 2797 4637 ἀλλοτρίαν
2821 4564 2951 4635 ὓλην
2970 4564 3237 4635 ἐκτεμὼν,
3264 4565 3339 4629 ὡς
3372 4565 3445 4635 μή
3468 4582 3520 4617 τι
3542 4563 3767 4634 κώλυμα

507 4663 753 4727 pretatus
786 4665 890 4713 est.
936 4657 1142 4714 Deinde
1176 4659 1480 4729 subjungit,
1514 4660 1760 4714 radicare
1790 4660 1962 4729 fecisti
1993 4678 2083 4714 ra-

2188 4656 2437 4726 ἐμποδὼν
2470 4658 2607 4727 αὑτῇ
2634 4657 2843 4724 γένοιτο
2871 4657 3006 4728 πρὸς
3028 4656 3125 4728 τὴν
3150 4656 3258 4709 τῶν
3283 4656 3512 4728 καρπῶν
3537 4657 3764 4726 ἐκφυήν.

506 4750 646 4805 dices
667 4750 804 4816 eius.
845 4750 984 4805 Cum
1010 4758 1163 4805 tanta
1198 4750 1293 4831 Dei
1318 4750 1480 4805 Verbi
1513 4766 1647 4804 cura
1680 4761 1979 4805 memorata
2000 4751 2083 4805 vi-

2203 4751 2346 4803 ’Λντὶ
2386 4750 2442 4802 δὲ
2487 4748 2612 4802 τοῦ·
2658 4749 3052 4816 Ὠδοποίησας
3095 4750 3437 4818 ἔμπροσθεν
3479 4748 3705 4817 αὐτῆς,
3735 4748 3767 4801 6

509 4857 611 4895 nea
659 4841 880 4912 dignata
931 4840 1117 4907 fuerit,
1166 4842 1293 4912 jure
1341 4842 1585 4912 implevit
1628 4851 1852 4905 terram,
1900 4842 1975 4895 ita
2024 4852 2080 4898 ut

2190 4841 2514 4911 Σύμμαχος·
2557 4841 2999 4905 Ἁπεσκεύασας
3043 4839 3386 4908 ἔμπροσθεν
3426 4839 3641 4907 αὐτῆς,
3666 4840 3764 4909 ἡρ-

507 4941 721 4989 montes
754 4933 972 5005 quidem
1020 4934 1382 4997 inumbraret,
1426 4934 1621 4989 cedros
1663 4949 1792 4988 vero
1842 4935 2082 4990 arbustis

2187 4935 2473 5003 μήνευσεν.
2512 4929 2624 4986 Εἶτ’
2648 4934 2917 5003 ἐπήγαγε,
2967 4932 3065 4985 καὶ
3102 4929 3523 5000 ἐριζοϐόλησας
3550 4931 3657 4997 τὰς
3674 4932 3765 4999 ῥί-

505 5027 624 5081 suis
652 5026 889 5096 Operiret
920 5025 1109 5097 (Vsus.
1144 5026 1253 5099 Η),
1278 5026 1529 5097 palmites
1561 5027 1879 5082 extenderet
1909 5043 2083 5097 usque

505 5120 574 5172 ad
597 5133 767 5183 mare,
790 5127 845 5173 et
865 5134 1039 5189 usque
1059 5119 1127 5173 ad
1149 5119 1374 5174 ﬂumina
1396 5119 1727 5189 propagines
1751 5118 1941 5188 (Vsus.
1968 5119 2078 5177 12).

507 5210 643 5277 "ch_
671 5212 854 5266 omnia
896 5213 999 5282 ipsi
1047 5221 1368 5268 evenerunt.
1418 5213 1484 5266 Et
1526 5213 1656 5282 quia
1689 5220 1769 5267 tot
1804 5215 2083 5284 tantisque

506 5302 707 5357 donata
741 5309 854 5365 est,
886 5304 1012 5373 jure
1042 5319 1224 5359 sermo
1253 5303 1513 5375 precandi
1543 5304 1653 5358 ritu
1685 5304 1831 5357 hunc
1863 5303 2081 5373 agrico-

508 5393 614 5445 lam
647 5407 985 5459 memorans,
1021 5395 1109 5451 his
1136 5411 1260 5451 eum
1293 5407 1452 5467 rogat
1478 5402 1533 5449 et
1575 5395 1865 5465 compellat
1895 5414 1908 5449 :
1946 5395 2081 5461 Quia

505 5490 659 5538 tanta
693 5487 1037 5555 providentia
1067 5496 1122 5545 et
1142 5505 1274 5543 cura
1301 5489 1614 5559 praedictam
1647 5487 1864 5542 vineam
1892 5487 2083 5557 digna-

507 5582 599 5629 tus
627 5593 709 5638 es.
739 5594 839 5647 pro
860 5580 1208 5636 humanitate
1237 5590 1291 5637 et
1320 5582 1493 5651 gratia
1534 5589 1627 5634 tua
1669 5580 1781 5635 haec
1809 5580 1992 5634 omnia
2026 5582 2079 5634 in

510 5664 609 5743 illa
634 5678 922 5737 operatus;
960 5670 1084 5741 quis
1118 5687 1224 5725 nou
1257 5670 1312 5725 in
1357 5671 1753 5727 hmsitatiouem
1779 5677 1833 5725 et
1855 5669 2078 5725 dubium

578 5840 623 5875 ⁶⁹
660 5839 802 5897 Psal.
847 5859 918 5899 iv.
958 5845 1006 5900 7.
1089 5847 1131 5880 το
1171 5844 1325 5904 Joan.
1368 5865 1452 5917 xv,
1494 5849 1541 5905 l.

1621 5853 1661 5885 τι
1707 5849 1861 5911 Deut.
1904 5869 2085 5921 xxxn,
2125 5855 2211 5909 3:3.

2184 5024 2279 5091 ζας
2316 5024 2526 5093 αὐτῆς.
2558 5026 2823 5096 Τοιαύτης
2856 5026 2899 5077 δ’
2942 5024 3260 5094 ἐπιμελείας
3309 5024 3460 5095 παρὰ
3501 5023 3598 5076 τοῦ
3631 5022 3764 5076 Θεοῦ

2182 5119 2355 5186 Λόγου
2384 5118 2621 5189 τυχοῦσα
2652 5121 2685 5188 ὴ
2718 5118 3017 5190 δηλωθεῖσα
3045 5118 3307 5188 ἄμπελος,
3342 5116 3567 5181 εἰκότως
3599 5116 3764 5187 ἐπλή-

2186 5229 2325 5281 ρωσε
2358 5212 2457 5283 τὴν
2488 5212 2613 5282 γῆν,
2656 5212 2731 5275 ὼς
2764 5212 2865 5282 ὅρη
2916 5211 3014 5281 μὲν
3066 5210 3403 5271 ἐπισκιάσαι,
3453 5208 3677 5278 κέδρους
3708 5206 3763 5258 δὲ

2184 5303 2420 5372 καλύψαι
2458 5306 2577 5367 ταῖς
2622 5304 2792 5374 αὐτῆς
2844 5302 3251 5373 ἀναδενδράσιν,
3306 5302 3543 5353 ἐκτεῖναι
3591 5300 3648 5353 δὲ
3696 5299 3764 5353 τὰ

2185 5396 2439 5467 κλήματα
2472 5396 2574 5459 ἕως
2609 5395 2903 5465 θαλάσσης,
2932 5395 3027 5448 καὶ
3049 5394 3148 5458 τὰς
3178 5393 3385 5463 φυάδας
3412 5393 3574 5463 μέχρι
3598 5407 3765 5447 ποτα-

2189 5491 2321 5560 μῶν.
2348 5490 2533 5543 Ταῦτα
2560 5490 2735 5542 πάντα
2774 5489 3016 5561 ὑπῆρξεν
3044 5489 3203 5557 αὐτῇ.
3231 5487 3340 5540 Καὶ
3367 5485 3551 5556 ἐπειδὴ
3576 5484 3765 5539 τοσού-

2182 5597 2289 5631 των
2312 5580 2539 5650 ἠξιώθη,
2570 5581 2793 5643 εἰκότως
2825 5584 2852 5634 6
2886 5581 3040 5649 λόγος
3065 5581 3139 5643 ὡς
3171 5580 3229 5632 ἐν
3256 5578 3387 5649 εὐχῇ
3420 5576 3607 5629 τοῦτον
3633 5577 3763 5630 ὑπο-

2186 5675 2391 5743 μνήσας
2426 5673 2513 5725 τὸν
2546 5675 2807 5745 γεωργὸν,
2834 5676 3073 5730 δυσωπεῖ
3103 5672 3191 5741 διὰ
3221 5673 3317 5743 τῆς
3354 5669 3631 5743 ἱκετηρίας
3672 5670 3761 5724 καί

2269 5856 2336 5929 ,τι
2378 5851 2479 5910 m.
2525 5872 2577 5920 ν,
2620 5854 2667 5907 Δι.
