4092 6404
389 433 489 489 961

1561 420 2063 480 COMMENTABIA
2101 418 2170 475 IN
2206 416 2546 475 PSALMOS.

3548 412 3653 469 962

395 570 527 623 φησι
584 551 719 624 πρὸς
767 548 967 606 αὐτόν·
1024 548 1242 620 Ἐπειδὴ
1298 548 1569 619 τοσαύτης
1632 546 1973 618 κατηξίωσας

2099 542 2325 597 ncidens
2372 540 2476 593 hoc
2508 539 2812 608 perquirat,
2851 536 3039 609 (Vens.
3082 532 3172 604 15)
3208 529 3402 601 thuid
3437 530 3651 585 destru-

396 644 652 717 προνοίας
687 645 781 697 καὶ
806 643 1120 715 ἐπιμελείας
1144 643 1243 713 τὴν
1272 642 1569 714 εἰρημένην
1596 641 1857 711 ἄμπελον,
1893 658 1972 708 φι-

396 737 712 808 λανθρωπία
742 738 835 789 καὶ
859 737 1040 807 χάριτι
1080 737 1256 790 πάντα
1286 734 1460 789 ταῦτα
1498 735 1578 797 εἰς
1604 734 1773 804 αὐτὴν
1805 733 1971 786 ἐνδει-

398 829 648 899 ξάμενος,
678 828 765 891 τίς
783 828 883 881 οὐκ
907 827 972 881 ἂν
999 829 1369 899 ἀμηχανήσειε
1398 827 1490 880 καὶ
1513 828 1591 890 είς
1619 826 1849 898 ἀπορίαν
1878 828 1973 895 ἐμ-

398 922 554 974 πέσοι
579 920 779 992 ζητῶν,
809 920 984 974 Ἰνατι
1030 918 1305 985 καθεῖλες
1336 920 1444 971 τὸν
1466 917 1737 987 φραγμὸν
1762 916 1973 987 αὐτῆς,

398 1014 731 1067 καταπατεῖν
759 1030 821 1066 τε
848 1011 1017 1081 αὐτὴν
1052 1012 1224 1065 ἆπασι
1255 1012 1366 1072 τοῖς
1399 1009 1638 1063 ἐθέλουσι
1677 1007 1977 1081 συνεχώρη-

400 1124 499 1169 σας
524 1125 536 1136 ·
568 1106 643 1170 ὡς
666 1106 874 1177 τρυγᾷν
900 1104 1068 1175 αὐτὴν
1100 1105 1225 1166 τοὺς
1254 1101 1627 1173 βουλομένους,
1661 1100 1886 1173 μηδενός
1916 1117 1976 1152 τε

401 1196 879 1268 περιφράττοντος,
910 1192 1038 1246 ποτὲ
1071 1192 1168 1263 μὲν
1200 1186 1264 1246 ὗν
1291 1193 1355 1245 ὲκ
1382 1190 1588 1262 δρυμοῦ
1622 1189 1977 1261 λυμαίνεσθαι

401 1288 587 1359 αὐτὴν,
618 1287 804 1341 ἄλλοτε
828 1286 884 1339 δέ
914 1285 1094 1357 μονιὸν
1116 1284 1304 1355 ἄγριον
1327 1282 1760 1337 καταϐόσκεσθαι
1785 1282 1976 1352 αὐτήν;

414 1379 571 1432 Ἀλλά
602 1378 709 1450 γὰρ
743 1377 879 1450 πρὸς
907 1376 1113 1447 ταύτην
1133 1376 1231 1445 τὴν
1257 1375 1596 1447 ἐπαπόρησιν
1624 1373 1978 1446 ἀποκρίνεται

401 1468 489 1522 διὰ
524 1469 748 1521 Ἡσαΐου
797 1466 890 1520 τοῦ
932 1466 1234 1537 προφήτου,
1269 1463 1457 1533 ὥσπερ
1487 1461 1922 1533 ἀπολογούμενος
1951 1463 1981 1513 ὁ

402 1561 665 1634 γεωργὸς,
718 1559 813 1613 καὶ
862 1558 959 1629 τὴν
1009 1556 1187 1611 αἰτίαν
1241 1554 1540 1627 παρίστησι
1582 1555 1787 1624 λέγων’
1824 1557 1981 1609 Διότι

404 1655 609 1723 ἔμεινα
641 1654 741 1705 ἵνα
773 1651 999 1720 ποιήσῃ
1046 1650 1395 1719 σταφυλὴν,
1427 1648 1677 1715 ἐποίησε
1704 1647 1772 1700 δὲ
1799 1646 1981 1702 ἀκάν-

405 1750 543 1810 θας·
581 1743 678 1797 καὶ
716 1744 789 1797 οὐ
821 1741 1237 1809 δικαιοσύνην,
1273 1739 1435 1799 ἀλλά
1467 1738 1758 1809 κραυγήν.
1796 1738 1982 1791 Ταῦτα

404 1836 449 1889 δ’
499 1837 579 1889 ὅτι
620 1833 750 1905 περὶ
795 1832 889 1885 τοῦ
935 1832 1201 1885 Ἰουδαίων
1234 1831 1482 1884 λέλεκται
1514 1830 1667 1893 λαοῦ,
1708 1830 1879 1893 οὐδεὶς
1915 1828 1982 1882 ἂν

2072 634 2202 687 misti
2235 632 2521 686 maceriam
2552 631 2688 699 ejus,
2724 637 2783 685 et.
2815 645 2934 685 eam
2966 627 3222 682 omnibus
3256 624 3510 695 gentibus
3541 627 3655 678 cal-

2074 725 2306 780 caudam
2336 723 2652 793 praebuisti;
2686 724 2761 775 ita
2790 730 2850 777 ut
2886 722 3101 776 nemine
3137 717 3651 778 circummunicnte,

2075 816 2275 885 cuique
2299 814 2503 868 volentl
2539 812 2714 882 ipsam
2756 810 3097 865 vindemiare
3137 808 3336 872 liceat;
3382 821 3447 861 ac
3488 806 3655 861 modo

2076 922 2209 977 aper
2234 906 2302 960 de
2331 905 2467 960 silva
2495 903 2830 974 pessumdet,
2861 901 3022 955 modo
3052 899 3350 969 singularis
3376 897 3530 953 ferus
3559 898 3656 952 dc-

2075 1007 2267 1071 pascat
2299 998 2483 1053 illam?
2532 996 2734 1053 Verum
2789 996 2919 1051 huic
2962 995 3129 1050 dubio
3160 1009 3258 1064 per
3296 993 3492 1048 Isaiam
3527 1008 3655 1064 pro-

2078 1093 2296 1161 phetam
2319 1090 2616 1159 respondet
2646 1088 2911 1159 agricola,
2939 1087 3095 1156 quasi
3121 1088 3207 1140 sui
3236 1085 3504 1155 purgandi
3530 1100 3657 1154 gra-

2078 1185 2175 1248 tia,
2226 1182 2496 1252 hujusque
2541 1182 2619 1236 rei
2653 1195 2873 1236 causam
2907 1180 2993 1234 his
3021 1179 3203 1234 verbis
3232 1177 3437 1247 profert
3470 1197 3482 1231 :
3517 1176 3657 1242 Quia

2078 1274 2370 1342 exspectavi
2408 1281 2467 1325 ut
2515 1272 2709 1342 faceret
2750 1286 2926 1335 uvam,
2973 1268 3092 1337 fecit
3131 1275 3303 1321 autem
3351 1266 3559 1335 spinas,
3607 1274 3657 1318 et

2080 1383 2184 1421 non
2218 1365 2512 1434 justitiam,
2558 1362 2648 1417 sed
2688 1362 2972 1416 clamorem
2994 1361 3060 1412 ⁷³.
3109 1358 3237 1413 Haec
3266 1372 3432 1428 porro
3461 1358 3529 1410 de
3563 1354 3660 1409 Ju-

2081 1455 2239 1509 daico
2286 1455 2489 1525 populo
2534 1454 2679 1508 dicta
2727 1468 2849 1508 esse
2900 1466 3062 1506 nemo
3110 1448 3461 1505 dubitaverit.
3508 1446 3657 1513 Quo-

2082 1546 2247 1600 modo
2272 1553 2454 1600 autem
2483 1546 2679 1600 umbra
2705 1544 2879 1599 vinea:
2911 1550 3128 1597 montes
3174 1540 3454 1611 Operuerit
3498 1538 3658 1592 intel-

2083 1637 2240 1707 liges,
2291 1635 2339 1690 si
2386 1634 2694 1705 perpendas
2738 1648 2862 1688 cum
2908 1634 2996 1689 lex
3044 1632 3354 1687 futurorum
3390 1630 3657 1683 bonorum

2084 1729 2358 1792 umbram,
2404 1741 2516 1782 non
2560 1734 2745 1782 autem
2790 1726 2964 1796 ipsam
3012 1739 3196 1800 rerum
3229 1722 3522 1791 imaginem
3562 1721 3659 1773 ba—

2066 1817 2248 1885 ‘beat;
2276 1832 2396 1873 eam
2430 1818 2594 1872 modo
2631 1817 2688 1871 in
2728 1825 2914 1871 monte
2948 1815 3084 1879 Silo,
3116 1815 3208 1868 ubi
3234 1816 3389 1883 prius
3415 1820 3657 1867 erectum

406 1892 722 1998 ἀμφιῦάλοί.
768 1925 1000 1995 Νοήσεις
1044 1923 1105 1977 δὲ
1155 1924 1303 1987 ὅπως
1334 1923 1602 1993 ἐκάλυψεν
1641 1922 1742 1994 ὄρη
1776 1924 1811 1995 ή
1856 1892 1981 1975 σκιά

2092 1911 2261 1967 fuerat
2305 1910 2756 1975 tabernaculum;
2804 1907 2967 1963 modo
3010 1909 3066 1962 in
3109 1914 3295 1961 monte
3343 1904 3477 1959 Sion
3522 1914 3576 1960 et
3604 1906 3659 1959 in

407 2021 505 2091 τῆς
532 2017 796 2089 ἀμπέλου,
833 2015 1151 2085 ἐπιστήσας,
1178 2015 1255 2078 ὡς
1289 2015 1448 2068 σκιὰν
1472 2014 1610 2085 έχων
1633 2016 1663 2067 ό
1688 2015 1850 2085 νόμος
1876 2014 1984 2068 τῶν

411 2109 708 2180 μελλόντων
738 2105 978 2175 ἀγαθῶν,
1024 2106 1125 2158 οὐκ
1152 2105 1322 2176 αὐτὴν
1361 2106 1462 2176 τὴν
1493 2105 1673 2158 εἰκόνα
1704 2104 1815 2159 τῶν
1845 2122 1985 2176 πρα-

410 2202 656 2271 γμάτων,
688 2199 818 2253 ποτὲ
855 2196 952 2268 μὲν
982 2198 1073 2249 ἐπὶ
1099 2195 1193 2249 τοῦ
1233 2197 1395 2268 ὅρους
1430 2197 1763 2250 συνετελεϊτο
1798 2196 1893 2249 τοῦ
1926 2196 1987 2249 ἐν

410 2292 627 2363 Σηλὼμ,
661 2292 788 2344 ἔνθα
829 2293 890 2345 τὸ
932 2292 1192 2363 πρότερον
1238 2290 1418 2362 ἵδρυτο
1449 2292 1483 2362 ή
1532 2290 1724 2360 σκηνὴ,
1772 2290 1900 2342 ποτὲ
1930 2290 1987 2343 δὲ

412 2384 505 2437 ἐπὶ
542 2385 635 2437 τοῦ
659 2383 796 2438 Σιὼν
821 2385 981 2458 ὅρους
1009 2385 1102 2439 καὶ
1128 2384 1229 2455 τῆς
1261 2384 1633 2455 Ἰερουσαλὴμ,
1658 2384 1752 2437 καὶ
1777 2385 1833 2436 αἱ
1862 2385 1989 2437 ἀνα-

412 2472 690 2546 δενδράδες
726 2474 783 2528 δὲ
811 2475 979 2545 αὐτῆς
1011 2474 1286 2544 ἐκάλυψαν
1313 2473 1411 2535 τὰς
1444 2474 1665 2544 κέδρους
1704 2472 1798 2527 τοῦ
1828 2473 1985 2528 Θεοῦ.

415 2564 581 2629 Τίνας
605 2564 649 2617 δ’
682 2565 748 2619 ἂν
781 2566 957 2629 εῐποις
984 2565 1083 2629 τάς
1107 2565 1501 2635 ἀναδενδράδας
1527 2564 1627 2634 τῆς
1657 2564 1920 2635 ἀμπέλου,
1955 2564 1988 2635 ἢ

400 2655 515 2720 ’τὰς
540 2658 881 2727 προφητικάς
911 2657 1089 2728 ψυχὰς
1117 2657 1214 2711 καὶ
1244 2657 1371 2719 τοὺς
1404 2658 1461 2709 ἐν
1489 2656 1568 2726 τῷ
1595 2656 1848 2728 προτέρῳ
1877 2656 1990 2727 λαῷ

418 2752 496 2812 είς
522 2748 655 2819 (rapo;
678 2750 1039 2821 ἐπηρμένους,
1060 2748 1195 2803 Θεοῦ
1217 2766 1277 2802 τε
1298 2746 1462 2814 ἀξίως
1482 2748 1989 2819 πολιτευσαμένους,

417 2843 467 2895 οἳ
498 2844 589 2895 καὶ
614 2842 707 2895 ἐπὶ
749 2843 846 2907 τὰς
891 2843 1116 2915 κέδρους
1157 2841 1249 2895 τοῦ
1280 2840 1416 2893 Θεοῦ
1463 2839 1865 2905 διανεπαύοντο,
1895 2840 1993 2903 τὰς

418 2934 676 3004 δυνάμεις
707 2934 770 3005 δὴ
797 2934 892 2997 τάς
918 2934 1181 3005 ἀοράτους
1209 2934 1303 2986 καὶ
1331 2934 1513 2996 θείας;
1539 2932 1714 3004 Μέχρι
1737 2932 1845 3005 γὰρ
1872 2932 1995 2986 τού-

420 3042 527 3077 των
558 3025 885 3097 ἐξετάθησαν
912 3024 969 3077 αἱ
998 3025 1365 3096 διαπρέψασαι
1399 3026 1457 3078 ὲν
1498 3023 1576 3094 τῷ
1605 3026 1853 3096 προτέρῳ
1882 3024 1994 3096 λαῷ

419 3115 609 3186 ψυχαὶ,
635 3116 709 3180 ὡς
750 3118 844 3169 καὶ
874 3116 1189 3188 Πνεύματος
1223 3117 1379 3185 ἁγίου
1426 3118 1694 3187 μετέχειν,
1741 3116 1836 3170 καὶ
1869 3118 1995 3181 τοὺς

420 3210 665 3279 καρποὺς
713 3209 972 3262 ἐκτείνειν
1014 3210 1173 3281 μέχρι
1216 3211 1316 3281 τῆς
1347 3211 1643 3280 ἀγγελικῆς
1684 3211 1991 3281 δυνάμεως.

422 3301 503 3353 Τά
532 3301 587 3353 δὲ
616 3302 871 3371 κλήματα
899 3302 997 3372 τῆς
1021 3302 1288 3372 ἀμπέλου,
1318 3302 1483 3373 ἕτερα
1525 3302 1657 3356 ὄντα
1704 3304 1855 3373 παρά
1893 3304 1995 3374 τὴν

425 3393 580 3446 σκιάν
612 3394 704 3445 καὶ
739 3393 889 3464 παρὰ
916 3394 1013 3457 τάς
1056 3395 1471 3466 ἀναδενδράδας,
1508 3396 1734 3468 ἐξετάθη
1767 3397 1870 3461 ἕως
1899 3396 1995 3451 θα-

422 3486 647 3555 λάσσης.
684 3485 743 3537 '0
771 3485 827 3537 δὲ
858 3485 1154 3555 Σύμμαχος
1186 3486 1307 3539 ἀντὶ
1340 3484 1454 3552 τοῦ,
1481 3488 1551 3540 τὰ
1575 3487 1866 3555 κλήματα,
1888 3487 1995 3553 τὰς

424 3576 633 3645 χαίτας
678 3574 889 3643 αὐτῆς,
941 3576 1125 3646 φησιν,
1175 3575 1470 3640 ἐξέτεινεν
1504 3577 1614 3643 ἕως
1657 3578 1992 3645 θαλάσσης.

426 3663 549 3721 Εἶεν
576 3667 621 3720 δ’
646 3666 711 3720 ἂν
736 3669 918 3737 χαῖται
952 3668 1044 3721 καὶ
1072 3668 1257 3738 κόμαι,
1285 3667 1470 3741 ὥσπερ
1497 3669 1853 3740 ἀναρίθμητοι
1881 3669 1997 3741 τρί-

2084 2003 2390 2059 Jerusalem
2439 2002 2763 2072 completam
2805 2016 2947 2064 esse,
2978 2008 3034 2055 et
3062 2000 3287 2055 arbusta
3316 1999 3437 2068 ejus
3466 1998 3661 2054 cedros

2083 2094 2179 2149 Dei
2203 2095 2511 2166 Operuisse.
2536 2092 2793 2159 Quaanam
2822 2108 2945 2147 esse
2971 2092 3143 2147 vineae
3172 2091 3396 2147 arbusta
3428 2090 3659 2153 discris,

2084 2187 2193 2243 nisi
2223 2187 2436 2241 animas
2464 2184 2835 2255 propheticus,
2873 2197 2938 2237 ac
2978 2198 3075 2237 eos
3108 2183 3203 2251 qui
3229 2183 3357 2236 olim
3391 2182 3444 2236 in
3479 2183 3662 2252 priore

2090 2279 2295 2350 populo
2323 2276 2695 2345 erigebantur,
2724 2282 2779 2329 et
2819 2274 2915 2344 qui
2960 2273 3123 2343 digne
3166 2272 3272 2327 Deo
3298 2272 3466 2327 vitam
3507 2274 3664 2327 insti-

2085 2378 2331 2435 tuerunt,
2363 2370 2457 2439 qui
2488 2369 2653 2424 etiam
2695 2368 2752 2422 in
2785 2367 2964 2423 cedris
2992 2366 3108 2433 Dei,
3141 2368 3194 2421 id
3220 2374 3326 2430 est,
3368 2368 3425 2421 in
3469 2368 3662 2422 invisi-

2086 2464 2288 2520 bilibus
2305 2462 2611 2531 divinisque
2631 2460 2945 2525 virtutibus,
2962 2460 3415 2530 requiescebant?
3438 2458 3578 2513 Nam
3596 2475 3663 2515 eo

2088 2572 2264 2626 usque
2294 2562 2562 2625 provecta:
2594 2561 2723 2610 sunt
2766 2554 2961 2606 animae
2996 2567 3119 2623 qua:
3146 2553 3202 2606 in
3233 2552 3416 2622 priore
3444 2552 3537 2605 illo
3565 2567 3660 2622 po-

2089 2650 2219 2720 pulo
2249 2654 2444 2703 ornate
2468 2653 2522 2701 et
2550 2646 2716 2716 probe
2740 2644 3015 2711 vixerunt,
3046 2654 3107 2699 ut
3134 2652 3188 2700 et
3215 2645 3454 2714 Spiritus
3486 2652 3661 2701 sancti

2090 2741 2385 2813 participes
2412 2746 2619 2801 essent,
2662 2746 2717 2793 et
2758 2753 2933 2807 usque
2960 2737 3028 2792 ad
3060 2738 3337 2809 angelicas
3367 2745 3664 2808 potestates

2092 2834 2308 2889 fructus
2339 2847 2471 2887 suos
2499 2829 2875 2885 extenderent.
2906 2828 3166 2885 Palmites
3192 2845 3355 2900 porro
3382 2830 3574 2897 vineae,
3596 2832 3665 2882 ab

2092 2927 2283 2981 umbra
2331 2941 2465 2981 sane
2509 2938 2722 2978 necnon
2766 2922 2836 2978 ab
2881 2923 3119 2979 arbustis
3169 2922 3392 2987 diversi,
3452 2925 3664 2977 extensi

2094 3027 2224 3076 sunt
2254 3033 2427 3089 usque
2458 3016 2525 3070 ad
2556 3031 2725 3071 mare.
2768 3014 3130 3087 Symmachus
3176 3022 3355 3069 autem
3401 3028 3503 3083 pro
3548 3014 3664 3077 illo,

2093 3114 2359 3184 palmites,
2402 3114 2563 3181 jubas
2603 3127 2750 3174 suas,
2796 3110 2893 3174 ait,
2930 3110 3161 3171 extendit
3200 3125 3361 3179 usque
3400 3108 3469 3161 ad
3498 3125 3663 3164 mare.

2096 3204 2249 3259 Iubar
2278 3210 2460 3258 autem
2491 3209 2545 3255 et
2576 3214 2768 3263 comae,
2816 3214 2917 3255 ceu
2961 3199 3235 3254 innumeri
3284 3200 3464 3268 capilli
3511 3211 3665 3266 sunt;

2101 3302 2217 3353 sive
2247 3296 2412 3350 etiam
2444 3293 2697 3364 palmites
2728 3293 2804 3347 illi
2851 3292 3198 3363 multiplicati
3243 3292 3545 3348 secundum
3587 3296 3669 3349 vi-

2101 3403 2217 3443 nea:
2248 3388 2580 3455 exemplum,
2622 3400 2851 3455 magnus
2886 3385 2975 3439 ille
3003 3384 3246 3439 Judaicae
3272 3386 3451 3454 gentis
3479 3402 3671 3441 nume-

2100 3496 2197 3535 rus
2228 3486 2335 3544 est,
2369 3478 2462 3547 qui
2502 3493 2635 3532 sane
2679 3486 2854 3532 totum
2904 3477 3184 3531 hominum
3234 3493 3407 3548 genus
3453 3480 3671 3548 replens

2103 3570 2348 3642 pervenit
2387 3585 2560 3640 usque
2593 3570 2660 3624 ad
2696 3584 2863 3623 mare.
2895 3569 3257 3635 Quamobrem
3286 3571 3341 3624 in
3374 3569 3513 3626 Osca
3545 3588 3671 3640 pro-

2102 3664 2264 3734 pheta
2291 3663 2496 3718 dictum
2525 3671 2608 3717 est
2640 3681 2655 3717 :
2688 3661 2759 3715 Et
2790 3671 2903 3716 erat
2938 3678 3186 3715 numerus
3230 3663 3468 3729 ﬁliorum
3500 3662 3673 3718 Israel

424 3777 538 3830 χες,
572 3759 607 3831 ἢ
635 3760 730 3813 καὶ
758 3759 1009 3830 κλήματα
1042 3759 1397 3831 πληθύνοντα,
1431 3760 1572 3814 κατά
1605 3759 1666 3813 τὸ
1690 3763 1788 3832 τῆς
1818 3760 1991 3831 ἀμπέ-

2101 3756 2255 3826 quasi
2284 3772 2446 3809 arena
2476 3755 2664 3821 maris,
2690 3771 2806 3824 qum
2824 3771 2928 3808 non
2955 3756 3349 3808 mensurabitur
3372 3765 3421 3809 et
3448 3772 3551 3810 non
3577 3773 3674 3810 nu-

425 3850 517 3902 λου
556 3849 924 3921 παράδειγμα,
951 3851 980 3902 ὁ
1008 3848 1172 3913 πολὺς
1213 3849 1307 3901 τοῦ
1351 3848 1620 3902 Ἰουδαίων
1654 3848 1839 3912 ἔθνους
1874 3850 1991 3919 ἀρι-

2104 3848 2394 3902 merabitur
2415 3848 2480 3903 7‘.
2514 3846 2846 3917 Propagines
2876 3862 3007 3902 vero
3034 3848 3152 3901 alias
3185 3848 3416 3912 adnataa,
3440 3849 3675 3918 palmiti-

427 3941 581 4012 θμδς,
608 3941 665 4005 ὃς
688 3941 751 4012 δὴ
776 3940 974 4011 ἔφθασε
1004 3942 1163 4012 μέχρι
1187 3940 1480 4011 Θαλάσσης,
1507 3939 1798 4013 πληρώσας
1821 3940 1991 3993 πάντα

2103 3942 2206 3998 bus
2239 3940 2571 3996 recentiores
2609 3954 2673 3993 ac
2702 3955 2875 4009 nuper
2907 3947 3129 4005 exortae,
3163 3954 3337 4009 usque
3368 3939 3435 3994 ad
3474 3940 3674 3996 ﬂumen

425 4032 518 4084 τὸν
556 4031 664 4085 τῶν
701 4031 1001 4104 ἀνθρώπιον
1040 4032 1174 4103 βίον.
1220 4033 1311 4085 Διὸ
1343 4032 1591 4086 λέλεκται
1632 4033 1691 4085 ὲν
1731 4032 1889 4102 Ὠσηὲ
1920 4031 1991 4102 τῷ

2104 4042 2343 4090 extensae
2369 4041 2517 4097 sunt,
2550 4032 2803 4087 videlicet
2833 4030 2969 4086 Novi
3001 4031 3338 4087 Test-ainenti
3372 4047 3671 4102 praecones,

428 4127 717 4198 προφήτῃ·
766 4126 874 4179 Καὶ
913 4121 993 4195 ἦν
1026 4128 1068 4179 ό
1108 4126 1351 4194 ἀριθμὸς
1400 4126 1520 4178 τῶν
1567 4124 1714 4179 υἱῶν
1762 4125 1991 4194 Ἰσραὴλ

2107 4127 2382 4196 apostolos
2424 4126 2549 4179 dico
2581 4134 2635 4179 et
2662 4124 2964 4194 discipulos
3001 4122 3314 4179 Servatoris
3354 4124 3551 4189 nostri,
3582 4125 3673 4194 qui

428 4217 570 4270 ὡσεὶ
605 4216 795 4286 ἅμμος
822 4215 933 4284 τῆς
978 4216 1316 4284 θαλάσσης,
1349 4214 1387 4284 ἣ
1427 4218 1540 4271 οὐκ
1569 4216 1991 4284 ἐκμετρηθήσε-

2107 4233 2278 4289 genus
2306 4226 2361 4273 et
2382 4217 2646 4288 originem
2679 4232 2747 4271 ex
2772 4216 3029 4286 praedicta
3057 4217 3217 4271 vinea
3243 4216 3469 4281 ducunt,
3500 4226 3553 4272 et
3575 4233 3674 4271 ceu

432 4326 545 4373 ται,
579 4308 722 4363 οὐδὲ
751 4309 1304 4379 ἐξαριθμηθήσεται.
1340 4310 1697 4381 Παραφυάδες
1743 4310 1800 4363 δὲ
1846 4310 1991 4364 ἄλλαι

2109 4311 2436 4381 propagines
2457 4310 2705 4380 quaedam
2730 4310 2851 4379 ejus
2875 4316 3024 4366 sunt.
3046 4307 3233 4380 Neque
3253 4316 3433 4365 tamen
3454 4309 3688 4379 perinde

430 4400 576 4464 τινὲς
615 4400 766 4471 παρά
794 4402 862 4455 τὰ
894 4401 1149 4472 κλήματα
1177 4400 1435 4472 νεώτεραι
1466 4402 1559 4455 καὶ
1588 4403 1872 4473 ἀρτιφυεῖς
1898 4401 1991 4465 ἕως

2109 4412 2273 4474 atque
2312 4403 2459 4473 jubaa
2493 4413 2548 4457 et
2588 4403 2837 4473 palmites
2868 4402 2937 4457 ad
2961 4418 3136 4472 usque
3166 4415 3315 4456 mare
3345 4402 3679 4471 protendun-

433 4491 677 4562 ποταμοῦ
709 4492 1113 4563 παρετάθησαν,
1129 4492 1178 4543 οἱ
1200 4492 1298 4562 τῆς
1322 4493 1527 4563 Καινῆς
1552 4492 1823 4564 Διαθήκης
1845 4493 1991 4562 κήρυ·

2112 4501 2221 4555 tur,
2253 4493 2349 4549 sed
2382 4509 2558 4563 usque
2590 4492 2658 4547 ad
2691 4491 2913 4557 ﬂumen,
2949 4493 3020 4546 ob
3049 4492 3369 4562 mysterium
3399 4505 3682 4559 regenera-

434 4600 559 4647 xeg'
590 4583 733 4651 λέγω
758 4583 814 4636 δὲ
838 4584 887 4637 οἱ
913 4583 1197 4636 ἀπόστολοι
1220 4585 1314 4635 καὶ
1342 4585 1391 4636 oi
1425 4584 1661 4655 μαθηταὶ
1688 4585 1782 4637 τοῦ
1818 4584 1991 4654 Σωτῆ-

2111 4585 2279 4640 tionis
2327 4585 2381 4640 in
2422 4585 2643 4641 Christo
2692 4585 2762 4639 ab
2801 4585 2871 4640 iis
2908 4584 3353 4640 subministrata.
3400 4582 3578 4648 Quare
3614 4583 3681 4636 de

439 4692 529 4745 ρος
556 4676 740 4747 ήμῶν·
770 4676 869 4748 τὴν
906 4676 1006 4745 μὲν
1038 4676 1178 4746 φυὴν
1218 4676 1312 4728 καὶ
1342 4676 1442 4746 τὴν
1476 4675 1688 4743 γένεσιν
1716 4677 1991 4746 ἐσχηκότες

2114 4676 2395 4731 Salvatore
2424 4677 2545 4746 ipso
2578 4677 2634 4730 in
2665 4676 2876 4746 psalmo
2905 4690 3033 4729 Lm
3065 4674 3308 4729 dicitur:
3336 4670 3403 4724 Et
3436 4672 3682 4725 domina—

435 4768 501 4821 ἐκ
519 4769 618 4838 τῆς
643 4767 1035 4839 προλεχθείσης
1059 4767 1324 4838 ἀμπέλου,
1350 4768 1443 4819 καὶ
1465 4766 1654 4837 ὥσπερ
1674 4767 1818 4830 τινὲς
1839 4785 1989 4840 παρα

437 4859 637 4927 φυάδες
669 4859 839 4928 αὐτῆς
881 4859 1180 4928 γενόμενοι,
1207 4858 1388 4911 οὐκέτι
1418 4858 1475 4911 δὲ
1507 4859 1707 4929 ὁμοίως
1737 4862 1855 4923 ταῖς
1886 4860 2009 4930 χαί-

399 4964 557 5011 -ταις
605 4948 699 5001 καὶ
740 4951 854 5011 τοῖς
888 4949 1129 5019 κλήμασι
1177 4950 1283 5012 ἓως
1323 4946 1597 5017 θαλάσσης
1635 4948 2006 5018 προελθόντες,

437 5039 551 5093 ἀλλ’
582 5039 686 5102 ἕως
719 5040 963 5110 ποταμοῦ
1000 5040 1089 5093 διὰ
1129 5040 1192 5093 τὸ
1237 5041 1533 5111 μυστήριον
1576 5040 1673 5111 τῆς
1714 5040 1781 5093 δι’
1830 5041 2010 5094 αὐτῶν

437 5131 847 5202 χορηγουμένης
884 5133 943 5185 ἐν
978 5131 1199 5203 Χριστῷ
1226 5132 1661 5201 παλιγγενεσίας.
1699 5132 1889 5186 Ἔνθεν
1918 5135 2007 5187 κα“

437 5226 467 5276 ὁ
498 5224 688 5295 Σωτὴρ
729 5224 892 5287 αὐτὸς
927 5225 985 5277 ἐν
1032 5230 1109 5277 οα¹
1145 5223 1343 5295 ψαλμῷ
1372 5224 1649 5277 λέλεκταιο
1680 5226 1791 5279 Καὶ
1832 5242 2011 5279 κατα-

441 5314 742 5380 κυριεύσει
774 5312 890 5366 ἀπὸ
917 5311 1235 5378 θαλάσσης
1266 5312 1377 5377 ἕως
1398 5310 1736 5377 θαλάσσης,
1772 5311 1868 5363 καὶ
1893 5311 2052 5376 ἀπὸ,

442 5402 711 5470 ποταμοῦ
737 5402 847 5468 ἕως
881 5401 999 5455 τῶν
1037 5401 1305 5469 περάτων
1340 5400 1451 5468 τῆς
1479 5401 1852 5470 οἰκουμένης.
1892 5402 2014 5472 Ἀρ-

444 5491 675 5563 ξαμένου
722 5493 832 5564 γὰρ
864 5493 972 5547 ἀπὸ
1002 5492 1097 5545 τοῦ
1139 5492 1280 5545 κατὰ
1319 5492 1411 5544 τὸν
1453 5492 1721 5563 Ἰορδάνην
1763 5490 2009 5562 ποταμοῦ

442 5585 537 5638 τοῦ
578 5586 974 5657 βαπτίσματος,
1008 5586 1106 5656 τὴν
1153 5584 1445 5654 σύμπασαν
1479 5585 1795 5656 ἐπλήρωσεν
1835 5585 2013 5638 οἰκου-

448 5679 633 5750 μένην.
667 5678 927 5731 Τέσσαρα.
950 5678 1005 5731 δὲ
1036 5678 1293 5746 τάγματα
1324 5676 1422 5746 τῆς
1447 5678 1742 5748 εἰρημένης
1770 5676 2015 5747 ἀμπέλου

520 5857 565 5889 ⁷³
605 5856 705 5911 lsa.
744 5875 795 5924 ν,
830 5858 881 5912 5.
960 5858 1003 5889 ⁷⁵
1044 5855 1171 5912 Ose.
1211 5872 1264 5924 ι,
1299 5855 1386 5909 10.

2112 4768 2252 4820 bitur
2281 4784 2314 4821 a
2344 4770 2482 4821 mari
2510 4785 2673 4839 usque
2718 4767 2787 4821 ad
2820 4784 2986 4830 mare,
3027 4775 3078 4821 et
3102 4784 3135 4820 a
3161 4766 3379 4835 ﬂumine
3418 4780 3581 4833 usque
3613 4763 3682 4816 ad

2113 4860 2361 4913 terminos
2384 4860 2524 4913 orbis
2558 4870 2846 4914 terrarum.
2869 4858 3005 4913 Nam
3029 4874 3154 4914 cum
3176 4858 3485 4928 baptismus
3514 4872 3542 4909 a
3568 4856 3686 4910 Jor-

2111 4950 2252 5005 dane
2292 4950 2459 5006 ﬂuvio
2497 4952 2711 5006 initium
2744 4953 2984 5015 duxerit,
3014 4959 3188 5006 totum
3218 4950 3446 5021 replevit
3470 4949 3681 5003 orbum.

2111 5041 2359 5107 Quatuor
2406 5057 2568 5111 porro
2622 5042 2894 5113 praedictae
2941 5043 3113 5097 vineae
3171 5042 3393 5096 ordines
3445 5055 3685 5110 praesens

2113 5148 2293 5188 sermo
2321 5134 2619 5198 describit,
2652 5135 2901 5189 umbram
2927 5135 3137 5189 scilicet
3168 5133 3289 5202 ejus
3317 5141 3529 5187 montes
3556 5146 3687 5200 ope-

2111 5225 2376 5291 rientem;
2431 5227 2655 5280 arbusta
2705 5227 2824 5297 ejus
2867 5227 2922 5281 in
2963 5227 3132 5279 altum
3179 5227 3343 5291 elata,
3378 5226 3453 5279 ita
3483 5231 3545 5278 ut
3576 5239 3687 5278 non

2114 5317 2439 5387 simpliciter
2486 5319 2701 5384 cedros,
2756 5320 2851 5374 sed
2902 5318 3233 5374 cedrosDei
3279 5318 3560 5387 operiant;
3618 5317 3687 5370 ad

2116 5410 2231 5463 haec
2274 5410 2525 5478 palmites
2572 5411 2693 5479 ejus
2740 5426 2915 5481 usque
2951 5411 3019 5465 ad
3058 5426 3209 5465 mare
3241 5420 3527 5471 extensos;
3551 5424 3689 5479 prae-

2086 5528 2089 5529 ν
2116 5507 2202 5552 ter
2243 5497 2357 5551 haec
2394 5500 2577 5553 omnia
2607 5508 2787 5555 autem
2818 5500 3141 5571 propagines
3174 5501 3315 5569 ejus,
3341 5515 3459 5571 quae
3485 5500 3552 5554 ad
3575 5500 3687 5553 llu-

2122 5605 2246 5645 tnen
2285 5604 2460 5659 usque
2494 5592 2828 5662 pertingunt.
2884 5592 3131 5657 Quorum
3185 5591 3686 5662 interpretationem

2124 5695 2222 5749 pro
2251 5680 2448 5735 collata
2477 5681 2637 5738 nobis
2668 5682 2841 5754 gratia
2869 5680 3147 5748 dedimus,
3180 5683 3426 5739 umbram
3466 5679 3689 5753 quidem
