4092 6404
470 373 574 433 965

1148 370 1416 427 EUSEBII
1456 368 1936 427 CxESAlllENSlS
1972 369 2127 427 OPP.
2172 368 2356 425 PARS
2396 369 2483 425 ill.
2515 400 2584 410 —
2610 370 3025 427 EXEGETICA.

3629 375 3760 430 θοι

469 503 571 560 pro
601 487 831 558 ﬁgurato
874 488 968 542 illo
1010 495 1067 543 et
1114 488 1375 542 umbroso
1421 487 1573 541 cultu
1621 487 1920 550 tradentes,
1956 487 2039 557 qui

2153 489 2181 540 6
2208 486 2345 559 μετά
2374 489 2560 560 χεῖρας
2587 473 2876 560 διαγβάφει
2901 488 3087 557 λόγος’
3117 487 3275 542 σκιάν
3310 490 3407 561 μὲν
3438 491 3609 561 αὐτῆς
3639 510 3758 545 κει-

469 598 529 637 m
572 582 927 637 sensibilibus
967 590 1023 637 et
1071 581 1355 651 corporeis
1398 580 1679 635 montibus
1728 579 2051 651 perﬁcieba-

470 686 589 741 tur;
632 676 887 739 arbusta,
930 689 1033 745 pro
1080 673 1369 728 animabus
1415 672 1770 742 propheticis,
1823 687 1946 742 quat
1994 672 2051 727 in

465 768 649 823 cedris
695 766 827 832 Dei.
873 767 1137 838 angelicis
1194 765 1450 820 videlicet
1499 780 1564 819 ac
1612 764 1815 820 divinis
1875 766 2053 818 virtu-

464 860 619 917 tibus
673 861 1075 926 lirmabantur;
1111 859 1369 930 palmites
1432 867 1527 912 aut
1574 873 1782 923 comas,
1832 872 1927 913 seu
1963 856 2055 927 ju-

372 1004 375 1007 .
470 955 590 1020 bas,
635 971 736 1026 pro
785 963 899 1010 tota
940 954 1256 1010 Iudaeorum
1298 949 1683 1016 multitudine,
1719 950 1790 1004 ob
1820 949 2049 1005 instabi»

469 1049 575 1103 lem
604 1058 659 1102 et
687 1046 1041 1103 ﬂuctuantem
1066 1045 1352 1100 hominum
1394 1043 1564 1097 vitam
1605 1057 1777 1113 usque
1800 1042 1867 1096 ad
1902 1055 2054 1097 mare

463 1147 731 1205 extensa;
767 1140 987 1192 demum
1033 1138 1365 1207 propagines
1414 1150 1515 1205 pro
1559 1135 1825 1205 apostolis
1856 1132 2054 1189 Serva-

465 1232 603 1287 toris
637 1231 809 1285 nostri
831 1230 926 1299 qui
958 1229 1014 1283 in
1040 1228 1264 1284 ﬂumine
1303 1236 1595 1285 versantur
1624 1228 1691 1282 de
1714 1242 1823 1297 quo
1844 1227 2052 1281 dictum

464 1330 549 1377 est
580 1341 592 1377 :
628 1320 895 1375 Fluminis
946 1321 1169 1388 impetus
1206 1320 1489 1389 lwtiﬁcant
1533 1320 1801 1374 civitatem
1852 1318 1951 1372 Dei
1980 1319 2047 1371 ⁷⁵.

465 1412 665 1470 Verum
697 1414 825 1483 quia
863 1421 1165 1468 memorata
1204 1413 1365 1467 vinea
1404 1419 1485 1465 tot
1520 1413 1795 1482 tantisque
1826 1412 1986 1467 bonis
2020 1426 2051 1465 a

464 1506 575 1561 Deo
605 1505 805 1570 Verbo,
837 1505 931 1575 qui
965 1505 1118 1574 prius
1140 1504 1244 1574 ipsi
1276 1505 1666 1575 prospiciebat,
1705 1506 1904 1559 donata
1942 1511 2048 1567 est,

461 1604 866 1666 consequenter
916 1612 1041 1651 eum
1096 1597 1191 1667 qui
1251 1598 1422 1652 tantis
1467 1612 1588 1651 eam
1625 1596 1785 1651 donis
1811 1597 2049 1661 ornavit,

462 1689 621 1759 quasi
677 1689 981 1743 dubitando
1048 1689 1343 1758 compellat
1390 1689 1633 1743 dicens:
1697 1686 1895 1757 thuid
1941 1688 2035 1741 de-

462 1782 709 1835 struxisti
728 1782 1012 1834 maceriam
1033 1780 1147 1849 ejus
1167 1782 1193 1834 Ρ
1220 1779 1315 1835 ille
1333 1794 1462 1835 vero
1491 1779 1797 1851 respondet
1813 1779 1897 1835 his
1927 1792 2049 1834 ver-

2154 580 2460 635 λύπτουσαν
2492 581 2623 651 ὅρη·
2658 581 3052 652 ἀναδενδράδας
3080 581 3137 635 δὲ
3167 582 3338 652 αὐτῆς
3367 585 3445 646 είς
3471 583 3604 654 ὕψος
3639 602 3756 655 με-

2153 672 2573 745 τεωριζομένας,
2619 674 2695 737 ὼς
2746 672 3042 728 καλύπτειν
3092 676 3192 746 ούχ
3246 674 3434 739 ἀπλῶς
3487 677 3749 749 κέδρους,

2153 764 2289 818 ἀλλά
2315 766 2414 827 τὰς
2442 764 2667 836 κέδρους
2693 764 2787 819 τοῦ
2813 763 2947 819 Θεοῦ
2966 782 2981 797 '
3010 766 3104 820 καὶ
3135 767 3227 819 ἐπὶ
3250 766 3459 829 τούτοις
3480 768 3751 839 κλήματα

2153 858 2500 927 ἐκτεινόμενα
2531 859 2634 921 ἕως
2669 858 2973 930 θαλάσσηςο
3022 860 3116 913 καὶ
3158 860 3296 931 μετά
3332 861 3508 914 πάντα
3551 878 3749 932 παρα-

2154 950 2359 1019 φυάδας
2388 950 2485 1014 τὰς
2521 952 2683 1023 μέχρι
2726 951 2974 1021 ποταμοῦ
3017 951 3330 1023 διηκούσας.
3364 949 3463 1007 Ὦν
3494 955 3591 1026 τὴν
3619 954 3750 1007 διά-

2152 1061 2299 1097 νοιαν
2333 1044 2473 1123 κατά
2504 1044 2602 1115 τὴν
2633 1044 2875 1098 δοθεῖσαν
2904 1045 3331 1117 ἡρμηνεύσαμεν
3364 1047 3540 1118 χάριν,
3574 1050 3748 1104 σκιὰν

2156 1135 2255 1207 μὲν
2275 1135 2562 1199 ἀποδόντες
2586 1136 2685 1207 τὴν
2711 1137 2945 1208 τυπικὴν
2970 1138 3061 1190 καὶ
3086 1136 3286 1210 σκιώδη
3311 1139 3587 1211 λατρείαν,
3610 1141 3747 1210 ἥτις

2152 1228 2213 1280 ὲν
2253 1230 2368 1291 τοῖς
2407 1228 2685 1300 αἰσθητοῖς
2729 1231 2825 1282 καὶ
2867 1233 3199 1300 σωματικοῖς
3241 1231 3424 1302 ὄρεσιν
3465 1233 3739 1286 ἐτελεῖτο·

2151 1320 2543 1391 ἀναδενδράδας
2572 1321 2627 1373 δὲ
2659 1321 2759 1385 τὰς
2787 1324 3131 1395 προφητικάς
3170 1322 3369 1394 ψυχὰς,
3409 1326 3609 1389 αἵτινες
3636 1328 3745 1379 ἐπὶ

2149 1412 2248 1478 τὰς
2275 1413 2498 1485 κέδρους
2526 1414 2618 1467 τοῦ
2653 1414 2809 1480 Θεοῦ,
2846 1415 2945 1476 τὰς
2977 1415 3273 1483 ἀγγελικάς
3314 1415 3408 1469 καὶ
3455 1416 3605 1479 Θείας
3643 1417 3741 1469 δυ-

2151 1506 2343 1576 νάμεις
2373 1506 2823 1577 ὲπεστηρίζοντο·
2857 1506 3111 1577 κλήματα
3144 1507 3199 1561 δὲ
3233 1507 3265 1579 ἢ
3312 1507 3507 1577 κόμας,
3540 1508 3573 1578 ἢ
3612 1508 3740 1578 χαί.

2148 1614 2248 1662 τας
2270 1598 2332 1650 τὸ
2364 1600 2472 1651 πᾶν
2506 1598 2773 1652 Ἰουδαίων
2808 1598 3011 1668 πλῆθος
3036 1599 3140 1662 ἕως
3183 1598 3460 1668 θαλάσσης
3496 1601 3741 1653 ἐκτεινό-

2152 1707 2312 1761 μενον
2333 1690 2421 1743 διά
2444 1690 2534 1744 τὸν
2568 1692 2799 1746 ἄστατον
2830 1692 2923 1768 καὶ
2953 1692 3353 1762 κυμαινόμενον
3383 1692 3490 1745 τῶν
3519 1690 3740 1762 ἀνθρώ-

2149 1799 2267 1834 πων
2296 1781 2444 1852 βίονο
2475 1783 2570 1835 καὶ
2612 1782 2763 1847 τέλος
2802 1784 3182 1853 παραφυάδας,
3222 1786 3349 1846 τοὺς
3394 1784 3737 1847 ἀποστόλους

465 1872 589 1925 bis:
623 1872 764 1935 Quia
817 1871 1115 1939 exspectavi
1158 1880 1218 1925 ut
1259 1872 1458 1939 faceret
1501 1887 1679 1934 uvam,
1715 1870 1836 1939 fecit
1868 1879 2039 1924 autem

2147 1872 2242 1926 τοῦ
2272 1851 2523 1945 Σωτῆρος
2558 1874 2713 1945 ἡμῶν
2738 1874 2813 1945 τῷ
2842 1851 3070 1946 ποταμῷ
3104 1875 3379 1940 συνόντας,
3408 1877 3534 1947 περὶ
3562 1870 3621 1930 οὗ
3649 1876 3733 1928 εῖ-

461 1966 642 2033 spinas
663 1966 739 2031 ";
760 1981 824 2019 ac
852 1980 1076 2020 rursum
1098 1963 1513 2033 :Exspectaviut
1544 1964 1737 2033 faceret
1756 1964 2044 2033 judicium,

464 2060 585 2128 fecit
610 2068 815 2112 'autem
868 2057 1237 2126 iniquitatem;
1283 2072 1388 2109 non
1404 2055 1700 2121 justitiam,
1727 2054 1816 2109 sed
1855 2056 2048 2111 clamo-

461 2167 571 2207 rem
602 2152 667 2204 ⁷⁷.
724 2148 782 2203 1η
836 2148 1071 2203 Jeremia
1095 2162 1314 2217 quoque
1336 2148 1553 2201 vineam
1613 2147 1729 2217 ipse
1764 2147 2041 2217 coarguit,

460 2242 811 2297 rationabilis
867 2241 1070 2311 quippe
1130 2246 1273 2305 erat,
1327 2239 1415 2293 his
1462 2240 1685 2294 verbis:
1723 2240 1835 2309 Ego
1870 2251 2045 2293 autem

458 2335 699 2405 plantavi
731 2336 936 2388 vineam
962 2332 1319 2401 fructiferam,
1352 2341 1516 2385 totam
1546 2348 1742 2385 veram.
1767 2332 2043 2398 Quomodo

457 2445 707 2484 conversa
736 2436 813 2481 est
840 2428 897 2481 in
922 2426 1333 2479 amaritudinem
1359 2426 1478 2479 vitis
1518 2425 1693 2478 aliena
1726 2426 1811 2479 7‘?
1839 2426 2043 2493 Adjicit

459 2530 642 2574 autem
683 2534 781 2589 per
813 2517 1010 2573 Isaiam
1041 2536 1054 2572 :
1089 2516 1347 2585 Auferam
1394 2530 1565 2584 sepem
1591 2516 1728 2584 ejus,
1771 2525 1820 2568 et
1866 2518 1966 2569 erit
1989 2517 2041 2570 in

455 2612 846 2679 direptionem;
880 2618 931 2664 et
959 2608 1203 2677 auferam
1231 2623 1441 2660 murum
1470 2606 1604 2675 ejus,
1634 2616 1683 2659 et
1713 2607 1813 2659 erit
1843 2607 1896 2659 in
1919 2623 2041 2660 con-

458 2704 826 2759 culcationem.
859 2700 928 2756 Et
974 2700 1242 2753 dimittam
1268 2700 1471 2754 vineam
1513 2714 1704 2761 meum,
1736 2708 1784 2751 et
1826 2716 1927 2751 non
1958 2699 2036 2766 fo-

456 2797 654 2858 dietur,
680 2810 841 2865 neque
882 2792 1179 2862 putabitur.
1232 2790 1300 2844 Et
1346 2789 1591 2845 ascendet
1625 2791 1679 2845 in
1717 2806 1833 2843 eam
1887 2792 2038 2860 quasi

457 2889 669 2943 aridam
712 2890 889 2957 spina,
923 2897 973 2941 et
1020 2886 1246 2941 nubibus
1282 2883 1546 2938 mandabo
1571 2900 1633 2937 ne
1665 2882 1854 2951 pluunt
1884 2899 2040 2951 super

456 2998 574 3037 eam
601 2981 817 3035 imbrem
843 2981 910 3033 τ’.
944 2979 1137 3033 Ablala
1171 2987 1355 3031 autem
1402 2992 1551 3046 sepe,
1582 2976 1785 3030 virtute
1828 2975 2039 3030 scilicet

2152 1982 2342 2037 ρηται·
2384 1966 2494 2020 Τοῦ
2546 1968 2813 2037 ποταμοῦ
2860 1968 2933 2021 τὰ
2981 1968 3289 2037 ὁρμήματα
3333 1970 3731 2036 εὐφραίνουσι

2146 2057 2261 2125 τὴν
2284 2056 2464 2110 πόλιν
2492 2057 2596 2110 τοῦ
2622 2057 2789 2111 Θεοῦ.
2844 2057 2981 2110 Ἀλλ’
3007 2059 3193 2129 ἐπειδὴ
3221 2058 3489 2111 τοσούτων
3519 2058 3731 2129 ἠξιώθη

2147 2148 2180 2218 ἡ
2226 2148 2564 2220 δεδηλωμένη
2605 2148 2847 2217 ἄμπελος
2895 2149 3001 2202 ὑπὸ
3044 2148 3138 2201 τοῦ
3186 2150 3455 2221 πρότερον
3505 2152 3729 2204 ἐπισκο-

2143 2238 2377 2304 ποῦντος
2414 2241 2582 2311 αὐτὴν
2609 2240 2744 2293 Θεοῦ
2776 2240 2971 2309 Λόγου,
3016 2241 3324 2304 ἀκολούθως
3352 2240 3380 2291 ὁ
3414 2240 3568 2310 λόγος
3595 2241 3730 2314 ἑξῆς

2145 2335 2218 2398 ὼς
2246 2335 2380 2405 πρὸς
2407 2334 2569 2387 αὑτὸν
2591 2333 2678 2385 τὸν
2706 2332 2773 2385 τὰ
2798 2332 3035 2386 τοσαῦτα
3060 2334 3431 2405 δεδωρημένον
3454 2336 3732 2406 ἐπαπορεῖ

2144 2428 2317 2496 λέγων
2344 2445 2356 2458 ·
2408 2427 2590 2481 Ἰνατί
2648 2426 2920 2493 καθεῖλες
2953 2428 3058 2482 τὸν
3084 2430 3355 2497 φραγμὸν
3399 2427 3621 2496 absim;
3662 2429 3727 2483 Ὁ

2141 2520 2197 2573 δὲ
2238 2520 2590 2591 ἀποκρίνεται
2637 2520 2809 2589 λέγων
2833 2538 2847 2552 ο
2900 2522 3053 2575 Διότι
3094 2523 3297 2590 ἔμεινα
3338 2524 3439 2577 ἵνα
3493 2523 3723 2592 ποιήσῃ

2142 2614 2509 2682 σταφυλὴν,
2560 2614 2812 2680 ἐποίησε
2867 2613 2936 2665 δὲ
2981 2613 3245 2680 ἀκάνθας
3276 2632 3291 2648 ο
3350 2616 3445 2669 καὶ
3508 2615 3670 2669 πάλιν
3701 2633 3717 2645 ·

2147 2706 2386 2773 Ἔμεινα
2424 2706 2524 2758 ἵνα
2559 2707 2785 2774 ποιήσῃ
2817 2706 3043 2773 κρίσιν,
3072 2706 3324 2774 ἐποίησε
3351 2707 3419 2760 δὲ
3441 2709 3719 2777 ἀνομίαν,

2141 2797 2238 2850 καὶ
2265 2798 2336 2850 οὐ
2361 2797 2774 2864 δικαιοσύνην,
2796 2797 2953 2852 ἀλλὰ
2981 2798 3271 2867 κραυγήν.
3298 2800 3407 2851 Καὶ
3437 2800 3496 2853 ὲν
3528 2799 3606 2870 τῷ
3633 2800 3723 2854 Ίε-

2144 2888 2307 2959 ρεμία
2343 2887 2399 2940 δὲ
2430 2889 2459 2940 6
2492 2888 2655 2950 αὐτὸς
2698 2887 2910 2958 ἐλέγχει
2945 2888 3044 2960 τὴν
3079 2889 3343 2959 ἄμπελον,
3380 2888 3570 2961 λογικὴ
3610 2890 3718 2962 γὰρ

2138 2975 2226 3050 ἦν,
2257 2980 2478 3048 φάσκων
2499 2997 2513 3011 ·
2550 2979 2690 3050 Ἐγὼ
2714 2980 2783 3032 δὲ
2804 2980 3109 3048 ἐφύτευσα
3132 2981 3400 3050 ἄμπελον
3421 2985 3719 3053 καρποφό-

458 3088 581 3143 quae
608 3072 853 3127 custodit
875 3079 929 3125 et
957 3069 1351 3129 circummunit
1391 3070 1563 3138 ipsam
1586 3086 1600 3134 ;
1636 3076 2038 3137 consequenter

2143 3088 2246 3136 ρον
2282 3070 2489 3125 πᾶσαν
2524 3070 2840 3139 ἀληθινήν.
2872 3070 3005 3137 Πῶς
3047 3071 3315 3140 ἐστράφη
3349 3075 3436 3138 είς
3476 3076 3720 3141 πικρίαν

458 3181 649 3220 omnes
703 3164 901 3219 deinde
926 3162 1133 3216 inimici
1176 3161 1479 3215 invisibiles
1535 3168 1589 3215 et
1630 3161 1859 3219 occulti,
1907 3160 2035 3214 feris

2143 3162 2177 3228 ἡ
2231 3160 2498 3229 ἄμπελος
2541 3162 2578 3228 ἡ
2632 3162 2957 3229 ἀλλοτρία;
3008 3163 3337 3234 Προστίθησι
3389 3164 3443 3217 δὲ
3487 3166 3581 3218 καὶ
3630 3167 3718 3219 διὰ

457 3255 767 3326 agrestibus
792 3253 1142 3308 immaniores
1169 3250 1360 3321 (Vsus.
1393 3250 1505 3320 lli),
1529 3252 2037 3304 cxterminaverunt

456 3360 575 3409 eos,
631 3344 883 3399 videlicet
931 3342 1023 3413 qui
1081 3356 1109 3395 a
1164 3340 1450 3410 Scriptura
1502 3340 1923 3394 accusabantur.
1973 3338 2036 3392 Et

455 3434 679 3508 quidam
713 3436 961 3503 impurus
994 3447 1149 3502 aper,
1181 3448 1377 3501 nempe
1408 3432 1691 3501 Assyrius,
1727 3432 1879 3501 prior
1909 3446 2035 3487 cum

458 3523 776 3579 fortitudine
807 3523 1090 3586 invadens,
1139 3521 1422 3591 praefatam
1469 3522 1686 3575 vineam
1718 3523 2038 3592 pessumde-

453 3617 561 3680 dit,
590 3617 663 3669 ita
687 3624 745 3669 ut
780 3614 1186 3670 multitudinem
1230 3615 1416 3685 p0puli
1452 3615 1724 3685 captivam
1764 3616 1819 3669 in
1869 3615 2031 3686 Assy-

454 3708 569 3763 rios
592 3708 909 3762 abduceret.
963 3706 1170 3762 Deinde
1198 3723 1328 3761 vero
1362 3708 1501 3761 alter
1533 3707 1790 3762 inimicus
1825 3708 2036 3776 ingres-

454 3816 572 3866 sus,
597 3817 718 3871 quae
751 3816 781 3854 a
818 3802 1000 3870 priore
1034 3802 1229 3855 relicta
1284 3800 1504 3855 fuerant
1548 3801 1805 3864 vastavit,
1846 3800 2034 3854 Nabu-

452 3892 800 3949 chodonosor
822 3894 1094 3959 videlicet,
1123 3893 1215 3963 qui
1248 3894 1509 3960 templum
1540 3892 1804 3956 incendit,
1841 3899 1895 3946 et
1918 3892 2036 3947 solo

450 3986 707 4056 aequavit.
733 3984 913 4050 Quare
958 3986 1261 4039 secundum
1317 3985 1707 4056 Symmachum
1742 3986 1907 4039 etiam
1952 3983 2036 4038 di-

451 4086 601 4133 ctum
627 4085 711 4133 est
746 4095 757 4129 :
801 4078 1036 4133 Vastavit
1058 4095 1175 4132 eam
1218 4095 1345 4147 aper
1368 4078 1433 4132 de
1466 4079 1625 4143 silva,
1673 4087 1723 4132 et
1746 4078 2034 4147 singularis

453 4170 597 4235 [erus
617 4171 868 4239 depastus
923 4181 1000 4225 est
1033 4188 1171 4225 eam.
1198 4170 1306 4225 Pro
1360 4172 1457 4226 illo
1508 4180 1713 4233 autem,
1745 4169 2034 4239 singularis

452 4262 622 4327 ferus,
647 4262 866 4331 Aquila,
900 4263 1237 4331 amnigenam
1262 4271 1481 4327 terram,
1514 4264 1902 4332 interpretatus
1926 4271 2031 4316 est.

454 4355 769 4411 Secundum
804 4354 968 4407 aliam
997 4369 1128 4409 vero
1167 4354 1693 4425 interpretationem,
1733 4353 2036 4422 pessumde-

449 4447 531 4501 dit
557 4464 674 4502 eam
700 4462 719 4511 ;
747 4446 800 4501 id
829 4455 936 4513 est,
990 4456 1349 4501 memoratam
1382 4448 1616 4511 vineam,
1656 4446 1831 4516 primo
1862 4445 2035 4517 Baby-

2152 3253 2373 3306 Ἦσαῖου
2406 3254 2611 3322 λέγων’
2647 3252 2893 3307 Καθελῶ
2922 3254 3028 3306 τὸν
3060 3256 3332 3324 φραγμὸν
3366 3256 3577 3325 αὐτῆς,
3616 3260 3712 3311 καὶ

2135 3347 2306 3399 ἔσται
2340 3348 2427 3412 εἰς
2452 3345 2786 3415 διαρπαγήν
2809 3362 2821 3374 ·
2850 3346 2947 3399 καὶ
2976 3346 3205 3401 καθελῶ
3236 3347 3342 3401 τὸν
3380 3348 3583 3417 τοῖχον
3606 3350 3705 3403 αὐ-

2136 3439 2264 3507 τῆς,
2294 3440 2390 3492 καὶ
2416 3439 2584 3493 ἔσται
2616 3442 2703 3505 εὶς
2742 3440 3178 3507 καταπάτησιν.
3230 3442 3337 3495 Καὶ
3373 3442 3582 3510 ἀνήσω
3612 3444 3718 3497 τὸν

2134 3531 2459 3602 ἀμπελῶνα
2477 3550 2616 3600 μου,
2645 3534 2741 3586 καὶ
2770 3536 2842 3588 οὑ
2861 3534 2946 3603 μὴ
2975 3534 3206 3605 σκαφῇ,
3226 3534 3371 3589 οὐδὲ
3390 3534 3475 3604 μὴ
3500 3535 3714 3605 τμηθῇ.

2134 3624 2245 3679 Καὶ
2284 3621 2650 3689 ἀναϐήσεται
2680 3627 2767 3691 είς
2800 3627 2987 3679 αὐτὸν
3020 3626 3161 3679 ὡσεὶ
3192 3625 3415 3693 χέρσον
3459 3626 3711 3689 ἄκανθα,

2133 3717 2232 3771 καὶ
2295 3717 2426 3782 ταῖς
2478 3715 2765 3785 νεφέλαις
2818 3718 3173 3786 ἑντελοῦμαι
3217 3718 3324 3771 τοῦ
3365 3716 3450 3786 μὴ
3500 3716 3717 3785 βρέξαι

2132 3813 2220 3878 εὶς
2253 3811 2440 3865 αὐτὸν
2483 3812 2678 3865 ὑετόν.
2719 3811 3151 3882 Καθαιρεθέντος
3194 3811 3250 3863 δὲ
3295 3810 3389 3863 τοῦ
3437 3810 3714 3882 φραγμοῦ,

2134 3902 2377 3955 τουτέστι
2404 3902 2503 3972 τῆς
2536 3902 2909 3972 φυλαττούσης
2940 3903 3137 3965 αὐτοὺς
3176 3902 3273 3957 καὶ
3316 3901 3715 3973 περιφραττού-

2138 4012 2237 4065 σης
2268 3995 2568 4065 δυνάμεως,
2594 3995 2816 4056 είκότως
2842 3994 3038 4056 πάντες
3070 3994 3255 4048 λοιπὸν
3282 3992 3527 4063 πολέμιοι
3551 3992 3715 4060 ἀόρα-

2135 4088 2217 4140 τοί
2250 4105 2307 4141 τε
2337 4088 2430 4140 καὶ
2456 4088 2699 4155 ἀφανεῖς,
2732 4086 2912 4158 θηρῶν
2941 4086 3149 4157 ἀγρίων
3179 4085 3330 4148 ὄντες
3365 4082 3717 4154 ἀνημερώτε-

2141 4195 2242 4250 ροι,
2272 4178 2610 4248 ἐλυμήναντο
2651 4180 2868 4243 αὐτοὺς,
2900 4178 3097 4249 δηλαδὴ
3142 4179 3271 4240 τοὺς
3296 4177 3401 4230 ὑπὸ
3435 4176 3526 4230 τοῦ
3556 4176 3716 4243 λόγου

2138 4269 2664 4341 κατηγορουμένους.
2702 4270 2811 4325 Καί
2854 4288 2935 4333 τις
2970 4271 3183 4341 πρῶτος
3218 4269 3526 4339 ἀκάθαρτος
3570 4261 3654 4330 ῦς,
3687 4267 3717 4319 6

2151 4361 2447 4429 Ἀσσύριος,
2474 4359 2727 4414 εἰσελθὼν
2763 4360 3017 4431 ἰσχυρῶς,
3048 4361 3145 4432 τὴν
3179 4360 3509 4431 δηλωθεῐσαν
3534 4360 3714 4431 ἄμπε-

2137 4453 2227 4507 λον
2277 4453 2598 4523 διέφθειρεν,
2645 4453 2720 4515 ὡς
2770 4454 2863 4505 καὶ
2922 4454 3227 4521 ἀπαγαγεῖν
3274 4454 3613 4523 αἰχμάλωτον
3655 4452 3718 4505 τὸ

452 4540 656 4601 Ionius,
682 4539 777 4609 qui
804 4539 955 4608 prior
983 4538 1613 4609 llierosolymaobsessa,
1637 4537 1843 4591 excidit
1867 4536 2035 4602 illam;

2143 4544 2343 4615 πλῆθος
2376 4546 2454 4607 εἰς
2480 4545 2607 4607 τοὺς
2636 4544 2969 4615 Ἀσσυρίους.
3003 4540 3135 4597 Εἶτα
3166 4544 3413 4615 δεύτερος
3438 4545 3713 4615 πολέμιος,

454 4642 576 4703 post
614 4634 767 4689 illum
790 4648 923 4688 vero
950 4632 1240 4689 Romanus
1268 4634 1601 4701 excercitus,
1623 4633 1717 4702 qui
1751 4640 1873 4702 post
1902 4631 2030 4687 Ser-

450 4728 660 4781 vatoris
693 4726 869 4781 nostri
919 4725 1239 4789 adventum,
1275 4725 1588 4793 irrumpens
1612 4726 1847 4779 vastavit
1887 4739 2027 4779 eam.

451 4818 577 4874 Haec
629 4835 794 4889 porro
851 4821 1037 4875 omnia
1065 4820 1395 4874 vaticinatur
1424 4819 1631 4890 Asaph,
1659 4821 1752 4890 qui
1788 4827 2032 4888 tempore

449 4910 672 4967 Davidis
700 4920 825 4967 ante
847 4910 1234 4982 Hierosolyma:
1257 4911 1723 4967 constructionem
1756 4920 1893 4975 erat,
1910 4926 2033 4981 quae

2136 4635 2413 4698 εἰσελθὼν,
2437 4635 2507 4687 τὰ
2536 4635 2641 4687 ὑπὸ
2666 4634 2759 4687 τοῦ
2788 4634 3004 4706 πρώτου
3038 4632 3467 4703 καταλειφθέντα
3499 4650 3718 4687 κατενε-

2140 4730 2414 4799 μήσατο,ὁ
2450 4728 2935 4799 Ναϐουχοδονόσορ,
2968 4730 2997 4781 6
3024 4728 3118 4782 καὶ
3148 4728 3209 4780 τὸ
3243 4726 3387 4798 ἱερὸν
3434 4724 3716 4796 πυρπολή-

2139 4839 2235 4886 σας
2262 4823 2354 4874 καὶ
2387 4822 2466 4884 εἰς
2513 4821 2709 4891 ἔδαφος
2748 4821 2989 4891 ἀγαγών.
3025 4819 3118 4872 Διὸ
3157 4819 3403 4874 λέλεκται
3451 4820 3547 4873 καὶ
3575 4818 3719 4872 κατά

2132 4915 2227 4967 τὸν
2268 4913 2591 4985 Σύμμαχον’
2629 4914 3086 4981 Κατενεμήσατο
3124 4913 3321 4981 αὐτὴν
3350 4910 3428 4979 ὗς
3472 4914 3541 4966 ἐκ
3586 4912 3719 4979 δρυ-

450 5003 727 5061 adnotatis
762 5006 1103 5077 temporibus
1132 5010 1397 5060 eventura
1433 5004 1535 5074 ipsi
1579 5012 1737 5061 erant
1772 5020 2028 5074 pramun-

2143 5003 2269 5067 μοῦ,
2317 5005 2416 5058 καὶ
2459 5007 2667 5075 μονιὸς
2714 5005 2918 5072 ἄποιος
2964 5004 3455 5069 κατεϐοσκήσατο
3497 5001 3713 5070 αὐτήν.

449 5096 616 5151 tians.
652 5095 719 5149 Et
744 5097 964 5166 quidem
996 5097 1052 5150 in
1086 5097 1340 5165 praesenti
1376 5096 1594 5153 videtur
1643 5111 1751 5150 una
1799 5096 2027 5164 primam

448 5185 792 5243 obsidionem
842 5202 874 5240 a
915 5186 1248 5258 Babyloniis,
1293 5196 1348 5243 et
1377 5188 1672 5244 secundam
1706 5202 1736 5239 a
1768 5185 2030 5241 Romanis

451 5276 654 5332 factam
674 5278 962 5333 vaticinari
998 5297 1011 5333 :
1046 5294 1145 5348 per
1180 5280 1575 5348 praecedentem
1606 5293 1735 5333 vero
1761 5278 2029 5351 psalmum

449 5385 574 5440 quae
598 5370 706 5426 sub
736 5370 1007 5426 Antiocho
1031 5371 1316 5441 Epipliane
1343 5375 1725 5445 contigerunt;
1749 5385 1843 5438 per
1860 5384 2033 5422 Lxxnt

453 5471 635 5519 autem
673 5479 738 5519 ea
767 5466 945 5519 solum
971 5480 1093 5535 qua:
1138 5464 1207 5519 ad
1236 5477 1563 5535 postremam
1596 5478 1626 5517 a
1663 5462 1927 5516 Romanis
1953 5461 2032 5516 fa-

452 5559 598 5608 ctam
625 5552 970 5609 obsidionem
1019 5554 1315 5625 pertinent,
1345 5562 1406 5608 ut
1436 5552 1503 5606 ad
1538 5566 1707 5606 Lxxnt
1742 5566 2030 5611 common-

453 5654 687 5702 stratum
717 5658 827 5705 εει.

2147 5096 2292 5149 Ἀντὶ
2335 5097 2394 5149 δὲ
2428 5097 2544 5159 τοῦ,
2596 5096 2692 5148 καὶ
2731 5094 2943 5164 μονιὸς
2990 5096 3214 5166 ἄγριος,
3249 5099 3277 5149 6
3316 5096 3563 5157 Ἀκύλας,
3613 5094 3715 5147 καὶ

2134 5189 2535 5257 παντοδαπὴν
2562 5188 2777 5256 χώραν,
2804 5190 3137 5259 ἡρμήνευσε.
3176 5190 3310 5242 Καθ’
3332 5190 3520 5260 ἑτέραν
3548 5187 3606 5240 δὲ
3634 5188 3719 5256 ἑρ-

2139 5282 2387 5350 μηνείαν,
2420 5282 2760 5349 ἐλυμήνατο
2806 5281 3023 5348 αὐτὴν,
3053 5282 3253 5353 δηλαδὴ
3300 5281 3398 5349 τὴν
3440 5278 3718 5332 ἀποδοθεῖ-

2135 5389 2236 5425 σαν
2268 5374 2532 5443 ἄμπελον,
2580 5375 2793 5445 πρῶτος
2825 5379 2853 5429 6
2899 5374 3260 5438 Βαϐυλώνιος,
3292 5375 3320 5426 6
3360 5373 3454 5425 καὶ
3500 5370 3717 5441 πρῶτος

2134 5467 2234 5537 τὴν
2292 5466 2649 5536 Ἰερουσαλὴμ
2702 5467 2987 5538 πολιορκίᾳ
3043 5466 3296 5538 δῃώσας’
3349 5465 3541 5517 ἔπειτα
3602 5464 3719 5532 μετ’

2135 5557 2342 5609 ἐκεῖνον
2364 5557 2393 5607 ὁ
2435 5557 2737 5626 Ῥωμαῖκὸς
2763 5557 3011 5628 στρατὸς,
3044 5558 3181 5627 μετὰ
3218 5557 3317 5626 τὴν
3338 5555 3433 5608 τοῦ
3467 5554 3719 5624 Σωτῆρος

2136 5644 2292 5716 ἡμῶν
2349 5646 2652 5717 παρουσίαν
2717 5645 2992 5709 ἐπελθὼν,
3052 5649 3459 5717 κατενεμήσατο
3526 5645 3714 5713 αὑτήν.

453 5739 639 5792 Ταῦτα
666 5739 726 5792 δὲ
778 5741 957 5795 πάντα
986 5740 1317 5813 προφητεύει
1356 5738 1526 5808 ’Λσάφ
1573 5738 1714 5792 κατὰ
1764 5739 1891 5799 τοὺς
1938 5736 2162 5808 χρόνους
2192 5735 2429 5803 γεγονὼς
2462 5736 2554 5789 τοῦ
2585 5737 2766 5803 Δαυῖδ,
2800 5738 2905 5801 πρὸ
2937 5738 3035 5794 τῆς
3068 5737 3353 5808 οἰκοδομῆς
3382 5737 3479 5806 τῆς
3523 5736 3717 5805 1390':-

525 5854 570 5885 ⁷⁸
612 5851 756 5910 Psal.
791 5870 918 5923 XLV,
950 5856 1003 5911 5.
1078 5858 1124 5888 "
1158 5855 1260 5912 lsa.
1299 5874 1351 5914 v.
1386 5856 1439 5912 5.
1515 5857 1556 5887 "
1599 5856 1735 5915 ibid.
1771 5856 1825 5912 7.
1903 5859 1949 5894 ⁷⁸
1987 5855 2101 5911 Jcr.
2143 5870 2217 5922 ll,
2256 5854 2346 5908 2i.
2421 5855 2466 5887 "
2508 5853 2679 5921 lsa.v,
2715 5855 2748 5908 5
