4092 6404
364 373 478 433 .965
1495 365 1998 424 COMMENTARIA
2029 364 2101 420 ιΝ
2139 362 2478 421 PSALMOS.
3531 358 3641 418 966

368 488 504 552 σαλὴ
513 505 573 558 μ,
613 485 885 550 θεσπίζων
906 485 1044 555 αὐτῇ
1082 483 1152 537 τά
1191 483 1576 554 συμϐησόμενα
1599 481 1741 537 κατά
1767 483 1893 545 τοὺς
1927 479 2268 552 δηλωθέντας
2291 481 2538 551 χρόνους.
2567 480 2667 534 Διά
2690 481 2790 553 μὲν
2819 477 2913 534 οὖν
2944 479 3052 534 τῶν
3087 447 3227 550 μετὰ
3254 479 3440 550 χεῖρας
3462 474 3637 528 ἔοικεν

362 584 502 656 ὁμοῦ
543 584 636 638 καὶ
667 581 769 652 τὴν
811 580 1035 652 πρώτην
1064 577 1380 655 πολιορκίαν
1411 577 1510 648 τὴν
1555 577 1661 632 ὑπὸ
1725 574 2079 631 Βαϐυλωνίων
2111 583 2434 645 γενομένην,
2467 574 2562 628 καὶ
2602 574 2702 646 τὴν
2741 575 2997 646 δευτέραν
3041 573 3143 644 τὴν
3185 572 3290 626 ὑπὸ
3349 567 3636 641 Ῥωμαίων

365 676 734 752 προφητεύειν
759 691 774 708 ·
809 674 898 730 διὰ
929 673 987 726 δὲ
1023 671 1114 725 τοῦ
1146 671 1255 742 πρὸ
1282 669 1475 724 τούτου
1505 670 1575 724 τά
1616 669 1760 724 κατά
1803 667 2074 738 Ἀντίοχον
2094 667 2186 720 τὸν
2219 667 2486 738 Ἐπιφανῆ
2521 669 2833 738 συμϐάνταο
2869 667 2959 721 διὰ
3001 667 3056 720 δὲ
3088 665 3181 719 τοῦ
3213 665 3253 719 o'
3282 665 3378 718 καὶ
3413 664 3461 734 γ’
3500 663 3639 736 μόνα

364 773 434 827 τὰ
454 772 557 843 τῆς
600 769 835 840 ὑστάτης
867 763 1185 836 πολιορκίας
1213 763 1324 834 τῆςι
1339 762 1447 815 ὑπὸ
1485 762 1770 833 Ῥωμαίων
1802 757 2122 830 γενομένης,
2156 757 2232 822 ὡς
2255 757 2631 812 ἀποδέδεικται
2659 761 2718 814 ἐν
2748 760 2862 822 τοῖς
2891 757 3031 811 κατά
3064 757 3154 810 τὸν
3183 762 3262 824 ογ¹
3300 755 3635 830 εἰρημένοις,

447 863 502 914 Ὁ
555 859 700 925 Θεὸς
736 857 857 912 τῶν
898 853 1228 925 δυνάμεων,
1280 852 1653 921 ἐπίστρεψον
1679 851 1780 920 δὴ,
1822 851 1937 905 ἐπί-

2127 846 2294 904 Vens.
2329 848 2522 904 15-17.
2567 849 2710 904 Deus
2759 850 3034 912 virtutum,
3068 859 3387 914 convertere,
3439 851 3638 920 respice

364 955 598 1022 ϐλεψον
638 949 709 1014 ἐξ
743 945 1024 1016 οὐρανοῦ,
1058 944 1157 999 καί
1197 943 1308 1010 ἴδε,
1337 944 1438 998 καί
1475 945 1799 1013 ἐπίσκεψαι
1831 942 1949 1012 τὴν

362 1045 641 1116 ἀμπελον
667 1041 918 1107 ταύτην,
955 1039 1054 1092 καὶ
1079 1036 1429 1106 κατάρτισαι
1453 1036 1670 1106 αὐτὴν,
1704 1035 1785 1105 ἢν
1812 1037 1950 1106 ἐφύ-

362 1149 584 1191 τευσεν
622 1133 663 1201 ἠ
694 1129 862 1196 δεξιά
884 1143 1022 1194 σου,
1057 1128 1158 1183 καὶ
1197 1127 1297 1182 ἐπὶ
1330 1127 1467 1184 υἱὸν
1498 1126 1834 1195 ἀνθρώπου,
1874 1126 1949 1180 ὃν

364 1224 774 1295 ἐκραταίωσας
804 1219 1058 1286 σεαυτῷ.
1102 1215 1622 1288 Ἐμπεπυρισμένη
1661 1219 1802 1286 πυρὶ
1846 1217 1945 1272 καί

363 1313 815 1385 ἁνεσκαμμέγη,
861 1312 980 1366 ἀπὸ
1021 1309 1418 1379 ἐπιτιμήσεως
1465 1309 1574 1364 τοῦ
1620 1311 1946 1378 προσώπου

362 1421 481 1460 σου
526 1401 916 1458 ἀπολοῦνται.
961 1401 1049 1465 Ὠς
1097 1399 1300 1468 ἀγαθὸν
1342 1399 1587 1470 γεωργὸν
1628 1400 1947 1471 ὑπομνήσας

361 1496 463 1568 τῆς
494 1494 696 1565 πολλῆς
726 1492 892 1548 αὐτοῦ
922 1492 1051 1564 περὶ
1083 1491 1179 1563 τὴν
1207 1487 1453 1563 ἄμπελον
1484 1490 1822 1562 ἐπιμελείας,
1851 1492 1946 1547 καὶ

361 1587 461 1656 τῆς
496 1587 636 1656 μετά
678 1583 850 1637 ταῦτα
883 1581 1170 1653 συμϐάσης
1203 1583 1340 1654 αὐτῇ
1376 1581 1631 1654 ἐρημίας,
1681 1581 1810 1652 ἐξῆς
1851 1583 1947 1636 καὶ

362 1677 671 1740 ἀκολούθως
725 1675 960 1729 ἱκετεύει
1003 1674 1328 1747 ἐπιστρέψαι
1375 1675 1451 1738 ώς
1502 1673 1943 1745 ἀποστραφέντα,

362 1770 458 1823 καὶ
488 1770 575 1823 διὰ
607 1769 704 1840 τῆς
733 1770 1080 1841 ἀποστροφῆς
1103 1770 1215 1831 τοῖς
1247 1768 1509 1832 ἐναντίοις
1544 1769 1706 1820 πᾶσιν
1727 1766 1946 1821 ἐκδεδω-

361 1862 497 1915 κότα
529 1861 628 1934 τὴν
675 1860 938 1932 ἄμπελον.
993 1860 1317 1930 Ἐπισκέψαι
1366 1859 1424 1914 δὲ
1474 1859 1637 1914 αὐτὸν
1691 1858 1940 1924 ἱκετεύει,

361 1954 455 2008 καὶ
487 1951 773 2023 ἐπιϐλέψαι
802 1953 1007 2008 ἄνωθεν
1033 1951 1092 2018 ἐξ
1121 1952 1350 2024 ούρανοῦ
1370 1968 1386 1983 ο
1423 1952 1726 2024 μνησθῆναί
1756 1969 1836 2017 τε,
1867 1951 1944 2016 ὡς

359 2047 468 2118 ἀρα
502 2044 586 2118 εἴη
614 2044 778 2100 αὐτοῦ
809 2045 1022 2116 φυτεία,
1058 2045 1151 2099 καὶ
1177 2045 1278 2116 τῆς
1300 2043 1466 2098 αὐτοῦ
1495 2043 1674 2112 δεξιᾶς
1698 2043 1942 2116 γεωργία

360 2135 394 2205 ή
437 2134 797 2206 προλεχθεῖσα
843 2135 1108 2206 ἄμπελος,
1146 2136 1240 2189 καὶ
1286 2135 1592 2207 μνησθέντα
1641 2134 1942 2204 ἐπισκέψα-

2047 937 2110 992 de
2142 939 2293 1006 creto,
2332 951 2382 994 et
2434 941 2572 1007 vide,
2619 950 2669 995 et
2714 942 2872 996 visita
2913 943 3119 996 vineam
3145 942 3328 1007 istam,
3366 952 3416 996 et
3443 944 3638 1011 perﬁce

2046 1046 2186 1097 eam,
2228 1049 2386 1102 quam
2441 1033 2706 1102 plantavit
2755 1035 2974 1088 dextera
3004 1045 3118 1098 tua,
3167 1044 3218 1088 et
3269 1051 3426 1104 super
3463 1035 3634 1104 ﬁlium

2047 1122 2296 1190 hominis,
2330 1140 2483 1193 quem
2513 1125 2844 1193 con/irmasti
2889 1126 3006 1179 tibi.
3051 1123 3280 1179 Incensa
3310 1126 3418 1195 igni
3442 1135 3492 1178 et
3521 1125 3636 1196 suf-

2048 1215 2217 1284 fossa,
2243 1215 2308 1268 ab
2339 1215 2697 1284 increpatione
2720 1216 2894 1270 vultus
2925 1217 3002 1270 tui
3031 1217 3296 1286 peribunt.
3331 1215 3631 1287 Postquam

2046 1305 2098 1361 ei
2130 1312 2190 1359 ut
2215 1305 2358 1360 bono
2389 1307 2641 1376 agricola:
2677 1306 2734 1361 in
2779 1308 3097 1362 memoriam
3139 1308 3415 1362 revocavit
3445 1308 3636 1377 ingen-

2047 1408 2158 1457 tem
2216 1401 2365 1454 illam
2401 1415 2557 1455 suam
2609 1416 2706 1470 pro
2737 1401 2898 1456 vinea
2947 1400 3399 1464 sollicitudinem,
3433 1409 3487 1455 et
3518 1401 3629 1470 ipsi

2047 1492 2252 1549 illatam
2284 1501 2474 1562 postea
2529 1493 2880 1560 vastitatem;
2933 1498 3038 1549 sub
3084 1494 3198 1547 haec
3230 1501 3636 1563 consequenter

2046 1585 2339 1654 supplicat,
2374 1596 2430 1639 ut
2457 1586 2522 1640 ad
2552 1600 2672 1640 eam
2703 1601 2764 1640 se
2789 1591 3098 1648 convertat,
3123 1585 3217 1656 qui
3238 1585 3447 1655 pridem
3481 1600 3636 1641 aver—

2045 1691 2142 1733 sus
2192 1677 2244 1732 ei
2300 1685 2471 1740 esset,
2529 1691 2593 1730 ac
2643 1692 2739 1746 per
2777 1677 3123 1731 eversionem
3169 1676 3340 1738 illam,
3391 1676 3637 1734 inimicis

2043 1770 2287 1826 eamdem
2319 1771 2533 1826 vineam
2563 1770 2898 1826 tradidisset.
2947 1768 3124 1840 Rogat
3171 1777 3352 1826 autem
3389 1770 3543 1824 illum
3577 1781 3637 1825 ut

2045 1861 2358 1916 consideret
2415 1868 2470 1916 et
2508 1876 2730 1916 sursum
2786 1861 2855 1915 de
2885 1861 3027 1915 cmlo
3070 1861 3350 1929 respiciat,
3374 1841 3634 1917 recorde—

2044 1958 2244 2022 turque
2292 1961 2652 2007 memoratam
2703 1951 2942 2017 vineam,
2998 1953 3084 2007 sui
3139 1953 3537 2022 plantationem
3580 1962 3637 2009 et

2044 2043 2283 2100 dextera:
2331 2060 2447 2100 suae
2510 2044 2905 2114 agriculturam
2955 2059 3105 2107 esse,
3150 2044 3382 2114 ejusque
3425 2060 3638 2101 memor

2043 2137 2229 2192 visitet
2253 2136 2424 2200 illam,
2462 2144 2650 2206 utpote
2677 2151 2798 2206 quae
2826 2137 2956 2190 olim
2983 2137 3052 2191 ab
3072 2135 3193 2204 ejus
3223 2136 3449 2190 dextera
3480 2136 3637 2206 plan-

361 2226 486 2282 σθαι
515 2227 707 2296 αὐτὴν,
738 2227 814 2290 ὡς
853 2226 920 2280 ἂν
951 2226 1118 2279 πάλαι
1147 2227 1245 2294 μὲν
1279 2227 1383 2280 ὑπὸ
1427 2227 1526 2298 τῆς
1553 2225 1718 2281 αὐτοῦ
1759 2226 1937 2291 δεξιᾶς

2040 2236 2149 2284 tata
2180 2227 2344 2282 fuerit
2369 2246 2381 2281 :
2407 2227 2519 2298 jam
2543 2242 2672 2282 vero
2695 2227 2917 2282 incensa
2941 2228 3050 2298 igni
3078 2237 3133 2282 et
3163 2227 3422 2290 suifossa,
3456 2228 3526 2282 ab
3554 2228 3609 2281 in

358 2319 737 2390 φυτευθεῖσαν,
768 2319 884 2372 νυνὶ
912 2317 970 2372 δὲ
1005 2317 1493 2390 ἐμπεπυρισμένην
1527 2319 1661 2390 πυρὶ
1690 2319 1785 2371 καὶ
1817 2318 1941 2371 ἀνε-

358 2410 704 2483 σκαμμένην,
732 2411 828 2464 καὶ
855 2408 964 2463 ἀπὸ
999 2411 1371 2482 ἐπιτιμήσεως
1400 2407 1495 2462 τοῦ
1521 2408 1810 2480 προσώπου
1843 2407 1940 2462 αύ-

355 2505 450 2558 τοῦ
474 2504 832 2559 ἀπολωλυίαν.
867 2503 1036 2570 Ἀξιοῖ
1062 2520 1121 2557 τε
1149 2502 1580 2574 καταρτίσασθαι
1612 2501 1781 2572 αὐτὴν
1809 2501 1941 2555 ἀνα-

356 2599 588 2653 λαϐόντα
651 2598 748 2652 καὶ
810 2597 1262 2670 ἀνακτησάμενον
1308 2593 1464 2665 δίκην
1532 2593 1775 2665 σωτῆρος
1843 2590 1940 2648 καὶ

359 2688 544 2760 ἰατροῦ
563 2706 577 2719 ·
606 2687 890 2742 καὶταῦτα
917 2687 1120 2760 πρᾶξαι
1147 2685 1234 2740 διὰ
1265 2685 1359 2739 τοῦ
1389 2683 1520 2738 Υίοῦ
1549 2683 1609 2738 ὃν
1632 2683 1937 2756 ἐκραταίωο

357 2799 451 2835 σεν
484 2780 682 2852 ἐαυτῷ.
729 2782 808 2834 Δι’
857 2773 932 2836 ὧν
964 2779 1152 2848 σαφῶς
1183 2781 1213 2832 6
1251 2777 1410 2847 λόγος
1448 2775 1686 2830 διδάσκει
1721 2775 1938 2849 πρῶτον

2040 2319 2355 2390 crepatione
2410 2321 2596 2375 vultus
2629 2319 2751 2390 ejus
2797 2321 3041 2390 perierit.
3099 2319 3364 2389 Precatur
3409 2320 3541 2374 item
3577 2329 3636 2375 ut

2039 2428 2330 2469 resumens
2360 2421 2792 2483 restauransque
2819 2413 2966 2466 illam
3005 2413 3308 2468 servatoris
3335 2426 3399 2466 ac
3427 2410 3630 2466 medici

2048 2505 2226 2560 instar
2255 2503 2497 2580 reﬁciat:
2520 2514 2572 2558 et
2597 2503 2712 2558 haec
2733 2512 2858 2575 agat
2886 2519 2981 2574 per
2999 2503 3198 2557 Filium
3231 2519 3394 2574 quem
3428 2501 3633 2560 conﬁr-

2040 2597 2210 2652 mavit
2239 2597 2366 2653 sibi.
2387 2597 2556 2662 Queis
2576 2605 2764 2666 aperte
2789 2597 3104 2664 declaratur
3131 2596 3220 2652 hic
3246 2597 3486 2667 primum
3520 2597 3630 2652 loci

2039 2689 2356 2744 incendium
2414 2688 2689 2754 adnotari,
2713 2688 2860 2759 quod
2901 2704 2932 2742 a
2983 2687 3298 2759 Babyloniis
3333 2705 3635 2759 perpessus-

2039 2790 2141 2838 est.
2169 2779 2357 2850 Neque
2407 2781 2554 2834 enim
2591 2787 2712 2850 post
2762 2780 3067 2835 secundum
3100 2780 3414 2836 incendium
3451 2797 3482 2835 a
3516 2779 3631 2834 Ro-

2038 2874 2217 2928 manis
2251 2873 2482 2935 illatum,
2536 2873 2785 2928 divinum
2838 2871 3141 2928 Salvatoris
3186 2873 3501 2936 adventum,
3533 2875 3630 2944 qui

2031 2967 2144 3038 jam
2168 2969 2497 3040 contigerat,
2534 2969 2801 3023 maturari
2857 2978 3127 3039 rogasset.
3175 2967 3496 3038 Opportune
3534 2983 3633 3021 au-

354 3054 609 3128 πρησμὺν
639 3055 730 3108 τὸν
759 3055 866 3108 ὑπὸ
901 3053 1188 3126 Ῥωμαίων
1231 3053 1524 3124 γενόμενον
1562 3050 1660 3123 τὴν
1691 3049 1787 3104 τοῦ
1822 3051 1937 3103 Σω-

2040 3069 2146 3114 tem
2200 3067 2324 3130 post
2394 3061 2631 3132 priorem
2693 3061 2842 3116 illam
2895 3061 3002 3114 loci
3060 3061 3428 3115 calamitatem
3474 3065 3637 3129 rogat

352 3149 518 3219 τῆρος
555 3147 877 3217 θεοφάνειαν
905 3145 1161 3216 γενέσθαι
1189 3145 1344 3216 ἠξίου
1375 3144 1474 3214 τὴν
1503 3143 1603 3215 ἤδη
1631 3143 1936 3214 γεγενημέ-

2040 3153 2408 3222 postulalque,
2427 3161 2488 3206 ut
2505 3153 2837 3224 Redemptor
2865 3153 3117 3208 adveniat
3140 3167 3279 3223 :quo
3310 3151 3629 3217 accedente,

354 3258 474 3312 νην.
507 3239 720 3312 ,Χώραν
761 3240 817 3293 δὲ
864 3239 979 3311 ἔχει
1022 3238 1162 3311 μετὰ
1193 3239 1264 3293 τά
1301 3236 1494 3309 πρῶτα
1527 3236 1812 3308 συμϐάντα
1858 3237 1937 3308 τῷ

2040 3243 2162 3313 quia
2187 3244 2418 3313 gratiam
2444 3244 2579 3314 ipsis
2609 3245 2887 3314 prioribus
2921 3244 3303 3299 annuntiatam
3334 3259 3444 3298 non
3474 3259 3626 3298 rece-

351 3332 504 3404 τόπῳ
532 3332 794 3386 ἱκετεύειν
815 3332 910 3386 καὶ
934 3330 1149 3385 δέεσθαι
1177 3328 1270 3383 τὸν
1290 3329 1584 3401 Δυτρωτὴν
1615 3330 1898 3400 ἐπιστῆναι
1918 3345 1932 3360 ⁸

2041 3342 2264 3405 perunt,
2301 3347 2600 3391 extremam
2649 3338 3118 3407 promcritamque
3159 3337 3472 3392 vastitatem
3503 3334 3630 3405 jure

351 3417 416 3479 οὗ
459 3423 803 3490 ἐπιστάντος,
841 3423 968 3478 ἐπεὶ
1011 3421 1088 3494 μὴ
1135 3421 1502 3493 παρεδέξαντο
1551 3420 1649 3492 τὴν
1699 3420 1935 3492 πρώτοις

2040 3425 2281 3493 perpessi
2339 3434 2489 3489 sunt,
2521 3441 2684 3496 quam
2720 3427 2837 3496 ipse
2869 3427 3242 3481 comminatus
3274 3426 3384 3482 illis
3427 3435 3509 3482 est
3541 3426 3632 3482 his

351 3516 536 3580 αὐτοῖς
565 3515 632 3568 δι’
662 3515 826 3569 αὑτοῦ
855 3513 1320 3584 καταγγελθεῖσαν
1362 3513 1543 3584 χάριν,
1579 3513 1804 3576 εἰκότως
1833 3515 1933 3585 τὴν

2040 3515 2220 3569 verbis
2257 3533 2269 3569 :
2309 3515 2527 3581 Quoties
2567 3518 2708 3571 volui
2756 3534 3073 3588 congregare
3101 3518 3243 3588 ﬁlios
3280 3527 3420 3580 tuos,
3446 3533 3631 3586 quem-

352 3609 592 3680 ὑστάτην
619 3608 918 3679 ὑπέμειναν
940 3605 1178 3678 ἐρημίαν
1196 3622 1210 3637 ’
1245 3605 1314 3676 ἣν
1337 3606 1499 3669 αὐτὸς
1531 3605 1932 3677 προσετίμησεν

2040 3610 2326 3666 admodum
2362 3615 2566 3684 gallina
2609 3623 2889 3684 congregat
2919 3615 3092 3682 pullos
3118 3632 3242 3668 suos
3277 3614 3375 3670 sub
3403 3613 3544 3674 alas,
3574 3625 3626 3667 et

350 3701 534 3766 αὐτοῖς
583 3700 750 3755 εἰπών
767 3717 782 3732 ο
837 3699 1106 3765 Ποσάκις
1147 3697 1425 3767 ἠθέλησα
1465 3697 1932 3766 ἐπισυναγαγεῖν

2040 3705 2490 3762 noluistis?Ecce
2537 3709 2862 3776 relinquetur
2911 3707 3054 3761 vobis
3096 3708 3284 3761 domus
3332 3716 3507 3760 vestra
3536 3704 3628 3757 de-

349 3794 422 3848 τὰ
469 3793 654 3848 τέκνα
693 3809 831 3858 σου,
863 3792 936 3848 ὃν
981 3793 1207 3861 τρόπον
1253 3789 1420 3860 ὄρνις
1454 3789 1808 3860 ἐπισυνάγει
1858 3787 1932 3844 τὰ

2040 3808 2180 3852 serta
2205 3800 2249 3831 ⁸ο
2275 3815 2288 3852 :
2319 3798 2541 3868 quando
2573 3799 2875 3854 secundum
2916 3797 3264 3870 Apostolum,
3296 3796 3525 3865 pervenit
3553 3810 3622 3848 aa

348 3887 575 3941 νοσσία
602 3887 722 3942 ὑπὸ
768 3886 877 3952 τὰς
916 3884 1233 3954 πτέρυγας,
1266 3884 1367 3938 καὶ
1409 3885 1522 3938 οὐκ
1551 3883 1931 3952 ἠθελήσατε;

2040 3903 2124 3942 eos
2148 3890 2233 3943 ira
2257 3891 2310 3942 in
2347 3891 2502 3949 linem
2527 3889 2596 3943 “.
2800 3887 2806 3896 ’

363 3977 518 4034 Ἰδοὺ
548 3980 784 4050 ἀφίεται
807 3979 951 4050 ὑμῖν
974 3981 1008 4035 ό
1039 3973 1204 4046 οἶκος
1235 3977 1405 4048 ὑμῶν
1429 3977 1684 4047 ἕρημοςο
1725 3978 1813 4031 ὅτε
1863 3978 1960 4032 καὶ¹
1997 3981 2137 4036 κατὰ
2183 3984 2274 4038 τὸν
2316 3983 2660 4048 Ἀπόστολον,
2692 3981 2959 4051 ἔφθασεν
3003 3983 3092 4048 είς
3129 3979 3350 4034 αὑτοὺο
3393 3977 3432 4046 ἢ
3474 3973 3626 4046 ὀργὴ

347 4077 436 4142 είς
457 4073 650 4141 τέλος.

355 2866 496 2924 εἶναι
539 2871 632 2925 τὸν
665 2870 991 2942 ἐμπρησμὸν
1029 2869 1088 2923 ὃν
1120 2868 1337 2941 πρῶτον
1379 2867 1670 2939 ὑπέμεινεν
1702 2868 1730 2920 6
1773 2867 1940 2933 τόπος

355 2963 463 3017 ὑπὸ
505 2962 882 3016 Βαϐυλωνίων.
926 2961 999 3016 Ob
1039 2961 1148 3034 γὰρ
1175 2961 1242 3016 ἃν
1277 2960 1417 3032 μετά
1445 2960 1536 3014 τὸν
1562 2959 1814 3033 δεύτερον
1840 2961 1941 3030 ἐμ-

419 4213 742 4284 Γενηθήτω
766 4212 805 4280 ή
854 4212 985 4282 χείρ
1028 4226 1145 4267 σου
1187 4212 1282 4265 ἐπ’
1324 4211 1511 4280 ἄνδρα
1547 4210 1750 4278 δεξιᾶς
1788 4227 1928 4278 σου,

348 4307 450 4362 καὶ
481 4307 580 4361 ἐπὶ
603 4307 742 4363 υἱὸν
765 4306 1104 4374 ἀνθρώπου,
1134 4306 1208 4360 ὃν
1232 4305 1643 4374 ἐκραταίωσας
1673 4305 1928 4372 σεαυτῷ.

349 4400 462 4456 Καὶ
504 4402 577 4456 οὺ
604 4399 690 4470 μὴ
723 4399 1084 4468 ἀποστῶμεν
1132 4398 1250 4452 ἀπὸ
1284 4399 1421 4463 σοῦ,
1462 4399 1711 4466 ζὼώσεις
1747 4397 1929 4469 ἡμᾶς.

347 4494 494 4548 Μίαν
515 4493 626 4547 τῶν
654 4491 1061 4566 προλεχθέντων
1089 4491 1346 4546 ἁπάντων
1371 4491 1668 4561 θεραπείαν
1692 4491 1930 4546 διδάσκει

345 4586 408 4640 τδ
449 4587 675 4657 Πνεῦμα
719 4585 782 4638 τὸ
825 4585 999 4653 ἅγιον,
1032 4583 1131 4654 τὴν
1164 4585 1246 4646 είς
1293 4583 1610 4655 ἀνθρώπους
1657 4583 1752 4637 τοῦ
1799 4586 1933 4655 Χρι-

349 4677 476 4733 στοῦ
501 4677 596 4732 τοῦ
627 4675 762 4731 Θεοῦ
793 4674 1112 4747 παρουσίαν.
1145 4675 1344 4746 Διόπερ
1373 4674 1508 4745 μετὰ
1535 4674 1604 4728 τὰ
1631 4692 1934 4746 προφητευ-

345 4770 508 4826 θέντα
537 4771 664 4841 περὶ
688 4769 789 4839 τῆς
816 4769 1049 4840 ἐρημίας
1073 4766 1169 4820 τοῦ
1199 4765 1521 4838 ἀμπελῶνος
1546 4766 1642 4819 καὶ
1664 4765 1757 4818 τοῦ
1779 4765 1933 4818 ἐπελ-

2108 4209 2273 4264 Vens.
2311 4209 2395 4264 18.
2438 4206 2567 4262 Fiat
2598 4223 2790 4262 manus
2840 4216 2950 4260 tua
2981 4221 3140 4274 super
3177 4205 3349 4259 virum
3391 4205 3626 4264 dextera:

2037 4313 2163 4366 ενα»,
2193 4312 2244 4356 et
2271 4286 2428 4366 super
2456 4299 2628 4370 ﬁlium
2669 4297 2918 4362 hominis,
2955 4313 3107 4368 quem
3141 4297 3472 4364 conﬁrmasti
3502 4297 3620 4350 tibi.

2036 4394 2105 4448 Et
2143 4411 2247 4448 non
2277 4392 2604 4447 discedemus
2641 4408 2673 4444 a
2703 4401 2772 4451 te,
2797 4387 3088 4457 viviﬁcabis
3122 4405 3236 4442 nos.
3271 4387 3445 4442 Unam
3484 4405 3622 4460 pra:-

2033 4487 2309 4542 dictorum
2351 4485 2597 4539 omnium
2642 4481 2983 4538 curationem
3027 4480 3188 4535 docet
3219 4480 3458 4550 Spiritus
3491 4495 3622 4536 san-

2036 4587 2180 4644 ctus,
2239 4593 2436 4648 nempe
2487 4575 2694 4632 Christi
2743 4573 2839 4630 Dei
2886 4572 2955 4627 ad
3013 4572 3263 4626 homines
3303 4572 3618 4626 adventum.

2037 4667 2404 4736 Quamobrem
2465 4677 2592 4740 post
2642 4651 2986 4738 prophetiam
3037 4663 3106 4718 de
3136 4663 3310 4717 vinea:
3339 4661 3617 4728 vastitate,

2038 4763 2178 4817 etde
2208 4762 2394 4816 futuro
2422 4763 2545 4831 ejus
2588 4758 2868 4822 incendio,
2903 4757 2988 4811 bis
3019 4747 3294 4825 supplicat
3326 4760 3384 4806 ut
3406 4751 3625 4807 redem-

349 4865 532 4928 θόντος
561 4840 710 4934 αύτῷ
752 4862 1082 4936 ἐμπρησμοῦ
1114 4862 1344 4917 ἱκετεύει
1383 4859 1452 4913 τὰ
1485 4859 1825 4931 προκείμενα
1853 4860 1934 4920 είς

2040 4859 2247 4921 ptorem
2283 4860 2603 4921 exspectare
2650 4851 2831 4917 liceat,
2885 4849 3064 4901 virum
3111 4845 3348 4899 dexterae
3400 4840 3517 4910 Dei,
3565 4851 3619 4896 et

347 4958 410 5012 τδ
453 4957 758 5031 προσδοκᾷν
802 4957 1082 5030 λυτρωτὴν
1130 4957 1222 5010 τὸν
1265 4955 1433 5027 ἄνδρα
1479 4953 1578 5024 τῆς
1624 4950 1805 5017 δεξιᾶς
1831 4949 1926 5003 τοῦ

347 5047 504 5113 Θεοῦ,
538 5047 633 5100 καὶ
670 5045 763 5098 τὸν
785 5046 898 5099 υἱὸν
933 5045 1030 5099 τοῦ
1068 5043 1353 5118 ἀνθρώπου
1389 5044 1481 5096 τὸν
1515 5041 1620 5111 ὑπὸ
1661 5040 1755 5093 τοῦ
1794 5040 1930 5094 Θεοῦ

348 5137 845 5210 κεκραταιωμένον.
882 5131 1048 5200 Οῦτος
1079 5137 1136 5190 δὲ
1166 5133 1235 5208 ἦν
1263 5139 1291 5190 6
1319 5134 1604 5206 ἀγαπητὸς
1643 5131 1742 5186 τοῦ
1771 5130 1930 5196 Θεοῦ,

343 5231 408 5284 ὃν
435 5231 634 5284 εἰδέναι
672 5230 766 5283 καὶ
817 5231 1070 5300 παρεῖναι
1102 5227 1170 5281 δι’
1209 5228 1377 5299 εύχῆς
1407 5225 1650 5280 τίθεσθαι
1700 5223 1931 5296 παραδί-

347 5323 479 5378 δωσι
523 5324 642 5386 τοῖς
684 5320 1138 5391 ἐντυγχάνουσιν·
1185 5319 1260 5382 ὡς
1309 5318 1395 5380 ἂν,
1437 5316 1657 5385 γνόντες
1689 5314 1851 5368 αὐτὸν
1882 5313 1932 5366 οἱ

345 5414 523 5470 ταῦτα
565 5414 1050 5485 προδιδασκόμενοι
1077 5413 1173 5465 καὶ⁷
1205 5413 1284 5473 εἰς
1315 5410 1478 5462 αὑτὸν
1519 5407 1930 5469 πιστεύσαντες,

343 5505 412 5558 δι’
433 5504 598 5557 αὐτοῦ
624 5505 806 5574 τυχεῖν
829 5503 928 5572 τῆς
958 5501 1066 5553 τῶν
1093 5498 1280 5552 κακῶν
1308 5498 1606 5568 θεραπείας
1628 5496 1927 5548 ἐλπίσειαν.

347 5595 440 5650 Διὸ
469 5597 534 5648 ἐκ
575 5593 870 5666 προσώπου
909 5591 1016 5645 τῶν
1046 5589 1342 5660 θεραπείας
1381 5587 1651 5656 δεομένων
1687 5584 1820 5656 φησὶ
1845 5584 1929 5648 τὸ,

348 5689 668 5756 Γενηθήτω
699 5688 737 5755 ἡ
767 5687 896 5756 χείρ
936 5699 1052 5739 σου
1079 5684 1172 5738 ἐπ’
1207 5681 1395 5749 ἄνδρα
1417 5679 1621 5746 δεξιᾶς
1661 5694 1798 5746 σου,
1829 5679 1928 5733 καί

423 5845 472 5879 ⁸ο
506 5843 698 5900 Matth.
736 5857 908 5910 xxnt,
944 5841 1033 5898 '57.
1109 5840 1154 5872 ⁸³
1195 5837 1214 5892 l
1250 5837 1446 5893 Thess.
1481 5851 1556 5903 ιι,
1593 5836 1660 5890 lli

2035 4945 2208 4999 lilium
2243 4943 2480 4998 hominis
2507 4959 2538 4998 a
2583 4941 2693 4996 Deo
2720 4939 3124 4996 conﬁrmatum.
3162 4933 3262 4988 llic
3305 4947 3470 5003 porro
3499 4941 3618 4986 erat

2035 5036 2271 5090 dilectus
2305 5033 2398 5089 Dei
2430 5053 2441 5088 :
2466 5049 2626 5102 quem
2648 5047 2707 5087 se
2727 5045 2911 5090 nosse,
2940 5043 3005 5081 ac
3031 5034 3091 5080 ut
3119 5023 3376 5078 adveniat
3401 5022 3456 5074 in
3488 5029 3623 5075 voto

2037 5129 2238 5183 habere
2271 5128 2576 5198 legentibus
2621 5125 2833 5190 tradit;
2888 5119 3064 5190 utqui
3109 5117 3223 5172 haec
3255 5115 3410 5186 prius
3437 5113 3618 5168 edocti

2041 5228 2193 5285 sunt,
2227 5221 2330 5274 hac
2381 5218 2573 5272 notitia
2609 5224 2666 5271 et
2701 5215 2805 5268 ﬁde
2837 5214 2892 5267 in
2933 5212 3085 5265 illum
3133 5205 3412 5270 instructi,
3441 5203 3616 5258 malo-

2041 5328 2160 5367 rum
2218 5310 2520 5366 remedium
2583 5307 2650 5362 ab
2695 5321 2763 5360 eo
2814 5321 2873 5361 se
2931 5308 3329 5357 consecuturos
3375 5303 3616 5367 sperent.

2035 5403 2213 5470 Quare
2235 5419 2302 5456 ex
2337 5416 2568 5472 persona
2621 5413 2810 5454 eorum
2836 5397 2926 5466 qui
2975 5393 3184 5448 medela
3236 5405 3374 5460 opus
3417 5389 3619 5442 habent

2034 5499 2152 5551 ait:
2190 5495 2315 5548 Fiat
2361 5509 2549 5546 manus
2600 5501 2692 5544 tua
2744 5505 2900 5558 super
2923 5489 3097 5540 virum
3139 5485 3372 5537 ἄρτιοι-(ιτ
3415 5494 3540 5544 tuae,
3567 5488 3615 5532 et

2029 5602 2187 5655 super
2218 5585 2390 5654 ﬁlium
2435 5581 2685 5644 hominis,
2711 5595 2861 5648 quem
2891 5574 3220 5644 conﬁrmasti
3268 5572 3379 5626 tibi.
3408 5569 3479 5623 Et
3512 5585 3620 5622 non

2030 5677 2354 5733 discedemus
2377 5692 2409 5730 a
2435 5685 2504 5731 te.
2532 5672 2659 5729 llaec
2689 5686 2852 5744 porro
2880 5669 3033 5726 verbi
3063 5665 3334 5725 sententia
3356 5671 3440 5720 est
3475 5681 3488 5720 :
3523 5657 3620 5717 Ve}
