4078 6432
503 377 605 432 967
1236 375 1502 431 EUSEBII
1541 374 2017 433 CAESARIENSIS
2052 374 2203 432 OPP.
2242 374 2425 432 PARS
2461 375 2548 431 lli.
2576 407 2644 416 —
2672 374 3083 433 EXEGETICA.
3652 375 3777 431 968

502 507 649 548 nunc
680 490 895 546 tandem
940 505 1136 547 manus
1167 499 1259 546 tua
1290 493 1504 546 occulta
1545 493 1635 546 illa
1662 499 1718 547 et
1765 492 2078 554 invisibilis.

2187 493 2284 545 ἐπὶ
2314 493 2448 546 υἱὸν
2473 492 2808 561 ἀνθρώπου,
2836 492 2909 545 ὃν
2925 490 3333 559 ἐκραταίωσας
3365 488 3621 555 σεαυτῷ.
3645 489 3779 545 Καὶ

503 583 785 637 illucescat
804 582 858 636 in
887 582 1002 635 viro
1026 582 1262 637 dextera:
1282 590 1389 637 tuae
1418 583 1693 646 ministro,
1723 592 1778 639 et
1813 584 1867 638 in
1895 599 1961 640 eo
1982 585 2077 655 qui

2183 585 2250 636 οὐ
2274 583 2360 652 μὴ
2389 582 2745 652 as:sz
2764 581 2884 637 ἀπὸ
2899 581 3036 636 σοῦ.
3074 581 3139 633 Ἠ
3157 579 3215 633 δὲ
3230 579 3459 648 δύναμις
3477 578 3571 631 τοῦ
3595 579 3773 647 λόγου

502 671 674 727 Filius
708 673 946 729 hominis
966 674 1247 729 vocandus
1267 682 1353 729 est
1381 694 1394 729 :
1426 690 1587 745 quem
1623 682 1681 729 tu
1714 676 1810 730 tibi
1848 679 2075 746 parasti,

2183 676 2365 730 τοῦτον
2394 676 2507 747 ἔχει
2528 676 2621 730 τὸν
2650 675 2775 729 νοῦν
2793 691 2807 706 ο
2841 674 2978 745 Ἤδη
3018 674 3149 727 ποτὲ
3180 672 3368 747 ήᾼχείρ
3394 689 3507 747 Δσου
3552 672 3587 742 ἡ
3625 673 3754 739 ἀφα.

462 762 471 767 ’
500 773 665 835 atque
694 775 752 819 ut
792 767 1214 822 instrumentum
1254 769 1477 824 virtutis
1506 776 1613 824 tua:
1641 769 2003 832 conﬁrmasti,
2024 778 2078 825 ct

2183 767 2275 838 νὴς
2306 770 2401 822 καὶ
2424 742 2665 841 -αόρατος
2700 742 3062 839 ἐπιλαμψατω
3097 742 3313 819 ἐπὶντδν
3340 742 3632 837 *ὑπηρέτην
3658 765 3770 835 τῆς

499 859 659 928 quasi
689 858 908 913 deitatis
950 867 1056 913 tua:
1094 860 1450 915 simulacrum
1486 862 1760 918 excitasti.
1794 861 1931 916 Nam
1977 862 2078 918 hoc

2183 859 2281 929 σῆς
2306 859 2485 923 δεξιᾶς
2514 861 2701 932 ἄνδρα,
2728 860 2820 915 καὶ
2863 860 2955 914 ἐπὶ
2979 858 3073 912 τὸν
3105 856 3365 927 μέλλοντα
3397 854 3769 927 χρηματίζειν

500 957 816 1019 apparente,
851 967 962 1005 non
1007 951 1240 1007 ulterius
1270 951 1414 1006 idola
1444 953 1724 1009 colemus:
1776 952 1873 1009 sed
1902 969 2078 1024 neque

2183 953 2309 1006 Υίὸν
2348 953 2635 1025 ἀνθρώπου
2657 971 2670 984 ο
2697 954 2757 1007 ὃν
2786 954 2850 1006 σὺ
2882 951 3065 1022 σαυτῷ
3117 948 3548 1011 κατεσκεύασας,
3591 949 3769 1019 ἐκρα-

497 1042 793 1095 multorum
840 1043 1127 1097 numinum
1157 1044 1331 1098 errori
1388 1045 1709 1111 serviemus,
1746 1060 1926 1114 neque
1962 1060 2078 1099 am-

2183 1045 2418 1109 ταίωσας
2466 1046 2696 1117 ὄργανον
2737 1046 2838 1117 τῆς
2897 1045 2997 1116 σῆς
3050 1043 3372 1112 δυνάμεως,
3416 1042 3510 1094 καὶ
3564 1039 3766 1111 ὥσπερ

497 1135 641 1204 plius
673 1150 703 1188 a
734 1143 787 1190 te
814 1135 1156 1191 recedemus.
1186 1136 1482 1207 Postquam
1504 1143 1685 1191 autem
1708 1137 1778 1192 ab
1796 1152 1862 1192 eo
1886 1137 2075 1201 vitam,

2183 1140 2399 1213 ἄγαλμα
2428 1142 2526 1212 τῆς
2567 1139 2761 1193 σαυτοῦ
2808 1138 3062 1209 θεότητος
3102 1137 3291 1191 τοῦτον
3322 1135 3487 1189 αὐτὸν
3518 1134 3765 1203 ἀναστῄο

496 1235 551 1281 et
589 1229 821 1282 salutem
850 1244 969 1298 qua:
989 1228 1044 1283 in
1071 1236 1126 1283 te
1158 1238 1243 1283 est
1267 1229 1664 1299 acceperimus,
1694 1244 1893 1284 nomen
1922 1236 2078 1283 tuum

2183 1251 2298 1298 σας.
2326 1233 2530 1286 Τούτου
2572 1232 2681 1302 γὰρ
2719 1230 2999 1300 φανέντος,
3034 1228 3273 1292 εἰδώλοις
3304 1226 3486 1281 οὐκέτι
3525 1225 3763 1296 λατρεύ-

496 1315 914 1373 invocabimus:
975 1333 1154 1388 neque
1204 1318 1437 1375 ulterius
1490 1318 1800 1389 cujuspiam
1860 1319 2078 1374 nomine

2183 1342 2346 1397 σομεν
2368 1342 2382 1355 ·
2442 1324 2557 1378 ἀλλ’
2606 1324 2726 1378 οὺδέ
2768 1324 2835 1394 τῇ
2869 1321 3113 1392 πολυθέῳ
3158 1321 3334 1392 πλάνη
3378 1318 3762 1388 δουλεύσομεν,

497 1409 913 1477 appellabimur,
970 1425 1079 1463 non
1115 1411 1184 1465 ab
1236 1410 1438 1465 lsraele
1483 1410 1765 1477 lsraelitae,
1822 1426 2001 1480 neque
2046 1425 2078 1463 a

2183 1421 2301 1475 οὐδὲ
2347 1416 2776 1489 ἀναχωρήσομέν
2816 1432 2909 1469 σου
2962 1415 3057 1468 τοῦ
3115 1412 3306 1467 λοιποῦ
3330 1429 3344 1442 ν
3397 1411 3465 1464 δι’
3497 1409 3666 1464 αὑτοῦ
3699 1410 3762 1463 δὲ

495 1498 635 1552 Juda
662 1498 866 1564 Judaei;
906 1500 999 1554 sed
1028 1514 1059 1552 a
1091 1506 1208 1563 tuo,
1239 1498 1479 1563 Christe,
1517 1501 1739 1556 nomine
1782 1499 2078 1555 Christiani

2183 1513 2488 1578 ζωωθέντες
2511 1511 2607 1564 καὶ
2640 1509 2740 1578 τῆς
2778 1508 2930 1579 παρὰ
2966 1508 3049 1560 σοὶ
3079 1505 3352 1577 σωτηρίας
3382 1504 3654 1573 τυχόντες,
3696 1504 3764 1557 τὸ

495 1594 833 1646 vocabimur.
864 1592 1206 1661 Quapropter
1243 1595 1543 1647 secundum
1578 1591 1965 1662 Symmachum
1995 1592 2078 1646 di-

2183 1604 2352 1675 ὗνομά
2375 1620 2468 1656 σου
2501 1599 2958 1669 ἐπικαλεσόμεθα,
2997 1598 3174 1651 οὐκέτ’
3206 1597 3266 1661 ἐξ
3292 1595 3577 1665 ἀνθρώπου
3611 1594 3761 1657 τινὸς

497 1684 639 1737 citur
663 1703 677 1737 :
725 1682 1026 1752 Viviﬁcabis
1050 1699 1166 1748 nos,
1194 1692 1243 1736 et
1279 1681 1488 1736 nomine
1516 1693 1607 1736 tuo
1634 1682 1955 1735 vocabimur.
1987 1680 2078 1736 Mi-

2183 1694 2639 1768 χρηματίζοντες,
2687 1691 2795 1745 οὐδ’
2852 1689 3177 1761 Ἰσραηλῖται
3221 1688 3331 1741 ἀπὸ
3384 1686 3479 1740 τοῦ
3541 1684 3761 1757 Ἰσραὴλ

497 1777 606 1838 rari
632 1791 796 1847 porro
827 1776 993 1839 subit,
1020 1791 1121 1830 cur
1150 1774 1320 1829 Judaei
1362 1776 1476 1830 haec
1505 1776 1769 1846 legentes,
1799 1784 1904 1830 et.a
1937 1782 2078 1830 tene-

2183 1787 2524 1859 καλούμενοι,
2557 1785 2673 1841 ἀλλ’
2702 1784 2824 1838 οὐδὲ
2856 1783 2964 1836 ἀπὸ
2989 1782 3082 1836 τοῦ
3122 1781 3290 1835 Ἰούδα
3332 1780 3571 1834 Ἰουδαῖοι
3594 1794 3609 1811 ·
3645 1778 3760 1831 ἀπὸ

498 1871 577 1925 ris
603 1870 916 1940 unguiculis
958 1871 1307 1934 meditantes,
1336 1885 1446 1925 non
1482 1877 1730 1940 quaerant
1764 1869 1889 1938 quis
1917 1866 2078 1923 fuerit

2256 1836 2789 1949 ,τοῦτ-σοῦ-όνΐόματοςγ
2805 1874 2900 1929 τοῦ
2934 1873 3170 1947 Χριστοῦ
3202 1872 3516 1944 Χριστιανοὶ
3542 1888 3760 1942 χρημα-

499 1964 592 2017 ille
626 1965 712 2017 vir
736 1964 974 2018 dexterae
998 1963 1112 2027 Dei,
1148 1979 1326 2034 neque
1354 1979 1479 2018 eum
1510 1964 1603 2033 qui
1636 1961 1808 2017 Filius
1840 1961 2078 2017 hominis

2183 1973 2421 2043 τίσομεν.
2461 1971 2551 2024 Διὸ
2581 1970 2829 2023 λέλεκται
2859 1966 2997 2021 κατὰ
3017 1967 3108 2020 τὸν
3128 1965 3422 2036 Σύμμαχον
3445 1980 3458 1994 ⁸
3488 1962 3759 2028 Ζωώσεις

496 2066 722 2110 vocatur
754 2063 1090 2126 cognoscant
1124 2076 1139 2111 :
1178 2072 1347 2126 quare
1380 2056 1437 2110 in
1467 2057 1781 2110 calamitate
1808 2066 1917 2110 ‘sua
1951 2070 2078 2125 per-

2183 2064 2357 2135 ήμᾶς,
2382 2064 2483 2118 καὶ
2509 2061 2588 2128 τῷ
2626 2061 2871 2131 ὀνόματὶ
2902 2075 3018 2113 σου
3050 2058 3489 2126 κληθησόμεθα.
3534 2054 3760 2123 Θαυμά-

497 2158 768 2204 severant.
802 2151 905 2216 Qui
942 2152 987 2204 si
1032 2152 1212 2220 ipsum
1261 2152 1543 2206 novissent
1590 2165 1654 2203 ac
1698 2151 2077 2217 edidicissent,

2183 2175 2272 2211 σαι
2295 2158 2353 2211 δὲ
2385 2157 2497 2209 ἔστι
2525 2156 2647 2208 τίνα
2669 2153 2868 2223 τρόπον
2913 2151 3122 2215 τούτοις
3162 2147 3580 2219 ἐντυγχάνοντες
3627 2146 3759 2199 Ἰου-

494 2244 697 2297 scirent
742 2244 931 2313 utique
965 2243 1059 2299 Dei
1094 2244 1355 2308 Verbum,
1382 2244 1528 2313 quod
1569 2246 1827 2314 praesenti
1874 2244 2078 2315 suppli-

2183 2250 2344 2305 δαίων
2375 2248 2581 2311 παῖδες,
2602 2245 2662 2310 ἐξ
2695 2243 2918 2298 ἁπαλῶν
2943 2259 3002 2295 τε
3052 2240 3258 2310 ὀνύχων
3302 2237 3475 2292 ταῦτα
3511 2253 3758 2306 καταμε-

495 2337 709 2389 catione
743 2336 1120 2401 invocabatur,
1149 2337 1203 2390 in
1234 2337 1355 2407 ipso
1392 2337 1689 2392 habitasse.
1726 2336 1830 2393 Sed
1863 2353 1964 2393 nos
1985 2341 2078 2409 qui

2183 2343 2462 2405 λετῶντες,
2489 2340 2550 2393 οὐ
2594 2337 2815 2409 ζητοῦσι
2839 2335 2931 2388 τὸν
2964 2334 3132 2405 ἄνδρα
3168 2331 3267 2403 τῆς
3292 2330 3470 2397 δεξιᾶς
3501 2329 3596 2382 τοῦ
3618 2327 3758 2382 Θεοῦ

492 2422 671 2497 ipsum
720 2429 1106 2498 prmexsistens
1152 2444 1294 2493 esse,
1331 2444 1395 2485 ac
1435 2430 1503 2485 de
1537 2430 1854 2486 hominibus
1897 2432 2078 2502 provi-

2183 2436 2266 2498 τίς
2296 2451 2427 2486 ποτε
2459 2428 2548 2504 ἦν,
2577 2432 2696 2484 οὐδὲ
2724 2431 2815 2483 τὸν
2848 2427 3139 2496 λεγόμενον
3172 2424 3299 2477 Υίὸν
3322 2420 3610 2493 ἀνθρώπου
3644 2422 3760 2473 ἐπι-

493 2520 732 2578 dentiam
775 2522 996 2579 omnino
1028 2537 1215 2593 gerere
1269 2524 1555 2589 novimus;
1605 2540 1729 2578 nam
1767 2523 1834 2578 In
1884 2524 2078 2578 mundo

2183 2529 2505 2600 γινώσκουσι
2524 2545 2536 2555 ·
2557 2527 2635 2580 διὸ
2657 2526 2750 2579 καὶ
2772 2520 3145 2595 παραμένουσι
3169 2520 3235 2589 τῇ
3252 2515 3459 2569 ἑαυτῶν
3479 2532 3542 2567 συ
3550 2513 3754 2584 μφορᾷ.

491 2628 627 2682 erat,
661 2628 709 2671 et
736 2618 961 2671 mundus
997 2633 1087 2685 per
1108 2619 1280 2685 ipsum
1304 2616 1477 2685 factus
1506 2627 1602 2683 est,
1632 2629 1680 2671 et
1713 2618 1939 2674 mundus
1961 2638 2079 2674 eum

491 2729 597 2765 non
634 2712 869 2781 cognovit
900 2710 983 2776 ⁸¹;
1018 2710 1226 2765 scimus
1257 2711 1435 2780 ipsum
1484 2710 1539 2764 in
1586 2712 1804 2781 propria
1842 2713 2077 2778 venisse,

492 2804 713 2874 quando
745 2818 939 2857 manus
966 2803 1087 2871 ejus
1114 2803 1228 2857 sive
1248 2804 1333 2858 vis
1360 2818 1595 2873 operans
1631 2804 1775 2857 facta
1797 2814 1881 2861 est
1916 2822 2081 2876 super

492 2899 671 2951 Virum
696 2895 934 2950 dextera:
956 2896 1096 2965 ejus,
1123 2896 1215 2966 qui
1239 2896 1294 2950 in
1312 2896 1620 2967 Evangeliis
1642 2896 1812 2953 Filius
1844 2898 2080 2955 hominis

492 2998 721 3043 vocatur
751 3008 764 3043 :
797 3005 958 3059 quem
1005 2990 1110 3044 sibi
1145 2990 1249 3060 ipsi
1295 2990 1412 3059 ipse
1443 3006 1508 3043 ex
1545 2988 1751 3058 Spiritu
1786 3000 1977 3047 sancto
1998 2990 2082 3048 ef-

494 3082 751 3137 formavit
778 3101 788 3135 :
814 3098 975 3152 quem
1007 3083 1057 3137 si
1086 3082 1424 3147 noverimus,
1461 3080 1754 3137 defectioni
1798 3099 2078 3154 nunquam

2193 2624 2279 2687 Ὠς
2332 2621 2491 2692 εἴπερ
2567 2618 2885 2686 ἐπέγνωσαν
2937 2615 3032 2667 καὶ
3091 2608 3501 2683 μεμαθήκεισαν
3556 2604 3756 2665 αὐτὸν,

2181 2715 2421 2784 ἔγνωσαν
2453 2711 2518 2766 ἂν
2549 2710 2643 2763 καὶ
2672 2708 2762 2761 τὸν
2800 2708 2858 2759 ἐν
2897 2702 3043 2773 αύτῷ
3068 2700 3471 2769 κατοικήσαντα
3497 2693 3633 2747 Θεοῦ
3662 2693 3758 2746 Δό-

2181 2824 2275 2875 γον
2315 2805 2375 2859 ὃν
2417 2806 2450 2875 ἡ
2501 2800 2748 2872 παροῦσα
2800 2799 2985 2867 δέησις
3027 2792 3359 2848 ἀνεκαλεῖτο.
3416 2787 3553 2841 Ἀλλ’
3597 2786 3754 2856 ἡμεῖς

2181 2901 2341 2955 αὐτὸν
2365 2899 2563 2961 εἰδότες
2597 2895 2853 2967 προόντα,
2890 2890 2984 2943 καὶ
3018 2889 3081 2940 ἐκ
3101 2886 3195 2939 τοῦ
3222 2883 3422 2946 παντὸς
3453 2877 3753 2950 ἀνθρώπων

2182 2989 2571 3061 ἐπιμελόμενον
2596 3002 2610 3015 ·
2643 2986 2737 3036 Ἐν
2752 2981 2859 3053 γὰρ
2874 2980 2954 3047 τῷ
2977 2980 3179 3046 κόσμῳ
3204 2971 3302 3046 ἦν,
3336 2973 3435 3027 καί
3464 2974 3497 3026 ὁ
3528 2971 3755 3039 κόσμος

2181 3085 2257 3139 δι’
2285 3080 2471 3139 αὐτοῦ
2502 3078 2756 3150 ἐγένετο,
2785 3074 2882 3128 καὶ
2905 3077 2937 3128 ὁ
2964 3073 3189 3139 κόσμος
3220 3066 3407 3121 αὐτὸν
3430 3065 3541 3118 οὐκ
3735 3077 3751 3090 ’

494 3128 751 3137 -υ-.-.-.--
778 3128 788 3135 .
816 3128 975 3152 ηπ.--
1007 3128 1057 3137 ν-
1086 3128 1424 3147 -.ν.υ.--.-,,,
1464 3128 1754 3137 *ων-η--.
1798 3128 2078 3154 -._...,.......

492 3176 717 3231 obnoxii
760 3177 987 3238 erimus,
1030 3176 1098 3230 ab
1126 3192 1192 3231 eo
1226 3176 1391 3229 vitam
1439 3175 1792 3245 accipientes,
1822 3177 1941 3246 ejus
1978 3193 2076 3232 no-

2183 3128 2527 3247 ἷσμένναύτὸν
2784 3166 2854 3220 τὰ
2883 3165 2987 3219 ἴδια
3018 3128 3260 3224 ἐλθόντα,
3295 3160 3383 3211 ὅτε
3414 3155 3509 3211 καὶ
3535 3128 3756 3247 γέγονεν

492 3269 641 3324 mine
682 3269 958 3339 appellati.
988 3267 1100 3324 Nos
1143 3271 1325 3339 itaque
1353 3269 1447 3339 qui
1503 3267 1697 3322 Filium
1730 3269 1964 3323 hominis
1994 3285 2081 3324 ex-

494 3373 832 3436 spectamus,
862 3373 917 3420 et
940 3381 1091 3435 spem
1133 3374 1375 3419 nostram
1424 3364 1479 3417 in
1506 3364 1683 3433 ipsum
1719 3363 2075 3434 conjecimus,

493 3460 610 3514 haec
644 3458 711 3514 de
741 3459 900 3514 nobis
933 3458 1067 3530 ipsis
1098 3457 1375 3527 loquimur
1400 3473 1415 3509 :
1436 3470 1535 3525 pro
1552 3454 1810 3509 membris
1838 3470 1967 3509 vero
1988 3471 2081 3509 no-

494 3554 625 3609 stris
674 3553 940 3623 reliquam
1006 3551 1311 3605 orationem
1368 3548 1650 3602 fundimus
1700 3546 1787 3602 his
1846 3547 2075 3602 verbis:

492 3676 560 3686 —
588 3644 757 3700 Vsus.
795 3646 884 3700 20.
902 3645 1058 3699 ‘Deus
1083 3645 1356 3706 virtutum,
1392 3652 1631 3696 converte
1660 3657 1775 3704 nos,
1797 3648 1846 3694 et
1866 3639 2077 3693 ostende

418 3749 422 3751 ‘
496 3740 685 3807 faciem
710 3747 856 3792 tuam
883 3748 932 3793 et
959 3738 1093 3793 salvi
1131 3737 1347 3800 erimus,
1389 3748 1695 3791 sermonem
1720 3732 1773 3787 in
1798 3732 2074 3787 communi

492 3831 837 3903 proferentes
864 3847 964 3902 pro
995 3832 1082 3897 iis,
1110 3831 1205 3901 qui
1233 3828 1474 3884 nondum
1503 3825 1757 3882 conversi
1781 3833 1931 3889 sunt,
1955 3838 2078 3879 nec-

495 3925 624 3979 dum
656 3924 949 3979 adventum
975 3923 1095 3993 ejus
1126 3930 1433 3988 noverunt;
1466 3921 1699 3991 ideoque
1726 3918 1969 3973 nondum
1994 3931 2074 3972 sa-

495 4014 663 4069 lutem
694 4030 723 4067 a
758 4014 867 4069 Deo
897 4026 1026 4069 sunt
1058 4014 1363 4069 consecuti.

2183 3243 2347 3321 αύτοῦ
2376 3267 2410 3335 ἡ
2436 3264 2576 3334 χεὶρ,
2609 3260 2883 3314 τουτέστιν
2908 3260 2940 3328 ἡ
2972 3251 3250 3325 πρακτικὴ
3275 3250 3502 3318 δύναμις
3534 3243 3755 3311 ἐπὶμεδν

2181 3359 2350 3430 ἄνδρα
2370 3357 2466 3427 τῆς
2493 3354 2673 3419 δεξιᾶς
2694 3350 2858 3405 αὐτοῦ
2878 3391 2892 3411 ,
2922 3349 3011 3402 τὸν
3043 3346 3135 3400 καὶ
3164 3343 3249 3398 διὰ
3274 3341 3381 3394 τῶν
3408 3335 3755 3430 Εὐαγγελίων

2182 3426 2310 3505 Υίὸν
2337 3426 2625 3518 ἀνθρώπου
2655 3440 3071 3515 χρηματίσαντα
3090 3454 3102 3466 ·
3136 3435 3195 3488 ὃν
3215 3432 3376 3494 αὐτὸς
3406 3426 3583 3497 ἐαυτῷ
3603 3441 3755 3479 συνε-

2183 3544 2419 3614 στήσατο
2461 3538 2520 3606 ἐξ
2554 3538 2709 3607 ἁγίου
2758 3533 3073 3603 Πνεύματος
3124 3525 3490 3597 καταρτίσας·
3535 3520 3596 3614 όν
3637 3519 3757 3614 sm:

2180 3607 2400 3704 γνόντες
2448 3630 2807 3686 ἀναπόστατοι
2857 3624 3041 3677 λοιπὸν
3086 3615 3427 3690 γενησόμεθα
3479 3613 3547 3667 δι’
3593 3607 3754 3665 αὑτοῦ

2182 3727 2511 3797 ζωούμενοι,
2563 3722 2641 3792 τῷ
2702 3737 2763 3773 τε
2808 3718 3031 3787 ὀνόματι
3082 3710 3248 3766 αὑτοῦ
3305 3704 3752 3797 χρηματίζοντες.

2192 3794 2380 3890 Ἦμείς
2432 3816 2529 3886 μὲν
2580 3807 2673 3867 οὖν
2704 3812 2753 3863 οἱ
2788 3808 2877 3862 τὸν
2907 3807 3034 3860 Υίὸν
3068 3803 3163 3857 τοῦ
3196 3798 3484 3890 ἀνθρώπου
3528 3794 3750 3890 προσέὀο-

2179 3883 2380 3971 κῶντες
2402 3883 2495 3959 καὶ
2520 3904 2618 3967 τὰς
2647 3900 2865 3961 ἐλπίδας
2882 3898 2961 3960 εἰς
2977 3896 3137 3949 αὑτὸν
3165 3888 3555 3963 ἀνηρτημένοι,
3584 3883 3755 3938 ταῦτα

2179 4003 2306 4074 περὶ
2347 3998 2554 4053 ἑαυτῶν
2595 4011 2776 4065 φαμεν
2799 4010 2812 4022 ·
2843 3991 2969 4062 περὶ
2994 3988 3049 4041 δὲ
3092 3987 3198 4040 τῶν
3236 3982 3519 4056 ἡμετέρων
3555 3974 3750 4048 μελῶν,

493 4109 591 4180 τὴν
614 4109 803 4180 λοιπὴν
842 4109 1121 4181 ἱκετηρίαν
1152 4107 1547 4178 ἀναπέμπομεν
1574 4105 1903 4175 φάσκοντες·
1936 4100 1988 4153 '0
2030 4100 2173 4165 Θεὸς
2200 4095 2320 4150 τῶν
2346 4092 2676 4181 δυνάμεων,
2708 4086 3077 4181 ἐπέστρεφον
3121 4078 3297 4181 inde,
3336 4076 3435 4131 καὶ
3460 4075 3753 4181 saliares-

591 4162 916 4269 πρόσωπόν
938 4162 1073 4266 σὲυ,
1105 4200 1201 4254 καὶ
1236 4162 1651 4269 σωθησόμεθα,
1672 4162 2100 4255 κοινοποιοῦντες
2131 4162 2222 4243 τὸν
2249 4188 2403 4255 λόγον
2428 4183 2568 4254 ὑπὲρ
2598 4180 2707 4234 τῶν
2743 4171 3454 4269 μηδέπω-ἐπιστρεψάντων,
3487 4165 3622 4237 μηδὲ
3655 4162 3751 4234 τὴν

497 4260 815 4363 ἐπιφανειαν
861 4260 1246 4361 ἐπεγνωκότων
1300 4260 1494 4356 αὐτοῦ,
1518 4291 1613 4344 καὶ
1640 4260 1737 4343 διὰ
1760 4286 1917 4341 τοῦτο
1943 4284 2165 4357 μηδέπω
2200 4281 2299 4351 τῆς
2331 4275 2482 4347 παρὰ
2516 4273 2594 4344 τῷ
2620 4270 2740 4341 Θεῷ
2779 4267 3051 4340 σωτηρίας
3097 4260 3489 4333 τετυχηκότων.

604 4450 655 4503 1.
694 4447 761 4503 IN
798 4445 1007 4501 FINEM
1053 4444 1190 4499 PRO
1241 4444 1780 4501 TORCULARIBUS
1834 4442 1967 4498 lPSl

1025 4515 1272 4571 ASAPH.
1314 4516 1527 4570 LXXX.

567 4656 734 4713 Vsus.
766 4656 821 4712 2.
867 4655 1145 4710 Exsultate
1189 4654 1298 4709 Deo
1344 4654 1583 4723 adjutori
1624 4660 1825 4715 nostro,
1850 4649 2076 4720 jubilate

500 4749 610 4807 Deo
635 4749 822 4805 Jacob.
868 4746 1070 4805 Psalmi
1114 4747 1221 4799 Pro
1261 4745 1616 4799 torcularibus
1656 4743 1907 4813 inscripti
1963 4750 2075 4796 tres

500 4858 730 4899 numero
760 4848 927 4898 sunt:
962 4855 1105 4894 unus
1138 4838 1378 4903 Davidis,
1413 4853 1607 4907 nempe
1638 4844 1896 4903 octavus;
1932 4850 2076 4890 unus

498 4935 724 5005 Asaphi,
752 4949 912 5003 quem
933 4932 1044 5003 jam
1068 4940 1400 4997 tractamus;
1428 4928 1662 4983 ﬁliorum
1699 4937 1881 4983 autem
1915 4926 2077 4992 Core,

501 5040 733 5083 Lxxxm.
763 5025 1002 5081 Octavus
1030 5024 1217 5093 itaque
1248 5022 1589 5077 vocationem
1621 5019 1863 5090 gentium
1896 5028 2081 5089 aperte

504 5117 923 5178 vaticinabatur,
956 5130 1119 5185 quam
1155 5113 1362 5183 Spiritu
1391 5112 1578 5167 divino
1609 5110 1967 5180 praevidentes
1987 5109 2081 5164 Dei

504 5209 782 5279 propheta
855 5215 1078 5277 stupore
1125 5205 1554 5261 afﬁciebantur:
1608 5218 1780 5272 quare
1830 5202 2082 5257 mirantis

505 5315 658 5354 more
705 5300 1082 5354 exclamabant
1130 5298 1396 5359 dicentes,
1450 5296 1671 5350 Domine
1700 5296 1840 5350 Deus
1880 5307 2075 5358 noster,

506 5409 663 5457 quam
692 5391 1005 5445 admirabile
1022 5400 1101 5445 est
1140 5407 1327 5444 nomen
1361 5399 1510 5443 tuum
1539 5391 1595 5443 in
1623 5391 1868 5443 universa
1898 5390 2080 5443 terra!

508 5481 886 5553 Octogesimus
912 5498 1041 5537 vero
1074 5482 1272 5538 tertius
1300 5483 1472 5535 multa
1508 5482 1883 5545 tabernacula,
1912 5483 2080 5535 multa

510 5574 723 5637 altaria,
781 5576 914 5629 atria
958 5576 1190 5645 plurima
1240 5573 1358 5629 fore
1410 5574 1774 5643 praevidebat;
1829 5573 2081 5627 videlicet

513 5663 782 5719 Ecclesias
812 5665 905 5720 Dei
938 5683 1032 5736 per
1062 5673 1234 5721 totum
1267 5666 1455 5720 orbem
1506 5665 1852 5731 constitutas,
1889 5665 2079 5719 altaria

580 5799 624 5830 ⁸¹
655 5798 809 5853 Joau.
845 5816 894 5867 ι,
928 5800 1010 5855 10.

2322 4392 2430 4445 ΕΙΣ
2470 4389 2558 4441 ΤΟ
2599 4386 2841 4451 ΤΕΛΟΣ,
2883 4383 3058 4436 ΥΠΕΡ
3087 4378 3223 4433 ΤΩΝ
3266 4374 3503 4432 ΔΗΝΩΝ
3528 4375 3617 4446 Τῼ

2804 4543 3011 4597 ’ᾹΣΑΦ.
3033 4542 3094 4593 Π’
3394 4570 3397 4571 ν

2264 4639 2648 4715 Ἀγαλλιᾶσθε
2663 4635 2740 4702 τῷ
2755 4634 2875 4699 Θεῷ
2892 4633 2969 4698 τῷ
2988 4629 3193 4698 βοηθῷ
3210 4627 3397 4699 ἡμῶν,
3416 4623 3754 4688 ἀριιιιάξατε

2184 4736 2262 4802 τῷ
2283 4734 2402 4799 Θεῷ
2446 4731 2671 4786 Ἰακώϐ.
2690 4729 2753 4782 ΟΞ
2785 4722 3248 4796 ἐπιγεγραμμένοι
3284 4721 3391 4773 τῶν
3428 4716 3606 4789 ληνῶν
3626 4714 3757 4785 ψαλο

2187 4828 2278 4899 μοὶ
2328 4827 2475 4897 τρεῖς
2511 4823 2602 4875 τὸν
2661 4819 2892 4892 ἀριθμὸν
2932 4816 3319 4886 τι.›γχ<5ινουσιν⁹
3382 4805 3462 4874 εἷς
3524 4810 3622 4881 μὲν
3664 4804 3755 4859 τοῦ

2183 4918 2365 4982 Δαυτδ,
2404 4918 2433 4970 ό
2466 4915 2673 4984 ὄγδοος,
2732 4905 2811 4974 εἷς
2859 4910 2915 4964 δὲ
2942 4908 3039 4961 τοῦ
3084 4907 3274 4975 Ἀσὰφ,
3311 4906 3340 4957 ὁ
3376 4902 3515 4974 μετὰ
3550 4903 3754 4986 χεῖρας,

2183 5012 2279 5067 καὶ
2315 5010 2423 5063 τῶν
2457 5010 2588 5062 υἱῶν
2612 5006 2759 5077 Κορέ
2787 5006 2816 5057 ὁ
2847 5010 2900 5057 π’
2935 5003 3028 5056 καὶ
3051 5008 3119 5069 Υ.
3156 5000 3213 5052 '0
3248 4998 3345 5068 μὲν
3378 4990 3470 5048 οὗν
3496 5001 3544 5064 η’
3575 4990 3757 5061 σαφῶς

2184 5103 2292 5156 τῶν
2319 5101 2487 5155 ἐθνῶν
2509 5100 2607 5171 τὴν
2628 5099 2817 5168 κλῆσιν
2851 5093 3149 5157 ἐθέσπιζεν,
3186 5091 3251 5160 ἢν
3280 5087 3356 5157 τῷ
3378 5085 3658 5154 Πνεύματι
3686 5081 3759 5151 τῷ

2188 5191 2317 5261 θείῳ
2376 5186 2813 5260 προθεωροῦντες
2846 5185 2895 5236 οἱ
2939 5182 3031 5235 τοῦ
3071 5179 3208 5233 Θεοῦ
3270 5177 3568 5247 προφῆται,
3594 5174 3761 5242 ὑπερ-

2188 5281 2595 5351 εξεπλήττοντο’
2618 5278 2697 5330 διὸ
2726 5277 2817 5330 καὶ
2833 5270 3328 5344 ἀποθαυμαστικῶς
3347 5265 3655 5335 ἀνεφώνουν
3672 5262 3729 5315 τό
3745 5278 3757 5290 ·

2184 5374 2359 5440 Κύριε
2394 5375 2427 5425 ὀ
2461 5370 2603 5435 Θεὸς
2641 5368 2828 5437 ἡμῶν,
2858 5370 2938 5431 ὠς
2974 5363 3322 5433 θαυμαστὸν
3349 5361 3415 5413 τὸ
3442 5356 3625 5425 ὄνομὰ
3650 5370 3762 5408 σου

2183 5463 2251 5516 ἐν
2277 5461 2444 5529 πάσῃ
2466 5461 2540 5528 τῇ
2566 5459 2642 5529 τῇ
2660 5460 2679 5511 !
2704 5458 2812 5510 Καὶ
2839 5458 2867 5508 ὀ
2888 5462 2934 5523 γ’
2958 5454 3015 5507 δὲ
3043 5453 3137 5506 καὶ⁹
3158 5458 3210 5504 π’
3237 5449 3404 5503 πολλὰ
3430 5444 3764 5517 σκηνώματα

2182 5554 2277 5606 καὶ
2308 5551 2475 5606 πολλὰ
2496 5551 2854 5620 θυσιαστήρια
2887 5549 2980 5600 καὶ
3008 5545 3210 5607 πολλὰς
3253 5540 3423 5603 αὐλὰς
3477 5536 3759 5609 ’προεώρα⁸

2185 5643 2384 5715 δηλαδὴ
2404 5643 2501 5707 τὰς
2535 5642 2652 5697 καθ’
2671 5642 2796 5712 ὅλης
2826 5640 2922 5711 τῆς
2950 5638 3272 5708 οἰκουμένης
3309 5632 3638 5703 Ἐκκλησίας
3670 5625 3765 5684 τοῦ
