4092 6404
347 384 456 443 969

1470 378 1920 438 COMMENTARI
1933 380 1971 434 Δ
2008 377 2074 435 IN
2113 378 2445 437 PSALMOS.

3475 379 3580 434 970

349 498 508 565 Θεοῦ,
563 514 659 553 και
701 511 769 552 τα
826 513 885 553 εν
929 498 1116 563 αὐταῖς
1156 497 1323 553 πολλά
1366 499 1728 570 θυσιαστήρια
1749 515 1762 528 ·
1790 497 1828 552 ἀ
1851 495 1915 568 δὴ

2037 511 2126 567 lue
2165 496 2222 552 in
2252 497 2360 553 illis
2392 498 2532 553 bene
2567 504 2774 552 multa:
2815 511 2935 567 quae
2973 495 3059 550 his
3089 495 3269 550 verbis
3293 494 3534 550 declarat
3563 510 3582 551 :

351 590 591 662 παρίστη
614 588 791 659 λέγων
816 606 829 617 ·
877 589 970 657 Ὧς
994 590 1267 662 ἀγαπητὰ
1303 589 1374 644 τὰ
1396 589 1759 660 σκηνώματα
1786 603 1924 655 σου,

352 684 531 751 Κύριε
577 681 696 735 τῶν
749 681 1098 752 δυνάμεωνὲ
1128 684 1223 737 καὶ
1262 679 1449 746 αὖθις*
1496 682 1797 738 Ἐπιποθεῖ
1826 681 1926 736 καὶ

354 773 620 829 ἐκλεὰπει
638 772 677 840 ἠ
704 772 873 842 ψυχή
898 792 1015 843 μου
1042 775 1128 839 είς
1164 773 1271 840 τὰς
1311 774 1504 839 αὐλὰς
1530 774 1637 827 τοῦ
1665 774 1887 843 Κυρίου
1908 791 1922 805 '

356 865 451 917 καὶ
479 863 606 933 ἑξῆς
632 880 645 893 ·
687 864 763 917 Τὰ
802 863 1199 932 θυσιαστήριὰ
1238 880 1378 930 σου,
1411 866 1589 933 Κύριε
1614 864 1733 918 τῶν
1757 864 1929 919 δυνά-

348 972 528 1027 μεων.
572 955 631 1008 Ὀ
673 954 730 1007 δὲ
773 954 909 1026 μετά
937 958 1121 1027 χεῖρας
1150 956 1356 1027 ἑτέροις
1390 956 1489 1026 μὲν
1536 955 1797 1026 ἀγαλλιᾷν
1834 955 1929 1009 καὶ

324 1044 643 1113 ’ἀλαλάζειν
690 1048 784 1101 καὶ
822 1046 1044 1116 ψάλλειν
1075 1046 1521 1118 παρακελεύεται,
1558 1046 1652 1100 τοῦ
1695 1047 1753 1100 δὲ
1795 1048 1927 1100 Ἰου-

351 1140 517 1195 δαίων
571 1140 757 1203 ἕθνους
806 1140 906 1210 τὴν
961 1138 1229 1210 ἀποϐολὴν
1260 1139 1353 1192 καὶ⁸
1389 1139 1485 1210 τὴν
1519 1140 1727 1211 ταύτης
1753 1139 1929 1192 αἰτίαν

356 1232 673 1305 παρίστησι,
721 1232 814 1286 καὶ
838 1232 1020 1303 σφόδρ’
1068 1231 1372 1296 ἀκολούθως
1413 1235 1533 1295 ταῖς
1572 1232 1661 1286 διὰ
1691 1231 1799 1285 τῶν
1830 1230 1930 1301 έμ-

355 1324 591 1395 προσθεν
619 1322 995 1397 προφητείαις.
1034 1321 1247 1393 Ἐπειδὴ
1277 1321 1386 1394 γὰρ
1420 1324 1477 1376 ἐν
1500 1323 1578 1393 τῷ
1610 1323 1716 1394 πρὸ
1737 1321 1927 1376 τούτου

352 1414 541 1487 ἠρώτα
566 1414 759 1484 λέγων·
804 1413 924 1469 Ἵνα
965 1415 1023 1468 τι
1047 1415 1319 1482 καθεῖλες
1358 1415 1465 1470 τὸν
1511 1415 1783 1485 φραγμὸν
1819 1416 1929 1469 αὺ-

353 1505 484 1575 τῆς,
516 1506 615 1560 καί
640 1505 937 1576 τρυγῶσιν
959 1505 1151 1575 αὐτὴν
1181 1507 1404 1574 πάντες
1441 1509 1496 1562 οἱ
1524 1506 1931 1576 παραπορευό-

348 1616 522 1670 μενοι
551 1598 666 1666 τὴν
689 1599 863 1664 όδόν;
895 1598 1170 1653 ὲπιλύεται
1203 1600 1301 1672 τὴν
1333 1600 1692 1671 ὲπαπόρησιν,
1720 1599 1806 1653 διὰ
1834 1597 1928 1653 τοῦ

353 1690 501 1762 μετά
530 1692 719 1762 χεῖρας
746 1690 1000 1760 φάσκωψ
1029 1692 1098 1744 El
1123 1693 1156 1745 ὁ
1203 1691 1353 1757 λαός
1382 1709 1500 1760 μου
1532 1689 1762 1761 ἤκουσέ
1786 1707 1926 1759 μου,

368 1781 611 1850 Ἰσραὴλ
651 1784 705 1835 εί
743 1781 872 1848 ταῖς
904 1782 1064 1849 ὁδοῖς
1090 1800 1209 1852 μου
1259 1783 1547 1853 ἐπορεύθη
1567 1801 1581 1815 ’
1607 1784 1675 1837 ὲν
1702 1782 1783 1849 τῷ
1812 1800 1929 1850 μη-

352 1871 485 1926 δενὶ
527 1870 669 1936 τοὺς
698 1869 948 1940 ἐχθροὺς
978 1868 1173 1925 αὐτῶν
1195 1871 1570 1927 ὲταπεὶνωσα
1589 1890 1602 1903 ’
1628 1872 1721 1926 καλ⁸
1758 1869 1934 1925 ἐπιλέ-

358 1978 478 2031 γει·
511 1962 620 2016 Καὶ
640 1963 749 2016 οὐκ
763 1960 1028 2030 ἤκουσεν
1052 1965 1085 2016 ὁ
1112 1965 1262 2029 λαός
1282 1982 1401 2032 μου
1430 1964 1542 2033 τῆς
1569 1962 1771 2033 φωνῆς
1789 1982 1929 2033 μου,

357 2052 461 2107 καὶ
500 2050 739 2121 Ἰσραὴλ
776 2053 846 2106 οὐ
884 2050 1190 2121 προσέσχε
1224 2072 1344 2123 μοι.
1381 2053 1495 2107 Καὶ
1537 2054 1934 2119 ἐξαπέστειλε]

352 2142 580 2209 αὐτοὺς
612 2145 762 2198 κατὰ
803 2143 876 2197 τὰ
903 2144 1338 2215 ἐπιτηδεύματα
1385 2146 1503 2198 τῶν
1551 2145 1808 2214 καρδιῶν
1836 2148 1936 2200 αὑ-

355 2231 497 2296 τῶν,
537 2232 933 2299 πορεύσονται
965 2231 1036 2285 ἐν
1061 2232 1185 2298 τοῖς
1211 2232 1678 2301 ἐπιτηδεύμασιν
1713 2230 1930 2286 αὐτῶν.

368 2321 523 2377 Ἐπεὶ¹
542 2322 718 2375 τοίνυν
758 2322 819 2375 τὸ
853 2323 1081 2395 ἀνήκοον
1109 2322 1204 2374 καὶ
1239 2321 1299 2375 τὸ
1342 2321 1565 2385 ἀπειθὲς
1594 2320 1770 2375 αὐτῶν
1795 2338 1937 2392 παρ-

293 2414 299 2421 ”
361 2413 563 2485 ίστησι,
608 2413 929 2485 μεταϐάλλει
970 2413 1061 2467 τὸν
1091 2413 1247 2482 λόγον
1279 2413 1524 2478 εἰκότως,
1560 2412 1653 2466 καὶ
1682 2411 1783 2483 τὴν
1826 2411 1934 2465 τῶν

361 2504 532 2559 ἐθνῶν
592 2504 783 2575 κλῆσιν
838 2502 1244 2573 εὐαγγελίζεται
1298 2502 1359 2555 τὸ
1408 2501 1631 2573 Πνεῦμα
1660 2501 1721 2556 τὸ
1758 2503 1933 2570 ἅγιον,

360 2594 528 2647 πᾶσιν
583 2592 890 2665 ἀνθρώποις
946 2591 1298 2664 προσφωνοῦν
1352 2591 1447 2645 καὶ
1492 2591 1678 2659 λέγον·
1739 2592 1936 2662 Ἀγαλ-

359 2682 577 2741 λιᾶσθε
620 2683 699 2750 τῷ
740 2683 861 2750 Θεῷ
892 2682 973 2749 τῷ
1008 2683 1214 2752 ,ϐοηθῷ
1253 2681 1439 2753 ἡμῶν.
1475 2684 1636 2753 Λέγει
1680 2684 1737 2738 δὲ
1765 2685 1936 2739 ταῦτα

361 2776 430 2829 ὲκ
456 2774 745 2847 προσώπου
772 2774 865 2830 τοῦ
887 2773 1045 2848 χοροῦ
1068 2775 1163 2829 τοῦ
1194 2776 1555 2846 προφητικοῦ.
1605 2777 1691 2840 Ὡς
1729 2775 1837 2849 γὰρ
1877 2779 1936 2830 ὲν

361 2864 441 2936 τῷ
472 2871 523 2936 η’
568 2864 743 2933 ἐλεγεο
775 2866 948 2932 Κύριε
977 2866 1010 2918 ό
1035 2864 1246 2932 Κύριος
1274 2862 1461 2933 ἡμῶν,
1499 2862 1936 2933 ίδιοποιουμένων

363 2959 456 3013 τὸν
477 2958 611 3012 Θεὸν
637 2957 747 3011 τῶν
778 2957 949 3011 ταῦτα
976 2955 1262 3025 λεγόντων,
1284 2954 1371 3009 διὰ
1400 2953 1462 3007 τὸ
1491 2953 1722 3028 πρώτων
1755 2953 1936 3007 αὐτῶν

362 3048 645 3119 γεγονέναι
674 3048 763 3101 τὸν
793 3048 923 3101 Θεόν
943 3064 956 3077 ο
988 3047 1128 3100 οὕτω
1156 3048 1251 3099 καὶ
1281 3045 1513 3099 ἐνταῦθα
1540 3047 1590 3098 οἱ
1612 3046 1787 3112 αὐτοὶ,
1810 3047 1935 3109 τοὺς

2028 588 2202 653 Quam
2229 589 2422 643 dilecta
2450 589 2789 644 tabernacula
2814 597 2928 654 tua,
2961 587 3183 642 Domine
3210 587 3497 642 virtutum!
3520 601 3585 641 ac

2027 692 2290 733 rursum:
2324 678 2657 748 Concupiscit
2671 688 2720 733 et
2747 677 2923 747 deficit
2962 678 3141 731 anima
3187 694 3305 732 mea
3349 678 3407 732 in
3446 676 3588 730 atria

2026 769 2277 834 Domini;
2305 771 2850 827 ctiterumzAltaria
2894 779 3004 833 tua,
3050 768 3268 823 Domine
3308 770 3585 823 uirtutum.

2026 860 2277 917 Psalmus
2303 878 2435 917 vero
2462 878 2721 932 praesens,
2752 864 2889 917 alios
2919 861 3139 932 quidem
3179 861 3474 928 exsultare,
3498 861 3589 929 ju-

2028 954 2203 1010 bilare
2230 962 2285 1009 et
2334 955 2567 1024 psallere
2604 955 2777 1024 jubet,
2807 954 3019 1009 Iudaici
3053 968 3181 1010 vero
3222 954 3409 1024 populi
3440 954 3590 1021 able-

2027 1046 2262 1101 ctionem
2304 1046 2531 1115 ejusque
2568 1060 2788 1101 causam
2821 1047 3078 1107 declarat,
3108 1054 3163 1102 et
3186 1045 3404 1116 quidem
3437 1044 3591 1101 valde

2028 1145 2423 1205 consequenter
2466 1137 2530 1191 ad
2565 1138 2777 1207 priores
2814 1137 3148 1207 pr0pbetias.
3192 1136 3327 1191 Nam
3357 1138 3484 1208 quia
3532 1139 3589 1194 in

2028 1225 2352 1295 praecedenti
2377 1226 2745 1298 interrogabat
2770 1227 2962 1283 dicens
2998 1247 3011 1282 :
3053 1227 3247 1298 thuid
3276 1228 3592 1285 destruxisti

2028 1319 2315 1372 maceriam
2342 1320 2478 1389 ejus,
2505 1329 2555 1373 et
2576 1319 2895 1374 vindemiant
2915 1336 3035 1374 eam
3067 1337 3245 1374 omnes
3278 1322 3368 1390 qui
3386 1331 3594 1390 praeter-

2028 1409 2338 1481 grediuntur
2370 1412 2549 1467 uiam?
2578 1411 2668 1465 hic
2696 1410 2919 1465 dubium
2952 1412 3114 1466 solvit
3150 1411 3237 1466 his
3273 1413 3458 1469 verbis
3488 1432 3502 1468 :
3531 1412 3594 1469 Si

2026 1500 2248 1569 populus
2276 1517 2418 1556 meus
2435 1500 2671 1556 audisset
2691 1518 2793 1566 me,
2825 1500 2999 1556 Israel
3026 1504 3073 1557 si
3104 1504 3159 1557 in
3191 1504 3288 1558 viis
3319 1505 3448 1559 meis
3475 1521 3594 1558 am-

2030 1590 2285 1657 bulasset,
2313 1604 2409 1662 pro
2431 1593 2593 1648 nihilo
2625 1595 2868 1649 inimicos
2907 1610 3088 1649 eorum
3110 1595 3470 1652 humiliassem
3486 1614 3505 1663 ;
3530 1612 3595 1652 ac

2031 1682 2339 1753 subjungit:
2366 1682 2434 1737 Et
2463 1700 2567 1739 non
2585 1684 2785 1739 audivit
2804 1686 3026 1755 populus
3046 1702 3189 1740 meus
3209 1702 3381 1741 vocem
3403 1703 3593 1753 meam,

2030 1786 2081 1831 et
2114 1776 2288 1832 Israel
2316 1795 2420 1833 non
2446 1780 2669 1834 intendit
2695 1780 2843 1834 mihi.
2877 1781 2947 1834 Et
2975 1780 3155 1836 dimisi
3188 1797 3278 1837 eos
3309 1783 3595 1855 secundum

2032 1865 2297 1922 desideria
2346 1870 2521 1925 cordis
2577 1885 2783 1937 eorum,
2832 1869 2982 1925 ibunt
3035 1872 3091 1925 in
3140 1870 3598 1927 adinventionibus

2033 1957 2167 2012 suis.
2194 1957 2331 2024 Quia
2362 1958 2526 2029 igitur
2556 1959 3025 2030 inobsequentiam
3050 1974 3239 2017 eorum
3268 1967 3326 2017 et
3354 1962 3600 2016 immori-

1996 2070 2000 2073 ·
2034 2061 2224 2116 gerum
2272 2047 2514 2103 animum
2553 2048 2817 2115 declarat,
2862 2064 3165 2106 sermonem
3199 2052 3394 2106 merito
3428 2049 3602 2122 Spiri-

2035 2145 2125 2193 tus
2157 2145 2386 2194 sanctus
2427 2139 2707 2207 transfert,
2743 2147 2797 2196 et
2838 2141 3076 2212 gentium
3116 2143 3459 2198 vocationem
3498 2160 3601 2200 ano

2036 2230 2249 2283 nuntiat
2288 2228 2543 2284 omnibus
2598 2228 2934 2295 hominibus,
2985 2232 3066 2287 sic
3111 2248 3207 2289 eos
3258 2233 3543 2304 alloquens
3582 2254 3597 2289 :

2035 2317 2318 2373 Exsultate
2344 2319 2454 2373 Deo
2490 2318 2727 2389 adjutori
2767 2330 2970 2377 nostra.
3004 2322 3119 2379 Hoc
3154 2338 3318 2394 porro
3363 2326 3497 2380 dicit
3532 2343 3602 2382 ex

2034 2423 2268 2479 persona
2312 2409 2465 2463 chori
2500 2411 2822 2480 prophetici.
2855 2410 2926 2466 Ut
2952 2414 3099 2469 enim
3130 2413 3187 2468 in
3237 2423 3430 2471 octavo
3455 2417 3601 2486 psal-

2036 2515 2127 2555 mo
2149 2498 2361 2555 dicebat
2387 2516 2400 2551 :
2431 2500 2653 2557 Domine
2676 2502 2935 2559 Dominus
2967 2516 3163 2571 noster,
3188 2506 3262 2560 ita
3291 2513 3352 2562 ut
3373 2509 3465 2579 qui
3488 2508 3603 2563 haec

2036 2588 2301 2655 dicerent,
2339 2590 2509 2647 Deum
2548 2595 2704 2663 quasi
2746 2595 2852 2650 sibi
2897 2596 3177 2666 proprium
3221 2598 3600 2665 praedicarent,

2036 2680 2164 2749 quia
2196 2695 2386 2736 eorum
2437 2683 2671 2752 primum
2721 2682 2865 2740 Deus
2896 2686 3108 2753 fuerat;
3142 2690 3219 2741 ita
3257 2696 3311 2743 et
3338 2689 3442 2743 hoc
3482 2691 3604 2745 loco

2038 2771 2202 2826 iidem
2234 2786 2353 2835 eos,
2396 2773 2491 2843 qui
2531 2775 2776 2830 extranei
2822 2785 2878 2831 et
2915 2777 3080 2832 alieni
3112 2777 3239 2834 facti
3276 2788 3425 2845 sunt,
3470 2796 3603 2837 evo-

2037 2871 2246 2929 cantes,
2262 2864 2453 2920 dicunt
2478 2882 2490 2918 :
2516 2864 2663 2922 Heus
2685 2883 2802 2932 vos,
2832 2870 3038 2926 relictis
3057 2869 3126 2927 iis
3148 2887 3287 2941 quos
3305 2888 3493 2929 errore
3508 2875 3606 2928 du-

2037 2955 2110 3009 cti
2142 2954 2271 3011 deos
2291 2957 2859 3023 zestimabatis,venite
2880 2959 3199 3018 festinanter
3225 2964 3291 3019 ad
3320 2963 3488 3020 Deum
3507 2981 3607 3020 no-

2040 3055 2234 3112 strum,
2254 3050 2468 3120 ipsique
2482 3052 2785 3133 exsultetis,
2804 3054 2895 3125 qui
2921 3070 3135 3125 semper
3157 3057 3316 3113 nobis
3331 3057 3435 3129 ipsi
3451 3058 3604 3113 addi-

363 3140 810 3211 ἀπεξενωμένους
827 3140 921 3193 καὶ
935 3138 1244 3211 ἀλλοτρίους
1265 3137 1714 3208 ἀνακαλούμενοι,
1749 3138 1933 3207 φασίνο

2041 3139 2145 3194 ctis
2165 3139 2384 3210 adjutor
2407 3140 2527 3195 fuit.
2559 3141 2694 3210 Quis
2711 3160 2873 3215 porro
2901 3146 2989 3200 hic
3006 3145 3190 3213 fuerit,
3206 3148 3403 3204 deinde
3423 3149 3605 3205 decla-

364 3228 436 3286 Ὦ
461 3225 635 3297 οὗτοι,
686 3230 1101 3296 καταλείποντες
1146 3231 1275 3294 τοὺς
1311 3228 1740 3301 πεπλανημένως
1783 3246 1937 3300 νομι-

364 3325 626 3395 ζομένους
680 3325 807 3395 ὑμῖν
854 3323 1028 3387 θεοὺς,
1089 3323 1255 3395 ἥκετε
1305 3322 1624 3385 σπεύδοντες
1668 3321 1804 3394 πρὸς
1848 3321 1939 3375 τὸν

367 3418 635 3489 ἡμέτερον
678 3415 831 3483 Θεὸν,
882 3415 979 3469 καὶ
1025 3414 1200 3485 τούτῳ
1230 3412 1558 3484 ἀγαλλιᾶσθε
1601 3412 1679 3483 τῷ
1710 3413 1940 3466 πάντοτε

369 3508 529 3581 ⁴ἡμῶν
556 3507 663 3561 τῶν
692 3507 840 3578 αὐτῷ
884 3507 1255 3578 ἀνακειμένων
1302 3506 1484 3577 βοηθῷ
1518 3505 1812 3575 γενομένῳ.
1844 3503 1941 3567 Τίς

370 3602 414 3655 δ’
445 3598 511 3672 ἦν
543 3596 715 3667 οὗτος,
745 3601 873 3671 ἑξῆς
918 3600 1218 3672 παριστῶσι
1258 3598 1537 3668 λέγοντες·
1585 3596 1942 3662 Ἀλαλὰξατε

369 3692 449 3758 τῷ
472 3692 593 3758 Θεῷ
608 3692 829 3772 Ἰακώϐο
859 3692 938 3760 τῷ
974 3691 1083 3765 γὰρ
1126 3690 1293 3745 πάλαι
1331 3690 1546 3760 ὀφθέντι
1578 3689 1657 3761 τῷ
1686 3690 1942 3762 ἡμετέρῳ

368 3785 675 3858 προπάτορι
728 3783 845 3855 Θεῷ
883 3785 1146 3849 ἐλθόντες,
1186 3783 1507 3850 ἀλαλάξατε,
1537 3781 1680 3836 κατὰ
1706 3782 1767 3835 τὸ
1796 3784 1944 3853 εἰρη-

369 3878 532 3950 μένον
557 3880 651 3933 καὶ
670 3882 727 3933 ὲν
758 3879 850 3945 Es"
900 3876 1259 3941 Ἀλαλάξατε
1298 3875 1377 3941 τῷ
1410 3872 1552 3940 Θεῷ,
1578 3873 1747 3930 πᾶσα
1773 3875 1811 3943 ἡ
1842 3872 1938 3943 γῆ-

369 3970 468 4036 Τίς
497 3972 554 4027 δὲ
589 3967 657 4043 ἦν
696 3974 730 4044 ἡ
778 3973 927 4026 πᾶσα
947 3972 1016 4042 γῆ
1054 3971 1351 4039 διασαφεῖὸ
1393 3968 1582 4023 εἰπών·
1625 3966 1829 4022 Πάντα
1870 3967 1946 4021 τὰ

369 4064 536 4134 ἔθνη,
592 4064 921 4134 κροτήσατε
961 4063 1159 4133 χεῖρας
1177 4104 1192 4128 ,
1231 4061 1573 4128 ἁλαλάξατε
1602 4061 1681 4127 τῷ
1720 4059 1841 4127 Θεῷ
1876 4062 1946 4115 ὲν

370 4157 543 4227 φωνῇ
595 4156 1024 4229 ἀγαλλιάσεως.
1078 4159 1203 4221 Τοῖς
1234 4154 1327 4211 οὖν
1376 4157 1557 4220 αὐτοῖς
1596 4155 1691 4209 καὶ
1723 4154 1811 4208 διά
1836 4154 1945 4207 τῶν

375 4242 513 4314 μετά
542 4247 730 4316 χεῖρας
745 4248 1055 4315 προσφωνεῖ
1074 4244 1247 4314 λέγων
1261 4248 1289 4299 ὁ
1314 4246 1471 4318 χορὸς
1491 4246 1599 4297 τῶν
1615 4243 1906 4316 προφητῶν
1926 4259 1940 4274 ’

386 4334 771 4405 Ἀγαλλιᾶσθε
788 4334 868 4402 τῷ
892 4335 1016 4401 Θεῷ
1033 4336 1114 4403 τῷ
1129 4335 1334 4404 ,βοηθῷ
1367 4334 1555 4405 ἡμῶν,
1602 4334 1945 4399 ἀλαλάξατε

371 4424 454 4490 τῷ
481 4426 602 4492 Θεῷ
640 4426 860 4482 Ἰακώϐ.
891 4427 1022 4481 Θεὸν
1054 4428 1110 4481 δὲ
1152 4425 1344 4481 Ἰακὼϐ
1375 4426 1470 4479 τὸν
1490 4427 1719 4497 Σωτῆρα
1744 4425 1944 4495 σημαί-

2044 3239 2170 3286 rant
2189 3232 2435 3289 dicentes
2457 3252 2469 3287 :
2493 3232 2729 3291 Jub’ilate
2752 3236 2862 3292 Deo
2890 3236 3057 3293 Jacob
3076 3256 3095 3293 :
3114 3239 3180 3294 ad
3206 3239 3375 3297 Deum
3395 3242 3607 3298 scilicet

2039 3323 2134 3395 qui
2159 3325 2289 3380 olim
2317 3334 2475 3383 atavo
2491 3336 2681 3387 nostro
2710 3331 2861 3387 visus
2877 3341 2961 3387 est
2990 3334 3331 3399 accedentes,
3356 3333 3606 3405 jubilate,

2042 3418 2340 3475 secundum
2358 3418 2413 3473 id
2431 3420 2577 3491 quod
2592 3423 2645 3477 in
2658 3438 2761 3478 va
2778 3424 2987 3493 psalmo
3003 3425 3205 3481 dictum
3221 3435 3305 3483 est
3323 3429 3605 3497 :Jubilate,

2041 3509 2212 3563 omnis
2247 3524 2407 3565 terra.
2468 3510 2599 3577 Quae
2637 3522 2785 3568 esset
2831 3515 3010 3569 omnis
3044 3523 3209 3580 terra,
3242 3517 3477 3587 explicat
3513 3519 3606 3589 qui

2042 3600 2157 3654 ait:
2198 3599 2390 3655 Omnes
2421 3610 2618 3670 gentes,
2653 3603 2892 3672 plaudite
2935 3606 3199 3671 manibus,
3240 3607 3477 3676 jubilate
3498 3607 3608 3662 Deo

2041 3692 2095 3744 in
2123 3707 2243 3746 voce
2274 3693 2727 3747 exsultationis”.
2764 3693 2993 3750 Eosdem
3016 3697 3199 3766 itaque
3227 3698 3374 3768 ipsos
3406 3698 3609 3755 chorus

2042 3783 2395 3852 propheticus
2445 3786 2499 3837 in
2533 3788 2785 3853 praesenti
2818 3786 3111 3856 alloquitur
3139 3788 3329 3844 dicens
3358 3807 3373 3845 :
3406 3788 3608 3844 Exsul-

2045 3883 2152 3928 tate
2188 3873 2297 3928 Deo
2346 3873 2581 3945 adjutori
2603 3885 2803 3942 nostro,
2835 3877 3065 3946 jubilate
3080 3879 3187 3934 Deo
3213 3879 3400 3936 Jacob.
3437 3879 3609 3935 Deum

2044 3981 2173 4021 vero
2203 3965 2373 4021 Jacob
2397 3965 2737 4022 Senatorem
2763 3979 2937 4036 vocat,
2972 3972 3063 4041 qui
3088 3972 3142 4025 in
3170 3970 3343 4026 forma
3372 3971 3609 4027 hominis

2042 4057 2250 4113 Jacobo
2272 4059 2424 4115 visus
2452 4065 2557 4127 est,
2592 4058 2810 4129 quando
2845 4064 3059 4116 vocavit
3082 4061 3250 4118 Jacob
3274 4077 3470 4118 nomen
3502 4062 3609 4118 loci

2046 4152 2099 4205 in
2130 4166 2239 4220 quo
2274 4150 2428 4207 visus
2458 4151 2561 4222 ipsi
2588 4159 2674 4207 est
2704 4151 2867 4218 Deus,
2901 4153 3136 4223 Speciem
3166 4155 3263 4208 Dei
3293 4171 3313 4208 :
3340 4169 3464 4209 nam
3494 4155 3611 4210 hac

2046 4242 2197 4295 addit
2228 4260 2242 4295 :
2278 4241 2400 4296 Vidi
2431 4243 2569 4296 enim
2620 4243 2786 4298 Deum
2825 4244 2959 4314 [acie
3005 4246 3074 4301 ad
3111 4246 3324 4317 faciem,
3362 4255 3414 4302 et
3460 4247 3612 4302 salva

2046 4332 2192 4400 [acta
2223 4344 2301 4387 est
2359 4334 2539 4387 anima
2584 4349 2718 4388 mea.
2775 4332 2915 4390 Huic
2967 4337 3135 4400 enim,
3172 4343 3359 4406 utpote
3378 4336 3473 4406 qui
3514 4351 3613 4391 rex

2047 4433 2234 4481 noster
2262 4426 2355 4492 sit,
2382 4427 2617 4497 jubilare
2636 4429 2899 4499 praecipit,
2931 4429 3423 4499 triumphalemque
3458 4428 3613 4499 hym-

373 4534 453 4570 νει
487 4517 577 4571 τὸν
624 4518 683 4571 ὲν
737 4515 1022 4589 ἀνθρώπου
1076 4519 1313 4589 σχήματι
1338 4516 1572 4586 ὀφθέντα
1614 4516 1692 4586 τῷ
1714 4513 1936 4569 Ἰακώϐ·

2048 4532 2176 4571 num
2236 4518 2339 4588 ipsi
2388 4519 2654 4573 emittere.
2703 4518 2986 4586 Quomodo
3016 4528 3196 4575 autem
3236 4536 3329 4575 rex
3379 4535 3409 4575 a
3450 4518 3613 4574 Patre

373 4608 463 4662 ὅτε
522 4608 617 4662 καὶ
662 4608 888 4663 ἐκάλεσε
949 4607 1141 4663 Ἰακὼϐ
1186 4609 1247 4661 τὸ
1289 4608 1457 4679 ὄνομα
1491 4606 1585 4660 τοῦ
1612 4607 1775 4659 τόπου
1811 4605 1870 4658 ὲν
1897 4599 1942 4673 ᾧ

375 4698 532 4772 ὤφθη
557 4700 704 4772 αὐτῷ
731 4703 758 4756 ὁ
777 4701 925 4766 Θεὸς,
943 4698 1121 4768 Εἶδος
1145 4700 1314 4769 Θεοῦ,
1343 4700 1584 4755 ἐπειπών
1602 4717 1614 4729 ·
1638 4699 1819 4754 Εἶδον
1833 4696 1942 4768 γὰρ

380 4792 529 4847 Θεὸν
553 4794 875 4861 πρόσωπον
903 4793 1055 4863 πρὸς
1096 4794 1438 4863 πρόσωπον,
1472 4792 1571 4847 καὶ
1597 4790 1790 4859 ἐσώθη
1819 4807 1940 4859 μου

376 4883 418 4951 ἡ
452 4884 642 4953 ψυχή.
679 4884 863 4955 Τούτῳ
915 4881 1025 4951 οὖν,
1058 4884 1131 4949 ὡς
1168 4884 1237 4940 ἂν
1272 4884 1419 4955 αύτῷ
1465 4884 1579 4937 ὄντι
1618 4883 1696 4953 τῷ
1735 4882 1945 4952 βασιλεί

376 4974 554 5047 ἡμῶν,
581 4976 867 5040 ἀλαλάζειν
907 4978 1251 5049 προστάττει,
1284 4977 1596 5049 νικητήριον
1622 4975 1787 5047 ὕμνον
1816 4977 1945 5029 ἀνα-

379 5064 693 5135 πέμποντας
720 5065 889 5137 «ore.
925 5067 1112 5131 Ὅπως
1151 5068 1209 5121 δὲ
1263 5066 1512 5137 βασιλεὺς
1546 5065 1650 5119 ὑπὸ
1696 5064 1790 5118 τοῦ
1841 5065 1945 5117 Πα-

377 5158 505 5229 τρὸς
554 5157 896 5224 καθίσταται,
935 5160 1098 5221 αὐτὸς
1150 5159 1387 5214 διδάσκει
1437 5159 1639 5228 λέγων’
1689 5158 1829 5227 Ἐγὼ
1875 5157 1944 5210 δὲ

379 5249 753 5319 κατεστάθην
767 5250 1067 5317 ,ϐασιλεὺς
1090 5252 1188 5305 ὑπ’
1216 5252 1401 5307 αὐτοῦ
1424 5253 1523 5305 ἐπὶ
1544 5254 1696 5306 Σιὼν
1716 5251 1852 5320 ὄρος
1876 5250 1944 5305 τὸ

379 5340 549 5413 ἄτιον
585 5341 792 5397 αὑτοῦ.
822 5342 897 5395 Ub
930 5342 1088 5413 μόνον
1112 5342 1168 5395 δὲ
1191 5342 1471 5407 ἀλαλάζειν
1485 5343 1563 5414 τῷ
1590 5343 1708 5415 Θεῷ
1752 5341 1944 5397 Ἰακὼϐ

382 5433 629 5504 βούλεται
658 5436 783 5498 τοὺς
816 5434 1200 5505 κεκλημένους,
1221 5435 1355 5488 ἀλλά
1380 5436 1472 5490 καὶ
1502 5436 1797 5508 λαμϐάνειν
1811 5435 1946 5505 ψαλ-

385 5526 483 5596 μὸν
531 5526 625 5579 καὶ
662 5525 857 5579 διδόναι
902 5525 1199 5595 τύμπανον,
1245 5526 1337 5577 καὶ
1381 5524 1676 5597 ψαλτήριον
1714 5527 1945 5598 τερπνὸν

386 5616 523 5688 μετά
548 5616 797 5688 κιθάρας.
830 5616 987 5671 Κατά
1014 5616 1070 5669 δε
1096 5616 1186 5669 τὸν
1229 5615 1475 5699 Ἀκύλαν·
1512 5619 1734 5687 Ἄρατε,
1786 5619 1941 5685 φησι,

454 5794 501 5827 ⁸³
538 5792 683 5851 Psal.
715 5808 872 5850 ιινι.
907 5792 963 5847 2.
1446 5874 1449 5877 γ

746 5883 1016 5969 ΡΑτιιοι..
1049 5882 1167 5945 Gn.
1213 5882 1449 5946 XXIII.

2049 4610 2435 4675 constituatur,
2472 4611 2589 4681 ipse
2644 4612 2806 4668 docet
2856 4612 2942 4667 his
2992 4613 3177 4667 verbis
3221 4631 3235 4666 :
3279 4612 3392 4681 Ego
3435 4622 3613 4665 autem

2049 4703 2363 4755 constitutus
2384 4718 2500 4756 sum
2528 4718 2620 4757 rex
2646 4704 2710 4757 ab
2737 4721 2797 4758 eo
2817 4719 2970 4772 super
2986 4701 3109 4758 Sion
3129 4712 3352 4757 montem
3372 4712 3615 4757 sanctum

2048 4792 2182 4862 ejus.
2207 4792 2325 4848 Non
2345 4795 2518 4849 solum
2548 4804 2728 4849 autem
2756 4797 2870 4849 vult
2891 4804 3113 4851 vocatos
3119 4795 3357 4864 jubilare
3389 4794 3498 4850 Deo
3520 4793 3615 4849 Ja-

2049 4886 2174 4951 cob,
2195 4885 2288 4940 sed
2325 4889 2488 4941 etiam
2507 4889 2754 4958 accipere
2768 4887 3035 4957 psalmum
3051 4893 3105 4941 et
3126 4886 3255 4941 dare
3272 4893 3612 4957 tympanum,

2049 4983 2103 5032 et
2151 4977 2469 5045 psalterium
2514 4979 2817 5050 jucundum
2864 4994 2988 5034 cum
3030 4978 3257 5034 cithara.
3299 4976 3612 5034 Secundum

2048 5068 2299 5139 Aquilam
2322 5086 2483 5126 vero:
2507 5071 2711 5138 Levate,
2736 5071 2939 5141 inquit,
2958 5070 3240 5125 melodiam
3271 5078 3322 5125 et
3341 5070 3464 5124 date
3480 5080 3615 5141 tyma

2051 5175 2268 5228 panum,
2316 5160 2577 5215 citharam
2608 5161 2867 5216 decentem
2894 5176 3013 5213 cum
3064 5160 3258 5223 nabla;
3309 5161 3610 5216 secundum

2052 5249 2437 5322 Symmachum
2489 5261 2665 5309 autem
2710 5252 3017 5320 :Suscipite
3066 5252 3365 5316 canticum,
3409 5260 3459 5304 et
3491 5250 3612 5303 date

2052 5352 2376 5413 tympanum,
2410 5345 2580 5413 lyram
2606 5342 2811 5397 dulcem
2841 5359 2959 5396 cum
2990 5341 3170 5397 nabla.
3200 5342 3417 5412 Aliquid
3449 5342 3613 5412 igitur

2052 5434 2317 5504 accipere,
2349 5434 2552 5504 aliquid
2580 5434 2877 5488 retribuere
2904 5432 3181 5502 praecipit;
3216 5433 3464 5501 accipere
3491 5436 3614 5501 qui-

2051 5527 2194 5595 dem,
2236 5527 2531 5584 secundum
2610 5527 2883 5598 Aquilam,
2921 5526 3250 5591 melodiam;
3310 5528 3608 5581 secundum

1999 5675 2005 5681 _
2054 5620 2437 5690 Symmachum
2493 5634 2655 5687 vero,
2705 5620 3017 5675 canticum:
3074 5618 3377 5675 retribuere
3430 5629 3608 5673 autem

3182 5887 3252 5945 31
