4092 6404
472 342 567 405 97!

1163 341 1430 400 EUSEBll
1470 341 1947 398 cnassmmsrs
1986 316 2137 397 obp.
2179 340 2358 396 psus
2399 339 2483 397 ιιι.
2526 374 2593 382 -
2624 337 3038 395 exsomnes.

3595 336 3719 391 972

470 476 807 539 tympanum,
855 470 949 517 aut
980 462 1147 532 lyram
1196 460 1409 514 dulcem
1454 475 1579 514 eum
1638 460 1821 515 nabla.
1868 460 2024 526 Queis

2132 462 2453 532 μελῳδίαν,
2480 459 2577 513 καὶ
2618 458 2751 510 δότε
2791 457 3119 525 τύμπανον,
3153 452 3399 520 κιθάραν
3433 452 3713 520 εὐπρεπῆ

470 560 797 630 praecipitur,
838 563 896 609 ut
926 553 1150 607 auribus
1179 551 1396 621 quidem
1427 551 1578 606 verbi
1611 550 1859 605 doctrina
1890 551 2036 605 exci-

468 652 683 721 piatur;
717 646 861 701 actio
903 652 1083 699 autem
1134 658 1361 712 corpore
1419 642 1709 695 tribuatur.
1747 642 2032 696 Canticum

466 740 610 794 enim
638 745 691 792 et
720 733 953 790 melodia
984 731 1208 787 auribus
1224 730 1390 785 verbo
1425 728 1657 782 traditur
1690 748 1702 782 :
1729 742 1898 797 quare
1922 728 1992 781 ait
2017 745 2029 780 :

469 827 740 897 Suscipite
763 826 1035 880 canticum
1048 832 1101 878 et
1123 821 1430 884 melodiam,
1464 818 1761 874 secundum
1781 818 2033 888 Aquilam

465 928 518 974 ct
555 917 957 989 Symmachum.
992 914 1088 969 His
1116 929 1244 969 vero
1281 912 1541 981 acceptis,
1566 910 1853 965 retribuite
1882 910 2031 981 psal-

465 1010 663 1065 terium
688 1008 990 1078 jucundum
1024 1022 1149 1060 cum
1196 1004 1426 1068 cithara,
1477 1005 1589 1059 sive
1624 1004 1796 1075 lyram
1820 1003 2032 1058 dulcem

463 1116 587 1157 cum
611 1103 793 1156 nabla.
820 1100 1160 1171 Tympanum
1193 1106 1373 1152 autem
1402 1103 1483 1152 est
1518 1097 1941 1152 instrumentum
1965 1110 2032 1159 es

464 1208 727 1265 corporea
748 1193 887 1264 pelle
911 1192 1334 1255 concinnatum;
1366 1188 1684 1257 psalterium
1718 1197 1919 1251 autem,
1954 1187 2034 1241 ci-

462 1285 637 1339 tharae
683 1284 914 1354 species,
944 1281 1164 1336 chordis
1202 1278 1513 1334 confectum
1540 1287 1646 1345 est,
1681 1279 1883 1350 quibus
1910 1294 2034 1334 cor-

462 1391 569 1448 pus
598 1383 846 1431 nostrum
882 1372 1279 1429 subindicatur.
1316 1368 1445 1425 Vult
1475 1372 1659 1443 itaque
1696 1372 1831 1442 ipsis
1853 1372 2033 1441 operi-

464 1469 569 1524 bus
616 1482 681 1521 ac
709 1466 874 1537 gestis
911 1472 1179 1535 praecepta
1227 1461 1406 1519 verbis
1451 1464 1651 1519 tradita
1695 1463 1946 1533 impleri;
1978 1468 2032 1517 et

464 1558 578 1613 haec
612 1571 771 1627 agere
817 1554 1077 1624 jubentur
1103 1561 1371 1622 quotquot
1422 1552 1478 1607 in
1513 1554 1762 1608 ecclesiis
1797 1552 1891 1607 Dei
1936 1566 2031 1622 per

461 1657 636 1703 totum
662 1647 849 1701 orbem
881 1644 1196 1716 congregati
1225 1652 1370 1699 sunt.
1406 1643 1745 1713 Quapropter
1776 1642 1843 1697 In
1871 1643 2028 1710 ﬁnem

461 1751 509 1793 el
530 1740 638 1793 Pro
672 1736 1023 1792 torcularibus
1043 1736 1291 1803 busequae
1316 1733 1557 1790 diximus
1579 1734 1840 1803 inscripta
1873 1744 2024 1788 sunt.

2131 553 2281 622 μετὰ
2318 551 2548 616 νάϐλης
2571 566 2582 577 ·
2614 548 2753 601 κατὰ
2796 548 2851 599 δέ
2880 545 2969 598 τὸν
3016 544 3327 614 Σύμμαχον’
3363 542 3717 597 ἉναλάΕετε

2135 645 2320 711 ᾠδὴν,
2366 642 2464 696 καὶ
2505 641 2699 694 δίδοτε
2729 641 3056 708 τύμπανον,
3099 637 3293 703 λύραν
3327 634 3532 703 ἡδεῖαν
3555 634 3717 703 μετὰ

2134 737 2383 803 νάϐλης.
2412 733 2617 788 Οὐκοῦν
2638 733 2699 785 τὸ
2737 733 2833 803 μέν
2860 748 2912 783 τι
2941 729 3262 801 προστάττει
3294 727 3610 797 λαμϐάνειν,
3642 727 3715 780 τὺ

2134 829 2191 882 δὲ
2214 828 2445 881 διδόναι·
2478 826 2774 896 λαμϐάνειν
2808 824 2928 895 μὲν,
2965 821 3106 876 κατά
3138 821 3227 875 τὸν
3242 821 3492 883 Ἀκύλαν,
3529 820 3710 890 μελῳ-

2134 921 2271 984 δίαν,
2310 920 2450 973 κατὰ
2503 919 2561 971 δέ
2600 919 2691 970 τὸν
2722 917 3033 987 Σύμμαχον,
3068 913 3243 984 ᾠδήν·
3280 912 3595 967 ἀντιδιδόναι
3647 911 3715 964 δὲ

2133 1012 2409 1083 τύμπανον
2439 1009 2471 1080 ἢ
2499 1009 2666 1080 λύραν
2699 1009 2882 1078 ἡδεῖαν
2914 1006 3055 1078 μετὰ
3079 1004 3297 1075 νάὸλης.
3342 1003 3419 1056 Δι’
3452 995 3525 1055 ὧν
3546 1004 3573 1056 6
3619 1002 3715 1054 λό-

2133 1120 2228 1171 γος
2262 1102 2583 1173 προστάττει
2615 1100 2861 1170 δέχεσθαι
2895 1098 2993 1170 μὲν
3034 1099 3224 1160 ἀκοαῖς
3263 1096 3359 1167 τὴν
3392 1094 3498 1149 τῶν
3530 1094 3713 1162 λόγων

2131 1194 2495 1256 διδασκαλίαν,
2518 1192 2715 1246 διδόναι
2740 1192 2796 1245 δὲ
2831 1190 2929 1261 τὴν
2956 1188 3045 1243 διὰ
3073 1187 3169 1242 τοῦ
3200 1187 3448 1259 σώματος
3480 1186 3703 1258 πρᾶξινο

2146 1286 2269 1357 ’ῼδὴ
2302 1284 2401 1355 μὲν
2432 1284 2541 1355 γὰρ
2567 1284 2662 1336 καὶ
2685 1282 2916 1353 μελῳδία
2943 1280 3086 1350 λόγῳ
3106 1280 3297 1342 ἀκοαῖς
3327 1276 3699 1348 παραδίδοται·

2131 1377 2209 1430 διό
2244 1395 2376 1448 φησι
2396 1395 2408 1407 ⁸
2433 1376 2638 1431 Λάϐετε
2662 1375 2804 1446 ᾠδὴν
2825 1375 2918 1427 καὶ
2943 1373 3228 1445 μελῳδίαν,
3260 1372 3400 1425 κατά
3423 1373 3512 1425 τὸν
3553 1371 3712 1424 Ἀκύο

2132 1467 2228 1522 λαν
2284 1469 2377 1521 καὶ
2435 1466 2745 1537 Σύμμαχον.
2796 1464 2980 1517 Ταῦτα
3016 1463 3072 1515 δὲ
3116 1462 3478 1533 λαμϐάνοντες
3521 1461 3709 1530 ὑμεῖς,

2131 1557 2367 1612 ἀντίδοτε
2402 1556 2695 1627 ψαλτήριον
2731 1553 2959 1623 τερπνὸν
3014 1551 3147 1621 μετὰ
3191 1549 3439 1621 κιθάρας,
3469 1547 3501 1618 ἢ
3534 1547 3707 1618 λύραν

2130 1654 2310 1723 ήδεῖαν
2339 1650 2474 1723 μετά
2497 1649 2715 1719 νάϐλης.
2757 1647 3047 1717 Τύμπανον
3084 1644 3140 1695 δὲ
3173 1642 3401 1714 ὄργανόν
3450 1642 3598 1693 ἐστιν
3639 1642 3705 1693 ἐκ

2129 1744 2289 1815 δορᾶς
2313 1740 2625 1812 σωματικῆς
2660 1737 3184 1805 κατεσκευασμένον,
3206 1734 3298 1785 καὶ
3322 1732 3381 1785 τὸ
3403 1731 3703 1801 ψαλτήριον

461 1830 776 1886 Torcularia
804 1828 947 1883 enim
966 1842 1032 1882 ne
1057 1824 1203 1879 aliud
1226 1825 1503 1895 quidpiam
1530 1825 1635 1879 dici
1654 1834 1832 1893 putes,
1863 1839 2024 1895 quam

2129 1834 2359 1905 κιθάρας
2388 1829 2525 1895 εἶδος
2545 1824 2645 1884 ὧδέ
2679 1848 2753 1901 πη
2773 1828 2862 1882 διὰ
2912 1826 3113 1898 χορδῶν
3153 1822 3601 1895 κατηρτισμένον,
3634 1821 3702 1873 δι’

460 1920 723 1976 ecclesias
775 1918 891 1983 Dei,
922 1917 977 1971 in
1023 1917 1222 1987 quibus
1268 1916 1467 1981 coacti,
1508 1916 1863 1985 collectisque
1914 1930 2025 1970 una

459 2012 724 2068 fructibus
744 2010 969 2074 nostris,
998 2024 1161 2063 unam
1194 2008 1634 2063 commixtionem
1667 2005 1928 2062 edicimus
1957 2005 2025 2060 ad

458 2106 682 2175 gloriam
729 2110 783 2158 et
827 2101 1067 2157 laetitiam
1116 2099 1277 2154 Verbi
1324 2099 1439 2154 Dei.
1498 2098 1692 2153 Mirum
1726 2112 1889 2167 porro
1916 2112 2025 2167 quo

456 2204 616 2265 pacto
666 2192 975 2264 praecedens
1008 2193 1248 2263 psalmus
1300 2190 1610 2246 incendium
1640 2189 2021 2256 declaraverit,

457 2300 669 2341 necnon
723 2285 894 2339 vineae
940 2299 1007 2339 ex
1056 2282 1291 2353 Egypto
1313 2282 1592 2337 translata:
1624 2280 1934 2337 vastitatem
1970 2287 2025 2334 et

456 2380 667 2433 ruinam
696 2378 996 2450 integram;
1050 2378 1139 2432 hic
1166 2392 1295 2431 vero
1339 2376 1602 2446 psalmus,
1634 2374 1791 2445 quasi
1814 2375 1919 2428 alia
1944 2374 2025 2429 vi-

457 2471 548 2535 tis,
577 2471 679 2525 alia
710 2470 867 2525 vinea
895 2470 987 2535 sit,
1021 2468 1130 2523 imo
1146 2482 1275 2522 vero
1307 2468 1488 2521 multae
1517 2468 1703 2530 vineae,
1731 2466 2023 2521 toreularia

455 2564 661 2619 inducit
687 2563 919 2633 plurima
952 2580 965 2616 :
1005 2561 1183 2616 fausta
1216 2575 1348 2615 vero
1376 2560 1661 2614 denuntiat
1696 2560 1804 2613 illis
1831 2559 1923 2629 qui
1955 2559 2022 2615 ad

455 2669 518 2708 ea
552 2654 725 2708 vocati
763 2660 912 2707 sunt.
971 2648 1078 2704 Pro
1123 2650 1300 2719 primo
1359 2648 1523 2719 igitur
1568 2648 1770 2717 populo
1808 2647 2019 2702 vineam

457 2761 641 2811 unam,
675 2744 917 2799 torcular
949 2758 1140 2806 unum,
1166 2756 1441 2810 unamque
1479 2740 1642 2795 vitem
1686 2738 1900 2793 induxit
1927 2739 2021 2808 qui

456 2840 530 2890 ait
559 2855 572 2890 :
607 2835 767 2889 Vinea
792 2834 937 2903 [acta
959 2841 1035 2887 est
1058 2832 1250 2887 dilecto
1270 2834 1323 2886 in
1346 2848 1528 2895 cornu,
1548 2831 1727 2884 inloco
1749 2832 1931 2899 pingui
1952 2832 2017 2883 ⁸⁸.

454 2925 659 2979 Deinde
692 2924 766 2977 ait
799 2943 811 2977 ε
846 2922 915 2976 Et
935 2922 1270 2992 protorcular
1294 2922 1405 2991 fodi
1423 2923 1478 2975 in
1506 2938 1594 2986 ea,
1620 2930 1668 2976 et
1690 2921 1924 2989 plantavi
1948 2921 2022 2974 vi-

456 3034 608 3071 neam
631 3016 806 3070 Sorec.
844 3012 905 3069 In
934 3015 1259 3085 praecedenti
1292 3014 1613 3069 vero'unam
1657 3014 1822 3067 vitem
1853 3012 2018 3068 deuo-

454 3107 604 3160 tabat
664 3105 888 3161 dicens:
932 3103 1146 3158 Vineam
1187 3104 1250 3158 de
1290 3104 1521 3175 Egypto
1578 3105 1923 3160 transtulisti.
1958 3103 2019 3159 In

2129 1921 2202 1981 ὧν
2234 1926 2294 1978 τὸ
2307 1924 2463 1995 σῶμα
2487 1922 2549 1975 τὸ
2579 1921 2842 1993 ἡμέτερον
2868 1919 3103 1991 ⁴ᾐνίξατο.
3137 1914 3577 1968 Βούλεταιτοίνυν
3603 1913 3706 1965 αύ-

2128 2021 2240 2080 τοῖς
2272 2016 2451 2087 ἔργοις
2500 2014 2595 2067 καὶ
2649 2011 2877 2084 πράξεσι
2912 2010 2979 2063 τὰ
3014 2008 3101 2061 διὰ
3139 2008 3246 2060 τῶν
3289 2006 3459 2073 λόγων
3484 2020 3705 2075 παραγ.

2130 2111 2370 2181 γέλματα
2434 2104 2814 2177 ἀποπληροῦν·
2852 2102 3144 2156 καὶταῦτα
3186 2100 3440 2172 πράττειν
3482 2100 3510 2151 ὁ
3542 2097 3704 2165 λόγος

2128 2205 2242 2265 τοῖς
2273 2203 2330 2254 ἐν
2367 2202 2484 2263 ταῖς
2508 2197 2821 2268 ἐκκλησίαις
2854 2194 2946 2247 τοῦ
2977 2192 3111 2247 Θεοῦ
3145 2191 3263 2244 καθ’
3314 2189 3441 2260 ὅλης
3482 2188 3579 2258 τῆς
3618 2189 3702 2240 oi-

2130 2293 2400 2364 κουμένης
2469 2287 2953 2361 συγκρατουμένοις
3004 2284 3349 2357 προστάττει.
3383 2282 3471 2335 Διὸ
3499 2284 3604 2347 Εἰς
3632 2281 3702 2333 τὸ

2129 2382 2303 2445 τέλος
2327 2380 2419 2433 καὶ
2487 2378 2657 2447 ’Υπὲρ
2680 2376 2798 2430 τῶν
2816 2372 3020 2443 ληνῶν
3052 2372 3462 2444 προγέγραπται
3502 2370 3571 2423 τά
3614 2370 3705 2422 λε-

2127 2474 2382 2545 λεγμένα.
2421 2473 2629 2542 Δηνοὺς
2662 2470 2771 2540 γὰρ
2812 2468 2943 2539 μηδέ
2987 2467 3111 2521 ἄλλο
3138 2484 3189 2518 τι
3224 2463 3411 2535 νόμιζε
3448 2460 3705 2531 λέγεσθαι

2127 2567 2160 2637 ἢ
2216 2566 2315 2630 τάς
2359 2564 2649 2634 ἐκκλησίας
2694 2562 2788 2614 τοῦ
2822 2559 2976 2625 Θεοῦ,
3021 2562 3078 2612 ἐν
3121 2553 3208 2621 αἷς
3242 2554 3702 2633 συγκροτούμενοι

2128 2661 2220 2713 καὶ
2247 2660 2369 2721 τοὺς
2395 2655 2596 2710 ἑαυτῶν
2636 2654 2880 2724 καρποὺς
2905 2650 3044 2705 κατὰ
3076 2652 3135 2704 τὸ
3164 2650 3295 2704 αὐτὸ
3320 2647 3700 2719 συμϐαλλόμε-

2127 2770 2227 2819 νοι,
2265 2751 2391 2822 μίαν
2420 2751 2615 2821 κρᾶσιν
2658 2744 2957 2816 ποιούμεθα
3003 2747 3081 2807 εἰς
3115 2742 3268 2808 δόξαν
3316 2744 3409 2795 καὶ
3434 2738 3703 2810 εὐφροσύ-

2126 2861 2223 2915 νην
2279 2842 2373 2895 τοῦ
2425 2841 2605 2910 Λόγου
2643 2839 2736 2892 τοῦ
2774 2838 2929 2891 Θεοῦ.
2970 2837 3257 2908 Θαυμάσαι
3288 2835 3344 2888 δὲ
3367 2834 3510 2887 ἔστιν
3548 2833 3702 2895 ὅπως

2124 2939 2154 2991 6
2198 2937 2294 3007 μὲν
2353 2935 2459 3005 πρὸ
2516 2934 2705 2987 τούτου
2731 2933 2943 3003 ψαλμδς
2976 2930 3321 3002 ἐμπυρισμὸν
3360 2928 3568 3000 ἐδήλου,
3602 2927 3704 2981 καὶ

2125 3028 2360 3099 παντελῆ
2409 3028 2643 3098 ἐρημίαν
2700 3026 2794 3078 καὶ
2838 3024 3141 3094 ἀφανισμὸν
3177 3022 3277 3092 τῆς
3317 3021 3376 3087 ἐξ
3423 3020 3700 3087 Αἰγύπτου

2128 3117 2592 3189 μετενηνεγμένης
2623 3113 2868 3185 ἀμπέλου
2893 3127 2906 3139 ·
2940 3112 2969 3163 ὁ
3005 3110 3060 3163 δὲ
3098 3109 3234 3180 μετά
3274 3111 3479 3179 χεῖρας,
3509 3105 3704 3176 ὥσπερ

456 3196 681 3266 psalmis
735 3205 935 3257 autem,
956 3195 1049 3265 qui
1080 3194 1187 3247 Pro
1215 3194 1566 3248 torcularibus
1600 3194 1851 3265 inscripti
1876 3182 2023 3263 sunt,

2128 3182 2323 3278 ἐτέρας
2345 3182 2675 3274 ὑποστάσης-
2702 3202 2943 3273 ἀμπέλου
2999 3200 3091 3253 καὶ
3125 3197 3444 3269 ἀμπελῶνος
3483 3195 3697 3265 ἐτέρου,

455 3287 624 3341 multa
662 3286 903 3341 declarat
935 3285 1251 3351 toreularia,
1300 3288 1661 3355 plurimarum
1697 3287 1908 3343 scilicet
1933 3286 2020 3341 vi-

454 3394 701 3434 nearum.
751 3377 907 3443 Quod
946 3377 992 3433 si
1038 3392 1232 3432 novam
1281 3378 1493 3433 vineam
1522 3393 1686 3434 nosse
1716 3379 1871 3447 velis,
1901 3393 2022 3449 quae

453 3478 577 3538 post
629 3471 830 3535 prioris
862 3470 1079 3524 ruinam
1134 3469 1190 3523 in
1230 3469 1543 3525 hominibus
1591 3479 1779 3525 exorta
1826 3477 1944 3537 est,
1989 3485 2020 3525 a

452 3562 563 3616 Deo
616 3560 792 3616 Verbo
851 3560 1067 3616 ediscas
1125 3561 1239 3615 haec
1268 3561 1335 3616 dc
1370 3576 1429 3616 se
1451 3561 1679 3617 docente
1717 3581 1731 3616 :
1766 3561 1878 3633 Ego
1903 3579 2021 3617 sum

451 3652 571 3704 vitis
600 3667 740 3717 vera,
767 3649 928 3703 Pater
974 3666 1117 3703 meus
1158 3649 1391 3719 agricola
1422 3659 1520 3704 est.
1560 3650 1778 3706 Omnem
1823 3652 2019 3721 palmi-

454 3753 554 3796 tem
574 3760 676 3797 non
706 3742 953 3811 ferentem
981 3741 1211 3809 fructum
1241 3742 1296 3795 in
1326 3758 1426 3806 me,
1455 3742 1592 3795 tollit
1614 3758 1767 3807 eum;
1810 3752 1861 3797 et
1894 3746 2019 3813 30m-

451 3850 569 3888 nem
589 3834 833 3903 ferentem
864 3832 1116 3901 fructum,
1137 3841 1327 3902 purgat
1349 3848 1487 3897 eum,
1518 3844 1573 3885 ut
1603 3832 1869 3901 fructuum
1898 3834 2017 3904 plus

451 3927 609 3995 ferat.
639 3925 765 3979 1am
788 3942 875 3980 vos
903 3924 1085 3978 mundi
1116 3926 1241 3979 estis
1283 3935 1493 3995 propter
1524 3942 1833 3991 sermonem,
1865 3944 2017 3998 quem

454 4017 657 4070 locutus
696 4032 813 4070 sum
848 4017 1033 4070 vobis:
1072 4024 1274 4069 manete
1305 4017 1359 4069 in
1403 4033 1504 4080 me,
1546 4026 1594 4071 et
1636 4034 1729 4089 ego
1760 4020 1814 4073 in
1847 4018 2012 4073 vobis.

453 4109 600 4163 Sicut
639 4108 836 4176 palmes
871 4123 972 4161 non
1007 4117 1173 4176 potest
1223 4107 1357 4175 ferre
1389 4108 1619 4175 fructum
1651 4127 1683 4163 a
1715 4112 2011 4179 semetipso,

452 4200 555 4253 nisi
580 4201 830 4253 manserit
869 4200 923 4251 in
957 4200 1097 4261 vite;
1122 4199 1197 4252 sic
1228 4215 1317 4252 nec
1350 4215 1437 4253 vos
1477 4201 1582 4254 nisi
1610 4202 1664 4255 in
1694 4218 1773 4255 me
1808 4220 2015 4257 manse-

2123 3297 2321 3369 μᾶλλον
2364 3296 2421 3349 δὲ
2473 3295 2736 3347 πλειόνων
2802 3289 3136 3363 ἀμπελώνων
3193 3289 3386 3360 ληνοὺς
3437 3286 3701 3356 ὑφίστησι

2119 3389 2358 3452 πλείους,
2414 3388 2613 3458 φαιδρά
2660 3405 2717 3439 τε
2758 3383 3164 3453 εὐαγγελίζεται
3221 3383 3331 3444 τοῖς
3370 3380 3463 3432 ἐπὶ
3492 3377 3700 3440 ταύτας

2119 3480 2492 3552 κεκλημένοις.
2541 3480 2663 3532 Ἐπὶ
2709 3479 2803 3548 μὲν
2836 3472 2927 3530 οὖν
2964 3476 3056 3529 τοῦ
3102 3474 3365 3545 προτέρου
3412 3471 3539 3525 λαοῦ
3596 3470 3701 3523 ἕνα

2118 3571 2416 3644 ἀμπελῶνα
2443 3571 2534 3624 καὶ
2578 3570 2701 3641 μίαν
2732 3568 2912 3640 ληνὸν,
2941 3568 3067 3639 μίαν
3105 3584 3165 3620 τε
3197 3564 3437 3635 ἄμπελον
3462 3564 3696 3633 εἰσήγα-

2118 3680 2213 3732 γεν
2244 3664 2272 3715 6
2304 3662 2512 3732 φήσαςο
2554 3659 2858 3729 Ἀμπελὼν
2894 3658 3144 3727 ἐγενήθη
3206 3654 3286 3721 τῷ
3333 3654 3701 3724 ἠγαπημένῳ

2117 3756 2187 3809 ἐν
2223 3755 2443 3823 κέρατι,
2476 3755 2545 3807 ἐν
2570 3755 2729 3818 τόπῳ
2770 3752 2950 3805 πίονι.
2988 3746 3101 3804 Εἶθ’
3134 3750 3288 3819 ἑξῆς*
3322 3748 3429 3802 Καὶ
3468 3746 3700 3813 προλή-

2116 3864 2267 3910 νιον,
2314 3847 2507 3916 φησὶν,
2543 3844 2742 3914 ὠρυξα
2776 3844 2845 3897 ἐν
2887 3840 3065 3907 αὐτῷ,
3104 3842 3203 3895 καὶ
3245 3841 3545 3910 ἐφύτευσα
3584 3838 3699 3907 ἄμ-

2117 3942 2307 3993 πελον
2343 3936 2573 4006 Σωρήκ.
2607 3937 2716 3991 Καὶ
2748 3938 2806 3991 ἐν
2835 3935 2911 4006 τῷ
2937 3936 3041 4006 πρὸ
3064 3934 3253 3987 τούτου
3289 3933 3415 4003 μίαν
3445 3931 3698 4003 ἄμπελον

2117 4031 2302 4102 ἐδήλου
2332 4030 2504 4098 λέγων
2521 4048 2533 4059 ·
2573 4031 2876 4099 Ἄμπελον
2894 4028 2961 4092 ἐξ
2985 4028 3283 4096 Αἰγύπτου
3292 4022 3572 4094 μετῆρας.
3601 4024 3700 4077 Ἑν

2114 4120 2172 4175 δὲ
2192 4124 2300 4184 τοῖς
2336 4121 2507 4189 Ὑπὲρ
2536 4118 2653 4174 τῶν
2678 4120 2883 4187 ληνῶν
2916 4120 3132 4182 πλείους
3174 4117 3320 4187 δηλοῖ
3353 4116 3563 4186 ληνοὺς,
3591 4115 3696 4187 δη-

2114 4210 2244 4282 λαδὴ
2276 4211 2533 4265 πλειόνων
2579 4210 2930 4281 ἀμπελώνων.
2964 4212 3025 4263 Ei
3055 4210 3111 4263 δὲ
3158 4211 3250 4265 καὶ
3278 4209 3373 4280 τὴν
3440 4207 3696 4277 ἄμπελον

452 4290 592 4342 ritis.
633 4286 744 4357 Ego
776 4304 891 4340 sum
921 4288 1060 4352 vitis,
1088 4305 1175 4340 vos
1208 4288 1474 4355 palmites.
1519 4290 1623 4355 Qui
1649 4299 1820 4345 manet
1860 4293 1911 4344 in
1934 4308 2014 4347 me

2126 4303 2213 4373 τὴν
2242 4304 2434 4373 καινὴν
2474 4302 2672 4371 γνῶναι
2719 4302 3054 4373 βουληθείης,
3108 4303 3206 4371 τὴν
3252 4300 3387 4371 μετὰ
3420 4300 3511 4353 τὸν
3543 4301 3697 4367 ἀφα-

449 4389 499 4433 et
526 4396 615 4449 ego
641 4379 695 4431 in
737 4394 817 4442 eo,
852 4387 901 4431 et
930 4377 1012 4430 hic
1052 4378 1152 4446 fert
1184 4378 1417 4445 fructum
1464 4381 1685 4433 mullum
1715 4383 1877 4451 :quia
1900 4383 2013 4437 sine

2126 4393 2302 4461 νισμὸν
2331 4394 2429 4462 τῆς
2446 4392 2714 4463 προτέρας
2750 4395 2805 4446 ἐν
2833 4391 3137 4463 ἀνθρώποις
3168 4395 3412 4461 (ρυεῖσαν,
3450 4389 3697 4460 μάνθανε

449 4487 531 4525 me
556 4470 688 4523 nihil
733 4471 948 4538 potestis
992 4469 1127 4538 ferre
1149 4470 1216 4525 ⁸⁸.
1252 4468 1455 4525 Prisca:
1494 4486 1624 4541 ergo
1666 4472 1812 4527 illius
1842 4474 2011 4529 vineae.

2126 4482 2265 4554 παρὰ
2302 4483 2393 4536 τοῦ
2423 4484 2554 4537 Θεοῦ
2585 4485 2756 4553 Λόγου
2786 4485 2914 4555 περὶ
2935 4482 3099 4537 αὑτοῦ
3126 4482 3295 4536 ταῦτα
3323 4483 3692 4545 διδάσκοντοςο

450 4563 611 4617 finem
643 4561 935 4631 descripsit
988 4561 1300 4630 praecedens
1344 4563 1622 4633 psalmus;
1662 4580 1792 4618 vera
1832 4573 2011 4622 autem

2129 4574 2268 4646 Ἐγώ
2318 4580 2432 4645 εἰμι
2478 4578 2517 4644 ἡ
2560 4577 2826 4645 ἄμπελος
2874 4578 2913 4644 ἡ
2957 4574 3236 4645 ἀληθινὴ,
3277 4578 3309 4629 ό
3341 4574 3543 4642 Πατήρ
3568 4593 3699 4643 μου

448 4657 609 4710 vinea
664 4668 825 4724 quem
876 4653 1074 4708 habeat
1117 4655 1382 4709 cultorem
1429 4663 1483 4712 et
1528 4657 1842 4727 agricolam,
1873 4676 2011 4731 quos

2126 4673 2153 4723 ό
2180 4670 2450 4739 γεωργός.
2476 4668 2606 4723 Πᾶν
2631 4668 2834 4738 κλῆμα
2859 4668 2945 4739 μὴ
2973 4668 3157 4738 φέρον
3186 4668 3418 4736 καρπὸν
3446 4668 3517 4720 ἐν
3534 4667 3695 4735 ἐμοὶ,

446 4747 719 4816 palmites,
760 4759 899 4815 quas
927 4744 1137 4811 botrus,
1172 4746 1432 4801 salutaris
1471 4747 1719 4803 doctrina
1748 4751 2009 4810 declarat.

2126 4760 2269 4829 αἷρει
2293 4763 2443 4815 αὐτό
2465 4778 2479 4791 ·
2530 4760 2629 4814 καὶ
2665 4760 2786 4816 πᾶν
2811 4760 2879 4814 τὸ
2921 4760 3151 4829 καρπὸν
3187 4761 3391 4830 φέρον,
3421 4761 3700 4828 καθαίρει

448 4838 527 4891 Ex
553 4837 718 4906 hujus
767 4836 951 4905 itaque
999 4835 1315 4905 palmitibus
1342 4852 1438 4905 per
1490 4846 1661 4894 totum
1686 4843 1872 4898 orbem
1904 4844 2015 4899 dis-

2126 4853 2299 4913 αὐτὸ,
2342 4852 2441 4904 ἵνα
2504 4854 2737 4921 καρπὸν
2785 4854 3036 4906 πλείονα
3076 4852 3249 4921 φέρῃ.
3299 4850 3448 4917 Ἤδη
3516 4850 3698 4920 ὑμεῖς

446 4930 692 4993 tributis,
721 4928 893 4983 vineae
921 4928 1233 4982 constitutae
1273 4935 1420 4995 sunt,
1452 4945 1683 5000 quarum
1709 4933 1921 4991 fructus
1956 4937 2011 4991 in

2126 4944 2360 5011 καθαροί
2390 4943 2530 4997 ἐστε
2564 4944 2660 4998 διὰ
2696 4942 2801 4997 τὸν
2853 4945 3038 5013 λόγον
3075 4943 3146 4996 ὃν
3175 4942 3484 5010 λελάληκα
3520 4942 3696 5010 {apir-

450 5038 618 5077 unum
642 5021 856 5077 collecti
890 5021 945 5074 in
967 5020 1219 5076 ecclesiis
1241 5035 1337 5089 per
1358 5022 1546 5078 orbem
1576 5023 1841 5092 fundatis,
1872 5030 2013 5083 mul-

2126 5035 2369 5098 μείνατε.
2419 5035 2489 5088 ἐν
2550 5034 2717 5103 ἐμοὶ,
2790 5035 2949 5105 κάγὼ
3014 5034 3084 5088 ἐν
3138 5032 3298 5102 ὑμῖν.
3371 5031 3577 5097 Καθὼς
3620 5031 3700 5086 τὸ

448 5114 735 5169 titudinem
788 5112 1143 5167 torcularium
1195 5110 1533 5168 invexerunt.
1582 5115 1699 5181 Qua
1736 5117 1804 5174 de
1845 5134 2012 5176 causa

2126 5124 2319 5195 κλῆμα
2376 5128 2446 5179 οὐ
2497 5125 2742 5180 δύναται
2787 5124 2992 5193 φέρειν
3015 5125 3246 5194 καρπὸν
3296 5123 3396 5191 ἀφ’
3442 5121 3694 5188 ἑαυτοῦ,

448 5209 644 5280 psalmi
676 5206 783 5262 Pro
816 5204 1166 5260 torcularibus
1198 5206 1445 5275 inscripti
1470 5223 1566 5277 per
1589 5206 1854 5280 Spiritum
1882 5227 2014 5267 sana

2126 5216 2224 5269 ἐὰν
2251 5215 2339 5286 μὴ
2374 5218 2551 5286 μείνῃ
2596 5217 2668 5271 ἐν
2707 5216 2779 5285 τῇ
2815 5216 3093 5287 ἀμπέλῳ·
3140 5217 3291 5271 οὕτω
3338 5214 3439 5268 καὶ
3490 5212 3693 5281 ὑμεῖς,

448 5314 597 5358 ctum
625 5301 939 5373 prOphetice
971 5298 1311 5368 pronuntiati
1341 5308 1489 5355 sunt.

2126 5306 2223 5361 ἐὰν
2260 5308 2345 5376 μὴ
2399 5308 2468 5360 ἐν
2505 5308 2633 5377 ἐμοὶ
2665 5309 2924 5378 μείνητε.
2983 5307 3120 5377 Ἐγώ
3151 5309 3267 5377 ειμι
3306 5306 3345 5373 ἡ
3392 5305 3692 5373 ἄμπελος,

448 5396 616 5463 ὑμεῖς
656 5395 727 5447 τὰ
780 5392 1071 5462 κλήματα.
1116 5390 1169 5442 Ὁ
1188 5393 1387 5459 μένων
1436 5394 1504 5447 ὲν
1548 5395 1699 5464 ἐμοὶ,
1737 5399 1896 5469 κάγὼ
1934 5400 2003 5452 ἐν
2039 5399 2216 5465 αὐτῷ,
2253 5402 2351 5455 καὶ
2414 5398 2590 5469 οὗτος
2618 5402 2780 5470 φέρει
2812 5403 3041 5471 καρπὸν
3062 5404 3258 5455 πολύν
3281 5417 3295 5430 '
3356 5398 3446 5452 ὅτι
3486 5398 3693 5467 ,χωρὶς

449 5486 592 5555 ἐμοῦ
645 5487 715 5537 οὐ
758 5484 1019 5537 δύνασθε
1069 5483 1288 5552 φέρειν.
1334 5484 1444 5555 Τῆς
1483 5487 1579 5556 μὲν
1624 5484 1715 5543 οὖν
1744 5491 2012 5563 προτέρας
2047 5492 2290 5562 ἀμπέλου
2317 5494 2385 5548 τὰ
2408 5493 2534 5565 τέλη
2573 5494 2911 5566 διέγραψενό
2943 5493 3047 5565 πρὸ
3106 5492 3297 5547 τούτου
3360 5489 3609 5563 ψαλμός’
3643 5495 3687 5567 ἠ

450 5578 507 5632 δὲ
543 5574 766 5645 ἀληθινὴ
796 5572 1033 5644 ἄμπελος
1056 5576 1233 5627 ὁποῖον
1259 5574 1689 5650 ἔχειφυτουργὸν
1725 5582 1817 5634 καὶ
1842 5584 2102 5656 γεωργὸν,
2140 5586 2232 5639 καὶ
2264 5587 2421 5639 ὁποῖα
2460 5585 2743 5657 κλήματα,
2790 5586 2882 5639 κα)⁵
2928 5585 3147 5649 ὁποίους
3203 5584 3414 5656 βότρυς,
3461 5585 3499 5654 ἡ
3564 5600 3684 5639 σω-

527 5754 571 5786 ³⁸
606 5752 706 5809 lsa.
743 5770 794 5819 ν,
828 5755 877 5809 l.
955 5754 999 5785 ⁸⁸
1038 5753 1194 5810 Joan.
1235 5773 1321 5821 xv,
1365 5759 1387 5813 l
1426 5766 1480 5813 et
1508 5775 1649 5837 seqq
