4078 6432
362 406 465 462 975
1480 406 1958 465 COMMENTARU

2056 409 2088 464 Ν
2125 408 2459 465 PSALMOS.
3492 402 3596 468 9⁵η

360 525 546 595 τήριος
584 522 879 595 παρίστησι
937 522 1273 578 διδασκαλία.
1315 523 1410 578 Ἐκ
1466 525 1572 579 τῶν
1600 525 1803 596 ταύτης
1862 525 2147 598 τοιγαροῦν
2182 527 2478 597 κλημάτων
2519 525 2864 580 διαδοθέντων
2896 526 3016 581 καθ’
3059 527 3187 600 ὅλης
3227 546 3322 601 της
3349 532 3604 602 οίκουμές

360 631 458 685 νης
510 614 840 684 συνέστησαν
875 616 1223 686 ἀμπελῶνες’
1263 618 1355 670 καὶ
1403 617 1607 671 τούτων
1635 619 1684 671 οἱ
1734 620 1936 692 καρποὶ
1974 620 2195 674 κατὰτὸ
2251 620 2383 673 αὐτὸ
2449 620 2802 691 συναγόμενοι
2825 623 2882 674 ὲν
2908 624 3026 685 ταῖς
3065 623 3186 677 καθ’
3219 624 3345 696 ὅλης
3393 629 3489 698 τῆς
3529 630 3608 681 ol-

362 705 631 777 κουμένης
651 708 966 780 ὲκκλησέαις
1010 709 1141 761 πολὺ
1171 709 1373 781 πλῆθος
1407 710 1812 781 ἀπειργάσαντο
1840 712 2044 785 ληνῶν·
2078 707 2151 767 ὦν
2175 713 2336 767 ἕνεκα
2397 712 2482 766 διὰ
2524 712 2617 767 τοῦ
2658 713 2814 781 ἀγίου
2853 714 3173 785 Πνεύματος
3196 716 3245 767 oi
3278 716 3607 787 Ἐπιλήνιοι

362 797 565 870 ψαλμοὶ
600 801 947 872 προφητικῶς
975 802 1415 875 ἀνεφωνήθησαν.

436 916 779 967 Σαλπίσατε
804 915 873 968 ἐν
914 918 1199 986 νεομηνία
1233 917 1539 990 σάλπιγγι,
1580 922 1648 975 ἐν
1691 923 1934 994 εὐσήμῳ

2109 921 2274 977 Vens.
2311 923 2363 976 4.
2392 921 2674 976 Βιιεειηαιε
2718 938 2774 975 m
2823 924 3095 976 neomenia
3124 920 3272 986 tuba,
3309 922 3364 975 in
3414 923 3607 994 insigni

367 1006 558 1075 ἡμέρᾳ
578 1006 789 1074 ἑορτῆς
812 1007 996 1075 ὑμῶν.
1034 1009 1245 1062 Ἐκάλει
1272 1011 1369 1076 μὲν
1395 1014 1422 1065 6
1454 1012 1610 1081 λόγος
1641 1015 1937 1086 ἀρχόμενος

2056 1012 2125 1068 iie
2152 1013 2499 1067 sotenmitatis
2526 1024 2729 1067 vestrae.
2776 1011 2890 1067 Sub
2928 1013 3143 1066 initium
3176 1012 3392 1082 quidem
3427 1028 3607 1069 sermo

367 1097 461 1151 ἐπὶ
488 1096 835 1166 ἀγαλλίασιν’
878 1097 1199 1169 προσέταττε
1222 1100 1279 1153 δὲ
1310 1100 1595 1165 ἀλαλάζειν
1616 1142 1632 1167 ,
1665 1106 1940 1159 τουτέστιν

2056 1105 2111 1158 ιιι
2142 1106 2562 1159 exsultationem
2592 1104 2843 1168 vocabat,
2877 1119 2941 1159 ac
2958 1103 3193 1173 jubilare
3236 1103 3605 1175 praecipiebat,

369 1189 536 1262 ὕμνον
605 1190 870 1244 ἐπινίκιον
938 1192 1283 1262 ἀναπέμπειν
1340 1194 1417 1265 τῷ
1468 1196 1762 1266 δηλωθέντι
1822 1198 1941 1268 Θεῷ

2056 1211 2147 1250 ιοο
2174 1203 2278 1259 est,
2313 1196 2693 1264 triumphalem
2747 1196 3009 1265 hymnum
3039 1204 3340 1250 memorato
3382 1195 3494 1252 Deo
3514 1194 3609 1251 Ja-

380 1279 603 1334 Ἷακώϐο
637 1276 753 1333 εἶτα
791 1280 983 1348 λόγους
1034 1282 1443 1350 διδασκαλικοὺς
1491 1287 1955 1359 παραλαμϐάνω-ι’

365 1388 487 1434 τας,
516 1371 695 1442 ἔργοις
722 1372 943 1435 τούτους
962 1373 1309 1446 ἀποπληροῦν
1334 1394 1347 1407 ο
1380 1376 1671 1447 πληρωτὰς
1707 1379 1763 1432 δὲ
1792 1397 1944 1447 γενο-

373 1462 565 1534 μένους
596 1462 703 1515 τῶν
726 1461 921 1533 ἔργων,
948 1462 1048 1534 ἤδη
1072 1462 1256 1516 λοιπὸν
1280 1465 1375 1517 καὶ
1397 1466 1475 1528 είς
1505 1467 1710 1530 πάντας
1736 1468 1832 1522 ἀνθ
1843 1468 1944 1539 ρώ-

370 1569 506 1615 πους
557 1552 846 1623 κηρύττειν
885 1552 976 1604 καὶ
1013 1550 1294 1615 σαλπίζειν
1318 1591 1333 1617 ,
1376 1552 1586 1625 ὲξηχεῖν
1619 1571 1678 1607 τε
1730 1555 1824 1607 καὶ
1860 1554 1959 1620 ὲξ-“

371 1642 634 1698 άκουστον
672 1647 782 1707 τοῖς
815 1645 950 1697 πᾶσι
972 1647 1144 1697 ποιεῖν
1163 1645 1225 1698 τὸ
1254 1646 1603 1715 Εὐαγγέλιον·
1638 1646 1824 1719 ὥσπερ
1852 1644 1945 1701 οὖν

371 1734 465 1788 καὶ
493 1738 520 1788 6
559 1736 747 1806 Σωτὴρ
772 1735 1181 1807 παρεκελεύετο
1212 1737 1385 1806 λέγων
1416 1741 1529 1803 τοῖς
1569 1740 1733 1793 αὐτοῦ
1769 1740 1946 1813 μαθη-

371 1831 492 1892 ταῖς
512 1844 525 1859 ·
568 1830 627 1880 Ὃ
650 1831 737 1893 εἷς
771 1827 835 1881 τό
870 1825 980 1894 οὖς
1015 1829 1296 1895 ἀκούετε,
1340 1832 1677 1899 κηρύσσετε
1707 1833 1947 1887 ἐπὶτῶν

372 1921 674 1991 δωμάτων.
710 1922 800 1974 Διὸ
826 1922 1072 1975 λέλεκται
1092 1926 1201 1987 τοῖς
1227 1923 1293 1977 τὰ
1323 1924 1514 1997 πρῶτα
1536 1926 1941 1997 κατωρθωκόσι’

374 2015 737 2069 Σανίπίσατε.
775 2013 897 2074 Πῶς
949 2014 1006 2067 δὲ
1049 2016 1248 2090 αύτοὺς
1295 2015 1541 2086 βούλεται
1585 2018 1944 2090 σαλπίζειν,ἢ

375 2107 450 2169 ὡς
490 2105 776 2170 ἐσάλπιζον
811 2105 975 2158 πάλαι
1016 2086 1278 2178 πρότερον
1307 2109 1357 2159 οἱ
1390 2108 1485 2171 τάς
1508 2110 1721 2173 εἰκόνας
1766 2112 1945 2163 ἐπιτε-

376 2196 613 2263 λοῦντες,
644 2199 739 2251 καὶ
767 2197 836 2252 τά
872 2197 1116 2268 σύμϐολα
1166 2200 1257 2252 καὶ
1278 2201 1403 2264 τοὺς
1430 2200 1636 2264 τύπους
1672 2202 1779 2256 τῶν
1816 2203 1947 2273 ἀλη-

377 2289 515 2354 θῶν;
545 2289 863 2353 Ἑσάλπιζον
909 2290 965 2342 δὲ
1015 2291 1211 2343 ἐκεῖνοι
1252 2291 1309 2343 ὲν
1339 2292 1601 2364 νεομηνία
1645 2294 1739 2347 καὶ
1767 2296 1825 2347 ὲν
1856 2295 1947 2347 εύ-
1980 2266 2021 2323 Β

380 2381 538 2450 σήμῳ
559 2382 739 2452 ἡμέρᾳ
763 2382 977 2451 ἑορτῆς.
1009 2382 1120 2435 Καὶ
1168 2381 1311 2434 τοῦτ’
1354 2382 1621 2455 ἔπραττον
1668 2386 1806 2439 κατὰ
1860 2387 1950 2440 τὸν

377 2472 602 2543 ἕϐδομον
648 2475 810 2544 μῆνα,
865 2477 923 2527 ὲν
1058 2475 1460 2545 συνερχόμενοι,
1489 2478 1587 2546 τὴν
1618 2479 1807 2550 ἑορτὴν
1843 2480 1953 2533 τῶν

378 2564 697 2635 Σαλπίγγων
727 2566 1032 2631 ἐπετέλουν,
1057 2565 1202 2632 ἅπαξ
1224 2565 1313 2619 τοῦ
1332 2568 1578 2622 ἐνιαυτοῦ
1604 2569 1760 2624 τοῦτο
1781 2571 1953 2643 πράτ-

377 2676 578 2725 τοντες.
617 2664 776 2731 Λέγει
806 2664 849 2716 δ’
884 2660 975 2717 οῦν
1008 2667 1041 2737 ἡ
1067 2668 1251 2739 γραφὴ
1270 2666 1363 2721 τοῦ
1385 2668 1549 2738 νόμου
1573 2685 1587 2699 ο
1616 2667 1726 2723 Τοῦ
1758 2668 1951 2737 μηνὸς

379 2753 487 2807 τοῦ
512 2753 781 2824 ἑϐδόμου,
805 2756 915 2825 μιᾷ
931 2759 1038 2812 τοῦ
1062 2760 1272 2828 μηνὸς,
1308 2758 1481 2813 ἔσται
1516 2760 1658 2829 ὑμῖν
1683 2760 1952 2815 ἀνάπαυ-

379 2860 500 2912 σις,
526 2850 923 2916 μνημόσυνον
952 2853 1320 2921 σαλπίγγων
1363 2852 1557 2921 κλητὴ
1599 2854 1738 2921 ἁγία
1781 2852 1953 2907 ἔσται

379 2939 539 3007 ὑμῖν.
590 2939 774 3002 Οὕτως
825 2936 916 2994 οὖν
966 2941 1154 3014 ῶσπερ
1210 2944 1271 2996 ἐν
1321 2946 1385 3015 τῇ
1410 2945 1668 3016 νεομηνία
1710 2947 1775 3015 τῇ
1831 2945 1952 2997 τότε

379 3031 691 3096 ὲσάλπιζον,
736 3032 979 3102 βούλεται
1010 3035 1103 3087 καὶ
1131 3032 1228 3089 νῦν
1257 3036 1383 3098 τοὺς
1412 3036 1781 3107 κεκλημένους
1820 3037 1951 3091 σαλ-

382 3121 577 3187 πίζειν.
606 3119 713 3175 1Ἦν
736 3124 792 3176 δὲ
817 3126 849 3195 ἡ
870 3124 1053 3196 ἡμέρα
1076 3126 1302 3198 ὲκείνηὴ
1325 3130 1424 3198 τῆς
1457 3129 1648 3199 ἑορτῆς
1680 3129 1786 3181 τῶν
1815 3130 1951 3183 Σαλ-

384 3211 598 3280 πίγγων
638 3211 873 3284 εὔσημος
903 3213 1116 3285 ἡμέραν
1160 3214 1306 3283 λέγει
1351 3215 1396 3267 δ’
1439 3212 1532 3270 οὖν
1572 3218 1777 3288 Μωσῆς
1824 3218 1952 3288 περὶ

383 3304 556 3374 αὐτῆς
575 3321 588 3333 ·
622 3302 752 3358 Πᾶν
784 3306 961 3373 ἔργον
988 3307 1319 3375 λατρευτὸν
1343 3309 1413 3361 οὐ
1438 3306 1742 3377 ποιήσετε.
1792 3308 1954 3379 Ἡμέ-

376 3411 458 3464 pa
480 3393 788 3462 σημασίας
812 3393 983 3448 ἔσται
1002 3395 1164 3465 ὑμῖν.
1186 3396 1277 3451 Διὸ
1299 3398 1391 3452 καὶ
1420 3399 1651 3453 ἐνταῦθα
1671 3400 1916 3454 λέλεκται
1937 3418 1951 3432 ·

400 3487 494 3538 Ἐν
523 3484 769 3555 εὐσήμφ
798 3485 989 3555 ἡμέρᾳ
1036 3488 1250 3557 ἑορτῆς
1292 3489 1477 3559 ὑμῶν.
1520 3487 1626 3544 Ἦν
1647 3488 1739 3545 οὖν
1773 3492 1955 3563 ἡμέρα

386 3576 627 3651 εὔσημος
681 3580 775 3633 καὶ
823 3581 982 3651 ἑορτὴ
1041 3582 1252 3645 οὐδενὸς
1300 3569 1559 3655 ἑτέρουῆ
1602 3584 1950 3653 σαλπίγγων*
1982 3608 2025 3667 C

387 3672 540 3725 ἔνθεν
568 3672 663 3726 καὶ
686 3671 1007 3741 Σαλπίγγων
1027 3672 1187 3744 ἑορτὴ
1215 3674 1464 3745 κέκλητο.
1490 3676 1668 3746 Τριῶν
1694 3676 1752 3729 δὲ
1785 3676 1960 3730 ούσῶν

388 3764 589 3836 ἑορτῶν
623 3765 767 3819 κατὰ
795 3766 888 3819 τὸν
935 3766 1096 3819 αὐτὸν
1135 3768 1309 3838 μῆνα·
1344 3767 1567 3840 πρώτης
1599 3769 1697 3839 μὲν
1722 3770 1821 3838 τῆς
1850 3768 1958 3822 τῶν

389 3855 710 3925 Σαλπίγγων
751 3858 807 3909 ἐν
857 3860 921 3928 τῇ
956 3858 1217 3929 νεομηνία
1264 3860 1686 3929 συντελουμένης
1710 3877 1723 3890 ·
1768 3861 1961 3931 ἐτέρας

389 3948 445 4002 δὲ
471 3949 568 4019 τῆς
597 3950 690 4002 τοῦ
730 3949 976 4020 Ἱλασμοῦ
1010 3953 1067 4005 έν
1096 3955 1161 4022 τῇ
1200 3952 1401 4025 δεκάτῃ
1435 3953 1617 4024 ἡμέρᾳ
1653 3952 1743 4006 τοῦ
1793 3954 1961 4025 μηνὸς

389 4038 738 4109 γιγνομένηςο
777 4038 870 4091 καὶ
902 4039 1089 4110 τρίτης
1114 4041 1212 4110 τῆς
1243 4040 1351 4094 τῶν
1381 4041 1603 4111 Σκηνῶν
1622 4059 1635 4072 ·
1675 4042 1840 4113 μόνην
1862 4042 1960 4112 τὴν

389 4126 497 4179 τῶν
538 4127 859 4197 Σαλπίγγων
894 4129 1174 4199 μιμεῖσθαι
1214 4130 1421 4184 κελεύει
1452 4133 1674 4201 φάσκων
1694 4150 1709 4163 °
1741 4135 1962 4187 Σαλπι-

391 4232 537 4269 σατε
562 4218 631 4269 ἐν
672 4219 957 4286 νεομηνία
990 4218 1303 4290 σάλπιγγι·
1344 4223 1672 4294 σαφέστερον
1707 4224 1763 4278 δὲ
1792 4225 1963 4288 οὕτως

392 4308 459 4361 ἂν
488 4305 660 4361 εἶπεν.
684 4310 892 4379 Ὥσπερ
923 4312 980 4363 ὲν
1012 4315 1076 4383 τῇ
1099 4314 1359 4386 νεομηνίᾳ
1384 4316 1672 4380 ὲσάλπιζόν
1711 4335 1839 4371 ποτε
1867 4336 1961 4371 πε-

394 4400 732 4471 ριτρέχοντες
759 4400 938 4455 πάντα
965 4403 1125 4457 τόπον
1155 4407 1233 4468 εἰς
1266 4406 1325 4459 τὸ
1354 4407 1595 4477 σημῆναι
1620 4409 1719 4481 τὴν
1749 4408 1961 4480 ἑορτὴν,

390 4490 482 4543 τὸν
510 4491 667 4544 αὑτὸν
700 4492 897 4563 τρόπον
929 4493 1023 4545 καὶ
1056 4495 1234 4564 ὑμεῖς,
1265 4492 1343 4560 οἷς
1364 4498 1392 4549 6
1423 4496 1578 4564 λόγος
1615 4497 1962 4568 προστάττει,

393 4585 753 4637 σαλπίσατε.
789 4585 1043 4639 Βούλεται
1084 4586 1141 4639 δὲ
1176 4589 1301 4651 τοὺς
1348 4589 1595 4659 κήρυκας
1642 4588 1749 4643 τῶν
1796 4588 1965 4642 ὲθνῶν

398 4674 472 4745 μὴ
497 4676 615 4736 ταῖς
634 4674 845 4737 λοιπαῖς
874 4675 1162 4746 προσέχειν
1191 4677 1505 4741 Ἰουδαῖκαίς
1529 4680 1964 4750 παρατηρήσεσι,

398 4768 547 4837 μόνῳ
579 4768 635 4820 δὲ
663 4768 898 4838 χρῆσθαι
946 4766 1022 4837 τῷ
1061 4768 1411 4840 κηρύγματι,
1446 4771 1539 4823 καὶ
1578 4771 1854 4836 σαλπίζειν
1887 4774 1967 4835 εἰς

398 4857 645 4920 ἅπαντας
690 4858 1007 4931 ἀνθρώπους
1049 4861 1139 4913 τὸν
1180 4862 1441 4935 σωτήριον
1480 4861 1572 4915 καὶ
1616 4862 1966 4931 εὐαγγελικὸν

2044 1288 2146 1342 cob
2172 1288 2453 1354 emittere;
2478 1287 2673 1342 deinde
2701 1294 2953 1357 suscepta
2998 1287 3259 1341 doctrinae
3286 1288 3450 1343 verba
3478 1304 3610 1358 ope-

2043 1381 2198 1435 ribus
2229 1381 2455 1450 implere
2487 1399 2501 1434 :
2533 1380 2801 1434 absolutis
2840 1388 3020 1433 autem
3055 1380 3332 1449 operibus,
3362 1388 3475 1434 tum
3509 1380 3608 1435 de-

2044 1486 2194 1524 mum
2224 1468 2538 1525 hominibus
2566 1469 2865 1538 praedicare
2898 1476 2951 1524 et
2974 1468 3289 1534 buccinare,
3321 1469 3612 1526 vociferari

2046 1561 2174 1617 item
2204 1569 2259 1616 et
2284 1561 2339 1614 in
2365 1561 2608 1615 omnium
2651 1561 2877 1615 auribus
2908 1560 3262 1631 Evangelium
3313 1562 3568 1618 nuntiare
3593 1580 3611 1629 ;

2045 1650 2503 1722 quemadmodum
2552 1649 2812 1706 Servator
2867 1652 3152 1722 discipulis
3208 1654 3455 1724 praecipit
3494 1655 3613 1713 suis

2046 1742 2234 1798 dicens
2254 1760 2265 1795 :
2288 1741 2440 1808 Quod
2457 1743 2510 1795 in
2528 1758 2655 1796 aure
2677 1743 2897 1807 auditis,
2915 1745 3201 1811 prazdicate
3216 1756 3522 1815 supertecta
3541 1747 3611 1803 ⁸⁸.

2047 1834 2409 1900 Quamobrem
2430 1833 2497 1888 iis
2508 1834 2600 1904 qui
2615 1833 2797 1903 priora
2814 1843 3275 1907 rectegesserant,
3290 1837 3611 1897 dictumest:

2046 1927 2351 1980 Buccinate.
2389 1925 2506 1992 Qua
2552 1934 2733 1982 autem
2764 1927 2978 1983 ratione
3021 1929 3173 1998 ipsos
3199 1929 3491 1999 buccinare
3517 1947 3616 1986 vo-

2048 2017 2230 2087 luerit,
2266 2017 2373 2071 nisi
2422 2033 2529 2086 qua
2568 2018 2697 2072 olim
2728 2025 2782 2073 et
2812 2020 3125 2089 ,antiquitus
3153 2021 3248 2091 qui
3280 2022 3398 2077 veri
3424 2022 3618 2094 imagi-

2048 2125 2191 2171 nem,
2216 2108 2460 2178 symbola
2488 2116 2541 2163 et
2569 2111 2724 2179 signa
2741 2110 3041 2179 gerebant?
3066 2110 3438 2167 Buccinabant
3452 2129 3617 2183 porro

2049 2202 2128 2255 illi
2174 2202 2228 2254 in
2282 2200 2591 2264 neomenia,
2641 2212 2695 2256 et
2746 2203 2805 2256 in
2846 2203 3049 2273 insigni
3076 2204 3165 2258 die
3206 2204 3569 2262 solemnitatis
3599 2247 3616 2261 .

2051 2290 2211 2360 idque
2242 2290 2472 2358 agebant
2497 2290 2728 2359 septimo
2763 2306 2971 2356 mense,
2999 2307 3108 2360 quo
3142 2293 3478 2362 congregati,
3507 2291 3619 2348 Tu-

2050 2384 2244 2439 barum
2271 2381 2668 2437 solemnitatem
2699 2381 3049 2437 celebrabant
3083 2400 3098 2437 :
3130 2381 3293 2453 idque
3321 2384 3490 2439 semel
3519 2399 3618 2454 per

2052 2490 2254 2530 annum
2285 2474 2640 2544 praestabant.
2667 2473 2757 2527 Ait
2783 2490 2913 2544 ergo
2942 2476 3075 2546 legis
3105 2476 3406 2545 scriptura;
3440 2475 3619 2531 Mense

2052 2569 2290 2637 septimo,
2322 2567 2496 2637 prima
2523 2566 2715 2621 mensis
2749 2566 2851 2621 erit
2881 2568 3022 2623 vobis
3048 2569 3271 2639 requies,
3317 2568 3621 2625 memorial:

2053 2660 2298 2714 tubarum
2320 2676 2337 2713 :
2363 2659 2634 2714 vocabitur
2667 2670 2857 2713 sancta
2881 2659 3022 2713 vobis
3044 2660 3111 2713 ⁸⁷.
3139 2658 3210 2713 Ut
3231 2659 3469 2730 igiturin
3488 2675 3622 2715 neo-

2052 2753 2233 2807 menia
2266 2753 2356 2806 illa
2386 2754 2731 2826 clangebant,
2766 2752 2839 2806 ita
2856 2753 3170 2807 etiamnunc
3185 2762 3409 2808 vocatos
3439 2753 3618 2808 bucci-

2051 2859 2183 2899 nare
2199 2844 2502 2915 cupit.Erat
2514 2854 2693 2900 autem
2712 2844 2828 2900 dies
2846 2845 2934 2898 illa
2951 2843 3309 2900 solemnitatis
3323 2843 3619 2909 Tubarum,

2052 2933 2169 2991 dies
2203 2936 2535 3006 conspicua;
2566 2936 2747 3005 aitque
2779 2935 2847 2990 de
2882 2936 2972 2989 illa
3001 2934 3214 3006 Moyses
3242 2956 3255 2990 :
3289 2933 3454 2989 Omne
3493 2950 3621 3004 opus

2051 3027 2238 3081 servile
2275 3044 2379 3080 non
2417 3027 2659 3096 facietis:
2699 3027 2810 3081 dies
2864 3027 3180 3083 celebritatis
3233 3032 3334 3085 erit
3373 3031 3516 3087 vobis
3549 3033 3620 3088 ⁸⁸.

2053 3112 2401 3190 Quapmpter
2428 3120 2519 3176 hic
2558 3136 2776 3191 quoque
2813 3120 3016 3175 dicitur
3042 3139 3056 3175 :
3092 3120 3160 3175 In
3190 3123 3389 3194 insigni
3417 3123 3502 3178 die
3529 3140 3620 3178 so-

2055 3212 2344 3267 lemnitatis
2379 3222 2584 3269 vestrae.
2618 3212 2751 3267 Erat
2787 3229 2917 3286 ergo
2948 3214 3184 3284 insignis
3212 3214 3332 3271 dies
3364 3223 3419 3271 et
3449 3216 3624 3273 festus

2055 3303 2206 3373 dies,
2250 3322 2358 3360 non
2400 3307 2541 3363 alius
2580 3307 2657 3362 rei
2703 3322 2867 3377 quam
2909 3308 3207 3362 tubarum:
3241 3320 3413 3378 quare
3445 3308 3627 3365 Tuba-

2056 3413 2177 3451 rum
2210 3397 2409 3453 festum
2433 3398 2751 3453 vocabatur.
2781 3399 2918 3453 Cum
2951 3409 3134 3453 autem
3156 3406 3272 3455 tres
3302 3408 3489 3457 essent
3530 3418 3629 3458 eo-

2057 3488 2180 3544 dem
2212 3504 2400 3544 mense
2445 3489 2838 3555 solemnitates,
2883 3491 3059 3561 prima
3086 3489 3386 3557 Tubarum,
3419 3508 3540 3563 quae
3569 3494 3627 3549 in

2058 3578 2343 3633 neomenia
2360 3577 2769 3643 celebrabatur;
2805 3577 3046 3633 secunda
3076 3576 3512 3646 Pr0pitiationis,
3540 3578 3629 3632 dc-

2061 3668 2202 3723 cima
2226 3669 2313 3723 die
2334 3669 2559 3733 mensis;
2578 3667 2737 3723 tertia
2754 3665 3258 3722 Tabernaculorum
3283 3685 3297 3734 ;
3328 3669 3501 3723 solam
3518 3666 3630 3723 Tu-

2060 3762 2250 3817 barum
2285 3762 2428 3817 diem
2461 3761 2660 3815 imitari
2695 3760 2941 3831 praecipit
2968 3759 3159 3815 dicens
3194 3778 3207 3812 :
3243 3760 3529 3814 Buccinate
3573 3762 3629 3815 in

2061 3855 2335 3908 neomenia
2370 3853 2535 3916 tuba;
2565 3853 2710 3921 quod
2739 3852 2943 3906 clarius
2974 3852 3048 3904 ita
3080 3851 3400 3921 protulisset
3428 3870 3441 3905 :
3478 3848 3633 3907 Sicut

2062 3945 2192 4000 olim
2226 3945 2283 3998 in
2312 3944 2602 3999 neomenia
2622 3984 2637 4009 ,
2668 3944 2850 3997 locum
2879 3957 3095 3997 omnem
3128 3943 3632 3998 circumcursantes

2061 4034 2428 4091 huccinabant
2445 4072 2459 4098 ,
2493 4040 2552 4087 ut
2574 4030 2772 4089 festum
2799 4033 3105 4087 indicarent
3130 4051 3145 4099 ;
3175 4034 3426 4089 similiter
3450 4043 3505 4089 et
3529 4049 3629 4089 vos

2061 4126 2155 4197 qui
2195 4125 2461 4195 jubemini
2484 4164 2500 4189 ,
2546 4125 2836 4179 buccinate.
2867 4124 2997 4179 Vult
3025 4140 3191 4194 porro
3222 4124 3463 4194 gentium
3494 4140 3636 4196 pm

2062 4230 2260 4278 cenes,
2304 4230 2414 4268 non
2447 4215 2660 4270 caeteris
2701 4212 2951 4268 Judaicis‘
2996 4214 3471 4272 observationibus
3515 4216 3639 4270 an'U

2062 4321 2213 4361 mum
2254 4306 2517 4361 adhibere
2536 4345 2552 4372 ,
2604 4306 2699 4361 sed
2727 4306 2845 4362 sola
2874 4305 3265 4375 praedicatione
3292 4307 3371 4359 uti
3389 4345 3404 4371 ,
3435 4312 3489 4360 et
3517 4320 3635 4360 om-

2063 4400 2225 4454 nibus
2268 4397 2581 4453 hominibus
2624 4398 2865 4453 salutare
2894 4405 2950 4451 et
2986 4398 3360 4468 evangelicum
3405 4398 3636 4452 verbum

2062 4490 2379 4546 buccinare.
2422 4489 2630 4545 Horum
2658 4505 2896 4560 namque
2948 4491 3194 4560 symbola
3236 4488 3448 4561 Moyses
3484 4490 3638 4544 insti-

2066 4581 2252 4636 tuebat
2272 4621 2286 4646 ,
2311 4588 2538 4653 eratque
2565 4590 2892 4651 przeceptum
2920 4582 2974 4635 in
2998 4580 3164 4637 Israel
3211 4579 3400 4651 (Vens.
3437 4580 3492 4650 5)
3520 4580 3638 4649 lege

2064 4674 2336 4729 sancitum
2368 4674 2515 4743 quod
2562 4673 2860 4728 buccinare
2900 4679 3206 4742 oporteret,
3243 4670 3461 4739 dieique
3507 4669 3637 4725 festi

2066 4773 2286 4836 tempus
2315 4767 2445 4820 tuba
2476 4766 2735 4821 omnibus
2768 4765 3099 4835 signiﬁcare.
3135 4763 3250 4817 Hoc
3279 4778 3409 4817 vero
3439 4776 3639 4832 praece-

2070 4866 2224 4928 ptum
2254 4874 2320 4912 ex
2345 4857 2556 4927 judicio
2579 4896 2593 4920 ,
2639 4857 2923 4911 voluntate
2966 4862 3021 4909 et
3068 4854 3289 4909 decreto
3338 4851 3433 4907 Dei
3463 4850 3635 4906 Jacob

396 4945 575 5014 ὶόγον.
609 4946 826 5000 Τούτων
859 4947 967 5019 γὰρ
1001 4948 1179 5001 αὐτῶν
1218 4949 1287 5002 τὰ
1335 4950 1579 5021 σύμϐολα
1623 4953 1716 5005 καὶ
1760 4954 1958 5024 Μωσῆς

2068 4950 2350 5004 edebatur.
2400 4949 2521 5017 Ipse
2558 4963 2795 5019 namque
2828 4948 3007 5011 Deus,
3040 4947 3135 5017 qui
3182 4945 3390 5001 Iacobo
3416 4945 3547 4999 olim
3578 4944 3637 4998 in

395 5036 605 5101 ἐποίει,
641 5038 733 5091 καὶ
782 5033 851 5110 ἦν
889 5040 1214 5112 πρόσταγμα
1244 5041 1322 5112 τῷ
1360 5043 1573 5115 Ἰσραὴλ
1620 5045 1763 5108 ἰδίως
1808 5044 1966 5098 τοῦτο

397 5129 919 5202 νενομοθετημένον,
958 5133 1019 5185 τὸ
1063 5133 1171 5186 δεῖν
1212 5134 1526 5211 σαλπίζειν,
1585 5138 1678 5190 καὶ
1731 5137 1820 5191 διὰ
1867 5137 1966 5207 τῆς

400 5220 696 5288 σάλπιγγος
733 5221 1016 5291 σημαίνειν
1052 5225 1164 5286 τοῖς
1196 5226 1328 5278 πᾶσι
1367 5226 1465 5296 τὴν
1489 5226 1584 5278 τοῦ
1620 5226 1811 5298 καιροῦ
1846 5228 1967 5297 ἐορ-

397 5310 517 5381 τήν.
543 5308 615 5363 Τδ
645 5308 702 5362 δὲ
742 5310 1071 5381 πρόσταγμα
1115 5312 1273 5366 τοῦτο
1312 5313 1451 5367 κατά
1505 5317 1685 5387 κρίσιν
1727 5316 1964 5384 ἐγένετο,

397 5402 493 5455 καὶ
519 5401 659 5456 κατὰ
689 5402 933 5474 βούλημα
953 5404 1046 5457 καὶ
1073 5407 1245 5476 κρῖμα
1274 5406 1367 5459 τοῦ
1392 5407 1526 5461 Θεοῦ
1561 5408 1773 5463 Ἰακώϐ.
1797 5408 1967 5471 Αὐτὸς

2068 5043 2168 5096 viri
2186 5041 2367 5110 specie
2414 5049 2469 5095 et
2513 5039 2689 5095 forma
2733 5041 2884 5096 visus
2924 5046 3041 5104 est,
3092 5039 3182 5093 hic
3236 5044 3353 5093 erat
3378 5037 3471 5107 qui
3505 5035 3637 5090 olim

2079 5133 2270 5188 isthaec
2291 5133 2551 5202 populum
2574 5132 2751 5187 lacere
2762 5131 2998 5201 'ﬁgurate
3022 5146 3118 5199 per
3139 5129 3374 5200 Moysem
3388 5126 3634 5196 jubebat.

2069 5223 2225 5290 Quod
2254 5232 2433 5279 autem
2454 5224 2748 5279 buccinare
2776 5223 2895 5285 hic,
2920 5224 3161 5277 clamare
3191 5229 3244 5276 et
3273 5220 3527 5275 omnibus
3547 5233 3641 5273 an-

2070 5315 2345 5378 nuntiare,
2371 5314 2661 5385 signiticet,
2684 5314 2843 5369 docet
2868 5314 3125 5368 Servator
3144 5312 3230 5367 his
3259 5311 3440 5367 verbis
3464 5329 3477 5364 :
3505 5309 3639 5365 Cum

2071 5408 2207 5477 facis
2243 5408 2662 5478 eleemosynam,
2695 5406 2805 5461 noli
2842 5405 2969 5459 tuba
3007 5421 3190 5459 canere
3222 5412 3344 5458 ante
3382 5413 3429 5457 te
3463 5403 3530 5456 ".

397 5495 508 5567 γὰρ
553 5496 630 5567 τῷ
668 5496 860 5551 Ἰακὼὸ
902 5499 1088 5568 ὀφθεὶς
1122 5499 1288 5553 πάλαι
1321 5500 1453 5564 Θεὸς
1491 5503 1549 5554 ὲν
1593 5502 1786 5571 ἀνδρὸς
1824 5501 1953 5554 εῖδει
1992 5503 2086 5555 καὶ
2114 5504 2376 5573 σχήματι,
2400 5495 2552 5564 οὗτος
2580 5496 2647 5570 ἦν
2673 5502 2702 5553 6
2730 5499 2899 5554 ταῦτα
2923 5500 3015 5552 καὶ
3051 5498 3139 5551 διὰ
3170 5498 3411 5559 Μωσέως
3448 5498 3639 5561 εἰκονι-

398 5590 511 5652 κῶς
550 5591 629 5661 τῷ
682 5591 795 5662 λαῷ
849 5593 1107 5664 πράττειν
1143 5591 1551 5664 διαταξάμενος.
1596 5595 1715 5647 Ὅτι
1758 5594 1816 5647 δὲ
1863 5595 1925 5647 τὸ
1964 5593 2241 5657 σαλπίζειν
2281 5594 2401 5647 ἀντὶ
2454 5593 2549 5646 τοῦ
2588 5593 2713 5663 βοᾷν
2745 5592 2839 5645 καὶ
2873 5594 2952 5655 είς
3014 5591 3222 5653 πάντας
3252 5588 3641 5658 καταγγέλλειν

394 5680 675 5748 λέλεκται,
709 5683 944 5738 διδάσκει
993 5686 1022 5738 6
1072 5684 1263 5757 Σωτὴρ
1304 5684 1474 5753 λέγων
1500 5702 1512 5714 ·
1560 5686 1732 5739 Ὅταν
1769 5685 1945 5753 ποιῇς
1980 5686 2418 5755 ἐλεημοσύνην,
2449 5685 2535 5755 μὴ
2575 5686 2885 5753 σαλπίσῃς
2908 5683 3244 5754 ἔμπροσθέν
3279 5697 3416 5738 σου.

467 5839 513 5870 ⁸⁸
552 5838 738 5895 Matth.
775 5857 841 5907 ι,
876 5842 965 5898 27.
1042 5845 1087 5875 ⁸⁷
1126 5843 1298 5899 Levit.
1334 5854 1501 5911 χχιιι,
1538 5843 1626 5899 2i.
1706 5845 1748 5877 "
1790 5843 1915 5899 [ιον.
1952 5862 1958 5898 1

2056 5860 2116 5908 ιι,
2158 5845 2207 5901 7.
2284 5846 2327 5877 ⁸³
2368 5843 2556 5899 Matth.
2597 5861 2680 5909 vr,
2713 5844 2765 5897 ‘2.
