4078 6432
439 387 545 444 975

1154 384 1415 439 EUSEBII
1457 381 1931 439 CJJSARIENSIS
1971 379 2120 437 OPP.
2166 381 2346 437 PARS
2388 382 2472 437 III.
2514 414 2582 424 —
2622 380 3031 436 EXEGETICA.

3573 380 3701 437 976

513 503 677 558 Vens.
715 502 768 558 6.
829 501 1200 555 Testimonium
1256 502 1309 553 in
1363 500 1558 569 Ioseph
1602 500 1775 569 posuit
1830 498 2004 561 illud,

2182 499 2515 567 Μαρτύριον
2551 498 2622 551 ἐν
2665 495 2745 561 τῷ
2801 496 3013 565 Ἰωσὴφ
3064 495 3233 549 ἔθετο
3286 494 3454 558 αὐτὸ,
3490 496 3560 548 ἐν
3606 495 3709 560 τῷ

444 612 560 649 cum
601 596 763 648 exiret
815 591 877 647 de
927 602 1065 645 terra
1115 592 1366 663 Egypti,
1423 592 1654 661 linguam
1697 606 1856 661 quam
1903 605 2005 642 non

444 695 656 740 noverat
697 684 917 739 audivit.
956 682 1316 739 Memoratum
1352 684 1420 739 de
1449 684 1601 738 tubis
1632 686 1964 753 praeceptum
1989 718 2004 744 ,

445 777 852 841 testimonium,
916 776 1135 845 inquit,
1187 776 1372 846 posuit
1416 775 1471 829 in
1521 773 1742 845 Joseph.
1800 772 2009 827 Secun-

444 869 571 922 dum
607 867 993 938 Symmachum
1020 882 1181 923 vero:
1224 867 1667 935 Testiﬁcationem
1696 881 1787 935 per
1814 864 2008 935 Ioseph

444 960 618 1027 posuit
663 958 798 1013 illud
823 974 843 1012 :
887 959 1265 1014 testimonium
1308 973 1440 1014 vero
1480 958 1639 1029 quasi
1680 956 2009 1014 testiﬁcatus

441 1048 645 1102 dabat:
676 1055 905 1118 eratque
932 1048 1064 1102 illud
1115 1048 1333 1119 signum
1377 1049 1603 1103 alterius
1643 1048 1743 1102 rei.
1781 1048 2009 1118 Aliquas

441 1143 584 1195 enim
636 1141 799 1197 tubas
850 1141 1266 1204 subindicabat,
1323 1156 1553 1211 quarum
1601 1141 1833 1195 omcium
1883 1157 2006 1195 cum

441 1232 671 1303 apostoli
730 1232 1038 1287 Servatoris
1092 1232 1303 1298 nostri,
1354 1240 1470 1285 tum
1516 1233 1812 1302 evangelici
1858 1233 2009 1287 verbi

440 1337 720 1393 praecones
768 1323 965 1393 partim
1017 1322 1341 1391 explebant.
1392 1338 1493 1392 per
1543 1336 1758 1378 omnem
1804 1329 2009 1378 terram

439 1415 796 1484 clangentes,
856 1414 1221 1484 omnibusque
1277 1415 1535 1485 gentibus
1595 1414 1853 1471 salutaris
1914 1413 2009 1469 Dei

442 1505 710 1560 adventus
770 1505 970 1560 festum
1029 1505 1414 1576 praedicantes.
1477 1505 1823 1561 Arcanorum
1881 1520 2010 1560 vero

440 1597 971 1651 consummationem
1020 1612 1117 1665 per
1166 1597 1391 1667 angelos
1443 1596 1679 1651 futuram
1724 1596 1883 1651 docet
1917 1596 2009 1666 qui

441 1686 558 1739 ait:
592 1684 740 1739 Tuba
773 1697 924 1739 canet
953 1688 1090 1740 enim
1112 1727 1126 1751 ,
1169 1696 1220 1740 et
1256 1689 1452 1740 mortui
1490 1689 1543 1741 in
1584 1687 1793 1743 Christo
1834 1705 2011 1742 resur-

438 1783 561 1847 gent
610 1776 769 1846 primi
812 1776 857 1807 ’°
894 1794 909 1842 ;
965 1792 1029 1831 ac
1072 1793 1335 1832 rursum:
1370 1778 1436 1832 In
1477 1789 1770 1844 momento,
1807 1780 1860 1832 in
1902 1780 2008 1833 ictu

2106 591 2377 654 ἐξελθεῖν
2412 586 2600 645 αὐτὸν
2629 590 2699 642 ἐκ
2735 588 2849 659 γῆς
2890 588 3231 656 Αὶγύπτου,
3282 585 3574 655 γλῶσσαν
3606 584 3708 653 ἢν

2106 685 2217 737 οὐκ
2247 685 2398 752 ἔγνω
2444 682 2692 750 ἤκουσε.
2731 682 2805 734 Τὸ
2838 678 3133 751 προλεχθὲν
3182 677 3314 749 περὶ
3369 676 3707 745 σαλπίγγων

2108 775 2436 845 πρόσταγμα
2475 773 2793 846 μαρτύριον,
2834 772 3019 842 φησὶν,
3050 770 3203 823 ἔθετο
3244 770 3303 822 ἐν
3343 768 3422 840 τῷ
3464 770 3699 840 Ἰωσήφ-

2108 869 2248 923 κατὰ
2277 870 2331 922 δὲ
2352 870 2443 922 τὸν
2461 870 2754 940 Σύμμαχον
2773 910 2789 933 ,
2829 867 3177 936 Μαρτυρίαν
3205 864 3301 917 διὰ
3327 864 3433 919 τοῦ
3466 864 3701 934 Ἰωσὴφ

2110 962 2325 1028 ἔταξεν
2348 965 2523 1017 αὑτό·
2558 963 2619 1016 τὸ
2651 962 2707 1014 δὲ
2741 958 3039 1032 μαρτύριον
3082 957 3271 1029 ὥσπερ
3316 956 3696 1029 διαμαρτυρό-

2113 1072 2276 1125 μενος
2314 1054 2505 1108 ὲδίδου·
2536 1056 2631 1108 καὶ
2668 1049 2735 1125 ἦν
2766 1052 2924 1106 τοῦτο
2956 1054 3178 1124 σημεῖον
3200 1051 3386 1122 ἐτέρου
3426 1052 3695 1122 πραγμα-

2110 1163 2233 1210 τος·
2279 1147 2528 1217 ᾐνίττετο
2561 1146 2669 1216 γὰρ
2720 1146 2849 1217 περί
2895 1162 3055 1198 τινων
3113 1142 3462 1211 σαλπίγγων,
3502 1136 3576 1196 ὧν
3625 1143 3701 1195 ἐκ

2113 1239 2313 1309 μέρους
2348 1238 2445 1309 μέν
2470 1240 2518 1291 ol
2556 1239 2845 1292 ἀπόστολοι
2886 1237 2979 1290 τοῦ
3021 1236 3274 1306 Σωτῆρος
3303 1234 3480 1304 ἡμῶν,
3514 1233 3611 1287 καὶ
3643 1233 3698 1287 οἱ

2109 1329 2201 1382 τοῦ
2230 1329 2585 1398 εὐαγγελικοῦ
2609 1330 2768 1399 λόγου
2791 1331 3030 1401 κήρυκες
3054 1327 3404 1398 ἁπεπλήρουν
3432 1326 3501 1378 τά
3529 1326 3695 1397 ἔργα,

2110 1423 2189 1484 είς
2241 1424 2421 1476 πᾶσαν
2452 1422 2550 1493 τὴν
2598 1422 2703 1492 γῆν
2756 1420 3127 1485 σαλπίζοντες,
3164 1419 3259 1472 καὶ
3298 1420 3463 1472 πᾶσιν
3513 1418 3698 1472 ἔθνεσι

2110 1512 2469 1583 κηρύττοντες
2516 1512 2615 1583 τὴν
2652 1513 2751 1583 τῆς
2804 1513 3073 1583 σωτηρίου
3116 1510 3435 1579 θεοφανείας
3474 1510 3695 1581 ἑορτήν.

2112 1600 2193 1653 Τά
2219 1602 2274 1654 δὲ
2302 1601 2718 1673 ἀποτελέσματα
2740 1600 2851 1654 τῶν
2874 1599 3331 1672 ἀπορρήτοτέρων
3354 1598 3419 1651 δι’
3445 1598 3699 1667 ἀγγέλων

2113 1696 2330 1750 ἔσεσθαι
2364 1694 2604 1748 διδάσκει
2655 1695 2684 1747 ὁ
2734 1691 2945 1746 εἰπών·
2995 1692 3290 1746 Σαλπίσει
3320 1690 3450 1761 γὰρ,
3500 1690 3598 1745 καὶ
3638 1692 3698 1745 οι

2110 1788 2306 1857 νεκροὶ
2320 1787 2389 1841 ἐν
2407 1784 2633 1855 Χριστῷ
2649 1783 3074 1856 ἐγερθήσονται
3108 1784 3325 1852 πρῶτοι
3344 1800 3357 1813 ο
3377 1782 3473 1836 καὶ
3488 1781 3653 1835 πάλιν
3677 1799 3691 1811 ⁸

441 1866 610 1929 oculi,
644 1868 699 1920 in
726 1866 1011 1921 novissima
1046 1867 1172 1919 tuba
1194 1869 1237 1899 ⁹¹
1267 1884 1283 1933 ;
1319 1867 1799 1937 iterumquezlpse
1827 1867 2009 1922 Domi-

2123 1848 2229 1931 Ἐν.
2250 1848 2467 1948 ἀτόμφέ
2497 1848 2725 1945 supini?
2741 1848 3074 1944 όφθαλμοῦ,
3096 1848 3165 1928 ἐν
3188 1872 3262 1941 τῇ
3285 1872 3515 1942 ἐσχάτῃ
3545 1871 3699 1926 σάλ-

439 1976 538 2013 nus
569 1960 623 2013 in
652 1959 808 2028 jussu
837 1968 888 2013 et
921 1959 976 2012 in
1006 1975 1123 2013 voce
1165 1960 1503 2030 archangeli,
1550 1969 1600 2014 et
1648 1962 1705 2014 in
1744 1961 1871 2015 tuba
1912 1960 2010 2015 Dei

441 2050 721 2109 descendet
754 2052 820 2105 ".
870 2049 967 2105 His
1011 2065 1175 2121 porro
1225 2049 1484 2106 Servator
1529 2052 1833 2121 discipulos
1881 2068 2010 2108 suos

442 2140 899 2198 initiabatdicens
920 2162 933 2197 :
956 2142 1025 2196 Et
1049 2142 1298 2196 videbunt
1326 2141 1529 2197 Filium
1557 2144 1783 2199 hominis
1812 2146 2014 2199 venien-

440 2236 543 2289 tem
574 2235 628 2289 in
664 2234 889 2303 nubibus
925 2235 1041 2289 creti
1073 2252 1187 2289 cum
1223 2243 1478 2304 potestate
1505 2244 1554 2289 et
1586 2235 1865 2307 majestate
1892 2254 2012 2291 nta-

439 2342 563 2398 gna.
614 2325 683 2381 Et
725 2328 892 2381 mittet
940 2328 1151 2399 angelos
1202 2345 1326 2383 suos
1378 2345 1495 2382 cum
1531 2328 1659 2382 tuba
1692 2346 1920 2401 magna,
1964 2338 2014 2384 et

441 2419 825 2490 congregabunt
855 2418 1047 2474 electos
1077 2420 1189 2489 ejus
1219 2435 1283 2474 ea:
1312 2429 1540 2490 quatuor
1572 2421 1769 2484 ventis,
1802 2437 1835 2473 a
1870 2436 2015 2474 sum-

443 2511 545 2565 mis
589 2512 839 2566 caelorum
882 2529 1044 2584 usque
1093 2512 1161 2567 ad
1208 2522 1498 2567 extremum
1545 2528 1727 2566 eorum
1775 2512 1842 2564 ⁸³.
1906 2510 2015 2568 Sed

448 2609 791 2658 mortuorum
834 2603 1054 2674 quidem
1103 2603 1470 2668 resurrectio,
1528 2619 1627 2673 per
1671 2604 2015 2675 evangelicas

445 2694 607 2749 tubas
641 2696 1034 2750 annuntiantes
1080 2694 1371 2752 adventum
1403 2695 1557 2766 regni
1587 2693 1709 2749 Filii
1760 2695 1877 2763 Dei,
1909 2694 2016 2750 elﬁ-

446 2783 622 2838 cietur
650 2802 664 2838 :
702 2785 932 2854 apostoli
962 2792 1143 2839 autem
1169 2786 1282 2855 jam
1316 2787 1372 2840 in
1401 2786 1579 2857 primo
1611 2786 1849 2843 adventu
1894 2786 2016 2856 ejus

442 2876 625 2942 tubis,
655 2877 870 2947 magnis
914 2877 1125 2932 scilicet
1174 2876 1411 2947 Spiritus
1458 2878 1633 2934 sancti
1675 2878 2018 2935 vociferatio-

442 2967 609 3024 nibus
640 2976 857 3024 utentes
884 3008 900 3034 ,
950 2977 1220 3040 quotquot
1264 2970 1391 3024 olim
1433 2970 1733 3025 secundum
1777 2971 2015 3026 animam

454 3059 653 3112 mortui
686 3067 874 3123 erant,
908 3059 975 3113 ad
999 3060 1163 3113 vitam
1186 3076 1306 3131 qua-
1336 3059 1391 3113 in
1419 3060 1529 3116 Deo
1549 3067 1634 3115 est
1661 3068 2013 3116 revocarunt.

2110 1985 2269 2041 πιγγι
2291 1988 2304 2000 ·
2325 1971 2419 2023 καὶ
2435 1968 2596 2023 πάλιν
2615 1986 2627 1999 ·
2645 1968 2838 2033 Αὐτὸς
2857 1971 2891 2021 ό
2903 1968 3117 2034 Κύριος
3133 1965 3202 2019 ἐν
3216 1967 3575 2034 κελεύσματι
3594 1961 3695 2019 και

2110 2063 2179 2115 ἐν
2196 2060 2367 2131 φωνῇ
2382 2060 2759 2130 ἀρχαγγέλου
2776 2059 2875 2112 καὶ
2888 2059 2956 2111 ἐν
2970 2058 3259 2128 σάλπιγγι
3278 2059 3424 2112 Θεοῦ
3441 2058 3665 2125 καταστξ
3682 2088 3698 2099 -

2110 2170 2301 2207 σεται.
2326 2151 2514 2205 Ταῦτα
2529 2150 2587 2203 δὲ
2610 2150 2703 2202 καὶ
2726 2154 2753 2202 ὁ
2781 2148 2971 2219 Σωτὴρ
2991 2147 3369 2219 ἐμυσταγώγει
3386 2148 3510 2210 τοὺς
3526 2148 3699 2202 αὑτοῦ

2116 2243 2380 2316 μαθητὰς,
2426 2243 2599 2310 λέγων
2622 2258 2635 2271 ·
2683 2241 2793 2295 Καὶ
2834 2241 3085 2309 ὄψονται
3112 2240 3220 2292 τὸν
3279 2240 3416 2294 Υίόν
3442 2240 3549 2294 τοῦ
3588 2241 3698 2295 ἀν-

2112 2333 2344 2402 θρώπου
2372 2332 2699 2400 ἐρχόμενον
2722 2330 2820 2383 ἐπί
2848 2329 2965 2383 τῶν
2992 2329 3265 2398 νεφελῶν
3288 2328 3394 2382 τοῦ
3427 2329 3693 2397 οὐρανοῦ

2108 2424 2257 2494 μετὰ
2278 2422 2587 2491 δυνάμεως
2624 2422 2721 2474 καὶ
2749 2421 2934 2486 δόξης
2954 2419 3217 2489 πολλῆς.
3238 2421 3348 2474 Kal
3369 2420 3704 2475 ἀποστελεῖ

2112 2514 2253 2579 τοὺς
2288 2511 2586 2581 ἀγγέλους
2623 2512 2809 2565 αὐτοῦ
2839 2511 2991 2580 μετὰ
3030 2510 3367 2581 σάλπιγγος
3398 2511 3692 2582 μεγάλης,

2113 2606 2210 2659 καὶ
2248 2602 2691 2667 ἐπισυνάξουσι
2724 2602 2867 2669 τοὺς
2899 2602 3225 2670 ἐκλεκτοὺς
3251 2603 3438 2659 αὐτοῦ
3469 2603 3539 2656 ἐκ
3573 2602 3699 2657 τῶν⁹

2112 2695 2426 2764 τεσσάρων
2449 2694 2703 2764 ἀνέμων,
2725 2695 2826 2749 ἀπ’
2852 2695 3052 2764 ἄκρων
3074 2694 3347 2764 οὐρανῶν
3371 2695 3481 2763 ἕως
3503 2696 3695 2766 ἄκρον

2113 2786 2330 2840 αὐτῶν.
2374 2785 2513 2838 Ἀλλ’
2555 2787 2588 2856 ή
2642 2786 2739 2856 μὲν
2792 2786 2901 2839 τῶν
2946 2786 3155 2859 νεκρῶν
3196 2787 3491 2850 ἀνάστασις
3540 2787 3694 2843 ἔσται

2114 2880 2245 2934 ποτέ
2284 2878 2371 2934 διὰ
2411 2878 2728 2948 σαλπίγγων
2772 2878 3147 2948 εὐαγγελικῶν
3194 2878 3695 2949 εὐαγγελιζομένων

2114 2973 2211 3043 τὴν
2241 2971 2426 3041 ἄφιξιν
2460 2972 2559 3043 τῆς
2592 2970 2871 3042 βασιλείας
2907 2969 3001 3023 τοῦ
3031 2969 3162 3023 Υἱοῦ
3192 2969 3287 3023 τοῦ
3320 2971 3454 3024 Θεοῦ
3475 2988 3487 3001 ·
3519 2971 3613 3025 καὶ
3640 2972 3694 3025 οε

2115 3062 2403 3118 ἀπόστολοι
2436 3063 2493 3116 δὲ
2525 3062 2773 3116 ἐντεῦθεν
2816 3063 2914 3134 ήδη
2960 3062 3101 3115 κατά
3140 3062 3237 3134 τὴν
3275 3062 3496 3134 πρώτην
3524 3061 3694 3116 αὐτοῦ

444 3145 687 3213 Quorum
721 3148 967 3218 symbola
996 3149 1221 3203 tradens
1248 3148 1479 3221 Moyses,
1511 3149 1789 3205 Tubarum
1815 3151 2012 3206 festum

2119 3153 2421 3224 παρουσίαν
2449 3150 2703 3222 σάλπιγξι
2738 3152 3029 3224 χρώμενοι,
3057 3154 3177 3216 ταῖς
3207 3153 3301 3205 τοῦ
3327 3154 3483 3221 ἁγίου
3525 3152 3694 3208 Πνεύ-

445 3238 563 3308 lege
601 3238 856 3319 saqcivit.
887 3238 1229 3309 Quapropter
1260 3239 1461 3295 dicitur
1491 3260 1504 3295 :
1544 3240 1925 3296 Testimonium
1955 3244 2013 3296 in

443 3327 634 3399 Ioseph
656 3331 829 3399 posuit
851 3329 1009 3387 illud.
1033 3331 1320 3397 Quodnam
1346 3332 1479 3386 illud
1504 3344 1833 3405 praeceptum
1859 3336 2014 3390 erat?

444 3420 513 3477 de
542 3421 690 3477 tubis
720 3421 971 3477 scilicet:
1010 3423 1079 3477 ab
1122 3438 1231 3477 una
1261 3433 1445 3479 autem
1483 3426 1629 3480 tribu
1678 3424 1887 3497 Joseph
1928 3436 2013 3482 to-

445 3519 554 3567 tam
587 3520 804 3584 gentem
833 3513 1114 3568 indicavit.
1146 3514 1258 3569 Cur
1283 3523 1462 3570 autem
1490 3517 1545 3571 in
1573 3518 1659 3572 his
1689 3527 1860 3573 totam
1886 3534 2015 3590 gen-

444 3612 553 3659 tem
575 3600 778 3674 Joseph
808 3604 1060 3659 vocavit?
1083 3605 1221 3671 Quia
1244 3605 1467 3678 Josephi
1499 3609 1791 3665 occasione
1820 3626 2014 3667 omnes

444 3696 499 3750 in
528 3694 820 3768 [Egyptum
847 3696 1272 3752 descenderunt.
1308 3698 1671 3765 Quandonam
1700 3715 1833 3756 vero
1865 3702 2017 3757 testi-

444 3788 687 3843 monium
709 3829 724 3854 ,
767 3790 1017 3845 videlicet
1064 3790 1316 3845 tubarum
1352 3792 1524 3862 legem
1554 3794 1757 3865 populo
1788 3794 2013 3864 posuit,

443 3879 550 3935 nisi
600 3896 710 3952 quo
755 3888 1000 3952 tempore
1037 3883 1227 3939 eduxit
1268 3899 1393 3938 eum
1434 3885 1501 3939 de
1550 3892 1696 3939 terra
1747 3884 2010 3957 Egypti,

445 3973 665 4043 quando
697 3973 936 4045 linguam
971 3989 1133 4044 quam
1178 3989 1291 4029 non
1318 3982 1547 4030 noverat
1589 3976 1840 4032 audivit?
1876 3978 2011 4032 Cum

444 4065 589 4120 enim
618 4065 671 4118 in
694 4064 912 4121 deserto
937 4074 1309 4131 versarentur,
1335 4082 1468 4121 voce
1495 4065 1590 4122 Dei
1617 4067 1824 4139 dignati
1849 4078 2010 4134 sunt,

446 4156 874 4228 quiDecalogum
906 4159 1148 4228 ipsorum
1178 4160 1401 4214 auribus
1429 4166 1714 4231 exceptum
1735 4202 1749 4225 ,
1786 4175 2014 4215 servan-

445 4246 575 4300 dum
608 4246 853 4301 tradidit.
886 4245 1156 4316 Tempore
1197 4257 1379 4303 autem
1428 4249 1521 4303 illo
1568 4249 1638 4305 ab
1689 4248 2014 4320 Egyptiaca

448 4340 712 4395 servitute
756 4349 809 4395 et
853 4340 1163 4395 calamitate
1201 4341 1419 4395 liberati
1462 4349 1611 4396 sunt.
1644 4342 2015 4407 Quamobrem

444 4430 651 4485 dictum
681 4438 796 4485 est:
820 4457 886 4468 —~
904 4428 1092 4501 (Vens.
1110 4430 1425 4501 7.)Divertit
1442 4432 1506 4485 ab
1533 4434 1772 4488 oneribus
1798 4434 2014 4489 dorsum

2119 3263 2288 3317 ματος
2336 3245 2766 3315 μεγαλοφωνίαις
2806 3246 3014 3309 πάντας
3046 3244 3403 3300 ἀνεκαλοῦντο
3433 3247 3560 3310 τοὺς
3586 3246 3691 3318 ψυ-

2111 3339 2211 3407 χὰς
2262 3338 2698 3409 νενεκρωμένους
2740 3338 2831 3391 ἐπὶ
2887 3338 2985 3409 τὴν
3031 3339 3088 3392 ἐν
3130 3338 3250 3409 Θεῷ
3286 3339 3460 3410 ζωήν·
3495 3333 3571 3392 ὧν
3622 3338 3693 3393 τὰ

2113 3428 2359 3500 σύμϐολα
2400 3429 2608 3498 Μωσῆς
2642 3429 3004 3500 παραδιδοὺς,
3056 3428 3155 3499 τὴν
3204 3429 3332 3500 περὶ
3380 3428 3691 3498 σαλπίγγων

2112 3521 2417 3591 ἐνομοθέτει
2449 3521 2663 3592 ἑορτήν.
2696 3520 2788 3573 Διὸ
2819 3516 3103 3573 λέλεκται·
3143 3520 3482 3589 Μαρτύριον
3515 3520 3587 3573 ἐν
3610 3518 3691 3585 τῷ

2127 3613 2339 3682 Ἰωσὴφ
2366 3614 2530 3668 ἔθετο
2563 3614 2730 3667 αὑτό.
2758 3613 2823 3666 Τί
2849 3612 2905 3665 δὲ
2948 3613 3080 3665 αὐτὸ
3122 3608 3190 3683 ἦν
3235 3613 3297 3665 τὸ
3330 3613 3688 3684 πρόσταγμα;

2110 3706 2173 3758 τὸ
2204 3704 2468 3776 περὶτῶν
2496 3704 2809 3774 σαλπίγγων
2832 3721 2845 3733 ο
2879 3704 2986 3757 ἀπὸ
3016 3706 3145 3775 μιᾶς
3178 3704 3235 3757 δὲ
3267 3703 3441 3776 φυλῆς
3474 3704 3576 3775 τῆς
3595 3702 3685 3757 τοῦ

2126 3799 2320 3871 Ἰωσὴφ
2352 3800 2415 3852 τὸ
2443 3801 2550 3852 πᾶν
2587 3799 2776 3869 ἐδήλου
2801 3797 2968 3861 ἔθνος.
3006 3796 3107 3850 Διά
3131 3795 3183 3850 τί
3214 3797 3273 3851 δὲ
3300 3798 3358 3851 ἐν
3384 3796 3595 3861 τούτοις
3627 3795 3692 3849 τὸ

2113 3894 2221 3947 πᾶν
2246 3892 2397 3956 ἔθνος
2439 3892 2635 3964 Ἰωσὴφ
2671 3892 2992 3964 ὠνόμασεν;
3052 3891 3377 3963 Ἑπειδήπερ
3419 3889 3691 3962 προφάσει

2112 3984 2206 4039 τοῦ
2247 3984 2444 4056 Ἰωσὴφ
2482 3984 2531 4036 oi
2556 3984 2754 4047 πάντες
2792 3982 3250 4055 κατεληλύθεισαν
3280 3985 3359 4047 είς
3394 3982 3688 4052 Αῐγυπτον.

2114 4076 2252 4128 Πότε
2281 4075 2337 4128 δὲ
2372 4074 2667 4146 μαρτύριον
2699 4074 2791 4127 τὸν
2831 4073 2959 4145 περὶ
3005 4072 3319 4142 σαλπίγγων
3350 4073 3513 4143 νόμον
3539 4072 3691 4126 ἔθετο

2112 4167 2189 4238 τῷ
2218 4166 2353 4237 λαῷ,
2380 4166 2413 4237 ἢ
2444 4167 2562 4220 κατ’
2590 4166 2798 4219 ἐκεῖνον
2830 4165 2920 4218 τὸν
2945 4166 3155 4236 χρόνον,
3191 4164 3313 4217 καθ’
3333 4164 3392 4217 δν
3423 4164 3691 4236 ἐξήγαγεν

2114 4258 2310 4320 αὐτοὺς
2352 4258 2414 4309 ἐκ
2453 4257 2555 4327 γῆς
2581 4256 2881 4323 Αἰγύπτου,
2916 4257 3151 4328 ὁπηνίκα
3178 4254 3428 4324 γλῶσσαν
3474 4254 3542 4326 ἣν
3590 4252 3690 4307 οὐκ

2114 4349 2254 4417 ἔγνω
2282 4348 2553 4419 ῆκουσεν;
2590 4348 2711 4400 Ἐπὶ
2756 4348 2856 4417 τῆς
2888 4348 3095 4419 ἐρήμου
3141 4347 3251 4418 γὰρ
3290 4345 3686 4418 διατρίόοντες,

2116 4441 2300 4510 φωνῆς
2350 4439 2485 4492 Θεοῦ
2532 4439 2979 4509 κατηξιώθησαν,
3025 4439 3123 4510 τὴν
3168 4438 3464 4508 Δεκάλογον
3510 4439 3690 4501 αὐτοῖς

441 4523 588 4593 ejus,
619 4540 809 4577 manus
843 4523 957 4592 ejus
995 4523 1049 4575 in
1082 4523 1303 4592 cophino
1342 4524 1673 4591 servierunt;
1711 4527 2011 4580 secundum

2118 4530 2440 4595 ἐξάκουστον
2466 4528 2901 4598 διαταττομένου.
2932 4528 3067 4581 Κατ’
3092 4530 3267 4581 ἐκεῖνο
3295 4527 3351 4579 δὲ
3376 4525 3567 4599 καιροῦ
3596 4526 3691 4579 καὶ

447 4613 837 4687 Symmachum
869 4630 1038 4669 vero:
1071 4614 1422 4669 Abstulerunt
1454 4615 1518 4669 ab
1547 4632 1703 4671 onere
1738 4616 2013 4671 humerum

442 4706 556 4774 ejus
581 4720 599 4758 :
622 4722 809 4759 manus
838 4704 951 4768 eius
983 4722 1013 4756 a
1042 4703 1261 4783 cophino
1288 4703 1521 4759 liberata:
1550 4714 1693 4761 sunt.
1725 4704 1860 4760 Nam
1888 4722 2013 4762 cum

444 4794 719 4851 Pharaoni
761 4797 1065 4858 servirent,
1098 4811 1162 4849 ac
1187 4796 1301 4850 luto
1334 4796 1706 4867 lateribusque
1743 4798 2014 4870 astringe-

444 4894 655 4953 rentur,
680 4886 928 4941 civitates
953 4884 1056 4955 ipsi
1078 4884 1434 4950 azdilicantes,
1457 4894 1588 4941 tunc
1611 4901 1746 4942 sane
1765 4888 2016 4958 cophinis

446 4993 644 5034 manus
664 5018 679 5043 ,
710 4978 971 5032 oneribus
1004 4977 1221 5032 humeri
1250 4976 1712 5048 defatigabantur.
1747 4979 2016 5034 Caeterum

445 5071 759 5125 visitatione
802 5069 897 5125 Dei
938 5069 1299 5131 adveniente,
1350 5069 1507 5123 liberi
1546 5085 1788 5125 evasere.
1836 5071 2017 5137 Quare

446 5162 562 5219 ait:
610 5161 835 5216 Divertit
879 5161 942 5214 ab
989 5161 1234 5215 oneribus
1264 5159 1484 5213 dorsum
1514 5161 1655 5229 ejus:
1701 5158 1836 5227 Quis
1889 5176 2017 5215 vero

447 5255 705 5319 divertit,
748 5255 854 5309 nisi
893 5254 987 5324 qui
1028 5252 1281 5307 liberavit
1332 5268 1427 5309 eos
1465 5251 1660 5308 Deus?
1712 5252 1809 5307 llis
1848 5268 2016 5322 porro

448 5348 702 5417 dignatus
746 5361 842 5400 eos
876 5354 993 5410 est,
1047 5346 1175 5414 quia
1219 5344 1273 5398 in
1315 5344 1668 5398 tribulatione
1710 5344 1885 5414 ipsum
1940 5344 2019 5397 in-

447 5438 733 5492 vocabant.
797 5435 950 5501 Quod
999 5437 1163 5490 etiam
1214 5433 1415 5505 Moysis
1448 5434 1731 5504 Scriptura
1777 5435 2017 5489 declarat

449 5526 689 5582 dicens:
728 5526 794 5579 Et
852 5528 1210 5596 ingemuerunt
1276 5525 1377 5595 ﬁlii
1438 5523 1635 5590 Israel,
1701 5534 1751 5579 et
1812 5525 2017 5578 clama-

450 5628 630 5673 uerunt
665 5619 732 5670 ad
759 5616 1076 5681 Dominum,
1112 5626 1162 5670 et
1201 5616 1434 5671 ascendit
1474 5616 1678 5669 clamor
1720 5632 1900 5670 eorum
1946 5616 2015 5669 ad

522 5795 566 5826 '°
607 5792 625 5845 ι
658 5792 849 5851 Thess.
888 5812 960 5862 Iv,
999 5795 1088 5851 15.

2114 4619 2213 4688 τῆς
2254 4619 2383 4688 παρ’
2425 4618 2745 4686 Αἰγυπτίοις
2785 4617 3028 4681 δουλείας
3068 4634 3129 4669 τε
3179 4618 3273 4670 καὶ
3322 4614 3691 4678 κακοπαθείας

2116 4710 2520 4781 ἠλευθεροῦντο.
2538 4711 2626 4763 Διὸ
2646 4710 2914 4764 λέλεκται·
2948 4711 3312 4779 Ἀπέστησεν
3326 4710 3445 4766 ἀπὸ
3460 4710 3693 4779 ἇρσεεην·

2116 4802 2223 4855 τὸν
2249 4801 2442 4857 νῶτον
2471 4802 2680 4855 αὐτοῦ·
2723 4806 2781 4856 αἱ
2806 4803 3001 4871 χεῖρες
3031 4801 3218 4856 αὐτοῦ
3260 4802 3330 4855 ἐν
3352 4800 3433 4867 τῷ
3466 4804 3694 4874 2:050qu)

2117 4893 2490 4947 ἐδούλευσαν
2510 4911 2525 4925 ο
2544 4892 2684 4947 κατά
2704 4893 2760 4944 δὲ
2788 4894 2879 4946 τὸν
2907 4893 3200 4964 Σύμμαχον
3218 4909 3235 4923 ο
3260 4892 3554 4962 Παρεῖλον
3572 4891 3693 4948 ἀπὸ

2114 4983 2471 5052 ,βασταγμοῦ
2499 4984 2606 5036 τὸν
2642 4978 2801 5052 ὦμον
2832 4984 3039 5049 αὐτοῦ,
3066 4987 3124 5037 αἱ
3146 4984 3335 5053 χεῖρες
3373 4983 3560 5038 αὑτοῦ
3591 5001 3691 5037 κο-

2122 5075 2300 5142 φίνου
2326 5074 2925 5144 ἀπηλλιὶγησαν.”οτε
2945 5074 3055 5146 γάρ
3079 5075 3353 5129 ἐδούλευον
3379 5074 3456 5146 τῷ
3470 5073 3691 5147 Φαραὼ,

2123 5162 2278 5234 πήλῷ
2304 5181 2361 5215 τε
2399 5165 2493 5217 καὶ
2534 5165 2780 5236 πλινθείᾳ
2812 5164 3250 5236 κατειργάζοντο,
3288 5163 3693 5235 οἰκοδομοῦντες

2122 5250 2267 5321 αὐτῷ
2298 5252 2396 5314 τὰς
2428 5253 2630 5316 πόλεις,
2652 5254 2712 5305 τὸ
2732 5253 3032 5324 τηνικαῦτα
3059 5253 3297 5322 κοφίνοις
3326 5255 3423 5326 μὲν
3458 5254 3557 5317 τὰς
3577 5256 3691 5325 χεῖο

2124 5359 2242 5413 ρας,
2274 5342 2618 5414 βαστάγμασι
2652 5344 2706 5397 δὲ
2738 5345 2863 5406 τοὺς
2895 5344 3077 5416 ὤμους
3108 5342 3522 5400 κατεπονοῦντο.
3544 5343 3690 5415 Πλὴν
3726 5380 3729 5383 λ

2122 5435 2255 5487 ἀλλὰ
2287 5435 2492 5487 τούτων
2518 5436 2768 5488 ἁπάντων
2791 5436 3062 5508 ἐλεύθεροι
3090 5438 3426 5509 κατέστησαν
3454 5436 3555 5507 τῆς
3574 5436 3692 5488 ἐπι-

2124 5526 2331 5595 σκοπῆς
2373 5527 2555 5588 αὐτοῖς
2589 5527 2905 5598 γενομένης.
2949 5529 3040 5581 Διό
3074 5545 3265 5598 φησιν·
3328 5527 3691 5594 Ἀπέστησεν

2122 5618 2239 5671 ἀπὸ
2280 5617 2512 5685 ἄρσε-ων
2536 5618 2641 5671 τὸν
2673 5618 2865 5672 νῶτον
2901 5622 3107 5677 αὑτοῦ.
3147 5622 3243 5685 Τίς
3271 5620 3327 5674 δὲ
3363 5619 3687 5689 ἀπέστησεν,

1164 5797 1207 5828 ⁸⁵
1249 5795 1425 5853 lCor.
1460 5813 1548 5862 xv,
1585 5796 1672 5853 52.
1749 5799 1793 5830 ⁹¹
1834 5796 1852 5849 l
1889 5796 2081 5854 Thess.
2124 5814 2195 5861 Iv,
2232 5797 2314 5851 15.
2393 5798 2438 5829 9³
2479 5796 2646 5851 Matth
2706 5814 2853 5864 xxw,
2891 5800 2972 5855 30.
