4078 6432
418 300 521 355 977

1538 309 2046 367 COMMENTARIA
2086 313 2153 367 1N
2190 312 2527 371 PSALMOS.

3549 317 3653 386 973

409 414 525 468 ἀλλ’
548 416 581 487 ἢ
608 416 636 469 6
666 413 1035 490 ἐλευθερώσας
1056 422 1253 487 αὐτοὺς
1281 424 1444 491 Θεός;
1470 428 1686 483 Τούτων
1709 429 1768 483 δὲ
1794 431 1963 485 αὐτοὺι

2089 433 2258 488 Deum
2288 434 2352 489 ⁸⁸.
2398 435 2608 502 Quibus
2656 435 2857 491 accinit
2898 434 3003 491 hoc
3044 434 3249 491 dictum
3288 435 3367 491 sic
3396 434 3647 492 habens:

408 504 582 573 ἠξίου,
623 509 918 582 ἐπειδήπερ
946 513 1005 566 ὲν
1047 512 1221 583 θλίψει
1263 517 1425 571 αὐτὸν
1458 520 1853 575 ἐπεκαλοῦντο·
1890 525 1983 577 καὶ

408 597 569 650 τοῦτο
602 598 660 651 δὲ
686 601 719 671 ἠ
751 602 994 669 Μωσέως
1022 606 1319 677 παρίστησι
1349 610 1539 682 Γραφὴ
1574 611 1808 681 λέγουσα
1827 632 1840 645 ο
1871 616 1982 670 Καὶ

408 689 859 757 κατεστέναξαν
905 698 961 750 οἱ
1008 697 1128 751 υἱοὶ
1184 699 1429 769 Ἰσραὴλ
1451 743 1467 767 ,
1506 704 1606 759 καὶ
1643 707 1985 775 ἀνεϐόησαν

408 778 560 846 πρὸς
607 784 859 851 Κύριον,
906 789 1006 842 καὶ
1054 789 1238 859 ἀνέϐη
1283 793 1405 862 ,Βοὴ
1451 796 1650 853 αὐτῶν
1690 798 1841 866 πρὸς
1877 800 1985 853 τὸν

410 868 579 923 Θεόν.
607 867 702 934 Οἷς
727 873 1034 941 ἀκολούθως
1058 879 1152 932 καὶ
1176 879 1236 933 τὸ
1262 884 1434 954 παρόν
1467 902 1600 957 φησι
1630 888 1811 957 λόγιον
1836 907 1846 917 ·
1888 892 1985 945 Ἐν

405 960 611 1029 θλίψει
642 962 992 1021 ἐπεκαλέσω
1024 986 1123 1039 με,
1165 972 1262 1026 καὶ
1306 974 1653 1048 ἐρρυσάμην
1682 995 1755 1035 σε
1775 997 1790 1011 ο
1838 983 1983 1049 ἐπή-

405 1050 604 1143 κουσά
640 1068 757 1143 σου
788 1056 859 1109 ἐν
885 1058 1213 1128 ἀποκρύφῳ
1250 1067 1611 1136 καταιγίδος,
1653 1070 1984 1143 ἐδοκίμασά

404 1154 481 1192 σε
506 1140 603 1193 ἐπὶ
634 1142 854 1212 ὕδατος
873 1148 1239 1221 ἀντιλογίας.
1258 1154 1402 1208 Ἀντί
1425 1155 1481 1209 δὲ
1510 1158 1622 1211 τοῦ·
1643 1140 1984 1227 Ἐπήπουσά

322 1268 347 1288 ,
402 1244 520 1284 σου
553 1231 623 1285 ἐν
681 1236 1008 1310 ἀποκρύφῳ
1071 1247 1430 1317 καταιγίδος,
1472 1252 1500 1304 6
1559 1252 1659 1322 μὲν
1717 1254 1974 1320 Ἀκύλας·

415 1325 762 1420 Ἐἶπακούσω
800 1346 918 1388 σου
961 1335 1031 1389 ἐν
1085 1339 1413 1410 ἀποκρύφῳ
1457 1344 1759 1413 βροντῆς·
1811 1348 1904 1401 καὶ
1945 1350 1978 1420 ἡ

402 1416 628 1489 πέμπτη
654 1419 866 1487 ἔκδοσις
893 1426 1111 1497 ὁμοίως.
1139 1430 1273 1484 Εἶτα
1306 1434 1578 1502 ἐπιλέγει·
1624 1416 1980 1506 Ἐδοκίμασά

398 1521 473 1561 σε
505 1508 603 1562 ἐπὶ
634 1510 853 1579 ὕδατος
885 1516 1247 1588 ἀντιλογίας.
1283 1524 1350 1575 Ὃ
1391 1522 1455 1594 δὴ
1488 1525 1582 1578 καὶ
1620 1527 1753 1580 αὐτὸ
1791 1528 1978 1597 σαφῶς

398 1599 434 1671 ἠ
468 1602 712 1669 Μωσέως
744 1608 1040 1679 παρίστησι
1073 1611 1263 1685 Γραφὴ
1313 1614 1572 1685 λέγουσαο
1623 1620 1745 1673 Οὐκ
1790 1616 1869 1691 ἦν
1909 1620 1980 1674 δὲ

397 1691 554 1762 ὕδωρ
582 1695 740 1751 πιεῖν
770 1698 849 1764 τῷ
883 1699 1027 1767 λαῷ·
1069 1704 1167 1758 καὶ
1197 1705 1552 1777 ἐλοιδορεῖτο
1582 1713 1615 1764 ὀ
1643 1711 1793 1779 λαὸς
1824 1712 1977 1781 πρὸς

396 1784 644 1854 Μωσῆν,
664 1787 763 1843 καὶ
786 1787 1016 1865 ἔλεγον·
1036 1792 1147 1859 Δὸς
1164 1794 1307 1863 ἡμῖν
1322 1796 1498 1867 ὕδωρ,
1522 1800 1623 1854 ἵνα
1643 1802 1888 1871 πίωμεν.
1921 1802 1974 1856 Ὁ
2007 1784 2048 1841 Β

394 1874 465 1928 δὲ
495 1875 686 1948 ἔλεγε·
718 1881 780 1933 Τί
802 1881 1175 1950 λοιδορεῖσθέ
1198 1905 1324 1956 μοι,
1349 1886 1387 1956 ἢ
1415 1890 1470 1943 τί
1517 1890 1817 1961 πειράζετε
1857 1895 1975 1948 Κύ-

386 1983 559 2035 ριον;
584 1970 693 2023 Καὶ
726 1972 873 2043 ἑξῆς*
903 1972 1054 2030 Εἷπε
1083 1977 1308 2048 Μωσῆς
1339 1980 1489 2050 πρὸς
1510 1985 1729 2052 Κύριον
1748 1986 1969 2056 λέγων·

400 2059 462 2111 Τί
489 2060 721 2128 ποίησω
747 2061 828 2127 τῷ
861 2063 990 2129 λαῷ
1018 2069 1238 2133 τούτῳ;
1258 2071 1345 2124 ἔτι
1362 2072 1601 2140 μικρὸν,
1624 2072 1723 2125 καί
1742 2076 1973 2128 λιθοϐο-

389 2145 668 2235 sitio-ova!
695 2171 793 2223 με.
836 2153 962 2210 Εἶθ’
997 2160 1031 2211 ό
1066 2160 1284 2227 Κύριος
1326 2163 1475 2230 πρὸς
1504 2165 1690 2218 αὐτόν
1746 2180 1967 2235 φησιν·

391 2233 536 2294 τοδε
562 2241 677 2311 ἐγὼ
697 2243 926 2315 ἕστηκα
958 2248 1069 2316 πρὸ
1100 2250 1208 2304 τοῦ
1236 2252 1311 2305 σὲ
1334 2254 1476 2318 ἐκεῖ,
1494 2253 1593 2307 ἐπὶ
1624 2254 1732 2324 τῆς
1749 2233 1972 2325 πέτρας

388 2331 461 2386 ἐν
486 2333 710 2403 Χωρήϐ.
742 2337 852 2391 Καὶ
884 2339 1126 2405 πατάξω
1169 2341 1284 2411 τὴν
1307 2344 1549 2413 πέτραν,
1588 2347 1687 2400 καὶ
1728 2347 1968 2412 ἐξελεύ-

390 2434 560 2474 σεται
582 2421 759 2492 ὕδωρ,
791 2424 889 2479 καὶ
917 2429 1112 2483 πίεται
1146 2433 1179 2485 ό
1207 2434 1376 2499 λαός.
1408 2435 1515 2489 Kal
1542 2436 1828 2505 ἐποίησεν
1866 2440 1967 2493 οῦ-

391 2528 505 2579 τως
536 2516 782 2585 Μωσῆς.
824 2520 931 2574 Καὶ
960 2522 1314 2593 ἐπωνόμασε
1346 2526 1411 2580 τὸ
1443 2526 1631 2599 ὄνομα
1653 2528 1760 2584 τοῦ
1780 2533 1967 2586 τόπου

386 2602 625 2661 ἐκείνου
661 2611 998 2680 Πειρασμὸς
1031 2615 1130 2668 καὶ
1156 2616 1530 2687 Λοιδόρησις,
1563 2621 1663 2676 διὰ
1690 2624 1807 2690 τὴν
1838 2626 1965 2677 λοι-

388 2693 598 2764 δορίαν
618 2699 737 2754 τῶν
764 2702 914 2757 υίῶν
959 2706 1228 2775 Ἰσραὴλ,
1263 2711 1363 2764 καὶ
1403 2711 1501 2765 διὰ
1539 2713 1646 2768 τοῦ
1676 2713 1966 2783 πειράζειν

385 2791 611 2859 αὐτοὺς
633 2794 871 2862 Κύριον,
886 2796 1197 2867 λέγονταςο
1222 2802 1292 2855 El
1313 2801 1444 2855 ἐστι
1462 2804 1675 2872 Κύριος
1702 2807 1771 2860 ὲν
1795 2808 1960 2876 ἡμῖν,

387 2882 429 2951 ἢ
466 2884 570 2949 ob;
611 2886 798 2941 Ταῦτα
832 2889 1008 2944 πάντα
1032 2890 1125 2944 τὸν
1168 2892 1227 2959 ἐξ
1272 2893 1440 2948 ὲθνῶν
1473 2895 1599 2950 λαὸν
1641 2898 1879 2953 διδάσκει
1926 2903 1960 2973 ἠ

392 2975 531 3046 μετὰ
556 2980 744 3050 χεῖρας
764 2981 1093 3052 προφητεία,
1116 2983 1192 3048 ὡς
1218 2984 1283 3040 ἂν
1318 2986 1508 3056 μάθοιο
1536 2990 1703 3045 ποίων
1724 2991 1911 3064 ἔτυχεν
1932 2995 1961 3047 6

387 3068 605 3139 πρῶτος
649 3070 796 3135 λαὸς,
832 3074 927 3126 καὶ
960 3076 1039 3137 εἰς
1069 3069 1182 3129 οἷον
1231 3077 1455 3149 ἐλήλυθε
1491 3081 1662 3146 τέλος,
1697 3086 1961 3156 σωφρονί-

387 3156 532 3221 ζοιτό
557 3176 613 3212 τε
642 3161 707 3214 ὲκ
737 3161 832 3215 τοῦ
857 3165 1314 3237 παραδείγματος.
1339 3169 1431 3223 Διὸ
1458 3174 1569 3236 τοῖς
1589 3174 1958 3245 προλεχθεῖσιν

387 3250 743 3306 ὲπισυνάπτει
771 3253 838 3308 τὰ
895 3255 1024 3326 ἑξῆς
1086 3257 1420 3327 ἀναγκαίως,
1468 3264 1528 3316 ὲν
1575 3258 1656 3327 οἷς
1710 3265 1954 3338 εἴρηταιο

390 3341 705 3410 Ἄκουσον,
754 3348 905 3413 λαός
945 3367 1065 3418 μου
1084 3390 1099 3415 ,
1146 3352 1243 3405 καὶ
1285 3351 1786 3425 διαμαρτυροῦμαί
1818 3372 1915 3412 σοι
1940 3376 1953 3389 ·

400 3431 668 3503 Ἰσραὴλ,
711 3436 821 3491 ἐὰν
860 3439 1133 3509 ἀκούσῃς
1173 3461 1312 3511 μου,
1340 3446 1451 3499 οὐκ
1481 3444 1652 3500 ἔσται
1690 3461 1789 3503 σοι
1816 3450 1958 3517 Θεὸς

384 3524 753 3593 πρόσφατος,
800 3527 942 3582 οὐδὲ
986 3533 1438 3605 προσκυνήσεις
1476 3537 1596 3604 Θεῷ
1641 3539 1952 3609 ἀλλοτρίῳ.

397 3611 538 3682 Ἐγὼ
566 3614 677 3685 γάρ
706 3619 823 3686 ειμι
854 3620 1067 3688 Κύριος
1094 3625 1127 3676 ὁ
1151 3625 1292 3690 Θεός
1328 3639 1444 3681 σου
1472 3630 1506 3681 ό
1537 3628 1848 3698 ἀναγαγών
1882 3648 1956 3685 σε

381 3702 453 3757 ἐκ
481 3703 596 3773 γῆς
628 3709 932 3778 Αἰγύπτου
953 3726 966 3739 ·
1012 3714 1325 3770 πλάτυνον
1358 3718 1426 3771 τὸ
1464 3721 1657 3790 στόμα
1680 3736 1818 3789 σου,
1858 3725 1955 3779 καὶ

382 3795 870 3863 πληρώσωλαίηό.
895 3803 1005 3856 Kal
1034 3806 1144 3858 οὐκ
1173 3805 1442 3875 ἤκουσεν
1466 3814 1501 3864 ό
1522 3814 1669 3879 λαός
1701 3832 1820 3884 μου
1844 3816 1954 3885 τῆς

382 3887 588 3956 φωνῆς
618 3908 760 3959 μου,
789 3894 888 3947 καί
947 3896 1192 3967 Ἰσραὴλ
1229 3903 1300 3955 οὐ
1353 3904 1660 3973 προσέσχε
1690 3926 1811 3977 μοι.
1842 3912 1951 3965 Kal

381 3976 782 4043 ἐξαπέστειλα
822 3987 1045 4053 αὐτοὺς
1077 3991 1227 4045 κατὰ
1270 3991 1341 4045 τὰ
1378 3976 1808 4066 ἐπιτηδεύματα
1835 4000 1952 4054 τῶν

382 4071 641 4141 καρδιῶν
664 4077 880 4131 αὐτῶνο
910 4082 1304 4147 πορεύσονται
1324 4086 1393 4140 ἐν
1422 4087 1545 4155 τοῖς
1570 4090 1954 4163 ἐπιτηδεύμα-

380 4178 489 4258 σιν
507 4166 723 4220 αὐτῶν.
748 4169 829 4223 Τὰ
854 4172 950 4241 μὲν
979 4176 1111 4245 παρ’
1136 4176 1291 4245 ἐμοῦ,
1324 4178 1478 4250 φησὶ,
1510 4180 1712 4255 δεδωρη
1723 4185 1856 4255 μένα
1873 4187 1953 4258 τῷ

380 4256 493 4328 λαῷ
521 4259 745 4314 τοιαῦτα
781 4258 849 4332 ἦν
869 4306 883 4329 ,
917 4266 1075 4318 ὁποῖα
1106 4267 1380 4339 διεξῆλθεν
1417 4274 1445 4325 6
1487 4272 1675 4341 λόγος·
1716 4275 1785 4329 τὰ
1819 4277 1862 4328 δ’
1890 4256 1952 4343 ἐξ

378 4348 557 4402 αὐτῶν
586 4353 663 4415 εἰς
697 4354 799 4424 ἐμὲ
832 4356 927 4425 οὐχ
957 4356 1138 4427 ὃμοια,
1172 4360 1292 4413 οὐδὲ
1322 4360 1448 4426 ἄξια
1488 4355 1562 4417 ὧν
1589 4364 1776 4435 ἔτυχον
1817 4371 1948 4438 παρ’

2084 556 2152 566 —
2172 525 2359 595 (Vnus.
2394 527 2474 596 8.)
2496 525 2563 581 In
2603 526 2943 581 tribulatione
2972 528 3342 593 inuocastime,
3373 537 3422 581 et
3436 527 3652 582 liberavi

2087 627 2166 682 te,
2195 616 2440 670 exaudiui
2468 626 2515 671 ω
2543 619 2597 671 in
2628 617 2938 674 abscondito
2966 619 3320 688 tempestatis,
3353 618 3569 687 probavi
3601 625 3651 671 te

2085 709 2224 779 apud
2254 726 2445 781 aquam
2476 709 2929 766 contradictionis.
2959 710 3067 765 Pro
3096 710 3188 765 illo
3219 720 3434 764 autem:
3464 708 3651 764 Exau-

2083 800 2191 855 divi
2220 808 2269 855 te
2297 802 2354 855 in
2380 800 2687 857 abscondito
2719 804 3044 872 tempestatis
3066 844 3081 867 ,
3110 801 3308 874 Aquila
3334 802 3417 857 sic
3442 802 3603 856 habet
3627 819 3646 859 :

2085 893 2387 947 Exaudiant
2410 904 2458 949 te
2492 895 2549 948 in
2576 894 2881 950 abscondito
2905 896 3123 949 tonitrui
3144 936 3157 959 ,
3180 904 3235 950 et
3263 895 3453 965 quinta
3481 894 3647 951 editio

2082 984 2351 1041 similiter.
2394 982 2598 1043 Deinde
2632 988 2818 1042 subdit
2868 1006 2881 1040 :
2934 987 3165 1041 Probaoi
3195 995 3240 1041 te
3275 986 3414 1055 apud
3452 1002 3642 1056 aquam

2081 1078 2539 1133 contradictionis.
2570 1069 2723 1144 Quod
2752 1079 2929 1149 ipsum
2961 1080 3110 1133 clare
3134 1076 3334 1149 Moysis
3360 1076 3646 1148 Scriptura

2079 1177 2299 1223 enarrat
2328 1170 2414 1224 his
2441 1170 2624 1225 verbis
2649 1188 2662 1225 :
2696 1168 2823 1224 Non
2846 1178 2963 1225 erat
2990 1179 3165 1225 autem
3194 1186 3331 1240 aqua
3362 1169 3430 1224 ad
3469 1169 3646 1224 biben-

2079 1258 2207 1312 dum
2244 1260 2479 1328 populo:
2513 1270 2563 1315 et
2592 1262 2841 1332 jurgatus
2874 1270 2953 1315 est
3000 1264 3224 1333 populus
3264 1270 3449 1315 contra
3492 1260 3645 1330 Moy-

2078 1368 2187 1406 sem
2218 1351 2396 1408 dicens
2422 1371 2435 1407 :
2458 1352 2540 1407 Da
2577 1355 2724 1407 nobis
2764 1370 2976 1424 aquam,
3011 1364 3069 1408 ut
3100 1354 3362 1409 bibamus.
3396 1353 3495 1409 Ille
3524 1370 3643 1408 vero

2078 1443 2282 1497 dicebat
2312 1459 2331 1496 .'
2354 1444 2531 1512 Quare
2555 1446 2850 1516 jurgamini
2887 1462 3122 1511 mecum,
3156 1455 3249 1499 aut
3291 1462 3386 1499 cur
3430 1445 3644 1500 tentatis

2078 1533 2363 1589 Dominum
2391 1536 2471 1589 ’5?
2496 1533 2694 1591 Postea
2723 1550 2889 1591 vero:
2918 1535 3070 1590 Dixit
3093 1535 3304 1607 Moyses
3336 1535 3406 1594 ad
3450 1535 3644 1590 Domi-

2079 1641 2199 1679 num
2217 1639 2240 1681 :
2271 1625 2411 1691 Quid
2446 1625 2644 1693 faciam
2674 1626 2869 1695 populo
2899 1627 3020 1679 huic
3042 1629 3067 1681 7
3093 1641 3283 1694 parum
3317 1624 3485 1679 aberit
3514 1625 3643 1695 quin

2081 1716 2316 1785 lapident
2342 1732 2444 1771 me.
2477 1715 2678 1771 Deinde
2706 1718 2783 1771 ait
2811 1708 3070 1771 Dominus
3100 1717 3168 1771 ad
3215 1733 3334 1772 eum
3360 1732 3379 1771 :
3408 1715 3512 1769 Hic
3548 1732 3644 1787 ego

2077 1820 2160 1865 sto
2190 1819 2311 1863 ante
2340 1820 2387 1864 te
2414 1811 2469 1864 in
2490 1819 2643 1880 petra
2662 1811 2721 1865 in
2744 1810 2967 1867 Choreb.
2997 1810 3061 1865 Et
3086 1811 3376 1878 percutiam
3402 1818 3637 1878 petram,

2073 1911 2124 1957 et
2153 1901 2316 1956 exibit
2346 1918 2506 1972 aqua,
2536 1913 2584 1957 et
2619 1901 2754 1957 bibet
2783 1904 3025 1972 populus.
3054 1902 3122 1956 Et
3155 1902 3279 1971 fecit
3294 1903 3369 1955 ita
3401 1900 3634 1971 Moyses.

2074 1991 2146 2045 Et
2174 1993 2371 2046 vocavit
2396 2008 2581 2046 nomen
2614 1992 2715 2046 loci
2739 1992 3283 2059 illius,Tentationem
3301 1989 3635 2060 etlurgium,

2070 2091 2281 2151 propter
2309 2082 2551 2152 jurgium
2580 2082 2815 2141 ﬁliorum
2865 2082 3077 2149 Israel,
3131 2093 3182 2138 et
3232 2083 3360 2153 quia
3407 2091 3638 2136 tentave-

2069 2182 2195 2226 runt
2230 2171 2512 2227 Dominum
2543 2173 2770 2229 dicentes
2794 2187 2813 2225 :
2844 2174 2924 2227 An
2957 2183 3035 2227 est
3072 2172 3330 2226 Dominus
3361 2173 3416 2225 in
3462 2172 3633 2236 nobis,

2068 2279 2227 2317 necne
2257 2262 2301 2293 °°
2319 2262 2341 2302 ‘l
2368 2261 2494 2317 Haec
2525 2263 2842 2317 universum
2870 2277 2938 2316 ex
2962 2261 3215 2332 gentibus
3240 2260 3501 2331 populum
3534 2259 3637 2314 do-

2069 2362 2154 2410 cet
2211 2368 2451 2424 prasseus
2499 2353 2818 2424 prophetia,
2853 2360 2913 2407 ut
2958 2353 3138 2409 sciant
3175 2367 3297 2424 quae
3338 2351 3519 2425 prisco
3556 2350 3636 2407 illi

2068 2446 2268 2516 populo
2297 2444 2616 2513 acciderint,
2640 2452 2696 2501 et
2722 2444 2816 2517 qui
2846 2444 2971 2500 linis
3001 2444 3122 2516 ejus
3146 2445 3344 2511 fuerit;
3376 2452 3540 2515 atque
3565 2459 3632 2498 ex

2066 2536 2185 2606 ejus
2211 2536 2460 2607 exemplo
2486 2536 2553 2590 ad
2582 2536 2852 2590 cautelam
2878 2544 3121 2590 vocetur.
3157 2533 3336 2601 Quare
3357 2533 3633 2604 praedictis

2066 2627 2181 2680 haec
2217 2642 2339 2698 qua:
2374 2636 2679 2697 sequuntur
2726 2626 3039 2682 necessario
3079 2626 3267 2696 adjicit
3297 2644 3310 2679 :
3339 2656 3410 2666 —
3463 2623 3630 2681 Vsus.

2066 2716 2221 2774 9-13.
2266 2719 2430 2783 Audi,
2465 2719 2687 2789 populus
2706 2735 2869 2798 meus,
2888 2717 3629 2789 ettesti/icabortibi:Israel,

2063 2812 2112 2865 si
2139 2812 2373 2867 audieris
2401 2829 2503 2880 me,
2527 2830 2629 2868 non
2656 2815 2755 2868 erit
2783 2815 2839 2869 in
2861 2825 2908 2869 te
2925 2813 3065 2868 Deus
3083 2829 3280 2880 recens,
3307 2828 3466 2885 neque
3494 2812 3628 2866 ado-

2061 2905 2207 2959 rabis
2238 2904 2407 2958 Deum
2435 2903 2685 2960 alienum.
2720 2904 2832 2977 Ego
2871 2907 3009 2961 enim
3055 2923 3172 2961 sum
3200 2904 3457 2960 Dominus
3489 2903 3629 2957 Deus

2061 2996 2308 3066 tuus,qui
2332 2994 2494 3049 eduxi
2514 3004 2560 3049 te
2577 2997 2638 3050 de
2666 3005 2807 3051 terra
2827 2995 3080 3067 ngypti;
3099 2995 3271 3049 dilata
3296 3011 3352 3048 os
3382 3003 3551 3061 tuum,
3579 3005 3629 3048 et

2060 3088 2286 3158 implebo
2311 3086 2469 3141 illud.
2505 3086 2577 3141 Et
2626 3103 2729 3141 non
2778 3089 2979 3143 audivit
3011 3087 3234 3157 populus
3261 3103 3405 3141 meus
3456 3103 3630 3141 uocem

2061 3199 2252 3250 meant,
2275 3190 2326 3237 et
2357 3180 2531 3235 Israel
2557 3198 2659 3235 non
2699 3180 2926 3234 intendit
2956 3181 3106 3234 mihi.
3146 3179 3215 3233 Et
3238 3180 3418 3243 dimisi
3436 3195 3521 3233 eos
3547 3195 3630 3233 se-

2058 3275 2291 3328 cundum
2323 3274 2591 3329 desideria
2614 3273 2784 3328 cordis
2809 3288 3022 3338 eorum;
3046 3272 3195 3327 ibunt
3218 3273 3269 3326 in
3300 3262 3628 3326 adinventio-

2057 3366 2211 3420 nibus
2236 3367 2368 3420 suis.
2399 3365 2554 3421 Talia
2585 3372 2764 3429 erant,
2798 3365 2997 3435 inquit,
3041 3379 3270 3419 munera
3310 3365 3509 3434 populo
3530 3378 3629 3434 per

2057 3472 2145 3512 me
2171 3457 2394 3523 collata,
2416 3457 2597 3528 qualia
2624 3470 2807 3513 sermo
2854 3456 3151 3511 enarravit.
3182 3455 3287 3510 Sed
3312 3471 3433 3525 quae
3462 3454 3516 3508 in
3542 3470 3630 3510 me

2056 3550 2162 3621 ipsi
2192 3564 2471 3620 peregere,
2496 3563 2607 3604 non
2640 3547 2862 3612 similia,
2913 3562 3089 3617 neque
3134 3547 3297 3617 digna
3348 3546 3416 3601 iis
3468 3553 3629 3601 erant

2056 3656 2177 3713 qua}
2205 3655 2235 3695 a
2262 3656 2349 3696 me
2384 3638 2669 3695 consecuti
2699 3645 2847 3694 sunt.
2878 3636 3157 3708 Siquidem
3179 3654 3279 3708 ego
3315 3644 3397 3693 tot
3442 3644 3627 3693 tanto—

2052 3748 2287 3803 rumque
2318 3734 2455 3804 ipsis
2485 3734 2712 3803 largitor
2766 3734 3056 3797 bonorum,
3092 3732 3195 3787 hoc
3226 3746 3395 3785 unum
3421 3729 3490 3784 ab
3543 3730 3626 3788 eis

2052 3833 2336 3895 expetens,
2374 3825 2521 3895 quod
2556 3839 2690 3881 sane
2732 3826 2911 3896 legum
2959 3838 3171 3880 summa
3220 3829 3275 3880 et
3323 3829 3487 3893 caput
3515 3830 3623 3889 est,

2053 3925 2115 3971 ut
2138 3931 2245 3971 non
2269 3917 2432 3981 idola,
2450 3917 2545 3972 sed
2571 3932 2658 3972 me
2687 3918 2864 3972 solum
2887 3916 3056 3971 Deum
3079 3916 3340 3981 colerent,
3366 3914 3622 3984 praecepi,

2052 4002 2139 4057 his
2172 4000 2297 4057 illos
2327 4016 2682 4057 commonens
2710 4002 2921 4057 verbis:
2943 4002 3103 4064 Audi,
3128 3999 3351 4071 populus
3382 4015 3546 4067 meus,
3570 4009 3621 4053 et

2054 4094 2375 4163 testiﬁcabor
2407 4094 2503 4148 tibi
2531 4108 2551 4148 :
2578 4092 2777 4161 Israel,
2800 4095 2846 4147 si
2874 4094 3106 4148 audieris
3145 4109 3246 4159 me,
3295 4108 3398 4145 non
3431 4092 3531 4145 erit
3562 4092 3617 4144 in

2054 4198 2101 4241 te
2138 4186 2278 4241 Deus
2302 4203 2501 4254 recens,
2533 4203 2695 4257 neque
2722 4186 2971 4240 adorabis
3020 4184 3189 4239 Deum
3220 4184 3471 4237 alienum.
3508 4182 3619 4253 Ego

2050 4281 2187 4335 enim
2210 4295 2326 4332 sum
2348 4278 2607 4334 Dominus
2642 4278 2782 4333 Deus
2820 4288 2962 4341 tuus,
2994 4279 3083 4348 qui
3107 4278 3265 4330 eduxi
3293 4287 3341 4330 te
3361 4277 3425 4329 de
3476 4284 3621 4329 terra

2051 4370 2293 4441 Egypti.
2326 4369 2451 4425 Haec
2480 4370 2690 4437 monui,
2724 4370 2839 4424 haec
2887 4370 3121 4441 praecepi
3155 4386 3167 4420 :
3201 4369 3315 4423 haec
3366 4376 3483 4421 erat
3530 4374 3618 4419 to-

575 4442 715 4533 Ἐγὼ
756 4446 853 4515 μὲν
880 4447 989 4518 γὰρ
1012 4450 1040 4501 6
1062 4450 1169 4502 τῶν
1202 4452 1470 4508 τοσούτων
1504 4455 1686 4521 αὐτοῖς
1712 4460 1949 4530 χορηγὸς

2063 4439 2177 4517 tius
2196 4439 2332 4533 legis
2360 4476 2493 4516 meae
2524 4476 2679 4517 mens
2701 4468 2755 4516 et
2802 4439 3093 4516 sententia.
3146 4456 3441 4526 Prteceptis
3486 4468 3620 4510 vero

377 4528 619 4596 ἀγαθῶν,
636 4531 695 4585 ἒν
718 4534 863 4587 τοῦτ’
891 4538 1170 4603 αὐτοῖς,τὸ
1188 4541 1252 4612 δὴ
1280 4542 1390 4596 τῶν
1421 4545 1600 4615 νόμων
1630 4528 1944 4616 κεφάλαιον,

375 4618 519 4689 λέγω
543 4621 600 4676 δὲ
626 4623 687 4677 τὸ
709 4626 784 4697 μὴ
812 4627 1235 4702 είδωλολατρείν,
1266 4633 1366 4704 ἐμὲ
1383 4634 1439 4687 δὲ
1470 4637 1628 4706 μόνον
1653 4637 1785 4693 Θεὸν
1813 4642 1949 4695 είδέ-

374 4730 485 4781 ναι,
516 4717 1021 4793 παρεκελευσάμην,
1050 4724 1191 4777 αὐτὰ
1220 4726 1284 4798 δὴ
1317 4726 1489 4782 ταῦτα
1528 4733 1812 4802 παραινῶν
1854 4736 1947 4788 καὶ

373 4804 569 4873 λέγων·
609 4810 922 4877 Ἄκουσον,
951 4816 1101 4881 λαός
1128 4835 1268 4885 μου,
1312 4821 1411 4874 καὶ
1443 4820 1949 4896 διαμαρτυροῦμαί

372 4909 474 4948 σοι
492 4913 505 4928 ·
551 4898 809 4967 Ἰσραὴλ,
839 4902 947 4956 ἐὰν
970 4905 1241 4976 ἀκούσῃς
1256 4928 1396 4978 μου,
1421 4914 1532 4967 οὐκ
1549 4913 1718 4968 ἔσται
1743 4916 1815 4969 ἐν
1842 4918 1941 4972 σοὶ

374 4989 519 5055 Θεὸς
546 4991 912 5061 πρόσφατος,
943 4997 1085 5051 οὐδὲ
1122 5003 1572 5071 προσκυνήσεις
1598 5004 1720 5071 Θεῷ
1753 5007 1940 5062 ἀλλο-

370 5082 541 5171 τρίῳο
566 5082 682 5154 ἐγὼ
710 5085 819 5155 γάρ
855 5090 971 5157 εἶμι
1002 5092 1216 5159 Κύριος
1246 5099 1280 5148 ό
1317 5098 1461 5164 Θεός
1504 5114 1622 5153 σου
1645 5102 1681 5155 ὁ
1718 5101 1939 5171 ἀναγα-

369 5170 491 5238 γών
523 5186 597 5227 σε
618 5174 688 5229 ἐκ
717 5175 829 5246 τῆς
852 5181 1173 5250 Αἰγύπτου.
1215 5187 1398 5241 Ταῦτα
1431 5190 1727 5260 παρῄνουν,
1768 5170 1942 5247 ταῦτα

366 5352 620 5444 εύούλετο
647 5358 792 5424 νοῦς.
823 5362 1071 5435 Συνῆπτό
1095 5384 1155 5419 τε
1181 5371 1295 5432 τοῖς
1322 5373 1774 5443 παραγγέλμασιν
1805 5376 1942 5444 ἀγα-

370 5441 478 5497 θῶν
500 5448 819 5517 ἐπαγγελία,
845 5453 914 5507 δι’
933 5445 1010 5509 ὧν
1029 5455 1266 5525 ἔφασκον
1287 5476 1298 5489 '
1324 5441 1641 5515 Πλάτυνον
1663 5462 1729 5516 τὸ
1746 5441 1941 5534 στόμα

367 5550 508 5603 σου,
536 5539 635 5592 καὶ
671 5545 969 5611 πλτιρώσω
995 5549 1162 5603 αὐτό.
1194 5550 1257 5603 Ei
1296 5550 1406 5622 γὰρ
1443 5552 1615 5607 ταῦτα
1652 5555 1934 5624 φυλάξετε,

446 5717 489 5751 ⁸⁸
528 5720 696 5776 mod.
740 5739 799 5790 ιι,
832 5724 920 5780 22.
998 5726 1043 5760 ⁸⁸
1080 5726 1251 5785 Exod.
1289 5748 1419 5800 xvn,
1462 5736 1510 5788 l.
1586 5735 1631 5765 "
1670 5733 1798 5787 ibid.
1838 5735 1892 5789 4.

2050 4554 2323 4609 bonorum
2376 4554 2669 4625 promissio
2712 4552 3115 4622 copulabatur,
3151 4564 3276 4605 cum
3332 4548 3613 4602 dicerem:

2049 4644 2237 4699 Dilata
2268 4662 2325 4699 os
2351 4655 2521 4711 tuum,
2550 4655 2599 4700 et
2626 4644 2850 4713 implebo
2882 4644 3040 4697 illud.
3081 4641 3217 4697 Nam
3269 4641 3383 4694 haec
3415 4639 3459 4693 si
3493 4652 3616 4693 ser-

2048 4737 2208 4803 velis,
2245 4735 2445 4791 aﬂ'atim
2480 4737 2826 4808 ubertimque
2849 4736 2954 4790 cibi
2984 4733 3141 4789 vobis
3186 4730 3614 4803 suppeditabun-

2050 4837 2159 4893 tur,
2192 4828 2306 4885 sive
2329 4828 2600 4898 corporei,
2634 4829 2750 4883 sive
2782 4829 2819 4882 ii
2844 4828 2939 4897 qui
2980 4841 3077 4896 per
3107 4825 3318 4879 divinas
3369 4822 3615 4891 discipli-

2048 4936 2149 4975 nas
2176 4920 2371 4974 anima:
2401 4919 2909 4975 subministrantur.
2944 4916 3058 4986 Ego
3106 4914 3326 4985 quidem
3356 4914 3469 4967 haec
3496 4927 3614 4967 mo-

2048 5011 2265 5075 neham,
2299 5010 2415 5066 haec
2434 5011 2851 5080 promittebam;
2889 5009 2967 5062 illi
3002 5018 3182 5062 autem
3214 5020 3404 5060 vocem
3435 5019 3612 5059 meam

2048 5116 2157 5155 non
2190 5101 2479 5156 audierunt
2511 5121 2524 5156 :
2556 5108 2608 5156 et
2623 5101 2810 5165 Israel,
2838 5100 2930 5170 qui
2953 5098 3119 5154 tantis
3148 5096 3426 5152 beneﬁciis
3447 5108 3611 5149 oma-

2046 5201 2137 5248 tus
2169 5200 2274 5260 est,
2330 5209 2441 5248 non
2488 5192 2720 5248 intendit
2770 5192 2942 5245 mihi:
2975 5190 3097 5244 ideo
3137 5189 3263 5257 jure
3304 5187 3485 5240 dimisi
3521 5201 3607 5239 eos

2049 5285 2335 5339 secundum
2377 5284 2640 5338 desideria
2687 5283 2859 5338 cordis
2896 5297 3094 5336 eorum.
3144 5280 3252 5333 Pro
3304 5294 3412 5349 quo
3452 5276 3609 5349 Sym-

2047 5373 2277 5427 machus
2305 5374 2694 5443 interpretatus
2720 5381 2842 5429 cst:
2883 5370 3005 5424 Non
3038 5370 3241 5424 audivit
3299 5378 3471 5421 autem
3508 5384 3606 5437 po-

2044 5464 2202 5533 pulus
2226 5480 2370 5517 meus
2393 5481 2563 5519 vocem
2585 5480 2777 5531 meam,
2825 5473 2874 5518 et
2907 5462 3074 5517 Israel
3099 5479 3200 5516 non
3233 5460 3607 5530 obtemperavit

2046 5559 2191 5614 mihi.
2232 5556 2426 5613 Dimisi
2466 5574 2586 5628 ergo
2635 5558 2757 5612 illos
2802 5556 3119 5628 beneplacito
3168 5556 3340 5611 cordis
3386 5553 3493 5618 sui,
3545 5561 3604 5606 ut
