4092 6404
412 308 519 367 979
1106 312 1377 369 EUSEBII
1412 308 1895 368 CESABIENSIS
1936 308 2087 367 OPP.
2131 310 2317 366 PARS
2354 309 2443 369 lli.
2469 310 2968 368 —EXEGETICA.
3565 309 3670 366 980

414 425 683 480 ambulent
714 427 767 480 in
800 428 1037 481 consiliis
1068 430 1201 483 suis.
1259 428 1399 483 Hinc
1426 427 1645 483 divinus
1696 426 1993 497 Apostolus
2023 433 2044 488 Δ

2149 427 2410 491 ιοπιάτως
2434 427 2583 494 ἕξετε
2608 429 2701 482 καὶ
2723 425 3167 500 πεπληρωμένους
3191 425 3289 491 τὰς
3308 426 3534 499 τροφὰς,
3560 427 3671 479 εἴτε

414 518 485 574 de
517 520 845 589 quibusdam
871 520 1030 576 docet
1067 538 1079 571 :
1118 504 1349 591 Propter
1401 522 1541 592 quod
1596 520 1819 573 tradidit
1871 520 1991 573 illos

2149 537 2192 581 ις
2216 518 2311 571 τοῦ
2344 518 2613 590 σώματος,
2645 520 2756 573 εἴτε
2796 521 2889 573 καὶ
2918 520 3018 584 τὰς
3042 520 3128 573 διὰ
3150 520 3309 573 θείων
3338 520 3673 590 μαθημάτων

421 609 559 665 Deus
590 612 646 665 in
680 612 943 667 desideria
972 612 1147 668 cordis
1178 630 1361 667 eorum
1394 615 1459 667 ⁸⁷.
1486 612 1594 668 Pro
1643 614 1735 667 illo
1787 620 1991 676 autem,

2149 610 2162 681 ᾗ
2195 609 2340 681 ψυχῇ
2375 612 2805 682 χορηγουμένας.
2856 610 2995 680 Ἐγὼ
3029 613 3126 681 μὲν
3154 606 3246 664 οὖν
3286 610 3458 663 ταῦτα
3502 610 3677 682 παρῄ-

420 702 545 757 Non
570 706 671 759 erit
694 705 748 757 in
775 714 823 759 te
845 704 985 761 Deus
1021 723 1197 760 recens
1219 723 1237 760 :
1269 706 1489 775 Aquila,
1548 704 1670 759 Non
1713 707 1811 760 erit
1860 708 1917 760 in
1949 714 1997 759 te

2149 720 2219 755 νυν
2254 704 2348 755 καὶ
2382 703 2824 774 ἐπηγγελλόμην·
2853 704 2903 755 οἱ
2938 704 2995 757 δὲ
3027 703 3127 755 ούκ
3170 702 3366 773 ἤκουον
3395 702 3491 773 τῆς
3534 701 3676 771 ὲμῆς

418 795 573 865 fortis
594 796 835 861 alienus;
862 796 1224 868 Symmachus
1250 814 1378 853 vero
1407 817 1417 851 :
1442 796 1564 851 Non
1590 800 1659 851 sit
1691 800 1746 852 in
1776 810 1825 853 te
1856 799 1996 854 Deus

2149 794 2318 863 ωνῆς“
2372 794 2465 847 καὶ
2505 796 2533 845 6
2566 794 2847 853 ,τοσούτων
2897 793 3300 864 κατηξιωμένος
3352 792 3677 863 εὐεργεσιῶν

416 897 695 944 extraneus
734 930 750 956 ,
808 892 1150 960 interpretati
1203 898 1332 946 sunt
1399 890 1730 946 Extraneum
1764 901 1943 946 autem
1982 911 1993 945 :

2160 886 2331 958 σραὴλ
2373 886 2433 939 οὐ
2508 886 2776 958 προσέσχε
2836 904 2953 958 μοι’
3018 886 3139 939 ὅθεν
3187 885 3414 947 εἰκότως
3462 884 3677 949 ἐξαπέ-

419 981 657 1036 ιιιὶεηυηι
685 991 739 1037 et
772 990 1050 1037 recentem
1080 981 1273 1047 Deum,
1311 986 1404 1053 qui
1453 984 1578 1037 talis
1610 984 1753 1053 apud
1810 992 1999 1054 gentes

2150 983 2315 1035 τειλα
2352 980 2573 1046 αὐτοὺς
2604 980 2751 1033 κατὰ
2780 978 2851 1031 τὰ
2896 978 3335 1047 ἐπιτηδεύματα
3372 976 3490 1030 τῶν
3537 994 3673 1045 stap-

419 1073 561 1128 falso
610 1080 932 1145 reputatur,
989 1075 1316 1142 nominavit,
1360 1076 1661 1129 multorum
1712 1077 2000 1130 numinum

2149 1070 2247 1125 ιῶν
2268 1072 2484 1126 αὐτῶν.
2504 1072 2642 1125 ’Λνθ’
2660 1066 2718 1125 οὗ
2740 1073 2767 1123 6
2790 1071 3081 1142 Σύμμαχος
3114 1072 3456 1142 ὴρμήνευσεν
3480 1068 3679 1123 εἰπών·

422 1165 788 1221 idololatriam
816 1168 896 1221 sic
929 1167 1160 1236 carptim
1187 1182 1517 1222 memorans.
1546 1165 1756 1233 Quibus
1779 1168 1962 1223 subdit
1986 1187 1999 1223 :

2149 1168 2222 1235 ὐχ
2256 1166 2573 1234 ὑπήκουσε
2610 1165 2678 1217 δὲ
2718 1169 2751 1219 ό
2800 1167 2950 1230 λαός
2989 1182 3108 1233 μου
3142 1164 3254 1230 τῆς
3296 1162 3501 1232 φωνῆς
3539 1179 3681 1231 μου,

424 1258 537 1329 Ego
572 1259 711 1312 enim
746 1275 863 1311 sum
924 1257 1180 1311 Dominus
1213 1257 1354 1312 Deus
1402 1268 1545 1324 tuus,
1594 1259 1885 1331 declarans
1947 1276 2005 1316 se

2149 1260 2208 1314 al
2244 1262 2480 1329 Ἰσραὴλ
2506 1265 2616 1316 οὐκ
2650 1262 2897 1328 ἐπείσθη
2926 1278 3047 1329 μοι.
3090 1258 3310 1327 Ἀφῆκα
3330 1252 3442 1310 οὖν
3462 1255 3685 1322 αὐτοὺς

423 1366 602 1421 neque
627 1358 969 1415 extraneum,
1006 1366 1183 1420 neque
1233 1350 1492 1415 alienum,
1532 1366 1709 1421 neque
1730 1360 2004 1407 recentem

2149 1352 2183 1422 ᾖ
2211 1355 2493 1422 ἀρεσκείᾳ
2555 1354 2665 1423 τῆς
2708 1354 2955 1421 καρδίας
3000 1351 3199 1406 αὐτῶν
3224 1391 3238 1414 ,
3284 1350 3513 1403 ὁδεύειν
3556 1347 3686 1415 ταῖς

426 1442 595 1499 Deum
618 1458 761 1498 esse.
796 1441 925 1497 Erat
956 1444 1159 1513 quippe
1194 1458 1359 1497 unum
1413 1452 1465 1498 et
1516 1443 1658 1500 idem
1721 1444 1815 1500 Dei
1868 1444 2005 1500 Ver-

2149 1448 2363 1513 ὀυλαῖς
2391 1446 2607 1502 αὐτῶν.
2656 1446 2937 1501 Ἐντεῦθεν
2970 1450 2999 1500 6
3027 1446 3169 1509 θεῖος
3188 1442 3507 1506 Ἀπόστολος
3538 1442 3686 1495 διδάο

425 1534 577 1597 bum,
609 1535 753 1604 quod
785 1535 915 1589 olim
938 1534 1309 1591 diversimode
1349 1537 1591 1607 antiquis
1641 1536 1751 1591 illis
1786 1538 2008 1591 oracula

2149 1558 2232 1594 κει
2278 1540 2403 1611 περί
2431 1557 2592 1593 τινων
2622 1540 2796 1609 λέγων
2820 1557 2833 1570 θ
2881 1539 2976 1593 Διὸ
3012 1538 3355 1607 παρέδωκεν
3397 1534 3618 1601 αὐτοὺς
3656 1536 3693 1588 d

426 1626 711 1692 fundebat,
744 1629 1001 1699 quodque
1032 1627 1179 1685 Deus
1200 1627 1372 1685 Jacob
1396 1637 1645 1693 vocatur,
1680 1632 1825 1700 quod
1879 1631 2007 1685 item

2149 1633 2259 1699 νεὸς
2310 1633 2379 1685 ἐν
2436 1632 2565 1698 ταῖς
2610 1632 2948 1701 ἐπιθυμίαις
2996 1630 3115 1684 τῶν
3167 1628 3424 1697 καρδιῶν
3470 1624 3688 1679 αὐτῶν.

427 1720 483 1773 in
512 1720 985 1775 consummatione
1040 1722 1364 1774 saeculorum
1398 1722 1454 1775 in
1502 1728 1649 1775 terra
1670 1722 1847 1775 visum
1903 1730 2005 1775 est.

2149 1726 2271 1777 Αντὶ
2303 1723 2359 1777 δὲ
2390 1724 2504 1777 τοῦ·
2546 1726 2665 1777 Οὐκ
2697 1724 2867 1777 ἔσται
2899 1724 2969 1776 ἐν
3008 1725 3105 1777 σοὶ
3143 1723 3285 1787 Θεὸς
3323 1722 3690 1790 πρόσφατος,

427 1798 564 1865 Nam
588 1812 752 1866 etiam
777 1819 902 1867 ante
937 1811 1181 1866 divinum
1214 1828 1372 1868 suum
1396 1814 1689 1868 adventum
1720 1814 1773 1867 in
1803 1814 2007 1869 mundo
2042 1838 2044 1844 ι

2186 1816 2415 1879 Ἀκύλας
2434 1834 2447 1846 ·
2475 1819 2598 1870 Οὐκ
2626 1817 2797 1870 ἔσται
2820 1817 2889 1869 ἐν
2910 1817 3008 1870 σοὶ
3054 1815 3306 1885 ἰσχυρὸς
3338 1814 3655 1879 ἀλλότριος
3672 1824 3691 1841 ·

429 1912 569 1969 erat,
596 1914 649 1961 ct
682 1906 921 1961 mundus
944 1922 1040 1976 per
1065 1907 1241 1977 ipsum
1271 1906 1448 1961 factus
1479 1914 1583 1961 est.
1638 1904 2006 1971 Quamobrem

2171 1910 2226 1961 δὲ
2257 1910 2566 1980 Σύμμαχος·
2594 1910 2690 1978 Μὴ
2716 1910 2870 1963 ἔστω
2899 1910 2969 1962 ἐν
2996 1909 3094 1963 σοὶ
3118 1907 3262 1973 Θεὸς
3293 1906 3488 1971 ξένος,
3512 1904 3697 1975 ἡρμή-

430 1996 547 2051 haec
581 1998 833 2051 instituta
864 1998 1029 2052 tradit
1062 2018 1073 2053 :
1103 1996 1215 2068 Ego
1245 2000 1384 2052 enim
1415 2014 1532 2051 sum
1588 1997 1845 2051 Dominus
1870 1998 2008 2052 Deus

2150 2020 2295 2056 ευσε.
2333 2002 2495 2056 Ξένον
2533 2004 2588 2056 δὲ
2623 2004 2717 2057 καὶ
2751 2003 3027 2075 ἀλλότριον
3060 2002 3191 2055 Θεὸν
3233 2000 3327 2053 καὶ
3362 1999 3695 2071 πρόσφατον,

434 2099 575 2155 tuus,
601 2092 690 2160 qui
716 2091 877 2144 eduxi
904 2100 951 2143 te
975 2092 1037 2143 de
1065 2101 1206 2143 terra
1236 2090 1307 2143 1E
1312 2092 1476 2161 gypti.

2152 2095 2210 2147 δν
2260 2094 2692 2166 πεπλανημένως
2740 2093 2892 2165 παρὰ
2936 2095 3046 2155 τοῖς
3094 2092 3271 2144 ἔθνεσι
3316 2087 3702 2159 νενομισμένον

431 2186 702 2258 ὠνόμασε,
734 2187 833 2257 τὴν
863 2186 1123 2240 πολύθεον
1162 2186 1607 2259 εξδωλολατρείαν
1648 2188 1791 2241 οὕτω
1834 2190 2355 2260 παραπεμπόμενος.
2386 2187 2480 2253 Οἷς
2509 2189 2776 2258 ἐπιλέγει·
2828 2187 2969 2257 Ἐγὼ
3038 2185 3147 2257 γάρ
3207 2188 3323 2254 εἰμι
3389 2184 3600 2250 Κύριος
3668 2183 3703 2233 ό

435 2284 581 2349 Θεός
612 2300 760 2348 σου,
802 2283 1073 2353 παριστὰς
1104 2281 1292 2336 ἑαυτὸν
1324 2281 1445 2334 οὔτε
1480 2282 1648 2349 ξένον,
1692 2283 1815 2336 οὔτε
1848 2285 2146 2356 ἀλλότριον,
2169 2284 2293 2338 οὕτε
2327 2286 2638 2358 πρόσφατον
2675 2285 2804 2339 ὄντα
2833 2283 2986 2339 Θεόν.
3047 2278 3157 2335 Ἦν
3216 2280 3325 2353 γὰρ
3366 2276 3445 2343 εἷς
3517 2278 3611 2331 καὶ
3672 2279 3705 2329 6

434 2376 597 2440 αὐτὸς
617 2377 646 2428 6
678 2374 773 2428 τοῦ
804 2374 940 2428 Θεοῦ
973 2374 1166 2443 Λόγος,
1209 2375 1303 2427 καὶ
1333 2376 1361 2427 6
1401 2375 1567 2429 πάλαι
1601 2376 1873 2447 διαφόρως
1901 2381 2015 2440 τοῖς
2053 2378 2303 2441 παλαιοῖς
2342 2376 2715 2449 χρηματίζων,
2749 2380 2776 2430 6
2796 2376 2859 2448 δὴ
2883 2377 2976 2429 καὶ
3013 2374 3145 2438 Θεὸς
3180 2372 3374 2426 Ἰακὼϐ
3408 2369 3704 2440 ἐπικεκλη-

439 2470 628 2542 μένος,
658 2470 686 2521 6
736 2468 829 2520 καὶ
880 2466 973 2519 ἐπὶ
1022 2466 1303 2539 συντελείᾳ
1352 2467 1460 2520 τῶν
1501 2467 1709 2521 αἰώνων
1761 2470 1853 2521 ἐπὶ
1904 2470 2009 2540 γῆς
2046 2470 2253 2539 ὀφθείς.
2284 2471 2499 2540 Ἐνγὰρ
2521 2470 2599 2541 τῷ
2623 2470 2811 2541 κόσμῳ
2834 2466 2901 2539 ἦν
2925 2468 3017 2521 καὶ
3078 2465 3304 2537 πρὸτῆς
3366 2462 3704 2532 θεοφανείας,

436 2564 577 2621 καὶὸ
598 2564 800 2634 κόσμος
819 2563 885 2616 δι’
909 2562 1072 2617 αὑτοῦ
1100 2564 1334 2631 ἐγένετο.
1363 2563 1561 2635 Διόπερ
1586 2564 2016 2635 παρακελεύεται
2054 2566 2225 2635 λέγων
2247 2582 2259 2595 ·
2307 2567 2446 2636 Ἐγὼ
2480 2566 2593 2636 γάρ
2630 2568 2746 2636 εἶμι
2770 2566 2983 2633 Κύριος
3017 2566 3049 2616 ό
3080 2562 3222 2627 Θεός
3266 2575 3404 2623 σου,
3464 2560 3496 2612 ό
3557 2556 3707 2613 ἁνα-

438 2658 636 2727 τατών
660 2674 734 2712 σε
759 2658 827 2711 ἐκ
865 2657 978 2727 γῆς
1008 2660 1333 2728 Αἰγύπτου.

512 2773 678 2831 Vens.
712 2775 912 2838 14,15.
944 2773 1003 2829 Si
1030 2777 1254 2845 populus
1280 2794 1422 2832 meus
1446 2780 1678 2833 audisset
1709 2798 1812 2845 me,
1851 2779 2023 2833 Israel

442 2872 489 2924 si
510 2871 564 2923 in
589 2870 686 2924 viis
720 2870 847 2922 meis
872 2869 1229 2937 ambulasset,
1261 2888 1355 2940 pro
1385 2872 1549 2925 nihilo
1581 2875 1811 2939 forsitan
1839 2876 2025 2929 inimi-

444 2980 533 3017 cos
587 2978 769 3015 eorum
813 2961 1200 3028 humiliassem,
1253 2974 1302 3017 et
1357 2982 1513 3035 super
1566 2966 1879 3023 tribulantes
1937 2986 2025 3024 eos

445 3055 709 3107 misissem
739 3069 953 3106 manum
984 3070 1175 3109 meam.
1202 3055 1343 3111 Iram
1375 3058 1576 3129 quippe
1618 3058 1713 3115 Dei
1741 3076 1854 3116 non
1883 3061 2029 3129 inju-

2203 2782 2273 2834 Εὶ
2310 2781 2342 2831 ό
2368 2777 2517 2843 λαός
2540 2792 2659 2845 μου
2688 2772 2918 2842 ἤκουσέ
2938 2789 3079 2841 μου,
3119 2768 3366 2837 Ἰσραὴλ
3386 2768 3515 2835 ταῖς
3547 2768 3711 2836 ὁδοῖς

2126 2891 2245 2943 μου
2281 2874 2331 2924 εί
2356 2870 2650 2938 ἐπορεύθη
2672 2883 2685 2897 ’
2711 2866 2779 2919 ἐν
2813 2864 2891 2930 τῷ
2930 2863 3144 2933 μηδενὶ
3178 2860 3253 2916 ἂν
3283 2862 3423 2928 τοὺς
3460 2862 3711 2931 ἐχθροὺς

2132 2964 2331 3021 αὐτῶν
2350 2963 2742 3023 ἐταπείνωσα,
2764 2959 2857 3012 καὶ
2877 2959 2973 3011 ἐπὶ
2998 2957 3138 3023 τοὺς
3161 2957 3475 3021 θλίϐοι-τας
3492 2955 3714 3021 αὐτοὺς

2134 3060 2433 3113 ἐπέϐαλον
2456 3057 2530 3110 ἂν
2555 3058 2669 3124 τὴν
2698 3053 2865 3123 χεῖρά
2883 3071 3023 3123 μου.
3056 3052 3276 3115 ’ἱκανῶς
3299 3050 3712 3120 ἁπολελόγηται,

446 3147 529 3199 ria
554 3162 654 3200 nec
683 3146 803 3200 sine
824 3160 991 3201 causa
1022 3144 1308 3201 Judaicam
1359 3148 1628 3205 invasisse
1656 3160 1870 3220 gentem
1907 3153 2026 3207 suf-

2149 3154 2213 3205 ἱτι
2248 3152 2321 3223 μὴ
2355 3150 2591 3222 ἀκρίτως
2616 3119 2763 3217 ’μήτε
2787 3119 3049 3215 ῶςνέτυχε
3089 3144 3319 3215 μετῆλθε
3346 3144 3409 3197 τὸ
3447 3119 3713 3195 Ἰουδαίων

450 3237 697 3293 ﬁcienter
733 3235 999 3293 defendit.
1038 3236 1376 3310 Videturque
1403 3241 1535 3295 mihi
1571 3242 1636 3295 ad
1661 3243 2031 3312 praecedentes

450 3329 909 3399 interrogationes
930 3347 940 3381 ε
972 3327 1191 3399 thuid,
1210 3330 1373 3399 Deus,
1395 3331 1639 3401 repulisti
1657 3334 1709 3387 in
1725 3335 1904 3403 ﬁnem,
1924 3338 2035 3388 ira-

454 3432 538 3476 tus
565 3431 639 3476 est
670 3422 823 3491 furor
848 3431 968 3475 tuus
996 3439 1152 3491 super
1181 3439 1295 3477 oves
1348 3440 1558 3493 pascua:
1584 3434 1688 3479 tute
1712 3426 1795 3479 '3?
1829 3441 1892 3480 ac
1914 3443 2037 3481 rur-

453 3527 574 3566 sum
600 3530 612 3565 :
642 3509 838 3582 thuid
853 3510 1167 3565 destruxisti
1192 3514 1477 3567 maceriam
1492 3514 1629 3583 ejus,
1648 3524 1695 3567 et
1715 3515 2036 3570 vindemiant

452 3620 569 3657 eam
598 3619 775 3658 onmes
802 3606 893 3674 qui
933 3604 1446 3674 pra’tergrediuntur
1499 3606 1639 3659 viam
1668 3606 1757 3658 ’9?
1810 3623 2037 3679 respou-

454 3697 665 3752 sionem
721 3697 1030 3753 instituere.
1066 3696 1199 3751 Nam
1234 3714 1343 3766 qua
1374 3699 1441 3753 de
1491 3714 1658 3754 causa
1714 3701 1830 3755 haec
1890 3703 2038 3771 passi

456 3788 607 3853 sint,
630 3788 874 3843 declarat
903 3788 991 3845 his
1017 3790 1200 3844 verbis
1231 3811 1243 3845 ;
1285 3790 1423 3856 Quia
1446 3808 1551 3845 non
1585 3793 1795 3846 audivit
1810 3795 2038 3864 populus

457 3897 604 3935 meus
628 3898 802 3936 vocem
835 3899 1028 3951 meam,
1054 3892 1103 3937 et
1154 3882 1327 3938 Israel
1360 3900 1461 3937 non
1492 3886 1721 3939 intendit
1751 3888 1911 3951 mihi;
1944 3898 1996 3943 et
2024 3906 2036 3942 :

459 3974 520 4033 Si
550 3976 773 4047 populus
802 3994 945 4031 meus
978 3977 1213 4031 audisset
1255 3993 1356 4040 me,
1390 3975 1562 4030 Israel
1600 3979 1646 4031 si
1675 3978 1730 4031 in
1761 3979 1861 4031 viis
1915 3981 2041 4033 meis

460 4070 809 4137 ambulasset,
839 4087 934 4139 pro
970 4070 1137 4124 nihilo
1188 4070 1421 4139 forsitan
1470 4071 1711 4126 inimicos
1743 4089 1923 4125 eorum
1953 4075 2046 4126 Im-

460 4162 775 4216 miliassem.
822 4162 929 4216 Pro
960 4179 1069 4232 quo
1111 4160 1472 4233 Symmachus
1500 4165 1891 4234 interpretatus
1910 4176 1995 4220 est
2027 4185 2038 4239 ξ

462 4252 531 4307 1η
566 4255 789 4308 minimo
822 4254 1051 4324 forsitan
1077 4255 1321 4309 inimicos
1342 4272 1524 4309 eorum
1565 4257 1830 4323 vicissem,
1868 4268 1917 4312 et
1950 4274 2044 4312 su-

460 4362 554 4414 per
585 4345 919 4400 adversarios
954 4362 1135 4400 eorum
1163 4349 1532 4401 convertissem
1581 4365 1797 4403 manum
1852 4367 2043 4404 meam.

462 4435 591 4491 Haec
624 4452 756 4491 sane
789 4436 1065 4502 fecissem,
1090 4439 1288 4507 inquit,
1316 4446 1509 4493 contra
1552 4439 1808 4495 inimicos
1837 4443 2043 4512 populi,

2137 3246 2287 3308 ἔθνος
2317 3246 2348 3315 ἡ
2387 3246 2450 3295 ὲκ
2487 3242 2624 3294 Θεοῦ
2656 3242 2812 3311 ὀργή.
2844 3240 2955 3293 Καί
2992 3256 3081 3309 μοι
3104 3238 3251 3291 δοκεῖ
3282 3238 3417 3310 πρὸς
3449 3238 3547 3299 τὰς
3570 3236 3715 3288 ἀνω-

2137 3338 2280 3409 τέρω
2322 3335 2649 3405 λελεγμένας
2694 3332 2937 3397 πεύσεις,
2980 3333 3038 3385 ὲν
3078 3330 3157 3401 τῷ
3199 3331 3324 3385 Ἵνα
3372 3330 3428 3382 τί
3474 3332 3505 3382 ό
3550 3329 3716 3393 Θεὸς,

2137 3427 2358 3482 ἀπώσω
2390 3429 2478 3492 εὶς
2511 3425 2704 3491 τέλος,
2732 3425 2991 3493 ὠργίσθη
3018 3426 3050 3475 ό
3075 3422 3259 3491 θυμός
3291 3436 3406 3475 σου
3434 3421 3532 3471 ἐπὶ
3573 3421 3718 3487 πρό-

2140 3524 2285 3575 ϐατα
2311 3518 2501 3588 νομῆς
2520 3534 2670 3581 σου;
2713 3518 2807 3570 καὶ
2835 3516 2996 3569 πάλιν
3016 3532 3028 3543 ·
3062 3516 3187 3568 Ἵνα
3223 3514 3281 3566 τί
3318 3512 3589 3577 καθεῖλες
3614 3511 3722 3564 τὸν

2140 3613 2413 3681 φραγμὸν
2451 3609 2660 3678 αὐτῆς,
2690 3610 2787 3663 καὶ
2835 3607 3137 3677 τρυγῶσιν
3182 3606 3377 3674 αὐτὴν
3410 3606 3637 3670 πάντες
3666 3606 3723 3657 οἱ

2142 3704 2691 3773 παραπορευόμενοι
2736 3700 2851 3769 τὴν
2891 3701 3069 3762 όδόν;
3112 3701 3211 3770 τὴν
3271 3699 3563 3769 ἀπόκρισιν
3628 3712 3723 3748 πε-

2143 3796 2422 3868 ποιῆσθαι.
2444 3799 2561 3850 Ἵνα
2589 3797 2641 3850 τί
2670 3796 2778 3869 γὰρ
2805 3794 2875 3848 τὰ
2899 3794 3121 3847 τοιαῦτα
3144 3792 3445 3845 πεπόνθασι
3483 3790 3724 3845 διδάσκει

2144 3890 2318 3959 λέγων
2340 3908 2352 3919 ·
2381 3890 2505 3942 Ὅτι
2538 3891 2649 3943 οὐκ
2688 3888 2959 3956 ἤκουσεν
2990 3889 3022 3939 ὁ
3055 3886 3205 3949 λαός
3234 3900 3353 3953 μου
3380 3881 3490 3950 τῆς
3519 3878 3727 3950 φωνῆς

2138 4001 2279 4052 μου,
2319 3981 2418 4035 καὶ
2440 3982 2687 4049 Ἰσραὴλ
2715 3982 2786 4033 οὑ
2811 3978 3116 4047 προσέσχε
3136 3994 3257 4046 μοι.
3286 3975 3401 4038 καὶ,
3426 3976 3493 4027 ΕΖ
3521 3977 3553 4026 ὁ
3575 3973 3728 4038 λαός

2140 4092 2259 4143 μου
2287 4073 2517 4143 ἤκουσέ
2542 4091 2685 4139 μου,
2724 4071 2972 4139 Ἰσραὴλ
3002 4071 3133 4135 ταῖς
3161 4068 3323 4133 ὁδοῖς
3350 4084 3471 4135 μου
3500 4067 3552 4117 εὶ
3592 4065 3729 4116 ἐποο

2139 4168 2360 4234 ρεύθη·
2402 4165 2472 4217 ἐν
2517 4164 2596 4228 τῷ
2649 4162 2866 4232 μηδενὶ
2910 4162 2987 4215 ἂν
3036 4161 3179 4226 τοὺς
3223 4157 3475 4227 ἐχθροὺς
3531 4154 3730 4209 αὐτῶν

2147 4260 2540 4313 έταπείνωσα.
2579 4256 2721 4309 Ἀνθ’
2753 4250 2812 4309 οὗ
2840 4258 2867 4308 6
2892 4254 3189 4325 Σύμμαχος
3213 4253 3559 4323 ήρμήνευσεν
3580 4266 3592 4278 ·
3636 4248 3732 4299 Ἐν

2150 4353 2435 4422 ὀλιγίστῳ
2459 4350 2535 4405 ἂν
2561 4349 2811 4419 ἐχθροὺς
2837 4349 3035 4401 αὐτῶν
3062 4347 3317 4413 ἢττησα,
3342 4343 3439 4397 καὶ
3465 4341 3563 4395 ἐπὶ
3590 4340 3733 4405 τοὺς

2151 4446 2465 4509 ἐναντίους
2498 4441 2696 4495 αὐτῶν
2739 4439 3085 4508 ἀνέστρεψα
3134 4436 3210 4491 ἂν
3242 4437 3356 4506 τὴν
3390 4434 3555 4506 χεῖρά
3588 4453 3731 4503 μου.

464 4530 512 4583 si
536 4529 840 4599 morigeros
866 4529 991 4603 illos
1014 4530 1356 4597 habuissem,
1375 4540 1429 4586 et
1459 4531 1505 4585 si
1529 4532 1587 4586 in
1604 4532 1709 4587 viis
1732 4534 1891 4599 meis,
1911 4551 2044 4604 quas

2156 4534 2340 4587 Ταῦτα
2363 4506 2691 4602 ἂν-έπραξα,
2722 4531 2875 4601 φησὶ,
2908 4506 3051 4583 κατὰ
3086 4528 3196 4581 τῶν
3228 4527 3435 4599 ἐχθρῶν
3464 4525 3555 4579 τοῦ
3580 4525 3734 4589 λαοῦ,

463 4624 909 4692 praescripseram
942 4623 1101 4694 ipsis,
1136 4624 1517 4679 incessissent.
1564 4623 1722 4679 Nunc
1757 4640 1889 4681 vero
1922 4642 2049 4680 cum

465 4716 894 4784 inobsequentes
923 4723 978 4771 et
1034 4716 1371 4787 immorigeri
1421 4715 1549 4769 facti
1589 4717 1721 4780 sint,
1771 4732 1893 4771 sese
1943 4718 2049 4786 ipsi

466 4804 720 4860 inimicos
743 4803 839 4859 Dei
867 4804 1295 4859 constituerunt.
1333 4803 1538 4858 Deinde
1585 4802 1850 4873 quoniam
1875 4802 2049 4875 Spiri-

468 4906 556 4952 tus
587 4906 816 4955 sanctus
872 4898 1255 4968 immorigeros
1303 4905 1357 4951 et
1413 4897 1843 4969 inobsequentes
1908 4898 2054 4963 illos,

467 4993 730 5063 populum
761 5008 923 5048 suum
954 5007 1050 5062 per
1084 4991 1444 5046 humanitatis
1477 4992 1924 5061 exsuperantiam
1955 5009 2057 5048 vo-

468 5087 637 5151 cavit,
669 5086 829 5141 docet
856 5087 1154 5152 uemincm,
1178 5085 1268 5155 qui
1300 5101 1427 5139 vere
1458 5086 1693 5155 populus
1710 5084 1803 5141 Dei
1827 5088 1919 5151 sit,
1953 5087 2061 5157 ipsi

473 5187 929 5249 repugnaturum.
981 5178 1345 5245 Quamobrem
1411 5178 1576 5235 infert
1608 5180 1912 5236 ε-νειιε.
1968 5181 2059 5237 16.

474 5271 691 5326 Inimici
720 5271 934 5325 Domini
964 5274 1170 5326 mentiti
1192 5282 1314 5325 sunt
1348 5273 1432 5334 ei;
1466 5274 1768 5327 secundum
1807 5272 2060 5345 Symma-

473 5366 639 5420 chum
671 5375 894 5421 autem:
934 5365 1223 5420 Dominum
1265 5382 1483 5419 exosum
1525 5366 1863 5437 faciunt,qui
1913 5383 2059 5421 men-

476 5459 687 5512 tiuntur
712 5460 835 5528 ipsi.
888 5460 1161 5532 Additquc
1200 5459 1312 5514 :Et
1355 5460 1455 5513 erit
1510 5471 1710 5529 tempus
1761 5476 1945 5514 eorum
2006 5460 2062 5512 in

476 5552 752 5607 saculum.
786 5552 1015 5610 Etiamsi
1046 5554 1193 5609 enim
1240 5553 1369 5606 talia
1391 5552 1511 5607 ausi
1561 5552 1786 5618 fuerint,
1817 5561 2059 5608 attamen

476 5655 722 5710 praesens
749 5644 1013 5697 saeculum
1061 5644 1408 5699 obtinebunt.
1444 5645 1513 5700 Et
1546 5646 1651 5700 hoc
1699 5659 1889 5700 eorum
1926 5653 2063 5699 tem-

2157 4627 2204 4677 εἰ
2234 4625 2391 4695 ἔσχον
2425 4624 2623 4686 αὐτοὺς
2660 4622 2952 4693 ὑπηκόους,
2986 4622 3081 4674 καὶ
3112 4621 3161 4672 εἰ
3194 4622 3311 4682 ταῖς
3339 4620 3479 4681 ὁδοῖς
3515 4634 3615 4687 μου
3648 4611 3738 4678 αἷς

2155 4716 2487 4788 διεταξάμην
2517 4716 2700 4777 αὐτοῖς
2734 4714 3128 4786 ἐπορεύθησαν.
3154 4712 3267 4764 Νῦν
3293 4712 3351 4764 δὲ
3389 4712 3607 4781 ἀνήκοοι
3643 4709 3737 4762 καὶ

2156 4811 2404 4872 ἀπειθεῖς
2424 4808 2725 4879 γενόμενοι,
2759 4807 2910 4861 αὐτοὶ
2949 4807 3174 4868 ἑαυτοὺς
3214 4804 3442 4876 ἐχθροὺς
3466 4802 3559 4855 τοῦ
3600 4800 3740 4853 Θεοῦ

2163 4902 2529 4973 κατέστησαν.
2581 4899 2692 4953 Εἶτ’
2741 4899 3040 4970 ἐπειδήπερ
3094 4897 3222 4949 λαὸν
3280 4895 3445 4949 αὑτοῦ
3486 4894 3744 4964 ὠνόμασε

2164 4999 2287 5059 τοὺς
2323 4995 2565 5058 ἀπειθεῖς
2598 4996 2691 5047 καὶ
2744 4992 3006 5062 ἀνηκόους
3047 4989 3166 5044 καθ’
3214 4988 3517 5061 ὑπερϐολὴν
3558 4986 3749 5057 φιλαν-

2164 5089 2410 5161 θρωπίας
2439 5088 2499 5141 τὸ
2551 5087 2775 5157 Πνεῦμα
2812 5086 2872 5138 τὸ
2910 5085 3101 5153 ἅγιον,
3148 5083 3388 5136 διδάσκει
3440 5082 3521 5133 ὃτι
3570 5080 3749 5141 οὐδεὶς

2164 5180 2284 5249 Θεῷ
2310 5178 2626 5250 ἁπειθήσειε
2662 5176 2788 5237 λαὸς
2814 5173 3001 5227 αὐτοῦ.
3027 5171 3118 5224 Διὸ
3143 5171 3383 5238 ἐπιλέγει
3408 5186 3419 5197 ·
3448 5171 3511 5221 Ol
3542 5166 3747 5233 ἐχθροὶ

2165 5274 2385 5339 Κυρίου
2412 5271 2754 5340 ἐψεύσαντο
2800 5266 2993 5331 αὐτῷ’
3034 5264 3177 5317 κατὰ
3206 5263 3262 5315 δὲ
3289 5262 3380 5315 τὸν
3413 5260 3711 5331 Σύμμαχον
3732 5274 3748 5289 ο

2163 5364 2483 5419 Μισοποιοὶ
2504 5365 2724 5431 Κυρίου
2752 5364 2804 5415 οὶ
2833 5356 3205 5429 ψευσάμενοι
3241 5352 3418 5418 αὐτῷ.
3440 5353 3550 5407 Καὶ
3575 5367 3750 5421 προσ-

2164 5458 2347 5529 τίθησι
2366 5474 2379 5488 ·
2414 5456 2525 5511 Καὶ
2556 5456 2727 5508 ἔσται
2754 5457 2786 5508 ό
2822 5453 3026 5521 καιρὸς
3059 5447 3260 5504 αὐτῶν
3288 5450 3376 5514 εὶς
3402 5444 3508 5499 τὸν
3541 5444 3751 5497 αἰῶνα.

2166 5552 2229 5604 Εἰ
2251 5551 2361 5623 γὰρ
2389 5551 2481 5603 xai.
2506 5548 2729 5602 τοιαῦτα
2758 5546 3175 5617 τετολμήκασιν,
3200 5543 3351 5612 ὅμως
3379 5539 3469 5591 τὸν
3506 5536 3755 5606 παρόντα

2170 5643 2339 5697 αἰῶνα
2364 5641 2565 5707 ἕξουσι.
2610 5641 2722 5695 Καὶ
2775 5631 2932 5699 οὗτός
2974 5638 3121 5689 ἐστιν
3160 5631 3341 5686 αὐτῶν
3372 5632 3400 5683 6
3429 5626 3643 5699 καιρὸς,
3694 5626 3755 5677 ὲν

551 5794 594 5824 ’⁷
636 5792 790 5851 Rom.
829 5812 875 5863 ι,
914 5796 1003 5853 24.
1082 5799 1126 5831 ’δ
1166 5798 1310 5856 Psal.
1349 5816 1555 5869 Lxxm,
1597 5810 1643 5858 ι.
1722 5806 1765 5837 ’9
1810 5802 1953 5860 Psal.
1992 5818 2179 5867 usis,
2223 5802 2303 5856 15.
