4078 6432
344 410 449 469 981

1519 410 2026 467 COMMENTARIA
2066 410 2133 465 IN
2172 410 2510 467 PSALMOS.

3520 414 3621 470 982

350 526 397 601 ᾧ
427 527 523 583 καὶ
567 524 708 598 μετὰ
738 523 979 578 τοσαῦτα
1014 523 1463 595 πλημμελήματα
1494 524 1801 594 ἐψώμισεν
1833 526 1936 578 ab:

2046 540 2148 595 pus
2178 532 2283 590 est,
2317 540 2426 594 quo
2459 530 2583 594 post
2624 529 2705 578 tot
2763 531 3022 594 tantaque
3072 526 3279 581 scelera
3314 525 3501 599 (Vens.
3532 528 3620 599 17)

347 622 491 687 τοὺς
541 620 611 673 ἐκ
672 617 926 684 στέατος
986 617 1201 686 πυροῦ,
1241 615 1341 670 καί
1392 617 1462 670 ἐκ
1525 615 1745 684 πέτρας
1796 616 1937 686 μέλι

345 715 682 783 ὲχόρτασεν
734 711 973 777 αὐτούς.
1012 708 1172 763 Κατὰ
1210 708 1370 763 τοῦτο
1408 709 1464 762 δέ
1509 708 1747 781 ἐπλήρου
1810 727 1939 763 κατ-

346 806 589 874 αξιώσας
639 805 840 868 αὐτοὺς
882 805 982 874 τῆς
1026 802 1234 865 οἰκείας
1268 803 1495 875 τροφῆς,
1551 802 1613 854 οὐ
1651 802 1811 873 μόνον
1837 800 1937 872 τῆς

349 896 695 969 σωματικῆς,
728 893 864 949 ἀλλὰ
898 895 993 948 καὶ
1024 893 1127 964 τῆς
1173 892 1500 964 ἐπουρανίου
1550 892 1645 946 καὶ¹
1695 908 1938 961 πνευμα-

348 990 540 1060 τικῆς,
576 988 815 1060 ὁπηνίκα
849 986 1086 1058 πρώτοις
1120 986 1304 1049 αὐτοῖς
1344 986 1610 1057 ἐπεδήμει
1644 988 1672 1039 6
1702 985 1937 1056 Χριστὸς

348 1079 442 1134 τοῦ
498 1079 657 1145 Θεοῦ,
692 1080 896 1153 τροφὴν
954 1079 1147 1142 αὐτοῖς
1200 1080 1428 1149 παρεῖχε
1477 1077 1569 1131 τὸν
1614 1076 1937 1148 ἐπουράνιον

347 1174 517 1246 ἄρτον
552 1174 713 1237 αὐτὸς
748 1172 959 1226 ἑαυτόν.
994 1171 1069 1223 Οὐ
1112 1170 1216 1241 μὴν
1243 1168 1381 1223 ἀλλὰ
1418 1169 1513 1224 καὶ
1539 1168 1813 1240 ἐψώμισεν
1841 1168 1939 1222 αὐ-

348 1269 479 1330 τοὺς
515 1270 579 1321 ἐκ
612 1268 775 1320 πέντε
822 1266 1002 1337 ἄρτων
1038 1260 1354 1335 παραδόξως
1401 1263 1493 1315 ἐπὶ
1550 1263 1647 1332 τῆς
1694 1262 1932 1333 ἐρήμου·

350 1361 543 1432 ὥσπερ
575 1360 744 1413 πάλαι
777 1358 868 1411 διὰ
888 1358 1135 1422 Μωσέως
1169 1356 1231 1409 τὸ
1270 1356 1459 1427 μάννα.
1500 1355 1622 1408 Ἔτι
1653 1353 1710 1406 δέ
1748 1353 1844 1407 καὶ
1866 1353 1935 1405 ἐκ

349 1453 574 1522 ,πέτρας
601 1452 741 1522 μέλι
778 1452 1107 1521 έχόρτασεν
1136 1450 1389 1515 αὐτούς’
1429 1447 1603 1521 πέτρα
1641 1446 1697 1499 δὲ
1733 1440 1803 1517 ἦν
1836 1445 1937 1499 αὐ-

347 1546 462 1613 τὸς,
496 1543 748 1617 χορηγῶν
801 1544 982 1607 αὐτοῖς
1028 1543 1096 1595 τὰ
1138 1541 1321 1611 πάσης
1366 1540 1558 1612 ἡδονῆς
1608 1539 1702 1592 καὶ
1737 1536 1937 1601 παντὸς

352 1636 568 1709 μέλιτος
600 1634 909 1704 γλυκύτερα
961 1632 1258 1704 μαθήματα
1281 1673 1295 1696 ,
1332 1631 1460 1702 περὶ
1508 1622 1582 1684 ὧν
1620 1625 1689 1701 ἦν
1723 1629 1896 1681 είπεῖν
1919 1644 1933 1658 °

362 1731 462 1795 Ὠς
484 1728 714 1798 γλυκέα
735 1728 809 1781 τὰ
833 1726 1009 1798 λόγιὰ
1051 1742 1167 1780 σου
1200 1723 1279 1790 τῷ
1318 1722 1580 1793 φάρυγγί
1609 1739 1728 1791 μου
1746 1721 1767 1772 .'
1786 1719 1937 1788 ὑπὲρ

344 1821 487 1893 μέλι
536 1819 616 1886 τῷ
655 1819 911 1889 στόματί
940 1837 1081 1889 μου.
1132 1817 1244 1870 Καὶ
1278 1816 1443 1870 πάλαι
1488 1814 1545 1868 δὲ
1578 1813 1665 1867 διὰ
1693 1811 1937 1876 Μωσέως

2046 617 2238 672 cibavit
2256 635 2342 673 eos
2375 634 2441 671 ea:
2469 616 2622 686 adipe
2648 617 2925 686 frumenti,
2955 627 3002 671 et
3027 617 3089 671 de
3120 629 3270 689 petra
3298 620 3446 674 melle
3474 631 3623 675 satu-

2046 714 2184 765 ravit
2212 726 2321 765 eos.
2366 708 2523 765 Tunc
2551 725 2717 781 porro
2748 710 2874 765 illos
2902 710 3127 781 proprio
3149 711 3272 766 cibo
3302 714 3510 783 replere
3537 713 3623 768 di-

2044 810 2245 873 gnatus
2274 812 2381 868 est,
2414 818 2526 857 non
2551 818 2818 874 corporeo
2850 804 3051 870 solum,
3082 802 3177 858 sed
3201 804 3367 858 etiam
3412 806 3623 862 ccclesti

2044 903 2098 951 et
2118 896 2408 965 spirituali,
2431 910 2555 949 cum
2586 894 2653 950 ad
2673 896 2819 965 ipsos
2835 896 3043 966 primos
3068 894 3323 952 Christus
3345 895 3437 952 Dei
3466 913 3623 968 pere-

2046 989 2297 1060 grinatus
2342 996 2426 1043 est
2475 995 2640 1059 atque
2683 988 2738 1042 in
2779 988 2962 1043 cibum
3012 988 3167 1057 ipsis,
3196 982 3477 1043 emlestem
3527 1005 3623 1059 pa~

2044 1095 2192 1145 nem,
2218 1078 2430 1135 scilicet
2458 1079 2724 1148 seipsnm,
2752 1078 2918 1134 dedit.
2961 1076 3105 1145 Quin
3127 1079 3288 1133 etiam
3322 1078 3380 1132 in
3404 1078 3619 1134 deserto

2043 1187 2109 1227 ex
2131 1173 2371 1243 quinque
2400 1172 2633 1242 panibus
2661 1160 2986 1227 mirabiliter
3030 1171 3234 1225 cibavit
3291 1186 3422 1237 eos;
3478 1172 3621 1226 sicut

2043 1265 2172 1319 olim
2203 1278 2299 1335 per
2354 1263 2593 1335 Moysem
2633 1278 2833 1317 manna
2868 1263 3153 1333 impertiit.
3190 1260 3527 1333 lnsuperque
3557 1276 3625 1318 ea;

2042 1366 2193 1427 petra
2222 1356 2375 1410 melle
2404 1356 2667 1410 saturavit
2719 1373 2806 1409 eos
2840 1373 2856 1409 :
2894 1364 3048 1426 petra
3102 1363 3284 1411 autem
3337 1356 3452 1424 ipse
3479 1364 3619 1420 erat,

2043 1449 2368 1519 disciplinas
2396 1464 2548 1516 suas,
2582 1448 2826 1518 qualibet
2874 1448 3153 1517 voluptate
3179 1462 3243 1502 ac
3294 1447 3452 1501 melle
3501 1448 3622 1502 dul-

2044 1544 2243 1608 ciores,
2272 1542 2407 1612 ipsis
2432 1542 2811 1613 suppeditans,
2850 1540 2916 1595 de
2948 1540 3149 1610 quibus
3190 1540 3375 1595 dicere
3404 1540 3567 1593 liceat
3602 1557 3621 1594 :

2046 1636 2219 1702 Quam
2252 1635 2433 1690 dulcia
2456 1634 2700 1704 faucibus
2754 1634 2881 1687 meis
2914 1634 3123 1704 eloquia
3170 1633 3302 1686 tua!
3334 1648 3491 1701 super
3517 1630 3621 1685 mel

2043 1728 2125 1781 ori
2154 1743 2266 1780 meo
2298 1727 2337 1780 ¹.
2367 1725 2507 1781 Olim
2540 1728 2671 1780 item
2725 1740 2821 1796 per
2864 1725 3101 1797 Moysem
3130 1741 3197 1781 ex
3233 1731 3384 1795 petra
3415 1723 3622 1794 potavit

2042 1834 2160 1875 eos.
2200 1819 2304 1875 Mel
2326 1828 2503 1873 autem
2536 1817 2604 1874 de
2638 1826 2811 1890 petra,
2842 1818 2933 1874 hic
2964 1834 3072 1873 non
3119 1819 3227 1872 alio
3255 1832 3419 1888 quam
3460 1815 3622 1871 intel-

351 1918 417 1969 ὲκ
442 1913 651 1987 πέτρας
676 1915 859 1977 αὐτοῖς
890 1914 1119 1985 παρεῖχε
1146 1911 1329 1965 ποτόν.
1364 1907 1494 1963 Μέλι
1522 1908 1580 1962 δέ
1612 1906 1846 1961 ἐνταῦθα
1876 1907 1936 1960 τὸ

2041 1909 2241 1982 ligendi
2293 1926 2448 1966 more
2498 1910 2786 1981 excipias:
2827 1910 3086 1980 quoniam
3136 1911 3254 1981 ipse
3289 1908 3504 1981 Moyses
3562 1908 3619 1963 in

351 2009 417 2061 ἐκ
456 2006 667 2078 πέτρας
706 2006 813 2059 οὐδ’
848 2005 1022 2070 ἄλλως
1075 2005 1109 2075 ἢ
1152 2003 1295 2057 κατὰ
1340 2001 1579 2055 διάνοιαν
1618 1999 1932 2053 ἐκδεκτέον

351 2098 475 2151 ἐπεὶ
504 2098 598 2151 καὶ
626 2098 785 2161 αὐτὸς
819 2098 1022 2168 Μωσῆς
1061 2094 1157 2166 τὴν
1203 2095 1371 2166 αὐτὴν
1399 2093 1578 2164 τίθησι
1607 2090 1934 2164 μαρτυρίαν,

352 2188 526 2258 λέγων
557 2190 615 2242 ἐν
646 2187 855 2259 μεγάλη
890 2187 1001 2259 ᾠδῇ
1020 2205 1032 2217 ·
1072 2186 1414 2254 Ἐθήλασαν
1431 2183 1573 2255 μέλι
1597 2184 1665 2237 ἑκ
1694 2181 1933 2251 πέτρας,

352 2281 453 2339 καὶ
491 2280 699 2336 ἔλαιον
735 2281 804 2334 ἐκ
851 2278 1103 2349 στερεᾶς
1146 2278 1387 2348 πέτρας.
1416 2278 1595 2348 Ἃπερ
1652 2276 1789 2349 πρὸς
1840 2276 1937 2346 μὲν

349 2368 513 2441 ψιλὴν
537 2368 635 2441 τὴν
662 2369 808 2436 λέξιν
835 2371 932 2440 οὐχ
956 2369 1281 2439 ὑφέστηκεν,
1308 2365 1688 2440 ἁλληγορικῶς
1707 2367 1763 2419 δέ
1794 2364 1938 2419 κατὰ

356 2461 525 2533 μόνην
554 2460 650 2533 τὴν
671 2460 908 2514 διάνοιαν
930 2460 1273 2527 ἐξακούεται.
1305 2459 1477 2521 Αὐτὸς
1513 2458 1621 2528 γὰρ
1651 2460 1679 2510 6
1704 2456 1937 2527 Χριστὸς

353 2557 611 2630 ἡοπέτρα,
634 2556 806 2609 ταῦτα
829 2554 1006 2609 πάντα
1035 2553 1291 2625 παρέχων
1318 2553 1501 2615 αὐτοῖς
1532 2550 1620 2604 διὰ
1643 2551 1743 2620 τῆς
1772 2550 1937 2604 αὐτοῦ

353 2646 724 2711 διδασκαλίας,
751 2647 812 2699 οὑ
842 2644 966 2698 καθ’
994 2644 1054 2699 ὃν
1080 2644 1270 2715 χρόνον
1302 2641 1563 2713 ἐπεδήμει
1595 2640 1775 2712 μόνον,
1803 2638 1939 2692 ἀλλὰ

355 2741 452 2796 καὶ
479 2740 586 2813 πρὸ
612 2740 709 2811 τῆς
740 2740 1005 2810 ἐνσάρκου
1038 2737 1333 2807 ἐπιδημίας
1356 2732 1548 2787 αὐτοῦ’
1578 2734 1653 2797 ὼς
1683 2732 1743 2798 ἐξ
1769 2732 1938 2786 ἃπαν-

352 2849 446 2895 τος
480 2832 678 2895 αὐτοὺς
706 2832 804 2901 μὲν
840 2828 976 2910 εἶναι
1007 2827 1465 2899 ἀναπολογήτους,
1495 2824 1708 2879 δικαίαν
1750 2824 1805 2877 δέ
1840 2822 1939 2894 τὴν

357 2922 452 2977 τοῦ
470 2923 604 2977 Θεοῦ
626 2924 806 2995 κρίσιν
836 2921 974 2993 μετὰ
1001 2921 1068 2975 τὰ
1091 2921 1329 2974 τοσαῦτα
1351 2919 1450 2990 τὴν
1468 2916 1739 2989 ἀποϐολὴν
1761 2915 1939 2970 αὐτῶν

354 3014 758 3086 ἐργασαμένην.
796 3011 956 3066 Ἀλλὰ
985 3010 1095 3083 γὰρ
1124 3010 1295 3064 ταῦτα
1334 3009 1480 3080 ἡμᾶς
1504 3008 1629 3071 τοὺς
1668 3005 1727 3073 ἐξ
1772 3004 1941 3059 ἐθνῶν

353 3107 449 3159 ἐπὶ
491 3107 591 3178 τὴν
623 3105 802 3160 ἔνθεον
856 3103 1173 3173 ἀγαλλίασιν
1206 3102 1293 3156 διὰ
1340 3101 1448 3155 τῶν
1482 3098 1712 3173 πρώτων
1745 3098 1943 3169 κεκλη-

358 3197 552 3269 μένους
576 3199 606 3251 ό
651 3198 807 3268 λόγος
845 3196 1084 3250 διδάσκει
1126 3192 1707 3267 προφυλαττομένους,
1753 3191 1826 3264 μή
1862 3208 1938 3261 πη

354 3292 468 3354 τοῖς
492 3290 700 3360 ὁμοίοις
736 3291 830 3343 καὶ
861 3288 1015 3344 αὐτοί
1044 3305 1175 3341 ποτε
1210 3284 1624 3359 περιπέσωμεν.

742 3420 1159 3510 ΨΑΛΜΟΣὛῼ
1204 3439 1398 3492 Azan.
1440 3438 1565 3491 IIA'.

437 3576 490 3629 Ὀ
526 3576 670 3642 Θεὸς
709 3575 860 3644 ἔστη
909 3576 979 3629 έν
1021 3572 1345 3644 συναγωγῇ
1374 3571 1544 3641 θεῶν,
1570 3573 1642 3626 ὲν
1665 3571 1834 3642 μέσῳ
1870 3573 1942 3629 δὲ

352 3654 529 3736 θεοὺς
557 3668 865 3737 διακρίνει.
884 3669 943 3721 'O
979 3668 1078 3739 μὲν
1103 3669 1207 3740 πρὸ
1235 3668 1425 3722 τούτου
1455 3668 1614 3735 λόγος
1642 3670 1940 3739 κατηγορεῖ

350 3763 447 3818 τοῦ
480 3763 681 3826 παντὸς
718 3761 988 3815 Ἰουδαίων
1018 3761 1170 3827 λαοῦ,
1198 3760 1385 3831 σαφῶς
1412 3759 1505 3813 τοῦ
1535 3758 1671 3813 Θεοῦ
1700 3760 1937 3829 φάσκον-

350 3870 477 3918 τος·
529 3854 649 3909 οὐκ
680 3852 950 3923 ἤκουσεν
990 3856 1023 3906 ό
1065 3853 1217 3918 λαός
1252 3870 1373 3921 μου
1415 3850 1527 3920 τῆς
1559 3850 1768 3920 φωνῆς
1791 3869 1934 3921 μου,

354 3946 453 4002 καί
496 3945 735 4015 Ἰσραὴλ
772 3946 844 4000 οὐ
877 3944 1184 4014 προσέσχε
1226 3962 1346 4013 μοι.
1391 3942 1501 3996 Καὶ
1539 3940 1939 4009 ἐξαπέστειλα

353 4037 577 4104 αὐτοὺς
599 4036 748 4091 κατὰ
784 4036 856 4091 τὰ
905 4034 1342 4104 ἐπιτηδεύματα
1378 4033 1489 4103 τῆς
1538 4032 1786 4102 καρδίας
1831 4035 1936 4088 αὺ-

351 4128 502 4185 τῶν’
562 4130 656 4183 καὶ
696 4128 896 4182 πάλινο
948 4130 1019 4181 Et
1072 4130 1105 4181 ό
1157 4129 1307 4194 λαός
1346 4146 1459 4195 μου
1503 4126 1732 4192 ἤκουσέ
1777 4144 1935 4197 μου,

364 4221 607 4291 Ἰσραὴλ
634 4221 761 4288 ταῖς
786 4220 948 4287 όδοῒς
966 4239 1085 4291 μου
1113 4223 1168 4275 εὶ
1194 4222 1509 4290 ἐπορεύθη·
1541 4220 1703 4287 ἐντῷ
1721 4220 1937 4291 μηδενὶ

349 4314 431 4370 ἂν
476 4315 619 4381 τοὺς
663 4315 914 4385 ἐχθροὺς
955 4314 1154 4368 αὐτῶν
1195 4312 1599 4367 ἐταπείνωσα⁸
1643 4315 1671 4367 6
1716 4312 1773 4365 δὲ
1802 4311 1940 4382 μετὰ

352 4408 540 4478 χεῖρας
591 4405 899 4470 ἀκολούθως
945 4406 1173 4468 ἐκείνοις
1216 4404 1324 4459 τῶν
1371 4405 1649 4477 προέδρων
1680 4402 1773 4458 τοῦ
1808 4402 1937 4457 λαοῦ

351 4498 683 4568 κατηγορεῖ·
733 4496 809 4560 ὼς
842 4495 978 4567 πρὸς
1023 4495 1258 4567 ἄρχοντα
1297 4494 1428 4563 γοῦν
1455 4496 1549 4569 καὶ
1574 4494 1768 4565 κριτὰς
1801 4496 1938 4548 ἀπο-

1963 3271 2010 3336 C

2038 2018 2236 2075 magno
2267 2004 2485 2057 cantico
2512 2003 2657 2079 idem
2689 2003 3064 2058 testimonium
3118 2001 3326 2073 profert
3374 2003 3567 2058 dicens
3602 2018 3617 2055 :

2039 2095 2309 2151 Suxerunt
2350 2096 2454 2151 mel
2497 2094 2559 2149 de
2591 2107 2765 2166 petra,
2807 2104 2857 2150 et
2906 2096 3078 2150 oleum
3128 2111 3192 2149 ex
3223 2095 3357 2149 duro
3397 2110 3529 2148 saxo
3572 2096 3615 2148 ².

2038 2188 2170 2256 Quae
2203 2189 2423 2260 quidem
2458 2205 2569 2244 non
2605 2189 2908 2245 secundum
2942 2190 3144 2245 nudam
3175 2189 3466 2244 lectionem
3488 2204 3618 2244 eve-

2038 2291 2275 2348 nerunt;
2309 2280 2406 2337 sed
2432 2281 2726 2352 allegorice
2749 2281 2927 2336 solum
2961 2289 3016 2336 et
3039 2281 3317 2352 cogitandi
3348 2281 3513 2337 modo
3536 2281 3623 2337 in-

2038 2375 2378 2444 telliguntur.
2415 2374 2551 2428 Nam
2588 2374 2705 2444 ipse
2728 2374 2983 2430 Christus
3039 2382 3192 2446 petra
3219 2386 3321 2440 est,
3355 2375 3448 2445 qui
3504 2374 3620 2432 haec

2039 2468 2223 2521 omnia
2260 2466 2368 2521 illis
2394 2483 2490 2537 per
2517 2466 2824 2522 doctrinam
2852 2482 3006 2522 suam
3033 2466 3393 2537 impertiebat,
3418 2484 3528 2522 non
3553 2485 3619 2523 eo

2041 2559 2217 2615 solum
2248 2568 2493 2630 tempore
2525 2575 2636 2629 quo
2663 2559 3136 2630 peregrinabatur,
3173 2558 3268 2615 sed
3292 2560 3454 2615 etiam
3492 2569 3620 2616 ante

2040 2651 2316 2706 carnalem
2377 2666 2537 2706 suum
2590 2651 2921 2719 adventum;
2981 2651 3057 2705 ita
3111 2658 3171 2705 ut
3218 2650 3325 2721 ipsi
3389 2667 3619 2722 prorsus

2030 2741 2479 2805 'inexcusabiles;
2529 2739 2625 2796 Dei
2679 2756 2812 2797 vero
2863 2740 3157 2811 judicium,
3210 2756 3322 2812 quo
3369 2742 3473 2796 sub
3504 2742 3620 2796 hate

2040 2830 2191 2900 ipsos
2221 2829 2551 2901 repudiavit,
2581 2830 2793 2899 justum
2834 2831 2926 2885 sit.
2972 2829 3243 2886 Caeterum
3295 2831 3410 2887 haec
3461 2832 3621 2887 nobis

2042 2920 2135 2991 qui
2192 2936 2260 2975 ex
2315 2920 2568 2991 gentibus
2625 2922 2695 2977 ad
2748 2921 2989 2977 divinam
3048 2923 3472 2979 exsultationem
3524 2937 3622 2993 per

2040 3014 2227 3085 priora
2252 3004 2420 3069 verba
2445 3014 2624 3069 vocati
2654 3029 2867 3079 sumus,
2898 3015 2962 3070 ad
2991 3017 3261 3072 cautelam
3287 3016 3583 3072 traduntur
3601 3058 3615 3083 ,

2043 3122 2113 3163 ne
2145 3108 2200 3162 in
2226 3107 2378 3178 paria
2410 3107 2516 3178 ipsi
2545 3121 2766 3179 quoque
2797 3107 3105 3165 incidamus

2270 3444 2323 3499 1.
2357 3442 2680 3501 PSALMUS
2710 3444 2843 3501 IPSl
2873 3445 3121 3501 ASAPH.
3166 3445 3404 3505 LXXXI.

2113 3578 2253 3634 Deus
2284 3582 2433 3635 stetit
2460 3581 2516 3634 in
2543 3597 2815 3653 synagoga
2854 3581 3092 3646 deorum,
3142 3583 3198 3634 in
3235 3581 3407 3635 media
3445 3590 3621 3635 autem

2040 3671 2164 3727 deos
2193 3672 2476 3742 dijudicat.
2511 3672 2618 3739 Qui
2662 3674 2810 3727 hunc
2841 3673 3097 3743 praecedit
3122 3688 3304 3728 sermo
3324 3681 3498 3727 totum
3522 3672 3621 3728 Ju-

2041 3762 2285 3819 dteorum
2331 3766 2593 3836 populum
2654 3764 2916 3821 incusat:
2952 3780 3077 3819 nam
3121 3764 3195 3821 ibi
3250 3763 3394 3821 Deus
3435 3776 3623 3834 aperte

2041 3855 2177 3910 dicit
2208 3874 2222 3911 :
2252 3855 2377 3910 Non
2427 3858 2631 3913 audivit
2682 3857 2907 3926 populus
2936 3874 3081 3911 meus
3121 3872 3297 3911 vocem
3334 3873 3525 3922 meam,
3571 3866 3622 3910 et

2043 3947 2217 4002 Israel
2268 3964 2370 4002 non
2416 3949 2645 4003 intendit
2681 3950 2829 4003 mihi.
2887 3949 2955 4003 Et
3006 3949 3187 4003 dimisi
3216 3966 3302 4003 eos
3335 3950 3622 4003 secundum

2041 4039 2309 4094 desideria
2337 4039 2515 4093 cordis
2570 4056 2793 4104 eorum;
2859 4055 2924 4096 ac
2973 4056 3193 4097 rursum
3233 4057 3245 4092 :
3291 4040 3351 4095 Si
3394 4041 3620 4110 populus

2044 4147 2190 4185 meus
2220 4130 2457 4185 audisset
2492 4148 2592 4199 me,
2618 4131 2793 4187 Israel
2814 4134 2860 4188 si
2895 4136 2951 4187 in
2972 4135 3071 4188 viis
3113 4134 3244 4188 meis
3275 4133 3619 4200 ambulasset,

2040 4237 2137 4291 pro
2181 4222 2349 4276 nihilo
2391 4222 2625 4292 forsitan
2666 4225 2913 4279 inimicos
2963 4242 3146 4279 eorum
3193 4226 3561 4282 humiliassem
3601 4244 3620 4280 :

2042 4311 2133 4366 hic
2164 4326 2298 4367 vero
2330 4313 2580 4382 psalmus
2611 4322 3014 4385 consequenter
3039 4316 3105 4371 ad
3139 4316 3230 4370 illa
3264 4317 3449 4387 populi
3479 4334 3620 4387 pra:-

2044 4402 2191 4460 sides
2223 4412 2471 4469 accusat,
2499 4405 2803 4476 principem
2834 4408 2980 4461 enim
3012 4415 3066 4461 et
3086 4405 3303 4475 judices
3328 4408 3623 4477 compellat

2043 4496 2130 4553 his
2157 4496 2340 4551 verbis
2382 4512 2395 4548 :
2436 4495 2711 4569 Usquequo
2750 4499 3015 4567 judicatis
3056 4499 3415 4570 iniquitatem,
3454 4510 3504 4554 et
3538 4504 3626 4569 [au

350 4590 588 4644 τείνεται
637 4589 814 4657 λέγων
840 4605 853 4619 ⁸
891 4589 1045 4654 ’Έως
1083 4590 1229 4643 πότε
1268 4589 1499 4657 κρίνετε
1541 4587 1799 4649 ἀδικίαν,
1839 4586 1936 4640 καὶ

2045 4591 2149 4644 cies
2173 4598 2510 4659 peccatorum
2560 4590 2814 4647 sumitis?
2839 4591 3081 4660 judicate
3118 4608 3399 4662 pauperem
3440 4602 3491 4648 et
3526 4594 3626 4647 hn-

352 4683 646 4751 πρόσωπα
677 4678 1042 4750 ἁμαρτωλῶν
1076 4679 1445 4749 λαμϐάνετε;
1501 4680 1753 4748 Κρίνατε
1784 4691 1936 4733 πτω-

351 4773 465 4845 χὸν
507 4772 608 4826 καὶ
652 4771 955 4837 ταπεινόν,
984 4773 1250 4842 ὀρφανὸν
1279 4772 1377 4825 καὶ
1425 4771 1655 4838 πένητα
1701 4769 1935 4824 δικαιώ-

349 4882 519 4921 σατε.
556 4862 692 4919 Εἶτα
732 4864 1008 4933 ἐπιλέγειο
1058 4865 1199 4935 Ἐγὼ
1230 4864 1401 4918 ταῦτα
1451 4862 1895 4935 παρεκελευόμην
1918 4879 1930 4892 θ

349 4955 401 5008 oi
430 4954 487 5008 δὲ
512 4956 626 5009 οὐκ
663 4954 937 5025 ἐντωσιιν
960 4954 1103 5009 οὐδὲ
1134 4954 1442 5023 συνῆκαν,
1482 4956 1550 5009 ἐν
1577 4956 1781 5008 σκότει
1806 4953 1933 5008 δια-

351 5048 727 5116 πορεὺονται.
755 5047 921 5111 Θεοὺς
949 5047 1006 5101 δὲ
1038 5048 1235 5113 αὐτοὺς
1264 5047 1550 5111 ἀποκαλεῖ,
1583 5046 1804 5119 ’ήτοιδιὰ
1835 5046 1933 5119 τὴν

349 5138 516 5213 τιμὴν
544 5141 611 5212 ἥν
644 5140 917 5211 ἀπένεμεν
950 5140 1133 5206 αὐτοῖς
1163 5144 1191 5195 6
1216 5142 1373 5206 λαός·
1423 5127 1566 5195 οὕτω
1601 5141 1738 5211 μετὰ
1784 5142 1936 5195 πλεί-

352 5247 479 5284 στου
514 5231 678 5301 φόὸου
705 5236 801 5286 καὶ
828 5233 993 5303 τιμῆς
1023 5232 1259 5304 προσιὼν
1295 5235 1482 5299 αὐτοῖς
1508 5234 1639 5286 ὡσεὶ
1661 5235 1753 5288 καὶ
1786 5234 1936 5305 αὐτῷ

351 5321 428 5393 τῷ
461 5322 613 5394 Θεῷ·
659 5323 693 5395 ἢ
739 5325 1036 5397 ἐπειδήπερ
1068 5325 1247 5397 χώραν
1293 5326 1428 5379 Θεοῦ
1467 5327 1683 5397 ἐπεῖχον
1715 5326 1775 5379 τὸ
1812 5327 1938 5398 κρί-

350 5415 463 5468 νείν
486 5414 924 5488 ἀναδεδεγμένοι,
960 5417 1279 5482 κολάζοντές
1313 5435 1372 5470 τε
1412 5420 1506 5472 καὶ
1536 5419 1935 5489 τιμωρούμενοι

353 5508 481 5570 τοὺς
508 5506 831 5573 ἀδικοῦντας
866 5508 1005 5563 κατὰ
1035 5509 1125 5562 τὸν
1159 5511 1288 5581 παρ’
1322 5511 1507 5572 αὐτοῖς
1543 5509 1736 5580 νόμον·
1770 5511 1803 5580 ἢ
1850 5510 1937 5564 διὰ

352 5595 413 5652 τὸ
438 5596 762 5668 τετιμῆσθαι
792 5599 989 5664 αὐτοὺς
1015 5599 1120 5652 ὑπὸ
1147 5599 1243 5652 τοῦ
1277 5599 1410 5652 Θεοῦ
1438 5599 1516 5670 τῷ
1539 5599 1640 5670 τῆς
1668 5600 1936 5665 υἱοθεσίας

350 5687 577 5758 ὀνόματι
597 5728 611 5755 ,
640 5688 714 5753 ὡς
748 5689 999 5759 λέγεσθαι
1024 5690 1152 5762 περὶ
1180 5689 1359 5743 αὐτῶν
1380 5706 1393 5719 ·
1432 5689 1601 5755 Υὶοὺς
1634 5689 1936 5761 ἐγέννησα

426 5843 445 5875 ¹
485 5841 631 5900 Psal.
669 5858 837 5902 cum
862 5886 876 5913 ,
915 5847 1036 5903 105.
1112 5849 1131 5880 ¹
1170 5847 1325 5902 Deut.
1366 5862 1551 5914 xxxii,
1590 5846 1676 5903 18.

2042 4682 2241 4746 milem,
2270 4680 2535 4751 pupillum
2579 4692 2627 4735 et
2654 4682 2861 4751 inopem
2880 4683 3194 4752 justiﬁcate.
3246 4683 3451 4739 Deinde
3487 4686 3624 4741 sub-

2040 4773 2169 4830 dit:
2220 4772 2348 4829 Htec
2406 4789 2507 4844 ego
2555 4774 2964 4843 praecipiebam,
3014 4775 3092 4829 illi
3141 4791 3269 4831 vero
3298 4756 3646 4844 nescierunt,i

2041 4882 2203 4936 neque
2233 4865 2627 4931 intellexerunt,
2658 4866 2713 4918 in
2754 4865 2979 4920 tenebris
3028 4866 3325 4921 ambulant.
3364 4867 3504 4925 Deos
3528 4884 3617 4922 au-

2040 4966 2150 5014 tem
2190 4965 2351 5013 vocat
2380 4974 2497 5023 eos,
2524 4959 2641 5013 sive
2671 4958 2897 5015 honoris
2929 4975 3039 5029 quo
3068 4960 3305 5030 populus
3352 4960 3504 5031 ipsos
3539 4961 3626 5013 al-

2040 5050 2258 5105 liciebat
2285 5064 2475 5115 causa,
2508 5066 2631 5104 cum
2669 5050 2865 5106 timore
2897 5058 3061 5121 atque
3086 5053 3437 5108 veneratione
3470 5053 3623 5121 ipsos

2043 5140 2270 5211 perinde
2302 5150 2466 5211 atque
2514 5143 2685 5197 Deum
2720 5143 2947 5210 adiens;
2982 5144 3097 5198 sive
3125 5144 3254 5215 quia
3308 5145 3486 5199 locum
3526 5142 3623 5198 Dei

2041 5242 2394 5302 occuparent,
2449 5234 2737 5305 judicandi
2792 5250 3018 5291 munere
3066 5247 3342 5307 suscepto,
3403 5238 3621 5308 iniquos

2044 5322 2346 5377 secundum
2372 5324 2545 5396 legem
2577 5325 2680 5379 sibi
2720 5325 2977 5379 traditam
3026 5325 3295 5395 supplicio
3332 5328 3620 5398 poenisque

2045 5414 2390 5484 allicientes;
2451 5418 2538 5473 vel
2587 5418 2712 5487 quia
2775 5433 2807 5471 a
2869 5416 2981 5473 Deo
3044 5418 3352 5488 adoptionis
3400 5421 3621 5475 nomine

2042 5510 2293 5564 exornati
2323 5496 2485 5577 sunt;
2523 5510 2596 5565 ita
2628 5519 2687 5564 ut
2712 5509 2778 5565 de
2803 5510 2938 5581 ipsis
2987 5511 3206 5566 dicatur
3228 5531 3241 5565 :
3262 5510 3434 5565 Filios
3464 5512 3620 5582 genui

2042 5612 2092 5656 et
2118 5602 2490 5668 exaltavi;vel
2517 5604 2645 5673 quia
2670 5602 2735 5657 ad
2771 5603 3062 5673 imaginem
3108 5612 3163 5659 et
3208 5603 3620 5659 similitudinem

2043 5689 2159 5758 Dei,
2194 5707 2291 5764 per
2311 5693 2652 5764 spiritualem
2677 5702 2731 5750 et
2757 5694 3139 5751 rationabilem
3190 5695 3336 5749 illam
3360 5695 3413 5749 in
3447 5694 3625 5749 homi-
