4092 6404
462 349 569 408 983

1190 350 1459 407 EUSEBII
1494 350 1974 407 CrESARIENSlS
2011 351 2159 407 OPP.
2204 352 2385 407 PARS
2416 352 2589 407 Ill.-
2626 352 3035 409 EXEGETICA.

3606 356 3707 411 985

460 472 627 528 nibus
677 470 1075 536 substantiam,
1127 468 1301 526 effecti
1359 478 1507 525 sunt.
1568 470 1625 525 In
1695 471 1800 527 hoc
1849 473 2031 543 itaque

2136 474 2233 528 καί
2261 474 2506 542 ὗψωσα·
2538 474 2571 545 ἢ
2605 472 2694 527 διὰ
2717 473 2779 527 τὸ
2811 472 2932 527 κατ’
2958 472 3143 527 είκόνα
3168 472 3260 525 καὶ
3290 472 3546 543 ὁμοίωσιν
3572 472 3711 528 Θεοῦ

465 565 678 636 psalmo
720 563 905 618 statim
950 570 1074 633 post
1116 563 1395 633 praedicta,
1438 580 1533 621 eos
1576 564 1669 635 qui
1702 577 2035 621 accusantur

464 656 551 711 his
592 654 789 708 aﬂ'atur
817 670 828 705 :
855 653 967 723 Ego
994 654 1154 708 dixi:
1194 654 1287 709 Dii
1334 657 1461 711 estis
1516 664 1567 711 et
1618 655 1721 726 ﬁlii
1770 657 2033 713 Altissimi

462 761 659 799 omnes.
726 742 825 798 Vos
876 754 1053 799 autem
1108 746 1243 799 sicut
1292 746 1525 801 homines
1579 748 1922 811 moriemini,
1984 760 2033 804 et

460 838 596 890 sicut
658 852 795 889 unus
845 850 911 890 ea:
956 836 1282 906 principibus
1344 838 1564 893 cadetis.
1620 838 1885 895 Prwsides
1934 841 2033 894 ita-

461 940 568 995 que
615 925 823 995 populi,
855 925 1169 982 sacerdotes
1222 925 1476 983 videlicet
1508 937 1563 985 et
1620 930 1895 985 antistites
1946 944 2036 985 sa-

460 1030 681 1069 crorum
745 1030 810 1070 ac
884 1016 1125 1087 reliquos
1193 1016 1469 1088 principes
1523 1018 1832 1090 dijudicans
1891 1018 2034 1075 Deus

460 1104 720 1171 Verbum,
789 1106 905 1163 haec
954 1124 1077 1179 qua:
1133 1109 1247 1179 jam
1295 1118 1596 1168 tractamus
1621 1122 1858 1169 enarrat.
1884 1115 2033 1181 Qua-

460 1214 521 1253 re
575 1198 778 1252 dicitur
828 1214 840 1249 :
886 1196 1026 1255 Dens
1074 1201 1215 1253 stetit
1260 1202 1316 1254 in
1362 1218 1630 1275 synagoga
1680 1207 1921 1270 deorum,
1977 1208 2032 1260 in

460 1287 632 1342 medio
679 1302 853 1342 autem
895 1289 1019 1343 deos
1074 1289 1383 1360 dijudicat;
1430 1294 1733 1349 secundum
1780 1295 2031 1366 Aquilam

461 1392 681 1438 autem:
729 1382 869 1437 Deus
911 1386 1060 1439 stetit
1114 1384 1168 1437 in
1223 1402 1489 1456 synagoga
1565 1387 1806 1457 fortium,
1857 1388 1913 1441 in
1959 1389 2035 1442 vi-

461 1474 697 1529 sceribus
727 1474 984 1531 Dominus
1034 1476 1276 1547 iudicat;
1309 1478 1610 1535 secundum
1644 1479 2033 1552 Symmachum

458 1580 632 1620 vero:
664 1564 806 1622 Deus
853 1569 999 1622 stetit
1048 1570 1104 1622 in
1142 1578 1275 1622 coetu
1327 1568 1475 1637 Dei,
1534 1572 1592 1625 in
1644 1573 1835 1627 mediis
1894 1572 2033 1628 Deus

456 1655 723 1727 judicans.
790 1657 892 1714 Hic
949 1675 1078 1715 vero
1130 1660 1314 1730 Deus,
1362 1664 1573 1720 scilicet
1630 1664 1723 1721 Dei
1771 1665 2032 1731 Verbum,

462 1760 820 1805 memoratam
847 1750 1074 1808 deorum
1099 1768 1429 1825 synagogam
1468 1756 1725 1825 judicans
1753 1767 1807 1813 et
1831 1758 2036 1829 dijudi-

460 1855 617 1907 cans,
656 1846 1039 1899 accusationes
1072 1847 1182 1903 reis
1212 1848 1442 1905 inducit.
1493 1849 1559 1904 Et
1596 1852 1725 1920 quia
1778 1860 2029 1923 potentes

460 1938 712 2002 potenter
735 1936 1195 1993 examinabuntur
1214 1958 1230 2008 ;
1249 1940 1373 2011 jure
1390 1941 1775 2011 praedictorum
1801 1943 2029 1999 deorum

459 2023 707 2081 ordinem
733 2040 984 2101 segregat
1016 2037 1072 2085 et
1102 2033 1333 2087 seorsim
1363 2031 1609 2103 judicat;
1660 2050 1784 2090 cum
1829 2036 1942 2105 jam
1974 2036 2029 2091 in

456 2119 783 2188 przcedenti
816 2123 1026 2192 psalmo
1051 2125 1375 2194 promiscuae
1392 2129 1576 2199 populi
1605 2129 1779 2185 turba:
1800 2145 2032 2186 accusa-

458 2210 663 2266 tionem
692 2213 999 2283 protulerit.
1027 2214 1139 2271 lmo
1168 2216 1332 2273 etiam
1362 2218 1627 2288 dijudicat
1651 2262 1668 2288 ,
1714 2220 1781 2277 de
1816 2224 1884 2279 iis
1935 2223 2028 2294 qui

457 2302 607 2377 digni
638 2306 815 2362 salute
839 2318 987 2375 sunt,
1020 2324 1083 2363 ac
1122 2310 1189 2366 de
1238 2311 1308 2367 iis
1335 2312 1428 2383 qui
1479 2327 1640 2370 secus
1696 2330 1755 2372 se
1801 2316 2026 2383 habent,

459 2397 787 2451 sententiam
817 2396 1020 2454 ferens.
1069 2399 1189 2456 Non
1250 2403 1506 2474 superbe,
1560 2420 1671 2460 non
1715 2408 2025 2478 tyrannice,

457 2500 568 2541 non
600 2488 656 2541 in
688 2487 797 2543 alto
816 2490 1414 2563 constitutusjudicat;
1452 2495 1547 2550 sed
1570 2496 1883 2566 judicandis
1907 2513 2030 2554 sese

456 2584 850 2652 attemperans,
878 2583 1092 2640 medius
1115 2592 1225 2641 stat
1268 2586 1412 2641 inter
1441 2586 1587 2653 illos,
1624 2604 1721 2658 per
1752 2588 2029 2644 hominem

458 2685 620 2739 quem
658 2675 899 2746 suscepit
929 2676 1064 2746 ipsis
1090 2675 1279 2732 habitu
1330 2678 1531 2735 similis
1582 2679 1828 2735 eﬂ’cctus.
1890 2680 2030 2737 llinc

458 2775 589 2816 vero
617 2776 713 2818 eos
740 2764 833 2833 qui
856 2763 1126 2834 judicium
1151 2769 1387 2824 subituri
1418 2777 1567 2835 sunt,
1603 2771 1822 2840 praeviis
1852 2772 2030 2827 moni-

458 2852 531 2908 tis
564 2852 631 2908 ad
660 2855 1091 2924 resipiscentiam
1119 2868 1317 2928 vocat;
1354 2861 1598 2933 ipsisque
1645 2864 1931 2934 prospicit,
1970 2871 2029 2918 ut

461 2958 534 2999 ne
567 2944 623 2998 in
647 2944 841 3015 judicii
890 2948 1220 3019 supplicium
1257 2953 1540 3021 incidant;
1580 2954 1677 3010 sed
1710 2971 1832 3011 sese
1874 2957 2029 3027 prius

460 3036 789 3102 emendent,
852 3038 1064 3110 sibique
1131 3049 1360 3097 caveant
1424 3058 1491 3097 ex
1565 3043 1762 3100 oblatis

460 3128 644 3185 nibus.

1841 3046 2028 3100 crimi-

2136 571 2416 638 γεγονέναι
2449 566 2537 621 διὰ
2563 568 2664 640 τὴν
2705 568 2762 620 ὲν
2801 564 3107 636 ἀνθρώποις
3139 564 3330 636 νοερὰν
3363 566 3455 619 καὶ
3488 564 3711 635 λογικὴν

2137 660 2343 713 οὐσίαν.
2366 659 2575 713 Αὐτίκα
2604 658 2735 729 γοῦν
2770 660 2827 713 ὲν
2862 657 3008 729 αὑτῷ
3040 656 3117 728 τῷ
3144 658 3487 728 προκειμένῳ
3513 656 3713 727 ψαλμῶ

2136 751 2359 824 προϊὼν,
2405 752 2433 805 6
2478 751 2634 820 λόγος
2668 750 2802 823 φησὶ
2848 750 2984 822 πρὸς
3014 752 3141 814 τοὺς
3170 750 3671 822 κατηγορουμένους
3693 766 3709 779 ·

2148 844 2289 915 Ἐγὼ
2316 840 2487 899 είπα·
2517 845 2650 899 Θεοί
2691 844 2830 898 ἐστε
2872 845 2971 898 καί
3000 842 3119 898 υίοὶ
3154 842 3434 912 Ὑψίστου
3467 840 3711 908 πάντες.

2147 938 2331 1007 Ὑμεῖς
2357 938 2426 992 δὲ
2459 938 2539 1004 ὡς
2577 938 2873 1006 ἅνθρωποι
2899 935 3337 1003 ἀποθνήσκετε,
3378 935 3477 989 καί
3514 935 3595 1000 ὠς
3624 931 3713 1000 εἷς

2135 1028 2255 1083 τῶν
2282 1030 2590 1099 ἀρχόντων
2618 1029 2881 1081 πίπτετε.
2912 1028 3052 1091 Τοὺς
3074 1026 3136 1098 δὴ
3170 1022 3263 1080 οὖν
3286 1024 3380 1078 τοῦ
3409 1024 3540 1078 λαοῦ
3580 1041 3707 1096 προ-

2137 1118 2396 1183 εστῶτας,
2428 1118 2608 1191 ἱερέας
2635 1116 2834 1189 δηλαδὴ
2872 1117 2966 1171 καὶ
3008 1115 3321 1188 ἀρχιερέας,
3346 1114 3472 1178 τούς
3515 1131 3574 1168 τε
3603 1114 3721 1168 λοι-“

2136 1211 2272 1273 ποὺς
2304 1209 2569 1281 ἄρχοντας
2591 1196 2895 1279 ἀνακρίνων
2922 1209 2951 1260 6
2977 1207 3108 1270 Θεὸς
3129 1206 3318 1275 Αόγος,
3338 1205 3407 1259 τὰ
3435 1207 3573 1276 μετὰ
3596 1209 3713 1277 χείἷ⁸

2138 1320 2235 1374 ρας
2264 1301 2615 1372 διεξέρχεται.
2644 1299 2735 1352 Διὸ
2766 1299 3006 1370 εἴρηται·
3046 1298 3099 1350 Ὀ
3129 1295 3272 1362 Θεὸς
3291 1296 3442 1364 ἔστη
3468 1296 3538 1349 ἐν
3563 1311 3717 1349 συν-

2134 1392 2335 1465 αγωγῇ
2377 1389 2549 1457 θεῶν,
2586 1390 2843 1460 ἐνμέσῳ
2886 1389 2955 1442 δὲ
3003 1388 3176 1455 θεοὺς
3215 1388 3535 1456 διακρίνει·
3569 1388 3713 1441 κατὰ

2134 1484 2190 1537 δὲ
2219 1482 2310 1535 τὸν
2336 1480 2564 1534 Ἀκύλαν
2584 1497 2597 1510 ·
2635 1479 2780 1545 Θεὸς
2800 1479 2947 1546 ἐστη
2975 1478 3045 1531 ἐν
3069 1475 3394 1546 συναγωγῇ
3425 1474 3713 1546 ἰσχυρῶν,

2133 1573 2203 1627 ὲν
2226 1571 2455 1641 ἐγκάτῳ
2492 1570 2710 1637 Κύριος
2737 1567 2924 1635 κρίνει
2951 1581 2966 1597 ο
2998 1564 3141 1618 κατὰ
3174 1563 3231 1616 δὲ
3260 1563 3350 1617 τὸν
3382 1562 3674 1633 Σύμμαχον
3693 1578 3709 1591 ο

2147 1664 2201 1717 '0
2232 1660 2375 1727 Θεὸς
2401 1658 2659 1726 κατέστη
2689 1657 2759 1710 ἐν
2790 1653 3030 1719 συνόδῳ
3054 1650 3223 1719 Θεοῦ,
3252 1651 3321 1704 ἐν
3338 1649 3548 1720 μέσοις
3569 1648 3717 1713 Θεὸς

2136 1755 2374 1824 κρίνων.
2408 1751 2625 1823 Κρίνων
2667 1750 2723 1802 δὲ
2752 1744 2903 1811 οὗτος
2934 1749 2963 1801 6
2986 1746 3138 1811 Θεὸς,
3166 1744 3367 1816 δηλαδὴ
3394 1744 3423 1797 6
3454 1742 3547 1796 τοῦ
3574 1740 3714 1795 Θεοῦ

2062 1836 2104 1890 Β
2132 1846 2323 1915 Λόγος,
2356 1844 2450 1900 καὶ¹
2486 1843 2778 1915 διακρίνων
2804 1841 2903 1911 τὴν
2931 1838 3227 1909 λεγομένην
3254 1836 3572 1905 συναγωγὴν
3600 1834 3713 1887 τῶν

2136 1940 2294 2005 θεῶν,
2322 1938 2575 2009 ἐλέγχους
2610 1936 2874 2007 προσάγει
2906 1934 3017 1997 τοῖς
3052 1931 3409 2004 κρινομένοις.
3438 1929 3546 1983 Καὶ
3587 1929 3714 1981 ἐπεὶ

2134 2033 2349 2089 δυνατοὶ
2369 2031 2608 2093 δυνατῶς
2633 2028 3043 2098 ὲτασθήσονται,
3067 2025 3288 2088 εἰκότως
3309 2023 3370 2076 τὸ
3391 2021 3577 2092 τάγμα
3601 2020 3711 2073 τῶν

2136 2125 2581 2197 προλελεγμένων
2615 2119 2751 2175 θεῶν
2777 2118 3024 2189 ἀφορίζει
3060 2118 3205 2180 ἰδίως
3231 2116 3325 2171 καὶ
3355 2114 3551 2186 κρίνει,
3575 2129 3704 2183 προ-

2135 2218 2356 2273 διελθὼν
2390 2219 2447 2271 ὲν
2482 2216 2560 2288 τῷ
2585 2216 2692 2286 πρὸ
2722 2215 2910 2268 τούτου
2934 2212 3076 2283 λόγῳ
3098 2211 3187 2265 τὸν
3217 2210 3434 2280 ἔλεγχον
3456 2204 3549 2260 τοῦ
3576 2204 3715 2276 πλή-

2138 2312 2261 2375 Θους
2278 2309 2373 2363 τοῦ
2398 2308 2547 2363 λαοῦ.
2568 2306 2728 2360 Ἀλλὰ
2749 2306 2843 2360 καὶ
2863 2303 3149 2375 διακρίνει,
3166 2300 3367 2373 κρίνων
3382 2299 3507 2362 τοὺς
3528 2296 3715 2362 ἀξίους

2138 2402 2411 2474 σωτηρίας
2436 2401 2674 2464 καὶτοὺς
2707 2399 2780 2471 μὴ
2807 2397 3096 2459 τοιούτους.
3122 2395 3312 2467 Κρίνει
3335 2393 3391 2446 δὲ
3410 2392 3510 2445 οὐκ
3535 2393 3712 2461 ἐπηρ-

2139 2495 2335 2564 μένως,
2364 2491 2483 2545 οὐδὲ
2496 2490 2853 2563 τυραννικῶς,
2884 2491 2941 2542 ὲν
2974 2486 3098 2557 ὕψει
3126 2503 3186 2539 τε
3217 2483 3710 2556 προκαθεζόμενος,

2135 2587 2271 2641 ἀλλὰ
2305 2584 2750 2656 συγκαταϐαίνων
2789 2584 2901 2645 τοῖς
2935 2580 3293 2651 κρινομένοις,
3327 2576 3491 2648 μέσος
3533 2573 3715 2628 αὐτῶν

2137 2682 2373 2743 ἵσταται,
2409 2677 2763 2751 ὁμοιούμενος
2794 2675 2976 2737 αὐτοῖς
2998 2672 3077 2743 τῷ
3105 2672 3343 2741 σχήματι
3374 2668 3441 2722 δι’
3471 2659 3533 2721 οὗ
3565 2664 3714 2719 ἀνεί-

2135 2774 2304 2845 ληφεν
2331 2771 2641 2844 ἀνθρώπου.
2660 2766 2940 2823 Ἑντεῦθέν
2968 2782 3027 2818 τε
3052 2764 3154 2835 ἤδη
3185 2759 3472 2835 προλαϐὼν
3501 2758 3715 2813 ἀποτεί-

2135 2884 2285 2921 νεται
2315 2862 2662 2935 σωφρονίζων
2690 2860 2814 2923 τοὺς
2834 2856 3119 2930 μέλλοντας
3140 2854 3442 2925 κρίνεσθαι,
3460 2852 3554 2905 καὶ
3578 2866 3715 2920 προ-

2136 2956 2536 3027 φυλαττόμενος
2577 2952 2773 3014 αὐτοὺς
2796 2948 2932 3022 πρὸς
2956 2947 3016 3000 τὸ
3050 2946 3123 3017 μὴ
3154 2943 3468 3013 περιπεσεῖν
3516 2942 3579 3010 τῇ
3613 2938 3715 3008 τῆς

2134 3048 2371 3119 κρίσεως
2419 3043 2676 3115 τιμωρίᾳ,
2712 3037 3161 3119 προκατορθῶσαι
3209 3034 3266 3088 δὲ
3313 3032 3409 3087 καὶ
3439 3029 3716 3102 προφυλά-

2140 3116 2333 3205 ξασθαι
2365 3136 2455 3190 διὰ
2481 3136 2589 3190 τῶν
2619 3116 3042 3205 προσαγομένων
3065 3128 3245 3191 αὐτοῖς
3278 3124 3533 3194 ἐλέγχων.

536 3217 808 3285 Quocirca
825 3220 959 3276 dicit
988 3242 1095 3276 :—
1131 3221 1298 3279 Vens.
1329 3225 1386 3289 2,
1413 3226 1466 3280 5.
1493 3224 1770 3297 Usquequo
1809 3226 2027 3296 judica-

2151 3198 2167 3205 v
2206 3232 2299 3285 Διὸ
2355 3230 2584 3300 φάσκει·
2633 3198 2780 3291 Ἕως
2810 3198 2968 3276 indta
3010 3220 3241 3289 κρίνετε
3282 3216 3522 3271 ἀδικίαν
3546 3255 3561 3279 ,
3613 3212 3713 3266 καί

468 3310 535 3367 tis
569 3312 923 3381 iniquitatem,
953 3325 1002 3369 et
1034 3315 1197 3384 facies
1235 3327 1569 3386 peccatorum
1592 3320 1845 3375 sumitis?
1875 3319 2035 3374 Judi-

461 3409 578 3455 cate
616 3416 775 3471 egeno
807 3412 857 3457 et
886 3404 1108 3473 pupillo.
1155 3404 1253 3461 His
1292 3422 1457 3477 porro
1488 3409 1688 3463 similia
1710 3425 1808 3480 per
1839 3408 2035 3466 Isaiam

462 3509 683 3566 quoque
710 3496 1061 3567 propheticus
1080 3497 1319 3569 Spiritus
1340 3502 1671 3559 vociferatus
1688 3511 1773 3560 est
1791 3520 1803 3557 :
1831 3504 2033 3559 Discite

464 3585 656 3642 bonum
678 3587 871 3657 facere,
896 3590 1114 3659 quwrite
1137 3590 1425 3661 judicium,
1458 3593 1699 3662 judicate
1742 3597 1943 3666 pupillo
1980 3605 2031 3651 et

462 3677 723 3749 defendite
734 3680 971 3743 viduam;
988 3690 1037 3735 et
1053 3683 1238 3750 venite,
1251 3692 1299 3737 et
1315 3684 1693 3754 disceptemus,
1712 3686 1837 3740 dicit
1858 3687 2034 3742 Domi-

464 3784 586 3824 nus.
637 3768 757 3825 Etsi
787 3770 985 3840 fuerint
1004 3781 1220 3841 peccata
1245 3784 1419 3829 vestra
1441 3777 1577 3830 sicut
1607 3793 1863 3847 purpura,
1903 3796 2035 3849 qua-

464 3861 513 3916 si
535 3863 701 3916 nioem
726 3861 982 3917 dealbabo
1008 3865 1049 3918 ⁸.
1080 3862 1187 3920 Sed
1217 3866 1322 3920 hoc
1345 3866 1565 3937 quidem
1616 3876 1836 3939 pactum
1883 3869 2035 3925 Scri-

464 3960 623 4025 ptura
646 3970 947 4025 prominere
976 3958 1299 4025 antevertit;
1328 3958 1420 4028 qui
1460 3966 1642 4014 autem
1670 3960 1896 4015 deorum
1934 3978 2033 4018 no.

465 4045 612 4101 mine
633 4046 834 4111 ornati,
857 4053 911 4100 et
933 4054 1085 4100 tanta
1114 4047 1364 4103 doctrina
1397 4048 1605 4121 dignati
1635 4058 1784 4118 sunt,
1837 4055 2035 4107 nescie-

464 4149 611 4206 runt,
637 4155 798 4210 neque
826 4139 1215 4207 intellexerunt,
1246 4143 1300 4195 in
1328 4142 1553 4198 tenebris
1584 4145 1880 4201 ambulant.
1908 4147 2034 4203 Hmc

463 4242 631 4298 porro
658 4226 725 4281 ad
750 4237 965 4299 tempus
985 4230 1112 4284 item
1138 4232 1327 4301 primae
1357 4230 1665 4288 Servatoris
1715 4236 1889 4291 nostri
1935 4253 2033 4308 pe-

464 4319 852 4390 regrinationis
883 4321 1211 4387 referantur,
1239 4342 1347 4395 quo
1391 4327 1457 4381 ad
1488 4342 1794 4399 synagogas
1817 4329 2035 4385 Judan-

462 4420 584 4461 rum
614 4409 903 4477 accedens,
934 4420 988 4466 et
1028 4412 1084 4467 in
1136 4415 1374 4469 medium
1427 4418 1734 4488 principum
1781 4421 2027 4484 veniens,

461 4510 589 4551 cum
621 4498 757 4568 ipsis
782 4500 1119 4572 disputabat,
1159 4504 1417 4576 ipsosque
1460 4509 1814 4580 coarguebat,
1840 4510 2033 4564 testiﬁ-

2137 3324 2430 3393 πρόσωπα
2452 3314 2816 3389 ἁμαρτωλῶν
2831 3310 3194 3383 λαμϐάνετε;
3226 3307 3476 3375 Κρίνατε
3500 3301 3715 3371 πτωχῷ

2136 3416 2236 3472 καὶ
2261 3411 2518 3484 ὀρφανῷ.
2547 3410 2630 3464 Τὰ
2656 3410 2817 3481 ὅμοια
2842 3407 2899 3460 δὲ
2921 3404 3133 3468 τούτοις
3163 3402 3259 3457 καὶ
3282 3401 3370 3455 διὰ
3404 3399 3625 3453 Ἡσαΐου
3650 3396 3714 3449 τὸ

2137 3506 2474 3581 προφητικὸν
2516 3502 2743 3573 Πνεῦμα
2766 3500 3008 3571 κέκραγε
3040 3495 3193 3565 λέγον
3214 3510 3230 3527 ⁸
3261 3492 3487 3548 Μὰθετε
3520 3490 3718 3581 καλὸν

2136 3580 2351 3666 ποιεῖν,
2383 3597 2749 3667 ἐκζητήσατε
2790 3594 3014 3662 κρίσιν,
3045 3590 3286 3659 κρίνατε
3330 3580 3567 3655 ὀρφανῷ
3610 3580 3712 3634 καὶ

2135 3691 2490 3747 δικαιώσατε
2537 3688 2731 3760 χήρᾳο
2769 3686 2867 3740 καὶ
2902 3682 3093 3749 δεῦτε,
3137 3681 3236 3735 καί
3283 3672 3711 3745 διαλεχθῶμεν,

2134 3785 2296 3855 λέγει
2343 3784 2577 3852 Κύριος.
2608 3778 2718 3835 Kal
2750 3779 2857 3833 ἐὰν
2885 3772 3034 3831 ὦσιν
3061 3778 3120 3829 al
3144 3772 3421 3843 ἁμαρτίαι
3443 3767 3609 3838 ὑμῶν
3632 3765 3709 3830 ὡς

2135 3874 2468 3946 φοινικοῦν,
2507 3874 2584 3939 ὡς
2632 3872 2807 3941 χιόνα
2849 3865 3145 3924 λευκανῶ.
3163 3864 3321 3918 Ἀλλὰ
3352 3861 3525 3916 ταῦτα
3557 3857 3656 3929 μὲν
3681 3857 3715 3911 6

2134 3966 2288 4035 λόγος
2332 3962 2807 4039 προδιαστέλλεται
2830 3979 2843 3992 ·
2867 3961 2916 4013 oi
2943 3959 2999 4013 δὲ
3030 3959 3097 4029 τῇ
3141 3956 3249 4009 τῶν
3277 3952 3414 4007 θεῶν
3443 3946 3717 4019 ὲπηγορέᾳ

2132 4057 2475 4129 τιμηθέντες,
2524 4056 2618 4110 καὶ
2667 4053 2933 4123 τοσαύτης
2974 4047 3320 4109 διδασκαλίας
3370 4042 3711 4110 ἀξιωθέντες,

2135 4149 2245 4201 οὐκ
2286 4146 2580 4216 ἔγνωσαν,
2617 4143 2759 4198 οὐδὲ
2806 4139 3109 4209 συνῆκαν,
3140 4138 3211 4192 ἐν
3249 4136 3453 4190 σκότει
3502 4132 3713 4184 διαπο-

2125 4240 2423 4306 ρεύονται.
2455 4237 2641 4291 Ταῦτα
2671 4237 2728 4290 δὲ
2759 4234 2855 4289 καὶ
2900 4235 2980 4298 εἰς
3012 4233 3103 4287 τὸν
3138 4229 3327 4302 καιρὸν
3360 4228 3456 4297 τῆς
3489 4222 3715 4295 πρώτης

2132 4330 2226 4383 τοῦ
2262 4330 2511 4401 Σωτῆρος
2540 4331 2573 4400 ἡ
2584 4327 2696 4400 μῶν
2730 4327 3021 4400 ἐπιδημίας
3046 4324 3367 4395 ἀναφέροιτο
3391 4320 3477 4384 ἂν,
3513 4316 3635 4370 καθ’
3653 4316 3717 4368 ὃν

2134 4426 2193 4480 ὲν
2212 4427 2328 4488 ταῖς
2349 4428 2693 4494 συναγωγαῖς
2718 4422 3078 4496 παραϐάλλων
3098 4421 3192 4475 τοῦ
3221 4419 3487 4474 Ἰουδαίων
3504 4415 3713 4475 ἔθνους,

2134 4518 2228 4570 καὶ
2279 4516 2440 4588 μέσος
2484 4516 2594 4569 τῶν
2634 4516 2911 4588 ἀρχόντων
2958 4512 3191 4586 παριὼν,
3222 4511 3319 4574 τὰς
3350 4510 3487 4581 πρὸς
3516 4507 3719 4569 αὐτοὺς

459 4597 594 4643 cans
638 4588 972 4661 edicensque
1016 4608 1080 4648 ea
1131 4609 1253 4664 quae
1299 4596 1353 4650 in
1410 4596 1595 4653 futuro
1639 4598 1849 4669 judicio
1894 4600 2031 4670 ipsis

2134 4611 2366 4661 ἐποιεῖτο
2394 4607 2678 4673 διαλέξεις,
2701 4608 2954 4677 ἐλέγχους
2976 4624 3035 4660 τε
3065 4606 3248 4668 αὐτοῖς
3270 4603 3442 4673 ἐπῆγε
3458 4642 3473 4669 ,
3507 4616 3718 4673 μαρτυ-

457 4686 723 4735 eventura
748 4693 926 4740 erant.
959 4682 1050 4739 Sic
1076 4687 1259 4755 itaque
1289 4686 1432 4745 Deus
1468 4690 1558 4746 illo
1579 4700 1826 4762 tempore
1848 4694 2030 4750 stabat

460 4770 518 4825 in
548 4788 821 4847 synagoga
848 4776 1098 4843 deorum,
1135 4786 1188 4834 et
1216 4782 1271 4835 in
1314 4783 1493 4837 medio
1522 4792 1852 4841 memoratos
1896 4786 2030 4841 deos

454 4862 755 4933 judicabat.
793 4867 901 4925 Pro
923 4870 1018 4924 illo
1040 4886 1295 4942 namque,
1331 4873 1617 4942 dijudicat,
1667 4874 2030 4947 Symmachus

459 4956 750 5029 etAquila,
772 4961 1048 5031 judicans,
1106 4965 1555 5037 interpretantur.
1613 4968 1681 5023 Et
1733 4974 2029 5042 perpende,

462 5065 671 5121 quaeso,
707 5066 815 5122 quo
844 5062 1006 5124 pacto
1033 5055 1167 5113 deos
1194 5060 1562 5115 nominaverit
1604 5076 1697 5117 eos
1720 5062 1787 5117 de
1831 5065 2037 5133 quibus

456 5146 756 5215 judicatur,
788 5164 888 5204 nec
915 5166 1244 5224 synagogam
1273 5153 1499 5209 deorum
1542 5170 1849 5211 memorare
1872 5158 2033 5213 dubi-

458 5238 675 5305 taverit,
700 5238 767 5293 ad
789 5238 1167 5297 confusionem
1199 5259 1391 5307 eorum
1427 5247 1519 5317 qui
1572 5245 1873 5306 Salvatoris
1901 5250 2032 5305 dei-

461 5335 625 5384 tatem
660 5329 953 5402 abnegant.
985 5330 1121 5386 Nam
1154 5335 1200 5389 si
1228 5350 1324 5391 eos
1353 5337 1446 5407 qui
1501 5338 1737 5393 convicti
1790 5338 2028 5407 fuerant,

458 5426 514 5471 et
561 5427 784 5489 propter
828 5422 1129 5491 nequitiam
1174 5426 1318 5481 male
1361 5428 1677 5494 audiebant,
1734 5429 1867 5486 deos
1930 5447 2027 5486 vo-

458 5524 587 5565 care
640 5520 931 5569 cunctatus
978 5529 1089 5569 non
1139 5523 1277 5584 est;
1335 5525 1420 5573 tot
1478 5520 1814 5577 mirabilium
1868 5522 2028 5593 opiﬁ-

458 5614 578 5657 cem
624 5617 874 5673 operum,
921 5606 1015 5676 qui
1058 5607 1325 5679 judicium
1384 5626 1415 5665 a
1454 5610 1617 5669 Patre
1653 5614 1886 5687 accepit,
1931 5615 2028 5687 qui

535 5782 558 5813 ³
597 5780 697 5838 I51.
736 5801 789 5851 ι,
828 5785 912 5842 17.

2141 4699 2366 4769 ρόμενος
2417 4699 2507 4751 καὶ
2550 4698 2991 4768 διαστελλόμενος
3016 4695 3085 4749 τὰ
3112 4694 3240 4767 περί
3266 4697 3365 4764 τῆς
3415 4690 3719 4765 μελλούσης

2136 4791 2332 4855 αὐτοὺς
2383 4789 2736 4861 διαλήψεσθαι
2787 4790 3041 4861 κρίσεως.
3074 4788 3260 4851 Οὕτως
3294 4782 3388 4839 οὖν
3413 4787 3441 4839 6
3468 4783 3599 4846 Θεὸς
3643 4778 3717 4853 ἦν

2136 4884 2255 4935 κατ’
2278 4882 2451 4934 ἐκεῖνο
2483 4879 2676 4952 καιροῦ
2706 4880 2874 4944 ἑστὼς
2894 4881 2952 4935 ὲν
2984 4881 3271 4950 συναγωγῇ
3295 4876 3452 4939 θεῶν,
3482 4876 3538 4927 ὲν
3565 4874 3720 4945 μέσῳ

2134 4990 2195 5025 τε
2240 4973 2365 5036 τοὺς
2400 4972 2791 5043 προλεχθέντας
2821 4971 3020 5043 κρίνων
3052 4971 3236 5035 θεούς·
3272 4970 3392 5024 ἀντὶ
3437 4969 3544 5038 γὰρ
3593 4965 3715 5030 τοῦ,

2134 5064 2441 5133 διακρίνει,
2470 5065 2498 5117 6
2528 5064 2821 5135 Σύμμαχος
2862 5062 2958 5115 καὶ⁸
2994 5065 3023 5117 ὁ
3061 5061 3312 5125 Ἀκύλας,
3347 5060 3589 5129 κρίνων,
3624 5058 3721 5109 ὲκ-

2134 5154 2417 5210 δεδώκασι.
2445 5156 2554 5209 Καὶ
2586 5156 2689 5227 ὅρα
2720 5157 2867 5222 ὅπως
2895 5154 3049 5219 θεοὺς
3077 5155 3327 5224 ὠνόμασε
3373 5152 3498 5214 τοὺς
3525 5164 3719 5219 κρινο-

2137 5249 2353 5320 μένους,
2379 5248 2473 5302 ita).
2511 5248 2649 5302 θεῶν
2693 5251 3015 5318 συναγωγὴν
3044 5247 3143 5299 οὐκ
3171 5244 3415 5316 ὤκνησεν
3447 5239 3722 5293 ἀποκαλέ-

2136 5358 2245 5405 σαι,
2280 5342 2360 5404 είς
2386 5339 2696 5411 δυσώπησιν
2725 5340 2833 5393 τῶν
2862 5338 3209 5411 ἀρνουμένων
3233 5335 3326 5389 τοῦ
3349 5334 3597 5404 Σωτῆρος
3615 5331 3720 5401 τὴν

2135 5431 2384 5502 θεότητα.
2417 5433 2481 5485 Εί
2522 5432 2631 5504 γὰρ
2663 5434 2791 5496 τοὺς
2833 5424 3221 5501 ἐλεγχομένους
3266 5428 3360 5480 καὶ
3408 5426 3499 5479 ἐπὶ
3545 5422 3719 5491 κακίᾳ

2131 5523 2584 5594 διαϐαλλομένους
2625 5524 2745 5577 ούκο
2772 5522 2934 5576 ὤκνει
2966 5522 3121 5584 θεοὺς
3154 5518 3459 5589 ὀνομάζειν,
3489 5513 3579 5567 τὸν
3604 5511 3720 5564 τῶν

2131 5615 2401 5673 τοσούτων
2438 5615 2755 5689 παραδόξων
2788 5615 2962 5687 ἔργων
2993 5611 3242 5687 ποιητὴν,
3271 5611 3363 5665 τὸν
3397 5608 3496 5679 τὴν
3530 5605 3719 5676 κρίσιν
