4092 6404
390 336 497 395 985

1556 335 2066 393 COMMENTARIA
2105 337 2171 392 IN
2224 337 2565 397 PSALMOS.

3536 346 3642 404 986

387 451 540 523 παρὰ
584 449 678 504 τοῦ
714 449 927 523 Πατρὸς
959 449 1236 520 εἰληφότα,
1266 449 1384 514 πῶς
1432 451 1493 505 ού
1537 451 1870 506 δικαιότατον
1902 454 1969 522 τῇ

2072 468 2183 508 non
2215 455 2585 523 aequissimum
2620 455 2783 510 fuerit
2812 458 3103 513 venerabili
3136 457 3231 514 Dei
3264 460 3470 516 honore
3499 463 3644 518 cele-

386 535 501 597 ’ποῦ’
530 540 666 596 Θεοῦ
722 542 1175 613 σε6ασμίῳ“τιμῇ
1210 542 1530 612 σεμνύνειν;
1560 544 1730 597 Τοῦτό
1761 562 1843 617 τοι
1873 547 1967 599 καὶ

387 635 549 699 αὐτὸς
578 636 605 688 ό
634 633 824 706 Σωτὴρ
850 633 1244 704 δυσωπητικῶς
1272 635 1408 705 πρὸς
1448 636 1644 696 αὐτοὺς
1670 638 1798 700 τοὺς
1838 638 1969 690 Ἰου-

388 728 555 781 δαίων
596 728 862 800 ἄρχοντας
912 727 1248 798 προύτεινεν,
1280 727 1472 791 αὐταῖς
1518 727 1575 780 δέ
1624 728 1848 793 ταύταις
1875 746 1967 782 κε-

388 815 657 889 χρημένος
700 818 821 879 ταῖς
872 815 1173 888 παρούσαις
1217 816 1446 883 λέξεσιν.
1497 818 1810 889 Εἰρηκότων
1861 821 1969 891 γὰρ

387 908 595 961 αὐτῶν·
633 908 772 977 Περὶ
808 908 993 961 καλοῦ
1023 907 1198 978 ἔργου
1230 911 1302 963 οὺ
1337 906 1648 979 λιθάζομέν
1683 926 1777 974 σε,
1809 910 1970 965 ἀλλά

387 1000 522 1069 περὶ
562 1000 981 1069 βλασφημίας,
1022 1000 1111 1054 ὅτι
1157 1000 1259 1064 σὺ,
1296 1000 1605 1069 ἄνθρωπος
1648 1001 1752 1069 ὢν,
1783 1002 1969 1067 ποιεῖς

387 1094 650 1147 σεαυτὸν
702 1094 851 1146 Θεόν
872 1111 884 1123 ·
922 1094 1326 1162 ἀνταπεκρίθη
1374 1095 1577 1162 αὐτοῖς
1626 1099 1658 1149 ό
1700 1096 1926 1164 Ἰησοῦς
1954 1113 1966 1124 ·

391 1186 512 1237 Οὐκ
543 1185 671 1239 ἐστι
695 1184 1100 1255 γεγραμμένον
1117 1186 1186 1239 ἐν
1205 1183 1283 1250 τῷ
1310 1188 1470 1254 νόμῳ
1497 1184 1680 1256 ὑμῶν,
1702 1187 1812 1254 ὅτι,
1830 1187 1884 1239 Ἐ
1890 1188 1971 1257 γὼ

384 1271 543 1329 εἶπεν
566 1277 699 1330 Θεοί
728 1277 870 1330 ἐστε
890 1292 908 1341 ;
942 1279 1009 1330 Ei
1037 1278 1309 1342 ἐκείνους
1331 1273 1461 1331 εἷπε
1488 1278 1683 1345 θεοὺς,
1695 1278 1844 1347 πρὸς
1862 1278 1971 1345 οὒς

384 1367 421 1420 ὁ
449 1366 631 1436 λόγος
663 1365 897 1434 ἐγένετο
928 1367 1033 1421 τοῦ
1070 1368 1240 1433 Θεοῦ,
1274 1369 1373 1424 καὶ
1399 1370 1470 1423 οὐ
1496 1368 1744 1422 δύναται
1784 1368 1973 1437 λυθῆ-

382 1474 483 1513 ναι
509 1458 546 1526 ἠ
577 1458 813 1527 Γραφή,
841 1458 914 1511 ὃν
947 1461 980 1513 ό
1012 1459 1217 1528 Πατὴρ
1240 1460 1458 1529 ἡγίασε
1481 1460 1580 1512 καὶ
1613 1459 1973 1515 ἀπέστειλεν

384 1551 473 1616 εἰς
504 1549 612 1604 τὸν
634 1551 885 1620 κόσμον,
914 1549 1082 1620 ὑμεῖς
1110 1551 1336 1620 λέγετε,
1364 1550 1453 1605 ὅτι
1481 1551 1853 1622 βλασφημεῖ,
1876 1552 1973 1627 Χὅτι

384 1638 576 1697 εἷπον·
611 1643 743 1709 Υἱὸς
769 1642 917 1697 Θεοῦ
944 1646 1081 1712 εἰμι.
1108 1645 1171 1697 Εἰ
1201 1644 1257 1697 δὲ
1281 1643 1476 1711 λέγοιὸ
1494 1644 1704 1715 Σωτὴρ,
1734 1646 1972 1711 ὄτι,οὺκ

384 1733 519 1787 ἐστι
531 1733 938 1804 γεγραμμένον
962 1734 1031 1788 ἐν
1058 1734 1137 1800 τῷ
1158 1736 1359 1806 νόμῳ;
1387 1735 1461 1807 μὴ
1497 1736 1784 1809 θαυμάσῃς
1802 1755 1815 1767 ι
1849 1735 1971 1789 ἐπεὶ

388 1825 565 1879 πάντα
606 1825 761 1893 λόγον
795 1824 953 1888 Θεοῦ,
985 1825 1046 1878 ού
1083 1826 1241 1897 μόνον
1267 1826 1357 1880 τὸν
1505 1806 1753 1891 Μωσέως
1771 1867 1787 1892 ,
1834 1828 1969 1882 ἀλλὰ
2002 1806 2045 1862 Β

385 1918 478 1972 καὶ
506 1919 598 1971 τὸν
629 1918 717 1972 διὰ
741 1918 851 1973 τῶν
894 1920 1191 1990 προφητῶν
1236 1919 1581 1991 λελεγμένον,
1613 1919 1803 1993 ὥσπερ
1850 1922 1971 1977 τινὰ

386 2009 664 2081 βασιλικὸν
692 2009 854 2081 νόμον
881 2010 1239 2081 ἀποδέχεσθαι
1278 2011 1551 2065 διδάσκει·
1598 2011 1737 2066 ὥστε
1777 2013 1872 2066 καὶ
1902 2013 1972 2067 τὰ

382 2103 472 2157 διὰ
526 2102 635 2155 τῶν
690 2101 987 2175 προφητῶν
1041 2102 1471 2176 παρηγγελμένα
1496 2104 1731 2173 εὐλόγως
1757 2106 1821 2159 ἄν
1851 2123 1973 2159 τινα

383 2193 525 2250 εἶναι
557 2195 722 2266 φάναι
755 2196 953 2264 νόμους
1000 2196 1164 2250 Θεοῦ·
1198 2198 1292 2250 καὶ
1321 2196 1382 2249 τὸ
1408 2197 1495 2250 διὰ
1520 2198 1619 2268 τῆς
1650 2197 1971 2269 ψαλμῳδίας

383 2289 606 2361 ὁμοίως.
642 2290 813 2354 Αύτὸς
841 2285 933 2343 οὖν
967 2292 995 2344 ό
1023 2289 1116 2342 τοῦ
1143 2289 1278 2342 Θεοῦ
1306 2290 1499 2360 Λόγος,
1540 2289 1751 2362 μορφὴν
1784 2290 1970 2344 δούλου

386 2380 589 2447 λαϐὼν,
623 2383 716 2435 καὶ
746 2384 988 2454 σχήματι
1014 2382 1257 2454 εὑρεθεὶς
1300 2383 1375 2448 ὡς
1423 2384 1728 2456 ἄνθρωπος,
1756 2384 1883 2457 ἐστη
1912 2386 1971 2439 ἐν
2004 2437 2016 2447 ,

387 2478 676 2546 συναγωγῇ
718 2475 874 2539 θεῶν,
908 2476 1003 2529 καὶ
1035 2476 1197 2547 μέσος
1219 2475 1327 2529 τῶν
1352 2477 1410 2529 ἐν
1432 2475 1739 2548 ἀνθρώποις
1761 2476 1973 2547 ὠνομα-

386 2568 621 2622 σθέντων
652 2567 787 2621 θεῶν
809 2567 1069 2636 γεγονὼς,
1094 2567 1305 2640 ἔκρινεν
1333 2568 1549 2633 αὐτοὺς,
1574 2568 1811 2639 ὁπηνίκα
1837 2570 1973 2639 πρὸς

384 2662 581 2725 αὐτοὺς
604 2661 819 2729 ἔλεγεν·
869 2660 922 2713 '0
962 2663 1145 2730 λόγος
1181 2660 1253 2714 ὃν
1292 2659 1574 2729 ἐλάλησα
1614 2660 1763 2729 πρὸς
1792 2659 1970 2731 ὑμᾶς,

382 2752 566 2819 αὐτὸς
607 2751 764 2823 ὑμᾶς
801 2752 1010 2820 κρίνει.
1054 2751 1165 2803 Καὶ
1218 2752 1417 2822 μᾶλλον
1462 2752 1605 2806 οὕτω
1658 2753 1858 2825 πρέποι
1906 2754 1973 2807 ἂν

388 2842 703 2914 ἐκδέχεσθαι
753 2842 852 2914 τὴν
898 2841 1179 2914 παροῦσαν
1230 2842 1541 2914 Γραφὴν,ἣ
1596 2842 1836 2914 νομίζειν
1882 2844 1972 2899 τὸν

385 2937 643 2990 ἐπέκεινα
679 2936 786 2990 τῶν
820 2936 955 2989 ὅλων
996 2936 1148 3000 Θεὸν,
1184 2936 1345 2989 αὐτὸν
1372 2936 1462 2989 τὸν
1491 2937 1728 3007 Πατέρα,
1765 2939 1822 2989 ὲν
1848 2936 1972 2988 τού-

384 3047 496 3093 τοις
545 3028 859 3098 εἰσάγεσθαι
905 3028 1107 3101 μεταξὺ
1161 3028 1299 3082 θεῶν
1334 3029 1536 3102 ἐτέρων
1566 3029 1797 3083 ἑστῶτα.
1833 3028 1970 3082 οὔτε

382 3122 490 3193 γάρ
528 3122 804 3194 ἰσοτίμους
843 3122 991 3193 αὐτῷ
1017 3139 1168 3185 τινας
1198 3118 1337 3175 εἶναι
1363 3123 1610 3177 ὑπονοεῖν
1639 3122 1817 3194 θέμις,
1847 3122 1969 3175 οὕτε
1998 3153 2041 3210 C

385 3213 548 3268 αὑτὸν
584 3216 665 3278 εἰς
688 3213 942 3268 τοσοῦτον
974 3218 1328 3283 καταγαγεῖν,
1363 3214 1439 3278 ὡς
1471 3215 1631 3286 μέσον
1670 3215 1970 3287 ἀνθρώπων

385 3308 641 3378 παρεῖναι
690 3306 787 3360 καὶ
832 3306 1053 3360 ἑστάναι
1098 3306 1466 3361 ὑποτίθεσθαι.
1495 3308 1680 3362 Ταῦτα
1706 3307 1765 3361 δὲ
1792 3308 1971 3362 πάντα

380 3396 447 3453 ἂν
500 3397 729 3471 ἁρμόζοι
773 3398 853 3469 τῷ
898 3398 1120 3470 Χριστῷ
1164 3397 1258 3453 τοῦ
1310 3398 1475 3453 Θεοῦ·
1508 3400 1567 3464 ὃς
1610 3400 1675 3471 δὴ
1704 3402 1967 3469 φάσκων·

383 3490 534 3558 Ἕως
574 3491 717 3544 πότε
748 3492 981 3559 κρίνετε
1021 3490 1280 3556 ἀδικίαν,
1312 3490 1409 3545 καὶ
1458 3494 1750 3561 πρόσωπα
1784 3493 1971 3563 ἁμαρ-

379 3581 589 3638 τωλῶν
634 3582 1005 3653 λαμϐάνετε;
1052 3583 1113 3635 ού
1171 3582 1309 3654 πρὸς
1351 3584 1592 3648 ἐκείνους
1641 3585 1836 3655 μόνους
1890 3581 1971 3652 οἷς

383 3676 576 3749 παρὼν
604 3675 822 3747 ὡμίλει,
854 3675 990 3729 ἀλλὰ
1016 3676 1109 3730 καὶ
1136 3676 1271 3747 πρὸς
1293 3676 1499 3740 πάντας
1519 3675 1663 3730 εἴποι
1688 3676 1755 3731 ἂν
1777 3676 1969 3744 ταῦτα,

382 3769 512 3831 τοὺς
560 3767 660 3838 τὴν
704 3766 953 3832 ἐξουσίαν
1002 3767 1096 3822 τοῦ
1147 3768 1355 3839 κρίνειν
1398 3768 1619 3839 ἐτέρους
1663 3769 1967 3840 εἰληφότας.

383 3856 677 3926 Μέμφεται
727 3856 784 3909 δὲ
838 3857 1063 3922 εἰκότως
1105 3858 1229 3920 τοὺς
1277 3856 1844 3929 καθυποκρινομένους
1874 3860 1972 3930 μὲν

380 3947 450 4002 τὰ
497 3947 607 4001 τῶν
653 3947 924 4001 πλουσίων
972 3948 1263 4019 πρόσωπα,
1297 3947 1738 4013 καταπονοῦντας
1765 3950 1822 4002 δὲ
1845 3950 1972 4015 τοὺς

383 4037 656 4109 πένητα“ς·
691 4038 809 4093 δέον
858 4036 938 4109 τῷ
981 4038 1081 4109 τῆς
1123 4037 1471 4109 δικαιοσύνης
1513 4038 1663 4110 ζυγῷ
1709 4040 1969 4107 δικάζειν,

388 4128 827 4200 μνημονεύοντας
867 4129 1168 4198 φάσκοντος
1207 4129 1372 4200 νόμου
1396 4146 1409 4159 ο
1446 4133 1530 4184 Οὺ
1575 4130 1747 4201 λήψῃ
1788 4133 1974 4200 πρόσ-

398 4235 563 4275 ωπον
594 4222 665 4275 ἐν
684 4222 895 4290 κρίσει.
926 4222 1064 4274 Novi.
1090 4221 1147 4274 δὲ
1180 4222 1439 4288 πολλάκις
1462 4224 1556 4277 καὶ
1577 4226 1736 4295 ἡμεῖς
1759 4226 1852 4278 ἐπὶ
1875 4227 1973 4296 μέν

393 4311 504 4366 τῶν
529 4313 773 4383 πενήτων
805 4312 1102 4366 πταιόντων
1136 4312 1345 4383 σμικρά
1368 4331 1486 4367 τινα
1510 4314 1772 4385 άπότομοι
1794 4315 1974 4384 γιγνό-

394 4405 533 4477 μεθα
567 4407 773 4478 κριταὶ,
810 4406 905 4458 καὶ
954 4404 1318 4477 ἀπαραίτητοι
1368 4408 1424 4459 ἐν
1475 4408 1594 4469 ταῖς
1638 4407 1758 4460 κατ’
1791 4406 1971 4460 αὐτῶν

2070 544 2269 598 brare‘?
2301 543 2457 611 Quod
2491 547 2607 617 ipse
2638 546 2898 604 Servator
2924 550 3130 619 pudore
3150 550 3458 607 Judaeorum
3490 555 3643 624 prin-

2069 634 2217 704 cipes
2243 634 2502 697 alliciens.
2526 637 2856 708 eosdemque
2890 639 2976 694 his
3008 640 3141 710 ipsis
3177 641 3360 697 verbis
3397 644 3640 712 compel-

2070 726 2211 792 lans,
2252 728 2563 798 objiciehat.
2602 729 2735 783 Nam
2780 746 2905 785 cum
2947 732 3021 785 illi
3051 734 3317 790 dixissent
3350 754 3361 788 :
3394 734 3471 789 De
3509 734 3642 789 bono

2070 834 2222 887 opere
2252 836 2354 873 non
2384 819 2684 889 lapidamus
2718 831 2784 889 te,
2820 822 2911 877 sed
2930 823 2993 877 de
3023 823 3377 893 blasphemia;
3406 828 3530 895 quia
3562 836 3643 891 tu,

2071 910 2227 965 homo
2269 928 2387 965 cum
2420 914 2515 977 sis,
2563 914 2699 983 facis
2741 916 2961 984 teipsum
3006 916 3219 971 Deum:
3253 918 3517 986 respondit
3566 921 3642 974 eis

2070 997 2228 1054 Iesus
2256 1014 2274 1053 :
2310 999 2499 1055 Nonne
2536 1004 2788 1071 scriptum
2815 1014 2893 1059 est
2925 1006 2977 1059 in
3008 1004 3116 1075 lege
3147 1016 3351 1061 vestra:
3374 1006 3485 1077 Ego
3508 1009 3643 1076 dixi,

2071 1090 2165 1145 Dii
2183 1094 2307 1147 estis
2324 1096 2349 1148 Σ)
2368 1092 2430 1148 Si
2457 1095 2579 1149 illos
2608 1096 2745 1149 dixit
2771 1095 2892 1150 deos
2921 1100 2989 1150 ad
3015 1115 3144 1167 quos
3166 1116 3334 1153 sermo
3359 1099 3453 1153 Dei
3470 1101 3645 1169 factus

2072 1194 2171 1246 est,
2204 1194 2252 1238 et
2291 1202 2395 1239 non
2421 1195 2591 1255 potest
2638 1186 2769 1242 solvi
2802 1188 3110 1255 Scriptura;
3149 1206 3300 1258 quem
3328 1189 3491 1244 Pater
3520 1209 3648 1246 san-

2073 1277 2324 1345 ctiﬁcavit
2347 1287 2396 1331 et
2424 1279 2569 1333 misit
2603 1280 2657 1333 in
2688 1280 2964 1344 mundum,
3002 1297 3090 1335 vos
3130 1281 3308 1336 dicitis
3346 1284 3472 1351 quia
3502 1282 3648 1338 blas-

2074 1371 2306 1438 pltemat,
2339 1374 2466 1442 quia
2495 1372 2609 1425 dixi
2634 1389 2652 1427 :
2684 1371 2861 1427 Filius
2885 1373 2985 1427 Dei
3020 1391 3137 1428 sum
3166 1375 3210 1429 ‘.
3240 1375 3395 1441 Quod
3432 1376 3479 1431 si
3519 1375 3648 1431 Ser-

2073 1471 2229 1518 vator
2256 1463 2403 1518 dicat
2436 1483 2448 1519 :
2488 1462 2676 1519 Nonne
2704 1475 2781 1519 est
2821 1466 3078 1535 scriptum
3108 1467 3162 1519 in
3204 1467 3358 1536 lege?
3386 1482 3452 1522 ne
3484 1470 3648 1522 mire-

2074 1553 2184 1620 ris;
2222 1554 2481 1623 quoniam
2515 1555 2811 1625 quemlibet
2852 1570 3160 1610 sermonem
3186 1555 3302 1618 Dei,
3325 1573 3434 1611 non
3468 1558 3648 1613 solum

2075 1647 2167 1716 qui
2192 1662 2289 1716 per
2322 1646 2584 1718 Moysem,
2621 1647 2717 1703 sed
2747 1648 2908 1703 etiam
2944 1664 3039 1718 per
3078 1650 3375 1718 prophetas
3408 1650 3649 1719 prolatus

2077 1736 2169 1801 sit,
2197 1737 2353 1807 quasi
2381 1737 2584 1807 regiam
2616 1738 2907 1807 quamdam
2942 1738 3114 1809 legem
3153 1738 3528 1808 accipiendum
3554 1741 3652 1795 do-

2075 1840 2199 1892 cet;
2252 1830 2329 1884 ita
2374 1837 2433 1883 ut
2474 1837 2745 1900 pra>cepta
2791 1847 2886 1901 per
2922 1832 3216 1902 prophetas
3250 1833 3482 1897 tradita,
3524 1834 3650 1903 jure

2074 1921 2219 1990 leges
2258 1920 2348 1975 Dei
2377 1938 2498 1978 esse
2532 1922 2816 1989 dicantur;
2847 1930 2901 1977 et
2935 1925 3185 1980 similiter
3214 1940 3336 1995 quae
3390 1925 3446 1980 in
3490 1924 3648 1982 Psal-

2073 2015 2179 2068 mis
2210 2014 2479 2069 feruntur.
2517 2013 2698 2083 Ipsum
2727 2016 2910 2086 itaque
2938 2014 3031 2072 Dei
3064 2016 3324 2084 Verbum,
3352 2018 3498 2092 quod
3533 2019 3650 2073 for-

2074 2122 2216 2161 mam
2246 2107 2389 2163 servi
2425 2108 2634 2178 accepit
2656 2117 2710 2162 et
2735 2108 2925 2164 habitu
2951 2110 3227 2165 inventum
3262 2118 3346 2167 est
3376 2119 3437 2164 ut
3461 2111 3647 2177 homo,

2073 2198 2222 2253 stetit
2248 2198 2300 2251 in
2332 2213 2605 2270 synagoga
2632 2199 2857 2254 deorum
2879 2238 2895 2265 ,
2931 2208 2986 2255 et
3017 2202 3255 2257 medium
3305 2209 3459 2258 stans
3506 2202 3651 2259 inter

2072 2287 2342 2356 homines,
2377 2290 2471 2360 qui
2499 2290 2574 2344 dii
2609 2301 2897 2352 vocantur,
2930 2290 3213 2360 judicabat
3242 2309 3336 2349 eos
3356 2332 3371 2357 ,
3411 2308 3535 2347 cum
3566 2293 3651 2353 di-

2072 2389 2219 2435 ceret
2248 2380 2355 2436 illis
2388 2400 2401 2435 :
2429 2379 2614 2435 Sermo
2653 2397 2803 2451 quem
2834 2384 3038 2436 locutus
3072 2398 3189 2436 sum
3218 2383 3381 2448 vobis,
3422 2384 3531 2452 ipse
3558 2400 3646 2438 vos

2063 2472 2273 2541 judicat
2290 2472 2491 2528 ".Hanc
2510 2488 2675 2544 porro
2698 2472 3037 2543 Scripturam
3061 2474 3428 2544 praestabilius
3450 2476 3650 2531 esthoc

2073 2566 2321 2636 accipere
2357 2565 2541 2630 modo,
2576 2582 2737 2636 quam
2772 2575 2966 2638 putare
3007 2566 3177 2622 Deum
3210 2568 3304 2638 qui
3335 2583 3501 2638 super
3532 2584 3651 2622 om-

2074 2660 2164 2713 nia
2196 2665 2301 2723 est,
2330 2658 2511 2729 ipsum
2553 2656 2791 2722 Patrem,
2826 2658 2913 2713 hic
2958 2658 3141 2713 induci
3175 2659 3317 2714 inter
3347 2661 3484 2715 alios
3515 2661 3649 2716 deos

2074 2757 2331 2817 stantem.
2359 2749 2544 2820 Neque
2577 2750 2720 2803 enim
2754 2751 2879 2805 licet
2912 2751 3051 2806 alios
3084 2751 3186 2821 ipsi
3230 2751 3437 2806 honore
3466 2766 3650 2820 arqua-

2074 2843 2151 2897 les
2186 2859 2307 2898 esse
2344 2844 2637 2912 suspicari,
2683 2858 2861 2912 neque
2912 2843 3091 2913 ipsum
3122 2844 3196 2897 ita
3227 2843 3551 2914 deprimere,
3590 2853 3649 2899 ut

2074 2936 2287 2990 medius
2340 2936 2483 2989 inter
2530 2935 2780 2990 homines
2825 2951 2949 2990 esse
2985 2945 3039 2991 et
3089 2944 3236 2992 stare
3288 2949 3646 3008 supponatur.

2075 3027 2201 3083 Haec
2225 3043 2389 3099 porro
2420 3030 2602 3081 omnia
2632 3025 2856 3082 Christo
2888 3026 2983 3081 Dei
3012 3036 3322 3098 competant
3356 3048 3370 3084 :
3396 3028 3488 3099 qui
3517 3044 3650 3085 sane

2075 3135 2199 3175 cum
2234 3119 2349 3173 haec
2381 3117 2514 3172 dicit
2548 3138 2558 3171 :
2612 3115 2885 3187 Usquequo
2912 3117 3168 3187 judicatis
3206 3119 3557 3189 iniquitatem,
3598 3129 3649 3175 et

2073 3212 2235 3281 [acies
2260 3220 2594 3279 peccatorum
2616 3211 2824 3263 sumitis
2846 3213 2870 3266 ?
2896 3225 3005 3264 non
3029 3224 3123 3265 eos
3150 3211 3324 3265 solum
3350 3227 3488 3282 quos
3509 3227 3650 3283 pm-

2072 3319 2200 3359 seus
2230 3301 2643 3372 alloquebatur;
2677 3300 2772 3356 sed
2800 3300 2964 3355 etiam
2993 3314 3184 3357 omnes
3207 3308 3473 3372 quotquot
3493 3309 3651 3372 pote-

2073 3402 2271 3451 statem
2300 3396 2368 3449 de
2402 3394 2526 3451 aliis
2554 3394 2838 3464 iudicandi
2863 3394 3195 3463 acceperint,
3228 3396 3308 3449 sic
3336 3396 3645 3465 compellat.

2072 3487 2265 3542 Merito
2299 3495 2479 3541 autem
2515 3487 2695 3557 arguit
2728 3502 2844 3554 eos,
2888 3487 2980 3556 qui
3011 3486 3240 3540 divitum
3269 3502 3559 3556 personam
3588 3489 3649 3542 in

2073 3581 2289 3636 occulto
2312 3580 2612 3650 accipiunt,
2641 3594 2908 3649 pauperes
2931 3586 3111 3634 autem
3135 3580 3449 3648 Opprimunt
3476 3598 3492 3647 ;
3517 3595 3647 3636 cum

2068 3681 2321 3744 oporteat
2353 3688 2477 3727 cum
2504 3673 2733 3743 iustitiae
2770 3672 2983 3728 bilance
3013 3672 3279 3742 judicium
3328 3671 3492 3738 ferre,
3540 3687 3649 3727 me-

2072 3782 2252 3822 mores
2286 3766 2422 3835 legis
2453 3782 2575 3836 quae
2598 3766 2675 3819 ait
2708 3781 2722 3817 :
2757 3764 2879 3818 Non
2908 3765 3130 3834 accipies
3165 3780 3446 3833 personam
3469 3764 3521 3816 in
3552 3763 3649 3832 ju-

2071 3858 2209 3912 dicio
2240 3858 2281 3912 °.
2321 3856 2478 3913 Nunc
2509 3864 2692 3912 autem
2723 3857 3045 3927 plerumque
3072 3870 3175 3909 nos
3221 3870 3350 3924 erga
3379 3868 3649 3924 pauperes

2071 3949 2130 4004 in
2162 3948 2377 4003 modica
2407 3949 2612 4018 lapsos,
2662 3948 2930 4003 immanes
2974 3963 3167 4017 sumus
3204 3947 3440 4017 judices,
3484 3956 3648 4017 atque

2071 4039 2128 4092 in
2158 4038 2430 4094 sententia
2468 4046 2659 4093 contra
2685 4052 2783 4092 eos
2818 4035 3039 4092 ferenda
3082 4037 3475 4104 inexorabiles;
3506 4038 3648 4093 divi-

2070 4140 2187 4186 tum
2229 4146 2358 4186 vero
2392 4131 2485 4201 qui
2537 4129 2861 4201 gravissima
2916 4129 3146 4185 crimina
3198 4138 3533 4200 perpetrant,
3580 4145 3649 4186 ac

2071 4222 2265 4280 deinde
2294 4224 2347 4277 in
2382 4222 2682 4278 Ecclesiam
2713 4220 2809 4276 Dei
2857 4223 3144 4286 accedunt,
3181 4237 3470 4292 personam
3501 4222 3650 4276 acci-

2070 4319 2273 4389 pimus,
2302 4317 2374 4371 ita
2403 4324 2464 4369 ut
2491 4316 2651 4370 nobis
2671 4316 2835 4370 etiam
2860 4322 3133 4385 competat
3160 4315 3292 4369 illud
3326 4335 3340 4370 :
3372 4314 3647 4387 Usquequo

2064 4407 2323 4478 judicatis
2356 4406 2711 4476 iniquitatem,
2749 4412 2796 4458 et
2832 4404 2994 4473 facies
3031 4414 3362 4473 peccatorum
3396 4405 3655 4461 sumitis?

384 4498 693 4566 ἀποφάσεσι
718 4514 731 4527 ο
787 4495 1056 4551 πλουσίων
1103 4496 1160 4548 δὲ
1202 4496 1271 4551 τὰ
1306 4496 1537 4567 μέγιστα
1566 4497 1968 4570 ἐξαμαρτανόν-

2071 4500 2205 4555 Cum
2236 4507 2416 4553 autem
2468 4498 2620 4563 dicit,
2653 4513 2937 4567 usquequo,
2970 4495 3038 4551 de
3080 4496 3203 4551 vitae
3233 4496 3382 4549 exitu
3418 4510 3519 4551 nos
3547 4494 3651 4549 ad-

382 4603 512 4651 των,
543 4586 731 4640 ἔπειτα
774 4587 1230 4659 παραδαλλόντων
1270 4588 1351 4650 εἰς
1379 4586 1475 4659 τὴν
1519 4589 1841 4660 Ἐκκλησίαν
1870 4590 1963 4643 τοῦ

382 4675 541 4742 Θεοῦ,
579 4678 845 4749 πρόσωπα
894 4677 1269 4749 λαμϐάνομενο
1324 4676 1465 4733 ὥστε
1518 4680 1612 4732 καὶ
1647 4679 1782 4750 πρὸς
1816 4683 1965 4751 ἡμᾶς

382 4771 641 4843 ἁρμόττει
666 4772 726 4826 τό
745 4789 757 4801 ο
792 4774 939 4841 Ἕως
960 4776 1104 4828 πότε
1125 4775 1358 4843 κρίνετε
1378 4774 1638 4840 ἀδικίαν,
1659 4777 1755 4830 καὶ
1778 4780 1962 4845 πρόσ-

2071 4598 2279 4649 monet.
2324 4591 2622 4658 Quantum,
2687 4590 2887 4659 inquit,
2946 4588 3207 4658 temporis
3260 4586 3415 4642 vobis
3444 4586 3647 4653 aderit,

2070 4701 2179 4755 quo
2210 4684 2347 4741 tales
2381 4682 2545 4738 sitis?
2581 4696 2645 4737 ac
2675 4681 2895 4737 demum
2924 4696 3021 4736 vos
3060 4679 3156 4736 Dei
3198 4678 3461 4750 judicium
3490 4678 3649 4733 inva-

2070 4779 2182 4834 det.

380 4880 514 4920 ωπα
551 4867 914 4937 ἁμαρτωλῶν
962 4870 1330 4940 λαμϐάνετεὶ
1377 4872 1464 4925 Ἐν
1511 4872 1569 4925 δὲ
1609 4873 1688 4943 τῷ
1735 4875 1953 4946 λέγειν,
1993 4877 2105 4943 ἕως
2155 4875 2319 4936 πότε,
2376 4871 2785 4943 ὑπομιμνήσκει
2840 4864 2940 4941 τῆς
2994 4866 3089 4922 τοῦ
3155 4868 3270 4938 βίου
3303 4865 3641 4937 ἀπαλλαγῆς.

383 4963 554 5017 Πόσον
581 4962 709 5034 γὰρ,
733 4965 916 5035 φησὶν,
939 4965 1087 5030 ἐξετε
1113 4966 1302 5038 χρόνον
1332 4969 1391 5021 ἐν
1418 4959 1463 5036 ᾧ
1489 4968 1719 5024 τοιοῦτοι
1740 4971 1960 5039 ἐσεσθε;
1999 4974 2092 5027 καὶ
2122 4969 2306 5023 λοιπὸν
2331 4966 2646 5038 διαλήψεται
2679 4966 2823 5037 ὑμᾶς
2850 4966 2884 5036 ἡ
2909 4962 3003 5016 τοῦ
3029 4962 3164 5015 Θεοῦ
3189 4961 3389 5032 κρίσις.

451 5078 543 5130 Διὸ
566 5078 807 5148 ἐπιλέγει
826 5095 840 5109 ⁸
875 5082 1127 5148 Κρίνατε
1155 5084 1395 5154 πτωχὸν
1416 5085 1514 5139 καὶ
1546 5087 1829 5157 ὀρφανὸν,
1860 5105 1961 5143 τα-

379 5169 594 5223 πεινὸν
616 5170 715 5223 καὶ
735 5169 964 5237 πένητα
979 5171 1350 5229 δικαιώσατε.
1370 5175 1684 5240 Ἐξέλεσθε
1708 5177 1957 5246 πένητα,

364 5260 481 5314 ,καὶ
512 5261 754 5329 πτωχὸν
779 5262 847 5315 ἐκ
886 5263 1086 5331 χειρὸς
1129 5264 1478 5333 ἀμαρτωλοῦ
1518 5270 1813 5337 ῥύσασθε.
1832 5270 1957 5323 Ἐὰν

385 5351 484 5424 μὲν
514 5348 607 5406 οὖν
621 5355 826 5407 τούτων
849 5354 1188 5427 ἀκροώμενοι
1216 5358 1599 5431 παιδευώμεθα
1623 5361 1715 5415 καὶ
1736 5361 1806 5415 τὰ
1824 5379 1963 5434 παρ-

383 5443 705 5514 αγγέλματα
740 5445 1124 5517 φυλάττοιμεν,
1157 5448 1258 5518 τῆς
1289 5450 1354 5502 ἐκ
1382 5450 1489 5504 τῶν
1509 5451 1681 5522 λόγων
1704 5453 1962 5523 ὠνάμεθα

379 5532 670 5604 ὠφελείας.
687 5536 838 5588 Ἐπεὶ
862 5536 955 5589 καὶ
974 5539 1104 5608 ἡμῖν
1125 5537 1446 5610 λεχθήσεται
1465 5558 1478 5572 ο
1514 5546 1636 5596 Οὐκ
1665 5544 1959 5613 ἔγνωσαν,

382 5625 525 5681 οὐδὲ
550 5626 854 5695 συνῆκαν,
880 5628 950 5681 ἐν
968 5629 1171 5683 σκότει
1196 5630 1670 5700 διαπορεύονται.
1687 5634 1753 5687 Τί
1781 5633 1837 5686 δὲ
1862 5636 1962 5689 οὐκ

468 5783 487 5814 ⁸
517 5782 676 5840 Joan.
713 5802 781 5853 ι,
819 5787 906 5842 55.
985 5789 1005 5819 ⁸
1046 5785 1203 5843 Joan.
1241 5802 1351 5855 xu,
1383 5787 1472 5845 48.
1552 5788 1571 5819 ⁸
1611 5787 1768 5845 Deut.
1805 5804 1926 5858 xvi,
1972 5788 2051 5844 l9.

2136 5084 2310 5139 Vens.
2345 5084 2398 5138 4.
2435 5081 2616 5148 Quare
2662 5080 2847 5136 subdit
2882 5098 2897 5135 :
2927 5078 3175 5132 Judicate
3219 5093 3433 5147 egenum
3463 5084 3513 5129 et
3540 5091 3641 5144 pu-

2063 5178 2271 5248 pillum,
2294 5175 2541 5228 humilem
2571 5183 2621 5228 et
2642 5188 2919 5244 pauperem
2940 5171 3252 5239 justiﬁcate.
3286 5168 3485 5238 Eripite
3503 5184 3639 5236 pau-

2061 5286 2255 5339 perem,
2286 5277 2335 5322 et
2372 5283 2589 5337 egenum
2630 5266 2694 5319 de
2749 5281 2909 5318 manu
2965 5265 3252 5333 peccatoris
3304 5261 3538 5315 liberate.
3579 5259 3637 5314 Si

2068 5363 2252 5432 itaque
2278 5360 2363 5416 his
2389 5360 2591 5415 auditis
2616 5359 2685 5413 ad
2714 5357 3060 5426 disciplinam
3082 5355 3407 5409 accedamus
3427 5362 3480 5407 et
3506 5368 3639 5423 pra:-

2066 5464 2221 5523 cepta
2260 5467 2571 5515 servemus,
2616 5466 2685 5506 ex
2728 5447 3074 5505 sermonibus
3118 5445 3408 5499 utilitatem
3452 5443 3635 5513 perci-

2066 5547 2296 5617 piemus.
2316 5544 2528 5600 Etenim
2554 5544 2715 5599 nobis
2749 5556 2965 5613 quoque
3010 5540 3220 5595 dicetur
3248 5557 3348 5592 :-—-
3368 5536 3534 5591 Vens.
3577 5535 3632 5591 5.

2069 5636 2404 5705 Nescierunt,
2436 5617 2596 5708 neque
2644 5636 3036 5701 intellexerunt,
3087 5636 3147 5687 in
3195 5630 3415 5687 tenebris
3448 5627 3637 5683 ambu-
