4092 6404
425 376 532 433 987

1131 370 1399 429 EUSEBII
1433 370 1914 428 CESARIENSIS
1942 370 2091 427 OPP.
2138 369 2317 425 PARS
2350 367 2435 425 lll.
2473 396 2544 409 —
2573 367 2981 425 EXEGETICA.

3565 372 3679 429 988

426 492 562 548 lant.
604 489 745 558 Quid
782 501 958 544 autem
992 490 1308 542 nescierunt
1361 504 1538 557 neque
1590 488 1985 553 intellexerunt1

2099 489 2342 557 ἔγνωσαν
2387 485 2506 539 οὑδὲ
2558 484 2878 555 συνῆκαν,ἢ
2912 486 2993 537 ὃτι
3041 485 3164 539 ὅσον
3199 482 3351 539 οὔπω
3393 485 3487 539 καὶ
3517 487 3679 541 αὑτοὶ

426 582 534 635 nisi
569 596 627 635 se
660 579 1059 650 quamprimum
1111 578 1370 631 tribunali
1404 576 1500 631 Dei
1543 576 1817 631 sistendos
1847 591 1990 639 esse,

426 673 691 727 rationem
730 671 795 725 de
834 670 1057 740 judieiis
1096 670 1298 739 injuste
1350 669 1477 723 latis
1524 669 1871 724 reddituros?
1914 667 1993 721 Illi

425 778 554 817 vero
579 762 847 832 judicium
888 760 981 815 Dei
1017 776 1125 831 pra:
1160 760 1336 814 oculis
1372 775 1481 814 non
1512 766 1795 830 ponentes,
1826 760 1882 812 in
1914 766 1995 813 te-

425 856 612 910 nebris
638 855 936 915 ambulant,
976 855 1295 923 ignorantia:
1324 854 1555 922 caligine
1583 852 1781 906 mentis
1805 851 1994 905 oculos

425 948 731 1017 0pplentes.
757 944 1122 1011 Quamobrem
1156 959 1253 1014 par
1286 952 1369 999 est
1399 959 1495 998 eos
1520 942 1671 997 verbi
1705 940 1994 1011 splendore

424 1039 746 1102 illustratus,
807 1051 901 1091 aut
946 1054 1056 1091 non
1098 1037 1370 1107 judicare,
1418 1050 1686 1091 memores
1734 1035 1853 1103 ejus
1900 1033 1993 1103 qui

424 1130 560 1183 dixit
595 1147 609 1183 :
640 1127 819 1182 Nolite
846 1127 1109 1197 judicare,
1140 1135 1196 1179 ut
1235 1143 1338 1179 non
1372 1125 1682 1193 judicemini
1710 1125 1770 1189 7;
1804 1131 1896 1175 aut
1946 1122 1992 1176 si

424 1219 479 1274 id
527 1219 821 1289 aliquando
855 1233 1079 1272 necesse
1110 1217 1291 1280 fuerit,
1326 1215 1697 1285 justissimum
1726 1211 1992 1282 judicium

422 1309 589 1375 ferre,
624 1327 687 1365 ac
727 1318 1042 1381 peccatores
1068 1310 1421 1373 convincere;
1446 1308 1659 1361 etiamsi
1693 1305 1993 1375 oportuerit

423 1418 524 1473 pro
551 1403 777 1456 veritate
808 1401 945 1453 mori
990 1420 1000 1453 :
1038 1402 1089 1454 in
1127 1400 1366 1452 animum
1403 1398 1743 1461 inducentes,
1786 1396 1840 1449 in
1870 1397 1993 1447 uni-

421 1495 625 1547 versali
657 1493 748 1547 Dei
780 1493 1011 1561 judicio,
1046 1491 1191 1562 quod
1227 1507 1321 1561 per
1352 1490 1630 1546 Christum
1660 1504 1817 1545 suum
1851 1489 1993 1541 latu-

422 1600 521 1639 l'llS
550 1596 653 1648 εει,
681 1586 921 1639 omnium
955 1584 1070 1638 fore
1103 1583 1628 1638 consummationem
1657 1590 1711 1636 et
1732 1582 1990 1634 mutatio-

423 1662 568 1730 nem.
622 1676 776 1741 Quod
830 1677 1096 1744 judicium
1132 1677 1373 1730 declarat
1419 1677 1472 1730 id
1502 1675 1647 1745 quod
1697 1674 1987 1743 sequitur:

422 1765 665 1822 ——Vr.ns.
693 1768 746 1830 6,
782 1769 834 1820 7.
868 1768 1219 1823 Movebuntur
1243 1769 1420 1822 omnia
1454 1767 1796 1837 fundamenta
1815 1776 1986 1820 terraz.

423 1856 536 1927 Ego
564 1858 813 1912 dixi:Dii
836 1862 981 1923 estis,
1005 1872 1053 1914 et
1083 1863 1182 1930 ﬁlii
1214 1862 1474 1915 Altissimi
1500 1876 1698 1913 omnes.
1748 1858 1849 1911 Vos
1892 1875 1989 1911 au-
2020 1842 2061 1897 Β

424 1958 523 2002 tem
552 1952 687 2003 sicut
716 1951 947 2006 homines
985 1954 1297 2019 moriemini,
1324 1963 1372 2006 et
1409 1953 1541 2006 sicut
1570 1968 1704 2005 unus
1734 1950 1797 2005 de
1837 1952 1987 2019 prin-

420 2040 622 2109 cipibus
649 2042 866 2097 cadetis.
902 2043 1211 2099 Mcmoratis
1247 2045 1371 2106 diis,
1404 2043 1636 2109 ducibus
1668 2043 1916 2097 videlicet
1938 2053 1992 2097 et

421 2131 760 2200 principibus
810 2133 1015 2201 populi,
1066 2134 1157 2201 qui
1208 2134 1261 2186 in
1308 2132 1546 2188 medium
1600 2148 1793 2187 eorum
1840 2133 1990 2185 venit

420 2220 584 2287 Deus,
612 2221 724 2274 haec
752 2222 915 2276 etiam
942 2223 1199 2292 loquitur,
1219 2222 1443 2287 docens,
1481 2238 1539 2278 se
1566 2223 1783 2293 quidem
1810 2221 1989 2277 Patris

420 2313 798 2367 liberalitatem
857 2314 1151 2381 imitatum,
1204 2315 1354 2368 nulla
1408 2314 1611 2369 invidia
1661 2315 1983 2374 cohibitum.

418 2405 674 2459 deitatem
706 2407 1112 2460 communicare
1145 2420 1331 2473 suam;
1367 2406 1442 2459 ita
1491 2412 1551 2459 ut
1599 2406 1723 2460 illos
1772 2420 1988 2475 quoque

417 2512 606 2552 omnes
636 2498 769 2553 deos
798 2505 852 2553 et
890 2498 1030 2552 ﬁlios
1063 2498 1332 2553 Altissimi
1358 2503 1599 2561 vocaret,
1629 2496 1775 2565 quod
1805 2507 1984 2550 tamen

418 2590 524 2646 sibi
558 2592 661 2646 soli
692 2593 897 2655 inerat;
930 2590 1006 2643 illi
1038 2605 1170 2644 vero
1216 2591 1445 2660 gratiam
1480 2590 1810 2645 contumelia
1864 2589 1986 2644 alle-

417 2690 631 2736 cerunt.
664 2679 782 2745 Quo
812 2688 974 2751 pacto
1000 2687 1180 2735 autem
1212 2681 1306 2749 qui
1338 2696 1367 2733 a
1397 2679 1808 2749 Deoimperium
1834 2696 1988 2735 acce-

416 2788 568 2843 pere,
598 2772 823 2827 deorum
870 2774 1130 2828 honorem
1194 2772 1336 2843 apud
1388 2773 1634 2827 subditos
1681 2773 1982 2838 obtineant,

417 2865 704 2935 intelliges,
736 2864 782 2917 si
814 2864 994 2918 animo
1038 2864 1290 2917 advertas
1324 2862 1529 2917 dictum
1560 2861 1730 2933 Moysi
1762 2862 1930 2917 fuisse
1968 2883 1979 2917 :

419 2954 553 3009 Ecce
585 2956 832 3009 constitui
874 2962 919 3007 te
965 2953 1116 3007 hodie
1148 2954 1301 3006 deum
1344 2953 1663 3015 Pharaonis,
1710 2962 1759 3006 et
1805 2956 1981 3006 Aaron

417 3048 585 3116 frater
625 3056 743 3098 tuus
778 3046 877 3098 erit
921 3045 1013 3097 tibi
1042 3045 1294 3113 propheta
1321 3046 1362 3099 ³.
1394 3044 1547 3098 Sicut
1577 3047 1721 3100 enim
1746 3044 1980 3116 Moyses,

416 3153 541 3193 cum
571 3138 732 3191 homo
764 3136 859 3191 Dei
889 3145 1055 3200 esset,
1076 3145 1129 3190 et
1164 3139 1232 3191 ab
1266 3153 1331 3193 eo
1362 3138 1623 3192 honorem
1654 3139 1976 3208 accepisset,

416 3228 551 3285 deus
588 3227 890 3283 Pharaonis
918 3229 1225 3299 appellatus
1262 3238 1345 3285 est
1371 3248 1385 3296 ;
1414 3232 1600 3285 eodem
1636 3232 1796 3285 modo
1824 3242 1981 3301 quot-

415 3326 550 3390 quot
579 3334 608 3372 a
644 3318 753 3374 Deo
787 3319 1047 3374 honorem
1082 3322 1411 3390 acceperint,
1450 3320 1675 3376 deorum
1704 3323 1821 3376 loco
1849 3323 1982 3376 sub-

415 3411 545 3466 ditis
578 3410 863 3464 habentur.
908 3410 1272 3476 Quamobrem
1332 3412 1495 3465 iidem
1535 3412 1734 3467 subditi
1778 3412 1844 3466 ad
1888 3429 1983 3469 eos

414 3517 540 3556 cum
569 3502 871 3555 reverentia
904 3509 957 3555 et
982 3503 1172 3556 timore
1197 3502 1483 3567 accedunt,
1510 3518 1618 3556 non
1650 3503 1719 3557 ob
1747 3503 1982 3557 militare

415 3593 756 3656 satellitium,
794 3608 902 3647 non
932 3594 1002 3647 ob
1044 3593 1259 3647 divitias
1288 3600 1341 3648 et
1390 3601 1742 3663 potestatem;
1784 3594 1875 3649 sed
1910 3594 1981 3648 ob

412 3684 674 3737 honorem
705 3684 840 3753 ipsis
868 3698 897 3735 a
920 3682 1030 3737 Deo
1053 3683 1304 3736 inditum.
1339 3682 1430 3736 Sic
1459 3685 1601 3737 enim
1636 3683 1835 3753 Moysis
1863 3684 1981 3736 vul-

411 3780 502 3829 tus
534 3774 704 3843 gloria
738 3774 1071 3843 replebatur,
1125 3774 1204 3829 sic
1258 3774 1628 3843 apostolorum
1682 3773 1979 3829 Salvatoris

410 3865 607 3929 nostri,
636 3865 715 3920 sic
750 3866 878 3918 olim
912 3864 1007 3919 Dei
1051 3865 1462 3935 prophetarum,
1498 3865 1576 3919 sic
1610 3865 1853 3918 omnium
1886 3865 1979 3935 qui

408 3970 536 4009 vere
572 3954 713 4009 servi
748 3953 841 4007 Dei
868 3962 1056 4021 erant;
1091 3955 1184 4023 qui
1218 3954 1345 4011 dum
1376 3955 1493 4009 sine
1523 3955 1811 4024 splendore
1845 3971 1981 4024 pau-

410 4062 675 4116 peresque
707 4046 873 4099 vitam
907 4046 1184 4116 degerent,
1211 4061 1240 4099 a
1279 4046 1548 4117 religiosis
1589 4055 1767 4101 tamen
1803 4046 1979 4101 homi-

409 4138 571 4192 nibus
597 4137 667 4191 ob
688 4136 910 4189 inditam
946 4137 1050 4190 sibi
1098 4136 1326 4205 gratiam
1370 4136 1424 4189 in
1468 4136 1673 4191 honore
1700 4136 1979 4191 habeban—

408 4236 521 4283 tur.
553 4226 665 4298 Ego
688 4227 927 4297 quidem,
963 4227 1059 4290 ait,
1089 4227 1171 4282 sic
1210 4227 1376 4291 volui,
1411 4228 1492 4281 sic
1523 4227 1633 4281 dixi
1665 4244 1677 4279 :
1713 4226 1803 4281 Dii
1828 4230 1973 4283 estis.

410 4321 570 4375 Volui
600 4335 732 4375 sane
762 4336 861 4373 vos
887 4319 1110 4389 perinde
1148 4328 1307 4389 atque
1330 4334 1414 4372 me
1448 4320 1501 4372 in
1528 4320 1706 4374 medio
1732 4326 1975 4373 vestrum

407 4418 644 4467 stantem
700 4408 891 4472 Deum,
943 4407 1207 4463 Altissimi
1255 4407 1395 4463 ﬁlios
1429 4406 1603 4473 ellici;
1654 4423 1750 4463 vos
1793 4416 1973 4463 autem

2098 576 2538 647 παραστήσονται
2564 572 2641 643 τῷ
2670 572 2871 643 βήματι
2906 572 2998 625 τοῦ
3025 573 3180 636 Θεοῦ,
3218 574 3372 642 λόγον
3414 573 3678 638 δώσοντες

2094 668 2222 738 περὶ
2274 660 2348 720 ὧν
2397 668 2457 719 οὑ
2508 664 2734 727 δικαίως
2761 664 3014 737 ἐκρινανς
3050 668 3113 718 Ui
3148 666 3203 720 δὲ
3242 666 3314 737 μὴ
3343 666 3447 735 πρὸ
3474 666 3678 734 ὀφθαλ-

2097 758 2213 827 μῶν
2246 758 2460 827 θέμενοι
2490 755 2590 828 τὴν
2624 756 2804 827 κρίσιν
2841 757 2935 809 τοῦ
2989 756 3123 810 Θεοῦ
3177 759 3234 810 ὲν
3272 758 3449 810 σκότει
3485 758 3674 812 διαπο-

2098 848 2363 917 ρεύονται,
2395 846 2473 917 τῷ
2494 848 2597 919 τῆς
2622 846 2843 915 ἀγνοίας
2868 847 3040 916 σκότῳ
3067 846 3135 899 τά
3162 847 3259 917 τῆς
3286 848 3461 917 ψυχῆς
3490 847 3672 900 αὑτῶν

2092 938 2313 1007 ὄμματα
2364 938 2770 1010 πληρώσαντες.
2806 939 2896 990 Διὸ
2947 940 3230 1009 προσήκει,
3260 939 3339 1008 τῷ
3385 938 3476 991 τοῦ
3510 939 3671 1006 λόγου

2095 1032 2284 1101 φέγγει
2320 1032 2743 1103 φωτιζομένους,
2776 1031 2807 1101 ἢ
2862 1032 2936 1101 μὴ
2975 1031 3200 1102 κρίνειν,
3234 1031 3674 1102 μνημονεύοντας

2092 1123 2185 1177 τοῦ
2218 1125 2498 1197 εἰρηκότος
2522 1143 2533 1155 ·
2568 1125 2665 1193 Μὴ
2710 1125 2959 1191 κρίνετε,
2996 1125 3095 1176 ἵνα
3120 1124 3205 1192 μὴ
3241 1124 3473 1193 κριθῆτε
3497 1141 3510 1153 ·
3546 1125 3577 1194 ἢ
3623 1127 3673 1178 εἰ

2093 1216 2303 1287 ἀνάγκη
2368 1217 2496 1269 ποτὲ
2548 1217 2789 1288 κρίνειν,
2844 1215 2983 1269 κατὰ
3025 1216 3086 1267 τὸ
3130 1216 3464 1268 δικαιότατον
3508 1215 3675 1269 τοῦτο

2093 1312 2265 1362 ποιεῖν
2292 1309 2385 1361 καὶ
2408 1308 2646 1378 ἐλέγχειν
2669 1310 2797 1372 τοὺς
2821 1309 3247 1377 ἁμαρτάνοντας,
3275 1308 3374 1361 κᾶν
3398 1308 3503 1360 δέοι
3524 1309 3674 1381 ὑπὲρ

2093 1399 2349 1469 ἀληθείας
2377 1399 2652 1470 θνήσκειν,
2686 1401 3085 1469 πεπεισμένους
3117 1400 3379 1471 ἀκριϐῶς,
3423 1402 3504 1452 ὃτι
3535 1402 3676 1454 πάν-

2094 1506 2199 1541 των
2232 1489 2382 1542 ἔσται
2410 1490 2686 1543 συντέλεια
2732 1493 2825 1545 καὶ
2862 1490 3128 1561 μεταϐολὴ
3162 1492 3252 1543 ἐπὶ
3296 1495 3361 1561 τῇ
3408 1491 3671 1564 καθολικῇ

2094 1578 2271 1651 κρίσει
2316 1580 2410 1633 τοῦ
2443 1582 2597 1647 Θεοῦ,
2626 1583 2691 1653 ἥν
2719 1584 2999 1654 ποιήσεται
3048 1582 3135 1635 διὰ
3178 1581 3270 1635 τοῦ
3301 1582 3535 1654 Χριστοῦ
3564 1586 3671 1637 αὑ-

2092 1671 2185 1723 τοῦ
2207 1689 2219 1701 ·
2247 1672 2314 1742 ῆν
2342 1674 2435 1725 καὶ
2467 1674 2495 1725 ὁ
2538 1674 2726 1745 παρὼν
2768 1677 3066 1746 παρίστησι
3103 1675 3256 1743 λόγος
3287 1677 3673 1729 ὲπισυνάπτων

2094 1762 2219 1833 ἑξῆς
2258 1762 2349 1815 τό·
2377 1764 2861 1831 Σαλευθήσονται
2904 1765 3098 1819 πάντα
3148 1766 3219 1819 τὰ
3266 1766 3506 1835 θεμέλια
3555 1766 3672 1834 τῆς

2090 1851 2221 1922 τῆς.
2265 1856 2408 1923 Ἐγὼ
2461 1851 2623 1908 εἷπαο
2678 1858 2808 1910 Θεοί
2862 1858 3039 1923 ἐστε,
3080 1859 3180 1911 καί
3223 1859 3339 1912 υἱοί
3383 1859 3669 1926 Ὑψίστου

2090 1942 2313 2009 πάντες
2336 1962 2348 1975 ·
2374 1946 2541 2014 ὑμεῖς
2574 1946 2641 1999 δὲ
2669 1948 2749 2013 ὡς
2789 1947 3083 2017 ἅνθρωποι
3108 1950 3539 2019 ἀποθνήσκετε,
3565 1950 3669 2003 καὶ

2088 2035 2170 2101 ὡς
2224 2032 2311 2102 εἷς
2365 2037 2485 2090 τῶν
2533 2040 2841 2107 ἀρχόντων
2903 2042 3165 2095 πίπτετε.
3197 2042 3316 2095 Ἔτι
3362 2043 3498 2114 πρὸς
3537 2043 3671 2107 τοὺς

2089 2128 2481 2199 προλεχθέντας
2515 2130 2689 2196 θεοὺς,
2723 2131 3059 2202 ἡγουμένους
3081 2133 3282 2203 δηλαδὴ
3332 2135 3426 2186 καὶ
3466 2133 3667 2204 ἄρχον-

2088 2235 2184 2281 τας
2208 2219 2304 2271 τοῦ
2348 2220 2498 2287 λαοῦ,
2530 2223 2558 2273 ὁ
2586 2222 2747 2291 μέσος
2784 2223 2961 2276 αὐτῶν
2987 2225 3275 2294 γενόμενος
3304 2224 3435 2288 Θεὸς
3468 2226 3562 2278 καὶ
3591 2226 3667 2278 τὰ

2088 2312 2330 2383 παρόντα
2371 2315 2732 2380 ἀποτείνεται,
2769 2315 3052 2380 διδάσκων,
3092 2317 3168 2379 ὠς
3210 2317 3371 2379 αὐτὸς
3416 2318 3533 2386 μὲν,
3562 2316 3666 2387 τὴν

2086 2402 2177 2453 τοῦ
2207 2404 2417 2475 Πατρὺς
2459 2404 2719 2473 ἀφθονίαν
2768 2406 3121 2477 μιμούμενος,
3152 2408 3315 2460 πᾶσιν
3349 2408 3528 2469 αὐτοῖς
3561 2410 3665 2477 τῆς

2087 2493 2250 2545 αὑτοῦ
2273 2493 2524 2563 θεότητος
2544 2496 2642 2547 οὐκ
2659 2496 2921 2567 ἐφθόνησε
2943 2496 3370 2568 μεταδοῦναι,ὼς
3390 2498 3481 2551 καὶ
3504 2497 3665 2561 θεοὺς

2086 2584 2446 2655 ἀναγορεῦσαι
2498 2588 2693 2651 αὐτοὺς
2741 2588 2835 2642 καὶ
2883 2590 3031 2653 υἱοὺς
3071 2590 3321 2657 Ὑψίστου
3352 2590 3556 2652 πάντας
3588 2589 3659 2642 ἃν

2086 2676 2281 2742 εἰπεῖν,
2314 2677 2448 2747 ὅπερ
2469 2678 2615 2749 αὑτῷ
2642 2679 2785 2749 μόνῳ
2818 2682 3023 2751 προσῆν
3046 2698 3059 2710 ’
3091 2683 3139 2733 οἱ
3166 2681 3222 2733 δὲ
3254 2682 3351 2751 τὴν
3381 2681 3539 2752 χάριν
3573 2682 3663 2733 έν-

2087 2769 2329 2841 ύὸρισαν.
2362 2773 2593 2844 Νοήσεις
2618 2774 2673 2826 δὲ
2702 2775 2816 2839 πῶς
2844 2775 3006 2845 τιμὴν
3033 2774 3171 2829 θεῶν
3198 2777 3246 2827 οἰ
3281 2776 3387 2828 ὑπὸ
3407 2774 3499 2827 τοῦ
3521 2774 3659 2827 Θεοῦ

2084 2864 2184 2934 τὴν
2210 2865 2385 2936 ἀρχὴν
2414 2865 2697 2937 εἰληφότες
2723 2868 2871 2939 παρά
2898 2872 3008 2931 τοῖς
3041 2868 3363 2939 ἀρχομένοις
3402 2869 3661 2939 ὲκτήσειν⁴

2084 2974 2144 3009 το
2173 2996 2187 3021 ,
2246 2959 2547 3029 ἐπιστήσας
2590 2961 2738 3024 ὅπως
2801 2962 3012 3031 εἴρηται
3064 2961 3143 3031 τῷ
3198 2962 3386 3014 Μωσεῖ
3420 2978 3433 2990 ·
3507 2960 3655 3013 Ἰδοὺ

2084 3048 2423 3117 καθέστηκά
2486 3066 2560 3105 σε
2619 3052 2885 3121 σήμερον
2947 3054 3086 3107 θεὸν
3140 3054 3222 3119 τῷ
3268 3053 3508 3122 Φαραὼ,
3556 3054 3657 3105 καὶ

2100 3140 2310 3209 Ἀαρὼν
2354 3146 2387 3197 ὁ
2443 3143 2705 3213 ἀδελφός
2761 3160 2877 3199 σου
2927 3146 3098 3200 ἔσται
3158 3160 3258 3199 σοι
3322 3143 3652 3213 προφήτης.

2087 3233 2296 3304 Ὥσπερ
2342 3234 2447 3306 γὰρ
2490 3237 2714 3306 Μωσῆς,
2764 3237 3049 3309 ἄνθρωπος
3093 3238 3169 3290 ῶν
3198 3237 3333 3290 Θεοῦ
3377 3239 3473 3290 καὶ⁸
3521 3237 3665 3307 παρ’

2084 3323 2247 3375 αὑτοῦ
2276 3324 2375 3395 τὴν
2394 3326 2558 3396 τιμὴν
2577 3326 2775 3390 λαϐὼν,
2807 3327 2925 3390 θεὸς
2950 3328 3286 3399 ἀνηγορεύθη
3316 3328 3409 3381 τοῦ
3431 3326 3663 3399 Φαραώ*

2081 3414 2171 3467 τὸν
2190 3415 2351 3468 αὑτὸν
2370 3416 2569 3487 τρόπον
2591 3418 2685 3471 καὶ
2712 3419 2911 3482 πάντες
2934 3418 3026 3481 οὒς
3052 3418 3118 3472 ἂν
3137 3421 3415 3489 τιμήσειεν
3446 3420 3475 3471 ό
3496 3419 3659 3485 Θεὸς,

2083 3502 2219 3556 θεῶν
2269 3504 2451 3576 χώραν
2500 3506 2650 3577 παρά
2696 3508 2809 3570 τοῖς
2856 3508 3311 3577 ὑποτεταγμένοις
3349 3508 3651 3577 εἰλήφασιν.

2084 3594 2273 3648 Ἔνθεν
2312 3597 2404 3648 καί¹
2436 3598 2485 3649 οἱ
2516 3599 2808 3669 ἀρχόμενοι
2848 3600 3137 3669 προσίασιν
3167 3599 3345 3661 αὑτοῖς
3381 3600 3515 3669 μετά
3556 3599 3655 3652 εὑο

2079 3683 2300 3749 λαϐείας
2334 3687 2426 3739 καὶ
2453 3687 2623 3751 δέους,
2659 3688 2718 3740 οὑ
2753 3688 2842 3741 διά
2883 3706 3001 3741 τινα
3026 3689 3345 3760 δορυφορίαν
3385 3706 3653 3761 στρατιωο

2078 3776 2255 3847 τικὴν,
2288 3778 2347 3829 οὑ
2376 3777 2462 3829 διὰ
2487 3778 2714 3832 πλοῦτον
2752 3780 2845 3833 καὶ
2866 3780 3203 3846 δυναστείαν,
3229 3782 3314 3834 διὰ
3342 3782 3397 3834 δὲ
3424 3784 3521 3847 τὴν
3545 3783 3655 3835 ὑπὸ

2078 3864 2213 3918 Θεοῦ
2247 3868 2560 3938 περιθεῖσαν
2595 3870 2776 3933 αὑτοῖς
2821 3873 3005 3942 τιμήν.
3047 3871 3203 3925 Οὕτω
3246 3872 3352 3944 γάρ
3395 3875 3488 3926 καὶ
3520 3875 3655 3927 Μω-

2080 3959 2215 4022 σέως
2242 3954 2310 4031 ἦν
2340 3960 2724 4031 δεδοξασμένον
2754 3962 2815 4015 τὸ
2848 3963 3136 4033 πρόσωπον
3155 3981 3169 3994 ·
3204 3964 3344 4017 οὕτω
3391 3966 3483 4018 καὶ
3534 3966 3647 4017 τῶν

2076 4052 2385 4106 ἀποστόλων
2412 4054 2504 4106 τοῦ
2535 4056 2785 4127 Σωτῆρος
2816 4059 2847 4125 ή
2858 4056 2993 4126 μῶν,
3024 4057 3167 4109 οὕτω
3208 4059 3301 4110 καὶ
3340 4057 3449 4109 τῶν
3479 4058 3651 4111 πάλαι

2076 4144 2168 4206 τοῦ
2198 4145 2332 4198 Θεοῦ
2365 4148 2677 4217 προφητῶν,
2720 4147 2861 4201 οῦτω
2906 4150 2997 4201 καὶ
3033 4149 3246 4202 πάντων
3282 4149 3389 4201 τῶν
3432 4149 3651 4219 ἀληθῶς

2076 4237 2168 4290 τοῦ
2195 4238 2330 4291 Θεοῦ
2356 4239 2576 4301 δούλων,
2608 4240 2807 4307 ἀδόξως
2842 4241 3109 4311 μενόντων
3131 4241 3225 4293 καί
3248 4240 3479 4311 πτωχῶν
3504 4240 3652 4295 κατὰ

2074 4326 2164 4379 τὸν
2199 4327 2330 4397 βίον,
2360 4328 2737 4399 τετιμημένων
2754 4330 2813 4382 δὲ
2838 4329 2987 4400 παρὰ
3007 4334 3118 4395 τοῖς
3146 4330 3414 4385 θεοσεϐέσι
3441 4330 3528 4383 διὰ
3550 4330 3652 4402 τὴν

2076 4420 2140 4470 ὲκ
2171 4418 2305 4471 Θεοῦ
2335 4418 2623 4489 δεδομένην
2670 4420 2853 4485 αὐτοῖς
2885 4421 3061 4493 χάριν.
3082 4422 3222 4491 Ἐγὼ
3254 4424 3351 4494 μὲν
3394 4419 3506 4487 οῦν,
3540 4441 3650 4493 φη·-

406 4503 638 4574 gratiam
690 4500 1119 4570 contempsistis.
1166 4501 1226 4552 ln
1277 4506 1458 4553 vestra
1508 4499 1688 4569 itaque
1739 4499 1974 4553 humana

2084 4512 2152 4575 σί,
2190 4512 2282 4564 καὶ
2332 4510 2588 4581 ἠθέλησα,
2629 4512 2722 4565 καὶ
2767 4508 2949 4567 εἷπονο
2988 4516 3121 4569 Θεοί
3158 4516 3327 4569 ἐστε·
3367 4516 3651 4586 βουληθεὶς

405 4596 636 4658 malitia,
681 4600 736 4649 et
780 4593 837 4646 in
888 4592 1127 4662 peccatis
1165 4592 1362 4646 vestris
1408 4591 1735 4647 moriemini.
1784 4591 1979 4645 Anima

405 4689 551 4742 enim
592 4702 705 4757 qua:
745 4686 1054 4753 peccaverit,
1104 4683 1219 4750 ipsa
1263 4684 1515 4735 morietur
1543 4683 1585 4736 ’.
1628 4681 1971 4751 Quapropter

404 4793 492 4831 vos
542 4778 674 4829 sicut
734 4776 965 4829 homines
1021 4774 1346 4837 moriemini,
1409 4781 1458 4826 et
1524 4773 1659 4826 sicut
1713 4789 1848 4827 unus
1908 4774 1971 4829 de

403 4869 722 4939 principibus
741 4867 960 4921 cadetis.
980 4864 1447 4930 Quemadmodum
1468 4867 1613 4917 enim
1636 4864 1763 4919 olim
1781 4865 1970 4921 diabo-

406 4962 493 5017 lus
537 4962 744 5014 honore
793 4959 1017 5013 allectus
1049 4956 1149 5012 l'uit
1179 4957 1321 5027 apud
1351 4956 1543 5022 Deum,
1576 4964 1631 5012 et
1661 4959 1968 5027 principum

404 5056 461 5109 in
489 5054 645 5107 caelis
669 5052 986 5123 angelorum
1018 5067 1160 5105 unus
1185 5050 1325 5117 fuit;
1359 5051 1556 5105 deinde
1589 5067 1757 5120 pravo
1788 5054 1972 5107 consi-

405 5148 479 5201 lio
517 5159 754 5207 usus,ex
788 5144 908 5197 loco
936 5159 1036 5199 suo
1066 5143 1287 5209 decidit,
1306 5145 1379 5197 ita
1414 5151 1473 5197 ut
1502 5144 1569 5197 de
1599 5144 1691 5197 illo
1720 5145 1968 5201 dicatur:

366 5224 371 5231 ”
406 5236 676 5303 Quomodo
695 5234 952 5289 ceciditde
967 5236 1093 5288 cwlo
1111 5233 1431 5305 Lucifer,qui
1452 5252 1602 5288 mane
1620 5235 1886 5289 oriebatur
1908 5238 1974 5290 ‘°?

403 5328 542 5383 tales
569 5336 623 5382 et
651 5344 747 5383 vos
771 5343 987 5397 quoque
1027 5327 1211 5383 fuistis
1238 5349 1250 5382 :
1284 5344 1393 5383 non
1437 5328 1583 5397 quod
1611 5338 1807 5382 natura
1840 5330 1967 5383 mali

403 5422 562 5487 sitis;
600 5421 695 5475 sed
724 5420 989 5475 electione
1014 5430 1197 5475 vestra
1224 5436 1331 5475 non
1366 5421 1507 5475 bona
1531 5423 1638 5475 usi.
1674 5421 1817 5475 Sane
1842 5438 1967 5476 vero

403 5529 466 5567 ea
496 5527 616 5581 qua;
644 5527 675 5565 a
722 5528 806 5567 me
836 5513 1281 5582 proficiscuntur,
1317 5513 1383 5567 ad
1426 5514 1518 5569 Dei
1556 5515 1820 5569 honorem
1872 5531 1971 5570 vos

401 5604 720 5659 evocabant.
740 5603 850 5661 Vos
873 5613 1053 5661 autem
1071 5606 1258 5677 lapsus
1281 5607 1577 5678 principem
1602 5608 1816 5675 imitati,
1833 5609 1968 5661 sicut

533 5782 723 5840 Matth.
760 5803 833 5842 vn
858 5828 872 5855 ,
914 5787 965 5844 ι.
1042 5789 1063 5820 ⁸
1102 5785 1269 5843 Exod.
1309 5804 1415 5855 vn,
1454 5790 1504 5845 1.
1581 5794 1600 5824 ’
1644 5791 1839 5849 Ezech.
1872 5804 2039 5859 xvm,
2074 5789 2123 5845 4.

2077 4604 2219 4673 ὑμᾶς
2249 4602 2446 4673 ὁμοίως
2490 4604 2613 4673 ἐμοὶ
2654 4603 2732 4673 τῷ
2782 4605 2931 4675 μέσῳ
2959 4606 3110 4676 ὑμῶν
3133 4606 3325 4660 ἑστῶτι
3355 4606 3473 4676 Θεῷ
3498 4608 3655 4670 υἱοὺς

2077 4695 2326 4764 γενέσθαι
2345 4694 2437 4747 τοῦ
2469 4695 2722 4764 Ὑψίστου
2740 4716 2751 4726 ·
2778 4698 2933 4767 ὑμεῖς
2948 4699 3005 4751 δὲ
3023 4699 3122 4768 τὴν
3142 4700 3299 4770 χάριν
3324 4699 3485 4769 ὴθετή
3495 4716 3646 4752 σατε.

2078 4788 2209 4851 Ταῖς
2254 4786 2383 4854 γοῦν
2416 4786 2781 4857 ἀνθρωπίναις
2825 4790 3043 4852 κακίαις
3081 4792 3189 4843 καὶσ
3208 4794 3328 4854 ταῖς
3358 4792 3653 4861 ὑμετέραις

2075 4879 2372 4948 ἁμαρτίαις
2427 4880 2873 4951 ὲναποθνήσκετε.
2928 4880 3101 4950 Ψυχὴ
3144 4882 3250 4954 γὰρ
3306 4884 3345 4950 ή
3390 4882 3653 4952 ἁμαρτά-

2072 4984 2285 5033 νουσα,
2315 4970 2467 5037 aliti;
2515 4972 2911 5025 ἀποθανεῖται.
2944 4974 3035 5026 Διὸ
3082 4976 3175 5027 καὶ
3212 4975 3380 5043 ὑμεῖς
3418 4976 3498 5039 ὡς
3541 4974 3652 5028 ἄν.

2077 5062 2294 5126 θρωποι
2338 5061 2748 5127 ἀποθνήσκετε
2779 5104 2793 5128 ,
2845 5063 2940 5117 καὶ
2990 5065 3070 5128 ὡς
3124 5058 3212 5128 εἷς
3256 5062 3375 5116 τῶν
3422 5064 3645 5133 ἀρχόν-

2075 5164 2191 5200 των
2210 5148 2470 5201 πίπτετε.
2490 5151 2575 5213 Ὠς
2601 5150 2707 5222 γάρ
2726 5147 2792 5222 ἦν
2820 5170 2949 5205 ποτε
2975 5154 3002 5205 ὁ
3024 5153 3267 5216 διάϐολος
3293 5156 3454 5224 τιμῆς
3482 5152 3650 5221 ἠξιω-

2077 5240 2233 5309 μένος
2262 5240 2409 5311 παρά
2443 5241 2517 5312 τῷ
2552 5242 2667 5312 Θεῷ
2697 5244 2917 5295 καὶτῶν
2951 5246 3007 5296 ὲν
3034 5245 3278 5314 οὐρανοῖς
3308 5244 3646 5315 ἀρχοντικῶν

2073 5332 2320 5399 ἀγγέλων
2356 5327 2467 5395 εἷς·
2513 5330 2628 5386 εἶτα
2674 5336 2921 5406 μοχθηρᾷ
2952 5337 3265 5407 προαιρέσει
3298 5337 3646 5407 χρησάμενος

2074 5423 2437 5477 ἀποπέπτωκε
2463 5428 2559 5496 τῆς
2584 5426 2747 5479 αὐτοῦ
2777 5427 2978 5499 χώρας,
3015 5429 3089 5491 ὡς
3115 5429 3368 5498 εἰρῆσθαι
3397 5429 3523 5499 περὶ
3545 5430 3649 5481 αὐ-

2073 5515 2166 5568 τοῦ
2186 5533 2198 5545 ο
2235 5517 2365 5582 Πῶς
2405 5517 2693 5581 ἐξέπεσεν
2720 5519 2787 5572 ἐκ
2806 5520 2911 5573 τοῦ
2936 5521 3194 5587 οὐρανοῦ
3228 5525 3261 5574 ό
3305 5520 3649 5589 Ἑωσφόρος

2074 5611 2107 5661 ό
2135 5609 2279 5677 πρωὶ
2314 5608 2693 5674 ὰνατέλλων;
2726 5611 2954 5665 τοιοῦτοί
2984 5629 3126 5676 τινες
3169 5614 3263 5666 καὶ
3300 5613 3456 5681 ὑμεῖς
3482 5610 3650 5680 γετό-

2206 5791 2247 5823 ιο
2289 5788 2390 5846 lsa.
2429 5807 2551 5859 xw,
2588 5789 2675 5846 η.
