4092 6404
484 408 588 464 991

1150 394 1417 453 EUSEBII
1453 383 1929 449 CESARIENSls
1966 382 2117 439 OPP.

2156 378 2336 434 PARS
2366 375 2458 430 111.
2500 373 2574 415 -·-’
2602 361 3008 424 EXEGETICA.
3619 344 3729 399 992

489 521 675 576 coelum
732 518 1008 573 desursum
1042 554 1058 579 ,
1102 524 1152 568 et
1203 521 1397 565 terram
1452 502 1744 574 dijudicare
1809 496 2096 567 populum,

2190 485 2645 559 Ῑροσκαλέονεται
2690 480 2798 533 τὸν
2837 469 3095 543 οὐρανὸν
3138 466 3261 522 ἄνω
3318 462 3416 518 καὶ
3457 460 3571 528 τὴν
3612 456 3728 527 γῆν

491 628 664 668 suum.
698 608 903 663 Horum
924 618 1091 661 causa
1123 602 1318 657 merito
1348 597 1681 651 arbitramur
1701 585 2055 661 quadragesi-

492 720 640 761 mum
670 716 871 758 nonum
904 698 1033 752 huic
1069 696 1279 767 psalmo
1315 686 1757 759 subjungendum
1804 693 1947 736 csse.
1989 675 2058 730 Il-

495 795 693 864 ludque
719 794 845 847 item
874 780 1532 847 observandum,eosdem
1565 777 1805 846 psalmos
1835 768 2060 842 perinde

494 861 654 955 atque
684 885 1100 952 subsequentes,
1122 877 1217 947 qui
1240 876 1369 930 item
1394 870 1597 941 Asaphi
1627 877 1773 931 sunt,
1801 861 2062 933 abjectio-

494 992 616 1031 nem
650 975 960 1030 Judzeorum
992 972 1221 1041 ejusque
1256 981 1454 1022 causas
1476 960 1784 1032 complecti.
1814 954 2063 1023 Quadra-

494 1068 734 1139 gesimus
766 1080 896 1119 vero
924 1077 1125 1126 nonus,
1160 1061 1228 1114 ab
1253 1057 1443 1114 eodem
1492 1054 1756 1126 propheta
1799 1048 2060 1117 scriptus,

494 1175 592 1230 per
645 1157 1040 1213 sacrificiorum
1092 1151 1547 1223 repudiationem,
1617 1144 1867 1199 Mosaicae
1931 1139 2065 1209 legis

497 1249 906 1319 abrogationem
939 1244 1181 1310 inducit;
1207 1243 1282 1297 ita
1312 1250 1368 1296 ut
1396 1242 1450 1294 in
1503 1238 1596 1293 illo
1636 1236 1881 1307 ejusdem
1905 1248 2067 1302 argu-

497 1336 670 1390 menti
699 1334 873 1389 series
916 1333 1299 1400 sententiaque
1332 1330 1673 1385 exhibeatur.
1702 1325 1818 1391 Qua
1846 1338 1974 1376 vero
2000 1319 2067 1375 de

498 1439 668 1480 causa
692 1438 819 1477 χιιι
851 1439 880 1477 a
911 1424 1273 1493 praesentibus
1305 1420 1527 1474 avulsus
1564 1428 1618 1473 et
1649 1424 1774 1471 ante
1800 1414 2070 1485 quinqua-

497 1519 692 1591 gesimi
717 1518 908 1588 psalmi
937 1514 1338 1571 confessionem
1370 1512 1581 1581 positus
1610 1509 1698 1574 sit,
1725 1509 1836 1578 jam
1872 1508 1927 1561 in
1950 1507 2071 1576 ejus

497 1608 894 1667 commentario
914 1608 1249 1679 disputatum
1277 1611 1381 1660 est.

570 1885 616 1938 Ι.
652 1877 1001 1938 CANTICUM
1036 1873 1285 1932 PSALMI
1324 1872 1451 1927 IPSl
1484 1866 1731 1925 ASAPH.
1772 1861 2033 1919 LXXXII.
2108 1849 2150 1903 Β

577 2033 747 2090 Vsus.
790 2033 845 2086 2.
879 2030 1041 2097 Deus,
1078 2030 1193 2099 quis
1219 2026 1409 2080 similis
1459 2023 1561 2079 erit
1615 2021 1751 2075 tibi?
1782 2035 1844 2073 ne
1875 2027 2075 2079 taceas,

506 2144 667 2198 neque
688 2124 1053 2193 compescaris,
1072 2122 1233 2176 Deus.
1252 2119 1699 2191 Septuagesimus
1727 2126 1907 2167 nonus
1931 2110 2078 2178 psal-

505 2236 629 2275 mus
661 2217 1093 2273 destructionem
1126 2214 1297 2267 vinea:
1319 2251 1333 2275 ,
1364 2209 1602 2264 Iudaica:
1630 2204 1805 2276 gentis
1839 2200 2077 2263 ruinam,

508 2314 613 2368 loci
643 2312 737 2383 qui
772 2325 940 2381 penes
990 2323 1086 2363 eos
1128 2307 1181 2361 in
1226 2304 1404 2376 pretio
1432 2312 1485 2357 et
1513 2302 1721 2355 honore
1774 2294 2081 2351 habebatur

508 2401 824 2458 incendium
880 2407 934 2454 et
972 2398 1281 2452 vastitatem
1340 2391 1777 2466 praenuntiabat;
1832 2387 1941 2441 duo
1994 2401 2083 2441 se-

508 2500 741 2565 quentes
775 2505 999 2546 causam
1033 2488 1197 2559 hujus
1226 2486 1558 2542 calamitatis
1586 2480 1955 2544 enarrabant;
1994 2478 2082 2531 hic

509 2599 640 2641 vero
672 2584 739 2639 iis
774 2583 1123 2652 conjunctus,
1159 2578 1611 2648 supplicationem
1658 2581 1713 2628 et
1747 2570 2086 2626 obsecratio-

511 2691 636 2731 nem
698 2690 795 2745 pro
841 2674 1041 2744 populo
1088 2671 1260 2727 eﬂ‘ert.
1307 2668 1439 2723 Post
1483 2665 1662 2720 tristia
1726 2664 1923 2734 quippe
1994 2661 2086 2714 illa

512 2766 672 2838 quasi
701 2766 966 2822 medelam
1000 2762 1293 2835 quamdam
1324 2758 1602 2831 praedictis
1630 2756 1919 2809 admovere
1950 2768 2080 2806 con.

513 2866 835 2917 sentaneum
894 2857 1017 2923 fuit,
1052 2853 1490 2927 quandoquidem
1549 2849 1745 2921 psalmi
1805 2846 1986 2915 Asaph
2033 2846 2088 2899 in

514 2952 620 3007 hoc
641 2950 1186 3005 circumscribentur.
1202 2944 1570 3012 Quamobrem
1594 2941 1874 2995 Canticum
1894 2935 2090 3007 psalmi

517 3040 820 3111 inscriptus
835 3047 941 3105 est,
961 3040 1088 3109 quia
1106 3039 1247 3092 bona
1278 3034 1480 3106 populo
1498 3039 1772 3104 precatur.
1799 3029 1894 3084 Est
1924 3041 2090 3098 porro

518 3132 845 3188 undecimus
877 3145 1068 3186 eorum
1118 3129 1213 3200 qui
1260 3125 1461 3196 Asaphi
1507 3123 1918 3185 inscribuntur,
1954 3133 2091 3190 quo-

520 3240 641 3281 rum
687 3225 894 3295 primus
924 3229 1041 3277 erat
1080 3235 1251 3285 Lxxu,
1284 3219 1359 3273 ita
1422 3224 1481 3272 ut
1522 3216 1577 3269 in
1633 3228 1822 3269 eorum
1878 3225 2093 3281 quoque

520 3329 753 3371 numero
780 3320 1068 3369 censeatur
1098 3326 1249 3372 χιιι,
1285 3308 1414 3379 quia
1453 3307 1500 3361 is
1534 3305 1698 3359 etiam
1736 3309 1819 3357 est
1847 3299 2089 3369 Asaphi:

523 3415 685 3477 atque
706 3407 779 3460 ita
807 3419 998 3459 omnes
1020 3401 1308 3457 duodecim
1330 3410 1558 3453 numero
1589 3401 1735 3450 sunt.
1762 3391 1820 3446 in
1843 3390 2095 3461 praesenti

526 3499 691 3570 igitur
731 3496 1001 3568 propheta
1059 3492 1170 3549 Deo
1225 3491 1541 3561 supplicans
1590 3486 1711 3540 ait:
1756 3483 1920 3548 Deus,
1979 3482 2096 3552 quis

523 3588 716 3643 similis
784 3588 883 3641 erit
932 3585 1069 3641 tibi?
1107 3600 1169 3639 ne
1237 3592 1436 3645 taceas,
1505 3593 1667 3649 neque
1728 3574 2097 3643 compescaris,

526 3680 690 3735 Deus.
732 3680 824 3732 Ait
858 3677 1099 3747 quippe:
1144 3670 1561 3743 Deppaticnti,
1603 3666 1858 3723 toleranti
1889 3706 1903 3729 ,
1946 3664 2098 3718 ideo-

526 3788 635 3842 que
688 3786 879 3826 omnes
953 3768 1190 3831 ferenti,
1254 3780 1416 3819 nemo
1489 3761 1708 3817 similis.
1776 3756 1913 3812 Nam
1977 3755 2101 3826 quis

527 3864 754 3936 perinde
797 3869 961 3931 atque
1014 3870 1069 3914 tu
1138 3859 1425 3913 atheorum
1482 3861 1538 3909 et
1605 3852 1897 3922 impiorum
1957 3848 2104 3903 blas-

530 3956 726 4027 phema
786 3953 931 4007 dicta
990 3961 1045 4007 et
1111 3950 1425 4020 superbiam
1487 3946 1630 4001 ferre
1666 3942 1900 3999 valeat?
1958 3940 2107 4007 Qua-

530 4061 593 4100 re
624 4045 724 4101 tibi
752 4046 970 4115 quidem
1005 4043 1115 4099 Deo
1152 4056 1312 4097 nemo
1344 4039 1542 4095 similis
1572 4037 1696 4092 erit.
1737 4036 1848 4106 Ego
1883 4047 2012 4088 vero
2047 4038 2106 4085 ut

534 4137 719 4200 homo,
756 4136 1073 4191 infirmitate
1123 4130 1584 4203 superatus'mea,
1632 4130 1747 4183 haec
1800 4125 2109 4195 supplicare

535 4228 732 4291 audeo,
767 4227 974 4297 tibique
996 4226 1108 4281 Deo
1131 4240 1255 4280 cum
1290 4223 1542 4294 precibus
1566 4220 1779 4275 dicere:
1804 4215 1886 4270 Ne
1911 4224 2107 4278 taceas,

539 4335 699 4389 neque
748 4320 1119 4388 compescaris,
1183 4316 1345 4370 Deus.
1382 4313 1537 4368 Tunc
1579 4325 1709 4365 vero
1758 4316 1941 4363 tacere
1966 4305 2139 4361 Deus

536 4411 763 4475 dicitur,
804 4425 928 4465 cum
972 4409 1381 4477 insurgentibus
1432 4404 1609 4458 atheis
1650 4409 1705 4456 et
1735 4398 1917 4468 impiis
1950 4396 2108 4463 viris,

539 4502 699 4572 quasi
756 4516 865 4555 non
900 4500 1188 4555 advertens
1226 4499 1317 4552 ille
1354 4501 1557 4558 manet,
1593 4505 1767 4560 neque
1822 4486 2109 4542 confestim

541 4594 803 4648 ultionem
828 4592 1016 4655 sumit,
1038 4605 1137 4645 nec
1162 4572 1473 4659 promeritis
1494 4601 1589 4641 eos
1612 4580 1896 4651 suppliciis
1923 4592 2114 4648 aggre-

542 4688 708 4741 ditur.
733 4683 1096 4750 Quamobrem
1124 4681 1241 4750 ipse
1267 4677 1449 4746 Asaph
1475 4677 1527 4729 in
1556 4690 1680 4729 XLIX
1704 4670 1916 4741 psalmo
1943 4668 2114 4723 Deum

545 4776 661 4831 haec
701 4774 1055 4843 peccantibus
1097 4770 1371 4825 dicentem
1403 4766 1615 4820 inducit
1648 4782 1661 4817 :
1694 4763 1823 4815 Hac
1851 4760 2043 4829 fecisti,
2065 4767 2116 4812 et

547 4872 688 4922 tacui
719 4882 735 4918 :
761 4864 1083 4920 existimasti
1116 4862 1292 4930 inique
1318 4858 1455 4928 quod
1494 4873 1582 4911 ero
1615 4855 1691 4907 tui
1724 4850 1938 4908 similis.
1971 4850 2117 4906 Cau-

548 4974 667 5015 sam
698 4973 827 5013 vero
851 4955 1077 5018 silentii,
1112 4951 1390 5022 patientiae
1416 4959 1470 5005 et
1498 4947 1799 5002 tolerantia:
1834 4944 1928 4998 Dei
1960 4942 2121 4997 docet

548 5050 864 5121 Apostolus,
897 5048 1014 5102 haec
1049 5045 1298 5101 scribens
1327 5060 1339 5095 :
1366 5040 1447 5094 Αη
1477 5038 1692 5092 divitias
1727 5036 1977 5089 bonitatis
2007 5032 2121 5102 ejus

549 5150 601 5195 et
643 5139 915 5209 patientia:
958 5147 1008 5191 et
1049 5133 1465 5206 longanimitatis
1509 5129 1821 5192 contemnis,
1871 5127 2121 5196 ignorans

551 5226 690 5299 quod
735 5226 1027 5296 benignitas
1074 5223 1173 5278 Dei
1209 5223 1278 5276 ad
1312 5219 1671 5291 paenitentiam
1714 5226 1761 5270 te
1802 5212 2019 5269 adducit
2042 5211 2126 5263 "2'

554 5319 663 5375 Sed
690 5326 750 5372 tu
785 5317 1027 5387 quidem,
1069 5315 1165 5379 ait,
1201 5323 1258 5368 ut
1288 5313 1453 5377 Deus,
1493 5324 1683 5364 omnes
1722 5305 1979 5366 sustines,
2011 5316 2128 5355 om-

555 5428 656 5467 nes
702 5412 1001 5465 clementer
1025 5396 1250 5469 toleras,
1283 5420 1349 5460 ac
1375 5404 1443 5459 de
1475 5404 1544 5458 iis
1575 5402 1706 5457 siles
1731 5398 1829 5469 qui
1876 5394 2042 5463 impie
2073 5398 2129 5446 et

558 5503 766 5558 nefarie
794 5508 1044 5571 peccant,
1071 5507 1126 5554 et
1173 5506 1365 5552 contra
1396 5503 1451 5550 te
1490 5494 1660 5548 Deum
1694 5487 2017 5557 blasphema
2042 5482 2129 5537 di-

561 5602 648 5647 εῐθ
677 5592 982 5662 Proferunt.
1017 5590 1130 5659 Ego
1164 5604 1297 5645 vero
1339 5603 1464 5643 cum
1492 5587 1609 5639 haec
1637 5582 1824 5636 videre
1865 5591 1976 5631 non
2004 5589 2132 5644 pos-

567 5685 693 5750 sim,
722 5683 970 5752 supplico
997 5683 1370 5752 deprecorque
1399 5678 1609 5734 veniam
1656 5669 1941 5742 consequi,
1985 5664 2131 5737 quod

646 5834 687 5867 ¹¹
726 5833 882 5888 Rom.
923 5849 991 5902 ιι,
1026 5834 1077 5888 4.

2157 582 2264 636 τοῦ
2294 577 2586 646 διακρῖναι
2624 573 2730 627 τὸν
2767 568 2921 625 λαὸν
2962 562 3168 619 αὑτοῦ.
3199 556 3415 614 Τούτων
3445 549 3728 621 τοιγαροῦν

2157 672 2318 725 ἕνεκα
2360 639 2584 728 εἰκότως
2612 661 2839 716 ἕπεσθαι
2880 656 2957 727 τῷ
2999 652 3135 725 μετά
3178 652 3363 721 χεῖρας
3408 639 3732 715 ἡγησάμεθα

2157 762 2248 816 τὸν
2296 758 2400 831 μθ¹,
2436 755 2673 810 Κάκεῖνο
2718 751 2773 804 δὲ
2821 745 3102 819 τηρητέον,
3132 741 3207 803 ὼς
3248 736 3447 809 ὁμοίως
3490 734 3602 794 τοῖς
3648 733 3734 783 ἐν-

2159 821 2333 907 ταῦθα
2367 846 2733 918 συνημμένοις
2766 841 2858 896 τοῦ
2916 835 3089 905 Ἀσάφ
3133 831 3365 903 ψαλμοῖς
3406 826 3504 897 τὴν
3534 821 3737 877 ἀποϐο-

2160 946 2259 1017 λὴν
2311 941 2404 996 τοῦ
2455 913 2725 993 Ἰουδαίων
2773 934 2978 996 ἔθνους,
3027 927 3121 981 καὶ
3164 922 3367 993 ταύτης
3411 918 3510 980 τὰς
3556 913 3738 975 αἰτίας

2164 1007 2491 1107 περιέχουσι.
2535 1030 2645 1085 Καὶ
2684 1031 2712 1081 6
2754 1023 2837 1096 μθ¹
2874 1022 2968 1076 τοῦ
3002 1016 3166 1073 αὐτοῦ
3204 1011 3485 1083 τυγχάνων
3521 1007 3736 1079 προφή-

2163 1099 2278 1194 του,
2309 1099 2620 1197 ἀνατροπὴν
2658 1120 2753 1173 τοῦ
2784 1115 3027 1176 Μωσέως
3059 1111 3224 1181 νόμου
3263 1105 3473 1172 εἰσάγει
3509 1100 3597 1154 διὰ
3636 1099 3740 1167 τῆς

2164 1220 2272 1274 τῶν
2308 1216 2505 1272 θυσιῶν
2542 1212 2957 1285 παραιτήσεως·
2994 1203 3135 1256 ὥστε
3186 1200 3279 1253 καὶ
3328 1197 3386 1249 ἐν
3428 1193 3609 1262 ταύτῷ
3639 1189 3742 1259 τὴν

2167 1308 2486 1365 ἀκολουθίαν
2532 1282 2841 1358 δείκνυσθαι
2890 1296 2990 1366 τῆς
3035 1292 3142 1346 τῶν
3193 1285 3579 1361 ἐμφερομένων
3627 1282 3746 1333 δια-

2168 1404 2336 1466 νοίας.
2373 1401 2469 1454 Διά
2508 1398 2639 1452 τίδὲ
2668 1390 3039 1466 μετατέθειται
3071 1389 3098 1441 6
3139 1384 3222 1455 μθ¹
3252 1386 3316 1436 ἐκ
3342 1381 3439 1451 τῆς
3470 1377 3576 1431 τῶν
3617 1390 3750 1443 προ-

2172 1463 2436 1563 κειμένων
2474 1463 2790 1555 συναφείας,
2836 1479 3201 1550 προτέτακται
3244 1472 3301 1525 δέ
3342 1470 3441 1539 τῆς
3482 1470 3539 1520 ἐν
3578 1463 3658 1534 τῷ
3703 1468 3749 1514 ν’

2171 1553 2369 1655 (bisin
2405 1553 2863 1649 ἐξομολογήσεως,
2892 1570 2948 1621 ἐν
2976 1569 3088 1629 τοῖς
3113 1566 3194 1628 είς
3220 1562 3379 1617 αὐτὸν
3406 1553 3755 1627 τεθεωρημέ-

2175 1656 2285 1739 νοὶς
2311 1677 2440 1745 ἡμῖν
2471 1668 2901 1743 προδιείληπται.

2485 1847 2617 1919 ῼΔΗ
2648 1840 2947 1897 ΨΑΛΜΟΥ
2978 1839 3066 1907 Τῼ
3096 1834 3291 1888 ΑΣΑΦ.
3316 1830 3442 1883 ΠΒ’.

2258 2005 2318 2057 '0
2350 2001 2513 2067 Θεὸς,
2551 2000 2641 2064 τίς
2686 1989 3113 2065 ὁμοιωθήσεται
3147 2000 3285 2049 σοι;
3323 1981 3417 2050 Μὴ
3466 1976 3755 2049 σιγήσῃς,

2174 2094 2330 2164 μηδὲ
2376 2090 2820 2159 καταπρανῢνῃς,
2871 2088 2903 2139 ό
2954 2083 3119 2147 Θεός.
3163 2080 3217 2131 Ὁ
3277 2076 3374 2147 μὲν
3425 2072 3498 2126 οθ⁹
3540 2067 3759 2139 ψαλμὸς

2180 2160 2548 2257 προανεφώνει
2579 2181 2669 2233 τὸν
2711 2174 3015 2246 ἀφανισμὸν
3044 2171 3137 2225 τοῦ
3172 2167 3494 2240 ἀμπελῶνος
3521 2164 3611 2215 καὶ
3652 2160 3757 2229 τὴν

2181 2278 2389 2332 πτῶσιν
2420 2273 2513 2327 τοῦ
2551 2270 2817 2325 Ἰουδαίων
2857 2267 3061 2329 ἔθνους,
3088 2262 3181 2316 τοῦ
3213 2278 3273 2314 τε
3303 2260 3431 2329 παρ’
3460 2255 3642 2317 αὐτοῖς
3678 2268 3763 2305 τε·

2180 2369 2485 2442 τιμημένου
2528 2366 2692 2419 τόπου
2722 2364 2814 2416 τὸν
2844 2356 3172 2431 ἐμπρησμὸν
3220 2353 3314 2408 καὶ
3354 2350 3449 2422 τὴν
3483 2346 3720 2419 ἐρημίαν
3745 2361 3760 2375 ο

2182 2440 2251 2519 οί-
2275 2440 2319 2518 δς
2365 2460 2493 2531 ἑξῆς
2522 2457 2670 2528 αὐτῷ
2697 2456 2789 2509 δύο
2819 2454 2917 2523 τὴν
2949 2450 3129 2505 αἰτίαν
3164 2447 3438 2500 ἐδίδασκον
3473 2442 3539 2494 δι’
3572 2440 3638 2510 ἢν
3674 2454 3767 2490 πε-

2184 2556 2410 2611 πόνθασι
2448 2551 2651 2605 ταῦτα·
2699 2551 2728 2601 6
2772 2547 2828 2600 δὲ
2873 2542 3082 2613 παρὼν,
3131 2536 3469 2608 συνημμένος
3511 2531 3762 2591 ἐκείνοις,

2187 2646 2467 2718 ἱκετηρίαν
2504 2644 2599 2697 καὶ
2642 2641 2825 2709 δέησιν
2865 2636 3006 2703 ὑπὲρ
3037 2630 3132 2686 τοῦ
3167 2628 3295 2684 λαοῦ
3332 2629 3582 2679 ποιεῖται.
3614 2621 3765 2674 Ἐδει

2185 2739 2293 2810 γὰρ
2323 2717 2458 2808 μετά
2489 2734 2557 2788 τὰ
2586 2728 2884 2801 σκυθρωπά
2914 2726 3102 2796 ὥσπερ
3127 2721 3248 2776 τινὰ
3274 2717 3565 2790 θεραπείαν
3592 2728 3765 2784 προσ-

2188 2804 2339 2900 ἀγειν
2360 2831 2472 2891 τοῖς
2502 2823 2864 2897 προλεχθεῖσι,
2902 2817 3191 2889 μέλλοντας
3218 2814 3275 2866 ἐν
3301 2810 3474 2877 τούτῳ
3501 2804 3765 2875 περιγρά-

2189 2892 2382 2995 φεσθαι
2401 2921 2523 2982 τοὺς
2542 2892 2649 2971 Ῠοῦ
2666 2892 2857 2981 blatis:
2874 2907 3138 2981 ψαλμούς.
3158 2904 3247 2958 Διὸ
3262 2903 3354 2956 καὶ
3369 2898 3503 2972 ’ῼὸὴ
3519 2892 3768 2965 ψαλμοῦ

2189 2986 2590 3081 ἐπιγέγραπται
2611 3007 2639 3057 6
2661 3001 2848 3074 παρὼν
2869 3000 3047 3067 λόγος,
3073 2995 3162 3049 διά
3182 2993 3242 3046 τὸ
3273 2991 3339 3044 τὰ
3368 2986 3580 3060 χρηστά
3605 2986 3771 3053 ὑπερ-

2190 3077 2443 3171 εύχεσθαι
2476 3095 2569 3148 τοῦ
2598 3091 2750 3146 λαοῦ.
2778 3091 2933 3143 Ἔστι
2958 3088 3013 3141 δέ
3035 3088 3063 3139 6
3090 3081 3279 3155 παρὼν
3303 3077 3411 3132 τῶν
3437 3081 3772 3144 ἐπιγεγραμ-

2120 3187 2164 3249 C
2199 3168 2372 3262 μένων
2394 3186 2504 3243 Τοῦ
2520 3185 2701 3251 Ἀσὰφ
2724 3188 2812 3246 ια’,
2841 3174 2915 3233 ὧν
2948 3175 3162 3248 πρῶτος
3193 3168 3259 3243 ἦν
3286 3172 3314 3222 6
3346 3168 3445 3232 06',
3484 3178 3774 3235 συμπαρα-

2194 3252 2608 3351 λαμϐανομένου
2645 3274 2759 3336 τοῖς
2802 3266 3183 3342 προκειμένοις
3218 3259 3315 3314 τοῦ
3360 3266 3409 3331 μ’
3444 3258 3536 3311 καὶ
3580 3254 3646 3317 θ’,
3685 3252 3773 3307 διὰ

2194 3347 2389 3428 τὸϋκαὶ
2419 3347 2580 3423 αὐτὸν
2607 3361 2746 3418 εἶναι
2773 3362 2868 3414 τοῦ
2908 3358 3101 3427 Ἀσάφ.
3137 3353 3367 3409 Γένοιντ’
3397 3351 3464 3404 ἂν
3491 3351 3539 3403 οἱ
3568 3347 3775 3409 πάντες

2194 3468 2286 3521 τὸν
2311 3460 2542 3534 ἀριθμὸν
2575 3458 2664 3512 ιϐ’.
2693 3456 2855 3524 Λέγει
2882 3453 2939 3506 δὲ
2969 3450 3056 3505 διὰ
3086 3447 3177 3502 τοῦ
3206 3446 3471 3519 παρόντος
3501 3444 3530 3494 6
3554 3441 3777 3510 Προφή-

2196 3575 2296 3628 της
2342 3533 2400 3609 ἐν
2444 3554 2511 3623 τῇ
2555 3548 2693 3621 πρὸς
2725 3547 2814 3600 τὸν
2856 3544 2987 3598 Θεὸν
3034 3539 3317 3611 ἱκετηρία·
3366 3538 3431 3590 '0
3475 3534 3639 3599 Θεὸς,
3689 3533 3780 3596 τίς

2199 3622 2627 3716 ὁμοιωθήσεται
2660 3653 2796 3700 σοι;
2826 3634 2922 3703 Μὴ
2956 3630 3240 3703 σιγήσῃς,
3253 3626 3407 3697 μηδὲ
3437 3622 3777 3690 καταπραύ-

2198 3759 2336 3808 νῃς.
2359 3740 2391 3792 ό
2428 3737 2589 3800 Θεός.
2630 3733 2688 3785 Ὀ
2718 3731 2816 3801 μὲν
2840 3729 2966 3798 γὰρ,
2993 3727 3146 3795 φησὶ,
3172 3722 3250 3793 τῷ
3280 3720 3398 3791 Θεῷ
3436 3716 3779 3789 μακροθύμῳ

2201 3807 2313 3886 ὄντι
2351 3829 2444 3882 καὶ
2489 3823 2814 3892 ἀνεξικάκῳ,
2849 3819 2944 3873 καὶ
2990 3816 3079 3869 διά
3117 3813 3274 3866 τοῦτο
3321 3811 3539 3864 πάντων
3585 3807 3781 3875 ἀνεχο-

2208 3923 2373 3994 μένῳ,
2402 3918 2576 3980 οὐδεὶς
2613 3917 2817 3986 ὅμοιος.
2849 3911 2946 3973 Τίς
2985 3908 3094 3978 γάρ
3134 3922 3214 3958 σοι
3256 3898 3653 3973 παραπλησίως
3686 3896 3785 3957 τὰς

2205 3990 2512 4070 τῶν-ἀθέων
2540 4007 2635 4062 καὶ
2656 4004 2869 4059 ἀσεὸῶν
2894 3998 3105 4071 ἀνδρῶν
3135 3994 3445 4065 δυσφημίας
3479 3991 3573 4045 καὶ
3613 3990 3786 4058 ὑπερ⁴

2206 4105 2441 4177 ηφανίας
2478 4098 2589 4163 οἶός
2615 4100 2663 4151 τ’
2697 4097 2764 4151 ἂν
2805 4093 2890 4164 εἴη
2931 4092 3145 4163 φέρειν;
3182 4087 3272 4141 Διὸ
3306 4086 3388 4139 σοὶ
3429 4083 3548 4154 μὲν,
3578 4083 3606 4132 6
3627 4079 3783 4141 Θεὸς,

2207 4169 2381 4258 ουδεὶς
2401 4190 2829 4263 ὁμοιωθήσεται·
2871 4181 2982 4252 ἐγὼ
3008 4181 3064 4234 δὲ
3097 4179 3172 4243 ὡς
3201 4176 3505 4246 ἄνθρωπος,
3535 4169 3789 4242 ἡττώμε-

2210 4305 2300 4351 νος
2335 4257 2449 4338 ὑῗπὸΙ
2471 4283 2571 4352 τῆς
2600 4257 2839 4349 ἐμαυτοῦ
2876 4271 3181 4343 ἀσθενείας,
3213 4266 3395 4337 τολμῶ
3433 4262 3666 4325 δεῖσθαι,
3696 4257 3788 4313 καὶ

2214 4379 2298 4432 σοὶ
2345 4376 2423 4446 τῷ
2470 4372 2589 4443 Θεῷ
2638 4370 2754 4442 μεθ’
2795 4366 3071 4437 ἱκετηρίας
3109 4363 3313 4431 λέγειν·
3354 4356 3451 4423 Μὴ
3501 4353 3787 4423 σιγήσῃςν

2207 4467 2362 4539 μηδὲ
2395 4442 2860 4530 ’καταπραΰνῃα
2906 4460 2939 4509 ό
2998 4454 3162 4518 Θεός.
3214 4451 3377 4520 Σιγᾷν
3410 4447 3465 4500 δὲ
3502 4446 3723 4511 λέγεται
3760 4442 3791 4493 6

2144 4542 2187 4596 Ῐ)
2207 4534 2367 4621 ⁷Θεὸς,
2404 4554 2622 4609 ἐπειδὰν
2648 4548 3025 4622 ἐπαιρομένων
3056 4544 3166 4597 τῶν
3190 4543 3365 4596 ἀθέων
3393 4540 3488 4592 καὶ
3513 4534 3790 4590 δυσσεὸῶν

2216 4648 2446 4721 ἀνδρῶν,
2474 4642 2873 4717 ἀπροσποίητος
2904 4638 3074 4709 μένει,
3106 4636 3180 4707 μὴ
3203 4634 3423 4701 ἐπάγων
3452 4630 3791 4700 παραχρῆμα

2216 4746 2313 4815 τὴν
2346 4742 2463 4795 κατ’
2508 4737 2682 4792 αὐτῶν
2711 4732 2901 4805 ὀργὴν,
2937 4729 3069 4801 μηδὲ
3112 4730 3228 4790 ταῖς
3261 4727 3381 4779 κατ’
3417 4722 3596 4776 αὐτῶν
3622 4737 3793 4790 τιμω-

2223 4809 2365 4906 ρίαις
2394 4829 2689 4903 χρώμενος.
2730 4825 2820 4877 Διὸ
2856 4823 2951 4877 καὶ
2990 4824 3102 4883 τοῖς
3138 4815 3541 4888 ἁμαρτάνουσιν
3572 4814 3600 4865 6
3634 4809 3793 4870 αὐτὸς

2233 4925 2403 4993 Ἀσάφ
2448 4926 2505 4976 ἐν
2541 4919 2617 4991 τῷ
2658 4924 2712 4988 μ’
2744 4916 2836 4970 καὶ
2886 4914 2928 4967 θ’
2968 4913 3060 4965 τὸν
3100 4910 3230 4963 Θεὸν
3276 4907 3488 4977 είσάγει
3529 4905 3789 4972 λέγοντα·

2226 5016 2416 5072 Ταῦτα
2455 5012 2776 5078 ἐποίησας,
2813 5004 2914 5058 καί
2958 5004 3246 5071 ἐσίγησα·
3305 4998 3602 5061 ὑπέλαϐες
3655 4995 3793 5049 ἀνο-

2217 5110 2386 5179 μίαν,
2415 5106 2505 5159 ὅτι
2530 5101 2744 5171 ἔσομαι
2767 5112 2867 5152 σοι
2890 5096 3111 5165 ὅμοιος.
3141 5091 3221 5146 Τὰ
3243 5091 3301 5145 δὲ
3328 5090 3477 5143 αἴτια
3509 5089 3607 5157 τῆς
3640 5081 3792 5151 σιγῆς

2223 5199 2317 5253 τοῦ
2351 5196 2484 5252 Θεοῦ
2519 5195 2614 5249 καὶ
2640 5193 2738 5263 τῆς
2772 5187 2971 5258 ἀνοχῆς
3004 5186 3097 5239 καὶ
3126 5185 3223 5252 τῆς
3260 5179 3644 5253 μακροθυμίας
3672 5188 3792 5263 παι-

2224 5291 2366 5344 δεύει
2405 5292 2434 5342 ό
2471 5262 2790 5345 ’Δπόστολος
2827 5280 3054 5350 γράφων
3077 5293 3091 5306 ο
3131 5276 3201 5329 Ἢ
3238 5273 3345 5327 τοῦ
3392 5272 3656 5327 πλούτου
3692 5262 3791 5329 τῆς

2227 5381 2631 5450 χρηστότητος
2665 5373 2851 5430 αὑτοῦ
2892 5374 2992 5426 καί
3022 5370 3130 5439 τῆς
3167 5366 3399 5435 ἀνοχῆς
3430 5363 3529 5419 καὶ
3558 5361 3665 5430 τῆς
3686 5373 3791 5426 μα·

2229 5447 2550 5539 προθυμίας
2576 5462 2986 5533 καταφρονεῖς,
3026 5458 3283 5531 ἀγνοῶν,
3308 5458 3398 5510 ὅτι
3440 5454 3507 5509 τὸ
3534 5447 3789 5521 χρηστὸν

2230 5563 2336 5617 τοῦ
2380 5559 2527 5614 Θεοῦ
2574 5561 2661 5624 εὶς
2686 5554 3009 5626 μετάνοιάν
3046 5568 3120 5606 σε
3156 5552 3324 5623 tiret;
3376 5544 3536 5601 Ἀλλά
3569 5545 3631 5598 σὺ
3677 5540 3787 5611 μὲν,

2234 5653 2415 5725 φησὶν,
2443 5653 2519 5716 ὼς
2550 5649 2680 5713 Θεὸς
2720 5647 2936 5703 πάντων
2973 5644 3319 5715 ἀνεχόμενος,
3365 5640 3577 5701 πάντας
3618 5633 3788 5706 φέρεις
