4078 6432
333 423 441 479 993

1427 419 1929 479 COMMENTARIA
1967 420 2034 477 IN
2073 420 2409 480 PSALMOS.

3467 427 3576 486 994

329 532 545 605 πράως,
580 531 676 589 καὶ
720 530 818 585 ἐπὶ
853 533 966 596 τοῖς
992 531 1166 603 ἀσεϐῆ
1197 532 1292 585 καὶ
1335 531 1473 587 ἄθεα
1508 532 1897 605 ἁμαρτάνουσι,

2007 549 2118 588 non
2154 535 2320 589 simili
2366 540 2530 605 atque
2569 540 2629 587 tu
2679 532 2843 588 modo
2884 533 3122 589 tolerare
3150 534 3403 591 valeam:
3445 553 3574 592 nam

328 626 424 680 καὶ
451 623 594 677 κατὰ
613 621 705 677 σοῦ
723 621 817 676 τοῦ
838 622 973 677 Θεοῦ
994 623 1394 694 βλασφημοῦσι,
1421 626 1632 695 σιωπᾷς
1649 640 1662 653 ·
1691 623 1802 693 ἐγὼ
1825 623 1903 691 δὲ,

331 717 409 790 μὴ
431 716 731 787 δυνάμενος
773 713 946 769 ταῦτα
970 716 1125 787 ὁρᾷν,
1157 716 1348 785 δέομαι
1375 715 1470 769 καὶ
1510 714 1735 769 ἱκετεύω
1777 732 1906 784 συγ-

327 809 553 881 γνώμης
578 811 759 879 τυχεῖν
780 809 873 862 ὲπὶ
896 807 958 862 τὸ
991 809 1066 880 μὴ
1091 807 1349 862 δύνασθαι
1372 808 1557 881 φέρειν
1580 826 1663 862 σοι
1692 807 1770 878 τῷ
1787 806 1905 879 Θεῷ

325 899 753 970 παραπλησίως·
799 898 884 962 τίς
925 899 1034 970 γάρ
1069 915 1151 951 σοι
1196 898 1634 970 ὁμοιωθήσεται;
1685 898 1776 951 Διὸ
1829 899 1905 963 ὡς

322 992 629 1063 ἄνθρωπος,
675 990 834 1062 ζῆλον
866 989 1001 1061 ἔχων
1029 990 1121 1044 τὸν
1155 990 1294 1062 ὑπὲρ
1324 991 1423 1061 τῆς
1458 991 1558 1060 σῆς
1600 991 1900 1056 εὐσεϐείας,

323 1081 506 1153 τολμῶ
558 1080 846 1153 ἱκετηρίαν
897 1097 979 1134 σοι
1028 1081 1360 1152 προσάγειν·
1407 1080 1547 1134 ὥστε
1592 1081 1902 1135 παύσασθαι

325 1175 425 1246 μὲν
468 1175 566 1245 τῆς
618 1174 824 1244 ἀφάτου
878 1173 1255 1245 μακροθυμίας
1300 1173 1395 1227 καὶ
1440 1174 1536 1243 τῆς
1581 1174 1901 1241 ἀνεξικὰκου

327 1268 537 1338 σιωπῆς
551 1284 565 1297 ·
588 1266 690 1337 ἤδη
711 1266 769 1319 δέ
794 1282 924 1319 ποτε
946 1265 1229 1336 κινηθῆναι
1251 1265 1391 1318 κατὰ
1414 1265 1521 1319 τῶν
1536 1267 1605 1319 τὰ
1629 1266 1902 1337 ἀνήκεστα

321 1353 750 1426 τετολμηκότων.
782 1354 871 1407 Διό
898 1370 1076 1424 φημι·
1111 1352 1206 1421 Μὴ
1236 1353 1517 1423 σιγήσῃς,
1543 1354 1698 1423 μηδὲ
1729 1371 1903 1408 κατα-

322 1448 626 1515 πραῢν-ῃς·
659 1446 772 1500 ἀνθ’
813 1437 875 1499 οῦ
915 1446 942 1499 ὁ
989 1444 1088 1514 μὲν
1133 1444 1385 1509 Ἀκύλας,
1411 1445 1508 1515 Μὴ
1549 1445 1896 1515 καθηούχὰ⁴

321 1555 463 1609 σῃς,
521 1540 549 1591 ὁ
582 1539 637 1592 δὲ
688 1538 1004 1610 Σύμμαχος,
1051 1537 1148 1607 Μὴ
1200 1538 1537 1607 ἐρημάσῃς,
1593 1540 1897 1609 εἰρήκασιν.

322 1628 434 1685 Εἶτ’
467 1630 709 1699 ἐπιλέγει
737 1630 894 1701 ἑξῆς·
931 1630 1049 1683 Ὅτι
1096 1628 1225 1683 ἰδοὺ
1272 1632 1327 1683 οἱ
1368 1630 1568 1700 ἐχθροί
1594 1643 1710 1683 σου
1752 1629 1901 1699 ἤχη-

320 1738 462 1789 σαν,
490 1722 589 1777 καὶ
625 1724 680 1776 οἱ
708 1721 1031 1791 μισοῦντές
1056 1739 1131 1775 σε
1156 1718 1310 1792 ἦραν
1333 1722 1624 1791 κεφαλήν.
1661 1722 1819 1775 Κατὰ
1844 1722 1901 1775 δὲ

320 1813 413 1868 τὸν
451 1813 702 1867 Ἀκύλαν·
763 1814 885 1868 Ὅτι
928 1813 1056 1868 ἰδοὺ
1094 1816 1149 1868 οἱ
1184 1814 1387 1884 ἐχθροί
1431 1827 1548 1868 σου
1588 1812 1897 1890 ὥχλᾳσαν,

2008 628 2130 697 quis
2159 628 2356 683 similis
2396 626 2503 682 erit
2543 626 2681 681 tibi?
2705 624 3049 696 Quapropter
3083 634 3143 682 ut
3172 627 3356 693 homo,
3393 629 3577 686 studio

2004 720 2226 789 pietatis
2250 735 2377 790 erga
2411 726 2465 774 te
2494 720 2775 784 incensus,
2808 718 3118 789 supplicare
3148 720 3247 774 tibi
3284 720 3479 789 audeo,
3514 727 3576 776 ut

2004 808 2167 862 linem
2200 806 2375 863 facias
2416 807 2719 862 tolerantia:
2747 814 2801 862 et
2841 808 3069 871 silentii,
3105 824 3169 864 ac
3199 810 3311 881 jam
3351 812 3573 866 demum

2002 913 2257 954 moveare
2297 897 2563 955 adversus
2602 913 2697 954 eos
2730 898 2821 969 qui
2857 899 3224 957 intolerabilia
3267 902 3387 957 ausi
3420 909 3568 957 sunt.

2002 988 2131 1045 Ideo
2171 990 2296 1045 dico
2324 988 2442 1044 :Ne
2474 999 2672 1055 taceas,
2699 1007 2859 1060 neque
2905 993 3274 1059 compescaris.
3316 991 3424 1047 Pro
3460 1008 3574 1063 quo

2001 1079 2320 1150 Aquila,Ne
2347 1080 2605 1150 quiescas,
2653 1080 3017 1151 Symmachus
3057 1097 3209 1146 vero,
3256 1081 3339 1136 Ne
3376 1099 3572 1149 cesses,

2002 1173 2344 1242 interpretati
2360 1180 2510 1228 sunt.
2536 1172 2743 1231 Deindc
2773 1172 2959 1228 subdit
2983 1192 2996 1227 :
3018 1206 3085 1218 —-
3116 1172 3283 1229 Vens.
3320 1175 3378 1229 ’5.
3433 1173 3575 1239 Quo-

2002 1266 2146 1319 niam
2176 1281 2292 1319 ecce
2335 1266 2535 1320 inimici
2585 1266 2662 1318 tui
2701 1276 3009 1331 sonuerunt,
3042 1275 3091 1320 et
3142 1268 3230 1337 qui
3269 1266 3491 1321 oderunt
3522 1276 3576 1321 te

1999 1357 2300 1412 extulerunt
2342 1367 2520 1427 caput.
2578 1357 2894 1414 Secundum
2931 1358 3187 1428 Aquilam
3220 1375 3384 1414 vero:
3424 1358 3572 1425 Quo-

2000 1451 2143 1505 niam
2185 1467 2299 1505 ecce
2324 1444 2535 1505 inimici
2560 1451 2637 1504 tui
2679 1450 2865 1505 turbas
2902 1458 3195 1517 moverunt,
3242 1460 3291 1505 et
3322 1451 3414 1521 qui
3447 1450 3575 1505 ode-

2000 1548 2128 1595 runt
2172 1550 2220 1595 te
2255 1541 2558 1595 extulerunt
2594 1551 2784 1609 caput;
2833 1542 3137 1597 secundum
3180 1540 3573 1612 Symmachum

1999 1648 2132 1690 vero
2165 1652 2179 1690 :
2210 1634 2345 1689 Ecce
2372 1636 2510 1689 enim
2541 1635 2741 1689 inimici
2775 1635 2871 1699 tui,
2905 1634 3104 1705 inquit,
3135 1650 3246 1688 una
3276 1644 3489 1699 sonant,
3522 1642 3572 1689 et

1998 1726 2089 1797 qui
2109 1724 2333 1781 oderunt
2367 1737 2416 1781 te
2446 1727 2670 1795 efferunt
2699 1735 2875 1795 caput.
2918 1724 3130 1781 Sonant
3158 1735 3340 1782 autem
3373 1734 3428 1782 et
3452 1734 3572 1781 tur-

1999 1817 2100 1874 bas
2142 1826 2362 1875 movent
2407 1819 2613 1875 inimici
2648 1818 2765 1885 Dei,
2815 1834 2941 1874 cum
2972 1834 3085 1874 non
3130 1819 3360 1874 latenter
3392 1834 3573 1890 neque

322 1906 421 1961 καὶ
445 1905 911 1976 μισοποιοῦντές
938 1921 1012 1960 σε
1043 1906 1199 1975 ἦραν
1224 1904 1499 1975 κεφαλήν
1515 1924 1531 1939 ο
1559 1905 1703 1960 κατὰ
1723 1904 1779 1959 δὲ
1804 1905 1896 1959 τὸν

1997 1908 2227 1964 remisse
2255 1908 2573 1979 blasphema
2602 1909 2745 1963 dicta
2772 1916 2965 1963 contra
2996 1908 3165 1964 Deum
3193 1908 3441 1979 proferre
3470 1925 3571 1965 au-

321 1999 648 2069 Σύμμαχον·
690 1997 835 2053 Ἰδοὺ
882 1999 993 2070 γὰρ
1029 2001 1082 2052 οί
1125 1998 1326 2066 ἐχθροί
1367 2012 1504 2064 σου,
1548 1998 1701 2069 φησι,
1748 2013 1899 2052 συν-

322 2090 564 2159 ηχοῦσι,
606 2090 705 2145 καὶ
729 2094 783 2145 οἱ
802 2088 1129 2161 μισοῦντές
1164 2090 1576 2161 σενέπαιρουσι
1600 2088 1896 2159 κεφαλήν.

335 2182 555 2252 Ἦχοῦσι
592 2183 647 2236 δὲ
679 2183 774 2236 καὶ
818 2182 1136 2253 ὀχλάζουσιν
1177 2184 1226 2236 οἱ
1272 2181 1457 2254 ἐχθροὶ
1492 2181 1589 2238 τοῦ
1628 2181 1785 2247 Θεοῦ,
1809 2182 1899 2236 ὅτε

321 2271 506 2326 οὐκέτι
550 2273 811 2345 κρύϐδην,
856 2273 979 2327 οὐδὲ
1022 2273 1401 2344 πεφεισμένως
1441 2272 1680 2345 τολμῶσι
1723 2289 1901 2345 παρα-

324 2364 655 2435 φθέγγεσθαι
695 2365 793 2429 τὰς
826 2364 966 2420 κατὰ
993 2366 1087 2421 τοῦ
1118 2366 1253 2421 Θεοῦ
1287 2365 1663 2437 βλασφημίας·
1695 2366 1798 2437 ἤδη
1840 2366 1899 2420 δὲ

321 2458 389 2513 ὲκ
429 2457 522 2511 τοῦ
559 2458 868 2530 προφανοῦς
898 2460 989 2513 καὶ
1024 2458 1236 2531 ἀθρόως
1281 2459 1333 2511 οἱ
1375 2459 1576 2522 πάντες
1621 2457 1762 2511 κατὰ
1800 2456 1896 2511 τοῦ

321 2549 457 2605 Θεοῦ
499 2549 570 2603 τὰ
606 2549 741 2605 ἄθεα
783 2550 1147 2622 προφέρονται
1191 2550 1429 2622 ῥήματα,
1473 2551 1629 2603 ὁποῖα
1657 2548 1896 2619 τολμῶσι

312 2641 582 2711 ’πράττειν
620 2639 763 2694 κατὰ
794 2639 920 2704 τοὺς
953 2639 1060 2694 τῶν
1093 2638 1348 2711 διωγμῶν
1392 2639 1638 2711 καιρούς.
1676 2635 1810 2693 Εἶτα
1839 2638 1897 2692 δὲ

319 2731 417 2787 καὶ
464 2730 890 2817 summam;
931 2732 1027 2786 καὶ
1074 2732 1466 2804 φρυαττόμενω
1513 2732 1615 2804 τὴν
1653 2731 1896 2804 κεφαλὴν

319 2821 658 2893 ἐπαίρουσιν,
688 2822 776 2875 ὅτε
819 2822 1052 2893 μάλιστα
1092 2823 1379 2895 ὲπιτριϐὴν
1416 2823 1600 2887 αὐτοῖς
1640 2826 1674 2894 ή
1717 2822 1896 2896 σιωπὴ

1998 1998 2156 2068 dent;
2194 1999 2291 2056 sed
2325 2001 2504 2071 palam
2538 2007 2593 2056 et
2621 2000 2911 2056 confertim
2936 2016 3129 2057 omnes
3161 2001 3218 2056 in
3256 2000 3429 2057 Deum
3466 2003 3573 2057 im-

1997 2092 2088 2162 pia
2110 2092 2276 2148 verba
2309 2103 2590 2156 evomunt,
2621 2092 2805 2162 qualia
2836 2092 3279 2161 persecutionum
3320 2101 3571 2163 tempore

1998 2184 2200 2239 audent
2226 2183 2439 2241 eﬂ'erre.
2472 2183 2677 2240 Deinde
2702 2191 2883 2240 erecta
2910 2184 3126 2240 cervice
3151 2185 3447 2243 frementes
3474 2201 3570 2241 ca-

1998 2283 2097 2347 put
2128 2277 2394 2341 exaltant,
2427 2278 2647 2347 quando
2685 2276 2926 2332 maxime
2968 2276 3249 2332 silentium
3278 2276 3373 2332 Dei
3408 2277 3570 2334 indu-

1998 2368 2114 2425 cias
2159 2368 2295 2439 ipsis
2352 2370 2578 2440 praebet.
2630 2367 2728 2424 His
2785 2384 2919 2425 vero
2967 2378 3133 2439 caput
3178 2367 3566 2435 efferentibus,

2000 2456 2097 2513 Dei
2155 2457 2405 2516 homines
2467 2457 2650 2513 aﬂlicti
2703 2456 3096 2525 humiliantur;
3148 2466 3207 2512 ut
3249 2459 3367 2514 vice
3411 2474 3570 2515 versa

2000 2548 2278 2619 depressis
2310 2549 2551 2606 inimicis
2575 2548 2693 2614 Dei,
2728 2556 3045 2605 sanctorum
3077 2550 3572 2622 religiosorumque

1998 2640 2244 2696 virorum
2268 2642 2450 2713 capita
2470 2643 2805 2698 exaltantur.
2835 2640 3015 2709 Quare
3035 2657 3101 2696 ex
3121 2657 3309 2697 eorum
3333 2657 3571 2713 persona

1999 2731 2200 2787 alicubi
2243 2731 2451 2788 dictum
2498 2740 2584 2788 est
2612 2751 2626 2789 :
2651 2731 2721 2786 Et
2751 2748 2887 2786 nunc
2913 2733 3166 2789 exultavit
3199 2744 3355 2802 caput
3398 2750 3570 2788 meum

1999 2840 2155 2894 super
2177 2827 2418 2882 inimicos
2450 2844 2589 2882 meos
2616 2827 2682 2882 ¹⁸.

319 2910 413 2966 τοῦ
471 2912 607 2966 Θεοῦ
663 2912 1081 2986 κατεργάζεται.
1153 2914 1368 2969 Τούτων
1399 2915 1457 2969 δὲ
1518 2915 1619 2987 τὴν
1653 2914 1897 2988 κεφαλὴν
1955 2918 2255 2990 αἰρόντων,
2319 2922 2368 2974 οἱ
2425 2918 2521 2973 τοῦ
2584 2917 2720 2973 Θεοῦ
2774 2917 3049 2990 ἄνθρωποι
3108 2917 3572 2989 καταπονούμενοι

319 3004 725 3058 ταπεινοῦνται·
788 3004 865 3069 ὡς
922 3004 1155 3077 ἔμπαλιν
1218 3007 1654 3079 ταπεινουμένων
1715 3008 1825 3063 τῶν
1866 3008 2079 3082 ἐχθρῶν
2114 3010 2209 3065 τοῦ
2239 3013 2375 3067 Θεοῦ
2417 3014 2475 3066 at
2518 3012 2629 3068 τῶν
2672 3010 2843 3081 ἁγίων
2894 3013 2988 3065 καὶ
3036 3010 3297 3082 θεοφιλῶν
3358 3011 3570 3083 ἀνδρῶν

318 3094 551 3163 κεφαλαὶ
588 3094 869 3165 ὁψοῦνται.
916 3098 1007 3153 Διὸ
1045 3098 1259 3172 εἴρηταί
1297 3117 1402 3153 που
1445 3100 1503 3158 es
1547 3099 1726 3155 αὐτῶν
1762 3100 2056 3175 προσώπου
2082 3104 2163 3157 τό·
2224 3106 2339 3160 Καὶ
2414 3104 2533 3161 νῦν
2579 3105 2791 3175 ῧψωσε
2838 3103 3116 3176 κεφαλήν
3169 3122 3290 3174 μου
3338 3105 3430 3158 ἐπ’
3473 3104 3573 3172 ex.

321 3187 501 3255 θρούς
527 3205 669 3258 μου.

402 3299 529 3353 Ἐπὶ
562 3300 671 3355 τὸν
697 3303 852 3358 λαόν
879 3317 997 3357 σου
1036 3303 1712 3373 κατεπανουργεύσαντο
1746 3303 1894 3375 γνώ-

2063 3302 2234 3359 Vsns.
2265 3301 2321 3367 4,
2354 3301 2409 3357 5.
2452 3300 2623 3370 Super
2659 3301 2913 3370 populum
2958 3309 3115 3381 tuum
3145 3300 3572 3369 malignaverunt

316 3408 463 3462 μην,
492 3391 592 3446 καὶ
620 3392 1062 3451 ἐϐουλεύσαντο
1084 3396 1236 3449 κατὰ
1258 3394 1377 3450 τῶν
1408 3396 1592 3465 ἁγίων
1615 3409 1752 3451 σου.
1794 3392 1896 3451 Εἷ-

318 3472 443 3538 σέαν
465 3501 479 3515 ·
542 3484 741 3551 Δεῦτε,
799 3486 900 3541 καὶ
958 3486 1486 3556 ἐξολοθρεύσωμεν
1542 3487 1766 3554 αὐτοὺς
1824 3486 1896 3553 ἐξ

317 3576 556 3642 ἔθνους,
585 3577 683 3633 καί
708 3579 782 3631 οὐ
803 3576 890 3647 μὴ
913 3577 1161 3647 μνησθῇ
1190 3578 1257 3632 τὸ
1290 3578 1479 3648 ὄνομα
1514 3579 1752 3648 Ἰσραὴλ
1786 3580 1891 3635 ἔτι.

320 3669 576 3721 Δυσωπεὶ·
602 3668 692 3721 τὸν
717 3667 848 3721 Θεὸν
877 3670 906 3722 ὁ
923 3669 1216 3741 Προφήτης
1244 3669 1305 3723 ὲν
1327 3668 1467 3740 ἁγίῳ
1495 3670 1791 3741 Πνεύματι,
1808 3670 1898 3725 διὰ

323 3759 419 3813 τοῦ
443 3760 898 3831 ὑπομιμνήσκειν,
922 3759 998 3823 ὡς
1028 3759 1135 3830 ἄρα
1167 3760 1293 3824 λαὸς
1321 3759 1485 3814 αὐτοῦ
1513 3762 1755 3831 γεγόνοιο
1774 3761 1895 3833 (sic)

321 3851 391 3903 τὰ
439 3848 677 3904 τοσαῦτα
724 3850 1026 3915 πεπονθώς.
1082 3847 1216 3905 Εἶτα
1248 3851 1343 3906 καὶ
1390 3851 1501 3906 τῶν
1548 3855 1608 3907 ὲν
1651 3852 1727 3924 τῷ
1782 3854 1896 3926 λαῷ

321 3940 735 4012 διαλαμψάντων
779 3941 946 3994 πάλαι
978 3941 1241 4014 πρότερον
1279 3942 1448 4011 ἁγίων
1488 3941 1584 3996 τοῦ
1615 3942 1751 3998 Θεοῦ
1799 3944 1896 4016 μέ-

326 4050 544 4105 μνηται,
588 4033 839 4104 δεόμενος
883 4034 978 4088 καὶ
1008 4033 1300 4087 ἀντιϐολῶν
1342 4035 1416 4107 μὴ
1460 4033 1568 4089 τῶν
1609 4036 1671 4088 ιν
1710 4036 1896 4100 αὐτοῖς

320 4124 535 4179 ἀσεϐῶν
570 4126 667 4180 καὶ
700 4125 1050 4198 παρανόμων,
1095 4126 1273 4197 μόνων
1310 4126 1367 4181 δὲ
1391 4127 1499 4181 τῶν
1530 4127 1700 4196 άγίων
1728 4128 1893 4183 αὑτοῦ

325 4215 650 4287 μνησθῆναι,
685 4217 777 4271 καὶ
815 4217 883 4271 δι’
916 4217 1113 4282 αὐτοὺς
1141 4218 1204 4271 τὸ
1236 4219 1343 4272 πᾶν
1367 4218 1691 4290 κατελεῆσαι
1721 4219 1890 4284 ἔθνος.

335 4306 627 4360 ’Δκόλουθα
654 4308 711 4361 δὲ
749 4308 933 4372 αὐτοῖς
972 4308 1251 4373 ποιοῦντες
1292 4312 1340 4365 οἱ
1376 4311 1561 4382 ἐχθροὶ
1598 4311 1692 4366 τοῦ
1734 4312 1892 4380 Θεοῦ,

322 4397 416 4451 τὸν
445 4397 575 4453 λαὸν
616 4399 782 4452 αὐτοῦ
811 4399 1128 4471 πολεμοῦσι,
1165 4402 1471 4475 πανουργίᾳ
1500 4401 1769 4474 χρώμενοι
1801 4405 1895 4458 καὶ

323 4490 479 4562 δόλῳ,
515 4491 650 4563 πρὸς
680 4492 742 4545 τὸ
769 4492 1094 4548 καταϐαλεῖν
1131 4493 1296 4549 αὐτὸν
1323 4495 1417 4548 καὶ
1455 4495 1762 4567 ἀποστῆσαι
1794 4497 1895 4568 τῆς

322 4580 418 4636 τοῦ
468 4581 603 4635 Θεοῦ
631 4583 930 4648 εὐσεϐείας.
962 4584 1056 4637 Διὸ
1092 4585 1367 4640 λέλεκται·
1416 4587 1539 4641 Ἐπὶ
1582 4587 1691 4642 τὸν
1740 4590 1894 4643 ,λαόν

322 4689 440 4727 σου
484 4677 1155 4746 κατεπανουργεύσαντο
1186 4678 1446 4747 γνώμην,
1487 4680 1587 4745 καὶ
1616 4680 1894 4734 ὲϐουλεύ-
1922 4659 1967 4716 Ῑ)

321 4781 510 4820 σαντο
540 4768 689 4821 κατὰ
714 4766 833 4821 τῶν
858 4768 1041 4837 ἁγίων
1064 4782 1201 4824 σου.
1225 4769 1631 4841 Μεμελημὲνως
1665 4769 1775 4840 γὰρ
1800 4770 1893 4823 καὶ

322 4859 799 4930 πεφροντισμένως
836 4860 1082 4931 μηχανάς
1112 4878 1263 4925 τινας
1310 4861 1573 4934 κρυφίους
1616 4862 1758 4915 κατὰ
1794 4860 1891 4916 τοῦ

323 4946 451 5001 λαοῦ
483 4946 577 5000 τοῦ
606 4947 740 5002 Θεοῦ
772 4949 1082 5013 καττύουσι,
1115 4951 1256 5005 κατά
1292 4969 1351 5005 τε
1390 4951 1499 5007 τῶν
1527 4952 1699 5021 ἁγίων
1726 4953 1890 5008 αὐτοῦ

321 5036 613 5101 ἐπιϐουλὰς
660 5039 1175 5106 κατασκευάζονται,
1220 5042 1288 5095 δι’
1335 5043 1431 5097 ἕνα
1478 5045 1679 5098 σκοπὸν
1721 5046 1782 5099 ὃν
1830 5047 1890 5102 ὲν

322 5127 534 5191 ἑαυτοῖς
566 5127 891 5198 προθέμενοι
917 5145 1070 5198 φασι·
1102 5130 1300 5197 Δεῦτε,
1333 5131 1433 5185 καὶ
1452 5130 1891 5200 ἐξολοθρεύσω-

314 5234 432 5287 μεν
449 5218 670 5285 αὐτοὺς
691 5218 760 5284 ἐξ
783 5219 1016 5286 ἔθνους,
1037 5222 1134 5275 καὶ
1156 5223 1227 5275 οὐ
1247 5221 1332 5290 μὴ
1352 5221 1598 5291 μνησθῇ
1615 5222 1682 5276 τὸ
1706 5222 1891 5293 ὄνομα

317 5309 425 5363 τοῦ
465 5310 699 5379 Ἰσραὴλ
724 5310 830 5366 ἔτι.
866 5312 929 5366 Oi
965 5313 1062 5383 μὲν
1098 5310 1194 5368 οῦν
1220 5313 1475 5386 θεομάχοι
1514 5317 1578 5369 οὐ
1613 5315 1888 5385 βούλονται

321 5399 378 5451 ὲν
423 5397 729 5471 ἀνθρώποις
769 5399 922 5465 ἔθνος
951 5401 1087 5456 Θεοῦ
1139 5404 1461 5472 ὑφεστάναι·
1514 5403 1650 5458 ἀλλὰ
1693 5404 1786 5458 καὶ
1826 5406 1889 5459 τὸ

318 5490 490 5570 ὄνομα
507 5492 602 5545 τοῦ
638 5494 853 5566 Ἰσραὴλ
881 5494 1263 5567 ἐξαλειφθῆναι
1301 5496 1709 5563 σπουδάζουσιν.
1742 5498 1800 5550 '0
1832 5497 1890 5551 δὲ

318 5580 473 5649 Θεδς,
506 5584 593 5636 ἀεὶ
619 5583 769 5649 ἔθνος
799 5586 974 5658 ἑαυτῷ
998 5588 1090 5641 ἐπὶ
1116 5588 1217 5660 γῆς
1236 5589 1595 5661 καταρτίζων,
1626 5588 1761 5661 μετὰ
1789 5589 1890 5659 τὴν

320 5672 415 5727 τοῦ
447 5675 711 5746 προτέρου
733 5676 862 5731 λαοῦ
886 5680 1090 5734 πτῶσιν
1115 5681 1212 5753 τὴν
1240 5680 1299 5745 ἐξ
1330 5680 1499 5735 ἐθνῶν
1525 5681 1890 5752 συνεστήσατο

400 5829 444 5862 ⁸³
480 5828 621 5886 Psal.
662 5848 806 5898 κινι,
842 5833 893 5887 6.

1998 3395 2303 3459 consilium,
2354 3403 2406 3447 et
2454 3395 2812 3462 cogitaverunt
2864 3393 3114 3448 adversus
3166 3401 3377 3447 sanctos
3428 3399 3567 3446 tuos.

1997 3489 2262 3544 Dixerunt
2284 3502 2303 3543 .'
2328 3486 2509 3541 Venite
2529 3495 2579 3540 et
2607 3484 2973 3556 disperdamus
2994 3502 3080 3540 eos
3111 3484 3177 3539 de
3195 3493 3363 3555 gente,
3393 3491 3444 3537 et
3465 3499 3573 3538 non

1995 3589 2316 3636 memoretur
2337 3594 2525 3631 nomen
2555 3575 2730 3633 Israel
2753 3579 2920 3630 ultra.
2956 3576 3123 3632 Deum
3152 3575 3408 3631 obsecrat
3434 3568 3574 3630 Pro-

1994 3673 2157 3744 pheta
2188 3672 2245 3727 in
2271 3669 2481 3741 Spiritu
2508 3676 2719 3733 sancto,
2745 3682 2974 3723 monens
3002 3682 3148 3733 eum,
3181 3667 3275 3737 qui
3304 3667 3437 3720 talia
3468 3681 3570 3737 pa-

1995 3767 2152 3830 titur,
2188 3762 2449 3835 populum
2489 3759 2612 3833 ejus
2662 3774 2806 3815 esse.
2834 3757 2950 3813 Sub
2983 3758 3099 3813 haec
3145 3766 3328 3813 autem
3355 3771 3567 3824 eorum,

1993 3859 2089 3930 qui
2117 3857 2173 3911 in
2206 3854 2407 3927 populo
2432 3852 2545 3923 jam
2573 3852 2701 3907 olim
2745 3850 3029 3919 conspicui
3060 3848 3304 3913 fuerunt,
3343 3855 3567 3903 sancto-

1994 3964 2117 4005 rum
2148 3947 2245 4002 Dei
2277 3945 2548 4010 meminit,
2592 3943 2908 4014 supplicans
2938 3942 3368 4009 obsecransque,
3410 3946 3473 3993 ut
3500 3953 3571 3994 ne

1994 4041 2290 4112 impiorum
2327 4038 2828 4105 sceleratorumque
2868 4035 2925 4088 in
2955 4032 3178 4104 populo,
3219 4030 3316 4087 sed
3345 4038 3571 4087 sancto-

1994 4148 2117 4189 rum
2159 4145 2385 4189 suorum
2433 4127 2795 4185 recordetur:
2825 4139 3126 4195 eorumque
3173 4122 3365 4195 gratia
3395 4129 3569 4178 totam

1993 4231 2205 4294 gentem
2228 4218 2608 4274 misericordia
2629 4217 2812 4272 donet.
2845 4214 3037 4271 Afﬁnia
3065 4221 3245 4269 autem
3277 4213 3573 4283 impiorum

1994 4313 2165 4387 gestis
2212 4318 2592 4383 perpetrantes
2621 4308 2829 4364 inimici
2865 4307 2983 4372 Dei,
3020 4306 3281 4379 populum
3326 4305 3447 4375 ejus
3477 4319 3572 4375 op

1994 4412 2262 4478 pugnant,
2307 4404 2549 4460 versutia
2582 4409 2798 4458 utentes
2840 4408 2896 4457 et
2937 4401 3085 4467 dolo,
3118 4407 3178 4455 ut
3214 4399 3392 4469 ipsum
3430 4398 3573 4467 deji-

1994 4499 2141 4553 ciant
2176 4503 2230 4553 et
2276 4511 2311 4550 a
2354 4496 2557 4566 pietate
2604 4508 2733 4565 erga
2776 4492 2946 4548 Deum
3001 4496 3267 4546 avertant.
3298 4488 3571 4555 Quocirca

1994 4588 2202 4644 dictum
2258 4584 2587 4655 est:Super
2634 4584 2886 4655 populum
2941 4590 3090 4636 tuum
3148 4580 3570 4651 malignaverunt

1997 4679 2298 4745 consilium,
2342 4687 2392 4732 et
2446 4678 2810 4748 cogitaverunt
2859 4675 3109 4728 adversus
3160 4679 3374 4726 sanctos
3424 4678 3575 4723 tuos.‘

1997 4765 2242 4821 Meditati
2270 4765 2417 4820 enim
2445 4779 2572 4819 cum
2615 4762 2985 4819 sollicitudine
3010 4760 3277 4832 quasdam
3319 4758 3573 4813 occultas

1996 4856 2280 4912 machinas
2309 4863 2501 4910 contra
2528 4856 2787 4925 populum
2820 4852 3246 4914 Deiinstruunt,
3271 4860 3325 4905 et
3357 4847 3569 4905 sanctis

1995 4948 2117 5018 ejus
2142 4946 2373 5003 insidias
2416 4953 2633 5017 parant,
2665 4960 2750 5010 ac,
2781 4944 2851 4999 ob
2877 4959 3046 4998 unum
3074 4956 3234 5012 quem
3284 4941 3342 4995 in
3382 4940 3570 4994 animo

1996 5044 2309 5110 proponunt
2353 5052 2603 5107 scopum,
2655 5036 2809 5090 aiunt
2844 5053 2856 5088 :
2904 5033 3080 5089 Venite
3116 5041 3165 5087 et
3192 5030 3565 5101 disperdamus

1996 5148 2083 5186 eos
2113 5133 2176 5186 de
2216 5139 2384 5202 gente,
2423 5141 2471 5184 et
2502 5146 2609 5185 non
2640 5136 2958 5184 metuoretur
2980 5143 3167 5181 nomen
3193 5124 3369 5180 Israel
3393 5123 3561 5179 ultra.

1994 5222 2207 5278 Inimici
2243 5224 2428 5293 itaque
2457 5221 2552 5277 Dei
2593 5221 2853 5291 populum
2881 5218 2977 5275 Dei
3007 5219 3063 5273 in
3094 5217 3407 5272 hominibus
3427 5229 3563 5269 con-

1996 5317 2191 5372 sistere
2244 5316 2438 5371 nolunt
2476 5334 2490 5370 :
2529 5314 2661 5385 quin
2688 5315 2851 5369 etiam
2880 5312 3099 5368 lsraelis
3136 5325 3335 5366 nomen
3380 5308 3565 5364 delere

1994 5415 2272 5480 satagunt.
2307 5408 2450 5463 Deus
2473 5421 2603 5463 vero
2629 5413 2754 5477 post
2784 5406 2985 5476 prioris
3014 5402 3198 5477 populi
3228 5402 3443 5456 ruinam
3466 5414 3563 5469 po-

1991 5501 2181 5572 pulum
2233 5501 2335 5557 sibi
2376 5513 2591 5570 semper
2625 5498 2682 5553 in
2730 5506 2875 5554 terra
2920 5510 3141 5567 parans,
3193 5509 3260 5549 ex
3305 5492 3565 5564 gentibus

1992 5588 2291 5644 Ecclesiam
2330 5586 2640 5651 constituit,
2686 5600 2881 5642 novam
2914 5598 3286 5656 nuperamque
3318 5588 3560 5653 gentem,

1992 5696 2058 5736 ex
2098 5678 2352 5752 gentibus
2384 5692 2481 5749 per
2510 5685 2686 5733 totum
2717 5677 2905 5733 orbem
2945 5675 3221 5741 selectam.
3256 5673 3468 5729 Idcirco
3502 5674 3561 5726 et
