4078 6432
536 410 640 466 395
1203 405 1472 463 EUSEBll
1504 401 1981 460 CAESARIENSIS
2019 402 2169 459 OPP.
2213 402 2410 460 PARS.
2452 402 2626 459 ll|.-—
2662 404 3064 461 EXEGETICA.
3690 408 3826 463 996

540 530 755 586 lsraelis
795 543 1017 593 nomen,
1058 536 1113 583 et
1144 529 1389 582 omnium
1428 526 1810 600 religiosorum
1852 526 2095 579 virorum

2212 522 2557 594 Ἐκκλησίαν,
2601 526 2696 579 καὶ
2731 525 2792 578 τὸ
2834 526 3016 578 καινὸν
3048 526 3141 579 καὶ
3188 526 3307 579 νέον
3353 526 3524 591 ἔθνος,
3562 527 3626 580 τὸ
3661 528 3821 580 καθ’

536 622 799 676 memoria
838 620 1012 691 magis
1055 620 1340 690 magisque
1374 619 1699 685 celebratur,
1738 626 1793 672 et
1840 617 1942 686 piae
1970 616 2095 671 reli-

2207 618 2333 689 ὅλης
2364 619 2461 689 τῆς
2490 619 2810 688 οἰκουμένης
2838 620 2901 671 ὲκ
2928 620 3026 689 τῆς
3052 618 3156 670 τῶν
3192 618 3359 672 ὲθνῶν
3390 619 3621 689 ἐκλογῆς
3653 620 3823 671 ὑπο-

535 712 713 780 gionis
740 719 890 780 gesta
924 711 1291 781 resplendent.

2211 710 2359 762 στάν.
2408 710 2498 762 Διὸ
2546 710 2819 779 μειζόνως,
2847 711 2939 763 καὶ
2983 710 3043 762 τὸ
3083 710 3251 779 ὄνομα
3283 710 3376 763 τοῦ
3418 712 3663 781 Ἰσραὴλ,
3699 713 3817 764 καὶ

536 802 752 854 πάντων
783 801 890 854 τῶν
918 801 1178 872 θεοφιλῶν
1207 800 1413 872 ἀνδρῶν
1452 801 1487 871 ἡ
1531 802 1718 872 μνήμη
1762 799 2105 869 ἀνυμνεῖται,
2129 797 2198 851 τά
2228 816 2287 852 τε
2310 798 2411 869 τῆς
2444 798 2755 862 θεοσεϐείας
2782 798 3180 871 κατορθώματα
3204 799 3515 869 διαλάμπει.

2276 910 2393 963 Ὅτι
2439 911 2879 964 ἐϐουλεύσαντο
2928 910 2997 963 ἐν
3042 911 3287 979 ὁμονοίᾳ
3338 910 3436 963 ἐπὶ
3484 911 3551 963 τὸ
3594 913 3769 966 αὐτό
3785 930 3805 943 ο

2204 1004 2352 1056 κατὰ
2396 1002 2513 1056 σοῦ
2544 1002 2834 1071 διαθήκην
2860 1003 3123 1057 διέθεντο
3156 1002 3228 1055 τὰ
3256 1002 3617 1071 σκηνώματα
3666 1006 3811 1058 τῶν

2214 1094 2578 1163 Ἰδουμαίων,
2629 1095 2726 1148 καὶ
2762 1098 2816 1149 οὶ
2878 1095 3263 1163 Ἰσμαηλῖται,
3323 1095 3503 1148 Μωὰϐ
3552 1096 3657 1148 καὶ
3732 1100 3807 1149 οἱ

2212 1186 2532 1255 Ἇγοαρηνοὶ,
2563 1189 2759 1242 Γεϐὰλ
2808 1187 2907 1241 καὶ
2950 1187 3173 1257 Ἀμμὼν
3208 1188 3305 1241 καὶ
3350 1189 3626 1257 Ἀμιιλὴκ,
3671 1190 3802 1244 ἁλ-

2199 1280 2458 1347 λόφυλοι
2484 1279 2633 1347 μετὰ
2666 1279 2781 1339 τῶν
2809 1280 3246 1333 κατοικούντων
3287 1280 3487 1347 Τύρον.
3526 1282 3637 1334 Καὶ
3666 1282 3801 1351 γὰρ

2200 1371 2299 1423 καὶ
2346 1371 2594 1438 Ἄσσοὺρ
2633 1372 3115 1440 συμπαρεγένετο
3154 1373 3279 1439 μετ’
3324 1370 3540 1436 αὐτῶν,
3567 1372 3800 1441 ἐγενήο

602 913 767 969 Vens.
802 913 855 979 6,
888 915 941 978 8,
969 915 1021 969 9.
1065 914 1329 980 Quoniam
1372 914 1733 983 cogitaverunt
1775 913 2099 965 unanimiter

532 1006 692 1058 simul
717 1022 734 1057 .'
763 1005 1039 1060 adversum
1069 1016 1118 1059 te
1142 1015 1508 1059 testamentum
1533 1005 1901 1073 disposuerunt
1925 1004 2099 1057 taber-

532 1098 727 1150 nacula
757 1097 1140 1162 Idumazorum,
1170 1108 1217 1153 et
1244 1097 1557 1161 Ismaelitaz,
1591 1095 1749 1150 Moab
1775 1106 1825 1151 et
1847 1097 2097 1168 Agareni,

532 1188 699 1241 Gebal
741 1198 789 1241 et
827 1191 1050 1243 Ammon
1088 1200 1136 1242 et
1171 1190 1407 1255 Amalec,
1444 1191 1751 1261 alienigente
1794 1206 1911 1243 cum
1945 1188 2099 1241 habi-

530 1282 765 1334 tantibus
799 1281 1015 1351 Tyrum.
1052 1284 1260 1337 Etenim
1300 1284 1469 1337 Assur
1501 1285 1635 1337 venit
1664 1300 1781 1337 cum
1807 1284 1941 1345 illis,
1971 1283 2101 1351 facti

530 1380 654 1423 sunt
706 1371 761 1422 in
811 1370 1137 1438 adjutorium
1187 1372 1313 1441 filiis
1363 1372 1484 1426 Lot.
1541 1372 1872 1440 Diapsalma.
1934 1372 2101 1438 Quasi

530 1459 702 1515 Deum
734 1463 980 1518 excitans
1008 1463 1338 1534 irritansque
1369 1463 1640 1534 Propheta
1674 1465 1728 1518 in
1762 1480 1859 1519 sua
1883 1478 1978 1533 pro
2008 1478 2099 1533 po-

524 1554 657 1632 pale
687 1556 1082 1631 supplicatione
1109 1558 1203 1627 ait,
1232 1558 1506 1615 adversum
1535 1567 1601 1612 te.
1636 1556 1755 1612 Non
1787 1558 1947 1612 enim
1966 1570 2098 1610 con-

528 1666 615 1709 tra
648 1657 928 1727 populum,
966 1654 1162 1724 inquit,
1192 1653 1285 1709 sed
1318 1652 1606 1706 adversum
1639 1657 1714 1714 te,
1747 1656 1800 1704 et
1835 1648 2097 1703 adversus

530 1754 916 1801 testamentum
958 1755 1109 1799 tuum
1140 1744 1351 1799 inimici
1376 1744 1559 1814 populi
1583 1742 1659 1795 tui
1689 1742 2093 1795 machinantur.

531 1838 669 1891 Hinc
703 1846 888 1891 narrat
916 1853 1037 1907 qum
1078 1838 1131 1891 in
1164 1837 1513 1908 Assyriorum
1560 1834 1859 1904 irruptione
1903 1840 2092 1887 contra

2203 1467 2399 1529 θησαν
2429 1465 2515 1528 είς
2555 1462 2883 1529 ἀντίληψιν
2907 1460 3031 1527 τοῖς
3062 1460 3214 1526 υἱοῖς
3254 1460 3402 1513 Λώτ.
3439 1460 3793 1529 Anim-alga.

2204 1555 2410 1625 ’Ὠσπερ
2442 1554 2720 1625 διεγείρων
2758 1554 2849 1607 καὶ
2880 1552 3193 1623 παροξύνων
3219 1552 3309 1605 τὸν
3336 1552 3467 1605 Θεὸν
3497 1554 3524 1605 ὁ
3556 1552 3797 1625 Προφή-

2200 1662 2298 1713 της
2327 1646 2385 1696 ὲν
2430 1646 2494 1714 τῇ
2539 1644 2785 1715 ἱκετηρία
2827 1646 2893 1714 τῇ
2940 1645 3079 1713 ὑπὲρ
3125 1643 3217 1695 τοῦ
3267 1642 3397 1695 λαοῦ
3446 1642 3657 1711 φάσκειν
3692 1644 3787 1707 τὸ,

2202 1736 2349 1788 κατὰ
2370 1734 2507 1790 σοῦ.
2545 1737 2617 1787 Ού
2652 1737 2760 1805 γὰρ
2793 1736 2931 1787 κατὰ
2960 1734 3052 1787 τοῦ
3073 1734 3223 1799 λαοῦ,
3260 1735 3444 1805 φησὶν,
3468 1733 3603 1787 ἀλλά
3632 1735 3789 1788 κατὰ

2204 1827 2296 1879 σοῦ
2336 1830 2428 1880 καὶ
2460 1830 2598 1881 κατὰ
2634 1830 2729 1900 τῆς
2766 1830 2862 1898 σῆς
2891 1829 3149 1899 διαθήκης
3179 1827 3649 1899 τετολμήκασινοί
3680 1824 3783 1879 τοῦ

526 1928 817 1983 Judaicum
846 1929 1104 1999 populum
1137 1936 1289 1999 gesta
1320 1935 1468 1983 sunt.
1507 1926 1572 1979 Et
1600 1927 1715 1981 haec
1740 1926 2091 1988 vaticinatur,

2201 1918 2327 1971 λαοῦ
2348 1938 2438 1972 σου
2457 1920 2719 1991 πολέμιοι.
2745 1917 2857 1973 Εἴθ’
2887 1920 3014 1990 ἑξῆς
3039 1921 3367 1993 διεξέρχεται
3399 1922 3467 1975 τὰ
3488 1925 3545 1975 ἐν
3568 1925 3636 1993 τῇ
3662 1921 3782 1975 τῶν

530 2030 822 2092 postquam
868 2023 1068 2091 quibus
1109 2020 1177 2076 de
1226 2022 1414 2076 causis
1462 2020 1714 2073 hostibus
1761 2018 1947 2071 traditi
1990 2018 2099 2071 sint

528 2120 901 2166 enarraverat.
942 2111 1077 2165 Nam
1113 2113 1169 2166 in
1214 2111 1539 2183 praecedenti
1572 2111 1783 2180 psalmo
1825 2109 2099 2179 principes

529 2205 715 2273 populi
764 2205 1096 2274 coarguebat
1143 2204 1372 2258 dicens:
1404 2201 1679 2273 Usquequo
1704 2202 1963 2271 judicatis
2004 2203 2101 2255 ini-

527 2296 819 2363 quitatem:
859 2311 924 2349 ac
970 2311 1211 2357 rursum,
1261 2293 1597 2359 Nescieruut,
1626 2310 1785 2363 neque
1828 2294 2100 2347 intellexe-

528 2396 674 2451 runt,
700 2390 760 2440 in
792 2386 1013 2441 tenebris
1041 2386 1334 2440 ambulant.
1375 2385 1433 2439 ln
1470 2386 1740 2456 superiori
1772 2386 1903 2441 vero
1931 2392 2099 2439 totam

526 2487 742 2549 gentem
789 2480 1082 2535 accusabat
1123 2481 1354 2536 dicens:
1388 2479 1452 2534 Et
1498 2498 1602 2534 non
1636 2480 1837 2534 audivit
1878 2482 2099 2549 populus

530 2587 675 2625 meus
698 2588 867 2626 vocem
900 2589 1091 2637 meam,
1126 2582 1174 2626 et
1199 2571 1374 2628 Israel
1400 2590 1504 2627 non
1535 2573 1764 2627 intendit
1794 2574 1943 2628 mihi.
1991 2571 2097 2627 Sed

528 2662 694 2716 etiam
724 2663 777 2715 in
810 2678 995 2716 Lxxvu
1030 2662 1334 2718 facinorum
1362 2663 1604 2733 ipsorum
1637 2664 1857 2733 longum
1890 2664 2097 2719 catalo-

528 2767 655 2821 gum
687 2753 877 2806 texuit.
907 2751 1320 2821 Consequenter
1349 2753 1515 2823 igitur
1546 2768 1667 2823 quae
1695 2753 1955 2808 diuturno
1975 2760 2100 2823 post

530 2855 777 2913 tempore
821 2845 955 2914 ipsis
1001 2845 1353 2915 contigerunt
1384 2846 1456 2900 ob
1490 2846 1683 2901 allatas
1721 2862 1918 2901 causas
1957 2846 2099 2901 vati-

530 2938 766 2991 cinatur.
833 2936 949 2992 lllic
1010 2945 1192 2992 autem
1252 2940 1420 2994 variis
1487 2940 1825 3010 temporibus
1885 2939 2099 2996 obsessi

532 3036 680 3091 sunt,
716 3030 951 3098 primum
1001 3044 1032 3082 a
1066 3028 1416 3101 Babyloniis;
1454 3032 1696 3086 secundo
1730 3031 1799 3085 ab
1828 3030 2100 3085 Antiocho

532 3136 658 3191 rege
710 3118 910 3191 Syriaa;
974 3128 1253 3191 postremo
1318 3137 1349 3175 a
1412 3122 1673 3178 Romanis
1734 3129 1859 3191 post
1916 3129 2100 3193 patra-

531 3219 646 3266 tum
696 3213 750 3266 in
809 3211 1151 3269 Servatorem
1210 3222 1458 3269 nostrum
1521 3215 1722 3270 scelus.
1781 3212 2097 3285 Opportune

531 3318 598 3356 ex
628 3300 864 3372 Spiritus
901 3304 1241 3373 praescientia
1287 3311 1399 3359 tres
1426 3304 1549 3360 illas
1592 3305 1909 3360 obsidiones
1949 3306 2091 3360 idem

535 3392 795 3462 propheta
832 3393 1210 3462 praenuntiat:
1254 3407 1381 3447 nam
1440 3393 1495 3446 in
1552 3407 1704 3447 uxu
1758 3400 2090 3463 postremam

532 3482 838 3552 signiﬁcat,
893 3492 952 3537 ut
992 3485 1225 3553 propriis
1258 3484 1314 3537 in
1356 3483 1491 3538 locis
1543 3481 1987 3549 declaravimus;
2031 3483 2089 3536 in

530 3588 735 3627 Lxxvm
765 3613 779 3638 ,
825 3588 943 3629 eam
989 3590 1111 3644 quae
1152 3575 1255 3629 sub
1306 3573 1576 3627 Antiocho
1637 3572 1776 3643 Syro
1827 3574 2090 3643 contigit,

530 3664 611 3716 uti
642 3671 1128 3719 commonstratum
1145 3673 1228 3719 est
1250 3683 1265 3731 ;
1289 3664 1344 3717 in
1367 3663 1618 3733 praesenti
1654 3672 1831 3718 autem
1860 3664 2092 3733 primam

530 3753 813 3815 meminit,
841 3753 1050 3809 scilicet
1079 3755 1430 3825 Assyriorum
1452 3793 1466 3818 ,
1503 3768 1667 3823 quam
1716 3757 1880 3807 etiam
1925 3767 2093 3808 Lxxtx

528 3843 862 3899 vaticinatus
917 3853 1035 3908 est,
1090 3845 1263 3900 vineae
1313 3845 1627 3900 incendium
1673 3853 1730 3901 et
1780 3847 2093 3901 vastitatem

530 3932 868 4002 signiﬁcans.
904 3933 983 3988 Ex
1014 3935 1244 3990 historia
1289 3936 1455 4006 igitur
1485 3936 1657 3992 edisci
1702 3944 1919 4007 potest,
1962 3944 2095 4007 quot

531 4030 720 4092 gentes
760 4024 818 4077 in
858 4040 1028 4077 unum
1058 4033 1249 4080 contra
1279 4024 1569 4080 Judaicum
1598 4027 1860 4096 populum
1891 4034 2095 4081 coactae

533 4114 646 4167 sint
673 4114 726 4168 in
754 4114 927 4183 prima
954 4115 1301 4187 Assyriorum
1326 4117 1634 4188 irruptione
1651 4157 1666 4183 ,
1690 4134 1827 4187 quas
1854 4133 2094 4188 praesens

533 4206 821 4273 prephetia
844 4216 1093 4262 recenset
1118 4226 1133 4261 :
1158 4224 1278 4277 quae
1304 4210 1513 4278 primos
1535 4217 1786 4264 numerat
1808 4209 2092 4278 Idumaeos,

532 4296 731 4351 deinde
761 4294 1063 4354 l'smaelitas
1082 4338 1096 4363 ,
1125 4301 1286 4355 tertio
1317 4300 1584 4354 Moabitas
1604 4341 1619 4364 ,
1655 4310 1853 4370 quarto
1884 4301 2094 4371 Agare-

532 4401 636 4441 nos
658 4426 674 4451 ,
700 4388 827 4441 hinc
849 4387 1152 4446 Gebalenos
1177 4399 1231 4445 et
1254 4392 1597 4447 Ammonitas
1617 4432 1631 4457 ,
1662 4401 1716 4447 et
1741 4393 2091 4449 Amalecitas.

530 4474 732 4530 Praeter
758 4476 857 4531 hos
874 4486 1055 4531 autem
1075 4478 1230 4545 dicit,
1247 4479 1565 4547 Alienigena:
1593 4496 1710 4533 cum
1737 4481 2094 4536 habitantibus

534 4566 754 4638 Tyrum.
779 4566 886 4621 Pro
916 4569 1011 4622 illo
1034 4580 1215 4624 autem
1236 4609 1251 4631 ,
1272 4572 1612 4641 alienigenaz,
1636 4572 1833 4642 Aquila
1856 4581 1912 4626 et
1937 4572 2095 4644 Sym-

532 4660 783 4723 machus,
819 4660 1168 4730 Phylistazam
1199 4663 1499 4717 ediderunt.
1540 4663 1652 4719 Hoc
1684 4680 1850 4734 porro
1880 4668 2097 4721 nomine

531 4748 792 4819 appellari
833 4752 1012 4805 solent
1039 4751 1133 4822 qui
1170 4750 1408 4817 Gazam,
1455 4755 1785 4809 Ascalonem
1834 4764 1888 4811 et
1935 4758 2097 4811 mari-

530 4840 717 4893 timam
760 4840 1025 4896 incolunt.
1063 4842 1129 4896 lli
1155 4843 1338 4913 itaque
1366 4846 1625 4899 maritimi
1672 4848 1928 4919 allophyli
1969 4863 2092 4903 cum

530 4928 906 4996 habitantibus
928 4930 1131 5002 Tyrum
1162 4931 1443 4987 irruerunt
1465 4972 1480 4998 ,
1506 4934 1683 5003 inquit
1702 4974 1717 4999 ,
1748 4935 1803 4989 in
1834 4938 2091 5006 populum

529 5024 727 5086 tuum;
762 5029 816 5075 et
841 5030 1037 5090 praeter
1066 5022 1165 5078 hos
1195 5037 1385 5079 omnes
1427 5024 1724 5096 Assyrius,
1769 5028 1918 5097 quod
1960 5044 2093 5083 sane

529 5118 693 5181 caput
718 5113 983 5167 malorum
1012 5120 1131 5179 est,
1161 5129 1285 5169 cum
1312 5115 1381 5170 iis
1414 5114 1674 5185 impetum
1701 5117 1929 5184 faciens,
1954 5120 2091 5175 illis-

530 5217 636 5271 que
667 5203 1132 5259 commilitonibus
1164 5222 1297 5261 usus
1322 5215 1504 5262 castra
1531 5210 1716 5278 posuit
1741 5228 1755 5264 :
1791 5225 2092 5282 omnesque

531 5291 775 5363 praedicti
808 5294 971 5349 simul
1011 5295 1144 5364 facti
1190 5307 1311 5351 sunt
1338 5299 1394 5352 in
1431 5299 1762 5369 adjutorium
1802 5302 1932 5372 filiis
1965 5302 2087 5357 Lat.

528 5381 634 5435 Pro
660 5397 770 5452 quo
822 5384 1051 5454 Aquila,
1112 5385 1271 5442 Facti
1302 5399 1456 5455 sunt,
1488 5392 1693 5462 inquit,
1722 5392 1995 5449 brachium
2023 5396 2090 5464 ﬁ-

529 5473 614 5526 liis
651 5472 792 5538 Lot;
823 5476 1184 5546 Symmachus
1210 5496 1370 5547 vero,
1415 5480 1574 5537 Facti
1613 5492 1735 5538 sunt
1774 5486 2092 5541 commilito-

528 5576 617 5614 nes
647 5562 776 5631 ﬁliis
808 5560 927 5617 Lat.
974 5564 1099 5621 Filii
1141 5577 1323 5625 autem
1367 5569 1468 5625 Lot
1500 5579 1656 5627 erant
1681 5571 2005 5632 Ammanitae
2036 5583 2091 5633 et

605 5805 648 5838 “
682 5803 828 5863 Psal.
864 5822 1025 5880 ιλιι,
1063 5812 1148 5868 12.

2214 2012 2508 2081 Ἀσσυρίων
2532 2013 2774 2065 ὲπιθέσει
2798 2012 2938 2065 κατὰ
2953 2014 3219 2066 Ἰουδαίων
3237 2013 3423 2076 ἔθνους
3440 2013 3780 2085 πραχθέντα.

2200 2104 2308 2155 Kal
2354 2104 2525 2156 ταῦτα
2576 2104 2818 2169 θεσπίζει
2870 2103 3195 2176 προδιελθὼν
3219 2105 3318 2167 τὰς
3365 2105 3562 2170 αἰτίας,
3598 2107 3668 2159 δι’
3706 2105 3781 2170 ἃς

2198 2197 2309 2256 τοῖς
2353 2196 2633 2265 πολεμίοις
2673 2196 3063 2267 παρεδόθησαν.
3104 2197 3190 2249 Ἐν
3243 2197 3339 2267 μὲν
3381 2197 3489 2269 γὰρ
3539 2197 3618 2269 τῷ
3666 2198 3777 2270 πρὸ

2198 2287 2386 2339 τούτου
2415 2287 2612 2357 ψαλμῷ
2638 2290 2762 2351 τοὺς
2789 2289 3049 2359 ἄρχοντας
3066 2289 3357 2359 κάπήλεγχε
3389 2289 3482 2342 τοῦ
3506 2287 3635 2342 λαοῦ
3668 2288 3780 2361 φή-

2202 2396 2329 2441 σαςο
2370 2380 2515 2444 Ἕως
2541 2380 2683 2431 πότε
2719 2380 2947 2447 κρίνετε
2985 2380 3256 2444 ἀδικίαν;
3288 2382 3383 2435 καί¹
3419 2381 3607 2435 πάλιν·
3647 2384 3774 2436 Οὐκ

2198 2472 2489 2538 ἔγνωσαν,
2525 2472 2666 2525 οὐδὲ
2704 2472 3003 2541 συνῆκαν,
3034 2474 3102 2525 ἐν
3142 2475 3345 2527 σκότει
3386 2473 3772 2543 διαπορεύον-

2198 2581 2312 2617 ται.
2358 2566 2444 2617 Ἐν
2477 2564 2531 2617 δὲ
2564 2564 2641 2635 τῷ
2675 2566 2929 2636 ἀνωτέρω
2960 2566 3019 2618 τὸ
3064 2568 3169 2619 πᾶν
3197 2567 3468 2620 διέϐαλλεν
3504 2568 3655 2633 ἔθνος
3693 2570 3774 2643 εῖτ

2200 2655 2353 2707 πώνο
2390 2656 2497 2709 Καὶ
2538 2659 2651 2709 οὐκ
2693 2656 2959 2724 ἤκουσεν
3007 2661 3039 2710 ό
3088 2660 3237 2723 λαός
3277 2676 3396 2728 μου
3437 2658 3542 2727 τῆς
3570 2659 3777 2730 φωνῆς

2193 2765 2333 2816 μου,
2371 2748 2469 2799 καὶ
2519 2746 2753 2815 Ἰσραὴλ
2799 2750 2868 2801 οὺ
2898 2747 3213 2817 προσέσχε,
3242 2767 3361 2817 μοι.
3404 2749 3563 2803 Ἀλλὰ
3596 2752 3690 2804 καὶ
3715 2752 3774 2805 ἐν

2199 2839 2275 2908 τῷ
2303 2839 2376 2902 οξ⁹
2406 2838 2612 2909 μακρὸν
2633 2840 2928 2908 κατάλογον
2952 2840 3060 2892 τῶν
3086 2841 3565 2912 παρανομημάτων
3595 2842 3774 2896 αὐτῶν

2198 2930 2490 3000 διεξῆλθεν.
2531 2930 2861 2994 Ἀκολούθως
2904 2926 2996 2984 οὖν
3046 2931 3114 2983 τὰ
3162 2931 3542 3001 συμϐεϐηκότα
3587 2933 3775 2997 αὐτοῖς

2204 3024 2427 3094 μακροῖς
2459 3021 2682 3093 ὕστερον
2712 3015 2921 3093 χρόνοις
2947 3023 3033 3076 διὰ
3058 3022 3154 3086 τὰς
3187 3022 3570 3095 προλεχθείσας
3595 3024 3775 3089 αἰτίας

2200 3113 2547 3187 προφητεύει.
2580 3116 2687 3168 Kal
2713 3118 2825 3169 ἐκεῖ
2864 3117 3004 3170 κατὰ
3032 3116 3321 3186 διαφόρους
3349 3116 3572 3187 χρόνους
3600 3134 3772 3170 πεπο-

2199 3208 2541 3277 λιόρκηνται’
2592 3207 2851 3278 πρότερον
2896 3209 2992 3277 μὲν
3037 3208 3141 3260 ὑπὸ
3181 3207 3556 3273 Βαϐυλωνίων,
3592 3207 3773 3262 δεύτε-

2123 3277 2166 3337 c
2204 3320 2291 3372 ρον
2320 3302 2375 3354 δὲ
2413 3302 2501 3353 ὑπ’
2542 3277 2810 3369 Ἀντιόχου
2856 3300 2949 3352 τοῦ
2984 3301 3083 3369 τῆς
3123 3300 3320 3369 Συρίας
3355 3299 3640 3369 βασιλέως,
3677 3300 3774 3353 καὶ

2198 3395 2259 3447 τὸ
2307 3396 2521 3447 πάντων
2574 3392 2799 3445 ὕστατον
2835 3393 2937 3444 ὑπὸ
2977 3393 3260 3462 Ῥωμαίων
3317 3392 3453 3463 μετὰ
3495 3393 3593 3465 τὴν
3631 3392 3777 3446 κατὰ

2197 3483 2291 3537 τοῦ
2342 3485 2592 3554 Σωτῆρος
2625 3482 2782 3553 ἡμῶν
2820 3483 3043 3553 τόλμαν.
3081 3482 3320 3545 Εἰκότως
3364 3485 3428 3553 τῇ
3467 3482 3774 3554 προγνώσει

2197 3576 2290 3628 τοῦ
2342 3575 2655 3645 Πνεύματος
2706 3573 2804 3636 τὰς
2856 3576 3002 3643 τρεῖς
3042 3573 3246 3636 ταύτας
3288 3573 3317 3625 ὁ
3361 3573 3522 3635 αὐτὸς
3554 3573 3771 3645 προφή-

2196 3683 2296 3736 της
2346 3667 2724 3736 προαναφωνεῖ
2769 3664 3113 3735 πολιορκίας·
3166 3666 3222 3716 ἐν
3280 3664 3376 3735 μὲν
3425 3663 3503 3735 τῷ
3549 3671 3629 3733 ογ¹
3673 3662 3776 3734 τὴν

2200 3757 2436 3826 ὑστάτην
2489 3757 2786 3827 σημαίνων,
2846 3756 2921 3818 ὡς
2963 3756 3107 3809 κατὰ
3134 3756 3259 3819 τοὺς
3310 3756 3546 3818 οἰκείους
3576 3755 3775 3819 τόπους

2199 3848 2623 3918 παρεστήκαμεν
2649 3863 2661 3876 ·
2704 3848 2759 3897 ὲν
2788 3845 2943 3916 δὲτῷ
2972 3854 3050 3916 οη¹
3091 3846 3188 3916 τὴν
3235 3846 3328 3899 ἐπὶ
3368 3847 3638 3917 Ἀντιόχου
3676 3846 3774 3900 τοῦ

2200 3938 2392 4009 Σύρου,
2440 3937 2621 4000 καθὼς
2671 3937 3046 3991 ἀποδέδεικται
3069 3955 3082 3967 ·
3112 3941 3169 3990 ὲν
3208 3938 3265 3990 δὲ
3293 3937 3371 4008 τῷ
3409 3937 3549 4005 μετὰ
3585 3940 3775 4008 χεῖρας

2198 4032 2296 4101 τῆς
2330 4030 2549 4101 πρώτης
2595 4031 2885 4101 μέμνηται,
2938 4031 3078 4099 λέγω
3109 4030 3165 4082 δὲ
3198 4030 3296 4100 τῆς
3345 4030 3668 4102 Ἀσσυρίων,
3702 4031 3773 4102 ἢν

2200 4121 2292 4173 καὶ
2319 4121 2347 4171 ὁ
2392 4121 2466 4173 οθ¹
2517 4122 2790 4186 ἐθέσπισε,
2820 4123 2911 4175 τὸν
2961 4122 3288 4193 ἐμπρησμδν
3324 4120 3419 4175 τοῦ
3452 4122 3776 4193 ἀμπελῶνος

2200 4211 2293 4263 καὶ
2312 4210 2407 4281 τὴν
2435 4212 2664 4281 ἐρημίαν
2694 4213 2855 4265 αὐτοῦ
2883 4216 3150 4285 σημήνας.
3183 4214 3339 4266 Ἔστι
3358 4213 3402 4266 δ’
3423 4209 3517 4266 οὖν
3546 4214 3638 4267 καὶ
3665 4213 3775 4267 ἀπὸ

2198 4302 2296 4371 τῆς
2350 4303 2588 4373 ἱστορίας
2644 4304 2852 4373 μαθεῖν,
2905 4306 3008 4359 ὅσα
3053 4305 3194 4359 κατὰ
3235 4305 3296 4358 τὸ
3340 4304 3473 4358 αὑτό
3513 4304 3775 4376 συνῆλθον

2201 4393 2325 4463 ἔθνη
2357 4395 2498 4446 κατὰ
2520 4394 2613 4447 τοῦ
2648 4397 2915 4451 Ἰουδαίων
2941 4398 3067 4451 λαοῦ
3101 4400 3158 4450 ὲν
3181 4401 3244 4469 τῇ
3277 4397 3464 4470 πρώτῃ
3499 4398 3607 4452 τῶν
3649 4398 3772 4450 Ἀσ-

2203 4486 2400 4553 συρίων
2429 4487 2686 4551 ὲπιθέσει,
2712 4488 2748 4541 ὃ.
2786 4490 2879 4541 καὶ
2906 4491 2937 4559 ἡ
2974 4490 3108 4559 μετὰ
3142 4494 3330 4561 χεῖρας
3352 4489 3772 4561 καταριθμεῖται

2202 4579 2533 4648 προφητεία·
2566 4579 2813 4651 πρώτους
2868 4582 3196 4653 Ἰδουμαίους
3255 4583 3617 4653 ὀνομάζουσα,
3652 4578 3773 4637 εἶτα

2213 4669 2577 4739 Ἰσμαηλίτας,
2613 4673 2704 4723 καὶ
2743 4674 2956 4742 τρίτους
2999 4675 3312 4737 Μωαϐίτας,
3348 4676 3441 4727 καὶ
3478 4675 3773 4745 τετάρτους

2214 4758 2563 4830 Ἀγαρηνοὺς,
2604 4758 2720 4814 εἶτα
2751 4762 3110 4834 Γεϐαληνοὺς,
3142 4766 3233 4819 καὶ
3279 4766 3645 4836 Ἀμμανίτας,
3677 4765 3773 4819 καὶ

2212 4848 2597 4921 Ἀμαληκίτας.
2631 4854 2739 4905 Kal
2785 4854 2875 4906 ἐπὶ
2922 4854 3149 4922 τούτοις,
3192 4856 3564 4925 Ἁλλόφυλοι,
3616 4859 3770 4928 φησὶ,

2196 4941 2345 5007 μετὰ
2364 4941 2483 4994 τῶν
2502 4944 2932 4997 κατοικούντων
2955 4947 3158 5012 Τύρον.
3192 4947 3337 4999 Ἀντὶ
3364 4947 3421 5000 δὲ
3443 4946 3562 5012 τοῦ,
3585 4948 3772 5003 ἀλλό-

2200 5035 2398 5098 φυλοι,
2430 5034 2655 5097 Ἀκύλας
2673 5035 2764 5087 καὶ
2780 5034 3093 5107 Σύμμαχος,
3123 5039 3513 5105 Φυλισταιαν,
3542 5039 3770 5093 ὲκδεδώ-

2200 5140 2382 5177 κασινο
2410 5124 2528 5188 ἔθος
2581 5125 2636 5177 δὲ
2670 5125 2856 5180 καλεῖν
2908 5129 3083 5200 τούτῳ
3121 5130 3199 5198 τῷ
3242 5130 3468 5200 ὀνόματι
3516 5130 3643 5195 τοὺς
3667 5131 3770 5203 τὴν

2199 5213 2375 5276 Γάζαν
2401 5217 2493 5267 καὶ
2522 5216 2619 5286 τὴν
2681 5217 2994 5273 Ἀσκάλωνα
3021 5220 3112 5273 καὶ
3146 5220 3244 5291 τὴν
3285 5220 3527 5293 πάραλον
3558 5220 3769 5277 οἰκοῦν-

2198 5322 2314 5369 τας.
2344 5308 2454 5361 Καὶ
2498 5303 2642 5362 οὗτοι
2695 5310 2874 5363 τοίνυν
2912 5311 3113 5383 ,ἐφεξῆς
3145 5315 3193 5365 οἱ
3238 5314 3576 5385 παραλιῶται
3611 5315 3767 5369 ἁλλό-

2199 5397 2352 5465 φυλοι
2388 5400 2523 5468 μετὰ
2555 5400 2662 5454 τῶν
2684 5400 3074 5456 κατοικούντων
3102 5404 3276 5475 Τύρον
3300 5404 3577 5473 ἐπέθεντο,
3612 5409 3764 5478 φησι,

2198 5489 2339 5543 κατὰ
2358 5491 2451 5543 τοῦ
2493 5492 2621 5545 λαοῦ
2671 5512 2762 5547 σου
2789 5512 2802 5524 ·
2843 5496 2935 5549 καὶ
2981 5498 3073 5550 ἐπὶ
3107 5500 3273 5551 πᾶσιν
3298 5500 3326 5552 ὁ
3370 5499 3672 5572 Ἀσσύριος,
3704 5499 3767 5552 τὸ

2195 5579 2259 5651 δὴ
2292 5583 2583 5652 κεφάλαιον
2628 5586 2736 5639 τῶν
2792 5588 2999 5656 κακῶν,
3036 5590 3132 5644 σὺν
3164 5588 3373 5654 τούτοις
3420 5590 3765 5664 ὁρμώμενος»
