4078 6432
306 378 410 431 997

1439 374 1942 431 COMMENTARIA
1982 374 2050 430 ιΝ
2087 375 2427 435 PSALMOS.

3444 379 3551 437 998

306 497 402 549 καὶ
458 492 663 556 τούτοις
726 494 1033 564 συμμάχοις
1084 492 1383 564 χρώμενος,
1432 492 1529 562 τὴν
1573 492 1877 564 παράταξιν

1987 493 2229 549 Moabitae
2256 512 2269 546 :
2305 510 2430 548 nam
2463 494 2519 548 hi
2552 494 2662 549 duo
2690 494 2783 548 ﬁlii
2812 492 2915 549 Lot
2943 492 3096 548 fuere
3116 533 3132 557 ,
3163 492 3322 548 Moab
3348 501 3404 549 et
3429 496 3563 549 Am-

307 585 600 654 ἐποιήσατο
625 599 636 611 ·
692 584 824 653 ὁμοῦ
870 600 927 636 τε
962 584 1159 646 πάντες
1197 584 1246 635 οἱ
1285 581 1670 653 προλεχθέντες
1686 583 1886 653 ἐγενή-

306 680 506 742 θησαν
558 676 645 739 εἱς
692 674 1021 742 ἀντίληψιν
1065 672 1188 738 τοῖς
1215 671 1364 735 υἱοῖς
1400 672 1548 726 Λώτ.
1596 673 1736 725 Ἀνθ’
1761 667 1820 726 οῦ
1852 673 1882 724 6

310 766 409 835 μὲν
455 764 703 827 Ἀκύλας,
747 763 1078 833 Ἐγένοντο,
1114 763 1267 835 φησὶ,
1292 763 1565 831 βραχίων
1595 764 1719 830 τοῖς
1734 764 1885 831 υἱοῖς

306 855 520 910 Λώτ·ό
572 856 627 909 δὲ
677 854 1000 926 Σύμμαχος,
1046 854 1349 924 Ἐγένοντο
1406 856 1709 925 σύμμαχοι
1760 857 1885 923 τοῖς

305 948 458 1014 υἱοῖς
483 947 629 1001 Λώτ.
660 948 780 1000 Υἱοὶ
808 947 863 999 δὲ
896 946 1021 1000 Λὼτ
1054 942 1193 1018 ἦσαν
1241 948 1565 1017 Ἀμμανῖται
1599 948 1692 1000 καὶ
1719 949 1887 1001 Μωα-

311 1042 451 1094 ϐῖται
471 1058 485 1070 ·
510 1040 602 1093 δύο
630 1039 737 1111 γὰρ
771 1034 915 1093 οῦτοι
956 1041 1244 1108 γεγόνασιν
1276 1040 1382 1091 υἱοὶ
1406 1039 1497 1092 τοῦ
1530 1038 1675 1104 Λὼτ,
1710 1041 1885 1094 Μωὰϐ

312 1133 404 1186 καὶ
468 1132 713 1203 Ἀμμών.
773 1131 958 1184 Ταῦτα
984 1132 1038 1184 δὲ
1076 1132 1156 1184 ὅτι
1193 1132 1329 1202 μηδὲ
1365 1131 1552 1185 ἄλλοτε
1583 1132 1887 1202 ἐπληροῦτο

312 1225 342 1297 ἢ
400 1225 544 1280 κατὰ
596 1225 723 1288 τοὺς
773 1224 1072 1296 Ἀσσυρίων
1106 1225 1349 1296 χρόνους,
1387 1225 1576 1294 σαφῶς
1612 1226 1644 1296 ή
1677 1224 1886 1296 ἱστορία

311 1318 623 1389 παρίστησι.
659 1319 732 1371 Τὸ
760 1316 1059 1388 τηνικαῦτα
1091 1317 1199 1387 γὰρ
1234 1319 1409 1372 πάντα
1440 1320 1506 1372 τὰ
1535 1320 1600 1371 ὲκ
1630 1317 1887 1385 γειτόνων

310 1409 434 1481 ἔθνη
464 1410 888 1480 διαφθονούμενα
920 1413 985 1480 τῇ
1032 1410 1384 1484 Ἰερουσαλὴμ
1424 1412 1519 1465 καὶ¹
1542 1409 1621 1481 τῷ
1655 1410 1713 1463 ὲν
1750 1411 1884 1481 αὐτῇ

310 1503 678 1573 γεγραμμένῳ
708 1502 784 1573 (1)
817 1501 926 1571 ναῷ
955 1501 1047 1554 τοῦ
1077 1501 1234 1567 Θεοῦ,
1255 1502 1493 1571 διψῶντα
1521 1518 1581 1553 τε
1610 1501 1709 1571 τὴν
1735 1499 1888 1553 ἀπώ-

1987 600 2136 639 mon.
2185 584 2309 640 Haec
2354 601 2518 655 porro
2557 602 2668 640 non
2713 587 2819 640 alio
2848 601 3011 655 quam
3042 586 3391 657 Assyriorum
3421 595 3563 642 tem-

1986 692 2118 746 pore
2142 688 2293 747 gesta
2322 677 2492 732 fuisse
2520 687 2705 748 aperte
2732 687 2917 731 narrat
2948 678 3201 733 historia.
3231 678 3331 732 Illo
3361 679 3564 751 quippe

1984 784 2100 823 aevo
2132 784 2322 824 omnes
2356 769 2569 823 ﬁnitimi
2600 771 2786 839 populi
2813 769 3203 841 Hierosolyma:
3235 779 3290 825 et
3318 771 3391 834 ei,
3416 774 3564 841 quod

1987 859 2042 913 in
2076 857 2356 927 Scriptura
2383 858 2575 924 fertur,
2603 858 2804 927 templo
2834 858 2928 912 Dei
2954 860 3080 914 istic
3104 861 3282 930 posito
3307 860 3562 916 inviden-

1988 956 2103 1012 tes,
2134 948 2541 1018 perniciemque
2580 949 2750 1001 totius
2780 946 3020 1003 Judaica:
3058 950 3236 1020 gentis
3280 951 3561 1017 sitientes,

1988 1055 2096 1093 una
2123 1038 2402 1093 irruerunt
2429 1046 2620 1092 contra
2654 1038 2776 1092 illos
2797 1078 2811 1099 ,
2847 1037 3271 1108 Babyloniorum
3304 1042 3565 1109 pmentia:

1989 1139 2043 1187 et
2074 1132 2397 1187 commilitio
2429 1130 2717 1199 adscripti.
2757 1129 2911 1184 Tunc
2949 1132 3131 1185 multm
3171 1132 3437 1187 adversus
3466 1147 3564 1187 eos

1992 1231 2182 1294 gentes
2216 1222 2456 1293 Assyriis
2494 1223 2820 1276 auxiliantes
2860 1230 3067 1276 coactae
3098 1230 3245 1277 sunt.
3281 1223 3350 1276 At
3384 1239 3566 1293 neque

1991 1316 2262 1369 Antiocho
2296 1332 2475 1386 neque
2507 1314 2801 1380 Romanis,
2839 1315 2894 1368 in
2928 1323 3206 1384 postrema
3238 1315 3559 1380 obsidione,

1991 1414 2180 1478 gentes
2227 1406 2381 1476 prius
2437 1414 2798 1471 enumerata,
2842 1408 2895 1461 in
2931 1408 3073 1463 bello
3113 1414 3307 1462 contra
3344 1405 3564 1463 Judaeos

1992 1498 2181 1561 initio,
2221 1513 2378 1567 opem
2411 1498 2603 1551 tulisse
2629 1498 2904 1553 ridentur.

310 1604 458 1657 λείαν
472 1595 563 1649 τοῦ
595 1597 792 1661 παντὸς
828 1596 1093 1650 Ἰουδαίων
1127 1596 1331 1660 ἔθνους,
1366 1596 1501 1668 ὁμοῦ
1535 1589 1626 1650 οὖν
1652 1595 1907 1649 ἐπέθεντο
1930 1597 2049 1649 κατ’
2085 1594 2262 1647 αὐτῶν
2294 1597 2359 1664 τῇ
2388 1593 2495 1646 τῶν
2514 1592 2867 1646 Βαϐυλωνίων
2930 1594 3216 1666 δυναστείᾳ
3273 1594 3566 1665 συμμαχή-

314 1709 500 1744 σαντα.
535 1691 671 1743 Τότε
712 1691 810 1760 μὲν
840 1686 931 1744 οὖν
962 1689 1132 1744 πολλὰ
1160 1690 1394 1761 συνῆκτο
1444 1692 1562 1744 κατ’
1594 1690 1773 1744 αὐτῶν
1797 1688 1866 1742 τὰ
1884 1692 1995 1752 τοῖς
2029 1689 2333 1758 Ἀσσυρίοις
2348 1686 2738 1758 συμμαχοῦντα
2767 1687 2914 1758 ἔθνη.
2942 1688 3079 1741 Οὔτε
3111 1688 3167 1741 δὲ
3196 1688 3334 1742 κατὰ
3366 1688 3566 1742 Ἀντίο-

310 1804 421 1857 χον,
448 1784 568 1838 οὗτε
592 1786 731 1840 κατὰ
762 1787 861 1858 τὴν
890 1787 1126 1857 ὑστάτην
1198 1786 1534 1857 πολιορκίαν,
1572 1785 1639 1839 τὰ
1701 1784 2265 1857 προκατηριθμημένα
2309 1782 2436 1853 ἔθνη
2467 1782 2712 1851 φαίνεται
2752 1785 3185 1853 συμμαχήσαντα
3254 1781 3563 1852 Ῥωμαίοις,

300 1879 544 1951 ὗπηνίκα
577 1880 668 1933 τὸν
710 1879 848 1952 πρὸς
890 1880 1174 1944 Ἰουδαίους
1199 1882 1593 1952 συνεστήσαντο
1625 1881 1880 1950 πόλεμον.

378 2002 644 2069 Ποίησον
668 1986 869 2067 αὐτοῖς
899 2002 979 2067 ὡς
1006 2001 1081 2070 τῇ
1112 2002 1344 2056 Μαδιὰν
1372 2002 1469 2055 καὶ
1504 2003 1583 2067 τῷ
1615 2001 1843 2070 Σισάρᾳ
1862 2042 1877 2064 ,

2053 1994 2223 2050 Vens.
2267 1992 2456 2047 10-12.
2501 1989 2615 2044 Fac
2646 1991 2754 2045 illis
2795 1991 2931 2045 sicut
2972 1989 3199 2045 Madian
3234 2000 3283 2045 et
3323 1992 3562 2059 Sisarar,
3658 2043 3663 2049 .

1989 2089 2123 2142 sicut
2152 2085 2319 2139 Jabin
2343 2086 2398 2137 in
2429 2093 2660 2137 torrente
2700 2081 2883 2137 Cison.
2924 2082 3292 2151 Disperierunt
3329 2086 3387 2139 in
3423 2085 3567 2140 {En-

1987 2181 2105 2245 dor,
2139 2179 2271 2249 facti
2297 2188 2419 2232 sunt
2452 2186 2510 2229 ut
2539 2186 2741 2230 stercus
2784 2183 2957 2230 terraa.
2993 2175 3141 2229 Pone
3178 2179 3438 2246 principes
3475 2195 3565 2233 eo-

1987 2290 2104 2327 rum
2135 2274 2272 2327 sicut
2306 2269 2440 2326 Orcb
2473 2278 2523 2323 et
2550 2267 2655 2321 Zeb
2686 2276 2736 2321 et
2763 2266 2924 2322 Zebee
2961 2277 3009 2323 et
3042 2268 3317 2324 Salmona.
3362 2269 3565 2326 Eadem

308 2093 383 2159 ὡς
408 2093 488 2159 τῷ
531 2095 704 2181 Ἰαϐὶμ
733 2095 802 2148 ἐν
826 2093 905 2159 τῷ
935 2095 1227 2164 χαωρῤῳ
1246 2094 1462 2151 Κισών.
1502 2095 1886 2163 Ἐξωλοθρεύ-

309 2186 509 2250 θησαν
531 2183 600 2235 ἐν
630 2183 894 2253 Ἀενὸὼρ,
924 2184 1300 2255 ἐγενήθησαν
1350 2185 1494 2238 ὡσεὶ
1546 2185 1766 2252 κόπρος
1811 2182 1887 2251 τῇ

306 2268 406 2338 τῇ.
438 2271 553 2325 Θοῦ
584 2272 725 2339 τοὺς
759 2273 1056 2343 ἄρχοντας
1092 2273 1291 2329 αὐτῶν
1325 2275 1407 2340 ὠς
1438 2273 1545 2327 τὸν
1581 2273 1757 2342 Ὠρὴϐ
1786 2274 1885 2326 καὶ

306 2358 434 2428 Ζὴϐ
491 2361 590 2416 καὶ
644 2363 819 2417 Ζεὸεὲ
875 2364 974 2417 καὶ
1022 2363 1336 2434 Σαλμωνᾶ.
1406 2365 1643 2418 Τοιαῦτα
1698 2362 1886 2417 θεσπί-

310 2449 391 2515 ζει
435 2452 685 2521 γενέσθαι
717 2457 828 2517 τοῖς
860 2454 1238 2525 προλεχθεῖσιν
1273 2455 1482 2510 ἔθνεσιν
1514 2458 1542 2509 6
1570 2458 1883 2527 Προφήτης,

306 2544 468 2599 ὁποῖα
512 2548 577 2616 τῇ
624 2545 849 2617 Μαδιὰμ
902 2547 996 2600 καὶ
1021 2546 1099 2615 τῷ
1132 2547 1361 2619 Σισάρα,
1395 2546 1591 2616 καὶτῷ
1626 2546 1803 2616 Ἰαϐὶμ
1828 2549 1887 2599 ὲν

306 2634 387 2706 τῷ
418 2636 704 2709 χειμάρρῳ
728 2638 911 2691 Κισὼν
945 2637 1142 2708 συνέϐη
1174 2640 1306 2692 ποτέ
1331 2656 1345 2670 ·
1372 2640 1566 2703 οἵτινες
1590 2638 1726 2710 ὁμοῦ
1754 2639 1889 2692 πάν-

306 2742 400 2789 τες
440 2726 912 2799 ὲξωλοθρεύθησαν
967 2730 1023 2782 ὲν
1084 2729 1315 2801 Ἀενδὼρ
1341 2771 1356 2795 ,
1411 2731 1504 2786 καὶ
1552 2731 1888 2803 ἐγενήθησαν

306 2817 439 2871 ὡσεὶ
490 2819 692 2890 κόπρος
749 2824 814 2893 τῇ
838 2825 929 2893 γῇ.
966 2823 1126 2877 Ἀλλὰ
1164 2825 1416 2886 καὶτοὺς
1465 2824 1729 2895 ἄρχοντας
1780 2824 1887 2879 τῶν

306 2907 713 2980 προλεχθέντων
764 2910 931 2965 ἐθνῶν
966 2912 1189 2966 τοιαῦτα
1254 2914 1446 2968 ποθεῖν
1499 2914 1676 2980 ἀξιοῖ,
1727 2918 1886 2971 ὁποῖα

310 2998 642 3052 πεπόνθασιν
711 3000 874 3072 Ὠρὴϐ
924 3001 1017 3055 καὶ
1056 3002 1167 3074 Ζὴ6
1210 3004 1304 3057 καὶ
1348 3003 1510 3057 Ζε6εὲ
1537 3004 1630 3057 καὶ
1662 3005 1888 3075 Σαλμω-

307 3091 425 3154 νᾶς.
454 3091 672 3145 Τούτων
687 3091 743 3145 δὲ
770 3093 986 3147 πάντων
1020 3092 1117 3163 τὴν
1153 3093 1389 3166 ἱστορίαν
1432 3095 1685 3167 εὑρήσεις
1734 3098 1791 3149 ὲν
1819 3099 1884 3169 τῇ

310 3183 477 3255 βίϐλῳ
522 3185 828 3256 φερομένην
871 3185 978 3239 τῶν
1040 3186 1278 3257 Κριτῶνο
1318 3186 1446 3241 ἔνθα
1472 3187 1565 3240 καὶ
1613 3190 1640 3241 6
1677 3188 1887 3261 Σισάρα

309 3277 404 3330 καὶ
423 3277 450 3327 ὁ
480 3275 672 3340 Ἰαϐὶς,
705 3277 799 3330 καὶ
816 3278 865 3329 οἱ
891 3276 1067 3332 λοιποὶ
1083 3279 1585 3349 κατωνομασμένοι,
1602 3280 1775 3333 ὁπόσα
1792 3281 1886 3336 καὶ

1986 2364 2304 2421 memoratis
2348 2362 2604 2433 gentibus
2660 2359 2846 2414 futura
2887 2360 3221 2415 vaticinatur
3256 2360 3562 2432 Propheta,

1987 2474 2109 2529 qua:
2147 2458 2276 2513 olim
2318 2454 2533 2509 Madian
2563 2493 2579 2518 ,
2623 2451 2827 2508 Sisarte
2853 2492 2869 2517 ,
2910 2459 2964 2507 et
3000 2451 3179 2506 Jabim
3221 2453 3275 2506 in
3317 2460 3566 2509 torrente

1987 2547 2156 2602 Cison
2208 2546 2608 2614 contigerunt:
2671 2544 2767 2614 qui
2827 2558 3019 2598 omnes
3071 2544 3441 2613 disperierunt
3505 2547 3564 2601 in

1987 2636 2229 2701 Endor,
2272 2644 2326 2690 et
2376 2636 2506 2689 facti
2552 2645 2679 2691 sunt
2724 2642 2785 2690 ut
2835 2644 3051 2691 stercus
3092 2642 3273 2691 terrae.
3325 2636 3409 2691 Ad
3449 2638 3567 2693 haec

1986 2731 2151 2786 etiam
2205 2724 2486 2799 principes
2538 2727 2926 2799 praedictorum
2990 2730 3319 2797 p0pulorum
3373 2730 3566 2785 eadem

1987 2819 2196 2891 perpeti
2246 2826 2441 2889 rogat,
2479 2836 2600 2889 quae
2639 2818 2782 2873 Oreb
2825 2828 2877 2873 et
2920 2817 3030 2874 Zeb
3070 2826 3125 2873 et
3156 2818 3332 2875 Zebee
3362 2826 3416 2874 et
3447 2818 3566 2875 Sal-

1987 2927 2202 2967 monas.
2245 2910 2451 2967 Horum
2493 2926 2658 2982 porro
2702 2910 2946 2966 omnium
2986 2911 3281 2967 historiam
3323 2912 3567 2981 reperias

1988 3001 2043 3055 in
2078 3002 2218 3057 libro
2252 2999 2541 3066 Judicum,
2585 3001 2677 3055 ubi
2717 3016 2838 3070 quae
2879 2998 3069 3055 Sisara
3107 3008 3162 3055 et
3198 2999 3359 3055 Jabin
3398 3011 3566 3070 atque

1988 3094 2116 3158 alii,
2148 3093 2244 3164 qui
2274 3108 2441 3163 supra
2470 3097 2852 3159 recensentur,
2882 3098 3071 3146 contra
3104 3089 3359 3148 lsraelem
3390 3089 3564 3145 moliti

1989 3191 2154 3249 sunt,
2183 3195 2236 3240 et
2264 3199 2386 3254 qua:
2417 3184 2579 3238 iidem
2610 3189 2743 3238 sunt
2771 3184 3058 3253 perpessi,
3090 3181 3377 3253 Scriptura
3406 3198 3567 3238 enar-

1987 3282 2075 3328 rat
2106 3276 2171 3329 ¹⁵.
2224 3272 2303 3329 Eo
2343 3285 2524 3328 autem
2566 3274 2880 3336 mittemus,
2925 3273 2972 3327 si
3013 3287 3176 3343 quem
3214 3288 3279 3327 ea
3316 3273 3565 3329 ediscere

309 3368 433 3424 τίνα
473 3368 611 3423 κατὰ
656 3368 750 3422 τοῦ
806 3369 1020 3440 Ἰσραὴλ
1070 3343 1504 3442 ἐμηχανήσαντο,
1570 3343 1663 3424 καὶ¹
1724 3373 1885 3424 ὁποῖα

1988 3363 2155 3418 libeat
2185 3379 2306 3435 quae
2338 3365 2407 3419 ad
2448 3366 2598 3433 ipsos
2631 3365 2906 3419 attinent:
2938 3378 3064 3417 nam
3104 3379 3261 3433 aequo
3301 3365 3564 3434 prolixior

305 3458 720 3539 πεπόνθᾳσιν,ή
757 3460 946 3532 Γραφὴ
980 3462 1327 3533 παρίστησιν.
1369 3464 1483 3532 Ἐφ’
1528 3463 1594 3533 ἢν
1640 3463 1886 3535 ἀναπέμ-

306 3548 497 3620 ψωμεν
523 3549 612 3602 τὸν
642 3548 963 3620 βουλόμενον
988 3550 1057 3603 τὰ
1089 3553 1208 3605 κατ’
1235 3552 1429 3615 αὐτοὺς
1455 3551 1672 3616 εἰδέναι,
1707 3552 1795 3607 διὰ
1823 3552 1886 3607 τὸ

312 3642 657 3712 μακροτέραν
682 3637 817 3695 εἶναι
842 3643 940 3713 τὴν
974 3644 1103 3715 περὶ
1123 3642 1303 3697 αὐτῶν
1328 3643 1597 3715 διήγησιν.
1638 3644 1718 3698 Τὰ
1745 3644 1888 3699 αὐτὰ

310 3731 406 3781 σὺν
429 3729 656 3792 ἐκείνοις
684 3729 775 3782 καὶ
798 3729 1019 3795 τούτους
1046 3731 1273 3785 ἱκετεύει
1304 3731 1514 3797 παθεῖν,
1529 3733 1661 3787 διότι
1688 3735 1887 3804 ὁμοίως

308 3820 533 3883 ἐκείνοις
565 3822 658 3874 καὶ
690 3816 1124 3894 οῦτοιεὶρήκασι,
1154 3825 1716 3895 Κληρονομήοιωμεν
1752 3826 1887 3879 ἐαυ-

307 3910 431 3977 τοῒς
462 3912 530 3965 τὸ
571 3913 959 3983 ἀγιαστήριον
997 3916 1103 3970 τοῦ
1154 3917 1322 3972 Θεοῦ.
1354 3917 1578 3985 Ἔλεγον
1628 3918 1683 3970 δὲ
1716 3916 1887 3971 ταῦτα

308 4002 404 4055 καὶ
432 4004 479 4055 οἱ
515 4005 643 4075 περὶ
673 4003 762 4057 τὸν
788 4005 1014 4075 Σισάρα,
1036 4006 1131 4059 καὶ
1148 4007 1330 4074 Ἰαϐὶς,
1358 4008 1413 4060 οἵ
1440 4024 1496 4060 τε
1521 4007 1717 4073 λοιποὶ,
1735 4006 1827 4070 οὓς
1859 4008 1887 4059 6

307 4091 463 4164 λόγος
484 4097 623 4149 κατὰ
644 4097 785 4162 λέξιν
817 4098 917 4170 (2),
949 4099 1075 4170 περὶ
1100 4100 1200 4170 τῆς
1229 4102 1433 4173 σκηνῆς
1470 4103 1564 4155 καὶ¹
1596 4102 1693 4173 τῆς
1719 4102 1886 4154 κιϐω-

310 4186 404 4240 τοῦ
421 4186 515 4240 τοῦ
532 4187 685 4241 Θεοῦ.
712 4190 783 4241 Τὸ
801 4189 908 4261 γὰρ
938 4190 1289 4262 ἁγιαστήριον
1309 4191 1402 4245 τοῦ
1446 4193 1580 4246 Θεοῦ
1602 4192 1772 4247 ταῦτα
1794 4188 1883 4263 ἦν,

312 4280 478 4350 μήπω
530 4280 629 4351 τῆς
691 4281 1044 4353 Ἰερουσαλὴμ
1080 4283 1441 4355 συνεστώσης.
1493 4284 1796 4355 Ἐπηύξατο
1829 4284 1884 4337 δὲ

307 4368 483 4424 ταῦτα
504 4372 530 4422 ὁ
559 4369 853 4442 Προφήτης
888 4372 1028 4426 κατὰ
1062 4371 1169 4425 τῶν
1204 4373 1617 4445 δεδηλωμένων·
1663 4370 1759 4427 εἴτ’
1787 4375 1885 4427 οὐκ

310 4462 390 4524 είς
420 4462 628 4533 μακρὸν
679 4462 981 4534 ἐπληροῦτο
1033 4463 1101 4516 τὰ
1135 4466 1233 4534 τῆς
1276 4465 1462 4536 εὐχῆς.
1505 4466 1710 4520 Αὐτίκα
1755 4465 1884 4535 γοῦν

310 4554 648 4624 παραχρῆμα
679 4557 745 4625 τῇ
780 4554 919 4607 κατὰ
948 4554 1054 4607 τῶν
1104 4555 1370 4610 Ἰουδαίων
1413 4557 1694 4629 πολιορκία
1725 4558 1819 4610 καὶ
1848 4560 1881 4629 ή

1988 3467 2178 3506 eorum
2214 3454 2491 3508 enarratio
2529 3452 2690 3509 foret.
2730 3482 2802 3492 —-
2835 3452 3003 3509 Vsus.
3046 3454 3131 3507 15.
3158 3453 3358 3510 Eadem
3398 3469 3565 3526 porro

1986 3561 2109 3616 quae
2141 3547 2255 3613 illi,
2294 3547 2430 3602 istos
2463 3547 2627 3601 etiam
2662 3546 2869 3617 perpeti
2902 3557 3093 3616 rogat,
3127 3547 3259 3617 quia
3288 3549 3479 3603 eodem
3509 3556 3567 3604 et

1987 3639 2076 3694 isti
2122 3638 2285 3693 modo
2326 3639 2626 3703 dixerunt,
2665 3639 2996 3694 ereditate
3028 3638 3395 3709 possideamus
3439 3656 3567 3693 san-

1987 3732 2255 3785 ctuarium
2286 3729 2405 3786 Dei.
2438 3730 2533 3785 Illa
2566 3746 2695 3786 vero
2724 3729 2984 3786 dicebant
3021 3730 3241 3794 Sisara,
3272 3729 3435 3786 Jabin
3457 3771 3472 3797 ,
3509 3738 3565 3787 et

1987 3823 2185 3892 reliqui
2222 3822 2544 3876 nominatim
2577 3822 2842 3878 recensiti
2863 3862 2878 3887 ,
2922 3823 2990 3878 de
3037 3824 3388 3879 tabernaculo
3415 3831 3470 3880 et
3497 3826 3566 3881 de

1987 3931 2115 3970 arca
2147 3914 2241 3970 Dei
2269 3935 2282 3969 :
2317 3915 2431 3969 haec
2457 3915 2658 3984 quippe
2686 3922 2843 3969 erant
2870 3917 3246 3971 sanctuarium
3278 3917 3408 3984 Dei,
3438 3933 3564 3973 cum

1986 4011 2231 4066 nondum
2255 4009 2561 4066 Jerusalem
2579 4011 2928 4066 consisteret.
2956 4010 3080 4066 Haec
3098 4027 3263 4082 porro
3284 4012 3562 4083 Propheta
3582 4054 3585 4055 ν

1985 4110 2238 4173 precatus
2285 4108 2369 4157 est
2423 4102 2686 4156 adversus
2730 4116 2825 4156 eos
2873 4102 2967 4171 qui
3018 4102 3274 4171 superius
3323 4102 3554 4158 indicati

1987 4198 2153 4246 sunt:
2190 4206 2290 4245 nec
2319 4190 2413 4244 diu
2447 4198 2637 4260 postea
2677 4191 2922 4259 precatio
2955 4198 3039 4246 est
3069 4192 3323 4246 ell'ectum
3367 4209 3565 4249 conse-

1986 4269 2131 4338 cuta.
2165 4281 2298 4335 Nam
2332 4283 2635 4337 secundum
2664 4283 2809 4336 illam
2838 4282 3152 4338 Iudaeorum
3183 4285 3521 4342 obsidionem
3543 4326 3561 4353 ,

1984 4373 2334 4444 Assyriorum
2362 4368 2648 4445 imperium
2677 4374 2971 4445 derepente
2998 4377 3238 4431 solutum
3264 4386 3380 4443 est,
3410 4386 3564 4448 post-

1985 4482 2147 4537 quam
2180 4467 2440 4523 diuturno
2470 4484 2585 4523 aevo
2625 4470 2908 4535 stetisset;
2942 4479 2997 4524 et
3035 4470 3255 4539 quidem
3291 4487 3464 4541 usque
3493 4472 3561 4527 ad

1987 4558 2119 4613 illud
2166 4566 2381 4629 tempus
2406 4599 2421 4623 ,
2464 4574 2575 4630 quo
2618 4561 2748 4614 talia
2775 4567 2966 4615 contra
2992 4561 3425 4633 Hierosolymam
3462 4578 3561 4632 ag-

325 4644 623 4716 Ἀσσυρίων
651 4645 917 4717 κατελύθη
947 4645 1232 4699 δυναστεία
1260 4647 1594 4718 διαρκέσασα
1632 4648 1841 4721 χρόνοις
1863 4667 1877 4680 ·

1987 4651 2136 4720 gredi
2165 4650 2286 4705 ausi
2318 4658 2467 4706 sunt.
2495 4649 2615 4705 Non
2644 4651 2735 4705 diu
2771 4651 2954 4721 itaque
2983 4660 3173 4721 postea
3199 4651 3373 4722 Cyrus
3392 4692 3407 4717 ,
3436 4669 3561 4709 cum

311 4734 406 4788 καὶ
434 4736 597 4807 μέχρι
627 4736 814 4790 τούτου
854 4739 1098 4791 συστᾶσα
1128 4737 1320 4808 μέχρις
1354 4732 1413 4792 οῦ
1444 4738 1667 4793 τοιαῦτα
1699 4738 1882 4792 τετολ-

316 4824 519 4896 μήκασι
576 4826 718 4880 κατὰ
770 4828 870 4898 τῆς
915 4828 1289 4900 Ἰερουσαλήμ.
1326 4829 1460 4882 Μετ’
1496 4830 1556 4882 οὐ
1588 4831 1719 4883 πολὺ
1752 4832 1882 4899 γοῦν

311 4914 514 4988 Κῦρος,
564 4917 665 4988 τῆς
694 4918 920 4990 Περσῶν
968 4919 1243 4989 βασιλείας
1283 4923 1589 4993 κρατήσας,
1631 4922 1885 4977 καταλύει

278 5030 279 5035 η
311 5005 411 5074 τὴν
450 5006 748 5078 Ἀσσυρίων
778 5008 971 5079 ἀρχήν.
1003 5008 1114 5061 Καὶ
1153 5007 1220 5061 τὰ
1255 5007 1412 5063 λοιπὰ
1451 5008 1510 5061 δὲ
1552 5008 1691 5062 κατὰ
1721 5009 1887 5081 μέρος

312 5099 678 5171 ὼνομασμένα
710 5100 834 5172 ἔθνη
879 5100 1102 5155 τοιαῦτα
1137 5099 1422 5163 πέπονθεν,
1454 5102 1610 5154 ὁποῖα
1653 5103 1682 5155 ὁ
1730 5102 1885 5170 λόγος

314 5190 622 5262 προέφησεν
641 5208 657 5223 ο
691 5190 818 5243 ὥστ’
844 5190 1066 5254 εἰκότως
1094 5191 1158 5244 ἄν
1190 5208 1311 5243 τινα
1359 5191 1547 5261 φῆσαι,
1584 5192 1657 5262 μὴ
1685 5191 1883 5245 κατεύ-

314 5280 501 5350 χεσθαι
532 5283 623 5335 τὸν
663 5284 955 5352 Προφήτην
1001 5282 1059 5333 ὲν
1105 5282 1312 5347 τούτοις
1350 5282 1457 5337 τῶν
1503 5283 1879 5355 δηλουμένων,

315 5370 673 5443 προφητεύειν
701 5371 757 5425 δὲ
782 5373 963 5436 αὐτοῖς
992 5374 1060 5428 τὰ
1106 5374 1358 5444 ἐσόμενα,
1398 5373 1540 5428 κατά
1583 5390 1706 5426 τινα
1762 5389 1884 5427 συν-

312 5461 502 5535 ήθειαν
534 5463 631 5534 τῆς
670 5463 893 5535 Γραφῆς
943 5464 1324 5537 προστακτικῷ
1364 5465 1551 5537 τρόπῳ
1592 5464 1713 5518 ἀντὶ⁵
1746 5480 1882 5535 προ-

310 5554 664 5626 αγορευτικοῦ
709 5556 1077 5627 κεχρημένον·
1140 5558 1269 5612 ὥσθ’
1299 5558 1445 5629 ἡμᾶς
1480 5554 1757 5626 ἐξακούειν
1785 5554 1881 5622 τὸ,

390 5647 431 5677 ¹⁵
470 5644 650 5700 Judic.
689 5661 766 5711 tv,
802 5662 916 5717 seq.

384 5804 461 5871 li)
502 5805 604 5870 Γρ.
636 5803 1005 5874 ὲγηγερμένῳ.

1986 4739 2276 4796 Persarum
2293 4757 2517 4813 regnum
2537 4751 2881 4812 occupasset,
2900 4742 3249 4813 Assyriorum
3272 4743 3560 4813 imperium

1988 4834 2203 4891 evertit.
2243 4832 2486 4902 Reliquae
2519 4847 2652 4889 vero
2692 4833 3006 4903 singulatim
3045 4833 3333 4889 recensita:
3374 4843 3563 4903 gentes

1989 4939 2052 4978 ea
2078 4930 2206 4978 sunt
2229 4938 2522 4993 perpessae,
2546 4938 2668 4993 quae
2687 4923 2793 4977 hoc
2819 4938 3069 4978 sermone
3090 4924 3559 4993 praenuntiantur;

1989 5012 2063 5067 ita
2101 5021 2157 5066 ut
2188 5028 2219 5068 e
2249 5028 2308 5068 re
2338 5013 2607 5083 quispiam
2633 5013 2859 5081 dixerit,
2890 5012 3220 5083 Prophetam
3250 5017 3564 5071 memoratis

1992 5106 2243 5175 gentibus
2268 5120 2377 5160 non
2400 5106 2691 5176 imprecari
2719 5108 2882 5174 mala,
2910 5108 3005 5162 sed
3037 5106 3219 5162 futura
3245 5107 3562 5173 vaticinari,

1991 5212 2055 5252 ac
2098 5212 2198 5270 pro
2242 5206 2465 5254 assueto
2510 5197 2810 5269 Scripturae
2856 5215 3041 5263 more,
3092 5199 3411 5269 imperantis
3445 5213 3562 5253 mo.

1990 5288 2143 5352 dum,
2166 5290 2288 5344 loco
2304 5290 2747 5360 praenuntiantis,
2771 5307 3076 5362 usurpare;
3114 5290 3251 5346 adeo
3264 5299 3323 5345 ut
3346 5290 3559 5353 isthaec,

1990 5377 2105 5432 Fac
2132 5379 2277 5443 illis,
2314 5394 2415 5435 nos
2451 5381 2531 5435 sic
2579 5380 2983 5451 intelligamus,
3028 5380 3216 5435 Facies
3262 5381 3375 5435 illis
3424 5382 3560 5434 sicut

1990 5469 2223 5525 Hadian
2247 5482 2293 5547 et
2321 5470 2543 5527 Sisara.
2574 5470 2700 5526 Haec
2734 5488 2900 5542 porro
2926 5472 2994 5528 de
3019 5473 3366 5545 Assyriorum
3384 5513 3398 5537 ,
3427 5474 3562 5526 alia-

1990 5577 2221 5632 rumque
2267 5561 2359 5616 hic
2422 5559 2825 5616 recensitarum
2873 5562 3120 5633 gentium
3178 5561 3390 5617 excidio
3424 5576 3540 5631 pne

2068 5799 2139 5869 (Ξ)
2180 5798 2374 5856 Deesse
2398 5798 2608 5855 videtur
2641 5797 2885 5865 verbum,
2928 5796 3067 5853 forte
3106 5796 3375 5870 ὀνομάζει.
3404 5797 3561 5853 Enn.
