4078 6432
542 414 645 471 999
1220 410 1491 466 EUSEBll
1522 406 2007 465 CESARIENSIS
2038 406 2189 462 OPP.
2230 404 2412 459 PARS
2445 403 2534 460 Ill.
2572 434 2633 448 -
2681 402 3089 461 EXEGETICA.
3652 400 3802 458 ιοοο

541 528 879 582 nuntiantur.
905 524 1093 597 Neque
1116 533 1296 581 tamen
1328 524 1395 580 de
1425 526 1492 581 iis
1520 525 1614 595 qui
1644 532 1766 595 post
1803 523 2105 579 Salvatoris

2215 524 2473 590 Ποίησον
2495 522 2719 589 αὐτοῖς,
2745 521 2866 575 ἀντὶ
2898 519 3017 584 τοῦ,
3050 518 3330 586 Ποιήσεις
3352 521 3431 586 ὡς
3452 520 3528 591 τῇ
3548 521 3803 591 Μαδιὰμ

540 620 711 673 nostri
747 618 1035 673 adventum
1066 628 1393 689 postremam
1423 616 1927 688 Hierosolymorum
1960 616 2111 670 obsi-

2215 614 2413 680 καὶτῷ
2432 614 2680 683 Σισὰρᾳ.
2716 613 2903 667 Ταῦτα
2932 613 2989 665 δὲ
3020 612 3264 683 περὶτοῦ
3292 613 3481 677 τέλους
3512 613 3625 666 τῶν
3674 613 3805 667 Ἀσ-

538 708 755 764 dionem
782 709 1065 773 fecerunt,
1096 709 1298 765 similia
1329 708 1600 763 feruntur.
1630 710 1810 775 Quare
1839 708 1973 762 nihil
2003 709 2109 761 tale

2215 707 2416 776 συρίων
2467 706 2560 758 καὶ⁵
2608 704 2717 757 τῶν
2755 705 2852 757 σὺν
2904 704 3086 766 αὐτοῖς
3139 703 3579 773 καταλεχθέντων
3620 704 3803 759 si)va

538 797 768 854 Romani
802 808 927 871 post
956 801 1163 855 illatam
1193 800 1338 872 genti
1370 800 1579 855 cladem
1610 800 1859 870 perpessi
1888 807 2035 855 sunt.

2215 795 2637 870 προφητεύεται.
2665 794 2739 847 Οῦ
2773 795 2880 865 μὴν
2906 794 3148 865 καὶπερὶ
3172 792 3279 845 τῶν
3301 794 3398 863 τὴν
3423 793 3664 865 ὑστάτην
3693 809 3802 848 πο-

537 892 780 965 λιορκίαν
814 894 951 965 μετὰ
977 894 1076 966 τὴν
1095 894 1187 947 τοῦ
1220 895 1472 967 Σωτῆρος
1502 896 1660 966 ἡμῶν
1726 896 2031 970 παρουσίαν
2086 892 2570 965 κατειργασμένων
2588 890 2816 944 τοιαῦτά
2862 907 2985 943 τινα
3053 890 3301 962 ἐφέρετο.
3337 888 3428 941 Διὸ
3458 887 3610 941 οὐδὲν
3659 889 3791 941 Ῥω-

541 989 689 1058 μαῖοι
716 986 957 1040 τοιοῦτον
988 986 1287 1039 πεπόνθασι
1326 986 1463 1057 μετὰ
1496 986 1592 1057 τὴν
1618 985 1760 1039 κατὰ
1791 985 1885 1039 τοῦ
1919 987 2104 1048 ἔθνους
2142 984 2500 1056 ἐπιχείρησιν.

610 1104 777 1161 Vens.
806 1104 892 1158 14.
924 1103 1061 1158 Deus
1094 1120 1258 1168 meus,
1276 1120 1407 1172 pone
1431 1103 1554 1157 illos
1578 1112 1635 1155 ut
1662 1111 1856 1166 rotam,
1884 1112 1933 1156 et
1961 1103 2099 1156 sicut

2299 1101 2351 1153 Ὁ
2374 1100 2519 1165 Θεός
2546 1116 2687 1167 μου,
2728 1096 2835 1151 θοῦ
2860 1096 3082 1162 αὐτοὺς
3113 1096 3193 1161 ὠς
3226 1095 3466 1164 τροχὸν,
3490 1095 3571 1161 ὡς
3599 1095 3802 1148 καλάς

537 1198 790 1267 stipulam
826 1205 946 1249 ante
978 1196 1169 1264 faciem
1207 1197 1364 1249 venti.
1404 1193 1524 1248 Non
1563 1195 1947 1265 intempestive
1972 1193 2107 1248 Pro-

2215 1209 2333 1263 μην
2353 1190 2503 1244 κατά
2529 1190 2856 1256 πρόσωπον
2886 1186 3134 1255 ἀνέμου.
3174 1187 3288 1238 Οὐκ
3322 1185 3564 1255 ἀκαίρως
3590 1187 3617 1237 ὁ
3642 1187 3797 1255 Προ-

537 1291 739 1361 pbeta,
792 1288 901 1342 imo
940 1288 1123 1357 potius
1163 1287 1218 1341 in
1252 1302 1317 1342 eo
1357 1286 1595 1357 Spiritus
1635 1295 1859 1341 sanctus
1884 1326 1900 1349 ,
1941 1285 2111 1340 Deum

2215 1283 2409 1353 φήτης,
2438 1279 2637 1349 μᾶλλον
2661 1278 2717 1331 δὲ
2743 1277 2803 1329 τὸ
2833 1278 2889 1329 ἐν
2902 1276 3050 1347 αὐτῷ
3070 1275 3222 1344 ἅγιον
3251 1274 3491 1345 Πνεῦμα,
3522 1275 3802 1330 tam.

538 1387 599 1433 ut
629 1379 735 1433 sibi
769 1378 1050 1447 pr0prium
1078 1377 1135 1431 in
1166 1376 1479 1446 hujusmodi
1506 1378 1822 1431 narratione
1846 1383 2113 1431 memorat

2215 1393 2302 1429 ται
2328 1374 2417 1427 τὸν
2445 1373 2576 1425 Θεὸν
2631 1373 2689 1423 ἐν
2733 1373 2798 1441 τῇ
2836 1368 3173 1441 προκειμένῃ
3221 1368 3431 1438 ἱστορίᾳ
3473 1368 3719 1436 φάσκον,
3760 1372 3801 1423 ὁ

537 1472 761 1532 dicens,
797 1468 937 1522 Deus
972 1484 1114 1521 meus
1142 1483 1161 1520 :
1196 1482 1371 1537 neque
1402 1468 1549 1521 enim
1578 1468 1695 1531 ait,
1728 1466 1867 1521 Deus
1902 1476 2110 1530 noster;

2218 1465 2361 1529 Θεός
2380 1481 2500 1533 μου
2518 1481 2531 1493 ·
2560 1462 2620 1515 οὐ
2644 1462 2749 1532 γάρ
2770 1500 2785 1524 ,
2809 1464 2841 1515 ό
2870 1460 3013 1525 Θεὸς
3031 1459 3220 1529 ἡμῶν,
3240 1461 3424 1529 φησὶν,
3452 1460 3563 1512 ἀλλ’
3588 1463 3620 1513 ὁ
3648 1460 3802 1527 Θεός

538 1562 669 1624 sed,
710 1560 851 1614 Deus
891 1574 1068 1621 meus;
1099 1560 1258 1628 quasi
1299 1559 1382 1613 vel
1420 1575 1564 1614 unus
1602 1566 1850 1623 tantum,
1891 1560 1976 1614 vel
2014 1559 2113 1614 ad-

2215 1572 2349 1622 μου,
2390 1553 2466 1618 ὡς
2509 1553 2576 1607 ἂν
2632 1552 2750 1615 ἑνός
2781 1568 2882 1603 που
2926 1552 3019 1604 καὶ
3055 1551 3281 1604 σπανίου
3308 1550 3800 1621 περιλελειμμένον

538 1653 760 1711 modum
793 1652 951 1722 pauci
985 1662 1229 1721 tempore
1265 1651 1616 1721 Assyriorum
1656 1652 1960 1707 obsidionis
2002 1651 2111 1707 Deo

2216 1646 2357 1700 κατὰ
2390 1646 2481 1699 τὸν
2518 1644 2828 1715 δηλωθέντα
2859 1644 3049 1714 καιρὸν
3075 1641 3176 1712 τῆς
3210 1642 3317 1695 τῶν
3368 1642 3662 1713 Ἀσσυρίων
3696 1660 3802 1696 πο-

538 1744 690 1816 digni
729 1744 903 1799 relicti
943 1742 1167 1798 fuerint.
1210 1742 1344 1795 Nam
1376 1758 1509 1797 eum
1552 1746 1785 1814 populus
1822 1744 2000 1799 omnis
2031 1744 2113 1798 la-

2216 1739 2482 1810 λιορκίας,
2527 1734 2677 1801 ἀξίου
2708 1735 2801 1789 τοῦ
2832 1734 2989 1789 Θεοῦ.
3031 1735 3118 1798 Ὠς
3157 1733 3268 1806 γὰρ
3304 1733 3395 1787 τοῦ
3426 1734 3557 1787 λαοῦ
3592 1734 3801 1798 παντὸς

538 1851 671 1909 psus
718 1844 772 1891 et
824 1841 1175 1905 peccatorum
1221 1848 1388 1888 causa
1446 1835 1827 1892 obsidentibus
1875 1836 2109 1891 traditus

2215 1831 2555 1893 ἐκπεσόντος,
2593 1830 2686 1882 καὶ
2704 1828 2792 1881 διὰ
2820 1827 2918 1892 τάς
2949 1827 3225 1899 ἁμαρτίας
3253 1830 3368 1891 τοῖς
3411 1827 3801 1898 πολιορκηταξ

537 1938 717 1993 esset,
758 1943 868 1983 non
903 1927 1263 1982 communiter
1303 1925 1471 1981 Deum
1510 1930 1841 1998 compellat;
1898 1930 1995 1985 sed
2042 1945 2111 1985 ex

2215 1918 2626 1991 παραδοθέντος,
2656 1918 2716 1970 οῦ
2742 1920 3037 1971 κοινοποιεῖ
3055 1916 3153 1988 τὴν
3169 1917 3453 1989 ἐπίκλησιν
3473 1935 3485 1946 °
3511 1916 3571 1982 ἐξ
3594 1917 3799 1971 οἰκείου

543 2020 767 2090 propria
796 2032 1027 2089 persona
1049 2017 1129 2071 sic
1155 2016 1321 2071 inlert
1347 2037 1359 2071 :
1382 2016 1523 2072 Deus
1545 2034 1709 2083 meus,
1740 2035 1872 2087 pone
1904 2020 2025 2073 illos
2056 2028 2115 2073 ut

2215 2012 2267 2065 δὲ
2303 2011 2464 2081 μόνου
2492 2007 2782 2081 προσώπου
2810 2009 3003 2077 ἐπάγει
3030 2009 3187 2078 λέγον
3212 2026 3227 2040 ⁸
3264 2009 3318 2061 '0
3341 2009 3484 2075 Θεός
3509 2026 3651 2078 μου,
3688 2009 3798 2063 θοῦ

537 2120 731 2167 rotam.
768 2110 842 2164 Ea
877 2119 1061 2165 autem
1090 2118 1224 2163 rotae
1250 2119 1447 2163 natura
1479 2119 1597 2176 est,
1628 2119 1689 2164 ut
1718 2112 1973 2167 volubilis
2005 2111 2110 2178 sit,

2215 2103 2433 2168 αὐτοὺς
2471 2102 2552 2167 ὡς
2595 2102 2832 2171 τροχόν.
2882 2100 3090 2173 Τροχοῦ
3121 2102 3177 2154 δὲ
3217 2101 3380 2170 φύσις
3414 2100 3655 2172 στρεπτὴ
3704 2101 3802 2153 καὶ

536 2219 639 2260 nec
667 2204 861 2259 eodem
892 2202 945 2257 in
982 2202 1104 2257 loco
1140 2202 1431 2257 consistat.
1468 2201 1620 2256 Talis
1647 2218 1776 2257 vero
1804 2211 1919 2257 tota
1964 2202 2116 2257 athe-

2215 2197 2305 2265 οὐχ
2336 2192 2549 2246 ἑστῶσα
2582 2195 2640 2246 ὲν
2667 2192 2869 2263 ταύτῷ.
2893 2193 3150 2257 Τοιοῦτος
3190 2194 3247 2246 δὲ
3287 2195 3396 2257 πᾶς
3430 2196 3459 2246 ὁ
3488 2193 3594 2246 τῶν
3620 2192 3805 2248 ἀθέων

535 2312 697 2351 orum
728 2298 838 2350 vita
867 2304 986 2359 est,
1020 2310 1140 2365 quae
1170 2302 1381 2350 certum
1412 2294 1477 2348 ad
1523 2302 1739 2365 tempus
1784 2296 1838 2349 in
1879 2296 2115 2351 sublime

537 2396 730 2444 evecta
752 2427 765 2452 ,
797 2386 996 2442 deinde
1030 2387 1206 2441 instar
1237 2394 1371 2439 rotae
1399 2386 1455 2439 in
1490 2386 1827 2441 contrarium
1860 2387 2110 2441 vertitur.

536 2479 778 2535 Primum
817 2480 1023 2550 itaque,
1054 2478 1200 2532 Pone
1228 2478 1350 2533 illos
1381 2488 1439 2531 ut
1470 2489 1641 2531 rotam
1661 2519 1675 2543 ,
1708 2480 1883 2547 inquit
1916 2497 1932 2545 ;
1964 2478 2117 2533 dein-

537 2571 639 2635 de,
678 2567 884 2640 (Vens.
920 2569 1025 2640 15)
1071 2570 1211 2623 sicut
1263 2568 1519 2637 stipulam
1549 2579 1670 2623 ante
1710 2569 1900 2637 faciem
1944 2570 2113 2635 venti,

533 2669 628 2726 et,
672 2662 808 2716 sicut
836 2661 970 2732 ignis
1000 2662 1089 2731 qui
1118 2662 1384 2715 comburet
1427 2661 1629 2729 syleam
1656 2678 1673 2725 ;
1703 2662 1806 2716 sub
1836 2661 1980 2724 hinc,
2013 2661 2119 2714 sic-

535 2758 597 2806 ut
652 2751 873 2821 ﬂamma
930 2767 1048 2821 quae
1088 2751 1355 2805 comburet
1406 2761 1627 2806 montes.
1683 2754 1839 2823 lpsos
1878 2767 2115 2822 namque

537 2842 831 2899 adversum
908 2842 1121 2912 seipsos
1190 2843 1601 2899 insurrecturos
1634 2883 1649 2908 ,
1710 2858 1775 2898 ac
1828 2844 1932 2899 sibi
1986 2843 2120 2914 ipsis

538 2934 906 2989 admissorum
959 2934 1227 2988 scelerum
1284 2935 1613 3004 supplicium
1676 2934 1926 2989 illaturos
1980 2936 2119 2990 vati-

538 3024 753 3079 cinatur
806 3023 892 3079 bis
949 3023 1175 3078 verbis:
1211 3022 1359 3077 Pone
1407 3022 1555 3077 illos.
1612 3022 1751 3077 lluic
1802 3032 1985 3077 autem
2034 3022 2119 3077 di-

537 3122 650 3176 cto,
681 3115 817 3167 sicut
840 3114 1093 3181 stipulam
1119 3122 1237 3167 ante
1263 3113 1451 3182 faciem
1476 3113 1637 3175 venti,
1665 3113 1808 3166 istuc
1835 3111 1962 3165 alibi
1987 3124 2118 3180 pro-

540 3207 706 3260 latum
740 3204 967 3273 adjicias
992 3224 1004 3259 :
1030 3202 1152 3258 Non
1183 3181 1452 3272 sicimpii,
1482 3221 1583 3258 non
1606 3203 1711 3266 sic;
1742 3204 1831 3258 sed
1863 3212 2114 3274 tanquam
2141 3181 2183 3240 α

537 3294 710 3364 pulvis
755 3311 906 3365 quem
952 3294 1168 3363 projicit
1219 3305 1397 3350 ventus
1431 3312 1464 3348 a
1506 3294 1642 3363 facie
1691 3304 1843 3348 terra:
1867 3296 1911 3327 ¹⁶
1942 3294 2115 3349 :lllud

537 3392 742 3449 autem,
794 3385 932 3439 sicut
971 3384 1107 3453 ignis
1160 3385 1249 3454 qui
1297 3385 1563 3438 comburet
1612 3385 1839 3455 sylvam,
1875 3385 2116 3443 declarat

537 3472 692 3544 ipsos
718 3475 919 3545 ignem,
952 3475 1282 3545 eosdemque
1309 3476 1517 3547 sylvam
1563 3491 1718 3541 esse;
1747 3476 1820 3529 ita
1850 3484 1909 3530 ut
1942 3477 2045 3546 ipsi
2084 3492 2115 3532 a

537 3565 739 3636 scipsis
764 3566 1123 3621 comburendi
1166 3568 1294 3631 sint,
1329 3566 1634 3622 secundum
1688 3566 1845 3631 illud,
1878 3566 2116 3621 lncedite

537 3656 609 3711 ad
633 3657 798 3711 lucem
816 3658 951 3728 ignis
968 3659 1144 3723 vestri,
1163 3667 1213 3712 et
1247 3657 1315 3711 ad
1336 3659 1611 3727 ﬂammam
1636 3675 1795 3729 quam
1817 3654 2131 3713 succendisi

539 3749 609 3802 tis
637 3748 702 3804 ¹⁷ι
735 3747 872 3804 lllud
902 3764 1053 3815 vero,
1086 3748 1276 3820 (Vens.
1315 3749 1403 3821 16)
1441 3752 1574 3805 sicut
1604 3751 1821 3820 ﬂamma
1837 3767 1953 3821 quis
1972 3767 2116 3805 com-

536 3845 689 3899 buret
719 3854 943 3912 montes,
979 3848 1237 3917 nequitiae
1259 3864 1449 3903 eorum
1482 3851 1909 3921 magnitudinem
1939 3849 2112 3917 ellert,

537 3950 604 3990 ac
628 3936 915 3992 denuntiat
945 3938 1221 4009 quomodo
1251 3936 1469 3993 ﬂamma
1517 3940 1787 4011 ipsorum,
1820 3942 2113 3995 elationem

534 4034 595 4081 et
649 4030 962 4099 superbiam
1021 4045 1235 4095 eorum,
1298 4031 1569 4085 montium
1619 4032 1796 4087 instar
1852 4040 2111 4098 erectam,

537 4121 899 4176 eombustura
930 4123 1020 4177 sit.
1052 4121 1423 4193 Subsequitur
1457 4123 1657 4179 deinde
1684 4143 1696 4179 :
1734 4155 1805 4167 —
1830 4124 1993 4180 Vens.
2021 4124 2111 4177 l7.

541 4209 632 4266 Ita
660 4214 984 4282 persequeris
1014 4212 1173 4267 illos:
1207 4214 1333 4268 alibi
1358 4230 1575 4284 quoque
1597 4214 1803 4269 dictum
1831 4224 1938 4281 est,
1970 4214 2114 4286 Ignis

2214 2290 2348 2361 βίος,
2376 2288 2555 2361 καιρῷ
2587 2290 2685 2360 μὲν
2708 2292 2787 2353 εἰς
2822 2289 2954 2359 ὕψος
2983 2290 3364 2362 ἐπαιρόμενος,
3395 2287 3514 2344 εἶτα
3557 2290 3806 2364 στροφὴν

2214 2381 2535 2450 ποιούμενος
2561 2380 2659 2451 τὴν
2689 2382 2781 2434 ἐπὶ
2816 2382 3148 2447 τούναντίον,
3171 2382 3348 2453 τροχῷ
3379 2382 3803 2454 παραπλησίως.

2214 2472 2439 2545 Πρῶτον
2460 2473 2663 2537 τοίνυν,
2693 2471 2811 2526 Θοῦ
2837 2474 3154 2539 αὑτοὺςώς
3176 2472 3413 2541 τροχὸν,
3437 2473 3599 2542 φησίν
3619 2489 3634 2502 ο
3657 2468 3803 2534 εἶτα,

2213 2565 2292 2631 ὡς
2325 2563 2607 2633 καλάμην
2644 2564 2795 2618 κατὰ
2832 2564 3157 2631 πρόσωπον
3181 2563 3439 2631 ἀνέμου’
3471 2562 3567 2615 καὶ
3589 2600 3605 2625 ,
3655 2563 3802 2615 ὡσεί

2216 2656 2356 2725 πῦρ,
2400 2655 3044 2726 ὃδιαερλέξειδρυμόνσ
3105 2655 3202 2708 καὶ
3257 2644 3351 2708 ἐπὶ
3394 2654 3626 2719 τούτοις,
3656 2655 3801 2707 ὡσεί

2216 2749 2396 2820 φλὸξ,
2430 2748 2470 2818 ἡ
2514 2750 2879 2803 κατακαύσει
2896 2748 3269 2817 ὄρη.,Αὐτοὺς
3306 2747 3415 2818 γὰρ
3460 2748 3583 2800 κατ’
3620 2747 3799 2800 αὐτῶι

2214 2843 2603 2909 ἐπαναστῆναι,
2634 2842 2729 2896 καὶ
2756 2842 2820 2894 δι’
2851 2841 3060 2894 ἑαυτῶν
3087 2840 3186 2903 τὰς
3219 2838 3490 2910 τιμωρίας
3517 2834 3593 2892 ὧν
3626 2838 3785 2891 τετολ

2220 2936 2458 3007 μήκασιν
2485 2936 2741 3004 ὑποσχεῖν
2768 2933 2855 2986 διὰ
2900 2933 3105 2987 τούτων
3148 2928 3394 2994 θεσπίζει
3442 2929 3617 2983 εἰπών
3642 2947 3657 2960 ·
3684 2930 3798 2985 Gai

2218 3028 2459 3091 αὐτούς.
2475 3024 2823 3095 Παραθήσεις
2845 3023 2901 3076 δέ
2925 3022 3022 3093 τῷ,
3045 3023 3125 3089 ὡς
3152 3019 3432 3091 καλάμην
3447 3020 3599 3075 κατὰ
3622 3022 3785 3089 πρόσ

2219 3134 2383 3171 ωπον
2423 3115 2669 3186 ἀνέμου,
2702 3118 2762 3170 τὸ
2805 3118 2863 3169 ἐν
2892 3115 3103 3185 ἑτέροις
3152 3113 3495 3184 λελεγμένον·
3532 3115 3657 3182 Οὐχ
3698 3113 3799 3167 οὔ·

2214 3228 2328 3277 τως
2380 3212 2436 3264 οὶ
2481 3208 2738 3275 ἀσεϐεῖς,
2783 3210 2896 3276 οὐχ
2949 3207 3156 3271 οὕτως·
3198 3206 3334 3259 ἀλλ’
3374 3205 3454 3271 ὡς
3494 3204 3704 3273 χνοῦς,
3732 3204 3797 3258 ὃν

2215 3304 2474 3372 ἐκρίπτει
2496 3307 2529 3358 ὀ
2562 3304 2781 3372 ἄνεμος
2812 3301 2929 3355 ἀπὸ
2965 3300 3292 3368 προσώπου
3325 3298 3439 3367 τῆς
3460 3298 3593 3369 γῆς.
3626 3300 3701 3352 Τὸ
3722 3299 3801 3364 δὲ,

2214 3396 2354 3449 ὡσεὶ
2385 3395 2523 3463 πῦρ,
2552 3395 2583 3448 ὃ
2609 3392 2917 3463 διαρλέξει
2944 3391 3191 3461 δρυμὸν,
3232 3392 3560 3463 παρίστησιν
3604 3392 3802 3455 αὐτοὺς,

2216 3482 2435 3540 εἶναιτὸ
2456 3485 2587 3556 πῦρ,
2618 3484 2715 3537 καὶ
2743 3482 2941 3547 αὐτοὺς
2967 3477 3105 3535 εἶναι
3139 3480 3229 3535 τὸν
3260 3481 3465 3551 δρυμόν
3484 3497 3498 3511 ο
3534 3480 3675 3533 ῶστε
3706 3482 3791 3534 air

2213 3582 2339 3643 τοὺς
2370 3580 2458 3647 ὑφ’
2498 3576 2713 3631 ἑαυτῶν
2746 3574 3145 3647 φλεχθήσεσθαι
3192 3573 3333 3626 κατὰ
3370 3572 3432 3626 τὸ
3475 3574 3685 3642 φάσκον
3709 3573 3772 3625 λό

2213 3688 2362 3741 γιον·
2391 3670 2723 3737 Πορεύεσθε
2744 3666 2825 3732 τῷ
2857 3667 3005 3738 φωτὶ
3026 3666 3134 3721 τοῦ
3155 3667 3344 3735 πυρὸς
3375 3664 3564 3735 ὑμῶν,
3592 3666 3691 3719 καὶ
3724 3664 3801 3734 τῇ

2214 3759 2389 3829 φλογί
2404 3754 2443 3830 ᾗ
2457 3760 2838 3823 ἐξεκαύσατε.
2864 3758 2938 3811 Τὸ
2956 3757 3032 3821 δὲ,
3049 3756 3189 3810 ὡσεὶ
3201 3756 3361 3825 φλὸξ
3377 3755 3415 3824 ἡ
3434 3759 3800 3811 κατακαύσει

2216 3851 2345 3919 ὄρη,
2373 3850 2611 3903 δείκνυσι
2641 3852 2740 3921 τῆς
2764 3848 2943 3903 αὐτῶν
2989 3848 3186 3910 κακίας
3217 3845 3278 3900 τὸ
3314 3846 3562 3917 μέγεθος,
3597 3846 3694 3900 καὶ
3722 3846 3799 3908 ὡς,

2215 3946 2248 4015 ἡ
2282 3944 2457 3997 αὐτῶν
2487 3943 2617 4013 φλὸξ
2639 3943 2708 3996 τὰ
2737 3943 3034 4013 ἐπάρματα
3063 3940 3243 3995 αὐτῶν
3277 3941 3371 3994 καὶ
3397 3940 3465 3993 τὰ
3499 3939 3797 4011 ὑψώματα,

2214 4036 2401 4108 ὥσπερ
2428 4038 2550 4091 τινὰ
2592 4036 2715 4108 ὅρη,
2754 4034 3118 4090 κατακαύσει.
3160 4033 3429 4102 Ἐπιλέγει
3461 4034 3518 4086 δὲ
3553 4032 3795 4097 τούτοιςο

2218 4124 2380 4176 Οὕτω
2418 4122 2796 4189 καταδιὼξεις
2828 4124 3068 4188 αὐτούς.
3115 4123 3227 4176 Καὶ
3269 4124 3329 4175 ἐν
3353 4122 3560 4195 ἑτέροις
3602 4123 3659 4176 δὲ
3705 4122 3795 4175 λέ‹

2213 4214 2399 4268 λεκται
2423 4232 2436 4244 ·
2464 4214 2593 4283 Πῦρ
2625 4214 2725 4270 καὶ
2762 4214 2923 4268 θεῖον
2954 4214 3050 4267 καὶ
3088 4213 3325 4282 πνεῦμα
3365 4214 3728 4283 κατωτίὸος,
3754 4215 3795 4282 ἠ

537 4312 592 4357 et
622 4303 841 4373 sulphur
868 4312 919 4359 et
962 4305 1181 4374 spiritus
1213 4306 1569 4374 procellarum
1621 4322 1746 4375 pars
1805 4308 1989 4360 calicis
2037 4323 2117 4360 eo-

2215 4307 2378 4376 μερίς
2406 4306 2513 4360 τοῦ
2540 4306 2826 4374 ποτηρίου
2866 4302 3083 4359 αὐτῶν.
3125 4304 3359 4371 Ἐδίδαξε
3389 4304 3447 4357 δὲ
3472 4304 3562 4358 διὰ
3590 4304 3794 4358 τούτων

541 4410 663 4449 rum
699 4393 763 4449 ¹⁸.
814 4393 912 4450 His
948 4409 1112 4465 porro
1162 4396 1495 4461 declaratur,
1527 4398 1818 4467 procellam
1869 4397 2115 4467 iramque

2213 4400 2240 4452 ὁ
2269 4398 2444 4465 λόγος,
2472 4398 2553 4450 ὅτι
2587 4400 2620 4467 ἡ
2657 4398 2911 4466 καταιγὶς
2930 4398 3025 4451 καὶ
3053 4398 3240 4470 ήόργὴ
3261 4397 3354 4451 τοῦ
3383 4396 3519 4450 Θεοῦ
3554 4397 3615 4450 ού
3648 4396 3795 4469 πάθη

542 4483 641 4538 Dei
670 4498 780 4538 non
813 4484 979 4538 animi
1017 4492 1227 4539 motum
1257 4484 1313 4539 in
1337 4484 1448 4539 Deo
1480 4500 1638 4552 esse;
1669 4486 1762 4540 sed
1788 4486 1907 4555 ejus
1932 4488 2114 4556 proviv

2215 4491 2467 4561 τυγχάνει
2504 4490 2598 4543 τοῦ
2634 4490 2789 4554 Θεοῦ,
2831 4491 2947 4544 ἀλλ’
2979 4492 3013 4561 ἡ
3043 4490 3220 4545 τοιάδε
3258 4507 3343 4554 τις
3375 4489 3694 4561 ἐπίσκηψις,
3727 4489 3795 4543 δι’

538 4576 805 4640 dentiam,
832 4589 939 4646 qua
959 4583 1137 4642 curat,
1164 4590 1261 4631 eos
1294 4586 1485 4631 contra
1518 4577 1731 4647 seipsos
1766 4578 2113 4648 insurgentes

541 4668 651 4723 sibi
676 4665 981 4722 facinorum
1015 4682 1205 4737 pmnas
1234 4666 1502 4737 inﬂigere.
1538 4667 1664 4722 Haec
1691 4670 1875 4722 omnia
1909 4670 2116 4724 accide-

542 4772 604 4814 re
625 4765 899 4828 precatur,
935 4758 1051 4813 sive
1080 4758 1264 4827 potius
1294 4759 1625 4828 prtenuntiat
1657 4760 1919 4815 adversus
1940 4760 2117 4815 inimi-

543 4866 642 4906 cos
668 4850 763 4907 Dei
805 4858 1104 4919 eventura;
1149 4858 1210 4905 ut
1257 4852 1344 4906 vel
1396 4852 1524 4907 hinc
1578 4853 1771 4907 saltem
1821 4852 2115 4923 aliquando

548 4943 819 5013 iuventur.
851 4940 1131 5013 Siquidem
1155 4957 1367 4998 summa
1390 4951 1475 4998 est
1498 4943 1904 5009 utilitas,nosse
1920 4941 2113 5008 Deum,

545 5040 601 5089 et
623 5032 690 5087 ad
720 5032 1131 5104 inquisitionem
1154 5032 1395 5089 nominis
1418 5032 1540 5103 ejus
1569 5022 1778 5100 venire,
1804 5033 1947 5103 quod
1980 5033 2114 5102 ipsis

547 5139 899 5179 accessurum
943 5138 1067 5179 esse
1112 5131 1239 5195 post
1266 5125 1527 5195 praedicta
1556 5124 1717 5180 docet
1768 5124 1858 5180 his
1888 5125 2112 5181 verbis:

546 5215 786 5272 -—Vens.
818 5216 907 5282 18,
942 5216 1030 5273 l9.
1070 5215 1144 5279 Et
1167 5227 1401 5288 quaerent
1440 5234 1627 5271 nomen
1659 5226 1805 5271 tuum
1826 5258 1841 5283 ,
1870 5217 2113 5273 Domine.

550 5300 876 5356 Erubescant
924 5311 975 5357 et
1014 5304 1389 5358 conturbentur
1415 5304 1471 5356 in
1525 5303 1777 5357 sazculum
1825 5304 2028 5369 swculi,
2066 5310 2117 5357 et

548 5392 942 5462 confundantur
969 5402 1019 5449 et
1058 5405 1291 5463 pereant.
1329 5394 1399 5449 Et
1428 5406 1745 5465 cognoscant
1776 5396 1900 5465 quia
1928 5411 2114 5449 nomen

549 5480 644 5533 tibi
672 5481 928 5537 Dominus
958 5500 977 5538 :
1012 5493 1069 5537 tu
1111 5486 1257 5539 solus
1310 5484 1619 5539 Altissimus
1670 5486 1727 5538 in
1757 5486 1899 5538 omni
1949 5493 2109 5538 terra.

551 5566 896 5628 lnimicorum
922 5572 1015 5626 Dei
1049 5584 1280 5630 mortem
1302 5575 1513 5630 duobus
1539 5574 1777 5629 futuram
1810 5574 1988 5630 modis
2016 5589 2113 5630 νε-

552 5662 840 5718 tieinatur:
869 5664 977 5721 alio
1001 5664 1222 5736 quidem
1255 5681 1366 5738 quo
1393 5666 1502 5722 illis
1539 5681 1691 5737 spem
1720 5665 1921 5721 bonam
1946 5667 2116 5723 ascri-

624 5816 672 5851 "
706 5814 853 5874 Psal.
894 5836 941 5883 ι,
976 5820 1028 5874 4.
1110 5821 1149 5853 ⁸⁷
1193 5820 1295 5880 lsa.
1330 5837 1457 5883 ιιι.
1498 5822 1581 5879 ll.
1662 5822 1703 5855 ³⁸
1744 5820 1888 5877 Psal.
1928 5838 1996 5885 ι,
2031 5822 2083 5878 7.

2212 4577 2280 4652 ἧς
2312 4582 2509 4644 αὐτοὺς
2546 4580 2667 4635 καθ’
2710 4581 2920 4634 ἑαυτῶν
2948 4582 3360 4644 ἐπαναστάντας
3390 4580 3449 4646 ἐξ
3471 4581 3680 4634 ἑαυτῶν
3702 4581 3795 4633 λα-

2214 4673 2335 4724 ϐεῖν
2358 4666 2433 4726 ὧν
2459 4672 2688 4743 ἔδρασαν
2736 4671 2831 4743 τὴν
2878 4672 3149 4744 τιμωρίαν
3183 4671 3481 4725 συνέϐαινε.
3523 4671 3708 4724 Ταῦτα
3736 4670 3795 4723 δὲ

2216 4761 2392 4815 πάντα
2447 4760 2697 4823 ἱκετεύει,
2735 4760 2769 4830 ἢ
2820 4762 2915 4814 καὶ
2974 4761 3171 4831 μᾶλλον
3226 4760 3472 4825 θεσπίζει
3503 4760 3645 4813 κατά
3687 4760 3794 4812 τῶν

2217 4849 2427 4920 ἐχθρῶν
2459 4849 2552 4902 τοῦ
2581 4848 2714 4903 Θεοῦ
2750 4848 2969 4903 ἔσεσθαι
2994 4868 3007 4881 '
3044 4852 3134 4905 ἵνα
3166 4850 3271 4904 κᾶν
3303 4850 3444 4903 οὕτω
3476 4852 3608 4903 ποτὲ
3646 4850 3793 4919 ὠφε-

2216 4941 2445 5012 ληθεῖεν.
2474 4942 2536 4993 Εί
2566 4940 2630 5011 δὴ
2656 4940 2893 5009 ὠφέλεια
2936 4942 3165 5013 μεγίστη
3202 4942 3461 5013 τυγχάνει
3503 4942 3565 4995 τὸ
3592 4944 3794 5009 γνῶναι

2214 5030 2306 5082 τὸν
2337 5029 2489 5095 Θεὸν,
2515 5031 2608 5083 καὶ
2636 5031 2729 5083 ἐπὶ
2748 5032 2975 5102 ζήτησιν
2996 5032 3089 5085 τοῦ
3113 5033 3376 5104 ὀνόματος
3407 5031 3570 5086 αὑτοῦ
3599 5033 3794 5101 ἐλθεῖν¹

2214 5122 2352 5192 ὅπερ
2380 5119 2597 5174 ἔσεσθαι
2651 5121 2778 5193 περὶ
2807 5122 2986 5176 αὐτῶν
3015 5123 3153 5193 μετὰ
3199 5124 3270 5178 τὰ
3314 5125 3683 5195 προλεχθέντα
3718 5127 3792 5180 διο

2216 5212 2627 5281 δάσκειλέγων·
2667 5215 2775 5270 Καὶ
2820 5214 3147 5283 ζητήσουσι
3187 5217 3255 5271 τὸ
3288 5217 3477 5287 ὄνομὰ
3520 5234 3658 5285 σου,
3688 5217 3795 5271 Κύο

2209 5320 2322 5371 ριε.
2370 5303 2879 5375 Αὶσχυνθήτωσαν
2922 5306 3022 5359 καὶ
3057 5307 3530 5377 ταραχθήτωσαν
3569 5310 3658 5375 εὶς
3689 5305 3792 5360 τὸν

2218 5395 2403 5450 αίῶνα
2456 5395 2566 5451 τοῦ
2612 5396 2845 5464 αἰῶνος,
2896 5399 2995 5453 καὶ
3020 5398 3487 5468 ἐντραπήτωσαν
3521 5401 3620 5455 καὶ
3655 5401 3784 5455 ἀπο

2219 5488 2557 5544 λέσθωσαν.
2588 5491 2699 5545 Καὶ
2726 5489 3066 5560 γνώτωσαν,
3098 5491 3186 5545 ὅτι
3206 5492 3393 5562 ὄνομά
3421 5508 3519 5548 σοι
3548 5494 3787 5562 Κύριος·

2220 5580 2301 5632 σὺ
2320 5580 2509 5648 μόνος
2534 5579 2794 5649 ὕψιστος
2833 5582 2932 5635 ἐπὶ
2961 5581 3168 5638 πᾶσαν
3209 5584 3325 5653 τὴν
3358 5584 3495 5653 γῆν.
3541 5583 3656 5657 Τῆς
3684 5583 3789 5636 τῶν

2222 5668 2432 5740 ἐχθρῶν
2489 5669 2583 5724 τοῦ
2627 5669 2763 5726 Θεοῦ
2810 5671 3064 5743 τελευτῆς
3117 5672 3210 5727 δύο
3274 5674 3510 5744 τρόπους
3572 5669 3788 5726 ἔσεσθαι
