4078 6432
360 297 495 353 1001

1496 284 2002 355 COMMENTARIA
2041 292 2108 348 IN
2149 291 2490 349 PSALMOS.

3470 286 3614 351 {009

360 407 638 473 θεσπίζει⁶
697 406 794 466 ἕνα
830 409 930 481 μὲν
965 405 1087 462 καθ’
1110 406 1169 461 ὃν
1210 409 1451 482 χρηστὰς
1507 412 1691 474 αὐτοῖς
1722 410 1928 470 ἐλπίδας

2044 404 2160 470 bit;
2192 403 2461 474 siquidem
2510 403 2652 459 bona
2686 416 2774 459 res
2797 408 2880 459 est
2913 418 3035 459 cum
3072 396 3165 456 Dei
3195 400 3455 473 cognitio,
3497 412 3614 454 tum

358 502 685 573 ἐπιγράφει⁸
723 503 770 554 εἱ
821 501 885 573 δὴ
932 488 1133 572 ἀγαθὸν
1164 506 1196 575 ἡ
1222 504 1423 572 γνῶσις
1455 502 1549 555 τοῦ
1578 502 1735 566 Θεοῦ,
1782 502 1878 556 καὶ
1906 504 1940 575 ἡ

357 592 452 645 τοῦ
477 591 739 663 ὀνόματος
769 593 936 647 αὐτοῦ
974 595 1295 667 κατάληψις,
1338 597 1432 648 καὶ
1478 595 1539 648 τὸ
1586 594 1939 664 παιδευθῆναι

356 682 485 746 τοὺς
520 682 786 755 πρότερον
809 683 884 755 μὴ
909 685 1113 749 εἰδότας
1136 685 1226 739 τὸν
1256 685 1409 749 Θεὸν,
1442 683 1518 748 ὡς
1542 685 1650 756 ἄρα
1676 668 1835 747 αὐτὸς
1853 683 1940 754 εἴη

360 777 521 847 μόνος
565 774 787 844 ὕψιστος
821 776 914 830 ἐπὶ
962 780 1139 833 πᾶσαν
1164 777 1262 850 τὴν
1283 779 1420 849 γῆν·
1464 778 1589 841 τοὺς
1632 777 1741 848 γὰρ
1770 776 1942 830 ταῦτα

356 866 785 937 ὁμολογοῦντας,
820 866 991 939 λήθην
1026 867 1122 940 μὲν
1163 868 1492 940 πεποιῆσθαι
1524 869 1622 939 τῆς
1668 868 1941 940 προτέρας

357 961 569 1015 ἑαυτῶν
619 959 882 1015 πολυθέου
930 962 1157 1034 πλάνης,
1216 964 1363 1027 εἰκὸς
1419 961 1717 1017 ἀποθέσθαι
1750 980 1809 1014 τε
1841 960 1940 1032 τὴν

360 1055 598 1127 ματαίαν
630 1057 725 1108 καὶ
773 1056 1058 1128 ἁπατηλὴν
1096 1057 1227 1128 περὶ
1276 1056 1415 1110 θεῶν
1444 1055 1820 1125 ψευδολογίαν·
1848 1054 1941 1108 τὸν

358 1147 414 1200 δὲ
447 1146 632 1219 ἕτερον
658 1146 879 1218 τρόπον,
909 1150 1030 1203 καθ’
1063 1148 1122 1204 ὃν
1163 1149 1425 1220 αἰσχύνην
1456 1149 1550 1202 καὶ
1573 1147 1819 1221 ταραχὴν
1846 1146 1939 1202 καὶ

359 1238 648 1309 ἐντροπὴν,
703 1240 797 1293 καὶ
844 1240 938 1294 ἐπὶ
978 1242 1109 1294 πᾶσι
1140 1224 1347 1304 τούτοις
1387 1240 1661 1294 ἀπώλειαν
1704 1257 1941 1311 προαγο-

360 1326 508 1396 ρεύει
542 1328 653 1388 τοῖς
681 1326 883 1381 τούτων
923 1327 1113 1393 ἀξίοις.
1142 1330 1267 1393 Τοῖς
1306 1331 1403 1401 μὲν
1426 1330 1534 1402 γὰρ
1570 1331 1634 1383 ἑκ
1670 1330 1765 1401 τῆς
1791 1328 1941 1393 θείας

358 1419 690 1489 ἐπιστροφῆς
716 1420 1138 1489 μεταϐάλλουσιν
1169 1423 1262 1475 ἐπὶ
1309 1422 1368 1475 τὸ
1398 1426 1640 1491 κρεῖττον
1660 1421 1760 1493 τὴν
1790 1421 1941 1475 θείαν

357 1508 558 1577 γνῶσιν
593 1507 928 1580 παρέσεσθαι
955 1512 1227 1566 διδάσκει·
1263 1516 1375 1577 τοῖς
1406 1514 1463 1567 δὲ
1498 1516 1564 1585 τῇ
1603 1513 1813 1566 ἑαυτῶν
1847 1514 1941 1581 ἑγ-

359 1601 716 1673 καταγηρῶσι
771 1603 939 1676 κακίᾳ
983 1603 1074 1658 τὸν
1132 1604 1350 1677 ὄλεθρον
1394 1606 1486 1659 καὶ⁵
1526 1607 1625 1678 τὴν
1664 1602 1940 1661 ἀπώλειαν

357 1694 593 1747 ἀπειλεῖ.
626 1695 716 1748 Διὸ
744 1699 872 1769 περὶ
917 1697 1016 1769 μὲν
1064 1698 1173 1751 τῶν
1221 1699 1478 1770 χειρόνων
1516 1686 1798 1753 λέλεκται·
1848 1701 1941 1754 Al-

2044 497 2279 553 nominis
2309 496 2430 567 ejus
2472 496 2921 568 comprehensio;
2950 494 3250 565 itidemque
3294 493 3500 548 bonum
3532 501 3617 547 est

2042 604 2158 652 eos,
2183 588 2275 659 qui
2302 590 2454 658 prius
2478 586 2647 641 Deum
2680 601 2787 642 non
2812 592 3033 651 norant,
3058 583 3275 639 edoceri
3313 583 3493 653 ipsum
3527 597 3620 636 so-

2042 682 2156 736 lum
2193 696 2315 737 esse
2357 680 2683 736 altissimum
2737 694 2902 750 super
2954 693 3170 733 omnem
3219 685 3461 743 terram;
3522 690 3618 729 eos

2042 773 2264 842 quippe,
2304 770 2398 841 qui
2456 769 2585 823 talia
2642 770 2987 839 profitentur,
3020 766 3320 823 verisimile
3374 771 3459 820 est
3503 765 3617 835 jam

2042 862 2425 931 multiplicium
2460 862 2685 917 deorum
2727 877 2970 917 errorem
3000 860 3261 915 oblivioni
3301 858 3615 921 mandasse,

2043 970 2107 1008 ac
2134 970 2330 1008 vanam
2354 952 2714 1024 fallacemque
2743 951 3010 1008 falsorum
3039 951 3269 1006 deorum
3308 949 3619 1006 doctrinam

2044 1047 2312 1117 abiecisse
2340 1066 2351 1099 :
2385 1048 2494 1100 alio
2533 1046 2661 1101 item
2714 1045 2898 1111 modo,
2933 1044 3362 1115 turpitudinem,
3394 1052 3617 1113 pertur—

2040 1138 2340 1202 bationem,
2377 1146 2432 1193 et
2475 1137 2876 1201 confusionem,
2922 1151 2985 1191 ac
3032 1144 3228 1207 praeter
3263 1136 3380 1191 haec
3434 1135 3619 1189 omnia

2040 1228 2337 1297 perniciem
2360 1226 2606 1298 praedicit
2629 1227 2697 1282 iis
2718 1226 2811 1297 qui
2833 1241 3023 1281 eorum
3055 1225 3203 1296 digni
3231 1231 3380 1281 sunt.
3402 1223 3618 1279 Etenim

2043 1320 2112 1375 iis
2145 1320 2238 1389 qui
2271 1336 2337 1375 ex
2386 1320 2646 1375 divinitus
2680 1319 2926 1374 immissa
2977 1318 3340 1375 conversione
3386 1332 3509 1372 sese
3548 1313 3619 1369 ad

2043 1413 2326 1467 meliorem
2369 1411 2579 1483 frugem
2624 1413 2965 1482 receperint,
3002 1412 3243 1466 divinam
3299 1408 3488 1465 adfore
3525 1424 3621 1463 co-

2042 1504 2340 1575 gnitionem
2396 1503 2711 1570 denuntiat;
2742 1503 2812 1557 iis
2838 1518 2970 1557 vero
3012 1504 3107 1572 qui
3142 1502 3199 1557 in
3244 1502 3487 1572 nequitia
3518 1516 3619 1556 sua

2042 1595 2452 1659 consenuerint,
2494 1594 2723 1649 exitium
2771 1608 2835 1648 ac
2865 1594 3163 1664 perniciem
3211 1592 3615 1647 interminatur.

2043 1684 2411 1752 Quamobrem
2447 1685 2515 1741 de
2554 1686 2835 1756 pejoribus
2884 1685 3102 1756 quidem
3143 1685 3252 1740 illis
3278 1685 3485 1740 dictum
3511 1695 3616 1748 est.

356 1759 935 1855 σχυνθήτωσαννιαὶ
974 1759 1445 1860 ταραχθῆτῶσαν
1483 1792 1571 1856 εἰς
1606 1791 1712 1844 τὸν
1752 1789 1928 1843 αἰῶνα

2042 1776 2369 1832 Erubescant
2419 1787 2469 1832 et
2524 1779 2900 1833 conturbantur
2948 1780 3003 1832 in
3032 1778 3283 1833 swculum
3331 1778 3536 1844 saeculi,
3567 1789 3619 1832 et

356 1878 465 1932 τοῦ
496 1878 733 1947 αἰῶνος,
758 1882 858 1935 καὶ
875 1882 1345 1951 ἐντραπήτωσαν
1360 1882 1935 1938 καὶάπολέσθωσαν’

357 1970 494 2041 Περὶ
514 1971 573 2024 δὲ
602 1971 712 2026 τῶν
764 1974 858 2026 ἐπὶ
888 1972 949 2026 τὸ
983 1975 1229 2045 κρεῖττον
1268 1972 1827 2047 μεταϐληθησομένων
1855 1968 1935 2055 τὸ,

355 2062 464 2117 Καὶ
487 2062 830 2131 γνώτωσαν,
848 2063 938 2118 ὅτι
957 2063 1024 2117 τὸ
1047 2063 1236 2133 ὄνομά
1261 2080 1360 2118 σοι
1376 2066 1612 2134 Κύριος,
1640 2063 1722 2117 σὺ
1747 2066 1937 2134 μόνος

351 2156 615 2225 ὕψιστος
649 2156 748 2209 ἐπὶ
796 2154 1003 2210 πᾶσαν
1028 2158 1142 2224 τὴν
1163 2155 1301 2226 γῆν.
1332 2154 1562 2211 Δύναται
1592 2155 1648 2208 δὲ
1688 2154 1781 2208 καὶ
1810 2154 1939 2227 περὶ

352 2250 461 2303 τῶν
488 2250 668 2304 αὐτῶν
695 2249 765 2303 τὰ
812 2249 990 2304 πάντα
1036 2250 1306 2319 λέγεσθαι,
1352 2249 1426 2314 ὡς
1451 2251 1556 2304 τῶν
1602 2250 1811 2321 ἐχθρῶν
1839 2248 1934 2303 τοῦ

352 2341 510 2406 Θεοῦ,
542 2341 663 2397 καθ’
693 2341 753 2395 ὃν
779 2334 1057 2396 πείσονται
1086 2341 1274 2412 καιρὸν
1298 2341 1365 2395 τὰ
1405 2339 1933 2414 προκαταλεχθέντα,

353 2434 846 2505 ἑντραπησομένων
878 2434 972 2488 καὶ
998 2433 1528 2505 αἱσχυνθησομένων,
1564 2435 1655 2487 καὶ
1689 2433 1936 2506 ἀπωλείᾳ

353 2524 905 2596 παραδοθησομένων,
940 2524 1033 2577 καὶ
1063 2524 1185 2578 τότε
1212 2525 1347 2596 αὐτῇ
1380 2524 1545 2596 πείρᾳ
1575 2525 1935 2597 γνωσομένων

352 2617 445 2669 καὶ
498 2616 941 2687 ὁμολογησάντων
991 2616 1089 2670 ἕνα
1141 2612 1279 2670 εῖναι
1313 2617 1404 2670 καὶ
1450 2616 1606 2687 μόνον
1664 2618 1797 2671 Θεὸν
1840 2619 1934 2672 τὸν

352 2705 575 2777 ὕψιστον
628 2707 724 2761 καὶ
780 2707 873 2760 ἐπὶ
920 2709 1100 2761 πᾶσαν
1152 2708 1251 2779 τὴν
1300 2705 1425 2779 γῆν,
1474 2708 1564 2762 τὸν
1618 2712 1711 2765 καὶ
1747 2710 1934 2783 δικαίᾳ

350 2798 529 2877 κρίσει
558 2799 885 2870 μετελθόντα
912 2800 1110 2865 αὐτοὺς
1148 2801 1255 2856 τῶν
1300 2802 1716 2874 τετολμημένων
1750 2803 1934 2867 αὐτοῖς

348 2890 529 2962 χάριν.

346 3062 455 3122 ΕΙΣ
480 3068 566 3122 ΤΟ
607 3067 1091 3166 TEA(11‘121l,“DYn"IIlii"A
1115 3067 1541 3166 ΤΞΙΣΌΛΗΠΝΙῼΝ,
1571 3066 1725 3122 ΤΟΙΣ
1751 3069 1931 3123 ΥΙΟῙΣ
1957 3102 2004 3166 C

762 3138 968 3203 ΚΟΡΕ,
1001 3138 1309 3192 ΨΑΛΜΟΣ.
1356 3137 1478 3193 III".

426 3271 521 3337 Ὠς
541 3271 816 3340 ἀγαπητὰ
834 3270 907 3325 τὰ
934 3269 1294 3340 σκηνώματα
1317 3286 1454 3334 σου,
1476 3271 1654 3339 Κύριε
1688 3270 1805 3325 τῶν
1829 3271 1925 3326 δυα

342 3361 595 3432 νάμεων.
611 3360 1032 3416 Διαλελοιπότων
1054 3361 1160 3414 τῶν
1186 3359 1923 3431 ἑπιγεγραμμένων’ψαλμῶν

342 3456 438 3510 τοῦ
479 3454 673 3526 Ἀσὰφ,
701 3450 776 3511 ὧν
800 3455 1015 3528 πρῶτος
1047 3456 1145 3527 μὲν
1171 3456 1199 3508 ὁ
1233 3454 1331 3522 οϐ’,
1362 3454 1667 3518 τελευταῖος
1688 3458 1715 3507 ὁ
1750 3455 1795 3525 β’
1830 3456 1923 3508 καί

345 3551 421 3609 π’,
452 3546 643 3599 ἕπεται
663 3547 692 3599 ὁ
722 3545 911 3619 παρὼν
945 3546 1058 3616 πγ’,
1091 3546 1210 3611 τοῖς
1240 3545 1391 3613 υἱοῖς
1407 3545 1562 3614 Κορὲ
1578 3549 1924 3617 ἐπιγεγραμ-

345 3637 524 3707 μένος,
584 3638 713 3709 περὶ
767 3631 843 3692 ὧν
891 3640 950 3692 ἐν
1014 3642 1124 3702 τοῖς
1187 3637 1802 3708 προτεχνολογουμένοις
1852 3638 1922 3691 τὰ

340 3727 566 3793 δόξαντα
616 3728 992 3800 διειλήφαμεν.
1054 3730 1419 3802 Ἐπιτηρῆσαι
1481 3728 1539 3782 δὲ
1590 3730 1917 3799 ἀναγκαῖον,

342 3818 418 3883 ὡς
436 3822 483 3874 οἱ
514 3821 713 3886 πάντες
736 3822 829 3876 τοῦ
860 3823 1032 3892 Ἀσὰφ
1056 3820 1262 3876 δώδεκα
1282 3824 1608 3895 τυγχάνουσι
1640 3824 1730 3877 τὸν
1762 3824 1923 3896 ἀριθ-

344 3911 443 3981 μὸν
474 3912 675 3985 ψαλμοί
708 3930 721 3944 ’
759 3914 1033 3985 ίσάριθμοι
1079 3914 1136 3968 δὲ
1179 3913 1389 3977 τούτοις
1423 3916 1529 3969 εἱσι
1568 3917 1662 3969 καὶ
1710 3918 1759 3969 οἱ
1798 3919 1921 3970 ἑπι-

341 4005 715 4076 γεγραμμένοι
743 4004 860 4059 τῶν
900 4004 1047 4060 υἱῶν
1087 4005 1256 4075 Κορέ.
1298 4005 1454 4059 Ἀλλὰ
1479 4006 1587 4061 τῶν
1616 4008 1747 4062 υἱῶν
1773 4009 1918 4080 Κορὲ

340 4096 484 4150 ὀκτὼ
508 4098 604 4167 μὲν
632 4094 769 4170 ἦσαν
803 4098 930 4169 ἑξῆς
960 4097 1293 4169 συνημμένοι
1325 4099 1373 4152 οἱ
1411 4098 1518 4152 ἀπὸ
1542 4098 1635 4153 τοῦ
1670 4108 1757 4171 μα’
1780 4099 1916 4169 ψαλ-

344 4188 447 4259 μοῦ
470 4206 482 4218 ·
512 4191 560 4241 οἱ
585 4189 641 4242 δὲ
678 4189 955 4252 λείποντες
994 4187 1257 4261 τέσσαρες
1300 4188 1533 4244 ἐνταῦθα
1578 4191 1914 4263 πρόκεινται,

341 4280 631 4351 ἀρχόμενοι
676 4282 773 4352 μὲν
796 4282 903 4334 ἀπὸ
939 4281 1033 4334 τοῦ
1061 4289 1172 4351 πγ’,
1212 4282 1410 4354 ἐφεξῆς
1451 4282 1507 4335 δὲ
1536 4283 1777 4355 κείμενοι
1810 4284 1917 4337 τῶν

340 4372 837 4444 ἐπιγεγραμμένων
869 4372 962 4426 τοῦ
1015 4373 1202 4443 Ἀσάφ.
1244 4373 1516 4439 Ὡσαύτως
1539 4375 1596 4429 δὲ
1624 4378 1719 4429 καὶ
1739 4377 1787 4429 οἱ
1820 4375 1914 4430 τοῦ

2041 1868 2437 1938 confundantur
2470 1878 2519 1924 et
2555 1880 2809 1939 pereant;
2847 1870 2915 1925 de
2961 1871 3030 1925 iis
3064 1885 3195 1925 vero
3247 1871 3340 1943 qui
3388 1869 3457 1924 ad
3504 1886 3619 1925 me-

2041 1961 2234 2016 liorem
2267 1977 2325 2017 se
2349 1962 2515 2016 vitam
2550 1963 2823 2031 recepturi
2859 1969 3008 2026 sunt,
3036 1961 3170 2016 illud
3204 1961 3503 2033 profertur,
3548 1960 3619 2014 Et

2040 2060 2359 2122 cognoscant
2389 2054 2513 2123 quia
2542 2069 2729 2107 nomen
2762 2052 2856 2105 tibi
2881 2052 3158 2118 Dominus,
3190 2063 3247 2106 tu
3287 2054 3431 2107 solus
3464 2053 3617 2107 altis-

2039 2143 2205 2197 simus
2252 2144 2308 2197 in
2342 2144 2484 2197 omni
2512 2152 2675 2197 terra.
2709 2141 2948 2198 Possunt
2975 2143 3137 2197 etiam
3177 2142 3244 2197 de
3274 2143 3466 2198 iisdem
3502 2144 3618 2198 haec

2039 2235 2224 2287 omnia
2248 2233 2388 2301 dici;
2425 2235 2584 2304 quasi
2615 2233 2876 2288 videlicet
2923 2232 3133 2287 inimici
3184 2230 3301 2299 Dei,
3334 2249 3445 2304 quo
3479 2241 3618 2288 tem-

2040 2342 2171 2396 pore
2202 2326 2295 2379 illa
2324 2326 2579 2396 superius
2616 2334 2917 2381 memorata
2958 2324 3256 2396 perferent,
3290 2325 3615 2383 confusione

2039 2428 2204 2490 atque
2234 2420 2435 2477 rubore
2486 2419 2756 2490 replendi,
2792 2435 2856 2475 ac
2899 2420 3161 2490 perniciei
3191 2420 3441 2476 tradendi
3481 2422 3613 2488 sint.

2038 2512 2157 2582 ipsa
2184 2510 2524 2582 experientia
2569 2511 2842 2582 cognituri
2885 2526 2948 2565 ac
2978 2508 3290 2567 confessuri
3322 2526 3492 2566 unum
3524 2528 3617 2568 so-

2038 2601 2261 2672 lumque
2304 2600 2472 2656 Deum
2525 2616 2649 2657 esse
2686 2602 3015 2657 altissimum
3046 2602 3103 2656 in
3141 2602 3289 2656 omni
3324 2610 3490 2671 terra,
3520 2603 3615 2673 qui

2037 2694 2187 2763 ipsos
2214 2693 2363 2764 justo
2392 2693 2602 2765 judicio
2633 2708 2696 2748 ac
2734 2693 3036 2749 facinorum
3077 2709 3304 2748 suorum
3328 2709 3495 2750 causa
3527 2695 3616 2749 in-

2036 2786 2207 2841 vadit.

2038 3071 2089 3127 l.
2144 3069 2212 3125 IN
2272 3062 2698 3141 FINEMLRRO
2754 3068 3317 3141 TORCULARIBUS,
3385 3072 3613 3132 FILIUS

2371 3140 2551 3196 CORE
2589 3140 2936 3198 PSALMUS.
2961 3141 3243 3198 LXXXIII.

2106 3275 2269 3330 Vsus.
2288 3274 2341 3327 2.
2365 3273 2538 3340 Quam
2552 3274 2746 3328 dilecta
2777 3276 3121 3329 tabernacula
3139 3285 3254 3340 tua,
3278 3276 3496 3332 Domine
3512 3280 3612 3333 vir-

2033 3367 2241 3419 tutum!
2272 3366 2564 3436 Postquam
2600 3366 2847 3422 defecere
2885 3370 3081 3438 psalmi
3124 3373 3308 3443 Asapb
3338 3374 3609 3443 inscripti,

2030 3474 2260 3529 quorum
2281 3462 2671 3531 primusztxxu,
2686 3469 2991 3529 postremus
3005 3477 3134 3517 vero
3147 3477 3326 3520 Lxxxu
3345 3474 3483 3532 erat,
3495 3466 3610 3536 jam

2030 3552 2279 3622 sequitur
2318 3568 2550 3615 Lxxxin,
2584 3552 2712 3620 ﬁliis
2736 3550 2872 3606 Core
2898 3553 3220 3624 inscriptus,
3245 3556 3526 3627 dequibus
3552 3559 3610 3613 in

2029 3644 2322 3715 disputatis
2338 3644 2590 3714 superius
2608 3646 2932 3699 sententiam
2949 3647 3263 3716 aperuimus
3282 3660 3539 3705 nostram.
3566 3650 3609 3705 Ε

2028 3750 2088 3791 re
2098 3744 2277 3790 autem
2296 3735 2764 3805 fueritpbservare
2779 3752 2969 3793 omnes
2985 3738 3186 3810 Asaphi
3206 3742 3447 3810 psalmos
3464 3742 3607 3797 duo-

2026 3831 2202 3885 decim
2233 3846 2460 3885 numero
2497 3846 2654 3898 esse;
2706 3830 3043 3902 totidemque
3082 3833 3175 3903 qui
3206 3834 3441 3903 ﬁliorum
3475 3834 3608 3891 Core

2028 3923 2277 3991 inscripti
2316 3930 2466 3977 sunt.
2495 3921 2699 3978 Verum
2753 3922 2990 3978 ﬁliorum
3032 3924 3174 3980 Core
3225 3935 3352 3981 octo
3373 3927 3605 3998 __psalmi

2026 4014 2364 4084 coniunctim
2400 4014 2564 4085 positi
2593 4025 2743 4080 sunt,
2770 4030 2799 4069 a
2833 4032 2923 4070 xu
2944 4015 3196 4073 videlicet
3214 4019 3326 4075 orsi
3356 4038 3368 4073 :
3405 4019 3603 4091 reliqui

2027 4121 2156 4159 vero
2203 4113 2441 4175 quatuor
2495 4105 2584 4159 hic
2625 4112 2755 4161 sunt
2801 4108 3106 4172 constituti,
3161 4109 3489 4180 incipientes
3529 4113 3601 4167 ab

2026 4209 2233 4250 LXXXIII
2264 4211 2330 4251 ac
2365 4204 2489 4267 post
2519 4212 2635 4261 eos,
2666 4196 2980 4268 quiAsapbi
3011 4200 3264 4271 inscripti
3291 4209 3443 4268 sunt,
3467 4219 3603 4259 con-

2026 4295 2318 4359 sequenter
2365 4288 2551 4359 positi.
2605 4287 2926 4359 Pariterque
2976 4305 3043 4346 ex
3080 4291 3288 4364 Asaphi
3347 4296 3601 4365 psalmis,

2023 4380 2278 4436 undecim
2322 4391 2724 4452 consequenter
2769 4384 2932 4454 positi
2972 4392 3124 4449 sunt,
3153 4401 3183 4440 a
3228 4402 3377 4442 Lxxu
3402 4404 3601 4459 nempe

354 4462 527 4533 Ἀσάφ
580 4470 645 4516 ια’
682 4463 782 4534 μέν
816 4466 921 4516 εἱσι
969 4463 1320 4534 συνημμένοι,
1363 4465 1412 4518 οἱ
1448 4463 1555 4517 ἀπὸ
1596 4465 1673 4517 οϐ’
1703 4467 1796 4520 καὶ
1823 4467 1916 4519 ἐπὶ

2029 4470 2088 4524 ad
2123 4486 2333 4526 Lxxm.
2388 4472 2681 4527 Duodecim
2725 4489 2857 4530 vero
2912 4481 3037 4530 octo
3089 4477 3303 4546 priores
3358 4476 3599 4533 filiorum

338 4554 429 4608 τὸν
471 4554 578 4608 πϐ’.
622 4555 691 4627 "0
716 4554 772 4607 δὲ
804 4554 870 4607 ιϐ’
911 4553 1037 4626 ἑξῆς
1083 4554 1483 4609 κατατέτακται
1525 4559 1639 4619 τοῖς
1680 4556 1916 4627 πρώτοις

339 4640 482 4694 ὀκτὼ
505 4641 612 4695 τῶν
644 4641 774 4694 υἱῶν
816 4643 980 4714 Κορὲ,
1022 4642 1209 4715 ὥσπερ
1250 4644 1570 4707 ἀντιδόσεως
1618 4644 1914 4717 γενομένης

338 4734 426 4789 διὰ
456 4735 553 4799 τὰς
590 4735 647 4789 ἑν
687 4737 809 4798 ταῖς
854 4737 982 4808 παρ’
1014 4734 1296 4806 ἑκατέροις
1334 4736 1669 4807 προφητείας
1709 4739 1916 4791 ἐπικοι-

337 4826 612 4890 νωνούσας
634 4826 889 4897 ἀλλήλαις
926 4827 1198 4897 θεωρίαις.
1230 4823 1410 4880 ’Ἦσαν
1448 4830 1542 4897 μὲν
1568 4825 1660 4881 οὖν
1690 4830 1739 4881 οἱ
1765 4830 1915 4903 πρῶ-

336 4928 419 4973 τοι
456 4920 561 4973 τῶν
587 4919 719 4973 υἱῶν
754 4918 895 4991 Κορέ
924 4919 1065 4972 ὀκτὼ
1096 4918 1189 4972 τὸν
1210 4916 1464 4991 ἀριθμὸν,
1498 4922 1547 4973 οἱ
1575 4920 1776 4986 πάντες
1803 4923 1913 4978 ἀπὸ

335 5010 429 5063 τοῦ
463 5018 552 5081 μα’
580 5010 893 5082 ἀρχόμενοι,
923 5010 1015 5063 καὶ
1046 5010 1301 5082 λήγοντες
1325 5012 1405 5075 εἱς
1428 5012 1521 5065 τὸν
1547 5019 1657 5085 μην.
1694 5015 1912 5089 Περιεῖ-

336 5114 428 5176 χον
462 5104 540 5170 δὲ,
582 5102 773 5174 ὥσπερ
816 5104 872 5155 ἑν
898 5102 1176 5175 κεφαλαίῳ
1207 5105 1402 5168 εἰπεῖν,
1437 5104 1529 5158 ἐπὶ
1557 5106 1635 5176 τῷ
1668 5108 1734 5161 ἐκ
1756 5126 1912 5180 περι-

334 5195 505 5266 τομῆς
533 5195 647 5266 λαῷ
696 5194 973 5267 κλαυθμὸν
1008 5196 1102 5249 καὶ
1126 5196 1323 5268 θρῆνον
1364 5200 1457 5251 καὶ
1494 5200 1748 5272 ὀδυρμὸν,
1779 5204 1913 5273 Χρι-

336 5286 462 5339 στοῦ
490 5302 551 5339 τε
601 5286 901 5359 παρουσίαν
954 5289 1047 5342 καὶ
1113 5290 1304 5360 κλῆσιν
1362 5290 1548 5345 ἐθνῶν.
1601 5290 1758 5347 Ἀλλὰ
1803 5295 1912 5348 τῶν

338 5377 436 5447 μὲν
469 5375 770 5450 εἰρημένων
800 5379 944 5432 ὀκτὼ
980 5380 1197 5454 τοιαύτη
1230 5399 1312 5445 τις
1335 5378 1403 5454 ἦν
1425 5385 1459 5454 ἡ
1481 5384 1766 5449 ὑπόθεσις-⁸
1801 5387 1912 5440 τῶν

332 5468 390 5523 δὲ
435 5471 527 5523 ἐπὶ
556 5470 649 5525 τοῦ
706 5473 968 5544 παρόντος
1026 5476 1519 5547 ἐπιγεγραμμένων
1582 5476 1675 5531 καὶ
1730 5480 1910 5534 αὐτῶν

333 5559 467 5614 υἱῶν
480 5562 625 5634 Κορὲ
644 5565 923 5636 τεσσάρων
944 5566 1133 5629 ὄντων,
1154 5568 1202 5619 οἱ
1228 5566 1326 5637 μὲν
1343 5567 1560 5621 ὕστατοι
1586 5570 1679 5623 δύο
1699 5571 1909 5639 γένεσιν

333 5652 428 5704 καὶ
462 5651 689 5706 θάνατον
730 5655 895 5708 αὐτοῦ
938 5657 1375 5728 περιειλήφασιν,
1432 5658 1621 5729 ὥσπερ
1661 5661 1909 5733 ἐπίτηδες

331 5744 768 5816 ταμιευσαμένου
792 5745 883 5799 τοῦ
910 5747 1082 5814 Λόγου
1107 5748 1200 5800 ἐπὶ
1224 5747 1367 5801 τέλει
1393 5750 1611 5805 πάντων
1641 5750 1738 5816 τὰς
1779 5756 1907 5823 περὶ

655 5839 926 5902 Ριτιιοι.
969 5840 1087 5903 Gn.
1136 5842 1372 5905 XXIII.

2017 4563 2156 4617 Core
2184 4564 2424 4633 psalmos
2459 4564 2842 4635 subsequitur;
2875 4566 2949 4621 ita
2992 4576 3050 4622 ut
3088 4582 3189 4623 ceu
3230 4576 3417 4623 mutua
3447 4585 3600 4640 qua:-

2017 4655 2142 4709 dam
2180 4655 2428 4726 pensatio
2462 4654 2555 4709 ﬁat
2584 4657 2654 4711 ob
2711 4658 3030 4729 prophetias
3089 4676 3209 4730 quae
3255 4661 3310 4715 in
3345 4662 3594 4733 utrisque

2015 4761 2363 4801 communem
2421 4748 2739 4816 speculandi
2777 4765 2986 4805 morem
3020 4761 3264 4806 servant.
3298 4752 3467 4807 Erant
3498 4753 3596 4808 ita-

2014 4855 2121 4908 que
2156 4841 2366 4910 priores
2397 4842 2475 4896 illi
2507 4842 2744 4897 ﬁliorum
2772 4842 2913 4898 Core
2958 4844 3153 4914 psalmi
3184 4853 3308 4900 octo
3338 4862 3587 4911 numero,

2015 4932 2105 5001 qui
2148 4947 2341 4989 omnes
2370 4949 2400 4987 a
2439 4948 2528 4989 xu
2567 4934 2783 4989 initium
2814 4934 3043 5000 ducunt,
3067 4944 3119 4991 ct
3148 4938 3204 4990 in
3240 4951 3408 4992 xum
3441 4938 3590 4993 desi-

2013 5030 2172 5079 nunt.
2213 5021 2252 5076 li
2298 5039 2448 5089 vero,
2479 5033 2540 5078 ut
2568 5026 2893 5095 compendio
2934 5026 3134 5095 dicam,
3179 5028 3247 5082 de
3276 5030 3477 5099 populo
3524 5045 3591 5084 ex

2011 5117 2434 5172 circumcisione
2464 5115 2649 5171 fletum
2707 5132 2771 5171 ac
2828 5119 3128 5188 planctum,
3160 5118 3363 5175 Christi
3395 5122 3591 5181 adven:

2011 5218 2150 5273 tum,
2183 5217 2351 5280 atque
2406 5211 2750 5265 vocationem
2808 5211 3076 5281 gentium,
3134 5222 3585 5272 commemorant.

2012 5299 2126 5356 Hoc
2155 5316 2287 5356 sane
2318 5308 2402 5357 est
2427 5302 2643 5356 illorum
2668 5309 2794 5356 octo
2824 5302 3156 5371 psalmorum
3180 5313 3583 5373 argumentum.

2012 5388 2088 5444 Ex
2124 5390 2274 5445 hisce
2296 5406 2448 5455 vero,
2473 5390 2540 5445 de
2565 5391 2768 5461 quibus
2786 5406 2931 5445 nunc
2959 5392 3162 5463 agitur,
3192 5392 3427 5448 filiorum
3447 5395 3586 5453 Core

2008 5482 2234 5553 psalmis
2266 5490 2503 5552 quatuor
2549 5497 2800 5549 numero,
2831 5482 2942 5537 duo
2992 5485 3256 5553 postremi
3311 5497 3489 5541 ortum
3530 5496 3585 5544 et

2009 5582 2239 5628 mortem
2285 5571 2595 5628 Servatoris
2625 5573 3067 5642 complectuntur
3097 5592 3111 5630 :
3137 5590 3203 5630 ac
3251 5575 3297 5630 si
3329 5577 3584 5635 videlicet

2009 5661 2292 5733 Scriptura
2322 5665 2566 5718 omnium
2590 5663 2851 5717 vaticinia
2880 5665 2932 5718 in
2954 5665 3060 5721 fine
3087 5681 3360 5738 exponere
3388 5684 3583 5740 oppor-

2005 5764 2137 5812 tune
2174 5755 2276 5813 sibi
2330 5756 2647 5812 reservarit.
2680 5754 2847 5810 Multa
2881 5764 3063 5813 autem
3097 5758 3165 5814 de
3203 5758 3323 5829 eius
3351 5770 3478 5821 ortu
3521 5765 3581 5821 in

3222 5853 3302 5919 32
