4092 6404
495 347 643 416 ιοοδ

1219 358 1488 415 EUSEBII
1527 356 2003 413 CESARIENSIS
2041 356 2193 415 OPP.
2234 346 2418 411 PARS
2458 354 3039 412 [IL—EXEGETICA.

3610 344 3773 409 {00.5

501 486 703 531 uxxvl
760 479 990 535 obscure
1036 478 1485 547 subindicantur;
1513 490 1566 534 at
1614 480 1786 535 multo
1832 481 1986 549 plura
2018 488 2070 534 et

2173 478 2375 531 τούτων
2431 480 2761 550 προρρήσεις
2797 477 3049 548 ἐκφῆναι.
3098 475 3270 540 Πολὺς
3316 476 3445 545 γοῦν
3475 469 3542 546 ἦν
3567 475 3595 527 6
3624 475 3774 545 περὶ

504 568 856 638 profundiora
910 568 978 625 de
1007 577 1181 625 morte
1212 572 1331 640 ejus
1382 587 1547 642 quam
1608 564 1707 641 pro
1758 572 2071 626 hominibus

502 661 785 723 sustinuit,
819 661 912 729 qui
952 669 1258 730 postremus
1286 663 1523 728 ﬁliorum
1558 660 1694 717 Core
1726 662 2067 725 inscribitur,

501 766 695 820 nempe
726 767 946 805 Lxxxvn
988 752 1392 821 complectitur.
1428 750 1545 805 Duo
1579 760 1757 806 autem
1785 752 1877 821 qui
1903 753 1955 805 in
1990 752 2073 807 his

501 839 735 907 primum
765 841 949 894 locum
974 850 1268 911 occupant,
1312 842 1525 896 scilicet
1556 838 1654 897 hic
1683 858 1844 912 (luem
1877 850 2074 896 tracta-

501 945 623 986 mus
644 938 698 986 et
738 933 1103 1002 subsequens,
1140 934 1260 1002 ejus
1291 934 1357 988 ad
1389 934 1639 989 homines
1667 936 1978 999 adventurm,
2020 942 2074 989 et

500 1024 759 1093 praeclara
796 1041 918 1087 qua:
942 1024 1032 1079 hic
1061 1026 1310 1080 editurus
1347 1036 1465 1081 erat
1502 1038 1652 1097 gesta
1683 1029 2067 1081 vaticinantur.

500 1111 601 1167 llic
647 1124 813 1184 perro
861 1114 1205 1179 inscribitur,
1233 1113 1296 1167 In
1343 1113 1518 1183 ﬁnem,
1550 1131 1644 1184 pro
1696 1114 2069 1167 torcularibus.

488 1198 744 1275 Cumque
785 1213 897 1263 tres
938 1207 1048 1260 sint
1077 1206 1169 1276 qui
1200 1206 1301 1259 hoc
1330 1204 1489 1261 titulo
1521 1205 1898 1260 inscribuntur
1934 1224 1945 1259 :
1985 1205 2074 1259 hic

496 1312 564 1351 ex
590 1312 778 1351 eorum
814 1313 1042 1351 numero
1068 1314 1163 1366 pro
1190 1297 1547 1351 torcularibus
1586 1297 1837 1351 similiter
1875 1294 2074 1350 inscri-

497 1394 623 1457 ptus
649 1396 763 1453 est;
795 1385 1089 1457 itidemque
1122 1403 1220 1441 vnn
1255 1395 1309 1442 et
1342 1404 1506 1442 Lxxx.
1540 1388 1738 1442 Verum
1778 1403 1845 1441 ex
1874 1386 1940 1441 iis
1965 1384 2073 1440 duo

497 1488 885 1548 nuncupantur
942 1479 1162 1549 psalmi,
1224 1479 1483 1533 nimirum
1543 1494 1637 1531 Vlll
1695 1486 1749 1533 et
1804 1492 2068 1548 praesens.

496 1570 678 1636 Quare
708 1572 996 1640 prmsentia
1036 1572 1177 1625 bona
1228 1571 1571 1625 denuntiant.
1610 1585 1752 1623 Lxxx
1798 1584 1923 1624 vero
1961 1567 2070 1621 Pro

498 1660 854 1714 torcularibus
880 1660 1097 1729 quidem
1144 1660 1443 1729 inscriptus
1484 1666 1599 1724 est,
1633 1659 1730 1714 sed
1777 1674 1887 1713 non
1925 1659 2073 1728 psal-

422 1738 426 1745 ’
503 1770 644 1818 mus,
679 1754 807 1824 quia
840 1762 1032 1808 contra
1057 1751 1312 1808 lsraelem
1346 1754 1527 1806 tristia
1556 1750 1803 1822 quaedam
1834 1751 2072 1819 comple—

495 1845 681 1899 ctitur.
713 1843 777 1898 lli
808 1860 971 1915 porro
1010 1853 1123 1898 tres
1152 1842 1259 1897 Pro
1286 1840 1646 1896 torcularibus
1679 1842 1956 1911 inscripti,
1999 1839 2068 1894 ad
2099 1829 2142 1885 Β

493 1944 607 1993 tres
638 1952 904 2007 personas
944 1937 1252 2007 pertinent;
1285 1944 1515 1991 Octavus
1552 1949 1748 2004 nempe
1793 1935 1860 1988 ad
1910 1933 2073 1989 Davi-

494 2031 640 2095 dem,
674 2046 819 2084 Lxxx
848 2029 916 2083 ad
955 2029 1257 2100 Asaphum,
1290 2029 1379 2083 hic
1411 2044 1541 2083 vero
1571 2043 1731 2098 quem
1769 2030 2071 2085 tractamus

494 2122 562 2177 ad
597 2122 735 2176 ﬁlios
765 2120 922 2177 Core.
956 2121 1133 2191 Atque
1179 2121 1384 2190 pariter
1429 2119 1589 2174 iidem
1623 2130 1733 2175 tres
1758 2119 2071 2174 inscribun-

492 2222 583 2268 tur
608 2216 662 2268 in
684 2215 862 2284 ﬁnem,
890 2213 1073 2284 idque,
1110 2222 1166 2267 ut
1194 2213 1450 2279 arbitror,
1486 2210 1557 2266 ob
1590 2211 1904 2281 prophetias
1934 2228 2071 2281 quas

492 2307 744 2371 ellerunt,
768 2322 887 2376 quae
917 2307 971 2360 in
1003 2305 1106 2360 line
1131 2313 1437 2375 temporum
1467 2314 1521 2361 et
1554 2305 1609 2359 in
1640 2305 2071 2359 consummatio-~

492 2414 562 2455 ne
595 2400 782 2455 saeculi
816 2399 1101 2469 completa:
1140 2406 1288 2453 sunt.

562 2580 701 2635 Olim
731 2579 951 2651 quidem
982 2592 1107 2633 cum
1136 2591 1245 2631 una
1266 2583 1412 2631 esset
1436 2575 1601 2629 vinea
1629 2575 1696 2628 de
1724 2589 1830 2644 qua
1861 2572 2067 2628 dictum

490 2680 597 2739 est,
626 2668 769 2727 Nam
797 2674 947 2727 vinea
974 2671 1187 2725 Domini
1218 2668 1473 2735 Sabaoth,
1493 2668 1677 2721 domus
1707 2666 1882 2721 Israel
1904 2676 1981 2720 est
2001 2668 2065 2734 ‘9;

488 2783 659 2821 unum
696 2782 797 2821 ceu
851 2765 1091 2820 torcular
1146 2768 1205 2818 in
1268 2763 1361 2816 illa
1416 2768 1553 2828 erat,
1612 2760 1771 2829 cujus
1824 2759 2069 2815 meminit

492 2860 664 2915 Isaias
706 2874 771 2914 ex
825 2872 1058 2927 persona
1111 2854 1349 2920 Domini,
1384 2852 1573 2908 dicens
1632 2871 1644 2907 :
1686 2852 1754 2905 Et
1800 2851 2068 2921 aediﬁcavi

493 2951 705 3015 turrim,
733 2957 781 3002 et
806 2947 1142 3017 protorcular
1165 2947 1275 3015 fodi
1307 2946 1361 2998 in
1382 2961 1445 2998 ea
1466 2945 1534 2999 ¹⁰.
1568 2942 1668 2997 Per
1697 2943 1889 2996 turrim
1914 2958 2064 3007 vero,

494 3041 1053 3113 Hierosolymitanum
1085 3039 1315 3094 fortasse
1342 3037 1602 3107 templum
1635 3036 1933 3106 signiﬁcat,
1970 3050 2068 3101 per

491 3134 838 3208 protorcular
880 3140 1084 3195 autem,
1116 3130 1287 3185 altare
1335 3130 1391 3183 in
1443 3127 1643 3197 templo
1672 3128 1837 3181 situm
1872 3146 1884 3181 :
1919 3126 2065 3195 quod

494 3243 627 3285 sane
656 3226 852 3282 merito
885 3238 994 3279 non
1031 3222 1295 3284 torcular,
1326 3220 1421 3276 sed
1451 3218 1795 3290 protorcular
1829 3218 2064 3282 vocavit,

492 3318 622 3389 quia
669 3314 1048 3387 spiritualibus
1079 3312 1387 3382 corporalia
1434 3309 1717 3380 praeibam,
1767 3315 1822 3363 et
1856 3306 2065 3362 Novum

492 3410 902 3467 Testamentum
937 3422 967 3459 a
999 3405 1179 3461 Veteri
1229 3402 1575 3473 prteceditur,
1624 3402 1769 3472 quod
1823 3402 2066 3473 symbola

493 3496 870 3574 imaginesque
900 3497 1150 3553 veritatis
1190 3496 1332 3566 apud
1380 3494 1599 3549 Iudaeos
1648 3493 2011 3547 conservabat
2050 3511 2061 3545 :

492 3597 617 3650 ideo
646 3595 818 3648 altare
859 3591 1104 3662 ipsorum
1154 3604 1260 3642 non
1304 3587 1567 3647 torcular,
1596 3584 1689 3640 sed
1722 3585 2067 3655 protorcular

488 3688 811 3747 vocabatur.
844 3687 913 3743 At
944 3699 1068 3739 cum
1097 3697 1207 3737 una
1238 3688 1382 3737 esset
1410 3680 1588 3741 vinea,
1614 3694 1780 3732 unum
1812 3686 1928 3731 erat
1957 3688 2069 3731 tor-

490 3781 666 3846 cular,
701 3779 864 3834 unius
895 3775 1086 3846 templi
1129 3774 1319 3827 altare.
1364 3771 1500 3826 Tres
1549 3784 1715 3840 porro
1768 3768 1962 3838 psalmi
2003 3767 2069 3822 de

490 3874 691 3944 quibus
712 3872 825 3942 jam
850 3884 1053 3934 sermo,
1087 3882 1199 3922 non
1229 3880 1421 3930 unum,
1459 3864 1553 3921 sed
1585 3864 1740 3934 plura
1773 3860 2069 3916 toreularia

491 3973 822 4031 memorant,
855 3962 1012 4033 queis
1073 3958 1391 4013 indicantur
1457 3955 1706 4011 ecclesiae
1758 3952 2066 4008 Servatoris

490 4056 672 4113 nostri
721 4062 899 4111 totum
954 4068 1050 4123 per
1102 4051 1291 4107 orbem
1343 4048 1672 4103 constitutae.
1706 4045 1763 4099 In
1813 4044 2066 4115 praesenti

490 4163 646 4212 vero,
679 4147 865 4202 statim
922 4145 1126 4199 dicitur
1184 4143 1239 4196 in
1295 4140 1478 4205 titulo,
1522 4139 1632 4193 Pro
1677 4135 2068 4191 torcularibus:

492 4256 621 4296 mox
670 4236 1059 4294 subsumitur:
1108 4234 1283 4301 Quam
1341 4232 1535 4286 dilecta
1568 4229 1910 4284 tabernacula
1957 4236 2068 4290 tua,

496 4330 723 4386 Domine
748 4327 1041 4382 virtutum!
1070 4325 1271 4395 quibus
1306 4337 1443 4393 pene
1475 4322 1790 4377 declaratur
1816 4333 2067 4390 quamam

492 4425 586 4478 illa
637 4421 920 4492 prtemissa
976 4416 1333 4473 tabernacula
1386 4415 1610 4470 fuerint.
1642 4413 1831 4468 Palam
1868 4412 2071 4484 quippe

2174 573 2271 643 τῆς
2301 572 2561 639 γενέσεως
2590 571 2753 625 αὐτοῦ
2780 572 2956 639 λόγος,
2990 571 3057 640 ἣν
3092 574 3149 624 ὲν
3180 568 3257 640 τῷ
3286 576 3381 634 πς¹
3406 568 3605 639 ψαλμῷ
3632 570 3771 621 ἑπι-

2176 664 2573 734 κεκρυμμένως
2593 662 2812 733 ᾐνίξατο
2831 680 2842 691 '
2876 664 2969 715 καὶ
2989 662 3285 714 ὲπιπλείων
3323 663 3419 715 καὶ
3456 661 3771 733 βαθύτερος

2174 755 2201 805 6
2229 752 2356 823 περὶ
2398 753 2490 805 τοῦ
2518 753 2746 805 Θανάτου
2785 753 2970 815 αὐτοῦ,
2996 752 3053 804 ὃν
3102 753 3239 823 ὑπὲρ
3284 753 3585 823 ἀνθρώπων
3622 753 3767 804 ἀνε-

2173 844 2379 910 δέξατο,
2398 845 2546 907 δςὲνι
2570 845 2676 897 τῶν
2697 846 2910 899 πάντων
2922 844 3412 916 ἐπιγεγραμμένων
3434 843 3577 898 υἱῶν
3597 842 3768 910 Κορὲ

2173 938 2505 1000 τελευταῖος·
2532 937 2673 1005 λέγω
2700 937 2758 990 δὲ
2791 937 2869 1007 τῷ
2895 936 2982 1001 πζ¹
3018 938 3421 1009 περιείληπται.
3461 939 3522 990 Ol
3546 937 3604 989 δὲ
3625 936 3766 989 τού-

2172 1048 2279 1083 των
2304 1030 2592 1100 ἡγούμενοι
2642 1030 2735 1082 δύο
2782 1030 3008 1100 ψαλμοὶ,
3047 1031 3074 1084 ὃ
3113 1047 3173 1081 τε
3213 1031 3349 1100 μετὰ
3383 1032 3568 1099 χεῖρας
3608 1030 3769 1082 καὶὸ

2175 1121 2300 1192 ὲξῆς
2329 1122 2496 1192 αὐτῷ,
2524 1122 2620 1193 τὴν
2651 1126 2730 1185 είς
2763 1123 3083 1194 ἀνθρώπους
3128 1123 3292 1178 αὐτοῦ
3328 1108 3628 1193 παρουσίαν
3652 1125 3767 1176 καὶ

2173 1214 2239 1268 τὰ
2265 1216 2357 1267 ἐπὶ
2393 1214 2561 1286 ταύτῃ
2616 1215 3012 1287 κατορθώματα
3048 1215 3413 1280 θεσπίζουσιν.
3439 1216 3507 1269 Ὅ
3535 1232 3598 1283 γε
3642 1216 3767 1285 μὴν

2173 1307 2530 1378 προκείμενος
2568 1309 2989 1377 ἐπιγέγραπται,
3025 1311 3110 1373 εἰς
3132 1307 3196 1360 τὸ
3233 1308 3427 1371 τέλος,
3457 1305 3608 1373 ὑπὲρ
3630 1305 3767 1358 τῶν

2171 1397 2393 1464 ληνῶν.
2440 1398 2617 1469 Τριῶν
2655 1398 2711 1449 δὲ
2758 1397 2925 1449 όντων
2955 1398 3063 1450 τῶν
3100 1400 3197 1468 τὴν
3234 1397 3487 1467 τοιαύτην
3522 1399 3765 1465 ἐπιγρα-

2174 1489 2277 1558 φὴν
2306 1490 2554 1558 ἐχόντων,
2582 1486 2660 1553 εἷς
2692 1493 2790 1561 μὲν
2829 1489 2981 1557 οὗτος
3011 1493 3293 1563 τυγχάνειο
3321 1491 3521 1560 ὁμοίιος
3542 1489 3599 1542 δὲ
3628 1491 3765 1541 ἐπι-

2171 1579 2479 1650 γέγραπται
2514 1582 2607 1634 καὶ
2653 1585 2680 1635 ό
2722 1590 2791 1651 η’,
2843 1585 2935 1637 καὶ
2988 1584 3148 1637 πάλιν
3179 1586 3207 1636 6
3237 1589 3309 1635 π’.
3353 1580 3512 1633 Ἀλλά
3539 1579 3760 1633 τούτων

2175 1674 2272 1743 μὲν
2316 1673 2407 1726 δύο
2447 1673 2844 1747 ὠνομάσθησαν
2866 1677 3085 1747 ψαλμοὶ,
3112 1678 3139 1729 ὃ
3172 1694 3229 1728 τε
3270 1682 3319 1745 η’
3350 1676 3444 1727 καὶ
3469 1676 3497 1726 6
3531 1672 3757 1744 παρών.

2173 1764 2262 1817 Διὸ
2286 1765 2534 1835 χρηστῶν
2578 1767 2858 1837 παρόντων
2906 1767 3245 1835 ἀπαγγελίας
3275 1765 3638 1837 περιέχουσιν.
3691 1765 3762 1815 Ὁ

2169 1858 2225 1911 δὲ
2254 1865 2307 1910 π’
2334 1855 2401 1929 ἦν
2422 1860 2518 1929 μὲν
2533 1858 2699 1925 Ὑπὲρ
2724 1858 2841 1911 τῶν
2872 1858 3096 1926 ληνῶν,
3126 1860 3185 1911 οὐ
3219 1857 3322 1928 μὴν
3360 1857 3450 1909 καὶ
3478 1855 3759 1924 ψηλμύς,

2172 1951 2260 2003 διά
2293 1950 2351 2003 τό
2386 1950 2684 2019 σκυθρωπά
2722 1968 2844 2004 τινα
2883 1952 3153 2021 περιέχειν
3195 1948 3335 2002 κατά
3366 1946 3458 2001 τοῦ
3507 1946 3757 2018 Ἰσραήλ.

2172 2046 2331 2115 Τρεῖς
2345 2044 2400 2095 δὲ
2420 2043 2569 2107 ὄντες
2592 2047 2641 2097 οί
2676 2043 2842 2112 Ὑπὲρ
2866 2042 2981 2096 τῶν
2991 2041 3215 2110 ληνῶν,
3233 2042 3410 2113 τρισὶν
3432 2041 3759 2095 ἀνάκεινται

2171 2134 2481 2207 προσώποις
2504 2150 2517 2164 °
2558 2138 2585 2187 6
2631 2136 2726 2205 μὲν
2750 2142 2799 2204 η’
2825 2134 2902 2204 τῷ
2929 2134 3108 2200 Δαυῖδ,
3141 2136 3170 2187 6
3200 2133 3255 2185 δὲ
3293 2139 3346 2185 π’
3372 2133 3449 2203 τῷ
3495 2132 3689 2200 Ἀσάφ,
3727 2137 3761 2186 6

2170 2229 2227 2281 δὲ
2262 2228 2400 2299 μετά
2424 2231 2609 2299 χεῖρας
2640 2232 2749 2291 τοῖς
2775 2230 2908 2290 υἱοῖς
2935 2228 3099 2298 Κορὲ.
3131 2227 3242 2280 Καὶ
3268 2226 3573 2296 συμφώνως
3606 2243 3667 2293 γε
3699 2229 3759 2279 οἱ

2170 2324 2317 2392 τρεῖς
2367 2321 2761 2391 ἐπιγράφονται
2788 2323 2873 2385 είς
2901 2319 2967 2371 τὸ
2998 2320 3193 2383 τέλος,
3217 2318 3292 2381 ὠς
3324 2314 3498 2387 οἶμαι,
3534 2316 3622 2369 διὰ
3647 2317 3761 2379 τὰς

2170 2413 2228 2466 ὲν
2252 2412 2431 2475 αὐτοῖς
2466 2412 2819 2483 προφητείας,
2856 2413 2935 2474 εἰς
2971 2410 3031 2461 τὸ
3076 2409 3228 2471 τέλος
3258 2409 3365 2461 τῶν
3396 2408 3622 2479 καιρῶν,
3647 2406 3760 2460 καὶ

2171 2504 2263 2559 ἐπὶ
2290 2506 2567 2577 συντελείᾳ
2596 2505 2689 2557 τοῦ
2716 2505 2908 2567 αἰῶνος
2930 2500 3383 2565 ἐπιτελεσθείσας.

2242 2594 2414 2647 Πάλαι
2448 2596 2542 2664 μὲν
2568 2590 2679 2657 οὖν,
2710 2595 2785 2657 ὠς
2815 2595 2880 2647 ἂν
2906 2595 3022 2655 ἑνὸς
3049 2592 3384 2663 ὑπάρχοντος
3407 2591 3759 2662 ἀμπελῶνος,

2172 2687 2298 2757 περὶ
2326 2682 2385 2741 οὗ
2418 2688 2620 2759 εἴρητο,
2664 2688 2725 2739 '0
2768 2686 2877 2755 γὰρ
2913 2685 3196 2755 ἀμπελὼν
3240 2686 3462 2753 Κυρίου
3506 2684 3762 2739 Σαϐαὼθ

2169 2774 2332 2843 οἶκος
2378 2778 2483 2832 τοῦ
2520 2778 2754 2846 Ἰσραήλ
2779 2779 2936 2830 ἐστι’
2991 2778 3087 2847 μία
3134 2777 3323 2848 ὠσπερ
3372 2775 3528 2848 ληνὸς
3568 2774 3638 2847 ἦν
3692 2780 3763 2831 ὲν

2169 2868 2338 2937 αὐτῷ,
2372 2860 2439 2939 ἧς
2468 2869 2738 2939 μέμνηται
2765 2871 2793 2921 6
2828 2870 3049 2931 Ἡσαΐας
3081 2870 3144 2921 ὲκ
3178 2867 3465 2941 προσώπου
3503 2869 3594 2921 τοῦ
3636 2871 3764 2921 Ku-

2170 2961 2285 3031 ρίου
2319 2961 2523 3029 λέγων·
2558 2962 2669 3015 Καὶ
2710 2962 3065 3031 ᾠκοδόμησα
3100 2963 3349 3031 πύργον,
3388 2962 3483 3015 καὶ
3518 2964 3758 3031 προλή-

2168 3070 2301 3106 νιον
2324 3053 2524 3121 ὠρυξα
2555 3052 2827 3119 ἐναύτῷ.
2876 3055 3169 3124 Ἐσήμαινε
3214 3054 3269 3107 δὲ
3313 3054 3459 3124 ἄρα,
3506 3053 3592 3106 διὰ
3647 3054 3758 3123 μὲν

2169 3138 2262 3197 τοῦ
2303 3146 2513 3216 πύργου
2561 3145 2651 3198 τὸν
2699 3147 2755 3198 ἐν
2795 3145 3185 3217 Ἰεροσολύμοις
3228 3144 3385 3209 νεὼν,
3424 3145 3510 3197 διὰ
3549 3143 3606 3198 δὲ
3652 3145 3759 3199 τοῦ

2173 3237 2461 3308 προληνίου
2498 3238 2558 3290 τὸ
2602 3238 2737 3309 πρὸς
2773 3238 2852 3308 τῷ
2895 3238 3007 3308 ναῷ
3063 3239 3474 3309 θυσιαστήριον,
3518 3239 3652 3306 ὅπερ
3686 3240 3759 3291 οὐ

2171 3329 2348 3402 ληνὸν,
2399 3331 2533 3385 ἀλλά
2585 3333 2869 3400 προλήνιον
2920 3332 3220 3401 ὠνόμασεν,
3255 3332 3510 3393 είκότως’
3561 3330 3757 3401 ἐπειδὴ

2170 3421 2277 3475 τῶν
2321 3421 2523 3491 νοητῶν
2565 3420 2631 3472 τὰ
2695 3419 2980 3490 σωματικά
3023 3422 3330 3489 προηγεῖτο,
3370 3418 3464 3471 καὶ
3505 3418 3609 3487 πρὸ
3648 3416 3761 3485 τῆς

2171 3510 2380 3581 Καινῆς
2408 3511 2679 3583 Διαθήκης
2710 3514 2741 3581 ἡ
2770 3510 2971 3565 παλαιά
3000 3510 3239 3580 σύμϐολα
3275 3510 3369 3561 καὶ
3407 3507 3618 3569 είκόνας
3641 3506 3759 3559 τῶν

2170 3603 2385 3674 ἀληθῶν
2413 3605 2560 3674 παρὰ
2594 3604 2862 3665 Ἰουδαίοις
2887 3602 3211 3671 ἐφυλάττετο
3231 3618 3243 3631 ·
3270 3600 3455 3669 διόπερ
3483 3599 3545 3651 οὐ
3569 3596 3757 3667 ληνὸς,

2171 3696 2305 3749 ἀλλά
2336 3696 2623 3766 προλὴνιον
2646 3693 2954 3763 ὠνομάζετο
2984 3693 3043 3744 τὸ
3068 3693 3193 3761 παρ’
3214 3691 3440 3748 ἐκείνοις
3464 3688 3760 3757 θυσιαστήι-

2174 3803 2307 3856 ριον.
2356 3786 2440 3848 Ὠς
2477 3786 2594 3848 ἑνὸς
2633 3785 2688 3837 δὲ
2726 3784 2818 3836 τοῦ
2854 3783 3193 3853 ἀμπελῶνος,
3233 3781 3327 3851 μία
3356 3777 3423 3851 ἦν
3459 3779 3622 3833 πάλαι
3655 3779 3759 3849 λη-

2171 3880 2280 3943 νὸς,
2316 3880 2410 3933 καὶ
2442 3880 2559 3943 ἐνὸς
2590 3878 2717 3931 ναοῦ
2747 3878 3147 3948 θυσιαστήριον.
3172 3877 3233 3929 Οἱ
3258 3875 3313 3927 δὲ
3343 3877 3398 3926 ὲν
3424 3872 3501 3943 τῷ
3527 3872 3756 3943 παρόντι

2172 3970 2485 4042 δηλούμενοι
2535 3974 2681 4040 τρεῖς
2729 3970 2932 4039 ψαλμοὶ
2983 3969 3042 4021 οὐ
3088 3968 3215 4038 περὶ
3245 3968 3393 4037 μιᾶς,
3437 3965 3570 4018 ἀλλά
3622 3966 3759 4034 περὶ

2172 4063 2381 4116 πολλῶν
2417 4061 2807 4133 μνημονεύουσι
2840 4059 3034 4130 ληνῶν,
3067 4058 3174 4111 τῶν
3207 4057 3309 4111 ἀνά
3347 4058 3524 4111 πᾶσαν
3556 4056 3653 4126 τὴν
3677 4058 3761 4108 οὶ-

2173 4157 2442 4227 κουμένην
2476 4155 2567 4207 τοῦ
2612 4154 2860 4225 Σωτῆρος
2893 4152 3048 4222 ἡμῶν
3087 4150 3387 4221 ἐκκλησιῶν
3433 4148 3618 4202 τοῦτον
3659 4148 3758 4218 δη-

2172 4248 2446 4318 λουμένων
2476 4246 2566 4298 τὸν
2598 4246 2815 4317 τρόπον.
2852 4244 3058 4296 Αὐτίκα
3094 4242 3180 4295 διὰ
3221 4241 3327 4294 τῶν
3377 4239 3757 4310 προκειμένων

2174 4339 2388 4409 εἴρηται
2453 4338 2548 4408 μὲν
2596 4338 2653 4388 ὲν
2699 4338 2764 4406 τῇ
2821 4335 3115 4405 προγραφῇ
3158 4332 3306 4399 ὑπὲρ
3352 4330 3470 4383 τῶν
3513 4328 3753 4398 ληνῶν·

2174 4431 2300 4502 ἑξῆς
2343 4430 2399 4483 δὲ
2446 4428 2787 4498 ὲπιλέγεται·
2836 4429 2927 4493 Ὠς
2964 4426 3239 4497 ἀγαπητὰ
3282 4426 3352 4477 τὰ
3395 4422 3758 4490 σκηνώματά

492 4516 693 4572 dicitur
725 4529 847 4570 esse
876 4511 1229 4568 tabernacula
1257 4508 1495 4573 Domini,
1515 4506 1768 4563 videlicet
1804 4506 2064 4562 ecclesias

2173 4539 2306 4586 σου,
2353 4522 2528 4588 Κύριε
2565 4519 2681 4573 τῶν
2718 4519 3028 4588 δυνάμεων
3048 4518 3067 4569 .’
3109 4515 3387 4587 μονονουχὶ
3432 4513 3758 4584 σαφηνίζον-

496 4606 641 4677 ejus,
661 4604 865 4676 quasin
885 4599 1469 4673 sequentibusjclarius
1499 4597 1586 4654 his
1612 4599 1796 4654 verbis
1825 4613 2067 4653 comme—

500 4707 681 4754 morat
709 4694 985 4750 :—-V£ns.
1003 4694 1057 4747 5.
1078 4691 1415 4760 Γοηευρὶδεὶι
1433 4700 1481 4744 et
1499 4690 1675 4759 deﬁcit
1693 4691 1871 4743 anima
1884 4707 1997 4745 mea
2013 4691 2067 4744 in

496 4791 639 4844 atria
664 4788 895 4842 Domini.
925 4785 1037 4839 Sub
1059 4785 1173 4837 haec
1190 4798 1383 4837 rursus
1415 4783 1489 4835 ait
1518 4802 1531 4836 :
1561 4782 1773 4835 Altaria
1804 4792 1916 4848 tua,
1958 4782 2067 4835 Do-

501 4884 642 4937 mine
675 4881 952 4935 virtutum.
992 4876 1070 4931 Ac
1100 4874 1424 4946 perpendas,
1457 4888 1664 4943 quaeso,
1697 4889 1879 4928 annon
1924 4874 2064 4944 pari,

494 4986 659 5047 atque
675 4974 733 5027 in
749 4973 907 5027 titulo
918 4970 1013 5041 qui
1037 4968 1146 5023 Pro
1162 4966 1518 5022 torcularibus
1533 4966 1811 5030 scribitur,
1829 4968 2073 5021 oratione

497 5068 852 5126 tabernacula
879 5065 1167 5138 pluraliter
1188 5064 1585 5133 exprimantur,
1614 5063 1910 5132 itidemque
1934 5063 2073 5115 atria

495 5174 549 5220 et
575 5162 804 5226 altaria;
842 5159 917 5213 ita
968 5165 1027 5211 ut
1058 5172 1169 5211 non
1215 5156 1329 5225 jam
1380 5156 1663 5225 antiquum
1712 5155 1843 5208 illud
1900 5170 2071 5208 unum

495 5252 912 5311 tabernaculum
939 5249 1293 5319 Jerosolymis
1327 5248 1642 5311 situm,non
1669 5262 1837 5301 unum
1871 5247 2070 5301 ibidem

497 5350 737 5420 positum
792 5343 985 5407 altare,
1017 5358 1125 5396 non
1176 5356 1347 5394 unum
1406 5340 1605 5394 atrium
1660 5340 1849 5395 eodem
1887 5340 2071 5396 consi-

498 5452 648 5499 stens
679 5439 835 5503 loco;
864 5434 961 5491 sed
1008 5436 1261 5488 universa
1297 5448 1392 5503 per
1421 5434 1609 5487 orbem
1647 5432 1860 5496 altaria,
1890 5432 2071 5487 taber-

496 5532 695 5588 nacula
727 5536 780 5585 et
799 5528 933 5583 atria
966 5526 1055 5581 hic
1077 5523 1357 5595 Scriptura
1389 5525 1797 5596 signiﬁcet.Alii
1829 5525 2068 5594 quidem,

499 5627 595 5689 ait,
628 5622 734 5676 alia
771 5620 1005 5693 diligunt
1032 5627 1087 5674 et
1132 5619 1309 5689 magni
1344 5619 1583 5686 faciunt;
1611 5619 1741 5672 mihi
1772 5634 1921 5682 vero,
1959 5617 2065 5671 Do-

572 5779 613 5811 "
652 5775 755 5835 lsa,
794 5794 846 5843 v,
886 5777 935 5833 7.
1013 5776 1057 5808 ‘°
1099 5774 1233 5831 ibid.
1258 5774 1315 5828 2.

1506 5880 1521 5917 l
1888 5891 1907 5917 ι

2174 4630 2265 4676 τος
2289 4611 2384 4664 τοῦ
2422 4612 2579 4679 λόγου
2610 4612 2703 4674 τὰς
2740 4609 3181 4681 προτεταγμένας
3220 4607 3430 4676 ληνοὺς,
3452 4605 3595 4667 τίνες
3626 4604 3758 4655 ποτὲ

2174 4700 2305 4760 εἷεν.
2329 4704 2488 4774 Δηλοῖ
2519 4704 2627 4774 γὰρ
2668 4703 2867 4766 ταύτας
2895 4698 3030 4755 εἶναι
3066 4702 3133 4755 τὰ
3164 4699 3493 4770 σκηνώματα
3528 4696 3621 4749 τοῦ
3646 4697 3762 4748 Κυ-

2179 4797 2313 4870 ρίου,
2348 4795 2549 4867 δηλαδὴ
2591 4795 2689 4858 τάς
2730 4794 3021 4864 ἐκκλησίας
3064 4791 3250 4855 αὐτοῦ,
3288 4792 3353 4854 ἀς
3402 4789 3605 4859 προῖὼν
3636 4787 3761 4839 λευ-

2179 4892 2399 4962 κότερον
2449 4888 2610 4942 πάλιν
2656 4887 2909 4958 ὀνομάζει
2952 4886 3151 4954 λέγων·
3199 4882 3489 4936 Ἐπιποθεῐ
3528 4880 3623 4933 καὶ
3664 4879 3761 4933 ἐκ-

2176 4983 2372 5035 λείπει
2400 4982 2437 5049 ἡ
2468 4979 2637 5049 ψυχή
2679 4997 2797 5048 μου
2839 4981 2925 5043 εὶς
2974 4978 3077 5042 τὰς
3114 4974 3310 5040 αὐλὰς
3354 4972 3459 5026 τοῦ
3512 4970 3758 5036 Κυρίου.

2179 5072 2292 5126 Καὶ
2317 5067 2469 5135 αὖθις
2503 5070 2707 5142 προϊών
2740 5088 2874 5141 φησι
2894 5086 2906 5099 ⁸
2952 5069 3028 5122 Τὰ
3059 5064 3453 5133 θυσιαστήριά
3491 5062 3761 5127 σου,Κύ-

2172 5181 2268 5232 pte
2305 5163 2424 5216 τῶν
2465 5161 2791 5231 δυτνιάμεων.
2843 5160 2953 5213 Καὶ
2994 5160 3094 5229 ὅρα
3134 5160 3181 5210 εἰ
3233 5156 3306 5227 μὴ
3347 5153 3649 5224 συμφώνως
3692 5157 3760 5224 τῇ

2179 5258 2471 5326 προγραφῇ
2518 5254 2668 5322 ὑπὲρ
2714 5252 2833 5305 τῶν
2871 5250 3075 5319 ληνῶν
3110 5248 3437 5319 περιεχούσῃ
3474 5245 3760 5314 πληθυντιο

2180 5346 2292 5409 κῶς
2320 5346 2389 5398 τὰ
2423 5344 2752 5415 σκηνώματα
2778 5345 3009 5415 εἴρηται,
3047 5342 3139 5394 καὶ
3172 5340 3331 5393 αὐλαὶ
3362 5340 3455 5391 καὶ
3479 5337 3545 5388 τά
3573 5335 3763 5389 θυσια-

2183 5437 2395 5507 στήρια,
2431 5435 2615 5504 σαφῶς
2646 5434 2738 5487 τοῦ
2778 5433 2934 5500 λόγου
2969 5433 3148 5484 οὐκέτι
3186 5431 3247 5483 τὸ
3288 5429 3511 5482 παλαιὸν
3540 5427 3597 5479 ἓν
3628 5429 3763 5497 σκή-

2182 5545 2339 5597 νωμα
2363 5528 2422 5580 ἐν
2459 5526 2870 5597 Ἰεροσολύμοις,
2904 5526 3021 5577 οὐδὲ
3067 5524 3128 5576 τὸ
3174 5522 3230 5576 ἓν
3276 5522 3657 5591 θυσιαστήριον
3699 5520 3762 5571 τὸ

2180 5620 2363 5673 αὐτόθι
2398 5618 2697 5689 ἱδρυμένον,
2722 5617 2844 5671 οὐδὲ
2889 5616 2986 5687 τὴν
3025 5615 3207 5669 αὐτόθι
3244 5614 3372 5685 μίαν
3403 5612 3589 5684 αὐλὴν,
3626 5610 3761 5664 ἀλλά
