4078 6432
337 353 480 410 £005

1470 354 1970 414 COMMENTARIA
2014 356 2082 411 ιΝ
2122 355 2462 414 PSALMOS.

3459 361 3601 416 1006

336 471 408 528 τὰ
453 469 573 525 καθ’
611 469 739 543 ὅλης
777 471 878 540 τῆς
917 471 1220 543 ἀνθρώπων
1265 473 1589 547 οἰκουμένης
1633 476 1926 548 θυσιαστή-

2044 474 2195 539 nine,
2225 476 2579 532 tabernacula
2619 482 2736 538 tua,
2763 475 2960 530 dilecta
2985 485 3040 530 et
3066 475 3319 530 amabilia
3354 484 3502 543 sunt,
3545 480 3602 532 in

341 581 433 636 ρια
485 562 580 617 καὶ
625 564 694 617 τὰ
742 563 1077 634 σκηνώματα
1127 566 1221 620 καὶ
1263 568 1361 630 τὰς
1408 569 1576 631 αὐλὰς
1619 569 1924 639 δηλοῦντος.

342 653 524 706 Ἀλλοι
559 653 658 723 μὲν
687 649 780 707 οὖν
803 654 960 716 ἄλλα,
995 656 1178 725 φησὶν,
1210 657 1488 724 ἀγαπῶσι,
1519 658 1610 712 καὶ
1639 661 1767 730 περὶ
1797 659 1927 713 πολ⁴

337 745 433 799 λοῦ
461 746 768 799 ποιοῦνται·
802 746 924 816 ἐμοὶ
956 746 1034 811 δὲ,
1068 741 1112 799 ὦ
1150 747 1345 819 Κύριε,
1384 749 1454 802 τὰ
1493 750 1562 802 σὰ
1597 749 1927 821 σκηνώματα

341 838 613 908 προσφιλῆ
647 839 740 891 καὶ
780 838 1040 908 ἀγαπητὰ
1071 840 1347 910 τυγχάνει,
1381 843 1438 893 ὲν
1469 836 1552 905 οἷς
1585 843 1927 914 κατηξίωσας

340 928 504 991 αὐτὸς
550 929 664 997 ἃμα
715 926 1022 1000 ἀνθρώποις
1083 929 1182 987 τὰς
1235 929 1512 1000 διατριϐὰς
1563 933 1928 1002 ποιησάμενος

340 1020 756 1089 κατασκηνῶσαι
779 1060 793 1084 ,
845 1021 1051 1091 φήσας·
1111 1023 1290 1076 Ὅπου
1331 1022 1441 1076 δύο
1487 1023 1526 1090 ἢ
1575 1023 1727 1089 τρεῖς
1774 1041 1924 1076 συν-

339 1111 582 1181 ηγμένοι
597 1111 760 1165 εὶσίν
783 1114 868 1177 εὶς
895 1111 962 1164 τὸ
983 1113 1129 1182 ἐμὸν
1153 1113 1358 1182 ὄνομα,
1380 1114 1510 1167 ἐκεῖ
1532 1117 1647 1184 εἰμι
1673 1116 1743 1168 ἐν
1761 1115 1929 1184 μέσῳ

343 1200 558 1257 αὐτῶν.
603 1203 759 1257 Οὕτω
793 1204 848 1256 δέ.
880 1222 969 1275 μοι
1003 1205 1276 1276 προσφιλῆ
1318 1209 1410 1260 καὶ
1448 1207 1709 1278 ἀγαπητὰ
1731 1209 1929 1278 τυγχά-

345 1313 424 1351 νει
459 1295 530 1349 τὰ
561 1297 843 1368 εἰρημένα,
887 1297 1030 1350 ὥστε
1070 1298 1137 1351 δι’
1176 1298 1476 1370 ὑπερϐολὴν
1505 1300 1797 1370 ἐπιθυμίας
1835 1303 1930 1354 αὐ-

343 1388 451 1440 τῶν
499 1387 780 1458 ὁμολογεῖν
832 1386 1104 1440 ἐκλείπειν
1145 1388 1245 1458 τὴν
1305 1389 1484 1459 ψυχήν
1554 1406 1654 1459 μου
1696 1389 1773 1458 τῷ
1801 1391 1928 1460 περὶ

344 1475 516 1539 αὑτάς
563 1475 715 1546 πόθῳ
766 1477 1098 1547 νικωμένην,
1145 1479 1240 1530 καὶ
1277 1477 1377 1548 τῆς
1409 1476 1554 1548 ζωῆς
1590 1478 1758 1549 αὐτῆς
1799 1496 1930 1552 προ-

344 1570 510 1639 τιμᾷν
542 1569 642 1630 τὰς
696 1568 754 1620 ὲν
824 1570 944 1631 ταῖς
985 1568 1174 1631 αὐλαῖς
1212 1586 1305 1622 σου
1366 1570 1669 1641 διατριϐάς.
1719 1573 1830 1624 Καὶ⁹
1867 1572 1927 1624 οὐ

349 1661 486 1732 μόνη
510 1677 573 1729 γε
603 1663 636 1731 ή
681 1660 826 1732 ψυχή
886 1678 987 1732 μου
1030 1661 1292 1727 ἐκλείπει,
1344 1661 1479 1716 ἀλλὰ
1518 1664 1612 1715 καὶ
1667 1664 1700 1734 ἡ
1737 1663 1930 1734 καρδία

349 1769 452 1823 μου
506 1753 602 1808 καὶ
654 1753 792 1824 πρὸς
842 1755 909 1824 τῇ
964 1753 1160 1825 καρδίᾳ
1223 1771 1325 1825 μου
1379 1755 1474 1808 καί
1531 1755 1661 1807 αὐτό
1723 1772 1824 1825 μου
1869 1755 1930 1808 τὸ

2031 567 2231 636 quibus
2271 567 2389 638 ipse
2422 583 2530 622 una
2560 583 2685 622 cum
2721 567 3038 623 hominibus
3087 568 3292 622 morari
3339 570 3606 639 sedesque

2030 672 2233 727 ponere
2283 659 2540 728 dignatus
2581 673 2678 726 es;
2710 673 2836 712 nam
2879 657 3020 712 dicis
3061 677 3074 712 :
3116 657 3216 712 Ubi
3248 658 3351 713 duo
3390 659 3467 714 vel
3499 670 3603 714 tres

2031 750 2328 819 congregati
2365 751 2561 818 fuerint
2585 753 2640 804 in
2668 752 2876 804 nomine
2899 767 3034 815 meo,
3064 751 3174 805 illic
3199 768 3316 806 sum
3353 753 3408 805 in
3435 753 3603 807 medio

2029 856 2211 894 eorum
2249 842 2316 895 ²¹.
2353 841 2430 895 ita
2471 857 2636 911 porro
2685 842 2818 896 mihi
2867 842 2984 896 haec
3013 843 3126 912 jam
3174 851 3472 898 memorata
3520 844 3604 898 di-

2031 935 2170 988 lecta
2196 941 2251 988 et
2285 935 2539 989 amabilia
2572 943 2722 999 sunt,
2761 943 2822 988 ut
2868 934 3041 990 fatear
3082 951 3148 991 ex
3183 951 3372 992 eorum
3404 952 3607 992 concu-

2031 1024 2298 1092 piscentia
2324 1025 2561 1078 animam
2586 1040 2786 1090 meam,
2813 1039 3004 1079 eorum
3030 1041 3216 1082 amore
3241 1027 3608 1094 victam,defi-

2030 1127 2157 1168 cere
2209 1122 2373 1184 atque
2424 1115 2573 1169 illam
2629 1115 2686 1169 in
2748 1116 2906 1171 atriis
2946 1116 3057 1172 tuis
3116 1118 3606 1172 commorationem

2029 1205 2154 1259 vitae
2176 1221 2392 1276 quoque
2436 1213 2781 1276 anteponere.
2847 1207 3036 1278 Neque
3060 1208 3243 1262 solum
3273 1209 3477 1274 anima,
3511 1210 3607 1265 sed

2031 1306 2086 1352 et
2121 1313 2217 1351 cor
2262 1314 2442 1352 meum
2505 1297 2730 1364 deﬁcit;
2764 1299 2874 1353 imo
2924 1315 3058 1353 vero
3093 1300 3272 1369 ipsum
3319 1315 3520 1370 corpus
3554 1313 3609 1355 et

2031 1402 2163 1442 caro
2191 1404 2296 1458 qua
2320 1389 2755 1444 circumvestior.
2785 1389 2911 1444 Haec
2960 1392 3163 1445 etenim
3208 1408 3273 1446 ex
3310 1392 3433 1448 vitae
3461 1394 3609 1450 illius

2031 1497 2153 1551 quae
2203 1496 2370 1551 penes
2409 1489 2460 1534 te
2507 1489 2592 1536 est
2645 1482 2932 1547 memoria,
2958 1483 3160 1552 gaudio
3196 1493 3251 1539 et
3299 1484 3488 1539 laetitia
3523 1501 3612 1541 re-

2032 1573 2285 1642 plentur;
2319 1571 2394 1624 ita
2418 1578 2480 1625 ut
2507 1587 2630 1626 vere
2663 1571 2843 1626 dicam
2875 1591 2888 1626 :
2917 1571 3034 1626 Cor'
3069 1590 3241 1626 meum
3267 1584 3316 1627 et
3346 1592 3470 1630 caro
3494 1592 3612 1630 mea

2033 1665 2428 1718 exsultaverunt
2475 1664 2530 1716 in
2561 1662 2733 1716 Deum
2783 1665 2975 1720 vivum.
3013 1664 3158 1720 Deus
3187 1667 3392 1736 quippe
3423 1676 3612 1723 noster

2032 1757 2244 1819 vivens,
2266 1757 2358 1826 qui
2394 1754 2837 1825 solus'propriam
2858 1766 2913 1810 et
2938 1759 3244 1813 naturalem
3277 1760 3332 1813 in
3363 1774 3422 1815 se
3444 1762 3611 1816 vitam

271 1839 274 1842 “
349 1841 508 1912 σῶμα
581 1843 675 1896 καὶ
724 1845 758 1914 ή
787 1841 945 1913 ’σὰρξ
996 1842 1062 1912 ἢν
1114 1841 1532 1913 περιϐέϐλημαι.
1593 1843 1703 1895 Καὶ
1753 1842 1926 1896 ταῦτα

2044 1850 2288 1918 possidet,
2321 1850 2429 1903 imo
2489 1849 2670 1919 potius
2697 1848 2877 1903 omnis
2911 1850 3036 1904 vitae
3077 1850 3197 1907 fons
3221 1862 3323 1917 est,
3351 1869 3470 1908 eam
3493 1869 3612 1908 om-

346 1935 456 2006 γὰρ
490 1937 554 1988 ὲκ
603 1936 701 2007 τῆς
769 1937 989 2006 μνήμης
1042 1935 1144 2005 τῆς
1197 1937 1350 2006 παρὰ
1415 1937 1497 1989 σοὶ
1561 1936 1705 2006 ζωῆς
1761 1937 1935 2007 χαρᾶς

346 2025 649 2097 πληροῦται
691 2026 786 2078 xui.
824 2024 1191 2097 εὐφροσύνηςο
1223 2025 1349 2078 ὥστ’
1382 2025 1712 2096 ἀληθεύοντά
1746 2043 1814 2097 με
1849 2026 1935 2079 λέ-

348 2131 484 2183 γειν·
517 2114 577 2168 Ἠ
601 2113 815 2182 καρδία
825 2131 945 2182 μου
971 2114 1070 2167 καὶ
1100 2116 1138 2183 ἡ
1166 2113 1324 2182 σάρξ
1349 2131 1466 2182 μου
1487 2115 1937 2184 ἠγαλλιάσαπο

345 2207 444 2260 ἐπὶ
483 2205 631 2259 Θεὸν
662 2203 865 2265 ζῶντα.
901 2203 1019 2259 Ζῶν
1047 2205 1155 2276 γὰρ
1186 2209 1214 2259 ό
1245 2206 1512 2277 ἡμέτερος
1533 2207 1683 2272 Θεὸς,
1712 2209 1804 2261 καὶ
1833 2208 1930 2279 μό-

348 2314 439 2361 νος
483 2297 778 2368 ίδιόκτητον
845 2297 942 2350 καί⁴
995 2297 1228 2370 φυσικὴν
1283 2298 1340 2349 ἐν
1394 2297 1540 2368 αὐτῷ
1592 2299 1926 2368 κεκτημένος

349 2387 514 2460 ζωὴν,
546 2388 741 2459 μᾶλλον
769 2389 827 2441 δὲ
856 2389 1016 2452 αὐτὸς
1037 2388 1112 2442 ὢν
1146 2392 1179 2461 ή
1209 2389 1356 2460 πηγὴ
1388 2391 1568 2460 πάσης
1594 2389 1758 2460 ζωῆς,
1790 2391 1922 2442 πᾶσι

2036 1942 2204 1998 nibus
2249 1942 2315 1996 ad
2376 1957 2436 1997 se
2479 1941 2865 1998 accedentibus
2912 1943 3173 2013 impertit.
3246 1944 3612 2010 Quamobrem

2039 2036 2160 2105 ipsa
2209 2050 2339 2090 caro
2387 2049 2528 2097 mea,
2557 2049 2677 2104 quae
2723 2042 2919 2089 natura
2981 2050 3081 2090 sua
3134 2038 3380 2091 mortalis
3409 2047 3462 2092 et
3489 2052 3616 2098 cor-

2035 2128 2278 2196 ruptioni
2306 2127 2542 2181 obnoxia
2565 2133 2670 2189 est,
2691 2126 2893 2196 gaudet
2920 2133 2974 2181 et
3001 2127 3303 2196 gratulatur
3324 2145 3338 2194 ;
3363 2129 3491 2197 quia
3517 2144 3616 2198 per

2033 2233 2155 2274 eam
2186 2217 2511 2272 immortalis
2531 2217 2656 2271 vitae
2685 2231 2916 2272 consors
2967 2222 3023 2270 et
3049 2215 3249 2271 divinae
3271 2217 3462 2287 gratiae
3487 2233 3616 2288 par-

2031 2310 2207 2378 ticeps
2250 2306 2436 2362 futura
2471 2315 2576 2362 est.

349 2484 460 2544 τοῖς
513 2479 869 2550 πλησιάζουσι
923 2479 1124 2550 ταύτης
1189 2480 1526 2551 μεταδίδωσι.
1587 2481 1785 2551 Διόπερ
1832 2479 1926 2533 καὶ
1962 2479 2100 2551 αὐτὴ
2147 2481 2181 2550 ὴ
2231 2479 2389 2549 φύσει
2430 2480 2596 2553 θνητὴ
2653 2482 2748 2535 καὶ
2787 2481 2999 2554 φθαρτή
3050 2501 3149 2554 μου
3219 2484 3355 2557 σὰρξ
3433 2487 3616 2558 χαίρει

353 2573 445 2627 καὶ
483 2572 784 2642 συγχαίρει,
821 2571 916 2624 ἆτε
964 2572 1029 2625 δι’
1063 2572 1232 2642 αὐτῆς
1278 2574 1681 2643 κοινωνήσουσα
1714 2571 1932 2626 αἰωνίου
1975 2569 2139 2642 ζωῆς,
2161 2571 2380 2643 καὶτῆς
2403 2572 2496 2626 τοῦ
2517 2573 2651 2626 Θεοῦ
2679 2576 2900 2646 χάριτος
2929 2575 3370 2648 μεταληψομὲνη.

423 2687 610 2742 Ταῦτα
634 2688 691 2742 δέ
720 2705 882 2760 φησιν
919 2691 947 2742 ὁ
972 2689 1265 2761 Προφήτης
1293 2690 1577 2753 διδάσκων,
1612 2690 1793 2743 ὁποῖον
1821 2683 1936 2759 εἶχε

350 2780 532 2851 ἔρωτα
561 2781 656 2834 καί
681 2780 844 2834 πόθον
881 2781 1010 2852 περί
1039 2781 1108 2835 τὰ
1145 2782 1236 2833 ὑπ’
1275 2781 1439 2834 αὑτοῦ
1465 2782 1934 2854 προφητευόμενα.

355 2872 551 2942 Διόπερ
581 2875 608 2926 ὁ
642 2873 832 2944 Σωτὴρ
851 2873 1010 2944 ἡμῶν
1043 2873 1196 2941 ἔλεγε
1218 2890 1232 2903 ·
1259 2869 1486 2927 Πολλοὶ
1520 2871 1816 2941 προφῆται
1838 2872 1940 2926 καὶ

353 2963 572 3016 δίκαιοι
623 2964 1010 3031 ἐπεθύμησαν
1055 2962 1202 3017 ἰδεῖν
1236 2962 1276 3016 ἂ
1313 2963 1483 3031 ὑμεῖς
1520 2961 1802 3026 βλέπετε,
1842 2959 1942 3014 καὶ

355 3057 468 3108 οὐκ
510 3051 692 3108 εἶδον.
737 3053 846 3125 Τὴν
909 3053 1088 3125 σάρκα
1132 3053 1189 3106 δέ
1249 3070 1412 3124 φησιν
1463 3053 1579 3122 ἅμα
1622 3054 1688 3122 τῇ
1745 3051 1948 3121 καρδίᾳ·

355 3147 837 3215 ἀγαλλιᾶσθαι’ὲπὶ
867 3147 998 3200 Θεὸν
1024 3146 1223 3210 ζῶντα,
1251 3145 1635 3215 αἰνιττόμενος,
1664 3145 1738 3207 ὡς
1763 3140 1938 3214 οἶμαι,

2115 2687 2240 2743 Haec
2273 2697 2454 2743 autem
2499 2690 2574 2743 ait
2601 2689 2893 2760 Propheta,
2929 2705 3087 2746 suum
3131 2691 3395 2747 exhibens
3427 2692 3618 2748 adver-

2046 2792 2142 2832 sus
2172 2792 2236 2832 ea
2265 2793 2386 2848 quae
2414 2778 2467 2832 in
2521 2779 2806 2849 prepbetia
2857 2780 3215 2834 enuntiantur
3269 2781 3508 2837 studium
3565 2793 3621 2838 et

2046 2883 2310 2924 amorem.
2335 2870 2463 2925 ideo
2489 2870 2751 2924 Servator
2779 2878 2969 2924 noster
2993 2871 3209 2926 dicebat
3243 2891 3256 2926 :
3301 2870 3465 2926 Multi
3496 2889 3621 2942 pro-

2045 2961 2213 3032 phetw
2237 2970 2286 3016 et
2326 2962 2465 3031 justi
2495 2963 2770 3018 voluerunt
2811 2963 2984 3019 videre
3026 2980 3142 3034 qua:
3194 2981 3281 3019 vos
3315 2964 3522 3031 videtis,
3568 2973 3622 3019 et

2048 3071 2153 3108 non
2185 3053 2424 3108 viderunt
2454 3057 2520 3109 ".
2557 3055 2646 3108 Ait
2678 3071 2843 3126 porro
2870 3072 2978 3111 una
3012 3071 3135 3111 cum
3185 3056 3350 3111 corde
3395 3071 3618 3111 carnem

2048 3150 2223 3220 ipsam
2250 3152 2527 3206 exsultare
2557 3152 2611 3205 in
2645 3151 2812 3205 Deum
2841 3152 3058 3220 vivum;
3089 3153 3266 3221 queis,
3297 3159 3356 3206 ut
3384 3154 3617 3216 aestimo,

359 3241 453 3293 καὶ
485 3239 578 3293 τοῦ
613 3241 862 3314 Σωτῆρος
888 3238 986 3310 τὴν
1019 3241 1083 3292 ὲκ
1113 3238 1320 3310 νεκρῶν
1364 3239 1678 3292 ἀνάστασιν.
1725 3235 1939 3306 Ἐπειδὴ

2044 3241 2219 3314 ipsam
2259 3242 2564 3298 Servatoris
2590 3243 2765 3298 nostri
2791 3258 2856 3298 ex
2895 3243 3128 3297 mortuis
3157 3247 3620 3298 resurrectionem

357 3332 466 3404 γὰρ
516 3333 564 3384 οἰ
610 3330 716 3384 τῶν
766 3331 934 3384 ἐθνῶν
978 3331 1320 3402 νομιζόμενοι
1367 3329 1478 3383 θεοὶ
1522 3329 1705 3400 νεκροὶ
1749 3328 1943 3399 ἄψυχοι

355 3425 703 3496 τυγχάνουσι·
734 3425 810 3478 Τὰ
831 3423 939 3494 γὰρ
956 3423 1172 3477 εἴδωλα
1193 3423 1309 3476 τῶν
1329 3421 1518 3477 ἐθνῶν
1537 3423 1821 3491 ἀργύριον
1844 3421 1945 3475 καί

359 3517 637 3588 χρυσίον,
666 3516 809 3584 ἔργα
835 3514 1046 3584 χειρῶν
1077 3515 1403 3583 ἀνθρώπων
1422 3533 1435 3545 ·
1468 3515 1639 3568 ταῦτα
1670 3515 1727 3567 δὲ
1761 3514 1946 3567 ἔσεϐον

359 3610 410 3662 οἰ
446 3609 566 3662 τότε
590 3607 863 3680 ἄνθρωποι
885 3623 896 3636 ·
929 3605 1060 3674 ἐγὼ,
1093 3608 1277 3677 φησὶν,
1303 3607 1361 3660 οὐ
1389 3605 1626 3660 τοιοῦτόν
1649 3624 1768 3660 τινα
1791 3606 1944 3670 Θεὸν,

362 3700 496 3754 ἀλλὰ
530 3699 706 3765 ζῶντα
751 3699 881 3752 Θεὸν
921 3697 1268 3770 προθεωρῶν,
1299 3701 1364 3769 τῇ
1420 3697 1614 3769 καρδίᾳ
1660 3697 1945 3768 εὐφραίνο-

367 3809 495 3862 μαι·
533 3791 625 3844 καὶ
662 3789 800 3861 αὕτη
839 3790 895 3843 δέ
941 3808 1042 3861 μου
1097 3792 1126 3861 ή
1174 3779 1314 3860 σάρξ
1357 3790 1449 3842 ἐπὶ
1487 3789 1660 3859 τούτῳ
1707 3788 1783 3858 τῷ
1830 3788 1948 3859 Θεῷ

362 3882 754 3952 ἠγαλλιάσατο,
802 3882 877 3944 ὡς
924 3881 1017 3934 ἐπὶ
1061 3880 1178 3951 Θεῴ
1215 3879 1432 3951 άληθῶς
1479 3878 1641 3942 ζῶντι
1684 3880 1776 3931 καὶ
1815 3880 1948 3942 ζωο-

363 3975 603 4029 ποιοῦντι
627 3975 753 4039 τοὺς
786 3975 1031 4044 νεκροὺς,
1066 3973 1124 4036 ὃς
1157 3974 1251 4025 καὶ
1283 3973 1451 4044 αὐτὴν
1487 3989 1586 4043 μου
1627 3972 1946 4043 ζωοποιήσει

364 4069 464 4140 τὴν
493 4069 668 4140 σάρκα
697 4067 786 4121 διὰ
825 4067 924 4138 τῆς
972 4064 1165 4118 ἑαυτοῦ
1201 4064 1568 4126 ἀναστάσεως.
1600 4063 1688 4115 Διὸ
1717 4063 1852 4134 πρὸς
1882 4065 1946 4134 τῇ

364 4161 509 4232 ψυχῇ
544 4161 638 4214 καὶ
666 4163 700 4230 ἠ
726 4159 861 4230 σάρξ
901 4175 1000 4229 μου
1024 4157 1408 4228 ἠγαλλιάσατο.
1440 4155 1549 4209 Καὶ
1588 4154 1699 4224 γὰρ
1730 4171 1948 4223 στρου-

367 4256 499 4308 θίον
536 4250 713 4322 εὗρεν
755 4251 946 4317 ἐαυτῷ
996 4252 1212 4314 οὶκίαν,
1255 4248 1353 4302 καὶ
1408 4245 1638 4316 τρυγὼν
1690 4242 1950 4310 νοσσιὰν

364 4345 551 4414 ἑαυτῇ
575 4384 590 4409 ,
641 4339 712 4400 οὗ
759 4343 932 4410 θήσει
975 4343 1048 4396 τὰ
1101 4341 1326 4395 νοσσία
1367 4337 1576 4406 αὐτῆς,
1624 4341 1697 4390 τὰ
1747 4339 1952 4390 θυσια-

364 4431 582 4500 στήριά
597 4447 732 4496 σου,
759 4431 936 4500 Κύριε
960 4429 1078 4483 τῶν
1111 4428 1442 4498 δυνάμεων.
1482 4428 1591 4481 Καὶ
1620 4426 1737 4488 πῶς
1750 4425 1859 4497 γὰρ
1887 4425 1948 4478 οὐ

2046 3335 2354 3390 adumbrat.
2382 3333 2521 3400 Quia
2549 3335 2694 3388 enim
2725 3333 2760 3386 ii
2793 3333 2884 3404 qui
2921 3335 3063 3388 inter
3096 3343 3285 3404 gentes
3318 3332 3394 3387 dii
3428 3333 3620 3388 existi-

2046 3435 2287 3490 mantur,
2316 3427 2520 3480 mortui
2551 3433 2605 3480 et
2643 3427 2927 3479 inanimali
2960 3432 3088 3479 sunt
3121 3444 3134 3479 :
3166 3440 3293 3478 nam
3324 3425 3618 3479 simulacra

2047 3517 2278 3587 gentium
2307 3524 2579 3584 argentum
2613 3523 2663 3566 et
2699 3530 2909 3576 aurum,
2943 3524 3100 3582 opera
3146 3529 3400 3566 manuum
3448 3514 3618 3566 homi-

2049 3623 2173 3660 num
2199 3607 2243 3638 ³³
2274 3625 2285 3660 :
2320 3607 2433 3660 haac
2461 3613 2638 3661 tamen
2664 3606 2739 3659 illi
2764 3605 2890 3658 olim
2921 3605 3169 3659 homines
3197 3604 3618 3660 venerabantur.

2047 3697 2161 3769 Ego
2198 3713 2346 3765 vero,
2371 3700 2566 3768 inquit,
2600 3714 2708 3752 non
2758 3699 2920 3753 deum
2955 3697 3293 3768 hujusmodi,
3326 3699 3419 3753 sed
3452 3698 3618 3753 Deum

2048 3793 2230 3843 vivqu
2261 3791 2660 3859 contemplans,
2690 3791 2889 3860 gaudio
2921 3791 2976 3844 in
3006 3789 3171 3844 corde
3195 3791 3408 3859 repleor
3447 3808 3458 3844 :
3484 3790 3626 3860 ipsa-

2051 3893 2157 3947 que
2187 3893 2317 3931 caro
2347 3893 2467 3933 mea
2502 3878 2559 3933 in
2599 3879 2745 3934 hunc
2777 3879 2946 3933 Deum
2998 3878 3313 3940 exsultavit,
3351 3886 3538 3948 utpote
3567 3879 3622 3932 in

2051 3968 2221 4025 Deum
2256 3985 2381 4024 vere
2410 3971 2677 4025 viventem
2707 3979 2761 4025 et
2805 3976 3053 4024 mortuos
3107 3968 3487 4033 vivificantem,
3531 3969 3624 4038 qui

2051 4062 2190 4115 banc
2215 4062 2389 4132 ipsam
2411 4077 2631 4118 carnem
2655 4076 2828 4118 meam
2850 4077 2948 4131 per
2975 4062 3432 4116 resurrectionem
3467 4076 3625 4116 suam

2051 4155 2375 4210 reviviscere
2429 4153 2604 4210 faciet.
2670 4153 2849 4221 Quare
2899 4169 3022 4208 cum
3081 4154 3264 4208 anima
3319 4169 3451 4208 caro
3507 4155 3626 4223 ipsa

2051 4248 2366 4303 exsultavit.
2396 4277 2467 4289 —-
2497 4246 2664 4303 Vens.
2699 4247 2754 4301 4.
2791 4246 2999 4301 Etenim
3048 4262 3234 4316 passer
3292 4247 3484 4301 invenit
3525 4246 3626 4299 sibi

2051 4337 2286 4401 domum,
2330 4344 2381 4390 et
2432 4345 2609 4390 turtur
2681 4335 2863 4389 nidum
2917 4335 3039 4400 sibi,
3103 4335 3190 4389 ubi
3251 4344 3412 4404 ponat
3455 4335 3628 4404 pullos

2052 4442 2198 4491 suos,
2235 4425 2436 4479 altaria
2461 4433 2571 4490 tua,
2605 4424 2828 4479 Domine
2854 4425 3132 4480 virtutum.
3156 4425 3221 4478 Et
3252 4427 3365 4495 qui,
3399 4425 3495 4490 ait,
3518 4440 3626 4477 non

367 4522 761 4594 δίκαιον,φησί,
792 4521 1062 4594 προσφιλῆ
1094 4521 1188 4573 καὶ
1224 4519 1482 4590 ἀγαπητὰ
1496 4519 1774 4590 ὁμολογεῖν
1806 4514 1939 4572 εἶναι

2055 4535 2271 4590 aequum
2312 4518 2497 4583 fuerit,
2555 4533 2589 4572 ο
2633 4517 2883 4582 Domine,
2933 4518 3128 4572 altaria
3185 4526 3278 4570 tua
3331 4516 3530 4570 dilecta
3575 4527 3630 4568 et

365 4615 436 4666 τὰ
461 4611 794 4684 σκηνώματά
825 4629 939 4674 σου,
971 4605 1016 4664 ὧ
1046 4609 1237 4680 Κύριε,
1265 4610 1424 4663 ὁπότε
1455 4609 1738 4678 καταφυγὴ
1762 4606 1948 4677 γέγονε

368 4705 530 4757 παντὶ
560 4703 638 4776 τῷ
664 4703 760 4773 οἴῳ
784 4719 845 4756 τε
881 4701 1060 4770 λέγειν
1078 4719 1090 4731 ’
1135 4702 1205 4756 Ἡ
1232 4700 1403 4770 ψυχὴ
1431 4699 1600 4768 ἡμῶν
1626 4701 1705 4765 ὡς
1729 4715 1946 4768 στρου-

366 4797 499 4852 θίον
516 4796 775 4864 ἐρῤύσθη
817 4795 886 4847 ἐκ
932 4792 1041 4862 τῆς
1089 4794 1338 4863 παγίδος
1382 4792 1502 4846 τῶν
1545 4793 1943 4861 θηρευόντων·

370 4888 462 4940 καὶ
493 4886 653 4940 πάλιν
695 4884 773 4955 τῷ
815 4885 1107 4953 φάσκοντιο
1146 4885 1271 4938 Ἐπὶ
1316 4883 1394 4949 τῷ
1439 4885 1633 4950 Κυρίῳ
1673 4883 1945 4946 πέποιθα,

368 4977 495 5043 πῶς
517 4976 698 5045 ἐρεῖτε
721 4975 794 5044 τῇ
815 4975 983 5045 ψυχῇ
995 4994 1133 5045 μου·
1152 4977 1610 5029 Μεταναστεύου
1630 4975 1728 5027 ἐπὶ
1749 4977 1820 5026 τὰ
1839 4973 1945 5041 ὅρη

370 5073 448 5137 ὡς
470 5070 823 5139 στρουθίον;
855 5069 980 5121 Ὅτι
1012 5068 1141 5121 ὶδοὺ
1183 5070 1236 5121 οἱ
1267 5067 1601 5137 ἁμαρτωλοί
1638 5065 1950 5143 ⁶ἐνέτειναν

368 5164 566 5227 τόξον,
592 5162 928 5231 ἡτοίμασαν
949 5158 1109 5226 ,βέλη
1143 5161 1229 5225 είς
1253 5159 1568 5228 φαρέτραν.
1601 5155 1816 5210 Πολλῶν
1839 5154 1948 5226 γὰρ

367 5255 465 5324 τὴν
495 5254 586 5307 τοῦ
611 5251 890 5322 θεοφιλοῦς
921 5250 1096 5322 ψυχὴν
1118 5251 1308 5318 παγίσι
1345 5250 1698 5320 μεταϐάλλειν
1739 5248 1833 5301 καὶ
1869 5246 1948 5298 δι-

371 5349 553 5409 κτύοις
585 5346 772 5415 ὥσπερ
817 5343 1069 5416 θηρεύειν
1114 5341 1280 5413 αὐτὴν
1325 5342 1704 5413 πειρωμένων,
1740 5341 1954 5394 διιπτα·

374 5433 540 5504 μένην
569 5428 667 5486 ὦδε
691 5435 933 5496 κάκεῖσε,
968 5433 1060 5486 καὶ
1088 5432 1264 5500 πάντη
1295 5431 1738 5502 περινοστοῦσαν,
1768 5428 1845 5498 τῷ
1878 5429 1951 5499 μὴ

371 5525 512 5596 ἔχειν
537 5527 840 5580 ἀνάπαυσιν
876 5529 933 5578 ὲν
970 5526 1049 5597 τῷ
1082 5524 1260 5596 θνητῷ
1285 5525 1403 5595 βίῳ,
1436 5527 1572 5594 μόνα
1605 5522 1670 5576 τά
1695 5521 1787 5594 τοῦ
1818 5519 1952 5572 Θεοῦ

372 5619 706 5690 σκηνώματα
745 5620 1030 5688 καταφυγὴ
1059 5621 1125 5688 τῇ
1162 5617 1380 5688 τοιαύτῃ
1413 5617 1622 5685 γέγονε.
1676 5613 1766 5667 Διὸ
1805 5613 1956 5683 εἴρη-

368 5728 460 5764 ται
481 5729 494 5741 ο
519 5710 630 5764 Καὶ
664 5712 772 5780 γὰρ
799 5712 1119 5779 στρουθίον
1146 5706 1321 5782 agger
1352 5708 1540 5775 ἐαυτῷ
1573 5708 1784 5771 οὶκίαν,
1825 5701 1960 5757 ἀλλὰ

2055 4612 2308 4667 amabilia
2353 4627 2476 4667 esse
2533 4609 2728 4677 fateri,
2763 4610 2983 4680 quando
3024 4624 3088 4666 ea
3120 4607 3391 4679 refugium
3428 4604 3628 4674 cuique

2057 4706 2208 4762 fuere
2230 4709 2322 4776 qui
2349 4705 2534 4760 dicere
2553 4703 2780 4768 valeret,
2814 4703 3010 4757 Anima
3044 4709 3228 4756 nostra
3265 4699 3400 4753 sicut
3445 4711 3630 4764 passer

2054 4808 2232 4867 erepta
2259 4805 2336 4852 est
2358 4796 2420 4850 de
2445 4795 2630 4865 laqueo
2658 4794 2958 4848 venantium
2985 4791 3068 4857 ²⁵;
3102 4805 3166 4844 ac
3195 4803 3413 4844 rursum
3446 4787 3496 4841 ei
3535 4786 3629 4855 qui

2054 4886 2218 4951 dicat,
2249 4885 2314 4938 In
2348 4885 2574 4938 Domino
2612 4881 2819 4952 conﬁdo
2845 4923 2861 4946 ,
2920 4879 3178 4952 quomodo
3227 4878 3410 4932 dicetis
3439 4877 3630 4929 anima:

2055 4994 2221 5032 mete:
2251 4976 2593 5046 Transmigra
2619 4976 2675 5028 in
2704 4983 2930 5027 montem
2951 4973 3087 5026 sicut
3115 4971 3338 5038 passer?
3365 4968 3629 5034 Quoniam

2055 5085 2169 5123 ecce
2206 5076 2502 5136 peccatores
2531 5066 2866 5119 intenderunt
2924 5077 3134 5124 arcum,
3161 5067 3483 5128 paraverunt
3541 5074 3631 5112 sa-

2055 5161 2216 5230 gittas
2246 5175 2371 5212 suas
2405 5159 2460 5210 in
2492 5157 2740 5226 pharetra
2763 5157 2830 5208 ’⁸.
2863 5151 2999 5205 Nam
3033 5166 3158 5206 cum
3201 5150 3356 5221 multi
3389 5150 3500 5204 sint
3537 5149 3631 5220 qui

2058 5249 2297 5318 religiosi
2334 5249 2435 5302 viri
2457 5248 2691 5302 animam
2718 5261 2817 5301 ceu
2842 5243 3052 5314 laqueis
3081 5243 3430 5312 intercipere,
3465 5248 3520 5296 et
3546 5255 3632 5296 re-

2061 5333 2208 5396 tibus
2237 5354 2336 5394 ceu
2379 5336 2566 5392 venari
2598 5345 2892 5397 conantur,
2926 5349 3051 5388 cum
3103 5347 3164 5387 ea
3195 5333 3340 5386 ultro
3385 5331 3634 5402 citroque

2058 5431 2234 5486 evolet
2257 5444 2320 5484 ac
2350 5429 2778 5496 circumquaque
2808 5441 2866 5481 se
2884 5433 3078 5488 vertat,
3103 5423 3248 5494 quod
3277 5423 3330 5477 in
3353 5423 3456 5476 hac
3484 5438 3631 5477 mor-

2059 5523 2154 5576 tali
2187 5523 2318 5588 vita,
2350 5520 2536 5592 requie
2568 5519 2717 5572 nulla
2766 5517 3010 5583 fruatur,
3042 5516 3096 5570 in
3144 5516 3277 5571 solis
3311 5515 3401 5570 Dei
3449 5515 3631 5570 taber-

2061 5613 2273 5667 naculis
2332 5619 2609 5679 receptum
2663 5607 2865 5662 habere
2922 5608 3116 5676 potuit.
3159 5605 3497 5675 Quapropter
3550 5603 3632 5656 di-

2067 5715 2212 5759 ctum
2269 5713 2391 5762 cst'
2469 5702 2674 5754 Etenim
2739 5717 2920 5770 passer
2971 5701 3168 5762 incesti;
3216 5699 3316 5758 sibi
3379 5698 3634 5762 domum,

445 5867 484 5898 ²¹
531 5861 721 5920 Matth.
761 5881 928 5932 ιινιιι,
959 5865 1048 5922 20.
1127 5868 1170 5900 “
1212 5819 1402 5921 Matth.
1443 5881 1564 5932 xm,
1603 5865 1687 5920 Π.
1765 5861 1988 5940 "Psal.
2029 5877 2197 5929 ειιιιι,
2234 5861 2284 5916 Ii.
2366 5862 2409 5894 "‘
2450 5859 2598 5918 Psal.
2633 5875 2844 5929 CXXIII,
2883 5859 2930 5912 7.
3009 5859 3052 5890 ³⁵
3091 5855 3238 5914 Psai.
3277 5871 3344 5920 ιι,
3379 5851 3516 5921 2,3.
