  <div class='ocr_page' id='page_1' title='image "/cluster/home/n/w/nwhite01/storage/ocr_20150623/23/nnc1.0046978313/530.png"; bbox 0 0 4078 6432; ppageno 0'>
   <div class='ocr_carea' id='block_1_1' title="bbox 373 507 515 566">
    <p class='ocr_par' dir='ltr' id='par_1_1' title="bbox 373 507 515 566">
     <span class='ocr_line' id='line_1_1' title="bbox 373 507 515 566; baseline -0.021 0"><span class='ocrx_word' id='word_1_1' title='bbox 373 507 515 566; x_wconf 67' lang='grc'><strong>1609</strong></span> 
     </span>
    </p>
   </div>
   <div class='ocr_carea' id='block_1_2' title="bbox 1517 499 2503 563">
    <p class='ocr_par' dir='ltr' id='par_1_2' title="bbox 1517 499 2503 563">
     <span class='ocr_line' id='line_1_2' title="bbox 1517 499 2503 563; baseline -0.007 -1"><span class='ocrx_word' id='word_1_2' title='bbox 1517 503 2024 563; x_wconf 79' lang='lat' dir='ltr'><strong>COMMENTARIA</strong></span> <span class='ocrx_word' id='word_1_3' title='bbox 2060 502 2127 558; x_wconf 81' lang='lat' dir='ltr'><strong>IN</strong></span> <span class='ocrx_word' id='word_1_4' title='bbox 2165 499 2503 558; x_wconf 80' lang='lat' dir='ltr'><strong>PSALMOS.</strong></span> 
     </span>
    </p>
   </div>
   <div class='ocr_carea' id='block_1_3' title="bbox 3499 499 3637 556">
    <p class='ocr_par' dir='ltr' id='par_1_3' title="bbox 3499 499 3637 556">
     <span class='ocr_line' id='line_1_3' title="bbox 3499 499 3637 556; baseline 0 -1"><span class='ocrx_word' id='word_1_5' title='bbox 3499 499 3637 556; x_wconf 67' lang='lat'><strong>1310</strong></span> 
     </span>
    </p>
   </div>
   <div class='ocr_carea' id='block_1_4' title="bbox 370 610 1958 688">
    <p class='ocr_par' dir='ltr' id='par_1_4' title="bbox 370 618 1958 688">
     <span class='ocr_line' id='line_1_4' title="bbox 370 618 1958 688; baseline -0.003 -14"><span class='ocrx_word' id='word_1_6' title='bbox 370 621 493 675; x_wconf 79' lang='grc' dir='ltr'>οὐδὲ</span> <span class='ocrx_word' id='word_1_7' title='bbox 542 619 605 675; x_wconf 88' lang='grc' dir='ltr'><strong>τὸ</strong></span> <span class='ocrx_word' id='word_1_8' title='bbox 649 622 917 676; x_wconf 86' lang='grc' dir='ltr'>’ῐουδαίων</span> <span class='ocrx_word' id='word_1_9' title='bbox 950 621 1123 688; x_wconf 70' lang='grc' dir='ltr'>ἔθνος,</span> <span class='ocrx_word' id='word_1_10' title='bbox 1175 620 1289 675; x_wconf 85' lang='grc' dir='ltr'>ἀλλ’</span> <span class='ocrx_word' id='word_1_11' title='bbox 1330 618 1664 684; x_wconf 79' lang='grc' dir='ltr'>ἁπαξαπλῶς</span> <span class='ocrx_word' id='word_1_12' title='bbox 1720 618 1958 680; x_wconf 72' lang='grc' dir='ltr'>ἅπαντας</span> 
     </span>
    </p>
   </div>
   <div class='ocr_carea' id='block_1_5' title="bbox 2061 610 3642 688">
    <p class='ocr_par' dir='ltr' id='par_1_5' title="bbox 2067 610 3642 685">
     <span class='ocr_line' id='line_1_5' title="bbox 2067 610 3642 685; baseline -0.003 -14"><span class='ocrx_word' id='word_1_13' title='bbox 2067 616 2213 671; x_wconf 90' lang='lat' dir='ltr'><strong>enim</strong></span> <span class='ocrx_word' id='word_1_14' title='bbox 2245 615 2432 681; x_wconf 80' lang='lat' dir='ltr'><strong>fuerit,</strong></span> <span class='ocrx_word' id='word_1_15' title='bbox 2469 629 2632 685; x_wconf 89' lang='lat' dir='ltr'><strong>quam</strong></span> <span class='ocrx_word' id='word_1_16' title='bbox 2671 613 2837 670; x_wconf 88' lang='lat' dir='ltr'><strong>Deum</strong></span> <span class='ocrx_word' id='word_1_17' title='bbox 2868 628 3027 669; x_wconf 87' lang='lat' dir='ltr'><strong>suum</strong></span> <span class='ocrx_word' id='word_1_18' title='bbox 3062 623 3117 669; x_wconf 90' lang='lat' dir='ltr'><strong>et</strong></span> <span class='ocrx_word' id='word_1_19' title='bbox 3162 610 3450 667; x_wconf 89' lang='lat' dir='ltr'><strong>Dominum</strong></span> <span class='ocrx_word' id='word_1_20' title='bbox 3475 611 3642 667; x_wconf 67' lang='lat' dir='ltr'><strong>vinus-</strong></span> 
     </span>
    </p>
   </div>
   <div class='ocr_carea' id='block_1_6' title="bbox 369 708 1957 784">
    <p class='ocr_par' dir='ltr' id='par_1_6' title="bbox 369 708 1957 784">
     <span class='ocr_line' id='line_1_6' title="bbox 369 708 1957 784; baseline -0.003 -17"><span class='ocrx_word' id='word_1_21' title='bbox 369 715 497 777; x_wconf 85' lang='grc' dir='ltr'>τοὺς</span> <span class='ocrx_word' id='word_1_22' title='bbox 527 714 914 778; x_wconf 78' lang='grc' dir='ltr'><strong>κατοικοῦντας</strong></span> <span class='ocrx_word' id='word_1_23' title='bbox 946 716 1004 767; x_wconf 82' lang='grc' dir='ltr'>ὲν</span> <span class='ocrx_word' id='word_1_24' title='bbox 1032 713 1110 784; x_wconf 79' lang='grc' dir='ltr'>τῷ</span> <span class='ocrx_word' id='word_1_25' title='bbox 1136 712 1271 783; x_wconf 78' lang='grc' dir='ltr'>οἴκῳ</span> <span class='ocrx_word' id='word_1_26' title='bbox 1311 710 1403 766; x_wconf 91' lang='grc' dir='ltr'><strong>τοῦ</strong></span> <span class='ocrx_word' id='word_1_27' title='bbox 1448 710 1601 764; x_wconf 83' lang='grc' dir='ltr'><strong>Θεοῦ.</strong></span> <span class='ocrx_word' id='word_1_28' title='bbox 1638 710 1703 762; x_wconf 87' lang='grc' dir='ltr'>Τί</span> <span class='ocrx_word' id='word_1_29' title='bbox 1738 709 1848 781; x_wconf 89' lang='grc' dir='ltr'><strong>γὰρ</strong></span> <span class='ocrx_word' id='word_1_30' title='bbox 1890 708 1957 762; x_wconf 82' lang='grc' dir='ltr'>ἂν</span> 
     </span>
    </p>
   </div>
   <div class='ocr_carea' id='block_1_7' title="bbox 372 800 1957 876">
    <p class='ocr_par' dir='ltr' id='par_1_7' title="bbox 372 800 1957 876">
     <span class='ocr_line' id='line_1_7' title="bbox 372 800 1957 876; baseline -0.004 -17"><span class='ocrx_word' id='word_1_31' title='bbox 372 806 582 874; x_wconf 81' lang='grc' dir='ltr'>γένοιτο</span> <span class='ocrx_word' id='word_1_32' title='bbox 631 805 847 876; x_wconf 88' lang='grc' dir='ltr'>ἀληθῶς</span> <span class='ocrx_word' id='word_1_33' title='bbox 895 805 1307 876; x_wconf 82' lang='grc' dir='ltr'>μακαριώτερον</span> <span class='ocrx_word' id='word_1_34' title='bbox 1337 803 1431 857; x_wconf 86' lang='grc' dir='ltr'><strong>τοῦ</strong></span> <span class='ocrx_word' id='word_1_35' title='bbox 1478 802 1701 872; x_wconf 77' lang='grc' dir='ltr'><strong>βασιλέα</strong></span> <span class='ocrx_word' id='word_1_36' title='bbox 1739 802 1836 872; x_wconf 81' lang='grc' dir='ltr'>μὲν</span> <span class='ocrx_word' id='word_1_37' title='bbox 1865 800 1957 853; x_wconf 88' lang='grc' dir='ltr'><strong>τὸν</strong></span> 
     </span>
    </p>
   </div>
   <div class='ocr_carea' id='block_1_8' title="bbox 371 891 1959 966">
    <p class='ocr_par' dir='ltr' id='par_1_8' title="bbox 371 891 1959 966">
     <span class='ocr_line' id='line_1_8' title="bbox 371 891 1959 966; baseline -0.004 -18"><span class='ocrx_word' id='word_1_38' title='bbox 371 895 504 948; x_wconf 83' lang='grc' dir='ltr'>Θεὸν</span> <span class='ocrx_word' id='word_1_39' title='bbox 539 896 724 961; x_wconf 79' lang='grc' dir='ltr'>αὑτοῦ,</span> <span class='ocrx_word' id='word_1_40' title='bbox 756 898 849 949; x_wconf 75' lang='grc' dir='ltr'>καὶ</span> <span class='ocrx_word' id='word_1_41' title='bbox 896 896 985 949; x_wconf 90' lang='grc' dir='ltr'><strong>τὸν</strong></span> <span class='ocrx_word' id='word_1_42' title='bbox 1030 894 1233 966; x_wconf 79' lang='grc' dir='ltr'>Κύριον</span> <span class='ocrx_word' id='word_1_43' title='bbox 1279 893 1385 947; x_wconf 91' lang='grc' dir='ltr'><strong>τῶν</strong></span> <span class='ocrx_word' id='word_1_44' title='bbox 1417 893 1698 963; x_wconf 82' lang='grc' dir='ltr'><strong>δυνάμεων</strong></span> <span class='ocrx_word' id='word_1_45' title='bbox 1729 891 1959 963; x_wconf 80' lang='grc' dir='ltr'>ἐπιγρά-</span> 
     </span>
    </p>
   </div>
   <div class='ocr_carea' id='block_1_9' title="bbox 373 978 1959 1055">
    <p class='ocr_par' dir='ltr' id='par_1_9' title="bbox 373 978 1959 1055">
     <span class='ocr_line' id='line_1_9' title="bbox 373 978 1959 1055; baseline -0.001 -17"><span class='ocrx_word' id='word_1_46' title='bbox 373 985 589 1055; x_wconf 84' lang='grc' dir='ltr'>φεσθαι,</span> <span class='ocrx_word' id='word_1_47' title='bbox 625 989 793 1040; x_wconf 85' lang='grc' dir='ltr'>οίκεῖν</span> <span class='ocrx_word' id='word_1_48' title='bbox 839 987 896 1040; x_wconf 85' lang='grc' dir='ltr'>δὲ</span> <span class='ocrx_word' id='word_1_49' title='bbox 936 987 1025 1040; x_wconf 84' lang='grc' dir='ltr'><strong>τὸν</strong></span> <span class='ocrx_word' id='word_1_50' title='bbox 1074 982 1221 1040; x_wconf 77' lang='grc' dir='ltr'>οἷκον</span> <span class='ocrx_word' id='word_1_51' title='bbox 1260 984 1427 1039; x_wconf 82' lang='grc' dir='ltr'>αὐτοῦ</span> <span class='ocrx_word' id='word_1_52' title='bbox 1469 983 1751 1054; x_wconf 78' lang='grc' dir='ltr'><strong>διηνεκῶς,</strong></span> <span class='ocrx_word' id='word_1_53' title='bbox 1797 981 1857 1046; x_wconf 75' lang='grc' dir='ltr'>ἐξ</span> <span class='ocrx_word' id='word_1_54' title='bbox 1896 978 1959 1036; x_wconf 78' lang='grc' dir='ltr'><strong>οῦ</strong></span> 
     </span>
    </p>
   </div>
   <div class='ocr_carea' id='block_1_10' title="bbox 373 1072 1956 1149">
    <p class='ocr_par' dir='ltr' id='par_1_10' title="bbox 373 1072 1956 1149">
     <span class='ocr_line' id='line_1_10' title="bbox 373 1072 1956 1149; baseline -0.003 -18"><span class='ocrx_word' id='word_1_55' title='bbox 373 1077 655 1149; x_wconf 78' lang='grc' dir='ltr'>πορίζεται</span> <span class='ocrx_word' id='word_1_56' title='bbox 687 1081 718 1149; x_wconf 82' lang='grc' dir='ltr'>ἡ</span> <span class='ocrx_word' id='word_1_57' title='bbox 747 1079 838 1131; x_wconf 91' lang='grc' dir='ltr'><strong>τοῦ</strong></span> <span class='ocrx_word' id='word_1_58' title='bbox 877 1078 1010 1131; x_wconf 90' lang='grc' dir='ltr'>Θεοῦ</span> <span class='ocrx_word' id='word_1_59' title='bbox 1046 1077 1311 1131; x_wconf 84' lang='grc' dir='ltr'>ἀθανασία</span> <span class='ocrx_word' id='word_1_60' title='bbox 1343 1076 1436 1129; x_wconf 75' lang='grc' dir='ltr'><strong>καὶ</strong></span> <span class='ocrx_word' id='word_1_61' title='bbox 1486 1077 1520 1146; x_wconf 83' lang='grc' dir='ltr'>ἡ</span> <span class='ocrx_word' id='word_1_62' title='bbox 1564 1072 1782 1137; x_wconf 82' lang='grc' dir='ltr'>αἰώνιος</span> <span class='ocrx_word' id='word_1_63' title='bbox 1809 1073 1956 1145; x_wconf 66' lang='lat' dir='ltr'><strong>Coiﬁ;</strong></span> 
     </span>
    </p>
   </div>
   <div class='ocr_carea' id='block_1_11' title="bbox 373 1164 1960 1241">
    <p class='ocr_par' dir='ltr' id='par_1_11' title="bbox 373 1164 1960 1241">
     <span class='ocr_line' id='line_1_11' title="bbox 373 1164 1960 1241; baseline -0.004 -18"><span class='ocrx_word' id='word_1_64' title='bbox 373 1172 543 1224; x_wconf 88' lang='grc' dir='ltr'>Τοῦτο</span> <span class='ocrx_word' id='word_1_65' title='bbox 572 1169 703 1239; x_wconf 88' lang='grc' dir='ltr'>γοῦν</span> <span class='ocrx_word' id='word_1_66' title='bbox 733 1169 1058 1241; x_wconf 83' lang='grc' dir='ltr'>παρίστησιν</span> <span class='ocrx_word' id='word_1_67' title='bbox 1106 1172 1135 1223; x_wconf 98' lang='lat'><strong>6</strong></span> <span class='ocrx_word' id='word_1_68' title='bbox 1173 1170 1330 1239; x_wconf 86' lang='grc' dir='ltr'>λόγος</span> <span class='ocrx_word' id='word_1_69' title='bbox 1373 1168 1627 1238; x_wconf 81' lang='grc' dir='ltr'>φάσκων·</span> <span class='ocrx_word' id='word_1_70' title='bbox 1679 1168 1783 1232; x_wconf 65' lang='lat' dir='ltr'><strong>Ei;-</strong></span> <span class='ocrx_word' id='word_1_71' title='bbox 1817 1164 1960 1230; x_wconf 88' lang='grc' dir='ltr'>τοὺς</span> 
     </span>
    </p>
   </div>
   <div class='ocr_carea' id='block_1_12' title="bbox 372 1251 1960 1325">
    <p class='ocr_par' dir='ltr' id='par_1_12' title="bbox 372 1251 1960 1325">
     <span class='ocr_line' id='line_1_12' title="bbox 372 1251 1960 1325; baseline -0.007 -10"><span class='ocrx_word' id='word_1_72' title='bbox 372 1261 593 1325; x_wconf 76' lang='grc' dir='ltr'>αἰῶνας</span> <span class='ocrx_word' id='word_1_73' title='bbox 627 1258 745 1312; x_wconf 84' lang='grc' dir='ltr'><strong>τῶν</strong></span> <span class='ocrx_word' id='word_1_74' title='bbox 781 1258 1011 1313; x_wconf 58' lang='lat' dir='ltr'><strong>didm-nr</strong></span> <span class='ocrx_word' id='word_1_75' title='bbox 1046 1257 1364 1311; x_wconf 78' lang='grc' dir='ltr'>αἱνέσουσι</span> <span class='ocrx_word' id='word_1_76' title='bbox 1401 1272 1474 1310; x_wconf 87' lang='grc' dir='ltr'><strong>σε</strong></span> <span class='ocrx_word' id='word_1_77' title='bbox 1516 1258 1569 1309; x_wconf 83' lang='grc' dir='ltr'>οἱ</span> <span class='ocrx_word' id='word_1_78' title='bbox 1614 1251 1960 1307; x_wconf 81' lang='grc' dir='ltr'>κατοικοῦν-</span> 
     </span>
    </p>
   </div>
   <div class='ocr_carea' id='block_1_13' title="bbox 372 1342 1961 1421">
    <p class='ocr_par' dir='ltr' id='par_1_13' title="bbox 372 1342 1961 1421">
     <span class='ocr_line' id='line_1_13' title="bbox 372 1342 1961 1421; baseline -0.006 -14"><span class='ocrx_word' id='word_1_79' title='bbox 372 1370 474 1421; x_wconf 85' lang='grc' dir='ltr'><strong>τες</strong></span> <span class='ocrx_word' id='word_1_80' title='bbox 509 1355 580 1407; x_wconf 82' lang='grc' dir='ltr'>ἐν</span> <span class='ocrx_word' id='word_1_81' title='bbox 604 1351 685 1417; x_wconf 85' lang='grc' dir='ltr'>τῷ</span> <span class='ocrx_word' id='word_1_82' title='bbox 726 1353 870 1419; x_wconf 78' lang='grc' dir='ltr'>οἴκῳ</span> <span class='ocrx_word' id='word_1_83' title='bbox 906 1365 1042 1405; x_wconf 87' lang='grc' dir='ltr'>σου.</span> <span class='ocrx_word' id='word_1_84' title='bbox 1063 1342 1199 1414; x_wconf 59' lang='grc' dir='ltr'>’Πῶς</span> <span class='ocrx_word' id='word_1_85' title='bbox 1236 1350 1279 1402; x_wconf 85' lang='grc' dir='ltr'>δ’</span> <span class='ocrx_word' id='word_1_86' title='bbox 1320 1349 1385 1403; x_wconf 85' lang='grc' dir='ltr'>ἂν</span> <span class='ocrx_word' id='word_1_87' title='bbox 1422 1347 1596 1411; x_wconf 84' lang='grc' dir='ltr'>ἄλλως</span> <span class='ocrx_word' id='word_1_88' title='bbox 1628 1346 1841 1400; x_wconf 89' lang='grc' dir='ltr'>δύναιτό</span> <span class='ocrx_word' id='word_1_89' title='bbox 1877 1362 1961 1407; x_wconf 87' lang='grc' dir='ltr'><strong>τις</strong></span> 
     </span>
    </p>
   </div>
   <div class='ocr_carea' id='block_1_14' title="bbox 375 1439 1962 1510">
    <p class='ocr_par' dir='ltr' id='par_1_14' title="bbox 375 1439 1962 1510">
     <span class='ocr_line' id='line_1_14' title="bbox 375 1439 1962 1510; baseline -0.004 -12"><span class='ocrx_word' id='word_1_90' title='bbox 375 1449 456 1508; x_wconf 74' lang='grc' dir='ltr'><strong>εἰς</strong></span> <span class='ocrx_word' id='word_1_91' title='bbox 479 1446 604 1507; x_wconf 82' lang='grc' dir='ltr'>τοὺς</span> <span class='ocrx_word' id='word_1_92' title='bbox 637 1444 838 1506; x_wconf 88' lang='grc' dir='ltr'>αίῶνας</span> <span class='ocrx_word' id='word_1_93' title='bbox 860 1442 969 1495; x_wconf 80' lang='grc' dir='ltr'><strong>τῶν</strong></span> <span class='ocrx_word' id='word_1_94' title='bbox 997 1442 1206 1496; x_wconf 82' lang='grc' dir='ltr'>αἰώνων</span> <span class='ocrx_word' id='word_1_95' title='bbox 1233 1441 1324 1495; x_wconf 90' lang='grc' dir='ltr'><strong>τὸν</strong></span> <span class='ocrx_word' id='word_1_96' title='bbox 1353 1441 1484 1494; x_wconf 87' lang='grc' dir='ltr'>Θεὸν</span> <span class='ocrx_word' id='word_1_97' title='bbox 1514 1442 1683 1493; x_wconf 89' lang='grc' dir='ltr'>αἰνεῖν</span> <span class='ocrx_word' id='word_1_98' title='bbox 1715 1440 1748 1510; x_wconf 76' lang='grc' dir='ltr'><strong>ἢ</strong></span> <span class='ocrx_word' id='word_1_99' title='bbox 1782 1439 1962 1492; x_wconf 89' lang='grc' dir='ltr'>διαιω-</span> 
     </span>
    </p>
   </div>
   <div class='ocr_carea' id='block_1_15' title="bbox 376 1530 1962 1602">
    <p class='ocr_par' dir='ltr' id='par_1_15' title="bbox 376 1530 1962 1602">
     <span class='ocr_line' id='line_1_15' title="bbox 376 1530 1962 1602; baseline -0.006 -10"><span class='ocrx_word' id='word_1_100' title='bbox 376 1538 539 1602; x_wconf 79' lang='grc' dir='ltr'>νίζων</span> <span class='ocrx_word' id='word_1_101' title='bbox 569 1536 663 1590; x_wconf 76' lang='grc' dir='ltr'><strong>καὶ</strong></span> <span class='ocrx_word' id='word_1_102' title='bbox 691 1535 872 1601; x_wconf 83' lang='grc' dir='ltr'>αὐτὸς,</span> <span class='ocrx_word' id='word_1_103' title='bbox 902 1534 1069 1588; x_wconf 80' lang='grc' dir='ltr'>ἀΐδιόν</span> <span class='ocrx_word' id='word_1_104' title='bbox 1094 1551 1155 1587; x_wconf 90' lang='grc' dir='ltr'><strong>τε</strong></span> <span class='ocrx_word' id='word_1_105' title='bbox 1189 1534 1282 1587; x_wconf 79' lang='grc' dir='ltr'>καὶ</span> <span class='ocrx_word' id='word_1_106' title='bbox 1321 1532 1588 1586; x_wconf 89' lang='grc' dir='ltr'>ἀθάνατον</span> <span class='ocrx_word' id='word_1_107' title='bbox 1624 1530 1962 1601; x_wconf 83' lang='grc' dir='ltr'>κεκτημένος</span> 
     </span>
    </p>
   </div>
   <div class='ocr_carea' id='block_1_16' title="bbox 377 1622 1961 1699">
    <p class='ocr_par' dir='ltr' id='par_1_16' title="bbox 377 1622 1961 1699">
     <span class='ocr_line' id='line_1_16' title="bbox 377 1622 1961 1699; baseline -0.005 -16"><span class='ocrx_word' id='word_1_108' title='bbox 377 1630 553 1699; x_wconf 79' lang='grc' dir='ltr'>ζωήν;</span> <span class='ocrx_word' id='word_1_109' title='bbox 585 1626 886 1695; x_wconf 77' lang='grc' dir='ltr'>Μακάριος</span> <span class='ocrx_word' id='word_1_110' title='bbox 922 1626 1077 1694; x_wconf 81' lang='grc' dir='ltr'>ἀνὴρ</span> <span class='ocrx_word' id='word_1_111' title='bbox 1115 1622 1187 1683; x_wconf 82' lang='grc' dir='ltr'>οὗ</span> <span class='ocrx_word' id='word_1_112' title='bbox 1210 1627 1381 1680; x_wconf 82' lang='grc' dir='ltr'>ἐστιν</span> <span class='ocrx_word' id='word_1_113' title='bbox 1407 1625 1730 1693; x_wconf 76' lang='grc' dir='ltr'><strong>ἀντίληψις</strong></span> <span class='ocrx_word' id='word_1_114' title='bbox 1774 1622 1961 1677; x_wconf 82' lang='grc' dir='ltr'>αὑτοῦ</span> 
     </span>
    </p>
   </div>
   <div class='ocr_carea' id='block_1_17' title="bbox 374 1716 1958 1794">
    <p class='ocr_par' dir='ltr' id='par_1_17' title="bbox 374 1716 1958 1794">
     <span class='ocr_line' id='line_1_17' title="bbox 374 1716 1958 1794; baseline -0.006 -15"><span class='ocrx_word' id='word_1_115' title='bbox 374 1726 535 1794; x_wconf 73' lang='grc' dir='ltr'>παρὰ</span> <span class='ocrx_word' id='word_1_116' title='bbox 566 1724 704 1789; x_wconf 90' lang='grc' dir='ltr'>σοῦ,</span> <span class='ocrx_word' id='word_1_117' title='bbox 728 1722 1053 1788; x_wconf 78' lang='grc' dir='ltr'>ἀναϐάσεις</span> <span class='ocrx_word' id='word_1_118' title='bbox 1075 1722 1141 1776; x_wconf 79' lang='grc' dir='ltr'>ἐν</span> <span class='ocrx_word' id='word_1_119' title='bbox 1165 1721 1241 1790; x_wconf 78' lang='grc' dir='ltr'>τῇ</span> <span class='ocrx_word' id='word_1_120' title='bbox 1266 1720 1477 1788; x_wconf 81' lang='grc' dir='ltr'>καρδίᾳ</span> <span class='ocrx_word' id='word_1_121' title='bbox 1504 1718 1689 1773; x_wconf 83' lang='grc' dir='ltr'>αὐτοῦ</span> <span class='ocrx_word' id='word_1_122' title='bbox 1714 1716 1958 1785; x_wconf 85' lang='grc' dir='ltr'>διέθετο,</span> 
     </span>
    </p>
   </div>
   <div class='ocr_carea' id='block_1_18' title="bbox 373 1809 1962 1884">
    <p class='ocr_par' dir='ltr' id='par_1_18' title="bbox 373 1809 1962 1884">
     <span class='ocr_line' id='line_1_18' title="bbox 373 1809 1962 1884; baseline -0.005 -14"><span class='ocrx_word' id='word_1_123' title='bbox 373 1818 461 1881; x_wconf 81' lang='grc' dir='ltr'><strong>είς</strong></span> <span class='ocrx_word' id='word_1_124' title='bbox 496 1815 611 1884; x_wconf 75' lang='grc' dir='ltr'>τὴν</span> <span class='ocrx_word' id='word_1_125' title='bbox 636 1813 889 1868; x_wconf 76' lang='grc' dir='ltr'>κοιλάδα</span> <span class='ocrx_word' id='word_1_126' title='bbox 922 1814 1029 1868; x_wconf 82' lang='grc' dir='ltr'><strong>τοῦ</strong></span> <span class='ocrx_word' id='word_1_127' title='bbox 1075 1811 1485 1881; x_wconf 73' lang='grc' dir='ltr'>κλαυθμῶνος,</span> <span class='ocrx_word' id='word_1_128' title='bbox 1521 1813 1607 1876; x_wconf 82' lang='grc' dir='ltr'><strong>είς</strong></span> <span class='ocrx_word' id='word_1_129' title='bbox 1642 1809 1750 1864; x_wconf 83' lang='grc' dir='ltr'><strong>τόν</strong></span> <span class='ocrx_word' id='word_1_130' title='bbox 1775 1809 1962 1863; x_wconf 81' lang='grc' dir='ltr'>τόπον</span> 
     </span>
    </p>
   </div>
   <div class='ocr_carea' id='block_1_19' title="bbox 371 1900 1961 1977">
    <p class='ocr_par' dir='ltr' id='par_1_19' title="bbox 371 1900 1961 1977">
     <span class='ocr_line' id='line_1_19' title="bbox 371 1900 1961 1977; baseline -0.005 -17"><span class='ocrx_word' id='word_1_131' title='bbox 371 1907 446 1960; x_wconf 81' lang='grc' dir='ltr'>ὃν</span> <span class='ocrx_word' id='word_1_132' title='bbox 475 1907 660 1963; x_wconf 76' lang='grc' dir='ltr'>ἔθετο.</span> <span class='ocrx_word' id='word_1_133' title='bbox 689 1905 992 1977; x_wconf 86' lang='grc' dir='ltr'>Πληρώσας</span> <span class='ocrx_word' id='word_1_134' title='bbox 1025 1905 1116 1957; x_wconf 92' lang='grc' dir='ltr'><strong>τὸν</strong></span> <span class='ocrx_word' id='word_1_135' title='bbox 1162 1904 1353 1974; x_wconf 81' lang='grc' dir='ltr'>εἱρμὸν</span> <span class='ocrx_word' id='word_1_136' title='bbox 1386 1905 1480 1957; x_wconf 61' lang='grc' dir='ltr'><strong>καὶ¹</strong></span> <span class='ocrx_word' id='word_1_137' title='bbox 1510 1902 1611 1974; x_wconf 76' lang='grc' dir='ltr'><strong>τὴν</strong></span> <span class='ocrx_word' id='word_1_138' title='bbox 1642 1900 1961 1955; x_wconf 82' lang='grc' dir='ltr'>ἀκολουθίαν</span> 
     </span>
    </p>
   </div>
   <div class='ocr_carea' id='block_1_20' title="bbox 2065 704 3643 778">
    <p class='ocr_par' dir='ltr' id='par_1_20' title="bbox 2065 704 3643 778">
     <span class='ocr_line' id='line_1_20' title="bbox 2065 704 3643 778; baseline 0.001 -16"><span class='ocrx_word' id='word_1_139' title='bbox 2065 715 2180 762; x_wconf 88' lang='lat' dir='ltr'><strong>tum</strong></span> <span class='ocrx_word' id='word_1_140' title='bbox 2206 706 2261 761; x_wconf 92' lang='lat' dir='ltr'><strong>in</strong></span> <span class='ocrx_word' id='word_1_141' title='bbox 2292 722 2474 778; x_wconf 88' lang='lat' dir='ltr'><strong>regem</strong></span> <span class='ocrx_word' id='word_1_142' title='bbox 2522 706 2628 763; x_wconf 86' lang='lat' dir='ltr'><strong>sibi</strong></span> <span class='ocrx_word' id='word_1_143' title='bbox 2676 706 2971 772; x_wconf 84' lang='lat' dir='ltr'><strong>ascribere,</strong></span> <span class='ocrx_word' id='word_1_144' title='bbox 3003 712 3058 761; x_wconf 91' lang='lat' dir='ltr'><strong>et</strong></span> <span class='ocrx_word' id='word_1_145' title='bbox 3095 706 3151 759; x_wconf 91' lang='lat' dir='ltr'><strong>in</strong></span> <span class='ocrx_word' id='word_1_146' title='bbox 3180 704 3342 759; x_wconf 87' lang='lat' dir='ltr'><strong>domo</strong></span> <span class='ocrx_word' id='word_1_147' title='bbox 3367 704 3486 773; x_wconf 86' lang='lat' dir='ltr'><strong>ejus</strong></span> <span class='ocrx_word' id='word_1_148' title='bbox 3515 719 3643 774; x_wconf 58' lang='lat' dir='ltr'><strong>pes-</strong></span> 
     </span>
    </p>
   </div>
   <div class='ocr_carea' id='block_1_21' title="bbox 2065 796 3639 869">
    <p class='ocr_par' dir='ltr' id='par_1_21' title="bbox 2065 796 3639 869">
     <span class='ocr_line' id='line_1_21' title="bbox 2065 796 3639 869; baseline -0.003 -15"><span class='ocrx_word' id='word_1_149' title='bbox 2065 808 2231 869; x_wconf 88' lang='lat' dir='ltr'><strong>petuo</strong></span> <span class='ocrx_word' id='word_1_150' title='bbox 2266 800 2535 867; x_wconf 92' lang='lat' dir='ltr'><strong>habitare,</strong></span> <span class='ocrx_word' id='word_1_151' title='bbox 2567 815 2632 855; x_wconf 83' lang='lat' dir='ltr'><strong>ex</strong></span> <span class='ocrx_word' id='word_1_152' title='bbox 2659 814 2768 869; x_wconf 90' lang='lat' dir='ltr'><strong>quo</strong></span> <span class='ocrx_word' id='word_1_153' title='bbox 2800 797 2897 853; x_wconf 93' lang='lat' dir='ltr'><strong>Dei</strong></span> <span class='ocrx_word' id='word_1_154' title='bbox 2934 796 3317 852; x_wconf 75' lang='lat' dir='ltr'><strong>immortalitas</strong></span> <span class='ocrx_word' id='word_1_155' title='bbox 3342 802 3396 850; x_wconf 92' lang='lat' dir='ltr'><strong>et</strong></span> <span class='ocrx_word' id='word_1_156' title='bbox 3433 802 3639 850; x_wconf 62' lang='lat' dir='ltr'><strong>aeterna</strong></span> 
     </span>
    </p>
   </div>
   <div class='ocr_carea' id='block_1_22' title="bbox 2064 886 3638 962">
    <p class='ocr_par' dir='ltr' id='par_1_22' title="bbox 2064 886 3638 962">
     <span class='ocr_line' id='line_1_22' title="bbox 2064 886 3638 962; baseline -0.004 -16"><span class='ocrx_word' id='word_1_157' title='bbox 2064 893 2175 946; x_wconf 83' lang='lat' dir='ltr'><strong>vita</strong></span> <span class='ocrx_word' id='word_1_158' title='bbox 2202 892 2590 962; x_wconf 80' lang='lat' dir='ltr'><strong>comparatur?</strong></span> <span class='ocrx_word' id='word_1_159' title='bbox 2625 891 2682 945; x_wconf 88' lang='lat' dir='ltr'><strong>ld</strong></span> <span class='ocrx_word' id='word_1_160' title='bbox 2716 904 2849 945; x_wconf 86' lang='lat' dir='ltr'><strong>sane</strong></span> <span class='ocrx_word' id='word_1_161' title='bbox 2878 888 3122 945; x_wconf 80' lang='lat' dir='ltr'><strong>declarat</strong></span> <span class='ocrx_word' id='word_1_162' title='bbox 3149 886 3284 941; x_wconf 91' lang='lat' dir='ltr'><strong>illud</strong></span> <span class='ocrx_word' id='word_1_163' title='bbox 3315 902 3328 937; x_wconf 89' lang='lat'>:</span> <span class='ocrx_word' id='word_1_164' title='bbox 3355 886 3460 952; x_wconf 78' lang='lat' dir='ltr'><strong>Qui</strong></span> <span class='ocrx_word' id='word_1_165' title='bbox 3484 886 3638 939; x_wconf 75' lang='lat' dir='ltr'><strong>habi-</strong></span> 
     </span>
    </p>
   </div>
   <div class='ocr_carea' id='block_1_23' title="bbox 2066 978 3641 1046">
    <p class='ocr_par' dir='ltr' id='par_1_23' title="bbox 2066 978 3641 1046">
     <span class='ocr_line' id='line_1_23' title="bbox 2066 978 3641 1046; baseline -0.004 -10"><span class='ocrx_word' id='word_1_166' title='bbox 2066 992 2181 1038; x_wconf 86' lang='lat' dir='ltr'><strong>tant</strong></span> <span class='ocrx_word' id='word_1_167' title='bbox 2218 984 2272 1036; x_wconf 88' lang='lat' dir='ltr'><strong>in</strong></span> <span class='ocrx_word' id='word_1_168' title='bbox 2302 980 2458 1035; x_wconf 88' lang='lat' dir='ltr'><strong>domo</strong></span> <span class='ocrx_word' id='word_1_169' title='bbox 2506 992 2618 1046; x_wconf 67' lang='lat' dir='ltr'><strong>tua,</strong></span> <span class='ocrx_word' id='word_1_170' title='bbox 2649 981 2704 1034; x_wconf 90' lang='lat' dir='ltr'><strong>in</strong></span> <span class='ocrx_word' id='word_1_171' title='bbox 2735 980 2933 1035; x_wconf 66' lang='lat' dir='ltr'><strong>sarcula</strong></span> <span class='ocrx_word' id='word_1_172' title='bbox 2978 978 3295 1035; x_wconf 76' lang='lat' dir='ltr'><strong>swculorum</strong></span> <span class='ocrx_word' id='word_1_173' title='bbox 3347 978 3641 1031; x_wconf 67' lang='lat' dir='ltr'><strong>laudabunt</strong></span> 
     </span>
    </p>
   </div>
   <div class='ocr_carea' id='block_1_24' title="bbox 2068 1069 3639 1141">
    <p class='ocr_par' dir='ltr' id='par_1_24' title="bbox 2068 1069 3639 1141">
     <span class='ocr_line' id='line_1_24' title="bbox 2068 1069 3639 1141; baseline -0.001 -14"><span class='ocrx_word' id='word_1_174' title='bbox 2068 1083 2134 1129; x_wconf 87' lang='lat' dir='ltr'><strong>te.</strong></span> <span class='ocrx_word' id='word_1_175' title='bbox 2171 1073 2290 1140; x_wconf 83' lang='lat' dir='ltr'><strong>Qua</strong></span> <span class='ocrx_word' id='word_1_176' title='bbox 2322 1073 2535 1127; x_wconf 85' lang='lat' dir='ltr'><strong>ratione</strong></span> <span class='ocrx_word' id='word_1_177' title='bbox 2574 1079 2752 1126; x_wconf 89' lang='lat' dir='ltr'><strong>autem</strong></span> <span class='ocrx_word' id='word_1_178' title='bbox 2782 1072 2907 1141; x_wconf 88' lang='lat' dir='ltr'><strong>quis</strong></span> <span class='ocrx_word' id='word_1_179' title='bbox 2934 1070 3112 1126; x_wconf 86' lang='lat' dir='ltr'><strong>valeat</strong></span> <span class='ocrx_word' id='word_1_180' title='bbox 3146 1069 3202 1124; x_wconf 92' lang='lat' dir='ltr'><strong>in</strong></span> <span class='ocrx_word' id='word_1_181' title='bbox 3232 1070 3429 1125; x_wconf 69' lang='lat' dir='ltr'><strong>sazcula</strong></span> <span class='ocrx_word' id='word_1_182' title='bbox 3464 1086 3639 1125; x_wconf 66' lang='lat' dir='ltr'><strong>saecu-</strong></span> 
     </span>
    </p>
   </div>
   <div class='ocr_carea' id='block_1_25' title="bbox 2067 1163 3643 1233">
    <p class='ocr_par' dir='ltr' id='par_1_25' title="bbox 2067 1163 3643 1233">
     <span class='ocr_line' id='line_1_25' title="bbox 2067 1163 3643 1233; baseline -0.002 -14"><span class='ocrx_word' id='word_1_183' title='bbox 2067 1167 2245 1220; x_wconf 89' lang='lat' dir='ltr'><strong>lorum</strong></span> <span class='ocrx_word' id='word_1_184' title='bbox 2295 1164 2462 1219; x_wconf 91' lang='lat' dir='ltr'><strong>Deum</strong></span> <span class='ocrx_word' id='word_1_185' title='bbox 2512 1164 2755 1225; x_wconf 87' lang='lat' dir='ltr'><strong>laudare,</strong></span> <span class='ocrx_word' id='word_1_186' title='bbox 2791 1163 2899 1218; x_wconf 86' lang='lat' dir='ltr'><strong>nisi</strong></span> <span class='ocrx_word' id='word_1_187' title='bbox 2945 1169 3001 1218; x_wconf 89' lang='lat' dir='ltr'><strong>et</strong></span> <span class='ocrx_word' id='word_1_188' title='bbox 3047 1163 3164 1233; x_wconf 87' lang='lat' dir='ltr'><strong>ipse</strong></span> <span class='ocrx_word' id='word_1_189' title='bbox 3212 1170 3476 1232; x_wconf 88' lang='lat' dir='ltr'><strong>perpetuo</strong></span> <span class='ocrx_word' id='word_1_190' title='bbox 3531 1178 3643 1217; x_wconf 81' lang='lat' dir='ltr'><strong>nu-</strong></span> 
     </span>
    </p>
   </div>
   <div class='ocr_carea' id='block_1_26' title="bbox 2067 1250 3644 1323">
    <p class='ocr_par' dir='ltr' id='par_1_26' title="bbox 2067 1250 3644 1323">
     <span class='ocr_line' id='line_1_26' title="bbox 2067 1250 3644 1323; baseline -0.004 -11"><span class='ocrx_word' id='word_1_191' title='bbox 2067 1265 2216 1323; x_wconf 90' lang='lat' dir='ltr'><strong>neat,</strong></span> <span class='ocrx_word' id='word_1_192' title='bbox 2242 1270 2306 1311; x_wconf 88' lang='lat' dir='ltr'><strong>ac</strong></span> <span class='ocrx_word' id='word_1_193' title='bbox 2329 1266 2587 1311; x_wconf 60' lang='lat' dir='ltr'><strong>aeternam</strong></span> <span class='ocrx_word' id='word_1_194' title='bbox 2624 1252 3097 1322; x_wconf 87' lang='lat' dir='ltr'><strong>immortalemque</strong></span> <span class='ocrx_word' id='word_1_195' title='bbox 3127 1251 3404 1321; x_wconf 86' lang='lat' dir='ltr'><strong>possideat</strong></span> <span class='ocrx_word' id='word_1_196' title='bbox 3433 1250 3644 1306; x_wconf 72' lang='lat' dir='ltr'><strong>vitam?</strong></span> 
     </span>
    </p>
   </div>
   <div class='ocr_carea' id='block_1_27' title="bbox 2068 1343 3632 1413">
    <p class='ocr_par' dir='ltr' id='par_1_27' title="bbox 2068 1343 3632 1413">
     <span class='ocr_line' id='line_1_27' title="bbox 2068 1343 3632 1413; baseline -0.003 -12"><span class='ocrx_word' id='word_1_197' title='bbox 2068 1347 2309 1404; x_wconf 76' lang='lat' dir='ltr'><strong>—-Vsns.</strong></span> <span class='ocrx_word' id='word_1_198' title='bbox 2337 1347 2391 1411; x_wconf 90' lang='lat'><strong>6,</strong></span> <span class='ocrx_word' id='word_1_199' title='bbox 2426 1349 2473 1399; x_wconf 90' lang='lat'><strong>7.</strong></span> <span class='ocrx_word' id='word_1_200' title='bbox 2504 1346 2699 1400; x_wconf 78' lang='lat' dir='ltr'><strong>Beatus</strong></span> <span class='ocrx_word' id='word_1_201' title='bbox 2733 1345 2811 1399; x_wconf 87' lang='lat' dir='ltr'><strong>vir</strong></span> <span class='ocrx_word' id='word_1_202' title='bbox 2847 1345 2999 1413; x_wconf 87' lang='lat' dir='ltr'><strong>cujus</strong></span> <span class='ocrx_word' id='word_1_203' title='bbox 3038 1353 3115 1398; x_wconf 88' lang='lat' dir='ltr'><strong>est</strong></span> <span class='ocrx_word' id='word_1_204' title='bbox 3155 1343 3416 1397; x_wconf 74' lang='lat' dir='ltr'><strong>auxilium</strong></span> <span class='ocrx_word' id='word_1_205' title='bbox 3445 1344 3537 1396; x_wconf 87' lang='lat' dir='ltr'><strong>abs</strong></span> <span class='ocrx_word' id='word_1_206' title='bbox 3559 1352 3632 1409; x_wconf 83' lang='lat' dir='ltr'><strong>te,</strong></span> 
     </span>
    </p>
   </div>
   <div class='ocr_carea' id='block_1_28' title="bbox 2069 1435 3640 1508">
    <p class='ocr_par' dir='ltr' id='par_1_28' title="bbox 2069 1435 3640 1508">
     <span class='ocr_line' id='line_1_28' title="bbox 2069 1435 3640 1508; baseline -0.004 -14"><span class='ocrx_word' id='word_1_207' title='bbox 2069 1441 2395 1508; x_wconf 77' lang='lat' dir='ltr'><strong>ascensiones</strong></span> <span class='ocrx_word' id='word_1_208' title='bbox 2426 1439 2481 1493; x_wconf 90' lang='lat' dir='ltr'><strong>in</strong></span> <span class='ocrx_word' id='word_1_209' title='bbox 2516 1437 2671 1492; x_wconf 89' lang='lat' dir='ltr'><strong>corde</strong></span> <span class='ocrx_word' id='word_1_210' title='bbox 2699 1452 2795 1490; x_wconf 88' lang='lat' dir='ltr'><strong>suo</strong></span> <span class='ocrx_word' id='word_1_211' title='bbox 2826 1435 3089 1505; x_wconf 77' lang='lat' dir='ltr'><strong>disposuit</strong></span> <span class='ocrx_word' id='word_1_212' title='bbox 3123 1436 3178 1489; x_wconf 88' lang='lat' dir='ltr'><strong>in</strong></span> <span class='ocrx_word' id='word_1_213' title='bbox 3208 1435 3342 1490; x_wconf 85' lang='lat' dir='ltr'><strong>valle</strong></span> <span class='ocrx_word' id='word_1_214' title='bbox 3374 1435 3640 1502; x_wconf 65' lang='lat' dir='ltr'><strong>lacrymﬂ-</strong></span> 
     </span>
    </p>
   </div>
   <div class='ocr_carea' id='block_1_29' title="bbox 2068 1522 3641 1597">
    <p class='ocr_par' dir='ltr' id='par_1_29' title="bbox 2068 1522 3641 1597">
     <span class='ocr_line' id='line_1_29' title="bbox 2068 1522 3641 1597; baseline -0.005 -13"><span class='ocrx_word' id='word_1_215' title='bbox 2068 1547 2208 1595; x_wconf 87' lang='lat' dir='ltr'><strong>rum,</strong></span> <span class='ocrx_word' id='word_1_216' title='bbox 2244 1531 2299 1583; x_wconf 86' lang='lat' dir='ltr'><strong>in</strong></span> <span class='ocrx_word' id='word_1_217' title='bbox 2333 1529 2444 1583; x_wconf 89' lang='lat' dir='ltr'><strong>loco</strong></span> <span class='ocrx_word' id='word_1_218' title='bbox 2474 1544 2624 1597; x_wconf 88' lang='lat' dir='ltr'><strong>quem</strong></span> <span class='ocrx_word' id='word_1_219' title='bbox 2649 1526 2846 1595; x_wconf 81' lang='lat' dir='ltr'><strong>posuit.</strong></span> <span class='ocrx_word' id='word_1_220' title='bbox 2884 1524 3182 1595; x_wconf 83' lang='lat' dir='ltr'><strong>Postquam</strong></span> <span class='ocrx_word' id='word_1_221' title='bbox 3214 1525 3411 1581; x_wconf 88' lang='lat' dir='ltr'><strong>seriem</strong></span> <span class='ocrx_word' id='word_1_222' title='bbox 3444 1522 3641 1578; x_wconf 87' lang='lat' dir='ltr'><strong>verbo-</strong></span> 
     </span>
    </p>
   </div>
   <div class='ocr_carea' id='block_1_30' title="bbox 2067 1613 3641 1691">
    <p class='ocr_par' dir='ltr' id='par_1_30' title="bbox 2067 1613 3641 1691">
     <span class='ocr_line' id='line_1_30' title="bbox 2067 1613 3641 1691; baseline -0.008 -15"><span class='ocrx_word' id='word_1_223' title='bbox 2067 1635 2300 1691; x_wconf 74' lang='lat' dir='ltr'><strong>rmnque</strong></span> <span class='ocrx_word' id='word_1_224' title='bbox 2331 1618 2657 1675; x_wconf 84' lang='lat' dir='ltr'><strong>sententiam</strong></span> <span class='ocrx_word' id='word_1_225' title='bbox 2692 1616 3025 1680; x_wconf 84' lang='lat' dir='ltr'><strong>absolverat,</strong></span> <span class='ocrx_word' id='word_1_226' title='bbox 3057 1630 3087 1668; x_wconf 90' lang='lat' dir='ltr'><strong>a</strong></span> <span class='ocrx_word' id='word_1_227' title='bbox 3129 1613 3487 1685; x_wconf 89' lang='lat' dir='ltr'><strong>diapsalmate</strong></span> <span class='ocrx_word' id='word_1_228' title='bbox 3526 1627 3641 1666; x_wconf 65' lang='lat' dir='ltr'><strong>scr-</strong></span> 
     </span>
    </p>
   </div>
   <div class='ocr_carea' id='block_1_31' title="bbox 2066 1707 3643 1774">
    <p class='ocr_par' dir='ltr' id='par_1_31' title="bbox 2066 1707 3643 1774">
     <span class='ocr_line' id='line_1_31' title="bbox 2066 1707 3643 1774; baseline -0.005 -7"><span class='ocrx_word' id='word_1_229' title='bbox 2066 1713 2247 1769; x_wconf 89' lang='lat' dir='ltr'><strong>monis</strong></span> <span class='ocrx_word' id='word_1_230' title='bbox 2285 1711 2640 1765; x_wconf 87' lang='lat' dir='ltr'><strong>mutationem</strong></span> <span class='ocrx_word' id='word_1_231' title='bbox 2670 1708 2900 1764; x_wconf 80' lang='lat' dir='ltr'><strong>orditur.</strong></span> <span class='ocrx_word' id='word_1_232' title='bbox 2926 1707 3294 1774; x_wconf 86' lang='lat' dir='ltr'><strong>Quamobrem</strong></span> <span class='ocrx_word' id='word_1_233' title='bbox 3318 1720 3444 1760; x_wconf 84' lang='lat' dir='ltr'><strong>cum</strong></span> <span class='ocrx_word' id='word_1_234' title='bbox 3486 1720 3643 1774; x_wconf 87' lang='lat' dir='ltr'><strong>supe-</strong></span> 
     </span>
    </p>
   </div>
   <div class='ocr_carea' id='block_1_32' title="bbox 2068 1797 3642 1871">
    <p class='ocr_par' dir='ltr' id='par_1_32' title="bbox 2068 1797 3642 1871">
     <span class='ocr_line' id='line_1_32' title="bbox 2068 1797 3642 1871; baseline -0.004 -16"><span class='ocrx_word' id='word_1_235' title='bbox 2068 1801 2187 1865; x_wconf 82' lang='lat' dir='ltr'><strong>rius</strong></span> <span class='ocrx_word' id='word_1_236' title='bbox 2216 1816 2312 1856; x_wconf 88' lang='lat' dir='ltr'><strong>eos</strong></span> <span class='ocrx_word' id='word_1_237' title='bbox 2343 1803 2437 1871; x_wconf 92' lang='lat' dir='ltr'><strong>qui</strong></span> <span class='ocrx_word' id='word_1_238' title='bbox 2475 1800 2722 1855; x_wconf 89' lang='lat' dir='ltr'><strong>habitant</strong></span> <span class='ocrx_word' id='word_1_239' title='bbox 2752 1799 2807 1859; x_wconf 84' lang='lat' dir='ltr'><strong>in</strong></span> <span class='ocrx_word' id='word_1_240' title='bbox 2848 1799 3012 1854; x_wconf 91' lang='lat' dir='ltr'><strong>domo</strong></span> <span class='ocrx_word' id='word_1_241' title='bbox 3046 1797 3142 1852; x_wconf 90' lang='lat' dir='ltr'><strong>Dei</strong></span> <span class='ocrx_word' id='word_1_242' title='bbox 3195 1798 3384 1852; x_wconf 93' lang='lat' dir='ltr'><strong>beatos</strong></span> <span class='ocrx_word' id='word_1_243' title='bbox 3416 1797 3642 1868; x_wconf 86' lang='lat' dir='ltr'><strong>plurali-</strong></span> 
     </span>
    </p>
   </div>
   <div class='ocr_carea' id='block_1_33' title="bbox 2070 1889 3639 1963">
    <p class='ocr_par' dir='ltr' id='par_1_33' title="bbox 2070 1889 3639 1963">
     <span class='ocr_line' id='line_1_33' title="bbox 2070 1889 3639 1963; baseline -0.004 -14"><span class='ocrx_word' id='word_1_244' title='bbox 2070 1901 2153 1949; x_wconf 89' lang='lat' dir='ltr'><strong>ter</strong></span> <span class='ocrx_word' id='word_1_245' title='bbox 2182 1893 2433 1959; x_wconf 82' lang='lat' dir='ltr'><strong>dixisset,</strong></span> <span class='ocrx_word' id='word_1_246' title='bbox 2460 1893 2551 1949; x_wconf 90' lang='lat' dir='ltr'><strong>hic</strong></span> <span class='ocrx_word' id='word_1_247' title='bbox 2576 1908 2744 1948; x_wconf 89' lang='lat' dir='ltr'><strong>unum</strong></span> <span class='ocrx_word' id='word_1_248' title='bbox 2776 1893 3087 1963; x_wconf 89' lang='lat' dir='ltr'><strong>quempiam</strong></span> <span class='ocrx_word' id='word_1_249' title='bbox 3124 1890 3177 1944; x_wconf 91' lang='lat' dir='ltr'><strong>in</strong></span> <span class='ocrx_word' id='word_1_250' title='bbox 3202 1890 3395 1961; x_wconf 90' lang='lat' dir='ltr'><strong>primis</strong></span> <span class='ocrx_word' id='word_1_251' title='bbox 3420 1889 3639 1944; x_wconf 90' lang='lat' dir='ltr'><strong>beatum</strong></span> 
     </span>
    </p>
   </div>
   <div class='ocr_carea' id='block_1_34' title="bbox 369 1986 1958 2070">
    <p class='ocr_par' dir='ltr' id='par_1_34' title="bbox 369 1994 1958 2070">
     <span class='ocr_line' id='line_1_34' title="bbox 369 1994 1958 2070; baseline -0.004 -17"><span class='ocrx_word' id='word_1_252' title='bbox 369 2000 472 2070; x_wconf 80' lang='grc' dir='ltr'>τῆς</span> <span class='ocrx_word' id='word_1_253' title='bbox 497 1999 756 2063; x_wconf 85' lang='grc' dir='ltr'>διανοίας,</span> <span class='ocrx_word' id='word_1_254' title='bbox 790 1997 1056 2069; x_wconf 79' lang='grc' dir='ltr'>μεταϐολῇ</span> <span class='ocrx_word' id='word_1_255' title='bbox 1102 1997 1366 2069; x_wconf 83' lang='grc' dir='ltr'>κέχρηται</span> <span class='ocrx_word' id='word_1_256' title='bbox 1394 1995 1489 2048; x_wconf 90' lang='grc' dir='ltr'><strong>τοῦ</strong></span> <span class='ocrx_word' id='word_1_257' title='bbox 1523 1995 1681 2063; x_wconf 85' lang='grc' dir='ltr'>λόγου</span> <span class='ocrx_word' id='word_1_258' title='bbox 1711 1994 1818 2048; x_wconf 83' lang='grc' dir='ltr'><strong>ἀπὸ</strong></span> <span class='ocrx_word' id='word_1_259' title='bbox 1848 1994 1958 2047; x_wconf 83' lang='grc' dir='ltr'>δια-</span> 
     </span>
    </p>
   </div>
   <div class='ocr_carea' id='block_1_35' title="bbox 2061 1986 3641 2070">
    <p class='ocr_par' dir='ltr' id='par_1_35' title="bbox 2062 1986 3641 2061">
     <span class='ocr_line' id='line_1_35' title="bbox 2062 1986 3641 2061; baseline -0.004 -18"><span class='ocrx_word' id='word_1_260' title='bbox 2062 1989 2342 2061; x_wconf 88' lang='lat' dir='ltr'><strong>praedicat.</strong></span> <span class='ocrx_word' id='word_1_261' title='bbox 2377 1988 2550 2055; x_wconf 84' lang='lat' dir='ltr'><strong>Quem</strong></span> <span class='ocrx_word' id='word_1_262' title='bbox 2583 2003 2734 2053; x_wconf 91' lang='lat' dir='ltr'><strong>vero,</strong></span> <span class='ocrx_word' id='word_1_263' title='bbox 2768 1988 2879 2044; x_wconf 90' lang='lat' dir='ltr'><strong>nisi</strong></span> <span class='ocrx_word' id='word_1_264' title='bbox 2915 2003 3039 2042; x_wconf 90' lang='lat' dir='ltr'><strong>eum</strong></span> <span class='ocrx_word' id='word_1_265' title='bbox 3074 1987 3165 2058; x_wconf 91' lang='lat' dir='ltr'><strong>qui</strong></span> <span class='ocrx_word' id='word_1_266' title='bbox 3198 1988 3253 2041; x_wconf 91' lang='lat' dir='ltr'><strong>in</strong></span> <span class='ocrx_word' id='word_1_267' title='bbox 3283 1986 3423 2041; x_wconf 86' lang='lat' dir='ltr'><strong>valle</strong></span> <span class='ocrx_word' id='word_1_268' title='bbox 3460 1986 3641 2055; x_wconf 78' lang='lat' dir='ltr'><strong>lacry-</strong></span> 
     </span>
    </p>
   </div>
   <div class='ocr_carea' id='block_1_36' title="bbox 370 2086 1968 2163">
    <p class='ocr_par' dir='ltr' id='par_1_36' title="bbox 370 2086 1968 2163">
     <span class='ocr_line' id='line_1_36' title="bbox 370 2086 1968 2163; baseline -0.006 -16"><span class='ocrx_word' id='word_1_269' title='bbox 370 2093 674 2163; x_wconf 76' lang='grc' dir='ltr'>ψάλματος.</span> <span class='ocrx_word' id='word_1_270' title='bbox 715 2091 913 2162; x_wconf 87' lang='grc' dir='ltr'>Διόπερ</span> <span class='ocrx_word' id='word_1_271' title='bbox 954 2091 1210 2160; x_wconf 76' lang='grc' dir='ltr'>ἀνωτέρω</span> <span class='ocrx_word' id='word_1_272' title='bbox 1252 2087 1630 2159; x_wconf 79' lang='grc' dir='ltr'>πληθυντικῶς</span> <span class='ocrx_word' id='word_1_273' title='bbox 1661 2086 1968 2156; x_wconf 78' lang='grc' dir='ltr'>μακαρίους</span> 
     </span>
    </p>
   </div>
   <div class='ocr_carea' id='block_1_37' title="bbox 367 2178 1964 2252">
    <p class='ocr_par' dir='ltr' id='par_1_37' title="bbox 367 2178 1964 2252">
     <span class='ocr_line' id='line_1_37' title="bbox 367 2178 1964 2252; baseline -0.002 -18"><span class='ocrx_word' id='word_1_274' title='bbox 367 2187 495 2249; x_wconf 75' lang='grc' dir='ltr'>τοὺς</span> <span class='ocrx_word' id='word_1_275' title='bbox 528 2183 918 2246; x_wconf 77' lang='grc' dir='ltr'>κατοικοῦντας</span> <span class='ocrx_word' id='word_1_276' title='bbox 953 2184 1011 2235; x_wconf 80' lang='grc' dir='ltr'>ἐν</span> <span class='ocrx_word' id='word_1_277' title='bbox 1051 2182 1130 2252; x_wconf 82' lang='grc' dir='ltr'>τῷ</span> <span class='ocrx_word' id='word_1_278' title='bbox 1168 2180 1304 2251; x_wconf 69' lang='grc' dir='ltr'>οἴκῳ</span> <span class='ocrx_word' id='word_1_279' title='bbox 1360 2181 1453 2235; x_wconf 85' lang='grc' dir='ltr'><strong>τοῦ</strong></span> <span class='ocrx_word' id='word_1_280' title='bbox 1484 2179 1622 2233; x_wconf 84' lang='grc' dir='ltr'>Θεοῦ</span> <span class='ocrx_word' id='word_1_281' title='bbox 1657 2178 1844 2244; x_wconf 80' lang='grc' dir='ltr'>εἰπὼν,</span> <span class='ocrx_word' id='word_1_282' title='bbox 1886 2181 1964 2232; x_wconf 80' lang='grc' dir='ltr'><strong>ὲν-</strong></span> 
     </span>
    </p>
   </div>
   <div class='ocr_carea' id='block_1_38' title="bbox 368 2271 1964 2346">
    <p class='ocr_par' dir='ltr' id='par_1_38' title="bbox 368 2271 1964 2346">
     <span class='ocr_line' id='line_1_38' title="bbox 368 2271 1964 2346; baseline -0.003 -18"><span class='ocrx_word' id='word_1_283' title='bbox 368 2277 543 2330; x_wconf 84' lang='grc' dir='ltr'>ταῦθα</span> <span class='ocrx_word' id='word_1_284' title='bbox 585 2276 683 2330; x_wconf 74' lang='grc' dir='ltr'>ἕνα</span> <span class='ocrx_word' id='word_1_285' title='bbox 730 2277 851 2329; x_wconf 81' lang='grc' dir='ltr'>τινὰ</span> <span class='ocrx_word' id='word_1_286' title='bbox 896 2275 1187 2346; x_wconf 76' lang='grc' dir='ltr'>μακαρίζει</span> <span class='ocrx_word' id='word_1_287' title='bbox 1239 2273 1380 2327; x_wconf 89' lang='grc' dir='ltr'><strong>κατά</strong></span> <span class='ocrx_word' id='word_1_288' title='bbox 1418 2271 1713 2343; x_wconf 77' lang='grc' dir='ltr'>ἐξαίρετον.</span> <span class='ocrx_word' id='word_1_289' title='bbox 1747 2272 1879 2327; x_wconf 86' lang='grc' dir='ltr'>Τίνα</span> <span class='ocrx_word' id='word_1_290' title='bbox 1906 2271 1964 2335; x_wconf 70' lang='grc' dir='ltr'>δὲ</span> 
     </span>
    </p>
   </div>
   <div class='ocr_carea' id='block_1_39' title="bbox 370 2350 1965 2437">
    <p class='ocr_par' dir='ltr' id='par_1_39' title="bbox 370 2350 1965 2437">
     <span class='ocr_line' id='line_1_39' title="bbox 370 2350 1965 2437; baseline -0.005 -17"><span class='ocrx_word' id='word_1_291' title='bbox 370 2366 560 2420; x_wconf 84' lang='grc' dir='ltr'>τοῦτον</span> <span class='ocrx_word' id='word_1_292' title='bbox 602 2366 634 2437; x_wconf 81' lang='grc' dir='ltr'><strong>ἢ</strong></span> <span class='ocrx_word' id='word_1_293' title='bbox 683 2366 772 2419; x_wconf 86' lang='grc' dir='ltr'><strong>τὸν</strong></span> <span class='ocrx_word' id='word_1_294' title='bbox 809 2366 865 2417; x_wconf 78' lang='grc' dir='ltr'>ἐν</span> <span class='ocrx_word' id='word_1_295' title='bbox 903 2368 968 2435; x_wconf 80' lang='grc' dir='ltr'>τῇ</span> <span class='ocrx_word' id='word_1_296' title='bbox 1005 2364 1210 2418; x_wconf 84' lang='grc' dir='ltr'>κοιλάδι</span> <span class='ocrx_word' id='word_1_297' title='bbox 1242 2350 1336 2416; x_wconf 87' lang='grc' dir='ltr'><strong>τοῦ</strong></span> <span class='ocrx_word' id='word_1_298' title='bbox 1364 2360 1717 2432; x_wconf 86' lang='grc' dir='ltr'>κλαυθμῶνος</span> <span class='ocrx_word' id='word_1_299' title='bbox 1749 2360 1965 2429; x_wconf 86' lang='grc' dir='ltr'>ἀντιλή-</span> 
     </span>
    </p>
   </div>
   <div class='ocr_carea' id='block_1_40' title="bbox 370 2452 1967 2533">
    <p class='ocr_par' dir='ltr' id='par_1_40' title="bbox 370 2452 1967 2533">
     <span class='ocr_line' id='line_1_40' title="bbox 370 2452 1967 2533; baseline -0.005 -19"><span class='ocrx_word' id='word_1_300' title='bbox 370 2460 519 2529; x_wconf 72' lang='grc' dir='ltr'>ψεως</span> <span class='ocrx_word' id='word_1_301' title='bbox 553 2462 651 2531; x_wconf 79' lang='grc' dir='ltr'>τῆς</span> <span class='ocrx_word' id='word_1_302' title='bbox 685 2458 835 2533; x_wconf 87' lang='grc' dir='ltr'>παρὰ</span> <span class='ocrx_word' id='word_1_303' title='bbox 862 2457 954 2511; x_wconf 90' lang='grc' dir='ltr'><strong>τοῦ</strong></span> <span class='ocrx_word' id='word_1_304' title='bbox 989 2456 1123 2510; x_wconf 85' lang='grc' dir='ltr'>Θεοῦ</span> <span class='ocrx_word' id='word_1_305' title='bbox 1165 2455 1488 2526; x_wconf 80' lang='grc' dir='ltr'>ἠξιωμένον,</span> <span class='ocrx_word' id='word_1_306' title='bbox 1516 2454 1608 2507; x_wconf 90' lang='grc' dir='ltr'><strong>τὸν</strong></span> <span class='ocrx_word' id='word_1_307' title='bbox 1639 2454 1733 2522; x_wconf 77' lang='grc' dir='ltr'>καὶ</span> <span class='ocrx_word' id='word_1_308' title='bbox 1770 2452 1967 2507; x_wconf 88' lang='grc' dir='ltr'>ἀναϐά-</span> 
     </span>
    </p>
   </div>
   <div class='ocr_carea' id='block_1_41' title="bbox 373 2544 1963 2622">
    <p class='ocr_par' dir='ltr' id='par_1_41' title="bbox 373 2544 1963 2622">
     <span class='ocr_line' id='line_1_41' title="bbox 373 2544 1963 2622; baseline -0.004 -18"><span class='ocrx_word' id='word_1_309' title='bbox 373 2569 486 2616; x_wconf 89' lang='grc' dir='ltr'>σεις</span> <span class='ocrx_word' id='word_1_310' title='bbox 514 2550 784 2622; x_wconf 78' lang='grc' dir='ltr'>ἐσχηκότα</span> <span class='ocrx_word' id='word_1_311' title='bbox 809 2548 943 2603; x_wconf 87' lang='grc' dir='ltr'>Θεοῦ</span> <span class='ocrx_word' id='word_1_312' title='bbox 970 2550 1028 2603; x_wconf 82' lang='grc' dir='ltr'>ὲν</span> <span class='ocrx_word' id='word_1_313' title='bbox 1053 2551 1119 2619; x_wconf 84' lang='grc' dir='ltr'><strong>τῇ</strong></span> <span class='ocrx_word' id='word_1_314' title='bbox 1156 2547 1352 2619; x_wconf 81' lang='grc' dir='ltr'>καρδίᾳ</span> <span class='ocrx_word' id='word_1_315' title='bbox 1385 2545 1553 2600; x_wconf 84' lang='grc' dir='ltr'>αὑτοῦ</span> <span class='ocrx_word' id='word_1_316' title='bbox 1577 2562 1591 2610; x_wconf 90' lang='lat'><strong>;</strong></span> <span class='ocrx_word' id='word_1_317' title='bbox 1624 2545 1824 2599; x_wconf 91' lang='grc' dir='ltr'>Τοῦτον</span> <span class='ocrx_word' id='word_1_318' title='bbox 1854 2544 1963 2615; x_wconf 85' lang='grc' dir='ltr'>γὰρ</span> 
     </span>
    </p>
   </div>
   <div class='ocr_carea' id='block_1_42' title="bbox 375 2634 1963 2712">
    <p class='ocr_par' dir='ltr' id='par_1_42' title="bbox 375 2634 1963 2712">
     <span class='ocr_line' id='line_1_42' title="bbox 375 2634 1963 2712; baseline -0.004 -19"><span class='ocrx_word' id='word_1_319' title='bbox 375 2642 467 2694; x_wconf 83' lang='grc' dir='ltr'><strong>τὸν</strong></span> <span class='ocrx_word' id='word_1_320' title='bbox 508 2641 675 2712; x_wconf 76' lang='grc' dir='ltr'>ἄνδρα</span> <span class='ocrx_word' id='word_1_321' title='bbox 722 2638 881 2694; x_wconf 89' lang='grc' dir='ltr'>πάλιν</span> <span class='ocrx_word' id='word_1_322' title='bbox 927 2635 1217 2709; x_wconf 79' lang='grc' dir='ltr'>μακαρίζει</span> <span class='ocrx_word' id='word_1_323' title='bbox 1237 2654 1249 2667; x_wconf 80' lang='grc'><em>’</em></span> <span class='ocrx_word' id='word_1_324' title='bbox 1298 2636 1412 2691; x_wconf 89' lang='grc' dir='ltr'>ἀλλ’</span> <span class='ocrx_word' id='word_1_325' title='bbox 1445 2637 1506 2690; x_wconf 87' lang='grc' dir='ltr'><strong>ού</strong></span> <span class='ocrx_word' id='word_1_326' title='bbox 1549 2636 1639 2690; x_wconf 90' lang='grc' dir='ltr'><strong>τὸν</strong></span> <span class='ocrx_word' id='word_1_327' title='bbox 1677 2634 1784 2688; x_wconf 89' lang='grc' dir='ltr'><strong>τῶν</strong></span> <span class='ocrx_word' id='word_1_328' title='bbox 1814 2634 1963 2705; x_wconf 78' lang='grc' dir='ltr'>παρὰ</span> 
     </span>
    </p>
   </div>
   <div class='ocr_carea' id='block_1_43' title="bbox 370 2726 1961 2801">
    <p class='ocr_par' dir='ltr' id='par_1_43' title="bbox 370 2726 1961 2801">
     <span class='ocr_line' id='line_1_43' title="bbox 370 2726 1961 2801; baseline -0.005 -15"><span class='ocrx_word' id='word_1_329' title='bbox 370 2734 599 2786; x_wconf 84' lang='grc' dir='ltr'>Μωῦσεῖ</span> <span class='ocrx_word' id='word_1_330' title='bbox 615 2729 940 2801; x_wconf 84' lang='grc' dir='ltr'>σωματικῶν</span> <span class='ocrx_word' id='word_1_331' title='bbox 965 2729 1191 2783; x_wconf 77' lang='grc' dir='ltr'>ἐντολῶν</span> <span class='ocrx_word' id='word_1_332' title='bbox 1226 2728 1457 2799; x_wconf 85' lang='grc' dir='ltr'>φύλακα.</span> <span class='ocrx_word' id='word_1_333' title='bbox 1483 2727 1735 2790; x_wconf 89' lang='grc' dir='ltr'>Τοιοῦτος</span> <span class='ocrx_word' id='word_1_334' title='bbox 1764 2726 1821 2779; x_wconf 79' lang='grc' dir='ltr'><em>δέ</em></span> <span class='ocrx_word' id='word_1_335' title='bbox 1846 2728 1961 2787; x_wconf 80' lang='grc' dir='ltr'>ἐστι</span> 
     </span>
    </p>
   </div>
   <div class='ocr_carea' id='block_1_44' title="bbox 370 2818 1961 2893">
    <p class='ocr_par' dir='ltr' id='par_1_44' title="bbox 370 2818 1961 2893">
     <span class='ocr_line' id='line_1_44' title="bbox 370 2818 1961 2893; baseline -0.004 -16"><span class='ocrx_word' id='word_1_336' title='bbox 370 2828 479 2887; x_wconf 81' lang='grc' dir='ltr'>πᾶς</span> <span class='ocrx_word' id='word_1_337' title='bbox 504 2826 532 2876; x_wconf 85' lang='lat'><strong>6</strong></span> <span class='ocrx_word' id='word_1_338' title='bbox 557 2822 964 2893; x_wconf 89' lang='grc' dir='ltr'>ἀποκλᾳόμενος</span> <span class='ocrx_word' id='word_1_339' title='bbox 994 2822 1183 2875; x_wconf 81' lang='grc' dir='ltr'>ἑαυτὸν</span> <span class='ocrx_word' id='word_1_340' title='bbox 1206 2823 1262 2873; x_wconf 77' lang='grc' dir='ltr'>ὲν</span> <span class='ocrx_word' id='word_1_341' title='bbox 1289 2820 1368 2891; x_wconf 83' lang='grc' dir='ltr'><strong>τῷ</strong></span> <span class='ocrx_word' id='word_1_342' title='bbox 1400 2818 1580 2890; x_wconf 83' lang='grc' dir='ltr'>θνητῷ</span> <span class='ocrx_word' id='word_1_343' title='bbox 1619 2820 1711 2871; x_wconf 75' lang='grc' dir='ltr'>καὶ</span> <span class='ocrx_word' id='word_1_344' title='bbox 1751 2818 1961 2888; x_wconf 87' lang='grc' dir='ltr'>ἀνθρω-</span> 
     </span>
    </p>
   </div>
   <div class='ocr_carea' id='block_1_45' title="bbox 368 2906 1963 2986">
    <p class='ocr_par' dir='ltr' id='par_1_45' title="bbox 368 2906 1963 2986">
     <span class='ocr_line' id='line_1_45' title="bbox 368 2906 1963 2986; baseline -0.001 -20"><span class='ocrx_word' id='word_1_345' title='bbox 368 2914 510 2985; x_wconf 86' lang='grc' dir='ltr'>πίνῳ</span> <span class='ocrx_word' id='word_1_346' title='bbox 548 2914 667 2985; x_wconf 86' lang='grc' dir='ltr'>βίῳ,</span> <span class='ocrx_word' id='word_1_347' title='bbox 704 2915 797 2967; x_wconf 75' lang='grc' dir='ltr'>καὶ</span> <span class='ocrx_word' id='word_1_348' title='bbox 838 2914 937 2984; x_wconf 82' lang='grc' dir='ltr'>τὴν</span> <span class='ocrx_word' id='word_1_349' title='bbox 974 2915 1214 2981; x_wconf 81' lang='grc' dir='ltr'>ἐπίγειον</span> <span class='ocrx_word' id='word_1_350' title='bbox 1260 2914 1463 2986; x_wconf 85' lang='grc' dir='ltr'>ταύτην</span> <span class='ocrx_word' id='word_1_351' title='bbox 1512 2906 1667 2986; x_wconf 79' lang='grc' dir='ltr'>ζωὴν</span> <span class='ocrx_word' id='word_1_352' title='bbox 1700 2914 1963 2986; x_wconf 81' lang='grc' dir='ltr'>βαρούμε-</span> 
     </span>
    </p>
   </div>
   <div class='ocr_carea' id='block_1_46' title="bbox 369 3002 1961 3076">
    <p class='ocr_par' dir='ltr' id='par_1_46' title="bbox 369 3002 1961 3076">
     <span class='ocr_line' id='line_1_46' title="bbox 369 3002 1961 3076; baseline -0.003 -17"><span class='ocrx_word' id='word_1_353' title='bbox 369 3023 478 3068; x_wconf 91' lang='grc' dir='ltr'>νος,</span> <span class='ocrx_word' id='word_1_354' title='bbox 511 3006 578 3076; x_wconf 77' lang='grc' dir='ltr'>ἣν</span> <span class='ocrx_word' id='word_1_355' title='bbox 607 3004 830 3058; x_wconf 89' lang='grc' dir='ltr'>κοιλάδα</span> <span class='ocrx_word' id='word_1_356' title='bbox 860 3004 1211 3075; x_wconf 86' lang='grc' dir='ltr'>κλαυθμῶνος</span> <span class='ocrx_word' id='word_1_357' title='bbox 1237 3006 1265 3058; x_wconf 92' lang='lat'><strong>6</strong></span> <span class='ocrx_word' id='word_1_358' title='bbox 1300 3004 1458 3073; x_wconf 86' lang='grc' dir='ltr'>λόγος</span> <span class='ocrx_word' id='word_1_359' title='bbox 1480 3004 1755 3075; x_wconf 74' lang='grc' dir='ltr'>ὀνομάζει,</span> <span class='ocrx_word' id='word_1_360' title='bbox 1786 3003 1873 3057; x_wconf 88' lang='grc' dir='ltr'><strong>διά</strong></span> <span class='ocrx_word' id='word_1_361' title='bbox 1901 3002 1961 3055; x_wconf 92' lang='grc' dir='ltr'><strong>τὸ</strong></span> 
     </span>
    </p>
   </div>
   <div class='ocr_carea' id='block_1_47' title="bbox 370 3091 1959 3167">
    <p class='ocr_par' dir='ltr' id='par_1_47' title="bbox 370 3091 1959 3167">
     <span class='ocr_line' id='line_1_47' title="bbox 370 3091 1959 3167; baseline -0.004 -16"><span class='ocrx_word' id='word_1_362' title='bbox 370 3095 649 3167; x_wconf 86' lang='grc' dir='ltr'>κλαυθμοῦ</span> <span class='ocrx_word' id='word_1_363' title='bbox 683 3094 807 3160; x_wconf 79' lang='grc' dir='ltr'>ἀξια</span> <span class='ocrx_word' id='word_1_364' title='bbox 843 3091 982 3149; x_wconf 80' lang='grc' dir='ltr'>εῖναι</span> <span class='ocrx_word' id='word_1_365' title='bbox 1013 3095 1082 3149; x_wconf 80' lang='grc' dir='ltr'><strong>τὰ</strong></span> <span class='ocrx_word' id='word_1_366' title='bbox 1118 3095 1370 3160; x_wconf 76' lang='grc' dir='ltr'>ἐνταῦθα,</span> <span class='ocrx_word' id='word_1_367' title='bbox 1420 3094 1697 3164; x_wconf 85' lang='grc' dir='ltr'>κλαυθμοῦ</span> <span class='ocrx_word' id='word_1_368' title='bbox 1742 3111 1802 3147; x_wconf 88' lang='grc' dir='ltr'><strong>τε</strong></span> <span class='ocrx_word' id='word_1_369' title='bbox 1833 3094 1959 3159; x_wconf 81' lang='grc' dir='ltr'>ἀξια</span> 
     </span>
    </p>
   </div>
   <div class='ocr_carea' id='block_1_48' title="bbox 369 3185 1959 3261">
    <p class='ocr_par' dir='ltr' id='par_1_48' title="bbox 369 3185 1959 3261">
     <span class='ocr_line' id='line_1_48' title="bbox 369 3185 1959 3261; baseline -0.003 -18"><span class='ocrx_word' id='word_1_370' title='bbox 369 3190 632 3261; x_wconf 72' lang='grc' dir='ltr'>πράττειν</span> <span class='ocrx_word' id='word_1_371' title='bbox 660 3190 784 3252; x_wconf 77' lang='grc' dir='ltr'>τοὺς</span> <span class='ocrx_word' id='word_1_372' title='bbox 817 3189 909 3241; x_wconf 81' lang='grc' dir='ltr'><strong>ἐπὶ</strong></span> <span class='ocrx_word' id='word_1_373' title='bbox 950 3190 1055 3258; x_wconf 83' lang='grc' dir='ltr'>γῆς</span> <span class='ocrx_word' id='word_1_374' title='bbox 1096 3186 1435 3258; x_wconf 84' lang='grc' dir='ltr'>ἀνθρώπους,</span> <span class='ocrx_word' id='word_1_375' title='bbox 1466 3187 1560 3240; x_wconf 78' lang='grc' dir='ltr'>καὶ</span> <span class='ocrx_word' id='word_1_376' title='bbox 1595 3185 1684 3239; x_wconf 85' lang='grc' dir='ltr'><strong>διὰ</strong></span> <span class='ocrx_word' id='word_1_377' title='bbox 1725 3186 1784 3238; x_wconf 90' lang='grc' dir='ltr'><strong>τὸ</strong></span> <span class='ocrx_word' id='word_1_378' title='bbox 1832 3187 1959 3249; x_wconf 77' lang='grc' dir='ltr'>τοὺς</span> 
     </span>
    </p>
   </div>
   <div class='ocr_carea' id='block_1_49' title="bbox 368 3277 1956 3350">
    <p class='ocr_par' dir='ltr' id='par_1_49' title="bbox 368 3277 1956 3350">
     <span class='ocr_line' id='line_1_49' title="bbox 368 3277 1956 3350; baseline -0.006 -11"><span class='ocrx_word' id='word_1_379' title='bbox 368 3283 558 3350; x_wconf 82' lang='grc' dir='ltr'>ἁγίους</span> <span class='ocrx_word' id='word_1_380' title='bbox 585 3280 679 3335; x_wconf 84' lang='grc' dir='ltr'><strong>τοῦ</strong></span> <span class='ocrx_word' id='word_1_381' title='bbox 702 3280 836 3333; x_wconf 85' lang='grc' dir='ltr'>Θεοῦ</span> <span class='ocrx_word' id='word_1_382' title='bbox 861 3280 1003 3334; x_wconf 81' lang='grc' dir='ltr'>κατὰ</span> <span class='ocrx_word' id='word_1_383' title='bbox 1030 3280 1120 3332; x_wconf 85' lang='grc' dir='ltr'><strong>τὸν</strong></span> <span class='ocrx_word' id='word_1_384' title='bbox 1146 3280 1391 3350; x_wconf 87' lang='grc' dir='ltr'>παρόντα</span> <span class='ocrx_word' id='word_1_385' title='bbox 1421 3279 1535 3350; x_wconf 85' lang='grc' dir='ltr'>βίον</span> <span class='ocrx_word' id='word_1_386' title='bbox 1564 3277 1956 3346; x_wconf 79' lang='grc' dir='ltr'>ἀποκλᾴεσθαι,</span> 
     </span>
    </p>
   </div>
   <div class='ocr_carea' id='block_1_50' title="bbox 2068 2079 3643 2155">
    <p class='ocr_par' dir='ltr' id='par_1_50' title="bbox 2068 2079 3643 2155">
     <span class='ocr_line' id='line_1_50' title="bbox 2068 2079 3643 2155; baseline -0.004 -17"><span class='ocrx_word' id='word_1_387' title='bbox 2068 2098 2279 2138; x_wconf 84' lang='lat' dir='ltr'><strong>marum</strong></span> <span class='ocrx_word' id='word_1_388' title='bbox 2328 2081 2423 2138; x_wconf 91' lang='lat' dir='ltr'><strong>Dei</strong></span> <span class='ocrx_word' id='word_1_389' title='bbox 2457 2081 2763 2152; x_wconf 88' lang='lat' dir='ltr'><strong>patrocinio</strong></span> <span class='ocrx_word' id='word_1_390' title='bbox 2792 2081 3071 2155; x_wconf 80' lang='lat' dir='ltr'><strong>dignatur,</strong></span> <span class='ocrx_word' id='word_1_391' title='bbox 3116 2079 3212 2149; x_wconf 85' lang='lat' dir='ltr'><strong>qui</strong></span> <span class='ocrx_word' id='word_1_392' title='bbox 3245 2080 3407 2134; x_wconf 89' lang='lat' dir='ltr'><strong>etiam</strong></span> <span class='ocrx_word' id='word_1_393' title='bbox 3449 2092 3643 2133; x_wconf 65' lang='lat' dir='ltr'><strong>ascea-</strong></span> 
     </span>
    </p>
   </div>
   <div class='ocr_carea' id='block_1_51' title="bbox 2067 2171 3640 2242">
    <p class='ocr_par' dir='ltr' id='par_1_51' title="bbox 2067 2171 3640 2242">
     <span class='ocr_line' id='line_1_51' title="bbox 2067 2171 3640 2242; baseline -0.004 -12"><span class='ocrx_word' id='word_1_394' title='bbox 2067 2174 2251 2230; x_wconf 85' lang='lat' dir='ltr'><strong>siones</strong></span> <span class='ocrx_word' id='word_1_395' title='bbox 2272 2174 2367 2229; x_wconf 89' lang='lat' dir='ltr'><strong>Dei</strong></span> <span class='ocrx_word' id='word_1_396' title='bbox 2398 2174 2562 2229; x_wconf 88' lang='lat' dir='ltr'><strong>habet</strong></span> <span class='ocrx_word' id='word_1_397' title='bbox 2594 2176 2652 2229; x_wconf 92' lang='lat' dir='ltr'><strong>in</strong></span> <span class='ocrx_word' id='word_1_398' title='bbox 2682 2175 2848 2230; x_wconf 88' lang='lat' dir='ltr'><strong>corde</strong></span> <span class='ocrx_word' id='word_1_399' title='bbox 2887 2172 3021 2229; x_wconf 86' lang='lat' dir='ltr'><strong>suo?</strong></span> <span class='ocrx_word' id='word_1_400' title='bbox 3052 2172 3210 2226; x_wconf 88' lang='lat' dir='ltr'><strong>Hunc</strong></span> <span class='ocrx_word' id='word_1_401' title='bbox 3236 2171 3437 2242; x_wconf 91' lang='lat' dir='ltr'><strong>quippe</strong></span> <span class='ocrx_word' id='word_1_402' title='bbox 3464 2171 3640 2224; x_wconf 90' lang='lat' dir='ltr'><strong>virum</strong></span> 
     </span>
    </p>
   </div>
   <div class='ocr_carea' id='block_1_52' title="bbox 2065 2263 3639 2337">
    <p class='ocr_par' dir='ltr' id='par_1_52' title="bbox 2065 2263 3639 2337">
     <span class='ocr_line' id='line_1_52' title="bbox 2065 2263 3639 2337; baseline -0.003 -16"><span class='ocrx_word' id='word_1_403' title='bbox 2065 2283 2260 2323; x_wconf 86' lang='lat' dir='ltr'><strong>rursus</strong></span> <span class='ocrx_word' id='word_1_404' title='bbox 2290 2267 2692 2337; x_wconf 68' lang='lat' dir='ltr'><strong>beatumjdicit;</strong></span> <span class='ocrx_word' id='word_1_405' title='bbox 2715 2283 2825 2322; x_wconf 93' lang='lat' dir='ltr'><strong>non</strong></span> <span class='ocrx_word' id='word_1_406' title='bbox 2849 2274 3027 2322; x_wconf 86' lang='lat' dir='ltr'><strong>autem</strong></span> <span class='ocrx_word' id='word_1_407' title='bbox 3050 2264 3415 2334; x_wconf 84' lang='lat' dir='ltr'><strong>corporalium</strong></span> <span class='ocrx_word' id='word_1_408' title='bbox 3436 2263 3639 2334; x_wconf 80' lang='lat' dir='ltr'><strong>Moysis</strong></span> 
     </span>
    </p>
   </div>
   <div class='ocr_carea' id='block_1_53' title="bbox 2064 2355 3638 2430">
    <p class='ocr_par' dir='ltr' id='par_1_53' title="bbox 2064 2355 3638 2430">
     <span class='ocr_line' id='line_1_53' title="bbox 2064 2355 3638 2430; baseline -0.005 -15"><span class='ocrx_word' id='word_1_409' title='bbox 2064 2367 2463 2430; x_wconf 78' lang='lat' dir='ltr'><strong>praeceptorum</strong></span> <span class='ocrx_word' id='word_1_410' title='bbox 2495 2360 2781 2416; x_wconf 84' lang='lat' dir='ltr'><strong>cultorem.</strong></span> <span class='ocrx_word' id='word_1_411' title='bbox 2811 2357 2960 2413; x_wconf 88' lang='lat' dir='ltr'><strong>Talis</strong></span> <span class='ocrx_word' id='word_1_412' title='bbox 2990 2372 3155 2427; x_wconf 90' lang='lat' dir='ltr'><strong>porro</strong></span> <span class='ocrx_word' id='word_1_413' title='bbox 3185 2365 3269 2412; x_wconf 89' lang='lat' dir='ltr'><strong>est</strong></span> <span class='ocrx_word' id='word_1_414' title='bbox 3295 2355 3545 2426; x_wconf 86' lang='lat' dir='ltr'><strong>quisquis</strong></span> <span class='ocrx_word' id='word_1_415' title='bbox 3583 2355 3638 2409; x_wconf 92' lang='lat' dir='ltr'><strong>in</strong></span> 
     </span>
    </p>
   </div>
   <div class='ocr_carea' id='block_1_54' title="bbox 2066 2448 3640 2520">
    <p class='ocr_par' dir='ltr' id='par_1_54' title="bbox 2066 2448 3640 2520">
     <span class='ocr_line' id='line_1_54' title="bbox 2066 2448 3640 2520; baseline -0.003 -16"><span class='ocrx_word' id='word_1_416' title='bbox 2066 2450 2171 2505; x_wconf 90' lang='lat' dir='ltr'><strong>hac</strong></span> <span class='ocrx_word' id='word_1_417' title='bbox 2209 2451 2425 2505; x_wconf 89' lang='lat' dir='ltr'><strong>mortali</strong></span> <span class='ocrx_word' id='word_1_418' title='bbox 2455 2458 2509 2506; x_wconf 88' lang='lat' dir='ltr'><strong>et</strong></span> <span class='ocrx_word' id='word_1_419' title='bbox 2552 2451 2789 2505; x_wconf 89' lang='lat' dir='ltr'><strong>humana</strong></span> <span class='ocrx_word' id='word_1_420' title='bbox 2832 2450 2945 2507; x_wconf 88' lang='lat' dir='ltr'><strong>vita</strong></span> <span class='ocrx_word' id='word_1_421' title='bbox 2990 2449 3231 2520; x_wconf 89' lang='lat' dir='ltr'><strong>seipsum</strong></span> <span class='ocrx_word' id='word_1_422' title='bbox 3261 2448 3548 2520; x_wconf 90' lang='lat' dir='ltr'><strong>deplorat;</strong></span> <span class='ocrx_word' id='word_1_423' title='bbox 3584 2454 3640 2501; x_wconf 88' lang='lat' dir='ltr'><strong>et</strong></span> 
     </span>
    </p>
   </div>
   <div class='ocr_carea' id='block_1_55' title="bbox 2067 2540 3639 2612">
    <p class='ocr_par' dir='ltr' id='par_1_55' title="bbox 2067 2540 3639 2612">
     <span class='ocr_line' id='line_1_55' title="bbox 2067 2540 3639 2612; baseline -0.004 -14"><span class='ocrx_word' id='word_1_424' title='bbox 2067 2543 2524 2606; x_wconf 67' lang='lat' dir='ltr'><strong>terrenamlhanc</strong></span> <span class='ocrx_word' id='word_1_425' title='bbox 2572 2544 2760 2606; x_wconf 81' lang='lat' dir='ltr'><strong>vitam,</strong></span> <span class='ocrx_word' id='word_1_426' title='bbox 2816 2556 2980 2612; x_wconf 90' lang='lat' dir='ltr'><strong>quam</strong></span> <span class='ocrx_word' id='word_1_427' title='bbox 3028 2541 3225 2605; x_wconf 88' lang='lat' dir='ltr'><strong>vallem</strong></span> <span class='ocrx_word' id='word_1_428' title='bbox 3272 2540 3639 2610; x_wconf 88' lang='lat' dir='ltr'><strong>lacrymarum</strong></span> 
     </span>
    </p>
   </div>
   <div class='ocr_carea' id='block_1_56' title="bbox 2063 2629 3641 2704">
    <p class='ocr_par' dir='ltr' id='par_1_56' title="bbox 2063 2629 3641 2704">
     <span class='ocr_line' id='line_1_56' title="bbox 2063 2629 3641 2704; baseline -0.004 -14"><span class='ocrx_word' id='word_1_429' title='bbox 2063 2649 2243 2690; x_wconf 89' lang='lat' dir='ltr'><strong>sermo</strong></span> <span class='ocrx_word' id='word_1_430' title='bbox 2288 2643 2589 2704; x_wconf 88' lang='lat' dir='ltr'><strong>nuncupat,</strong></span> <span class='ocrx_word' id='word_1_431' title='bbox 2642 2642 2865 2703; x_wconf 78' lang='lat' dir='ltr'><strong>gravate</strong></span> <span class='ocrx_word' id='word_1_432' title='bbox 2917 2641 2973 2688; x_wconf 91' lang='lat' dir='ltr'><strong>et</strong></span> <span class='ocrx_word' id='word_1_433' title='bbox 3012 2648 3154 2704; x_wconf 63' lang='lat' dir='ltr'><strong>aegre</strong></span> <span class='ocrx_word' id='word_1_434' title='bbox 3193 2630 3432 2689; x_wconf 86' lang='lat' dir='ltr'><strong>sustinet</strong></span> <span class='ocrx_word' id='word_1_435' title='bbox 3464 2648 3477 2684; x_wconf 92' lang='lat'><strong>:</strong></span> <span class='ocrx_word' id='word_1_436' title='bbox 3510 2629 3641 2700; x_wconf 82' lang='lat' dir='ltr'><strong>quia</strong></span> 
     </span>
    </p>
   </div>
   <div class='ocr_carea' id='block_1_57' title="bbox 2061 2721 3643 2798">
    <p class='ocr_par' dir='ltr' id='par_1_57' title="bbox 2061 2721 3643 2798">
     <span class='ocr_line' id='line_1_57' title="bbox 2061 2721 3643 2798; baseline -0.004 -16"><span class='ocrx_word' id='word_1_437' title='bbox 2061 2727 2227 2798; x_wconf 86' lang='lat' dir='ltr'><strong>hujus</strong></span> <span class='ocrx_word' id='word_1_438' title='bbox 2253 2728 2378 2782; x_wconf 84' lang='lat' dir='ltr'><strong>vitae</strong></span> <span class='ocrx_word' id='word_1_439' title='bbox 2412 2742 2502 2782; x_wconf 86' lang='lat' dir='ltr'><strong>res</strong></span> <span class='ocrx_word' id='word_1_440' title='bbox 2533 2726 2661 2788; x_wconf 85' lang='lat' dir='ltr'><strong>ﬂetu</strong></span> <span class='ocrx_word' id='word_1_441' title='bbox 2691 2727 2868 2796; x_wconf 73' lang='lat' dir='ltr'><strong>dignae</strong></span> <span class='ocrx_word' id='word_1_442' title='bbox 2913 2732 3061 2790; x_wconf 90' lang='lat' dir='ltr'><strong>sunt,</strong></span> <span class='ocrx_word' id='word_1_443' title='bbox 3099 2732 3265 2796; x_wconf 87' lang='lat' dir='ltr'><strong>atque</strong></span> <span class='ocrx_word' id='word_1_444' title='bbox 3301 2721 3643 2777; x_wconf 90' lang='lat' dir='ltr'><strong>homines-in</strong></span> 
     </span>
    </p>
   </div>
   <div class='ocr_carea' id='block_1_58' title="bbox 2060 2817 3643 2892">
    <p class='ocr_par' dir='ltr' id='par_1_58' title="bbox 2060 2817 3643 2892">
     <span class='ocr_line' id='line_1_58' title="bbox 2060 2817 3643 2892; baseline -0.005 -18"><span class='ocrx_word' id='word_1_445' title='bbox 2060 2828 2209 2875; x_wconf 86' lang='lat' dir='ltr'><strong>terra</strong></span> <span class='ocrx_word' id='word_1_446' title='bbox 2240 2819 2500 2892; x_wconf 82' lang='lat' dir='ltr'><strong>degentes</strong></span> <span class='ocrx_word' id='word_1_447' title='bbox 2536 2821 2793 2891; x_wconf 83' lang='lat' dir='ltr'><strong>lacrymis</strong></span> <span class='ocrx_word' id='word_1_448' title='bbox 2824 2817 3160 2889; x_wconf 85' lang='lat' dir='ltr'><strong>deploranda</strong></span> <span class='ocrx_word' id='word_1_449' title='bbox 3201 2820 3518 2891; x_wconf 85' lang='lat' dir='ltr'><strong>perpetrant</strong></span> <span class='ocrx_word' id='word_1_450' title='bbox 3550 2820 3643 2868; x_wconf 89' lang='lat' dir='ltr'><strong>:et</strong></span> 
     </span>
    </p>
   </div>
   <div class='ocr_carea' id='block_1_59' title="bbox 2062 2906 3643 2983">
    <p class='ocr_par' dir='ltr' id='par_1_59' title="bbox 2062 2906 3643 2983">
     <span class='ocr_line' id='line_1_59' title="bbox 2062 2906 3643 2983; baseline -0.006 -16"><span class='ocrx_word' id='word_1_451' title='bbox 2062 2913 2189 2983; x_wconf 90' lang='lat' dir='ltr'><strong>quia</strong></span> <span class='ocrx_word' id='word_1_452' title='bbox 2226 2914 2403 2969; x_wconf 91' lang='lat' dir='ltr'><strong>sancti</strong></span> <span class='ocrx_word' id='word_1_453' title='bbox 2437 2911 2533 2968; x_wconf 89' lang='lat' dir='ltr'><strong>Dei</strong></span> <span class='ocrx_word' id='word_1_454' title='bbox 2579 2913 2634 2967; x_wconf 94' lang='lat' dir='ltr'><strong>in</strong></span> <span class='ocrx_word' id='word_1_455' title='bbox 2678 2913 2781 2967; x_wconf 86' lang='lat' dir='ltr'><strong>hac</strong></span> <span class='ocrx_word' id='word_1_456' title='bbox 2826 2912 2935 2966; x_wconf 90' lang='lat' dir='ltr'><strong>vita</strong></span> <span class='ocrx_word' id='word_1_457' title='bbox 2970 2909 3212 2973; x_wconf 83' lang='lat' dir='ltr'><strong>ﬂetibus,</strong></span> <span class='ocrx_word' id='word_1_458' title='bbox 3262 2906 3559 2980; x_wconf 83' lang='lat' dir='ltr'><strong>gemitibus</strong></span> <span class='ocrx_word' id='word_1_459' title='bbox 3587 2913 3643 2959; x_wconf 89' lang='lat' dir='ltr'><strong>et</strong></span> 
     </span>
    </p>
   </div>
   <div class='ocr_carea' id='block_1_60' title="bbox 2059 2995 3643 3070">
    <p class='ocr_par' dir='ltr' id='par_1_60' title="bbox 2059 2995 3643 3070">
     <span class='ocr_line' id='line_1_60' title="bbox 2059 2995 3643 3070; baseline -0.006 -12"><span class='ocrx_word' id='word_1_460' title='bbox 2059 3002 2323 3058; x_wconf 66' lang='lat' dir='ltr'><strong>aerumnis</strong></span> <span class='ocrx_word' id='word_1_461' title='bbox 2359 3001 2545 3057; x_wconf 86' lang='lat' dir='ltr'><strong>traditi</strong></span> <span class='ocrx_word' id='word_1_462' title='bbox 2581 3011 2712 3059; x_wconf 90' lang='lat' dir='ltr'><strong>sunt</strong></span> <span class='ocrx_word' id='word_1_463' title='bbox 2746 3002 3049 3065; x_wconf 84' lang='lat' dir='ltr'><strong>secundum</strong></span> <span class='ocrx_word' id='word_1_464' title='bbox 3091 3000 3434 3070; x_wconf 81' lang='lat' dir='ltr'><strong>Apostolum.</strong></span> <span class='ocrx_word' id='word_1_465' title='bbox 3480 2995 3643 3063; x_wconf 85' lang='lat' dir='ltr'><strong>Quis-</strong></span> 
     </span>
    </p>
   </div>
   <div class='ocr_carea' id='block_1_61' title="bbox 2058 3089 3641 3166">
    <p class='ocr_par' dir='ltr' id='par_1_61' title="bbox 2058 3089 3641 3166">
     <span class='ocr_line' id='line_1_61' title="bbox 2058 3089 3641 3166; baseline -0.005 -17"><span class='ocrx_word' id='word_1_466' title='bbox 2058 3094 2183 3166; x_wconf 88' lang='lat' dir='ltr'><strong>quis</strong></span> <span class='ocrx_word' id='word_1_467' title='bbox 2224 3110 2356 3165; x_wconf 87' lang='lat' dir='ltr'><strong>ergo</strong></span> <span class='ocrx_word' id='word_1_468' title='bbox 2404 3096 2458 3148; x_wconf 86' lang='lat' dir='ltr'><strong>in</strong></span> <span class='ocrx_word' id='word_1_469' title='bbox 2496 3095 2637 3159; x_wconf 79' lang='lat' dir='ltr'><strong>valle</strong></span> <span class='ocrx_word' id='word_1_470' title='bbox 2668 3094 3056 3165; x_wconf 85' lang='lat' dir='ltr'><strong>lacrymarum,</strong></span> <span class='ocrx_word' id='word_1_471' title='bbox 3102 3092 3156 3146; x_wconf 91' lang='lat' dir='ltr'><strong>id</strong></span> <span class='ocrx_word' id='word_1_472' title='bbox 3196 3100 3281 3147; x_wconf 88' lang='lat' dir='ltr'><strong>est</strong></span> <span class='ocrx_word' id='word_1_473' title='bbox 3332 3091 3387 3144; x_wconf 88' lang='lat' dir='ltr'><strong>in</strong></span> <span class='ocrx_word' id='word_1_474' title='bbox 3420 3089 3641 3144; x_wconf 87' lang='lat' dir='ltr'><strong>mortali</strong></span> 
     </span>
    </p>
   </div>
   <div class='ocr_carea' id='block_1_62' title="bbox 2057 3181 3639 3258">
    <p class='ocr_par' dir='ltr' id='par_1_62' title="bbox 2057 3181 3639 3258">
     <span class='ocr_line' id='line_1_62' title="bbox 2057 3181 3639 3258; baseline -0.006 -16"><span class='ocrx_word' id='word_1_475' title='bbox 2057 3187 2170 3242; x_wconf 88' lang='lat' dir='ltr'><strong>vita</strong></span> <span class='ocrx_word' id='word_1_476' title='bbox 2216 3187 2527 3258; x_wconf 88' lang='lat' dir='ltr'><strong>patrocinio</strong></span> <span class='ocrx_word' id='word_1_477' title='bbox 2580 3185 2677 3241; x_wconf 88' lang='lat' dir='ltr'><strong>Dei</strong></span> <span class='ocrx_word' id='word_1_478' title='bbox 2721 3185 2965 3255; x_wconf 82' lang='lat' dir='ltr'><strong>fruitur,</strong></span> <span class='ocrx_word' id='word_1_479' title='bbox 3025 3200 3154 3240; x_wconf 76' lang='lat' dir='ltr'><strong>vere</strong></span> <span class='ocrx_word' id='word_1_480' title='bbox 3206 3185 3400 3239; x_wconf 90' lang='lat' dir='ltr'><strong>beatus</strong></span> <span class='ocrx_word' id='word_1_481' title='bbox 3449 3181 3639 3244; x_wconf 82' lang='lat' dir='ltr'><strong>fuerit,</strong></span> 
     </span>
    </p>
   </div>
   <div class='ocr_carea' id='block_1_63' title="bbox 2058 3274 3639 3349">
    <p class='ocr_par' dir='ltr' id='par_1_63' title="bbox 2058 3274 3639 3349">
     <span class='ocr_line' id='line_1_63' title="bbox 2058 3274 3639 3349; baseline -0.003 -17"><span class='ocrx_word' id='word_1_482' title='bbox 2058 3277 2279 3349; x_wconf 90' lang='lat' dir='ltr'><strong>quando</strong></span> <span class='ocrx_word' id='word_1_483' title='bbox 2316 3279 2553 3333; x_wconf 80' lang='lat' dir='ltr'><strong>maxime</strong></span> <span class='ocrx_word' id='word_1_484' title='bbox 2582 3280 2938 3334; x_wconf 77' lang='lat' dir='ltr'><strong>ascensiones</strong></span> <span class='ocrx_word' id='word_1_485' title='bbox 2966 3277 3059 3332; x_wconf 90' lang='lat' dir='ltr'><strong>Dei</strong></span> <span class='ocrx_word' id='word_1_486' title='bbox 3092 3277 3148 3331; x_wconf 92' lang='lat' dir='ltr'><strong>in</strong></span> <span class='ocrx_word' id='word_1_487' title='bbox 3187 3276 3354 3331; x_wconf 88' lang='lat' dir='ltr'><strong>corde</strong></span> <span class='ocrx_word' id='word_1_488' title='bbox 3378 3274 3498 3345; x_wconf 85' lang='lat' dir='ltr'><strong>ejus</strong></span> <span class='ocrx_word' id='word_1_489' title='bbox 3544 3288 3639 3344; x_wconf 89' lang='lat' dir='ltr'><strong>po-</strong></span> 
     </span>
    </p>
   </div>
   <div class='ocr_carea' id='block_1_64' title="bbox 372 3357 1958 3441">
    <p class='ocr_par' dir='ltr' id='par_1_64' title="bbox 372 3369 1957 3441">
     <span class='ocr_line' id='line_1_64' title="bbox 372 3369 1957 3441; baseline -0.001 -16"><span class='ocrx_word' id='word_1_490' title='bbox 372 3372 727 3435; x_wconf 80' lang='grc' dir='ltr'>στενάζοντας</span> <span class='ocrx_word' id='word_1_491' title='bbox 767 3372 864 3425; x_wconf 74' lang='grc' dir='ltr'>καὶ</span> <span class='ocrx_word' id='word_1_492' title='bbox 903 3370 1273 3441; x_wconf 84' lang='grc' dir='ltr'>βαρουμένους</span> <span class='ocrx_word' id='word_1_493' title='bbox 1310 3369 1452 3423; x_wconf 83' lang='grc' dir='ltr'><strong>κατά</strong></span> <span class='ocrx_word' id='word_1_494' title='bbox 1487 3370 1580 3423; x_wconf 89' lang='grc' dir='ltr'><strong>τὸν</strong></span> <span class='ocrx_word' id='word_1_495' title='bbox 1617 3370 1957 3424; x_wconf 88' lang='grc' dir='ltr'>Ἀπόστολον.</span> 
     </span>
    </p>
   </div>
   <div class='ocr_carea' id='block_1_65' title="bbox 2061 3357 3641 3441">
    <p class='ocr_par' dir='ltr' id='par_1_65' title="bbox 2063 3364 3641 3436">
     <span class='ocr_line' id='line_1_65' title="bbox 2063 3364 3641 3436; baseline -0.004 -11"><span class='ocrx_word' id='word_1_496' title='bbox 2063 3370 2184 3431; x_wconf 66' lang='lat' dir='ltr'><strong>sitae</strong></span> <span class='ocrx_word' id='word_1_497' title='bbox 2215 3379 2362 3425; x_wconf 90' lang='lat' dir='ltr'><strong>sunt.</strong></span> <span class='ocrx_word' id='word_1_498' title='bbox 2391 3368 2529 3425; x_wconf 88' lang='lat' dir='ltr'><strong>Cum</strong></span> <span class='ocrx_word' id='word_1_499' title='bbox 2551 3370 2698 3431; x_wconf 88' lang='lat' dir='ltr'><strong>enim</strong></span> <span class='ocrx_word' id='word_1_500' title='bbox 2727 3370 2819 3424; x_wconf 92' lang='lat' dir='ltr'><strong>alii</strong></span> <span class='ocrx_word' id='word_1_501' title='bbox 2848 3370 3098 3429; x_wconf 87' lang='lat' dir='ltr'><strong>homines</strong></span> <span class='ocrx_word' id='word_1_502' title='bbox 3132 3366 3459 3430; x_wconf 86' lang='lat' dir='ltr'><strong>mortalibus</strong></span> <span class='ocrx_word' id='word_1_503' title='bbox 3489 3364 3641 3436; x_wconf 89' lang='lat' dir='ltr'><strong>cogi-</strong></span> 
     </span>
    </p>
   </div>
   <div class='ocr_carea' id='block_1_66' title="bbox 369 3448 1958 3538">
    <p class='ocr_par' dir='ltr' id='par_1_66' title="bbox 369 3458 1958 3533">
     <span class='ocr_line' id='line_1_66' title="bbox 369 3458 1958 3533; baseline -0.001 -17"><span class='ocrx_word' id='word_1_504' title='bbox 369 3464 485 3526; x_wconf 81' lang='grc' dir='ltr'><strong>Πᾶς</strong></span> <span class='ocrx_word' id='word_1_505' title='bbox 512 3458 604 3516; x_wconf 81' lang='grc' dir='ltr'>οὖν</span> <span class='ocrx_word' id='word_1_506' title='bbox 636 3463 664 3515; x_wconf 91' lang='lat'><strong>6</strong></span> <span class='ocrx_word' id='word_1_507' title='bbox 696 3464 753 3515; x_wconf 84' lang='grc' dir='ltr'>ὲν</span> <span class='ocrx_word' id='word_1_508' title='bbox 785 3465 851 3533; x_wconf 78' lang='grc' dir='ltr'>τῇ</span> <span class='ocrx_word' id='word_1_509' title='bbox 902 3461 1102 3515; x_wconf 88' lang='grc' dir='ltr'>κοιλάδι</span> <span class='ocrx_word' id='word_1_510' title='bbox 1134 3460 1229 3513; x_wconf 89' lang='grc' dir='ltr'><strong>τοῦ</strong></span> <span class='ocrx_word' id='word_1_511' title='bbox 1262 3460 1640 3533; x_wconf 89' lang='grc' dir='ltr'>κλαυθμῶνος,</span> <span class='ocrx_word' id='word_1_512' title='bbox 1685 3461 1958 3515; x_wconf 82' lang='grc' dir='ltr'>τουτέστιν</span> 
     </span>
    </p>
   </div>
   <div class='ocr_carea' id='block_1_67' title="bbox 2061 3448 3637 3538">
    <p class='ocr_par' dir='ltr' id='par_1_67' title="bbox 2064 3448 3637 3538">
     <span class='ocr_line' id='line_1_67' title="bbox 2064 3448 3637 3538; baseline -0.004 -20"><span class='ocrx_word' id='word_1_513' title='bbox 2064 3448 2367 3518; x_wconf 77' lang='lat' dir='ltr'><strong>tationibus</strong></span> <span class='ocrx_word' id='word_1_514' title='bbox 2415 3464 2469 3518; x_wconf 92' lang='lat' dir='ltr'><strong>in</strong></span> <span class='ocrx_word' id='word_1_515' title='bbox 2505 3472 2733 3536; x_wconf 90' lang='lat' dir='ltr'><strong>peccata</strong></span> <span class='ocrx_word' id='word_1_516' title='bbox 2780 3464 2959 3518; x_wconf 87' lang='lat' dir='ltr'><strong>omnis</strong></span> <span class='ocrx_word' id='word_1_517' title='bbox 2999 3463 3215 3538; x_wconf 86' lang='lat' dir='ltr'><strong>generis</strong></span> <span class='ocrx_word' id='word_1_518' title='bbox 3257 3460 3637 3527; x_wconf 88' lang='lat' dir='ltr'><strong>detrahantur,</strong></span> 
     </span>
    </p>
   </div>
   <div class='ocr_carea' id='block_1_68' title="bbox 368 3542 1958 3625">
    <p class='ocr_par' dir='ltr' id='par_1_68' title="bbox 368 3552 1958 3624">
     <span class='ocr_line' id='line_1_68' title="bbox 368 3552 1958 3624; baseline -0.001 -17"><span class='ocrx_word' id='word_1_519' title='bbox 368 3557 427 3608; x_wconf 84' lang='grc' dir='ltr'>ὲν</span> <span class='ocrx_word' id='word_1_520' title='bbox 472 3552 547 3624; x_wconf 78' lang='grc' dir='ltr'>τῷ</span> <span class='ocrx_word' id='word_1_521' title='bbox 600 3552 778 3624; x_wconf 82' lang='grc' dir='ltr'>θνητῷ</span> <span class='ocrx_word' id='word_1_522' title='bbox 828 3554 929 3623; x_wconf 85' lang='grc' dir='ltr'><strong>βίῳ</strong></span> <span class='ocrx_word' id='word_1_523' title='bbox 982 3552 1082 3621; x_wconf 79' lang='grc' dir='ltr'>τῆς</span> <span class='ocrx_word' id='word_1_524' title='bbox 1129 3552 1280 3621; x_wconf 75' lang='grc' dir='ltr'>ποιρά</span> <span class='ocrx_word' id='word_1_525' title='bbox 1320 3552 1410 3605; x_wconf 90' lang='grc' dir='ltr'><strong>τοῦ</strong></span> <span class='ocrx_word' id='word_1_526' title='bbox 1454 3552 1589 3606; x_wconf 85' lang='grc' dir='ltr'>Θεοῦ</span> <span class='ocrx_word' id='word_1_527' title='bbox 1626 3552 1958 3623; x_wconf 75' lang='grc' dir='ltr'>ἀντιλήψεως</span> 
     </span>
    </p>
   </div>
   <div class='ocr_carea' id='block_1_69' title="bbox 2061 3542 3638 3625">
    <p class='ocr_par' dir='ltr' id='par_1_69' title="bbox 2066 3542 3638 3625">
     <span class='ocr_line' id='line_1_69' title="bbox 2066 3542 3638 3625; baseline -0.004 -15"><span class='ocrx_word' id='word_1_528' title='bbox 2066 3556 2483 3625; x_wconf 65' lang='grc' dir='ltr'>όαιιιιοηυιιιηυε</span> <span class='ocrx_word' id='word_1_529' title='bbox 2514 3542 2801 3612; x_wconf 85' lang='lat' dir='ltr'><strong>conatibus</strong></span> <span class='ocrx_word' id='word_1_530' title='bbox 2848 3569 2911 3615; x_wconf 89' lang='lat' dir='ltr'><strong>ac</strong></span> <span class='ocrx_word' id='word_1_531' title='bbox 2946 3556 3309 3623; x_wconf 82' lang='lat' dir='ltr'><strong>malignorum</strong></span> <span class='ocrx_word' id='word_1_532' title='bbox 3345 3550 3638 3621; x_wconf 89' lang='lat' dir='ltr'><strong>spirituum</strong></span> 
     </span>
    </p>
   </div>
   <div class='ocr_carea' id='block_1_70' title="bbox 365 3642 1958 3718">
    <p class='ocr_par' dir='ltr' id='par_1_70' title="bbox 365 3644 1958 3718">
     <span class='ocr_line' id='line_1_70' title="bbox 365 3644 1958 3718; baseline 0 -18"><span class='ocrx_word' id='word_1_533' title='bbox 365 3647 679 3716; x_wconf 82' lang='grc' dir='ltr'>τυγχάνων,</span> <span class='ocrx_word' id='word_1_534' title='bbox 739 3646 1007 3718; x_wconf 88' lang='grc' dir='ltr'>μακάριος</span> <span class='ocrx_word' id='word_1_535' title='bbox 1054 3645 1270 3715; x_wconf 86' lang='grc' dir='ltr'>άληθῶς</span> <span class='ocrx_word' id='word_1_536' title='bbox 1320 3644 1385 3698; x_wconf 86' lang='grc' dir='ltr'>ἂν</span> <span class='ocrx_word' id='word_1_537' title='bbox 1422 3645 1541 3716; x_wconf 79' lang='grc' dir='ltr'>εἴη,</span> <span class='ocrx_word' id='word_1_538' title='bbox 1590 3646 1679 3698; x_wconf 81' lang='grc' dir='ltr'>ὅτε</span> <span class='ocrx_word' id='word_1_539' title='bbox 1728 3644 1958 3714; x_wconf 76' lang='grc' dir='ltr'>μάλιστα</span> 
     </span>
    </p>
   </div>
   <div class='ocr_carea' id='block_1_71' title="bbox 2061 3642 3639 3718">
    <p class='ocr_par' dir='ltr' id='par_1_71' title="bbox 2062 3642 3639 3718">
     <span class='ocr_line' id='line_1_71' title="bbox 2062 3642 3639 3718; baseline -0.003 -16"><span class='ocrx_word' id='word_1_540' title='bbox 2062 3648 2509 3718; x_wconf 85' lang='lat' dir='ltr'><strong>suggestionibus</strong></span> <span class='ocrx_word' id='word_1_541' title='bbox 2532 3648 2990 3717; x_wconf 79' lang='lat' dir='ltr'><strong>supplantentur;</strong></span> <span class='ocrx_word' id='word_1_542' title='bbox 3019 3647 3111 3715; x_wconf 90' lang='lat' dir='ltr'><strong>qui</strong></span> <span class='ocrx_word' id='word_1_543' title='bbox 3152 3658 3343 3699; x_wconf 90' lang='lat' dir='ltr'><strong>eorum</strong></span> <span class='ocrx_word' id='word_1_544' title='bbox 3367 3642 3639 3697; x_wconf 87' lang='lat' dir='ltr'><strong>machinis</strong></span> 
     </span>
    </p>
   </div>
   <div class='ocr_carea' id='block_1_72' title="bbox 365 3729 1958 3810">
    <p class='ocr_par' dir='ltr' id='par_1_72' title="bbox 365 3729 1956 3810">
     <span class='ocr_line' id='line_1_72' title="bbox 365 3729 1956 3810; baseline 0 -19"><span class='ocrx_word' id='word_1_545' title='bbox 365 3738 658 3800; x_wconf 81' lang='grc' dir='ltr'>ἀναϐάσεις</span> <span class='ocrx_word' id='word_1_546' title='bbox 697 3738 791 3791; x_wconf 91' lang='grc' dir='ltr'><strong>τοῦ</strong></span> <span class='ocrx_word' id='word_1_547' title='bbox 830 3739 963 3792; x_wconf 85' lang='grc' dir='ltr'>Θεοῦ</span> <span class='ocrx_word' id='word_1_548' title='bbox 1011 3729 1069 3791; x_wconf 77' lang='grc' dir='ltr'>ἐν</span> <span class='ocrx_word' id='word_1_549' title='bbox 1122 3741 1189 3809; x_wconf 83' lang='grc' dir='ltr'><strong>τῇ</strong></span> <span class='ocrx_word' id='word_1_550' title='bbox 1246 3739 1442 3810; x_wconf 86' lang='grc' dir='ltr'>καρδίᾳ</span> <span class='ocrx_word' id='word_1_551' title='bbox 1485 3738 1647 3792; x_wconf 78' lang='grc' dir='ltr'>αὐτοῦ</span> <span class='ocrx_word' id='word_1_552' title='bbox 1690 3739 1956 3807; x_wconf 81' lang='grc' dir='ltr'>γίνονται.</span> 
     </span>
    </p>
   </div>
   <div class='ocr_carea' id='block_1_73' title="bbox 2061 3729 3637 3810">
    <p class='ocr_par' dir='ltr' id='par_1_73' title="bbox 2061 3737 3637 3810">
     <span class='ocr_line' id='line_1_73' title="bbox 2061 3737 3637 3810; baseline -0.003 -17"><span class='ocrx_word' id='word_1_553' title='bbox 2061 3754 2171 3802; x_wconf 89' lang='lat' dir='ltr'><strong>non</strong></span> <span class='ocrx_word' id='word_1_554' title='bbox 2192 3740 2427 3809; x_wconf 91' lang='lat' dir='ltr'><strong>capitur,</strong></span> <span class='ocrx_word' id='word_1_555' title='bbox 2460 3739 2556 3795; x_wconf 91' lang='lat' dir='ltr'><strong>sed</strong></span> <span class='ocrx_word' id='word_1_556' title='bbox 2583 3739 2677 3794; x_wconf 91' lang='lat' dir='ltr'><strong>Dei</strong></span> <span class='ocrx_word' id='word_1_557' title='bbox 2709 3739 2887 3810; x_wconf 80' lang='lat' dir='ltr'><strong>gratia</strong></span> <span class='ocrx_word' id='word_1_558' title='bbox 2927 3738 3282 3803; x_wconf 84' lang='lat' dir='ltr'><strong>ascensiones</strong></span> <span class='ocrx_word' id='word_1_559' title='bbox 3325 3737 3498 3791; x_wconf 90' lang='lat' dir='ltr'><strong>bonas</strong></span> <span class='ocrx_word' id='word_1_560' title='bbox 3523 3744 3578 3791; x_wconf 90' lang='lat' dir='ltr'><strong>et</strong></span> <span class='ocrx_word' id='word_1_561' title='bbox 3606 3750 3637 3789; x_wconf 72' lang='grc' dir='ltr'>ει</span> 
     </span>
    </p>
   </div>
   <div class='ocr_carea' id='block_1_74' title="bbox 365 3827 1958 3902">
    <p class='ocr_par' dir='ltr' id='par_1_74' title="bbox 365 3829 1958 3901">
     <span class='ocr_line' id='line_1_74' title="bbox 365 3829 1958 3901; baseline -0.001 -18"><span class='ocrx_word' id='word_1_562' title='bbox 365 3830 487 3883; x_wconf 89' lang='grc' dir='ltr'><strong>Τῶν</strong></span> <span class='ocrx_word' id='word_1_563' title='bbox 512 3829 623 3901; x_wconf 84' lang='grc' dir='ltr'>γὰρ</span> <span class='ocrx_word' id='word_1_564' title='bbox 651 3830 825 3885; x_wconf 82' lang='grc' dir='ltr'>ἄλλων</span> <span class='ocrx_word' id='word_1_565' title='bbox 858 3829 955 3884; x_wconf 89' lang='grc' dir='ltr'><strong>ἀνθ</strong></span> <span class='ocrx_word' id='word_1_566' title='bbox 967 3829 1164 3900; x_wconf 89' lang='grc' dir='ltr'>ρώπων</span> <span class='ocrx_word' id='word_1_567' title='bbox 1202 3830 1414 3899; x_wconf 85' lang='grc' dir='ltr'>θνητοῖς</span> <span class='ocrx_word' id='word_1_568' title='bbox 1450 3831 1730 3901; x_wconf 84' lang='grc' dir='ltr'>λογισμοῖς</span> <span class='ocrx_word' id='word_1_569' title='bbox 1767 3829 1958 3883; x_wconf 91' lang='grc' dir='ltr'>καθελ-</span> 
     </span>
    </p>
   </div>
   <div class='ocr_carea' id='block_1_75' title="bbox 2061 3827 3638 3902">
    <p class='ocr_par' dir='ltr' id='par_1_75' title="bbox 2061 3827 3638 3902">
     <span class='ocr_line' id='line_1_75' title="bbox 2061 3827 3638 3902; baseline -0.003 -18"><span class='ocrx_word' id='word_1_570' title='bbox 2061 3831 2170 3887; x_wconf 90' lang='lat' dir='ltr'><strong>Deo</strong></span> <span class='ocrx_word' id='word_1_571' title='bbox 2194 3833 2393 3887; x_wconf 88' lang='lat' dir='ltr'><strong>missas</strong></span> <span class='ocrx_word' id='word_1_572' title='bbox 2426 3831 2792 3902; x_wconf 81' lang='lat' dir='ltr'><strong>cogitationes</strong></span> <span class='ocrx_word' id='word_1_573' title='bbox 2824 3832 2881 3887; x_wconf 91' lang='lat' dir='ltr'><strong>in</strong></span> <span class='ocrx_word' id='word_1_574' title='bbox 2914 3832 3081 3886; x_wconf 87' lang='lat' dir='ltr'><strong>corde</strong></span> <span class='ocrx_word' id='word_1_575' title='bbox 3114 3845 3216 3885; x_wconf 90' lang='lat' dir='ltr'><strong>suo</strong></span> <span class='ocrx_word' id='word_1_576' title='bbox 3244 3827 3508 3901; x_wconf 88' lang='lat' dir='ltr'><strong>possidet,</strong></span> <span class='ocrx_word' id='word_1_577' title='bbox 3546 3827 3638 3881; x_wconf 91' lang='lat' dir='ltr'><strong>hic</strong></span> 
     </span>
    </p>
   </div>
   <div class='ocr_carea' id='block_1_76' title="bbox 368 3915 1958 3993">
    <p class='ocr_par' dir='ltr' id='par_1_76' title="bbox 368 3915 1957 3991">
     <span class='ocr_line' id='line_1_76' title="bbox 368 3915 1957 3991; baseline -0.001 -18"><span class='ocrx_word' id='word_1_578' title='bbox 368 3920 614 3990; x_wconf 71' lang='grc' dir='ltr'>κομένων</span> <span class='ocrx_word' id='word_1_579' title='bbox 639 3922 718 3983; x_wconf 87' lang='grc' dir='ltr'><strong>εἰς</strong></span> <span class='ocrx_word' id='word_1_580' title='bbox 750 3922 857 3973; x_wconf 83' lang='grc' dir='ltr'>πᾶν</span> <span class='ocrx_word' id='word_1_581' title='bbox 893 3915 1034 3983; x_wconf 78' lang='grc' dir='ltr'>εἶδος</span> <span class='ocrx_word' id='word_1_582' title='bbox 1066 3920 1360 3991; x_wconf 85' lang='grc' dir='ltr'>ἁμαρτίας,</span> <span class='ocrx_word' id='word_1_583' title='bbox 1400 3919 1537 3973; x_wconf 88' lang='grc' dir='ltr'><strong>ἀλλά</strong></span> <span class='ocrx_word' id='word_1_584' title='bbox 1564 3920 1658 3973; x_wconf 78' lang='grc' dir='ltr'>καὶ</span> <span class='ocrx_word' id='word_1_585' title='bbox 1691 3919 1957 3989; x_wconf 82' lang='grc' dir='ltr'>δαιμόνων</span> 
     </span>
    </p>
   </div>
   <div class='ocr_carea' id='block_1_77' title="bbox 2061 3915 3639 3993">
    <p class='ocr_par' dir='ltr' id='par_1_77' title="bbox 2061 3921 3639 3993">
     <span class='ocr_line' id='line_1_77' title="bbox 2061 3921 3639 3993; baseline -0.003 -15"><span class='ocrx_word' id='word_1_586' title='bbox 2061 3938 2184 3979; x_wconf 90' lang='lat' dir='ltr'><strong>vere</strong></span> <span class='ocrx_word' id='word_1_587' title='bbox 2219 3924 2449 3989; x_wconf 86' lang='lat' dir='ltr'><strong>beatus;</strong></span> <span class='ocrx_word' id='word_1_588' title='bbox 2484 3923 2579 3993; x_wconf 92' lang='lat' dir='ltr'><strong>qui</strong></span> <span class='ocrx_word' id='word_1_589' title='bbox 2612 3924 2777 3978; x_wconf 88' lang='lat' dir='ltr'><strong>etiam</strong></span> <span class='ocrx_word' id='word_1_590' title='bbox 2821 3923 2875 3986; x_wconf 84' lang='lat' dir='ltr'><strong>in</strong></span> <span class='ocrx_word' id='word_1_591' title='bbox 2905 3923 3070 3978; x_wconf 91' lang='lat' dir='ltr'><strong>domo</strong></span> <span class='ocrx_word' id='word_1_592' title='bbox 3106 3921 3198 3983; x_wconf 87' lang='lat' dir='ltr'><strong>Dei</strong></span> <span class='ocrx_word' id='word_1_593' title='bbox 3234 3936 3451 3991; x_wconf 88' lang='lat' dir='ltr'><strong>semper</strong></span> <span class='ocrx_word' id='word_1_594' title='bbox 3490 3921 3639 3981; x_wconf 87' lang='lat' dir='ltr'><strong>babi-</strong></span> 
     </span>
    </p>
   </div>
   <div class='ocr_carea' id='block_1_78' title="bbox 366 4010 1958 4087">
    <p class='ocr_par' dir='ltr' id='par_1_78' title="bbox 366 4010 1958 4082">
     <span class='ocr_line' id='line_1_78' title="bbox 366 4010 1958 4082; baseline 0.001 -20"><span class='ocrx_word' id='word_1_595' title='bbox 366 4010 664 4074; x_wconf 85' lang='grc' dir='ltr'>ὲπιϐολαῖς,</span> <span class='ocrx_word' id='word_1_596' title='bbox 696 4011 789 4063; x_wconf 79' lang='grc' dir='ltr'>καὶ</span> <span class='ocrx_word' id='word_1_597' title='bbox 822 4012 1070 4081; x_wconf 89' lang='grc' dir='ltr'>πονηρῶν</span> <span class='ocrx_word' id='word_1_598' title='bbox 1103 4012 1431 4081; x_wconf 86' lang='grc' dir='ltr'>πνευμάτων</span> <span class='ocrx_word' id='word_1_599' title='bbox 1463 4011 1793 4082; x_wconf 71' lang='grc' dir='ltr'>ἐνθυμήσεσι</span> <span class='ocrx_word' id='word_1_600' title='bbox 1827 4012 1958 4064; x_wconf 83' lang='grc' dir='ltr'>ὑπο-</span> 
     </span>
    </p>
   </div>
   <div class='ocr_carea' id='block_1_79' title="bbox 2061 4010 3637 4087">
    <p class='ocr_par' dir='ltr' id='par_1_79' title="bbox 2061 4013 3637 4087">
     <span class='ocr_line' id='line_1_79' title="bbox 2061 4013 3637 4087; baseline -0.001 -15"><span class='ocrx_word' id='word_1_601' title='bbox 2061 4023 2156 4081; x_wconf 88' lang='lat' dir='ltr'><strong>tat,</strong></span> <span class='ocrx_word' id='word_1_602' title='bbox 2192 4026 2246 4072; x_wconf 92' lang='lat' dir='ltr'><strong>et</strong></span> <span class='ocrx_word' id='word_1_603' title='bbox 2278 4017 2437 4087; x_wconf 89' lang='lat' dir='ltr'><strong>quasi</strong></span> <span class='ocrx_word' id='word_1_604' title='bbox 2471 4015 2730 4072; x_wconf 87' lang='lat' dir='ltr'><strong>sacerdos</strong></span> <span class='ocrx_word' id='word_1_605' title='bbox 2774 4016 3047 4086; x_wconf 90' lang='lat' dir='ltr'><strong>quispiam</strong></span> <span class='ocrx_word' id='word_1_606' title='bbox 3079 4015 3183 4072; x_wconf 87' lang='lat' dir='ltr'><strong>soli</strong></span> <span class='ocrx_word' id='word_1_607' title='bbox 3217 4013 3312 4070; x_wconf 92' lang='lat' dir='ltr'><strong>Dei</strong></span> <span class='ocrx_word' id='word_1_608' title='bbox 3351 4014 3523 4068; x_wconf 91' lang='lat' dir='ltr'><strong>cultui</strong></span> <span class='ocrx_word' id='word_1_609' title='bbox 3550 4030 3637 4070; x_wconf 86' lang='lat' dir='ltr'><strong>va-</strong></span> 
     </span>
    </p>
   </div>
   <div class='ocr_carea' id='block_1_80' title="bbox 366 4100 1955 4174">
    <p class='ocr_par' dir='ltr' id='par_1_80' title="bbox 366 4100 1955 4174">
     <span class='ocr_line' id='line_1_80' title="bbox 366 4100 1955 4174; baseline 0.002 -21"><span class='ocrx_word' id='word_1_610' title='bbox 366 4100 782 4173; x_wconf 84' lang='grc' dir='ltr'>σκελιζομὲνων,</span> <span class='ocrx_word' id='word_1_611' title='bbox 839 4103 867 4154; x_wconf 91' lang='lat'><strong>6</strong></span> <span class='ocrx_word' id='word_1_612' title='bbox 926 4105 1000 4173; x_wconf 83' lang='grc' dir='ltr'>μὴ</span> <span class='ocrx_word' id='word_1_613' title='bbox 1044 4102 1253 4167; x_wconf 84' lang='grc' dir='ltr'>τούτοις</span> <span class='ocrx_word' id='word_1_614' title='bbox 1298 4104 1672 4174; x_wconf 82' lang='grc' dir='ltr'>ἁλισκόμενος,</span> <span class='ocrx_word' id='word_1_615' title='bbox 1715 4103 1857 4161; x_wconf 66' lang='grc' dir='ltr'>κατὰ</span> <span class='ocrx_word' id='word_1_616' title='bbox 1899 4104 1955 4157; x_wconf 82' lang='grc' dir='ltr'>δὲ</span> 
     </span>
    </p>
   </div>
   <div class='ocr_carea' id='block_1_81' title="bbox 363 4192 1953 4265">
    <p class='ocr_par' dir='ltr' id='par_1_81' title="bbox 363 4192 1953 4265">
     <span class='ocr_line' id='line_1_81' title="bbox 363 4192 1953 4265; baseline 0.001 -20"><span class='ocrx_word' id='word_1_617' title='bbox 363 4192 498 4246; x_wconf 90' lang='grc' dir='ltr'>Θεοῦ</span> <span class='ocrx_word' id='word_1_618' title='bbox 521 4193 681 4265; x_wconf 88' lang='grc' dir='ltr'>χάριν</span> <span class='ocrx_word' id='word_1_619' title='bbox 708 4194 1000 4257; x_wconf 88' lang='grc' dir='ltr'>ἀναϐάσεις</span> <span class='ocrx_word' id='word_1_620' title='bbox 1034 4193 1245 4263; x_wconf 77' lang='grc' dir='ltr'>ἀγαθὰς</span> <span class='ocrx_word' id='word_1_621' title='bbox 1276 4196 1368 4248; x_wconf 80' lang='grc' dir='ltr'>καὶ</span> <span class='ocrx_word' id='word_1_622' title='bbox 1400 4195 1694 4265; x_wconf 76' lang='grc' dir='ltr'>λογισμοὺς</span> <span class='ocrx_word' id='word_1_623' title='bbox 1722 4198 1787 4248; x_wconf 83' lang='grc' dir='ltr'>ὲκ</span> <span class='ocrx_word' id='word_1_624' title='bbox 1817 4194 1953 4247; x_wconf 87' lang='grc' dir='ltr'>Θεοῦ</span> 
     </span>
    </p>
   </div>
   <div class='ocr_carea' id='block_1_82' title="bbox 361 4280 1954 4358">
    <p class='ocr_par' dir='ltr' id='par_1_82' title="bbox 361 4280 1954 4358">
     <span class='ocr_line' id='line_1_82' title="bbox 361 4280 1954 4358; baseline 0 -21"><span class='ocrx_word' id='word_1_625' title='bbox 361 4285 744 4356; x_wconf 80' lang='grc' dir='ltr'>πεμπομένους</span> <span class='ocrx_word' id='word_1_626' title='bbox 796 4286 853 4337; x_wconf 81' lang='grc' dir='ltr'>ὲν</span> <span class='ocrx_word' id='word_1_627' title='bbox 897 4287 963 4356; x_wconf 83' lang='grc' dir='ltr'><strong>τῇ</strong></span> <span class='ocrx_word' id='word_1_628' title='bbox 1019 4286 1215 4358; x_wconf 79' lang='grc' dir='ltr'>καρδίᾳ</span> <span class='ocrx_word' id='word_1_629' title='bbox 1254 4286 1419 4339; x_wconf 82' lang='grc' dir='ltr'>αὐτοῦ</span> <span class='ocrx_word' id='word_1_630' title='bbox 1470 4286 1767 4356; x_wconf 87' lang='grc' dir='ltr'>κτώμενος,</span> <span class='ocrx_word' id='word_1_631' title='bbox 1799 4280 1954 4350; x_wconf 75' lang='grc' dir='ltr'>οὗτος</span> 
     </span>
    </p>
   </div>
   <div class='ocr_carea' id='block_1_83' title="bbox 361 4374 1952 4448">
    <p class='ocr_par' dir='ltr' id='par_1_83' title="bbox 361 4374 1952 4448">
     <span class='ocr_line' id='line_1_83' title="bbox 361 4374 1952 4448; baseline 0.003 -21"><span class='ocrx_word' id='word_1_632' title='bbox 361 4374 575 4444; x_wconf 88' lang='grc' dir='ltr'>ἀληθῶς</span> <span class='ocrx_word' id='word_1_633' title='bbox 625 4379 911 4448; x_wconf 84' lang='grc' dir='ltr'>μακάριος,</span> <span class='ocrx_word' id='word_1_634' title='bbox 942 4378 970 4429; x_wconf 91' lang='lat'><strong>6</strong></span> <span class='ocrx_word' id='word_1_635' title='bbox 1016 4378 1110 4430; x_wconf 74' lang='grc' dir='ltr'><strong>καὶ</strong></span> <span class='ocrx_word' id='word_1_636' title='bbox 1135 4378 1222 4431; x_wconf 81' lang='grc' dir='ltr'><strong>διὰ</strong></span> <span class='ocrx_word' id='word_1_637' title='bbox 1260 4378 1460 4441; x_wconf 87' lang='grc' dir='ltr'>παντὸς</span> <span class='ocrx_word' id='word_1_638' title='bbox 1490 4379 1760 4431; x_wconf 87' lang='grc' dir='ltr'>κατοικῶν</span> <span class='ocrx_word' id='word_1_639' title='bbox 1787 4382 1845 4432; x_wconf 84' lang='grc' dir='ltr'>ὲν</span> <span class='ocrx_word' id='word_1_640' title='bbox 1874 4378 1952 4448; x_wconf 84' lang='grc' dir='ltr'>τῷ</span> 
     </span>
    </p>
   </div>
   <div class='ocr_carea' id='block_1_84' title="bbox 361 4467 1953 4544">
    <p class='ocr_par' dir='ltr' id='par_1_84' title="bbox 361 4467 1953 4544">
     <span class='ocr_line' id='line_1_84' title="bbox 361 4467 1953 4544; baseline 0.004 -26"><span class='ocrx_word' id='word_1_641' title='bbox 361 4467 496 4537; x_wconf 77' lang='grc' dir='ltr'>οἴκῳ</span> <span class='ocrx_word' id='word_1_642' title='bbox 524 4467 617 4520; x_wconf 90' lang='grc' dir='ltr'><strong>τοῦ</strong></span> <span class='ocrx_word' id='word_1_643' title='bbox 653 4468 809 4531; x_wconf 84' lang='grc' dir='ltr'>Θεοῦ,</span> <span class='ocrx_word' id='word_1_644' title='bbox 838 4471 932 4522; x_wconf 78' lang='grc' dir='ltr'>καὶ</span> <span class='ocrx_word' id='word_1_645' title='bbox 971 4469 1161 4542; x_wconf 84' lang='grc' dir='ltr'>ὥσπερ</span> <span class='ocrx_word' id='word_1_646' title='bbox 1212 4471 1389 4542; x_wconf 76' lang='grc' dir='ltr'>ἱερεύς</span> <span class='ocrx_word' id='word_1_647' title='bbox 1434 4489 1517 4535; x_wconf 88' lang='grc' dir='ltr'><strong>τις</strong></span> <span class='ocrx_word' id='word_1_648' title='bbox 1567 4472 1704 4544; x_wconf 82' lang='grc' dir='ltr'>μόνῃ</span> <span class='ocrx_word' id='word_1_649' title='bbox 1752 4475 1815 4544; x_wconf 81' lang='grc' dir='ltr'>τῇ</span> <span class='ocrx_word' id='word_1_650' title='bbox 1860 4472 1953 4525; x_wconf 87' lang='grc' dir='ltr'>λα-</span> 
     </span>
    </p>
   </div>
   <div class='ocr_carea' id='block_1_85' title="bbox 361 4557 1950 4634">
    <p class='ocr_par' dir='ltr' id='par_1_85' title="bbox 361 4557 1950 4634">
     <span class='ocr_line' id='line_1_85' title="bbox 361 4557 1950 4634; baseline 0.005 -25"><span class='ocrx_word' id='word_1_651' title='bbox 361 4557 518 4629; x_wconf 83' lang='grc' dir='ltr'>τρείᾳ</span> <span class='ocrx_word' id='word_1_652' title='bbox 546 4557 640 4610; x_wconf 86' lang='grc' dir='ltr'><strong>τοῦ</strong></span> <span class='ocrx_word' id='word_1_653' title='bbox 666 4558 801 4611; x_wconf 86' lang='grc' dir='ltr'>Θεοῦ</span> <span class='ocrx_word' id='word_1_654' title='bbox 839 4559 1145 4628; x_wconf 79' lang='grc' dir='ltr'>σχολάζων,</span> <span class='ocrx_word' id='word_1_655' title='bbox 1173 4562 1266 4614; x_wconf 68' lang='grc' dir='ltr'><strong>καὶ</strong></span> <span class='ocrx_word' id='word_1_656' title='bbox 1311 4562 1579 4634; x_wconf 87' lang='grc' dir='ltr'>μακάριος</span> <span class='ocrx_word' id='word_1_657' title='bbox 1617 4558 1802 4625; x_wconf 71' lang='grc' dir='ltr'>οὗτος·</span> <span class='ocrx_word' id='word_1_658' title='bbox 1854 4566 1950 4618; x_wconf 83' lang='grc' dir='ltr'>ἆτε</span> 
     </span>
    </p>
   </div>
   <div class='ocr_carea' id='block_1_86' title="bbox 361 4649 1949 4726">
    <p class='ocr_par' dir='ltr' id='par_1_86' title="bbox 361 4649 1949 4726">
     <span class='ocr_line' id='line_1_86' title="bbox 361 4649 1949 4726; baseline 0.006 -26"><span class='ocrx_word' id='word_1_659' title='bbox 361 4649 580 4719; x_wconf 84' lang='grc' dir='ltr'>πρῶτον</span> <span class='ocrx_word' id='word_1_660' title='bbox 609 4651 705 4718; x_wconf 83' lang='grc' dir='ltr'>μὲν</span> <span class='ocrx_word' id='word_1_661' title='bbox 750 4652 1119 4724; x_wconf 84' lang='grc' dir='ltr'>ἀντιλήπτορα</span> <span class='ocrx_word' id='word_1_662' title='bbox 1167 4652 1304 4724; x_wconf 75' lang='grc' dir='ltr'>ἔχων</span> <span class='ocrx_word' id='word_1_663' title='bbox 1352 4654 1445 4708; x_wconf 79' lang='grc' dir='ltr'><strong>τὸν</strong></span> <span class='ocrx_word' id='word_1_664' title='bbox 1485 4654 1617 4719; x_wconf 85' lang='grc' dir='ltr'>Θεὸν</span> <span class='ocrx_word' id='word_1_665' title='bbox 1655 4655 1949 4726; x_wconf 82' lang='grc' dir='ltr'>βοηθοῦντα</span> 
     </span>
    </p>
   </div>
   <div class='ocr_carea' id='block_1_87' title="bbox 2055 4104 3637 4178">
    <p class='ocr_par' dir='ltr' id='par_1_87' title="bbox 2055 4104 3637 4178">
     <span class='ocr_line' id='line_1_87' title="bbox 2055 4104 3637 4178; baseline -0.001 -15"><span class='ocrx_word' id='word_1_666' title='bbox 2055 4116 2165 4175; x_wconf 92' lang='lat' dir='ltr'><strong>cat,</strong></span> <span class='ocrx_word' id='word_1_667' title='bbox 2206 4123 2340 4164; x_wconf 92' lang='lat' dir='ltr'><strong>sane</strong></span> <span class='ocrx_word' id='word_1_668' title='bbox 2387 4118 2439 4163; x_wconf 88' lang='lat' dir='ltr'><strong>et</strong></span> <span class='ocrx_word' id='word_1_669' title='bbox 2485 4109 2681 4171; x_wconf 80' lang='lat' dir='ltr'><strong>beatus</strong></span> <span class='ocrx_word' id='word_1_670' title='bbox 2725 4109 2816 4163; x_wconf 92' lang='lat' dir='ltr'><strong>ille</strong></span> <span class='ocrx_word' id='word_1_671' title='bbox 2850 4130 2861 4162; x_wconf 87' lang='lat'>:</span> <span class='ocrx_word' id='word_1_672' title='bbox 2891 4110 3070 4178; x_wconf 84' lang='lat' dir='ltr'><strong>primo</strong></span> <span class='ocrx_word' id='word_1_673' title='bbox 3111 4107 3240 4177; x_wconf 92' lang='lat' dir='ltr'><strong>quia</strong></span> <span class='ocrx_word' id='word_1_674' title='bbox 3284 4106 3340 4160; x_wconf 93' lang='lat' dir='ltr'><strong>in</strong></span> <span class='ocrx_word' id='word_1_675' title='bbox 3380 4104 3637 4161; x_wconf 89' lang='lat' dir='ltr'><strong>omnibus</strong></span> 
     </span>
    </p>
   </div>
   <div class='ocr_carea' id='block_1_88' title="bbox 2056 4200 3637 4270">
    <p class='ocr_par' dir='ltr' id='par_1_88' title="bbox 2056 4200 3637 4270">
     <span class='ocr_line' id='line_1_88' title="bbox 2056 4200 3637 4270; baseline -0.004 -16"><span class='ocrx_word' id='word_1_676' title='bbox 2056 4201 2270 4267; x_wconf 82' lang='lat' dir='ltr'><strong>actibus</strong></span> <span class='ocrx_word' id='word_1_677' title='bbox 2294 4201 2411 4256; x_wconf 88' lang='lat' dir='ltr'><strong>suis</strong></span> <span class='ocrx_word' id='word_1_678' title='bbox 2437 4200 2608 4256; x_wconf 92' lang='lat' dir='ltr'><strong>Deum</strong></span> <span class='ocrx_word' id='word_1_679' title='bbox 2634 4200 2798 4255; x_wconf 88' lang='lat' dir='ltr'><strong>habet</strong></span> <span class='ocrx_word' id='word_1_680' title='bbox 2828 4208 3206 4270; x_wconf 86' lang='lat' dir='ltr'><strong>susceptorem</strong></span> <span class='ocrx_word' id='word_1_681' title='bbox 3230 4204 3285 4255; x_wconf 86' lang='lat' dir='ltr'><strong>et</strong></span> <span class='ocrx_word' id='word_1_682' title='bbox 3308 4206 3637 4268; x_wconf 84' lang='lat' dir='ltr'><strong>patronum;</strong></span> 
     </span>
    </p>
   </div>
   <div class='ocr_carea' id='block_1_89' title="bbox 2054 4286 3635 4359">
    <p class='ocr_par' dir='ltr' id='par_1_89' title="bbox 2054 4286 3635 4359">
     <span class='ocr_line' id='line_1_89' title="bbox 2054 4286 3635 4359; baseline -0.003 -16"><span class='ocrx_word' id='word_1_683' title='bbox 2054 4289 2251 4345; x_wconf 86' lang='lat' dir='ltr'><strong>deinde</strong></span> <span class='ocrx_word' id='word_1_684' title='bbox 2290 4289 2420 4359; x_wconf 91' lang='lat' dir='ltr'><strong>quia</strong></span> <span class='ocrx_word' id='word_1_685' title='bbox 2477 4290 2835 4347; x_wconf 87' lang='lat' dir='ltr'><strong>ascensiones</strong></span> <span class='ocrx_word' id='word_1_686' title='bbox 2885 4288 2982 4345; x_wconf 90' lang='lat' dir='ltr'><strong>Dei</strong></span> <span class='ocrx_word' id='word_1_687' title='bbox 3040 4289 3097 4345; x_wconf 94' lang='lat' dir='ltr'><strong>in</strong></span> <span class='ocrx_word' id='word_1_688' title='bbox 3143 4288 3310 4351; x_wconf 89' lang='lat' dir='ltr'><strong>corde</strong></span> <span class='ocrx_word' id='word_1_689' title='bbox 3352 4286 3635 4357; x_wconf 85' lang='lat' dir='ltr'><strong>possidet;</strong></span> 
     </span>
    </p>
   </div>
   <div class='ocr_carea' id='block_1_90' title="bbox 2053 4379 3637 4453">
    <p class='ocr_par' dir='ltr' id='par_1_90' title="bbox 2053 4379 3637 4453">
     <span class='ocr_line' id='line_1_90' title="bbox 2053 4379 3637 4453; baseline -0.001 -17"><span class='ocrx_word' id='word_1_690' title='bbox 2053 4382 2253 4452; x_wconf 86' lang='lat' dir='ltr'><strong>quibus</strong></span> <span class='ocrx_word' id='word_1_691' title='bbox 2282 4382 2699 4439; x_wconf 88' lang='lat' dir='ltr'><strong>ascensionibus</strong></span> <span class='ocrx_word' id='word_1_692' title='bbox 2732 4382 3118 4453; x_wconf 81' lang='lat' dir='ltr'><strong>signiﬁcantur</strong></span> <span class='ocrx_word' id='word_1_693' title='bbox 3146 4382 3507 4451; x_wconf 77' lang='lat' dir='ltr'><strong>cogitationes</strong></span> <span class='ocrx_word' id='word_1_694' title='bbox 3537 4379 3637 4434; x_wconf 81' lang='lat' dir='ltr'><strong>bo-</strong></span> 
     </span>
    </p>
   </div>
   <div class='ocr_carea' id='block_1_91' title="bbox 2052 4472 3635 4544">
    <p class='ocr_par' dir='ltr' id='par_1_91' title="bbox 2052 4472 3635 4544">
     <span class='ocr_line' id='line_1_91' title="bbox 2052 4472 3635 4544; baseline -0.003 -12"><span class='ocrx_word' id='word_1_695' title='bbox 2052 4489 2155 4539; x_wconf 67' lang='lat' dir='ltr'><strong>nae,</strong></span> <span class='ocrx_word' id='word_1_696' title='bbox 2182 4490 2303 4544; x_wconf 73' lang='lat' dir='ltr'><strong>qua:</strong></span> <span class='ocrx_word' id='word_1_697' title='bbox 2331 4490 2395 4533; x_wconf 81' lang='lat' dir='ltr'><strong>ex</strong></span> <span class='ocrx_word' id='word_1_698' title='bbox 2423 4473 2521 4529; x_wconf 89' lang='lat' dir='ltr'><strong>Dei</strong></span> <span class='ocrx_word' id='word_1_699' title='bbox 2548 4483 2685 4529; x_wconf 92' lang='lat' dir='ltr'><strong>nutu</strong></span> <span class='ocrx_word' id='word_1_700' title='bbox 2718 4475 2772 4528; x_wconf 91' lang='lat' dir='ltr'><strong>in</strong></span> <span class='ocrx_word' id='word_1_701' title='bbox 2804 4476 3125 4540; x_wconf 83' lang='lat' dir='ltr'><strong>memoriam</strong></span> <span class='ocrx_word' id='word_1_702' title='bbox 3165 4475 3286 4542; x_wconf 88' lang='lat' dir='ltr'><strong>ejus</strong></span> <span class='ocrx_word' id='word_1_703' title='bbox 3316 4473 3409 4541; x_wconf 91' lang='lat' dir='ltr'><strong>qui</strong></span> <span class='ocrx_word' id='word_1_704' title='bbox 3442 4472 3635 4527; x_wconf 88' lang='lat' dir='ltr'><strong>beatus</strong></span> 
     </span>
    </p>
   </div>
   <div class='ocr_carea' id='block_1_92' title="bbox 2050 4563 3635 4636">
    <p class='ocr_par' dir='ltr' id='par_1_92' title="bbox 2050 4563 3635 4636">
     <span class='ocr_line' id='line_1_92' title="bbox 2050 4563 3635 4636; baseline -0.006 -11"><span class='ocrx_word' id='word_1_705' title='bbox 2050 4566 2382 4636; x_wconf 64' lang='lat' dir='ltr'><strong>praedicatur</strong></span> <span class='ocrx_word' id='word_1_706' title='bbox 2411 4566 2717 4622; x_wconf 91' lang='lat' dir='ltr'><strong>ascendunt</strong></span> <span class='ocrx_word' id='word_1_707' title='bbox 2747 4574 2801 4621; x_wconf 90' lang='lat' dir='ltr'><strong>et</strong></span> <span class='ocrx_word' id='word_1_708' title='bbox 2831 4573 3154 4621; x_wconf 90' lang='lat' dir='ltr'><strong>accurrunt.</strong></span> <span class='ocrx_word' id='word_1_709' title='bbox 3186 4564 3240 4617; x_wconf 88' lang='lat' dir='ltr'><strong>ld</strong></span> <span class='ocrx_word' id='word_1_710' title='bbox 3274 4578 3441 4632; x_wconf 90' lang='lat' dir='ltr'><strong>porro</strong></span> <span class='ocrx_word' id='word_1_711' title='bbox 3475 4563 3635 4616; x_wconf 85' lang='lat' dir='ltr'><strong>intel-</strong></span> 
     </span>
    </p>
   </div>
   <div class='ocr_carea' id='block_1_93' title="bbox 2050 4655 3635 4729">
    <p class='ocr_par' dir='ltr' id='par_1_93' title="bbox 2050 4655 3635 4729">
     <span class='ocr_line' id='line_1_93' title="bbox 2050 4655 3635 4729; baseline -0.003 -17"><span class='ocrx_word' id='word_1_712' title='bbox 2050 4659 2208 4729; x_wconf 81' lang='lat' dir='ltr'><strong>ligas,</strong></span> <span class='ocrx_word' id='word_1_713' title='bbox 2255 4660 2303 4715; x_wconf 89' lang='lat' dir='ltr'><strong>si</strong></span> <span class='ocrx_word' id='word_1_714' title='bbox 2349 4659 2480 4725; x_wconf 87' lang='lat' dir='ltr'><strong>h_uic</strong></span> <span class='ocrx_word' id='word_1_715' title='bbox 2521 4660 2670 4715; x_wconf 91' lang='lat' dir='ltr'><strong>dicto</strong></span> <span class='ocrx_word' id='word_1_716' title='bbox 2722 4659 2978 4717; x_wconf 81' lang='lat' dir='ltr'><strong>conferas</strong></span> <span class='ocrx_word' id='word_1_717' title='bbox 3009 4658 3143 4714; x_wconf 86' lang='lat' dir='ltr'><strong>illud</strong></span> <span class='ocrx_word' id='word_1_718' title='bbox 3167 4659 3211 4689; x_wconf 77' lang='grc'><strong>’⁸</strong></span> <span class='ocrx_word' id='word_1_719' title='bbox 3242 4677 3254 4713; x_wconf 95' lang='lat'>:</span> <span class='ocrx_word' id='word_1_720' title='bbox 3282 4655 3417 4711; x_wconf 87' lang='lat' dir='ltr'><strong>Cum</strong></span> <span class='ocrx_word' id='word_1_721' title='bbox 3458 4671 3635 4718; x_wconf 70' lang='lat' dir='ltr'><strong>perse-</strong></span> 
     </span>
    </p>
   </div>
   <div class='ocr_carea' id='block_1_94' title="bbox 360 4735 1958 4821">
    <p class='ocr_par' dir='ltr' id='par_1_94' title="bbox 360 4737 1949 4812">
     <span class='ocr_line' id='line_1_94' title="bbox 360 4737 1949 4812; baseline 0.007 -24"><span class='ocrx_word' id='word_1_722' title='bbox 360 4737 527 4807; x_wconf 77' lang='grc' dir='ltr'>αὐτῷ,</span> <span class='ocrx_word' id='word_1_723' title='bbox 568 4739 661 4791; x_wconf 79' lang='grc' dir='ltr'>καὶ</span> <span class='ocrx_word' id='word_1_724' title='bbox 693 4741 1221 4812; x_wconf 89' lang='grc' dir='ltr'>ἀντιλαμϐανόμενον</span> <span class='ocrx_word' id='word_1_725' title='bbox 1265 4745 1322 4796; x_wconf 82' lang='grc' dir='ltr'>ὲν</span> <span class='ocrx_word' id='word_1_726' title='bbox 1372 4744 1576 4808; x_wconf 83' lang='grc' dir='ltr'>πάσαις</span> <span class='ocrx_word' id='word_1_727' title='bbox 1620 4746 1782 4798; x_wconf 79' lang='grc' dir='ltr'>αὑτοῦ</span> <span class='ocrx_word' id='word_1_728' title='bbox 1829 4749 1949 4809; x_wconf 88' lang='grc' dir='ltr'>ταῖς</span> 
     </span>
    </p>
   </div>
   <div class='ocr_carea' id='block_1_95' title="bbox 2061 4735 3636 4821">
    <p class='ocr_par' dir='ltr' id='par_1_95' title="bbox 2061 4750 3636 4821">
     <span class='ocr_line' id='line_1_95' title="bbox 2061 4750 3636 4821; baseline 0 -18"><span class='ocrx_word' id='word_1_729' title='bbox 2061 4760 2275 4821; x_wconf 79' lang='lat' dir='ltr'><strong>quentur</strong></span> <span class='ocrx_word' id='word_1_730' title='bbox 2312 4768 2401 4806; x_wconf 89' lang='lat' dir='ltr'><strong>vos</strong></span> <span class='ocrx_word' id='word_1_731' title='bbox 2448 4761 2499 4807; x_wconf 85' lang='lat' dir='ltr'><strong>et</strong></span> <span class='ocrx_word' id='word_1_732' title='bbox 2534 4752 2797 4807; x_wconf 84' lang='lat' dir='ltr'><strong>adducent</strong></span> <span class='ocrx_word' id='word_1_733' title='bbox 2828 4754 2883 4807; x_wconf 89' lang='lat' dir='ltr'><strong>in</strong></span> <span class='ocrx_word' id='word_1_734' title='bbox 2921 4752 3170 4815; x_wconf 75' lang='lat' dir='ltr'><strong>concilia,</strong></span> <span class='ocrx_word' id='word_1_735' title='bbox 3202 4750 3362 4804; x_wconf 86' lang='lat' dir='ltr'><strong>nolite</strong></span> <span class='ocrx_word' id='word_1_736' title='bbox 3403 4750 3636 4819; x_wconf 84' lang='lat' dir='ltr'><strong>cogitare</strong></span> 
     </span>
    </p>
   </div>
   <div class='ocr_carea' id='block_1_96' title="bbox 359 4827 1943 4908">
    <p class='ocr_par' dir='ltr' id='par_1_96' title="bbox 359 4827 1943 4908">
     <span class='ocr_line' id='line_1_96' title="bbox 359 4827 1943 4908; baseline 0.007 -29"><span class='ocrx_word' id='word_1_737' title='bbox 359 4827 653 4897; x_wconf 73' lang='grc' dir='ltr'><strong>’πράξεσιν⁶</strong></span> <span class='ocrx_word' id='word_1_738' title='bbox 682 4830 872 4885; x_wconf 78' lang='grc' dir='ltr'>ἔπειτα</span> <span class='ocrx_word' id='word_1_739' title='bbox 906 4833 1242 4903; x_wconf 81' lang='grc' dir='ltr'>κεκτημένος</span> <span class='ocrx_word' id='word_1_740' title='bbox 1268 4834 1561 4898; x_wconf 89' lang='grc' dir='ltr'>ἀναϐάσεις</span> <span class='ocrx_word' id='word_1_741' title='bbox 1600 4836 1733 4889; x_wconf 83' lang='grc' dir='ltr'>Θεοῦ</span> <span class='ocrx_word' id='word_1_742' title='bbox 1780 4839 1837 4890; x_wconf 82' lang='grc' dir='ltr'>ὲν</span> <span class='ocrx_word' id='word_1_743' title='bbox 1878 4840 1943 4908; x_wconf 79' lang='grc' dir='ltr'>τῇ</span> 
     </span>
    </p>
   </div>
   <div class='ocr_carea' id='block_1_97' title="bbox 360 4920 1946 4998">
    <p class='ocr_par' dir='ltr' id='par_1_97' title="bbox 360 4920 1946 4998">
     <span class='ocr_line' id='line_1_97' title="bbox 360 4920 1946 4998; baseline 0.007 -28"><span class='ocrx_word' id='word_1_744' title='bbox 360 4920 555 4991; x_wconf 81' lang='grc' dir='ltr'>καρδίᾳ</span> <span class='ocrx_word' id='word_1_745' title='bbox 586 4921 749 4975; x_wconf 87' lang='grc' dir='ltr'>αὐτοῦ</span> <span class='ocrx_word' id='word_1_746' title='bbox 773 4940 786 4952; x_wconf 90' lang='grc'><strong>·</strong></span> <span class='ocrx_word' id='word_1_747' title='bbox 815 4924 1052 4993; x_wconf 78' lang='grc' dir='ltr'>ἀγαθοὺς</span> <span class='ocrx_word' id='word_1_748' title='bbox 1089 4925 1147 4977; x_wconf 84' lang='grc' dir='ltr'>δὲ</span> <span class='ocrx_word' id='word_1_749' title='bbox 1187 4925 1478 4997; x_wconf 82' lang='grc' dir='ltr'>λογισμοὺς</span> <span class='ocrx_word' id='word_1_750' title='bbox 1512 4929 1865 4998; x_wconf 90' lang='grc' dir='ltr'>σημαίνουσιν</span> <span class='ocrx_word' id='word_1_751' title='bbox 1891 4931 1946 4981; x_wconf 83' lang='lat' dir='ltr'><strong>al</strong></span> 
     </span>
    </p>
   </div>
   <div class='ocr_carea' id='block_1_98' title="bbox 359 5012 1952 5093">
    <p class='ocr_par' dir='ltr' id='par_1_98' title="bbox 359 5012 1952 5093">
     <span class='ocr_line' id='line_1_98' title="bbox 359 5012 1952 5093; baseline 0.009 -29"><span class='ocrx_word' id='word_1_752' title='bbox 359 5012 653 5078; x_wconf 88' lang='grc' dir='ltr'>ἀναϐάσεις</span> <span class='ocrx_word' id='word_1_753' title='bbox 683 5016 777 5069; x_wconf 76' lang='grc' dir='ltr'><strong>καὶ</strong></span> <span class='ocrx_word' id='word_1_754' title='bbox 804 5016 1013 5085; x_wconf 85' lang='grc' dir='ltr'>ἀγαθὰς</span> <span class='ocrx_word' id='word_1_755' title='bbox 1038 5018 1363 5090; x_wconf 81' lang='grc' dir='ltr'>ἐνθυμήσεις</span> <span class='ocrx_word' id='word_1_756' title='bbox 1383 5020 1482 5083; x_wconf 87' lang='grc' dir='ltr'><strong>τάς</strong></span> <span class='ocrx_word' id='word_1_757' title='bbox 1509 5021 1648 5075; x_wconf 86' lang='grc' dir='ltr'><strong>κατά</strong></span> <span class='ocrx_word' id='word_1_758' title='bbox 1674 5021 1808 5075; x_wconf 89' lang='grc' dir='ltr'>Θεοῦ</span> <span class='ocrx_word' id='word_1_759' title='bbox 1835 5022 1952 5093; x_wconf 85' lang='grc' dir='ltr'>βου.</span> 
     </span>
    </p>
   </div>
   <div class='ocr_carea' id='block_1_99' title="bbox 2052 4841 3634 4919">
    <p class='ocr_par' dir='ltr' id='par_1_99' title="bbox 2052 4841 3634 4919">
     <span class='ocr_line' id='line_1_99' title="bbox 2052 4841 3634 4919; baseline -0.001 -21"><span class='ocrx_word' id='word_1_760' title='bbox 2052 4846 2309 4916; x_wconf 81' lang='lat' dir='ltr'><strong>quomodo</strong></span> <span class='ocrx_word' id='word_1_761' title='bbox 2360 4858 2454 4901; x_wconf 88' lang='lat' dir='ltr'><strong>aut</strong></span> <span class='ocrx_word' id='word_1_762' title='bbox 2497 4849 2625 4918; x_wconf 87' lang='lat' dir='ltr'><strong>quid</strong></span> <span class='ocrx_word' id='word_1_763' title='bbox 2675 4848 2964 4919; x_wconf 85' lang='lat' dir='ltr'><strong>loquamini</strong></span> <span class='ocrx_word' id='word_1_764' title='bbox 2995 4862 3011 4899; x_wconf 90' lang='lat'><strong><em>:</em></strong></span> <span class='ocrx_word' id='word_1_765' title='bbox 3042 4845 3260 4899; x_wconf 86' lang='lat' dir='ltr'><strong>dabitur</strong></span> <span class='ocrx_word' id='word_1_766' title='bbox 3308 4845 3447 4897; x_wconf 85' lang='lat' dir='ltr'><strong>enim</strong></span> <span class='ocrx_word' id='word_1_767' title='bbox 3492 4841 3634 4896; x_wconf 82' lang='lat' dir='ltr'><strong>vobis</strong></span> 
     </span>
    </p>
   </div>
   <div class='ocr_carea' id='block_1_100' title="bbox 2053 4934 3634 5007">
    <p class='ocr_par' dir='ltr' id='par_1_100' title="bbox 2053 4934 3634 5007">
     <span class='ocr_line' id='line_1_100' title="bbox 2053 4934 3634 5007; baseline -0.001 -17"><span class='ocrx_word' id='word_1_768' title='bbox 2053 4954 2224 4991; x_wconf 87' lang='lat' dir='ltr'><strong>sermo</strong></span> <span class='ocrx_word' id='word_1_769' title='bbox 2250 4939 2305 4991; x_wconf 87' lang='lat' dir='ltr'><strong>in</strong></span> <span class='ocrx_word' id='word_1_770' title='bbox 2341 4942 2609 5007; x_wconf 87' lang='lat' dir='ltr'><strong>apertione</strong></span> <span class='ocrx_word' id='word_1_771' title='bbox 2640 4942 2748 4994; x_wconf 89' lang='lat' dir='ltr'><strong>oris</strong></span> <span class='ocrx_word' id='word_1_772' title='bbox 2793 4941 2952 4994; x_wconf 84' lang='lat' dir='ltr'><strong>vestri</strong></span> <span class='ocrx_word' id='word_1_773' title='bbox 2974 4940 3041 4994; x_wconf 68' lang='lat'><strong>&#39;9.</strong></span> <span class='ocrx_word' id='word_1_774' title='bbox 3073 4937 3194 4991; x_wconf 86' lang='lat' dir='ltr'><strong>Non</strong></span> <span class='ocrx_word' id='word_1_775' title='bbox 3226 4938 3365 4990; x_wconf 86' lang='lat' dir='ltr'><strong>enim</strong></span> <span class='ocrx_word' id='word_1_776' title='bbox 3392 4952 3479 4990; x_wconf 82' lang='lat' dir='ltr'><strong>vos</strong></span> <span class='ocrx_word' id='word_1_777' title='bbox 3508 4934 3634 4988; x_wconf 83' lang='lat' dir='ltr'><strong>estis</strong></span> 
     </span>
    </p>
   </div>
   <div class='ocr_carea' id='block_1_101' title="bbox 2053 5029 3634 5102">
    <p class='ocr_par' dir='ltr' id='par_1_101' title="bbox 2053 5029 3634 5102">
     <span class='ocr_line' id='line_1_101' title="bbox 2053 5029 3634 5102; baseline -0.001 -19"><span class='ocrx_word' id='word_1_778' title='bbox 2053 5032 2142 5101; x_wconf 87' lang='lat' dir='ltr'><strong>qui</strong></span> <span class='ocrx_word' id='word_1_779' title='bbox 2182 5032 2495 5102; x_wconf 85' lang='lat' dir='ltr'><strong>loquimini,</strong></span> <span class='ocrx_word' id='word_1_780' title='bbox 2547 5033 2637 5099; x_wconf 78' lang='lat' dir='ltr'><strong>sed</strong></span> <span class='ocrx_word' id='word_1_781' title='bbox 2677 5032 2910 5102; x_wconf 85' lang='lat' dir='ltr'><strong>Spiritus</strong></span> <span class='ocrx_word' id='word_1_782' title='bbox 2963 5031 3148 5087; x_wconf 86' lang='lat' dir='ltr'><strong>Patris</strong></span> <span class='ocrx_word' id='word_1_783' title='bbox 3200 5033 3392 5094; x_wconf 84' lang='lat' dir='ltr'><strong>vestri,</strong></span> <span class='ocrx_word' id='word_1_784' title='bbox 3446 5030 3536 5099; x_wconf 87' lang='lat' dir='ltr'><strong>qui</strong></span> <span class='ocrx_word' id='word_1_785' title='bbox 3580 5029 3634 5082; x_wconf 88' lang='lat' dir='ltr'><strong>in</strong></span> 
     </span>
    </p>
   </div>
   <div class='ocr_carea' id='block_1_102' title="bbox 359 5103 1958 5193">
    <p class='ocr_par' dir='ltr' id='par_1_102' title="bbox 359 5103 1948 5184">
     <span class='ocr_line' id='line_1_102' title="bbox 359 5103 1948 5184; baseline 0.008 -29"><span class='ocrx_word' id='word_1_786' title='bbox 359 5103 453 5173; x_wconf 85' lang='grc' dir='ltr'>λὴν</span> <span class='ocrx_word' id='word_1_787' title='bbox 484 5106 738 5169; x_wconf 87' lang='grc' dir='ltr'>ἀνιούσας</span> <span class='ocrx_word' id='word_1_788' title='bbox 775 5107 868 5160; x_wconf 75' lang='grc' dir='ltr'>καὶ</span> <span class='ocrx_word' id='word_1_789' title='bbox 907 5110 1309 5181; x_wconf 84' lang='grc' dir='ltr'>ἀνατρεχούσας</span> <span class='ocrx_word' id='word_1_790' title='bbox 1342 5112 1432 5164; x_wconf 76' lang='grc' dir='ltr'><strong>ἐπὶ</strong></span> <span class='ocrx_word' id='word_1_791' title='bbox 1464 5110 1561 5183; x_wconf 87' lang='grc' dir='ltr'>τὴν</span> <span class='ocrx_word' id='word_1_792' title='bbox 1587 5113 1809 5184; x_wconf 82' lang='grc' dir='ltr'>μνήμην</span> <span class='ocrx_word' id='word_1_793' title='bbox 1855 5114 1948 5168; x_wconf 90' lang='grc' dir='ltr'><strong>τοῦ</strong></span> 
     </span>
    </p>
   </div>
   <div class='ocr_carea' id='block_1_103' title="bbox 2061 5103 3635 5193">
    <p class='ocr_par' dir='ltr' id='par_1_103' title="bbox 2061 5116 3635 5193">
     <span class='ocr_line' id='line_1_103' title="bbox 2061 5116 3635 5193; baseline -0.002 -18"><span class='ocrx_word' id='word_1_794' title='bbox 2061 5121 2199 5175; x_wconf 74' lang='lat' dir='ltr'><strong>oculis</strong></span> <span class='ocrx_word' id='word_1_795' title='bbox 2224 5132 2322 5184; x_wconf 86' lang='lat' dir='ltr'><strong>est,</strong></span> <span class='ocrx_word' id='word_1_796' title='bbox 2364 5124 2454 5191; x_wconf 87' lang='lat' dir='ltr'><strong>qui</strong></span> <span class='ocrx_word' id='word_1_797' title='bbox 2487 5124 2720 5193; x_wconf 80' lang='lat' dir='ltr'><strong>loquitur</strong></span> <span class='ocrx_word' id='word_1_798' title='bbox 2752 5124 2805 5176; x_wconf 90' lang='lat' dir='ltr'><strong>in</strong></span> <span class='ocrx_word' id='word_1_799' title='bbox 2845 5122 3009 5178; x_wconf 83' lang='lat' dir='ltr'><strong>vobis.</strong></span> <span class='ocrx_word' id='word_1_800' title='bbox 3041 5121 3176 5177; x_wconf 83' lang='lat' dir='ltr'><strong>Nam</strong></span> <span class='ocrx_word' id='word_1_801' title='bbox 3214 5122 3263 5177; x_wconf 89' lang='lat' dir='ltr'><strong>is</strong></span> <span class='ocrx_word' id='word_1_802' title='bbox 3289 5121 3344 5174; x_wconf 89' lang='lat' dir='ltr'><strong>in</strong></span> <span class='ocrx_word' id='word_1_803' title='bbox 3370 5136 3480 5190; x_wconf 92' lang='lat' dir='ltr'><strong>quo</strong></span> <span class='ocrx_word' id='word_1_804' title='bbox 3512 5116 3635 5188; x_wconf 86' lang='lat' dir='ltr'><strong>Spi-</strong></span> 
     </span>
    </p>
   </div>
   <div class='ocr_carea' id='block_1_104' title="bbox 356 5195 1958 5299">
    <p class='ocr_par' dir='ltr' id='par_1_104' title="bbox 356 5195 1944 5274">
     <span class='ocr_line' id='line_1_104' title="bbox 356 5195 1944 5274; baseline 0.007 -28"><span class='ocrx_word' id='word_1_805' title='bbox 356 5195 819 5266; x_wconf 80' lang='grc' dir='ltr'>μακαριζομένου.</span> <span class='ocrx_word' id='word_1_806' title='bbox 846 5199 958 5271; x_wconf 83' lang='grc' dir='ltr'><strong>Νοή</strong></span> <span class='ocrx_word' id='word_1_807' title='bbox 969 5219 1078 5264; x_wconf 83' lang='grc' dir='ltr'>σεις</span> <span class='ocrx_word' id='word_1_808' title='bbox 1100 5203 1155 5255; x_wconf 84' lang='grc' dir='ltr'>δὲ</span> <span class='ocrx_word' id='word_1_809' title='bbox 1178 5202 1335 5255; x_wconf 90' lang='grc' dir='ltr'>τοῦτο</span> <span class='ocrx_word' id='word_1_810' title='bbox 1356 5203 1622 5274; x_wconf 79' lang='grc' dir='ltr'>παραθεὶς</span> <span class='ocrx_word' id='word_1_811' title='bbox 1645 5204 1735 5256; x_wconf 87' lang='grc' dir='ltr'>τό·</span> <span class='ocrx_word' id='word_1_812' title='bbox 1768 5205 1944 5259; x_wconf 84' lang='grc' dir='ltr'>Ὅταν</span> 
     </span>
    </p>
   </div>
   <div class='ocr_carea' id='block_1_105' title="bbox 2061 5195 3634 5299">
    <p class='ocr_par' dir='ltr' id='par_1_105' title="bbox 2061 5209 3634 5285">
     <span class='ocr_line' id='line_1_105' title="bbox 2061 5209 3634 5285; baseline -0.002 -20"><span class='ocrx_word' id='word_1_813' title='bbox 2061 5212 2195 5267; x_wconf 88' lang='lat' dir='ltr'><strong>ritus</strong></span> <span class='ocrx_word' id='word_1_814' title='bbox 2231 5212 2325 5268; x_wconf 87' lang='lat' dir='ltr'><strong>Dei</strong></span> <span class='ocrx_word' id='word_1_815' title='bbox 2372 5215 2633 5285; x_wconf 89' lang='lat' dir='ltr'><strong>loquitur,</strong></span> <span class='ocrx_word' id='word_1_816' title='bbox 2682 5217 2736 5269; x_wconf 92' lang='lat' dir='ltr'><strong>in</strong></span> <span class='ocrx_word' id='word_1_817' title='bbox 2761 5214 2927 5270; x_wconf 84' lang='lat' dir='ltr'><strong>corde</strong></span> <span class='ocrx_word' id='word_1_818' title='bbox 2959 5214 3314 5269; x_wconf 89' lang='lat' dir='ltr'><strong>ascensiones</strong></span> <span class='ocrx_word' id='word_1_819' title='bbox 3368 5210 3460 5265; x_wconf 89' lang='lat' dir='ltr'><strong>Dei</strong></span> <span class='ocrx_word' id='word_1_820' title='bbox 3491 5209 3634 5263; x_wconf 89' lang='lat' dir='ltr'><strong>obti-</strong></span> 
     </span>
    </p>
   </div>
   <div class='ocr_carea' id='block_1_106' title="bbox 354 5282 1958 5380">
    <p class='ocr_par' dir='ltr' id='par_1_106' title="bbox 354 5282 1941 5380">
     <span class='ocr_line' id='line_1_106' title="bbox 354 5282 1941 5380; baseline 0.011 -45"><span class='ocrx_word' id='word_1_821' title='bbox 354 5282 649 5380; x_wconf 79' lang='grc' dir='ltr'>διώκωσιν</span> <span class='ocrx_word' id='word_1_822' title='bbox 676 5286 830 5356; x_wconf 84' lang='grc' dir='ltr'>ὑμᾶς</span> <span class='ocrx_word' id='word_1_823' title='bbox 859 5291 959 5344; x_wconf 76' lang='grc' dir='ltr'>καὶ</span> <span class='ocrx_word' id='word_1_824' title='bbox 991 5290 1217 5361; x_wconf 77' lang='grc' dir='ltr'>ἄγωσιν</span> <span class='ocrx_word' id='word_1_825' title='bbox 1253 5296 1340 5359; x_wconf 85' lang='grc' dir='ltr'><strong>είς</strong></span> <span class='ocrx_word' id='word_1_826' title='bbox 1363 5293 1671 5363; x_wconf 81' lang='grc' dir='ltr'>συνέδρια,</span> <span class='ocrx_word' id='word_1_827' title='bbox 1710 5296 1797 5366; x_wconf 82' lang='grc' dir='ltr'>μὴ</span> <span class='ocrx_word' id='word_1_828' title='bbox 1834 5316 1941 5367; x_wconf 84' lang='grc' dir='ltr'>με-</span> 
     </span>
    </p>
   </div>
   <div class='ocr_carea' id='block_1_107' title="bbox 2061 5282 3633 5380">
    <p class='ocr_par' dir='ltr' id='par_1_107' title="bbox 2061 5282 3633 5380">
     <span class='ocr_line' id='line_1_107' title="bbox 2061 5282 3633 5380; baseline 0 -25"><span class='ocrx_word' id='word_1_829' title='bbox 2061 5312 2163 5358; x_wconf 88' lang='lat' dir='ltr'><strong>net.</strong></span> <span class='ocrx_word' id='word_1_830' title='bbox 2200 5302 2353 5360; x_wconf 89' lang='lat' dir='ltr'><strong>Unde</strong></span> <span class='ocrx_word' id='word_1_831' title='bbox 2384 5282 2578 5363; x_wconf 50' lang='lat' dir='ltr'><strong>[nolito</strong></span> <span class='ocrx_word' id='word_1_832' title='bbox 2604 5307 2798 5361; x_wconf 88' lang='lat' dir='ltr'><strong>beatus</strong></span> <span class='ocrx_word' id='word_1_833' title='bbox 2828 5306 3176 5380; x_wconf 68' lang='lat' dir='ltr'><strong>prazdicatur.</strong></span> <span class='ocrx_word' id='word_1_834' title='bbox 3212 5306 3263 5360; x_wconf 93' lang='lat' dir='ltr'><strong>ls</strong></span> <span class='ocrx_word' id='word_1_835' title='bbox 3293 5305 3411 5375; x_wconf 86' lang='lat' dir='ltr'><strong>ipse</strong></span> <span class='ocrx_word' id='word_1_836' title='bbox 3433 5304 3489 5357; x_wconf 88' lang='lat' dir='ltr'><strong>in</strong></span> <span class='ocrx_word' id='word_1_837' title='bbox 3512 5302 3633 5356; x_wconf 91' lang='lat' dir='ltr'><strong>loco</strong></span> 
     </span>
    </p>
   </div>
   <div class='ocr_carea' id='block_1_108' title="bbox 342 5377 1958 5481">
    <p class='ocr_par' dir='ltr' id='par_1_108' title="bbox 342 5377 1943 5481">
     <span class='ocr_line' id='line_1_108' title="bbox 342 5377 1943 5481; baseline 0.011 -54"><span class='ocrx_word' id='word_1_838' title='bbox 342 5377 684 5481; x_wconf 39' lang='lat' dir='ltr'><strong>plur-ﬁcum</strong></span> <span class='ocrx_word' id='word_1_839' title='bbox 727 5395 854 5448; x_wconf 85' lang='grc' dir='ltr'><strong>πως</strong></span> <span class='ocrx_word' id='word_1_840' title='bbox 898 5381 937 5451; x_wconf 78' lang='grc' dir='ltr'>ἢ</span> <span class='ocrx_word' id='word_1_841' title='bbox 982 5384 1039 5435; x_wconf 80' lang='grc' dir='ltr'>τι</span> <span class='ocrx_word' id='word_1_842' title='bbox 1075 5383 1416 5453; x_wconf 71' lang='grc' dir='ltr'>λαλήσητε·</span> <span class='ocrx_word' id='word_1_843' title='bbox 1471 5385 1791 5457; x_wconf 78' lang='grc' dir='ltr'>δοθήσεται</span> <span class='ocrx_word' id='word_1_844' title='bbox 1832 5389 1943 5460; x_wconf 79' lang='grc' dir='ltr'>γὰρ</span> 
     </span>
    </p>
   </div>
   <div class='ocr_carea' id='block_1_109' title="bbox 2061 5377 3634 5481">
    <p class='ocr_par' dir='ltr' id='par_1_109' title="bbox 2061 5377 3634 5463">
     <span class='ocr_line' id='line_1_109' title="bbox 2061 5377 3634 5463; baseline 0.001 -15"><span class='ocrx_word' id='word_1_845' title='bbox 2061 5393 2229 5462; x_wconf 70' lang='lat' dir='ltr'><strong>fletus,</strong></span> <span class='ocrx_word' id='word_1_846' title='bbox 2267 5397 2321 5451; x_wconf 88' lang='lat' dir='ltr'><strong>id</strong></span> <span class='ocrx_word' id='word_1_847' title='bbox 2339 5405 2444 5462; x_wconf 86' lang='lat' dir='ltr'><strong>est,</strong></span> <span class='ocrx_word' id='word_1_848' title='bbox 2488 5398 2545 5453; x_wconf 93' lang='lat' dir='ltr'><strong>in</strong></span> <span class='ocrx_word' id='word_1_849' title='bbox 2581 5400 2703 5453; x_wconf 91' lang='lat' dir='ltr'><strong>loco</strong></span> <span class='ocrx_word' id='word_1_850' title='bbox 2736 5377 2978 5463; x_wconf 85' lang='lat' dir='ltr'><strong>terreno,</strong></span> <span class='ocrx_word' id='word_1_851' title='bbox 3018 5399 3114 5454; x_wconf 90' lang='lat' dir='ltr'><strong>Dei</strong></span> <span class='ocrx_word' id='word_1_852' title='bbox 3145 5404 3536 5453; x_wconf 87' lang='lat' dir='ltr'><strong>testamentum</strong></span> <span class='ocrx_word' id='word_1_853' title='bbox 3579 5403 3634 5459; x_wconf 85' lang='lat' dir='ltr'><strong>et</strong></span> 
     </span>
    </p>
   </div>
   <div class='ocr_carea' id='block_1_110' title="bbox 347 5470 1958 5578">
    <p class='ocr_par' dir='ltr' id='par_1_110' title="bbox 347 5470 1941 5548">
     <span class='ocr_line' id='line_1_110' title="bbox 347 5470 1941 5548; baseline 0.013 -32"><span class='ocrx_word' id='word_1_854' title='bbox 347 5470 496 5533; x_wconf 68' lang='grc' dir='ltr'>’ὑμῖν</span> <span class='ocrx_word' id='word_1_855' title='bbox 521 5471 554 5520; x_wconf 83' lang='grc' dir='ltr'><strong>ό</strong></span> <span class='ocrx_word' id='word_1_856' title='bbox 576 5470 759 5538; x_wconf 78' lang='grc' dir='ltr'>λόγος</span> <span class='ocrx_word' id='word_1_857' title='bbox 779 5471 849 5524; x_wconf 83' lang='grc' dir='ltr'>ἐν</span> <span class='ocrx_word' id='word_1_858' title='bbox 873 5472 1100 5537; x_wconf 78' lang='grc' dir='ltr'>ἀνοίξει</span> <span class='ocrx_word' id='word_1_859' title='bbox 1150 5475 1255 5529; x_wconf 85' lang='grc' dir='ltr'><strong>τοῦ</strong></span> <span class='ocrx_word' id='word_1_860' title='bbox 1305 5479 1601 5546; x_wconf 83' lang='grc' dir='ltr'>στόματος</span> <span class='ocrx_word' id='word_1_861' title='bbox 1633 5477 1817 5548; x_wconf 81' lang='grc' dir='ltr'>ὑμῶν.</span> <span class='ocrx_word' id='word_1_862' title='bbox 1858 5483 1941 5536; x_wconf 87' lang='grc' dir='ltr'><strong>Οὐ</strong></span> 
     </span>
    </p>
   </div>
   <div class='ocr_carea' id='block_1_111' title="bbox 2061 5470 3423 5578">
    <p class='ocr_par' dir='ltr' id='par_1_111' title="bbox 2061 5486 3423 5563">
     <span class='ocr_line' id='line_1_111' title="bbox 2061 5486 3423 5563; baseline 0 -20"><span class='ocrx_word' id='word_1_863' title='bbox 2061 5486 2264 5558; x_wconf 68' lang='lat' dir='ltr'><strong>eloquia</strong></span> <span class='ocrx_word' id='word_1_864' title='bbox 2295 5490 2417 5560; x_wconf 86' lang='lat' dir='ltr'><strong>ejus</strong></span> <span class='ocrx_word' id='word_1_865' title='bbox 2445 5506 2547 5547; x_wconf 86' lang='lat' dir='ltr'><strong>ceu</strong></span> <span class='ocrx_word' id='word_1_866' title='bbox 2578 5492 2853 5563; x_wconf 75' lang='lat' dir='ltr'><strong>legatione</strong></span> <span class='ocrx_word' id='word_1_867' title='bbox 2874 5490 3110 5561; x_wconf 83' lang='lat' dir='ltr'><strong>fungens</strong></span> <span class='ocrx_word' id='word_1_868' title='bbox 3139 5490 3423 5561; x_wconf 85' lang='lat' dir='ltr'><strong>disposuit.</strong></span> 
     </span>
    </p>
   </div>
   <div class='ocr_carea' id='block_1_112' title="bbox 350 5564 3633 5675">
    <p class='ocr_par' dir='ltr' id='par_1_112' title="bbox 350 5564 3633 5675">
     <span class='ocr_line' id='line_1_112' title="bbox 350 5564 3633 5675; baseline -0.007 -12"><span class='ocrx_word' id='word_1_869' title='bbox 681 5564 848 5675; x_wconf 56' lang='grc' dir='ltr'><strong>τὲσῗε</strong></span> <span class='ocrx_word' id='word_1_870' title='bbox 877 5571 930 5675; x_wconf 51' lang='grc' dir='ltr'><strong>οξ</strong></span> <span class='ocrx_word' id='word_1_871' title='bbox 966 5570 1327 5675; x_wconf 45' lang='grc' dir='ltr'><strong>ἐωξθῦντεέξ</strong></span> <span class='ocrx_word' id='word_1_872' title='bbox 1367 5574 1560 5675; x_wconf 36' lang='grc' dir='ltr'><strong>ψίθ-</strong></span> <span class='ocrx_word' id='word_1_873' title='bbox 1583 5573 1651 5675; x_wconf 56' lang='grc' dir='ltr'><strong>τξδ</strong></span> <span class='ocrx_word' id='word_1_874' title='bbox 1696 5576 1941 5646; x_wconf 77' lang='grc' dir='ltr'><strong>Πνεῦμα</strong></span> <span class='ocrx_word' id='word_1_875' title='bbox 1974 5582 2083 5637; x_wconf 81' lang='grc' dir='ltr'><strong>τοῦ</strong></span> <span class='ocrx_word' id='word_1_876' title='bbox 2122 5587 2352 5655; x_wconf 78' lang='grc' dir='ltr'>Πατρός</span> <span class='ocrx_word' id='word_1_877' title='bbox 2379 5587 2546 5657; x_wconf 82' lang='grc' dir='ltr'>ὑμῶν</span> <span class='ocrx_word' id='word_1_878' title='bbox 2576 5588 2683 5643; x_wconf 85' lang='grc' dir='ltr'><strong>τοῦ</strong></span> <span class='ocrx_word' id='word_1_879' title='bbox 2711 5590 2781 5643; x_wconf 86' lang='grc' dir='ltr'>ἐν</span> <span class='ocrx_word' id='word_1_880' title='bbox 2809 5589 3088 5656; x_wconf 81' lang='grc' dir='ltr'>οὐρανοῖς</span> <span class='ocrx_word' id='word_1_881' title='bbox 3128 5589 3194 5643; x_wconf 82' lang='grc' dir='ltr'>τὸ</span> <span class='ocrx_word' id='word_1_882' title='bbox 3266 5588 3505 5643; x_wconf 69' lang='grc' dir='ltr'>λαλοῦν</span> <span class='ocrx_word' id='word_1_883' title='bbox 3563 5586 3633 5640; x_wconf 79' lang='grc' dir='ltr'><strong>ὲν·</strong></span> 
     </span>
    </p>
   </div>
   <div class='ocr_carea' id='block_1_113' title="bbox 350 5656 3635 5757">
    <p class='ocr_par' dir='ltr' id='par_1_113' title="bbox 350 5656 3635 5757">
     <span class='ocr_line' id='line_1_113' title="bbox 350 5656 3635 5757; baseline 0.005 -38"><span class='ocrx_word' id='word_1_884' title='bbox 350 5656 510 5719; x_wconf 67' lang='grc' dir='ltr'><strong>ὑμῖν·</strong></span> <span class='ocrx_word' id='word_1_885' title='bbox 562 5656 648 5709; x_wconf 83' lang='grc' dir='ltr'>Ἐν</span> <span class='ocrx_word' id='word_1_886' title='bbox 674 5656 852 5757; x_wconf 31' lang='lat' dir='ltr'><strong>6)th?</strong></span> <span class='ocrx_word' id='word_1_887' title='bbox 880 5660 1189 5757; x_wconf 55' lang='grc' dir='ltr'>τὸΞῙνεῦμα</span> <span class='ocrx_word' id='word_1_888' title='bbox 1228 5664 1322 5717; x_wconf 91' lang='grc' dir='ltr'><strong>τοῦ</strong></span> <span class='ocrx_word' id='word_1_889' title='bbox 1361 5665 1497 5718; x_wconf 89' lang='grc' dir='ltr'>Θεοῦ</span> <span class='ocrx_word' id='word_1_890' title='bbox 1546 5667 1713 5735; x_wconf 86' lang='grc' dir='ltr'>λαλεῖ,</span> <span class='ocrx_word' id='word_1_891' title='bbox 1743 5671 1935 5726; x_wconf 88' lang='grc' dir='ltr'>τούτου</span> <span class='ocrx_word' id='word_1_892' title='bbox 1972 5678 2266 5745; x_wconf 90' lang='grc' dir='ltr'>ἀναϐάσεις</span> <span class='ocrx_word' id='word_1_893' title='bbox 2305 5656 2442 5737; x_wconf 89' lang='grc' dir='ltr'>Θεοῦ</span> <span class='ocrx_word' id='word_1_894' title='bbox 2471 5685 2530 5737; x_wconf 82' lang='grc' dir='ltr'>ὲν</span> <span class='ocrx_word' id='word_1_895' title='bbox 2567 5683 2764 5757; x_wconf 77' lang='grc' dir='ltr'>καρδίᾳ</span> <span class='ocrx_word' id='word_1_896' title='bbox 2820 5683 2985 5739; x_wconf 83' lang='grc' dir='ltr'>αὑτοῦ</span> <span class='ocrx_word' id='word_1_897' title='bbox 3019 5683 3311 5753; x_wconf 88' lang='grc' dir='ltr'>γίγνονται.</span> <span class='ocrx_word' id='word_1_898' title='bbox 3339 5683 3430 5737; x_wconf 90' lang='grc' dir='ltr'>Διὸ</span> <span class='ocrx_word' id='word_1_899' title='bbox 3489 5680 3635 5735; x_wconf 65' lang='lat' dir='ltr'><strong>eluti-~</strong></span> 
     </span>
    </p>
   </div>
   <div class='ocr_carea' id='block_1_114' title="bbox 346 5746 3654 5851">
    <p class='ocr_par' dir='ltr' id='par_1_114' title="bbox 346 5746 3654 5851">
     <span class='ocr_line' id='line_1_114' title="bbox 346 5746 3654 5851; baseline 0.015 -55"><span class='ocrx_word' id='word_1_900' title='bbox 346 5759 482 5851; x_wconf 45' lang='grc' dir='ltr'>’τως-</span> <span class='ocrx_word' id='word_1_901' title='bbox 499 5747 892 5851; x_wconf 37' lang='grc' dir='ltr'>μακαρίζεται.-</span> <span class='ocrx_word' id='word_1_902' title='bbox 918 5746 1086 5851; x_wconf 67' lang='grc' dir='ltr'>Οῦτος</span> <span class='ocrx_word' id='word_1_903' title='bbox 1127 5754 1182 5807; x_wconf 78' lang='grc' dir='ltr'>δὲ</span> <span class='ocrx_word' id='word_1_904' title='bbox 1223 5757 1386 5851; x_wconf 80' lang='grc' dir='ltr'>αὐτὸς</span> <span class='ocrx_word' id='word_1_905' title='bbox 1425 5760 1481 5811; x_wconf 82' lang='grc' dir='ltr'>ὲν</span> <span class='ocrx_word' id='word_1_906' title='bbox 1521 5759 1599 5829; x_wconf 81' lang='grc' dir='ltr'>τῷ</span> <span class='ocrx_word' id='word_1_907' title='bbox 1626 5762 1812 5834; x_wconf 85' lang='grc' dir='ltr'>χωρίῳ</span> <span class='ocrx_word' id='word_1_908' title='bbox 1846 5764 1940 5819; x_wconf 86' lang='grc' dir='ltr'><strong>τοῦ</strong></span> <span class='ocrx_word' id='word_1_909' title='bbox 1982 5767 2350 5844; x_wconf 86' lang='grc' dir='ltr'>κλαυθμῶνος,</span> <span class='ocrx_word' id='word_1_910' title='bbox 2382 5746 2658 5835; x_wconf 75' lang='grc' dir='ltr'>τουτέστιν</span> <span class='ocrx_word' id='word_1_911' title='bbox 2686 5746 2750 5834; x_wconf 54' lang='grc' dir='ltr'>εὖ</span> <span class='ocrx_word' id='word_1_912' title='bbox 2766 5776 2845 5850; x_wconf 83' lang='grc' dir='ltr'>τῷ</span> <span class='ocrx_word' id='word_1_913' title='bbox 2895 5746 3161 5851; x_wconf 31' lang='lat' dir='ltr'><strong>mpure-€90</strong></span> <span class='ocrx_word' id='word_1_914' title='bbox 3188 5777 3338 5849; x_wconf 77' lang='grc' dir='ltr'>τόπῳ</span> <span class='ocrx_word' id='word_1_915' title='bbox 3375 5776 3479 5846; x_wconf 75' lang='grc' dir='ltr'><strong>τὴν</strong></span> <span class='ocrx_word' id='word_1_916' title='bbox 3531 5773 3654 5843; x_wconf 53' lang='lat'><strong>“50‘1-</strong></span> 
     </span>
    </p>
   </div>
   <div class='ocr_carea' id='block_1_115' title="bbox 351 5838 3443 5923">
    <p class='ocr_par' dir='ltr' id='par_1_115' title="bbox 351 5838 3443 5923">
     <span class='ocr_line' id='line_1_115' title="bbox 351 5838 3443 5923; baseline 0.007 -32"><span class='ocrx_word' id='word_1_917' title='bbox 351 5838 484 5891; x_wconf 84' lang='grc' dir='ltr'>Θεοῦ</span> <span class='ocrx_word' id='word_1_918' title='bbox 509 5841 782 5914; x_wconf 80' lang='grc' dir='ltr'>Διαθήκην</span> <span class='ocrx_word' id='word_1_919' title='bbox 812 5847 905 5897; x_wconf 77' lang='grc' dir='ltr'>καὶ</span> <span class='ocrx_word' id='word_1_920' title='bbox 929 5847 996 5900; x_wconf 69' lang='grc' dir='ltr'>τὰ</span> <span class='ocrx_word' id='word_1_921' title='bbox 1023 5846 1181 5915; x_wconf 88' lang='grc' dir='ltr'>λόγια</span> <span class='ocrx_word' id='word_1_922' title='bbox 1208 5850 1369 5905; x_wconf 85' lang='grc' dir='ltr'>αὐτοῦ</span> <span class='ocrx_word' id='word_1_923' title='bbox 1392 5854 1709 5923; x_wconf 86' lang='grc' dir='ltr'>πρεσϐεύων</span> <span class='ocrx_word' id='word_1_924' title='bbox 1733 5856 2015 5918; x_wconf 46' lang='grc' dir='ltr'>διέθετοῶ</span> <span class='ocrx_word' id='word_1_925' title='bbox 2156 5838 2168 5843; x_wconf 25' lang='grc' dir='ltr'><strong><em>τ</em></strong></span> <span class='ocrx_word' id='word_1_926' title='bbox 2313 5838 2347 5844; x_wconf 33' lang='grc' dir='ltr'>Ἴ</span> <span class='ocrx_word' id='word_1_927' title='bbox 2815 5838 2827 5850; x_wconf 54' lang='grc'><em>’</em></span> <span class='ocrx_word' id='word_1_928' title='bbox 2969 5838 2982 5851; x_wconf 56' lang='grc'><em>’</em></span> <span class='ocrx_word' id='word_1_929' title='bbox 3039 5838 3050 5847; x_wconf 52' lang='grc'><em>’</em></span> <span class='ocrx_word' id='word_1_930' title='bbox 3132 5838 3143 5851; x_wconf 48' lang='grc'><strong><em>⁸</em></strong></span> <span class='ocrx_word' id='word_1_931' title='bbox 3174 5874 3187 5884; x_wconf 84' lang='lat'><strong><em>&#39;</em></strong></span> <span class='ocrx_word' id='word_1_932' title='bbox 3308 5838 3320 5849; x_wconf 50' lang='lat'>&#39;</span> <span class='ocrx_word' id='word_1_933' title='bbox 3434 5838 3443 5855; x_wconf 22' lang='grc' dir='ltr'><strong>ξ</strong></span> 
     </span>
    </p>
   </div>
   <div class='ocr_carea' id='block_1_116' title="bbox 424 5956 1652 6045">
    <p class='ocr_par' dir='ltr' id='par_1_116' title="bbox 424 5956 1652 6045">
     <span class='ocr_line' id='line_1_116' title="bbox 424 5956 1652 6045; baseline 0.031 -43"><span class='ocrx_word' id='word_1_934' title='bbox 424 5956 467 6001; x_wconf 66' lang='grc' dir='ltr'>ιθ</span> <span class='ocrx_word' id='word_1_935' title='bbox 508 5956 696 6020; x_wconf 72' lang='lat' dir='ltr'><strong>Matth.</strong></span> <span class='ocrx_word' id='word_1_936' title='bbox 735 5976 801 6025; x_wconf 65' lang='grc' dir='ltr'>χ,</span> <span class='ocrx_word' id='word_1_937' title='bbox 838 5961 923 6033; x_wconf 81' lang='grc'>19,</span> <span class='ocrx_word' id='word_1_938' title='bbox 960 5964 1048 6019; x_wconf 79' lang='lat'><strong>&#39;20.</strong></span> <span class='ocrx_word' id='word_1_939' title='bbox 1126 5969 1171 5999; x_wconf 76' lang='grc'><strong>⁸³</strong></span> <span class='ocrx_word' id='word_1_940' title='bbox 1212 5966 1409 6045; x_wconf 75' lang='grc' dir='ltr'>Εριιεε.</span> <span class='ocrx_word' id='word_1_941' title='bbox 1447 5986 1497 6024; x_wconf 79' lang='grc' dir='ltr'><strong>νι</strong></span> <span class='ocrx_word' id='word_1_942' title='bbox 1521 6010 1535 6036; x_wconf 69' lang='grc' dir='ltr'><strong>ν</strong></span> <span class='ocrx_word' id='word_1_943' title='bbox 1570 5971 1652 6028; x_wconf 71' lang='lat' dir='ltr'><strong>i9-</strong></span> 
     </span>
    </p>
   </div>
  </div>
