4078 6432
456 487 591 543 1011

530 606 634 660 Pro
672 606 762 660 illo
806 613 984 659 autem
1007 646 1020 667 ,
1062 602 1327 672 Disposuit
1382 606 1435 658 in
1462 606 1595 660 valle
1628 607 2022 676 lacrymarum,
2056 613 2099 668 Α

456 695 818 766 Symmachus
848 701 927 750 sic
948 696 1127 757 habet,
1154 695 1515 766 Pra'grediens
1546 698 1733 751 vallem
1758 698 2023 765 plorabat.

458 785 556 840 Hic
591 802 754 856 porro
788 802 883 856 per
905 788 1094 841 vallem
1122 789 1507 859 lacrymarum,
1536 791 1827 844 humanam
1859 791 2025 842 vitam

456 885 685 939 indicari
723 885 981 948 diximus,
1040 900 1199 954 quam
1238 886 1282 940 is
1312 886 1404 956 qui
1457 886 1651 941 beatus
1701 886 2027 956 praedicatur

457 975 828 1043 pertransiens
849 982 902 1029 et
938 983 1323 1031 transcurrens
1349 976 1504 1046 quasi
1528 978 1733 1031 advena
1753 978 2025 1047 quispiam

453 1073 508 1119 et
539 1066 879 1135 peregrinus,
913 1064 1156 1119 cmlestis
1188 1066 1379 1134 patria:
1420 1081 1607 1121 amore
1635 1066 1893 1138 ﬂagrans,
1934 1066 2030 1122 ﬂe-

453 1155 601 1209 tibus
659 1156 1025 1225 lacrymisquc
1063 1156 1457 1211 beatitudinem
1505 1158 1851 1226 parientibus
1906 1174 2028 1215 sese

454 1253 713 1309 macerat,
751 1246 1049 1299 secundum
1089 1246 1254 1310 illud,
1292 1247 1447 1300 Beati
1471 1249 1562 1317 qui
1586 1248 1763 1318 lugent
1786 1250 1850 1304 ³⁸.
1883 1249 2030 1317 Qua-

451 1336 521 1389 lis
553 1344 670 1387 erat
697 1334 898 1389 Paulus
943 1337 1033 1405 qui
1066 1336 1196 1389 talia
1229 1337 1375 1389 fatur
1408 1356 1419 1391 :
1456 1337 1569 1392 Nos
1620 1340 1709 1408 qui
1753 1357 1933 1394 sumus
1973 1342 2030 1396 in

456 1429 819 1493 tabernaculo,
870 1431 1259 1499 ingemiscimus
1290 1433 1499 1501 gravati
1532 1432 1596 1485 “.
1630 1432 1735 1487 Pro
1788 1434 1881 1487 illo
1926 1449 2027 1488 au-

453 1520 673 1584 tem,ln
706 1521 817 1575 loco
859 1538 1010 1591 quem
1057 1524 1251 1589 posuit,
1301 1522 1516 1593 Aquila,
1569 1523 1792 1579 Fontem
1838 1534 2029 1593 ponent

452 1629 603 1675 eam;
639 1612 999 1683 Symmachus
1032 1630 1182 1679 vero,
1240 1613 1385 1668 Fons
1435 1616 1786 1672 ordinabitur.
1831 1617 2025 1683 Quem,

1196 486 1464 543 EUSEBII
1496 487 1975 545 C/ESARIENSIS
2015 486 2165 543 OPP.
2210 486 2389 541 PARS
2417 486 2998 543 [IL—EXEGETICA.

3571 481 3739 536 1012

2212 604 2354 657 Ἀντὶ
2373 604 2428 656 δὲ
2450 602 2542 655 τοῦ
2560 644 2573 665 ,
2596 602 2822 656 Διέθετο
2848 603 2933 665 εἰς
2954 598 3069 665 τὴν
3093 595 3344 650 κοιλάδα
3366 594 3471 647 τοῦ
3496 599 3735 648 κλαυθ-

2123 697 2341 767 μῶνος.
2356 700 2384 749 6
2398 696 2690 767 Σύμμαχός
2707 712 2860 765 φησι,
2880 692 3226 761 Προοδεύων
3244 688 3491 743 κοιλάδα
3506 690 3729 742 ἔκλαι-

2129 808 2216 844 εν.
2256 789 2491 843 Κοιλάδα
2516 789 2571 841 δὲ
2608 785 2955 855 κλαυθμῶνος
2986 787 3043 837 ἐν
3070 783 3278 844 τούτοις
3308 782 3398 833 τὸν
3430 779 3725 848 ἀνθρώπι-

2129 900 2215 935 νον
2240 882 2447 951 ἔφαμεν
2468 877 2758 950 δηλοῦσθαι
2783 877 2914 947 βίον,
2941 876 2999 928 ὃν
3019 876 3046 926 6
3076 874 3506 946 μακαριζόμενος
3532 889 3721 942 παρο-

2127 971 2294 1024 δεύων
2326 971 2419 1023 καὶ
2448 969 2805 1040 παρατρέχων
2828 1007 2842 1031 ,
2876 964 3065 1036 ῶσπερ
3082 982 3166 1028 τις
3188 966 3447 1034 πάροικος
3473 964 3567 1015 καὶ
3605 979 3721 1014 πα-

2130 1064 2459 1135 ρεπίδημος,
2499 1061 2596 1131 τὴν
2638 1059 2958 1130 ἐπουράνιον
3004 1056 3197 1111 ἑαυτοῦ
3232 1055 3464 1128 πατρίδα
3500 1055 3712 1117 ποθῶν,

2126 1155 2459 1225 amnem:
2509 1151 2784 1221 κλαυθμόν
2831 1149 2923 1203 τὸν
2981 1148 3371 1219 μακαριοποιὸν
3414 1146 3559 1201 κατά
3602 1148 3667 1201 τό
3692 1165 3708 1179 ·

2127 1246 2416 1315 Μακάριοι
2448 1250 2499 1301 οἱ
2545 1246 2881 1311 κλαίοντες.
2941 1238 3065 1306 υἷος
3109 1238 3176 1313 ἦν
3203 1244 3231 1294 6
3261 1240 3470 1304 Παῦλος
3493 1241 3676 1308 λέγων
3695 1257 3711 1271 ·

2138 1339 2329 1409 Ἡμεῖς
2351 1341 2403 1390 οἱ
2425 1338 2593 1402 ὄντες
2610 1337 2680 1389 ἐν
2703 1335 2781 1401 τῷ
2810 1333 3019 1400 σκήνει
3042 1330 3401 1401 στενάζομεν
3411 1332 3717 1400 βαρούμε-

2126 1450 2238 1486 νοι.
2284 1430 2425 1482 Ἀντὶ
2448 1430 2505 1482 δὲ
2527 1427 2621 1480 τοῦ
2641 1468 2655 1491 ,
2686 1430 2788 1491 Εἰς
2817 1426 3002 1478 τόπον
3029 1424 3101 1476 ὃν
3124 1422 3288 1476 ἔθετο
3307 1463 3321 1485 ,
3355 1424 3383 1475 6
3412 1424 3508 1493 μὲν
3550 1423 3719 1474 Ἀκύ-

2127 1525 2225 1586 λας
2255 1522 2407 1591 φησὶ,
2441 1520 2649 1589 Πηγιὴν
2682 1518 2969 1583 θήσονται
2997 1515 3215 1581 αὐτήνο
3252 1516 3280 1567 6
3308 1515 3365 1566 δὲ
3390 1515 3712 1585 Σύμμαχος,

2130 1615 2297 1685 Πηγὴ
2322 1613 2580 1678 τάξεται.
2605 1612 2735 1665 Τίνα
2757 1610 2810 1663 δὲ
2835 1609 3021 1679 αὐτὴν,
3046 1608 3201 1679 φησὶ,
3223 1608 3405 1677 πηγὴν
3428 1606 3713 1676 θήσονται,

450 1703 650 1772 inquit,
686 1704 889 1757 fontem
940 1710 1164 1774 ponent,
1210 1704 1321 1759 nisi
1376 1707 1569 1760 vallem
1628 1708 2029 1778 lacrymarum?

2130 1708 2159 1779 ἢ
2195 1705 2433 1777 δηλονότι
2462 1704 2559 1775 τὴν
2594 1703 2811 1757 κοιλάδα
2836 1701 2929 1754 τοῦ
2955 1701 3346 1771 κλαυθμῶνος;
3382 1700 3541 1752 ’Όλον
3577 1702 3715 1769 γοῦν

453 1794 653 1849 Totum
683 1804 861 1848 autem
906 1796 1083 1849 locum
1107 1797 1185 1850 sic
1214 1794 1409 1865 Aquila
1430 1796 1820 1866 interpretatur
1854 1815 1867 1851 :
1895 1798 2028 1852 Per-

2130 1800 2297 1861 οὕτως
2332 1797 2671 1868 ήρμήνευσεν
2704 1795 2732 1845 6
2766 1793 2997 1855 Ἀκύλας
3031 1791 3231 1845 εἰπών·
3274 1792 3716 1860 Παρερχόμενοι

455 1896 783 1941 transeuntes
812 1890 865 1940 in
893 1888 1027 1941 valle
1051 1889 1224 1945 ﬂetus.
1257 1889 1450 1946 fontem
1481 1899 1672 1959 ponent
1723 1908 1860 1945 eam.
1929 1890 2025 1948 His

2130 1891 2196 1943 ἐν
2217 1887 2451 1943 κοιλάδι
2474 1886 2581 1940 τοῦ
2603 1884 2931 1954 κλαυθμοῦ,
2959 1882 3163 1953 πηγὴν
3181 1882 3468 1949 θήσονται
3492 1882 3711 1947 αὐτήν.

452 1994 617 2047 porro
649 1978 940 2048 signiﬁcat,
990 1979 1227 2033 advenas
1257 1988 1309 2035 et
1343 1983 1663 2051 peregrinos
1702 1983 1754 2036 in
1811 1984 1911 2037 hac
1945 1985 2025 2037 vi-

2130 1982 2288 2053 Δηλοῖ
2328 1980 2383 2033 δὲ
2417 1979 2504 2032 διὰ
2534 1977 2769 2039 τούτων,
2803 1978 2877 2041 ὼς
2905 1978 3012 2049 ἄρα
3047 1980 3096 2030 οἱ
3126 1978 3377 2048 πάροικοι
3411 1976 3504 2028 καὶ
3535 1992 3713 2044 παρε-

451 2081 527 2137 ta,
561 2072 841 2125 hominum
873 2072 1069 2125 vallem
1096 2073 1148 2125 in
1183 2073 1384 2127 fontem
1415 2076 1711 2142 posituros,
1739 2077 1854 2131 sive
1908 2076 2027 2132 fon-

451 2172 560 2218 tem
591 2164 946 2219 ordinaturus
977 2180 1100 2220 esse
1130 2181 1195 2218 ex
1253 2165 1601 2237 Symmacho,
1633 2168 1846 2240 hacque
1894 2187 2029 2228 voce

451 2255 690 2309 divinam
718 2256 1023 2309 doctrinam
1057 2257 1352 2326 appellant.
1387 2256 1533 2313 Fons
1559 2259 1761 2330 quippe
1777 2262 1901 2315 vitae
1930 2277 2029 2332 po-

450 2354 541 2400 tus
579 2348 1007 2404 immortalitatis
1038 2351 1091 2403 in
1133 2351 1274 2407 valle
1308 2351 1467 2408 ﬂetus
1501 2368 1531 2408 a
1567 2352 1663 2410 Dei
1691 2364 1745 2409 et
1792 2355 2029 2410 homini-

452 2438 556 2493 bus
591 2440 733 2508 apud
764 2440 1046 2494 hominum
1078 2457 1251 2511 genus
1293 2444 1668 2512 constituitur,
1718 2461 1816 2518 per
1849 2446 2027 2500 viviﬁ-

450 2545 572 2585 cam
616 2532 826 2587 scilicet
857 2542 910 2587 et
956 2533 1100 2602 piam
1141 2535 1476 2599 doctrinam,
1531 2553 1695 2607 quam
1751 2553 1877 2592 cum
1920 2538 2027 2608 ipsi

451 2620 722 2685 adierunt,
755 2630 869 2675 tum
906 2624 1029 2679 aliis
1061 2639 1159 2694 per
1188 2626 1391 2693 scripta
1419 2641 1519 2681 sua
1572 2628 1933 2696 reliquerunt.
1957 2655 2027 2669 -—-

451 2709 620 2768 Vsus.
653 2713 705 2767 8.
736 2711 805 2768 lis
836 2729 964 2768 vero
1012 2715 1145 2784 ipsis
1196 2716 1252 2769 in
1301 2717 1667 2788 lacrymarum
1715 2716 2027 2773 mercedem

451 2805 897 2875 condignumque
950 2804 1211 2871 fructum,
1272 2807 1709 2864 benedictionem
1762 2810 2027 2879 rependet

452 2896 697 2966 ipsorum
728 2896 1027 2965 legislator.
1070 2897 1408 2962 Quibusnam
1434 2899 1870 2956 benedictionem
1923 2903 2027 2955 im-

452 2988 674 3057 pertiet,
702 2988 808 3043 nisi
839 2989 907 3043 iis
936 2988 1028 3057 qui
1082 2988 1136 3042 in
1174 2989 1278 3043 hac
1341 2990 1478 3044 valle
1531 2991 1789 3063 lacrymis
1832 2992 2025 3062 dediti,

453 3078 659 3134 fontem
691 3080 746 3133 in
778 3080 870 3133 illa
902 3080 1225 3149 posuerint?
1277 3079 1381 3135 Pro
1413 3082 1508 3136 illo
1540 3091 1743 3147 autem,
1797 3084 2025 3156 legisla-

452 3180 569 3234 tor;
605 3170 825 3240 Aquila,
880 3171 1209 3233 matutinus;
1267 3169 1630 3241 Symmachus
1671 3190 1821 3237 vero,
1880 3194 2027 3230 com-

450 3273 804 3327 monstrator,
833 3262 1003 3329 dixit;
1044 3262 1231 3332 quinta
1259 3272 1438 3318 autem
1463 3265 1654 3332 editio,
1691 3269 1795 3333 Qui
1822 3269 2026 3323 illumi-

451 3364 579 3422 nat,
612 3355 718 3409 alia
743 3355 870 3409 item
904 3353 1153 3424 quaedam
1189 3360 1343 3408 sexta
1391 3353 1581 3419 editio,
1610 3356 1716 3422 Qui
1742 3357 1912 3413 docet.
1947 3360 2028 3413 Ita

454 3453 514 3499 ut
543 3462 606 3502 ex
641 3446 896 3501 omnibus
925 3446 1165 3500 salutare
1191 3443 1430 3500 Verbum
1482 3446 1736 3512 indicari,
1765 3450 2028 3505 subintel-

452 3538 621 3608 ligere
643 3538 825 3593 liceat.
860 3537 978 3607 Ipse
1006 3551 1243 3608 namque
1287 3544 1372 3592 est
1400 3538 1700 3609 legislator,
1751 3541 2028 3595 illumina-

451 3636 561 3695 tor,
598 3630 811 3693 doctor,
868 3630 1118 3700 idemque
1165 3631 1468 3687 matutinus
1517 3641 1570 3686 et
1620 3643 2027 3688 commonstra-

450 3733 578 3793 tor;
611 3726 912 3780 secundum
940 3727 1183 3796 singulas
1216 3725 1479 3779 virtutum
1528 3741 1751 3781 suarum
1785 3728 2026 3783 rationes

453 3816 540 3870 his
569 3831 705 3871 usus
731 3817 1035 3871 vocabulis.
1067 3816 1114 3869 A
1146 3831 1255 3886 quo
1288 3815 1724 3872 benedictionem
1758 3818 1902 3871 nacti
1932 3818 2026 3888 qui

452 3906 510 3960 in
547 3907 688 3960 valle
719 3907 1113 3977 lacrymanurr,
1143 3908 1322 3971 ibunt,
1356 3908 1460 3963 iter
1492 3923 1652 3963 suum
1678 3908 2024 3977 perﬁcientes

451 4011 517 4050 ac
548 3997 601 4049 in
635 3997 751 4052 dies
782 3997 1059 4063 roborati;
1090 3998 1163 4050 ita
1196 4006 1253 4052 ut
1282 4014 1496 4069 semper
1528 3998 1841 4069 proﬁciant,
1876 4010 1930 4056 et
1957 4017 2026 4056 ett

449 4088 649 4141 minori
681 4087 735 4141 in
764 4089 1026 4158 majorem
1053 4090 1311 4145 virtutem
1345 4092 1633 4158 accedant,
1662 4100 1717 4148 et
1776 4108 1806 4147 a
1853 4094 2026 4164 gloria

450 4179 508 4232 in
530 4180 781 4247 gloriam,
817 4188 876 4234 ut
926 4185 1002 4235 ait
1047 4182 1268 4238 divinus
1320 4184 1615 4253 Apostolus
1647 4200 1660 4236 :
1696 4184 1763 4238 In
1791 4187 2027 4240 eamdem

450 4273 733 4340 imaginem
759 4273 1133 4342 transformati
1157 4292 1189 4327 a
1217 4276 1388 4344 gloria
1418 4278 1472 4329 in
1501 4277 1725 4346 gloriam
1757 4278 1819 4330 ³².
1848 4277 2028 4343 Quare

453 4362 818 4433 Symmachus
841 4365 922 4418 sic
970 4366 1361 4436 interpretatus
1392 4375 1517 4423 est:
1557 4368 1667 4423 Iter
1723 4370 1916 4437 facient
1963 4388 2027 4424 ex

450 4453 641 4505 virtute
666 4453 723 4505 in
745 4454 1010 4508 virtutem.

524 4648 689 4704 Vens.
721 4650 773 4703 9.
824 4650 1095 4705 Videbitur
1126 4650 1265 4705 Deus
1318 4651 1537 4705 deorum
1572 4652 1624 4704 in
1658 4649 1805 4704 Sion.
1840 4651 2027 4705 Domi-
2061 4681 2104 4734 ο

450 4758 514 4795 ne
536 4742 679 4796 Deus
704 4743 980 4808 virtutum,
1013 4743 1209 4797 ert-audi
1240 4746 1534 4797 orationem
1570 4760 1773 4807 meam;
1808 4746 2028 4799 auribus

456 4833 682 4900 percipe,
708 4830 849 4885 Deus
873 4832 1059 4887 Iacob.
1091 4831 1386 4902 Postquam
1430 4832 1664 4898 dixerat,
1701 4834 2030 4889 Benedictio-

449 4940 568 4977 nem
616 4923 766 4977 dabit
822 4926 1115 4995 legislator,
1173 4926 1422 4995 apposite
1469 4927 1627 4981 docet
1675 4943 1783 4996 qua
1818 4930 2030 4984 ratione

448 5014 799 5067 versantibus
831 5014 885 5068 in
911 5015 1049 5070 valle
1095 5016 1411 5071 hominibus
1440 5016 1875 5072 benedictionem
1932 5019 2025 5072 da-

449 5112 609 5158 turus
640 5106 731 5159 sit.
778 5106 897 5170 Quo
932 5114 1090 5175 pacto
1128 5108 1300 5172 dabit,
1334 5109 1441 5164 nisi
1489 5108 1745 5180 dignatus
1777 5112 1831 5165 in
1880 5119 2026 5167 terra

449 5198 742 5266 conspici?
771 5197 1080 5253 Admodum
1104 5209 1524 5271 consequenter,
1559 5204 1890 5259 vaticinatus
1920 5214 2030 5259 tor-

450 5288 658 5341 eularia
692 5287 784 5343 Dei
818 5305 912 5357 per
944 5297 1116 5344 totum
1141 5293 1329 5346 orbem
1364 5294 1532 5348 multa
1566 5294 1747 5349 futura
1772 5312 1915 5360 esse,
1940 5304 2028 5349 ta-

452 5381 749 5434 bernacula
779 5382 905 5434 item
936 5384 1114 5450 plura,
1141 5384 1279 5437 atria
1306 5401 1527 5456 quoque
1554 5396 1609 5441 et
1637 5388 1831 5441 altaria
1862 5401 2027 5456 quam

450 5471 706 5541 plurima,
731 5488 954 5527 causam
987 5475 1144 5529 aliert
1168 5492 1268 5531 cur
1290 5477 1406 5531 haec
1428 5480 1610 5531 omnia
1644 5479 1700 5532 in
1730 5486 1875 5533 terra
1897 5493 2030 5533 con-

452 5564 727 5620 stituenda
762 5566 894 5619 sint.
938 5567 1215 5634 Quasnam
1247 5587 1411 5641 porro
1462 5573 1536 5627 sit
1586 5573 1699 5638 illa,
1735 5574 1895 5628 docet
1943 5573 2029 5630 his

452 5656 634 5711 verbis
664 5675 677 5710 :
708 5657 983 5712 Videbitur
1014 5660 1156 5716 Deus
1193 5663 1411 5717 deorum
1442 5665 1498 5718 in
1530 5664 1695 5730 Sion;
1735 5666 2026 5721 adventum

453 5744 546 5801 Dei
576 5746 643 5801 ad
672 5748 920 5804 homines
967 5759 1022 5806 et
1053 5765 1409 5823 conspectum
1445 5757 1566 5827 ejus
1609 5766 1799 5833 aperte
1847 5759 2031 5813 decla-

2127 2076 2355 2145 πίδημοι
2380 2075 2437 2126 ἐν
2457 2073 2537 2144 τῷ
2568 2073 2668 2143 βίῳ
2696 2071 2869 2139 τούτῳ
2897 2070 2994 2141 τὴν
3026 2068 3133 2121 τῶν
3162 2067 3463 2138 ἀνθρώπων
3487 2066 3716 2119 κοιλάδα

2126 2168 2309 2238 πηγὴν
2332 2166 2556 2237 θήσουσι
2584 2205 2598 2229 ,
2621 2164 2653 2234 ἢ
2676 2163 2895 2230 τάξουσι
2914 2162 3097 2232 πηγὴν
3127 2159 3267 2213 κατά
3282 2159 3371 2211 τὸν
3390 2158 3711 2227 Σύμμαχον,

2124 2260 2222 2330 τὴν
2238 2258 2417 2311 ἔνθεον
2435 2256 2777 2311 διδασκαλίαν
2797 2254 2984 2307 τοῦτον
3003 2253 3360 2323 ὀνομάσαντες
3377 2251 3466 2303 τὸν
3486 2249 3712 2320 τρόπον.

2126 2350 2285 2422 Πηγὴ
2309 2349 2417 2421 γὰρ
2442 2350 2587 2420 ζωῆς
2610 2349 2703 2401 καὶ
2729 2348 2889 2401 ποτὸν
2906 2346 3205 2409 ἀθανασίας
3225 2347 3281 2399 ἐν
3298 2347 3365 2415 τῇ
3389 2342 3594 2397 κοιλάδι
3616 2342 3711 2394 τοῦ

2126 2443 2480 2514 κλαυθμῶνος
2500 2440 2578 2512 τῷ
2597 2440 2707 2494 τῶν
2728 2439 3029 2511 ἀνθρώπων
3056 2439 3155 2509 βίῳ
3176 2437 3576 2505 καταϐέϐληται
3604 2435 3714 2487 ὑπὸ

2124 2533 2232 2587 τῶν
2259 2533 2353 2585 τοῦ
2384 2531 2518 2585 Θεοῦ
2549 2529 2850 2602 ἀνθρώπων
2875 2529 2962 2582 διὰ
2990 2530 3087 2599 τῆς
3113 2525 3375 2593 ζωοποιοῦ
3406 2526 3500 2579 καὶ
3530 2526 3713 2578 θεοσε-

2126 2624 2254 2688 ϐοῦς
2297 2622 2676 2687 διδασκαλίας,
2731 2624 2797 2693 ἣν
2833 2621 2986 2675 αὐτοὶ
3024 2619 3286 2692 μετῆλθον
3308 2661 3323 2684 ,
3369 2620 3463 2672 καλ⁸
3497 2618 3710 2688 ἑτέροις

2130 2716 2584 2770 καταλελοίπασιν
2615 2717 2672 2768 ἐν
2700 2716 2816 2778 ταῖς
2852 2712 3061 2767 ἐαυτῶν
3086 2714 3348 2784 γραφαῖς.
3398 2708 3619 2770 Τούτοις
3652 2707 3712 2760 δὲ

2125 2809 2330 2870 αὐτοῖς,
2356 2807 2539 2875 φησὶν,
2567 2804 2817 2873 εὐλογίας
2839 2804 3028 2875 μισθὸν
3050 2803 3144 2856 τοῦ
3168 2800 3441 2873 κλαυθμοῦ
3466 2800 3560 2854 καὶ
3584 2816 3711 2871 καρ-

2126 2901 2225 2953 πὸν
2248 2899 2468 2964 ἐπάξιον
2488 2898 2647 2951 δώσει
2672 2900 2699 2952 6
2719 2897 3015 2969 νομοθέτης
3041 2896 3243 2950 αὐτῶν.
3270 2896 3392 2947 Τίσι
3416 2894 3475 2947 δὲ
3499 2892 3710 2954 τούτοις

2125 2989 2284 3042 δώσει
2311 2990 2409 3052 τὰς
2429 2988 2698 3057 εὐλογίας,
2727 2989 2760 3059 ἢ
2786 2987 3024 3055 δηλονότι
3051 2989 3165 3049 τοῖς
3183 2987 3240 3041 ὲν
3264 2988 3330 3056 τῇ
3362 2984 3569 3039 κοιλάδι
3587 2983 3712 3036 ταύ-

2124 3099 2194 3153 τῃ
2216 3080 2645 3153 ἁποκλᾳομένοις
2674 3080 2767 3133 καὶ
2793 3080 2973 3151 πηγὴν
3002 3081 3058 3131 ἐν
3087 3079 3222 3149 αὐτῇ
3249 3078 3527 3149 θεμένοις;
3564 3075 3709 3129 Ἀντὶ

2127 3174 2182 3228 δὲ
2208 3173 2323 3238 τοῦ,
2357 3178 2389 3228 ὀ
2421 3174 2776 3245 νομοθετῶν,
2802 3178 2830 3227 6
2860 3175 2956 3244 μὲν
2984 3172 3233 3236 Ἀκύλας,
3263 3171 3539 3240 πρὼἵμος,
3577 3169 3711 3223 ὠνό-

2133 3277 2325 3331 μασεν,
2359 3262 2386 3312 6
2415 3261 2471 3313 δὲ
2502 3261 2815 3333 Σύμμαχος,
2851 3264 2884 3314 δ
2915 3260 3303 3328 ὐποδείκτηςο
3332 3262 3365 3331 ἡ
3395 3260 3449 3311 δὲ
3485 3259 3711 3329 πέμπτη

2133 3352 2360 3418 ἕκδοσις,
2393 3356 2427 3406 ό
2444 3352 2732 3421 φωτίζων
2760 3352 2895 3423 ἄλλη
2925 3352 2983 3405 δέ
3011 3370 3093 3415 τις
3120 3353 3269 3422 παρὰ
3300 3350 3471 3403 ταῦτα
3503 3350 3712 3412 ἐκδοσις

2134 3445 2265 3516 ἕκτη
2286 3485 2300 3509 ,
2345 3448 2377 3499 ὀ
2408 3444 2739 3498 διδάσκων’
2772 3444 2911 3497 ὥστε
2941 3443 3000 3509 ἐξ
3034 3444 3288 3497 ἁπάντων
3323 3444 3414 3496 τὸν
3444 3443 3711 3512 σωτήριον

2133 3536 2288 3605 λόγον
2318 3537 2585 3590 ὑπονοεῖν.
2635 3536 2805 3599 Αὐτὸς
2828 3537 2937 3607 γάρ
2966 3538 3110 3590 ἐστιν
3136 3538 3164 3589 6
3185 3534 3518 3605 νομοθετῶν·
3547 3533 3710 3596 αὐτὸς

2134 3630 2225 3682 καὶ
2246 3631 2273 3682 6
2303 3628 2550 3697 φωτίζων
2578 3628 2672 3681 καὶ
2693 3630 2720 3681 6
2744 3626 3008 3681 διδάσκων
3028 3645 3040 3657 ·
3071 3627 3232 3690 αὐτὸς
3264 3627 3357 3679 καὶ
3381 3627 3409 3678 6
3437 3624 3708 3697 πρώῖμος,

2132 3720 2293 3784 αὐτὸς
2326 3719 2419 3773 καὶ
2447 3721 2475 3771 6
2505 3719 2863 3791 ύποδείκτης,
2908 3718 3029 3772 καθ’
3060 3719 3295 3787 ἑκάστην
3332 3716 3572 3770 ἐπίνοιαν
3602 3714 3712 3769 τῶν

2133 3809 2191 3862 ἐν
2211 3808 2357 3879 αύτῷ
2372 3809 2649 3879 δυνάμεων
2669 3808 2891 3871 ταύταις
2913 3806 3190 3879 χρώμενος
3209 3810 3329 3869 ταῖς
3350 3805 3709 3874 ἐπωνυμίαις,

2134 3901 2261 3972 παρ’
2305 3894 2365 3954 οῦ
2403 3902 2452 3953 oi
2488 3903 2545 3955 ἐν
2592 3904 2657 3972 τῇ
2701 3900 2907 3954 κοιλάδι
2954 3900 3263 3965 κλαίοντες,
3319 3897 3709 3969 μεταλαϐόντες

2134 3993 2401 4062 εὐλογίας,
2425 3993 2780 4066 πορεύσονται
2799 3993 2896 4064 τὴν
2914 3992 3121 4044 ἑαυτῶν
3141 3991 3365 4062 πορείαν
3384 3989 3707 4052 διανύοντες,

2131 4085 2225 4138 καὶ
2251 4085 2642 4156 δυναμούμενοι
2671 4085 2969 4155 ὁσημέραι·
3000 4085 3074 4147 ὡς
3115 4085 3202 4137 ἀεὶ
3239 4083 3566 4155 προκόπτειν
3590 4083 3710 4134 ἐπι-

2132 4178 2328 4231 διδόναι
2350 4179 2413 4230 ἐκ
2436 4178 2717 4248 δυνάμεως
2744 4176 3081 4248 βραχυτέρας
3102 4178 3194 4229 ἐπὶ
3217 4176 3443 4246 δύναμιν
3468 4173 3707 4246 μείζονα,

2133 4269 2225 4319 καὶ
2251 4267 2357 4319 ἀπὸ
2386 4268 2543 4338 δόξης
2572 4269 2651 4331 είς
2679 4265 2852 4331 δόξαν,
2882 4266 2957 4329 ὥς
2988 4284 3148 4337 φησιν
3180 4268 3207 4320 6
3236 4267 3377 4331 θεῖος
3393 4265 3711 4328 Ἀπόστολος

2134 4357 2304 4425 λέγων
2328 4397 2345 4423 ,
2379 4357 2493 4425 τὴν
2530 4358 2723 4425 αὐτὴν
2764 4360 2969 4411 εἰκόνα
3010 4358 3561 4427 μεταμορφούμενοι
3589 4354 3710 4410 ἀπὸ

2132 4450 2315 4517 δόξης
2342 4452 2427 4515 εἰς
2452 4449 2660 4514 δόξαν.
2700 4450 2861 4503 Ὅθεν
2891 4450 2984 4503 καὶ
3006 4453 3033 4503 ὁ
3059 4450 3349 4520 Σύμμαχος
3371 4450 3710 4520 ἡρμήνευσεν

2131 4542 2298 4595 εἰπών
2318 4560 2331 4572 °
2375 4543 2762 4597 Ὀδεύσουσιν
2786 4543 2855 4597 ἐκ
2882 4544 3189 4613 δυνάμεως
3216 4546 3302 4609 είς
3329 4543 3603 4611 δύναμιν.

2212 4654 2626 4724 Ὁςαθήσεταιρό
2661 4656 2804 4721 Θεὸς
2834 4654 2952 4708 τῶν
2999 4655 3148 4709 θεῶν
3176 4656 3245 4707 ἑν
3281 4651 3453 4707 Σιών.
3512 4653 3708 4721 Κύριε,

2140 4750 2171 4801 ὁ
2201 4747 2343 4812 Θεὸς
2370 4747 2486 4799 τῶν
2508 4747 2835 4816 δυνάμεων,
2859 4749 3222 4801 εἰσάκουσον
3240 4745 3349 4814 τῆς
3368 4747 3714 4815 προσευχῆς

2132 4856 2281 4907 μου,
2315 4839 2589 4891 ἑνώτισαι
2612 4881 2625 4905 ,
2659 4842 2690 4892 ό
2721 4839 2865 4904 Θεὸς
2905 4838 3115 4892 Ἰακώϐ.
3163 4837 3378 4903 Εἰπὼν,
3413 4839 3712 4907 Εὐλογίας

2135 4929 2313 4982 δώσει
2344 4932 2376 4983 o'
2404 4930 2757 4998 νομοθετῶν,
2789 4930 3095 4994 ἀκολούθως
3118 4930 3357 4983 διδάσκει
3378 4931 3525 4993 ὅπως
3553 4929 3712 4983 δώσει

2134 5026 2245 5084 τοῖς
2280 5024 2336 5074 ἐν
2366 5026 2430 5092 τῇ
2466 5022 2669 5074 κοιλάδι
2699 5023 2796 5086 τὰς
2822 5023 3089 5091 εὐλογίας.
3118 5025 3243 5087 Πῶς
3274 5021 3387 5087 οὖν,
3420 5025 3573 5094 φησὶ,
3608 5020 3710 5077 δώ·-

2137 5132 2239 5177 σει,
2269 5114 2380 5166 ἀλλ’
2411 5115 2443 5183 ἢ
2475 5113 2815 5177 καταξιώσας
2840 5114 3067 5185 ὀφθῆναι
3097 5117 3189 5169 ἐπὶ
3217 5117 3314 5186 τῆς
3344 5117 3480 5187 γῆς;
3505 5114 3712 5187 Σφόδρα

2135 5204 2190 5256 δὲ
2226 5205 2529 5267 ἀκολούθως
2560 5205 2821 5268 θεσπίσας
2848 5207 2876 5257 6
2895 5206 3051 5274 λόγος
3079 5205 3270 5276 ληνοὺς
3292 5206 3428 5259 Θεοῦ
3459 5206 3711 5268 πλείστας

2138 5297 2351 5367 μέλλειν
2380 5298 2595 5351 ἔσεσθαι
2620 5299 2739 5352 καθ’
2760 5300 2888 5369 ὅλης
2919 5297 3240 5369 οἰκουμένης
3261 5299 3352 5351 καὶ
3381 5297 3709 5369 σκηνώματα

2136 5387 2363 5440 πλεῖστα
2391 5388 2483 5441 καὶ
2506 5389 2675 5455 αύλάς
2697 5390 2933 5454 πλείους,
2962 5391 3055 5442 καὶ
3085 5381 3442 5459 θυσιαστήρια
3464 5389 3707 5451 πλεῖστα,

2136 5483 2329 5550 ἐπάγει
2358 5482 2455 5553 τὴν
2478 5482 2678 5547 αἰτίαν,
2701 5482 2768 5536 δι’
2790 5483 2856 5555 ἢν
2881 5484 3080 5555 ἧμελλε
3102 5484 3272 5537 ταῦτα
3298 5484 3473 5536 πάντα
3498 5482 3590 5535 ἐπὶ
3612 5482 3710 5550 γῆς

2134 5572 2504 5626 συνίστασθαι.
2540 5572 2635 5636 Τίς
2663 5574 2721 5627 δὲ
2752 5570 2819 5645 ἦν
2848 5576 2880 5645 ή
2912 5574 3060 5628 αἰτία
3085 5575 3325 5627 διδάσκει
3346 5574 3518 5642 λέγων
3539 5588 3553 5601 ·
3597 5574 3711 5641 Ὀφ-

2133 5666 2378 5732 θήσετιιι
2408 5670 2441 5719 ὀ
2467 5667 2611 5731 Θεὸς
2638 5668 2755 5721 τῶν
2802 5667 2953 5722 θεῶν
2982 5669 3054 5722 ἐν
3080 5669 3257 5723 Σιών·
3293 5667 3479 5737 σαφῶς
3507 5684 3685 5737 παρου

2136 5760 2253 5813 σίαν
2287 5761 2364 5823 είς
2403 5759 2717 5831 ἀνθρώπους
2747 5762 2881 5815 Θεοῦ
2916 5762 3009 5815 καὶ
3040 5762 3345 5835 φανέρωσιν
3373 5760 3544 5817 αὐτοῦ·
3568 5759 3710 5815 διδά-

528 5905 572 5937 ”
613 5905 802 5960 Matth.
842 5924 892 5969 ν,
930 5910 978 5963 5.
1059 5910 1097 5941 ³¹
1144 5909 1185 5962 ll
1212 5910 1342 5967 Cor.
1377 5930 1429 5978 v,
1470 5912 1521 5967 ι.
1602 5915 1644 5946 ³³
1686 5909 1877 5968 “Cor.
1909 5930 2005 5978 ιιι,
2046 5915 2130 5971 18.
