4078 6432
381 472 522 528 1015

1558 466 2057 543 ΟΟΜΜΕΝΤᾼΒΙΔ
2097 468 2165 523 IN
2195 468 2530 527 PSALMOS.

3494 458 3637 513 1οη.

380 588 686 653 σκων.Θεὸς
708 589 763 643 δὲ
787 588 923 643 θεῶν
946 590 975 642 6
996 587 1089 645 τοῦ
1110 586 1245 641 Θεοῦ
1270 588 1441 657 Λόγος
1462 588 1797 659 ὠνόμασται,
1822 605 1964 641 νοου-

2068 607 2216 648 rans.
2254 591 2398 646 Deus
2424 598 2604 645 autem
2637 587 2865 643 deorum
2885 581 2983 640 Dei
3016 582 3257 638 Verbum
3278 585 3534 646 vocatur;
3556 579 3633 633 ita

384 684 559 754 μένων
581 683 710 751 ἡμῖν
729 681 867 734 θεῶν
886 680 994 733 τῶν
1020 680 1302 753 μακαρίων
1326 681 1422 734 καὶ
1441 680 1701 749 θεοφιλῶν
1724 679 1956 751 ἀνδρῶν,

381 772 519 845 πρὸς
548 771 641 835 οὓς
671 773 698 824 ό
731 772 886 841 λόγος
910 771 1002 824 τοῦ
1037 771 1170 824 Θεοῦ
1199 771 1414 840 ἐγένετο
1434 791 1445 803 ·
1481 766 1561 834 οἷς
1587 772 1677 825 καὶ
1700 770 1913 842 εἴρηται
1942 787 1957 802 ο

394 863 542 933 Ἐγὼ
574 858 776 915 εἷπον·
810 862 943 915 Θεοί
962 861 1100 914 ἐστε
1118 877 1130 890 ο
1162 862 1287 926 καὶ,
1332 860 1393 912 ’0
1413 859 1554 925 Θεὸς
1583 859 1730 925 ἔστη
1756 860 1823 909 ἐν
1851 874 1961 916 συ-

380 951 616 1024 ναγωγῇ
636 950 804 1006 θεῶν’
829 951 953 1017 καλἰ
972 950 1114 1017 Θεὸς
1147 950 1297 1005 θεῶν⁵
1318 951 1532 1017 Κύριος
1552 950 1837 1015 ἐλάλησε,
1864 948 1961 1001 καὶ

380 1044 636 1100 ἐκάλεσε
656 1042 772 1112 τὴν
790 1041 927 1112 γῆν.
957 1043 1066 1100 Καὶ
1086 1042 1193 1114 γὰρ
1215 1043 1271 1095 ὲν
1296 1041 1505 1105 τούτοις
1528 1041 1657 1103 Θεὸς
1687 1038 1821 1092 θεῶν
1843 1038 1964 1091 οὐδὲ

382 1139 540 1202 ἄλλος
573 1138 606 1209 ἢ
639 1137 796 1209 μόνος
826 1138 854 1188 6
874 1138 931 1190 ὲν
964 1137 1104 1207 ἀρχῇ
1138 1135 1274 1207 πρὸς
1302 1136 1393 1191 τὸν
1418 1134 1551 1188 Θεὸν
1577 1134 1747 1201 Λόγος
1771 1131 1964 1201 ἀνηγό-

384 1250 575 1304 ρευται
594 1246 607 1260 ⁸
655 1234 684 1284 6
714 1230 777 1301 δὴ
811 1230 905 1283 καὶ
949 1228 1102 1292 θεοὺς
1128 1229 1327 1293 αὐτοὺς
1361 1228 1449 1281 διὰ
1478 1229 1576 1299 τῆς
1603 1225 1766 1280 αὐτοῦ
1797 1242 1963 1296 χορη-

383 1326 508 1393 γίας
551 1323 645 1376 καὶ
693 1321 922 1391 μετοχῆς
969 1320 1063 1374 τοῦ
1103 1319 1267 1375 αὑτοῦ
1296 1319 1613 1391 Πνεύματος
1642 1316 1961 1389 ἀπεργασά-

386 1433 567 1487 μενος.
628 1413 796 1475 Θεοὺς
833 1411 941 1483 γὰρ
972 1407 1111 1466 εἶναι
1142 1429 1305 1483 φησιν
1333 1411 1574 1474 ἐκείνους
1593 1452 1607 1475 ,
1654 1410 1789 1482 πρὸς
1817 1408 1909 1471 οὒς
1936 1409 1965 1461 6

383 1508 557 1575 Λόγος
616 1504 709 1559 τοῦ
740 1502 874 1556 Θεοῦ
901 1505 1137 1573 ἐγένετο.
1186 1504 1347 1575 Ἑξῆς
1379 1503 1423 1556 δ’
1453 1496 1544 1557 οὖν
1588 1502 1683 1556 καὶ
1707 1498 1966 1571 ὀνομαστὶ

382 1599 479 1652 τοῦ
512 1597 748 1669 Χριστοῦ
784 1595 1111 1669 μνημονεύει
1130 1636 1145 1661 ,
1177 1594 1351 1663 λέγων
1384 1594 1443 1647 ὲν
1473 1592 1604 1663 εύχῇ
1625 1608 1639 1623 ο
1698 1590 1809 1645 Καὶ
1835 1590 1965 1644 ἐπί-

385 1694 617 1761 ϐλεψω·
647 1690 746 1745 ἐπὶ
770 1691 839 1745 τὸ
864 1689 1188 1759 πρόσωπον
1215 1688 1323 1743 τοῦ
1347 1686 1607 1756 Χριστοῦ
1640 1700 1775 1738 σου.
1820 1686 1967 1737 Ἀντὶ

383 1784 441 1837 δὲ
478 1782 571 1837 τοῦ
592 1823 607 1847 ,
650 1780 1007 1851 Ὀφθήσεται
1039 1782 1071 1833 ό
1111 1779 1256 1845 Θεὸς
1298 1777 1418 1831 τῶν
1446 1774 1596 1832 θεῶν
1623 1776 1692 1830 ἐν
1719 1774 1905 1840 Σιὼν,
1938 1775 1967 1828 ὁ

398 1874 627 1936 Ἀκύλας
647 1873 831 1943 φησὶν,
880 1871 1229 1941 Ὀςρθήσεται
1262 1868 1509 1939 ἰσχυρὸς
1534 1867 1676 1932 Θεὸς
1696 1868 1765 1919 ἐν
1793 1864 1963 1920 Σιών.

386 1968 483 2032 Τίς
516 1969 561 2022 δ’
594 1968 660 2023 ἂν
697 1967 783 2037 εῐη
810 1958 963 2028 οὗτος
998 1965 1025 2016 6
1076 1960 1282 2033 μέλλων
1321 1959 1513 2032 ὁρατὸς
1548 1959 1641 2012 καὶ
1669 1956 1967 2035 ὀφθαλμοῖς
1998 1947 2041 2002 Β

388 2060 574 2125 θεατὸς
603 2060 819 2113 ἔσεσθαι
838 2098 852 2122 ,
876 2057 1115 2111 διδάσκει
1145 2052 1347 2125 προῖὼν
1372 2052 1467 2106 καὶ
1488 2052 1662 2121 λέγων
1682 2069 1694 2081 ·
1738 2050 1965 2104 Ἐνώτι-

386 2170 490 2208 σαι
511 2193 526 2217 ,
559 2155 591 2205 ὀ
626 2151 771 2217 Θεὸς
814 2147 1039 2204 Ἰακώϐ.
1078 2138 1248 2209 Οὗτος
1282 2144 1388 2215 γὰρ
1417 2140 1484 2215 ῆν
1511 2143 1673 2206 αὐτὸς
1707 2144 1913 2205 ἐκεῖνος
1939 2143 1967 2195 6

386 2242 481 2295 τοῦ
506 2242 640 2295 Θεοῦ
668 2242 861 2309 Λόγος,
889 2241 917 2292 6
948 2238 1113 2292 πάλαι
1136 2238 1230 2290 καὶ
1255 2234 1333 2305 τῷ
1374 2232 1568 2287 Ἰακὼῦ
1593 2235 1650 2287 ὲν
1676 2231 1965 2304 ἀνθρώπου

388 2334 626 2404 σχήματι
649 2331 853 2402 ὀφθεὶς,
878 2331 1053 2401 φήσας
1080 2346 1138 2381 τε
1169 2328 1305 2399 πρὸς
1330 2326 1491 2379 αὐτόν
1511 2342 1522 2353 ·
1560 2328 1681 2379 Οὐκ
1711 2328 1798 2379 ἑτι
1824 2328 1969 2392 κλη-

386 2424 632 2493 θήσεται
660 2422 727 2475 τὸ
750 2419 934 2491 ὄνομά
952 2436 1067 2472 σου
1106 2416 1328 2482 Ἰακὼϐ,
1355 2415 1492 2471 ἀλλ’
1528 2414 1773 2483 Ἰσραὴλ
1799 2413 1969 2469 ἔσται

386 2515 453 2579 τὸ
477 2513 661 2583 ὄνομά
684 2527 799 2567 σου
819 2528 831 2540 ·
857 2511 945 2564 ὅτι
968 2510 1305 2579 ἐνίσχυσας
1323 2508 1473 2578 μετὰ
1497 2506 1666 2570 Θεοῦ,
1696 2506 1793 2563 καὶ
1818 2505 1970 2574 μετὰ

386 2606 711 2675 ἀνθρώπων
729 2605 1008 2671 δυνατός.
1044 2604 1156 2673 Ἐφ’
1238 2603 1330 2655 καὶ
1349 2602 1376 2653 6
1399 2600 1668 2675 θεοφιλὴς,
1692 2598 1970 2653 συναισθός

393 2718 550 2772 μενος
574 2699 665 2753 τοῦ
689 2698 1119 2773 χρηματίζοντος
1162 2693 1326 2747 αὑτοῦ
1373 2691 1507 2759 Θεοῦ
1557 2708 1687 2762 φησι
1726 2709 1737 2719 ·
1791 2685 1972 2743 Εἶδον

391 2793 541 2849 Θεὸν
570 2793 893 2861 πρόσωπον
922 2789 1072 2858 πρὸς
1109 2789 1433 2856 πρόσωπον
1452 2825 1466 2850 ,
1496 2783 1590 2837 καὶ
1623 2782 1818 2849 ἐσώθη
1851 2799 1967 2851 μου

395 2884 429 2952 ἠ
454 2882 643 2953 ψυχή.
669 2883 839 2945 Λύτὸς
862 2876 954 2935 οὖν
975 2882 1180 2942 ἐκεῖνος
1199 2882 1227 2933 6
1253 2878 1383 2941 Θεὸς
1403 2879 1430 2929 ὁ
1456 2876 1537 2947 τῷ
1570 2875 1762 2929 Ἰακὼϐ
1785 2874 1970 2943 ὀφθεὶς

389 2974 547 3039 αὖθις
585 2976 901 3048 ὀφθήσεται,
929 2974 1113 3045 φησὶν,
1147 2975 1204 3025 ὲν
1237 2969 1397 3037 Σιὼν,
1425 2956 1721 3040 διαρρήδην
1751 2968 1847 3038 τῆς
1876 2965 1968 3018 τοῦ

392 3069 527 3124 Θεοῦ
553 3068 727 3138 Λόγου
760 3070 839 3131 είς
860 3064 1176 3138 ἀνθρώπους
1206 3061 1523 3132 ἐπιφανείας
1556 3058 1742 3113 τοῦτον
1773 3075 1973 3129 σημαι-

394 3161 625 3231 νομένης
650 3160 742 3215 τὸν
772 3159 990 3231 τρόπον.
1045 3157 1217 3211 Αὐτὸν
1251 3156 1314 3226 δὴ
1356 3150 1448 3208 οῦν
1494 3151 1679 3207 τοῦτον
1720 3152 1809 3205 τὸν
1840 3150 1970 3203 Θεὸν

405 3254 601 3309 Ἰακὼὸ
647 3250 1113 3322 ἐπικαλούμενος,
1158 3246 1488 3301 ἐπισπεῦσαι
1525 3245 1623 3317 τὴν
1671 3242 1972 3315 παρουσίαν

391 3346 556 3401 αὑτοῦ
592 3345 842 3400 ἱκετεύει.
890 3340 1341 3411 Ὑπερασπιστὰ
1372 3337 1565 3409 ἡμῶν,
1596 3336 1703 3401 ἰδὲ,
1738 3339 1769 3389 ό
1804 3336 1966 3402 Θεός.

392 3438 555 3503 Τίνας
593 3438 650 3491 δέ
697 3455 859 3508 φησιν
904 3436 1008 3500 ἰδὲ,
1043 3434 1157 3488 ἀλλ’
1195 3434 1229 3503 ἢ
1276 3434 1402 3496 τοὺς
1445 3433 1503 3484 ὲν
1545 3433 1610 3501 τῇ
1641 3428 1846 3483 κοιλάδι
1878 3426 1971 3480 τοῦ

391 3529 745 3600 κλαυθμῶνος
787 3528 1332 3598 καταπονουμένους;
1392 3523 1663 3590 Ἐπιλέγει
1708 3523 1765 3575 δὲ
1812 3522 1969 3592 ἐξῆς’

391 3622 500 3685 Καὶ
522 3622 852 3690 ἐπίϐλεψον
872 3620 970 3674 ἐπὶ
992 3619 1055 3672 τὸ
1081 3620 1405 3687 πρόσωπον
1425 3617 1532 3670 τοῦ
1553 3616 1809 3684 Χριστοῦ
1833 3631 1970 3678 σου,

392 3715 679 3785 εὐχόμενος
704 3714 1021 3784 ὲπιταχῆναι
1047 3712 1144 3782 τὴν
1168 3712 1260 3764 τοῦ
1280 3709 1413 3763 Θεοῦ
1437 3709 1611 3777 Λόγου
1638 3708 1718 3771 είς
1736 3706 1825 3759 τὸν
1846 3708 1975 3777 Χρι-

394 3804 517 3859 στὸν
543 3804 729 3869 αὑτοῦ,
755 3805 814 3857 ὃν
836 3805 900 3857 ὲκ
923 3803 1233 3876 σπέρματος
1257 3801 1420 3865 Δαυῖδ
1442 3800 1759 3865 ἐνεδύσατο,
1776 3816 1973 3872 παρου-

396 3896 535 3950 σίαν.
566 3897 656 3949 Διὸ
676 3897 813 3951 καὶὸ
846 3896 1075 3960 ’Λκύλας
1099 3897 1250 3967 φησι,
1271 3893 1457 3964 Θυρεὲ
1482 3893 1671 3963 ἡμῶν,
1703 3892 1813 3957 ἴδε,
1844 3893 1970 3955 Θεὲ,

393 3987 491 4039 καὶ
527 3988 895 4057 ἐπίστρεψον
922 3989 1246 4057 πρόσωπον
1276 3987 1640 4056 ὴλειμμένου
1668 4002 1784 4041 σου
1804 4003 1817 4015 °
1853 3989 1881 4039 6
1914 3987 1971 4040 δὲ

394 4078 705 4150 Σύμμαχος,
736 4080 1191 4150 ’Υπερασπιστὰ
1211 4079 1410 4150 ἡμῶν,
1443 4079 1531 4134 ἰδὲ
1553 4120 1568 4144 ,
1601 4082 1633 4133 ό
1662 4078 1805 4147 Θεὸς
1824 4120 1839 4144 ,
1870 4080 1969 4133 καὶ

393 4173 783 4241 πρόσϐλεψον
804 4174 871 4228 τὸ
901 4174 1225 4241 πρόσωπον
1245 4172 1351 4227 τοῦ
1377 4170 1634 4240 Χριστοῦ
1658 4187 1794 4226 σου.
1828 4169 1970 4223 Ταῦ-

392 4282 461 4318 τα
493 4264 549 4317 δὲ
591 4264 838 4336 εὔχονται
877 4268 925 4319 οί
953 4267 1044 4320 τὸν
1072 4266 1250 4319 πάντα
1277 4264 1490 4334 ψαλμὸν
1515 4263 1764 4330 λέγοντες
1784 4280 1797 4293 ο
1826 4254 1970 4315 οὗτοι

392 4357 449 4421 δὲ
485 4352 624 4427 ἦσαν
661 4360 713 4411 οί
752 4359 846 4412 τοῦ
876 4359 1012 4413 Θεοῦ
1052 4360 1361 4431 προφῆται,
1401 4358 1452 4410 οἱ
1482 4355 1835 4418 διασωθέντες
1860 4356 1971 4409 ὰπὸ

392 4447 499 4501 τῶν
528 4450 733 4519 νοητῶν
765 4450 1037 4521 πολεμίων
1059 4492 1074 4515 ,
1112 4451 1207 4509 καὶ
1249 4449 1638 4521 μεταϐαλόντες
1668 4448 1775 4501 ἀπὸ
1810 4449 1969 4501 πολέ-

395 4556 497 4609 μου
533 4542 611 4603 εἰς
649 4543 900 4613 εἰρήνην,
930 4542 1000 4595 τά
1026 4560 1084 4594 τε
1122 4540 1456 4613 σκηνώματα
1485 4541 1579 4595 τοῦ
1619 4540 1756 4596 Θεοῦ
1784 4542 1967 4593 λοιπὸν

2064 692 2123 738 ιιι
2153 684 2488 753 intelligatur
2521 682 2654 738 deos
2683 696 2828 746 esse,
2853 680 3043 736 beatos
3071 689 3124 732 et
3146 673 3432 745 religiosos
3459 672 3631 735 viros,
3733 717 3751 739 ,

2063 774 2131 829 ad
2162 790 2301 844 quos
2333 774 2535 829 factum
2564 782 2651 833 est
2682 772 2921 828 Verbum
2961 770 3053 825 Dei
3087 788 3100 823 :
3135 767 3336 839 quibus
3366 765 3527 821 etiam
3550 763 3636 816 di-

2063 875 2209 921 ctum
2233 876 2338 931 est,
2375 865 2485 936 Ego
2513 865 2649 929 dixi,
2682 865 2772 918 Dii
2800 865 2926 921 estis
2962 861 3043 927 ³³;
3097 867 3173 927 et,
3206 858 3348 912 Deus
3385 856 3530 910 stetit
3579 854 3637 907 in

2064 976 2335 1031 synagoga
2364 959 2581 1013 deorum
2614 958 2689 1023 ³⁸;
2713 968 2788 1021 ει,
2821 956 2959 1009 Deus
3012 952 3229 1013 deorum
3262 948 3519 1003 Dominus
3557 944 3637 998 ίο-

2064 1060 2215 1105 cutus
2245 1060 2344 1115 est,
2380 1060 2431 1105 et
2481 1050 2681 1104 vocavit
2715 1058 2912 1102 terram
2947 1044 3014 1100 ⁸⁸.
3040 1041 3100 1097 In
3148 1042 3234 1096 his
3262 1053 3497 1108 namque
3526 1050 3639 1090 non

2066 1144 2205 1199 alius
2228 1142 2372 1198 Deus
2410 1142 2635 1197 deorum
2666 1149 2893 1197 vocatus
2932 1144 3038 1203 est,
3068 1150 3232 1209 quam
3276 1133 3324 1189 is
3360 1132 3512 1187 solus
3542 1128 3640 1199 qui
3714 1130 3717 1131 ⁷

2068 1236 2123 1290 in
2158 1235 2428 1304 principio
2464 1231 2699 1288 Verbum
2724 1239 2842 1287 erat
2864 1229 3009 1300 apud
3043 1226 3213 1281 Deum
3244 1240 3259 1279 :
3311 1222 3405 1294 qui
3429 1220 3642 1277 scilicet

2067 1341 2293 1380 munere
2317 1340 2417 1380 suo
2454 1332 2509 1379 et
2527 1323 2775 1393 ejusdem
2808 1321 3048 1391 Spiritus
3071 1315 3488 1388 participatione
3508 1312 3641 1366 deos

2068 1418 2195 1473 illos
2248 1416 2448 1473 eﬂhcit.
2472 1416 2614 1471 Deos
2644 1428 2883 1484 namque
2907 1412 3033 1467 illos
3066 1424 3189 1467 esse
3215 1406 3371 1470 dicit,
3400 1404 3471 1459 ad
3500 1417 3642 1473 quos

2068 1525 2253 1567 sermo
2274 1509 2373 1566 Dei
2404 1508 2584 1565 factus
2612 1517 2721 1565 est.
2760 1506 2968 1561 Deinde
2997 1518 3126 1565 vero
3150 1499 3430 1554 Christum
3462 1494 3644 1550 nomi-

2067 1603 2241 1657 natim
2294 1609 2563 1657 memorat
2589 1601 2646 1655 in
2676 1599 2927 1655 oratione
2974 1596 3188 1657 dicens,
3232 1590 3300 1645 Et
3336 1589 3533 1659 respice
3586 1587 3643 1638 in

2069 1696 2262 1766 faciem
2291 1695 2494 1753 Christi
2523 1696 2620 1750 tui.
2661 1692 2768 1748 Pro
2798 1692 2891 1747 illo
2919 1699 3125 1753 autem,
3177 1684 3449 1741 Videbitur
3499 1680 3642 1735 Deus

2069 1790 2289 1845 deorum
2333 1789 2388 1841 in
2415 1786 2566 1850 Sion,
2599 1785 2795 1854 Aquila
2826 1784 2908 1840 sic
2945 1782 3132 1843 habet,
3174 1776 3449 1832 Videbitur
3486 1774 3644 1844 fortis

2070 1883 2213 1937 Deus
2242 1882 2297 1934 in
2328 1880 2479 1934 Sion.
2532 1877 2798 1944 Quisnam
2829 1889 2959 1930 vero
3018 1874 3090 1928 sit
3124 1872 3237 1935 ille,
3271 1870 3367 1940 qui
3406 1866 3645 1923 visibilis

2068 1971 2354 2039 oculisque
2407 1967 2727 2038 spectabilis
2759 1964 2978 2019 futurus
3013 1972 3118 2028 est,
3152 1960 3350 2015 deinde
3401 1958 3647 2013 declarat

2068 2063 2173 2129 hoc
2216 2062 2378 2116 modo
2409 2077 2422 2111 :
2454 2059 2685 2113 Auribus
2724 2059 2951 2127 percipe,
2990 2057 3132 2110 Deus
3162 2052 3350 2110 Jacob.
3383 2050 3521 2105 Nam
3556 2049 3647 2103 hic

2068 2156 2187 2225 ipse
2217 2162 2337 2210 erat
2360 2152 2457 2207 Dei
2477 2152 2739 2217 Verbum,
2764 2150 2857 2220 qui
2879 2150 3009 2204 olim
3035 2146 3240 2202 Jacobo
3256 2142 3495 2199 hominis
3520 2157 3645 2211 spc-

2069 2247 2153 2302 oie
2182 2245 2356 2312 visus,
2389 2245 2470 2301 sic
2515 2260 2640 2299 eum
2670 2242 2876 2316 aﬂ‘atus,
2895 2250 2983 2299 est
3010 2261 3023 2296 :
3052 2240 3177 2295 Non
3200 2239 3345 2298 ultra
3374 2235 3645 2291 vocabitur

2070 2354 2256 2392 nomen
2288 2347 2435 2393 tuum
2483 2334 2693 2401 Iacob;
2740 2336 2830 2390 sed
2864 2333 3038 2395 Israel
3058 2334 3158 2388 erit
3215 2347 3401 2385 nomen
3452 2338 3643 2383 tuum:

2069 2434 2195 2506 quia
2225 2432 2381 2502 fortis
2405 2431 2557 2501 fuisti
2588 2446 2707 2493 cum
2729 2429 2863 2494 Deo,
2903 2436 2955 2483 et
2993 2443 3112 2482 cum
3142 2423 3441 2485 hominibus
3464 2433 3645 2491 potens

2070 2528 2173 2581 eris
2208 2526 2273 2580 ³³.
2304 2524 2485 2591 Quare
2514 2522 2598 2578 vir
2634 2524 2725 2578 ille
2770 2520 3085 2593 religiosus,
3115 2532 3242 2573 cum
3277 2514 3647 2587 persentisce-

2073 2628 2157 2673 ret
2179 2634 2305 2673 eum
2337 2618 2430 2687 qui
2463 2616 2638 2687 ipsius
2672 2614 2816 2670 Deus
2854 2623 3102 2676 vocatur,
3160 2610 3237 2664 ait
3270 2625 3282 2660 :
3322 2607 3441 2660 Vidi
3478 2606 3648 2660 Deum

2073 2713 2209 2782 facie
2231 2710 2301 2764 ad
2322 2710 2536 2779 faciem,
2561 2719 2610 2763 et
2644 2706 2794 2762 salva
2822 2706 2970 2775 facta
3002 2712 3079 2758 est
3121 2702 3303 2759 anima
3333 2716 3449 2765 mea
3494 2698 3560 2751 ³⁷.
3595 2695 3649 2752 Is

2072 2806 2191 2874 ipse
2218 2803 2383 2866 Deus,
2416 2800 2618 2871 inquit,
2654 2796 2983 2871 qui_Jacobo
3018 2795 3171 2850 visus
3196 2801 3300 2858 est,
3335 2806 3532 2855 rursus
3560 2789 3647 2843 vi—

2072 2895 2290 2951 debitur
2317 2895 2374 2949 in
2417 2892 2573 2956 Sion,
2604 2891 2701 2947 Dei
2727 2890 2891 2945 Verhi
2937 2888 3230 2943 adventum
3285 2885 3342 2939 in
3393 2882 3649 2939 homines

2073 2985 2227 3040 hisce
2255 2983 2543 3038 manifeste
2563 2981 2873 3037 declarans.
2903 2977 3062 3032 llunc
3087 2976 3257 3032 Deum
3288 2972 3461 3028 Jacob
3493 2973 3651 3027 invo-

2073 3093 2227 3141 cans,
2260 3075 2556 3131 adventum
2580 3082 2857 3129 maturare
2881 3087 3041 3127 suum
3066 3077 3243 3140 rogat.
3274 3065 3528 3132 -Ve_ns.
3555 3065 3645 3121 10.

2071 3166 2565 3233 Protectornoster,
2611 3166 2809 3235 aspice,
2841 3162 3006 3217 Deus.
3063 3161 3343 3227 Quosnam
3401 3157 3650 3227 aspicere

2000 3280 2043 3337 α
2076 3267 2252 3329 rogat,
2282 3258 2389 3314 nisi
2414 3274 2509 3314 eos
2537 3257 2633 3327 qui
2664 3257 2722 3311 in
2770 3256 2910 3310 valle
2941 3255 3307 3323 lacrymarum
3354 3249 3651 3323 aﬂlictione

2074 3350 2437 3419 premuntur?
2476 3347 2684 3403 Deinde
2710 3361 2843 3401 vero
2895 3345 3210 3414 subjungit,
3242 3352 3292 3399 et
3346 3342 3542 3411 respice
3594 3340 3651 3392 in

2074 3440 2265 3511 facient
2295 3438 2498 3494 Christi
2532 3439 2630 3501 tui,
2657 3451 2861 3507 rogans
2890 3435 2985 3490 Dei
3022 3433 3180 3490 Verbi
3233 3433 3526 3487 adventum
3581 3432 3650 3485 ad

2074 3532 2353 3588 Christum
2379 3546 2564 3594 suum,
2593 3544 2755 3598 quem
2789 3542 2856 3581 ex
2891 3525 3101 3581 semine
3130 3524 3302 3578 David
3330 3523 3526 3588 induit,
3559 3537 3652 3576 ac-

2073 3622 2322 3677 celerari.
2347 3619 2711 3686 Quamobrem
2734 3617 2927 3687 Aquila
2948 3617 3029 3672 sic
3050 3615 3428 3685 habet,Clypee
3451 3623 3649 3679 noster,

2074 3710 2208 3775 vide,
2242 3711 2405 3777 Deus,
2434 3720 2480 3764 et
2532 3722 2769 3764 converte
2801 3709 3001 3773 uultum
3046 3708 3192 3767 uncti
3240 3706 3338 3760 tui.
3396 3704 3649 3776 Symma-

2073 3806 2210 3861 chus
2242 3821 2390 3869 vero,
2423 3804 2702 3858 Protector
2742 3813 2922 3857 noster
2962 3801 3097 3866 vide,
3149 3800 3338 3871 Deus,
3374 3810 3423 3857 et
3478 3799 3653 3867 aspice

2072 3898 2276 3952 vultum
2305 3896 2505 3952 Christi
2533 3898 2629 3950 tui.
2658 3896 2785 3950 Haec
2810 3910 2975 3965 porro
3006 3900 3299 3965 precantur
3346 3892 3407 3955 ii,
3438 3890 3532 3961 qui
3567 3898 3654 3944 to-

2072 3998 2186 4043 tum
2235 3990 2504 4058 psalmum
2556 3988 2916 4059 pronuntiant
2969 3986 3069 4040 :hi
3117 3990 3299 4049 autem
3341 3989 3500 4039 erant
3555 3980 3655 4036 Dei

2072 4082 2369 4151 prophetze,
2404 4081 2553 4150 quia
2587 4080 2972 4151 spiritualibus
3007 4078 3249 4133 inimicis
3299 4076 3503 4132 servati
3534 4073 3655 4130 fue-

2072 4180 2217 4237 rant,
2252 4179 2306 4226 et
2335 4188 2366 4225 a
2395 4171 2538 4228 bello
2560 4172 2627 4225 ad
2657 4187 2848 4241 pacem
2890 4171 3163 4243 translati,
3194 4169 3385 4225 divino
3436 4166 3656 4222 aﬂlante

2072 4264 2269 4333 spiritu
2296 4262 2650 4321 tabernacula
2672 4262 2767 4318 Dei
2820 4264 3243 4334 prospiciebant,
3292 4260 3558 4316 atriorum
3598 4265 3655 4315 et

2073 4355 2325 4409 altarium
2351 4355 2471 4425 ejus
2505 4354 2813 4425 percupidi.
2868 4356 2971 4421 Qui
3028 4357 3196 4419 etiam
3249 4355 3346 4410 Dei
3387 4353 3652 4419 Verbum,

2073 4464 2231 4501 suum
2256 4447 2311 4504 in
2336 4456 2584 4517 tempore
2606 4447 2733 4503 belli
2785 4454 3151 4516 protectorem
3207 4445 3440 4511 factum,
3493 4427 3681 4502 obse-'

2073 4549 2234 4596 crant
2262 4550 2322 4596 ut
2353 4542 2422 4596 ad
2445 4540 2640 4603 faciem
2667 4539 2871 4595 Christi
2936 4540 3023 4596 sui
3082 4539 3365 4609 respiciat,
3424 4547 3482 4593 ut
3534 4540 3656 4609 ipso

392 4632 471 4702 τῷ
499 4633 628 4703 θείῳ
652 4634 930 4705 Πνεύματι
960 4634 1319 4706 προορῶντες,
1355 4634 1451 4695 καὶ
1484 4634 1580 4696 τὰς
1606 4632 1773 4698 αὐλὰς
1804 4634 1968 4695 αὑτοῦ

2076 4644 2371 4706 apparente
2416 4648 2480 4689 ac
2503 4632 2807 4697 Christum,
2833 4631 3131 4697 essemine
3155 4630 3327 4684 David
3351 4629 3654 4685 secundum

394 4725 576 4779 καὶτὰ
611 4726 966 4798 θυσιαστήρια
998 4725 1309 4788 ποθοῦντες.
1372 4725 1435 4780 Οἳ
1472 4725 1563 4778 καὶ
1593 4724 1970 4793 παρακαλοῦσι

393 4817 482 4870 τὸν
528 4819 620 4873 τοῦ
649 4820 784 4873 Θεοῦ
806 4820 975 4889 Λόγον
996 4859 1009 4883 ,
1046 4820 1135 4873 τὸν
1179 4820 1237 4871 ὲν
1260 4818 1338 4888 τῷ
1374 4817 1547 4888 καιρῷ
1578 4816 1684 4868 τῶν
1718 4817 1972 4887 πολέμων

395 4908 807 4981 ὐπερασπιστὴν
847 4911 1025 4965 αὐτῶν
1066 4912 1388 4981 γενόμενον,
1449 4908 1735 4978 ἐπιϐλέψαι
1768 4910 1858 4967 ἐπὶ
1902 4910 1964 4962 τὸ

2076 4741 2299 4780 carnem
2346 4732 2527 4779 ortum
2569 4733 2907 4787 assumente,
2963 4721 3123 4775 malis
3155 4719 3406 4807 pristinis
3462 4734 3669 4774 omnes.

2078 4820 2409 4883 eximantur,
2443 4798 3345 4889 hominumquedgcnusbona’per
3371 4812 3665 4879 Christum

2077 4912 2452 4965 nanciscatur.
2616 4938 2721 4983 ,ιτ
2760 4946 2771 4961 ν
2868 4946 2880 4955 ο

391 5001 682 5070 πρόσωπον
708 5001 803 5056 τοῦ
829 5002 1063 5074 Χριστοῦ
1085 5002 1269 5062 αὐτοῦ.
1307 5002 1394 5067 ἵν’,
1422 5002 1775 5070 ἐπιφανέντος
1802 5001 1967 5054 αὐτοῦ
2007 5003 2100 5055 καὶ
2122 5002 2211 5055 τὸν
2244 5005 2308 5056 ἐκ
2331 5003 2826 5075 σπέρματοςΔαυῒδ
2844 5002 2982 5055 κατὰ
3042 5003 3219 5071 σάρκα
3241 5000 3473 5072 Χριστὸν
3528 4998 3655 5051 ἅνα-

392 5090 677 5160 λαϐόντος,
720 5095 872 5160 λύσις
917 5097 1015 5168 μὲν
1050 5097 1274 5168 γένηται
1350 5096 1630 5169 προτέρων
1695 5096 2035 5162 κακῶν¹τοῖς
2072 5100 2266 5166 πᾶσιν,
2300 5100 2480 5168 ἀγαθά
2507 5100 2563 5153 δὲ
2596 5100 2683 5159 διά
2715 5099 2809 5153 τοῦ
2840 5099 3076 5169 Χριστοῦ
3111 5098 3172 5151 τὸ
3212 5098 3319 5151 τῶν
3350 5094 3665 5167 ἀνθρώπων.

391 5187 697 5258 διαδέξηται
729 5188 904 5257 γένος.

448 5304 575 5356 Ὅτι
592 5304 892 5371 κρείσσων
905 5304 1097 5373 ἡμέρα
1105 5304 1213 5373 μία
1226 5305 1296 5358 ὲν
1308 5304 1437 5371 ταῖς
1457 5304 1672 5371 αὐλαῖς
1683 5319 1799 5359 σου
1815 5305 1966 5374 ὑπὲρ

392 5393 686 5462 χιλιάδας.
718 5396 830 5466 Τῆς
857 5396 951 5449 τοῦ
979 5396 1113 5449 Θεοῦ
1144 5396 1447 5469 παρουσίας
1471 5398 1570 5468 τὴν
1597 5398 1744 5468 μίαν,
1774 5398 1875 5467 τῆς
1900 5401 1964 5452 ὲκ

392 5486 599 5557 νεκρῶν
630 5488 979 5554 ἀναστάσεως
1010 5490 1244 5561 ἡμέραν,
1283 5490 1416 5544 πολὺ
1451 5492 1685 5559 κρείττω
1712 5492 1966 5562 χιλιάδων

390 5580 485 5637 καὶ
515 5582 914 5655 προτιμοτέραν
937 5586 966 5637 6
996 5584 1087 5637 τὸν
1116 5584 1363 5655 παρόντα
1386 5583 1600 5654 ψαλμὸν
1623 5584 1795 5653 λέγων
1819 5586 1967 5655 ἡγεῖ-

388 5688 496 5725 ται.
524 5674 859 5728 Αἰνίττεσθαι
880 5676 937 5729 δὲ
960 5676 1095 5747 ἡγοῦ
1103 5694 1199 5748 μαι
1221 5677 1307 5730 διὰ
1326 5677 1433 5731 τῶν
1454 5676 1705 5747 χιλιάδων
1725 5677 1815 5730 τὸν
1839 5678 1965 5750 χρό-

389 5781 479 5827 νον
506 5766 603 5835 τῆς
636 5769 942 5834 συστάσεως
969 5771 1067 5841 τῆς
1106 5770 1477 5842 Ἰερουσαλήμ.
1552 5772 1638 5824 Ἐν
1680 5771 1821 5833 ὅλοις
1854 5771 1963 5841 γὰρ

2145 5305 2311 5361 Vens.
2328 5306 2415 5359 11.
2437 5306 2577 5371 Quia
2604 5304 2788 5357 melior
2812 5315 2887 5356 est
2915 5305 3026 5357 dies
3050 5320 3155 5356 una
3170 5305 3223 5356 in
3252 5303 3406 5356 atriis
3427 5303 3532 5356 tuis
3561 5319 3663 5357 σιμ.

2069 5416 2162 5469 per
2183 5399 2376 5453 millia.
2422 5397 2595 5452 Unam
2628 5396 2724 5451 Dei
2754 5397 3057 5467 praesentiae
3077 5436 3092 5459 ,
3147 5395 3200 5450 id
3232 5406 3352 5462 est,
3401 5410 3654 5451 resurre-

2072 5491 2271 5545 ctionis
2300 5505 2369 5544 ex
2396 5488 2627 5543 mortuis
2657 5487 2800 5542 diem
2823 5526 2838 5551 ,
2864 5488 2947 5541 vel
2981 5488 3221 5542 millibus
3255 5488 3449 5542 diebus
3477 5487 3649 5542 multo

2072 5586 2350 5640 meliorem
2384 5592 2439 5639 et
2469 5582 2918 5654 prarstabiliorem
2958 5597 3081 5637 esse
3122 5582 3421 5636 arbitratur
3478 5582 3526 5636 is
3555 5582 3656 5650 qui

2071 5678 2340 5747 psalmum
2374 5677 2520 5731 hunc
2548 5675 2776 5745 profert.
2815 5675 2913 5728 Illo
2960 5683 3142 5729 autem
3174 5674 3478 5730 millenario
3513 5683 3659 5743 puto

2071 5770 2409 5827 subindicari
2432 5778 2668 5841 tempus,
2695 5782 2806 5839 quo
2846 5765 3185 5838 Jerosolyma
3216 5768 3494 5825 substitit:
3520 5779 3659 5833 nam

462 5920 505 5957 ³⁸
544 5920 686 5980 Psal.
727 5940 921 5994 tam,
956 5928 1003 5985 6,
1087 5928 1131 5962 ³³
1171 5928 1341 5995 ibid.,
1382 5929 1431 5984 1.
1512 5931 1555 5964 ³³
1589 5926 1734 5986 Psal.
1774 5943 1935 5998 χιι»,

2104 5929 2145 5961 ³⁵
2181 5926 2317 5985 Gen.
2353 5928 2536 5997 xxxn',
2570 5925 2661 5984 28.
2741 5926 2787 5960 ³⁷
2827 5924 2959 5984 ibid.
2999 5926 3086 5981 50.
